<mjloggm ver="2.3"><GO type="225" lobby="0"/><UN n0="%6E%61%6F%6B%69%33%39" n1="%E7%B6%BE%E9%87%8E%E7%8F%AA%E5%AD%90" n2="%59%4F%55%E5%BE%80%4D%59%E9%80%B2%21" n3="%E5%8F%AF%E5%85%90%E9%82%A3%E7%94%B1%E5%A4%9A" dan="17,16,16,17" rate="2174.03,2189.65,2113.08,2209.11" sx="M,F,M,F"/><TAIKYOKU oya="0"/><INIT seed="0,0,0,5,4,29" ten="250,250,250,250" oya="0" hai0="20,111,129,54,37,18,16,81,63,44,119,1,96" hai1="85,46,89,114,128,100,102,53,115,77,0,103,61" hai2="14,43,130,19,134,70,5,72,116,82,79,52,8" hai3="4,33,41,80,75,27,73,62,58,71,50,104,42"/><T3/><D119/><U60/><E0/><V108/><F116/><W83/><G104/><T35/><D35/><U59/><E128/><V125/><F130/><W39/><G39/><T76/><D129/><U15/><E77/><V2/><F70/><W26/><G4/><T109/><D96/><U113/><E15/><V22/><F108/><N who="0" m="41546" /><D63/><N who="1" m="36335" /><E46/><V24/><F125/><W66/><G33/><T127/><D127/><U105/><E105/><V69/><F69/><W25/><G75/><N who="0" m="43167" /><D18/><U107/><E107/><V120/><F120/><W106/><G106/><T126/><D126/><U30/><E30/><V9/><F134/><W124/><G124/><T78/><D78/><U86/><E86/><V40/><REACH who="2" step="1"/><F52/><REACH who="2" ten="250,250,240,250" step="2"/><W23/><G71/><T38/><D54/><U92/><AGARI ba="0,1" hai="60,61,85,89,92,100,102,103,113,114,115" m="36335" machi="92" ten="40,1500,0" yaku="11,1" doraHai="29" who="1" fromWho="1" sc="250,-7,250,25,240,-4,250,-4" /><INIT seed="1,0,0,0,4,82" ten="243,275,236,246" oya="1" hai0="51,6,69,101,43,123,24,115,65,90,2,13,77" hai1="7,4,26,20,15,74,11,27,62,120,25,41,64" hai2="104,91,114,85,108,48,9,53,68,32,30,17,80" hai3="86,3,113,28,49,129,109,93,16,99,19,36,102"/><U127/><E120/><V105/><F68/><W37/><G3/><T119/><D119/><U46/><E74/><V79/><F108/><W103/><G113/><T67/><D115/><U14/><E127/><V117/><F117/><W57/><G109/><T23/><D2/><U34/><E34/><V122/><F122/><W134/><G103/><T88/><D101/><U125/><E125/><V18/><F114/><W96/><G96/><T81/><D123/><U73/><E73/><V12/><F18/><W5/><G5/><T124/><D124/><U133/><E133/><V94/><F30/><W97/><G97/><T70/><D70/><U112/><E112/><V87/><REACH who="2" step="1"/><F32/><REACH who="2" ten="243,275,226,246" step="2"/><W44/><G28/><T59/><D69/><U131/><E131/><V40/><F40/><W75/><G19/><T21/><D43/><U111/><E111/><V89/><F89/><W38/><G16/><N who="0" m="10383" /><D6/><U92/><E7/><V63/><F63/><W107/><G129/><T60/><D90/><U0/><E20/><V8/><F8/><W72/><G134/><T106/><D88/><U95/><E0/><V33/><F33/><W84/><G102/><T29/><D23/><U39/><REACH who="1" step="1"/><E15/><REACH who="1" ten="243,265,226,246" step="2"/><V42/><F42/><W132/><G132/><T1/><D1/><U126/><E126/><V135/><F135/><W110/><G110/><T31/><D24/><U56/><AGARI ba="0,2" hai="4,11,14,25,26,27,39,41,46,56,62,64,92,95" machi="56" ten="30,3000,0" yaku="1,1,0,1,53,0" doraHai="82" doraHaiUra="116" who="1" fromWho="1" sc="243,-10,265,50,226,-10,246,-10" /><INIT seed="1,1,0,2,3,17" ten="233,315,216,236" oya="1" hai0="67,42,131,112,14,29,97,110,103,70,28,80,76" hai1="127,43,94,45,118,49,102,79,55,75,57,34,59" hai2="51,65,35,52,109,120,53,81,8,89,133,6,20" hai3="91,126,5,47,38,115,90,30,31,125,61,27,48"/><U60/><E118/><V1/><F120/><W4/><G38/><T22/><D112/><U62/><E34/><V56/><F35/><W36/><G36/><T18/><D42/><U73/><E127/><N who="3" m="48650" /><G61/><T111/><D131/><U23/><E79/><V114/><F114/><W92/><G115/><T9/><D67/><U71/><E71/><V130/><F130/><W54/><G31/><T113/><D70/><U69/><E69/><V95/><F109/><N who="0" m="41482" /><D9/><U93/><E102/><V2/><F2/><W77/><G77/><T37/><D37/><U132/><E132/><V15/><F133/><W13/><G13/><T87/><D113/><U63/><E23/><V100/><F65/><W121/><G121/><T25/><D14/><U33/><E33/><V96/><F53/><W16/><G91/><T85/><D85/><U3/><E3/><V124/><F124/><W50/><G50/><T46/><D46/><U101/><E62/><V129/><F129/><W19/><G4/><T104/><AGARI ba="1,0" hai="18,22,25,28,29,76,80,87,97,103,104" m="41482" machi="104" ten="30,2000,0" yaku="14,1,52,1" doraHai="17" who="0" fromWho="0" sc="233,23,315,-11,216,-6,236,-6" /><INIT seed="2,0,0,3,4,98" ten="256,304,210,230" oya="2" hai0="100,67,31,99,83,91,123,129,96,106,101,54,53" hai1="69,113,115,95,16,47,6,103,22,42,125,126,132" hai2="52,102,24,35,41,5,127,61,86,79,134,121,7" hai3="72,57,13,74,18,117,39,63,30,76,34,38,1"/><V82/><F121/><W88/><G1/><T58/><D123/><U135/><E69/><V19/><F134/><N who="1" m="51241" /><E6/><V90/><F127/><N who="1" m="48649" /><E95/><V78/><F41/><W46/><G117/><T59/><D31/><U4/><E4/><N who="2" m="1611" /><F35/><W12/><G34/><T131/><D67/><U50/><E103/><V3/><F3/><W8/><G30/><T21/><D21/><U109/><E109/><V26/><F102/><W114/><G114/><T9/><D9/><U15/><AGARI ba="0,0" hai="15,16,22,42,47,50,113,115" m="48649,51241" machi="15" ten="30,4000,0" yaku="20,1,18,1,54,1" doraHai="98" who="1" fromWho="1" sc="256,-10,304,40,210,-20,230,-10" /><INIT seed="3,0,0,1,3,11" ten="246,344,190,220" oya="3" hai0="28,9,122,62,54,43,117,56,101,112,121,61,8" hai1="30,104,25,48,110,63,103,86,133,129,92,2,99" hai2="115,45,69,52,49,36,96,97,29,20,126,32,3" hai3="71,81,125,82,14,89,60,113,5,17,13,37,59"/><W105/><G113/><T55/><D117/><U94/><E2/><V135/><F115/><W35/><G35/><T102/><D112/><U114/><E114/><V116/><F116/><W16/><G105/><T6/><D43/><U34/><E133/><V42/><F69/><W58/><G37/><T66/><D28/><U21/><E110/><V93/><F3/><W12/><G125/><T44/><D44/><U53/><E129/><V87/><F135/><W107/><G107/><T40/><D40/><U95/><E63/><V83/><F32/><W23/><G71/><T100/><D8/><U85/><E34/><V119/><F119/><W65/><G5/><T124/><D124/><U74/><E74/><V120/><F120/><W10/><G13/><T7/><D7/><U98/><E98/><V132/><F132/><W77/><G77/><T38/><D38/><U91/><E86/><V19/><F29/><W118/><G118/><T130/><D130/><U64/><E64/><V73/><F73/><W84/><G59/><AGARI ba="0,0" hai="21,25,30,48,53,59,85,91,92,94,95,99,103,104" machi="59" ten="30,1000,0" yaku="7,1" doraHai="11" who="1" fromWho="3" sc="246,0,344,10,190,0,220,-10" owari="246,5.0,354,45.0,190,-31.0,210,-19.0" /></mjloggm>