<mjloggm ver="2.3"><GO type="169" lobby="0"/><UN n0="%E3%81%8B%E3%81%B6%E8%8C%B6" n1="%E3%81%8B%E3%81%A5%E3%81%8D%EF%BC%B8%EF%BC%A9" n2="%E3%81%9F%E3%81%91%E3%81%AB%E3%81%8D" n3="%E3%82%8F%E3%81%A3%E3%81%97%E3%82%87%E3%81%84%E5%90%9B%32%E5%8F%B7" dan="16,17,17,16" rate="2124.00,2118.49,2164.04,2141.42" sx="M,M,F,M"/><TAIKYOKU oya="0"/><INIT seed="0,0,0,1,0,37" ten="250,250,250,250" oya="0" hai0="53,85,98,22,33,79,87,39,125,51,19,58,113" hai1="36,80,122,1,44,49,27,9,61,16,78,52,130" hai2="96,94,66,4,70,43,82,128,97,117,57,31,86" hai3="10,120,121,38,105,8,90,68,108,30,40,56,99"/><T29/><D113/><U102/><E122/><N who="3" m="47210" /><G68/><T63/><D125/><U100/><E130/><V24/><F70/><W42/><G38/><T115/><D39/><U6/><E61/><V88/><F128/><W62/><G108/><T127/><D127/><U59/><E59/><V76/><F117/><W126/><G126/><T2/><D2/><U71/><E71/><V95/><F4/><W15/><G30/><T81/><D33/><U47/><E47/><V118/><F118/><W14/><G14/><T135/><D29/><U60/><E60/><V65/><F57/><W107/><G90/><T89/><D135/><U83/><E36/><V25/><F43/><N who="3" m="16427" /><G99/><T21/><D115/><U103/><REACH who="1" step="1"/><E78/><REACH who="1" ten="250,240,250,250" step="2"/><V114/><F114/><W17/><G8/><T64/><D58/><U129/><E129/><V124/><F124/><W0/><G0/><T77/><D77/><U75/><E75/><V41/><F41/><W45/><G45/><T133/><D79/><U104/><E104/><V11/><F76/><W28/><G28/><T134/><D134/><U123/><E123/><V35/><F31/><W32/><G32/><T46/><D133/><U55/><E55/><AGARI ba="0,1" hai="10,15,17,55,56,62,105,107" m="16427,47210" machi="55" ten="30,7700,0" yaku="13,1,52,3" doraHai="37" who="3" fromWho="1" sc="250,0,240,-77,250,0,250,87" /><INIT seed="1,0,0,4,5,33" ten="250,163,250,337" oya="1" hai0="73,17,23,50,104,53,125,49,122,22,99,114,82" hai1="105,134,2,65,62,29,91,87,39,46,75,112,1" hai2="98,13,44,48,107,41,16,36,40,97,78,81,14" hai3="90,28,67,132,131,27,124,110,109,100,9,55,10"/><U77/><E105/><V35/><F35/><W123/><G100/><T12/><D114/><U66/><E112/><V103/><F98/><W68/><G67/><T8/><D125/><U15/><E29/><V64/><F64/><W18/><G68/><T52/><D122/><U111/><E75/><V42/><F36/><W26/><G90/><T30/><D73/><U101/><E77/><V31/><F31/><W130/><G55/><T93/><D82/><U80/><E101/><V96/><F96/><W106/><G106/><T6/><D30/><U43/><E134/><V54/><REACH who="2" step="1"/><F16/><REACH who="2" ten="250,163,240,337" step="2"/><W20/><G123/><T84/><D104/><U135/><E66/><V11/><F11/><N who="3" m="4107" /><G124/><T118/><D17/><U129/><E135/><V113/><F113/><W60/><G132/><T88/><D99/><U74/><E129/><V32/><F32/><W95/><G131/><T92/><D118/><U94/><E111/><V21/><F21/><W120/><G130/><T3/><D23/><U45/><E15/><V57/><F57/><W72/><G120/><T133/><D22/><U79/><E45/><V0/><F0/><W4/><G28/><T117/><D117/><U58/><AGARI ba="0,1" hai="1,2,39,43,46,58,62,65,74,79,80,87,91,94" machi="58" ten="20,7800,0" yaku="0,1,7,1,52,2" doraHai="33" who="1" fromWho="1" sc="250,-26,163,88,240,-26,337,-26" /><INIT seed="1,1,0,2,3,123" ten="224,251,214,311" oya="1" hai0="10,106,124,107,73,104,82,120,85,88,3,37,127" hai1="30,60,68,125,36,119,11,131,47,81,114,105,12" hai2="46,54,92,38,103,90,91,62,35,45,53,101,55" hai3="111,94,74,110,130,49,109,134,50,61,17,118,21"/><U8/><E105/><V71/><F35/><W115/><G115/><T86/><D3/><U112/><E119/><V56/><F71/><W77/><G118/><T116/><D116/><U39/><E125/><N who="0" m="48201" /><D37/><U41/><E131/><V48/><F38/><W102/><G130/><T87/><D10/><U44/><E30/><V129/><F129/><W113/><G113/><T25/><D25/><U13/><E81/><V42/><F46/><W34/><G34/><T18/><D18/><U23/><E60/><V65/><REACH who="2" step="1"/><F91/><REACH who="2" ten="224,251,204,311" step="2"/><W59/><G134/><T78/><D120/><U7/><E68/><V95/><F95/><AGARI ba="1,1" hai="73,78,82,85,86,87,88,95,104,106,107" m="48201" machi="95" ten="40,8000,1" yaku="18,1,34,2,54,1" doraHai="123" who="0" fromWho="2" sc="224,93,251,0,204,-83,311,0" /><INIT seed="2,0,0,5,5,81" ten="317,251,121,311" oya="2" hai0="118,36,18,102,75,79,29,95,37,47,32,66,112" hai1="96,89,129,91,78,5,116,59,30,56,98,26,61" hai2="13,67,50,3,115,114,21,103,28,69,97,104,16" hai3="128,35,46,111,51,107,27,80,133,109,72,125,44"/><V82/><F3/><W126/><G107/><T25/><D112/><U101/><E5/><V70/><F28/><N who="3" m="19871" /><G133/><T124/><D124/><N who="3" m="47721" /><G128/><T88/><D102/><U52/><E116/><V7/><F7/><W63/><G63/><T4/><D118/><U84/><E129/><V77/><F50/><W99/><G99/><T117/><D117/><U106/><E98/><V34/><F34/><W31/><G31/><T49/><D79/><U54/><E78/><V22/><F22/><W130/><G130/><T11/><D75/><U41/><E41/><V83/><F83/><W64/><G64/><T38/><D18/><U71/><E71/><V23/><F23/><W122/><G122/><T90/><D66/><U45/><E45/><V48/><F69/><W1/><G1/><T39/><N who="0" m="9216" /><DORA hai="55" /><T127/><D127/><U100/><E100/><V9/><F21/><W113/><G113/><T93/><D93/><U120/><E120/><V131/><F131/><W110/><G51/><T10/><D10/><U14/><E30/><V62/><REACH who="2" step="1"/><F48/><REACH who="2" ten="317,251,111,311" step="2"/><W121/><G121/><T86/><D49/><U19/><E61/><V58/><F58/><W0/><G0/><T24/><D24/><U135/><E56/><V20/><F20/><W57/><G57/><T74/><D32/><U8/><E59/><V132/><F132/><W94/><G44/><T73/><D47/><U134/><E26/><V119/><F119/><W65/><G46/><T15/><D25/><U2/><E135/><V85/><AGARI ba="0,1" hai="9,13,16,62,67,70,77,82,85,97,103,104,114,115" machi="85" ten="20,24000,3" yaku="1,1,0,1,7,1,52,1,54,1,53,3" doraHai="81,55" doraHaiUra="108,92" who="2" fromWho="2" sc="317,-80,251,-80,111,250,311,-80" /><INIT seed="2,1,0,2,1,30" ten="237,171,361,231" oya="2" hai0="15,96,90,116,112,104,86,53,71,132,75,34,9" hai1="115,39,43,97,10,113,100,6,3,133,46,5,33" hai2="49,37,76,92,36,64,54,18,129,88,102,107,108" hai3="114,13,50,56,122,25,68,21,1,31,125,11,82"/><V117/><F117/><W134/><G122/><T57/><D112/><U55/><E6/><V84/><F129/><W69/><G114/><T67/><D75/><U12/><E12/><V60/><F108/><W17/><G125/><T123/><D123/><U23/><E23/><V20/><F76/><W85/><G134/><T65/><D132/><U73/><E55/><V94/><F107/><W26/><G1/><T81/><D71/><U103/><E103/><V77/><F77/><W61/><G50/><T2/><D34/><U126/><E126/><V24/><F94/><W128/><G25/><T95/><D104/><U120/><E120/><V131/><F131/><W130/><G128/><T99/><D2/><U14/><E14/><V28/><F102/><W83/><G130/><T38/><D38/><U0/><E0/><V66/><F18/><W63/><G63/><N who="0" m="36271" /><D99/><U74/><E133/><V111/><F111/><W101/><G101/><N who="0" m="60575" /><D116/><U127/><E127/><V135/><F135/><W91/><REACH who="3" step="1"/><G82/><REACH who="3" ten="237,171,361,221" step="2"/><T27/><D27/><U51/><E113/><V80/><F80/><W58/><G58/><T59/><D59/><U45/><E115/><V78/><F37/><W110/><G110/><T79/><D79/><U32/><E45/><N who="2" m="27951" /><F36/><W70/><G70/><T106/><D106/><N who="1" m="63759" /><E51/><V52/><F78/><W98/><G98/><T89/><D89/><U35/><AGARI ba="1,1" hai="3,5,10,32,33,35,39,43,46,73,74" m="63759" machi="35" ten="30,8000,1" yaku="33,2,52,3" doraHai="30" who="1" fromWho="1" sc="237,-21,171,93,361,-41,221,-21" /><INIT seed="3,0,0,5,0,130" ten="216,264,320,200" oya="3" hai0="111,85,57,50,24,78,73,58,109,1,126,54,61" hai1="5,12,46,91,36,56,69,93,100,107,7,75,10" hai2="74,89,35,112,95,117,65,133,66,70,25,114,62" hai3="27,8,16,32,0,104,132,11,33,23,51,22,129"/><W55/><G129/><T47/><D1/><U94/><E69/><V90/><F117/><W14/><G104/><T15/><D73/><U42/><E75/><V127/><F74/><W59/><G132/><T60/><D126/><U84/><E107/><V13/><F127/><W124/><G124/><T86/><D24/><U21/><E21/><V113/><F66/><W19/><REACH who="3" step="1"/><G0/><REACH who="3" ten="216,264,320,190" step="2"/><T2/><D2/><U82/><E100/><V128/><F128/><W31/><G31/><T17/><D111/><U123/><E123/><V105/><F105/><W81/><G81/><T38/><D109/><U135/><E135/><V20/><F133/><W76/><G76/><T92/><D78/><U72/><E72/><V77/><F77/><W116/><G116/><T115/><D92/><U49/><E94/><V34/><F95/><W131/><G131/><T125/><D125/><U52/><E93/><V103/><F103/><W88/><G88/><T120/><D120/><U26/><REACH who="1" step="1"/><E26/><REACH who="1" ten="216,254,320,190" step="2"/><V101/><F101/><W9/><AGARI ba="0,2" hai="8,9,11,14,16,19,22,23,27,32,33,51,55,59" machi="9" ten="30,11700,0" yaku="1,1,0,1,54,1,53,1" doraHai="130" doraHaiUra="53" who="3" fromWho="3" sc="216,-39,254,-39,320,-39,190,137" /><INIT seed="3,1,0,3,2,111" ten="177,215,281,327" oya="3" hai0="96,128,43,4,7,22,30,35,46,2,103,55,18" hai1="82,113,115,102,116,52,49,21,81,56,15,94,1" hai2="33,45,40,38,6,118,26,129,28,89,124,65,10" hai3="74,12,69,106,135,48,101,84,121,13,133,120,100"/><W19/><G74/><T64/><D128/><U25/><E1/><V132/><F129/><W93/><G69/><T50/><D64/><U17/><E116/><V112/><F118/><W79/><G48/><T8/><D7/><U34/><E34/><V63/><F89/><W37/><G37/><T42/><D30/><U83/><REACH who="1" step="1"/><E25/><REACH who="1" ten="177,205,281,327" step="2"/><V44/><F124/><W77/><G120/><T119/><D35/><U31/><E31/><V36/><F132/><W107/><G121/><T41/><D119/><U80/><N who="1" m="20480" /><DORA hai="134" /><U105/><E105/><V67/><F26/><W9/><G106/><T97/><REACH who="0" step="1"/><D103/><REACH who="0" ten="167,205,281,327" step="2"/><U104/><E104/><V27/><F28/><W114/><G107/><T99/><D99/><AGARI ba="1,2" hai="15,17,21,49,52,56,94,99,102,113,115" m="20480" machi="99" ten="50,8000,1" yaku="1,1,52,2,54,1,53,0" doraHai="111,134" doraHaiUra="39,117" who="1" fromWho="0" sc="167,-83,205,103,281,0,327,0" /><INIT seed="4,0,0,4,3,85" ten="84,308,281,327" oya="0" hai0="24,23,51,32,93,11,117,70,47,133,88,54,13" hai1="131,73,12,106,95,63,48,16,127,30,43,126,75" hai2="86,96,8,94,76,10,1,41,110,57,81,78,3" hai3="37,92,22,7,50,60,67,135,103,90,53,98,80"/><T132/><D70/><U46/><E106/><V44/><F110/><W118/><G37/><T28/><D117/><U31/><E63/><V9/><F78/><W52/><G118/><T27/><D27/><U0/><E0/><V84/><F84/><N who="3" m="50439" /><G135/><T69/><D69/><U125/><E95/><V91/><REACH who="2" step="1"/><F57/><REACH who="2" ten="84,308,271,327" step="2"/><N who="3" m="37263" /><G7/><T65/><D65/><U20/><E131/><V97/><F97/><W6/><G6/><T134/><D32/><U56/><E56/><V87/><F87/><W114/><G114/><T101/><D101/><U82/><E82/><V59/><F59/><W119/><G119/><T112/><D112/><U124/><N who="1" m="31744" /><DORA hai="42" /><U5/><REACH who="1" step="1"/><E5/><REACH who="1" ten="84,298,271,327" step="2"/><V99/><F99/><W74/><G98/><N who="0" m="57639" /><D11/><U39/><E39/><AGARI ba="0,2" hai="1,3,8,9,10,39,41,44,76,81,86,91,94,96" machi="39" ten="40,8000,1" yaku="1,1,52,2,53,1" doraHai="85,42" doraHaiUra="36,49" who="2" fromWho="1" sc="84,0,298,-80,271,100,327,0" /><INIT seed="5,0,0,2,4,116" ten="84,218,371,327" oya="1" hai0="32,65,99,67,37,6,104,88,22,86,82,120,109" hai1="23,93,30,21,125,36,126,40,111,80,96,26,34" hai2="15,90,38,28,42,128,46,122,112,124,53,97,105" hai3="100,131,107,4,58,35,8,1,13,129,118,16,79"/><U64/><E64/><V115/><F122/><W62/><G118/><T132/><D109/><U113/><E113/><N who="2" m="43595" /><F28/><W87/><G35/><T52/><D32/><U103/><E111/><V77/><F77/><W127/><G127/><N who="1" m="48650" /><E80/><V33/><F33/><W98/><G79/><T117/><D117/><U108/><E108/><V10/><F128/><W101/><G87/><T121/><D132/><U133/><E133/><V76/><F76/><W24/><G24/><T66/><D37/><U78/><E78/><V69/><F69/><W54/><REACH who="3" step="1"/><G100/><REACH who="3" ten="84,218,371,317" step="2"/><T31/><D6/><U68/><E68/><V41/><F124/><W18/><G18/><T74/><D74/><U39/><E39/><V11/><F38/><W94/><G94/><T17/><D31/><U81/><E81/><V12/><F105/><W59/><G59/><T3/><D3/><U60/><E103/><V110/><F110/><W92/><G92/><T29/><D29/><U51/><E93/><V63/><F90/><W73/><G73/><T7/><D7/><U43/><E36/><V27/><F27/><W114/><G114/><T102/><REACH who="0" step="1"/><D52/><REACH who="0" ten="74,218,371,317" step="2"/><U48/><E34/><V119/><F119/><W89/><G89/><T134/><D134/><U0/><E30/><V57/><F53/><W84/><G84/><T61/><D61/><U50/><E60/><V5/><F63/><W2/><G2/><T135/><D135/><U19/><E0/><V9/><F5/><W44/><G44/><T14/><AGARI ba="0,2" hai="14,17,22,65,66,67,82,86,88,99,102,104,120,121" machi="14" ten="30,8000,1" yaku="1,1,0,1,52,2,54,1,53,0" doraHai="116" doraHaiUra="72" who="0" fromWho="0" sc="74,100,218,-40,371,-20,317,-20" /><INIT seed="6,0,0,0,3,105" ten="174,178,351,297" oya="2" hai0="68,108,16,119,76,77,87,48,89,86,59,34,106" hai1="124,6,28,114,45,100,101,36,47,121,123,92,67" hai2="29,91,134,11,122,21,111,99,94,79,93,57,90" hai3="31,75,95,104,84,9,1,22,46,135,132,72,88"/><V80/><F122/><N who="1" m="46601" /><E114/><V98/><F134/><N who="3" m="51243" /><G104/><T113/><D108/><U69/><E124/><V96/><F111/><W70/><G70/><T49/><D113/><U43/><E47/><V131/><F131/><W103/><G103/><N who="1" m="39498" /><E92/><V97/><F11/><W23/><G46/><T44/><D106/><U66/><E69/><V112/><F112/><W130/><G130/><T42/><D68/><U41/><E41/><V85/><F57/><W102/><G102/><T50/><D119/><U53/><E53/><V71/><F71/><W78/><G78/><N who="0" m="30315" /><D34/><U64/><E28/><V13/><F29/><W127/><G127/><T8/><D59/><U0/><E6/><V110/><F110/><W128/><G128/><T55/><D42/><U116/><E0/><V109/><F109/><W24/><G23/><T52/><D55/><U2/><E2/><V17/><AGARI ba="0,0" hai="13,17,21,79,80,85,90,91,93,94,96,97,98,99" machi="17" ten="30,6000,0" yaku="0,1,9,1,8,1" doraHai="105" who="2" fromWho="2" sc="174,-20,178,-20,351,60,297,-20" /><INIT seed="6,1,0,5,5,50" ten="154,158,411,277" oya="2" hai0="87,91,83,68,64,16,103,122,125,46,63,55,59" hai1="119,34,74,25,121,96,6,19,41,44,116,60,95" hai2="56,31,12,32,35,23,101,38,86,47,20,110,45" hai3="13,109,112,108,133,80,84,2,61,69,53,73,1"/><V130/><F130/><W22/><G73/><T48/><D125/><U93/><E74/><V79/><F101/><W81/><G133/><T8/><D122/><U94/><E121/><V57/><F86/><W75/><G112/><T131/><D131/><U100/><E6/><V18/><F79/><W129/><G129/><T126/><D126/><U90/><E34/><V78/><F78/><W51/><G75/><T104/><D104/><U82/><E119/><V9/><F9/><W42/><G42/><T28/><D103/><U43/><E116/><V107/><F107/><W65/><G81/><T3/><D28/><U26/><E82/><V40/><F110/><W76/><G1/><T5/><REACH who="0" step="1"/><D16/><REACH who="0" ten="144,158,411,277" step="2"/><U72/><E19/><V118/><F18/><W135/><G109/><T128/><D128/><U11/><E100/><V124/><F31/><W29/><G108/><T70/><AGARI ba="1,1" hai="3,5,8,46,48,55,59,63,64,68,70,83,87,91" machi="70" ten="30,7900,0" yaku="1,1,0,1,52,1,53,1" doraHai="50" doraHaiUra="54" who="0" fromWho="0" sc="144,92,158,-21,411,-40,277,-21" /><INIT seed="7,0,0,4,3,124" ten="236,137,371,256" oya="3" hai0="24,33,58,18,53,37,111,50,117,21,20,110,130" hai1="27,44,10,74,116,40,8,83,2,48,13,42,119" hai2="39,38,113,90,87,61,19,49,103,128,54,94,93" hai3="95,131,100,62,109,35,132,6,102,30,68,105,72"/><W9/><G72/><T134/><D117/><U76/><E27/><V77/><F77/><W47/><G131/><T66/><D130/><U129/><E2/><V45/><F128/><W70/><G132/><T26/><D134/><U120/><E120/><V75/><F75/><W125/><G125/><T123/><D33/><U106/><E106/><V36/><F113/><W65/><G109/><T4/><D123/><U60/><E129/><V135/><F135/><W3/><G68/><T63/><D37/><U71/><E119/><V78/><F78/><W43/><G95/><T15/><D4/><U85/><E116/><V25/><F61/><W112/><G112/><T104/><D104/><U88/><E71/><V98/><F19/><W59/><G70/><T92/><D92/><U89/><E42/><V51/><F25/><N who="3" m="18895" /><G105/><T126/><D24/><U108/><E108/><V41/><F51/><W56/><G59/><AGARI ba="0,0" hai="36,38,39,41,45,49,54,59,87,90,93,94,98,103" machi="59" ten="30,1000,0" yaku="7,1" doraHai="124" who="2" fromWho="3" sc="236,0,137,0,371,10,256,-10" owari="236,-16.0,137,-36.0,381,47.0,246,5.0" /></mjloggm>