<mjloggm ver="2.3"><GO type="225" lobby="0"/><UN n0="%E7%B6%BE%E9%87%8E%E7%8F%AA%E5%AD%90" n1="%E5%8F%AF%E5%85%90%E9%82%A3%E7%94%B1%E5%A4%9A" n2="%73%75%7A%75%6D%65%33" n3="%59%4F%55%E5%BE%80%4D%59%E9%80%B2%21" dan="16,17,17,16" rate="2183.67,2207.25,2209.35,2114.75" sx="F,F,M,M"/><TAIKYOKU oya="0"/><INIT seed="0,0,0,3,5,26" ten="250,250,250,250" oya="0" hai0="35,52,44,51,13,113,32,36,120,59,84,9,43" hai1="96,8,117,112,134,27,18,101,126,110,75,50,99" hai2="20,108,6,2,105,86,95,63,78,106,77,116,107" hai3="127,114,53,30,23,48,89,47,83,14,129,67,0"/><T68/><D113/><U61/><E117/><V130/><F2/><W10/><G114/><T7/><D120/><U76/><E112/><V128/><BYE who="1" /><F6/><W45/><G127/><T88/><REACH who="0" step="1"/><D68/><REACH who="0" ten="240,250,250,250" step="2"/><UN n1="%E5%8F%AF%E5%85%90%E9%82%A3%E7%94%B1%E5%A4%9A" /><U104/><E126/><V58/><F116/><W31/><G129/><T74/><D74/><U33/><E75/><V16/><F130/><W62/><G0/><T39/><D39/><U65/><E134/><V22/><F128/><W100/><G100/><T3/><D3/><U103/><E101/><V56/><F108/><W111/><G111/><T94/><AGARI ba="0,1" hai="7,9,13,32,35,36,43,44,51,52,59,84,88,94" machi="94" ten="20,18000,2" yaku="1,1,0,1,7,1,54,2,53,1" doraHai="26" doraHaiUra="37" who="0" fromWho="0" sc="240,190,250,-60,250,-60,250,-60" /><INIT seed="0,1,0,2,0,124" ten="430,190,190,190" oya="0" hai0="15,106,74,54,87,55,76,69,131,52,35,10,29" hai1="47,53,133,98,20,22,39,34,110,7,126,57,49" hai2="105,101,28,8,30,128,123,38,120,89,132,42,12" hai3="97,60,129,82,117,32,118,21,45,31,86,11,93"/><T88/><BYE who="1" /><D106/><UN n1="%E5%8F%AF%E5%85%90%E9%82%A3%E7%94%B1%E5%A4%9A" /><U81/><E34/><V0/><F0/><W4/><G32/><T91/><D69/><U40/><E126/><V77/><F132/><W80/><G129/><T125/><D125/><U96/><E133/><V46/><F128/><W92/><G45/><T61/><D131/><U135/><E135/><V90/><F77/><W6/><G60/><T107/><D107/><U78/><E110/><V119/><F119/><W51/><G51/><T24/><D74/><U72/><E7/><V18/><F101/><W17/><G31/><T33/><D33/><U112/><E112/><V100/><F100/><W67/><G67/><T56/><D76/><U66/><E66/><V94/><F105/><W113/><G113/><T58/><D58/><U64/><E64/><V1/><F1/><W85/><G11/><T14/><D14/><U19/><REACH who="1" step="1"/><E22/><REACH who="1" ten="430,180,190,190" step="2"/><V63/><F123/><W115/><G115/><T2/><D2/><U68/><E68/><V5/><F120/><W43/><G4/><T3/><D3/><U122/><E122/><V111/><F5/><W26/><G6/><T99/><D99/><U37/><E37/><V104/><F111/><W79/><G97/><T114/><D114/><U71/><E71/><V75/><F38/><W62/><G117/><T25/><D35/><U36/><E36/><V16/><F8/><W65/><G118/><T121/><D10/><U50/><E50/><V95/><F63/><W27/><G62/><T130/><D61/><U44/><E44/><V70/><F46/><W84/><G21/><N who="0" m="15503" /><D121/><U23/><E23/><V13/><F70/><RYUUKYOKU ba="1,1" sc="430,-10,180,30,190,-10,190,-10" hai1="19,20,39,40,47,49,53,57,72,78,81,96,98" /><INIT seed="1,2,1,3,5,68" ten="420,210,180,180" oya="1" hai0="111,83,36,90,121,15,23,103,79,57,134,32,30" hai1="112,62,71,109,54,3,89,114,38,19,39,33,5" hai2="42,9,122,81,17,51,74,96,7,34,84,126,40" hai3="128,106,47,66,115,88,13,43,124,117,26,31,127"/><U60/><E33/><V92/><F34/><W72/><G115/><N who="1" m="44074" /><E5/><V27/><F74/><W48/><G117/><T55/><D32/><U10/><E10/><V45/><F122/><W28/><G106/><T123/><D30/><U21/><E3/><V35/><F126/><N who="3" m="48171" /><G128/><T94/><D23/><U82/><E19/><V76/><F35/><W95/><G72/><T99/><D15/><U107/><E21/><N who="2" m="13743" /><F9/><W87/><G66/><T41/><D103/><U133/><E107/><V98/><F7/><W78/><G78/><T67/><D123/><U56/><E133/><V120/><F120/><W1/><G1/><T132/><D134/><U65/><E89/><N who="2" m="55311" /><F98/><W0/><G0/><T130/><D132/><U70/><E82/><V25/><F25/><W24/><G13/><T64/><D121/><U12/><E12/><V86/><F86/><W77/><G77/><T116/><D99/><U108/><E71/><V14/><F14/><W22/><G26/><T97/><D79/><U63/><E63/><V59/><F59/><W129/><G28/><T6/><D83/><U4/><E4/><V80/><F80/><W69/><G69/><T2/><D6/><U105/><E105/><V37/><F37/><AGARI ba="2,1" hai="37,38,39,54,56,60,62,65,70,108,109" m="44074" machi="37" ten="40,12000,1" yaku="34,2,52,3" doraHai="68" who="1" fromWho="2" sc="420,0,210,136,180,-126,180,0" /><INIT seed="1,3,0,3,1,68" ten="420,346,54,180" oya="1" hai0="65,125,26,122,7,53,25,75,9,5,114,104,116" hai1="90,28,2,38,120,1,69,37,107,56,45,103,127" hai2="128,48,126,89,117,123,85,101,42,0,87,23,99" hai3="124,96,31,13,46,67,44,6,86,109,93,51,94"/><U91/><E69/><V41/><F0/><W131/><G109/><T135/><D75/><U14/><E120/><V106/><F123/><W39/><G131/><T92/><D104/><U110/><E28/><V70/><F70/><W62/><G124/><T54/><D116/><U49/><E127/><V84/><F126/><W64/><G31/><T27/><D125/><U134/><E134/><V105/><F117/><W121/><G121/><T132/><D114/><U88/><E110/><V83/><F128/><W119/><G119/><T58/><D92/><U43/><E14/><V77/><F106/><W18/><G6/><N who="0" m="2059" /><D9/><U95/><E107/><V129/><F129/><W17/><G39/><T76/><D76/><U55/><REACH who="1" step="1"/><E38/><REACH who="1" ten="420,336,54,180" step="2"/><V59/><F105/><W108/><G13/><T40/><D122/><U113/><E113/><V98/><F101/><W16/><G108/><T22/><D135/><U3/><E3/><V12/><F12/><W11/><G11/><T60/><D132/><U19/><E19/><V66/><F89/><W10/><G10/><T115/><D115/><U50/><E50/><V8/><F8/><W20/><G51/><T112/><D112/><U52/><E52/><N who="0" m="20073" /><D40/><U100/><E100/><V34/><F42/><W57/><G17/><AGARI ba="3,1" hai="17,22,25,26,27,58,60,65" m="20073,2059" machi="17" ten="30,2000,0" yaku="8,1,54,1" doraHai="68" who="0" fromWho="3" sc="420,39,336,0,54,0,180,-29" /><INIT seed="2,0,0,4,3,92" ten="459,336,54,151" oya="2" hai0="22,134,3,118,87,108,80,65,111,124,83,51,129" hai1="44,84,60,14,40,26,130,71,16,105,101,119,107" hai2="127,46,126,114,8,133,103,28,88,109,132,27,63" hai3="18,56,74,104,116,36,97,21,52,93,17,57,10"/><V117/><F117/><W33/><G104/><T0/><D118/><U20/><E119/><V72/><F72/><W95/><G116/><T70/><D134/><N who="2" m="51818" /><F114/><W48/><G33/><T110/><D129/><U128/><E84/><V53/><F8/><W47/><G74/><T115/><D115/><U78/><E78/><V11/><F11/><W9/><G36/><T29/><D124/><N who="2" m="47658" /><F103/><N who="3" m="60847" /><G95/><T5/><D5/><U50/><E101/><V76/><F76/><W39/><G39/><T13/><D0/><U69/><E128/><V62/><F109/><W64/><G17/><T131/><D3/><U35/><E130/><V113/><F113/><W91/><G91/><T38/><D131/><U12/><E35/><N who="2" m="20895" /><F88/><W1/><G1/><T25/><D111/><U86/><E12/><V73/><F73/><W102/><G102/><T24/><D13/><U7/><E14/><V100/><F100/><W99/><G10/><T121/><D110/><U61/><E7/><V106/><F106/><W90/><G9/><T43/><D108/><U41/><E107/><V125/><N who="2" m="47666" /><V67/><DORA hai="112" /><F67/><W31/><G64/><T37/><D83/><U34/><E105/><V85/><F85/><W96/><G90/><T15/><D80/><U79/><E86/><V77/><F77/><W49/><G96/><T81/><D81/><U75/><E79/><V45/><F53/><N who="3" m="29855" /><G99/><T6/><D87/><U19/><E75/><V59/><F59/><N who="3" m="33167" /><G31/><T4/><D29/><U30/><E30/><V32/><F32/><W89/><G89/><T23/><D65/><N who="1" m="41127" /><E34/><V135/><N who="2" m="51826" /><V58/><DORA hai="120" /><F58/><RYUUKYOKU ba="0,0" sc="459,-15,336,-15,54,15,151,15" hai2="45,46,62,63" hai3="18,21,56,57" /><INIT seed="2,1,0,0,4,118" ten="444,321,69,166" oya="2" hai0="61,103,27,37,94,14,40,111,30,132,36,101,129" hai1="114,7,104,18,128,31,135,107,29,113,78,13,116" hai2="66,20,21,16,17,10,89,79,85,110,90,112,60" hai3="15,125,63,41,47,84,87,134,119,64,92,121,80"/><V100/><F112/><W32/><G121/><T108/><D129/><U106/><E116/><V11/><F100/><N who="0" m="38474" /><D132/><U6/><E78/><V24/><F79/><W44/><G87/><T88/><D14/><U75/><E75/><V109/><F10/><W95/><G47/><T45/><D61/><U91/><E135/><V56/><F11/><W39/><G92/><T5/><D5/><U83/><E128/><V73/><F73/><W123/><G123/><T65/><D65/><U70/><E70/><V4/><F4/><W55/><G55/><T22/><D45/><U2/><E6/><V34/><F34/><W12/><G41/><T19/><D40/><U133/><E7/><V131/><F131/><W102/><G102/><T59/><D59/><U86/><E2/><V68/><F68/><W81/><G84/><N who="0" m="52487" /><D30/><U38/><E38/><V46/><F46/><W120/><G81/><T122/><D122/><U54/><E54/><V96/><F96/><W97/><G97/><T50/><D50/><U98/><E98/><V117/><F117/><W126/><G95/><T67/><D67/><U9/><E133/><V25/><REACH who="2" step="1"/><F85/><REACH who="2" ten="444,321,59,166" step="2"/><W26/><G44/><T28/><D37/><U82/><E114/><V124/><F124/><W51/><G39/><T53/><D36/><U1/><E113/><V48/><F48/><W69/><G51/><T99/><D99/><U42/><E86/><V8/><F8/><W72/><G119/><T43/><D43/><U71/><E42/><V93/><F93/><W52/><G69/><T57/><D57/><U76/><E71/><V33/><F33/><RYUUKYOKU ba="1,1" sc="444,-10,321,-10,59,30,166,-10" hai2="16,17,20,21,24,25,56,60,66,89,90,109,110" /><INIT seed="2,2,1,3,2,0" ten="434,311,89,156" oya="2" hai0="128,39,6,53,18,2,16,69,19,20,129,52,134" hai1="105,47,64,102,23,123,89,112,37,41,34,14,86" hai2="58,15,88,81,124,26,17,1,114,68,82,73,42" hai3="113,70,60,61,80,46,3,109,130,35,96,121,132"/><V24/><F68/><W21/><G121/><T10/><D69/><U30/><E112/><V72/><F1/><W36/><G35/><T97/><D134/><U133/><E133/><V98/><F114/><W7/><G132/><T100/><D39/><U110/><E123/><V79/><F42/><W43/><G113/><T27/><D53/><U95/><E110/><V66/><F124/><W125/><G70/><T108/><D52/><U4/><E34/><V71/><F71/><W107/><G109/><T22/><D108/><U90/><E64/><V94/><F66/><W40/><G40/><T104/><REACH who="0" step="1"/><D22/><REACH who="0" ten="424,311,89,156" step="2"/><U9/><E23/><V8/><F58/><W31/><G21/><T119/><D119/><U56/><E56/><V127/><F127/><W50/><G36/><T122/><D122/><U106/><E30/><AGARI ba="2,2" hai="2,6,10,16,18,19,20,27,30,97,100,104,128,129" machi="30" ten="40,8000,1" yaku="1,1,52,1,54,1,53,1" doraHai="0" doraHaiUra="33" who="0" fromWho="1" sc="424,106,311,-86,89,0,156,0" /><INIT seed="3,0,0,0,1,0" ten="530,225,89,156" oya="3" hai0="26,103,101,39,127,13,134,70,110,54,36,71,52" hai1="41,11,33,111,64,98,5,69,86,59,8,91,28" hai2="31,30,123,61,113,38,105,15,48,21,128,65,35" hai3="46,76,97,89,67,85,68,10,58,131,108,57,18"/><W114/><G114/><T56/><D26/><U115/><E69/><V2/><F38/><W42/><G131/><T60/><D13/><U119/><E115/><V124/><F128/><W47/><G68/><T121/><D121/><U16/><E119/><V92/><F105/><W122/><G122/><T50/><D134/><U129/><E111/><V80/><F123/><W17/><G108/><T73/><D73/><U75/><E75/><V120/><F120/><W20/><G76/><T6/><D110/><U12/><E129/><V100/><F2/><W126/><G97/><T74/><D74/><U102/><E41/><V43/><F113/><W24/><G126/><T37/><D127/><U93/><E33/><V118/><F35/><W23/><G10/><T125/><D125/><U40/><E40/><V9/><F124/><W7/><G67/><T22/><D22/><U27/><E28/><V116/><F116/><W3/><G46/><T99/><D101/><U19/><E27/><V88/><F118/><W104/><G104/><T90/><D90/><U66/><E59/><V79/><F100/><W32/><G32/><T112/><D112/><U4/><E64/><V135/><F135/><W45/><G57/><T87/><D87/><U29/><E66/><V84/><F21/><W55/><G58/><T117/><D70/><U62/><E102/><V63/><F48/><W94/><G20/><T81/><D71/><U77/><E11/><V133/><F133/><W95/><G23/><T49/><D56/><U72/><E8/><V14/><F43/><W109/><G42/><T106/><D117/><RYUUKYOKU ba="0,0" sc="530,0,225,0,89,0,156,0" owari="530,62.0,225,3.0,89,-41.0,156,-24.0" /></mjloggm>