<mjloggm ver="2.3"><GO type="169" lobby="0"/><UN n0="%E3%81%97%E3%81%BF%73" n1="%68%61%79%61%74%6F%E2%98%86" n2="%7A%6B%75%72%74" n3="%E5%8D%83%E7%BE%BD%E9%B4%89" dan="17,17,17,17" rate="2153.82,2142.88,2239.16,2209.08" sx="M,M,M,F"/><TAIKYOKU oya="0"/><INIT seed="0,0,0,4,0,95" ten="250,250,250,250" oya="0" hai0="131,84,96,35,69,24,30,29,60,25,22,125,132" hai1="1,106,116,68,0,130,102,17,3,45,7,38,16" hai2="15,85,43,20,72,71,97,66,100,46,5,109,87" hai3="58,107,113,21,91,33,81,11,47,28,27,13,83"/><T41/><D132/><U39/><E116/><V88/><F72/><W82/><G113/><T4/><D41/><U105/><E45/><V79/><F109/><W135/><G135/><T108/><D131/><U50/><E50/><V26/><F71/><W32/><G107/><N who="1" m="40970" /><E102/><V34/><F66/><W114/><G114/><T92/><D4/><U14/><E14/><V59/><F59/><W89/><G33/><T118/><D108/><U122/><E7/><V63/><F63/><W51/><G58/><T93/><D118/><U65/><E65/><V42/><F34/><W55/><REACH who="3" step="1"/><G32/><REACH who="3" ten="250,250,250,240" step="2"/><T9/><D69/><U62/><E68/><V53/><F79/><W133/><G133/><T94/><D35/><U124/><E122/><V115/><F115/><W18/><AGARI ba="0,1" hai="11,13,18,21,27,28,47,51,55,81,82,83,89,91" machi="18" ten="30,4000,0" yaku="1,1,0,1,8,1,53,0" doraHai="95" doraHaiUra="2" who="3" fromWho="3" sc="250,-20,250,-10,250,-10,240,50" /><INIT seed="1,0,0,1,5,71" ten="230,240,240,290" oya="1" hai0="24,26,115,35,40,132,125,67,32,65,38,135,72" hai1="106,92,133,19,45,117,130,98,103,64,84,105,122" hai2="2,83,57,37,68,3,1,9,44,63,134,54,39" hai3="55,123,17,75,50,42,6,7,89,81,95,4,25"/><U56/><E122/><V76/><F134/><N who="0" m="51242" /><D72/><U100/><E117/><V85/><F68/><W73/><G123/><T77/><D77/><U47/><E133/><V0/><REACH who="2" step="1"/><F44/><REACH who="2" ten="230,240,230,290" step="2"/><W114/><G114/><T10/><D115/><U34/><E47/><V18/><F18/><W96/><G17/><T66/><D125/><U112/><E45/><V79/><F79/><W5/><G5/><AGARI ba="0,1" hai="0,1,2,3,5,9,37,39,54,57,63,76,83,85" machi="5" ten="40,5200,0" yaku="1,1,52,2,53,0" doraHai="71" doraHaiUra="111" who="2" fromWho="3" sc="230,0,240,0,230,62,290,-52" /><INIT seed="2,0,0,5,0,83" ten="230,240,292,238" oya="2" hai0="25,6,81,32,121,17,33,88,26,87,63,2,23" hai1="9,76,29,62,27,133,96,135,14,111,46,70,54" hai2="125,132,0,75,15,114,51,28,127,113,35,38,101" hai3="131,7,42,59,5,80,78,73,108,126,68,43,122"/><V120/><F120/><W102/><G68/><T58/><D121/><U30/><E111/><V98/><F38/><W60/><G122/><T4/><D2/><U36/><E76/><V22/><F75/><W65/><G108/><T37/><D37/><U49/><E36/><V67/><F0/><W129/><G102/><T64/><REACH who="0" step="1"/><D25/><REACH who="0" ten="220,240,292,238" step="2"/><U50/><E27/><V3/><F3/><W86/><G126/><T118/><D118/><U130/><E133/><V94/><F132/><W103/><G103/><T72/><D72/><U110/><E135/><V119/><F119/><W100/><G100/><T74/><D74/><U48/><E110/><V97/><F127/><W31/><G73/><T99/><D99/><U57/><E96/><V52/><F125/><W40/><REACH who="3" step="1"/><G31/><REACH who="3" ten="220,240,292,228" step="2"/><T112/><D112/><U104/><E30/><V105/><F114/><W117/><G117/><T66/><D66/><U116/><E29/><V123/><F113/><W90/><G90/><T69/><D69/><U34/><E70/><V84/><F67/><W53/><G53/><T77/><D77/><U85/><E54/><V56/><F123/><W95/><G95/><T11/><D11/><U19/><E9/><V61/><F28/><W21/><G21/><T1/><D1/><U24/><E116/><V107/><F22/><W79/><G79/><T20/><D20/><U71/><E71/><V115/><F115/><W45/><G45/><T128/><D128/><AGARI ba="0,2" hai="5,7,40,42,43,59,60,65,78,80,86,128,129,131" machi="128" ten="40,5200,0" yaku="1,1,19,1,52,1,53,0" doraHai="83" doraHaiUra="93" who="3" fromWho="0" sc="220,-52,240,0,292,0,228,72" /><INIT seed="3,0,0,3,4,44" ten="168,240,292,300" oya="3" hai0="87,78,29,25,124,53,71,96,8,107,108,52,9" hai1="92,99,135,54,18,48,56,66,46,58,4,118,95" hai2="2,132,79,7,47,102,5,75,20,97,81,30,76" hai3="1,119,60,72,116,65,88,134,101,94,82,98,77"/><W83/><G1/><T91/><D71/><U15/><E118/><V80/><F132/><W123/><G134/><T14/><D124/><U111/><E111/><V106/><F2/><W57/><G123/><T84/><D108/><U3/><E135/><V100/><F100/><W128/><G128/><T63/><D8/><U10/><E66/><V24/><REACH who="2" step="1"/><F47/><REACH who="2" ten="168,240,282,300" step="2"/><W131/><REACH who="3" step="1"/><G131/><REACH who="3" ten="168,240,282,290" step="2"/><T114/><D114/><U69/><E3/><V67/><F67/><W42/><G42/><T73/><D53/><U112/><E54/><V59/><F59/><W6/><G6/><T90/><D52/><U43/><E56/><V129/><F129/><W34/><G34/><T74/><D107/><U41/><E58/><V133/><F133/><W13/><G13/><T40/><D14/><U55/><E55/><V0/><F0/><W11/><G11/><T61/><D9/><U17/><E4/><V28/><F28/><W104/><G104/><T105/><D40/><U19/><E10/><V86/><AGARI ba="0,2" hai="5,7,20,24,30,75,76,79,80,81,86,97,102,106" machi="86" ten="20,2700,0" yaku="1,1,0,1,7,1,53,0" doraHai="44" doraHaiUra="12" who="2" fromWho="2" sc="168,-7,240,-7,282,47,290,-13" /><INIT seed="4,0,0,2,5,127" ten="161,233,329,277" oya="0" hai0="89,78,77,3,24,80,11,122,102,7,35,114,67" hai1="132,112,40,8,46,37,19,75,121,61,38,87,118" hai2="56,25,128,63,134,16,13,101,2,9,72,71,135" hai3="57,17,48,28,64,103,125,97,117,52,23,44,105"/><T58/><D122/><U62/><E118/><V41/><F72/><W20/><G117/><T82/><D114/><U34/><E34/><V113/><F113/><W33/><G125/><T36/><D36/><U50/><E75/><V94/><F71/><W53/><G64/><T14/><D102/><U83/><E121/><V99/><F2/><W96/><G96/><T59/><D3/><U116/><E116/><V12/><F41/><W90/><G90/><T111/><D111/><U104/><E104/><V131/><F25/><W92/><G105/><T54/><D35/><U98/><E98/><V15/><F15/><N who="3" m="9279" /><G33/><T124/><D124/><U88/><E132/><N who="2" m="50731" /><F13/><W107/><G107/><T22/><D59/><U39/><E112/><V76/><F76/><N who="0" m="29290" /><D89/><U30/><E30/><V133/><F133/><W86/><G86/><T21/><D67/><AGARI ba="0,0" hai="9,12,16,56,63,67,94,99,101,128,131" m="50731" machi="67" ten="30,7700,0" yaku="20,1,52,2,54,1" doraHai="127" who="2" fromWho="0" sc="161,-77,233,0,329,77,277,0" /><INIT seed="5,0,0,2,1,101" ten="84,233,406,277" oya="1" hai0="71,114,126,106,53,64,81,117,111,131,15,100,41" hai1="125,34,25,17,35,29,109,70,77,7,97,11,58" hai2="75,43,47,60,112,52,91,123,122,66,128,27,110" hai3="40,90,57,14,74,10,119,69,134,83,133,33,72"/><U4/><E70/><V50/><F75/><W65/><G69/><T120/><D41/><U8/><E77/><V5/><F110/><W18/><G33/><T59/><D64/><U12/><E97/><V9/><F128/><W89/><G40/><T88/><D15/><N who="1" m="5535" /><E58/><V85/><F27/><W105/><G105/><T62/><D71/><U61/><E61/><V113/><F43/><W104/><G104/><T23/><D117/><U48/><E48/><V3/><F60/><N who="3" m="38031" /><G119/><T73/><D111/><U80/><E80/><V26/><F26/><W118/><G118/><T54/><D131/><U6/><E125/><V38/><F66/><W19/><G19/><T102/><D126/><U76/><E76/><V103/><F103/><W42/><G42/><T36/><D36/><U130/><E109/><V20/><F20/><W132/><G89/><T32/><D106/><U30/><E130/><V39/><F39/><W56/><G56/><T37/><D37/><U0/><E0/><V96/><F96/><W121/><G121/><T49/><D120/><U46/><E46/><V98/><F98/><W92/><G83/><T82/><D82/><U129/><E129/><V99/><F99/><AGARI ba="0,0" hai="10,14,18,72,74,90,92,99,132,133,134" m="38031" machi="99" ten="30,1000,0" yaku="20,1" doraHai="101" who="3" fromWho="2" sc="84,0,233,0,406,-10,277,10" /><INIT seed="6,0,0,1,3,14" ten="84,233,396,287" oya="2" hai0="56,25,15,126,91,130,37,48,23,31,81,125,95" hai1="1,19,120,122,74,17,111,92,93,65,36,16,99" hai2="0,79,121,60,45,108,28,133,117,77,51,135,21" hai3="30,119,80,90,67,53,72,129,89,39,105,4,96"/><V98/><F121/><N who="1" m="46697" /><E111/><V40/><F117/><W116/><G39/><T70/><D37/><U6/><E36/><V54/><F0/><W103/><G4/><T24/><D70/><U100/><E74/><V110/><F98/><W124/><G67/><T41/><D130/><U49/><E65/><V83/><F28/><W61/><G30/><T63/><D126/><U131/><E131/><V112/><F112/><W86/><G129/><T50/><D125/><U71/><E71/><V107/><F107/><W88/><G124/><T8/><D41/><U47/><E6/><V104/><F104/><W94/><G53/><T118/><D118/><N who="3" m="45097" /><G61/><T5/><D81/><U26/><E1/><V64/><F21/><W43/><G43/><T11/><D11/><U73/><E73/><V57/><F40/><W75/><G75/><T7/><D7/><U9/><E93/><V101/><F101/><W27/><G27/><T68/><D68/><U22/><E9/><V84/><REACH who="2" step="1"/><F79/><AGARI ba="0,0" hai="72,79,80,86,88,89,90,94,96,103,105" m="45097" machi="79" ten="30,7700,0" yaku="24,1,34,2,54,1" doraHai="14" who="3" fromWho="2" sc="84,0,233,0,396,-77,287,77" /><INIT seed="7,0,0,3,5,73" ten="84,233,319,364" oya="3" hai0="131,59,15,28,107,11,12,40,114,105,112,36,33" hai1="113,91,48,94,46,99,124,103,26,134,43,101,6" hai2="83,9,66,123,4,84,50,95,97,20,60,74,86" hai3="70,1,100,119,108,49,121,71,126,130,2,128,41"/><W118/><G121/><T64/><D59/><U106/><E124/><V77/><F123/><W53/><G126/><T45/><D64/><U0/><E134/><V82/><F20/><W61/><G100/><T132/><D12/><U52/><E113/><V25/><F25/><W116/><G41/><T120/><D15/><U8/><E106/><V133/><F133/><W115/><G115/><N who="0" m="44075" /><D120/><U62/><E26/><V65/><F74/><W69/><G61/><T72/><D132/><U21/><E21/><V10/><F50/><W29/><G29/><T18/><D18/><U67/><E43/><V55/><F55/><W35/><G35/><T111/><D111/><U117/><E117/><V19/><F19/><W27/><G27/><N who="0" m="18591" /><D11/><U57/><AGARI ba="0,0" hai="0,6,8,46,48,52,57,62,67,91,94,99,101,103" machi="57" ten="20,2700,0" yaku="0,1,7,1,54,1" doraHai="73" who="1" fromWho="1" sc="84,-7,233,27,319,-7,364,-13" owari="77,-42.0,260,-14.0,312,11.0,351,45.0" /></mjloggm>