<mjloggm ver="2.3"><GO type="169" lobby="0"/><UN n0="%E3%82%81%E3%82%93%E3%81%A9%E3%81%84" n1="%E5%BD%97%E6%98%9F%E5%85%A5%E3%83%92%E3%82%B3" n2="%70%69%6E%63%65%72%73" n3="%E7%B4%85%E8%8C%B6%30%37" dan="16,16,16,17" rate="2050.76,2117.30,2160.26,2112.39" sx="M,M,M,M"/><TAIKYOKU oya="0"/><INIT seed="0,0,0,5,4,25" ten="250,250,250,250" oya="0" hai0="107,57,5,50,10,72,81,69,7,123,54,6,119" hai1="67,63,109,111,70,27,88,135,59,84,56,92,24" hai2="36,35,89,75,86,116,82,29,41,90,53,74,38" hai3="55,110,28,12,118,133,15,73,93,58,65,80,114"/><T17/><D119/><U23/><E135/><V22/><F116/><W117/><G114/><T61/><D123/><U42/><E42/><V113/><F113/><W112/><G112/><T134/><D134/><U62/><E70/><V79/><F35/><W60/><G133/><T1/><D107/><U37/><E37/><V96/><F53/><W66/><G73/><T33/><D33/><U87/><E87/><V91/><F96/><W39/><G39/><T19/><D19/><U94/><E94/><V106/><F106/><W26/><G93/><T2/><D72/><U52/><REACH who="1" step="1"/><E23/><REACH who="1" ten="250,240,250,250" step="2"/><V102/><F36/><W64/><G117/><T51/><D81/><U18/><E18/><V125/><F41/><W97/><G118/><T95/><D95/><U14/><E14/><V124/><F38/><W8/><G80/><T128/><D69/><U126/><E126/><N who="2" m="48747" /><F102/><W48/><G15/><T83/><D83/><U99/><E99/><V131/><F131/><W31/><G97/><T3/><REACH who="0" step="1"/><D128/><REACH who="0" ten="240,240,250,250" step="2"/><U4/><E4/><V34/><F34/><W9/><G9/><T108/><D108/><AGARI ba="0,2" hai="24,27,52,56,59,62,63,67,84,88,92,108,109,111" machi="108" ten="40,8000,1" yaku="1,1,14,1,54,2,53,0" doraHai="25" doraHaiUra="32" who="1" fromWho="0" sc="240,-80,240,100,250,0,250,0" /><INIT seed="1,0,0,1,4,132" ten="160,340,250,250" oya="1" hai0="94,134,55,118,0,14,90,117,105,86,69,41,73" hai1="18,39,9,128,31,111,64,122,131,108,78,89,76" hai2="61,1,56,28,44,109,53,45,91,99,123,65,17" hai3="5,49,116,92,57,43,34,2,68,42,35,29,106"/><U24/><E39/><V88/><F123/><W126/><G106/><T125/><D134/><U36/><E36/><V130/><F1/><W100/><G68/><T70/><D105/><U115/><E122/><V127/><F109/><N who="1" m="42057" /><E115/><V96/><F28/><W6/><G29/><T27/><D73/><U3/><E64/><V33/><F33/><W54/><G34/><T135/><D135/><U13/><E3/><V104/><F130/><N who="1" m="49705" /><E89/><V46/><F65/><W121/><G2/><T8/><D0/><U26/><E26/><V16/><F104/><W74/><G121/><T47/><D55/><U38/><E38/><V63/><F91/><W60/><G54/><T37/><D27/><U19/><E19/><V124/><F88/><W30/><G30/><T75/><D75/><U97/><E97/><N who="2" m="37451" /><F61/><W67/><G60/><T82/><D82/><U4/><E18/><V11/><F11/><W80/><G35/><AGARI ba="0,0" hai="4,9,13,24,31,35,76,78" m="49705,42057" machi="35" ten="30,5800,0" yaku="14,1,10,1,19,1" doraHai="132" who="1" fromWho="3" sc="160,0,340,58,250,0,250,-58" /><INIT seed="1,1,0,1,0,25" ten="160,398,250,192" oya="1" hai0="88,26,73,29,36,21,67,5,15,128,129,4,110" hai1="8,65,91,54,61,122,124,3,16,57,63,132,62" hai2="94,0,123,101,77,17,78,125,108,119,22,120,82" hai3="66,59,50,14,47,40,69,64,49,28,112,109,135"/><U44/><E122/><V30/><F0/><W80/><G112/><T42/><D73/><U84/><E124/><V27/><F119/><W10/><G109/><T55/><D67/><U24/><E132/><V1/><F1/><W74/><G135/><T113/><D36/><U76/><E76/><V56/><F108/><W19/><G69/><T9/><D42/><U38/><E3/><V106/><F106/><W96/><G96/><T53/><D110/><U81/><E38/><V131/><F131/><N who="0" m="50250" /><D113/><U2/><E2/><V39/><F39/><W95/><G95/><T23/><D55/><U127/><E127/><V98/><F125/><W6/><G74/><T12/><D53/><U18/><E18/><V41/><F41/><W103/><G80/><T85/><D88/><U99/><E99/><V107/><F107/><W48/><G103/><T92/><D92/><U13/><E24/><V45/><F77/><W100/><G100/><T58/><D58/><U75/><E75/><V46/><F56/><W126/><G126/><T33/><D85/><U71/><E71/><V121/><REACH who="2" step="1"/><F17/><REACH who="2" ten="160,398,240,192" step="2"/><W118/><G118/><T34/><D34/><U7/><E16/><V20/><F20/><W134/><G59/><T114/><D114/><U68/><E68/><V133/><F133/><W43/><G134/><T70/><D70/><U93/><E57/><V115/><F115/><W87/><G40/><T102/><D102/><U35/><E35/><V37/><F37/><W83/><G43/><T31/><D31/><U79/><E79/><V89/><F89/><W60/><G19/><T105/><D105/><RYUUKYOKU ba="1,1" sc="160,15,398,-15,240,15,192,-15" hai0="4,5,9,12,15,21,23,26,29,33" hai2="22,27,30,45,46,78,82,94,98,101,120,121,123" /><INIT seed="2,2,1,4,0,120" ten="175,383,255,177" oya="2" hai0="60,98,85,77,87,106,52,18,27,59,96,80,67" hai1="53,116,63,74,20,50,75,37,54,91,88,122,125" hai2="128,48,124,40,129,38,104,9,95,69,31,90,79" hai3="13,0,34,8,3,105,89,30,35,55,132,28,66"/><V92/><F104/><W62/><G105/><T119/><D119/><U11/><E116/><V108/><F69/><W24/><G55/><T2/><D2/><U127/><E37/><V41/><F38/><W45/><G45/><T5/><D5/><U123/><E20/><V109/><F79/><W100/><G89/><N who="1" m="34378" /><E11/><V73/><F73/><N who="1" m="27657" /><E63/><V131/><F31/><W112/><G100/><T15/><D87/><U93/><E93/><N who="2" m="35915" /><F124/><N who="1" m="47689" /><E50/><V23/><F23/><W22/><G62/><T78/><D27/><U99/><E99/><V82/><F9/><W134/><G66/><T72/><D106/><U1/><E1/><N who="3" m="586" /><G112/><T36/><D36/><U19/><E19/><V33/><F33/><N who="3" m="12299" /><G30/><T133/><D67/><U126/><E126/><V65/><F65/><W135/><G135/><T84/><D133/><U121/><AGARI ba="2,1" hai="53,54,121,122,123" m="47689,27657,34378" machi="121" ten="40,8000,1" yaku="28,2,13,1,18,1,54,1" doraHai="120" who="1" fromWho="1" sc="175,-22,383,96,255,-42,177,-22" /><INIT seed="3,0,0,0,2,117" ten="153,479,213,155" oya="3" hai0="56,77,44,33,29,90,124,67,32,64,16,126,108" hai1="74,76,115,100,21,48,71,26,14,104,116,75,62" hai2="37,15,72,27,105,131,61,109,28,36,42,98,34" hai3="52,83,111,123,133,9,0,94,120,2,60,20,96"/><W54/><G133/><T113/><D113/><U1/><E48/><V121/><F109/><W40/><G111/><T35/><D108/><U99/><E21/><V45/><F131/><W87/><G40/><T106/><D106/><U5/><E14/><V93/><F72/><W70/><G20/><T95/><D77/><U22/><E22/><V89/><F105/><W134/><G134/><T50/><D56/><U125/><E115/><V7/><F61/><W46/><G0/><T23/><D29/><U31/><E125/><N who="0" m="48233" /><D90/><U92/><E92/><V129/><F129/><W55/><G46/><T13/><D95/><U63/><E63/><V58/><F58/><W39/><G39/><T81/><D81/><U102/><E102/><V10/><REACH who="2" step="1"/><F37/><REACH who="2" ten="153,479,203,155" step="2"/><W51/><G60/><T47/><D50/><U17/><E75/><V135/><F135/><W57/><G57/><T80/><D80/><U103/><E74/><V65/><F65/><AGARI ba="0,1" hai="13,16,23,32,33,35,44,47,64,65,67" m="48233" machi="65" ten="40,2600,0" yaku="18,1,54,1" doraHai="117" who="0" fromWho="2" sc="153,36,479,0,203,-26,155,0" /><INIT seed="4,0,0,2,4,6" ten="189,479,177,155" oya="0" hai0="90,112,25,50,77,120,72,15,128,97,18,123,4" hai1="20,110,19,118,8,17,35,55,70,3,30,44,52" hai2="65,127,63,129,14,22,0,96,74,79,86,48,76" hai3="45,53,101,59,5,29,69,36,88,91,73,111,58"/><T106/><D112/><U87/><E110/><V102/><F0/><W32/><G69/><T33/><D128/><U78/><E118/><V13/><F74/><W113/><G73/><T38/><D38/><U41/><E70/><V23/><F127/><W119/><G111/><T47/><D4/><U85/><E35/><V61/><F129/><W103/><G119/><T99/><D25/><U84/><E78/><V117/><F117/><W125/><G32/><T46/><D33/><U7/><E30/><V94/><F48/><N who="3" m="28815" /><G29/><T42/><D47/><U124/><E124/><V67/><F96/><W100/><G36/><T24/><D24/><U105/><E105/><V71/><F71/><W82/><G125/><T68/><D68/><U2/><E2/><V49/><F49/><W75/><G75/><T98/><D90/><N who="3" m="34345" /><G5/><T10/><REACH who="0" step="1"/><D106/><REACH who="0" ten="179,479,177,155" step="2"/><U132/><E7/><V92/><REACH who="2" step="1"/><F86/><REACH who="2" ten="179,479,167,155" step="2"/><W122/><G113/><T133/><D133/><U27/><E132/><V115/><F115/><W89/><G122/><T130/><D130/><U95/><E87/><AGARI ba="0,2" hai="58,59,82,87,89,100,101,103" m="34345,28815" machi="87" ten="30,2000,0" yaku="8,1,54,1" doraHai="6" who="3" fromWho="1" sc="179,0,479,-20,167,0,155,40" /><INIT seed="5,0,0,4,5,87" ten="179,459,167,195" oya="1" hai0="10,88,105,81,29,19,43,74,93,77,84,106,75" hai1="90,112,14,53,72,116,28,66,71,0,68,27,35" hai2="25,20,37,23,69,83,45,98,109,41,56,31,86" hai3="62,11,1,15,70,16,65,123,59,124,80,61,99"/><U8/><E112/><V76/><F69/><W108/><G124/><T85/><D43/><U64/><E116/><V92/><F109/><W129/><G129/><T9/><D29/><U118/><E118/><V46/><F46/><W120/><G108/><T22/><D10/><U2/><E72/><N who="0" m="27689" /><D9/><U135/><E135/><V49/><F37/><W48/><G1/><T13/><D13/><U36/><E36/><V82/><F82/><W21/><G80/><N who="0" m="47119" /><D19/><U101/><E101/><V91/><REACH who="2" step="1"/><F56/><REACH who="2" ten="179,459,157,195" step="2"/><W7/><G70/><T73/><D22/><AGARI ba="0,1" hai="20,22,23,25,31,41,45,49,76,83,86,91,92,98" machi="22" ten="30,8000,1" yaku="1,1,2,1,7,1,8,1,52,1,53,0" doraHai="87" doraHaiUra="113" who="2" fromWho="0" sc="179,-80,459,0,157,90,195,0" /><INIT seed="6,0,0,2,4,132" ten="99,459,247,195" oya="2" hai0="127,32,58,57,37,51,82,24,49,7,17,4,38" hai1="43,0,13,8,66,31,98,16,48,75,118,109,89" hai2="79,125,39,126,108,59,25,41,40,119,71,94,10" hai3="76,124,90,120,54,128,95,88,28,29,105,60,50"/><V30/><F71/><W111/><G105/><T85/><D32/><U116/><E109/><V21/><F119/><W81/><G111/><T103/><D103/><U97/><E75/><V23/><F108/><W74/><G120/><T33/><D33/><U65/><E31/><V70/><F70/><W123/><G123/><T117/><D24/><U92/><E0/><V67/><F79/><W106/><G106/><T69/><D69/><U112/><E112/><V20/><F10/><W101/><G128/><T36/><D17/><U6/><E118/><V114/><F114/><W135/><G135/><T53/><D117/><U107/><E116/><V64/><F94/><W84/><G101/><T14/><D14/><U22/><E107/><V115/><F115/><W102/><G102/><T73/><D73/><U93/><E43/><N who="2" m="16459" /><F39/><W99/><G60/><T96/><D96/><U86/><E48/><V131/><F131/><W121/><G124/><N who="2" m="47721" /><F59/><W5/><G121/><T100/><D100/><U15/><E93/><V44/><F44/><W134/><G134/><T83/><D127/><U68/><E68/><V80/><F80/><W91/><G74/><T35/><D38/><U129/><E129/><V78/><F78/><W46/><G5/><T110/><D110/><U55/><E6/><V72/><F72/><W19/><G76/><T62/><D62/><U9/><E9/><V113/><F113/><W122/><G122/><T34/><REACH who="0" step="1"/><D53/><REACH who="0" ten="89,459,247,195" step="2"/><U2/><E55/><V1/><F1/><W12/><G54/><T26/><D26/><U61/><E2/><V3/><F3/><W130/><G130/><RYUUKYOKU ba="0,1" sc="89,15,459,-15,247,15,195,-15" hai0="4,7,34,35,36,37,49,51,57,58,82,83,85" hai2="20,21,23,25,30,64,67" /><INIT seed="6,1,1,2,2,25" ten="104,444,262,180" oya="2" hai0="44,133,87,109,105,93,119,126,95,21,4,84,77" hai1="82,65,79,54,120,6,76,86,42,50,97,17,68" hai2="37,40,59,118,55,98,89,116,3,41,36,8,80" hai3="45,62,135,28,66,110,128,106,91,112,94,15,33"/><V61/><F3/><W132/><G110/><T73/><D109/><U67/><E120/><V52/><F8/><W14/><G106/><T26/><D126/><U64/><E42/><N who="2" m="16491" /><F89/><W43/><G128/><T90/><D133/><N who="3" m="51273" /><G112/><T18/><D105/><U51/><E6/><V47/><F98/><N who="3" m="57695" /><G28/><T39/><D119/><N who="2" m="45610" /><F80/><W70/><G33/><T63/><D63/><U102/><E17/><V85/><F85/><W5/><G5/><T113/><D113/><U130/><E79/><V29/><F29/><W129/><G129/><T23/><D4/><U124/><E130/><V101/><F101/><W74/><G74/><T117/><D117/><U57/><E102/><V83/><F83/><W19/><G19/><T12/><D44/><U114/><E97/><V30/><F30/><W1/><G1/><T48/><D48/><AGARI ba="1,1" hai="36,37,47,48,52,55,59,61" m="45610,16491" machi="48" ten="30,5800,0" yaku="34,2,54,1" doraHai="25" who="2" fromWho="0" sc="104,-61,444,0,262,71,180,0" /><AGARI ba="1,0" hai="14,15,43,45,48,62,66,70" m="57695,51273" machi="48" ten="30,1000,0" yaku="20,1" doraHai="25" who="3" fromWho="0" sc="43,-10,444,0,333,0,180,10" /><INIT seed="6,2,0,2,4,111" ten="33,444,333,190" oya="2" hai0="119,105,103,101,46,91,34,5,0,131,62,87,74" hai1="59,69,41,55,35,7,123,109,22,63,124,33,120" hai2="13,104,12,130,66,58,49,113,47,14,21,133,81" hai3="31,90,67,93,28,88,6,4,80,108,78,57,2"/><V84/><F104/><W97/><G108/><T75/><D131/><U122/><E109/><V53/><F130/><W70/><G70/><T100/><D119/><U118/><E118/><V115/><F133/><W10/><G4/><T134/><D134/><U76/><E124/><V19/><F66/><W114/><G114/><N who="2" m="43529" /><F58/><W15/><G2/><T39/><D34/><U85/><E69/><V82/><F82/><W92/><G67/><T1/><D105/><U129/><E129/><V36/><F36/><W26/><G57/><T52/><D39/><U71/><E71/><V72/><F72/><W64/><G64/><T32/><D32/><U20/><E41/><V16/><F19/><W135/><G135/><T48/><D62/><U43/><E43/><V89/><AGARI ba="2,0" hai="12,13,14,16,21,47,49,53,81,84,89" m="43529" machi="89" ten="30,12000,1" yaku="15,1,52,3,54,1" doraHai="111" who="2" fromWho="2" sc="33,-42,444,-42,333,126,190,-42" owari="-9,-51.0,402,20.0,459,56.0,148,-25.0" /></mjloggm>