<mjloggm ver="2.3"><GO type="169" lobby="0"/><UN n0="%E3%83%88%E3%82%B7%E3%83%95%E3%83%BC%E3%83%8B" n1="%E8%88%AC%E5%8D%93%E6%B0%91%E3%81%AE%E6%9C%9D%E3%81%AF%E6%97%A9%E3%81%84" n2="%EF%BC%8A%E7%B4%97%E5%BC%A5%E8%8F%AF%EF%BC%8A" n3="%67%73%6B%67%33" dan="18,17,16,16" rate="2218.07,2223.43,2108.00,2138.35" sx="M,M,F,M"/><TAIKYOKU oya="0"/><INIT seed="0,0,0,2,4,27" ten="250,250,250,250" oya="0" hai0="87,62,103,64,70,11,50,121,26,104,99,130,73" hai1="41,9,92,7,19,56,67,25,85,40,81,127,35" hai2="108,2,97,80,118,120,30,119,122,123,59,18,69" hai3="129,4,16,51,83,44,36,55,22,94,133,100,57"/><T95/><D121/><U77/><E127/><V63/><F2/><W48/><G36/><T113/><D113/><U102/><E67/><V68/><F108/><W61/><G129/><T23/><D130/><U116/><E116/><N who="2" m="44587" /><F18/><W34/><G34/><T105/><D73/><U46/><E56/><V28/><F97/><N who="3" m="59447" /><G133/><T32/><D32/><U106/><E106/><V112/><F80/><W52/><G4/><T31/><D87/><U101/><E92/><V109/><F109/><W1/><G1/><T14/><REACH who="0" step="1"/><D50/><REACH who="0" ten="240,250,250,250" step="2"/><U58/><E35/><V33/><F33/><W124/><G124/><T13/><D13/><U6/><E85/><V91/><F112/><W76/><G51/><T128/><D128/><U75/><E75/><V131/><F131/><W49/><G49/><T45/><D45/><U111/><E46/><V3/><F3/><W110/><G110/><T21/><D21/><U24/><E111/><V29/><F91/><W125/><G125/><T8/><D8/><U134/><E9/><V54/><AGARI ba="0,1" hai="28,29,30,54,59,63,68,69,120,122,123" m="44587" machi="54" ten="40,8000,1" yaku="12,1,52,3" doraHai="27" who="2" fromWho="2" sc="240,-40,250,-20,250,90,250,-20" /><INIT seed="1,0,0,5,4,17" ten="200,230,340,230" oya="1" hai0="85,127,38,86,120,5,50,12,80,105,7,116,2" hai1="104,29,95,10,84,21,92,119,31,118,56,123,34" hai2="44,28,106,70,126,94,109,25,51,40,75,91,124" hai3="8,0,59,112,83,108,63,122,37,60,18,82,76"/><U66/><E123/><V135/><F106/><W79/><G112/><T73/><D38/><U15/><E104/><V32/><F75/><W35/><G35/><T20/><D120/><U69/><E69/><V13/><F70/><W77/><G122/><T125/><D105/><U128/><E34/><V4/><F109/><W24/><G37/><T39/><D39/><U3/><E128/><V107/><F107/><W64/><G108/><T36/><D36/><U131/><E131/><V100/><F100/><W67/><G0/><T19/><D73/><U81/><E3/><V43/><F43/><W130/><G130/><T52/><D116/><U74/><E74/><V42/><F42/><W16/><G8/><T98/><D98/><U78/><E118/><V88/><F135/><W90/><G90/><T54/><D54/><U129/><E129/><V96/><F91/><W58/><REACH who="3" step="1"/><G24/><REACH who="3" ten="200,230,340,220" step="2"/><T33/><D33/><U45/><E10/><V61/><F32/><W121/><G121/><T6/><D2/><U27/><E119/><V48/><F25/><W49/><G49/><T14/><D14/><U22/><E15/><V72/><F13/><W132/><G132/><T62/><D62/><N who="1" m="38215" /><E45/><V9/><F44/><W101/><G101/><T117/><D117/><U65/><E65/><V111/><F111/><W55/><G55/><T93/><D50/><U99/><E27/><V134/><F51/><W110/><G110/><T71/><D52/><U41/><E41/><V47/><F40/><W1/><G1/><T46/><D46/><U23/><E95/><N who="2" m="56423" /><F134/><W97/><G97/><T114/><D114/><RYUUKYOKU ba="0,1" sc="200,-15,230,15,340,-15,220,15" hai1="21,22,23,29,31,78,81,84,92,99" hai3="16,18,58,59,60,63,64,67,76,77,79,82,83" /><INIT seed="1,1,1,2,5,80" ten="185,245,325,235" oya="1" hai0="27,48,104,74,57,132,79,54,9,49,2,4,24" hai1="31,52,135,62,94,129,22,107,110,130,93,71,116" hai2="121,97,96,88,118,102,109,92,101,46,14,16,78" hai3="8,73,43,98,112,44,133,69,39,6,113,40,13"/><U83/><E116/><V53/><F121/><W123/><G123/><T131/><D104/><U35/><E107/><V95/><F78/><W25/><G69/><T36/><D132/><U11/><E135/><V38/><F118/><W125/><G133/><T55/><D131/><U37/><E37/><V99/><F109/><W26/><G73/><T77/><D36/><U114/><E114/><V23/><F38/><W126/><G43/><T18/><D74/><U67/><E35/><V89/><F99/><W87/><G98/><T117/><D117/><U106/><E106/><V29/><F29/><W72/><G72/><T33/><D27/><N who="3" m="10249" /><G87/><T59/><REACH who="0" step="1"/><D18/><REACH who="0" ten="175,245,325,235" step="2"/><U90/><E129/><V66/><F66/><W134/><G134/><T108/><D108/><U30/><E130/><V65/><F65/><W0/><G0/><T120/><D120/><U127/><E110/><V68/><F68/><W63/><G63/><T60/><D60/><U58/><E71/><V45/><F53/><W105/><G105/><T100/><D100/><AGARI ba="1,2" hai="14,16,23,45,46,88,89,92,95,96,97,100,101,102" machi="100" ten="40,8000,1" yaku="9,1,8,1,54,2" doraHai="80" who="2" fromWho="0" sc="175,-83,245,0,325,103,235,0" /><INIT seed="2,0,0,3,4,53" ten="92,245,428,235" oya="2" hai0="22,95,115,89,125,60,15,56,92,96,24,90,17" hai1="64,58,108,40,94,78,133,128,14,35,34,126,63" hai2="1,109,11,116,46,71,0,135,91,9,81,3,124" hai3="30,21,68,31,105,49,93,44,51,110,47,100,107"/><V10/><F71/><W37/><G68/><T134/><D134/><U79/><E40/><V129/><F116/><W39/><G93/><T2/><D2/><U38/><E38/><V52/><F135/><W132/><G132/><T85/><D125/><U65/><E133/><V18/><F124/><W84/><G84/><T28/><D115/><U66/><E126/><V130/><F109/><W16/><G21/><T50/><D50/><U80/><E108/><V87/><REACH who="2" step="1"/><F18/><REACH who="2" ten="92,245,418,235" step="2"/><W19/><G110/><T113/><D113/><U123/><E123/><V6/><F6/><W43/><G43/><T59/><REACH who="0" step="1"/><D60/><REACH who="0" ten="82,245,418,235" step="2"/><U20/><E63/><V82/><F82/><W70/><G70/><T103/><D103/><AGARI ba="0,2" hai="16,19,30,31,37,39,44,47,49,51,100,103,105,107" machi="103" ten="25,3200,0" yaku="22,2,54,1" doraHai="53" who="3" fromWho="0" sc="82,-32,245,0,418,0,235,52" /><INIT seed="3,0,0,1,4,18" ten="50,245,418,287" oya="3" hai0="23,19,97,52,119,80,11,60,33,120,113,79,25" hai1="5,16,127,44,42,87,106,76,51,46,34,48,90" hai2="116,133,22,132,122,4,95,91,135,28,47,50,29" hai3="121,41,63,118,2,110,100,101,88,45,27,31,55"/><W125/><G118/><T40/><D119/><U17/><E127/><V108/><F116/><W64/><G121/><T129/><D120/><U86/><E34/><V131/><F122/><W32/><G2/><T130/><D113/><U10/><E106/><V9/><F108/><W112/><G112/><T78/><D40/><U15/><E76/><V69/><F69/><W82/><G125/><T74/><D79/><U66/><E66/><V96/><F131/><W21/><G32/><T85/><D74/><U89/><E87/><V67/><F67/><W65/><G55/><T71/><D33/><U77/><E77/><V117/><F117/><W24/><G24/><T1/><D97/><U8/><E8/><V57/><F57/><N who="3" m="36975" /><G65/><T58/><REACH who="0" step="1"/><D71/><REACH who="0" ten="40,245,418,287" step="2"/><U128/><E128/><V38/><F96/><W134/><G110/><T7/><AGARI ba="0,1" hai="1,7,11,19,23,25,52,58,60,78,80,85,129,130" machi="7" ten="30,12000,2" yaku="1,1,2,1,0,1,52,1,54,1,53,1" doraHai="18" doraHaiUra="83" who="0" fromWho="0" sc="40,130,245,-30,418,-30,287,-60" /><INIT seed="4,0,0,4,3,18" ten="170,215,388,227" oya="0" hai0="60,135,119,93,97,129,108,64,85,92,117,102,2" hai1="77,111,45,125,46,126,29,105,38,120,49,134,88" hai2="76,109,66,41,82,12,21,16,57,5,71,91,50" hai3="31,98,47,36,127,90,20,123,68,4,26,113,9"/><T67/><D2/><U32/><E111/><V27/><F71/><W122/><G68/><T80/><D108/><U15/><E120/><N who="3" m="46122" /><G113/><T52/><D135/><U40/><E134/><V44/><F91/><W99/><G127/><T89/><D129/><U14/><E77/><V100/><F100/><W24/><G90/><T23/><D119/><U6/><E105/><V74/><F109/><W83/><G83/><T116/><D116/><U96/><E29/><V118/><F118/><W78/><G78/><T75/><D117/><U115/><E32/><V87/><F74/><W112/><G112/><T121/><D121/><U17/><E6/><V101/><F101/><W3/><G26/><T0/><D0/><U13/><E115/><V54/><F66/><W1/><G1/><T73/><D73/><U62/><E62/><V53/><F57/><W133/><G133/><T7/><D7/><U28/><E28/><V70/><F70/><W43/><AGARI ba="0,0" hai="3,4,9,20,24,31,36,43,47,98,99" m="46122" machi="43" ten="30,2000,0" yaku="13,1,52,1" doraHai="18" who="3" fromWho="3" sc="170,-10,215,-5,388,-5,227,20" /><INIT seed="5,0,0,1,1,118" ten="160,210,383,247" oya="1" hai0="126,41,93,8,116,100,89,132,70,42,87,54,108" hai1="122,2,21,25,77,110,120,75,40,92,96,102,66" hai2="20,9,18,61,64,53,121,99,62,112,59,46,124" hai3="97,55,101,56,133,19,67,36,50,68,26,5,117"/><U52/><E2/><V119/><F119/><W84/><G117/><T109/><D116/><U103/><E110/><V129/><F124/><W29/><G133/><T0/><D126/><U16/><E40/><V43/><F129/><W91/><G36/><T1/><D132/><U31/><E66/><V98/><F9/><W35/><G5/><T28/><D70/><U30/><E102/><V63/><F112/><W94/><G19/><T74/><D74/><U14/><E31/><V3/><F3/><W60/><REACH who="3" step="1"/><G84/><REACH who="3" ten="160,210,383,237" step="2"/><T72/><D109/><U65/><E65/><V10/><F64/><W57/><G57/><T37/><D108/><U17/><E17/><V125/><F18/><W79/><G79/><T86/><D72/><U47/><E77/><V45/><F59/><W38/><G38/><T76/><D37/><U7/><E7/><V78/><F78/><W22/><G22/><T11/><D28/><U88/><E75/><V23/><F20/><W85/><G85/><T39/><D39/><U33/><REACH who="1" step="1"/><E103/><AGARI ba="0,1" hai="26,29,35,50,55,56,60,67,68,91,94,97,101,103" machi="103" ten="40,1300,0" yaku="1,1,53,0" doraHai="118" doraHaiUra="111" who="3" fromWho="1" sc="160,0,210,-13,383,0,237,23" /><INIT seed="6,0,0,1,2,66" ten="160,197,383,260" oya="2" hai0="83,87,82,29,65,81,22,1,127,75,114,69,54" hai1="2,5,128,129,120,48,93,26,112,19,76,7,113" hai2="3,49,102,42,34,27,77,17,73,32,125,37,103" hai3="71,55,58,126,56,28,40,94,121,96,78,97,86"/><V62/><F37/><W8/><G121/><T119/><D1/><U132/><E76/><V38/><F38/><W122/><G122/><T67/><D75/><U18/><E120/><V64/><F3/><W72/><G72/><T11/><D114/><U123/><E123/><V130/><F130/><N who="1" m="50281" /><E48/><V25/><F125/><W61/><G40/><T131/><D131/><U100/><E100/><V35/><F77/><W101/><G28/><T46/><D127/><U133/><E93/><V15/><F73/><W16/><G126/><T6/><D119/><U52/><E52/><V30/><F49/><W13/><G97/><T50/><D87/><U59/><E59/><V23/><F42/><W99/><G99/><T135/><D135/><N who="1" m="51787" /><E26/><V31/><F35/><W117/><G58/><AGARI ba="0,0" hai="15,17,23,25,27,30,31,32,34,58,62,64,102,103" machi="58" ten="30,2900,0" yaku="7,1,9,1" doraHai="66" who="2" fromWho="3" sc="160,0,197,0,383,29,260,-29" /><INIT seed="6,1,0,4,3,26" ten="160,197,412,231" oya="2" hai0="135,102,8,106,109,91,132,69,64,66,107,80,67" hai1="68,54,33,76,97,18,131,79,11,39,61,71,129" hai2="47,38,85,36,70,82,114,28,31,22,44,95,93" hai3="115,78,112,103,88,42,58,100,83,7,122,125,52"/><V60/><F22/><W40/><G122/><T14/><D69/><U111/><E111/><V24/><F24/><W119/><G119/><T90/><D109/><U41/><E33/><V46/><F114/><N who="3" m="43563" /><G7/><T101/><D14/><U19/><E97/><V118/><F118/><W77/><G125/><T20/><D20/><U10/><E41/><N who="3" m="15978" /><G88/><N who="0" m="33835" /><D80/><U124/><E61/><V13/><F13/><W27/><G27/><T43/><D43/><U37/><REACH who="1" step="1"/><E54/><REACH who="1" ten="160,187,412,231" step="2"/><V1/><F60/><N who="3" m="35911" /><G78/><T23/><D8/><U133/><E133/><N who="0" m="51273" /><D23/><U2/><E2/><V130/><F1/><W50/><G50/><T116/><D116/><U51/><E51/><V99/><F38/><W126/><G126/><AGARI ba="1,1" hai="10,11,18,19,37,39,68,71,76,79,124,126,129,131" machi="126" ten="25,3200,0" yaku="1,1,22,2,53,0" doraHai="26" doraHaiUra="128" who="1" fromWho="3" sc="160,0,187,45,412,0,231,-35" /><INIT seed="7,0,0,0,2,62" ten="160,232,412,196" oya="3" hai0="42,86,12,77,57,26,84,71,27,64,67,104,18" hai1="58,73,90,28,69,101,30,17,80,132,115,44,118" hai2="75,53,119,87,51,105,133,21,98,121,108,125,93" hai3="122,130,110,8,31,124,49,43,76,47,135,41,79"/><W22/><G122/><T131/><D71/><U20/><E69/><V97/><F75/><W14/><G130/><T99/><D131/><U116/><E115/><V60/><F105/><W89/><G135/><T123/><D123/><U16/><E132/><V37/><F37/><W34/><G34/><T63/><D104/><U13/><E101/><V92/><F119/><N who="1" m="45609" /><E58/><V127/><F108/><W102/><G124/><N who="2" m="47689" /><F60/><W56/><G102/><T74/><D74/><U45/><E17/><V40/><F40/><W7/><G110/><T35/><D35/><U82/><E90/><N who="2" m="53343" /><F93/><W96/><G43/><T55/><D99/><U107/><E107/><V117/><F117/><W83/><G56/><T39/><D39/><U103/><E103/><V134/><F121/><W50/><G50/><T10/><D42/><U11/><E11/><V109/><F109/><W65/><G96/><T6/><D86/><U48/><E45/><N who="2" m="27887" /><F134/><W2/><G41/><T4/><D4/><U25/><E73/><V9/><F9/><W100/><G7/><T52/><D55/><N who="1" m="30087" /><E25/><N who="0" m="9225" /><D6/><U126/><E126/><V23/><F133/><W114/><G8/><T33/><D33/><U59/><E59/><V91/><F98/><W0/><G47/><T95/><D95/><U120/><E120/><V70/><F70/><W111/><G111/><T85/><D85/><U112/><E112/><V5/><F5/><W32/><G114/><T128/><D128/><U81/><AGARI ba="0,0" hai="13,16,20,28,30,80,81,82" m="30087,45609" machi="81" ten="30,2000,0" yaku="12,1,54,1" doraHai="62" who="1" fromWho="1" sc="160,-5,232,20,412,-5,196,-10" owari="155,-34.0,252,5.0,407,50.0,186,-21.0" /></mjloggm>