<mjloggm ver="2.3"><GO type="169" lobby="0"/><UN n0="%E3%83%89%E3%83%A9%E6%AC%A1%E9%83%8E" n1="%E4%BC%8A%E8%97%A4%E4%B8%87%E7%90%86%E8%8F%AF" n2="%E8%91%B5%E3%81%A1%E3%82%83%E3%82%93" n3="%68%61%79%61%74%6F%E2%98%86" dan="17,16,17,17" rate="2161.63,2122.81,2128.10,2144.90" sx="M,F,F,M"/><TAIKYOKU oya="0"/><INIT seed="0,0,0,4,3,54" ten="250,250,250,250" oya="0" hai0="93,124,127,76,67,89,94,45,115,19,70,6,55" hai1="30,33,10,24,129,103,48,63,3,22,126,68,120" hai2="25,16,26,114,84,88,72,133,82,15,27,2,112" hai3="110,64,117,85,11,121,20,42,135,119,8,101,95"/><T78/><D115/><U81/><E120/><V106/><F2/><W130/><G42/><T77/><D6/><U41/><E126/><N who="0" m="48169" /><D70/><U98/><E129/><V97/><F72/><W71/><G130/><T18/><D67/><U57/><E81/><V96/><F133/><W17/><G135/><T87/><D94/><U113/><E113/><V38/><F38/><W61/><G121/><T32/><D32/><U7/><E68/><V37/><F97/><W90/><G101/><T75/><D75/><U14/><E41/><V35/><F35/><W69/><G69/><T47/><D47/><U92/><E48/><AGARI ba="0,0" hai="18,19,45,48,55,76,77,78,87,89,93" m="48169" machi="48" ten="30,1500,0" yaku="18,1" doraHai="54" who="0" fromWho="1" sc="250,15,250,-15,250,0,250,0" /><INIT seed="0,1,0,3,4,89" ten="265,235,250,250" oya="0" hai0="99,105,101,65,69,28,15,85,5,46,119,10,56" hai1="22,67,114,13,94,87,73,97,6,88,40,98,64" hai2="96,50,34,117,31,16,3,120,81,47,9,32,24" hai3="27,20,35,123,37,51,127,90,11,54,77,113,44"/><T118/><D69/><U111/><E111/><V102/><F120/><W125/><G113/><T124/><D124/><U68/><E114/><V84/><F117/><W38/><G35/><T109/><D109/><U19/><E73/><V91/><F34/><W132/><G77/><T75/><D75/><U80/><E68/><V78/><F3/><W121/><G11/><T76/><D28/><U66/><E40/><V23/><F9/><W83/><G83/><T42/><D76/><U57/><E6/><V130/><F130/><W112/><G112/><T135/><D135/><U0/><E0/><V115/><F115/><W1/><G1/><T70/><D70/><U43/><E43/><V18/><F32/><W26/><G26/><T7/><D7/><U45/><E45/><V62/><F62/><W128/><G90/><T59/><D85/><U72/><E72/><V60/><F60/><W93/><G128/><T110/><D110/><U134/><E134/><V4/><F4/><W61/><G61/><T100/><D100/><N who="1" m="60471" /><E98/><V29/><F78/><W33/><G33/><T14/><D14/><U30/><E30/><V63/><F63/><AGARI ba="1,0" hai="13,19,22,57,63,64,66,67,80,87,88" m="60471" machi="63" ten="30,3900,0" yaku="8,1,52,1,54,1" doraHai="89" who="1" fromWho="2" sc="265,0,235,42,250,-42,250,0" /><INIT seed="1,0,0,2,1,103" ten="265,277,208,250" oya="1" hai0="20,34,53,33,50,133,23,74,45,16,57,130,54" hai1="125,15,51,118,75,3,73,77,31,109,114,68,17" hai2="94,52,83,59,122,29,97,81,107,25,106,13,47" hai3="85,43,2,135,65,108,1,98,101,100,61,38,21"/><U10/><E114/><V76/><F122/><W72/><G72/><T5/><D74/><U96/><E118/><V64/><F64/><W56/><G101/><T86/><D133/><U48/><E68/><V92/><F47/><W117/><G117/><T35/><D130/><U63/><E75/><V24/><F13/><W128/><G128/><T120/><D120/><U112/><E112/><V49/><F25/><W62/><G135/><T79/><D5/><U19/><E3/><V36/><F36/><W4/><G4/><T134/><D134/><U102/><E31/><V32/><F94/><W93/><G62/><T67/><D67/><U88/><E63/><V127/><F127/><W11/><G11/><T30/><D30/><U22/><E109/><V27/><F27/><W111/><G85/><T91/><D79/><U37/><E37/><V124/><F124/><W26/><G43/><T9/><D9/><U121/><E77/><V105/><REACH who="2" step="1"/><F76/><REACH who="2" ten="265,277,198,250" step="2"/><W110/><G38/><T12/><D23/><U123/><E125/><V8/><F8/><W116/><G116/><T115/><D115/><U18/><E22/><V99/><F99/><W14/><G14/><T104/><D35/><U55/><E123/><V90/><AGARI ba="0,1" hai="24,29,32,49,52,59,81,83,90,92,97,105,106,107" machi="90" ten="30,12000,2" yaku="1,1,0,1,52,3,54,1,53,0" doraHai="103" doraHaiUra="39" who="2" fromWho="2" sc="265,-30,277,-60,198,130,250,-30" /><INIT seed="2,0,0,1,4,108" ten="235,217,328,220" oya="2" hai0="14,23,98,18,106,103,93,5,75,22,16,89,54" hai1="48,41,126,111,6,58,61,132,64,27,0,65,56" hai2="91,78,47,55,130,123,80,116,118,81,122,95,112" hai3="59,68,73,77,79,26,124,128,104,45,62,133,105"/><V60/><F60/><W37/><G68/><T129/><D129/><U107/><E107/><V66/><F66/><W28/><G128/><T35/><D35/><U46/><E0/><V99/><F130/><W88/><G124/><T17/><D75/><U120/><E6/><V24/><F24/><W76/><G73/><T39/><D39/><U33/><E33/><V74/><F47/><W96/><G133/><T109/><D109/><U50/><E27/><V119/><F55/><W9/><G9/><T67/><D67/><N who="1" m="39335" /><E111/><V135/><F135/><W19/><G19/><T13/><D5/><U110/><E110/><V31/><F31/><W32/><G45/><T117/><D117/><U86/><E86/><V7/><F7/><W53/><G37/><T38/><D38/><N who="1" m="21815" /><E65/><V12/><F12/><W2/><G2/><T30/><D30/><U29/><E29/><V8/><F8/><W40/><G40/><T115/><D18/><U82/><E82/><V25/><F25/><W34/><G34/><T113/><REACH who="0" step="1"/><D54/><REACH who="0" ten="225,217,328,220" step="2"/><U11/><E132/><V43/><F118/><W97/><G28/><T114/><D114/><U87/><E64/><V71/><F116/><W131/><G32/><T94/><D94/><U85/><E126/><V42/><F119/><W10/><G131/><T102/><D102/><U49/><E120/><V92/><F123/><W100/><G100/><T121/><D121/><U52/><E11/><V21/><F122/><W84/><G10/><T36/><D36/><U4/><E4/><V57/><F95/><W20/><G105/><T63/><D63/><U44/><E50/><RYUUKYOKU ba="0,1" sc="225,15,217,15,328,-15,220,-15" hai0="13,14,16,17,22,23,89,93,98,103,106,113,115" hai1="44,48,49,52,58,85,87" /><INIT seed="3,1,1,5,5,70" ten="240,232,313,205" oya="3" hai0="2,123,7,6,112,106,48,16,73,41,14,96,108" hai1="93,34,67,129,66,122,37,103,127,17,130,38,12" hai2="30,46,109,133,72,3,107,27,8,29,69,18,59" hai3="83,63,74,47,117,86,113,11,87,111,57,55,125"/><W35/><G117/><T132/><D123/><U61/><E122/><V110/><F69/><W51/><G113/><T101/><D112/><U22/><E34/><V32/><F72/><W65/><G35/><T54/><D73/><U97/><E127/><V43/><F107/><W120/><G120/><T95/><D108/><N who="2" m="41578" /><F133/><W81/><G111/><T23/><D132/><U98/><E98/><V128/><F128/><N who="1" m="49257" /><E61/><V88/><F30/><W19/><G125/><T68/><D68/><U52/><E52/><V90/><F59/><W77/><G74/><T134/><D134/><U135/><E135/><V85/><F85/><N who="3" m="32267" /><G77/><T92/><D41/><U26/><E26/><V91/><F3/><W21/><G11/><T4/><REACH who="0" step="1"/><D2/><REACH who="0" ten="230,232,313,205" step="2"/><U89/><E103/><V9/><F43/><W126/><G126/><T71/><D71/><U15/><E15/><AGARI ba="1,2" hai="15,19,21,47,51,55,57,63,65,81,83" m="32267" machi="15" ten="30,1500,0" yaku="8,1" doraHai="70" who="3" fromWho="1" sc="230,0,232,-18,313,0,205,38" /><INIT seed="3,2,0,0,2,48" ten="230,214,313,243" oya="3" hai0="109,59,63,101,1,120,15,106,57,88,134,129,105" hai1="132,6,90,33,49,112,28,24,26,115,78,133,94" hai2="13,16,7,107,54,79,3,98,121,65,127,21,39" hai3="126,32,102,111,124,73,41,100,91,83,71,84,80"/><W46/><G71/><T119/><D119/><U19/><E78/><V55/><F39/><W5/><G32/><T56/><D120/><U60/><E60/><V116/><F116/><W2/><G111/><T96/><D1/><U50/><E94/><V72/><F121/><W66/><G66/><T131/><D109/><U125/><E90/><V18/><F65/><W82/><G5/><T45/><D134/><N who="1" m="51819" /><E6/><V110/><F110/><W95/><G2/><T35/><D35/><U62/><E62/><V22/><F127/><N who="3" m="48683" /><G73/><T42/><D106/><U43/><E125/><V104/><F7/><W75/><G75/><T93/><D15/><U123/><E123/><V70/><F3/><W23/><G23/><T9/><D9/><U12/><E43/><V74/><F70/><W14/><G14/><T128/><D63/><U52/><E49/><AGARI ba="2,0" hai="41,46,49,80,82,83,84,91,95,100,102" m="48683" machi="49" ten="30,1500,0" yaku="18,1" doraHai="48" who="3" fromWho="1" sc="230,0,214,-21,313,0,243,21" /><INIT seed="3,3,0,3,0,79" ten="230,193,313,264" oya="3" hai0="133,31,90,105,93,116,91,45,97,101,117,59,88" hai1="82,126,43,134,53,63,75,48,94,73,81,16,99" hai2="28,10,37,4,130,46,95,119,98,55,66,61,35" hai3="85,44,113,21,107,17,15,13,39,122,89,57,115"/><W7/><G107/><T12/><D133/><U76/><E134/><V29/><F130/><W112/><G122/><T6/><D31/><U20/><E126/><V124/><F124/><W8/><G57/><T3/><D3/><U72/><E43/><V65/><F119/><W120/><G120/><T110/><D110/><U62/><E62/><V87/><F87/><W77/><G77/><T114/><D114/><U83/><E63/><V50/><F37/><W74/><G74/><T25/><D25/><U109/><E109/><V69/><F66/><W132/><G132/><T71/><D71/><U54/><E76/><V127/><F35/><W67/><G67/><T32/><D32/><U11/><E11/><V14/><REACH who="2" step="1"/><F127/><REACH who="2" ten="230,193,303,264" step="2"/><W51/><G39/><T18/><D117/><U30/><E30/><V33/><F33/><W80/><REACH who="3" step="1"/><G115/><REACH who="3" ten="230,193,303,254" step="2"/><T9/><D116/><U104/><E73/><V86/><F86/><W36/><G36/><T131/><D131/><U19/><E75/><V40/><F40/><AGARI ba="3,2" hai="7,8,13,15,17,21,40,44,51,80,85,89,112,113" machi="40" ten="30,5800,0" yaku="1,1,7,1,52,1,53,0" doraHai="79" doraHaiUra="68" who="3" fromWho="2" sc="230,0,193,0,303,-67,254,87" /><INIT seed="3,4,0,5,5,71" ten="230,193,236,341" oya="3" hai0="63,123,49,82,57,1,50,17,105,67,111,112,130" hai1="30,37,51,68,91,34,3,22,9,77,25,90,95" hai2="78,117,99,131,134,73,107,93,129,61,132,125,5" hai3="39,33,15,116,81,8,74,120,21,92,135,75,48"/><W128/><G120/><T98/><D123/><U36/><E68/><V127/><F5/><W101/><G33/><T70/><D1/><U64/><E64/><V122/><F61/><W119/><G21/><T47/><D111/><U83/><E34/><V53/><F122/><W109/><G109/><T7/><D130/><N who="2" m="49674" /><F53/><W46/><G128/><T20/><D112/><U113/><E113/><V52/><F52/><W118/><G81/><T0/><D7/><U80/><E3/><V32/><F32/><W89/><G101/><T6/><D6/><U72/><E9/><V102/><F117/><W60/><G60/><T23/><D0/><U16/><E30/><V2/><F2/><W94/><G94/><T29/><D29/><U76/><E51/><V87/><F73/><W66/><G66/><T14/><D50/><U56/><E56/><V45/><F45/><W18/><G48/><T19/><D70/><U13/><E25/><V44/><F44/><W104/><G75/><T38/><D49/><U85/><REACH who="1" step="1"/><E91/><REACH who="1" ten="230,183,236,341" step="2"/><N who="2" m="53503" /><F78/><W114/><G114/><T97/><D57/><U12/><E12/><V43/><F43/><W31/><G15/><T35/><D35/><U40/><E40/><V96/><F96/><AGARI ba="4,1" hai="13,16,22,36,37,72,76,77,80,83,85,90,95,96" machi="96" ten="30,8000,1" yaku="1,1,7,1,52,2,54,1,53,0" doraHai="71" doraHaiUra="133" who="1" fromWho="2" sc="230,0,183,102,236,-92,341,0" /><INIT seed="4,0,0,3,5,46" ten="230,285,144,341" oya="0" hai0="17,1,47,78,101,24,83,125,66,14,30,77,128" hai1="88,54,105,3,117,5,57,9,35,15,65,67,42" hai2="84,13,121,107,45,38,37,69,2,39,90,51,64" hai3="33,7,61,75,76,52,98,53,58,4,80,11,6"/><T123/><D123/><U0/><E117/><V94/><F121/><W133/><G133/><T114/><D1/><U8/><E35/><V28/><F2/><W119/><G119/><T63/><D128/><U87/><E105/><V23/><F107/><W104/><G33/><T31/><D125/><U22/><E42/><V49/><F45/><W73/><G73/><T74/><D114/><U135/><E22/><V85/><F85/><W131/><G131/><T95/><D78/><U113/><E135/><V93/><F93/><W122/><G122/><T36/><D101/><U115/><E0/><V111/><F111/><W19/><G19/><T109/><D109/><U59/><E59/><V86/><F86/><W92/><G53/><T132/><D132/><U97/><E97/><V20/><F20/><W134/><G104/><T41/><D95/><U18/><E115/><V106/><F106/><W29/><G29/><T48/><D36/><U99/><E99/><V56/><F69/><W110/><G110/><T112/><D24/><U89/><E89/><V44/><F44/><W40/><G40/><T68/><REACH who="0" step="1"/><D112/><REACH who="0" ten="220,285,144,341" step="2"/><U124/><E124/><V50/><F13/><W108/><G108/><T10/><AGARI ba="0,1" hai="10,14,17,30,31,41,47,48,63,66,68,74,77,83" machi="10" ten="20,12000,1" yaku="1,1,2,1,0,1,7,1,52,1,53,0" doraHai="46" doraHaiUra="70" who="0" fromWho="0" sc="220,130,285,-40,144,-40,341,-40" /><INIT seed="4,1,0,1,2,114" ten="350,245,104,301" oya="0" hai0="62,69,56,104,41,43,35,11,23,71,77,70,12" hai1="126,31,34,21,98,91,74,116,105,132,97,65,53" hai2="100,57,58,67,120,117,5,110,47,49,130,107,82" hai3="96,88,101,33,37,80,9,55,115,0,94,18,22"/><T14/><D35/><U44/><E74/><V83/><F110/><W75/><G33/><T87/><D104/><U13/><E34/><V119/><F120/><W95/><G37/><T124/><D124/><U66/><E105/><V38/><F130/><W29/><G29/><T4/><D77/><U78/><E78/><V129/><F129/><W32/><G32/><T16/><REACH who="0" step="1"/><D87/><REACH who="0" ten="340,245,104,301" step="2"/><U36/><E126/><V64/><F107/><W76/><G115/><T63/><D63/><U118/><E118/><N who="2" m="45067" /><F100/><W27/><G101/><T86/><D86/><U51/><E116/><V102/><F102/><W46/><G75/><T81/><D81/><N who="2" m="30730" /><F5/><W26/><G76/><T121/><D121/><U99/><E91/><V52/><F38/><W28/><G80/><T106/><D106/><U50/><E36/><V39/><F39/><W8/><G88/><T10/><D10/><U20/><E132/><V112/><F112/><W84/><G8/><T111/><D111/><U48/><E21/><V61/><F67/><AGARI ba="1,1" hai="4,11,12,14,16,23,41,43,56,62,67,69,70,71" machi="67" ten="40,3900,0" yaku="1,1,54,1,53,0" doraHai="114" doraHaiUra="24" who="0" fromWho="2" sc="340,52,245,0,104,-42,301,0" /><INIT seed="4,2,0,3,0,116" ten="392,245,62,301" oya="0" hai0="81,78,31,45,72,21,20,122,29,36,88,63,108" hai1="43,114,79,68,107,128,113,85,34,10,71,92,51" hai2="60,75,3,39,53,131,133,54,48,95,134,24,8" hai3="77,100,42,70,80,86,127,65,115,11,117,126,73"/><T2/><D2/><U93/><E107/><V16/><F75/><W61/><G117/><T109/><D122/><U104/><E104/><V103/><F39/><W56/><G115/><N who="1" m="44042" /><E34/><V33/><F131/><W50/><G100/><T90/><D63/><U6/><E128/><V94/><F33/><W22/><G22/><N who="0" m="8811" /><D36/><U69/><E79/><V27/><F60/><W62/><G11/><T14/><D45/><N who="1" m="26047" /><E85/><V18/><F48/><W99/><G73/><T59/><D59/><U102/><E102/><V4/><F8/><W47/><REACH who="3" step="1"/><G99/><REACH who="3" ten="392,245,62,291" step="2"/><T55/><D109/><U87/><E87/><V130/><F130/><W17/><G17/><T12/><D108/><U84/><E84/><V91/><F103/><W106/><G106/><T74/><D74/><U44/><E44/><V46/><F46/><W40/><G40/><T15/><D72/><U32/><E32/><V30/><F30/><W118/><G118/><T23/><D31/><U67/><E67/><AGARI ba="2,1" hai="42,47,50,56,61,62,65,67,70,77,80,86,126,127" machi="67" ten="40,1300,0" yaku="1,1,53,0" doraHai="116" doraHaiUra="7" who="3" fromWho="1" sc="392,0,245,-19,62,0,291,29" /><INIT seed="5,0,0,0,1,26" ten="392,226,62,320" oya="1" hai0="90,45,64,22,74,9,34,83,51,103,23,72,76" hai1="41,36,95,101,105,5,12,8,124,87,53,88,118" hai2="66,133,32,106,102,39,73,28,131,129,25,67,114" hai3="11,127,128,109,38,7,20,18,17,40,75,16,60"/><U112/><E118/><V113/><F73/><W78/><G109/><T65/><D34/><U80/><E112/><N who="2" m="43115" /><F39/><W31/><G127/><T93/><D74/><U122/><E122/><V58/><F133/><W107/><G107/><T68/><D103/><U132/><E132/><V56/><F102/><W61/><G128/><N who="2" m="49225" /><F106/><W120/><G120/><T42/><D9/><U108/><E124/><V89/><F89/><W21/><G21/><T0/><D0/><U33/><E108/><V97/><F97/><W70/><G78/><T84/><D68/><U85/><E33/><V13/><F13/><W27/><G70/><T50/><D50/><U43/><E36/><V100/><F100/><W30/><G75/><T29/><D23/><U79/><E105/><V94/><F94/><W116/><G116/><T91/><D91/><U99/><REACH who="1" step="1"/><E53/><REACH who="1" ten="392,216,62,320" step="2"/><V69/><F69/><W77/><G38/><T48/><D65/><AGARI ba="0,1" hai="25,28,32,56,58,65,66,67" m="49225,43115" machi="65" ten="30,7700,0" yaku="15,1,11,1,19,1,52,1" doraHai="26" who="2" fromWho="0" sc="392,-77,216,0,62,87,320,0" /><INIT seed="6,0,0,2,4,88" ten="315,216,149,320" oya="2" hai0="11,90,12,52,16,125,130,2,14,56,82,99,34" hai1="61,103,50,108,55,68,59,117,37,116,118,134,135" hai2="92,124,85,73,76,33,6,3,93,51,121,84,9" hai3="102,4,112,53,100,44,94,132,89,95,39,122,10"/><V80/><F121/><W113/><G122/><T105/><D130/><U41/><E103/><N who="3" m="39466" /><G89/><T1/><D105/><U23/><E23/><V19/><F33/><W43/><G53/><T42/><D34/><U17/><E17/><V21/><F124/><W35/><G35/><T119/><D125/><U7/><E7/><V48/><F73/><W46/><G44/><T38/><D119/><U75/><E75/><V36/><F36/><W15/><G132/><N who="1" m="50730" /><E108/><V96/><F84/><W40/><G40/><T69/><D69/><U86/><E86/><V13/><REACH who="2" step="1"/><F96/><REACH who="2" ten="315,216,139,320" step="2"/><W45/><G39/><T87/><D38/><U65/><E118/><V5/><F5/><W24/><G4/><T126/><D126/><U47/><AGARI ba="0,1" hai="37,41,47,50,55,59,61,65,68,116,117" m="50730" machi="47" ten="30,7900,0" yaku="24,1,20,1,34,2" doraHai="88" who="1" fromWho="1" sc="315,-20,216,89,139,-39,320,-20" /><INIT seed="7,0,0,4,3,20" ten="295,305,100,300" oya="3" hai0="89,110,105,82,60,79,44,119,40,51,121,101,111" hai1="32,107,19,74,47,86,122,70,85,56,83,2,57" hai2="48,88,26,117,100,90,17,36,25,13,5,104,65" hai3="99,128,29,115,50,106,84,63,133,124,108,67,45"/><W116/><G116/><T95/><D121/><U41/><E70/><V77/><F117/><W52/><G115/><T21/><D119/><U125/><E74/><V66/><F36/><W71/><G124/><T34/><D34/><U55/><E107/><V4/><F77/><W134/><G128/><T61/><D101/><U103/><E2/><V93/><F104/><W1/><G1/><T9/><D105/><U113/><E32/><V127/><F127/><W23/><G84/><N who="0" m="48223" /><D110/><U12/><E125/><V43/><F100/><N who="3" m="62751" /><G23/><T16/><D9/><U118/><E122/><V46/><F5/><W131/><G131/><T28/><D28/><U98/><E113/><V76/><F76/><W35/><G108/><T97/><D111/><U135/><E118/><V14/><F4/><W58/><G58/><T15/><AGARI ba="0,0" hai="15,16,21,40,44,51,60,61,89,95,97" m="48223" machi="15" ten="30,2000,0" yaku="8,1,54,1" doraHai="20" who="0" fromWho="0" sc="295,20,305,-5,100,-5,300,-10" owari="315,41.0,300,10.0,95,-40.0,290,-11.0" /></mjloggm>