<mjloggm ver="2.3"><GO type="169" lobby="0"/><UN n0="%E9%81%8A%E8%B5%B0" n1="%63%6F%62%65%68%6F%70%65" n2="%E4%BD%BF%E5%BE%92%E2%80%A0%E3%82%84%E3%82%93%E3%81%97%E3%81%97%E3%83%BC" n3="%E5%A4%A9%E6%9C%88%E3%82%81%E3%81%90%E3%82%8B" dan="16,16,16,17" rate="2160.47,2042.39,2075.30,2156.18" sx="M,M,F,F"/><TAIKYOKU oya="0"/><INIT seed="0,0,0,1,1,55" ten="250,250,250,250" oya="0" hai0="19,28,18,44,36,39,109,2,102,52,22,103,68" hai1="125,41,81,130,126,128,115,47,92,63,113,111,24" hai2="69,35,38,21,98,3,101,124,42,76,83,84,86" hai3="95,89,85,122,56,116,91,49,15,121,34,67,105"/><T40/><D68/><U100/><E100/><V10/><F35/><W72/><G105/><T82/><D2/><U14/><E92/><V123/><F123/><W129/><G72/><T88/><D39/><U8/><E24/><V50/><F124/><N who="1" m="47721" /><E81/><V65/><F21/><W6/><G34/><T93/><D109/><U37/><E111/><V13/><F38/><W7/><G116/><T32/><D82/><U79/><E79/><V11/><F84/><W23/><G129/><N who="1" m="49770" /><E63/><V53/><F83/><W45/><G91/><T73/><D73/><U70/><E70/><V134/><F101/><W9/><G122/><T87/><D32/><U5/><AGARI ba="0,0" hai="5,8,14,37,41,47,113,115" m="49770,47721" machi="5" ten="40,2700,0" yaku="18,1,19,1" doraHai="55" who="1" fromWho="1" sc="250,-13,250,27,250,-7,250,-7" /><INIT seed="1,0,0,2,2,6" ten="237,277,243,243" oya="1" hai0="27,23,55,108,83,51,33,48,94,75,105,128,121" hai1="110,86,103,89,109,30,34,22,57,11,126,46,42" hai2="50,10,84,79,125,81,112,70,44,76,91,36,66" hai3="40,104,132,93,60,97,102,111,4,118,25,9,68"/><U92/><E34/><V78/><F125/><W106/><G111/><N who="1" m="42506" /><E126/><V7/><F112/><W43/><G118/><T82/><D105/><U28/><E22/><V123/><F123/><W26/><G132/><T14/><D33/><U124/><E124/><V116/><F116/><W1/><G106/><T74/><D108/><U129/><E129/><V63/><F36/><W69/><G69/><T20/><D128/><U39/><E103/><V120/><F120/><W15/><G104/><T77/><D121/><U52/><E11/><V61/><F61/><AGARI ba="0,0" hai="28,30,39,42,46,52,57,61,86,89,92" m="42506" machi="61" ten="30,5800,0" yaku="14,1,10,1,54,1" doraHai="6" who="1" fromWho="2" sc="237,0,277,58,243,-58,243,0" /><INIT seed="1,1,0,2,3,77" ten="237,335,185,243" oya="1" hai0="63,126,23,16,57,38,108,96,86,76,48,30,125" hai1="67,40,12,22,131,6,62,42,132,13,106,90,4" hai2="5,47,81,113,119,28,8,124,9,133,73,130,3" hai3="11,109,120,43,54,134,102,1,123,112,55,103,98"/><U74/><E106/><V80/><F119/><W118/><G112/><T99/><D38/><U71/><E131/><V101/><F113/><W10/><G118/><T61/><D30/><U44/><E132/><V115/><F115/><W0/><G43/><T105/><D48/><U121/><E121/><V110/><F110/><W15/><G98/><T114/><D114/><U127/><E127/><N who="0" m="48649" /><D108/><U122/><E122/><V60/><F124/><W93/><G93/><T78/><D63/><U51/><E74/><V29/><F73/><W27/><G15/><N who="0" m="9631" /><D86/><U85/><E42/><V87/><F87/><W59/><G59/><T75/><D75/><U129/><E129/><V88/><F60/><W69/><G109/><T31/><D31/><U46/><E46/><V33/><F47/><W111/><G111/><T34/><D34/><U117/><E117/><V58/><F58/><W50/><G50/><T20/><D20/><U49/><E49/><V79/><F33/><W94/><G69/><T56/><D56/><N who="1" m="37319" /><E13/><V35/><F35/><W82/><G123/><T104/><D99/><U100/><E71/><V97/><F97/><W72/><G120/><T53/><D105/><U83/><E100/><AGARI ba="1,0" hai="53,57,61,76,78,96,100,104" m="9631,48649" machi="100" ten="30,2000,0" yaku="18,1,54,1" doraHai="77" who="0" fromWho="1" sc="237,23,335,-23,185,0,243,0" /><INIT seed="2,0,0,3,2,47" ten="260,312,185,243" oya="2" hai0="69,56,77,28,29,80,22,104,110,117,32,36,5" hai1="79,89,66,126,2,131,106,60,37,90,62,82,34" hai2="71,125,108,88,113,128,67,75,63,42,40,52,129" hai3="43,51,16,20,45,50,121,44,27,7,115,97,100"/><V12/><F75/><W81/><G115/><T59/><D69/><U103/><E2/><V13/><F113/><W105/><G121/><T91/><D32/><U64/><E37/><V84/><F125/><W93/><G7/><T114/><D104/><U123/><E123/><V130/><F108/><W78/><G105/><T54/><D114/><U0/><E0/><V65/><F65/><W4/><G4/><T26/><D36/><U107/><E34/><V86/><F86/><W58/><G58/><T17/><D110/><U133/><E131/><V99/><F99/><W49/><G44/><T87/><D117/><U3/><E3/><V76/><F76/><W35/><G35/><T96/><D5/><U61/><E133/><V46/><F40/><W68/><G68/><T70/><D70/><U134/><E134/><V101/><F101/><W6/><G6/><T21/><D59/><U111/><E126/><V94/><REACH who="2" step="1"/><F52/><REACH who="2" ten="260,312,175,243" step="2"/><W112/><G112/><T116/><D116/><U41/><E41/><V57/><F57/><W24/><G24/><N who="0" m="14383" /><D96/><U122/><E111/><V14/><F14/><W15/><G27/><T95/><D56/><U48/><E122/><V109/><F109/><W39/><G39/><AGARI ba="0,1" hai="12,13,39,42,46,63,67,71,84,88,94,128,129,130" machi="39" ten="40,7700,0" yaku="1,1,19,1,54,1,53,0" doraHai="47" doraHaiUra="23" who="2" fromWho="3" sc="260,0,312,0,175,87,243,-77" /><INIT seed="2,1,0,3,4,62" ten="260,312,262,166" oya="2" hai0="112,92,41,119,93,95,89,101,90,19,29,8,37" hai1="78,116,39,127,75,57,0,129,24,111,68,71,5" hai2="36,43,135,66,121,47,109,34,35,32,123,91,104" hai3="124,28,117,16,6,122,56,61,64,85,14,9,54"/><V96/><F135/><W70/><G122/><T134/><D112/><U131/><E57/><V4/><F4/><W83/><G117/><T53/><D134/><U74/><E78/><V33/><N who="2" m="8192" /><DORA hai="81" /><V126/><F126/><W65/><G28/><T107/><D119/><U30/><E116/><V98/><F109/><W128/><G128/><T84/><D29/><U44/><E111/><V67/><F96/><W132/><G132/><T69/><D69/><U100/><E24/><V18/><F18/><W130/><G124/><T11/><D107/><U49/><E30/><V42/><F42/><W80/><G130/><T72/><D101/><U105/><E39/><V99/><F99/><W77/><G70/><T113/><D72/><U76/><E71/><V2/><F2/><W103/><G103/><T59/><D113/><U52/><E68/><V40/><F40/><W88/><G6/><T79/><D41/><U133/><E127/><V31/><F31/><W51/><G61/><N who="0" m="36079" /><D37/><U50/><E75/><AGARI ba="1,0" hai="9,14,16,51,54,56,64,65,75,77,80,83,85,88" machi="75" ten="30,12000,2" yaku="7,1,52,3,54,2" doraHai="62,81" who="3" fromWho="1" sc="260,0,312,-123,262,0,166,123" /><INIT seed="3,0,0,3,3,37" ten="260,189,262,289" oya="3" hai0="125,84,78,19,83,40,91,30,95,100,113,68,60" hai1="39,101,73,105,59,44,89,123,48,106,12,74,103" hai2="99,132,7,35,134,2,90,98,31,50,8,4,80" hai3="53,92,65,130,43,66,108,124,20,131,57,24,127"/><W122/><G122/><T111/><D111/><U70/><E70/><V110/><F4/><W128/><G92/><T33/><D125/><N who="3" m="48201" /><G108/><T0/><D0/><U97/><E39/><V3/><F3/><W86/><G86/><T27/><D113/><U22/><E123/><V34/><F110/><W121/><G121/><T54/><D100/><U79/><E59/><V129/><F129/><W36/><G20/><T67/><D54/><U6/><E79/><V64/><F34/><W87/><G87/><T25/><D25/><U107/><E89/><V112/><F112/><W118/><G24/><T1/><D1/><U114/><E114/><V56/><F35/><W96/><G96/><T28/><D40/><U32/><E32/><V55/><F2/><W5/><G5/><T72/><D19/><U102/><E97/><V13/><F98/><W41/><G118/><T16/><REACH who="0" step="1"/><D16/><REACH who="0" ten="250,189,262,289" step="2"/><U49/><E6/><V71/><F7/><W69/><G41/><T133/><D133/><U58/><E12/><V21/><F13/><W62/><G69/><T82/><D82/><U116/><E116/><V75/><F80/><W77/><G77/><T119/><D119/><U76/><E76/><V47/><F71/><W94/><G94/><T61/><D61/><U15/><E15/><V117/><F117/><W42/><G43/><T120/><D120/><U26/><E26/><V104/><F134/><W29/><G29/><AGARI ba="0,1" hai="27,28,29,30,33,60,67,68,72,78,83,84,91,95" machi="29" ten="40,2600,0" yaku="1,1,53,1" doraHai="37" doraHaiUra="81" who="0" fromWho="3" sc="250,36,189,0,262,0,289,-26" /><INIT seed="4,0,0,1,3,67" ten="286,189,262,263" oya="0" hai0="131,71,69,49,30,27,100,97,93,76,107,82,98" hai1="19,88,64,38,8,0,48,55,129,25,128,13,23" hai2="72,112,2,84,90,85,61,22,118,127,26,111,21" hai3="53,102,122,113,7,33,41,37,126,28,78,51,123"/><T106/><D131/><U31/><E38/><V45/><F111/><W56/><G113/><T4/><D4/><U9/><E64/><V119/><F72/><W91/><G126/><T24/><D49/><U57/><E0/><V3/><F112/><W34/><G28/><T65/><D65/><U36/><E36/><V89/><F26/><W105/><G78/><T20/><D27/><U68/><E68/><V11/><F11/><W86/><G7/><T35/><D20/><U70/><E70/><V108/><F108/><W54/><G105/><T73/><REACH who="0" step="1"/><D107/><REACH who="0" ten="276,189,262,263" step="2"/><U42/><E9/><V80/><F22/><W66/><G51/><T12/><D12/><U132/><E129/><V16/><F21/><W17/><G66/><T79/><D79/><U130/><E128/><V6/><F6/><W74/><G33/><T134/><D134/><U32/><E132/><V47/><F61/><W52/><G34/><T125/><D125/><U58/><E130/><V43/><F127/><W120/><G37/><T18/><D18/><U95/><E32/><V87/><F16/><W96/><G17/><T75/><D75/><U39/><E39/><V44/><F2/><W83/><G74/><T50/><D50/><U101/><E42/><V1/><F3/><W29/><G29/><T115/><D115/><U62/><E62/><V5/><F43/><W121/><G41/><T60/><D60/><U14/><E14/><V116/><F5/><W81/><G122/><T15/><D15/><U114/><E114/><V109/><F1/><W110/><G121/><T104/><D104/><U77/><E19/><RYUUKYOKU ba="0,1" sc="276,30,189,-10,262,-10,263,-10" hai0="24,30,35,69,71,73,76,82,93,97,98,100,106" /><INIT seed="4,1,1,4,0,102" ten="306,179,252,253" oya="0" hai0="134,39,52,117,109,3,88,92,78,94,124,55,86" hai1="130,135,116,104,40,56,74,50,10,6,26,96,64" hai2="87,106,115,79,89,41,111,21,118,23,33,37,38" hai3="125,66,95,105,12,113,49,83,72,44,100,122,81"/><T114/><D117/><U85/><E116/><V98/><F118/><W110/><G110/><T57/><D114/><U43/><E74/><V90/><F33/><W46/><G113/><T18/><D39/><U27/><E130/><V58/><F111/><W32/><G32/><T103/><D109/><U13/><E135/><V132/><F132/><W29/><G29/><T80/><D3/><U34/><E27/><V120/><F120/><W65/><G122/><T91/><D134/><U54/><E64/><V35/><F35/><W17/><G46/><T69/><D69/><U51/><E85/><V76/><F58/><W73/><G73/><T75/><D124/><U8/><E8/><V127/><F87/><W112/><G125/><T97/><D18/><U15/><E15/><V84/><F84/><W31/><G31/><T59/><D59/><U61/><E51/><V42/><F98/><N who="3" m="59487" /><G105/><T48/><D55/><U7/><E50/><V77/><F77/><W108/><G72/><T1/><D1/><U36/><E36/><V128/><F127/><W121/><G121/><T99/><D75/><U19/><E34/><V11/><F115/><W126/><G126/><T25/><D25/><U2/><E26/><V67/><F37/><W45/><G112/><T123/><D123/><U53/><E53/><V129/><F38/><W63/><G108/><T93/><D93/><U68/><E68/><V14/><F128/><W107/><G49/><T0/><D0/><U20/><E7/><V101/><F129/><W16/><G66/><T119/><D119/><U70/><E70/><V47/><F67/><RYUUKYOKU ba="1,1" sc="306,15,179,15,252,-15,253,-15" hai0="48,52,57,78,80,86,88,91,92,94,97,99,103" hai1="2,6,10,13,19,20,40,43,54,56,61,96,104" /><INIT seed="4,2,1,2,0,109" ten="321,194,237,238" oya="0" hai0="114,30,11,18,55,95,67,53,135,57,22,6,124" hai1="68,107,25,77,45,80,78,54,58,70,27,20,92" hai2="56,28,113,98,47,35,121,79,134,85,87,60,86" hai3="16,4,2,88,74,7,8,115,116,102,103,127,61"/><T129/><D114/><U123/><E107/><V44/><F121/><W23/><G74/><T33/><D135/><U12/><E123/><V42/><F113/><W72/><G72/><T100/><D129/><U133/><E133/><V105/><F134/><W118/><G127/><T108/><D108/><U48/><E68/><V101/><F79/><W13/><G7/><T5/><D124/><U10/><E70/><V24/><REACH who="2" step="1"/><F42/><REACH who="2" ten="321,194,227,238" step="2"/><W119/><G115/><T111/><D111/><U73/><E78/><V63/><F63/><W82/><REACH who="3" step="1"/><G61/><REACH who="3" ten="321,194,227,228" step="2"/><N who="0" m="38319" /><D5/><U91/><E73/><V81/><F81/><W94/><G94/><T69/><D95/><U39/><E80/><V38/><F38/><W96/><G96/><T36/><D36/><U64/><E39/><V43/><F43/><W46/><G46/><T14/><D6/><U62/><E77/><V125/><F125/><W83/><G83/><T41/><D41/><U106/><E106/><V26/><F26/><W84/><AGARI ba="2,3" hai="2,4,8,13,16,23,82,84,88,102,103,116,118,119" machi="84" ten="40,8000,1" yaku="1,1,0,1,54,2,53,0" doraHai="109" doraHaiUra="130" who="3" fromWho="3" sc="321,-42,194,-22,227,-22,228,116" /><INIT seed="5,0,0,1,3,100" ten="279,172,205,344" oya="1" hai0="23,43,15,40,20,103,61,13,47,8,3,98,97" hai1="94,115,89,111,39,87,54,105,73,131,9,126,28" hai2="37,91,10,72,113,41,110,133,63,66,62,50,81" hai3="16,6,4,53,2,130,112,42,132,120,83,7,17"/><U116/><E39/><V44/><F110/><W109/><G109/><T121/><D121/><U60/><E111/><V51/><F133/><W71/><G120/><T75/><D75/><U96/><E116/><V24/><F113/><W12/><G71/><T95/><D3/><U134/><E73/><V49/><F24/><W84/><G2/><T30/><D61/><U19/><E28/><V5/><F91/><W123/><G123/><T45/><D30/><U33/><E33/><V21/><F21/><W46/><G132/><T102/><D95/><U26/><E134/><V29/><F29/><W38/><G130/><T124/><REACH who="0" step="1"/><D8/><REACH who="0" ten="269,172,205,344" step="2"/><U108/><E108/><V18/><F63/><W67/><G112/><T55/><D55/><U64/><E54/><V58/><F72/><W1/><G53/><T14/><D14/><U93/><E115/><V99/><F10/><W68/><G1/><T86/><D86/><U114/><E114/><V36/><F62/><W78/><G67/><T22/><D22/><U90/><E131/><V128/><F66/><W34/><G34/><T127/><AGARI ba="0,1" hai="13,15,20,23,40,43,45,47,97,98,102,103,124,127" machi="127" ten="25,6400,0" yaku="1,1,0,1,22,2,53,0" doraHai="100" doraHaiUra="77" who="0" fromWho="0" sc="269,74,172,-32,205,-16,344,-16" /><INIT seed="6,0,0,3,3,57" ten="343,140,189,328" oya="2" hai0="119,58,133,126,121,115,62,91,110,54,73,51,120" hai1="19,33,49,60,20,43,53,134,17,23,93,96,12" hai2="132,59,127,14,18,118,31,112,81,129,65,26,63" hai3="24,52,69,36,77,47,105,74,15,107,40,48,5"/><V98/><F118/><W68/><G74/><T11/><D73/><U61/><E134/><V29/><F132/><W34/><G77/><T46/><D110/><U95/><E33/><V92/><F112/><W131/><G131/><T102/><D133/><U128/><E128/><V1/><F1/><W35/><G5/><T8/><D115/><U104/><E104/><N who="3" m="40010" /><G24/><T21/><D119/><U122/><E122/><V25/><F127/><W70/><G15/><T135/><D126/><U99/><E43/><V30/><F81/><W56/><G36/><T90/><D135/><U130/><E130/><V109/><F109/><W50/><G50/><T10/><D102/><U2/><E2/><V84/><F84/><W116/><G116/><T76/><D76/><U0/><E0/><V22/><REACH who="2" step="1"/><F129/><REACH who="2" ten="343,140,179,328" step="2"/><W87/><G87/><T42/><D121/><U72/><E72/><V83/><F83/><W55/><G56/><T124/><D120/><U16/><E96/><V79/><F79/><W64/><G70/><T37/><D124/><U13/><E19/><V66/><F66/><W44/><G64/><T71/><D71/><U85/><E85/><V111/><F111/><W28/><G69/><T97/><D97/><U6/><E6/><V38/><F38/><W45/><G68/><T82/><D82/><U123/><E123/><V94/><F94/><N who="1" m="35849" /><E99/><V89/><AGARI ba="0,1" hai="14,18,22,25,26,29,30,31,59,63,65,89,92,98" machi="89" ten="30,11700,0" yaku="1,1,0,1,8,1,52,1,53,0" doraHai="57" doraHaiUra="41" who="2" fromWho="2" sc="343,-39,140,-39,179,127,328,-39" /><INIT seed="6,1,0,5,2,118" ten="304,101,306,289" oya="2" hai0="61,36,131,125,14,72,37,120,101,98,59,21,47" hai1="11,1,40,33,35,105,9,48,79,34,95,100,0" hai2="73,5,10,130,110,69,57,91,113,52,114,53,25" hai3="92,88,86,78,54,117,94,90,64,4,20,66,111"/><V44/><F69/><W108/><G117/><T26/><D72/><U75/><E48/><V85/><F73/><W50/><G78/><T56/><D120/><U38/><E95/><V129/><F25/><W41/><G41/><T133/><D133/><U3/><E100/><V8/><F44/><W134/><G134/><T84/><D131/><N who="2" m="50186" /><F53/><W93/><G4/><T18/><D125/><U12/><E105/><V112/><F5/><W107/><G107/><T123/><D123/><U76/><E75/><V22/><F22/><W87/><G93/><T67/><D84/><U63/><E40/><V119/><F110/><W46/><G20/><T116/><D116/><U81/><E38/><V23/><F23/><W97/><G97/><T115/><D115/><U74/><E79/><V17/><F17/><W31/><G31/><T42/><D26/><U28/><E28/><V104/><F104/><W6/><G6/><T16/><D18/><U51/><E12/><V71/><F71/><W29/><G29/><T127/><D127/><U96/><E51/><N who="2" m="30879" /><F119/><W30/><G30/><T32/><D32/><U132/><E132/><V126/><F126/><W24/><G24/><T102/><D37/><U99/><REACH who="1" step="1"/><E63/><REACH who="1" ten="304,91,306,289" step="2"/><V19/><F114/><W2/><G2/><T49/><D36/><U65/><E65/><AGARI ba="1,1" hai="46,50,54,64,65,66,86,87,88,90,92,94,108,111" machi="65" ten="40,2600,0" yaku="9,1,54,1" doraHai="118" who="3" fromWho="1" sc="304,0,91,-29,306,0,289,39" /><INIT seed="7,0,0,3,5,135" ten="304,62,306,328" oya="3" hai0="10,31,53,27,24,64,51,54,104,49,17,74,92" hai1="87,25,12,63,88,5,56,77,109,90,67,37,9" hai2="23,93,96,71,134,98,13,15,114,14,58,80,32" hai3="50,8,2,52,3,101,89,40,18,48,70,95,61"/><W97/><G70/><T39/><D104/><U108/><E37/><V130/><F32/><W21/><G3/><T35/><D39/><U46/><E109/><V6/><F71/><W110/><G110/><T66/><D74/><U44/><E108/><V7/><F114/><W112/><G112/><T106/><D106/><U65/><E65/><N who="0" m="25193" /><D35/><U79/><E25/><N who="0" m="9801" /><D31/><U68/><E68/><V16/><F130/><W100/><G2/><T120/><D120/><U22/><E22/><V30/><F30/><W72/><G72/><T128/><D128/><U34/><E34/><V99/><F134/><W103/><G8/><T11/><D92/><U55/><E90/><N who="2" m="55351" /><F58/><N who="3" m="35015" /><G40/><T122/><D122/><U129/><E129/><V81/><F99/><W125/><G125/><T4/><D4/><N who="2" m="1578" /><F98/><W126/><G126/><T121/><D121/><U69/><E69/><V115/><F115/><W45/><G45/><N who="0" m="27823" /><D17/><U28/><E28/><V94/><F94/><W47/><G47/><AGARI ba="0,0" hai="10,11,47,51,54" m="27823,9801,25193" machi="47" ten="30,1000,0" yaku="8,1" doraHai="135" who="0" fromWho="3" sc="304,10,62,0,306,0,328,-10" owari="314,11.0,62,-44.0,306,-9.0,318,42.0" /></mjloggm>