<mjloggm ver="2.3"><GO type="169" lobby="0"/><UN n0="%E5%8F%A4%E6%9C%AC" n1="%E5%B0%8F%E6%B1%A0%E7%BE%8E%E6%B3%A2%E2%8A%BF" n2="%E5%A4%A7%E6%A5%A0%E5%85%AC" n3="%E3%81%98%E3%81%98%E3%81%84%E3%81%8C%E5%91%BC%E3%82%93%E3%81%A0" dan="16,16,16,16" rate="2038.29,2106.51,2156.68,2127.52" sx="M,F,M,M"/><TAIKYOKU oya="0"/><INIT seed="0,0,0,3,3,120" ten="250,250,250,250" oya="0" hai0="68,63,4,26,70,2,122,118,25,102,77,10,124" hai1="88,101,71,89,55,39,66,96,43,129,86,131,83" hai2="20,41,117,35,78,9,85,132,75,56,105,103,98" hai3="45,116,50,14,21,27,31,94,23,3,108,37,99"/><T12/><D122/><U58/><E39/><V73/><F35/><W93/><G3/><T62/><D118/><U52/><E43/><V24/><F117/><W74/><G74/><T126/><D77/><U18/><E71/><N who="0" m="27177" /><D102/><U106/><E18/><V97/><F41/><W121/><G121/><T46/><D46/><U69/><E89/><V112/><F9/><W109/><G116/><T72/><D72/><U15/><E15/><V81/><F112/><W82/><G37/><T57/><D2/><U47/><E47/><V13/><F13/><W34/><G82/><T113/><D63/><U76/><E76/><V127/><F56/><W11/><G93/><T59/><D59/><U6/><E6/><V67/><F67/><W38/><G38/><T36/><D36/><U84/><E84/><V33/><F33/><W0/><G0/><T134/><D134/><U1/><E1/><V80/><F132/><W115/><G115/><T60/><D60/><N who="1" m="38167" /><E69/><V95/><F20/><W104/><G104/><T65/><D113/><U40/><E40/><V90/><F24/><W111/><G45/><T22/><D22/><U133/><E133/><V19/><F19/><N who="3" m="8671" /><G50/><T32/><D32/><U125/><E125/><AGARI ba="0,0" hai="4,10,12,25,26,57,62,65,124,125,126" m="27177" machi="125" ten="30,1500,0" yaku="18,1" doraHai="120" who="0" fromWho="1" sc="250,15,250,-15,250,0,250,0" /><INIT seed="0,1,0,4,2,128" ten="265,235,250,250" oya="0" hai0="43,32,123,100,109,16,0,7,29,79,119,96,13" hai1="108,4,74,23,48,3,18,105,65,30,71,85,98" hai2="21,69,102,44,50,84,72,103,127,14,40,45,66" hai3="51,70,20,31,115,22,93,76,9,15,28,24,80"/><T116/><D123/><U35/><E74/><V87/><F72/><W110/><G115/><T131/><D79/><U120/><E120/><V19/><F127/><W27/><G110/><T60/><D43/><U17/><E17/><V101/><F69/><W95/><G70/><T132/><D60/><U6/><E85/><V112/><F112/><W88/><G51/><T94/><D131/><U59/><E108/><V63/><F66/><W113/><G113/><T47/><D47/><U99/><E48/><N who="2" m="26631" /><F63/><W2/><G2/><T26/><D109/><U111/><E59/><V106/><F106/><W90/><G76/><T125/><D132/><U92/><E105/><V97/><F97/><W67/><G67/><T114/><D114/><U82/><E3/><V130/><F130/><W118/><G118/><T81/><D81/><U61/><E82/><V53/><AGARI ba="1,0" hai="14,19,21,45,50,53,84,87,101,102,103" m="26631" machi="53" ten="30,1100,0" yaku="8,1" doraHai="128" who="2" fromWho="2" sc="265,-6,235,-4,250,14,250,-4" /><INIT seed="1,0,0,0,3,10" ten="259,231,264,246" oya="1" hai0="77,23,58,76,34,112,97,87,48,125,132,33,45" hai1="65,135,36,47,105,22,68,120,63,16,29,1,54" hai2="118,103,18,41,40,35,111,13,26,46,27,117,133" hai3="69,64,5,130,43,57,7,88,15,92,32,104,62"/><U74/><E120/><V24/><F35/><W96/><G130/><T20/><D112/><U79/><E105/><V85/><F133/><W113/><G113/><T25/><D132/><U71/><E135/><V75/><F75/><W37/><G32/><T129/><D129/><U56/><E29/><V73/><F73/><W126/><G126/><T119/><D119/><U17/><E1/><V30/><F30/><W94/><G104/><T80/><D125/><U49/><E71/><V61/><F111/><W122/><G122/><T0/><D0/><U38/><E38/><V83/><F103/><W50/><G94/><T42/><D77/><U82/><REACH who="1" step="1"/><E22/><REACH who="1" ten="259,221,264,246" step="2"/><V93/><F117/><W134/><G134/><T28/><D20/><U116/><E116/><V99/><F118/><W39/><G39/><T6/><D23/><U124/><E124/><V55/><F27/><W9/><G37/><T110/><D25/><U114/><E114/><V52/><F26/><W8/><G69/><T51/><D28/><U101/><E101/><V66/><F24/><W21/><G21/><T108/><D34/><U106/><E106/><V107/><F107/><W14/><G43/><AGARI ba="0,1" hai="16,17,36,43,47,49,54,56,63,65,68,74,79,82" machi="43" ten="40,12000,1" yaku="1,1,24,2,54,1,53,0" doraHai="10" doraHaiUra="81" who="1" fromWho="3" sc="259,0,221,130,264,0,246,-120" /><INIT seed="1,1,0,1,3,89" ten="259,351,264,126" oya="1" hai0="130,13,39,92,86,9,1,106,23,21,70,56,93" hai1="75,113,85,131,37,50,51,34,38,108,124,99,65" hai2="128,29,27,7,30,97,63,16,129,116,79,31,122" hai3="47,10,3,118,40,0,134,18,111,77,43,41,104"/><U133/><E75/><V32/><F79/><W117/><G104/><T125/><D106/><U87/><E34/><V57/><F116/><N who="3" m="44651" /><G111/><T126/><D70/><U14/><E113/><V8/><F122/><W84/><G134/><T5/><D39/><U107/><E65/><V46/><F46/><W28/><G28/><T88/><D130/><N who="2" m="50282" /><F97/><W109/><G109/><T114/><D114/><U36/><E108/><V4/><F57/><W110/><G110/><T98/><D56/><U58/><E133/><V69/><F63/><W112/><G112/><T25/><D1/><N who="3" m="585" /><G10/><T52/><D52/><U105/><E38/><V91/><F69/><W61/><G18/><T120/><D120/><U20/><E131/><V121/><F121/><W102/><G102/><N who="0" m="60743" /><D25/><U6/><E58/><V94/><F4/><W11/><G11/><T101/><D101/><U35/><E6/><V119/><F7/><W82/><G61/><T45/><D45/><AGARI ba="1,0" hai="40,41,43,45,47,77,82,84" m="585,44651" machi="45" ten="40,1300,0" yaku="12,1" doraHai="89" who="3" fromWho="0" sc="259,-16,351,0,264,0,126,16" /><INIT seed="2,0,0,4,1,87" ten="243,351,264,142" oya="2" hai0="106,56,5,7,9,12,54,49,81,11,94,130,64" hai1="124,115,125,116,37,4,113,62,28,127,129,48,85" hai2="103,27,2,63,60,132,112,3,6,65,92,97,122" hai3="44,51,82,53,47,52,55,1,13,111,41,128,84"/><V79/><F122/><W35/><G111/><T117/><D117/><U91/><E37/><V16/><F112/><N who="1" m="43081" /><E4/><V104/><F132/><W75/><G128/><T26/><D130/><U135/><E129/><V14/><F79/><W59/><G75/><T96/><D106/><U76/><E28/><V110/><F110/><W10/><G35/><T95/><D26/><U68/><E48/><V77/><F77/><W108/><G1/><T134/><D134/><U74/><E62/><V0/><F6/><W67/><G108/><T61/><D81/><N who="1" m="45207" /><E68/><V90/><F27/><W71/><G71/><T66/><D96/><U33/><E33/><V78/><F78/><N who="3" m="46167" /><G47/><T114/><D114/><U8/><E8/><V99/><REACH who="2" step="1"/><F65/><REACH who="2" ten="243,351,254,142" step="2"/><W30/><G67/><T25/><D25/><U88/><E135/><V126/><F126/><W107/><G30/><T18/><D66/><U131/><E131/><V34/><F34/><W98/><G13/><N who="0" m="7487" /><D5/><U17/><E17/><V109/><F109/><W22/><G107/><T118/><D118/><U45/><E116/><V24/><F24/><W57/><G44/><AGARI ba="0,1" hai="7,9,12,44,49,54,56,61,64,94,95" m="7487" machi="44" ten="30,1000,0" yaku="8,1" doraHai="87" who="0" fromWho="3" sc="243,20,351,0,254,0,142,-10" /><INIT seed="3,0,0,3,0,114" ten="263,351,254,132" oya="3" hai0="97,99,59,78,17,134,44,98,63,65,53,30,6" hai1="9,90,131,87,29,70,118,56,129,46,19,43,105" hai2="115,102,5,121,64,132,100,57,33,92,14,54,42" hai3="0,125,67,128,23,94,49,66,20,120,82,89,22"/><W95/><G120/><T74/><D134/><U126/><E70/><V107/><F107/><W96/><G125/><T91/><D74/><U55/><E105/><V31/><F115/><W16/><G128/><T83/><D78/><U34/><E34/><V37/><F132/><W122/><G122/><T35/><D35/><U24/><E29/><V41/><F121/><W106/><G0/><T68/><D68/><U25/><E9/><V39/><F64/><N who="3" m="24619" /><G106/><T111/><D30/><U81/><E19/><V12/><F33/><W119/><G119/><T76/><D6/><U7/><E7/><V8/><F31/><W50/><G82/><T116/><D83/><U72/><E72/><V40/><F37/><W85/><G50/><T18/><D116/><U3/><E3/><V110/><F39/><W127/><G49/><T27/><D27/><U135/><E126/><V11/><F110/><W112/><G112/><T15/><D111/><U61/><E135/><V93/><F102/><N who="3" m="60695" /><G127/><T48/><D48/><N who="1" m="26719" /><E118/><V10/><F100/><W58/><G58/><T1/><D59/><U77/><E77/><V4/><F10/><W36/><G36/><T69/><D76/><U117/><E117/><V108/><F108/><W88/><G89/><T104/><D91/><U47/><E47/><V26/><F93/><W45/><G45/><T32/><D44/><U86/><E86/><V38/><F92/><W71/><G71/><T101/><D69/><U133/><E133/><V103/><F103/><W113/><G113/><T51/><D101/><U109/><E109/><V52/><F38/><W21/><G21/><RYUUKYOKU ba="0,0" sc="263,-15,351,15,254,-15,132,15" hai1="24,25,55,56,61,81,87,90,129,131" hai3="16,20,22,23,85,88,95" /><INIT seed="3,1,0,3,3,0" ten="248,366,239,147" oya="3" hai0="94,73,84,92,20,83,100,106,3,67,82,56,131" hai1="117,69,39,44,115,127,104,18,65,74,38,21,89" hai2="128,107,119,124,70,23,57,105,102,126,79,99,112" hai3="98,55,58,37,43,122,28,33,87,132,86,63,129"/><W61/><G122/><T19/><D3/><U40/><E115/><V16/><F70/><W24/><G129/><T11/><D73/><U91/><E104/><V5/><F119/><W54/><G132/><T47/><D106/><U36/><E74/><V42/><F112/><W121/><G121/><T53/><D11/><U111/><E111/><V103/><F128/><W27/><G98/><T17/><D131/><U59/><E69/><V134/><F134/><W60/><G24/><T78/><D100/><U109/><E109/><V49/><F79/><W71/><G71/><T4/><D4/><U133/><E133/><V22/><F22/><W6/><G6/><T77/><D67/><U62/><E127/><V123/><F123/><W51/><REACH who="3" step="1"/><G55/><REACH who="3" ten="248,366,239,137" step="2"/><T120/><D53/><U25/><REACH who="1" step="1"/><E117/><REACH who="1" ten="248,356,239,137" step="2"/><V108/><F108/><W80/><G80/><T118/><D83/><U125/><E125/><V66/><F124/><W8/><G8/><T130/><D82/><U2/><E2/><V12/><F126/><W46/><AGARI ba="1,2" hai="27,28,33,37,43,46,51,54,58,60,61,63,86,87" machi="46" ten="30,3000,0" yaku="1,1,0,1,53,0" doraHai="0" doraHaiUra="75" who="3" fromWho="3" sc="248,-11,356,-11,239,-11,137,53" /><INIT seed="3,2,0,3,4,103" ten="237,345,228,190" oya="3" hai0="56,120,42,108,25,20,36,24,104,32,71,88,46" hai1="79,65,59,66,92,21,17,30,4,48,107,1,14" hai2="123,75,113,84,81,51,41,26,28,73,13,106,15" hai3="23,114,99,133,130,76,135,29,40,37,27,52,67"/><W126/><G114/><T55/><D120/><U19/><E107/><V97/><F113/><W132/><G67/><T128/><D71/><U78/><E1/><V5/><F123/><W101/><G126/><T125/><D125/><U6/><E30/><V12/><F5/><N who="1" m="2153" /><E92/><V63/><F63/><W49/><G76/><N who="1" m="29226" /><E19/><V80/><F41/><W39/><G40/><T2/><D2/><U38/><E38/><V9/><F51/><W53/><G130/><T121/><D121/><U54/><AGARI ba="2,0" hai="14,17,21,48,54,59,65,66" m="29226,2153" machi="54" ten="30,1100,0" yaku="8,1" doraHai="103" who="1" fromWho="1" sc="237,-5,345,17,228,-5,190,-7" /><INIT seed="4,0,0,2,4,88" ten="232,362,223,183" oya="0" hai0="38,132,115,31,44,99,106,46,51,60,81,43,123" hai1="24,105,22,125,102,97,128,63,126,71,92,69,134" hai2="6,19,50,25,40,14,52,94,35,129,15,118,85" hai3="135,9,80,72,78,65,27,5,11,32,57,83,96"/><T87/><D123/><U66/><E128/><V7/><F129/><W45/><G135/><T124/><D132/><U55/><E134/><V21/><F118/><W90/><G11/><T13/><D124/><N who="1" m="47723" /><E55/><V131/><F131/><W108/><G108/><T130/><D130/><U107/><E69/><V86/><F40/><W3/><G32/><T114/><D31/><AGARI ba="0,0" hai="22,24,31,63,66,71,92,97,102,105,107" m="47723" machi="31" ten="30,2000,0" yaku="18,1,52,1" doraHai="88" who="1" fromWho="0" sc="232,-20,362,20,223,0,183,0" /><INIT seed="5,0,0,3,1,33" ten="212,382,223,183" oya="1" hai0="67,58,18,23,32,7,124,16,132,56,118,133,122" hai1="10,44,96,91,63,126,37,29,27,14,19,82,40" hai2="104,41,93,119,52,55,101,36,80,45,90,2,79" hai3="35,21,88,72,17,107,120,134,103,25,106,20,69"/><U51/><E126/><V30/><F119/><W49/><G120/><T46/><D118/><U111/><E111/><V76/><F30/><W4/><G134/><N who="0" m="51819" /><D124/><U89/><E63/><V73/><F79/><W100/><G72/><T87/><D122/><U42/><E82/><V11/><F101/><W22/><G69/><T116/><D32/><U84/><E96/><V13/><F104/><W71/><G71/><T129/><D116/><U121/><E121/><V65/><F65/><W39/><G39/><T95/><D7/><U123/><E123/><V15/><F15/><W113/><G35/><T92/><D129/><U47/><E84/><V128/><F128/><W48/><G4/><T53/><D46/><U1/><E1/><V6/><F13/><W50/><G107/><T8/><D87/><AGARI ba="0,0" hai="2,6,11,36,41,45,52,55,73,76,80,87,90,93" machi="87" ten="30,8000,1" yaku="7,1,25,2,52,1,54,1" doraHai="33" who="2" fromWho="0" sc="212,-80,382,0,223,80,183,0" /><INIT seed="6,0,0,3,2,11" ten="132,382,303,183" oya="2" hai0="29,99,83,85,43,30,58,36,4,125,56,103,98" hai1="100,80,53,111,123,25,66,44,110,35,37,68,59" hai2="120,39,16,52,118,86,31,112,2,24,15,127,124" hai3="38,105,132,113,23,12,126,116,69,7,72,0,54"/><V13/><F39/><W64/><RYUUKYOKU type="yao9" ba="0,0" sc="132,0,382,0,303,0,183,0" hai3="0,7,12,23,38,54,64,69,72,105,113,116,126,132" /><INIT seed="6,1,0,0,0,98" ten="132,382,303,183" oya="2" hai0="92,44,27,102,45,70,117,52,103,116,123,58,53" hai1="34,74,75,17,43,121,122,30,96,57,49,78,113" hai2="119,89,29,12,114,130,56,126,69,72,108,51,83" hai3="38,106,20,55,93,88,1,82,110,84,111,64,16"/><V35/><F69/><W61/><G106/><T40/><D123/><N who="1" m="47115" /><E113/><V50/><F119/><N who="0" m="45642" /><D70/><U60/><E78/><V107/><F114/><W9/><G38/><N who="0" m="21527" /><D92/><U31/><E96/><V134/><F108/><W39/><G39/><T22/><D45/><N who="1" m="25791" /><E17/><V26/><F107/><W133/><G55/><N who="0" m="21067" /><D58/><U42/><E42/><V48/><F56/><W37/><G37/><T3/><D3/><U23/><E34/><V115/><F115/><W97/><G111/><T14/><D14/><U104/><E104/><V112/><F112/><W65/><G110/><T15/><D15/><U10/><E10/><V120/><F120/><W80/><G1/><T73/><D73/><N who="1" m="27659" /><E23/><V85/><F72/><W66/><G9/><T77/><D77/><U5/><E5/><V95/><F12/><W19/><G20/><T129/><D129/><U132/><E132/><V124/><F130/><W8/><G8/><T62/><D62/><U94/><E94/><V76/><REACH who="2" step="1"/><F134/><REACH who="2" ten="132,382,293,183" step="2"/><W125/><G133/><T81/><D81/><U87/><E57/><V127/><F127/><W90/><G125/><T135/><D135/><U63/><E63/><V6/><F6/><W131/><G131/><T101/><D22/><U33/><E60/><V18/><F18/><N who="3" m="6699" /><G61/><T46/><D46/><U68/><E33/><V109/><F109/><W13/><G13/><T100/><N who="0" m="25600" /><DORA hai="0" /><T54/><N who="0" m="21075" /><T24/><AGARI ba="1,1" hai="24,27" m="25600,21075,21527,45642" machi="24" ten="60,12000,2" yaku="4,1,12,1,52,4,54,1" doraHai="98,0" who="0" fromWho="0" sc="132,133,382,-31,293,-61,183,-31" /><INIT seed="7,0,0,1,5,68" ten="265,351,232,152" oya="3" hai0="16,59,94,23,130,72,19,42,26,35,50,27,7" hai1="25,40,20,87,18,129,82,52,4,123,121,85,31" hai2="112,106,17,48,74,10,113,55,9,89,62,78,100" hai3="38,122,97,58,99,6,39,124,86,64,71,95,36"/><W93/><G122/><T98/><D72/><U37/><E4/><V115/><F62/><W22/><G71/><T114/><D114/><U14/><E85/><V79/><F100/><W51/><G124/><T65/><D130/><U5/><E129/><V0/><F106/><W56/><G6/><T3/><D3/><U132/><E132/><V90/><F0/><W77/><G22/><N who="0" m="13639" /><D35/><U13/><E37/><V116/><F116/><W134/><G134/><T33/><D33/><U43/><E5/><V109/><F109/><W47/><G64/><T67/><D7/><U44/><E14/><N who="2" m="7375" /><F10/><W2/><G2/><T30/><D30/><U118/><E118/><V120/><F120/><W128/><G128/><T1/><D1/><U84/><E84/><V46/><F74/><W83/><G99/><T60/><D65/><U76/><E121/><V126/><F126/><W24/><G24/><T75/><D75/><U80/><E80/><V103/><F103/><W110/><G110/><T49/><D42/><U32/><E123/><V131/><F131/><W108/><G108/><T54/><D67/><U111/><E111/><V66/><F66/><W61/><G97/><T96/><D96/><U81/><E81/><V107/><F107/><W57/><REACH who="3" step="1"/><G61/><REACH who="3" ten="265,351,232,142" step="2"/><T104/><D60/><U11/><E32/><V92/><F115/><W101/><G101/><T34/><D27/><U135/><E135/><V70/><F70/><W69/><G69/><T12/><D12/><U127/><E127/><V117/><F113/><W28/><G28/><T53/><D98/><U21/><E21/><V8/><F112/><RYUUKYOKU ba="0,1" sc="265,-15,351,15,232,-15,142,15" hai1="11,13,18,20,25,31,40,43,44,52,76,82,87" hai3="36,38,39,47,51,56,57,58,77,83,86,93,95" /><INIT seed="7,1,1,1,4,30" ten="250,366,217,157" oya="3" hai0="123,131,71,27,60,26,23,133,4,79,112,56,72" hai1="44,95,117,1,116,57,92,85,40,80,20,82,43" hai2="81,107,128,96,126,19,64,62,51,11,119,78,50" hai3="65,37,32,25,33,15,91,0,69,28,18,108,34"/><W127/><G0/><T70/><D123/><U99/><E1/><V83/><F119/><N who="1" m="45641" /><E95/><V120/><F120/><W111/><G127/><T67/><D56/><U134/><E134/><V132/><F132/><W114/><G114/><T125/><D60/><U6/><E6/><V36/><F36/><W45/><G91/><T110/><D67/><U3/><E3/><V29/><F126/><W46/><G65/><T102/><D70/><U2/><E2/><V115/><F128/><W63/><G63/><T49/><D102/><U87/><E20/><V105/><F115/><W54/><G69/><T118/><D27/><U24/><E24/><V84/><F29/><W135/><G135/><T58/><D58/><U89/><E57/><V66/><F107/><W100/><G100/><T52/><D118/><U47/><E47/><N who="3" m="17930" /><G54/><T7/><D52/><U12/><E12/><N who="2" m="7583" /><F105/><W130/><G37/><T42/><D71/><U14/><E14/><V122/><F122/><W76/><G130/><T22/><D131/><U68/><E68/><V21/><F62/><W75/><G15/><T104/><D133/><U41/><E44/><V8/><F66/><W94/><G94/><T74/><D112/><U86/><AGARI ba="1,1" hai="40,41,43,80,82,85,86,87,89,92,99" m="45641" machi="86" ten="40,1500,0" yaku="12,1" doraHai="30" who="1" fromWho="1" sc="250,-5,366,28,217,-5,157,-8" owari="245,5.0,394,49.0,212,-19.0,149,-35.0" /></mjloggm>