<mjloggm ver="2.3"><GO type="185" lobby="0"/><UN n0="%E3%83%B4%E3%82%A3%E3%83%AF%E3%82%B3%E3%82%B0%E3%83%8B" n1="%E6%B5%B7%E8%83%86%E3%83%88%E3%83%AD%E7%83%8F%E8%B3%8A" n2="%E3%81%9F%E3%82%93%E3%82%86%E3%81%86" n3="" dan="18,18,16,0" rate="2305.54,2336.24,2227.12,1500.00" sx="M,M,F,C"/><TAIKYOKU oya="0"/><INIT seed="0,0,0,2,4,125" ten="350,350,350,0" oya="0" hai0="116,32,56,75,86,103,72,3,76,39,99,98,37" hai1="54,119,111,90,63,71,114,2,73,87,101,109,105" hai2="74,123,44,49,80,100,60,42,112,34,113,88,126" hai3=""/><T78/><D116/><U47/><E119/><V91/><N who="2" m="31520" /><V120/><N who="2" m="30752" /><V97/><F34/><T92/><D32/><U66/><E73/><V132/><F126/><T70/><D70/><U106/><E2/><V82/><F132/><T107/><D3/><U93/><E114/><V118/><F118/><T81/><D56/><U69/><E69/><V35/><F35/><T108/><D37/><U96/><E105/><V89/><F60/><T83/><D39/><U38/><REACH who="1" step="1"/><E54/><REACH who="1" ten="350,340,350,0" step="2"/><V53/><F53/><T61/><D108/><U94/><E94/><V57/><F57/><T134/><D134/><U122/><N who="1" m="31264" /><U59/><E59/><V133/><F133/><T1/><D1/><U79/><E79/><V130/><F82/><T85/><D61/><U43/><AGARI ba="0,1" hai="38,43,47,63,66,71,87,90,93,96,101,106,109,111" m="31264" machi="43" ten="30,5900,0" yaku="1,1,0,1,52,1,53,1" doraHai="125" doraHaiUra="65" who="1" fromWho="1" sc="350,-39,340,69,350,-20,0,0" /><INIT seed="1,0,0,5,1,71" ten="311,409,330,0" oya="1" hai0="88,59,3,91,49,38,69,134,116,37,64,79,81" hai1="48,61,117,78,83,123,0,130,114,33,46,101,56" hai2="77,87,92,109,68,126,132,128,53,102,63,133,98" hai3=""/><U89/><N who="1" m="31520" /><U111/><E117/><V96/><F68/><T50/><D3/><U112/><E0/><V57/><F109/><T86/><D69/><U127/><E33/><V95/><F126/><T122/><N who="0" m="31264" /><T129/><D116/><U62/><E127/><V32/><F32/><T60/><D129/><U85/><E130/><V42/><F42/><T97/><D134/><N who="2" m="51818" /><F128/><T35/><D35/><U125/><E125/><V99/><F95/><T73/><D97/><U90/><E101/><V66/><F66/><T2/><D2/><U54/><E111/><V76/><F76/><T110/><D91/><U41/><REACH who="1" step="1"/><E61/><REACH who="1" ten="311,399,330,0" step="2"/><V80/><AGARI ba="0,1" hai="53,57,63,77,80,87,92,96,98,99,102" m="51818" machi="80" ten="30,800,0" yaku="20,1" doraHai="71" who="2" fromWho="2" sc="311,-3,399,-5,330,18,0,0" /><INIT seed="2,0,0,2,0,54" ten="308,394,348,0" oya="2" hai0="74,125,132,110,39,50,45,89,84,46,102,106,53" hai1="100,33,94,93,103,86,58,2,87,114,92,73,71" hai2="62,67,88,131,61,40,49,0,95,96,75,123,107" hai3=""/><V63/><N who="2" m="31520" /><V38/><F0/><T57/><D110/><U1/><E71/><V101/><F75/><T37/><D74/><U124/><E73/><V128/><F38/><T115/><D132/><U69/><E69/><V85/><F40/><T90/><D125/><U80/><E114/><V112/><F112/><T79/><D79/><U81/><E33/><V43/><REACH who="2" step="1"/><F67/><REACH who="2" ten="308,394,338,0" step="2"/><T122/><N who="0" m="31264" /><T116/><D115/><U133/><E1/><V36/><F36/><T108/><D37/><U64/><E2/><V55/><F55/><T42/><D39/><U121/><N who="1" m="31008" /><U56/><E64/><V68/><F68/><T113/><D113/><U130/><E124/><V111/><F111/><T52/><D108/><U91/><E133/><V59/><F59/><N who="1" m="22569" /><E130/><V72/><F72/><T60/><D42/><U97/><E103/><V32/><F32/><T76/><D102/><U66/><E66/><V117/><F117/><T98/><D53/><U120/><N who="1" m="30752" /><U109/><E109/><V82/><F82/><T129/><D52/><U47/><E47/><AGARI ba="0,1" hai="43,47,49,61,62,63,85,88,95,96,101,107,128,131" m="31520" machi="47" ten="40,7700,0" yaku="1,1,52,1,54,1,53,0" doraHai="54" doraHaiUra="70" who="2" fromWho="1" sc="308,0,394,-77,338,87,0,0" /><INIT seed="2,1,0,4,1,115" ten="308,317,425,0" oya="2" hai0="107,135,119,42,59,65,52,34,62,33,118,81,91" hai1="117,48,43,44,98,132,92,96,60,50,108,2,1" hai2="94,38,40,130,0,95,84,71,36,74,103,127,69" hai3=""/><V76/><F0/><T45/><D107/><U134/><E108/><V89/><F127/><T128/><D135/><N who="1" m="51755" /><E117/><V85/><F130/><T58/><D128/><U68/><E50/><V112/><F112/><T49/><D91/><U121/><N who="1" m="31008" /><U100/><E98/><V122/><N who="2" m="31264" /><V63/><F74/><T37/><REACH who="0" step="1"/><D81/><REACH who="0" ten="298,317,425,0" step="2"/><U125/><E125/><V32/><F32/><AGARI ba="1,1" hai="32,33,34,37,42,45,49,52,58,59,62,65,118,119" machi="32" ten="40,8000,1" yaku="1,1,2,1,52,2,54,1,53,0" doraHai="115" doraHaiUra="83" who="0" fromWho="2" sc="298,92,317,0,425,-82,0,0" /><INIT seed="4,0,0,4,3,91" ten="390,317,343,0" oya="0" hai0="121,135,101,44,87,81,89,47,84,80,0,42,111" hai1="73,38,123,113,124,130,133,45,99,102,82,103,65" hai2="64,35,126,53,52,100,61,33,3,2,95,69,51" hai3=""/><T74/><N who="0" m="31008" /><T34/><D0/><U93/><N who="1" m="31520" /><U32/><E32/><V57/><F126/><T106/><D34/><U115/><E124/><V97/><F35/><T1/><D1/><U105/><E65/><V43/><F33/><T108/><D74/><U96/><E133/><V118/><F118/><T60/><D135/><U54/><E130/><V62/><REACH who="2" step="1"/><F43/><REACH who="2" ten="390,317,333,0" step="2"/><T114/><D42/><U37/><E115/><V55/><F55/><T76/><D114/><U58/><E113/><V50/><F50/><T66/><D108/><U86/><E73/><V75/><F75/><T39/><D111/><U132/><E132/><V127/><F127/><T98/><REACH who="0" step="1"/><D39/><REACH who="0" ten="380,317,333,0" step="2"/><U94/><E37/><V72/><F72/><T120/><N who="0" m="30752" /><T116/><D116/><U59/><E38/><V90/><F90/><T68/><AGARI ba="0,2" hai="44,47,60,66,68,76,80,81,84,87,89,98,101,106" m="30752,31008" machi="68" ten="20,8000,1" yaku="1,1,0,1,7,1,52,2,53,0" doraHai="91" doraHaiUra="71" who="0" fromWho="0" sc="380,100,317,-40,333,-40,0,0" /><INIT seed="4,1,0,1,1,115" ten="480,277,293,0" oya="0" hai0="92,102,90,131,124,63,114,37,84,39,132,36,133" hai1="0,134,44,130,38,122,55,120,99,33,109,112,47" hai2="121,105,34,50,118,88,104,127,94,75,67,93,78" hai3=""/><T41/><D114/><U107/><RYUUKYOKU type="yao9" ba="1,0" sc="480,0,277,0,293,0,0,0" hai1="0,33,38,44,47,55,99,107,109,112,120,122,130,134" /><INIT seed="4,2,0,1,3,93" ten="480,277,293,0" oya="0" hai0="114,130,85,54,48,90,51,91,119,96,45,108,61" hai1="129,124,32,127,99,134,98,70,35,78,77,113,111" hai2="55,107,117,109,33,81,79,34,40,44,104,135,59" hai3=""/><T89/><D114/><U39/><E111/><V106/><F109/><T116/><D108/><U86/><E39/><V57/><F135/><T41/><D130/><U62/><E129/><V74/><F117/><T47/><D85/><U1/><E1/><V43/><F59/><T97/><REACH who="0" step="1"/><D61/><REACH who="0" ten="470,277,293,0" step="2"/><U103/><E86/><V71/><F34/><T64/><D64/><U76/><E113/><V56/><F33/><T82/><D82/><U87/><E87/><V58/><F81/><T101/><D101/><U121/><N who="1" m="31008" /><U65/><E32/><V126/><F74/><T46/><D46/><U53/><E35/><V132/><F43/><T94/><D94/><U72/><E72/><V67/><F106/><T112/><D112/><U3/><E3/><V95/><F104/><T100/><D100/><U49/><E103/><V128/><F95/><T88/><N who="0" m="22528" /><DORA hai="2" /><T42/><D42/><U80/><E80/><V110/><F107/><T118/><AGARI ba="2,1" hai="41,45,47,48,51,54,96,97,116,118,119" m="22528" machi="118" ten="50,8000,1" yaku="1,1,0,1,52,2,54,1,53,0" doraHai="93,2" doraHaiUra="123,68" who="0" fromWho="0" sc="470,94,277,-42,293,-42,0,0" /><INIT seed="4,3,0,1,2,74" ten="564,235,251,0" oya="0" hai0="129,49,130,47,113,91,133,32,112,38,55,107,63" hai1="134,67,33,45,99,100,119,128,116,77,81,88,126" hai2="72,69,62,111,82,54,39,61,104,73,124,118,68" hai3=""/><T66/><D32/><U59/><E33/><V89/><F104/><T125/><D107/><U34/><E34/><V135/><F39/><T84/><D38/><U71/><E134/><V75/><F111/><T108/><D133/><U35/><E35/><V51/><F135/><T123/><N who="0" m="31520" /><T132/><D132/><U42/><E126/><V103/><F103/><T115/><D125/><U50/><E71/><V57/><F124/><T117/><D117/><U87/><E128/><N who="0" m="49257" /><D108/><U110/><E110/><V44/><F118/><T40/><D40/><U65/><E119/><V109/><F109/><T70/><D84/><U95/><E116/><V92/><F73/><T37/><D37/><U98/><REACH who="1" step="1"/><E59/><REACH who="1" ten="564,225,251,0" step="2"/><V53/><F69/><T78/><D91/><U120/><N who="1" m="30752" /><U80/><E80/><V90/><F82/><T41/><D41/><U36/><E36/><V60/><F68/><T3/><D3/><U52/><E52/><V127/><F127/><T2/><D2/><U131/><E131/><V86/><F90/><T83/><D83/><U56/><E56/><V93/><F89/><T48/><D55/><U85/><E85/><V121/><N who="2" m="31008" /><V101/><F86/><T76/><D70/><U96/><E96/><V1/><F1/><RYUUKYOKU ba="3,1" sc="564,-10,225,20,251,-10,0,0" hai1="42,45,50,65,67,77,81,87,88,95,98,99,100" /><INIT seed="5,4,1,1,1,55" ten="554,245,241,0" oya="1" hai0="102,111,61,57,119,39,116,124,2,83,63,121,52" hai1="62,73,87,104,68,105,97,127,113,72,80,42,94" hai2="107,70,103,125,110,76,122,65,98,128,1,131,43" hai3=""/><U40/><E68/><V58/><N who="2" m="31264" /><V114/><F1/><T129/><N who="0" m="31008" /><T51/><D111/><U47/><E62/><V86/><F110/><T84/><D2/><U82/><E42/><V123/><N who="2" m="31520" /><V93/><F70/><T45/><D102/><U48/><E113/><V81/><F43/><T133/><D133/><U74/><E127/><V91/><F125/><T109/><D109/><U60/><E60/><V79/><F65/><T100/><D100/><U112/><E112/><V3/><F58/><T77/><D129/><N who="2" m="49738" /><F3/><T101/><D124/><U117/><E117/><N who="0" m="45129" /><D101/><U44/><E44/><V130/><N who="2" m="49746" /><V54/><DORA hai="59" /><F54/><T38/><D61/><U99/><E40/><AGARI ba="4,1" hai="38,39,40,45,51,52,57,63,77,83,84" m="45129,31008" machi="40" ten="30,8000,1" yaku="12,1,52,3,54,1" doraHai="55,59" who="0" fromWho="1" sc="554,98,245,-88,241,0,0,0" /><INIT seed="6,0,0,3,4,63" ten="652,157,241,0" oya="2" hai0="33,62,129,81,103,34,70,74,113,101,35,39,124" hai1="92,108,54,135,86,133,78,77,68,127,55,117,49" hai2="32,52,94,47,131,102,99,125,46,60,41,51,126" hai3=""/><V59/><F32/><T67/><D39/><U107/><E108/><V76/><F76/><T43/><D129/><U109/><E109/><V0/><F0/><T57/><D124/><N who="2" m="47722" /><F47/><T111/><D111/><U132/><E127/><V114/><F114/><T37/><D113/><U38/><E38/><V89/><F89/><T66/><D74/><U104/><E117/><V130/><AGARI ba="0,0" hai="41,46,51,52,59,60,94,99,102,130,131" m="47722" machi="130" ten="30,2000,0" yaku="18,1,54,1" doraHai="63" who="2" fromWho="2" sc="652,-10,157,-10,241,20,0,0" /><INIT seed="6,1,0,3,4,99" ten="642,147,261,0" oya="2" hai0="40,125,76,89,81,132,58,103,60,57,117,44,74" hai1="85,93,130,121,48,46,105,87,88,52,86,126,122" hai2="98,96,108,94,114,36,65,129,50,84,1,3,75" hai3=""/><V135/><F36/><T131/><D117/><U42/><N who="1" m="31008" /><U120/><N who="1" m="30752" /><U64/><N who="1" m="31264" /><U45/><E130/><V34/><F75/><T83/><D131/><U68/><E105/><V119/><F34/><T32/><D32/><U123/><N who="1" m="31520" /><U71/><E126/><V73/><F73/><T70/><D125/><U95/><E64/><V97/><F129/><T90/><D132/><U54/><E54/><V38/><F38/><T110/><D110/><U111/><E111/><V91/><F119/><T127/><D127/><U62/><E62/><V107/><F107/><T77/><D70/><U33/><E33/><V92/><F135/><T53/><D103/><U115/><E115/><V78/><F114/><T47/><D57/><U37/><REACH who="1" step="1"/><E95/><REACH who="1" ten="642,137,261,0" step="2"/><V101/><F108/><T63/><D63/><U35/><E35/><V67/><F65/><T113/><D113/><U69/><AGARI ba="1,1" hai="37,42,45,46,48,52,68,69,71,85,86,87,88,93" m="31520,31264,30752,31008" machi="69" ten="30,12000,3" yaku="1,1,0,1,52,4,54,2,53,2" doraHai="99" doraHaiUra="41" who="1" fromWho="1" sc="642,-41,137,132,261,-81,0,0" owari="601,55.0,269,-13.0,180,-42.0,0,0.0" /></mjloggm>