<mjloggm ver="2.3"><GO type="169" lobby="0"/><UN n0="%E7%A7%8B%E6%9C%88%36%31" n1="%E5%A4%A7%E6%A5%A0%E5%85%AC" n2="%E3%82%A4%E3%83%B3%E3%83%87%E3%82%A3%E3%82%B4%E3%83%96%E3%83%AB%E3%83%BC" n3="%E8%B7%AF%E5%9C%B0%E8%A3%8F%E3%81%AE%E3%81%B2%E3%81%BE%E3%82%8F%E3%82%8A" dan="17,16,16,16" rate="2112.54,2150.76,2143.66,2127.67" sx="M,M,M,M"/><TAIKYOKU oya="0"/><INIT seed="0,0,0,1,1,100" ten="250,250,250,250" oya="0" hai0="45,78,8,5,25,0,102,71,107,88,44,80,83" hai1="40,85,66,67,93,115,16,117,114,94,62,23,131" hai2="97,55,61,52,108,42,14,113,37,110,32,112,63" hai3="11,132,59,46,74,10,64,15,82,56,19,75,50"/><T101/><D71/><U24/><E117/><V120/><F32/><W22/><G132/><T95/><D25/><U133/><E133/><V48/><F14/><W96/><G96/><T134/><D134/><U58/><E131/><V27/><F27/><W135/><G135/><T60/><D60/><N who="2" m="23114" /><F97/><W77/><G74/><T124/><D124/><U13/><E40/><V12/><F12/><W72/><G72/><T29/><D29/><U35/><E67/><V34/><F34/><W84/><G64/><T89/><D89/><U2/><E2/><V4/><F4/><W41/><REACH who="3" step="1"/><G75/><REACH who="3" ten="250,250,250,240" step="2"/><T121/><D121/><U104/><E85/><V51/><F120/><W54/><G54/><N who="2" m="20521" /><F113/><N who="1" m="43017" /><E104/><V17/><F112/><W20/><G20/><T92/><D107/><U21/><E35/><V6/><F6/><W70/><G70/><T47/><D5/><U125/><E125/><V118/><F17/><AGARI ba="0,1" hai="13,16,17,21,23,24,58,62,66,93,94" m="43017" machi="17" ten="30,2000,0" yaku="11,1,54,1" doraHai="100" who="1" fromWho="2" sc="250,0,250,30,250,-20,240,0" /><INIT seed="1,0,0,0,4,133" ten="250,280,230,240" oya="1" hai0="48,83,129,52,62,99,115,90,22,38,77,7,44" hai1="1,13,84,89,36,124,101,112,12,118,42,71,127" hai2="60,34,72,41,0,93,46,122,95,110,15,114,54" hai3="64,9,102,35,121,96,26,24,123,80,97,103,128"/><U88/><E118/><V58/><F110/><W45/><G80/><T19/><D115/><U43/><E112/><V18/><F122/><W4/><G64/><T2/><D129/><U108/><E1/><V39/><F0/><W47/><G9/><T25/><D38/><U76/><E71/><V67/><F34/><W111/><G111/><T17/><D2/><U40/><E108/><V6/><F6/><W130/><REACH who="3" step="1"/><G35/><REACH who="3" ten="250,280,230,230" step="2"/><T78/><D7/><AGARI ba="0,1" hai="4,7,24,26,45,47,96,97,102,103,121,123,128,130" machi="7" ten="25,12000,2" yaku="1,1,2,1,22,2,53,2" doraHai="133" doraHaiUra="126" who="3" fromWho="0" sc="250,-120,280,0,230,0,230,130" /><INIT seed="2,0,0,4,4,72" ten="130,280,230,360" oya="2" hai0="17,73,97,42,10,13,102,104,90,52,22,24,4" hai1="99,33,94,8,60,133,7,43,128,1,117,9,18" hai2="80,92,86,91,38,66,69,41,77,6,39,58,114" hai3="98,115,108,127,130,81,34,120,14,30,134,56,55"/><V110/><F114/><W125/><G120/><T82/><D42/><U103/><E117/><V87/><F69/><W59/><G115/><T126/><D126/><U116/><E116/><V84/><F41/><W61/><G108/><T67/><D67/><U5/><E33/><V68/><F68/><W25/><G130/><T131/><D131/><U89/><E128/><V29/><F29/><W112/><G112/><T63/><D90/><U122/><E122/><V48/><F6/><W0/><G0/><T26/><D26/><U65/><E133/><V44/><F110/><W78/><G134/><T79/><REACH who="0" step="1"/><D63/><REACH who="0" ten="120,280,230,360" step="2"/><U124/><E124/><V70/><F70/><W71/><G71/><T3/><D3/><U19/><E43/><N who="2" m="24607" /><F39/><W12/><G127/><T2/><D2/><U109/><E109/><V118/><F38/><W74/><G125/><T96/><D96/><U93/><E60/><N who="2" m="38167" /><F118/><W45/><G61/><T49/><D49/><U129/><E65/><V53/><F53/><AGARI ba="0,1" hai="4,10,13,17,22,24,52,53,73,79,82,97,102,104" machi="53" ten="40,8000,1" yaku="1,1,52,1,54,1,53,1" doraHai="72" doraHaiUra="75" who="0" fromWho="2" sc="120,90,280,0,230,-80,360,0" /><INIT seed="3,0,0,3,0,129" ten="210,280,150,360" oya="3" hai0="77,79,127,97,30,130,64,82,57,76,105,93,41" hai1="123,84,94,91,11,120,135,134,83,15,65,125,132" hai2="114,40,44,52,29,58,108,71,12,55,16,17,27" hai3="68,72,113,119,38,50,89,43,1,23,100,61,22"/><W88/><G113/><T117/><D130/><U133/><N who="1" m="33792" /><DORA hai="47" /><U70/><E125/><V69/><F108/><W66/><G38/><T111/><D111/><U118/><E118/><V26/><F114/><W95/><G72/><T10/><D117/><U131/><E131/><V67/><F67/><W46/><G1/><T25/><D127/><U124/><E124/><V48/><F55/><W116/><G116/><T104/><D10/><U45/><E70/><V7/><F7/><W14/><G119/><T101/><D41/><U126/><E65/><V112/><F17/><W59/><G68/><T18/><D82/><U62/><E62/><V87/><F27/><W98/><G14/><T92/><D18/><N who="1" m="8575" /><E126/><V102/><F112/><W9/><G9/><T107/><D64/><U110/><E110/><V96/><F71/><W39/><G39/><T20/><D57/><U63/><E63/><V34/><F69/><W42/><G42/><T73/><D73/><U56/><E56/><V75/><F75/><W106/><G59/><T13/><D13/><U21/><E21/><V33/><F33/><W35/><G35/><T31/><D31/><U28/><E28/><V109/><F40/><W36/><G36/><T2/><D30/><U60/><E60/><V19/><F12/><W121/><G61/><T32/><D32/><U78/><E45/><V103/><F44/><W51/><G46/><T3/><D20/><U90/><E90/><V49/><F34/><W8/><G89/><T80/><D2/><U99/><AGARI ba="0,0" hai="78,83,84,91,94,99,120,123" m="8575,33792" machi="99" ten="60,8000,1" yaku="20,1,52,4" doraHai="129,47" who="1" fromWho="1" sc="210,-20,280,80,150,-20,360,-40" /><INIT seed="4,0,0,5,1,135" ten="190,360,130,320" oya="0" hai0="113,39,127,1,44,16,116,92,68,23,40,77,17" hai1="109,57,42,30,122,119,96,61,47,126,31,14,130" hai2="66,125,56,129,21,89,48,73,132,128,90,32,107" hai3="99,124,7,82,0,59,133,37,104,72,70,134,76"/><T98/><D116/><U85/><E122/><V53/><F32/><W93/><G104/><T5/><D113/><U71/><E71/><V13/><F73/><W91/><G70/><T45/><D68/><U63/><E109/><V46/><F107/><W54/><G37/><T3/><D77/><U9/><E119/><V4/><F132/><N who="3" m="50795" /><G7/><T27/><D127/><U74/><E126/><V49/><F125/><W41/><G41/><T22/><D45/><U15/><E74/><V121/><F121/><W38/><G38/><T123/><D5/><U26/><E130/><N who="2" m="50283" /><F21/><W87/><G0/><T62/><D62/><U64/><E63/><N who="2" m="38247" /><F48/><N who="3" m="31175" /><G124/><T12/><REACH who="0" step="1"/><D123/><REACH who="0" ten="180,360,130,320" step="2"/><U51/><E47/><V2/><F2/><W86/><AGARI ba="0,1" hai="72,76,82,86,87,91,93,99" m="31175,50795" machi="86" ten="30,1100,0" yaku="20,1" doraHai="135" who="3" fromWho="3" sc="180,-5,360,-3,130,-3,320,21" /><INIT seed="5,0,0,2,3,11" ten="175,357,127,341" oya="1" hai0="23,111,89,7,2,6,44,123,121,1,32,74,20" hai1="28,52,105,114,100,76,27,51,35,125,85,99,91" hai2="59,84,90,38,104,113,14,64,21,127,110,4,112" hai3="82,98,31,24,78,72,86,97,107,3,36,61,9"/><U118/><E125/><V77/><F110/><W16/><G36/><T130/><D74/><U43/><E114/><N who="2" m="44139" /><F104/><W57/><G72/><T68/><D68/><U69/><E118/><V10/><F38/><W13/><G3/><N who="0" m="1035" /><D89/><U102/><E102/><V33/><F127/><W101/><G101/><T71/><D44/><U120/><E120/><N who="0" m="46153" /><D71/><U128/><E128/><V66/><F33/><W29/><G107/><T79/><D79/><U60/><E76/><V106/><F106/><W94/><G94/><T80/><D80/><U54/><E43/><V93/><F21/><N who="0" m="8266" /><D111/><U108/><E108/><V126/><F126/><W8/><G98/><T133/><D130/><U115/><E115/><V83/><F59/><W49/><G97/><AGARI ba="0,0" hai="4,10,14,64,66,77,83,84,90,93,97" m="44139" machi="97" ten="30,3900,0" yaku="15,1,11,1,52,1" doraHai="11" who="2" fromWho="3" sc="175,0,357,0,127,39,341,-39" /><INIT seed="6,0,0,4,2,72" ten="175,357,166,302" oya="2" hai0="11,124,127,111,27,29,99,10,74,42,23,104,55" hai1="31,78,0,45,53,24,70,22,60,125,3,14,89" hai2="17,39,56,131,101,69,97,7,121,2,28,134,46" hai3="79,113,37,5,109,129,117,119,76,95,32,16,52"/><V77/><F121/><W62/><G109/><T47/><D111/><U38/><E125/><N who="0" m="48201" /><D74/><U40/><E89/><V58/><F69/><W21/><G32/><T51/><D42/><U87/><E14/><V100/><F28/><W49/><G37/><T4/><D4/><U108/><E108/><V123/><F123/><W92/><G5/><T1/><D1/><U18/><E31/><V88/><F17/><W93/><G129/><T50/><D50/><U103/><E103/><AGARI ba="0,0" hai="10,11,23,27,29,47,51,55,99,103,104" m="48201" machi="103" ten="30,1000,0" yaku="18,1" doraHai="72" who="0" fromWho="1" sc="175,10,357,-10,166,0,302,0" /><INIT seed="7,0,0,0,1,32" ten="185,347,166,302" oya="3" hai0="84,126,77,63,70,88,112,39,62,105,22,89,100" hai1="83,1,25,11,120,74,35,97,68,18,10,17,57" hai2="34,12,54,21,52,96,69,131,116,7,56,95,38" hai3="14,109,107,2,122,46,61,132,130,66,102,94,16"/><W108/><G122/><T20/><D39/><U119/><E120/><V9/><F116/><W134/><G107/><T117/><D117/><U28/><E119/><V115/><F38/><W81/><G81/><N who="0" m="47151" /><D70/><U128/><E68/><V111/><F111/><N who="3" m="42571" /><G46/><T82/><D105/><U26/><E128/><V45/><F34/><W37/><G37/><T87/><D100/><U50/><E97/><V60/><F131/><W36/><G36/><T121/><D121/><U19/><E25/><V101/><F115/><W0/><G130/><T43/><D43/><U125/><E125/><V76/><F69/><N who="3" m="42191" /><G94/><T71/><D71/><U48/><E57/><V23/><F76/><W30/><G30/><T110/><D110/><U91/><E11/><V51/><AGARI ba="0,0" hai="7,9,12,21,23,45,51,52,54,56,60,95,96,101" machi="51" ten="30,4000,0" yaku="0,1,8,1,54,1" doraHai="32" who="2" fromWho="2" sc="185,-10,347,-10,166,40,302,-20" owari="175,-32.0,337,43.0,206,-19.0,282,8.0" /></mjloggm>