<mjloggm ver="2.3"><GO type="225" lobby="0"/><UN n0="%59%4F%55%E5%BE%80%4D%59%E9%80%B2%21" n1="%E5%8F%AF%E5%85%90%E9%82%A3%E7%94%B1%E5%A4%9A" n2="%6E%61%6F%6B%69%33%39" n3="%E7%B6%BE%E9%87%8E%E7%8F%AA%E5%AD%90" dan="16,17,17,16" rate="2101.71,2212.76,2178.00,2193.44" sx="M,F,M,F"/><TAIKYOKU oya="0"/><INIT seed="0,0,0,5,5,77" ten="250,250,250,250" oya="0" hai0="11,93,89,118,108,38,23,71,24,9,123,34,56" hai1="98,91,41,106,36,100,111,64,19,55,126,8,58" hai2="81,28,10,121,4,97,95,60,112,110,84,82,120" hai3="35,29,85,5,124,131,52,129,26,87,72,17,22"/><T99/><D118/><U103/><E64/><V48/><F112/><W32/><G72/><T42/><D123/><U74/><E74/><V61/><F28/><W51/><G124/><T76/><D71/><U88/><E126/><V59/><F110/><W62/><G62/><T20/><D34/><U3/><E103/><V86/><F48/><W119/><G5/><T18/><D108/><U49/><E111/><V12/><F121/><W83/><G119/><T69/><D69/><U133/><E133/><V128/><F128/><N who="3" m="49227" /><G29/><T68/><D68/><U25/><E3/><V66/><F60/><W122/><G122/><T40/><D38/><U57/><E57/><V92/><F120/><W14/><G26/><T130/><D130/><U54/><E54/><V63/><F63/><W65/><G87/><N who="2" m="33321" /><F95/><W132/><G65/><T1/><D1/><U101/><E25/><V6/><F6/><W70/><G70/><T104/><D104/><U96/><E19/><V46/><F46/><N who="3" m="27767" /><G132/><T115/><D115/><U102/><E106/><V47/><F47/><W75/><G75/><T13/><D56/><U127/><E127/><V73/><F73/><W53/><G53/><T134/><D134/><U67/><E67/><V125/><F125/><W109/><G109/><T2/><D2/><U30/><E30/><V43/><F43/><N who="0" m="16426" /><D76/><AGARI ba="0,0" hai="14,17,22,32,35,76,83,85" m="27767,49227" machi="76" ten="30,3900,0" yaku="19,1,52,1,54,1" doraHai="77" who="3" fromWho="0" sc="250,-39,250,0,250,0,250,39" /><INIT seed="1,0,0,0,5,25" ten="211,250,250,289" oya="1" hai0="8,70,16,37,75,82,118,99,81,116,86,97,30" hai1="38,2,46,95,1,10,44,62,96,52,61,104,54" hai2="27,124,18,60,40,4,88,50,127,56,15,77,29" hai3="98,74,113,11,23,100,6,76,132,65,21,106,69"/><U26/><E104/><V105/><F105/><W14/><G113/><T64/><D37/><U13/><E26/><V67/><F77/><W63/><G132/><T129/><D129/><U39/><E13/><V117/><F117/><W101/><G101/><T102/><D75/><U33/><E33/><V80/><F4/><W31/><G74/><T9/><D70/><U34/><E34/><V71/><F40/><W45/><G76/><T126/><D64/><U36/><E10/><V94/><F80/><W22/><REACH who="3" step="1"/><G45/><REACH who="3" ten="211,250,250,279" step="2"/><T19/><D102/><U133/><E133/><V78/><F78/><W122/><G122/><T128/><D128/><U55/><E44/><V53/><F127/><W83/><G83/><T111/><D126/><U108/><E46/><V103/><F103/><W130/><G130/><T89/><D89/><U85/><E108/><V66/><F124/><W51/><G51/><T107/><D107/><U58/><E62/><V115/><F115/><W24/><AGARI ba="0,1" hai="6,11,14,21,22,23,24,31,63,65,69,98,100,106" machi="24" ten="30,4000,0" yaku="1,1,0,1,52,1,53,0" doraHai="25" doraHaiUra="42" who="3" fromWho="3" sc="211,-10,250,-20,250,-10,279,50" /><INIT seed="2,0,0,3,3,93" ten="201,230,240,329" oya="2" hai0="107,108,62,69,100,21,12,43,38,52,46,81,8" hai1="60,127,2,95,0,99,34,58,86,90,19,67,134" hai2="68,98,125,75,119,105,11,14,55,123,97,91,80" hai3="26,42,72,39,74,37,92,48,110,109,113,106,118"/><V94/><F68/><W76/><G106/><T4/><D108/><N who="3" m="41577" /><G118/><T116/><D116/><U84/><E34/><V66/><F119/><W6/><G6/><T102/><D81/><U87/><E127/><V115/><F66/><W54/><G76/><T96/><D102/><U22/><REACH who="1" step="1"/><E134/><REACH who="1" ten="201,220,240,329" step="2"/><V130/><F125/><W85/><G113/><T45/><D69/><U59/><E59/><V40/><F115/><W1/><G1/><T101/><D46/><U7/><E7/><V49/><F123/><W73/><G42/><T53/><D101/><U17/><E17/><V36/><F40/><W47/><G26/><AGARI ba="0,1" hai="0,2,19,22,26,58,60,67,84,86,87,90,95,99" machi="26" ten="40,8000,1" yaku="1,1,52,1,53,3" doraHai="93" doraHaiUra="82" who="1" fromWho="3" sc="201,0,220,90,240,0,329,-80" /><INIT seed="3,0,0,4,1,46" ten="201,310,240,249" oya="3" hai0="105,7,133,123,32,47,84,19,112,29,107,49,119" hai1="43,124,11,4,30,57,95,120,50,55,127,92,23" hai2="103,67,104,41,59,20,80,125,77,39,44,113,111" hai3="66,28,93,86,2,97,63,70,134,34,90,98,54"/><W65/><G134/><T45/><D119/><U52/><E120/><V5/><F113/><W108/><G108/><T106/><D123/><U99/><E43/><V40/><F5/><W117/><G117/><T13/><D133/><U118/><E118/><V71/><F71/><W22/><G2/><T72/><D72/><U131/><E131/><V135/><F135/><W8/><G34/><T3/><D112/><U129/><E129/><V1/><F1/><W16/><G65/><T9/><D84/><U94/><E55/><V17/><F41/><W68/><G68/><T91/><D91/><U116/><E116/><V18/><F111/><W24/><G8/><T6/><D6/><U102/><E23/><V96/><F20/><W0/><G0/><T38/><D38/><U128/><E30/><V87/><F125/><N who="1" m="48201" /><E128/><V115/><F115/><W76/><G76/><T25/><REACH who="0" step="1"/><D49/><REACH who="0" ten="191,310,240,249" step="2"/><U83/><E83/><V37/><F37/><W62/><G86/><T53/><D53/><U26/><E26/><V35/><F87/><W101/><G54/><T109/><D109/><U21/><E4/><V114/><F80/><W121/><G121/><T33/><D33/><U89/><E89/><V42/><F35/><W56/><G97/><T73/><D73/><U10/><E99/><V126/><F126/><W36/><G36/><T60/><D60/><U58/><E52/><V122/><F122/><W79/><G90/><T132/><D132/><U130/><E50/><V12/><F114/><W69/><G79/><T110/><D110/><U81/><E130/><V75/><F39/><W27/><G63/><RYUUKYOKU ba="0,1" sc="191,15,310,-15,240,-15,249,15" hai0="3,7,9,13,19,25,29,32,45,47,105,106,107" hai3="16,22,24,27,28,56,62,66,69,70,93,98,101" /><INIT seed="3,1,1,2,4,107" ten="206,295,225,264" oya="3" hai0="0,34,112,49,87,52,8,133,56,102,72,6,80" hai1="22,15,50,121,128,78,134,96,46,84,40,98,100" hai2="16,76,44,83,41,38,10,88,79,93,31,135,86" hai3="89,115,3,103,27,47,124,117,116,85,25,75,90"/><W9/><G115/><T5/><D112/><U21/><E121/><V70/><F70/><W59/><G103/><T110/><D34/><U53/><E134/><V23/><F135/><W95/><G75/><T57/><D133/><U60/><E128/><V120/><F120/><W118/><G124/><T129/><D129/><U58/><E15/><V43/><F43/><W73/><G73/><T28/><D28/><U30/><E30/><V37/><F31/><W39/><G59/><T130/><D130/><U20/><E100/><V67/><F67/><W113/><G113/><T35/><D35/><U119/><E119/><V4/><F38/><W126/><G126/><T12/><D110/><U14/><E14/><V71/><F71/><W33/><G33/><T125/><D125/><U68/><E68/><V127/><F127/><W61/><G61/><T97/><D72/><U106/><E106/><V2/><F83/><AGARI ba="1,1" hai="20,21,22,40,46,50,53,58,60,78,83,84,96,98" machi="83" ten="40,1300,0" yaku="8,1" doraHai="107" who="1" fromWho="2" sc="206,0,295,26,225,-16,264,0" owari="206,-29.0,321,42.0,209,-19.0,264,6.0" /></mjloggm>