<mjloggm ver="2.3"><GO type="169" lobby="0"/><UN n0="%E3%81%8A%E7%9F%A5%E3%82%89%E3%81%9B" n1="%7A%6B%75%72%74" n2="%6B%61%7A%75%2D" n3="%E5%AE%89%E8%89%AF%E5%B2%A1%E8%8A%B1%E7%81%AB" dan="19,17,17,16" rate="2322.09,2245.36,2165.68,2080.71" sx="M,M,M,M"/><TAIKYOKU oya="0"/><INIT seed="0,0,0,3,0,31" ten="250,250,250,250" oya="0" hai0="111,108,53,105,99,128,5,110,16,0,47,11,35" hai1="76,24,58,117,1,25,131,73,92,81,28,115,38" hai2="134,69,36,30,104,78,51,63,68,55,7,64,107" hai3="98,130,101,114,59,52,42,12,56,75,9,61,34"/><T125/><D125/><U72/><E117/><V37/><F78/><W22/><G114/><T87/><D128/><U82/><E38/><N who="2" m="14955" /><F30/><W20/><G75/><T15/><D47/><U57/><E1/><V123/><F7/><W48/><G130/><T41/><D41/><U124/><E131/><V88/><F88/><W126/><G34/><T27/><D53/><U62/><E124/><V79/><F79/><W94/><G126/><T44/><D44/><U29/><E76/><V116/><F107/><W106/><G106/><T113/><D87/><U8/><E8/><V129/><F104/><W103/><G103/><N who="0" m="62719" /><D113/><U60/><E115/><V100/><F100/><W4/><REACH who="3" step="1"/><G42/><REACH who="3" ten="250,250,250,240" step="2"/><T71/><D71/><U66/><E66/><AGARI ba="0,1" hai="4,9,12,20,22,48,52,56,59,61,66,94,98,101" machi="66" ten="30,12000,2" yaku="1,1,2,1,7,1,8,1,54,1,53,1" doraHai="31" doraHaiUra="89" who="3" fromWho="1" sc="250,0,250,-120,250,0,240,130" /><INIT seed="1,0,0,1,5,38" ten="250,130,250,370" oya="1" hai0="46,10,108,3,119,4,127,58,109,33,106,54,32" hai1="71,17,55,47,50,124,90,15,69,6,13,62,27" hai2="131,63,101,25,52,7,24,132,51,78,77,48,129" hai3="67,44,66,79,117,42,111,5,36,1,94,37,72"/><U20/><E124/><V83/><F132/><W133/><G133/><T112/><D112/><U0/><E0/><V49/><F101/><W57/><G111/><N who="0" m="42571" /><D119/><U81/><E6/><V93/><F93/><W19/><G117/><T40/><D106/><U121/><E121/><V114/><F114/><W120/><G120/><T98/><D98/><U75/><E90/><V59/><F7/><W116/><G116/><T26/><D26/><U22/><E62/><V95/><F95/><W73/><G36/><N who="0" m="21767" /><D127/><U80/><E15/><V21/><F77/><W126/><G126/><T103/><D103/><U115/><E115/><V76/><F78/><W9/><G94/><T96/><D96/><U99/><E99/><V104/><F104/><W135/><G135/><T35/><D32/><U110/><E110/><V16/><REACH who="2" step="1"/><F25/><REACH who="2" ten="250,130,240,370" step="2"/><W60/><G79/><T87/><D87/><AGARI ba="0,1" hai="16,21,24,48,49,51,52,59,63,76,83,87,129,131" machi="87" ten="40,8000,1" yaku="1,1,2,1,54,2,53,0" doraHai="38" doraHaiUra="88" who="2" fromWho="0" sc="250,-80,130,0,240,90,370,0" /><INIT seed="2,0,0,4,3,63" ten="170,130,330,370" oya="2" hai0="66,107,39,58,88,132,44,24,99,62,112,31,87" hai1="18,113,83,71,70,89,125,29,98,26,20,25,123" hai2="133,101,23,106,30,111,79,22,119,69,114,46,8" hai3="15,81,9,16,47,35,110,13,129,11,41,57,21"/><V100/><F119/><W49/><G110/><T55/><D112/><U7/><E113/><V130/><F114/><W131/><G35/><T74/><D74/><U43/><E125/><V54/><F133/><W92/><G81/><T14/><D132/><U135/><E135/><V65/><F130/><N who="3" m="49675" /><G92/><T118/><D118/><U45/><E123/><V5/><F111/><W50/><G15/><T52/><D14/><U75/><E7/><V42/><F54/><AGARI ba="0,0" hai="9,11,13,16,21,41,47,49,50,54,57" m="49675" machi="54" ten="30,2000,0" yaku="19,1,54,1" doraHai="63" who="3" fromWho="2" sc="170,0,130,0,330,-20,370,20" /><INIT seed="3,0,0,0,4,121" ten="170,130,310,390" oya="3" hai0="66,88,113,110,8,29,89,96,17,47,76,36,30" hai1="80,25,115,20,18,59,31,33,109,117,90,2,57" hai2="22,28,126,56,35,92,93,85,81,39,71,12,97" hai3="133,50,75,3,9,87,26,5,44,69,125,104,127"/><W53/><G75/><T48/><D113/><U67/><E115/><V51/><F126/><N who="3" m="48139" /><G104/><T38/><D76/><U79/><E117/><V55/><F71/><W4/><G133/><T101/><D66/><U58/><E2/><V95/><F39/><W41/><G69/><T130/><D130/><U74/><E90/><N who="2" m="51503" /><F35/><W72/><G72/><T134/><D134/><U129/><E129/><V63/><F63/><W23/><G87/><T124/><D124/><U37/><E37/><V84/><F84/><W45/><G5/><T10/><D17/><U132/><E132/><V49/><F49/><W77/><G77/><T128/><D48/><U52/><E67/><V6/><F6/><W123/><G123/><T19/><D19/><U86/><E74/><V13/><F97/><W0/><G0/><T120/><D120/><U60/><REACH who="1" step="1"/><E109/><REACH who="1" ten="170,120,310,390" step="2"/><V65/><F65/><W135/><G135/><T108/><D128/><U68/><E68/><V114/><F114/><W43/><G45/><T1/><D1/><U131/><E131/><V106/><F106/><W91/><G91/><N who="0" m="34891" /><D47/><U11/><E11/><N who="0" m="4137" /><D38/><U64/><E64/><V14/><F95/><W16/><AGARI ba="0,1" hai="3,4,9,16,23,26,41,43,44,50,53" m="48139" machi="16" ten="30,3000,0" yaku="18,1,54,1" doraHai="121" who="3" fromWho="3" sc="170,-10,120,-10,310,-10,390,40" /><INIT seed="3,1,0,0,2,61" ten="160,110,300,430" oya="3" hai0="69,70,9,84,28,4,51,95,92,106,45,98,132" hai1="14,65,18,96,38,86,2,57,131,20,116,16,64" hai2="43,119,100,40,80,76,83,71,58,130,122,129,77" hai3="105,135,54,127,6,118,12,114,59,81,67,121,39"/><W36/><G114/><T15/><D132/><U25/><E38/><V108/><F71/><W22/><G118/><T93/><D28/><U30/><E2/><V104/><F119/><W115/><G115/><T3/><D3/><U112/><E112/><V123/><F58/><W109/><G121/><N who="2" m="46089" /><F108/><W55/><G105/><T75/><D75/><U23/><E116/><V73/><F43/><W5/><G109/><T128/><D128/><U17/><E131/><N who="2" m="50187" /><F40/><W49/><G135/><T94/><D106/><U42/><E42/><V99/><F83/><W10/><G81/><T103/><REACH who="0" step="1"/><D84/><REACH who="0" ten="150,110,300,430" step="2"/><U78/><E96/><N who="2" m="61447" /><F77/><W41/><G39/><T113/><D113/><U29/><E29/><V90/><F90/><W53/><G36/><T111/><D111/><U102/><E102/><V74/><F99/><W26/><G5/><T11/><D11/><U44/><E78/><V66/><F66/><W63/><G67/><T19/><D19/><N who="1" m="10359" /><E86/><AGARI ba="1,1" hai="73,74,76,80,86" m="61447,50187,46089" machi="86" ten="30,7700,0" yaku="13,1,19,1,34,2" doraHai="61" who="2" fromWho="1" sc="150,0,110,-80,300,90,430,0" /><INIT seed="4,0,0,5,2,66" ten="150,30,390,430" oya="0" hai0="78,56,24,7,100,115,32,5,29,55,92,119,131" hai1="41,130,88,18,63,91,4,85,93,38,33,122,0" hai2="10,70,45,101,133,46,14,69,3,87,128,124,103" hai3="53,84,65,20,94,80,36,79,30,71,81,21,34"/><T6/><D119/><U12/><E122/><V112/><F3/><W67/><G36/><T1/><D115/><U86/><E130/><V26/><F128/><W49/><G94/><T57/><D131/><U23/><E33/><V75/><F75/><W43/><G43/><T118/><D118/><U111/><E111/><V25/><F87/><W89/><G34/><T64/><D78/><U73/><E73/><V123/><F123/><W15/><G30/><T22/><D1/><U39/><E41/><V108/><F108/><W72/><G15/><T96/><D32/><U125/><E125/><V121/><F121/><W116/><G116/><T83/><D83/><U47/><E47/><V17/><F112/><W59/><REACH who="3" step="1"/><G67/><REACH who="3" ten="150,30,390,420" step="2"/><T37/><D37/><U40/><E40/><V132/><F124/><W104/><G104/><T135/><D64/><U62/><E38/><V58/><F103/><W31/><G31/><T54/><D135/><N who="2" m="51786" /><F101/><W113/><G113/><T44/><D55/><U52/><E39/><V97/><F97/><W61/><AGARI ba="0,1" hai="20,21,49,53,59,61,65,71,72,79,80,81,84,89" machi="61" ten="30,7900,0" yaku="1,1,0,1,52,1,53,1" doraHai="66" doraHaiUra="105" who="3" fromWho="3" sc="150,-39,30,-20,390,-20,420,89" /><INIT seed="5,0,0,4,5,3" ten="111,10,370,509" oya="1" hai0="119,113,101,126,88,98,51,133,5,23,95,74,94" hai1="21,0,41,40,1,72,96,15,11,123,132,64,83" hai2="117,32,75,76,22,43,111,130,87,97,78,115,86" hai3="110,13,69,102,6,108,124,107,89,73,60,49,34"/><U7/><E123/><V35/><F117/><W90/><G34/><T50/><D119/><U56/><E132/><V38/><F111/><W70/><G73/><T12/><D74/><U19/><E0/><V81/><F130/><W63/><G124/><T118/><D118/><U84/><E72/><V59/><F115/><W109/><G49/><T44/><D126/><U128/><E128/><V55/><F97/><W30/><G30/><T58/><D113/><U67/><E96/><V26/><F43/><W92/><G107/><T37/><D133/><U80/><E80/><V46/><F46/><W20/><G102/><T2/><D2/><U57/><E57/><V91/><F38/><W99/><G89/><T134/><D134/><U9/><E9/><V120/><F120/><W25/><G25/><T66/><D37/><U8/><E8/><V103/><F103/><W77/><G77/><T4/><D66/><U125/><E125/><V112/><F112/><W65/><G65/><T106/><D58/><U93/><E93/><N who="2" m="54519" /><F78/><W47/><G47/><T79/><D79/><N who="1" m="46207" /><E67/><V24/><F75/><W129/><G129/><T33/><D33/><U36/><E36/><V52/><F59/><W68/><G20/><T31/><D106/><U42/><E56/><V48/><F35/><W85/><G99/><N who="0" m="59647" /><D50/><U104/><E104/><V39/><F39/><W18/><G110/><T135/><D135/><U131/><E131/><V62/><F48/><W105/><G109/><T61/><D61/><N who="3" m="23625" /><G108/><T114/><D114/><U16/><E64/><V14/><F62/><W116/><G116/><T45/><D98/><RYUUKYOKU ba="0,0" sc="111,-10,10,30,370,-10,509,-10" hai1="1,7,11,15,16,19,21,40,41,42" /><INIT seed="5,1,0,5,2,135" ten="101,40,360,499" oya="1" hai0="38,75,91,62,55,41,130,76,22,47,61,11,58" hai1="105,123,88,118,13,50,95,92,39,4,36,85,67" hai2="56,5,0,129,6,29,63,10,66,82,94,89,12" hai3="125,71,18,124,53,49,69,133,21,51,114,31,32"/><U101/><E123/><V102/><F129/><W108/><G108/><T9/><D130/><U24/><E118/><V68/><F68/><N who="3" m="26187" /><G114/><T79/><D75/><U20/><E67/><V48/><F48/><W7/><G7/><T134/><D134/><U35/><E105/><V103/><F82/><W106/><G106/><T83/><D61/><U17/><E50/><V109/><F109/><W16/><G32/><T33/><D33/><U14/><E4/><V46/><F46/><N who="3" m="27831" /><G51/><N who="0" m="27119" /><D22/><U110/><E110/><V115/><F115/><W42/><G42/><T19/><D38/><U74/><E74/><V27/><F5/><W60/><G60/><T100/><D100/><U98/><REACH who="1" step="1"/><E35/><REACH who="1" ten="101,30,360,499" step="2"/><V104/><F104/><W132/><G132/><T131/><D131/><U25/><E25/><V37/><F37/><AGARI ba="1,1" hai="13,14,17,20,24,36,37,39,85,88,92,95,98,101" machi="37" ten="40,7700,0" yaku="1,1,54,1,53,1" doraHai="135" doraHaiUra="86" who="1" fromWho="2" sc="101,0,30,90,360,-80,499,0" /><INIT seed="5,2,0,5,4,16" ten="101,120,280,499" oya="1" hai0="117,109,5,63,87,98,79,29,1,97,78,124,19" hai1="132,133,101,81,92,70,37,96,10,8,103,59,9" hai2="86,116,111,121,127,45,126,33,39,3,74,27,84" hai3="130,12,120,80,2,131,75,110,18,68,32,35,99"/><U17/><E70/><V51/><F121/><W113/><G110/><T90/><D109/><U31/><E37/><V46/><F116/><W20/><G2/><T119/><D29/><U76/><E31/><N who="2" m="19711" /><F74/><W135/><G135/><T42/><D42/><U64/><E103/><V6/><F111/><W48/><G113/><T107/><D1/><U91/><E101/><V104/><F104/><W55/><G68/><T13/><D5/><U56/><E64/><V21/><F46/><W93/><G80/><T69/><D124/><N who="2" m="47658" /><F21/><W34/><G75/><T57/><D69/><U82/><E82/><V65/><F65/><W54/><G120/><T7/><D107/><U38/><E38/><V53/><F39/><W73/><G73/><T89/><D7/><U67/><E67/><V125/><F125/><W26/><G26/><T123/><D123/><U24/><E133/><V30/><F30/><W15/><G15/><T72/><D72/><U4/><E4/><V11/><AGARI ba="2,0" hai="3,6,11,45,51,53,84,86" m="47658,19711" machi="11" ten="30,1100,0" yaku="18,1" doraHai="16" who="2" fromWho="2" sc="101,-5,120,-7,280,17,499,-5" /><INIT seed="6,0,0,2,0,112" ten="96,113,297,494" oya="2" hai0="33,107,19,32,48,13,24,92,78,128,132,39,54" hai1="49,23,72,122,79,89,36,131,106,57,26,114,97" hai2="11,38,90,115,56,135,125,80,94,100,4,61,51" hai3="75,62,35,67,34,88,101,66,118,93,41,3,5"/><V60/><F38/><W43/><G75/><T85/><D107/><U77/><E36/><V28/><F115/><W68/><G118/><T55/><D39/><U8/><E114/><V120/><F120/><W116/><G116/><T52/><D132/><U121/><E131/><V133/><F28/><W98/><G67/><T47/><D128/><U129/><E129/><V124/><F80/><W105/><G3/><T0/><D0/><U76/><E72/><V83/><F83/><W18/><G5/><T10/><D78/><U71/><E71/><V123/><F51/><W113/><G113/><T102/><D32/><U127/><E8/><V12/><F100/><W91/><G18/><T117/><D117/><U109/><E109/><V130/><F123/><W74/><G74/><T70/><D70/><U103/><E89/><V63/><F56/><W81/><G91/><N who="0" m="53359" /><D33/><U59/><E127/><N who="2" m="48715" /><F130/><W96/><G81/><T20/><D102/><U110/><E110/><V86/><AGARI ba="0,0" hai="4,11,12,60,61,63,86,90,94,133,135" m="48715" machi="86" ten="40,2100,0" yaku="18,1" doraHai="112" who="2" fromWho="2" sc="96,-7,113,-7,297,21,494,-7" /><INIT seed="6,1,0,3,3,23" ten="89,106,318,487" oya="2" hai0="38,40,133,52,77,9,24,48,14,36,93,121,29" hai1="33,87,62,1,28,99,74,104,88,90,83,131,120" hai2="97,35,92,47,8,15,21,20,17,69,51,110,129" hai3="37,134,107,0,27,32,13,128,79,10,119,94,123"/><V31/><F69/><W73/><RYUUKYOKU type="yao9" ba="1,0" sc="89,0,106,0,318,0,487,0" hai3="0,10,13,27,32,37,73,79,94,107,119,123,128,134" /><INIT seed="6,2,0,4,3,111" ten="89,106,318,487" oya="2" hai0="58,47,59,52,55,67,17,96,14,74,109,46,48" hai1="15,23,120,43,61,75,4,57,105,71,133,92,63" hai2="84,37,85,8,79,39,21,56,88,90,3,119,100" hai3="29,112,129,114,10,65,127,51,116,25,118,41,80"/><V30/><F119/><W26/><G129/><T69/><D109/><U95/><E105/><V53/><F100/><W103/><G127/><T11/><D74/><U131/><E75/><V6/><F79/><W32/><G103/><T60/><REACH who="0" step="1"/><D96/><REACH who="0" ten="79,106,318,487" step="2"/><U5/><E131/><V122/><F122/><W132/><G118/><T102/><D102/><U36/><E120/><V45/><F85/><W124/><G116/><T70/><D70/><U34/><E71/><V16/><F30/><W9/><G29/><T104/><D104/><U110/><E110/><V115/><F115/><W107/><G114/><T123/><D123/><U87/><E87/><V31/><F31/><W2/><G107/><T42/><D42/><U54/><E43/><V134/><F134/><W121/><G112/><T89/><D89/><U28/><E133/><V135/><F135/><W72/><G121/><T94/><D94/><U130/><E130/><V73/><F73/><W50/><G132/><T68/><D68/><U113/><E113/><V13/><F45/><W19/><G51/><AGARI ba="2,1" hai="11,14,17,46,47,48,51,52,55,58,59,60,67,69" machi="51" ten="30,12000,2" yaku="1,1,7,1,9,1,54,1,53,2" doraHai="111" doraHaiUra="40" who="0" fromWho="3" sc="79,136,106,0,318,0,487,-126" /><INIT seed="7,0,0,2,3,118" ten="215,106,318,361" oya="3" hai0="129,88,59,4,47,27,104,101,20,134,33,17,55" hai1="31,135,9,11,58,120,97,50,81,16,122,14,74" hai2="124,25,109,38,28,66,87,82,35,70,1,107,119" hai3="121,80,2,51,128,78,15,126,5,100,13,53,7"/><W56/><G121/><T68/><D68/><U62/><E135/><V95/><F119/><W64/><G128/><T86/><D129/><U42/><E31/><V60/><F109/><W49/><G126/><T37/><D33/><U32/><E32/><V90/><F124/><W57/><G100/><T94/><D104/><U131/><E131/><V76/><F38/><W67/><G2/><T103/><D134/><U26/><E26/><V102/><F1/><W39/><G39/><T79/><D4/><N who="3" m="1609" /><G80/><T30/><D79/><U6/><E97/><V0/><F0/><W21/><G78/><T18/><D47/><U23/><E81/><V89/><REACH who="2" step="1"/><F95/><REACH who="2" ten="215,106,308,361" step="2"/><W123/><G123/><T96/><D37/><U112/><E112/><V36/><F36/><W99/><G99/><AGARI ba="0,1" hai="25,28,35,60,66,70,76,82,87,89,90,99,102,107" machi="99" ten="40,8000,1" yaku="1,1,25,2,53,1" doraHai="118" doraHaiUra="77" who="2" fromWho="3" sc="215,0,106,0,308,90,361,-80" owari="215,-18.0,106,-39.0,398,49.0,281,8.0" /></mjloggm>