<mjloggm ver="2.3"><GO type="169" lobby="0"/><UN n0="%E5%8F%A4%E6%9C%AC" n1="%73%75%7A%75%6D%65%33" n2="%E6%9C%A8%E5%8E%9F%E8%B1%AA%E4%B8%80" n3="%E5%B0%8F%E6%B1%A0%E7%BE%8E%E6%B3%A2%E2%8A%BF" dan="16,17,16,16" rate="2035.80,2203.20,2180.69,2112.40" sx="M,M,M,F"/><TAIKYOKU oya="0"/><INIT seed="0,0,0,5,2,79" ten="250,250,250,250" oya="0" hai0="17,107,126,29,117,105,32,85,10,61,48,47,88" hai1="118,49,55,25,72,69,1,81,115,95,86,2,51" hai2="102,19,132,42,104,44,33,64,12,130,37,53,11" hai3="73,98,24,4,129,70,59,83,0,134,45,68,120"/><T20/><D117/><U84/><E69/><V101/><F132/><W116/><G116/><T131/><D126/><U97/><E118/><V128/><F33/><W9/><G129/><N who="2" m="49769" /><F104/><W125/><G59/><T7/><D131/><U87/><E115/><V90/><F64/><W27/><G98/><T133/><D61/><U103/><E25/><V91/><F53/><W39/><G134/><T14/><D29/><U50/><E72/><V21/><F21/><W52/><G125/><T43/><D32/><U119/><E119/><V67/><F67/><W96/><G96/><T74/><D74/><U78/><E55/><V23/><F23/><W31/><G24/><T3/><REACH who="0" step="1"/><D133/><REACH who="0" ten="240,250,250,250" step="2"/><U114/><E114/><V71/><F71/><W38/><G68/><T82/><AGARI ba="0,1" hai="3,7,10,14,17,20,43,47,48,82,85,88,105,107" machi="82" ten="20,18000,2" yaku="1,1,2,1,0,1,7,1,52,1,54,1,53,0" doraHai="79" doraHaiUra="63" who="0" fromWho="0" sc="240,190,250,-60,250,-60,250,-60" /><INIT seed="0,1,0,5,2,44" ten="430,190,190,190" oya="0" hai0="76,94,111,41,8,96,92,37,32,69,22,128,50" hai1="60,17,7,66,74,82,71,20,47,132,117,23,27" hai2="75,86,102,73,49,24,51,63,114,14,30,90,78" hai3="58,34,57,127,103,93,115,85,56,42,5,45,124"/><T113/><D113/><U61/><E117/><V119/><F114/><W48/><G34/><T62/><D32/><U46/><E132/><V104/><F119/><W11/><G115/><T33/><D33/><U81/><E7/><V13/><F63/><W64/><G64/><T105/><D37/><U109/><E109/><V134/><F134/><W123/><G123/><T38/><D38/><U68/><E74/><V97/><F14/><W53/><G53/><T107/><D76/><U16/><E27/><V3/><F3/><W88/><REACH who="3" step="1"/><G103/><REACH who="3" ten="430,190,190,180" step="2"/><T10/><D111/><U125/><REACH who="1" step="1"/><E66/><REACH who="1" ten="430,180,190,180" step="2"/><V28/><F102/><W80/><G80/><T72/><D72/><U70/><E70/><V129/><F75/><W67/><G67/><T79/><D69/><U35/><E35/><V6/><F73/><W110/><G110/><T95/><D8/><U99/><E99/><V54/><F97/><W21/><G21/><T12/><D10/><U77/><E77/><V65/><F78/><W135/><G135/><T9/><D79/><U118/><E118/><V19/><F65/><W131/><G131/><T120/><D96/><U36/><E36/><V87/><F129/><W15/><AGARI ba="1,2" hai="5,11,15,42,45,48,56,57,58,85,88,93,124,127" machi="15" ten="30,12000,2" yaku="1,1,0,1,52,1,54,1,53,3" doraHai="44" doraHaiUra="55" who="3" fromWho="3" sc="430,-61,180,-31,190,-31,180,143" /><INIT seed="1,0,0,3,2,64" ten="369,149,159,323" oya="1" hai0="16,84,109,122,45,23,126,112,25,72,9,41,124" hai1="68,52,65,35,29,99,98,95,135,37,62,117,19" hai2="127,111,134,0,101,51,88,120,53,39,48,131,11" hai3="129,87,91,116,118,38,90,58,57,82,42,33,12"/><U60/><E37/><V125/><F120/><W50/><G38/><T78/><D122/><U7/><E117/><N who="3" m="45162" /><G33/><T93/><D112/><U94/><E135/><V103/><F39/><W107/><G107/><T44/><D109/><U18/><E7/><N who="2" m="1511" /><F51/><W121/><G121/><T30/><D72/><U86/><E86/><V10/><F10/><W32/><G32/><T89/><D78/><U56/><E35/><V6/><F6/><W96/><G12/><N who="0" m="7183" /><D41/><U24/><E29/><V119/><F119/><W70/><G129/><T83/><D83/><U73/><E73/><V2/><F2/><W81/><G70/><T102/><D102/><U75/><E75/><V13/><F13/><W128/><G128/><T114/><D114/><U15/><E24/><V28/><F28/><W61/><G61/><T67/><D67/><U123/><E123/><V20/><F111/><W104/><G82/><T49/><D49/><U66/><E66/><V5/><F5/><W110/><G110/><T17/><D30/><U22/><REACH who="1" step="1"/><E18/><REACH who="1" ten="369,139,159,323" step="2"/><V130/><F134/><W69/><G87/><T97/><D84/><U31/><E31/><V77/><F131/><W3/><G96/><AGARI ba="0,1" hai="15,19,22,52,56,60,62,65,68,94,95,96,98,99" machi="96" ten="40,12000,1" yaku="1,1,52,1,54,1,53,1" doraHai="64" doraHaiUra="54" who="1" fromWho="3" sc="369,0,139,130,159,0,323,-120" /><INIT seed="1,1,0,5,1,123" ten="369,269,159,203" oya="1" hai0="119,7,106,74,64,117,12,63,127,70,76,95,99" hai1="57,51,30,39,2,129,104,131,61,49,101,102,3" hai2="94,46,56,121,35,34,22,32,126,40,92,44,14" hai3="105,91,130,55,23,100,125,103,107,41,33,75,48"/><U113/><E39/><V98/><F121/><W6/><G33/><T84/><D127/><U9/><E30/><V38/><F126/><W8/><G125/><T45/><D45/><U108/><E113/><V19/><F46/><W111/><G75/><T82/><D12/><U27/><E27/><V62/><REACH who="2" step="1"/><F98/><REACH who="2" ten="369,269,149,203" step="2"/><W36/><G130/><T81/><D99/><U66/><E131/><V83/><F83/><W80/><G80/><T112/><D82/><U65/><E129/><V25/><F25/><W71/><G36/><T89/><D81/><U54/><E104/><V17/><F17/><W134/><G107/><T128/><D106/><U18/><E18/><V68/><F68/><W79/><G71/><T4/><D70/><U133/><E133/><V97/><F97/><W31/><G134/><T20/><D128/><U0/><E102/><V24/><F24/><W42/><G103/><T53/><D7/><U116/><E101/><V52/><AGARI ba="1,1" hai="14,19,22,32,34,35,38,40,44,52,56,62,92,94" machi="52" ten="30,8000,1" yaku="1,1,0,1,54,1,53,2" doraHai="123" doraHaiUra="88" who="2" fromWho="2" sc="369,-21,269,-41,149,93,203,-21" /><INIT seed="2,0,0,3,1,79" ten="348,228,242,182" oya="2" hai0="26,51,131,92,129,18,65,62,128,20,9,58,74" hai1="24,25,34,124,6,0,29,60,132,7,111,87,69" hai2="116,46,120,11,82,36,119,85,17,19,49,91,102" hai3="4,44,47,22,122,45,99,80,110,101,84,130,43"/><V134/><F120/><W107/><G122/><T71/><D74/><U115/><E115/><V121/><F121/><W30/><G110/><T2/><D92/><U50/><E111/><V98/><F134/><W23/><G130/><T97/><D97/><U57/><E132/><V104/><F36/><W54/><G4/><N who="0" m="1175" /><D51/><U52/><E124/><V28/><F28/><W77/><G54/><T81/><D81/><U67/><E0/><V21/><F11/><W96/><G96/><T70/><AGARI ba="0,0" hai="18,20,26,58,62,65,70,71,128,129,131" m="1175" machi="70" ten="40,1500,0" yaku="19,1" doraHai="79" who="0" fromWho="0" sc="348,15,228,-4,242,-7,182,-4" /><INIT seed="3,0,0,5,3,38" ten="363,224,235,178" oya="3" hai0="57,112,74,59,133,53,49,127,117,82,19,122,70" hai1="29,88,79,45,37,2,129,92,0,103,36,91,8" hai2="121,95,1,17,46,101,50,10,58,83,71,102,114" hai3="11,76,14,126,34,118,77,30,61,7,55,113,120"/><W18/><G118/><T111/><D70/><U54/><E129/><V100/><F114/><W85/><G120/><T115/><D115/><U109/><E109/><V72/><F71/><W108/><G113/><T80/><D112/><U99/><E29/><V64/><F121/><W28/><G108/><T110/><D122/><U27/><E27/><V62/><F72/><W116/><G116/><T131/><D117/><U107/><E79/><N who="3" m="30282" /><G34/><T20/><D74/><U89/><E107/><V105/><F105/><W125/><G7/><T39/><D39/><U48/><REACH who="1" step="1"/><E2/><REACH who="1" ten="363,214,235,178" step="2"/><V78/><F1/><W69/><G125/><T26/><D127/><U97/><E97/><V86/><F78/><W13/><G126/><T23/><D111/><U67/><E67/><V87/><F83/><W5/><G85/><T90/><D110/><U22/><E22/><V51/><F95/><W84/><G84/><T96/><D23/><U98/><E98/><V93/><F93/><W128/><G128/><T106/><D131/><U130/><E130/><V16/><F87/><W104/><G104/><T94/><D106/><U15/><E15/><N who="2" m="7287" /><F86/><W4/><G28/><T9/><D96/><U21/><E21/><V3/><F3/><W12/><G30/><T124/><D124/><U60/><E60/><V25/><F25/><W52/><G13/><T24/><D26/><U119/><E119/><V81/><F81/><W56/><G14/><T33/><D82/><U44/><E44/><V135/><F46/><W6/><G69/><T65/><D80/><U43/><E43/><V41/><F41/><W132/><G55/><RYUUKYOKU ba="0,1" sc="363,-15,214,15,235,-15,178,15" hai1="0,8,36,37,45,48,54,88,89,91,92,99,103" hai3="4,5,6,11,12,18,52,56,61,132" /><INIT seed="3,1,1,2,4,19" ten="348,229,220,193" oya="3" hai0="24,25,58,31,23,120,103,122,133,4,3,116,98" hai1="10,2,48,117,52,72,128,75,6,34,11,102,8" hai2="61,105,60,51,115,90,26,119,71,82,40,39,54" hai3="0,53,106,20,99,84,42,97,73,13,69,36,63"/><W113/><G73/><T55/><D116/><U112/><E112/><V96/><F115/><W111/><G113/><T44/><D44/><U89/><E34/><V33/><F119/><W18/><G0/><T12/><D3/><U110/><E117/><V123/><F123/><W27/><G106/><T80/><D80/><U77/><E128/><V129/><F129/><W21/><G111/><T135/><D25/><U134/><E110/><V127/><F127/><W131/><G131/><T95/><D12/><U41/><E134/><N who="0" m="51209" /><D4/><U83/><E41/><V79/><F39/><W70/><G70/><T68/><D68/><U91/><E72/><V108/><F40/><W14/><G14/><T35/><D35/><U67/><E102/><V56/><F71/><W9/><G69/><T59/><D59/><U37/><E37/><V92/><F108/><W43/><G36/><T124/><D124/><U88/><REACH who="1" step="1"/><E67/><REACH who="1" ten="348,219,220,193" step="2"/><V62/><F33/><W100/><G43/><T45/><D45/><AGARI ba="1,2" hai="2,6,8,10,11,45,48,52,75,77,83,88,89,91" machi="45" ten="40,8000,1" yaku="1,1,2,1,54,2,53,1" doraHai="19" doraHaiUra="46" who="1" fromWho="0" sc="348,-83,219,103,220,0,193,0" /><INIT seed="4,0,0,0,1,87" ten="265,322,220,193" oya="0" hai0="100,17,129,123,109,55,102,65,59,44,108,104,21" hai1="42,62,3,60,45,94,2,54,101,47,84,48,41" hai2="78,33,128,71,31,70,135,133,16,57,67,106,68" hai3="36,29,83,64,80,126,98,122,58,121,73,51,81"/><T38/><D123/><N who="3" m="47113" /><G36/><T27/><D129/><U46/><E2/><V97/><F78/><N who="3" m="44111" /><G126/><T86/><D104/><U6/><E6/><V105/><F128/><W77/><G29/><T40/><D65/><U63/><E3/><V43/><F43/><N who="1" m="16393" /><E101/><V131/><F131/><W7/><G7/><T26/><D26/><U74/><E74/><V20/><F31/><W76/><G51/><T130/><D130/><U25/><E25/><N who="2" m="14471" /><F33/><W95/><G58/><T49/><REACH who="0" step="1"/><D86/><REACH who="0" ten="255,322,220,193" step="2"/><U132/><E132/><V4/><F106/><W111/><G64/><T39/><D39/><U91/><AGARI ba="0,1" hai="45,46,47,48,54,60,62,63,84,91,94" m="16393" machi="91" ten="30,2000,0" yaku="8,1,52,1" doraHai="87" who="1" fromWho="1" sc="255,-10,322,30,220,-5,193,-5" /><INIT seed="5,0,0,1,0,85" ten="245,352,215,188" oya="1" hai0="49,65,41,92,19,55,104,64,93,18,14,107,99" hai1="48,119,17,34,30,50,5,108,129,54,79,59,67" hai2="51,75,68,15,106,28,101,73,81,10,36,44,37" hai3="112,126,2,110,42,76,47,8,130,88,124,95,80"/><U29/><E119/><V90/><F68/><W102/><G110/><T78/><D78/><U52/><E108/><V117/><F117/><W71/><G71/><T0/><D0/><U118/><E118/><V38/><F28/><N who="1" m="10857" /><E34/><V9/><F106/><W122/><G102/><T13/><D41/><U1/><E1/><V45/><F101/><W125/><G122/><T31/><D31/><U60/><E129/><V114/><F114/><W20/><G112/><T111/><D111/><U96/><E5/><V131/><F131/><W70/><G20/><T89/><D99/><U32/><E32/><V53/><F45/><W56/><G56/><T16/><D107/><U72/><E72/><V120/><F120/><W3/><G8/><T77/><D77/><U74/><E74/><V6/><REACH who="2" step="1"/><F10/><REACH who="2" ten="245,352,205,188" step="2"/><W40/><G70/><T123/><D104/><U11/><E11/><V115/><F115/><W97/><G130/><T21/><D123/><U69/><E69/><V4/><F4/><W61/><G61/><T27/><D93/><U127/><E60/><V116/><F116/><W94/><G95/><T26/><D92/><U105/><E105/><V86/><AGARI ba="0,1" hai="6,9,15,36,37,38,44,51,53,73,75,81,86,90" machi="86" ten="40,5200,0" yaku="1,1,0,1,52,1,53,0" doraHai="85" doraHaiUra="22" who="2" fromWho="2" sc="245,-13,352,-26,205,62,188,-13" /><INIT seed="6,0,0,5,2,108" ten="232,326,267,175" oya="2" hai0="135,47,119,68,44,3,103,53,24,99,72,82,123" hai1="105,115,26,94,84,91,29,43,42,16,45,126,129" hai2="48,131,111,37,14,130,7,38,35,19,49,120,13" hai3="134,63,18,106,121,76,6,41,1,132,74,127,88"/><V100/><F100/><W118/><G118/><T30/><D123/><U125/><E105/><V25/><F120/><W28/><G121/><T59/><D68/><U61/><E129/><N who="2" m="49163" /><F7/><W97/><G28/><T83/><D3/><U58/><E115/><V34/><F25/><W116/><G116/><T95/><D119/><U66/><E16/><V9/><F111/><W85/><G63/><T73/><D73/><U32/><REACH who="1" step="1"/><E43/><REACH who="1" ten="232,316,267,175" step="2"/><V56/><F19/><W52/><G18/><T4/><D4/><U8/><E8/><V81/><F9/><W109/><G41/><T92/><D30/><U46/><E46/><V33/><F13/><W27/><G109/><T10/><D44/><U67/><E67/><V36/><F14/><W40/><G40/><T133/><D47/><U112/><E112/><V80/><F56/><W96/><G106/><T0/><D10/><U5/><E5/><V90/><F90/><W128/><G128/><T64/><D59/><U51/><AGARI ba="0,1" hai="26,29,32,42,45,51,58,61,66,84,91,94,125,126" machi="51" ten="30,4000,0" yaku="1,1,0,1,53,1" doraHai="108" doraHaiUra="86" who="1" fromWho="1" sc="232,-10,316,50,267,-20,175,-10" /><INIT seed="7,0,0,0,3,4" ten="222,366,247,165" oya="3" hai0="55,97,91,41,57,27,52,98,69,77,1,68,95" hai1="5,117,42,37,44,32,38,36,47,43,6,67,50" hai2="2,123,28,96,73,104,128,118,56,102,119,0,24" hai3="14,133,107,110,40,81,49,12,25,89,31,54,29"/><W10/><G107/><T15/><D1/><N who="2" m="618" /><F56/><W17/><G110/><T87/><D69/><U48/><E117/><V134/><F134/><W132/><G40/><T114/><D68/><U120/><E120/><V83/><F128/><W127/><G127/><T53/><D114/><U46/><E32/><N who="2" m="20487" /><F123/><W35/><G31/><T76/><D41/><N who="1" m="15371" /><E67/><V90/><F90/><W59/><REACH who="3" step="1"/><G14/><REACH who="3" ten="222,366,247,155" step="2"/><T84/><D15/><U72/><E36/><V82/><F119/><W61/><G61/><T33/><D27/><U78/><E37/><V18/><F118/><W16/><G16/><T86/><D33/><U94/><E38/><V79/><F18/><W116/><G116/><T108/><D108/><U130/><E130/><V39/><F39/><W135/><G135/><T122/><D122/><U7/><E7/><V60/><F60/><W99/><G99/><T111/><D111/><U103/><E5/><V11/><F104/><W13/><G13/><T105/><D105/><U126/><E6/><V80/><F96/><W109/><G109/><T88/><D98/><U65/><E126/><V100/><F100/><W113/><G113/><T63/><D91/><U101/><E101/><V58/><F102/><W51/><G51/><T3/><D3/><U131/><E50/><V62/><F62/><W30/><G30/><T106/><D106/><U34/><E48/><V20/><F79/><AGARI ba="0,1" hai="52,53,55,57,63,76,77,79,84,86,87,88,95,97" machi="79" ten="40,5200,0" yaku="8,1,54,2" doraHai="4" who="0" fromWho="2" sc="222,62,366,0,247,-52,155,0" owari="284,8.0,366,46.0,195,-20.0,155,-34.0" /></mjloggm>