<mjloggm ver="2.3"><GO type="169" lobby="0"/><UN n0="%E5%8F%A4%E6%9C%AC" n1="%E8%B7%AF%E5%9C%B0%E8%A3%8F%E3%81%AE%E3%81%B2%E3%81%BE%E3%82%8F%E3%82%8A" n2="%63%6F%62%65%68%6F%70%65" n3="%E6%9C%A8%E5%8E%9F%E8%B1%AA%E4%B8%80" dan="16,16,16,16" rate="2037.50,2133.85,2040.10,2175.08" sx="M,M,M,M"/><TAIKYOKU oya="0"/><INIT seed="0,0,0,4,3,121" ten="250,250,250,250" oya="0" hai0="95,52,135,119,30,45,77,14,22,17,33,80,93" hai1="39,59,26,13,48,51,84,56,83,96,4,130,132" hai2="12,6,42,103,94,133,37,41,113,91,57,11,34" hai3="72,106,60,25,99,15,66,47,78,122,64,116,35"/><T114/><D119/><U98/><E39/><V32/><F113/><W88/><G116/><T117/><D114/><U125/><E125/><V111/><F103/><W74/><G122/><T109/><D117/><U112/><E112/><V85/><F133/><W40/><G78/><T68/><D68/><U110/><E132/><V108/><F57/><W36/><G64/><T53/><D135/><U97/><E130/><V118/><F118/><W27/><G15/><T71/><D71/><U44/><E26/><V127/><F127/><W100/><G27/><T128/><D128/><U86/><E110/><N who="2" m="42027" /><F37/><W82/><G82/><T69/><D69/><U123/><E123/><V20/><F20/><W2/><G2/><T76/><D109/><U5/><E59/><V16/><F6/><W89/><G89/><T107/><D33/><AGARI ba="0,0" hai="11,12,16,32,33,34,41,42,85,91,94" m="42027" machi="33" ten="30,8000,1" yaku="14,1,52,3,54,1" doraHai="121" who="2" fromWho="0" sc="250,-80,250,0,250,80,250,0" /><INIT seed="1,0,0,5,3,92" ten="170,250,330,250" oya="1" hai0="74,73,97,27,77,31,110,55,72,80,59,89,37" hai1="60,38,49,58,7,12,2,11,36,133,123,54,85" hai2="88,9,71,5,22,84,64,101,42,99,40,76,105" hai3="134,44,111,96,19,129,79,95,135,0,108,70,30"/><U24/><E123/><V109/><F109/><N who="3" m="42059" /><G70/><T14/><D110/><U17/><E133/><N who="3" m="50698" /><G44/><T34/><D37/><U1/><E24/><V35/><F35/><W114/><G114/><T113/><D113/><U116/><E116/><V43/><F76/><W20/><G0/><T33/><D33/><U120/><E120/><V61/><F22/><W69/><G69/><T4/><D4/><U53/><E85/><V82/><F43/><W68/><G68/><T46/><D46/><U52/><E2/><AGARI ba="0,0" hai="2,5,9,40,42,61,64,71,82,84,88,99,101,105" machi="2" ten="30,3900,0" yaku="7,1,52,1,54,1" doraHai="92" who="2" fromWho="1" sc="170,0,250,-39,330,39,250,0" /><INIT seed="2,0,0,4,3,11" ten="170,211,369,250" oya="2" hai0="45,52,80,53,108,46,13,83,95,55,58,37,1" hai1="120,102,104,40,116,59,98,20,105,3,25,56,17" hai2="33,16,30,39,44,127,66,65,112,49,29,12,68" hai3="106,132,57,91,64,35,92,124,14,2,54,24,115"/><V8/><F112/><W7/><G124/><T109/><D1/><U81/><E116/><V96/><F127/><W99/><G132/><T27/><D37/><U131/><E131/><V9/><F39/><W123/><G123/><T47/><D27/><U72/><E120/><V84/><F68/><W122/><G122/><T101/><D58/><U125/><E125/><V128/><F128/><W22/><G115/><T113/><D113/><U69/><E69/><V5/><F96/><W76/><G106/><T130/><D130/><U103/><E3/><V119/><F119/><W19/><G76/><T23/><D95/><U77/><E40/><V94/><F33/><W118/><G118/><T126/><D101/><U85/><E72/><V60/><F60/><W117/><G117/><T87/><D126/><U86/><E86/><V0/><F66/><W31/><G64/><T110/><D87/><U38/><E38/><V62/><F62/><W36/><G36/><T107/><D107/><U21/><E21/><V70/><F65/><W82/><G82/><T50/><D50/><U78/><E78/><V121/><F70/><W42/><G42/><T4/><D4/><U26/><E26/><V133/><F133/><W61/><REACH who="3" step="1"/><G2/><REACH who="3" ten="170,211,369,240" step="2"/><T75/><D75/><U32/><E105/><V89/><F121/><W97/><G97/><T135/><D135/><U10/><E98/><V79/><F79/><W48/><G48/><T74/><D74/><U93/><E104/><V100/><F100/><W6/><AGARI ba="0,1" hai="6,7,14,19,22,24,31,35,54,57,61,91,92,99" machi="6" ten="30,7900,0" yaku="1,1,0,1,52,1,53,1" doraHai="11" doraHaiUra="28" who="3" fromWho="3" sc="170,-20,211,-20,369,-39,240,89" /><INIT seed="3,0,0,3,0,32" ten="150,191,330,329" oya="3" hai0="41,101,36,22,122,51,66,89,121,34,134,130,94" hai1="38,55,31,6,133,81,26,108,7,111,45,82,91" hai2="60,100,98,49,29,107,127,90,125,84,14,117,110" hai3="64,123,19,103,126,118,46,63,73,21,12,56,116"/><W71/><G123/><T16/><D34/><U35/><E133/><V95/><F117/><W18/><G73/><T13/><D36/><U68/><E68/><V97/><F29/><W39/><G126/><T115/><D134/><U30/><E30/><V2/><F2/><W5/><G5/><T78/><D101/><U9/><E7/><V54/><F110/><N who="1" m="42025" /><E91/><V92/><F60/><W23/><G103/><T0/><D78/><U50/><E38/><V42/><F42/><W1/><G1/><AGARI ba="0,0" hai="1,6,9,26,31,35,45,50,55,81,82" m="42025" machi="1" ten="30,2000,0" yaku="14,1,52,1" doraHai="32" who="1" fromWho="3" sc="150,0,191,20,330,0,329,-20" /><INIT seed="4,0,0,3,2,70" ten="150,211,330,309" oya="0" hai0="34,18,126,35,121,47,86,124,43,58,133,8,122" hai1="55,98,68,84,77,129,23,27,89,79,119,12,38" hai2="7,15,111,131,2,128,132,42,29,54,60,67,1" hai3="91,39,104,112,74,32,105,10,134,49,28,65,97"/><T45/><D58/><U5/><E119/><V107/><F111/><W109/><G109/><T102/><D102/><U94/><E68/><V14/><F107/><W17/><G74/><T36/><D47/><U48/><E129/><N who="2" m="49739" /><F29/><W21/><G32/><N who="0" m="12331" /><D133/><U82/><E5/><V76/><F7/><W135/><G65/><T116/><D116/><U24/><E38/><V120/><F120/><W92/><G39/><T99/><D99/><U71/><E71/><N who="2" m="42471" /><F132/><W127/><G104/><T19/><D86/><U106/><E106/><V63/><F76/><W117/><G105/><T51/><D51/><U0/><E79/><V30/><F30/><W88/><G49/><T4/><D19/><U26/><E77/><V115/><F42/><W20/><G117/><T125/><D18/><U25/><E98/><V50/><F63/><W52/><G135/><T78/><D78/><U73/><E73/><V95/><F95/><W33/><G92/><T110/><D110/><U3/><E82/><V64/><F64/><W114/><G134/><T40/><D43/><U13/><E94/><V101/><F101/><W56/><G97/><T62/><D62/><U96/><E96/><V123/><F123/><W6/><G17/><T130/><D130/><U66/><E66/><V80/><F80/><W31/><G52/><T53/><D53/><U44/><E84/><V108/><F54/><W118/><G118/><T113/><D113/><U69/><E89/><V11/><F50/><W81/><G114/><T37/><D37/><U57/><E69/><V87/><F108/><W61/><G112/><T93/><D93/><RYUUKYOKU ba="0,0" sc="150,30,211,-10,330,-10,309,-10" hai0="4,8,36,40,45,121,122,124,125,126" /><INIT seed="4,1,0,3,4,90" ten="180,201,320,299" oya="0" hai0="47,35,98,97,2,29,92,120,99,76,66,113,70" hai1="33,12,100,65,1,6,57,82,36,95,48,64,102" hai2="104,43,77,118,75,71,131,119,9,42,105,122,53" hai3="85,81,62,15,130,50,13,116,91,14,25,67,28"/><T121/><D2/><U134/><E36/><V0/><F122/><W37/><G116/><N who="2" m="44585" /><F131/><W89/><G37/><T32/><D76/><U87/><E1/><V93/><F71/><W125/><G125/><T108/><D47/><U135/><E33/><V19/><F53/><W127/><G127/><T22/><D66/><U3/><E3/><V38/><F93/><W69/><G130/><T123/><D70/><U20/><E102/><V31/><F31/><W133/><G133/><N who="1" m="50698" /><E48/><V44/><F43/><W17/><G50/><T16/><D108/><U18/><E57/><V55/><F55/><W45/><G45/><T11/><D113/><U49/><E49/><V26/><F26/><W63/><G63/><T117/><D117/><U79/><E6/><N who="2" m="1223" /><F19/><W96/><G17/><T72/><D72/><U114/><E114/><V129/><F129/><W109/><G109/><T5/><D29/><U7/><E7/><V52/><F52/><W10/><G10/><T107/><D11/><U124/><E124/><V8/><F8/><W34/><G15/><N who="0" m="9503" /><D5/><U86/><E100/><V112/><F112/><W84/><REACH who="3" step="1"/><G96/><REACH who="3" ten="180,201,320,289" step="2"/><T74/><D99/><U101/><E12/><V60/><F60/><W80/><AGARI ba="1,1" hai="13,14,25,28,34,62,67,69,80,81,84,85,89,91" machi="80" ten="20,8000,1" yaku="1,1,2,1,0,1,7,1,9,1,53,0" doraHai="90" doraHaiUra="51" who="3" fromWho="3" sc="180,-41,201,-21,320,-21,289,93" /><INIT seed="5,0,0,2,4,78" ten="139,180,299,382" oya="1" hai0="107,105,12,101,29,96,117,16,40,44,113,125,110" hai1="72,69,111,7,1,86,13,91,60,129,115,52,39" hai2="99,118,25,97,48,5,51,41,98,11,53,61,108" hai3="31,89,65,21,102,83,49,122,55,121,68,34,54"/><U134/><E1/><V75/><F108/><W70/><G34/><T112/><D110/><U82/><E111/><V35/><F118/><W26/><G102/><T94/><D117/><U90/><E39/><V63/><F75/><W124/><G124/><T92/><D29/><U64/><E115/><V106/><F106/><W23/><G55/><T93/><D107/><U37/><E37/><V18/><F41/><W127/><G127/><T50/><REACH who="0" step="1"/><D125/><REACH who="0" ten="129,180,299,382" step="2"/><U103/><E129/><V46/><F35/><W28/><G28/><T104/><D104/><U14/><E134/><V123/><F123/><W128/><G31/><T4/><D4/><U9/><E72/><V57/><F5/><W15/><G122/><T59/><D59/><U56/><E103/><V79/><F57/><W22/><G121/><T109/><D109/><U10/><E91/><V116/><F116/><W47/><G89/><T120/><D120/><U73/><E73/><V6/><F79/><W27/><G128/><T76/><D76/><U77/><E77/><V17/><F6/><W84/><G70/><T8/><AGARI ba="0,1" hai="8,12,16,40,44,50,92,93,94,96,101,105,112,113" machi="8" ten="30,4000,0" yaku="1,1,0,1,54,1,53,0" doraHai="78" doraHaiUra="71" who="0" fromWho="0" sc="129,50,180,-20,299,-10,382,-10" /><INIT seed="6,0,0,5,2,126" ten="179,160,289,372" oya="2" hai0="2,125,102,103,54,80,70,111,39,112,104,64,110" hai1="89,94,90,81,45,128,30,49,100,16,35,21,68" hai2="101,24,46,77,58,52,87,84,32,122,93,47,73" hai3="79,18,69,85,67,33,75,53,121,135,119,48,63"/><V123/><F73/><W44/><G121/><T34/><D2/><U23/><E68/><V1/><F1/><W127/><G119/><T99/><D34/><U11/><E35/><V27/><F122/><W82/><G127/><T116/><D125/><U71/><E71/><V115/><F115/><W134/><G33/><T51/><D39/><U42/><E128/><V25/><F123/><W91/><REACH who="3" step="1"/><G18/><REACH who="3" ten="179,160,289,362" step="2"/><T88/><D116/><U76/><E30/><V72/><F32/><W65/><G65/><T61/><D64/><U4/><E100/><V8/><F101/><W124/><G124/><T36/><D112/><U12/><E94/><AGARI ba="0,1" hai="44,48,53,63,67,69,75,79,82,85,91,94,134,135" machi="94" ten="40,5200,0" yaku="1,1,53,2" doraHai="126" doraHaiUra="130" who="3" fromWho="1" sc="179,0,160,-52,289,0,362,62" /><INIT seed="7,0,0,3,3,86" ten="179,108,289,424" oya="3" hai0="130,133,45,5,35,44,109,92,38,57,42,55,132" hai1="63,89,23,64,78,114,33,103,53,105,98,94,108" hai2="73,100,59,68,34,16,107,135,61,74,101,58,21" hai3="110,62,69,66,91,26,13,30,112,129,0,96,102"/><W84/><G0/><T20/><D109/><U14/><E108/><V48/><F34/><W46/><G110/><T126/><D130/><U93/><E114/><V10/><F68/><W127/><G13/><T11/><D35/><U120/><E120/><V70/><F70/><W65/><G65/><T87/><D126/><U128/><E128/><V56/><F10/><W123/><G123/><T12/><D20/><U131/><E131/><V22/><F135/><N who="0" m="51786" /><D45/><U90/><E33/><V124/><F107/><W29/><G29/><T71/><D71/><U17/><E78/><V51/><F61/><W111/><G46/><T37/><D87/><U80/><E80/><V88/><F59/><W116/><G102/><T85/><D92/><U8/><E53/><V104/><F104/><W39/><G62/><N who="0" m="36159" /><D85/><N who="1" m="52399" /><E105/><V47/><F47/><W49/><G96/><T77/><D77/><U31/><E31/><V27/><F124/><W32/><G127/><T117/><D117/><U60/><E64/><V113/><F113/><W121/><G66/><T41/><D41/><U36/><E36/><AGARI ba="0,0" hai="5,11,12,36,37,38,42,44" m="36159,51786" machi="36" ten="30,1000,0" yaku="20,1" doraHai="86" who="0" fromWho="1" sc="179,10,108,-10,289,0,424,0" owari="189,-21.0,98,-40.0,289,9.0,424,52.0" /></mjloggm>