<mjloggm ver="2.3"><GO type="185" lobby="0"/><UN n0="%E3%82%A2%E3%83%95%E3%83%AA%E3%82%AB" n1="%E2%99%AA%E5%A4%A2%E5%85%88%E6%A1%88%E5%86%85%E4%BA%BA" n2="%E6%A2%B6%E9%9A%86%E8%87%A3" n3="" dan="16,17,17,0" rate="2205.78,2272.62,2270.89,1500.00" sx="M,F,M,C"/><TAIKYOKU oya="0"/><INIT seed="0,0,0,1,3,46" ten="350,350,350,0" oya="0" hai0="69,91,34,93,36,61,75,44,102,119,105,84,82" hai1="35,106,128,127,99,87,80,50,79,48,133,96,108" hai2="120,56,77,51,57,114,83,53,107,47,76,70,92" hai3=""/><T132/><D34/><U49/><E35/><V124/><N who="2" m="30752" /><V101/><F114/><T94/><D119/><U116/><E116/><V134/><F124/><T64/><D132/><U37/><E37/><V0/><F0/><T104/><D75/><U55/><E127/><V40/><F134/><T65/><D65/><U135/><E108/><V117/><F70/><T41/><D102/><U129/><E133/><V86/><F107/><T58/><D93/><U111/><E111/><V52/><F117/><T81/><D81/><U95/><E135/><V89/><F101/><T131/><D131/><N who="1" m="50251" /><E106/><V2/><F2/><T118/><D118/><U45/><E96/><V121/><N who="2" m="31008" /><V54/><REACH who="2" step="1"/><F77/><REACH who="2" ten="350,350,340,0" step="2"/><T74/><D69/><U130/><E130/><V112/><F112/><T85/><D74/><AGARI ba="0,1" hai="40,47,51,52,53,54,56,57,74,76,83,86,89,92" m="31008,30752" machi="74" ten="40,12000,2" yaku="1,1,52,3,54,1,53,1" doraHai="46" doraHaiUra="39" who="2" fromWho="0" sc="350,-120,350,0,340,130,0,0" /><INIT seed="1,0,0,3,1,80" ten="230,350,470,0" oya="1" hai0="51,56,66,34,93,49,76,71,116,73,106,59,98" hai1="105,97,134,99,48,96,124,43,55,130,95,117,132" hai2="38,37,79,46,54,2,70,47,84,52,102,36,89" hai3=""/><U101/><E117/><V62/><F2/><T78/><D106/><U3/><E3/><V85/><F102/><T45/><D34/><U133/><E43/><V115/><F115/><T75/><D71/><U72/><E124/><V111/><F111/><T87/><D116/><U110/><E110/><V122/><N who="2" m="31264" /><V92/><F70/><T135/><D135/><U61/><E61/><V40/><F62/><T126/><D126/><U94/><E72/><V60/><F60/><T100/><D75/><U119/><E119/><V123/><N who="2" m="31520" /><V64/><F64/><T82/><D51/><U81/><E81/><V86/><F79/><T77/><D73/><U68/><E68/><V42/><F38/><T103/><D103/><U69/><E69/><V63/><F63/><T65/><D65/><U67/><E67/><V113/><F113/><T88/><D66/><U0/><E0/><V1/><F1/><T44/><D44/><U118/><E118/><V35/><F35/><T109/><D109/><U50/><E50/><V121/><N who="2" m="31008" /><V58/><REACH who="2" step="1"/><F58/><REACH who="2" ten="230,350,460,0" step="2"/><T129/><D59/><U107/><E101/><V131/><F131/><T41/><REACH who="0" step="1"/><D56/><REACH who="0" ten="220,350,460,0" step="2"/><U112/><E112/><V104/><F104/><N who="1" m="40009" /><E130/><AGARI ba="0,2" hai="41,45,49,76,77,78,82,87,88,93,98,100,129,130" machi="130" ten="40,8000,1" yaku="1,1,52,1,54,1,53,1" doraHai="80" doraHaiUra="39" who="0" fromWho="1" sc="220,100,350,-80,460,0,0,0" /><INIT seed="2,0,0,2,3,123" ten="320,270,460,0" oya="2" hai0="36,65,81,108,59,124,72,109,112,73,34,111,126" hai1="56,129,76,2,119,110,114,60,42,125,35,102,40" hai2="85,67,122,69,47,97,88,43,93,121,103,75,71" hai3=""/><V49/><N who="2" m="31008" /><V78/><N who="2" m="31264" /><V96/><F67/><T80/><D36/><U64/><E2/><V117/><F117/><T45/><D45/><U57/><E114/><V120/><N who="2" m="30752" /><V74/><F96/><T70/><D70/><U133/><E35/><V54/><F54/><T134/><D112/><U44/><E76/><V92/><REACH who="2" step="1"/><F78/><REACH who="2" ten="320,270,450,0" step="2"/><T48/><D65/><U39/><E119/><V53/><F53/><T128/><D34/><U87/><E64/><V86/><F86/><T79/><D79/><U1/><E87/><V101/><F101/><T3/><D3/><U68/><E102/><V115/><F115/><T33/><D33/><U50/><E1/><V0/><F0/><T98/><D98/><U131/><E40/><V52/><F52/><T135/><D59/><U107/><E56/><V105/><F105/><T66/><D66/><U127/><E57/><V94/><F94/><T132/><D80/><U99/><E99/><V106/><F106/><T63/><D81/><U37/><E107/><V38/><F38/><T100/><D100/><U83/><E83/><V46/><F46/><T84/><D84/><U61/><E44/><V89/><F89/><T90/><D90/><U32/><E37/><V58/><F58/><RYUUKYOKU ba="0,1" sc="320,-10,270,-10,450,20,0,0" hai2="43,47,49,69,71,74,75,85,88,92,93,97,103" /><INIT seed="2,1,1,4,4,108" ten="310,260,470,0" oya="2" hai0="34,37,124,95,39,52,57,88,121,131,67,98,74" hai1="49,113,122,69,128,73,115,55,82,43,109,117,102" hai2="83,81,134,119,80,79,70,84,114,44,71,50,36" hai3=""/><V1/><F119/><T107/><N who="0" m="31008" /><T126/><D34/><U86/><N who="1" m="31264" /><U47/><E109/><V75/><F1/><T96/><D74/><U103/><E117/><V72/><F134/><T90/><D67/><U104/><E73/><V105/><F105/><T97/><D131/><U125/><E128/><V89/><F36/><T45/><D107/><U59/><E69/><V87/><F114/><T112/><D112/><U60/><E125/><N who="0" m="48233" /><D90/><U51/><E102/><V92/><F75/><T33/><D33/><U93/><E104/><V118/><F118/><T2/><D2/><U53/><E93/><V77/><REACH who="2" step="1"/><F92/><REACH who="2" ten="310,260,460,0" step="2"/><T46/><D37/><U130/><E130/><V61/><F61/><T58/><D39/><U76/><REACH who="1" step="1"/><E103/><REACH who="1" ten="310,250,460,0" step="2"/><V101/><F101/><T127/><D127/><U78/><E78/><V123/><N who="2" m="31520" /><V66/><F66/><T133/><D133/><U62/><E62/><V106/><F106/><T85/><D95/><U42/><E42/><AGARI ba="1,3" hai="42,44,50,70,71,72,77,79,80,81,83,84,87,89" m="31520" machi="42" ten="30,12000,1" yaku="1,1,7,1,52,1,53,2" doraHai="108" doraHaiUra="65" who="2" fromWho="1" sc="310,0,250,-122,460,152,0,0" /><INIT seed="2,2,0,2,2,124" ten="310,128,612,0" oya="2" hai0="77,123,118,35,75,73,3,43,84,91,0,58,111" hai1="61,68,116,36,79,114,2,67,115,100,88,97,89" hai2="83,39,45,107,119,54,82,122,120,129,128,53,46" hai3=""/><V66/><N who="2" m="30752" /><V133/><N who="2" m="31264" /><V93/><F107/><T63/><N who="0" m="31520" /><T44/><D35/><U74/><E2/><V117/><F93/><T105/><D105/><U76/><E36/><V96/><F66/><T50/><D118/><U135/><E116/><V102/><F39/><T51/><D111/><U126/><E126/><V108/><F96/><T90/><D51/><U106/><E135/><V32/><F102/><T112/><D112/><U69/><E68/><V49/><F49/><T81/><D75/><U38/><E38/><V65/><F65/><T47/><D47/><U109/><E109/><V103/><F103/><T41/><D41/><U70/><E69/><V131/><F128/><T71/><D71/><U95/><E89/><V127/><F108/><T132/><D91/><U87/><REACH who="1" step="1"/><E79/><REACH who="1" ten="310,118,612,0" step="2"/><V98/><F127/><T59/><D132/><U86/><E86/><V62/><F98/><T72/><D3/><U92/><E92/><V94/><F94/><T125/><D0/><U48/><E48/><V99/><F99/><T52/><D125/><U121/><N who="1" m="31008" /><U1/><E1/><V80/><F133/><T60/><D77/><U40/><E40/><V85/><F119/><T37/><D37/><U55/><E55/><AGARI ba="2,1" hai="43,44,50,52,55,58,59,60,63,72,73,81,84,90" m="31520" machi="55" ten="30,8000,1" yaku="6,1,7,1,9,1,52,1,54,1" doraHai="124" who="0" fromWho="1" sc="310,94,118,-84,612,0,0,0" /><INIT seed="4,0,0,2,5,93" ten="404,34,612,0" oya="0" hai0="53,60,79,107,69,108,96,120,51,47,94,127,124" hai1="100,134,125,64,116,102,101,123,65,52,75,80,97" hai2="84,76,48,112,2,71,1,50,49,68,66,39,88" hai3=""/><T32/><N who="0" m="30752" /><T106/><D32/><U90/><N who="1" m="31520" /><U117/><E125/><N who="0" m="48201" /><D79/><U42/><E42/><V105/><F39/><T81/><D81/><U0/><E0/><V37/><F37/><T95/><D95/><U92/><E134/><V87/><F105/><T135/><D135/><U115/><E115/><V67/><F112/><T56/><D69/><N who="2" m="26698" /><F76/><T86/><D86/><N who="2" m="32810" /><F88/><T44/><D108/><U98/><E98/><V59/><F59/><T118/><D44/><U128/><E80/><V35/><F35/><T57/><D57/><U70/><E70/><V129/><F1/><T3/><D3/><U109/><E109/><V113/><F113/><T74/><D74/><U36/><E75/><V111/><F111/><T41/><D118/><U77/><E77/><V82/><F82/><T55/><D41/><U73/><E73/><V54/><F2/><T72/><D72/><U46/><E116/><V133/><F133/><T85/><D85/><U91/><E117/><V89/><F89/><AGARI ba="0,0" hai="47,51,53,55,56,60,89,94,96,106,107" m="48201,30752" machi="89" ten="30,5800,0" yaku="18,1,52,2" doraHai="93" who="0" fromWho="2" sc="404,58,34,0,612,-58,0,0" /><INIT seed="4,1,0,0,2,86" ten="462,34,554,0" oya="0" hai0="83,128,42,73,123,114,103,76,119,55,110,67,77" hai1="82,48,84,54,36,33,101,105,134,91,79,62,71" hai2="37,43,68,34,108,75,64,87,45,117,53,96,127" hai3=""/><T65/><N who="0" m="31520" /><T121/><N who="0" m="31008" /><T99/><D119/><U61/><E33/><V69/><F108/><T106/><D110/><U116/><E116/><V89/><F75/><T111/><D111/><U93/><E36/><V118/><F34/><T115/><D128/><U124/><E124/><V1/><F69/><T94/><D77/><U81/><E134/><V85/><F1/><T72/><D72/><U35/><E35/><V63/><F127/><T70/><D42/><U78/><E71/><V41/><F43/><T133/><D133/><U131/><E131/><V2/><F2/><T122/><N who="0" m="31264" /><T120/><N who="0" m="30752" /><T95/><D55/><U59/><E105/><V32/><F32/><T135/><D135/><U74/><REACH who="1" step="1"/><E101/><REACH who="1" ten="462,24,554,0" step="2"/><V107/><F117/><T132/><D132/><U50/><E50/><V49/><F118/><T58/><D70/><U112/><E112/><N who="0" m="43049" /><D58/><U44/><E44/><V0/><F53/><T129/><D129/><U40/><E40/><V39/><F68/><T109/><D109/><U47/><E47/><V90/><F0/><T52/><D52/><U80/><E80/><V57/><F41/><T125/><D125/><U113/><E113/><V56/><F57/><T100/><D100/><U98/><AGARI ba="1,1" hai="48,54,59,61,62,74,78,79,81,82,84,91,93,98" machi="98" ten="20,6000,1" yaku="1,1,5,1,0,1,7,1,52,1,53,0" doraHai="86" doraHaiUra="102" who="1" fromWho="1" sc="462,-41,24,72,554,-21,0,0" /><INIT seed="5,0,0,3,2,99" ten="421,96,533,0" oya="1" hai0="108,56,111,96,110,58,47,106,128,81,63,49,88" hai1="124,100,129,91,79,94,39,83,72,38,115,113,73" hai2="78,90,121,1,80,0,125,85,123,69,131,67,59" hai3=""/><U32/><E32/><V64/><N who="2" m="31008" /><V54/><N who="2" m="31520" /><V87/><F131/><T44/><D128/><U55/><E129/><V119/><F119/><T77/><D56/><U102/><E55/><V105/><F105/><T127/><D127/><U114/><E124/><V61/><F125/><T134/><D134/><U2/><E2/><V41/><F41/><T74/><D49/><U52/><E52/><V3/><REACH who="2" step="1"/><F69/><REACH who="2" ten="421,96,523,0" step="2"/><T53/><D106/><U89/><E72/><V51/><F51/><T97/><REACH who="0" step="1"/><D97/><REACH who="0" ten="411,96,523,0" step="2"/><U117/><E117/><V112/><F112/><T86/><D86/><U70/><E70/><V50/><F50/><T93/><AGARI ba="0,2" hai="44,47,53,58,63,74,77,81,88,93,96,108,110,111" machi="93" ten="40,3900,0" yaku="1,1,0,1,54,1,53,0" doraHai="99" doraHaiUra="66" who="0" fromWho="0" sc="411,59,96,-26,523,-13,0,0" /><INIT seed="6,0,0,1,4,70" ten="470,70,510,0" oya="2" hai0="121,73,66,50,133,63,126,45,47,40,41,127,135" hai1="86,46,131,105,49,114,93,101,82,113,89,84,99" hai2="36,104,42,39,91,103,88,0,95,52,67,71,33" hai3=""/><V128/><F33/><T94/><N who="0" m="31008" /><T92/><D73/><U98/><E49/><V81/><F0/><T43/><D94/><U32/><E46/><N who="0" m="17417" /><D50/><U97/><E32/><V118/><F42/><T116/><D92/><U123/><N who="1" m="31520" /><U35/><E35/><V38/><F118/><T57/><D116/><U122/><N who="1" m="31264" /><U58/><E58/><V79/><F52/><T102/><D102/><U2/><E2/><V129/><F104/><T51/><D51/><U78/><E131/><N who="2" m="50251" /><F103/><T72/><D72/><U56/><E56/><V130/><N who="2" m="50259" /><V53/><DORA hai="61" /><F53/><T120/><N who="0" m="30752" /><T44/><N who="0" m="17425" /><T59/><DORA hai="87" /><D59/><U132/><E132/><AGARI ba="0,0" hai="40,41,43,57,63,66,126,127,132,133,135" m="30752,17425,31008" machi="132" ten="40,12000,2" yaku="20,1,34,2,52,3" doraHai="70,61,87" who="0" fromWho="1" sc="470,120,70,-120,510,0,0,0" owari="590,54.0,-50,-65.0,510,11.0,0,0.0" /></mjloggm>