<mjloggm ver="2.3"><GO type="169" lobby="0"/><UN n0="%E8%91%B5%E3%81%A1%E3%82%83%E3%82%93" n1="%6D%61%73%61%73%69%6F" n2="%E5%BD%BC%E5%A5%B3%E6%AC%B2%E3%81%97%E3%81%84%E3%82%88" n3="%E7%A5%9E%E9%A2%A8%E3%81%A6%E3%81%83%E3%81%A3%E3%81%97%E3%82%85" dan="16,17,16,16" rate="2124.63,2155.68,2167.46,2124.46" sx="M,F,M,M"/><TAIKYOKU oya="0"/><INIT seed="0,0,0,5,1,133" ten="250,250,250,250" oya="0" hai0="38,78,52,125,122,58,61,50,33,130,32,81,121" hai1="105,135,124,115,109,75,134,117,28,34,100,3,123" hai2="112,54,37,103,116,17,18,10,107,55,63,23,131" hai3="111,106,21,8,64,96,46,53,80,95,49,40,102"/><T2/><D38/><U88/><E28/><V108/><F112/><W11/><G111/><T45/><D2/><U92/><E88/><V99/><F108/><W6/><G64/><T110/><D110/><U4/><E92/><V0/><F131/><W1/><G11/><T113/><D113/><U36/><E100/><V29/><F116/><W69/><G69/><T82/><D130/><U42/><E4/><V13/><F37/><W65/><G65/><T12/><D125/><U79/><E79/><V16/><F0/><W20/><G80/><T119/><D119/><U59/><E59/><V56/><REACH who="2" step="1"/><F55/><REACH who="2" ten="250,250,240,250" step="2"/><W57/><REACH who="3" step="1"/><G106/><REACH who="3" ten="250,250,240,240" step="2"/><T72/><D122/><U14/><E135/><V60/><F60/><AGARI ba="0,2" hai="1,6,8,20,21,40,46,49,53,57,60,95,96,102" machi="60" ten="30,3900,0" yaku="1,1,2,1,7,1,53,0" doraHai="133" doraHaiUra="15" who="3" fromWho="2" sc="250,0,250,0,240,-39,240,59" /><INIT seed="1,0,0,1,0,32" ten="250,250,201,299" oya="1" hai0="64,55,76,36,29,80,30,14,42,107,19,86,110" hai1="49,7,119,96,131,91,25,1,108,103,39,17,101" hai2="65,84,4,6,126,125,100,50,98,62,12,33,0" hai3="133,92,130,53,127,41,16,99,73,83,2,85,75"/><U58/><E39/><V102/><F33/><W81/><G41/><T135/><D110/><U43/><E119/><V111/><F111/><W57/><G130/><T123/><D107/><U52/><E108/><V54/><F12/><W3/><G133/><T71/><D135/><U46/><E131/><V69/><F84/><W48/><G127/><N who="2" m="48649" /><F0/><W18/><G75/><T114/><D114/><U28/><E17/><V93/><F102/><W79/><G83/><T134/><D134/><U106/><E101/><V24/><F24/><W94/><G73/><T105/><D105/><U77/><E77/><V115/><F115/><W66/><G94/><T113/><D113/><U128/><E91/><V90/><F90/><W89/><G66/><T10/><D64/><U47/><E128/><V15/><F15/><W20/><G18/><T56/><D71/><U22/><REACH who="1" step="1"/><E43/><REACH who="1" ten="250,240,201,299" step="2"/><V68/><F68/><W132/><G132/><T67/><D42/><U27/><E27/><AGARI ba="0,1" hai="2,3,16,20,27,48,53,57,79,81,85,89,92,99" machi="27" ten="30,7700,0" yaku="7,1,52,2,54,1" doraHai="32" who="3" fromWho="1" sc="250,0,240,-77,201,0,299,87" /><INIT seed="2,0,0,2,4,39" ten="250,163,201,386" oya="2" hai0="71,37,88,31,57,29,22,91,65,77,124,45,120" hai1="56,38,89,2,28,17,58,73,81,96,127,75,101" hai2="5,131,72,98,4,83,13,108,106,63,14,48,80" hai3="44,76,59,69,135,95,60,46,133,103,134,10,23"/><V86/><F131/><W122/><G122/><T78/><D120/><U52/><E127/><V67/><F108/><W6/><G69/><T82/><D71/><U125/><E125/><V40/><F72/><W79/><G23/><T61/><D124/><U55/><E2/><V68/><F4/><W36/><G46/><T33/><D33/><U93/><E38/><V64/><F5/><W99/><G44/><T12/><D78/><U34/><E17/><V32/><F32/><W70/><G70/><T130/><D130/><U66/><E66/><V117/><F117/><W129/><G36/><T97/><D12/><U111/><E111/><V7/><F7/><W112/><G112/><T42/><D97/><U119/><E119/><V104/><F67/><N who="3" m="39327" /><G129/><T41/><D41/><U0/><E0/><AGARI ba="0,0" hai="0,6,10,76,79,95,99,103,133,134,135" m="39327" machi="0" ten="30,1000,0" yaku="20,1" doraHai="39" who="3" fromWho="1" sc="250,0,163,-10,201,0,386,10" /><INIT seed="3,0,0,0,2,46" ten="250,153,201,396" oya="3" hai0="16,82,100,54,71,35,124,116,1,111,131,19,6" hai1="22,93,127,107,30,12,133,21,125,83,37,25,104" hai2="129,117,130,2,76,8,7,51,123,115,69,11,85" hai3="58,73,9,59,20,105,99,45,62,53,29,109,96"/><W134/><G73/><T18/><D116/><U95/><E37/><V119/><F69/><W26/><G105/><T91/><D100/><U70/><E70/><V60/><F60/><W84/><G134/><T120/><D120/><U128/><E133/><V57/><F115/><W23/><G109/><T81/><D71/><U126/><E128/><N who="2" m="49259" /><F11/><W102/><G102/><T89/><D131/><U50/><E83/><N who="2" m="47335" /><F123/><W98/><G9/><T43/><D6/><U108/><E108/><V86/><F86/><W34/><G45/><T31/><D1/><U79/><E79/><V90/><F90/><W106/><G106/><T48/><D89/><U68/><E68/><V24/><F24/><W65/><REACH who="3" step="1"/><G84/><REACH who="3" ten="250,153,201,386" step="2"/><T0/><D111/><U94/><E107/><V33/><F119/><W28/><G28/><T55/><D31/><U42/><E104/><V67/><F117/><W17/><G17/><T15/><D18/><N who="1" m="10439" /><E127/><V97/><F8/><W112/><G112/><T92/><D19/><U4/><E4/><V114/><F7/><W135/><G135/><T56/><D16/><U77/><E77/><V101/><F114/><W87/><G87/><T74/><D74/><U14/><E14/><V64/><F2/><W10/><G10/><T41/><D15/><U110/><E110/><V39/><F101/><W32/><G32/><T61/><D0/><U103/><E103/><V66/><F33/><W122/><G122/><T5/><D35/><U49/><E126/><V52/><F97/><W121/><G121/><T13/><D5/><U132/><E132/><V88/><F88/><W63/><AGARI ba="0,1" hai="20,23,26,29,34,53,58,59,62,63,65,96,98,99" machi="63" ten="30,6000,0" yaku="1,1,5,1,0,1,53,0" doraHai="46" doraHaiUra="40" who="3" fromWho="3" sc="250,-20,153,-20,201,-20,386,70" /><INIT seed="3,1,0,5,5,116" ten="230,133,181,456" oya="3" hai0="2,120,4,26,72,62,100,125,95,133,14,25,24" hai1="50,19,9,32,6,11,94,40,36,34,106,110,68" hai2="10,52,20,30,64,56,55,76,87,3,124,83,27" hai3="109,98,63,112,15,5,29,117,123,134,97,81,122"/><W58/><G117/><T53/><D72/><U99/><E106/><V46/><F124/><W103/><G112/><T101/><D95/><U75/><E68/><V57/><F3/><W86/><G134/><T45/><D133/><U92/><E75/><V105/><F105/><W73/><G73/><T54/><D125/><U111/><E36/><V84/><F10/><N who="1" m="3593" /><E19/><V119/><F119/><W48/><G5/><T21/><D2/><U107/><E107/><V7/><F7/><W0/><G0/><T121/><D4/><U90/><E6/><V60/><F46/><W31/><G48/><T71/><D25/><U16/><E16/><V33/><F33/><W115/><G115/><T35/><D35/><U23/><E23/><V128/><F128/><W41/><G41/><T102/><D102/><N who="1" m="60775" /><E50/><V77/><REACH who="2" step="1"/><F57/><REACH who="2" ten="230,133,171,456" step="2"/><W96/><G58/><T104/><D104/><U70/><E70/><V127/><F127/><W49/><G109/><N who="1" m="41482" /><E40/><V79/><F79/><W118/><G118/><T51/><D71/><U114/><E114/><V39/><F39/><W113/><G113/><T67/><D45/><U65/><E65/><V42/><F42/><W44/><G44/><T135/><D67/><U131/><E131/><V12/><F12/><W22/><G15/><T28/><D14/><U80/><E34/><V126/><F126/><W69/><G69/><T74/><D135/><U129/><E32/><V88/><F88/><W82/><G103/><T47/><D101/><U85/><E129/><V61/><F61/><W91/><G63/><T43/><D100/><U132/><E132/><V38/><F38/><RYUUKYOKU ba="1,1" sc="230,-15,133,15,171,15,456,-15" hai1="80,85,90,94" hai2="20,27,30,52,55,56,60,64,76,77,83,84,87" /><INIT seed="4,2,1,0,1,36" ten="215,148,186,441" oya="0" hai0="60,57,33,89,134,22,116,82,120,63,106,51,90" hai1="42,25,6,88,68,13,107,83,80,117,119,111,41" hai2="58,1,16,56,31,54,87,94,12,73,46,126,39" hai3="24,115,100,50,47,30,98,86,103,35,64,85,61"/><T127/><D116/><U20/><E68/><V10/><F126/><W74/><G103/><T40/><D120/><U45/><E107/><V131/><F131/><W59/><G74/><T91/><D33/><U38/><E111/><V67/><F73/><W55/><REACH who="3" step="1"/><G115/><REACH who="3" ten="215,148,186,431" step="2"/><T34/><D106/><AGARI ba="2,2" hai="24,30,35,47,50,55,59,61,64,85,86,98,100,106" machi="106" ten="30,3900,0" yaku="1,1,2,1,7,1,53,0" doraHai="36" doraHaiUra="7" who="3" fromWho="0" sc="215,-45,148,0,186,0,431,65" /><INIT seed="5,0,0,4,4,49" ten="170,148,186,496" oya="1" hai0="110,12,83,77,134,74,96,119,117,130,31,61,1" hai1="58,82,25,9,86,68,34,88,66,118,10,57,94" hai2="78,30,87,41,120,50,124,51,104,16,127,23,33" hai3="115,122,46,19,35,2,89,42,22,32,64,112,129"/><U97/><E118/><V4/><F120/><W131/><G64/><T126/><D1/><U72/><E72/><V48/><F104/><W52/><G42/><T128/><D110/><U44/><E44/><V47/><F4/><W8/><G122/><T135/><D31/><U125/><E125/><N who="2" m="48203" /><F33/><W98/><G8/><N who="1" m="3178" /><E68/><V123/><F30/><W116/><G2/><T90/><D126/><U91/><E34/><V101/><F101/><W55/><G46/><T15/><D12/><U0/><E0/><V45/><F45/><W43/><G43/><T70/><D15/><U3/><E3/><V36/><F123/><W28/><G116/><N who="0" m="44619" /><D61/><N who="1" m="38191" /><E58/><V95/><F78/><W105/><G105/><T73/><D70/><U106/><E106/><V93/><F87/><W113/><G28/><T108/><D73/><U100/><E25/><AGARI ba="0,0" hai="16,23,25,36,41,47,48,50,51,93,95" m="48203" machi="25" ten="30,2000,0" yaku="18,1,54,1" doraHai="49" who="2" fromWho="1" sc="170,0,148,-20,186,20,496,0" /><INIT seed="6,0,0,3,0,66" ten="170,128,206,496" oya="2" hai0="82,97,75,42,71,22,69,83,123,13,32,74,109" hai1="49,127,47,106,37,101,18,117,17,95,38,19,29" hai2="12,40,96,112,65,102,135,25,77,7,126,6,0" hai3="128,121,45,129,133,41,50,62,90,27,55,100,59"/><V103/><F112/><W57/><G100/><T63/><D123/><U81/><E117/><V125/><F135/><W134/><G121/><T78/><D32/><U92/><E127/><V84/><F40/><W113/><G90/><T39/><D109/><U80/><E29/><V48/><F65/><N who="3" m="39119" /><G27/><T8/><D22/><U72/><E106/><V54/><F0/><W132/><G113/><T30/><D30/><U4/><E4/><V46/><F103/><W105/><G105/><T9/><D63/><AGARI ba="0,0" hai="41,45,50,55,59,63,128,129,132,133,134" m="39119" machi="63" ten="30,3900,0" yaku="20,1,34,2" doraHai="66" who="3" fromWho="0" sc="170,-39,128,0,206,0,496,39" /><INIT seed="7,0,0,0,3,23" ten="131,128,206,535" oya="3" hai0="21,112,43,90,44,109,130,85,97,80,61,79,7" hai1="1,27,51,19,30,46,105,69,40,98,70,76,8" hai2="35,18,127,93,128,91,10,26,42,126,52,114,68" hai3="14,92,81,56,5,101,113,55,16,33,64,111,24"/><W31/><G113/><T2/><D109/><U83/><E105/><V104/><F128/><W134/><G134/><T106/><D130/><U32/><E98/><V96/><F114/><W65/><G111/><T28/><D112/><U133/><E133/><V62/><F104/><W82/><G5/><T95/><D106/><U74/><REACH who="1" step="1"/><E19/><REACH who="1" ten="131,118,206,535" step="2"/><V37/><F18/><W94/><G65/><T3/><D7/><AGARI ba="0,1" hai="1,7,8,27,30,32,40,46,51,69,70,74,76,83" machi="7" ten="40,5200,0" yaku="1,1,2,1,52,1,53,0" doraHai="23" doraHaiUra="119" who="1" fromWho="0" sc="131,-52,118,62,206,0,535,0" owari="79,-42.0,180,-22.0,206,1.0,535,63.0" /></mjloggm>