<mjloggm ver="2.3"><GO type="169" lobby="0"/><UN n0="%E3%82%A4%E3%83%B3%E3%83%87%E3%82%A3%E3%82%B4%E3%83%96%E3%83%AB%E3%83%BC" n1="%E3%81%86%E3%81%95%E3%81%8E%E3%83%95%E3%82%A1%E3%83%B3%E3%82%B7%E3%83%BC" n2="%E5%AE%89%E9%81%94%E3%81%95%E3%81%8F%E3%82%89" n3="%E3%83%AD%E3%83%83%E3%82%BD" dan="16,16,17,17" rate="2151.00,2119.23,2201.43,2176.58" sx="M,F,M,F"/><TAIKYOKU oya="0"/><INIT seed="0,0,0,2,2,108" ten="250,250,250,250" oya="0" hai0="52,118,10,5,6,38,120,131,78,60,132,19,86" hai1="69,70,34,95,16,55,61,24,30,106,114,57,67" hai2="103,32,31,63,123,80,0,92,112,56,59,101,33" hai3="68,45,84,111,72,94,97,119,50,126,27,134,17"/><T39/><D118/><U28/><E28/><V129/><F123/><W102/><G119/><T127/><D120/><U85/><E106/><V113/><F0/><W23/><G72/><T36/><D132/><U7/><E7/><V76/><F129/><W73/><G73/><T99/><D99/><U1/><E1/><V8/><F8/><W125/><G68/><T11/><D131/><U64/><E114/><V109/><F109/><W81/><G111/><T21/><D127/><U22/><E69/><V37/><F37/><W115/><G134/><T124/><D124/><U71/><E71/><V58/><F63/><W46/><G46/><T75/><D75/><U77/><E70/><V104/><F104/><W13/><G27/><T47/><D6/><U49/><E61/><V25/><F33/><W42/><REACH who="3" step="1"/><G115/><REACH who="3" ten="250,250,250,240" step="2"/><T3/><D47/><U53/><E53/><V15/><F25/><W83/><G83/><T116/><D116/><U93/><E64/><V130/><F80/><W105/><G105/><T91/><D52/><U79/><E67/><V135/><F135/><W110/><G110/><T35/><D35/><U43/><E43/><V90/><F32/><W2/><G2/><T82/><D78/><AGARI ba="0,1" hai="13,17,23,42,45,50,78,81,84,94,97,102,125,126" machi="78" ten="40,1300,0" yaku="1,1,53,0" doraHai="108" doraHaiUra="107" who="3" fromWho="0" sc="250,-13,250,0,250,0,240,23" /><INIT seed="1,0,0,5,4,128" ten="237,250,250,263" oya="1" hai0="39,73,110,3,108,77,30,10,47,118,89,132,112" hai1="96,31,122,81,32,0,51,105,82,130,107,48,109" hai2="66,7,8,100,35,68,101,1,102,25,111,97,98" hai3="4,40,14,42,37,70,62,119,67,52,49,131,65"/><U72/><E122/><V27/><F111/><N who="0" m="42538" /><D112/><U124/><E109/><V45/><F45/><N who="3" m="23695" /><G14/><T34/><D118/><U71/><E0/><V29/><F25/><W19/><G19/><T6/><D89/><U104/><E130/><V117/><F117/><W20/><G20/><T94/><D94/><U120/><E120/><V55/><F55/><W83/><G83/><N who="0" m="45487" /><D132/><U113/><E113/><V41/><F41/><W23/><G23/><T21/><D21/><U86/><E71/><V78/><REACH who="2" step="1"/><F78/><REACH who="2" ten="237,250,240,263" step="2"/><W46/><G119/><T60/><D47/><U88/><E124/><V103/><N who="2" m="25600" /><DORA hai="59" /><V15/><F15/><W5/><G131/><T11/><D39/><U44/><E44/><V123/><F123/><W133/><G133/><T85/><D34/><U61/><E107/><V135/><F135/><W22/><G67/><T126/><D126/><U95/><E105/><V114/><F114/><W12/><G42/><T74/><D3/><U24/><E104/><V79/><F79/><W134/><G134/><T75/><D30/><U13/><E13/><V121/><F121/><W53/><G53/><T36/><D36/><U54/><E24/><V99/><F99/><W16/><G46/><T127/><D127/><U92/><E31/><V63/><AGARI ba="0,1" hai="1,7,8,27,29,35,63,66,68,97,98" m="25600" machi="63" ten="40,5200,0" yaku="1,1,0,1,52,1,53,0" doraHai="128,59" doraHaiUra="84,91" who="2" fromWho="2" sc="237,-13,250,-26,240,62,263,-13" /><INIT seed="2,0,0,3,3,19" ten="224,224,302,250" oya="2" hai0="47,99,21,31,72,130,28,98,131,71,14,107,120" hai1="77,108,17,24,97,34,29,128,96,58,82,119,121" hai2="61,57,100,70,8,11,68,123,15,69,18,51,113" hai3="124,1,33,42,92,110,20,36,132,91,129,109,87"/><V111/><F113/><W67/><G33/><T52/><D120/><U74/><E119/><V78/><F123/><W83/><G1/><T102/><D71/><U43/><E108/><V35/><F111/><N who="3" m="42507" /><G67/><T0/><D72/><U118/><E121/><V50/><F35/><W5/><G5/><T9/><D98/><U7/><E118/><V49/><F100/><W53/><G53/><T56/><D47/><U114/><E114/><V39/><F39/><W94/><G42/><T41/><D41/><U12/><E128/><N who="0" m="49193" /><D21/><U90/><E7/><V27/><F78/><W59/><G59/><T26/><D26/><U6/><E6/><V103/><F103/><W44/><G44/><T122/><D0/><U38/><E58/><V116/><F116/><W25/><G36/><T88/><D88/><U93/><E43/><V95/><F95/><W48/><G94/><T2/><D2/><U30/><E38/><V66/><REACH who="2" step="1"/><F27/><REACH who="2" ten="224,224,292,250" step="2"/><W104/><G129/><T76/><D76/><U23/><REACH who="1" step="1"/><E30/><REACH who="1" ten="224,214,292,250" step="2"/><V60/><F60/><W37/><G37/><T45/><D122/><U54/><E54/><V22/><AGARI ba="0,2" hai="8,11,15,18,22,49,50,51,57,61,66,68,69,70" machi="22" ten="40,7800,0" yaku="1,1,0,1,52,1,53,0" doraHai="19" doraHaiUra="89" who="2" fromWho="2" sc="224,-26,214,-26,292,98,250,-26" /><INIT seed="2,1,0,4,0,119" ten="198,188,390,224" oya="2" hai0="55,38,87,90,26,41,84,95,18,71,72,131,5" hai1="97,70,8,2,46,16,48,28,7,56,32,62,30" hai2="124,74,103,88,39,12,81,85,25,79,114,19,9" hai3="110,59,73,37,125,111,11,82,17,63,10,50,118"/><V115/><F124/><W130/><G37/><T1/><D131/><U60/><E32/><V113/><F39/><W96/><G118/><T68/><D72/><U3/><E3/><V105/><F25/><W101/><G125/><T93/><D55/><U66/><E97/><V92/><F114/><W75/><G50/><T91/><D5/><U31/><E62/><V133/><F133/><W20/><G130/><T53/><D1/><U127/><E127/><V27/><F27/><W122/><G82/><T14/><D26/><U61/><E61/><V58/><F58/><W33/><G33/><T42/><D53/><U123/><E123/><V77/><F77/><W69/><G69/><T35/><D35/><U44/><E70/><V102/><F102/><W67/><G75/><T109/><D109/><N who="3" m="41481" /><G73/><T15/><D18/><U21/><REACH who="1" step="1"/><E48/><REACH who="1" ten="198,178,390,224" step="2"/><V49/><F49/><W135/><G135/><T4/><D38/><U80/><E80/><V107/><F105/><N who="3" m="63655" /><G122/><T47/><REACH who="0" step="1"/><D4/><REACH who="0" ten="188,178,390,224" step="2"/><U132/><E132/><V120/><F120/><W108/><G108/><T76/><D76/><U117/><E117/><V100/><F100/><W89/><G89/><T106/><D106/><U86/><E86/><V36/><F36/><W78/><G78/><T57/><D57/><U126/><E126/><V24/><F115/><W51/><G51/><T54/><D54/><U29/><N who="1" m="7168" /><DORA hai="116" /><U104/><E104/><V22/><F113/><W99/><G99/><T134/><D134/><U34/><E34/><V23/><F107/><W121/><G121/><T65/><D65/><U112/><E112/><V52/><F79/><RYUUKYOKU ba="1,2" sc="188,10,178,10,390,-30,224,10" hai0="14,15,41,42,47,68,71,84,87,90,91,93,95" hai1="2,7,8,16,21,44,46,56,60,66" hai3="10,11,17,20,59,63,67" /><INIT seed="3,2,2,3,4,102" ten="198,188,360,234" oya="3" hai0="27,135,107,41,2,54,99,6,103,131,71,70,114" hai1="52,35,123,39,74,128,23,28,43,124,89,73,101" hai2="94,82,32,3,95,19,1,55,132,57,20,16,113" hai3="18,25,45,12,69,122,62,86,36,75,26,72,81"/><W51/><G122/><T108/><D108/><U14/><E123/><V105/><F113/><W127/><G36/><T48/><D135/><U50/><E101/><V120/><F120/><W91/><G127/><T4/><D131/><U5/><E128/><V64/><F132/><W61/><G75/><T93/><D41/><U121/><E121/><V84/><F32/><W77/><G69/><T53/><D53/><U117/><E39/><V119/><F119/><W49/><G49/><T92/><D27/><N who="3" m="10249" /><G77/><T76/><D76/><U111/><E35/><V46/><F105/><W24/><N who="3" m="10257" /><W10/><DORA hai="109" /><G72/><T85/><D2/><U115/><E111/><V90/><F46/><W79/><G79/><T110/><D114/><U104/><E104/><V87/><F1/><W22/><G22/><T17/><D110/><U30/><E115/><V15/><F3/><W118/><G118/><T83/><D71/><U11/><E124/><V100/><F100/><W88/><G91/><T7/><D70/><U58/><E117/><V133/><F133/><W134/><G134/><T126/><D126/><U31/><E43/><AGARI ba="2,2" hai="10,12,18,43,45,51,61,62,81,86,88" m="10257" machi="43" ten="30,2900,0" yaku="8,1,54,1" doraHai="102,109" who="3" fromWho="1" sc="198,0,188,-35,360,0,234,55" /><INIT seed="3,3,0,3,3,17" ten="198,153,360,289" oya="3" hai0="121,122,48,52,91,96,125,19,35,100,79,1,88" hai1="2,93,45,50,27,10,72,108,41,115,120,105,25" hai2="71,16,86,132,70,106,126,75,114,14,65,34,23" hai3="94,109,39,78,0,98,113,102,58,47,129,66,22"/><W28/><G113/><T134/><D35/><U56/><E105/><V83/><F114/><W110/><G0/><T59/><D1/><U29/><E115/><V84/><F106/><W63/><G78/><T64/><D79/><U133/><E72/><V74/><F34/><W8/><G8/><T90/><D125/><U6/><E108/><N who="3" m="41578" /><G129/><T68/><D134/><U112/><E112/><V9/><F132/><W18/><G28/><T82/><D82/><U57/><E133/><V12/><F126/><W44/><G39/><T99/><D99/><U7/><E120/><V26/><F14/><AGARI ba="3,0" hai="14,18,22,44,47,58,63,66,94,98,102" m="41578" machi="14" ten="30,5800,0" yaku="14,1,10,1,52,1" doraHai="17" who="3" fromWho="2" sc="198,0,153,0,360,-67,289,67" /><INIT seed="3,4,0,4,2,1" ten="198,153,293,356" oya="3" hai0="35,104,69,47,55,53,125,82,108,134,119,20,63" hai1="5,102,88,107,3,2,16,76,109,64,66,113,8" hai2="70,56,28,124,74,17,6,7,97,133,115,121,99" hai3="118,37,78,22,12,111,32,81,27,38,10,79,41"/><W48/><G118/><T123/><D108/><U15/><E113/><V117/><F115/><W26/><G32/><T77/><D119/><U33/><E33/><V19/><F117/><W92/><G111/><T31/><D123/><U61/><E109/><V95/><F70/><W85/><G79/><T40/><D134/><U18/><E76/><V25/><F74/><W54/><G92/><T80/><D104/><U101/><E3/><V4/><F133/><W49/><G49/><T135/><D125/><U62/><E107/><V116/><F116/><W44/><G54/><T43/><D43/><U30/><E30/><V21/><F124/><W51/><G51/><T87/><D80/><U23/><E18/><N who="2" m="6667" /><F121/><W0/><G0/><T94/><D94/><U84/><E62/><V83/><F83/><W112/><G112/><T73/><D73/><U98/><E98/><N who="2" m="37387" /><F95/><W9/><G9/><T132/><D35/><U34/><E34/><V91/><F56/><W96/><G96/><T90/><D132/><U100/><REACH who="1" step="1"/><E61/><REACH who="1" ten="198,143,293,356" step="2"/><V24/><F24/><W75/><G27/><T130/><D63/><U122/><E122/><V86/><F86/><W127/><G75/><T60/><D87/><U11/><E11/><V13/><F91/><W131/><G127/><T105/><D90/><U71/><E71/><V72/><F72/><W128/><G26/><T29/><D69/><U110/><E110/><V59/><F59/><W68/><G68/><T89/><D89/><U39/><E39/><V65/><F13/><W120/><G120/><T106/><D106/><U67/><E67/><AGARI ba="4,1" hai="4,6,7,21,25,28,65,67" m="37387,6667" machi="67" ten="30,7700,0" yaku="8,1,52,3" doraHai="1" who="2" fromWho="1" sc="198,0,143,-89,293,99,356,0" /><INIT seed="4,0,0,2,1,22" ten="198,54,392,356" oya="0" hai0="4,24,9,6,131,42,105,69,134,21,103,80,64" hai1="129,128,56,51,60,115,123,72,114,16,78,109,87" hai2="39,71,89,46,49,84,125,48,20,108,43,31,90" hai3="96,110,12,1,117,94,37,79,11,101,86,61,13"/><T44/><D134/><U85/><E109/><V38/><F108/><W19/><G110/><T7/><D131/><N who="1" m="50251" /><E123/><V83/><F125/><W23/><G117/><T107/><D103/><U112/><E51/><V70/><F49/><W28/><G37/><T82/><D9/><U75/><E16/><V97/><F71/><W91/><G1/><T33/><D33/><U2/><E2/><V93/><F70/><W30/><G79/><T130/><D130/><U47/><E47/><V120/><F120/><W67/><G67/><T74/><D74/><N who="1" m="28203" /><E78/><V77/><F38/><W68/><G61/><T92/><D44/><U66/><AGARI ba="0,0" hai="56,60,66,85,87,112,114,115" m="28203,50251" machi="66" ten="40,5200,0" yaku="15,1,11,1,19,1" doraHai="22" who="1" fromWho="1" sc="198,-26,54,52,392,-13,356,-13" /><INIT seed="5,0,0,0,3,60" ten="172,106,379,343" oya="1" hai0="75,117,1,61,109,124,6,77,70,119,13,0,22" hai1="50,40,35,103,122,59,91,32,105,86,102,39,76" hai2="41,34,48,121,130,69,47,62,131,90,64,2,12" hai3="8,53,98,129,82,11,58,83,56,118,112,88,94"/><U96/><E122/><V52/><F2/><W104/><G112/><T127/><D109/><U38/><E103/><V24/><F121/><W55/><G129/><N who="2" m="49161" /><F12/><W107/><G107/><T99/><D99/><U49/><E76/><V33/><F90/><W57/><G104/><T128/><D75/><U15/><E50/><N who="2" m="26991" /><F24/><W73/><G118/><T19/><D77/><U79/><E79/><V63/><F63/><W114/><G73/><T54/><D1/><U17/><E39/><V4/><F4/><W21/><G21/><T68/><D117/><U3/><E3/><V23/><F23/><W74/><G74/><T31/><D119/><U18/><E38/><V85/><F85/><W66/><G11/><T123/><D6/><U28/><E28/><V120/><F120/><W29/><G8/><N who="0" m="6567" /><D0/><U100/><E100/><V111/><F111/><W9/><G9/><T10/><D10/><U126/><E18/><V106/><F106/><W72/><G72/><T30/><D30/><U65/><E17/><V7/><F7/><W132/><G29/><T125/><D123/><U5/><E15/><V14/><F14/><W45/><G88/><T87/><D87/><U116/><E5/><V27/><F27/><W93/><G98/><T20/><D20/><U81/><E116/><V134/><F134/><W133/><G133/><T26/><D128/><U36/><E36/><V80/><F80/><W113/><G132/><T44/><D61/><N who="1" m="38079" /><E126/><V42/><F42/><W110/><G110/><T135/><D135/><U46/><E105/><V51/><F51/><AGARI ba="0,0" hai="22,26,31,44,51,54,68,70,124,125,127" m="6567" machi="51" ten="30,1000,0" yaku="18,1" doraHai="60" who="0" fromWho="2" sc="172,10,106,0,379,-10,343,0" /><INIT seed="6,0,0,4,1,15" ten="182,106,369,343" oya="2" hai0="55,96,60,132,122,27,19,65,74,48,76,120,95" hai1="47,12,110,28,5,20,34,38,101,14,35,100,52" hai2="89,115,73,133,112,105,123,134,70,107,108,7,94" hai3="86,44,3,6,69,17,135,85,68,126,91,130,61"/><V24/><F70/><W63/><G3/><T84/><D132/><N who="2" m="50794" /><F7/><W42/><G6/><T93/><D74/><U32/><E110/><V45/><F45/><W31/><G31/><T82/><D96/><U119/><E119/><V4/><F4/><W75/><G75/><T71/><D120/><U80/><E38/><V33/><F33/><W8/><G135/><T51/><D51/><U79/><E5/><V87/><F24/><W58/><G86/><T39/><D39/><U88/><E28/><V103/><F123/><W62/><G130/><T2/><D2/><U104/><E104/><N who="2" m="40011" /><F108/><W29/><G29/><T72/><D72/><U53/><E47/><V10/><F10/><W128/><G128/><T90/><D76/><U83/><E34/><V106/><F73/><W9/><G9/><T0/><D0/><U23/><E79/><V97/><AGARI ba="0,0" hai="87,89,94,97,103,106,112,115" m="40011,50794" machi="97" ten="40,7800,0" yaku="20,1,34,2" doraHai="15" who="2" fromWho="2" sc="182,-26,106,-26,369,78,343,-26" /><INIT seed="6,1,0,5,1,57" ten="156,80,447,317" oya="2" hai0="69,64,89,59,65,119,114,10,128,49,94,28,118" hai1="99,130,42,13,21,40,38,34,6,103,75,120,115" hai2="97,93,129,63,50,109,79,60,41,4,102,56,108" hai3="81,126,53,31,33,70,19,98,9,121,100,73,68"/><V48/><F129/><W36/><G126/><T107/><D107/><U16/><E34/><V61/><F4/><W82/><G121/><T71/><D114/><U51/><E130/><V116/><F116/><N who="0" m="44586" /><D28/><U135/><E120/><V22/><F79/><W123/><G123/><T32/><D32/><U3/><E115/><V58/><F22/><W84/><G36/><T131/><D10/><U96/><E135/><V43/><F56/><W72/><G70/><N who="0" m="26635" /><D94/><U76/><E38/><V125/><F125/><W44/><G68/><T35/><D89/><U74/><E76/><V101/><F101/><W88/><G31/><T83/><D83/><U52/><E75/><V11/><F11/><W92/><G33/><T46/><D35/><U66/><E74/><V111/><F58/><W18/><G82/><T87/><D87/><U0/><E66/><N who="0" m="25705" /><D59/><N who="1" m="33183" /><E3/><V86/><F86/><W78/><G9/><T95/><D95/><N who="1" m="58783" /><E0/><V1/><F1/><W104/><G73/><T91/><D91/><U105/><E105/><V106/><F106/><W45/><G18/><T122/><D122/><U47/><E99/><V37/><F37/><W110/><G19/><T20/><D20/><U7/><E47/><V14/><F14/><W117/><G117/><T12/><D12/><U80/><E80/><V134/><F134/><W25/><G45/><T62/><D128/><U8/><E8/><V85/><F85/><W2/><G2/><T133/><D133/><U15/><E15/><V132/><F132/><W17/><G72/><T24/><D24/><U27/><E27/><V23/><F23/><W90/><G104/><RYUUKYOKU ba="1,0" sc="156,-15,80,15,447,15,317,-15" hai1="6,7,13,16,21,40,42" hai2="41,43,48,50,60,61,63,93,97,102,108,109,111" /><INIT seed="6,2,0,2,4,2" ten="141,95,462,302" oya="2" hai0="105,5,110,23,6,73,51,50,132,99,134,75,120" hai1="29,130,40,16,35,113,116,77,47,80,71,12,33" hai2="52,27,131,84,124,107,111,135,4,60,118,46,119" hai3="55,85,89,101,96,42,123,36,31,79,86,129,38"/><V61/><F107/><W90/><G123/><T0/><D110/><U62/><E116/><V103/><F103/><W37/><G42/><T53/><D120/><U14/><E113/><V7/><F119/><W43/><G43/><T10/><D23/><U112/><E112/><V39/><F39/><W15/><G31/><T22/><D22/><U108/><E108/><V100/><F100/><W63/><G79/><T25/><D25/><U56/><E71/><V26/><F118/><W58/><G129/><T66/><D66/><U87/><E130/><V1/><F1/><W11/><G86/><T49/><D6/><N who="2" m="2090" /><F131/><W69/><G85/><T78/><D53/><U114/><E114/><V126/><F135/><N who="0" m="51754" /><D78/><U34/><E29/><V115/><F111/><W24/><G24/><N who="2" m="9257" /><F115/><W3/><G3/><T19/><D19/><U122/><E122/><V30/><F30/><W64/><G69/><T128/><D128/><U59/><E14/><V44/><F84/><W93/><G38/><T104/><D104/><U92/><E35/><V65/><F52/><W88/><G55/><T98/><D105/><U106/><E106/><V9/><F9/><W67/><G67/><T21/><D21/><N who="1" m="11399" /><E34/><V133/><F133/><W48/><G37/><T109/><D109/><U20/><E20/><V18/><F18/><N who="3" m="8575" /><G36/><T121/><D121/><U81/><E33/><V74/><F74/><AGARI ba="2,0" hai="0,5,10,49,50,51,73,74,75,98,99" m="51754" machi="74" ten="40,2600,0" yaku="20,1,52,1" doraHai="2" who="0" fromWho="2" sc="141,32,95,0,462,-32,302,0" /><INIT seed="7,0,0,3,0,90" ten="173,95,430,302" oya="3" hai0="46,98,49,36,23,91,82,129,88,111,108,133,1" hai1="34,38,85,79,64,121,17,83,109,0,78,9,106" hai2="30,135,21,12,47,60,80,110,115,20,119,4,74" hai3="39,72,114,112,16,61,58,84,67,11,43,128,87"/><W68/><G72/><T116/><D116/><U53/><E109/><V131/><F110/><W31/><G31/><T52/><D1/><U120/><E106/><V2/><F119/><W3/><G128/><T77/><D36/><U55/><E34/><V18/><F131/><W97/><G68/><T113/><D91/><U44/><E79/><V33/><F115/><N who="3" m="44075" /><G43/><T59/><D133/><U40/><E64/><V56/><F135/><W99/><G39/><T134/><D134/><U95/><E17/><V57/><F33/><W73/><G73/><T26/><D46/><U65/><E65/><V96/><F74/><W92/><G99/><T93/><D129/><U70/><E70/><V51/><F96/><W104/><G104/><T28/><REACH who="0" step="1"/><D113/><REACH who="0" ten="163,95,430,302" step="2"/><U86/><E121/><V122/><F122/><W22/><G3/><T19/><D19/><U89/><REACH who="1" step="1"/><E120/><REACH who="1" ten="163,85,430,302" step="2"/><V32/><F32/><W127/><G127/><T62/><D62/><U25/><E25/><V94/><F30/><W35/><G35/><T8/><D8/><U42/><E42/><V107/><F107/><W132/><G11/><T48/><D48/><U118/><E118/><V81/><F2/><W13/><G132/><T63/><D63/><U76/><E76/><V103/><F60/><W14/><G14/><T27/><D27/><U15/><E15/><V7/><F12/><W37/><G37/><T50/><D50/><U117/><E117/><V66/><F51/><W41/><G41/><T124/><D124/><U24/><E24/><V102/><F18/><W105/><G105/><T100/><D100/><AGARI ba="0,2" hai="13,16,22,58,61,67,84,87,92,97,100" m="44075" machi="100" ten="30,5800,0" yaku="15,1,52,1,54,1" doraHai="90" who="3" fromWho="0" sc="163,-58,85,0,430,0,302,78" /><INIT seed="7,1,0,3,5,84" ten="105,85,430,380" oya="3" hai0="109,61,124,24,85,43,32,101,60,21,75,27,72" hai1="133,35,117,44,42,128,98,55,90,119,48,104,121" hai2="94,16,78,125,77,96,70,7,40,74,130,108,134" hai3="19,131,51,115,26,8,11,1,88,10,80,9,93"/><W129/><G80/><T57/><D109/><U83/><E121/><V17/><F108/><W15/><G115/><T127/><D101/><U112/><E112/><V33/><F70/><W4/><G26/><N who="0" m="9771" /><D21/><U120/><E120/><V76/><F33/><W29/><G29/><T38/><D32/><U116/><E35/><V66/><F74/><N who="0" m="28202" /><D57/><N who="1" m="32999" /><E119/><V97/><F134/><W56/><G56/><T59/><D59/><U73/><E133/><V91/><F130/><N who="3" m="49675" /><G51/><T100/><D38/><N who="1" m="21591" /><E128/><V31/><F125/><W3/><G3/><T18/><D43/><U71/><E71/><V30/><F30/><W102/><G102/><T87/><D100/><U63/><E63/><N who="0" m="24137" /><D18/><U53/><E104/><V82/><F31/><W45/><G45/><T47/><D47/><U28/><E28/><V34/><F34/><W2/><G2/><T41/><D41/><U46/><E73/><V37/><F37/><W106/><G106/><T62/><N who="0" m="24145" /><T135/><DORA hai="105" /><D135/><U12/><E46/><V95/><F40/><W49/><G49/><T69/><D69/><U64/><E53/><V92/><F82/><W68/><G68/><T126/><AGARI ba="1,0" hai="85,87,124,126,127" m="24145,28202,9771" machi="126" ten="50,12000,2" yaku="28,2,18,1,52,3" doraHai="84,105" who="0" fromWho="0" sc="105,123,85,-31,430,-31,380,-61" owari="228,-17.0,54,-45.0,399,50.0,319,12.0" /></mjloggm>