<mjloggm ver="2.3"><GO type="185" lobby="0"/><UN n0="%E5%BD%A9%E3%83%B6%E4%BA%AD" n1="%E3%81%99%E3%81%8D%E3%81%BE%E5%A6%96%E6%80%AA" n2="%E3%81%A4%E3%81%8F%E3%81%AD%E3%82%93%32" n3="" dan="16,16,17,0" rate="2127.74,2113.52,2266.73,1500.00" sx="M,M,M,C"/><TAIKYOKU oya="0"/><INIT seed="0,0,0,4,5,112" ten="350,350,350,0" oya="0" hai0="39,78,114,105,81,82,121,43,86,133,49,66,50" hai1="125,83,59,61,48,85,99,60,92,2,57,113,89" hai2="87,64,69,51,109,70,102,38,79,106,71,132,55" hai3=""/><T74/><N who="0" m="31008" /><T108/><D114/><U96/><E2/><V118/><F38/><T116/><D105/><U93/><E125/><V65/><F109/><T91/><D108/><U44/><E113/><V90/><F79/><T3/><D3/><U122/><N who="1" m="31264" /><U128/><E128/><V101/><F132/><T67/><D133/><U115/><E115/><V77/><F77/><T126/><D126/><U127/><E127/><V0/><F0/><T72/><D72/><U56/><E61/><V1/><F1/><T130/><D130/><U58/><E93/><V62/><F118/><T46/><REACH who="0" step="1"/><D116/><REACH who="0" ten="340,350,350,0" step="2"/><U41/><REACH who="1" step="1"/><E92/><REACH who="1" ten="340,340,350,0" step="2"/><V36/><F106/><T45/><D45/><U75/><E75/><V94/><F94/><T110/><D110/><U129/><E129/><V47/><F47/><T120/><N who="0" m="30752" /><T100/><D100/><U40/><E40/><V124/><F124/><T104/><D104/><U63/><E63/><V54/><F62/><T53/><D53/><AGARI ba="0,2" hai="41,44,48,53,56,57,58,59,60,83,85,89,96,99" m="31264" machi="53" ten="40,8000,1" yaku="1,1,8,1,52,1,53,1" doraHai="112" doraHaiUra="84" who="1" fromWho="0" sc="340,-80,340,100,350,0,0,0" /><INIT seed="1,0,0,1,4,79" ten="260,440,350,0" oya="1" hai0="69,88,104,102,68,78,1,114,47,65,41,111,72" hai1="127,46,75,35,101,57,86,38,82,98,40,64,134" hai2="59,95,3,112,0,103,67,126,96,76,105,58,118" hai3=""/><U84/><E127/><V71/><F118/><T53/><D114/><U115/><E115/><V51/><F112/><T55/><D1/><U133/><E35/><V87/><F126/><T83/><D111/><U90/><E75/><V106/><F71/><T92/><D65/><U44/><E44/><V49/><F76/><T32/><D32/><U56/><E86/><V117/><F117/><T39/><D68/><U62/><REACH who="1" step="1"/><E56/><REACH who="1" ten="260,430,350,0" step="2"/><V125/><F87/><T73/><D69/><U123/><N who="1" m="31520" /><U135/><E135/><V70/><F70/><T107/><D73/><U33/><E33/><V89/><F125/><T85/><REACH who="0" step="1"/><D107/><AGARI ba="0,1" hai="38,40,46,57,62,64,82,84,90,98,101,107,133,134" m="31520" machi="107" ten="40,7700,0" yaku="1,1,52,2,53,0" doraHai="79" doraHaiUra="124" who="1" fromWho="0" sc="260,-77,430,87,350,0,0,0" /><INIT seed="1,1,0,1,2,113" ten="183,517,350,0" oya="1" hai0="45,39,33,79,0,80,107,72,97,76,59,74,89" hai1="83,38,78,64,106,126,122,49,70,129,109,53,46" hai2="37,61,42,85,62,55,88,47,114,36,99,54,50" hai3=""/><U125/><N who="1" m="31264" /><U60/><E106/><V34/><F34/><T92/><D33/><U40/><E129/><V65/><F99/><T124/><D0/><U96/><E96/><V2/><F2/><T44/><D124/><U66/><E66/><V120/><N who="2" m="30752" /><V134/><F114/><T127/><D127/><U90/><E90/><V86/><F86/><T135/><D135/><U98/><E98/><V71/><F134/><T121/><N who="0" m="31008" /><T35/><D35/><U116/><E109/><V112/><F112/><T102/><D59/><U51/><E51/><V32/><F32/><T94/><D39/><U111/><E111/><V69/><F85/><T101/><D89/><U87/><REACH who="1" step="1"/><E116/><REACH who="1" ten="183,507,350,0" step="2"/><V132/><F132/><T118/><D97/><U104/><E104/><V82/><F88/><T93/><D107/><U1/><E1/><V117/><F117/><T110/><D110/><U100/><E100/><V123/><N who="2" m="31520" /><V115/><F115/><T91/><D91/><U108/><E108/><V119/><F119/><T67/><D118/><U58/><AGARI ba="1,1" hai="38,40,46,49,53,58,60,64,70,78,83,87,125,126" m="31264" machi="58" ten="30,8000,1" yaku="1,1,0,1,24,2,52,1,53,0" doraHai="113" doraHaiUra="3" who="1" fromWho="1" sc="183,-41,507,92,350,-41,0,0" /><INIT seed="1,2,0,0,2,93" ten="142,599,309,0" oya="1" hai0="81,117,57,67,36,33,76,70,132,120,123,3,74" hai1="58,126,91,128,92,134,127,121,96,60,89,48,50" hai2="64,110,2,133,113,98,95,114,68,94,41,49,77" hai3=""/><U122/><N who="1" m="31008" /><U84/><N who="1" m="31264" /><U39/><E39/><V103/><F2/><T38/><N who="0" m="30752" /><T72/><N who="0" m="31520" /><T43/><D3/><U129/><E134/><V106/><F133/><T61/><D132/><U102/><E50/><V124/><F110/><T75/><D33/><U135/><E48/><V104/><F124/><N who="1" m="47657" /><E135/><V55/><F95/><T118/><D57/><U66/><E91/><V53/><F77/><T45/><REACH who="0" step="1"/><D38/><REACH who="0" ten="132,599,309,0" step="2"/><U51/><E51/><V107/><F41/><T54/><D54/><U69/><E58/><V109/><F109/><T86/><AGARI ba="2,1" hai="36,43,45,61,67,70,72,74,75,76,81,86,117,118" m="31520,30752" machi="86" ten="40,6000,1" yaku="1,1,0,1,52,2,53,1" doraHai="93" doraHaiUra="37" who="0" fromWho="0" sc="132,74,599,-42,309,-22,0,0" /><INIT seed="2,0,0,2,1,41" ten="206,557,287,0" oya="2" hai0="126,43,115,88,127,42,116,134,70,128,112,63,36" hai1="60,86,129,64,51,98,135,65,52,101,91,89,105" hai2="84,47,97,77,50,68,56,58,2,69,113,54,90" hai3=""/><V74/><F113/><N who="0" m="43594" /><D116/><U92/><E129/><V49/><F2/><T78/><D78/><U93/><E135/><V35/><F35/><T34/><D34/><U133/><E133/><V81/><F97/><T120/><N who="0" m="30752" /><T107/><D107/><U106/><E106/><V37/><F37/><T83/><D134/><U132/><E132/><V117/><F117/><T55/><D128/><U111/><E111/><V44/><F69/><T122/><N who="0" m="31264" /><T76/><D88/><U46/><E60/><V1/><F68/><T71/><D71/><U130/><E130/><V119/><F1/><T33/><D33/><U82/><E105/><V72/><F119/><T109/><D109/><U103/><E101/><V48/><F74/><T79/><D79/><U95/><E93/><V123/><N who="2" m="31520" /><V80/><REACH who="2" step="1"/><F56/><REACH who="2" ten="206,557,277,0" step="2"/><T61/><D70/><U32/><E32/><V131/><F131/><T73/><D36/><U108/><E108/><V102/><F102/><T40/><D63/><AGARI ba="0,1" hai="44,47,48,49,50,54,58,63,72,77,80,81,84,90" m="31520" machi="63" ten="40,12000,1" yaku="1,1,52,3,53,1" doraHai="41" doraHaiUra="59" who="2" fromWho="0" sc="206,-120,557,0,277,130,0,0" /><INIT seed="2,1,0,0,4,68" ten="86,557,407,0" oya="2" hai0="127,89,47,90,117,74,135,55,54,32,99,101,69" hai1="60,94,111,73,34,64,104,2,81,65,1,115,109" hai2="123,76,57,85,124,131,84,53,58,113,63,88,134" hai3=""/><V44/><N who="2" m="31520" /><V103/><F113/><T83/><D117/><U59/><E104/><V82/><F131/><T132/><D32/><U70/><E34/><V118/><F118/><T102/><D69/><U45/><E115/><V0/><F0/><T121/><N who="0" m="31008" /><T56/><D127/><U96/><E45/><V133/><F124/><T116/><D116/><U75/><E70/><V51/><F103/><T105/><D101/><U67/><E1/><V61/><F58/><T98/><D47/><U79/><E75/><V46/><F44/><T3/><D3/><U95/><E2/><V41/><REACH who="2" step="1"/><F63/><REACH who="2" ten="86,557,397,0" step="2"/><T93/><D56/><U52/><REACH who="1" step="1"/><E95/><AGARI ba="1,1" hai="41,46,51,53,57,61,76,82,84,85,88,95,133,134" m="31520" machi="95" ten="40,12000,1" yaku="1,1,2,1,52,1,54,1,53,1" doraHai="68" doraHaiUra="40" who="2" fromWho="1" sc="86,0,557,-122,397,132,0,0" /><INIT seed="2,2,0,4,2,114" ten="86,435,529,0" oya="2" hai0="64,106,103,42,83,117,122,88,76,38,57,36,97" hai1="96,102,132,80,113,135,56,55,78,104,82,116,49" hai2="101,1,124,61,51,127,43,34,58,91,41,52,108" hai3=""/><V66/><F1/><T70/><N who="0" m="31264" /><T123/><N who="0" m="31520" /><T115/><D70/><U100/><E113/><V128/><F34/><T35/><D35/><U119/><E102/><V120/><N who="2" m="30752" /><V112/><F112/><T86/><D115/><U53/><E55/><V44/><F101/><T2/><D2/><U79/><E82/><V107/><F107/><T84/><D117/><N who="1" m="45131" /><E79/><V133/><F133/><T39/><D57/><U72/><AGARI ba="2,0" hai="49,53,56,72,78,80,96,100,104,132,135" m="45131" machi="72" ten="30,5900,0" yaku="12,1,52,3" doraHai="114" who="1" fromWho="1" sc="86,-22,435,63,529,-41,0,0" /><INIT seed="4,0,0,1,0,112" ten="64,498,488,0" oya="0" hai0="49,89,60,125,97,105,95,91,32,46,109,88,73" hai1="59,127,121,118,99,124,55,68,34,116,96,114,42" hai2="85,44,36,69,94,67,106,77,63,40,93,108,101" hai3=""/><T107/><D32/><U128/><N who="1" m="31008" /><U134/><E68/><V130/><F108/><T70/><D109/><U87/><E128/><V76/><F130/><T80/><D125/><N who="1" m="48203" /><E134/><V92/><REACH who="2" step="1"/><F85/><REACH who="2" ten="64,498,478,0" step="2"/><T78/><D107/><U64/><E34/><V119/><F119/><N who="1" m="45609" /><E114/><V122/><N who="2" m="31264" /><V41/><F41/><T48/><D105/><U98/><E42/><V83/><F83/><T113/><D113/><U82/><E87/><V110/><F110/><T79/><D79/><U133/><E82/><V129/><F129/><T2/><D2/><U117/><E117/><V52/><F52/><T71/><D49/><U0/><E0/><V111/><F111/><T120/><N who="0" m="30752" /><T57/><D97/><AGARI ba="0,1" hai="36,40,44,63,67,69,76,77,92,93,94,97,101,106" m="31264" machi="97" ten="40,2600,0" yaku="1,1,52,1,53,0" doraHai="112" doraHaiUra="135" who="2" fromWho="0" sc="64,-26,498,0,478,36,0,0" /><INIT seed="5,0,0,5,4,88" ten="38,498,514,0" oya="1" hai0="111,102,58,75,76,130,74,37,63,133,126,122,82" hai1="125,129,38,68,1,62,104,3,85,34,86,36,89" hai2="95,67,41,134,71,124,117,113,60,66,131,47,112" hai3=""/><U118/><E118/><V84/><F117/><T43/><N who="0" m="31264" /><T121/><N who="0" m="31008" /><T44/><D111/><U87/><E125/><V90/><F124/><T97/><D126/><U35/><E129/><V54/><F131/><T127/><D130/><U120/><N who="1" m="30752" /><U81/><E104/><V114/><F134/><T72/><D133/><U79/><E62/><V109/><F109/><T55/><REACH who="0" step="1"/><D127/><REACH who="0" ten="28,498,514,0" step="2"/><U73/><E68/><V105/><F105/><AGARI ba="0,1" hai="37,43,44,55,58,63,72,74,75,76,82,97,102,105" m="31008,31264" machi="105" ten="30,8000,1" yaku="1,1,2,1,7,1,52,2,53,0" doraHai="88" doraHaiUra="0" who="0" fromWho="2" sc="28,90,498,0,514,-80,0,0" /><INIT seed="6,0,0,4,4,105" ten="118,498,434,0" oya="2" hai0="103,66,58,68,38,63,120,114,34,118,122,113,109" hai1="81,101,80,73,0,45,84,112,121,89,82,98,65" hai2="60,83,95,130,44,40,2,35,33,111,56,76,1" hai3=""/><V108/><F95/><T87/><N who="0" m="30752" /><T36/><N who="0" m="31264" /><T99/><D87/><U64/><N who="1" m="31008" /><U124/><E0/><N who="2" m="107" /><F56/><T115/><D34/><N who="2" m="12810" /><F60/><T88/><D88/><U71/><E71/><V52/><F52/><T133/><D99/><U62/><E45/><V125/><F125/><T49/><D103/><U69/><E124/><V96/><F96/><T86/><D86/><U75/><E65/><V46/><F130/><T131/><D131/><U85/><E112/><V107/><F107/><T43/><D118/><U77/><E82/><V48/><F48/><T119/><D119/><U102/><E102/><V106/><F106/><AGARI ba="0,0" hai="62,64,69,73,75,77,80,81,84,85,89,98,101,106" m="31008" machi="106" ten="30,7700,0" yaku="7,1,52,3" doraHai="105" who="1" fromWho="2" sc="118,0,498,77,434,-77,0,0" owari="118,-48.0,575,52.0,357,-4.0,0,0.0" /></mjloggm>