<mjloggm ver="2.3"><GO type="169" lobby="0"/><UN n0="%79%61%63%68%69%33%35%38" n1="%E8%88%AC%E5%8D%93%E6%B0%91%E3%81%AE%E6%9C%9D%E3%81%AF%E6%97%A9%E3%81%84" n2="%E3%81%B2%E3%81%90%E3%81%A1" n3="%E6%9C%A8%E5%8E%9F%E8%B1%AA%E4%B8%80" dan="16,18,17,17" rate="2074.57,2265.53,2233.53,2212.30" sx="M,M,M,M"/><TAIKYOKU oya="0"/><INIT seed="0,0,0,5,3,16" ten="250,250,250,250" oya="0" hai0="66,99,101,36,114,76,28,128,2,13,9,86,89" hai1="107,111,31,109,17,133,18,69,118,90,21,10,48" hai2="35,43,51,64,97,1,63,14,130,30,15,27,121" hai3="25,47,70,19,98,59,135,124,94,127,84,85,74"/><T117/><D117/><U57/><E69/><V80/><F121/><W119/><G70/><T108/><D114/><U11/><E107/><V44/><F130/><W61/><G74/><T83/><D128/><U56/><E90/><V8/><F80/><W73/><G73/><T42/><D108/><N who="1" m="41547" /><E48/><V45/><F1/><W37/><G119/><T26/><D66/><U102/><E102/><V134/><F134/><W126/><G135/><T65/><D65/><U131/><E133/><V32/><F32/><W20/><G47/><T29/><D42/><U71/><E71/><V100/><F8/><N who="1" m="3113" /><E118/><V88/><F45/><W103/><REACH who="3" step="1"/><G37/><REACH who="3" ten="250,250,250,240" step="2"/><T23/><D36/><U0/><E131/><V93/><REACH who="2" step="1"/><F100/><REACH who="2" ten="250,250,240,240" step="2"/><W123/><G123/><T33/><D2/><U87/><E57/><AGARI ba="0,2" hai="14,15,27,30,35,43,44,51,57,63,64,88,93,97" machi="57" ten="30,7700,0" yaku="1,1,2,1,7,1,54,1,53,0" doraHai="16" doraHaiUra="7" who="2" fromWho="1" sc="250,0,250,-77,240,97,240,0" /><INIT seed="1,0,0,3,3,68" ten="250,173,337,240" oya="1" hai0="6,69,34,28,83,124,39,50,12,107,65,27,117" hai1="24,133,95,29,64,108,13,90,15,105,135,101,37" hai2="59,2,7,82,51,32,97,55,67,4,40,18,36" hai3="75,131,73,21,14,103,72,19,53,46,23,76,100"/><U120/><E120/><V8/><F32/><W122/><G122/><T106/><D117/><U26/><E64/><V98/><F7/><W58/><G131/><T77/><D124/><U99/><E26/><V128/><F128/><W111/><G111/><T104/><D50/><U10/><E108/><V62/><F18/><W102/><G46/><T20/><D6/><U119/><E119/><V130/><F130/><W81/><REACH who="3" step="1"/><G23/><REACH who="3" ten="250,173,337,230" step="2"/><T127/><D127/><U0/><E133/><V42/><F42/><W66/><G66/><T74/><D20/><U88/><E135/><V113/><F113/><W33/><G33/><T118/><D118/><U121/><E121/><V54/><F54/><W71/><G71/><T16/><D65/><U63/><E10/><V125/><F125/><W112/><G112/><T96/><D69/><U116/><E116/><V30/><F67/><W70/><G70/><T91/><D39/><U22/><E37/><V45/><F36/><W89/><G89/><T85/><D91/><U79/><E90/><V86/><F30/><W57/><G57/><T114/><D114/><U11/><E29/><V43/><F43/><W84/><G84/><T134/><D85/><U25/><E22/><V52/><F40/><W41/><G41/><T123/><D123/><U94/><E88/><AGARI ba="0,1" hai="2,4,8,45,51,52,55,59,62,82,86,88,97,98" machi="88" ten="30,3900,0" yaku="7,1,54,2" doraHai="68" who="2" fromWho="1" sc="250,0,173,-39,337,49,230,0" /><INIT seed="2,0,0,2,1,9" ten="250,134,386,230" oya="2" hai0="100,2,80,60,12,37,3,34,84,105,127,52,125" hai1="83,122,111,28,58,59,90,32,78,5,94,119,114" hai2="62,109,134,8,73,79,39,77,128,29,27,103,99" hai3="17,15,71,6,53,35,42,126,88,108,113,107,106"/><V16/><F39/><W51/><G71/><T55/><D34/><U98/><E114/><V63/><F128/><W89/><G35/><T1/><D37/><U48/><E119/><V38/><F38/><W120/><G120/><T57/><D55/><U56/><E122/><V13/><F134/><W41/><G108/><T74/><D74/><U132/><E111/><V26/><F109/><W67/><G113/><T129/><D129/><U18/><E132/><V0/><F0/><W121/><G121/><T116/><D116/><U36/><E36/><V61/><F73/><W69/><G6/><T135/><D135/><U43/><E32/><V45/><F45/><W86/><G89/><T95/><D105/><U115/><E28/><V118/><F118/><W50/><G69/><T92/><D12/><U30/><E30/><V40/><F40/><W66/><G107/><T54/><D54/><U101/><E5/><V117/><F117/><W20/><G106/><T85/><D85/><U25/><E115/><V123/><F123/><W97/><G97/><T47/><D47/><N who="1" m="25727" /><E78/><N who="2" m="29707" /><F29/><W124/><G42/><T81/><D100/><U49/><E49/><N who="3" m="18442" /><G41/><T64/><D84/><N who="1" m="50463" /><E59/><V76/><F76/><W65/><G53/><T72/><D72/><U87/><E87/><V68/><F68/><W104/><G104/><T22/><D52/><U91/><E101/><V24/><F103/><W112/><G112/><T11/><D1/><U110/><E110/><V23/><F99/><W33/><G33/><T96/><D2/><U70/><E70/><V133/><F133/><W19/><G19/><T31/><D96/><RYUUKYOKU ba="0,0" sc="250,-30,134,10,386,10,230,10" hai1="18,25,56,58,91,94,98" hai2="8,13,16,23,24,26,27,61,62,63" hai3="15,17,20,65,66,67,86,88,124,126" /><INIT seed="2,1,0,0,5,125" ten="220,144,396,240" oya="2" hai0="108,22,112,33,66,61,87,23,74,121,64,118,106" hai1="58,11,101,93,77,75,96,59,60,51,15,54,86" hai2="129,55,122,128,111,41,17,70,47,28,83,119,27" hai3="107,48,98,52,29,53,130,78,94,84,30,44,126"/><V6/><F122/><W80/><G126/><T102/><D121/><U67/><E75/><V50/><F119/><W73/><G130/><N who="2" m="50281" /><F111/><W62/><G107/><T35/><D74/><U132/><E132/><V95/><F70/><W36/><G36/><T104/><D87/><U117/><E117/><V57/><F6/><W5/><G73/><T1/><D1/><U99/><E77/><V39/><F83/><W7/><G7/><T31/><D108/><U72/><E72/><V123/><F123/><W79/><G79/><T113/><D118/><U4/><E86/><V43/><F43/><W42/><G5/><T71/><D71/><U24/><E99/><V25/><F28/><N who="3" m="10859" /><G62/><T10/><D31/><U110/><E110/><V16/><F95/><W114/><G114/><T134/><D134/><U3/><E3/><V21/><F16/><W0/><G0/><T56/><D106/><U18/><E24/><AGARI ba="1,0" hai="17,21,24,25,27,39,41,47,50,55,57" m="50281" machi="24" ten="30,11600,0" yaku="19,1,52,3" doraHai="125" who="2" fromWho="1" sc="220,0,144,-119,396,119,240,0" /><INIT seed="2,2,0,3,3,116" ten="220,25,515,240" oya="2" hai0="54,42,5,61,75,133,30,57,21,65,9,49,32" hai1="89,81,76,95,41,29,108,48,55,130,10,58,46" hai2="70,45,109,16,44,60,92,105,94,39,78,40,2" hai3="71,27,103,134,68,24,73,15,98,114,6,110,88"/><V85/><F105/><W19/><G73/><T13/><D75/><U11/><E108/><V87/><F109/><W8/><G110/><T135/><D32/><U82/><E130/><V35/><F2/><W119/><G119/><T83/><D83/><U97/><E29/><V53/><F35/><W67/><G134/><N who="0" m="51211" /><D30/><U38/><E81/><V22/><F70/><W128/><G128/><T17/><D42/><U14/><E14/><V3/><F3/><W50/><G114/><T90/><D90/><U115/><REACH who="1" step="1"/><E115/><REACH who="1" ten="220,15,515,240" step="2"/><V121/><F121/><W77/><G15/><N who="0" m="9407" /><D65/><U101/><E101/><V86/><F78/><W118/><G67/><T64/><D64/><U131/><E131/><V107/><F107/><W59/><G103/><T79/><D79/><U52/><E52/><V4/><F53/><W20/><G77/><T129/><D129/><U26/><E26/><V122/><F92/><W112/><G27/><T126/><D126/><U43/><E43/><V66/><F94/><W31/><G31/><T117/><D117/><U106/><E106/><V104/><F104/><W34/><G118/><T72/><D72/><AGARI ba="2,1" hai="10,11,38,41,46,48,55,58,72,76,82,89,95,97" machi="72" ten="30,2000,0" yaku="1,1,7,1,53,0" doraHai="116" doraHaiUra="1" who="1" fromWho="0" sc="220,-26,15,36,515,0,240,0" /><INIT seed="3,0,0,5,3,49" ten="194,51,515,240" oya="3" hai0="97,89,55,54,81,47,30,4,78,5,82,50,44" hai1="53,100,29,40,17,125,26,20,57,110,73,122,25" hai2="88,131,9,66,39,8,132,93,126,113,75,90,48" hai3="74,62,119,72,68,23,133,112,106,67,109,116,21"/><W64/><G112/><T91/><D30/><U46/><E110/><V76/><F39/><W10/><G109/><T37/><D37/><U28/><E125/><V107/><F107/><W69/><G106/><T45/><D97/><U87/><E122/><V63/><F126/><W105/><G105/><T134/><D134/><U11/><E73/><V84/><F132/><W12/><G133/><T32/><D32/><U71/><E71/><V115/><F131/><W86/><G86/><T70/><D70/><U6/><E100/><V79/><F75/><W128/><G10/><T94/><D50/><N who="1" m="26951" /><E87/><V124/><F124/><W77/><G12/><T15/><D78/><U95/><E95/><V58/><F115/><W16/><G16/><T14/><D45/><U83/><E83/><V13/><F113/><W130/><REACH who="3" step="1"/><G62/><REACH who="3" ten="194,51,515,230" step="2"/><T118/><REACH who="0" step="1"/><D94/><REACH who="0" ten="184,51,515,230" step="2"/><U114/><E114/><V60/><F93/><W102/><G102/><T0/><D0/><U24/><E29/><V1/><F1/><W27/><G27/><T120/><D120/><U65/><E28/><V56/><F60/><W61/><G61/><T129/><D129/><U31/><E31/><V43/><F63/><W36/><G36/><T41/><D41/><U18/><E26/><V96/><F43/><W85/><G85/><T59/><D59/><U111/><E25/><V51/><F56/><W117/><G117/><AGARI ba="0,2" hai="4,5,14,15,44,47,54,55,81,82,89,91,117,118" machi="117" ten="25,12000,2" yaku="1,1,22,2,52,2,53,2" doraHai="49" doraHaiUra="2" who="0" fromWho="3" sc="184,140,51,0,515,0,230,-120" /><INIT seed="4,0,0,5,5,8" ten="324,51,515,110" oya="0" hai0="19,108,58,48,57,77,94,85,91,73,18,67,111" hai1="13,54,97,87,38,59,1,37,116,29,80,53,11" hai2="121,12,102,46,127,9,61,88,120,72,56,15,7" hai3="34,33,105,119,64,83,71,35,3,41,76,49,98"/><T92/><D67/><U16/><E116/><V96/><F72/><W25/><G119/><T4/><D73/><U24/><E1/><V65/><F127/><W17/><G41/><T131/><D131/><U47/><E97/><V135/><F135/><W126/><G49/><T122/><D122/><U125/><E125/><V114/><F114/><W32/><G126/><T26/><D77/><U118/><E118/><V100/><F100/><W103/><G17/><T27/><D4/><U43/><E59/><N who="0" m="22537" /><D48/><U68/><E68/><V20/><F88/><W62/><G32/><T134/><D134/><U113/><E38/><V95/><F46/><W133/><G133/><T107/><D107/><U82/><E113/><V2/><F20/><W5/><G5/><T86/><D18/><U81/><REACH who="1" step="1"/><E87/><REACH who="1" ten="324,41,515,110" step="2"/><V89/><F120/><W104/><G3/><T14/><D108/><U39/><E39/><V132/><F121/><W28/><G105/><T31/><D111/><U93/><E93/><V45/><F132/><W0/><G0/><T124/><D86/><AGARI ba="0,1" hai="25,28,33,34,35,62,64,71,76,83,86,98,103,104" machi="86" ten="30,3900,0" yaku="7,1,25,2" doraHai="8" who="3" fromWho="0" sc="324,-39,41,0,515,0,110,49" /><INIT seed="5,0,0,5,5,62" ten="285,41,515,159" oya="1" hai0="85,43,9,114,40,82,98,133,48,56,13,3,32" hai1="116,119,45,15,50,95,96,77,59,70,112,1,113" hai2="55,83,107,39,76,18,93,7,99,92,21,28,63" hai3="44,31,100,87,104,124,84,19,78,49,109,111,20"/><U38/><E1/><V27/><F39/><W17/><G124/><T71/><D71/><U68/><E77/><V30/><F107/><W36/><G36/><T22/><D114/><N who="1" m="44139" /><E15/><V134/><F134/><W42/><G31/><T52/><D32/><U14/><E14/><V135/><F135/><W5/><G5/><N who="0" m="3247" /><D3/><U130/><E130/><V58/><F7/><W123/><G87/><T57/><D98/><U101/><E59/><N who="0" m="22601" /><D22/><U129/><E38/><V110/><F110/><W60/><G123/><T24/><D24/><U73/><E73/><V69/><F69/><N who="1" m="26729" /><E129/><V26/><F26/><W47/><G78/><N who="0" m="46295" /><D133/><U106/><E106/><V2/><F2/><W11/><G104/><T8/><D8/><U10/><E10/><V102/><F93/><W66/><G11/><T117/><D117/><U108/><E108/><V118/><F118/><W89/><G111/><T37/><D37/><U131/><E131/><V61/><F61/><W46/><G109/><T64/><D64/><U120/><E120/><V121/><F121/><W53/><G60/><T81/><D81/><U41/><AGARI ba="0,0" hai="41,45,50,95,96,101,116,119" m="26729,44139" machi="41" ten="30,1500,0" yaku="15,1" doraHai="62" who="1" fromWho="1" sc="285,-5,41,15,515,-5,159,-5" /><INIT seed="5,1,0,4,4,123" ten="280,56,510,154" oya="1" hai0="85,103,92,5,69,62,2,40,39,14,89,126,15" hai1="33,79,74,52,87,110,97,76,56,27,115,66,132" hai2="3,35,23,109,94,134,64,72,104,107,36,31,90" hai3="54,98,45,0,13,7,84,19,26,22,129,131,18"/><U49/><E74/><V95/><F3/><W88/><G98/><N who="0" m="59847" /><D39/><U28/><E115/><V81/><F36/><W70/><G70/><T48/><D2/><U73/><E73/><V37/><F37/><W29/><G0/><T68/><D68/><U122/><E122/><V50/><F35/><W117/><G117/><T114/><D69/><U38/><E132/><V60/><F72/><W51/><G7/><T75/><D126/><U9/><E38/><V77/><F95/><W59/><G45/><N who="0" m="25639" /><D75/><U42/><E42/><V57/><F81/><W44/><G44/><T91/><D5/><U1/><E66/><V124/><F77/><W121/><G121/><T67/><D114/><U101/><E87/><V63/><F50/><W12/><G12/><T130/><D130/><N who="3" m="49673" /><G13/><T41/><D41/><U34/><E34/><V125/><F60/><W25/><G25/><T24/><D24/><U8/><E110/><V11/><F109/><W30/><G30/><T106/><D106/><U118/><E118/><V58/><F11/><W133/><G133/><T113/><D14/><U119/><E119/><V112/><F57/><W4/><G4/><T20/><D113/><U120/><E120/><V102/><F90/><W83/><AGARI ba="1,0" hai="18,19,22,26,29,51,54,59,83,84,88" m="49673" machi="83" ten="30,2000,0" yaku="19,1,54,1" doraHai="123" who="3" fromWho="3" sc="280,-6,56,-11,510,-6,154,23" /><INIT seed="6,0,0,2,0,117" ten="274,45,504,177" oya="2" hai0="91,72,44,67,7,29,122,56,98,43,37,12,94" hai1="2,108,57,38,61,8,0,3,54,59,110,17,71" hai2="34,51,124,15,74,132,14,118,86,47,109,1,111" hai3="58,50,85,31,36,73,53,95,113,9,89,125,27"/><V78/><F118/><W130/><G73/><T18/><D72/><U48/><E38/><V55/><F34/><W32/><G36/><T21/><D29/><U11/><E71/><V5/><F74/><W116/><G116/><T101/><D122/><U62/><E17/><V49/><F1/><W103/><G130/><T39/><D39/><U131/><E131/><V42/><F124/><W81/><G125/><T105/><D7/><U134/><E134/><V115/><F115/><W90/><G113/><T77/><D77/><U82/><E82/><V96/><F96/><W16/><G103/><T60/><REACH who="0" step="1"/><D91/><REACH who="0" ten="264,45,504,177" step="2"/><U107/><E107/><AGARI ba="0,1" hai="12,18,21,37,43,44,56,60,67,94,98,101,105,107" machi="107" ten="40,2600,0" yaku="1,1,2,1,53,0" doraHai="117" doraHaiUra="65" who="0" fromWho="1" sc="264,36,45,-26,504,0,177,0" /><INIT seed="7,0,0,3,5,28" ten="300,19,504,177" oya="3" hai0="6,114,108,92,36,62,106,102,98,2,91,45,87" hai1="73,64,4,129,95,25,63,38,112,119,15,118,50" hai2="37,48,22,24,85,12,55,44,117,104,46,126,16" hai3="68,32,7,128,113,42,59,80,27,39,132,100,101"/><W26/><G68/><T124/><D108/><U51/><E73/><V135/><F104/><W0/><G59/><T66/><D124/><U56/><E4/><V93/><F117/><W90/><G90/><T5/><D114/><U109/><E15/><V72/><F72/><W111/><G111/><T58/><D2/><U81/><E95/><V82/><F135/><W54/><G54/><T134/><D134/><U67/><E25/><V99/><F126/><W76/><G128/><T10/><D10/><U110/><E81/><V11/><F37/><W19/><G113/><T47/><D47/><U116/><E112/><V75/><F75/><W14/><G132/><T8/><D8/><U61/><E38/><V1/><F1/><W53/><G53/><T60/><D60/><U23/><E23/><V123/><F123/><W94/><G94/><N who="0" m="54655" /><D106/><U89/><E89/><N who="2" m="55727" /><F48/><W78/><G19/><T120/><D120/><U30/><E30/><N who="2" m="17687" /><F55/><W40/><G14/><T29/><D36/><U33/><E33/><V103/><F103/><W52/><G80/><T49/><D29/><U20/><E20/><V21/><F21/><W121/><G39/><T77/><D77/><AGARI ba="0,0" hai="11,12,16,44,46,77,82,85" m="17687,55727" machi="77" ten="30,2000,0" yaku="8,1,54,1" doraHai="28" who="2" fromWho="0" sc="300,-20,19,0,504,20,177,0" owari="280,8.0,19,-48.0,524,62.0,177,-22.0" /></mjloggm>