<mjloggm ver="2.3"><GO type="185" lobby="0"/><UN n0="%E4%B8%96%E7%9B%B4%E3%81%97%E4%BA%BA" n1="%E6%A8%BD%E3%81%AA%E3%81%AE%E5%A3%8A%E3%81%95%E3%81%AA%E3%81%84%E3%81%A7" n2="%E3%81%BE%E3%82%8D%E3%81%AB%E3%81%84" n3="" dan="17,16,16,0" rate="2256.81,2190.11,2083.38,1500.00" sx="M,M,M,C"/><TAIKYOKU oya="0"/><INIT seed="0,0,0,3,3,83" ten="350,350,350,0" oya="0" hai0="98,42,81,113,70,79,100,106,38,50,84,92,65" hai1="71,67,86,49,54,37,93,99,103,39,75,123,90" hai2="104,33,121,88,53,48,111,131,47,116,2,32,66" hai3=""/><T119/><D113/><U1/><N who="1" m="31520" /><U96/><E1/><V46/><N who="2" m="31008" /><V64/><F2/><T108/><D119/><U40/><E75/><V101/><F116/><T55/><D108/><U129/><E129/><V85/><F131/><T120/><N who="0" m="30752" /><T72/><D38/><U34/><E34/><V61/><F111/><T102/><D42/><U3/><E3/><V43/><F101/><T57/><D102/><U107/><E40/><V126/><F104/><T60/><REACH who="0" step="1"/><D106/><REACH who="0" ten="340,350,350,0" step="2"/><U68/><E39/><V82/><F126/><T44/><D44/><U80/><E37/><V117/><F117/><T56/><D56/><U77/><E67/><V63/><F46/><AGARI ba="0,1" hai="46,49,54,68,71,77,80,86,90,93,96,99,103,107" m="31520" machi="46" ten="30,3900,0" yaku="7,1,52,2" doraHai="83" who="1" fromWho="2" sc="340,0,350,49,350,-39,0,0" /><INIT seed="1,0,0,5,5,54" ten="340,399,311,0" oya="1" hai0="84,133,113,45,69,74,101,135,33,48,97,75,3" hai1="93,78,38,99,52,90,115,70,82,0,131,80,88" hai2="44,60,64,41,110,117,112,42,104,1,37,43,56" hai3=""/><U106/><E0/><V119/><F104/><T57/><D69/><U87/><E70/><V2/><F2/><T96/><D3/><U34/><E34/><V77/><F1/><T65/><D33/><U92/><E38/><V35/><F35/><T71/><D71/><U86/><E115/><V63/><F77/><T61/><D113/><U124/><E124/><V102/><F102/><T116/><D84/><U89/><E52/><V85/><F85/><T83/><D116/><U121/><N who="1" m="31008" /><U46/><E46/><V68/><F112/><T107/><D97/><U51/><E51/><V66/><F110/><T32/><D32/><U114/><E114/><V50/><F37/><T47/><D47/><U40/><E40/><AGARI ba="0,0" hai="40,41,42,43,44,50,56,60,63,64,66,68,117,119" machi="40" ten="40,8000,1" yaku="34,3,52,1" doraHai="54" who="2" fromWho="1" sc="340,0,399,-80,311,80,0,0" /><INIT seed="2,0,0,4,5,109" ten="340,319,391,0" oya="2" hai0="63,107,113,44,112,100,67,106,45,132,0,116,87" hai1="83,37,102,43,58,68,82,47,69,110,123,119,80" hai2="129,108,32,60,62,127,131,104,133,40,105,65,46" hai3=""/><V61/><F32/><T88/><D116/><U84/><N who="1" m="31520" /><U49/><E110/><V96/><F108/><T38/><D0/><U72/><E119/><V91/><F133/><T89/><D132/><U78/><E102/><V86/><F127/><T2/><D2/><U48/><E83/><V124/><F124/><T85/><D100/><U98/><E98/><V111/><F111/><T92/><D63/><U120/><N who="1" m="30752" /><U55/><REACH who="1" step="1"/><E37/><REACH who="1" ten="340,309,391,0" step="2"/><V36/><F96/><T1/><D1/><U39/><E39/><V50/><F36/><T70/><D38/><U115/><E115/><N who="0" m="44105" /><D67/><U73/><E73/><V57/><F105/><N who="0" m="39946" /><D70/><U99/><E99/><V66/><F104/><T33/><D33/><U135/><E135/><V64/><F131/><T71/><D71/><U77/><AGARI ba="0,1" hai="43,47,48,49,55,58,68,69,72,77,78,80,82,84" m="30752,31520" machi="77" ten="20,6000,1" yaku="1,1,0,1,7,1,52,2,53,0" doraHai="109" doraHaiUra="56" who="1" fromWho="1" sc="340,-20,309,70,391,-40,0,0" /><INIT seed="4,0,0,3,2,71" ten="320,379,351,0" oya="0" hai0="2,61,80,67,70,33,51,95,113,111,56,60,118" hai1="88,74,101,81,122,126,106,68,52,39,55,96,65" hai2="120,62,63,79,115,53,125,46,128,86,36,124,35" hai3=""/><T123/><N who="0" m="31520" /><T69/><D33/><U94/><N who="1" m="31264" /><U57/><E126/><N who="2" m="48747" /><F35/><T42/><D2/><U112/><E112/><V38/><N who="2" m="30752" /><V87/><F128/><T66/><D118/><U108/><E108/><V1/><F115/><T110/><D113/><U107/><E39/><N who="2" m="14891" /><F1/><T132/><D132/><U40/><E40/><V73/><F73/><T97/><D80/><U129/><E129/><V131/><F131/><T134/><D134/><U116/><E116/><V103/><F103/><T90/><REACH who="0" step="1"/><D56/><REACH who="0" ten="310,379,351,0" step="2"/><U0/><E0/><V59/><F46/><AGARI ba="0,1" hai="42,46,51,60,61,66,67,69,70,90,95,97,110,111" m="31520" machi="46" ten="40,12000,1" yaku="1,1,2,1,9,1,52,1,53,0" doraHai="71" doraHaiUra="130" who="0" fromWho="2" sc="310,130,379,0,351,-120,0,0" /><INIT seed="4,1,0,2,1,102" ten="440,379,231,0" oya="0" hai0="91,117,116,53,59,94,109,98,57,128,77,66,43" hai1="73,89,108,124,48,127,68,69,114,36,134,40,76" hai2="100,86,33,79,67,42,82,129,130,37,135,65,1" hai3=""/><T81/><D128/><N who="2" m="49258" /><F1/><T47/><D66/><N who="2" m="25098" /><F33/><T133/><D133/><U2/><E134/><V49/><F135/><T54/><D109/><U132/><E108/><V85/><F37/><T112/><D112/><U99/><E114/><V106/><F42/><T113/><D113/><U70/><E36/><V105/><F49/><T118/><D54/><U80/><E2/><V44/><F44/><T41/><D53/><U78/><E78/><V0/><F0/><T64/><D64/><U62/><E62/><V60/><F60/><T74/><REACH who="0" step="1"/><D41/><REACH who="0" ten="430,379,231,0" step="2"/><U35/><E132/><V45/><F45/><T110/><D110/><U103/><E70/><V96/><F86/><T32/><D32/><U115/><E69/><V84/><F84/><T131/><D131/><U119/><E68/><V88/><F79/><T50/><AGARI ba="1,1" hai="43,47,50,57,59,74,77,81,91,94,98,116,117,118" machi="50" ten="30,4000,0" yaku="1,1,0,1,53,1" doraHai="102" doraHaiUra="87" who="0" fromWho="0" sc="430,52,379,-21,231,-21,0,0" /><INIT seed="4,2,0,1,4,125" ten="482,358,210,0" oya="0" hai0="117,71,98,101,122,115,59,104,116,112,84,52,41" hai1="57,36,83,91,93,50,134,77,86,79,72,135,54" hai2="108,111,80,56,64,128,49,126,120,34,100,1,131" hai3=""/><T82/><N who="0" m="31264" /><T69/><D41/><U95/><E36/><V45/><N who="2" m="30752" /><V110/><F34/><T60/><D71/><U46/><E79/><V65/><F1/><T38/><D69/><U99/><REACH who="1" step="1"/><E46/><REACH who="1" ten="482,348,210,0" step="2"/><V53/><F126/><T123/><N who="0" m="31520" /><T2/><D38/><U96/><E96/><V118/><F118/><T33/><D2/><U58/><E58/><V107/><F80/><T42/><D33/><U63/><E63/><V102/><F56/><T88/><REACH who="0" step="1"/><D42/><REACH who="0" ten="472,348,210,0" step="2"/><U61/><E61/><V0/><F0/><T94/><D94/><U55/><E55/><V114/><F107/><T76/><D76/><U132/><E132/><V81/><F81/><T75/><D75/><U47/><E47/><V62/><F62/><T3/><D3/><U78/><E78/><V67/><REACH who="2" step="1"/><F114/><AGARI ba="2,2" hai="52,59,60,82,84,88,98,101,104,112,114,115,116,117" m="31520,31264" machi="114" ten="40,24000,3" yaku="1,1,15,1,52,2,54,2,53,2" doraHai="125" doraHaiUra="113" who="0" fromWho="2" sc="472,264,348,0,210,-244,0,0" owari="736,68.0,348,-5.0,-34,-63.0,0,0.0" /></mjloggm>