<mjloggm ver="2.3"><GO type="169" lobby="0"/><UN n0="%70%69%6E%63%65%72%73" n1="%E7%A7%8B%E6%9C%88%36%31" n2="%E3%81%88%E3%81%8C%E3%82%8F%E3%82%8A%E3%81%8A" n3="%6B%69%79%6F%70%69%6E" dan="16,17,16,16" rate="2173.45,2133.70,2089.34,2128.19" sx="M,M,M,M"/><TAIKYOKU oya="0"/><INIT seed="0,0,0,0,4,107" ten="250,250,250,250" oya="0" hai0="24,71,129,39,54,100,12,17,86,125,111,82,10" hai1="131,96,73,7,88,116,105,5,66,91,78,98,80" hai2="46,9,77,48,27,76,0,23,41,133,33,44,121" hai3="99,34,51,102,90,127,118,115,89,124,38,109,104"/><T19/><D39/><U11/><E116/><V21/><F121/><W79/><G38/><T87/><D71/><U50/><E131/><V32/><F133/><W37/><G37/><T103/><D129/><U123/><E123/><V120/><F120/><W53/><G34/><T26/><D125/><N who="3" m="48201" /><G118/><T55/><D111/><U65/><E50/><V128/><F128/><W4/><G4/><T20/><D86/><U6/><E11/><V57/><F57/><W29/><G29/><T72/><D72/><U62/><E66/><V114/><F114/><W16/><G115/><T70/><D70/><U45/><E45/><V132/><F46/><N who="3" m="27895" /><G109/><T8/><D24/><U43/><E43/><V30/><F32/><W108/><G108/><T68/><D68/><U93/><E105/><V49/><F49/><W130/><G130/><T3/><D3/><U112/><E112/><V22/><REACH who="2" step="1"/><F132/><REACH who="2" ten="250,250,240,250" step="2"/><W119/><G119/><T85/><D54/><U126/><E126/><V67/><F67/><W52/><G52/><T92/><D55/><U135/><E135/><V122/><F122/><W18/><G79/><N who="0" m="46303" /><D10/><U81/><E65/><V60/><F60/><W25/><G25/><T59/><D59/><U69/><E62/><V117/><F117/><W35/><G35/><T28/><D17/><AGARI ba="0,1" hai="16,17,18,89,90,99,102,104" m="27895,48201" machi="17" ten="30,2000,0" yaku="18,1,54,1" doraHai="107" who="3" fromWho="0" sc="250,-20,250,0,240,0,250,30" /><INIT seed="1,0,0,4,5,76" ten="230,250,240,280" oya="1" hai0="12,128,64,93,41,105,3,54,35,66,90,56,68" hai1="32,124,52,50,98,67,10,89,119,122,45,48,26" hai2="78,77,30,83,80,129,82,63,92,20,107,121,65" hai3="113,109,123,61,88,58,95,111,84,4,70,11,110"/><U102/><E122/><V114/><F107/><W60/><G123/><T127/><D3/><U38/><E119/><V1/><F121/><W14/><G113/><T112/><D105/><U72/><E38/><V133/><F1/><W47/><G70/><T9/><D35/><U97/><E72/><V5/><F114/><W18/><G47/><T15/><D112/><U134/><E67/><N who="0" m="25641" /><D68/><U115/><E115/><V42/><F5/><W130/><G130/><T91/><D128/><U43/><E10/><V73/><F129/><W27/><REACH who="3" step="1"/><G58/><REACH who="3" ten="230,250,240,270" step="2"/><T96/><D127/><U13/><E124/><V8/><F133/><W87/><G87/><T85/><D41/><U132/><E132/><V108/><F73/><W24/><G24/><T28/><D56/><U86/><E134/><V57/><F42/><W39/><G39/><T81/><D54/><U62/><E43/><V106/><F108/><W22/><AGARI ba="0,1" hai="4,11,14,18,22,27,60,61,84,88,95,109,110,111" machi="22" ten="40,8000,1" yaku="1,1,0,1,14,1,54,1,53,0" doraHai="76" doraHaiUra="51" who="3" fromWho="3" sc="230,-20,250,-40,240,-20,270,90" /><INIT seed="2,0,0,3,5,52" ten="210,210,220,360" oya="2" hai0="104,27,33,29,4,21,74,61,63,26,79,24,102" hai1="39,45,67,103,11,119,71,89,130,115,51,8,62" hai2="100,128,72,132,46,107,64,76,53,54,35,84,23" hai3="25,110,20,112,122,124,87,15,12,69,98,123,66"/><V56/><F35/><W44/><G110/><T125/><D125/><U75/><E75/><V55/><F128/><W114/><G124/><T80/><D4/><U113/><E130/><V1/><F132/><W43/><G87/><T7/><D7/><U0/><E119/><V34/><F34/><W30/><G69/><T88/><D26/><U49/><E103/><V77/><F1/><W60/><G98/><T9/><D9/><U106/><E106/><V68/><F72/><W19/><G60/><T131/><D131/><U101/><E101/><V109/><F109/><W93/><G93/><T82/><D102/><U127/><E127/><V85/><F68/><W120/><G66/><T40/><D40/><U3/><E71/><V14/><F100/><W129/><G129/><T59/><D104/><U118/><E118/><V95/><F46/><W22/><G44/><T42/><D42/><U126/><E45/><V134/><F107/><W133/><G43/><T48/><D48/><U28/><E126/><V37/><F37/><W65/><G65/><T50/><D80/><U121/><E39/><V41/><F41/><W73/><G73/><T97/><D50/><U57/><E0/><V5/><F134/><W13/><G133/><T116/><D116/><U47/><E47/><V117/><F117/><W16/><G19/><N who="0" m="12351" /><D59/><U38/><E38/><V91/><F5/><W10/><G10/><T32/><D32/><U36/><E3/><V6/><F6/><W81/><G81/><T2/><D2/><U83/><E36/><V111/><F111/><W86/><G86/><T58/><D58/><RYUUKYOKU ba="0,0" sc="210,15,210,-15,220,-15,360,15" hai0="27,29,33,61,63,74,79,82,88,97" hai3="12,13,15,16,20,22,25,30,112,114,120,122,123" /><INIT seed="3,1,0,5,4,80" ten="225,195,205,375" oya="3" hai0="96,71,74,7,6,72,128,54,135,67,90,89,108" hai1="116,117,106,121,44,16,92,118,56,120,10,27,48" hai2="8,63,112,40,25,78,22,46,39,93,24,83,70" hai3="0,102,28,110,51,100,68,85,36,119,73,88,15"/><W103/><G119/><T18/><D108/><U130/><E106/><V127/><F127/><W76/><G0/><T17/><D128/><U122/><E130/><V59/><F112/><W107/><G36/><T31/><D135/><U131/><E131/><V30/><F70/><W49/><G68/><T82/><D31/><U91/><E56/><V58/><F8/><W94/><G110/><T104/><D54/><U134/><E134/><V26/><F93/><W19/><G28/><T114/><D114/><U42/><E10/><V21/><F21/><W29/><G29/><T3/><D104/><U57/><E57/><V12/><F12/><W13/><G107/><T123/><D82/><U111/><E111/><V105/><F58/><W69/><G69/><T41/><D41/><U113/><E113/><V60/><F60/><W53/><G15/><T52/><D3/><U125/><E125/><V32/><F32/><W84/><G73/><T115/><D72/><U61/><E61/><V34/><F34/><W23/><G53/><T87/><D74/><U79/><E79/><V101/><F101/><W77/><G77/><T98/><D52/><U45/><E45/><V35/><F35/><W126/><G126/><T4/><D71/><U33/><E33/><V65/><REACH who="2" step="1"/><F105/><REACH who="2" ten="225,195,195,375" step="2"/><W75/><G75/><AGARI ba="1,1" hai="22,24,25,26,30,39,40,46,59,63,65,75,78,83" machi="75" ten="30,7700,0" yaku="1,1,2,1,7,1,53,1" doraHai="80" doraHaiUra="62" who="2" fromWho="3" sc="225,0,195,0,195,90,375,-80" /><INIT seed="4,0,0,5,2,43" ten="225,195,285,295" oya="0" hai0="73,83,95,104,106,90,36,131,33,15,101,130,116" hai1="128,67,69,105,96,78,123,119,68,84,39,4,21" hai2="113,72,103,46,27,35,45,88,6,82,56,58,108" hai3="23,122,26,61,76,115,133,34,112,38,85,71,124"/><T12/><D33/><U89/><E4/><V102/><F108/><W0/><G34/><T98/><D36/><U29/><E67/><V129/><F113/><N who="3" m="43595" /><G133/><T16/><D12/><U1/><E1/><V50/><F129/><N who="0" m="49162" /><D116/><U93/><E119/><V55/><F6/><W75/><G75/><T114/><D114/><U80/><E128/><V9/><F9/><W86/><G76/><N who="0" m="44431" /><D90/><U65/><E39/><V121/><F121/><W60/><G124/><T42/><D42/><U3/><E123/><V57/><F72/><W99/><G38/><T62/><D62/><N who="3" m="24169" /><G71/><T10/><AGARI ba="0,0" hai="10,15,16,95,98,101,104,106" m="44431,49162" machi="10" ten="30,3000,0" yaku="19,1,54,1" doraHai="43" who="0" fromWho="0" sc="225,30,195,-10,285,-10,295,-10" /><INIT seed="4,1,0,4,1,73" ten="255,185,275,285" oya="0" hai0="104,44,37,13,76,4,11,16,29,110,25,60,111" hai1="72,20,64,86,41,88,105,1,23,113,101,109,27" hai2="32,30,34,83,84,43,10,57,21,38,54,133,135" hai3="9,65,99,56,116,122,80,69,112,130,31,17,42"/><T117/><D117/><U93/><E109/><N who="0" m="41481" /><D104/><U125/><E1/><V49/><F21/><W24/><G69/><T67/><D4/><U123/><E123/><V28/><F10/><W79/><G116/><T35/><D44/><U103/><E105/><V61/><F38/><W3/><G122/><T2/><D37/><U59/><E41/><V131/><F131/><W94/><G42/><T95/><D95/><U45/><E45/><V18/><F18/><W121/><G130/><T58/><D2/><U71/><E71/><V0/><F0/><W92/><G92/><T26/><D26/><U124/><E72/><V106/><F106/><W51/><G121/><T55/><D55/><U33/><E33/><V39/><F39/><W96/><G94/><T102/><D102/><U7/><E7/><V48/><F34/><W132/><G3/><T68/><D68/><U62/><E20/><V91/><F43/><W129/><G129/><T46/><D46/><U12/><E12/><V77/><F32/><W50/><G99/><T6/><D6/><U115/><E103/><V22/><F22/><W127/><G96/><T47/><D47/><U90/><E101/><V14/><F14/><W19/><G24/><T114/><D114/><N who="1" m="43531" /><E90/><V107/><F91/><W134/><G112/><T36/><D36/><U98/><E98/><V82/><F107/><W78/><G19/><AGARI ba="1,0" hai="19,23,27,59,62,64,86,88,93,124,125" m="43531" machi="19" ten="30,3900,0" yaku="15,1,11,1,54,1" doraHai="73" who="1" fromWho="3" sc="255,0,185,42,275,0,285,-42" /><INIT seed="5,0,0,5,4,132" ten="255,227,275,243" oya="1" hai0="102,26,28,48,59,23,36,80,70,75,77,98,133" hai1="84,108,104,41,107,53,130,67,122,66,42,99,127" hai2="13,126,106,11,82,6,73,30,101,50,22,92,109" hai3="118,40,76,83,49,29,97,94,25,5,78,2,114"/><U103/><E122/><V14/><F109/><W24/><G114/><T95/><D133/><U113/><E113/><V105/><F92/><W134/><G134/><T111/><D36/><U47/><E108/><V135/><F135/><W38/><G118/><T58/><D70/><U60/><E107/><V45/><F101/><W112/><G112/><T54/><REACH who="0" step="1"/><D111/><REACH who="0" ten="245,227,275,243" step="2"/><U39/><E39/><V117/><F117/><W32/><G38/><T1/><D1/><U35/><E130/><V56/><F106/><W37/><G37/><T79/><D79/><U68/><E68/><V17/><F105/><W65/><G78/><T81/><D81/><U62/><E104/><V8/><F82/><W72/><G2/><T19/><D19/><U115/><E115/><V120/><F120/><W71/><G71/><T89/><D89/><U52/><E103/><V57/><F73/><W110/><G110/><T119/><D119/><U64/><E99/><V18/><F30/><W4/><G83/><T43/><D43/><N who="1" m="16395" /><E84/><V123/><F123/><W74/><G74/><T129/><D129/><U93/><E93/><V121/><F121/><W131/><G72/><T0/><D0/><U34/><E47/><AGARI ba="0,1" hai="23,26,28,47,48,54,58,59,75,77,80,95,98,102" machi="47" ten="30,3900,0" yaku="1,1,7,1,53,1" doraHai="132" doraHaiUra="46" who="0" fromWho="1" sc="245,49,227,-39,275,0,243,0" /><INIT seed="6,0,0,2,3,3" ten="294,188,275,243" oya="2" hai0="59,48,65,62,70,4,41,126,103,134,109,98,111" hai1="115,92,133,42,89,91,43,28,14,84,71,35,2" hai2="57,30,119,88,34,64,39,1,107,55,24,113,10" hai3="33,93,106,96,78,32,76,25,44,37,131,90,11"/><V101/><F119/><W19/><G131/><T53/><D134/><U46/><E133/><V77/><F39/><W99/><G37/><T61/><D126/><U124/><E124/><V97/><F77/><W5/><G44/><T68/><D4/><U49/><E2/><V13/><F1/><W9/><G106/><T82/><D82/><U20/><E71/><V38/><F38/><W58/><G58/><T17/><D17/><U60/><E35/><V40/><F40/><W104/><G104/><T47/><REACH who="0" step="1"/><D68/><REACH who="0" ten="284,188,275,243" step="2"/><U116/><E116/><V127/><F127/><W117/><G117/><T0/><D0/><U67/><E28/><V52/><F30/><W75/><G19/><T8/><D8/><U63/><E115/><V56/><F113/><W125/><G5/><T105/><AGARI ba="0,1" hai="41,47,48,53,59,61,62,65,70,98,103,105,109,111" machi="105" ten="20,8000,1" yaku="1,1,0,1,7,1,53,2" doraHai="3" doraHaiUra="122" who="0" fromWho="0" sc="284,90,188,-20,275,-40,243,-20" /><INIT seed="7,0,0,1,3,115" ten="374,168,235,223" oya="3" hai0="108,53,58,104,118,68,102,101,94,126,21,59,71" hai1="109,121,39,77,75,123,54,14,78,90,26,105,3" hai2="111,66,34,76,0,42,116,41,73,12,61,103,96" hai3="17,64,100,47,89,29,48,6,83,60,81,33,67"/><W125/><G125/><T13/><D118/><U49/><E3/><V132/><F116/><W16/><G6/><T10/><D104/><U131/><E105/><V15/><F0/><W62/><G100/><T92/><D108/><U112/><E39/><V22/><F111/><W119/><G119/><T65/><D126/><U80/><E109/><V88/><F34/><W97/><G29/><T50/><D68/><U30/><E112/><V37/><F73/><W11/><G33/><T19/><D71/><U130/><E14/><V124/><F76/><W120/><G120/><T74/><D74/><U122/><E78/><V106/><F124/><W1/><G1/><T38/><D38/><U93/><E26/><V110/><F110/><W9/><G48/><T52/><D65/><U113/><E30/><V79/><F79/><W4/><G89/><T18/><D101/><U25/><E25/><V91/><F37/><W45/><G4/><T63/><D102/><U56/><E113/><V98/><F132/><W70/><G70/><T36/><D36/><U82/><E82/><V44/><F12/><AGARI ba="0,0" hai="10,12,13,18,19,21,50,52,53,58,59,63,92,94" machi="12" ten="30,3900,0" yaku="7,1,8,1,54,1" doraHai="115" who="0" fromWho="2" sc="374,39,168,0,235,-39,223,0" owari="413,51.0,168,-33.0,196,-20.0,223,2.0" /></mjloggm>