<mjloggm ver="2.3"><GO type="185" lobby="0"/><UN n0="%E5%BD%A9%E3%83%B6%E4%BA%AD" n1="%E3%81%99%E3%81%8D%E3%81%BE%E5%A6%96%E6%80%AA" n2="%E6%A2%B6%E9%9A%86%E8%87%A3" n3="" dan="16,16,17,0" rate="2139.26,2112.62,2254.09,1500.00" sx="M,M,M,C"/><TAIKYOKU oya="0"/><INIT seed="0,0,0,2,0,2" ten="350,350,350,0" oya="0" hai0="123,42,41,102,115,94,114,59,82,52,70,133,62" hai1="129,60,86,131,51,36,110,79,80,105,91,34,1" hai2="57,55,99,78,56,53,117,73,95,87,68,103,71" hai3=""/><T38/><N who="0" m="31520" /><T46/><D133/><U32/><E1/><V130/><F130/><N who="1" m="49673" /><E36/><V39/><F39/><T33/><D33/><N who="1" m="12907" /><E105/><V75/><F117/><T135/><D135/><U67/><E51/><V97/><F87/><T54/><D41/><U37/><E37/><V48/><F78/><T90/><D70/><U119/><E119/><V120/><N who="2" m="30752" /><V111/><F111/><T66/><D82/><U125/><E125/><V88/><F71/><T58/><D102/><U104/><E104/><V101/><F68/><T3/><D3/><U85/><E110/><V93/><REACH who="2" step="1"/><F103/><REACH who="2" ten="350,350,340,0" step="2"/><T122/><N who="0" m="31264" /><T61/><D66/><U0/><E0/><V81/><F81/><T100/><D100/><U47/><E86/><AGARI ba="0,1" hai="38,42,46,52,54,58,59,61,62,86,90,94,114,115" m="31264,31520" machi="86" ten="30,12000,1" yaku="7,1,9,1,52,2,54,1" doraHai="2" who="0" fromWho="1" sc="350,130,350,-120,340,0,0,0" /><INIT seed="0,1,0,5,1,66" ten="480,230,340,0" oya="0" hai0="107,95,73,133,64,36,134,126,98,82,122,42,69" hai1="72,76,0,130,103,57,111,68,117,91,115,1,40" hai2="129,84,61,83,116,58,85,80,55,86,125,49,35" hai3=""/><T39/><N who="0" m="31264" /><T97/><D126/><U89/><E40/><V132/><F35/><T113/><D113/><U65/><E57/><V90/><F125/><T71/><D64/><U99/><E117/><V102/><F129/><T60/><D60/><U33/><E130/><V41/><F132/><N who="0" m="50794" /><D107/><U121/><N who="1" m="31008" /><U38/><E115/><V110/><F110/><T50/><D50/><U120/><N who="1" m="30752" /><U74/><E38/><N who="0" m="14377" /><D42/><U92/><E111/><V54/><F116/><T94/><D82/><U47/><E47/><V101/><F41/><T123/><N who="0" m="31520" /><T105/><D73/><U48/><E48/><V63/><F63/><T46/><D105/><U78/><E33/><V108/><F108/><T124/><D46/><U131/><E131/><V118/><F118/><T77/><D77/><U114/><E114/><V3/><F83/><T79/><D79/><U106/><E76/><V32/><F32/><T119/><D119/><U2/><E78/><V45/><F61/><T67/><D67/><U59/><E74/><V87/><F49/><T128/><D128/><U75/><E72/><V104/><F45/><T43/><D43/><U88/><E75/><V62/><F104/><T44/><D44/><U51/><E106/><V100/><F62/><RYUUKYOKU ba="1,0" sc="480,0,230,0,340,0,0,0" /><INIT seed="1,2,0,3,2,116" ten="480,230,340,0" oya="1" hai0="119,37,96,90,133,68,66,108,43,49,92,104,72" hai1="117,101,0,45,94,38,77,34,84,73,135,53,129" hai2="46,103,56,113,62,111,70,58,105,2,40,71,55" hai3=""/><U65/><E34/><V80/><F2/><T118/><D37/><U93/><E0/><V48/><F111/><T47/><D108/><U81/><E117/><N who="0" m="44553" /><D72/><U50/><E129/><V120/><N who="2" m="30752" /><V52/><F113/><T82/><D82/><U126/><E126/><V64/><F80/><T75/><D75/><U83/><E135/><V99/><REACH who="2" step="1"/><F64/><REACH who="2" ten="480,230,330,0" step="2"/><T35/><D35/><U74/><E65/><V110/><F110/><T1/><D1/><U67/><E74/><V122/><N who="2" m="31264" /><V132/><F132/><T115/><D133/><U3/><E3/><V69/><F69/><T114/><D66/><U131/><E131/><V107/><F107/><T59/><D68/><U33/><E33/><V125/><F125/><T102/><D59/><U112/><E112/><V42/><F42/><T44/><D44/><U109/><E109/><V128/><F128/><T36/><D115/><U39/><E67/><V79/><F79/><T134/><D114/><U86/><E73/><V57/><F57/><T63/><D134/><U85/><E77/><V87/><F87/><T123/><N who="0" m="31520" /><T106/><D104/><U51/><E85/><V76/><F76/><T89/><D106/><U32/><E32/><V124/><F124/><T41/><D41/><RYUUKYOKU ba="2,1" sc="480,-10,230,-10,330,20,0,0" hai2="40,46,48,52,55,56,58,62,70,71,99,103,105" /><INIT seed="2,3,1,0,0,98" ten="470,220,350,0" oya="2" hai0="88,131,129,115,62,61,76,63,40,91,32,74,47" hai1="43,111,90,45,51,118,2,48,123,46,0,37,69" hai2="34,1,36,68,42,113,80,59,120,39,93,97,53" hai3=""/><V57/><N who="2" m="30752" /><V132/><F113/><T73/><D32/><U86/><N who="1" m="31520" /><U112/><E111/><V105/><F34/><T128/><D115/><U125/><E112/><V110/><F68/><T96/><D96/><U89/><E125/><V133/><F1/><T60/><N who="0" m="15360" /><DORA hai="71" /><T114/><D114/><U104/><E118/><V108/><F105/><T127/><D127/><U81/><E69/><V83/><F42/><T78/><D47/><U44/><E104/><V121/><N who="2" m="31008" /><V124/><F124/><T38/><D38/><N who="2" m="14378" /><F53/><T3/><D40/><U122/><N who="1" m="31264" /><U70/><E70/><V130/><F130/><T100/><D3/><U135/><E37/><V109/><F80/><T126/><D126/><U50/><E43/><V101/><F83/><T87/><D100/><U92/><REACH who="1" step="1"/><E135/><AGARI ba="3,1" hai="57,59,93,97,101,108,109,110,132,133,135" m="14378,31008,30752" machi="135" ten="40,24000,3" yaku="14,1,10,1,20,1,52,6" doraHai="98,71" who="2" fromWho="1" sc="470,0,220,-246,350,256,0,0" owari="470,7.0,-26,-63.0,606,56.0,0,0.0" /></mjloggm>