<mjloggm ver="2.3"><GO type="185" lobby="0"/><UN n0="%E5%BD%A9%E3%83%B6%E4%BA%AD" n1="%E3%81%99%E3%81%8D%E3%81%BE%E5%A6%96%E6%80%AA" n2="%E3%81%A4%E3%81%8F%E3%81%AD%E3%82%93%32" n3="" dan="16,16,17,0" rate="2139.41,2106.91,2261.64,1500.00" sx="M,M,M,C"/><TAIKYOKU oya="0"/><INIT seed="0,0,0,0,3,113" ten="350,350,350,0" oya="0" hai0="132,79,55,100,83,81,98,52,109,105,78,49,87" hai1="71,85,91,86,117,99,43,70,130,56,133,118,61" hai2="74,66,75,39,88,131,106,58,112,41,114,54,125" hai3=""/><T92/><D132/><U37/><E130/><V35/><F35/><T111/><D105/><U69/><E133/><V44/><F106/><T42/><D42/><U95/><E37/><V34/><F34/><T48/><D48/><U129/><E43/><V36/><F131/><T60/><D60/><U62/><E129/><V76/><F75/><T0/><D0/><U115/><E115/><V104/><F104/><T40/><D40/><U82/><E86/><V45/><F76/><T103/><D103/><U51/><E51/><V64/><F74/><T135/><D135/><U93/><E93/><V57/><F41/><T38/><D38/><U67/><REACH who="1" step="1"/><E62/><REACH who="1" ten="350,340,350,0" step="2"/><V2/><F36/><T84/><REACH who="0" step="1"/><D49/><REACH who="0" ten="340,340,350,0" step="2"/><U116/><E116/><V33/><F39/><T3/><D3/><U107/><E107/><V120/><F2/><T80/><D80/><U121/><N who="1" m="31008" /><U134/><E134/><V50/><F50/><T101/><D101/><AGARI ba="0,2" hai="56,61,67,69,70,71,82,85,91,95,99,101,117,118" m="31008" machi="101" ten="40,8000,1" yaku="1,1,52,3,53,0" doraHai="113" doraHaiUra="110" who="1" fromWho="0" sc="340,-80,340,100,350,0,0,0" /><INIT seed="1,0,0,4,2,49" ten="260,440,350,0" oya="1" hai0="128,106,54,112,64,89,120,59,62,43,92,39,118" hai1="131,70,91,46,40,130,97,66,0,103,41,102,65" hai2="88,122,124,115,60,35,100,110,119,86,37,107,33" hai3=""/><U82/><E0/><V95/><N who="2" m="31264" /><V129/><F119/><T58/><N who="0" m="30752" /><T61/><D112/><U52/><E82/><V81/><F115/><T98/><D118/><U135/><E135/><V84/><F37/><T126/><D128/><N who="1" m="49195" /><E91/><V90/><F129/><T93/><D126/><U44/><E102/><V85/><F85/><T75/><D75/><U134/><E134/><V68/><F124/><T80/><D106/><U123/><N who="1" m="31520" /><U132/><E132/><V36/><F36/><T87/><REACH who="0" step="1"/><D98/><REACH who="0" ten="250,440,350,0" step="2"/><U45/><E97/><V108/><F107/><T72/><D72/><U55/><E103/><V79/><F100/><T67/><D67/><N who="1" m="25611" /><E70/><V96/><F68/><T2/><D2/><U50/><E50/><V116/><F116/><T56/><D56/><U117/><E117/><V109/><REACH who="2" step="1"/><F60/><REACH who="2" ten="250,440,340,0" step="2"/><T101/><D101/><U71/><E71/><V32/><F32/><T125/><D125/><U114/><E114/><V53/><F53/><AGARI ba="0,2" hai="40,41,44,45,46,52,53,55" m="25611,31520,49195" machi="53" ten="40,24000,3" yaku="28,2,19,1,34,2,52,4,54,1" doraHai="49" who="1" fromWho="2" sc="250,0,440,260,340,-240,0,0" /><INIT seed="1,1,0,0,3,43" ten="250,700,100,0" oya="1" hai0="116,62,92,118,2,79,47,59,101,108,70,115,51" hai1="91,75,3,113,77,125,39,61,60,107,83,64,127" hai2="104,1,71,58,56,97,126,117,65,85,57,123,36" hai3=""/><U84/><E3/><V120/><N who="2" m="30752" /><V66/><N who="2" m="31520" /><V130/><F1/><T109/><D79/><U67/><E39/><V124/><F85/><T54/><D92/><U111/><E113/><V49/><F36/><T34/><D101/><U42/><E42/><V132/><F117/><N who="0" m="45162" /><D34/><U38/><E38/><V63/><F66/><T90/><D90/><U55/><E107/><V128/><F49/><T87/><D87/><U134/><E134/><V73/><F73/><T0/><D115/><U122/><N who="1" m="31264" /><U46/><E111/><N who="0" m="42569" /><D70/><U100/><E100/><V78/><F78/><T129/><D129/><N who="2" m="49770" /><F132/><T44/><D44/><U50/><E75/><V103/><AGARI ba="1,0" hai="56,57,58,63,65,71,97,103,104,124,126" m="49770,31520,30752" machi="103" ten="40,3900,0" yaku="19,1,52,2" doraHai="43" who="2" fromWho="2" sc="250,-14,700,-27,100,41,0,0" /><INIT seed="2,0,0,5,3,86" ten="236,673,141,0" oya="2" hai0="125,3,123,33,95,37,96,126,104,107,77,2,114" hai1="41,134,1,57,106,51,118,99,111,73,32,108,48" hai2="124,70,44,109,127,80,122,100,46,55,110,92,49" hai3=""/><V64/><N who="2" m="31264" /><V102/><F80/><T81/><N who="0" m="31520" /><T53/><D37/><U90/><E73/><V54/><F92/><T43/><D43/><U132/><E1/><N who="0" m="9" /><D53/><U103/><E32/><V69/><F64/><T65/><D65/><U98/><E118/><V45/><F44/><T35/><D114/><U119/><E119/><V39/><REACH who="2" step="1"/><F49/><REACH who="2" ten="236,673,131,0" step="2"/><T82/><D82/><U59/><E48/><V130/><F130/><T93/><D93/><U112/><E51/><V116/><F116/><T38/><D38/><AGARI ba="0,1" hai="38,39,45,46,54,55,69,70,100,102,109,110,124,127" m="31264" machi="38" ten="25,18000,2" yaku="1,1,22,2,52,1,53,2" doraHai="86" doraHaiUra="66" who="2" fromWho="0" sc="236,-180,673,0,131,190,0,0" /><INIT seed="2,1,0,4,5,75" ten="56,673,321,0" oya="2" hai0="45,106,44,43,117,98,78,85,130,116,94,71,134" hai1="122,87,101,114,127,37,39,86,99,112,92,66,3" hai2="82,107,68,133,57,64,61,135,124,96,63,54,1" hai3=""/><V97/><F1/><T83/><D130/><U42/><N who="1" m="31264" /><U90/><E3/><V60/><F124/><T113/><D134/><N who="2" m="51210" /><F107/><T59/><D71/><U120/><N who="1" m="30752" /><U103/><E127/><V79/><F61/><T53/><D113/><U38/><E42/><V32/><F32/><T58/><D58/><U132/><E132/><V49/><F63/><T89/><D106/><U74/><E74/><AGARI ba="1,0" hai="49,54,57,60,64,68,74,79,82,96,97" m="51210" machi="74" ten="30,2900,0" yaku="20,1,52,1" doraHai="75" who="2" fromWho="1" sc="56,0,673,-31,321,31,0,0" /><INIT seed="2,2,0,5,3,96" ten="56,642,352,0" oya="2" hai0="105,44,61,63,87,131,78,109,51,100,124,86,95" hai1="56,126,37,42,91,115,49,94,1,125,112,55,76" hai2="38,106,79,59,123,71,40,77,99,33,119,93,82" hai3=""/><V121/><N who="2" m="31008" /><V32/><N who="2" m="31520" /><V68/><F119/><T98/><D109/><U120/><N who="1" m="30752" /><U36/><E76/><V97/><F106/><T74/><D131/><U118/><E1/><V54/><F40/><T130/><D130/><U81/><E81/><V107/><F38/><T113/><D113/><U3/><E3/><V48/><F107/><T129/><D129/><U128/><E128/><V46/><F59/><T69/><D124/><N who="1" m="47723" /><E118/><V57/><F46/><T62/><D69/><U92/><E42/><V41/><F41/><T134/><D134/><U110/><E110/><V122/><N who="2" m="31264" /><V114/><F99/><T52/><REACH who="0" step="1"/><D105/><REACH who="0" ten="46,642,352,0" step="2"/><U60/><E115/><V39/><F114/><T2/><D2/><U116/><E112/><V70/><F39/><T127/><D127/><U102/><E37/><V72/><REACH who="2" step="1"/><F79/><REACH who="2" ten="46,642,342,0" step="2"/><T90/><D90/><AGARI ba="2,2" hai="32,33,48,54,57,68,70,71,72,77,82,90,93,97" m="31264,31520,31008" machi="90" ten="40,12000,1" yaku="1,1,2,1,52,3,53,0" doraHai="96" doraHaiUra="101" who="2" fromWho="0" sc="46,-124,642,0,342,144,0,0" owari="-78,-68.0,642,59.0,486,9.0,0,0.0" /></mjloggm>