<mjloggm ver="2.3"><GO type="185" lobby="0"/><UN n0="%E3%82%BF%E3%83%AD%E3%81%95" n1="%E6%A2%B6%E9%9A%86%E8%87%A3" n2="%E3%83%84%E3%83%BC%E3%82%A2%E3%82%A6%E3%83%88" n3="" dan="16,17,16,0" rate="2097.71,2259.67,2103.62,1500.00" sx="M,M,M,C"/><TAIKYOKU oya="0"/><INIT seed="0,0,0,3,2,1" ten="350,350,350,0" oya="0" hai0="123,71,41,128,62,47,63,107,79,96,73,72,116" hai1="44,69,70,134,90,119,77,133,33,37,94,74,56" hai2="135,98,105,58,50,68,64,48,132,110,53,91,103" hai3=""/><T61/><N who="0" m="31520" /><T83/><D116/><U131/><E119/><V87/><F110/><T35/><D128/><U32/><E131/><V122/><N who="2" m="31264" /><V115/><F115/><T55/><D71/><N who="1" m="27147" /><E56/><V42/><F68/><T102/><D35/><N who="1" m="13387" /><E90/><V40/><F64/><T51/><REACH who="0" step="1"/><D72/><REACH who="0" ten="340,350,350,0" step="2"/><U101/><E94/><V121/><N who="2" m="31008" /><V39/><F39/><T130/><D130/><U46/><E101/><V82/><REACH who="2" step="1"/><F50/><REACH who="2" ten="340,350,340,0" step="2"/><T0/><D0/><U86/><E37/><V93/><F93/><T57/><AGARI ba="0,2" hai="41,47,51,55,57,61,62,63,73,79,83,96,102,107" m="31520" machi="57" ten="30,4000,0" yaku="1,1,0,1,52,1,53,0" doraHai="1" doraHaiUra="66" who="0" fromWho="0" sc="340,60,350,-20,340,-20,0,0" /><INIT seed="0,1,0,4,5,77" ten="400,330,320,0" oya="0" hai0="1,33,50,95,135,128,69,72,82,113,110,32,109" hai1="125,120,64,74,61,54,87,93,130,118,97,76,63" hai2="80,73,3,39,85,117,71,88,83,34,89,114,104" hai3=""/><T129/><D113/><U105/><N who="1" m="30752" /><U40/><E118/><V102/><F3/><T75/><D95/><U65/><E130/><N who="0" m="50281" /><D135/><U37/><E125/><V45/><F34/><N who="0" m="13418" /><D1/><U99/><E74/><N who="0" m="28201" /><D50/><U119/><E119/><V91/><F117/><T38/><D82/><U112/><E112/><V133/><F114/><T53/><D53/><U67/><E54/><V52/><F133/><T111/><D69/><U86/><E105/><V57/><F71/><T79/><D79/><U62/><E76/><V127/><F127/><T48/><D48/><U42/><E37/><AGARI ba="1,0" hai="37,38,109,110,111" m="28201,13418,50281" machi="37" ten="50,18000,2" yaku="28,2,14,1,10,1,19,1,31,2" doraHai="77" who="0" fromWho="1" sc="400,182,330,-182,320,0,0,0" /><INIT seed="0,2,0,4,0,113" ten="582,148,320,0" oya="0" hai0="98,57,68,128,32,132,78,93,47,2,51,83,73" hai1="56,88,48,117,50,45,109,84,65,49,126,107,43" hai2="125,95,90,67,114,37,75,79,85,39,96,100,76" hai3=""/><T66/><D32/><U110/><E107/><V71/><F114/><T101/><D132/><U70/><E126/><V41/><F125/><T69/><D128/><U99/><E99/><V40/><F67/><T38/><D38/><U121/><N who="1" m="31008" /><U36/><E70/><V81/><F71/><T54/><D2/><U103/><E103/><V119/><F119/><T89/><D66/><U118/><E65/><V124/><F124/><T111/><D111/><N who="1" m="42507" /><E56/><V72/><F39/><T112/><D112/><U53/><E53/><V64/><F37/><T63/><D101/><U105/><E105/><V59/><F59/><T123/><N who="0" m="31520" /><T122/><N who="0" m="31264" /><T62/><REACH who="0" step="1"/><D62/><REACH who="0" ten="572,148,320,0" step="2"/><U135/><E135/><V33/><F64/><T108/><D108/><U0/><E0/><V61/><F61/><T80/><D80/><AGARI ba="2,1" hai="36,43,45,48,49,50,80,84,88,117,118" m="42507,31008" machi="80" ten="30,8000,1" yaku="14,1,52,3,54,1" doraHai="113" who="1" fromWho="0" sc="572,-84,148,94,320,0,0,0" /><INIT seed="1,0,0,1,3,117" ten="488,242,320,0" oya="1" hai0="134,2,39,126,84,59,127,48,83,52,94,121,123" hai1="61,99,78,63,0,66,112,44,38,111,33,53,49" hai2="132,124,32,96,101,82,118,92,41,36,93,79,55" hai3=""/><U128/><E0/><V54/><F32/><T46/><N who="0" m="31008" /><T43/><N who="0" m="31520" /><T73/><D134/><U103/><E33/><V75/><F118/><T90/><D2/><U72/><E112/><V42/><F132/><T89/><REACH who="0" step="1"/><D73/><REACH who="0" ten="478,242,320,0" step="2"/><U88/><E128/><V74/><F74/><T104/><D104/><U116/><E116/><V57/><F75/><T91/><D91/><U45/><E111/><V135/><F79/><T77/><D77/><U131/><E131/><V100/><F135/><T69/><D69/><U1/><E1/><V56/><F101/><T67/><D67/><U108/><E108/><V40/><F100/><T3/><D3/><U37/><E72/><V129/><F129/><T105/><D105/><U119/><E78/><V81/><F36/><T34/><D34/><U97/><E119/><V64/><F64/><T98/><AGARI ba="0,1" hai="39,43,46,48,52,59,83,84,89,90,94,98,126,127" m="31520,31008" machi="98" ten="30,9000,2" yaku="1,1,0,1,52,4,54,1,53,0" doraHai="117" doraHaiUra="62" who="0" fromWho="0" sc="478,100,242,-60,320,-30,0,0" /><INIT seed="2,0,0,5,0,79" ten="578,182,290,0" oya="2" hai0="117,123,40,0,130,87,82,78,62,65,81,71,51" hai1="115,126,118,33,38,86,104,114,125,93,64,3,41" hai2="92,60,84,89,74,106,120,132,70,103,133,48,127" hai3=""/><V73/><N who="2" m="30752" /><V80/><F48/><T53/><N who="0" m="31520" /><T107/><D117/><U91/><E3/><V112/><F70/><T69/><D107/><U66/><E33/><V116/><F60/><T99/><D130/><U122/><N who="1" m="31264" /><U85/><E104/><V102/><F116/><T50/><D0/><U47/><E118/><V128/><F112/><N who="1" m="43049" /><E86/><V76/><F128/><T90/><D99/><U72/><E72/><N who="2" m="27755" /><F127/><AGARI ba="0,0" hai="38,41,47,64,66,85,91,93,125,126,127" m="43049,31264" machi="127" ten="30,2000,0" yaku="18,1,52,1" doraHai="79" who="1" fromWho="2" sc="578,0,182,20,290,-20,0,0" /><INIT seed="4,0,0,3,4,132" ten="578,202,270,0" oya="0" hai0="78,80,117,96,126,47,120,98,110,70,133,97,104" hai1="83,81,40,121,44,105,56,114,32,122,86,46,49" hai2="77,116,38,68,41,106,34,91,115,129,37,124,36" hai3=""/><T101/><N who="0" m="30752" /><T39/><D117/><U100/><N who="1" m="31008" /><U51/><N who="1" m="31264" /><U42/><E32/><V90/><F34/><T112/><D133/><U75/><E114/><V88/><F116/><T33/><D33/><U92/><E75/><V0/><F115/><T119/><D119/><U134/><E134/><V125/><F0/><T87/><D70/><U93/><E105/><V108/><F106/><T99/><D112/><U53/><E100/><V72/><F68/><T103/><D110/><U61/><REACH who="1" step="1"/><E83/><REACH who="1" ten="578,192,270,0" step="2"/><V45/><F108/><T50/><D103/><U58/><E58/><V84/><F72/><T128/><D128/><U95/><E95/><V135/><F129/><T127/><REACH who="0" step="1"/><D39/><REACH who="0" ten="568,192,270,0" step="2"/><U123/><N who="1" m="31520" /><U65/><E65/><V43/><F135/><T130/><D130/><U89/><AGARI ba="0,2" hai="40,42,44,46,49,51,53,56,61,81,86,89,92,93" m="31520,31264,31008" machi="89" ten="20,12000,3" yaku="1,1,0,1,7,1,9,1,8,1,52,3,53,0" doraHai="132" doraHaiUra="131" who="1" fromWho="1" sc="568,-80,192,140,270,-40,0,0" /><INIT seed="5,0,0,3,0,88" ten="488,332,230,0" oya="1" hai0="109,53,38,76,90,112,59,78,125,104,55,108,101" hai1="74,48,135,128,111,58,130,37,106,121,79,120,115" hai2="62,97,122,89,69,41,86,45,107,129,56,35,64" hai3=""/><U63/><N who="1" m="30752" /><U110/><N who="1" m="31008" /><U73/><E106/><V57/><N who="2" m="31264" /><V93/><F129/><N who="1" m="49769" /><E37/><V132/><F132/><T134/><D112/><U50/><E135/><V1/><F1/><T32/><D38/><U54/><E115/><V77/><F35/><T66/><D32/><U51/><E79/><V92/><F107/><T36/><D36/><U75/><AGARI ba="0,0" hai="48,50,51,54,58,63,73,74,75,110,111" m="49769,31008,30752" machi="75" ten="40,5200,0" yaku="19,1,52,2" doraHai="88" who="1" fromWho="1" sc="488,-26,332,52,230,-26,0,0" /><INIT seed="5,1,0,5,0,77" ten="462,384,204,0" oya="1" hai0="83,133,101,126,57,116,105,50,74,80,122,79,104" hai1="100,69,72,61,90,41,73,130,1,93,62,63,40" hai2="71,124,65,44,84,38,106,98,88,112,70,66,110" hai3=""/><U78/><E1/><V2/><F2/><T132/><N who="0" m="31264" /><T68/><D68/><U94/><E69/><V135/><F110/><T3/><D3/><U129/><E100/><V60/><F112/><T128/><D116/><U36/><E36/><V107/><F124/><T114/><D114/><U117/><E117/><V91/><F135/><N who="0" m="51786" /><D128/><N who="1" m="49259" /><E94/><V37/><F44/><T92/><D126/><U58/><E58/><V64/><F71/><T48/><D48/><U108/><E108/><V34/><F34/><T42/><D83/><U111/><E111/><V59/><F70/><T32/><D32/><U96/><E73/><V99/><F38/><T52/><D42/><U53/><E53/><V85/><F37/><T54/><D54/><U131/><N who="1" m="49267" /><U102/><DORA hai="121" /><E102/><V35/><F35/><T0/><D0/><U67/><E67/><V43/><F43/><T127/><D127/><U134/><E134/><V86/><F66/><T119/><D119/><U97/><E41/><V123/><N who="2" m="31520" /><V115/><F64/><T45/><D57/><U39/><E39/><V46/><F115/><T56/><D56/><U118/><E118/><V113/><F113/><T82/><D101/><U87/><E40/><V49/><F65/><T103/><D52/><RYUUKYOKU ba="1,0" sc="462,-10,384,20,204,-10,0,0" hai1="61,62,63,72,78,87,90,93,96,97" /><INIT seed="5,2,0,1,0,50" ten="452,404,194,0" oya="1" hai0="78,128,117,81,54,84,37,98,71,76,127,38,53" hai1="73,125,65,126,66,113,63,106,36,115,68,52,119" hai2="93,99,56,100,48,51,1,67,118,91,104,97,101" hai3=""/><U42/><E73/><V58/><F118/><T69/><D127/><N who="1" m="48651" /><E106/><V2/><F91/><T33/><D33/><U32/><E32/><V35/><F35/><T87/><D128/><U61/><E119/><V0/><F67/><T72/><D72/><U40/><E52/><V41/><F41/><N who="1" m="15977" /><E36/><V47/><REACH who="2" step="1"/><F47/><REACH who="2" ten="452,404,184,0" step="2"/><T85/><D117/><U39/><E39/><V110/><F110/><T123/><N who="0" m="31520" /><T45/><D38/><U96/><E96/><V70/><F70/><AGARI ba="2,1" hai="61,63,65,66,68,70,113,115" m="15977,48651" machi="70" ten="30,5800,0" yaku="18,1,34,2" doraHai="50" who="1" fromWho="2" sc="452,0,404,72,184,-62,0,0" /><INIT seed="5,3,0,2,0,111" ten="452,476,122,0" oya="1" hai0="47,88,37,99,36,32,67,116,109,82,39,63,75" hai1="68,79,107,134,121,62,126,123,71,110,93,104,58" hai2="125,117,1,100,51,130,122,131,0,86,97,133,90" hai3=""/><U112/><N who="1" m="31008" /><U78/><N who="1" m="31520" /><U50/><E110/><V74/><N who="2" m="31264" /><V76/><F51/><T103/><D109/><U66/><E112/><V113/><F117/><T129/><D129/><N who="2" m="49162" /><F125/><T124/><D124/><U80/><E126/><V40/><F40/><T70/><D32/><U65/><E134/><V64/><F64/><T94/><D116/><U98/><E79/><V114/><F133/><T35/><D35/><U48/><E66/><V106/><F76/><T115/><D115/><N who="2" m="44042" /><F74/><T46/><D75/><U128/><E128/><V95/><AGARI ba="3,0" hai="0,1,86,90,95,97,100,106" m="44042,49162,31264" machi="95" ten="30,9000,2" yaku="19,1,15,1,11,1,52,4" doraHai="111" who="2" fromWho="2" sc="452,-33,476,-63,122,96,0,0" /><INIT seed="6,0,0,1,3,78" ten="419,413,218,0" oya="2" hai0="45,135,46,59,56,50,65,85,119,127,73,71,134" hai1="98,118,133,44,2,38,40,111,54,120,103,116,42" hai2="64,62,121,114,122,80,82,126,81,128,86,49,32" hai3=""/><V84/><N who="2" m="31008" /><V95/><N who="2" m="31264" /><V106/><F32/><T112/><D119/><N who="1" m="45611" /><E111/><V34/><F34/><T102/><D73/><U57/><N who="1" m="30752" /><U79/><E133/><N who="0" m="50697" /><D127/><U105/><E42/><V97/><F126/><T99/><D112/><U125/><E79/><V55/><F114/><T107/><D85/><U113/><E125/><V100/><F128/><T104/><D104/><U67/><E113/><V123/><N who="2" m="31520" /><V37/><F37/><T53/><D71/><U36/><E38/><V70/><REACH who="2" step="1"/><F106/><REACH who="2" ten="419,413,208,0" step="2"/><T131/><D131/><U88/><E36/><V132/><F132/><T33/><D33/><U94/><E105/><V89/><F89/><T69/><D69/><U39/><E88/><V66/><F66/><T117/><D117/><U124/><E124/><V109/><F109/><T110/><D110/><U35/><E35/><V51/><F51/><T75/><D65/><U93/><E67/><V130/><F130/><T101/><D107/><U91/><E91/><V115/><F115/><T52/><D50/><U68/><E39/><V108/><F108/><T76/><D76/><U48/><E48/><V3/><F3/><T1/><D1/><U92/><E2/><V74/><F74/><T43/><D75/><U77/><E77/><RYUUKYOKU ba="0,1" sc="419,-10,413,-10,208,20,0,0" hai2="49,55,62,64,70,80,81,82,84,86,95,97,100" /><INIT seed="6,1,1,5,2,99" ten="409,403,228,0" oya="2" hai0="101,41,94,69,79,45,46,108,61,71,135,92,115" hai1="96,51,34,47,62,76,60,93,132,67,102,128,88" hai2="121,42,68,116,129,134,36,48,35,83,103,130,90" hai3=""/><V1/><N who="2" m="31008" /><V70/><F1/><T3/><D108/><U126/><E34/><V100/><F35/><T52/><D135/><U87/><E128/><N who="2" m="49259" /><F134/><T125/><D125/><U33/><E33/><V44/><F116/><T119/><D119/><U95/><E132/><V39/><F90/><T54/><D115/><U104/><E126/><V53/><F83/><T117/><D79/><U113/><E76/><V78/><F78/><T97/><D117/><U73/><E73/><V2/><F2/><T74/><D74/><U37/><E37/><N who="2" m="14411" /><F42/><T107/><D3/><U80/><E113/><V56/><F56/><T0/><D0/><U38/><E80/><V86/><F86/><T63/><D41/><U98/><E87/><V82/><F82/><T64/><D46/><U89/><E47/><V57/><F57/><T77/><D45/><U122/><E89/><V123/><N who="2" m="31520" /><V81/><F81/><T120/><N who="0" m="30752" /><T133/><D77/><U32/><E88/><V65/><F65/><T111/><D133/><U59/><E32/><V40/><F40/><T43/><D43/><U66/><E67/><V127/><F127/><T72/><D64/><U58/><E66/><V124/><F124/><T114/><D114/><U109/><E122/><RYUUKYOKU ba="1,1" sc="409,-10,403,-10,228,20,0,0" hai2="44,48,53,68,70,100,103" /><INIT seed="6,2,1,2,2,83" ten="399,393,248,0" oya="2" hai0="98,70,47,3,104,55,77,76,54,102,87,88,72" hai1="117,94,127,63,58,122,118,126,78,60,66,116,85" hai2="42,37,134,108,120,41,39,89,53,99,110,2,130" hai3=""/><V52/><N who="2" m="30752" /><V32/><F2/><T71/><D3/><U67/><N who="1" m="31264" /><U36/><E36/><N who="2" m="13899" /><F99/><T44/><D72/><U111/><E111/><N who="2" m="42539" /><F89/><T65/><D65/><U121/><N who="1" m="31008" /><U80/><E94/><V115/><F32/><T48/><D71/><AGARI ba="2,1" hai="58,60,63,66,67,71,78,80,85,116,117,118,126,127" m="31008,31264" machi="71" ten="40,8000,1" yaku="12,1,52,3" doraHai="83" who="1" fromWho="0" sc="399,-84,393,94,248,0,0,0" owari="315,-8.0,487,43.0,248,-35.0,0,0.0" /></mjloggm>