<mjloggm ver="2.3"><GO type="185" lobby="0"/><UN n0="%E3%83%AA%E3%82%B3%E3%83%BB%E3%83%90%E3%83%B3%E3%83%87%E3%83%A9%E3%82%B9" n1="%E6%A8%BD%E3%81%AA%E3%81%AE%E5%A3%8A%E3%81%95%E3%81%AA%E3%81%84%E3%81%A7" n2="%E4%B8%96%E7%9B%B4%E3%81%97%E4%BA%BA" n3="" dan="16,16,17,0" rate="2200.30,2190.21,2268.21,1500.00" sx="M,M,M,C"/><TAIKYOKU oya="0"/><INIT seed="0,0,0,0,3,94" ten="350,350,350,0" oya="0" hai0="110,129,95,73,84,135,113,118,80,104,45,35,108" hai1="89,111,66,75,65,101,124,57,119,0,64,34,36" hai2="54,83,97,79,37,102,107,60,87,86,122,59,90" hai3=""/><T52/><D35/><U98/><E34/><V121/><REACH who="2" step="1"/><F37/><REACH who="2" ten="350,350,340,0" step="2"/><T56/><D110/><U115/><E36/><V81/><AGARI ba="0,1" hai="54,59,60,79,81,83,86,87,90,97,102,107,121,122" machi="81" ten="20,9000,2" yaku="21,2,2,1,0,1,7,1,52,1,53,1" doraHai="94" doraHaiUra="50" who="2" fromWho="2" sc="350,-60,350,-30,340,100,0,0" /><INIT seed="1,0,0,4,5,114" ten="290,320,440,0" oya="1" hai0="39,101,75,132,119,103,34,73,113,84,91,107,121" hai1="100,62,76,33,52,83,77,54,122,46,72,2,129" hai2="111,89,134,56,59,57,43,112,70,35,93,133,92" hai3=""/><U3/><N who="1" m="31264" /><U69/><E33/><V45/><F35/><T108/><N who="0" m="31008" /><T110/><D34/><U49/><E129/><V36/><F70/><T99/><D39/><U1/><E100/><V106/><F106/><T48/><D113/><U74/><E69/><V68/><F112/><T97/><D48/><U42/><E62/><V82/><F68/><T67/><D67/><U81/><AGARI ba="0,0" hai="1,2,3,42,46,49,52,54,72,74,76,77,81,83" m="31264" machi="81" ten="40,8000,1" yaku="0,1,9,1,52,1,54,1" doraHai="114" who="1" fromWho="1" sc="290,-40,320,80,440,-40,0,0" /><INIT seed="1,1,0,4,3,114" ten="250,400,400,0" oya="1" hai0="53,98,38,81,36,41,39,102,111,70,87,55,105" hai1="108,73,85,56,40,33,34,130,54,61,90,134,109" hai2="48,60,62,95,135,122,47,49,52,132,83,68,128" hai3=""/><U72/><E40/><V93/><N who="2" m="31264" /><V78/><F128/><T35/><D35/><U3/><E3/><V37/><F37/><T46/><D70/><U129/><E134/><N who="2" m="51243" /><F49/><T79/><REACH who="0" step="1"/><D111/><REACH who="0" ten="240,400,400,0" step="2"/><N who="1" m="42571" /><E34/><V65/><F62/><T91/><D91/><U1/><E33/><V69/><F69/><T118/><D118/><U0/><E0/><V100/><F100/><T57/><D57/><U63/><E1/><V50/><F50/><AGARI ba="1,1" hai="36,38,39,41,46,50,53,55,79,81,87,98,102,105" machi="50" ten="40,1300,0" yaku="1,1,53,0" doraHai="114" doraHaiUra="127" who="0" fromWho="2" sc="240,25,400,0,400,-15,0,0" /><INIT seed="2,0,0,5,2,129" ten="265,400,385,0" oya="2" hai0="89,79,54,113,106,37,73,109,125,101,43,76,120" hai1="86,1,128,133,88,84,59,53,114,117,62,81,71" hai2="94,0,132,33,41,91,47,67,123,64,85,40,135" hai3=""/><V35/><N who="2" m="31520" /><V96/><F0/><T98/><N who="0" m="30752" /><T103/><D109/><U63/><E1/><V61/><F96/><T75/><D125/><U105/><E114/><V78/><F78/><N who="0" m="29738" /><D43/><N who="2" m="16458" /><F47/><T82/><D37/><U126/><E126/><V99/><F99/><T87/><D54/><U93/><E105/><V36/><F36/><T45/><D45/><U50/><E128/><V48/><F48/><T121/><N who="0" m="31008" /><T110/><D110/><U130/><E130/><V65/><F61/><T52/><D52/><U68/><E117/><V115/><F115/><T32/><D32/><U116/><E116/><V49/><F49/><T111/><D111/><U131/><E131/><V72/><F72/><N who="0" m="27722" /><D113/><U69/><E63/><V83/><F83/><T119/><D103/><U3/><E3/><V57/><F57/><T70/><D70/><U124/><E124/><V51/><F51/><T80/><D119/><U44/><E44/><V95/><F35/><T100/><D100/><U46/><E46/><V112/><F33/><T60/><D60/><U38/><E38/><V42/><F112/><T74/><N who="0" m="27730" /><T118/><DORA hai="127" /><D118/><U97/><E62/><V39/><F39/><T134/><D82/><U56/><E81/><V104/><F42/><RYUUKYOKU ba="0,0" sc="265,20,400,-10,385,-10,0,0" hai0="80,87,89,98,101,106,134" /><INIT seed="4,1,0,4,3,41" ten="285,390,375,0" oya="0" hai0="2,70,91,43,110,65,45,122,87,116,49,103,113" hai1="92,72,55,130,109,42,108,33,119,35,66,60,75" hai2="82,117,97,126,58,39,32,34,81,99,95,79,53" hai3=""/><T112/><N who="0" m="31264" /><T61/><D2/><U83/><E119/><V67/><F117/><T133/><D116/><U106/><E106/><V51/><F126/><T63/><D133/><U94/><E130/><V71/><F39/><T1/><D1/><U50/><E42/><V54/><F97/><T100/><D63/><U129/><E129/><V37/><F37/><T76/><D76/><U128/><E128/><V89/><F82/><T74/><D74/><U127/><E127/><V93/><F93/><T59/><D70/><U114/><E114/><N who="0" m="44137" /><D110/><U124/><E124/><V0/><F0/><T90/><D90/><U78/><E72/><V68/><F71/><T104/><D104/><U84/><E109/><V77/><F77/><T102/><D102/><U101/><E108/><V47/><F68/><T3/><D3/><U131/><E131/><V36/><F79/><T64/><D64/><U62/><E75/><V40/><F67/><T107/><D107/><U120/><N who="1" m="30752" /><U105/><E105/><V118/><F118/><T69/><D69/><U125/><E125/><V135/><F135/><T123/><N who="0" m="31520" /><T80/><AGARI ba="1,0" hai="43,45,49,59,61,65,80,87,91,100,103" m="31520,44137,31264" machi="80" ten="30,8000,1" yaku="4,1,15,1,52,3" doraHai="41" who="0" fromWho="0" sc="285,82,390,-41,375,-41,0,0" /><INIT seed="4,2,0,0,0,87" ten="367,349,334,0" oya="0" hai0="131,121,80,99,100,125,112,88,134,75,129,46,54" hai1="48,111,40,107,78,126,81,76,41,60,104,91,128" hai2="33,120,42,74,70,36,37,102,69,84,51,66,97" hai3=""/><T32/><N who="0" m="31008" /><T57/><D32/><U73/><E111/><V61/><N who="2" m="30752" /><V56/><F74/><T82/><D112/><U83/><E128/><N who="0" m="49225" /><D125/><U45/><E126/><V132/><F33/><T68/><D68/><U44/><E60/><V109/><F109/><T135/><D46/><U47/><E91/><V59/><F132/><N who="0" m="50730" /><D75/><U127/><E127/><V116/><F70/><T103/><D88/><U39/><E47/><V65/><F69/><T123/><N who="0" m="31520" /><T118/><D118/><U122/><N who="1" m="31264" /><U53/><E41/><V95/><F116/><T108/><D108/><U94/><E78/><V35/><F35/><T38/><D38/><U105/><E83/><N who="0" m="31785" /><D99/><U62/><E39/><V133/><F133/><T106/><D106/><U3/><E45/><V79/><F37/><T0/><D0/><U1/><E94/><V96/><F36/><T93/><D93/><U2/><E2/><V130/><F130/><T77/><D77/><U49/><E3/><V119/><F119/><T114/><D114/><U55/><E1/><V71/><F71/><T85/><D85/><U63/><E40/><V110/><F110/><T90/><D90/><U89/><E89/><V43/><F79/><T50/><AGARI ba="2,0" hai="50,54,57,100,103" m="31785,31520,50730,49225,31008" machi="50" ten="40,8000,1" yaku="19,1,20,1,52,2" doraHai="87" who="0" fromWho="0" sc="367,84,349,-42,334,-42,0,0" /><INIT seed="4,3,0,3,1,135" ten="451,307,292,0" oya="0" hai0="129,131,0,1,125,77,84,35,104,82,86,92,89" hai1="88,101,124,46,57,76,55,70,44,94,49,80,134" hai2="120,52,119,103,100,127,40,68,113,38,117,78,114" hai3=""/><T85/><D35/><U90/><E70/><V54/><N who="2" m="30752" /><V133/><F68/><T91/><D104/><U130/><E134/><V96/><F133/><T123/><N who="0" m="31520" /><T41/><D41/><U34/><E34/><V64/><F64/><T56/><D56/><U62/><E130/><N who="0" m="49673" /><D125/><U105/><E124/><V112/><F127/><T37/><D37/><U50/><E105/><V108/><F108/><T58/><D58/><U51/><E101/><N who="2" m="38987" /><F96/><T42/><D42/><U72/><REACH who="1" step="1"/><E90/><REACH who="1" ten="451,297,292,0" step="2"/><V111/><F111/><T53/><D1/><U83/><E83/><V45/><F78/><T109/><D0/><U122/><N who="1" m="31264" /><U102/><E102/><V60/><F60/><T3/><D3/><U48/><N who="1" m="12288" /><DORA hai="79" /><U32/><E32/><V93/><F93/><T69/><D109/><U128/><E128/><V61/><F61/><T97/><D69/><U33/><E33/><V99/><F99/><AGARI ba="3,1" hai="44,46,55,57,62,72,76,80,88,94,99" m="12288,31264" machi="99" ten="50,8000,1" yaku="1,1,52,2,54,1,53,1" doraHai="135,79" doraHaiUra="87,66" who="1" fromWho="2" sc="451,0,297,96,292,-86,0,0" /><INIT seed="5,0,0,1,0,71" ten="451,393,206,0" oya="1" hai0="3,110,58,69,134,90,37,56,1,65,86,117,33" hai1="81,101,94,32,84,92,60,116,76,130,70,49,66" hai2="55,80,61,53,127,99,129,34,54,120,123,72,45" hai3=""/><U95/><E116/><V102/><N who="2" m="30752" /><V121/><N who="2" m="31008" /><V51/><N who="2" m="31520" /><V108/><F108/><T52/><D110/><U115/><E32/><V128/><F34/><T111/><D111/><U47/><E115/><V59/><F127/><T87/><D33/><U73/><E130/><N who="2" m="50283" /><F80/><T43/><D117/><U2/><E2/><V132/><F72/><T42/><D69/><U126/><E126/><V0/><F0/><T63/><D87/><U82/><E101/><V48/><F132/><T96/><D96/><U103/><E103/><V114/><F114/><T35/><D134/><U40/><REACH who="1" step="1"/><E82/><REACH who="1" ten="451,383,206,0" step="2"/><V104/><F51/><T93/><D35/><U97/><E97/><V50/><F50/><T100/><D3/><U36/><E36/><V107/><F107/><T75/><D1/><U124/><E124/><V39/><F39/><T119/><D119/><U62/><E62/><V77/><F77/><T91/><D63/><U41/><E41/><AGARI ba="0,1" hai="41,45,48,53,54,55,59,61,99,102,104" m="50283,31520,31008,30752" machi="41" ten="30,7700,0" yaku="19,1,52,3" doraHai="71" who="2" fromWho="1" sc="451,0,383,-77,206,87,0,0" /><INIT seed="6,0,0,2,5,103" ten="451,306,293,0" oya="2" hai0="38,74,46,45,48,39,135,78,77,105,41,66,88" hai1="133,76,120,123,126,122,32,50,127,84,131,87,62" hai2="82,110,91,112,0,43,80,49,73,134,93,96,35" hai3=""/><V69/><F35/><T117/><D117/><U51/><E32/><V130/><F0/><T56/><D105/><U116/><E116/><V121/><N who="2" m="31008" /><V101/><F69/><T118/><D118/><U52/><E133/><V60/><F134/><T119/><D119/><U61/><E131/><V94/><F130/><T47/><D135/><U70/><E70/><V124/><F112/><T54/><D74/><U64/><E64/><V42/><F124/><N who="1" m="47657" /><E50/><V104/><F110/><T2/><D66/><U132/><E132/><V40/><F60/><N who="1" m="23145" /><E76/><V36/><F36/><T98/><D39/><U57/><AGARI ba="0,0" hai="51,52,57,84,87,120,122,123" m="23145,47657" machi="57" ten="40,2000,0" yaku="18,1,54,1" doraHai="103" who="1" fromWho="1" sc="451,-7,306,20,293,-13,0,0" owari="444,39.0,326,-7.0,280,-32.0,0,0.0" /></mjloggm>