<mjloggm ver="2.3"><GO type="185" lobby="0"/><UN n0="%E3%83%A6%E3%82%A6%E3%83%8B%E3%83%A3" n1="%E3%81%B5%E3%81%96%E3%81%91%E3%82%8B%E3%83%9F%EF%BC%81" n2="%E7%B6%BE%E7%80%AC%E7%A9%82%E4%B9%83%E9%A6%99" n3="" dan="18,17,17,0" rate="2284.76,2208.39,2296.83,1500.00" sx="M,M,F,C"/><TAIKYOKU oya="0"/><INIT seed="0,0,0,3,3,34" ten="350,350,350,0" oya="0" hai0="60,109,58,88,84,123,106,124,75,42,121,134,45" hai1="96,104,128,108,80,48,97,1,92,73,33,91,37" hai2="44,64,130,103,111,61,41,46,90,36,113,74,39" hai3=""/><T57/><N who="0" m="31008" /><T120/><N who="0" m="30752" /><T93/><N who="0" m="31520" /><T122/><N who="0" m="31264" /><T131/><D106/><U86/><E37/><V118/><F74/><T116/><D116/><U135/><E1/><V55/><F103/><T63/><D75/><U129/><E33/><V59/><F90/><T0/><D0/><U127/><E48/><V112/><F130/><N who="1" m="50281" /><E135/><V101/><F101/><T119/><D119/><U125/><E108/><V89/><F89/><T110/><D131/><U47/><E47/><V3/><F3/><T115/><D115/><U65/><E65/><V52/><F111/><N who="0" m="42506" /><D124/><N who="1" m="47691" /><E104/><V83/><F118/><T77/><D134/><U105/><E105/><V100/><F112/><T66/><D77/><AGARI ba="0,0" hai="73,77,80,86,91,92,96,97" m="47691,50281" machi="77" ten="30,7700,0" yaku="19,1,18,1,34,2" doraHai="34" who="1" fromWho="0" sc="350,-77,350,77,350,0,0,0" /><INIT seed="1,0,0,5,2,69" ten="273,427,350,0" oya="1" hai0="46,130,72,123,102,88,62,36,48,47,45,93,121" hai1="81,84,74,52,70,68,53,67,113,114,109,65,120" hai2="124,101,39,2,57,97,118,127,107,90,78,128,50" hai3=""/><U82/><N who="1" m="30752" /><U103/><E103/><V122/><N who="2" m="31264" /><V60/><F118/><T129/><N who="0" m="31008" /><T59/><N who="0" m="31520" /><T125/><D72/><U77/><E109/><V86/><F2/><T133/><D102/><U134/><E134/><V51/><F78/><T117/><D117/><U33/><E33/><V44/><F128/><N who="0" m="49258" /><D133/><U100/><E100/><V85/><F85/><T116/><D116/><U76/><REACH who="1" step="1"/><E84/><REACH who="1" ten="273,417,350,0" step="2"/><V119/><F86/><T54/><D125/><U115/><E115/><V95/><F119/><T61/><D36/><U106/><E106/><V38/><F107/><T40/><D40/><U71/><E71/><V79/><F101/><T126/><D126/><U96/><E96/><AGARI ba="0,1" hai="45,46,47,48,54,59,61,62,88,93,96" m="49258,31520,31008" machi="96" ten="30,7700,0" yaku="19,1,52,2,54,1" doraHai="69" who="0" fromWho="1" sc="273,87,417,-77,350,0,0,0" /><INIT seed="2,0,0,1,2,49" ten="360,340,350,0" oya="2" hai0="73,99,76,82,101,109,87,103,59,104,102,80,105" hai1="64,112,60,3,39,36,55,2,123,86,54,66,53" hai2="79,75,38,130,108,61,41,56,96,120,48,129,89" hai3=""/><V63/><N who="2" m="30752" /><V93/><F108/><T134/><D59/><U122/><N who="1" m="31264" /><U68/><N who="1" m="31520" /><U92/><E112/><V115/><F115/><T81/><D109/><U52/><N who="1" m="13312" /><DORA hai="95" /><U119/><E119/><V97/><F38/><T72/><D134/><U127/><E127/><V77/><F75/><N who="0" m="28746" /><D99/><U1/><REACH who="1" step="1"/><E66/><REACH who="1" ten="360,330,350,0" step="2"/><V111/><F111/><T35/><D35/><U62/><E62/><V128/><F63/><T37/><D37/><U94/><E94/><V135/><F61/><T98/><D105/><U58/><E58/><V70/><F56/><T32/><D32/><U43/><E43/><V69/><F41/><T40/><D40/><U50/><E50/><V110/><F48/><T125/><D125/><U67/><E67/><V107/><F110/><T90/><D104/><U42/><E42/><V126/><F126/><T121/><N who="0" m="31008" /><T84/><D80/><U83/><E83/><V116/><F116/><T114/><D114/><U45/><E45/><V65/><F65/><T88/><D76/><N who="2" m="29258" /><F135/><T78/><D78/><U124/><E124/><V57/><F57/><T118/><D118/><U74/><E74/><V47/><F47/><T46/><D46/><U44/><E44/><V117/><F117/><T106/><AGARI ba="0,1" hai="81,82,84,87,88,90,98,101,102,103,106" m="31008,28746" machi="106" ten="30,12000,3" yaku="5,1,35,5,52,2,54,1" doraHai="49,95" who="0" fromWho="0" sc="360,130,330,-40,350,-80,0,0" /><INIT seed="4,0,0,0,5,83" ten="490,290,270,0" oya="0" hai0="95,59,75,107,112,103,82,66,77,105,41,40,85" hai1="61,34,36,124,109,122,114,64,96,88,68,94,74" hai2="98,86,63,123,128,108,129,55,101,97,84,91,44" hai3=""/><T81/><D112/><U53/><N who="1" m="31264" /><U127/><E109/><V46/><N who="2" m="31520" /><V67/><F108/><T58/><D95/><U69/><E34/><V110/><F110/><T33/><D33/><U99/><E114/><V35/><F35/><T72/><D66/><U62/><E74/><V60/><F91/><T131/><D103/><U52/><E36/><V48/><F67/><T92/><D92/><U65/><E96/><V106/><F44/><T39/><D39/><U87/><E99/><V79/><F79/><T115/><D115/><U50/><REACH who="1" step="1"/><E52/><REACH who="1" ten="490,280,270,0" step="2"/><V132/><F98/><T116/><D75/><U89/><E89/><V135/><F97/><T43/><D72/><U49/><E49/><V111/><F111/><T3/><D77/><U71/><E71/><V51/><F101/><T54/><D54/><U125/><E125/><V0/><F55/><T104/><D104/><U121/><N who="1" m="31008" /><U42/><E42/><V102/><F102/><T37/><D43/><U119/><E119/><V133/><F106/><T120/><D37/><U76/><E76/><V57/><F48/><T45/><D107/><U117/><E117/><V70/><F70/><T80/><D116/><U73/><E73/><V56/><F51/><T38/><D105/><RYUUKYOKU ba="0,1" sc="490,-10,280,20,270,-10,0,0" hai1="50,53,61,62,64,65,68,69,87,88,94,124,127" /><INIT seed="5,1,1,2,2,113" ten="480,300,260,0" oya="1" hai0="104,81,96,130,111,32,135,95,116,77,60,124,97" hai1="84,43,61,98,41,53,80,133,119,38,37,39,33" hai2="123,86,102,40,110,91,36,103,118,42,85,94,82" hai3=""/><U106/><E119/><V131/><N who="2" m="31520" /><V107/><F110/><T63/><D111/><U132/><E33/><V48/><F131/><T75/><D32/><U128/><E128/><V34/><F34/><T83/><D130/><U105/><E53/><V79/><F118/><T51/><D135/><N who="1" m="51787" /><E61/><V56/><F36/><N who="1" m="9217" /><U120/><N who="1" m="30752" /><DORA hai="2" /><U134/><N who="1" m="51795" /><U66/><DORA hai="59" /><E66/><V129/><F129/><T70/><D63/><U121/><N who="1" m="31008" /><U68/><E68/><V76/><F40/><N who="1" m="15433" /><E98/><V50/><F42/><T122/><N who="0" m="31264" /><T52/><D116/><U78/><AGARI ba="1,1" hai="78,80,84,105,106" m="15433,31008,30752,9217,51795" machi="78" ten="60,7800,0" yaku="20,1,52,2" doraHai="113,2,59" who="1" fromWho="1" sc="480,-40,300,90,260,-40,0,0" /><INIT seed="5,2,0,1,3,129" ten="440,390,220,0" oya="1" hai0="33,128,58,43,89,91,90,125,60,62,96,2,105" hai1="69,121,53,77,134,41,55,72,93,118,85,92,50" hai2="109,113,39,112,47,116,64,66,44,3,104,65,59" hai3=""/><U78/><N who="1" m="31008" /><U119/><E69/><V46/><F3/><T57/><D2/><U131/><E72/><V133/><F104/><T122/><N who="0" m="31264" /><T117/><D33/><U54/><E131/><V94/><F94/><T115/><D128/><U36/><E36/><V32/><F32/><T100/><D117/><U108/><E108/><V79/><F79/><T56/><D115/><N who="2" m="44106" /><F116/><T98/><D125/><U40/><E55/><V37/><F109/><T107/><D43/><U68/><E68/><V38/><F133/><T73/><D73/><U84/><E50/><V99/><F99/><T135/><D135/><AGARI ba="2,0" hai="40,41,53,54,77,78,84,85,92,93,118,119,134,135" m="31008" machi="135" ten="25,12000,1" yaku="22,2,52,3" doraHai="129" who="1" fromWho="0" sc="440,-124,390,124,220,0,0,0" /><INIT seed="5,3,0,5,5,103" ten="316,514,220,0" oya="1" hai0="134,44,57,72,107,66,112,74,87,49,52,40,85" hai1="79,77,62,3,68,73,106,37,78,93,110,97,2" hai2="120,96,132,56,71,70,115,119,76,80,59,33,58" hai3=""/><U90/><E73/><V129/><N who="2" m="30752" /><V86/><F119/><T123/><N who="0" m="31520" /><T46/><D134/><U99/><E37/><V54/><F33/><T126/><D112/><U135/><E135/><V113/><F132/><T108/><D108/><U117/><E117/><V55/><F129/><T124/><D107/><U131/><E131/><V102/><F71/><T75/><D66/><U101/><E110/><V83/><F70/><T81/><D46/><U65/><AGARI ba="3,0" hai="2,3,62,65,68,77,78,79,90,93,97,99,101,106" machi="65" ten="30,2000,0" yaku="0,1,52,1" doraHai="103" who="1" fromWho="1" sc="316,-13,514,26,220,-13,0,0" /><INIT seed="5,4,0,4,3,33" ten="303,540,207,0" oya="1" hai0="77,95,86,57,96,102,45,135,114,73,69,103,117" hai1="89,85,52,109,62,119,84,41,120,110,97,98,107" hai2="82,43,75,133,71,72,74,37,134,116,128,1,132" hai3=""/><U91/><N who="1" m="30752" /><U83/><E41/><V53/><F116/><T56/><D69/><U35/><E35/><V0/><F128/><T55/><D117/><U47/><E119/><V129/><F129/><T88/><D135/><U70/><E70/><V122/><N who="2" m="31264" /><V58/><F71/><T39/><D114/><U36/><E36/><V54/><F82/><T90/><D73/><U48/><E62/><V66/><F66/><T38/><D77/><U79/><E79/><V126/><F126/><T50/><D39/><U65/><E65/><V68/><F68/><T121/><N who="0" m="31008" /><T76/><D76/><U100/><REACH who="1" step="1"/><E98/><REACH who="1" ten="303,530,207,0" step="2"/><V125/><F125/><T124/><D124/><U78/><E78/><V59/><F43/><T42/><REACH who="0" step="1"/><D56/><REACH who="0" ten="293,530,207,0" step="2"/><N who="2" m="21546" /><F37/><T3/><D3/><AGARI ba="4,2" hai="0,1,3,53,54,72,74,75,132,133,134" m="21546,31264" machi="3" ten="50,12000,2" yaku="28,2,20,1,52,4" doraHai="33" who="2" fromWho="0" sc="293,-128,530,0,207,148,0,0" /><INIT seed="6,0,0,5,5,42" ten="165,530,355,0" oya="2" hai0="94,99,62,77,102,100,75,37,0,91,107,43,83" hai1="85,49,2,52,81,128,108,46,106,125,51,44,126" hai2="130,74,79,104,112,119,58,55,111,54,73,84,35" hai3=""/><V80/><F119/><T122/><N who="0" m="31264" /><T121/><N who="0" m="31008" /><T98/><D62/><U45/><E108/><V86/><F111/><T113/><D0/><U88/><E2/><V57/><F35/><T82/><D37/><U34/><E34/><V103/><F112/><T115/><D43/><U59/><E106/><V56/><F130/><T134/><D134/><U50/><REACH who="1" step="1"/><E128/><REACH who="1" ten="165,520,355,0" step="2"/><V70/><F70/><T68/><D68/><U41/><E41/><V32/><F32/><T135/><D135/><U123/><N who="1" m="31520" /><U96/><E96/><V33/><F33/><T93/><REACH who="0" step="1"/><D83/><REACH who="0" ten="155,520,355,0" step="2"/><U120/><N who="1" m="30752" /><U109/><E109/><V90/><F80/><T38/><D38/><U105/><E105/><V131/><F104/><T89/><D89/><U114/><E114/><V95/><F90/><T117/><D117/><U1/><E1/><V87/><F54/><T63/><D63/><AGARI ba="0,2" hai="44,45,46,49,50,51,52,59,63,81,85,88,125,126" m="30752,31520" machi="63" ten="40,16000,3" yaku="1,1,52,5,54,2,53,2" doraHai="42" doraHaiUra="116" who="1" fromWho="0" sc="155,-160,520,180,355,0,0,0" owari="-5,-61.0,700,65.0,355,-4.0,0,0.0" /></mjloggm>