<mjloggm ver="2.3"><GO type="169" lobby="0"/><UN n0="%E3%82%AB%E3%83%9C%E3%83%81%E3%83%A3%E3%82%BF%E3%83%8D" n1="%E9%8A%80%E8%89%B2%E3%81%84%E3%81%8C%E3%81%90%E3%82%8A" n2="%E7%94%9F%E7%B2%8B%E3%81%AE%E7%85%BD%E3%83%A9%E3%83%BC%E2%99%AA" n3="%73%75%7A%75%6D%65%33" dan="16,18,16,17" rate="2056.17,2290.85,2058.76,2221.71" sx="M,M,M,M"/><TAIKYOKU oya="0"/><INIT seed="0,0,0,4,4,12" ten="250,250,250,250" oya="0" hai0="69,105,83,75,22,60,82,26,107,62,24,96,106" hai1="135,35,87,8,27,115,70,66,1,47,113,122,104" hai2="124,130,17,81,18,54,90,36,84,102,59,67,123" hai3="117,68,5,37,0,31,52,94,134,99,108,131,44"/><T89/><D69/><U116/><E87/><V95/><F123/><W92/><G117/><T15/><D15/><U100/><E47/><V55/><F36/><W128/><G68/><T48/><D48/><U65/><E65/><V101/><F130/><N who="3" m="49707" /><G134/><T86/><D96/><N who="1" m="61447" /><E122/><V39/><F124/><W19/><G108/><T71/><D71/><U77/><E77/><N who="2" m="46127" /><F39/><W9/><G31/><T7/><D7/><N who="1" m="1135" /><E116/><V20/><F20/><W53/><G94/><T51/><D51/><U21/><E21/><V93/><F67/><W78/><G78/><T45/><D45/><U40/><E40/><V80/><F80/><W46/><G46/><T109/><D109/><U132/><E66/><V76/><F76/><W127/><G127/><T56/><D75/><U120/><E70/><V41/><F41/><N who="3" m="22575" /><G19/><N who="2" m="7177" /><F95/><W10/><G10/><T11/><D11/><U42/><E42/><V34/><F34/><W58/><G58/><T98/><D83/><U79/><E79/><V121/><F121/><W103/><AGARI ba="0,0" hai="0,5,9,52,53,92,99,103" m="22575,49707" machi="103" ten="30,2000,0" yaku="19,1,54,1" doraHai="12" who="3" fromWho="3" sc="250,-10,250,-5,250,-5,250,20" /><INIT seed="1,0,0,1,2,16" ten="240,245,245,270" oya="1" hai0="20,86,127,10,57,64,43,36,6,47,107,95,88" hai1="129,97,73,69,27,84,103,8,78,24,115,5,114" hai2="48,120,119,18,42,60,81,2,35,33,65,134,99" hai3="55,12,46,110,94,13,38,100,61,30,123,32,76"/><U3/><E129/><V66/><F119/><W72/><G123/><T108/><D108/><U102/><E69/><V126/><F120/><W92/><G110/><T104/><D127/><U133/><E73/><V0/><F126/><W40/><G72/><T39/><D39/><U80/><E133/><V7/><F134/><W68/><G76/><T52/><D64/><U112/><REACH who="1" step="1"/><E102/><REACH who="1" ten="240,235,245,270" step="2"/><V9/><F2/><W121/><G100/><T44/><D44/><U59/><E59/><V96/><F0/><W29/><G68/><T118/><D118/><U14/><E14/><V26/><F26/><W105/><G12/><T25/><D6/><U67/><E67/><V11/><F65/><W90/><G13/><T23/><D10/><U4/><E4/><V87/><F7/><W125/><G46/><T89/><D89/><U98/><E98/><V117/><F9/><W54/><G90/><T31/><REACH who="0" step="1"/><D20/><REACH who="0" ten="230,235,245,270" step="2"/><U22/><E22/><V131/><F11/><W116/><G121/><T124/><D124/><U91/><E91/><V130/><F117/><W101/><G116/><T82/><D82/><U74/><E74/><V135/><F135/><W77/><G125/><T41/><D41/><U63/><E63/><AGARI ba="0,2" hai="23,25,31,36,43,47,52,57,63,86,88,95,104,107" machi="63" ten="30,12000,2" yaku="1,1,7,1,52,1,54,2,53,1" doraHai="16" doraHaiUra="50" who="0" fromWho="1" sc="230,140,235,-120,245,0,270,0" /><INIT seed="2,0,0,1,1,16" ten="370,115,245,270" oya="2" hai0="24,45,20,18,66,75,96,65,84,33,119,55,28" hai1="130,72,80,78,12,35,115,132,129,9,27,60,3" hai2="117,38,53,73,100,77,103,51,92,133,39,109,104" hai3="58,43,48,14,46,89,36,8,29,41,69,10,121"/><V49/><F117/><W2/><G121/><T101/><D75/><U68/><E115/><V118/><F118/><W26/><G69/><T0/><D119/><U125/><E132/><V134/><F104/><W44/><G2/><T7/><D84/><U31/><E125/><V74/><F92/><W19/><G58/><T107/><D55/><U13/><E13/><V67/><F53/><W57/><G57/><T94/><D45/><U11/><E11/><V30/><F30/><W124/><G124/><T63/><D94/><U93/><E12/><V34/><F77/><W64/><G64/><T127/><D127/><U5/><REACH who="1" step="1"/><E93/><REACH who="1" ten="370,105,245,270" step="2"/><V88/><F109/><W50/><G8/><N who="0" m="2151" /><D63/><U87/><E87/><V56/><F74/><W70/><G36/><T76/><D76/><U111/><E111/><V90/><F73/><W1/><G1/><T54/><D54/><U71/><E71/><V99/><F39/><W21/><G70/><T15/><AGARI ba="0,1" hai="15,18,20,24,28,33,65,66,96,101,107" m="2151" machi="15" ten="30,2000,0" yaku="24,1,52,1" doraHai="16" who="0" fromWho="0" sc="370,30,105,-5,245,-10,270,-5" /><INIT seed="3,0,0,3,4,24" ten="400,100,235,265" oya="3" hai0="36,56,110,123,69,60,109,117,95,102,101,5,50" hai1="17,73,35,59,76,104,113,39,77,37,8,42,134" hai2="130,55,33,23,132,19,54,89,32,118,31,74,94" hai3="115,86,18,128,40,96,71,12,20,7,93,4,68"/><W51/><G115/><T11/><D36/><U48/><E113/><V131/><F118/><W47/><G128/><N who="2" m="49193" /><F74/><W98/><G98/><T10/><D117/><U108/><E108/><N who="0" m="41577" /><D123/><U67/><E134/><V43/><F43/><W87/><G71/><T2/><D69/><U28/><E104/><V106/><F106/><W81/><G68/><T6/><D50/><U63/><E39/><V44/><F44/><W29/><G29/><T92/><D92/><U14/><E37/><V72/><F72/><W9/><G81/><T80/><D95/><U3/><E3/><V88/><F89/><W100/><REACH who="3" step="1"/><G4/><REACH who="3" ten="400,100,235,255" step="2"/><T38/><D80/><U53/><E73/><V1/><F31/><W127/><G127/><T85/><D6/><U52/><E35/><V126/><F126/><W57/><G57/><T70/><D56/><U111/><E111/><V135/><F33/><W107/><G107/><T99/><D99/><U91/><E28/><V58/><F32/><W22/><G22/><T79/><D5/><U30/><E30/><V26/><F58/><W83/><G83/><T66/><D70/><U15/><E91/><V119/><F119/><W16/><G16/><T97/><D97/><U41/><E76/><V124/><F124/><W122/><G122/><T64/><D79/><U116/><E77/><V21/><F23/><W62/><G62/><T133/><D60/><U25/><E116/><V114/><F114/><W13/><AGARI ba="0,1" hai="7,9,12,13,18,20,40,47,51,86,87,93,96,100" machi="13" ten="20,12000,1" yaku="1,1,0,1,7,1,8,1,53,1" doraHai="24" doraHaiUra="0" who="3" fromWho="3" sc="400,-40,100,-40,235,-40,255,130" /><INIT seed="3,1,0,4,1,74" ten="360,60,195,385" oya="3" hai0="38,124,87,1,80,86,20,121,95,130,67,69,82" hai1="55,113,28,101,21,125,48,39,44,37,11,16,77" hai2="114,73,100,24,109,81,35,23,7,9,129,61,70" hai3="128,62,98,135,26,58,34,122,119,4,17,99,10"/><W123/><G119/><T84/><D121/><U43/><E113/><V112/><F35/><W27/><G135/><T108/><D1/><U6/><E125/><V12/><F109/><W0/><G128/><T78/><D38/><U31/><E101/><V40/><F129/><W85/><G85/><T106/><D130/><U52/><E39/><V33/><F33/><W47/><G47/><T91/><D69/><U92/><E92/><V132/><F40/><W29/><G123/><T59/><D108/><U65/><E65/><V54/><F100/><W2/><G2/><T116/><D116/><U63/><E63/><V89/><F132/><W131/><G122/><T97/><D124/><U71/><E71/><V53/><F53/><W107/><G107/><T49/><D20/><U64/><E64/><V72/><F72/><W111/><G111/><T41/><D41/><U118/><E118/><V104/><F104/><W32/><G131/><T133/><D133/><U15/><E77/><N who="2" m="44207" /><F89/><W103/><G103/><N who="0" m="62831" /><D49/><U14/><REACH who="1" step="1"/><E55/><REACH who="1" ten="360,50,195,385" step="2"/><V76/><F76/><W57/><G62/><N who="0" m="38367" /><D82/><U51/><E51/><V36/><F36/><W5/><G99/><T115/><D115/><U94/><E94/><V117/><F117/><W42/><G98/><T90/><D90/><U127/><E127/><V22/><F70/><W25/><G42/><T75/><AGARI ba="1,1" hai="75,78,80,84,86,87,91,95" m="38367,62831" machi="75" ten="30,2000,0" yaku="24,1,52,1" doraHai="74" who="0" fromWho="0" sc="360,33,50,-6,195,-6,385,-11" /><INIT seed="4,0,0,2,3,46" ten="393,44,189,374" oya="0" hai0="28,125,109,129,79,38,37,16,118,116,24,60,86" hai1="78,56,72,101,80,100,76,119,44,98,122,13,31" hai2="131,1,42,4,25,8,97,94,21,133,48,50,22" hai3="110,71,114,99,39,111,36,128,105,85,61,134,57"/><T53/><D125/><U20/><E122/><V113/><F113/><W92/><G114/><T87/><D129/><U33/><E119/><V45/><F131/><W81/><G128/><T3/><D3/><U73/><E33/><V51/><F133/><W62/><G105/><T55/><D28/><U77/><E56/><V64/><F64/><W132/><G71/><T34/><D34/><U10/><E20/><V106/><F106/><W14/><G14/><T130/><D130/><U124/><E31/><V32/><F32/><W43/><G43/><T68/><D79/><N who="1" m="30283" /><E44/><V5/><F5/><W17/><G17/><T115/><D115/><U35/><E10/><V96/><F96/><W102/><G36/><T83/><D68/><U108/><E13/><V15/><F1/><W29/><G39/><T12/><D12/><U103/><E108/><V88/><F22/><W54/><G62/><T40/><D60/><U135/><E35/><V59/><F59/><W121/><G121/><T89/><D109/><U67/><E67/><V70/><F70/><W112/><G112/><T104/><D38/><U27/><E27/><V91/><F91/><N who="3" m="51631" /><G29/><AGARI ba="0,0" hai="4,8,15,21,25,29,42,45,48,50,51,88,94,97" machi="29" ten="30,12000,2" yaku="7,1,8,1,52,3,54,1" doraHai="46" who="2" fromWho="3" sc="393,0,44,0,189,120,374,-120" /><INIT seed="5,0,0,1,5,20" ten="393,44,309,254" oya="1" hai0="104,92,54,21,8,112,61,78,63,103,22,50,107" hai1="121,23,105,116,18,5,58,125,102,114,111,46,130" hai2="85,135,131,79,25,66,35,117,11,6,47,29,28" hai3="124,74,2,40,3,26,53,24,48,10,129,77,110"/><U134/><E5/><V97/><F117/><W123/><G123/><T88/><D112/><U65/><E121/><V132/><F131/><W126/><G110/><T57/><D78/><U33/><E116/><V49/><F66/><W127/><G129/><T101/><D107/><U44/><E130/><V109/><F109/><W81/><G40/><T108/><D108/><U73/><E111/><V62/><F62/><N who="0" m="23562" /><D8/><U82/><E33/><V12/><F29/><W37/><G37/><T34/><D34/><U39/><E114/><V95/><F97/><W55/><G10/><T87/><D104/><U67/><E58/><V100/><F100/><AGARI ba="0,0" hai="21,22,50,54,57,87,88,92,100,101,103" m="23562" machi="100" ten="30,2000,0" yaku="8,1,54,1" doraHai="20" who="0" fromWho="2" sc="393,20,44,0,309,-20,254,0" /><INIT seed="6,0,0,4,0,88" ten="413,44,289,254" oya="2" hai0="65,84,69,134,57,107,129,79,125,36,130,29,25" hai1="113,114,16,102,8,2,60,56,103,94,12,117,26" hai2="67,0,37,13,72,17,51,87,66,101,119,33,53" hai3="112,80,86,5,100,105,55,11,96,75,90,39,45"/><V109/><F0/><W59/><G112/><T74/><D125/><U71/><E71/><V73/><F37/><W63/><G75/><T54/><D134/><U32/><E117/><V28/><F119/><W18/><G18/><T15/><D74/><U95/><E2/><V19/><F73/><W4/><G39/><T85/><D36/><U61/><E61/><V1/><F1/><W7/><REACH who="3" step="1"/><G45/><REACH who="3" ten="413,44,289,244" step="2"/><T52/><D129/><U9/><E9/><AGARI ba="0,1" hai="4,5,7,9,11,55,59,63,80,86,90,96,100,105" machi="9" ten="40,2600,0" yaku="1,1,2,1,53,0" doraHai="88" doraHaiUra="70" who="3" fromWho="1" sc="413,0,44,-26,289,0,244,36" /><INIT seed="7,0,0,0,5,11" ten="413,18,289,280" oya="3" hai0="9,115,98,5,126,82,77,56,20,97,132,75,47" hai1="112,100,85,111,14,33,38,26,128,13,4,24,46" hai2="43,51,130,106,76,58,129,0,34,40,68,124,3" hai3="31,59,49,17,92,25,86,67,50,119,127,95,72"/><W66/><G72/><T120/><D120/><U134/><E111/><V16/><F106/><W116/><G127/><T110/><D110/><U52/><E112/><V103/><F103/><W131/><G131/><N who="2" m="50185" /><F68/><W79/><G17/><T55/><D132/><U54/><E134/><V42/><F34/><W121/><G121/><T102/><D126/><U61/><E128/><V8/><F76/><W35/><G79/><T70/><D70/><U15/><E100/><V69/><F69/><W36/><G36/><T99/><D115/><U81/><E33/><V22/><F8/><W48/><G59/><T41/><D20/><U122/><E122/><V105/><F105/><W89/><REACH who="3" step="1"/><G95/><REACH who="3" ten="413,18,289,270" step="2"/><T123/><D123/><U114/><E114/><V83/><F124/><W94/><G94/><T39/><D56/><U6/><E38/><V108/><F108/><W12/><G12/><T60/><D60/><U107/><E107/><V87/><F51/><W1/><G1/><N who="0" m="175" /><D55/><U53/><E61/><V29/><F58/><W78/><G78/><T96/><D96/><U118/><E118/><AGARI ba="0,1" hai="25,31,35,48,49,50,66,67,86,89,92,116,118,119" machi="118" ten="40,12000,1" yaku="1,1,53,3" doraHai="11" doraHaiUra="113" who="3" fromWho="1" sc="413,0,18,-120,289,0,270,130" owari="413,51.0,-102,-60.0,289,-11.0,400,20.0" /></mjloggm>