<mjloggm ver="2.3"><GO type="169" lobby="0"/><UN n0="%52%45%49%4E%E6%A3%AE%E4%B9%85%E4%BF%9D%50" n1="%E3%81%9F%E3%81%91%E3%81%AB%E3%81%8D" n2="%E3%81%A8%E3%81%B3%E3%81%BE%E3%81%93" n3="%E3%81%93%E3%81%A1" dan="16,17,16,17" rate="2132.72,2165.72,2112.26,2187.50" sx="M,F,M,F"/><TAIKYOKU oya="0"/><INIT seed="0,0,0,2,5,84" ten="250,250,250,250" oya="0" hai0="76,119,8,87,100,32,10,7,44,116,28,64,48" hai1="61,24,130,93,122,86,75,69,103,18,71,67,135" hai2="40,34,128,17,126,37,107,85,36,12,109,88,79" hai3="134,13,98,110,19,14,47,99,120,20,23,131,0"/><T89/><D76/><U31/><E75/><V51/><F107/><W57/><G110/><T55/><D100/><U4/><E122/><V70/><F70/><W114/><G0/><T1/><D10/><U38/><E38/><V123/><F123/><W53/><G114/><T39/><D64/><U92/><E135/><V94/><F34/><W106/><G134/><T66/><D66/><U35/><E130/><V59/><F128/><W96/><G120/><T42/><D28/><U9/><E18/><V72/><F109/><W63/><G131/><T104/><D32/><U117/><E117/><V6/><F6/><W41/><G106/><T56/><REACH who="0" step="1"/><D104/><REACH who="0" ten="240,250,250,250" step="2"/><U97/><E71/><V33/><F33/><W68/><G68/><T43/><D43/><U83/><E9/><V80/><F126/><W21/><REACH who="3" step="1"/><G19/><REACH who="3" ten="240,250,250,240" step="2"/><T112/><D112/><U101/><E4/><V27/><F17/><W26/><G26/><T127/><D127/><U25/><E24/><V115/><F27/><W49/><AGARI ba="0,2" hai="13,14,20,21,23,41,47,49,53,57,63,96,98,99" machi="49" ten="30,12000,2" yaku="1,1,0,1,8,1,53,3" doraHai="84" doraHaiUra="16" who="3" fromWho="3" sc="240,-60,250,-30,250,-30,240,140" /><INIT seed="1,0,0,2,1,75" ten="180,220,220,380" oya="1" hai0="1,36,95,112,115,23,46,72,123,135,121,65,44" hai1="10,40,58,128,25,86,110,108,109,61,124,33,125" hai2="54,16,99,22,68,102,48,134,129,104,2,69,116" hai3="71,13,39,60,52,12,64,5,32,9,51,26,20"/><U133/><E86/><V8/><F116/><W91/><G39/><T57/><D72/><U101/><E101/><V131/><F134/><W98/><G32/><T38/><D95/><U83/><E83/><V97/><F97/><W14/><G98/><T24/><D23/><U126/><E10/><V132/><F132/><W28/><REACH who="3" step="1"/><G91/><REACH who="3" ten="180,220,220,370" step="2"/><T113/><D135/><U41/><E133/><V50/><F131/><W117/><G117/><T70/><D1/><U30/><REACH who="1" step="1"/><E128/><REACH who="1" ten="180,210,220,370" step="2"/><V120/><F129/><W127/><G127/><T84/><D112/><U3/><E3/><V89/><F2/><W17/><G17/><T82/><D113/><U103/><E103/><V88/><F16/><W87/><G87/><T78/><D115/><U11/><E11/><V49/><F102/><W130/><G130/><T119/><D84/><U92/><E92/><V77/><F8/><W118/><G118/><T81/><D119/><U76/><E76/><V59/><F77/><W21/><G21/><T37/><D78/><U100/><E100/><V56/><F22/><W19/><G19/><T43/><D123/><U111/><N who="1" m="27648" /><DORA hai="80" /><U62/><E62/><V15/><F99/><W106/><G106/><T79/><D79/><U67/><AGARI ba="0,2" hai="25,30,33,40,41,58,61,67,124,125,126" m="27648" machi="67" ten="70,18000,2" yaku="1,1,0,1,18,1,14,1,10,1,53,1" doraHai="75,80" doraHaiUra="53,107" who="1" fromWho="1" sc="180,-60,210,200,220,-60,370,-60" /><INIT seed="1,1,0,2,5,27" ten="120,410,160,310" oya="1" hai0="20,22,114,129,97,102,81,34,122,47,127,54,123" hai1="29,44,76,6,45,72,86,103,43,68,63,38,15" hai2="48,58,117,51,1,91,2,93,80,3,84,31,108" hai3="110,131,65,33,135,46,14,109,105,79,89,35,132"/><U49/><E103/><V113/><F117/><W24/><G105/><T77/><D114/><U60/><E72/><V121/><F121/><N who="0" m="46090" /><D34/><N who="3" m="12809" /><G46/><T18/><D129/><U67/><E60/><V26/><F108/><N who="3" m="41579" /><G89/><T100/><D127/><U7/><E29/><V23/><F113/><W94/><G94/><N who="0" m="58423" /><D102/><U88/><E76/><V101/><F101/><W92/><G92/><T130/><D130/><U119/><E15/><V71/><F71/><W9/><G65/><T21/><D54/><U55/><REACH who="1" step="1"/><E119/><REACH who="1" ten="120,400,160,310" step="2"/><V87/><REACH who="2" step="1"/><F58/><REACH who="2" ten="120,400,150,310" step="2"/><W19/><G131/><T74/><D47/><U98/><E98/><V4/><F4/><N who="3" m="3367" /><G79/><AGARI ba="1,2" hai="1,2,3,23,26,31,48,51,79,80,84,87,91,93" machi="79" ten="40,2600,0" yaku="1,1,52,1,53,0" doraHai="27" doraHaiUra="115" who="2" fromWho="3" sc="120,0,400,0,150,49,310,-29" /><INIT seed="2,0,0,3,2,63" ten="120,400,199,281" oya="2" hai0="5,94,22,110,96,31,19,18,46,58,7,131,108" hai1="113,56,69,0,91,64,100,89,42,105,106,4,122" hai2="98,109,112,1,35,80,134,29,73,132,12,23,116" hai3="128,129,71,33,20,85,68,86,50,115,54,81,99"/><V118/><F73/><W103/><G33/><T47/><D58/><U38/><E56/><V14/><F98/><W45/><G115/><T34/><D94/><U72/><E91/><V90/><F112/><W52/><G54/><T15/><D96/><U120/><E89/><V24/><F80/><W70/><G20/><N who="0" m="11359" /><D46/><U13/><E13/><N who="2" m="5227" /><F90/><W40/><G40/><T26/><D47/><U41/><E113/><V3/><F109/><N who="0" m="42090" /><D131/><N who="3" m="50249" /><G81/><T65/><D65/><U25/><E25/><AGARI ba="0,0" hai="5,7,19,22,25,26,31,34" m="42090,11359" machi="25" ten="30,3900,0" yaku="14,1,34,2" doraHai="63" who="0" fromWho="1" sc="120,39,400,-39,199,0,281,0" /><INIT seed="3,0,0,3,0,88" ten="159,361,199,281" oya="3" hai0="67,97,18,29,121,81,114,6,77,12,112,76,100" hai1="59,74,50,17,19,54,101,85,128,5,90,70,120" hai2="132,130,126,25,62,56,9,28,93,63,24,122,48" hai3="3,21,14,92,40,66,127,68,91,46,115,109,1"/><W135/><G115/><N who="0" m="44075" /><D67/><U105/><E120/><V119/><F119/><W118/><G118/><T34/><D6/><U106/><E74/><V87/><F126/><W96/><G127/><T0/><D0/><U22/><E70/><V33/><F130/><W42/><G135/><T11/><D121/><U111/><E111/><V35/><F132/><W108/><G66/><T84/><D34/><U52/><E128/><V110/><F110/><N who="3" m="42603" /><G68/><T79/><D29/><U99/><E5/><V4/><F122/><W60/><G60/><T113/><N who="0" m="44083" /><T104/><AGARI ba="0,0" hai="11,12,18,76,77,79,81,84,97,100,104" m="44083" machi="104" ten="40,2700,0" yaku="4,1,11,1" doraHai="88" who="0" fromWho="0" sc="159,27,361,-7,199,-7,281,-13" /><INIT seed="4,0,0,2,4,107" ten="186,354,192,268" oya="0" hai0="93,128,59,41,20,3,37,106,6,117,16,112,115" hai1="94,123,29,86,60,119,108,101,35,32,105,129,49" hai2="24,76,14,74,91,72,33,79,122,64,92,40,21" hai3="54,89,131,84,77,102,47,13,27,88,50,55,67"/><T116/><D106/><U130/><E119/><N who="0" m="45641" /><D41/><U118/><E118/><V9/><F122/><W22/><G131/><T25/><D37/><U111/><E123/><V46/><F33/><W114/><G114/><N who="0" m="43563" /><D59/><U28/><E105/><V90/><F64/><W23/><G102/><T83/><D93/><U51/><E94/><V58/><F58/><W75/><G67/><T65/><D83/><U103/><E86/><V34/><F34/><W44/><G75/><T45/><D45/><U80/><E60/><V85/><F90/><W97/><G97/><T120/><D65/><U135/><REACH who="1" step="1"/><E80/><REACH who="1" ten="186,344,192,268" step="2"/><V82/><F92/><W134/><G84/><T126/><D120/><U121/><E121/><V127/><F127/><W38/><G134/><AGARI ba="0,1" hai="28,29,32,35,49,51,101,103,108,111,129,130,134,135" machi="134" ten="25,3200,0" yaku="1,1,22,2,53,0" doraHai="107" doraHaiUra="71" who="1" fromWho="3" sc="186,0,344,42,192,0,268,-32" /><INIT seed="5,0,0,1,4,90" ten="186,386,192,236" oya="1" hai0="120,68,78,15,131,42,18,56,9,48,129,97,65" hai1="132,36,47,41,99,69,43,126,75,59,87,44,37" hai2="49,81,50,8,52,45,19,34,100,25,58,72,96" hai3="76,22,0,20,94,88,17,122,102,134,117,3,53"/><U31/><E75/><V89/><F34/><W38/><G122/><T32/><D32/><U98/><E69/><V11/><F25/><W26/><G134/><T130/><D120/><U29/><E132/><V55/><F19/><W80/><G102/><T39/><D78/><U7/><E7/><V101/><F101/><W51/><G38/><T74/><D74/><U125/><E59/><V118/><F118/><W30/><G117/><T12/><D39/><U24/><E87/><V6/><F6/><W28/><G76/><T93/><D68/><U57/><E57/><V115/><F115/><W110/><G80/><T85/><D85/><U113/><REACH who="1" step="1"/><E24/><REACH who="1" ten="186,376,192,236" step="2"/><V27/><F27/><W77/><G26/><T133/><D133/><U111/><E111/><V95/><F72/><W66/><G110/><T61/><D15/><U121/><E121/><V112/><F112/><AGARI ba="0,1" hai="29,31,36,37,41,43,44,47,98,99,112,113,125,126" machi="112" ten="25,4800,0" yaku="1,1,22,2,53,0" doraHai="90" doraHaiUra="91" who="1" fromWho="2" sc="186,0,376,58,192,-48,236,0" /><INIT seed="5,1,0,3,5,64" ten="186,434,144,236" oya="1" hai0="42,8,112,99,70,71,69,86,44,83,12,77,0" hai1="123,46,4,22,134,95,74,60,110,36,116,92,109" hai2="21,122,9,128,15,65,90,33,5,126,51,106,38" hai3="25,34,58,41,54,57,68,135,130,17,13,101,29"/><U133/><E74/><V93/><F106/><W6/><G135/><N who="1" m="51722" /><E4/><V113/><F38/><W108/><G108/><N who="1" m="41578" /><E116/><V59/><F122/><W61/><G130/><T56/><D56/><U10/><E123/><V118/><F33/><W131/><G131/><T18/><D112/><U85/><E10/><V31/><F128/><W53/><G41/><T52/><D99/><U81/><E60/><V132/><F118/><W40/><G40/><T55/><REACH who="0" step="1"/><D0/><REACH who="0" ten="176,434,144,236" step="2"/><U67/><E67/><V39/><F113/><W16/><G58/><T119/><D119/><U35/><E35/><V19/><F132/><W3/><G57/><T84/><D84/><U124/><E124/><V89/><F126/><W43/><G3/><T20/><D20/><U94/><E22/><V2/><F65/><W23/><G34/><T121/><D121/><U76/><E46/><V28/><F39/><AGARI ba="1,1" hai="8,12,18,39,42,44,52,55,69,70,71,77,83,86" machi="39" ten="40,8000,1" yaku="1,1,52,3,54,1,53,0" doraHai="64" doraHaiUra="125" who="0" fromWho="2" sc="176,93,434,0,144,-83,236,0" /><AGARI ba="1,0" hai="36,39,76,81,85,92,94,95" m="41578,51722" machi="39" ten="40,3900,0" yaku="20,1,10,1" doraHai="64" who="1" fromWho="2" sc="269,0,434,39,61,-39,236,0" /><INIT seed="5,2,0,5,4,74" ten="269,473,22,236" oya="1" hai0="117,61,72,59,37,132,20,69,50,26,87,130,55" hai1="31,43,66,96,22,2,127,134,63,85,52,21,58" hai2="47,56,17,115,65,35,112,118,28,70,33,54,99" hai3="14,49,27,121,75,6,120,42,19,133,51,129,76"/><U111/><E2/><V24/><F118/><W41/><G6/><T98/><D72/><U110/><E127/><V13/><F35/><W40/><G27/><T44/><D117/><U84/><E134/><V125/><F125/><W124/><G124/><T5/><D5/><U11/><E43/><V109/><F109/><N who="1" m="41481" /><E11/><V113/><F47/><W25/><G25/><T64/><D130/><U45/><E96/><V128/><F128/><W92/><G92/><T114/><D114/><U108/><E108/><V78/><F99/><W62/><G62/><T29/><D87/><N who="1" m="33355" /><E31/><V32/><F32/><W18/><G129/><T88/><D132/><U15/><E15/><V73/><F70/><W79/><G133/><T39/><D69/><U9/><E9/><V86/><F65/><W102/><G42/><T7/><D7/><U107/><E107/><V77/><F86/><W104/><G75/><T123/><D123/><U38/><E38/><V101/><F101/><W95/><G95/><N who="0" m="56679" /><D39/><U89/><E89/><V0/><F73/><W71/><G71/><T67/><D37/><U48/><AGARI ba="2,0" hai="21,22,45,48,52,58,63,66" m="33355,41481" machi="48" ten="30,3000,0" yaku="10,1,54,1" doraHai="74" who="1" fromWho="1" sc="269,-12,473,36,22,-12,236,-12" /><INIT seed="5,3,0,3,3,18" ten="257,509,10,224" oya="1" hai0="135,69,82,70,56,15,116,132,94,87,50,123,100" hai1="118,13,105,122,91,110,79,121,42,81,22,72,86" hai2="62,29,59,17,89,4,9,57,112,98,127,115,75" hai3="61,43,7,125,40,96,21,117,63,34,111,48,130"/><U8/><E118/><V64/><F75/><W97/><G111/><T129/><D116/><U68/><E68/><V77/><F127/><W85/><G34/><T3/><D3/><U6/><E110/><V45/><F29/><W36/><G36/><T53/><D129/><U95/><E42/><N who="3" m="15914" /><G117/><T134/><D15/><U26/><E105/><V41/><F77/><W66/><G7/><T58/><D123/><U55/><E55/><V108/><F108/><W27/><G125/><T2/><D2/><U92/><E92/><V84/><F98/><N who="3" m="37995" /><G66/><T52/><D94/><U126/><E126/><V33/><F33/><W37/><G37/><T128/><D100/><U19/><AGARI ba="3,0" hai="6,8,13,19,22,26,72,79,81,86,91,95,121,122" machi="19" ten="20,3900,0" yaku="0,1,7,1,52,1" doraHai="18" who="1" fromWho="1" sc="257,-16,509,48,10,-16,224,-16" owari="241,4.0,557,66.0,-6,-51.0,208,-19.0" /></mjloggm>