<mjloggm ver="2.3"><GO type="185" lobby="0"/><UN n0="%70%6F%6E%5F%6B%61%73%75" n1="%E7%81%AB%E6%98%9F%E3%81%AE%E7%8A%AC" n2="%E3%81%B5%E3%81%96%E3%81%91%E3%82%8B%E3%83%9F%EF%BC%81" n3="" dan="16,16,17,0" rate="2145.01,2203.09,2202.67,1500.00" sx="M,M,M,C"/><TAIKYOKU oya="0"/><INIT seed="0,0,0,3,3,49" ten="350,350,350,0" oya="0" hai0="81,61,115,116,55,54,73,101,32,45,106,75,102" hai1="77,132,86,85,83,52,117,59,66,96,33,103,123" hai2="121,90,63,53,51,58,133,3,46,109,40,91,122" hai3=""/><T37/><D37/><U60/><BYE who="0" /><N who="1" m="31520" /><U118/><E132/><V94/><N who="2" m="31008" /><V88/><N who="2" m="31264" /><V131/><F3/><T135/><D135/><U2/><E2/><UN n0="%70%6F%6E%5F%6B%61%73%75" /><V128/><F133/><T39/><D116/><U107/><E33/><V79/><F109/><T127/><D115/><U124/><E124/><V84/><F79/><T64/><D32/><U71/><E86/><V129/><AGARI ba="0,0" hai="40,46,51,53,58,63,84,88,90,91,94,128,129,131" m="31264,31008" machi="129" ten="30,9000,2" yaku="0,1,19,1,52,3,54,1" doraHai="49" who="2" fromWho="2" sc="350,-60,350,-30,350,90,0,0" /><INIT seed="1,0,0,4,0,46" ten="290,320,440,0" oya="1" hai0="87,113,135,116,133,90,111,60,99,98,50,52,69" hai1="58,51,109,103,85,124,3,37,61,110,127,36,108" hai2="54,59,96,34,70,47,122,53,92,82,74,107,104" hai3=""/><U106/><E3/><V76/><N who="2" m="31264" /><V55/><F34/><T84/><D113/><U81/><E103/><V112/><F70/><T95/><D111/><U1/><E106/><V131/><F131/><T97/><D116/><U0/><E0/><V118/><F118/><T39/><D39/><N who="1" m="14923" /><E1/><V63/><F112/><T91/><D69/><U42/><E85/><V64/><REACH who="2" step="1"/><F47/><REACH who="2" ten="290,320,430,0" step="2"/><T44/><REACH who="0" step="1"/><D60/><REACH who="0" ten="280,320,430,0" step="2"/><U126/><E124/><V125/><F125/><T121/><N who="0" m="31008" /><T101/><D101/><AGARI ba="0,2" hai="53,54,55,59,63,64,74,76,82,92,96,101,104,107" m="31264" machi="101" ten="40,2600,0" yaku="1,1,52,1,53,0" doraHai="46" doraHaiUra="123" who="2" fromWho="0" sc="280,-26,320,0,430,46,0,0" /><INIT seed="2,0,0,2,2,99" ten="254,320,476,0" oya="2" hai0="88,113,32,0,66,61,69,64,135,133,70,76,106" hai1="90,71,67,49,93,41,100,105,89,97,54,3,60" hai2="80,114,51,46,128,121,95,79,39,33,81,65,91" hai3=""/><V73/><N who="2" m="31008" /><V47/><F114/><T2/><D113/><U55/><E3/><V53/><F128/><T52/><D32/><U63/><E63/><V38/><F33/><T34/><D34/><U107/><E107/><V86/><F65/><T40/><D106/><U119/><E119/><V87/><REACH who="2" step="1"/><F47/><REACH who="2" ten="254,320,466,0" step="2"/><T131/><D66/><U35/><E35/><V98/><F98/><T103/><D64/><U96/><E41/><V111/><F111/><T134/><D131/><U37/><E37/><V118/><F118/><T117/><D117/><U72/><E67/><V108/><F108/><T101/><D40/><U127/><E97/><V124/><F124/><T85/><D0/><U77/><E96/><V62/><F62/><T94/><D2/><U112/><E60/><V57/><F57/><T75/><D61/><U44/><E127/><V48/><F48/><T102/><REACH who="0" step="1"/><D52/><REACH who="0" ten="244,320,466,0" step="2"/><U110/><E55/><V50/><F50/><T82/><AGARI ba="0,2" hai="69,70,75,76,82,85,88,94,101,102,103,133,134,135" machi="82" ten="40,12000,3" yaku="1,1,2,1,0,1,20,1,52,3,54,1,53,0" doraHai="99" doraHaiUra="1" who="0" fromWho="0" sc="244,140,320,-40,466,-80,0,0" /><INIT seed="4,0,0,1,4,123" ten="384,280,386,0" oya="0" hai0="117,55,122,70,114,126,53,43,105,93,101,118,45" hai1="112,74,77,85,0,73,56,84,121,71,58,75,92" hai2="79,109,37,133,81,130,120,113,134,107,115,128,52" hai3=""/><T65/><N who="0" m="31264" /><T63/><D105/><U69/><N who="1" m="31008" /><U131/><E0/><V88/><N who="2" m="30752" /><V59/><F37/><T76/><D76/><U104/><E104/><V111/><F107/><T97/><D114/><N who="2" m="43530" /><F88/><T39/><REACH who="0" step="1"/><D126/><REACH who="0" ten="374,280,386,0" step="2"/><U87/><E112/><V66/><F133/><T51/><D51/><U135/><E135/><V132/><F132/><T125/><D125/><U89/><E131/><N who="2" m="50219" /><F134/><T102/><D102/><U61/><E61/><V124/><F124/><T60/><D60/><U47/><E77/><V38/><F38/><T103/><D103/><U129/><E129/><V119/><F119/><AGARI ba="0,1" hai="39,43,45,53,55,63,65,70,93,97,101,117,118,119" m="31264" machi="119" ten="40,3900,0" yaku="1,1,52,1,53,0" doraHai="123" doraHaiUra="35" who="0" fromWho="2" sc="374,49,280,0,386,-39,0,0" /><INIT seed="4,1,0,0,5,82" ten="423,280,347,0" oya="0" hai0="46,35,78,102,130,104,128,115,86,80,51,57,59" hai1="56,117,96,77,91,135,47,43,37,81,87,74,34" hai2="58,101,53,114,52,85,84,68,69,116,133,39,55" hai3=""/><T108/><D35/><U83/><E135/><V100/><F39/><T60/><D115/><U32/><E117/><V64/><F114/><T50/><D108/><U1/><E1/><V48/><F133/><T97/><D59/><U109/><E109/><V105/><F116/><T106/><D104/><U49/><E96/><V120/><N who="2" m="30752" /><V40/><F69/><T113/><D113/><U36/><REACH who="1" step="1"/><E56/><REACH who="1" ten="423,270,347,0" step="2"/><V61/><F68/><T126/><D126/><U88/><E88/><V65/><F65/><T38/><D130/><U118/><E118/><V129/><F129/><T62/><D128/><U70/><E70/><V0/><F0/><T94/><D57/><U121/><N who="1" m="31008" /><U95/><E95/><V41/><F105/><T89/><D106/><U90/><E90/><V134/><F134/><T132/><D89/><U92/><E92/><V111/><F111/><T44/><D94/><U99/><E99/><V122/><N who="2" m="31264" /><V2/><F2/><T103/><D97/><U72/><E72/><V54/><F64/><T3/><D132/><U131/><E131/><V125/><F125/><T33/><D3/><U45/><E45/><V76/><F58/><T71/><D71/><U123/><N who="1" m="31520" /><U127/><E127/><V107/><F107/><RYUUKYOKU ba="1,1" sc="423,-10,270,20,347,-10,0,0" hai1="32,34,36,37,43,47,49,74,77,81,83,87,91" /><INIT seed="5,2,1,2,4,130" ten="413,290,337,0" oya="1" hai0="120,135,98,100,105,43,36,83,80,56,2,127,91" hai1="121,69,104,59,46,123,63,102,132,86,92,109,62" hai2="90,66,111,72,44,57,68,35,85,84,114,48,71" hai3=""/><U45/><N who="1" m="31008" /><U96/><N who="1" m="31520" /><U60/><E109/><V122/><N who="2" m="31264" /><V52/><F111/><T51/><N who="0" m="30752" /><T32/><D32/><U129/><E129/><V50/><F72/><T134/><D2/><U73/><E132/><N who="0" m="50729" /><D127/><U33/><E33/><V79/><F35/><T89/><D36/><U99/><E69/><V47/><F114/><T133/><N who="0" m="50737" /><T110/><DORA hai="126" /><D110/><U55/><E73/><V42/><F79/><T93/><D91/><U65/><E86/><V107/><F107/><T124/><D124/><U82/><E82/><V74/><F74/><T95/><D95/><U75/><E75/><V40/><F84/><T97/><D56/><U1/><E1/><V37/><REACH who="2" step="1"/><F66/><REACH who="2" ten="413,290,327,0" step="2"/><T64/><D64/><U70/><REACH who="1" step="1"/><E63/><REACH who="1" ten="413,280,327,0" step="2"/><V76/><F76/><T67/><D83/><AGARI ba="2,3" hai="37,40,42,44,47,48,50,52,57,68,71,83,85,90" m="31264" machi="83" ten="30,8000,1" yaku="1,1,7,1,52,1,54,1,53,1" doraHai="130,126" doraHaiUra="54,131" who="2" fromWho="0" sc="413,-84,280,0,327,114,0,0" /><INIT seed="6,0,0,1,3,60" ten="329,280,441,0" oya="2" hai0="87,118,57,95,74,97,115,135,78,64,70,1,105" hai1="107,46,33,93,127,120,52,75,49,91,132,58,34" hai2="62,130,63,84,85,83,37,36,53,48,51,126,94" hai3=""/><V68/><F48/><T108/><D118/><U109/><N who="1" m="30752" /><U119/><E109/><V99/><F63/><T66/><D108/><U56/><E119/><V3/><F3/><T128/><D1/><U71/><E107/><V54/><F130/><T133/><D70/><U125/><E71/><V45/><F126/><T50/><D128/><U40/><E75/><V42/><F84/><T131/><D131/><U90/><E58/><V72/><F72/><T69/><D69/><U38/><E91/><V89/><F42/><T39/><D39/><U47/><E47/><V67/><F54/><T112/><D74/><U121/><N who="1" m="31008" /><U44/><E132/><V123/><N who="2" m="31520" /><V129/><F129/><T92/><D105/><U32/><REACH who="1" step="1"/><E46/><REACH who="1" ten="329,270,441,0" step="2"/><V100/><AGARI ba="0,1" hai="36,37,45,51,53,62,67,68,83,85,89,94,99,100" m="31520" machi="100" ten="20,5200,0" yaku="0,1,7,1,52,2" doraHai="60" who="2" fromWho="2" sc="329,-26,270,-26,441,62,0,0" owari="303,-10.0,244,-36.0,503,46.0,0,0.0" /></mjloggm>