<mjloggm ver="2.3"><GO type="185" lobby="0"/><UN n0="%E7%A6%8F%E3%83%A1%E3%83%BC%E3%82%BF%E3%83%BC" n1="%E3%81%B5%E3%81%96%E3%81%91%E3%82%8B%E3%83%9F%EF%BC%81" n2="%E3%81%BF%E3%83%BC%E3%82%8F" n3="" dan="16,17,17,0" rate="2100.75,2208.58,2235.13,1500.00" sx="M,M,M,C"/><TAIKYOKU oya="0"/><INIT seed="0,0,0,4,3,87" ten="350,350,350,0" oya="0" hai0="50,116,71,51,115,57,109,36,48,83,53,2,98" hai1="117,69,95,78,129,103,122,131,104,110,72,49,58" hai2="123,39,44,38,119,85,0,52,60,77,33,46,84" hai3=""/><T37/><D2/><U47/><N who="1" m="31264" /><U76/><E69/><V62/><N who="2" m="31520" /><V101/><F0/><T133/><D115/><U126/><E117/><V102/><F33/><T56/><D116/><U89/><E58/><N who="0" m="22633" /><D83/><U80/><E76/><V118/><F77/><T43/><D98/><U127/><E49/><V108/><REACH who="2" step="1"/><F52/><REACH who="2" ten="350,350,340,0" step="2"/><T82/><D133/><U35/><E78/><V1/><F1/><T67/><D109/><AGARI ba="0,1" hai="38,39,44,46,60,62,84,85,101,102,108,109,118,119" m="31520" machi="109" ten="25,12000,2" yaku="1,1,22,2,52,1,53,2" doraHai="87" doraHaiUra="96" who="2" fromWho="0" sc="350,-120,350,0,340,130,0,0" /><INIT seed="1,0,0,3,2,74" ten="230,350,470,0" oya="1" hai0="35,118,0,54,79,92,132,37,57,73,1,80,55" hai1="61,89,60,86,85,34,2,114,47,91,78,129,87" hai2="131,98,107,109,65,116,76,97,3,122,95,100,69" hai3=""/><U63/><E114/><V112/><N who="2" m="31264" /><V134/><F3/><T52/><D132/><U81/><E2/><V111/><F65/><T46/><D35/><U123/><N who="1" m="31520" /><U93/><E129/><V110/><F69/><T62/><D118/><U82/><E34/><V42/><F42/><T56/><D92/><U113/><E113/><V101/><F116/><T50/><REACH who="0" step="1"/><D37/><REACH who="0" ten="220,350,470,0" step="2"/><U135/><E135/><V84/><F134/><T45/><D45/><AGARI ba="0,1" hai="45,47,60,61,63,78,81,82,85,86,87,89,91,93" m="31520" machi="45" ten="40,7700,0" yaku="8,1,52,2" doraHai="74" who="1" fromWho="0" sc="220,-77,350,87,470,0,0,0" /><INIT seed="1,1,0,3,4,94" ten="143,437,470,0" oya="1" hai0="48,2,38,87,131,53,35,32,109,124,65,3,82" hai1="117,91,96,97,107,90,101,95,119,108,57,56,40" hai2="81,112,33,52,85,89,44,62,79,99,72,98,106" hai3=""/><U49/><E40/><V42/><F33/><T78/><D109/><U39/><E39/><V75/><F112/><T127/><D38/><U66/><E108/><V50/><F106/><T36/><D36/><U55/><REACH who="1" step="1"/><E91/><REACH who="1" ten="143,427,470,0" step="2"/><V70/><F75/><T76/><D131/><U61/><AGARI ba="1,1" hai="49,55,56,57,61,66,90,95,96,97,101,107,117,119" machi="61" ten="30,8000,1" yaku="1,1,2,1,0,1,52,2,53,0" doraHai="94" doraHaiUra="77" who="1" fromWho="1" sc="143,-41,427,92,470,-41,0,0" /><INIT seed="1,2,0,1,2,39" ten="102,519,429,0" oya="1" hai0="86,82,57,72,77,90,46,103,62,112,68,94,37" hai1="113,40,63,50,106,123,131,73,83,32,126,132,134" hai2="97,35,119,36,43,111,110,108,65,118,0,58,124" hai3=""/><U98/><E32/><V33/><F0/><T121/><N who="0" m="31008" /><T133/><D68/><U130/><N who="1" m="31520" /><U91/><E113/><V69/><F124/><T105/><D133/><N who="1" m="51307" /><E63/><V96/><F69/><T49/><D112/><U67/><E67/><V76/><F76/><T84/><D37/><U100/><E126/><V70/><F70/><T99/><D86/><U66/><E66/><V44/><F58/><T79/><D79/><U120/><N who="1" m="30752" /><U109/><E109/><V117/><F65/><T128/><D128/><N who="1" m="49195" /><E91/><V88/><F88/><T56/><REACH who="0" step="1"/><D62/><REACH who="0" ten="92,519,429,0" step="2"/><U51/><E73/><V78/><F33/><T101/><D101/><U89/><E89/><V114/><F35/><T127/><D127/><U115/><E115/><V75/><F114/><T81/><D81/><AGARI ba="2,1" hai="36,43,44,75,78,81,96,97,108,110,111,117,118,119" machi="81" ten="50,3200,0" yaku="14,1,52,1" doraHai="39" who="2" fromWho="0" sc="92,-36,519,0,429,46,0,0" /><INIT seed="2,0,0,4,1,54" ten="56,519,475,0" oya="2" hai0="68,96,39,46,127,35,72,120,93,104,89,81,32" hai1="125,130,98,0,67,79,41,60,58,94,3,77,63" hai2="33,64,43,76,134,97,52,55,59,88,101,69,115" hai3=""/><V2/><F2/><T90/><N who="0" m="30752" /><T71/><D127/><U51/><E125/><V49/><F33/><T66/><D66/><U113/><E113/><V102/><F115/><T70/><D104/><U122/><N who="1" m="31264" /><U95/><E130/><V44/><F134/><T40/><D72/><U91/><E0/><V128/><F128/><T110/><D110/><U126/><E126/><V37/><F76/><T86/><AGARI ba="0,0" hai="32,35,39,40,46,68,70,71,81,86,89,90,93,96" m="30752" machi="86" ten="40,2000,0" yaku="0,1,52,1" doraHai="54" who="0" fromWho="0" sc="56,20,519,-7,475,-13,0,0" /><INIT seed="4,0,0,3,2,102" ten="76,512,462,0" oya="0" hai0="85,113,38,101,63,42,92,94,122,68,80,52,71" hai1="56,35,55,61,116,118,88,100,39,47,40,58,135" hai2="98,119,60,67,76,87,121,83,0,1,74,43,45" hai3=""/><T59/><N who="0" m="31264" /><T44/><D113/><U123/><N who="1" m="31520" /><U126/><E35/><V54/><N who="2" m="31008" /><V129/><F129/><T110/><D110/><U79/><E135/><V125/><F125/><T115/><D115/><U73/><E126/><V57/><F119/><T124/><D124/><U69/><E100/><V84/><F98/><T131/><D131/><U127/><E127/><V32/><F32/><T34/><D34/><U112/><E112/><V36/><REACH who="2" step="1"/><F67/><REACH who="2" ten="76,512,452,0" step="2"/><T51/><D38/><U111/><E111/><V86/><AGARI ba="0,1" hai="0,1,36,43,45,54,57,60,74,76,83,84,86,87" m="31008" machi="86" ten="30,5900,0" yaku="1,1,2,1,0,1,52,1,53,0" doraHai="102" doraHaiUra="132" who="2" fromWho="2" sc="76,-39,512,-20,452,69,0,0" /><INIT seed="5,0,0,5,4,87" ten="37,492,521,0" oya="1" hai0="76,59,86,55,35,123,42,95,0,72,119,40,80" hai1="113,53,101,45,133,78,92,106,100,111,74,71,134" hai2="126,41,52,124,83,46,81,57,49,120,60,85,84" hai3=""/><U117/><E117/><V61/><N who="2" m="30752" /><V109/><F109/><T58/><N who="0" m="31520" /><T105/><D105/><U62/><E113/><V127/><F85/><T110/><D110/><U112/><E111/><V132/><F132/><N who="1" m="50793" /><E112/><V47/><F83/><T65/><D119/><U116/><E116/><V48/><REACH who="2" step="1"/><F47/><REACH who="2" ten="37,492,511,0" step="2"/><T37/><D0/><U73/><E45/><V130/><F130/><T88/><D35/><U36/><E36/><V82/><F82/><T96/><D37/><U128/><E128/><V103/><F103/><N who="1" m="39497" /><E106/><V93/><F93/><T135/><D135/><U32/><E32/><V38/><F38/><T104/><D104/><U115/><E115/><V64/><F64/><T34/><D34/><U75/><E92/><V54/><F54/><T69/><D69/><U63/><E71/><V99/><F99/><T89/><D65/><U90/><E53/><V70/><F70/><T91/><D58/><U43/><E43/><V108/><F108/><T39/><D39/><U44/><E44/><V77/><AGARI ba="0,1" hai="41,46,48,49,52,57,60,61,77,81,84,124,126,127" m="30752" machi="77" ten="30,6000,1" yaku="1,1,0,1,18,1,52,1,54,1,53,0" doraHai="87" doraHaiUra="114" who="2" fromWho="2" sc="37,-20,492,-40,511,70,0,0" /><INIT seed="6,0,0,0,1,59" ten="17,452,581,0" oya="2" hai0="33,107,115,48,134,117,74,61,40,132,88,52,112" hai1="90,41,91,103,78,76,54,64,67,0,39,35,53" hai2="3,104,62,83,38,1,108,124,113,44,56,66,110" hai3=""/><V129/><F113/><T126/><D52/><U75/><E75/><V89/><F104/><T125/><D48/><U2/><E39/><V43/><F129/><T101/><D61/><U45/><E103/><V46/><F124/><T100/><D40/><U114/><E114/><V77/><F89/><T92/><D88/><U47/><REACH who="1" step="1"/><E35/><REACH who="1" ten="17,442,581,0" step="2"/><V120/><N who="2" m="30752" /><V98/><F1/><T81/><D33/><U95/><E95/><V135/><F3/><T97/><D92/><U36/><E36/><V121/><N who="2" m="31008" /><V105/><F38/><T80/><D74/><U93/><E93/><V72/><F72/><T87/><D100/><U65/><E65/><V94/><F66/><T57/><D101/><U106/><E106/><V102/><F105/><T86/><D107/><U111/><E111/><V34/><F108/><T130/><D117/><U128/><E128/><V123/><F110/><T32/><D32/><U119/><E119/><V122/><F34/><T49/><D97/><U42/><AGARI ba="0,1" hai="0,2,41,42,45,47,53,54,64,67,76,78,90,91" machi="42" ten="25,9000,2" yaku="1,1,0,1,22,2,53,2" doraHai="59" doraHaiUra="60" who="1" fromWho="1" sc="17,-30,442,100,581,-60,0,0" owari="-13,-61.0,542,49.0,521,12.0,0,0.0" /></mjloggm>