<mjloggm ver="2.3"><GO type="185" lobby="0"/><UN n0="%E3%81%B5%E3%81%96%E3%81%91%E3%82%8B%E3%83%9F%EF%BC%81" n1="%E7%B6%BE%E7%80%AC%E7%A9%82%E4%B9%83%E9%A6%99" n2="%E3%83%86%E3%82%A4%E3%83%A9%E3%83%BC%E3%83%92%E3%83%AB" n3="" dan="17,17,16,0" rate="2214.67,2296.67,2175.50,1500.00" sx="M,F,F,C"/><TAIKYOKU oya="0"/><INIT seed="0,0,0,5,5,51" ten="350,350,350,0" oya="0" hai0="66,3,41,108,124,91,107,68,88,47,128,64,99" hai1="102,106,74,118,94,132,103,37,87,44,80,33,45" hai2="127,53,135,56,125,121,86,134,82,0,72,92,42" hai3=""/><T110/><D3/><U32/><E118/><V113/><N who="2" m="31008" /><V79/><F42/><T61/><D128/><U78/><E132/><N who="2" m="50731" /><F0/><T97/><D124/><N who="2" m="47690" /><F113/><T105/><D66/><U119/><E37/><V96/><F72/><T1/><D1/><U60/><E74/><V89/><F56/><T126/><D126/><U101/><E45/><V70/><F70/><T49/><D99/><U117/><E44/><V63/><F63/><T38/><D38/><U59/><E60/><V57/><F57/><T75/><D75/><U123/><E59/><V85/><F85/><T98/><D98/><U133/><E133/><V71/><F71/><T112/><D112/><U109/><E87/><V114/><F114/><T46/><D46/><U67/><E67/><V48/><F48/><T76/><D61/><U130/><E123/><V34/><F34/><T50/><D64/><U62/><E62/><V116/><F53/><T73/><D68/><U129/><E32/><V69/><F69/><T84/><D73/><U40/><E33/><V115/><F115/><T54/><D49/><U2/><E2/><V65/><F65/><T83/><D41/><U52/><E40/><V43/><F43/><T122/><N who="0" m="31264" /><T36/><D50/><U111/><E52/><RYUUKYOKU ba="0,0" sc="350,-10,350,-10,350,20,0,0" hai2="79,82,86,89,92,96,116" /><INIT seed="1,1,0,3,0,78" ten="340,340,370,0" oya="1" hai0="51,2,99,118,37,105,46,90,93,73,71,126,133" hai1="68,108,111,109,1,125,120,128,103,70,72,67,44" hai2="86,76,65,123,33,39,63,104,114,69,134,52,117" hai3=""/><U91/><N who="1" m="30752" /><U74/><E1/><V130/><F52/><T124/><D2/><U60/><E128/><V77/><F63/><T43/><D133/><U119/><E119/><V83/><F65/><T58/><D118/><U56/><E125/><N who="0" m="48233" /><D73/><N who="1" m="28267" /><E103/><V61/><F61/><T131/><D131/><U40/><E91/><V132/><F86/><T97/><D71/><U106/><E106/><V94/><F94/><T57/><D51/><AGARI ba="1,0" hai="40,44,51,56,60,67,68,70,108,109,111" m="28267,30752" machi="51" ten="40,7700,0" yaku="14,1,10,1,52,1" doraHai="78" who="1" fromWho="0" sc="340,-79,340,79,370,0,0,0" /><INIT seed="1,2,0,5,3,1" ten="261,419,370,0" oya="1" hai0="96,77,83,82,69,44,80,103,56,65,119,62,78" hai1="0,131,61,35,111,133,126,112,92,53,48,117,2" hai2="66,120,73,59,134,55,58,110,79,123,54,75,70" hai3=""/><U68/><RYUUKYOKU type="yao9" ba="2,0" sc="261,0,419,0,370,0,0,0" hai1="0,2,35,48,53,61,68,92,111,112,117,126,131,133" /><INIT seed="1,3,0,1,2,134" ten="261,419,370,0" oya="1" hai0="90,102,112,79,47,84,128,98,129,2,96,75,55" hai1="57,76,69,119,105,115,45,35,44,133,117,100,66" hai2="49,89,126,72,67,131,110,83,77,74,109,3,38" hai3=""/><U91/><E35/><V46/><F3/><T64/><D2/><U53/><E115/><V104/><F104/><T34/><D34/><U123/><N who="1" m="31520" /><U0/><E0/><V106/><F106/><T121/><N who="0" m="31008" /><T32/><D32/><U80/><E133/><V120/><N who="2" m="30752" /><V73/><F38/><T107/><D64/><U1/><E1/><V60/><F89/><T95/><D55/><U122/><N who="1" m="31264" /><U101/><E91/><V94/><F94/><T111/><D47/><U61/><E44/><V42/><F131/><T50/><D50/><U113/><E45/><V108/><REACH who="2" step="1"/><F126/><REACH who="2" ten="261,419,360,0" step="2"/><T132/><D129/><U37/><E37/><V70/><AGARI ba="3,1" hai="42,46,49,60,67,70,72,73,74,77,83,108,109,110" m="30752" machi="70" ten="30,6000,1" yaku="1,1,2,1,0,1,14,1,52,1,53,0" doraHai="134" doraHaiUra="51" who="2" fromWho="2" sc="261,-23,419,-43,360,76,0,0" /><INIT seed="2,0,0,0,3,120" ten="238,376,436,0" oya="2" hai0="115,59,80,96,72,123,1,97,89,84,103,104,90" hai1="39,131,50,56,34,100,35,66,135,62,86,74,61" hai2="41,94,118,0,102,127,45,55,68,49,64,77,98" hai3=""/><V119/><F0/><T63/><N who="0" m="31520" /><T58/><D1/><U126/><E74/><V65/><F127/><T85/><D115/><U69/><E39/><V51/><F77/><T67/><D72/><U60/><E126/><V111/><F68/><T78/><D97/><U81/><E131/><V122/><N who="2" m="31264" /><V54/><F41/><T125/><D125/><U117/><E135/><V121/><N who="2" m="31008" /><V40/><F40/><T132/><D132/><U47/><E100/><V116/><REACH who="2" step="1"/><F111/><REACH who="2" ten="238,376,426,0" step="2"/><T88/><REACH who="0" step="1"/><D84/><REACH who="0" ten="228,376,426,0" step="2"/><U107/><E86/><V37/><F37/><T36/><D36/><U75/><E69/><AGARI ba="0,2" hai="58,59,63,67,69,78,80,85,88,89,90,96,103,104" m="31520" machi="69" ten="40,5200,0" yaku="1,1,52,1,54,1,53,0" doraHai="120" doraHaiUra="130" who="0" fromWho="1" sc="228,72,376,-52,426,0,0,0" /><INIT seed="4,0,0,2,0,128" ten="300,324,426,0" oya="0" hai0="42,133,48,101,59,122,87,130,39,114,56,92,118" hai1="61,2,60,113,131,82,49,52,68,67,125,69,123" hai2="93,121,1,127,111,91,77,51,106,40,63,74,64" hai3=""/><T32/><D32/><U36/><N who="1" m="31520" /><U81/><E2/><V100/><N who="2" m="31008" /><V84/><F1/><T37/><N who="0" m="31264" /><T107/><D118/><U72/><E131/><V119/><F119/><T94/><D130/><U79/><E125/><V135/><F127/><T86/><D48/><U110/><E110/><V0/><F111/><T124/><D124/><U44/><E113/><V43/><F0/><T46/><D114/><U47/><E81/><V41/><F51/><T95/><D37/><U78/><E78/><V89/><F89/><T80/><D87/><U90/><E90/><V97/><F135/><T65/><D65/><U88/><E88/><V55/><F55/><T66/><D66/><U38/><E47/><V129/><F129/><T45/><D45/><U105/><E105/><V70/><F40/><T57/><D107/><U108/><E108/><V99/><F97/><T112/><D112/><U103/><E103/><V115/><F115/><T35/><D35/><U3/><E3/><V50/><F50/><T104/><D104/><U85/><E85/><V98/><F99/><T34/><D34/><U53/><E53/><V71/><F71/><T58/><N who="0" m="14336" /><DORA hai="132" /><T83/><D101/><U73/><E73/><V134/><F134/><RYUUKYOKU ba="0,0" sc="300,-20,324,10,426,10,0,0" hai1="36,38,44,49,52,60,61,67,68,69,72,79,82" hai2="41,43,63,64,70,74,77,84,91,93,98,100,106" /><INIT seed="5,1,0,3,5,46" ten="280,334,436,0" oya="1" hai0="73,37,112,130,53,89,100,42,1,94,105,103,76" hai1="69,119,49,116,71,33,47,79,59,67,63,61,60" hai2="110,70,135,44,48,64,91,38,72,123,32,66,126" hai3=""/><U39/><E33/><V98/><N who="2" m="31520" /><V41/><F72/><T51/><D1/><U36/><E79/><V54/><F32/><T128/><D112/><U127/><E127/><V52/><F126/><T85/><D42/><U114/><E114/><V43/><F110/><T113/><D37/><N who="1" m="14411" /><E119/><V78/><F78/><T83/><D113/><U56/><E116/><V97/><F44/><T101/><REACH who="0" step="1"/><D105/><REACH who="0" ten="270,334,436,0" step="2"/><U129/><E129/><V132/><F38/><T92/><D92/><U124/><E124/><V117/><F117/><T34/><D34/><U90/><E90/><V104/><F91/><T134/><D134/><U58/><E67/><V118/><F118/><T121/><N who="0" m="31008" /><T99/><D99/><U120/><N who="1" m="30752" /><U3/><E3/><V88/><F88/><T108/><D108/><U106/><E106/><V0/><F0/><T84/><D84/><U107/><E107/><V74/><F104/><T55/><D55/><AGARI ba="1,1" hai="47,49,55,56,58,59,60,61,63,69,71" m="30752,14411" machi="55" ten="40,18000,2" yaku="35,5,52,2" doraHai="46" who="1" fromWho="0" sc="270,-182,334,192,436,0,0,0" /><INIT seed="5,2,0,5,5,68" ten="88,526,436,0" oya="1" hai0="96,119,61,98,45,46,55,116,87,52,70,80,37" hai1="63,69,111,118,58,130,122,71,86,109,36,32,42" hai2="95,41,107,129,56,84,48,102,101,108,135,100,115" hai3=""/><U67/><N who="1" m="31264" /><U105/><E32/><V126/><F108/><N who="1" m="41545" /><E105/><V1/><F1/><T94/><D87/><U91/><E118/><V110/><F110/><T117/><D94/><U65/><E65/><V89/><F135/><T73/><D80/><U79/><E79/><V38/><F129/><T104/><D73/><U3/><E3/><V131/><F131/><T35/><D35/><U85/><E130/><V0/><F0/><T133/><D104/><U54/><E86/><V90/><F115/><T34/><D34/><U106/><E106/><V103/><F126/><T62/><D133/><U123/><N who="1" m="31520" /><U60/><E71/><V66/><F107/><T39/><D117/><U47/><E85/><V93/><F66/><T50/><D70/><U51/><E91/><V120/><N who="2" m="30752" /><V76/><F76/><T128/><D128/><U92/><E92/><V132/><F132/><T125/><REACH who="0" step="1"/><D50/><AGARI ba="2,0" hai="36,42,47,50,51,54,58,60,63,67,69" m="31520,41545,31264" machi="50" ten="30,18000,2" yaku="10,1,34,2,52,3" doraHai="68" who="1" fromWho="0" sc="88,-184,526,184,436,0,0,0" owari="-96,-70.0,710,66.0,436,4.0,0,0.0" /></mjloggm>