<mjloggm ver="2.3"><GO type="169" lobby="0"/><UN n0="%7A%6B%75%72%74" n1="%E3%83%8B%E3%83%A3%E3%83%83%E3%83%94%E3%83%BC%E5%A4%8F%E7%9B%AE" n2="%E5%85%AD%E9%83%A8%E5%9C%AD" n3="%E3%81%A4%E3%82%89%E3%81%84%E3%80%82" dan="17,18,16,16" rate="2230.08,2319.85,2086.75,2102.76" sx="M,M,M,M"/><TAIKYOKU oya="0"/><INIT seed="0,0,0,3,1,125" ten="250,250,250,250" oya="0" hai0="105,50,79,43,128,69,18,5,42,6,38,73,130" hai1="15,76,113,107,93,4,49,123,98,83,53,86,97" hai2="82,96,116,104,71,1,54,41,0,66,16,92,20" hai3="126,12,67,29,32,63,55,124,13,115,75,2,101"/><T134/><D134/><U132/><E123/><V48/><F104/><W120/><G2/><T78/><D105/><U84/><E132/><V117/><F41/><W74/><G115/><T85/><D69/><U60/><E113/><V80/><F66/><W103/><G55/><T59/><D73/><N who="3" m="27657" /><G29/><T37/><D85/><U64/><E107/><V47/><F71/><W44/><G32/><T30/><D30/><U22/><E86/><V52/><F54/><W133/><G44/><T68/><D68/><U127/><E127/><N who="3" m="48682" /><G120/><T100/><D100/><N who="3" m="38473" /><G133/><T77/><D18/><N who="1" m="10591" /><E4/><N who="0" m="1641" /><D59/><AGARI ba="0,0" hai="12,13,59,63,67" m="38473,48682,27657" machi="59" ten="30,1000,0" yaku="18,1" doraHai="125" who="3" fromWho="0" sc="250,-10,250,0,250,0,250,10" /><INIT seed="1,0,0,1,5,23" ten="240,250,250,260" oya="1" hai0="57,88,108,45,131,133,12,22,17,111,127,78,98" hai1="41,104,14,89,10,87,71,55,73,101,83,103,117" hai2="61,134,85,7,67,84,63,122,82,119,94,0,99" hai3="8,3,96,18,95,110,32,25,48,70,6,97,93"/><U59/><E117/><V79/><F119/><W47/><G70/><T81/><D133/><U124/><E124/><V16/><F122/><W52/><G110/><T80/><D127/><U15/><E71/><V120/><F120/><W60/><G60/><T33/><D131/><U64/><E73/><V135/><F84/><W118/><G118/><T123/><D123/><U53/><E41/><V74/><F74/><W130/><G130/><T128/><D128/><U106/><E106/><V31/><F31/><W66/><G66/><T56/><D33/><U109/><E109/><V36/><F36/><W38/><G38/><T51/><D111/><U100/><E104/><V90/><F7/><W2/><G2/><T77/><D108/><U62/><REACH who="1" step="1"/><E15/><REACH who="1" ten="240,240,250,260" step="2"/><V121/><F121/><W39/><G3/><T105/><D105/><U115/><E115/><V27/><F0/><W21/><G39/><T91/><D12/><U50/><E50/><V125/><F125/><W132/><G48/><T13/><D13/><U49/><E49/><V37/><F37/><W46/><G132/><N who="2" m="50729" /><F67/><W35/><G47/><T1/><D51/><U42/><E42/><V112/><F112/><W68/><G46/><T54/><D45/><U26/><E26/><V107/><F107/><W44/><G44/><T40/><D1/><U29/><E29/><V20/><AGARI ba="0,1" hai="16,20,27,61,63,79,82,85,90,94,99" m="50729" machi="20" ten="30,4000,0" yaku="20,1,52,1,54,1" doraHai="23" who="2" fromWho="2" sc="240,-10,240,-20,250,50,260,-10" /><INIT seed="2,0,0,0,4,11" ten="230,220,300,250" oya="2" hai0="120,74,50,118,1,12,33,76,6,97,90,70,92" hai1="30,107,117,23,95,62,134,63,78,15,61,130,32" hai2="101,20,16,5,119,113,116,83,99,54,89,72,128" hai3="100,29,38,67,110,53,87,115,28,56,10,51,58"/><V114/><F5/><W21/><G38/><T43/><D120/><U69/><E107/><V103/><F128/><W96/><G110/><T45/><D33/><U66/><E117/><V34/><F34/><W132/><G132/><T91/><D118/><U85/><E134/><V105/><F116/><W2/><G115/><T26/><D70/><U84/><E130/><V127/><F119/><W133/><G133/><T59/><D1/><U46/><E32/><V36/><F36/><W47/><G87/><T25/><D76/><U13/><E69/><V22/><F103/><W135/><G135/><T106/><D74/><U44/><E66/><V112/><F22/><W37/><G37/><T131/><D131/><U126/><E126/><V14/><F54/><W125/><G125/><T4/><D106/><U60/><N who="1" m="15360" /><DORA hai="80" /><U129/><E129/><V122/><F127/><W73/><G73/><T77/><D77/><U18/><E30/><V9/><F122/><W68/><G67/><T40/><D40/><U57/><E57/><V0/><F72/><W31/><G21/><T64/><D91/><N who="1" m="53735" /><E13/><V27/><F0/><W48/><G68/><T81/><D59/><U104/><E104/><V102/><F102/><W8/><G2/><T19/><D64/><U39/><E39/><V42/><F42/><N who="3" m="24695" /><G58/><T35/><D35/><U65/><E65/><V111/><F111/><W121/><G121/><T82/><D26/><U75/><E75/><V93/><F105/><W123/><G123/><T86/><D25/><U41/><E41/><V3/><F114/><W55/><G55/><T124/><D124/><RYUUKYOKU ba="0,0" sc="230,-15,220,15,300,-15,250,15" hai1="15,18,23,44,46,78,85" hai3="8,10,28,29,31,51,53,56,96,100" /><INIT seed="3,1,0,3,2,43" ten="215,235,285,265" oya="3" hai0="30,90,81,16,124,70,6,132,109,27,65,2,66" hai1="95,17,110,86,135,57,1,7,121,4,126,96,119" hai2="87,106,131,113,133,3,118,14,102,12,72,93,18" hai3="37,49,38,44,59,125,89,112,92,13,35,73,75"/><W105/><G112/><T104/><D109/><U114/><E121/><V69/><F72/><W34/><G105/><T62/><D132/><U67/><E114/><V55/><F3/><W101/><G101/><T78/><D124/><U117/><E110/><V85/><F69/><W22/><G75/><T107/><D66/><U127/><E86/><V19/><F106/><W130/><G73/><T98/><D90/><U115/><E115/><V47/><F113/><W71/><G71/><T79/><D6/><N who="1" m="2091" /><E1/><V39/><F118/><N who="1" m="45065" /><E135/><V42/><F133/><W51/><G125/><T21/><D2/><U9/><E9/><V31/><F31/><W123/><G123/><T10/><D98/><U111/><E17/><V56/><F19/><W58/><G130/><T20/><D10/><U28/><E28/><V0/><F131/><W76/><G76/><T26/><REACH who="0" step="1"/><D78/><REACH who="0" ten="205,235,285,265" step="2"/><U97/><E97/><V100/><F0/><W11/><G11/><T74/><AGARI ba="1,1" hai="16,20,21,26,27,30,62,65,70,74,79,81,104,107" machi="74" ten="20,8000,1" yaku="1,1,2,1,0,1,7,1,54,1,53,0" doraHai="43" doraHaiUra="84" who="0" fromWho="0" sc="205,93,235,-21,285,-21,265,-41" /><INIT seed="4,0,0,3,3,130" ten="298,214,264,224" oya="0" hai0="52,124,103,47,40,43,91,116,49,65,67,89,35" hai1="15,123,90,87,2,101,84,112,17,20,86,92,129" hai2="135,22,71,127,55,96,16,111,46,98,94,59,8" hai3="58,81,133,21,50,63,41,12,45,85,25,105,10"/><T30/><D116/><U57/><E123/><V39/><F111/><W14/><G105/><T106/><D124/><U102/><E129/><V74/><F71/><W73/><G73/><T0/><D0/><U34/><E34/><V26/><F74/><W23/><G133/><T128/><D128/><U75/><E75/><V54/><F127/><W42/><G42/><T125/><D125/><U109/><E109/><V9/><F135/><W33/><G33/><T126/><D126/><U113/><E2/><V4/><F98/><W13/><G10/><T18/><D103/><U93/><E57/><V11/><F54/><W56/><G25/><T97/><D106/><U24/><E24/><V76/><F76/><N who="3" m="46247" /><G58/><T82/><D30/><U79/><E79/><V61/><F46/><W95/><G95/><N who="0" m="56575" /><D35/><U117/><E117/><V28/><F39/><W99/><G99/><T53/><D18/><U38/><E38/><V100/><REACH who="2" step="1"/><F28/><REACH who="2" ten="298,214,254,224" step="2"/><W120/><G120/><T131/><D131/><U6/><E87/><V115/><F115/><N who="1" m="44105" /><E6/><AGARI ba="0,1" hai="4,6,8,9,11,16,22,26,55,59,61,94,96,100" machi="6" ten="40,5200,0" yaku="1,1,8,1,54,1,53,0" doraHai="130" doraHaiUra="70" who="2" fromWho="1" sc="298,0,214,-52,254,62,224,0" /><INIT seed="5,0,0,0,0,76" ten="298,162,316,224" oya="1" hai0="38,24,114,122,16,52,44,68,80,125,39,36,59" hai1="86,89,93,75,115,77,35,124,10,48,8,61,87" hai2="102,0,64,134,128,85,60,32,112,62,33,98,3" hai3="94,54,43,106,119,104,99,31,25,69,22,126,37"/><U107/><E115/><V123/><F123/><W50/><G126/><T14/><D114/><U78/><E124/><V101/><F112/><W23/><G119/><T27/><D125/><U53/><E35/><V55/><F85/><W30/><G69/><T95/><D68/><U13/><E107/><V65/><F98/><W105/><G37/><T135/><D44/><U74/><E74/><V116/><F55/><W132/><G43/><T120/><D135/><U49/><E75/><V108/><F116/><W82/><G82/><T34/><D95/><U91/><E61/><V26/><F26/><W5/><G5/><T21/><D80/><N who="1" m="49383" /><E8/><V28/><F28/><W20/><G132/><T47/><D47/><N who="1" m="27807" /><E49/><V90/><F134/><W97/><G30/><T131/><D131/><U7/><AGARI ba="0,0" hai="7,10,13,77,78,86,91,93" m="27807,49383" machi="7" ten="30,3000,0" yaku="8,1,52,1" doraHai="76" who="1" fromWho="1" sc="298,-10,162,30,316,-10,224,-10" /><INIT seed="5,1,0,3,1,1" ten="288,192,306,214" oya="1" hai0="104,93,52,81,48,86,83,113,30,19,135,62,132" hai1="98,24,108,70,57,130,97,56,126,117,116,31,128" hai2="76,109,78,75,60,80,47,50,115,49,124,32,7" hai3="131,0,119,13,68,120,82,41,74,112,28,12,11"/><U9/><E70/><V26/><F109/><W105/><G120/><T61/><D104/><U3/><E126/><V22/><F32/><W34/><G68/><T129/><D113/><U8/><E3/><V29/><F124/><W107/><G112/><T102/><D129/><N who="1" m="49771" /><E24/><V40/><F115/><W21/><G131/><T99/><D30/><U2/><E31/><V5/><F76/><W122/><G122/><T58/><D81/><U15/><E2/><V6/><REACH who="2" step="1"/><F60/><REACH who="2" ten="288,192,296,214" step="2"/><W17/><G34/><T114/><D114/><U44/><E108/><V71/><F71/><W16/><G119/><T118/><D118/><U65/><E117/><V18/><F18/><W36/><G17/><T42/><D19/><U73/><E116/><V79/><F79/><W103/><G16/><T110/><D110/><U63/><E73/><V66/><F66/><W95/><G74/><T133/><D42/><U33/><E33/><V23/><F23/><W96/><G41/><T89/><AGARI ba="1,1" hai="48,52,58,61,62,83,86,89,93,99,102,132,133,135" machi="89" ten="30,4000,0" yaku="0,1,20,1,54,1" doraHai="1" who="0" fromWho="0" sc="288,53,192,-21,296,-11,214,-11" /><INIT seed="6,0,0,3,0,20" ten="341,171,285,203" oya="2" hai0="40,116,37,64,38,133,84,0,76,107,6,16,72" hai1="95,25,57,104,47,46,91,97,15,131,53,23,22" hai2="48,92,127,1,99,86,63,44,115,126,112,77,59" hai3="43,19,49,70,94,61,125,108,101,2,89,24,13"/><V100/><F1/><W121/><G108/><T83/><D107/><U102/><E131/><V74/><F74/><W117/><G117/><T90/><D116/><U54/><E15/><V85/><F77/><W14/><G121/><T124/><D124/><N who="2" m="47658" /><F85/><W79/><G2/><T66/><D133/><U105/><E22/><V75/><F86/><W78/><G101/><T58/><D58/><U41/><E47/><V36/><F36/><W71/><G125/><T81/><D16/><U87/><E57/><V12/><F12/><W62/><G70/><T50/><D50/><U134/><E105/><V17/><F17/><W39/><G39/><T55/><D55/><U34/><E34/><V88/><F100/><W69/><G71/><T21/><D21/><U8/><E8/><V103/><F103/><W120/><G69/><T26/><D38/><U52/><E134/><V129/><F75/><W113/><G120/><T132/><D132/><U33/><E33/><V31/><F31/><W4/><G79/><T29/><D6/><U35/><E35/><V123/><F129/><W119/><G78/><T18/><D18/><U114/><E114/><V56/><F123/><W106/><G113/><N who="2" m="43593" /><F63/><N who="3" m="24075" /><G106/><T30/><D0/><U10/><E10/><V7/><F7/><W130/><G130/><T68/><D68/><U98/><E102/><V135/><F135/><W60/><N who="3" m="24083" /><W118/><DORA hai="93" /><G119/><T96/><D37/><N who="1" m="21807" /><E104/><V32/><F32/><W111/><G118/><T27/><D72/><U73/><E73/><V42/><AGARI ba="0,0" hai="42,44,48,56,59,88,92,99" m="43593,47658" machi="42" ten="30,11700,0" yaku="18,1,15,1,52,1,54,1" doraHai="20,93" who="2" fromWho="2" sc="341,-39,171,-39,285,117,203,-39" /><INIT seed="6,1,0,2,1,124" ten="302,132,402,164" oya="2" hai0="62,85,13,27,35,80,59,99,83,61,2,97,84" hai1="135,60,57,128,107,58,39,43,75,5,25,46,7" hai2="51,65,109,55,125,21,93,120,71,82,89,41,29" hai3="40,129,66,132,118,31,74,33,103,77,28,36,90"/><V45/><F120/><W37/><G118/><T26/><D2/><U49/><E107/><V86/><F125/><W50/><G103/><T130/><D13/><U105/><E105/><V102/><F109/><W133/><G66/><T24/><D35/><U11/><E75/><V101/><F71/><W22/><G33/><T12/><D12/><U6/><E135/><V76/><F65/><W79/><G74/><T81/><D59/><U34/><E39/><V114/><F114/><W1/><G1/><T127/><D127/><U88/><E128/><V121/><F121/><W18/><G90/><T48/><D48/><U54/><E58/><V94/><F94/><W123/><G129/><T64/><D64/><U92/><E34/><V104/><F104/><W73/><G50/><T52/><D52/><U44/><E44/><V98/><F55/><W3/><G3/><T19/><D19/><U112/><E112/><V20/><F20/><W42/><G123/><T126/><D130/><U67/><E25/><AGARI ba="1,0" hai="21,25,29,41,45,51,76,82,86,89,93,98,101,102" machi="25" ten="40,2000,0" yaku="8,1" doraHai="124" who="2" fromWho="1" sc="302,0,132,-23,402,23,164,0" /><INIT seed="6,2,0,3,5,13" ten="302,109,425,164" oya="2" hai0="129,97,92,0,128,44,76,64,5,3,25,80,72" hai1="2,122,133,134,40,81,63,69,36,125,14,32,27" hai2="88,22,91,71,94,29,111,90,18,106,17,79,74" hai3="65,15,52,118,123,61,130,87,107,4,58,39,104"/><V62/><F106/><W56/><G118/><T131/><D64/><N who="1" m="41119" /><E81/><V19/><F111/><W28/><G123/><T102/><D5/><U68/><E68/><V46/><F46/><W110/><G39/><T75/><D75/><U16/><E2/><V41/><F41/><W54/><G110/><T37/><D25/><U86/><E86/><V66/><F79/><W12/><G28/><T8/><D8/><N who="1" m="6215" /><E40/><AGARI ba="2,0" hai="0,3,37,40,44,72,76,80,92,97,102,128,129,131" machi="40" ten="40,1300,0" yaku="19,1" doraHai="13" who="0" fromWho="1" sc="302,19,109,-19,425,0,164,0" /><INIT seed="7,0,0,1,3,12" ten="321,90,425,164" oya="3" hai0="14,113,34,103,68,85,82,114,116,21,70,66,2" hai1="44,100,78,45,94,81,111,38,120,18,102,109,50" hai2="69,32,123,98,40,51,17,30,101,48,46,1,134" hai3="127,60,39,132,88,8,28,9,133,23,0,3,43"/><W90/><G39/><T135/><D116/><U131/><E120/><V41/><F69/><W67/><G43/><T122/><D34/><U93/><E38/><V112/><F1/><N who="3" m="587" /><G28/><T97/><D2/><U119/><E131/><V49/><F30/><W26/><G127/><T86/><D122/><U61/><E61/><V58/><F32/><W6/><G6/><T129/><D129/><U63/><E63/><V11/><F123/><W117/><G117/><T130/><D130/><U92/><E119/><V57/><F51/><W59/><G23/><T16/><D66/><U56/><E56/><V36/><F36/><W76/><G76/><T65/><D65/><U99/><E111/><V31/><F31/><W54/><G26/><T105/><D86/><U106/><E109/><V96/><F58/><W62/><G62/><T118/><D118/><U29/><E29/><V64/><F57/><W84/><G90/><T10/><D21/><U25/><E102/><V124/><F124/><W79/><G79/><T126/><D126/><U104/><E104/><V22/><F22/><W13/><G13/><T55/><D55/><U52/><E44/><V91/><F91/><W27/><G27/><T115/><D135/><N who="3" m="51785" /><G67/><T71/><D70/><U19/><REACH who="1" step="1"/><E25/><REACH who="1" ten="321,80,425,164" step="2"/><V87/><F134/><W73/><G73/><AGARI ba="0,1" hai="18,19,45,50,52,73,78,81,92,93,94,99,100,106" machi="73" ten="40,8000,1" yaku="1,1,2,1,52,2,54,1,53,0" doraHai="12" doraHaiUra="4" who="1" fromWho="3" sc="321,0,80,90,425,0,164,-80" owari="321,12.0,170,-23.0,425,53.0,84,-42.0" /></mjloggm>