<mjloggm ver="2.3"><GO type="185" lobby="0"/><UN n0="%E9%AC%BC" n1="%70%6F%6E%5F%6B%61%73%75" n2="%E3%81%82%E3%81%9F%E3%82%89%E3%81%AA%E3%81%84%E3%81%A7%EF%BC%81" n3="" dan="17,16,17,0" rate="2274.88,2145.21,2168.62,1500.00" sx="F,M,M,C"/><TAIKYOKU oya="0"/><INIT seed="0,0,0,0,4,37" ten="350,350,350,0" oya="0" hai0="93,100,73,42,65,126,131,133,121,67,50,51,110" hai1="54,117,81,57,1,52,40,74,106,107,46,114,125" hai2="92,130,83,62,48,123,78,82,70,115,68,61,44" hai3=""/><T135/><N who="0" m="31008" /><T60/><D126/><U84/><E117/><V63/><N who="2" m="31520" /><V45/><F115/><T105/><D105/><U32/><E114/><V43/><F130/><T101/><D73/><U55/><E125/><V116/><F116/><T76/><D76/><U120/><N who="1" m="30752" /><U113/><E113/><V89/><F45/><T77/><D77/><U122/><N who="1" m="31264" /><U72/><E32/><V104/><F104/><T36/><D93/><U132/><E1/><V88/><F89/><T38/><D110/><U90/><E132/><V109/><F109/><T119/><D131/><U99/><E107/><V118/><F118/><T86/><D86/><U111/><E111/><V0/><F0/><T71/><D119/><U91/><E57/><V124/><F124/><T87/><D87/><U85/><E99/><V127/><F127/><T108/><D108/><U35/><E35/><V2/><F2/><T129/><D129/><U53/><N who="1" m="13312" /><DORA hai="41" /><U59/><E59/><V79/><F79/><T66/><D66/><U75/><E75/><V95/><F68/><T34/><D34/><U3/><E3/><V103/><F70/><T58/><D71/><U96/><E96/><V128/><F128/><T47/><D133/><U33/><E33/><RYUUKYOKU ba="0,0" sc="350,0,350,0,350,0,0,0" /><INIT seed="1,1,0,5,3,0" ten="350,350,350,0" oya="1" hai0="110,124,70,106,58,41,1,42,104,129,108,93,94" hai1="74,120,79,123,2,3,133,116,67,88,60,39,56" hai2="46,51,75,135,71,109,114,43,68,69,48,40,118" hai3=""/><U54/><N who="1" m="30752" /><U130/><N who="1" m="31520" /><U83/><E116/><V72/><F118/><T63/><D70/><U97/><E39/><V127/><F114/><T87/><D124/><U45/><E133/><V119/><F119/><T101/><D129/><U126/><E130/><V95/><F135/><T85/><D63/><U90/><E126/><V33/><F127/><T57/><D101/><U65/><E90/><V113/><F113/><T128/><D128/><U111/><E111/><V125/><F68/><T99/><D99/><U117/><E117/><V38/><F69/><T98/><D98/><U59/><E45/><V107/><F107/><T115/><D115/><U91/><E91/><V52/><F72/><T34/><D1/><U50/><REACH who="1" step="1"/><E67/><REACH who="1" ten="350,340,350,0" step="2"/><V35/><F125/><T55/><D110/><U44/><E44/><V105/><F109/><T36/><D108/><U102/><E102/><V86/><F35/><T49/><D36/><U134/><E134/><V92/><F38/><T122/><N who="0" m="31264" /><T81/><D34/><U64/><E64/><V53/><F33/><T82/><D55/><U89/><E89/><V78/><F71/><T103/><D103/><U80/><E80/><V61/><F105/><T131/><D131/><U100/><E100/><RYUUKYOKU type="nm" ba="1,1" sc="350,-20,340,-40,350,60,0,0" hai0="41,42,49,57,58,81,82,85,87,93,94,104,106" hai1="2,3,50,54,56,59,60,65,74,79,83,88,97" /><INIT seed="1,2,1,3,3,90" ten="330,300,410,0" oya="1" hai0="86,34,74,107,54,33,134,81,96,66,117,55,97" hai1="45,92,80,37,71,56,102,2,72,106,130,65,132" hai2="133,73,115,131,128,0,135,69,127,75,1,78,57" hai3=""/><U39/><E2/><V42/><F69/><T100/><D134/><N who="2" m="51210" /><F115/><T44/><D117/><U89/><E132/><V88/><F42/><T46/><D66/><U99/><E130/><N who="2" m="49707" /><F57/><T51/><D74/><N who="2" m="28170" /><F78/><T43/><D55/><U63/><E45/><V53/><F53/><T85/><D33/><U35/><E71/><V83/><F83/><T61/><D34/><U123/><N who="1" m="31520" /><U79/><REACH who="1" step="1"/><E35/><REACH who="1" ten="330,290,410,0" step="2"/><V48/><F0/><T118/><D44/><U58/><E58/><V112/><F1/><T95/><D118/><U121/><N who="1" m="31008" /><U108/><E108/><V122/><F112/><T3/><D3/><U82/><E82/><V104/><F122/><T126/><D81/><U111/><E111/><V68/><F68/><T119/><D119/><U77/><E77/><V52/><F48/><T124/><D43/><U98/><AGARI ba="2,2" hai="37,39,56,63,65,72,79,80,89,92,98,99,102,106" m="31008,31520" machi="98" ten="20,12000,2" yaku="1,1,0,1,7,1,52,3,53,1" doraHai="90" doraHaiUra="101" who="1" fromWho="1" sc="330,-62,290,144,410,-62,0,0" /><INIT seed="1,3,0,2,5,111" ten="268,434,348,0" oya="1" hai0="93,38,32,90,102,94,91,82,2,89,45,92,120" hai1="68,50,49,84,42,132,64,43,110,95,78,57,128" hai2="76,105,40,69,81,108,44,48,72,56,123,104,33" hai3=""/><U34/><E34/><V52/><N who="2" m="31520" /><V114/><F33/><T51/><N who="0" m="30752" /><T118/><D32/><U101/><E110/><V37/><F108/><T73/><D38/><U46/><E128/><V65/><REACH who="2" step="1"/><F114/><REACH who="2" ten="268,434,338,0" step="2"/><T103/><D118/><U126/><E132/><V35/><F35/><T106/><D2/><U88/><E126/><V71/><F71/><T60/><D106/><U67/><E68/><V3/><F3/><T113/><D113/><U74/><E101/><V122/><N who="2" m="31264" /><V70/><F70/><T77/><REACH who="0" step="1"/><D60/><AGARI ba="3,1" hai="37,40,44,48,52,56,60,65,69,72,76,81,104,105" m="31264,31520" machi="60" ten="40,12000,2" yaku="1,1,24,2,52,2,54,1,53,0" doraHai="111" doraHaiUra="87" who="2" fromWho="0" sc="268,-126,434,0,338,136,0,0" /><INIT seed="2,0,0,5,0,96" ten="142,434,474,0" oya="2" hai0="101,129,1,72,53,80,132,69,55,40,78,35,65" hai1="130,121,34,123,92,111,103,48,118,41,127,49,95" hai2="86,42,122,114,63,59,70,76,107,39,87,124,97" hai3=""/><V83/><N who="2" m="31264" /><V125/><F114/><T113/><D35/><U51/><N who="1" m="31008" /><U75/><N who="1" m="31520" /><U36/><E34/><V32/><F32/><T47/><D1/><U84/><E75/><V110/><F70/><T89/><D129/><U117/><E130/><V88/><F110/><T131/><D131/><U91/><E111/><V77/><F42/><T52/><D132/><U74/><E74/><V0/><F39/><T90/><D113/><U62/><E62/><V79/><F0/><T46/><D46/><U85/><E127/><N who="2" m="48715" /><F107/><T43/><D43/><U45/><REACH who="1" step="1"/><E85/><REACH who="1" ten="142,424,474,0" step="2"/><V128/><F128/><T102/><D69/><U99/><AGARI ba="0,1" hai="36,41,45,48,49,51,84,91,92,95,99,103,117,118" m="31520,31008" machi="99" ten="30,9000,2" yaku="1,1,2,1,0,1,52,3,53,0" doraHai="96" doraHaiUra="133" who="1" fromWho="1" sc="142,-30,424,100,474,-60,0,0" /><INIT seed="4,0,0,4,3,76" ten="112,524,414,0" oya="0" hai0="72,75,96,129,44,78,40,55,133,33,49,94,102" hai1="43,84,34,113,66,62,122,45,92,42,128,68,0" hai2="67,100,51,65,104,59,127,105,36,132,46,90,119" hai3=""/><T134/><D33/><U57/><N who="1" m="31264" /><U91/><E34/><V88/><F119/><T3/><D3/><U95/><E0/><V80/><F127/><T81/><D129/><U58/><E128/><V115/><F132/><T124/><D124/><U112/><E95/><V98/><F36/><T93/><D72/><U111/><E111/><V89/><F115/><N who="1" m="44105" /><E42/><V47/><F104/><T125/><D125/><U1/><E1/><V108/><F108/><T85/><REACH who="0" step="1"/><D40/><REACH who="0" ten="102,524,414,0" step="2"/><U50/><AGARI ba="0,1" hai="43,45,50,57,58,62,66,68,84,91,92" m="44105,31264" machi="50" ten="30,3000,0" yaku="15,1,11,1,52,1" doraHai="76" who="1" fromWho="1" sc="102,-20,524,40,414,-10,0,0" /><INIT seed="5,0,0,1,5,36" ten="82,564,404,0" oya="1" hai0="105,46,119,122,109,73,68,132,41,95,127,77,40" hai1="59,93,32,86,66,104,87,74,113,44,51,49,100" hai2="45,69,33,98,65,37,117,62,97,55,85,124,48" hai3=""/><U52/><E32/><V57/><F33/><T60/><N who="0" m="31264" /><T50/><D109/><U70/><E113/><V133/><F117/><T43/><D105/><U72/><E70/><V42/><F124/><T112/><D95/><U78/><E66/><V106/><F133/><T110/><D110/><U58/><E58/><V54/><F106/><T1/><D1/><U34/><E34/><V123/><N who="2" m="31520" /><V120/><N who="2" m="30752" /><V108/><F108/><T3/><D3/><U39/><E39/><V118/><F118/><T56/><D77/><U101/><E100/><V134/><F134/><T83/><D83/><U89/><E86/><V80/><F55/><T0/><D0/><U76/><E101/><V47/><F47/><T82/><D127/><U63/><E63/><V102/><F102/><T88/><D119/><U131/><E104/><V125/><F125/><T75/><D132/><U114/><E114/><V115/><F115/><T135/><D112/><U126/><E126/><V116/><F116/><T53/><D135/><U91/><E52/><V2/><F2/><T103/><D103/><U107/><E44/><V92/><F92/><T90/><D46/><U99/><E93/><V128/><F128/><T38/><D53/><U35/><E131/><RYUUKYOKU ba="0,0" sc="82,-10,564,-10,404,20,0,0" hai2="37,42,45,48,54,57,62,65,69,80,85,97,98" /><INIT seed="6,1,0,5,1,76" ten="72,554,424,0" oya="2" hai0="98,105,106,102,47,42,41,101,61,115,72,33,83" hai1="88,104,57,129,110,128,87,43,52,66,119,113,97" hai2="71,50,127,64,46,112,2,92,132,54,120,99,116" hai3=""/><V35/><N who="2" m="30752" /><V133/><F2/><T114/><D61/><U73/><E110/><V96/><F35/><T134/><D134/><N who="2" m="51818" /><F116/><T65/><D65/><U36/><E119/><V124/><F112/><T100/><D33/><U86/><E113/><V40/><F71/><T121/><N who="0" m="31008" /><T69/><D69/><U89/><E73/><V103/><F64/><T81/><D72/><U80/><E66/><V55/><F99/><T117/><D117/><U45/><E104/><V58/><F55/><T108/><D108/><U126/><E97/><V32/><F32/><T1/><D98/><U111/><E111/><V49/><AGARI ba="1,0" hai="40,46,49,50,54,58,92,96,103,124,127" m="51818,30752" machi="49" ten="30,2000,0" yaku="20,1,52,1" doraHai="76" who="2" fromWho="2" sc="72,-11,554,-11,424,22,0,0" /><INIT seed="6,2,0,0,4,56" ten="61,543,446,0" oya="2" hai0="33,98,41,124,90,116,0,38,71,51,94,63,109" hai1="64,77,121,135,75,40,118,129,125,58,47,123,46" hai2="93,66,54,108,79,86,112,48,55,92,113,36,122" hai3=""/><V110/><N who="2" m="31264" /><V106/><F106/><T57/><D94/><N who="2" m="36458" /><F36/><T119/><D98/><U100/><E100/><V65/><F79/><T76/><D90/><U81/><E118/><V82/><F86/><T32/><D76/><U50/><E129/><V67/><F82/><T117/><D0/><U120/><E135/><V114/><F48/><T130/><D130/><U89/><E89/><V59/><F59/><T78/><D78/><U132/><E132/><V88/><F88/><T53/><D32/><U107/><E107/><V61/><F61/><T83/><D83/><U104/><E104/><V70/><F70/><T73/><D33/><U45/><REACH who="1" step="1"/><E125/><REACH who="1" ten="61,533,446,0" step="2"/><V52/><AGARI ba="2,1" hai="52,54,55,65,66,67,108,110,112,113,114" m="36458,31264" machi="52" ten="50,12000,2" yaku="29,2,28,2,15,1,52,1,54,1" doraHai="56" who="2" fromWho="2" sc="61,-62,533,-62,446,134,0,0" owari="-1,-60.0,471,7.0,580,53.0,0,0.0" /></mjloggm>