<mjloggm ver="2.3"><GO type="169" lobby="0"/><UN n0="%E3%81%8A%E3%82%8A%E3%81%BE%E3%81%A4" n1="%E9%8A%80%E8%89%B2%E3%81%84%E3%81%8C%E3%81%90%E3%82%8A" n2="%E6%B9%98%E5%8C%97%E2%91%AD%E4%B8%89%E4%BA%95%E5%AF%BF" n3="%E5%AB%8C%E7%85%99%E5%A4%96%E7%A7%91%E5%8C%BB" dan="16,18,17,17" rate="2100.68,2284.19,2149.87,2151.53" sx="M,M,M,M"/><TAIKYOKU oya="0"/><INIT seed="0,0,0,0,5,37" ten="250,250,250,250" oya="0" hai0="15,52,76,86,8,100,14,91,135,11,73,99,122" hai1="66,92,29,126,50,9,32,64,24,2,124,58,109" hai2="69,131,34,75,53,18,85,23,116,94,78,123,42" hai3="114,89,21,22,117,133,105,79,129,35,130,27,134"/><T28/><D122/><U51/><E109/><V112/><F34/><W56/><G105/><T80/><D135/><N who="3" m="51721" /><G79/><T47/><D28/><U115/><E115/><V26/><F69/><W96/><G56/><T70/><D70/><U0/><E92/><V121/><F112/><W59/><G59/><T87/><D14/><U10/><E58/><V128/><F75/><W6/><G89/><T103/><D103/><U40/><E29/><V118/><F53/><W12/><G96/><T31/><D31/><U77/><E77/><V17/><F42/><W19/><G114/><T95/><D15/><U25/><E32/><V38/><F38/><W4/><G35/><T62/><D86/><U74/><E74/><V108/><F94/><W82/><G82/><T88/><D91/><U16/><E16/><N who="2" m="6251" /><F85/><W39/><G39/><T71/><D62/><U57/><E57/><V97/><F97/><W101/><G101/><T84/><D84/><U111/><E111/><V3/><F78/><W125/><G117/><N who="2" m="45161" /><F108/><W132/><G132/><T81/><D71/><U72/><E72/><V127/><F3/><W83/><G83/><T110/><D110/><U54/><E54/><V43/><F43/><AGARI ba="0,0" hai="0,2,9,10,24,25,40,43,50,51,64,66,124,126" machi="43" ten="25,6400,0" yaku="22,2,52,2" doraHai="37" who="1" fromWho="2" sc="250,0,250,64,250,-64,250,0" /><INIT seed="1,0,0,0,4,36" ten="250,314,186,250" oya="1" hai0="2,51,101,57,82,5,29,89,14,68,75,86,52" hai1="112,65,72,105,46,100,94,40,6,93,111,15,99" hai2="108,16,56,115,12,104,13,20,66,120,98,127,78" hai3="107,19,61,64,31,48,119,110,131,88,34,41,91"/><U133/><E112/><V35/><F120/><W47/><G107/><T102/><D68/><U32/><E133/><V18/><F35/><W113/><G113/><T118/><D118/><U23/><E32/><V76/><F115/><W116/><G19/><T3/><D75/><U134/><E134/><V59/><F127/><W74/><G74/><T106/><D29/><U22/><E72/><V109/><F98/><W0/><G0/><T1/><REACH who="0" step="1"/><D106/><REACH who="0" ten="240,314,186,250" step="2"/><U132/><E132/><V114/><F104/><W124/><G124/><T42/><D42/><U125/><E125/><V128/><F114/><W103/><G103/><T83/><D83/><U117/><E117/><N who="3" m="45130" /><G131/><T30/><D30/><U58/><E105/><V17/><F128/><W80/><G80/><T90/><D90/><U126/><E126/><V129/><F129/><W37/><G110/><N who="2" m="42601" /><F20/><W50/><G31/><T10/><AGARI ba="0,1" hai="1,2,3,5,10,14,51,52,57,82,86,89,101,102" machi="10" ten="40,8000,1" yaku="1,1,0,1,54,1,53,1" doraHai="36" doraHaiUra="53" who="0" fromWho="0" sc="240,90,314,-40,186,-20,250,-20" /><INIT seed="2,0,0,4,1,66" ten="330,274,166,230" oya="2" hai0="47,1,87,44,106,25,57,109,62,18,34,128,90" hai1="89,2,123,78,67,31,35,15,30,83,84,45,114" hai2="43,72,70,93,42,122,94,21,77,37,125,132,22" hai3="54,19,133,86,134,126,60,7,80,53,52,68,14"/><V120/><F72/><W55/><G7/><T8/><D109/><U39/><E114/><V69/><F77/><W113/><G113/><T27/><D106/><U12/><E2/><V5/><F5/><W115/><G115/><T59/><D1/><U29/><E123/><V112/><F112/><W50/><G126/><T119/><D128/><U85/><E35/><V110/><F110/><W98/><G98/><T33/><D59/><U108/><E108/><V23/><F37/><W130/><G130/><T131/><D131/><U103/><E103/><V61/><F61/><W32/><G32/><T74/><D74/><U65/><E45/><V75/><F75/><W20/><G68/><N who="2" m="26217" /><F125/><W16/><G19/><T11/><D33/><U76/><E39/><V56/><F56/><W117/><G60/><T17/><D34/><U41/><E41/><N who="2" m="15371" /><F132/><W6/><G6/><T24/><D18/><U49/><E49/><V82/><F82/><W10/><G20/><T3/><D17/><U92/><E78/><V102/><F102/><W116/><G134/><T71/><D3/><U64/><AGARI ba="0,0" hai="12,15,29,30,31,64,65,67,76,83,84,85,89,92" machi="64" ten="30,2000,0" yaku="0,1,8,1" doraHai="66" who="1" fromWho="1" sc="330,-5,274,20,166,-10,230,-5" /><INIT seed="3,0,0,5,1,126" ten="325,294,156,225" oya="3" hai0="59,79,105,62,41,125,112,123,52,42,89,36,127" hai1="69,39,82,115,57,7,92,116,60,135,0,51,87" hai2="46,93,17,21,129,74,86,96,113,73,10,131,5" hai3="24,97,16,15,1,45,85,4,64,9,72,30,133"/><W31/><G72/><T37/><D105/><U117/><E115/><V101/><F113/><W111/><G133/><T22/><D112/><U128/><E135/><V91/><F46/><W68/><G111/><T58/><D79/><U90/><E39/><N who="0" m="14921" /><D89/><U40/><E69/><V28/><F28/><W48/><G85/><T99/><D22/><U38/><E38/><V108/><F108/><W65/><G97/><T49/><D99/><U61/><E128/><N who="2" m="49227" /><F17/><W100/><G100/><T66/><D123/><U94/><E40/><AGARI ba="0,0" hai="40,41,42,49,52,58,59,62,66,125,127" m="14921" machi="40" ten="30,3900,0" yaku="34,2,54,1" doraHai="126" who="0" fromWho="1" sc="325,39,294,-39,156,0,225,0" /><INIT seed="4,0,0,2,4,23" ten="364,255,156,225" oya="0" hai0="97,101,109,15,61,46,75,66,62,18,33,31,111" hai1="117,83,0,128,126,119,11,43,90,94,88,20,50" hai2="21,133,4,71,45,5,49,125,69,36,39,67,25" hai3="93,35,10,115,79,48,51,9,12,112,85,24,89"/><T80/><D46/><U54/><E128/><V37/><F125/><W99/><G10/><T57/><D75/><U84/><E126/><V63/><F133/><W87/><G51/><T14/><D80/><U108/><E108/><V131/><F131/><W38/><G38/><T118/><D118/><U52/><E117/><V98/><F71/><W116/><G48/><T22/><D15/><U74/><E119/><V121/><F121/><W72/><G72/><T81/><D81/><U129/><E129/><V76/><F98/><W113/><G79/><T3/><D3/><U29/><E74/><V123/><F76/><W16/><G116/><T26/><REACH who="0" step="1"/><D62/><REACH who="0" ten="354,255,156,225" step="2"/><U6/><E43/><V70/><F123/><W107/><G107/><AGARI ba="0,1" hai="14,18,22,26,31,33,57,61,66,97,101,107,109,111" machi="107" ten="40,12000,1" yaku="1,1,2,1,52,1,53,1" doraHai="23" doraHaiUra="8" who="0" fromWho="3" sc="354,130,255,0,156,0,225,-120" /><INIT seed="4,1,0,5,1,85" ten="484,255,156,105" oya="0" hai0="129,118,45,86,122,67,131,109,127,33,58,20,90" hai1="112,42,98,6,106,11,124,8,24,110,21,94,34" hai2="107,92,61,80,96,75,23,49,68,99,108,130,125" hai3="119,37,64,89,102,32,134,57,82,48,132,55,31"/><T28/><D118/><U69/><E110/><V93/><F108/><W51/><G37/><T70/><D122/><U79/><E124/><V120/><F120/><W44/><G102/><T97/><D127/><U66/><E112/><V13/><F125/><W54/><G119/><T83/><D70/><U84/><E34/><V10/><F107/><W5/><G5/><T36/><D33/><U26/><E106/><V65/><F130/><W15/><G15/><T87/><D97/><U3/><E42/><V88/><F23/><W71/><G71/><T74/><D74/><U121/><E121/><V104/><F104/><W73/><G64/><T115/><D115/><U114/><E11/><V27/><F27/><W9/><G9/><T16/><D28/><U78/><E26/><V103/><F49/><W38/><G38/><T60/><D109/><U14/><E3/><V126/><F126/><W133/><G31/><T41/><REACH who="0" step="1"/><D86/><REACH who="0" ten="474,255,156,105" step="2"/><U72/><E72/><V39/><F39/><W105/><G32/><T63/><D63/><U77/><E84/><V25/><F75/><W76/><G105/><T95/><D95/><U47/><E114/><V91/><F80/><W7/><G7/><T29/><D29/><N who="1" m="17551" /><E94/><V81/><F81/><W2/><G2/><T18/><D18/><U30/><E98/><V59/><F68/><W22/><G22/><T111/><D111/><U62/><E30/><V35/><F35/><W113/><G113/><T117/><D117/><U53/><E78/><V56/><F103/><W19/><G19/><T100/><D100/><U40/><E77/><V17/><F25/><AGARI ba="1,1" hai="16,20,25,36,41,45,58,60,67,83,87,90,129,131" machi="25" ten="40,12000,1" yaku="1,1,6,1,52,1,54,1,53,0" doraHai="85" doraHaiUra="101" who="0" fromWho="2" sc="474,133,255,0,156,-123,105,0" /><INIT seed="4,2,0,4,0,75" ten="607,255,33,105" oya="0" hai0="77,45,58,23,62,91,32,93,129,74,69,127,85" hai1="117,38,109,53,42,89,135,68,80,9,67,126,46" hai2="72,64,113,50,111,104,27,21,97,125,63,114,28" hai3="92,37,83,35,134,65,98,2,1,71,14,73,130"/><T10/><D32/><U47/><E109/><V122/><F111/><W55/><G37/><T115/><D115/><U51/><E117/><V112/><F122/><W20/><G35/><T31/><D69/><U13/><E135/><V4/><F125/><W59/><G65/><T132/><D129/><U88/><E126/><V15/><F72/><W8/><G71/><T39/><D132/><U66/><E68/><V100/><F50/><W34/><G20/><T123/><D10/><U61/><E61/><V120/><F120/><W102/><G34/><T105/><D105/><U60/><E60/><V87/><F87/><W18/><G134/><T107/><D107/><U54/><E54/><V17/><F4/><W79/><REACH who="3" step="1"/><G130/><REACH who="3" ten="607,255,33,95" step="2"/><T11/><D23/><U128/><E128/><V56/><REACH who="2" step="1"/><F114/><REACH who="2" ten="607,255,23,95" step="2"/><W108/><G108/><T0/><D127/><U24/><E38/><V12/><F12/><W36/><G36/><T52/><D39/><U48/><E13/><V94/><F94/><W106/><G106/><T124/><D93/><U76/><E24/><V96/><F96/><W43/><G43/><T49/><D124/><U70/><E42/><V6/><F6/><W16/><G16/><T3/><D123/><U41/><E41/><V95/><F95/><W26/><G26/><T119/><D0/><U99/><E99/><V86/><F86/><W121/><G121/><T118/><D85/><U40/><E40/><V81/><F81/><W82/><G82/><T101/><D3/><U110/><E80/><V116/><F116/><W133/><G133/><T84/><D84/><U22/><E110/><RYUUKYOKU ba="2,2" sc="607,-15,255,-15,23,15,95,15" hai2="15,17,21,27,28,56,63,64,97,100,104,112,113" hai3="1,2,8,14,18,55,59,73,79,83,92,98,102" /><INIT seed="5,3,2,0,3,36" ten="592,240,38,110" oya="1" hai0="38,107,82,81,0,56,108,76,4,88,123,12,50" hai1="125,34,8,23,3,6,109,92,128,37,43,10,22" hai2="60,51,98,19,132,113,59,91,100,111,9,84,67" hai3="110,30,46,101,20,31,115,105,83,40,85,47,89"/><U104/><E104/><V71/><F111/><W44/><G110/><T18/><D38/><U26/><E109/><V72/><F72/><W21/><G115/><T94/><D107/><U29/><E128/><V48/><F113/><W129/><G129/><T93/><D93/><U65/><E125/><V14/><F132/><W80/><G105/><T27/><D27/><U117/><E65/><V63/><F98/><W15/><G101/><T134/><D4/><N who="1" m="1055" /><E43/><V133/><F100/><W42/><G15/><T7/><D134/><U122/><E92/><V79/><F79/><W114/><G114/><T64/><D64/><U16/><E37/><V55/><REACH who="2" step="1"/><F133/><REACH who="2" ten="592,240,28,110" step="2"/><W17/><G85/><T2/><D76/><U74/><E74/><V70/><F70/><W33/><G89/><T77/><D88/><U73/><E73/><V45/><F45/><W41/><G47/><T106/><D77/><U124/><E124/><V116/><F116/><W127/><G42/><T11/><D108/><U53/><E117/><V99/><F99/><W32/><G127/><T1/><D106/><U61/><E122/><V35/><F35/><W135/><G135/><T69/><D69/><U96/><E96/><V86/><F86/><W103/><G103/><T68/><D68/><U57/><E34/><V49/><F49/><W75/><G75/><T62/><D50/><U121/><E121/><V54/><F54/><W39/><G39/><T130/><D123/><U66/><E53/><V58/><F58/><W120/><G120/><T126/><D126/><U78/><E78/><V112/><F112/><W119/><G119/><RYUUKYOKU ba="3,3" sc="592,-15,240,-15,28,15,110,15" hai2="9,14,19,48,51,55,59,60,63,67,71,84,91" hai3="17,20,21,30,31,32,33,40,41,44,46,80,83" /><INIT seed="6,4,3,0,2,106" ten="577,225,43,125" oya="2" hai0="118,11,38,122,116,98,89,46,109,113,76,63,75" hai1="29,81,57,112,44,78,91,99,127,19,121,53,90" hai2="92,16,30,47,64,40,5,62,73,72,60,85,101" hai3="26,9,25,93,105,66,59,88,119,67,69,7,27"/><V33/><F5/><W58/><G105/><T68/><D109/><U115/><E127/><V42/><F42/><W132/><G119/><T2/><D122/><U32/><E121/><V17/><F62/><W120/><G120/><T37/><D113/><N who="1" m="43595" /><E44/><V36/><F30/><W79/><G79/><T74/><D98/><U126/><E126/><V23/><F33/><W8/><G69/><T18/><D89/><U100/><E19/><V117/><F117/><W45/><G45/><T131/><D131/><U102/><E102/><V104/><F17/><W1/><G1/><T94/><D94/><N who="1" m="58487" /><E29/><V107/><F104/><W21/><G7/><N who="0" m="1527" /><D18/><U0/><E0/><V128/><F107/><W6/><G6/><T10/><D10/><U83/><E83/><V96/><F85/><W28/><G9/><T41/><D37/><U84/><E32/><V71/><F128/><W77/><G8/><T55/><D55/><U114/><E114/><V129/><F129/><W123/><G123/><T43/><D43/><U13/><E13/><AGARI ba="4,3" hai="13,16,23,36,40,47,60,64,71,72,73,92,96,101" machi="13" ten="30,11600,0" yaku="7,1,52,2,54,1" doraHai="106" who="2" fromWho="1" sc="577,0,225,-128,43,158,125,0" /><INIT seed="6,5,0,5,3,111" ten="577,97,201,125" oya="2" hai0="67,1,17,44,105,53,112,73,42,78,126,52,65" hai1="118,26,15,122,66,109,35,85,55,27,45,8,125" hai2="23,133,104,56,47,74,72,49,94,124,120,101,75" hai3="103,119,4,28,134,48,96,68,129,24,87,9,54"/><V110/><F120/><W81/><G68/><T29/><D112/><U63/><E109/><V34/><F34/><W86/><G119/><T36/><D105/><U84/><E118/><V71/><F71/><W57/><G134/><T121/><D121/><U22/><E35/><V128/><F104/><W98/><G129/><T39/><D29/><U0/><E0/><V58/><F124/><W59/><G59/><T25/><D39/><U90/><E125/><V38/><F38/><W12/><G103/><T16/><D1/><U19/><E122/><V107/><F107/><W50/><G50/><T127/><D126/><U10/><E84/><V7/><F75/><W117/><G87/><T31/><D67/><U108/><E108/><V92/><F128/><W99/><G117/><T46/><D65/><U77/><E77/><V32/><F32/><W62/><G24/><N who="1" m="9258" /><E66/><V60/><F74/><W132/><G132/><T123/><D123/><U106/><E106/><V95/><F72/><W97/><G97/><T37/><D78/><U80/><E45/><V41/><F133/><W30/><G62/><T13/><D73/><U135/><E135/><V21/><F110/><W18/><G4/><T76/><D76/><AGARI ba="5,0" hai="9,12,18,28,30,48,54,57,76,81,86,96,98,99" machi="76" ten="40,1300,0" yaku="8,1" doraHai="111" who="3" fromWho="0" sc="577,-28,97,0,201,0,125,28" /><INIT seed="7,0,0,2,0,8" ten="549,97,201,153" oya="3" hai0="91,69,38,105,23,47,62,98,92,101,87,118,79" hai1="110,16,113,82,43,51,1,72,13,124,24,68,123" hai2="61,49,135,133,66,26,11,93,108,96,97,64,19" hai3="44,67,41,129,58,122,4,27,60,104,102,39,46"/><W88/><G122/><T31/><D118/><U132/><E110/><V74/><F74/><W33/><G129/><T42/><D69/><U128/><E123/><V119/><F119/><W99/><G4/><T21/><D31/><U50/><E1/><V76/><F76/><W5/><G5/><T14/><D62/><U109/><E68/><V117/><F117/><W134/><G134/><T25/><D25/><U18/><E132/><V84/><F108/><W28/><G46/><T90/><D14/><U89/><E109/><V116/><F116/><W100/><G100/><T59/><D59/><U106/><E106/><V115/><F115/><W95/><G104/><T83/><D91/><U10/><E113/><V130/><F49/><W40/><G40/><T30/><D30/><U36/><E128/><V65/><F61/><W125/><G125/><T2/><REACH who="0" step="1"/><D2/><REACH who="0" ten="539,97,201,153" step="2"/><U45/><E124/><V73/><F26/><W55/><G88/><T75/><AGARI ba="0,1" hai="21,23,38,42,47,75,79,83,87,90,92,98,101,105" machi="75" ten="20,12000,2" yaku="1,1,2,1,0,1,7,1,24,2,53,0" doraHai="8" doraHaiUra="20" who="0" fromWho="0" sc="539,130,97,-30,201,-30,153,-60" owari="669,77.0,67,-43.0,171,-3.0,93,-31.0" /></mjloggm>