<mjloggm ver="2.3"><GO type="169" lobby="0"/><UN n0="%E6%AD%8C%E8%88%9E%E4%BC%8E%E5%90%9B" n1="%E3%83%AB%E3%82%A2%E3%82%B4%E3%82%A4%E3%83%95" n2="%E3%83%AB%E3%83%AB%E5%8F%82%E4%B8%8A" n3="%52%59%4F%40%53%53" dan="16,17,17,18" rate="2086.77,2089.13,2175.53,2223.01" sx="M,M,F,M"/><TAIKYOKU oya="0"/><INIT seed="0,0,0,4,1,64" ten="250,250,250,250" oya="0" hai0="63,114,106,9,122,101,59,87,21,93,134,41,89" hai1="16,88,69,5,17,80,104,26,97,98,15,109,126" hai2="82,120,76,52,107,60,48,111,108,83,43,22,112" hai3="84,49,27,3,85,95,68,38,130,132,61,39,46"/><T86/><D122/><U54/><E109/><N who="2" m="42059" /><F120/><W77/><G3/><T91/><D114/><U70/><E126/><V113/><F107/><W29/><G130/><T110/><D110/><U67/><E5/><V50/><F82/><W129/><G129/><T81/><D134/><U23/><E54/><V45/><F60/><W13/><G132/><T135/><D135/><U73/><E67/><V133/><F22/><W25/><G13/><T123/><D123/><U72/><E72/><N who="2" m="43399" /><F133/><W30/><G61/><T56/><D41/><U115/><E115/><V79/><F79/><W57/><G77/><T51/><D9/><U92/><E73/><V102/><F102/><W42/><G95/><T1/><D106/><U96/><E80/><V7/><F7/><W24/><G85/><T33/><D33/><U20/><REACH who="1" step="1"/><E104/><REACH who="1" ten="250,240,250,250" step="2"/><V124/><F124/><W12/><G42/><T119/><D81/><U40/><E40/><V0/><F0/><W118/><G39/><T121/><D1/><U58/><E58/><AGARI ba="0,1" hai="43,45,48,50,52,58,112,113" m="43399,42059" machi="58" ten="30,2000,0" yaku="14,1,54,1" doraHai="64" who="2" fromWho="1" sc="250,0,240,-20,250,30,250,0" /><INIT seed="1,0,0,1,4,119" ten="250,220,280,250" oya="1" hai0="16,90,107,32,81,60,62,30,115,58,127,49,2" hai1="132,47,108,70,92,83,50,72,42,40,54,26,4" hai2="96,53,61,80,39,15,128,6,93,17,63,25,123" hai3="59,45,76,118,110,44,31,88,5,99,11,71,102"/><U105/><E105/><V21/><F39/><W101/><G71/><T14/><D2/><U106/><E106/><V57/><F128/><W129/><G118/><T13/><D107/><U95/><E4/><V33/><F123/><W19/><G31/><T8/><D115/><U85/><E72/><V67/><F33/><W1/><G76/><T75/><D127/><U10/><E132/><V34/><F34/><W100/><G129/><T38/><D38/><U120/><E120/><V134/><F134/><W20/><G110/><T52/><D32/><U56/><E70/><V103/><F80/><W131/><G59/><T97/><D30/><U12/><E26/><V37/><F37/><W29/><G29/><T104/><D75/><U124/><E124/><V130/><F130/><W48/><G131/><T65/><D104/><U86/><E108/><V73/><F73/><W78/><G78/><T69/><D14/><U41/><E56/><N who="2" m="37351" /><F6/><W89/><G99/><T84/><D97/><U112/><E112/><V77/><F77/><W87/><G87/><N who="1" m="33290" /><E83/><V9/><F25/><W135/><G45/><T55/><REACH who="0" step="1"/><D49/><REACH who="0" ten="240,220,280,250" step="2"/><U116/><E116/><V28/><F28/><W18/><G135/><T46/><D46/><U7/><AGARI ba="0,1" hai="7,10,12,40,41,42,47,50,54,92,95" m="33290" machi="7" ten="30,1500,0" yaku="8,1" doraHai="119" who="1" fromWho="1" sc="240,-5,220,25,280,-5,250,-5" /><INIT seed="1,1,0,3,2,114" ten="235,245,275,245" oya="1" hai0="13,25,8,87,45,22,53,44,80,48,74,30,105" hai1="88,111,16,63,4,29,2,19,118,131,68,66,0" hai2="90,99,83,38,77,103,40,9,133,12,121,102,17" hai3="61,106,20,14,84,109,60,126,24,89,11,31,70"/><U56/><E131/><V39/><F121/><W55/><G106/><T69/><D105/><U76/><E118/><V54/><F133/><W1/><G126/><T97/><D69/><U128/><E128/><V35/><F35/><W46/><G1/><T135/><D135/><U26/><E76/><V23/><F40/><W27/><G27/><T51/><D74/><U96/><E68/><V41/><F41/><W6/><G70/><T120/><D97/><U104/><E111/><V43/><F43/><W5/><G5/><T95/><D95/><U3/><E4/><V37/><F54/><W124/><G124/><T108/><D108/><U58/><E58/><V125/><F125/><W59/><G46/><N who="0" m="27895" /><D120/><U67/><E67/><V92/><REACH who="2" step="1"/><F9/><REACH who="2" ten="235,245,265,245" step="2"/><W107/><G109/><T85/><D48/><U62/><E62/><V65/><F65/><W110/><G110/><T42/><D42/><U134/><E134/><V117/><F117/><W91/><G61/><T57/><D57/><U10/><E10/><V116/><F116/><W129/><G129/><T101/><D45/><U36/><E36/><V52/><F52/><W79/><G60/><T127/><D44/><U21/><REACH who="1" step="1"/><E104/><REACH who="1" ten="235,235,265,245" step="2"/><V78/><F78/><W15/><G107/><T122/><D127/><U50/><E50/><V93/><F93/><AGARI ba="1,2" hai="0,2,3,16,19,21,26,29,56,63,66,88,93,96" machi="93" ten="40,18000,2" yaku="1,1,54,2,53,3" doraHai="114" doraHaiUra="32" who="1" fromWho="2" sc="235,0,235,203,265,-183,245,0" /><INIT seed="1,2,0,5,1,30" ten="235,438,82,245" oya="1" hai0="13,64,110,21,97,63,4,121,65,36,47,81,90" hai1="100,57,128,96,119,104,131,133,118,95,80,9,28" hai2="54,116,111,71,105,22,34,43,86,61,129,26,99" hai3="78,79,66,33,67,49,8,103,50,20,29,5,69"/><U12/><E28/><V124/><F116/><N who="1" m="44585" /><E57/><V77/><F43/><W108/><G108/><T48/><D110/><U87/><E12/><V73/><F73/><W83/><G103/><T38/><D121/><U23/><E23/><V19/><F111/><W59/><G69/><T37/><D64/><U101/><E9/><V127/><F129/><N who="1" m="49737" /><E133/><V45/><F71/><W39/><G39/><T109/><D109/><U24/><E24/><V0/><F0/><W126/><G20/><T52/><D4/><U85/><E80/><V60/><F77/><W62/><G78/><T44/><D81/><U35/><E35/><V72/><F34/><W75/><G67/><T93/><D47/><U107/><E101/><V125/><F45/><W88/><G33/><T53/><D53/><U102/><E102/><N who="2" m="62687" /><F54/><W31/><G31/><T130/><D130/><U112/><E112/><V17/><F17/><W51/><G29/><T89/><D21/><U76/><E76/><V123/><F61/><W84/><G8/><T18/><D13/><U106/><AGARI ba="2,0" hai="85,87,95,96,100,104,106,107" m="49737,44585" machi="106" ten="40,7800,0" yaku="19,1,34,2" doraHai="30" who="1" fromWho="1" sc="235,-28,438,84,82,-28,245,-28" /><INIT seed="1,3,0,3,1,110" ten="207,522,54,217" oya="1" hai0="32,35,39,128,55,22,98,53,97,88,43,65,72" hai1="87,38,74,86,92,108,129,29,3,69,25,85,78" hai2="6,24,13,61,12,0,117,112,107,49,89,76,105" hai3="18,42,113,21,77,27,46,63,34,47,37,58,70"/><U68/><E3/><V75/><F117/><W120/><G120/><T111/><D72/><U1/><E1/><V133/><F0/><W36/><G70/><T119/><D111/><U11/><E108/><V95/><F75/><W54/><G34/><T2/><D119/><U20/><E129/><V115/><F76/><W48/><G77/><T121/><D2/><U59/><E38/><V126/><F133/><W83/><G83/><T125/><D65/><U93/><E11/><N who="2" m="4215" /><F126/><W122/><G122/><T44/><D98/><U100/><E74/><V106/><F61/><W124/><G124/><T114/><D22/><U67/><E78/><V50/><F13/><W33/><G33/><T57/><D55/><U15/><E15/><V127/><F24/><W51/><REACH who="3" step="1"/><G113/><REACH who="3" ten="207,522,54,207" step="2"/><N who="2" m="43593" /><F127/><W64/><AGARI ba="3,1" hai="18,21,27,36,37,42,46,47,48,51,54,58,63,64" machi="64" ten="20,2700,0" yaku="1,1,0,1,7,1,53,0" doraHai="110" doraHaiUra="130" who="3" fromWho="3" sc="207,-10,522,-16,54,-10,207,46" /><INIT seed="2,0,0,5,4,119" ten="197,506,44,253" oya="2" hai0="112,78,64,13,29,50,101,71,111,43,104,22,3" hai1="121,63,90,75,56,60,120,72,28,35,39,131,103" hai2="49,135,74,21,30,68,77,41,123,20,97,83,62" hai3="14,96,98,124,34,133,129,7,130,76,92,15,59"/><V100/><F135/><W106/><G34/><T9/><D112/><U127/><E39/><V38/><F38/><W42/><G133/><T18/><D111/><U12/><E103/><V57/><F68/><W116/><G116/><T51/><D78/><U115/><E115/><V25/><F41/><W86/><G42/><T125/><D125/><U58/><E127/><V32/><F49/><W118/><G118/><T113/><D113/><U27/><E131/><V53/><REACH who="2" step="1"/><F123/><REACH who="2" ten="197,506,34,253" step="2"/><W85/><G124/><T55/><D51/><U107/><E120/><V80/><F80/><W114/><G114/><T54/><D50/><U128/><E121/><V117/><F117/><W23/><G130/><T87/><D43/><U105/><E128/><V122/><F122/><W5/><G129/><T44/><D71/><U69/><E69/><V40/><F40/><W48/><G48/><T88/><D44/><U17/><E60/><V79/><F79/><W24/><G76/><T102/><D104/><AGARI ba="0,1" hai="20,21,25,30,32,53,57,62,74,77,83,97,100,104" machi="104" ten="30,2900,0" yaku="1,1,7,1,53,0" doraHai="119" doraHaiUra="109" who="2" fromWho="0" sc="197,-29,506,0,34,39,253,0" /><INIT seed="2,1,0,2,3,18" ten="168,506,73,253" oya="2" hai0="77,81,22,121,4,64,3,39,38,124,96,42,20" hai1="44,72,48,62,80,1,79,43,58,26,131,78,107" hai2="36,105,103,98,12,46,29,108,85,104,71,94,67" hai3="23,59,123,68,102,116,117,126,92,21,32,54,119"/><V0/><F0/><W101/><G123/><T115/><D121/><U90/><E107/><V30/><F71/><W134/><G32/><T49/><D115/><U75/><E1/><V56/><F105/><W47/><G68/><T66/><D49/><U109/><E109/><V2/><F2/><W15/><G47/><N who="0" m="24023" /><D39/><U110/><E131/><V74/><F74/><W113/><G113/><T87/><D87/><N who="1" m="50535" /><E110/><V125/><F108/><W106/><G106/><T65/><D96/><U128/><E128/><V93/><F104/><W17/><G126/><T34/><D34/><U51/><E51/><V33/><F125/><W70/><G70/><T28/><D28/><U114/><E114/><V27/><F30/><W132/><G92/><T73/><D124/><U61/><E61/><V35/><F35/><W127/><G127/><T45/><D45/><U133/><E133/><N who="3" m="51306" /><G23/><T89/><D89/><U60/><E78/><V91/><F36/><W40/><G40/><T53/><D53/><U112/><E112/><V95/><F46/><W63/><AGARI ba="1,0" hai="15,17,21,54,59,63,101,102,116,117,119" m="51306" machi="63" ten="40,2700,0" yaku="20,1,52,1" doraHai="18" who="3" fromWho="3" sc="168,-8,506,-8,73,-14,253,30" /><INIT seed="3,0,0,2,4,77" ten="160,498,59,283" oya="3" hai0="96,54,66,35,20,100,79,84,97,81,107,73,108" hai1="17,8,125,30,67,31,106,68,115,69,16,0,129" hai2="52,113,112,27,38,60,116,3,58,6,134,28,76" hai3="98,13,10,24,12,40,89,26,18,99,124,19,72"/><W21/><G124/><T75/><D35/><U130/><E106/><V47/><F116/><W9/><G72/><N who="0" m="43239" /><D54/><U70/><E67/><V5/><F134/><W93/><G40/><T88/><D66/><U85/><E125/><V122/><F122/><W132/><G132/><T83/><D20/><U57/><E85/><V41/><F3/><W105/><G105/><N who="0" m="63623" /><D108/><U42/><E115/><V43/><F43/><W94/><REACH who="3" step="1"/><G21/><REACH who="3" ten="160,498,59,273" step="2"/><T62/><D62/><U39/><E42/><V34/><F112/><W135/><G135/><T15/><D15/><U120/><E130/><V110/><F113/><W90/><AGARI ba="0,1" hai="9,10,12,13,18,19,24,26,89,90,93,94,98,99" machi="90" ten="20,18000,2" yaku="1,1,0,1,7,1,32,3,8,1,53,0" doraHai="77" doraHaiUra="111" who="3" fromWho="3" sc="160,-60,498,-60,59,-60,273,190" owari="100,-30.0,438,24.0,-1,-50.0,463,56.0" /></mjloggm>