<mjloggm ver="2.3"><GO type="185" lobby="0"/><UN n0="%E3%82%86%E3%81%8D%E3%81%86%E3%81%95%E3%81%8E%E2%98%86" n1="%E5%A4%9A%E6%9E%97%E6%99%8B" n2="%E6%B5%B7%E8%83%86%E3%83%88%E3%83%AD%E7%83%8F%E8%B3%8A" n3="" dan="16,16,19,0" rate="2169.61,2192.09,2395.59,1500.00" sx="F,M,M,C"/><TAIKYOKU oya="0"/><INIT seed="0,0,0,1,5,78" ten="350,350,350,0" oya="0" hai0="64,75,0,43,36,117,80,81,45,38,71,85,130" hai1="60,77,103,53,89,65,96,59,115,102,94,111,110" hai2="84,34,107,133,126,46,129,63,66,48,72,104,73" hai3=""/><T92/><D0/><U3/><E3/><V97/><F34/><T100/><D117/><U51/><E115/><V1/><F1/><T58/><D130/><U86/><E77/><V90/><F129/><T125/><D125/><U56/><REACH who="1" step="1"/><E102/><REACH who="1" ten="350,340,350,0" step="2"/><V37/><F126/><T127/><D127/><U79/><E79/><V101/><F101/><T69/><D100/><U99/><E99/><V87/><F97/><T95/><D75/><U67/><E67/><V106/><F66/><T98/><D98/><U52/><E52/><V76/><F76/><T114/><D64/><U135/><E135/><V57/><F133/><T105/><D114/><U131/><E131/><V121/><F72/><T42/><D85/><U33/><E33/><V74/><F74/><T32/><D32/><U54/><E54/><V50/><F73/><T93/><D43/><U35/><E35/><V120/><F84/><T124/><D42/><U49/><E49/><V108/><F50/><T41/><D41/><U68/><E68/><V109/><F48/><T70/><D124/><U83/><AGARI ba="0,1" hai="51,53,56,59,60,65,83,86,89,94,96,103,110,111" machi="83" ten="30,5900,0" yaku="1,1,0,1,52,1,53,1" doraHai="78" doraHaiUra="61" who="1" fromWho="1" sc="350,-39,340,69,350,-20,0,0" /><INIT seed="1,0,0,2,0,128" ten="311,409,330,0" oya="1" hai0="38,101,84,58,115,134,96,133,71,79,106,2,92" hai1="77,66,80,52,54,35,40,56,118,46,76,93,90" hai2="61,59,68,126,131,82,122,127,39,85,114,41,113" hai3=""/><U87/><E35/><V89/><N who="2" m="31264" /><V0/><F68/><T123/><N who="0" m="31520" /><T70/><D2/><U124/><E118/><V45/><F131/><T116/><D115/><U110/><E124/><N who="2" m="47659" /><F0/><T3/><D3/><U121/><N who="1" m="31008" /><U64/><E110/><V1/><F1/><T104/><D116/><U67/><E56/><V132/><F132/><N who="0" m="50794" /><D38/><U98/><REACH who="1" step="1"/><E76/><REACH who="1" ten="311,399,330,0" step="2"/><V129/><F129/><T135/><D58/><U32/><E32/><V102/><F102/><T69/><D135/><U94/><E94/><V36/><F36/><AGARI ba="0,1" hai="36,40,46,52,54,64,66,67,77,80,87,90,93,98" m="31008" machi="36" ten="40,7700,0" yaku="1,1,52,1,54,1,53,0" doraHai="128" doraHaiUra="108" who="1" fromWho="2" sc="311,0,399,87,330,-77,0,0" /><INIT seed="1,1,0,2,5,37" ten="311,486,253,0" oya="1" hai0="125,54,53,85,39,71,46,76,127,49,94,104,110" hai1="81,88,111,101,61,74,92,97,122,109,52,70,83" hai2="59,93,2,103,95,34,80,82,91,55,50,84,116" hai3=""/><U0/><N who="1" m="31264" /><U120/><N who="1" m="30752" /><U44/><E0/><V41/><F2/><T58/><D110/><N who="1" m="41995" /><E74/><V86/><F116/><T117/><D104/><U57/><E70/><V96/><F34/><T38/><D117/><U131/><E131/><V124/><F124/><T62/><D76/><U32/><E32/><V129/><F129/><T63/><D85/><U87/><E44/><V35/><F35/><T64/><REACH who="0" step="1"/><D94/><AGARI ba="1,0" hai="52,57,61,81,83,87,88,92,94,97,101" m="41995,30752,31264" machi="94" ten="30,18000,2" yaku="14,1,10,1,52,2,54,2" doraHai="37" who="1" fromWho="0" sc="311,-182,486,182,253,0,0,0" /><INIT seed="1,2,0,3,5,34" ten="129,668,253,0" oya="1" hai0="73,63,93,110,82,95,94,84,109,123,105,71,126" hai1="76,69,120,77,37,70,61,108,51,97,121,0,67" hai2="3,131,56,116,47,36,74,127,124,72,106,1,92" hai3=""/><U112/><N who="1" m="30752" /><U50/><N who="1" m="31008" /><U64/><E112/><V99/><F116/><T66/><N who="0" m="31520" /><T68/><D126/><N who="2" m="48170" /><F106/><T59/><D105/><U111/><E37/><V57/><F131/><T102/><D102/><U33/><E33/><V128/><F128/><T41/><D41/><U90/><E90/><V38/><F57/><T2/><D73/><N who="2" m="28266" /><F56/><T44/><D2/><N who="2" m="522" /><F47/><T135/><D44/><U49/><E0/><V75/><N who="2" m="28274" /><V113/><DORA hai="32" /><F113/><T118/><D118/><U115/><E115/><V78/><F78/><T62/><D59/><U86/><E76/><V98/><F98/><T96/><D96/><U125/><E97/><V91/><AGARI ba="2,0" hai="36,38,91,92,99" m="522,28274,48170" machi="91" ten="50,9000,2" yaku="18,1,52,6" doraHai="34,32" who="2" fromWho="2" sc="129,-32,668,-62,253,94,0,0" /><INIT seed="2,0,0,4,4,37" ten="97,606,347,0" oya="2" hai0="116,56,93,62,91,114,120,33,50,46,55,89,59" hai1="135,103,102,134,112,67,38,131,35,101,40,51,45" hai2="88,1,85,96,115,34,68,107,78,119,110,57,86" hai3=""/><V44/><F119/><T63/><N who="0" m="30752" /><T111/><D33/><U100/><E35/><V123/><N who="2" m="31520" /><V95/><F34/><T39/><D116/><U125/><E112/><V65/><F115/><T133/><D114/><U124/><E100/><V106/><F1/><T92/><D133/><N who="1" m="50699" /><E131/><V49/><F68/><T74/><D74/><U113/><E113/><V128/><F128/><T66/><D111/><U61/><E38/><V132/><F132/><T118/><D39/><U36/><E36/><V122/><N who="2" m="31264" /><V94/><F110/><T104/><D104/><U84/><E84/><V69/><F69/><AGARI ba="0,0" hai="40,45,51,61,67,69,101,102,103,124,125" m="50699" machi="69" ten="30,2000,0" yaku="20,1,52,1" doraHai="37" who="1" fromWho="2" sc="97,0,606,20,347,-20,0,0" /><INIT seed="4,0,0,1,4,70" ten="97,626,327,0" oya="0" hai0="118,120,96,119,87,103,112,125,105,48,45,110,59" hai1="124,74,39,56,38,86,1,33,44,72,58,94,77" hai2="97,131,67,130,90,106,49,3,135,0,71,62,41" hai3=""/><T81/><N who="0" m="30752" /><T66/><D125/><U42/><E33/><V63/><F135/><T69/><D112/><U85/><E1/><V68/><F41/><T128/><D128/><N who="2" m="49194" /><F49/><T51/><D110/><U98/><E38/><V80/><F80/><T34/><D34/><U37/><E39/><V55/><F55/><T114/><D114/><U76/><E72/><V60/><F90/><T83/><D69/><N who="2" m="26698" /><F67/><T84/><D66/><U132/><E132/><V123/><N who="2" m="31520" /><V92/><F92/><T113/><D119/><U107/><E94/><V35/><F35/><T122/><D118/><U47/><E42/><V126/><F126/><T115/><N who="0" m="31264" /><T40/><D115/><U75/><E37/><V61/><F62/><T79/><D113/><U111/><E44/><V99/><F106/><T121/><N who="0" m="31008" /><T64/><D64/><U65/><E47/><V129/><F129/><T91/><REACH who="0" step="1"/><D59/><REACH who="0" ten="87,626,327,0" step="2"/><U117/><E56/><V2/><AGARI ba="0,1" hai="0,2,3,60,61,63,97,99" m="31520,26698,49194" machi="2" ten="50,6000,1" yaku="28,2,19,1,52,1" doraHai="70" who="2" fromWho="2" sc="87,-40,626,-20,327,70,0,0" /><INIT seed="5,0,0,1,1,121" ten="47,606,397,0" oya="1" hai0="74,96,84,130,63,114,119,39,1,49,86,34,32" hai1="43,102,106,111,126,92,54,0,33,93,113,103,77" hai2="59,66,50,87,72,110,2,122,57,91,82,104,48" hai3=""/><U78/><E33/><V37/><N who="2" m="31264" /><V107/><F37/><T81/><D63/><U115/><E0/><V135/><F2/><T94/><D49/><U65/><E126/><V60/><F135/><T46/><D46/><U105/><E65/><V97/><F110/><T70/><D96/><U47/><E47/><V118/><F118/><T98/><D98/><U44/><E44/><V80/><F59/><T120/><D94/><U79/><E77/><V51/><REACH who="2" step="1"/><F97/><REACH who="2" ten="47,606,387,0" step="2"/><T117/><D34/><U109/><E43/><V129/><F129/><T88/><D117/><U40/><E40/><V58/><F58/><T112/><D84/><U132/><E132/><V62/><F62/><T61/><D86/><U35/><E35/><V127/><F127/><T53/><D61/><U123/><N who="1" m="31520" /><U38/><E38/><V95/><F95/><T76/><D81/><U52/><AGARI ba="0,1" hai="52,54,78,79,92,93,102,103,105,106,109,111,113,115" m="31520" machi="52" ten="25,12000,2" yaku="0,1,22,2,52,3,54,1" doraHai="121" who="1" fromWho="1" sc="47,-60,606,130,387,-60,0,0" owari="-13,-61.0,736,68.0,327,-7.0,0,0.0" /></mjloggm>