<mjloggm ver="2.3"><GO type="225" lobby="0"/><UN n0="%E8%A8%88%E7%AE%97%E6%A9%9F%E8%87%AA%E7%84%B6" n1="%E3%81%8A%E3%81%84%E3%81%AE%E3%82%8A" n2="%E9%BA%BB%E9%9B%80%E3%81%9F%E3%81%AE%E3%81%97" n3="%E4%BF%BA%E3%81%A8%E5%A6%96%E5%A4%A2" dan="17,16,16,16" rate="2275.85,2110.14,2150.36,2125.28" sx="M,M,F,F"/><TAIKYOKU oya="0"/><INIT seed="0,0,0,2,2,102" ten="250,250,250,250" oya="0" hai0="124,86,93,128,65,5,112,36,9,40,39,64,57" hai1="31,17,34,16,13,132,69,74,27,35,21,46,60" hai2="122,4,48,41,20,125,101,18,83,26,62,47,88" hai3="38,131,103,130,10,45,81,52,37,134,98,24,82"/><T1/><D112/><U44/><E74/><V29/><F122/><W78/><G134/><T110/><D128/><N who="3" m="49193" /><G24/><T113/><D113/><U22/><E132/><V118/><F125/><W42/><G37/><T6/><D124/><U30/><E60/><V53/><F118/><W114/><G114/><T15/><D110/><U14/><E69/><V66/><F101/><W59/><G10/><T96/><D86/><U70/><E70/><V97/><F4/><W105/><G78/><T67/><D57/><U3/><E3/><V95/><F83/><W107/><G107/><T56/><D56/><U84/><E84/><V104/><F104/><W127/><G127/><T92/><D40/><U19/><E19/><V61/><F66/><W85/><G85/><T121/><D121/><U76/><E76/><V54/><F29/><W100/><G100/><T32/><D32/><U108/><E108/><V119/><F119/><W73/><G73/><T2/><D15/><U63/><E63/><AGARI ba="0,0" hai="18,20,26,41,47,48,53,54,61,62,63,88,95,97" machi="63" ten="40,2600,0" yaku="8,1,54,1" doraHai="102" who="2" fromWho="1" sc="250,0,250,-26,250,26,250,0" /><AGARI ba="0,0" hai="38,42,45,52,59,63,81,82,98,103,105" m="49193" machi="63" ten="30,3900,0" yaku="19,1,52,1,54,1" doraHai="102" who="3" fromWho="1" sc="250,0,224,-39,276,0,250,39" /><INIT seed="1,0,0,1,5,86" ten="250,185,276,289" oya="1" hai0="83,52,94,7,127,41,11,81,43,124,36,6,84" hai1="28,25,13,128,95,33,53,131,123,92,0,32,121" hai2="69,46,110,96,103,65,44,122,15,120,55,106,132" hai3="50,135,37,111,64,85,56,40,88,70,57,117,130"/><U27/><E53/><V116/><F116/><W39/><G117/><T71/><D71/><U48/><E48/><V98/><F110/><W104/><G104/><T61/><D94/><U22/><E95/><V80/><F132/><W29/><G135/><T18/><D18/><N who="1" m="10575" /><E92/><V115/><F115/><W105/><G111/><T54/><D61/><U45/><E45/><V35/><F35/><N who="1" m="13385" /><E0/><V51/><F98/><W93/><G105/><T3/><D36/><U108/><E108/><V62/><F46/><W129/><G29/><T97/><D97/><U63/><E63/><V102/><F102/><W26/><G70/><T126/><D81/><U72/><E72/><V87/><F15/><W31/><G64/><T14/><D41/><U23/><E27/><V113/><F113/><W9/><G39/><T21/><D43/><U75/><E75/><V82/><F82/><W2/><G37/><T16/><D6/><U12/><E12/><V68/><F69/><W60/><G60/><T58/><D58/><U67/><E67/><V112/><F112/><W47/><G57/><T20/><D20/><U100/><E100/><V76/><AGARI ba="0,0" hai="44,51,55,62,65,68,76,80,87,96,103,106,120,122" machi="76" ten="20,1500,0" yaku="0,1,7,1" doraHai="86" who="2" fromWho="2" sc="250,-4,185,-7,276,15,289,-4" /><INIT seed="2,0,0,3,4,59" ten="246,178,291,285" oya="2" hai0="79,77,33,48,85,21,23,30,110,106,101,134,34" hai1="90,27,49,111,15,73,28,132,68,107,26,88,89" hai2="112,7,35,86,116,96,36,24,133,128,69,41,31" hai3="100,92,129,102,114,60,61,104,16,98,71,81,2"/><V22/><F69/><W72/><G2/><T53/><D110/><U80/><E111/><V119/><F112/><W3/><G3/><T66/><D134/><U11/><E132/><V46/><F133/><W52/><G114/><T99/><D66/><U109/><E109/><V62/><F128/><W18/><G129/><T87/><D87/><U118/><E118/><V12/><F86/><W65/><G102/><T135/><D135/><U32/><E107/><V43/><F43/><W38/><G38/><T103/><D103/><U44/><E27/><V97/><F96/><W64/><G104/><T130/><D130/><U4/><E68/><V47/><F47/><W29/><G29/><T19/><D23/><U51/><REACH who="1" step="1"/><E44/><REACH who="1" ten="246,168,291,285" step="2"/><V127/><F119/><W20/><G72/><T120/><D120/><U83/><E83/><V74/><F116/><W63/><G81/><T76/><D30/><U42/><E42/><V108/><F46/><W82/><G82/><T1/><D106/><U14/><E14/><V10/><F41/><W117/><G117/><T125/><D1/><U13/><E13/><V56/><F108/><W40/><G40/><T93/><D93/><U124/><E124/><V55/><F127/><W50/><G71/><T126/><D125/><U58/><E58/><V5/><F12/><N who="3" m="9223" /><G18/><T115/><D126/><U113/><E113/><V131/><F131/><W91/><G100/><T25/><D115/><U95/><E95/><V8/><F5/><W94/><G94/><N who="0" m="58615" /><D85/><U6/><E6/><V70/><F7/><W54/><G54/><T84/><D84/><U0/><E0/><RYUUKYOKU ba="0,1" sc="246,10,168,10,291,-30,285,10" hai0="19,21,25,33,34,48,53,76,77,79" hai1="4,11,15,26,28,32,49,51,73,80,88,89,90" hai3="50,52,60,61,63,64,65,91,92,98" /><INIT seed="3,1,1,2,4,23" ten="256,178,261,295" oya="3" hai0="39,41,90,124,85,76,18,121,14,101,112,8,126" hai1="80,21,86,116,119,58,82,103,83,128,4,92,87" hai2="1,12,59,24,61,17,107,111,51,125,52,33,42" hai3="102,74,93,72,115,108,35,15,65,32,109,131,67"/><W30/><G115/><T84/><D121/><U48/><E4/><V69/><F107/><W132/><G132/><T29/><D112/><U110/><E48/><V47/><F1/><W13/><G131/><T60/><D101/><U63/><E21/><N who="2" m="13359" /><F33/><N who="3" m="12875" /><G30/><T97/><D29/><U118/><E128/><V19/><F69/><W53/><G53/><T54/><D39/><U75/><E110/><N who="3" m="42602" /><G93/><T44/><D54/><U81/><N who="1" m="20480" /><DORA hai="5" /><U55/><REACH who="1" step="1"/><E75/><REACH who="1" ten="256,168,261,295" step="2"/><V49/><F111/><W9/><G74/><T127/><D76/><U106/><E106/><V38/><F38/><W37/><G72/><T113/><D113/><U77/><E77/><V73/><F73/><W122/><G37/><N who="0" m="21551" /><D60/><U3/><E3/><V57/><F125/><W135/><G122/><T20/><D20/><U34/><E34/><V100/><F51/><W66/><G135/><T28/><D28/><U91/><E91/><V27/><F61/><W94/><G9/><T2/><D2/><U98/><AGARI ba="1,2" hai="55,58,63,86,87,92,98,103,116,118,119" m="20480" machi="98" ten="50,8000,1" yaku="1,1,0,1,12,1,53,1" doraHai="23,5" doraHaiUra="129,89" who="1" fromWho="1" sc="256,-21,168,103,261,-21,295,-41" /><INIT seed="4,0,0,5,5,87" ten="235,271,240,254" oya="0" hai0="62,124,86,17,18,79,26,91,69,97,6,53,1" hai1="4,14,45,133,60,56,134,101,9,89,10,55,71" hai2="33,70,11,39,130,78,13,61,8,16,110,75,41" hai3="77,88,15,132,7,58,40,98,126,100,23,64,125"/><T105/><D124/><N who="3" m="47721" /><G77/><T104/><D79/><U28/><E28/><V54/><F33/><W111/><G111/><T115/><D115/><U96/><E71/><V128/><F110/><W123/><G123/><T83/><D26/><U42/><E9/><V92/><F41/><W120/><G120/><T112/><D112/><U118/><E118/><V34/><F34/><W65/><G132/><T5/><D1/><U135/><E89/><V37/><F92/><N who="3" m="56583" /><G100/><T21/><D17/><U25/><E25/><V127/><F127/><W117/><G117/><T32/><D32/><U0/><E96/><V108/><F108/><W119/><G119/><T46/><D69/><U3/><REACH who="1" step="1"/><E101/><REACH who="1" ten="235,261,240,254" step="2"/><V72/><F8/><W76/><G76/><T103/><D104/><U35/><E35/><V36/><F78/><W106/><G23/><T122/><D122/><U12/><E12/><V116/><F116/><W80/><G15/><N who="0" m="9439" /><D105/><U85/><E85/><V38/><N who="2" m="9216" /><DORA hai="24" /><V19/><F70/><W121/><G106/><T31/><D31/><U67/><E67/><V73/><F73/><W82/><G65/><T27/><D27/><U107/><E107/><V93/><F75/><W29/><G29/><T95/><D62/><U43/><E43/><V2/><F72/><W48/><G121/><T66/><D66/><U94/><E94/><V57/><F128/><W113/><G113/><T47/><D53/><U20/><E20/><V51/><F130/><W52/><G64/><T81/><D81/><N who="3" m="31337" /><G40/><T63/><D63/><U109/><E109/><V44/><F93/><W90/><G90/><T68/><D68/><RYUUKYOKU ba="0,1" sc="235,10,261,10,240,-30,254,10" hai0="5,6,46,47,83,86,91,95,97,103" hai1="0,3,4,10,14,42,45,55,56,60,133,134,135" hai3="7,48,52,58" /><INIT seed="4,1,1,1,4,22" ten="245,271,210,264" oya="0" hai0="0,37,86,13,2,89,14,16,17,123,101,98,64" hai1="18,88,57,66,68,40,32,63,46,56,106,62,112" hai2="49,118,85,42,107,82,113,126,65,109,38,100,79" hai3="5,25,99,93,73,43,127,1,10,30,15,133,111"/><T76/><D123/><U104/><E32/><V41/><F109/><W20/><G111/><T77/><D37/><U33/><E33/><V72/><F38/><W134/><G73/><T19/><D64/><U91/><E112/><V120/><F120/><W69/><G69/><T52/><D0/><U48/><E68/><V70/><F113/><W9/><G43/><T114/><D2/><U97/><E18/><N who="0" m="7273" /><D114/><U95/><E91/><V110/><F110/><W26/><G127/><T92/><D13/><U94/><E95/><V71/><F118/><W128/><G128/><T90/><D101/><U31/><E31/><V36/><F36/><W81/><G81/><N who="0" m="49359" /><D52/><AGARI ba="1,1" hai="40,46,48,52,56,57,62,63,66,88,94,97,104,106" machi="52" ten="30,3900,0" yaku="7,1,54,2" doraHai="22" who="1" fromWho="0" sc="245,-42,271,52,210,0,264,0" owari="203,-30.0,323,43.0,210,-19.0,264,6.0" /></mjloggm>