<mjloggm ver="2.3"><GO type="169" lobby="0"/><UN n0="%E5%AE%89%E9%81%94%E3%81%95%E3%81%8F%E3%82%89" n1="%62%75%72%65%61%36" n2="%E3%83%92%E3%83%AB%E3%83%99%E3%83%AB%E3%83%88" n3="%E3%83%AD%E3%83%83%E3%82%BD" dan="17,16,17,17" rate="2193.30,2115.02,2181.30,2148.77" sx="M,M,M,F"/><TAIKYOKU oya="0"/><INIT seed="0,0,0,3,5,106" ten="250,250,250,250" oya="0" hai0="12,63,121,15,35,90,70,6,113,25,11,99,85" hai1="7,101,81,82,13,1,41,68,122,126,59,36,9" hai2="28,57,65,46,51,112,40,44,47,117,31,94,56" hai3="118,96,54,14,55,97,107,74,66,73,134,104,114"/><T39/><D113/><U129/><E122/><V23/><F112/><W72/><G114/><T33/><D121/><U102/><E68/><V62/><F117/><W78/><G78/><T50/><D39/><U88/><E126/><V49/><F94/><W48/><G66/><T92/><D50/><N who="2" m="18954" /><F23/><W87/><G87/><T131/><D131/><U19/><E129/><V86/><F86/><W133/><G14/><T89/><D15/><U22/><E59/><N who="2" m="37087" /><F31/><W111/><G111/><T2/><D70/><U52/><E82/><V100/><F100/><W75/><G75/><T98/><D63/><U76/><E101/><V43/><F28/><W71/><G71/><T32/><D99/><N who="3" m="37961" /><G48/><T58/><D58/><AGARI ba="0,0" hai="40,43,44,46,47,56,57,58" m="37087,18954" machi="58" ten="30,12000,2" yaku="8,1,35,5" doraHai="106" who="2" fromWho="0" sc="250,-120,250,0,250,120,250,0" /><INIT seed="1,0,0,4,2,47" ten="130,250,370,250" oya="1" hai0="100,48,95,17,69,78,88,117,11,132,37,127,21" hai1="38,96,7,52,29,83,119,131,77,60,101,64,125" hai2="43,68,22,120,105,93,36,87,31,85,46,63,28" hai3="86,133,128,1,135,4,13,108,79,20,41,58,75"/><U39/><E119/><V65/><F105/><W116/><G75/><T62/><D117/><U99/><E125/><V10/><F120/><W109/><G41/><T49/><D37/><U113/><E113/><V14/><F22/><W34/><G79/><T92/><D127/><U57/><E131/><V107/><F107/><W9/><G86/><N who="0" m="52247" /><D69/><U23/><E7/><V26/><F93/><W67/><G116/><T104/><D104/><U25/><E101/><V3/><F3/><W74/><G74/><T71/><D71/><U94/><E94/><V84/><REACH who="2" step="1"/><F26/><REACH who="2" ten="130,250,360,250" step="2"/><W12/><G34/><T122/><D122/><U102/><E23/><V130/><F130/><W15/><G128/><T110/><D110/><N who="3" m="42601" /><G20/><T2/><D2/><U90/><E25/><V129/><F129/><W114/><G114/><T27/><D132/><U45/><E102/><V103/><F103/><W8/><G8/><T40/><D11/><U123/><E123/><V44/><F44/><W33/><G33/><T70/><D100/><U73/><E45/><V32/><F32/><W19/><G135/><T91/><D95/><U126/><E126/><V51/><F51/><W80/><G133/><T82/><D49/><U89/><E39/><V30/><F30/><W115/><G115/><T61/><D48/><N who="1" m="30855" /><E38/><V53/><F53/><W54/><G54/><T59/><D21/><U24/><E24/><V134/><F134/><W118/><G118/><T56/><D27/><U81/><E29/><V50/><F50/><W35/><G35/><T76/><D40/><U111/><E111/><V18/><AGARI ba="0,1" hai="10,14,18,28,31,36,43,46,63,65,68,84,85,87" machi="18" ten="30,4000,0" yaku="1,1,0,1,53,1" doraHai="47" doraHaiUra="6" who="2" fromWho="2" sc="130,-10,250,-20,360,50,250,-10" /><INIT seed="2,0,0,1,4,13" ten="120,230,410,240" oya="2" hai0="46,50,120,35,102,93,0,135,63,118,75,76,85" hai1="111,38,54,67,18,133,132,36,108,25,16,96,70" hai2="33,4,100,126,115,55,19,90,127,43,65,22,114" hai3="73,71,113,39,104,21,23,106,117,91,42,41,32"/><V57/><F100/><W27/><G117/><T37/><D120/><U124/><E124/><N who="2" m="47659" /><F33/><W79/><G113/><N who="2" m="43017" /><F43/><W72/><G91/><T31/><D118/><U94/><E54/><V95/><F4/><W101/><G101/><T59/><D135/><N who="1" m="51787" /><E25/><N who="2" m="14559" /><F65/><W61/><G27/><T15/><D102/><N who="1" m="60695" /><E67/><V30/><F30/><W6/><G32/><T107/><D31/><U12/><E70/><V122/><F122/><W56/><G71/><T80/><D35/><U131/><E131/><V64/><F64/><W66/><G66/><T53/><D107/><U58/><E58/><V84/><F57/><W87/><G6/><T28/><D28/><U129/><E129/><V44/><F55/><W9/><G56/><T130/><D130/><U103/><E103/><V69/><F44/><W1/><G106/><T77/><D46/><U24/><E24/><V78/><F78/><W40/><G104/><T128/><D77/><U88/><E88/><V92/><F69/><W29/><G79/><T14/><D76/><U51/><E51/><V20/><F20/><W74/><G61/><T2/><D50/><U49/><E49/><V5/><F5/><N who="3" m="1199" /><G23/><T81/><D63/><U83/><E18/><V60/><F60/><W98/><G21/><T34/><D128/><U86/><E38/><V8/><F8/><W121/><G39/><T68/><D37/><U47/><E36/><V45/><F45/><W17/><G121/><T105/><D68/><U3/><E47/><V109/><F92/><W134/><G134/><T99/><D59/><U97/><E3/><V7/><F7/><W52/><G29/><RYUUKYOKU ba="0,0" sc="120,-10,230,-10,410,30,240,-10" hai2="84,90,95,109" /><INIT seed="2,1,0,5,5,39" ten="110,220,440,230" oya="2" hai0="22,114,53,57,11,33,42,10,111,58,131,100,2" hai1="79,38,20,49,129,102,95,112,51,76,60,109,34" hai2="123,30,87,14,91,84,36,125,121,82,127,55,45" hai3="5,35,92,41,132,101,134,108,48,103,98,104,96"/><V29/><F14/><W44/><G35/><T75/><D114/><U43/><E112/><V115/><F115/><W1/><REACH who="3" step="1"/><G108/><REACH who="3" ten="110,220,440,220" step="2"/><T26/><D111/><U8/><E34/><V3/><F123/><W71/><G71/><T47/><D33/><U52/><E109/><V77/><F121/><W6/><G6/><T74/><D131/><U21/><E129/><V105/><F127/><W0/><G0/><T40/><D2/><U128/><E128/><V118/><F125/><W7/><G7/><T63/><D75/><U124/><E124/><V46/><F3/><W88/><G88/><T107/><D74/><U4/><E4/><V68/><F68/><W13/><G13/><T65/><D100/><U78/><E102/><V72/><F72/><W64/><G64/><T122/><D122/><U117/><E117/><V16/><F118/><W94/><G94/><T106/><D107/><U56/><E95/><V19/><F105/><W80/><G80/><T18/><D106/><U32/><E32/><V120/><F120/><W85/><G85/><T81/><D81/><U12/><E12/><V89/><F82/><W59/><G59/><T25/><D25/><U67/><E67/><V110/><F110/><W73/><G73/><T83/><D83/><U62/><E56/><V133/><F77/><W9/><AGARI ba="1,1" hai="1,5,9,41,44,48,92,96,98,101,103,104,132,134" machi="9" ten="30,4000,0" yaku="1,1,0,1,52,1,53,0" doraHai="39" doraHaiUra="126" who="3" fromWho="3" sc="110,-11,220,-11,440,-21,220,53" /><INIT seed="3,0,0,0,1,109" ten="99,209,419,273" oya="3" hai0="100,34,32,26,120,21,15,106,24,68,72,94,63" hai1="84,69,18,0,117,23,126,98,62,121,30,79,118" hai2="45,130,74,97,132,36,116,73,33,112,2,76,35" hai3="13,50,78,60,5,92,64,115,39,129,75,101,104"/><W38/><G129/><T55/><D120/><U22/><E121/><V91/><F45/><W53/><G104/><T81/><D94/><U89/><E126/><V41/><F41/><W102/><G75/><T124/><D124/><U119/><E0/><V113/><F91/><W28/><G78/><T135/><D135/><U6/><E6/><V80/><F97/><W54/><G28/><T131/><D131/><U90/><E79/><V48/><F48/><W134/><G134/><T7/><D81/><U103/><E30/><V77/><F80/><W12/><G115/><T111/><D72/><U14/><E23/><V93/><F93/><W110/><G110/><T44/><D111/><U43/><E43/><V57/><F57/><W25/><G25/><T61/><D26/><U10/><E22/><V42/><F42/><W59/><G54/><T87/><D24/><U3/><E3/><V99/><F99/><W83/><G83/><T88/><D106/><N who="1" m="63863" /><E84/><V105/><F132/><W67/><G67/><AGARI ba="0,0" hai="10,14,18,62,67,69,89,90,117,118,119" m="63863" machi="67" ten="30,1000,0" yaku="12,1" doraHai="109" who="1" fromWho="3" sc="99,0,209,10,419,0,273,-10" /><INIT seed="4,0,0,4,2,120" ten="99,219,419,263" oya="0" hai0="83,113,33,21,77,51,98,49,8,19,121,96,60" hai1="111,55,5,45,40,67,71,100,31,37,18,87,94" hai2="85,135,116,105,38,92,132,107,97,63,13,24,127" hai3="101,126,53,117,50,133,66,81,123,82,128,72,90"/><T88/><D121/><U119/><E119/><V91/><F38/><W115/><G123/><T70/><D33/><U93/><E5/><V61/><F116/><W122/><G122/><T35/><D35/><U62/><E31/><V59/><F127/><W23/><G66/><T43/><D8/><U12/><E111/><V58/><F24/><W108/><G101/><T41/><D113/><U78/><E100/><V39/><F39/><W110/><G117/><T79/><D70/><U109/><E109/><N who="3" m="42090" /><G72/><T3/><D3/><U74/><E74/><V68/><F68/><W104/><G104/><T26/><D60/><N who="2" m="23114" /><F13/><W64/><G64/><T130/><D51/><U86/><E55/><V30/><F30/><W112/><G133/><N who="2" m="51273" /><F97/><N who="0" m="37482" /><D49/><U75/><E75/><V36/><F36/><W89/><G23/><T48/><D48/><U17/><E37/><V25/><F25/><W118/><G118/><T56/><D56/><AGARI ba="0,0" hai="56,58,59,85,91,92,105,107" m="51273,23114" machi="56" ten="30,1000,0" yaku="20,1" doraHai="120" who="2" fromWho="0" sc="99,-10,219,0,419,10,263,0" /><INIT seed="5,0,0,0,2,25" ten="89,219,429,263" oya="1" hai0="6,100,102,81,9,106,62,19,61,11,83,20,22" hai1="30,126,39,121,71,51,67,89,63,116,42,4,49" hai2="112,97,17,57,46,12,8,1,113,5,54,31,47" hai3="34,99,98,134,86,74,2,110,76,53,59,35,107"/><U131/><E121/><V105/><F105/><W7/><G110/><T122/><D106/><U85/><E116/><V0/><F97/><W38/><G38/><T79/><D122/><U14/><E126/><V92/><F92/><W93/><G74/><T96/><D96/><U60/><E131/><V115/><F31/><W80/><G134/><T95/><D95/><U56/><E30/><V90/><F90/><W73/><G7/><T69/><D69/><U29/><E29/><V36/><F36/><W104/><G2/><N who="2" m="1129" /><F5/><W117/><G99/><T58/><D6/><U52/><E39/><V72/><F72/><W84/><G86/><T18/><REACH who="0" step="1"/><D58/><REACH who="0" ten="79,219,429,263" step="2"/><U111/><E111/><V103/><F103/><W44/><G107/><T127/><D127/><U68/><E68/><V87/><F87/><W132/><G59/><T88/><D88/><U41/><E89/><V108/><F108/><W114/><G117/><T24/><D24/><U37/><E85/><V129/><F129/><W64/><G104/><T120/><D120/><U13/><E4/><V91/><F91/><W16/><G84/><T3/><D3/><U55/><E14/><V82/><F82/><W32/><G93/><T128/><D128/><U45/><E13/><V40/><F12/><W101/><G98/><T77/><AGARI ba="0,1" hai="9,11,18,19,20,22,61,62,77,79,81,83,100,102" machi="77" ten="25,8000,1" yaku="1,1,0,1,22,2,8,1,53,0" doraHai="25" doraHaiUra="43" who="0" fromWho="0" sc="79,90,219,-40,429,-20,263,-20" /><INIT seed="6,0,0,0,5,22" ten="169,179,409,243" oya="2" hai0="115,122,54,91,104,38,84,61,120,71,10,94,107" hai1="44,11,4,80,101,2,131,28,114,82,133,105,8" hai2="3,25,29,103,76,62,57,126,93,53,48,108,63" hai3="7,77,20,56,73,24,30,87,125,41,66,39,12"/><V116/><F3/><W128/><G73/><T43/><D115/><U19/><E114/><V70/><F116/><W9/><G128/><T50/><D10/><U68/><E131/><V40/><F126/><W92/><G125/><T110/><D110/><U45/><E68/><V132/><F132/><W47/><G66/><N who="0" m="41423" /><D107/><U135/><E101/><V5/><F5/><W67/><G67/><T123/><D104/><U124/><E105/><V13/><F13/><W98/><G56/><N who="0" m="32855" /><D123/><U96/><E96/><N who="2" m="59791" /><F70/><W130/><G130/><T55/><D55/><U46/><E124/><V37/><F76/><W64/><G64/><T32/><D32/><U69/><E69/><V51/><F108/><W74/><G74/><T58/><D58/><U59/><E59/><V83/><F83/><W36/><G77/><T31/><D31/><U21/><E28/><V117/><F117/><W127/><G87/><T113/><D113/><U15/><E11/><V85/><F85/><W23/><G127/><T14/><D14/><U16/><E19/><V35/><F35/><W86/><G86/><T27/><D27/><U89/><E89/><V60/><F25/><W129/><G129/><T34/><D34/><U95/><E95/><V119/><F119/><W18/><G39/><T111/><D111/><U72/><E72/><V6/><F37/><W121/><G121/><T0/><D0/><U79/><E79/><V90/><F90/><N who="3" m="55575" /><G7/><T75/><D75/><U33/><E33/><V1/><F6/><W52/><G9/><T109/><D109/><U78/><E78/><V106/><F1/><W118/><G118/><RYUUKYOKU ba="0,0" sc="169,10,179,10,409,-30,243,10" hai0="38,43,84,91,94,120,122" hai1="2,4,8,15,16,21,44,45,46,80,82,133,135" hai3="12,18,20,23,24,30,36,41,47,52" /><INIT seed="7,1,0,0,0,128" ten="179,189,379,253" oya="3" hai0="58,122,135,98,21,126,83,23,92,15,24,64,80" hai1="72,53,89,106,95,116,13,50,119,35,124,42,33" hai2="81,134,12,46,22,84,120,38,86,5,77,44,63" hai3="93,133,127,60,76,66,48,41,99,108,82,114,11"/><W129/><G114/><T45/><D122/><U19/><E106/><V75/><F120/><W39/><G129/><T26/><D126/><U74/><E42/><V10/><F134/><W96/><G39/><T20/><D135/><U0/><E0/><V51/><F63/><W17/><G127/><T101/><D15/><U94/><E124/><V25/><F38/><W36/><G36/><T102/><D102/><U47/><E74/><V78/><F78/><W9/><G99/><T118/><D118/><N who="1" m="45099" /><E72/><V37/><F37/><W40/><G108/><T18/><D45/><U110/><E110/><V113/><F113/><W100/><G133/><T56/><D23/><N who="1" m="11759" /><E95/><V109/><F109/><W54/><G40/><T2/><D2/><U61/><E61/><V87/><F46/><W91/><G41/><T16/><D64/><U132/><E132/><V115/><F115/><W117/><G117/><T88/><D101/><U32/><E32/><V59/><F59/><AGARI ba="1,0" hai="16,18,20,21,24,26,56,58,59,80,83,88,92,98" machi="59" ten="40,8000,1" yaku="9,1,8,1,54,2" doraHai="128" who="0" fromWho="2" sc="179,83,189,0,379,-83,253,0" /><INIT seed="8,0,0,2,5,22" ten="262,189,296,253" oya="0" hai0="131,86,106,6,133,0,74,112,130,109,124,76,108" hai1="134,48,132,17,31,120,88,37,13,1,83,49,42" hai2="3,123,103,26,18,54,105,5,101,68,19,116,122" hai3="67,15,16,66,50,89,87,115,125,70,11,35,121"/><T44/><D112/><U56/><E120/><V64/><F116/><W126/><G115/><T91/><D106/><U45/><E1/><V119/><F119/><W46/><G121/><T27/><D124/><N who="3" m="47721" /><G35/><T90/><D133/><N who="1" m="51307" /><E31/><V100/><F105/><W95/><G70/><T39/><D74/><U85/><E56/><V59/><F68/><W2/><G2/><T20/><D0/><U84/><E84/><V79/><F64/><W53/><AGARI ba="0,0" hai="11,15,16,46,50,53,66,67,87,89,95" m="47721" machi="53" ten="30,2000,0" yaku="18,1,54,1" doraHai="22" who="3" fromWho="3" sc="262,-10,189,-5,296,-5,253,20" /><INIT seed="9,0,0,3,4,6" ten="252,184,291,273" oya="1" hai0="86,5,74,14,98,24,0,111,59,29,10,65,57" hai1="67,23,51,68,35,122,131,26,72,80,119,132,116" hai2="36,82,56,96,8,53,106,120,97,46,4,75,101" hai3="91,71,17,135,87,12,69,127,103,28,110,21,49"/><U93/><E122/><V90/><F120/><W32/><G110/><T66/><D111/><U55/><E35/><V27/><F27/><W107/><G32/><T125/><D74/><U115/><E115/><V76/><F96/><W2/><G2/><T62/><D125/><U81/><E72/><V73/><F73/><W47/><G28/><T128/><D128/><U31/><E131/><V70/><F70/><W3/><G3/><T123/><D123/><U44/><E132/><V16/><F16/><W92/><G127/><T54/><D0/><U121/><E121/><V22/><F22/><W129/><G129/><T88/><D98/><U34/><E34/><V133/><F90/><W61/><G107/><T78/><D78/><U94/><E67/><V124/><F133/><W109/><G109/><T105/><D105/><U7/><E68/><V52/><F124/><W84/><G103/><T30/><D24/><U38/><E38/><V41/><F56/><W117/><G61/><N who="0" m="36023" /><D66/><U42/><E7/><V79/><F76/><W45/><G135/><T15/><D15/><AGARI ba="0,0" hai="4,8,15,36,41,46,52,53,75,79,82,97,101,106" machi="15" ten="30,3900,0" yaku="7,1,52,1,54,1" doraHai="6" who="2" fromWho="0" sc="252,-39,184,0,291,39,273,0" owari="213,-19.0,184,-32.0,330,44.0,273,7.0" /></mjloggm>