<mjloggm ver="2.3"><GO type="185" lobby="0"/><UN n0="%E9%95%B7%E5%85%89%E9%BA%BB%E5%A4%9C" n1="%79%61%6F%39" n2="%E9%AC%BC" n3="" dan="16,16,17,0" rate="2252.84,2076.68,2268.03,1500.00" sx="M,M,F,C"/><TAIKYOKU oya="0"/><INIT seed="0,0,0,4,1,122" ten="350,350,350,0" oya="0" hai0="114,130,35,43,107,40,109,45,97,110,132,66,46" hai1="96,67,94,60,104,55,103,79,124,125,101,76,135" hai2="98,50,117,52,134,108,73,63,33,41,49,85,51" hai3=""/><T69/><D35/><U32/><E32/><V62/><F33/><T38/><D114/><U93/><E135/><V105/><F73/><T102/><D132/><U68/><E55/><V92/><F134/><T42/><D130/><U71/><E71/><V0/><F0/><T89/><D89/><U3/><E3/><V100/><F41/><T99/><D99/><U57/><E68/><V75/><F75/><T133/><D133/><U39/><E39/><V56/><F63/><T91/><D91/><U65/><E104/><V116/><F105/><T78/><D78/><N who="1" m="29739" /><E65/><V70/><F70/><T111/><D38/><U123/><N who="1" m="31520" /><U106/><E101/><V120/><N who="2" m="30752" /><V84/><F117/><T59/><D69/><U112/><E112/><V82/><F116/><T54/><D66/><U121/><N who="1" m="31008" /><U44/><E44/><V77/><F100/><T115/><D115/><U37/><E37/><V129/><F56/><T95/><D107/><U113/><E113/><V128/><F52/><T131/><D131/><U88/><E88/><V47/><F129/><T80/><D80/><U86/><E106/><V90/><F128/><T64/><D64/><U34/><E34/><V83/><F90/><T126/><D126/><U36/><E36/><RYUUKYOKU ba="0,0" sc="350,10,350,10,350,-20,0,0" hai0="40,42,43,45,46,54,59,95,97,102,109,110,111" hai1="57,60,67,86,93,94,96,103,124,125" /><INIT seed="0,1,0,5,0,3" ten="360,360,330,0" oya="0" hai0="108,128,67,34,46,130,123,127,131,120,90,80,113" hai1="102,33,85,78,99,116,103,56,70,115,135,79,53" hai2="112,118,125,38,132,35,58,87,63,122,66,73,94" hai3=""/><T0/><N who="0" m="30752" /><T43/><N who="0" m="31520" /><T54/><D0/><U44/><E70/><V93/><N who="2" m="31264" /><V40/><F112/><T37/><D113/><U60/><E116/><V84/><F73/><T49/><D127/><U61/><E115/><V32/><F125/><T86/><D108/><U91/><E135/><V47/><F132/><T98/><D67/><U71/><E33/><V96/><F118/><T2/><D2/><U74/><E74/><V95/><REACH who="2" step="1"/><F96/><REACH who="2" ten="360,360,320,0" step="2"/><T111/><D111/><U69/><E99/><V109/><F109/><T126/><D126/><U110/><E110/><V42/><F42/><T81/><D98/><U51/><E103/><V89/><F89/><T41/><D34/><AGARI ba="1,1" hai="32,34,35,38,40,47,58,63,66,84,87,93,94,95" m="31264" machi="34" ten="40,12000,2" yaku="1,1,52,4,53,1" doraHai="3" doraHaiUra="55" who="2" fromWho="0" sc="360,-122,360,0,320,132,0,0" /><INIT seed="1,0,0,5,3,50" ten="238,360,452,0" oya="1" hai0="61,81,123,58,87,69,98,88,128,79,55,67,113" hai1="60,134,121,106,110,76,66,118,70,117,47,100,103" hai2="132,135,96,65,32,72,82,36,53,57,43,91,97" hai3=""/><U133/><N who="1" m="31008" /><U59/><E76/><V89/><F32/><T51/><N who="0" m="31520" /><T64/><D128/><U116/><E106/><V42/><F65/><T90/><D113/><U40/><E103/><V125/><F125/><T33/><D33/><U71/><E100/><V83/><F57/><T126/><D126/><U112/><E112/><V49/><F49/><T56/><D67/><U46/><E46/><V108/><F108/><T109/><D109/><U95/><E95/><V1/><F36/><T44/><D98/><U104/><E104/><V105/><F105/><T120/><N who="0" m="30752" /><T101/><D101/><U73/><E73/><V68/><F72/><T75/><D90/><U80/><E80/><AGARI ba="0,0" hai="44,51,55,56,58,61,64,69,75,79,80,81,87,88" m="30752,31520" machi="80" ten="30,8000,1" yaku="7,1,52,3,54,1" doraHai="50" who="0" fromWho="1" sc="238,80,360,-80,452,0,0,0" /><INIT seed="2,0,0,5,5,41" ten="318,280,452,0" oya="2" hai0="63,70,38,52,60,42,88,80,128,92,120,90,65" hai1="119,49,83,54,102,133,112,126,68,40,81,94,58" hai2="74,82,116,66,56,121,104,0,50,91,87,103,59" hai3=""/><V110/><N who="2" m="31008" /><V129/><F116/><T89/><N who="0" m="30752" /><T135/><D135/><U79/><E112/><V99/><F129/><T1/><D1/><U75/><E68/><V2/><F110/><T53/><D128/><U34/><E34/><V125/><F125/><T132/><D132/><U64/><E133/><V3/><F66/><T55/><D80/><U97/><E126/><V47/><REACH who="2" step="1"/><F74/><REACH who="2" ten="318,280,442,0" step="2"/><T77/><D60/><U124/><E64/><V127/><F127/><T109/><D109/><U46/><E119/><V130/><F130/><T96/><REACH who="0" step="1"/><D77/><REACH who="0" ten="308,280,442,0" step="2"/><U95/><E124/><V76/><F76/><T114/><D114/><U33/><E79/><V113/><F113/><T122/><N who="0" m="31264" /><T123/><N who="0" m="31520" /><T32/><D32/><U101/><E33/><V35/><F35/><T105/><D105/><U134/><E134/><V93/><F93/><T72/><D72/><U48/><E75/><V98/><F98/><AGARI ba="0,2" hai="40,46,48,49,54,58,81,83,94,95,97,98,101,102" machi="98" ten="40,5200,0" yaku="9,1,8,1,52,1" doraHai="41" who="1" fromWho="2" sc="308,0,280,72,442,-52,0,0" /><INIT seed="4,0,0,4,4,70" ten="308,352,390,0" oya="0" hai0="47,46,85,96,133,57,83,80,122,36,106,3,105" hai1="51,119,75,132,66,73,107,52,45,58,32,135,126" hai2="43,71,55,108,38,40,89,102,2,92,39,101,56" hai3=""/><T113/><N who="0" m="31264" /><T76/><D3/><U98/><E119/><V74/><F74/><T86/><D133/><N who="1" m="51275" /><E32/><V116/><F108/><T62/><D113/><U67/><E126/><V125/><F71/><T127/><D127/><U131/><E131/><V124/><F2/><T90/><D96/><U114/><E114/><V49/><F116/><T112/><D112/><U88/><E88/><V77/><F77/><T110/><D110/><U50/><E66/><V37/><F124/><T130/><D130/><U134/><E134/><V42/><REACH who="2" step="1"/><F125/><REACH who="2" ten="308,352,380,0" step="2"/><T64/><D47/><U120/><N who="1" m="30752" /><U121/><N who="1" m="31008" /><U54/><E67/><V95/><F95/><T94/><D94/><U1/><E1/><V60/><F60/><T68/><D68/><U129/><E129/><V33/><F33/><T34/><D34/><U72/><E72/><V123/><N who="2" m="31520" /><V79/><F79/><T84/><REACH who="0" step="1"/><D86/><AGARI ba="0,1" hai="37,38,39,40,42,43,49,55,56,86,89,92,101,102" m="31520" machi="86" ten="50,12000,2" yaku="1,1,52,4,53,1" doraHai="70" doraHaiUra="87" who="2" fromWho="0" sc="308,-120,352,0,380,130,0,0" /><INIT seed="5,0,0,5,3,47" ten="188,352,510,0" oya="1" hai0="59,57,125,97,72,80,87,79,127,111,78,53,41" hai1="128,86,73,122,94,32,107,61,51,33,135,114,2" hai2="88,76,84,36,52,34,98,120,43,83,117,44,77" hai3=""/><U3/><N who="1" m="31264" /><U50/><E73/><V106/><N who="2" m="30752" /><V39/><F117/><T82/><D111/><U103/><E107/><V38/><F34/><T64/><D41/><U112/><E128/><V93/><F77/><T133/><D64/><U96/><E135/><V55/><REACH who="2" step="1"/><F106/><REACH who="2" ten="188,352,500,0" step="2"/><T109/><D109/><U40/><E32/><V81/><F81/><T48/><D133/><U68/><E33/><V104/><F104/><T121/><N who="0" m="31008" /><T45/><REACH who="0" step="1"/><D97/><REACH who="0" ten="178,352,500,0" step="2"/><U115/><E40/><V105/><F105/><T100/><D100/><U74/><E96/><V56/><F56/><AGARI ba="0,2" hai="45,48,53,56,57,59,72,78,79,80,82,87,125,127" m="31008" machi="56" ten="40,5200,0" yaku="1,1,52,2,53,0" doraHai="47" doraHaiUra="62" who="0" fromWho="2" sc="178,72,352,0,500,-52,0,0" /><INIT seed="6,0,0,0,1,62" ten="250,352,448,0" oya="2" hai0="57,124,94,66,130,71,1,122,95,43,112,109,125" hai1="84,93,42,72,100,78,126,55,60,53,106,64,107" hai2="97,45,86,103,36,116,61,135,111,34,127,52,134" hai3=""/><V121/><N who="2" m="31008" /><V75/><F75/><T51/><N who="0" m="31264" /><T65/><D1/><U77/><E126/><N who="0" m="48745" /><D109/><U105/><E42/><V3/><F34/><T88/><D71/><U91/><E100/><V90/><F116/><T113/><D130/><U76/><REACH who="1" step="1"/><E72/><REACH who="1" ten="250,342,448,0" step="2"/><V120/><N who="2" m="30752" /><V102/><F127/><T47/><D95/><U67/><E67/><N who="0" m="25609" /><D57/><AGARI ba="0,1" hai="53,55,57,60,64,76,77,78,84,91,93,105,106,107" machi="57" ten="50,3200,0" yaku="1,1,52,1,53,0" doraHai="62" doraHaiUra="104" who="1" fromWho="0" sc="250,-32,342,42,448,0,0,0" owari="218,-38.0,384,-2.0,448,40.0,0,0.0" /></mjloggm>