<mjloggm ver="2.3"><GO type="169" lobby="0"/><UN n0="%E5%8D%97%E5%B8%9D%E5%8D%97%E6%B5%A6" n1="%E3%81%A1%E3%82%83%E3%82%8B%E5%AD%90" n2="%7A%6B%75%72%74" n3="%E5%86%85%E7%94%B0%E8%B2%B4%E5%A4%A7" dan="16,17,17,16" rate="2098.24,2236.48,2231.86,2107.37" sx="F,M,M,M"/><TAIKYOKU oya="0"/><INIT seed="0,0,0,1,0,25" ten="250,250,250,250" oya="0" hai0="32,47,110,65,83,135,73,57,56,59,11,46,99" hai1="1,95,72,129,45,125,70,114,133,113,28,39,87" hai2="24,93,69,16,19,23,21,67,118,131,68,55,14" hai3="120,52,38,29,116,94,79,31,86,101,37,7,124"/><T103/><D135/><U49/><E133/><V80/><F131/><W44/><G116/><T62/><D32/><U60/><E129/><V97/><F118/><W63/><G38/><T61/><D110/><U20/><E39/><V77/><F55/><W48/><G37/><T104/><D11/><U6/><E72/><V64/><F68/><W122/><G124/><T74/><D59/><U90/><E125/><V91/><REACH who="2" step="1"/><F69/><REACH who="2" ten="250,250,240,250" step="2"/><W119/><G119/><T106/><D106/><U96/><E70/><V15/><F15/><W127/><G127/><T130/><D130/><U100/><E1/><V4/><F4/><W5/><G7/><T13/><D13/><U0/><E0/><V58/><F58/><W17/><G5/><T18/><D74/><AGARI ba="0,1" hai="14,16,19,21,23,24,64,67,74,77,80,91,93,97" machi="74" ten="30,3900,0" yaku="1,1,7,1,54,1,53,0" doraHai="25" doraHaiUra="98" who="2" fromWho="0" sc="250,-39,250,0,240,49,250,0" /><INIT seed="1,0,0,4,0,23" ten="211,250,289,250" oya="1" hai0="122,84,48,82,4,112,124,60,58,46,39,36,67" hai1="18,69,41,94,32,116,34,14,9,54,15,108,59" hai2="45,35,12,1,85,42,20,106,17,130,73,28,99" hai3="66,111,3,2,47,11,126,8,27,129,110,38,98"/><U30/><E69/><V128/><F73/><W77/><G66/><T65/><D112/><U80/><E116/><V70/><F70/><W95/><G77/><T90/><D124/><U88/><E108/><N who="3" m="41514" /><G38/><T13/><D122/><U56/><E41/><V109/><F109/><W10/><G47/><T117/><D117/><U120/><E120/><V71/><F71/><W97/><G97/><T87/><D67/><U52/><E80/><V6/><F85/><W132/><G98/><T63/><D63/><U62/><E15/><V49/><F99/><W123/><G95/><T104/><D104/><U86/><REACH who="1" step="1"/><E30/><REACH who="1" ten="211,240,289,250" step="2"/><V44/><F106/><W5/><G123/><T21/><D39/><U131/><E131/><V68/><F68/><W114/><G129/><T29/><D36/><U24/><E24/><V91/><F130/><W121/><G121/><T51/><D29/><U74/><E74/><V134/><F128/><W61/><G114/><T118/><D118/><U55/><E55/><V40/><F40/><W26/><G126/><T19/><D4/><U133/><E133/><V105/><F134/><W93/><G132/><T76/><REACH who="0" step="1"/><D46/><REACH who="0" ten="201,240,289,250" step="2"/><U31/><E31/><V103/><F45/><W22/><G5/><T89/><D89/><U72/><E72/><V37/><F37/><W135/><G135/><T33/><D33/><U107/><E107/><V57/><F91/><W83/><G3/><T7/><D7/><U127/><E127/><V92/><F105/><W113/><G2/><T101/><D101/><U96/><E96/><V81/><F1/><W43/><G113/><T50/><D50/><AGARI ba="0,2" hai="9,14,18,32,34,50,52,54,56,59,62,86,88,94" machi="50" ten="30,12000,1" yaku="1,1,6,1,7,1,54,2,53,0" doraHai="23" doraHaiUra="78" who="1" fromWho="0" sc="201,-120,240,140,289,0,250,0" /><INIT seed="1,1,0,3,5,81" ten="81,380,289,250" oya="1" hai0="66,110,116,61,58,128,70,123,16,95,131,65,54" hai1="120,84,42,44,55,109,85,32,122,100,10,121,64" hai2="29,41,62,15,75,23,19,13,127,105,11,83,113" hai3="90,5,43,125,9,132,133,34,3,25,20,104,107"/><U86/><E32/><V12/><F105/><W37/><G125/><T96/><D116/><U89/><E100/><V135/><F127/><W53/><G34/><T2/><D2/><U97/><E64/><V129/><F129/><N who="0" m="49738" /><D110/><U94/><E109/><V117/><F117/><W36/><G53/><T21/><D123/><U98/><E98/><V115/><F41/><W1/><G90/><N who="0" m="55415" /><D70/><U118/><E118/><V8/><F62/><W69/><G69/><T63/><D63/><U93/><E93/><V77/><F29/><W47/><G37/><T78/><D78/><U108/><E108/><V68/><F68/><W45/><G47/><T67/><D67/><U72/><E72/><V22/><F135/><N who="3" m="51787" /><G3/><T51/><D51/><U24/><E55/><V80/><F80/><W102/><G102/><T38/><D38/><U26/><REACH who="1" step="1"/><E10/><REACH who="1" ten="81,370,289,250" step="2"/><V6/><F8/><W0/><G0/><T73/><D73/><U99/><E99/><V91/><F11/><W82/><G82/><T40/><D40/><U76/><E76/><V59/><F77/><W30/><AGARI ba="1,1" hai="1,5,9,20,25,30,36,43,45,104,107" m="51787" machi="30" ten="30,1100,0" yaku="20,1" doraHai="81" who="3" fromWho="3" sc="81,-4,370,-6,289,-4,250,24" /><INIT seed="2,0,0,3,4,51" ten="77,364,285,274" oya="2" hai0="17,95,82,4,116,31,3,96,111,119,68,74,113" hai1="21,62,10,20,29,86,122,11,57,54,80,64,112" hai2="56,39,13,15,30,48,76,70,75,84,5,101,50" hai3="6,81,126,61,12,103,108,109,98,129,85,104,106"/><V22/><F70/><W27/><G27/><T34/><D68/><U2/><E112/><V33/><F39/><W87/><G61/><T88/><D113/><U16/><E122/><V133/><F133/><W37/><G37/><T73/><D111/><N who="3" m="42569" /><G6/><T128/><D128/><U132/><E132/><V58/><F75/><W83/><G12/><T1/><D17/><U120/><E120/><V47/><F33/><W99/><G126/><T78/><D74/><U79/><E2/><V60/><F101/><N who="3" m="62519" /><G129/><T100/><D4/><U107/><E107/><V114/><F114/><W97/><G97/><T7/><D7/><U66/><E21/><V67/><F56/><W131/><G131/><T32/><D32/><U59/><E29/><V36/><F36/><W91/><G87/><T26/><REACH who="0" step="1"/><D100/><REACH who="0" ten="67,364,285,274" step="2"/><U52/><E11/><V40/><F5/><W127/><G127/><T9/><D9/><U49/><E10/><V41/><F30/><W38/><G38/><T130/><D130/><U92/><E92/><AGARI ba="0,1" hai="81,83,85,91,92,99,103,106" m="62519,42569" machi="92" ten="30,3900,0" yaku="14,1,34,2" doraHai="51" who="3" fromWho="1" sc="67,0,364,-39,285,0,274,49" /><INIT seed="3,0,0,2,2,127" ten="67,325,285,323" oya="3" hai0="97,88,48,75,61,134,82,133,35,126,2,51,66" hai1="59,16,36,119,120,135,52,0,95,112,80,132,98" hai2="78,130,27,93,11,105,28,24,7,41,44,102,129" hai3="111,32,65,53,62,109,108,37,64,31,57,1,73"/><W110/><N who="3" m="27648" /><DORA hai="3" /><W29/><G73/><T30/><D2/><U19/><E112/><V8/><F105/><W49/><G37/><T72/><D126/><U34/><E120/><V79/><F11/><W54/><G1/><T18/><D18/><U83/><E36/><V115/><F115/><W100/><G100/><T42/><D30/><N who="3" m="11273" /><G32/><T69/><D35/><U124/><E124/><V43/><F102/><W116/><G116/><T90/><D42/><U15/><E34/><V89/><F78/><W67/><G54/><T22/><D22/><U9/><E119/><V68/><F79/><W47/><AGARI ba="0,0" hai="47,49,53,57,62,64,65,67" m="11273,27648" machi="47" ten="60,6000,0" yaku="14,1,10,1" doraHai="127,3" who="3" fromWho="3" sc="67,-20,325,-20,285,-20,323,60" /><INIT seed="3,1,0,0,5,56" ten="47,305,265,383" oya="3" hai0="4,79,6,132,26,10,11,33,74,34,90,62,49" hai1="37,72,116,130,17,66,51,88,106,65,12,135,20" hai2="133,50,109,81,35,103,127,63,40,93,121,89,60" hai3="57,55,105,64,102,25,19,119,99,29,68,125,2"/><W48/><G119/><T73/><D49/><U27/><E116/><V16/><F121/><W87/><G2/><T59/><D90/><U84/><E37/><V113/><F113/><W36/><G125/><T128/><D79/><U76/><E135/><V82/><F127/><W13/><G36/><T31/><D132/><U111/><E111/><V38/><F109/><W95/><G87/><T122/><D122/><U94/><E130/><V47/><F35/><W75/><G75/><T67/><D128/><U45/><E106/><V43/><F133/><W58/><G105/><T1/><REACH who="0" step="1"/><D33/><REACH who="0" ten="37,305,265,383" step="2"/><U44/><E76/><V8/><F38/><W134/><G134/><T120/><D120/><U5/><E72/><V98/><F40/><W115/><G115/><T9/><D9/><N who="1" m="4143" /><E44/><V41/><F41/><AGARI ba="1,1" hai="17,20,27,41,45,51,65,66,84,88,94" m="4143" machi="41" ten="30,2000,0" yaku="8,1,54,1" doraHai="56" who="1" fromWho="2" sc="37,0,305,33,265,-23,383,0" /><INIT seed="4,0,0,1,3,110" ten="37,338,242,383" oya="0" hai0="90,39,58,38,104,82,13,89,33,122,36,30,105" hai1="74,3,54,64,40,4,10,117,96,72,87,25,67" hai2="6,11,48,77,115,35,95,112,8,98,41,7,5" hai3="26,85,46,83,61,79,52,116,133,18,23,50,66"/><T16/><D122/><U121/><E121/><V17/><F35/><W134/><REACH who="3" step="1"/><G116/><REACH who="3" ten="37,338,242,373" step="2"/><T55/><D30/><U56/><E117/><V24/><F77/><W29/><G29/><T51/><D33/><U126/><E126/><V111/><F111/><W109/><G109/><T131/><D131/><U15/><E67/><V44/><F24/><W49/><G49/><T113/><D113/><N who="2" m="43594" /><F17/><W80/><G80/><T127/><D127/><U99/><E64/><V91/><AGARI ba="0,1" hai="5,6,7,8,11,41,44,48,91,95,98" m="43594" machi="91" ten="30,7900,0" yaku="15,1,52,3" doraHai="110" who="2" fromWho="2" sc="37,-39,338,-20,242,89,373,-20" owari="-2,-50.0,318,-8.0,331,13.0,353,45.0" /></mjloggm>