<mjloggm ver="2.3"><GO type="185" lobby="0"/><UN n0="%E5%A4%9A%E6%9E%97%E6%99%8B" n1="%E3%82%86%E3%81%8D%E3%81%86%E3%81%95%E3%81%8E%E2%98%86" n2="%E6%B5%B7%E8%83%86%E3%83%88%E3%83%AD%E7%83%8F%E8%B3%8A" n3="" dan="16,16,19,0" rate="2198.40,2164.03,2394.88,1500.00" sx="M,F,M,C"/><TAIKYOKU oya="0"/><INIT seed="0,0,0,5,1,88" ten="350,350,350,0" oya="0" hai0="54,63,125,52,109,107,90,101,99,76,53,75,114" hai1="106,56,103,129,46,120,47,102,122,121,89,33,110" hai2="1,97,42,135,130,118,66,34,43,82,55,64,40" hai3=""/><T62/><D114/><U105/><N who="1" m="30752" /><U0/><E0/><V93/><F1/><T91/><D125/><U71/><E33/><V87/><F34/><T126/><D126/><U38/><E110/><V3/><F3/><T98/><D109/><U124/><E124/><V74/><F135/><T73/><D91/><U123/><N who="1" m="31008" /><U50/><E71/><V85/><F130/><T127/><D127/><U119/><E119/><V83/><F74/><T36/><D36/><U100/><E100/><V49/><F118/><T41/><D41/><U115/><E129/><V69/><F83/><T72/><REACH who="0" step="1"/><D76/><REACH who="0" ten="340,350,350,0" step="2"/><U78/><E78/><V48/><F40/><T59/><D59/><U113/><E56/><V133/><F42/><T61/><D61/><U108/><E108/><V32/><F43/><T44/><D44/><U65/><E38/><V128/><F128/><T95/><AGARI ba="0,1" hai="52,53,54,62,63,72,73,75,90,95,98,99,101,107" machi="95" ten="40,12000,2" yaku="1,1,0,1,52,1,54,1,53,2" doraHai="88" doraHaiUra="92" who="0" fromWho="0" sc="340,130,350,-60,350,-60,0,0" /><INIT seed="0,1,0,2,4,53" ten="470,290,290,0" oya="0" hai0="81,115,48,117,75,40,49,77,103,93,122,101,108" hai1="132,121,104,112,34,64,74,65,123,51,66,114,39" hai2="96,120,100,135,46,70,95,111,116,35,97,76,45" hai3=""/><T58/><N who="0" m="31264" /><T124/><D117/><U3/><N who="1" m="31008" /><U82/><N who="1" m="31520" /><U59/><E3/><V38/><N who="2" m="30752" /><V128/><F116/><T119/><D119/><U71/><E34/><V32/><F111/><T33/><D33/><U1/><E1/><V36/><F128/><T61/><D115/><N who="1" m="44075" /><E39/><V41/><F135/><T98/><D108/><U102/><E132/><V92/><F70/><T125/><D101/><U109/><E71/><V2/><F2/><T83/><D81/><U85/><E74/><V37/><F76/><T69/><D69/><U56/><E51/><V89/><F37/><T134/><D134/><U67/><E109/><V90/><F100/><T57/><D58/><U0/><E0/><V126/><F126/><N who="0" m="48746" /><D40/><AGARI ba="1,0" hai="32,35,36,38,40,41,45,46,89,90,92,95,96,97" m="30752" machi="40" ten="40,8000,1" yaku="32,3,52,1" doraHai="53" who="2" fromWho="0" sc="470,-82,290,0,290,82,0,0" /><INIT seed="1,0,0,5,0,122" ten="388,290,372,0" oya="1" hai0="110,108,76,80,52,135,85,54,65,91,78,95,89" hai1="99,132,88,74,69,63,61,40,64,38,1,51,86" hai2="55,83,59,66,70,45,128,120,53,94,73,123,57" hai3=""/><U36/><E1/><V134/><N who="2" m="30752" /><V90/><N who="2" m="31520" /><V67/><F128/><T111/><D65/><U87/><E132/><V81/><F134/><T124/><D135/><U0/><E0/><V125/><F125/><T101/><D101/><U62/><E74/><V82/><F73/><T131/><D131/><U58/><E99/><V44/><F70/><T34/><D34/><U47/><E87/><V35/><F35/><T129/><D129/><U72/><E72/><V115/><F115/><T43/><D43/><U84/><E84/><V97/><F67/><T32/><D124/><U71/><E71/><V93/><F66/><T109/><D32/><U2/><E2/><V105/><F105/><T46/><D109/><U39/><REACH who="1" step="1"/><E69/><REACH who="1" ten="388,280,372,0" step="2"/><V68/><F68/><T75/><D75/><U42/><E42/><V98/><F82/><AGARI ba="0,1" hai="36,38,39,40,47,51,58,61,62,63,64,82,86,88" machi="82" ten="40,3900,0" yaku="1,1,54,1,53,0" doraHai="122" doraHaiUra="49" who="1" fromWho="2" sc="388,0,280,49,372,-39,0,0" /><INIT seed="1,1,0,2,1,80" ten="388,329,333,0" oya="1" hai0="58,43,70,82,53,96,2,72,63,37,34,117,42" hai1="56,39,54,79,128,124,127,64,122,74,135,50,69" hai2="103,88,60,61,86,71,109,131,133,100,48,45,85" hai3=""/><U33/><N who="1" m="31264" /><U104/><E33/><V46/><F109/><T59/><D34/><U90/><E128/><V62/><F131/><T78/><D2/><U102/><E135/><V55/><F133/><T107/><D70/><U83/><E39/><V105/><F71/><T108/><D108/><U51/><E51/><V92/><F105/><T87/><D37/><U32/><E32/><V125/><F125/><T93/><D117/><U106/><E90/><V99/><F45/><T57/><D58/><U111/><E111/><V98/><F98/><T123/><N who="0" m="31520" /><T0/><D0/><U118/><E118/><V40/><F40/><T120/><N who="0" m="30752" /><T81/><D57/><U77/><E104/><V89/><F99/><T112/><D107/><U73/><E106/><V47/><F47/><T97/><D97/><U35/><E35/><V95/><AGARI ba="1,0" hai="46,48,55,60,61,62,85,86,88,89,92,95,100,103" machi="95" ten="30,9000,2" yaku="0,1,9,1,8,1,52,2,54,1" doraHai="80" who="2" fromWho="2" sc="388,-31,329,-61,333,92,0,0" /><INIT seed="2,0,0,5,5,87" ten="357,268,425,0" oya="2" hai0="100,43,49,33,50,116,107,103,92,111,122,109,65" hai1="129,42,131,0,37,74,67,98,128,83,117,66,62" hai2="36,101,112,45,71,89,105,95,121,99,1,124,77" hai3=""/><V119/><N who="2" m="31008" /><V86/><F1/><T113/><N who="0" m="31264" /><T51/><D33/><U96/><E0/><V81/><F119/><T118/><D107/><U126/><E117/><V91/><F112/><T57/><D113/><U82/><E126/><V78/><F71/><T53/><D65/><U39/><E42/><V70/><F70/><T63/><D43/><U114/><E62/><V120/><N who="2" m="30752" /><V130/><F124/><T135/><D135/><U79/><E114/><V72/><F130/><T133/><D133/><U68/><E68/><V93/><F45/><T56/><D57/><U110/><E79/><V115/><F36/><N who="1" m="13897" /><E74/><V34/><F34/><T104/><D104/><U40/><E40/><V73/><F115/><T85/><D116/><U106/><E106/><V64/><F64/><N who="1" m="24617" /><E110/><N who="0" m="41993" /><D118/><U90/><E82/><V44/><F44/><T47/><D47/><U88/><E83/><V134/><F134/><T80/><D92/><N who="2" m="35402" /><F78/><AGARI ba="0,0" hai="49,50,51,53,56,63,78,80,85,100,103" m="41993,31264" machi="78" ten="30,2000,0" yaku="14,1,52,1" doraHai="87" who="0" fromWho="2" sc="357,20,268,0,425,-20,0,0" /><INIT seed="4,0,0,5,5,43" ten="377,268,405,0" oya="0" hai0="95,123,63,75,74,133,119,67,57,72,105,44,64" hai1="84,106,45,62,42,73,131,69,54,47,104,58,76" hai2="37,53,38,66,93,115,79,121,110,97,49,94,99" hai3=""/><T39/><N who="0" m="31520" /><T46/><D105/><U48/><E131/><V77/><N who="2" m="31008" /><V101/><F110/><T109/><D119/><U85/><E69/><V36/><F66/><T120/><N who="0" m="30752" /><T68/><D109/><U70/><E70/><V40/><F40/><T125/><D39/><U83/><E84/><V111/><F115/><T100/><D133/><U32/><E32/><V126/><F126/><T35/><D35/><U50/><REACH who="1" step="1"/><E73/><REACH who="1" ten="377,258,405,0" step="2"/><V108/><F108/><T91/><D125/><U98/><E98/><V41/><F111/><T59/><D100/><U134/><E134/><V88/><REACH who="2" step="1"/><F41/><AGARI ba="0,1" hai="41,42,45,47,48,50,54,58,62,76,83,85,104,106" machi="41" ten="30,8000,1" yaku="1,1,7,1,9,1,52,2,53,0" doraHai="43" doraHaiUra="129" who="1" fromWho="2" sc="377,0,258,90,405,-80,0,0" /><INIT seed="5,0,0,3,5,68" ten="377,348,325,0" oya="1" hai0="88,87,58,121,133,122,55,128,94,43,64,115,59" hai1="102,93,123,0,120,129,96,53,118,76,114,37,89" hai2="81,110,125,62,56,32,51,86,84,38,67,111,99" hai3=""/><U85/><N who="1" m="30752" /><U52/><N who="1" m="31520" /><U33/><E0/><V101/><F32/><T100/><N who="0" m="31008" /><T107/><N who="0" m="31264" /><T77/><D115/><U126/><E33/><V132/><F132/><T95/><D133/><U35/><E35/><V135/><F135/><T46/><D128/><U40/><E129/><V105/><F125/><T60/><D77/><U98/><E114/><V75/><F75/><T39/><D107/><U92/><E126/><V72/><F72/><T106/><D106/><U73/><E118/><V49/><F86/><T113/><D113/><U134/><E73/><V131/><F131/><T69/><D100/><U127/><E127/><V109/><REACH who="2" step="1"/><F38/><REACH who="2" ten="377,348,315,0" step="2"/><T119/><D119/><U130/><E130/><V1/><F1/><T97/><D97/><U124/><E124/><V3/><F3/><T44/><D39/><U54/><E134/><V112/><F112/><T36/><D36/><U47/><E96/><V66/><F66/><T103/><D64/><U78/><AGARI ba="0,1" hai="37,40,47,52,53,54,76,78,85,89,92,93,98,102" m="31520,30752" machi="78" ten="30,8000,1" yaku="0,1,52,3,54,1" doraHai="68" who="1" fromWho="1" sc="377,-40,348,90,315,-40,0,0" /><INIT seed="5,1,0,3,5,89" ten="337,438,275,0" oya="1" hai0="95,133,61,69,97,114,116,41,49,110,50,118,122" hai1="65,113,127,39,131,37,103,42,67,45,125,117,104" hai2="78,56,71,105,34,3,130,58,112,124,64,2,0" hai3=""/><U46/><E117/><N who="0" m="45161" /><D110/><U135/><E104/><V76/><F34/><T99/><N who="0" m="31264" /><T134/><D114/><U102/><E113/><V121/><N who="2" m="31008" /><V126/><F112/><T48/><D41/><U128/><E42/><V86/><F105/><T106/><D106/><U60/><E60/><V1/><N who="2" m="0" /><DORA hai="55" /><V75/><F75/><T59/><D69/><U36/><E37/><V94/><F130/><T129/><D129/><U80/><E80/><V66/><F71/><T43/><D43/><U57/><E57/><N who="2" m="22123" /><F94/><T87/><D87/><U73/><E73/><V52/><F52/><T92/><D97/><U72/><E72/><V123/><N who="2" m="31520" /><V82/><F78/><T77/><D77/><U85/><E128/><V62/><F62/><T108/><D108/><U101/><E131/><V53/><F53/><T63/><D63/><U115/><E115/><V81/><F81/><T40/><D40/><U54/><E54/><V33/><F33/><T44/><D92/><U83/><E83/><V47/><F47/><T88/><D44/><U98/><E45/><V93/><F93/><T70/><D70/><U74/><E46/><V109/><F109/><T79/><D79/><U96/><E74/><V90/><F76/><T119/><D119/><RYUUKYOKU ba="1,0" sc="337,10,438,-20,275,10,0,0" hai0="48,49,50,59,61,88,95,99,133,134" hai2="64,66,82,86,90,124,126" /><INIT seed="6,2,0,4,3,83" ten="347,418,285,0" oya="2" hai0="68,34,60,54,46,87,47,93,77,132,81,33,106" hai1="86,76,43,135,32,41,117,124,52,90,56,120,64" hai2="113,37,73,35,133,119,109,84,51,49,127,107,103" hai3=""/><V53/><RYUUKYOKU type="yao9" ba="2,0" sc="347,0,418,0,285,0,0,0" hai2="35,37,49,51,53,73,84,103,107,109,113,119,127,133" /><INIT seed="6,3,0,4,5,1" ten="347,418,285,0" oya="2" hai0="101,123,135,48,35,86,110,39,59,69,51,52,58" hai1="73,65,75,55,115,53,125,42,78,36,40,74,38" hai2="96,76,80,49,83,81,100,133,82,32,54,85,121" hai3=""/><V130/><N who="2" m="31008" /><V45/><F133/><T2/><N who="0" m="31520" /><T108/><D2/><U50/><E115/><V97/><F130/><T102/><D135/><U79/><E125/><V111/><F111/><T98/><D69/><U0/><E50/><V94/><F32/><T84/><D39/><N who="1" m="14891" /><E65/><V104/><REACH who="2" step="1"/><F82/><REACH who="2" ten="347,418,275,0" step="2"/><T127/><D35/><U106/><E0/><V118/><F118/><T63/><D127/><U93/><E106/><V119/><F119/><T33/><D33/><U34/><E93/><V64/><F64/><T91/><D110/><U117/><E34/><V61/><F61/><T56/><D108/><U68/><E117/><V107/><F107/><T120/><N who="0" m="30752" /><T126/><D126/><U41/><E68/><V113/><F113/><T87/><D63/><U128/><E128/><V44/><F44/><T116/><D116/><U77/><AGARI ba="3,1" hai="40,41,42,53,55,73,74,75,77,78,79" m="14891" machi="77" ten="50,6000,1" yaku="29,2,28,2" doraHai="1" who="1" fromWho="1" sc="347,-23,418,76,275,-43,0,0" owari="324,-8.0,494,45.0,232,-37.0,0,0.0" /></mjloggm>