<mjloggm ver="2.3"><GO type="169" lobby="0"/><UN n0="%6D%61%74%6F%30%36%30%33" n1="%E7%94%9F%E7%B2%8B%E3%81%AE%E7%85%BD%E3%83%A9%E3%83%BC%E2%99%AA" n2="%E3%82%A2%E3%83%A4%E3%82%BB" n3="%E9%87%8E%E4%B8%AD%E6%99%B4" dan="18,16,16,16" rate="2256.34,2056.32,2186.92,2072.83" sx="M,M,M,F"/><TAIKYOKU oya="0"/><INIT seed="0,0,0,4,0,91" ten="250,250,250,250" oya="0" hai0="13,60,28,6,3,9,30,98,54,127,56,109,80" hai1="77,39,117,29,42,22,62,110,107,69,125,93,57" hai2="10,27,113,100,33,87,67,76,75,45,59,119,96" hai3="90,4,11,134,1,126,24,43,88,106,121,44,70"/><T63/><D127/><U130/><E107/><V73/><F113/><W128/><G126/><T46/><D109/><U120/><E125/><V52/><F10/><W84/><G128/><T81/><D3/><U53/><E110/><V131/><F45/><W95/><G134/><T32/><D32/><U21/><E130/><V74/><F67/><W122/><G106/><T17/><D6/><U83/><E117/><V38/><F38/><W116/><G116/><T108/><D108/><U26/><E69/><V72/><F87/><W102/><G70/><T48/><D63/><U14/><E120/><V101/><F101/><W85/><G24/><T40/><REACH who="0" step="1"/><D98/><REACH who="0" ten="240,250,250,250" step="2"/><U5/><E5/><V82/><F119/><W37/><REACH who="3" step="1"/><G102/><REACH who="3" ten="240,250,250,240" step="2"/><T2/><D2/><U115/><E115/><V123/><F131/><W65/><G65/><T49/><D49/><U19/><E39/><V133/><F133/><W68/><G68/><T25/><D25/><U124/><E124/><V41/><F123/><W55/><G55/><T86/><D86/><U12/><E42/><V99/><F100/><W104/><G104/><T51/><D51/><U50/><E50/><V112/><F112/><W18/><G18/><T89/><D89/><U129/><E129/><V64/><F41/><W31/><G31/><AGARI ba="0,2" hai="9,13,17,28,30,31,40,46,48,54,56,60,80,81" machi="31" ten="40,12000,1" yaku="1,1,8,1,53,2" doraHai="91" doraHaiUra="79" who="0" fromWho="3" sc="240,140,250,0,250,0,240,-120" /><INIT seed="0,1,0,4,0,24" ten="380,250,250,120" oya="0" hai0="51,80,18,110,129,61,87,13,64,54,133,79,113" hai1="3,21,67,101,16,114,73,98,4,44,27,94,36" hai2="75,106,31,38,108,7,2,17,10,57,77,62,88" hai3="128,14,9,23,22,76,56,47,78,91,39,19,63"/><T69/><D113/><U99/><E73/><V71/><F71/><W34/><G34/><T132/><D129/><U81/><E114/><V37/><F106/><W53/><G128/><T29/><D110/><U6/><E3/><V135/><F17/><W72/><G72/><T0/><D0/><U130/><E130/><V8/><F8/><W55/><G39/><T85/><D85/><U103/><E67/><V60/><F60/><W134/><G134/><T50/><D29/><U126/><E126/><V26/><F135/><N who="0" m="51786" /><D54/><U112/><E112/><V45/><F45/><W122/><G122/><T123/><D123/><U25/><E81/><V124/><F124/><W48/><G23/><AGARI ba="1,0" hai="13,18,23,50,51,61,64,69,79,80,87" m="51786" machi="23" ten="30,1500,0" yaku="20,1" doraHai="24" who="0" fromWho="3" sc="380,18,250,0,250,0,120,-18" /><INIT seed="0,2,0,0,1,103" ten="398,250,250,102" oya="0" hai0="35,133,77,55,117,41,47,120,90,63,23,61,48" hai1="69,99,53,1,124,132,104,95,25,73,111,39,22" hai2="94,6,100,72,2,51,45,88,80,78,128,68,38" hai3="10,16,9,119,21,29,125,116,36,129,52,105,34"/><T42/><D35/><U113/><RYUUKYOKU type="yao9" ba="2,0" sc="398,0,250,0,250,0,102,0" hai1="1,22,25,39,53,69,73,95,99,104,111,113,124,132" /><INIT seed="0,3,0,1,2,83" ten="398,250,250,102" oya="0" hai0="61,24,105,65,134,9,79,0,73,121,94,81,120" hai1="54,62,4,128,122,101,71,133,27,2,44,60,91" hai2="95,30,100,125,40,67,98,80,26,126,48,68,1" hai3="112,46,88,115,5,41,11,45,124,51,50,103,33"/><T85/><D105/><U22/><E122/><V34/><F1/><W119/><G33/><T118/><D118/><U89/><E101/><V131/><F131/><W25/><G119/><T90/><D134/><U77/><E128/><V43/><F48/><W19/><G124/><T47/><D24/><U55/><E77/><V99/><F99/><W29/><G103/><T23/><D23/><U107/><E107/><V66/><F66/><W92/><G19/><T18/><D47/><U3/><E71/><V70/><F70/><W7/><G7/><T56/><REACH who="0" step="1"/><D0/><REACH who="0" ten="388,250,250,102" step="2"/><U38/><E22/><V39/><F125/><W97/><G25/><T17/><D17/><U28/><E27/><V64/><F126/><W69/><G29/><T8/><D8/><U16/><E44/><V49/><F26/><W129/><G129/><T13/><AGARI ba="3,1" hai="9,13,18,56,61,65,73,79,81,85,90,94,120,121" machi="13" ten="30,6000,0" yaku="1,1,0,1,52,1,53,0" doraHai="83" doraHaiUra="32" who="0" fromWho="0" sc="388,79,250,-23,250,-23,102,-23" /><INIT seed="0,4,0,5,0,63" ten="467,227,227,79" oya="0" hai0="31,95,128,120,84,93,55,101,115,61,80,62,14" hai1="69,122,129,123,96,60,105,126,99,42,74,91,36" hai2="19,75,82,73,52,12,57,135,2,13,18,64,30" hai3="40,0,104,68,11,103,77,127,29,32,43,78,118"/><T72/><D115/><U23/><E74/><V89/><F2/><W81/><G118/><T94/><D120/><U125/><E23/><V4/><F30/><W46/><G127/><N who="1" m="48650" /><E129/><V20/><F4/><W90/><G68/><T44/><D72/><U86/><E42/><V70/><F135/><W59/><G104/><T107/><D128/><U71/><E36/><V41/><F41/><W100/><G90/><T113/><D113/><U121/><E105/><V9/><F70/><N who="1" m="26633" /><E60/><V37/><F37/><W108/><G43/><T117/><D117/><U87/><E91/><V53/><F73/><W16/><G78/><T27/><D107/><U106/><E106/><V98/><F75/><W102/><G32/><T7/><D101/><U50/><E50/><V54/><F64/><W22/><G29/><T33/><D62/><U116/><E116/><V79/><F79/><W28/><G28/><T134/><D61/><U8/><E8/><V35/><F35/><W92/><G11/><T131/><D131/><U130/><E130/><V56/><REACH who="2" step="1"/><F82/><REACH who="2" ten="467,227,217,79" step="2"/><W45/><G40/><T39/><D80/><U65/><E65/><V88/><F88/><W24/><G0/><T132/><D33/><U83/><E83/><V124/><F124/><W67/><G92/><AGARI ba="4,1" hai="9,12,13,18,19,20,52,53,54,56,57,89,92,98" machi="92" ten="40,5200,0" yaku="1,1,8,1,54,1,53,0" doraHai="63" doraHaiUra="110" who="2" fromWho="3" sc="467,0,227,0,217,74,79,-64" /><INIT seed="1,0,0,0,2,134" ten="467,227,291,15" oya="1" hai0="41,60,85,115,135,31,19,121,123,56,90,94,88" hai1="12,96,48,75,129,51,3,106,30,66,67,70,44" hai2="128,111,118,71,35,2,132,105,127,76,81,104,89" hai3="114,69,126,62,38,131,93,50,80,108,0,16,110"/><U97/><E3/><V13/><RYUUKYOKU type="yao9" ba="0,0" sc="467,0,227,0,291,0,15,0" hai2="2,13,35,71,76,81,89,104,105,111,118,127,128,132" /><INIT seed="1,1,0,3,3,23" ten="467,227,291,15" oya="1" hai0="133,70,81,11,78,53,4,85,54,19,8,84,101" hai1="89,105,28,107,24,56,22,33,18,39,123,52,42" hai2="45,29,2,77,17,122,94,88,36,131,40,128,126" hai3="55,73,87,57,60,21,117,16,67,59,71,120,75"/><U86/><E123/><V119/><F119/><W114/><G117/><T58/><D70/><U82/><E42/><V9/><F122/><W14/><G120/><T96/><D133/><U111/><E39/><V109/><F77/><W92/><G114/><T106/><D19/><U113/><E113/><V41/><F41/><W35/><G35/><T38/><D38/><U104/><E111/><V97/><F126/><W100/><G71/><T26/><D26/><U37/><E37/><V127/><F127/><W10/><G10/><T51/><D4/><U93/><E82/><V63/><F109/><W130/><G130/><N who="2" m="49705" /><F63/><W115/><G115/><T112/><D112/><U69/><E69/><V47/><F47/><W121/><G121/><T13/><D13/><U132/><E132/><V83/><F83/><W1/><G1/><T95/><D106/><U3/><E3/><V72/><F29/><W134/><G134/><T32/><D32/><U61/><E105/><V68/><F68/><W34/><G34/><T62/><D85/><U25/><AGARI ba="1,0" hai="18,22,24,25,28,33,52,56,61,86,89,93,104,107" machi="25" ten="20,12000,1" yaku="0,1,7,1,52,2,54,1" doraHai="23" who="1" fromWho="1" sc="467,-41,227,123,291,-41,15,-41" owari="426,53.0,350,15.0,250,-15.0,-26,-53.0" /></mjloggm>