<mjloggm ver="2.3"><GO type="185" lobby="0"/><UN n0="%E3%81%82%E3%81%9F%E3%82%89%E3%81%AA%E3%81%84%E3%81%A7%EF%BC%81" n1="%E9%AC%BC" n2="%79%61%6F%39" n3="" dan="17,17,16,0" rate="2174.76,2268.49,2082.21,1500.00" sx="M,F,M,C"/><TAIKYOKU oya="0"/><INIT seed="0,0,0,0,5,38" ten="350,350,350,0" oya="0" hai0="109,125,46,113,108,102,104,54,66,2,94,119,64" hai1="53,59,47,120,39,118,110,63,86,34,43,135,85" hai2="76,56,105,55,51,114,68,93,89,130,88,3,87" hai3=""/><T35/><D35/><U67/><N who="1" m="30752" /><U92/><E118/><V116/><F114/><T41/><D2/><U32/><E110/><N who="0" m="42601" /><D119/><U50/><E135/><V127/><F3/><T97/><D125/><U83/><E92/><V122/><N who="2" m="31264" /><V117/><F127/><T91/><D54/><U0/><E0/><V65/><F105/><T62/><D62/><U78/><REACH who="1" step="1"/><E85/><REACH who="1" ten="350,340,350,0" step="2"/><V77/><F87/><T81/><D113/><U132/><E132/><V80/><F116/><T95/><D95/><U36/><E36/><V42/><F93/><T69/><D81/><U60/><E60/><V133/><F80/><T82/><D82/><U45/><AGARI ba="0,1" hai="32,34,39,43,45,47,50,53,59,63,67,78,83,86" m="30752" machi="45" ten="20,9000,2" yaku="1,1,0,1,7,1,52,2,53,1" doraHai="38" doraHaiUra="71" who="1" fromWho="1" sc="350,-60,340,100,350,-30,0,0" /><INIT seed="1,0,0,2,5,109" ten="290,440,320,0" oya="1" hai0="99,68,44,1,59,37,113,122,56,50,42,48,35" hai1="34,130,81,83,103,43,128,112,134,105,61,86,65" hai2="67,66,118,39,84,80,89,116,125,95,54,90,62" hai3=""/><U114/><E34/><V52/><F125/><T94/><N who="0" m="31264" /><T33/><D1/><U78/><E134/><V100/><F39/><T3/><D3/><U135/><E135/><V96/><F67/><T49/><D68/><U119/><E119/><V38/><F38/><T92/><D92/><U74/><E43/><V41/><F41/><T111/><D111/><U75/><E103/><V127/><F127/><T132/><D132/><U117/><E105/><V45/><F45/><T69/><D69/><U85/><E117/><V108/><F108/><T121/><N who="0" m="31008" /><T57/><REACH who="0" step="1"/><D113/><REACH who="0" ten="280,440,320,0" step="2"/><N who="1" m="43627" /><E65/><V120/><N who="2" m="30752" /><V77/><F118/><T63/><D63/><U87/><E61/><V131/><F116/><T2/><D2/><U32/><E32/><V115/><F115/><T82/><D82/><U36/><E36/><V93/><F62/><T106/><D106/><U60/><E60/><V123/><F123/><T72/><D72/><N who="1" m="27691" /><E83/><V98/><F80/><T124/><D124/><U133/><E133/><V53/><F66/><T55/><D55/><U79/><E81/><V126/><F126/><T101/><AGARI ba="0,1" hai="33,35,37,42,44,48,49,50,56,57,59,94,99,101" m="31008,31264" machi="101" ten="30,6000,1" yaku="1,1,0,1,52,2,53,1" doraHai="109" doraHaiUra="88" who="0" fromWho="0" sc="280,70,440,-40,320,-20,0,0" /><INIT seed="2,0,0,0,0,86" ten="350,400,300,0" oya="2" hai0="113,67,121,40,119,102,99,53,73,79,110,57,72" hai1="93,85,122,132,118,100,32,51,120,108,45,34,124" hai2="58,37,128,70,107,94,101,62,80,46,75,74,109" hai3=""/><V47/><F107/><T98/><N who="0" m="31008" /><T126/><D119/><U134/><N who="1" m="30752" /><U0/><N who="1" m="31264" /><U89/><E118/><V50/><F70/><T61/><D110/><U2/><E108/><V41/><F109/><T135/><D113/><U125/><E100/><V111/><F111/><T82/><D126/><N who="1" m="48747" /><E51/><V33/><F33/><N who="1" m="12905" /><E45/><V3/><F47/><T66/><D135/><AGARI ba="0,0" hai="0,2,85,89,93,132,134,135" m="12905,48747,31264,30752" machi="135" ten="40,8000,1" yaku="20,1,18,1,52,3" doraHai="86" who="1" fromWho="0" sc="350,-80,400,80,300,0,0,0" /><INIT seed="4,0,0,0,5,35" ten="270,480,300,0" oya="0" hai0="92,90,65,55,58,113,60,59,122,3,70,129,32" hai1="117,120,2,102,83,54,72,89,56,116,108,40,1" hai2="69,84,67,74,97,33,118,135,57,104,131,47,126" hai3=""/><T78/><N who="0" m="31264" /><T50/><D32/><U100/><N who="1" m="30752" /><U91/><E40/><V75/><F57/><T42/><D113/><U38/><E38/><V48/><F48/><T125/><D129/><U44/><E44/><V109/><F84/><T71/><D125/><U64/><E64/><V61/><F97/><T53/><D78/><U87/><E72/><V94/><F94/><T103/><D103/><U96/><E108/><V62/><F62/><T114/><D114/><U119/><E91/><V132/><F61/><T68/><D42/><U77/><E89/><V51/><F51/><T49/><REACH who="0" step="1"/><D3/><REACH who="0" ten="260,480,300,0" step="2"/><U128/><E128/><V39/><F126/><T112/><D112/><U46/><E102/><V106/><F131/><T45/><D45/><U111/><E46/><V76/><F33/><T121/><N who="0" m="31008" /><T99/><AGARI ba="0,1" hai="49,50,53,55,58,59,60,65,68,70,71,90,92,99" m="31008,31264" machi="99" ten="20,12000,2" yaku="1,1,4,1,0,1,7,1,9,1,52,2,53,0" doraHai="35" doraHaiUra="79" who="0" fromWho="0" sc="260,130,480,-60,300,-60,0,0" /><INIT seed="4,1,0,2,2,49" ten="390,420,240,0" oya="0" hai0="67,134,88,91,65,64,95,57,32,50,116,63,85" hai1="56,66,121,46,93,41,114,94,3,34,61,103,130" hai2="51,62,68,90,118,54,77,86,131,37,133,111,89" hai3=""/><T126/><D116/><U106/><N who="1" m="31008" /><U80/><E34/><V71/><F37/><T125/><D32/><U58/><E3/><V1/><F1/><T55/><D134/><U112/><E130/><V38/><F38/><T33/><D33/><U73/><E58/><V81/><F131/><T124/><REACH who="0" step="1"/><D91/><REACH who="0" ten="380,420,240,0" step="2"/><U123/><N who="1" m="31520" /><U92/><E114/><V83/><F118/><T97/><D97/><U107/><E112/><V69/><F133/><T36/><D36/><U79/><REACH who="1" step="1"/><E103/><REACH who="1" ten="380,410,240,0" step="2"/><V72/><F69/><AGARI ba="1,2" hai="50,55,57,63,64,65,67,69,85,88,95,124,125,126" machi="69" ten="40,12000,1" yaku="1,1,18,1,52,1,54,1,53,0" doraHai="49" doraHaiUra="43" who="0" fromWho="2" sc="380,142,410,0,240,-122,0,0" /><INIT seed="4,2,0,1,3,107" ten="522,410,118,0" oya="0" hai0="100,120,111,108,44,64,119,74,42,69,73,0,40" hai1="91,101,33,132,94,130,41,1,54,106,110,49,76" hai2="65,2,84,133,62,53,99,116,104,114,77,98,134" hai3=""/><T129/><N who="0" m="30752" /><T135/><D119/><U58/><E110/><N who="0" m="42025" /><D0/><U90/><E33/><V82/><F114/><T115/><D115/><U117/><E117/><V124/><F2/><T95/><D129/><U38/><E132/><N who="2" m="50795" /><F104/><T68/><D135/><U127/><E127/><V46/><F124/><T75/><D64/><U34/><E34/><V70/><F116/><T32/><D32/><U86/><E130/><V83/><F83/><T81/><D81/><U109/><E109/><V3/><F3/><T113/><D113/><U56/><E106/><V97/><F53/><T72/><N who="0" m="18432" /><DORA hai="105" /><T88/><D100/><U89/><E101/><V35/><F35/><T79/><D79/><U87/><E76/><V60/><F65/><T102/><D102/><U48/><E1/><V103/><F103/><T36/><D40/><U112/><E41/><V52/><F70/><T71/><D69/><U43/><E43/><V47/><F82/><T93/><D93/><U118/><E94/><V85/><F77/><T121/><N who="0" m="31008" /><T61/><D61/><U92/><E92/><V57/><F62/><T67/><D67/><U63/><E112/><V96/><N who="2" m="24576" /><DORA hai="55" /><V80/><F80/><T128/><D128/><U131/><E131/><V123/><F123/><RYUUKYOKU ba="2,0" sc="522,10,410,-20,118,10,0,0" hai0="36,42,44,68,71,88,95" hai2="46,47,52,57,60,84,85" /><INIT seed="4,3,0,5,1,59" ten="532,390,128,0" oya="0" hai0="60,63,69,65,56,131,115,108,109,113,93,90,57" hai1="75,77,80,35,122,105,111,51,116,44,123,39,33" hai2="53,81,74,37,1,125,128,32,70,110,42,124,62" hai3=""/><T98/><D131/><U127/><N who="1" m="31264" /><U67/><N who="1" m="31520" /><U107/><E116/><V118/><F62/><T92/><D92/><U82/><E111/><N who="0" m="42569" /><D69/><U121/><N who="1" m="31008" /><U88/><E67/><AGARI ba="3,0" hai="56,57,60,63,65,67,90,93,98,113,115" m="42569" machi="67" ten="30,5800,0" yaku="10,1,52,2" doraHai="59" who="0" fromWho="1" sc="532,64,390,-64,128,0,0,0" /><INIT seed="4,4,0,1,2,90" ten="596,326,128,0" oya="0" hai0="110,59,101,93,1,44,125,39,94,114,45,54,82" hai1="33,115,75,53,57,73,92,107,78,96,62,36,63" hai2="66,131,35,122,56,88,105,120,95,71,128,37,117" hai3=""/><T99/><D1/><U72/><E33/><V85/><N who="2" m="30752" /><V41/><N who="2" m="31264" /><V74/><F35/><T132/><D110/><U123/><N who="1" m="31520" /><U103/><E36/><V127/><F71/><T60/><D114/><U46/><E46/><V87/><F74/><T80/><D125/><U48/><E115/><V98/><F127/><T32/><D32/><U113/><E113/><V69/><F69/><T126/><D126/><U119/><E119/><V49/><F117/><T108/><D108/><U102/><E78/><V61/><F37/><T84/><D132/><U112/><E112/><V104/><F104/><T97/><D39/><U106/><E106/><V40/><F87/><T134/><D134/><U118/><E118/><V2/><F2/><T76/><D80/><U58/><E107/><V3/><F3/><T109/><D109/><U83/><E83/><V121/><N who="2" m="31008" /><V42/><REACH who="2" step="1"/><F49/><REACH who="2" ten="596,326,118,0" step="2"/><T86/><D84/><U51/><E51/><V70/><F70/><T55/><D86/><U135/><E48/><V50/><F50/><T81/><D99/><U116/><E116/><V38/><F38/><T52/><D97/><U65/><E135/><V43/><N who="2" m="10240" /><DORA hai="100" /><V91/><F91/><T64/><D44/><U133/><E133/><RYUUKYOKU ba="4,1" sc="596,-20,326,10,118,10,0,0" hai1="53,57,58,62,63,65,72,73,75,92,96,102,103" hai2="56,61,66,85,88,95,98,105,128,131" /><INIT seed="5,5,1,5,3,1" ten="576,336,128,0" oya="1" hai0="127,91,60,47,87,43,107,115,44,52,117,36,81" hai1="112,65,109,82,53,75,48,97,102,105,71,128,96" hai2="54,121,113,119,110,76,41,108,59,58,103,99,88" hai3=""/><U74/><E112/><V79/><N who="2" m="31008" /><V84/><F119/><T132/><D117/><U57/><E128/><V2/><F2/><T73/><D115/><U93/><E109/><V131/><F113/><T126/><D107/><U120/><N who="1" m="30752" /><U0/><E0/><V72/><F131/><T63/><D73/><U92/><E105/><V124/><F124/><N who="0" m="47658" /><D132/><U49/><E49/><AGARI ba="5,1" hai="36,43,44,47,49,52,60,63,81,87,91" m="47658" machi="49" ten="30,2000,0" yaku="18,1,54,1" doraHai="1" who="0" fromWho="1" sc="576,40,336,-30,128,0,0,0" /><INIT seed="6,0,0,2,1,49" ten="616,306,128,0" oya="2" hai0="96,62,113,68,98,35,40,61,105,97,46,94,52" hai1="95,65,57,124,79,34,55,41,92,123,48,87,44" hai2="54,43,3,77,115,109,135,86,128,108,73,67,64" hai3=""/><V121/><N who="2" m="31008" /><V118/><F118/><T36/><D35/><U51/><N who="1" m="31520" /><U126/><E34/><V130/><F3/><T129/><D105/><U47/><E79/><V134/><F73/><T127/><D129/><N who="2" m="49770" /><F115/><T32/><D32/><U56/><E87/><V45/><F54/><T120/><N who="0" m="30752" /><T75/><D75/><U112/><E112/><V37/><F86/><T125/><D113/><U84/><E84/><V102/><F102/><T116/><D116/><U42/><E55/><V89/><F89/><T71/><D52/><U60/><E60/><V74/><F77/><T83/><D61/><U104/><E65/><N who="2" m="25163" /><F74/><T101/><D62/><U80/><E80/><V114/><F114/><T107/><D83/><U103/><E103/><V39/><F39/><T66/><D66/><U99/><E99/><V81/><F81/><T88/><D98/><U91/><E91/><V2/><F2/><T93/><D97/><U100/><E100/><V59/><F59/><T132/><D88/><U72/><E72/><V69/><F69/><T58/><D68/><U122/><N who="1" m="31264" /><U82/><E82/><V1/><F1/><T78/><D71/><U85/><E85/><V38/><F38/><T111/><D36/><U131/><E131/><RYUUKYOKU ba="0,0" sc="616,-20,306,10,128,10,0,0" hai1="41,42,44,47,48,51,56,57,92,95,104,124,126" hai2="37,43,45,108,109,134,135" /><INIT seed="6,1,0,3,1,118" ten="596,316,138,0" oya="2" hai0="64,80,132,112,93,117,70,128,94,106,101,33,91" hai1="126,59,40,71,61,122,49,34,129,86,55,79,48" hai2="121,53,90,88,74,109,107,76,54,78,82,45,116" hai3=""/><V36/><N who="2" m="31008" /><V135/><F116/><T100/><D33/><U99/><N who="1" m="31264" /><U81/><E34/><V98/><F135/><T63/><D117/><U47/><E126/><V57/><F109/><T69/><D132/><U51/><E129/><V43/><F76/><T73/><D128/><U66/><REACH who="1" step="1"/><E99/><REACH who="1" ten="596,306,138,0" step="2"/><V133/><F133/><T97/><D97/><U115/><E115/><V35/><F35/><T110/><D106/><U60/><AGARI ba="1,1" hai="40,47,48,49,51,55,59,60,61,66,71,79,81,86" m="31264" machi="60" ten="20,9000,2" yaku="1,1,0,1,7,1,52,2,53,1" doraHai="118" doraHaiUra="75" who="1" fromWho="1" sc="596,-31,306,102,138,-61,0,0" owari="565,51.0,408,1.0,77,-52.0,0,0.0" /></mjloggm>