<mjloggm ver="2.3"><GO type="169" lobby="0"/><UN n0="%E9%BA%BB%E9%9B%80%49%51%31%32%30" n1="%E3%81%8B%E3%81%A4%E3%81%A9%E3%82%93" n2="%6B%75%72%6F%35%35%36%36" n3="%52%45%49%4E%E6%A3%AE%E4%B9%85%E4%BF%9D%50" dan="17,17,16,16" rate="2096.60,2249.40,2092.56,2134.81" sx="M,F,M,M"/><TAIKYOKU oya="0"/><INIT seed="0,0,0,5,3,69" ten="250,250,250,250" oya="0" hai0="81,30,19,64,62,68,16,41,70,38,32,51,84" hai1="39,13,90,7,50,127,63,73,36,6,113,40,92" hai2="8,29,59,47,18,65,25,61,2,53,67,37,77" hai3="133,101,123,129,88,89,48,34,126,118,130,104,43"/><T76/><D70/><U33/><E73/><V91/><F77/><W1/><G1/><T99/><D32/><U108/><E33/><V4/><F91/><W110/><G118/><T135/><D30/><U17/><E108/><V75/><F75/><W122/><G110/><T96/><D135/><U124/><E113/><V100/><F18/><W5/><G5/><N who="1" m="1546" /><E63/><V93/><F93/><W27/><G126/><N who="1" m="48170" /><E50/><V132/><F100/><W112/><G112/><T131/><D51/><U78/><E40/><V46/><F132/><W72/><G72/><T134/><D131/><N who="3" m="50185" /><G133/><T31/><D31/><U103/><E103/><V55/><F67/><W82/><G27/><T106/><D134/><U3/><E78/><V11/><F11/><W52/><G43/><T80/><D80/><U114/><E3/><V105/><F105/><W66/><G66/><T116/><D106/><U24/><E24/><V20/><F47/><N who="3" m="27679" /><G82/><T85/><D116/><U83/><E83/><V107/><F107/><W57/><G57/><T58/><D68/><U14/><E114/><V60/><REACH who="2" step="1"/><F61/><REACH who="2" ten="250,250,240,250" step="2"/><W22/><G104/><T35/><D62/><U94/><E94/><V56/><F56/><W21/><G101/><T15/><D58/><U95/><E95/><V86/><F86/><W54/><G89/><T121/><D84/><N who="1" m="52295" /><E17/><V98/><F98/><W97/><G88/><T79/><D96/><U71/><E71/><V117/><F117/><W0/><G97/><T12/><D99/><U26/><E26/><V49/><F49/><W125/><G125/><T9/><D76/><U111/><E111/><V120/><F120/><RYUUKYOKU ba="0,1" sc="250,-15,250,15,240,15,250,-15" hai1="13,14,36,39" hai2="2,4,8,20,25,29,37,46,53,55,59,60,65" /><INIT seed="1,1,1,4,5,66" ten="235,265,255,235" oya="1" hai0="12,112,9,37,68,86,72,127,39,58,90,65,50" hai1="131,77,76,2,49,105,133,17,73,36,63,44,29" hai2="15,55,16,26,23,135,91,64,71,128,24,126,20" hai3="124,62,43,34,108,103,51,0,59,110,117,123,121"/><U80/><E105/><V130/><F55/><W48/><G103/><T47/><D72/><U45/><E2/><V46/><F46/><N who="3" m="25695" /><G34/><T8/><D112/><U134/><E29/><V84/><F135/><N who="1" m="51721" /><E77/><V56/><F56/><W98/><G98/><T69/><D39/><U102/><E102/><V28/><F15/><W132/><G0/><T85/><D37/><U10/><E63/><V70/><F64/><N who="3" m="39007" /><G132/><T32/><D32/><U97/><E97/><V19/><F28/><W57/><G124/><T5/><D127/><U42/><E131/><N who="2" m="50219" /><F126/><W22/><G22/><T11/><D11/><U92/><E92/><AGARI ba="1,1" hai="16,19,20,23,24,26,70,71,84,91,92" m="50219" machi="92" ten="30,7700,0" yaku="19,1,52,2,54,1" doraHai="66" who="2" fromWho="1" sc="235,0,265,-80,255,90,235,0" /><INIT seed="2,0,0,1,1,6" ten="235,185,345,235" oya="2" hai0="4,119,20,38,73,129,60,103,10,58,33,120,90" hai1="17,132,23,117,126,80,88,2,42,84,102,21,19" hai2="15,75,18,105,51,24,59,67,11,25,76,39,130" hai3="95,68,63,22,31,83,98,109,115,35,53,92,48"/><V28/><F39/><W85/><G109/><T9/><D33/><U89/><E117/><V79/><F105/><W12/><G35/><T121/><D4/><U104/><E132/><V56/><F130/><W0/><G0/><T37/><D73/><U57/><E126/><V116/><F116/><W124/><G124/><T41/><D119/><U55/><E2/><V100/><F100/><W45/><G115/><T52/><D129/><U81/><E42/><V72/><F72/><W127/><G127/><T125/><D125/><U16/><E102/><V110/><F75/><W36/><G36/><T111/><D37/><U54/><E104/><V44/><F110/><W47/><G68/><T1/><D1/><U107/><E107/><V128/><F128/><W70/><G70/><T5/><D5/><U118/><E118/><V134/><F134/><W87/><G63/><T71/><D71/><U69/><E69/><V131/><F131/><W135/><G135/><T65/><D65/><U66/><E66/><V46/><F46/><W29/><G87/><T96/><D111/><U26/><E57/><N who="2" m="22091" /><F67/><W97/><G45/><N who="0" m="23735" /><D103/><U133/><E133/><V99/><F99/><N who="3" m="37899" /><G12/><T113/><D113/><U40/><E40/><N who="2" m="24967" /><F24/><N who="3" m="16535" /><G31/><T86/><D96/><U8/><E26/><V7/><F28/><W123/><G123/><N who="0" m="47179" /><D20/><AGARI ba="0,0" hai="7,11,15,18,20,25,76,79" m="24967,22091" machi="20" ten="30,2900,0" yaku="8,1,52,1" doraHai="6" who="2" fromWho="0" sc="235,-29,185,0,345,29,235,0" /><INIT seed="2,1,0,3,0,86" ten="206,185,374,235" oya="2" hai0="63,11,79,70,49,6,104,99,128,9,105,93,67" hai1="107,39,123,14,29,113,4,80,27,81,118,1,97" hai2="35,119,25,132,60,8,108,53,17,82,89,125,78" hai3="87,36,62,0,117,129,112,5,84,127,88,120,15"/><V90/><F119/><W64/><G36/><T66/><D128/><U95/><E118/><V32/><F132/><W10/><G117/><T47/><D67/><U21/><E113/><V46/><F125/><W74/><G74/><T98/><D79/><U111/><E111/><V92/><F108/><W96/><G112/><T37/><D37/><U28/><E123/><V121/><F121/><W54/><G120/><T91/><D99/><U23/><E107/><V106/><F106/><W3/><G129/><T41/><REACH who="0" step="1"/><D11/><REACH who="0" ten="196,185,374,235" step="2"/><U20/><E39/><V109/><F109/><W58/><G127/><T122/><D122/><U110/><E110/><V72/><F8/><W94/><G84/><T38/><D38/><U24/><E97/><V115/><F115/><W42/><G42/><T34/><D34/><U124/><E124/><V65/><F32/><W22/><G22/><T126/><D126/><U68/><E23/><V102/><F35/><W13/><G0/><AGARI ba="1,1" hai="0,6,9,41,47,49,63,66,70,91,93,98,104,105" machi="0" ten="30,7700,0" yaku="1,1,7,1,52,1,53,1" doraHai="86" doraHaiUra="43" who="0" fromWho="3" sc="196,90,185,0,374,0,235,-80" /><INIT seed="3,0,0,1,0,110" ten="286,185,374,155" oya="3" hai0="28,18,126,87,129,113,26,3,62,84,20,108,76" hai1="121,19,118,92,105,67,93,16,124,49,73,43,24" hai2="11,17,83,132,107,99,57,55,50,2,69,39,41" hai3="64,51,54,23,35,9,135,117,6,130,78,22,27"/><W32/><G117/><T97/><D108/><U70/><E105/><V21/><F132/><W95/><G130/><T90/><D3/><U82/><E121/><V134/><F134/><W31/><G135/><T13/><D126/><U112/><E70/><V88/><F69/><W128/><G64/><T38/><D38/><U52/><E67/><V36/><F107/><W1/><G78/><T45/><D45/><U75/><E124/><V29/><F39/><W127/><G128/><T80/><D62/><U72/><E43/><V61/><F36/><W47/><G127/><T120/><D97/><U86/><E118/><V115/><F115/><W104/><G104/><T122/><D129/><U63/><E63/><V103/><F103/><W74/><G74/><T42/><D42/><U81/><E112/><V114/><F114/><W34/><G95/><T59/><D59/><U94/><E24/><V4/><F29/><W102/><G102/><T133/><D113/><U10/><E10/><V65/><F41/><W79/><G79/><T40/><D40/><U48/><E48/><V15/><F99/><W85/><G85/><T56/><D56/><U66/><E66/><V71/><REACH who="2" step="1"/><F83/><REACH who="2" ten="286,185,364,155" step="2"/><W12/><REACH who="3" step="1"/><G23/><REACH who="3" ten="286,185,364,145" step="2"/><N who="0" m="15455" /><D133/><U5/><E82/><V33/><F33/><W100/><G100/><T53/><D122/><U123/><E123/><V101/><F101/><W58/><G58/><T109/><D120/><U7/><E81/><V8/><F8/><W68/><G68/><T60/><D109/><U106/><E106/><V37/><F37/><W44/><G44/><T91/><D87/><U131/><E86/><RYUUKYOKU ba="0,2" sc="286,10,185,-30,364,10,145,10" hai0="13,18,20,53,60,76,80,84,90,91" hai2="2,4,11,15,17,21,50,55,57,61,65,71,88" hai3="1,6,9,12,22,27,31,32,34,35,47,51,54" /><INIT seed="3,1,2,1,0,52" ten="296,155,374,155" oya="3" hai0="100,45,30,1,134,111,26,98,62,41,89,70,64" hai1="101,130,28,108,86,77,81,50,90,40,21,93,14" hai2="109,24,113,96,103,7,0,56,49,133,17,121,119" hai3="74,48,10,16,125,80,83,69,2,71,32,105,95"/><W31/><G105/><T12/><D12/><U25/><E108/><V4/><F119/><W53/><G125/><T68/><D111/><U91/><E130/><V85/><F109/><W132/><G132/><T78/><D78/><U34/><E34/><V61/><F113/><W118/><G118/><T44/><D89/><N who="1" m="33803" /><E14/><V46/><F133/><W117/><G117/><T18/><D18/><U114/><E114/><V67/><F121/><W79/><G95/><T42/><D1/><U72/><E72/><V9/><F85/><W19/><G83/><T112/><D112/><U110/><E110/><V99/><F7/><W116/><G116/><T92/><D134/><U8/><E8/><V51/><F51/><W135/><G135/><T60/><D45/><N who="1" m="25895" /><E93/><V129/><F129/><W6/><G71/><T35/><D44/><U94/><E94/><V58/><F46/><W122/><G69/><T107/><D92/><U84/><E84/><V82/><F82/><W23/><G122/><T106/><D106/><U73/><E73/><V38/><F38/><W43/><G43/><T63/><D70/><U29/><E29/><V55/><F103/><AGARI ba="1,2" hai="21,25,28,77,81,86,101,103" m="25895,33803" machi="103" ten="30,1000,0" yaku="8,1" doraHai="52" who="1" fromWho="2" sc="296,0,155,33,374,-13,155,0" /><INIT seed="4,0,0,1,0,47" ten="296,188,361,155" oya="0" hai0="99,13,118,34,50,40,6,115,44,37,31,78,49" hai1="134,24,93,70,90,106,96,20,1,12,9,92,51" hai2="119,55,105,2,36,100,19,111,17,76,74,10,75" hai3="133,14,57,46,98,52,0,32,11,89,97,85,120"/><T125/><D118/><U123/><E123/><V129/><F111/><W122/><G32/><T7/><D115/><U124/><E124/><V91/><F36/><W131/><G0/><T64/><D125/><U66/><E134/><V33/><F33/><W48/><G57/><T42/><D64/><U127/><E127/><V126/><F126/><W29/><G131/><T68/><D68/><U69/><E1/><V15/><F2/><W18/><G29/><T71/><D71/><U108/><E106/><V107/><F129/><W77/><G77/><T22/><D78/><U101/><E108/><V4/><F119/><W80/><REACH who="3" step="1"/><G133/><REACH who="3" ten="296,188,361,145" step="2"/><T45/><D34/><U54/><E69/><V16/><F76/><W112/><G112/><T94/><D37/><U53/><E70/><V65/><F65/><W41/><G41/><T3/><D3/><U8/><E66/><V113/><F113/><W23/><G23/><T67/><D67/><U62/><E54/><V60/><F91/><W103/><G103/><T39/><D39/><U5/><E62/><V27/><F27/><W109/><G109/><T35/><D35/><U81/><E24/><V38/><F38/><W79/><G79/><T102/><D13/><U56/><E12/><V43/><F43/><W88/><G88/><T110/><D110/><U135/><E135/><V104/><F100/><W87/><G87/><T21/><D21/><U83/><E20/><V132/><REACH who="2" step="1"/><F132/><REACH who="2" ten="296,188,351,145" step="2"/><W25/><G25/><AGARI ba="0,2" hai="6,7,22,25,31,40,42,44,45,49,50,94,99,102" machi="25" ten="40,12000,1" yaku="9,1,8,1,52,2" doraHai="47" who="0" fromWho="3" sc="296,140,188,0,351,0,145,-120" /><INIT seed="4,1,0,1,4,117" ten="436,188,351,25" oya="0" hai0="15,127,35,59,72,91,107,42,112,0,12,16,132" hai1="30,89,54,34,43,2,61,98,125,17,131,50,128" hai2="55,97,73,113,121,29,88,90,101,114,36,82,75" hai3="37,47,123,118,99,25,48,49,67,95,33,6,68"/><T71/><D71/><U76/><E2/><V74/><F36/><W87/><G118/><T7/><D35/><U116/><E116/><V28/><F55/><W86/><G37/><T122/><D107/><U24/><E125/><V39/><F39/><W52/><G6/><T45/><D72/><N who="2" m="27754" /><F28/><W77/><G68/><T104/><D104/><U111/><E111/><V51/><F51/><W115/><G67/><T135/><D59/><U119/><E76/><N who="2" m="44319" /><F29/><W120/><G115/><N who="2" m="44041" /><F121/><N who="3" m="46667" /><G77/><T69/><D69/><U20/><E119/><V85/><F85/><N who="3" m="32267" /><G49/><T124/><D122/><U110/><E50/><V27/><F27/><W44/><G25/><T9/><D112/><U46/><E24/><V8/><F8/><W58/><G33/><T41/><D0/><U10/><E34/><V19/><F19/><W22/><G22/><T64/><D64/><U79/><E20/><V102/><F102/><AGARI ba="1,0" hai="44,47,48,52,58,95,99,102" m="32267,46667" machi="102" ten="30,8000,1" yaku="13,1,52,3,54,1" doraHai="117" who="3" fromWho="2" sc="436,0,188,0,351,-83,25,83" /><INIT seed="5,0,0,0,5,30" ten="436,188,268,108" oya="1" hai0="120,99,50,125,45,134,57,94,93,91,79,36,51" hai1="131,88,53,128,9,6,23,135,65,26,27,96,109" hai2="70,11,10,59,119,64,15,103,33,2,38,113,86" hai3="22,20,31,3,63,116,46,66,49,41,101,90,5"/><U73/><E73/><V4/><F38/><W68/><G116/><T32/><D32/><U78/><E78/><V76/><F70/><W97/><G90/><T80/><D125/><U69/><E135/><V0/><F103/><W126/><G126/><T104/><D104/><U110/><E53/><V43/><F43/><W89/><G89/><T124/><D124/><U7/><E65/><V129/><F119/><W92/><REACH who="3" step="1"/><G31/><REACH who="3" ten="436,188,268,98" step="2"/><T81/><D91/><U42/><E88/><V13/><F129/><N who="1" m="49737" /><E96/><V71/><F113/><W121/><G121/><T61/><D99/><U75/><E110/><V85/><F76/><W112/><G112/><T102/><D120/><U56/><E109/><V58/><F4/><W29/><G29/><T84/><D102/><U83/><E6/><V14/><F64/><W35/><G35/><T87/><D134/><U107/><E7/><V47/><F33/><W17/><G17/><T74/><D74/><U100/><E75/><V25/><F86/><W52/><G52/><T48/><D84/><U28/><E100/><V115/><F85/><W133/><G133/><T118/><D81/><U82/><E82/><V77/><F115/><W55/><G55/><N who="0" m="33983" /><D118/><U117/><E83/><V37/><F77/><W54/><G54/><T127/><D127/><U8/><E117/><V19/><F19/><W105/><G105/><T12/><D94/><U72/><E107/><V123/><F123/><W21/><G21/><T122/><D93/><U132/><E72/><V130/><F130/><W95/><G95/><T108/><D108/><U62/><E132/><V111/><F111/><RYUUKYOKU ba="0,1" sc="436,-10,188,-10,268,-10,98,30" hai3="3,5,20,22,41,46,49,63,66,68,92,97,101" /><INIT seed="6,1,1,1,4,82" ten="426,178,258,128" oya="2" hai0="79,60,48,10,28,18,122,4,114,96,134,97,1" hai1="74,21,3,63,13,108,49,35,7,121,15,68,55" hai2="100,27,23,125,14,77,109,16,54,119,5,43,86" hai3="103,111,87,42,34,131,17,85,24,91,36,62,115"/><V118/><F125/><W64/><G111/><T102/><D122/><U52/><E35/><V128/><F128/><W50/><G36/><T46/><D114/><U70/><E108/><V130/><F130/><W51/><G131/><T107/><D134/><U76/><E3/><V19/><F109/><W59/><G115/><T133/><D133/><U129/><E129/><V83/><F43/><W110/><G110/><T99/><D79/><U106/><E106/><V32/><F100/><W135/><G135/><T78/><D78/><U57/><E121/><V126/><F126/><W30/><G103/><T124/><D124/><U92/><E74/><V94/><F5/><W113/><G113/><T95/><D95/><U37/><E76/><V73/><F54/><W112/><G112/><T22/><D60/><U104/><E104/><V44/><F44/><W90/><G17/><T31/><D31/><U127/><E37/><V93/><F32/><W105/><G105/><T89/><D28/><U75/><E75/><V80/><F94/><W67/><G67/><T84/><D48/><U8/><E92/><V29/><F93/><W0/><G0/><T72/><D46/><N who="1" m="27703" /><E127/><V2/><F2/><W65/><G42/><T25/><D72/><U66/><E55/><V58/><F58/><W26/><G34/><T101/><D101/><U9/><E9/><V98/><F98/><W40/><G40/><T56/><D56/><U39/><E39/><V120/><F120/><W88/><G65/><T69/><D69/><U12/><E21/><N who="2" m="11415" /><F29/><W61/><G30/><T71/><D71/><N who="1" m="27179" /><E57/><V117/><F73/><RYUUKYOKU ba="1,1" sc="426,10,178,10,258,10,128,-30" hai0="1,4,10,18,22,25,84,89,96,97,99,102,107" hai1="7,8,12,13,15,63,66" hai2="19,23,27,77,80,83,86,117,118,119" /><INIT seed="6,2,1,4,5,131" ten="436,188,268,98" oya="2" hai0="56,51,53,7,71,38,107,43,63,40,46,82,133" hai1="22,112,104,103,42,60,27,114,52,70,129,20,86" hai2="3,120,87,102,25,78,14,73,81,26,130,65,72" hai3="121,123,113,13,57,58,91,9,45,95,105,134,0"/><V67/><F120/><W89/><G0/><T29/><D107/><U28/><E129/><V68/><F3/><W83/><G105/><T50/><D29/><U93/><E42/><V115/><F130/><W61/><G113/><N who="1" m="43626" /><E104/><V111/><F115/><W8/><G45/><T64/><D7/><U35/><E52/><V116/><F116/><W16/><G83/><T66/><D82/><U85/><E103/><V48/><F111/><W109/><G109/><T84/><D84/><N who="1" m="32363" /><E93/><V77/><F102/><W30/><G95/><T110/><D66/><AGARI ba="2,1" hai="20,22,27,28,35,60,66,70" m="32363,43626" machi="66" ten="30,1000,0" yaku="15,1" doraHai="131" who="1" fromWho="0" sc="436,-16,188,26,268,0,98,0" /><INIT seed="7,0,0,2,1,92" ten="420,214,268,98" oya="3" hai0="48,102,121,76,1,54,105,97,33,56,95,13,14" hai1="11,65,113,9,30,126,134,35,89,6,36,107,38" hai2="50,91,37,3,131,96,69,64,18,94,119,66,117" hai3="32,24,120,81,110,93,84,130,67,63,71,26,75"/><W109/><G120/><T34/><D1/><U112/><E107/><V42/><F131/><W104/><G104/><T51/><D121/><U125/><E134/><V16/><F3/><W52/><G130/><T2/><D2/><N who="1" m="215" /><E65/><V82/><F37/><W20/><G32/><T41/><D13/><U44/><E11/><V100/><F119/><W28/><G24/><T25/><D76/><U135/><E135/><V99/><F117/><W8/><G8/><T79/><D79/><U123/><E123/><V57/><F69/><W108/><G75/><T53/><D41/><N who="1" m="22567" /><E38/><V4/><F4/><W29/><G93/><T128/><D128/><U80/><E80/><V39/><F39/><W74/><G74/><T55/><D55/><U58/><E58/><V59/><F82/><W5/><G5/><T62/><D62/><U68/><E68/><V73/><F73/><W27/><G27/><T83/><D83/><U101/><E101/><V60/><F42/><W46/><G29/><T124/><D124/><N who="1" m="47723" /><E89/><V122/><F122/><W132/><G132/><T10/><D25/><AGARI ba="0,0" hai="25,30,35,112,113" m="47723,22567,215" machi="25" ten="30,2000,0" yaku="18,1,23,1" doraHai="92" who="1" fromWho="0" sc="420,-20,214,20,268,0,98,0" owari="400,50.0,234,-17.0,268,7.0,98,-40.0" /></mjloggm>