<mjloggm ver="2.3"><GO type="225" lobby="0"/><UN n0="%E9%AE%92%E3%81%AE%E8%83%83%E8%A2%8B" n1="%E8%A8%88%E7%AE%97%E6%A9%9F%E8%87%AA%E7%84%B6" n2="%E3%82%AF%E3%82%A3%E3%82%A6" n3="%73%75%7A%75%6D%65%33" dan="17,17,16,17" rate="2196.82,2269.30,2068.55,2223.39" sx="M,M,M,M"/><TAIKYOKU oya="0"/><INIT seed="0,0,0,5,5,9" ten="250,250,250,250" oya="0" hai0="82,124,49,30,38,101,135,92,130,70,27,94,16" hai1="53,75,18,117,85,114,95,79,107,1,42,118,96" hai2="113,81,71,14,28,12,108,106,40,115,133,31,20" hai3="69,90,48,2,29,83,35,99,32,105,131,116,111"/><T100/><D38/><U44/><E1/><V50/><F50/><W19/><G116/><T91/><D70/><U89/><E53/><V104/><F81/><W56/><G69/><T5/><D5/><U4/><E4/><V78/><F78/><W57/><G2/><T17/><D124/><U21/><E114/><N who="2" m="43531" /><F40/><W122/><G131/><T102/><D135/><U121/><E121/><V61/><F61/><W0/><G122/><T24/><D130/><U128/><E128/><V33/><F71/><W73/><G0/><T65/><D65/><U132/><E132/><V80/><F80/><W46/><G111/><T52/><D82/><N who="1" m="45439" /><E44/><V34/><F133/><W23/><G73/><T60/><D60/><U67/><E42/><V77/><F77/><W129/><G129/><T134/><D134/><U112/><E67/><V110/><F20/><W26/><G35/><N who="2" m="13321" /><F106/><W93/><G105/><T7/><D49/><U15/><E112/><V84/><F84/><W127/><G83/><T66/><D66/><U37/><E37/><V120/><F120/><W10/><G32/><T8/><D52/><U58/><E58/><V25/><F104/><W109/><G109/><N who="2" m="42089" /><F25/><N who="0" m="9802" /><D30/><AGARI ba="0,0" hai="12,14,28,30,31" m="42089,13321,43531" machi="30" ten="40,12000,2" yaku="28,2,14,1,34,2,52,2" doraHai="9" who="2" fromWho="0" sc="250,-120,250,0,250,120,250,0" /><INIT seed="1,0,0,2,2,85" ten="130,250,370,250" oya="1" hai0="59,83,101,36,113,22,67,69,38,118,130,26,61" hai1="25,65,62,77,50,100,43,110,0,57,120,109,23" hai2="98,17,79,32,39,41,56,66,86,90,93,124,44" hai3="31,135,117,7,19,40,81,68,95,72,15,64,122"/><U88/><E120/><V54/><F124/><W8/><G122/><T12/><D113/><U89/><E0/><V82/><F32/><W30/><G135/><T78/><D118/><U128/><E77/><V11/><F66/><W70/><G117/><T1/><D1/><U125/><E100/><V20/><F11/><W52/><G40/><T60/><D130/><U121/><E121/><V91/><F54/><W48/><G95/><T42/><D12/><U111/><E125/><V115/><F56/><W53/><G53/><T75/><D42/><U105/><E105/><V49/><F115/><W126/><G126/><T33/><D33/><U107/><E107/><V63/><F63/><W134/><G134/><T37/><D101/><U74/><E74/><V29/><F29/><W116/><G116/><T10/><D10/><U132/><E128/><V106/><F106/><W99/><G99/><T47/><D47/><N who="1" m="25983" /><E132/><V24/><F39/><W119/><G119/><T55/><REACH who="0" step="1"/><D37/><REACH who="0" ten="120,250,370,250" step="2"/><U87/><E87/><V96/><F96/><W14/><G72/><T129/><D129/><U127/><E127/><V71/><F71/><W108/><G68/><T102/><D102/><AGARI ba="0,1" hai="17,20,24,41,44,49,79,82,86,90,91,93,98,102" machi="102" ten="30,7700,0" yaku="7,1,8,1,52,2" doraHai="85" who="2" fromWho="0" sc="120,-77,250,0,370,87,250,0" /><INIT seed="2,0,0,2,5,90" ten="43,250,457,250" oya="2" hai0="0,94,13,93,53,27,79,99,130,49,25,24,131" hai1="57,43,28,65,7,117,12,132,66,107,95,60,45" hai2="69,16,64,106,77,70,75,6,35,71,118,89,15" hai3="3,47,73,82,37,72,110,112,120,10,108,42,52"/><V56/><F35/><W129/><G120/><T105/><D0/><U5/><E107/><V18/><F89/><W103/><G129/><T46/><D79/><U17/><E117/><V8/><F77/><N who="3" m="44327" /><G112/><T134/><D134/><U41/><E132/><V100/><F56/><W21/><G73/><T2/><D2/><U96/><E28/><V63/><F118/><W85/><G103/><T55/><D13/><U86/><E86/><V39/><F39/><W74/><G74/><T19/><D19/><U32/><E65/><V135/><F135/><W126/><G126/><T87/><D87/><U133/><E32/><V91/><F8/><W48/><G85/><T34/><D34/><U1/><E1/><V80/><F6/><N who="1" m="2057" /><E45/><V109/><F64/><W116/><G116/><T62/><D105/><U84/><E84/><V115/><F109/><N who="3" m="42091" /><G21/><T67/><D55/><U83/><E83/><V119/><F80/><W88/><G3/><T104/><D104/><U23/><E133/><V22/><F75/><W76/><G76/><T58/><REACH who="0" step="1"/><D99/><REACH who="0" ten="33,250,457,250" step="2"/><U121/><E121/><V36/><F18/><W123/><G123/><T114/><D114/><U128/><E128/><AGARI ba="0,1" hai="24,25,27,46,49,53,58,62,67,93,94,128,130,131" machi="128" ten="40,8000,1" yaku="1,1,19,1,52,2,53,0" doraHai="90" doraHaiUra="29" who="0" fromWho="1" sc="33,90,250,-80,457,0,250,0" /><INIT seed="3,0,0,5,3,111" ten="123,170,457,250" oya="3" hai0="36,0,89,19,59,53,129,52,93,73,66,97,8" hai1="46,5,120,99,74,23,69,110,64,70,15,98,100" hai2="85,127,86,16,118,47,130,125,68,55,11,117,75" hai3="134,24,7,65,13,91,3,82,101,135,1,37,18"/><W31/><G37/><T83/><D129/><U114/><E120/><V106/><F75/><W63/><G101/><T90/><D36/><U79/><E110/><V42/><F68/><W21/><G91/><T41/><D41/><U77/><E114/><V105/><F55/><W58/><G82/><T40/><D40/><U87/><E74/><V27/><F86/><W133/><REACH who="3" step="1"/><G7/><REACH who="3" ten="123,170,457,240" step="2"/><T2/><D89/><U35/><E5/><V54/><F85/><W30/><G30/><T76/><D73/><U60/><E100/><V109/><F109/><W39/><G39/><T88/><D90/><U94/><E79/><V20/><F130/><W9/><AGARI ba="0,1" hai="1,3,9,13,18,21,24,31,58,63,65,133,134,135" machi="9" ten="30,12000,1" yaku="1,1,0,1,20,1,53,2" doraHai="111" doraHaiUra="32" who="3" fromWho="3" sc="123,-40,170,-40,457,-40,240,130" /><INIT seed="3,1,0,2,5,97" ten="83,130,417,370" oya="3" hai0="113,6,15,109,72,63,108,30,46,61,80,38,112" hai1="120,22,40,119,82,93,31,89,101,83,79,2,92" hai2="71,125,62,58,8,47,104,64,100,115,9,54,86" hai3="16,7,49,13,45,1,91,27,66,0,117,11,74"/><W114/><G74/><T44/><D30/><U81/><E2/><V122/><F115/><N who="0" m="44106" /><D6/><U105/><E120/><V68/><F122/><W130/><G114/><T73/><D15/><U70/><E70/><V90/><F125/><W26/><G117/><T94/><D80/><N who="1" m="30827" /><E40/><V135/><F135/><W118/><G118/><T111/><D94/><N who="1" m="36459" /><E22/><V134/><F134/><W57/><G130/><T76/><D76/><U3/><E31/><V99/><F47/><N who="0" m="17962" /><D38/><U10/><E10/><V37/><F37/><W17/><G91/><T19/><D19/><N who="3" m="7241" /><G0/><T23/><D23/><U85/><E3/><V20/><F20/><W50/><G1/><T56/><D56/><U21/><E21/><V36/><F36/><W24/><G45/><T75/><AGARI ba="1,0" hai="61,63,72,73,75,108,109,111" m="17962,44106" machi="75" ten="50,8000,1" yaku="28,2,14,1,11,1" doraHai="97" who="0" fromWho="0" sc="83,83,130,-21,417,-21,370,-41" owari="166,-23.0,109,-39.0,396,49.0,329,13.0" /></mjloggm>