<mjloggm ver="2.3"><GO type="169" lobby="0"/><UN n0="%E5%8D%97%E5%B8%9D%E5%8D%97%E6%B5%A6" n1="%E3%83%A1%E3%82%AB%E3%82%BC%E3%83%83%E3%83%88%E3%83%B3" n2="%6B%75%72%6F%35%35%36%36" n3="%E2%80%A0%E7%99%BD%E5%85%8E%E2%80%A0" dan="16,16,16,16" rate="2096.12,2132.17,2094.43,2151.39" sx="F,M,M,M"/><TAIKYOKU oya="0"/><INIT seed="0,0,0,5,1,90" ten="250,250,250,250" oya="0" hai0="82,75,44,93,2,38,87,126,14,64,135,31,130" hai1="106,26,114,67,13,25,134,15,85,120,98,60,78" hai2="33,111,125,99,9,109,100,97,34,27,133,7,10" hai3="37,46,72,89,129,62,1,49,21,4,12,22,96"/><T16/><D126/><U86/><E120/><V124/><F100/><W101/><G129/><T11/><D130/><U107/><E98/><V20/><F97/><W80/><G37/><T66/><D135/><U54/><E67/><V83/><F99/><W39/><G39/><T79/><D31/><U45/><E45/><V123/><F83/><W91/><G1/><T29/><D29/><U119/><E134/><V94/><F94/><W102/><G62/><T110/><D110/><N who="2" m="41994" /><F133/><W6/><G72/><T0/><D0/><U56/><E56/><V30/><F123/><W42/><G102/><T19/><D2/><U41/><E60/><V77/><F77/><W57/><G57/><T117/><D117/><U113/><E119/><V116/><F116/><W50/><G50/><T23/><D38/><U17/><E78/><V71/><F71/><W47/><G47/><T36/><D36/><U115/><E115/><V58/><F58/><W127/><G91/><T68/><D44/><U128/><E128/><V63/><F63/><W5/><G12/><T8/><D68/><U32/><E41/><V55/><F55/><W104/><G127/><N who="2" m="48713" /><F9/><W69/><G69/><T95/><D75/><U51/><E113/><V48/><F48/><W61/><G61/><T73/><D73/><U118/><E51/><V28/><F28/><W59/><G59/><T122/><D122/><U3/><E114/><V43/><F43/><W92/><G104/><T76/><D8/><U74/><E118/><V84/><F84/><AGARI ba="0,0" hai="4,5,6,21,22,42,46,49,80,84,89,92,96,101" machi="84" ten="40,2600,0" yaku="8,1,52,1" doraHai="90" who="3" fromWho="2" sc="250,0,250,0,250,-26,250,26" /><INIT seed="1,0,0,4,5,22" ten="250,250,224,276" oya="1" hai0="21,97,8,67,64,72,92,9,89,0,14,35,69" hai1="63,56,110,68,57,53,120,91,65,54,73,116,37" hai2="28,30,126,39,117,77,5,71,58,7,112,87,52" hai3="76,93,101,83,17,130,121,16,4,34,108,96,15"/><U100/><E73/><V103/><F71/><W90/><G121/><T19/><D72/><U82/><E120/><V132/><F39/><W75/><G108/><T32/><D69/><U42/><E100/><V86/><F117/><W127/><G130/><T98/><D35/><U106/><E106/><V29/><F132/><W66/><G127/><T27/><D97/><U49/><E91/><V115/><F103/><W123/><G123/><T79/><D79/><U11/><E11/><V70/><F70/><W81/><G66/><T23/><D32/><U44/><E82/><V135/><F135/><W60/><G60/><T24/><D0/><U55/><E116/><V62/><F126/><W118/><G118/><T38/><D38/><U104/><E104/><V119/><F119/><W84/><G34/><T80/><D80/><U59/><E110/><V133/><F133/><W3/><REACH who="3" step="1"/><G15/><REACH who="3" ten="250,250,224,266" step="2"/><T78/><D64/><U122/><E122/><V46/><F115/><W33/><G33/><T61/><D61/><U45/><AGARI ba="0,1" hai="37,42,44,45,49,53,54,55,56,57,59,63,65,68" machi="45" ten="30,18000,2" yaku="0,1,35,6" doraHai="22" who="1" fromWho="1" sc="250,-60,250,190,224,-60,266,-60" /><INIT seed="1,1,0,1,0,113" ten="190,440,164,206" oya="1" hai0="11,1,101,42,14,72,65,87,99,74,52,64,129" hai1="47,132,121,104,133,13,90,38,20,41,17,30,62" hai2="48,54,28,125,12,59,111,45,18,23,102,9,46" hai3="94,0,85,77,84,105,78,122,5,44,26,106,89"/><U3/><E3/><V93/><F111/><W96/><G122/><T49/><D129/><U7/><E104/><N who="3" m="40042" /><G26/><T114/><D1/><U120/><E7/><V39/><F125/><W43/><G44/><T10/><D114/><U107/><E107/><V27/><F39/><W97/><G43/><T127/><D127/><U75/><E75/><V69/><REACH who="2" step="1"/><F69/><REACH who="2" ten="190,440,154,206" step="2"/><W119/><G0/><T56/><D74/><U126/><E126/><V82/><F82/><N who="3" m="47191" /><G5/><T81/><D72/><U34/><E121/><V115/><F115/><W31/><G31/><T124/><D124/><U134/><E120/><V19/><F19/><W79/><G119/><T8/><D42/><U2/><E30/><V109/><F109/><W108/><G108/><T112/><D112/><U4/><E4/><V35/><F35/><W95/><G85/><T6/><D6/><U32/><E2/><V73/><F73/><W76/><G76/><T63/><D87/><U86/><REACH who="1" step="1"/><E62/><REACH who="1" ten="190,430,154,206" step="2"/><V53/><F53/><W83/><G83/><AGARI ba="1,2" hai="13,17,20,32,34,38,41,47,83,86,90,132,133,134" machi="83" ten="40,7700,0" yaku="1,1,2,1,20,1,53,0" doraHai="113" doraHaiUra="60" who="1" fromWho="3" sc="190,0,430,100,154,0,206,-80" /><INIT seed="1,2,0,4,5,20" ten="190,530,154,126" oya="1" hai0="113,73,84,16,135,79,81,11,49,14,47,8,45" hai1="100,103,26,15,58,48,10,22,121,112,124,70,118" hai2="75,82,85,130,88,23,105,65,92,99,51,83,111" hai3="91,41,67,108,104,39,52,97,69,18,93,132,94"/><U64/><E70/><V72/><F65/><W129/><G108/><T50/><D113/><U5/><E112/><V90/><F51/><W133/><G104/><T74/><D135/><U17/><E124/><V98/><F23/><W122/><G122/><T19/><D19/><U110/><E118/><V61/><F61/><W53/><G129/><T38/><D38/><U87/><E121/><V80/><F111/><W36/><G67/><T125/><D125/><U101/><E110/><V123/><F123/><W77/><G69/><T2/><D2/><U66/><E87/><V44/><F44/><W30/><G77/><T43/><REACH who="0" step="1"/><D11/><REACH who="0" ten="180,530,154,126" step="2"/><U117/><E117/><V128/><F128/><W34/><G18/><T9/><D9/><U27/><E10/><V21/><F130/><W116/><G116/><T6/><D6/><U95/><E5/><V12/><F12/><W54/><G39/><T120/><D120/><U7/><E7/><V28/><F28/><W56/><G133/><T76/><D76/><U78/><E78/><V32/><F75/><W13/><G13/><T115/><D115/><U40/><E15/><V46/><F72/><W29/><G132/><T127/><D127/><U3/><E3/><V96/><F105/><W126/><G126/><T63/><D63/><U0/><E0/><V109/><F109/><W71/><G30/><T62/><D62/><U1/><E1/><V106/><F106/><W25/><G29/><T59/><D59/><U60/><E66/><V119/><F119/><W68/><G68/><T42/><AGARI ba="2,1" hai="8,14,16,42,43,45,47,49,50,73,74,79,81,84" machi="42" ten="20,8000,1" yaku="1,1,0,1,7,1,9,1,54,1,53,0" doraHai="20" doraHaiUra="114" who="0" fromWho="0" sc="180,96,530,-42,154,-22,126,-22" /><INIT seed="2,0,0,2,1,87" ten="276,488,132,104" oya="2" hai0="85,55,65,19,126,129,64,2,125,108,37,6,54" hai1="123,47,107,113,128,57,32,127,92,51,105,7,70" hai2="24,77,94,18,89,82,16,50,132,131,30,17,124" hai3="66,46,1,35,45,52,67,103,96,97,20,135,86"/><V38/><F38/><W90/><G35/><T80/><D37/><U59/><E70/><V98/><F131/><W109/><G109/><T43/><D43/><U134/><E32/><V72/><F132/><W130/><G130/><T115/><D115/><U101/><E7/><V53/><F124/><N who="0" m="47722" /><D129/><U73/><E73/><V42/><F42/><W48/><G1/><T15/><D108/><U114/><E127/><V49/><REACH who="2" step="1"/><F53/><REACH who="2" ten="276,488,122,104" step="2"/><W75/><G135/><T10/><D55/><U120/><E134/><V78/><F78/><W29/><G75/><T60/><D54/><U13/><E128/><V117/><F117/><W34/><G46/><T74/><D74/><U93/><E47/><V63/><F63/><W99/><G103/><T61/><D61/><U106/><E101/><V71/><F71/><W111/><G111/><T95/><D60/><U23/><E114/><V21/><AGARI ba="0,1" hai="16,17,18,21,24,30,49,50,72,77,82,89,94,98" machi="21" ten="30,12000,1" yaku="1,1,0,1,52,1,54,1,53,1" doraHai="87" doraHaiUra="91" who="2" fromWho="2" sc="276,-40,488,-40,122,130,104,-40" /><INIT seed="2,1,0,5,4,68" ten="236,448,252,64" oya="2" hai0="38,36,40,25,2,35,12,109,127,93,100,121,29" hai1="85,60,81,111,16,84,115,114,3,107,31,21,17" hai2="131,42,79,61,92,82,117,46,27,24,126,104,64" hai3="86,15,108,57,69,63,102,6,130,55,53,134,28"/><V52/><F104/><W51/><G108/><T106/><D121/><U13/><E107/><V7/><F117/><W8/><G130/><T4/><D93/><U87/><E111/><V110/><F110/><W76/><G134/><T73/><D12/><U33/><E3/><V90/><F131/><W118/><G118/><T43/><D73/><U48/><E81/><V89/><F7/><W95/><G69/><T74/><D74/><U47/><E60/><V58/><F126/><W91/><G28/><T83/><D83/><U9/><E31/><V75/><F64/><W97/><G76/><T22/><D22/><U122/><E33/><V101/><F101/><W37/><G37/><N who="0" m="14443" /><D43/><U0/><E122/><V129/><F129/><W44/><REACH who="3" step="1"/><G86/><REACH who="3" ten="236,448,252,54" step="2"/><T80/><D109/><U128/><E128/><V96/><REACH who="2" step="1"/><F89/><AGARI ba="1,1" hai="6,8,15,44,51,53,55,57,63,89,91,95,97,102" machi="89" ten="40,5200,0" yaku="1,1,2,1,8,1,53,0" doraHai="68" doraHaiUra="39" who="3" fromWho="2" sc="236,0,448,0,252,-55,54,65" /><INIT seed="3,0,0,3,4,67" ten="236,448,197,119" oya="3" hai0="29,73,114,132,50,28,101,74,31,37,59,88,34" hai1="23,93,7,58,83,110,64,71,63,57,124,36,68" hai2="8,84,26,4,38,125,85,130,76,0,108,61,3" hai3="105,87,47,16,111,95,30,49,27,104,1,113,45"/><W6/><G113/><T19/><D132/><U94/><E36/><V56/><F38/><W62/><G111/><T39/><D34/><U100/><E110/><V13/><F108/><W33/><G1/><T135/><D135/><U78/><E7/><V52/><F130/><W21/><G6/><T12/><D101/><U72/><E124/><V99/><F125/><W15/><G62/><T90/><D114/><U54/><E23/><V11/><F76/><W123/><G123/><T24/><D24/><U77/><E77/><V65/><F99/><W89/><REACH who="3" step="1"/><G47/><REACH who="3" ten="236,448,197,109" step="2"/><T131/><D131/><U53/><E63/><V109/><F109/><W106/><G106/><T60/><D50/><U20/><E64/><V66/><F0/><W133/><G133/><T92/><D37/><U102/><E58/><V42/><F65/><W51/><G51/><T97/><D39/><U120/><E57/><V55/><F66/><W9/><G9/><T40/><D40/><AGARI ba="0,1" hai="15,16,21,27,30,33,40,45,49,87,89,95,104,105" machi="40" ten="30,5800,0" yaku="1,1,7,1,54,1,53,0" doraHai="67" doraHaiUra="115" who="3" fromWho="0" sc="236,-58,448,0,197,0,109,68" /><INIT seed="3,1,0,3,0,60" ten="178,448,197,177" oya="3" hai0="124,75,130,26,63,132,90,23,13,41,76,94,129" hai1="32,77,118,12,79,31,28,88,80,66,131,119,125" hai2="33,54,6,117,85,81,9,91,71,59,44,57,65" hai3="27,116,2,99,51,126,62,69,64,106,135,114,20"/><W104/><G114/><T128/><D41/><U50/><E131/><N who="0" m="33537" /><T55/><DORA hai="8" /><D13/><U111/><E111/><V96/><F117/><N who="1" m="44553" /><E125/><V82/><F33/><W22/><G116/><T14/><D124/><U74/><E66/><V70/><F96/><W17/><G135/><T86/><D132/><U19/><E32/><V112/><F112/><W43/><G126/><T58/><D75/><U37/><E37/><V42/><F81/><W48/><G2/><T102/><D76/><U72/><E50/><V133/><F133/><W11/><G11/><T46/><D46/><U68/><E88/><V122/><F122/><W107/><G43/><T39/><D39/><U5/><E68/><V98/><F98/><W67/><G67/><N who="0" m="39415" /><D102/><U52/><E52/><V83/><F65/><W127/><G127/><T53/><D26/><U24/><E24/><V25/><F25/><W101/><REACH who="3" step="1"/><G22/><REACH who="3" ten="178,448,197,167" step="2"/><T7/><D23/><N who="1" m="11751" /><E5/><V3/><F9/><AGARI ba="1,1" hai="7,9,14,53,55,86,90,94" m="39415,33537" machi="9" ten="40,5200,0" yaku="19,1,52,2" doraHai="60,8" who="0" fromWho="2" sc="178,65,448,0,197,-55,167,0" /><INIT seed="4,0,0,3,5,56" ten="243,448,142,167" oya="0" hai0="83,104,6,14,101,71,36,49,15,135,48,51,93" hai1="8,65,34,32,63,2,108,112,122,9,120,134,127" hai2="58,114,118,17,111,43,21,86,85,55,46,98,130" hai3="12,18,99,70,54,0,7,107,1,3,30,77,79"/><T123/><D104/><U42/><E42/><V117/><F111/><W69/><G7/><T90/><D36/><U121/><E108/><V131/><F98/><W26/><G54/><T57/><D71/><U128/><E128/><N who="2" m="49195" /><F21/><W68/><G99/><T94/><D123/><U13/><E134/><V60/><F17/><W87/><G87/><N who="2" m="33289" /><F114/><W91/><G91/><T119/><D119/><U25/><E112/><V132/><F132/><W4/><G4/><T103/><D135/><U31/><E34/><V45/><F45/><W61/><G107/><T5/><D83/><U37/><E37/><AGARI ba="0,0" hai="37,43,46,55,58,60,117,118" m="33289,49195" machi="37" ten="30,2000,0" yaku="19,1,52,1" doraHai="56" who="2" fromWho="1" sc="243,0,448,-20,142,20,167,0" /><INIT seed="5,0,0,2,4,46" ten="243,428,162,167" oya="1" hai0="88,127,129,8,126,104,40,66,42,78,55,25,64" hai1="106,23,92,115,131,0,12,51,93,96,81,35,36" hai2="94,48,100,52,54,91,111,62,86,53,20,83,4" hai3="101,112,11,9,110,37,59,85,50,132,71,65,70"/><U63/><E35/><V123/><F111/><W95/><G110/><T133/><D104/><U74/><E36/><V99/><F123/><W72/><G72/><T134/><D78/><U13/><E0/><V28/><F4/><W47/><G112/><T97/><D25/><U14/><E115/><V75/><F75/><W114/><G114/><T33/><D33/><U82/><E106/><V87/><F62/><W61/><G132/><N who="0" m="50795" /><D8/><U38/><E38/><V135/><F135/><W89/><G101/><T113/><D113/><U56/><E74/><V67/><F67/><N who="0" m="25642" /><D55/><N who="1" m="31871" /><E92/><V68/><F68/><W31/><G31/><T107/><D107/><U125/><E23/><V41/><F87/><W5/><G11/><T34/><D34/><U2/><E2/><V116/><F116/><W122/><G122/><T105/><D105/><U3/><E13/><V80/><F80/><W84/><G84/><T24/><D24/><U108/><E12/><V124/><F28/><W69/><G9/><T57/><D57/><U19/><E14/><V109/><F109/><W45/><G5/><T60/><D60/><U90/><E82/><V22/><F22/><W130/><G71/><T43/><D129/><U119/><E63/><V6/><F20/><W79/><G130/><T15/><D15/><U7/><E3/><V30/><F30/><W118/><G79/><T76/><D76/><U120/><E131/><V1/><F1/><W39/><G70/><T73/><D73/><U49/><E7/><V21/><F21/><W27/><G69/><T17/><D17/><U18/><E19/><V102/><F6/><RYUUKYOKU ba="0,0" sc="243,30,428,-10,162,-10,167,-10" hai0="40,42,43,88,97,126,127" /><INIT seed="6,1,0,4,1,78" ten="273,418,152,157" oya="2" hai0="60,97,0,56,109,85,93,22,79,101,112,24,104" hai1="122,55,15,33,102,100,66,88,65,8,135,21,129" hai2="2,108,20,126,127,96,42,99,10,28,119,91,110" hai3="89,130,114,116,43,51,134,80,98,120,19,46,11"/><V29/><F42/><W54/><G116/><T72/><D0/><U115/><E33/><V75/><F75/><W45/><G120/><T113/><D109/><N who="2" m="42090" /><F91/><W131/><G134/><T59/><D59/><U74/><E74/><V18/><F96/><W4/><G114/><T41/><D41/><U52/><E115/><V58/><F99/><W133/><G133/><T73/><D73/><U6/><E135/><V23/><F58/><W9/><G19/><T111/><D111/><U123/><E102/><V7/><F119/><W35/><G35/><T92/><D72/><U121/><E88/><V70/><F70/><W106/><G106/><T1/><D1/><U95/><E95/><V86/><F86/><N who="3" m="50375" /><G4/><T31/><D104/><U118/><E100/><V69/><F69/><W36/><G98/><T77/><D77/><U82/><E82/><V67/><F67/><W64/><G64/><N who="1" m="24682" /><E118/><V63/><F63/><W128/><AGARI ba="1,0" hai="9,11,36,43,45,46,51,54,128,130,131" m="50375" machi="128" ten="30,2000,0" yaku="19,1,52,1" doraHai="78" who="3" fromWho="3" sc="273,-6,418,-6,152,-11,157,23" /><INIT seed="7,0,0,5,1,130" ten="267,412,141,180" oya="3" hai0="39,57,36,98,118,65,107,81,125,102,21,114,53" hai1="8,105,117,94,83,123,56,109,66,87,54,68,99" hai2="93,28,11,49,61,70,55,51,64,135,71,2,25" hai3="82,69,33,79,41,17,120,116,59,30,75,10,7"/><W46/><G69/><T9/><D118/><U112/><E109/><V40/><F93/><W60/><G116/><T27/><D125/><U63/><E105/><V47/><F2/><W35/><G17/><T5/><D114/><U77/><E112/><V22/><F11/><W104/><G104/><T52/><D81/><U12/><E123/><V80/><F80/><W97/><G97/><T129/><D129/><U43/><E43/><V86/><F86/><W103/><G103/><T106/><D106/><U37/><E37/><V113/><F113/><W78/><G78/><T122/><D122/><U134/><E134/><V131/><F131/><W96/><G96/><T42/><D42/><U91/><E117/><V85/><F85/><W18/><G18/><T50/><D53/><U88/><E68/><V44/><REACH who="2" step="1"/><F71/><REACH who="2" ten="267,412,131,180" step="2"/><W16/><G120/><T92/><D92/><U20/><E20/><V121/><F121/><W38/><G30/><T76/><D21/><U132/><E132/><AGARI ba="0,1" hai="22,25,28,40,44,47,49,51,55,61,64,70,132,135" machi="132" ten="40,5200,0" yaku="1,1,52,2,53,0" doraHai="130" doraHaiUra="13" who="2" fromWho="1" sc="267,0,412,-52,131,62,180,0" owari="267,7.0,360,46.0,193,-21.0,180,-32.0" /></mjloggm>