<mjloggm ver="2.3"><GO type="225" lobby="0"/><UN n0="%E3%82%AB%E3%83%9C%E3%83%81%E3%83%A3%E3%82%BF%E3%83%8D" n1="%E3%81%AF%E3%82%88%E3%81%8A%E3%81%98%E3%81%95%E3%82%93" n2="%6B%79%6F%6E%6B%6F%31%31" n3="%E3%82%AF%E3%82%A3%E3%82%A6" dan="16,17,17,16" rate="2061.92,2107.62,2210.02,2067.85" sx="M,M,M,M"/><TAIKYOKU oya="0"/><INIT seed="0,0,0,1,5,94" ten="250,250,250,250" oya="0" hai0="122,119,107,76,68,54,34,52,102,75,11,8,49" hai1="69,114,22,5,96,118,53,23,67,93,74,36,120" hai2="56,73,17,133,40,45,28,13,35,131,85,44,71" hai3="37,77,90,3,105,18,115,57,29,16,15,113,0"/><T48/><D119/><U78/><E118/><V19/><F73/><W64/><G90/><T108/><D122/><U66/><E120/><V25/><F71/><W80/><G57/><T112/><D112/><N who="3" m="43081" /><G80/><T33/><D68/><U65/><E114/><V9/><F131/><W27/><G64/><T21/><D102/><U82/><E69/><V50/><F133/><W43/><G77/><T62/><D107/><U125/><E125/><V51/><F56/><W79/><G79/><T84/><D75/><U1/><E36/><V135/><F135/><W32/><G105/><T117/><D62/><U109/><E109/><V134/><F134/><W42/><G42/><T10/><D117/><U128/><E128/><V123/><F123/><W86/><G86/><T98/><D108/><U4/><E53/><N who="0" m="20585" /><D21/><U89/><REACH who="1" step="1"/><E5/><REACH who="1" ten="250,240,250,250" step="2"/><V38/><F44/><W92/><G43/><T60/><D60/><U81/><E81/><V103/><F38/><W2/><G37/><T70/><D70/><U132/><E132/><V91/><F45/><W100/><G15/><T55/><D55/><U121/><E121/><V63/><F40/><W106/><G106/><T126/><D126/><U41/><E41/><V72/><F63/><W6/><G6/><T12/><D12/><U130/><E130/><V124/><F124/><W39/><G39/><T31/><D49/><U61/><E61/><V58/><F50/><W127/><G127/><T104/><D48/><U95/><E95/><V47/><F51/><W7/><G7/><T24/><D104/><U30/><E30/><V26/><F47/><W87/><G87/><RYUUKYOKU ba="0,1" sc="250,-15,240,15,250,-15,250,15" hai1="1,4,22,23,65,66,67,74,78,82,89,93,96" hai3="0,2,3,16,18,27,29,32,92,100" /><INIT seed="1,1,1,2,5,24" ten="235,255,235,265" oya="1" hai0="135,55,72,96,89,9,36,68,21,115,105,15,20" hai1="119,0,8,132,42,71,31,95,19,92,63,11,2" hai2="16,25,41,61,98,65,90,101,7,27,30,108,80" hai3="123,59,83,97,17,134,28,120,12,107,122,73,124"/><U38/><E119/><V74/><F108/><W87/><G83/><T79/><D115/><U3/><E132/><V56/><F41/><W110/><G87/><T66/><D36/><U33/><E42/><V111/><F111/><W103/><G59/><T67/><D135/><U131/><E38/><V35/><F7/><W32/><G110/><T49/><D79/><U43/><E43/><V18/><F27/><N who="3" m="18463" /><G17/><N who="0" m="8431" /><D105/><U81/><E131/><V113/><F113/><W6/><G12/><T133/><D72/><U1/><E81/><V45/><F45/><W34/><G6/><T112/><D68/><U29/><E33/><V130/><F130/><W13/><G13/><T82/><D112/><U54/><N who="1" m="0" /><DORA hai="104" /><U14/><E11/><V51/><F51/><W75/><G134/><T48/><D48/><U52/><E71/><V46/><F46/><W47/><G47/><N who="0" m="28095" /><D133/><U114/><E114/><V23/><F35/><W117/><G34/><T118/><D118/><U86/><E54/><V64/><F64/><N who="0" m="24618" /><D82/><U76/><E76/><N who="2" m="44055" /><F90/><W62/><G117/><T102/><D102/><U69/><E69/><V116/><F116/><W78/><G75/><T85/><D85/><U99/><E86/><V93/><AGARI ba="1,1" hai="16,18,23,25,30,56,61,65,93,98,101" m="44055" machi="93" ten="30,7900,0" yaku="25,1,52,2,54,1" doraHai="24,104" who="2" fromWho="2" sc="235,-21,255,-40,235,92,265,-21" /><INIT seed="2,0,0,5,2,23" ten="214,215,327,244" oya="2" hai0="37,94,65,124,83,95,29,59,105,64,34,2,108" hai1="125,118,123,56,10,81,128,27,46,92,31,51,62" hai2="17,99,48,131,9,93,7,66,116,5,6,130,60" hai3="12,21,87,129,76,15,133,40,82,26,18,91,28"/><V16/><F48/><W57/><G129/><N who="2" m="49161" /><F116/><W4/><G133/><T79/><D105/><U63/><E118/><V39/><F9/><W36/><G36/><T127/><D2/><U111/><E128/><V122/><F39/><W119/><G119/><T113/><D113/><U67/><E111/><V52/><F122/><W97/><G40/><T45/><D108/><U68/><E123/><V72/><F72/><W14/><G4/><T41/><D94/><U38/><E125/><N who="0" m="48201" /><D95/><U134/><E134/><V135/><F135/><W121/><G121/><T53/><D29/><U42/><E92/><V22/><F66/><W98/><G76/><T61/><D34/><U96/><E96/><V43/><F43/><W8/><REACH who="3" step="1"/><G57/><REACH who="3" ten="214,215,327,234" step="2"/><T33/><D33/><U109/><E56/><N who="2" m="34823" /><F22/><W70/><G70/><T11/><D11/><U88/><E10/><V103/><AGARI ba="0,1" hai="5,6,7,16,17,93,99,103" m="34823,49161" machi="103" ten="30,6000,0" yaku="19,1,54,2" doraHai="23" who="2" fromWho="2" sc="214,-20,215,-20,327,70,234,-20" /><INIT seed="2,1,0,1,2,3" ten="194,195,397,214" oya="2" hai0="32,42,114,126,68,96,134,2,26,65,71,128,66" hai1="100,135,50,87,61,16,59,110,94,22,54,111,8" hai2="81,64,52,29,25,55,99,122,43,46,106,83,117" hai3="37,80,85,116,38,115,88,51,11,63,33,69,84"/><V86/><F117/><W27/><G116/><T124/><D2/><U14/><E135/><V21/><F122/><W74/><G74/><T4/><D4/><U41/><E41/><V121/><F121/><W0/><G115/><T107/><D42/><U17/><E61/><V70/><F83/><W40/><G69/><T10/><D10/><U30/><E30/><V92/><F106/><W60/><G38/><T90/><D114/><U76/><E100/><V118/><F118/><W39/><G39/><T89/><D134/><U13/><E76/><V24/><F64/><N who="0" m="24682" /><D128/><U56/><REACH who="1" step="1"/><E59/><REACH who="1" ten="194,185,397,214" step="2"/><V31/><F70/><W67/><G40/><T23/><D71/><U49/><E49/><V82/><F43/><W15/><G51/><T5/><D68/><U113/><E113/><V109/><F46/><W108/><G37/><T130/><D130/><U97/><E97/><V72/><F99/><W104/><G63/><T34/><D96/><U47/><E47/><V6/><F31/><W45/><G60/><T98/><D98/><U129/><E129/><V73/><F29/><W20/><G45/><T12/><D107/><U44/><E44/><V133/><F133/><W62/><G62/><T7/><D89/><AGARI ba="1,1" hai="8,13,14,16,17,22,50,54,56,87,89,94,110,111" machi="89" ten="40,8000,1" yaku="1,1,25,2,54,1,53,0" doraHai="3" doraHaiUra="101" who="1" fromWho="0" sc="194,-83,185,93,397,0,214,0" /><INIT seed="3,0,0,2,4,59" ten="111,278,397,214" oya="3" hai0="102,18,115,116,126,74,48,124,31,87,14,54,130" hai1="80,98,76,38,17,1,26,104,133,111,9,97,41" hai2="5,95,61,23,27,128,107,131,0,127,2,106,36" hai3="29,50,85,67,112,62,32,70,56,28,47,79,110"/><W117/><G112/><T121/><D102/><U78/><E78/><V6/><F36/><W113/><G113/><T89/><D115/><U46/><E104/><V64/><F127/><W57/><G117/><T60/><D74/><N who="1" m="43031" /><E111/><V83/><F83/><N who="3" m="47359" /><G70/><T91/><D116/><U90/><E90/><V58/><F95/><W69/><G69/><T68/><D91/><U134/><E26/><V122/><F122/><W77/><G77/><T39/><D121/><U42/><E42/><V55/><F0/><W132/><G132/><N who="1" m="50794" /><E17/><V100/><F2/><W118/><G118/><T120/><D120/><U7/><AGARI ba="0,0" hai="1,7,9,38,41,46,97,98" m="50794,43031" machi="7" ten="30,2000,0" yaku="25,1,20,1" doraHai="59" who="1" fromWho="1" sc="111,-5,278,20,397,-5,214,-10" owari="106,-39.0,298,10.0,392,49.0,204,-20.0" /></mjloggm>