<mjloggm ver="2.3"><GO type="169" lobby="0"/><UN n0="%E3%82%AD%E3%83%B3%E3%82%B0%E3%81%82%E3%81%A4%E3%81%97" n1="%E8%88%AC%E5%8D%93%E6%B0%91%E3%81%AE%E6%9C%9D%E3%81%AF%E6%97%A9%E3%81%84" n2="%E3%81%8B%E3%81%A5%E3%81%8D%EF%BC%B8%EF%BC%A9" n3="%E5%85%B6%E7%82%BA%E5%8F%B3%E6%89%8B" dan="17,17,16,16" rate="2189.42,2237.26,2120.94,2145.20" sx="M,M,M,M"/><TAIKYOKU oya="0"/><INIT seed="0,0,0,3,3,132" ten="250,250,250,250" oya="0" hai0="127,20,19,102,92,39,115,24,93,72,18,91,46" hai1="116,10,119,94,36,15,47,50,29,112,86,103,58" hai2="65,31,81,49,45,53,109,74,27,44,99,69,90" hai3="129,123,87,3,84,133,85,38,104,79,23,111,61"/><T68/><D115/><U125/><E112/><V11/><F74/><W34/><G34/><T56/><D68/><U96/><E125/><V75/><F69/><W54/><G3/><T95/><D72/><U100/><E100/><V60/><F109/><W0/><G0/><T70/><D70/><U57/><E29/><V121/><F121/><W33/><G33/><T13/><D102/><U62/><E36/><V80/><F75/><W117/><G38/><T135/><D135/><U59/><E86/><V130/><F45/><W7/><G104/><T42/><D56/><U32/><E32/><V118/><F118/><W101/><G111/><T114/><D114/><U78/><E78/><V97/><F11/><W52/><G117/><T107/><D107/><U71/><E71/><V1/><F1/><W37/><G37/><T108/><D108/><U21/><E21/><V113/><F113/><W41/><G123/><T35/><D127/><U67/><E116/><V98/><F130/><W76/><G129/><T89/><REACH who="0" step="1"/><D35/><REACH who="0" ten="240,250,250,250" step="2"/><U9/><E119/><V26/><F31/><W30/><G30/><T48/><D48/><U12/><E50/><V77/><F60/><W131/><G61/><T134/><D134/><U106/><E106/><V16/><F49/><W73/><G133/><T6/><D6/><N who="1" m="3159" /><E47/><V25/><F44/><W4/><G131/><T124/><D124/><U126/><E126/><V17/><F65/><W55/><G73/><T66/><D66/><U22/><E59/><V110/><F110/><W14/><G76/><T40/><D40/><U28/><E58/><V51/><F77/><RYUUKYOKU ba="0,1" sc="240,30,250,-10,250,-10,250,-10" hai0="13,18,19,20,24,39,42,46,89,91,92,93,95" /><INIT seed="0,1,1,3,0,64" ten="270,240,240,240" oya="0" hai0="40,95,0,29,130,133,23,128,25,97,56,116,16" hai1="12,48,71,100,6,131,10,55,88,111,7,45,78" hai2="19,18,43,62,110,57,118,63,125,122,101,13,68" hai3="106,66,124,1,54,27,26,21,32,58,67,8,34"/><T109/><D116/><U30/><E111/><V80/><F110/><W15/><G106/><T22/><D0/><U72/><E131/><N who="0" m="50217" /><D133/><U5/><E100/><V75/><F122/><W50/><G124/><T52/><D40/><U4/><E30/><V3/><F3/><W46/><G1/><T108/><D23/><U114/><E114/><V37/><F118/><W60/><G32/><T39/><D39/><U38/><E38/><V35/><F101/><W42/><G34/><T119/><D29/><U47/><E72/><V53/><F35/><W96/><G96/><T123/><D123/><U20/><E78/><V94/><F125/><W9/><G9/><T98/><D98/><U89/><E20/><V76/><F94/><W2/><G2/><T65/><D65/><N who="3" m="24585" /><G21/><T69/><D69/><U28/><E28/><V49/><F19/><AGARI ba="1,1" hai="8,15,19,26,27,42,46,50,54,58,60" m="24585" machi="19" ten="30,1000,0" yaku="8,1" doraHai="64" who="3" fromWho="2" sc="270,0,240,0,240,-13,240,23" /><INIT seed="1,0,0,3,2,90" ten="270,240,227,263" oya="1" hai0="78,49,31,2,85,27,56,103,15,33,65,10,55" hai1="46,42,30,63,66,58,75,35,114,72,71,47,51" hai2="28,110,18,93,81,40,135,57,106,133,76,115,9" hai3="34,95,74,100,82,44,45,11,17,8,59,111,120"/><U129/><E35/><V14/><F106/><W126/><G34/><T101/><D2/><U23/><E114/><V132/><F110/><W32/><G32/><T134/><D134/><U50/><E129/><V97/><F40/><W67/><G120/><T91/><D78/><U37/><E30/><V125/><F28/><W53/><G67/><T112/><D65/><U52/><E23/><V109/><F109/><W130/><G74/><T4/><REACH who="0" step="1"/><D112/><REACH who="0" ten="260,240,227,263" step="2"/><U119/><REACH who="1" step="1"/><E119/><REACH who="1" ten="260,230,227,263" step="2"/><V54/><F115/><W16/><G111/><T7/><D7/><U122/><E122/><V88/><F125/><W128/><G126/><T83/><AGARI ba="0,2" hai="4,10,15,27,31,33,49,55,56,83,85,91,101,103" machi="83" ten="20,2700,0" yaku="1,1,0,1,7,1,53,0" doraHai="90" doraHaiUra="64" who="0" fromWho="0" sc="260,47,230,-13,227,-7,263,-7" /><INIT seed="2,0,0,1,1,131" ten="307,217,220,256" oya="2" hai0="41,58,135,16,36,72,67,46,0,105,107,95,20" hai1="73,31,78,44,86,59,51,1,57,85,100,45,108" hai2="117,134,28,99,83,94,80,49,12,13,42,125,5" hai3="22,24,39,96,6,115,66,43,7,75,10,17,120"/><V91/><F117/><W129/><G120/><T93/><D72/><U32/><E1/><V14/><F125/><W98/><G75/><T76/><D76/><U87/><E108/><V47/><F5/><W92/><G129/><T60/><D0/><U3/><E3/><V40/><F134/><W88/><G115/><T48/><D135/><U33/><E100/><V113/><F113/><W23/><G66/><T89/><D36/><U118/><E118/><V37/><F37/><W15/><G39/><T121/><D95/><U55/><E31/><V26/><REACH who="2" step="1"/><F42/><REACH who="2" ten="307,217,210,256" step="2"/><W126/><G43/><T21/><D121/><U106/><E106/><V127/><F127/><W79/><G126/><T103/><D103/><U104/><E104/><V77/><F77/><W27/><G79/><T110/><D110/><U122/><E122/><V74/><F74/><W128/><G128/><T29/><D107/><U63/><E73/><V50/><F50/><W30/><REACH who="3" step="1"/><G6/><REACH who="3" ten="307,217,210,246" step="2"/><T2/><D41/><U53/><E78/><V114/><F114/><W82/><G82/><T35/><D105/><U101/><E101/><V8/><F8/><W102/><G102/><T132/><D132/><U130/><E130/><V4/><F4/><W69/><G69/><T54/><D89/><U18/><E51/><V109/><F109/><W62/><G62/><T112/><D48/><U84/><E63/><V19/><F19/><W97/><AGARI ba="0,2" hai="7,10,15,17,22,23,24,27,30,88,92,96,97,98" machi="97" ten="20,8000,1" yaku="1,1,0,1,7,1,8,1,54,1,53,0" doraHai="131" doraHaiUra="70" who="3" fromWho="3" sc="307,-20,217,-20,210,-40,246,100" /><INIT seed="3,0,0,3,2,50" ten="287,197,170,346" oya="3" hai0="113,72,130,13,1,84,133,83,23,86,61,36,15" hai1="100,82,97,70,9,105,121,2,132,135,11,55,111" hai2="64,109,103,32,66,104,90,98,30,115,76,118,91" hai3="68,8,127,20,117,57,34,16,85,65,99,123,73"/><W94/><G123/><T27/><D1/><U67/><E121/><V93/><F109/><W6/><G34/><T39/><D72/><U112/><E112/><V28/><F115/><W48/><G73/><T24/><D113/><U125/><E111/><V5/><F118/><W63/><G117/><T47/><D47/><U106/><E125/><V78/><F5/><W25/><G127/><T128/><D23/><U134/><E82/><V96/><F91/><W38/><G38/><T71/><D61/><N who="1" m="40303" /><E2/><V37/><F37/><W54/><G85/><T52/><D83/><U62/><E105/><V120/><F120/><W88/><G6/><T119/><D71/><U101/><E101/><V22/><F32/><W26/><G8/><N who="1" m="3146" /><E62/><V126/><F126/><W7/><G7/><T53/><REACH who="0" step="1"/><D119/><REACH who="0" ten="277,197,170,346" step="2"/><U29/><E29/><V69/><F69/><W10/><G10/><T43/><D43/><U42/><E42/><V14/><F30/><W102/><G102/><T44/><D44/><U75/><E75/><V116/><F116/><W40/><G40/><T108/><D108/><U19/><E19/><V46/><F46/><W33/><G33/><T114/><D114/><U17/><E17/><N who="2" m="10551" /><F28/><W35/><G35/><T87/><D87/><U58/><E58/><V59/><F59/><W74/><G74/><T3/><D3/><U77/><E77/><V41/><F41/><W92/><G94/><T56/><D56/><U45/><E45/><V79/><F79/><W110/><G110/><T89/><D89/><U12/><E132/><AGARI ba="0,1" hai="13,15,24,27,36,39,52,53,84,86,128,130,132,133" machi="132" ten="25,16000,3" yaku="1,1,22,2,52,2,54,1,53,2" doraHai="50" doraHaiUra="124" who="0" fromWho="1" sc="277,170,197,-160,170,0,346,0" /><INIT seed="4,0,0,1,3,57" ten="447,37,170,346" oya="0" hai0="52,12,128,0,131,63,123,32,79,61,112,21,105" hai1="125,98,49,84,40,89,65,36,124,2,50,9,20" hai2="87,108,111,104,97,113,101,22,78,100,133,43,69" hai3="34,55,45,39,129,132,31,64,90,99,110,17,127"/><T11/><D123/><U76/><E36/><V28/><F43/><W85/><G110/><T16/><D105/><U92/><E2/><V54/><F69/><W86/><G127/><N who="1" m="48714" /><E9/><V88/><F133/><W10/><G129/><N who="0" m="49739" /><D32/><U95/><E40/><V1/><F113/><W116/><G116/><T38/><D38/><U24/><E65/><V42/><F42/><W7/><G64/><T37/><D37/><U53/><E53/><V83/><F1/><W15/><G132/><T130/><D130/><U109/><E109/><N who="2" m="42059" /><F54/><W106/><G39/><T59/><D79/><U114/><E114/><V117/><F22/><W126/><G126/><T19/><D112/><U103/><E76/><V96/><F28/><AGARI ba="0,0" hai="20,24,28,49,50,84,89,92,95,98,103" m="48714" machi="28" ten="30,1000,0" yaku="18,1" doraHai="57" who="1" fromWho="2" sc="447,0,37,10,170,-10,346,0" /><INIT seed="5,0,0,0,1,37" ten="447,47,160,346" oya="1" hai0="120,53,124,111,49,43,99,7,119,110,64,69,47" hai1="6,38,103,79,12,16,101,14,89,20,117,57,109" hai2="52,22,50,45,3,97,108,73,23,70,9,65,92" hai3="132,61,54,46,114,31,128,34,71,19,106,72,105"/><U51/><E117/><V58/><F73/><W133/><G72/><T85/><D119/><U77/><E38/><V135/><F108/><W96/><G114/><T81/><D124/><U130/><E109/><V116/><F116/><W131/><G19/><T93/><D120/><U107/><E130/><N who="3" m="49706" /><G54/><T122/><D122/><U59/><E89/><V87/><F135/><N who="3" m="51787" /><G46/><T56/><D7/><U1/><E1/><V78/><F3/><W91/><G91/><T100/><D69/><U18/><E6/><V127/><F70/><W21/><G21/><T75/><D64/><U15/><E107/><V55/><F127/><W60/><G96/><T35/><D35/><U28/><E28/><V13/><F65/><N who="3" m="41383" /><G61/><T32/><D32/><U84/><E84/><V95/><F87/><W10/><G10/><T68/><D68/><U83/><E83/><V44/><F78/><N who="1" m="29705" /><E51/><N who="2" m="31007" /><F45/><W4/><G4/><T29/><D75/><U33/><E33/><V66/><F66/><W121/><G121/><T39/><D29/><U125/><E125/><V115/><F115/><W27/><AGARI ba="0,0" hai="27,31,34,105,106" m="41383,51787,49706" machi="27" ten="40,5200,0" yaku="19,1,20,1,23,1" doraHai="37" who="3" fromWho="3" sc="447,-13,47,-26,160,-13,346,52" /><INIT seed="6,0,0,5,2,55" ten="434,21,147,398" oya="2" hai0="86,61,42,20,6,37,116,117,97,27,50,91,25" hai1="49,44,32,33,105,125,73,39,65,122,98,107,53" hai2="131,10,54,52,82,132,121,21,93,109,134,115,60" hai3="26,28,13,130,111,29,22,126,135,87,75,92,85"/><V58/><F121/><W51/><G75/><T2/><D37/><U106/><E122/><V9/><F115/><W69/><G69/><T84/><D2/><U124/><E73/><V72/><F131/><W24/><G130/><T23/><D6/><U67/><E39/><V35/><F35/><W100/><G111/><T90/><D61/><U78/><E98/><V5/><F93/><W99/><G126/><T36/><D36/><U15/><E15/><V7/><F21/><N who="3" m="15375" /><G135/><N who="2" m="51753" /><F109/><W4/><G51/><T114/><D50/><U48/><E78/><N who="2" m="44359" /><F54/><W74/><G74/><T38/><D38/><U12/><E12/><V47/><F47/><W95/><G95/><T81/><D114/><U19/><E19/><V31/><F31/><W113/><G113/><T129/><D129/><U88/><E107/><V127/><F127/><W83/><G83/><T79/><D81/><U133/><E133/><V8/><AGARI ba="0,0" hai="5,7,8,9,10,52,58,60" m="44359,51753" machi="8" ten="30,6000,0" yaku="20,1,52,1,54,1" doraHai="55" who="2" fromWho="2" sc="434,-20,21,-20,147,60,398,-20" /><INIT seed="6,1,0,1,5,93" ten="414,1,207,378" oya="2" hai0="76,63,64,42,65,129,109,100,26,131,108,62,128" hai1="16,22,11,81,91,77,7,29,52,83,71,27,40" hai2="117,125,43,113,134,87,78,85,104,105,38,2,13" hai3="106,94,124,28,48,33,74,97,36,90,15,53,49"/><V0/><F117/><W9/><G36/><T58/><D100/><U107/><E71/><V24/><F134/><W121/><G121/><T31/><D76/><U72/><E107/><V55/><F43/><W61/><G74/><T60/><D42/><U14/><E40/><V75/><F38/><W118/><G118/><T10/><D10/><U119/><E119/><V120/><F120/><W127/><G106/><T18/><D18/><U8/><E72/><V30/><F113/><W59/><G28/><T116/><D116/><U1/><E77/><V35/><F125/><W23/><G33/><N who="0" m="20727" /><D63/><U132/><E132/><V21/><F105/><W73/><G23/><T82/><D82/><U17/><E17/><V6/><F104/><W20/><G20/><T79/><D79/><U66/><E66/><V46/><F0/><W3/><G73/><T84/><D84/><U96/><E81/><V41/><F41/><W130/><G3/><T57/><AGARI ba="1,0" hai="57,58,60,62,64,65,108,109,128,129,131" m="20727" machi="57" ten="30,1100,0" yaku="19,1" doraHai="93" who="0" fromWho="0" sc="414,14,1,-4,207,-6,378,-4" owari="428,53.0,-3,-50.0,201,-20.0,374,17.0" /></mjloggm>