<mjloggm ver="2.3"><GO type="169" lobby="0"/><UN n0="%E7%A7%8B%E6%9C%88%36%31" n1="%E3%82%84%E3%81%BE%E3%81%8C%E3%82%89%E3%83%BC" n2="%E9%81%8A%E8%B5%B0" n3="%75%34%6B%61%6D%6F%31%30" dan="17,17,16,16" rate="2118.25,2177.82,2183.17,2074.75" sx="M,M,M,M"/><TAIKYOKU oya="0"/><INIT seed="0,0,0,4,3,128" ten="250,250,250,250" oya="0" hai0="130,42,106,75,90,82,83,127,40,135,84,61,5" hai1="125,1,48,0,68,14,29,43,24,69,78,16,103" hai2="36,116,50,12,93,131,53,110,77,111,99,39,133" hai3="22,4,113,67,27,70,47,65,98,10,9,66,2"/><T26/><D130/><U91/><E103/><V28/><F131/><W52/><G113/><T72/><D106/><U21/><E78/><V118/><F77/><W37/><G70/><T74/><D127/><U3/><E91/><V49/><F28/><W38/><G10/><T45/><D5/><U115/><E125/><V105/><F105/><W44/><G98/><T54/><D135/><U134/><E115/><V101/><F12/><W41/><G67/><T15/><D15/><U112/><E112/><V121/><F121/><W92/><G92/><T114/><D114/><U33/><REACH who="1" step="1"/><E134/><REACH who="1" ten="250,240,250,250" step="2"/><V51/><F133/><W87/><G87/><T11/><D75/><U80/><E80/><V63/><F111/><W88/><G88/><T95/><D74/><U32/><E32/><V64/><F110/><W20/><G20/><T86/><D72/><U35/><E35/><V129/><F129/><W85/><G85/><T126/><D126/><U59/><E59/><V60/><F118/><W8/><G8/><T17/><D83/><U34/><E34/><V96/><F116/><W7/><G22/><N who="0" m="13647" /><D11/><U19/><E19/><V117/><F117/><W79/><G9/><T18/><D18/><U25/><E25/><V46/><F99/><W122/><G7/><T108/><D108/><U102/><E102/><V57/><REACH who="2" step="1"/><F46/><AGARI ba="0,1" hai="0,1,3,14,16,21,24,29,33,43,46,48,68,69" machi="46" ten="40,2600,0" yaku="1,1,54,1,53,0" doraHai="128" doraHaiUra="62" who="1" fromWho="2" sc="250,0,240,36,250,-26,250,0" /><INIT seed="1,0,0,4,2,20" ten="250,276,224,250" oya="1" hai0="0,95,68,59,57,111,25,38,115,109,30,51,35" hai1="15,101,113,31,134,87,66,91,79,48,6,2,22" hai2="117,120,93,37,42,54,112,69,133,45,102,60,62" hai3="27,65,107,28,77,19,40,114,24,52,14,5,49"/><U129/><E113/><V43/><F120/><W90/><G114/><T99/><D115/><U110/><E2/><V64/><F112/><W132/><G107/><T88/><D68/><U44/><E129/><V16/><F117/><W131/><G131/><T70/><D70/><U3/><E3/><V123/><F123/><W98/><G40/><T50/><D38/><U55/><E134/><V21/><F133/><W11/><G132/><T76/><D76/><U17/><E110/><N who="0" m="41993" /><D0/><U7/><E79/><V9/><F9/><W4/><G65/><T119/><D119/><U128/><E128/><V108/><F108/><W72/><G28/><T84/><D99/><U92/><E66/><V125/><F125/><W116/><G116/><T78/><D78/><U56/><E101/><V29/><F29/><W126/><G126/><T86/><D86/><U8/><E31/><V103/><F42/><W39/><G39/><T34/><D34/><U46/><REACH who="1" step="1"/><E8/><REACH who="1" ten="250,266,224,250" step="2"/><V63/><F103/><W10/><G77/><T75/><D75/><U105/><E105/><V124/><F124/><W73/><G73/><T12/><D30/><U130/><E130/><V53/><F64/><W23/><G72/><T94/><D35/><U83/><E83/><V80/><F80/><W36/><G11/><T122/><D122/><U41/><E41/><V13/><REACH who="2" step="1"/><F69/><REACH who="2" ten="250,266,214,250" step="2"/><W96/><G10/><T74/><D74/><U81/><E81/><V82/><F82/><W1/><G36/><T118/><D118/><U67/><E67/><V89/><F89/><W33/><G90/><N who="0" m="53575" /><D95/><U106/><E106/><V61/><F61/><RYUUKYOKU ba="0,2" sc="250,-15,266,15,214,15,250,-15" hai1="6,7,15,17,22,44,46,48,55,56,87,91,92" hai2="13,16,21,37,43,45,53,54,60,62,63,93,102" /><INIT seed="1,1,2,5,3,88" ten="235,281,229,235" oya="1" hai0="128,50,124,23,24,114,102,40,53,10,75,27,20" hai1="68,131,49,62,135,28,101,87,93,86,38,46,39" hai2="65,2,11,107,92,18,113,80,45,54,44,63,77" hai3="109,57,85,132,127,13,1,30,19,64,69,8,16"/><U9/><E131/><V118/><F107/><W82/><G109/><T33/><D75/><U134/><E28/><V125/><F118/><W29/><G127/><T56/><D124/><U79/><E9/><V106/><F125/><W96/><G132/><N who="1" m="50730" /><E68/><V42/><F106/><W95/><G69/><T105/><D33/><U14/><E14/><V35/><F35/><W94/><G1/><T12/><D128/><U70/><E79/><V15/><F113/><W121/><G121/><T31/><D114/><U117/><E117/><V59/><F2/><W67/><G96/><T116/><D116/><U108/><E108/><V103/><F65/><N who="3" m="25163" /><G57/><T90/><D56/><U73/><E62/><V133/><F133/><W84/><G84/><N who="1" m="32298" /><E70/><V78/><F80/><W122/><G122/><T36/><D31/><N who="3" m="11785" /><G19/><T81/><D81/><U55/><E73/><V58/><F58/><W110/><G110/><T89/><D36/><U76/><E76/><AGARI ba="1,2" hai="8,13,16,76,82,85,94,95" m="11785,25163" machi="76" ten="30,7700,0" yaku="8,1,52,2,54,1" doraHai="88" who="3" fromWho="1" sc="235,0,281,-80,229,0,235,100" /><INIT seed="2,0,0,0,2,134" ten="235,201,229,335" oya="2" hai0="92,97,24,38,132,105,65,84,100,76,41,13,131" hai1="87,122,88,27,103,61,130,55,86,123,7,62,50" hai2="18,22,17,20,83,32,104,26,72,58,133,73,39" hai3="14,49,5,63,81,25,115,53,110,52,70,23,15"/><V67/><F39/><W117/><G117/><T95/><D38/><U54/><E130/><V118/><F118/><W109/><G115/><T79/><D41/><U8/><E103/><V56/><F104/><W47/><G81/><T112/><D65/><U37/><E37/><V36/><F36/><W71/><G5/><T30/><D112/><U96/><E27/><V68/><F32/><W101/><G101/><T16/><D131/><U28/><E28/><V78/><F133/><W3/><G3/><T31/><D132/><U60/><E96/><V127/><F127/><W66/><G53/><T121/><D121/><N who="1" m="46091" /><E50/><V125/><F125/><W85/><G85/><N who="1" m="32266" /><E88/><V1/><F1/><AGARI ba="0,0" hai="1,7,8,54,55,60,61,62" m="32266,46091" machi="1" ten="30,1000,0" yaku="13,1" doraHai="134" who="1" fromWho="2" sc="235,0,201,10,229,-10,335,0" /><INIT seed="3,0,0,4,3,119" ten="235,211,219,335" oya="3" hai0="13,12,96,124,45,0,14,19,7,80,93,116,9" hai1="32,74,102,39,3,33,83,59,57,128,42,115,99" hai2="23,88,26,64,127,82,68,60,56,36,90,31,135" hai3="15,24,103,91,66,108,2,81,87,105,69,43,118"/><W65/><G118/><T110/><D116/><U22/><E115/><V47/><F135/><W72/><G2/><T100/><D110/><U117/><E128/><V63/><F127/><W1/><G1/><T92/><D124/><U73/><E3/><V77/><F36/><W114/><G43/><T106/><D19/><U113/><E113/><V4/><F47/><W95/><G108/><T38/><D38/><U52/><E22/><V50/><F50/><W67/><G15/><T107/><D45/><U21/><E21/><V84/><REACH who="2" step="1"/><F4/><REACH who="2" ten="235,211,209,335" step="2"/><W34/><G114/><T129/><D129/><U25/><E39/><V112/><F112/><W40/><G40/><T30/><D7/><U97/><E42/><V94/><F94/><W120/><G95/><T78/><D93/><U5/><E5/><V134/><F134/><W6/><G6/><T133/><D133/><U101/><E117/><V76/><F76/><W132/><G132/><T123/><D0/><U18/><E83/><V98/><F98/><W54/><G81/><T79/><D80/><U126/><E126/><V130/><F130/><W122/><G105/><T35/><D107/><U10/><E97/><V75/><F75/><W44/><G44/><T62/><D106/><U71/><E99/><V131/><F131/><W111/><G72/><T55/><D96/><U37/><E37/><V86/><F86/><W51/><G87/><T28/><D79/><U11/><E73/><V8/><F8/><W104/><G104/><T27/><D78/><U41/><E74/><V29/><F29/><N who="3" m="19751" /><G111/><T109/><D109/><U89/><E10/><RYUUKYOKU ba="0,1" sc="235,-10,211,-10,209,30,335,-10" hai2="23,26,31,56,60,63,64,68,77,82,84,88,90" /><INIT seed="4,1,1,2,5,112" ten="225,201,239,325" oya="0" hai0="0,76,35,64,92,133,71,102,44,62,101,16,11" hai1="86,32,59,73,70,89,24,111,125,100,7,78,19" hai2="65,97,74,126,10,94,36,53,104,20,18,114,47" hai3="69,50,46,91,22,99,83,55,115,25,8,56,17"/><T77/><D35/><U79/><E70/><V40/><F104/><W52/><G115/><T29/><D29/><U60/><E111/><V27/><F114/><W95/><G69/><T31/><D31/><U49/><E100/><V134/><F126/><W1/><G1/><T9/><D133/><U26/><E73/><V4/><F134/><W48/><G8/><T87/><D44/><U13/><E49/><V90/><F65/><W129/><G129/><T84/><D0/><U54/><E7/><V88/><F74/><W39/><G39/><T3/><D3/><U12/><E12/><V118/><F53/><W130/><G130/><T66/><D71/><U61/><E61/><V107/><F107/><W96/><G83/><T30/><D30/><U42/><E42/><V68/><F118/><W127/><G127/><T117/><D62/><U67/><E67/><V82/><F68/><W34/><G34/><T37/><D92/><N who="1" m="54327" /><E32/><V21/><F21/><W135/><G135/><T122/><D37/><U123/><E123/><V57/><F57/><W23/><G23/><T72/><D72/><U98/><E98/><AGARI ba="1,1" hai="17,22,25,46,48,50,52,55,56,91,95,96,98,99" machi="98" ten="30,3900,0" yaku="7,1,8,1,54,1" doraHai="112" who="3" fromWho="1" sc="225,0,201,-42,239,0,325,52" /><INIT seed="5,0,0,2,0,30" ten="225,159,239,377" oya="1" hai0="113,119,104,59,114,52,73,71,87,109,110,89,106" hai1="42,1,31,41,63,97,75,3,108,39,131,12,94" hai2="48,28,25,84,121,117,70,67,2,40,96,36,10" hai3="60,85,37,92,72,58,44,9,35,111,26,5,125"/><U53/><E75/><V8/><F121/><W69/><G111/><T128/><D71/><U64/><E131/><V81/><F117/><W15/><G69/><T83/><D128/><U20/><E108/><N who="0" m="41577" /><D119/><U112/><E112/><N who="0" m="43113" /><D73/><U57/><E53/><V88/><F36/><W103/><G72/><T61/><AGARI ba="0,0" hai="52,59,61,83,87,89,104,106" m="43113,41577" machi="61" ten="30,2000,0" yaku="15,1,54,1" doraHai="30" who="0" fromWho="0" sc="225,20,159,-10,239,-5,377,-5" /><INIT seed="6,0,0,4,4,112" ten="245,149,234,372" oya="2" hai0="104,3,110,63,108,41,88,84,97,44,17,43,49" hai1="32,82,18,83,39,71,79,15,103,38,93,42,62" hai2="102,45,23,125,1,135,26,70,54,106,94,123,127" hai3="100,105,69,36,37,57,65,28,130,113,99,46,111"/><V5/><F123/><W7/><G111/><T10/><D43/><U61/><E32/><V87/><F106/><W118/><G113/><T131/><D131/><U50/><E50/><N who="2" m="29007" /><F70/><W0/><G130/><T47/><D47/><U52/><E83/><V133/><F5/><W53/><G28/><T78/><D78/><U89/><E103/><V8/><F8/><W48/><G7/><T6/><D63/><U59/><E42/><V66/><F66/><W20/><G0/><T60/><D60/><U107/><E107/><V96/><F87/><W9/><G9/><T64/><D64/><U24/><E24/><V128/><F1/><W29/><G65/><T120/><D120/><U11/><E62/><V31/><F128/><W30/><G37/><T40/><D40/><U91/><E71/><V76/><F76/><W119/><G69/><T67/><D67/><U51/><E61/><V121/><F121/><W117/><G36/><T16/><D110/><U101/><E101/><V114/><F114/><W14/><G46/><T90/><D108/><U72/><REACH who="1" step="1"/><E89/><REACH who="1" ten="245,139,234,372" step="2"/><V77/><F77/><W4/><G100/><T74/><D74/><U126/><E126/><AGARI ba="0,1" hai="23,26,31,94,96,102,125,126,127,133,135" m="29007" machi="126" ten="30,1500,0" yaku="18,1" doraHai="112" who="2" fromWho="1" sc="245,0,139,-15,234,25,372,0" /><INIT seed="6,1,0,3,3,2" ten="245,124,259,372" oya="2" hai0="110,103,0,58,120,107,65,27,119,84,10,32,108" hai1="55,94,74,54,127,67,33,89,15,12,79,96,37" hai2="46,104,19,69,23,123,121,88,14,61,30,42,6" hai3="1,63,118,71,98,8,40,91,5,113,47,80,134"/><V39/><F104/><W53/><G118/><T3/><D120/><U135/><E37/><V92/><F30/><W13/><G134/><T64/><D119/><U50/><E135/><V129/><F129/><W9/><G113/><T26/><D84/><U87/><E33/><V112/><F112/><W41/><G71/><T111/><D58/><U70/><E127/><V35/><F35/><W57/><G47/><T66/><D32/><U36/><E36/><V99/><REACH who="2" step="1"/><F6/><REACH who="2" ten="245,124,249,372" step="2"/><W7/><G7/><T68/><D68/><U60/><E74/><V102/><F102/><W90/><G5/><T130/><D130/><U11/><E11/><V49/><F49/><W101/><G8/><T82/><D10/><U52/><REACH who="1" step="1"/><E50/><REACH who="1" ten="245,114,249,372" step="2"/><V85/><F85/><W122/><G9/><T78/><D0/><U128/><E128/><V132/><F132/><W116/><G1/><T83/><D3/><U59/><E59/><V45/><F45/><W105/><G57/><T72/><D111/><U28/><E28/><V117/><F117/><W76/><G116/><T56/><D56/><U114/><E114/><V20/><F20/><W17/><G17/><T106/><D110/><U131/><E131/><V95/><F95/><W73/><G73/><T115/><D108/><U109/><E109/><V24/><F24/><W125/><G105/><T86/><D115/><U29/><E29/><V51/><F51/><W31/><G31/><T126/><D107/><U124/><E124/><V21/><F21/><W75/><G125/><T25/><D126/><U93/><E93/><V44/><F44/><W34/><G34/><RYUUKYOKU ba="1,2" sc="245,-15,114,15,249,15,372,-15" hai1="12,15,52,54,55,60,67,70,79,87,89,94,96" hai2="14,19,23,39,42,46,61,69,88,92,99,121,123" /><INIT seed="6,2,2,2,4,109" ten="230,129,264,357" oya="2" hai0="45,129,23,11,74,84,101,94,3,28,34,9,19" hai1="99,66,55,49,82,24,127,51,52,31,65,1,106" hai2="16,20,58,0,88,114,53,81,90,134,62,108,119" hai3="135,14,117,54,43,56,67,107,91,68,13,57,95"/><V25/><F119/><W76/><G117/><T63/><D74/><U18/><E127/><V96/><F108/><W29/><G107/><T6/><D129/><U104/><E1/><V59/><F134/><W128/><G128/><T32/><D45/><U92/><E18/><V115/><F0/><W40/><G76/><T50/><D50/><U111/><E111/><V36/><F36/><W73/><G68/><T118/><D118/><U30/><E92/><N who="2" m="56327" /><F59/><W97/><G29/><T37/><D37/><U44/><E24/><V41/><F41/><W93/><G73/><T123/><D63/><U85/><E85/><AGARI ba="2,2" hai="16,20,25,53,58,62,81,85,90,114,115" m="56327" machi="85" ten="30,12000,1" yaku="25,1,52,2,54,2" doraHai="109" who="2" fromWho="1" sc="230,0,129,-126,264,146,357,0" /><INIT seed="6,3,0,2,4,70" ten="230,3,410,357" oya="2" hai0="53,123,21,104,55,62,82,131,50,24,43,57,8" hai1="106,107,132,91,40,130,18,119,32,84,41,26,72" hai2="30,45,117,126,44,11,52,135,59,88,73,2,48" hai3="105,3,58,115,33,78,25,37,96,95,61,4,14"/><V76/><F117/><W125/><G105/><T83/><D104/><U90/><E18/><V64/><F135/><W20/><G78/><T94/><D123/><U12/><E106/><V46/><F126/><W35/><G125/><T5/><D131/><U0/><E107/><V113/><F113/><W99/><G115/><T54/><D94/><U129/><E12/><V86/><F73/><W49/><G3/><T13/><D43/><U85/><E26/><V23/><F76/><W38/><G49/><T100/><D100/><U77/><E77/><V42/><F2/><W75/><G75/><T103/><D103/><U111/><E0/><V15/><F64/><W80/><G80/><T1/><D1/><U112/><E72/><V69/><F69/><W60/><G14/><T98/><D98/><U92/><E112/><V102/><F102/><W29/><G4/><T19/><D55/><U39/><E32/><N who="3" m="12362" /><G61/><T109/><D109/><U89/><E89/><V122/><F122/><W22/><G22/><T47/><AGARI ba="3,0" hai="5,8,13,19,21,24,47,50,53,54,57,62,82,83" machi="47" ten="20,2700,0" yaku="0,1,7,1,8,1" doraHai="70" who="0" fromWho="0" sc="230,36,3,-10,410,-16,357,-10" owari="266,-13.0,-7,-51.0,394,49.0,347,15.0" /></mjloggm>