<mjloggm ver="2.3"><GO type="225" lobby="0"/><UN n0="%E3%82%8F%E3%81%A3%E3%81%97%E3%82%87%E3%81%84%E5%90%9B%32%E5%8F%B7" n1="%E3%82%A2%E3%83%A4%E3%82%BB" n2="%E9%B3%B3%E6%9D%B1%E3%81%AE%E3%81%86%E3%81%95%E3%81%8E%E3%81%95%E3%82%93" n3="%E3%81%AF%E3%82%88%E3%81%8A%E3%81%98%E3%81%95%E3%82%93" dan="17,16,18,17" rate="2283.32,2178.59,2126.16,2107.90" sx="M,M,M,M"/><TAIKYOKU oya="0"/><INIT seed="0,0,0,5,3,87" ten="250,250,250,250" oya="0" hai0="78,99,80,79,121,75,21,37,127,7,62,46,54" hai1="59,18,118,114,12,27,125,49,43,4,123,8,26" hai2="13,132,77,29,111,64,116,0,70,52,40,14,97" hai3="83,50,28,33,124,17,57,85,117,67,9,65,63"/><T134/><D121/><U104/><E118/><V96/><F0/><W61/><G124/><T129/><D127/><U89/><E123/><V16/><F40/><W73/><G117/><T6/><D129/><U76/><E125/><V32/><F116/><W102/><G73/><T31/><D134/><U68/><E68/><V23/><F132/><W58/><G102/><T42/><D79/><U91/><E76/><V94/><F111/><W51/><G28/><T135/><D135/><U24/><E104/><V107/><F107/><W2/><G33/><T11/><D99/><U44/><E114/><V38/><F38/><W3/><G3/><T71/><D54/><U110/><E110/><V101/><F77/><W48/><G2/><T88/><D11/><U115/><E115/><V109/><F109/><W81/><REACH who="3" step="1"/><G85/><REACH who="3" ten="250,250,250,240" step="2"/><T25/><D75/><U20/><REACH who="1" step="1"/><E59/><REACH who="1" ten="250,240,250,240" step="2"/><V1/><F70/><W131/><G131/><T106/><D71/><U69/><E69/><V98/><F101/><W47/><G47/><T103/><D46/><U105/><E105/><V74/><F74/><W53/><G53/><T72/><D72/><U130/><E130/><V90/><F52/><W39/><G39/><T122/><D37/><U15/><AGARI ba="0,2" hai="4,8,12,15,18,20,24,26,27,43,44,49,89,91" machi="15" ten="30,16000,3" yaku="1,1,0,1,8,1,52,2,53,3" doraHai="87" doraHaiUra="22" who="1" fromWho="1" sc="250,-80,240,180,250,-40,240,-40" /><INIT seed="1,0,0,0,3,54" ten="170,420,210,200" oya="1" hai0="0,19,35,22,120,24,45,31,122,110,109,66,26" hai1="38,1,127,70,85,89,23,12,92,32,72,15,33" hai2="105,82,11,57,61,18,93,56,84,112,108,130,55" hai3="83,135,97,21,94,129,47,73,17,80,116,53,131"/><U42/><E1/><V69/><F108/><N who="0" m="41578" /><D66/><U6/><E72/><V75/><F130/><N who="3" m="49675" /><G73/><T3/><D45/><U124/><E70/><V125/><F125/><N who="1" m="48201" /><E12/><N who="2" m="7455" /><F105/><W123/><G123/><AGARI ba="0,0" hai="0,3,19,22,24,26,31,35,120,122,123" m="41578" machi="123" ten="30,7700,0" yaku="13,1,14,1,34,2" doraHai="54" who="0" fromWho="3" sc="170,77,420,0,210,0,200,-77" /><INIT seed="2,0,0,1,2,23" ten="247,420,210,123" oya="2" hai0="124,123,26,6,74,91,111,108,71,69,31,53,101" hai1="13,135,37,116,105,97,119,29,107,34,45,54,33" hai2="122,109,68,17,28,125,7,95,90,73,18,106,56" hai3="126,127,99,64,72,57,110,78,2,103,120,77,82"/><V52/><F122/><W22/><G2/><T104/><D123/><U21/><E135/><V27/><F106/><W86/><G120/><T60/><D74/><U100/><E105/><V92/><F68/><W47/><G47/><T128/><D6/><U46/><E46/><V10/><F73/><W9/><G9/><T79/><D79/><U133/><E133/><V35/><F125/><N who="3" m="47627" /><G57/><T20/><D128/><U58/><E33/><V8/><F95/><W88/><G64/><T62/><D124/><U121/><E121/><V70/><F70/><W63/><G63/><N who="0" m="24107" /><D53/><U4/><E34/><V51/><F109/><N who="0" m="42058" /><D91/><U134/><E134/><V41/><F41/><W98/><G110/><T66/><D66/><U84/><E116/><V96/><F10/><W43/><G43/><T30/><D30/><U89/><E119/><V87/><F87/><W5/><G5/><T14/><D14/><AGARI ba="0,0" hai="7,8,14,17,18,27,28,35,51,52,56,90,92,96" machi="14" ten="30,5800,0" yaku="7,1,52,1,54,1" doraHai="23" who="2" fromWho="0" sc="247,-58,420,0,210,58,123,0" /><INIT seed="2,1,0,2,0,85" ten="189,420,268,123" oya="2" hai0="82,53,41,71,78,86,34,18,46,8,87,19,3" hai1="89,26,22,129,68,36,57,16,135,95,17,83,127" hai2="128,9,134,77,27,98,47,54,12,90,6,13,1" hai3="60,80,125,70,130,106,111,50,133,11,20,10,103"/><V99/><F128/><W81/><G130/><T44/><D71/><U61/><E68/><V69/><F134/><W121/><G121/><T52/><D34/><U74/><E36/><V65/><F77/><W112/><G133/><T66/><D66/><U63/><E135/><V67/><F27/><W48/><G111/><T100/><D100/><U109/><E109/><V113/><F113/><W108/><G108/><T62/><D62/><U88/><E129/><V122/><F122/><W33/><G33/><T101/><D101/><U123/><E123/><V2/><F69/><W24/><G112/><T51/><D86/><N who="1" m="50271" /><E74/><V30/><F30/><W14/><G125/><T120/><D120/><U92/><E127/><V28/><F28/><W114/><G114/><T15/><D3/><U110/><E110/><V131/><F131/><W97/><G81/><T104/><D104/><U39/><E39/><V72/><F72/><W5/><G11/><T75/><D75/><U43/><E43/><V102/><F102/><W35/><G80/><T93/><D93/><N who="1" m="35915" /><E89/><V132/><F90/><W49/><G35/><T105/><D105/><U0/><E0/><V79/><F1/><W64/><G106/><T42/><D19/><N who="1" m="12639" /><E61/><V58/><F2/><W31/><G103/><T23/><D23/><U119/><E119/><V59/><F132/><W73/><G73/><T94/><D94/><U96/><E96/><V126/><F99/><W115/><G97/><T29/><D29/><U38/><E38/><AGARI ba="1,0" hai="8,15,18,38,41,42,44,46,51,52,53,78,82,87" machi="38" ten="30,2000,0" yaku="7,1,54,1" doraHai="85" who="0" fromWho="1" sc="189,23,420,-23,268,0,123,0" /><INIT seed="3,0,0,5,1,57" ten="212,397,268,123" oya="3" hai0="114,63,117,44,31,16,88,22,132,21,18,120,89" hai1="13,38,45,43,116,113,65,85,3,74,67,66,126" hai2="101,10,46,84,12,52,79,34,123,108,64,119,68" hai3="17,78,118,110,77,103,127,91,98,82,61,14,24"/><W6/><G118/><T62/><D120/><U56/><E3/><V55/><F119/><W15/><G127/><T37/><D117/><U5/><E74/><V4/><F123/><W42/><G110/><T128/><D128/><U81/><E116/><V93/><F34/><W124/><G124/><T59/><D132/><U125/><E113/><V40/><F108/><W104/><G42/><T135/><D135/><U97/><E97/><V58/><F68/><W30/><G6/><T8/><D114/><U131/><E131/><V27/><F27/><W2/><G2/><T106/><D106/><U96/><E96/><V41/><F101/><W49/><G49/><T109/><D109/><U115/><E115/><V11/><F11/><W76/><G17/><T105/><D105/><U94/><E94/><V92/><F64/><W86/><REACH who="3" step="1"/><G61/><REACH who="3" ten="212,397,268,113" step="2"/><T122/><D122/><U7/><E125/><V95/><F41/><W72/><G72/><T107/><D63/><U39/><E126/><V29/><F40/><W35/><AGARI ba="0,1" hai="14,15,24,30,35,76,77,78,82,86,91,98,103,104" machi="35" ten="30,6000,0" yaku="1,1,0,1,53,1" doraHai="57" doraHaiUra="99" who="3" fromWho="3" sc="212,-20,397,-20,268,-20,113,70" /><INIT seed="3,1,0,0,3,4" ten="192,377,248,183" oya="3" hai0="93,96,60,101,63,92,73,119,13,95,120,47,129" hai1="102,50,72,113,80,116,124,68,108,89,14,125,76" hai2="10,69,49,109,11,56,52,43,84,115,31,23,121" hai3="51,53,134,40,24,131,45,106,64,7,2,37,110"/><W17/><G106/><T59/><D120/><U41/><E113/><V126/><F115/><W70/><G131/><T67/><D119/><U42/><E68/><V36/><F121/><W91/><G134/><T30/><D129/><U27/><E116/><V65/><F109/><W94/><G110/><T55/><D73/><U34/><E108/><V61/><F126/><N who="1" m="48745" /><E50/><V8/><F84/><W39/><G7/><T25/><D13/><U35/><E102/><V122/><F122/><W32/><G2/><T111/><D111/><U28/><E35/><V74/><F74/><W6/><G6/><T133/><D133/><U112/><E112/><V83/><F83/><W9/><G32/><T127/><D127/><U16/><E89/><V46/><F23/><AGARI ba="1,0" hai="14,16,23,27,28,34,41,42,72,76,80" m="48745" machi="23" ten="30,2000,0" yaku="18,1,54,1" doraHai="4" who="1" fromWho="2" sc="192,0,377,23,248,-23,183,0" owari="192,-21.0,400,50.0,225,3.0,183,-32.0" /></mjloggm>