<mjloggm ver="2.3"><GO type="169" lobby="0"/><UN n0="%E8%88%AC%E5%8D%93%E6%B0%91%E3%81%AE%E6%9C%9D%E3%81%AF%E6%97%A9%E3%81%84" n1="%E3%82%AD%E3%83%B3%E3%82%B0%E3%81%82%E3%81%A4%E3%81%97" n2="%E3%81%A6%E3%82%93%E3%81%BD%E3%81%84%E3%82%93%E3%81%A8" n3="%7A%6B%75%72%74" dan="17,17,16,17" rate="2230.94,2195.34,2208.34,2233.55" sx="M,M,F,M"/><TAIKYOKU oya="0"/><INIT seed="0,0,0,3,3,36" ten="250,250,250,250" oya="0" hai0="108,69,24,83,100,65,10,93,16,104,64,84,78" hai1="117,57,88,72,13,40,0,122,54,4,29,79,87" hai2="30,2,27,58,133,39,5,91,99,22,59,63,62" hai3="12,106,60,135,56,38,98,44,28,129,76,7,119"/><T1/><D1/><U19/><E122/><V131/><F131/><W77/><G119/><T111/><D104/><U45/><E117/><V48/><F39/><W121/><G129/><T109/><D69/><U11/><E29/><V80/><F133/><W70/><G70/><T127/><D127/><U97/><E97/><V43/><F5/><W25/><G135/><T115/><D115/><U92/><E72/><V132/><F2/><W14/><G121/><T128/><D128/><U33/><E79/><V66/><F132/><W134/><G134/><T50/><D50/><N who="1" m="26919" /><E33/><V102/><F80/><W3/><G3/><T42/><D42/><U112/><E0/><V82/><F82/><W94/><G106/><T105/><D105/><U120/><E112/><V90/><F48/><W125/><G125/><T89/><D100/><U68/><E68/><V130/><F43/><W8/><G44/><T18/><D10/><U35/><E35/><V32/><F32/><W126/><G38/><T31/><D31/><U9/><E120/><V114/><F114/><W17/><G25/><T67/><REACH who="0" step="1"/><D24/><REACH who="0" ten="240,250,250,250" step="2"/><U95/><E11/><V41/><F41/><W46/><G28/><T81/><D81/><N who="1" m="49263" /><E4/><V123/><F130/><W52/><G126/><T73/><AGARI ba="0,1" hai="16,18,64,65,67,73,78,83,84,89,93,108,109,111" machi="73" ten="40,18000,2" yaku="1,1,0,1,14,1,10,1,54,1,53,1" doraHai="36" doraHaiUra="75" who="0" fromWho="0" sc="240,190,250,-60,250,-60,250,-60" /><INIT seed="0,1,0,2,2,17" ten="430,190,190,190" oya="0" hai0="102,79,44,80,58,22,119,94,45,123,120,1,55" hai1="122,8,83,130,52,7,133,101,12,61,134,36,70" hai2="76,5,73,25,15,124,67,106,86,60,33,30,29" hai3="31,49,21,127,84,40,6,0,81,98,64,43,92"/><T51/><D1/><U24/><E122/><V3/><F124/><W113/><G113/><T75/><D119/><U109/><E36/><V54/><F73/><W125/><G64/><T114/><D114/><U112/><E112/><V13/><F54/><W65/><G65/><T50/><D102/><U77/><E109/><V39/><F39/><W117/><G117/><T121/><D94/><U110/><E110/><V14/><F76/><W42/><G6/><T108/><D108/><U19/><E101/><V126/><F86/><W85/><G0/><T129/><D129/><U131/><E70/><V89/><F89/><W66/><G66/><T69/><D69/><U103/><E103/><V28/><F126/><N who="3" m="48139" /><G49/><T11/><D11/><U78/><E24/><V99/><F5/><W90/><G81/><T32/><D32/><U96/><E7/><V16/><F3/><W91/><G91/><T82/><D82/><U20/><E8/><V59/><F99/><W97/><G97/><T95/><D95/><U4/><E4/><V2/><F106/><W63/><G63/><T35/><D35/><U72/><E96/><V53/><F2/><W107/><G107/><T93/><D93/><U56/><REACH who="1" step="1"/><E78/><REACH who="1" ten="430,180,190,190" step="2"/><V62/><REACH who="2" step="1"/><F16/><REACH who="2" ten="430,180,180,190" step="2"/><W57/><G98/><T88/><D79/><U68/><E68/><AGARI ba="1,2" hai="13,14,15,25,28,29,30,33,53,59,60,62,67,68" machi="68" ten="40,2600,0" yaku="1,1,2,1,53,0" doraHai="17" doraHaiUra="47" who="2" fromWho="1" sc="430,0,180,-29,180,49,190,0" /><INIT seed="1,0,0,0,1,134" ten="430,151,229,190" oya="1" hai0="20,88,112,24,93,113,116,76,103,90,47,111,35" hai1="104,9,125,80,22,77,29,133,82,45,43,5,89" hai2="34,99,64,129,72,74,127,39,83,17,110,26,108" hai3="62,4,7,18,120,119,91,46,61,96,79,131,70"/><U55/><E133/><V16/><F39/><W66/><G120/><T115/><D116/><U75/><E104/><V23/><F129/><W87/><G131/><T63/><D35/><U86/><E55/><V67/><F99/><W1/><G119/><T107/><D111/><N who="2" m="42538" /><F34/><W2/><G79/><T135/><D135/><U109/><E109/><V48/><F48/><W106/><G62/><T44/><D76/><U123/><E123/><V31/><F83/><W84/><G84/><T21/><D107/><U58/><E58/><V92/><F92/><W71/><G71/><T78/><D78/><U81/><E81/><V19/><F127/><W114/><G114/><T132/><D132/><U102/><E102/><V124/><F124/><W12/><G46/><T69/><D103/><U50/><E125/><V10/><F10/><W33/><G33/><T59/><D69/><U8/><REACH who="1" step="1"/><E5/><REACH who="1" ten="430,141,229,190" step="2"/><V41/><F41/><W40/><G40/><T0/><D112/><U27/><AGARI ba="0,1" hai="8,9,22,27,29,43,45,50,75,77,80,82,86,89" machi="27" ten="30,11700,0" yaku="1,1,2,1,0,1,53,1" doraHai="134" doraHaiUra="38" who="1" fromWho="1" sc="430,-39,141,127,229,-39,190,-39" /><INIT seed="1,1,0,0,3,127" ten="391,268,190,151" oya="1" hai0="22,84,2,46,56,71,105,7,49,96,98,63,129" hai1="62,130,19,89,87,101,108,122,18,123,42,61,43" hai2="58,99,27,114,14,48,13,25,3,106,74,51,92" hai3="44,117,30,133,134,83,59,125,115,31,40,81,10"/><U5/><E5/><V20/><F106/><W15/><G115/><T68/><D2/><U4/><E4/><V17/><F74/><W88/><G125/><T23/><D7/><U33/><E101/><V107/><F107/><W47/><G117/><T45/><D105/><U128/><E33/><V76/><F114/><W126/><G126/><T94/><D71/><U16/><E108/><V120/><F120/><N who="1" m="46121" /><E89/><V109/><F3/><W77/><G59/><T52/><D68/><U103/><E87/><V9/><F76/><W93/><G44/><T26/><D84/><U118/><E103/><V8/><F58/><W28/><G15/><T32/><D32/><U86/><E86/><V53/><F109/><W55/><G55/><T54/><D23/><U91/><E91/><N who="2" m="55711" /><F53/><W82/><G10/><N who="2" m="4201" /><F14/><W119/><G119/><T135/><D45/><U104/><E104/><V73/><F73/><W41/><G77/><T57/><D46/><U6/><E6/><V113/><F113/><W36/><REACH who="3" step="1"/><G41/><REACH who="3" ten="391,268,190,141" step="2"/><N who="1" m="15370" /><E118/><V78/><F78/><W132/><G132/><T79/><D135/><U85/><E85/><AGARI ba="1,1" hai="28,30,31,36,40,47,81,82,83,85,88,93,133,134" machi="85" ten="40,2600,0" yaku="1,1,54,1,53,0" doraHai="127" doraHaiUra="121" who="3" fromWho="1" sc="391,0,268,-29,190,0,141,39" /><INIT seed="2,0,0,3,5,112" ten="391,239,190,180" oya="2" hai0="79,51,107,95,40,83,64,76,103,15,50,35,70" hai1="122,54,27,26,125,68,113,7,135,86,25,29,41" hai2="28,93,92,42,55,99,43,4,48,56,31,123,124" hai3="126,120,84,17,1,88,130,110,98,131,71,67,13"/><V91/><F123/><W0/><G120/><T133/><D107/><U58/><E122/><V11/><F124/><W34/><G126/><T45/><D35/><U118/><E125/><V59/><F59/><W65/><G34/><T74/><D133/><U87/><E68/><V44/><F92/><W66/><G71/><T94/><D103/><U39/><E113/><V114/><F114/><W101/><G98/><T75/><D15/><U18/><E7/><V106/><F106/><W134/><G101/><T5/><D5/><U121/><E135/><V62/><REACH who="2" step="1"/><F43/><REACH who="2" ten="391,239,180,180" step="2"/><W116/><G134/><T30/><D94/><U90/><E58/><V105/><F105/><W119/><G119/><T23/><D95/><U37/><E41/><V38/><F38/><W82/><G116/><T104/><D104/><U3/><E39/><V102/><F102/><W21/><REACH who="3" step="1"/><G110/><REACH who="3" ten="391,239,180,170" step="2"/><T117/><D117/><U80/><E118/><V89/><F89/><W47/><G47/><T73/><D45/><U19/><E90/><V111/><F111/><W61/><G61/><T132/><D40/><U63/><E121/><V22/><F22/><W100/><G100/><T46/><D46/><U69/><E63/><V109/><F109/><W81/><G81/><T24/><D132/><U127/><E80/><V32/><F32/><W14/><G14/><AGARI ba="0,2" hai="4,11,14,28,31,42,44,48,55,56,62,91,93,99" machi="14" ten="30,11600,0" yaku="1,1,7,1,8,1,53,1" doraHai="112" doraHaiUra="8" who="2" fromWho="3" sc="391,0,239,0,180,136,170,-116" /><INIT seed="2,1,0,5,4,126" ten="391,239,316,54" oya="2" hai0="100,18,0,51,49,135,121,119,7,57,42,30,102" hai1="14,60,88,69,28,133,8,76,15,110,55,77,93" hai2="116,74,3,1,106,23,63,21,39,130,81,64,47" hai3="111,114,58,41,36,50,72,91,43,40,13,107,85"/><V128/><F116/><W16/><G72/><T20/><D121/><U53/><E110/><V26/><F106/><W87/><G107/><T78/><D30/><U125/><E133/><V80/><F39/><W82/><G111/><T24/><D135/><U45/><E125/><V19/><F47/><W32/><G32/><T115/><D115/><U70/><E28/><V54/><F54/><W67/><G114/><T65/><D119/><U103/><E103/><V33/><F23/><W117/><G117/><T29/><D78/><U9/><E93/><V124/><F33/><W90/><G36/><T44/><D7/><U94/><E94/><V22/><F22/><W62/><G50/><T92/><D0/><N who="2" m="74" /><F74/><W96/><G96/><T112/><D112/><U108/><E45/><V35/><F35/><W122/><G122/><T17/><D100/><U101/><E101/><V61/><F61/><W11/><REACH who="3" step="1"/><G43/><REACH who="3" ten="391,239,316,44" step="2"/><T10/><D51/><U71/><E108/><V56/><F124/><W12/><G12/><T4/><D42/><U6/><E15/><V73/><F73/><W86/><G86/><T25/><D49/><U118/><E14/><V113/><F113/><W27/><G27/><T131/><D25/><U104/><E104/><V127/><F127/><W89/><G89/><T68/><D24/><U99/><E99/><V75/><F75/><W66/><G66/><T5/><D65/><U95/><E118/><V2/><N who="2" m="82" /><V38/><DORA hai="59" /><F38/><W48/><G48/><T132/><D102/><U83/><E88/><V46/><F46/><W31/><G31/><T84/><D29/><RYUUKYOKU ba="1,1" sc="391,-15,239,-15,316,15,44,15" hai2="19,21,26,56,63,64,80,81,128,130" hai3="11,13,16,40,41,58,62,67,82,85,87,90,91" /><INIT seed="2,2,1,1,0,92" ten="376,224,331,59" oya="2" hai0="59,28,74,30,108,72,2,105,85,68,58,9,11" hai1="116,36,107,73,120,133,103,22,64,33,100,121,26" hai2="14,70,78,76,31,53,3,83,88,111,90,113,29" hai3="80,10,132,34,50,81,19,42,106,109,1,71,45"/><V63/><F113/><W126/><G34/><T128/><D105/><U55/><E116/><V47/><F3/><W37/><G71/><T21/><D68/><U49/><E73/><V16/><F70/><W127/><G109/><T118/><D85/><U48/><E36/><V4/><F4/><W12/><G132/><T62/><D21/><U39/><E39/><V110/><F63/><W24/><G106/><T89/><D89/><N who="2" m="34410" /><F83/><W115/><G115/><T65/><D2/><U93/><E33/><V8/><F110/><W13/><G1/><T60/><D108/><U98/><E64/><V119/><F119/><W122/><G122/><N who="1" m="47210" /><E133/><V27/><F111/><W99/><G24/><T97/><D118/><U104/><E103/><V87/><F87/><W101/><G37/><T112/><D112/><U86/><E86/><V5/><F5/><W41/><G41/><T69/><D69/><U94/><E107/><V38/><F38/><W61/><G61/><T102/><D102/><U84/><E84/><V44/><F44/><W7/><G80/><T91/><D65/><U123/><E49/><N who="2" m="28863" /><F27/><W124/><G81/><T54/><D54/><U20/><E123/><V67/><F67/><W130/><G101/><T117/><D91/><U66/><E66/><V51/><F51/><W134/><G134/><T43/><D117/><U32/><E32/><V57/><F57/><W0/><G0/><T125/><D43/><U77/><E26/><V23/><F23/><N who="1" m="8745" /><E77/><AGARI ba="2,1" hai="8,14,16,29,31,76,77,78" m="28863,34410" machi="77" ten="30,5800,0" yaku="8,1,54,2" doraHai="92" who="2" fromWho="1" sc="376,0,224,-64,331,74,59,0" /><INIT seed="2,3,0,1,0,102" ten="376,160,405,59" oya="2" hai0="44,135,50,96,79,36,37,9,27,46,77,65,7" hai1="104,5,107,87,54,6,109,47,106,52,15,97,58" hai2="113,20,98,129,10,63,131,72,41,61,103,115,21" hai3="18,68,83,30,31,111,92,0,35,16,108,39,124"/><V64/><F72/><W126/><G39/><T134/><D65/><U94/><E109/><N who="3" m="42058" /><G68/><T3/><D27/><U29/><E29/><N who="3" m="10762" /><G83/><T119/><D119/><U82/><E47/><V84/><F41/><W59/><G59/><T73/><D96/><U40/><E40/><V4/><F98/><W127/><G92/><T78/><D73/><U53/><E15/><V76/><F84/><W91/><G91/><T132/><REACH who="0" step="1"/><D46/><REACH who="0" ten="366,160,405,59" step="2"/><U19/><E58/><V34/><F64/><W60/><G60/><T17/><D17/><N who="3" m="6761" /><G0/><T95/><D95/><U85/><E19/><V90/><F63/><W56/><G56/><T49/><D49/><U26/><E94/><V71/><F61/><W24/><G24/><T100/><D100/><U42/><E97/><V74/><F103/><W116/><G116/><T11/><D11/><U117/><E26/><V114/><F10/><W110/><G110/><T70/><D70/><U25/><E25/><V89/><F71/><W81/><G81/><T33/><D33/><AGARI ba="3,1" hai="33,35,124,126,127" m="6761,10762,42058" machi="33" ten="40,12000,2" yaku="28,2,18,1,14,1,34,2,54,1" doraHai="102" who="3" fromWho="0" sc="366,-129,160,0,405,0,59,139" /><INIT seed="3,0,0,3,3,73" ten="237,160,405,198" oya="3" hai0="11,12,82,98,127,2,50,4,45,49,60,86,44" hai1="40,65,97,83,75,17,107,92,88,104,35,128,62" hai2="76,81,29,14,118,122,84,111,74,79,113,3,30" hai3="20,134,68,66,135,57,63,90,110,5,94,64,129"/><W119/><G119/><T109/><D109/><U51/><E35/><V132/><F3/><W42/><G129/><T133/><D133/><N who="3" m="50697" /><G110/><T8/><D127/><U116/><E128/><V100/><F111/><W72/><G72/><T102/><D60/><U115/><E115/><V117/><F113/><W131/><G131/><T123/><D123/><U6/><E6/><V13/><F132/><W22/><G42/><T103/><D49/><U67/><E116/><V71/><F122/><W96/><G5/><T1/><D45/><U18/><E51/><V124/><F124/><W120/><G120/><T31/><D31/><U24/><E40/><V33/><F74/><W47/><G47/><T55/><D11/><U89/><E67/><N who="3" m="25642" /><G68/><T87/><D2/><U101/><E104/><V59/><F71/><W9/><G9/><T126/><D126/><U38/><E38/><V7/><F7/><W77/><G77/><T108/><D108/><U58/><E24/><V10/><F117/><W114/><G114/><T26/><D26/><U19/><REACH who="1" step="1"/><E107/><REACH who="1" ten="237,150,405,198" step="2"/><V53/><F118/><W95/><G95/><T69/><D4/><U112/><E112/><V52/><F33/><W93/><G94/><T105/><D105/><U99/><E99/><V70/><F70/><W41/><G41/><T125/><D98/><U23/><E23/><V61/><F53/><AGARI ba="0,1" hai="20,22,53,57,63,90,93,96" m="25642,50697" machi="53" ten="30,1500,0" yaku="20,1" doraHai="73" who="3" fromWho="2" sc="237,0,150,0,405,-15,198,25" /><INIT seed="3,1,0,5,2,29" ten="237,150,390,223" oya="3" hai0="101,135,87,34,21,126,42,3,28,55,97,25,9" hai1="54,121,115,76,56,85,44,116,132,128,7,118,20" hai2="17,81,13,49,105,103,106,77,88,1,62,8,127" hai3="24,117,18,32,125,124,63,134,39,109,100,48,27"/><W72/><G39/><T73/><D73/><U68/><E68/><V131/><F127/><W123/><G123/><T59/><D126/><N who="3" m="48745" /><G72/><T47/><D135/><U26/><E115/><V133/><F133/><W99/><G117/><N who="1" m="45162" /><E132/><V114/><F114/><W70/><G134/><T119/><D119/><U102/><E121/><V80/><F131/><W96/><G48/><T78/><D78/><U19/><E128/><V108/><F49/><W129/><G129/><T10/><D87/><U5/><E44/><V122/><F77/><W65/><G109/><T92/><D3/><U2/><E102/><V30/><F1/><W113/><G113/><T86/><D21/><U58/><E58/><V4/><F108/><W82/><G82/><T31/><D31/><U45/><E45/><V38/><F81/><W15/><G99/><T89/><D47/><U67/><E67/><V37/><F80/><W52/><G52/><T94/><REACH who="0" step="1"/><D42/><REACH who="0" ten="227,150,390,223" step="2"/><U33/><E2/><V91/><F122/><W66/><G96/><T79/><D79/><U84/><E76/><V104/><F30/><W50/><G24/><T98/><D98/><U120/><E120/><V75/><F75/><W22/><G27/><T112/><D112/><U110/><E110/><V36/><F13/><W64/><G15/><T35/><D35/><U107/><E33/><V53/><F8/><W90/><G32/><T46/><D46/><U23/><E23/><V130/><F130/><W16/><G22/><T40/><D40/><U95/><E85/><V60/><F38/><W11/><G11/><T51/><AGARI ba="1,1" hai="9,10,25,28,34,51,55,59,86,89,92,94,97,101" machi="51" ten="20,5200,0" yaku="1,1,0,1,7,1,52,1,53,0" doraHai="29" doraHaiUra="111" who="0" fromWho="0" sc="227,65,150,-14,390,-14,223,-27" /><INIT seed="4,0,0,3,1,41" ten="292,136,376,196" oya="0" hai0="109,85,111,33,62,101,44,22,25,11,119,91,12" hai1="131,134,102,56,86,16,78,29,51,60,124,127,38" hai2="23,18,69,105,106,107,48,4,108,61,54,37,122" hai3="123,117,34,43,94,14,63,0,97,66,80,115,110"/><T17/><D119/><U96/><E38/><V3/><F108/><W45/><G110/><N who="0" m="41995" /><D101/><U26/><E131/><V88/><F37/><W19/><G117/><T65/><D33/><U9/><E134/><V28/><F28/><W35/><G0/><T93/><D44/><U40/><E86/><V13/><F122/><W128/><G123/><T82/><D93/><U84/><E84/><V53/><F107/><W46/><G128/><T64/><D62/><U76/><E51/><V24/><F48/><W7/><G7/><AGARI ba="0,0" hai="7,11,12,17,22,25,64,65,82,85,91" m="41995" machi="7" ten="30,1500,0" yaku="10,1" doraHai="41" who="0" fromWho="3" sc="292,15,136,0,376,0,196,-15" /><INIT seed="4,1,0,5,0,121" ten="307,136,376,181" oya="0" hai0="3,120,104,69,111,61,126,103,49,86,96,83,90" hai1="74,32,19,8,97,63,39,7,100,21,81,43,130" hai2="119,47,127,106,35,56,124,105,25,95,118,84,24" hai3="42,78,64,50,79,41,65,82,30,93,29,52,108"/><T116/><D120/><U59/><E130/><V26/><F56/><W16/><G108/><T92/><D116/><N who="2" m="44586" /><F95/><W102/><G30/><T134/><D3/><U34/><E43/><V9/><F84/><W125/><G29/><T58/><D69/><U87/><E39/><V85/><F85/><W110/><G110/><T13/><D111/><U131/><E131/><V0/><F47/><W5/><G5/><T128/><D128/><U27/><E74/><V113/><F113/><W122/><G122/><T31/><D134/><U94/><E59/><V46/><F46/><W22/><G125/><N who="2" m="48201" /><F35/><W51/><G51/><T23/><D126/><U18/><E63/><V54/><F54/><W15/><G42/><T38/><D38/><U40/><E40/><V44/><F44/><N who="3" m="27719" /><G41/><T109/><D109/><U11/><E34/><V107/><F9/><W114/><G114/><T99/><D49/><U1/><E32/><V36/><F0/><W91/><G102/><T10/><D104/><U72/><E72/><V33/><F33/><W14/><G82/><T77/><D103/><U68/><E68/><V12/><F12/><W70/><G70/><T133/><D96/><U73/><E73/><V20/><F20/><W80/><G14/><T75/><D75/><U66/><E66/><N who="3" m="25706" /><G80/><T60/><D83/><U101/><E101/><V98/><F36/><W28/><G93/><T88/><D92/><U57/><E57/><V4/><F4/><W6/><G91/><T62/><D90/><N who="1" m="51567" /><E8/><V89/><F89/><W112/><G112/><T48/><D58/><U115/><E115/><V2/><F2/><RYUUKYOKU ba="1,0" sc="307,-15,136,15,376,15,181,-15" hai1="1,7,11,18,19,21,27,94,97,100" hai2="24,25,26,98,105,106,107" /><INIT seed="5,2,0,5,1,0" ten="292,151,391,166" oya="1" hai0="68,35,48,135,32,70,27,82,51,125,62,96,7" hai1="92,11,14,21,31,54,105,37,98,26,69,99,39" hai2="42,88,79,52,111,40,84,6,103,44,72,132,71" hai3="110,94,41,118,91,80,47,22,122,18,97,16,29"/><U60/><E105/><V36/><F111/><W74/><G110/><T61/><D82/><U104/><E104/><V45/><F71/><W24/><G122/><T106/><D106/><U12/><E99/><V93/><F132/><W5/><G118/><T108/><D108/><U17/><E12/><V77/><F72/><W83/><G5/><T115/><D96/><U89/><REACH who="1" step="1"/><E54/><REACH who="1" ten="292,141,391,166" step="2"/><V55/><F55/><W43/><G43/><T2/><D2/><U90/><E90/><V130/><F52/><W63/><G63/><T101/><D62/><U112/><E112/><V117/><F88/><W34/><G74/><T3/><D115/><U30/><E30/><V124/><F42/><W123/><G123/><T1/><D1/><U56/><E56/><V114/><F40/><W127/><G127/><T59/><D125/><U13/><E13/><V4/><F114/><W50/><G18/><T38/><D61/><U65/><AGARI ba="2,1" hai="11,14,17,21,26,31,37,39,60,65,69,89,92,98" machi="65" ten="30,6000,0" yaku="1,1,0,1,53,1" doraHai="0" doraHaiUra="64" who="1" fromWho="1" sc="292,-22,141,76,391,-22,166,-22" /><INIT seed="5,3,0,1,0,6" ten="270,217,369,144" oya="1" hai0="27,61,77,25,40,50,65,49,63,80,31,18,116" hai1="132,90,7,24,16,9,56,106,11,5,108,30,113" hai2="60,64,135,43,112,44,79,85,14,115,36,84,4" hai3="32,1,35,93,69,13,103,120,122,21,111,20,55"/><U54/><E106/><V127/><F135/><W114/><G69/><T72/><D116/><U19/><E113/><N who="2" m="43595" /><F79/><W33/><G114/><T102/><D102/><U100/><E132/><V38/><F36/><W101/><G1/><T118/><D118/><U97/><E108/><V62/><F62/><W76/><G76/><T109/><D109/><U123/><E90/><V96/><F96/><W105/><G111/><T104/><D104/><U48/><E123/><V134/><F127/><W66/><G66/><T26/><D31/><U86/><E86/><V128/><F128/><W71/><G71/><T95/><D95/><N who="1" m="58431" /><E30/><V39/><F39/><W94/><G105/><T130/><D130/><U74/><E74/><V22/><F134/><W34/><G34/><T81/><D72/><U131/><E131/><V8/><F22/><W133/><G133/><T28/><D28/><U45/><E45/><V70/><AGARI ba="3,0" hai="4,8,14,38,43,44,60,64,70,84,85" m="43595" machi="70" ten="30,4000,0" yaku="15,1,11,1,52,1" doraHai="6" who="2" fromWho="2" sc="270,-13,217,-23,369,49,144,-13" /><INIT seed="6,0,0,5,0,119" ten="257,194,418,131" oya="2" hai0="81,132,104,102,70,114,122,19,43,88,72,21,8" hai1="130,55,14,121,66,12,29,28,100,18,89,26,22" hai2="50,42,1,52,24,135,68,20,40,112,108,59,60" hai3="27,56,47,30,113,39,123,103,128,54,57,87,117"/><V5/><F112/><W83/><G117/><T74/><D70/><U46/><E130/><V84/><F135/><W97/><G128/><T10/><D122/><U116/><E116/><V90/><F108/><W118/><G118/><T38/><D104/><U67/><E100/><V127/><F127/><W91/><G113/><T85/><D102/><U31/><E121/><V23/><F1/><W6/><G6/><T15/><D114/><U94/><E55/><V110/><F5/><W62/><G123/><T36/><D132/><U35/><E46/><V48/><F23/><W109/><G109/><T32/><D32/><U7/><E35/><V80/><F110/><W51/><G39/><T124/><D124/><U2/><E2/><V75/><F75/><W45/><G27/><T106/><D106/><U96/><E7/><V115/><F115/><W129/><G30/><T77/><D72/><U17/><REACH who="1" step="1"/><E26/><REACH who="1" ten="257,184,418,131" step="2"/><V105/><F24/><W98/><G129/><T125/><D125/><U82/><E82/><V69/><F80/><W63/><G103/><T13/><D43/><U33/><E33/><V79/><F42/><W61/><G47/><T37/><REACH who="0" step="1"/><D13/><REACH who="0" ten="247,184,418,131" step="2"/><U0/><E0/><V64/><F40/><W16/><G16/><T65/><D65/><U95/><E95/><AGARI ba="0,2" hai="8,10,15,19,21,36,37,38,74,77,81,85,88,95" machi="95" ten="40,2600,0" yaku="1,1,54,1,53,0" doraHai="119" doraHaiUra="44" who="0" fromWho="1" sc="247,46,184,-26,418,0,131,0" /><INIT seed="7,0,0,0,5,64" ten="293,158,418,131" oya="3" hai0="33,133,109,7,48,103,46,11,93,49,40,105,2" hai1="104,31,90,114,75,87,14,20,17,94,56,69,82" hai2="89,55,120,72,62,115,8,13,88,10,27,44,54" hai3="124,67,79,29,16,76,57,9,35,43,116,37,25"/><W100/><G116/><T129/><D109/><U123/><E69/><V112/><F72/><W84/><G124/><T70/><D33/><U51/><E123/><V113/><F120/><W102/><G37/><T53/><D105/><U1/><E1/><V28/><F62/><W130/><G130/><T21/><D133/><U78/><E114/><V5/><F10/><W15/><G43/><T65/><D129/><U61/><E104/><V71/><F71/><W18/><G18/><T34/><D34/><U134/><E134/><V24/><F24/><W19/><G19/><T45/><D21/><U85/><E31/><V77/><F77/><W132/><G132/><T42/><D65/><U30/><E30/><V91/><F44/><W125/><G125/><T58/><D70/><U12/><E51/><V108/><F108/><W6/><G6/><T106/><D106/><U83/><E12/><V117/><F117/><W52/><G67/><T96/><D58/><U59/><E61/><V92/><F92/><W122/><G122/><T63/><D63/><U111/><E111/><V119/><F119/><W98/><G84/><T23/><D23/><AGARI ba="0,0" hai="5,8,13,23,27,28,54,55,88,89,91,112,113,115" machi="23" ten="50,3200,0" yaku="15,1,54,1" doraHai="64" who="2" fromWho="0" sc="293,-32,158,0,418,32,131,0" owari="261,6.0,158,-24.0,450,55.0,131,-37.0" /></mjloggm>