<mjloggm ver="2.3"><GO type="225" lobby="0"/><UN n0="%E3%82%8F%E3%81%A3%E3%81%97%E3%82%87%E3%81%84%E5%90%9B%32%E5%8F%B7" n1="%E5%B7%A5%E8%97%A4%E6%96%B0%E4%B8%80" n2="%E3%81%AF%E3%82%88%E3%81%8A%E3%81%98%E3%81%95%E3%82%93" n3="%6B%79%6F%6E%6B%6F%31%31" dan="17,16,17,17" rate="2276.43,2087.73,2113.32,2212.21" sx="M,M,M,M"/><TAIKYOKU oya="0"/><INIT seed="0,0,0,3,4,32" ten="250,250,250,250" oya="0" hai0="19,77,0,114,69,96,21,11,52,62,59,46,85" hai1="89,121,130,122,78,81,111,15,56,74,95,80,98" hai2="29,22,30,100,7,117,13,1,25,45,126,28,16" hai3="124,48,107,63,55,133,118,60,119,97,33,3,10"/><T86/><D114/><U125/><E56/><V109/><F100/><W51/><G33/><T104/><D69/><U135/><E15/><V123/><F45/><W5/><G124/><T99/><D46/><U132/><E125/><V120/><F126/><W66/><G133/><N who="1" m="51274" /><E111/><V17/><F109/><W38/><G38/><T91/><D104/><U58/><E58/><V18/><F117/><W24/><G60/><T115/><D115/><U112/><E112/><V93/><F93/><W31/><G51/><T83/><D0/><U76/><E130/><V65/><F65/><W88/><G48/><T23/><D11/><U90/><E90/><V101/><F101/><N who="3" m="62895" /><G88/><T57/><D57/><U34/><E34/><V72/><F72/><AGARI ba="0,0" hai="72,74,76,78,80,81,89,95,98,121,122" m="51274" machi="72" ten="30,3900,0" yaku="20,1,34,2" doraHai="32" who="1" fromWho="2" sc="250,0,250,39,250,-39,250,0" /><INIT seed="1,0,0,4,1,65" ten="250,289,211,250" oya="1" hai0="26,6,43,104,89,12,32,79,101,11,131,24,98" hai1="109,129,72,81,103,57,110,108,38,91,66,0,37" hai2="125,67,90,62,44,133,19,42,102,31,75,13,51" hai3="8,97,17,115,61,120,16,41,55,2,99,28,29"/><U85/><E129/><V106/><F125/><W39/><G120/><T114/><D114/><U93/><E0/><V50/><F133/><W34/><G115/><T92/><D131/><U52/><E66/><V128/><F128/><W63/><G39/><N who="1" m="14858" /><E103/><V113/><F113/><W77/><G41/><T83/><D43/><U132/><E132/><V87/><F75/><W53/><G77/><T30/><D26/><U33/><E33/><V86/><F31/><W1/><G8/><T135/><D135/><U95/><E72/><V116/><F116/><W112/><G112/><T68/><D79/><U121/><E121/><V15/><F51/><AGARI ba="0,0" hai="51,52,57,81,85,91,93,95,108,109,110" m="14858" machi="51" ten="40,7700,0" yaku="14,1,10,1,54,1" doraHai="65" who="1" fromWho="2" sc="250,0,289,77,211,-77,250,0" /><INIT seed="1,1,0,2,2,35" ten="250,366,134,250" oya="1" hai0="115,23,126,2,90,104,5,97,9,76,118,94,15" hai1="73,101,121,3,6,45,66,120,40,74,63,7,119" hai2="31,72,28,69,21,11,108,79,117,16,65,67,100" hai3="48,112,98,107,130,60,30,128,46,34,37,70,86"/><U113/><E113/><V99/><F117/><W62/><G112/><T132/><D115/><U125/><E125/><V8/><F108/><W50/><G30/><T84/><D118/><U81/><E101/><V55/><F79/><W123/><G34/><T129/><D126/><U127/><E127/><V122/><F72/><N who="1" m="27753" /><E6/><V56/><F122/><W131/><G123/><T75/><D132/><U95/><E95/><N who="2" m="58495" /><F69/><W27/><G27/><T102/><D129/><U82/><E82/><V106/><F106/><W44/><G86/><T49/><D49/><N who="3" m="19049" /><G98/><T114/><D114/><U116/><E81/><V96/><F96/><W26/><G26/><T58/><D58/><U103/><E103/><V135/><F135/><W33/><G33/><T39/><D39/><N who="1" m="21663" /><E121/><V19/><F31/><W12/><G107/><T61/><D61/><N who="3" m="23657" /><G70/><T64/><D75/><U0/><E120/><V53/><F28/><W18/><G37/><T68/><D68/><N who="1" m="42079" /><E0/><V29/><F29/><W51/><N who="3" m="19057" /><W36/><DORA hai="111" /><G36/><T134/><D134/><U91/><E91/><V93/><F93/><W77/><G77/><T80/><D76/><U52/><E119/><V24/><F56/><W133/><G133/><T42/><D104/><U92/><E116/><V47/><F47/><W89/><G89/><T4/><D90/><U25/><E92/><V105/><F105/><W110/><G110/><T88/><D88/><U32/><E32/><V78/><F78/><W1/><G1/><T13/><D94/><U85/><E3/><V38/><F38/><W71/><G71/><T109/><D109/><U57/><E85/><RYUUKYOKU ba="1,0" sc="250,-10,366,-10,134,-10,250,30" hai3="12,18,44,46,128,130,131" /><INIT seed="2,2,0,2,0,94" ten="240,356,124,280" oya="2" hai0="120,97,113,56,26,18,116,85,87,71,119,53,64" hai1="66,98,111,28,92,93,39,130,86,126,52,134,128" hai2="117,50,132,7,55,13,79,127,112,110,72,43,91" hai3="30,49,14,76,65,124,69,29,84,105,89,67,135"/><V23/><F117/><N who="0" m="45130" /><D113/><U45/><E111/><V121/><F112/><W16/><G105/><T20/><D120/><U11/><E126/><V33/><F121/><W1/><G1/><T133/><D133/><U41/><E134/><V77/><F33/><W75/><G135/><T8/><D64/><N who="3" m="24649" /><G75/><T123/><D71/><U32/><E66/><V34/><F34/><W44/><G76/><T104/><D123/><U99/><E11/><N who="2" m="4351" /><F72/><W42/><G124/><T0/><D8/><U118/><E118/><V78/><F127/><W101/><G101/><N who="0" m="62511" /><D0/><U103/><E86/><V100/><F132/><W37/><G37/><T31/><D18/><U19/><E19/><V82/><F110/><W57/><G57/><T109/><D109/><U96/><E28/><V35/><F35/><W6/><G6/><T9/><D9/><U68/><E32/><V24/><F100/><W115/><G69/><T114/><D114/><U90/><E68/><V38/><F38/><W21/><G115/><T48/><AGARI ba="2,0" hai="20,26,31,48,53,56,85,87" m="62511,45130" machi="48" ten="30,2000,0" yaku="12,1,52,1" doraHai="94" who="0" fromWho="0" sc="240,26,356,-7,124,-12,280,-7" /><INIT seed="3,0,0,4,2,106" ten="266,349,112,273" oya="3" hai0="98,134,47,63,101,93,80,67,48,133,55,52,43" hai1="119,121,44,20,33,132,31,1,116,88,75,39,84" hai2="78,130,19,115,117,100,87,72,23,53,11,79,69" hai3="68,37,66,73,38,109,118,90,40,35,13,70,96"/><W57/><G35/><T102/><D102/><U107/><E132/><N who="0" m="50793" /><D80/><U83/><E121/><V6/><F117/><N who="1" m="45129" /><E107/><V30/><F115/><W81/><G118/><T12/><D12/><U95/><E1/><V92/><F130/><W82/><G109/><T64/><D64/><U135/><E135/><V110/><F110/><W2/><G2/><T41/><D55/><U36/><E33/><V61/><F30/><W62/><G70/><AGARI ba="0,0" hai="41,43,47,48,52,63,67,70,93,98,101" m="50793" machi="70" ten="30,2000,0" yaku="20,1,54,1" doraHai="106" who="0" fromWho="3" sc="266,20,349,0,112,0,273,-20" owari="286,9.0,349,45.0,112,-39.0,253,-15.0" /></mjloggm>