<mjloggm ver="2.3"><GO type="169" lobby="0"/><UN n0="%E3%81%A1%E3%82%83%E3%82%8B%E5%AD%90" n1="%E3%83%97%E3%83%AC%E3%82%B9%E3%83%97" n2="%4C%69%53%41" n3="%E3%81%BE%E3%81%8F%E3%81%A9%E3%81%AA%E3%82%8B%E3%81%AA%E3%82%8B%E3%81%A9" dan="17,17,16,16" rate="2242.76,2181.84,2182.28,2134.38" sx="M,M,F,M"/><TAIKYOKU oya="0"/><INIT seed="0,0,0,4,5,83" ten="250,250,250,250" oya="0" hai0="90,104,23,114,41,120,16,2,32,95,48,101,99" hai1="21,107,112,3,0,72,31,39,10,52,125,88,105" hai2="102,100,64,115,135,127,34,70,96,93,122,129,86" hai3="109,91,82,126,12,27,9,7,85,108,11,18,44"/><T60/><D114/><U132/><E132/><V17/><F34/><W58/><G126/><T111/><D120/><U123/><E123/><V74/><F122/><W1/><G58/><T51/><D32/><U116/><E116/><V24/><F74/><W40/><REACH who="3" step="1"/><G27/><REACH who="3" ten="250,250,250,240" step="2"/><T98/><D111/><U67/><E125/><V68/><F24/><W113/><G113/><T84/><D2/><U134/><E112/><V76/><F127/><W36/><AGARI ba="0,1" hai="1,7,9,11,12,18,36,40,44,82,85,91,108,109" machi="36" ten="30,4000,0" yaku="1,1,0,1,52,1,53,0" doraHai="83" doraHaiUra="103" who="3" fromWho="3" sc="250,-20,250,-10,250,-10,240,50" /><INIT seed="1,0,0,5,2,127" ten="230,240,240,290" oya="1" hai0="123,39,73,93,97,61,92,110,88,22,84,71,35" hai1="9,2,10,54,12,41,107,115,68,31,24,43,66" hai2="20,34,131,3,38,25,63,55,50,13,53,134,70" hai3="28,16,83,59,135,37,79,17,46,125,102,96,57"/><U126/><E115/><V129/><F3/><W82/><G125/><T89/><D35/><U58/><E126/><V130/><F134/><W118/><G118/><T77/><D39/><U4/><E107/><V0/><F0/><W60/><G135/><T44/><D44/><U74/><E74/><V67/><F38/><W49/><G37/><T45/><D45/><U62/><E10/><V101/><F101/><W26/><G46/><T19/><D110/><U121/><E2/><V40/><F40/><W80/><G49/><T95/><D123/><U78/><E78/><V100/><F100/><W106/><G79/><T69/><D61/><U42/><E121/><V18/><F50/><W7/><G7/><T109/><D109/><U6/><E6/><V81/><F81/><W1/><G1/><T30/><D30/><AGARI ba="0,0" hai="13,18,20,25,30,34,53,55,63,67,70,129,130,131" machi="30" ten="40,8000,1" yaku="19,1,52,3" doraHai="127" who="2" fromWho="0" sc="230,-80,240,0,240,80,290,0" /><INIT seed="2,0,0,2,1,10" ten="150,240,320,290" oya="2" hai0="25,44,5,32,112,37,89,33,101,92,30,113,86" hai1="21,8,130,95,51,104,120,135,65,39,20,115,59" hai2="126,54,36,35,69,29,34,64,85,110,83,48,72" hai3="3,97,58,14,102,66,12,77,28,46,50,0,43"/><V116/><F116/><W26/><G77/><T2/><D33/><U90/><E115/><V63/><F126/><W53/><G66/><T71/><D71/><U123/><E104/><V23/><F72/><W118/><G118/><T47/><D2/><U73/><E39/><V88/><F36/><W15/><G26/><T62/><D5/><U4/><E130/><V9/><F110/><W74/><G74/><T111/><D111/><U127/><E135/><V24/><REACH who="2" step="1"/><F9/><REACH who="2" ten="150,240,310,290" step="2"/><W133/><G133/><T67/><D37/><U17/><E73/><V108/><F108/><W96/><G28/><T49/><D113/><U42/><E127/><V82/><F82/><W122/><G122/><T128/><D112/><U76/><E120/><V93/><F93/><W55/><G97/><T56/><D128/><U41/><E95/><V11/><F11/><W31/><G31/><T103/><REACH who="0" step="1"/><D47/><AGARI ba="0,1" hai="23,24,29,34,35,47,48,54,63,64,69,83,85,88" machi="47" ten="30,5800,0" yaku="1,1,7,1,54,1,53,0" doraHai="10" doraHaiUra="38" who="2" fromWho="0" sc="150,-58,240,0,310,68,290,0" /><INIT seed="2,1,0,1,2,81" ten="92,240,378,290" oya="2" hai0="69,22,29,133,131,4,89,119,95,106,70,80,27" hai1="105,39,50,45,68,42,109,122,36,25,11,0,78" hai2="51,9,61,135,93,16,134,52,28,83,71,77,79" hai3="6,7,87,40,59,123,13,72,103,104,75,38,112"/><V107/><F107/><W129/><G123/><T47/><D133/><N who="2" m="50698" /><F28/><W84/><G129/><T111/><D111/><U118/><E118/><V108/><F108/><W101/><G112/><T18/><D106/><U99/><E109/><V19/><F93/><W86/><G59/><T100/><D131/><U1/><E68/><V12/><F19/><W58/><G58/><T37/><D100/><N who="3" m="38473" /><G104/><T31/><D4/><N who="3" m="1577" /><G13/><T60/><D119/><U121/><E99/><V90/><F61/><W66/><G40/><T57/><D70/><U125/><E105/><V30/><F30/><W97/><G97/><T116/><D69/><U65/><E121/><V55/><F71/><W48/><G48/><T24/><D116/><U85/><E36/><V92/><F51/><W64/><G38/><T110/><D110/><U114/><E39/><V33/><F33/><W53/><G53/><N who="2" m="20553" /><F83/><W120/><G120/><T43/><D80/><U56/><E122/><V128/><F128/><W54/><G54/><T130/><D130/><U3/><E50/><V74/><F74/><AGARI ba="1,0" hai="64,66,72,74,75,84,86,87" m="1577,38473" machi="74" ten="40,8000,1" yaku="28,2,52,3" doraHai="81" who="3" fromWho="2" sc="92,0,240,0,378,-83,290,83" /><INIT seed="3,0,0,4,4,127" ten="92,240,295,373" oya="3" hai0="24,94,37,7,122,26,83,39,45,32,10,14,12" hai1="18,99,41,77,106,134,92,76,69,66,67,128,20" hai2="55,120,72,84,34,8,1,64,101,56,28,131,91" hai3="70,73,33,85,31,15,19,22,42,3,79,96,89"/><W129/><G70/><T98/><D122/><U17/><E134/><V25/><F72/><W60/><G42/><T132/><D132/><U4/><E106/><V71/><F101/><W58/><G3/><T100/><D32/><U35/><E35/><V74/><F74/><W29/><G33/><T13/><D83/><U43/><E4/><V23/><F120/><W54/><G73/><T110/><D110/><U44/><E69/><V109/><F109/><W107/><G79/><T81/><D81/><U103/><E92/><V119/><F64/><W116/><G116/><T5/><D45/><U125/><E20/><V27/><F71/><W133/><G133/><T86/><D86/><U118/><E99/><V82/><F119/><W40/><G40/><T50/><D50/><U135/><E135/><V93/><F8/><W61/><G61/><T51/><D51/><U117/><E103/><V97/><F1/><W47/><G47/><T16/><D7/><U2/><E44/><V49/><F82/><W80/><G129/><T90/><D100/><U130/><REACH who="1" step="1"/><E2/><REACH who="1" ten="92,230,295,373" step="2"/><V121/><F121/><W114/><G107/><T112/><D112/><U9/><E9/><V0/><F0/><W57/><G114/><T102/><D102/><U95/><E95/><V36/><F97/><W104/><G104/><T63/><D5/><U21/><E21/><V65/><F23/><W68/><G96/><T46/><D10/><U126/><AGARI ba="0,1" hai="17,18,41,43,66,67,76,77,117,118,125,126,128,130" machi="126" ten="25,12000,2" yaku="1,1,0,1,22,2,52,2,53,0" doraHai="127" doraHaiUra="78" who="1" fromWho="1" sc="92,-30,230,130,295,-30,373,-60" /><INIT seed="4,0,0,2,3,25" ten="62,360,265,313" oya="0" hai0="84,91,66,128,42,97,41,12,53,111,65,122,40" hai1="59,31,96,85,78,46,119,115,16,24,101,71,135" hai2="118,127,58,1,75,94,81,47,114,52,11,124,5" hai3="90,10,32,19,72,86,37,105,116,50,117,123,82"/><T130/><D122/><U67/><E119/><V43/><F118/><W70/><G37/><T68/><D97/><U89/><E135/><V98/><F114/><W7/><G70/><T3/><D3/><U110/><E110/><V15/><F15/><W22/><G32/><T76/><D76/><U62/><E115/><V55/><F81/><W88/><G105/><T54/><D111/><U109/><E109/><V0/><F75/><W103/><G103/><T21/><D68/><U95/><E78/><V92/><F0/><W28/><G123/><T36/><D36/><U29/><E46/><V129/><F129/><N who="0" m="49770" /><D21/><N who="1" m="13351" /><E71/><V93/><F98/><W120/><G120/><T131/><N who="0" m="49778" /><T45/><DORA hai="125" /><D12/><U48/><E48/><V77/><F77/><W113/><G113/><T4/><D4/><U112/><E112/><V2/><F2/><W23/><G7/><T51/><D54/><U69/><E69/><V44/><F55/><W56/><G117/><T134/><D134/><U61/><E96/><V104/><F104/><W18/><G116/><T35/><D35/><U80/><E101/><V63/><F43/><N who="0" m="11010" /><T100/><DORA hai="64" /><D100/><U34/><E34/><V20/><F20/><W60/><G23/><T14/><D14/><U121/><E121/><V133/><F133/><W102/><G22/><T99/><D99/><U17/><E31/><V74/><F74/><W79/><G72/><T9/><D9/><U132/><E29/><V73/><F73/><W38/><G28/><T33/><D33/><U27/><E132/><V49/><F1/><W39/><G102/><T108/><D108/><RYUUKYOKU ba="0,0" sc="62,30,360,-10,265,-10,313,-10" hai0="45,51,53,65,66,84,91" /><INIT seed="4,1,0,2,2,105" ten="92,350,255,303" oya="0" hai0="66,11,14,118,58,127,86,99,41,80,19,18,22" hai1="88,78,24,52,72,55,1,60,10,37,6,61,30" hai2="75,92,96,53,39,59,64,21,123,103,13,112,82" hai3="8,62,43,102,32,114,27,111,4,98,38,2,87"/><T35/><D118/><U131/><E37/><V79/><F39/><W122/><G114/><T34/><D127/><U46/><E131/><V120/><F112/><W54/><G111/><T84/><D41/><U133/><E133/><V95/><F64/><W47/><G122/><T40/><D40/><U100/><E100/><V119/><F119/><W29/><G87/><T135/><D135/><U106/><E106/><V12/><F95/><W90/><G90/><T116/><D116/><U74/><E88/><V134/><F134/><W83/><G83/><T132/><D132/><U7/><E78/><V17/><REACH who="2" step="1"/><F12/><REACH who="2" ten="92,350,245,303" step="2"/><W76/><G38/><T97/><D35/><U44/><E1/><V113/><F113/><W71/><G32/><T93/><D34/><U130/><E130/><V108/><F108/><W50/><G2/><T73/><D93/><U124/><E124/><V70/><F70/><W49/><G71/><T77/><D99/><U68/><E68/><V94/><F94/><W91/><G98/><T104/><D97/><U85/><E85/><V36/><F36/><W89/><G102/><T42/><D104/><U126/><E126/><V51/><AGARI ba="1,1" hai="13,17,21,51,53,59,75,79,82,92,96,103,120,123" machi="51" ten="20,5200,0" yaku="1,1,0,1,7,1,52,1,53,0" doraHai="105" doraHaiUra="26" who="2" fromWho="2" sc="92,-27,350,-14,245,65,303,-14" /><INIT seed="5,0,0,5,1,96" ten="65,336,310,289" oya="1" hai0="37,43,93,67,102,116,5,39,84,81,64,0,94" hai1="41,45,101,3,124,56,114,119,47,109,30,75,127" hai2="71,133,21,42,17,11,125,65,126,135,132,19,14" hai3="122,134,91,1,4,35,25,72,85,36,69,6,90"/><U29/><E119/><V121/><F42/><W58/><G122/><T24/><D116/><U86/><E75/><V12/><F65/><W89/><G69/><T57/><D67/><U123/><E123/><V7/><F71/><W31/><G72/><T79/><D43/><U103/><E3/><N who="2" m="511" /><F121/><W76/><G36/><T54/><D64/><U23/><E114/><V44/><F44/><N who="1" m="16969" /><E56/><V46/><F46/><W10/><G6/><T112/><D112/><U9/><E9/><AGARI ba="0,0" hai="9,12,14,17,19,21,125,126,132,133,135" m="511" machi="9" ten="30,3900,0" yaku="20,1,34,2" doraHai="96" who="2" fromWho="1" sc="65,0,336,-39,310,39,289,0" /><INIT seed="6,0,0,4,2,48" ten="65,297,349,289" oya="2" hai0="22,46,92,89,118,32,73,97,7,135,133,16,27" hai1="83,50,114,10,58,106,0,90,126,20,45,86,65" hai2="72,127,26,35,55,85,23,42,15,75,21,1,28" hai3="68,62,131,61,101,129,33,109,36,12,98,87,74"/><V44/><F1/><W130/><G74/><T104/><D73/><U113/><E106/><V103/><F127/><W60/><G109/><T38/><D118/><U124/><E20/><V59/><F103/><W132/><G36/><T53/><D104/><U111/><E111/><V40/><F72/><W9/><G33/><T69/><D69/><U125/><E58/><V81/><F75/><W13/><G132/><T100/><D32/><U24/><E24/><V107/><F107/><N who="3" m="63927" /><G87/><T34/><D34/><U77/><E65/><V91/><F44/><W102/><G102/><T57/><D7/><N who="1" m="1383" /><E77/><V41/><REACH who="2" step="1"/><F15/><REACH who="2" ten="65,297,339,289" step="2"/><N who="3" m="5707" /><G9/><T93/><D46/><U11/><E11/><V134/><F134/><W25/><G25/><T37/><D135/><U66/><E124/><V56/><F56/><W99/><G99/><T94/><D133/><U8/><E8/><V117/><F117/><W128/><G128/><T31/><D100/><U52/><E125/><V78/><F78/><W67/><AGARI ba="0,1" hai="60,61,62,67,68,129,130,131" m="5707,63927" machi="67" ten="40,1500,0" yaku="19,1" doraHai="48" who="3" fromWho="3" sc="65,-4,297,-4,339,-7,289,25" /><INIT seed="7,0,0,0,5,61" ten="61,293,332,314" oya="3" hai0="26,41,69,123,83,110,85,78,1,3,18,68,30" hai1="72,97,64,133,122,70,48,2,87,99,101,114,28" hai2="128,36,47,88,45,23,27,14,37,25,135,109,104" hai3="131,11,120,100,71,80,89,96,19,79,9,6,5"/><W60/><G120/><T76/><D123/><U94/><E122/><V0/><F109/><W105/><G131/><T102/><D110/><U132/><E72/><V49/><F0/><W35/><G35/><T56/><D78/><U81/><E2/><V52/><F104/><W42/><G42/><T7/><D18/><U44/><E114/><V65/><F135/><N who="1" m="51785" /><E28/><V134/><F134/><W20/><G89/><T8/><D3/><U31/><E31/><V10/><F128/><W111/><G111/><T93/><D41/><N who="1" m="24591" /><E99/><V118/><F118/><W43/><G43/><T53/><D102/><U107/><E107/><V121/><F121/><W62/><G6/><T12/><D1/><U125/><E125/><V57/><F37/><W58/><G5/><T73/><D73/><U95/><E95/><V86/><F36/><W119/><G119/><T63/><D93/><U82/><E87/><V24/><F23/><AGARI ba="0,0" hai="7,8,12,23,26,30,53,56,63,68,69,76,83,85" machi="23" ten="30,1000,0" yaku="7,1" doraHai="61" who="0" fromWho="2" sc="61,10,293,0,332,-10,314,0" owari="71,-43.0,293,-11.0,322,43.0,314,11.0" /></mjloggm>