<mjloggm ver="2.3"><GO type="169" lobby="0"/><UN n0="%E3%81%BE%E3%81%93%E3%81%A8%E3%81%95%E3%82%93" n1="%E3%82%84%E3%81%BE%E3%81%8C%E3%82%89%E3%83%BC" n2="%E9%81%8A%E8%B5%B0" n3="%E2%80%A0%E7%99%BD%E5%85%8E%E2%80%A0" dan="16,17,16,16" rate="2119.59,2171.63,2188.95,2145.23" sx="M,M,M,M"/><TAIKYOKU oya="0"/><INIT seed="0,0,0,5,5,33" ten="250,250,250,250" oya="0" hai0="97,62,91,105,115,87,79,131,12,5,63,2,104" hai1="120,69,129,14,59,65,66,20,10,124,128,112,102" hai2="8,78,85,60,55,111,114,0,52,73,126,121,132" hai3="61,23,1,34,38,74,82,67,77,45,11,51,31"/><T118/><D115/><U56/><E112/><V81/><F121/><W76/><G76/><T113/><D118/><U127/><E120/><V7/><F114/><W18/><G34/><T50/><D113/><U135/><E20/><V93/><F111/><W64/><G31/><T58/><D79/><U39/><E102/><V110/><F110/><W92/><G92/><T123/><D123/><U54/><E39/><V88/><F132/><W68/><G67/><T19/><D50/><U44/><E69/><V57/><REACH who="2" step="1"/><F126/><REACH who="2" ten="250,250,240,250" step="2"/><W101/><G38/><T43/><D131/><U13/><E135/><V42/><F42/><W100/><G100/><T21/><D43/><U25/><E124/><V75/><F75/><W96/><G101/><T47/><D47/><U116/><E127/><V119/><F119/><W24/><G96/><T3/><D97/><U125/><E125/><V41/><F41/><W53/><G74/><T28/><D105/><U4/><E116/><V35/><F35/><W130/><G130/><T15/><D104/><U46/><E128/><V103/><F103/><W98/><G98/><T94/><D28/><U27/><E129/><V26/><F26/><W37/><G37/><T108/><D108/><U32/><E32/><V84/><F84/><W70/><G24/><T9/><REACH who="0" step="1"/><D63/><REACH who="0" ten="240,250,240,250" step="2"/><N who="1" m="36247" /><E25/><V72/><F72/><W30/><G61/><T16/><D16/><U80/><E27/><V49/><F49/><W109/><G30/><T99/><D99/><U89/><E89/><V40/><F40/><N who="3" m="24999" /><G18/><T71/><D71/><U48/><E48/><V36/><F36/><W107/><G70/><RYUUKYOKU ba="0,2" sc="240,15,250,-15,240,15,250,-15" hai0="2,3,5,9,12,15,19,21,58,62,87,91,94" hai2="0,7,8,52,55,57,60,73,78,81,85,88,93" /><INIT seed="0,1,2,3,2,81" ten="255,235,255,235" oya="0" hai0="70,78,41,40,74,3,95,36,64,56,35,6,44" hai1="49,129,51,85,13,105,84,30,69,120,27,18,22" hai2="128,127,86,15,88,58,47,135,37,28,45,29,130" hai3="65,125,91,111,54,12,10,59,39,33,107,79,7"/><T124/><D124/><U112/><E120/><V119/><F127/><W42/><G125/><T96/><D41/><U14/><E105/><V93/><F119/><W114/><G114/><T2/><D35/><U61/><E112/><V55/><F135/><W123/><G111/><T72/><D70/><U121/><E121/><V71/><F71/><W92/><G123/><T11/><D3/><U46/><E129/><N who="2" m="49771" /><F15/><N who="1" m="5641" /><E69/><V25/><F37/><W98/><G33/><T118/><D118/><U80/><E61/><N who="2" m="36063" /><F29/><W57/><G79/><T23/><D23/><AGARI ba="1,2" hai="23,25,28,45,47,86,88,93" m="36063,49771" machi="23" ten="30,3900,0" yaku="19,1,52,1,54,1" doraHai="81" who="2" fromWho="0" sc="255,-42,235,0,255,62,235,0" /><INIT seed="1,0,0,5,0,130" ten="213,235,317,235" oya="1" hai0="73,102,21,54,116,3,90,51,127,101,31,84,132" hai1="107,71,30,125,26,25,105,89,134,33,80,112,48" hai2="81,18,108,49,91,0,55,126,14,94,44,110,42" hai3="66,43,29,83,113,77,39,75,74,15,41,122,58"/><U4/><E112/><V10/><F126/><W57/><G113/><T131/><D116/><U36/><E125/><V79/><F0/><W56/><G122/><T106/><D127/><U87/><E36/><V135/><F135/><W100/><G29/><T7/><D131/><U17/><E71/><V61/><F61/><W68/><G100/><T53/><D73/><U38/><E38/><V37/><F37/><W64/><G68/><T23/><D3/><U117/><E117/><V46/><F42/><W72/><G15/><T5/><D51/><U93/><E4/><V62/><F62/><W63/><G63/><T2/><D2/><U20/><E134/><V35/><F35/><W121/><G121/><T109/><D84/><U32/><E32/><V22/><F10/><W69/><G69/><T98/><D90/><U27/><E27/><V78/><F44/><W96/><G96/><T123/><D98/><U9/><E9/><V111/><F81/><W1/><G1/><T59/><D59/><U45/><REACH who="1" step="1"/><E80/><REACH who="1" ten="213,225,317,235" step="2"/><V67/><F67/><W8/><G8/><T104/><D123/><U11/><E11/><V82/><F82/><W95/><G39/><T99/><D132/><U24/><E24/><V34/><F34/><W13/><G13/><T88/><D5/><U60/><E60/><V119/><F119/><W103/><G83/><T85/><D7/><U52/><AGARI ba="0,1" hai="17,20,25,26,30,33,45,48,52,87,89,93,105,107" machi="52" ten="20,7800,0" yaku="1,1,0,1,7,1,54,1,53,0" doraHai="130" doraHaiUra="128" who="1" fromWho="1" sc="213,-26,225,88,317,-26,235,-26" /><INIT seed="1,1,0,1,3,25" ten="187,313,291,209" oya="1" hai0="29,28,132,75,6,134,89,110,8,59,130,33,43" hai1="94,45,1,129,57,16,18,71,10,21,47,118,7" hai2="81,92,11,105,113,133,74,77,114,83,97,9,112" hai3="86,85,106,107,120,93,12,115,2,65,102,0,20"/><U32/><E118/><V72/><F11/><W69/><G115/><T19/><D33/><U54/><E71/><V63/><F9/><W42/><G120/><T26/><D75/><U37/><E32/><V91/><F63/><W90/><G42/><T108/><D43/><U84/><E129/><V35/><F35/><W116/><G116/><T51/><D89/><U24/><E37/><V73/><F133/><N who="0" m="51306" /><D130/><U61/><E84/><N who="2" m="50591" /><F105/><W135/><G107/><T98/><D98/><U80/><E80/><V22/><F22/><W44/><G106/><T48/><D59/><U67/><E94/><V52/><F52/><W109/><G93/><T117/><D51/><U70/><REACH who="1" step="1"/><E18/><REACH who="1" ten="187,303,291,209" step="2"/><V14/><F14/><W88/><G135/><T62/><D117/><U15/><E15/><V76/><F81/><W68/><G12/><N who="0" m="5143" /><D62/><AGARI ba="1,1" hai="1,7,10,16,21,24,45,47,54,57,61,62,67,70" machi="62" ten="30,5800,0" yaku="1,1,7,1,54,1,53,0" doraHai="25" doraHaiUra="128" who="1" fromWho="0" sc="187,-61,303,71,291,0,209,0" /><INIT seed="1,2,0,0,1,126" ten="126,374,291,209" oya="1" hai0="35,91,130,81,56,95,112,34,73,15,101,54,74" hai1="50,132,30,48,67,129,113,80,55,4,134,33,19" hai2="121,76,102,85,83,135,58,59,114,103,25,72,111" hai3="117,18,47,53,29,119,57,133,26,3,23,40,92"/><U84/><E113/><V87/><F121/><W65/><G133/><N who="1" m="51306" /><E4/><V38/><F135/><W107/><G107/><T122/><D112/><U125/><E125/><V62/><F38/><W8/><G65/><T123/><D101/><U75/><E75/><N who="0" m="28681" /><D81/><U105/><E105/><V115/><F114/><W116/><G92/><T42/><D42/><U86/><E67/><V49/><F115/><W1/><G8/><T90/><D15/><U71/><E71/><V118/><F118/><W27/><G47/><T108/><D108/><U97/><E97/><V70/><F111/><W31/><G40/><T88/><D95/><U52/><E19/><V109/><F70/><W5/><G5/><T110/><D110/><U106/><E106/><V89/><F109/><W77/><G18/><T7/><D7/><U93/><E93/><V22/><F72/><W37/><G37/><T120/><D130/><U39/><E39/><V131/><F131/><W0/><G77/><T45/><D45/><N who="1" m="27663" /><E80/><N who="2" m="49319" /><F58/><W24/><REACH who="3" step="1"/><G23/><REACH who="3" ten="126,374,291,199" step="2"/><T63/><AGARI ba="2,1" hai="34,35,54,56,63,88,90,91,120,122,123" m="28681" machi="63" ten="40,2700,0" yaku="13,1,54,1" doraHai="126" who="0" fromWho="0" sc="126,43,374,-15,291,-9,199,-9" /><INIT seed="2,0,0,2,2,1" ten="169,359,282,190" oya="2" hai0="98,81,16,10,76,90,127,2,92,102,47,44,93" hai1="116,118,0,87,67,45,30,129,46,36,119,86,55" hai2="15,69,117,75,130,78,112,24,70,61,72,96,124" hai3="113,31,12,131,9,107,109,19,42,38,111,82,25"/><V59/><F117/><W66/><G107/><T39/><D127/><U48/><E0/><V58/><F112/><W106/><G106/><T3/><D3/><U91/><E129/><V11/><F124/><W84/><G131/><T4/><D39/><U114/><E114/><V94/><F130/><W41/><G66/><T27/><D92/><U29/><E67/><V135/><F135/><W65/><G65/><T122/><D122/><U123/><E123/><V21/><F58/><W74/><G74/><T26/><D102/><U20/><E20/><V50/><F50/><W14/><G14/><T22/><REACH who="0" step="1"/><D27/><REACH who="0" ten="159,359,282,190" step="2"/><U108/><E36/><V95/><F94/><W85/><G113/><T23/><D23/><U121/><E121/><V52/><F21/><N who="3" m="15791" /><G38/><T18/><D18/><U64/><E116/><V49/><F24/><W132/><G132/><T68/><D68/><U71/><E71/><V35/><F70/><W83/><G111/><T125/><D125/><U62/><E118/><V104/><F69/><W79/><G109/><T37/><D37/><U13/><E119/><V126/><F104/><W89/><AGARI ba="0,1" hai="9,12,19,41,42,79,82,83,84,85,89" m="15791" machi="89" ten="30,1100,0" yaku="8,1" doraHai="1" who="3" fromWho="3" sc="159,-3,359,-3,282,-5,190,21" /><INIT seed="3,0,0,5,1,60" ten="156,356,277,211" oya="3" hai0="43,61,94,35,111,96,92,18,115,109,120,107,16" hai1="131,102,39,71,80,62,126,5,108,88,40,84,97" hai2="1,12,85,77,117,46,123,27,119,6,34,89,63" hai3="51,13,106,28,67,124,49,73,69,127,29,75,118"/><W30/><G118/><T0/><D120/><U74/><E108/><N who="0" m="41545" /><D35/><U135/><E126/><N who="3" m="48170" /><G106/><T19/><D0/><U47/><E131/><V2/><F123/><W3/><G3/><T53/><D43/><U121/><E135/><V54/><F77/><W113/><G113/><T48/><D115/><U57/><E71/><V58/><F1/><W56/><G13/><T76/><D76/><U79/><E5/><V20/><F2/><W78/><G69/><T91/><D61/><U64/><E121/><V86/><F34/><W15/><G15/><T65/><D92/><U24/><E24/><V93/><F12/><W103/><G103/><T37/><D37/><U42/><E42/><V36/><F6/><W104/><G104/><T116/><D107/><U114/><E114/><V132/><F132/><W122/><G122/><T110/><N who="0" m="41553" /><T105/><DORA hai="22" /><D105/><U4/><E4/><V98/><F117/><W21/><G78/><T25/><D116/><U38/><E38/><V95/><F119/><W55/><G21/><N who="0" m="13495" /><D65/><U7/><E7/><V59/><F36/><W9/><G9/><T125/><D125/><U33/><E33/><V112/><F112/><W81/><G81/><T133/><D133/><U100/><E74/><N who="3" m="28170" /><G51/><T41/><D41/><U14/><E14/><V82/><F82/><W66/><AGARI ba="0,0" hai="28,29,30,49,55,56,66,67" m="28170,48170" machi="66" ten="40,7800,0" yaku="18,1,52,2" doraHai="60,22" who="3" fromWho="3" sc="156,-26,356,-26,277,-26,211,78" /><INIT seed="3,1,0,1,4,90" ten="130,330,251,289" oya="3" hai0="129,1,108,64,22,89,84,8,51,56,111,93,79" hai1="21,127,102,65,128,70,78,103,109,120,0,76,100" hai2="7,110,97,135,72,61,29,32,133,121,15,71,98" hai3="124,73,75,24,125,118,59,63,10,31,44,52,105"/><W11/><G118/><T42/><D129/><U131/><E120/><V114/><F114/><W77/><G105/><T92/><D79/><U112/><E112/><V53/><F110/><N who="0" m="42026" /><D22/><U17/><E109/><V74/><F121/><W126/><G44/><N who="0" m="26007" /><D64/><U37/><E37/><V13/><F29/><W122/><G122/><T14/><D1/><U80/><E0/><V134/><F32/><N who="3" m="20583" /><G77/><T57/><D84/><U36/><E36/><V34/><F34/><W86/><G86/><T12/><D89/><U91/><E91/><V104/><F104/><W58/><G59/><N who="0" m="22603" /><D14/><U83/><E78/><V96/><F13/><W87/><G87/><T81/><D81/><U19/><E76/><V115/><F115/><W130/><G130/><N who="1" m="49706" /><E21/><V18/><F53/><W6/><G11/><T68/><D68/><U94/><E65/><N who="2" m="41391" /><F7/><AGARI ba="1,0" hai="7,8,12,92,93" m="22603,26007,42026" machi="7" ten="30,3900,0" yaku="14,1,52,2" doraHai="90" who="0" fromWho="2" sc="130,42,330,0,251,-42,289,0" /><INIT seed="4,0,0,0,3,47" ten="172,330,209,289" oya="0" hai0="51,127,1,105,89,64,0,124,110,52,44,70,61" hai1="77,14,88,19,48,131,53,86,130,9,11,12,118" hai2="38,24,85,133,76,96,13,72,16,101,111,91,4" hai3="3,107,62,75,109,35,116,25,60,97,82,27,117"/><T93/><D105/><U5/><E118/><V41/><F111/><W135/><G109/><T2/><REACH who="0" step="1"/><D110/><REACH who="0" ten="162,330,209,289" step="2"/><U73/><E73/><V63/><F133/><W113/><G135/><T15/><D15/><U104/><E104/><V67/><F24/><W79/><G27/><T103/><D103/><U119/><E119/><V28/><F101/><W8/><G25/><T66/><D66/><U26/><E26/><V17/><F28/><W134/><G107/><T36/><D36/><U128/><E130/><V18/><F38/><W102/><G134/><T115/><D115/><U46/><REACH who="1" step="1"/><E77/><REACH who="1" ten="162,320,209,289" step="2"/><V126/><F76/><W57/><G79/><T95/><D95/><AGARI ba="0,2" hai="5,9,11,12,14,19,46,48,53,86,88,95,128,131" machi="95" ten="40,8000,1" yaku="1,1,2,1,52,1,54,1,53,0" doraHai="47" doraHaiUra="122" who="1" fromWho="0" sc="162,-80,320,100,209,0,289,0" /><INIT seed="5,0,0,0,3,0" ten="82,420,209,289" oya="1" hai0="96,105,47,48,131,53,38,107,123,79,126,52,125" hai1="54,124,75,134,108,26,74,39,17,65,93,86,37" hai2="81,97,118,67,21,13,4,9,59,99,3,104,113" hai3="58,121,16,129,112,94,130,12,51,64,7,19,83"/><U6/><E134/><V61/><F118/><W43/><G121/><T116/><D116/><U30/><E124/><N who="0" m="47721" /><D123/><U89/><E108/><V102/><F113/><W28/><G112/><T8/><D131/><N who="3" m="50185" /><G28/><T49/><D38/><U109/><E109/><V115/><F115/><W45/><G94/><T90/><D79/><U88/><E17/><V20/><F3/><W95/><G95/><N who="0" m="56439" /><D8/><U44/><E65/><V11/><F11/><N who="3" m="4223" /><G83/><T91/><D91/><U80/><E39/><V69/><F99/><W24/><G24/><T76/><D76/><U63/><E37/><V77/><REACH who="2" step="1"/><F69/><REACH who="2" ten="82,420,199,289" step="2"/><W60/><AGARI ba="0,1" hai="16,19,43,45,51,58,60,64" m="4223,50185" machi="60" ten="30,4000,0" yaku="19,1,52,1,54,1" doraHai="0" who="3" fromWho="3" sc="82,-10,420,-20,199,-10,289,50" /><INIT seed="6,0,0,0,4,48" ten="72,400,189,339" oya="2" hai0="34,67,92,88,1,61,33,129,43,4,135,119,87" hai1="130,66,50,127,101,29,60,102,24,63,53,111,99" hai2="14,0,37,36,65,57,81,70,122,28,3,18,52" hai3="100,51,71,98,11,19,103,55,104,2,125,15,31"/><V120/><F70/><W106/><G125/><T9/><D129/><U68/><E111/><V21/><F65/><W41/><G71/><T22/><D135/><U47/><E127/><V62/><F28/><W74/><G74/><T114/><D114/><U83/><E83/><V8/><F81/><W84/><G84/><T95/><D119/><U49/><E63/><V90/><F90/><W6/><G41/><T126/><D126/><U134/><E134/><V115/><F115/><W26/><G104/><T82/><D43/><U69/><E130/><V107/><F107/><W78/><G78/><T77/><D22/><U113/><E113/><V132/><F132/><W40/><G40/><T85/><REACH who="0" step="1"/><D95/><REACH who="0" ten="62,400,189,339" step="2"/><N who="1" m="58623" /><E69/><AGARI ba="0,1" hai="1,4,9,33,34,61,67,69,77,82,85,87,88,92" machi="69" ten="30,3900,0" yaku="1,1,7,1,54,1,53,0" doraHai="48" doraHaiUra="13" who="0" fromWho="1" sc="62,49,400,-39,189,0,339,0" /><INIT seed="7,0,0,3,4,14" ten="111,361,189,339" oya="3" hai0="122,85,96,65,110,135,83,126,88,30,1,131,80" hai1="61,124,112,68,104,123,10,75,70,36,73,43,121" hai2="51,11,78,72,3,99,2,106,102,84,35,50,71" hai3="40,25,74,60,92,6,129,77,98,130,101,91,113"/><W89/><G6/><T114/><D1/><U107/><E112/><V18/><F35/><W55/><G40/><T49/><D110/><U133/><E133/><V100/><F71/><N who="1" m="27177" /><E10/><V63/><F63/><W87/><G113/><T31/><D114/><U57/><E57/><V16/><F72/><N who="1" m="27721" /><E61/><V128/><F128/><N who="3" m="49259" /><G25/><T125/><D131/><U120/><E124/><V115/><F115/><W29/><G29/><T79/><D122/><U41/><E41/><V116/><F116/><W48/><G60/><T109/><D109/><U132/><E132/><V111/><F111/><W20/><G20/><T28/><D135/><U27/><E27/><V9/><F99/><W23/><G23/><T62/><D49/><U42/><E42/><V38/><F84/><W21/><G21/><T8/><D8/><U4/><E4/><V95/><F95/><W119/><G119/><T54/><D54/><U7/><E7/><V94/><F94/><W69/><G69/><T105/><D80/><U97/><E97/><V39/><REACH who="2" step="1"/><F78/><REACH who="2" ten="111,361,179,339" step="2"/><W134/><G134/><T93/><REACH who="0" step="1"/><D105/><AGARI ba="0,1" hai="2,3,9,11,16,18,38,39,50,51,100,102,105,106" machi="105" ten="25,16000,3" yaku="1,1,2,1,22,2,52,2,54,1,53,2" doraHai="14" doraHaiUra="12" who="2" fromWho="0" sc="111,-160,361,0,179,170,339,0" owari="-49,-55.0,361,46.0,349,15.0,339,-6.0" /></mjloggm>