<mjloggm ver="2.3"><GO type="185" lobby="0"/><UN n0="%E3%81%BE%E3%82%8D%E3%81%AB%E3%81%84" n1="%63%61%6C%63%2E" n2="%E3%81%BA%E3%82%93%E3%81%8E%E3%82%93%E3%81%95%E3%82%93" n3="" dan="16,19,16,0" rate="2065.76,2400.07,2112.52,1500.00" sx="M,M,F,C"/><TAIKYOKU oya="0"/><INIT seed="0,0,0,4,2,66" ten="350,350,350,0" oya="0" hai0="65,46,3,130,108,118,64,52,67,134,125,1,135" hai1="77,131,82,123,104,87,111,80,49,114,70,73,44" hai2="48,71,103,57,33,121,98,63,62,120,100,93,39" hai3=""/><T72/><D72/><U126/><N who="1" m="31520" /><U85/><E111/><V91/><N who="2" m="30752" /><V109/><N who="2" m="31008" /><V60/><F33/><T54/><D3/><U41/><E131/><V124/><F109/><T69/><D108/><U74/><E126/><V37/><F124/><T117/><D125/><U107/><E114/><V76/><F76/><T88/><D1/><U90/><E70/><V40/><F71/><T95/><D69/><U113/><E113/><V58/><F40/><T0/><D0/><U35/><E35/><V32/><F32/><T84/><D130/><U110/><E110/><V43/><F43/><T34/><D34/><U78/><REACH who="1" step="1"/><E87/><REACH who="1" ten="350,340,350,0" step="2"/><V119/><F119/><T36/><D118/><U83/><AGARI ba="0,1" hai="41,44,49,73,74,77,78,80,82,83,85,90,104,107" m="31520" machi="83" ten="20,9000,2" yaku="1,1,2,1,0,1,7,1,9,1,52,1,53,0" doraHai="66" doraHaiUra="115" who="1" fromWho="1" sc="350,-60,340,100,350,-30,0,0" /><INIT seed="1,0,0,5,3,77" ten="290,440,320,0" oya="1" hai0="102,62,73,105,45,64,131,86,82,46,109,2,130" hai1="118,93,55,63,41,127,92,37,123,115,84,89,70" hai2="48,33,58,96,98,135,120,75,125,44,32,51,38" hai3=""/><U124/><N who="1" m="31520" /><U39/><E115/><V3/><N who="2" m="30752" /><V87/><F3/><T101/><D2/><U117/><E93/><V65/><F75/><T110/><D73/><U128/><E128/><N who="0" m="49193" /><D105/><U99/><E99/><V36/><F98/><T106/><D106/><U88/><E89/><V60/><F96/><T53/><D46/><U35/><E35/><V47/><F87/><T121/><N who="0" m="31008" /><T52/><D45/><N who="2" m="17482" /><F33/><T119/><D119/><U1/><E41/><V107/><F107/><T91/><D101/><U116/><E1/><V122/><N who="2" m="31264" /><V61/><F32/><T69/><D102/><U56/><REACH who="1" step="1"/><E70/><REACH who="1" ten="290,430,320,0" step="2"/><V112/><F112/><T74/><D74/><U114/><E114/><V113/><F113/><T85/><D85/><U72/><E72/><V80/><F80/><T100/><D100/><U79/><E79/><V0/><F0/><T132/><D132/><U43/><E43/><V126/><F135/><T95/><D95/><U97/><E97/><V42/><F42/><T108/><AGARI ba="0,1" hai="52,53,62,64,69,82,86,91,108,109,110" m="31008,49193" machi="108" ten="40,6000,1" yaku="14,1,19,1,52,2,54,1" doraHai="77" who="0" fromWho="0" sc="290,70,430,-40,320,-20,0,0" /><INIT seed="2,0,0,2,0,103" ten="360,390,300,0" oya="2" hai0="39,132,106,42,127,87,78,119,33,86,84,37,3" hai1="135,128,118,96,104,0,79,91,107,40,122,112,126" hai2="131,45,93,72,69,124,99,105,63,90,52,113,44" hai3=""/><V129/><F113/><T100/><D33/><U68/><RYUUKYOKU type="yao9" ba="0,0" sc="360,0,390,0,300,0,0,0" hai1="0,40,68,79,91,96,104,107,112,118,122,126,128,135" /><INIT seed="2,1,0,2,1,80" ten="360,390,300,0" oya="2" hai0="132,100,34,103,38,49,43,87,121,117,77,76,115" hai1="50,65,81,35,37,98,68,114,72,96,59,122,78" hai2="58,54,69,41,133,60,105,135,128,0,71,109,66" hai3=""/><V53/><F0/><T48/><N who="0" m="31008" /><T118/><D34/><U3/><N who="1" m="31264" /><U73/><E114/><V127/><F105/><T85/><D115/><U102/><E37/><V110/><F128/><T129/><D38/><U116/><E35/><V134/><F127/><T91/><D43/><U64/><E98/><V92/><F92/><T39/><D39/><U108/><E3/><V2/><F41/><T42/><D42/><U120/><N who="1" m="30752" /><U112/><E112/><V70/><REACH who="2" step="1"/><F2/><REACH who="2" ten="360,390,290,0" step="2"/><T124/><D129/><U94/><E94/><V101/><F101/><T1/><D1/><U40/><E102/><V113/><F113/><T33/><D124/><U51/><E40/><V82/><F82/><T131/><D33/><U32/><E81/><V90/><F90/><T67/><D131/><U57/><E32/><V119/><F119/><T36/><D91/><U47/><E116/><V84/><F84/><T95/><D118/><U55/><E96/><V106/><F106/><T45/><D117/><U44/><E78/><V125/><F125/><T52/><D77/><U62/><E73/><V88/><F88/><T86/><D76/><U83/><E72/><V74/><F74/><T111/><D100/><U104/><E83/><V89/><F89/><RYUUKYOKU ba="1,1" sc="360,-10,390,-10,290,20,0,0" hai2="53,54,58,60,66,69,70,71,109,110,133,134,135" /><INIT seed="2,2,1,5,4,88" ten="350,380,310,0" oya="2" hai0="56,90,95,116,72,83,119,101,105,43,67,0,113" hai1="99,81,94,42,114,96,71,35,120,109,131,40,110" hai2="121,84,60,97,54,93,128,55,64,134,3,36,53" hai3=""/><V132/><N who="2" m="31008" /><V32/><F3/><T129/><D0/><U76/><N who="1" m="30752" /><U111/><E114/><V92/><F32/><T33/><D33/><U78/><E35/><V46/><F128/><T91/><D129/><U86/><E131/><V34/><F34/><T112/><D43/><N who="1" m="16427" /><E71/><V102/><F46/><T47/><D47/><U127/><E127/><V49/><F49/><T98/><D56/><U65/><E65/><V75/><F75/><T87/><D67/><U100/><E96/><V77/><F36/><T130/><D130/><U107/><E78/><V74/><F74/><T115/><D72/><U2/><E2/><V1/><F1/><T59/><D59/><U38/><E38/><V44/><F77/><T106/><D106/><AGARI ba="2,1" hai="76,81,86,94,99,100,106,107,109,110,111" m="16427,30752" machi="106" ten="40,5200,0" yaku="14,1,52,2" doraHai="88" who="1" fromWho="0" sc="350,-56,380,66,310,0,0,0" /><INIT seed="4,0,0,4,3,48" ten="294,446,310,0" oya="0" hai0="50,54,61,75,80,35,71,47,32,135,81,103,123" hai1="134,57,1,51,74,56,76,100,127,120,60,68,69" hai2="121,3,109,133,101,117,63,104,96,91,94,39,87" hai3=""/><T85/><N who="0" m="31520" /><T46/><D135/><U130/><N who="1" m="30752" /><U72/><E1/><V105/><N who="2" m="31008" /><V82/><F3/><T55/><D103/><U0/><E0/><V106/><F39/><T2/><D2/><U115/><E76/><V118/><F63/><T99/><D99/><U37/><E60/><V128/><F133/><T58/><D75/><U36/><E51/><V65/><F65/><T43/><D81/><U66/><E134/><V97/><F128/><T124/><D124/><U131/><E66/><V49/><F49/><T122/><N who="0" m="31264" /><T38/><D71/><U102/><E127/><V114/><F114/><AGARI ba="0,0" hai="36,37,56,57,68,69,72,74,100,102,114,115,130,131" m="30752" machi="114" ten="25,3200,0" yaku="22,2,52,1" doraHai="48" who="1" fromWho="2" sc="294,0,446,32,310,-32,0,0" /><INIT seed="5,0,0,3,3,95" ten="294,478,278,0" oya="1" hai0="38,32,135,41,112,65,103,62,94,67,63,130,114" hai1="84,121,54,122,97,100,133,37,53,59,116,110,75" hai2="46,99,1,36,119,44,2,48,132,128,35,60,101" hai3=""/><U83/><N who="1" m="31008" /><U40/><N who="1" m="31264" /><U104/><E116/><V47/><F119/><T64/><D32/><U82/><E133/><V56/><F35/><T69/><D69/><U123/><N who="1" m="31520" /><U78/><E110/><V77/><F36/><T127/><D135/><U134/><E134/><V79/><F132/><T68/><D130/><U49/><E54/><V58/><F128/><T131/><D131/><U80/><REACH who="1" step="1"/><E75/><REACH who="1" ten="294,468,278,0" step="2"/><V3/><F48/><T93/><D68/><U42/><E42/><V118/><F118/><T43/><D43/><U57/><E57/><V115/><F115/><T92/><D41/><U117/><E117/><V74/><F74/><T34/><D34/><U39/><E39/><V89/><F58/><T85/><D38/><U33/><E33/><V98/><F56/><T50/><D50/><U102/><E102/><V55/><F55/><T105/><D103/><U126/><E126/><V129/><F129/><T51/><D127/><U120/><N who="1" m="30752" /><U86/><E86/><V108/><F108/><T107/><D85/><U96/><E96/><V76/><F99/><T0/><D51/><U91/><E91/><V52/><F89/><T90/><D90/><U125/><E125/><V113/><F52/><T73/><D73/><RYUUKYOKU ba="0,1" sc="294,-10,468,20,278,-10,0,0" hai1="37,40,49,53,59,78,80,82,83,84,97,100,104" /><INIT seed="5,1,1,1,0,134" ten="284,488,268,0" oya="1" hai0="43,59,81,67,85,0,91,123,60,125,35,131,105" hai1="124,57,98,110,37,56,82,70,102,55,71,128,108" hai2="90,100,79,54,52,73,38,97,103,118,78,48,122" hai3=""/><U34/><E34/><V84/><N who="2" m="31264" /><V42/><F38/><T63/><N who="0" m="31520" /><T116/><D35/><U121/><N who="1" m="31008" /><U77/><E37/><V135/><F135/><T86/><D0/><U101/><E128/><V72/><F118/><T104/><D43/><U106/><E101/><V62/><F42/><T39/><D39/><U130/><E130/><V66/><F100/><T133/><D131/><U129/><E129/><V94/><F72/><T45/><D45/><U112/><E112/><V83/><F73/><T107/><D133/><U61/><E57/><V1/><F1/><T93/><D116/><U119/><E119/><V126/><F126/><T2/><D2/><U111/><REACH who="1" step="1"/><E124/><REACH who="1" ten="284,478,268,0" step="2"/><V127/><F127/><T87/><D125/><U46/><E46/><V64/><F78/><T65/><REACH who="0" step="1"/><D81/><REACH who="0" ten="274,478,268,0" step="2"/><U69/><E69/><AGARI ba="1,3" hai="59,60,63,65,67,69,85,86,87,91,93,104,105,107" m="31520" machi="69" ten="40,5200,0" yaku="1,1,2,1,52,1,53,0" doraHai="134" doraHaiUra="76" who="0" fromWho="1" sc="274,84,478,-54,268,0,0,0" /><INIT seed="6,0,0,3,3,66" ten="358,424,268,0" oya="2" hai0="75,134,46,57,76,98,116,114,80,38,130,135,52" hai1="35,78,109,126,118,106,81,83,122,77,101,60,82" hai2="84,37,133,41,111,93,113,110,91,59,34,48,129" hai3=""/><V120/><N who="2" m="30752" /><V108/><F34/><T117/><D98/><U54/><N who="1" m="31264" /><U0/><E0/><V64/><F113/><T103/><D103/><U43/><E109/><V42/><F129/><T89/><D130/><U68/><E35/><V94/><F133/><T85/><D114/><U115/><E115/><V102/><F37/><T131/><D131/><U132/><E132/><N who="0" m="50729" /><D46/><U56/><E118/><V47/><F42/><T95/><D38/><U88/><E43/><V86/><F102/><T61/><AGARI ba="0,0" hai="52,57,61,75,76,80,85,89,95,116,117" m="50729" machi="61" ten="30,1500,0" yaku="20,1,54,1" doraHai="66" who="0" fromWho="0" sc="358,15,424,-5,268,-10,0,0" owari="373,-3.0,419,37.0,258,-34.0,0,0.0" /></mjloggm>