<mjloggm ver="2.3"><GO type="185" lobby="0"/><UN n0="%E6%B5%B7%E8%83%86%E3%83%88%E3%83%AD%E7%83%8F%E8%B3%8A" n1="%E5%A4%A9%E3%83%B6%E7%80%AC%E5%A5%88%E6%9C%88" n2="%E2%99%AA%E5%A4%A2%E5%85%88%E6%A1%88%E5%86%85%E4%BA%BA" n3="" dan="18,17,17,0" rate="2373.18,2227.56,2265.56,1500.00" sx="M,M,F,C"/><TAIKYOKU oya="0"/><INIT seed="0,0,0,2,1,98" ten="350,350,350,0" oya="0" hai0="68,51,121,135,62,69,101,85,55,61,116,110,109" hai1="75,118,134,132,54,82,122,34,117,99,106,115,78" hai2="67,114,133,111,104,108,72,100,40,91,112,37,60" hai3=""/><T43/><N who="0" m="31008" /><T131/><D116/><N who="1" m="44651" /><E34/><V48/><F133/><N who="1" m="51305" /><E54/><V76/><F37/><T70/><D135/><U45/><N who="1" m="31264" /><U90/><E45/><V86/><F72/><T33/><D33/><U77/><E115/><V95/><F76/><T66/><D131/><U107/><E78/><V0/><F0/><T46/><D62/><U1/><E1/><V124/><F124/><T105/><D43/><U63/><E63/><V84/><F114/><T59/><REACH who="0" step="1"/><D85/><REACH who="0" ten="340,350,350,0" step="2"/><U79/><E79/><V58/><F84/><T119/><D119/><U81/><E81/><V83/><F112/><T36/><D36/><U113/><E113/><V50/><F40/><T47/><D47/><U32/><E32/><V88/><F60/><T38/><D38/><U2/><E2/><V89/><F86/><T123/><N who="0" m="31520" /><T94/><D94/><AGARI ba="0,1" hai="75,77,82,90,94,99,106,107" m="31264,51305,44651" machi="94" ten="30,7700,0" yaku="20,1,34,2,52,1" doraHai="98" who="1" fromWho="0" sc="340,-77,350,87,350,0,0,0" /><INIT seed="1,0,0,2,1,79" ten="263,437,350,0" oya="1" hai0="132,124,67,58,93,73,101,105,72,99,76,131,33" hai1="62,107,54,68,74,37,90,123,126,75,83,120,2" hai2="34,3,113,97,129,50,53,92,78,36,66,47,130" hai3=""/><U51/><N who="1" m="30752" /><U41/><N who="1" m="31520" /><U96/><E2/><V134/><F3/><T56/><D33/><U91/><E126/><V87/><F34/><T98/><D124/><U35/><E35/><V117/><F117/><T32/><D32/><U127/><E127/><V106/><F134/><T48/><D132/><U125/><E125/><V122/><N who="2" m="31264" /><V55/><F113/><T119/><D119/><U49/><E37/><V57/><F66/><T100/><D131/><U38/><E38/><V61/><F106/><T111/><D111/><U115/><E115/><V65/><F36/><T110/><D110/><U121/><N who="1" m="31008" /><U82/><E41/><V114/><F114/><T135/><D135/><U60/><E54/><V69/><F87/><T70/><D48/><U43/><E43/><V89/><REACH who="2" step="1"/><F78/><REACH who="2" ten="263,437,340,0" step="2"/><T45/><D76/><U128/><E107/><V112/><F112/><T84/><D84/><U86/><E86/><V108/><F108/><T71/><D105/><U0/><E0/><V63/><AGARI ba="0,1" hai="47,50,53,55,57,61,63,65,69,89,92,97,129,130" m="31264" machi="63" ten="30,5900,0" yaku="1,1,0,1,52,1,53,1" doraHai="79" doraHaiUra="116" who="2" fromWho="2" sc="263,-20,437,-39,340,69,0,0" /><INIT seed="2,0,0,0,3,78" ten="243,398,409,0" oya="2" hai0="33,91,54,38,65,77,97,118,34,92,46,75,120" hai1="74,130,53,101,122,93,72,43,104,123,113,48,39" hai2="41,124,37,59,70,117,3,125,60,94,2,128,49" hai3=""/><V100/><F117/><T121/><N who="0" m="30752" /><T79/><N who="0" m="31008" /><T108/><D118/><U52/><N who="1" m="31264" /><U51/><N who="1" m="31520" /><U106/><E113/><V66/><F128/><T89/><D108/><U109/><E109/><V86/><F100/><T69/><D89/><U50/><E130/><V88/><F37/><T1/><D1/><U73/><E93/><V67/><F67/><T83/><D77/><U68/><E68/><V133/><F133/><T107/><D107/><U96/><REACH who="1" step="1"/><E106/><REACH who="1" ten="243,388,409,0" step="2"/><V55/><REACH who="2" step="1"/><F41/><REACH who="2" ten="243,388,399,0" step="2"/><T40/><REACH who="0" step="1"/><D54/><REACH who="0" ten="233,388,399,0" step="2"/><U85/><E85/><V35/><F35/><T47/><D47/><AGARI ba="0,3" hai="39,43,47,48,50,51,52,53,72,73,74,96,101,104" m="31520,31264" machi="47" ten="50,8000,1" yaku="1,1,52,2,54,1,53,0" doraHai="78" doraHaiUra="127" who="1" fromWho="0" sc="233,-80,388,110,399,0,0,0" /><INIT seed="4,0,0,5,2,95" ten="153,498,399,0" oya="0" hai0="135,90,0,46,42,53,63,99,32,55,84,58,101" hai1="74,94,87,85,1,64,51,98,125,92,78,110,103" hai2="39,120,109,108,36,73,57,122,106,96,130,71,34" hai3=""/><T65/><D135/><U114/><E1/><V93/><N who="2" m="30752" /><V69/><N who="2" m="31264" /><V86/><F73/><T126/><D126/><U118/><E118/><V113/><F34/><T45/><D0/><U76/><E110/><V89/><F113/><T60/><D32/><U128/><E114/><V48/><F130/><T66/><D84/><N who="1" m="32331" /><E64/><V68/><F108/><T82/><D90/><U80/><E51/><V75/><F75/><T50/><D82/><U100/><E128/><V54/><REACH who="2" step="1"/><F109/><REACH who="2" ten="153,498,389,0" step="2"/><T61/><D46/><U88/><E125/><V134/><F134/><T104/><REACH who="0" step="1"/><D55/><REACH who="0" ten="143,498,389,0" step="2"/><U124/><E124/><V49/><F49/><AGARI ba="0,2" hai="42,45,49,50,53,58,60,61,63,65,66,99,101,104" machi="49" ten="40,7700,0" yaku="1,1,2,1,52,1,53,0" doraHai="95" doraHaiUra="127" who="0" fromWho="2" sc="143,97,498,0,389,-77,0,0" /><INIT seed="4,1,0,2,2,68" ten="240,498,312,0" oya="0" hai0="96,46,105,126,89,63,107,98,123,132,108,103,62" hai1="83,58,124,84,97,51,42,1,115,112,110,113,111" hai2="54,122,106,59,67,65,128,53,3,118,100,77,73" hai3=""/><T88/><N who="0" m="31520" /><T114/><D114/><U87/><E1/><V78/><N who="2" m="31264" /><V74/><F3/><T69/><D132/><U130/><E130/><V57/><F128/><T102/><D126/><U52/><E124/><V116/><REACH who="2" step="1"/><F100/><REACH who="2" ten="240,498,302,0" step="2"/><T131/><D131/><U49/><E112/><V41/><F41/><T134/><D134/><U66/><E113/><V48/><F48/><T133/><D133/><U80/><E42/><V44/><F44/><T56/><D46/><U104/><E115/><V91/><F91/><T127/><D127/><U125/><E49/><V34/><F34/><T121/><N who="0" m="31008" /><T81/><D108/><U85/><E125/><V90/><F90/><T70/><D81/><U32/><E83/><V119/><F119/><T47/><D47/><U86/><E80/><V117/><F117/><T43/><D43/><U129/><E129/><V95/><F95/><T135/><D135/><U61/><E32/><V71/><F71/><T79/><D79/><U39/><E110/><V33/><F33/><T82/><D82/><U64/><E111/><V37/><F37/><T99/><D99/><U40/><E39/><V93/><F93/><T94/><D94/><U35/><E35/><V76/><F76/><T92/><D92/><RYUUKYOKU ba="1,1" sc="240,10,498,-20,302,10,0,0" hai0="56,62,63,69,70,88,89,96,98,102,103,105,107" hai2="53,54,57,59,65,67,73,74,77,78,106,116,118" /><INIT seed="4,2,1,1,2,56" ten="250,478,312,0" oya="0" hai0="133,118,57,3,83,38,120,63,95,71,39,127,51" hai1="102,125,1,134,35,61,109,86,107,100,101,81,55" hai2="69,130,111,65,58,121,76,70,110,128,91,49,40" hai3=""/><T94/><N who="0" m="30752" /><T41/><D118/><U122/><N who="1" m="31264" /><U105/><E109/><V46/><N who="2" m="31008" /><V129/><F76/><T106/><D3/><U93/><E1/><V47/><F91/><T44/><D106/><U98/><E35/><V68/><F46/><T54/><D133/><U42/><E134/><V80/><F80/><T72/><D127/><U89/><E125/><V34/><F34/><T66/><D38/><U135/><E135/><V78/><F78/><AGARI ba="2,1" hai="39,41,44,51,54,57,63,66,71,72,78,83,94,95" m="30752" machi="78" ten="40,12000,1" yaku="24,2,52,2" doraHai="56" who="0" fromWho="2" sc="250,134,478,0,312,-124,0,0" /><INIT seed="4,3,0,1,1,129" ten="384,478,188,0" oya="0" hai0="48,79,105,116,94,99,120,130,126,114,36,58,119" hai1="124,67,61,55,43,54,118,127,122,92,3,60,111" hai2="0,81,112,51,121,91,56,59,85,86,134,83,98" hai3=""/><T77/><N who="0" m="30752" /><T89/><D36/><U107/><N who="1" m="31264" /><U57/><E107/><V41/><N who="2" m="31008" /><V88/><F0/><T104/><D130/><U66/><E3/><V108/><F108/><T102/><D114/><U109/><E92/><V106/><F112/><T115/><D115/><U34/><E34/><V65/><F65/><T50/><D58/><U90/><E90/><V70/><F70/><T71/><D71/><U45/><E118/><N who="0" m="45097" /><D48/><U52/><E111/><V75/><F75/><T132/><D50/><U97/><E97/><V62/><F62/><T39/><D39/><U113/><E109/><V35/><F35/><T63/><D63/><U53/><E113/><V101/><REACH who="2" step="1"/><F134/><REACH who="2" ten="384,478,178,0" step="2"/><T78/><D132/><U64/><REACH who="1" step="1"/><E61/><REACH who="1" ten="384,468,178,0" step="2"/><V76/><F76/><T47/><D77/><U87/><E87/><V84/><F84/><T82/><D79/><U131/><E131/><V32/><F32/><T44/><D78/><U93/><E93/><V37/><F37/><AGARI ba="3,2" hai="37,43,45,52,53,54,55,57,60,64,66,67,124,127" m="31264" machi="37" ten="40,12000,2" yaku="1,1,34,3,52,1,54,1,53,1" doraHai="129" doraHaiUra="40" who="1" fromWho="2" sc="384,0,468,146,178,-126,0,0" /><INIT seed="5,0,0,2,1,103" ten="384,614,52,0" oya="1" hai0="121,68,3,42,0,86,36,97,107,110,71,90,95" hai1="44,112,65,116,114,85,75,49,108,35,106,63,79" hai2="80,124,98,94,91,59,81,122,130,57,87,135,84" hai3=""/><U99/><E35/><V62/><N who="2" m="31264" /><V60/><F124/><T45/><N who="0" m="31008" /><T69/><REACH who="0" step="1"/><D110/><REACH who="0" ten="374,614,52,0" step="2"/><U51/><E108/><V93/><F130/><T58/><D58/><U37/><E114/><V131/><F131/><T129/><D129/><U128/><E112/><V113/><F113/><T117/><D117/><U61/><E116/><V2/><F2/><T89/><D89/><U127/><E128/><V100/><F135/><T105/><D105/><U32/><E106/><V39/><F39/><T88/><D88/><U77/><E37/><V64/><REACH who="2" step="1"/><F87/><REACH who="2" ten="374,614,42,0" step="2"/><T101/><AGARI ba="0,2" hai="0,3,36,42,45,68,69,71,86,90,95,97,101,107" m="31008" machi="101" ten="40,6000,1" yaku="1,1,0,1,52,2,53,1" doraHai="103" doraHaiUra="43" who="0" fromWho="0" sc="374,80,614,-40,42,-20,0,0" /><INIT seed="6,0,0,2,5,120" ten="454,574,22,0" oya="2" hai0="36,64,129,72,98,40,105,37,88,108,85,119,133" hai1="3,67,52,45,128,83,113,0,80,35,54,48,124" hai2="62,89,92,87,74,93,132,63,39,69,66,65,117" hai3=""/><V104/><F117/><T58/><D72/><U118/><E35/><V56/><F132/><T38/><D119/><U47/><E118/><V109/><F104/><T82/><D133/><U53/><E113/><V122/><N who="2" m="31264" /><V126/><F126/><T130/><D40/><U59/><E124/><V73/><F39/><T91/><D58/><U55/><E128/><V112/><F112/><T34/><D64/><U86/><E80/><V96/><REACH who="2" step="1"/><F109/><REACH who="2" ten="454,574,12,0" step="2"/><T134/><D134/><U44/><E0/><V75/><F75/><T49/><D108/><U127/><E127/><V102/><AGARI ba="0,1" hai="56,62,63,65,66,69,73,74,87,89,92,93,96,102" m="31264" machi="102" ten="20,5200,0" yaku="1,1,0,1,7,1,52,1,53,0" doraHai="120" doraHaiUra="131" who="2" fromWho="2" sc="454,-26,574,-26,12,62,0,0" /><INIT seed="6,1,0,0,2,134" ten="428,548,74,0" oya="2" hai0="81,73,83,108,109,55,56,135,114,128,48,78,52" hai1="63,32,46,113,65,121,115,95,106,96,51,75,80" hai2="36,57,0,105,77,97,71,59,61,125,1,101,74" hai3=""/><V60/><F36/><T70/><D70/><U92/><N who="1" m="31008" /><U131/><E131/><V111/><F71/><T124/><D135/><U117/><E117/><V102/><F111/><T104/><D104/><U110/><E110/><V35/><F35/><T86/><D128/><U122/><N who="1" m="31264" /><U107/><E32/><V127/><F77/><T126/><D114/><N who="1" m="43531" /><E80/><V45/><F74/><T49/><D108/><U130/><E75/><V58/><F45/><T72/><D109/><U90/><E95/><V40/><F40/><T79/><REACH who="0" step="1"/><D86/><REACH who="0" ten="418,548,74,0" step="2"/><U87/><E87/><V84/><F84/><T44/><AGARI ba="1,1" hai="44,48,49,52,55,56,72,73,78,79,81,83,124,126" machi="44" ten="30,9000,2" yaku="1,1,2,1,0,1,9,1,52,2,54,1,53,0" doraHai="134" doraHaiUra="112" who="0" fromWho="0" sc="418,102,548,-31,74,-61,0,0" owari="520,47.0,517,12.0,13,-59.0,0,0.0" /></mjloggm>