<mjloggm ver="2.3"><GO type="225" lobby="0"/><UN n0="%E8%8F%B1%E5%B7%9D%E6%85%8E%E5%90%BE" n1="%E3%82%8F%E3%81%A3%E3%81%97%E3%82%87%E3%81%84%E5%90%9B%32%E5%8F%B7" n2="%E7%B6%BE%E9%87%8E%E7%8F%AA%E5%AD%90" n3="%E9%81%85%E5%88%BB%E3%81%AE%E3%83%97%E3%83%AA%E3%83%B3%E3%82%B9%E2%99%AA" dan="16,16,17,16" rate="2129.52,2191.53,2229.46,2131.65" sx="M,M,F,F"/><TAIKYOKU oya="0"/><INIT seed="0,0,0,3,2,63" ten="250,250,250,250" oya="0" hai0="14,59,33,101,128,30,125,22,5,56,106,39,57" hai1="55,89,12,131,64,26,19,68,28,97,102,54,82" hai2="8,37,112,18,94,70,91,126,71,69,11,29,52" hai3="116,9,104,100,46,32,99,35,3,75,79,90,113"/><T127/><D39/><U53/><E131/><V62/><F112/><W4/><G116/><T51/><D128/><U105/><E89/><V31/><F37/><W44/><G113/><T77/><D33/><U38/><E38/><V130/><F130/><W123/><G123/><T115/><D115/><U133/><E133/><V24/><F126/><N who="0" m="48138" /><D77/><U7/><E7/><V80/><F80/><N who="3" m="45183" /><G90/><T49/><D5/><U98/><E98/><V121/><F121/><W110/><G46/><T0/><D0/><U92/><E82/><V23/><F8/><W43/><G110/><T114/><D114/><U10/><E92/><V108/><F11/><W73/><G73/><T34/><D34/><N who="1" m="20759" /><E53/><V20/><F20/><W41/><G41/><T86/><D86/><U78/><E78/><V50/><F108/><W134/><G134/><T95/><D106/><U118/><E118/><V83/><F83/><W122/><G122/><T74/><D74/><U120/><E120/><V21/><F21/><W47/><G47/><T87/><D87/><U42/><E42/><V76/><F76/><W67/><G67/><T117/><D117/><U132/><E132/><V135/><F135/><W88/><G88/><T66/><D66/><U45/><E45/><N who="2" m="27727" /><F62/><AGARI ba="0,0" hai="10,12,19,54,55,62,64,68,97,102,105" m="20759" machi="62" ten="30,2000,0" yaku="25,1,52,1" doraHai="63" who="1" fromWho="2" sc="250,0,250,20,250,-20,250,0" /><INIT seed="1,0,0,4,3,109" ten="250,270,230,250" oya="1" hai0="16,93,70,117,99,27,100,86,22,87,103,83,108" hai1="122,28,52,59,3,45,67,115,26,46,110,37,10" hai2="5,56,75,41,111,18,97,79,51,61,134,125,64" hai3="133,58,81,32,102,43,1,107,90,121,35,19,135"/><U29/><E122/><V13/><F111/><W132/><G121/><T57/><D117/><U68/><E110/><V116/><F116/><W119/><G119/><T54/><D70/><U30/><E115/><V72/><F134/><W63/><G1/><T49/><D108/><U62/><E26/><V24/><F125/><W118/><G118/><T36/><D36/><U7/><REACH who="1" step="1"/><E37/><REACH who="1" ten="250,260,230,250" step="2"/><V20/><F24/><W60/><G135/><T120/><D120/><U48/><AGARI ba="0,1" hai="3,7,10,28,29,30,45,46,48,52,59,62,67,68" machi="48" ten="30,11700,0" yaku="1,1,2,1,0,1,54,1,53,0" doraHai="109" doraHaiUra="38" who="1" fromWho="1" sc="250,-39,260,127,230,-39,250,-39" /><INIT seed="1,1,0,2,4,61" ten="211,387,191,211" oya="1" hai0="114,123,97,116,60,24,0,83,108,106,34,64,89" hai1="59,18,82,102,92,47,120,95,11,41,54,49,75" hai2="2,26,105,27,81,110,51,4,67,15,69,56,88" hai3="8,112,48,65,132,79,5,130,63,134,127,43,72"/><U16/><E120/><V46/><F69/><W117/><G112/><T122/><D116/><U85/><E75/><V53/><F105/><W66/><G117/><T125/><D114/><U94/><E102/><V129/><F2/><W42/><G130/><T58/><D0/><U19/><E11/><N who="2" m="4583" /><F110/><W33/><G33/><T39/><D39/><U80/><REACH who="1" step="1"/><E85/><REACH who="1" ten="211,377,191,211" step="2"/><N who="2" m="50223" /><F129/><W13/><G72/><T74/><D108/><U17/><N who="1" m="4096" /><DORA hai="25" /><U31/><E31/><V77/><F77/><W96/><G79/><N who="0" m="44535" /><D125/><U103/><E103/><V1/><F1/><W71/><G127/><T21/><D34/><U32/><E32/><V78/><F78/><W86/><G86/><T28/><D106/><U90/><E90/><V133/><F133/><W40/><G134/><T70/><D89/><U100/><E100/><V57/><F26/><W55/><G132/><T119/><D119/><U9/><E9/><V45/><F27/><W6/><G8/><T36/><D97/><U107/><E107/><V118/><F118/><W124/><G96/><T98/><D98/><U10/><E10/><V109/><F109/><W68/><G124/><T35/><D35/><U128/><E128/><V44/><F67/><W73/><G73/><T50/><D123/><U7/><E7/><V38/><F38/><AGARI ba="1,1" hai="38,41,47,49,54,59,80,82,92,94,95" m="4096" machi="38" ten="50,4800,0" yaku="1,1,54,1,53,0" doraHai="61,25" doraHaiUra="113,3" who="1" fromWho="2" sc="211,0,377,61,191,-51,211,0" /><INIT seed="1,2,0,5,4,64" ten="211,438,140,211" oya="1" hai0="127,116,99,84,54,105,30,111,78,117,124,20,41" hai1="3,104,56,108,2,31,77,93,35,62,16,109,1" hai2="89,66,45,59,17,132,22,71,19,106,74,73,61" hai3="43,65,113,7,98,79,50,130,101,24,55,53,58"/><U0/><E104/><V135/><F106/><W34/><G113/><T123/><D41/><U91/><E0/><V49/><F89/><W92/><G130/><T67/><D67/><U120/><E120/><V69/><F74/><W8/><G43/><T18/><D30/><U121/><E77/><V52/><F73/><W131/><G131/><T47/><D47/><U125/><E125/><N who="0" m="48201" /><D54/><U57/><E121/><V115/><F19/><W80/><G65/><T87/><D123/><U5/><E5/><V119/><F119/><W118/><G118/><T21/><D21/><U70/><E31/><V94/><F94/><W27/><G55/><T133/><D133/><N who="2" m="51274" /><F115/><W103/><G103/><N who="0" m="62719" /><D111/><N who="1" m="42571" /><E35/><V39/><F39/><W36/><G36/><T122/><D122/><U68/><E16/><V15/><AGARI ba="2,0" hai="15,17,22,45,49,52,59,61,66,69,71" m="51274" machi="15" ten="30,7900,0" yaku="20,1,52,2,54,1" doraHai="64" who="2" fromWho="2" sc="211,-22,438,-41,140,85,211,-22" /><INIT seed="2,0,0,0,4,119" ten="189,397,225,189" oya="2" hai0="68,38,114,132,50,46,20,61,122,129,134,69,32" hai1="112,11,111,76,113,5,7,52,101,89,33,78,124" hai2="88,3,16,95,117,17,10,44,98,1,90,125,131" hai3="64,19,104,8,43,77,116,105,93,85,24,79,45"/><V99/><F117/><W4/><G116/><T65/><D32/><U115/><E33/><V110/><F131/><W53/><G64/><T56/><D20/><U123/><E111/><V27/><F110/><W120/><G120/><T66/><D114/><U29/><E29/><V133/><F133/><N who="0" m="51306" /><D129/><U26/><E123/><V107/><F125/><W94/><G53/><N who="0" m="29911" /><D38/><U30/><E124/><V58/><F44/><W121/><G121/><T49/><D122/><U109/><E109/><V63/><F107/><W135/><G135/><T100/><D100/><U92/><E101/><V81/><F1/><W80/><G79/><T15/><D15/><U23/><E52/><N who="2" m="34247" /><F3/><W54/><G54/><N who="0" m="31823" /><D66/><U55/><E55/><V127/><F127/><W41/><G105/><T83/><D83/><U108/><E108/><V28/><F10/><W13/><G104/><T62/><D62/><U128/><E128/><V103/><F81/><W106/><G106/><T71/><AGARI ba="0,0" hai="61,65,68,69,71" m="31823,29911,51306" machi="71" ten="30,4000,0" yaku="20,1,34,2" doraHai="119" who="0" fromWho="0" sc="189,40,397,-10,225,-20,189,-10" /><INIT seed="3,0,0,0,2,78" ten="229,387,205,179" oya="3" hai0="75,63,48,106,51,72,123,41,35,1,10,98,125" hai1="44,26,99,101,81,0,135,45,3,33,71,8,60" hai2="25,97,121,74,84,58,102,112,49,13,133,53,88" hai3="83,126,104,119,20,90,124,86,66,64,32,89,67"/><W80/><G32/><T16/><D123/><U113/><E81/><N who="3" m="31306" /><G104/><T21/><D35/><U31/><E113/><V9/><F112/><W29/><G119/><T38/><D38/><U59/><E135/><V40/><F74/><W122/><G122/><T4/><D125/><N who="3" m="48233" /><G86/><T36/><D72/><U19/><E71/><V128/><F133/><W54/><G54/><T76/><D75/><U96/><E33/><V118/><F121/><W55/><G55/><T22/><D76/><U111/><E96/><V12/><F118/><W110/><G110/><T108/><D108/><U79/><E99/><V129/><F40/><W73/><G73/><T130/><D98/><U50/><E79/><V23/><F97/><W68/><G68/><T91/><D106/><U85/><E85/><V100/><F129/><W24/><AGARI ba="0,0" hai="20,24,29,64,66,67,89,90" m="48233,31306" machi="24" ten="40,12000,1" yaku="18,1,52,3" doraHai="78" who="3" fromWho="3" sc="229,-40,387,-40,205,-40,179,120" /><INIT seed="3,1,0,3,5,4" ten="189,347,165,299" oya="3" hai0="86,113,37,76,85,109,25,93,28,59,14,125,61" hai1="48,104,22,82,94,40,31,74,64,105,3,67,10" hai2="70,102,87,101,99,97,50,2,118,60,133,17,98" hai3="21,19,126,128,23,30,27,123,0,41,26,47,71"/><W89/><G123/><T131/><D37/><U36/><E48/><V38/><F38/><W63/><G0/><T122/><D122/><U8/><E94/><V96/><F118/><W95/><G126/><T129/><D109/><U56/><E56/><V43/><F2/><W55/><G128/><N who="0" m="49227" /><D113/><U5/><E10/><V134/><N who="2" m="24576" /><DORA hai="46" /><V124/><F124/><W44/><G41/><T77/><D125/><U103/><E103/><N who="2" m="39435" /><F87/><N who="0" m="33290" /><D14/><U51/><E36/><V119/><F119/><W54/><G71/><T132/><D93/><U78/><E67/><N who="2" m="41319" /><F17/><W80/><G80/><T91/><D91/><U66/><E64/><V57/><F43/><W69/><G69/><T79/><D79/><U1/><E66/><V83/><F83/><W107/><G107/><T9/><D9/><U65/><E65/><V7/><F7/><W120/><G120/><T58/><D76/><U32/><E1/><V49/><F57/><N who="0" m="21514" /><D77/><U127/><E127/><V110/><F110/><W72/><G72/><T106/><D106/><U34/><E105/><V112/><F112/><W18/><G63/><T13/><D61/><U20/><E104/><V75/><F75/><W130/><G130/><T100/><D100/><U116/><E116/><V68/><F68/><W16/><G89/><T6/><D6/><U73/><E73/><V15/><F15/><W52/><G95/><T84/><D13/><U62/><E62/><V53/><F53/><W88/><G88/><T33/><D84/><U111/><E111/><V45/><F45/><AGARI ba="1,0" hai="16,18,19,21,23,26,27,30,44,45,47,52,54,55" machi="45" ten="40,7700,0" yaku="8,1,54,2" doraHai="4,46" who="3" fromWho="2" sc="189,0,347,0,165,-80,299,80" owari="189,-21.0,347,15.0,85,-41.0,379,47.0" /></mjloggm>