<mjloggm ver="2.3"><GO type="169" lobby="0"/><UN n0="%6D%61%74%6F%30%36%30%33" n1="%E7%9B%AE%E7%8E%89%E7%84%BC%E3%81%8D" n2="%E5%8D%83%E7%BE%BD%E9%B4%89" n3="%E5%AE%9F%E5%AD%98" dan="18,16,17,17" rate="2270.90,2118.75,2228.47,2166.85" sx="M,M,F,M"/><TAIKYOKU oya="0"/><INIT seed="0,0,0,1,2,84" ten="250,250,250,250" oya="0" hai0="58,40,26,67,28,74,30,14,79,65,80,133,36" hai1="32,37,22,35,119,42,97,24,49,122,68,98,27" hai2="110,77,23,94,70,5,29,62,61,111,116,20,47" hai3="33,105,21,126,83,34,78,44,93,90,106,39,129"/><T46/><D133/><U81/><E122/><V103/><F116/><W121/><G121/><T17/><D58/><U59/><E119/><V43/><F77/><W1/><G1/><T19/><D19/><U104/><E37/><V134/><F5/><W13/><G106/><T51/><D36/><U96/><E68/><V115/><F115/><W108/><G105/><T57/><D57/><U7/><E7/><V66/><F62/><W11/><G21/><T130/><D130/><U41/><E104/><V114/><F114/><W63/><G108/><N who="2" m="41513" /><F29/><W87/><G126/><T12/><D30/><U82/><E59/><V123/><F134/><W55/><G63/><T135/><D12/><U53/><E53/><V72/><F72/><W16/><G129/><T54/><D54/><U101/><E101/><V18/><F18/><W86/><REACH who="3" step="1"/><G39/><REACH who="3" ten="250,250,250,240" step="2"/><T85/><D135/><U118/><E22/><V100/><F123/><W89/><G89/><T52/><D28/><U131/><E131/><V64/><F100/><W113/><G113/><T15/><D79/><U125/><E125/><V91/><F103/><W0/><G0/><T48/><D26/><N who="1" m="9771" /><E118/><V120/><F120/><W92/><G92/><T107/><D107/><U109/><E109/><V102/><F102/><W99/><G99/><T95/><D14/><U132/><E132/><V76/><F76/><W38/><G38/><T127/><D15/><U88/><E88/><V50/><F66/><W128/><G128/><T75/><D67/><U60/><E60/><V71/><F70/><W9/><G9/><T10/><D127/><U45/><E42/><RYUUKYOKU ba="0,1" sc="250,-30,250,10,250,10,240,10" hai1="32,35,41,45,49,81,82,96,97,98" hai2="20,23,43,47,50,61,64,71,91,94" hai3="11,13,16,33,34,44,55,78,83,86,87,90,93" /><INIT seed="1,1,1,1,2,61" ten="220,260,260,250" oya="1" hai0="73,113,45,24,13,60,106,37,71,57,63,41,74" hai1="121,103,15,56,11,30,48,65,49,110,53,19,127" hai2="79,105,35,43,96,94,108,86,66,47,55,38,36" hai3="89,51,95,129,5,64,109,126,29,68,22,18,92"/><U40/><E121/><V132/><F35/><W7/><G109/><T124/><D113/><U62/><E110/><V91/><F108/><W70/><G129/><T58/><D71/><U78/><E127/><V20/><F132/><W28/><G126/><T72/><D124/><U119/><E119/><V1/><F1/><W88/><G51/><T21/><D106/><U114/><E114/><V125/><F125/><W131/><G131/><T0/><D0/><U27/><E78/><V10/><F55/><W85/><G22/><T111/><D13/><U67/><E103/><V76/><F36/><W101/><G85/><T115/><D115/><U2/><E2/><V8/><F20/><W3/><G3/><T23/><D111/><U54/><E40/><V42/><F42/><W14/><G14/><T93/><D93/><U26/><E26/><V102/><F76/><W6/><G6/><T122/><D122/><U12/><E12/><V97/><REACH who="2" step="1"/><F66/><REACH who="2" ten="220,260,250,250" step="2"/><N who="1" m="25097" /><E54/><V130/><F130/><W75/><G64/><T9/><D24/><U112/><E112/><V46/><F46/><W39/><G39/><T98/><D41/><U84/><E84/><V44/><F44/><W81/><G68/><T117/><D37/><U50/><E27/><V128/><F128/><W77/><G77/><T90/><D117/><U52/><E53/><V33/><F33/><W118/><G118/><T16/><D74/><U99/><E99/><V80/><AGARI ba="1,2" hai="8,10,38,43,47,79,80,86,91,94,96,97,102,105" machi="80" ten="30,2000,0" yaku="1,1,0,1,53,0" doraHai="61" doraHaiUra="31" who="2" fromWho="2" sc="220,-6,260,-11,250,43,250,-6" /><INIT seed="2,0,0,2,0,91" ten="214,249,293,244" oya="2" hai0="98,1,131,14,110,130,125,34,69,17,62,27,0" hai1="87,109,16,126,105,122,3,118,99,2,96,64,19" hai2="90,38,113,100,20,132,94,8,88,10,18,129,25" hai3="6,5,79,121,133,56,114,107,23,117,35,22,116"/><V104/><F113/><W44/><G107/><T67/><D110/><U57/><E109/><V73/><F73/><W49/><G56/><T52/><D98/><U111/><E111/><V40/><F104/><W15/><G79/><T33/><D125/><U108/><E108/><V92/><F100/><W84/><G84/><T31/><D34/><U59/><E105/><V36/><F132/><W30/><G49/><T71/><D71/><U42/><E87/><N who="2" m="52255" /><F38/><W13/><G44/><T112/><D112/><U50/><E126/><V127/><F36/><W78/><G78/><T48/><D131/><U74/><E74/><V86/><F129/><W95/><G114/><T54/><D130/><U89/><E122/><V60/><F127/><W72/><G72/><T97/><D97/><U75/><E75/><V103/><F103/><W63/><G35/><T51/><D51/><U85/><E118/><V134/><F134/><W21/><G133/><T123/><D54/><N who="1" m="31959" /><E42/><V26/><F40/><W119/><G121/><T9/><REACH who="0" step="1"/><D123/><REACH who="0" ten="204,249,293,244" step="2"/><U65/><E99/><V80/><F60/><W101/><G63/><T43/><D43/><U106/><E96/><N who="2" m="57431" /><F25/><W29/><G101/><T102/><D102/><U66/><E106/><V41/><F41/><W47/><G117/><T32/><D32/><U45/><E66/><V37/><F37/><W120/><G120/><T4/><D4/><U12/><E65/><V70/><F70/><W128/><G128/><T46/><AGARI ba="0,1" hai="0,1,9,14,17,27,31,33,46,48,52,62,67,69" machi="46" ten="20,8000,1" yaku="1,1,0,1,7,1,54,1,53,1" doraHai="91" doraHaiUra="24" who="0" fromWho="0" sc="204,90,249,-20,293,-40,244,-20" /><INIT seed="3,0,0,4,0,9" ten="294,229,253,224" oya="3" hai0="75,77,29,17,132,4,122,34,32,22,106,111,12" hai1="13,88,42,96,83,129,119,38,43,126,67,0,90" hai2="30,63,20,23,94,113,58,16,79,110,44,121,97" hai3="125,102,112,35,49,57,95,116,105,10,48,72,50"/><W98/><G112/><T93/><D106/><U89/><E0/><V52/><F110/><W74/><G116/><T66/><D122/><U120/><E120/><V54/><F121/><W21/><G35/><T99/><D111/><U104/><E119/><V108/><F108/><W33/><G33/><T81/><D132/><U71/><E126/><V127/><F127/><W53/><G125/><T19/><D29/><U24/><E129/><V73/><F113/><W7/><G21/><T14/><D4/><U27/><E83/><V80/><F30/><W6/><G6/><T117/><D66/><U131/><E131/><V85/><F73/><W91/><G74/><T59/><D59/><U45/><E43/><V28/><F28/><W36/><G36/><T18/><D117/><U128/><E128/><V40/><F54/><W78/><G78/><T3/><D3/><U109/><E109/><V61/><F63/><W115/><G72/><T65/><D65/><U124/><E124/><V26/><F23/><W118/><G118/><T39/><D39/><U103/><E67/><V84/><F80/><W41/><G41/><T114/><D114/><U76/><E76/><V25/><F25/><W68/><G115/><T64/><D64/><U1/><E1/><V69/><F79/><W5/><G68/><T62/><D62/><U37/><E71/><V60/><F60/><W56/><G53/><T31/><D31/><U86/><E37/><N who="2" m="21519" /><F69/><W133/><G133/><T101/><D18/><U82/><REACH who="1" step="1"/><E13/><REACH who="1" ten="294,219,253,224" step="2"/><V51/><F51/><W70/><G70/><T100/><D100/><U8/><E8/><AGARI ba="0,1" hai="8,12,14,17,19,22,32,34,75,77,81,93,99,101" machi="8" ten="30,7700,0" yaku="6,1,7,1,52,2" doraHai="9" who="0" fromWho="1" sc="294,87,219,-77,253,0,224,0" /><INIT seed="4,0,0,4,5,67" ten="381,142,253,224" oya="0" hai0="104,4,2,72,70,34,50,15,122,85,102,0,119" hai1="135,58,77,19,78,56,44,74,80,41,16,86,24" hai2="46,38,52,99,27,120,117,109,108,62,36,26,96" hai3="8,125,28,134,20,97,1,121,13,6,113,51,3"/><T101/><D72/><U95/><E135/><V93/><F120/><W57/><G134/><T30/><D119/><U73/><E24/><V91/><F117/><W33/><G121/><T87/><D122/><U110/><E110/><V48/><F38/><W127/><G113/><T32/><D70/><U131/><E131/><V47/><F96/><W126/><G97/><T71/><D71/><U76/><E95/><V66/><F108/><W133/><G133/><T68/><D68/><U92/><E92/><V98/><F98/><W106/><G106/><T103/><D104/><U118/><E118/><V111/><F111/><W65/><G65/><T9/><D50/><N who="1" m="26895" /><E74/><V69/><REACH who="2" step="1"/><F109/><REACH who="2" ten="381,142,243,224" step="2"/><W29/><G126/><T89/><D102/><U55/><E73/><V115/><F115/><W35/><G125/><T40/><D101/><U130/><E130/><V17/><F17/><N who="1" m="6729" /><E56/><V61/><F61/><AGARI ba="0,1" hai="55,58,61,76,77,78,80,86" m="6729,26895" machi="61" ten="30,2000,0" yaku="8,1,54,1" doraHai="67" who="1" fromWho="2" sc="381,0,142,30,243,-20,224,0" /><INIT seed="5,0,0,3,5,126" ten="381,172,223,224" oya="1" hai0="35,20,64,88,66,114,28,19,6,60,98,29,120" hai1="36,7,92,117,89,74,0,77,134,42,99,79,55" hai2="82,121,90,37,9,70,116,12,130,124,45,122,53" hai3="84,68,128,97,105,93,33,102,49,58,73,76,71"/><U10/><E117/><V24/><F124/><W101/><G33/><T62/><D114/><U38/><E134/><V2/><F2/><W129/><G73/><T18/><D120/><U56/><E42/><V11/><F116/><W125/><G125/><T123/><D123/><U119/><E119/><V63/><F11/><W23/><G23/><T108/><D108/><U27/><E74/><V39/><F24/><W107/><G76/><T48/><D48/><U59/><E59/><V41/><F37/><W1/><G1/><T15/><D6/><U31/><E38/><V75/><F130/><N who="3" m="50283" /><G102/><T95/><D19/><U72/><E36/><V52/><F39/><W50/><G50/><T135/><D135/><U61/><REACH who="1" step="1"/><E72/><REACH who="1" ten="381,162,223,224" step="2"/><V22/><F75/><W34/><G71/><T51/><D66/><U16/><E16/><V5/><F70/><W3/><G68/><T112/><D18/><U54/><E54/><V40/><F53/><N who="3" m="32047" /><G34/><AGARI ba="0,1" hai="0,7,10,27,31,34,55,56,61,77,79,89,92,99" machi="34" ten="30,2900,0" yaku="1,1,7,1,53,0" doraHai="126" doraHaiUra="67" who="1" fromWho="3" sc="381,0,162,39,223,0,224,-29" /><INIT seed="5,1,0,1,5,9" ten="381,201,223,195" oya="1" hai0="56,28,95,132,89,14,128,13,110,8,120,87,129" hai1="107,70,75,109,130,25,94,65,83,71,82,105,59" hai2="0,125,102,10,7,24,96,17,6,40,100,26,98" hai3="80,74,20,115,118,11,85,133,90,54,31,88,48"/><U76/><E130/><N who="0" m="50281" /><D110/><U23/><E109/><V33/><F125/><W122/><G122/><T22/><D132/><U34/><E34/><V116/><F116/><W134/><G118/><T92/><D120/><U106/><E94/><N who="0" m="35881" /><D8/><U117/><E117/><V1/><F10/><W57/><G115/><T39/><D39/><U15/><E83/><V131/><F131/><W53/><G74/><T5/><D5/><U99/><E99/><V38/><F40/><W62/><G11/><T45/><D45/><U47/><E47/><V37/><REACH who="2" step="1"/><F17/><REACH who="2" ten="381,201,213,195" step="2"/><W64/><G133/><T93/><D56/><U51/><E70/><V121/><F121/><W55/><G134/><T18/><D28/><U4/><E71/><V32/><AGARI ba="1,1" hai="0,1,6,7,24,26,32,33,37,38,96,98,100,102" machi="32" ten="25,6400,0" yaku="1,1,0,1,22,2,53,0" doraHai="9" doraHaiUra="108" who="2" fromWho="2" sc="381,-17,201,-33,213,77,195,-17" /><INIT seed="6,0,0,4,4,88" ten="364,168,290,178" oya="2" hai0="80,38,39,115,133,28,103,93,14,46,20,119,84" hai1="52,118,34,111,7,56,96,30,83,26,113,66,11" hai2="58,124,25,78,125,85,107,49,8,99,76,114,132" hai3="63,105,6,32,130,87,92,24,62,129,79,1,18"/><V104/><F25/><W117/><G105/><N who="2" m="40521" /><F49/><W12/><G117/><T109/><D119/><U19/><E118/><V81/><F58/><W73/><G73/><T121/><D121/><U13/><E66/><V112/><F8/><N who="3" m="2127" /><G79/><N who="2" m="30249" /><F99/><W36/><G36/><T128/><D39/><U101/><E111/><V98/><F98/><W75/><G24/><T108/><D38/><U33/><E83/><V60/><F132/><W97/><G97/><T15/><D133/><U23/><E113/><N who="2" m="43627" /><F60/><W50/><G50/><T102/><D115/><U94/><E7/><V71/><F71/><W116/><G116/><T131/><D28/><U110/><E110/><V67/><F67/><W59/><G59/><T4/><D4/><U48/><AGARI ba="0,0" hai="11,13,19,23,26,30,33,34,48,52,56,94,96,101" machi="48" ten="20,5200,0" yaku="0,1,7,1,52,1,54,1" doraHai="88" who="1" fromWho="1" sc="364,-13,168,52,290,-26,178,-13" /><INIT seed="7,0,0,4,4,91" ten="351,220,264,165" oya="3" hai0="68,89,47,56,70,57,134,102,53,42,88,10,22" hai1="8,64,112,58,121,19,12,113,77,21,23,118,43" hai2="11,60,54,2,38,104,122,135,55,106,103,61,14" hai3="119,100,1,123,84,107,0,82,20,90,9,87,76"/><W32/><G123/><T99/><D134/><U95/><E121/><V73/><F2/><W78/><G119/><T114/><D114/><N who="1" m="44139" /><E118/><V37/><F73/><W79/><G32/><T7/><D56/><U50/><E77/><V124/><F14/><W48/><G107/><T69/><D22/><U75/><E75/><V44/><F11/><W129/><G100/><T62/><D53/><N who="1" m="32055" /><E64/><V111/><F122/><W94/><G129/><T30/><D7/><U40/><E95/><V15/><F135/><W36/><G36/><T81/><D99/><U33/><E33/><V93/><F38/><W117/><G117/><T71/><D102/><U133/><E133/><V24/><F103/><W18/><G48/><T29/><D42/><AGARI ba="0,0" hai="8,12,19,21,23,40,42,43" m="32055,44139" machi="42" ten="30,1000,0" yaku="15,1" doraHai="91" who="1" fromWho="0" sc="351,-10,220,10,264,0,165,0" owari="341,44.0,230,-17.0,264,6.0,165,-33.0" /></mjloggm>