<mjloggm ver="2.3"><GO type="169" lobby="0"/><UN n0="%4B%69%7A%75%6E%65%72" n1="%E6%96%87%E8%B1%AA" n2="%E7%B4%85%E8%8C%B6%30%37" n3="%E6%81%A9%E7%94%B0%E5%B8%8C" dan="17,16,17,16" rate="2181.41,2043.89,2106.72,2110.87" sx="F,M,M,F"/><TAIKYOKU oya="0"/><INIT seed="0,0,0,3,3,116" ten="250,250,250,250" oya="0" hai0="54,39,51,52,88,75,125,13,112,90,110,100,38" hai1="130,40,122,21,57,55,28,117,59,36,127,35,14" hai2="94,82,102,87,129,58,76,63,81,118,133,62,121" hai3="65,111,132,120,45,44,43,123,10,85,47,101,115"/><T89/><D112/><U30/><E117/><V78/><F118/><W92/><G115/><T31/><D125/><U107/><E107/><V113/><F113/><W105/><G132/><T23/><D110/><U29/><E35/><V4/><F129/><W124/><G111/><T104/><D75/><U12/><E127/><V41/><F133/><W64/><G43/><T106/><D54/><U71/><E71/><V72/><F4/><W135/><G124/><T1/><D1/><U67/><E67/><V60/><F41/><W37/><G37/><T119/><D119/><U6/><E6/><V68/><F68/><W25/><G105/><T7/><D106/><U126/><E126/><V19/><F19/><W109/><G135/><T84/><D84/><U108/><E108/><V18/><F18/><W20/><G10/><T95/><D104/><U0/><E0/><V80/><F82/><W11/><G11/><N who="0" m="4351" /><D38/><U98/><E130/><V97/><REACH who="2" step="1"/><F121/><REACH who="2" ten="250,250,240,250" step="2"/><N who="3" m="46667" /><G109/><T50/><D39/><U77/><E122/><V134/><F134/><W22/><G22/><T131/><D23/><U66/><E40/><V33/><F33/><W74/><G74/><T56/><D131/><U99/><E36/><V86/><F86/><W26/><G20/><T27/><D31/><U48/><E21/><V9/><F9/><W8/><G8/><T32/><D32/><U114/><E114/><V91/><F91/><N who="3" m="53359" /><G101/><T15/><D100/><U103/><E103/><V73/><F73/><W53/><G53/><AGARI ba="0,1" hai="53,58,60,62,63,72,76,78,80,81,87,94,97,102" machi="53" ten="30,2000,0" yaku="1,1,7,1,53,0" doraHai="116" doraHaiUra="46" who="2" fromWho="3" sc="250,0,250,0,240,30,250,-20" /><INIT seed="1,0,0,5,5,131" ten="250,250,270,230" oya="1" hai0="71,114,94,23,110,135,101,46,89,52,13,60,0" hai1="85,105,14,73,32,80,78,64,4,104,113,108,40" hai2="45,93,62,22,107,7,29,120,100,132,116,115,2" hai3="65,75,103,95,72,118,1,9,18,59,5,51,26"/><U28/><E113/><V30/><F107/><W130/><G118/><T63/><D0/><U128/><E128/><V96/><F116/><W25/><G130/><T36/><D114/><U20/><E108/><V19/><F115/><W70/><G70/><T134/><D110/><U55/><E64/><V38/><F120/><W27/><G18/><N who="0" m="10703" /><D101/><U74/><E55/><V12/><F62/><W121/><G121/><T76/><D76/><U98/><E32/><V15/><F2/><W82/><G82/><T91/><D71/><U21/><E40/><V8/><F38/><W48/><G65/><T50/><D36/><U77/><E85/><V41/><F41/><W57/><G95/><T56/><D94/><U86/><E86/><V125/><F45/><W54/><G103/><T69/><D69/><U43/><E43/><V17/><F7/><W106/><G106/><T79/><D79/><U92/><E28/><V129/><F129/><W3/><G1/><T102/><D102/><N who="1" m="60743" /><E104/><V33/><F33/><W39/><G39/><T126/><D126/><U11/><E105/><V16/><F125/><W58/><REACH who="3" step="1"/><G48/><REACH who="3" ten="250,250,270,220" step="2"/><T31/><D63/><U122/><E122/><V81/><F81/><W124/><G124/><T24/><D60/><U68/><E68/><V123/><F123/><W119/><G119/><T49/><D49/><U117/><E117/><V127/><F127/><W35/><G35/><N who="0" m="20967" /><D56/><AGARI ba="0,1" hai="3,5,9,25,26,27,51,54,56,57,58,59,72,75" machi="56" ten="40,1300,0" yaku="1,1,53,0" doraHai="131" doraHaiUra="83" who="3" fromWho="0" sc="250,-13,250,0,270,0,220,23" /><INIT seed="2,0,0,0,3,51" ten="237,250,270,243" oya="2" hai0="46,44,135,16,60,107,72,33,1,106,77,25,71" hai1="69,9,108,42,124,99,23,4,36,24,120,52,43" hai2="32,132,63,48,58,76,17,133,134,79,130,88,117" hai3="103,97,85,64,61,30,13,113,31,27,119,29,21"/><V10/><F117/><W18/><G119/><T5/><D135/><U82/><E69/><V92/><F32/><W56/><G85/><T59/><D71/><U129/><E108/><V45/><F130/><W126/><G126/><T19/><D1/><U3/><E129/><V50/><F10/><W100/><G100/><T98/><D5/><U70/><E70/><V109/><F17/><W39/><G39/><T123/><D123/><U101/><E82/><V20/><F20/><W49/><G49/><N who="2" m="19049" /><F45/><W81/><G81/><T90/><D33/><U89/><E89/><V110/><F76/><W87/><G87/><T111/><D111/><U54/><E124/><V14/><F14/><W74/><G74/><T83/><D107/><U47/><E42/><V122/><F79/><W0/><G0/><T12/><D25/><U15/><E3/><V41/><F41/><W118/><G113/><T121/><D19/><U131/><E120/><V66/><F122/><W112/><G112/><T116/><D116/><U80/><E80/><V68/><F68/><W86/><G86/><AGARI ba="0,0" hai="58,63,66,86,88,92,109,110,132,133,134" m="19049" machi="86" ten="40,3900,0" yaku="20,1,54,1" doraHai="51" who="2" fromWho="3" sc="237,0,250,0,270,39,243,-39" /><INIT seed="2,1,0,5,4,75" ten="237,250,309,204" oya="2" hai0="89,20,134,46,24,53,63,74,64,96,103,15,130" hai1="31,88,44,25,133,87,68,116,0,33,113,84,126" hai2="86,115,34,66,106,104,5,83,101,127,19,54,122" hai3="120,8,80,128,123,85,12,90,49,95,42,112,47"/><V129/><F122/><W108/><G108/><T48/><D134/><U3/><E113/><V16/><F34/><W65/><G112/><T22/><D130/><U29/><E116/><V98/><F115/><W119/><G128/><T21/><D74/><U73/><E73/><V62/><F129/><W13/><G119/><T114/><D114/><U81/><E68/><V1/><F106/><W109/><G109/><T18/><D89/><U52/><E133/><V111/><F111/><W27/><G65/><T107/><REACH who="0" step="1"/><D24/><REACH who="0" ten="227,250,309,204" step="2"/><U39/><E126/><V14/><F127/><W97/><G27/><T28/><D28/><U51/><E31/><V23/><F101/><W102/><REACH who="3" step="1"/><G13/><REACH who="3" ten="227,250,309,194" step="2"/><T121/><D121/><U79/><REACH who="1" step="1"/><E39/><REACH who="1" ten="227,240,309,194" step="2"/><V10/><F1/><W43/><G43/><T67/><D67/><U58/><E58/><AGARI ba="1,3" hai="15,18,20,21,22,46,48,53,58,63,64,96,103,107" machi="58" ten="30,2000,0" yaku="1,1,7,1,53,0" doraHai="75" doraHaiUra="32" who="0" fromWho="1" sc="227,53,240,-23,309,0,194,0" /><INIT seed="3,0,0,4,0,96" ten="280,217,309,194" oya="3" hai0="3,35,26,100,101,32,119,36,42,129,29,12,62" hai1="6,21,16,94,45,41,54,102,86,103,52,23,69" hai2="50,95,88,24,75,18,130,116,20,48,9,40,4" hai3="110,61,27,10,28,132,74,118,121,38,123,79,81"/><W111/><G118/><T5/><D119/><U93/><E6/><V76/><F116/><W85/><G132/><T83/><D129/><U31/><E69/><V134/><F130/><W107/><G38/><T98/><D35/><U84/><E41/><V8/><F134/><W33/><G107/><T72/><D98/><U104/><E104/><V56/><F75/><W66/><G10/><N who="0" m="2367" /><D62/><U113/><E113/><V115/><F115/><W135/><G85/><N who="1" m="32874" /><E31/><V77/><F9/><W131/><G135/><T43/><D43/><U11/><E23/><V30/><F30/><W106/><G106/><T39/><D39/><U25/><E11/><V7/><F7/><W55/><G55/><N who="1" m="21034" /><E45/><V97/><F56/><W53/><G53/><T17/><D42/><U13/><E13/><V51/><REACH who="2" step="1"/><F40/><REACH who="2" ten="280,217,299,194" step="2"/><W89/><G131/><T65/><D36/><U14/><E25/><V46/><F46/><W0/><G0/><AGARI ba="0,1" hai="0,4,8,18,20,24,48,50,51,76,77,88,95,97" machi="0" ten="40,2600,0" yaku="1,1,54,1,53,0" doraHai="96" doraHaiUra="109" who="2" fromWho="3" sc="280,0,217,0,299,36,194,-26" /><INIT seed="4,0,0,0,4,18" ten="280,217,335,168" oya="0" hai0="87,114,94,68,95,92,7,126,28,115,26,24,23" hai1="40,105,111,29,99,117,127,45,134,43,2,71,50" hai2="38,79,91,9,34,119,62,128,96,89,104,35,55" hai3="15,75,21,118,130,53,14,101,109,90,88,72,22"/><T81/><D126/><U108/><E117/><V58/><F38/><W16/><G109/><T0/><D68/><U100/><E2/><V83/><F119/><W17/><G118/><T56/><D0/><U107/><E127/><V120/><F120/><W131/><G53/><T49/><D7/><U80/><E134/><V41/><F128/><W52/><G52/><N who="0" m="31759" /><D26/><U36/><E107/><V64/><F41/><W97/><G97/><T85/><D81/><U124/><E124/><V42/><F42/><W116/><G116/><T77/><D77/><U11/><E71/><V125/><F125/><W13/><G13/><T57/><D57/><U8/><E80/><V44/><F44/><W69/><G69/><T6/><D6/><U46/><REACH who="1" step="1"/><E29/><REACH who="1" ten="280,207,335,168" step="2"/><V59/><F83/><W133/><G101/><T84/><D115/><U113/><E113/><V19/><F104/><W25/><G25/><N who="0" m="16447" /><D114/><U30/><E30/><V51/><F35/><W33/><G133/><T135/><D135/><U122/><E122/><V110/><F34/><AGARI ba="0,1" hai="14,15,16,17,21,22,33,34,72,75,88,90,130,131" machi="34" ten="25,12000,2" yaku="22,2,52,2,54,2" doraHai="18" who="3" fromWho="2" sc="280,0,207,0,335,-120,168,130" /><INIT seed="5,0,0,4,5,126" ten="280,207,215,298" oya="1" hai0="111,31,15,91,52,101,79,116,127,69,131,71,118" hai1="49,26,57,58,99,67,110,109,54,59,135,46,48" hai2="19,39,50,0,17,123,47,43,90,92,132,33,2" hai3="25,8,106,70,75,130,94,129,45,23,9,134,80"/><U64/><E26/><V18/><F123/><W95/><G70/><T29/><D111/><N who="1" m="42507" /><E99/><V112/><F33/><W124/><G106/><T66/><D127/><U35/><E35/><V104/><F104/><W32/><G32/><T11/><D101/><U97/><E97/><V5/><F5/><W30/><G45/><T120/><D79/><U76/><E76/><V62/><F132/><W56/><G134/><T87/><D120/><U84/><E84/><V34/><F34/><W63/><G80/><T105/><D105/><U14/><E14/><V100/><F112/><W85/><G75/><T7/><D31/><U115/><E135/><V86/><F100/><W103/><G85/><T128/><D29/><U77/><E77/><V96/><F96/><W36/><G94/><T16/><D7/><U125/><E125/><V107/><F107/><W61/><G95/><T82/><D66/><N who="1" m="25131" /><E115/><V38/><F0/><W68/><G25/><T121/><D121/><U41/><AGARI ba="0,0" hai="41,46,48,49,54,57,58,59" m="25131,42507" machi="41" ten="30,6000,0" yaku="10,1,34,2" doraHai="126" who="1" fromWho="1" sc="280,-20,207,60,215,-20,298,-20" /><INIT seed="5,1,0,5,0,60" ten="260,267,195,278" oya="1" hai0="29,63,10,32,130,78,74,99,129,2,31,6,133" hai1="107,124,76,125,16,35,87,52,126,83,44,86,36" hai2="110,64,122,65,94,25,134,119,8,103,47,21,11" hai3="58,41,79,39,54,26,116,128,85,42,23,93,28"/><U118/><E118/><V5/><F122/><W111/><G111/><T109/><D109/><U102/><E35/><V77/><F110/><W100/><G116/><T82/><D133/><U24/><E102/><V114/><F134/><W13/><G39/><T120/><D120/><U15/><E107/><V105/><F119/><W92/><G13/><T117/><D117/><U113/><E113/><V71/><F105/><W40/><G100/><T27/><D31/><U108/><E108/><V101/><F71/><W0/><G0/><T22/><D99/><U121/><E24/><V20/><F77/><W95/><G128/><T75/><D75/><N who="1" m="43423" /><E121/><V46/><F114/><W57/><G54/><T88/><D22/><N who="2" m="8810" /><F25/><W115/><G115/><T37/><D37/><U91/><E36/><V89/><F103/><W127/><G127/><T50/><D50/><N who="1" m="28743" /><E91/><V62/><F101/><W61/><G61/><T14/><D88/><U73/><E73/><V84/><F62/><W69/><G69/><T45/><D63/><U97/><E97/><V19/><F19/><W106/><G106/><T135/><D135/><U38/><E38/><V104/><F104/><W98/><G98/><T67/><D130/><U9/><AGARI ba="1,0" hai="9,15,16,86,87,124,125,126" m="28743,43423" machi="9" ten="30,6000,0" yaku="18,1,54,2" doraHai="60" who="1" fromWho="1" sc="260,-21,267,63,195,-21,278,-21" /><INIT seed="5,2,0,0,0,26" ten="239,330,174,257" oya="1" hai0="17,61,33,11,5,134,38,15,40,88,93,116,108" hai1="105,95,100,56,84,46,119,63,44,8,55,68,94" hai2="74,69,89,106,127,14,4,90,87,47,48,10,24" hai3="59,1,37,76,78,75,2,67,64,54,85,57,81"/><U52/><E68/><V118/><F74/><W122/><G37/><T27/><D116/><U109/><E105/><V79/><F106/><W13/><G13/><T9/><D108/><U39/><E119/><V124/><F118/><W123/><G85/><T80/><D134/><U50/><E39/><V66/><F69/><W117/><G117/><T49/><D38/><U70/><E70/><V71/><F71/><W121/><G54/><T96/><D61/><U133/><E133/><V19/><F66/><W23/><G23/><T45/><D80/><U73/><E73/><V125/><F19/><W32/><G32/><T126/><D126/><U102/><E109/><V103/><F103/><W82/><G121/><T92/><D92/><N who="1" m="35371" /><E84/><V130/><F24/><W131/><REACH who="3" step="1"/><G75/><REACH who="3" ten="239,330,174,247" step="2"/><T28/><D5/><U7/><E46/><V42/><REACH who="2" step="1"/><F130/><AGARI ba="2,1" hai="1,2,57,59,64,67,76,78,81,82,122,123,130,131" machi="130" ten="25,6400,0" yaku="1,1,2,1,22,2,53,0" doraHai="26" doraHaiUra="0" who="3" fromWho="2" sc="239,0,330,0,174,-70,247,80" /><INIT seed="6,0,0,4,1,36" ten="239,330,104,327" oya="2" hai0="131,128,23,8,53,49,13,99,28,42,125,133,67" hai1="106,15,88,91,104,96,97,45,58,79,82,94,22" hai2="54,72,11,62,64,2,110,40,76,127,56,47,32" hai3="112,122,134,61,18,59,73,102,93,65,114,81,7"/><V95/><F32/><W29/><G122/><T57/><D125/><U10/><E22/><V108/><F127/><W41/><G134/><T63/><D133/><U135/><E135/><V5/><F95/><W115/><G7/><T130/><D99/><U90/><E58/><V77/><F64/><W118/><G118/><T48/><D28/><U84/><E45/><V38/><REACH who="2" step="1"/><F76/><REACH who="2" ten="239,330,94,327" step="2"/><N who="3" m="44175" /><G93/><T103/><D67/><U116/><E116/><V124/><F124/><W16/><G102/><T107/><D103/><N who="1" m="60823" /><E106/><V98/><F98/><W74/><G65/><T19/><D107/><U132/><E104/><V30/><F30/><W119/><G29/><T24/><D42/><U3/><E132/><V17/><F17/><W101/><G101/><T33/><D33/><U20/><E97/><V21/><F21/><W44/><G119/><T126/><D126/><U34/><E20/><V70/><F70/><W66/><G18/><T39/><D23/><U26/><E34/><V43/><F43/><W111/><G16/><T52/><D24/><U25/><E79/><V9/><F9/><W37/><G111/><T120/><D120/><U85/><E91/><V46/><F46/><W12/><G44/><T51/><D53/><U100/><E100/><V129/><F129/><W83/><G41/><T69/><D69/><U4/><E25/><V1/><F1/><W105/><G105/><T14/><D14/><U121/><E3/><V27/><F27/><W87/><G12/><T109/><D109/><U89/><E26/><V117/><F117/><W60/><G66/><T123/><D123/><U92/><E90/><RYUUKYOKU ba="0,1" sc="239,10,330,10,94,10,327,-30" hai0="8,13,19,39,48,49,51,52,57,63,128,130,131" hai1="4,10,15,82,84,85,88,89,92,121" hai2="2,5,11,38,40,47,54,56,62,72,77,108,110" /><INIT seed="6,1,1,2,4,86" ten="249,340,104,297" oya="2" hai0="44,111,72,45,10,59,39,3,83,73,135,122,58" hai1="118,93,114,56,65,96,0,127,99,102,64,12,101" hai2="126,79,51,22,42,125,66,132,37,46,14,6,84" hai3="67,103,2,61,81,77,8,55,95,36,30,90,71"/><V108/><F37/><W107/><G36/><T104/><D122/><U87/><E118/><V85/><F132/><W26/><G55/><T82/><D111/><U69/><E0/><V4/><F108/><W35/><G2/><T24/><D135/><U100/><E69/><V109/><F109/><W116/><G116/><T98/><D3/><U121/><E114/><V131/><F131/><W106/><G8/><T15/><D24/><U21/><E127/><N who="2" m="48651" /><F66/><N who="1" m="25705" /><E56/><N who="0" m="21545" /><D83/><U11/><E21/><V88/><F84/><W130/><G130/><T29/><D98/><N who="1" m="37419" /><E121/><V31/><F79/><W76/><G103/><T16/><D82/><U27/><E27/><N who="2" m="16887" /><F14/><W54/><G76/><T105/><D15/><U92/><E87/><V124/><N who="2" m="48659" /><V60/><DORA hai="133" /><F60/><W78/><G77/><T5/><D39/><U49/><E49/><V40/><F40/><W25/><G54/><T18/><D73/><U13/><E12/><V74/><F74/><W38/><G38/><T19/><D72/><U112/><E112/><V28/><F28/><W119/><G119/><T48/><D29/><U32/><E32/><V33/><F33/><W23/><G25/><T47/><D48/><U9/><E9/><V129/><F129/><W63/><G63/><T113/><D10/><U52/><E52/><V20/><F20/><W120/><G120/><T80/><D113/><U97/><N who="1" m="37427" /><U91/><DORA hai="134" /><E91/><V94/><AGARI ba="1,1" hai="4,6,42,46,51,85,88,94" m="16887,48659" machi="94" ten="40,36000,4" yaku="18,1,52,9,54,1" doraHai="86,133,134" who="2" fromWho="2" sc="249,-121,340,-121,104,373,297,-121" /><INIT seed="6,2,0,5,1,51" ten="128,219,477,176" oya="2" hai0="4,12,101,32,34,134,81,125,91,18,128,73,105" hai1="79,102,114,38,60,23,121,100,48,93,118,75,71" hai2="92,13,26,50,90,107,132,86,80,28,21,7,96" hai3="131,130,25,49,57,129,27,119,24,1,5,63,10"/><V22/><F107/><W111/><G49/><T122/><D122/><U65/><E118/><V66/><F132/><W135/><G135/><T20/><D134/><U82/><E38/><V36/><F36/><W47/><G47/><T54/><D125/><U126/><E126/><V88/><F66/><W42/><G42/><T98/><D128/><U41/><E114/><V110/><F110/><W84/><G84/><T117/><D117/><U112/><E112/><V115/><F115/><W99/><G99/><T53/><D4/><U83/><E93/><V33/><F7/><W113/><G113/><T56/><D91/><U0/><E0/><V103/><F13/><W72/><G72/><T97/><D97/><U116/><E116/><V58/><F90/><W3/><G119/><T89/><D89/><U11/><E11/><V8/><F8/><W15/><REACH who="3" step="1"/><G111/><REACH who="3" ten="128,219,477,166" step="2"/><T46/><D46/><U67/><E48/><V64/><F50/><W40/><G40/><T29/><D56/><N who="1" m="36999" /><E41/><V45/><F45/><W85/><G85/><T133/><D133/><U44/><E44/><V35/><F58/><W69/><G69/><T70/><D70/><U52/><E75/><V16/><F96/><W104/><G104/><T14/><D73/><U106/><E106/><V68/><F68/><W77/><G77/><T17/><D81/><U31/><E83/><V127/><F80/><W76/><G76/><T78/><D78/><U39/><E82/><V30/><F86/><W59/><G59/><T55/><REACH who="0" step="1"/><D29/><REACH who="0" ten="118,219,477,166" step="2"/><U37/><E79/><V120/><F30/><W2/><G2/><T6/><D6/><RYUUKYOKU ba="2,2" sc="118,15,219,-15,477,-15,166,15" hai0="12,14,17,18,20,32,34,53,54,55,98,101,105" hai3="1,3,5,10,15,24,25,27,57,63,129,130,131" /><INIT seed="7,3,2,4,0,43" ten="133,204,462,181" oya="3" hai0="32,89,61,84,19,92,129,97,33,70,10,106,110" hai1="107,16,50,51,27,0,128,126,111,108,18,85,130" hai2="98,95,117,87,66,114,119,30,3,109,40,65,74" hai3="12,104,42,22,31,91,44,103,8,35,131,113,2"/><W25/><G113/><T60/><D110/><U76/><E107/><V112/><F74/><W7/><G131/><N who="1" m="50218" /><E0/><V124/><F3/><W46/><G42/><T102/><D129/><U56/><E126/><V134/><F30/><W100/><G91/><T17/><D70/><U71/><E71/><V69/><F40/><W125/><G125/><T52/><D61/><U93/><E93/><V63/><F66/><W54/><G54/><T57/><REACH who="0" step="1"/><D10/><REACH who="0" ten="123,204,462,181" step="2"/><U6/><E111/><V82/><F109/><W20/><G20/><T79/><D79/><U72/><E76/><N who="2" m="46535" /><F124/><W5/><G5/><T73/><D73/><U13/><E72/><V34/><F34/><AGARI ba="3,3" hai="17,19,32,33,34,52,57,60,84,89,92,97,102,106" machi="34" ten="40,2600,0" yaku="1,1,54,1,53,0" doraHai="43" doraHaiUra="39" who="0" fromWho="2" sc="123,65,204,0,462,-35,181,0" owari="188,-21.0,204,0.0,427,53.0,181,-32.0" /></mjloggm>