<mjloggm ver="2.3"><GO type="185" lobby="0"/><UN n0="%E3%81%BA%E3%82%93%E3%81%8E%E3%82%93%E3%81%95%E3%82%93" n1="%E2%99%AA%E5%A4%A2%E5%85%88%E6%A1%88%E5%86%85%E4%BA%BA" n2="%63%61%6C%63%2E" n3="" dan="16,17,19,0" rate="2106.93,2259.68,2405.04,1500.00" sx="F,F,M,C"/><TAIKYOKU oya="0"/><INIT seed="0,0,0,5,0,45" ten="350,350,350,0" oya="0" hai0="114,133,67,73,33,102,87,39,117,51,70,86,103" hai1="96,134,75,80,83,98,99,52,49,135,100,104,53" hai2="120,91,3,108,66,59,37,34,38,111,110,57,74" hai3=""/><T85/><D33/><U1/><E1/><V2/><N who="2" m="30752" /><V119/><F34/><T84/><D117/><U129/><E129/><V79/><F119/><T118/><D118/><U122/><N who="1" m="31264" /><U60/><E98/><V47/><F91/><T48/><D114/><U131/><E131/><V71/><F71/><T43/><D133/><N who="1" m="50699" /><E75/><V63/><F59/><T90/><D73/><U41/><E41/><V77/><F74/><T106/><D39/><U46/><E99/><V88/><F3/><T42/><D106/><U64/><E53/><V62/><F2/><T113/><D113/><U40/><E40/><N who="0" m="15401" /><D67/><U130/><E130/><V61/><F37/><T68/><D68/><AGARI ba="0,0" hai="46,49,52,60,64,68,80,83,96,100,104" m="50699,31264" machi="68" ten="30,7700,0" yaku="20,1,52,2,54,1" doraHai="45" who="1" fromWho="0" sc="350,-77,350,77,350,0,0,0" /><INIT seed="1,0,0,4,0,112" ten="273,427,350,0" oya="1" hai0="79,66,59,128,119,39,57,36,133,86,107,65,84" hai1="74,41,77,0,34,85,110,52,98,80,51,81,95" hai2="60,48,115,96,102,72,49,62,123,50,104,129,93" hai3=""/><U63/><E0/><V125/><N who="2" m="31520" /><V38/><F115/><T121/><N who="0" m="31008" /><T106/><D79/><U117/><E34/><V135/><F72/><T69/><D128/><U88/><E110/><V109/><F38/><T89/><D89/><U134/><E134/><V78/><F135/><T3/><D133/><U99/><E117/><V83/><F109/><T127/><D69/><U111/><E111/><V46/><F125/><T116/><REACH who="0" step="1"/><D3/><REACH who="0" ten="263,427,350,0" step="2"/><U47/><REACH who="1" step="1"/><E80/><REACH who="1" ten="263,417,350,0" step="2"/><V108/><F83/><T124/><AGARI ba="0,2" hai="36,39,57,59,65,66,84,86,106,107,116,119,124,127" m="31008" machi="124" ten="25,12000,3" yaku="1,1,2,1,0,1,22,2,52,3,53,2" doraHai="112" doraHaiUra="68" who="0" fromWho="0" sc="263,140,417,-80,350,-40,0,0" /><INIT seed="2,0,0,1,1,112" ten="403,337,310,0" oya="2" hai0="56,94,69,133,57,53,114,126,45,90,80,74,43" hai1="77,110,59,62,132,67,60,88,70,118,36,101,0" hai2="106,71,117,39,125,103,109,41,135,3,121,111,131" hai3=""/><V72/><F103/><T84/><D114/><U113/><E113/><V52/><F52/><T37/><D69/><U115/><E115/><V2/><N who="2" m="31008" /><V99/><F72/><T33/><D126/><U64/><E0/><V54/><F125/><T73/><D133/><U89/><E132/><V81/><F135/><T65/><D33/><U130/><E130/><V120/><N who="2" m="30752" /><V68/><F131/><T98/><D65/><U63/><E36/><V128/><F128/><T55/><D57/><U66/><E110/><N who="2" m="41995" /><F81/><T38/><D38/><U1/><E1/><N who="2" m="11" /><F54/><T61/><REACH who="0" step="1"/><D55/><REACH who="0" ten="393,337,310,0" step="2"/><U97/><E64/><V50/><F39/><T48/><D48/><U91/><E66/><V78/><F68/><T107/><D107/><U104/><E70/><V76/><F71/><T108/><D108/><U58/><E67/><V75/><F50/><T82/><D82/><U134/><E134/><V102/><F41/><T123/><N who="0" m="31520" /><T119/><D119/><U34/><E118/><V93/><F117/><T124/><D124/><U32/><E32/><V105/><F75/><T127/><D127/><U83/><REACH who="1" step="1"/><E34/><REACH who="1" ten="393,327,310,0" step="2"/><V122/><N who="2" m="31264" /><V129/><F129/><T86/><D86/><AGARI ba="0,2" hai="58,59,60,62,63,77,83,86,88,89,91,97,101,104" machi="86" ten="40,2600,0" yaku="1,1,54,1,53,0" doraHai="112" doraHaiUra="44" who="1" fromWho="0" sc="393,-26,327,46,310,0,0,0" /><INIT seed="4,0,0,5,4,91" ten="367,373,310,0" oya="0" hai0="44,70,132,75,47,98,49,71,65,111,64,106,113" hai1="77,33,94,119,40,135,36,2,97,104,133,37,105" hai2="72,3,122,86,90,109,82,43,59,1,42,123,73" hai3=""/><T116/><D116/><U79/><E119/><V96/><N who="2" m="31264" /><V118/><N who="2" m="31520" /><V0/><F118/><T74/><D113/><U38/><E2/><V89/><F109/><T101/><D132/><N who="1" m="50763" /><E33/><V124/><F124/><T92/><D106/><N who="1" m="41067" /><E40/><V50/><F43/><T62/><D111/><U58/><E58/><V103/><F89/><AGARI ba="0,0" hai="36,37,38,77,79,89,94,97" m="41067,50763" machi="89" ten="40,2600,0" yaku="20,1,52,1" doraHai="91" who="1" fromWho="2" sc="367,0,373,26,310,-26,0,0" /><INIT seed="5,0,0,2,4,120" ten="367,399,284,0" oya="1" hai0="60,76,100,103,69,53,95,126,74,59,1,98,39" hai1="36,87,50,51,130,109,108,117,101,90,79,73,85" hai2="78,123,133,96,70,71,57,128,81,112,92,65,64" hai3=""/><U116/><E36/><V47/><N who="2" m="31520" /><V131/><F133/><T2/><D39/><U33/><E33/><V111/><F47/><T91/><D126/><U125/><E125/><V121/><N who="2" m="31008" /><V105/><F105/><T118/><D118/><U110/><E130/><N who="2" m="49707" /><F112/><T107/><D100/><U89/><E101/><V66/><F57/><T56/><D69/><U61/><E61/><V43/><F43/><T132/><D56/><U40/><E73/><V52/><F52/><T134/><D134/><U42/><E109/><V41/><F41/><T115/><D115/><U38/><E38/><V3/><F3/><T55/><D55/><U80/><E79/><V86/><F111/><T129/><D132/><U37/><E37/><V77/><F78/><T54/><D54/><U45/><REACH who="1" step="1"/><E80/><REACH who="1" ten="367,389,284,0" step="2"/><V68/><F71/><T102/><D129/><U44/><AGARI ba="0,1" hai="40,42,44,45,50,51,85,87,89,90,108,110,116,117" machi="44" ten="25,12000,2" yaku="1,1,2,1,0,1,22,2,52,2,53,0" doraHai="120" doraHaiUra="93" who="1" fromWho="1" sc="367,-60,389,130,284,-60,0,0" /><INIT seed="5,1,0,4,0,115" ten="307,519,224,0" oya="1" hai0="113,49,36,118,51,76,72,64,112,103,117,75,107" hai1="89,78,85,40,3,104,48,105,97,84,106,63,126" hai2="1,37,135,47,96,43,34,133,93,87,74,69,95" hai3=""/><U46/><E3/><V56/><F1/><T125/><D125/><U101/><E126/><V82/><F69/><T61/><D107/><U35/><E35/><V94/><F34/><T100/><D36/><U81/><REACH who="1" step="1"/><E63/><REACH who="1" ten="307,509,224,0" step="2"/><V80/><F133/><T39/><D61/><U134/><E134/><V131/><F135/><T66/><D39/><U119/><E119/><V108/><F37/><T88/><REACH who="0" step="1"/><D76/><REACH who="0" ten="297,509,224,0" step="2"/><U110/><E110/><V32/><F108/><T71/><D71/><U53/><E53/><V41/><F32/><T120/><N who="0" m="30752" /><T65/><D65/><U58/><E58/><V123/><F56/><T2/><D2/><U124/><E124/><V79/><F123/><T62/><D62/><U116/><E116/><V50/><F79/><T127/><D127/><U54/><E54/><V33/><F33/><T67/><D67/><U42/><E42/><V55/><F43/><T45/><D45/><U57/><E57/><V111/><F111/><T98/><D98/><U44/><E44/><V59/><F96/><T129/><D129/><U91/><E91/><AGARI ba="1,2" hai="49,51,64,66,72,75,88,91,100,103,112,113,117,118" m="30752" machi="91" ten="25,12000,2" yaku="1,1,22,2,52,3,54,1,53,0" doraHai="115" doraHaiUra="92" who="0" fromWho="1" sc="297,142,509,-122,224,0,0,0" /><INIT seed="6,0,0,4,5,42" ten="439,387,224,0" oya="2" hai0="111,75,121,88,45,34,110,48,78,87,62,100,61" hai1="71,2,46,92,128,132,123,115,133,51,130,33,82" hai2="117,52,99,94,70,97,63,84,69,35,53,74,56" hai3=""/><V67/><F117/><T41/><N who="0" m="31008" /><T105/><D34/><U58/><N who="1" m="31520" /><U108/><E108/><V0/><F74/><T54/><D62/><U3/><E33/><V79/><F35/><T106/><D106/><U86/><E71/><V57/><F0/><N who="1" m="41" /><E58/><V37/><F37/><T122/><N who="0" m="31264" /><T134/><D134/><N who="1" m="51819" /><E92/><V85/><F79/><T89/><D89/><U118/><E118/><V32/><F32/><T64/><D100/><U38/><E38/><V131/><F94/><T68/><D105/><U77/><E115/><V36/><F36/><T40/><D110/><U103/><E103/><V73/><F73/><T49/><D111/><U113/><E113/><V102/><F102/><T101/><D101/><U116/><E116/><V50/><F131/><T114/><D114/><U93/><E93/><V66/><REACH who="2" step="1"/><F63/><REACH who="2" ten="439,387,214,0" step="2"/><T119/><D119/><U127/><E127/><V124/><F124/><T135/><D135/><U98/><E98/><V126/><F126/><T47/><D75/><U109/><E109/><V65/><F65/><T125/><D125/><U59/><E130/><V96/><F96/><T39/><D78/><U90/><E128/><V60/><F60/><T72/><D72/><U95/><E77/><V129/><F129/><RYUUKYOKU ba="0,1" sc="439,-10,387,-10,214,20,0,0" hai2="50,52,53,56,57,66,67,69,70,84,85,97,99" /><INIT seed="6,1,1,2,2,134" ten="429,377,234,0" oya="2" hai0="93,63,99,47,60,72,55,77,118,73,40,33,65" hai1="54,132,80,92,123,102,48,108,51,41,86,52,38" hai2="49,106,97,58,91,74,115,76,69,101,87,96,89" hai3=""/><V95/><F69/><T126/><D118/><U128/><N who="1" m="31520" /><U94/><E108/><V78/><F115/><T57/><D126/><U35/><E35/><V112/><F112/><T109/><D77/><N who="2" m="29802" /><F58/><T84/><D109/><U66/><E66/><V46/><F49/><T81/><D84/><U68/><E68/><V111/><F46/><T61/><D81/><U64/><E64/><V53/><F53/><T67/><D33/><U0/><E80/><V122/><N who="2" m="31264" /><V135/><F111/><T120/><N who="0" m="30752" /><T103/><D61/><U88/><E0/><V1/><F1/><T70/><D67/><U133/><E41/><V42/><F42/><T125/><D125/><U36/><E48/><AGARI ba="1,1" hai="40,47,48,55,57,60,63,65,70,72,73,93,99,103" m="30752" machi="48" ten="30,2000,0" yaku="7,1,52,1" doraHai="134" who="0" fromWho="1" sc="429,32,377,-22,234,0,0,0" owari="461,41.0,355,-4.0,234,-37.0,0,0.0" /></mjloggm>