<mjloggm ver="2.3"><GO type="185" lobby="0"/><UN n0="%E5%A4%A9%E3%83%B6%E7%80%AC%E5%A5%88%E6%9C%88" n1="%E6%B5%B7%E8%83%86%E3%83%88%E3%83%AD%E7%83%8F%E8%B3%8A" n2="%E3%83%84%E3%83%BC%E3%82%A2%E3%82%A6%E3%83%88" n3="" dan="17,18,16,0" rate="2227.87,2378.76,2110.40,1500.00" sx="M,M,M,C"/><TAIKYOKU oya="0"/><INIT seed="0,0,0,2,1,81" ten="350,350,350,0" oya="0" hai0="90,112,34,69,38,77,86,44,37,134,93,98,91" hai1="130,115,124,101,65,83,88,74,72,54,117,62,78" hai2="99,67,100,125,126,41,58,105,110,111,109,120,135" hai3=""/><T84/><D34/><U114/><E117/><V116/><N who="2" m="30752" /><V50/><F116/><T35/><D112/><N who="1" m="43051" /><E130/><V119/><F119/><T68/><D35/><U51/><E124/><N who="2" m="47723" /><F135/><T95/><D134/><U118/><E101/><V85/><F41/><T36/><D77/><U61/><E118/><V3/><F3/><T46/><D98/><U87/><E78/><V131/><F131/><T0/><D0/><U127/><E127/><V113/><F113/><T42/><REACH who="0" step="1"/><D46/><REACH who="0" ten="340,350,350,0" step="2"/><U63/><E65/><V1/><F1/><T132/><D132/><U102/><E102/><V40/><F100/><T106/><D106/><U129/><E129/><V47/><F105/><T60/><D60/><N who="1" m="15363" /><U56/><AGARI ba="0,1" hai="51,54,56,72,74,83,87,88" m="15363,43051" machi="56" ten="40,6000,1" yaku="4,1,11,1,52,1,54,1" doraHai="81" who="1" fromWho="1" sc="340,-40,350,70,350,-20,0,0" /><INIT seed="1,0,0,1,1,106" ten="300,420,330,0" oya="1" hai0="123,2,1,117,114,45,70,49,122,57,37,88,63" hai1="44,102,103,42,61,84,83,36,94,126,64,113,50" hai2="107,46,97,120,32,56,108,100,112,125,118,105,60" hai3=""/><U75/><E113/><V58/><N who="2" m="30752" /><V3/><F112/><T86/><N who="0" m="31264" /><T128/><N who="0" m="31520" /><T40/><D114/><U55/><E126/><V104/><F32/><T43/><D128/><U99/><E102/><V59/><F125/><T135/><D135/><U134/><E134/><V132/><F3/><T90/><D117/><U133/><E133/><V0/><F0/><T121/><N who="0" m="31008" /><T69/><D69/><U89/><E75/><V116/><F132/><T130/><D130/><U129/><E129/><V115/><F115/><T87/><D70/><U111/><E111/><V98/><F108/><T41/><D1/><U109/><E109/><V77/><F77/><T54/><D2/><U74/><E74/><V101/><F46/><T93/><REACH who="0" step="1"/><D37/><REACH who="0" ten="290,420,330,0" step="2"/><U72/><E36/><V131/><F131/><T119/><D119/><U53/><E72/><V73/><F73/><T65/><D65/><U91/><E103/><V35/><F35/><T78/><D78/><U52/><REACH who="1" step="1"/><E64/><REACH who="1" ten="290,410,330,0" step="2"/><V38/><F118/><T51/><D51/><U34/><E34/><V33/><F116/><T95/><AGARI ba="0,2" hai="40,41,43,45,49,54,57,63,86,87,88,90,93,95" m="31008,31520,31264" machi="95" ten="20,12000,3" yaku="1,1,0,1,7,1,9,1,8,1,52,3,54,1,53,0" doraHai="106" doraHaiUra="79" who="0" fromWho="0" sc="290,140,410,-80,330,-40,0,0" /><INIT seed="2,0,0,2,5,107" ten="430,330,290,0" oya="2" hai0="58,62,80,111,121,124,79,39,72,116,95,113,119" hai1="46,51,108,36,123,49,75,44,2,37,33,88,89" hai2="41,59,83,67,35,57,99,73,0,96,82,109,43" hai3=""/><V85/><F0/><T104/><N who="0" m="31008" /><T128/><D104/><U64/><N who="1" m="31520" /><U126/><E2/><V42/><F35/><T84/><D39/><U77/><E33/><V98/><F109/><T131/><D111/><U78/><E64/><V69/><F69/><T129/><D124/><U114/><E108/><V127/><F127/><T76/><D113/><U102/><E126/><V45/><F67/><T48/><D48/><U3/><E3/><V132/><F132/><T112/><D112/><U117/><E114/><V60/><F60/><T103/><D103/><U32/><E32/><V93/><F45/><T53/><D79/><U71/><E102/><V70/><F70/><T101/><D101/><U125/><E71/><V38/><F38/><T92/><D84/><U100/><E100/><V97/><F73/><T40/><D40/><U91/><E91/><V120/><N who="2" m="30752" /><V94/><N who="2" m="24576" /><DORA hai="81" /><V52/><F83/><T66/><D66/><U130/><E125/><V50/><F59/><T134/><D134/><U54/><E36/><V1/><F1/><T74/><D74/><U90/><E75/><V68/><F68/><T110/><D110/><U115/><E37/><V122/><N who="2" m="31264" /><V135/><F135/><T61/><D61/><RYUUKYOKU ba="0,0" sc="430,10,330,-20,290,10,0,0" hai0="53,58,62,72,76,80,92,95,116,119,128,129,131" hai2="41,42,43,50,52,57,82,85,93,94" /><INIT seed="2,1,0,1,2,134" ten="440,310,300,0" oya="2" hai0="58,121,1,59,39,78,62,88,86,56,2,106,76" hai1="73,44,107,48,94,83,118,126,135,33,50,131,71" hai2="63,80,116,125,68,41,36,81,61,120,53,35,34" hai3=""/><V46/><N who="2" m="30752" /><V100/><F116/><T79/><N who="0" m="31008" /><T102/><D39/><U43/><E107/><V82/><F125/><T32/><D32/><U115/><E33/><V55/><F100/><T49/><D62/><U133/><E115/><V47/><F35/><T119/><D119/><U93/><E118/><V98/><F34/><T124/><D124/><U90/><E71/><V77/><F77/><T67/><D67/><U114/><E114/><V66/><F98/><T3/><D102/><U91/><E131/><V89/><F63/><T132/><D106/><U51/><E126/><V117/><F117/><T72/><D72/><U40/><E73/><V109/><F109/><T85/><D132/><U101/><E101/><V64/><F64/><T112/><D112/><U54/><E133/><V123/><N who="2" m="31520" /><V92/><REACH who="2" step="1"/><F47/><REACH who="2" ten="440,310,290,0" step="2"/><T128/><D128/><U87/><E135/><V75/><F75/><T127/><D127/><U113/><E113/><V38/><F38/><T129/><D129/><U37/><E37/><V103/><F103/><T60/><D60/><U130/><E130/><V70/><F70/><T45/><D88/><U52/><E90/><V99/><AGARI ba="1,1" hai="36,41,46,53,55,61,66,68,80,81,82,89,92,99" m="31520,30752" machi="99" ten="30,8000,1" yaku="1,1,0,1,52,2,53,1" doraHai="134" doraHaiUra="95" who="2" fromWho="2" sc="440,-41,310,-41,290,92,0,0" /><INIT seed="2,2,0,2,2,101" ten="399,269,382,0" oya="2" hai0="50,74,99,61,84,75,49,71,58,129,111,132,106" hai1="47,68,40,109,131,48,90,3,55,42,76,73,95" hai2="110,88,89,34,126,1,97,67,78,115,92,69,63" hai3=""/><V93/><F115/><T0/><D0/><U112/><E112/><V52/><F1/><T35/><D35/><U62/><E3/><V79/><F126/><T121/><N who="0" m="31008" /><T36/><D36/><U57/><E109/><V125/><F125/><T44/><D111/><U128/><E68/><V123/><N who="2" m="31520" /><V65/><F34/><T66/><D129/><N who="1" m="49739" /><E76/><V118/><F118/><T105/><D132/><U54/><E73/><V38/><F38/><T64/><D84/><AGARI ba="2,0" hai="40,42,47,48,54,55,57,62,84,90,95" m="49739" machi="84" ten="30,1000,0" yaku="19,1" doraHai="101" who="1" fromWho="0" sc="399,-14,269,14,382,0,0,0" /><INIT seed="4,0,0,5,2,83" ten="385,283,382,0" oya="0" hai0="82,49,44,42,89,81,92,87,94,32,120,114,116" hai1="110,102,126,74,121,124,100,68,78,133,95,128,101" hai2="86,77,131,112,99,118,34,111,129,43,54,134,72" hai3=""/><T91/><N who="0" m="30752" /><T50/><D32/><U62/><N who="1" m="31008" /><U57/><E110/><V71/><F71/><T46/><D114/><U135/><E68/><V125/><F34/><T97/><REACH who="0" step="1"/><D116/><REACH who="0" ten="375,283,382,0" step="2"/><U70/><E135/><V105/><F134/><T2/><D2/><U59/><E133/><V113/><F118/><T107/><D107/><U67/><E124/><V106/><F125/><T63/><D63/><U36/><E126/><V38/><F112/><T37/><D37/><U75/><E36/><V108/><F38/><T69/><D69/><U45/><E70/><V103/><F113/><T65/><D65/><U53/><E67/><V79/><F106/><T61/><D61/><U90/><E62/><V52/><F111/><T123/><N who="0" m="31520" /><T85/><D85/><U1/><E1/><V104/><F108/><T58/><D58/><U0/><E0/><V115/><F105/><T96/><D96/><U80/><E59/><V33/><F115/><T3/><D3/><U51/><E57/><V64/><F104/><T60/><D60/><U109/><E109/><V127/><F33/><T84/><D84/><U48/><E75/><V66/><F72/><T76/><D76/><U41/><E78/><V93/><F127/><T55/><AGARI ba="0,1" hai="42,44,46,49,50,55,81,82,87,89,91,92,94,97" m="31520,30752" machi="55" ten="20,16000,3" yaku="1,1,5,1,0,1,7,1,8,1,52,3,53,0" doraHai="83" doraHaiUra="130" who="0" fromWho="0" sc="375,170,283,-80,382,-80,0,0" /><INIT seed="4,1,0,4,3,108" ten="545,203,302,0" oya="0" hai0="43,36,113,83,128,89,107,135,49,51,58,114,74" hai1="125,56,86,44,91,35,96,132,61,77,57,105,40" hai2="65,67,111,2,54,82,42,45,1,112,81,79,100" hai3=""/><T62/><D107/><U92/><E35/><V85/><F112/><N who="0" m="43114" /><D135/><U39/><E132/><V70/><F111/><T129/><D36/><U69/><E125/><V68/><F100/><T97/><D74/><U41/><E105/><V75/><F54/><T120/><N who="0" m="30752" /><T87/><D97/><U116/><E116/><V71/><F2/><T59/><D59/><U48/><E57/><V55/><F55/><T73/><D73/><U110/><E110/><V117/><F117/><T47/><D51/><U46/><E56/><V63/><F1/><T33/><D33/><U34/><E34/><V101/><F63/><T95/><D95/><U98/><E61/><V88/><REACH who="2" step="1"/><F101/><REACH who="2" ten="545,203,292,0" step="2"/><T66/><AGARI ba="1,1" hai="43,47,49,58,62,66,83,87,89,128,129" m="30752,43114" machi="66" ten="30,8000,1" yaku="15,1,52,4" doraHai="108" who="0" fromWho="0" sc="545,92,203,-41,292,-41,0,0" /><INIT seed="4,2,0,2,0,0" ten="637,162,251,0" oya="0" hai0="127,107,71,47,69,54,65,117,132,76,73,99,116" hai1="90,110,66,70,112,2,72,105,50,131,67,128,114" hai2="124,84,82,46,51,100,89,83,53,77,118,59,63" hai3=""/><T96/><D127/><U80/><E2/><V97/><F124/><T34/><D34/><U126/><E126/><V134/><F134/><T41/><D132/><U122/><N who="1" m="31264" /><U101/><E110/><V133/><F133/><T79/><D54/><U37/><E37/><V49/><F118/><T119/><D65/><N who="1" m="24587" /><E70/><V33/><F33/><T111/><D111/><U92/><E105/><V1/><F1/><T113/><D113/><N who="1" m="43627" /><E101/><V123/><N who="2" m="31520" /><V125/><F125/><T104/><D119/><U36/><E36/><V3/><F3/><T56/><D104/><U43/><E80/><V64/><F83/><T129/><D107/><U103/><E72/><V85/><F100/><T39/><D73/><U81/><E81/><V58/><F82/><T135/><D135/><U106/><E103/><V45/><F77/><T55/><D79/><U93/><E106/><V108/><F108/><T109/><D109/><U115/><N who="1" m="43635" /><U38/><DORA hai="102" /><E38/><V121/><N who="2" m="31008" /><V44/><F49/><T52/><D116/><U32/><E32/><V98/><F89/><T61/><D117/><U94/><E90/><V74/><F74/><T48/><D76/><U95/><N who="1" m="24064" /><DORA hai="120" /><U75/><E75/><V42/><F42/><T130/><D41/><RYUUKYOKU ba="2,0" sc="637,-20,162,10,251,10,0,0" hai1="43,50,128,131" hai2="44,45,46,51,53,58,59,63,64,84,85,97,98" /><INIT seed="5,3,0,5,1,114" ten="617,172,261,0" oya="1" hai0="56,111,60,72,124,69,2,128,101,58,0,49,47" hai1="53,37,3,122,80,55,88,1,97,120,81,129,77" hai2="107,103,92,89,66,71,83,42,105,59,113,94,95" hai3=""/><U48/><N who="1" m="30752" /><U121/><N who="1" m="31008" /><U106/><N who="1" m="31264" /><U119/><E37/><V32/><F32/><T85/><D72/><U61/><E119/><V67/><F71/><T102/><D111/><U82/><E129/><V75/><F113/><T34/><D34/><U90/><E77/><V38/><F42/><T87/><D69/><U45/><E106/><V125/><F38/><T104/><D128/><U132/><E132/><V109/><F109/><T65/><D124/><U54/><E61/><V135/><F125/><T117/><D117/><U93/><REACH who="1" step="1"/><E90/><REACH who="1" ten="617,162,261,0" step="2"/><V127/><F127/><T131/><D131/><U43/><AGARI ba="3,1" hai="1,3,43,45,48,53,54,55,80,81,82,88,93,97" m="31264,31008,30752" machi="43" ten="30,12000,2" yaku="1,1,2,1,0,1,52,3,54,1,53,0" doraHai="114" doraHaiUra="98" who="1" fromWho="1" sc="617,-63,162,136,261,-63,0,0" /><INIT seed="5,4,0,1,3,66" ten="554,298,198,0" oya="1" hai0="107,118,50,40,80,119,86,116,56,1,37,41,114" hai1="0,128,33,87,84,43,65,71,99,45,132,47,62" hai2="113,2,67,58,94,64,102,105,68,81,32,73,44" hai3=""/><U117/><E117/><V101/><F32/><T98/><D1/><U34/><E0/><V125/><F2/><T130/><D114/><U3/><E3/><V85/><F113/><T61/><D130/><U55/><E128/><V126/><F105/><T123/><N who="0" m="31520" /><T78/><D37/><U100/><E132/><V52/><F73/><T76/><D76/><U109/><E109/><V135/><F135/><T112/><D112/><U74/><E74/><V79/><F44/><T35/><D35/><U63/><E33/><V115/><F115/><T108/><D108/><U46/><E43/><V127/><F68/><T49/><D40/><U134/><E134/><V39/><F39/><T59/><D41/><U129/><E129/><V42/><F42/><T54/><D59/><U82/><E82/><V51/><F94/><T38/><D38/><U60/><E34/><V95/><F95/><T69/><D69/><U89/><E55/><V90/><F79/><T121/><N who="0" m="31008" /><T53/><D54/><U131/><E131/><V36/><F36/><T96/><D107/><U124/><E124/><V110/><F110/><T122/><N who="0" m="31264" /><T70/><D49/><U103/><E71/><V106/><F106/><T104/><D104/><U72/><E45/><RYUUKYOKU ba="4,0" sc="554,10,298,-20,198,10,0,0" hai0="50,53,56,61,70,78,80,86,96,98,116,118,119" hai2="51,52,58,64,67,81,85,90,101,102,125,126,127" /><INIT seed="6,5,0,3,3,121" ten="564,278,208,0" oya="2" hai0="60,132,69,89,95,111,75,107,61,131,78,86,113" hai1="130,99,119,117,91,124,74,102,37,51,125,133,83" hai2="48,54,68,64,98,84,3,122,103,90,32,46,112" hai3=""/><V126/><N who="2" m="31264" /><V65/><F32/><T80/><D111/><U129/><E37/><V59/><F3/><T49/><D131/><N who="1" m="50187" /><E51/><V52/><F126/><N who="1" m="48745" /><E133/><V114/><F68/><T115/><D132/><U88/><E74/><V67/><F98/><T76/><D107/><U55/><E55/><V120/><N who="2" m="30752" /><V118/><F103/><T100/><D78/><U58/><E58/><V116/><F116/><N who="1" m="44617" /><E83/><V57/><F118/><T71/><D100/><U40/><E40/><V134/><F134/><T50/><D89/><U77/><E77/><V35/><F35/><T34/><D95/><AGARI ba="5,0" hai="88,91,95,99,102" m="44617,48745,50187" machi="95" ten="40,12000,2" yaku="19,1,18,1,12,1,34,2,54,1" doraHai="121" who="1" fromWho="0" sc="564,-130,278,130,208,0,0,0" owari="434,38.0,408,1.0,208,-39.0,0,0.0" /></mjloggm>