<mjloggm ver="2.3"><GO type="185" lobby="0"/><UN n0="%E3%81%82%E3%81%9F%E3%82%89%E3%81%AA%E3%81%84%E3%81%A7%EF%BC%81" n1="%E3%81%BA%E3%82%93%E3%81%8E%E3%82%93%E3%81%95%E3%82%93" n2="%63%61%6C%63%2E" n3="" dan="16,16,19,0" rate="2149.41,2118.00,2394.94,1500.00" sx="M,F,M,C"/><TAIKYOKU oya="0"/><INIT seed="0,0,0,4,4,64" ten="350,350,350,0" oya="0" hai0="37,84,95,36,119,34,91,102,129,133,62,99,81" hai1="86,111,130,109,122,124,38,50,61,74,106,92,73" hai2="70,87,42,75,46,96,134,77,78,63,85,54,97" hai3=""/><T93/><D119/><U114/><N who="1" m="31264" /><U132/><E38/><V94/><F75/><T100/><D34/><U67/><E106/><V51/><F134/><T135/><D129/><U2/><E2/><V110/><F110/><T48/><D48/><U115/><E132/><N who="0" m="50761" /><D62/><U89/><E130/><V66/><F42/><T52/><D52/><U35/><E35/><V58/><F46/><T39/><D100/><U125/><E50/><V112/><F51/><T57/><D57/><U128/><E128/><V65/><F54/><T3/><D3/><U90/><E89/><V80/><F63/><T108/><D108/><N who="1" m="41547" /><E67/><V117/><F65/><T55/><D55/><U83/><E61/><V104/><F66/><T76/><D36/><U82/><E74/><AGARI ba="0,0" hai="37,39,74,76,81,84,91,93,95,99,102" m="50761" machi="74" ten="30,1500,0" yaku="20,1" doraHai="64" who="0" fromWho="1" sc="350,15,350,-15,350,0,0,0" /><INIT seed="0,1,0,3,5,69" ten="365,335,350,0" oya="0" hai0="45,51,53,39,135,95,101,38,105,62,92,73,37" hai1="0,96,125,56,123,128,122,107,88,132,52,83,119" hai2="115,61,41,76,35,67,46,80,32,94,50,106,86" hai3=""/><T59/><D73/><U1/><N who="1" m="31264" /><U121/><N who="1" m="31008" /><U118/><N who="1" m="31520" /><U82/><E132/><V40/><F106/><T93/><D135/><U44/><E128/><V65/><F115/><T112/><D112/><U87/><E125/><V99/><F41/><T81/><D105/><U129/><E129/><V89/><F65/><T78/><D101/><U91/><E44/><V108/><F108/><T84/><REACH who="0" step="1"/><D95/><REACH who="0" ten="355,335,350,0" step="2"/><U98/><E107/><V127/><F127/><T34/><D34/><U68/><E1/><V126/><F126/><T57/><D57/><AGARI ba="1,1" hai="32,35,40,46,50,57,61,67,76,80,86,89,94,99" machi="57" ten="30,1000,0" yaku="7,1" doraHai="69" who="2" fromWho="0" sc="355,-12,335,0,350,22,0,0" /><INIT seed="1,0,0,1,2,65" ten="343,335,372,0" oya="1" hai0="68,103,50,64,116,60,95,34,75,130,90,111,41" hai1="128,78,118,3,121,38,2,39,81,73,86,106,62" hai2="69,88,84,122,100,89,45,76,72,98,125,112,129" hai3=""/><U77/><N who="1" m="31008" /><U56/><E118/><V115/><N who="2" m="31264" /><V120/><N who="2" m="30752" /><V66/><F129/><T101/><D34/><U35/><E35/><V91/><F125/><T82/><D116/><U92/><E106/><V48/><F72/><T40/><D130/><U67/><E128/><V54/><F76/><T126/><D126/><U102/><E77/><V119/><F119/><T87/><D111/><U114/><E114/><N who="2" m="43563" /><F84/><T55/><D103/><U52/><E67/><V57/><F69/><T32/><D32/><U97/><REACH who="1" step="1"/><E73/><REACH who="1" ten="343,325,372,0" step="2"/><V108/><F108/><T113/><D113/><U94/><E94/><V42/><F66/><T104/><D104/><U85/><E85/><V96/><F100/><T79/><D101/><U83/><E83/><V110/><F110/><T99/><D75/><U63/><E63/><AGARI ba="0,1" hai="42,45,48,54,57,63,88,89,91,96,98" m="43563,30752,31264" machi="63" ten="30,7700,0" yaku="11,1,52,2,54,1" doraHai="65" who="2" fromWho="1" sc="343,0,325,-77,372,87,0,0" /><INIT seed="2,0,0,4,5,132" ten="343,248,459,0" oya="2" hai0="86,131,63,78,102,49,32,120,105,121,98,128,2" hai1="124,92,65,117,3,118,89,96,74,75,68,88,114" hai2="87,0,113,42,64,47,130,50,73,34,1,67,119" hai3=""/><V41/><F113/><T82/><N who="0" m="30752" /><T77/><N who="0" m="31008" /><T61/><D2/><U59/><E114/><V80/><F119/><N who="1" m="45577" /><E3/><V38/><F34/><T108/><D32/><U135/><E135/><V84/><F73/><N who="1" m="27657" /><E68/><V110/><F130/><N who="0" m="49706" /><D108/><U37/><E37/><V133/><F133/><T62/><D49/><U33/><E33/><V109/><F50/><T69/><D69/><U116/><E116/><V51/><F51/><T35/><D35/><U97/><E59/><V101/><F38/><T104/><D104/><U106/><E65/><V48/><F48/><T55/><D55/><U79/><E79/><AGARI ba="0,0" hai="61,62,63,77,78,79,82,86,98,102,105" m="49706,31008,30752" machi="79" ten="30,3900,0" yaku="19,1,52,2" doraHai="132" who="0" fromWho="1" sc="343,39,248,-39,459,0,0,0" /><INIT seed="4,0,0,1,3,46" ten="382,209,459,0" oya="0" hai0="90,83,74,59,37,81,126,91,129,124,39,2,0" hai1="71,36,119,63,103,55,110,134,61,76,121,127,56" hai2="79,99,51,131,123,130,49,69,96,106,62,135,87" hai3=""/><T3/><D129/><N who="2" m="49162" /><F135/><T102/><D102/><U60/><N who="1" m="31008" /><U45/><E134/><V116/><N who="2" m="31520" /><V73/><F73/><T107/><D107/><U132/><E110/><V53/><F116/><T66/><D66/><U38/><E132/><V85/><F79/><T65/><D65/><U54/><E119/><V33/><F33/><T44/><D59/><U128/><E128/><V82/><F69/><T34/><D34/><U101/><E76/><V64/><F64/><T57/><D57/><U68/><E101/><V118/><F106/><T41/><D74/><U92/><E92/><V40/><F62/><N who="1" m="24169" /><E103/><V111/><F111/><T98/><D98/><U89/><E89/><N who="0" m="33801" /><D39/><N who="1" m="14891" /><E127/><AGARI ba="0,0" hai="0,2,3,37,41,44,81,83,124,126,127" m="33801" machi="127" ten="40,2000,0" yaku="18,1" doraHai="46" who="0" fromWho="1" sc="382,20,209,-20,459,0,0,0" /><INIT seed="4,1,0,0,0,92" ten="402,189,459,0" oya="0" hai0="2,41,70,56,130,48,34,52,68,128,135,69,57" hai1="91,35,62,46,50,102,66,109,59,65,99,124,134" hai2="45,108,79,54,118,82,78,51,120,127,116,63,90" hai3=""/><T58/><D2/><U112/><E35/><V39/><N who="2" m="30752" /><V105/><F108/><T114/><D34/><U111/><E134/><V77/><F127/><T33/><D33/><U100/><E124/><V107/><F39/><T74/><D74/><U98/><E112/><V73/><F63/><T80/><D80/><U53/><E91/><V1/><F1/><T83/><D83/><U64/><E109/><V75/><F73/><T88/><D88/><U55/><E111/><V97/><F75/><T0/><D0/><U67/><N who="1" m="16384" /><DORA hai="123" /><U101/><AGARI ba="1,0" hai="46,50,53,55,59,62,98,99,100,101,102" m="16384" machi="101" ten="50,6000,1" yaku="4,1,0,1,8,1,52,2" doraHai="92,123" who="1" fromWho="1" sc="402,-41,189,62,459,-21,0,0" /><INIT seed="5,0,0,0,1,80" ten="361,251,438,0" oya="1" hai0="125,135,117,63,51,47,72,113,36,41,64,53,32" hai1="61,100,101,62,120,88,104,71,103,123,87,79,73" hai2="42,40,35,37,97,66,60,93,57,98,77,94,121" hai3=""/><U127/><N who="1" m="30752" /><U59/><N who="1" m="31520" /><U96/><E127/><V75/><N who="2" m="31008" /><V1/><F35/><T129/><D32/><U49/><E71/><V68/><F1/><T39/><D72/><U124/><E124/><V91/><F37/><T52/><D125/><U55/><E62/><V128/><F128/><T43/><D129/><U134/><E134/><V83/><REACH who="2" step="1"/><F68/><REACH who="2" ten="361,251,428,0" step="2"/><T56/><D135/><U131/><E131/><V50/><F50/><T106/><D117/><U110/><E110/><V86/><F86/><T90/><D39/><U69/><E69/><V44/><F44/><T118/><D118/><U130/><E130/><V105/><F105/><T38/><D106/><U84/><E49/><V133/><F133/><T54/><D36/><U48/><E48/><V122/><N who="2" m="31264" /><V45/><F45/><T126/><D126/><U114/><E114/><V108/><F108/><T65/><D113/><U107/><E107/><V81/><F81/><T92/><D38/><U46/><E46/><V132/><F132/><T109/><D109/><U0/><E0/><V102/><AGARI ba="0,1" hai="40,42,57,60,66,75,77,83,91,93,94,97,98,102" m="31264,31008" machi="102" ten="20,6000,1" yaku="1,1,0,1,7,1,52,2,53,0" doraHai="80" doraHaiUra="115" who="2" fromWho="2" sc="361,-20,251,-40,428,70,0,0" /><INIT seed="6,0,0,4,2,48" ten="341,211,498,0" oya="2" hai0="36,86,45,58,3,53,67,51,63,130,66,132,55" hai1="60,34,106,104,32,72,37,68,79,39,2,126,42" hai2="78,75,135,49,57,1,134,131,81,105,109,83,61" hai3=""/><V102/><F1/><T116/><D3/><U127/><E79/><V107/><F131/><T119/><D86/><U117/><E60/><V122/><N who="2" m="31264" /><V111/><F49/><T93/><D93/><U120/><E42/><V84/><F102/><T76/><D76/><U65/><E65/><V47/><F47/><T112/><D130/><U121/><N who="1" m="30752" /><U62/><E62/><V43/><F43/><T82/><D82/><U71/><N who="1" m="31008" /><U103/><E103/><V35/><F35/><N who="1" m="13353" /><E117/><V125/><F84/><T0/><D0/><U73/><E127/><V50/><F125/><T87/><D87/><U80/><E80/><V118/><F118/><T129/><D129/><U64/><E64/><V89/><F78/><T46/><D119/><U94/><E94/><V52/><F81/><T110/><D116/><U95/><E95/><V56/><F61/><T88/><D63/><U40/><E126/><V97/><F83/><T74/><D51/><U96/><E40/><V91/><F50/><T59/><D46/><U101/><E2/><V123/><F123/><T113/><D45/><U99/><E96/><V85/><F97/><T114/><D66/><U41/><E99/><V100/><F100/><T115/><N who="0" m="28672" /><DORA hai="90" /><T54/><D67/><RYUUKYOKU ba="0,0" sc="341,0,211,0,498,0,0,0" owari="341,-6.0,211,-39.0,498,45.0,0,0.0" /></mjloggm>