<mjloggm ver="2.3"><GO type="185" lobby="0"/><UN n0="%E3%81%BA%E3%82%93%E3%81%8E%E3%82%93%E3%81%95%E3%82%93" n1="%E3%81%82%E3%81%9F%E3%82%89%E3%81%AA%E3%81%84%E3%81%A7%EF%BC%81" n2="%63%61%6C%63%2E" n3="" dan="16,16,19,0" rate="2113.69,2149.77,2398.31,1500.00" sx="F,M,M,C"/><TAIKYOKU oya="0"/><INIT seed="0,0,0,4,3,60" ten="350,350,350,0" oya="0" hai0="109,3,56,53,82,33,106,94,116,111,32,84,41" hai1="70,63,86,100,80,0,99,73,76,49,52,98,71" hai2="131,89,102,38,72,110,48,61,97,34,77,69,113" hai3=""/><T83/><D3/><U91/><E0/><V87/><F113/><T117/><D106/><U122/><N who="1" m="31264" /><U35/><E35/><N who="0" m="13385" /><D41/><U39/><E39/><V124/><F38/><T132/><D94/><U51/><E51/><V126/><F48/><T50/><D132/><U129/><E129/><V133/><F61/><T92/><D92/><U135/><E135/><V114/><F131/><T119/><D84/><U2/><E2/><V43/><F87/><T107/><D107/><U112/><E112/><V95/><F43/><T57/><D57/><U46/><E63/><V45/><F114/><T125/><D125/><U104/><E99/><V47/><F97/><T40/><D40/><U90/><E91/><V123/><F89/><T127/><D127/><U120/><N who="1" m="30752" /><U88/><E90/><V58/><F34/><T128/><D128/><U59/><E59/><V101/><F133/><T55/><D55/><U96/><E96/><V105/><F58/><T81/><D116/><U93/><AGARI ba="0,0" hai="46,49,52,70,71,73,76,80,86,88,93,98,100,104" m="30752,31264" machi="93" ten="20,12000,3" yaku="0,1,7,1,24,2,52,2,54,2" doraHai="60" who="1" fromWho="1" sc="350,-80,350,120,350,-40,0,0" /><INIT seed="1,0,0,4,5,98" ten="270,470,310,0" oya="1" hai0="2,132,106,80,72,43,108,60,90,38,115,96,50" hai1="116,100,99,81,83,109,107,113,62,48,34,58,110" hai2="69,64,35,42,94,101,102,46,65,91,75,68,88" hai3=""/><U59/><E34/><V52/><F75/><T86/><D2/><U45/><E116/><V71/><F35/><T57/><D108/><N who="1" m="41579" /><E113/><V51/><F91/><T131/><D132/><U74/><E74/><V82/><F82/><N who="1" m="31241" /><E62/><V44/><F65/><T67/><D131/><U47/><E47/><V41/><F64/><T125/><D72/><U66/><E66/><V37/><REACH who="2" step="1"/><F41/><AGARI ba="0,0" hai="41,45,48,58,59,99,100,107" m="31241,41579" machi="41" ten="30,5800,0" yaku="14,1,10,1,52,1" doraHai="98" who="1" fromWho="2" sc="270,0,470,58,310,-58,0,0" /><INIT seed="1,1,0,0,1,75" ten="270,528,252,0" oya="1" hai0="107,64,38,108,131,54,116,66,97,128,130,83,125" hai1="133,42,56,71,81,53,50,101,110,120,82,48,124" hai2="84,69,0,36,90,32,62,47,2,46,112,117,106" hai3=""/><U78/><N who="1" m="30752" /><U127/><E71/><V57/><F117/><T88/><D116/><U51/><E133/><V68/><F106/><T93/><D38/><U80/><E110/><V44/><F36/><T114/><D114/><U98/><E42/><V129/><F32/><T91/><D108/><U52/><E78/><V63/><F112/><T121/><N who="0" m="31008" /><T118/><D118/><U67/><E67/><V85/><F57/><T49/><D107/><U40/><E40/><V79/><F47/><T33/><D33/><U99/><E56/><V111/><F111/><T76/><D125/><N who="1" m="48203" /><E99/><V102/><F79/><T1/><D1/><U134/><E134/><V43/><F43/><T95/><D54/><U119/><E119/><V109/><F109/><T35/><D35/><U100/><E100/><V126/><F102/><T41/><D41/><U58/><E58/><V55/><F126/><T123/><N who="0" m="31520" /><T72/><D49/><U89/><E89/><V70/><F90/><T122/><N who="0" m="31264" /><T132/><D132/><U104/><AGARI ba="1,0" hai="48,50,51,52,53,80,81,82,98,101,104" m="48203,30752" machi="104" ten="40,5200,0" yaku="18,1,52,1,54,1" doraHai="75" who="1" fromWho="1" sc="270,-27,528,54,252,-27,0,0" /><INIT seed="1,2,0,1,1,69" ten="243,582,225,0" oya="1" hai0="75,66,113,64,84,37,62,1,44,100,93,77,92" hai1="45,54,134,42,109,98,36,108,89,126,52,46,106" hai2="112,78,114,127,102,115,80,130,119,132,82,103,65" hai3=""/><U105/><E126/><V3/><F3/><T123/><N who="0" m="31520" /><T81/><D1/><U85/><E134/><V49/><F132/><T2/><D2/><U51/><E54/><V59/><F127/><T94/><D113/><U125/><E125/><V135/><F135/><T91/><D64/><U122/><N who="1" m="31264" /><U87/><E87/><V50/><F119/><T120/><N who="0" m="30752" /><T118/><D118/><U95/><REACH who="1" step="1"/><E85/><REACH who="1" ten="243,572,225,0" step="2"/><V63/><F114/><T60/><D100/><U110/><AGARI ba="2,1" hai="36,42,45,46,51,52,89,95,98,105,106,108,109,110" m="31264" machi="110" ten="30,16000,3" yaku="1,1,2,1,0,1,14,1,10,1,52,2,54,1,53,0" doraHai="69" doraHaiUra="32" who="1" fromWho="1" sc="243,-82,572,174,225,-82,0,0" /><INIT seed="1,3,0,4,5,71" ten="161,746,143,0" oya="1" hai0="132,51,59,2,61,80,52,69,78,115,36,118,110" hai1="102,33,68,113,134,48,107,99,1,75,101,47,100" hai2="72,3,130,117,133,121,74,93,73,32,97,124,42" hai3=""/><U131/><E113/><V79/><N who="2" m="31008" /><V57/><F32/><T64/><D2/><U77/><E1/><V104/><F3/><T66/><D115/><U44/><E33/><V56/><F117/><T135/><D118/><U129/><E68/><V95/><F130/><T114/><D114/><U111/><E44/><V46/><F79/><T126/><D110/><U38/><E38/><V122/><N who="2" m="31264" /><V98/><F133/><N who="0" m="51274" /><D126/><U96/><E134/><V85/><F85/><T60/><D64/><U34/><E34/><V45/><F104/><T88/><D88/><U87/><E75/><V84/><F84/><T123/><N who="0" m="31520" /><T105/><D105/><U49/><E107/><V92/><F124/><T116/><D116/><U91/><E77/><V35/><F35/><T112/><D112/><U86/><E86/><V40/><F92/><T90/><D90/><U39/><E87/><V81/><F74/><T120/><N who="0" m="30752" /><T67/><D80/><AGARI ba="3,0" hai="40,42,45,46,56,57,72,73,80,81,93,95,97,98" m="31264,31008" machi="80" ten="25,6400,0" yaku="22,2,52,2" doraHai="71" who="2" fromWho="0" sc="161,-70,746,0,143,70,0,0" /><INIT seed="2,0,0,5,0,125" ten="91,746,213,0" oya="2" hai0="38,45,84,79,132,77,51,44,33,109,122,111,46" hai1="98,40,60,131,48,37,43,76,85,57,112,121,133" hai2="34,69,128,54,58,134,92,74,0,65,1,118,99" hai3=""/><V42/><F118/><T108/><N who="0" m="31264" /><T83/><D33/><U35/><N who="1" m="31008" /><U52/><E112/><V72/><F34/><T87/><D132/><U63/><E35/><V70/><F42/><T124/><D124/><U104/><E133/><V114/><F134/><T120/><N who="0" m="30752" /><T123/><N who="0" m="31520" /><T126/><D126/><U67/><E98/><V119/><F119/><T129/><D129/><U96/><E85/><V53/><F114/><T135/><D38/><U130/><E76/><V55/><F58/><T107/><D107/><U88/><E37/><V47/><F47/><T81/><REACH who="0" step="1"/><D135/><REACH who="0" ten="81,746,213,0" step="2"/><U64/><E104/><V68/><F128/><T2/><D2/><U116/><E116/><V89/><REACH who="2" step="1"/><F65/><REACH who="2" ten="81,746,203,0" step="2"/><T41/><AGARI ba="0,2" hai="41,44,45,46,51,77,79,81,83,84,87,108,109,111" m="31520,30752,31264" machi="41" ten="30,12000,3" yaku="1,1,0,1,9,1,14,1,52,3,53,2" doraHai="125" doraHaiUra="75" who="0" fromWho="0" sc="81,140,746,-40,203,-80,0,0" /><INIT seed="4,0,0,0,2,114" ten="221,706,123,0" oya="0" hai0="40,79,88,119,108,80,124,69,91,72,127,65,49" hai1="62,98,36,82,38,81,32,45,37,61,122,94,105" hai2="54,112,77,1,92,128,110,74,93,107,58,43,90" hai3=""/><T116/><D69/><U64/><N who="1" m="31264" /><U59/><E32/><V85/><F1/><T75/><D65/><U86/><E105/><V68/><F110/><T60/><D108/><U42/><E62/><V135/><F68/><T84/><D60/><U87/><E87/><V126/><F107/><T130/><D49/><U97/><E97/><V41/><F112/><T55/><D55/><U76/><E82/><V46/><F128/><T73/><D40/><U70/><E70/><V103/><F43/><T106/><D130/><U111/><E111/><V132/><F126/><N who="0" m="48170" /><D106/><U53/><E64/><V66/><F66/><T51/><D51/><U125/><E125/><V104/><F104/><T134/><D134/><U67/><E67/><V57/><F132/><T63/><D63/><U121/><N who="1" m="31008" /><U47/><E45/><V0/><F46/><T99/><D99/><U2/><E2/><V34/><F0/><T71/><D71/><U133/><E133/><V100/><F135/><T120/><N who="0" m="30752" /><T48/><D48/><U83/><E37/><V78/><F58/><T95/><D91/><U117/><E36/><V102/><F57/><T109/><D109/><U118/><E38/><V123/><F123/><T129/><D129/><U3/><E3/><RYUUKYOKU ba="0,0" sc="221,20,706,-10,123,-10,0,0" hai0="72,73,75,79,80,84,88,95,116,119" /><INIT seed="4,1,0,5,2,96" ten="241,696,113,0" oya="0" hai0="50,63,105,78,97,100,84,88,67,58,92,62,1" hai1="54,35,3,46,118,130,115,33,98,41,124,107,101" hai2="73,44,77,119,123,34,93,121,120,49,111,64,59" hai3=""/><T32/><D32/><U81/><E118/><V95/><N who="2" m="30752" /><V48/><N who="2" m="31008" /><V114/><N who="2" m="31520" /><V129/><F111/><T94/><D1/><U43/><E3/><V37/><F34/><T131/><D131/><U102/><E81/><V134/><F129/><T103/><D78/><U69/><E130/><V112/><F37/><T71/><D50/><N who="2" m="19562" /><F44/><T108/><D108/><U109/><E124/><V132/><F119/><T42/><D42/><U75/><E115/><N who="2" m="44075" /><F73/><T87/><D71/><U90/><E69/><V83/><F83/><T52/><D67/><U61/><E75/><V2/><F77/><T36/><D36/><U128/><E109/><V122/><N who="2" m="31264" /><V89/><F2/><T56/><D87/><U40/><E128/><V70/><F70/><T113/><D113/><U79/><E79/><V60/><F95/><T133/><D105/><U91/><E107/><V106/><F106/><T126/><D126/><U85/><E35/><V74/><F74/><T117/><D117/><U125/><E33/><V55/><F64/><T38/><D38/><U82/><E125/><V72/><F72/><T53/><D133/><U57/><E46/><V51/><N who="2" m="19570" /><V76/><DORA hai="0" /><F76/><T45/><D45/><U127/><E127/><RYUUKYOKU ba="1,0" sc="241,0,696,0,113,0,0,0" hai0="52,53,56,58,62,63,84,88,92,94,97,100,103" hai1="40,41,43,54,57,61,82,85,90,91,98,101,102" hai2="55,59,60,89,93,132,134" /><INIT seed="4,2,0,4,2,72" ten="241,696,113,0" oya="0" hai0="60,52,61,115,135,76,122,93,43,119,36,77,131" hai1="69,133,108,74,88,103,102,49,90,85,126,70,114" hai2="92,87,98,101,3,57,109,134,110,40,99,95,96" hai3=""/><T47/><N who="0" m="31264" /><T111/><D119/><U83/><E108/><V117/><F3/><T104/><D104/><U128/><E128/><V53/><F117/><T127/><D111/><U2/><E2/><V48/><F98/><T75/><D131/><U132/><E74/><V34/><F34/><T55/><D75/><U64/><E49/><V65/><F134/><T44/><D135/><U105/><E126/><V63/><F87/><T86/><D127/><U84/><E64/><V42/><F109/><T32/><D32/><U97/><E114/><V33/><F33/><T129/><D129/><U79/><E69/><V54/><F110/><T78/><D115/><U58/><E70/><V68/><REACH who="2" step="1"/><F54/><REACH who="2" ten="241,696,103,0" step="2"/><T39/><D55/><U45/><E97/><V66/><F66/><T59/><D61/><U123/><E132/><V94/><F94/><T124/><D124/><U41/><E133/><V81/><F81/><T56/><D93/><U50/><E105/><V46/><F46/><T100/><D52/><U116/><E116/><V37/><F37/><T112/><D60/><U62/><E83/><V0/><F0/><T73/><D39/><U130/><E130/><V120/><N who="2" m="30752" /><V51/><F51/><T80/><D36/><U35/><E35/><RYUUKYOKU ba="2,1" sc="241,-10,696,-10,103,20,0,0" hai2="40,42,48,53,57,63,65,68,92,95,96,99,101" /><INIT seed="5,3,1,3,1,110" ten="231,686,123,0" oya="1" hai0="37,42,39,126,44,79,113,105,72,104,98,48,49" hai1="121,120,46,69,130,122,82,61,74,84,0,112,38" hai2="116,40,71,108,90,92,132,54,81,32,3,47,109" hai3=""/><U64/><E0/><V125/><F3/><T129/><D98/><U56/><N who="1" m="30752" /><U85/><N who="1" m="31008" /><U87/><N who="1" m="31264" /><U106/><E106/><V51/><F32/><T88/><D79/><U83/><E130/><V107/><F107/><T94/><D94/><U50/><E74/><V77/><F71/><T60/><D60/><U52/><E112/><V43/><F132/><T91/><D44/><U135/><E135/><V73/><F116/><T80/><D80/><U62/><REACH who="1" step="1"/><E38/><REACH who="1" ten="231,676,123,0" step="2"/><V33/><F109/><T70/><D72/><U86/><E86/><V131/><F108/><T101/><D129/><U55/><AGARI ba="3,2" hai="46,50,52,55,56,61,62,64,69,82,83,84,85,87" m="31264,31008,30752" machi="55" ten="30,12000,2" yaku="1,1,0,1,52,3,54,1,53,0" doraHai="110" doraHaiUra="124" who="1" fromWho="1" sc="231,-63,676,146,123,-63,0,0" /><INIT seed="5,4,0,0,2,34" ten="168,822,60,0" oya="1" hai0="71,123,98,113,88,97,105,130,46,52,66,114,122" hai1="96,83,78,70,63,38,54,68,118,101,67,120,73" hai2="53,125,121,56,87,45,124,103,99,36,33,116,43" hai3=""/><U80/><N who="1" m="30752" /><U72/><E118/><V75/><N who="2" m="31008" /><V48/><F33/><T44/><N who="0" m="31264" /><T85/><N who="0" m="31520" /><T62/><D130/><U1/><E54/><V2/><F75/><T60/><D105/><U106/><E38/><V131/><F131/><T117/><D117/><U61/><E1/><V128/><F128/><T126/><D126/><N who="2" m="48746" /><F116/><T57/><D46/><U92/><E92/><V59/><F87/><T58/><D44/><U79/><E63/><V55/><F2/><T132/><D71/><AGARI ba="4,0" hai="61,67,68,70,71,72,73,78,79,80,83,96,101,106" m="30752" machi="71" ten="30,18000,2" yaku="7,1,9,1,33,3,52,1" doraHai="34" who="1" fromWho="0" sc="168,-188,822,188,60,0,0,0" owari="-20,-62.0,1010,96.0,60,-34.0,0,0.0" /></mjloggm>