<mjloggm ver="2.3"><GO type="225" lobby="0"/><UN n0="%E3%82%8F%E3%81%A3%E3%81%97%E3%82%87%E3%81%84%E5%90%9B%32%E5%8F%B7" n1="%E7%B6%BE%E9%87%8E%E7%8F%AA%E5%AD%90" n2="%E9%81%85%E5%88%BB%E3%81%AE%E3%83%97%E3%83%AA%E3%83%B3%E3%82%B9%E2%99%AA" n3="%E5%B7%A5%E8%97%A4%E6%96%B0%E4%B8%80" dan="16,17,16,16" rate="2197.93,2216.25,2137.15,2111.21" sx="M,F,F,M"/><TAIKYOKU oya="0"/><INIT seed="0,0,0,5,2,7" ten="250,250,250,250" oya="0" hai0="14,57,98,117,74,90,53,119,77,8,112,47,71" hai1="3,133,80,107,85,56,48,123,101,125,102,61,108" hai2="127,10,129,103,35,124,37,87,100,29,44,17,88" hai3="118,59,65,39,109,114,60,32,43,18,5,31,81"/><T113/><D71/><U40/><E123/><V121/><F121/><W70/><G109/><T38/><D74/><U26/><E3/><V16/><F129/><W52/><G114/><T22/><D77/><U34/><E108/><V73/><F73/><W104/><G118/><T116/><D22/><U41/><E133/><V92/><F29/><W24/><G5/><T28/><D28/><U72/><E72/><V128/><F35/><W64/><G104/><T131/><D131/><U97/><E102/><V27/><F128/><W105/><G105/><T96/><D38/><U4/><E4/><V69/><F69/><W1/><G1/><T126/><D47/><U86/><E86/><V49/><F37/><W45/><G64/><T11/><D126/><N who="2" m="48170" /><F27/><W82/><REACH who="3" step="1"/><G18/><REACH who="3" ten="250,250,250,240" step="2"/><N who="2" m="7273" /><F10/><W46/><G46/><T42/><D112/><U99/><E125/><V122/><F122/><W78/><G78/><T91/><D113/><U66/><E107/><V111/><F111/><W21/><G21/><T51/><D8/><U132/><E34/><V15/><F15/><W33/><G33/><T2/><D2/><U68/><E68/><V20/><F20/><W62/><AGARI ba="0,1" hai="24,31,32,39,43,45,52,59,60,62,65,70,81,82" machi="62" ten="20,5200,0" yaku="1,1,0,1,7,1,54,1,53,0" doraHai="7" doraHaiUra="19" who="3" fromWho="3" sc="250,-26,250,-13,250,-13,240,62" /><INIT seed="1,0,0,0,3,96" ten="224,237,237,302" oya="1" hai0="30,22,98,107,55,95,12,90,31,83,40,33,103" hai1="89,75,100,106,8,73,61,25,0,4,112,66,1" hai2="129,74,38,17,54,111,116,50,64,88,18,134,124" hai3="120,13,67,81,92,15,104,121,77,35,26,42,27"/><U110/><E112/><V85/><F116/><W119/><G104/><T6/><D33/><U117/><E89/><V113/><F74/><W52/><G119/><T56/><D40/><U118/><E110/><V62/><F38/><W46/><G67/><T58/><D83/><U72/><E1/><V34/><F34/><W39/><G92/><T68/><D68/><N who="1" m="42063" /><E25/><V60/><F111/><W130/><G130/><T76/><D76/><U29/><E29/><V80/><F129/><W71/><G71/><T78/><D78/><U48/><E48/><V69/><F124/><W37/><G37/><T87/><D56/><U49/><E49/><V41/><F134/><W94/><G94/><T32/><D32/><U109/><E109/><V65/><F41/><W2/><G2/><T101/><D107/><U126/><E126/><V43/><F43/><W105/><G105/><T82/><D101/><U16/><E16/><V84/><F84/><W19/><G15/><T3/><D3/><U57/><E57/><V7/><F7/><W93/><G93/><T36/><D36/><U132/><E132/><V97/><F97/><AGARI ba="0,0" hai="0,4,8,72,73,75,97,100,106,117,118" m="42063" machi="97" ten="30,2900,0" yaku="23,1,52,1" doraHai="96" who="1" fromWho="2" sc="224,0,237,29,237,-29,302,0" /><INIT seed="1,1,0,0,0,41" ten="224,266,208,302" oya="1" hai0="75,119,122,85,38,55,86,69,112,63,80,29,8" hai1="78,83,104,3,97,101,10,57,61,19,110,91,90" hai2="59,24,132,48,20,107,74,87,51,129,2,15,53" hai3="0,116,33,113,11,34,109,105,4,126,68,5,35"/><U72/><E110/><V102/><F74/><W28/><G68/><T37/><D112/><U27/><E27/><V45/><F2/><N who="3" m="407" /><G105/><T111/><D111/><U42/><E42/><V121/><F121/><W82/><G82/><T108/><D108/><U13/><REACH who="1" step="1"/><E3/><REACH who="1" ten="224,256,208,302" step="2"/><V84/><F24/><W89/><G109/><T94/><D122/><U6/><E6/><V36/><F132/><W23/><G5/><T26/><D26/><U128/><E128/><V7/><F129/><W14/><G0/><T60/><D29/><U96/><E96/><V17/><F7/><W134/><G28/><T49/><D119/><U65/><AGARI ba="1,1" hai="10,13,19,57,61,65,72,78,83,90,91,97,101,104" machi="65" ten="20,3900,0" yaku="1,1,0,1,7,1,53,0" doraHai="41" doraHaiUra="115" who="1" fromWho="1" sc="224,-14,256,52,208,-14,302,-14" /><INIT seed="1,2,0,3,0,41" ten="210,308,194,288" oya="1" hai0="37,80,71,88,105,135,16,129,14,26,124,40,122" hai1="47,76,36,134,13,27,126,107,132,46,38,112,18" hai2="10,95,44,104,120,84,53,93,98,64,100,133,70" hai3="65,61,106,42,82,79,7,1,9,51,59,114,21"/><U96/><E112/><V78/><F120/><W97/><G114/><T102/><D71/><U87/><E27/><V85/><F133/><N who="1" m="51305" /><E126/><V90/><F78/><W6/><G6/><T111/><D135/><U15/><E76/><V94/><F85/><W91/><G21/><T32/><D124/><U121/><E87/><V63/><REACH who="2" step="1"/><F10/><REACH who="2" ten="210,308,184,288" step="2"/><W58/><G79/><T69/><D122/><U34/><E121/><V66/><F66/><W86/><G65/><T72/><D72/><U50/><E34/><V39/><F39/><W83/><G9/><T101/><D37/><U116/><E36/><V99/><F99/><W29/><G97/><T108/><D32/><U109/><E38/><V75/><F75/><W48/><G86/><T92/><D111/><U89/><E109/><V25/><F25/><W3/><G82/><T130/><D80/><U2/><E96/><V17/><F17/><W4/><G83/><T74/><D74/><U67/><E18/><V24/><F24/><W0/><G7/><T110/><D26/><U62/><E116/><V81/><F81/><W5/><G5/><T77/><D77/><U119/><E119/><V19/><F19/><W11/><G11/><T118/><D108/><U125/><E125/><V12/><F12/><W31/><G4/><T49/><D110/><U52/><E15/><V22/><F22/><W28/><G28/><T56/><D118/><U33/><E13/><V43/><F43/><W23/><G29/><T68/><D16/><U131/><E33/><V113/><F113/><W45/><G31/><T73/><D14/><U54/><E2/><RYUUKYOKU ba="2,1" sc="210,-10,308,-10,184,30,288,-10" hai2="44,53,63,64,70,84,90,93,94,95,98,100,104" /><INIT seed="2,3,1,0,2,40" ten="200,298,214,278" oya="2" hai0="130,52,53,77,94,30,107,123,25,80,116,81,64" hai1="83,20,93,69,17,89,48,73,5,78,55,115,57" hai2="124,110,16,10,6,131,68,39,49,36,22,3,58" hai3="61,15,86,104,92,0,14,65,135,117,121,129,32"/><V132/><F68/><W96/><G129/><T97/><D123/><U88/><E115/><V108/><F131/><W1/><G135/><T90/><D130/><U60/><E5/><V87/><F132/><W118/><G121/><T114/><D114/><U91/><E69/><V62/><F124/><W50/><G32/><T75/><D116/><U31/><E31/><V111/><F49/><W51/><G86/><N who="0" m="52567" /><D64/><U95/><REACH who="1" step="1"/><E60/><REACH who="1" ten="200,288,214,278" step="2"/><V38/><F87/><W37/><G61/><T105/><D105/><U102/><E102/><V126/><F126/><W103/><G103/><N who="0" m="62959" /><D81/><U98/><E98/><V99/><F99/><W63/><G96/><T70/><D70/><U133/><E133/><V67/><REACH who="2" step="1"/><F38/><REACH who="2" ten="200,288,204,278" step="2"/><W79/><G37/><T24/><D30/><U128/><E128/><V23/><F23/><W34/><G117/><T27/><AGARI ba="3,3" hai="24,25,27,52,53,75,77,80" m="62959,52567" machi="27" ten="30,2000,0" yaku="24,1,54,1" doraHai="40" who="0" fromWho="0" sc="200,59,288,-8,204,-13,278,-8" /><INIT seed="3,0,0,1,3,58" ten="259,280,191,270" oya="3" hai0="17,104,124,89,20,44,115,34,42,88,37,1,11" hai1="77,112,120,47,3,99,71,22,15,92,110,74,53" hai2="38,43,75,5,98,66,135,62,65,123,100,28,56" hai3="55,91,113,119,63,76,105,12,36,94,68,128,18"/><W26/><G128/><T25/><D104/><U7/><E112/><V4/><F135/><W73/><G113/><T10/><D115/><U69/><E120/><V132/><F132/><W33/><G119/><T48/><D124/><U72/><E3/><V125/><F125/><W83/><G105/><T127/><D127/><U103/><E110/><V109/><F109/><W61/><G36/><T32/><D37/><U102/><E102/><V8/><F123/><W85/><G68/><T46/><D46/><U39/><E77/><V51/><F75/><W122/><G122/><T21/><D21/><U35/><E35/><V87/><F28/><W116/><G116/><T117/><D117/><U24/><E15/><V78/><F38/><W82/><G55/><T2/><D32/><U31/><E7/><V23/><F23/><W86/><G26/><T57/><D34/><U130/><E130/><V93/><F66/><W64/><G64/><T96/><D1/><U19/><E31/><V45/><REACH who="2" step="1"/><F8/><REACH who="2" ten="259,280,181,270" step="2"/><W131/><G131/><T29/><D29/><U97/><E72/><V90/><F90/><W6/><G33/><T80/><D89/><U101/><E74/><V52/><F52/><W108/><G108/><T67/><D11/><U129/><E129/><V54/><F54/><W106/><G91/><T59/><D67/><U134/><E134/><V30/><F30/><W14/><G73/><T9/><D9/><U40/><E53/><V84/><F84/><W79/><G85/><N who="0" m="50215" /><D96/><U95/><AGARI ba="0,1" hai="19,22,24,39,40,47,69,71,92,95,97,99,101,103" machi="95" ten="20,2700,0" yaku="0,1,7,1,9,1" doraHai="58" who="1" fromWho="1" sc="259,-7,280,37,181,-7,270,-13" owari="252,-15.0,317,42.0,174,-33.0,257,6.0" /></mjloggm>