<mjloggm ver="2.3"><GO type="169" lobby="0"/><UN n0="%E3%83%AB%E3%83%AB%E5%8F%82%E4%B8%8A" n1="%E5%BD%97%E6%98%9F%E5%85%A5%E3%83%92%E3%82%B3" n2="%E7%A7%8B%E6%9C%88%36%31" n3="%68%61%79%61%74%6F%E2%98%86" dan="17,16,17,17" rate="2173.33,2103.35,2115.45,2135.05" sx="F,M,M,M"/><TAIKYOKU oya="0"/><INIT seed="0,0,0,3,4,117" ten="250,250,250,250" oya="0" hai0="29,90,3,83,95,36,17,72,37,112,53,106,125" hai1="19,100,14,40,77,23,7,80,98,41,16,91,73" hai2="30,66,45,105,89,8,82,78,60,9,93,13,75" hai3="61,65,130,87,51,11,88,85,109,32,133,22,129"/><T33/><D112/><U119/><E119/><V2/><F2/><W111/><G32/><T108/><D106/><U25/><E91/><V6/><F9/><W70/><G133/><T56/><D3/><U10/><REACH who="1" step="1"/><E7/><REACH who="1" ten="250,240,250,250" step="2"/><V118/><F118/><W28/><G88/><T46/><D90/><U38/><E38/><V21/><F6/><W62/><G129/><T74/><D37/><U68/><E68/><V127/><F89/><W5/><G130/><T120/><D36/><U123/><E123/><V15/><F82/><W64/><G70/><T54/><D120/><U34/><E34/><V107/><F78/><W128/><G128/><T69/><D69/><U58/><E58/><V84/><F45/><W47/><G5/><T113/><D46/><U103/><E103/><V12/><F75/><W102/><G47/><T126/><D56/><U48/><E48/><V67/><F84/><W43/><G51/><T114/><D83/><U86/><E86/><V81/><F81/><W0/><G102/><T135/><D33/><U42/><E42/><V79/><F79/><W76/><G76/><T131/><D131/><U31/><E31/><V55/><F30/><W122/><G28/><T71/><D71/><U104/><AGARI ba="0,1" hai="10,14,16,19,23,25,40,41,73,77,80,98,100,104" machi="104" ten="20,8000,1" yaku="1,1,0,1,7,1,54,1,53,1" doraHai="117" doraHaiUra="97" who="1" fromWho="1" sc="250,-40,240,90,250,-20,250,-20" /><INIT seed="1,0,0,4,1,100" ten="210,330,230,230" oya="1" hai0="94,89,123,9,101,48,54,7,21,12,124,3,118" hai1="127,2,107,20,38,41,37,81,96,66,14,116,64" hai2="133,114,68,43,25,102,17,45,86,87,97,106,74" hai3="70,6,34,30,13,5,50,126,53,15,131,22,4"/><U104/><E116/><V23/><F68/><W57/><G70/><T129/><D118/><U11/><E2/><V80/><F133/><W92/><G131/><T42/><D129/><U132/><E132/><V108/><F108/><W32/><G126/><T135/><D124/><U58/><E127/><V111/><F111/><W95/><G30/><T44/><D101/><U115/><E115/><V29/><F114/><W117/><G117/><T73/><D73/><U8/><E20/><V122/><F122/><W39/><G39/><T91/><D135/><U110/><E110/><V72/><F29/><W28/><G28/><T98/><D123/><U69/><E69/><V24/><F24/><W79/><G79/><T78/><D78/><U10/><E14/><V99/><F99/><W46/><G46/><T103/><D3/><U82/><E58/><V93/><F93/><W36/><G36/><N who="1" m="13930" /><E96/><V27/><F27/><W0/><G0/><T35/><D35/><U56/><E56/><V75/><F80/><N who="1" m="30825" /><E41/><V84/><F75/><W113/><G113/><T128/><D128/><U90/><E90/><N who="0" m="34313" /><D21/><U1/><E1/><V40/><F40/><AGARI ba="0,0" hai="7,9,12,40,42,44,48,54,94,98,103" m="34313" machi="40" ten="30,1000,0" yaku="8,1" doraHai="100" who="0" fromWho="2" sc="210,10,330,0,230,-10,230,0" /><INIT seed="2,0,0,0,2,128" ten="220,330,220,230" oya="2" hai0="27,16,43,46,36,4,93,101,47,117,60,116,94" hai1="103,12,85,37,113,59,96,126,131,69,95,84,48" hai2="5,61,25,9,124,55,24,130,13,115,90,65,57" hai3="118,7,91,54,86,110,80,122,42,68,20,89,70"/><V88/><F130/><W58/><G118/><N who="0" m="45675" /><D4/><U102/><E113/><V74/><F74/><W18/><G110/><T92/><D60/><U100/><E69/><V39/><F39/><W104/><G104/><T14/><D27/><N who="2" m="10314" /><F115/><W71/><G42/><T127/><D46/><U83/><E37/><V28/><F28/><W64/><G7/><T33/><D33/><U79/><E131/><V114/><F114/><W1/><G1/><T56/><D56/><U44/><E126/><V78/><F78/><W62/><G122/><T32/><D32/><U17/><E59/><N who="2" m="37055" /><F124/><W41/><G41/><T6/><D6/><U15/><E85/><V97/><F97/><W109/><G109/><T0/><D0/><U63/><E63/><AGARI ba="0,0" hai="5,9,13,55,57,63,88,90" m="37055,10314" machi="63" ten="30,2900,0" yaku="8,1,54,1" doraHai="128" who="2" fromWho="1" sc="220,0,330,-29,220,29,230,0" /><INIT seed="2,1,0,3,2,79" ten="220,301,249,230" oya="2" hai0="112,118,30,32,2,88,20,40,51,48,50,95,58" hai1="31,103,131,92,127,116,63,24,113,43,10,55,91" hai2="72,15,133,67,38,98,100,18,117,34,14,66,126" hai3="123,52,8,80,111,102,11,26,21,23,86,83,82"/><V129/><F117/><W60/><G123/><T42/><D112/><U1/><E113/><V122/><F122/><W119/><G119/><T77/><D2/><U4/><E116/><V73/><F38/><W75/><G75/><T124/><D32/><U105/><E131/><V94/><F34/><W99/><G111/><T115/><D115/><U121/><E121/><V90/><F129/><W13/><G86/><T64/><D77/><U27/><E127/><V65/><F126/><W81/><N who="3" m="20480" /><DORA hai="3" /><W97/><G8/><T0/><D0/><U107/><E43/><V68/><F68/><W70/><G70/><T69/><D69/><U53/><E24/><V7/><F73/><W130/><G130/><T106/><D106/><U120/><E120/><V132/><F72/><W47/><G102/><T17/><D30/><U74/><E74/><V35/><F35/><W114/><G114/><T49/><D124/><U56/><E53/><V96/><F100/><W104/><G104/><T93/><D93/><U89/><E103/><V134/><F98/><N who="3" m="37387" /><G26/><N who="0" m="14607" /><D118/><U78/><E78/><V33/><F33/><W16/><G47/><T22/><D22/><U36/><E107/><V54/><F134/><W5/><G16/><T57/><D57/><AGARI ba="1,0" hai="5,11,13,21,23,52,57,60" m="37387,20480" machi="57" ten="40,12000,2" yaku="8,1,52,5,54,1" doraHai="79,3" who="3" fromWho="0" sc="220,-123,301,0,249,0,230,123" /><INIT seed="3,0,0,3,2,61" ten="97,301,249,353" oya="3" hai0="5,131,16,107,64,44,65,20,25,58,95,96,55" hai1="105,34,10,129,11,62,14,72,134,97,118,1,125" hai2="15,89,126,67,68,19,38,133,63,100,106,32,30" hai3="47,40,82,86,80,132,121,21,42,124,39,4,110"/><W130/><G121/><T93/><D131/><U103/><E129/><V113/><F113/><W3/><G130/><T57/><D107/><U70/><E125/><V77/><F77/><W88/><G124/><T45/><D5/><U87/><E134/><V74/><F74/><W122/><G122/><T120/><D120/><U108/><E108/><V66/><F126/><W51/><G132/><T111/><D111/><U18/><E72/><V90/><F67/><N who="0" m="25674" /><D58/><U116/><E34/><V79/><F79/><BYE who="2" /><W46/><G110/><T92/><D96/><UN n2="%E7%A7%8B%E6%9C%88%36%31" /><U78/><E78/><V9/><F38/><W81/><G3/><T24/><D24/><U114/><E1/><V104/><F104/><W23/><G4/><T50/><AGARI ba="0,0" hai="16,20,25,44,45,50,55,57,92,93,95" m="25674" machi="50" ten="30,8000,1" yaku="8,1,52,3,54,1" doraHai="61" who="0" fromWho="0" sc="97,80,301,-20,249,-20,353,-40" /><INIT seed="4,0,0,0,5,32" ten="177,281,229,313" oya="0" hai0="64,59,1,121,71,129,75,91,27,38,76,82,101" hai1="39,47,103,58,66,43,24,51,26,105,54,108,62" hai2="123,117,78,68,120,100,67,83,69,16,127,110,132" hai3="18,2,37,11,125,80,65,74,0,122,86,114,10"/><T104/><D121/><U52/><E108/><V133/><F110/><W8/><G74/><T79/><D38/><U25/><E105/><V131/><F100/><W48/><G37/><T17/><D71/><U128/><E103/><V4/><F131/><W29/><G29/><T31/><D129/><U7/><E128/><V45/><F127/><W30/><G30/><T115/><D79/><U124/><E124/><V119/><F45/><W84/><G125/><T93/><D115/><U118/><E118/><N who="2" m="45067" /><F4/><W96/><G65/><T106/><D17/><U98/><E98/><V102/><F102/><W134/><G96/><T95/><D95/><U19/><E7/><V9/><F9/><W56/><G122/><N who="2" m="46633" /><F16/><W111/><G111/><T72/><D72/><U3/><E54/><V36/><F36/><W41/><G114/><T87/><D1/><U81/><E3/><V42/><F42/><W28/><G28/><T94/><D94/><U135/><E81/><V22/><F22/><W15/><G80/><T60/><REACH who="0" step="1"/><D101/><REACH who="0" ten="167,281,229,313" step="2"/><U89/><E19/><V85/><F68/><W63/><G18/><T90/><D90/><U99/><E89/><V77/><F78/><W70/><G70/><T53/><D53/><U14/><E39/><V33/><F69/><W116/><G116/><T40/><D40/><U109/><E43/><V57/><F77/><W12/><G2/><T92/><D92/><U50/><E109/><V126/><F126/><W23/><G0/><T88/><D88/><U113/><E113/><V61/><F67/><W49/><G41/><T21/><AGARI ba="0,1" hai="21,27,31,59,60,64,75,76,82,87,91,93,104,106" machi="21" ten="20,3900,0" yaku="1,1,0,1,7,1,53,0" doraHai="32" doraHaiUra="34" who="0" fromWho="0" sc="167,49,281,-13,229,-13,313,-13" /><INIT seed="4,1,0,0,3,0" ten="216,268,216,300" oya="0" hai0="72,52,19,28,112,100,110,55,107,17,63,66,99" hai1="78,6,125,30,31,62,132,133,16,105,37,56,46" hai2="13,48,130,135,8,85,36,122,73,92,24,119,108" hai3="20,88,10,89,77,39,127,5,53,45,64,96,32"/><T83/><D112/><U80/><E105/><V41/><F73/><W47/><G32/><T57/><D28/><U54/><E125/><V44/><F122/><W58/><G77/><T87/><D72/><U1/><E16/><V98/><F119/><W114/><G64/><T131/><D131/><U86/><E37/><V14/><F130/><W23/><G127/><T93/><D107/><U124/><E124/><V103/><F108/><W26/><G114/><T42/><D42/><U61/><E61/><V81/><F36/><W90/><G96/><T109/><D109/><U120/><E46/><N who="3" m="17418" /><G39/><T50/><D110/><U18/><E18/><N who="0" m="6665" /><D50/><U15/><E15/><V91/><F135/><N who="1" m="51785" /><E120/><V22/><F8/><AGARI ba="1,0" hai="1,6,8,30,31,54,56,62,78,80,86" m="51785" machi="8" ten="30,2000,0" yaku="20,1,52,1" doraHai="0" who="1" fromWho="2" sc="216,0,268,23,216,-23,300,0" /><INIT seed="5,0,0,1,3,86" ten="216,291,193,300" oya="1" hai0="21,46,70,56,114,18,112,67,14,83,85,103,24" hai1="4,124,44,42,94,116,0,54,61,98,3,106,57" hai2="95,108,72,115,77,110,62,65,74,22,88,20,45" hai3="134,11,28,75,68,101,34,64,135,16,123,99,130"/><U60/><E116/><V36/><F115/><N who="0" m="44074" /><D70/><U78/><E106/><V29/><F110/><W105/><G123/><T10/><D103/><U8/><E124/><V128/><F128/><W25/><G75/><T47/><D67/><U104/><E104/><V131/><F131/><W37/><G37/><T41/><D56/><U93/><E78/><V15/><F22/><W69/><G130/><T97/><D97/><U79/><E79/><V82/><F108/><W38/><G38/><T66/><D66/><U109/><E109/><V111/><F111/><W40/><G40/><T27/><D41/><U87/><E3/><V2/><F2/><W19/><G11/><T7/><D27/><U107/><E61/><V113/><F113/><W35/><G34/><T59/><D59/><U92/><E87/><V39/><F45/><W132/><G68/><T71/><D71/><U80/><E80/><V118/><F74/><W53/><G53/><T43/><D43/><U55/><E107/><V6/><F62/><AGARI ba="0,0" hai="16,19,25,28,35,62,64,69,99,101,105,132,134,135" machi="62" ten="40,8000,1" yaku="25,2,20,1,54,1" doraHai="86" who="3" fromWho="2" sc="216,0,291,0,193,-80,300,80" /><INIT seed="6,0,0,3,4,65" ten="216,291,113,380" oya="2" hai0="97,22,125,94,100,23,27,87,89,49,5,78,2" hai1="10,85,0,60,68,122,62,124,3,43,120,34,118" hai2="113,30,16,70,67,74,108,55,95,50,13,17,107" hai3="63,75,80,47,126,66,123,106,103,14,111,117,88"/><V104/><F74/><W72/><G123/><T83/><D125/><U21/><E118/><V131/><F113/><W56/><G117/><T20/><D2/><U119/><E119/><V6/><F131/><W77/><G111/><T86/><D5/><U130/><E34/><V53/><F30/><W96/><G126/><T112/><D49/><U4/><E130/><V12/><F6/><W128/><G128/><T11/><D11/><U48/><E124/><V134/><F108/><W18/><G47/><T40/><D40/><U9/><E4/><V127/><F127/><W110/><G110/><T8/><D8/><U36/><E48/><V73/><F73/><W59/><G88/><T39/><D39/><U51/><E51/><V58/><F134/><W32/><G32/><T101/><D101/><U99/><E85/><V90/><F55/><W105/><G72/><T38/><D38/><U71/><E21/><V41/><F41/><W54/><G105/><T1/><D1/><U82/><E36/><V29/><F29/><W93/><G106/><T33/><D33/><U44/><E43/><V98/><F13/><W28/><G28/><T31/><REACH who="0" step="1"/><D112/><REACH who="0" ten="206,291,113,380" step="2"/><U132/><E3/><V135/><F135/><W45/><G103/><T129/><D129/><U69/><E0/><V15/><F15/><W102/><G102/><T64/><D64/><U37/><E37/><V46/><F17/><W25/><G18/><T84/><D84/><U81/><E10/><N who="2" m="6167" /><F46/><W109/><G45/><T76/><D76/><U26/><E44/><V61/><F50/><W42/><G42/><T115/><D115/><RYUUKYOKU ba="0,1" sc="206,15,291,-15,113,15,380,-15" hai0="20,22,23,27,31,78,83,86,87,89,94,97,100" hai2="53,58,61,67,70,90,95,98,104,107" /><INIT seed="6,1,1,2,3,71" ten="221,276,128,365" oya="2" hai0="76,2,22,119,49,45,129,35,11,20,77,124,92" hai1="105,128,68,104,83,59,131,121,46,42,38,79,40" hai2="5,26,17,116,125,112,107,66,80,122,8,54,10" hai3="9,36,78,61,53,3,134,117,6,96,64,93,37"/><V99/><F122/><W111/><G111/><T84/><D35/><U62/><E68/><V72/><F116/><W135/><G78/><T23/><D119/><U57/><E42/><V0/><F125/><W89/><G53/><T100/><D129/><N who="1" m="49739" /><E121/><V33/><F112/><W12/><G3/><T94/><D2/><U18/><E18/><V1/><F54/><W81/><G81/><T32/><D32/><U82/><E82/><V50/><F50/><W13/><G13/><T97/><D11/><U88/><E88/><V14/><F66/><W118/><G117/><T106/><D124/><U101/><E101/><V19/><F1/><W43/><G43/><N who="0" m="24767" /><D106/><N who="1" m="41067" /><E62/><V48/><F48/><W130/><G118/><T132/><D132/><N who="3" m="50729" /><G130/><T102/><D84/><AGARI ba="1,1" hai="38,40,46,57,59,79,83,84" m="41067,49739" machi="84" ten="30,2000,0" yaku="19,1,52,1" doraHai="71" who="1" fromWho="0" sc="221,-23,276,33,128,0,365,0" /><INIT seed="7,0,0,1,4,67" ten="198,309,128,365" oya="3" hai0="73,29,58,1,43,133,70,10,64,62,80,119,83" hai1="122,32,84,48,8,16,110,100,89,81,57,128,74" hai2="69,129,92,37,127,112,125,88,82,79,56,35,59" hai3="86,9,101,6,98,4,93,123,104,105,85,20,116"/><W54/><G116/><T135/><D119/><U113/><E113/><V115/><F37/><W117/><G123/><T52/><D29/><U7/><E122/><V24/><F35/><W72/><G72/><T91/><D73/><U118/><E118/><V94/><F24/><W53/><G104/><T13/><D1/><U42/><E32/><V71/><F129/><W2/><G4/><N who="0" m="3271" /><D91/><U130/><E74/><V108/><F108/><W44/><G44/><T50/><D43/><U97/><E110/><V12/><F12/><W36/><G36/><T124/><D124/><N who="2" m="47690" /><F94/><W76/><G117/><T87/><D87/><U49/><E84/><N who="2" m="48223" /><F56/><W102/><G102/><T38/><D38/><U55/><E100/><V11/><F11/><W120/><G85/><T27/><D27/><U107/><E57/><V23/><F23/><W30/><G120/><T90/><D90/><U131/><E89/><V41/><F41/><W15/><G105/><T65/><D65/><U31/><E107/><V21/><F21/><W78/><G2/><T46/><D58/><U63/><E42/><V106/><F59/><W126/><G126/><T17/><D17/><U68/><E16/><V111/><F111/><W96/><G96/><T14/><D14/><U3/><E3/><V66/><F66/><W40/><G40/><T103/><D64/><U61/><E130/><V45/><F45/><W109/><G109/><T114/><D46/><U18/><E131/><V47/><F47/><W25/><G86/><T39/><D39/><U99/><E128/><V75/><F75/><W132/><G9/><T134/><D50/><RYUUKYOKU ba="0,0" sc="198,0,309,0,128,0,365,0" owari="198,-20.0,309,11.0,128,-37.0,365,46.0" /></mjloggm>