<mjloggm ver="2.3"><GO type="225" lobby="0"/><UN n0="%E5%B0%8F%E6%B1%A0%E7%BE%8E%E6%B3%A2%E2%8A%BF" n1="%E3%82%8F%E3%81%A3%E3%81%97%E3%82%87%E3%81%84%E5%90%9B%32%E5%8F%B7" n2="%E9%81%85%E5%88%BB%E3%81%AE%E3%83%97%E3%83%AA%E3%83%B3%E3%82%B9%E2%99%AA" n3="%E8%8F%B1%E5%B7%9D%E6%85%8E%E5%90%BE" dan="16,16,16,16" rate="2093.55,2193.43,2137.85,2127.73" sx="F,M,F,M"/><TAIKYOKU oya="0"/><INIT seed="0,0,0,3,2,23" ten="250,250,250,250" oya="0" hai0="46,5,99,122,79,103,39,115,80,125,97,73,29" hai1="21,86,65,18,74,35,33,119,7,85,96,15,57" hai2="88,105,34,70,133,13,112,89,56,104,63,41,42" hai3="53,116,95,27,4,24,52,131,72,94,83,91,3"/><T45/><D115/><U40/><E74/><V8/><F112/><W82/><G116/><T76/><D122/><U92/><E119/><V49/><F70/><W129/><G3/><T43/><D125/><U121/><E40/><V51/><F34/><W127/><G4/><T123/><D123/><U62/><E121/><V71/><F71/><W66/><G66/><T87/><D29/><U60/><E7/><V100/><F133/><W118/><G118/><T55/><D5/><U22/><E62/><V69/><F69/><W44/><G72/><T36/><D97/><U1/><E1/><V130/><F130/><N who="3" m="49675" /><G127/><T102/><D103/><U120/><E120/><V50/><F100/><W32/><G32/><T2/><D2/><U16/><E35/><V9/><F105/><W124/><G124/><T37/><D79/><U106/><E106/><V108/><F104/><W31/><G31/><T67/><D67/><U114/><E33/><V47/><F108/><W77/><G95/><T84/><D84/><U61/><E61/><V10/><F13/><W126/><G44/><T20/><D73/><U25/><E114/><V28/><F28/><W111/><G111/><T132/><D132/><U59/><E57/><V30/><F30/><W128/><G128/><T90/><D46/><U110/><E110/><V12/><F12/><W11/><G11/><T78/><D45/><U98/><E98/><V0/><F0/><W101/><G101/><AGARI ba="0,0" hai="15,16,18,21,22,25,59,60,65,85,86,92,96,101" machi="101" ten="30,7700,0" yaku="7,1,8,1,52,1,54,1" doraHai="23" who="1" fromWho="3" sc="250,0,250,77,250,0,250,-77" /><INIT seed="1,0,0,2,4,66" ten="250,327,250,173" oya="1" hai0="26,68,8,105,75,37,61,106,43,118,125,6,74" hai1="29,80,71,96,92,32,101,52,91,79,76,44,19" hai2="133,1,60,78,15,20,135,47,50,115,116,128,48" hai3="27,53,114,111,72,35,90,127,97,63,51,131,102"/><U122/><E122/><V123/><F116/><W42/><G114/><T69/><D118/><U40/><E71/><N who="0" m="27209" /><D61/><U100/><E29/><V16/><F128/><W98/><G72/><N who="0" m="27691" /><D26/><U54/><E32/><V39/><F123/><W94/><G131/><T89/><D89/><U5/><E5/><V46/><F1/><W3/><G3/><N who="0" m="95" /><D125/><U120/><E120/><V129/><F115/><W56/><G127/><T2/><D2/><U103/><E19/><V57/><F129/><W124/><G124/><T109/><D109/><U108/><E108/><V24/><F78/><N who="1" m="29737" /><E80/><V83/><F83/><W112/><G111/><T82/><D82/><U23/><E23/><V117/><F117/><W99/><G112/><T7/><D7/><U104/><E54/><V11/><F39/><W13/><G13/><T134/><D134/><N who="2" m="51210" /><F50/><W55/><G27/><T81/><D81/><U12/><E12/><V30/><F48/><W4/><G4/><T36/><D36/><U33/><E52/><AGARI ba="0,0" hai="11,15,16,20,24,30,46,47,52,57,60" m="51210" machi="52" ten="30,3900,0" yaku="20,1,54,2" doraHai="66" who="2" fromWho="1" sc="250,0,327,-39,250,39,173,0" /><INIT seed="2,0,0,2,3,131" ten="250,288,289,173" oya="2" hai0="80,110,29,12,62,1,45,27,61,82,64,56,83" hai1="57,130,28,132,31,74,50,10,123,102,86,49,91" hai2="92,52,85,38,37,24,75,25,79,71,0,121,15" hai3="112,128,84,18,115,13,125,41,70,6,116,73,98"/><V113/><F0/><W97/><G116/><T51/><D1/><U119/><E74/><V59/><F71/><W96/><G128/><T118/><D110/><U77/><E77/><V11/><F113/><N who="3" m="43595" /><G73/><T126/><D126/><U9/><E119/><V117/><F117/><W106/><G70/><T76/><D118/><U107/><E123/><V19/><F121/><W63/><G41/><T3/><D3/><U53/><E130/><V55/><F55/><W90/><G6/><T87/><D12/><U16/><E132/><V48/><F75/><W44/><G44/><T104/><D104/><U127/><E127/><V93/><F38/><W135/><G63/><T43/><REACH who="0" step="1"/><D62/><REACH who="0" ten="240,288,289,173" step="2"/><U17/><E107/><V42/><F15/><W120/><G120/><T14/><D14/><U8/><E8/><V122/><F11/><N who="3" m="6463" /><G125/><T114/><D114/><U23/><E9/><V2/><F2/><W101/><G135/><T72/><D72/><U58/><E10/><V124/><F122/><W7/><G7/><T30/><D30/><U69/><E31/><V109/><F124/><W39/><G39/><T32/><AGARI ba="0,1" hai="27,29,32,43,45,51,56,61,64,76,80,82,83,87" machi="32" ten="20,2700,0" yaku="1,1,0,1,7,1,53,0" doraHai="131" doraHaiUra="67" who="0" fromWho="0" sc="240,37,288,-7,289,-13,173,-7" /><INIT seed="3,0,0,5,2,2" ten="277,281,276,166" oya="3" hai0="4,33,56,120,27,127,117,111,116,50,43,52,121" hai1="87,11,44,53,38,19,35,104,13,118,74,133,23" hai2="54,30,64,113,94,128,102,131,134,90,39,17,89" hai3="37,61,57,0,114,9,18,99,106,51,85,36,71"/><W96/><G114/><T28/><D111/><U7/><E104/><V60/><F113/><W130/><G130/><N who="2" m="49705" /><F39/><W59/><G71/><T68/><D68/><U41/><E133/><V112/><F112/><W70/><G70/><T42/><D127/><U109/><E109/><V21/><F30/><W129/><G129/><T100/><D100/><U58/><E118/><V24/><F134/><W115/><G115/><T29/><D29/><U126/><E126/><V97/><F54/><W124/><G124/><T69/><D69/><AGARI ba="0,0" hai="17,21,24,60,64,69,89,90,94,97,102" m="49705" machi="69" ten="30,1000,0" yaku="19,1" doraHai="2" who="2" fromWho="0" sc="277,-10,281,0,276,10,166,0" /><INIT seed="4,0,0,1,4,18" ten="267,281,286,166" oya="0" hai0="42,62,128,49,1,3,101,116,119,104,100,19,28" hai1="118,45,57,114,38,48,15,76,77,53,120,44,46" hai2="85,88,102,14,32,129,20,7,115,131,6,10,64" hai3="11,73,80,4,70,51,98,122,130,12,59,107,97"/><T69/><D19/><U36/><E118/><V67/><F32/><W135/><G70/><T8/><D49/><U83/><E120/><V23/><F115/><W124/><G122/><T43/><D128/><N who="2" m="49226" /><F102/><W108/><G130/><T95/><D95/><U30/><E114/><V35/><F35/><W25/><G108/><T81/><D81/><U125/><E125/><V71/><F7/><W2/><G124/><T134/><D134/><U93/><E38/><V27/><F71/><W54/><G135/><T55/><D55/><U21/><E36/><V117/><F117/><W50/><G2/><T31/><D8/><U123/><E123/><V105/><F105/><W13/><G107/><T79/><D104/><U113/><E113/><V26/><F26/><W91/><G12/><T66/><D79/><U96/><E83/><N who="2" m="49215" /><F23/><W84/><G73/><T132/><D132/><U112/><E112/><V133/><F133/><W16/><G50/><T40/><D40/><U0/><E0/><V47/><F47/><W22/><AGARI ba="0,0" hai="4,11,13,16,22,25,51,54,59,80,84,91,97,98" machi="22" ten="30,7900,0" yaku="0,1,8,1,52,1,54,1" doraHai="18" who="3" fromWho="3" sc="267,-39,281,-20,286,-20,166,79" /><INIT seed="5,0,0,4,0,37" ten="228,261,266,245" oya="1" hai0="33,90,118,100,9,49,133,36,13,104,77,70,107" hai1="117,110,82,22,98,134,97,68,86,116,123,99,20" hai2="63,56,126,35,95,62,96,7,59,132,24,26,131" hai3="109,19,94,122,112,76,106,57,85,10,29,115,88"/><U15/><E123/><V31/><F131/><W92/><G109/><T58/><D118/><U18/><E110/><V93/><F126/><W42/><G106/><T52/><D70/><U69/><E134/><V65/><F132/><W51/><G122/><T87/><D133/><U0/><E0/><V2/><F26/><W1/><G29/><T130/><D33/><U32/><E32/><V27/><F24/><W45/><G76/><T75/><D36/><U89/><REACH who="1" step="1"/><E22/><REACH who="1" ten="228,251,266,245" step="2"/><V50/><F2/><W17/><G1/><T30/><D130/><U60/><E60/><V79/><F63/><W21/><G10/><T129/><D129/><U103/><E103/><V91/><F62/><W41/><G115/><T101/><D100/><U3/><E3/><V128/><F128/><W121/><G121/><T43/><D101/><U114/><E114/><V44/><F35/><W71/><G112/><T64/><D9/><U124/><E124/><V11/><F11/><W74/><G71/><AGARI ba="0,1" hai="15,18,20,68,69,71,82,86,89,97,98,99,116,117" machi="71" ten="40,12000,1" yaku="1,1,53,3" doraHai="37" doraHaiUra="67" who="1" fromWho="3" sc="228,0,251,130,266,0,245,-120" owari="228,-17.0,381,47.0,266,7.0,125,-37.0" /></mjloggm>