<mjloggm ver="2.3"><GO type="169" lobby="0"/><UN n0="%E2%80%A0%E6%B0%B4%E9%8A%80%E7%87%88%E2%80%A0" n1="%5C%E3%81%AF%E3%81%A1%E3%81%8D%E3%82%87%E3%81%86%2F" n2="%E8%A5%BF%E5%B2%A1%E8%82%B2%E6%9C%AA%E2%99%AA" n3="%E3%82%A4%E3%82%AB%E3%81%AB%E3%82%82%E6%9D%B1%E5%8C%97" dan="16,16,16,16" rate="2176.90,2111.70,2113.35,2106.94" sx="F,M,F,M"/><TAIKYOKU oya="0"/><INIT seed="0,0,0,5,4,117" ten="250,250,250,250" oya="0" hai0="130,76,129,46,53,132,101,87,63,16,29,112,73" hai1="115,39,41,88,9,42,81,30,89,58,28,98,72" hai2="68,119,133,51,106,107,21,1,55,22,5,24,66" hai3="78,128,113,54,116,64,71,84,75,19,90,48,49"/><T11/><D112/><U94/><E115/><V95/><F95/><W32/><G113/><T131/><D132/><U91/><E39/><V26/><F66/><W7/><G32/><T111/><D111/><U8/><E58/><V77/><F68/><W83/><G116/><T31/><D73/><U56/><E56/><V43/><F43/><N who="1" m="16393" /><E72/><V59/><F77/><W100/><G128/><T124/><D124/><U50/><E50/><V135/><F5/><W105/><G19/><T17/><D101/><N who="1" m="60631" /><E81/><V114/><F1/><W15/><G15/><N who="0" m="7295" /><D17/><U10/><AGARI ba="0,0" hai="8,9,10,28,30,88,89,91" m="60631,16393" machi="10" ten="40,2700,0" yaku="8,1,54,1" doraHai="117" who="1" fromWho="1" sc="250,-13,250,27,250,-7,250,-7" /><INIT seed="1,0,0,2,0,107" ten="237,277,243,243" oya="1" hai0="67,58,39,34,130,86,38,45,20,126,40,2,92" hai1="25,56,1,53,14,134,110,97,49,84,61,18,85" hai2="76,121,6,27,10,43,15,90,123,69,106,8,102" hai3="44,96,122,26,17,35,124,104,132,73,79,66,12"/><U81/><E1/><V41/><F69/><W55/><G122/><T108/><D34/><U47/><E134/><V63/><F106/><W0/><G55/><T98/><D2/><U51/><E110/><V22/><F102/><W101/><G44/><T111/><D38/><U42/><E97/><V78/><F63/><W89/><G0/><T9/><D130/><U74/><E25/><V31/><F121/><W105/><G124/><T59/><D126/><U75/><E61/><V125/><F125/><W82/><G105/><T77/><D9/><U112/><E112/><V115/><F115/><W64/><G132/><T71/><D20/><U119/><E119/><V33/><F123/><W114/><G114/><T95/><D71/><U7/><E85/><V87/><F10/><W50/><G50/><T11/><D11/><N who="1" m="4479" /><E18/><V128/><F128/><W13/><G13/><T99/><D67/><U24/><E24/><V135/><F33/><W54/><G54/><T91/><D98/><U65/><E65/><V37/><F37/><W118/><G118/><T68/><D68/><U94/><E94/><N who="2" m="54623" /><F135/><W113/><G113/><T23/><D23/><U120/><E120/><V83/><F83/><W117/><G117/><T48/><D39/><U46/><E46/><V21/><F22/><N who="3" m="11559" /><G89/><N who="0" m="53303" /><D77/><AGARI ba="0,0" hai="6,8,15,21,27,31,41,43,76,77,78" m="54623" machi="77" ten="30,1000,0" yaku="8,1" doraHai="107" who="2" fromWho="0" sc="237,-10,277,0,243,10,243,0" /><INIT seed="2,0,0,2,0,20" ten="227,277,253,243" oya="2" hai0="37,22,58,61,46,53,96,66,121,63,21,76,117" hai1="122,59,26,39,35,60,12,128,90,25,15,127,17" hai2="125,40,30,9,80,89,93,107,119,116,45,56,79" hai3="32,1,74,19,83,64,72,6,131,31,115,85,110"/><V52/><F107/><W124/><G64/><T70/><D121/><U14/><E39/><V78/><F125/><W126/><G110/><T134/><D134/><U92/><E127/><N who="3" m="48682" /><G131/><T5/><D117/><U47/><E128/><V105/><F105/><W2/><G115/><T106/><D76/><U100/><E122/><V13/><F79/><N who="3" m="46335" /><G19/><T113/><D5/><U41/><E100/><V11/><F116/><W68/><G68/><T71/><D71/><U16/><E35/><V120/><F120/><W118/><G118/><T29/><D113/><U54/><E47/><V99/><F119/><W81/><G81/><T129/><D129/><U69/><E41/><V62/><F30/><W51/><G51/><T95/><D106/><U73/><E73/><N who="3" m="28266" /><G6/><T82/><D82/><U4/><E4/><V7/><F80/><W88/><G88/><T112/><D112/><U48/><E48/><V65/><F78/><W102/><G102/><T44/><D37/><U3/><E3/><V101/><F101/><W38/><G38/><T8/><D29/><U132/><E69/><V42/><F11/><W130/><G130/><T34/><D8/><U36/><E36/><V43/><F65/><W84/><G84/><T104/><D66/><U75/><E75/><V10/><F9/><W111/><G111/><T103/><D70/><U50/><E50/><AGARI ba="0,0" hai="7,10,13,40,42,43,45,50,52,56,62,89,93,99" machi="50" ten="30,5800,0" yaku="7,1,8,1,54,1" doraHai="20" who="2" fromWho="1" sc="227,0,277,-58,253,58,243,0" /><INIT seed="2,1,0,3,4,104" ten="227,219,311,243" oya="2" hai0="84,44,23,9,69,95,118,12,90,63,114,115,81" hai1="117,80,86,33,91,70,135,51,72,113,119,22,17" hai2="37,60,41,14,19,50,97,78,6,1,94,121,52" hai3="111,85,120,59,76,112,124,36,71,47,29,127,122"/><V16/><F121/><N who="3" m="46699" /><G85/><T56/><D118/><U10/><E113/><V123/><F123/><W15/><G76/><T55/><D69/><U128/><E70/><V31/><F31/><W48/><G15/><T66/><D23/><U45/><E33/><V13/><F78/><W82/><G82/><T61/><D95/><U103/><E128/><V134/><F134/><W32/><G71/><T108/><D108/><U58/><E135/><V8/><F60/><W20/><G20/><T98/><D98/><U27/><E103/><V46/><F1/><W38/><G32/><T28/><D28/><U30/><E58/><V101/><F14/><W107/><G107/><T89/><D89/><U79/><E10/><V34/><F34/><W109/><G59/><AGARI ba="1,0" hai="6,8,13,16,19,37,41,46,50,52,59,94,97,101" machi="59" ten="30,5800,0" yaku="7,1,54,2" doraHai="104" who="2" fromWho="3" sc="227,0,219,0,311,61,243,-61" /><INIT seed="2,2,0,5,0,78" ten="227,219,372,182" oya="2" hai0="6,133,87,101,25,95,105,120,86,122,56,132,45" hai1="5,43,2,127,10,62,94,0,108,82,92,59,50" hai2="88,106,39,76,117,11,58,110,57,74,13,96,84" hai3="18,60,3,9,32,112,41,55,37,71,128,16,61"/><V53/><F117/><W134/><G32/><T38/><D6/><U34/><E34/><V135/><F135/><N who="0" m="51786" /><D25/><U111/><E0/><V64/><F39/><W8/><G134/><T83/><D56/><U102/><E127/><V99/><F110/><N who="1" m="42025" /><E102/><V124/><F124/><W20/><G128/><T66/><D66/><N who="1" m="39263" /><E82/><N who="2" m="49175" /><F106/><W73/><G71/><T44/><D44/><AGARI ba="2,0" hai="2,5,10,43,44,50,92,94" m="39263,42025" machi="44" ten="30,1000,0" yaku="14,1" doraHai="78" who="1" fromWho="0" sc="227,-16,219,16,372,0,182,0" /><INIT seed="3,0,0,2,2,101" ten="211,235,372,182" oya="3" hai0="57,119,40,84,127,134,52,27,103,28,106,4,60" hai1="75,30,58,53,64,94,18,65,102,39,130,125,78" hai2="81,61,13,50,25,59,19,79,97,83,34,0,26" hai3="14,111,49,51,89,42,55,21,22,90,129,41,23"/><W107/><G129/><T121/><D119/><U120/><E120/><V1/><F1/><W109/><G14/><T116/><D116/><U9/><E39/><V88/><F0/><W3/><G3/><T91/><D121/><U73/><E130/><V48/><F34/><W56/><G107/><T16/><D134/><U63/><E125/><V131/><F131/><W17/><G17/><T47/><D127/><U74/><E30/><V29/><F29/><W62/><G62/><T31/><D4/><U24/><E78/><V95/><F26/><W33/><G33/><T7/><D7/><U43/><E43/><N who="3" m="16394" /><G56/><T96/><D27/><U32/><E32/><V117/><F25/><W10/><G55/><T6/><D16/><U115/><E115/><V71/><F71/><W118/><G10/><T99/><D99/><U77/><E24/><V67/><F117/><W128/><G128/><T100/><D100/><U86/><E9/><V132/><F132/><W35/><G35/><T113/><D6/><U2/><E18/><V104/><F104/><W12/><G12/><T5/><D5/><U135/><E2/><V110/><F13/><W133/><G133/><T87/><D113/><U122/><E135/><V124/><F19/><W46/><G118/><T105/><D105/><U98/><E122/><V69/><F69/><W123/><G123/><T80/><REACH who="0" step="1"/><D87/><REACH who="0" ten="201,235,372,182" step="2"/><U38/><E86/><V93/><F124/><W37/><G37/><AGARI ba="0,1" hai="28,31,37,40,47,52,57,60,80,84,91,96,103,106" machi="37" ten="30,12000,2" yaku="1,1,2,1,7,1,52,1,54,1,53,1" doraHai="101" doraHaiUra="76" who="0" fromWho="3" sc="201,130,235,0,372,0,182,-120" /><INIT seed="4,0,0,2,5,93" ten="331,235,372,62" oya="0" hai0="49,116,57,73,77,99,115,89,35,83,62,117,40" hai1="105,51,96,88,94,131,71,8,58,100,95,102,48" hai2="84,87,47,82,27,23,97,113,124,123,0,135,120" hai3="65,126,32,81,76,111,132,78,18,54,14,60,36"/><T20/><D35/><U2/><E71/><V98/><F113/><W68/><G111/><T42/><D115/><U119/><E119/><V72/><F135/><W118/><G118/><T39/><D39/><U134/><E134/><V75/><F0/><W44/><G132/><T12/><D12/><U66/><E131/><V53/><F47/><W15/><G126/><T130/><D20/><U50/><E105/><V41/><F41/><W16/><G32/><T122/><D122/><U28/><E28/><V31/><F53/><W121/><G121/><N who="2" m="46665" /><F23/><W17/><G78/><T25/><D25/><U13/><E2/><V21/><F21/><W56/><G81/><T85/><D130/><U43/><E43/><V114/><F27/><W59/><G76/><T104/><D42/><U37/><E37/><V92/><F31/><W133/><G133/><T24/><D24/><U90/><E58/><V127/><F114/><W110/><G110/><T101/><D49/><U91/><E66/><V109/><F109/><W125/><G125/><N who="2" m="48201" /><F92/><W6/><G59/><T79/><D40/><U67/><E67/><V10/><F10/><W45/><G36/><T74/><D116/><U30/><E30/><V128/><F128/><W70/><G70/><T38/><D38/><U1/><E1/><V107/><F107/><W103/><G15/><T108/><D108/><U61/><E61/><V34/><F34/><W80/><G14/><T5/><D117/><U69/><E69/><V106/><F106/><W46/><G6/><T129/><D129/><U4/><E51/><V7/><F7/><W52/><G68/><RYUUKYOKU ba="0,0" sc="331,-10,235,30,372,-10,62,-10" hai1="4,8,13,48,50,88,90,91,94,95,96,100,102" /><INIT seed="5,1,0,5,0,90" ten="321,265,362,52" oya="1" hai0="96,114,12,8,6,20,58,47,1,32,5,112,15" hai1="113,52,44,99,127,59,55,11,100,72,34,21,78" hai2="79,95,94,28,134,36,120,106,103,89,0,53,43" hai3="38,24,123,83,81,29,92,39,84,19,80,41,97"/><U25/><E113/><N who="0" m="43625" /><D58/><U86/><E72/><V37/><F120/><W74/><G123/><T45/><D96/><U23/><E34/><V105/><F0/><W7/><G7/><N who="0" m="1135" /><D45/><U60/><E127/><V93/><F134/><W131/><G131/><T101/><D101/><U35/><E35/><V16/><F28/><W46/><G39/><T30/><D47/><U77/><E11/><V85/><F79/><N who="1" m="30217" /><E86/><V70/><F70/><W135/><G135/><T10/><D32/><U128/><E25/><V49/><F43/><W104/><G104/><T88/><D88/><U4/><E4/><N who="0" m="1641" /><D10/><U108/><E128/><V118/><F37/><W67/><G67/><T57/><D57/><N who="1" m="34879" /><E44/><N who="2" m="27815" /><F36/><W121/><G121/><T13/><D30/><U107/><E107/><V31/><F31/><W65/><G65/><T42/><D42/><U64/><E108/><V82/><F106/><W87/><G29/><T51/><D51/><N who="1" m="31135" /><E64/><V130/><F105/><W63/><G74/><T129/><D129/><U71/><E71/><V111/><F130/><W62/><G87/><T75/><D75/><U2/><E2/><V9/><F111/><W66/><G84/><T27/><D27/><U18/><E18/><AGARI ba="1,0" hai="12,13,15,18,20" m="1641,1135,43625" machi="18" ten="30,3900,0" yaku="15,1,34,2" doraHai="90" who="0" fromWho="1" sc="321,42,265,-42,362,0,52,0" /><INIT seed="6,0,0,0,5,97" ten="363,223,362,52" oya="2" hai0="85,2,14,130,110,44,124,116,68,51,95,80,22" hai1="28,109,12,55,84,56,27,36,82,118,42,71,20" hai2="50,115,35,29,7,4,33,108,105,70,52,90,112" hai3="104,41,49,18,34,103,75,63,0,60,25,16,58"/><V87/><F70/><W86/><G75/><T77/><D110/><U120/><E118/><V83/><F105/><W113/><G113/><N who="2" m="43593" /><F108/><W81/><G0/><T24/><D2/><U21/><E109/><V78/><F78/><W69/><G63/><T91/><D116/><U127/><E127/><V121/><F121/><W100/><G104/><T64/><D124/><U74/><E71/><V119/><F119/><W67/><G34/><N who="2" m="12809" /><F29/><W65/><G65/><T98/><D130/><U15/><E74/><V5/><F5/><W99/><G99/><T17/><D68/><U30/><E120/><V122/><F122/><W39/><G39/><T129/><D129/><U128/><E128/><V73/><F73/><W107/><G107/><T6/><D64/><U93/><E36/><V94/><F83/><W1/><G1/><T53/><REACH who="0" step="1"/><D6/><REACH who="0" ten="353,223,362,52" step="2"/><U38/><E38/><V125/><F125/><W43/><G69/><T8/><D8/><U23/><E30/><V62/><F62/><W135/><G135/><T123/><D123/><U102/><E42/><N who="3" m="15882" /><G49/><T26/><AGARI ba="0,1" hai="14,17,22,24,26,44,51,53,77,80,85,91,95,98" machi="26" ten="30,4000,0" yaku="1,1,0,1,8,1,53,0" doraHai="97" doraHaiUra="32" who="0" fromWho="0" sc="353,50,223,-10,362,-20,52,-10" /><INIT seed="7,0,0,0,3,47" ten="403,213,342,42" oya="3" hai0="65,71,38,24,69,115,94,80,74,123,131,49,21" hai1="50,56,46,32,62,3,25,16,57,12,82,60,135" hai2="6,103,41,100,73,26,125,121,113,44,77,43,76" hai3="106,119,134,5,112,111,64,23,66,11,13,96,48"/><W116/><G112/><T18/><D38/><U109/><E3/><V31/><F113/><W70/><G134/><T61/><D123/><U86/><E109/><V67/><F121/><W75/><G75/><T89/><D131/><U1/><E1/><V51/><F125/><W34/><G111/><T110/><D110/><U7/><E135/><V10/><F67/><W127/><G127/><T114/><D69/><U15/><E32/><V40/><F100/><W83/><G34/><T53/><D80/><U4/><E25/><V105/><F103/><W52/><G106/><T79/><D79/><U54/><E12/><V92/><F92/><W104/><G104/><T107/><D74/><U0/><E0/><V132/><F105/><W14/><G96/><T28/><D28/><U36/><E36/><V33/><F132/><W27/><G14/><T2/><D2/><U63/><E7/><V91/><F91/><W99/><G99/><T22/><D22/><N who="1" m="11551" /><E4/><V20/><F33/><W78/><G70/><T102/><D102/><U35/><E35/><V128/><F128/><W37/><G37/><T117/><D117/><U101/><E101/><V126/><F126/><W93/><G93/><T120/><D120/><U122/><E122/><V84/><F73/><N who="3" m="43471" /><G119/><T30/><D107/><U45/><E45/><V88/><F10/><W108/><G108/><T124/><D124/><U19/><E19/><V17/><F17/><N who="3" m="12783" /><G116/><T98/><D18/><U130/><E130/><V39/><F6/><W58/><G5/><T118/><D118/><U87/><E87/><V55/><F39/><W97/><G97/><RYUUKYOKU ba="0,0" sc="403,0,213,0,342,0,42,0" hai0="21,24,30,49,53,61,65,71,89,94,98,114,115" hai1="46,50,54,56,57,60,62,63,82,86" hai2="20,26,31,40,41,43,44,51,55,76,77,84,88" hai3="11,13,48,52,58,64,66" /><INIT seed="7,1,0,1,4,65" ten="403,213,342,42" oya="3" hai0="116,45,34,84,6,32,50,107,125,131,25,109,117" hai1="63,110,51,83,18,80,73,22,78,1,100,26,36" hai2="129,56,17,28,19,62,98,35,46,43,96,52,0" hai3="15,114,72,130,135,108,118,102,59,54,91,49,8"/><W69/><G118/><T94/><D109/><U61/><E110/><V132/><F132/><W126/><G108/><T4/><D107/><U93/><E36/><V31/><F129/><W120/><G135/><T112/><D32/><U75/><E1/><V82/><F0/><W99/><G130/><T79/><D131/><U57/><E100/><V71/><F82/><W58/><G120/><T14/><D125/><U24/><E93/><V105/><F71/><W111/><G126/><T90/><D112/><U87/><E75/><V95/><F105/><W29/><G114/><T115/><D115/><U13/><E51/><V97/><F95/><N who="3" m="58751" /><G111/><T5/><D79/><U101/><E101/><V74/><F74/><W85/><G72/><T70/><D70/><U92/><E92/><V123/><F123/><W21/><G69/><T12/><D34/><U64/><E63/><V48/><REACH who="2" step="1"/><F35/><REACH who="2" ten="403,213,332,42" step="2"/><W44/><G29/><AGARI ba="1,1" hai="17,19,28,29,31,43,46,48,52,56,62,96,97,98" machi="29" ten="40,8000,1" yaku="1,1,2,1,8,1,54,1,53,0" doraHai="65" doraHaiUra="81" who="2" fromWho="3" sc="403,0,213,0,332,93,42,-83" owari="403,20.0,213,-19.0,425,53.0,-41,-54.0" /></mjloggm>