<mjloggm ver="2.3"><GO type="169" lobby="0"/><UN n0="%28%3B%E3%83%BB%E2%88%80%E3%83%BB%29" n1="%E8%A1%9B%E8%97%A4%E7%BE%8E%E5%BD%A9" n2="%2D%E8%B1%8A%E5%8F%A3%E3%82%81%E3%81%90%E3%81%BF%2D" n3="%64%75%72%72%72%72%72" dan="16,16,18,18" rate="2176.27,2140.69,2206.55,2221.03" sx="M,M,F,M"/><TAIKYOKU oya="0"/><INIT seed="0,0,0,5,5,0" ten="250,250,250,250" oya="0" hai0="13,59,52,90,67,106,7,111,5,89,61,131,10" hai1="9,125,130,22,123,101,25,79,32,112,37,49,48" hai2="92,95,68,96,63,76,45,126,29,44,127,14,72" hai3="116,46,113,102,66,18,69,34,133,30,98,104,91"/><T20/><D106/><U16/><E123/><V58/><F68/><W120/><G116/><T11/><D131/><U108/><E130/><V2/><F2/><W12/><G113/><T27/><D111/><U31/><E112/><V83/><F29/><W38/><G91/><T36/><D36/><U86/><E37/><V47/><F14/><W50/><G120/><T99/><D99/><U132/><E132/><V55/><REACH who="2" step="1"/><F96/><REACH who="2" ten="250,250,240,250" step="2"/><W78/><G12/><N who="0" m="5199" /><D67/><U74/><E31/><AGARI ba="0,1" hai="7,11,13,20,27,31,52,59,61,89,90" m="5199" machi="31" ten="30,11600,0" yaku="8,1,52,2,54,1" doraHai="0" who="0" fromWho="1" sc="250,126,250,-116,240,0,250,0" /><INIT seed="0,1,0,3,3,91" ten="376,134,240,250" oya="0" hai0="4,70,7,32,130,5,102,110,25,112,19,120,9" hai1="134,63,30,99,40,103,49,85,76,72,51,127,113" hai2="115,129,31,26,77,23,97,6,41,128,0,80,20" hai3="101,95,36,86,87,104,64,42,16,24,71,74,106"/><T14/><D70/><U107/><E134/><V8/><F115/><W29/><G74/><T133/><D102/><U82/><E113/><V90/><F23/><W75/><G75/><T34/><D112/><U13/><E127/><V84/><REACH who="2" step="1"/><F41/><REACH who="2" ten="376,134,230,250" step="2"/><W59/><G42/><T93/><D120/><U44/><E30/><V67/><F67/><W124/><G29/><T96/><D133/><U89/><E63/><V79/><F79/><W92/><G64/><T73/><D34/><U10/><E51/><V121/><F121/><W55/><G124/><T18/><D32/><U66/><E66/><V126/><F126/><W57/><G55/><T81/><D130/><U54/><E40/><V46/><F46/><W125/><G125/><T111/><D110/><U15/><REACH who="1" step="1"/><E10/><REACH who="1" ten="376,124,230,250" step="2"/><V61/><F61/><W83/><G57/><T118/><D9/><U50/><E50/><V48/><F48/><W35/><G59/><T33/><D111/><U52/><E52/><V37/><F37/><W100/><G36/><T123/><D33/><U58/><E58/><V53/><F53/><W135/><G35/><T1/><D123/><U62/><E62/><V105/><F105/><W38/><G135/><T68/><D68/><U65/><E65/><V69/><F69/><W60/><G38/><T43/><D43/><U78/><E78/><V47/><F47/><W109/><G71/><T98/><D1/><U88/><E88/><V39/><F39/><W119/><G60/><T22/><D22/><U45/><E45/><V122/><F122/><W56/><G109/><T116/><D116/><U2/><E2/><RYUUKYOKU ba="1,2" sc="376,-15,124,15,230,15,250,-15" hai1="13,15,44,49,54,72,76,82,85,89,99,103,107" hai2="0,6,8,20,26,31,77,80,84,90,97,128,129" /><INIT seed="1,2,2,0,5,134" ten="361,139,245,235" oya="1" hai0="49,25,62,6,2,55,52,122,63,38,105,133,43" hai1="61,84,14,90,42,35,113,127,78,101,117,48,124" hai2="47,32,26,89,91,57,56,126,18,123,5,98,28" hai3="22,108,7,96,131,36,125,9,130,103,86,13,66"/><U65/><E117/><V112/><F123/><W16/><G36/><T109/><D133/><U20/><E113/><V128/><F112/><W31/><G108/><T41/><D109/><U72/><E35/><V11/><F128/><N who="3" m="49195" /><G125/><N who="1" m="48202" /><E101/><V82/><F18/><W81/><G66/><T53/><D25/><U24/><E14/><V104/><F47/><W69/><G69/><T132/><D105/><U29/><E78/><V10/><F10/><W119/><G31/><T27/><D27/><U111/><E72/><V114/><F114/><W93/><G119/><T0/><D6/><U34/><E111/><V59/><F126/><W17/><G22/><T129/><D132/><U97/><E97/><V88/><F104/><W30/><G30/><T115/><D129/><U50/><E42/><V58/><N who="2" m="14336" /><DORA hai="73" /><V8/><F8/><W95/><G95/><T21/><D115/><U107/><E107/><V120/><F120/><W54/><G54/><T68/><D21/><U70/><E20/><V74/><F74/><W40/><G40/><N who="0" m="15435" /><D122/><U15/><E15/><V1/><REACH who="2" step="1"/><F98/><REACH who="2" ten="361,139,235,235" step="2"/><W67/><G67/><T77/><D2/><U12/><E12/><V4/><F4/><W92/><G96/><T23/><D0/><U45/><E45/><V33/><F33/><W51/><G7/><T135/><D135/><U87/><E87/><AGARI ba="2,3" hai="1,5,11,26,28,32,82,87,88,89,91" m="14336" machi="87" ten="50,3200,0" yaku="1,1,54,1,53,0" doraHai="134,73" doraHaiUra="118,116" who="2" fromWho="1" sc="361,0,139,-38,235,68,235,0" /><INIT seed="2,0,0,0,1,38" ten="361,101,303,235" oya="2" hai0="60,117,76,103,113,75,57,47,77,110,129,7,95" hai1="92,88,22,73,11,126,85,83,13,87,8,14,43" hai2="63,53,29,105,45,69,2,118,123,54,55,130,66" hai3="4,48,133,5,121,132,91,135,28,134,125,18,114"/><V120/><F2/><W24/><N who="3" m="33792" /><DORA hai="35" /><W59/><G91/><T58/><D113/><U31/><E73/><V0/><F105/><W124/><G114/><T119/><D110/><U98/><E126/><N who="3" m="48746" /><G59/><T102/><D58/><U67/><E67/><V1/><F29/><W56/><G121/><T128/><D47/><U34/><E34/><V30/><F30/><W40/><G18/><T72/><D57/><U25/><E43/><V116/><F123/><W79/><G79/><T52/><D60/><U26/><E26/><V44/><F120/><W3/><G3/><T112/><D112/><U93/><E93/><V42/><F0/><W74/><G74/><T15/><D7/><N who="3" m="2633" /><G56/><T107/><D77/><U9/><REACH who="1" step="1"/><E87/><REACH who="1" ten="361,91,303,235" step="2"/><V68/><F42/><W51/><G40/><T70/><D75/><U111/><E111/><V37/><F37/><W78/><G78/><AGARI ba="0,1" hai="8,9,11,13,14,22,25,31,78,83,85,88,92,98" machi="78" ten="40,8000,1" yaku="1,1,8,1,54,1,53,1" doraHai="38,35" doraHaiUra="94,108" who="1" fromWho="3" sc="361,0,91,90,303,0,235,-80" /><INIT seed="3,0,0,4,4,127" ten="361,181,303,155" oya="3" hai0="135,28,14,84,15,78,72,100,60,40,50,33,113" hai1="26,29,134,130,63,90,105,51,0,34,91,43,30" hai2="55,13,37,56,133,85,17,77,114,121,48,106,73" hai3="22,9,76,123,25,61,97,126,32,80,11,59,45"/><W104/><G123/><T119/><D72/><U94/><E134/><V47/><F114/><W122/><G32/><T1/><D1/><U70/><E0/><V71/><F133/><W2/><G122/><T39/><D135/><U132/><E132/><V52/><F106/><W110/><G126/><T98/><D39/><U103/><E30/><V31/><F71/><W66/><G2/><T44/><D119/><U131/><E43/><V5/><F5/><W116/><G116/><T95/><D113/><U42/><E42/><V108/><F108/><W19/><G110/><T81/><D33/><U65/><E51/><V6/><F6/><W49/><G97/><T46/><D28/><U12/><E12/><V54/><F37/><W41/><REACH who="3" step="1"/><G104/><REACH who="3" ten="361,181,303,145" step="2"/><T8/><D98/><N who="1" m="61687" /><E91/><V125/><F125/><W83/><G83/><T96/><D96/><AGARI ba="0,1" hai="26,29,34,63,65,70,90,94,96,130,131" m="61687" machi="96" ten="30,3900,0" yaku="25,1,52,2" doraHai="127" who="1" fromWho="0" sc="361,-39,181,49,303,0,145,0" /><INIT seed="4,0,0,5,1,58" ten="322,230,303,145" oya="0" hai0="34,98,8,76,21,38,16,121,105,134,64,43,107" hai1="27,61,31,77,109,19,29,70,15,40,2,83,25" hai2="78,35,89,91,63,126,96,86,13,93,33,124,50" hai3="90,122,72,111,60,125,97,102,128,123,88,28,24"/><T133/><D34/><U42/><E2/><V71/><F78/><W115/><G72/><T23/><D121/><N who="3" m="46089" /><G111/><T69/><D76/><U114/><E109/><V135/><F50/><W41/><G41/><T118/><D118/><U55/><E114/><V108/><F13/><W73/><G73/><T68/><D38/><U106/><E106/><N who="0" m="40457" /><D98/><U22/><E27/><V130/><F108/><W47/><G47/><T104/><D43/><U12/><E12/><V82/><F135/><N who="0" m="51722" /><D104/><U132/><E132/><V100/><F91/><W11/><G115/><T94/><D94/><U52/><E70/><N who="0" m="27241" /><D64/><U84/><E31/><V120/><F120/><W110/><G110/><T101/><D101/><U14/><E14/><AGARI ba="0,0" hai="8,14,16,21,23" m="27241,51722,40457" machi="14" ten="40,3900,0" yaku="20,1,54,1" doraHai="58" who="0" fromWho="1" sc="322,39,230,-39,303,0,145,0" /><INIT seed="4,1,0,0,0,23" ten="361,191,303,145" oya="0" hai0="87,38,108,34,2,1,123,125,62,8,5,105,25" hai1="7,41,21,77,109,110,118,33,6,27,14,64,88" hai2="132,56,74,134,67,130,96,78,13,126,68,135,46" hai3="83,75,37,12,65,60,101,32,66,115,111,51,80"/><T35/><D123/><U72/><E64/><V84/><F74/><W4/><G37/><T100/><D38/><U63/><E63/><N who="2" m="38375" /><F68/><W47/><G32/><T73/><D87/><U50/><E118/><V94/><F13/><W54/><G111/><T70/><D108/><U119/><E119/><V95/><F126/><W106/><G115/><T59/><D59/><U18/><E77/><V3/><F3/><W30/><G30/><N who="0" m="19791" /><D125/><U61/><E72/><V120/><F120/><W97/><G66/><N who="0" m="41303" /><D35/><U16/><E33/><V112/><F112/><W79/><G83/><T19/><D19/><U131/><E131/><V128/><F46/><W0/><G12/><N who="0" m="5135" /><D73/><U58/><E109/><V29/><F29/><W129/><G129/><N who="2" m="49769" /><F78/><W9/><G60/><T89/><D89/><U53/><E110/><V121/><F121/><W57/><REACH who="3" step="1"/><G65/><REACH who="3" ten="361,191,303,135" step="2"/><T92/><D92/><U104/><E104/><V86/><F95/><W22/><G22/><T127/><D127/><U71/><E61/><V133/><F133/><W26/><G26/><T40/><D2/><U42/><E71/><V15/><F15/><W44/><AGARI ba="1,1" hai="0,4,9,44,47,51,54,57,75,79,80,97,101,106" machi="44" ten="30,4000,0" yaku="1,1,0,1,53,1" doraHai="23" doraHaiUra="107" who="3" fromWho="3" sc="361,-21,191,-11,303,-11,135,53" /><INIT seed="5,0,0,5,4,87" ten="340,180,292,188" oya="1" hai0="101,90,51,128,47,55,59,121,36,133,4,48,42" hai1="97,33,117,32,127,118,132,81,96,120,104,73,123" hai2="72,95,74,62,27,1,18,109,78,76,13,28,126" hai3="52,12,69,114,41,82,6,5,40,39,57,63,0"/><U130/><E130/><V30/><F109/><W91/><G0/><T100/><D128/><U53/><E53/><V44/><F1/><W20/><G69/><T77/><D133/><U60/><E60/><V54/><F74/><W23/><G39/><T3/><D77/><U112/><E132/><V115/><F126/><W70/><G70/><T88/><D121/><U61/><E61/><V125/><F125/><W22/><G114/><T9/><REACH who="0" step="1"/><D36/><REACH who="0" ten="330,180,292,188" step="2"/><U110/><E127/><V37/><F78/><W49/><G41/><T45/><D45/><U111/><E123/><V8/><F76/><W106/><G40/><T17/><D17/><U105/><E120/><V83/><F18/><W122/><G122/><T68/><D68/><U92/><E112/><V94/><F44/><W65/><G5/><T2/><D2/><U107/><E117/><V24/><F37/><W129/><G6/><T31/><D31/><U43/><E43/><V86/><F30/><W50/><G129/><T16/><D16/><U80/><E118/><V85/><F28/><W98/><G12/><T75/><D75/><U38/><E73/><V58/><F72/><W103/><G65/><T29/><D29/><U34/><E38/><V66/><F66/><W14/><G14/><T131/><D131/><U64/><E64/><V113/><F113/><W26/><G26/><T11/><D11/><U35/><E35/><V108/><F115/><W56/><G56/><T19/><D19/><U67/><E67/><V71/><F71/><W119/><G119/><T46/><D46/><U84/><E33/><V116/><F116/><RYUUKYOKU ba="0,1" sc="330,15,180,-15,292,-15,188,15" hai0="3,4,9,42,47,48,51,55,59,88,90,100,101" hai3="20,22,23,49,50,52,57,63,82,91,98,103,106" /><INIT seed="6,1,1,2,2,27" ten="345,165,277,203" oya="2" hai0="68,129,57,16,121,28,123,110,86,99,7,48,116" hai1="36,80,93,100,88,43,126,21,62,79,98,101,35" hai2="132,118,104,41,102,8,112,63,120,77,42,75,9" hai3="69,124,95,22,89,54,58,59,97,39,125,61,51"/><V109/><F118/><W40/><G59/><T50/><D110/><U12/><E35/><V3/><F120/><W131/><G131/><T103/><D68/><U135/><E135/><V72/><F132/><W114/><G114/><T134/><D134/><U44/><E126/><N who="3" m="48746" /><G39/><T60/><D7/><U23/><E62/><V87/><F63/><W106/><G106/><T130/><D86/><U55/><E55/><V29/><F104/><W37/><G37/><T94/><D116/><U34/><E34/><V45/><F45/><N who="3" m="26023" /><G22/><T30/><D121/><U127/><E127/><V119/><F42/><W26/><G26/><T49/><D123/><U33/><E33/><V15/><F41/><W53/><G69/><T67/><D16/><U113/><E113/><V91/><F112/><W76/><G76/><T65/><D65/><AGARI ba="1,1" hai="53,54,58,61,65,89,95,97" m="26023,48746" machi="65" ten="30,1000,0" yaku="18,1" doraHai="27" who="3" fromWho="0" sc="345,-13,165,0,277,0,203,23" /><INIT seed="7,0,0,1,4,24" ten="332,165,277,226" oya="3" hai0="99,42,68,9,93,15,3,110,108,4,41,95,13" hai1="122,40,5,28,74,113,29,128,44,38,127,107,120" hai2="117,17,116,33,67,119,34,10,82,26,81,35,47" hai3="102,11,37,12,31,64,124,39,87,114,22,91,111"/><W77/><G114/><T71/><D3/><U56/><E107/><V1/><F67/><W104/><G77/><T46/><D46/><U0/><E113/><V126/><F47/><W90/><G124/><T109/><D99/><U101/><E101/><V69/><F69/><N who="0" m="26698" /><D9/><U27/><E127/><V118/><F126/><W60/><G91/><T88/><D88/><U78/><E128/><V19/><F82/><W36/><G111/><T51/><D51/><U23/><E56/><V45/><F81/><W53/><G53/><T62/><D62/><U89/><E89/><V112/><F45/><W16/><G102/><T55/><D4/><U59/><E59/><V57/><F57/><W125/><G104/><T20/><D20/><U96/><E96/><V49/><F49/><W86/><G125/><T21/><D21/><U50/><E50/><V135/><F112/><W72/><G72/><T6/><D6/><U25/><E78/><V73/><F73/><W54/><G54/><T63/><D55/><U94/><E74/><V92/><F92/><N who="0" m="35402" /><D63/><U70/><E94/><V103/><F103/><W129/><G90/><T14/><AGARI ba="0,0" hai="13,14,15,41,42,108,109,110" m="35402,26698" machi="14" ten="40,2700,0" yaku="28,2" doraHai="24" who="0" fromWho="0" sc="332,27,165,-7,277,-7,226,-13" owari="359,46.0,158,-34.0,270,7.0,213,-19.0" /></mjloggm>