<mjloggm ver="2.3"><GO type="169" lobby="0"/><UN n0="%E4%B8%BB%E5%B8%AD" n1="%E3%81%BE%E3%81%8F%E3%81%A9%E3%81%AA%E3%82%8B%E3%81%AA%E3%82%8B%E3%81%A9" n2="%E8%88%AC%E5%8D%93%E6%B0%91%E3%81%AE%E6%9C%9D%E3%81%AF%E6%97%A9%E3%81%84" n3="%E5%B0%8F%E6%B1%A0%E7%BE%8E%E6%B3%A2%E2%8A%BF" dan="16,16,17,16" rate="2127.95,2122.17,2227.17,2090.30" sx="M,M,M,F"/><TAIKYOKU oya="0"/><INIT seed="0,0,0,3,5,65" ten="250,250,250,250" oya="0" hai0="40,133,103,10,12,73,80,131,125,119,34,79,108" hai1="106,83,4,70,128,44,30,31,20,94,126,52,32" hai2="93,18,102,85,48,110,127,35,57,81,66,98,22" hai3="60,38,78,9,99,100,92,130,15,118,116,113,90"/><T135/><D135/><U17/><BYE who="0" /><E106/><V77/><F110/><UN n0="%E4%B8%BB%E5%B8%AD" /><W117/><G113/><T56/><D119/><U6/><E126/><V61/><F127/><W27/><G38/><T13/><D34/><U1/><E128/><V84/><F35/><W88/><G130/><T69/><D69/><U64/><E32/><V14/><F48/><W97/><G78/><T55/><D125/><U112/><E83/><V62/><F62/><W115/><G115/><T82/><D108/><U120/><E120/><V25/><F14/><W50/><G27/><T75/><D133/><U26/><E112/><V8/><F8/><W122/><G122/><T72/><D72/><U111/><E111/><V74/><AGARI ba="0,0" hai="18,22,25,57,61,66,74,77,81,84,85,93,98,102" machi="74" ten="20,1500,0" yaku="0,1,7,1" doraHai="65" who="2" fromWho="2" sc="250,-7,250,-4,250,15,250,-4" /><INIT seed="1,0,0,2,4,40" ten="243,246,265,246" oya="1" hai0="113,25,12,51,74,92,87,18,23,6,27,123,3" hai1="103,29,114,132,32,2,102,37,110,57,131,10,85" hai2="93,67,33,8,124,13,86,59,128,76,111,17,133" hai3="55,50,28,20,104,90,121,22,53,21,11,14,56"/><U84/><E114/><V105/><F105/><W48/><G121/><T39/><D74/><U41/><E132/><V81/><F33/><W49/><G104/><T69/><D39/><U89/><E131/><V52/><F128/><W83/><G28/><T79/><D69/><U120/><E120/><V91/><F133/><W116/><G116/><T66/><D66/><U64/><E32/><V106/><F106/><W135/><G135/><T96/><D123/><U5/><E29/><V16/><F111/><W71/><G71/><T4/><D113/><U46/><E110/><V101/><F124/><W42/><G42/><T30/><D51/><U7/><E7/><N who="0" m="2601" /><D3/><U9/><E9/><V118/><F118/><W70/><G70/><T127/><D127/><U130/><E130/><V19/><F101/><W112/><G112/><T54/><D54/><U15/><E2/><V98/><F67/><W34/><G34/><T47/><D87/><U61/><REACH who="1" step="1"/><E85/><REACH who="1" ten="243,236,265,246" step="2"/><V109/><REACH who="2" step="1"/><F109/><REACH who="2" ten="243,236,255,246" step="2"/><W73/><G73/><T68/><D30/><U65/><E65/><V134/><F134/><W45/><G55/><T77/><D23/><U62/><E62/><AGARI ba="0,2" hai="8,13,16,17,19,52,59,62,76,81,86,91,93,98" machi="62" ten="30,8000,1" yaku="1,1,7,1,8,1,54,2,53,0" doraHai="40" doraHaiUra="44" who="2" fromWho="1" sc="243,0,236,-80,255,100,246,0" /><INIT seed="2,0,0,1,0,110" ten="243,156,355,246" oya="2" hai0="32,37,17,42,81,120,52,4,82,90,84,23,8" hai1="61,0,97,19,103,95,135,98,129,65,89,62,134" hai2="43,72,93,119,63,71,126,127,74,31,3,79,87" hai3="125,15,122,2,40,99,20,76,25,50,83,77,44"/><V18/><F119/><W131/><G122/><T109/><D32/><U21/><E0/><V108/><F3/><W117/><G117/><T33/><D33/><U57/><E129/><V6/><F43/><W13/><G2/><T10/><D109/><U16/><E62/><V116/><F63/><W118/><G118/><T53/><D120/><U45/><E45/><V48/><F116/><W67/><G67/><T73/><D37/><U66/><E66/><V55/><F6/><W133/><G133/><N who="1" m="50698" /><E21/><V92/><F31/><W69/><G69/><T59/><D42/><U128/><E128/><V94/><F71/><W106/><G125/><N who="2" m="47625" /><F18/><W68/><G68/><T75/><D4/><U101/><E101/><V30/><F30/><W115/><G40/><T78/><D75/><N who="2" m="28714" /><F48/><W41/><G50/><T54/><REACH who="0" step="1"/><D59/><REACH who="0" ten="233,156,355,246" step="2"/><U102/><E102/><V9/><F108/><W104/><G41/><T121/><D121/><U24/><E24/><AGARI ba="0,1" hai="8,10,17,23,24,52,53,54,73,78,81,82,84,90" machi="24" ten="40,5200,0" yaku="1,1,54,1,53,1" doraHai="110" doraHaiUra="105" who="0" fromWho="1" sc="233,62,156,-52,355,0,246,0" /><INIT seed="3,0,0,2,1,86" ten="295,104,355,246" oya="3" hai0="44,61,30,130,99,46,5,89,63,134,2,101,9" hai1="112,4,16,87,90,83,0,77,91,125,96,27,56" hai2="103,76,79,25,107,18,51,115,49,37,26,10,92" hai3="113,31,132,74,50,122,70,48,116,135,60,38,13"/><W75/><G113/><T93/><D134/><N who="3" m="51241" /><G116/><T102/><D130/><U54/><E112/><V28/><F115/><W133/><G38/><T15/><D30/><U52/><E125/><V3/><F107/><W47/><G122/><T118/><D118/><U124/><E124/><V97/><F37/><W71/><G50/><N who="2" m="18953" /><F3/><W62/><G31/><T65/><D2/><U19/><E0/><V84/><F28/><W105/><G105/><T123/><D123/><U59/><E4/><V43/><F43/><N who="3" m="24703" /><G13/><T58/><D63/><N who="3" m="24105" /><G133/><T66/><D66/><U32/><E32/><V100/><F26/><W35/><G35/><T104/><REACH who="0" step="1"/><D102/><REACH who="0" ten="285,104,355,246" step="2"/><U6/><E54/><V121/><F103/><W29/><G29/><T34/><D34/><U106/><E52/><V95/><F121/><W128/><G128/><T72/><D72/><AGARI ba="0,1" hai="70,71,72,74,75" m="24105,24703,51241" machi="72" ten="30,1500,0" yaku="20,1" doraHai="86" who="3" fromWho="0" sc="285,-15,104,0,355,0,246,25" /><INIT seed="3,1,0,2,5,27" ten="270,104,355,271" oya="3" hai0="121,67,86,104,85,115,22,41,66,38,110,92,12" hai1="102,68,32,61,120,90,87,129,15,18,19,44,80" hai2="133,105,21,34,14,6,91,50,77,69,94,108,116" hai3="7,2,114,59,82,45,58,11,72,79,63,89,106"/><W119/><G114/><T16/><D121/><U135/><E120/><V29/><F116/><W124/><G119/><T125/><D104/><U10/><E32/><V28/><F69/><W76/><G106/><T53/><D115/><U31/><E135/><V99/><F133/><W123/><G123/><T26/><D125/><U112/><E112/><V93/><F105/><W8/><G124/><T64/><D110/><U5/><E129/><V52/><F34/><W62/><G45/><T60/><D41/><U111/><E111/><V74/><F108/><W36/><G36/><T78/><D38/><U57/><E68/><V113/><F113/><W55/><G8/><T17/><D78/><U97/><E44/><V130/><F130/><W25/><G25/><T65/><D53/><U54/><REACH who="1" step="1"/><E31/><REACH who="1" ten="270,94,355,271" step="2"/><V42/><F29/><W51/><G59/><N who="0" m="36895" /><D92/><AGARI ba="1,1" hai="5,10,15,18,19,54,57,61,80,87,90,92,97,102" machi="92" ten="30,7700,0" yaku="1,1,7,1,8,1,53,1" doraHai="27" doraHaiUra="96" who="1" fromWho="0" sc="270,-80,94,90,355,0,271,0" /><INIT seed="4,0,0,3,5,27" ten="190,184,355,271" oya="0" hai0="88,52,132,31,9,95,114,60,128,63,21,84,51" hai1="50,34,119,17,104,0,87,71,117,13,61,37,39" hai2="80,81,107,64,59,77,91,69,90,16,120,83,25" hai3="23,11,135,18,103,122,47,32,121,53,10,92,3"/><T70/><D114/><U48/><E104/><V134/><F120/><N who="3" m="46187" /><G32/><T127/><D132/><U2/><E34/><V36/><F134/><W74/><G74/><T86/><D128/><U8/><E87/><V6/><F36/><W116/><G116/><T57/><D127/><U49/><E39/><V76/><F69/><W101/><G92/><T109/><D109/><U75/><E75/><V94/><F6/><N who="3" m="1375" /><G11/><T89/><D9/><U66/><REACH who="1" step="1"/><E37/><REACH who="1" ten="190,174,355,271" step="2"/><V115/><F107/><W106/><G106/><T40/><D86/><U35/><E35/><V43/><F115/><W125/><G135/><T113/><D113/><U130/><E130/><V131/><F131/><W19/><G125/><T129/><D129/><U133/><E133/><V22/><F43/><W62/><G18/><T30/><D40/><U98/><E98/><N who="2" m="57687" /><F91/><W41/><G41/><T56/><D89/><U28/><E28/><N who="0" m="10793" /><D70/><U26/><E26/><V4/><F4/><W123/><G19/><T99/><D99/><U72/><E72/><V96/><F96/><W45/><G103/><T24/><D57/><U12/><E12/><V46/><F46/><W105/><G47/><T108/><D108/><U85/><E85/><V33/><F33/><W15/><G45/><T38/><D38/><U42/><E42/><V124/><F124/><W67/><G101/><T126/><D126/><U73/><E73/><V82/><N who="2" m="20480" /><DORA hai="20" /><V78/><F78/><W111/><G111/><T29/><AGARI ba="0,1" hai="21,24,29,51,52,56,60,63,84,88,95" m="10793" machi="29" ten="30,24000,3" yaku="8,1,52,5,54,2" doraHai="27,20" who="0" fromWho="0" sc="190,250,174,-80,355,-80,271,-80" /><INIT seed="4,1,0,0,3,79" ten="440,94,275,191" oya="0" hai0="65,114,60,27,9,3,52,75,111,95,85,26,34" hai1="108,57,31,127,70,55,77,51,103,112,47,80,8" hai2="1,21,2,113,82,134,92,30,44,19,56,78,105" hai3="37,66,81,22,12,109,87,121,135,107,11,14,117"/><T125/><D75/><U15/><E70/><V72/><F105/><W74/><G117/><T115/><D111/><U38/><E112/><N who="0" m="43049" /><D125/><U63/><E108/><V73/><F113/><W122/><G37/><T67/><D3/><U6/><E127/><V50/><F134/><W43/><G107/><T116/><D9/><U131/><E131/><V54/><F73/><W106/><G106/><T133/><D133/><U98/><E38/><V102/><F30/><W69/><G43/><T64/><D34/><U33/><E33/><V86/><F56/><W110/><G74/><T97/><D85/><U129/><E129/><V76/><F76/><W101/><G22/><T128/><D116/><U4/><E31/><V96/><REACH who="2" step="1"/><F72/><REACH who="2" ten="440,94,265,191" step="2"/><W61/><G135/><T29/><D29/><U16/><E77/><V28/><F28/><W71/><G110/><T0/><D128/><U23/><E8/><V94/><F94/><W90/><G71/><T24/><D95/><N who="1" m="58847" /><E80/><V123/><F123/><W118/><G11/><T18/><D0/><U41/><AGARI ba="1,1" hai="4,6,15,16,23,41,47,51,55,57,63" m="58847" machi="41" ten="30,2000,0" yaku="8,1,54,1" doraHai="79" who="1" fromWho="1" sc="440,-11,94,33,265,-6,191,-6" /><INIT seed="5,0,0,2,2,108" ten="429,127,259,185" oya="1" hai0="134,20,117,122,3,5,31,29,129,81,90,84,103" hai1="24,94,112,35,79,52,38,25,48,120,91,68,17" hai2="87,119,13,32,69,132,26,42,46,111,75,65,133" hai3="100,104,105,33,6,76,99,116,71,23,63,96,121"/><U98/><E120/><V115/><F119/><W37/><G121/><T8/><D117/><U51/><E68/><V85/><F111/><W21/><G116/><T27/><D122/><U110/><E38/><V56/><F75/><W11/><G37/><T127/><D127/><U82/><E110/><V80/><F69/><W1/><G76/><T109/><D109/><U45/><E35/><V102/><F102/><W18/><G99/><T72/><D134/><U47/><E112/><V123/><F123/><W97/><G97/><T10/><D129/><U14/><E82/><V58/><F13/><W130/><G130/><T4/><D103/><U44/><E79/><V43/><F26/><W70/><G21/><T95/><D72/><U2/><E2/><V88/><F32/><W107/><G33/><T131/><D131/><U135/><E135/><V53/><F65/><W60/><G71/><T40/><D40/><N who="2" m="15402" /><F115/><W16/><G18/><T73/><D73/><U124/><E124/><V126/><F126/><W19/><G19/><T74/><D74/><U118/><E118/><V83/><F132/><W106/><REACH who="3" step="1"/><G70/><REACH who="3" ten="429,127,259,175" step="2"/><T55/><D20/><N who="1" m="11319" /><E45/><V77/><F133/><W9/><G9/><T125/><D10/><U92/><E92/><V41/><F41/><AGARI ba="0,1" hai="24,25,41,44,47,48,51,52,91,94,98" m="11319" machi="41" ten="30,2900,0" yaku="8,1,54,1" doraHai="108" who="1" fromWho="2" sc="429,0,127,39,259,-29,175,0" /><INIT seed="5,1,0,2,0,110" ten="429,166,230,175" oya="1" hai0="120,18,65,16,11,118,101,58,103,133,71,76,99" hai1="90,21,5,70,81,108,41,12,127,35,29,59,132" hai2="47,131,13,7,97,98,40,85,4,79,53,95,44" hai3="119,115,51,33,112,63,56,116,89,113,52,57,93"/><U106/><E35/><V48/><F131/><W46/><G33/><T8/><D118/><N who="3" m="45097" /><G63/><T0/><D71/><U73/><E70/><V135/><F135/><W125/><G125/><T2/><D133/><U9/><E106/><V34/><F34/><W62/><G62/><T128/><D128/><U107/><E107/><V24/><F24/><W30/><G30/><T32/><D32/><U50/><E132/><V84/><F79/><W3/><G3/><T14/><D76/><U39/><E39/><V1/><F1/><W72/><G72/><T75/><D75/><U42/><E108/><V124/><F124/><W54/><G54/><T49/><D120/><U66/><E73/><V111/><F111/><W15/><G15/><T92/><D103/><U23/><E127/><V83/><F83/><W87/><AGARI ba="1,0" hai="46,51,52,56,57,87,89,93,112,113,115" m="45097" machi="87" ten="40,12000,2" yaku="15,1,12,1,52,3,54,1" doraHai="110" who="3" fromWho="3" sc="429,-31,166,-61,230,-31,175,123" /><INIT seed="6,0,0,4,4,97" ten="398,105,199,298" oya="2" hai0="32,122,39,103,54,61,111,75,40,121,134,63,92" hai1="6,100,102,10,105,80,11,51,127,42,108,101,87" hai2="13,43,17,55,22,50,24,110,132,19,74,116,112" hai3="91,83,44,27,85,31,69,133,130,126,3,14,90"/><V72/><F116/><W23/><G3/><T21/><D75/><U48/><E108/><V124/><F110/><W117/><G117/><T29/><D32/><U1/><E127/><V38/><F124/><W82/><G69/><T16/><D111/><U128/><E128/><V78/><F112/><W88/><G126/><T73/><D73/><U2/><E105/><V120/><F120/><W7/><G133/><T95/><D29/><U45/><E51/><V77/><F74/><W118/><G118/><T62/><D134/><U123/><E123/><V89/><F132/><W129/><G44/><T53/><D95/><U109/><E109/><V119/><F72/><W125/><G125/><T12/><D40/><U60/><E60/><V86/><F43/><W68/><G68/><T59/><D39/><U34/><E34/><V113/><F38/><W70/><G70/><T84/><D84/><U49/><E49/><V64/><F64/><W47/><G47/><T9/><D9/><U81/><E87/><V33/><F113/><W30/><G30/><T94/><D94/><U36/><E36/><V106/><F106/><W37/><G37/><T114/><D114/><U28/><E28/><V71/><F71/><W26/><G26/><T58/><D62/><U57/><E57/><N who="2" m="33015" /><F33/><W96/><G83/><T18/><D18/><U79/><E79/><V8/><F119/><W93/><G91/><T41/><D41/><U46/><E46/><V5/><F19/><W76/><G76/><T56/><D56/><U98/><E98/><AGARI ba="0,0" hai="12,16,21,53,54,58,59,61,63,92,98,103,121,122" machi="98" ten="40,5200,0" yaku="9,1,52,1,54,1" doraHai="97" who="0" fromWho="1" sc="398,52,105,-52,199,0,298,0" /><INIT seed="7,0,0,3,0,1" ten="450,53,199,298" oya="3" hai0="114,8,135,21,13,103,124,90,3,101,27,62,37" hai1="42,43,88,113,123,32,78,14,98,55,85,72,12" hai2="10,23,80,22,121,65,82,66,18,122,6,87,68" hai3="38,39,36,26,16,28,34,81,102,77,130,53,75"/><W0/><G130/><T95/><D3/><U97/><E32/><V104/><F104/><W133/><G133/><T54/><D37/><U44/><E113/><V100/><F100/><W69/><G69/><T33/><D33/><U111/><E123/><V109/><F109/><W105/><G53/><T74/><D74/><U108/><E108/><V7/><F10/><W83/><G83/><T57/><D135/><U64/><E111/><V20/><F18/><W125/><G125/><T48/><D114/><U67/><E72/><V29/><F29/><W30/><G30/><N who="0" m="17775" /><D62/><U46/><E78/><V79/><F68/><W119/><G119/><T116/><D124/><U56/><E85/><V73/><F73/><W76/><G76/><T35/><D35/><U17/><E17/><V9/><F9/><W31/><G31/><T99/><D116/><U4/><E55/><V58/><F58/><W107/><G102/><T47/><D57/><U134/><E56/><V59/><F59/><W94/><G94/><T41/><D54/><U129/><E134/><V60/><F60/><W89/><G89/><T126/><D126/><U91/><E129/><V52/><F52/><W132/><G132/><T118/><D118/><U19/><E19/><AGARI ba="0,0" hai="8,13,19,41,47,48,90,95,99,101,103" m="17775" machi="19" ten="30,1000,0" yaku="8,1" doraHai="1" who="0" fromWho="1" sc="450,10,53,-10,199,0,298,0" owari="460,56.0,43,-46.0,199,-20.0,298,10.0" /></mjloggm>