<mjloggm ver="2.3"><GO type="169" lobby="0"/><UN n0="%E8%91%B5%E3%81%A1%E3%82%83%E3%82%93" n1="%E5%A4%A9%E6%9C%88%E3%82%81%E3%81%90%E3%82%8B" n2="%6B%69%6D%38" n3="%E3%81%9F%E3%82%93%E3%82%86%E3%81%86" dan="16,17,18,16" rate="2122.16,2154.10,2249.91,2137.81" sx="F,F,M,F"/><TAIKYOKU oya="0"/><INIT seed="0,0,0,5,0,60" ten="250,250,250,250" oya="0" hai0="133,120,101,123,91,102,67,28,38,92,0,86,50" hai1="83,103,66,20,35,124,68,63,9,3,43,25,97" hai2="46,49,59,52,32,134,129,79,1,111,96,71,106" hai3="98,27,112,128,73,64,41,125,48,61,88,69,95"/><T29/><D38/><U14/><E124/><V84/><F71/><W57/><G73/><T53/><D0/><U74/><E43/><V34/><F1/><W36/><G125/><T109/><D133/><U54/><E3/><V89/><F111/><W10/><G112/><T126/><D126/><U108/><E108/><V82/><F129/><W51/><G128/><T18/><D109/><U45/><E83/><V117/><F134/><W31/><G10/><T5/><D5/><U107/><E74/><V122/><F122/><W15/><G15/><T81/><D123/><U42/><E54/><V37/><F117/><W13/><G13/><T100/><D120/><U114/><E114/><V132/><F132/><W127/><G127/><T131/><D131/><U135/><E135/><V85/><F96/><W21/><REACH who="3" step="1"/><G57/><REACH who="3" ten="250,250,250,240" step="2"/><T118/><D118/><U44/><E14/><V78/><F59/><W113/><G113/><T6/><D6/><U76/><E9/><V99/><F78/><W33/><G33/><T24/><D24/><U23/><E76/><V93/><F34/><W105/><G105/><T39/><D39/><U8/><E8/><V130/><F32/><W115/><G115/><T90/><D18/><U7/><E7/><V62/><F37/><W4/><G4/><T12/><D12/><U104/><E107/><V87/><F130/><W80/><G80/><T116/><D116/><U40/><E35/><V70/><REACH who="2" step="1"/><F106/><REACH who="2" ten="250,250,240,240" step="2"/><W55/><G55/><T121/><D53/><U22/><E104/><V16/><F16/><W30/><G30/><T65/><D28/><U17/><E17/><RYUUKYOKU ba="0,2" sc="250,-15,250,-15,240,15,240,15" hai2="46,49,52,62,70,79,82,84,85,87,89,93,99" hai3="21,27,31,36,41,48,51,61,64,69,88,95,98" /><INIT seed="1,1,2,3,1,97" ten="235,235,255,255" oya="1" hai0="44,58,12,135,119,29,41,91,0,40,127,79,32" hai1="70,47,3,74,86,65,110,93,45,9,101,128,52" hai2="63,77,131,34,20,57,60,99,1,61,15,31,75" hai3="23,37,26,68,27,78,125,25,62,82,14,96,133"/><U50/><E74/><V132/><F1/><W89/><G37/><T72/><D0/><U85/><E128/><V59/><F131/><W39/><G39/><T22/><D119/><U67/><E70/><V53/><F132/><W38/><G38/><T64/><D135/><U92/><E110/><V114/><F114/><W124/><G133/><T5/><D32/><U103/><E9/><V66/><F34/><W104/><G68/><T80/><D5/><U46/><E3/><V122/><F122/><W73/><G62/><T42/><D64/><N who="1" m="24651" /><E92/><V126/><F126/><N who="3" m="48747" /><G14/><T130/><D58/><N who="1" m="33047" /><E93/><V88/><F63/><W120/><G120/><T98/><D130/><U11/><E11/><V69/><F69/><W107/><G23/><T105/><D105/><U71/><E71/><V56/><F61/><W111/><G111/><T115/><D127/><U118/><E118/><V8/><F66/><W13/><G13/><T106/><D115/><U94/><E94/><AGARI ba="1,2" hai="25,26,27,73,78,82,89,94,96,104,107" m="48747" machi="94" ten="30,1000,0" yaku="18,1" doraHai="97" who="3" fromWho="1" sc="235,0,235,-13,255,0,255,33" /><INIT seed="2,0,0,4,0,71" ten="235,222,255,288" oya="2" hai0="23,35,6,9,29,88,31,105,80,134,97,101,109" hai1="89,113,95,19,33,59,56,103,48,133,42,51,90" hai2="121,63,83,13,41,93,25,128,70,132,28,76,110" hai3="114,14,16,26,64,125,123,122,81,15,78,21,100"/><V18/><F121/><W116/><G116/><T37/><D109/><U1/><E113/><V112/><F112/><W108/><G114/><T55/><D134/><U7/><E33/><V20/><F128/><W87/><G108/><T43/><D35/><U38/><E1/><V69/><F110/><W102/><G125/><T120/><D120/><U8/><E133/><V3/><F3/><W79/><G79/><T94/><D80/><U30/><E30/><V130/><F130/><W119/><G119/><T96/><D55/><U44/><E19/><V106/><F106/><W98/><G100/><T39/><D43/><U40/><E103/><V17/><F63/><W50/><G64/><T92/><D105/><U67/><E42/><V126/><F18/><W74/><G74/><T124/><D124/><U72/><E72/><V47/><F93/><W5/><G50/><T104/><D104/><U34/><E34/><V46/><F46/><W27/><G123/><T58/><D58/><U10/><E59/><V0/><F0/><W129/><G129/><T131/><D131/><U73/><E56/><V65/><F65/><W2/><G2/><T52/><D52/><U4/><E67/><V75/><F126/><W118/><G118/><T115/><D115/><U61/><E44/><V111/><F132/><W86/><G122/><T22/><D31/><U82/><E40/><V32/><REACH who="2" step="1"/><F111/><REACH who="2" ten="235,222,245,288" step="2"/><W57/><G16/><T84/><D94/><U68/><E95/><V49/><AGARI ba="0,1" hai="13,17,20,25,28,32,41,47,49,69,70,75,76,83" machi="49" ten="20,12000,1" yaku="1,1,2,1,0,1,7,1,53,1" doraHai="71" doraHaiUra="12" who="2" fromWho="2" sc="235,-40,222,-40,245,130,288,-40" /><INIT seed="2,1,0,5,0,58" ten="195,182,375,248" oya="2" hai0="106,46,88,97,34,115,108,104,76,69,132,51,19" hai1="127,59,118,83,80,44,70,101,57,93,32,54,84" hai2="48,23,86,62,17,128,98,123,49,81,7,110,113" hai3="91,13,105,130,77,42,31,116,103,56,120,85,135"/><V68/><F113/><W87/><G116/><T82/><D115/><U122/><E118/><V5/><F123/><W3/><G3/><T14/><D34/><U21/><E32/><V37/><F37/><W67/><G120/><T8/><D108/><U78/><E70/><V28/><F28/><W89/><G77/><T33/><D33/><U6/><E127/><V121/><F121/><W10/><G31/><T12/><D132/><U129/><E129/><V133/><F133/><W43/><G103/><T95/><D69/><U94/><E6/><V73/><F73/><W50/><G105/><T2/><D14/><U126/><E101/><V111/><F98/><W79/><G79/><T11/><D11/><U100/><E100/><V30/><F30/><W107/><G107/><T35/><D2/><U117/><E126/><V36/><F36/><W61/><G50/><T65/><D65/><U29/><E122/><V63/><F49/><W15/><G15/><T66/><D66/><U26/><E117/><V40/><F5/><W9/><G9/><T134/><D35/><U71/><E29/><V119/><F7/><N who="3" m="3295" /><G130/><T47/><D134/><U45/><E26/><N who="2" m="14703" /><F68/><W52/><G67/><T124/><D124/><U1/><E71/><V53/><F119/><W27/><G27/><T90/><D90/><N who="3" m="34313" /><G135/><T114/><D114/><U64/><E1/><V109/><F128/><W25/><G25/><T24/><D24/><U92/><E64/><V41/><F110/><W96/><G96/><T16/><D19/><U72/><E72/><V55/><F111/><W22/><G22/><T75/><D51/><RYUUKYOKU ba="1,0" sc="195,15,182,-15,375,-15,248,15" hai0="8,12,16,46,47,75,76,82,88,95,97,104,106" hai3="42,43,52,56,61,85,87" /><INIT seed="3,2,0,2,0,6" ten="210,167,360,263" oya="3" hai0="78,93,19,105,38,45,116,118,29,106,82,121,80" hai1="39,77,96,54,89,88,9,55,75,74,11,85,67" hai2="13,135,60,76,16,63,134,33,47,83,40,12,2" hai3="110,51,115,28,59,56,95,124,81,46,130,49,101"/><W61/><G115/><T24/><D121/><U1/><E39/><V131/><F2/><W35/><G124/><T111/><D111/><U43/><E1/><V41/><F33/><W117/><G117/><T114/><D114/><U62/><E43/><V66/><F131/><W129/><G110/><T37/><D93/><N who="1" m="56359" /><E74/><V99/><F99/><N who="3" m="59647" /><G59/><T42/><D19/><U72/><E72/><V98/><F98/><W18/><G81/><T22/><D38/><U86/><E75/><V100/><F100/><W31/><G49/><T53/><D106/><U36/><E36/><V133/><F47/><W30/><G35/><T91/><D105/><U17/><E17/><V7/><F83/><W44/><G51/><T84/><D53/><N who="1" m="19979" /><E77/><V70/><F76/><W4/><G4/><T113/><D113/><U20/><E20/><N who="2" m="11271" /><F63/><W87/><G87/><AGARI ba="2,0" hai="22,24,29,37,42,45,78,80,82,84,87,91,116,118" machi="87" ten="30,1000,0" yaku="7,1" doraHai="6" who="0" fromWho="3" sc="210,16,167,0,360,0,263,-16" /><INIT seed="4,0,0,5,0,40" ten="226,167,360,247" oya="0" hai0="75,104,77,58,51,105,3,50,18,30,80,87,135" hai1="86,24,46,125,122,123,114,55,90,1,70,53,0" hai2="60,88,21,133,129,69,62,79,94,59,64,109,54" hai3="20,132,33,89,84,34,111,130,101,102,65,103,110"/><T52/><D135/><U49/><E70/><V74/><F109/><W112/><G132/><T39/><D39/><U126/><E24/><V10/><F133/><W22/><G130/><T42/><D3/><N who="1" m="1099" /><E114/><V6/><F129/><W23/><G65/><T29/><D75/><U106/><E106/><V44/><F21/><W13/><G13/><T78/><D78/><U27/><E27/><V38/><F10/><W19/><G19/><T15/><D105/><U131/><E55/><V48/><F6/><W41/><G41/><T57/><D104/><U43/><E43/><N who="2" m="22647" /><F79/><W61/><G61/><T73/><D73/><U128/><E123/><V107/><F107/><W115/><G89/><T117/><D117/><U31/><E31/><V56/><F74/><W26/><G84/><T98/><D98/><U93/><E122/><V119/><F94/><W113/><REACH who="3" step="1"/><G26/><REACH who="3" ten="226,167,360,237" step="2"/><T32/><D42/><U67/><E67/><N who="2" m="39327" /><F88/><W97/><G97/><T82/><D80/><U85/><E85/><V95/><F95/><W108/><AGARI ba="0,1" hai="20,22,23,33,34,101,102,103,108,110,111,112,113,115" machi="108" ten="50,32000,5" yakuman="40" doraHai="40" doraHaiUra="2" who="3" fromWho="3" sc="226,-160,167,-80,360,-80,237,330" /><INIT seed="5,0,0,0,3,51" ten="66,87,280,567" oya="1" hai0="44,129,38,120,37,29,128,20,79,34,112,6,90" hai1="0,52,4,132,87,113,84,65,1,35,107,50,118" hai2="23,135,68,14,78,111,66,101,5,91,59,71,81" hai3="56,54,115,119,24,124,74,55,131,57,62,7,73"/><U22/><E35/><V125/><F111/><W63/><G115/><T80/><D112/><U102/><E113/><V60/><F125/><W117/><G124/><T109/><D109/><U41/><E118/><N who="3" m="45066" /><G131/><N who="0" m="50251" /><D34/><U95/><E41/><V16/><F135/><W11/><G24/><N who="0" m="16519" /><D120/><U43/><E43/><V96/><F91/><W67/><G67/><T75/><D44/><U127/><E127/><V85/><F5/><W100/><G100/><T39/><D6/><U26/><E65/><V133/><F133/><W108/><G108/><T48/><D48/><U88/><E132/><V134/><F134/><W122/><G122/><T45/><D45/><U116/><E116/><V64/><F64/><W17/><G17/><T46/><D46/><U13/><E87/><V130/><F130/><W93/><G93/><AGARI ba="0,0" hai="14,16,23,59,60,66,68,71,78,81,85,93,96,101" machi="93" ten="30,2000,0" yaku="7,1,54,1" doraHai="51" who="2" fromWho="3" sc="66,0,87,0,280,20,567,-20" /><INIT seed="6,0,0,5,1,87" ten="66,87,300,547" oya="2" hai0="3,55,1,68,134,29,74,5,89,102,21,78,73" hai1="72,2,130,110,101,36,100,109,44,13,103,83,128" hai2="92,117,71,4,27,11,46,88,51,53,26,127,95" hai3="111,23,131,108,80,133,22,98,104,34,12,63,54"/><V59/><F71/><W86/><G34/><T67/><D102/><U47/><E2/><V40/><F117/><W42/><G42/><T25/><D134/><U85/><E72/><V64/><F64/><W9/><G133/><T16/><D55/><U7/><E36/><V17/><F127/><W49/><G63/><T132/><D132/><U69/><E69/><V56/><F95/><W0/><G0/><T65/><D65/><U126/><E13/><N who="2" m="7359" /><F4/><W45/><G131/><N who="1" m="50218" /><E7/><V115/><F115/><W18/><G98/><T135/><D135/><U106/><E126/><V62/><F59/><W113/><G104/><T52/><D3/><U66/><E66/><V122/><F122/><W99/><G99/><AGARI ba="0,0" hai="26,27,40,46,51,53,56,62,88,92,99" m="7359" machi="99" ten="30,5800,0" yaku="8,1,52,1,54,1" doraHai="87" who="2" fromWho="3" sc="66,0,87,0,300,58,547,-58" /><INIT seed="6,1,0,0,3,33" ten="66,87,358,489" oya="2" hai0="42,51,103,25,86,22,32,41,23,12,13,120,3" hai1="87,100,118,71,106,24,96,90,128,124,49,1,82" hai2="70,102,53,2,26,20,36,6,56,105,38,110,15" hai3="125,18,91,129,59,93,75,0,130,134,126,8,114"/><V109/><F70/><W95/><G75/><T101/><D120/><U99/><E71/><V16/><F102/><W122/><G122/><T40/><D51/><U107/><E118/><V131/><F105/><W28/><G28/><T115/><D115/><U68/><E68/><V29/><F131/><N who="3" m="50187" /><G114/><T14/><D86/><U77/><E128/><V61/><F110/><W88/><G59/><T54/><D54/><U58/><E1/><V108/><F108/><W132/><G18/><T121/><D121/><U57/><E124/><N who="3" m="47722" /><G8/><T133/><D133/><N who="3" m="51305" /><G0/><T19/><D3/><U9/><E96/><V5/><F109/><W92/><AGARI ba="1,0" hai="88,91,92,93,95" m="51305,47722,50187" machi="92" ten="40,32000,5" yakuman="39" doraHai="33" who="3" fromWho="3" paoWho="0" sc="66,-323,87,0,358,0,489,323" owari="-257,-76.0,87,-31.0,358,16.0,812,91.0" /></mjloggm>