<mjloggm ver="2.3"><GO type="169" lobby="0"/><UN n0="%E3%81%BF%E3%81%91%E3%81%AD%E3%81%93%E3%80%82" n1="%48%2E%4D%65%74%61%6C" n2="%E3%81%8B%E3%81%B6%E8%8C%B6" n3="%E3%83%81%E3%82%A7%EF%BC%81%E3%83%86%E3%83%90%E3%83%A9" dan="17,16,16,16" rate="2177.25,2032.26,2130.49,2044.54" sx="F,M,M,M"/><TAIKYOKU oya="0"/><INIT seed="0,0,0,1,1,109" ten="250,250,250,250" oya="0" hai0="12,3,88,48,91,14,54,32,75,93,13,123,80" hai1="52,120,26,128,0,83,72,104,132,122,58,115,73" hai2="124,106,99,113,22,114,127,57,134,62,105,111,126" hai3="96,46,4,41,20,24,34,84,92,130,129,110,112"/><T116/><D116/><U65/><E104/><N who="2" m="40043" /><F111/><W68/><G110/><T5/><D123/><U44/><E0/><V23/><F99/><W119/><G68/><T70/><D70/><U25/><E65/><N who="2" m="39119" /><F134/><W40/><G4/><T9/><D32/><U45/><E132/><V18/><F23/><W55/><G119/><T60/><D60/><U30/><E122/><V85/><F85/><W131/><G84/><T31/><D31/><U63/><E120/><V27/><AGARI ba="0,0" hai="18,22,27,113,114,124,126,127" m="39119,40043" machi="27" ten="40,5200,0" yaku="18,1,52,2" doraHai="109" who="2" fromWho="2" sc="250,-26,250,-13,250,52,250,-13" /><INIT seed="1,0,0,1,2,37" ten="224,237,302,237" oya="1" hai0="24,54,130,5,8,3,116,35,108,105,41,1,121" hai1="119,117,80,106,61,56,127,55,78,128,15,66,58" hai2="34,63,70,11,125,36,38,21,10,53,51,74,65" hai3="102,113,96,90,118,104,67,4,134,133,89,29,44"/><U97/><E128/><V45/><F125/><W86/><G113/><T120/><D54/><U13/><E127/><V12/><F34/><W103/><G4/><T92/><D92/><U43/><E43/><V93/><F74/><W126/><G67/><T99/><D99/><U75/><E106/><V47/><F93/><W100/><G29/><T30/><D105/><U64/><E97/><V50/><F21/><W76/><G44/><T9/><D41/><U20/><E66/><V59/><F70/><W82/><G126/><T48/><D48/><U83/><E83/><V19/><REACH who="2" step="1"/><F11/><REACH who="2" ten="224,237,292,237" step="2"/><W129/><G129/><T81/><D130/><U27/><E119/><V16/><F16/><W112/><G118/><T111/><D116/><U40/><E117/><V25/><F25/><W95/><G112/><T131/><D131/><U14/><E27/><V33/><F33/><W18/><G18/><T85/><D81/><U73/><E73/><V52/><AGARI ba="0,1" hai="10,12,19,36,38,45,47,50,51,52,53,59,63,65" machi="52" ten="20,8000,1" yaku="1,1,0,1,7,1,9,1,54,1,53,0" doraHai="37" doraHaiUra="124" who="2" fromWho="2" sc="224,-20,237,-40,292,90,237,-20" /><INIT seed="2,0,0,2,2,74" ten="204,197,382,217" oya="2" hai0="125,41,94,5,84,93,104,133,11,13,52,17,19" hai1="86,65,132,66,18,121,127,97,55,111,98,49,87" hai2="68,72,112,10,8,46,50,27,25,53,16,43,57" hai3="3,30,116,37,120,128,119,24,15,113,1,62,12"/><V23/><F68/><W109/><G37/><T22/><D104/><U69/><E132/><V64/><F112/><W54/><G54/><T89/><D125/><U58/><E127/><V48/><F72/><W108/><G62/><T70/><D133/><U79/><E111/><N who="3" m="42570" /><G128/><T130/><D130/><U118/><E118/><N who="3" m="45098" /><G120/><T51/><D70/><U134/><E134/><V99/><F64/><N who="1" m="24681" /><E18/><V35/><REACH who="2" step="1"/><F99/><REACH who="2" ten="204,197,372,217" step="2"/><W131/><G113/><T81/><D41/><U21/><E69/><V91/><F91/><W42/><G42/><T71/><D71/><U4/><E98/><V56/><F56/><W44/><G131/><T92/><REACH who="0" step="1"/><D22/><REACH who="0" ten="194,197,372,217" step="2"/><U63/><E21/><V0/><F0/><N who="3" m="75" /><G44/><AGARI ba="0,2" hai="5,11,13,17,19,44,51,52,81,84,89,92,93,94" machi="44" ten="40,8000,1" yaku="1,1,8,1,54,1,53,1" doraHai="74" doraHaiUra="80" who="0" fromWho="3" sc="194,100,197,0,372,0,217,-80" /><INIT seed="3,0,0,0,0,123" ten="294,197,372,137" oya="3" hai0="39,45,73,13,106,55,119,43,62,8,57,111,34" hai1="22,30,56,89,65,42,6,118,17,78,15,19,76" hai2="114,95,63,134,16,21,53,40,120,51,52,25,14" hai3="11,133,32,27,112,10,85,44,105,110,93,49,23"/><W132/><G112/><T48/><D106/><U70/><E70/><V87/><F134/><N who="3" m="51819" /><G105/><T74/><D119/><U130/><E42/><V61/><F114/><W54/><G32/><T92/><D34/><U116/><E30/><V1/><F1/><W35/><G35/><T109/><D92/><U66/><E6/><V46/><F120/><W83/><G93/><T64/><D13/><U128/><E89/><N who="2" m="53695" /><F53/><W102/><G102/><T103/><D8/><U88/><E56/><N who="2" m="34951" /><F63/><W47/><G47/><T99/><D99/><U94/><E19/><V50/><F50/><W68/><G68/><N who="0" m="42007" /><D103/><U20/><E20/><V36/><F36/><W101/><G101/><T71/><D71/><U86/><E76/><V117/><F117/><N who="1" m="45161" /><E78/><V38/><F38/><W12/><G11/><T108/><AGARI ba="0,0" hai="39,43,45,48,55,57,73,74,108,109,111" m="42007" machi="108" ten="30,8000,1" yaku="24,1,14,1,52,3" doraHai="123" who="0" fromWho="0" sc="294,80,197,-20,372,-20,137,-40" /><INIT seed="4,0,0,2,2,102" ten="374,177,352,97" oya="0" hai0="46,77,49,65,80,69,40,59,133,26,93,90,73" hai1="110,91,82,35,88,92,9,47,98,135,83,23,20" hai2="17,50,116,118,28,61,55,32,21,8,76,124,86" hai3="52,30,100,130,39,60,37,19,5,29,70,43,119"/><T75/><D133/><U68/><E35/><V120/><F120/><W125/><G119/><N who="2" m="45609" /><F124/><W85/><G125/><T129/><D129/><U11/><E68/><V33/><F61/><W101/><G130/><T42/><D75/><U117/><E110/><V4/><F28/><W27/><G5/><T3/><D69/><U81/><E135/><V106/><F106/><W107/><G107/><T0/><D42/><U24/><E117/><V126/><F76/><W71/><G60/><T51/><D26/><U54/><E91/><V108/><F86/><W113/><G85/><T87/><D65/><U57/><E47/><N who="2" m="28127" /><F108/><W115/><G27/><T6/><D6/><U56/><E56/><V22/><F126/><W121/><G19/><T38/><REACH who="0" step="1"/><D59/><REACH who="0" ten="364,177,352,97" step="2"/><U58/><E57/><V111/><F111/><W31/><G43/><T89/><D89/><U48/><E24/><N who="2" m="14383" /><F22/><AGARI ba="0,1" hai="9,11,20,22,23,48,54,58,81,82,83,88,92,98" machi="22" ten="40,2600,0" yaku="8,1,54,1" doraHai="102" who="1" fromWho="2" sc="364,0,177,36,352,-26,97,0" /><INIT seed="5,0,0,5,3,48" ten="364,213,326,97" oya="1" hai0="123,105,76,65,93,97,124,94,75,117,134,34,111" hai1="59,29,40,13,84,31,104,80,66,72,68,132,109" hai2="110,90,96,108,43,7,53,60,73,39,127,46,41" hai3="16,118,131,119,58,83,100,32,35,6,63,54,19"/><U115/><E104/><V70/><F73/><W79/><G100/><T52/><D34/><N who="3" m="12841" /><G6/><T103/><D65/><U101/><E68/><V30/><F7/><W135/><G131/><T69/><D69/><U88/><E72/><V121/><F30/><W27/><G27/><T17/><D111/><U3/><E3/><V78/><F78/><W21/><G21/><T114/><D117/><N who="3" m="44553" /><G135/><T5/><D5/><U113/><E40/><V0/><F0/><W33/><N who="3" m="12849" /><W25/><DORA hai="1" /><G25/><T15/><D134/><U47/><E132/><V86/><F110/><W126/><G126/><T130/><D114/><N who="1" m="43531" /><E109/><V67/><F127/><W18/><G18/><T128/><D124/><U120/><E13/><V133/><F133/><W112/><G112/><T74/><D128/><U45/><E101/><V116/><F116/><W49/><G63/><T99/><D130/><U26/><E120/><V4/><F108/><W71/><G71/><T55/><D123/><U44/><E26/><V102/><F121/><W56/><G58/><T42/><D105/><U57/><E59/><V61/><F102/><W12/><G12/><T81/><D75/><AGARI ba="0,0" hai="16,19,49,54,56,75,79,83" m="44553,12849" machi="75" ten="40,5200,0" yaku="12,1,52,1,54,1" doraHai="48,1" who="3" fromWho="0" sc="364,-52,213,0,326,0,97,52" /><INIT seed="6,0,0,3,5,84" ten="312,213,326,149" oya="2" hai0="55,24,99,6,41,36,107,20,16,91,30,64,44" hai1="28,130,17,117,103,69,12,83,86,11,63,32,47" hai2="29,126,118,89,26,43,113,13,108,18,121,87,85" hai3="5,71,109,23,34,15,10,46,25,56,14,135,80"/><V94/><F118/><W57/><G109/><T131/><D64/><U90/><E117/><V112/><F121/><W2/><G71/><T42/><D6/><U134/><E134/><V79/><F108/><W111/><G111/><T81/><D131/><U116/><E116/><V62/><F126/><W96/><G135/><T45/><D55/><U8/><E130/><V133/><F43/><N who="0" m="16394" /><D107/><U76/><E47/><N who="0" m="17993" /><D36/><U82/><E103/><V128/><F128/><W31/><G46/><T78/><D78/><U68/><E63/><V104/><F104/><W3/><G57/><T127/><D127/><U98/><BYE who="0" /><E98/><V49/><F49/><UN n0="%E3%81%BF%E3%81%91%E3%81%AD%E3%81%93%E3%80%82" /><W97/><G56/><T51/><D51/><U102/><E69/><V53/><F133/><W119/><G3/><T27/><D27/><U38/><E38/><V100/><F100/><W22/><G119/><T58/><D58/><U65/><E102/><V88/><F79/><W1/><G1/><T77/><D77/><U33/><E65/><V132/><F132/><W59/><G59/><T7/><D7/><U95/><E68/><V70/><F70/><W93/><G2/><T21/><D21/><N who="1" m="11431" /><E33/><N who="2" m="20663" /><F53/><W106/><G106/><T52/><D52/><U35/><E32/><V61/><F62/><W122/><G34/><T9/><D9/><N who="1" m="3659" /><E76/><V4/><F61/><W114/><G10/><T101/><D101/><U115/><E35/><V125/><F125/><W54/><G5/><T37/><D37/><U75/><E75/><V19/><F4/><W66/><G66/><T73/><D73/><U0/><E0/><V40/><F40/><W48/><G48/><RYUUKYOKU ba="0,0" sc="312,0,213,0,326,0,149,0" /><INIT seed="7,1,0,4,4,57" ten="312,213,326,149" oya="3" hai0="54,16,81,6,5,38,112,122,87,111,133,56,24" hai1="132,23,124,96,127,99,115,116,1,117,126,88,28" hai2="120,39,55,45,98,7,53,106,42,101,67,135,72" hai3="8,77,18,2,119,121,69,76,15,17,63,11,129"/><W14/><G119/><N who="1" m="45642" /><E1/><V26/><F72/><W131/><G121/><T95/><D111/><U29/><E23/><V71/><F120/><W128/><REACH who="3" step="1"/><G2/><REACH who="3" ten="312,213,326,139" step="2"/><T37/><D122/><U93/><E132/><V75/><F135/><W44/><G44/><T35/><D133/><U108/><E108/><V30/><F45/><W34/><G34/><T107/><D35/><U104/><E115/><V109/><F109/><W73/><G73/><T130/><D112/><U92/><E104/><V0/><F75/><W103/><G103/><AGARI ba="1,1" hai="28,29,88,92,93,96,99,103,124,126,127" m="45642" machi="103" ten="40,5200,0" yaku="18,1,12,1,54,1" doraHai="57" who="1" fromWho="3" sc="312,0,213,65,326,0,139,-55" owari="312,11.0,278,-12.0,326,43.0,84,-42.0" /></mjloggm>