<mjloggm ver="2.3"><GO type="169" lobby="0"/><UN n0="%E5%85%AD%E9%83%A8%E5%9C%AD" n1="%E3%81%88%E3%81%8C%E3%82%8F%E3%82%8A%E3%81%8A" n2="%E3%81%BF%E3%81%8B%E3%82%93%E5%A4%AA" n3="%E9%87%8C%E6%9C%A8%E4%BB%81" dan="16,16,17,16" rate="2117.26,2064.76,2173.10,2127.31" sx="M,M,M,M"/><TAIKYOKU oya="0"/><INIT seed="0,0,0,2,5,125" ten="250,250,250,250" oya="0" hai0="131,4,25,28,132,70,105,109,0,33,10,56,97" hai1="112,119,52,79,55,13,90,92,51,126,87,93,124" hai2="7,24,12,72,89,120,6,43,110,2,108,88,127" hai3="45,83,133,36,74,29,66,26,69,49,129,53,38"/><T50/><D132/><U67/><E119/><V100/><F2/><W37/><G133/><T118/><D118/><U9/><E112/><V22/><F72/><W101/><G101/><T41/><D56/><U71/><E79/><V68/><F68/><W20/><G129/><T62/><D50/><U81/><E67/><V78/><F78/><W31/><G74/><T107/><D41/><U30/><E30/><V122/><F43/><W121/><G121/><T128/><D109/><N who="2" m="42090" /><F100/><W40/><G83/><T39/><D39/><U18/><E71/><V86/><F89/><W35/><G31/><T19/><D19/><U82/><E82/><N who="2" m="49239" /><F127/><N who="1" m="48681" /><E55/><V116/><F116/><W135/><G135/><T84/><D84/><U63/><E63/><V48/><F48/><W73/><G73/><T76/><D76/><U85/><E87/><V117/><F117/><W104/><G40/><T134/><D134/><U75/><E75/><V32/><F32/><W60/><REACH who="3" step="1"/><G104/><REACH who="3" ten="250,250,250,240" step="2"/><N who="0" m="40011" /><D97/><U58/><AGARI ba="0,1" hai="9,13,18,51,52,58,81,85,90,92,93" m="48681" machi="58" ten="30,2000,0" yaku="18,1,54,1" doraHai="125" who="1" fromWho="1" sc="250,-10,250,30,250,-5,240,-5" /><INIT seed="1,0,0,4,5,4" ten="240,280,245,235" oya="1" hai0="18,0,115,6,26,43,10,7,103,71,134,40,84" hai1="61,49,83,120,68,16,104,90,32,19,41,14,11" hai2="130,65,29,91,94,17,114,119,109,88,22,60,96" hai3="127,50,87,105,98,89,116,73,95,64,62,2,122"/><U132/><E120/><V31/><F109/><W101/><G122/><T36/><D115/><U23/><E32/><V47/><F130/><W57/><G127/><T55/><D71/><U37/><E132/><V102/><F119/><W63/><G116/><T21/><D134/><U108/><E104/><V20/><F47/><W8/><G73/><T52/><D103/><U59/><E68/><V9/><F114/><W85/><G50/><T24/><D24/><U100/><E100/><V107/><F107/><W80/><G63/><T110/><D110/><U5/><E37/><V56/><F31/><W70/><G70/><T1/><D84/><U121/><E121/><V48/><F48/><W38/><G38/><T69/><D69/><U25/><E19/><V113/><F113/><W3/><REACH who="3" step="1"/><G8/><REACH who="3" ten="240,280,245,225" step="2"/><T77/><D36/><U27/><E108/><V86/><F9/><W133/><G133/><T12/><D10/><U35/><E49/><V67/><F67/><W15/><G15/><T128/><D12/><N who="1" m="9607" /><E41/><V93/><F102/><W131/><G131/><T124/><D128/><U30/><E30/><V123/><F123/><W39/><G39/><T75/><D40/><U33/><E33/><V72/><F72/><W66/><G66/><T129/><D43/><U34/><E34/><V13/><F29/><W79/><AGARI ba="0,1" hai="2,3,57,62,64,79,80,85,87,89,95,98,101,105" machi="79" ten="20,5200,0" yaku="1,1,0,1,7,1,53,1" doraHai="4" doraHaiUra="58" who="3" fromWho="3" sc="240,-13,280,-26,245,-13,225,62" /><INIT seed="2,0,0,2,4,59" ten="227,254,232,287" oya="2" hai0="71,90,41,56,72,105,52,114,110,28,46,109,20" hai1="65,113,13,61,11,64,49,45,69,117,44,107,124" hai2="37,66,7,2,116,119,3,47,111,98,91,32,58" hai3="30,108,133,131,121,132,10,100,24,14,89,8,16"/><V18/><F32/><N who="3" m="20551" /><G89/><T123/><D123/><U106/><E113/><V9/><F2/><W1/><G100/><T0/><D114/><U95/><E117/><V79/><F18/><W122/><G108/><T103/><D0/><U29/><E124/><V48/><F111/><N who="0" m="42506" /><D72/><U31/><E95/><V19/><F19/><W54/><G54/><T83/><D71/><U127/><E127/><V57/><F79/><W118/><G131/><T27/><D103/><U104/><E65/><V115/><F115/><W82/><G82/><T78/><D90/><U125/><E125/><V67/><F37/><W74/><G74/><N who="0" m="43479" /><D46/><U17/><REACH who="1" step="1"/><E44/><REACH who="1" ten="227,244,232,287" step="2"/><V15/><F67/><W97/><G118/><T23/><D105/><U88/><E88/><V112/><F112/><W21/><G97/><T134/><D134/><N who="3" m="51817" /><G1/><T85/><D41/><AGARI ba="0,1" hai="11,13,17,29,31,41,45,49,61,64,69,104,106,107" machi="41" ten="40,2600,0" yaku="1,1,52,1,53,0" doraHai="59" doraHaiUra="35" who="1" fromWho="0" sc="227,-26,244,36,232,0,287,0" /><INIT seed="3,0,0,2,0,16" ten="201,280,232,287" oya="3" hai0="126,88,64,111,100,22,83,119,8,127,37,78,110" hai1="112,131,46,21,10,120,68,96,99,77,101,26,113" hai2="116,94,89,134,4,75,18,118,43,122,109,107,6" hai3="59,0,123,20,108,95,40,70,81,51,98,117,82"/><W3/><G117/><T97/><D119/><U2/><E120/><V63/><F107/><W23/><G70/><T87/><D37/><U49/><E131/><V130/><F109/><N who="0" m="41482" /><D64/><U28/><E68/><V74/><F130/><W104/><G104/><N who="0" m="63503" /><D8/><U27/><E77/><V7/><F43/><W103/><G123/><T13/><D13/><U115/><E101/><V48/><F122/><W85/><G108/><T44/><D44/><U14/><E2/><V34/><F34/><W45/><G82/><N who="0" m="49271" /><D22/><N who="3" m="8233" /><G0/><T25/><D25/><U32/><E26/><V67/><F116/><W29/><G3/><T54/><D54/><U33/><E32/><V36/><F36/><W58/><G29/><T72/><AGARI ba="0,0" hai="72,78,83,126,127" m="49271,63503,41482" machi="72" ten="30,7900,0" yaku="14,1,34,2,54,1" doraHai="16" who="0" fromWho="0" sc="201,79,280,-20,232,-20,287,-39" /><INIT seed="4,0,0,3,2,18" ten="280,260,212,248" oya="0" hai0="36,1,59,39,75,93,47,5,27,122,57,17,106" hai1="87,99,108,40,26,111,3,16,102,78,46,31,70" hai2="54,43,91,11,44,63,134,68,33,107,125,96,25" hai3="126,37,52,21,2,13,123,132,109,73,45,90,80"/><T97/><D122/><U120/><E120/><V42/><F125/><W72/><G123/><T7/><D75/><U105/><E3/><V127/><F127/><W89/><G126/><T10/><D106/><U15/><E70/><V103/><F11/><W112/><G2/><T4/><D4/><U23/><E78/><V61/><F134/><W128/><G132/><T19/><D19/><U0/><E0/><V110/><F110/><W82/><G109/><T129/><D129/><U130/><E87/><V104/><F91/><N who="3" m="34827" /><G37/><T51/><D7/><U113/><E113/><V41/><F107/><W32/><G32/><T48/><D93/><U116/><E116/><V62/><F54/><W38/><G38/><T34/><D97/><U65/><E65/><V30/><REACH who="2" step="1"/><F44/><REACH who="2" ten="280,260,202,248" step="2"/><W55/><G112/><T58/><D47/><U94/><E105/><V81/><F81/><W79/><G128/><T121/><D10/><U124/><E130/><V133/><F133/><W49/><G55/><T53/><D53/><U98/><E124/><V20/><F20/><W101/><G101/><T28/><D121/><U131/><E131/><V24/><F24/><W84/><G82/><T56/><D27/><U69/><E108/><V76/><F76/><W14/><G21/><T135/><D135/><U83/><E111/><V50/><F50/><W29/><G13/><T71/><D48/><N who="1" m="26695" /><E83/><V119/><F119/><W8/><G14/><T95/><D36/><U35/><E98/><V86/><F86/><W22/><G8/><T66/><D39/><U114/><E114/><V67/><AGARI ba="0,1" hai="25,30,33,41,42,43,61,62,63,67,68,96,103,104" machi="67" ten="30,7900,0" yaku="1,1,0,1,25,2,53,0" doraHai="18" doraHaiUra="77" who="2" fromWho="2" sc="280,-39,260,-20,202,89,248,-20" /><INIT seed="5,0,0,2,0,132" ten="241,240,291,228" oya="1" hai0="113,22,95,24,121,51,18,131,10,33,57,120,26" hai1="101,116,96,106,70,6,63,128,54,71,36,40,133" hai2="83,87,93,62,77,123,13,53,129,100,47,97,65" hai3="32,46,115,74,135,4,44,14,60,80,20,11,98"/><U27/><E133/><V1/><F1/><W134/><G32/><T111/><D111/><U84/><E116/><V107/><F129/><W81/><G115/><T48/><D113/><U19/><E128/><V78/><F123/><N who="0" m="47178" /><D131/><U66/><E70/><V56/><F13/><W72/><G98/><T85/><D10/><U39/><E6/><V109/><F109/><W52/><G135/><T110/><D57/><U82/><E40/><V73/><F77/><W91/><G134/><T50/><D33/><U23/><REACH who="1" step="1"/><E54/><REACH who="1" ten="241,230,291,228" step="2"/><V2/><F53/><W35/><G52/><T103/><D110/><U45/><E45/><V49/><F47/><W55/><G55/><T76/><D48/><U34/><E34/><V41/><F49/><W28/><G35/><T90/><D50/><U67/><E67/><V21/><F41/><W59/><G46/><T124/><D51/><U58/><E58/><V92/><F56/><W68/><G59/><T94/><D26/><U127/><E127/><V7/><F7/><W79/><G44/><T86/><D124/><U29/><E29/><V30/><F65/><W8/><G28/><T108/><D108/><U89/><AGARI ba="0,1" hai="19,23,27,36,39,63,66,71,82,84,89,96,101,106" machi="89" ten="20,7800,0" yaku="1,1,0,1,7,1,53,1" doraHai="132" doraHaiUra="17" who="1" fromWho="1" sc="241,-26,230,88,291,-26,228,-26" /><INIT seed="5,1,0,3,1,87" ten="215,318,265,202" oya="1" hai0="29,21,135,130,88,123,65,131,40,34,99,91,59" hai1="62,78,133,43,54,109,89,105,45,101,113,100,94" hai2="76,60,39,67,126,8,19,71,11,125,22,122,4" hai3="120,31,36,13,5,97,3,53,46,18,49,55,98"/><U48/><E113/><V85/><F39/><W61/><G120/><T112/><D34/><U35/><E133/><V107/><F107/><W63/><G36/><T102/><D112/><U12/><E35/><V93/><F122/><W47/><G31/><T28/><D123/><U32/><E32/><V66/><F66/><W41/><G3/><T10/><D135/><U24/><E105/><V2/><F11/><W129/><G129/><N who="0" m="49163" /><D40/><U79/><E24/><V86/><F76/><N who="1" m="29225" /><E12/><N who="2" m="9575" /><F93/><W134/><G134/><T1/><D10/><U52/><E109/><V82/><F82/><W25/><G5/><T116/><D1/><U96/><E62/><N who="3" m="23562" /><G25/><N who="0" m="16431" /><D116/><U42/><E42/><V74/><F74/><W92/><G41/><T119/><D119/><U56/><E56/><V23/><F23/><N who="3" m="11727" /><G92/><N who="0" m="58727" /><D29/><U90/><E101/><V106/><F106/><W16/><G16/><T33/><D33/><U121/><E121/><V80/><F80/><W37/><G37/><T0/><D0/><U20/><E20/><V50/><F50/><AGARI ba="1,0" hai="46,47,49,50,53,55,97,98" m="11727,23562" machi="50" ten="30,1000,0" yaku="8,1" doraHai="87" who="3" fromWho="2" sc="215,0,318,0,265,-13,202,13" /><INIT seed="6,0,0,3,3,59" ten="215,318,252,215" oya="2" hai0="133,113,88,103,23,108,80,127,33,74,62,7,26" hai1="129,14,0,12,81,98,1,25,95,72,68,35,11" hai2="118,77,99,60,65,57,30,111,130,97,78,37,9" hai3="50,115,109,34,86,67,134,102,32,104,10,47,87"/><V28/><F118/><W22/><G109/><T63/><D108/><U15/><E68/><V40/><F130/><W17/><G134/><T76/><D33/><U82/><E129/><V13/><F37/><W8/><G115/><T92/><D133/><U66/><E66/><V16/><F40/><W3/><G67/><T128/><D128/><U53/><E72/><V19/><F19/><W39/><G39/><T119/><D119/><U42/><E42/><V18/><F18/><W89/><G104/><T120/><D120/><U132/><E132/><V6/><F6/><W114/><G114/><T31/><D113/><U85/><E11/><V84/><F111/><W36/><G36/><T49/><D127/><U122/><E53/><V48/><F48/><W56/><G102/><T27/><D103/><U21/><E35/><V4/><F4/><W100/><G100/><T71/><D71/><U70/><E70/><V116/><F116/><W94/><G56/><T45/><D26/><U112/><E112/><V75/><F75/><W38/><G38/><T64/><D7/><U61/><E0/><V101/><F97/><W44/><G3/><T135/><D64/><U121/><E1/><V83/><REACH who="2" step="1"/><F77/><REACH who="2" ten="215,318,242,215" step="2"/><W58/><G50/><T91/><D135/><U54/><E121/><V79/><F79/><W90/><G17/><T125/><D125/><U106/><E122/><V20/><F20/><W105/><G22/><T69/><D74/><U124/><E124/><V2/><F2/><W51/><G51/><T107/><D49/><U41/><E21/><V126/><F126/><W24/><G34/><RYUUKYOKU ba="0,1" sc="215,-10,318,-10,242,30,215,-10" hai2="9,13,16,28,30,57,60,65,78,83,84,99,101" /><INIT seed="6,1,1,0,5,99" ten="205,308,272,205" oya="2" hai0="27,126,119,43,55,13,103,56,32,80,63,85,81" hai1="29,106,91,60,86,24,89,93,36,116,87,128,45" hai2="11,76,57,82,17,121,12,135,58,10,53,74,46" hai3="90,35,2,75,77,15,25,64,78,109,71,8,72"/><V3/><F121/><W124/><G90/><T67/><D126/><U4/><E116/><V115/><F115/><W66/><G15/><T59/><D119/><U6/><E106/><V113/><F113/><W62/><G78/><T19/><D43/><U134/><E134/><V83/><F135/><W70/><G109/><T133/><D133/><U73/><E73/><V110/><F110/><W16/><G124/><T61/><D103/><U112/><E128/><V65/><F83/><W49/><G49/><T94/><D32/><U50/><E60/><V33/><F65/><W120/><G120/><T127/><D27/><U68/><E68/><V118/><F33/><W98/><G98/><T117/><D117/><U39/><E39/><V97/><F97/><W96/><G96/><T40/><D40/><U95/><E36/><V48/><REACH who="2" step="1"/><F118/><REACH who="2" ten="205,308,262,205" step="2"/><W22/><G35/><T23/><D127/><U7/><E112/><V41/><F41/><W130/><G66/><T114/><D114/><U88/><E4/><AGARI ba="1,2" hai="3,4,10,11,12,17,46,48,53,57,58,74,76,82" machi="4" ten="40,3900,0" yaku="1,1,53,1" doraHai="99" doraHaiUra="42" who="2" fromWho="1" sc="205,0,308,-42,262,62,205,0" /><INIT seed="6,2,0,5,1,53" ten="205,266,324,205" oya="2" hai0="31,59,61,75,34,12,11,122,68,97,37,73,4" hai1="100,42,62,19,115,103,129,28,83,107,86,121,26" hai2="112,49,58,3,102,93,89,41,124,108,95,130,126" hai3="50,9,110,52,46,117,119,85,48,22,63,69,111"/><V94/><F3/><W66/><G9/><T36/><D122/><U109/><E109/><N who="3" m="41482" /><G22/><T40/><D68/><U13/><E115/><V82/><F112/><W104/><G85/><T76/><D40/><U65/><E129/><V131/><F108/><W25/><G25/><T15/><D34/><U67/><E42/><V56/><F102/><W1/><G104/><T99/><D31/><U74/><E67/><V98/><F98/><W23/><G23/><T0/><D0/><U21/><E74/><V39/><F39/><W24/><G24/><T29/><D29/><U27/><E27/><V38/><F38/><W35/><G35/><T14/><D37/><U123/><E123/><V92/><F82/><W132/><G1/><T96/><D36/><U80/><E107/><V54/><F41/><N who="3" m="24655" /><G132/><T91/><D91/><N who="1" m="51655" /><E83/><V33/><F89/><W60/><G60/><T2/><REACH who="0" step="1"/><D76/><REACH who="0" ten="195,266,324,205" step="2"/><U128/><E121/><V101/><F33/><W16/><G16/><T45/><D45/><AGARI ba="2,1" hai="45,50,52,63,66,69,117,119" m="24655,41482" machi="45" ten="30,3900,0" yaku="34,2,54,1" doraHai="53" who="3" fromWho="0" sc="195,-45,266,0,324,0,205,55" /><INIT seed="7,0,0,0,3,52" ten="150,266,324,260" oya="3" hai0="107,86,22,29,10,6,93,42,19,48,78,12,26" hai1="61,108,4,20,49,129,74,44,76,125,38,45,51" hai2="35,109,1,30,77,16,95,104,91,40,68,17,71" hai3="83,135,90,69,96,21,37,57,53,134,89,94,33"/><W55/><G33/><T122/><D122/><U24/><E108/><V2/><F104/><W39/><G69/><T59/><D107/><U41/><E41/><V119/><BYE who="1" /><F77/><W82/><G21/><T99/><D42/><U81/><E81/><V75/><F75/><W31/><G31/><T127/><D127/><U62/><E62/><V15/><F109/><W79/><G79/><T130/><D130/><U7/><E7/><V133/><F40/><W106/><G106/><T132/><D132/><N who="3" m="50729" /><G55/><T85/><D78/><U98/><E98/><V8/><F119/><W65/><G65/><T128/><D6/><U11/><E11/><V123/><F123/><W13/><G13/><T72/><D72/><U63/><E63/><V117/><F117/><W112/><G112/><T105/><D105/><U70/><E70/><V73/><F73/><W46/><G46/><T9/><D9/><U23/><E23/><V60/><F17/><W27/><G27/><T124/><D128/><U58/><E58/><V3/><F133/><W121/><G121/><T101/><REACH who="0" step="1"/><D124/><REACH who="0" ten="140,266,324,260" step="2"/><U131/><E131/><V32/><F8/><W92/><G37/><T28/><D28/><U80/><E80/><V100/><F30/><W56/><G39/><T111/><D111/><U47/><E47/><V64/><F71/><W34/><G83/><T103/><D103/><U116/><E116/><V25/><F100/><W66/><G82/><T102/><D102/><U5/><E5/><V120/><F120/><W97/><G90/><T50/><D50/><U67/><E67/><V118/><F68/><W115/><G66/><RYUUKYOKU ba="0,1" sc="140,30,266,-10,324,-10,260,-10" hai0="10,12,19,22,26,29,48,59,85,86,93,99,101" owari="170,-33.0,256,6.0,324,42.0,250,-15.0" /></mjloggm>