<mjloggm ver="2.3"><GO type="169" lobby="0"/><UN n0="%E8%8C%B6%E8%89%B2%E3%81%AE%E3%82%A2%E3%83%AC" n1="%E8%88%AC%E5%8D%93%E6%B0%91%E3%81%AE%E6%9C%9D%E3%81%AF%E6%97%A9%E3%81%84" n2="%69%71%31%38%30%E7%9C%9F%E5%89%A3%E6%A7%98" n3="%E3%81%AF%E3%81%84%E3%81%A6%E3%82%93%E3%81%BC%E3%83%BC" dan="17,17,16,16" rate="2177.43,2233.41,2154.24,2169.05" sx="M,M,M,M"/><TAIKYOKU oya="0"/><INIT seed="0,0,0,5,3,55" ten="250,250,250,250" oya="0" hai0="110,129,74,41,7,120,123,119,2,52,16,91,89" hai1="18,124,4,96,58,127,56,81,61,11,103,39,106" hai2="84,130,51,37,63,111,65,8,1,109,5,134,62" hai3="98,23,113,122,0,73,54,29,49,99,32,101,47"/><T117/><D74/><U43/><E18/><V22/><F37/><W105/><G113/><T40/><D2/><U92/><E106/><V112/><F130/><W34/><G122/><T95/><D7/><U21/><E21/><V26/><F112/><W114/><G0/><T116/><D129/><U30/><E30/><V12/><F134/><W100/><G73/><T79/><D79/><U42/><E81/><V17/><F51/><W104/><G114/><T13/><D110/><U108/><E108/><N who="2" m="41547" /><F84/><W66/><G66/><T78/><D78/><U131/><E131/><V75/><F75/><W44/><G44/><T28/><D28/><U102/><E102/><V97/><F97/><W87/><G87/><T83/><D83/><U3/><E39/><V9/><F65/><W50/><G50/><T132/><D132/><U15/><E3/><V94/><F94/><W19/><REACH who="3" step="1"/><G29/><AGARI ba="0,0" hai="1,5,8,9,12,17,22,26,29,62,63" m="41547" machi="29" ten="30,1000,0" yaku="14,1" doraHai="55" who="2" fromWho="3" sc="250,0,250,0,250,10,250,-10" /><INIT seed="1,0,0,1,3,102" ten="250,250,260,240" oya="1" hai0="50,104,80,29,45,70,65,62,7,124,81,131,52" hai1="31,66,72,23,85,26,134,71,16,2,97,57,132" hai2="20,89,33,86,6,41,47,109,27,25,9,10,114" hai3="49,14,128,17,63,78,96,3,91,44,15,46,36"/><U122/><E72/><V83/><F109/><W61/><G3/><T93/><D131/><U101/><E122/><V120/><F120/><W113/><G113/><T34/><D124/><U74/><E74/><V32/><F114/><W88/><G128/><T73/><D7/><U54/><E2/><V105/><F105/><W12/><G36/><T42/><D73/><U0/><E0/><V69/><F69/><W111/><G78/><T135/><D93/><U64/><E85/><V106/><F106/><W13/><G46/><T127/><D127/><U79/><E79/><V103/><F103/><W121/><G111/><T77/><D77/><U28/><E71/><V35/><F6/><W82/><G121/><T130/><D130/><U117/><E117/><V18/><REACH who="2" step="1"/><F27/><REACH who="2" ten="250,250,250,240" step="2"/><W95/><G82/><T21/><D104/><N who="1" m="63535" /><E66/><V110/><F110/><W39/><G39/><AGARI ba="0,1" hai="9,10,18,20,25,32,33,35,39,41,47,83,86,89" machi="39" ten="40,1300,0" yaku="1,1,53,0" doraHai="102" doraHaiUra="129" who="2" fromWho="3" sc="250,0,250,0,250,23,240,-13" /><INIT seed="2,0,0,3,3,82" ten="250,250,273,227" oya="2" hai0="13,9,53,77,124,33,22,90,86,7,97,104,29" hai1="16,11,71,39,10,134,92,81,55,105,61,15,103" hai2="115,106,58,44,50,79,108,119,18,24,107,96,133" hai3="8,25,6,38,129,87,89,122,95,74,100,80,131"/><V68/><F119/><W66/><G122/><T36/><D124/><U111/><E111/><V98/><F115/><W114/><G38/><T59/><D36/><U109/><E109/><V110/><F68/><W72/><G66/><T31/><D33/><U42/><E134/><V85/><F133/><W60/><G60/><T40/><D40/><U1/><E105/><V132/><F132/><W20/><G114/><T19/><D77/><U130/><E130/><N who="3" m="49674" /><G80/><T117/><D97/><U118/><E118/><V78/><F58/><W17/><G100/><T26/><D104/><U76/><E39/><V62/><F62/><W4/><G4/><T120/><D120/><U69/><E42/><V102/><F78/><W51/><G51/><T3/><D3/><AGARI ba="0,0" hai="3,6,8,17,20,25,72,74,87,89,95" m="49674" machi="3" ten="30,2000,0" yaku="19,1,52,1" doraHai="82" who="3" fromWho="0" sc="250,-20,250,0,273,0,227,20" /><INIT seed="3,0,0,3,1,20" ten="230,250,273,247" oya="3" hai0="75,101,87,4,27,43,96,72,18,88,45,85,59" hai1="28,102,93,29,80,61,97,90,116,109,62,128,36" hai2="120,37,40,42,39,86,47,131,119,57,103,94,113" hai3="51,14,76,108,69,110,84,64,34,38,71,54,79"/><W50/><G34/><T26/><D4/><U53/><E36/><V33/><F119/><W16/><G38/><T58/><D72/><U115/><E115/><V67/><F113/><W30/><G30/><T41/><D75/><U35/><E109/><N who="3" m="42090" /><G51/><T126/><D126/><U21/><E128/><V70/><F33/><W89/><G64/><T92/><D18/><U107/><E35/><V63/><F131/><W130/><G130/><T123/><D123/><U99/><E116/><V112/><F112/><W132/><G132/><T8/><D8/><U56/><E62/><N who="2" m="40311" /><F86/><N who="0" m="32778" /><D101/><U46/><E80/><V111/><F94/><N who="3" m="54567" /><G79/><T135/><D135/><U24/><E46/><N who="2" m="23823" /><F103/><W133/><G76/><T129/><D129/><U6/><E6/><V78/><F78/><W49/><G49/><N who="0" m="26799" /><D43/><U117/><E117/><V9/><F111/><W13/><G13/><T106/><D106/><U66/><E66/><N who="2" m="39279" /><F9/><N who="3" m="6223" /><G133/><T5/><D5/><U98/><E98/><V125/><F125/><W83/><G83/><T23/><D23/><U25/><E25/><AGARI ba="0,0" hai="25,26,27,58,59,88,92,96" m="26799,32778" machi="25" ten="30,8000,1" yaku="8,1,52,3,54,1" doraHai="20" who="0" fromWho="1" sc="230,80,250,-80,273,0,247,0" /><INIT seed="4,0,0,5,5,101" ten="310,170,273,247" oya="0" hai0="100,99,108,107,43,76,71,23,106,31,38,39,63" hai1="1,133,4,90,65,87,77,95,93,36,135,111,40" hai2="46,5,30,116,14,53,50,17,109,128,126,19,85" hai3="131,127,12,121,10,6,113,32,56,61,60,44,102"/><T73/><D108/><U80/><E65/><V130/><F109/><W119/><G119/><T28/><D43/><U115/><E111/><V98/><F126/><W110/><G110/><T68/><D76/><U125/><E125/><V123/><F123/><W91/><G32/><T57/><D73/><N who="1" m="43055" /><E95/><V48/><F116/><W104/><G131/><N who="2" m="50217" /><F30/><W81/><G121/><T62/><D100/><U88/><E90/><V0/><F0/><W49/><G127/><T114/><D57/><U26/><E26/><V117/><F117/><W96/><G113/><T97/><REACH who="0" step="1"/><D23/><REACH who="0" ten="300,170,273,247" step="2"/><U112/><E40/><V79/><F79/><W33/><G56/><T83/><D83/><U15/><E36/><V7/><F46/><W45/><G45/><T13/><D13/><U103/><E103/><V122/><F14/><W37/><G37/><T124/><D124/><U129/><E15/><V58/><F58/><W8/><G33/><T51/><D51/><U42/><E42/><V70/><F48/><W21/><G21/><T2/><D2/><U78/><E78/><V74/><F50/><W20/><G20/><T16/><D16/><U66/><E129/><V41/><F19/><W132/><G81/><T52/><D52/><U29/><E29/><V11/><F17/><W34/><G34/><T134/><D134/><N who="1" m="51211" /><E66/><V24/><F53/><N who="3" m="29863" /><G132/><T55/><D55/><U75/><E75/><V27/><F74/><W25/><G25/><T22/><D22/><U86/><E112/><AGARI ba="0,1" hai="28,31,38,39,62,63,68,71,97,99,106,107,112,114" machi="112" ten="25,12000,1" yaku="1,1,22,2,52,2,53,0" doraHai="101" doraHaiUra="118" who="0" fromWho="1" sc="300,130,170,-120,273,0,247,0" /><INIT seed="4,1,0,1,3,9" ten="430,50,273,247" oya="0" hai0="60,114,119,21,22,38,7,46,100,95,91,58,87" hai1="11,111,35,17,0,98,123,23,94,36,44,74,2" hai2="62,126,90,93,42,107,118,72,39,82,117,106,115" hai3="49,68,110,50,83,77,113,5,12,24,78,29,124"/><T33/><D33/><U96/><E74/><V116/><F62/><W3/><G110/><T28/><D114/><U133/><E36/><V55/><F55/><W109/><G109/><T71/><D71/><U89/><E111/><V16/><F115/><W52/><G68/><T56/><D56/><U76/><E123/><V108/><F108/><W20/><G113/><T65/><D119/><U125/><E76/><N who="2" m="44295" /><F42/><W79/><G3/><T19/><D7/><U70/><E70/><V73/><F39/><W64/><G64/><T30/><D22/><U101/><E35/><V128/><F73/><W32/><G49/><T120/><D120/><U1/><E133/><V103/><F126/><W80/><G124/><T59/><D59/><U102/><E125/><V132/><F132/><W18/><REACH who="3" step="1"/><G5/><REACH who="3" ten="430,50,273,237" step="2"/><T47/><D38/><U69/><E69/><V27/><F128/><W104/><G104/><T15/><D100/><U92/><E44/><AGARI ba="1,1" hai="12,18,20,24,29,32,44,50,52,77,78,79,80,83" machi="44" ten="40,5200,0" yaku="1,1,52,1,54,1,53,0" doraHai="9" doraHaiUra="37" who="3" fromWho="1" sc="430,0,50,-55,273,0,237,65" /><AGARI ba="1,0" hai="15,19,21,28,30,44,46,47,58,60,65,87,91,95" machi="44" ten="40,3900,0" yaku="8,1,52,1" doraHai="9" who="0" fromWho="1" sc="430,39,-5,-39,273,0,302,0" owari="469,57.0,-44,-54.0,273,-13.0,302,10.0" /></mjloggm>