<mjloggm ver="2.3"><GO type="169" lobby="0"/><UN n0="%E5%8D%83%E7%BE%BD%E9%B4%89" n1="%E2%80%A0%E6%B0%B4%E9%8A%80%E7%87%88%E2%80%A0" n2="%E3%81%A9%E3%83%BC%E3%82%82%E5%83%95%E3%81%A7%E3%81%99" n3="%E5%B0%8F%E6%B1%A0%E7%BE%8E%E6%B3%A2%E2%8A%BF" dan="17,16,16,16" rate="2212.10,2174.94,2177.32,2095.95" sx="F,F,F,F"/><TAIKYOKU oya="0"/><INIT seed="0,0,0,4,2,45" ten="250,250,250,250" oya="0" hai0="47,12,79,62,131,6,95,75,99,83,91,9,127" hai1="3,22,18,132,69,110,130,60,44,81,124,14,107" hai2="116,96,26,50,134,24,128,104,111,35,68,119,56" hai3="16,48,118,86,90,120,112,29,80,82,58,66,0"/><T33/><D131/><U113/><E130/><V93/><F128/><W125/><G112/><T88/><D127/><U76/><E113/><V94/><F68/><W49/><G118/><N who="2" m="45097" /><F111/><W129/><G129/><T109/><D109/><U72/><E110/><V103/><F134/><W17/><G0/><T37/><D33/><U11/><E132/><V105/><F94/><W89/><G125/><T23/><D62/><U133/><E133/><V126/><F126/><W73/><G29/><T101/><REACH who="0" step="1"/><D23/><REACH who="0" ten="240,250,250,250" step="2"/><U19/><E22/><V36/><F35/><W64/><G120/><T43/><AGARI ba="0,1" hai="6,9,12,37,43,47,75,79,83,88,91,95,99,101" machi="43" ten="30,11700,0" yaku="1,1,2,1,0,1,54,1,53,0" doraHai="45" doraHaiUra="117" who="0" fromWho="0" sc="240,127,250,-39,250,-39,250,-39" /><INIT seed="0,1,0,5,0,95" ten="367,211,211,211" oya="0" hai0="0,56,15,113,122,47,17,75,88,133,121,45,100" hai1="112,36,16,101,74,102,30,71,116,106,79,108,11" hai2="21,131,51,48,130,37,132,57,61,19,119,41,115" hai3="39,77,9,90,94,107,114,2,6,96,80,3,58"/><T34/><D0/><U27/><E116/><V134/><F19/><W64/><G114/><T110/><D113/><U63/><E112/><V33/><F21/><W81/><G39/><T43/><D75/><U49/><E36/><V73/><F115/><W7/><G107/><T70/><D70/><U104/><E108/><V123/><F33/><W76/><G80/><T99/><D34/><U14/><E79/><V12/><F12/><W44/><G44/><T135/><D56/><U42/><E74/><V1/><F1/><W82/><G82/><T8/><D110/><U125/><E125/><V87/><F87/><W124/><G124/><T5/><D5/><U127/><E127/><V62/><F73/><W120/><G120/><T4/><D4/><U50/><E102/><V109/><F109/><W26/><G26/><T105/><D88/><U23/><E42/><V86/><F86/><W31/><G81/><T13/><D15/><U29/><E29/><V89/><F89/><W20/><G31/><T72/><D72/><U25/><E25/><V40/><F123/><N who="0" m="47114" /><D43/><U68/><E68/><V53/><F37/><W129/><G7/><T54/><D54/><U85/><E85/><V32/><F32/><W118/><G6/><T35/><D35/><U66/><REACH who="1" step="1"/><E106/><REACH who="1" ten="367,201,211,211" step="2"/><V111/><F111/><W69/><G69/><T38/><D38/><U60/><E60/><V128/><F119/><W103/><G118/><T91/><D91/><U52/><E52/><N who="2" m="33959" /><F62/><W126/><G90/><T28/><D28/><U24/><E24/><V46/><F41/><W93/><G126/><T117/><D117/><RYUUKYOKU ba="1,1" sc="367,10,201,10,211,10,211,-30" hai0="8,13,17,45,47,99,100,105,133,135" hai1="11,14,16,23,27,30,49,50,63,66,71,101,104" hai2="40,46,48,51,53,128,130,131,132,134" /><INIT seed="0,2,1,5,4,87" ten="377,211,221,181" oya="0" hai0="35,94,105,106,14,8,56,69,11,24,92,62,120" hai1="89,3,39,17,45,42,10,27,33,48,111,58,49" hai2="46,119,51,40,101,107,16,0,15,36,28,63,125" hai3="115,83,26,130,100,31,128,95,79,102,75,70,90"/><T47/><D120/><U124/><E111/><V131/><F131/><N who="3" m="50219" /><G70/><T73/><D73/><U134/><E124/><V41/><F125/><W91/><G115/><T2/><D69/><U126/><E126/><V30/><F0/><W114/><G114/><T86/><D47/><U67/><E134/><V118/><F101/><N who="3" m="39019" /><G95/><T97/><D2/><U116/><E116/><N who="2" m="44587" /><F107/><W112/><G112/><T122/><D122/><U44/><E33/><AGARI ba="2,1" hai="26,31,33,75,79,83,90,91" m="39019,50219" machi="33" ten="30,3900,0" yaku="19,1,52,2" doraHai="87" who="3" fromWho="1" sc="377,0,211,-45,221,0,181,55" /><INIT seed="1,0,0,1,4,86" ten="377,166,221,236" oya="1" hai0="48,24,93,69,95,101,47,26,130,62,84,73,88" hai1="131,10,54,49,105,33,14,111,72,124,38,55,74" hai2="11,0,2,22,83,16,121,103,75,59,85,3,50" hai3="92,52,118,18,128,19,134,82,25,8,12,7,116"/><U60/><E38/><V21/><F121/><W77/><G128/><T40/><D73/><U114/><E114/><V112/><F75/><W17/><G134/><T61/><D130/><U42/><E131/><V27/><F112/><W53/><G92/><T43/><D43/><U9/><E124/><V41/><F103/><W126/><G25/><N who="0" m="9835" /><D69/><U32/><E105/><V78/><F22/><W98/><G98/><AGARI ba="0,0" hai="40,47,48,61,62,84,88,93,95,98,101" m="9835" machi="98" ten="30,3900,0" yaku="8,1,52,1,54,1" doraHai="86" who="0" fromWho="3" sc="377,39,166,0,221,0,236,-39" /><INIT seed="2,0,0,1,4,17" ten="416,166,221,197" oya="2" hai0="30,131,54,82,31,65,115,123,80,26,101,93,135" hai1="83,68,125,25,70,35,92,91,126,6,1,32,7" hai2="47,59,37,100,120,44,103,122,76,15,114,132,127" hai3="34,128,119,90,73,98,69,88,129,8,72,78,102"/><V79/><F114/><W96/><G69/><T41/><D123/><U49/><E83/><V36/><F15/><W85/><G34/><T63/><D135/><U45/><E68/><V48/><F59/><W121/><G8/><T130/><D54/><U55/><E70/><V99/><F99/><N who="3" m="37931" /><G119/><T57/><D31/><U40/><E1/><V94/><F48/><W62/><G62/><T39/><D115/><U86/><E35/><V74/><F74/><N who="3" m="28779" /><G121/><T50/><D39/><U23/><E32/><V77/><F47/><W95/><G102/><T89/><D101/><U33/><E33/><V84/><F44/><W112/><G112/><T108/><D50/><U14/><E40/><V0/><F0/><W134/><G134/><T56/><D41/><U118/><E118/><V3/><F3/><W105/><G105/><T97/><D57/><U107/><E107/><V113/><F132/><W111/><G111/><T71/><D108/><U51/><E51/><V29/><F113/><W58/><G58/><T22/><REACH who="0" step="1"/><D56/><REACH who="0" ten="406,166,221,197" step="2"/><U38/><E38/><V116/><F36/><W124/><G124/><T27/><D27/><U60/><E60/><V16/><F127/><N who="1" m="48649" /><E25/><V67/><F37/><W133/><G133/><T64/><D64/><U52/><E55/><V20/><F67/><W13/><G128/><AGARI ba="0,1" hai="22,26,30,63,65,71,80,82,89,93,97,128,130,131" machi="128" ten="40,5200,0" yaku="1,1,19,1,52,1,53,0" doraHai="17" doraHaiUra="2" who="0" fromWho="3" sc="406,62,166,0,221,0,197,-52" /><INIT seed="3,0,0,2,5,50" ten="468,166,221,145" oya="3" hai0="106,41,29,32,22,95,64,99,75,119,9,110,51" hai1="21,10,31,48,4,65,88,13,26,84,114,61,130" hai2="54,28,101,44,100,111,20,57,90,46,14,62,93" hai3="116,127,12,128,109,129,103,96,117,132,86,85,112"/><W34/><G34/><T79/><D9/><U72/><E130/><N who="3" m="50282" /><G12/><T36/><D22/><U68/><E72/><V115/><F111/><W131/><N who="3" m="50290" /><W104/><DORA hai="19" /><G109/><T98/><D51/><U118/><E118/><N who="3" m="45674" /><G112/><T49/><D32/><U107/><E107/><V2/><F2/><W55/><G132/><T123/><D110/><U82/><REACH who="1" step="1"/><E48/><REACH who="1" ten="468,156,221,145" step="2"/><V38/><F115/><AGARI ba="0,1" hai="4,10,13,21,26,31,61,65,68,82,84,88,114,115" machi="115" ten="40,8000,1" yaku="1,1,2,1,52,1,54,1,53,1" doraHai="50,19" doraHaiUra="37,17" who="1" fromWho="2" sc="468,0,156,90,221,-80,145,0" /><INIT seed="4,0,0,1,5,3" ten="468,246,141,145" oya="0" hai0="84,125,1,102,28,33,106,98,135,32,21,78,115" hai1="38,63,42,72,75,94,123,54,73,121,130,56,23" hai2="82,93,74,132,6,90,12,69,18,19,7,110,55" hai3="68,34,128,129,126,61,25,24,57,17,133,103,27"/><T50/><D115/><U79/><E130/><N who="3" m="50282" /><G68/><T37/><D37/><U44/><E79/><V134/><F110/><W64/><G133/><N who="2" m="51305" /><F69/><W9/><G126/><T81/><D135/><U91/><REACH who="1" step="1"/><E23/><REACH who="1" ten="468,236,141,145" step="2"/><N who="2" m="11719" /><F19/><W89/><G34/><T83/><D33/><U49/><E49/><V131/><F131/><W108/><G108/><T14/><D32/><U113/><E113/><V13/><F13/><N who="3" m="7343" /><G103/><T112/><D112/><U107/><E107/><V127/><F127/><W66/><G89/><T52/><D125/><U117/><E117/><V10/><F10/><W99/><G99/><AGARI ba="0,1" hai="38,42,44,54,56,63,72,73,75,91,94,99,121,123" machi="99" ten="40,2600,0" yaku="1,1,53,1" doraHai="3" doraHaiUra="88" who="1" fromWho="3" sc="468,0,236,36,141,0,145,-26" /><INIT seed="5,0,0,2,0,115" ten="468,272,141,119" oya="1" hai0="90,130,131,46,8,73,43,16,123,10,124,64,70" hai1="65,38,85,22,20,83,129,109,80,36,47,50,49" hai2="56,114,41,81,101,21,62,60,53,88,30,105,104" hai3="7,40,5,117,37,72,23,58,126,103,118,61,24"/><U29/><E129/><N who="0" m="49161" /><D73/><U27/><E109/><V14/><F114/><W133/><G72/><T125/><D123/><U33/><E65/><V54/><F41/><W15/><G103/><T34/><D34/><U42/><E80/><V57/><F101/><W89/><G133/><T106/><D106/><U135/><E135/><V25/><F14/><W110/><G110/><T84/><D64/><U68/><E68/><V120/><F120/><W2/><G2/><T67/><D67/><U19/><E38/><V69/><F69/><W35/><G89/><T76/><D76/><U97/><E97/><V66/><F66/><N who="3" m="39223" /><G35/><T116/><D116/><N who="3" m="44649" /><G15/><T52/><D90/><U79/><REACH who="1" step="1"/><E33/><REACH who="1" ten="468,262,141,119" step="2"/><V122/><F122/><W99/><G99/><T9/><D70/><U108/><E108/><V111/><F111/><W31/><G126/><T51/><D124/><U98/><E98/><V0/><F104/><W4/><G40/><T112/><D125/><U95/><E95/><V3/><F105/><W107/><G107/><T17/><D112/><U92/><E92/><V11/><F81/><W91/><G91/><T63/><D84/><U71/><E71/><V39/><F88/><W12/><G12/><AGARI ba="0,1" hai="12,19,20,22,27,29,36,42,47,49,50,79,83,85" machi="12" ten="30,2900,0" yaku="1,1,7,1,53,0" doraHai="115" doraHaiUra="55" who="1" fromWho="3" sc="468,0,262,39,141,0,119,-29" /><INIT seed="5,1,0,4,1,53" ten="468,301,141,90" oya="1" hai0="75,85,94,110,120,49,37,20,62,36,86,46,98" hai1="39,7,14,25,72,115,67,2,104,79,5,64,16" hai2="122,34,69,44,77,35,124,10,42,99,101,0,13" hai3="57,126,22,92,55,24,19,131,102,118,80,48,109"/><U96/><E39/><V38/><F122/><W78/><G109/><T41/><D75/><U8/><E115/><V29/><F124/><W76/><G126/><T119/><D119/><U58/><E25/><V70/><F77/><W61/><G118/><T3/><D3/><U116/><E116/><V128/><F128/><W84/><G131/><T117/><D117/><U73/><E7/><N who="2" m="1383" /><F13/><W60/><REACH who="3" step="1"/><G76/><REACH who="3" ten="468,301,141,80" step="2"/><T18/><D110/><U54/><E79/><V81/><F81/><W4/><G4/><T1/><D120/><U111/><E111/><V134/><F134/><W59/><G59/><T33/><D37/><U129/><E129/><V47/><F47/><W125/><G125/><T106/><D36/><U43/><E72/><V135/><F135/><W6/><G6/><T63/><D46/><U95/><E73/><V27/><F35/><W12/><G12/><T88/><D33/><U123/><E123/><V114/><F114/><W103/><G103/><T68/><D1/><U83/><E5/><V107/><AGARI ba="1,1" hai="27,29,34,38,42,44,69,70,99,101,107" m="1383" machi="107" ten="30,2000,0" yaku="33,2" doraHai="53" who="2" fromWho="2" sc="468,-6,301,-11,141,33,80,-6" /><INIT seed="6,0,0,3,1,120" ten="462,290,174,74" oya="2" hai0="77,105,48,3,20,31,97,18,75,74,110,29,83" hai1="109,123,44,46,76,107,95,98,122,23,0,96,132" hai2="127,81,38,70,113,67,9,71,59,88,36,53,11" hai3="114,128,100,65,40,62,13,134,126,41,35,111,30"/><V7/><F11/><W47/><G35/><T80/><D3/><U28/><E0/><V8/><F8/><W5/><G30/><T125/><D125/><U91/><E132/><V92/><F81/><W87/><G100/><T14/><D110/><U64/><E64/><V58/><F113/><W15/><G126/><T61/><D48/><U94/><E107/><V131/><F131/><W129/><G134/><T32/><D32/><U43/><E76/><V84/><F59/><W16/><G114/><T34/><D34/><U90/><E109/><V1/><F127/><W21/><G111/><T55/><D55/><U68/><E68/><V27/><F27/><W133/><G133/><T86/><D61/><U26/><REACH who="1" step="1"/><E46/><REACH who="1" ten="462,280,174,74" step="2"/><V85/><F70/><W4/><G129/><T73/><D105/><U93/><E93/><V104/><F104/><W108/><G108/><T63/><D77/><U124/><E124/><V49/><F67/><W22/><G128/><T2/><D2/><U60/><E60/><V12/><F1/><W25/><G47/><T116/><D63/><U117/><E117/><V121/><F71/><W118/><G118/><T103/><D116/><U89/><E89/><V54/><F88/><W112/><G112/><T106/><D83/><U24/><E24/><V10/><F121/><W45/><G45/><T115/><D115/><U72/><E72/><V99/><F58/><N who="3" m="37079" /><G25/><T102/><D102/><U82/><E82/><V57/><F57/><W130/><G130/><T51/><D75/><U56/><E56/><V79/><F79/><W39/><G87/><N who="2" m="33353" /><F92/><W42/><G39/><AGARI ba="0,1" hai="23,26,28,39,43,44,90,91,94,95,96,98,122,123" machi="39" ten="40,8000,1" yaku="1,1,6,1,9,1,53,1" doraHai="120" doraHaiUra="69" who="1" fromWho="3" sc="462,0,280,90,174,0,74,-80" owari="462,57.0,370,17.0,174,-23.0,-6,-51.0" /></mjloggm>