<mjloggm ver="2.3"><GO type="169" lobby="0"/><UN n0="%E3%82%B7%E3%83%B3%E3%83%95%E3%82%A9%E3%83%8B%E3%82%A2" n1="%62%75%72%65%61%36" n2="%E5%85%AD%E9%83%A8%E5%9C%AD" n3="%E6%B9%98%E5%8C%97%E2%91%AD%E4%B8%89%E4%BA%95%E5%AF%BF" dan="18,16,16,17" rate="2242.64,2154.91,2099.93,2146.05" sx="M,M,M,M"/><TAIKYOKU oya="0"/><INIT seed="0,0,0,2,4,113" ten="250,250,250,250" oya="0" hai0="126,51,34,70,116,13,125,18,65,67,121,46,87" hai1="20,102,53,32,5,6,97,49,52,50,57,82,81" hai2="37,63,10,9,72,89,122,88,115,79,40,78,38" hai3="17,62,128,19,103,117,11,90,54,104,23,96,2"/><T92/><D34/><U109/><E109/><V42/><F63/><W129/><G90/><N who="0" m="53343" /><D121/><U33/><E32/><V15/><F15/><N who="3" m="7423" /><G2/><T58/><D70/><U21/><E33/><V94/><F94/><W30/><G30/><T119/><D58/><U16/><E21/><V24/><F24/><N who="3" m="14463" /><G62/><T131/><D67/><U31/><E31/><V118/><F72/><W127/><G54/><N who="0" m="30071" /><D65/><U29/><E29/><V27/><F27/><W120/><G120/><T69/><D69/><U12/><E6/><V91/><F122/><W80/><G80/><T110/><D110/><U93/><E5/><V130/><F89/><W133/><G133/><T59/><D59/><AGARI ba="0,0" hai="12,16,20,49,50,52,53,57,59,81,82,93,97,102" machi="59" ten="30,8000,1" yaku="7,1,9,1,8,1,54,2" doraHai="113" who="1" fromWho="0" sc="250,-80,250,80,250,0,250,0" /><INIT seed="1,0,0,0,4,70" ten="170,330,250,250" oya="1" hai0="37,96,18,114,133,39,102,25,85,54,14,67,50" hai1="34,40,55,104,7,0,8,26,2,11,6,107,13" hai2="64,31,58,42,108,106,62,71,36,51,83,126,23" hai3="56,103,129,75,53,3,124,20,33,120,9,134,12"/><U110/><E40/><V119/><F119/><W81/><G33/><T92/><D133/><U35/><E55/><N who="2" m="32127" /><F106/><W127/><G103/><T132/><D114/><U78/><E78/><V15/><F83/><W109/><G120/><T79/><D132/><U60/><E60/><V19/><F31/><W32/><G32/><N who="1" m="12330" /><E104/><V41/><F41/><W135/><G81/><T99/><D67/><U49/><E49/><V131/><F131/><W45/><G75/><T57/><D25/><U16/><E107/><V38/><F38/><W100/><G100/><T87/><D99/><U98/><E98/><V59/><F59/><W22/><G45/><T91/><D79/><U101/><E101/><V5/><F5/><N who="1" m="1545" /><E110/><V90/><F90/><W117/><G109/><T63/><D63/><U48/><E48/><V122/><F108/><W118/><G56/><T121/><D121/><U65/><E65/><V28/><F122/><W73/><G53/><T93/><REACH who="0" step="1"/><D87/><REACH who="0" ten="160,330,250,250" step="2"/><U69/><E69/><V27/><F71/><W1/><G73/><T128/><D128/><U84/><E84/><V44/><F64/><W94/><G129/><T77/><D77/><U66/><E66/><V76/><F62/><W116/><G118/><T111/><D111/><U46/><E26/><V4/><F76/><W61/><G61/><T17/><D17/><N who="1" m="8359" /><E46/><V123/><F123/><W10/><G94/><T112/><D112/><U24/><E24/><V68/><F68/><W74/><G74/><T72/><D72/><U52/><E16/><V125/><F4/><W43/><G43/><T113/><D113/><U130/><E130/><RYUUKYOKU ba="0,1" sc="160,10,330,-30,250,10,250,10" hai0="14,18,37,39,50,54,57,85,91,92,93,96,102" hai2="15,19,23,27,28,36,42,44,125,126" hai3="1,3,9,10,12,20,22,116,117,124,127,134,135" /><INIT seed="2,1,1,2,1,104" ten="170,300,260,260" oya="2" hai0="28,62,112,10,96,76,75,46,125,32,21,126,5" hai1="26,133,98,42,89,22,41,117,38,3,122,33,54" hai2="63,8,69,72,129,97,56,70,127,87,132,47,92" hai3="100,78,43,64,12,68,108,35,95,17,20,67,79"/><V99/><F132/><W74/><G35/><T15/><D96/><U128/><E117/><V134/><F134/><W91/><G108/><T124/><D112/><U49/><E133/><V66/><F129/><W60/><G43/><T57/><D32/><U31/><E128/><V105/><F127/><W7/><G100/><T45/><D28/><U4/><E38/><V115/><F115/><W116/><G116/><T93/><D93/><U48/><E3/><V39/><F87/><W111/><G111/><T58/><D21/><U110/><E4/><V6/><F97/><W30/><G30/><T80/><REACH who="0" step="1"/><D57/><REACH who="0" ten="160,300,260,260" step="2"/><U113/><E33/><V55/><F105/><W130/><G130/><T23/><D23/><U0/><E98/><V109/><F109/><W123/><G95/><T9/><D9/><U114/><E22/><V37/><F92/><W25/><G20/><T107/><D107/><U51/><E110/><V65/><F99/><W84/><G25/><T27/><D27/><U85/><E26/><V106/><F106/><W88/><G123/><T52/><AGARI ba="1,2" hai="5,10,15,45,46,52,58,62,75,76,80,124,125,126" machi="52" ten="30,8000,1" yaku="1,1,0,1,18,1,52,1,54,1,53,0" doraHai="104" doraHaiUra="82" who="0" fromWho="0" sc="160,103,300,-21,260,-41,260,-21" /><INIT seed="3,0,0,5,5,8" ten="263,279,219,239" oya="3" hai0="40,59,86,20,88,5,73,38,26,1,85,123,96" hai1="35,121,45,108,46,109,52,63,11,103,56,55,71" hai2="47,18,126,70,0,19,22,31,75,110,49,60,41" hai3="53,14,3,43,118,67,68,74,89,130,66,51,27"/><W23/><G3/><T48/><D73/><U6/><E121/><V9/><F75/><W61/><G74/><T2/><D38/><U64/><E35/><V21/><F31/><W69/><G118/><T33/><D33/><U115/><E103/><V134/><F110/><N who="1" m="42601" /><E115/><V44/><F134/><W50/><G130/><T92/><D123/><U128/><E128/><V95/><F126/><W84/><G43/><T72/><D72/><U104/><E104/><V80/><F80/><W10/><G68/><T100/><D5/><U79/><E79/><V37/><F95/><W117/><G117/><T15/><D85/><U105/><E105/><V17/><F60/><W112/><G112/><T113/><D113/><U83/><E83/><V107/><F107/><W101/><G101/><T7/><D2/><N who="1" m="471" /><E55/><V25/><F70/><W30/><G67/><T65/><D1/><U124/><E124/><V91/><F91/><W54/><G53/><T120/><D120/><U78/><E78/><V58/><F0/><W106/><G106/><T36/><D65/><U57/><E71/><V135/><F41/><W34/><G34/><T116/><D40/><U93/><E93/><V81/><F81/><N who="3" m="49295" /><G54/><N who="0" m="32199" /><D116/><U97/><E97/><V133/><F37/><W77/><G77/><T24/><D36/><U39/><E39/><V28/><F133/><W127/><G127/><T132/><D132/><U4/><E4/><V42/><F135/><W82/><G82/><N who="0" m="49239" /><D7/><U131/><E131/><V62/><F42/><W114/><G114/><T122/><D122/><U94/><E94/><V98/><F98/><W125/><G125/><RYUUKYOKU ba="0,0" sc="263,10,279,10,219,-30,239,10" hai0="15,20,24,26,92,96,100" hai1="45,46,52,56,57,63,64" hai3="10,14,23,27,30,50,51,61,66,69" /><INIT seed="3,1,0,5,1,98" ten="273,289,189,249" oya="3" hai0="80,44,88,76,89,22,97,71,40,64,23,25,33" hai1="111,125,95,42,96,77,61,38,67,0,56,31,29" hai2="58,73,87,20,54,93,60,17,46,9,59,122,21" hai3="12,90,100,115,36,39,19,27,78,51,69,3,47"/><W8/><G69/><T128/><D128/><U37/><E0/><V94/><F122/><W85/><G115/><T131/><D131/><U66/><E111/><V79/><F73/><W24/><G3/><T134/><D134/><U132/><E132/><V26/><F46/><W14/><G78/><T124/><D124/><U84/><E67/><V86/><F9/><W35/><G35/><T133/><D133/><U120/><E120/><V117/><F117/><W30/><G39/><T49/><D33/><U104/><E104/><V118/><F118/><W11/><G36/><T127/><D127/><U53/><E42/><V129/><F86/><W92/><G30/><T43/><D43/><U101/><E125/><V74/><F74/><W130/><G130/><T13/><D13/><U5/><E5/><V4/><F4/><W18/><REACH who="3" step="1"/><G100/><REACH who="3" ten="273,289,189,239" step="2"/><T83/><D76/><U103/><E103/><V34/><F34/><W62/><G62/><T106/><D71/><U109/><E38/><V112/><F112/><W114/><G114/><T72/><D72/><U41/><E37/><V82/><F129/><W105/><G105/><T123/><D106/><U2/><E2/><V65/><REACH who="2" step="1"/><F21/><REACH who="2" ten="273,289,179,239" step="2"/><W55/><AGARI ba="1,2" hai="8,11,12,14,18,19,24,27,47,51,55,85,90,92" machi="55" ten="20,18000,2" yaku="1,1,0,1,7,1,9,1,8,1,53,2" doraHai="98" doraHaiUra="6" who="3" fromWho="3" sc="273,-61,289,-61,179,-61,239,203" /><INIT seed="3,2,0,1,5,122" ten="212,228,118,442" oya="3" hai0="71,120,42,17,72,8,43,4,98,14,65,0,36" hai1="121,38,50,16,2,53,10,93,91,113,131,60,81" hai2="41,66,107,39,89,101,45,40,86,55,99,24,46" hai3="68,67,123,27,13,77,115,87,103,30,130,3,116"/><W58/><G3/><T52/><D120/><U59/><E121/><V102/><F66/><W32/><G123/><T134/><D72/><U100/><E113/><V95/><F101/><W22/><G115/><T129/><D129/><U5/><E131/><V9/><F24/><W114/><G114/><T70/><D134/><U132/><E132/><V23/><F23/><W49/><G116/><T94/><D52/><U69/><E38/><V73/><F55/><W97/><G130/><T19/><D19/><U96/><E81/><V25/><F25/><W128/><G128/><T51/><D36/><U74/><E74/><V7/><F73/><W57/><G49/><T47/><D65/><U75/><E75/><V111/><F46/><W84/><G13/><T106/><D106/><U126/><E126/><V37/><F41/><W28/><G30/><T110/><D43/><U108/><E69/><V117/><F117/><W125/><G22/><T104/><D104/><U118/><E118/><V83/><F39/><W124/><G58/><T12/><D70/><U54/><E50/><V15/><REACH who="2" step="1"/><F107/><REACH who="2" ten="212,228,108,442" step="2"/><N who="3" m="63983" /><G57/><T1/><D42/><U64/><E64/><V18/><F18/><W44/><G44/><T31/><D47/><U127/><E54/><V92/><F92/><W34/><G34/><T61/><D94/><U35/><E35/><V48/><F48/><W90/><G27/><T82/><D51/><U79/><E53/><V85/><F85/><W109/><G67/><T63/><D17/><U135/><E16/><V6/><F6/><W112/><G84/><T133/><D4/><U29/><E5/><RYUUKYOKU ba="2,1" sc="212,-10,228,-10,108,30,442,-10" hai2="7,9,15,37,40,45,83,86,89,95,99,102,111" /><INIT seed="4,3,1,4,0,134" ten="202,218,138,432" oya="0" hai0="64,63,103,77,84,96,73,0,120,93,122,7,53" hai1="70,82,129,109,131,60,55,24,87,117,127,28,69" hai2="71,118,8,56,26,132,113,81,5,45,97,15,80" hai3="95,111,35,13,72,119,14,74,42,112,46,32,76"/><T135/><D135/><U92/><E117/><V4/><F132/><W61/><G111/><T11/><D73/><U85/><E109/><V88/><F71/><W50/><G119/><T22/><D53/><U49/><E92/><V98/><F118/><W33/><G112/><T128/><D128/><N who="1" m="49227" /><E60/><V12/><F113/><W66/><G95/><T75/><D75/><U6/><E6/><V1/><F1/><W100/><G100/><T58/><D77/><U102/><E102/><V16/><F26/><W18/><G76/><T114/><D114/><U115/><E87/><N who="2" m="50279" /><F81/><W29/><G29/><T36/><D36/><U40/><E40/><V121/><F121/><W21/><REACH who="3" step="1"/><G14/><REACH who="3" ten="202,218,138,422" step="2"/><T89/><REACH who="0" step="1"/><D22/><REACH who="0" ten="192,218,138,422" step="2"/><U48/><E115/><V133/><F133/><W51/><G51/><T57/><D57/><AGARI ba="3,3" hai="13,18,21,32,33,35,42,46,50,57,61,66,72,74" machi="57" ten="40,2600,0" yaku="1,1,53,1" doraHai="134" doraHaiUra="10" who="3" fromWho="0" sc="192,-35,218,0,138,0,422,65" /><INIT seed="5,0,0,0,5,112" ten="157,218,138,487" oya="1" hai0="118,99,130,0,107,97,91,36,114,48,35,72,70" hai1="37,60,77,52,69,67,100,27,42,3,32,103,53" hai2="88,54,111,108,4,102,14,24,131,96,46,63,120" hai3="74,40,2,33,119,101,105,22,38,66,94,85,18"/><U45/><E3/><V125/><F120/><W25/><G2/><T55/><RYUUKYOKU type="yao9" ba="0,0" sc="157,0,218,0,138,0,487,0" hai0="0,35,36,48,55,70,72,91,97,99,107,114,118,130" /><INIT seed="5,1,0,0,2,122" ten="157,218,138,487" oya="1" hai0="87,51,62,100,0,61,86,72,69,132,118,11,50" hai1="3,30,18,20,52,56,16,101,63,45,94,10,84" hai2="112,71,26,44,120,111,109,31,64,17,83,129,75" hai3="36,88,110,4,23,59,117,7,102,91,37,39,78"/><U53/><E30/><V79/><F120/><W21/><G102/><T105/><D72/><U115/><E115/><V134/><F112/><W29/><G78/><T46/><D118/><U1/><E10/><V32/><F129/><W24/><G117/><T104/><D11/><U6/><E6/><V93/><F134/><W48/><G110/><N who="2" m="41993" /><F93/><W15/><G7/><T34/><D100/><U92/><E3/><V73/><F17/><W42/><G4/><T121/><D121/><U43/><E1/><V97/><F44/><W74/><G74/><T22/><D46/><U113/><E113/><V98/><F98/><W114/><G114/><T103/><D103/><U8/><E8/><V76/><F97/><W41/><G15/><T107/><D0/><U133/><E133/><V33/><F76/><W65/><G23/><T55/><D132/><U124/><E101/><V135/><F73/><W89/><G65/><N who="0" m="41135" /><D22/><U25/><E18/><V77/><F77/><W12/><G12/><T96/><D34/><U19/><E19/><V82/><F82/><W57/><REACH who="3" step="1"/><G48/><REACH who="3" ten="157,218,138,477" step="2"/><T67/><D50/><U131/><E20/><V28/><F135/><W128/><G128/><T119/><D119/><U106/><E131/><V123/><F123/><W58/><AGARI ba="1,1" hai="21,24,29,36,37,39,41,42,57,58,59,88,89,91" machi="58" ten="40,8000,1" yaku="1,1,0,1,29,2,54,1,53,0" doraHai="122" doraHaiUra="116" who="3" fromWho="3" sc="157,-21,218,-41,138,-21,477,93" /><INIT seed="6,0,0,0,4,126" ten="136,177,117,570" oya="2" hai0="78,39,64,110,131,37,1,59,61,70,50,7,75" hai1="11,47,76,88,132,65,99,87,107,44,80,130,29" hai2="95,98,33,26,73,102,69,115,104,119,116,13,106" hai3="91,127,15,49,5,32,71,2,124,86,96,84,8"/><V92/><F69/><W53/><G71/><T81/><D59/><U63/><E132/><V67/><F67/><W135/><G32/><T85/><D50/><U51/><E130/><V36/><F36/><N who="0" m="13898" /><D85/><U48/><E29/><V23/><F33/><W68/><G68/><T25/><D25/><U3/><E51/><V62/><F62/><W128/><G128/><T9/><D131/><U46/><E48/><V28/><F73/><W22/><G135/><T0/><D0/><U40/><E40/><V42/><F42/><W12/><G96/><T134/><D134/><U18/><E3/><V6/><F92/><N who="3" m="54375" /><G86/><T101/><D101/><U35/><E35/><V74/><F74/><W30/><G30/><T112/><D112/><U100/><E76/><V103/><F115/><W41/><G41/><T56/><D56/><U125/><E100/><V129/><F129/><W90/><G90/><T122/><D110/><U34/><E34/><V120/><F120/><AGARI ba="0,0" hai="1,7,9,61,64,70,75,78,81,120,122" m="13898" machi="120" ten="30,1000,0" yaku="23,1" doraHai="126" who="0" fromWho="2" sc="136,10,177,0,117,-10,570,0" /><INIT seed="7,0,0,5,2,13" ten="146,177,107,570" oya="3" hai0="90,96,100,74,63,29,10,50,51,56,32,42,46" hai1="128,110,25,73,66,61,99,62,117,22,45,77,105" hai2="15,84,40,55,34,101,83,9,82,78,80,39,129" hai3="135,37,41,120,75,92,71,113,132,23,121,130,81"/><W48/><G71/><T0/><D74/><U108/><E73/><V95/><F34/><W26/><G37/><T91/><D50/><U6/><E77/><V19/><F129/><W115/><G92/><T86/><D32/><U7/><E128/><V94/><F40/><W114/><G81/><T43/><D29/><U131/><E131/><V21/><F39/><W134/><G75/><T52/><D43/><U24/><E45/><V8/><F55/><W14/><G130/><T44/><D44/><U36/><E99/><V18/><F8/><W98/><G98/><T3/><D10/><U35/><E105/><V102/><F82/><W12/><G48/><T125/><D125/><U60/><E117/><V57/><F57/><W106/><G106/><T27/><D27/><U116/><E25/><N who="2" m="14519" /><F80/><W58/><G58/><T107/><REACH who="0" step="1"/><D86/><REACH who="0" ten="136,177,107,570" step="2"/><U4/><E35/><V93/><AGARI ba="0,1" hai="9,15,19,78,83,84,93,94,95,101,102" m="14519" machi="93" ten="30,4000,0" yaku="8,1,52,2" doraHai="13" who="2" fromWho="2" sc="136,-10,177,-10,107,50,570,-20" owari="126,-37.0,167,-3.0,157,-24.0,550,64.0" /></mjloggm>