<mjloggm ver="2.3"><GO type="169" lobby="0"/><UN n0="%74%65%61%6D%2D%65%78" n1="%E3%83%8E%E3%82%AA%E3%83%81%E3%83%A3%E3%83%99%E3%82%B9" n2="%52%45%49%4E%E6%A3%AE%E4%B9%85%E4%BF%9D%50" n3="%E4%B8%83%E3%83%84%E6%98%9F%E3%83%9B%E3%82%AF%E3%82%B5%E3%82%A4" dan="16,16,16,17" rate="2178.22,2113.61,2134.43,2193.58" sx="M,M,M,M"/><TAIKYOKU oya="0"/><INIT seed="0,0,0,5,1,22" ten="250,250,250,250" oya="0" hai0="44,107,100,0,51,27,34,4,94,65,8,42,37" hai1="96,134,130,13,109,36,20,1,91,49,77,10,60" hai2="28,98,35,113,5,97,38,14,84,119,92,76,118" hai3="111,39,64,46,18,123,89,23,127,25,57,11,79"/><T56/><D107/><U33/><E36/><V82/><F38/><W101/><G111/><T90/><D100/><U110/><E77/><V102/><F14/><W19/><G127/><T117/><D117/><N who="2" m="44554" /><F5/><W87/><G123/><T26/><D34/><U122/><E49/><V12/><F12/><W105/><G79/><T48/><D37/><U93/><E33/><V74/><F28/><W54/><G101/><T103/><D103/><U99/><E134/><V125/><F35/><W71/><G105/><T112/><D112/><U29/><E130/><V121/><F121/><W41/><G11/><T30/><D30/><U135/><E135/><V45/><F45/><W55/><G18/><T133/><D133/><U2/><E122/><V73/><F113/><W61/><REACH who="3" step="1"/><G71/><REACH who="3" ten="250,250,250,240" step="2"/><T106/><D106/><U3/><E110/><V63/><F125/><W80/><AGARI ba="0,1" hai="19,23,25,39,41,46,54,55,57,61,64,80,87,89" machi="80" ten="20,8000,1" yaku="1,1,2,1,0,1,7,1,52,1,53,0" doraHai="22" doraHaiUra="116" who="3" fromWho="3" sc="250,-40,250,-20,250,-20,240,90" /><INIT seed="1,0,0,5,1,32" ten="210,230,230,330" oya="1" hai0="94,75,8,84,73,124,128,37,133,40,22,4,93" hai1="48,119,81,28,135,88,0,3,43,35,125,7,106" hai2="78,77,112,123,110,14,51,71,38,83,64,9,67" hai3="58,60,130,65,54,33,114,69,29,76,108,122,104"/><U131/><E106/><V42/><F38/><W10/><G114/><T66/><D128/><U121/><E119/><V95/><F123/><W102/><G122/><T24/><D133/><U132/><E121/><V44/><F110/><W105/><G108/><T89/><D124/><U99/><E7/><V98/><F112/><W56/><G130/><T74/><D66/><U101/><E131/><V50/><F50/><W82/><G102/><T111/><D111/><U118/><E118/><V5/><F77/><W31/><G69/><T39/><D93/><U12/><E12/><V116/><F71/><W41/><G33/><T59/><D59/><U86/><E125/><V79/><F79/><W23/><G41/><T72/><N who="0" m="18432" /><DORA hai="26" /><T36/><D40/><U96/><E28/><V55/><F55/><W49/><G10/><T16/><REACH who="0" step="1"/><D39/><REACH who="0" ten="200,230,230,330" step="2"/><U115/><E115/><V97/><F116/><W113/><G113/><T87/><D87/><U70/><E70/><V25/><F98/><W80/><G105/><T63/><D63/><U100/><E99/><V68/><F68/><W15/><G104/><T17/><D17/><U127/><E127/><V21/><F97/><W11/><G80/><T85/><D85/><U103/><E96/><V109/><F95/><W129/><G129/><T46/><D46/><N who="1" m="25695" /><E35/><V61/><F61/><W92/><G92/><T57/><D57/><U13/><E135/><V6/><F109/><W19/><G82/><T34/><D34/><U120/><E132/><V134/><F134/><W1/><G76/><T20/><D20/><U27/><E120/><V45/><F78/><RYUUKYOKU ba="0,1" sc="200,15,230,-15,230,-15,330,15" hai0="4,8,16,22,24,36,37,84,89,94" hai3="1,11,15,19,23,29,31,49,54,56,58,60,65" /><INIT seed="2,1,1,2,4,122" ten="215,215,215,345" oya="2" hai0="68,125,3,39,108,37,109,27,10,67,6,88,133" hai1="18,83,50,119,2,128,115,124,63,52,130,49,111" hai2="104,8,17,47,76,110,65,113,15,41,71,34,95" hai3="56,61,87,0,58,73,112,84,26,20,31,127,126"/><V75/><F104/><W100/><G73/><T94/><D133/><U86/><E115/><V4/><F34/><W101/><G0/><T97/><D125/><N who="3" m="47625" /><G112/><T116/><D116/><U13/><E2/><V64/><F113/><W19/><G56/><T93/><D27/><U22/><E119/><V30/><F30/><W135/><G135/><T114/><D114/><U38/><E38/><V46/><F76/><W99/><G19/><T103/><D67/><U92/><E92/><V51/><F75/><W131/><G131/><N who="1" m="50218" /><E124/><V74/><F74/><W85/><G99/><T120/><D68/><U43/><E43/><V12/><F71/><W102/><G85/><N who="0" m="52367" /><D120/><U90/><E111/><AGARI ba="1,1" hai="3,6,10,37,39,94,97,103,108,109,111" m="52367" machi="111" ten="30,8000,1" yaku="14,1,52,3,54,1" doraHai="122" who="0" fromWho="1" sc="215,93,215,-83,215,0,345,0" /><INIT seed="3,0,0,4,0,20" ten="308,132,215,345" oya="3" hai0="112,97,42,12,71,126,127,18,31,94,114,134,130" hai1="33,120,118,10,117,76,72,9,44,53,128,105,47" hai2="95,106,107,56,122,41,23,67,116,87,52,13,78" hai3="15,0,46,132,75,30,2,29,66,108,111,80,4"/><W77/><G66/><T27/><D71/><U98/><E120/><V93/><F122/><W51/><G132/><T110/><D42/><U37/><E128/><V83/><F116/><W84/><G75/><T101/><D110/><N who="3" m="42025" /><G15/><T5/><D5/><U6/><E10/><V135/><F135/><W90/><G90/><T60/><D60/><U7/><E7/><V73/><F41/><N who="3" m="25039" /><G4/><T58/><D58/><U21/><E76/><V49/><F67/><W86/><G84/><T65/><D65/><U124/><E72/><V74/><F74/><W26/><G30/><T28/><D28/><U63/><E6/><V119/><F119/><W25/><G29/><T17/><D130/><U125/><E37/><V22/><F22/><W104/><G104/><T133/><D12/><U55/><E21/><V50/><F50/><W103/><G103/><T61/><D133/><U129/><E9/><V85/><F95/><W68/><G68/><T70/><D134/><U131/><E105/><V91/><F73/><W57/><G57/><T1/><D70/><U45/><E45/><V100/><F100/><W102/><G102/><T89/><D101/><U54/><E54/><V8/><F8/><W62/><G62/><T43/><D61/><U36/><E36/><V79/><F79/><W32/><G32/><N who="0" m="20607" /><D43/><U88/><E63/><V34/><F34/><W109/><N who="3" m="42033" /><W82/><DORA hai="81" /><G80/><T24/><D89/><U64/><E88/><V48/><F48/><W92/><G92/><T39/><D94/><U69/><E33/><V3/><F3/><AGARI ba="0,0" hai="0,2,3,25,26,77,82,86" m="25039,42033" machi="3" ten="40,12000,1" yaku="14,1,10,1,52,3" doraHai="20,81" who="3" fromWho="2" sc="308,0,132,0,215,-120,345,120" /><INIT seed="3,1,0,2,3,37" ten="308,132,95,465" oya="3" hai0="91,68,0,72,54,65,92,95,112,36,110,26,84" hai1="118,135,6,113,94,70,86,132,85,38,114,128,119" hai2="125,57,33,15,97,23,75,9,109,131,48,16,61" hai3="126,25,77,55,29,40,20,130,129,44,100,88,87"/><W93/><G126/><T69/><D72/><U71/><E38/><V34/><F109/><W116/><G116/><N who="1" m="44586" /><E6/><V105/><F75/><W98/><G77/><T27/><D0/><U5/><E5/><V124/><F131/><N who="3" m="50187" /><G55/><T58/><D110/><U31/><E31/><V64/><F48/><N who="3" m="26631" /><G87/><N who="1" m="33290" /><E128/><V19/><F105/><W18/><G29/><T82/><D36/><U78/><E94/><V120/><F120/><W134/><G134/><N who="1" m="51242" /><E78/><V53/><F64/><W106/><G106/><T115/><D65/><U50/><E50/><V96/><F33/><W117/><G117/><T39/><D39/><U101/><E101/><AGARI ba="1,0" hai="18,20,25,88,93,98,100,101" m="26631,50187" machi="101" ten="30,5800,0" yaku="19,1,52,1,54,1" doraHai="37" who="3" fromWho="1" sc="308,0,132,-61,95,0,465,61" /><INIT seed="3,2,0,3,2,92" ten="308,71,95,526" oya="3" hai0="44,29,28,73,42,41,106,87,78,54,95,76,32" hai1="69,60,56,40,134,6,122,35,102,111,120,132,90" hai2="70,96,68,88,119,116,11,53,64,101,67,133,27" hai3="2,25,99,26,117,130,58,85,98,103,129,20,113"/><W97/><G117/><T126/><D106/><U22/><E35/><V121/><F121/><W8/><G113/><T105/><D105/><U82/><E6/><V31/><F133/><N who="1" m="51305" /><E22/><V3/><F53/><W57/><G103/><T0/><D0/><U55/><E102/><V39/><F39/><W45/><G85/><T37/><D126/><U59/><E90/><V47/><F47/><W86/><G86/><T10/><D73/><U17/><E17/><V24/><F3/><W71/><G45/><T46/><D54/><N who="1" m="33815" /><E82/><V89/><F11/><W36/><G36/><T33/><D10/><U109/><E69/><V14/><F101/><W83/><G71/><T110/><D33/><U48/><E40/><V115/><F14/><W128/><G83/><T112/><D32/><U77/><E77/><V79/><F79/><W100/><G100/><T81/><D95/><U127/><E127/><V18/><F18/><N who="3" m="12439" /><G26/><T21/><D87/><U7/><E7/><AGARI ba="2,0" hai="2,7,8,57,58,97,98,99,128,129,130" m="12439" machi="7" ten="40,12000,1" yaku="19,1,52,3" doraHai="92" who="3" fromWho="1" sc="308,0,71,-126,95,0,526,126" owari="308,11.0,-55,-56.0,95,-30.0,652,75.0" /></mjloggm>