<mjloggm ver="2.3"><GO type="169" lobby="0"/><UN n0="%4C%4F%4E" n1="%44%61%73%75%6B%65" n2="%4E%6F%6D%65%72%63%79" n3="%E3%83%94%E3%83%A8%E3%81%A3%E3%81%99" dan="16,16,16,17" rate="2114.43,2104.02,2162.06,2159.77" sx="M,M,F,M"/><TAIKYOKU oya="0"/><INIT seed="0,0,0,3,4,16" ten="250,250,250,250" oya="0" hai0="72,26,12,124,6,47,121,10,23,65,98,73,64" hai1="112,120,108,99,18,51,20,24,75,53,110,48,31" hai2="89,42,83,39,50,103,129,9,68,19,122,126,22" hai3="15,76,62,78,37,0,38,70,127,106,1,104,40"/><T58/><D121/><U17/><E120/><V134/><F122/><W109/><G15/><T95/><D124/><U94/><E75/><V119/><F126/><W49/><G127/><T74/><D47/><U113/><E31/><V105/><F68/><W14/><G14/><T45/><D45/><U118/><E118/><V28/><F39/><W52/><G49/><T90/><REACH who="0" step="1"/><D58/><REACH who="0" ten="240,250,250,250" step="2"/><U135/><E113/><V81/><F119/><W34/><G70/><T60/><D60/><U84/><E112/><V2/><F129/><W43/><G62/><T123/><D123/><U133/><E135/><V80/><F134/><W100/><G37/><T91/><D91/><U130/><E133/><V77/><F89/><W61/><G38/><T115/><D115/><U57/><E130/><V4/><F77/><W11/><G61/><T111/><D111/><U13/><E51/><V32/><F50/><W93/><G109/><T85/><D85/><U29/><E84/><V21/><F42/><W36/><G36/><T116/><D116/><U71/><E71/><V56/><F56/><W25/><G40/><T55/><D55/><U87/><E87/><V44/><F44/><W131/><G52/><T59/><D59/><U96/><E110/><V97/><REACH who="2" step="1"/><F19/><AGARI ba="0,1" hai="6,10,12,19,23,26,64,65,72,73,74,90,95,98" machi="19" ten="40,7700,0" yaku="1,1,52,1,53,1" doraHai="16" doraHaiUra="7" who="0" fromWho="2" sc="240,87,250,0,250,-77,250,0" /><INIT seed="0,1,0,2,3,120" ten="327,250,173,250" oya="0" hai0="18,94,80,98,16,15,41,114,5,27,125,110,14" hai1="71,40,56,4,67,2,91,60,53,111,95,76,96" hai2="26,57,48,126,63,109,117,127,55,29,89,122,10" hai3="81,134,93,88,115,99,23,65,74,130,6,9,72"/><T68/><D114/><U28/><E28/><V73/><F122/><W62/><G115/><T31/><D68/><U58/><E76/><V116/><F73/><W47/><G130/><T103/><D125/><N who="2" m="47626" /><F89/><W123/><G123/><T135/><D135/><U20/><E40/><V46/><F10/><W87/><G47/><T42/><D110/><U25/><E111/><V85/><F85/><W32/><G23/><N who="0" m="15871" /><D80/><U59/><E2/><V43/><F109/><W17/><G32/><AGARI ba="1,0" hai="26,29,32,43,46,48,55,57,63,116,117" m="47626" machi="32" ten="30,1000,0" yaku="18,1" doraHai="120" who="2" fromWho="3" sc="327,0,250,0,173,13,250,-13" /><INIT seed="1,0,0,2,2,60" ten="327,250,186,237" oya="1" hai0="55,40,86,51,26,42,39,36,30,38,23,85,84" hai1="98,94,100,46,2,27,111,50,89,12,9,80,112" hai2="21,73,0,79,134,57,77,117,15,131,96,95,10" hai3="54,91,32,110,13,8,52,124,53,121,105,7,48"/><U49/><E112/><V68/><F68/><W19/><G121/><T20/><REACH who="0" step="1"/><D20/><REACH who="0" ten="317,250,186,237" step="2"/><U125/><E125/><V5/><F21/><W83/><G124/><T106/><D106/><U82/><E111/><V1/><F117/><W67/><G110/><T29/><D29/><U93/><E2/><V107/><F107/><W75/><G105/><T123/><D123/><U87/><E27/><V18/><F1/><W4/><G32/><T133/><D133/><U102/><E49/><V132/><F132/><W120/><G120/><T14/><D14/><U45/><E45/><AGARI ba="0,1" hai="23,26,30,36,38,39,40,42,45,51,55,84,85,86" machi="45" ten="50,3200,0" yaku="21,2,53,0" doraHai="60" doraHaiUra="101" who="0" fromWho="1" sc="317,42,250,-32,186,0,237,0" /><INIT seed="2,0,0,2,4,131" ten="359,218,186,237" oya="2" hai0="61,44,74,21,68,6,119,52,60,124,10,89,69" hai1="30,112,18,96,2,103,5,41,9,19,32,83,107" hai2="25,14,16,99,86,38,48,4,108,31,90,129,72" hai3="15,80,67,118,104,123,71,66,95,100,128,51,76"/><V40/><F129/><W78/><G118/><T73/><D124/><U87/><E112/><V23/><F72/><W43/><G104/><T105/><D105/><U59/><E41/><V85/><F38/><W79/><G80/><T49/><D119/><U101/><E101/><V84/><F4/><W81/><G81/><T102/><D102/><U117/><E117/><V110/><F40/><W114/><G71/><T57/><D61/><U115/><E115/><V55/><F99/><N who="3" m="59519" /><G123/><T62/><D62/><U33/><E59/><V120/><F90/><W92/><G92/><T53/><D69/><U130/><E130/><V98/><F98/><W135/><G135/><T11/><D68/><U46/><E46/><V125/><F120/><W121/><G121/><T34/><D34/><U42/><E42/><V133/><F125/><W17/><G128/><T93/><D21/><U28/><E33/><V1/><F1/><W20/><G114/><T50/><D60/><U8/><E32/><V134/><F55/><W36/><G36/><T63/><D63/><U45/><E45/><AGARI ba="0,0" hai="15,17,20,43,45,51,66,67,76,78,79" m="59519" machi="45" ten="30,1000,0" yaku="8,1" doraHai="131" who="3" fromWho="1" sc="359,0,218,-10,186,0,237,10" /><INIT seed="3,0,0,1,3,116" ten="359,208,186,247" oya="3" hai0="117,44,55,106,101,91,89,25,5,31,12,56,47" hai1="53,74,108,10,60,132,15,24,66,113,27,85,17" hai2="90,26,21,76,32,100,125,64,102,42,122,112,70" hai3="127,19,84,8,118,14,105,94,96,11,98,33,4"/><W1/><G118/><T107/><D117/><U34/><E74/><V82/><F112/><W99/><G127/><T46/><D101/><U110/><E113/><V128/><F125/><W37/><G37/><T6/><D107/><U43/><E132/><V13/><F42/><W36/><G36/><T29/><D106/><U131/><E131/><V73/><F128/><W45/><G33/><T39/><D39/><U18/><E43/><V40/><F40/><W23/><G45/><T57/><D12/><U87/><E53/><V104/><F13/><W63/><G105/><T50/><D57/><U97/><E97/><V71/><F32/><W16/><G63/><T134/><D29/><U93/><E93/><V9/><F9/><W75/><G75/><T86/><D134/><U120/><E34/><V67/><F122/><W133/><G84/><N who="1" m="32330" /><E120/><V81/><F90/><N who="0" m="34314" /><D86/><U78/><E78/><V119/><F119/><W79/><G79/><T130/><D130/><U109/><E18/><V52/><F104/><W123/><G133/><T72/><D72/><U126/><E126/><V54/><F73/><W28/><G28/><T59/><D59/><AGARI ba="0,0" hai="10,15,17,24,27,59,60,66,108,109,110" m="32330" machi="59" ten="30,1000,0" yaku="14,1" doraHai="116" who="1" fromWho="0" sc="359,-10,208,10,186,0,247,0" /><INIT seed="4,0,0,5,5,73" ten="349,218,186,247" oya="0" hai0="95,97,122,89,87,36,44,31,38,108,16,55,29" hai1="61,65,79,4,64,3,131,0,40,76,94,104,9" hai2="133,116,47,27,92,120,125,2,98,109,62,119,66" hai3="25,24,114,63,50,77,33,52,113,106,127,83,13"/><T111/><D122/><U43/><E104/><V28/><F120/><W26/><G106/><T54/><D87/><U118/><E118/><V110/><F2/><W132/><G132/><T11/><D31/><U30/><E30/><V35/><F133/><W48/><G127/><T18/><D29/><U81/><E131/><V123/><F123/><W112/><G33/><T115/><D115/><U45/><E94/><V105/><F125/><W56/><G13/><N who="0" m="7231" /><D18/><U75/><E79/><V85/><F85/><AGARI ba="0,0" hai="24,25,26,48,50,52,56,63,77,83,85,112,113,114" machi="85" ten="50,6400,0" yaku="15,1,52,1,54,1" doraHai="73" who="3" fromWho="2" sc="349,0,218,0,186,-64,247,64" /><INIT seed="5,0,0,4,3,3" ten="349,218,122,311" oya="1" hai0="111,14,86,103,11,26,98,43,133,77,132,126,134" hai1="30,107,135,29,46,49,41,114,27,55,101,70,94" hai2="19,83,5,71,115,59,39,20,124,50,75,28,79" hai3="90,66,34,21,105,6,15,25,17,117,128,123,92"/><U62/><E114/><V110/><F115/><W72/><G105/><T80/><D111/><U73/><E135/><V4/><F110/><W68/><G72/><T8/><D126/><U7/><E29/><V18/><F124/><W109/><G109/><T97/><D26/><U122/><E122/><V74/><F39/><W91/><G123/><T33/><D33/><U93/><E73/><V112/><F71/><W96/><G128/><T84/><D43/><U54/><E7/><V37/><F37/><W64/><G117/><T82/><D14/><U127/><E127/><V35/><F75/><W0/><G68/><T57/><D57/><U36/><E54/><V24/><F19/><W13/><G13/><T63/><D63/><U118/><E118/><V44/><F59/><W102/><G102/><T119/><D119/><U87/><E87/><V81/><F81/><W42/><G42/><T78/><REACH who="0" step="1"/><D98/><REACH who="0" ten="339,218,122,311" step="2"/><N who="1" m="61879" /><E41/><V88/><F112/><W1/><G34/><T52/><D52/><U69/><E70/><V56/><F56/><W2/><G25/><T16/><D16/><U100/><E62/><V32/><F35/><W99/><G6/><T95/><AGARI ba="0,1" hai="8,11,77,78,80,82,84,86,95,97,103,132,133,134" machi="95" ten="30,7900,0" yaku="1,1,0,1,9,1,20,1,53,0" doraHai="3" doraHaiUra="104" who="0" fromWho="0" sc="339,89,218,-39,122,-20,311,-20" /><INIT seed="6,0,0,1,4,42" ten="428,179,102,291" oya="2" hai0="28,44,97,66,85,106,115,6,18,98,56,130,105" hai1="48,8,68,33,89,122,25,117,11,95,79,10,51" hai2="74,7,37,83,50,126,54,67,19,34,129,93,57" hai3="123,32,35,99,63,22,125,20,27,127,73,120,135"/><V102/><F102/><W60/><BYE who="2" /><G99/><T91/><D115/><U3/><E117/><V59/><F59/><W47/><G47/><T134/><D6/><U110/><E68/><V82/><F82/><W43/><G43/><T15/><D28/><U17/><E110/><V9/><F9/><W84/><G84/><T87/><D134/><U121/><E79/><V53/><F53/><W23/><G73/><T13/><D130/><U107/><E107/><V77/><F77/><W101/><G101/><T0/><D0/><U69/><E69/><V108/><F108/><W45/><G45/><T114/><D56/><U16/><E3/><UN n2="%4E%6F%6D%65%72%63%79" /><V5/><F37/><W103/><G103/><T111/><D44/><U70/><E70/><V2/><F129/><W72/><G72/><T112/><D66/><U36/><E36/><V104/><F104/><W88/><G88/><T4/><D91/><U80/><E80/><V64/><F126/><N who="3" m="48139" /><G27/><T128/><D111/><U116/><E116/><V40/><F40/><W21/><N who="3" m="5120" /><DORA hai="76" /><W132/><G132/><T14/><D98/><U62/><E89/><V86/><F74/><W29/><G29/><T75/><D97/><U118/><E95/><V96/><F96/><W30/><G30/><T119/><D75/><U100/><E118/><V38/><F38/><W133/><G133/><T49/><D119/><U26/><E100/><V24/><F93/><W113/><G113/><T39/><D114/><U71/><E71/><V94/><F94/><W31/><G31/><T131/><D112/><U92/><E92/><V58/><F86/><N who="0" m="32778" /><D131/><U90/><E90/><RYUUKYOKU ba="0,0" sc="428,0,179,0,102,0,291,0" /><INIT seed="7,1,0,2,3,13" ten="428,179,102,291" oya="3" hai0="109,17,128,135,42,18,30,58,90,53,120,34,61" hai1="38,25,82,35,73,55,26,76,7,98,78,50,83" hai2="126,11,2,39,103,107,15,36,6,105,3,74,63" hai3="95,84,70,51,134,19,79,130,20,59,72,1,100"/><W10/><G70/><T115/><D109/><U119/><E38/><V16/><F126/><W108/><G130/><T37/><D120/><U40/><E40/><V47/><F74/><W29/><G108/><T48/><D128/><U46/><E35/><V99/><F107/><W67/><G134/><T31/><D135/><U87/><E119/><V121/><F121/><W56/><G72/><T28/><D37/><U57/><E7/><V96/><F96/><W80/><G29/><T93/><D34/><U132/><E132/><V116/><F116/><W64/><G10/><T41/><D115/><U91/><E98/><V112/><F112/><W125/><G1/><T24/><D24/><U113/><E113/><V127/><F127/><W43/><G59/><T102/><D102/><U9/><E9/><V75/><F75/><W122/><G122/><T49/><D42/><U86/><E57/><V111/><F111/><W89/><G100/><T133/><D133/><U4/><E4/><V69/><F47/><N who="3" m="26111" /><G56/><T104/><D104/><U65/><E65/><V106/><F106/><W81/><G81/><AGARI ba="1,0" hai="25,26,46,50,55,73,76,78,81,82,83,86,87,91" machi="81" ten="30,1000,0" yaku="7,1" doraHai="13" who="1" fromWho="3" sc="428,0,179,13,102,0,291,-13" owari="428,53.0,192,-21.0,102,-40.0,278,8.0" /></mjloggm>