<mjloggm ver="2.3"><GO type="169" lobby="0"/><UN n0="%E3%81%BF%E3%81%A3%E3%81%8D%E3%83%BC" n1="%48%61%63%68%69%6E%61%6C" n2="%67%61%79%75%6E%79" n3="%E5%9B%9B%E5%AE%AE%E7%B4%85%E8%BC%9D" dan="17,16,16,18" rate="2208.46,2037.88,2114.47,2290.16" sx="M,M,M,F"/><TAIKYOKU oya="0"/><INIT seed="0,0,0,4,1,13" ten="250,250,250,250" oya="0" hai0="33,102,82,31,123,42,116,22,129,7,37,57,24" hai1="53,126,75,84,99,17,128,62,9,38,40,111,98" hai2="81,55,70,52,50,88,94,115,0,3,73,60,90" hai3="25,92,35,135,43,119,23,131,11,21,56,104,32"/><T4/><D116/><U41/><E75/><V103/><F115/><W97/><G119/><T61/><D123/><U46/><E111/><V64/><F103/><W85/><G131/><T93/><D129/><U121/><E121/><V112/><F112/><W100/><G135/><T15/><D37/><U95/><E128/><V83/><F55/><W130/><G130/><T134/><D42/><U120/><E120/><V77/><F81/><W71/><G71/><T86/><D134/><U107/><E41/><V124/><F90/><W125/><G125/><T109/><D109/><U106/><E126/><V5/><F5/><W16/><G11/><T54/><D33/><U12/><E84/><V2/><F124/><W105/><G56/><T66/><D15/><U48/><E62/><V14/><F14/><W44/><G21/><T101/><D54/><U117/><E99/><V20/><F20/><W47/><G47/><T96/><D101/><U118/><E118/><V79/><F79/><AGARI ba="0,0" hai="4,7,22,24,31,57,61,66,79,82,86,93,96,102" machi="79" ten="30,11600,0" yaku="7,1,25,2,8,1" doraHai="13" who="0" fromWho="2" sc="250,116,250,0,250,-116,250,0" /><INIT seed="0,1,0,5,0,27" ten="366,250,134,250" oya="0" hai0="78,116,113,56,46,28,18,105,89,58,80,100,51" hai1="83,62,19,115,22,66,49,99,1,9,125,43,90" hai2="34,21,132,97,72,104,67,92,127,118,123,95,50" hai3="3,128,65,60,124,130,131,111,117,52,15,74,39"/><T96/><D113/><U110/><E115/><V108/><F34/><W13/><G3/><T102/><D116/><U42/><E110/><V91/><F108/><W71/><G111/><T0/><D0/><U4/><E125/><V98/><F123/><W12/><G117/><T23/><D89/><U48/><E43/><V81/><F118/><W133/><G124/><T24/><D100/><U84/><E99/><V121/><F121/><W2/><G2/><T30/><D56/><U82/><E82/><V134/><F127/><W40/><G74/><T16/><D58/><U79/><E42/><V37/><F37/><W5/><G133/><N who="2" m="51305" /><F104/><W85/><G85/><T17/><D28/><U86/><E86/><V6/><F6/><W26/><G26/><T14/><D14/><U135/><E79/><N who="2" m="44263" /><F21/><W31/><G5/><T76/><REACH who="0" step="1"/><D80/><REACH who="0" ten="356,250,134,250" step="2"/><U25/><REACH who="1" step="1"/><E135/><REACH who="1" ten="356,240,134,250" step="2"/><V68/><F68/><AGARI ba="1,2" hai="1,4,9,19,22,25,48,49,62,66,68,83,84,90" machi="68" ten="30,3900,0" yaku="1,1,2,1,7,1,53,0" doraHai="27" doraHaiUra="129" who="1" fromWho="2" sc="356,0,240,62,134,-42,250,0" /><INIT seed="1,0,0,5,4,78" ten="356,302,92,250" oya="1" hai0="128,85,16,67,88,121,42,57,49,9,71,103,73" hai1="17,7,104,70,21,112,98,94,119,97,114,118,81" hai2="90,40,86,1,3,66,117,134,60,109,93,23,116" hai3="120,37,82,15,33,20,132,13,115,46,84,68,77"/><U107/><E70/><V41/><F134/><W111/><G111/><T2/><D73/><U65/><E65/><V74/><F109/><W51/><G120/><T99/><D128/><U38/><E38/><V61/><F74/><W35/><G115/><N who="1" m="44074" /><E7/><V113/><F113/><W72/><G132/><T125/><D71/><U64/><E21/><V45/><F23/><W32/><G37/><T43/><D121/><U26/><E17/><V101/><F101/><W126/><G126/><T5/><D125/><U30/><E26/><V10/><F10/><W48/><G68/><T25/><D49/><U127/><E30/><V92/><F86/><W89/><G20/><T19/><D25/><U122/><E64/><V18/><F90/><W6/><G6/><T133/><D133/><U100/><E127/><V63/><F63/><W55/><REACH who="3" step="1"/><G51/><REACH who="3" ten="356,302,92,240" step="2"/><T56/><D5/><U29/><E122/><V31/><F66/><W135/><G135/><T108/><D67/><U83/><E29/><V12/><F31/><W58/><G58/><T54/><D56/><U62/><E62/><V53/><F45/><W39/><G39/><T8/><D57/><U34/><E34/><V105/><F53/><W47/><G47/><T52/><D54/><U4/><E4/><V87/><F60/><W129/><G129/><T24/><D52/><U44/><E44/><V96/><F61/><W130/><G130/><T0/><D108/><U14/><E14/><V75/><F12/><W91/><G91/><T36/><D36/><U22/><E22/><V27/><F27/><W79/><G79/><T50/><D24/><RYUUKYOKU ba="0,1" sc="356,-10,302,-10,92,-10,240,30" hai3="13,15,32,33,35,46,48,55,72,77,82,84,89" /><INIT seed="2,1,1,2,2,2" ten="346,292,82,270" oya="2" hai0="75,56,90,85,41,63,130,104,102,16,4,133,80" hai1="97,37,58,99,26,106,21,34,89,126,84,28,96" hai2="42,103,69,129,109,135,15,0,81,47,45,93,9" hai3="116,83,18,31,132,101,27,35,119,8,117,121,87"/><V115/><F115/><W59/><G121/><T12/><D133/><U1/><E37/><V23/><F135/><W65/><G132/><T107/><D75/><U120/><E120/><V122/><F122/><W82/><G101/><T33/><D33/><U61/><E126/><V52/><F69/><W43/><G43/><T118/><D41/><U20/><E1/><V123/><F123/><W68/><G68/><T66/><D130/><U98/><N who="1" m="24576" /><DORA hai="3" /><U50/><E50/><V46/><F129/><W105/><G105/><T32/><D102/><U57/><E106/><V55/><F0/><W6/><G18/><T127/><D127/><U74/><E74/><V62/><F103/><W29/><G29/><T88/><D32/><U71/><E58/><V113/><F93/><W39/><G39/><T67/><D118/><U53/><REACH who="1" step="1"/><E71/><REACH who="1" ten="346,282,82,270" step="2"/><V49/><F113/><W112/><G112/><T11/><D104/><U95/><AGARI ba="1,2" hai="20,21,26,28,34,53,57,61,84,89,95" m="24576" machi="95" ten="40,12000,2" yaku="1,1,2,1,0,1,53,4" doraHai="2,3" doraHaiUra="76,94" who="1" fromWho="1" sc="346,-31,282,143,82,-61,270,-31" /><INIT seed="3,0,0,2,0,119" ten="315,425,21,239" oya="3" hai0="5,53,135,32,14,38,117,6,48,11,8,82,61" hai1="22,3,127,36,52,116,17,7,18,19,28,98,89" hai2="10,40,60,77,31,21,85,74,41,71,125,65,91" hai3="57,109,42,134,112,129,23,46,24,96,84,80,69"/><W4/><G112/><T92/><D117/><U120/><E36/><V59/><F125/><W83/><G69/><T121/><D38/><U63/><E127/><V95/><F10/><W33/><G129/><T72/><D32/><U114/><E114/><V131/><F131/><W124/><G124/><T37/><D37/><U81/><E116/><V15/><F71/><W25/><G134/><T58/><D135/><U75/><E120/><V97/><F74/><W115/><G115/><T67/><D121/><U118/><E118/><V123/><F123/><W26/><G109/><T29/><D29/><U2/><E75/><V93/><F77/><W87/><G33/><T27/><D27/><U132/><E132/><V54/><F54/><W12/><G96/><T103/><D82/><N who="3" m="31273" /><G57/><T108/><D72/><U113/><E113/><V39/><F39/><W68/><G68/><T86/><D108/><U73/><E73/><V43/><F15/><W9/><G23/><T0/><D86/><N who="1" m="50383" /><E3/><V133/><F133/><W70/><G70/><T88/><D103/><U35/><E35/><V104/><F104/><W101/><G101/><T94/><D88/><U64/><E2/><V106/><F106/><W49/><AGARI ba="0,0" hai="4,9,12,24,25,26,42,46,49,84,87" m="31273" machi="49" ten="30,1500,0" yaku="8,1" doraHai="119" who="3" fromWho="3" sc="315,-5,425,-5,21,-5,239,15" /><INIT seed="3,1,0,3,1,32" ten="310,420,16,254" oya="3" hai0="0,79,52,29,123,95,18,98,75,126,106,81,127" hai1="63,114,53,115,110,1,25,120,58,65,116,15,71" hai2="42,61,26,89,102,117,43,3,111,66,27,129,93" hai3="37,73,11,12,103,112,30,82,39,90,35,109,68"/><W54/><G112/><N who="1" m="43050" /><E15/><V69/><F117/><W107/><G68/><T96/><D123/><U64/><E25/><V84/><F111/><W97/><G109/><T118/><D118/><U128/><E1/><V19/><F129/><W121/><G121/><T70/><D70/><U67/><E120/><V80/><F3/><W105/><G105/><T21/><D29/><U23/><E23/><V104/><F104/><W60/><G30/><T88/><D0/><U5/><E5/><V14/><F43/><W46/><G35/><T125/><D52/><N who="1" m="34247" /><E110/><V6/><F42/><W44/><G73/><T38/><D38/><U50/><E116/><V132/><F132/><W101/><G101/><N who="0" m="62759" /><D21/><U49/><E128/><V10/><F102/><W72/><G72/><N who="0" m="43239" /><D18/><U51/><E71/><V56/><F69/><W119/><G119/><T47/><D47/><AGARI ba="1,0" hai="47,49,50,51,53,64,65,67" m="34247,43050" machi="47" ten="30,3900,0" yaku="34,2,54,1" doraHai="32" who="1" fromWho="0" sc="310,-42,420,42,16,0,254,0" /><INIT seed="4,0,0,5,4,82" ten="268,462,16,254" oya="0" hai0="121,134,5,18,62,4,131,21,132,128,53,106,58" hai1="17,60,16,83,35,120,1,69,64,133,79,38,29" hai2="37,76,39,54,108,66,2,8,129,90,65,25,71" hai3="123,50,80,104,72,110,24,100,111,135,44,59,97"/><T11/><D106/><U43/><E120/><V130/><F108/><W88/><G123/><T109/><D121/><U15/><E1/><V48/><F76/><N who="3" m="44039" /><G59/><T10/><D109/><N who="3" m="41481" /><G24/><N who="0" m="14391" /><D53/><U87/><E133/><N who="0" m="51305" /><D62/><U13/><E35/><V85/><F25/><W57/><G57/><T124/><D124/><U105/><E105/><V31/><F31/><W68/><G50/><T125/><D125/><U34/><E34/><V47/><F37/><W7/><G44/><T101/><D101/><U52/><E29/><V6/><F39/><W33/><G7/><N who="0" m="2635" /><D58/><U116/><E52/><V73/><F73/><W28/><G68/><T126/><D126/><U117/><E69/><V26/><F71/><W95/><G135/><T96/><D96/><U22/><E60/><V98/><F98/><N who="3" m="61463" /><G28/><T93/><D93/><U77/><E64/><V122/><F122/><W81/><G33/><T56/><D56/><U27/><E43/><V119/><F65/><W20/><G20/><T89/><D89/><U46/><E46/><V3/><F66/><W113/><G81/><T9/><AGARI ba="0,0" hai="9,10,11,128,131" m="2635,51305,14391" machi="9" ten="40,7800,0" yaku="20,1,34,2" doraHai="82" who="0" fromWho="0" sc="268,78,462,-26,16,-26,254,-26" owari="346,15.0,436,53.0,-10,-51.0,228,-17.0" /></mjloggm>