<mjloggm ver="2.3"><GO type="169" lobby="0"/><UN n0="%E5%8D%83%E7%BE%BD%E9%B4%89" n1="%E3%81%BF%E3%81%8B%E3%82%82%E3%82%81" n2="%E4%B8%AD%E5%B7%9D%E5%86%85%E9%9B%AA%E9%9F%B3" n3="%E3%81%8F%E3%81%86%E3%81%9F%E3%82%8D" dan="17,17,16,17" rate="2213.32,2197.36,2132.33,2161.17" sx="F,M,F,M"/><TAIKYOKU oya="0"/><INIT seed="0,0,0,3,0,4" ten="250,250,250,250" oya="0" hai0="52,35,130,94,129,96,134,5,63,80,103,56,50" hai1="70,55,15,49,12,118,64,85,105,93,6,30,58" hai2="8,61,13,25,59,16,125,78,98,36,1,22,57" hai3="114,112,77,2,40,51,9,110,21,66,11,108,109"/><T24/><D134/><U92/><E105/><V99/><F125/><W84/><G2/><T62/><D5/><U37/><E118/><V97/><F36/><W131/><G66/><T120/><D120/><U3/><E37/><V88/><F78/><W76/><G131/><N who="0" m="50187" /><D80/><U38/><E38/><V29/><F1/><W47/><G21/><T90/><D103/><U43/><E43/><V34/><F59/><W65/><G65/><T123/><D123/><U104/><E104/><V133/><F133/><W113/><REACH who="3" step="1"/><G84/><REACH who="3" ten="250,250,250,240" step="2"/><T100/><D100/><U115/><E64/><N who="2" m="38959" /><F34/><W75/><G75/><T19/><D35/><U119/><E85/><V69/><F69/><W124/><G124/><T71/><D71/><U7/><E70/><V106/><F106/><W116/><G116/><T79/><D79/><AGARI ba="0,1" hai="9,11,40,47,51,76,77,79,108,109,110,112,113,114" machi="79" ten="50,8000,1" yaku="1,1,14,1,52,2,53,0" doraHai="4" doraHaiUra="10" who="3" fromWho="0" sc="250,-80,250,0,250,0,240,90" /><INIT seed="1,0,0,0,4,59" ten="170,250,250,330" oya="1" hai0="105,116,16,130,133,101,129,75,102,86,120,78,11" hai1="25,69,117,77,123,95,87,47,113,18,61,66,38" hai2="128,114,20,94,13,91,23,6,67,110,135,115,50" hai3="96,29,43,36,39,56,90,104,17,27,31,103,4"/><U89/><E113/><V45/><F110/><W2/><G31/><T93/><D116/><U12/><E117/><V70/><F135/><W5/><G17/><T68/><D68/><U33/><E123/><V64/><F128/><N who="0" m="49258" /><D133/><U53/><E77/><V46/><F6/><W42/><G42/><T8/><D105/><U34/><E25/><V10/><F115/><W88/><G5/><T51/><D75/><U81/><E95/><V79/><F79/><W35/><G56/><T125/><D125/><U92/><E92/><V21/><F114/><W132/><G132/><T54/><D120/><U52/><E38/><V62/><F67/><W65/><G65/><T84/><D11/><N who="1" m="6431" /><E53/><V60/><F64/><W106/><G106/><T49/><D78/><U22/><E22/><V119/><F70/><W55/><G55/><T74/><D74/><U111/><E111/><V63/><F119/><W48/><G39/><T15/><D101/><U73/><E73/><V41/><F10/><W26/><G26/><T44/><D49/><AGARI ba="0,0" hai="33,34,47,49,52,61,66,69,81,87,89" m="6431" machi="49" ten="30,5800,0" yaku="25,1,52,1,54,1" doraHai="59" who="1" fromWho="0" sc="170,-58,250,58,250,0,330,0" /><INIT seed="1,1,0,2,0,118" ten="112,308,250,330" oya="1" hai0="25,36,13,128,96,29,10,40,132,111,105,72,82" hai1="89,76,74,66,46,31,85,53,28,7,18,106,90" hai2="37,92,58,8,110,0,24,19,51,81,79,95,112" hai3="48,133,117,119,123,56,17,14,45,41,9,73,97"/><U108/><E106/><V50/><F37/><W44/><G73/><T47/><D111/><U15/><E7/><V70/><F70/><W134/><G56/><T63/><D128/><U120/><E74/><V71/><F71/><W78/><G78/><T84/><D132/><N who="3" m="50793" /><G123/><T83/><D72/><U121/><E66/><V65/><F110/><W32/><G32/><T59/><D84/><U12/><E76/><V3/><F112/><W22/><G97/><T94/><D105/><U87/><E108/><V80/><F58/><W49/><G22/><T2/><D2/><U116/><E53/><AGARI ba="1,0" hai="9,14,17,41,44,45,48,49,53,117,119" m="50793" machi="53" ten="30,1000,0" yaku="20,1" doraHai="118" who="3" fromWho="1" sc="112,0,308,-13,250,0,330,13" /><INIT seed="2,0,0,3,3,47" ten="112,295,250,343" oya="2" hai0="52,128,106,94,46,31,131,88,71,116,37,90,60" hai1="3,82,83,35,66,56,26,13,69,40,79,39,22" hai2="108,18,16,15,19,20,67,36,77,97,27,104,134" hai3="87,41,123,38,21,81,118,24,115,103,98,23,57"/><V109/><F36/><W85/><G118/><T33/><D116/><U113/><E3/><V68/><F77/><W100/><G123/><T110/><D110/><N who="2" m="42602" /><F134/><W63/><G115/><T2/><D2/><U44/><E69/><V122/><F122/><W11/><G11/><T95/><D106/><U34/><E113/><V64/><F68/><W86/><G41/><T45/><D33/><U101/><E101/><N who="3" m="38986" /><G98/><N who="0" m="57671" /><D37/><U50/><E13/><V126/><F126/><W55/><G38/><T14/><D71/><U112/><E112/><V1/><F1/><W32/><G32/><T111/><D111/><U92/><E92/><V125/><F125/><W105/><G105/><T10/><D31/><U7/><E7/><V70/><F104/><W43/><G43/><T58/><D128/><U133/><E83/><V25/><F97/><W120/><G120/><T96/><D131/><U9/><E9/><N who="2" m="6255" /><F70/><W117/><G117/><T53/><D53/><U124/><E124/><V48/><F48/><W72/><G72/><T17/><AGARI ba="0,0" hai="10,14,17,45,46,52,58,60,90,95,96" m="57671" machi="17" ten="30,4000,0" yaku="8,1,54,2" doraHai="47" who="0" fromWho="0" sc="112,40,295,-10,250,-20,343,-10" /><INIT seed="3,0,0,1,0,132" ten="152,285,230,333" oya="3" hai0="30,77,51,127,82,34,52,38,54,124,25,59,102" hai1="62,103,91,105,68,64,72,125,78,74,87,118,95" hai2="75,42,46,8,88,17,117,40,22,99,0,110,79" hai3="133,86,94,93,112,48,5,76,108,9,111,60,55"/><W26/><G112/><T122/><D122/><U39/><E39/><V10/><F117/><W115/><G115/><T104/><D38/><U130/><E118/><V106/><F110/><N who="3" m="42027" /><G60/><T28/><D28/><U70/><E130/><V3/><F3/><N who="3" m="191" /><G26/><T16/><D16/><U19/><E70/><V80/><F0/><W131/><G133/><T27/><D27/><U121/><E121/><V61/><F61/><W47/><G131/><T12/><D12/><U57/><E68/><V134/><F134/><W100/><G100/><T58/><D102/><U97/><E125/><N who="0" m="48201" /><D104/><U128/><E128/><V31/><F106/><W101/><G101/><T81/><D77/><U36/><E36/><V20/><F31/><W96/><G96/><T135/><D135/><U1/><E1/><V6/><F6/><W43/><G43/><T24/><D24/><U18/><E74/><V15/><F42/><W11/><G11/><T21/><D34/><U123/><E123/><V32/><F32/><W126/><G126/><T84/><D84/><U69/><E69/><V92/><REACH who="2" step="1"/><F8/><REACH who="2" ten="152,285,220,333" step="2"/><W66/><G76/><T45/><D45/><U44/><E44/><V4/><F4/><W98/><G47/><T107/><D107/><U29/><E29/><V7/><F7/><W83/><G98/><T63/><AGARI ba="0,1" hai="21,25,30,51,52,54,58,59,63,81,82" m="48201" machi="63" ten="30,8000,1" yaku="18,1,52,3,54,1" doraHai="132" who="0" fromWho="0" sc="152,90,285,-20,220,-20,333,-40" /><INIT seed="4,0,0,4,3,28" ten="242,265,200,293" oya="0" hai0="75,92,119,29,50,95,107,40,21,6,24,19,109" hai1="17,112,31,97,44,123,114,79,111,9,57,48,68" hai2="115,58,59,69,38,117,12,103,5,77,61,99,15" hai3="90,130,7,85,35,63,54,49,71,16,3,25,118"/><T131/><D119/><U2/><E111/><V47/><F117/><W120/><G118/><T56/><D109/><U84/><E68/><V34/><F115/><N who="1" m="44073" /><E123/><V27/><F77/><W133/><G7/><T70/><D70/><U128/><E97/><V8/><F15/><W89/><G3/><T55/><D131/><U33/><E57/><V60/><F38/><W87/><G133/><T108/><D108/><U106/><E106/><V93/><F47/><W43/><G43/><T134/><D134/><U88/><E79/><V23/><F69/><W98/><G98/><T20/><D107/><U22/><E9/><V45/><F34/><W135/><G130/><T74/><D6/><U11/><E11/><V73/><F73/><W64/><G90/><T14/><REACH who="0" step="1"/><D40/><REACH who="0" ten="232,265,200,293" step="2"/><U96/><E128/><V82/><F5/><W13/><G135/><T51/><D51/><U127/><E48/><V86/><F61/><W121/><G121/><T83/><D83/><U104/><E104/><V94/><F82/><W0/><G120/><T10/><D10/><U67/><E2/><V39/><F60/><W129/><G0/><T122/><D122/><U81/><E81/><V53/><F8/><N who="3" m="6183" /><G129/><T101/><D101/><U113/><E113/><V116/><F116/><W110/><G110/><T72/><AGARI ba="0,1" hai="14,19,20,21,24,29,50,55,56,72,74,75,92,95" machi="72" ten="30,3000,0" yaku="1,1,0,1,53,0" doraHai="28" doraHaiUra="124" who="0" fromWho="0" sc="232,40,265,-10,200,-10,293,-10" /><INIT seed="4,1,0,5,5,110" ten="272,255,190,283" oya="0" hai0="100,6,69,67,12,82,52,78,90,135,121,38,29" hai1="96,34,48,112,7,4,127,118,123,81,72,107,131" hai2="17,45,36,51,79,133,13,88,124,89,10,99,60" hai3="70,40,32,54,105,113,73,92,37,50,25,14,16"/><T35/><D38/><U21/><E21/><V9/><F133/><W27/><G105/><T15/><D121/><U22/><E22/><V46/><F124/><W108/><G108/><T39/><D39/><U23/><E23/><V119/><F119/><W98/><G73/><T122/><D135/><U43/><E34/><V75/><F9/><W42/><G70/><T0/><D100/><U68/><E48/><V102/><F60/><W57/><G113/><T65/><D90/><U74/><E43/><N who="3" m="16426" /><G32/><T58/><D69/><U64/><E68/><V61/><F36/><W19/><G37/><T120/><D0/><U116/><E81/><V109/><F109/><W87/><G87/><T106/><D106/><U130/><E64/><V94/><F61/><W55/><G55/><T41/><D41/><U18/><E18/><N who="3" m="6698" /><G14/><T128/><D120/><U77/><E107/><V30/><F75/><W84/><G84/><T2/><D65/><U47/><E123/><V59/><F46/><W76/><G76/><T63/><D67/><U134/><E47/><V28/><F79/><W83/><G83/><T44/><D44/><U114/><E77/><V86/><F45/><W129/><G129/><T66/><D128/><U91/><E134/><V53/><REACH who="2" step="1"/><F89/><AGARI ba="1,0" hai="25,27,50,54,57,89,92,98" m="6698,16426" machi="89" ten="30,2000,0" yaku="8,1,54,1" doraHai="110" who="3" fromWho="2" sc="272,0,255,0,190,-23,283,23" /><INIT seed="5,0,0,1,1,29" ten="272,255,167,306" oya="1" hai0="94,17,80,116,112,18,133,91,109,60,40,34,3" hai1="22,4,63,100,85,108,77,73,82,41,46,31,12" hai2="93,119,81,130,43,99,55,88,1,90,0,25,57" hai3="21,123,129,131,111,65,45,67,104,39,23,2,51"/><U38/><E108/><V71/><F119/><W59/><G104/><T72/><D109/><U115/><E115/><V5/><F71/><W11/><G111/><T98/><D116/><U106/><E63/><V87/><F130/><N who="3" m="49675" /><G123/><T120/><D3/><U92/><E31/><V14/><F43/><N who="3" m="25023" /><G39/><T33/><D40/><U89/><E22/><N who="3" m="8202" /><G59/><T54/><D120/><U56/><E56/><V36/><F36/><W103/><G103/><T61/><D112/><U135/><E135/><V24/><F14/><W86/><G86/><T78/><D133/><U53/><E53/><V15/><F1/><W122/><G122/><T117/><D117/><U96/><E12/><V64/><F64/><W132/><G132/><T118/><D118/><U62/><E62/><N who="2" m="36159" /><F0/><W26/><G26/><T9/><D60/><U83/><REACH who="1" step="1"/><E4/><AGARI ba="0,0" hai="2,4,11,65,67" m="8202,25023,49675" machi="4" ten="30,1000,0" yaku="19,1" doraHai="29" who="3" fromWho="1" sc="272,0,255,-10,167,0,306,10" /><INIT seed="6,0,0,3,4,128" ten="272,245,167,316" oya="2" hai0="7,12,83,95,82,18,39,19,28,69,101,107,87" hai1="119,105,57,126,65,5,22,86,112,92,33,62,46" hai2="110,49,123,56,109,79,133,26,111,135,6,0,59" hai3="42,23,129,90,100,117,20,98,74,97,10,93,94"/><V66/><F123/><W37/><G117/><T13/><D39/><U51/><E119/><V38/><F38/><W108/><G108/><T55/><D69/><U118/><E118/><V72/><F26/><W77/><G129/><T41/><D41/><U17/><E33/><V91/><F66/><W60/><G74/><T80/><D28/><U48/><E112/><V70/><F70/><W68/><G77/><T21/><D7/><U106/><E126/><V50/><F91/><W53/><G42/><T71/><D71/><U14/><E5/><V2/><F79/><W134/><G37/><T76/><D107/><U131/><E131/><V84/><F84/><W16/><G134/><N who="2" m="51209" /><F72/><W116/><G116/><T125/><D125/><U73/><E73/><V103/><F103/><W114/><G114/><T32/><D101/><U104/><E46/><V45/><F49/><W89/><G100/><T99/><D76/><U75/><E75/><V61/><F6/><W40/><G68/><T54/><D87/><U115/><E115/><V102/><F102/><W96/><G96/><T3/><D99/><U113/><E113/><V15/><F15/><W11/><G90/><T8/><D13/><U29/><E29/><V121/><F121/><W88/><G89/><T27/><D12/><U78/><E78/><V85/><F85/><W81/><G88/><T52/><D27/><U4/><E4/><V25/><F25/><W130/><G97/><T24/><D24/><U1/><E1/><N who="2" m="619" /><F61/><W120/><G60/><T43/><D3/><U132/><E132/><V35/><F35/><W67/><G130/><RYUUKYOKU ba="0,0" sc="272,-15,245,15,167,15,316,-15" hai1="14,17,22,48,51,57,62,65,86,92,104,105,106" hai2="45,50,56,59,109,110,111" /><INIT seed="6,1,0,0,0,97" ten="257,260,182,301" oya="2" hai0="13,84,24,82,34,31,92,69,79,121,117,11,64" hai1="67,107,6,78,15,86,44,35,8,54,53,134,71" hai2="59,46,40,26,12,41,77,127,87,3,23,33,50" hai3="122,52,30,61,111,133,112,110,124,37,2,19,45"/><V55/><F127/><W48/><G122/><T98/><D121/><U51/><E35/><V5/><F3/><W18/><G2/><T135/><D135/><U100/><E134/><V0/><F0/><W72/><G72/><T128/><D128/><U96/><E71/><V62/><F33/><W20/><G133/><T106/><D117/><U60/><E67/><V74/><F74/><W10/><G30/><T65/><D106/><U109/><E109/><V17/><F5/><W29/><G29/><T9/><D69/><U63/><E54/><V57/><F57/><W7/><G7/><T103/><REACH who="0" step="1"/><D9/><REACH who="0" ten="247,260,182,301" step="2"/><U132/><E132/><V93/><F26/><W123/><G10/><T90/><D90/><U129/><E129/><V28/><F28/><W101/><G123/><T105/><D105/><U119/><E119/><V70/><F70/><W49/><G111/><T38/><D38/><U47/><E47/><V118/><F118/><W120/><G45/><T80/><D80/><U125/><E125/><V130/><F130/><W21/><G37/><T115/><D115/><U108/><E108/><V14/><F14/><W75/><G112/><T94/><D94/><U1/><E1/><V95/><REACH who="2" step="1"/><F41/><REACH who="2" ten="247,260,172,301" step="2"/><W32/><G120/><T36/><D36/><U66/><E15/><V68/><F68/><W126/><G126/><T4/><AGARI ba="1,2" hai="4,11,13,24,31,34,64,65,79,82,84,92,98,103" machi="4" ten="20,5200,0" yaku="1,1,0,1,7,1,52,1,53,0" doraHai="97" doraHaiUra="85" who="0" fromWho="0" sc="247,75,260,-14,172,-27,301,-14" /><INIT seed="7,0,0,4,4,116" ten="322,246,145,287" oya="3" hai0="3,99,51,32,59,42,10,24,134,110,106,11,74" hai1="85,98,129,94,21,0,87,30,128,82,38,91,115" hai2="62,108,76,66,28,114,53,73,101,35,25,133,79" hai3="135,26,102,49,96,100,77,92,64,47,41,117,89"/><W109/><G117/><T130/><D110/><U121/><E38/><V5/><F108/><W31/><G135/><T43/><D74/><U13/><E0/><V68/><F133/><W9/><G109/><T132/><D106/><U125/><E125/><V119/><F53/><W131/><G131/><N who="1" m="50250" /><E115/><V39/><F114/><W27/><G77/><T126/><D99/><U118/><E118/><V111/><F111/><W124/><G124/><T7/><D11/><U40/><E40/><V33/><F79/><W44/><G64/><T19/><D59/><U12/><E87/><V113/><F113/><W71/><G71/><T15/><D51/><U6/><E6/><V61/><F61/><W72/><G72/><T81/><D81/><U55/><E55/><V60/><F60/><W122/><G122/><T23/><D126/><U78/><E121/><V88/><F119/><W37/><G9/><T8/><D8/><U14/><E30/><V48/><F48/><W50/><G37/><T63/><D130/><U16/><AGARI ba="0,0" hai="12,13,14,16,21,78,82,85,91,94,98" m="50250" machi="16" ten="30,2000,0" yaku="19,1,54,1" doraHai="116" who="1" fromWho="1" sc="322,-5,246,20,145,-5,287,-10" owari="317,41.0,266,-13.0,140,-36.0,277,8.0" /></mjloggm>