<mjloggm ver="2.3"><GO type="185" lobby="0"/><UN n0="%E3%81%B6%E3%82%8B%E3%81%AF%E3%81%A4" n1="%E3%81%82%E3%81%9F%E3%82%89%E3%81%AA%E3%81%84%E3%81%A7%EF%BC%81" n2="%E3%82%84%E3%81%BE%E3%81%8B%E3%81%84" n3="" dan="16,17,17,0" rate="2143.96,2227.49,2235.66,1500.00" sx="M,M,M,C"/><TAIKYOKU oya="0"/><INIT seed="0,0,0,1,5,33" ten="350,350,350,0" oya="0" hai0="44,40,51,119,130,104,128,99,41,58,116,2,83" hai1="63,105,50,109,52,3,54,48,134,78,112,80,71" hai2="108,117,0,124,129,72,85,93,87,56,32,88,68" hai3=""/><T86/><D2/><U90/><E112/><V79/><F68/><T75/><D75/><U122/><N who="1" m="31264" /><U132/><E90/><V131/><F32/><T118/><D58/><U55/><E105/><V64/><F108/><T135/><D135/><N who="1" m="51755" /><E3/><V39/><F39/><T126/><D126/><U111/><E80/><V125/><F117/><T53/><D99/><U103/><E103/><V92/><F72/><T115/><D104/><U101/><E78/><V102/><F0/><T121/><N who="0" m="31008" /><T110/><D115/><U95/><E95/><V120/><N who="2" m="30752" /><V59/><F79/><T34/><D34/><U73/><E101/><V82/><F102/><T74/><D74/><U94/><E94/><V46/><F82/><T114/><D114/><U77/><E77/><V1/><F1/><T84/><D110/><N who="1" m="41995" /><E73/><V123/><N who="2" m="31520" /><V127/><F127/><T42/><REACH who="0" step="1"/><D83/><REACH who="0" ten="340,350,350,0" step="2"/><U81/><E81/><V37/><F125/><T43/><N who="0" m="10240" /><DORA hai="91" /><T66/><D66/><AGARI ba="0,1" hai="48,50,52,54,55,63,66,71" m="41995,51755,31264" machi="66" ten="40,12000,2" yaku="20,1,14,1,34,2,52,1,54,1" doraHai="33,91" who="1" fromWho="0" sc="340,-120,350,130,350,0,0,0" /><INIT seed="1,0,0,4,2,86" ten="220,480,350,0" oya="1" hai0="129,110,32,115,47,44,98,92,106,89,74,116,62" hai1="48,132,88,87,43,51,83,111,128,82,120,45,114" hai2="39,104,123,113,77,96,122,52,33,75,50,55,34" hai3=""/><U97/><N who="1" m="30752" /><U124/><E114/><V109/><N who="2" m="31264" /><V103/><N who="2" m="31520" /><V95/><F39/><T46/><D32/><U61/><E128/><V56/><F113/><T38/><D115/><U127/><E132/><V57/><F109/><T84/><D129/><U35/><E35/><V2/><F2/><T80/><D110/><U108/><E97/><V72/><F104/><T3/><D3/><U58/><E111/><V66/><F66/><T102/><D116/><U112/><E112/><V37/><F37/><T73/><D62/><U134/><E134/><V85/><F85/><T131/><D131/><U91/><E51/><V101/><F101/><T65/><D65/><U90/><E108/><V81/><F75/><T79/><REACH who="0" step="1"/><D73/><REACH who="0" ten="210,480,350,0" step="2"/><U63/><E61/><AGARI ba="0,1" hai="33,34,50,52,55,56,57,61,72,77,81,95,96,103" m="31520,31264" machi="61" ten="30,7700,0" yaku="7,1,52,2,54,1" doraHai="86" who="2" fromWho="1" sc="210,0,480,-77,350,87,0,0" /><INIT seed="2,0,0,4,4,47" ten="210,403,437,0" oya="2" hai0="130,121,114,117,68,84,79,91,106,41,133,0,126" hai1="60,46,119,98,115,40,111,122,52,55,33,72,134" hai2="78,93,131,67,59,37,135,108,86,63,36,56,95" hai3=""/><V62/><F131/><T120/><RYUUKYOKU type="yao9" ba="0,0" sc="210,0,403,0,437,0,0,0" hai0="0,41,68,79,84,91,106,114,117,120,121,126,130,133" /><INIT seed="2,1,0,4,0,118" ten="210,403,437,0" oya="2" hai0="43,110,39,73,63,78,83,128,122,33,127,86,61" hai1="103,50,44,38,116,119,53,114,135,64,88,41,89" hai2="107,95,106,36,1,47,92,109,74,117,112,129,123" hai3=""/><V68/><RYUUKYOKU type="yao9" ba="1,0" sc="210,0,403,0,437,0,0,0" hai2="1,36,47,68,74,92,95,106,107,109,112,117,123,129" /><INIT seed="2,2,0,4,1,93" ten="210,403,437,0" oya="2" hai0="129,50,55,41,134,39,127,96,47,70,112,69,33" hai1="100,135,62,71,132,35,91,65,126,76,102,104,46" hai2="74,40,99,42,115,59,106,84,121,77,130,49,118" hai3=""/><V61/><N who="2" m="31008" /><V79/><F115/><T58/><D33/><U53/><E35/><V109/><F118/><T95/><D112/><U37/><E126/><V88/><F130/><T68/><D127/><U107/><E91/><V75/><F109/><T3/><D3/><U122/><N who="1" m="31264" /><U87/><E87/><V131/><F131/><T54/><D129/><U98/><E76/><V90/><F49/><T32/><D32/><U120/><N who="1" m="30752" /><U57/><E46/><V45/><F45/><T89/><D134/><U78/><E78/><V97/><F84/><T2/><D2/><U67/><E37/><V72/><F106/><T114/><D114/><U105/><E102/><V64/><F79/><T56/><REACH who="0" step="1"/><D70/><REACH who="0" ten="200,403,437,0" step="2"/><U51/><REACH who="1" step="1"/><E67/><REACH who="1" ten="200,393,437,0" step="2"/><V66/><F66/><T94/><D94/><AGARI ba="2,2" hai="51,53,57,62,65,71,94,98,100,104,105,107,132,135" m="30752,31264" machi="94" ten="40,12000,2" yaku="1,1,2,1,52,3,53,2" doraHai="93" doraHaiUra="116" who="1" fromWho="0" sc="200,-124,393,144,437,0,0,0" /><INIT seed="4,0,0,4,5,128" ten="76,537,437,0" oya="0" hai0="90,40,53,55,42,131,103,37,102,2,38,52,82" hai1="66,132,92,73,88,118,84,133,58,36,60,69,35" hai2="70,85,34,115,91,124,125,135,68,108,106,39,122" hai3=""/><T110/><D2/><U134/><E118/><V113/><RYUUKYOKU type="yao9" ba="0,0" sc="76,0,537,0,437,0,0,0" hai2="34,39,68,70,85,91,106,108,113,115,122,124,125,135" /><INIT seed="4,1,0,3,4,83" ten="76,537,437,0" oya="0" hai0="70,121,91,33,114,126,57,85,86,107,34,44,112" hai1="69,50,67,60,52,97,100,80,3,61,95,133,118" hai2="56,43,105,38,117,104,71,48,98,116,47,109,35" hai3=""/><T37/><N who="0" m="31008" /><T45/><D70/><U82/><E133/><V53/><F109/><T58/><D107/><U128/><E128/><V129/><F129/><T84/><D91/><U89/><E3/><V72/><F72/><T102/><D102/><U79/><E118/><N who="2" m="45675" /><F35/><N who="0" m="13322" /><D126/><U54/><E61/><V88/><F71/><T51/><D51/><U55/><E100/><V78/><F78/><T131/><D131/><U132/><E132/><V119/><F119/><T110/><D110/><U68/><E68/><V130/><F130/><T99/><D99/><U111/><E111/><V124/><F124/><T93/><D93/><AGARI ba="1,0" hai="38,43,47,48,53,56,88,93,98,104,105" m="45675" machi="93" ten="30,2000,0" yaku="12,1,54,1" doraHai="83" who="2" fromWho="0" sc="76,-22,537,0,437,22,0,0" /><INIT seed="5,0,0,3,5,110" ten="54,537,459,0" oya="1" hai0="116,102,107,91,65,106,36,61,98,38,95,120,39" hai1="99,108,117,68,83,124,48,33,52,73,87,43,51" hai2="104,80,101,57,133,96,41,105,69,56,32,123,97" hai3=""/><U78/><E117/><V75/><N who="2" m="31520" /><V122/><N who="2" m="31264" /><V63/><F32/><T76/><N who="0" m="30752" /><T135/><D135/><U34/><E108/><V74/><F133/><T127/><D116/><U85/><E68/><V37/><F69/><T103/><D127/><U82/><E124/><V58/><F80/><T60/><D76/><U100/><E73/><V54/><F63/><T81/><D81/><U62/><E62/><V53/><F75/><T64/><D61/><U59/><E51/><V121/><N who="2" m="31008" /><V119/><F74/><T118/><D118/><U88/><E43/><V35/><F35/><T70/><REACH who="0" step="1"/><D64/><REACH who="0" ten="44,537,459,0" step="2"/><U66/><E66/><V72/><F119/><T94/><D94/><AGARI ba="0,1" hai="33,34,48,52,59,78,82,83,85,87,88,94,99,100" machi="94" ten="30,5800,0" yaku="7,1,54,2" doraHai="110" who="1" fromWho="0" sc="44,-58,537,68,459,0,0,0" owari="-14,-61.0,605,55.0,459,6.0,0,0.0" /></mjloggm>