<mjloggm ver="2.3"><GO type="185" lobby="0"/><UN n0="%E3%81%B6%E3%82%8B%E3%81%AF%E3%81%A4" n1="%E3%82%84%E3%81%BE%E3%81%8B%E3%81%84" n2="%E3%81%82%E3%81%9F%E3%82%89%E3%81%AA%E3%81%84%E3%81%A7%EF%BC%81" n3="" dan="16,17,17,0" rate="2155.45,2235.98,2215.64,1500.00" sx="M,M,M,C"/><TAIKYOKU oya="0"/><INIT seed="0,0,0,2,3,89" ten="350,350,350,0" oya="0" hai0="95,63,53,98,123,94,49,68,52,33,102,69,66" hai1="111,109,124,36,86,48,90,1,129,57,76,134,104" hai2="110,74,116,93,71,101,82,44,56,37,83,84,55" hai3=""/><T127/><N who="0" m="31520" /><T51/><D33/><U125/><E1/><V115/><F115/><T132/><D132/><U131/><E36/><V38/><F116/><T91/><D127/><N who="1" m="48715" /><E57/><V121/><N who="2" m="31008" /><V77/><F71/><T67/><D69/><U54/><E54/><N who="0" m="21097" /><D68/><U50/><E104/><V106/><F110/><N who="1" m="41993" /><E76/><V128/><F128/><N who="1" m="49225" /><E134/><V79/><F44/><T133/><D133/><U122/><N who="1" m="31264" /><U80/><AGARI ba="0,0" hai="48,50,80,86,90" m="31264,49225,41993,48715" machi="80" ten="40,6000,1" yaku="4,1,18,1,14,1,19,1,52,1" doraHai="89" who="1" fromWho="1" sc="350,-40,350,60,350,-20,0,0" /><INIT seed="1,0,0,5,5,70" ten="310,410,330,0" oya="1" hai0="120,101,58,128,35,98,44,133,34,106,49,118,97" hai1="40,46,99,135,96,39,94,0,95,3,73,91,129" hai2="80,54,130,48,131,83,76,85,86,112,77,45,52" hai3=""/><U74/><E129/><V84/><F112/><T36/><N who="0" m="30752" /><T88/><D128/><U47/><E135/><V115/><F115/><T117/><D133/><U59/><E59/><V93/><F131/><T75/><D75/><U110/><E110/><V55/><F130/><T33/><D58/><U38/><E91/><AGARI ba="0,0" hai="45,48,52,54,55,76,77,80,83,84,85,86,91,93" machi="91" ten="40,5200,0" yaku="9,1,8,1,54,1" doraHai="70" who="2" fromWho="1" sc="310,0,410,-52,330,52,0,0" /><INIT seed="2,0,0,1,2,32" ten="310,358,382,0" oya="2" hai0="59,98,120,66,99,80,82,97,133,115,112,3,73" hai1="34,108,41,134,79,126,87,131,50,127,91,130,40" hai2="111,76,95,132,42,129,52,1,96,43,47,94,100" hai3=""/><V110/><F129/><N who="1" m="49161" /><E34/><V68/><F132/><T105/><N who="0" m="30752" /><T89/><D133/><U69/><E69/><V119/><F119/><T116/><D116/><U46/><E134/><V125/><F125/><N who="1" m="47625" /><E108/><N who="2" m="41515" /><F68/><T135/><D135/><U44/><E79/><V64/><F64/><T85/><D66/><U48/><E87/><V53/><F76/><T101/><D59/><U121/><E91/><V65/><F65/><T103/><D3/><U0/><E0/><V2/><F94/><T61/><D61/><U117/><E117/><V128/><F128/><T123/><N who="0" m="31520" /><AGARI ba="0,0" hai="40,41,44,46,48,50,121,123" m="47625,49161" machi="123" ten="30,7700,0" yaku="19,1,18,1,34,2" doraHai="32" who="1" fromWho="0" sc="310,-77,358,77,382,0,0,0" /><INIT seed="4,0,0,5,4,86" ten="233,435,382,0" oya="0" hai0="106,124,70,116,0,57,120,38,51,59,129,104,69" hai1="41,112,91,53,96,110,118,85,74,79,92,108,44" hai2="42,65,119,81,49,66,114,105,55,135,80,83,123" hai3=""/><T71/><N who="0" m="30752" /><T32/><D0/><U99/><E118/><V67/><N who="2" m="31520" /><V103/><F114/><T68/><N who="0" m="17408" /><DORA hai="56" /><T100/><D116/><U60/><E112/><V3/><F3/><T132/><D32/><U52/><E74/><V77/><F119/><T133/><D38/><U46/><E46/><V89/><F135/><N who="0" m="51786" /><D129/><U36/><E53/><V72/><F42/><T61/><D100/><U93/><E79/><V101/><F105/><N who="0" m="40554" /><D124/><U127/><E127/><V43/><F43/><T128/><D128/><U125/><E125/><V87/><REACH who="2" step="1"/><F83/><REACH who="2" ten="233,435,372,0" step="2"/><T39/><D39/><U50/><E36/><V47/><AGARI ba="0,1" hai="47,49,55,65,66,67,72,77,80,81,87,89,101,103" m="31520" machi="47" ten="30,9000,2" yaku="1,1,2,1,0,1,52,2,53,2" doraHai="86,56" doraHaiUra="73,48" who="2" fromWho="2" sc="233,-60,435,-30,372,100,0,0" /><INIT seed="5,0,0,2,1,92" ten="173,405,472,0" oya="1" hai0="36,49,52,110,131,96,124,90,113,74,60,65,72" hai1="107,77,68,51,63,85,55,73,83,50,38,125,111" hai2="108,47,93,76,71,32,100,79,88,82,44,64,105" hai3=""/><U35/><E35/><V91/><F32/><T132/><D110/><U89/><E38/><V87/><F108/><T81/><D36/><U61/><E111/><V62/><F105/><T43/><D113/><U37/><E37/><V97/><F79/><T84/><D124/><U45/><E125/><V2/><F2/><T57/><D131/><U130/><E130/><V121/><N who="2" m="31008" /><V86/><F100/><T0/><D0/><U34/><E34/><V53/><F53/><T3/><D3/><U135/><E135/><V115/><F115/><T101/><D43/><U58/><E68/><V59/><F71/><T128/><D128/><U70/><E70/><V118/><F118/><T78/><D132/><U40/><REACH who="1" step="1"/><E107/><REACH who="1" ten="173,395,472,0" step="2"/><V66/><REACH who="2" step="1"/><F66/><REACH who="2" ten="173,395,462,0" step="2"/><T80/><D65/><U104/><E104/><V69/><F69/><T120/><N who="0" m="30752" /><T41/><D41/><U126/><E126/><V123/><N who="2" m="31520" /><V102/><F102/><T117/><D117/><U67/><E67/><V75/><F75/><T127/><D127/><U39/><E39/><V129/><F129/><T106/><REACH who="0" step="1"/><D74/><REACH who="0" ten="163,395,462,0" step="2"/><U122/><N who="1" m="31264" /><U56/><E56/><V133/><F133/><T98/><D98/><U134/><E134/><V94/><AGARI ba="0,3" hai="44,47,59,62,64,76,82,86,87,88,91,93,94,97" m="31520,31008" machi="94" ten="20,12000,3" yaku="1,1,0,1,7,1,8,1,52,3,54,1,53,0" doraHai="92" doraHaiUra="99" who="2" fromWho="2" sc="163,-40,395,-80,462,150,0,0" /><INIT seed="6,0,0,0,3,51" ten="123,315,612,0" oya="2" hai0="129,82,72,104,65,98,75,59,96,92,102,112,55" hai1="67,69,94,71,54,84,128,73,126,61,48,119,3" hai2="89,56,77,38,90,81,41,40,125,123,70,43,130" hai3=""/><V66/><N who="2" m="31520" /><V83/><F70/><T93/><D65/><U39/><E73/><V68/><F68/><T113/><D59/><U58/><E94/><V87/><F38/><T105/><D55/><U101/><E101/><V45/><F45/><T117/><D117/><U53/><E84/><V121/><N who="2" m="31008" /><V115/><F115/><T120/><N who="0" m="30752" /><T108/><D129/><U88/><E88/><V62/><F130/><T35/><D35/><U64/><E3/><V122/><N who="2" m="31264" /><V103/><F125/><T100/><D108/><U127/><E39/><V33/><F33/><T60/><D60/><U86/><E86/><V85/><F103/><T78/><D78/><AGARI ba="0,0" hai="40,41,43,56,62,66,77,78,81,83,85,87,89,90" m="31264,31008,31520" machi="78" ten="40,12000,1" yaku="9,1,8,1,52,3" doraHai="51" who="2" fromWho="0" sc="123,-120,315,0,612,120,0,0" owari="3,-60.0,315,-8.0,732,68.0,0,0.0" /></mjloggm>