<mjloggm ver="2.3"><GO type="169" lobby="0"/><UN n0="%E6%9C%A8%E6%BC%8F%E3%82%8C%E6%97%A5" n1="%E5%BD%A9%E4%BA%AC" n2="%E5%BC%B7%E6%89%93%E6%84%9B%E5%A5%BD%E5%AE%B6" n3="%6D%61%74%6F%30%36%30%33" dan="17,17,16,18" rate="2208.73,2213.65,2149.62,2287.43" sx="M,M,M,M"/><TAIKYOKU oya="0"/><INIT seed="0,0,0,3,0,76" ten="250,250,250,250" oya="0" hai0="23,74,12,126,67,110,36,130,52,49,1,13,16" hai1="105,59,71,35,109,15,56,25,135,81,103,4,131" hai2="22,85,101,32,65,104,70,132,120,113,79,97,127" hai3="73,41,124,119,47,24,34,60,77,106,83,53,87"/><T112/><D112/><U107/><E131/><V43/><F120/><W46/><G119/><T117/><D117/><U17/><E71/><V28/><F113/><W3/><G124/><T30/><D1/><U6/><E135/><V19/><F127/><W116/><G116/><T40/><D126/><U94/><E35/><V54/><F43/><W20/><G3/><T18/><D74/><U5/><E25/><V88/><F79/><W75/><G106/><T58/><D130/><U10/><E109/><V55/><F132/><W100/><G100/><T95/><D110/><U27/><E27/><V115/><F28/><W99/><G99/><T80/><D30/><U26/><E26/><V69/><F32/><W122/><G34/><T29/><D29/><U92/><E107/><V91/><F91/><W0/><G0/><T44/><D67/><U2/><E105/><V96/><F96/><W33/><G33/><T8/><REACH who="0" step="1"/><D95/><REACH who="0" ten="240,250,250,250" step="2"/><U84/><E2/><V114/><F114/><W64/><G122/><T123/><D123/><U78/><E94/><V90/><F65/><W63/><G64/><T121/><D121/><U21/><E92/><N who="2" m="56455" /><F104/><W11/><G75/><T61/><D61/><U108/><E108/><V86/><F115/><W62/><G73/><T31/><D31/><U7/><E103/><V129/><F101/><W66/><G66/><T102/><D102/><U134/><E134/><V57/><F129/><W128/><G128/><T93/><D93/><U50/><E50/><N who="2" m="30935" /><F69/><W125/><G125/><T48/><D48/><U111/><E111/><V118/><F70/><W133/><G133/><RYUUKYOKU ba="0,1" sc="240,15,250,15,250,-15,250,-15" hai0="8,12,13,16,18,23,36,40,44,49,52,58,80" hai1="4,5,6,7,10,15,17,21,56,59,78,81,84" /><INIT seed="0,1,1,1,1,120" ten="255,265,235,235" oya="0" hai0="85,45,90,88,60,29,93,96,111,59,42,103,133" hai1="134,13,92,31,69,86,55,66,67,135,82,80,124" hai2="102,121,79,126,6,64,119,84,123,21,83,44,7" hai3="122,108,78,101,28,1,70,132,22,115,113,81,5"/><T47/><D133/><N who="1" m="50699" /><E124/><V4/><F126/><W94/><G70/><T10/><D29/><U32/><E69/><V48/><F119/><W0/><G122/><T99/><D111/><U112/><E112/><V95/><F64/><N who="1" m="24617" /><E55/><V63/><F63/><W8/><G0/><T24/><D24/><U72/><E72/><V49/><F49/><W52/><G132/><T73/><D73/><U104/><E104/><V57/><F57/><W51/><G108/><T71/><D71/><U65/><E65/><V40/><REACH who="2" step="1"/><F21/><REACH who="2" ten="255,265,225,235" step="2"/><W18/><G22/><T61/><D59/><U38/><E38/><V46/><F46/><W89/><G51/><T97/><D47/><U50/><E50/><V109/><F109/><W118/><G118/><T127/><D127/><U37/><E37/><V23/><F23/><W105/><G113/><T62/><D45/><U14/><E32/><V114/><F114/><W34/><G34/><T54/><D62/><U129/><E129/><V74/><F74/><W16/><G115/><T11/><D61/><U12/><E31/><V68/><F68/><W91/><G28/><T20/><D60/><U87/><E92/><V76/><F76/><W110/><G78/><T75/><D75/><U53/><E53/><V107/><F107/><W128/><G52/><T130/><D54/><U19/><E82/><V131/><F131/><W36/><G128/><T116/><D130/><U35/><E35/><V27/><F27/><W3/><G105/><T39/><D116/><U117/><E117/><V100/><F100/><W98/><G110/><T30/><D30/><U17/><E80/><RYUUKYOKU ba="1,2" sc="255,-15,265,15,225,15,235,-15" hai1="12,13,14,17,19,86,87" hai2="4,6,7,40,44,48,79,83,84,95,102,121,123" /><INIT seed="1,2,2,2,2,6" ten="240,280,240,220" oya="1" hai0="49,34,24,81,30,124,92,132,79,111,117,91,103" hai1="134,62,15,66,113,27,125,25,19,112,59,93,128" hai2="21,69,90,88,42,96,115,4,106,80,98,14,108" hai3="31,95,70,17,75,122,99,10,40,120,72,127,50"/><U46/><E125/><V61/><F108/><W126/><G70/><T33/><D117/><U23/><E128/><V53/><F115/><W100/><G31/><T78/><D111/><U37/><E134/><V107/><F42/><W114/><G50/><T57/><D132/><U54/><E93/><V55/><F21/><W63/><G63/><T47/><D103/><U101/><E101/><V121/><F14/><W102/><G17/><T119/><D119/><U67/><E67/><V85/><F4/><W64/><G64/><T104/><D104/><U18/><E27/><V77/><F61/><W74/><G40/><T71/><D71/><U48/><REACH who="1" step="1"/><E37/><REACH who="1" ten="240,270,240,220" step="2"/><V65/><F65/><W9/><G114/><T3/><D124/><N who="3" m="47657" /><G102/><T8/><D24/><U52/><E52/><V1/><F53/><W38/><G38/><T32/><D30/><U20/><AGARI ba="2,3" hai="15,18,19,20,23,25,46,48,54,59,62,66,112,113" machi="20" ten="20,3900,0" yaku="1,1,0,1,7,1,53,0" doraHai="6" doraHaiUra="73" who="1" fromWho="1" sc="240,-15,270,75,240,-15,220,-15" /><INIT seed="1,3,0,1,5,2" ten="225,345,225,205" oya="1" hai0="49,130,8,118,53,59,48,108,58,51,13,36,55" hai1="4,81,98,54,21,32,22,93,110,123,40,94,7" hai2="61,5,103,66,74,83,33,65,80,125,97,135,112" hai3="38,115,106,18,64,101,9,87,52,69,73,126,14"/><U62/><E123/><V6/><F33/><W11/><G115/><T124/><D118/><U41/><E32/><V102/><F97/><W70/><G73/><T134/><D108/><U20/><E110/><V39/><F61/><W46/><G126/><T84/><D124/><U86/><E62/><V92/><F92/><N who="1" m="35433" /><E54/><V63/><F63/><W133/><G133/><T37/><D134/><U128/><E98/><V47/><F47/><W90/><G101/><N who="2" m="38409" /><F135/><W99/><G99/><T10/><D84/><U89/><E128/><V34/><F34/><W30/><G106/><T42/><D130/><U29/><E29/><V122/><F125/><W44/><G30/><T127/><D127/><U121/><E121/><V129/><F129/><W120/><G64/><N who="2" m="24681" /><F74/><W60/><G120/><T117/><D117/><U12/><E12/><V113/><F39/><W111/><G111/><T78/><D37/><U82/><E82/><N who="2" m="31275" /><F122/><W114/><G38/><T104/><D36/><U0/><E0/><V50/><F50/><W91/><G60/><T119/><D119/><U107/><E107/><V24/><F24/><W1/><G1/><T28/><D104/><U67/><E67/><V72/><F72/><W35/><G35/><T77/><D51/><U57/><E57/><V3/><F3/><W19/><G14/><T16/><D42/><AGARI ba="3,0" hai="4,7,20,21,22,40,41,42,81,86,89" m="35433" machi="42" ten="30,5800,0" yaku="8,1,52,2" doraHai="2" who="1" fromWho="0" sc="225,-67,345,67,225,0,205,0" /><INIT seed="1,4,0,3,3,111" ten="158,412,225,205" oya="1" hai0="130,92,52,8,115,30,78,11,14,65,46,61,98" hai1="93,49,77,76,64,10,83,116,101,72,81,6,55" hai2="91,32,80,123,35,133,58,9,103,106,87,31,108" hai3="90,2,126,38,68,5,117,45,43,33,82,37,48"/><U135/><E116/><V100/><F123/><W79/><G117/><T125/><D130/><U39/><E39/><V25/><F108/><W73/><G126/><T113/><D78/><U99/><E64/><V40/><F32/><W70/><G33/><T118/><D118/><U60/><E60/><V97/><F100/><W17/><G38/><T3/><D30/><U29/><E29/><V114/><F133/><W54/><G17/><T56/><D125/><U109/><E135/><V63/><F9/><W67/><G67/><T86/><D86/><U110/><E77/><V21/><F40/><W74/><G90/><T22/><D22/><U12/><REACH who="1" step="1"/><E83/><REACH who="1" ten="158,402,225,205" step="2"/><V53/><F35/><W23/><G82/><T16/><D65/><U66/><E66/><V84/><F31/><W71/><G79/><T36/><D36/><U96/><E96/><V7/><F97/><W4/><G37/><T89/><REACH who="0" step="1"/><D46/><AGARI ba="4,1" hai="6,10,12,46,49,55,72,76,81,93,99,101,109,110" machi="46" ten="40,2000,0" yaku="1,1,53,0" doraHai="111" doraHaiUra="131" who="1" fromWho="0" sc="158,-32,402,42,225,0,205,0" /><INIT seed="1,5,0,2,0,20" ten="126,444,225,205" oya="1" hai0="33,91,36,28,103,95,78,80,63,49,26,40,92" hai1="11,87,98,17,21,82,35,76,122,55,62,68,2" hai2="18,15,126,111,60,67,44,12,6,99,37,27,113" hai3="86,73,58,88,117,66,116,83,96,109,23,30,128"/><U53/><E122/><V24/><F126/><W93/><G109/><T102/><D36/><U29/><E98/><V19/><F111/><W65/><G73/><T48/><D63/><U79/><E79/><V132/><F6/><W14/><G128/><T133/><D133/><U34/><E55/><V84/><F132/><W104/><G104/><T8/><D8/><U25/><E53/><V81/><F99/><W50/><G50/><T135/><D135/><U72/><E72/><V97/><F97/><W56/><G56/><T47/><D49/><U22/><E2/><V101/><F101/><W3/><G3/><T94/><REACH who="0" step="1"/><D91/><REACH who="0" ten="116,444,225,205" step="2"/><U10/><E11/><V71/><F113/><W74/><G88/><T124/><D124/><U125/><E10/><V100/><F37/><W39/><G39/><T69/><D69/><U75/><E125/><V89/><F100/><W123/><G117/><T129/><D129/><U110/><E110/><V13/><REACH who="2" step="1"/><F44/><REACH who="2" ten="116,444,215,205" step="2"/><W114/><G114/><T59/><D59/><U4/><E4/><V45/><F45/><W85/><G58/><T31/><D31/><U119/><E119/><V105/><F105/><W57/><G57/><T112/><D112/><U127/><E127/><V64/><F64/><W52/><G30/><T108/><D108/><U32/><E68/><V134/><F134/><W131/><G116/><T130/><D130/><U9/><E62/><V7/><F7/><W106/><G131/><T38/><D38/><U46/><E46/><V90/><F90/><W54/><G66/><T16/><D16/><AGARI ba="5,2" hai="12,13,15,16,18,19,24,27,60,67,71,81,84,89" machi="16" ten="40,8000,1" yaku="1,1,52,2,54,1,53,0" doraHai="20" doraHaiUra="1" who="2" fromWho="0" sc="116,-95,444,0,215,115,205,0" /><INIT seed="2,0,0,3,1,42" ten="21,444,330,205" oya="2" hai0="49,9,101,59,26,70,103,23,32,132,35,120,66" hai1="108,72,97,2,98,114,96,14,95,50,3,65,56" hai2="52,111,47,112,57,110,11,129,15,90,7,77,105" hai3="68,12,10,45,91,117,39,109,76,82,79,30,134"/><V106/><F112/><W40/><G117/><T19/><D120/><U124/><E72/><V41/><F77/><W1/><G68/><T94/><D132/><U51/><E114/><V78/><F78/><W121/><G121/><T135/><D135/><U133/><E133/><V22/><F22/><W16/><G109/><N who="2" m="41481" /><F90/><W20/><G134/><T0/><D70/><U73/><E108/><V123/><F123/><W116/><G116/><T81/><D81/><U67/><E73/><V62/><F129/><W102/><G102/><T126/><D126/><U24/><E98/><V58/><F58/><W4/><G30/><T130/><D130/><U54/><E56/><V87/><F87/><W61/><G91/><T71/><D71/><U60/><E124/><V86/><F86/><W18/><G82/><T131/><D131/><U55/><E97/><V118/><F118/><W27/><REACH who="3" step="1"/><G61/><REACH who="3" ten="21,444,330,195" step="2"/><T34/><D103/><U64/><E60/><V13/><F13/><W8/><AGARI ba="0,1" hai="1,4,8,10,12,16,18,20,27,39,40,45,76,79" machi="8" ten="20,12000,2" yaku="1,1,2,1,0,1,7,1,52,1,54,1,53,1" doraHai="42" doraHaiUra="38" who="3" fromWho="3" sc="21,-30,444,-30,330,-60,195,130" owari="-9,-51.0,414,51.0,270,-13.0,325,13.0" /></mjloggm>