<mjloggm ver="2.3"><GO type="169" lobby="0"/><UN n0="%E9%97%98%E5%A3%AB%E2%98%86%E6%B8%8B%E5%B7%9D%E8%80%81" n1="%E6%AD%A6%E5%A8%81" n2="%E3%81%B5%E3%81%96%E3%81%91%E3%82%8B%E3%83%9F%EF%BC%81" n3="%E3%82%8F%E3%81%A3%E3%81%97%E3%82%87%E3%81%84%E5%90%9B%32%E5%8F%B7" dan="18,17,17,17" rate="2119.37,2144.73,2106.41,2218.37" sx="M,M,M,M"/><TAIKYOKU oya="0"/><INIT seed="0,0,0,3,3,62" ten="250,250,250,250" oya="0" hai0="89,38,30,84,21,71,95,11,47,76,77,100,112" hai1="68,48,101,104,39,29,50,86,13,35,70,124,110" hai2="128,15,105,88,74,108,55,56,19,4,7,115,118" hai3="85,1,49,10,41,59,0,97,2,25,73,36,106"/><T65/><D112/><U42/><E39/><V135/><F115/><W90/><G73/><T131/><D131/><U122/><E122/><V111/><F105/><W87/><G36/><T79/><D100/><U28/><E13/><V64/><F128/><W117/><G117/><T119/><D119/><U44/><E110/><N who="2" m="42027" /><F74/><W94/><G10/><T52/><D11/><U78/><E124/><V51/><F135/><W98/><G25/><N who="0" m="16687" /><D71/><U109/><E109/><V43/><F43/><W120/><G120/><T63/><D38/><U82/><E101/><V58/><F88/><W26/><G106/><T54/><D47/><U92/><E92/><V102/><F102/><W96/><G26/><T33/><D33/><U12/><E104/><V75/><F75/><W129/><G129/><T20/><D20/><U32/><E32/><V132/><F132/><W80/><G87/><T24/><D24/><U123/><E123/><V5/><F118/><W130/><G130/><T126/><D126/><U27/><E29/><V22/><F56/><W34/><G34/><T93/><D95/><U134/><E134/><V67/><AGARI ba="0,0" hai="4,5,7,15,19,22,51,55,58,64,67" m="42027" machi="67" ten="40,5200,0" yaku="14,1,52,2" doraHai="62" who="2" fromWho="2" sc="250,-26,250,-13,250,52,250,-13" /><INIT seed="1,0,0,0,0,6" ten="224,237,302,237" oya="1" hai0="37,11,17,120,108,56,132,109,124,87,29,45,102" hai1="34,127,119,73,99,57,98,115,90,63,54,65,85" hai2="62,77,114,96,121,131,58,126,80,4,20,14,48" hai3="49,89,1,3,36,95,135,30,2,107,31,122,64"/><U111/><E115/><V7/><F121/><W134/><G122/><T78/><D102/><U22/><E119/><V50/><F114/><W10/><G107/><T23/><D56/><U128/><E34/><V24/><F131/><W47/><G64/><T86/><D120/><U43/><E128/><V51/><F96/><W67/><G67/><T32/><D45/><U110/><E73/><V26/><F126/><W100/><G100/><T93/><D37/><U74/><E74/><V39/><F39/><W16/><G36/><T15/><D78/><U59/><E43/><V112/><F112/><W76/><G76/><T12/><D93/><U79/><E79/><V116/><F116/><W9/><G89/><T118/><D87/><U42/><E42/><V0/><F0/><W61/><G95/><T104/><D86/><U44/><E44/><V83/><F26/><W35/><G61/><T129/><D104/><U105/><E22/><V123/><F123/><W106/><G106/><T21/><D118/><U70/><E70/><V71/><F71/><W5/><G49/><T38/><D38/><U92/><E127/><V60/><F60/><W84/><G84/><T103/><D103/><U69/><E69/><V19/><F24/><N who="3" m="18887" /><G31/><T13/><D124/><U72/><E72/><V27/><F77/><W117/><G47/><T25/><D129/><U97/><REACH who="1" step="1"/><E105/><REACH who="1" ten="224,227,302,237" step="2"/><V94/><F58/><W55/><G117/><T40/><D40/><U46/><E46/><V81/><F20/><N who="0" m="7754" /><D132/><U66/><E66/><V18/><F27/><W130/><G130/><T75/><D75/><U28/><E28/><RYUUKYOKU ba="0,1" sc="224,15,227,15,302,-15,237,-15" hai0="11,12,13,15,17,25,29,32,108,109" hai1="54,57,59,63,65,85,90,92,97,98,99,110,111" /><INIT seed="1,1,1,3,4,54" ten="239,242,287,222" oya="1" hai0="56,73,12,41,13,87,26,92,2,66,1,75,104" hai1="88,52,108,22,10,50,94,70,127,3,58,76,124" hai2="57,112,51,15,125,31,9,65,74,109,106,55,96" hai3="119,78,116,77,47,39,126,90,131,121,62,68,101"/><U21/><E70/><V85/><F74/><W135/><G121/><T129/><D104/><U60/><E76/><V113/><F109/><W25/><G126/><N who="1" m="48170" /><E108/><V17/><F125/><W91/><G131/><T97/><D41/><U67/><E10/><V115/><F31/><W28/><G135/><T4/><D87/><N who="1" m="52511" /><E3/><V103/><F65/><N who="3" m="41015" /><G101/><T64/><D2/><U16/><E16/><N who="2" m="8303" /><F85/><W44/><G91/><T30/><D64/><U0/><E0/><V14/><F14/><W6/><G6/><T35/><D12/><U83/><E83/><V134/><F17/><W105/><G90/><T69/><D13/><U80/><E80/><V120/><F120/><W110/><G110/><T123/><D4/><U95/><E95/><V61/><F134/><W114/><G105/><T86/><D92/><U5/><E5/><V133/><F133/><W34/><G78/><T84/><D1/><U81/><E81/><V7/><F7/><W38/><G77/><T43/><D123/><U33/><E33/><V100/><F100/><W48/><G34/><T130/><D35/><U82/><E82/><V42/><F103/><W102/><G102/><T79/><D79/><U99/><E99/><V36/><F96/><W107/><G107/><T72/><D97/><U89/><E89/><V53/><F106/><W45/><G28/><T59/><D84/><U8/><E8/><V19/><F19/><W18/><G18/><T111/><D86/><U20/><E20/><V118/><F113/><W23/><G114/><T24/><D111/><U40/><E40/><V132/><F132/><W49/><G23/><RYUUKYOKU ba="1,1" sc="239,-10,242,30,287,-10,222,-10" hai1="21,22,50,52,58,60,67" /><INIT seed="1,2,1,5,4,27" ten="229,272,277,212" oya="1" hai0="7,29,51,126,38,76,65,81,90,54,34,70,33" hai1="23,18,41,133,72,131,75,30,21,48,85,91,13" hai2="115,101,15,62,97,125,99,32,88,135,80,39,114" hai3="26,93,96,6,58,61,5,119,60,118,134,14,66"/><U84/><E133/><V8/><F135/><W24/><G134/><T37/><D7/><N who="3" m="2569" /><G14/><T12/><D12/><U16/><E131/><V35/><F125/><W10/><G10/><T68/><D90/><U105/><E105/><V28/><F62/><W40/><G40/><T17/><D17/><U49/><E30/><V130/><F39/><N who="0" m="14858" /><D54/><U124/><E124/><V0/><F0/><W47/><G47/><T57/><D51/><U71/><E71/><N who="0" m="27177" /><D57/><U50/><E41/><V113/><F130/><W11/><G11/><T104/><D65/><U89/><E49/><V129/><F129/><W2/><G2/><T112/><D126/><U3/><E13/><V77/><F101/><N who="3" m="60559" /><G61/><T79/><D79/><U117/><E3/><V120/><F77/><W128/><G128/><T69/><D69/><U36/><E36/><V31/><F15/><W45/><G45/><T92/><D112/><U121/><E121/><V20/><F8/><W111/><G111/><T107/><D92/><U116/><AGARI ba="2,1" hai="16,18,21,23,48,50,72,75,84,85,89,91,116,117" machi="116" ten="25,9600,0" yaku="0,1,22,2,54,1" doraHai="27" who="1" fromWho="1" sc="229,-34,272,112,277,-34,212,-34" /><INIT seed="1,3,0,5,4,28" ten="195,384,243,178" oya="1" hai0="94,80,119,53,52,34,96,69,8,99,101,61,47" hai1="20,121,3,89,86,59,83,116,127,70,98,39,19" hai2="44,66,63,21,91,77,74,42,82,56,123,45,103" hai3="7,29,37,75,65,84,31,81,92,79,27,33,115"/><U49/><E116/><V18/><F123/><W9/><G115/><T110/><D119/><U113/><E113/><V1/><F1/><W120/><G120/><T62/><D110/><U107/><E121/><V51/><F103/><W134/><G134/><T122/><D122/><U0/><E39/><V117/><F117/><W2/><G37/><T26/><D8/><U125/><E70/><V72/><F91/><W43/><G43/><T4/><D4/><U93/><E107/><V38/><F74/><W40/><G40/><T67/><D80/><U106/><E106/><V24/><F44/><W133/><G133/><T111/><D111/><U109/><E109/><V105/><F105/><W12/><G65/><T132/><D132/><U60/><E49/><V68/><REACH who="2" step="1"/><F38/><REACH who="2" ten="195,384,233,178" step="2"/><W73/><G2/><T126/><D47/><U78/><E3/><V36/><F36/><W35/><REACH who="3" step="1"/><G92/><REACH who="3" ten="195,384,233,168" step="2"/><T124/><D94/><U10/><E0/><V129/><F129/><W88/><G88/><T64/><D101/><U55/><E89/><V76/><F76/><W128/><G128/><T87/><D124/><U130/><E93/><V25/><F25/><AGARI ba="3,2" hai="7,9,12,25,27,29,31,33,35,73,75,79,81,84" machi="25" ten="40,8000,1" yaku="1,1,9,1,52,2,53,0" doraHai="28" doraHaiUra="102" who="3" fromWho="2" sc="195,0,384,0,233,-89,168,109" /><INIT seed="2,0,0,1,3,26" ten="195,384,144,277" oya="2" hai0="41,126,30,62,97,53,61,33,91,15,4,113,101" hai1="131,63,13,125,67,23,88,11,42,81,106,130,27" hai2="18,127,16,68,34,109,75,70,25,37,56,133,44" hai3="7,72,74,87,2,114,84,1,80,57,31,19,64"/><V129/><F75/><W128/><G128/><N who="1" m="49194" /><E106/><V90/><F129/><W93/><G114/><T79/><D79/><U9/><E42/><V89/><F133/><W17/><G64/><T121/><D121/><U45/><E45/><V20/><F127/><W43/><G43/><T118/><D91/><N who="2" m="34826" /><F68/><W95/><G57/><T110/><D15/><U102/><E102/><V111/><F70/><W99/><G7/><T96/><D4/><U10/><E125/><V3/><F34/><W29/><G99/><T112/><D33/><U46/><E46/><V132/><F3/><W52/><REACH who="3" step="1"/><G80/><REACH who="3" ten="195,384,144,267" step="2"/><T47/><D97/><U32/><E67/><V58/><F132/><W54/><AGARI ba="0,1" hai="1,2,17,19,29,31,52,54,72,74,84,87,93,95" machi="54" ten="25,16000,3" yaku="1,1,2,1,0,1,22,2,52,2,54,1,53,0" doraHai="26" doraHaiUra="85" who="3" fromWho="3" sc="195,-40,384,-40,144,-80,267,170" /><INIT seed="3,0,0,3,5,111" ten="155,344,64,437" oya="3" hai0="44,73,96,30,31,55,45,65,18,94,123,64,120" hai1="19,23,4,39,66,60,105,72,5,127,37,15,113" hai2="71,88,104,22,13,95,6,90,3,9,135,106,132" hai3="14,1,115,61,54,49,82,40,41,89,42,11,17"/><W119/><G119/><T47/><D73/><U48/><E105/><V130/><F71/><W58/><G1/><T38/><D38/><U26/><E72/><V68/><F68/><W0/><G0/><T12/><D55/><U85/><E127/><V52/><F130/><W118/><G118/><T101/><D123/><U8/><E5/><V76/><F76/><W133/><G133/><N who="2" m="51273" /><F90/><W81/><G115/><T80/><D80/><U59/><E113/><V103/><F103/><W131/><G131/><T74/><D74/><U98/><E98/><N who="2" m="57703" /><F52/><N who="3" m="33991" /><G89/><T126/><D126/><U25/><E85/><V62/><F62/><W10/><G10/><N who="0" m="6423" /><D120/><U16/><E48/><V112/><F112/><W32/><G32/><T24/><D31/><U102/><E102/><V83/><F83/><W21/><G11/><T107/><D107/><N who="2" m="41002" /><F22/><AGARI ba="0,0" hai="22,24,30,44,45,47,64,65,94,96,101" m="6423" machi="22" ten="30,1000,0" yaku="8,1" doraHai="111" who="0" fromWho="2" sc="155,10,344,0,64,-10,437,0" /><AGARI ba="0,0" hai="4,8,15,16,19,22,23,25,26,37,39,59,60,66" machi="22" ten="40,2600,0" yaku="9,1,54,1" doraHai="111" who="1" fromWho="2" sc="165,0,344,26,54,-26,437,0" /><INIT seed="4,0,0,2,1,116" ten="165,370,28,437" oya="0" hai0="114,77,2,7,66,63,73,124,135,65,38,53,121" hai1="120,128,15,93,76,87,91,14,12,58,90,119,59" hai2="23,97,51,48,89,99,98,112,21,72,43,33,28" hai3="19,57,108,75,52,17,32,16,29,85,82,24,62"/><T5/><D77/><U95/><E119/><V41/><F112/><W118/><G118/><T92/><D73/><U64/><E128/><V127/><F72/><W81/><G75/><T106/><D92/><U84/><E76/><V94/><F127/><W110/><REACH who="3" step="1"/><G85/><REACH who="3" ten="165,370,28,427" step="2"/><T31/><D124/><U45/><E120/><V8/><F33/><W9/><G9/><T88/><D121/><U129/><E129/><V4/><F21/><W125/><G125/><T60/><D114/><U130/><E130/><V44/><F23/><W105/><G105/><T18/><D106/><U131/><E131/><V67/><F28/><W46/><G46/><T68/><D31/><U54/><REACH who="1" step="1"/><E64/><REACH who="1" ten="165,360,28,427" step="2"/><V22/><F67/><W25/><G25/><T61/><D65/><U100/><E100/><V111/><F111/><AGARI ba="0,2" hai="16,17,19,24,29,32,52,57,62,81,82,108,110,111" machi="111" ten="40,5200,0" yaku="1,1,54,2,53,0" doraHai="116" doraHaiUra="113" who="3" fromWho="2" sc="165,0,360,0,28,-52,427,72" owari="165,-23.0,360,16.0,-24,-52.0,499,59.0" /></mjloggm>