<mjloggm ver="2.3"><GO type="169" lobby="0"/><UN n0="%E9%B4%A8%E8%91%B1%E5%A4%AA%E9%83%8E" n1="%E6%B2%B3%E5%B6%8B%4B%4B" n2="%64%75%72%72%72%72%72" n3="%E8%BD%9F%E9%8B%BC%E9%89%84" dan="17,19,18,16" rate="2162.30,2287.55,2249.61,2210.60" sx="M,M,M,M"/><TAIKYOKU oya="0"/><INIT seed="0,0,0,5,3,48" ten="250,250,250,250" oya="0" hai0="129,131,76,82,0,10,104,83,103,14,101,135,20" hai1="96,105,35,40,52,53,15,60,69,121,57,62,45" hai2="21,50,91,19,126,95,42,9,34,98,120,55,6" hai3="65,134,38,31,8,94,25,28,44,80,37,63,30"/><T118/><D118/><U125/><E121/><V106/><F34/><W12/><G134/><T58/><D0/><U92/><E125/><V89/><F126/><W1/><G94/><T112/><D112/><U117/><E117/><V41/><F106/><W79/><G1/><T11/><D104/><U128/><E128/><V39/><F39/><W46/><G38/><T132/><D58/><U2/><E2/><V72/><F72/><W127/><G127/><T29/><D29/><U26/><E105/><V66/><F66/><W70/><G37/><T81/><D20/><U61/><E69/><V111/><F111/><W67/><G65/><T51/><D51/><N who="1" m="27047" /><E35/><V78/><F78/><W113/><G113/><T107/><D107/><U59/><E26/><N who="2" m="14655" /><F91/><W54/><G25/><T7/><D76/><U86/><E86/><V17/><F6/><W123/><G123/><T18/><D18/><U85/><E85/><V116/><F116/><W93/><G70/><T115/><D115/><U130/><E130/><N who="0" m="49673" /><D10/><U124/><E124/><V74/><F74/><W5/><G67/><T133/><AGARI ba="0,0" hai="7,11,14,81,82,83,101,103,132,133,135" m="49673" machi="133" ten="40,3900,0" yaku="20,1,19,1" doraHai="48" who="0" fromWho="0" sc="250,39,250,-13,250,-13,250,-13" /><INIT seed="0,1,0,0,2,120" ten="289,237,237,237" oya="0" hai0="119,20,39,38,104,40,95,83,75,87,118,5,6" hai1="22,12,61,94,57,133,44,2,66,96,124,48,3" hai2="8,43,37,131,123,29,69,18,21,78,46,27,132" hai3="117,17,97,135,125,112,84,28,88,13,51,15,52"/><T45/><D39/><U24/><E124/><V53/><F123/><W49/><G125/><T68/><D68/><U58/><E133/><V99/><F69/><W116/><G112/><T110/><D104/><U70/><E12/><V77/><F132/><W19/><G135/><T113/><D113/><U50/><E58/><V63/><F131/><W103/><G28/><T79/><D20/><U76/><E50/><V106/><F63/><W16/><G49/><T128/><D128/><U89/><E76/><V64/><F53/><W32/><G32/><T55/><D55/><U85/><E85/><V26/><F64/><W35/><G35/><T74/><D74/><U34/><E34/><V36/><F36/><W59/><G117/><T129/><D129/><U86/><E86/><V93/><F106/><W1/><G1/><T72/><D72/><U127/><E70/><V111/><F111/><W31/><G31/><T105/><D105/><U14/><E14/><V108/><F108/><W98/><G116/><T121/><D110/><U109/><E109/><V23/><REACH who="2" step="1"/><F8/><REACH who="2" ten="289,237,227,237" step="2"/><W101/><G98/><T47/><D121/><U102/><E127/><V65/><F65/><W56/><G56/><T107/><D107/><U114/><E114/><V134/><F134/><W30/><G30/><T91/><D47/><U4/><E44/><V0/><F0/><W73/><G97/><T130/><D130/><U25/><E48/><V81/><F81/><N who="3" m="49167" /><G73/><T90/><D119/><U10/><E3/><V33/><F33/><W60/><G60/><T71/><D118/><U92/><E22/><V9/><F9/><RYUUKYOKU ba="1,1" sc="289,-30,237,10,227,10,237,10" hai1="2,4,10,24,25,57,61,66,89,92,94,96,102" hai2="18,21,23,26,27,29,37,43,46,77,78,93,99" hai3="13,15,16,17,19,51,52,59,101,103" /><INIT seed="1,2,1,2,4,18" ten="259,247,237,247" oya="1" hai0="2,106,14,1,123,68,7,124,128,56,73,25,117" hai1="118,80,60,115,105,5,27,108,85,76,0,43,88" hai2="78,90,81,65,58,33,51,77,26,55,40,87,21" hai3="113,135,11,42,116,52,119,49,122,34,99,20,107"/><U111/><E115/><V89/><F33/><W79/><G34/><T130/><D56/><U133/><E118/><N who="3" m="45098" /><G113/><T36/><D25/><U63/><E133/><V125/><F125/><W82/><G42/><T4/><D14/><U62/><E105/><V101/><F101/><N who="3" m="62911" /><G11/><T72/><D7/><U44/><E5/><V64/><F40/><W54/><G135/><T8/><D73/><U134/><E0/><V46/><F90/><W110/><G110/><N who="1" m="42026" /><E134/><V92/><F46/><W6/><G122/><T109/><D4/><U41/><E76/><N who="2" m="29291" /><F81/><W129/><G129/><T23/><D2/><U83/><E83/><V48/><F51/><W69/><G69/><T45/><D1/><U96/><E96/><V3/><F3/><W97/><G97/><T13/><D130/><U50/><E43/><V75/><F75/><N who="3" m="43391" /><G49/><T98/><D128/><U10/><E10/><V39/><F39/><W29/><G6/><T95/><D8/><U30/><E62/><V32/><F32/><AGARI ba="2,1" hai="27,30,32,41,44,50,60,63,80,85,88" m="42026" machi="32" ten="30,5800,0" yaku="14,1,10,1,54,1" doraHai="18" who="1" fromWho="2" sc="259,0,247,74,237,-64,247,0" /><INIT seed="1,3,0,3,3,49" ten="259,321,173,247" oya="1" hai0="112,93,68,108,2,21,113,23,72,25,38,92,19" hai1="134,41,67,1,5,69,54,61,10,26,28,86,125" hai2="96,59,3,127,18,110,24,22,102,50,30,74,14" hai3="57,47,13,7,29,37,84,94,91,43,12,77,0"/><U65/><E125/><V27/><F3/><W79/><G29/><T60/><D72/><U15/><E134/><V20/><F74/><W8/><G57/><T98/><D38/><U117/><E117/><V85/><F127/><W103/><G103/><T130/><D2/><U133/><E133/><V45/><F110/><W33/><G33/><T17/><D108/><U122/><E122/><V32/><F59/><W111/><G111/><T97/><D130/><U44/><E67/><V76/><F85/><W42/><G42/><T131/><D131/><U55/><E1/><V116/><F76/><W56/><G56/><T114/><D60/><U63/><E86/><V64/><F64/><W121/><G121/><T16/><D68/><U51/><REACH who="1" step="1"/><E63/><REACH who="1" ten="259,311,173,247" step="2"/><V90/><F116/><W71/><G0/><T95/><REACH who="0" step="1"/><D25/><REACH who="0" ten="249,311,173,247" step="2"/><U106/><E106/><V83/><F27/><W40/><G37/><T120/><D120/><U118/><E118/><V129/><F129/><W128/><G128/><T58/><D58/><U101/><E101/><V66/><F102/><W105/><G71/><T34/><D34/><AGARI ba="3,2" hai="5,10,15,26,28,34,41,44,51,54,55,61,65,69" machi="34" ten="30,12000,1" yaku="1,1,7,1,52,2,53,1" doraHai="49" doraHaiUra="36" who="1" fromWho="0" sc="249,-129,311,149,173,0,247,0" /><INIT seed="1,4,0,2,2,133" ten="120,460,173,247" oya="1" hai0="109,63,14,87,72,123,49,57,81,37,52,4,15" hai1="114,64,96,60,67,32,2,41,73,130,50,76,35" hai2="12,75,56,26,82,24,131,116,48,23,122,90,18" hai3="89,7,88,53,39,100,66,40,19,44,108,20,110"/><U58/><E114/><V47/><F122/><W86/><G100/><T134/><D72/><U51/><E2/><V95/><F116/><W128/><G128/><T92/><D37/><U42/><E73/><V121/><F121/><W34/><G34/><T80/><D134/><U30/><E76/><V1/><F1/><W94/><G66/><T118/><D118/><U9/><E9/><V74/><F82/><N who="0" m="31850" /><D109/><U113/><E113/><V97/><F131/><W62/><G7/><T16/><D123/><U129/><E96/><V85/><F24/><W125/><G89/><N who="0" m="53311" /><D4/><U27/><E27/><V79/><F79/><W61/><G53/><T59/><D16/><U102/><E102/><V25/><F25/><W104/><G104/><T70/><D70/><U111/><E111/><N who="3" m="42538" /><G19/><T120/><D120/><U8/><E8/><V33/><F97/><W101/><G101/><T6/><D6/><U127/><E60/><N who="3" m="23146" /><G20/><T115/><D115/><U29/><REACH who="1" step="1"/><E58/><REACH who="1" ten="120,450,173,247" step="2"/><V43/><F56/><W107/><G107/><T68/><D68/><U28/><E28/><V77/><F77/><W105/><G105/><T98/><D98/><U78/><E78/><V106/><F106/><W5/><G5/><T132/><D132/><U22/><E22/><V46/><F75/><W55/><G86/><T13/><D63/><U36/><E36/><V31/><F74/><W10/><G39/><T84/><D59/><U112/><E112/><V135/><F135/><W0/><G10/><T83/><D84/><U65/><E65/><V126/><F85/><W99/><G0/><T11/><D11/><U91/><E91/><RYUUKYOKU ba="4,1" sc="120,15,450,15,173,-15,247,-15" hai0="13,14,15,49,52,57,83" hai1="29,30,32,35,41,42,50,51,64,67,127,129,130" /><INIT seed="1,5,1,0,5,84" ten="135,465,158,232" oya="1" hai0="1,135,30,14,11,96,26,122,60,71,62,126,55" hai1="20,87,108,127,124,104,70,75,67,25,131,69,10" hai2="39,56,13,50,129,45,101,58,5,130,90,6,34" hai3="48,77,21,95,53,12,93,80,51,29,40,88,72"/><U54/><E75/><V31/><F39/><W15/><G95/><T123/><D1/><U92/><E104/><V81/><F101/><W128/><G128/><N who="2" m="49257" /><F31/><W59/><G40/><T2/><D2/><U79/><E131/><V7/><F34/><W105/><G105/><T98/><D135/><U32/><E32/><V49/><F13/><W107/><G107/><T113/><D113/><U37/><E37/><V111/><F111/><W115/><G48/><N who="2" m="18537" /><F45/><W47/><G47/><T61/><D55/><U116/><E54/><V118/><F118/><W110/><G110/><T8/><D71/><U103/><E116/><V38/><F38/><W132/><G132/><T94/><D126/><U46/><E46/><V43/><F43/><W83/><G115/><T41/><D41/><U76/><E108/><V9/><F9/><W42/><G42/><T24/><D30/><U19/><E10/><N who="0" m="3625" /><D14/><U0/><E0/><V35/><F35/><W3/><G3/><T97/><D94/><U134/><E134/><V86/><AGARI ba="5,1" hai="5,6,7,56,58,81,86,90" m="18537,49257" machi="86" ten="40,2700,0" yaku="19,1,52,1" doraHai="84" who="2" fromWho="2" sc="135,-12,465,-18,158,52,232,-12" /><INIT seed="2,0,0,1,3,97" ten="123,447,210,220" oya="2" hai0="36,94,75,5,70,43,68,133,60,77,108,86,96" hai1="113,24,39,66,121,61,102,4,18,95,124,23,82" hai2="48,3,17,106,42,79,63,74,98,21,107,2,29" hai3="25,90,10,0,101,62,109,128,76,34,9,55,71"/><V44/><F29/><W15/><G109/><T16/><D75/><U117/><E113/><V46/><F107/><W6/><G76/><T104/><D104/><U103/><E117/><V45/><F45/><W22/><G128/><T47/><D108/><U91/><E39/><V118/><F118/><W65/><G34/><T67/><D5/><U88/><E124/><V1/><F63/><W84/><G55/><T115/><D115/><U114/><E121/><V123/><F123/><W111/><G111/><T134/><D70/><U54/><E4/><V78/><F74/><W58/><G9/><T30/><D30/><U129/><E129/><V130/><F46/><W132/><G132/><T12/><D86/><N who="1" m="50263" /><E66/><V28/><F28/><W11/><G71/><T100/><REACH who="0" step="1"/><D77/><REACH who="0" ten="113,447,210,220" step="2"/><U73/><E73/><V7/><F7/><W126/><G6/><T40/><D40/><U93/><E114/><V122/><F122/><W135/><G126/><T50/><D50/><U56/><E95/><V110/><F110/><W125/><G125/><T53/><D53/><U8/><E8/><AGARI ba="0,1" hai="8,12,16,36,43,47,60,67,68,94,96,100,133,134" machi="8" ten="40,8000,1" yaku="1,1,52,1,54,1,53,1" doraHai="97" doraHaiUra="13" who="0" fromWho="1" sc="113,90,447,-80,210,0,220,0" /><INIT seed="3,0,0,5,1,76" ten="203,367,210,220" oya="3" hai0="54,125,94,43,12,121,111,30,114,3,41,118,97" hai1="33,20,78,40,133,106,39,108,5,31,25,6,63" hai2="70,123,1,103,64,17,130,55,101,35,77,8,51" hai3="9,98,62,72,13,29,48,2,124,44,47,58,27"/><W69/><G124/><T102/><D3/><U11/><E106/><V113/><F113/><W86/><G72/><T107/><D118/><U74/><E108/><V60/><F35/><W0/><G69/><T116/><D116/><U16/><E133/><V23/><F130/><W89/><G98/><T45/><D121/><U68/><E40/><V59/><F123/><W83/><G62/><T126/><D111/><U75/><E39/><V4/><REACH who="2" step="1"/><F77/><REACH who="2" ten="203,367,200,220" step="2"/><W95/><G0/><T42/><D114/><U99/><E78/><V19/><F19/><W104/><G2/><T109/><D109/><U66/><E6/><V26/><AGARI ba="0,1" hai="1,4,8,17,23,26,51,55,59,60,64,70,101,103" machi="26" ten="20,5200,0" yaku="1,1,0,1,7,1,53,1" doraHai="76" doraHaiUra="21" who="2" fromWho="2" sc="203,-13,367,-13,200,62,220,-26" /><INIT seed="4,0,0,0,5,57" ten="190,354,262,194" oya="0" hai0="17,24,96,130,72,102,108,63,0,51,29,92,13" hai1="83,111,125,7,22,112,106,34,43,127,2,90,99" hai2="47,82,101,27,6,50,60,128,31,93,100,61,62" hai3="71,77,104,69,48,133,39,73,122,54,18,14,3"/><T74/><D0/><U66/><E34/><V97/><F128/><W76/><G104/><T78/><D130/><U131/><E131/><V25/><F6/><W28/><G39/><T116/><D116/><U84/><E111/><V119/><F119/><W124/><G28/><T113/><D108/><U15/><E43/><N who="2" m="24959" /><F31/><W115/><G122/><T41/><D78/><U134/><E134/><V64/><F64/><W68/><G133/><T86/><D86/><U49/><E49/><V67/><F67/><W5/><G5/><T103/><D103/><N who="2" m="39498" /><F82/><W75/><G3/><T52/><D41/><U81/><E81/><V123/><F123/><W129/><G75/><T56/><D113/><U59/><E106/><V126/><F126/><W132/><G115/><T55/><D55/><U114/><E114/><V94/><F94/><W42/><G124/><T16/><D51/><U9/><E112/><V10/><F10/><W118/><G118/><T88/><D102/><AGARI ba="0,0" hai="25,27,60,61,62,93,97,102" m="39498,24959" machi="102" ten="30,7700,0" yaku="8,1,52,3" doraHai="57" who="2" fromWho="0" sc="190,-77,354,0,262,77,194,0" /><INIT seed="5,0,0,1,4,120" ten="113,354,339,194" oya="1" hai0="104,62,57,67,39,5,74,111,128,91,68,45,98" hai1="52,135,59,72,11,132,64,47,119,109,7,116,51" hai2="61,20,130,90,124,19,73,42,110,122,56,118,94" hai3="63,81,105,87,23,115,83,32,76,123,10,82,89"/><U14/><E72/><V97/><F122/><W21/><G32/><T26/><D128/><U114/><E114/><V43/><F118/><W95/><G123/><T50/><D74/><U131/><E131/><V106/><F110/><W107/><G115/><T108/><D5/><U12/><E12/><V40/><F130/><W49/><G10/><T102/><D91/><U77/><E77/><V126/><F73/><W1/><G1/><T112/><D112/><U127/><E127/><V53/><REACH who="2" step="1"/><F106/><REACH who="2" ten="113,354,329,194" step="2"/><W92/><G107/><T78/><D78/><U8/><E109/><V96/><F96/><W27/><G105/><T33/><D39/><U15/><E119/><V103/><F103/><W24/><G76/><T41/><REACH who="0" step="1"/><D57/><REACH who="0" ten="103,354,329,194" step="2"/><U34/><E116/><V86/><F86/><W46/><G87/><T13/><D13/><AGARI ba="0,2" hai="13,19,20,40,42,43,53,56,61,90,94,97,124,126" machi="13" ten="40,1300,0" yaku="1,1,53,0" doraHai="120" doraHaiUra="121" who="2" fromWho="0" sc="103,-13,354,0,329,33,194,0" /><INIT seed="6,0,0,5,1,24" ten="90,354,362,194" oya="2" hai0="117,131,104,64,51,114,26,133,44,75,108,127,28" hai1="36,78,79,17,119,1,84,70,32,88,61,135,109" hai2="46,45,77,4,129,9,83,7,80,90,37,93,50" hai3="38,0,124,30,67,73,40,65,31,18,113,48,122"/><V21/><F129/><W125/><G73/><T107/><D64/><N who="3" m="24649" /><G0/><T76/><D117/><U87/><E109/><V2/><F7/><W13/><G38/><T27/><D108/><U115/><E119/><V86/><F37/><W62/><G62/><T29/><D131/><U55/><E70/><V59/><F83/><W102/><G122/><T96/><D96/><U54/><E36/><V81/><F81/><W89/><G89/><T118/><D118/><U52/><E135/><V11/><F11/><W23/><G102/><T111/><D111/><U101/><E101/><V56/><F21/><W97/><G97/><T69/><D69/><U106/><E106/><V3/><F46/><N who="3" m="25671" /><G113/><T10/><D114/><U53/><E1/><V33/><F33/><W58/><G58/><T71/><D71/><U12/><E32/><V49/><F49/><W98/><G98/><T128/><D128/><U68/><E68/><V16/><F2/><W8/><G8/><T60/><D60/><U123/><E123/><V25/><F45/><W15/><G15/><T112/><D112/><U43/><E43/><V57/><F50/><W92/><G92/><T66/><D66/><U42/><E42/><V20/><REACH who="2" step="1"/><F59/><REACH who="2" ten="90,354,352,194" step="2"/><W72/><G72/><AGARI ba="0,1" hai="3,4,9,16,20,25,56,57,72,77,80,86,90,93" machi="72" ten="30,12000,1" yaku="1,1,2,1,7,1,54,1,53,1" doraHai="24" doraHaiUra="82" who="2" fromWho="3" sc="90,0,354,0,352,130,194,-120" /><INIT seed="6,1,0,3,4,50" ten="90,354,482,74" oya="2" hai0="102,35,74,96,53,92,107,77,37,58,129,51,94" hai1="71,100,134,87,132,4,109,115,98,60,1,23,44" hai2="39,54,59,34,69,105,121,62,17,7,135,75,46" hai3="5,86,48,88,55,117,103,125,82,21,126,91,84"/><V95/><F105/><W2/><G117/><T31/><D37/><U33/><E109/><V111/><F75/><W83/><G103/><T78/><D129/><U61/><E33/><V64/><F34/><W116/><G21/><T128/><D128/><U97/><E115/><V76/><F76/><W47/><REACH who="3" step="1"/><G116/><REACH who="3" ten="90,354,482,64" step="2"/><T40/><D35/><U43/><E100/><V10/><F111/><W120/><G120/><T56/><D74/><U45/><E23/><V101/><F121/><W130/><G130/><T19/><D107/><U12/><E134/><V119/><F101/><W99/><G99/><T9/><D31/><U124/><E98/><V3/><F135/><W72/><G72/><T63/><D40/><U42/><E97/><V18/><F119/><W8/><AGARI ba="1,1" hai="2,5,8,47,48,55,82,83,84,86,88,91,125,126" machi="8" ten="30,8000,1" yaku="1,1,0,1,9,1,52,1,54,1,53,0" doraHai="50" doraHaiUra="26" who="3" fromWho="3" sc="90,-21,354,-21,482,-41,64,93" /><INIT seed="7,0,0,2,0,28" ten="69,333,441,157" oya="3" hai0="113,123,4,115,40,43,71,1,25,81,134,122,70" hai1="77,119,7,36,63,62,127,82,87,68,56,132,65" hai2="35,44,30,5,104,31,103,11,74,39,91,29,85" hai3="14,84,61,45,46,94,48,75,27,37,101,125,128"/><W83/><G75/><T26/><D1/><U38/><E127/><V33/><F74/><W95/><G125/><T42/><D4/><U73/><E132/><V131/><F131/><W80/><G128/><T23/><D23/><U64/><E119/><V120/><F120/><W51/><G37/><T78/><D78/><U16/><E7/><V98/><F44/><W79/><G83/><T50/><D81/><U106/><E106/><V53/><F53/><N who="3" m="29839" /><G101/><T0/><D0/><U2/><E2/><V57/><F57/><W105/><G105/><T34/><D50/><U58/><E68/><N who="0" m="26153" /><D134/><U89/><E16/><V96/><F96/><W93/><G27/><N who="0" m="10251" /><D34/><U99/><E99/><V86/><F39/><W97/><G97/><T111/><D111/><U126/><E126/><V54/><F86/><W102/><G95/><AGARI ba="0,0" hai="36,38,56,58,62,63,64,65,73,77,82,87,89,95" machi="95" ten="30,2000,0" yaku="7,1,9,1" doraHai="28" who="1" fromWho="3" sc="69,0,333,20,441,0,157,-20" owari="69,-43.0,353,15.0,441,54.0,137,-26.0" /></mjloggm>