<mjloggm ver="2.3"><GO type="169" lobby="0"/><UN n0="%E3%82%86%E3%81%86%E3%81%95%E3%81%8F%EF%BD%90" n1="%4B%69%7A%75%6E%65%72" n2="%E3%81%98%E3%81%98%E3%81%84%E3%81%8C%E5%91%BC%E3%82%93%E3%81%A0" n3="%E6%84%9B%E5%86%85%E9%87%8C%E8%8F%9C" dan="16,17,16,18" rate="2078.49,2178.02,2125.44,2162.85" sx="M,F,M,F"/><TAIKYOKU oya="0"/><INIT seed="0,0,0,0,1,132" ten="250,250,250,250" oya="0" hai0="91,65,78,89,19,67,130,0,27,96,72,2,80" hai1="84,88,58,30,37,101,94,39,61,54,77,121,52" hai2="3,126,79,95,117,11,76,45,119,38,13,20,120" hai3="83,16,50,55,29,4,116,41,18,64,32,23,100"/><T59/><D130/><U28/><E121/><V12/><F120/><W114/><G114/><T122/><D122/><U86/><E101/><V36/><F126/><W69/><G116/><N who="2" m="44617" /><F45/><W35/><G41/><T47/><D47/><U128/><E128/><V118/><N who="2" m="44625" /><V63/><DORA hai="127" /><F63/><W73/><G4/><T62/><D67/><U49/><E39/><N who="2" m="14891" /><F95/><W115/><G115/><T6/><D96/><U7/><E7/><N who="2" m="1535" /><F20/><W71/><G100/><T93/><D93/><U51/><E37/><V15/><AGARI ba="0,0" hai="12,13,15,76,79" m="1535,14891,44625" machi="15" ten="50,1600,0" yaku="12,1" doraHai="132,127" who="2" fromWho="2" sc="250,-8,250,-4,250,16,250,-4" /><INIT seed="1,0,0,3,0,68" ten="242,246,266,246" oya="1" hai0="7,104,76,11,111,114,115,58,107,0,61,83,117" hai1="64,22,53,98,29,80,12,15,74,21,47,46,6" hai2="97,8,48,23,124,135,57,109,103,28,116,126,71" hai3="129,130,32,94,93,1,69,16,52,78,25,10,119"/><U35/><E64/><V85/><F109/><W96/><G69/><T40/><D117/><U27/><E98/><V105/><F116/><W75/><G119/><T128/><D128/><N who="3" m="49257" /><G1/><T110/><D40/><U108/><E108/><N who="0" m="41513" /><D58/><U86/><E74/><V59/><F135/><W90/><G32/><T67/><D61/><U26/><E35/><V123/><F123/><W122/><G122/><T54/><D54/><U36/><E36/><V81/><F71/><W89/><G78/><T63/><D63/><U112/><E112/><N who="0" m="43049" /><D67/><U84/><E6/><V14/><F23/><N who="3" m="13543" /><G10/><T121/><D121/><U2/><E2/><V66/><F28/><W118/><G75/><AGARI ba="0,0" hai="0,7,11,75,76,83,104,107" m="43049,41513" machi="75" ten="30,2000,0" yaku="14,1,23,1" doraHai="68" who="0" fromWho="3" sc="242,20,246,0,266,0,246,-20" /><INIT seed="2,0,0,4,3,86" ten="262,246,266,226" oya="2" hai0="98,71,114,25,27,12,116,135,42,9,92,44,59" hai1="104,62,117,67,108,133,8,41,120,87,50,54,16" hai2="101,53,107,56,43,76,20,21,33,34,52,127,130" hai3="58,28,73,80,111,39,93,63,109,38,17,0,84"/><V24/><F127/><W66/><G0/><T128/><D114/><U79/><E117/><V123/><F123/><W125/><G125/><T2/><D71/><U68/><E108/><N who="3" m="41546" /><G28/><T85/><D128/><U106/><E133/><V51/><F130/><W31/><G31/><T74/><D74/><U3/><E120/><V102/><F43/><W81/><G17/><T1/><D135/><U121/><E41/><V90/><F76/><N who="3" m="44047" /><G93/><T30/><D59/><U64/><E64/><V83/><F34/><W29/><G29/><T94/><D85/><U7/><E121/><V118/><F33/><W100/><G100/><N who="2" m="38505" /><F107/><W69/><G69/><T36/><D94/><U47/><REACH who="1" step="1"/><E16/><REACH who="1" ten="262,236,266,226" step="2"/><V37/><F118/><W82/><G82/><AGARI ba="0,1" hai="3,7,8,47,50,54,62,67,68,79,82,87,104,106" machi="82" ten="40,5200,0" yaku="1,1,2,1,53,1" doraHai="86" doraHaiUra="72" who="1" fromWho="3" sc="262,0,236,62,266,0,226,-52" /><INIT seed="3,0,0,4,2,84" ten="262,298,266,174" oya="3" hai0="59,74,63,46,85,110,15,133,127,132,69,81,89" hai1="104,25,9,107,116,122,123,86,41,35,90,117,40" hai2="42,129,91,22,114,121,82,44,97,36,54,56,33" hai3="29,32,95,128,50,73,17,109,14,38,11,71,105"/><W45/><G128/><T37/><D110/><U62/><E9/><V77/><F114/><W55/><G109/><T94/><D127/><U100/><E62/><V58/><F129/><W76/><G105/><N who="1" m="40522" /><E100/><V3/><F33/><W53/><G71/><T87/><D69/><U30/><E41/><V0/><F121/><W112/><G112/><T10/><D74/><U13/><E40/><V101/><F91/><W43/><G95/><T61/><D46/><U24/><E13/><V18/><F58/><W52/><G29/><T113/><D37/><U51/><E51/><V57/><F56/><W83/><REACH who="3" step="1"/><G32/><REACH who="3" ten="262,298,266,164" step="2"/><T66/><D113/><U72/><E30/><V12/><F101/><W75/><G75/><T31/><D31/><U108/><E72/><V1/><F97/><W106/><G106/><T60/><D87/><U65/><E35/><V93/><F93/><W21/><G21/><T126/><D126/><U92/><E108/><V47/><F22/><W134/><G134/><N who="0" m="51819" /><D94/><U79/><E122/><V68/><F68/><W124/><G124/><T111/><D111/><U135/><E123/><V6/><F36/><AGARI ba="0,1" hai="11,14,17,36,38,43,45,50,52,53,55,73,76,83" machi="36" ten="40,12000,1" yaku="1,1,54,1,53,2" doraHai="84" doraHaiUra="70" who="3" fromWho="2" sc="262,0,298,0,266,-120,164,130" /><INIT seed="3,1,0,3,2,45" ten="262,298,146,294" oya="3" hai0="100,82,4,10,63,116,115,109,59,68,124,129,23" hai1="36,121,37,85,91,86,70,105,46,0,110,26,103" hai2="29,20,92,128,28,2,83,123,71,122,102,41,132" hai3="40,5,6,107,135,94,15,89,55,84,49,38,22"/><W1/><G135/><T111/><D116/><U104/><E121/><N who="2" m="46091" /><F132/><W66/><G107/><T76/><D124/><U93/><E70/><V74/><F128/><W43/><G66/><T57/><D129/><U96/><E0/><V133/><F133/><W7/><G38/><T69/><D100/><U32/><E110/><N who="0" m="41993" /><D23/><U21/><E105/><V53/><F41/><N who="3" m="15947" /><G1/><N who="0" m="271" /><D115/><U42/><E32/><V119/><F71/><N who="0" m="27210" /><D63/><U50/><REACH who="1" step="1"/><E86/><AGARI ba="1,0" hai="57,59,76,82,86" m="27210,271,41993" machi="86" ten="30,1000,0" yaku="14,1" doraHai="45" who="0" fromWho="1" sc="262,13,298,-13,146,0,294,0" /><INIT seed="4,0,0,1,1,116" ten="275,285,146,294" oya="0" hai0="50,124,52,39,132,68,112,15,25,78,53,55,77" hai1="4,11,97,109,63,100,111,131,36,62,19,8,32" hai2="118,70,29,34,21,49,110,93,18,121,17,115,23" hai3="113,92,12,73,6,24,84,14,16,86,7,75,13"/><T106/><D112/><U65/><E131/><V76/><F115/><W94/><G113/><T104/><D124/><U80/><E36/><V44/><F110/><W56/><G56/><T103/><D132/><U2/><E32/><V61/><F118/><W114/><G114/><T28/><D39/><U38/><E38/><V71/><F34/><W20/><G73/><T87/><D68/><U125/><E125/><V107/><F107/><W82/><G75/><T130/><D130/><U127/><E127/><V135/><F135/><W41/><G41/><T105/><D15/><N who="3" m="5705" /><G86/><T57/><D103/><U42/><E19/><V33/><F33/><W81/><G81/><T128/><D128/><U83/><E42/><V26/><F76/><N who="3" m="46151" /><G6/><T133/><D133/><U54/><E4/><V64/><F71/><W122/><G122/><T51/><D87/><U10/><E2/><V90/><F23/><W1/><G1/><T43/><D43/><U69/><E111/><V35/><F35/><W126/><G126/><T22/><REACH who="0" step="1"/><D55/><REACH who="0" ten="265,285,146,294" step="2"/><U102/><E109/><V27/><F27/><W117/><G117/><T89/><D89/><U123/><E102/><V31/><F90/><W72/><G72/><T88/><D88/><U40/><E54/><V58/><F70/><W37/><G37/><T96/><D96/><U0/><E97/><V119/><F119/><W45/><G7/><T99/><D99/><U5/><E100/><V30/><F93/><N who="3" m="35947" /><G24/><T98/><D98/><U9/><E69/><V60/><F26/><W74/><G74/><T47/><AGARI ba="0,1" hai="22,25,28,47,50,51,52,53,57,77,78,104,105,106" machi="47" ten="30,6000,0" yaku="1,1,0,1,54,1,53,0" doraHai="116" doraHaiUra="85" who="0" fromWho="0" sc="265,70,285,-20,146,-20,294,-20" /><INIT seed="4,1,0,4,5,79" ten="335,265,126,274" oya="0" hai0="20,81,104,129,96,14,10,111,1,30,56,52,59" hai1="106,120,4,110,86,6,44,72,60,118,80,36,89" hai2="124,116,83,91,47,26,122,55,75,43,15,99,23" hai3="27,128,41,108,92,107,17,42,46,77,90,28,12"/><T126/><D129/><U13/><E118/><V102/><F122/><W16/><G108/><T50/><D126/><U66/><E110/><V35/><F124/><W3/><G3/><T25/><D111/><U69/><E120/><V97/><F116/><W119/><G107/><T32/><D81/><U100/><E72/><V135/><F135/><W63/><G128/><T117/><D117/><U74/><E74/><V125/><F125/><W8/><G119/><T101/><D1/><U70/><E70/><V132/><F132/><W133/><G133/><T127/><D127/><U67/><E67/><V134/><F134/><W21/><G77/><T121/><D121/><U33/><E33/><V73/><F73/><W94/><G63/><T78/><D78/><U88/><E89/><V112/><F35/><W40/><G46/><T76/><D76/><U53/><E13/><V29/><F15/><W65/><G65/><T34/><REACH who="0" step="1"/><D56/><REACH who="0" ten="325,265,126,274" step="2"/><U93/><E80/><V19/><F75/><W24/><REACH who="3" step="1"/><G90/><REACH who="3" ten="325,265,126,264" step="2"/><T87/><D87/><U130/><E130/><V62/><F91/><W68/><G68/><T11/><D11/><U31/><E86/><V51/><F102/><W131/><G131/><T71/><D71/><U61/><E88/><V48/><F99/><W38/><G38/><T9/><D9/><U18/><E36/><V105/><F97/><W103/><G103/><T84/><D84/><U114/><E100/><V58/><F58/><W95/><G95/><T37/><D37/><U82/><E93/><V0/><F0/><W54/><G54/><T22/><D22/><AGARI ba="1,2" hai="8,12,16,17,21,22,24,27,28,40,41,42,92,94" machi="22" ten="40,8000,1" yaku="1,1,8,1,54,1,53,1" doraHai="79" doraHaiUra="7" who="3" fromWho="0" sc="325,-83,265,0,126,0,264,103" /><INIT seed="5,0,0,1,3,130" ten="242,265,126,367" oya="1" hai0="36,120,17,119,101,78,38,31,72,71,74,51,77" hai1="107,111,116,100,83,8,28,12,95,4,75,19,121" hai2="82,86,127,66,124,105,97,91,122,27,81,43,132" hai3="52,41,85,135,129,7,56,3,32,46,62,118,69"/><U133/><E116/><V79/><F43/><W93/><G32/><T96/><D119/><U34/><E121/><V11/><F66/><W58/><G69/><T10/><D120/><U18/><E111/><V90/><F122/><W104/><G104/><T102/><D71/><U61/><E107/><V50/><F50/><W23/><G3/><T25/><D51/><U26/><E133/><V134/><F11/><W128/><G7/><T24/><D10/><U125/><E125/><N who="2" m="48203" /><F27/><W2/><G2/><T14/><D14/><U20/><E61/><V45/><F45/><W64/><G23/><T54/><D96/><U29/><E29/><V76/><F105/><W84/><G118/><T42/><D42/><U80/><E75/><N who="2" m="43167" /><F97/><W55/><G64/><T110/><D110/><U5/><E5/><V103/><F103/><W13/><G13/><T1/><D1/><N who="1" m="15" /><E19/><V114/><F114/><W131/><G131/><T109/><D109/><U49/><E49/><V21/><F21/><W65/><G128/><T88/><D17/><U99/><AGARI ba="0,0" hai="12,18,20,26,28,34,80,83,95,99,100" m="15" machi="99" ten="30,1500,0" yaku="24,1" doraHai="130" who="1" fromWho="1" sc="242,-5,265,15,126,-5,367,-5" /><INIT seed="5,1,0,4,5,23" ten="237,280,121,362" oya="1" hai0="22,60,77,134,118,85,130,43,54,128,49,1,19" hai1="106,120,78,121,110,79,62,25,98,91,108,107,38" hai2="124,30,83,105,48,109,129,72,32,47,21,66,123" hai3="31,75,59,68,61,5,17,113,65,97,36,70,10"/><U131/><E131/><V45/><F109/><N who="1" m="42089" /><E38/><V42/><F123/><N who="1" m="47177" /><E62/><V55/><F124/><W28/><G36/><T15/><D118/><U57/><E57/><V3/><F129/><W53/><G75/><T11/><D134/><U84/><E25/><V133/><F133/><W93/><G68/><T74/><D74/><U44/><E44/><V101/><F3/><W132/><G70/><T76/><D130/><U2/><E2/><V40/><F32/><W127/><G59/><T39/><D128/><U82/><E98/><V88/><F66/><W63/><G97/><T135/><D135/><U104/><AGARI ba="1,0" hai="78,79,82,84,91,104,106,107" m="47177,42089" machi="104" ten="40,7800,0" yaku="10,1,34,2" doraHai="23" who="1" fromWho="1" sc="237,-27,280,81,121,-27,362,-27" /><INIT seed="5,2,0,4,0,27" ten="210,361,94,335" oya="1" hai0="115,129,43,28,106,52,59,104,47,118,62,57,81" hai1="96,3,80,107,120,123,125,68,51,110,121,33,111" hai2="56,134,8,11,79,102,112,31,42,89,70,86,126" hai3="74,55,76,14,9,122,135,65,23,93,6,32,83"/><U19/><E68/><V2/><F70/><W72/><G122/><T21/><D118/><U29/><E3/><V77/><F126/><W18/><G32/><T98/><D115/><U24/><E125/><V95/><F134/><W63/><G93/><T90/><D129/><U73/><E51/><V50/><F112/><W116/><G116/><T109/><D109/><N who="1" m="41483" /><E19/><V103/><F31/><W64/><G135/><T69/><D69/><U133/><E133/><V39/><F39/><W48/><G72/><T44/><D44/><U101/><E121/><V130/><F130/><W92/><G92/><T78/><D59/><U35/><E35/><V60/><F2/><W20/><G63/><T26/><D90/><U67/><E67/><V38/><F38/><W46/><REACH who="3" step="1"/><G20/><REACH who="3" ten="210,361,94,325" step="2"/><T15/><D106/><U85/><E73/><V25/><F103/><W132/><G132/><T17/><D104/><U7/><E7/><V113/><F102/><W124/><G124/><T12/><D98/><U88/><AGARI ba="2,1" hai="24,29,33,80,85,88,96,101,107,120,123" m="41483" machi="88" ten="30,6000,0" yaku="10,1,52,1,54,1" doraHai="27" who="1" fromWho="1" sc="210,-22,361,76,94,-22,325,-22" /><INIT seed="5,3,0,4,3,91" ten="188,437,72,303" oya="1" hai0="124,52,113,78,94,23,20,50,61,116,127,89,118" hai1="21,121,30,84,101,122,80,135,32,67,129,29,92" hai2="49,128,58,27,107,5,106,100,66,37,134,25,63" hai3="71,125,4,35,10,46,13,33,24,14,47,83,73"/><U96/><E135/><V105/><F134/><W108/><G71/><T39/><D113/><U41/><E129/><V17/><F128/><W56/><G108/><T112/><D112/><U7/><E32/><V99/><F37/><W75/><G125/><N who="0" m="48203" /><D39/><U87/><E41/><V48/><F5/><W86/><G56/><N who="0" m="32791" /><D78/><U93/><E7/><V0/><F0/><W68/><G68/><T18/><D61/><U26/><E67/><V38/><F38/><W69/><G69/><T114/><D114/><U3/><E3/><V12/><F49/><W42/><G14/><N who="0" m="9303" /><D23/><U130/><E130/><V74/><F74/><W98/><G46/><T126/><N who="0" m="48211" /><T9/><DORA hai="28" /><D9/><U110/><E110/><V95/><REACH who="2" step="1"/><F48/><REACH who="2" ten="188,437,62,303" step="2"/><W55/><G73/><T15/><D15/><U120/><E120/><V77/><F77/><W51/><G75/><T11/><D11/><AGARI ba="3,1" hai="11,12,17,25,27,58,63,66,95,99,100,105,106,107" machi="11" ten="40,5200,0" yaku="1,1,52,1,53,1" doraHai="91,28" doraHaiUra="8,43" who="2" fromWho="0" sc="188,-61,437,0,62,71,303,0" /><INIT seed="6,0,0,3,4,90" ten="127,437,133,303" oya="2" hai0="85,54,86,80,25,15,19,35,27,72,14,112,70" hai1="34,55,17,26,133,99,28,62,129,11,101,46,39" hai2="58,77,48,13,41,71,114,73,124,64,78,79,96" hai3="89,98,10,43,51,108,74,57,66,16,92,60,123"/><V132/><F114/><W69/><G108/><T122/><D122/><U111/><E133/><V2/><F124/><W93/><G123/><T4/><D70/><U23/><E111/><V83/><F132/><W107/><G74/><T24/><D35/><U118/><E118/><V104/><F2/><W106/><G69/><T91/><D112/><U12/><E129/><V42/><F73/><W115/><G115/><T88/><D72/><U18/><E39/><V63/><F83/><W130/><G130/><T21/><D54/><U32/><E18/><V50/><F104/><W9/><G106/><T29/><D14/><U82/><E82/><V5/><F71/><W125/><G107/><T109/><D109/><U33/><E62/><V3/><F3/><W65/><G65/><T1/><D4/><U117/><E117/><V44/><F96/><N who="3" m="57359" /><G125/><T59/><D59/><U81/><E81/><V95/><F95/><W120/><G120/><T76/><D1/><U134/><E134/><V116/><F116/><W40/><G51/><N who="2" m="19497" /><F44/><W67/><G67/><T105/><D105/><N who="1" m="63679" /><E46/><V131/><F131/><W52/><G66/><T113/><D113/><U94/><E94/><V45/><F45/><W0/><G0/><T47/><D47/><U75/><E75/><V119/><F119/><W87/><G87/><T49/><D85/><U121/><E121/><V127/><F127/><W53/><G53/><T20/><D86/><U36/><E55/><V22/><F64/><W97/><G97/><T68/><D80/><U31/><E36/><V6/><F42/><N who="3" m="15915" /><G16/><T30/><D19/><N who="1" m="8607" /><E33/><V8/><F41/><RYUUKYOKU ba="0,0" sc="127,-15,437,15,133,-15,303,15" hai1="17,23,26,28,31,32,34" hai3="9,10,52,57,60,93,98" /><INIT seed="7,1,0,0,3,133" ten="112,452,118,318" oya="3" hai0="8,70,76,126,52,57,67,18,110,87,90,100,117" hai1="15,29,27,115,93,4,84,26,77,97,44,121,74" hai2="48,120,129,104,99,85,78,25,32,45,134,63,127" hai3="123,86,9,33,46,128,3,42,116,112,49,10,14"/><W31/><G112/><T103/><D126/><U38/><E121/><V16/><F127/><W105/><G128/><T118/><D110/><U91/><E115/><V111/><F111/><W72/><G116/><T37/><D118/><U19/><E4/><V40/><F134/><W54/><G123/><T22/><D117/><U55/><E74/><V23/><F129/><W13/><G105/><T64/><D37/><U62/><E29/><V89/><F120/><W2/><G72/><T1/><D76/><U47/><E38/><V94/><F32/><W96/><G96/><T132/><D132/><U43/><E62/><V68/><F68/><W83/><G54/><T53/><D8/><N who="1" m="6631" /><E43/><V80/><F104/><W24/><G13/><N who="0" m="9551" /><D1/><U20/><E55/><N who="0" m="21065" /><D70/><U130/><E130/><V51/><F63/><W98/><G98/><T12/><D12/><U7/><E7/><V58/><F58/><W50/><G50/><AGARI ba="1,0" hai="16,23,25,40,45,48,50,51,78,80,85,89,94,99" machi="50" ten="30,3900,0" yaku="7,1,8,1,54,1" doraHai="133" who="2" fromWho="3" sc="112,0,452,0,118,42,318,-42" owari="112,-39.0,452,55.0,160,-24.0,276,8.0" /></mjloggm>