<mjloggm ver="2.3"><GO type="169" lobby="0"/><UN n0="%E3%81%B2%E3%81%A3%E3%81%93%E3%82%8D%32%36" n1="%E3%81%BE%E3%83%BC%E3%81%8F%E3%81%96%E3%81%84%E3%82%93" n2="%E3%83%92%E3%83%AB%E3%83%99%E3%83%AB%E3%83%88" n3="%66%61%6E%73%74%65%70" dan="16,16,17,17" rate="2060.49,2168.49,2219.23,2197.28" sx="M,M,M,M"/><TAIKYOKU oya="0"/><INIT seed="0,0,0,2,1,80" ten="250,250,250,250" oya="0" hai0="110,99,8,89,86,83,68,4,66,107,65,78,75" hai1="31,88,0,127,7,63,35,130,90,40,81,73,24" hai2="128,84,126,37,95,56,71,2,48,117,106,125,38" hai3="36,47,115,60,25,41,19,11,133,3,135,111,61"/><T67/><D68/><U114/><E127/><N who="2" m="48651" /><F106/><W100/><G115/><T27/><D27/><U13/><E130/><V10/><F71/><W9/><G111/><T93/><D110/><U94/><E114/><V39/><F128/><W53/><G100/><T134/><D134/><N who="3" m="51209" /><G3/><T50/><D50/><U6/><E0/><V16/><F2/><W85/><G53/><T118/><D118/><U55/><E40/><V46/><F56/><W108/><G108/><T129/><D129/><U112/><E112/><V121/><F121/><W33/><G19/><T77/><D77/><U62/><E55/><V64/><F64/><W69/><G69/><T29/><D29/><U101/><E101/><V49/><F117/><W32/><G25/><T74/><REACH who="0" step="1"/><D107/><REACH who="0" ten="240,250,250,250" step="2"/><U113/><E113/><V91/><F46/><W96/><G47/><T97/><D97/><U119/><E24/><V22/><F48/><W12/><G96/><T122/><D122/><U18/><E119/><V15/><F49/><W51/><G51/><T17/><D17/><U26/><E18/><N who="2" m="8567" /><F38/><W104/><G36/><T72/><D72/><U76/><E26/><AGARI ba="0,1" hai="16,22,26,37,39,84,91,95" m="8567,48651" machi="26" ten="30,3900,0" yaku="18,1,52,1,54,1" doraHai="80" who="2" fromWho="1" sc="240,0,250,-39,250,49,250,0" /><INIT seed="1,0,0,0,4,25" ten="240,211,299,250" oya="1" hai0="116,104,122,66,0,82,71,57,81,61,135,77,98" hai1="89,15,64,91,23,134,46,72,118,3,53,39,94" hai2="31,128,44,112,50,114,19,85,20,121,8,17,109" hai3="87,78,102,28,18,111,68,5,86,120,38,55,16"/><U35/><E118/><V59/><F121/><W60/><G38/><T126/><D116/><U45/><E3/><V12/><F109/><W101/><G111/><T92/><D104/><U26/><E72/><V22/><F59/><N who="3" m="34943" /><G68/><T27/><D0/><U127/><E35/><V96/><F96/><W1/><G1/><T93/><D93/><U29/><E127/><V133/><F85/><N who="3" m="32267" /><G5/><T129/><D126/><U123/><E123/><V14/><F128/><W99/><G99/><T70/><D77/><U69/><E134/><V106/><F106/><W73/><G73/><T67/><D135/><U79/><E79/><V80/><F80/><W6/><G6/><T34/><D82/><U32/><E39/><V21/><F133/><W132/><G120/><T58/><D81/><U65/><E69/><V95/><F95/><W130/><G130/><T47/><D129/><U84/><E89/><V41/><REACH who="2" step="1"/><F31/><REACH who="2" ten="240,211,289,250" step="2"/><W52/><G28/><T30/><D122/><U108/><E108/><V4/><F4/><W113/><G132/><T88/><D47/><U74/><E74/><V24/><F24/><W51/><G78/><T100/><D100/><N who="3" m="38505" /><G113/><AGARI ba="0,1" hai="8,12,14,17,19,20,21,22,41,44,50,112,113,114" machi="113" ten="40,2600,0" yaku="1,1,11,1,53,0" doraHai="25" doraHaiUra="49" who="2" fromWho="3" sc="240,0,211,0,289,36,250,-26" /><INIT seed="2,0,0,5,4,17" ten="240,211,325,224" oya="2" hai0="29,62,19,61,110,128,65,90,73,103,31,10,33" hai1="5,4,54,42,2,100,46,34,35,80,132,0,14" hai2="82,20,57,8,81,13,1,15,43,91,117,131,28" hai3="120,111,114,45,125,79,23,77,85,39,88,113,99"/><V30/><F117/><W68/><G120/><T72/><D110/><U49/><E132/><V75/><F75/><W36/><G111/><T44/><D90/><U86/><E100/><V74/><F74/><W116/><G68/><T3/><D44/><U112/><E112/><N who="3" m="43114" /><G116/><T96/><D62/><U71/><E71/><V56/><F1/><W48/><G99/><T50/><D50/><U121/><E121/><V27/><F131/><W104/><G104/><N who="0" m="63591" /><D29/><U126/><E126/><V38/><F30/><W37/><G125/><T115/><D19/><U58/><E0/><V70/><F70/><W78/><G23/><T105/><D105/><U25/><E2/><V118/><F118/><W87/><G87/><T21/><D128/><U9/><E25/><V60/><F57/><W51/><G45/><T76/><D31/><U94/><E94/><AGARI ba="0,0" hai="36,37,39,48,51,77,78,79,85,88,94" m="43114" machi="94" ten="40,2600,0" yaku="11,1,54,1" doraHai="17" who="3" fromWho="1" sc="240,0,211,-26,325,0,224,26" /><INIT seed="3,0,0,0,5,50" ten="240,185,325,250" oya="3" hai0="128,75,119,74,17,100,49,80,91,65,93,134,87" hai1="37,77,78,40,72,120,66,51,39,16,89,55,102" hai2="92,21,59,86,90,115,26,118,33,7,31,99,117" hai3="52,0,112,10,69,124,19,54,27,103,82,130,110"/><W48/><G112/><T94/><D119/><U38/><E120/><V101/><F115/><W25/><G69/><T85/><D128/><U41/><E102/><V83/><F7/><W131/><G103/><T95/><D65/><U108/><E108/><V57/><F33/><W22/><G110/><T126/><D49/><U61/><E89/><V36/><F36/><W132/><G132/><T5/><D5/><U1/><E1/><V68/><F68/><W46/><G124/><T9/><D9/><U79/><E72/><N who="0" m="27689" /><D17/><U109/><E109/><V111/><F111/><W62/><G82/><N who="0" m="49591" /><D134/><U14/><E61/><V24/><F24/><W64/><G27/><T76/><D126/><U6/><E66/><V133/><F133/><W11/><G64/><T105/><D105/><U122/><E122/><V63/><F59/><N who="3" m="35175" /><G0/><T96/><AGARI ba="0,0" hai="76,80,87,93,94,95,96,100" m="49591,27689" machi="96" ten="30,8000,1" yaku="35,5" doraHai="50" who="0" fromWho="0" sc="240,80,185,-20,325,-20,250,-40" /><INIT seed="4,0,0,1,2,23" ten="320,165,305,210" oya="0" hai0="49,57,91,6,119,106,110,15,17,132,121,68,45" hai1="39,107,65,84,112,86,7,14,12,72,135,30,103" hai2="21,35,75,42,81,131,33,134,83,1,64,78,90" hai3="11,123,24,93,95,92,130,111,62,120,10,101,2"/><T118/><D121/><N who="3" m="46665" /><G111/><T34/><D106/><U109/><E72/><V58/><F1/><W18/><G2/><T28/><D68/><U13/><E109/><V52/><F134/><W129/><G101/><T63/><D132/><U97/><E135/><V48/><F131/><N who="3" m="50187" /><G62/><T105/><D6/><U16/><E39/><V85/><F64/><W88/><G88/><T25/><D105/><U99/><E112/><V0/><F0/><W128/><G128/><T66/><D110/><U29/><E65/><V87/><F42/><W108/><G108/><T41/><D91/><U102/><E7/><V79/><F21/><AGARI ba="0,0" hai="10,11,18,21,24,92,93,95" m="50187,46665" machi="21" ten="40,5200,0" yaku="13,1,19,1,52,1" doraHai="23" who="3" fromWho="2" sc="320,0,165,0,305,-52,210,52" /><AGARI ba="0,0" hai="15,17,21,25,28,34,41,45,49,57,63,66,118,119" machi="21" ten="30,2900,0" yaku="7,1,52,1" doraHai="23" who="0" fromWho="2" sc="320,29,165,0,253,-29,262,0" /><INIT seed="4,1,0,3,5,28" ten="349,165,224,262" oya="0" hai0="19,43,10,57,79,102,133,107,82,30,78,37,1" hai1="99,110,94,97,127,17,91,120,75,32,131,114,45" hai2="31,124,129,85,41,92,123,118,58,69,77,44,103" hai3="27,9,3,4,11,62,71,111,20,95,54,50,22"/><T132/><D30/><U61/><E120/><V33/><F69/><W49/><G111/><T25/><D78/><U6/><E110/><V7/><F123/><W121/><G121/><T86/><D57/><U90/><E75/><V59/><F118/><W73/><G73/><T116/><D116/><U23/><E131/><V36/><F129/><W88/><G11/><T126/><D126/><U67/><E127/><V93/><F124/><W26/><G71/><T70/><D70/><U2/><E114/><V8/><F59/><W34/><G62/><T64/><D64/><U47/><E32/><V115/><F58/><W29/><G26/><T14/><D25/><U65/><E2/><V51/><F36/><W100/><G100/><T60/><D60/><U84/><E6/><V24/><F115/><W96/><G50/><T130/><D1/><U80/><E99/><V5/><F5/><W48/><G48/><T135/><D130/><U39/><E61/><V38/><F38/><W112/><G112/><T122/><D122/><U74/><E74/><V13/><F103/><W134/><G134/><T56/><D56/><AGARI ba="1,0" hai="3,4,9,20,22,27,29,34,49,54,56,88,95,96" machi="56" ten="30,3900,0" yaku="7,1,52,1,54,1" doraHai="28" who="3" fromWho="0" sc="349,-42,165,0,224,0,262,42" /><INIT seed="5,0,0,2,4,58" ten="307,165,224,304" oya="1" hai0="75,56,126,54,20,23,123,71,28,69,77,132,16" hai1="124,116,1,52,36,103,92,18,72,125,29,66,35" hai2="49,60,45,59,10,80,34,85,94,19,15,89,2" hai3="22,106,46,37,50,90,91,5,26,32,100,83,115"/><U74/><E116/><V88/><F34/><W70/><G32/><T67/><D132/><U73/><E36/><V119/><F2/><W63/><G37/><T48/><D126/><N who="1" m="48747" /><E1/><V134/><F134/><W42/><G5/><T122/><D28/><U117/><E117/><V51/><F119/><W11/><G11/><T86/><D23/><U12/><E66/><V113/><F113/><W102/><G106/><T65/><D75/><U101/><E92/><V38/><F38/><W109/><G115/><T127/><D127/><U118/><E118/><V111/><F111/><W25/><G25/><N who="0" m="14471" /><D71/><U105/><E105/><V135/><F135/><W6/><G6/><T76/><D86/><U97/><E97/><N who="2" m="57543" /><F45/><W112/><G109/><T47/><D69/><U82/><E82/><V121/><F121/><N who="0" m="46090" /><D67/><AGARI ba="0,0" hai="10,15,19,49,51,59,60,67,80,85,89" m="57543" machi="67" ten="30,3900,0" yaku="8,1,52,1,54,1" doraHai="58" who="2" fromWho="0" sc="307,-39,165,0,224,39,304,0" /><INIT seed="6,0,0,0,3,77" ten="268,165,263,304" oya="2" hai0="104,135,14,45,103,115,3,34,46,6,20,100,13" hai1="12,2,40,85,4,113,97,58,111,105,131,134,95" hai2="101,132,38,28,110,74,80,57,9,116,84,26,120" hai3="7,21,93,32,133,18,108,55,70,130,92,79,62"/><V119/><F120/><W87/><G32/><T65/><D135/><U90/><E134/><V56/><F132/><W44/><G108/><T29/><D34/><U22/><E111/><V118/><F38/><W106/><G106/><T99/><D103/><U1/><E131/><V49/><F74/><W102/><G70/><T126/><D126/><U63/><E113/><V71/><F71/><W59/><G7/><T27/><D115/><U73/><E40/><V11/><F101/><W52/><G130/><T94/><D104/><U129/><E73/><V16/><F110/><W107/><G107/><T81/><D81/><U67/><E129/><V72/><F72/><W51/><G102/><T48/><D65/><U50/><E105/><V127/><F127/><W88/><G79/><T114/><D114/><U8/><E97/><V35/><F49/><W19/><G133/><T109/><D46/><U5/><E5/><V47/><F47/><W30/><G93/><T117/><D117/><U78/><E78/><V125/><F125/><W68/><G68/><T43/><D109/><U23/><E1/><V82/><F84/><W60/><G60/><T69/><D69/><U24/><E2/><V25/><F119/><W64/><G64/><T76/><D76/><U10/><E10/><V41/><F41/><W54/><G54/><T83/><D83/><N who="2" m="31786" /><F11/><W53/><G53/><T121/><D121/><U17/><REACH who="1" step="1"/><E22/><REACH who="1" ten="268,155,263,304" step="2"/><N who="2" m="13511" /><F9/><W0/><G0/><T37/><D37/><U98/><E98/><V66/><F118/><W112/><G112/><T91/><D100/><U86/><E86/><V124/><F116/><RYUUKYOKU ba="0,1" sc="268,10,155,10,263,-30,304,10" hai0="3,6,13,14,20,27,29,43,45,48,91,94,99" hai1="4,8,12,17,23,24,50,58,63,67,85,90,95" hai3="18,19,21,30,44,51,52,55,59,62,87,88,92" /><INIT seed="7,1,1,0,4,104" ten="278,165,233,314" oya="3" hai0="112,12,105,73,91,98,64,9,44,1,117,74,129" hai1="66,71,22,88,26,80,39,86,78,96,30,35,127" hai2="108,50,51,75,18,2,20,82,58,121,90,60,54" hai3="19,24,33,53,11,115,4,99,29,32,87,101,48"/><W111/><G115/><T43/><D112/><U95/><E127/><V103/><F108/><W97/><G111/><T126/><D117/><U15/><E39/><V125/><F2/><W0/><G33/><T62/><D126/><U65/><E71/><V52/><F125/><W47/><G87/><T34/><D1/><U41/><E41/><V93/><F121/><W116/><G116/><T84/><D34/><U59/><E35/><V107/><F107/><W56/><G101/><T109/><D98/><U61/><REACH who="1" step="1"/><E15/><REACH who="1" ten="278,155,233,314" step="2"/><V31/><F31/><W55/><G19/><T79/><D12/><U102/><E102/><V132/><F103/><W46/><G46/><T3/><D44/><U135/><E135/><V13/><F132/><W94/><G94/><T134/><D105/><U118/><E118/><V37/><F37/><W10/><G10/><T114/><D9/><U45/><E45/><V69/><F69/><W6/><G6/><T123/><D114/><U122/><E122/><V81/><F60/><AGARI ba="1,2" hai="0,4,11,24,29,32,47,48,53,55,56,60,97,99" machi="60" ten="30,1500,0" yaku="7,1" doraHai="104" who="3" fromWho="2" sc="278,0,155,0,233,-18,314,38" owari="278,8.0,155,-34.0,215,-18.0,352,44.0" /></mjloggm>