<mjloggm ver="2.3"><GO type="185" lobby="0"/><UN n0="%E3%81%97%E3%81%8B%E3%81%BE%E3%82%81" n1="%E4%B8%8D%E5%B9%B8%E7%94%9F%E5%91%BD%E4%BD%93" n2="%E9%95%B7%E5%85%89%E9%BA%BB%E5%A4%9C" n3="" dan="16,16,16,0" rate="2128.49,2154.08,2208.33,1500.00" sx="M,M,M,C"/><TAIKYOKU oya="0"/><INIT seed="0,0,0,5,5,119" ten="350,350,350,0" oya="0" hai0="104,117,61,111,55,82,94,36,100,73,33,45,132" hai1="116,130,114,133,53,35,42,50,99,66,120,90,38" hai2="110,124,129,46,71,69,134,52,56,67,37,109,39" hai3=""/><T57/><D33/><U81/><E35/><V95/><F95/><T59/><D117/><U118/><E38/><N who="2" m="14347" /><F134/><T40/><D132/><U112/><E99/><V72/><F72/><T102/><D104/><U54/><E90/><V125/><F129/><T48/><D111/><N who="2" m="42506" /><F46/><T84/><D73/><U128/><E81/><V87/><F87/><T3/><D94/><U105/><E105/><V135/><F135/><T41/><D3/><U63/><N who="1" m="30752" /><U2/><E2/><V70/><F67/><T83/><D41/><U0/><E42/><V92/><F92/><T93/><D93/><U106/><E106/><V49/><AGARI ba="0,0" hai="49,52,56,69,70,71,124,125" m="42506,14347" machi="49" ten="40,6000,1" yaku="14,1,34,2,54,1" doraHai="119" who="2" fromWho="2" sc="350,-40,350,-20,350,60,0,0" /><INIT seed="1,0,0,3,5,107" ten="310,330,410,0" oya="1" hai0="85,111,84,54,71,47,108,37,96,36,119,49,104" hai1="95,102,65,58,42,77,38,64,127,83,87,82,79" hai2="33,109,134,91,76,114,106,115,124,52,131,123,116" hai3=""/><U1/><E1/><V113/><RYUUKYOKU type="yao9" ba="0,0" sc="310,0,330,0,410,0,0,0" hai2="33,52,76,91,106,109,113,114,115,116,123,124,131,134" /><INIT seed="1,1,0,3,4,40" ten="310,330,410,0" oya="1" hai0="110,79,81,63,61,53,33,125,84,77,58,50,51" hai1="130,47,37,128,127,42,89,64,52,129,120,83,70" hai2="117,57,91,66,134,126,67,96,55,107,100,114,119" hai3=""/><U72/><N who="1" m="30752" /><U105/><E127/><V112/><F134/><T115/><D33/><U121/><N who="1" m="31008" /><U56/><E105/><V74/><F74/><T39/><D39/><U54/><E89/><V68/><F126/><T1/><D1/><U95/><E95/><V60/><F67/><T62/><D125/><U35/><E35/><V36/><F36/><T92/><D115/><N who="2" m="44074" /><F91/><T0/><D0/><U44/><E83/><V135/><F135/><T43/><D110/><U102/><E102/><V80/><F80/><T124/><D124/><U98/><E98/><V86/><F86/><T34/><D34/><U106/><E106/><V75/><F75/><T111/><D111/><U123/><N who="1" m="31520" /><U109/><E72/><V41/><F41/><T73/><D73/><U104/><E104/><V122/><N who="2" m="31264" /><V32/><F32/><T87/><D92/><U71/><E109/><V3/><F3/><T116/><D116/><U113/><E113/><V101/><F101/><T59/><D81/><U99/><E99/><V103/><F103/><T46/><D84/><U93/><E93/><V78/><F78/><T76/><D87/><U49/><E64/><AGARI ba="1,0" hai="43,46,50,51,53,58,59,61,62,63,64,76,77,79" machi="64" ten="40,2600,0" yaku="8,1,52,1" doraHai="40" who="0" fromWho="1" sc="310,28,330,-28,410,0,0,0" /><INIT seed="2,0,0,2,1,85" ten="338,302,410,0" oya="2" hai0="1,111,116,123,94,106,112,86,62,70,125,98,2" hai1="80,35,103,99,47,57,51,67,44,101,130,38,49" hai2="50,72,102,89,117,100,104,109,63,33,96,124,68" hai3=""/><V71/><F33/><T110/><N who="0" m="31520" /><T132/><D116/><U135/><E130/><V81/><F117/><T115/><D125/><U39/><E135/><V55/><F124/><T114/><D132/><U108/><E108/><N who="0" m="41513" /><D106/><U58/><E80/><V46/><F109/><T37/><D37/><U40/><E99/><V54/><F102/><T134/><D134/><U45/><E35/><V56/><REACH who="2" step="1"/><F72/><REACH who="2" ten="338,302,400,0" step="2"/><T95/><D2/><U121/><N who="1" m="31008" /><U52/><E103/><V88/><F88/><T78/><D1/><U41/><E101/><V64/><F64/><T97/><D112/><U59/><E67/><V87/><AGARI ba="0,1" hai="46,50,54,55,56,63,68,71,81,87,89,96,100,104" machi="87" ten="30,4000,0" yaku="1,1,0,1,52,1,53,0" doraHai="85" doraHaiUra="0" who="2" fromWho="2" sc="338,-20,302,-20,400,50,0,0" /><INIT seed="2,1,0,5,2,72" ten="318,282,450,0" oya="2" hai0="111,107,34,66,81,113,126,89,94,2,37,39,56" hai1="98,1,84,117,32,116,60,75,96,100,97,47,103" hai2="80,83,50,52,67,35,91,124,129,55,110,64,102" hai3=""/><V106/><F35/><T105/><D2/><U0/><E32/><V118/><F118/><N who="1" m="45673" /><E75/><V135/><F135/><T86/><D34/><U123/><N who="1" m="31520" /><U82/><E60/><V92/><F124/><T108/><D113/><U121/><N who="1" m="31008" /><U127/><E47/><V131/><F110/><N who="0" m="42026" /><D126/><U133/><E127/><V69/><F69/><T57/><D66/><U101/><E133/><V63/><F63/><T68/><D68/><U36/><E36/><N who="0" m="13897" /><D94/><U109/><E109/><V112/><F112/><T54/><D57/><U74/><E74/><V87/><F64/><T104/><D104/><U120/><N who="1" m="30752" /><U51/><E51/><AGARI ba="1,0" hai="51,54,56,81,86,89,105,107" m="13897,42026" machi="51" ten="30,1000,0" yaku="14,1" doraHai="72" who="0" fromWho="1" sc="318,12,282,-12,450,0,0,0" /><INIT seed="4,0,0,2,1,78" ten="330,270,450,0" oya="0" hai0="55,89,134,39,130,118,38,59,37,81,119,121,116" hai1="101,95,42,104,110,47,1,67,98,33,92,105,76" hai2="0,123,62,45,75,74,82,125,50,84,91,65,58" hai3=""/><T71/><N who="0" m="31008" /><T99/><D71/><U66/><E1/><V73/><N who="2" m="31520" /><V77/><F0/><T135/><D130/><U35/><E33/><V90/><REACH who="2" step="1"/><F125/><REACH who="2" ten="330,270,440,0" step="2"/><T106/><D106/><U112/><E35/><V126/><F126/><T61/><REACH who="0" step="1"/><D99/><REACH who="0" ten="320,270,440,0" step="2"/><U72/><E98/><V48/><F48/><T86/><AGARI ba="0,2" hai="37,38,39,55,59,61,81,86,89,116,118,119,134,135" m="31008" machi="86" ten="50,8000,1" yaku="1,1,2,1,0,1,52,2,53,0" doraHai="78" doraHaiUra="93" who="0" fromWho="0" sc="320,100,270,-40,440,-40,0,0" /><INIT seed="4,1,0,1,1,42" ten="420,230,400,0" oya="0" hai0="104,88,90,45,107,35,86,52,111,54,51,76,91" hai1="84,58,47,92,97,131,80,75,55,128,71,3,87" hai2="81,98,109,134,82,85,60,38,121,83,113,110,34" hai3=""/><T73/><D35/><U95/><E3/><V39/><N who="2" m="31008" /><V114/><F34/><T108/><D73/><U36/><E71/><V112/><F134/><T49/><D76/><U44/><E36/><N who="2" m="13867" /><F98/><T56/><REACH who="0" step="1"/><D86/><REACH who="0" ten="410,230,400,0" step="2"/><U1/><E75/><V0/><F0/><T66/><D66/><U41/><E1/><V118/><F118/><T105/><AGARI ba="1,1" hai="45,49,51,52,54,56,88,90,91,104,105,107,108,111" machi="105" ten="40,12000,2" yaku="1,1,0,1,52,1,54,2,53,1" doraHai="42" doraHaiUra="40" who="0" fromWho="0" sc="410,132,230,-61,400,-61,0,0" /><INIT seed="4,2,0,1,4,111" ten="542,169,339,0" oya="0" hai0="37,61,56,119,84,32,132,73,104,60,2,51,47" hai1="90,53,85,118,103,116,64,124,55,96,77,94,120" hai2="49,35,110,63,133,106,0,82,121,79,91,123,127" hai3=""/><T41/><D32/><U89/><N who="1" m="30752" /><U98/><E124/><V87/><N who="2" m="31008" /><V65/><N who="2" m="31520" /><V40/><F35/><T112/><D119/><U81/><E64/><V34/><F34/><T3/><D73/><U134/><E134/><V117/><F0/><T52/><D132/><U38/><E38/><V75/><F110/><T88/><D104/><U57/><E53/><V68/><F133/><T66/><D61/><U86/><E55/><V92/><F127/><T50/><D50/><U76/><E57/><V125/><F125/><T80/><REACH who="0" step="1"/><D112/><REACH who="0" ten="532,169,339,0" step="2"/><U74/><E74/><V83/><F106/><T72/><D72/><U46/><E118/><V126/><F117/><T114/><D114/><U108/><E116/><V129/><F126/><T70/><AGARI ba="2,1" hai="2,3,37,41,47,51,52,56,60,66,70,80,84,88" machi="70" ten="20,16000,3" yaku="1,1,0,1,7,1,24,2,54,2,53,1" doraHai="111" doraHaiUra="48" who="0" fromWho="0" sc="532,174,169,-82,339,-82,0,0" /><INIT seed="4,3,0,1,3,80" ten="706,87,257,0" oya="0" hai0="34,69,70,134,58,112,90,99,32,104,89,109,96" hai1="113,75,107,52,97,94,56,121,85,41,78,84,43" hai2="54,33,135,2,111,123,91,103,77,124,92,105,68" hai3=""/><T62/><D109/><U79/><N who="1" m="31008" /><U129/><E113/><V65/><F91/><T86/><D134/><U64/><E129/><V128/><F92/><T63/><D112/><U53/><E64/><V88/><F54/><N who="1" m="21097" /><E75/><V45/><F88/><T48/><D48/><U66/><E107/><V71/><F45/><T59/><D104/><U60/><E79/><V76/><F103/><T0/><D0/><U55/><N who="1" m="21105" /><U117/><DORA hai="115" /><E78/><V57/><F57/><T81/><D81/><U35/><E117/><V72/><F65/><T132/><D132/><U100/><E35/><V44/><F44/><T106/><D106/><U116/><E116/><V50/><F50/><T108/><D108/><U73/><E73/><V83/><F77/><T131/><D131/><U47/><E47/><V46/><F46/><T40/><D40/><AGARI ba="3,0" hai="40,41,43,56,60,66,84,85,94,97,100" m="21105,31008" machi="40" ten="30,8000,1" yaku="8,1,52,3,54,1" doraHai="80,115" who="1" fromWho="0" sc="706,-86,87,86,257,0,0,0" /><INIT seed="5,0,0,1,1,119" ten="620,173,257,0" oya="1" hai0="39,79,83,100,62,127,46,82,134,112,117,131,108" hai1="104,93,116,55,130,111,0,70,107,76,94,33,77" hai2="97,42,123,65,90,38,56,118,51,67,2,114,58" hai3=""/><U41/><E130/><V50/><N who="2" m="31520" /><V3/><F118/><T115/><D117/><U109/><E116/><V69/><F114/><N who="0" m="43562" /><D108/><N who="1" m="41547" /><E33/><V101/><F90/><T132/><D131/><U48/><E0/><V73/><F73/><T63/><D100/><U128/><E41/><V37/><F69/><T88/><D127/><U78/><E70/><V60/><F42/><T61/><D88/><U1/><E1/><V87/><F87/><T74/><D83/><U99/><E128/><V64/><F64/><T121/><N who="0" m="31008" /><T66/><D66/><U135/><E135/><N who="0" m="51753" /><D46/><U126/><E126/><V98/><F101/><T75/><D39/><U45/><E94/><V110/><F110/><T133/><D133/><U44/><E45/><V53/><F3/><T102/><D102/><AGARI ba="0,0" hai="44,48,55,76,77,78,93,99,102,104,107" m="41547" machi="102" ten="30,1500,0" yaku="10,1" doraHai="119" who="1" fromWho="0" sc="620,-15,173,15,257,0,0,0" /><INIT seed="5,1,0,4,5,61" ten="605,188,257,0" oya="1" hai0="57,103,104,65,118,130,113,63,35,116,54,42,55" hai1="129,131,59,135,97,101,68,76,0,75,92,96,41" hai2="56,117,72,67,51,32,52,82,33,79,124,53,120" hai3=""/><U99/><E0/><V112/><N who="2" m="30752" /><V114/><F117/><N who="0" m="45162" /><D35/><U119/><E68/><V91/><F124/><T39/><D130/><N who="1" m="49675" /><E119/><V108/><F108/><T69/><D113/><N who="2" m="43626" /><F67/><T71/><D103/><U133/><E41/><V73/><F73/><T121/><N who="0" m="31008" /><T60/><D104/><U45/><E45/><V78/><F78/><T134/><D134/><N who="1" m="51211" /><E59/><V37/><F37/><T49/><D42/><U125/><E125/><V132/><F132/><T66/><D39/><U128/><N who="1" m="49683" /><U127/><DORA hai="89" /><E127/><V115/><N who="2" m="43634" /><V44/><DORA hai="95" /><F91/><T90/><D90/><U58/><E58/><V85/><F72/><T43/><D43/><U107/><E107/><V74/><F74/><T47/><D55/><U109/><E109/><V80/><F80/><AGARI ba="1,0" hai="75,76,80,92,96,97,99,101" m="51211,49683" machi="80" ten="50,24000,3" yaku="19,1,20,1,34,2,52,4" doraHai="61,89,95" who="1" fromWho="2" sc="605,0,188,242,257,-242,0,0" /><INIT seed="5,2,0,2,1,97" ten="605,430,15,0" oya="1" hai0="38,64,79,75,132,37,57,40,89,41,1,92,127" hai1="78,36,94,42,43,118,102,0,33,54,82,111,74" hai2="81,3,98,46,95,99,2,77,39,56,52,109,107" hai3=""/><U60/><E0/><V49/><F109/><T101/><D1/><U65/><E33/><V63/><F107/><T35/><D35/><U120/><N who="1" m="30752" /><U83/><E118/><V93/><F39/><T76/><D101/><U116/><E111/><V70/><F70/><T84/><D132/><U133/><E116/><V134/><F134/><T121/><N who="0" m="31008" /><T108/><D108/><U69/><E133/><V114/><F114/><T96/><D127/><U119/><E119/><V106/><F106/><T130/><D130/><U131/><E131/><V45/><F98/><T47/><D96/><U128/><E128/><V104/><F46/><T113/><D75/><U135/><E135/><V68/><F68/><T123/><N who="0" m="31520" /><T85/><D113/><U80/><E54/><V110/><F95/><T103/><D92/><U48/><E36/><V71/><F71/><T122/><D38/><U34/><E34/><V91/><F104/><T55/><D37/><U90/><E102/><V115/><F115/><T62/><D103/><U66/><E66/><V32/><F32/><T112/><D112/><U59/><E69/><V86/><REACH who="2" step="1"/><F110/><REACH who="2" ten="605,430,5,0" step="2"/><T87/><N who="0" m="31264" /><T88/><D47/><U124/><E94/><V105/><F105/><T53/><D79/><RYUUKYOKU ba="2,1" sc="605,-10,430,-10,5,20,0,0" hai2="2,3,45,49,52,56,63,77,81,86,91,93,99" /><INIT seed="6,3,1,1,1,105" ten="595,420,25,0" oya="2" hai0="112,55,103,74,52,0,63,80,128,89,83,46,57" hai1="64,68,98,126,108,87,3,72,37,82,132,41,42" hai2="120,130,104,40,61,1,44,110,36,125,39,107,93" hai3=""/><V58/><N who="2" m="30752" /><V51/><F1/><T2/><D128/><U113/><E98/><V109/><F130/><T100/><D112/><U48/><E87/><V32/><F32/><T53/><D80/><U76/><E82/><V45/><F125/><T121/><N who="0" m="31008" /><T116/><D116/><U49/><E76/><V66/><F39/><T91/><D91/><U47/><E72/><V67/><F67/><T86/><D74/><U56/><E3/><V127/><F127/><T131/><D131/><U34/><E34/><V77/><F77/><T59/><D46/><U135/><E108/><N who="2" m="41579" /><F93/><T119/><D119/><U81/><E81/><V133/><F133/><T115/><D115/><U124/><E113/><V84/><F84/><T88/><D2/><U106/><E106/><V96/><F96/><T85/><D0/><U95/><E95/><V50/><F36/><T35/><D35/><U70/><E37/><V123/><N who="2" m="31520" /><V65/><F65/><T62/><D55/><AGARI ba="3,1" hai="40,44,45,50,51,55,58,61,66,104,107" m="31520,41579,30752" machi="55" ten="30,5800,0" yaku="10,1,52,2" doraHai="105" who="2" fromWho="0" sc="595,-64,420,0,25,74,0,0" /><INIT seed="6,4,0,5,2,38" ten="531,420,99,0" oya="2" hai0="61,65,112,32,92,118,120,77,85,131,48,130,100" hai1="99,35,113,57,101,0,104,122,60,117,75,37,3" hai2="103,41,46,76,97,43,52,95,82,40,86,56,47" hai3=""/><V55/><REACH who="2" step="1"/><F55/><REACH who="2" ten="531,420,89,0" step="2"/><T73/><N who="0" m="30752" /><T124/><D32/><U133/><E35/><V127/><F127/><T71/><D124/><U129/><E122/><V114/><F114/><T123/><D112/><U68/><E113/><V59/><F59/><T51/><D123/><U80/><E57/><V63/><AGARI ba="4,1" hai="40,41,43,46,47,52,56,63,76,82,86,95,97,103" machi="63" ten="30,16000,3" yaku="21,2,0,1,8,1,52,3,54,1,53,0" doraHai="38" doraHaiUra="108" who="2" fromWho="2" sc="531,-84,420,-84,89,178,0,0" /><INIT seed="6,5,0,2,2,133" ten="447,336,267,0" oya="2" hai0="96,121,115,36,99,135,58,67,114,124,84,88,106" hai1="54,94,45,3,81,33,86,44,110,74,43,75,78" hai2="57,72,116,97,50,125,123,111,40,35,77,129,2" hai3=""/><V76/><N who="2" m="31520" /><V59/><F35/><T101/><N who="0" m="31008" /><T66/><D135/><U118/><E110/><V34/><F34/><T119/><D119/><U109/><E109/><V0/><F116/><T79/><D36/><U92/><E118/><V100/><F111/><T53/><D96/><U104/><E104/><V39/><F39/><T105/><D105/><U56/><E3/><V38/><F38/><T108/><D79/><U49/><E33/><V120/><N who="2" m="30752" /><V95/><F129/><T134/><D108/><U37/><E75/><V85/><F72/><T117/><D117/><U128/><E128/><V112/><F112/><T90/><D90/><U65/><BYE who="0" /><E74/><UN n0="%E3%81%97%E3%81%8B%E3%81%BE%E3%82%81" /><V42/><F125/><T69/><D124/><U1/><E1/><V61/><F0/><T93/><D134/><U102/><E102/><V60/><F2/><T55/><D55/><U51/><E65/><V82/><F77/><T131/><D131/><U83/><E81/><V62/><REACH who="2" step="1"/><F50/><REACH who="2" ten="447,336,257,0" step="2"/><T46/><D114/><U48/><E37/><V91/><F91/><T32/><D115/><U70/><E70/><V98/><F98/><T113/><D113/><U71/><E71/><V132/><F132/><T107/><D69/><U63/><E51/><V41/><AGARI ba="5,1" hai="40,41,42,57,59,60,61,62,76,82,85,95,97,100" m="30752,31520" machi="41" ten="30,12000,2" yaku="1,1,5,1,0,1,8,1,52,2,53,0" doraHai="133" doraHaiUra="87" who="2" fromWho="2" sc="447,-65,336,-65,257,140,0,0" /><INIT seed="6,6,0,5,4,62" ten="382,271,397,0" oya="2" hai0="132,50,2,59,56,73,40,130,128,106,119,45,126" hai1="89,54,43,135,100,113,76,72,38,41,105,65,94" hai2="108,101,42,102,70,39,88,32,44,33,36,63,107" hai3=""/><V74/><F108/><T49/><D2/><U60/><E135/><V64/><F39/><T134/><D119/><U53/><E113/><V120/><N who="2" m="30752" /><V82/><F102/><T90/><D126/><U78/><E72/><V122/><N who="2" m="31264" /><V79/><F88/><T3/><D3/><U95/><E105/><V104/><F101/><T47/><D106/><AGARI ba="6,0" hai="32,33,36,42,44,63,64,70,74,79,82,104,106,107" m="31264,30752" machi="106" ten="40,18000,2" yaku="33,3,52,3" doraHai="62" who="2" fromWho="0" sc="382,-192,271,0,397,192,0,0" owari="190,-41.0,271,-13.0,589,54.0,0,0.0" /></mjloggm>