<mjloggm ver="2.3"><GO type="169" lobby="0"/><UN n0="%E9%8A%80%E8%89%B2%E3%81%84%E3%81%8C%E3%81%90%E3%82%8A" n1="%E7%A5%9E%E6%9E%B6%E3%82%BF%E3%82%A4%E3%82%BF%E3%83%8B%E3%83%83%E3%82%AF" n2="%E3%81%B5%E3%81%98%E3%81%8B%E3%81%A4" n3="%E4%BD%8E%E3%82%81%E3%82%B9%E3%83%A9%E3%82%A4%E3%83%80%E3%83%BC" dan="18,16,16,16" rate="2287.85,2043.75,2175.37,2151.45" sx="M,M,M,F"/><TAIKYOKU oya="0"/><INIT seed="0,0,0,5,4,72" ten="250,250,250,250" oya="0" hai0="83,70,24,60,104,29,74,63,50,32,93,13,133" hai1="113,114,106,40,130,103,117,39,111,18,132,49,124" hai2="11,5,16,43,45,101,53,131,115,68,28,54,99" hai3="37,36,9,71,85,107,78,92,80,69,96,121,86"/><T2/><D133/><U112/><E117/><V48/><F115/><W88/><G121/><T81/><D104/><U126/><E106/><V8/><F131/><W25/><G9/><T65/><D2/><U87/><E103/><V52/><F68/><W67/><G25/><T98/><D63/><U31/><E130/><V79/><F28/><W84/><G71/><T38/><D38/><U20/><E39/><V46/><F46/><W27/><G27/><T17/><D50/><U21/><E132/><V66/><F66/><W56/><G69/><T94/><D94/><U33/><E87/><V76/><F11/><W14/><G14/><T110/><D74/><U47/><E111/><V105/><REACH who="2" step="1"/><F16/><REACH who="2" ten="250,250,240,250" step="2"/><W120/><G120/><T10/><REACH who="0" step="1"/><D110/><REACH who="0" ten="240,250,240,250" step="2"/><U91/><E113/><V125/><F125/><W35/><G37/><T129/><D129/><U90/><E114/><V12/><AGARI ba="0,2" hai="5,8,12,43,45,48,52,53,54,76,79,99,101,105" machi="12" ten="30,12000,2" yaku="1,1,0,1,52,2,54,1,53,1" doraHai="72" doraHaiUra="100" who="2" fromWho="2" sc="240,-60,250,-30,240,140,250,-30" /><INIT seed="1,0,0,5,2,81" ten="180,220,380,220" oya="1" hai0="32,55,82,98,118,45,50,128,34,11,64,124,112" hai1="38,13,60,43,4,62,63,121,101,108,6,21,111" hai2="102,94,120,48,85,27,33,0,73,96,22,134,20" hai3="89,106,83,41,88,16,26,76,97,57,49,44,31"/><U12/><E121/><V10/><F120/><W95/><G106/><T24/><D118/><U75/><E75/><V28/><F134/><W103/><G57/><T7/><D112/><U56/><E101/><V77/><F73/><W86/><REACH who="3" step="1"/><G16/><REACH who="3" ten="180,220,380,210" step="2"/><T9/><D128/><U131/><E131/><V72/><F0/><W79/><G79/><T70/><D124/><U91/><E56/><V59/><F10/><W135/><G135/><T61/><D11/><U129/><E129/><V132/><F132/><W37/><G37/><T19/><D19/><U25/><E38/><V133/><F133/><W116/><G116/><T126/><D126/><U113/><E113/><V23/><F59/><W100/><G100/><T107/><D24/><U99/><E12/><V3/><F3/><W1/><G1/><T14/><D107/><U92/><E13/><V127/><F127/><W130/><G130/><T71/><D71/><U8/><E8/><V115/><F115/><W30/><G30/><T104/><D104/><U46/><E108/><V105/><F48/><W90/><G90/><T84/><REACH who="0" step="1"/><D98/><REACH who="0" ten="170,220,380,210" step="2"/><U78/><E99/><V29/><F27/><W125/><G125/><T65/><D65/><U35/><E25/><V58/><F105/><W47/><G47/><T87/><D87/><U2/><E46/><V109/><F85/><W123/><G123/><T80/><D80/><U53/><E2/><V74/><F96/><W52/><G52/><T93/><D93/><U114/><E92/><V51/><F94/><W17/><G17/><T68/><D68/><U67/><E114/><V39/><F109/><RYUUKYOKU ba="0,2" sc="170,15,220,-15,380,-15,210,15" hai0="7,9,14,32,34,45,50,55,61,64,70,82,84" hai3="26,31,41,44,49,76,83,86,88,89,95,97,103" /><INIT seed="2,1,2,0,0,43" ten="185,205,365,225" oya="2" hai0="13,69,89,59,8,130,15,42,19,129,74,20,122" hai1="110,65,104,111,84,107,66,98,44,81,117,1,95" hai2="4,61,92,52,131,90,91,10,71,99,14,60,115" hai3="16,64,126,41,50,37,2,78,80,63,82,35,79"/><V77/><F115/><W58/><G35/><T72/><D69/><U86/><E1/><V114/><F114/><W33/><G33/><T54/><D122/><U128/><E117/><V97/><F131/><N who="0" m="50186" /><D42/><U29/><E29/><V39/><F39/><W48/><G2/><T27/><D89/><N who="1" m="55663" /><E128/><V18/><F77/><W47/><G126/><T40/><D40/><U17/><E17/><V96/><F71/><W22/><G79/><T88/><D88/><N who="2" m="33834" /><F4/><W105/><G105/><N who="1" m="40522" /><E44/><V3/><F3/><W120/><G82/><T132/><D132/><U109/><E81/><V32/><F32/><W36/><G36/><T56/><D56/><U134/><E134/><V118/><F118/><W101/><G101/><T25/><D15/><U34/><E34/><V46/><F92/><W23/><G23/><T70/><D27/><U51/><E51/><AGARI ba="1,2" hai="10,14,18,46,51,52,60,61,96,97,99" m="33834" machi="51" ten="30,11600,0" yaku="8,1,52,1,54,2" doraHai="43" who="2" fromWho="1" sc="185,0,205,-119,365,139,225,0" /><INIT seed="2,2,0,4,5,114" ten="185,86,504,225" oya="2" hai0="4,105,14,12,51,64,22,15,57,80,74,40,96" hai1="90,10,1,68,102,43,17,99,88,72,59,103,48" hai2="30,122,26,71,11,67,89,101,93,125,16,134,129" hai3="8,61,62,39,13,107,108,27,94,50,54,83,56"/><V116/><F122/><W81/><G108/><T49/><D74/><U78/><E68/><V118/><F101/><W79/><G107/><T7/><D105/><U35/><E35/><V130/><F71/><W29/><G39/><T58/><D80/><U2/><E59/><N who="0" m="22537" /><D64/><U135/><E48/><N who="0" m="18505" /><D40/><U44/><E44/><V18/><F67/><W5/><G94/><T92/><D22/><U23/><E43/><V112/><F112/><W31/><G83/><T53/><D53/><U42/><E42/><V87/><F125/><W121/><G121/><T46/><D46/><U84/><E72/><V128/><F134/><W100/><G100/><AGARI ba="2,0" hai="4,7,12,14,15,92,96,100" m="18505,22537" machi="100" ten="30,1000,0" yaku="8,1" doraHai="114" who="0" fromWho="3" sc="185,16,86,0,504,0,225,-16" /><INIT seed="3,0,0,1,1,30" ten="201,86,504,209" oya="3" hai0="85,89,103,93,2,53,38,43,47,37,71,73,69" hai1="24,51,88,68,125,80,59,124,15,33,22,27,129" hai2="21,12,74,0,120,10,39,87,77,8,48,55,108" hai3="42,45,11,126,118,82,90,3,86,72,99,76,52"/><W78/><G126/><N who="1" m="48746" /><E68/><V44/><F108/><W65/><G65/><T100/><D73/><U19/><E129/><V40/><F120/><W133/><G133/><T17/><D2/><U31/><E59/><V112/><F112/><W81/><G118/><T94/><D38/><U110/><E51/><V116/><F116/><W117/><G117/><T107/><D107/><U46/><E46/><V121/><F121/><W64/><G64/><T101/><D17/><N who="1" m="12367" /><E88/><V109/><F74/><W131/><G131/><T132/><D132/><U13/><E80/><V67/><F109/><W96/><G52/><T50/><REACH who="0" step="1"/><D93/><REACH who="0" ten="191,86,504,209" step="2"/><U36/><E36/><V7/><F39/><N who="3" m="21727" /><G78/><T29/><D29/><U122/><E110/><V34/><F77/><W63/><G63/><T119/><D119/><U114/><E122/><V98/><F7/><AGARI ba="0,1" hai="3,7,11,72,76,81,82,86,90,96,99" m="21727" machi="7" ten="30,1500,0" yaku="25,1" doraHai="30" who="3" fromWho="2" sc="191,0,86,0,504,-15,209,25" /><INIT seed="3,1,0,1,0,53" ten="191,86,489,234" oya="3" hai0="42,29,95,56,54,52,83,17,127,1,20,111,63" hai1="115,13,121,61,11,44,6,110,106,45,81,82,62" hai2="37,114,104,109,30,77,47,116,46,91,33,128,94" hai3="92,86,9,78,75,131,107,49,85,124,51,22,93"/><W74/><G107/><T64/><D111/><U39/><E121/><V88/><F114/><W135/><G135/><T67/><D127/><U118/><E115/><V15/><F116/><W90/><G124/><T10/><D42/><U16/><E110/><V32/><F104/><W50/><G131/><T99/><D83/><U60/><E106/><V108/><F128/><W69/><G69/><T73/><D73/><U102/><E118/><V130/><F130/><W0/><G22/><T84/><D84/><U28/><E102/><V38/><F94/><W71/><G71/><T101/><D64/><U4/><E28/><V79/><F15/><W112/><G112/><T5/><REACH who="0" step="1"/><D29/><AGARI ba="1,0" hai="29,30,32,33,37,38,46,47,77,79,88,91,108,109" machi="29" ten="25,3200,0" yaku="22,2,54,1" doraHai="53" who="2" fromWho="0" sc="191,-35,86,0,489,35,234,0" /><INIT seed="4,0,0,4,0,98" ten="156,86,524,234" oya="0" hai0="45,10,49,75,133,14,0,8,62,13,29,50,31" hai1="81,43,127,68,86,85,84,52,6,116,28,121,82" hai2="119,64,114,34,35,71,67,51,38,78,105,103,79" hai3="129,74,93,19,54,111,102,12,134,135,104,115,89"/><T58/><D0/><U2/><E121/><V22/><F119/><W3/><G3/><T21/><D75/><U96/><E116/><V125/><F114/><W124/><G115/><T30/><D133/><U100/><E68/><V18/><F125/><W123/><G111/><T53/><D21/><U56/><E127/><V69/><F38/><W65/><G124/><T128/><D128/><U32/><E43/><V20/><F51/><W44/><G74/><T66/><D49/><U11/><E28/><V132/><F18/><W99/><G65/><T46/><REACH who="0" step="1"/><D45/><REACH who="0" ten="146,86,524,234" step="2"/><U70/><E32/><V83/><F132/><W126/><G129/><T16/><D16/><U113/><E113/><V107/><F20/><W109/><G126/><T80/><D80/><U5/><E5/><V37/><F22/><W110/><G135/><T63/><D63/><U40/><E82/><V23/><F83/><W88/><G134/><T4/><D4/><U15/><E81/><V120/><F23/><W76/><G19/><T131/><D131/><U73/><E73/><V9/><F34/><W95/><G44/><T36/><D36/><U108/><E2/><V59/><F37/><W106/><G110/><T25/><D25/><U130/><E108/><V122/><F35/><W24/><G109/><T55/><D55/><U17/><E130/><V48/><F48/><W118/><G54/><T39/><D39/><U41/><E17/><V92/><F69/><W72/><G24/><T94/><D94/><N who="1" m="58391" /><E70/><V87/><F71/><W26/><G26/><T33/><D33/><U90/><E6/><V57/><F92/><RYUUKYOKU ba="0,1" sc="146,30,86,-10,524,-10,234,-10" hai0="8,10,13,14,29,30,31,46,50,53,58,62,66" /><INIT seed="4,1,1,2,2,81" ten="176,76,514,224" oya="0" hai0="124,121,92,28,96,125,13,86,60,2,89,62,7" hai1="103,15,10,37,132,105,61,77,104,114,31,41,106" hai2="3,38,58,39,116,135,112,18,9,46,82,30,49" hai3="68,45,110,66,63,21,122,51,32,129,42,119,1"/><T70/><D121/><U84/><E132/><V120/><F120/><W4/><G110/><T25/><D2/><U54/><E103/><V52/><F30/><W98/><G119/><T91/><D70/><U94/><E31/><V44/><F116/><W130/><G32/><T29/><D29/><U6/><E114/><V80/><F135/><W74/><G122/><T73/><D73/><U88/><E77/><V5/><F112/><W83/><G98/><T107/><D107/><U127/><E127/><N who="0" m="48713" /><D13/><U27/><E27/><V115/><F115/><W34/><G34/><N who="0" m="20751" /><D7/><U99/><E41/><V17/><F46/><W111/><G111/><T24/><D24/><U109/><E37/><V33/><F33/><W67/><G4/><T97/><D97/><U48/><E109/><V22/><F39/><W23/><G1/><T100/><D100/><U133/><E133/><V11/><F38/><W35/><G35/><T75/><D75/><U72/><E72/><V90/><F44/><W79/><G67/><T87/><D96/><U78/><E61/><V64/><F64/><W8/><G8/><T118/><D118/><U50/><REACH who="1" step="1"/><E54/><REACH who="1" ten="176,66,514,224" step="2"/><V69/><F52/><W43/><G43/><T128/><D128/><AGARI ba="1,2" hai="21,23,42,45,51,63,66,68,74,79,83,128,129,130" machi="128" ten="40,1300,0" yaku="19,1" doraHai="81" who="3" fromWho="0" sc="176,-16,66,0,514,0,224,36" /><INIT seed="5,0,0,4,1,27" ten="160,66,514,260" oya="1" hai0="14,78,127,86,84,49,109,73,61,1,32,63,122" hai1="0,90,99,98,22,89,87,77,135,23,103,92,107" hai2="79,42,123,75,104,16,85,106,57,3,97,81,6" hai3="39,116,53,40,36,26,43,7,41,119,5,48,9"/><U121/><E0/><V38/><F123/><W62/><G62/><T83/><D109/><U132/><E22/><V88/><F57/><N who="3" m="32935" /><G26/><T47/><D1/><U50/><E121/><V110/><F110/><W56/><G7/><T34/><D122/><U20/><E20/><V2/><F106/><W67/><G9/><T94/><D127/><U131/><E50/><V133/><F133/><N who="1" m="51273" /><E23/><V37/><F37/><N who="3" m="14411" /><G5/><T95/><D34/><U15/><E15/><V24/><F6/><W31/><G31/><T105/><D32/><U58/><E58/><V59/><F59/><W35/><G35/><T64/><D14/><U130/><E77/><V134/><F134/><W60/><G119/><T68/><D63/><U71/><E71/><V125/><F125/><W120/><G116/><T45/><D45/><U126/><E126/><V55/><F38/><W80/><G120/><T82/><D47/><U13/><E13/><V54/><F2/><W101/><G56/><T129/><D49/><U96/><E90/><V8/><F3/><W76/><G60/><T4/><D61/><U117/><E117/><V108/><F108/><W72/><G67/><T115/><D64/><U33/><E33/><V12/><F24/><W69/><G69/><T10/><D68/><U102/><E99/><V52/><F42/><W112/><G112/><T65/><D115/><U124/><E124/><V118/><F118/><W51/><G51/><T74/><D65/><U11/><E11/><V128/><F97/><W18/><G101/><T29/><D10/><U28/><E28/><V17/><F8/><W100/><G100/><RYUUKYOKU ba="0,0" sc="160,-15,66,15,514,-15,260,15" hai1="87,89,92,96,98,102,103,107,130,131" hai3="18,40,41,43,72,76,80" /><INIT seed="5,1,0,5,3,47" ten="145,81,499,275" oya="1" hai0="99,94,126,107,59,52,62,133,120,97,111,44,28" hai1="31,124,19,69,68,0,37,108,110,2,51,73,86" hai2="38,12,64,123,114,22,46,16,43,102,135,9,104" hai3="11,106,57,65,76,88,85,131,14,29,117,66,92"/><U101/><E37/><V70/><F123/><W77/><G106/><T119/><D111/><N who="1" m="42539" /><E124/><V27/><F135/><W18/><G131/><T25/><D119/><U5/><E73/><V10/><F114/><W24/><G117/><T130/><D133/><U87/><E31/><V83/><F70/><N who="1" m="27241" /><E101/><V79/><F64/><W35/><G66/><T96/><D130/><U80/><E19/><V81/><F9/><W67/><G65/><T53/><D107/><U84/><E80/><V91/><F102/><W8/><G8/><T89/><D120/><U103/><E103/><V58/><F104/><W3/><G3/><N who="1" m="1066" /><E51/><V112/><F83/><W33/><G33/><T17/><D126/><U7/><AGARI ba="1,0" hai="5,7,84,86,87" m="1066,27241,42539" machi="7" ten="40,7800,0" yaku="28,2,10,1" doraHai="47" who="1" fromWho="1" sc="145,-27,81,81,499,-27,275,-27" /><INIT seed="5,2,0,0,3,84" ten="118,162,472,248" oya="1" hai0="106,94,12,9,5,104,89,107,79,31,68,83,3" hai1="50,8,70,57,45,60,69,123,4,1,87,21,85" hai2="33,128,29,108,42,119,11,37,116,56,101,121,124" hai3="10,103,72,40,77,17,38,117,109,18,30,28,73"/><U19/><E123/><V53/><F121/><W132/><G109/><T52/><D68/><U134/><E134/><V24/><F108/><W49/><G38/><T32/><D31/><U133/><E133/><V122/><F122/><W16/><G132/><T129/><D32/><U13/><E69/><V27/><F124/><W113/><G113/><T35/><D35/><U92/><E70/><V36/><F128/><W75/><G77/><T130/><D3/><U91/><E85/><V102/><F11/><W7/><G103/><T86/><REACH who="0" step="1"/><D52/><REACH who="0" ten="108,162,472,248" step="2"/><N who="1" m="31895" /><E45/><V88/><F29/><W96/><G30/><T93/><D93/><N who="1" m="54527" /><E60/><V61/><F61/><W126/><G126/><T135/><D135/><U48/><E48/><V80/><F33/><W63/><G63/><T59/><D59/><U97/><E92/><V23/><F56/><W67/><G49/><T125/><D125/><U22/><E22/><V44/><F37/><W105/><G105/><T131/><D131/><U82/><E82/><V76/><F23/><W15/><G73/><AGARI ba="2,1" hai="5,9,12,73,79,83,86,89,94,104,106,107,129,130" machi="73" ten="40,2600,0" yaku="1,1,52,1,53,0" doraHai="84" doraHaiUra="62" who="0" fromWho="3" sc="108,42,162,0,472,0,248,-32" /><INIT seed="6,0,0,4,3,131" ten="150,162,472,216" oya="2" hai0="109,31,45,12,84,63,83,19,82,106,86,113,69" hai1="89,13,72,127,126,34,114,85,9,110,59,17,54" hai2="55,51,111,15,79,4,33,135,87,52,29,61,58" hai3="10,42,16,116,41,8,53,26,46,91,75,88,122"/><V67/><F111/><W125/><G122/><T20/><D106/><U99/><E72/><V56/><F33/><W128/><G128/><T65/><D113/><U77/><E110/><V105/><F105/><W23/><G125/><N who="1" m="47626" /><E34/><V49/><F29/><W32/><G75/><T81/><D109/><U0/><E0/><V5/><F79/><W7/><G116/><T115/><D115/><U18/><E99/><V102/><F102/><W78/><G78/><T57/><D69/><U107/><E77/><V112/><F112/><W73/><G73/><T68/><D68/><U40/><E40/><N who="3" m="15466" /><G32/><T117/><D117/><U119/><E107/><V121/><F121/><W22/><G7/><T43/><REACH who="0" step="1"/><D31/><REACH who="0" ten="140,162,472,216" step="2"/><U104/><E104/><V118/><F118/><W25/><G10/><T132/><D132/><U134/><E114/><V74/><F5/><W6/><G8/><T96/><D96/><U129/><E119/><V71/><F4/><W11/><G11/><T64/><D64/><U124/><E124/><V94/><F74/><W120/><G6/><T38/><AGARI ba="0,1" hai="12,19,20,38,43,45,57,63,65,81,82,83,84,86" machi="38" ten="30,2000,0" yaku="1,1,0,1,53,0" doraHai="131" doraHaiUra="27" who="0" fromWho="0" sc="140,30,162,-5,472,-10,216,-5" /><INIT seed="7,0,0,1,2,115" ten="170,157,462,211" oya="3" hai0="66,113,43,23,85,110,84,87,83,1,119,107,19" hai1="103,132,57,63,54,96,94,29,53,32,106,112,4" hai2="127,122,7,100,69,128,133,97,18,117,79,52,75" hai3="78,82,62,74,90,81,124,25,130,60,70,68,26"/><W116/><G116/><T35/><D119/><U123/><E112/><V55/><F7/><W50/><G130/><T42/><D35/><U98/><E132/><V91/><F18/><W118/><G118/><T71/><D107/><U92/><E123/><V67/><F91/><W125/><G50/><T46/><D1/><U104/><E4/><V11/><F117/><W16/><G90/><T61/><D110/><U111/><E111/><V48/><F122/><W72/><G78/><T8/><D8/><U39/><E39/><V5/><F128/><W9/><G9/><T86/><D113/><U38/><E38/><V126/><F11/><W58/><G58/><T51/><D43/><U37/><E37/><V134/><F5/><W14/><G14/><T114/><D114/><U121/><E121/><V102/><F75/><W2/><G2/><T99/><D99/><U59/><E29/><V21/><F79/><W129/><G129/><T36/><D36/><U101/><E32/><V10/><F97/><W56/><G56/><N who="0" m="37159" /><D86/><U27/><E27/><V95/><F10/><W22/><G22/><T30/><D71/><U15/><E15/><V105/><F69/><W24/><G24/><N who="0" m="14463" /><D30/><U44/><E44/><V80/><F134/><W73/><G74/><T108/><D108/><U17/><E17/><AGARI ba="0,0" hai="16,17,25,26,60,62,68,70,72,73,81,82,124,125" machi="17" ten="25,4800,0" yaku="22,2,54,1" doraHai="115" who="3" fromWho="1" sc="170,0,157,-48,462,0,211,48" /><INIT seed="7,1,0,3,4,111" ten="170,109,462,259" oya="3" hai0="46,135,76,0,24,89,108,37,85,40,13,124,118" hai1="90,107,81,25,1,122,97,96,43,130,74,68,20" hai2="77,73,35,6,103,110,54,86,61,70,47,79,128" hai3="131,29,56,49,83,42,72,9,31,84,38,50,14"/><W109/><G109/><T82/><D108/><U8/><E122/><V121/><F35/><W17/><G131/><T66/><D0/><U51/><E68/><V115/><F110/><W106/><G106/><T32/><D118/><U87/><E130/><V127/><F73/><W26/><G72/><T125/><D135/><U91/><E74/><V80/><F128/><W59/><G38/><T101/><D101/><U2/><E107/><V11/><F121/><W57/><G42/><T27/><D66/><U132/><E132/><V62/><F127/><N who="0" m="48714" /><D32/><U22/><E8/><V23/><F103/><W15/><G15/><T117/><D117/><U41/><E87/><V28/><F70/><W71/><G71/><T133/><D133/><U34/><E34/><V114/><F77/><W112/><G50/><T12/><D76/><U52/><E51/><N who="2" m="29055" /><F23/><W65/><G65/><T67/><D67/><U120/><E120/><V4/><F28/><W63/><G63/><T39/><D39/><U78/><E78/><V58/><F61/><W10/><G49/><T98/><D98/><U48/><E48/><V3/><F3/><W75/><G75/><T33/><D27/><U126/><E126/><V105/><F105/><W64/><G64/><T30/><AGARI ba="1,0" hai="12,13,24,30,33,37,40,46,82,85,89" m="48714" machi="30" ten="30,1100,0" yaku="18,1" doraHai="111" who="0" fromWho="0" sc="170,14,109,-4,462,-4,259,-6" owari="184,-22.0,105,-39.0,458,56.0,253,5.0" /></mjloggm>