<mjloggm ver="2.3"><GO type="225" lobby="0"/><UN n0="%E7%B6%BE%E9%87%8E%E7%8F%AA%E5%AD%90" n1="%E2%98%85%E3%83%9F%E3%83%BC%E3%82%B3%E2%98%85" n2="%72%69%6F%75%63%68%61%6E" n3="%E8%83%83%E3%81%A8%E8%85%B8" dan="16,17,17,18" rate="2192.99,2229.44,2140.77,2248.67" sx="F,F,M,M"/><TAIKYOKU oya="0"/><INIT seed="0,0,0,1,0,26" ten="250,250,250,250" oya="0" hai0="24,63,104,16,126,64,41,60,73,132,88,107,21" hai1="123,9,95,106,119,135,12,120,20,103,94,130,15" hai2="81,61,83,117,45,22,124,0,111,76,51,102,34" hai3="11,7,10,99,29,65,35,4,8,30,46,101,44"/><T57/><D73/><U74/><E119/><V52/><F34/><W125/><G65/><T19/><D132/><U43/><E135/><V58/><F117/><W97/><G35/><T89/><D126/><U108/><E108/><V37/><F111/><W18/><G18/><T91/><D41/><U32/><E32/><V79/><F124/><W2/><G125/><T14/><REACH who="0" step="1"/><D63/><REACH who="0" ten="240,250,250,250" step="2"/><U53/><E43/><V128/><F61/><W1/><G8/><AGARI ba="0,1" hai="8,14,16,19,21,24,57,60,64,88,89,91,104,107" machi="8" ten="40,12000,1" yaku="1,1,2,1,54,2,53,0" doraHai="26" doraHaiUra="93" who="0" fromWho="3" sc="240,130,250,0,250,0,250,-120" /><INIT seed="0,1,0,0,0,108" ten="370,250,250,130" oya="0" hai0="86,83,74,133,65,127,100,93,2,23,4,43,57" hai1="68,120,91,51,58,7,3,99,110,71,134,49,44" hai2="103,128,131,61,90,124,6,69,89,12,38,14,32" hai3="76,73,15,129,92,107,31,16,33,75,48,106,115"/><T123/><D123/><U79/><E120/><V55/><F38/><W84/><G129/><N who="2" m="49737" /><F32/><W52/><G115/><T45/><D74/><U10/><E110/><V98/><F124/><W60/><G60/><T19/><D133/><U53/><E134/><V50/><F61/><W85/><G73/><T72/><D72/><U126/><E79/><V135/><F69/><W22/><G75/><T28/><D28/><U121/><E121/><V37/><F37/><W20/><G33/><T70/><D70/><U67/><E126/><V102/><F102/><W13/><G31/><T112/><D4/><U80/><E67/><V0/><F0/><W101/><G106/><T96/><D2/><U56/><E56/><N who="2" m="32887" /><F135/><W82/><G107/><T122/><D122/><U41/><REACH who="1" step="1"/><E99/><REACH who="1" ten="370,240,250,130" step="2"/><V5/><F98/><N who="3" m="59591" /><G84/><AGARI ba="1,1" hai="3,7,10,41,44,49,51,53,58,68,71,80,84,91" machi="84" ten="40,1300,0" yaku="1,1,53,0" doraHai="108" doraHaiUra="63" who="1" fromWho="3" sc="370,0,240,26,250,0,130,-16" /><INIT seed="1,0,0,1,5,95" ten="370,266,250,114" oya="1" hai0="1,117,64,99,7,13,53,82,6,27,54,98,92" hai1="49,16,41,29,48,52,78,65,108,30,59,127,114" hai2="77,34,21,50,74,112,46,115,40,44,9,20,15" hai3="89,76,69,91,123,84,12,43,133,25,45,101,104"/><U39/><E114/><N who="2" m="43563" /><F34/><W22/><G123/><T56/><D1/><U83/><E127/><V81/><F44/><W51/><G133/><T63/><D117/><U128/><E128/><V28/><F28/><W37/><G69/><T55/><D82/><U4/><E39/><V3/><F3/><W135/><G135/><T38/><D38/><U61/><E4/><AGARI ba="0,0" hai="4,9,15,20,21,40,46,50,74,77,81" m="43563" machi="4" ten="30,1000,0" yaku="11,1" doraHai="95" who="2" fromWho="1" sc="370,0,266,-10,250,10,114,0" /><INIT seed="2,0,0,5,1,17" ten="370,256,260,114" oya="2" hai0="101,120,97,77,116,10,8,91,86,26,124,40,96" hai1="47,75,36,68,72,66,112,94,27,45,108,43,107" hai2="111,48,123,1,29,63,58,71,81,95,7,78,135" hai3="126,110,5,98,125,28,64,128,42,118,55,44,65"/><V49/><F123/><W80/><G118/><T93/><D120/><U32/><E112/><V85/><F135/><W6/><G110/><T70/><D70/><U14/><E108/><V13/><F111/><W130/><G98/><T54/><D124/><N who="3" m="47721" /><G80/><N who="0" m="47375" /><D40/><U134/><E14/><V51/><F1/><W21/><G5/><T22/><D116/><U11/><E11/><N who="0" m="4137" /><D54/><U87/><E107/><V69/><F7/><W25/><G6/><T132/><D132/><U121/><E134/><V16/><F29/><W84/><G84/><N who="0" m="52455" /><D101/><U53/><E121/><V9/><REACH who="2" step="1"/><F95/><REACH who="2" ten="370,256,250,114" step="2"/><W67/><G55/><AGARI ba="0,1" hai="9,13,16,48,49,51,55,58,63,69,71,78,81,85" machi="55" ten="40,12000,1" yaku="1,1,2,1,54,1,53,1" doraHai="17" doraHaiUra="57" who="2" fromWho="3" sc="370,0,256,0,250,130,114,-120" owari="370,17.0,256,-14.0,380,48.0,-6,-51.0" /></mjloggm>