<mjloggm ver="2.3"><GO type="169" lobby="0"/><UN n0="%E3%83%A4%E3%83%9E%E3%83%80%E3%81%95%E3%82%93" n1="%E3%83%AA%E3%83%92%E3%83%A3" n2="%E3%83%8E%E3%82%AA%E3%83%81%E3%83%A3%E3%83%99%E3%82%B9" n3="%67%61%79%75%6E%79" dan="16,16,16,16" rate="2113.50,2074.68,2096.33,2135.51" sx="M,M,M,M"/><TAIKYOKU oya="0"/><INIT seed="0,0,0,5,0,40" ten="250,250,250,250" oya="0" hai0="50,114,36,35,23,6,41,54,8,22,42,79,48" hai1="135,66,53,83,18,69,55,20,57,119,84,124,93" hai2="72,99,2,75,87,12,103,60,91,110,90,106,104" hai3="94,78,73,15,88,3,24,95,129,11,10,123,25"/><T33/><BYE who="2" /><D114/><UN n2="%E3%83%8E%E3%82%AA%E3%83%81%E3%83%A3%E3%83%99%E3%82%B9" /><U28/><E135/><V107/><F107/><W126/><BYE who="2" /><G129/><T5/><D79/><U9/><E124/><V49/><F49/><W76/><G3/><T62/><D62/><U85/><E119/><V109/><F109/><W105/><G105/><T77/><D77/><U46/><E69/><V82/><F82/><W19/><G126/><T86/><D86/><U127/><E127/><V51/><F51/><UN n2="%E3%83%8E%E3%82%AA%E3%83%81%E3%83%A3%E3%83%99%E3%82%B9" /><W132/><G132/><T102/><D8/><U120/><E120/><V112/><F12/><W130/><G130/><T27/><D27/><U116/><E116/><V131/><F131/><W70/><G70/><T89/><D89/><N who="1" m="53423" /><E28/><V58/><F2/><W121/><G15/><T101/><REACH who="0" step="1"/><D54/><REACH who="0" ten="240,250,250,250" step="2"/><U111/><E9/><V74/><F60/><W92/><G11/><T17/><D17/><U45/><E55/><V4/><F112/><W56/><G76/><T21/><D21/><U97/><E66/><V64/><F64/><W32/><G78/><T29/><D29/><U16/><E97/><V52/><F52/><W68/><G123/><T31/><D31/><U44/><E20/><V47/><F99/><W61/><G121/><T122/><D122/><U71/><E71/><V117/><F75/><W37/><G68/><T100/><D100/><U14/><E18/><V59/><F103/><W81/><G73/><T7/><D7/><U108/><E84/><V43/><F74/><W30/><G30/><T13/><D13/><U128/><E128/><V63/><F72/><W26/><G10/><T34/><D34/><U1/><E14/><V134/><F134/><RYUUKYOKU ba="0,1" sc="240,30,250,-10,250,-10,250,-10" hai0="5,6,22,23,33,35,36,41,42,48,50,101,102" /><INIT seed="0,1,1,2,4,19" ten="270,240,240,240" oya="0" hai0="73,131,111,54,39,101,77,64,112,116,12,121,34" hai1="96,29,46,114,117,92,81,32,65,108,25,2,130" hai2="80,14,87,97,100,85,11,72,21,51,33,44,41" hai3="124,50,26,74,63,122,90,20,123,37,40,102,113"/><T60/><D34/><U99/><E108/><V35/><F85/><W107/><G113/><T98/><D39/><U135/><E117/><V78/><F72/><W27/><G124/><T15/><D112/><U4/><E114/><V62/><F62/><W91/><G74/><T18/><D121/><N who="3" m="46089" /><G37/><T22/><D131/><U43/><E130/><V110/><F110/><W75/><G75/><T58/><D116/><U76/><E135/><V125/><F125/><W83/><G27/><T5/><D111/><U47/><E65/><V42/><F42/><W13/><G13/><T3/><D3/><U57/><E57/><V48/><F48/><W52/><G83/><T115/><D115/><U119/><E47/><V0/><F0/><W16/><G40/><T69/><D5/><U23/><E4/><V49/><F49/><W133/><G133/><T79/><D12/><U55/><E119/><V45/><F45/><N who="3" m="27727" /><G63/><T7/><D7/><U95/><E43/><V86/><F86/><W31/><G31/><T38/><D73/><U93/><E2/><V36/><F36/><W70/><G70/><T6/><D6/><U67/><E81/><V105/><REACH who="2" step="1"/><F11/><REACH who="2" ten="270,240,230,240" step="2"/><W134/><G134/><T28/><D38/><U129/><E129/><V109/><F109/><W88/><G107/><T53/><D53/><U10/><E55/><V30/><F30/><W8/><G8/><T56/><D28/><U24/><E29/><V89/><F89/><W118/><G118/><T126/><D126/><U17/><E10/><V127/><F127/><W82/><G82/><T68/><D54/><U128/><E128/><RYUUKYOKU ba="1,2" sc="270,-15,240,-15,230,15,240,15" hai2="14,21,33,35,41,44,51,78,80,87,97,100,105" hai3="16,20,26,88,90,91,102" /><INIT seed="1,2,2,2,4,93" ten="255,225,245,255" oya="1" hai0="96,87,63,17,38,7,101,70,86,68,19,45,21" hai1="57,125,39,62,52,55,71,11,50,120,51,26,80" hai2="75,92,124,74,110,36,29,67,72,73,13,127,104" hai3="107,3,111,15,2,108,42,40,49,60,131,34,47"/><U6/><E120/><V103/><F36/><W115/><G115/><T123/><D123/><U8/><E125/><N who="2" m="48203" /><F67/><W79/><G34/><T23/><D7/><U14/><E39/><V22/><F29/><W77/><G107/><T76/><D76/><N who="3" m="29257" /><G131/><T53/><D21/><U48/><E80/><V66/><F66/><W135/><G135/><T102/><D102/><U33/><E71/><V118/><F13/><W94/><G60/><T100/><D100/><U20/><E11/><V81/><F22/><W56/><G56/><T78/><D17/><N who="1" m="12559" /><E33/><V35/><F35/><W84/><G42/><T117/><D78/><U61/><E61/><V88/><F72/><W69/><G69/><T90/><D68/><U133/><E133/><V16/><F16/><W106/><G106/><T109/><D19/><U83/><E83/><V28/><F28/><W31/><G31/><T85/><D23/><U1/><E1/><V95/><F118/><W18/><G2/><T4/><D117/><U116/><E116/><V43/><F43/><W59/><G3/><T114/><D70/><U132/><E132/><V82/><F104/><W105/><G105/><T113/><D38/><U64/><AGARI ba="2,2" hai="6,8,14,48,50,51,52,55,57,62,64" m="12559" machi="64" ten="30,3000,0" yaku="8,1,54,1" doraHai="93" who="1" fromWho="1" sc="255,-12,225,56,245,-12,255,-12" /><INIT seed="1,3,0,4,0,79" ten="243,281,233,243" oya="1" hai0="25,84,96,13,111,69,14,130,43,68,124,122,23" hai1="39,106,15,99,20,12,86,119,6,8,120,116,61" hai2="88,103,133,81,28,125,131,83,107,94,65,58,0" hai3="126,98,129,114,135,19,22,128,72,92,82,63,108"/><U9/><E120/><V26/><F0/><W42/><G114/><T52/><D43/><U31/><E39/><V100/><F133/><W70/><G108/><T110/><D96/><U32/><E61/><N who="2" m="38071" /><F107/><W101/><G126/><T16/><D124/><U38/><E38/><V55/><F131/><N who="3" m="50251" /><G135/><T18/><D25/><U44/><E44/><V51/><F125/><W34/><G34/><T102/><D102/><N who="2" m="38954" /><F28/><W67/><G42/><T4/><D4/><U127/><E99/><N who="2" m="57799" /><F26/><N who="3" m="14687" /><G72/><T117/><D130/><U132/><E106/><V2/><F2/><W115/><G115/><T60/><D122/><U29/><E132/><V95/><F95/><W48/><G48/><T109/><D117/><U118/><E127/><V35/><F35/><W66/><G66/><T62/><D62/><U27/><E86/><V93/><F93/><W80/><AGARI ba="3,0" hai="63,67,70,80,82,92,98,101" m="14687,50251" machi="80" ten="30,4000,0" yaku="19,1,52,2" doraHai="79" who="3" fromWho="3" sc="243,-13,281,-23,233,-13,243,49" /><INIT seed="2,0,0,0,3,72" ten="230,258,220,292" oya="2" hai0="56,91,68,83,8,94,52,19,90,96,119,133,51" hai1="99,40,18,33,78,79,13,4,93,1,97,110,73" hai2="116,17,108,24,81,5,87,122,15,129,132,113,88" hai3="117,128,115,134,16,43,32,23,106,131,127,35,64"/><V58/><F113/><W47/><G117/><T36/><D133/><U98/><E73/><V109/><F116/><W114/><G106/><T95/><D119/><U124/><E33/><N who="3" m="12874" /><G64/><T6/><D36/><U9/><E110/><N who="2" m="42603" /><F122/><W62/><G62/><T34/><D34/><U103/><E124/><V29/><F132/><W21/><G134/><T26/><D68/><U30/><E30/><V44/><F129/><N who="3" m="49739" /><G127/><T55/><D83/><U0/><E40/><V59/><F29/><W70/><G70/><T37/><D37/><U2/><REACH who="1" step="1"/><E4/><REACH who="1" ten="230,248,220,292" step="2"/><V125/><F125/><W54/><G43/><T82/><D6/><U101/><E101/><V75/><F75/><W86/><G115/><T10/><D55/><U7/><E7/><V45/><F5/><W63/><G54/><T39/><D39/><U3/><N who="1" m="0" /><DORA hai="48" /><U22/><E22/><N who="2" m="11583" /><F24/><W11/><G21/><N who="0" m="13631" /><D82/><U67/><E67/><V85/><F85/><AGARI ba="0,1" hai="8,10,51,52,56,85,90,91,94,95,96" m="13631" machi="85" ten="30,3900,0" yaku="8,1,52,1,54,1" doraHai="72,48" who="0" fromWho="2" sc="230,49,248,0,220,-39,292,0" /><INIT seed="3,0,0,2,2,34" ten="279,248,181,292" oya="3" hai0="46,51,12,71,115,18,135,122,75,126,19,89,66" hai1="113,120,26,7,87,36,65,68,15,114,116,57,99" hai2="128,58,102,14,70,32,92,84,50,96,2,37,33" hai3="0,60,82,91,35,29,72,41,125,59,28,30,31"/><W53/><G125/><T119/><D75/><U111/><E68/><V5/><F37/><W109/><G109/><T117/><D122/><U6/><E36/><V49/><F70/><W61/><N who="3" m="7168" /><DORA hai="8" /><W108/><G108/><T73/><D73/><U123/><E26/><V130/><F84/><W97/><G35/><N who="2" m="13385" /><F58/><W40/><G0/><T20/><D89/><U86/><E99/><V105/><F105/><W106/><G106/><T76/><D76/><U4/><E111/><V88/><F102/><W133/><G133/><T78/><D78/><U27/><E27/><V44/><F44/><W43/><G72/><T80/><D66/><U56/><E4/><V98/><F98/><W9/><G9/><T11/><D11/><U124/><E116/><V54/><F54/><W38/><G38/><T132/><D71/><U21/><E21/><V64/><F64/><W101/><G101/><T52/><D20/><U3/><E65/><V67/><F2/><W63/><REACH who="3" step="1"/><G82/><REACH who="3" ten="279,248,181,282" step="2"/><T85/><D80/><U39/><E39/><V94/><F94/><AGARI ba="0,1" hai="40,41,43,53,59,60,61,63,91,94,97" m="7168" machi="94" ten="60,11600,0" yaku="1,1,2,1,8,1,53,0" doraHai="34,8" doraHaiUra="110,10" who="3" fromWho="2" sc="279,0,248,0,181,-116,282,126" /><INIT seed="3,1,0,5,1,67" ten="279,248,65,408" oya="3" hai0="79,76,92,75,58,60,122,19,62,115,91,22,2" hai1="105,39,108,55,30,100,53,132,72,133,18,95,106" hai2="23,81,84,3,112,25,116,27,48,83,14,74,98" hai3="80,40,127,4,10,64,134,121,65,33,118,117,15"/><W131/><G121/><T71/><D2/><U54/><E108/><V125/><F3/><W101/><G131/><T135/><D75/><U77/><E39/><V94/><F74/><W73/><G127/><T111/><D111/><U87/><E30/><V69/><F69/><W110/><G134/><T24/><D122/><U9/><E9/><V21/><F125/><W123/><G123/><T107/><D107/><U93/><E18/><V8/><F112/><W28/><G110/><T32/><D32/><U31/><E31/><N who="2" m="17839" /><F48/><W26/><G101/><T113/><D135/><U45/><E45/><V126/><F84/><W41/><G117/><T13/><D13/><U124/><E124/><V86/><F86/><W51/><G118/><T102/><D102/><U52/><E95/><V12/><F116/><W37/><G37/><T57/><D71/><U7/><E106/><V29/><F126/><W119/><G119/><T11/><D11/><U38/><E38/><V34/><F34/><W78/><REACH who="3" step="1"/><G51/><REACH who="3" ten="279,248,65,398" step="2"/><T88/><D113/><U70/><E100/><N who="2" m="60503" /><F14/><W130/><G130/><T61/><D115/><U103/><E133/><V129/><F129/><W50/><G50/><T96/><REACH who="0" step="1"/><D91/><REACH who="0" ten="269,248,65,398" step="2"/><U59/><E132/><V89/><F89/><W56/><G56/><AGARI ba="1,2" hai="19,22,24,56,57,58,60,61,62,76,79,88,92,96" machi="56" ten="40,8000,1" yaku="1,1,2,1,8,1,54,1,53,0" doraHai="67" doraHaiUra="42" who="0" fromWho="3" sc="269,103,248,0,65,0,398,-83" /><INIT seed="4,0,0,0,5,100" ten="372,248,65,315" oya="0" hai0="72,120,23,59,51,130,6,19,131,108,48,36,56" hai1="125,89,58,117,107,69,28,109,77,133,102,26,12" hai2="124,70,90,52,53,74,134,111,5,4,27,67,32" hai3="97,114,37,71,81,96,0,87,60,42,122,44,1"/><T83/><D36/><U33/><E125/><V66/><F74/><W82/><G114/><T115/><D6/><U43/><E109/><V16/><F111/><W35/><G122/><T112/><D120/><U105/><E133/><V54/><F134/><W116/><G116/><T25/><D108/><U123/><E69/><V9/><F124/><W14/><G35/><T135/><D135/><U127/><E102/><V46/><F70/><W99/><G14/><T15/><D25/><U57/><E117/><V128/><F128/><W132/><G132/><T47/><D83/><U84/><E127/><V78/><F78/><W76/><REACH who="3" step="1"/><G81/><REACH who="3" ten="372,248,65,305" step="2"/><T92/><D115/><U93/><E12/><N who="2" m="7183" /><F32/><W110/><G110/><T103/><D112/><U91/><E33/><V95/><F27/><W104/><G104/><T31/><D15/><U118/><E107/><V73/><F73/><W129/><G129/><T2/><D72/><U106/><E105/><V45/><F5/><W40/><G40/><T24/><D130/><U65/><E106/><V101/><F4/><W20/><G20/><T88/><D23/><U113/><E26/><V119/><F119/><W13/><G13/><T79/><D24/><U10/><E113/><V85/><F101/><W75/><G75/><T80/><D103/><U3/><E118/><V126/><F126/><W18/><G18/><T21/><D19/><U64/><E123/><V41/><F41/><W55/><G55/><T50/><D131/><U68/><E43/><V63/><F63/><W98/><N who="3" m="24576" /><DORA hai="61" /><W29/><G29/><T17/><D31/><U121/><E28/><RYUUKYOKU ba="0,1" sc="372,-15,248,-15,65,15,305,15" hai2="45,46,52,53,54,66,67,85,90,95" hai3="0,1,37,42,44,60,71,76,82,87" /><INIT seed="5,1,1,5,1,58" ten="357,233,80,320" oya="1" hai0="80,61,86,106,42,105,52,10,41,60,107,113,67" hai1="0,101,126,130,128,131,18,24,56,23,25,45,11" hai2="17,12,88,16,110,71,22,127,82,69,87,38,44" hai3="26,30,21,1,97,7,123,119,19,6,46,27,129"/><U40/><E126/><V64/><F110/><W121/><G46/><T48/><D10/><U114/><E114/><V33/><F127/><W14/><G97/><T109/><D109/><U77/><E77/><V95/><F33/><W62/><G62/><T50/><D113/><U125/><E125/><V89/><F64/><W115/><G115/><T92/><D92/><U78/><E78/><V66/><F66/><W85/><G85/><T79/><D48/><U117/><E117/><V4/><F4/><W37/><G37/><T104/><D104/><U3/><E101/><V55/><F17/><W59/><G59/><T47/><REACH who="0" step="1"/><D60/><REACH who="0" ten="347,233,80,320" step="2"/><U65/><E11/><V84/><REACH who="2" step="1"/><F55/><REACH who="2" ten="347,233,70,320" step="2"/><W133/><G119/><T28/><D28/><N who="1" m="17439" /><E130/><V32/><F32/><W134/><G129/><T43/><D43/><AGARI ba="1,3" hai="12,16,22,38,43,44,69,71,82,84,87,88,89,95" machi="43" ten="40,5200,0" yaku="1,1,54,2,53,0" doraHai="58" doraHaiUra="102" who="2" fromWho="0" sc="347,-55,233,0,70,85,320,0" /><INIT seed="6,0,0,0,0,75" ten="292,233,155,320" oya="2" hai0="88,135,127,132,80,58,76,50,101,20,60,71,16" hai1="86,21,69,109,40,77,66,11,121,103,12,42,89" hai2="73,34,134,46,43,13,67,45,17,111,123,120,72" hai3="23,115,98,6,91,10,29,96,24,64,61,41,122"/><V90/><F34/><W5/><G122/><T81/><D127/><U70/><E109/><V97/><F67/><W33/><G115/><T100/><D50/><U119/><E119/><V85/><F97/><W3/><G6/><T7/><D7/><U82/><E121/><V57/><F111/><W22/><G41/><T102/><D71/><U65/><E103/><V114/><F114/><W9/><G9/><T32/><D32/><U35/><E35/><V30/><F30/><W47/><G47/><T129/><D129/><U124/><E124/><V110/><F110/><W74/><G74/><T116/><D116/><U18/><E69/><V130/><F130/><W51/><G51/><T118/><D88/><U78/><E70/><V38/><F120/><W125/><G125/><T84/><D81/><U87/><E66/><V53/><F123/><W131/><G131/><T68/><D68/><U31/><E65/><V94/><F46/><W108/><G108/><T2/><D2/><U93/><E78/><V26/><F26/><AGARI ba="0,0" hai="11,12,18,21,26,31,40,42,77,82,86,87,89,93" machi="26" ten="40,2600,0" yaku="8,1,52,1" doraHai="75" who="1" fromWho="2" sc="292,0,233,26,155,-26,320,0" /><INIT seed="7,0,0,2,1,35" ten="292,259,129,320" oya="3" hai0="129,41,40,51,87,115,68,106,79,98,45,57,9" hai1="6,36,0,82,107,50,47,132,65,23,90,62,128" hai2="89,100,121,102,17,54,109,61,27,49,22,19,4" hai3="16,117,114,99,43,1,7,101,133,111,125,119,67"/><W73/><G73/><T33/><D33/><U58/><E107/><V31/><F109/><W81/><G111/><T88/><D68/><U116/><E128/><V72/><F72/><W93/><G125/><T37/><D129/><U32/><E32/><V12/><F121/><W2/><G133/><T112/><D9/><U86/><E132/><V56/><F4/><W64/><G114/><N who="0" m="43563" /><D57/><U76/><E116/><V8/><F31/><W59/><G7/><T66/><D66/><U120/><E36/><V131/><F131/><W18/><G59/><T29/><D29/><U84/><E120/><V15/><F27/><W74/><G43/><N who="0" m="25023" /><D79/><U83/><E23/><V124/><F124/><W5/><G5/><T26/><D26/><U134/><E6/><V30/><F30/><W97/><G101/><N who="0" m="62775" /><D37/><U52/><E134/><V104/><F104/><W28/><G74/><T48/><D48/><U21/><E21/><V70/><F70/><W91/><G28/><T20/><D20/><U42/><REACH who="1" step="1"/><E0/><REACH who="1" ten="292,249,129,320" step="2"/><V96/><REACH who="2" step="1"/><F61/><REACH who="2" ten="292,249,119,320" step="2"/><W105/><G119/><T34/><D34/><U75/><E75/><V60/><F60/><W24/><G117/><T25/><D25/><U38/><E38/><V53/><F53/><AGARI ba="0,2" hai="42,47,50,52,53,58,62,65,76,82,83,84,86,90" machi="53" ten="40,5200,0" yaku="1,1,8,1,54,1,53,0" doraHai="35" doraHaiUra="127" who="1" fromWho="2" sc="292,0,249,72,119,-52,320,0" owari="292,-11.0,321,42.0,67,-43.0,320,12.0" /></mjloggm>