<mjloggm ver="2.3"><GO type="169" lobby="0"/><UN n0="%E9%87%8C%E6%9C%A8%E4%BB%81" n1="%66%61%6E%73%74%65%70" n2="%68%61%79%61%74%6F%E2%98%86" n3="%E8%BD%9F%E9%8B%BC%E9%89%84" dan="16,17,17,16" rate="2129.63,2197.60,2141.10,2208.09" sx="M,M,M,M"/><TAIKYOKU oya="0"/><INIT seed="0,0,0,0,1,54" ten="250,250,250,250" oya="0" hai0="87,65,25,127,115,131,103,89,78,37,46,98,111" hai1="99,100,117,57,80,132,14,84,112,35,45,88,95" hai2="9,122,1,56,116,32,13,97,72,47,96,40,90" hai3="70,12,28,68,118,124,76,48,4,113,81,0,130"/><T108/><D115/><U73/><E35/><V105/><F32/><W55/><G0/><T27/><D78/><U107/><E117/><V86/><F72/><W114/><G118/><T41/><D131/><U129/><E129/><V3/><F116/><W20/><G130/><T50/><D127/><U21/><E112/><V120/><F3/><W39/><G39/><T19/><D65/><U69/><E69/><V71/><F1/><W92/><G124/><T102/><D37/><U36/><E132/><V77/><F77/><W93/><G68/><T26/><D19/><U33/><E33/><V101/><F96/><W52/><G55/><T67/><D67/><U126/><E126/><V109/><F71/><W106/><G106/><T23/><D23/><U30/><E45/><V61/><F109/><N who="0" m="42058" /><D98/><U79/><E36/><V91/><F91/><W31/><G70/><T83/><AGARI ba="0,0" hai="25,26,27,41,46,50,83,87,89,102,103" m="42058" machi="83" ten="30,3000,0" yaku="14,1,10,1" doraHai="54" who="0" fromWho="0" sc="250,30,250,-10,250,-10,250,-10" /><INIT seed="0,1,0,2,5,1" ten="280,240,240,240" oya="0" hai0="135,62,94,95,106,74,49,79,87,5,102,28,59" hai1="80,86,12,24,76,30,17,14,112,113,3,36,72" hai2="61,19,7,25,2,132,34,130,41,46,75,134,65" hai3="53,11,83,20,8,47,58,125,0,131,63,50,43"/><T105/><D49/><U67/><E36/><V119/><F75/><W56/><G131/><T4/><D135/><U123/><E123/><V54/><F119/><W104/><G125/><T71/><D71/><U121/><E121/><V51/><F41/><W124/><G104/><T6/><D74/><U110/><E110/><V22/><F34/><W108/><G108/><T84/><D28/><U81/><E3/><V129/><F2/><W98/><G124/><T126/><D126/><U100/><E100/><V99/><F99/><W37/><G98/><N who="0" m="59743" /><D106/><U90/><E67/><V93/><F93/><W42/><G42/><T9/><D105/><U18/><E14/><V60/><F60/><W85/><G20/><T97/><D79/><U10/><REACH who="1" step="1"/><E18/><REACH who="1" ten="280,230,240,240" step="2"/><V115/><F19/><W101/><G101/><N who="0" m="60599" /><D9/><U109/><E109/><V35/><F130/><W45/><G0/><T27/><D27/><U92/><E92/><V38/><F25/><W48/><G8/><T128/><D128/><U23/><AGARI ba="1,1" hai="10,12,17,23,24,30,72,76,80,81,86,90,112,113" machi="23" ten="30,4000,0" yaku="1,1,0,1,53,1" doraHai="1" doraHaiUra="107" who="1" fromWho="1" sc="280,-21,230,53,240,-11,240,-11" /><INIT seed="1,0,0,2,3,122" ten="259,283,229,229" oya="1" hai0="71,23,52,69,48,135,42,1,79,56,127,31,120" hai1="55,77,134,0,132,117,101,17,78,125,28,110,39" hai2="15,10,95,68,16,32,50,26,121,65,24,115,61" hai3="40,105,6,67,4,60,80,49,92,30,36,86,25"/><U83/><E0/><V63/><F121/><W57/><G105/><T113/><D120/><U98/><E117/><V97/><F115/><W29/><G36/><T72/><D113/><U89/><E39/><V66/><F32/><W38/><G38/><T102/><D1/><U99/><E28/><V64/><F50/><W129/><G129/><T3/><D3/><U13/><E55/><V18/><F18/><W7/><G92/><T133/><D127/><U20/><E125/><V43/><F43/><W34/><G29/><T107/><D42/><U62/><E62/><V70/><REACH who="2" step="1"/><F65/><REACH who="2" ten="259,283,219,229" step="2"/><W130/><G130/><T45/><D45/><U114/><E114/><V84/><F84/><W131/><G131/><T96/><D31/><U106/><E17/><V123/><F123/><W85/><G85/><T44/><D44/><U81/><E98/><V124/><F124/><W73/><G73/><T116/><D116/><U47/><E99/><V22/><F22/><W14/><G49/><T46/><D46/><U108/><E20/><V27/><F27/><W93/><G40/><T104/><D23/><U53/><E47/><V103/><AGARI ba="0,1" hai="10,15,16,24,26,61,63,64,66,68,70,95,97,103" machi="103" ten="20,8000,1" yaku="1,1,0,1,7,1,9,1,54,1,53,0" doraHai="122" doraHaiUra="2" who="2" fromWho="2" sc="259,-20,283,-40,219,90,229,-20" /><INIT seed="2,0,0,2,2,99" ten="239,243,309,209" oya="2" hai0="11,0,7,78,8,125,68,14,83,97,69,105,9" hai1="30,55,107,45,49,104,95,54,131,72,74,109,25" hai2="110,92,56,135,73,122,81,87,48,79,23,80,130" hai3="116,108,63,111,31,88,106,94,128,90,67,64,46"/><V100/><F122/><W112/><G116/><T26/><D125/><U93/><E109/><N who="3" m="42058" /><G31/><T61/><D26/><U42/><E131/><V53/><F110/><W21/><G106/><T77/><D61/><U1/><E1/><V59/><F130/><W75/><G75/><T15/><D0/><U60/><E72/><V65/><F135/><W13/><G128/><T123/><D123/><U20/><E74/><V76/><F23/><W38/><G64/><T114/><D114/><U134/><E134/><V52/><F65/><W43/><G94/><T96/><D11/><U32/><E32/><V101/><F92/><W62/><G62/><AGARI ba="0,0" hai="48,52,53,56,59,62,73,76,79,80,81,87,100,101" machi="62" ten="30,11600,0" yaku="7,1,52,2,54,1" doraHai="99" who="2" fromWho="3" sc="239,0,243,0,309,116,209,-116" /><INIT seed="2,1,0,0,0,128" ten="239,243,425,93" oya="2" hai0="78,33,114,93,6,63,104,48,10,88,9,31,11" hai1="127,37,98,87,79,74,23,8,39,17,27,20,132" hai2="66,50,52,120,69,134,90,113,42,58,105,55,89" hai3="125,109,70,54,40,41,117,64,62,95,1,47,118"/><V32/><F32/><W86/><G1/><T84/><D114/><U110/><E74/><V81/><F105/><W26/><G109/><T115/><D115/><U65/><E110/><V25/><F120/><W3/><G3/><T126/><D126/><U44/><E127/><V76/><F113/><W57/><G125/><T131/><D131/><U101/><E65/><V4/><F4/><W12/><G26/><T0/><D104/><U130/><E130/><V34/><F42/><W96/><G86/><T43/><D63/><U36/><E44/><V135/><F55/><W5/><G12/><T56/><D78/><U102/><E8/><V103/><F103/><W129/><G5/><T2/><D2/><U133/><E101/><V92/><F66/><W123/><G40/><T13/><D0/><U67/><E67/><V46/><F46/><W51/><G123/><T94/><D94/><U80/><REACH who="1" step="1"/><E23/><REACH who="1" ten="239,233,425,93" step="2"/><V112/><F112/><W38/><REACH who="3" step="1"/><G129/><REACH who="3" ten="239,233,425,83" step="2"/><T68/><D6/><U91/><E91/><AGARI ba="1,2" hai="38,41,47,51,54,57,62,64,70,91,95,96,117,118" machi="91" ten="30,8000,1" yaku="1,1,2,1,7,1,24,2,53,0" doraHai="128" doraHaiUra="24" who="3" fromWho="1" sc="239,0,233,-83,425,0,83,103" /><INIT seed="3,0,0,2,3,53" ten="239,150,425,186" oya="3" hai0="110,97,28,52,69,108,23,125,103,4,11,36,51" hai1="121,114,32,113,59,126,90,80,74,98,31,106,95" hai2="81,41,96,92,133,39,18,115,15,8,7,94,79" hai3="93,77,120,75,64,42,43,78,88,101,117,67,89"/><W118/><G93/><T38/><D69/><U102/><E31/><V127/><F115/><W63/><G101/><T19/><D125/><U71/><E32/><V60/><F133/><W37/><G63/><T46/><D28/><U116/><E71/><V17/><F127/><W135/><G37/><T27/><D110/><U20/><E126/><V76/><F41/><W72/><REACH who="3" step="1"/><G135/><REACH who="3" ten="239,150,425,176" step="2"/><T122/><D108/><U56/><E121/><AGARI ba="0,1" hai="42,43,64,67,72,75,77,78,88,89,117,118,120,121" machi="121" ten="25,12000,1" yaku="1,1,2,1,22,2,54,1,53,0" doraHai="53" doraHaiUra="45" who="3" fromWho="1" sc="239,0,150,-120,425,0,176,130" /><INIT seed="3,1,0,3,2,104" ten="239,30,425,306" oya="3" hai0="127,61,122,130,31,43,46,25,8,11,21,34,4" hai1="100,3,67,75,60,16,96,118,2,66,88,115,10" hai2="45,82,102,113,41,57,17,73,0,92,44,40,110" hai3="109,105,91,70,120,20,86,39,116,134,37,129,64"/><W1/><RYUUKYOKU type="yao9" ba="1,0" sc="239,0,30,0,425,0,306,0" hai3="1,20,37,39,64,70,86,91,105,109,116,120,129,134" /><INIT seed="3,2,0,3,5,0" ten="239,30,425,306" oya="3" hai0="107,124,111,121,90,55,112,79,91,32,68,52,132" hai1="130,57,40,83,26,29,114,95,21,129,20,125,13" hai2="17,88,134,50,9,94,113,45,54,34,89,133,47" hai3="122,62,59,35,76,102,126,37,15,2,84,115,39"/><W53/><G2/><T74/><RYUUKYOKU type="yao9" ba="2,0" sc="239,0,30,0,425,0,306,0" hai0="32,52,55,68,74,79,90,91,107,111,112,121,124,132" /><INIT seed="3,3,0,3,5,19" ten="239,30,425,306" oya="3" hai0="101,96,127,79,63,112,62,129,38,20,115,116,54" hai1="52,48,91,89,1,18,28,25,65,95,41,77,12" hai2="51,72,122,67,21,103,44,128,15,131,66,102,46" hai3="81,118,110,68,97,49,13,27,84,99,88,60,107"/><W23/><G118/><T5/><D116/><U0/><E77/><V94/><F72/><W132/><G132/><T90/><D129/><N who="2" m="49738" /><F46/><W135/><G135/><T32/><D32/><U124/><E124/><V17/><F122/><W31/><G110/><T71/><D127/><U35/><E41/><N who="2" m="24975" /><F94/><W92/><G107/><N who="0" m="63911" /><D38/><U40/><E40/><V9/><F9/><W78/><G49/><T70/><D79/><U10/><E65/><AGARI ba="3,0" hai="15,17,21,65,66,67,102,103" m="24975,49738" machi="65" ten="30,2000,0" yaku="19,1,52,1" doraHai="19" who="2" fromWho="1" sc="239,0,30,-29,425,29,306,0" /><INIT seed="4,0,0,5,3,28" ten="239,1,454,306" oya="0" hai0="1,33,25,118,127,79,99,96,42,56,120,112,83" hai1="24,77,31,113,21,116,22,8,60,103,47,130,14" hai2="39,9,10,4,17,122,80,102,94,90,68,38,20" hai3="98,76,123,29,15,124,88,55,50,51,89,61,11"/><T46/><D118/><U69/><E69/><V107/><F68/><W54/><G124/><T133/><D120/><U92/><E116/><V59/><F10/><W111/><G123/><T106/><D127/><U64/><E130/><V81/><F102/><W41/><G111/><T128/><D128/><U13/><E113/><V2/><F107/><W37/><G76/><T115/><D1/><U44/><E77/><V3/><F2/><W119/><G29/><N who="0" m="19631" /><D56/><N who="1" m="36871" /><E21/><V35/><F35/><W101/><G37/><N who="0" m="21839" /><D133/><U110/><E110/><V85/><F122/><W62/><G41/><T70/><D70/><U48/><E48/><V104/><F104/><W71/><G71/><T72/><D99/><N who="1" m="59879" /><E14/><V117/><F117/><W30/><G30/><T32/><D32/><U0/><E0/><V97/><F59/><W67/><G119/><T105/><D105/><U100/><E100/><AGARI ba="0,0" hai="72,79,83,96,100,106,112,115" m="21839,19631" machi="100" ten="30,2900,0" yaku="23,1,52,1" doraHai="28" who="0" fromWho="1" sc="239,29,1,-29,454,0,306,0" owari="268,-13.0,-28,-53.0,454,55.0,306,11.0" /></mjloggm>