<mjloggm ver="2.3"><GO type="169" lobby="0"/><UN n0="%E3%83%AB%E3%82%A2%E3%82%B4%E3%82%A4%E3%83%95" n1="%E3%81%AD%E3%81%87" n2="%E3%82%88%E3%81%86%E3%81%B8%E3%83%BC%58" n3="%E3%82%8F%E3%81%A3%E3%81%97%E3%82%87%E3%81%84%E5%90%9B%32%E5%8F%B7" dan="17,17,18,16" rate="2069.80,2199.64,2242.86,2144.26" sx="M,M,M,M"/><TAIKYOKU oya="0"/><INIT seed="0,0,0,5,3,53" ten="250,250,250,250" oya="0" hai0="11,57,88,91,71,95,1,43,23,68,131,47,3" hai1="12,37,127,45,122,90,92,111,0,36,76,14,50" hai2="15,121,72,120,78,81,59,27,113,6,85,13,5" hai3="16,31,8,119,77,124,82,133,70,108,130,87,123"/><T106/><D106/><U101/><E0/><V98/><F113/><W84/><G119/><T56/><D131/><U41/><E122/><V25/><F98/><W132/><G130/><T69/><D23/><U114/><E111/><V74/><F85/><W125/><G70/><T32/><D32/><U75/><E127/><N who="3" m="48714" /><G108/><T40/><D11/><U9/><E101/><V102/><F102/><W134/><G31/><T26/><D26/><U94/><E114/><V4/><F4/><W54/><G123/><T49/><D43/><U117/><E117/><V67/><F67/><W19/><G8/><T93/><D1/><U39/><E90/><V28/><F28/><W10/><G10/><T30/><D30/><U83/><REACH who="1" step="1"/><E14/><REACH who="1" ten="250,240,250,250" step="2"/><V60/><F15/><W33/><G132/><T66/><D3/><U52/><E52/><V103/><F13/><W21/><G54/><T48/><D66/><U73/><E73/><V128/><F103/><W17/><G133/><T7/><D7/><AGARI ba="0,1" hai="7,9,12,36,37,39,41,45,50,75,76,83,92,94" machi="7" ten="40,1300,0" yaku="1,1,53,0" doraHai="53" doraHaiUra="80" who="1" fromWho="0" sc="250,-13,240,23,250,0,250,0" /><INIT seed="1,0,0,5,1,126" ten="237,263,250,250" oya="1" hai0="119,122,7,57,71,8,86,28,16,65,116,56,111" hai1="18,15,73,112,44,128,47,14,38,50,67,84,69" hai2="101,105,20,117,1,70,124,80,94,118,54,113,92" hai3="5,120,130,114,79,77,81,76,32,115,26,110,39"/><U109/><E73/><V2/><F70/><W107/><G120/><T25/><D122/><U66/><E112/><V19/><F113/><W3/><G107/><T53/><D111/><U100/><E100/><V104/><F101/><W29/><G110/><T133/><D133/><U98/><E98/><V127/><F20/><W91/><G39/><T40/><D40/><U131/><E109/><V24/><F24/><W35/><G35/><T49/><D71/><U60/><E84/><V106/><F54/><W34/><G32/><T95/><D28/><U63/><E38/><V121/><F121/><W43/><G43/><T41/><D41/><U103/><E103/><V89/><F19/><W55/><G55/><T134/><D134/><U78/><E78/><V6/><F6/><W37/><G37/><T27/><D27/><U72/><E72/><V17/><F17/><W4/><G4/><T108/><D108/><U42/><E44/><V129/><F80/><W102/><G102/><T33/><D33/><U96/><E96/><V22/><F22/><W75/><G75/><T36/><D36/><U88/><E88/><V13/><F106/><W135/><G114/><T125/><D125/><U97/><E97/><V12/><REACH who="2" step="1"/><F89/><REACH who="2" ten="237,263,240,250" step="2"/><W90/><G115/><T45/><D7/><U99/><E18/><V83/><F83/><W87/><G90/><T61/><D25/><U30/><E30/><V21/><F21/><N who="3" m="15567" /><G135/><T9/><D16/><U123/><E123/><V10/><F10/><N who="3" m="2367" /><G34/><T23/><D8/><U132/><E132/><V64/><F64/><W59/><G91/><N who="0" m="53751" /><D9/><U82/><E69/><RYUUKYOKU ba="0,1" sc="237,-10,263,-10,240,30,250,-10" hai2="1,2,12,13,92,94,104,105,117,118,124,127,129" /><INIT seed="2,1,1,0,4,30" ten="227,253,270,240" oya="2" hai0="59,89,31,134,110,35,92,63,107,121,79,103,95" hai1="80,39,44,133,47,49,26,94,60,99,68,70,122" hai2="125,62,100,85,65,57,109,0,4,3,81,24,21" hai3="38,18,32,50,86,108,135,124,13,127,7,20,5"/><V117/><F117/><W76/><G38/><T128/><D121/><U129/><E122/><V126/><F100/><W1/><G108/><T14/><D110/><U61/><E133/><V51/><F51/><W132/><G76/><T11/><D134/><N who="3" m="51241" /><G86/><T77/><D128/><U64/><E129/><V56/><F56/><W102/><G102/><T105/><D103/><U25/><E80/><V53/><F109/><W112/><G50/><T90/><D31/><U29/><E39/><V8/><F65/><W82/><G82/><T33/><D14/><U27/><E29/><V42/><F42/><W71/><G71/><T74/><D11/><U48/><E94/><V131/><F131/><W97/><G97/><T17/><D17/><U10/><E10/><V104/><F104/><W96/><G96/><T114/><D59/><U36/><E99/><V119/><F119/><W87/><G87/><T73/><REACH who="0" step="1"/><D63/><REACH who="0" ten="217,253,270,240" step="2"/><U40/><E61/><V66/><F8/><N who="3" m="2095" /><G7/><T101/><D101/><U58/><E68/><V22/><F4/><W111/><G111/><T46/><D46/><U67/><E70/><V54/><F57/><W88/><G13/><T91/><D91/><U28/><E47/><V6/><F6/><W16/><G88/><T15/><D15/><U84/><E44/><V130/><F130/><W83/><G18/><T69/><D69/><U19/><E19/><V120/><F62/><W41/><G16/><T78/><D78/><U9/><E9/><V45/><F120/><W123/><G123/><T2/><D2/><U116/><E28/><V75/><F45/><W118/><G118/><RYUUKYOKU ba="1,2" sc="217,30,253,-10,270,-10,240,-10" hai0="33,35,73,74,77,79,89,90,92,95,105,107,114" /><INIT seed="3,2,2,4,4,27" ten="247,243,260,230" oya="3" hai0="94,50,70,30,56,5,128,52,95,7,89,86,23" hai1="10,121,100,99,72,28,58,49,105,26,68,75,14" hai2="85,55,122,131,37,112,71,6,102,11,107,108,127" hai3="135,20,4,83,134,73,103,116,91,36,93,32,124"/><W21/><G116/><T48/><D128/><U133/><E121/><V67/><F112/><W64/><G36/><T132/><D132/><N who="3" m="50729" /><G124/><T98/><D70/><U109/><E109/><V88/><F37/><W35/><G64/><T31/><D23/><N who="3" m="8777" /><G4/><N who="0" m="1611" /><D48/><U87/><E68/><V82/><F127/><W8/><G8/><T59/><D59/><U3/><E10/><V15/><F108/><W42/><G42/><T24/><D24/><U16/><E26/><V19/><F131/><W39/><G39/><T104/><D104/><U62/><E58/><V53/><F122/><W13/><G13/><T106/><D106/><U38/><E14/><V61/><REACH who="2" step="1"/><F6/><REACH who="2" ten="247,243,250,230" step="2"/><W81/><G103/><AGARI ba="2,3" hai="30,31,50,52,56,86,89,94,95,98,103" m="1611" machi="103" ten="30,7700,0" yaku="8,1,52,2,54,1" doraHai="27" who="0" fromWho="3" sc="247,113,243,0,250,0,230,-83" /><INIT seed="4,0,0,4,0,116" ten="360,243,250,147" oya="0" hai0="64,55,135,32,134,8,95,4,121,0,117,24,23" hai1="128,36,13,105,21,99,109,54,79,34,131,3,113" hai2="47,94,12,102,18,63,118,87,78,97,110,31,126" hai3="127,86,42,112,70,68,37,83,88,10,1,123,69"/><T43/><D117/><U19/><E36/><V89/><F110/><W84/><G112/><T26/><D64/><U76/><E109/><V46/><F126/><W6/><G127/><T66/><D66/><U40/><E3/><V119/><F78/><W33/><G33/><T98/><D43/><U41/><E34/><V35/><F63/><W48/><G37/><T130/><D55/><U56/><E113/><V27/><F119/><W106/><G106/><T92/><D130/><N who="1" m="49707" /><E41/><V100/><F118/><W93/><G42/><T39/><D39/><U91/><E40/><V38/><F38/><W7/><G7/><T30/><D121/><U29/><E29/><V90/><F90/><W5/><G5/><T114/><D114/><U65/><E65/><V53/><F53/><W101/><G48/><T103/><REACH who="0" step="1"/><D95/><REACH who="0" ten="350,243,250,147" step="2"/><N who="1" m="56831" /><E105/><V57/><F46/><W9/><G123/><T28/><AGARI ba="0,1" hai="0,4,8,23,24,26,28,30,32,92,98,103,134,135" machi="28" ten="30,6000,0" yaku="1,1,0,1,53,1" doraHai="116" doraHaiUra="17" who="0" fromWho="0" sc="350,70,243,-20,250,-20,147,-20" /><INIT seed="4,1,0,5,5,67" ten="420,223,230,127" oya="0" hai0="123,2,37,4,51,46,11,105,6,93,40,80,60" hai1="21,68,38,126,72,116,33,69,43,75,106,77,122" hai2="79,29,133,57,1,16,87,59,20,76,102,112,14" hai3="48,28,44,119,3,130,55,54,74,27,125,39,78"/><T35/><D105/><U5/><E21/><V31/><F1/><W134/><G119/><T117/><D117/><U7/><E116/><V121/><F121/><W66/><G125/><T53/><D35/><U58/><E58/><N who="2" m="22027" /><F112/><W25/><G130/><T41/><D123/><U8/><E122/><V84/><F102/><W135/><G3/><T47/><D60/><U97/><E126/><V12/><F12/><W36/><G66/><T50/><D6/><U89/><E7/><V103/><F103/><W10/><G10/><T56/><D93/><U92/><E33/><V90/><F87/><W86/><G74/><T17/><D17/><U62/><E62/><V101/><F101/><W115/><G115/><T111/><D111/><U109/><E109/><V65/><F65/><W64/><G64/><T110/><D110/><U63/><E63/><V61/><F61/><W94/><G94/><T100/><D100/><U9/><E9/><V24/><F133/><W83/><G55/><T15/><REACH who="0" step="1"/><D80/><REACH who="0" ten="410,223,230,127" step="2"/><N who="1" m="45119" /><E106/><V85/><F31/><W108/><G108/><T34/><D34/><U13/><E92/><V73/><F29/><W81/><G83/><T127/><D127/><U99/><E5/><V96/><F16/><W32/><REACH who="3" step="1"/><G25/><REACH who="3" ten="410,223,230,117" step="2"/><T45/><D45/><U124/><E124/><V30/><F24/><W22/><G22/><T131/><D131/><U118/><E118/><V23/><F20/><W91/><G91/><T82/><D82/><U120/><E89/><V113/><F113/><W49/><G49/><T132/><D132/><AGARI ba="1,2" hai="27,28,32,36,39,44,48,54,78,81,86,132,134,135" machi="132" ten="40,2600,0" yaku="1,1,20,1,53,0" doraHai="67" doraHaiUra="18" who="3" fromWho="0" sc="410,-29,223,0,230,0,117,49" /><INIT seed="5,0,0,3,4,44" ten="381,223,230,166" oya="1" hai0="18,63,87,68,27,36,79,11,107,131,122,117,89" hai1="113,23,95,70,14,54,28,134,96,112,91,94,53" hai2="75,106,126,98,22,32,59,114,119,127,40,56,132" hai3="88,125,3,80,2,58,66,115,46,34,1,8,130"/><U100/><E70/><V15/><F32/><W110/><G110/><T37/><D107/><U61/><E134/><V86/><F75/><W17/><G115/><N who="1" m="44106" /><E61/><V129/><F114/><W124/><G34/><T35/><D122/><U77/><E77/><V21/><F40/><W67/><G130/><T84/><D117/><U83/><E83/><V5/><F86/><N who="3" m="50247" /><G58/><T76/><D131/><U120/><E120/><V60/><F132/><W104/><G104/><T48/><D84/><N who="1" m="52583" /><E14/><V45/><F129/><W118/><G118/><T4/><D63/><U20/><E28/><V9/><F119/><W128/><G128/><T103/><D68/><U72/><E72/><V49/><F60/><W7/><G17/><T57/><D18/><U116/><E116/><V33/><F106/><W73/><G73/><T50/><D79/><U81/><E81/><V90/><F33/><W10/><G7/><T123/><D76/><U92/><E92/><N who="2" m="56599" /><F127/><N who="3" m="48715" /><G67/><T121/><D121/><U29/><E29/><V38/><F126/><W30/><G30/><T25/><D123/><U109/><E109/><V43/><F38/><W69/><G66/><T19/><D36/><U93/><E93/><V24/><F24/><W39/><G69/><T85/><D37/><U135/><E135/><V99/><F5/><W51/><G39/><T0/><D4/><U82/><E82/><V52/><F15/><W108/><G108/><T42/><D27/><U105/><E105/><V62/><F62/><W16/><G16/><T55/><D19/><U6/><E6/><V13/><F13/><W26/><G26/><T101/><D25/><RYUUKYOKU ba="0,0" sc="381,-15,223,15,230,-15,166,15" hai1="20,23,53,54,95,96,100" hai3="1,2,3,8,10,46,51" /><INIT seed="5,1,0,0,3,38" ten="366,238,215,181" oya="1" hai0="56,26,57,65,120,36,79,71,41,125,129,133,70" hai1="87,73,86,92,99,22,123,84,1,77,83,20,128" hai2="49,21,109,104,96,5,85,54,39,81,10,118,58" hai3="15,35,93,131,0,34,16,29,107,122,124,121,12"/><U134/><E1/><V112/><F39/><W48/><G107/><T91/><D79/><U66/><E123/><N who="3" m="47114" /><G93/><T55/><D26/><U89/><E66/><V74/><F109/><W103/><G103/><T4/><D4/><U23/><E134/><V82/><F118/><W8/><G48/><N who="0" m="30823" /><D91/><U130/><AGARI ba="1,0" hai="20,22,23,73,77,83,84,86,87,89,92,99,128,130" machi="130" ten="40,2100,0" yaku="0,1" doraHai="38" who="1" fromWho="1" sc="366,-8,238,24,215,-8,181,-8" /><INIT seed="5,2,0,1,3,17" ten="358,262,207,173" oya="1" hai0="92,52,6,131,46,80,130,1,117,104,67,63,7" hai1="16,36,12,105,95,71,18,110,94,111,35,61,72" hai2="23,38,121,85,55,9,20,34,70,82,0,129,27" hai3="25,128,126,41,65,134,122,28,33,113,97,24,75"/><U54/><E35/><V37/><F121/><W73/><G122/><T32/><D104/><U81/><E105/><V48/><F70/><W115/><G126/><T69/><D32/><U77/><E36/><V21/><F129/><N who="0" m="49162" /><D117/><U31/><E31/><V133/><F133/><W3/><G128/><T14/><D1/><U60/><E71/><V50/><F27/><W10/><G134/><T51/><D92/><N who="1" m="35371" /><E54/><V83/><F34/><W13/><G97/><T78/><D14/><U93/><N who="1" m="35379" /><U124/><DORA hai="107" /><E124/><V4/><F50/><W2/><G25/><T87/><AGARI ba="2,0" hai="6,7,46,51,52,63,67,69,78,80,87" m="49162" machi="87" ten="30,2000,0" yaku="19,1,54,1" doraHai="17,107" who="0" fromWho="0" sc="358,26,262,-12,207,-7,173,-7" /><INIT seed="6,0,0,1,4,65" ten="384,250,200,166" oya="2" hai0="21,19,6,105,123,111,26,14,77,114,47,96,97" hai1="9,125,52,38,3,81,135,30,107,133,72,46,51" hai2="43,134,37,8,101,44,131,94,70,50,99,102,103" hai3="78,113,84,130,28,69,58,0,41,90,122,128,64"/><V83/><F134/><N who="1" m="51209" /><E107/><V120/><F131/><N who="3" m="50219" /><G122/><T98/><D111/><U63/><E30/><V73/><F120/><W42/><G0/><T112/><D123/><U82/><E72/><V85/><F73/><W119/><G119/><T2/><D2/><U4/><E125/><V80/><F37/><W93/><G28/><T75/><D47/><U106/><E106/><V68/><F8/><W61/><G78/><T48/><D48/><U12/><E12/><V118/><F118/><W71/><G113/><N who="0" m="43627" /><D105/><U31/><E31/><V108/><F108/><W121/><G121/><T7/><D14/><U22/><E22/><V24/><F24/><W49/><G49/><T95/><D95/><U87/><E38/><V11/><F11/><W109/><G109/><T129/><D129/><U127/><E127/><V100/><REACH who="2" step="1"/><F80/><AGARI ba="0,0" hai="6,7,19,21,26,75,77,80,96,97,98" m="43627" machi="80" ten="30,1000,0" yaku="15,1" doraHai="65" who="0" fromWho="2" sc="384,10,250,0,200,-10,166,0" /><INIT seed="7,0,0,5,5,51" ten="394,250,190,166" oya="3" hai0="135,30,112,116,122,124,98,44,78,26,120,58,118" hai1="132,59,114,130,80,48,121,107,63,37,49,23,35" hai2="91,126,29,83,117,32,82,75,20,40,24,1,12" hai3="133,89,55,99,110,0,66,71,50,34,56,46,27"/><W69/><G133/><T70/><D78/><U90/><E35/><V19/><F117/><W97/><G0/><T8/><D98/><U60/><E37/><V131/><F75/><W105/><G110/><T65/><D135/><U81/><E107/><V7/><F131/><W128/><G128/><T100/><D100/><U72/><E130/><V6/><F126/><W47/><G97/><T64/><D8/><U73/><E132/><V36/><F91/><W106/><G106/><T103/><D103/><U125/><E121/><V77/><F83/><W113/><G113/><T41/><D26/><U115/><E59/><V94/><F94/><W45/><G66/><N who="0" m="25707" /><D70/><U62/><E23/><V4/><F82/><N who="1" m="31849" /><E90/><V28/><F77/><W25/><G25/><T11/><D30/><N who="2" m="11882" /><F40/><W21/><G34/><T85/><D41/><U52/><E125/><V10/><F36/><W31/><REACH who="3" step="1"/><G89/><REACH who="3" ten="394,250,190,156" step="2"/><T43/><D112/><U13/><E114/><V67/><F67/><W92/><G92/><T102/><D124/><U74/><E115/><V79/><F79/><W14/><G14/><T9/><D120/><U119/><E13/><V39/><F39/><W88/><G88/><T87/><D122/><U129/><E129/><V38/><F38/><W5/><G5/><N who="2" m="2153" /><F32/><W33/><G33/><T15/><D15/><AGARI ba="0,1" hai="1,7,10,12,15,19,20,24" m="2153,11882" machi="15" ten="30,8000,1" yaku="35,5" doraHai="51" who="2" fromWho="0" sc="394,-80,250,0,190,90,156,0" owari="314,41.0,250,-15.0,280,8.0,156,-34.0" /></mjloggm>