<mjloggm ver="2.3"><GO type="169" lobby="0"/><UN n0="%73%75%7A%75%6D%65%33" n1="%E7%9F%B3%E5%A1%9A" n2="%6B%6F%62%6F%7A%32" n3="%E5%BD%97%E6%98%9F%E5%85%A5%E3%83%92%E3%82%B3" dan="17,16,17,16" rate="2203.77,2088.47,2191.10,2131.11" sx="M,M,M,M"/><TAIKYOKU oya="0"/><INIT seed="0,0,0,5,5,18" ten="250,250,250,250" oya="0" hai0="68,42,99,135,65,134,129,98,12,21,60,53,47" hai1="77,105,69,121,14,75,22,104,91,20,55,124,63" hai2="6,88,106,112,7,13,8,40,111,128,87,26,92" hai3="48,61,35,27,96,10,94,118,123,70,97,44,116"/><T83/><D129/><U52/><E121/><V16/><F112/><W102/><G123/><T130/><D130/><U39/><E39/><V132/><F128/><W56/><G70/><T62/><D83/><U133/><E77/><V51/><F106/><W30/><G10/><T85/><D85/><U72/><E69/><V24/><F132/><N who="0" m="50730" /><D60/><U54/><E133/><V127/><F111/><W81/><G81/><T89/><D89/><U125/><E91/><V45/><F127/><N who="1" m="48713" /><E14/><V23/><F26/><W43/><REACH who="3" step="1"/><G96/><REACH who="3" ten="250,250,250,240" step="2"/><T117/><D117/><U0/><E0/><V58/><REACH who="2" step="1"/><F58/><REACH who="2" ten="250,250,240,240" step="2"/><W33/><G33/><T46/><D99/><U2/><E2/><V64/><F64/><AGARI ba="0,2" hai="27,30,35,43,44,48,56,61,64,94,97,102,116,118" machi="64" ten="30,2000,0" yaku="1,1,7,1,53,0" doraHai="18" doraHaiUra="131" who="3" fromWho="2" sc="250,0,250,0,240,-20,240,40" /><INIT seed="1,0,0,0,3,17" ten="250,250,220,280" oya="1" hai0="19,79,100,127,64,5,86,91,95,96,45,42,55" hai1="61,109,46,134,69,135,116,77,70,40,28,24,131" hai2="7,92,115,48,57,60,71,65,58,104,129,78,124" hai3="72,30,81,31,132,49,21,8,32,112,107,9,89"/><U34/><E116/><V102/><F78/><W0/><G107/><T62/><D127/><U63/><E77/><V83/><F83/><W56/><G112/><T53/><D5/><U26/><E131/><V93/><F129/><W119/><G119/><T108/><D79/><U13/><E13/><V43/><F124/><W14/><G132/><T1/><D1/><U90/><E90/><V111/><F111/><W73/><G0/><T3/><D3/><U94/><E94/><V114/><F7/><W126/><G126/><T68/><D19/><U87/><E87/><V12/><F12/><W38/><G38/><T41/><D108/><U120/><E120/><V11/><F11/><W130/><G130/><T118/><D118/><U122/><E122/><V74/><F74/><W125/><G125/><T121/><D121/><U88/><E88/><V16/><F16/><W133/><G133/><N who="1" m="50698" /><E24/><V23/><F23/><W39/><G21/><T33/><D33/><U50/><E109/><V84/><F84/><W35/><G14/><T123/><D123/><U52/><E40/><V76/><F76/><W54/><G89/><T29/><D41/><U75/><E75/><V117/><F117/><W10/><G81/><T113/><D113/><N who="2" m="43018" /><F104/><W44/><G73/><T37/><D29/><N who="3" m="10761" /><G72/><T67/><D86/><U97/><E97/><N who="2" m="59687" /><F93/><W105/><G105/><T51/><D91/><U128/><E128/><V80/><F80/><W110/><G110/><T36/><D95/><U106/><E106/><V85/><F85/><W101/><G101/><T99/><D100/><U20/><E20/><V4/><F4/><RYUUKYOKU ba="0,0" sc="250,-30,250,10,220,10,280,10" hai1="26,28,34,46,50,52,61,63,69,70" hai2="43,48,57,58,60,65,71" hai3="8,9,10,32,35,39,44,49,54,56" /><INIT seed="1,1,0,4,2,126" ten="220,260,230,290" oya="1" hai0="55,74,115,53,134,59,100,132,127,54,86,66,81" hai1="76,40,16,32,21,34,102,117,106,58,14,118,71" hai2="112,108,28,130,36,114,67,33,44,2,78,23,41" hai3="89,129,22,12,110,88,80,119,75,70,20,29,24"/><U65/><E71/><V5/><F23/><W96/><G110/><T11/><D74/><U56/><E40/><V47/><F44/><W69/><G119/><T31/><D115/><U104/><E76/><V52/><F67/><W30/><G75/><T103/><D127/><U111/><E111/><V84/><F108/><W133/><G133/><N who="0" m="51307" /><D31/><U72/><E72/><V77/><F28/><W60/><G60/><N who="0" m="38175" /><D11/><U35/><E56/><V128/><F33/><W49/><G49/><T63/><D63/><U93/><E93/><V10/><F52/><N who="0" m="13314" /><T101/><DORA hai="85" /><D101/><U90/><E90/><AGARI ba="1,0" hai="81,86,90,100,103" m="13314,38175,51307" machi="90" ten="40,5200,0" yaku="20,1,52,1,54,1" doraHai="126,85" who="0" fromWho="1" sc="220,55,260,-55,230,0,290,0" /><INIT seed="2,0,0,3,0,60" ten="275,205,230,290" oya="2" hai0="120,115,127,53,14,113,29,15,3,22,44,0,23" hai1="55,71,27,111,92,78,129,54,90,94,20,63,132" hai2="110,75,59,79,28,105,24,125,83,123,38,43,69" hai3="84,126,58,68,95,117,57,19,102,64,46,85,112"/><V2/><F123/><W74/><G74/><T4/><D44/><U104/><E104/><V7/><F59/><W121/><G117/><T39/><D39/><U122/><E78/><V67/><F125/><W49/><G121/><T62/><D62/><U98/><E111/><V103/><F110/><W106/><G126/><T6/><D53/><U89/><E132/><V51/><F51/><W13/><G106/><T114/><D127/><U124/><E122/><V9/><F24/><W10/><G112/><T91/><D91/><U109/><E109/><V35/><F28/><W77/><G68/><T128/><D120/><U25/><E129/><V48/><F48/><W80/><G64/><T30/><REACH who="0" step="1"/><D114/><REACH who="0" ten="265,205,230,290" step="2"/><U70/><E124/><V119/><F119/><W108/><G108/><T93/><D93/><U42/><E63/><N who="2" m="40191" /><F35/><W87/><G102/><T50/><D50/><U116/><E116/><V61/><F61/><W96/><G95/><T31/><D31/><U41/><E20/><V18/><F103/><W65/><G65/><T97/><D97/><AGARI ba="0,1" hai="25,27,41,42,54,55,70,71,89,90,92,94,97,98" machi="97" ten="25,1600,0" yaku="22,2" doraHai="60" who="1" fromWho="0" sc="265,-16,205,26,230,0,290,0" /><INIT seed="3,0,0,3,2,26" ten="249,231,230,290" oya="3" hai0="121,33,110,22,1,4,23,8,44,55,11,16,12" hai1="116,67,95,80,9,69,42,31,37,106,88,92,63" hai2="128,61,111,112,91,115,46,132,27,6,58,45,82" hai3="48,14,81,3,7,79,125,77,90,43,56,129,40"/><W78/><G125/><T76/><D121/><U24/><E116/><V30/><F6/><W123/><G123/><T65/><D110/><U66/><E66/><V17/><F111/><W51/><G129/><T93/><D65/><U126/><E126/><V32/><F128/><W114/><G3/><T13/><D76/><U39/><E106/><V71/><F71/><W119/><G114/><T75/><D75/><U108/><E108/><V127/><F132/><W25/><G119/><T72/><D72/><U36/><E9/><V130/><F127/><W100/><G100/><T19/><D93/><U62/><E62/><V97/><F17/><W135/><G135/><T68/><D68/><U34/><REACH who="1" step="1"/><E42/><REACH who="1" ten="249,221,230,290" step="2"/><V18/><F130/><W84/><G40/><T21/><D55/><U104/><E104/><V131/><F131/><W94/><G43/><T86/><D44/><U122/><E122/><V117/><F117/><W54/><G51/><T49/><D49/><U118/><E118/><V5/><F115/><W70/><G70/><T87/><D11/><U134/><E134/><V74/><F112/><W38/><G38/><T96/><D8/><U85/><AGARI ba="0,1" hai="24,31,34,36,37,39,63,67,69,80,85,88,92,95" machi="85" ten="40,8000,1" yaku="1,1,0,1,52,1,54,1,53,1" doraHai="26" doraHaiUra="29" who="1" fromWho="1" sc="249,-20,221,90,230,-20,290,-40" /><INIT seed="4,0,0,2,2,38" ten="229,311,210,250" oya="0" hai0="44,9,20,120,35,58,22,1,95,21,80,16,102" hai1="129,7,14,70,111,118,42,130,73,128,75,10,134" hai2="28,60,45,29,61,26,63,40,34,57,49,48,71" hai3="99,107,112,24,66,17,72,122,125,109,113,100,59"/><T15/><D120/><U52/><E111/><V127/><F127/><W114/><G109/><T96/><D35/><U82/><E118/><V46/><F29/><W43/><G125/><T41/><D58/><U116/><E116/><V123/><F123/><W53/><G72/><T97/><D97/><U19/><E70/><V126/><F126/><W37/><G66/><T90/><D1/><U108/><E108/><V132/><F132/><W104/><G122/><T131/><D131/><U84/><E134/><V27/><F27/><W56/><G107/><T32/><D32/><U124/><E124/><V74/><F74/><W135/><G135/><T78/><D102/><U12/><E42/><V5/><F5/><W69/><G69/><T62/><D62/><U94/><E94/><V8/><F8/><W121/><G121/><T67/><D67/><U133/><E133/><V117/><F117/><W13/><G24/><T103/><D103/><U54/><E75/><V77/><F77/><W55/><G59/><T88/><D90/><N who="1" m="51479" /><E73/><V115/><F115/><W76/><G76/><T64/><D64/><U25/><E25/><V4/><F4/><W23/><REACH who="3" step="1"/><G56/><REACH who="3" ten="229,311,210,240" step="2"/><T68/><D68/><U110/><E110/><V39/><F71/><W30/><G30/><T6/><D6/><U86/><E7/><V11/><F57/><W36/><G36/><T47/><D78/><U79/><E12/><V87/><F39/><W89/><G89/><T119/><D119/><U50/><E50/><V85/><REACH who="2" step="1"/><F11/><REACH who="2" ten="229,311,200,240" step="2"/><W91/><G91/><T98/><D88/><U101/><E101/><V81/><F81/><AGARI ba="0,2" hai="10,14,19,52,54,79,81,86,128,129,130" m="51479" machi="81" ten="30,3900,0" yaku="6,1,19,1,54,1" doraHai="38" who="1" fromWho="2" sc="229,0,311,59,200,-39,240,0" /><INIT seed="5,0,0,2,1,101" ten="229,370,161,240" oya="1" hai0="75,91,18,24,22,122,105,37,76,53,87,112,63" hai1="89,104,61,34,62,10,6,134,120,124,5,4,127" hai2="66,121,82,65,126,60,119,55,50,109,78,36,99" hai3="29,58,48,30,117,19,70,102,43,98,131,93,15"/><U0/><E120/><V80/><F121/><W51/><G70/><T41/><D122/><U14/><E34/><V106/><F119/><W118/><G131/><T17/><D112/><U46/><E134/><V27/><F109/><W133/><G133/><T84/><D75/><U25/><E25/><V21/><F36/><W67/><G48/><T7/><D7/><U52/><E104/><V49/><F126/><N who="1" m="48169" /><E89/><V114/><F114/><W73/><G73/><T115/><D115/><U107/><E107/><V8/><F8/><W95/><G95/><T129/><D105/><U12/><E12/><V68/><F66/><W100/><G100/><T56/><D129/><U2/><E4/><V64/><F64/><W69/><G69/><T42/><D37/><U113/><E5/><V128/><F55/><W72/><G72/><T40/><D76/><U59/><E113/><V96/><F128/><W111/><G111/><T33/><D33/><U13/><E13/><V74/><F82/><W44/><G118/><T83/><REACH who="0" step="1"/><D87/><REACH who="0" ten="219,370,161,240" step="2"/><U9/><E0/><V79/><F78/><W71/><G117/><T108/><D108/><U132/><E132/><V1/><F1/><W54/><G71/><T103/><D103/><U26/><E6/><V81/><F106/><W85/><G85/><T88/><D88/><U45/><E2/><V135/><F135/><W35/><G35/><T123/><D123/><U92/><E26/><V110/><F110/><W39/><REACH who="3" step="1"/><G67/><REACH who="3" ten="219,370,161,230" step="2"/><T57/><D57/><U16/><E59/><N who="2" m="37023" /><F74/><W47/><G47/><T28/><AGARI ba="0,2" hai="17,18,22,24,28,40,41,42,53,56,63,83,84,91" machi="28" ten="30,4000,0" yaku="1,1,0,1,8,1,53,0" doraHai="101" doraHaiUra="94" who="0" fromWho="0" sc="219,60,370,-20,161,-10,230,-10" /><INIT seed="6,0,0,5,1,110" ten="279,350,151,220" oya="2" hai0="2,48,45,55,121,111,46,135,87,90,96,103,36" hai1="104,66,47,33,115,34,70,16,28,53,64,95,123" hai2="5,85,83,113,128,38,63,1,30,78,122,99,25" hai3="79,43,54,0,18,98,73,91,130,11,20,65,119"/><V116/><F122/><W107/><G119/><T88/><D121/><U94/><E104/><V44/><F116/><W112/><G130/><T80/><D111/><U59/><E70/><V74/><F128/><W29/><G29/><T133/><D2/><U49/><E115/><V35/><F99/><W22/><G65/><T127/><D127/><U15/><E34/><V82/><F63/><W50/><G43/><T58/><D90/><U84/><E33/><V86/><F82/><W42/><G42/><T101/><D101/><U23/><E28/><V89/><F89/><W61/><G61/><T67/><D67/><U77/><E66/><V4/><F4/><W134/><G134/><N who="0" m="51211" /><D36/><U17/><E77/><V57/><F57/><W105/><G79/><T31/><D31/><U132/><E123/><V9/><REACH who="2" step="1"/><F113/><REACH who="2" ten="279,350,141,220" step="2"/><W37/><G91/><T41/><D58/><U129/><E129/><V93/><F93/><W13/><G98/><T120/><D120/><U27/><E132/><V102/><F102/><W92/><G92/><T40/><D46/><U72/><E95/><AGARI ba="0,1" hai="40,41,45,48,55,80,87,88,95,96,103" m="51211" machi="95" ten="30,2000,0" yaku="20,1,54,1" doraHai="110" who="0" fromWho="1" sc="279,30,350,-20,141,0,220,0" /><INIT seed="7,0,0,1,0,19" ten="309,330,141,220" oya="3" hai0="26,8,25,44,129,114,23,87,119,51,36,22,21" hai1="63,123,84,100,89,82,126,0,45,48,90,39,67" hai2="132,118,53,24,135,65,110,134,2,108,75,99,113" hai3="116,77,41,52,96,72,125,50,30,13,81,86,128"/><W64/><G116/><T6/><D36/><U74/><E0/><V94/><F2/><W60/><G125/><T32/><D119/><U69/><E123/><V58/><F118/><W38/><G128/><T105/><D105/><U73/><E100/><V43/><F75/><W121/><G121/><T17/><D129/><U103/><E103/><V40/><F24/><N who="0" m="9322" /><D32/><U49/><E49/><V14/><F14/><W88/><G30/><T15/><D87/><U111/><E111/><N who="2" m="42539" /><F94/><W95/><G13/><N who="0" m="5271" /><D114/><U70/><E126/><V115/><F65/><W109/><G109/><T102/><D102/><U91/><E70/><V71/><F99/><W20/><G20/><T62/><D62/><U66/><E66/><V79/><F79/><W133/><G38/><T12/><D12/><U106/><E106/><V104/><F71/><W127/><G127/><T56/><D56/><U28/><E39/><V34/><F34/><W55/><G72/><T107/><D107/><U98/><E28/><V54/><F104/><W57/><G133/><N who="2" m="34049" /><V29/><DORA hai="16" /><F29/><W1/><G1/><T122/><D122/><U11/><E98/><V7/><F7/><W117/><G117/><T68/><D68/><U101/><E101/><V97/><F97/><W5/><G5/><T33/><D33/><U131/><E131/><V76/><F76/><W92/><G92/><T9/><D9/><U4/><E74/><V120/><F120/><W80/><G80/><T61/><D61/><U27/><E73/><V85/><F85/><W47/><AGARI ba="0,0" hai="41,47,50,52,55,57,60,64,77,81,86,88,95,96" machi="47" ten="30,11700,0" yaku="0,1,8,1,54,2" doraHai="19,16" who="3" fromWho="3" sc="309,-39,330,-39,141,-39,220,117" owari="270,-13.0,291,9.0,102,-40.0,337,44.0" /></mjloggm>