<mjloggm ver="2.3"><GO type="169" lobby="0"/><UN n0="%E3%82%8F%E3%81%9F%E3%81%B4%E3%82%93" n1="%E3%82%A2%E3%83%BC%E3%82%AF%EF%BC%AB" n2="%E3%82%B5%E3%83%96%E3%82%A2%E3%83%A9%E3%83%89" n3="%E3%81%B2%E3%81%A3%E3%81%93%E3%82%8D%32%36" dan="17,17,16,16" rate="2258.52,2226.61,2047.77,2066.07" sx="M,M,M,M"/><TAIKYOKU oya="0"/><INIT seed="0,0,0,5,4,36" ten="250,250,250,250" oya="0" hai0="48,82,50,100,119,47,124,112,121,98,60,42,97" hai1="133,117,109,89,7,73,106,18,69,5,87,91,65" hai2="85,74,0,21,116,93,2,44,111,90,43,126,45" hai3="88,62,32,40,80,63,83,122,99,14,104,118,29"/><T113/><D119/><U20/><E73/><V127/><F111/><W41/><G118/><T58/><D121/><U75/><E106/><V71/><F71/><W52/><G32/><T86/><D124/><N who="2" m="47658" /><F45/><W8/><G122/><T55/><D60/><U10/><E75/><V67/><F67/><W84/><G29/><T76/><REACH who="0" step="1"/><D98/><REACH who="0" ten="240,250,250,250" step="2"/><U46/><E117/><V54/><F116/><W34/><G63/><T28/><D28/><U53/><E69/><V33/><F33/><W37/><G34/><T110/><D110/><U78/><E109/><V135/><F135/><W95/><G104/><AGARI ba="0,1" hai="42,47,48,50,55,58,76,82,86,97,100,104,112,113" machi="104" ten="30,5800,0" yaku="1,1,7,1,52,1,53,0" doraHai="36" doraHaiUra="11" who="0" fromWho="3" sc="240,68,250,0,250,0,250,-58" /><INIT seed="0,1,0,4,4,86" ten="308,250,250,192" oya="0" hai0="43,60,117,22,38,128,73,132,81,48,19,53,29" hai1="58,99,126,134,78,64,102,82,83,1,61,27,85" hai2="84,23,125,31,71,9,62,124,5,37,89,123,130" hai3="94,4,47,14,75,2,104,3,76,96,54,18,69"/><T11/><D117/><U95/><E1/><V25/><F123/><W16/><G69/><T44/><D128/><U10/><E134/><V66/><F37/><W68/><G68/><T97/><D132/><U56/><E126/><V105/><F105/><W118/><G104/><T119/><D119/><U63/><E10/><V42/><F42/><W30/><G30/><T103/><D60/><U45/><E45/><V109/><F109/><W129/><G129/><T90/><D29/><U98/><E98/><V121/><F121/><W79/><G75/><T87/><D11/><U101/><E82/><V26/><F26/><W115/><G2/><T108/><D73/><U116/><E27/><V40/><F40/><W107/><G107/><T131/><D108/><U110/><E110/><V17/><F31/><W7/><G3/><T120/><D120/><U74/><E116/><V36/><F36/><W50/><G115/><T77/><D131/><U91/><E74/><V100/><F100/><W106/><G106/><T6/><D6/><N who="3" m="2089" /><G118/><T93/><D38/><U41/><E41/><V52/><F130/><W65/><G65/><AGARI ba="1,0" hai="56,58,61,63,64,65,78,83,85,91,95,99,101,102" machi="65" ten="30,7700,0" yaku="7,1,9,1,8,1,52,1" doraHai="86" who="1" fromWho="3" sc="308,0,250,80,250,0,192,-80" /><INIT seed="1,0,0,4,1,121" ten="308,330,250,112" oya="1" hai0="32,52,3,23,22,111,132,67,87,92,98,102,109" hai1="8,19,99,107,7,90,13,17,103,55,10,117,59" hai2="51,2,89,27,108,82,49,33,40,31,1,58,60" hai3="53,83,135,75,34,131,95,41,47,124,125,64,5"/><U120/><E120/><V110/><F40/><W26/><G64/><T72/><D72/><U105/><E117/><V128/><F128/><W9/><G131/><T0/><D32/><U112/><E112/><V71/><F71/><W116/><G116/><T15/><D67/><U119/><E119/><V91/><F91/><W36/><G53/><T65/><D65/><U50/><E107/><V115/><F115/><W94/><G95/><T56/><D132/><U14/><REACH who="1" step="1"/><E90/><REACH who="1" ten="308,320,250,112" step="2"/><V79/><F89/><W88/><G135/><T127/><D127/><U45/><E45/><V21/><F33/><W54/><G125/><T46/><D46/><U123/><E123/><V57/><F57/><W43/><G124/><T68/><D68/><U20/><E20/><V39/><F39/><W76/><G88/><N who="0" m="53279" /><D23/><U122/><E122/><V62/><F58/><W63/><G94/><N who="0" m="58711" /><D3/><U73/><E73/><V84/><F1/><W18/><G36/><T106/><D0/><U35/><E35/><V70/><F2/><W48/><G34/><T101/><D106/><U61/><E61/><N who="2" m="23659" /><F70/><W66/><G63/><N who="0" m="36231" /><D101/><U97/><E97/><V78/><F78/><W16/><G66/><T96/><D96/><U69/><E69/><V25/><F25/><W85/><G75/><T30/><D15/><U74/><E74/><V38/><F38/><W129/><G26/><T28/><D22/><U86/><E86/><V93/><F93/><W37/><G129/><T133/><D133/><U11/><E11/><V29/><F29/><W114/><G37/><T24/><D24/><U77/><E77/><V113/><F113/><RYUUKYOKU ba="0,1" sc="308,10,320,10,250,10,112,-30" hai0="28,30,109,111" hai1="7,8,10,13,14,17,19,50,55,59,99,103,105" hai2="21,27,31,49,51,79,82,84,108,110" /><INIT seed="1,1,1,1,3,4" ten="318,330,260,82" oya="1" hai0="121,22,73,62,105,108,89,38,71,122,97,24,23" hai1="84,87,86,70,48,132,58,75,42,57,124,83,120" hai2="19,5,50,91,63,31,16,109,85,133,21,106,29" hai3="56,60,100,2,114,74,41,134,118,0,6,69,111"/><U127/><E70/><V81/><F109/><W96/><G114/><T67/><D38/><U51/><E120/><N who="0" m="46185" /><D73/><U20/><E132/><V102/><F133/><W47/><G134/><T59/><D108/><U33/><E33/><V7/><F19/><W65/><G74/><T37/><D37/><U126/><E20/><N who="0" m="7721" /><D24/><U129/><E129/><V115/><F115/><W44/><G118/><T11/><D11/><U112/><E112/><V79/><F79/><W130/><G130/><T39/><D39/><U17/><E17/><V123/><F123/><W82/><G41/><T117/><D117/><U80/><E75/><V68/><F50/><N who="1" m="18985" /><E42/><V77/><F77/><W103/><G111/><T53/><D53/><U3/><E3/><V113/><F113/><W98/><G69/><T54/><D54/><U36/><E36/><V93/><F106/><W99/><G2/><T78/><D78/><U15/><E15/><N who="2" m="9375" /><F63/><W28/><G28/><N who="2" m="10825" /><F68/><W61/><G61/><T101/><D71/><U116/><E116/><V10/><F102/><W35/><G103/><T46/><D89/><U104/><E104/><V18/><F81/><AGARI ba="1,1" hai="57,58,80,81,83,84,86,87,124,126,127" m="18985" machi="81" ten="40,7700,0" yaku="28,2,18,1" doraHai="4" who="1" fromWho="2" sc="318,0,330,90,260,-80,82,0" /><INIT seed="1,2,0,3,4,87" ten="318,420,180,82" oya="1" hai0="117,24,92,57,28,54,120,81,135,22,109,75,111" hai1="132,59,84,119,69,48,50,43,90,6,1,65,20" hai2="63,76,130,77,11,32,74,30,15,80,3,66,96" hai3="70,93,56,71,68,25,49,134,72,34,13,41,46"/><U31/><E69/><V67/><F130/><W99/><G72/><T19/><D117/><U126/><E119/><V35/><F3/><W62/><G134/><T10/><D135/><U86/><E126/><V8/><F8/><W131/><G131/><T106/><D106/><U64/><E1/><V0/><F0/><W78/><G78/><T38/><D38/><U127/><E6/><V39/><F39/><W51/><G13/><T83/><D120/><U60/><E127/><V18/><F77/><W33/><G25/><T29/><D75/><U112/><E112/><V42/><F42/><W104/><G104/><T88/><D28/><U105/><E105/><V101/><F30/><W23/><G23/><N who="0" m="15519" /><D10/><U94/><E132/><V73/><F73/><W114/><G114/><T133/><D133/><U61/><E43/><V36/><F36/><W27/><G27/><N who="0" m="14815" /><D111/><U45/><E20/><V97/><F67/><W124/><G124/><T21/><D21/><U37/><E31/><V118/><F118/><W95/><G95/><T89/><D109/><U121/><E121/><V125/><F125/><W123/><G123/><T79/><D79/><U4/><E4/><V107/><F97/><W129/><G129/><T7/><D7/><U47/><E37/><V85/><F74/><W14/><G14/><T12/><D12/><U122/><E122/><V44/><F44/><W52/><REACH who="3" step="1"/><G49/><REACH who="3" ten="318,420,180,72" step="2"/><N who="0" m="30927" /><D92/><U115/><E115/><V108/><F108/><W82/><G82/><AGARI ba="2,1" hai="81,82,83,88,89" m="30927,14815,15519" machi="82" ten="30,7700,0" yaku="8,1,52,2,54,1" doraHai="87" who="0" fromWho="3" sc="318,93,420,0,180,0,72,-83" owari="411,21.0,420,52.0,180,-22.0,-11,-51.0" /></mjloggm>