<mjloggm ver="2.3"><GO type="225" lobby="0"/><UN n0="%E9%81%85%E5%88%BB%E3%81%AE%E3%83%97%E3%83%AA%E3%83%B3%E3%82%B9%E2%99%AA" n1="%E7%B6%BE%E9%87%8E%E7%8F%AA%E5%AD%90" n2="%E5%A4%A7%E5%AE%AE%E5%BF%8D%76" n3="%E9%B3%B3%E6%9D%B1%E3%81%AE%E3%81%86%E3%81%95%E3%81%8E%E3%81%95%E3%82%93" dan="16,16,17,18" rate="2117.62,2203.08,2200.37,2140.06" sx="F,F,M,F"/><TAIKYOKU oya="0"/><INIT seed="0,0,0,2,2,72" ten="250,250,250,250" oya="0" hai0="24,102,52,82,38,13,57,126,65,60,26,85,61" hai1="55,33,81,134,93,110,31,111,42,104,119,120,7" hai2="20,21,50,103,29,78,5,11,117,1,6,51,124" hai3="121,128,95,54,101,19,135,8,107,114,116,98,90"/><T40/><D126/><U39/><E119/><V4/><F103/><W109/><G114/><T16/><D102/><U30/><E120/><V46/><F124/><W10/><G116/><T49/><D38/><U84/><E104/><V130/><F117/><W66/><G109/><N who="1" m="41482" /><E134/><V36/><F36/><W15/><G128/><T87/><D40/><U47/><E7/><V97/><F97/><W76/><G135/><T112/><D112/><U59/><E93/><V58/><F130/><W23/><G121/><T75/><D75/><U125/><E33/><V113/><F113/><W62/><G54/><T99/><D99/><U127/><E127/><V34/><F34/><W129/><G129/><T18/><D18/><U83/><E83/><V67/><F1/><W105/><G105/><T133/><D133/><U35/><E35/><V74/><F11/><W92/><G107/><T53/><D53/><U115/><E125/><V9/><F9/><W70/><G76/><N who="0" m="46279" /><D87/><AGARI ba="0,0" hai="8,10,15,19,23,62,66,70,87,90,92,95,98,101" machi="87" ten="30,1000,0" yaku="7,1" doraHai="72" who="3" fromWho="0" sc="250,-10,250,0,250,0,250,10" /><INIT seed="1,0,0,3,4,57" ten="240,250,250,260" oya="1" hai0="0,21,70,74,76,33,119,128,41,75,90,79,93" hai1="61,25,35,54,134,36,110,15,55,22,123,59,8" hai2="50,120,102,83,103,5,26,99,16,51,105,94,72" hai3="88,65,82,97,46,126,30,80,40,81,109,68,45"/><U62/><E123/><V106/><F120/><W78/><G109/><T133/><D33/><U118/><E118/><V23/><F5/><W1/><G1/><T113/><D70/><U44/><E35/><V69/><F69/><W20/><G126/><T56/><D0/><U92/><E110/><V100/><F105/><W29/><G78/><N who="0" m="29739" /><D56/><N who="1" m="34967" /><E36/><V47/><F72/><N who="0" m="27690" /><D21/><U122/><E134/><V89/><F106/><W124/><G124/><T11/><D11/><U132/><E132/><V14/><F83/><W84/><G45/><T116/><D41/><U12/><E122/><V86/><F99/><W32/><G32/><T98/><D133/><U87/><E44/><V101/><N who="2" m="25600" /><DORA hai="63" /><V39/><REACH who="2" step="1"/><F14/><REACH who="2" ten="240,250,240,260" step="2"/><W3/><G3/><T19/><D119/><U64/><E92/><V115/><F115/><W28/><G68/><T10/><D113/><U17/><E87/><V4/><F4/><W104/><G104/><T130/><D116/><U34/><E15/><V24/><F24/><W129/><G97/><T125/><D125/><U127/><E127/><V114/><F114/><W112/><G112/><T42/><D130/><U131/><E131/><V13/><F13/><W71/><G129/><T135/><D135/><U60/><E34/><V27/><F27/><W43/><G71/><T121/><D128/><U91/><E91/><V95/><F95/><W18/><G88/><T66/><D121/><U96/><E96/><V73/><F73/><W111/><G111/><T31/><D98/><U49/><E64/><V52/><F52/><W6/><G65/><T48/><D66/><U67/><E67/><RYUUKYOKU ba="0,1" sc="240,-15,250,15,240,15,260,-15" hai1="8,12,17,22,25,49,55,59,60,62" hai2="16,23,26,39,47,50,51,86,89,94" /><INIT seed="1,1,1,1,0,61" ten="225,265,255,245" oya="1" hai0="60,64,93,8,125,30,12,135,69,74,45,100,38" hai1="105,40,31,54,5,131,102,63,50,35,87,84,37" hai2="44,71,7,56,58,70,117,130,82,95,52,65,107" hai3="118,9,115,86,43,13,79,103,97,25,66,15,42"/><U75/><E75/><V0/><F107/><W20/><G115/><T41/><D125/><U34/><E37/><V76/><F117/><W81/><G118/><T28/><D135/><U119/><E119/><V3/><F130/><W121/><G121/><T120/><D120/><U27/><E34/><V6/><F95/><N who="3" m="58815" /><G66/><T46/><D74/><U23/><E131/><V112/><F112/><W113/><G113/><T91/><D46/><U39/><E39/><V18/><F18/><N who="3" m="8495" /><G15/><T122/><D100/><U33/><E5/><V67/><F44/><W133/><G133/><T88/><D122/><U80/><E40/><V51/><F82/><W98/><G98/><T85/><REACH who="0" step="1"/><D91/><REACH who="0" ten="215,265,255,245" step="2"/><U101/><E102/><V111/><F111/><W57/><G57/><T10/><D10/><U108/><E101/><V32/><F58/><W132/><G132/><T2/><D2/><U49/><E108/><V19/><F56/><W96/><G96/><T22/><D22/><U126/><E126/><V94/><F0/><W114/><G114/><T124/><D124/><U53/><E23/><V16/><F3/><W90/><G90/><T89/><D89/><U127/><E127/><V77/><F32/><W116/><G116/><T92/><D92/><U1/><E35/><V68/><F94/><W24/><G20/><T14/><D14/><U21/><E1/><V72/><F72/><W73/><G73/><T83/><D83/><U62/><E33/><V99/><F71/><W4/><G81/><T106/><D106/><U48/><E105/><V104/><F104/><W55/><G79/><N who="2" m="30281" /><F70/><W11/><G11/><RYUUKYOKU ba="1,2" sc="215,30,265,-10,255,-10,245,-10" hai0="8,12,28,30,38,41,45,60,64,69,85,88,93" /><INIT seed="2,2,2,5,2,54" ten="245,255,245,235" oya="2" hai0="53,4,22,79,23,93,85,109,26,105,63,14,28" hai1="95,123,112,97,32,52,31,115,29,96,57,117,122" hai2="121,47,8,9,70,80,74,127,71,114,69,27,62" hai3="60,0,89,45,37,133,2,91,50,51,33,130,100"/><V84/><F114/><W72/><G33/><T106/><D109/><U135/><E117/><V10/><F121/><N who="1" m="46089" /><E135/><V5/><F74/><W21/><G72/><T30/><D4/><U116/><E116/><V13/><F127/><W25/><G37/><T46/><D14/><U88/><E97/><V44/><F27/><W132/><G60/><T59/><D46/><U120/><N who="1" m="46097" /><U42/><DORA hai="48" /><E42/><V73/><F73/><W49/><G100/><T134/><D134/><N who="3" m="51817" /><G130/><T90/><D79/><U86/><E96/><V124/><F124/><W40/><G40/><T41/><D41/><U131/><E131/><V119/><F119/><W107/><G107/><T11/><D11/><U76/><E76/><V101/><F101/><W68/><G68/><T129/><D129/><U111/><E111/><V83/><F62/><W126/><G126/><T125/><D125/><U19/><E19/><V39/><F39/><W108/><G108/><T18/><D18/><U78/><E78/><V35/><F35/><W92/><G45/><N who="2" m="17481" /><F5/><W94/><G91/><T98/><D98/><U128/><E128/><V3/><F84/><W24/><G89/><T102/><D102/><U104/><E104/><V43/><F43/><W81/><G0/><T82/><D106/><U77/><E77/><V113/><F3/><W6/><G2/><T34/><D105/><U38/><E38/><V1/><F1/><W67/><G6/><T17/><D17/><U16/><E16/><N who="2" m="8231" /><F113/><N who="1" m="43593" /><E32/><V64/><F64/><W7/><G7/><T103/><D34/><U12/><E12/><V56/><F9/><W110/><G110/><RYUUKYOKU ba="2,2" sc="245,-10,255,30,245,-10,235,-10" hai1="29,31,52,57,86,88,95" /><INIT seed="3,3,2,5,2,4" ten="235,285,235,225" oya="3" hai0="19,93,59,112,122,102,43,30,117,42,123,99,132" hai1="124,40,101,125,121,111,21,107,115,2,3,27,134" hai2="53,14,66,118,1,34,94,44,108,36,13,28,127" hai3="109,9,82,97,26,84,100,104,131,98,49,61,47"/><W129/><G109/><T77/><D117/><U130/><E115/><V52/><F118/><W74/><G74/><T37/><D112/><U20/><E121/><V92/><F1/><W22/><G61/><T46/><D132/><U76/><E134/><V48/><F66/><W81/><G97/><T133/><D133/><U29/><E130/><N who="3" m="49674" /><G84/><T23/><D43/><U80/><E40/><V83/><F36/><W85/><G85/><T6/><D30/><U87/><E111/><V105/><F108/><W25/><G9/><T12/><D77/><U58/><E58/><V0/><F105/><W72/><G72/><T33/><D33/><U54/><E21/><V24/><F83/><N who="3" m="31755" /><G22/><T114/><D114/><U60/><E107/><V7/><F92/><W89/><G89/><T41/><D122/><U11/><E101/><V18/><F94/><W16/><G16/><T50/><D123/><U51/><E11/><N who="2" m="2535" /><F13/><W71/><G71/><T15/><D15/><U126/><E60/><V17/><F18/><W135/><G135/><T56/><D6/><U78/><E78/><V45/><F17/><W120/><G120/><T63/><D63/><U38/><E2/><V95/><F14/><W65/><G65/><T57/><D37/><U62/><E38/><V68/><F68/><W70/><G70/><T73/><D73/><U31/><E3/><V67/><F67/><W88/><G88/><T69/><D69/><U106/><E62/><V32/><F95/><W116/><G116/><T90/><D90/><N who="1" m="51559" /><E106/><V113/><F34/><W119/><G119/><T5/><D5/><U128/><E125/><RYUUKYOKU ba="3,2" sc="235,15,285,-15,235,-15,225,15" hai0="12,19,23,41,42,46,50,56,57,59,93,99,102" hai3="25,26,47,49,98,100,104" /><INIT seed="3,4,2,5,4,129" ten="250,270,220,240" oya="3" hai0="94,42,132,11,17,6,89,115,127,62,88,38,91" hai1="59,97,61,131,0,44,52,45,63,134,135,109,65" hai2="55,108,106,107,118,68,120,130,85,101,124,117,27" hai3="58,71,67,95,13,9,78,25,116,16,21,87,50"/><W28/><G116/><T24/><D127/><U35/><E131/><V39/><F130/><W12/><G71/><T121/><D121/><U41/><E35/><V2/><F2/><W22/><G78/><T53/><D115/><U70/><E0/><V77/><F68/><W37/><G37/><T57/><D132/><N who="1" m="50731" /><E109/><V84/><F39/><W46/><G87/><T123/><D123/><U93/><E41/><V119/><F120/><W122/><G95/><T18/><D42/><U7/><E7/><V90/><F55/><N who="3" m="30167" /><G122/><T103/><D38/><U114/><E114/><V113/><F113/><W43/><G43/><T80/><D80/><U112/><E112/><V69/><F69/><W98/><G98/><T126/><D126/><U15/><E15/><V75/><F27/><N who="3" m="16495" /><G9/><T47/><D24/><U111/><E111/><V49/><F108/><W1/><G1/><T60/><D11/><U10/><E10/><V31/><F124/><W64/><G64/><T51/><D6/><U102/><AGARI ba="4,2" hai="44,45,52,59,61,63,65,70,93,97,102" m="50731" machi="102" ten="30,8000,1" yaku="20,1,52,3,54,1" doraHai="129" who="1" fromWho="1" sc="250,-24,270,112,220,-24,240,-44" owari="226,3.0,382,47.0,196,-20.0,196,-30.0" /></mjloggm>