<mjloggm ver="2.3"><GO type="169" lobby="0"/><UN n0="%52%65%64%62%75%6C%6C" n1="%E3%81%A4%E3%81%91%E3%82%82%E3%81%AE" n2="%E9%BB%92%E7%8C%AB%73%69%6E" n3="%6F%74%73%75%72%75" dan="18,17,17,16" rate="2205.57,2168.73,2227.17,2074.86" sx="F,M,M,F"/><TAIKYOKU oya="0"/><INIT seed="0,0,0,5,1,113" ten="250,250,250,250" oya="0" hai0="118,60,107,101,0,88,110,96,52,35,56,121,32" hai1="37,98,48,109,42,30,10,39,83,62,111,75,21" hai2="82,79,90,127,2,129,57,122,6,23,78,8,105" hai3="114,34,63,65,68,45,126,50,94,133,112,9,73"/><T51/><D121/><U124/><E124/><V92/><F122/><W87/><G126/><T24/><D0/><U20/><E62/><V31/><F105/><W120/><G73/><T81/><D118/><U16/><E98/><V115/><F115/><W123/><G133/><T116/><D116/><U86/><E75/><V95/><F127/><W71/><G34/><T102/><D102/><U33/><E33/><V12/><F129/><W99/><G71/><T55/><D110/><N who="1" m="41995" /><E30/><V97/><F92/><W128/><G128/><T74/><D24/><U77/><E48/><V104/><F104/><W59/><G68/><T131/><D131/><U41/><E10/><V130/><F130/><W64/><G64/><T5/><D5/><U61/><E61/><V38/><F38/><N who="1" m="14345" /><E21/><V7/><F7/><W76/><G123/><T100/><D100/><U19/><E19/><V36/><F36/><W1/><G120/><T134/><D134/><U85/><E85/><V13/><F2/><W43/><G9/><T26/><D26/><AGARI ba="0,0" hai="16,20,26,41,42,77,83,86" m="14345,41995" machi="26" ten="30,2000,0" yaku="14,1,54,1" doraHai="113" who="1" fromWho="0" sc="250,-20,250,20,250,0,250,0" /><INIT seed="1,0,0,5,4,11" ten="230,270,250,250" oya="1" hai0="128,4,134,29,88,58,96,17,61,57,53,56,21" hai1="90,16,91,73,44,118,99,42,20,116,62,122,74" hai2="7,76,31,75,100,72,98,86,45,51,101,107,133" hai3="132,13,26,37,104,119,34,120,18,102,2,113,95"/><U66/><E122/><V87/><F31/><W8/><G104/><T83/><D128/><U71/><E116/><V30/><F30/><N who="3" m="19799" /><G102/><T112/><D112/><U82/><E118/><V70/><F70/><W28/><G37/><T69/><D134/><U38/><E99/><V47/><F133/><W114/><G95/><N who="0" m="56423" /><D69/><U84/><REACH who="1" step="1"/><E91/><REACH who="1" ten="230,260,250,250" step="2"/><V126/><F98/><W0/><G119/><T5/><D83/><U89/><E89/><V35/><F101/><W108/><G132/><T85/><D85/><U130/><E130/><V129/><F87/><W97/><G120/><T115/><D115/><U19/><E19/><V50/><F86/><W25/><G97/><T33/><D29/><U92/><E92/><V60/><F100/><W131/><G131/><T124/><D124/><U121/><E121/><V109/><F129/><W80/><G80/><T55/><D4/><U14/><AGARI ba="0,1" hai="14,16,20,38,42,44,62,66,71,73,74,82,84,90" machi="14" ten="20,18000,2" yaku="1,1,0,1,7,1,52,1,54,1,53,1" doraHai="11" doraHaiUra="78" who="1" fromWho="1" sc="230,-60,260,190,250,-60,250,-60" /><INIT seed="1,1,0,5,1,70" ten="170,450,190,190" oya="1" hai0="34,66,120,16,123,71,22,63,10,11,64,72,2" hai1="18,36,132,13,6,88,68,62,82,20,7,60,26" hai2="30,96,51,1,112,117,105,79,135,130,35,39,134" hai3="90,122,83,101,110,77,98,38,12,37,58,126,45"/><U99/><E132/><V43/><F117/><W0/><G122/><N who="0" m="46635" /><D34/><U113/><E113/><V19/><F1/><W65/><G0/><T80/><D64/><U127/><E127/><V131/><F51/><W95/><G126/><T54/><D2/><U40/><E68/><V49/><F49/><W73/><G110/><T116/><D54/><U74/><E74/><V104/><F19/><W44/><G12/><N who="0" m="9479" /><D116/><U100/><E62/><V50/><F112/><W85/><G65/><T87/><D72/><U86/><E60/><V76/><F35/><W106/><G58/><T81/><D80/><U17/><E40/><V128/><F43/><W57/><G57/><T94/><D94/><U111/><E111/><V46/><F130/><W29/><G29/><T27/><D27/><U52/><E52/><V56/><F30/><W124/><G124/><T84/><D84/><U28/><E17/><V93/><F93/><W89/><G89/><AGARI ba="1,0" hai="10,11,63,66,71,81,87,89" m="9479,46635" machi="89" ten="30,2000,0" yaku="13,1,54,1" doraHai="70" who="0" fromWho="3" sc="170,23,450,0,190,0,190,-23" /><INIT seed="2,0,0,2,3,49" ten="193,450,190,167" oya="2" hai0="48,98,40,122,19,81,78,79,111,135,36,130,93" hai1="2,34,87,23,77,123,41,115,108,103,3,116,18" hai2="121,73,69,91,20,56,60,106,6,44,132,101,117" hai3="0,90,84,51,128,64,129,54,65,50,15,16,21"/><V109/><F117/><W66/><G50/><T52/><D122/><U35/><E115/><V26/><F121/><W70/><G0/><T72/><D79/><U62/><E116/><V97/><F69/><W119/><G119/><T85/><D111/><U46/><E108/><V133/><F109/><W92/><REACH who="3" step="1"/><G70/><REACH who="3" ten="193,450,190,157" step="2"/><T118/><D118/><U75/><E3/><V104/><F132/><W71/><G71/><T12/><D135/><U27/><E2/><V31/><F133/><W83/><G83/><T57/><D81/><U95/><E123/><V17/><F104/><W105/><G105/><T33/><D48/><U86/><E62/><V126/><F126/><W99/><G99/><T10/><D98/><U4/><E41/><V55/><F106/><W102/><G102/><T125/><D40/><U112/><E103/><V42/><F101/><W32/><G32/><T22/><D33/><U8/><E35/><V113/><F113/><W59/><AGARI ba="0,1" hai="15,16,21,51,54,59,64,65,66,84,90,92,128,129" machi="59" ten="30,12000,2" yaku="1,1,0,1,25,2,52,1,54,1,53,0" doraHai="49" doraHaiUra="25" who="3" fromWho="3" sc="193,-30,450,-30,190,-60,157,130" /><INIT seed="3,0,0,5,1,71" ten="163,420,130,287" oya="3" hai0="80,21,112,133,2,77,18,70,73,117,92,130,37" hai1="19,44,103,85,6,9,1,109,91,7,68,13,17" hai2="82,10,32,30,74,55,26,15,16,41,33,125,46" hai3="122,78,84,72,107,110,0,69,56,63,42,75,120"/><W113/><G113/><T89/><D117/><U98/><E68/><V99/><F125/><W121/><G107/><T66/><D2/><U81/><E109/><V108/><F108/><W20/><G110/><T54/><D130/><U25/><E1/><V106/><F55/><W95/><G0/><T3/><D3/><U131/><E131/><V48/><F74/><W100/><G69/><T29/><D29/><U93/><E44/><V64/><F64/><W24/><G42/><T23/><D133/><U62/><E62/><V124/><F124/><W88/><G100/><T52/><D23/><AGARI ba="0,0" hai="6,7,9,13,17,19,23,25,81,85,91,93,98,103" machi="23" ten="40,1300,0" yaku="8,1" doraHai="71" who="1" fromWho="0" sc="163,-13,420,13,130,0,287,0" /><INIT seed="4,0,0,1,0,16" ten="150,433,130,287" oya="0" hai0="31,35,44,128,107,98,38,8,112,88,37,86,30" hai1="70,57,54,93,111,121,47,66,39,77,106,13,131" hai2="99,12,74,23,7,69,55,129,104,82,115,40,60" hai3="18,119,95,71,132,90,14,79,0,15,116,96,20"/><T97/><D112/><U100/><E106/><V103/><F115/><W87/><G0/><T101/><D128/><U29/><E111/><V5/><F129/><W126/><G71/><T51/><D98/><U108/><E77/><V9/><F40/><W42/><G126/><T110/><D110/><U63/><E29/><V56/><F69/><W10/><G42/><T3/><D3/><U109/><E121/><V27/><F5/><W36/><G36/><T92/><D8/><U113/><E13/><V33/><F33/><W68/><G68/><T91/><D91/><U114/><E131/><V41/><F41/><W120/><G120/><T76/><D76/><U89/><E100/><V134/><F134/><W26/><G15/><T122/><D122/><U94/><E94/><V78/><REACH who="2" step="1"/><F27/><REACH who="2" ten="150,433,120,287" step="2"/><W32/><G32/><T21/><D35/><U72/><E114/><V75/><F75/><W19/><G132/><T4/><D4/><U45/><E72/><V50/><F50/><W48/><G48/><T80/><D38/><U85/><E113/><V58/><F58/><W17/><G119/><T65/><D37/><U6/><E6/><V43/><F43/><W135/><G135/><T28/><D51/><N who="1" m="30943" /><E39/><V102/><F102/><W73/><G116/><T105/><D44/><N who="1" m="16971" /><E109/><V81/><F81/><N who="3" m="47551" /><G73/><T83/><D83/><U117/><E117/><V133/><F133/><W52/><G26/><T46/><D46/><U123/><E123/><V49/><F49/><W118/><G118/><T59/><D59/><U1/><E108/><V84/><F84/><W22/><G10/><T25/><D65/><RYUUKYOKU ba="0,1" sc="150,10,433,10,120,10,287,-30" hai0="21,25,28,30,31,80,86,88,92,97,101,105,107" hai1="1,63,66,70,85,89,93" hai2="7,9,12,23,55,56,60,74,78,82,99,103,104" /><INIT seed="4,1,1,3,3,132" ten="160,443,130,257" oya="0" hai0="2,51,45,66,54,74,129,72,13,24,135,95,30" hai1="127,124,71,107,101,49,89,26,120,19,86,10,0" hai2="103,133,126,56,84,90,117,39,27,11,113,123,32" hai3="18,48,93,91,36,122,102,34,100,4,76,80,52"/><T85/><D2/><U131/><E71/><V25/><F39/><W57/><G36/><T17/><D129/><U87/><E120/><V42/><F42/><W69/><G122/><T97/><D135/><U38/><E38/><V68/><F68/><W112/><G34/><T29/><D66/><U83/><E131/><V16/><F123/><W31/><G31/><T119/><D119/><U53/><E107/><V59/><F117/><W99/><G112/><T14/><D85/><U128/><E101/><V50/><F103/><W21/><G4/><T115/><D115/><U58/><E128/><V41/><F113/><W43/><G43/><T46/><D46/><U104/><E104/><V134/><F134/><W79/><G69/><T121/><D13/><U92/><E0/><V82/><F133/><W9/><G9/><T23/><D30/><U63/><E63/><V94/><F94/><W108/><G79/><T35/><REACH who="0" step="1"/><D121/><REACH who="0" ten="150,443,130,257" step="2"/><U44/><E44/><N who="2" m="25871" /><F32/><W64/><G64/><T130/><D130/><U28/><E28/><V111/><F111/><W110/><G110/><T40/><D40/><U3/><E87/><V88/><F27/><N who="3" m="14775" /><G108/><T1/><D1/><U106/><E3/><V109/><F109/><W12/><G12/><T98/><D98/><U96/><E96/><V7/><F25/><W37/><G99/><T81/><D81/><U8/><E83/><V114/><F114/><W22/><G37/><T78/><D78/><U116/><E116/><V70/><F82/><W60/><G80/><T20/><D20/><U33/><E26/><V65/><F65/><W62/><G76/><RYUUKYOKU ba="1,2" sc="150,30,443,-10,130,-10,257,-10" hai0="14,17,23,24,29,35,45,51,54,72,74,95,97" /><INIT seed="4,2,2,3,3,40" ten="180,433,120,247" oya="0" hai0="5,61,15,108,68,18,66,67,53,134,34,46,70" hai1="43,0,71,135,111,33,51,16,116,80,54,72,83" hai2="81,28,45,86,14,13,21,38,35,58,37,52,101" hai3="47,100,85,124,75,19,130,115,92,24,103,114,98"/><T117/><D34/><U89/><E0/><V107/><F35/><W112/><G75/><T105/><D105/><U88/><E71/><V39/><F107/><W50/><G124/><T10/><D117/><U131/><E116/><V122/><F101/><N who="3" m="60615" /><G130/><T79/><D134/><U109/><E131/><V1/><F1/><W31/><G19/><T129/><D108/><U17/><E43/><V22/><F122/><W121/><G85/><T6/><D79/><U106/><E106/><V29/><F29/><W96/><G96/><T113/><D113/><U42/><E42/><V59/><F59/><W57/><G57/><T9/><D129/><U36/><E36/><V41/><F39/><W94/><G94/><T87/><D87/><U44/><E33/><V69/><F69/><W2/><G2/><T110/><D110/><U23/><E135/><V56/><F56/><W99/><G99/><T91/><D91/><U20/><E72/><V78/><F38/><W4/><G4/><T74/><D74/><U8/><E111/><V7/><F7/><W49/><G121/><T102/><D102/><N who="3" m="38953" /><G47/><T32/><D32/><AGARI ba="2,2" hai="24,31,32,49,50,112,114,115" m="38953,60615" machi="32" ten="30,1000,0" yaku="15,1" doraHai="40" who="3" fromWho="0" sc="180,-16,433,0,120,0,247,36" /><INIT seed="5,0,0,0,5,126" ten="164,433,120,283" oya="1" hai0="7,78,65,33,54,87,2,102,125,117,105,116,26" hai1="0,108,69,17,82,129,80,37,21,32,14,72,66" hai2="43,135,81,113,128,96,90,51,8,97,23,11,74" hai3="13,38,15,111,58,103,44,122,47,95,127,30,28"/><U61/><E108/><V89/><F135/><W5/><G111/><T64/><D54/><U55/><E37/><V6/><F23/><W19/><G122/><T134/><D2/><U101/><E0/><V98/><F113/><W18/><G5/><T91/><D7/><U36/><E36/><V94/><F74/><W24/><G38/><T25/><D78/><U93/><E32/><V77/><F77/><W34/><G58/><T84/><D102/><U40/><E40/><V1/><F11/><W4/><G4/><T29/><D105/><U99/><E72/><V20/><F20/><W83/><G83/><T119/><D125/><U121/><E121/><V124/><F124/><W16/><G127/><T131/><D119/><U106/><E106/><V86/><F43/><W59/><G59/><T109/><D91/><U50/><E82/><V48/><REACH who="2" step="1"/><F128/><REACH who="2" ten="164,433,110,283" step="2"/><W110/><G110/><T60/><D109/><U123/><E129/><V88/><F88/><W118/><G118/><T79/><D79/><U76/><E123/><V107/><F107/><W53/><G34/><T67/><D131/><U133/><E133/><V10/><F10/><W71/><G103/><T104/><D104/><U42/><E42/><V68/><F68/><W45/><G71/><T3/><D134/><U73/><E73/><V49/><AGARI ba="0,1" hai="1,6,8,48,49,51,81,86,89,90,94,96,97,98" machi="49" ten="30,2000,0" yaku="1,1,0,1,53,0" doraHai="126" doraHaiUra="12" who="2" fromWho="2" sc="164,-5,433,-10,110,30,283,-5" /><INIT seed="6,0,0,1,0,57" ten="159,423,140,278" oya="2" hai0="16,8,133,73,9,88,69,89,52,108,87,86,118" hai1="48,71,25,62,31,44,126,127,121,135,32,49,47" hai2="6,43,30,99,13,11,10,120,38,26,60,22,81" hai3="97,123,131,56,53,7,96,116,0,100,23,2,19"/><V128/><F120/><W74/><G74/><T29/><D108/><U59/><E71/><V54/><F128/><W67/><G123/><T107/><D73/><U80/><E135/><V114/><F114/><W113/><G116/><T132/><D107/><U91/><E121/><V122/><F122/><W4/><G131/><T61/><D29/><U63/><E91/><V95/><F38/><W85/><G67/><T5/><D118/><U15/><E80/><V33/><F43/><W66/><G66/><T64/><D16/><U75/><E75/><V111/><F81/><W98/><G113/><T70/><D52/><N who="1" m="29727" /><E59/><N who="2" m="34935" /><F33/><W102/><G4/><T77/><D77/><U40/><E15/><N who="2" m="5591" /><F111/><W78/><G7/><T41/><D41/><U42/><E42/><V124/><F124/><AGARI ba="0,0" hai="25,31,32,40,44,49,62,63,124,126,127" m="29727" machi="124" ten="30,7700,0" yaku="18,1,52,2,54,1" doraHai="57" who="1" fromWho="2" sc="159,0,423,77,140,-77,278,0" /><INIT seed="7,0,0,3,2,29" ten="159,500,63,278" oya="3" hai0="4,69,6,117,47,33,87,23,15,128,38,60,37" hai1="103,79,55,118,78,7,77,90,99,81,116,36,133" hai2="106,72,59,70,12,71,66,134,122,5,101,110,76" hai3="65,46,89,83,31,40,62,35,104,113,53,27,1"/><W0/><G113/><T82/><D33/><U119/><E36/><V84/><F110/><W24/><G104/><T108/><D108/><U73/><E133/><V102/><F122/><W112/><G112/><T54/><D69/><U107/><E7/><V125/><F134/><W9/><G9/><T130/><D117/><U94/><E55/><V34/><F125/><W129/><G129/><T68/><D68/><U50/><E50/><V97/><F101/><W131/><G131/><T49/><D38/><U41/><E41/><V56/><F71/><W30/><G53/><T64/><D37/><U124/><E124/><V93/><F5/><W3/><G62/><T61/><D128/><U22/><E22/><V75/><F12/><W91/><G65/><T86/><D86/><AGARI ba="0,0" hai="73,77,78,79,81,86,90,94,99,103,107,116,118,119" machi="86" ten="40,12000,2" yaku="24,2,12,1,34,3" doraHai="29" who="1" fromWho="0" sc="159,-120,500,120,63,0,278,0" owari="39,-46.0,620,72.0,63,-34.0,278,8.0" /></mjloggm>