<mjloggm ver="2.3"><GO type="185" lobby="0"/><UN n0="%E4%BD%8D%E9%B3%B3%E5%A4%A9" n1="%E8%99%B9%E9%87%8E%E3%82%86%E3%82%81" n2="%E6%A2%B6%E9%9A%86%E8%87%A3" n3="" dan="17,16,17,0" rate="2178.43,2150.94,2272.43,1500.00" sx="M,F,M,C"/><TAIKYOKU oya="0"/><INIT seed="0,0,0,4,1,88" ten="350,350,350,0" oya="0" hai0="115,47,97,106,59,116,45,89,38,64,125,83,90" hai1="87,55,132,85,110,39,77,73,111,84,33,57,72" hai2="112,70,74,81,0,43,68,36,65,58,82,42,41" hai3=""/><T117/><D115/><U44/><E33/><V98/><F112/><T2/><D2/><U75/><E132/><V107/><F0/><T129/><D129/><U96/><E96/><V101/><F36/><T60/><D125/><U109/><E39/><V69/><REACH who="2" step="1"/><F74/><REACH who="2" ten="350,350,340,0" step="2"/><T135/><D135/><U51/><REACH who="1" step="1"/><E77/><REACH who="1" ten="350,340,340,0" step="2"/><V34/><F34/><T46/><D38/><U3/><E3/><V128/><F128/><T78/><D117/><U61/><E61/><AGARI ba="0,2" hai="41,42,43,58,61,65,68,69,70,81,82,98,101,107" machi="61" ten="50,6400,0" yaku="1,1,53,2" doraHai="88" doraHaiUra="79" who="2" fromWho="1" sc="350,0,340,-64,340,84,0,0" /><INIT seed="1,0,0,0,0,73" ten="350,276,424,0" oya="1" hai0="2,46,129,55,98,126,70,49,119,33,87,63,44" hai1="132,72,59,122,42,39,61,32,90,85,103,51,82" hai2="76,86,107,101,60,83,56,123,62,96,94,134,91" hai3=""/><U74/><N who="1" m="31264" /><U92/><E32/><V114/><N who="2" m="31520" /><V38/><F38/><T41/><D33/><U47/><E132/><V128/><F128/><T81/><D129/><U79/><E103/><V37/><F37/><T124/><D119/><U57/><E39/><V45/><F114/><T109/><D109/><U108/><E108/><V115/><F115/><T3/><D98/><U69/><REACH who="1" step="1"/><E74/><REACH who="1" ten="350,266,424,0" step="2"/><V68/><F134/><T118/><D118/><U40/><E40/><V121/><N who="2" m="31008" /><V106/><F45/><T93/><D44/><U64/><AGARI ba="0,1" hai="42,47,51,57,59,61,64,69,72,79,82,85,90,92" m="31264" machi="64" ten="30,7800,0" yaku="1,1,0,1,52,2,53,0" doraHai="73" doraHaiUra="99" who="1" fromWho="1" sc="350,-39,266,88,424,-39,0,0" /><INIT seed="1,1,0,2,0,3" ten="311,354,385,0" oya="1" hai0="51,121,84,83,79,39,65,70,46,86,82,92,64" hai1="114,100,122,44,58,87,38,61,115,98,42,47,96" hai2="117,80,94,1,68,109,54,60,108,95,69,93,73" hai3=""/><U67/><N who="1" m="31264" /><U130/><E130/><V125/><F1/><T132/><N who="0" m="31008" /><T128/><D132/><U75/><E75/><V50/><F117/><T48/><D128/><U127/><E127/><V89/><F125/><T56/><D70/><U106/><E87/><V52/><F89/><T119/><D119/><U134/><E134/><V126/><F126/><T88/><D39/><U40/><REACH who="1" step="1"/><E98/><REACH who="1" ten="311,344,385,0" step="2"/><V105/><F73/><T76/><D56/><U107/><E107/><V0/><F105/><T101/><D101/><U34/><E34/><V53/><F69/><T91/><D46/><U90/><E90/><V66/><F0/><T102/><D102/><U71/><E71/><V55/><REACH who="2" step="1"/><F80/><REACH who="2" ten="311,344,375,0" step="2"/><T2/><D2/><U62/><E62/><V72/><F72/><T77/><D77/><U32/><E32/><V33/><F33/><T110/><D92/><U36/><AGARI ba="1,2" hai="36,38,40,42,44,47,58,61,67,96,100,106,114,115" m="31264" machi="36" ten="20,8000,1" yaku="1,1,0,1,7,1,9,1,52,1,53,0" doraHai="3" doraHaiUra="81" who="1" fromWho="1" sc="311,-41,344,102,375,-41,0,0" /><INIT seed="1,2,0,0,1,0" ten="270,446,334,0" oya="1" hai0="104,34,86,98,84,32,111,108,37,127,83,66,38" hai1="53,96,113,95,64,126,101,39,67,129,105,81,121" hai2="43,35,103,85,97,89,99,90,56,60,109,92,71" hai3=""/><U70/><N who="1" m="31008" /><U48/><E113/><V54/><F109/><N who="0" m="42058" /><D127/><U133/><E126/><V114/><F114/><T55/><D66/><U59/><E133/><V119/><F119/><T128/><D128/><U51/><E129/><V106/><F71/><T120/><N who="0" m="30752" /><T135/><D135/><U134/><E39/><N who="0" m="14857" /><D55/><U42/><E134/><V130/><F130/><T88/><D86/><U100/><E70/><V122/><N who="2" m="31264" /><V102/><F43/><T44/><D44/><U62/><E42/><V1/><F1/><T63/><D63/><U58/><E58/><V115/><F115/><T82/><D82/><U110/><E81/><V57/><F56/><T41/><D41/><U79/><E110/><V2/><F2/><T107/><D98/><U68/><E68/><V65/><F65/><T116/><D116/><U123/><N who="1" m="31520" /><U118/><E118/><V94/><REACH who="2" step="1"/><F89/><REACH who="2" ten="270,446,324,0" step="2"/><T132/><D132/><U49/><E67/><V46/><F46/><T125/><D125/><U36/><E64/><V69/><F69/><T33/><AGARI ba="2,1" hai="32,33,34,83,84,88,104,107" m="14857,30752,42058" machi="33" ten="40,9000,2" yaku="14,1,52,4,54,1" doraHai="0" who="0" fromWho="0" sc="270,104,446,-62,324,-32,0,0" /><INIT seed="2,0,0,5,4,112" ten="374,384,292,0" oya="2" hai0="36,80,100,99,119,101,67,46,126,122,94,44,129" hai1="85,48,104,62,55,83,132,88,39,117,58,120,131" hai2="89,45,2,61,35,87,105,96,54,115,134,47,97" hai3=""/><V102/><F115/><T32/><N who="0" m="31264" /><T51/><D32/><U53/><N who="1" m="30752" /><U69/><E132/><V0/><F35/><T118/><D129/><U109/><E131/><V75/><F75/><T111/><D111/><U133/><E133/><V3/><F96/><T116/><D67/><U63/><E109/><V66/><F54/><T130/><D130/><U79/><E39/><V42/><F134/><T135/><D135/><U81/><E104/><V107/><F107/><T52/><D80/><U113/><E113/><V92/><REACH who="2" step="1"/><F42/><REACH who="2" ten="374,384,282,0" step="2"/><T77/><D77/><U34/><E34/><V1/><N who="2" m="0" /><DORA hai="59" /><V128/><F128/><T65/><D65/><U91/><E79/><V124/><F124/><T121/><N who="0" m="31008" /><T106/><D126/><U73/><E73/><V76/><F76/><T78/><D78/><U127/><E127/><V72/><F72/><T68/><D106/><U49/><E53/><V82/><F82/><T64/><D64/><U43/><E55/><V114/><F114/><T90/><REACH who="0" step="1"/><D68/><AGARI ba="0,1" hai="45,47,61,66,68,87,89,92,97,102,105" m="0" machi="68" ten="70,6800,0" yaku="1,1,52,1,53,0" doraHai="112,59" doraHaiUra="108,50" who="2" fromWho="0" sc="374,-68,384,0,282,78,0,0" /><INIT seed="2,1,0,2,5,106" ten="306,384,360,0" oya="2" hai0="103,46,82,75,3,37,124,38,78,53,40,125,43" hai1="88,76,72,48,85,86,118,71,123,81,121,101,93" hai2="117,41,127,129,107,56,70,39,105,60,44,128,109" hai3=""/><V116/><F127/><T89/><D53/><U57/><N who="1" m="31008" /><U134/><N who="1" m="31520" /><U52/><E134/><V61/><F105/><T0/><D89/><U45/><E118/><N who="2" m="45675" /><F107/><T91/><D91/><U1/><E1/><N who="0" m="585" /><D103/><U133/><E133/><V74/><F74/><T115/><D115/><U114/><E114/><V55/><F109/><T97/><D97/><U83/><E71/><V87/><F87/><T68/><D68/><U135/><E135/><V90/><F90/><T98/><D98/><U119/><E119/><V49/><F61/><T95/><D95/><U73/><E101/><V120/><N who="2" m="30752" /><V66/><AGARI ba="1,0" hai="39,41,44,49,55,56,60,66,70,128,129" m="30752,45675" machi="66" ten="30,8000,1" yaku="4,1,24,1,34,2,52,1" doraHai="106" who="2" fromWho="2" sc="306,-41,384,-41,360,82,0,0" /><INIT seed="2,2,0,2,2,92" ten="265,343,442,0" oya="2" hai0="130,72,101,93,131,63,88,84,70,38,100,60,61" hai1="77,119,1,49,32,103,104,116,80,102,120,75,42" hai2="118,134,117,113,95,58,96,64,87,55,35,123,45" hai3=""/><V97/><N who="2" m="31520" /><V3/><F113/><T82/><D38/><U112/><N who="1" m="30752" /><U34/><E112/><V78/><F3/><T57/><D70/><U71/><E71/><V0/><F0/><T129/><D72/><U126/><E126/><V85/><F35/><N who="1" m="13353" /><E104/><V109/><F134/><T122/><N who="0" m="31264" /><T73/><D57/><U46/><E1/><V40/><F64/><T110/><D110/><U121/><N who="1" m="31008" /><U81/><E81/><V74/><F74/><T41/><D41/><U124/><E124/><V62/><F109/><T79/><AGARI ba="2,0" hai="60,61,63,73,79,82,84,88,93,100,101,129,130,131" m="31264" machi="79" ten="40,6000,1" yaku="0,1,19,1,52,1,54,1" doraHai="92" who="0" fromWho="0" sc="265,64,343,-22,442,-42,0,0" /><INIT seed="4,0,0,1,2,110" ten="329,321,400,0" oya="0" hai0="94,93,127,106,114,122,41,46,104,134,115,84,2" hai1="123,51,74,107,130,32,102,125,129,78,50,86,43" hai2="117,119,120,61,111,132,33,44,59,66,90,116,128" hai3=""/><T45/><N who="0" m="31264" /><T95/><D2/><U91/><N who="1" m="31520" /><U108/><E108/><V58/><N who="2" m="30752" /><V69/><F111/><T48/><D134/><U82/><E32/><V77/><F33/><T63/><D127/><U81/><E125/><V98/><F132/><T71/><D84/><U92/><E81/><V126/><F126/><T131/><D131/><N who="1" m="50187" /><E43/><V54/><F77/><T76/><D76/><U124/><E124/><V53/><F128/><T112/><D46/><U34/><E34/><V133/><F133/><T67/><AGARI ba="0,0" hai="41,45,48,63,67,71,93,94,95,104,106,112,114,115" m="31264" machi="67" ten="40,12000,2" yaku="0,1,15,1,52,4" doraHai="110" who="0" fromWho="0" sc="329,120,321,-60,400,-60,0,0" /><INIT seed="4,1,0,1,5,36" ten="449,261,340,0" oya="0" hai0="99,53,122,94,128,81,54,41,112,102,121,110,120" hai1="135,38,50,111,79,52,123,48,97,74,91,88,84" hai2="129,82,114,63,130,70,92,59,2,77,1,45,62" hai3=""/><T106/><N who="0" m="30752" /><T32/><N who="0" m="31008" /><T66/><N who="0" m="31264" /><T55/><D112/><U61/><N who="1" m="31520" /><U73/><E111/><V96/><F114/><T117/><D110/><U72/><E38/><V3/><F45/><T58/><D117/><U43/><E79/><V125/><F125/><T98/><D128/><N who="2" m="49258" /><F70/><T100/><D32/><U68/><E135/><V33/><F33/><T104/><D81/><U126/><E126/><V75/><F59/><T56/><D66/><U0/><E0/><V113/><F113/><T86/><D41/><U89/><E43/><V95/><F95/><T67/><D67/><U105/><E105/><V109/><F109/><T83/><D94/><U116/><E116/><V60/><F3/><T44/><D44/><U57/><E68/><V103/><AGARI ba="1,0" hai="1,2,60,62,63,75,77,82,92,96,103" m="49258" machi="103" ten="30,800,0" yaku="19,1" doraHai="36" who="2" fromWho="2" sc="449,-6,261,-4,340,10,0,0" /><INIT seed="5,0,0,3,3,73" ten="443,257,350,0" oya="1" hai0="56,49,126,58,54,135,40,80,70,134,61,85,104" hai1="114,60,130,3,119,67,84,47,79,44,95,46,94" hai2="89,90,100,120,76,35,121,102,71,131,125,105,75" hai3=""/><U111/><E119/><V99/><N who="2" m="30752" /><V68/><N who="2" m="31008" /><V2/><F2/><T132/><D104/><U57/><E3/><V62/><F35/><T109/><D109/><U51/><E111/><V1/><F1/><T123/><N who="0" m="31520" /><T42/><D70/><U88/><E114/><V86/><F131/><T45/><D126/><U39/><E130/><V55/><F125/><T96/><D96/><U122/><N who="1" m="31264" /><U107/><E107/><V52/><F100/><T38/><D58/><U0/><E0/><V77/><F90/><T37/><REACH who="0" step="1"/><D42/><REACH who="0" ten="433,257,350,0" step="2"/><U118/><E118/><V115/><F105/><T65/><D65/><U36/><E51/><V117/><F117/><T106/><D106/><U113/><E113/><V92/><F115/><T82/><D82/><U128/><E128/><V43/><F43/><T69/><D69/><U41/><E41/><V74/><F68/><T72/><D72/><U124/><E124/><V110/><F71/><T133/><D133/><U112/><E112/><V108/><F110/><T32/><D32/><U53/><E67/><V78/><F108/><T101/><D101/><U93/><REACH who="1" step="1"/><E79/><AGARI ba="0,1" hai="37,38,40,45,49,54,56,61,79,80,85,132,134,135" m="31520" machi="79" ten="40,8000,1" yaku="1,1,20,1,52,2,53,0" doraHai="73" doraHaiUra="64" who="0" fromWho="1" sc="433,90,257,-80,350,0,0,0" /><INIT seed="6,0,0,4,1,38" ten="523,177,350,0" oya="2" hai0="52,60,126,40,131,99,82,95,100,112,130,33,45" hai1="35,91,83,36,125,117,44,50,90,86,37,49,85" hai2="96,119,101,1,76,65,135,118,81,34,88,42,0" hai3=""/><V68/><F34/><T74/><D33/><U115/><E35/><V78/><F135/><T92/><D126/><U129/><E125/><V73/><F78/><T132/><D132/><U43/><E115/><V54/><F54/><T69/><D95/><U110/><E110/><V47/><F65/><T3/><D3/><U75/><E75/><V41/><F68/><T123/><D112/><U61/><E129/><V108/><F108/><T114/><D114/><U104/><E104/><V72/><F88/><T134/><D134/><U87/><E117/><V98/><F76/><T57/><D69/><U116/><E116/><V56/><F56/><T113/><D113/><U62/><E83/><V66/><F66/><T39/><N who="0" m="31520" /><T94/><D94/><U105/><E105/><V84/><F84/><T67/><D52/><U128/><E86/><V80/><F47/><T71/><D57/><U109/><E109/><V77/><REACH who="2" step="1"/><F77/><REACH who="2" ten="523,177,340,0" step="2"/><T32/><D32/><U103/><E128/><V93/><F93/><T133/><D133/><U102/><REACH who="1" step="1"/><E44/><REACH who="1" ten="523,167,340,0" step="2"/><V124/><F124/><T53/><D131/><U122/><N who="1" m="31264" /><U48/><E48/><V46/><F46/><T111/><D130/><U59/><E59/><V120/><F120/><T51/><D111/><RYUUKYOKU ba="0,2" sc="523,-20,167,10,340,10,0,0" hai1="36,37,43,49,50,61,62,85,87,90,91,102,103" hai2="0,1,41,42,72,73,80,81,96,98,101,118,119" /><INIT seed="6,1,2,1,4,79" ten="503,177,350,0" oya="2" hai0="0,53,134,92,59,42,81,124,48,91,116,36,38" hai1="3,47,113,109,121,108,64,68,60,119,94,89,62" hai2="95,117,55,44,103,90,54,120,112,67,84,122,100" hai3=""/><V56/><N who="2" m="30752" /><V80/><N who="2" m="31264" /><V87/><F117/><T2/><D116/><U97/><N who="1" m="31008" /><U131/><E119/><V51/><F67/><T93/><D134/><U111/><E3/><V43/><F112/><T132/><D132/><U46/><E113/><V88/><F54/><T128/><D128/><U69/><E131/><V37/><AGARI ba="1,2" hai="37,43,44,51,55,56,80,84,87,88,90,95,100,103" m="31264,30752" machi="37" ten="20,12000,2" yaku="0,1,7,1,52,3,54,1" doraHai="79" who="2" fromWho="2" sc="503,-61,177,-61,350,142,0,0" owari="442,4.0,116,-48.0,492,44.0,0,0.0" /></mjloggm>