<mjloggm ver="2.3"><GO type="225" lobby="0"/><UN n0="%73%75%7A%75%6D%65%33" n1="%E7%B6%BE%E9%87%8E%E7%8F%AA%E5%AD%90" n2="%72%69%6F%75%63%68%61%6E" n3="%E8%83%83%E3%81%A8%E8%85%B8" dan="17,16,17,18" rate="2209.81,2201.08,2147.70,2242.16" sx="M,F,M,M"/><TAIKYOKU oya="0"/><INIT seed="0,0,0,5,0,30" ten="250,250,250,250" oya="0" hai0="62,24,135,19,38,4,109,107,50,13,66,63,123" hai1="126,10,52,117,58,71,3,27,1,99,74,8,125" hai2="73,103,130,43,2,25,104,51,31,120,46,100,87" hai3="98,95,21,53,114,101,36,7,72,118,97,37,89"/><T55/><D38/><U78/><E71/><V61/><F120/><W122/><G114/><T127/><D123/><U65/><E65/><V60/><F73/><W23/><G122/><T18/><D107/><U112/><E117/><V57/><F2/><N who="1" m="521" /><E99/><V102/><F130/><W124/><G7/><T11/><D135/><U92/><E92/><V15/><F15/><W54/><G118/><T26/><D127/><N who="1" m="48651" /><E112/><V6/><F6/><W67/><G124/><T84/><D109/><U16/><E78/><V76/><F104/><W33/><G67/><T0/><D84/><U108/><E74/><V17/><F17/><N who="0" m="6154" /><D0/><U134/><E108/><V20/><REACH who="2" step="1"/><F57/><REACH who="2" ten="250,250,240,250" step="2"/><W85/><G72/><T94/><D26/><U9/><E134/><V105/><F105/><W83/><G36/><T34/><D24/><U75/><E75/><V29/><F29/><W32/><G37/><T12/><D12/><N who="1" m="7175" /><E27/><V131/><F131/><W113/><G113/><T90/><D13/><U119/><E119/><V128/><F128/><W42/><G97/><T115/><D115/><U14/><E14/><V48/><F48/><AGARI ba="0,1" hai="9,10,48,52,58" m="7175,48651,521" machi="48" ten="30,3900,0" yaku="18,1,54,2" doraHai="30" who="1" fromWho="2" sc="250,0,250,49,240,-39,250,0" /><INIT seed="1,0,0,1,2,124" ten="250,299,201,250" oya="1" hai0="107,66,56,51,63,92,28,82,68,75,26,44,15" hai1="42,127,69,87,40,83,132,65,121,53,122,105,37" hai2="126,8,95,123,19,74,110,6,4,85,41,21,93" hai3="3,76,111,90,86,78,2,17,135,119,13,102,24"/><U73/><E73/><V1/><F123/><N who="1" m="47113" /><E87/><V99/><F126/><W125/><G125/><T59/><D107/><U108/><E83/><V134/><F134/><W20/><G135/><T64/><D92/><U62/><E105/><V33/><F33/><W54/><G111/><T23/><D66/><U46/><E132/><V36/><F110/><W30/><G119/><T128/><D128/><U50/><E127/><V48/><F74/><W60/><G102/><T77/><REACH who="0" step="1"/><D15/><REACH who="0" ten="240,299,201,250" step="2"/><U47/><E108/><V14/><F95/><N who="3" m="54743" /><G2/><T32/><D32/><U84/><E84/><V104/><F85/><W43/><G3/><T114/><D114/><U89/><E89/><V11/><F104/><W115/><G115/><T67/><D67/><U7/><E7/><V31/><F93/><W96/><G96/><T49/><D49/><N who="1" m="28863" /><E37/><V130/><F36/><W103/><G103/><T117/><D117/><U98/><E98/><V131/><F99/><W10/><G76/><T109/><D109/><U88/><E88/><V5/><F1/><W71/><G78/><T58/><D58/><U113/><E113/><V35/><F131/><W100/><G100/><T61/><D61/><U72/><E72/><V16/><F130/><W112/><G112/><T25/><D25/><U27/><E27/><N who="2" m="18943" /><F48/><W97/><G97/><T118/><D118/><U94/><E94/><V34/><F34/><W70/><G24/><T18/><D18/><U129/><E129/><V133/><F133/><W12/><G17/><T79/><D79/><U0/><E0/><V52/><F19/><W9/><G12/><T81/><D81/><RYUUKYOKU ba="0,1" sc="240,15,299,15,201,-15,250,-15" hai0="23,26,28,44,51,56,59,63,64,68,75,77,82" hai1="40,42,46,50,62,65,69" /><INIT seed="1,1,1,5,0,31" ten="255,314,186,235" oya="1" hai0="22,33,65,112,26,15,8,14,73,119,12,113,104" hai1="19,59,9,72,90,71,36,40,70,37,123,125,68" hai2="0,110,41,86,111,6,84,63,89,95,107,96,114" hai3="100,67,4,92,56,7,52,117,115,75,102,49,42"/><U94/><E123/><V61/><F114/><N who="0" m="44138" /><D73/><U82/><E125/><V88/><F41/><W76/><G115/><T108/><D104/><U51/><E72/><V124/><F124/><W98/><G117/><T54/><D54/><U38/><E82/><N who="2" m="49175" /><F0/><W55/><G100/><T50/><D50/><U126/><E126/><V128/><F6/><W116/><G116/><T80/><D80/><U129/><E129/><V78/><F128/><W97/><G97/><T13/><D65/><U48/><E59/><V17/><F17/><W130/><G130/><T24/><D119/><U93/><E40/><V106/><F61/><N who="3" m="38311" /><G75/><T120/><D120/><U10/><E19/><V77/><F63/><W57/><G76/><N who="2" m="29289" /><F96/><W133/><G42/><T118/><D118/><U64/><E64/><V87/><F86/><W1/><G1/><T60/><D60/><U109/><E38/><V91/><F91/><W3/><G3/><T105/><D105/><AGARI ba="1,1" hai="87,89,95,105,106,107,110,111" m="29289,49175" machi="105" ten="30,3900,0" yaku="34,2,54,1" doraHai="31" who="2" fromWho="0" sc="255,-42,314,0,186,52,235,0" /><INIT seed="2,0,0,4,0,48" ten="213,314,238,235" oya="2" hai0="18,132,80,124,92,67,99,109,87,68,59,69,103" hai1="88,108,73,35,29,19,84,38,81,24,25,122,118" hai2="16,77,30,86,26,58,3,53,62,63,135,11,43" hai3="36,50,40,10,133,17,115,31,120,102,96,112,8"/><V123/><F123/><W93/><G120/><T100/><D132/><U134/><E118/><V76/><F135/><W56/><G133/><T64/><D124/><U126/><E134/><V130/><F130/><W107/><G31/><T70/><D109/><U22/><E122/><V113/><F113/><N who="3" m="43595" /><G107/><T34/><D34/><U14/><E126/><V27/><F43/><W79/><G79/><N who="2" m="30281" /><F3/><W61/><G36/><T74/><D74/><U15/><E108/><V46/><F46/><N who="3" m="25927" /><G17/><T94/><D18/><U110/><E110/><V101/><F101/><W98/><G98/><T75/><D75/><U20/><E73/><V60/><F86/><W0/><G0/><T45/><D45/><U32/><E38/><V23/><F11/><W42/><G42/><T117/><D117/><U41/><E41/><V89/><F89/><W78/><G78/><T72/><D72/><U47/><E47/><V111/><F111/><W95/><G95/><T104/><D103/><U65/><E32/><V91/><F91/><W6/><G6/><T55/><D94/><U52/><E35/><V90/><F90/><W129/><G129/><T21/><D92/><U106/><E106/><V44/><F44/><W127/><G127/><T5/><D5/><U12/><E88/><V83/><F83/><W7/><G7/><T57/><D80/><U121/><E81/><V119/><F119/><W28/><G28/><T131/><D131/><U4/><E4/><V82/><F82/><W71/><G71/><T33/><D104/><U9/><E121/><V1/><F1/><W125/><G125/><T97/><D69/><RYUUKYOKU ba="0,0" sc="213,-15,314,-15,238,15,235,15" hai2="16,23,26,27,30,53,58,60,62,63" hai3="8,10,56,61,93,96,102" /><INIT seed="2,1,0,1,0,19" ten="198,299,253,250" oya="2" hai0="131,45,89,32,115,64,39,135,99,36,68,3,31" hai1="23,75,101,53,125,77,63,88,98,52,12,24,74" hai2="120,8,129,48,71,51,16,54,56,60,134,37,1" hai3="2,57,5,73,114,6,69,42,130,121,92,20,22"/><V133/><F120/><W58/><G121/><T87/><D115/><U105/><E125/><V104/><F104/><W112/><G130/><T15/><D131/><U62/><E12/><N who="2" m="7175" /><F129/><W96/><G69/><T79/><D3/><U78/><E75/><V30/><F1/><W106/><G73/><T119/><D119/><U95/><E74/><V26/><F37/><W61/><G106/><T21/><D135/><N who="2" m="51722" /><F71/><W29/><G2/><T103/><D79/><N who="1" m="30219" /><E101/><V132/><N who="2" m="51730" /><V83/><DORA hai="124" /><F83/><W128/><G128/><T13/><D36/><U93/><E95/><V9/><F9/><W91/><G112/><T41/><D32/><AGARI ba="1,0" hai="26,30,32,48,51,54,56,60" m="51730,7175" machi="32" ten="40,3900,0" yaku="20,1,54,1" doraHai="19,124" who="2" fromWho="0" sc="198,-42,299,0,253,42,250,0" /><INIT seed="2,2,0,1,0,22" ten="156,299,295,250" oya="2" hai0="19,14,80,110,75,106,114,108,17,69,35,79,4" hai1="78,7,10,55,120,31,71,52,86,5,121,51,33" hai2="115,132,63,45,9,23,81,25,107,11,58,68,36" hai3="3,15,18,111,13,93,89,77,123,50,56,131,38"/><V91/><F115/><W20/><G123/><N who="1" m="47178" /><E71/><V41/><F132/><W47/><G111/><N who="0" m="42539" /><D114/><U102/><E102/><V70/><F107/><W1/><G131/><T27/><D106/><U99/><E99/><V130/><F130/><W8/><G38/><T92/><D69/><U127/><E127/><V12/><F9/><W73/><G73/><T64/><D64/><U26/><E51/><V104/><F104/><W134/><G134/><T61/><D61/><U32/><E32/><V72/><F91/><W0/><G77/><T125/><D125/><U98/><E98/><V62/><F62/><W95/><G56/><T83/><D83/><N who="1" m="47479" /><E7/><V82/><F81/><W101/><G101/><T97/><D4/><U118/><E118/><V6/><F82/><W53/><REACH who="3" step="1"/><G89/><REACH who="3" ten="156,299,295,240" step="2"/><N who="0" m="55439" /><D14/><AGARI ba="2,1" hai="5,10,14,26,31,33,52,55" m="47479,47178" machi="14" ten="30,3900,0" yaku="13,1,52,1,54,1" doraHai="22" who="1" fromWho="0" sc="156,-45,299,55,295,0,240,0" /><INIT seed="3,0,0,1,5,82" ten="111,354,295,240" oya="3" hai0="51,36,134,74,16,104,78,65,61,43,24,124,2" hai1="76,59,121,75,133,91,96,100,1,27,66,56,112" hai2="108,132,109,57,118,114,48,0,28,125,39,19,126" hai3="29,41,110,23,12,131,130,116,13,52,99,26,64"/><W63/><G116/><T30/><D134/><U95/><E112/><V89/><F114/><W54/><G41/><T15/><D124/><N who="2" m="47722" /><F39/><W67/><G99/><T31/><D104/><U85/><E121/><V17/><F118/><W21/><G110/><N who="2" m="42601" /><F0/><W84/><G63/><T34/><D31/><U93/><E133/><V62/><F28/><W69/><G29/><T129/><D129/><U122/><E122/><V14/><F132/><W97/><G97/><T46/><D74/><U49/><E1/><V79/><F79/><W20/><G26/><T60/><D78/><U68/><E27/><V73/><F73/><W98/><G98/><T80/><D80/><N who="1" m="47239" /><E75/><V11/><F48/><W119/><G119/><T50/><D2/><U103/><E49/><V127/><N who="2" m="47730" /><V35/><DORA hai="58" /><F35/><W3/><G3/><T44/><D65/><U123/><E66/><N who="2" m="39247" /><F89/><W33/><G20/><T77/><D77/><U9/><E91/><V18/><AGARI ba="0,0" hai="11,14,17,18,19" m="39247,42601,47730" machi="18" ten="50,6400,0" yaku="18,1,14,1,52,1" doraHai="82,58" who="2" fromWho="2" sc="111,-16,354,-16,295,64,240,-32" owari="95,-40.0,338,14.0,359,45.0,208,-19.0" /></mjloggm>