<mjloggm ver="2.3"><GO type="185" lobby="0"/><UN n0="%E3%82%B5%E3%83%B3%E3%83%9E%E6%BC%81%E5%B8%AB%4B" n1="%E3%83%A6%E3%82%A6%E3%83%8B%E3%83%A3" n2="%72%61%73%62%65%72%72%79" n3="" dan="17,18,17,0" rate="2259.41,2268.36,2281.27,1500.00" sx="M,M,F,C"/><TAIKYOKU oya="0"/><INIT seed="0,0,0,5,0,117" ten="350,350,350,0" oya="0" hai0="43,89,110,75,122,107,95,134,77,55,42,99,33" hai1="45,84,93,126,46,47,70,106,83,135,100,32,123" hai2="53,71,66,79,0,133,132,102,34,40,59,35,127" hai3=""/><T86/><N who="0" m="31264" /><T50/><D33/><U119/><N who="1" m="31520" /><U88/><E32/><V62/><F0/><T54/><D134/><N who="2" m="51818" /><F127/><T72/><D110/><U78/><E135/><V129/><F129/><T52/><D50/><U91/><E70/><V111/><F111/><T82/><D75/><U38/><E119/><V103/><F79/><T92/><REACH who="0" step="1"/><D107/><REACH who="0" ten="340,350,350,0" step="2"/><U60/><E106/><V36/><F35/><T85/><D85/><U116/><E116/><V48/><F34/><T3/><D3/><U57/><E126/><V104/><F104/><T56/><D56/><U41/><E46/><AGARI ba="0,1" hai="36,40,46,48,53,59,62,66,71,102,103" m="51818" machi="46" ten="30,2000,0" yaku="24,1,20,1" doraHai="117" who="2" fromWho="1" sc="340,0,350,-20,350,30,0,0" /><INIT seed="1,0,0,4,2,53" ten="340,330,380,0" oya="1" hai0="118,87,40,103,54,126,51,121,44,72,131,37,111" hai1="62,90,58,74,82,108,96,127,56,128,66,50,134" hai2="41,123,85,75,63,59,112,47,135,92,33,39,104" hai3=""/><U132/><E127/><V49/><N who="2" m="31520" /><V71/><F33/><T2/><N who="0" m="31008" /><T76/><D2/><U129/><E108/><V93/><F75/><T0/><D0/><U115/><E115/><V3/><F3/><T98/><D111/><U73/><E96/><V109/><F109/><T60/><D131/><N who="1" m="50251" /><E90/><V122/><N who="2" m="31264" /><V100/><F112/><T43/><D126/><U70/><E50/><V101/><F135/><N who="1" m="51753" /><E74/><V42/><F101/><T67/><D72/><U119/><E119/><V88/><F100/><T86/><D118/><U35/><E35/><V106/><F106/><T102/><D102/><U38/><E38/><V110/><F104/><T52/><D87/><U97/><E97/><V36/><F110/><T68/><D37/><U105/><E105/><V69/><F39/><T124/><D124/><U120/><N who="1" m="30752" /><U91/><E91/><V64/><F93/><T83/><D40/><U65/><E66/><V125/><F125/><T81/><D81/><U99/><E99/><V130/><F130/><T77/><D98/><U61/><E62/><V113/><F113/><T107/><D103/><U46/><E46/><V133/><F133/><T48/><D107/><U114/><E114/><V95/><F95/><T94/><D94/><RYUUKYOKU ba="0,0" sc="340,-20,330,10,380,10,0,0" hai1="56,58,61,65,70,73,82" hai2="36,41,42,47,49,59,63,64,69,71,85,88,92" /><INIT seed="1,1,0,3,0,90" ten="320,340,390,0" oya="1" hai0="47,100,117,80,57,35,75,67,118,32,0,83,125" hai1="54,113,76,53,65,105,41,74,49,84,37,126,101" hai2="116,87,73,1,78,68,111,69,103,60,81,42,104" hai3=""/><U96/><E113/><V38/><F116/><N who="0" m="44650" /><D0/><U130/><E126/><V45/><F1/><T112/><D112/><U89/><E130/><V63/><F111/><T66/><D125/><U91/><E37/><V85/><F69/><T44/><D57/><U88/><E74/><V131/><F131/><T99/><D47/><U48/><E65/><N who="0" m="24585" /><D44/><U59/><E41/><V40/><F40/><T106/><D75/><U2/><E2/><V128/><F128/><T93/><D106/><U61/><REACH who="1" step="1"/><E54/><REACH who="1" ten="320,330,390,0" step="2"/><V58/><F73/><T94/><D32/><U3/><E3/><V121/><N who="2" m="31008" /><V51/><F38/><T43/><D43/><U122/><N who="1" m="31264" /><U33/><E33/><V134/><F42/><T127/><D35/><U132/><E132/><V114/><F114/><T108/><D127/><U107/><E107/><V124/><F124/><T46/><D108/><U110/><E110/><V34/><F34/><T64/><D64/><U72/><E72/><V62/><F104/><T135/><D135/><U71/><E71/><V109/><F68/><T119/><D119/><U129/><E129/><V98/><F134/><T133/><D133/><U95/><E95/><V39/><F109/><T102/><D94/><U50/><E50/><V123/><F51/><RYUUKYOKU ba="1,1" sc="320,-10,330,20,390,-10,0,0" hai1="48,49,53,59,61,76,84,88,89,91,96,101,105" /><INIT seed="1,2,1,3,2,118" ten="310,350,380,0" oya="1" hai0="80,77,96,40,62,127,54,134,122,2,104,102,61" hai1="32,132,69,68,98,109,85,57,35,53,99,78,105" hai2="73,108,130,46,114,133,34,52,123,42,93,112,70" hai3=""/><U103/><E132/><V89/><N who="2" m="31520" /><V56/><F34/><T47/><N who="0" m="31264" /><T39/><D134/><U83/><E109/><V74/><F70/><T43/><D2/><U63/><REACH who="1" step="1"/><E98/><REACH who="1" ten="310,340,380,0" step="2"/><V92/><F133/><T119/><D119/><U120/><N who="1" m="30752" /><U50/><E50/><V84/><F108/><T76/><D127/><U66/><E66/><V65/><F65/><T126/><D126/><U44/><E44/><V60/><F114/><T81/><D62/><U48/><E48/><V87/><F112/><T124/><D124/><U90/><E90/><V55/><F89/><T91/><D91/><U101/><E101/><V51/><F51/><T117/><D117/><U1/><E1/><V111/><F60/><T33/><D61/><U131/><E131/><V110/><F130/><T49/><D33/><AGARI ba="2,2" hai="32,33,35,53,57,63,68,69,78,83,85,99,103,105" m="30752" machi="33" ten="40,12000,1" yaku="1,1,52,2,53,1" doraHai="118" doraHaiUra="59" who="1" fromWho="0" sc="310,-124,340,144,380,0,0,0" /><INIT seed="1,3,0,4,2,78" ten="186,484,380,0" oya="1" hai0="52,33,45,71,97,108,101,107,41,83,79,70,104" hai1="1,64,59,99,111,90,128,92,133,121,32,65,53" hai2="94,89,105,56,135,69,50,114,85,119,103,109,61" hai3=""/><U77/><N who="1" m="31008" /><U37/><E1/><V67/><F119/><T98/><D33/><U126/><E32/><V80/><F109/><T43/><D108/><U48/><E111/><V46/><F135/><T66/><D52/><U130/><E37/><V95/><F114/><T54/><D54/><U134/><E77/><V55/><F105/><T38/><D43/><U91/><E90/><V132/><F132/><N who="1" m="50793" /><E126/><V82/><F69/><T131/><D66/><AGARI ba="3,0" hai="48,53,59,64,65,66,91,92,99,128,130" m="50793,31008" machi="66" ten="30,2900,0" yaku="20,1,52,1" doraHai="78" who="1" fromWho="0" sc="186,-35,484,35,380,0,0,0" /><INIT seed="1,4,0,4,1,117" ten="151,519,380,0" oya="1" hai0="97,108,94,80,38,90,82,58,47,70,57,41,130" hai1="75,40,127,125,85,106,72,95,36,118,37,96,1" hai2="129,104,66,124,123,62,55,119,110,132,67,51,76" hai3=""/><U86/><E118/><V44/><N who="2" m="31520" /><V109/><F119/><T87/><D70/><U49/><E49/><V34/><F34/><T81/><D108/><N who="2" m="41578" /><F104/><T35/><D35/><U68/><E68/><V78/><F132/><T61/><D130/><U103/><E1/><V113/><F129/><T115/><D115/><U133/><E40/><V84/><F113/><T128/><D128/><U121/><N who="1" m="31008" /><U122/><N who="1" m="31264" /><U64/><E64/><V73/><F124/><N who="1" m="47689" /><E133/><V77/><F73/><N who="1" m="28233" /><E106/><V52/><F84/><AGARI ba="4,0" hai="36,37,84,85,86,95,96,103" m="28233,47689,31264,31008" machi="84" ten="30,12000,1" yaku="18,1,52,4" doraHai="117" who="1" fromWho="2" sc="151,0,519,128,380,-128,0,0" /><INIT seed="1,5,0,5,5,96" ten="151,647,252,0" oya="1" hai0="72,126,122,74,55,3,91,44,87,133,98,129,33" hai1="120,67,52,60,80,36,97,117,54,101,2,50,121" hai2="51,113,59,71,100,53,42,76,82,34,128,56,41" hai3=""/><U75/><N who="1" m="30752" /><U118/><N who="1" m="31008" /><U105/><E36/><V134/><F34/><T45/><N who="0" m="31264" /><T109/><D3/><U102/><E102/><V1/><F1/><T93/><D33/><U124/><E2/><V46/><F71/><T107/><D109/><U40/><E40/><V65/><F134/><T89/><D133/><U92/><E105/><V83/><F128/><T103/><D129/><U125/><E80/><V135/><F135/><T104/><D126/><N who="1" m="48747" /><E75/><N who="0" m="28713" /><D55/><N who="1" m="21035" /><E50/><V111/><F51/><T131/><D131/><U114/><E114/><V99/><F113/><T84/><D44/><U132/><E132/><V123/><N who="2" m="31520" /><V94/><F46/><T79/><D45/><U69/><AGARI ba="5,0" hai="60,67,69,92,97,101,117,118" m="21035,48747,31008,30752" machi="69" ten="30,8000,1" yaku="18,1,52,3,54,1" doraHai="96" who="1" fromWho="1" sc="151,-45,647,90,252,-45,0,0" /><INIT seed="1,6,0,0,2,59" ten="106,737,207,0" oya="1" hai0="37,52,36,133,73,123,60,64,67,122,124,93,69" hai1="84,128,99,132,81,76,95,1,113,119,102,107,127" hai2="104,74,48,41,33,71,45,98,50,96,72,111,116" hai3=""/><U80/><E1/><V44/><F116/><T57/><N who="0" m="31264" /><T32/><N who="0" m="31520" /><T112/><D32/><U61/><E119/><V118/><F118/><T114/><D73/><U87/><E113/><N who="0" m="43625" /><D93/><U54/><E132/><V91/><F33/><T40/><D133/><U34/><E34/><V131/><F71/><T110/><D110/><U58/><E127/><V120/><N who="2" m="30752" /><V56/><F111/><T68/><D124/><U39/><E39/><N who="0" m="14921" /><D40/><U66/><E128/><V117/><F117/><T46/><D46/><U106/><REACH who="1" step="1"/><E54/><REACH who="1" ten="106,727,207,0" step="2"/><V38/><F131/><T55/><D55/><U0/><E0/><V130/><F130/><T77/><D77/><AGARI ba="6,1" hai="58,61,66,76,77,80,81,84,87,95,99,102,106,107" machi="77" ten="30,11600,0" yaku="1,1,7,1,9,1,52,1,53,0" doraHai="59" doraHaiUra="108" who="1" fromWho="0" sc="106,-128,727,138,207,0,0,0" owari="-22,-62.0,865,81.0,207,-19.0,0,0.0" /></mjloggm>