<mjloggm ver="2.3"><GO type="169" lobby="0"/><UN n0="%E7%9C%9F%E3%82%A8%E3%83%88%E3%83%9A%E3%83%B3" n1="%E3%83%88%E3%82%AD%E9%9B%80%E7%8B%82%E4%BA%BA%E6%88%A6%E4%BB%A3%E8%A1%A8" n2="%E3%81%A9%E3%81%8F%E3%81%A1%E3%81%8F%E3%82%8F" n3="%E3%81%B4%E3%81%8A%E3%81%B4%E3%81%8A%EF%BC%91%EF%BC%91" dan="18,16,16,18" rate="2304.35,2095.25,2092.50,2305.17" sx="M,M,M,M"/><TAIKYOKU oya="0"/><INIT seed="0,0,0,0,3,61" ten="250,250,250,250" oya="0" hai0="80,45,55,118,37,59,21,91,125,82,113,14,46" hai1="53,135,93,9,32,78,110,24,18,86,89,22,132" hai2="2,119,128,83,127,5,69,65,70,1,120,102,10" hai3="98,105,57,40,7,27,109,58,75,106,121,17,29"/><T115/><D118/><U31/><E110/><V38/><F120/><W54/><G75/><T84/><D125/><U13/><E78/><V26/><F127/><W35/><G121/><T76/><D37/><U97/><E97/><V133/><F128/><W112/><G112/><T42/><D115/><U92/><E92/><V4/><F133/><W81/><G40/><T88/><D113/><U49/><REACH who="1" step="1"/><E9/><REACH who="1" ten="250,240,250,250" step="2"/><V19/><F119/><W124/><G98/><T100/><D100/><U12/><E12/><V108/><F102/><W48/><G124/><T8/><D42/><U64/><E64/><V25/><F108/><W51/><G109/><T62/><D21/><U130/><E130/><V41/><F41/><W73/><G106/><T116/><D116/><U103/><E103/><V71/><F83/><W36/><G81/><T123/><D123/><U95/><E95/><V117/><F117/><W43/><G43/><T39/><D39/><U114/><E114/><V3/><F38/><W99/><G105/><T20/><D20/><U66/><E66/><V60/><F10/><W104/><G104/><T90/><REACH who="0" step="1"/><D82/><REACH who="0" ten="240,240,250,250" step="2"/><U63/><E63/><V6/><REACH who="2" step="1"/><F19/><AGARI ba="0,2" hai="8,14,19,45,46,55,59,62,76,80,84,88,90,91" machi="19" ten="40,12000,1" yaku="1,1,2,1,8,1,54,1,53,0" doraHai="61" doraHaiUra="28" who="0" fromWho="2" sc="240,140,240,0,250,-120,250,0" /><INIT seed="0,1,0,3,0,17" ten="380,240,130,250" oya="0" hai0="41,12,98,93,0,104,119,133,31,61,103,110,69" hai1="118,21,24,85,2,55,10,73,8,113,105,59,109" hai2="54,132,123,135,94,134,7,125,91,90,72,111,101" hai3="96,71,97,14,68,28,89,48,19,35,67,121,18"/><T122/><D119/><U9/><E73/><V99/><F123/><W47/><G121/><T39/><D0/><U53/><E113/><V13/><F111/><W74/><G74/><T66/><D122/><U40/><E118/><V64/><F125/><W36/><G36/><T131/><D110/><U70/><E109/><V5/><F64/><W127/><G19/><T45/><D133/><U23/><E70/><V116/><F116/><W60/><G71/><T62/><D131/><U38/><E105/><V56/><F72/><W87/><G127/><T3/><D3/><U52/><E2/><V11/><REACH who="2" step="1"/><F5/><REACH who="2" ten="380,240,120,250" step="2"/><W86/><G67/><T42/><D66/><U108/><E108/><V6/><F6/><W27/><G68/><T58/><D69/><U22/><E59/><V49/><AGARI ba="1,1" hai="7,11,13,49,54,56,90,91,94,99,101,132,134,135" machi="49" ten="30,4000,0" yaku="1,1,0,1,20,1,53,0" doraHai="17" doraHaiUra="78" who="2" fromWho="2" sc="380,-21,240,-11,120,53,250,-11" /><INIT seed="1,0,0,0,4,105" ten="359,229,173,239" oya="1" hai0="77,69,109,79,26,42,51,18,53,3,33,62,93" hai1="9,30,12,85,132,50,74,1,57,97,27,15,24" hai2="121,99,23,87,71,107,40,22,111,2,45,64,6" hai3="17,21,125,98,102,70,0,39,115,82,25,103,91"/><U73/><E1/><V56/><F121/><W129/><G115/><T90/><D3/><U44/><E132/><V10/><F111/><W37/><G70/><T92/><D109/><U83/><E57/><V66/><F71/><W86/><G129/><T55/><D93/><U114/><E97/><V4/><F4/><W119/><G125/><T134/><D134/><U130/><E130/><V100/><F87/><W72/><G0/><T48/><D42/><U106/><E106/><V131/><F131/><W122/><G122/><T123/><D123/><U61/><E61/><V49/><F56/><W16/><G119/><T5/><D5/><U95/><E95/><V96/><F99/><W80/><G17/><T133/><D133/><U118/><E118/><V88/><F88/><W135/><G135/><T41/><D41/><U63/><E63/><V67/><AGARI ba="0,0" hai="2,6,10,22,23,40,45,49,64,66,67,96,100,107" machi="67" ten="30,1100,0" yaku="0,1" doraHai="105" who="2" fromWho="2" sc="359,-3,229,-5,173,11,239,-3" /><INIT seed="2,0,0,1,3,124" ten="356,224,184,236" oya="2" hai0="32,115,78,18,26,68,101,100,95,76,35,92,70" hai1="119,93,85,109,107,129,11,46,30,131,110,13,48" hai2="87,83,98,20,81,75,56,84,80,108,127,135,15" hai3="67,106,10,73,94,21,3,61,14,36,42,47,7"/><V39/><F39/><W97/><G73/><T89/><D26/><U27/><E107/><V58/><F127/><W24/><G14/><T0/><D0/><U63/><E63/><V90/><F135/><W71/><G106/><T23/><D23/><U43/><E93/><N who="2" m="56631" /><F75/><W65/><G61/><T74/><D74/><U88/><E119/><V69/><F69/><W123/><G71/><T22/><D22/><N who="1" m="15735" /><E85/><N who="2" m="32843" /><F108/><N who="1" m="41577" /><E88/><V117/><F117/><W17/><G123/><T41/><D89/><AGARI ba="0,0" hai="3,7,10,17,21,24,36,42,47,65,67,89,94,97" machi="89" ten="30,1000,0" yaku="7,1" doraHai="124" who="3" fromWho="0" sc="356,-10,224,0,184,0,236,10" /><INIT seed="3,0,0,4,1,32" ten="346,224,184,246" oya="3" hai0="66,19,31,45,39,116,16,65,18,52,62,12,120" hai1="44,121,43,77,64,109,21,85,83,38,47,88,96" hai2="49,127,79,26,30,1,14,134,119,108,11,4,110" hai3="78,71,81,51,69,10,57,61,99,73,68,58,130"/><W112/><G112/><T3/><D116/><U5/><E121/><V80/><F119/><W36/><G36/><T28/><D120/><U115/><E115/><V129/><F129/><W86/><G130/><T6/><D3/><U33/><E33/><V8/><F134/><W41/><G99/><T118/><D118/><U90/><E109/><V133/><F133/><W117/><G117/><T75/><D75/><U126/><E126/><V101/><F101/><W122/><G122/><T20/><D39/><U25/><E64/><N who="0" m="24681" /><D62/><U114/><E114/><V15/><F127/><W76/><G73/><T102/><D102/><U93/><E47/><V53/><F11/><W22/><G76/><T27/><D6/><U35/><E5/><V17/><F17/><N who="0" m="6762" /><D12/><U34/><REACH who="1" step="1"/><E77/><REACH who="1" ten="346,214,184,246" step="2"/><V56/><F110/><W123/><G123/><T0/><D0/><U70/><E70/><V89/><F108/><W13/><G71/><T106/><D106/><U59/><E59/><V107/><F107/><W63/><G69/><T100/><D100/><U67/><E67/><V91/><F91/><W54/><G68/><T125/><D125/><U7/><E7/><V50/><F89/><W94/><G78/><T2/><D2/><U9/><E9/><V98/><F79/><W105/><G105/><T23/><D23/><U60/><E60/><V87/><F8/><W42/><G22/><T92/><D45/><U103/><E103/><V72/><F56/><W124/><G124/><T74/><D20/><U132/><E132/><V135/><F135/><W24/><G63/><T82/><D74/><U131/><E131/><RYUUKYOKU ba="0,1" sc="346,-10,214,30,184,-10,246,-10" hai1="21,25,34,35,38,43,44,83,85,88,90,93,96" /><INIT seed="4,1,1,5,4,44" ten="336,244,174,236" oya="0" hai0="46,31,29,37,66,86,21,63,102,116,133,55,9" hai1="28,111,25,80,122,4,65,88,119,61,114,134,58" hai2="54,97,100,99,93,118,11,120,81,7,78,3,79" hai3="104,10,130,108,64,129,48,101,89,40,47,49,115"/><T131/><D116/><U5/><E122/><V73/><F120/><W98/><G108/><T91/><D133/><U19/><E119/><V6/><F118/><W45/><G115/><T110/><D110/><U51/><E111/><V60/><F7/><W109/><G109/><T24/><D131/><U68/><E134/><V27/><F78/><W20/><G64/><T0/><D102/><U16/><E114/><V113/><F113/><W22/><G10/><T126/><D126/><U112/><E112/><V35/><F97/><W57/><G57/><T85/><D31/><U12/><E19/><V121/><F121/><W135/><G135/><T127/><D127/><U106/><E106/><V53/><F60/><W92/><G129/><T34/><D34/><U62/><E61/><V103/><REACH who="2" step="1"/><F100/><REACH who="2" ten="336,244,164,236" step="2"/><W105/><G130/><T72/><D63/><U32/><E4/><V83/><F83/><W71/><G71/><T125/><D125/><U128/><E5/><V50/><F50/><W15/><G101/><T59/><D91/><U41/><E128/><V95/><F95/><W38/><G38/><T69/><D37/><U107/><E68/><V8/><F8/><W26/><G104/><T43/><D69/><U77/><E107/><V84/><F84/><W117/><G105/><T132/><D132/><U96/><E96/><V52/><F52/><N who="3" m="29727" /><G117/><T67/><D67/><U30/><E65/><V74/><F74/><W76/><G76/><T23/><D66/><U94/><E77/><V87/><F87/><W36/><G36/><N who="0" m="21863" /><D72/><U82/><E62/><V18/><F18/><W56/><G98/><RYUUKYOKU ba="1,2" sc="336,-10,244,-10,164,30,236,-10" hai2="3,6,11,27,35,53,54,73,79,81,93,99,103" /><INIT seed="5,2,2,3,2,55" ten="326,234,194,226" oya="1" hai0="106,33,124,23,125,41,58,21,133,110,70,84,65" hai1="18,108,104,7,64,115,20,131,94,117,127,8,4" hai2="63,57,134,128,11,135,22,30,53,100,9,103,29" hai3="76,56,72,67,98,114,122,92,113,37,99,59,54"/><U82/><E104/><V52/><F128/><W81/><G122/><T111/><D33/><U43/><E131/><V12/><F9/><W35/><G37/><T51/><D106/><U34/><E34/><V61/><F134/><W89/><G35/><T3/><D3/><U60/><E117/><V75/><F75/><W36/><G36/><T88/><D70/><U39/><E108/><N who="0" m="41513" /><D133/><U2/><E7/><N who="2" m="3199" /><F135/><W86/><G67/><T49/><D41/><U79/><E127/><N who="0" m="48713" /><D51/><U19/><E115/><N who="3" m="44042" /><G59/><T25/><D25/><U121/><E121/><V116/><F116/><W71/><G71/><T24/><D24/><U68/><E43/><V32/><F32/><W73/><G72/><T105/><D105/><U15/><E39/><V93/><F22/><W123/><G123/><T27/><D27/><U87/><E2/><V38/><F38/><W42/><G42/><T47/><D47/><U91/><REACH who="1" step="1"/><E20/><REACH who="1" ten="326,224,194,226" step="2"/><V10/><F10/><W119/><G119/><T16/><D23/><U0/><E0/><V5/><F5/><W1/><G1/><T83/><D21/><U96/><AGARI ba="2,3" hai="4,8,15,18,19,60,64,68,79,82,87,91,94,96" machi="96" ten="20,3900,0" yaku="1,1,0,1,7,1,53,0" doraHai="55" doraHaiUra="118" who="1" fromWho="1" sc="326,-15,224,75,194,-15,226,-15" /><INIT seed="5,3,0,1,0,60" ten="311,299,179,211" oya="1" hai0="29,6,90,64,120,112,103,30,113,33,130,59,89" hai1="97,14,118,128,31,132,0,3,38,111,85,129,40" hai2="96,71,93,99,87,20,114,21,84,135,119,5,81" hai3="73,75,56,23,127,4,13,12,16,110,123,67,10"/><U106/><E118/><V46/><F119/><W62/><G110/><T32/><D6/><U94/><E111/><V125/><F135/><W69/><G123/><T105/><D120/><U11/><E31/><V72/><F72/><W42/><G127/><T43/><D43/><U7/><E132/><V79/><F125/><W115/><G115/><N who="0" m="44107" /><D130/><N who="1" m="50283" /><E106/><V74/><F114/><W100/><G42/><T39/><D39/><U8/><E85/><V104/><F5/><W1/><G100/><T26/><D30/><U66/><E40/><V52/><F104/><W126/><G126/><T131/><D33/><U44/><E44/><V55/><F71/><W109/><G109/><T124/><D124/><U34/><E34/><V51/><F55/><W27/><REACH who="3" step="1"/><G69/><REACH who="3" ten="311,299,179,201" step="2"/><T65/><D131/><U95/><E38/><V83/><F74/><AGARI ba="3,1" hai="1,4,10,12,13,16,23,27,56,62,67,73,74,75" machi="74" ten="40,8000,1" yaku="1,1,2,1,52,1,54,1,53,0" doraHai="60" doraHaiUra="91" who="3" fromWho="2" sc="311,0,299,0,179,-89,201,99" /><INIT seed="6,0,0,3,1,86" ten="311,299,90,300" oya="2" hai0="69,130,47,2,16,55,81,10,110,4,57,28,114" hai1="78,116,6,120,118,53,64,62,63,71,101,29,42" hai2="31,49,7,34,60,36,33,125,23,85,91,121,73" hai3="113,30,79,56,70,26,134,112,27,133,5,15,80"/><V43/><F73/><W39/><G70/><T46/><D110/><U13/><E29/><V45/><F121/><W123/><G123/><T3/><D69/><U97/><E78/><V14/><F125/><W0/><G39/><T94/><D2/><U87/><E42/><V104/><F104/><W90/><G0/><T124/><D124/><U17/><E6/><V89/><F36/><W103/><G103/><T1/><D1/><U131/><E131/><V132/><F132/><N who="3" m="50795" /><G56/><T88/><D130/><U82/><E120/><V35/><F85/><N who="3" m="50471" /><G79/><T41/><D28/><U67/><E87/><V44/><F44/><W119/><G119/><T12/><D114/><N who="3" m="44137" /><G30/><T21/><D81/><U95/><E82/><V99/><F99/><W115/><G115/><T8/><D41/><U100/><E100/><V129/><F129/><W127/><G127/><T107/><D107/><U22/><E67/><V84/><F84/><W40/><G40/><T109/><D109/><U92/><E118/><V128/><F128/><W11/><AGARI ba="0,0" hai="5,11,15,26,27" m="44137,50471,50795" machi="11" ten="40,8000,1" yaku="20,1,15,1,11,1,52,1" doraHai="86" who="3" fromWho="3" sc="311,-20,299,-20,90,-40,300,80" /><INIT seed="7,0,0,3,2,49" ten="291,279,50,380" oya="3" hai0="84,127,74,90,94,59,23,100,26,42,53,25,98" hai1="35,134,130,104,106,39,64,4,30,38,6,43,71" hai2="8,2,54,133,5,85,92,79,108,114,96,61,33" hai3="128,109,77,16,87,40,57,68,81,10,21,24,17"/><W93/><G68/><T99/><D74/><U70/><E43/><V27/><F114/><W41/><G128/><T0/><D0/><U72/><E130/><V7/><F108/><W78/><G109/><T125/><D42/><U116/><E64/><V60/><F5/><W1/><G78/><T20/><D20/><U129/><E129/><V48/><F133/><W69/><G69/><T55/><D99/><U22/><E22/><V9/><F9/><W112/><G112/><T82/><D26/><U135/><E30/><V3/><F3/><W76/><G76/><T124/><REACH who="0" step="1"/><D59/><REACH who="0" ten="281,279,50,380" step="2"/><U107/><E72/><V12/><F2/><W29/><G1/><T56/><D56/><U122/><E106/><V120/><F27/><W37/><G57/><T52/><D52/><U111/><E111/><V83/><F33/><W73/><G41/><T58/><D58/><U103/><E103/><V101/><REACH who="2" step="1"/><F120/><REACH who="2" ten="281,279,40,380" step="2"/><W13/><G21/><T32/><D32/><U117/><E35/><V65/><F65/><W123/><G40/><T28/><AGARI ba="0,2" hai="23,25,28,53,55,82,84,90,94,98,100,124,125,127" machi="28" ten="30,8000,1" yaku="1,1,0,1,18,1,52,2,53,0" doraHai="49" doraHaiUra="14" who="0" fromWho="0" sc="281,100,279,-20,40,-20,380,-40" owari="381,48.0,259,-14.0,20,-48.0,340,14.0" /></mjloggm>