<mjloggm ver="2.3"><GO type="169" lobby="0"/><UN n0="%E3%81%98%E3%81%98%E3%81%84%E3%81%8C%E5%91%BC%E3%82%93%E3%81%A0" n1="%E4%BF%9D%E7%99%92%E8%BA%AB" n2="%4B%57" n3="%E3%81%99%E3%81%B1%E3%81%95%E3%81%B6" dan="16,17,16,17" rate="2123.46,2112.52,2038.61,2195.85" sx="M,M,M,M"/><TAIKYOKU oya="0"/><INIT seed="0,0,0,5,0,82" ten="250,250,250,250" oya="0" hai0="14,4,13,56,17,112,2,35,90,105,1,29,19" hai1="80,92,55,37,93,25,51,22,54,97,72,78,7" hai2="6,57,109,74,68,3,64,44,88,121,70,27,102" hai3="125,86,61,115,84,81,79,118,31,95,48,46,111"/><T119/><D105/><U39/><E7/><V135/><F121/><W134/><G115/><T75/><D75/><U110/><E110/><V20/><F74/><W77/><G118/><T67/><D67/><U38/><E51/><V91/><F109/><W40/><G111/><T126/><D56/><U101/><REACH who="1" step="1"/><E93/><REACH who="1" ten="250,240,250,250" step="2"/><V73/><F6/><W99/><G95/><T42/><D119/><U58/><E58/><V50/><F57/><W41/><G48/><T106/><D106/><U10/><E10/><V89/><F70/><W124/><G46/><T122/><D122/><U8/><E8/><V32/><F50/><W65/><G61/><T83/><D112/><U16/><AGARI ba="0,1" hai="16,22,25,37,38,39,54,55,72,78,80,92,97,101" machi="16" ten="30,4000,0" yaku="1,1,0,1,54,1,53,0" doraHai="82" doraHaiUra="53" who="1" fromWho="1" sc="250,-20,240,50,250,-10,250,-10" /><INIT seed="1,0,0,1,1,71" ten="230,290,240,240" oya="1" hai0="65,33,116,55,29,20,21,115,64,5,54,103,25" hai1="95,7,34,99,39,83,4,104,122,132,28,76,108" hai2="38,9,126,92,46,75,41,128,130,109,125,50,10" hai3="133,1,79,70,87,67,12,27,107,111,23,81,117"/><U48/><E122/><V58/><F75/><W129/><G1/><T124/><D115/><U119/><E119/><V35/><F35/><W43/><G117/><T47/><D116/><U31/><E104/><V32/><F32/><W123/><G123/><T102/><D124/><N who="2" m="47722" /><F92/><W86/><G43/><T45/><D5/><U16/><E132/><V30/><F30/><N who="1" m="11305" /><E39/><V49/><F10/><W60/><G133/><T98/><D33/><U22/><E34/><V62/><F9/><W11/><G107/><T82/><D82/><U51/><E108/><V26/><F26/><W80/><G111/><T59/><D98/><U78/><E7/><V44/><F109/><W113/><G113/><T112/><D112/><U131/><E4/><V14/><F14/><W0/><G0/><T106/><D106/><U74/><E74/><V36/><F49/><N who="1" m="19017" /><E83/><V42/><F38/><W18/><G81/><T3/><D3/><U120/><E120/><V61/><F61/><W2/><G2/><T19/><D29/><U13/><E131/><V94/><F94/><W85/><G129/><T52/><D21/><U8/><E8/><V100/><F100/><AGARI ba="0,0" hai="13,16,22,76,78,95,99,100" m="19017,11305" machi="100" ten="30,2900,0" yaku="8,1,54,1" doraHai="71" who="1" fromWho="2" sc="230,0,290,29,240,-29,240,0" /><INIT seed="1,1,0,5,1,16" ten="230,319,211,240" oya="1" hai0="46,123,58,75,103,67,83,38,82,26,53,95,121" hai1="27,119,113,22,52,105,94,59,104,87,49,72,120" hai2="11,79,73,112,135,61,133,100,21,12,36,28,93" hai3="102,115,109,14,37,5,88,1,98,108,86,132,41"/><U50/><E120/><N who="0" m="46153" /><D75/><U55/><E72/><V24/><F36/><W40/><G1/><T4/><D67/><U78/><E119/><V68/><F112/><W125/><G115/><T126/><D126/><U51/><E113/><V117/><F117/><W89/><G125/><T17/><D4/><U80/><E94/><V71/><F73/><W111/><G132/><N who="2" m="50761" /><F79/><W6/><G6/><T64/><D64/><U84/><E84/><V33/><F61/><W62/><G62/><T39/><D103/><U47/><REACH who="1" step="1"/><E51/><REACH who="1" ten="230,309,211,240" step="2"/><V19/><F93/><N who="3" m="58703" /><G37/><T45/><D95/><U48/><E48/><V66/><F100/><W106/><G106/><T63/><D39/><U101/><E101/><V56/><F71/><W57/><G86/><T114/><D114/><U76/><E76/><V44/><F68/><W107/><G107/><T65/><D38/><U99/><E99/><V97/><F97/><W128/><G89/><T13/><D83/><U54/><E54/><V43/><F66/><W116/><G116/><T0/><D82/><U118/><E118/><V129/><F43/><W23/><G88/><T10/><D53/><U8/><E8/><V77/><F77/><W42/><G41/><T32/><D0/><U7/><E7/><V9/><F9/><W69/><G42/><T30/><AGARI ba="1,1" hai="10,13,17,26,30,32,45,46,58,63,65" m="46153" machi="30" ten="30,1100,0" yaku="13,1" doraHai="16" who="0" fromWho="0" sc="230,24,309,-6,211,-4,240,-4" /><INIT seed="2,0,0,3,3,15" ten="254,303,207,236" oya="2" hai0="107,105,83,39,90,6,47,64,7,75,29,116,60" hai1="101,5,41,126,73,4,59,120,89,35,58,49,82" hai2="104,103,70,10,134,1,54,0,65,43,30,68,56" hai3="63,115,61,53,98,22,13,113,129,21,131,14,135"/><V33/><F134/><W57/><G98/><T133/><D133/><U76/><E35/><V55/><F43/><W122/><G135/><T123/><D123/><U102/><E120/><V78/><F78/><W80/><G80/><T81/><D116/><U66/><E126/><V46/><F46/><W19/><G122/><T77/><D29/><U48/><E89/><V27/><F55/><W87/><G87/><T92/><D83/><U36/><E36/><V114/><F114/><N who="3" m="43531" /><G61/><T127/><D127/><U18/><E82/><V9/><F0/><W99/><G99/><T95/><D95/><U130/><E41/><V11/><F1/><W84/><G84/><T108/><D47/><U125/><E76/><V50/><REACH who="2" step="1"/><F65/><REACH who="2" ten="254,303,197,236" step="2"/><W119/><G119/><T128/><D77/><U28/><E66/><V62/><F62/><W86/><G63/><T45/><D60/><U32/><E125/><V34/><F34/><W71/><G53/><T72/><D64/><U118/><E32/><V93/><F93/><W67/><G67/><T79/><D92/><U97/><E118/><V85/><F85/><W51/><G86/><T31/><D79/><U124/><E124/><V25/><F25/><W109/><G57/><T17/><D45/><U88/><E58/><V42/><F42/><W117/><G117/><T110/><D75/><U16/><E59/><V44/><F44/><W40/><G40/><T24/><D72/><U26/><E73/><V74/><F74/><W91/><G51/><T23/><D24/><U52/><E26/><V94/><F94/><W2/><G2/><T8/><D39/><RYUUKYOKU ba="0,1" sc="254,-10,303,-10,197,30,236,-10" hai2="9,10,11,27,30,33,50,54,56,68,70,103,104" /><INIT seed="2,1,1,3,2,65" ten="244,293,227,226" oya="2" hai0="14,110,64,102,99,135,29,5,107,33,79,98,61" hai1="1,90,44,51,13,74,119,115,47,83,26,11,105" hai2="59,66,69,50,24,60,22,32,108,41,40,23,52" hai3="30,31,117,77,126,121,93,46,129,118,100,53,92"/><V7/><F108/><W62/><G121/><T76/><D135/><U103/><E115/><V70/><F7/><W43/><G129/><T8/><D99/><U75/><E1/><V89/><F89/><W127/><G77/><T109/><D79/><U104/><E119/><V42/><REACH who="2" step="1"/><F70/><REACH who="2" ten="244,293,217,226" step="2"/><W15/><G117/><T17/><D5/><U82/><E90/><V36/><F36/><W63/><G118/><T86/><D76/><U134/><E134/><V78/><F78/><W106/><G126/><T67/><D86/><U124/><E124/><V91/><F91/><W54/><G127/><T4/><D4/><U97/><E75/><V38/><F38/><W12/><G100/><T2/><D2/><U101/><E74/><V95/><F95/><W116/><G116/><T71/><D67/><U21/><E101/><V68/><F68/><W19/><G106/><T9/><D110/><U6/><E104/><V20/><F20/><W87/><G87/><T88/><D109/><U57/><E83/><V96/><F96/><W37/><G37/><T58/><D88/><U39/><E82/><V80/><F80/><W27/><G92/><T0/><D0/><U125/><E125/><V122/><F122/><W128/><G93/><T45/><D71/><U35/><E39/><V131/><F131/><W132/><G128/><T28/><D8/><U120/><E120/><V18/><F18/><W133/><G19/><T49/><REACH who="0" step="1"/><D33/><REACH who="0" ten="234,293,217,226" step="2"/><U34/><E34/><V56/><F56/><N who="3" m="35095" /><G132/><T123/><D123/><U114/><E35/><V55/><F55/><AGARI ba="1,3" hai="9,14,17,28,29,45,49,55,58,61,64,98,102,107" machi="55" ten="30,7700,0" yaku="1,1,7,1,53,2" doraHai="65" doraHaiUra="25" who="0" fromWho="2" sc="234,110,293,0,217,-80,226,0" /><INIT seed="3,0,0,3,3,108" ten="344,293,137,226" oya="3" hai0="40,6,111,102,9,53,46,106,57,42,37,126,113" hai1="99,80,95,131,79,23,68,17,65,58,7,134,21" hai2="2,100,18,33,94,67,119,62,127,116,15,43,56" hai3="25,133,129,78,38,45,34,35,120,135,49,114,101"/><W76/><G120/><T24/><D111/><U123/><E123/><V83/><F127/><W96/><G38/><T12/><D126/><U20/><E68/><V98/><F2/><W104/><G129/><T122/><D122/><U55/><E134/><N who="3" m="51210" /><G114/><T117/><D117/><U48/><E7/><V47/><F83/><W128/><G128/><T16/><D42/><U54/><E65/><V84/><F84/><W4/><G4/><T44/><D44/><U77/><E131/><V70/><F33/><N who="3" m="12299" /><G25/><T26/><D113/><U130/><E130/><V93/><F93/><W82/><G82/><T124/><D124/><U92/><E92/><V63/><F63/><W31/><G31/><T14/><D6/><U90/><E17/><V105/><F105/><W61/><G61/><T22/><D26/><U118/><E118/><V19/><F70/><W69/><G69/><T109/><D109/><U81/><E81/><V1/><F19/><W112/><G112/><T121/><D121/><U73/><E73/><V27/><F27/><W66/><G66/><T97/><D24/><U28/><E28/><V39/><REACH who="2" step="1"/><F1/><REACH who="2" ten="344,293,127,226" step="2"/><W91/><G91/><T115/><D115/><U29/><E80/><V132/><F132/><W86/><G86/><T85/><D85/><U72/><E29/><V52/><F52/><AGARI ba="0,1" hai="45,49,52,76,78,96,101,104" m="12299,51210" machi="52" ten="30,2900,0" yaku="20,1,54,1" doraHai="108" who="3" fromWho="2" sc="344,0,293,0,127,-29,226,39" /><INIT seed="3,1,0,4,3,75" ten="344,293,98,265" oya="3" hai0="31,36,109,42,12,29,111,88,61,129,108,110,26" hai1="89,45,62,77,97,18,35,24,33,30,106,71,116" hai2="98,59,100,104,47,124,82,51,9,78,99,44,15" hai3="117,86,21,87,4,63,0,37,38,49,130,107,103"/><W102/><G117/><T28/><N who="0" m="27648" /><DORA hai="92" /><T69/><D129/><U114/><E116/><V1/><F124/><W23/><G49/><T127/><D127/><U11/><E114/><V10/><F1/><W27/><G63/><T112/><D112/><U133/><E133/><V60/><F99/><W115/><G27/><T17/><D88/><U135/><E45/><V40/><F15/><W43/><G4/><T123/><D123/><U64/><E77/><V34/><F47/><W134/><G43/><T3/><D3/><U73/><E73/><V16/><F16/><W128/><G0/><T119/><D119/><U91/><E33/><V53/><REACH who="2" step="1"/><F34/><REACH who="2" ten="344,293,88,265" step="2"/><W101/><G115/><T41/><D36/><U121/><E121/><V122/><F122/><W80/><G38/><T20/><D12/><N who="1" m="7455" /><E135/><V70/><F70/><W96/><G37/><T32/><D32/><U66/><E71/><V118/><F118/><W50/><G134/><T68/><D68/><U14/><E14/><V131/><F131/><W105/><G130/><T79/><D69/><U2/><E2/><V5/><F5/><W22/><G128/><T132/><D132/><U90/><E97/><V8/><F8/><W94/><G96/><T52/><D42/><U48/><E35/><V7/><F7/><W113/><G113/><T125/><D41/><U55/><E24/><V65/><F65/><W56/><G23/><T95/><D125/><U93/><E66/><V54/><F54/><N who="3" m="31831" /><G21/><T46/><D46/><U39/><E39/><V57/><F57/><W81/><G22/><N who="0" m="13647" /><D52/><U85/><E55/><V67/><F67/><RYUUKYOKU ba="1,1" sc="344,-10,293,-10,88,30,265,-10" hai2="9,10,40,44,51,53,59,60,78,82,98,100,104" /><INIT seed="4,2,1,2,3,1" ten="334,283,118,255" oya="0" hai0="49,46,20,117,33,16,57,45,55,127,72,47,111" hai1="24,109,50,75,70,53,113,38,30,52,68,59,112" hai2="64,26,65,78,27,96,80,97,131,54,42,10,41" hai3="119,61,34,116,118,43,98,13,21,15,8,108,84"/><T60/><D117/><U105/><E75/><V92/><F131/><W62/><G34/><T31/><D127/><U120/><E105/><V88/><F97/><W107/><G108/><T134/><D134/><U67/><E109/><V17/><F54/><N who="1" m="21097" /><E120/><V35/><F35/><W18/><G43/><T99/><D72/><U56/><E50/><V115/><F115/><N who="1" m="44105" /><E67/><N who="2" m="25675" /><F10/><W71/><G84/><T95/><D111/><U44/><E24/><N who="2" m="9259" /><F17/><W101/><REACH who="3" step="1"/><G71/><REACH who="3" ten="334,283,118,245" step="2"/><N who="1" m="27178" /><E30/><V81/><F78/><W110/><G110/><T69/><D69/><U100/><E100/><V6/><F42/><AGARI ba="2,2" hai="38,42,44,56,59" m="27178,44105,21097" machi="42" ten="40,8000,1" yaku="15,1,11,1,34,2,54,1" doraHai="1" who="1" fromWho="2" sc="334,0,283,106,118,-86,245,0" /><INIT seed="5,0,0,4,3,130" ten="334,389,32,245" oya="1" hai0="118,109,86,66,64,96,126,17,56,85,49,104,62" hai1="100,51,22,97,76,94,35,19,30,92,15,103,28" hai2="122,69,112,84,131,99,102,37,110,52,40,4,2" hai3="89,106,133,124,50,31,95,46,78,43,6,5,65"/><U70/><E70/><V47/><F122/><W120/><G106/><T12/><D109/><U13/><E76/><V63/><F110/><W91/><G120/><T39/><D118/><U29/><E35/><V98/><F131/><W67/><G124/><T3/><D3/><U14/><E51/><V45/><F112/><W8/><G31/><T114/><D39/><U80/><E80/><V53/><F2/><W105/><G105/><T73/><D73/><U60/><E60/><V0/><F84/><W121/><G6/><T107/><D107/><U58/><E58/><V77/><F77/><W72/><G89/><T48/><D114/><U75/><E75/><V71/><F71/><W134/><G78/><T101/><D126/><U41/><E41/><V1/><F4/><W115/><G72/><T111/><D111/><U11/><E11/><V26/><F26/><W129/><G129/><T88/><D66/><U127/><E127/><V93/><F99/><AGARI ba="0,0" hai="13,14,15,19,22,28,29,30,92,94,97,99,100,103" machi="99" ten="40,3900,0" yaku="9,1,8,1" doraHai="130" who="1" fromWho="2" sc="334,0,389,39,32,-39,245,0" owari="334,13.0,428,53.0,-7,-51.0,245,-15.0" /></mjloggm>