<mjloggm ver="2.3"><GO type="225" lobby="0"/><UN n0="%72%69%6F%75%63%68%61%6E" n1="%E2%98%85%E3%83%9F%E3%83%BC%E3%82%B3%E2%98%85" n2="%E8%83%83%E3%81%A8%E8%85%B8" n3="%E7%B6%BE%E9%87%8E%E7%8F%AA%E5%AD%90" dan="17,17,18,16" rate="2147.09,2227.31,2242.45,2195.04" sx="M,F,M,F"/><TAIKYOKU oya="0"/><INIT seed="0,0,0,1,1,21" ten="250,250,250,250" oya="0" hai0="29,122,86,71,4,124,57,56,132,19,14,35,28" hai1="70,65,105,98,117,24,26,80,97,42,49,111,62" hai2="87,78,46,88,119,63,68,2,48,82,7,10,115" hai3="64,129,23,34,123,33,99,108,84,61,30,103,74"/><T36/><D122/><U6/><E117/><V90/><F115/><W135/><G74/><T126/><D36/><U3/><E111/><V92/><F119/><W58/><G108/><T37/><D37/><U11/><E80/><V38/><F38/><W5/><G135/><T125/><D132/><U22/><E105/><V69/><F63/><W72/><G72/><T109/><D71/><U106/><E106/><V131/><F131/><W96/><G129/><T114/><D109/><U47/><REACH who="1" step="1"/><E26/><REACH who="1" ten="250,240,250,250" step="2"/><V100/><F100/><W51/><G103/><T85/><D114/><U112/><E112/><V44/><F90/><W120/><G120/><T83/><D83/><U104/><E104/><V25/><F25/><W0/><G123/><T93/><D93/><U73/><E73/><V20/><F88/><W81/><G81/><T52/><D126/><U127/><E127/><V95/><F95/><W16/><G84/><T12/><D124/><U113/><E113/><V134/><F134/><W79/><G99/><T9/><D125/><U55/><E55/><V107/><F107/><W31/><G96/><T27/><D52/><U121/><E121/><V76/><F92/><W133/><G133/><T91/><D91/><U75/><E75/><V59/><F76/><W102/><G79/><T101/><D101/><U110/><E110/><V89/><F78/><W53/><G102/><T32/><D86/><U17/><AGARI ba="0,1" hai="3,6,11,17,22,24,42,47,49,62,65,70,97,98" machi="17" ten="20,8000,1" yaku="1,1,0,1,7,1,52,1,53,1" doraHai="21" doraHaiUra="43" who="1" fromWho="1" sc="250,-40,240,90,250,-20,250,-20" /><INIT seed="1,0,0,4,4,119" ten="210,330,230,230" oya="1" hai0="110,113,51,89,48,63,39,117,0,103,78,66,60" hai1="59,67,85,83,127,74,2,11,27,5,99,91,112" hai2="15,9,16,96,108,24,80,4,20,29,44,101,81" hai3="102,46,10,105,95,69,1,115,90,45,135,52,126"/><U18/><E112/><V28/><F108/><W49/><G115/><T79/><D113/><U43/><E127/><V32/><F44/><W8/><G69/><T56/><D117/><U128/><E128/><V62/><F62/><W114/><G114/><T30/><D110/><U55/><E43/><V86/><F86/><W53/><G126/><T65/><D39/><U98/><E67/><V21/><F21/><W125/><G125/><T132/><D0/><U25/><E74/><V76/><F76/><W13/><G135/><T88/><D103/><U94/><E18/><V54/><F54/><W17/><G105/><T116/><D116/><U57/><E57/><V40/><F40/><W58/><G102/><T31/><REACH who="0" step="1"/><D56/><REACH who="0" ten="200,330,230,230" step="2"/><U133/><E133/><AGARI ba="0,1" hai="30,31,48,51,60,63,65,66,78,79,88,89,132,133" machi="133" ten="25,8000,1" yaku="1,1,2,1,22,2,54,1,53,0" doraHai="119" doraHaiUra="71" who="0" fromWho="1" sc="200,90,330,-80,230,0,230,0" /><INIT seed="2,0,0,3,4,110" ten="290,250,230,230" oya="2" hai0="100,31,49,67,3,11,4,96,75,94,7,111,18" hai1="77,13,21,56,105,88,24,60,51,23,90,73,28" hai2="135,26,132,44,0,79,29,106,59,15,72,104,74" hai3="84,133,95,53,86,117,9,42,1,69,81,46,102"/><V40/><F0/><W128/><G117/><T108/><D75/><N who="2" m="28714" /><F15/><W41/><G69/><T91/><D31/><U50/><E105/><V78/><F59/><W120/><G120/><T8/><D67/><U129/><E129/><V16/><F29/><W121/><G128/><T101/><D18/><N who="1" m="10447" /><E77/><N who="2" m="29195" /><F44/><W126/><G121/><T98/><D49/><N who="1" m="18443" /><E73/><V109/><F40/><W6/><G46/><T119/><D119/><U70/><E70/><V131/><F131/><W32/><G32/><T87/><D98/><U83/><E83/><V52/><F52/><AGARI ba="0,0" hai="23,24,28,52,56,60,88,90" m="18443,10447" machi="52" ten="30,3900,0" yaku="8,1,54,2" doraHai="110" who="1" fromWho="2" sc="290,0,250,39,230,-39,230,0" /><INIT seed="3,0,0,4,2,120" ten="290,289,191,230" oya="3" hai0="133,30,83,55,129,118,75,6,107,72,40,81,68" hai1="33,32,2,98,73,124,3,42,61,52,15,66,86" hai2="89,100,74,79,114,39,8,130,25,29,19,96,63" hai3="110,9,17,78,125,131,126,5,102,111,109,113,108"/><W47/><G131/><T18/><D118/><U105/><E73/><V38/><F114/><W20/><G113/><T80/><D68/><U67/><E124/><N who="3" m="47722" /><G102/><T97/><D30/><U93/><E105/><V28/><F130/><W70/><G70/><T7/><D129/><U60/><E3/><V76/><F89/><W21/><G109/><T64/><D133/><U134/><E2/><V56/><F38/><W69/><G69/><T0/><D64/><N who="1" m="24619" /><E33/><V44/><F74/><W53/><G78/><T88/><D72/><U37/><E32/><V22/><F76/><W121/><G121/><T11/><D75/><U4/><E37/><V26/><F79/><W127/><G127/><T122/><D122/><U41/><E86/><V1/><F39/><W16/><G53/><T58/><D40/><N who="1" m="15467" /><E52/><N who="2" m="34183" /><F1/><N who="3" m="175" /><G47/><T123/><D123/><U24/><E134/><V87/><F44/><W54/><G54/><T43/><D43/><U13/><E4/><N who="0" m="1577" /><D0/><U62/><E24/><V14/><F87/><W116/><G116/><T50/><D107/><U27/><E27/><N who="2" m="10251" /><F8/><W34/><G34/><T59/><D59/><U49/><E49/><V45/><F45/><W51/><G51/><T84/><D97/><U12/><E61/><V23/><F23/><AGARI ba="0,0" hai="16,17,20,21,23,108,110,111" m="175,47722" machi="23" ten="40,24000,3" yaku="14,1,10,1,18,1,34,2,52,3,54,1" doraHai="120" who="3" fromWho="2" sc="290,0,289,0,191,-240,230,240" owari="290,9.0,289,-11.0,-49,-55.0,470,57.0" /></mjloggm>