<mjloggm ver="2.3"><GO type="169" lobby="0"/><UN n0="%42%72%42%61" n1="%28%3B%E3%83%BB%E2%88%80%E3%83%BB%29" n2="%62%75%72%65%61%36" n3="%E6%AD%8C%E8%88%9E%E4%BC%8E%E5%90%9B" dan="16,16,16,16" rate="2129.64,2175.16,2143.45,2111.96" sx="M,M,M,M"/><TAIKYOKU oya="0"/><INIT seed="0,0,0,4,0,81" ten="250,250,250,250" oya="0" hai0="44,70,125,31,6,77,75,61,113,34,129,36,92" hai1="8,119,51,131,40,62,80,88,53,112,13,66,118" hai2="30,128,110,76,54,64,10,37,73,108,95,91,39" hai3="130,23,60,43,38,105,16,9,33,18,58,1,14"/><T59/><D113/><U122/><E122/><V124/><F124/><W85/><G33/><T120/><D125/><U71/><E112/><V132/><F132/><W83/><G105/><T48/><D120/><U116/><E40/><V101/><F101/><W22/><G130/><T69/><D129/><U0/><E0/><V109/><F128/><W99/><G38/><T49/><D36/><U100/><E100/><V55/><F64/><W133/><G133/><T93/><D6/><U135/><E135/><V19/><F30/><W94/><G43/><T29/><D75/><U7/><E131/><V127/><F127/><W56/><G1/><T84/><D92/><U104/><E104/><V45/><F76/><N who="3" m="46311" /><G18/><T68/><D34/><U20/><E20/><N who="3" m="7722" /><G60/><T3/><D3/><U41/><E41/><N who="2" m="22703" /><F73/><W72/><G72/><T123/><D123/><U114/><E114/><V17/><F39/><W87/><G99/><T126/><D126/><U111/><E111/><V25/><F25/><W27/><G27/><T65/><D44/><U11/><E11/><V90/><F19/><W103/><G103/><T74/><D74/><U115/><E115/><V52/><F95/><W63/><G63/><T106/><D106/><U98/><E98/><V57/><F57/><W67/><G67/><T47/><D93/><U97/><E97/><V12/><AGARI ba="0,0" hai="10,12,17,52,54,55,90,91,108,109,110" m="22703" machi="12" ten="40,2700,0" yaku="14,1,54,1" doraHai="81" who="2" fromWho="2" sc="250,-13,250,-7,250,27,250,-7" /><INIT seed="1,0,0,3,3,32" ten="237,243,277,243" oya="1" hai0="115,65,41,127,120,74,98,119,122,117,129,14,112" hai1="87,118,42,63,26,33,24,90,111,68,37,48,54" hai2="100,80,70,110,71,19,10,97,69,55,114,16,38" hai3="43,86,121,36,17,113,123,39,35,30,75,62,3"/><U20/><E118/><N who="0" m="45065" /><D14/><U76/><E33/><V85/><F110/><W124/><G75/><T25/><D25/><U27/><E76/><V126/><F126/><W134/><G17/><T0/><D74/><U6/><E111/><V46/><F114/><N who="0" m="43562" /><D98/><U18/><E37/><V61/><F38/><W99/><G113/><T106/><D106/><U34/><E42/><V94/><F10/><W107/><G99/><T52/><D41/><U108/><E108/><V4/><F4/><W78/><G107/><T29/><D29/><U89/><E34/><V28/><F28/><W66/><G30/><T12/><D12/><U44/><E6/><V22/><F22/><W95/><G35/><T72/><D72/><U81/><REACH who="1" step="1"/><E89/><REACH who="1" ten="237,233,277,243" step="2"/><V105/><F105/><W64/><G78/><T135/><D127/><U73/><E73/><V15/><F100/><W101/><G43/><T56/><D122/><U57/><E57/><V79/><F79/><W96/><G124/><T50/><D120/><U128/><E128/><V13/><F71/><N who="3" m="42391" /><G123/><T2/><D129/><U58/><E58/><V8/><F70/><W51/><G121/><T93/><D56/><U60/><E60/><V31/><F69/><W53/><G101/><T59/><D59/><U104/><E104/><V91/><F61/><W21/><G36/><T7/><D7/><U45/><E45/><V83/><F46/><W1/><G39/><T5/><D5/><U131/><E131/><V103/><F103/><W132/><G134/><T92/><D135/><U125/><E125/><V130/><F130/><W23/><G132/><T9/><D65/><AGARI ba="0,1" hai="18,20,24,26,27,44,48,54,63,65,68,81,87,90" machi="65" ten="40,7700,0" yaku="1,1,6,1,53,1" doraHai="32" doraHaiUra="67" who="1" fromWho="0" sc="237,-77,233,87,277,0,243,0" /><INIT seed="1,1,0,1,4,6" ten="160,320,277,243" oya="1" hai0="43,102,37,67,53,25,28,66,78,77,92,88,42" hai1="117,130,62,105,107,106,118,82,70,131,13,17,115" hai2="80,76,101,95,110,46,23,27,33,73,85,113,64" hai3="129,98,114,104,60,4,128,134,40,133,12,54,79"/><U126/><E115/><V36/><F110/><W97/><G114/><T116/><D116/><U31/><E31/><V86/><F113/><W22/><G40/><T119/><D119/><U34/><E34/><V121/><F121/><W69/><G79/><T103/><D53/><U132/><E82/><V57/><F33/><W52/><G69/><T93/><D37/><U74/><E74/><V38/><F46/><W83/><G83/><T55/><D55/><N who="3" m="21033" /><G60/><T3/><D3/><U90/><E90/><V94/><F38/><W50/><G50/><T41/><D28/><U75/><E75/><V35/><F36/><W11/><G22/><T26/><D43/><U59/><E59/><V16/><F35/><W1/><G1/><T99/><REACH who="0" step="1"/><D88/><REACH who="0" ten="150,320,277,243" step="2"/><U72/><E118/><V29/><F29/><W45/><G45/><T9/><D9/><N who="1" m="6319" /><E117/><V20/><F64/><W125/><G98/><AGARI ba="1,1" hai="25,26,41,42,66,67,77,78,92,93,98,99,102,103" machi="98" ten="25,6400,0" yaku="1,1,22,2,8,1,53,0" doraHai="6" doraHaiUra="65" who="0" fromWho="3" sc="150,77,320,0,277,0,243,-67" /><INIT seed="2,0,0,1,5,55" ten="227,320,277,176" oya="2" hai0="100,93,115,71,0,120,15,64,103,8,7,118,95" hai1="94,99,45,16,25,24,88,66,33,2,44,6,52" hai2="14,34,122,130,53,37,9,18,123,43,70,98,17" hai3="111,79,49,82,96,108,92,13,73,112,119,128,50"/><V5/><F130/><W68/><G119/><T74/><D115/><U121/><E121/><V31/><F70/><W116/><G116/><T61/><D120/><N who="2" m="46122" /><F53/><W106/><G128/><T29/><D118/><U86/><E33/><V42/><F98/><W105/><G68/><T117/><D117/><U87/><E2/><N who="2" m="183" /><F43/><W39/><G39/><T65/><D29/><U48/><E6/><V47/><F47/><W133/><G13/><T69/><D74/><U114/><E114/><V35/><F42/><W58/><G112/><T132/><D0/><U41/><E66/><V89/><F89/><W28/><G28/><T134/><D15/><U77/><E77/><V56/><F56/><W127/><G106/><T4/><D8/><U104/><E104/><V107/><F107/><W97/><G105/><T26/><D26/><U101/><E101/><V113/><F37/><W36/><G97/><T91/><D61/><U76/><E76/><V32/><F113/><W109/><G36/><T54/><D54/><U81/><E81/><V30/><F18/><W12/><G50/><T83/><D83/><U75/><E75/><V90/><F90/><AGARI ba="0,0" hai="4,7,64,65,69,71,90,91,93,95,100,103,132,134" machi="90" ten="25,1600,0" yaku="22,2" doraHai="55" who="0" fromWho="2" sc="227,16,320,0,277,-16,176,0" /><INIT seed="3,0,0,1,2,51" ten="243,320,261,176" oya="3" hai0="54,6,16,29,34,5,70,106,104,52,105,101,75" hai1="21,92,30,65,87,81,56,37,108,76,58,103,77" hai2="55,60,19,71,8,64,40,102,114,109,62,83,80" hai3="50,46,116,26,28,45,13,36,84,117,100,129,112"/><W32/><G112/><T20/><D75/><U41/><E108/><V79/><F109/><W53/><G129/><T121/><D70/><U88/><E37/><V78/><F114/><W134/><G134/><T74/><D74/><U9/><E41/><V82/><F40/><W85/><G100/><T135/><D121/><U107/><E107/><V43/><F43/><W31/><G36/><T73/><D73/><U7/><E9/><V35/><F35/><W133/><G133/><T97/><D135/><U99/><E56/><V15/><F102/><W93/><G31/><T131/><D131/><U115/><E7/><V23/><F62/><W130/><G130/><T89/><D89/><U91/><E77/><V38/><F38/><W123/><G123/><T125/><D29/><U10/><E10/><V122/><F122/><W18/><G46/><T25/><D34/><U4/><E4/><V49/><REACH who="2" step="1"/><F8/><REACH who="2" ten="243,320,251,176" step="2"/><W27/><G27/><T111/><D111/><U3/><E115/><V86/><F86/><W33/><G33/><T2/><D125/><U48/><E3/><V126/><F126/><W68/><G68/><T113/><D113/><U39/><E39/><V124/><F124/><W57/><G85/><T44/><D2/><U118/><E118/><V0/><F0/><W47/><G117/><T12/><D101/><U14/><E103/><V98/><F98/><W67/><G116/><T59/><D97/><U132/><E132/><V120/><F120/><W42/><G42/><T63/><D12/><U127/><E127/><V66/><F66/><W96/><G67/><T22/><D22/><RYUUKYOKU ba="0,1" sc="243,15,320,-15,251,15,176,-15" hai0="5,6,16,20,25,44,52,54,59,63,104,105,106" hai2="15,19,23,49,55,60,64,71,78,79,80,82,83" /><INIT seed="4,1,1,3,4,21" ten="258,305,266,161" oya="0" hai0="12,4,14,134,67,116,52,126,32,97,115,118,59" hai1="20,10,95,109,89,6,96,114,56,113,91,110,23" hai2="77,99,123,34,62,63,58,17,15,70,28,122,22" hai3="33,111,90,35,104,60,121,3,5,31,2,100,16"/><T25/><D115/><N who="1" m="44043" /><E56/><V112/><F112/><W86/><G111/><N who="1" m="42506" /><E91/><V85/><F70/><W66/><G121/><T42/><D134/><U128/><E128/><V18/><F34/><W68/><G5/><T125/><D67/><U76/><E76/><V119/><F119/><W92/><G16/><N who="2" m="6249" /><F122/><W45/><G35/><T0/><D42/><U105/><E105/><V101/><F123/><W37/><G45/><T30/><D97/><U124/><E124/><N who="0" m="47721" /><D0/><AGARI ba="1,1" hai="0,6,10,20,23,89,95,96" m="42506,44043" machi="0" ten="30,2000,0" yaku="15,1,11,1" doraHai="21" who="1" fromWho="0" sc="258,-23,305,33,266,0,161,0" /><INIT seed="5,0,0,1,1,102" ten="235,338,266,161" oya="1" hai0="82,27,129,109,106,33,11,110,38,125,103,120,101" hai1="21,35,124,76,60,61,95,67,46,119,118,91,116" hai2="50,30,66,85,43,65,53,94,80,58,59,131,97" hai3="87,40,44,9,20,34,121,104,14,17,12,39,15"/><U98/><E35/><V69/><F131/><W112/><G34/><T3/><D129/><U73/><E124/><V49/><F69/><W29/><G121/><T63/><D125/><U127/><E127/><V6/><F30/><W134/><G134/><T105/><D120/><U41/><E41/><V115/><F6/><W8/><G112/><T83/><D38/><U23/><E46/><N who="2" m="25823" /><F115/><W99/><G29/><T81/><D63/><U22/><REACH who="1" step="1"/><E67/><REACH who="1" ten="235,328,266,161" step="2"/><V48/><F66/><W128/><G128/><T13/><D109/><U123/><E123/><V122/><F65/><W113/><G113/><T1/><D110/><U86/><E86/><V25/><F122/><W42/><G40/><T108/><D108/><U133/><E133/><V71/><F85/><W10/><G87/><T68/><D33/><U135/><E135/><V64/><F64/><W2/><G2/><T5/><D1/><U62/><E62/><V57/><F71/><W26/><G99/><T72/><D68/><U130/><E130/><V111/><F97/><W90/><G44/><T52/><D3/><U70/><E70/><V24/><F111/><W16/><G42/><T19/><D52/><U55/><E55/><V100/><F53/><W54/><G54/><T28/><D72/><U79/><E79/><V114/><F114/><W88/><G39/><T92/><D5/><U89/><E89/><V45/><F45/><W32/><G90/><T37/><D37/><U107/><E107/><V4/><F50/><W0/><G104/><T47/><D47/><U36/><E36/><V56/><F48/><W117/><G32/><RYUUKYOKU ba="0,1" sc="235,-10,328,30,266,-10,161,-10" hai1="21,22,23,60,61,73,76,91,95,98,116,118,119" /><INIT seed="5,1,1,4,5,115" ten="225,358,256,151" oya="1" hai0="52,89,18,133,132,17,99,45,3,28,58,4,134" hai1="13,48,80,124,100,128,0,50,135,107,35,91,46" hai2="10,114,19,116,123,6,74,24,113,127,43,2,76" hai3="51,109,121,69,20,67,33,14,92,61,9,53,5"/><U56/><E0/><V60/><F123/><W30/><G109/><T97/><D28/><U78/><E35/><V40/><F74/><W16/><G121/><T126/><D126/><U54/><E124/><V83/><F127/><W7/><G33/><T117/><D45/><U38/><E38/><V75/><F116/><W85/><G30/><T90/><D117/><U22/><E128/><V87/><F75/><W94/><G5/><T79/><D79/><U31/><E135/><V112/><F60/><W11/><G9/><N who="0" m="2207" /><D99/><U108/><E108/><V21/><AGARI ba="1,1" hai="2,6,10,19,21,24,40,43,76,83,87,112,113,114" machi="21" ten="40,5200,0" yaku="0,1,15,1,11,1" doraHai="115" who="2" fromWho="2" sc="225,-14,358,-27,256,65,151,-14" /><INIT seed="6,0,0,3,2,29" ten="211,331,321,137" oya="2" hai0="76,114,128,107,31,35,25,30,8,115,55,70,50" hai1="112,100,75,116,125,38,102,66,72,103,44,13,63" hai2="84,93,33,9,2,95,132,23,17,79,135,64,98" hai3="0,21,58,111,46,86,130,24,80,129,27,119,83"/><V85/><F64/><W40/><G119/><T78/><D128/><U124/><E116/><V19/><F33/><W57/><G0/><T91/><D70/><U94/><E94/><V81/><F85/><W109/><G46/><T133/><D133/><N who="2" m="51274" /><F95/><W5/><G21/><T104/><D31/><U16/><E44/><V12/><F2/><W59/><G5/><T22/><D22/><U67/><E38/><V96/><F93/><W20/><G20/><T41/><D41/><U1/><E1/><V108/><F108/><N who="3" m="41547" /><G86/><T89/><D8/><N who="1" m="6183" /><E66/><V117/><F117/><W18/><G40/><T68/><D68/><N who="1" m="42111" /><E112/><N who="0" m="43049" /><D78/><U120/><E120/><V113/><F113/><W92/><G18/><T106/><D76/><U3/><E3/><V65/><F65/><W60/><G92/><T69/><D69/><U73/><E73/><V74/><F74/><W36/><G36/><T61/><D61/><U28/><E28/><V97/><F97/><W77/><G77/><T56/><AGARI ba="0,0" hai="25,30,35,50,55,56,89,91,104,106,107" m="43049" machi="56" ten="40,2700,0" yaku="15,1,52,1" doraHai="29" who="0" fromWho="0" sc="211,27,331,-7,321,-13,137,-7" /><INIT seed="7,0,0,0,4,50" ten="238,324,308,130" oya="3" hai0="15,33,129,61,24,65,53,35,25,82,68,63,85" hai1="121,128,103,97,56,87,60,126,78,76,20,69,3" hai2="16,8,131,23,10,127,54,37,132,107,49,96,51" hai3="27,98,74,70,118,52,62,77,29,73,57,2,18"/><W12/><G118/><T135/><D135/><U91/><E121/><V117/><F117/><W79/><G2/><T1/><D1/><U123/><E123/><V44/><F132/><W102/><G70/><T22/><D129/><U47/><E3/><V6/><F131/><W84/><G74/><T42/><D42/><U105/><E128/><V99/><F107/><W59/><G73/><T34/><D15/><U75/><E69/><V122/><F37/><W93/><G84/><T119/><D119/><U46/><E20/><V45/><F127/><W124/><G124/><T104/><D104/><U86/><E86/><V133/><F122/><W109/><G109/><T36/><D36/><U26/><E26/><N who="2" m="14695" /><F133/><W110/><G110/><T0/><D0/><U5/><E5/><V120/><F120/><W111/><G111/><T21/><D21/><U115/><E115/><V134/><F134/><W31/><G59/><T4/><D4/><U43/><E126/><V94/><F6/><W17/><G17/><T13/><D13/><U55/><E75/><V83/><F83/><W106/><G106/><T80/><D80/><U71/><E71/><V108/><F108/><W112/><G112/><T130/><D22/><U67/><E67/><V81/><F81/><W66/><G66/><T41/><D41/><U28/><E28/><N who="3" m="10826" /><G27/><T40/><D40/><U64/><E64/><V14/><F14/><W9/><AGARI ba="0,0" hai="9,12,18,52,57,62,77,79,93,98,102" m="10826" machi="9" ten="30,6000,0" yaku="8,1,52,1,54,1" doraHai="50" who="3" fromWho="3" sc="238,-20,324,-20,308,-20,130,60" /><INIT seed="7,1,0,5,5,47" ten="218,304,288,190" oya="3" hai0="22,81,89,74,51,73,50,40,35,122,43,98,72" hai1="8,107,125,99,18,79,17,116,92,100,121,16,102" hai2="120,52,10,3,60,71,63,85,12,68,56,25,97" hai3="96,109,30,118,41,111,4,90,124,95,123,26,13"/><W84/><G123/><T128/><D122/><U64/><E125/><V94/><F120/><W88/><G118/><T135/><D35/><U113/><E116/><V93/><F3/><W1/><G124/><T9/><D9/><U54/><E113/><V48/><F71/><W57/><G41/><N who="0" m="15947" /><D22/><U105/><E64/><V2/><F2/><W67/><G1/><T129/><D135/><U32/><E32/><V112/><F112/><W45/><G45/><T108/><D108/><N who="3" m="41545" /><G57/><T86/><D98/><U59/><E121/><V69/><F69/><W24/><G67/><T134/><D134/><U5/><E79/><V77/><F68/><W131/><G131/><AGARI ba="1,0" hai="50,51,72,73,74,81,86,89,128,129,131" m="15947" machi="131" ten="40,5200,0" yaku="19,1,52,2" doraHai="47" who="0" fromWho="3" sc="218,55,304,0,288,0,190,-55" owari="273,-13.0,304,40.0,288,9.0,135,-36.0" /></mjloggm>