<mjloggm ver="2.3"><GO type="169" lobby="0"/><UN n0="%28%3B%E3%83%BB%E2%88%80%E3%83%BB%29" n1="%4C%69%53%41" n2="%62%75%72%65%61%36" n3="%E3%81%8B%E3%82%8A%E3%82%93%E3%81%95%E3%82%93" dan="16,16,16,18" rate="2181.16,2177.06,2141.25,2220.67" sx="M,F,M,M"/><TAIKYOKU oya="0"/><INIT seed="0,0,0,3,3,11" ten="250,250,250,250" oya="0" hai0="38,108,121,130,7,135,76,22,120,50,68,69,39" hai1="45,86,3,124,122,79,105,64,49,90,125,54,34" hai2="0,111,116,66,60,99,29,101,16,70,85,44,75" hai3="37,109,9,127,102,96,10,18,51,35,72,65,4"/><T126/><D76/><U21/><E34/><V97/><F111/><W132/><G37/><N who="0" m="13835" /><D7/><U31/><E122/><N who="0" m="47209" /><D22/><U62/><E105/><V57/><F116/><W92/><G109/><T95/><D95/><U53/><E3/><V123/><F123/><W46/><G35/><T91/><D91/><U107/><E107/><V5/><F75/><W8/><G72/><T19/><D19/><U73/><E54/><V6/><F70/><N who="0" m="27242" /><D108/><U67/><E79/><V30/><F0/><W131/><G4/><T83/><D83/><U80/><E73/><V40/><F85/><W93/><G93/><T1/><D1/><U112/><E31/><V47/><F16/><W74/><G74/><T98/><D98/><U104/><E104/><V55/><F30/><W42/><G127/><T41/><D126/><U94/><E94/><V71/><F29/><W26/><G26/><T36/><N who="0" m="13843" /><T84/><DORA hai="52" /><D84/><U134/><E86/><V129/><F97/><W100/><G18/><T43/><D135/><U88/><E134/><V78/><F78/><W128/><G132/><T81/><D81/><U118/><E80/><V119/><F99/><W87/><G87/><T12/><D12/><U27/><E27/><V82/><F82/><W59/><REACH who="3" step="1"/><G102/><REACH who="3" ten="250,250,250,240" step="2"/><T14/><D130/><U117/><E124/><V77/><F129/><W17/><G17/><T113/><D113/><U33/><E112/><V56/><F101/><W110/><G110/><T89/><D89/><U15/><E125/><V20/><F6/><W32/><G32/><T103/><D103/><U13/><E33/><V2/><F5/><RYUUKYOKU ba="0,1" sc="250,-10,250,-10,250,-10,240,30" hai3="8,9,10,42,46,51,59,65,92,96,100,128,131" /><INIT seed="1,1,1,4,1,10" ten="240,240,240,270" oya="1" hai0="44,22,59,110,66,70,113,104,37,80,65,130,25" hai1="115,60,43,15,127,97,34,83,72,21,3,24,52" hai2="74,26,7,123,135,76,58,40,51,48,31,105,132" hai3="68,47,89,23,99,126,46,134,85,17,33,129,56"/><U84/><E115/><V82/><F123/><W9/><G68/><T41/><D113/><U12/><E72/><V78/><F105/><W95/><G33/><T35/><D35/><U1/><E34/><V55/><F7/><W11/><G129/><T5/><D104/><U14/><E127/><V119/><F119/><W88/><G126/><T19/><D130/><U91/><E43/><V16/><F78/><W111/><G111/><T32/><D110/><U54/><E60/><V29/><F40/><W50/><G134/><N who="2" m="51241" /><F51/><W125/><G125/><T79/><D70/><U57/><E97/><V38/><F38/><W6/><G56/><T61/><D5/><U71/><E71/><V69/><F69/><W73/><G73/><T0/><D0/><U20/><E20/><AGARI ba="1,1" hai="16,20,26,29,31,48,55,58,74,76,82" m="51241" machi="20" ten="30,2000,0" yaku="20,1,54,1" doraHai="10" who="2" fromWho="1" sc="240,0,240,-23,240,33,270,0" /><INIT seed="2,0,0,1,2,43" ten="240,217,273,270" oya="2" hai0="121,38,82,35,96,56,105,31,23,7,52,81,62" hai1="55,124,26,16,1,115,97,112,44,0,4,133,94" hai2="11,9,120,126,77,89,130,13,3,48,25,93,47" hai3="88,39,132,65,134,33,87,95,86,76,8,102,113"/><V125/><F120/><W84/><G33/><T34/><D121/><U66/><E124/><V46/><F130/><W21/><G39/><T42/><D7/><U73/><E73/><V108/><F77/><W129/><G65/><T41/><D41/><U67/><E133/><N who="3" m="51306" /><G129/><T127/><D23/><N who="1" m="13671" /><E0/><V49/><F108/><W72/><G21/><T37/><D127/><N who="2" m="48650" /><F3/><W98/><G8/><T101/><D38/><U20/><E1/><V100/><F100/><W75/><G113/><T14/><D14/><U29/><E4/><V90/><F25/><W122/><G122/><T57/><D31/><U30/><E112/><V24/><F24/><W71/><G71/><T32/><REACH who="0" step="1"/><D57/><REACH who="0" ten="230,217,273,270" step="2"/><U59/><E59/><V6/><F11/><W118/><G118/><T40/><D40/><U5/><E5/><V36/><F36/><W2/><G2/><T18/><D18/><U116/><E116/><V22/><F22/><W12/><G12/><T104/><D104/><U99/><E115/><V68/><F68/><W78/><G75/><T74/><D74/><U128/><E128/><V111/><F111/><W114/><G114/><T10/><D10/><U63/><E20/><V107/><F107/><N who="3" m="63959" /><G72/><T54/><D54/><U85/><E29/><V117/><F117/><W92/><G92/><T80/><D80/><U19/><E30/><V119/><F119/><W91/><G95/><T17/><D17/><U58/><E19/><V131/><F131/><W109/><G109/><T64/><D64/><U15/><E15/><V79/><F79/><AGARI ba="0,1" hai="76,78,79,84,86,87,88,91" m="63959,51306" machi="79" ten="30,7700,0" yaku="20,1,34,2,54,1" doraHai="43" who="3" fromWho="2" sc="230,0,217,0,273,-77,270,87" /><INIT seed="3,0,0,1,4,82" ten="230,217,196,357" oya="3" hai0="75,124,80,127,0,61,63,1,12,22,27,87,8" hai1="85,36,56,105,112,130,120,98,125,57,111,99,110" hai2="132,49,68,117,72,20,104,62,119,128,95,19,32" hai3="86,28,48,16,116,109,102,33,38,126,65,131,134"/><W88/><G116/><T115/><D75/><U9/><E120/><V58/><F104/><W100/><G38/><T6/><D115/><U107/><E36/><V97/><F72/><W90/><G134/><T51/><D51/><U42/><E9/><V44/><F32/><W83/><G126/><N who="0" m="48171" /><D63/><U94/><E125/><V78/><F78/><W66/><G131/><T37/><D61/><U55/><E42/><V26/><F68/><W29/><G109/><T121/><D37/><U40/><E40/><V123/><F128/><W4/><G4/><T135/><D121/><U79/><E130/><V54/><F132/><W108/><G33/><T45/><D45/><U43/><E43/><V18/><F123/><W129/><G129/><T30/><D135/><U25/><E25/><V113/><F113/><W14/><G48/><T76/><AGARI ba="0,0" hai="0,1,6,8,12,22,27,30,76,80,87" m="48171" machi="76" ten="30,2000,0" yaku="18,1,52,1" doraHai="82" who="0" fromWho="0" sc="230,20,217,-5,196,-5,357,-10" /><INIT seed="4,0,0,4,2,4" ten="250,212,191,347" oya="0" hai0="72,17,133,63,92,86,83,53,41,97,107,27,39" hai1="30,68,98,38,54,131,128,10,75,46,55,90,129" hai2="29,85,31,104,52,117,60,43,122,114,15,111,132" hai3="36,110,51,12,102,62,130,14,40,121,76,65,8"/><T126/><D107/><U113/><E75/><V115/><F111/><W33/><G110/><T47/><D72/><U134/><E68/><V48/><F122/><W59/><G121/><T69/><D126/><U109/><E109/><V70/><F104/><W81/><G33/><T26/><D133/><U88/><E134/><V100/><F100/><W3/><G130/><T37/><D37/><U35/><E113/><N who="2" m="43019" /><F43/><W135/><G135/><T6/><D6/><U56/><E30/><V50/><F50/><W32/><G32/><T11/><D69/><U24/><E38/><V20/><F85/><N who="3" m="48295" /><G3/><T16/><D17/><U66/><E46/><N who="2" m="27671" /><F132/><W2/><G36/><T103/><D53/><U78/><E66/><N who="2" m="41287" /><F117/><W125/><G102/><T13/><REACH who="0" step="1"/><D63/><REACH who="0" ten="240,212,191,347" step="2"/><U105/><E129/><V21/><F15/><W87/><G12/><T0/><D0/><U77/><E128/><V57/><F57/><W94/><G2/><T74/><D74/><U112/><E56/><V108/><F108/><W116/><G14/><T5/><D5/><U84/><E131/><V1/><F1/><W61/><G59/><T19/><D19/><U45/><E112/><V71/><F71/><W124/><G62/><T101/><D101/><U120/><E105/><V73/><F73/><W106/><G61/><T99/><D99/><U34/><E98/><V127/><F127/><W28/><G106/><T64/><D64/><U119/><E55/><V79/><F31/><W123/><G28/><T82/><D82/><U95/><E54/><V118/><F29/><W23/><G124/><T89/><AGARI ba="0,1" hai="11,13,16,26,27,39,41,47,83,86,89,92,97,103" machi="89" ten="20,12000,1" yaku="1,1,0,1,7,1,52,1,54,1,53,0" doraHai="4" doraHaiUra="18" who="0" fromWho="0" sc="240,130,212,-40,191,-40,347,-40" /><INIT seed="4,1,0,2,3,54" ten="370,172,151,307" oya="0" hai0="8,135,23,96,117,76,4,91,24,87,127,80,6" hai1="101,115,62,30,27,53,65,71,82,46,105,10,93" hai2="44,100,50,19,38,94,26,39,128,35,28,52,119" hai3="120,118,86,83,5,25,89,108,18,55,73,2,112"/><T0/><D117/><U88/><E115/><V79/><F119/><W122/><G118/><T107/><D127/><U47/><E82/><V95/><F128/><W29/><G108/><T56/><D135/><U59/><E10/><V134/><F134/><W1/><G18/><T45/><D6/><U113/><E101/><V68/><F68/><W111/><G111/><T51/><D107/><U74/><E74/><V125/><F125/><W97/><G73/><T40/><D96/><U110/><E105/><V98/><F79/><W124/><G5/><T104/><D104/><U109/><E113/><V3/><F3/><W90/><G124/><T60/><D76/><U67/><E110/><V14/><REACH who="2" step="1"/><F95/><REACH who="2" ten="370,172,141,307" step="2"/><N who="3" m="56567" /><G112/><T106/><D106/><U132/><E132/><V21/><AGARI ba="1,1" hai="14,19,21,26,28,35,38,39,44,50,52,94,98,100" machi="21" ten="20,8000,1" yaku="1,1,0,1,7,1,54,1,53,1" doraHai="54" doraHaiUra="13" who="2" fromWho="2" sc="370,-41,172,-21,141,93,307,-21" /><INIT seed="5,0,0,5,2,98" ten="329,151,234,286" oya="1" hai0="127,110,95,134,9,97,92,129,108,37,81,115,53" hai1="102,128,25,11,126,79,4,30,51,85,12,0,34" hai2="63,5,54,87,109,112,45,121,133,91,71,23,58" hai3="114,31,83,62,65,66,42,135,73,1,6,46,99"/><U39/><E39/><V74/><F121/><W14/><G135/><T124/><D37/><U43/><E128/><V59/><F109/><N who="0" m="42090" /><D9/><U132/><E132/><V2/><F133/><W20/><G114/><T76/><D53/><U48/><E126/><N who="0" m="48169" /><D134/><U28/><E30/><V77/><F74/><W33/><G73/><N who="0" m="43151" /><D129/><U118/><E118/><V75/><F71/><W104/><G65/><T29/><D29/><U84/><E79/><V57/><F77/><W100/><G1/><T18/><D18/><U78/><E78/><V70/><F70/><W89/><G6/><T13/><D13/><U55/><E102/><V22/><F5/><W80/><G14/><T49/><D49/><U36/><E36/><V96/><F2/><W93/><G20/><T61/><D61/><U103/><E103/><V106/><F63/><W17/><G17/><T67/><D67/><U50/><E43/><V107/><F23/><W3/><G3/><T8/><D8/><U131/><E131/><V86/><F22/><W117/><G42/><T72/><D72/><U111/><E111/><V21/><F21/><W19/><G19/><T64/><D64/><U60/><REACH who="1" step="1"/><E0/><REACH who="1" ten="329,141,234,286" step="2"/><V26/><F75/><W56/><G31/><T15/><D15/><U52/><E52/><V69/><F54/><W116/><G116/><T68/><D68/><U38/><E38/><V24/><F69/><W94/><G117/><T82/><D115/><U120/><E120/><V16/><F112/><W105/><G66/><T35/><D35/><U7/><E7/><V27/><F27/><W40/><G33/><T41/><D41/><RYUUKYOKU ba="0,1" sc="329,-10,141,30,234,-10,286,-10" hai1="4,11,12,25,28,34,48,50,51,55,60,84,85" /><INIT seed="5,1,1,1,0,111" ten="319,171,224,276" oya="1" hai0="80,6,55,12,13,28,45,68,32,86,5,21,74" hai1="56,11,42,76,62,24,132,110,35,40,130,47,59" hai2="23,114,90,100,117,31,109,18,135,79,29,83,4" hai3="102,91,104,19,63,120,105,78,2,67,71,25,134"/><U54/><E110/><V81/><F109/><W0/><G120/><T60/><D74/><U127/><E130/><V51/><F117/><W101/><G134/><T98/><D32/><U3/><E132/><V30/><F135/><W121/><G121/><T93/><D68/><U119/><E119/><V95/><F100/><W126/><G126/><T131/><D131/><U116/><E116/><V41/><F4/><W113/><G91/><T64/><D64/><U75/><E127/><V38/><F38/><W1/><G78/><T9/><D28/><U50/><E35/><V37/><F37/><W107/><G113/><T22/><D45/><U94/><E24/><V85/><F114/><W7/><G7/><T133/><D55/><U87/><E75/><V128/><F128/><W52/><G19/><T125/><D60/><U108/><E108/><V10/><F10/><W15/><G15/><T20/><D125/><U8/><E3/><V77/><F77/><W123/><G123/><T118/><D118/><U124/><E124/><V66/><F66/><W34/><G52/><T58/><D58/><N who="1" m="22059" /><E62/><V17/><F17/><W57/><REACH who="3" step="1"/><G71/><REACH who="3" ten="319,171,224,266" step="2"/><T48/><D133/><U43/><E76/><V16/><F18/><W88/><G88/><AGARI ba="1,2" hai="8,11,40,42,43,47,50,54,87,88,94" m="22059" machi="88" ten="30,2900,0" yaku="8,1,54,1" doraHai="111" who="1" fromWho="3" sc="319,0,171,52,224,0,266,-32" /><INIT seed="5,2,0,1,1,9" ten="319,223,224,234" oya="1" hai0="50,63,91,97,66,117,31,129,100,46,79,64,82" hai1="2,25,4,62,101,108,103,90,126,16,43,111,116" hai2="54,45,10,87,44,135,128,15,53,81,27,84,120" hai3="57,13,68,8,23,83,88,132,49,59,17,109,56"/><U123/><E116/><V40/><F120/><W3/><G68/><T105/><D117/><U80/><E123/><V131/><F135/><W86/><G109/><N who="1" m="42058" /><E126/><V33/><F33/><W34/><G34/><T19/><D31/><U122/><E122/><V124/><F27/><N who="3" m="14831" /><G3/><T94/><D129/><N who="2" m="49738" /><F124/><W60/><G132/><T106/><D19/><U119/><E119/><V102/><F102/><N who="1" m="38921" /><E43/><V1/><F1/><W21/><G21/><T20/><D20/><N who="1" m="13447" /><E62/><V18/><F45/><W22/><G22/><T125/><D125/><U69/><E69/><V5/><F5/><N who="3" m="3215" /><G49/><T14/><D105/><U37/><E37/><N who="2" m="21519" /><F87/><W96/><G96/><T73/><D50/><U99/><E2/><V38/><F38/><W93/><G83/><T98/><D46/><U51/><E4/><V134/><F134/><W35/><G35/><T71/><D64/><AGARI ba="2,0" hai="56,57,59,60,64,86,88,93" m="3215,14831" machi="64" ten="30,3900,0" yaku="8,1,52,1,54,1" doraHai="9" who="3" fromWho="0" sc="319,-45,223,0,224,0,234,45" /><INIT seed="6,0,0,1,5,17" ten="274,223,224,279" oya="2" hai0="63,16,7,1,62,107,36,76,15,117,116,18,87" hai1="5,35,20,31,73,3,22,108,55,124,82,64,21" hai2="90,72,53,78,25,114,77,34,128,70,91,68,50" hai3="40,46,113,47,26,13,60,11,23,9,28,102,67"/><V126/><F128/><W65/><G113/><T103/><D36/><U71/><E55/><V48/><F114/><W0/><G0/><T106/><D1/><U131/><E64/><N who="3" m="24650" /><G60/><T88/><D76/><N who="2" m="29290" /><F53/><W12/><G102/><T54/><D7/><U121/><E82/><V81/><F34/><W75/><G75/><T6/><D6/><U24/><E73/><V44/><F72/><W118/><G118/><N who="0" m="45675" /><D18/><U69/><E71/><N who="2" m="27179" /><F44/><N who="3" m="16939" /><G40/><T84/><D84/><U74/><E69/><V8/><F8/><AGARI ba="0,0" hai="8,9,11,12,13,23,26,28" m="16939,24650" machi="8" ten="30,2000,0" yaku="8,1,52,1" doraHai="17" who="3" fromWho="2" sc="274,0,223,0,224,-20,279,20" /><INIT seed="7,0,0,5,5,54" ten="274,223,204,299" oya="3" hai0="126,8,28,119,57,87,23,82,45,9,86,71,37" hai1="97,135,116,25,98,103,61,22,18,60,56,38,33" hai2="104,113,115,117,106,44,66,122,100,95,94,127,3" hai3="41,55,29,120,5,75,111,118,85,64,76,4,51"/><W47/><G120/><T15/><D71/><U11/><E135/><V6/><F117/><W102/><G118/><T88/><D119/><U80/><E116/><V79/><F66/><W21/><G75/><T30/><D126/><U114/><E114/><N who="2" m="43531" /><F44/><W109/><G102/><T26/><D30/><U90/><E38/><V105/><F6/><N who="3" m="2667" /><G64/><T20/><D37/><U35/><E11/><V67/><F67/><W17/><G29/><T31/><D45/><U70/><E70/><V121/><F3/><W84/><G76/><N who="0" m="46407" /><D57/><U72/><E61/><V131/><F127/><W134/><G41/><T81/><D15/><U14/><E14/><V2/><F2/><W129/><G134/><T53/><D53/><N who="1" m="33807" /><E72/><V27/><F27/><AGARI ba="0,0" hai="8,9,20,23,26,27,28,31,81,87,88" m="46407" machi="27" ten="30,2000,0" yaku="8,1,54,1" doraHai="54" who="0" fromWho="2" sc="274,20,223,0,204,-20,299,0" /><INIT seed="8,0,0,2,1,116" ten="294,223,184,299" oya="0" hai0="56,93,26,28,13,92,8,25,111,102,101,49,83" hai1="29,42,128,14,94,100,76,80,74,53,119,37,3" hai2="134,22,24,126,34,21,108,51,110,129,79,45,55" hai3="84,5,58,57,90,41,71,50,32,15,127,73,31"/><T35/><D111/><U117/><E3/><V112/><F79/><W64/><G73/><T70/><D70/><U85/><E29/><V95/><F112/><W72/><G72/><T88/><D83/><N who="1" m="45463" /><E53/><V23/><F34/><W63/><G127/><T30/><D56/><U11/><E42/><V86/><F126/><W130/><G130/><T104/><D49/><U18/><E37/><V89/><F129/><W33/><G31/><N who="0" m="11819" /><D93/><U120/><E128/><V0/><F0/><W20/><G71/><T132/><D104/><U60/><E60/><V135/><REACH who="2" step="1"/><F24/><REACH who="2" ten="294,223,174,299" step="2"/><N who="0" m="9322" /><D35/><U96/><E117/><V81/><F81/><W103/><G33/><T2/><D2/><U1/><E80/><V38/><F38/><W46/><G32/><T43/><D132/><AGARI ba="0,1" hai="21,22,23,45,51,55,86,89,95,108,110,132,134,135" machi="132" ten="40,8000,1" yaku="1,1,20,1,53,3" doraHai="116" doraHaiUra="131" who="2" fromWho="0" sc="294,-80,223,0,174,90,299,0" /><INIT seed="9,0,0,4,5,4" ten="214,223,264,299" oya="1" hai0="48,13,43,85,23,34,22,116,130,107,21,69,35" hai1="109,7,73,94,42,125,127,117,78,100,65,45,27" hai2="68,118,10,128,1,114,25,36,110,97,123,113,83" hai3="17,11,6,77,103,40,12,18,79,105,112,14,93"/><U75/><E117/><V120/><F36/><W121/><G105/><T30/><D107/><U56/><E109/><V49/><F68/><W135/><G112/><N who="2" m="43113" /><F110/><W124/><G121/><T90/><D69/><U133/><E133/><V26/><F118/><W61/><G135/><T89/><D116/><U88/><E100/><V74/><F128/><W72/><G72/><T102/><D102/><U111/><E111/><V33/><F26/><W37/><G37/><T104/><D104/><U70/><E70/><V67/><F67/><W16/><G40/><T15/><D130/><U71/><E71/><V24/><F24/><W28/><G28/><T53/><D43/><U55/><E65/><V98/><F49/><W115/><G124/><N who="1" m="47690" /><E27/><V87/><F74/><W129/><G129/><T38/><D38/><N who="1" m="21719" /><E78/><N who="3" m="29706" /><G115/><T134/><D134/><U122/><E122/><V99/><F123/><W96/><G61/><T31/><D31/><U3/><E75/><V131/><F131/><W58/><G58/><T63/><D63/><U57/><E73/><V2/><F120/><W86/><G86/><T84/><D30/><U82/><E56/><V101/><F33/><W60/><G60/><T50/><D23/><AGARI ba="0,0" hai="6,11,12,14,16,17,18,23,93,96,103" m="29706" machi="23" ten="30,3900,0" yaku="8,1,52,1,54,1" doraHai="4" who="3" fromWho="0" sc="214,-39,223,0,264,0,299,39" owari="175,-32.0,223,-18.0,264,6.0,338,44.0" /></mjloggm>