<mjloggm ver="2.3"><GO type="169" lobby="0"/><UN n0="%E3%83%97%E3%83%AD%E3%83%86%E3%82%A4%E3%83%B3%E5%BE%97%E7%9B%9B" n1="%40%6D%40" n2="%E3%83%8E%E3%82%AA%E3%83%81%E3%83%A3%E3%83%99%E3%82%B9" n3="%E5%8D%83%E7%BE%BD%E9%B4%89" dan="17,16,16,17" rate="2252.55,2064.94,2094.00,2225.57" sx="M,M,M,F"/><TAIKYOKU oya="0"/><BYE who="2" /><UN n2="%E3%83%8E%E3%82%AA%E3%83%81%E3%83%A3%E3%83%99%E3%82%B9" /><INIT seed="0,0,0,0,4,111" ten="250,250,250,250" oya="0" hai0="37,123,12,13,99,16,113,124,122,95,115,84,62" hai1="108,82,66,117,4,130,90,6,79,94,73,83,36" hai2="5,134,68,26,49,28,31,132,127,18,76,33,74" hai3="125,85,77,114,30,52,59,45,101,32,69,80,29"/><T70/><D37/><U97/><E108/><V61/><F49/><W106/><G69/><T87/><D124/><U109/><E109/><V88/><F127/><W44/><G125/><T64/><D12/><U38/><E130/><V19/><F5/><W56/><G114/><T42/><D42/><U126/><E126/><V14/><F31/><W15/><G106/><T9/><D87/><U47/><E66/><V24/><F24/><W78/><G101/><T105/><D84/><U92/><E117/><V39/><F39/><W93/><G93/><T34/><D34/><U58/><E58/><V98/><F76/><W107/><G107/><T10/><D10/><U103/><E82/><V8/><F19/><W89/><G59/><T27/><D27/><U112/><E112/><V121/><F74/><W53/><G15/><T1/><D1/><U128/><E128/><V131/><F121/><W91/><G77/><T20/><D9/><U118/><E118/><V133/><F131/><W41/><G32/><T2/><D2/><U65/><E65/><V63/><REACH who="2" step="1"/><F68/><REACH who="2" ten="250,250,240,250" step="2"/><W71/><G71/><T81/><D123/><U11/><E4/><V129/><F129/><W96/><G29/><T22/><D122/><U75/><E75/><V110/><F110/><W40/><G30/><T51/><D51/><U116/><E116/><V54/><F54/><W67/><G53/><T100/><D115/><U43/><E36/><V17/><F17/><W25/><G25/><T50/><D50/><U72/><E72/><V135/><N who="2" m="33792" /><DORA hai="119" /><V46/><F46/><W35/><G45/><T55/><D113/><RYUUKYOKU ba="0,1" sc="250,-10,250,-10,240,30,250,-10" hai2="8,14,18,26,28,33,61,63,88,98" /><INIT seed="1,1,1,2,2,95" ten="240,240,270,240" oya="1" hai0="12,122,116,127,100,43,40,69,73,6,135,59,21" hai1="7,56,80,76,86,79,36,45,47,85,61,32,87" hai2="63,38,72,107,106,24,16,131,115,111,15,130,133" hai3="126,57,77,28,99,81,104,103,20,75,114,66,49"/><U2/><E32/><V1/><F1/><W26/><G126/><T101/><D69/><U30/><E30/><V48/><F38/><W22/><G114/><T68/><D68/><U119/><E119/><V46/><F72/><W74/><G49/><T82/><D116/><U97/><E2/><V18/><F115/><W91/><G75/><T94/><D127/><U34/><E34/><V3/><F3/><W67/><G57/><T58/><D135/><U108/><E7/><V70/><F24/><W17/><REACH who="3" step="1"/><G91/><REACH who="3" ten="240,240,270,230" step="2"/><T42/><D59/><U41/><E108/><V89/><F111/><W29/><G29/><T52/><D73/><U132/><E132/><V128/><F133/><W44/><G44/><T71/><D71/><U33/><E33/><V117/><F89/><W65/><G65/><T78/><D58/><U129/><E45/><V64/><F117/><W10/><G10/><T60/><D78/><U93/><E79/><V112/><F112/><W19/><G19/><T105/><D6/><U35/><E35/><V9/><REACH who="2" step="1"/><F18/><REACH who="2" ten="240,240,260,230" step="2"/><W125/><G125/><T120/><D120/><U123/><E123/><V5/><F5/><W50/><G50/><T0/><D122/><U37/><E37/><V84/><F84/><W102/><G102/><T134/><D101/><N who="1" m="60591" /><E86/><V14/><F14/><AGARI ba="1,3" hai="14,17,20,22,26,28,66,67,74,77,81,99,103,104" machi="14" ten="30,3900,0" yaku="1,1,7,1,52,1,53,0" doraHai="95" doraHaiUra="54" who="3" fromWho="2" sc="240,0,240,0,260,-42,230,72" /><INIT seed="2,0,0,5,2,60" ten="240,240,218,302" oya="2" hai0="20,112,70,34,25,79,135,63,101,110,16,35,89" hai1="38,47,126,109,116,53,36,30,41,33,86,127,3" hai2="55,84,43,107,65,71,49,81,85,108,50,83,125" hai3="78,45,64,117,24,14,129,18,87,31,40,102,124"/><V111/><F107/><W32/><G129/><T51/><D112/><U118/><E109/><N who="2" m="42059" /><F125/><N who="1" m="47625" /><E3/><V19/><F19/><W128/><G128/><T130/><D130/><U96/><E86/><N who="2" m="33387" /><F43/><W122/><G18/><T23/><D110/><U21/><E33/><V94/><F94/><W134/><G32/><T57/><D79/><U48/><E96/><V120/><F120/><W88/><G78/><T69/><D101/><U29/><E21/><V58/><F50/><W39/><G40/><T59/><D35/><U121/><E121/><V6/><F6/><W90/><G122/><T72/><D34/><U98/><E98/><V75/><F75/><W76/><G87/><T11/><D72/><U131/><E131/><V10/><F10/><W8/><G8/><T17/><D11/><U12/><E29/><V80/><F71/><W67/><G31/><T103/><D103/><U7/><E30/><V1/><F1/><W97/><G102/><T66/><D89/><U73/><E73/><V100/><F100/><W92/><G88/><T106/><D106/><U27/><E7/><V133/><F133/><W5/><G134/><T28/><D135/><U104/><E104/><V52/><F49/><W123/><G123/><T74/><D74/><U13/><E41/><V22/><F22/><W99/><G124/><T44/><D70/><U132/><E132/><V61/><AGARI ba="0,0" hai="52,55,58,61,65,80,81,83" m="33387,42059" machi="61" ten="40,12000,1" yaku="14,1,10,1,52,1,54,1" doraHai="60" who="2" fromWho="2" sc="240,-40,240,-40,218,120,302,-40" /><INIT seed="2,1,0,3,2,93" ten="200,200,338,262" oya="2" hai0="6,100,64,43,76,130,65,42,15,135,7,128,58" hai1="5,59,70,89,21,103,116,117,54,79,19,98,46" hai2="86,134,23,40,67,84,57,81,75,105,30,102,97" hai3="73,2,8,28,80,4,78,120,55,129,127,66,92"/><V82/><F40/><N who="0" m="15402" /><D135/><U47/><E70/><V95/><F134/><W0/><G120/><T72/><D100/><U83/><E89/><V60/><F105/><W50/><G0/><T106/><D106/><U132/><E5/><N who="0" m="1545" /><D15/><U53/><E132/><V31/><F75/><W51/><G28/><T37/><D37/><U112/><E112/><V12/><F12/><W32/><G32/><T114/><D114/><U68/><E68/><V104/><F104/><W88/><G66/><N who="0" m="25707" /><D58/><U35/><E35/><V44/><F44/><W74/><G74/><T24/><D24/><U26/><E47/><V122/><F122/><W13/><G2/><T49/><D49/><U133/><E46/><V38/><F38/><W14/><G51/><T25/><D25/><U119/><E133/><V123/><F123/><W52/><G14/><T125/><D125/><U96/><E103/><V29/><F23/><W71/><G71/><T45/><D45/><U20/><E20/><V41/><F41/><W36/><G127/><T1/><D1/><U99/><REACH who="1" step="1"/><E59/><REACH who="1" ten="200,190,338,262" step="2"/><V39/><F39/><W56/><G36/><T16/><D76/><U109/><E109/><V124/><F124/><W63/><G78/><T131/><D72/><AGARI ba="1,1" hai="19,21,26,53,54,72,79,83,96,98,99,116,117,119" machi="72" ten="50,8000,1" yaku="1,1,52,3,53,0" doraHai="93" doraHaiUra="110" who="1" fromWho="0" sc="200,-83,190,93,338,0,262,0" /><INIT seed="3,0,0,1,0,28" ten="117,283,338,262" oya="3" hai0="54,46,15,6,59,11,130,36,124,32,83,118,5" hai1="61,31,79,97,35,29,27,57,109,63,120,114,47" hai2="48,80,95,99,65,1,16,19,82,68,77,128,107" hai3="76,67,126,10,132,64,4,49,89,113,85,69,20"/><W22/><G113/><T58/><D118/><U117/><E109/><V104/><F1/><W105/><G105/><T81/><D124/><U129/><E120/><V70/><F48/><W98/><G126/><T53/><D130/><U41/><E129/><V23/><F128/><W88/><G132/><T112/><D112/><U26/><E114/><V122/><F122/><W100/><G76/><T14/><D46/><U18/><E18/><V90/><F19/><W115/><G115/><T111/><D11/><U55/><E117/><V52/><F52/><W3/><G49/><T75/><D75/><U38/><E97/><V30/><F30/><W92/><G89/><T25/><D25/><U71/><E79/><V94/><F94/><W116/><G116/><T0/><D0/><U13/><E13/><V56/><F56/><W39/><G39/><T93/><D93/><U91/><E91/><V101/><F65/><W135/><G135/><T43/><D111/><U119/><E119/><V87/><F82/><W17/><G69/><T8/><D8/><U133/><E133/><V125/><F125/><W123/><G22/><T96/><D96/><U62/><E71/><V106/><REACH who="2" step="1"/><F77/><REACH who="2" ten="117,283,328,262" step="2"/><W134/><G123/><T12/><D12/><AGARI ba="0,1" hai="12,16,23,68,70,80,87,90,95,99,101,104,106,107" machi="12" ten="40,5200,0" yaku="1,1,2,1,54,1,53,0" doraHai="28" doraHaiUra="51" who="2" fromWho="0" sc="117,-52,283,0,328,62,262,0" /><INIT seed="4,0,0,4,0,123" ten="65,283,390,262" oya="0" hai0="114,67,15,83,4,119,1,122,88,108,3,50,107" hai1="64,51,6,92,124,59,113,11,98,28,52,94,84" hai2="55,74,7,8,135,91,22,0,9,112,102,80,117" hai3="106,63,29,129,47,95,90,97,41,49,125,12,32"/><T76/><D122/><U69/><E124/><V87/><F112/><W99/><G129/><T128/><D119/><U79/><E28/><V48/><F135/><W62/><G125/><T45/><D107/><U16/><E113/><V73/><F117/><W44/><G32/><T37/><D114/><U38/><E38/><V19/><F102/><W40/><G29/><T26/><D37/><U46/><E69/><V132/><F9/><W2/><G2/><T68/><D128/><U21/><E64/><V58/><F132/><W10/><G99/><T111/><D26/><AGARI ba="0,0" hai="0,7,8,19,22,26,48,55,58,73,74,80,87,91" machi="26" ten="30,1000,0" yaku="7,1" doraHai="123" who="2" fromWho="0" sc="65,-10,283,0,390,10,262,0" /><INIT seed="5,0,0,0,4,13" ten="55,283,400,262" oya="1" hai0="51,71,123,27,55,116,91,69,54,24,11,107,48" hai1="89,79,100,133,90,36,58,113,12,86,19,110,72" hai2="109,43,118,85,84,3,127,105,1,61,78,23,7" hai3="30,42,16,124,125,88,57,35,102,70,31,52,68"/><U114/><E133/><V81/><F118/><W74/><G42/><T17/><D116/><U134/><E134/><V26/><F109/><W15/><G102/><T50/><D107/><U18/><E36/><V129/><F105/><W131/><G74/><T33/><D123/><U94/><E12/><V120/><F120/><W130/><G88/><N who="1" m="33898" /><E110/><V60/><F85/><W65/><G65/><T92/><D71/><N who="3" m="27177" /><G35/><T66/><D66/><U4/><E4/><V103/><F103/><W25/><G25/><T46/><D69/><U40/><E40/><V117/><F117/><W29/><G52/><T21/><D11/><U62/><E72/><V2/><F7/><W38/><G57/><T101/><D101/><U5/><E5/><V112/><F43/><W99/><G99/><T122/><D122/><U77/><E100/><V10/><F10/><N who="3" m="6263" /><G38/><T111/><D111/><U39/><E39/><V37/><F37/><W132/><G132/><T75/><D75/><U108/><E108/><V95/><F3/><W83/><G83/><T56/><D33/><U115/><E94/><V59/><F95/><W106/><G106/><T96/><REACH who="0" step="1"/><D27/><REACH who="0" ten="45,283,400,262" step="2"/><U97/><E97/><V87/><F26/><W22/><G22/><T76/><D76/><N who="1" m="29259" /><E86/><V34/><F87/><W98/><G98/><T45/><D45/><U119/><E119/><V93/><F84/><W20/><G20/><T14/><D14/><U67/><AGARI ba="0,1" hai="18,19,58,62,67,113,114,115" m="29259,33898" machi="67" ten="40,12000,1" yaku="15,1,52,2,54,1" doraHai="13" who="1" fromWho="1" sc="45,-40,283,130,400,-40,262,-40" /><INIT seed="5,1,0,0,3,92" ten="5,413,360,222" oya="1" hai0="108,2,10,73,76,68,107,29,121,135,90,48,133" hai1="134,111,126,56,20,46,129,112,79,0,70,105,69" hai2="51,106,93,60,131,19,117,120,75,4,65,66,17" hai3="74,9,67,81,25,89,59,39,22,13,122,35,119"/><U18/><E0/><V123/><F106/><W85/><G119/><T33/><D48/><U113/><E126/><V104/><F104/><W8/><G39/><T109/><D10/><U31/><E129/><V128/><F75/><W110/><G110/><T12/><D12/><U97/><E111/><V77/><F77/><W47/><G47/><T3/><D29/><U49/><E56/><V54/><F4/><W40/><G40/><T55/><D55/><N who="1" m="30135" /><E31/><V62/><F93/><W115/><G59/><T58/><D58/><U124/><E134/><N who="0" m="51209" /><D68/><U95/><E124/><V99/><F117/><W116/><G35/><T28/><D121/><U94/><E79/><V61/><F99/><W71/><G71/><T102/><D2/><U24/><E95/><V45/><F19/><W87/><G67/><N who="2" m="25609" /><F17/><W132/><G132/><T26/><D3/><U96/><E94/><V50/><F50/><W32/><G32/><T82/><D90/><U5/><E5/><V1/><F1/><W127/><G89/><T7/><D7/><U78/><E78/><V42/><F42/><W125/><G116/><T130/><D130/><AGARI ba="1,0" hai="45,51,54,60,61,62,120,123,128,130,131" m="25609" machi="130" ten="30,3900,0" yaku="19,1,34,2" doraHai="92" who="2" fromWho="0" sc="5,-42,413,0,360,42,222,0" owari="-37,-54.0,413,52.0,402,20.0,222,-18.0" /></mjloggm>