<mjloggm ver="2.3"><GO type="169" lobby="0"/><UN n0="%6F%75%74%E7%A5%AD%E3%82%8A" n1="%E6%B3%A2%E7%91%A0" n2="%E3%81%B5%E3%81%98%E3%81%8B%E3%81%A4" n3="%4C%69%53%41" dan="17,16,16,16" rate="2190.66,2146.45,2145.17,2173.96" sx="M,F,M,F"/><TAIKYOKU oya="0"/><INIT seed="0,0,0,1,0,71" ten="250,250,250,250" oya="0" hai0="70,121,41,44,131,62,134,103,74,38,106,82,107" hai1="28,111,58,129,98,13,31,133,90,108,14,102,15" hai2="46,83,52,105,89,39,36,91,54,22,47,72,21" hai3="66,55,3,99,43,23,112,34,25,104,63,119,93"/><T75/><D121/><U1/><E1/><V87/><F105/><N who="0" m="39946" /><D103/><U12/><E129/><V7/><F7/><W115/><G119/><T94/><D94/><N who="1" m="58711" /><E133/><V86/><REACH who="2" step="1"/><F83/><REACH who="2" ten="250,250,240,250" step="2"/><W69/><G104/><T101/><D134/><U114/><E114/><V42/><F42/><W76/><G43/><T77/><D131/><U65/><E111/><V5/><F5/><W30/><G112/><T11/><D101/><U53/><E108/><V128/><F128/><W109/><G115/><T88/><D11/><U97/><E65/><V48/><F48/><W85/><G109/><T118/><D118/><U9/><E97/><V10/><F10/><W50/><G99/><T59/><D41/><U78/><E78/><V81/><F81/><W79/><G79/><T29/><D82/><U127/><E90/><V60/><F60/><W125/><G76/><T96/><D62/><N who="1" m="36175" /><E127/><V32/><F32/><W19/><G125/><T20/><D88/><U122/><E122/><V64/><F64/><W2/><G93/><T35/><D96/><U124/><E124/><V17/><F17/><AGARI ba="0,1" hai="9,12,13,14,15,17,28,31" m="36175,58711" machi="17" ten="30,1000,0" yaku="8,1" doraHai="71" who="1" fromWho="2" sc="250,0,250,20,240,-10,250,0" /><INIT seed="1,0,0,2,2,20" ten="250,270,230,250" oya="1" hai0="36,39,134,85,41,70,111,74,43,30,56,79,12" hai1="105,130,71,0,132,80,18,26,72,10,34,129,89" hai2="124,93,115,133,40,16,49,7,22,97,35,51,108" hai3="3,114,31,57,58,109,88,4,14,15,100,46,69"/><U98/><E71/><V44/><F108/><W62/><G114/><T92/><D74/><U77/><E132/><V120/><F120/><W106/><G69/><T65/><D70/><U68/><E68/><V9/><F35/><W94/><G109/><T66/><D111/><U117/><E117/><V107/><F115/><W78/><G78/><T127/><D134/><U103/><E89/><V75/><F133/><W55/><G106/><T118/><D12/><U67/><E67/><V131/><F124/><W95/><G3/><T128/><D118/><U116/><E116/><V86/><F107/><W42/><G4/><T6/><D56/><U37/><E37/><V54/><F131/><W82/><G58/><T13/><D128/><U99/><E99/><V21/><F75/><W2/><G2/><T59/><D59/><U60/><E60/><V83/><F7/><W123/><G123/><T73/><D6/><N who="1" m="1351" /><E18/><V101/><F51/><N who="3" m="27095" /><G31/><AGARI ba="0,0" hai="26,31,34,72,77,80,98,103,105,129,130" m="1351" machi="31" ten="30,2900,0" yaku="23,1,52,1" doraHai="20" who="1" fromWho="3" sc="250,0,270,29,230,0,250,-29" /><INIT seed="1,1,0,2,3,76" ten="250,299,230,221" oya="1" hai0="131,2,8,4,132,91,27,29,70,72,86,14,13" hai1="105,44,114,36,34,118,93,15,124,22,6,133,84" hai2="62,25,83,16,135,125,134,79,32,82,18,120,50" hai3="73,88,109,19,48,51,96,74,80,129,85,33,9"/><U97/><E34/><V68/><F120/><W107/><G33/><T3/><D131/><U12/><E118/><V108/><F125/><W119/><G129/><T98/><D72/><U31/><E114/><V103/><F103/><N who="3" m="62951" /><G73/><T63/><D132/><N who="2" m="50730" /><F108/><W92/><G109/><T35/><D98/><U127/><E133/><V130/><F79/><N who="3" m="44151" /><G119/><T106/><D106/><U111/><E111/><V113/><F50/><W1/><G19/><N who="2" m="7209" /><F130/><W77/><G77/><T75/><D75/><U56/><E127/><V41/><F41/><W99/><G99/><T71/><D14/><U21/><E124/><V24/><F113/><W87/><G87/><T112/><D112/><U69/><E84/><V39/><F39/><W110/><G110/><T23/><D63/><U64/><E36/><V95/><F95/><W55/><G55/><T67/><D67/><U100/><E93/><V57/><F68/><W43/><G43/><T17/><D2/><U104/><E104/><V121/><F121/><W45/><G45/><T11/><D11/><U123/><E44/><V42/><F42/><W47/><G47/><T54/><D54/><U126/><E126/><V52/><F25/><W26/><G26/><T66/><D66/><U115/><E69/><V94/><F94/><AGARI ba="1,0" hai="3,4,8,13,17,23,27,29,35,70,71,86,91,94" machi="94" ten="30,3900,0" yaku="7,1,24,2" doraHai="76" who="0" fromWho="2" sc="250,42,299,0,230,-42,221,0" /><INIT seed="2,0,0,4,2,94" ten="292,299,188,221" oya="2" hai0="36,126,135,116,6,119,39,115,112,111,25,121,76" hai1="90,51,78,96,102,85,72,97,40,95,71,50,100" hai2="133,70,49,57,28,127,52,110,44,125,131,93,19" hai3="129,60,103,8,15,113,56,101,46,5,2,12,0"/><V16/><F70/><W104/><G129/><T81/><D6/><U21/><E71/><V132/><F28/><W108/><G108/><T73/><D25/><U99/><E78/><V47/><F131/><W80/><G113/><N who="0" m="43595" /><D121/><U17/><E72/><V69/><F69/><W13/><G0/><T14/><D14/><N who="1" m="9399" /><E40/><V34/><F110/><W37/><G80/><T45/><D111/><U9/><E9/><V117/><F34/><W75/><G75/><T109/><D109/><U54/><E50/><V55/><F117/><N who="0" m="45130" /><D126/><N who="2" m="48138" /><F93/><W62/><G62/><T61/><D61/><U35/><E35/><V31/><F31/><W38/><G46/><AGARI ba="0,0" hai="46,51,54,85,90,95,96,97,99,100,102" m="9399" machi="46" ten="30,7700,0" yaku="8,1,52,3" doraHai="94" who="1" fromWho="3" sc="292,0,299,77,188,0,221,-77" /><INIT seed="3,0,0,3,5,5" ten="292,376,188,144" oya="3" hai0="16,93,113,19,55,90,76,53,13,34,95,43,3" hai1="101,67,85,132,59,14,50,133,127,94,98,71,104" hai2="26,8,24,75,80,89,35,18,107,56,74,38,111" hai3="54,103,30,49,91,15,44,58,12,135,69,65,17"/><W118/><G118/><T62/><D3/><U0/><E0/><V2/><F107/><W11/><G135/><N who="1" m="51786" /><E127/><V134/><F38/><W122/><G122/><T51/><D34/><U47/><E71/><V6/><F111/><W84/><G103/><T130/><D76/><U73/><E73/><V116/><F116/><W31/><G69/><T114/><D130/><U81/><E104/><V126/><F134/><W37/><G15/><T96/><D19/><U64/><E59/><V57/><F126/><W40/><REACH who="3" step="1"/><G65/><REACH who="3" ten="292,376,188,134" step="2"/><T39/><D114/><U1/><E14/><V72/><F26/><W27/><G27/><T63/><D113/><U46/><E1/><V83/><F24/><W22/><G22/><T28/><D28/><U36/><E67/><V100/><F100/><W112/><G112/><T29/><D29/><U105/><E101/><V10/><F35/><W99/><G99/><N who="0" m="57783" /><D55/><U121/><E98/><V33/><F33/><W21/><G21/><T128/><D43/><U23/><E121/><V32/><F32/><W86/><G86/><T7/><D128/><U60/><E85/><V124/><F124/><W78/><G78/><T66/><D66/><U52/><E23/><V102/><F102/><W131/><G131/><T48/><D53/><U79/><E79/><N who="2" m="44135" /><F75/><W129/><G129/><T110/><D96/><U4/><E52/><V97/><F97/><W25/><G25/><T61/><D110/><U20/><E20/><V70/><F70/><W119/><G119/><T92/><D13/><U120/><E120/><V108/><F108/><W117/><G117/><T45/><D45/><RYUUKYOKU ba="0,1" sc="292,-10,376,-10,188,-10,134,30" hai3="11,12,17,30,31,37,40,44,49,54,58,84,91" /><INIT seed="3,1,1,0,1,69" ten="282,366,178,164" oya="3" hai0="134,9,7,128,94,5,97,90,132,66,27,21,111" hai1="32,30,55,29,121,114,118,48,22,53,135,87,86" hai2="36,101,59,99,91,4,20,26,56,81,41,62,3" hai3="115,51,108,129,24,76,122,12,16,61,19,84,64"/><W33/><G122/><T126/><D111/><U71/><E71/><V123/><F123/><W75/><G115/><T89/><D126/><U92/><E32/><V110/><F110/><W85/><G108/><T67/><D128/><U45/><E121/><V25/><F59/><N who="3" m="36927" /><G75/><T125/><D125/><U1/><E1/><V14/><F3/><W2/><G33/><T124/><D124/><U31/><E114/><V0/><F0/><W49/><G2/><T93/><D9/><U38/><E38/><V120/><F120/><W44/><G129/><T35/><D35/><U8/><E118/><V127/><F127/><W103/><G103/><T116/><D116/><U105/><E105/><V46/><F81/><N who="3" m="47143" /><G85/><T11/><D134/><U112/><E112/><V109/><F109/><W80/><G80/><T40/><D132/><U107/><E107/><V95/><F101/><W47/><G24/><T13/><D5/><U88/><E87/><V83/><F83/><W131/><G131/><T68/><D68/><U102/><E102/><V79/><F79/><W104/><G104/><T100/><D67/><U77/><E77/><V119/><F119/><W113/><G113/><T15/><D66/><U133/><E133/><V34/><F34/><W43/><G12/><T52/><D15/><U58/><E135/><V73/><F73/><W57/><G57/><T117/><D117/><U17/><E58/><V37/><F37/><W28/><G28/><T63/><D100/><U70/><E70/><V50/><F36/><W6/><G6/><T18/><D7/><U42/><E31/><V60/><F4/><RYUUKYOKU ba="1,1" sc="282,-10,366,-10,178,-10,164,30" hai3="16,19,43,44,47,49,51" /><INIT seed="3,2,1,5,0,79" ten="272,356,168,194" oya="3" hai0="27,84,69,87,16,134,64,131,55,121,76,100,126" hai1="92,91,20,31,125,7,32,34,116,111,19,127,59" hai2="40,11,58,110,70,81,101,66,109,68,95,43,96" hai3="78,3,13,89,129,113,42,117,56,6,98,106,86"/><W12/><G117/><T60/><D121/><U105/><E105/><V49/><F11/><W2/><G113/><T63/><D100/><U45/><E116/><V112/><F112/><W130/><G42/><T4/><D4/><U35/><E111/><N who="2" m="42507" /><F81/><N who="3" m="47415" /><G56/><T15/><D27/><U23/><E7/><V38/><F38/><W71/><G71/><N who="2" m="27177" /><F49/><W25/><G25/><T102/><D69/><U122/><E122/><V85/><F85/><W9/><G12/><T88/><D87/><U57/><E45/><V39/><F39/><W124/><G124/><N who="1" m="47690" /><E31/><V93/><F93/><N who="3" m="56623" /><G106/><T47/><D126/><U123/><E123/><V83/><F83/><W0/><G13/><T120/><D15/><N who="1" m="9343" /><E23/><V114/><F114/><W8/><G6/><T67/><D47/><U74/><E74/><V62/><AGARI ba="2,1" hai="40,43,58,62,66,95,96,101" m="27177,42507" machi="62" ten="40,1500,0" yaku="14,1" doraHai="79" who="2" fromWho="2" sc="272,-6,356,-6,168,31,194,-9" /><INIT seed="4,0,0,3,2,64" ten="266,350,199,185" oya="0" hai0="132,67,17,19,103,26,126,63,94,81,53,114,49" hai1="28,24,123,27,35,71,135,77,48,9,65,6,38" hai2="129,128,10,32,57,113,98,16,80,100,121,107,13" hai3="44,90,33,117,60,134,72,43,21,76,125,82,91"/><T119/><D119/><U20/><E38/><V45/><F121/><W62/><G117/><T99/><D114/><U5/><E123/><V104/><F32/><W95/><G33/><T52/><D126/><U22/><E35/><V29/><F29/><W12/><G134/><T105/><D132/><U108/><E108/><V110/><F110/><W47/><G125/><T51/><D105/><U120/><E120/><V70/><F113/><W88/><G95/><T31/><D81/><U73/><E135/><V84/><F107/><W40/><G21/><N who="0" m="15823" /><D51/><U92/><E92/><V7/><F45/><W87/><G72/><T23/><D49/><U85/><E48/><V79/><F57/><W115/><G12/><N who="0" m="9639" /><D19/><U133/><E73/><V93/><F7/><W50/><REACH who="3" step="1"/><G115/><REACH who="3" ten="266,350,199,175" step="2"/><T97/><D97/><U74/><E74/><V1/><F104/><W41/><G41/><T68/><D94/><U89/><E133/><V15/><F15/><W58/><G58/><T131/><D99/><U118/><E118/><V0/><REACH who="2" step="1"/><F70/><REACH who="2" ten="266,350,189,175" step="2"/><W42/><G42/><T55/><D68/><U25/><E71/><V96/><F96/><W75/><G75/><T122/><D122/><U112/><E112/><V116/><F116/><W124/><G124/><T4/><D4/><U30/><E5/><V69/><F69/><W59/><G59/><T56/><D56/><U18/><E6/><V106/><F106/><W11/><G11/><T14/><D14/><U61/><E9/><V36/><F36/><AGARI ba="0,2" hai="36,40,43,44,47,50,60,62,76,82,87,88,90,91" machi="36" ten="40,2600,0" yaku="1,1,54,1,53,0" doraHai="64" doraHaiUra="3" who="3" fromWho="2" sc="266,0,350,0,189,-26,175,46" /><INIT seed="5,0,0,3,3,87" ten="266,350,163,221" oya="1" hai0="56,0,92,91,15,128,85,98,122,109,47,60,69" hai1="67,26,97,14,3,103,7,37,120,81,41,18,80" hai2="93,99,66,55,95,131,104,74,111,51,32,34,124" hai3="25,22,11,61,16,101,71,112,44,75,29,6,12"/><U33/><E120/><V132/><F74/><W1/><G75/><T106/><D109/><U62/><E7/><V110/><F66/><W54/><G112/><T114/><D0/><U8/><E3/><V45/><F132/><W108/><G108/><T36/><D114/><U129/><E129/><V126/><F131/><W118/><G118/><T20/><D128/><U86/><E41/><V113/><F113/><W19/><G101/><T89/><D69/><U73/><E37/><V133/><F133/><W9/><G71/><T117/><D117/><U53/><E53/><V134/><F134/><W64/><G64/><T79/><D79/><U21/><E33/><V78/><F78/><W107/><G107/><T65/><D122/><U94/><E86/><V58/><F104/><W35/><G44/><T119/><D119/><U5/><REACH who="1" step="1"/><E73/><REACH who="1" ten="266,340,163,221" step="2"/><V96/><F34/><W127/><G54/><T135/><D135/><U59/><AGARI ba="0,1" hai="5,8,14,18,21,26,59,62,67,80,81,94,97,103" machi="59" ten="20,12000,1" yaku="1,1,2,1,0,1,7,1,8,1,53,0" doraHai="87" doraHaiUra="50" who="1" fromWho="1" sc="266,-40,340,130,163,-40,221,-40" /><INIT seed="5,1,0,0,1,130" ten="226,470,123,181" oya="1" hai0="42,36,14,44,82,70,112,81,10,89,5,32,9" hai1="86,97,102,62,85,114,64,39,8,23,72,118,60" hai2="69,124,131,16,103,126,66,74,24,119,17,133,75" hai3="54,41,12,78,101,80,100,47,83,120,135,13,30"/><U109/><E39/><V99/><F119/><W33/><G120/><T106/><D70/><U111/><E72/><V117/><F117/><W53/><G30/><T121/><D32/><U50/><E118/><V18/><F24/><W127/><G33/><T40/><D106/><U105/><E114/><V68/><F131/><W110/><G110/><T57/><D42/><U19/><E8/><V71/><F66/><W79/><G41/><T122/><D112/><U31/><E50/><V6/><F6/><W108/><G47/><T128/><D128/><U104/><E104/><V28/><F28/><W95/><G95/><T107/><D57/><U113/><E31/><V34/><F34/><W134/><G108/><T88/><D107/><U59/><E62/><V27/><F27/><W46/><G46/><T2/><D82/><U55/><E113/><V11/><F11/><W92/><G92/><T96/><D96/><U87/><E64/><V21/><F21/><W84/><G84/><T115/><D81/><U125/><E125/><AGARI ba="1,0" hai="12,13,53,54,78,79,80,83,100,101,125,127,134,135" machi="125" ten="25,6400,0" yaku="22,2,52,2" doraHai="130" who="3" fromWho="1" sc="226,0,470,-67,123,0,181,67" /><INIT seed="6,0,0,2,5,48" ten="226,403,123,248" oya="2" hai0="126,108,33,70,59,47,96,132,46,24,124,117,97" hai1="113,92,68,71,45,3,49,80,6,23,11,16,131" hai2="110,7,61,73,102,0,18,66,56,101,26,100,91" hai3="135,31,20,120,89,128,17,41,77,130,81,8,63"/><V4/><F73/><W28/><G120/><T116/><D70/><U105/><E105/><V112/><F112/><W27/><G135/><T85/><D108/><U123/><E113/><V65/><F110/><W115/><G115/><T13/><D132/><U90/><E80/><V35/><F0/><W37/><G89/><T53/><D85/><U133/><E133/><V99/><F66/><W60/><G41/><T107/><D13/><U119/><E119/><N who="0" m="45641" /><D24/><U21/><E21/><N who="2" m="13623" /><F35/><W118/><G37/><T55/><D33/><U95/><E123/><V22/><F22/><W40/><G40/><T43/><D47/><U121/><E121/><V5/><F91/><W54/><G118/><T79/><D59/><U15/><E131/><N who="3" m="50218" /><G8/><T82/><D79/><U44/><E11/><V75/><F75/><N who="3" m="43199" /><G63/><T2/><D2/><U106/><E3/><V122/><F122/><W14/><G14/><T57/><D82/><U74/><E90/><V129/><F129/><W58/><AGARI ba="0,0" hai="17,20,27,28,31,54,58,60" m="43199,50218" machi="58" ten="30,2000,0" yaku="19,1,52,1" doraHai="48" who="3" fromWho="3" sc="226,-5,403,-5,123,-10,248,20" /><INIT seed="7,0,0,2,2,15" ten="221,398,113,268" oya="3" hai0="130,62,44,7,16,88,31,55,84,45,103,108,68" hai1="5,86,114,47,110,57,98,34,18,66,105,11,21" hai2="25,111,0,100,87,92,106,17,102,27,94,20,79" hai3="96,119,134,38,129,78,113,133,74,46,59,75,76"/><W2/><G2/><T67/><D108/><U124/><E34/><V32/><F111/><W33/><G33/><T127/><D103/><U24/><E110/><V121/><F121/><W89/><G59/><N who="0" m="37343" /><D31/><U49/><E114/><V36/><F0/><W69/><G113/><T101/><D68/><U109/><E109/><V83/><F36/><W82/><G69/><T43/><D101/><U29/><E124/><V65/><F65/><W23/><G119/><T54/><D7/><U22/><E98/><V58/><F106/><W107/><G129/><T64/><D64/><U3/><E105/><V93/><F32/><W42/><G107/><T12/><D130/><U97/><E97/><V40/><F40/><W115/><G115/><T118/><D127/><U122/><E122/><V56/><F56/><W53/><G75/><T30/><D30/><U72/><E72/><V123/><F123/><W4/><G74/><T90/><D118/><U63/><E86/><V8/><F58/><W99/><G4/><T39/><D39/><U1/><E1/><V112/><F112/><W128/><G38/><T73/><D73/><U60/><E60/><V132/><F132/><W50/><G128/><T81/><D90/><U61/><E61/><V26/><F8/><W104/><G104/><T28/><D28/><U19/><E22/><V77/><F77/><W41/><G78/><T135/><D135/><U6/><E5/><V95/><N who="2" m="23552" /><DORA hai="71" /><V10/><REACH who="2" step="1"/><F10/><REACH who="2" ten="221,398,103,268" step="2"/><W51/><G133/><T91/><D43/><AGARI ba="0,1" hai="3,6,11,18,19,21,24,29,43,47,49,57,63,66" machi="43" ten="30,3900,0" yaku="7,1,52,2" doraHai="15,71" who="1" fromWho="0" sc="221,-39,398,49,103,0,268,0" owari="182,-22.0,447,55.0,103,-40.0,268,7.0" /></mjloggm>