<mjloggm ver="2.3"><GO type="169" lobby="0"/><UN n0="%E6%B3%A2%E7%91%A0" n1="%E3%82%82%E3%83%BC%E3%82%8A%E3%83%BC" n2="%E3%83%9C%E3%83%9E%E3%83%BC" n3="%E3%81%8B%E3%81%8B%E3%81%8B%E3%81%8B" dan="16,16,16,16" rate="2144.32,2205.15,2174.40,2153.16" sx="F,M,M,M"/><TAIKYOKU oya="0"/><INIT seed="0,0,0,0,5,57" ten="250,250,250,250" oya="0" hai0="23,78,79,8,84,53,19,124,32,130,59,60,111" hai1="64,26,133,33,127,39,118,51,52,62,61,135,49" hai2="120,20,34,9,24,77,0,101,100,55,30,10,99" hai3="17,69,108,41,1,109,13,6,47,25,5,74,54"/><T95/><D32/><U2/><E118/><V31/><F120/><W113/><G113/><T103/><D130/><U36/><E2/><V123/><F123/><W128/><G69/><T119/><D119/><U121/><E121/><V104/><F77/><W75/><G25/><T14/><D124/><U40/><E127/><V97/><F55/><W58/><G128/><T129/><D129/><U28/><E49/><V110/><F110/><N who="3" m="42603" /><G1/><T42/><D42/><U15/><E15/><V114/><F114/><W94/><G94/><T93/><D111/><U46/><E39/><V106/><F0/><W105/><G105/><T71/><D71/><U131/><E131/><V98/><F98/><W112/><G112/><T68/><D68/><U16/><E16/><V29/><REACH who="2" step="1"/><F34/><REACH who="2" ten="250,250,240,250" step="2"/><W107/><G41/><T44/><D103/><U85/><E64/><V96/><F96/><W4/><G47/><T21/><D44/><N who="1" m="23559" /><E85/><V37/><F37/><W126/><G126/><T134/><D84/><U35/><E33/><V45/><F45/><W115/><G115/><T56/><D79/><U7/><E7/><V67/><F67/><W12/><G75/><T11/><D78/><U3/><E3/><V89/><F89/><W132/><G74/><T43/><D43/><U27/><E27/><V66/><F66/><W70/><G4/><T63/><D14/><U38/><E38/><V90/><F90/><W73/><G73/><T76/><D76/><U50/><E50/><V92/><F92/><W18/><G5/><T83/><D93/><U82/><E82/><V48/><F48/><W102/><G6/><RYUUKYOKU ba="0,1" sc="250,-15,250,15,240,15,250,-15" hai1="26,28,35,46,51,52,61,62,133,135" hai2="9,10,20,24,29,30,31,97,99,100,101,104,106" /><INIT seed="1,1,1,0,0,96" ten="235,265,255,235" oya="1" hai0="11,65,53,7,57,64,115,22,63,13,121,68,46" hai1="50,94,1,102,55,129,105,12,60,26,135,76,101" hai2="123,83,132,91,38,80,109,108,62,14,78,85,28" hai3="88,70,104,17,5,90,107,133,77,117,42,44,59"/><U4/><E105/><V39/><F123/><W103/><G70/><T111/><D121/><U69/><E1/><V98/><F132/><W89/><G5/><T119/><D119/><U51/><E135/><V9/><F28/><W97/><G133/><T3/><D115/><U32/><E32/><V106/><F62/><W48/><G117/><T16/><D111/><N who="2" m="42570" /><F106/><W47/><G107/><T43/><REACH who="0" step="1"/><D68/><REACH who="0" ten="225,265,255,235" step="2"/><U99/><E69/><V0/><F0/><W34/><G34/><T95/><D95/><U40/><E129/><V67/><F67/><W75/><G59/><T8/><D8/><N who="1" m="4103" /><E40/><V20/><F20/><W131/><G131/><T72/><D72/><U35/><E35/><V86/><F98/><W61/><G61/><T23/><D23/><U27/><E60/><V124/><F124/><W45/><REACH who="3" step="1"/><G17/><AGARI ba="1,2" hai="9,14,17,38,39,78,80,83,85,86,91" m="42570" machi="17" ten="30,1000,0" yaku="14,1" doraHai="96" who="2" fromWho="3" sc="225,0,265,0,255,33,235,-13" /><INIT seed="2,0,0,4,2,69" ten="225,265,288,222" oya="2" hai0="64,44,34,50,74,123,46,105,42,43,88,91,111" hai1="25,106,94,30,95,13,29,1,16,32,4,102,9" hai2="82,45,116,134,38,65,104,96,14,70,60,99,133" hai3="11,3,128,127,77,76,21,61,84,36,79,0,23"/><V86/><F116/><W92/><G127/><T7/><D105/><U87/><E30/><V2/><F2/><W131/><G61/><T119/><D34/><U115/><E115/><V100/><F14/><W20/><G11/><T112/><D74/><U18/><E18/><V124/><F99/><W37/><G92/><T5/><D123/><U33/><E33/><V81/><F124/><W31/><G84/><T12/><D112/><U28/><E28/><V135/><REACH who="2" step="1"/><F86/><REACH who="2" ten="225,265,278,222" step="2"/><W67/><G31/><T126/><D126/><U41/><E87/><V58/><F58/><W90/><G90/><T55/><D119/><U63/><E106/><V101/><F101/><W109/><G109/><T59/><D111/><U17/><E102/><V66/><F66/><W130/><G67/><T71/><D64/><U6/><E1/><AGARI ba="0,1" hai="0,1,3,20,21,23,36,37,76,77,79,128,130,131" machi="1" ten="50,12000,2" yaku="29,2,28,2,19,1,52,2" doraHai="69" who="3" fromWho="1" sc="225,0,265,-120,278,0,222,130" /><INIT seed="3,0,0,5,2,31" ten="225,145,278,352" oya="3" hai0="1,128,100,103,51,132,39,67,116,65,135,28,58" hai1="93,68,40,81,66,80,131,74,82,33,48,23,8" hai2="6,57,106,32,107,12,14,120,21,90,46,71,41" hai3="10,22,3,77,26,13,55,70,83,60,76,36,96"/><W27/><G36/><T110/><D1/><U75/><E33/><V19/><F71/><W133/><G3/><T89/><D39/><U122/><E8/><V119/><F119/><W64/><G133/><N who="0" m="51275" /><D116/><U24/><E122/><V102/><F120/><W98/><G55/><N who="0" m="32127" /><D110/><U4/><E4/><V91/><F57/><W78/><G83/><T115/><D115/><U37/><E37/><V61/><F61/><W127/><G127/><T38/><D38/><U35/><E131/><V20/><F6/><W126/><G126/><T108/><D108/><U62/><E93/><V118/><F118/><W63/><G63/><T114/><D114/><U42/><E23/><V59/><F59/><W5/><REACH who="3" step="1"/><G26/><REACH who="3" ten="225,145,278,342" step="2"/><T111/><D111/><U79/><E81/><V87/><F12/><W18/><AGARI ba="0,1" hai="5,10,13,18,22,27,60,64,70,76,77,78,96,98" machi="18" ten="30,6000,0" yaku="1,1,2,1,0,1,53,0" doraHai="31" doraHaiUra="113" who="3" fromWho="3" sc="225,-20,145,-20,278,-20,342,70" /><INIT seed="3,1,0,3,1,72" ten="205,125,258,412" oya="3" hai0="73,51,125,3,5,69,61,37,7,90,25,41,76" hai1="130,135,48,55,107,80,86,111,46,14,4,59,112" hai2="27,2,21,114,96,117,60,44,0,104,64,38,43" hai3="8,132,31,91,87,126,9,82,63,93,45,115,35"/><W32/><G115/><T74/><D74/><U110/><E130/><V57/><F117/><W40/><G126/><T17/><D125/><U81/><E135/><V101/><REACH who="2" step="1"/><F114/><REACH who="2" ten="205,125,248,412" step="2"/><W118/><G118/><T133/><D133/><U15/><E112/><V22/><F22/><W26/><G132/><T89/><D37/><U52/><E111/><V70/><F70/><W88/><G35/><T58/><D69/><U123/><E110/><V121/><F121/><W1/><G1/><T124/><D124/><U129/><E129/><V79/><F79/><W103/><G103/><T106/><D76/><U34/><E34/><V68/><F68/><W92/><G63/><T6/><D61/><U29/><E123/><V97/><F97/><W98/><REACH who="3" step="1"/><G82/><REACH who="3" ten="205,125,248,402" step="2"/><T20/><D3/><U10/><E81/><V65/><F65/><W56/><G56/><T85/><D58/><U11/><E59/><V67/><F67/><W95/><G95/><T105/><D105/><U116/><E107/><V12/><F12/><W30/><G30/><AGARI ba="1,2" hai="0,2,21,27,30,38,43,44,57,60,64,96,101,104" machi="30" ten="30,2000,0" yaku="1,1,7,1,53,0" doraHai="72" doraHaiUra="50" who="2" fromWho="3" sc="205,0,125,0,248,43,402,-23" /><INIT seed="4,0,0,4,4,66" ten="205,125,291,379" oya="0" hai0="135,7,83,1,99,40,43,81,67,119,92,51,93" hai1="123,35,109,15,49,128,69,85,24,31,57,70,96" hai2="54,76,12,68,90,63,36,117,47,18,110,13,107" hai3="42,30,2,112,4,89,45,20,5,65,97,80,16"/><T86/><D119/><U55/><E109/><V46/><F110/><W116/><G116/><T102/><D135/><U0/><E0/><V38/><F117/><W87/><G30/><T111/><D111/><U120/><E128/><V79/><F107/><W91/><G65/><T60/><D92/><U130/><E130/><V6/><F90/><W14/><G112/><T59/><D51/><U95/><E85/><V56/><F6/><W108/><G108/><T10/><REACH who="0" step="1"/><D83/><REACH who="0" ten="195,125,291,379" step="2"/><U100/><REACH who="1" step="1"/><E15/><REACH who="1" ten="195,115,291,379" step="2"/><V114/><F12/><W27/><G14/><T134/><D134/><U127/><E127/><V131/><F13/><W62/><G2/><T133/><D133/><U129/><E129/><V122/><F131/><W22/><G80/><T82/><D82/><U84/><E84/><V17/><F114/><W26/><G87/><T23/><D23/><U126/><E126/><V104/><F104/><W132/><G132/><T125/><D125/><U88/><E88/><AGARI ba="0,2" hai="1,7,10,40,43,59,60,67,81,86,88,93,99,102" machi="88" ten="30,11600,0" yaku="1,1,7,1,54,1,53,1" doraHai="66" doraHaiUra="52" who="0" fromWho="1" sc="195,136,115,-116,291,0,379,0" owari="331,13.0,-1,-50.0,291,-11.0,379,48.0" /></mjloggm>