<mjloggm ver="2.3"><GO type="169" lobby="0"/><UN n0="%E5%A4%A9%E7%A5%9E%E9%B3%B3%E4%BD%8D" n1="%6B%6F%7A%61%6B%69%6E%67" n2="%E3%81%8B%E3%81%A4%E3%81%A9%E3%82%93" n3="%E8%B0%B7%E5%8F%A3%E3%81%93%E3%81%86%E3%81%B8%E3%81%84" dan="16,16,17,17" rate="2130.65,2084.76,2211.71,2217.60" sx="M,M,F,M"/><TAIKYOKU oya="0"/><INIT seed="0,0,0,1,4,122" ten="250,250,250,250" oya="0" hai0="133,4,79,32,123,0,89,129,66,13,2,119,125" hai1="5,44,115,6,3,27,124,120,29,58,21,91,23" hai2="118,55,9,16,131,15,64,117,90,104,65,106,17" hai3="105,96,7,11,63,110,12,59,18,101,85,36,70"/><T130/><D123/><U34/><E120/><V69/><F131/><N who="0" m="50186" /><D119/><N who="2" m="45578" /><F69/><W72/><G72/><T20/><D79/><U107/><E107/><N who="2" m="41003" /><F55/><W83/><G36/><T121/><D89/><U134/><E134/><V86/><F17/><W48/><G70/><T73/><D66/><U77/><E77/><V25/><F25/><W24/><G48/><T50/><D50/><U30/><E91/><V54/><F54/><W33/><G33/><T28/><D73/><U42/><E124/><V88/><F90/><W68/><G68/><T61/><D61/><U40/><E40/><V47/><F47/><W35/><G35/><T114/><D121/><U51/><E58/><V93/><AGARI ba="0,0" hai="9,15,16,64,65,86,88,93" m="41003,45578" machi="93" ten="30,4000,0" yaku="12,1,54,2" doraHai="122" who="2" fromWho="2" sc="250,-20,250,-10,250,40,250,-10" /><INIT seed="1,0,0,4,1,85" ten="230,240,290,240" oya="1" hai0="11,75,131,41,80,113,73,99,82,4,98,125,96" hai1="9,107,18,23,49,103,27,68,93,74,87,19,59" hai2="63,24,22,17,65,34,52,91,117,92,121,88,58" hai3="25,53,119,6,0,116,2,81,62,127,21,76,128"/><U95/><E68/><V106/><F117/><N who="3" m="45131" /><G6/><T39/><D41/><U101/><E74/><N who="0" m="28169" /><D11/><U57/><E107/><V31/><F121/><W70/><G128/><T46/><D46/><U61/><E49/><V104/><F65/><N who="3" m="41271" /><G53/><T134/><D4/><U44/><E44/><V105/><REACH who="2" step="1"/><F92/><REACH who="2" ten="230,240,280,240" step="2"/><W84/><G127/><T77/><D125/><U3/><E95/><V123/><F123/><W20/><G20/><T48/><D113/><U54/><E93/><V16/><F16/><AGARI ba="0,1" hai="0,2,16,21,25,76,81,84" m="41271,45131" machi="16" ten="30,2000,0" yaku="12,1,54,1" doraHai="85" who="3" fromWho="2" sc="230,0,240,0,280,-20,240,30" /><INIT seed="2,0,0,3,0,26" ten="230,240,260,270" oya="2" hai0="25,15,90,23,97,29,16,116,55,64,76,113,44" hai1="46,111,37,84,8,131,35,88,14,117,9,39,49" hai2="78,75,22,34,135,13,43,45,119,99,56,65,121" hai3="50,132,27,7,79,20,41,81,128,89,10,101,70"/><V85/><F119/><W108/><G70/><T110/><D110/><U102/><E117/><V124/><F121/><W91/><G108/><T32/><D116/><U53/><E111/><V54/><F34/><W82/><G128/><T72/><D113/><U51/><E35/><V87/><F65/><W48/><G132/><T3/><D64/><U112/><E112/><V31/><F135/><W118/><G101/><T11/><D76/><U47/><E102/><V127/><F99/><W94/><G89/><T109/><D109/><U63/><E63/><V5/><F75/><W12/><G118/><T114/><D114/><U120/><E131/><V52/><F5/><W62/><G62/><T18/><D72/><U126/><E126/><N who="2" m="48171" /><F78/><W86/><G41/><T0/><D0/><U6/><E9/><V21/><F21/><W80/><REACH who="3" step="1"/><G79/><REACH who="3" ten="230,240,260,260" step="2"/><T36/><D90/><U73/><E120/><V40/><F40/><W38/><G38/><T71/><D71/><U2/><E39/><V105/><F43/><W95/><G95/><T100/><D36/><U83/><E37/><V59/><F105/><W106/><G106/><T107/><D107/><U130/><E130/><V28/><F54/><W77/><G77/><T125/><D125/><U104/><E104/><V134/><F134/><W96/><G96/><T122/><D97/><U58/><E73/><V68/><F68/><W133/><G133/><T123/><D100/><U60/><E88/><V17/><F52/><W30/><AGARI ba="0,1" hai="7,10,12,20,27,30,48,50,80,81,82,86,91,94" machi="30" ten="30,7900,0" yaku="1,1,0,1,8,1,52,1,53,0" doraHai="26" doraHaiUra="67" who="3" fromWho="3" sc="230,-20,240,-20,260,-39,260,89" /><INIT seed="3,0,0,3,3,78" ten="210,220,221,349" oya="3" hai0="58,8,103,129,72,57,28,17,79,55,118,121,37" hai1="70,94,47,12,34,19,39,14,42,0,18,66,26" hai2="27,117,9,132,35,24,122,110,96,92,75,52,49" hai3="68,32,43,11,116,111,21,31,128,131,82,124,109"/><W120/><G68/><T93/><D118/><U62/><E0/><V101/><F117/><W95/><G116/><T5/><D121/><U119/><E119/><V71/><F122/><W7/><G120/><T3/><D129/><N who="3" m="49737" /><G95/><T53/><D37/><U33/><E26/><V85/><F75/><W76/><G21/><T77/><D28/><U107/><E107/><V91/><F110/><N who="3" m="41995" /><G43/><T15/><D93/><U125/><E125/><V74/><F74/><N who="3" m="43287" /><G124/><T86/><D53/><U46/><E94/><V65/><F35/><W41/><G41/><T44/><D55/><U4/><E4/><V97/><F132/><W112/><G112/><T59/><D57/><U54/><E54/><V45/><F9/><W16/><G16/><T81/><D58/><U38/><E18/><V23/><F23/><W98/><G98/><T133/><D59/><U127/><E127/><V115/><F115/><W89/><G89/><T30/><D8/><U56/><E19/><V130/><F130/><W105/><G105/><T113/><D17/><U25/><E70/><V2/><F96/><W50/><G50/><T20/><D20/><U100/><E42/><V88/><F91/><W63/><G63/><T83/><D113/><U73/><E62/><V13/><F71/><W29/><G32/><T123/><D123/><U99/><E33/><V90/><F90/><W64/><G64/><T84/><D44/><U69/><E34/><V114/><F65/><W10/><G10/><T48/><D48/><U87/><E69/><V134/><F114/><W108/><N who="3" m="42003" /><W22/><DORA hai="80" /><G22/><T61/><D61/><RYUUKYOKU ba="0,0" sc="210,-10,220,-10,221,-10,349,30" hai3="7,11,29,31" /><INIT seed="3,1,0,2,1,38" ten="200,210,211,379" oya="3" hai0="28,46,115,84,72,48,87,25,17,4,42,75,36" hai1="55,107,86,47,20,50,123,118,35,57,21,71,126" hai2="128,7,45,106,19,56,68,130,62,95,37,104,31" hai3="13,80,121,105,59,132,27,40,131,29,83,53,100"/><W60/><G121/><T79/><D115/><U41/><E123/><V116/><F116/><W111/><G131/><N who="2" m="50217" /><F68/><W93/><G105/><T51/><D4/><U22/><E35/><V43/><F31/><W99/><G132/><T82/><D17/><U101/><E118/><V96/><F19/><W6/><G111/><T18/><D18/><U74/><E74/><V102/><F7/><W133/><G133/><T16/><D72/><U39/><E126/><V54/><AGARI ba="1,0" hai="37,43,45,54,56,62,95,96,102,104,106" m="50217" machi="54" ten="30,2000,0" yaku="19,1,52,1" doraHai="38" who="2" fromWho="2" sc="200,-6,210,-6,211,23,379,-11" /><INIT seed="4,0,0,1,1,37" ten="194,204,234,368" oya="0" hai0="45,69,113,68,12,84,135,119,36,5,49,31,70" hai1="61,103,1,55,75,131,43,60,30,66,86,99,7" hai2="105,10,96,0,80,33,62,112,21,82,125,63,67" hai3="126,108,46,27,2,18,32,35,9,41,58,134,23"/><T8/><D119/><U39/><E75/><V133/><F33/><W16/><G108/><T102/><D113/><U38/><E131/><V44/><F112/><W20/><G58/><T78/><D135/><U127/><E127/><V6/><F133/><W88/><G134/><T42/><D102/><U101/><E30/><V11/><F125/><W124/><G88/><T92/><D31/><U24/><E24/><V79/><F21/><W53/><G53/><T51/><D92/><U122/><E86/><V48/><F11/><W77/><G77/><T71/><N who="0" m="17408" /><DORA hai="116" /><T15/><REACH who="0" step="1"/><D12/><REACH who="0" ten="184,204,234,368" step="2"/><U114/><E114/><V109/><F109/><W13/><G124/><T111/><D111/><U83/><E103/><V120/><F105/><W128/><G126/><T132/><D132/><U74/><E101/><V117/><F117/><W50/><G128/><T29/><D29/><U97/><E1/><V106/><F106/><W110/><G110/><T72/><D72/><U129/><E74/><V40/><F0/><W90/><G2/><T4/><D4/><U98/><E7/><V57/><F6/><W65/><G13/><T28/><D28/><U34/><E129/><V115/><F115/><W94/><G94/><T95/><D95/><U85/><E83/><AGARI ba="0,1" hai="5,8,15,36,42,45,49,51,78,83,84" m="17408" machi="83" ten="70,12000,1" yaku="1,1,52,1,53,2" doraHai="37,116" doraHaiUra="104,47" who="0" fromWho="1" sc="184,130,204,-120,234,0,368,0" /><INIT seed="4,1,0,2,4,90" ten="314,84,234,368" oya="0" hai0="86,40,7,56,120,117,34,72,98,43,81,64,95" hai1="12,20,6,107,44,51,23,101,97,17,54,110,132" hai2="102,45,76,105,67,129,66,125,13,134,8,19,75" hai3="112,122,89,106,103,4,113,33,118,123,126,2,31"/><T53/><D117/><U124/><E110/><V38/><F129/><W0/><G89/><T36/><D120/><N who="3" m="46121" /><G118/><T91/><D34/><U9/><E132/><V109/><F109/><W130/><G130/><T30/><D72/><U61/><E124/><V77/><F134/><W11/><G126/><T58/><D30/><U78/><E78/><V80/><F77/><W59/><G59/><T135/><D135/><U27/><E61/><V119/><F119/><W24/><G103/><T63/><D7/><U104/><REACH who="1" step="1"/><E23/><REACH who="1" ten="314,74,234,368" step="2"/><V62/><F125/><W57/><G33/><T35/><D35/><U121/><E121/><V46/><F62/><W111/><G111/><T60/><REACH who="0" step="1"/><D36/><REACH who="0" ten="304,74,234,368" step="2"/><U108/><E108/><V100/><F38/><W5/><G113/><T87/><D87/><U50/><E50/><V116/><F116/><W28/><G112/><T39/><D39/><U131/><E131/><V65/><F75/><W32/><G32/><T74/><D74/><U3/><E3/><V21/><F76/><AGARI ba="1,2" hai="40,43,53,56,58,60,63,64,76,81,86,91,95,98" machi="76" ten="30,11600,0" yaku="1,1,7,1,8,1,52,1,53,0" doraHai="90" doraHaiUra="42" who="0" fromWho="2" sc="304,139,74,0,234,-119,368,0" /><INIT seed="4,2,0,1,1,43" ten="443,74,115,368" oya="0" hai0="68,92,54,114,1,76,116,29,89,111,102,31,5" hai1="13,15,94,53,77,16,7,0,19,75,74,4,48" hai2="91,115,109,125,3,108,70,79,11,67,58,44,33" hai3="85,72,57,122,22,78,105,50,132,46,80,96,45"/><T8/><D116/><U52/><E0/><V41/><F33/><W87/><G132/><T14/><D114/><U86/><E77/><V124/><F70/><W98/><G122/><T35/><D68/><U135/><E135/><V63/><F79/><W18/><G72/><T39/><D39/><U71/><E71/><V90/><F115/><W126/><G87/><T120/><D120/><U100/><E75/><V117/><F117/><W61/><G126/><N who="2" m="48745" /><F3/><W9/><G9/><T84/><D111/><N who="2" m="42570" /><F11/><W97/><G50/><AGARI ba="2,0" hai="41,44,50,58,63,67,90,91" m="42570,48745" machi="50" ten="30,2000,0" yaku="18,1,52,1" doraHai="43" who="2" fromWho="3" sc="443,0,74,0,115,26,368,-26" /><INIT seed="5,0,0,4,1,99" ten="443,74,141,342" oya="1" hai0="67,28,114,127,133,5,43,68,61,20,82,56,124" hai1="14,79,129,36,16,48,26,11,4,34,132,123,57" hai2="84,95,117,93,40,96,98,115,69,83,85,65,118" hai3="105,134,15,27,104,109,38,9,46,100,103,25,17"/><U131/><E123/><V77/><F40/><W29/><G109/><T42/><D114/><U53/><E36/><V37/><F37/><W126/><G126/><N who="0" m="48171" /><D133/><U23/><E132/><V22/><F22/><W107/><G134/><T92/><D5/><U89/><E79/><N who="2" m="46207" /><F65/><W58/><G58/><T88/><D82/><U49/><E89/><N who="2" m="55407" /><F69/><W121/><G121/><T19/><D28/><U47/><REACH who="1" step="1"/><E34/><REACH who="1" ten="443,64,141,342" step="2"/><V31/><F115/><W81/><G38/><T3/><D88/><U110/><E110/><V91/><F31/><W128/><G29/><T130/><D130/><U62/><E62/><V94/><F77/><W102/><G128/><T59/><D61/><U106/><E106/><V24/><F24/><W66/><G104/><T51/><D51/><U1/><E1/><V30/><F30/><W50/><G105/><T116/><D3/><U12/><E12/><V0/><F0/><W122/><G107/><T90/><D90/><AGARI ba="0,1" hai="85,90,91,93,94,98,117,118" m="55407,46207" machi="90" ten="30,2000,0" yaku="34,2" doraHai="99" who="2" fromWho="0" sc="443,-20,64,0,141,30,342,0" /><INIT seed="6,0,0,1,1,78" ten="423,64,171,342" oya="2" hai0="100,117,49,89,110,65,134,71,132,101,16,48,106" hai1="40,97,57,129,8,87,25,119,3,33,34,95,115" hai2="35,52,11,18,127,0,131,90,6,105,5,69,104" hai3="19,21,63,43,80,38,83,74,135,133,1,9,112"/><V14/><F69/><W128/><G74/><T122/><D110/><U92/><E119/><V93/><F131/><W130/><G63/><N who="0" m="40383" /><D122/><U123/><E129/><N who="3" m="49770" /><G112/><T67/><D67/><U46/><E115/><V66/><F66/><W31/><G31/><T61/><D61/><U99/><E123/><V103/><F127/><W109/><G109/><T72/><D72/><U108/><E108/><V17/><F35/><N who="1" m="13321" /><E25/><V81/><F81/><N who="3" m="31307" /><G38/><T32/><D32/><U75/><E75/><V56/><F105/><W53/><G43/><T94/><D106/><U37/><E37/><V86/><F104/><W29/><G29/><T50/><D117/><U116/><E116/><V114/><F114/><W102/><G102/><T113/><D101/><U126/><E40/><V13/><F103/><W125/><G53/><T4/><D100/><U59/><E126/><V39/><F39/><W7/><G125/><T64/><D113/><U107/><E107/><V70/><F70/><W118/><G118/><T111/><D111/><U79/><E79/><V91/><F91/><W60/><G60/><T42/><D42/><U30/><E3/><V44/><F0/><W77/><G77/><T121/><D121/><U2/><E2/><V54/><F54/><W98/><G98/><T55/><D55/><U20/><E99/><V73/><F73/><W27/><AGARI ba="0,0" hai="1,7,9,19,21,27,133,135" m="31307,49770" machi="27" ten="30,7900,0" yaku="19,1,52,3" doraHai="78" who="3" fromWho="3" sc="423,-20,64,-20,171,-39,342,79" /><INIT seed="7,0,0,5,1,64" ten="403,44,132,421" oya="3" hai0="36,130,91,37,20,80,82,102,127,24,55,21,126" hai1="124,81,89,2,7,62,5,125,47,41,51,111,76" hai2="23,132,10,67,68,19,85,73,63,56,44,104,45" hai3="74,54,129,52,77,110,58,42,98,113,34,28,133"/><W11/><G42/><T134/><D102/><U25/><E111/><V4/><F73/><W95/><G110/><T48/><D130/><U61/><E89/><V0/><F104/><W119/><G119/><T93/><D134/><U96/><E96/><V117/><F117/><W121/><G121/><T15/><D37/><U12/><E2/><V3/><F3/><W135/><G129/><T103/><D36/><U46/><E25/><V29/><F29/><W59/><G113/><T120/><D103/><U13/><E51/><V92/><F56/><N who="3" m="21547" /><G11/><T116/><D120/><U99/><E99/><V30/><F30/><W107/><G107/><T35/><D35/><U69/><E41/><V109/><F132/><N who="3" m="50763" /><G77/><T71/><D116/><U9/><E9/><V79/><F109/><W106/><G74/><T27/><D15/><U31/><E31/><V72/><F72/><W70/><G70/><T14/><D14/><U114/><E114/><V39/><F39/><W128/><G106/><T1/><D1/><U26/><E26/><N who="0" m="9769" /><D71/><U50/><E50/><V88/><F79/><W38/><G128/><T118/><D118/><U83/><E76/><V17/><F0/><W8/><G8/><T87/><D126/><U6/><E6/><V66/><F4/><W108/><G108/><T40/><D40/><U101/><E101/><V32/><F10/><W112/><G112/><T65/><D127/><U122/><REACH who="1" step="1"/><E122/><REACH who="1" ten="403,34,132,421" step="2"/><V84/><F88/><N who="3" m="55655" /><G38/><T90/><D65/><U75/><E75/><V53/><F67/><W123/><G123/><T78/><D82/><U86/><E86/><V60/><F66/><RYUUKYOKU ba="0,1" sc="403,-15,34,15,132,-15,421,15" hai1="5,7,12,13,46,47,61,62,69,81,83,124,125" hai3="28,34,52,54" owari="388,19.0,49,-45.0,117,-28.0,446,54.0" /></mjloggm>