<mjloggm ver="2.3"><GO type="185" lobby="0"/><UN n0="%44%75%73%6B" n1="%E3%82%A2%E3%83%AA%E3%82%A2%E3%83%AA%E5%90%9B" n2="%E3%81%B7%E3%82%8A%E3%81%B7%E3%82%8A%EF%BC%92%EF%BC%90%EF%BC%90%EF%BC%91" n3="" dan="16,16,16,0" rate="2179.03,2223.20,2122.96,1500.00" sx="M,M,M,C"/><TAIKYOKU oya="0"/><INIT seed="0,0,0,1,5,83" ten="350,350,350,0" oya="0" hai0="102,50,106,52,132,105,49,99,111,101,74,92,48" hai1="73,94,43,57,120,32,53,60,44,39,107,40,59" hai2="133,131,62,113,69,75,125,91,126,65,55,96,86" hai3=""/><T124/><D74/><U88/><N who="1" m="30752" /><U81/><E32/><V119/><F75/><T76/><D132/><U79/><E107/><V112/><F96/><T54/><D124/><N who="2" m="47722" /><F119/><T87/><D111/><U46/><E53/><V82/><F133/><T121/><N who="0" m="31008" /><T104/><REACH who="0" step="1"/><D101/><REACH who="0" ten="340,350,350,0" step="2"/><U93/><E60/><V71/><F113/><T68/><D68/><U64/><E64/><V123/><N who="2" m="31520" /><V117/><F69/><T129/><D129/><U78/><E73/><V1/><F131/><T90/><D90/><U35/><E88/><V115/><F91/><T37/><D37/><U0/><E35/><V77/><F115/><T103/><D103/><U110/><E39/><V34/><F112/><T134/><D134/><U47/><E110/><V95/><F117/><T116/><D116/><U84/><E0/><V98/><F1/><T33/><D33/><U3/><E3/><V109/><F34/><T66/><D66/><U72/><E72/><V41/><F109/><T38/><D38/><U61/><E61/><V97/><F62/><T80/><AGARI ba="0,1" hai="48,49,50,52,54,76,80,87,92,99,102,104,105,106" m="31008" machi="80" ten="40,8000,1" yaku="1,1,0,1,52,2,54,1,53,0" doraHai="83" doraHaiUra="36" who="0" fromWho="0" sc="340,90,350,-40,350,-40,0,0" /><INIT seed="0,1,0,0,0,63" ten="430,310,310,0" oya="0" hai0="40,106,113,114,51,93,133,115,33,119,122,47,108" hai1="73,95,109,45,43,86,82,44,105,36,96,135,48" hai2="85,75,70,131,134,3,59,79,128,67,129,77,56" hai3=""/><T103/><N who="0" m="31264" /><T100/><D119/><U91/><E109/><V55/><F3/><T37/><D33/><U62/><E135/><V61/><F75/><T0/><D0/><U125/><E125/><V32/><F32/><T41/><D133/><U69/><E73/><V68/><F134/><T52/><D108/><U42/><E105/><V92/><F92/><T117/><D117/><U74/><E74/><V124/><F124/><T84/><D106/><U65/><E82/><V97/><F97/><T49/><D37/><U80/><REACH who="1" step="1"/><E80/><REACH who="1" ten="430,300,310,0" step="2"/><V64/><F131/><T112/><D115/><U1/><E1/><V34/><F34/><T90/><REACH who="0" step="1"/><D40/><REACH who="0" ten="420,300,310,0" step="2"/><U110/><E110/><V38/><F129/><T2/><D2/><U66/><E66/><V35/><F128/><T98/><D98/><AGARI ba="1,2" hai="36,42,43,44,45,48,62,65,69,86,91,95,96,98" machi="98" ten="40,2600,0" yaku="1,1,52,1,53,0" doraHai="63" doraHaiUra="107" who="1" fromWho="0" sc="420,-28,300,48,310,0,0,0" /><INIT seed="1,0,0,1,2,126" ten="392,348,310,0" oya="1" hai0="110,64,39,76,116,89,113,2,88,101,86,132,123" hai1="50,102,58,1,107,67,96,103,61,99,115,134,94" hai2="127,62,120,80,66,32,81,124,55,44,36,68,35" hai3=""/><U129/><E1/><V85/><N who="2" m="30752" /><V77/><F80/><T84/><N who="0" m="31520" /><T106/><D113/><U93/><E115/><V69/><F69/><T37/><D2/><U121/><N who="1" m="31008" /><U46/><E134/><V90/><F90/><T105/><D110/><U87/><E87/><V54/><F54/><T3/><D3/><U131/><E107/><V33/><REACH who="2" step="1"/><F55/><AGARI ba="0,0" hai="46,50,55,58,61,67,93,94,96,99,102,103,129,131" m="31008" machi="55" ten="40,12000,1" yaku="9,1,52,3" doraHai="126" who="1" fromWho="2" sc="392,0,348,120,310,-120,0,0" /><INIT seed="1,1,0,4,2,123" ten="392,468,190,0" oya="1" hai0="117,87,69,132,104,121,70,33,84,79,99,41,100" hai1="102,58,97,91,55,72,78,67,68,42,103,32,116" hai2="107,106,71,129,43,90,76,37,125,35,86,108,95" hai3=""/><U83/><E32/><V36/><F35/><T81/><N who="0" m="31008" /><T44/><D132/><U52/><E116/><V96/><F71/><T135/><D135/><U98/><E42/><V45/><F129/><T61/><D117/><U60/><E55/><V119/><F119/><T73/><D33/><U62/><REACH who="1" step="1"/><E91/><REACH who="1" ten="392,458,190,0" step="2"/><V51/><F43/><T57/><D69/><U1/><E1/><V109/><F125/><T50/><D70/><U118/><E118/><V85/><F90/><T94/><D104/><U131/><E131/><V56/><F107/><T133/><REACH who="0" step="1"/><D133/><REACH who="0" ten="382,458,190,0" step="2"/><U3/><E3/><V111/><F106/><T113/><D113/><U126/><E126/><V80/><F86/><T53/><AGARI ba="1,2" hai="41,44,50,53,57,61,73,79,81,84,87,94,99,100" m="31008" machi="53" ten="20,3900,0" yaku="1,1,0,1,7,1,52,1,53,0" doraHai="123" doraHaiUra="124" who="0" fromWho="0" sc="382,61,458,-27,190,-14,0,0" /><INIT seed="2,0,0,4,0,77" ten="443,431,176,0" oya="2" hai0="96,134,107,55,75,106,66,3,44,34,110,111,112" hai1="37,81,61,0,38,70,132,98,46,102,101,58,40" hai2="33,88,41,93,129,49,1,50,124,86,60,119,52" hai3=""/><V100/><F1/><T82/><D3/><U114/><E0/><V115/><F33/><T45/><D34/><U42/><E114/><V48/><F119/><T91/><D134/><U62/><E70/><V80/><F115/><T63/><D112/><U56/><E132/><V123/><N who="2" m="31520" /><V64/><F129/><T125/><D125/><U57/><E81/><V130/><F41/><T133/><D133/><U135/><E135/><V116/><F116/><T128/><D128/><U117/><E117/><V47/><F124/><T78/><D55/><U87/><E87/><V72/><F130/><T71/><D91/><U104/><E102/><V76/><F100/><T51/><D45/><AGARI ba="0,0" hai="37,38,40,42,45,46,56,57,58,61,62,98,101,104" machi="45" ten="40,1300,0" yaku="9,1" doraHai="77" who="1" fromWho="0" sc="443,-13,431,13,176,0,0,0" /><INIT seed="4,0,0,1,3,32" ten="430,444,176,0" oya="0" hai0="94,91,88,76,97,78,115,83,67,35,53,96,93" hai1="104,77,40,2,109,124,82,58,120,79,95,64,98" hai2="63,114,54,75,130,71,1,125,90,116,56,122,128" hai3=""/><T52/><D35/><U3/><N who="1" m="30752" /><U55/><E109/><V119/><N who="2" m="31264" /><V62/><F75/><T47/><D115/><U0/><E104/><V113/><F1/><T39/><D67/><U99/><E124/><V101/><F101/><T92/><D92/><U126/><E126/><V86/><F125/><T51/><D39/><U131/><E40/><V49/><F86/><T66/><D66/><U134/><E131/><N who="2" m="50219" /><F90/><T103/><D53/><U81/><E64/><V133/><F133/><T117/><D117/><N who="2" m="45130" /><F71/><T85/><AGARI ba="0,0" hai="47,51,52,76,78,83,85,88,91,93,94,96,97,103" machi="85" ten="30,7800,0" yaku="0,1,8,1,54,2" doraHai="32" who="0" fromWho="0" sc="430,78,444,-39,176,-39,0,0" /><INIT seed="4,1,0,5,4,0" ten="508,405,137,0" oya="0" hai0="87,52,2,48,133,77,3,68,111,56,37,64,103" hai1="118,66,107,115,67,34,82,100,129,81,36,97,113" hai2="83,44,114,50,106,57,75,121,90,134,74,40,35" hai3=""/><T102/><D133/><U112/><E118/><V135/><N who="2" m="31008" /><V72/><F106/><T80/><D111/><U71/><E36/><V99/><F114/><T105/><D37/><U122/><N who="1" m="31264" /><U98/><E129/><V119/><F119/><T58/><D68/><U132/><E132/><N who="2" m="50731" /><F57/><T86/><D86/><U127/><E127/><V125/><F125/><T1/><D105/><U95/><E34/><V92/><F83/><N who="1" m="31753" /><E71/><V32/><AGARI ba="1,0" hai="32,35,40,44,50,72,74,75,90,92,99" m="50731,31008" machi="32" ten="40,6000,1" yaku="20,1,52,3" doraHai="0" who="2" fromWho="2" sc="508,-41,405,-21,137,62,0,0" /><INIT seed="5,0,0,5,5,91" ten="467,384,199,0" oya="1" hai0="1,76,71,0,133,113,93,72,45,32,90,119,97" hai1="58,135,53,34,122,62,68,129,35,120,78,64,49" hai2="96,79,131,81,39,59,126,105,106,121,124,89,2" hai3=""/><U86/><N who="1" m="30752" /><U52/><N who="1" m="31264" /><U66/><E135/><V55/><N who="2" m="31008" /><V42/><F2/><T69/><D113/><U125/><E125/><V127/><F131/><T108/><D108/><U116/><E116/><V134/><F134/><T46/><D133/><U57/><E129/><V110/><F110/><T73/><D119/><U128/><E128/><V43/><F39/><T130/><D130/><U56/><E66/><V36/><F36/><T118/><D118/><U102/><E102/><V103/><F89/><T83/><D72/><U37/><E37/><V38/><F106/><T40/><D32/><U51/><E56/><V99/><F99/><T75/><D75/><U104/><E104/><V63/><REACH who="2" step="1"/><F38/><REACH who="2" ten="467,384,189,0" step="2"/><T95/><D1/><U112/><E112/><V65/><F65/><T115/><D90/><U33/><E35/><V80/><F80/><AGARI ba="0,1" hai="33,34,49,51,52,53,57,58,62,64,68,78,80,86" m="31264,30752" machi="80" ten="40,12000,1" yaku="9,1,52,2,54,1" doraHai="91" who="1" fromWho="2" sc="467,0,384,130,189,-120,0,0" /><INIT seed="5,1,0,5,0,114" ten="467,514,69,0" oya="1" hai0="54,115,116,52,117,86,119,53,75,2,122,83,105" hai1="60,77,128,100,101,51,48,62,108,91,37,79,72" hai2="125,32,34,121,131,71,40,69,94,120,41,49,103" hai3=""/><U63/><E128/><V43/><N who="2" m="30752" /><V3/><N who="2" m="31008" /><V36/><F3/><T55/><N who="0" m="31264" /><T33/><D115/><U1/><E1/><V64/><F36/><T81/><D33/><U42/><E37/><V58/><F131/><T99/><D2/><U47/><E108/><V124/><F94/><T133/><D133/><U50/><E91/><V98/><F98/><T80/><D75/><U97/><E72/><V110/><F103/><T65/><D65/><U82/><E82/><V84/><F84/><T123/><N who="0" m="31520" /><T90/><N who="0" m="13312" /><DORA hai="46" /><T73/><D73/><U112/><E112/><V109/><F32/><T127/><D127/><N who="2" m="48714" /><F34/><T135/><D135/><U107/><REACH who="1" step="1"/><E101/><AGARI ba="1,0" hai="80,81,83,86,90,99,101,105,116,117,119" m="13312,31520,31264" machi="101" ten="60,12000,2" yaku="12,1,52,5,54,1" doraHai="114,46" who="0" fromWho="1" sc="467,122,514,-122,69,0,0,0" /><INIT seed="6,0,0,5,2,87" ten="589,392,69,0" oya="2" hai0="76,104,60,39,65,109,57,37,122,66,51,119,47" hai1="115,86,63,3,107,100,85,90,71,59,98,92,112" hai2="2,58,68,113,103,135,128,102,62,50,108,106,56" hai3=""/><V118/><F2/><T132/><N who="0" m="31264" /><T80/><D109/><U110/><E110/><V124/><F118/><T88/><D132/><U0/><E71/><V82/><F108/><T105/><D119/><U55/><REACH who="1" step="1"/><E85/><REACH who="1" ten="589,382,69,0" step="2"/><V93/><F135/><T134/><D134/><U36/><E36/><V91/><F128/><T44/><D37/><U99/><E99/><V52/><F124/><T130/><D39/><U32/><E32/><V101/><F68/><T77/><D130/><U73/><E73/><V81/><F113/><AGARI ba="0,1" hai="0,3,55,59,63,86,90,92,98,100,107,112,113,115" machi="113" ten="40,5200,0" yaku="1,1,15,1,52,1,53,0" doraHai="87" doraHaiUra="45" who="1" fromWho="2" sc="589,0,382,62,69,-52,0,0" owari="589,54.0,444,4.0,17,-58.0,0,0.0" /></mjloggm>