<mjloggm ver="2.3"><GO type="169" lobby="0"/><UN n0="%2D%E8%B1%8A%E5%8F%A3%E3%82%81%E3%81%90%E3%81%BF%2D" n1="%E3%81%86%E3%81%95%E3%81%8E%E3%83%95%E3%82%A1%E3%83%B3%E3%82%B7%E3%83%BC" n2="%E3%82%A6%E3%83%AB%E3%83%88%E3%83%A9%E7%AB%8B%E7%9B%B4" n3="%E3%81%BF%E3%81%8B%E3%82%82%E3%82%81" dan="18,16,20,17" rate="2203.92,2111.87,2180.02,2182.99" sx="F,F,M,M"/><TAIKYOKU oya="0"/><INIT seed="0,0,0,3,2,78" ten="250,250,250,250" oya="0" hai0="84,55,89,123,104,97,100,11,113,17,120,85,134" hai1="47,96,98,105,116,68,26,21,91,94,69,43,74" hai2="125,88,124,60,44,114,41,6,14,63,39,122,58" hai3="127,12,80,10,4,1,7,5,65,112,36,121,95"/><T72/><D113/><U31/><E116/><V90/><F122/><W71/><G112/><T111/><D134/><U30/><E74/><V28/><F28/><W54/><G121/><T87/><D72/><U133/><E133/><V13/><F114/><W110/><G110/><T23/><D111/><U126/><E126/><N who="2" m="48747" /><F63/><W24/><G36/><T93/><D123/><U27/><E105/><V32/><F32/><W25/><G95/><T61/><D11/><U119/><E98/><V73/><F73/><W48/><G127/><T102/><D120/><U131/><E131/><V128/><F128/><W83/><G65/><T117/><D117/><U18/><E119/><V107/><F107/><W66/><G66/><T42/><D42/><U15/><E27/><N who="3" m="10314" /><G71/><T0/><D0/><U130/><E31/><V46/><F46/><N who="3" m="27927" /><G1/><T56/><REACH who="0" step="1"/><D104/><REACH who="0" ten="240,250,250,250" step="2"/><U99/><E130/><V64/><F13/><AGARI ba="0,1" hai="13,17,23,55,56,61,84,85,87,89,93,97,100,102" machi="13" ten="40,7700,0" yaku="1,1,2,1,8,1,53,0" doraHai="78" doraHaiUra="40" who="0" fromWho="2" sc="240,87,250,0,250,-77,250,0" /><INIT seed="0,1,0,5,5,76" ten="327,250,173,250" oya="0" hai0="25,91,81,73,97,56,68,5,120,128,124,44,66" hai1="28,31,17,18,15,133,14,77,85,10,41,135,132" hai2="115,48,131,104,71,80,11,113,32,123,51,87,107" hai3="47,127,89,27,40,61,101,92,93,24,54,70,59"/><T134/><D120/><U82/><REACH who="1" step="1"/><E41/><REACH who="1" ten="327,240,173,250" step="2"/><V58/><F123/><W100/><G127/><T98/><D124/><U30/><E30/><V36/><F115/><W69/><G69/><T3/><D68/><U96/><E96/><V34/><F71/><W103/><G70/><T74/><D98/><U106/><E106/><V118/><F107/><W79/><G79/><T19/><D97/><U9/><AGARI ba="1,1" hai="9,10,14,15,17,18,28,31,77,82,85,132,133,135" machi="9" ten="30,12000,2" yaku="21,2,0,1,9,1,20,1,52,1,53,0" doraHai="76" doraHaiUra="112" who="1" fromWho="1" sc="327,-61,240,133,173,-31,250,-31" /><INIT seed="1,0,0,4,5,111" ten="266,373,142,219" oya="1" hai0="94,127,69,61,1,11,104,83,76,130,67,58,68" hai1="86,95,57,30,80,65,56,60,10,98,23,92,77" hai2="26,74,128,89,2,14,34,18,49,12,117,88,51" hai3="90,73,50,75,0,47,97,42,102,64,7,52,115"/><U15/><E57/><V110/><F117/><W131/><G131/><T70/><D104/><U116/><E116/><V62/><F2/><W63/><G90/><N who="2" m="34921" /><F74/><W108/><G108/><T133/><D130/><U120/><E120/><V105/><F105/><W36/><G115/><T32/><D32/><U16/><E98/><V21/><F34/><W13/><G0/><T85/><D133/><U43/><E43/><V44/><F110/><W59/><G13/><N who="2" m="5225" /><F128/><W17/><G17/><T134/><D134/><U25/><AGARI ba="0,0" hai="10,15,16,23,25,30,56,60,65,77,80,86,92,95" machi="25" ten="30,6000,0" yaku="0,1,8,1,54,1" doraHai="111" who="1" fromWho="1" sc="266,-20,373,60,142,-20,219,-20" /><INIT seed="1,1,0,1,2,21" ten="246,433,122,199" oya="1" hai0="17,127,2,28,1,99,5,13,128,107,39,83,133" hai1="47,123,43,88,116,60,71,55,0,122,94,80,106" hai2="103,120,109,44,37,56,22,29,10,52,115,118,16" hai3="54,7,30,11,20,75,90,97,50,61,82,46,57"/><U85/><E116/><V68/><F120/><W66/><G75/><T124/><D39/><U73/><E0/><V77/><F118/><W102/><G82/><T8/><D83/><U111/><E106/><V126/><F68/><W74/><G74/><T59/><D59/><U112/><E112/><V14/><F115/><W41/><G90/><T104/><D104/><U98/><E111/><V26/><F109/><W96/><G102/><T76/><D76/><U51/><E73/><V92/><F126/><N who="0" m="48170" /><D99/><U117/><E117/><V65/><F77/><W129/><G129/><T62/><D62/><U18/><E18/><V6/><F65/><W45/><G30/><T132/><D107/><U79/><REACH who="1" step="1"/><E43/><REACH who="1" ten="246,423,122,199" step="2"/><V130/><F130/><W131/><G131/><T40/><D40/><U113/><E113/><V42/><F6/><W27/><G41/><T134/><D128/><U119/><E119/><V12/><F16/><N who="3" m="12679" /><G45/><T53/><D17/><U84/><E84/><V58/><F44/><W24/><G7/><T121/><D121/><U31/><E31/><V72/><F29/><W33/><G46/><T4/><D4/><U70/><E70/><V108/><F108/><W91/><G97/><T125/><D125/><U9/><E9/><V49/><F10/><W86/><G11/><T87/><D87/><U64/><AGARI ba="1,1" hai="47,51,55,60,64,71,79,80,85,88,94,98,122,123" machi="64" ten="30,11700,0" yaku="1,1,0,1,54,1,53,1" doraHai="21" doraHaiUra="78" who="1" fromWho="1" sc="246,-40,423,130,122,-40,199,-40" /><INIT seed="1,2,0,0,4,67" ten="206,553,82,159" oya="1" hai0="73,104,52,85,122,84,55,117,38,90,114,31,15" hai1="111,92,64,123,125,11,72,113,135,87,97,80,101" hai2="106,98,28,88,3,81,134,129,6,41,110,133,77" hai3="83,39,30,18,119,26,120,47,21,79,65,54,40"/><U23/><E113/><V109/><F28/><W91/><G120/><T0/><D114/><U131/><E123/><V105/><F3/><W82/><G119/><T95/><D0/><U94/><E135/><N who="2" m="51723" /><F6/><W57/><G65/><T24/><D73/><U127/><E11/><V108/><F41/><W35/><G79/><T71/><D104/><U25/><E131/><V10/><F10/><W121/><G121/><T130/><D130/><U132/><E132/><V45/><F45/><W99/><G91/><T75/><D75/><U48/><E72/><N who="2" m="43175" /><F129/><W58/><G99/><T44/><D38/><U36/><E36/><V34/><F34/><W32/><G32/><T14/><D44/><U128/><E128/><V13/><F13/><W102/><G102/><T37/><D15/><U9/><E9/><V70/><F70/><W17/><G58/><T100/><D71/><U43/><E64/><V8/><F8/><W78/><G83/><T76/><D100/><U59/><E43/><V61/><F61/><W118/><G118/><T96/><D117/><U22/><E80/><V5/><F5/><W124/><G35/><T2/><D2/><U62/><E62/><V69/><F69/><W51/><G124/><T4/><D37/><U60/><E59/><V19/><F19/><W126/><G126/><T12/><D122/><U63/><E125/><V115/><F115/><W33/><G33/><N who="0" m="20711" /><D4/><U86/><E63/><V1/><F1/><W20/><G21/><T103/><D14/><U107/><E23/><V29/><F29/><W68/><G68/><T27/><D12/><U42/><E127/><RYUUKYOKU ba="2,0" sc="206,-15,553,-15,82,15,159,15" hai2="88,98,105,106,108,109,110" hai3="17,18,20,26,30,39,40,47,51,54,57,78,82" /><INIT seed="2,3,0,2,0,32" ten="191,538,97,174" oya="2" hai0="124,117,119,120,109,1,21,92,29,38,39,35,27" hai1="58,41,93,65,47,10,45,112,83,125,57,96,95" hai2="34,67,9,46,3,37,50,30,14,74,4,62,78" hai3="94,79,81,44,6,0,108,132,60,88,99,28,31"/><V118/><F118/><N who="0" m="45066" /><D109/><U71/><E112/><V127/><F127/><W7/><G108/><T86/><D120/><U89/><E89/><V54/><F37/><W115/><G132/><T107/><D107/><U42/><E125/><V105/><F105/><W20/><G115/><T134/><D124/><U123/><E83/><V17/><F78/><W26/><G31/><T77/><D134/><U130/><E10/><V101/><F101/><W70/><G44/><T23/><D1/><U49/><E130/><V113/><F74/><W133/><G133/><T66/><D66/><U59/><E123/><V15/><F113/><W64/><REACH who="3" step="1"/><G0/><REACH who="3" ten="191,538,97,164" step="2"/><T110/><D110/><U87/><E45/><V63/><F3/><W72/><AGARI ba="3,1" hai="6,7,20,26,28,60,64,70,72,79,81,88,94,99" machi="72" ten="20,12000,2" yaku="1,1,2,1,0,1,7,1,54,1,53,1" doraHai="32" doraHaiUra="25" who="3" fromWho="3" sc="191,-33,538,-33,97,-63,164,139" /><INIT seed="3,0,0,0,4,102" ten="158,505,34,303" oya="3" hai0="5,27,86,80,53,90,121,112,72,126,89,37,35" hai1="13,17,67,131,36,52,3,44,55,83,16,125,9" hai2="79,75,18,42,30,116,41,108,61,71,128,11,77" hai3="8,115,73,33,39,82,134,59,47,23,105,85,62"/><W123/><G115/><T12/><D121/><U51/><E125/><V101/><F116/><W84/><G33/><T114/><D126/><U119/><E119/><V70/><F128/><W78/><G123/><T113/><D37/><U103/><E131/><V110/><F30/><W76/><G23/><T58/><D72/><U91/><E67/><V109/><F61/><W19/><G134/><T28/><D90/><U104/><E3/><V99/><F18/><W57/><G76/><N who="2" m="29257" /><F11/><W25/><G25/><T10/><D58/><U60/><E36/><V81/><F81/><W133/><G133/><T107/><D53/><U100/><E17/><V26/><F26/><W74/><G73/><T48/><D48/><U20/><E20/><V64/><F64/><W94/><G94/><T68/><D68/><N who="2" m="26154" /><F75/><W15/><G105/><AGARI ba="0,0" hai="5,10,12,27,28,35,80,86,89,105,107,112,113,114" machi="105" ten="40,5200,0" yaku="11,1,52,2" doraHai="102" who="0" fromWho="3" sc="158,52,505,0,34,0,303,-52" /><AGARI ba="0,0" hai="41,42,99,101,105,108,109,110" m="26154,29257" machi="105" ten="40,2600,0" yaku="14,1,52,1" doraHai="102" who="2" fromWho="3" sc="210,0,505,0,34,26,251,-26" /><INIT seed="4,0,0,0,4,65" ten="210,505,60,225" oya="0" hai0="89,129,27,41,75,9,31,116,128,45,87,2,118" hai1="111,80,84,61,68,44,66,33,78,24,107,121,1" hai2="6,93,59,57,70,104,71,112,92,88,120,50,62" hai3="109,101,46,26,43,105,22,25,19,28,3,115,91"/><T34/><D75/><U39/><E111/><V40/><F104/><W32/><G109/><T98/><D98/><U13/><E121/><V29/><F120/><W106/><G115/><T119/><D2/><U18/><E1/><V67/><F112/><W126/><G126/><T131/><D9/><U64/><E107/><V69/><F6/><W16/><G3/><T37/><D87/><U122/><E122/><V10/><F10/><W96/><G91/><AGARI ba="0,0" hai="27,31,34,37,41,45,89,91,116,118,119,128,129,131" machi="91" ten="50,2400,0" yaku="19,1" doraHai="65" who="0" fromWho="3" sc="210,24,505,0,60,0,225,-24" /><INIT seed="4,1,0,5,0,135" ten="234,505,60,201" oya="0" hai0="66,30,101,74,59,42,32,19,5,114,33,15,121" hai1="39,22,82,57,21,10,78,50,75,77,118,116,129" hai2="48,120,23,55,132,12,27,115,84,44,14,128,2" hai3="28,89,36,64,69,93,112,117,43,91,17,100,102"/><T111/><D74/><U51/><E39/><V58/><F120/><W41/><G117/><T71/><D71/><U85/><E129/><V124/><F132/><W123/><G112/><T53/><D121/><U34/><E34/><V76/><F128/><W24/><G123/><T126/><D66/><U131/><E131/><V40/><F115/><W107/><G107/><T94/><D5/><U7/><E116/><V31/><F2/><W98/><G36/><T16/><D42/><U25/><E118/><V81/><REACH who="2" step="1"/><F124/><REACH who="2" ten="234,505,50,201" step="2"/><W68/><G69/><T133/><D126/><U0/><E0/><V37/><AGARI ba="1,1" hai="12,14,23,27,31,37,40,44,48,55,58,76,81,84" machi="37" ten="20,8000,1" yaku="1,1,2,1,0,1,7,1,53,1" doraHai="135" doraHaiUra="72" who="2" fromWho="2" sc="234,-41,505,-21,50,93,201,-21" /><INIT seed="5,0,0,1,4,78" ten="193,484,143,180" oya="1" hai0="106,46,89,49,117,30,90,8,54,108,62,107,66" hai1="122,61,1,120,56,99,28,114,11,127,93,9,113" hai2="18,100,124,32,116,48,77,131,58,126,55,123,110" hai3="98,72,47,37,95,67,16,45,69,33,68,26,128"/><U36/><E36/><V23/><F116/><W82/><G128/><T63/><D108/><U44/><E127/><N who="2" m="48683" /><F110/><W65/><G69/><T94/><D117/><U14/><E28/><V22/><F123/><W35/><G35/><T2/><D30/><U115/><E44/><V121/><F121/><N who="1" m="46697" /><E14/><V70/><F32/><W60/><G67/><T64/><D90/><N who="1" m="55735" /><E1/><V29/><F70/><W135/><G135/><T91/><D91/><U118/><E118/><V59/><F29/><W27/><G33/><T132/><D132/><U80/><E80/><V20/><F59/><W129/><G37/><T39/><D39/><U4/><E4/><V17/><F17/><W43/><G43/><T51/><D2/><U10/><E10/><V3/><F18/><W83/><G27/><T31/><D8/><U12/><E12/><V5/><F3/><W111/><G111/><T133/><D31/><U74/><E74/><V7/><F5/><W81/><G72/><T50/><D133/><U15/><E15/><V134/><F7/><W25/><G25/><T87/><D46/><U75/><E75/><V71/><F134/><W109/><G109/><T40/><D40/><U112/><E112/><V85/><F71/><W42/><G42/><T34/><D34/><U38/><E38/><V53/><F53/><AGARI ba="0,0" hai="9,11,53,56,61,113,114,115" m="55735,46697" machi="53" ten="40,2000,0" yaku="15,1" doraHai="78" who="1" fromWho="2" sc="193,0,484,20,143,-20,180,0" /><INIT seed="5,1,0,4,1,21" ten="193,504,123,180" oya="1" hai0="7,124,60,42,50,109,48,75,23,81,69,79,3" hai1="49,52,14,20,71,98,77,130,86,54,44,65,64" hai2="6,132,46,0,10,18,76,28,16,83,13,40,66" hai3="15,112,106,129,85,31,25,11,51,104,131,128,27"/><U61/><E130/><V4/><F132/><W95/><G112/><T72/><D109/><U120/><E120/><V88/><F28/><W105/><G31/><T8/><D124/><U38/><E38/><V41/><F66/><W96/><G85/><T110/><D110/><U59/><E98/><V87/><F0/><W135/><G51/><T97/><D75/><U107/><E107/><V12/><F76/><W19/><G135/><T26/><D97/><U80/><E71/><V89/><F89/><AGARI ba="1,0" hai="11,15,19,25,27,89,95,96,104,105,106,128,129,131" machi="89" ten="50,6400,0" yaku="19,1,52,2" doraHai="21" who="3" fromWho="2" sc="193,0,504,0,123,-67,180,67" /><INIT seed="6,0,0,1,4,11" ten="193,504,56,247" oya="2" hai0="127,122,41,87,10,92,34,60,26,89,74,42,52" hai1="118,106,4,111,64,68,110,135,99,130,49,112,63" hai2="7,121,134,65,114,95,67,101,109,90,29,73,28" hai3="3,48,96,132,6,97,24,102,69,20,129,54,51"/><V21/><F121/><W30/><G129/><T119/><D122/><U72/><E118/><V47/><F134/><W93/><G132/><T133/><D133/><U91/><E135/><V62/><F114/><W22/><G69/><T98/><D74/><U50/><E72/><V88/><F109/><W125/><G3/><T107/><D127/><U46/><E112/><V44/><F73/><W76/><G6/><T105/><D105/><U12/><E130/><V37/><F7/><W70/><G70/><T66/><D10/><U16/><E4/><V19/><F101/><W94/><G76/><T100/><D119/><U84/><E99/><N who="2" m="57831" /><F90/><W38/><G38/><T113/><D113/><U5/><E5/><V33/><F33/><W115/><G115/><T2/><D2/><U15/><E106/><V75/><F75/><W35/><G125/><T78/><D78/><U83/><E50/><V131/><F131/><W56/><G51/><T1/><D1/><U126/><E126/><V39/><F39/><W25/><G25/><T108/><D108/><U80/><E80/><V27/><F37/><W85/><G85/><T116/><D116/><U59/><E68/><V57/><F67/><W55/><G55/><T53/><D53/><N who="1" m="29879" /><E110/><V8/><F8/><W71/><G71/><N who="0" m="42439" /><D52/><U86/><E86/><V40/><F40/><W58/><G58/><T14/><D42/><U77/><E91/><AGARI ba="0,0" hai="20,22,24,30,35,48,54,56,91,93,94,96,97,102" machi="91" ten="30,1000,0" yaku="7,1" doraHai="11" who="3" fromWho="1" sc="193,0,504,-10,56,0,247,10" /><INIT seed="7,0,0,1,5,96" ten="193,494,56,257" oya="3" hai0="70,5,132,16,29,0,73,31,63,6,131,125,88" hai1="20,8,30,120,114,105,117,23,102,95,7,39,56" hai2="22,24,80,28,46,35,124,100,67,9,34,15,84" hai3="101,62,72,49,11,75,135,13,2,78,91,127,115"/><W53/><G2/><T87/><D73/><U93/><E120/><V122/><F124/><W66/><G127/><T50/><D125/><U133/><E39/><V1/><F122/><W74/><G115/><T54/><D132/><U27/><E133/><V42/><F67/><W40/><G40/><T94/><D131/><U61/><E117/><V83/><F1/><W134/><G91/><T44/><D6/><U128/><E128/><V108/><F108/><W97/><G78/><T76/><D76/><U57/><E114/><V14/><F14/><W77/><G77/><T110/><D110/><U45/><E45/><V12/><F12/><W118/><G118/><T116/><D116/><U119/><E23/><V82/><F35/><W32/><G32/><T37/><D37/><U109/><E57/><V19/><F34/><W85/><G85/><T26/><D63/><U111/><E119/><V126/><F126/><W107/><G53/><T98/><D70/><U43/><E43/><V89/><REACH who="2" step="1"/><F100/><REACH who="2" ten="193,494,46,257" step="2"/><W69/><G135/><T52/><D0/><N who="1" m="103" /><E95/><V86/><F86/><W68/><G134/><T25/><D87/><U10/><E10/><V60/><F60/><W112/><G112/><T55/><D26/><U130/><E105/><V79/><F79/><W38/><G69/><T106/><D106/><U81/><E81/><V58/><F58/><W51/><G38/><T21/><D5/><U17/><E130/><V123/><F123/><W4/><AGARI ba="0,1" hai="4,11,13,49,51,62,66,68,72,74,75,97,101,107" machi="4" ten="30,3000,0" yaku="0,1,52,1" doraHai="96" who="3" fromWho="3" sc="193,-10,494,-10,46,-10,257,40" /><INIT seed="7,1,0,5,3,26" ten="183,484,36,297" oya="3" hai0="102,92,18,95,52,114,53,98,83,123,58,14,82" hai1="57,96,49,30,121,93,36,56,60,40,17,97,101" hai2="120,66,5,116,44,112,59,25,22,109,28,86,134" hai3="65,78,74,118,32,15,100,87,119,111,129,128,131"/><W126/><G65/><T54/><D123/><U27/><E121/><V113/><F120/><W77/><G15/><T3/><D3/><U94/><E36/><V133/><F44/><W88/><G32/><T73/><D114/><N who="2" m="44138" /><F86/><W80/><G126/><T29/><D73/><U39/><E39/><V110/><F59/><W85/><G111/><T2/><D83/><U1/><E1/><V71/><F66/><W84/><G100/><T35/><D2/><U103/><E17/><V7/><F71/><W23/><G23/><T51/><D92/><U76/><E76/><N who="3" m="29290" /><G74/><T68/><D82/><U125/><E125/><V67/><F67/><W81/><G88/><T62/><D68/><U130/><E101/><V106/><F106/><W42/><G42/><T69/><D69/><U16/><E40/><V79/><F79/><W75/><G75/><T105/><D105/><U34/><E103/><V55/><F116/><AGARI ba="1,0" hai="80,81,84,85,87,116,118,119,128,129,131" m="29290" machi="116" ten="40,12000,1" yaku="28,2,19,1,34,2" doraHai="26" who="3" fromWho="2" sc="183,0,484,0,36,-123,297,123" owari="183,-22.0,484,59.0,-87,-59.0,420,22.0" /></mjloggm>