<mjloggm ver="2.3"><GO type="185" lobby="0"/><UN n0="%E3%82%B9%E3%83%BC%E3%83%91%E3%83%BC%E8%88%9B%E6%B7%BB" n1="%63%61%6C%63%2E" n2="%41%74%72%69%61" n3="" dan="17,19,17,0" rate="2173.26,2392.28,2224.92,1500.00" sx="M,M,F,C"/><TAIKYOKU oya="0"/><INIT seed="0,0,0,0,5,86" ten="350,350,350,0" oya="0" hai0="134,96,57,133,42,41,74,125,105,67,71,43,83" hai1="119,90,88,103,32,135,127,101,63,56,123,1,55" hai2="81,79,54,100,34,51,58,50,2,61,113,60,48" hai3=""/><T82/><D74/><U111/><N who="1" m="31520" /><U62/><E119/><V89/><F113/><T38/><D71/><U95/><E32/><V114/><F114/><T52/><D67/><U122/><N who="1" m="31264" /><U70/><E1/><V49/><F34/><T93/><D105/><U76/><E111/><V99/><F2/><T115/><D125/><U130/><E127/><V66/><F89/><T36/><D115/><U77/><E130/><V84/><REACH who="2" step="1"/><F66/><REACH who="2" ten="350,350,340,0" step="2"/><T0/><D0/><U65/><E90/><V98/><F98/><T131/><D131/><U78/><REACH who="1" step="1"/><E135/><REACH who="1" ten="350,340,340,0" step="2"/><V35/><F35/><T69/><D133/><U110/><E110/><V91/><F91/><T116/><D134/><U97/><AGARI ba="0,2" hai="55,56,62,63,65,70,76,77,78,88,95,97,101,103" m="31264,31520" machi="97" ten="30,9000,2" yaku="1,1,0,1,52,3,54,1,53,0" doraHai="86" doraHaiUra="104" who="1" fromWho="1" sc="350,-60,340,110,340,-30,0,0" /><INIT seed="1,0,0,4,1,101" ten="290,450,310,0" oya="1" hai0="135,120,111,93,46,38,83,33,132,117,96,2,107" hai1="69,134,124,129,97,55,122,94,90,67,68,70,34" hai2="92,125,118,99,56,74,32,35,128,65,49,123,40" hai3=""/><U119/><N who="1" m="31264" /><U79/><E119/><V43/><N who="2" m="31520" /><V78/><F118/><T42/><N who="0" m="30752" /><T1/><D33/><U44/><E34/><V3/><F3/><T103/><D117/><U47/><E129/><V112/><F128/><T82/><D111/><U102/><E134/><N who="0" m="51241" /><D93/><U86/><E124/><V121/><N who="2" m="31008" /><V88/><F125/><T0/><AGARI ba="0,0" hai="0,1,2,38,42,46,82,83,96,103,107" m="51241,30752" machi="0" ten="40,3900,0" yaku="20,1,52,2" doraHai="101" who="0" fromWho="0" sc="290,39,450,-26,310,-13,0,0" /><INIT seed="2,0,0,0,4,77" ten="329,424,297,0" oya="2" hai0="108,35,68,57,63,92,125,73,105,86,114,133,91" hai1="32,82,53,64,83,36,106,75,44,56,3,55,43" hai2="122,58,72,61,113,76,48,115,112,107,80,40,41" hai3=""/><V130/><N who="2" m="31264" /><V71/><F107/><T96/><D35/><U128/><E32/><V135/><F135/><T49/><D68/><U65/><E3/><V45/><F130/><T70/><D114/><U120/><N who="1" m="30752" /><U90/><E106/><V89/><F71/><T117/><D117/><U54/><E128/><V132/><F132/><T34/><D34/><U99/><E75/><V1/><F1/><T127/><D70/><U2/><E2/><V97/><F40/><T109/><D49/><U103/><E103/><V79/><F79/><T33/><D33/><U51/><E36/><V123/><N who="2" m="31520" /><V131/><F131/><T78/><D133/><U69/><E69/><V39/><F39/><T50/><D50/><U104/><E104/><V37/><F37/><T46/><D105/><U118/><E118/><V59/><REACH who="2" step="1"/><F61/><REACH who="2" ten="329,424,287,0" step="2"/><T93/><D78/><U111/><E111/><V60/><F60/><T119/><D109/><U52/><E43/><V129/><F129/><T134/><D108/><U100/><E56/><V84/><F84/><T74/><D119/><U124/><E51/><V85/><F85/><T87/><D87/><U126/><E44/><V94/><AGARI ba="0,1" hai="41,45,48,58,59,72,76,80,89,94,97,112,113,115" m="31520,31264" machi="94" ten="40,8000,1" yaku="1,1,0,1,52,3,53,0" doraHai="77" doraHaiUra="62" who="2" fromWho="2" sc="329,-40,424,-40,287,90,0,0" /><INIT seed="2,1,0,3,5,103" ten="289,384,377,0" oya="2" hai0="87,44,106,66,93,123,50,3,98,89,69,46,35" hai1="67,111,45,65,90,134,68,38,36,71,91,109,117" hai2="99,127,70,58,54,88,51,82,102,41,124,57,126" hai3=""/><V130/><F70/><N who="1" m="26665" /><E45/><V75/><F130/><T105/><N who="0" m="31520" /><T48/><D35/><U78/><E78/><V97/><F41/><T110/><D3/><U1/><E1/><V84/><F75/><T77/><D66/><N who="1" m="25099" /><E134/><V133/><F133/><T39/><D69/><U55/><E55/><V112/><F112/><T33/><D39/><N who="1" m="14891" /><E117/><V104/><F99/><T92/><D33/><U40/><E40/><V121/><N who="2" m="31008" /><V118/><F118/><T74/><D77/><U43/><E43/><V125/><N who="2" m="31744" /><DORA hai="83" /><V119/><F119/><T72/><D74/><U122/><N who="1" m="31264" /><U73/><E73/><V116/><F116/><T113/><D72/><U96/><E96/><V86/><F86/><T42/><D113/><U94/><E94/><V114/><F114/><T37/><D37/><U32/><E32/><V95/><F58/><T135/><D135/><U100/><E100/><V61/><REACH who="2" step="1"/><F95/><REACH who="2" ten="289,384,367,0" step="2"/><T85/><D92/><U56/><E56/><V47/><F47/><T76/><D46/><U131/><E131/><V115/><F115/><T120/><N who="0" m="30752" /><T52/><D85/><U108/><AGARI ba="1,1" hai="90,91,108,109,111" m="31264,14891,25099,26665" machi="108" ten="40,6000,1" yaku="28,2,14,1,52,1" doraHai="103,83" who="1" fromWho="1" sc="289,-21,384,72,367,-41,0,0" /><INIT seed="4,0,0,3,4,87" ten="268,456,326,0" oya="0" hai0="88,97,46,40,80,96,70,81,79,120,135,124,56" hai1="123,105,60,58,33,63,2,101,104,73,132,76,49" hai2="115,86,117,35,126,84,116,44,59,34,55,98,127" hai3=""/><T95/><N who="0" m="30752" /><T36/><D70/><U37/><N who="1" m="31520" /><U0/><E37/><V38/><F115/><T54/><D124/><N who="2" m="47658" /><F98/><T90/><D135/><U130/><E33/><N who="2" m="12299" /><F44/><T71/><D71/><U82/><E130/><V114/><F38/><T128/><D128/><U131/><E131/><V91/><F114/><T1/><D1/><U109/><E109/><V99/><F99/><T39/><D39/><U89/><E132/><V66/><F66/><T92/><REACH who="0" step="1"/><D79/><REACH who="0" ten="258,456,326,0" step="2"/><U85/><E2/><V125/><F125/><T65/><D65/><U45/><E0/><V50/><F86/><T111/><D111/><U61/><E76/><V53/><F53/><T108/><D108/><U118/><E85/><V83/><AGARI ba="0,1" hai="50,55,59,83,84,91,116,117" m="12299,47658" machi="83" ten="40,2000,0" yaku="18,1,52,1" doraHai="87" who="2" fromWho="2" sc="258,-13,456,-7,326,30,0,0" /><INIT seed="5,0,0,3,5,66" ten="245,449,356,0" oya="1" hai0="75,98,78,44,94,88,87,106,3,92,95,129,105" hai1="134,57,55,80,102,61,104,108,83,49,72,86,77" hai2="37,122,130,110,124,73,117,60,112,120,33,32,48" hai3=""/><U109/><E134/><V111/><RYUUKYOKU type="yao9" ba="0,0" sc="245,0,449,0,356,0,0,0" hai2="32,33,37,48,60,73,110,111,112,117,120,122,124,130" /><INIT seed="5,1,0,1,1,75" ten="245,449,356,0" oya="1" hai0="1,134,107,69,97,65,101,79,111,46,128,96,82" hai1="43,133,124,132,125,123,67,80,2,117,62,39,34" hai2="98,95,103,110,104,119,72,116,60,55,130,135,100" hai3=""/><U106/><N who="1" m="31520" /><U88/><E34/><V118/><F110/><T37/><D111/><U85/><E2/><V127/><F135/><N who="1" m="51785" /><E106/><V122/><N who="2" m="31264" /><V53/><F127/><N who="1" m="48713" /><E117/><V59/><F130/><T73/><D134/><U71/><E43/><V102/><F72/><T66/><D128/><U78/><E39/><V51/><REACH who="2" step="1"/><F104/><REACH who="2" ten="245,449,346,0" step="2"/><T68/><D1/><U63/><E63/><V87/><F87/><T42/><D97/><U112/><E112/><V64/><F64/><T58/><D58/><AGARI ba="1,1" hai="51,53,55,58,59,60,95,98,100,102,103,116,118,119" m="31264" machi="58" ten="40,5200,0" yaku="1,1,52,1,53,1" doraHai="75" doraHaiUra="94" who="2" fromWho="0" sc="245,-54,449,0,346,64,0,0" /><INIT seed="6,0,0,4,4,64" ten="191,449,410,0" oya="2" hai0="76,119,62,83,107,111,44,35,43,54,59,72,88" hai1="134,126,98,71,33,104,94,120,0,37,103,73,45" hai2="99,128,110,51,106,41,112,121,52,53,96,102,91" hai3=""/><V87/><N who="2" m="31008" /><V125/><F112/><T97/><D35/><U66/><N who="1" m="30752" /><U116/><E33/><V105/><F125/><T60/><D119/><U50/><E0/><V113/><F113/><T46/><D111/><U68/><E126/><V69/><F69/><T40/><D60/><U132/><E73/><V57/><F110/><T124/><D124/><U79/><E79/><V93/><F128/><T81/><D81/><U80/><E80/><V92/><F41/><T90/><D90/><U36/><E116/><V70/><F70/><N who="1" m="26665" /><E66/><V58/><F87/><T135/><D135/><N who="1" m="51755" /><E104/><V84/><F84/><T117/><D117/><U61/><E61/><AGARI ba="0,0" hai="51,52,53,57,58,61,91,92,93,96,99,102,105,106" m="31008" machi="61" ten="30,5800,0" yaku="7,1,52,1,54,1" doraHai="64" who="2" fromWho="1" sc="191,0,449,-58,410,58,0,0" owari="191,-41.0,391,-1.0,468,42.0,0,0.0" /></mjloggm>