<mjloggm ver="2.3"><GO type="169" lobby="0"/><UN n0="%E2%80%A0%E6%B0%B4%E9%8A%80%E7%87%88%E2%80%A0" n1="%E6%9C%A8%E5%8E%9F%E8%B1%AA%E4%B8%80" n2="%79%6A%69%72%6F" n3="%E3%81%BF%E3%81%A3%E3%81%8D%E3%83%BC" dan="16,17,17,17" rate="2166.36,2202.15,2171.55,2208.23" sx="F,M,M,M"/><TAIKYOKU oya="0"/><INIT seed="0,0,0,5,3,112" ten="250,250,250,250" oya="0" hai0="12,56,22,87,98,68,67,23,54,40,94,6,77" hai1="85,101,106,42,7,17,62,71,81,120,131,133,47" hai2="28,13,86,65,36,69,55,60,59,37,1,135,64" hai3="44,96,4,78,25,21,123,50,132,35,92,115,82"/><T9/><D68/><U83/><E120/><V111/><F1/><W30/><G115/><T114/><D114/><U108/><E108/><V39/><F111/><W122/><G132/><T18/><D67/><U2/><E133/><V109/><F109/><W125/><G4/><T75/><D75/><U99/><E131/><V93/><F135/><W89/><G35/><T104/><D40/><U46/><E46/><V103/><F28/><W41/><REACH who="3" step="1"/><G125/><REACH who="3" ten="250,250,250,240" step="2"/><T34/><D34/><U49/><E7/><V11/><F69/><W27/><G27/><T14/><D104/><U38/><E71/><V15/><F15/><W24/><G24/><T74/><D74/><AGARI ba="0,1" hai="21,25,30,41,44,50,74,78,82,89,92,96,122,123" machi="74" ten="40,1300,0" yaku="1,1,53,0" doraHai="112" doraHaiUra="66" who="3" fromWho="0" sc="250,-13,250,0,250,0,240,23" /><INIT seed="1,0,0,1,4,99" ten="237,250,250,263" oya="1" hai0="70,61,25,64,103,52,123,42,132,130,45,101,98" hai1="73,58,114,80,7,33,76,0,134,129,125,86,11" hai2="121,74,3,118,117,78,9,41,135,59,13,120,51" hai3="116,28,95,133,107,115,1,108,62,66,55,97,54"/><U35/><E134/><V60/><F3/><W100/><G115/><T102/><D132/><U17/><E114/><V14/><F135/><W56/><G133/><T57/><D130/><U124/><E129/><V75/><F51/><W37/><G108/><T119/><D119/><U91/><E17/><V127/><F41/><W8/><G37/><T26/><D123/><U36/><E36/><V111/><F111/><W34/><G34/><T32/><D32/><U43/><E43/><V15/><F9/><W79/><G79/><T94/><D70/><U29/><E58/><V39/><F39/><W31/><G116/><T126/><D64/><U122/><E122/><V92/><F15/><W16/><G107/><T81/><D81/><U90/><E90/><V106/><F106/><W4/><REACH who="3" step="1"/><G16/><REACH who="3" ten="237,250,250,253" step="2"/><T19/><D126/><N who="1" m="48747" /><E29/><AGARI ba="0,1" hai="1,4,8,28,29,31,54,55,56,62,66,95,97,100" machi="29" ten="40,2600,0" yaku="1,1,52,1,53,0" doraHai="99" doraHaiUra="128" who="3" fromWho="1" sc="237,0,250,-26,250,0,253,36" /><INIT seed="2,0,0,4,2,57" ten="237,224,250,289" oya="2" hai0="121,96,8,46,82,81,123,9,122,75,60,41,23" hai1="83,73,100,67,2,19,120,35,88,10,118,44,54" hai2="74,72,31,61,93,14,47,105,51,132,25,109,59" hai3="58,99,133,80,7,3,27,90,50,49,32,92,12"/><V106/><F132/><W128/><G3/><T36/><D23/><U11/><E120/><V98/><F14/><W16/><G133/><T66/><D96/><U116/><E35/><V70/><F70/><W24/><G128/><T94/><D94/><U1/><E100/><V69/><F69/><W17/><G7/><T68/><REACH who="0" step="1"/><D75/><REACH who="0" ten="227,224,250,289" step="2"/><U48/><E73/><V95/><F74/><W53/><G32/><T103/><D103/><U63/><E118/><V28/><F72/><W18/><G12/><T85/><D85/><N who="1" m="50239" /><E116/><V55/><F109/><W102/><G27/><T134/><D134/><U108/><E108/><V129/><F129/><W131/><G24/><T126/><D126/><U135/><E135/><V42/><F95/><W125/><G125/><T117/><D117/><U0/><E0/><V40/><F40/><W20/><G20/><T64/><D64/><U130/><E130/><V78/><F78/><W87/><G131/><T56/><D56/><N who="1" m="37351" /><E2/><V6/><F93/><W111/><REACH who="3" step="1"/><G111/><REACH who="3" ten="227,224,250,279" step="2"/><T4/><D4/><U91/><E1/><V76/><F6/><W33/><G33/><T127/><D127/><U29/><E19/><V89/><F31/><W5/><G5/><T62/><D62/><AGARI ba="0,2" hai="16,17,18,49,50,53,58,62,80,87,90,92,99,102" machi="62" ten="40,8000,1" yaku="1,1,8,1,52,1,54,1,53,0" doraHai="57" doraHaiUra="115" who="3" fromWho="0" sc="227,-80,224,0,250,0,279,100" /><INIT seed="3,0,0,1,0,13" ten="147,224,250,379" oya="3" hai0="5,99,39,133,103,1,59,35,118,26,61,60,94" hai1="97,10,119,82,31,7,64,55,78,91,84,43,50" hai2="121,57,2,27,112,102,58,132,65,105,51,87,21" hai3="79,62,106,109,129,23,125,37,53,96,20,3,54"/><W25/><G37/><T92/><D118/><U134/><E134/><V66/><F112/><W85/><G3/><T47/><D133/><U73/><E119/><V120/><F132/><W33/><G125/><T36/><D1/><U111/><E111/><V88/><F2/><W123/><G123/><T116/><D5/><U130/><E130/><V71/><F71/><W110/><G129/><T77/><D116/><U6/><E64/><V98/><F66/><W113/><G113/><T46/><D77/><U48/><E31/><V86/><F86/><W72/><G72/><T69/><D69/><U100/><E43/><V135/><F135/><W117/><G33/><T128/><D128/><U45/><E50/><V75/><F75/><W19/><G20/><T0/><D0/><U115/><E10/><V24/><F24/><W122/><G122/><N who="2" m="47209" /><F51/><W14/><G25/><T76/><D76/><U126/><E126/><V80/><F65/><W4/><G117/><T74/><D74/><U49/><E49/><V29/><AGARI ba="0,0" hai="21,27,29,57,58,80,87,88,98,102,105" m="47209" machi="29" ten="30,2000,0" yaku="13,1,54,1" doraHai="13" who="2" fromWho="2" sc="147,-5,224,-5,250,20,379,-10" /><INIT seed="4,0,0,4,3,128" ten="142,219,270,369" oya="0" hai0="8,84,42,81,106,64,63,51,52,131,68,25,37" hai1="87,113,86,18,72,97,65,122,49,98,62,110,47" hai2="2,126,26,134,94,69,107,112,44,83,67,23,4" hai3="133,41,45,121,58,118,66,16,22,116,17,59,100"/><T96/><D131/><U135/><E122/><V120/><F120/><W79/><G121/><T55/><D37/><U43/><E72/><V31/><F107/><W9/><G100/><T11/><D42/><U28/><E110/><V24/><F112/><W35/><G35/><T130/><D130/><U7/><E113/><V124/><F83/><W127/><G79/><T88/><D25/><U54/><E28/><V102/><F44/><W92/><G92/><T70/><D68/><U20/><E7/><V95/><F67/><W73/><G73/><T21/><D21/><U111/><E111/><V27/><F69/><W76/><G76/><T19/><D19/><U33/><E33/><V38/><F38/><W6/><G17/><T74/><D74/><U77/><E54/><V109/><F109/><W0/><G127/><N who="2" m="48681" /><F134/><W39/><G133/><T114/><D114/><U119/><E135/><V14/><F2/><W30/><G59/><T99/><D55/><U3/><E3/><V53/><F53/><W56/><G58/><T78/><D78/><U91/><E77/><V5/><F95/><W32/><G56/><T12/><D106/><U82/><E119/><V1/><F1/><W61/><G61/><T15/><D11/><U71/><REACH who="1" step="1"/><E87/><REACH who="1" ten="142,209,270,369" step="2"/><V46/><F31/><W75/><G75/><T89/><D8/><U40/><E40/><V34/><F34/><W104/><G32/><T117/><D117/><N who="3" m="45161" /><G30/><T93/><REACH who="0" step="1"/><D99/><REACH who="0" ten="132,209,270,369" step="2"/><U90/><E90/><V57/><F5/><W80/><G41/><T123/><D123/><U115/><E115/><V129/><F4/><W10/><G6/><RYUUKYOKU ba="0,2" sc="132,15,209,15,270,-15,369,-15" hai0="12,15,51,52,63,64,70,81,84,88,89,93,96" hai1="18,20,43,47,49,62,65,71,82,86,91,97,98" /><INIT seed="4,1,2,4,1,9" ten="147,224,255,354" oya="0" hai0="100,107,98,55,91,95,44,21,37,75,96,77,23" hai1="27,126,103,80,124,84,97,13,48,78,66,54,68" hai2="20,114,34,39,63,8,88,46,125,90,119,128,118" hai3="122,82,15,104,134,40,94,61,50,132,81,64,35"/><T36/><D55/><U133/><E133/><N who="3" m="51306" /><G104/><T18/><D44/><U0/><E0/><V69/><F34/><W3/><G3/><T22/><REACH who="0" step="1"/><D18/><REACH who="0" ten="137,224,255,354" step="2"/><U135/><E135/><V73/><F46/><W41/><G122/><T76/><D76/><U1/><E54/><V47/><F47/><W112/><G40/><T72/><D72/><U70/><E78/><V51/><F73/><W30/><G41/><T11/><D11/><U109/><E48/><V43/><F8/><W110/><G50/><T10/><D10/><U74/><E74/><V102/><F51/><W24/><G61/><T32/><D32/><U25/><E1/><V5/><F63/><W29/><G35/><T115/><D115/><U28/><E126/><V6/><F114/><W130/><G112/><T123/><D123/><U57/><E124/><V67/><F125/><W92/><G64/><T93/><D93/><U58/><E66/><V60/><F43/><W121/><G92/><T56/><D56/><U52/><E52/><V4/><F60/><W113/><G94/><T108/><D108/><U12/><E109/><V7/><F67/><W33/><G113/><T89/><D89/><U129/><E57/><V86/><F88/><W99/><G110/><T14/><D14/><U131/><E58/><V2/><F90/><W26/><G121/><T83/><AGARI ba="1,3" hai="21,22,23,36,37,75,77,83,91,95,96,98,100,107" machi="83" ten="30,6000,0" yaku="1,1,0,1,53,1" doraHai="9" doraHaiUra="85" who="0" fromWho="0" sc="137,93,224,-21,255,-21,354,-21" /><INIT seed="4,2,0,5,4,90" ten="230,203,234,333" oya="0" hai0="38,53,9,72,40,115,14,46,47,23,106,127,118" hai1="18,63,48,102,35,45,57,80,121,12,55,13,32" hai2="125,21,19,85,3,2,123,119,93,5,134,73,75" hai3="0,111,34,120,126,43,98,26,15,129,66,122,96"/><T20/><D118/><U10/><E121/><N who="3" m="46698" /><G0/><T113/><D72/><U51/><E102/><V4/><F123/><W84/><G111/><T61/><D106/><U88/><E51/><V114/><F119/><W97/><G126/><T7/><D127/><U65/><REACH who="1" step="1"/><E12/><REACH who="1" ten="230,193,234,333" step="2"/><V64/><F125/><W77/><G15/><T1/><D14/><U109/><E109/><V68/><F2/><W74/><G26/><T133/><D133/><U27/><E27/><V86/><F3/><W31/><G43/><T94/><D61/><U29/><E29/><V52/><F134/><W6/><G31/><T70/><D113/><U30/><E30/><V25/><F114/><W112/><G112/><T62/><D115/><U33/><E33/><V87/><F25/><W130/><G34/><T59/><D70/><U99/><E99/><V128/><F68/><W49/><G96/><T37/><D37/><U67/><E67/><V50/><F64/><W69/><G97/><T124/><D124/><U17/><E17/><V24/><F19/><W110/><G98/><T22/><D47/><U104/><E104/><V92/><F24/><W42/><G69/><T81/><D46/><U28/><E28/><V103/><F103/><W100/><G100/><T132/><D132/><U95/><E95/><V89/><F93/><W82/><G110/><T39/><D40/><U11/><E11/><V107/><F107/><W76/><G42/><T41/><D41/><U91/><E91/><V79/><F89/><W135/><G135/><T56/><D39/><U71/><E71/><V58/><F92/><W78/><G66/><RYUUKYOKU ba="2,1" sc="230,-10,193,30,234,-10,333,-10" hai1="10,13,18,32,35,45,48,55,57,63,65,80,88" /><INIT seed="5,3,1,1,3,2" ten="220,223,224,323" oya="1" hai0="120,34,40,15,44,9,107,85,124,21,51,90,73" hai1="131,100,87,1,39,23,105,122,69,17,11,119,6" hai2="50,74,12,54,35,59,75,82,98,132,117,116,111" hai3="93,129,133,94,20,114,83,112,64,28,99,42,32"/><U110/><E122/><V127/><F111/><W70/><G32/><T45/><D34/><U30/><E119/><V126/><F35/><W67/><G42/><T89/><D73/><N who="2" m="27658" /><F132/><W77/><G129/><T95/><D120/><U57/><E69/><V48/><F82/><W5/><G5/><T123/><D123/><U135/><E39/><V7/><F50/><W26/><G133/><T13/><D107/><U104/><E135/><V46/><F46/><W27/><G27/><T37/><D124/><N who="2" m="47658" /><F98/><W49/><G49/><T47/><D37/><U56/><E131/><V78/><F78/><W8/><G8/><AGARI ba="3,1" hai="7,8,12,48,54,59,116,117" m="47658,27658" machi="8" ten="30,2000,0" yaku="18,1,52,1" doraHai="2" who="2" fromWho="3" sc="220,0,223,0,224,39,323,-29" /><INIT seed="6,0,0,4,4,66" ten="220,223,263,294" oya="2" hai0="127,70,119,38,97,22,13,103,116,29,131,50,47" hai1="19,49,34,28,72,75,39,125,134,27,65,93,111" hai2="17,73,117,79,24,16,99,54,118,128,64,9,20" hai3="57,89,121,56,129,44,3,94,85,133,76,95,126"/><V78/><F128/><W31/><G121/><T84/><D38/><U42/><E111/><V106/><F64/><W88/><G126/><T87/><D127/><U107/><E125/><V105/><F54/><W41/><G133/><T6/><D131/><U130/><E130/><V58/><F58/><W62/><G3/><T26/><D6/><U10/><E134/><V30/><F73/><W33/><G76/><T48/><D13/><U124/><E124/><V8/><F99/><W0/><G0/><T86/><D70/><U115/><E107/><V92/><F92/><W15/><G33/><T77/><D77/><U14/><E39/><V68/><F30/><W45/><G31/><T2/><D2/><U114/><E65/><V59/><F59/><W7/><G41/><T21/><D21/><U23/><E93/><V35/><F20/><W104/><G104/><T122/><D122/><U109/><E109/><V98/><F98/><N who="3" m="57671" /><G56/><T37/><D37/><U135/><E135/><V74/><F74/><W40/><G40/><T43/><REACH who="0" step="1"/><D48/><REACH who="0" ten="210,223,263,294" step="2"/><U52/><E34/><V36/><F36/><W120/><G120/><T102/><D102/><U101/><E101/><V18/><F35/><W1/><G129/><T96/><D96/><U82/><E75/><V63/><F9/><N who="3" m="4543" /><G1/><T108/><D108/><U112/><E72/><V61/><F8/><W110/><G110/><T55/><D55/><AGARI ba="0,1" hai="44,45,55,57,62,85,89,95" m="4543,57671" machi="55" ten="30,2000,0" yaku="8,1,54,1" doraHai="66" who="3" fromWho="0" sc="210,-20,223,0,263,0,294,30" /><INIT seed="7,0,0,3,2,114" ten="190,223,263,324" oya="3" hai0="120,8,11,66,14,21,30,0,13,86,4,78,87" hai1="74,95,121,82,27,49,19,26,56,28,5,71,80" hai2="97,126,70,134,46,39,127,109,85,41,22,117,51" hai3="25,93,100,10,90,110,63,61,89,33,18,57,99"/><W58/><G33/><T6/><D120/><U124/><E71/><V92/><F109/><W129/><G129/><T104/><D104/><U113/><E121/><V20/><F70/><W36/><G36/><T116/><D116/><U132/><E113/><V47/><F85/><W101/><G90/><T52/><D66/><U106/><E106/><V23/><F134/><W38/><G38/><T119/><D119/><U98/><E132/><V130/><F130/><W76/><G76/><T43/><D43/><U73/><E5/><V7/><F7/><W107/><G107/><T112/><D112/><U62/><E74/><V75/><F75/><W131/><G131/><T68/><D68/><U72/><E72/><V91/><F117/><W32/><G32/><T118/><D118/><U15/><E49/><V111/><F111/><W42/><G42/><T122/><D122/><U34/><E73/><V50/><F39/><W69/><G69/><T37/><D37/><U48/><E48/><V64/><F64/><W102/><G61/><T2/><D52/><N who="1" m="34055" /><E27/><V115/><F115/><W105/><G25/><T16/><D78/><U108/><E108/><V77/><F77/><W83/><G63/><T12/><REACH who="0" step="1"/><D30/><REACH who="0" ten="180,223,263,324" step="2"/><U59/><E28/><V60/><F60/><W133/><G105/><T135/><D135/><U125/><E59/><V3/><F41/><W54/><G133/><T84/><AGARI ba="0,1" hai="0,2,4,6,8,11,12,13,14,16,21,84,86,87" machi="84" ten="30,7900,0" yaku="1,1,0,1,9,1,54,1,53,0" doraHai="114" doraHaiUra="29" who="0" fromWho="0" sc="180,89,223,-20,263,-20,324,-39" /><INIT seed="8,0,0,5,2,65" ten="269,203,243,285" oya="0" hai0="53,91,57,79,36,90,88,22,4,126,100,0,26" hai1="49,33,83,46,15,96,103,30,66,71,124,31,78" hai2="27,41,2,68,7,72,11,130,132,114,127,109,16" hai3="60,70,135,54,28,134,8,47,107,118,116,111,123"/><T125/><D36/><U95/><E124/><N who="0" m="47721" /><D79/><U20/><E33/><V129/><F127/><W101/><G111/><T112/><D112/><U12/><E66/><V94/><F94/><W117/><G123/><T14/><D0/><U73/><E71/><V51/><F51/><N who="3" m="29055" /><G28/><T110/><D100/><U89/><E89/><V74/><F41/><W106/><G8/><N who="0" m="4359" /><D110/><U97/><E97/><V55/><F55/><W48/><G48/><N who="0" m="30887" /><D91/><U50/><E50/><V75/><F109/><W92/><G106/><T34/><D34/><U25/><REACH who="1" step="1"/><E30/><AGARI ba="0,0" hai="22,26,30,88,90" m="30887,4359,47721" machi="30" ten="30,2900,0" yaku="18,1,54,1" doraHai="65" who="0" fromWho="1" sc="269,29,203,-29,243,0,285,0" /><INIT seed="8,1,0,0,0,122" ten="298,174,243,285" oya="0" hai0="100,117,115,17,105,123,26,46,25,121,92,39,65" hai1="102,36,67,28,68,75,7,0,56,72,110,86,13" hai2="78,69,53,112,104,45,14,9,64,27,128,118,63" hai3="87,20,94,71,88,40,84,43,66,19,77,73,51"/><T12/><D115/><U50/><E13/><V59/><F112/><W80/><G71/><T134/><D105/><U60/><E86/><V99/><F128/><W81/><G66/><T97/><D65/><U113/><E113/><V21/><F118/><W29/><G29/><T5/><D5/><U3/><E102/><V111/><F111/><W90/><G51/><T132/><D117/><U52/><E110/><V76/><F45/><W95/><G80/><T83/><D83/><U49/><E49/><V120/><F120/><N who="0" m="46154" /><D46/><U62/><E62/><V119/><F119/><W24/><AGARI ba="1,0" hai="19,20,24,40,43,73,77,81,84,87,88,90,94,95" machi="24" ten="20,5200,0" yaku="0,1,7,1,9,1,54,1" doraHai="122" who="3" fromWho="3" sc="298,-27,174,-14,243,-14,285,55" owari="271,7.0,160,-34.0,229,-17.0,340,44.0" /></mjloggm>