<mjloggm ver="2.3"><GO type="169" lobby="0"/><UN n0="%E3%81%92%E3%82%93%E3%81%9F%E3%82%8D" n1="%E8%A5%BF%E5%B2%A1%E8%82%B2%E6%9C%AA%E2%99%AA" n2="%E3%81%BE%E3%81%93%E3%81%A8%E3%81%95%E3%82%93" n3="%67%75%73%68" dan="16,16,16,16" rate="2155.84,2103.01,2120.39,2139.29" sx="M,F,M,M"/><TAIKYOKU oya="0"/><INIT seed="0,0,0,2,4,44" ten="250,250,250,250" oya="0" hai0="59,125,19,30,39,114,72,16,89,98,0,11,65" hai1="35,4,10,103,17,37,68,34,56,51,14,52,64" hai2="109,45,77,40,12,49,60,102,83,104,88,50,113" hai3="22,120,119,2,36,13,8,126,80,90,124,62,48"/><T25/><D39/><U29/><E103/><V32/><F113/><W121/><G36/><T94/><D72/><U66/><E37/><V5/><F32/><W31/><G62/><T27/><D114/><U118/><E118/><V134/><F109/><W46/><G119/><T108/><D125/><N who="3" m="48233" /><G2/><T1/><D108/><U111/><E111/><V20/><F134/><W28/><G80/><T76/><D76/><U91/><E68/><V69/><F102/><W92/><G22/><T79/><D79/><U55/><E29/><V61/><F104/><W73/><G73/><T15/><D19/><U18/><E35/><V112/><F112/><W93/><G31/><T115/><D115/><U71/><E34/><V57/><F69/><W74/><G28/><T135/><D135/><U9/><E91/><V86/><F77/><W33/><G74/><T23/><REACH who="0" step="1"/><D27/><REACH who="0" ten="240,250,250,250" step="2"/><U123/><E17/><N who="2" m="10279" /><F5/><N who="3" m="3215" /><G33/><T101/><D101/><U100/><E100/><V82/><F82/><W63/><G121/><T42/><D42/><U131/><E123/><V128/><F128/><W110/><G120/><T75/><D75/><U53/><E131/><V117/><F117/><W132/><G132/><T106/><D106/><U107/><E107/><V7/><F7/><W84/><G110/><T78/><D78/><U96/><E18/><V47/><F57/><W58/><G90/><T41/><D41/><AGARI ba="0,1" hai="40,41,45,47,49,50,60,61,83,86,88" m="10279" machi="41" ten="30,7700,0" yaku="8,1,52,2,54,1" doraHai="44" who="2" fromWho="0" sc="240,-77,250,0,250,87,250,0" /><INIT seed="1,0,0,3,3,60" ten="163,250,337,250" oya="1" hai0="52,3,113,88,104,83,82,0,31,96,58,8,131" hai1="15,5,109,23,21,26,127,70,100,14,130,112,38" hai2="84,47,71,48,68,114,39,116,29,10,117,36,49" hai3="12,65,37,134,34,105,13,101,74,126,103,98,97"/><U4/><E38/><N who="2" m="14379" /><F10/><W129/><G37/><T133/><D113/><U51/><E70/><N who="2" m="26667" /><F29/><W124/><G34/><T11/><D133/><U33/><E51/><N who="2" m="19531" /><F84/><W79/><G134/><T76/><D8/><U94/><E94/><V132/><F132/><W43/><G43/><T18/><D0/><U72/><E100/><V119/><F47/><W95/><G129/><T25/><D3/><U62/><E72/><V90/><F90/><W106/><G12/><T7/><D11/><U2/><E130/><V9/><F9/><W64/><G13/><N who="1" m="4618" /><E109/><V6/><F6/><N who="1" m="2665" /><E112/><AGARI ba="0,0" hai="112,114,116,117,119" m="19531,26667,14379" machi="112" ten="50,8000,1" yaku="28,2,34,2" doraHai="60" who="2" fromWho="1" sc="163,0,250,-80,337,80,250,0" /><INIT seed="2,0,0,0,1,60" ten="163,170,417,250" oya="2" hai0="19,129,76,63,135,101,69,0,4,79,131,33,99" hai1="23,106,118,62,29,35,105,90,130,109,31,17,52" hai2="84,56,32,2,104,64,77,43,83,27,13,7,55" hai3="85,57,53,39,20,72,81,107,1,133,122,42,18"/><V126/><F126/><W92/><G122/><T86/><D135/><U16/><E118/><V132/><F104/><W51/><G107/><T14/><D33/><U113/><E113/><V111/><F132/><W91/><G1/><T119/><D4/><U37/><E37/><V116/><F116/><W102/><G133/><T96/><D0/><U82/><E130/><N who="0" m="49673" /><D86/><N who="1" m="50519" /><E109/><V108/><F43/><W50/><G39/><T44/><D44/><U89/><E35/><V70/><F2/><W68/><G68/><T121/><D121/><U114/><E114/><V98/><F98/><N who="0" m="37418" /><D101/><U127/><E127/><V78/><F78/><W9/><G9/><N who="0" m="6607" /><D119/><U123/><E123/><V21/><F32/><W75/><G102/><T15/><D15/><N who="1" m="9631" /><E106/><V3/><F13/><N who="3" m="9295" /><G81/><T48/><D48/><U115/><E105/><V22/><F3/><W95/><G92/><T34/><D34/><U25/><E115/><V110/><F7/><W26/><G26/><T80/><D80/><U28/><E89/><V94/><F94/><W100/><G100/><T46/><D46/><AGARI ba="0,0" hai="42,46,50,51,53,57,72,75,85,91,95" m="9295" machi="46" ten="30,1000,0" yaku="25,1" doraHai="60" who="3" fromWho="0" sc="163,-10,170,0,417,0,250,10" /><INIT seed="3,0,0,2,3,108" ten="153,170,417,260" oya="3" hai0="62,90,85,76,28,48,39,17,14,121,37,81,36" hai1="51,55,106,87,23,24,32,114,75,86,46,115,56" hai2="84,33,123,38,119,134,59,73,128,61,30,97,52" hai3="63,103,80,57,77,109,122,133,110,35,42,96,10"/><W70/><G122/><T8/><D121/><U54/><E75/><V124/><F73/><W50/><G35/><T72/><D28/><U44/><E106/><V47/><F119/><W7/><G133/><T26/><D26/><U132/><E32/><V116/><F116/><W0/><G70/><T49/><REACH who="0" step="1"/><D62/><REACH who="0" ten="143,170,417,260" step="2"/><U125/><E132/><V53/><F134/><W100/><G63/><T65/><D65/><U105/><E125/><V107/><F124/><W99/><G110/><T130/><D130/><U4/><E105/><V101/><F128/><W82/><G109/><T45/><D45/><U5/><E46/><V12/><F123/><W68/><G68/><T2/><D2/><U34/><E34/><V118/><F118/><W58/><G58/><T11/><D11/><U74/><E74/><V20/><F33/><W67/><G67/><T15/><D15/><U16/><E115/><V9/><F30/><W19/><G57/><T117/><D117/><U89/><E114/><V29/><F29/><W127/><G127/><T93/><AGARI ba="0,1" hai="8,14,17,36,37,39,48,49,72,76,81,85,90,93" machi="93" ten="30,2000,0" yaku="1,1,0,1,53,0" doraHai="108" doraHaiUra="94" who="0" fromWho="0" sc="143,30,170,-5,417,-5,260,-10" /><INIT seed="4,0,0,0,5,123" ten="173,165,412,250" oya="0" hai0="22,78,58,79,40,105,130,33,59,20,69,24,84" hai1="43,26,17,100,13,129,124,134,5,53,16,125,23" hai2="55,115,86,47,82,89,7,118,117,32,56,91,75" hai3="1,9,77,90,65,64,70,92,85,34,18,62,74"/><T68/><D105/><U135/><E43/><V45/><F115/><W109/><G34/><T88/><D33/><U38/><E38/><V73/><F32/><W15/><G1/><T126/><D126/><N who="1" m="48747" /><E100/><V97/><F7/><W106/><G106/><T42/><D130/><U76/><E76/><N who="0" m="29225" /><D69/><U104/><E104/><V67/><F67/><W71/><G77/><T41/><D68/><U95/><E53/><V111/><F97/><W44/><G44/><T66/><D66/><U30/><E95/><V119/><F89/><W49/><G49/><T133/><D133/><N who="1" m="50699" /><E129/><V127/><F127/><W3/><G3/><T116/><D116/><U19/><E5/><V0/><F0/><W83/><G74/><T48/><D48/><U101/><E101/><V6/><F6/><W107/><G107/><T29/><D20/><AGARI ba="0,0" hai="13,16,17,19,20,23,26,30" m="50699,48747" machi="20" ten="30,8000,1" yaku="18,1,20,1,34,2,54,1" doraHai="123" who="1" fromWho="0" sc="173,-80,165,80,412,0,250,0" /><INIT seed="5,0,0,1,0,42" ten="93,245,412,250" oya="1" hai0="16,77,44,126,35,123,102,50,38,71,22,80,86" hai1="83,103,115,18,111,0,107,122,6,43,25,108,11" hai2="23,135,34,104,134,41,17,76,100,118,101,114,53" hai3="9,30,130,26,51,121,73,132,88,27,119,129,47"/><U113/><E107/><V78/><F118/><W24/><G121/><T52/><D35/><U96/><E83/><V10/><F34/><W67/><G119/><T21/><D123/><U90/><E122/><V37/><F114/><N who="1" m="43529" /><E90/><V46/><F10/><W97/><G73/><T116/><D116/><U8/><E43/><V60/><F53/><N who="3" m="29951" /><G67/><T112/><D112/><U20/><E96/><N who="2" m="61447" /><F60/><W95/><G9/><T15/><D71/><U127/><E103/><V84/><F84/><W19/><G19/><T65/><D38/><U7/><E127/><V70/><F101/><W92/><G92/><T105/><D126/><U3/><AGARI ba="0,0" hai="0,3,6,7,8,11,18,20,25,108,111" m="43529" machi="3" ten="30,6000,0" yaku="15,1,34,2" doraHai="42" who="1" fromWho="1" sc="93,-20,245,60,412,-20,250,-20" /><INIT seed="5,1,0,2,5,17" ten="73,305,392,230" oya="1" hai0="72,100,59,47,66,109,94,53,0,107,127,79,48" hai1="101,89,122,9,110,52,112,44,128,5,123,1,38" hai2="11,15,36,8,96,56,69,62,70,120,97,23,111" hai3="80,39,81,68,114,117,3,43,133,87,129,118,42"/><U29/><E112/><V14/><F111/><W50/><G68/><T132/><D0/><U35/><E110/><V32/><F32/><W126/><G3/><T104/><D127/><U37/><E128/><V46/><F120/><W40/><G114/><T61/><D109/><U115/><E115/><V4/><F69/><W74/><G39/><T34/><D34/><U2/><E2/><V88/><F70/><W119/><G126/><T130/><D132/><U75/><E38/><V33/><F33/><W13/><G129/><T20/><D130/><U19/><E101/><V45/><F36/><W86/><G133/><T108/><D108/><U71/><E71/><V76/><F76/><W51/><G13/><T22/><D107/><U10/><E89/><V31/><F96/><W60/><G60/><T26/><D104/><U134/><E75/><V93/><F23/><N who="0" m="8746" /><D72/><U116/><E116/><V78/><F78/><W58/><G58/><N who="0" m="37175" /><D79/><U12/><E37/><V84/><F31/><W125/><G74/><T57/><D26/><N who="1" m="18871" /><E134/><V85/><F45/><W82/><REACH who="3" step="1"/><G125/><REACH who="3" ten="73,305,392,220" step="2"/><T106/><D106/><U113/><E113/><V65/><REACH who="2" step="1"/><F46/><REACH who="2" ten="73,305,382,220" step="2"/><W102/><G102/><T55/><D55/><U135/><E135/><V54/><F54/><W67/><G67/><T99/><AGARI ba="1,2" hai="47,48,53,57,59,94,99,100" m="37175,8746" machi="99" ten="30,7900,0" yaku="8,1,52,3" doraHai="17" who="0" fromWho="0" sc="73,102,305,-40,382,-21,220,-21" /><INIT seed="6,0,0,3,1,8" ten="175,265,361,199" oya="2" hai0="126,64,50,83,6,1,118,104,111,91,7,72,75" hai1="44,27,22,11,82,3,128,29,9,54,114,113,10" hai2="103,85,53,116,35,71,94,52,38,19,5,39,102" hai3="86,92,112,110,30,95,31,73,81,70,123,135,106"/><V127/><F116/><W36/><G86/><T18/><D111/><U132/><E132/><V67/><F35/><W101/><G101/><T32/><D104/><U47/><E128/><V74/><F74/><W134/><G81/><T63/><D32/><U129/><E129/><V117/><F117/><W65/><G65/><T78/><D118/><U33/><E3/><V96/><F102/><W41/><G41/><T20/><D126/><U120/><E120/><V46/><F5/><W4/><G4/><T23/><D72/><U131/><E131/><V14/><F127/><W124/><G92/><T76/><D76/><U0/><E0/><V37/><F85/><W24/><G95/><T48/><D23/><U16/><E82/><V107/><F107/><W98/><G98/><T121/><D91/><U61/><E61/><V84/><F84/><W58/><G58/><T115/><D115/><N who="1" m="44043" /><E54/><V122/><F122/><W130/><G24/><AGARI ba="0,0" hai="9,10,11,16,22,24,27,29,33,44,47" m="44043" machi="24" ten="30,2000,0" yaku="15,1,54,1" doraHai="8" who="1" fromWho="3" sc="175,0,265,20,361,0,199,-20" /><INIT seed="7,0,0,3,4,104" ten="175,285,361,179" oya="3" hai0="135,113,129,46,26,96,112,134,85,17,62,18,39" hai1="34,105,97,20,41,19,30,106,114,60,29,10,110" hai2="4,65,88,35,81,131,83,52,27,87,70,92,50" hai3="63,116,111,25,125,37,100,128,95,68,22,124,14"/><W15/><G37/><T72/><D72/><U77/><E110/><V59/><F131/><W11/><G11/><T51/><BYE who="3" /><D129/><U126/><E41/><V13/><F70/><W123/><G123/><T24/><D96/><U101/><E106/><V118/><F118/><W86/><G86/><T132/><D39/><U12/><E114/><N who="0" m="44137" /><D62/><U98/><E126/><V61/><F35/><W99/><G99/><T23/><D85/><U102/><E34/><V21/><F13/><W53/><G53/><N who="0" m="29943" /><D26/><U69/><E77/><V74/><F4/><W119/><G119/><T79/><D79/><U8/><E69/><V89/><F89/><W16/><G16/><AGARI ba="0,0" hai="16,17,18,23,24,132,134,135" m="29943,44137" machi="16" ten="40,8000,1" yaku="20,1,15,1,11,1,54,1" doraHai="104" who="0" fromWho="3" sc="175,80,285,0,361,0,179,-80" owari="255,-14.0,285,9.0,361,45.0,99,-40.0" /></mjloggm>