<mjloggm ver="2.3"><GO type="169" lobby="0"/><UN n0="%E6%87%90%E3%81%8F%E5%AE%B6%E7%95%9C" n1="%E6%AD%A6%E5%A8%81" n2="%E7%AC%91%E3%81%84%E3%81%AE%E7%A5%9E" n3="%E8%A5%BF%E5%B2%A1%E8%82%B2%E6%9C%AA%E2%99%AA" dan="16,17,16,16" rate="2109.83,2149.89,2064.23,2102.61" sx="M,M,M,F"/><TAIKYOKU oya="0"/><INIT seed="0,0,0,5,2,69" ten="250,250,250,250" oya="0" hai0="32,49,99,79,19,17,87,38,88,16,3,77,52" hai1="66,84,129,86,43,83,46,100,41,75,14,92,21" hai2="65,132,90,36,2,24,133,126,5,89,8,98,11" hai3="29,125,112,54,53,107,31,108,67,102,101,1,135"/><T68/><D68/><U45/><E129/><V131/><F131/><W96/><G112/><T81/><D3/><U28/><E66/><V23/><F126/><W74/><G74/><T104/><D32/><U61/><E61/><V85/><F11/><W35/><G1/><T4/><D4/><U122/><E122/><V51/><F65/><W118/><G118/><T64/><D38/><U121/><E121/><V9/><F9/><W128/><G128/><T113/><D113/><U57/><E57/><V10/><F10/><W116/><G116/><T115/><D115/><U114/><E75/><V76/><F51/><W26/><G125/><T111/><D64/><U33/><E33/><V18/><F36/><W59/><G108/><T127/><D127/><U7/><E7/><V20/><F23/><W0/><G0/><T93/><D104/><U109/><E109/><V50/><F50/><W12/><G12/><T106/><D106/><U25/><E14/><V27/><F27/><N who="3" m="18879" /><G102/><N who="0" m="60783" /><D111/><U55/><E55/><N who="3" m="21002" /><G135/><N who="2" m="51785" /><F98/><W73/><G67/><T117/><D117/><U124/><E124/><V60/><F60/><W15/><G15/><T94/><D81/><AGARI ba="0,0" hai="2,5,8,18,20,24,76,81,85,89,90" m="51785" machi="81" ten="30,1000,0" yaku="20,1" doraHai="69" who="2" fromWho="0" sc="250,-10,250,0,250,10,250,0" /><INIT seed="1,0,0,5,5,65" ten="240,250,260,250" oya="1" hai0="121,58,112,103,56,73,76,94,13,72,4,99,19" hai1="68,17,63,28,53,38,70,20,127,64,84,51,96" hai2="118,34,57,71,87,129,107,116,69,2,83,110,25" hai3="131,61,1,95,29,12,97,90,125,62,91,135,5"/><U0/><E0/><V120/><F120/><W74/><G74/><T108/><D112/><U98/><E38/><V89/><F107/><W132/><G1/><T133/><D121/><U134/><E127/><V37/><F37/><W126/><G29/><T8/><D108/><U15/><E134/><N who="3" m="51242" /><G131/><T52/><D133/><U18/><E28/><V82/><F2/><W109/><G90/><T93/><D76/><U111/><E111/><V59/><F110/><W101/><G109/><T81/><D81/><U48/><E70/><V54/><F129/><W114/><G114/><T21/><D58/><U43/><E84/><V44/><F44/><W14/><G101/><T128/><D93/><U119/><E119/><V100/><F100/><W42/><G42/><T24/><REACH who="0" step="1"/><D128/><REACH who="0" ten="230,250,260,250" step="2"/><U78/><E78/><V9/><F59/><W55/><G126/><T7/><D7/><U36/><E96/><V45/><F57/><N who="3" m="35007" /><G5/><T86/><D86/><U105/><E98/><V32/><F82/><W66/><G125/><T124/><D124/><U26/><E105/><V40/><F116/><W79/><G79/><T11/><D11/><U77/><E77/><V3/><F9/><W30/><G62/><AGARI ba="0,1" hai="4,8,13,19,21,24,52,56,62,72,73,94,99,103" machi="62" ten="30,3900,0" yaku="1,1,7,1,54,1,53,0" doraHai="65" doraHaiUra="117" who="0" fromWho="3" sc="230,49,250,0,260,0,250,-39" /><INIT seed="2,0,0,3,5,90" ten="279,250,260,211" oya="2" hai0="87,50,98,56,7,92,40,49,74,96,24,33,44" hai1="58,26,45,35,104,51,97,117,76,69,42,34,70" hai2="16,135,54,46,23,12,101,61,91,116,65,36,88" hai3="99,41,25,89,11,106,108,8,68,128,77,115,119"/><V19/><F116/><W78/><G119/><T134/><D74/><U52/><E117/><V126/><F135/><W75/><G68/><T107/><D134/><U37/><E76/><V71/><F126/><W29/><G108/><T118/><D118/><U53/><E53/><V14/><F101/><W30/><G106/><T62/><D107/><U60/><E26/><V121/><F121/><W57/><G75/><T27/><D33/><U79/><E79/><N who="3" m="30218" /><G41/><T66/><D7/><U127/><E127/><V2/><F2/><W122/><G122/><T18/><D50/><U32/><REACH who="1" step="1"/><E37/><REACH who="1" ten="279,240,260,211" step="2"/><V124/><F124/><W39/><G25/><T84/><D27/><U85/><E85/><V132/><F132/><W131/><G39/><T123/><D123/><U48/><E48/><V22/><F54/><W110/><G110/><T105/><D24/><U4/><E4/><V83/><REACH who="2" step="1"/><F83/><REACH who="2" ten="279,240,250,211" step="2"/><W31/><G128/><T1/><D40/><AGARI ba="0,2" hai="12,14,16,19,22,23,36,40,46,61,65,71,88,91" machi="40" ten="40,18000,2" yaku="1,1,2,1,9,1,54,2,53,1" doraHai="90" doraHaiUra="67" who="2" fromWho="0" sc="279,-180,240,0,250,200,211,0" /><INIT seed="2,1,0,4,0,118" ten="99,240,450,211" oya="2" hai0="50,77,73,117,23,67,112,3,129,1,110,121,20" hai1="15,42,106,135,44,43,99,133,122,120,89,82,32" hai2="10,48,127,134,28,107,119,6,21,91,11,35,60" hai3="17,33,64,125,7,94,79,62,123,16,105,8,63"/><V78/><F119/><W76/><G105/><T100/><D117/><U26/><E15/><V102/><F35/><W85/><G33/><T58/><D112/><U103/><E89/><V96/><F78/><W41/><G125/><T4/><D77/><N who="3" m="29769" /><G123/><N who="1" m="47146" /><E82/><V34/><F127/><W68/><G68/><T113/><D121/><U5/><E5/><V69/><F21/><W36/><G36/><T88/><D73/><U86/><E86/><V39/><F39/><W124/><G41/><N who="1" m="15370" /><E44/><V93/><F6/><W30/><G85/><T45/><D45/><U132/><E132/><V97/><F134/><W27/><G8/><T114/><D4/><U108/><E108/><V111/><F111/><W47/><G47/><T49/><D113/><U109/><E109/><V13/><F13/><W81/><G81/><T14/><D114/><U75/><E75/><V65/><F11/><W51/><G7/><T128/><D110/><U66/><E66/><V46/><F10/><W57/><G64/><T31/><D14/><U80/><E80/><V74/><F74/><W29/><G124/><T115/><D115/><U12/><E12/><V61/><F65/><W2/><G2/><T22/><D3/><U90/><E90/><V84/><F91/><W131/><G27/><T56/><D1/><U87/><E87/><V98/><F84/><W53/><G131/><T19/><D129/><U70/><E70/><V92/><F69/><W54/><G17/><T55/><D128/><U18/><E18/><V24/><F46/><W83/><G16/><T37/><D88/><U0/><E0/><V101/><F24/><RYUUKYOKU ba="1,0" sc="99,-10,240,30,450,-10,211,-10" hai1="26,32,99,103,106,133,135" /><INIT seed="3,2,0,4,3,6" ten="89,270,440,201" oya="3" hai0="75,29,74,10,113,82,92,30,83,46,21,2,72" hai1="3,16,97,38,81,76,59,109,44,117,53,84,47" hai2="61,25,65,27,7,104,22,105,31,55,50,80,135" hai3="94,63,57,103,123,119,87,70,4,69,126,122,77"/><W35/><G119/><T112/><D46/><U128/><E109/><V58/><F135/><W52/><G35/><T66/><D66/><U12/><E128/><V33/><F80/><W132/><G132/><T23/><D92/><U110/><E110/><V88/><F7/><W78/><G126/><T73/><D73/><U99/><E3/><V89/><F104/><W107/><G107/><T9/><D74/><U115/><E115/><V13/><F13/><W95/><G69/><T37/><REACH who="0" step="1"/><D2/><REACH who="0" ten="79,270,440,201" step="2"/><U42/><E47/><V93/><F105/><W102/><G122/><T120/><D120/><U101/><E101/><V114/><F93/><W0/><G123/><T91/><D91/><U86/><E86/><V111/><F114/><W131/><G131/><T39/><AGARI ba="2,1" hai="9,10,21,23,29,30,37,39,72,75,82,83,112,113" machi="39" ten="25,12000,2" yaku="1,1,0,1,22,2,52,2,53,0" doraHai="6" doraHaiUra="36" who="0" fromWho="0" sc="79,136,270,-32,440,-32,201,-62" /><INIT seed="4,0,0,5,3,10" ten="215,238,408,139" oya="0" hai0="90,51,21,127,104,105,58,72,13,77,48,68,54" hai1="24,110,83,40,29,109,35,89,98,134,129,133,63" hai2="0,75,91,126,12,4,99,111,28,16,53,1,26" hai3="80,42,27,112,88,18,6,50,135,107,52,64,125"/><T55/><D68/><U22/><E40/><V66/><F75/><W43/><G107/><T8/><D127/><U62/><E35/><V82/><F126/><W74/><G125/><T87/><D77/><U67/><E129/><V81/><F66/><W92/><G135/><N who="1" m="51722" /><E63/><V47/><F111/><W5/><G64/><T7/><D72/><U121/><E121/><V101/><F4/><N who="3" m="1643" /><G80/><T17/><D87/><N who="1" m="50431" /><E98/><V25/><F1/><W78/><G78/><T128/><D128/><U100/><E100/><V32/><F0/><W120/><G112/><T114/><D114/><U11/><E11/><V119/><F119/><W108/><G108/><T44/><REACH who="0" step="1"/><D90/><REACH who="0" ten="205,238,408,139" step="2"/><U3/><E3/><AGARI ba="0,1" hai="3,7,8,13,17,21,44,48,51,54,55,58,104,105" machi="3" ten="30,11600,0" yaku="1,1,2,1,7,1,52,1,53,0" doraHai="10" doraHaiUra="123" who="0" fromWho="1" sc="205,126,238,-116,408,0,139,0" /><INIT seed="4,1,0,1,2,56" ten="331,122,408,139" oya="0" hai0="120,38,58,123,76,71,72,81,11,67,35,24,30" hai1="22,12,118,57,122,105,77,3,31,6,43,10,75" hai2="51,23,9,42,73,111,34,78,126,45,127,15,49" hai3="66,124,29,19,68,131,69,94,59,89,116,90,80"/><T33/><D58/><U86/><E122/><V121/><F34/><W64/><G116/><T14/><D35/><U101/><E118/><V28/><F121/><W84/><G124/><T106/><D106/><U41/><E75/><V117/><F117/><W7/><G131/><T18/><D38/><U32/><E105/><V85/><F73/><W21/><G7/><T108/><D108/><U96/><E77/><V93/><F111/><W128/><G29/><T83/><D81/><U40/><E86/><V44/><F23/><W61/><G128/><T0/><D67/><U20/><E3/><V37/><F28/><W50/><G50/><T103/><D103/><U112/><E112/><V36/><F93/><W16/><G66/><T133/><D71/><U104/><REACH who="1" step="1"/><E57/><REACH who="1" ten="331,112,408,139" step="2"/><V110/><F110/><W48/><G69/><T95/><D123/><U26/><AGARI ba="1,1" hai="6,10,12,20,22,26,31,32,40,41,43,96,101,104" machi="26" ten="30,7900,0" yaku="1,1,2,1,0,1,53,1" doraHai="56" doraHaiUra="100" who="1" fromWho="1" sc="331,-40,112,92,408,-21,139,-21" /><INIT seed="5,0,0,4,5,47" ten="291,204,387,118" oya="1" hai0="94,16,87,117,83,8,62,110,93,81,116,97,111" hai1="60,134,105,0,4,49,78,24,13,75,10,107,135" hai2="132,5,29,127,86,32,79,15,48,64,102,19,131" hai3="114,121,69,65,80,133,112,25,109,77,61,101,39"/><U124/><E124/><V66/><F127/><W92/><G109/><N who="0" m="41483" /><D62/><U42/><E60/><V71/><F5/><W18/><G121/><T6/><D6/><U125/><E125/><V44/><F102/><W52/><G39/><T126/><D16/><U72/><E13/><V50/><F131/><W46/><G133/><N who="1" m="50698" /><E24/><V59/><F132/><W35/><G92/><T30/><D30/><U84/><E84/><V33/><F71/><W51/><G101/><N who="0" m="60591" /><D8/><U26/><E26/><V11/><F29/><W3/><G3/><T21/><D21/><U88/><E88/><V2/><F2/><W103/><G103/><T73/><D126/><U82/><E75/><V40/><F32/><W85/><REACH who="3" step="1"/><G18/><REACH who="3" ten="291,204,387,108" step="2"/><T57/><D116/><U36/><E36/><V45/><F33/><W91/><G91/><T90/><D117/><U70/><E70/><V119/><F119/><W99/><G99/><T14/><D73/><U95/><E95/><V53/><F45/><AGARI ba="0,1" hai="0,4,10,42,45,49,72,78,82,105,107" m="50698" machi="45" ten="30,2900,0" yaku="20,1,52,1" doraHai="47" who="1" fromWho="2" sc="291,0,204,39,387,-29,108,0" /><INIT seed="5,1,0,0,2,23" ten="291,243,358,108" oya="1" hai0="55,41,52,40,117,4,129,121,122,106,65,99,97" hai1="91,19,118,113,58,115,127,17,87,15,90,78,57" hai2="26,101,20,94,70,31,3,72,89,33,18,48,45" hai3="59,24,64,132,21,54,112,14,7,62,34,114,80"/><U60/><E118/><V135/><F135/><W108/><G108/><T22/><D4/><U96/><E127/><V13/><F72/><W134/><G34/><T71/><D106/><U133/><E133/><N who="3" m="51306" /><G80/><T35/><D35/><U77/><E113/><N who="3" m="43626" /><G7/><T76/><D22/><U66/><E115/><V29/><F70/><W16/><G64/><T104/><D65/><U79/><E96/><V131/><F131/><W109/><G109/><T0/><D129/><U49/><E87/><V28/><F3/><W73/><G73/><T116/><D0/><U107/><E107/><V56/><F56/><W30/><G14/><T69/><D104/><U5/><E5/><V82/><F82/><W128/><G128/><T63/><D76/><U61/><E15/><V8/><F33/><W38/><G38/><T10/><D10/><U75/><E75/><V50/><F101/><W85/><G85/><T92/><D117/><U103/><E103/><V123/><F123/><W68/><G68/><T27/><D116/><U12/><E12/><V86/><REACH who="2" step="1"/><F50/><REACH who="2" ten="291,243,348,108" step="2"/><W95/><G95/><T111/><D92/><U36/><E49/><V39/><F39/><W1/><G1/><T2/><D2/><U32/><E36/><V88/><F88/><N who="1" m="33833" /><E32/><V6/><F6/><W130/><G130/><T43/><D71/><U81/><E81/><V119/><F119/><W74/><G74/><T98/><D69/><U44/><E77/><V110/><F110/><W25/><G25/><T53/><D27/><U84/><E78/><V102/><F102/><W124/><G124/><T120/><D111/><U51/><E79/><RYUUKYOKU ba="1,1" sc="291,10,243,-30,348,10,108,10" hai0="40,41,43,52,53,55,63,97,98,99,120,121,122" hai2="8,13,18,20,26,28,29,31,45,48,86,89,94" hai3="16,21,24,30,54,59,62" /><INIT seed="6,2,1,0,1,101" ten="301,213,358,118" oya="2" hai0="20,41,65,1,89,72,82,50,67,84,112,103,125" hai1="129,8,32,99,69,5,24,119,40,7,90,34,22" hai2="54,127,15,126,85,19,102,57,10,73,98,135,91" hai3="35,25,64,86,6,28,95,93,108,92,105,75,104"/><V14/><F73/><W52/><G75/><T132/><D1/><U124/><E119/><V36/><F36/><W71/><G108/><T83/><D125/><U48/><E69/><V55/><F135/><W11/><G86/><T47/><D132/><U37/><E37/><V2/><F2/><W62/><REACH who="3" step="1"/><G52/><REACH who="3" ten="301,213,358,108" step="2"/><T17/><D72/><U0/><E124/><V29/><F127/><W87/><G87/><T79/><D112/><U122/><E40/><V120/><F126/><W133/><G133/><T23/><D84/><U123/><E123/><V109/><F120/><W66/><G66/><T13/><D67/><U76/><E122/><V51/><F109/><W80/><G80/><T100/><D82/><U134/><E134/><V97/><F55/><W70/><G70/><T31/><D83/><U88/><E76/><V110/><F110/><W130/><G130/><T131/><D79/><U77/><E77/><V113/><F113/><W60/><G60/><T3/><D131/><U78/><E78/><V53/><F53/><W38/><G38/><T27/><D65/><U33/><E129/><V117/><F117/><W56/><G56/><T118/><D118/><U116/><E116/><V26/><F54/><W49/><G49/><T58/><D58/><U21/><E48/><V61/><F57/><W111/><G111/><T12/><D50/><U16/><E34/><V94/><F61/><W30/><G30/><T81/><D31/><U43/><E43/><V44/><F51/><W4/><G4/><T115/><D41/><U121/><E33/><N who="2" m="20663" /><F85/><W9/><G9/><T96/><D115/><RYUUKYOKU ba="2,2" sc="301,-10,213,-10,358,-10,108,30" hai3="6,11,25,28,35,62,64,71,92,93,95,104,105" /><INIT seed="7,3,2,1,0,48" ten="291,203,348,138" oya="3" hai0="9,1,125,5,38,43,86,123,50,56,12,91,75" hai1="81,135,28,121,8,71,108,94,54,105,127,61,11" hai2="103,84,44,124,73,88,45,32,34,33,36,64,21" hai3="13,112,39,31,118,104,26,129,2,29,114,89,0"/><W67/><G39/><T35/><D123/><U77/><E105/><V117/><F73/><W6/><G104/><T99/><D75/><U18/><E108/><V23/><F117/><W130/><G67/><T58/><D125/><U63/><E121/><V131/><F124/><W24/><G89/><T92/><D35/><U119/><E127/><V4/><F4/><W122/><G122/><T59/><D38/><U7/><E71/><V66/><F103/><W46/><G46/><T27/><D1/><N who="3" m="617" /><G118/><T101/><D27/><N who="3" m="10281" /><G13/><T3/><D3/><U79/><E119/><V30/><F45/><W110/><G6/><T134/><D43/><U37/><E37/><V83/><F44/><W19/><G19/><T55/><D134/><U74/><E7/><V17/><F36/><W95/><G95/><AGARI ba="3,2" hai="5,9,12,50,55,56,58,59,86,91,92,95,99,101" machi="95" ten="30,3900,0" yaku="7,1,8,1,52,1" doraHai="48" who="0" fromWho="3" sc="291,68,203,0,348,0,138,-48" owari="359,46.0,203,-20.0,348,15.0,90,-41.0" /></mjloggm>