<mjloggm ver="2.3"><GO type="169" lobby="0"/><UN n0="%E3%82%B3%E3%82%B3%E3%82%A2%E3%81%AF%E4%BF%BA%E3%81%AE%E5%AB%81" n1="%E3%81%84%E3%81%84%E3%81%9E" n2="%E6%88%B0%E8%89%A6%E3%83%AC%E7%B4%9A" n3="%75%72%61%74%61%6D%61" dan="16,16,16,16" rate="2105.59,2122.13,2107.53,2068.77" sx="F,M,F,M"/><TAIKYOKU oya="0"/><INIT seed="0,0,0,5,4,75" ten="250,250,250,250" oya="0" hai0="5,18,58,121,112,74,77,48,2,28,93,59,92" hai1="41,3,27,29,36,34,56,13,1,126,115,119,73" hai2="17,43,50,80,98,85,6,132,52,4,89,40,62" hai3="72,117,57,22,97,65,82,87,23,81,99,113,9"/><T130/><D121/><U64/><E119/><V111/><F111/><W15/><G117/><T66/><D112/><U90/><E115/><V45/><F132/><W21/><G72/><T30/><D130/><U103/><E103/><V69/><F43/><W42/><G82/><T114/><D114/><U104/><E104/><V31/><F31/><W91/><G42/><T11/><D18/><U63/><E73/><V19/><F98/><W10/><G10/><T38/><D38/><U0/><E13/><V70/><F70/><W25/><G25/><T109/><D109/><U68/><E90/><V118/><F118/><W86/><G86/><T108/><D108/><U79/><E79/><V129/><F129/><W47/><G47/><T125/><D125/><U96/><E96/><V131/><F131/><W120/><G120/><T94/><D48/><U135/><E56/><N who="2" m="35079" /><F69/><W107/><G107/><T12/><D2/><U26/><E26/><V110/><F110/><W102/><G102/><T61/><REACH who="0" step="1"/><D59/><REACH who="0" ten="240,250,250,250" step="2"/><U100/><E126/><V8/><F17/><N who="3" m="8431" /><G113/><T106/><D106/><U37/><E37/><V105/><F105/><W46/><G46/><T127/><D127/><U95/><E0/><V101/><F19/><W44/><G44/><T134/><D134/><U128/><E135/><V60/><F45/><W54/><G65/><T20/><D20/><U88/><E128/><V35/><F8/><W55/><G57/><T71/><D71/><U116/><E116/><V67/><F67/><W24/><G23/><T32/><D32/><U83/><E36/><V78/><F35/><W122/><G122/><RYUUKYOKU ba="0,1" sc="240,30,250,-10,250,-10,250,-10" hai0="5,11,12,28,30,58,61,66,74,77,92,93,94" /><INIT seed="0,1,1,1,0,1" ten="270,240,240,240" oya="0" hai0="120,75,116,66,74,50,129,111,115,2,44,119,101" hai1="104,125,60,57,107,45,35,67,76,37,108,17,65" hai2="14,98,106,88,43,114,12,96,24,82,69,99,16" hai3="94,19,6,78,117,112,122,52,100,21,62,86,33"/><T135/><D120/><U126/><E108/><V118/><F114/><W79/><G33/><T87/><D115/><U61/><E76/><V11/><F118/><W15/><G112/><T70/><D2/><U123/><E35/><V109/><F69/><W36/><G36/><T92/><D135/><U102/><E102/><V80/><F109/><W93/><G117/><T10/><D129/><U29/><E29/><V128/><F106/><W58/><G122/><T31/><D111/><U34/><E34/><V127/><F128/><W8/><G100/><T133/><D133/><U4/><E17/><V90/><F43/><W46/><G46/><T47/><D47/><U38/><E123/><V64/><F64/><W49/><G62/><T3/><D31/><U26/><E26/><V30/><F14/><N who="3" m="5399" /><G94/><T42/><D75/><U0/><E45/><V95/><F127/><N who="1" m="48649" /><E107/><V53/><F53/><W28/><G28/><T5/><D74/><U39/><E104/><V25/><F30/><W131/><G131/><T23/><D23/><U22/><E22/><V130/><F130/><W113/><G113/><T103/><D103/><U134/><E134/><V91/><REACH who="2" step="1"/><F95/><REACH who="2" ten="270,240,230,240" step="2"/><W7/><G7/><T110/><D110/><U105/><E105/><V77/><F77/><W121/><G121/><T71/><D116/><U55/><E4/><V41/><F41/><W83/><G83/><AGARI ba="1,2" hai="11,12,16,24,25,80,82,83,88,90,91,96,98,99" machi="83" ten="40,8000,1" yaku="1,1,8,1,54,2,53,0" doraHai="1" doraHaiUra="54" who="2" fromWho="3" sc="270,0,240,0,230,103,240,-83" /><INIT seed="1,0,0,0,2,24" ten="270,240,333,157" oya="1" hai0="120,122,52,39,76,77,36,99,107,74,40,30,3" hai1="73,18,129,59,134,28,102,7,98,62,60,125,124" hai2="95,116,128,126,104,70,92,48,5,45,90,0,47" hai3="85,61,38,121,133,12,109,86,21,69,10,19,53"/><U26/><E73/><V103/><F116/><W65/><G38/><T81/><D3/><U15/><E7/><V108/><F70/><W56/><G109/><T33/><D77/><U31/><E26/><V1/><F5/><W14/><G133/><T68/><D68/><U6/><E6/><V117/><F48/><W22/><G121/><N who="0" m="46699" /><D40/><U41/><E41/><V23/><F117/><W78/><G78/><T13/><D13/><U111/><E134/><V66/><F66/><W135/><G135/><T37/><D52/><N who="1" m="33895" /><E62/><V46/><F1/><W25/><G14/><T11/><D11/><N who="1" m="6527" /><E129/><V55/><F0/><W67/><G22/><T87/><D74/><U17/><E17/><V106/><F23/><W97/><G97/><T80/><D99/><U35/><E35/><V119/><F128/><W2/><G2/><T96/><D96/><U94/><E111/><V58/><F108/><W29/><REACH who="3" step="1"/><G65/><REACH who="3" ten="270,240,333,147" step="2"/><T132/><D132/><U43/><E43/><V101/><F106/><W83/><G83/><N who="0" m="47591" /><D107/><U118/><E118/><V105/><F104/><W115/><G115/><T51/><D37/><U75/><E75/><V91/><F105/><W84/><G84/><T64/><D39/><U32/><E32/><V42/><F119/><W113/><G113/><T112/><D36/><U16/><E125/><V57/><F126/><W4/><G4/><T9/><D112/><U131/><E124/><V20/><F20/><W44/><G44/><T82/><D64/><U71/><E131/><V89/><F42/><W63/><AGARI ba="0,1" hai="10,12,19,21,25,29,53,56,61,63,67,69,85,86" machi="63" ten="20,5200,0" yaku="1,1,0,1,7,1,52,1,53,0" doraHai="24" doraHaiUra="79" who="3" fromWho="3" sc="270,-13,240,-26,333,-13,147,62" /><INIT seed="2,0,0,0,3,5" ten="257,214,320,209" oya="2" hai0="56,120,123,110,122,27,66,54,94,81,117,31,100" hai1="68,131,82,114,63,0,7,112,70,71,118,76,12" hai2="62,104,11,8,86,98,116,40,134,78,37,26,69" hai3="125,41,88,13,9,80,33,111,95,23,15,3,132"/><V74/><F116/><W124/><G41/><T133/><D110/><U64/><E118/><V17/><F134/><W109/><G33/><T61/><D117/><U18/><E131/><V73/><F86/><W22/><G80/><T42/><D133/><U77/><E77/><V50/><F37/><W119/><G3/><T107/><D42/><U49/><E49/><V83/><F73/><W58/><G15/><T108/><D108/><N who="3" m="41545" /><G132/><T101/><D107/><U75/><E7/><V93/><F104/><W24/><G58/><T52/><D81/><U4/><E4/><V14/><F26/><W92/><G92/><T128/><D128/><U2/><E2/><V53/><F40/><W10/><G119/><T44/><D44/><U96/><E0/><V72/><F74/><W45/><G45/><T36/><D36/><U99/><E70/><V85/><F72/><W113/><G113/><T60/><D94/><U55/><E71/><V43/><F43/><W102/><G102/><T28/><D28/><U115/><REACH who="1" step="1"/><E55/><REACH who="1" ten="257,204,320,209" step="2"/><V126/><F69/><W97/><G124/><T65/><D54/><U130/><E130/><V127/><F126/><W84/><G125/><T51/><D51/><U67/><E67/><V35/><F127/><W129/><G129/><T79/><D79/><U57/><E57/><N who="2" m="35119" /><F50/><W47/><G47/><T90/><D66/><U121/><E121/><V135/><F135/><W39/><G39/><T106/><D65/><U29/><E29/><V89/><F35/><W16/><G97/><N who="0" m="61711" /><D61/><U20/><AGARI ba="0,1" hai="12,18,20,63,64,68,75,76,82,96,99,112,114,115" machi="20" ten="30,2000,0" yaku="1,1,0,1,53,0" doraHai="5" doraHaiUra="91" who="1" fromWho="1" sc="257,-5,204,30,320,-10,209,-5" /><INIT seed="3,0,0,5,0,42" ten="252,234,310,204" oya="3" hai0="41,39,102,66,81,105,51,100,128,119,62,59,76" hai1="120,25,90,92,68,134,101,80,74,84,127,77,135" hai2="131,97,118,115,85,104,48,133,95,22,20,52,34" hai3="55,63,49,21,65,72,98,64,4,117,87,83,58"/><W12/><G72/><T3/><D119/><U116/><E68/><V32/><F118/><W110/><G117/><T23/><D128/><U89/><E116/><V73/><F115/><W107/><G110/><T14/><D3/><U5/><E5/><V71/><F71/><W11/><G21/><T45/><D105/><U126/><E25/><V40/><F40/><W125/><G125/><N who="1" m="47626" /><E120/><V38/><F38/><W121/><G121/><T28/><D39/><U112/><E112/><V10/><F73/><W79/><G107/><T56/><D56/><U123/><E123/><V46/><F131/><W57/><REACH who="3" step="1"/><G98/><REACH who="3" ten="252,234,310,194" step="2"/><T8/><D23/><U27/><E27/><V75/><F104/><W16/><G16/><T44/><D28/><U130/><E130/><V15/><F75/><W94/><G94/><T132/><D81/><N who="1" m="45239" /><E101/><V9/><F22/><W111/><G111/><T103/><D103/><U109/><E109/><V7/><F20/><W93/><G93/><T1/><D102/><U113/><E113/><V31/><F31/><W114/><G114/><T2/><D100/><U33/><E33/><V78/><F95/><W122/><G122/><T69/><D8/><U29/><E29/><V50/><F10/><W13/><G13/><T61/><D14/><U17/><E17/><V26/><F34/><W53/><AGARI ba="0,1" hai="4,11,12,49,53,55,57,58,63,64,65,79,83,87" machi="53" ten="20,7800,0" yaku="1,1,0,1,7,1,8,1,53,0" doraHai="42" doraHaiUra="18" who="3" fromWho="3" sc="252,-26,234,-26,310,-26,194,88" /><INIT seed="3,1,0,5,0,88" ten="226,208,284,282" oya="3" hai0="28,33,109,52,100,106,26,18,110,87,73,84,135" hai1="5,14,118,35,121,123,90,8,41,104,64,95,17" hai2="91,0,57,115,80,19,51,31,20,46,130,79,102" hai3="82,134,54,1,4,2,59,55,60,114,58,65,105"/><W129/><G114/><T113/><D113/><U133/><E104/><V48/><F115/><W37/><G105/><T78/><D135/><U122/><E133/><V12/><F130/><W125/><G134/><T61/><D73/><U120/><E118/><V62/><F0/><W27/><G37/><T131/><D131/><U66/><N who="1" m="30720" /><DORA hai="30" /><U40/><E35/><V50/><F102/><W13/><G27/><T94/><D106/><U21/><E41/><V25/><F91/><W43/><G125/><T16/><D78/><U56/><E40/><V72/><F46/><W98/><G43/><T85/><D100/><U124/><E56/><V111/><F111/><N who="0" m="42506" /><D94/><U22/><E22/><V49/><F48/><W86/><G98/><T132/><D132/><U83/><E83/><V128/><F128/><W101/><G101/><T116/><D116/><U68/><E68/><V93/><F93/><W44/><G44/><T7/><D7/><U92/><E124/><V108/><F108/><W53/><G129/><T117/><D117/><U23/><E23/><V32/><REACH who="2" step="1"/><F50/><REACH who="2" ten="226,208,274,282" step="2"/><N who="3" m="31031" /><G1/><T38/><D38/><U63/><E63/><V74/><F74/><W99/><G2/><T112/><D112/><U126/><E126/><V42/><F42/><W97/><G60/><T89/><D89/><U9/><E95/><V15/><F15/><W127/><G13/><T70/><D70/><U6/><E92/><V76/><F76/><W75/><G75/><T107/><D107/><U119/><E90/><V47/><F47/><W103/><G127/><T29/><D61/><U11/><E119/><V45/><F45/><RYUUKYOKU ba="1,1" sc="226,-15,208,15,274,15,282,-15" hai1="5,6,8,9,11,14,17,21,64,66" hai2="12,19,20,25,31,32,49,51,57,62,72,79,80" /><INIT seed="4,2,1,2,1,31" ten="211,223,289,267" oya="0" hai0="101,90,71,0,85,82,69,22,99,127,132,92,62" hai1="42,98,38,47,84,10,133,102,5,35,27,11,67" hai2="54,61,108,49,96,30,48,18,123,58,111,60,46" hai3="112,125,74,2,135,72,7,63,68,4,76,87,12"/><T114/><D127/><U100/><E133/><V121/><F30/><W122/><G135/><T66/><D132/><U94/><E102/><V64/><F96/><W79/><G12/><T3/><D114/><U44/><E44/><N who="2" m="27943" /><F18/><W51/><G51/><T43/><D43/><U40/><E40/><N who="2" m="24647" /><F61/><W95/><G63/><T80/><D71/><U89/><E67/><V32/><F32/><W21/><G68/><T33/><D33/><U97/><E97/><V6/><F6/><W29/><G29/><T9/><D22/><U106/><E11/><V17/><F17/><W130/><G7/><T107/><D9/><U34/><REACH who="1" step="1"/><E27/><REACH who="1" ten="211,213,289,267" step="2"/><V75/><F75/><W65/><G74/><T104/><D104/><U56/><E56/><V128/><F128/><W118/><G130/><T131/><D131/><U126/><E126/><V41/><F41/><W37/><G72/><T57/><D69/><U55/><E55/><V20/><F20/><W52/><G52/><T25/><D25/><U78/><E78/><V19/><F19/><W120/><G79/><T110/><D110/><AGARI ba="2,2" hai="58,60,64,108,110,111,121,123" m="24647,27943" machi="110" ten="30,2000,0" yaku="34,2" doraHai="31" who="2" fromWho="0" sc="211,-26,213,0,289,46,267,0" /><INIT seed="5,0,0,1,4,77" ten="185,213,335,267" oya="1" hai0="79,44,5,52,114,99,15,17,103,123,133,115,109" hai1="8,33,18,45,68,1,12,60,42,20,82,116,62" hai2="132,41,101,117,94,28,9,73,49,30,65,85,76" hai3="6,105,21,121,107,26,83,14,122,55,24,78,134"/><U92/><E116/><V10/><F117/><W46/><G134/><T2/><D109/><U29/><E68/><V13/><F73/><W23/><G6/><T93/><D133/><U110/><E110/><V16/><F65/><W131/><G14/><T98/><D123/><U112/><E112/><V67/><F67/><W19/><G131/><T38/><D79/><U97/><E33/><V59/><F9/><W91/><G91/><T27/><D27/><U69/><E69/><V130/><F132/><W86/><G121/><T118/><D118/><U120/><E120/><V48/><F59/><W0/><G0/><T125/><D125/><U4/><E29/><N who="2" m="11371" /><F41/><W11/><G11/><T128/><D128/><U89/><REACH who="1" step="1"/><E82/><REACH who="1" ten="185,203,335,267" step="2"/><N who="2" m="47303" /><F130/><W127/><G122/><T39/><D115/><U95/><E95/><V51/><F101/><W126/><G107/><T40/><D114/><U35/><E35/><V37/><F37/><AGARI ba="0,1" hai="1,4,8,12,18,20,37,42,45,60,62,89,92,97" machi="37" ten="30,5800,0" yaku="1,1,7,1,53,1" doraHai="77" doraHaiUra="70" who="1" fromWho="2" sc="185,0,203,68,335,-58,267,0" /><INIT seed="5,1,0,5,3,97" ten="185,271,277,267" oya="1" hai0="104,99,8,28,33,87,70,43,71,5,128,108,102" hai1="67,59,46,73,92,85,126,45,18,111,133,7,15" hai2="16,30,24,64,94,86,54,96,52,107,121,38,47" hai3="130,75,68,132,1,12,124,78,13,90,113,77,40"/><U65/><E133/><V17/><F121/><W42/><G1/><T41/><D108/><U135/><E135/><V84/><F64/><N who="1" m="24649" /><E73/><V49/><F107/><W115/><G132/><T127/><D127/><U100/><E7/><V62/><F38/><W81/><G68/><T106/><D128/><U3/><E3/><V112/><F112/><N who="3" m="43083" /><G124/><T88/><D106/><U31/><E31/><V66/><F54/><W93/><G78/><T51/><D28/><U55/><E126/><V98/><F98/><N who="3" m="57655" /><G130/><T125/><D33/><U19/><E19/><V105/><F105/><W74/><G74/><T119/><D119/><U39/><E39/><V26/><F30/><W63/><G63/><T61/><D61/><U25/><E25/><N who="2" m="9835" /><F62/><W4/><G4/><T10/><D125/><U35/><E35/><V57/><F66/><W89/><G89/><T50/><D71/><U76/><E76/><V82/><F82/><W14/><AGARI ba="1,0" hai="12,13,14,40,42,75,77,81" m="57655,43083" machi="14" ten="30,1100,0" yaku="15,1" doraHai="97" who="3" fromWho="3" sc="185,-4,271,-6,277,-4,267,14" /><INIT seed="6,0,0,5,0,112" ten="181,265,273,281" oya="2" hai0="55,51,102,78,120,131,70,32,9,134,66,46,127" hai1="72,28,49,135,27,83,36,58,25,117,8,61,105" hai2="10,63,108,26,109,17,60,14,100,42,124,104,98" hai3="20,84,29,119,115,50,80,96,38,92,48,87,19"/><V94/><F124/><W123/><G123/><T5/><D120/><U129/><E36/><V47/><F26/><W128/><G38/><T67/><D127/><U30/><E135/><V103/><F100/><W69/><G69/><T52/><D134/><U73/><E105/><V74/><F74/><W130/><G119/><T45/><D131/><N who="3" m="50217" /><G29/><T125/><D125/><U114/><E117/><V132/><F104/><W44/><G115/><T56/><D32/><U90/><E114/><V54/><F54/><N who="3" m="29959" /><G50/><T34/><D34/><U93/><E49/><N who="2" m="26871" /><F132/><W31/><G80/><T59/><D102/><U97/><E129/><V1/><F1/><W118/><G31/><T86/><D86/><N who="1" m="50527" /><E73/><V95/><F95/><W57/><G57/><T0/><D78/><U13/><E28/><V35/><F35/><W39/><G39/><T82/><D82/><U23/><E30/><V107/><F107/><W75/><G118/><T37/><D70/><U2/><E2/><V71/><F71/><W81/><G81/><T24/><D24/><U3/><E3/><V11/><F11/><W110/><G110/><AGARI ba="0,0" hai="10,14,17,60,63,94,98,103,108,109,110" m="26871" machi="110" ten="30,1500,0" yaku="10,1" doraHai="112" who="2" fromWho="3" sc="181,0,265,0,273,15,281,-15" /><INIT seed="6,1,0,3,0,58" ten="181,265,288,266" oya="2" hai0="0,129,27,85,120,74,60,135,25,86,13,81,82" hai1="134,51,89,29,37,92,65,3,73,109,9,22,69" hai2="75,59,54,30,118,131,117,15,19,119,35,62,39" hai3="127,104,68,133,52,43,130,105,21,38,1,70,90"/><V80/><F39/><W71/><G1/><T10/><D120/><U24/><E109/><V77/><F131/><W72/><G72/><T116/><D129/><U115/><E37/><V61/><F30/><W126/><G130/><T6/><D135/><U76/><E115/><V12/><F35/><W42/><G90/><T47/><D74/><U122/><E134/><V20/><F15/><W84/><G84/><T114/><D114/><U107/><E107/><N who="3" m="41034" /><G21/><T17/><D116/><U5/><E122/><V64/><REACH who="2" step="1"/><F118/><REACH who="2" ten="181,265,278,266" step="2"/><W57/><G38/><T123/><D123/><U95/><E29/><V96/><F96/><W128/><G128/><T121/><D121/><U66/><E3/><V110/><F110/><W93/><G133/><T125/><D0/><U103/><E24/><V88/><F88/><W91/><G91/><T100/><D25/><U99/><E89/><V49/><F49/><W23/><G127/><T83/><D27/><U26/><E51/><V46/><F46/><W113/><G126/><T106/><D125/><U14/><E99/><V36/><F36/><W2/><G2/><T67/><D47/><U98/><E98/><V45/><F45/><W87/><G113/><T32/><D32/><U78/><E26/><V112/><F112/><W33/><G33/><T56/><D6/><U16/><E5/><V11/><F11/><W101/><G101/><T97/><D106/><U4/><E103/><V94/><F94/><W41/><G93/><T31/><D31/><U44/><E95/><V53/><F53/><W8/><G8/><T55/><D55/><U50/><E92/><RYUUKYOKU ba="1,1" sc="181,15,265,-15,278,15,266,-15" hai0="10,13,17,56,60,67,81,82,83,85,86,97,100" hai2="12,19,20,54,59,61,62,64,75,77,80,117,119" /><INIT seed="6,2,1,1,3,44" ten="196,250,293,251" oya="2" hai0="1,53,17,63,114,126,106,10,135,35,85,72,133" hai1="78,6,124,110,129,36,32,64,4,42,79,45,87" hai2="108,105,65,11,121,69,84,104,31,29,92,27,130" hai3="131,18,95,82,9,81,56,68,116,62,12,86,119"/><V77/><F121/><W40/><G68/><T120/><D72/><U117/><E110/><V88/><F108/><W8/><G131/><T94/><D106/><U23/><E117/><V7/><F130/><W76/><G95/><T33/><D120/><U98/><E32/><V13/><F77/><W20/><G40/><T67/><D114/><U90/><E129/><V57/><F69/><W25/><G81/><T59/><D126/><U118/><E118/><V26/><F104/><W52/><REACH who="3" step="1"/><G8/><REACH who="3" ten="196,250,293,241" step="2"/><T102/><D135/><U61/><E124/><V125/><F125/><W14/><G14/><T83/><D133/><U19/><E98/><V55/><F105/><W111/><G111/><T58/><D94/><U97/><E97/><V66/><F26/><W49/><G49/><T93/><D93/><U132/><E132/><V115/><F115/><W15/><G15/><T50/><D102/><U38/><E42/><V128/><F128/><W75/><G75/><T134/><D134/><U89/><E36/><V103/><F103/><W46/><G46/><T3/><D3/><U127/><E45/><V71/><F71/><W28/><AGARI ba="2,2" hai="9,12,18,20,25,28,52,56,62,76,82,86,116,119" machi="28" ten="20,8000,1" yaku="1,1,0,1,7,1,54,1,53,1" doraHai="44" doraHaiUra="24" who="3" fromWho="3" sc="196,-22,250,-22,293,-42,241,106" /><INIT seed="7,0,0,0,4,41" ten="174,228,251,347" oya="3" hai0="58,43,55,104,92,7,91,31,109,93,81,23,99" hai1="86,32,105,96,3,87,13,65,95,97,47,110,129" hai2="17,101,124,108,111,22,125,26,51,94,67,27,134" hai3="80,0,85,24,79,44,71,2,68,113,60,62,34"/><W49/><G113/><T123/><D123/><U11/><E110/><N who="2" m="42027" /><F51/><W73/><G73/><T18/><D109/><U15/><E32/><V82/><F67/><W90/><G68/><T75/><D31/><U36/><E129/><V46/><F94/><W1/><G79/><T54/><D7/><U4/><E65/><V115/><F82/><W33/><G71/><T40/><D104/><U59/><E59/><V29/><F101/><W50/><G50/><T102/><D75/><U120/><E120/><V74/><F74/><W30/><REACH who="3" step="1"/><G34/><REACH who="3" ten="174,228,251,337" step="2"/><T20/><D81/><U12/><E36/><V133/><F115/><W45/><G45/><T66/><D66/><U89/><E47/><V100/><F46/><W14/><G14/><T121/><D121/><U76/><E76/><V130/><F130/><W57/><G57/><T131/><D131/><U78/><E78/><V132/><F100/><W126/><G126/><T39/><D39/><U48/><E48/><V72/><F72/><W6/><G6/><T42/><D58/><U128/><E128/><V83/><F83/><W84/><G84/><T127/><D127/><N who="2" m="48714" /><F26/><W63/><G63/><T114/><D114/><U25/><E25/><V52/><F132/><W16/><G16/><T21/><REACH who="0" step="1"/><D18/><REACH who="0" ten="164,228,251,337" step="2"/><U118/><E4/><V119/><F17/><W116/><G116/><T19/><D19/><U135/><E118/><V122/><F119/><W88/><G88/><T61/><D61/><U37/><E89/><V98/><F122/><W28/><G28/><T64/><D64/><U106/><E37/><V77/><F29/><W112/><G112/><RYUUKYOKU ba="0,2" sc="164,15,228,-15,251,-15,337,15" hai0="20,21,23,40,42,43,54,55,91,92,93,99,102" hai3="0,1,2,24,30,33,44,49,60,62,80,85,90" owari="179,-32.0,213,-19.0,236,4.0,372,47.0" /></mjloggm>