<mjloggm ver="2.3"><GO type="185" lobby="0"/><UN n0="%69%6E%75%73%61%6E%38%34" n1="%41%74%72%69%61" n2="%E3%81%B7%E3%82%8A%E3%81%B7%E3%82%8A%EF%BC%92%EF%BC%90%EF%BC%90%EF%BC%91" n3="" dan="16,17,16,0" rate="2128.16,2237.18,2123.63,1500.00" sx="M,F,M,C"/><TAIKYOKU oya="0"/><INIT seed="0,0,0,2,5,53" ten="350,350,350,0" oya="0" hai0="69,57,97,59,66,133,46,1,135,61,124,134,110" hai1="112,125,79,45,35,121,106,52,94,118,36,89,44" hai2="2,117,58,113,84,68,101,64,67,100,102,90,95" hai3=""/><T78/><D1/><U42/><N who="1" m="31008" /><U87/><E118/><V122/><N who="2" m="31264" /><V82/><F2/><T85/><D124/><U60/><E35/><V62/><F113/><T75/><D75/><U96/><E125/><V77/><F117/><T71/><D110/><U129/><E112/><V91/><F91/><T65/><D97/><U38/><E129/><V128/><F128/><T83/><D46/><U98/><E106/><V111/><F111/><T119/><D119/><U63/><E79/><V72/><REACH who="2" step="1"/><F67/><REACH who="2" ten="350,350,340,0" step="2"/><T93/><REACH who="0" step="1"/><D93/><REACH who="0" ten="340,350,340,0" step="2"/><U73/><E73/><V130/><F130/><T50/><D50/><U39/><E39/><V120/><N who="2" m="30752" /><V107/><F107/><T81/><D81/><U109/><E109/><V126/><F126/><T127/><D127/><U49/><E36/><V32/><F32/><T37/><D37/><U74/><E74/><V88/><F88/><T115/><D115/><U56/><REACH who="1" step="1"/><E63/><AGARI ba="0,2" hai="57,59,61,63,65,66,69,71,78,83,85,133,134,135" machi="63" ten="40,18000,2" yaku="1,1,9,1,20,1,52,2,53,2" doraHai="53" doraHaiUra="54" who="0" fromWho="1" sc="340,200,350,-180,340,0,0,0" /><INIT seed="0,1,0,2,4,81" ten="540,170,340,0" oya="0" hai0="78,57,38,109,60,122,86,34,126,71,120,69,46" hai1="128,41,45,73,39,66,68,44,113,2,48,93,82" hai2="42,114,3,90,91,40,54,80,107,131,65,53,119" hai3=""/><T62/><N who="0" m="30752" /><T129/><N who="0" m="31264" /><T130/><D34/><U89/><E2/><V74/><F3/><T76/><D126/><U132/><E128/><N who="0" m="49257" /><D109/><U111/><E111/><V36/><F80/><T0/><D0/><U87/><E132/><V59/><F59/><T105/><D105/><U95/><E113/><V77/><F65/><T50/><D38/><U134/><E134/><V125/><F36/><T35/><D35/><U52/><REACH who="1" step="1"/><E73/><REACH who="1" ten="540,160,340,0" step="2"/><V100/><F74/><T110/><D110/><U121/><N who="1" m="31008" /><U67/><E67/><V61/><F114/><T127/><D127/><U63/><AGARI ba="1,1" hai="39,41,44,45,48,52,63,66,68,82,87,89,93,95" m="31008" machi="63" ten="30,6000,1" yaku="1,1,0,1,52,2,54,1,53,0" doraHai="81" doraHaiUra="106" who="1" fromWho="1" sc="540,-41,160,72,340,-21,0,0" /><INIT seed="1,0,0,0,2,68" ten="499,232,319,0" oya="1" hai0="74,64,80,135,111,1,114,44,77,83,61,46,97" hai1="75,35,79,87,109,33,98,38,42,40,57,116,32" hai2="106,0,88,47,130,59,85,119,95,105,118,70,113" hai3=""/><U56/><E116/><V81/><F0/><T112/><D1/><U48/><E75/><V125/><F70/><T54/><D111/><U67/><E109/><V104/><F130/><T37/><D135/><U92/><E87/><V84/><F125/><T58/><D83/><U53/><E79/><V43/><F59/><T55/><D97/><U131/><E131/><V82/><F113/><T102/><D102/><U65/><E56/><V73/><F73/><T91/><D91/><U132/><E132/><V93/><F47/><T66/><D66/><U129/><E129/><V110/><F43/><T101/><D101/><U52/><E53/><V107/><F110/><T3/><D3/><U78/><E78/><V100/><F107/><T99/><D99/><U34/><N who="1" m="8192" /><DORA hai="39" /><U69/><E69/><V96/><F95/><T49/><D46/><U122/><N who="1" m="31264" /><U60/><E38/><V108/><F108/><T41/><D55/><U126/><E126/><V76/><AGARI ba="0,0" hai="76,81,82,84,85,88,93,96,100,104,105,106,118,119" machi="76" ten="30,6000,1" yaku="0,1,34,3,54,1" doraHai="68,39" who="2" fromWho="2" sc="499,-20,232,-40,319,60,0,0" /><INIT seed="2,0,0,3,4,81" ten="479,192,379,0" oya="2" hai0="82,44,49,34,0,90,101,89,67,98,92,123,135" hai1="78,74,109,94,41,35,47,1,111,56,57,86,132" hai2="105,118,108,61,115,128,33,116,102,127,37,106,129" hai3=""/><V39/><F33/><T62/><N who="0" m="31520" /><T121/><N who="0" m="31008" /><T119/><D119/><N who="2" m="45610" /><F102/><T88/><D34/><U36/><E35/><V45/><F45/><T97/><D0/><U79/><E1/><V59/><F115/><T55/><D135/><U43/><E132/><V71/><F127/><T3/><D3/><U93/><E74/><V65/><F59/><T69/><REACH who="0" step="1"/><D82/><REACH who="0" ten="469,192,379,0" step="2"/><U113/><E113/><V75/><F108/><T130/><D130/><N who="2" m="50282" /><F75/><T38/><D38/><AGARI ba="0,1" hai="37,38,39,61,65,71,105,106" m="50282,45610" machi="38" ten="40,3900,0" yaku="19,1,23,1" doraHai="81" who="2" fromWho="0" sc="469,-39,192,0,379,49,0,0" /><INIT seed="2,1,0,1,2,50" ten="430,192,428,0" oya="2" hai0="2,128,109,49,125,103,115,73,58,47,78,93,91" hai1="92,98,118,69,135,89,79,97,105,74,35,75,53" hai2="61,42,82,85,46,48,34,55,37,0,40,66,99" hai3=""/><V119/><F0/><T121/><N who="0" m="31008" /><T129/><D2/><U126/><E35/><V133/><F34/><T84/><D109/><U72/><E69/><V62/><F119/><T60/><D125/><U102/><E118/><V44/><F133/><T70/><D70/><U80/><E126/><V88/><F99/><T114/><D103/><U36/><E36/><V112/><F112/><N who="0" m="43050" /><D78/><U87/><E53/><V33/><F33/><T1/><D73/><U113/><E113/><V111/><F111/><T57/><D1/><U43/><E43/><V134/><F134/><AGARI ba="1,0" hai="72,74,75,79,80,87,89,92,97,98,102,105,134,135" machi="134" ten="50,6400,0" yaku="34,3" doraHai="50" who="1" fromWho="2" sc="430,0,192,66,428,-66,0,0" /><INIT seed="4,0,0,2,1,106" ten="430,258,362,0" oya="0" hai0="112,109,132,95,81,33,76,120,42,78,93,129,36" hai1="98,97,45,102,85,99,60,84,61,32,59,88,49" hai2="110,35,47,75,103,114,44,66,64,124,34,56,111" hai3=""/><T38/><N who="0" m="30752" /><T87/><D33/><U72/><E32/><V79/><F124/><T40/><D112/><U65/><E72/><V54/><F114/><T130/><D132/><U104/><E61/><V83/><F103/><T43/><D109/><U134/><E85/><V37/><F37/><T3/><D3/><U48/><E48/><V135/><F135/><T123/><N who="0" m="31520" /><T101/><D101/><U57/><E57/><V55/><F56/><T82/><D43/><U133/><E134/><V127/><F127/><T39/><D39/><U70/><E70/><V71/><F71/><T62/><D87/><U105/><E105/><V94/><F34/><T52/><D62/><U77/><E77/><V73/><F35/><T50/><D50/><U108/><E108/><V117/><F79/><T92/><D92/><U51/><E51/><V125/><F125/><T91/><D91/><U68/><E68/><V122/><N who="2" m="31264" /><V131/><F110/><T86/><D86/><U67/><E133/><V74/><F111/><T128/><D128/><U53/><REACH who="1" step="1"/><E67/><REACH who="1" ten="430,248,362,0" step="2"/><V100/><F64/><T2/><D2/><U107/><E107/><V121/><F66/><T1/><D1/><U89/><E89/><V58/><F121/><T0/><D0/><RYUUKYOKU ba="0,1" sc="430,10,248,10,362,-20,0,0" hai0="36,38,40,42,52,76,78,81,82,93,95,129,130" hai1="45,49,53,59,60,65,84,88,97,98,99,102,104" /><INIT seed="4,1,1,2,2,132" ten="440,258,342,0" oya="0" hai0="46,121,93,89,128,94,33,126,43,71,119,77,120" hai1="102,95,70,122,44,107,91,49,85,73,130,99,103" hai2="76,35,127,74,81,133,134,75,101,51,63,78,59" hai3=""/><T64/><N who="0" m="30752" /><T1/><N who="0" m="31008" /><T82/><D33/><U84/><N who="1" m="31264" /><U131/><E70/><V65/><F35/><T42/><D119/><U115/><E73/><V57/><F101/><T69/><D1/><U106/><E115/><V125/><F51/><T92/><D128/><N who="1" m="49195" /><E44/><V113/><F113/><T116/><D116/><U129/><N who="1" m="49203" /><U47/><DORA hai="48" /><E47/><V117/><F117/><T52/><D89/><U86/><E49/><V39/><F39/><T41/><D46/><U2/><E2/><V60/><F81/><T62/><D71/><U135/><E135/><V67/><AGARI ba="1,1" hai="57,59,60,63,65,67,74,75,76,78,125,127,133,134" machi="67" ten="25,6000,1" yaku="0,1,22,2,52,2" doraHai="132,48" who="2" fromWho="2" sc="440,-41,258,-21,342,72,0,0" /><INIT seed="5,0,0,1,4,110" ten="399,237,414,0" oya="1" hai0="97,130,86,115,36,131,37,119,52,51,73,59,50" hai1="2,118,99,58,83,89,125,134,88,87,76,121,35" hai2="0,98,94,101,127,100,81,113,116,1,109,90,128" hai3=""/><U46/><N who="1" m="31008" /><U39/><E35/><V106/><F116/><T45/><D73/><U60/><E118/><V124/><F109/><T114/><D119/><U103/><E2/><V67/><F128/><N who="0" m="49194" /><D86/><U69/><E69/><V44/><F67/><T102/><D97/><U55/><E134/><V82/><F100/><T108/><D102/><U63/><E125/><N who="2" m="48203" /><F44/><T84/><D84/><U61/><E39/><N who="0" m="14921" /><D108/><U48/><REACH who="1" step="1"/><E46/><REACH who="1" ten="399,227,414,0" step="2"/><V96/><F0/><T92/><D92/><AGARI ba="0,1" hai="48,55,58,60,61,63,76,83,87,88,89,92,99,103" m="31008" machi="92" ten="40,12000,1" yaku="1,1,2,1,8,1,52,1,54,1,53,0" doraHai="110" doraHaiUra="32" who="1" fromWho="0" sc="399,-120,227,130,414,0,0,0" /><INIT seed="5,1,0,2,0,121" ten="279,357,414,0" oya="1" hai0="32,81,43,132,34,52,93,45,80,60,59,119,105" hai1="3,75,78,106,87,67,36,104,127,98,58,111,56" hai2="79,69,123,107,51,72,66,83,49,74,130,54,103" hai3=""/><U82/><E3/><V122/><N who="2" m="31264" /><V97/><N who="2" m="31520" /><V89/><F130/><T33/><D105/><U41/><E127/><V108/><F108/><T48/><D132/><U40/><E40/><V55/><F89/><T116/><REACH who="0" step="1"/><D93/><REACH who="0" ten="269,357,414,0" step="2"/><U63/><E104/><V128/><F107/><T65/><D65/><U37/><E111/><V76/><F66/><T117/><AGARI ba="1,1" hai="32,33,34,43,45,48,52,59,60,80,81,116,117,119" machi="117" ten="40,6000,1" yaku="1,1,0,1,12,1,54,1,53,0" doraHai="121" doraHaiUra="101" who="0" fromWho="0" sc="269,72,357,-41,414,-21,0,0" /><INIT seed="6,0,0,0,2,60" ten="341,316,393,0" oya="2" hai0="44,119,2,38,69,96,98,66,79,127,67,135,86" hai1="55,132,0,100,131,41,56,99,51,117,70,88,124" hai2="103,113,112,64,108,37,111,74,82,3,90,33,50" hai3=""/><V94/><F3/><T65/><D69/><U81/><E0/><V80/><F33/><T87/><D2/><U53/><E132/><V62/><F37/><T102/><D119/><U89/><E117/><V85/><F103/><T58/><D135/><U95/><E124/><V59/><F50/><T101/><D127/><U83/><E131/><V75/><F82/><N who="1" m="31241" /><E70/><V77/><F74/><T36/><D79/><U128/><E128/><V52/><F64/><T72/><D72/><U76/><E76/><V123/><N who="2" m="31520" /><V91/><F91/><N who="1" m="34889" /><E53/><V104/><F104/><T46/><D67/><U125/><E125/><V49/><F62/><T114/><D58/><U116/><E116/><V110/><AGARI ba="0,0" hai="49,52,59,75,77,80,85,90,94,108,110,111,112,113" m="31520" machi="110" ten="40,8000,1" yaku="0,1,10,1,52,1,54,1" doraHai="60" who="2" fromWho="2" sc="341,-40,316,-40,393,80,0,0" owari="301,-10.0,276,-32.0,473,42.0,0,0.0" /></mjloggm>