<mjloggm ver="2.3"><GO type="169" lobby="0"/><UN n0="%79%75%75%6B%69%35%32%30" n1="%E8%88%AC%E5%8D%93%E6%B0%91%E3%81%AE%E6%9C%9D%E3%81%AF%E6%97%A9%E3%81%84" n2="%E7%99%BD%E3%83%90%E3%83%A9%E3%82%B3%E3%83%BC%E3%83%92%E3%83%BC" n3="%E3%81%B2%E3%81%90%E3%81%A1" dan="16,18,16,17" rate="2063.81,2257.37,2068.12,2245.11" sx="M,M,M,M"/><TAIKYOKU oya="0"/><INIT seed="0,0,0,3,1,77" ten="250,250,250,250" oya="0" hai0="5,129,87,52,109,105,33,7,98,11,133,56,53" hai1="18,76,127,89,42,90,31,55,95,122,102,69,38" hai2="82,0,74,68,50,85,16,17,126,118,91,24,134" hai3="110,4,35,51,40,66,119,99,21,96,75,78,27"/><T100/><D129/><U62/><E122/><V57/><F68/><W49/><G119/><T23/><D33/><U72/><E127/><V112/><F112/><W130/><G110/><T80/><D133/><U86/><E31/><V114/><F114/><W116/><G116/><T115/><D109/><U1/><E1/><V128/><F118/><W44/><G35/><T71/><D71/><U48/><E90/><V113/><F113/><W13/><G66/><T6/><D115/><U73/><E38/><V2/><F126/><W131/><G4/><T107/><D107/><U28/><E28/><V83/><F128/><W106/><G13/><T104/><D104/><U41/><E102/><V108/><F108/><W123/><G123/><T26/><D11/><U58/><E18/><V32/><F32/><W47/><G99/><T10/><D10/><U120/><E120/><V60/><F134/><W63/><G63/><T14/><D14/><U92/><E92/><V79/><F50/><W124/><G96/><T111/><D111/><U29/><E29/><V70/><F70/><W65/><G65/><T64/><D64/><U12/><E69/><V36/><F36/><W19/><G106/><T3/><D3/><U25/><E12/><V93/><F93/><W61/><G61/><T135/><D135/><U46/><E62/><V43/><F43/><N who="3" m="24735" /><G124/><T117/><D117/><U103/><E41/><V20/><F17/><W125/><G125/><T15/><D15/><U8/><E8/><V88/><F91/><W81/><G131/><T54/><D56/><U101/><E42/><V9/><F9/><RYUUKYOKU ba="0,0" sc="250,-15,250,-15,250,15,250,15" hai2="0,2,16,20,24,57,60,74,79,82,83,85,88" hai3="19,21,27,40,47,51,75,78,81,130" /><INIT seed="1,1,0,1,3,91" ten="235,235,265,265" oya="1" hai0="120,102,121,61,68,64,53,16,29,1,18,44,81" hai1="92,130,93,0,87,12,131,80,66,60,108,107,85" hai2="26,37,104,133,82,5,41,106,116,125,36,122,111" hai3="10,65,17,128,24,43,25,13,105,46,49,38,19"/><U7/><E0/><V79/><F116/><W129/><G105/><T73/><D1/><U48/><E107/><V11/><F122/><N who="0" m="47210" /><D29/><U59/><E108/><V21/><F111/><W114/><G114/><T45/><D102/><U3/><E3/><V6/><F6/><W95/><G65/><T96/><D96/><U15/><E85/><V51/><F37/><W134/><G134/><T54/><D81/><U67/><E67/><V58/><F36/><W90/><G38/><T77/><D77/><U32/><E32/><V109/><F133/><W35/><G35/><T55/><D73/><U86/><E86/><N who="2" m="48479" /><F58/><W119/><G119/><T88/><D88/><N who="1" m="51303" /><E48/><V110/><F125/><W97/><REACH who="3" step="1"/><G19/><AGARI ba="1,0" hai="16,18,19,44,45,53,54,55,61,64,68" m="47210" machi="19" ten="30,2000,0" yaku="13,1,54,1" doraHai="91" who="0" fromWho="3" sc="235,23,235,0,265,0,265,-23" /><INIT seed="2,0,0,4,2,85" ten="258,235,265,242" oya="2" hai0="76,14,18,13,52,81,131,108,59,37,11,80,21" hai1="119,84,25,42,4,29,3,72,95,69,82,122,0" hai2="79,10,58,99,68,126,133,19,97,8,55,107,40" hai3="35,49,123,88,104,78,120,66,90,93,113,20,34"/><V41/><F68/><W98/><G104/><T91/><D108/><U2/><E69/><V134/><F79/><W26/><G78/><T51/><D131/><U92/><E72/><V115/><F115/><W129/><G113/><T125/><D125/><U60/><E119/><V94/><F107/><W89/><G129/><T33/><D33/><U6/><E42/><V50/><F126/><W1/><G1/><T53/><D37/><U101/><E60/><V38/><F38/><W36/><G36/><T30/><D76/><U12/><E122/><V100/><F99/><W121/><G66/><T70/><D70/><U56/><E56/><V74/><F74/><W27/><G49/><T105/><D105/><U31/><E12/><V130/><F130/><W109/><G109/><T47/><D30/><U83/><E101/><V102/><F102/><W63/><G63/><T106/><D91/><U110/><E110/><V57/><F57/><W75/><G75/><T9/><D106/><U103/><E103/><V22/><F133/><W61/><G61/><N who="0" m="36071" /><D21/><U39/><E39/><V73/><F73/><W16/><REACH who="3" step="1"/><G35/><REACH who="3" ten="258,235,265,232" step="2"/><T17/><AGARI ba="0,1" hai="9,11,13,14,17,18,47,51,53,80,81" m="36071" machi="17" ten="30,2000,0" yaku="8,1,54,1" doraHai="85" who="0" fromWho="0" sc="258,30,235,-5,265,-10,232,-5" /><INIT seed="3,0,0,4,4,61" ten="288,230,255,227" oya="3" hai0="64,4,48,26,84,72,116,55,86,5,121,14,31" hai1="101,130,22,106,47,93,108,58,131,134,41,11,29" hai2="30,107,15,34,79,63,85,115,44,52,36,12,21" hai3="128,89,68,35,7,88,50,132,118,71,97,46,125"/><W135/><G118/><T66/><D121/><U40/><E106/><V117/><F115/><W57/><G35/><T119/><D72/><U33/><E33/><V2/><F117/><W99/><G7/><T39/><D39/><U77/><E108/><V43/><F2/><W38/><G38/><T98/><D98/><N who="3" m="37385" /><G125/><T124/><D124/><U81/><E93/><V111/><F111/><W51/><G57/><T53/><D14/><U62/><E101/><V109/><F107/><W96/><G128/><T18/><D18/><U122/><E11/><V0/><F0/><W74/><G74/><T19/><D19/><U100/><E100/><V113/><F113/><W37/><G37/><T70/><D48/><N who="3" m="18473" /><G46/><T42/><D70/><N who="3" m="26665" /><G96/><T24/><REACH who="0" step="1"/><D42/><REACH who="0" ten="278,230,255,227" step="2"/><U76/><E41/><V105/><F105/><W110/><G110/><T90/><D90/><AGARI ba="0,1" hai="88,89,90,132,135" m="26665,18473,37385" machi="90" ten="40,7700,0" yaku="28,2,54,1" doraHai="61" who="3" fromWho="0" sc="278,-77,230,0,255,0,227,87" /><INIT seed="3,1,0,2,2,72" ten="201,230,255,314" oya="3" hai0="55,97,124,94,32,107,42,15,106,14,58,29,52" hai1="73,46,115,93,1,41,6,54,88,23,101,20,5" hai2="78,49,77,119,132,53,43,50,79,91,24,0,85" hai3="96,90,34,8,68,131,129,110,81,18,69,31,10"/><W86/><G31/><T130/><D130/><N who="3" m="49673" /><G34/><T82/><D124/><U19/><E115/><V21/><F119/><W28/><G28/><T11/><D42/><U126/><E126/><V66/><F132/><W22/><G110/><T118/><D118/><U63/><E73/><V100/><F0/><W65/><G96/><T102/><D15/><U125/><E125/><V38/><F100/><W67/><G67/><T37/><D37/><U7/><E1/><V99/><F99/><W104/><G104/><T2/><D2/><U109/><E101/><V33/><F33/><W98/><G98/><T36/><D36/><U30/><E30/><N who="2" m="17679" /><F38/><W74/><G74/><T47/><D55/><U70/><E109/><V4/><F4/><W87/><G87/><T123/><D47/><U89/><E70/><N who="3" m="27242" /><G65/><T84/><D29/><U3/><E3/><V44/><F66/><W120/><G120/><T122/><D32/><U39/><E93/><N who="2" m="54511" /><F50/><W103/><G103/><T62/><D106/><U112/><E112/><V108/><F108/><W56/><G56/><T51/><D51/><N who="1" m="27087" /><E23/><V40/><AGARI ba="1,0" hai="40,43,44,49,53,77,78,79" m="54511,17679" machi="40" ten="30,7900,0" yaku="8,1,52,3" doraHai="72" who="2" fromWho="2" sc="201,-21,230,-21,255,82,314,-40" /><INIT seed="4,0,0,2,1,103" ten="180,209,337,274" oya="0" hai0="94,82,128,8,41,26,55,70,60,35,61,1,62" hai1="74,99,124,46,6,71,47,114,30,132,101,93,66" hai2="34,125,67,63,65,57,39,121,117,87,59,106,11" hai3="50,84,90,23,13,76,40,25,72,91,135,9,68"/><T52/><D128/><U44/><E74/><V49/><F121/><W81/><G68/><T110/><D110/><U43/><E124/><V54/><F34/><W22/><G135/><T3/><D70/><U89/><E132/><V96/><F125/><W127/><G127/><T0/><D41/><U86/><E114/><V133/><F39/><W78/><G72/><T31/><D82/><U53/><E53/><V118/><F133/><W111/><G111/><T79/><D79/><U98/><E6/><V33/><F33/><W107/><G107/><T32/><D32/><U113/><E113/><V20/><F11/><W108/><G76/><T75/><D75/><U2/><E2/><V42/><F42/><W7/><G108/><T14/><REACH who="0" step="1"/><D94/><REACH who="0" ten="170,209,337,274" step="2"/><U64/><E71/><V120/><F117/><W45/><REACH who="3" step="1"/><G23/><REACH who="3" ten="170,209,337,264" step="2"/><T73/><D73/><U88/><E43/><V130/><F20/><W119/><G119/><T131/><D131/><U104/><REACH who="1" step="1"/><E30/><AGARI ba="0,2" hai="7,9,13,22,25,30,40,45,50,78,81,84,90,91" machi="30" ten="30,8000,1" yaku="1,1,7,1,25,2,8,1,53,0" doraHai="103" doraHaiUra="95" who="3" fromWho="1" sc="170,0,209,-80,337,0,264,100" /><INIT seed="5,0,0,0,2,74" ten="170,129,337,364" oya="1" hai0="115,130,31,84,30,89,54,0,17,37,112,78,132" hai1="39,126,77,71,105,50,59,3,69,25,20,19,65" hai2="64,104,5,13,24,113,73,58,133,16,67,86,122" hai3="109,81,85,10,56,52,1,66,129,102,33,4,2"/><U26/><E39/><V75/><F122/><W23/><G33/><T119/><D119/><U92/><E105/><V43/><F104/><W42/><G109/><T41/><D0/><U117/><E117/><V95/><F43/><W7/><G129/><T121/><D130/><U127/><E3/><V36/><F36/><W61/><G42/><T128/><D128/><U107/><E107/><V83/><F95/><W68/><G102/><T72/><D17/><U38/><E38/><V110/><F110/><W57/><G23/><T116/><D54/><U55/><E65/><V91/><F133/><W21/><G21/><T97/><D31/><U79/><E92/><V131/><F131/><W12/><G7/><T76/><D30/><U125/><E26/><V70/><F70/><AGARI ba="0,0" hai="19,20,25,50,55,59,69,70,71,77,79,125,126,127" machi="70" ten="50,9600,0" yaku="18,1,52,2" doraHai="74" who="1" fromWho="2" sc="170,0,129,96,337,-96,364,0" /><INIT seed="5,1,0,0,4,60" ten="170,225,241,364" oya="1" hai0="61,33,63,69,52,95,31,35,96,18,131,121,79" hai1="110,32,85,134,133,10,49,47,56,75,127,39,46" hai2="66,1,123,12,62,14,65,55,108,38,29,5,82" hai3="17,89,48,50,2,0,34,26,98,118,117,36,76"/><U124/><E75/><V30/><F38/><W21/><G36/><T37/><D131/><U64/><E32/><V6/><F108/><W72/><G34/><T9/><D37/><U11/><E85/><V101/><F123/><W114/><G114/><T88/><D121/><U70/><E110/><V132/><F1/><N who="3" m="619" /><G76/><T99/><D69/><U116/><E116/><N who="3" m="44650" /><G72/><T84/><D33/><U126/><E11/><V77/><F101/><W28/><G17/><T23/><D35/><U78/><E10/><V7/><F132/><N who="1" m="50793" /><E78/><V130/><F130/><W51/><G89/><T58/><D79/><U128/><E128/><V71/><F77/><W3/><G3/><T103/><D63/><N who="1" m="40223" /><E39/><V94/><F82/><W83/><G98/><T100/><D9/><U27/><E27/><V92/><F5/><W119/><G119/><T120/><D120/><U112/><E112/><V90/><F71/><W113/><G113/><T43/><D31/><U16/><E16/><V53/><F62/><W25/><G25/><N who="0" m="14583" /><D43/><U40/><E40/><V125/><F90/><W54/><G83/><N who="0" m="49183" /><D96/><U20/><E20/><V102/><F102/><AGARI ba="1,0" hai="52,58,61,95,99,100,102,103" m="49183,14583" machi="102" ten="30,3900,0" yaku="8,1,54,2" doraHai="60" who="0" fromWho="2" sc="170,42,225,0,241,-42,364,0" /><INIT seed="6,0,0,0,5,28" ten="212,225,199,364" oya="2" hai0="12,100,19,82,110,32,5,18,20,96,14,132,58" hai1="16,17,33,101,63,105,42,55,8,48,46,13,87" hai2="37,57,125,81,78,1,104,24,41,111,71,107,35" hai3="114,0,124,66,85,89,116,128,3,53,75,76,61"/><V7/><F125/><W77/><G116/><T60/><D110/><U103/><E105/><V38/><F57/><W112/><G128/><T94/><D132/><U4/><E33/><V129/><F129/><W72/><G53/><T11/><D32/><U106/><E87/><V108/><F71/><W127/><G76/><T23/><D82/><U133/><E133/><V119/><F119/><W50/><G50/><T117/><D117/><U80/><E80/><V95/><F95/><N who="3" m="54703" /><G77/><T118/><D118/><U74/><E74/><N who="3" m="28202" /><G0/><T121/><D121/><U47/><E106/><N who="2" m="40491" /><F81/><W34/><G34/><T21/><REACH who="0" step="1"/><D5/><REACH who="0" ten="202,225,199,364" step="2"/><U59/><E46/><N who="2" m="23855" /><F78/><W88/><G124/><T115/><D115/><U99/><E99/><V92/><F38/><W26/><G114/><T68/><D68/><U83/><E83/><V126/><F126/><W10/><G112/><T130/><D130/><U120/><E120/><V122/><F122/><W113/><G113/><T79/><D79/><U27/><E4/><V67/><F92/><W43/><G127/><T40/><D40/><U102/><E42/><V86/><F7/><W31/><G43/><T93/><D93/><U15/><E47/><V131/><F131/><W134/><G134/><T62/><D62/><U73/><E63/><V54/><F108/><W51/><G61/><T25/><D25/><U109/><E27/><V52/><F111/><W70/><G26/><T45/><D45/><U90/><E109/><V69/><F35/><W65/><G70/><T6/><D6/><U84/><E73/><V9/><F24/><W30/><G51/><T135/><D135/><RYUUKYOKU ba="0,1" sc="202,30,225,-10,199,-10,364,-10" hai0="11,12,14,18,19,20,21,23,58,60,94,96,100" /><INIT seed="7,1,1,0,4,37" ten="232,215,189,354" oya="3" hai0="78,44,18,128,135,2,107,56,38,46,112,21,7" hai1="111,61,68,40,79,8,54,75,82,84,95,103,57" hai2="114,81,27,66,20,108,123,11,9,52,105,49,77" hai3="51,25,117,130,47,29,118,94,132,55,124,70,58"/><W85/><G70/><T65/><D107/><U42/><E111/><V36/><F108/><W0/><G0/><T64/><D128/><U89/><E68/><V60/><F36/><W129/><G124/><T98/><D135/><U53/><E103/><V93/><F105/><W92/><G132/><T88/><D78/><U100/><E100/><V110/><F110/><W14/><G14/><T16/><D18/><U96/><E75/><V6/><F123/><W71/><G71/><T10/><D112/><U3/><E3/><V83/><F114/><W72/><G72/><T59/><D56/><U33/><E33/><V121/><F121/><W134/><G94/><N who="0" m="56647" /><D38/><U63/><E8/><N who="2" m="3147" /><F6/><W41/><G58/><AGARI ba="1,1" hai="40,42,53,54,57,58,61,63,79,82,84,89,95,96" machi="58" ten="40,8000,1" yaku="9,1,8,1,52,2" doraHai="37" who="1" fromWho="3" sc="232,0,215,93,189,0,354,-83" owari="232,-17.0,308,41.0,189,-31.0,271,7.0" /></mjloggm>