<mjloggm ver="2.3"><GO type="185" lobby="0"/><UN n0="%E3%81%82%E3%81%B9%E3%81%97%E3%81%A3%E3%81%A3" n1="%E3%81%97%E3%82%81%E3%81%98%E3%82%93" n2="%63%61%6C%63%2E" n3="" dan="17,17,19,0" rate="2254.98,2256.56,2399.98,1500.00" sx="M,F,M,C"/><TAIKYOKU oya="0"/><INIT seed="0,0,0,2,3,53" ten="350,350,350,0" oya="0" hai0="48,33,69,86,105,45,63,76,114,67,128,108,78" hai1="70,51,50,122,40,135,93,41,123,100,36,116,68" hai2="3,98,54,91,52,34,94,49,113,106,75,38,131" hai3=""/><T32/><D114/><U92/><N who="1" m="31264" /><U133/><N who="1" m="31520" /><U127/><E36/><V99/><F113/><T95/><D105/><U43/><E116/><V71/><F34/><T117/><D117/><U90/><E100/><V62/><F3/><T2/><D2/><U112/><E127/><V1/><F1/><T73/><D128/><U83/><E83/><V119/><F119/><T47/><D47/><U97/><E112/><V130/><F75/><T57/><D108/><U96/><E41/><V55/><F38/><T79/><D73/><U66/><E90/><V58/><F71/><T74/><D74/><U101/><E101/><V102/><REACH who="2" step="1"/><F55/><REACH who="2" ten="350,350,340,0" step="2"/><T35/><D69/><U129/><E129/><V88/><F88/><T64/><D32/><U89/><E89/><V37/><F37/><T87/><D33/><U82/><E82/><V84/><F84/><T56/><D35/><U81/><E81/><V44/><AGARI ba="0,1" hai="44,49,52,54,58,62,91,94,98,99,102,106,130,131" machi="44" ten="30,5900,0" yaku="1,1,0,1,52,1,54,1,53,0" doraHai="53" doraHaiUra="0" who="2" fromWho="2" sc="350,-39,350,-20,340,69,0,0" /><INIT seed="1,0,0,0,0,93" ten="311,330,409,0" oya="1" hai0="112,105,41,109,135,89,33,108,127,92,40,116,94" hai1="80,99,85,48,95,44,64,117,71,36,83,106,103" hai2="128,96,47,132,0,118,79,97,50,2,63,61,42" hai3=""/><U86/><E117/><V60/><F118/><T72/><D33/><U68/><E36/><V82/><F128/><T73/><D112/><U101/><E64/><V115/><F115/><T91/><D116/><U131/><E131/><V55/><F132/><T119/><D119/><U110/><E110/><V130/><F130/><T39/><D39/><U125/><E125/><V59/><F2/><T66/><D66/><U69/><E103/><V88/><F0/><T133/><REACH who="0" step="1"/><D105/><REACH who="0" ten="301,330,409,0" step="2"/><U124/><E124/><AGARI ba="0,1" hai="40,41,72,73,89,91,92,94,108,109,124,127,133,135" machi="124" ten="25,6400,0" yaku="1,1,2,1,22,2,53,0" doraHai="93" doraHaiUra="49" who="0" fromWho="1" sc="301,74,330,-64,409,0,0,0" /><INIT seed="2,0,0,0,3,66" ten="375,266,409,0" oya="2" hai0="126,81,43,75,102,70,44,80,107,46,54,45,89" hai1="98,101,95,60,122,52,112,116,71,94,40,35,41" hai2="34,2,69,110,133,100,36,33,135,125,62,73,123" hai3=""/><V88/><RYUUKYOKU type="yao9" ba="0,0" sc="375,0,266,0,409,0,0,0" hai2="2,33,34,36,62,69,73,88,100,110,123,125,133,135" /><INIT seed="2,1,0,5,5,88" ten="375,266,409,0" oya="2" hai0="125,67,55,74,51,57,41,63,69,43,107,35,134" hai1="36,119,90,61,118,54,83,44,53,47,94,103,86" hai2="45,59,71,60,124,1,82,38,37,130,0,132,39" hai3=""/><V110/><F130/><T115/><D35/><U120/><N who="1" m="30752" /><U113/><E113/><V70/><F132/><T76/><D107/><U32/><E32/><V79/><F124/><T135/><D125/><U122/><N who="1" m="31264" /><U98/><E36/><V99/><F45/><N who="1" m="17481" /><E61/><V3/><F99/><T97/><D76/><U85/><E85/><V56/><F110/><T75/><D115/><U102/><E102/><V81/><F79/><T106/><D75/><U50/><E50/><V66/><REACH who="2" step="1"/><F71/><REACH who="2" ten="375,266,399,0" step="2"/><T65/><D97/><U84/><E84/><V91/><F91/><T112/><D112/><U87/><E87/><V62/><F62/><T89/><D74/><U46/><E46/><V78/><F78/><T48/><D89/><U95/><E83/><AGARI ba="1,1" hai="0,1,3,37,38,39,56,59,60,66,70,81,82,83" machi="83" ten="50,4800,0" yaku="1,1,53,1" doraHai="88" doraHaiUra="58" who="2" fromWho="1" sc="375,0,266,-50,399,60,0,0" /><INIT seed="2,2,0,5,3,134" ten="375,216,459,0" oya="2" hai0="47,132,112,68,75,82,3,97,94,120,69,63,107" hai1="43,62,131,133,126,66,79,98,119,72,42,40,33" hai2="89,65,52,116,109,95,84,83,71,70,32,74,78" hai3=""/><V0/><F116/><T60/><N who="0" m="30752" /><T100/><D3/><U76/><E33/><V36/><F32/><T35/><D35/><U122/><N who="1" m="31264" /><U67/><E119/><V80/><F0/><T54/><D132/><U125/><E133/><V110/><F36/><T39/><D112/><U127/><E131/><V102/><F65/><N who="1" m="24585" /><E72/><V41/><F41/><N who="1" m="10497" /><U128/><DORA hai="96" /><E128/><V92/><F52/><T45/><D39/><U58/><E98/><V123/><N who="2" m="31520" /><V1/><F1/><T113/><D107/><U34/><E34/><V53/><F53/><AGARI ba="2,0" hai="53,58,62,76,79,125,126,127" m="10497,24585,31264" machi="53" ten="40,8000,1" yaku="18,1,52,4" doraHai="134,96" who="1" fromWho="2" sc="375,0,216,84,459,-84,0,0" /><INIT seed="4,0,0,4,4,132" ten="375,300,375,0" oya="0" hai0="85,124,49,70,98,60,112,96,77,40,88,114,129" hai1="48,71,86,76,122,54,133,44,41,126,130,72,46" hai2="75,81,34,116,1,0,56,93,117,109,111,38,78" hai3=""/><T83/><D70/><U57/><N who="1" m="31264" /><U107/><E107/><V110/><F34/><T135/><D60/><U32/><E32/><V90/><F56/><T115/><D135/><U58/><E72/><V45/><F45/><T79/><D129/><U2/><E2/><V52/><F52/><T108/><D108/><U39/><E133/><V118/><REACH who="2" step="1"/><F38/><REACH who="2" ten="375,300,365,0" step="2"/><T74/><D49/><U69/><E69/><V61/><F61/><T35/><D35/><U94/><E71/><V42/><F42/><T68/><D68/><U91/><E58/><V131/><F131/><T103/><D40/><U65/><E130/><V104/><F104/><T106/><D115/><U105/><E105/><V89/><F89/><T101/><D79/><U128/><E128/><V36/><F36/><T55/><D55/><U59/><E76/><V123/><N who="2" m="31520" /><V80/><F80/><T47/><D47/><U120/><N who="1" m="30752" /><U113/><E113/><V82/><F82/><T127/><D114/><U53/><E46/><V95/><F95/><T87/><D112/><U64/><REACH who="1" step="1"/><E126/><REACH who="1" ten="375,290,365,0" step="2"/><N who="0" m="48169" /><D88/><U100/><E100/><V50/><F50/><AGARI ba="0,2" hai="39,41,44,48,50,53,54,57,59,64,65,86,91,94" m="30752,31264" machi="50" ten="30,8000,1" yaku="1,1,7,1,9,1,52,2,53,0" doraHai="132" doraHaiUra="134" who="1" fromWho="2" sc="375,0,290,100,365,-80,0,0" /><INIT seed="5,0,0,0,0,131" ten="375,390,285,0" oya="1" hai0="57,130,126,51,79,42,109,116,53,132,40,49,83" hai1="38,124,55,107,135,33,111,94,128,36,66,120,112" hai2="117,71,62,37,54,134,114,58,118,48,113,89,129" hai3=""/><U121/><RYUUKYOKU type="yao9" ba="0,0" sc="375,0,390,0,285,0,0,0" hai1="33,36,38,55,66,94,107,111,112,120,121,124,128,135" /><INIT seed="5,1,0,5,1,38" ten="375,390,285,0" oya="1" hai0="95,103,61,75,108,97,125,116,85,47,109,134,110" hai1="98,34,119,115,124,62,93,123,44,112,69,45,56" hai2="135,86,35,127,43,105,58,68,79,77,132,49,33" hai3=""/><U84/><N who="1" m="31520" /><U51/><E119/><V111/><F111/><T52/><D116/><U40/><E34/><N who="2" m="12811" /><F105/><T122/><N who="0" m="31264" /><T32/><D32/><U41/><E124/><V60/><F68/><T81/><D125/><U129/><E84/><V99/><F99/><T88/><D134/><N who="2" m="51242" /><F86/><T2/><D2/><U54/><E129/><V133/><F127/><T36/><D75/><U91/><REACH who="1" step="1"/><E69/><REACH who="1" ten="375,380,285,0" step="2"/><V0/><F0/><T53/><REACH who="0" step="1"/><D61/><REACH who="0" ten="365,380,285,0" step="2"/><U67/><E67/><V55/><N who="2" m="51250" /><V90/><DORA hai="94" /><F60/><T74/><D74/><U76/><E76/><V80/><F79/><T96/><D96/><U42/><E42/><AGARI ba="1,2" hai="36,42,47,52,53,81,85,88,95,97,103,108,109,110" m="31264" machi="42" ten="40,16000,3" yaku="1,1,52,3,54,2,53,2" doraHai="38,94" doraHaiUra="39,71" who="0" fromWho="1" sc="365,182,380,-162,285,0,0,0" /><INIT seed="6,0,0,5,3,120" ten="547,218,285,0" oya="2" hai0="36,53,91,51,45,50,58,49,90,69,68,110,46" hai1="52,44,101,116,60,85,32,42,84,39,86,47,72" hai2="61,89,119,127,70,2,40,41,63,93,113,37,75" hai3=""/><V59/><F2/><T111/><D91/><U133/><E32/><V81/><F119/><T56/><D90/><U104/><E116/><V76/><F113/><T96/><D96/><U79/><E133/><V77/><F127/><T98/><D98/><U82/><E104/><V131/><F131/><T132/><D132/><U115/><E115/><V67/><F76/><T94/><D94/><U123/><N who="1" m="31520" /><U71/><E101/><V122/><N who="2" m="31264" /><V92/><F37/><T129/><D129/><U57/><E71/><N who="0" m="27209" /><D36/><U106/><E106/><V135/><F135/><T107/><D58/><U64/><REACH who="1" step="1"/><E47/><REACH who="1" ten="547,208,285,0" step="2"/><N who="0" m="17929" /><D107/><U112/><E112/><V128/><F128/><T88/><D88/><U33/><E33/><V34/><F34/><T124/><D124/><U118/><E118/><V105/><F105/><T117/><D117/><U97/><E97/><V83/><F89/><T108/><AGARI ba="0,1" hai="49,50,51,53,56,108,110,111" m="17929,27209" machi="108" ten="40,6000,1" yaku="34,2,52,3" doraHai="120" who="0" fromWho="0" sc="547,70,208,-20,285,-40,0,0" owari="617,56.0,188,-41.0,245,-15.0,0,0.0" /></mjloggm>