<mjloggm ver="2.3"><GO type="169" lobby="0"/><UN n0="%E3%83%81%E3%83%A7%E3%82%B3%E3%83%AD%E3%83%9C%E5%90%9B" n1="%E5%A4%A9%E7%A5%9E%E9%B3%B3%E4%BD%8D" n2="%6B%6F%7A%61%6B%69%6E%67" n3="%E3%82%88%E3%81%93%40%63" dan="17,16,16,17" rate="2191.87,2132.81,2079.15,2136.75" sx="M,M,M,F"/><TAIKYOKU oya="0"/><INIT seed="0,0,0,3,4,35" ten="250,250,250,250" oya="0" hai0="31,47,105,93,19,61,104,29,111,120,122,50,52" hai1="40,106,78,103,119,115,112,4,98,11,68,76,39" hai2="73,7,118,57,128,55,49,17,28,124,80,90,127" hai3="108,25,107,51,69,36,56,81,24,130,54,117,63"/><T42/><D111/><U20/><E119/><V26/><F118/><W123/><G107/><T121/><D104/><U14/><E68/><V38/><F38/><W71/><G117/><T32/><D105/><U114/><E20/><V70/><F70/><W82/><G123/><T100/><D32/><U37/><E37/><V34/><F128/><W87/><G36/><T101/><D19/><U33/><REACH who="1" step="1"/><E33/><REACH who="1" ten="250,240,250,250" step="2"/><V102/><F34/><W133/><G71/><T132/><D132/><U67/><E67/><V75/><F124/><W12/><G133/><T43/><D121/><U46/><AGARI ba="0,1" hai="4,11,14,39,40,46,76,78,98,103,106,112,114,115" machi="46" ten="40,8000,1" yaku="1,1,0,1,11,1,53,1" doraHai="35" doraHaiUra="8" who="1" fromWho="1" sc="250,-40,240,90,250,-20,250,-20" /><INIT seed="1,0,0,5,3,55" ten="210,330,230,230" oya="1" hai0="112,63,71,76,90,117,51,16,17,87,83,74,11" hai1="67,4,82,22,105,54,33,62,102,64,9,77,115" hai2="118,88,109,114,101,59,123,45,30,120,46,61,66" hai3="34,52,49,126,127,111,130,81,125,132,2,6,36"/><U29/><E115/><V119/><F114/><W1/><G36/><T8/><D112/><U56/><E33/><V23/><F101/><W31/><G111/><T25/><D117/><U58/><E105/><V50/><F109/><W85/><G6/><T73/><D73/><U53/><E102/><V84/><F30/><W39/><G39/><T10/><D51/><U135/><E135/><V37/><F23/><W78/><G132/><T21/><D71/><U26/><E82/><V43/><F88/><W35/><G130/><T133/><D133/><U86/><E86/><V24/><F84/><W12/><G12/><T27/><D63/><U124/><E77/><V116/><F24/><N who="3" m="18791" /><G35/><T129/><D129/><U131/><E131/><V5/><F5/><W19/><G19/><T70/><D70/><U97/><E97/><V3/><F3/><W7/><G7/><T99/><D99/><U75/><E75/><V41/><AGARI ba="0,0" hai="37,41,43,45,46,50,59,61,66,116,118,119,120,123" machi="41" ten="40,8000,1" yaku="0,1,34,3,52,1" doraHai="55" who="2" fromWho="2" sc="210,-20,330,-40,230,80,230,-20" /><INIT seed="2,0,0,2,0,96" ten="190,290,310,210" oya="2" hai0="112,21,0,118,49,44,109,32,82,85,47,79,9" hai1="26,12,84,106,121,28,110,51,80,31,62,107,93" hai2="120,83,99,78,104,77,122,58,71,55,61,102,134" hai3="130,2,33,17,98,69,35,67,92,133,114,89,37"/><V7/><F134/><W73/><G67/><T63/><D32/><U54/><E110/><V86/><F7/><W108/><G89/><T59/><D112/><U119/><E119/><V126/><F126/><W56/><G92/><T4/><D109/><U30/><E121/><V39/><F39/><W19/><G17/><T38/><D118/><U103/><E62/><V129/><F129/><W11/><G19/><T66/><D38/><U115/><E115/><V131/><F131/><W94/><G56/><T128/><D128/><U90/><E26/><V48/><REACH who="2" step="1"/><F77/><REACH who="2" ten="190,290,300,210" step="2"/><W64/><G37/><T8/><D4/><U88/><E31/><V18/><F18/><W123/><G130/><T111/><D111/><U132/><E28/><V52/><F52/><W14/><G108/><T127/><D127/><U46/><E30/><V97/><F97/><W125/><G125/><T23/><D0/><U53/><E132/><V124/><F124/><W95/><G2/><T75/><D79/><U1/><E1/><V81/><F81/><W6/><G133/><T13/><D82/><U116/><E54/><V10/><F10/><W100/><G114/><T101/><D9/><U135/><E135/><V70/><F70/><W65/><G69/><T57/><D8/><U87/><E116/><V60/><F60/><W40/><G11/><T20/><D63/><U25/><E80/><V24/><F24/><W16/><G6/><T22/><D13/><U50/><E12/><V42/><F42/><W45/><G40/><T117/><D117/><U74/><E25/><V68/><F68/><W41/><G14/><RYUUKYOKU ba="0,1" sc="190,-10,290,-10,300,30,210,-10" hai2="48,55,58,61,71,78,83,86,99,102,104,120,122" /><INIT seed="2,1,1,3,2,122" ten="180,280,330,200" oya="2" hai0="26,35,130,125,81,59,112,20,102,38,54,120,51" hai1="123,29,8,68,52,32,69,129,22,14,7,95,11" hai2="2,92,99,107,0,66,74,1,88,80,34,117,78" hai3="46,27,4,119,115,113,135,90,21,30,118,101,89"/><V132/><F117/><N who="3" m="44555" /><G101/><T104/><D112/><N who="3" m="43081" /><G135/><T133/><D120/><U96/><E123/><V28/><F132/><W116/><N who="3" m="44563" /><W109/><DORA hai="73" /><G109/><T76/><D38/><U84/><E129/><V77/><F66/><W62/><G4/><T60/><D133/><U40/><E40/><V93/><F107/><W108/><G108/><T67/><D130/><U44/><E84/><V121/><F121/><W48/><G62/><T33/><D102/><U85/><E85/><V110/><F110/><W16/><G30/><T103/><D103/><U58/><E7/><V65/><F65/><W114/><N who="3" m="43089" /><W13/><DORA hai="127" /><G13/><T47/><D104/><U91/><E44/><V105/><F105/><W111/><G111/><T75/><REACH who="0" step="1"/><D125/><REACH who="0" ten="170,280,330,200" step="2"/><U37/><E37/><V41/><F0/><W100/><G100/><T12/><D12/><U128/><E14/><V57/><F1/><W23/><G23/><T71/><D71/><U42/><E22/><V94/><F2/><W61/><G61/><T31/><AGARI ba="1,2" hai="20,26,31,33,35,47,51,54,59,60,67,75,76,81" machi="31" ten="20,12000,2" yaku="1,1,0,1,7,1,52,1,53,2" doraHai="122,73,127" doraHaiUra="17,24,70" who="0" fromWho="0" sc="170,143,280,-31,330,-61,200,-31" /><INIT seed="3,0,0,1,5,7" ten="313,249,269,169" oya="3" hai0="58,23,127,96,16,9,27,1,79,26,122,131,95" hai1="64,38,128,69,56,37,59,54,46,41,30,63,67" hai2="0,123,36,13,83,94,92,21,2,8,55,15,33" hai3="111,20,40,42,101,78,14,74,134,32,93,47,80"/><W4/><G134/><T73/><D122/><U119/><E30/><V34/><F123/><W118/><G118/><T82/><D127/><U135/><E135/><V70/><F70/><W66/><G32/><T89/><D131/><U60/><E128/><V112/><F112/><W39/><G42/><T44/><D44/><U98/><E98/><V57/><F36/><W18/><G66/><T87/><D58/><N who="1" m="36887" /><E119/><V77/><F2/><W114/><G114/><T121/><D121/><U3/><E3/><V86/><F0/><W88/><G4/><T109/><D109/><U116/><E116/><V105/><F105/><W45/><G45/><T19/><D1/><U5/><E5/><N who="2" m="3215" /><F33/><W125/><G125/><T120/><D120/><U31/><E31/><V75/><F75/><W65/><G65/><T130/><D130/><U106/><E106/><V126/><F34/><W29/><G29/><T102/><D27/><U97/><E97/><V115/><F115/><W28/><G28/><T117/><D117/><U51/><E59/><V48/><F126/><W72/><G101/><T43/><D43/><U91/><E91/><V108/><F108/><W85/><REACH who="3" step="1"/><G111/><REACH who="3" ten="313,249,269,159" step="2"/><T53/><D102/><U104/><E104/><V50/><F50/><AGARI ba="0,1" hai="37,38,41,46,50,51,54,56,63,67,69" m="36887" machi="50" ten="30,8000,1" yaku="35,5" doraHai="7" who="1" fromWho="2" sc="313,0,249,90,269,-80,159,0" /><INIT seed="4,0,0,3,1,5" ten="313,339,189,159" oya="0" hai0="37,135,3,99,25,130,22,39,55,18,85,113,77" hai1="102,62,100,7,87,23,50,1,28,33,114,61,94" hai2="69,49,122,109,118,63,112,0,11,46,89,101,74" hai3="31,32,21,71,51,121,92,48,91,10,106,110,133"/><T45/><D130/><U104/><E33/><V131/><F122/><W42/><G121/><T8/><D135/><U57/><E104/><V103/><F131/><W4/><G106/><T68/><D68/><U73/><E73/><V83/><F118/><W47/><G71/><T43/><D113/><U76/><E114/><V88/><F112/><W98/><G133/><T15/><D3/><U40/><E7/><V9/><F109/><W123/><G123/><T35/><D35/><U56/><E1/><V134/><F134/><W107/><G107/><T17/><D55/><N who="1" m="31863" /><E40/><V97/><F0/><W125/><G125/><T127/><D127/><U20/><E62/><V64/><F74/><W96/><G32/><T78/><D39/><U116/><E116/><V19/><F19/><W67/><G67/><T81/><REACH who="0" step="1"/><D99/><REACH who="0" ten="303,339,189,159" step="2"/><U54/><E28/><V72/><F69/><W58/><G110/><T80/><D80/><N who="1" m="47495" /><E94/><V13/><F83/><W108/><G108/><T27/><D27/><U34/><E34/><V119/><F119/><W38/><G98/><T82/><D82/><U41/><E41/><V126/><F97/><W29/><G29/><T6/><D6/><U44/><E44/><V70/><F126/><W90/><G42/><T59/><D59/><U30/><E30/><V66/><F70/><W93/><G58/><T52/><D52/><U132/><E132/><V2/><F2/><N who="3" m="279" /><G47/><T84/><D84/><U14/><E14/><V16/><F46/><W129/><G129/><T26/><D26/><U65/><E54/><V60/><F13/><W53/><G53/><T115/><D115/><RYUUKYOKU ba="0,1" sc="303,15,339,15,189,-15,159,-15" hai0="8,15,17,18,22,25,37,43,45,77,78,81,85" hai1="20,23,57,61,65,100,102" /><INIT seed="4,1,1,5,1,126" ten="318,354,174,144" oya="0" hai0="5,88,129,24,124,6,29,65,74,85,54,33,61" hai1="62,116,34,50,7,69,9,122,72,130,35,106,121" hai2="118,53,23,73,131,66,58,20,75,14,79,0,114" hai3="81,99,60,82,111,94,95,108,105,117,67,89,28"/><T63/><D74/><U96/><E116/><V36/><F0/><W84/><G117/><T57/><D124/><U16/><E72/><V41/><F118/><W83/><G28/><T109/><D129/><U11/><E50/><V59/><F114/><W77/><G105/><T40/><D40/><U97/><E106/><V127/><F127/><W107/><G107/><T56/><REACH who="0" step="1"/><D109/><REACH who="0" ten="308,354,174,144" step="2"/><U46/><E130/><V132/><F131/><W17/><G77/><T76/><D76/><U110/><E110/><V10/><F75/><W38/><G38/><T125/><D125/><U133/><E121/><V31/><F79/><W47/><G111/><T90/><D90/><U71/><E122/><V101/><F73/><W49/><G108/><T134/><D134/><U48/><E133/><V100/><F41/><W78/><G17/><T86/><D86/><U64/><E16/><V44/><F36/><W80/><G78/><T104/><D104/><U119/><E119/><V128/><F132/><W45/><N who="3" m="20480" /><DORA hai="13" /><W4/><G4/><T135/><D135/><U102/><E7/><V70/><F128/><W8/><G8/><T115/><D115/><U39/><E9/><V3/><F10/><W112/><G112/><T43/><D43/><U120/><E11/><V91/><F91/><W32/><G89/><T123/><D123/><U15/><E120/><V103/><F103/><W52/><G84/><T55/><D55/><U30/><E39/><V25/><F101/><W37/><G37/><T98/><D98/><U2/><E97/><V113/><F100/><W51/><G99/><T1/><D1/><RYUUKYOKU ba="1,2" sc="308,30,354,-10,174,-10,144,-10" hai0="5,6,24,29,33,54,56,57,61,63,65,85,88" /><INIT seed="4,2,2,2,4,93" ten="338,344,164,134" oya="0" hai0="58,57,5,106,135,47,62,28,117,20,37,22,52" hai1="98,12,79,82,26,74,33,125,87,96,94,112,105" hai2="3,108,56,114,24,73,15,17,97,86,46,128,129" hai3="88,89,14,64,13,81,18,11,60,51,132,102,23"/><T54/><D117/><U16/><E125/><V6/><F108/><W1/><G1/><T7/><D106/><U9/><E105/><V111/><F111/><W92/><G132/><T124/><D135/><U113/><E74/><V35/><F73/><W43/><G81/><T32/><D32/><U100/><REACH who="1" step="1"/><E98/><REACH who="1" ten="338,334,164,134" step="2"/><V45/><F97/><N who="3" m="59687" /><G60/><T25/><D124/><U70/><E70/><V103/><F128/><W29/><G64/><T19/><D37/><U38/><E38/><V50/><F129/><W118/><G118/><T69/><D69/><U122/><E122/><V119/><F119/><W66/><G66/><T2/><D2/><U131/><E131/><V101/><F3/><W40/><G29/><AGARI ba="2,3" hai="9,12,16,26,29,33,79,82,87,94,96,100,112,113" machi="29" ten="40,5200,0" yaku="1,1,52,1,54,1,53,0" doraHai="93" doraHaiUra="55" who="1" fromWho="3" sc="338,0,334,88,164,0,134,-58" /><INIT seed="5,0,0,0,1,118" ten="338,422,164,76" oya="1" hai0="51,54,50,39,134,24,108,21,43,13,71,132,12" hai1="22,89,17,106,82,15,87,44,47,63,69,92,130" hai2="70,58,114,9,0,100,28,77,80,86,52,125,94" hai3="19,30,38,88,66,96,76,128,120,42,55,53,31"/><U84/><E130/><V78/><F70/><W4/><G128/><T20/><D71/><U49/><E106/><V64/><F125/><W133/><G133/><T115/><D108/><U3/><E3/><V23/><F114/><W10/><G76/><T36/><D43/><U98/><E69/><V14/><F0/><W93/><G66/><T35/><D35/><U129/><E129/><V116/><F64/><W105/><G105/><T107/><D107/><U8/><E63/><V46/><F46/><W113/><G113/><T81/><D81/><U45/><E87/><V33/><F33/><W112/><G112/><T41/><D41/><U26/><E49/><V57/><F57/><W109/><G109/><T27/><D115/><U32/><E32/><V11/><F78/><W135/><G135/><T123/><D54/><U75/><E75/><V126/><F126/><W1/><G120/><AGARI ba="0,0" hai="12,13,20,21,24,27,36,39,50,51,120,123,132,134" machi="120" ten="25,6400,0" yaku="22,2,52,2" doraHai="118" who="0" fromWho="3" sc="338,64,422,0,164,0,76,-64" /><INIT seed="6,0,0,5,5,105" ten="402,422,164,12" oya="2" hai0="56,96,110,21,1,116,90,100,15,114,19,126,99" hai1="20,118,32,108,48,8,0,23,54,75,134,6,83" hai2="64,47,97,57,61,59,53,130,89,129,28,73,98" hai3="115,39,128,113,42,133,30,80,63,66,31,111,78"/><V85/><F28/><W101/><G111/><T71/><D110/><U7/><E108/><V69/><F47/><N who="3" m="24031" /><G101/><T120/><D71/><U49/><E118/><V51/><F73/><N who="3" m="43087" /><G30/><T107/><D114/><N who="3" m="43529" /><G31/><T123/><D116/><U12/><E32/><V29/><F29/><W88/><G88/><T38/><D90/><U65/><E23/><V36/><F36/><W55/><G55/><T119/><D21/><U60/><E20/><V84/><F84/><W4/><G4/><T37/><D119/><U125/><E54/><V22/><F22/><W95/><G95/><T10/><D100/><U117/><E6/><V70/><F129/><W102/><G102/><T5/><D5/><U46/><E7/><V82/><F130/><W109/><G109/><T135/><D19/><U17/><E17/><V103/><F98/><W44/><G44/><T112/><D99/><U67/><E46/><V34/><F34/><W52/><G52/><T16/><D16/><U62/><E117/><V27/><F27/><W35/><G35/><T81/><D96/><U25/><E25/><V68/><F97/><W132/><G128/><T14/><D112/><U3/><E12/><V91/><F103/><W43/><G43/><T124/><D15/><U72/><E8/><V2/><F91/><W9/><G9/><T87/><D14/><U77/><E77/><V93/><F93/><W41/><G41/><T131/><D10/><U92/><E92/><V94/><F94/><W13/><G13/><T121/><D131/><U18/><E18/><V26/><F26/><W127/><G127/><T76/><D124/><RYUUKYOKU ba="0,0" sc="402,-15,422,-15,164,15,12,15" hai2="2,51,53,57,59,61,64,68,69,70,82,85,89" hai3="63,66,132,133" /><INIT seed="6,1,0,3,0,110" ten="387,407,179,27" oya="2" hai0="122,81,87,30,93,129,135,63,118,20,24,41,131" hai1="64,105,1,67,33,102,113,44,126,7,25,51,77" hai2="65,89,100,134,34,4,3,31,52,35,103,60,66" hai3="73,128,32,115,121,124,2,107,112,10,13,75,95"/><V83/><F134/><W92/><G107/><T70/><D122/><U99/><E126/><V90/><F4/><W29/><G121/><T46/><D135/><U12/><E77/><V80/><F3/><W21/><G124/><T50/><D118/><U62/><E1/><V18/><F18/><N who="3" m="10447" /><G128/><T117/><D117/><U71/><E64/><V106/><F106/><W125/><G125/><T78/><D70/><U104/><E104/><V116/><F116/><W16/><G75/><T28/><D28/><N who="1" m="19599" /><E12/><V40/><F31/><W53/><G53/><T94/><REACH who="0" step="1"/><D63/><REACH who="0" ten="377,407,179,27" step="2"/><U127/><E127/><V68/><F60/><W98/><G32/><T43/><D43/><N who="1" m="24991" /><E7/><V133/><F68/><W120/><G29/><T57/><D57/><U11/><E11/><V86/><F133/><W48/><G120/><T130/><AGARI ba="1,1" hai="20,24,30,41,46,50,78,81,87,93,94,129,130,131" machi="130" ten="30,7900,0" yaku="1,1,0,1,19,1,53,1" doraHai="110" doraHaiUra="76" who="0" fromWho="0" sc="377,92,407,-21,179,-40,27,-21" /><INIT seed="7,0,0,3,1,88" ten="469,386,139,6" oya="3" hai0="62,116,125,46,3,65,40,114,54,25,61,17,112" hai1="22,32,8,72,119,16,129,50,9,13,45,56,19" hai2="66,28,63,51,132,59,21,101,106,38,87,12,0" hai3="35,67,109,123,103,58,77,85,73,60,91,110,44"/><W82/><G123/><T115/><D116/><U2/><E72/><V95/><F38/><W121/><G121/><T105/><D105/><U43/><E119/><V18/><F0/><W36/><G35/><T15/><D3/><U20/><E129/><V108/><F132/><W78/><G103/><T90/><D125/><U97/><E32/><V48/><F108/><N who="3" m="41579" /><G73/><T7/><D54/><U120/><E120/><V29/><F106/><W55/><G55/><T14/><D90/><U31/><E31/><N who="2" m="11851" /><F87/><W126/><G126/><T80/><D80/><U104/><E2/><V68/><F68/><W11/><G11/><N who="0" m="4479" /><D25/><U84/><E84/><V117/><F117/><W23/><G23/><N who="0" m="11711" /><D65/><U134/><E134/><V39/><F39/><AGARI ba="0,0" hai="39,40,46,61,62,112,114,115" m="11711,4479" machi="39" ten="30,2000,0" yaku="15,1,11,1" doraHai="88" who="0" fromWho="2" sc="469,20,386,0,139,-20,6,0" owari="489,58.0,386,19.0,119,-28.0,6,-49.0" /></mjloggm>