<mjloggm ver="2.3"><GO type="169" lobby="0"/><UN n0="%E3%83%AA%E3%83%81%E3%83%A3%21%21" n1="%E7%99%BD%E3%83%90%E3%83%A9%E3%82%B3%E3%83%BC%E3%83%92%E3%83%BC" n2="%E3%83%8F%E3%83%83%E3%83%88%E3%83%AA%E3%82%B9" n3="%E2%80%A0%E6%B0%B4%E9%8A%80%E7%87%88%E2%80%A0" dan="16,16,17,16" rate="2123.79,2062.58,2174.78,2168.47" sx="M,M,M,F"/><TAIKYOKU oya="0"/><INIT seed="0,0,0,1,5,131" ten="250,250,250,250" oya="0" hai0="49,16,58,99,0,74,11,101,88,115,85,28,27" hai1="29,52,62,103,9,65,86,83,92,118,93,105,84" hai2="116,100,91,132,5,24,54,77,81,6,106,7,1" hai3="53,90,110,107,130,126,117,32,87,70,44,12,22"/><T36/><D115/><U120/><E118/><V47/><F1/><W111/><G32/><T79/><D36/><U23/><E120/><V26/><F116/><W43/><G117/><T8/><D74/><U48/><E105/><V56/><F47/><W64/><G107/><T82/><D0/><U55/><E9/><V69/><F69/><W80/><G130/><T98/><D79/><U97/><E92/><V39/><F39/><W19/><G53/><N who="0" m="32047" /><D28/><U75/><E75/><V113/><F91/><W67/><G126/><T10/><D101/><U60/><E86/><V68/><F68/><W109/><REACH who="3" step="1"/><G70/><REACH who="3" ten="250,250,250,240" step="2"/><T129/><D129/><U102/><E55/><V13/><F54/><W30/><G30/><T42/><D42/><U20/><E29/><V119/><F119/><W45/><G45/><T15/><D27/><U135/><E52/><V78/><F26/><W2/><G2/><T35/><D35/><U95/><E65/><V46/><F24/><W21/><G21/><AGARI ba="0,1" hai="8,10,11,15,16,21,82,85,88,98,99" m="32047" machi="21" ten="30,5800,0" yaku="8,1,54,2" doraHai="131" who="0" fromWho="3" sc="250,68,250,0,250,0,240,-58" /><INIT seed="0,1,0,1,0,124" ten="318,250,250,182" oya="0" hai0="135,127,97,14,48,88,131,66,1,56,82,133,74" hai1="34,86,76,122,23,58,61,70,24,128,112,7,67" hai2="103,33,36,32,120,75,96,121,20,49,118,110,38" hai3="111,132,109,0,53,15,29,4,25,6,81,72,21"/><T41/><D1/><U64/><E122/><V42/><F110/><N who="3" m="41995" /><G53/><T115/><D115/><U68/><E112/><V85/><F75/><W17/><G72/><T99/><D127/><U12/><E34/><V47/><F118/><W65/><G65/><T5/><D66/><U19/><E68/><V60/><F60/><W39/><G81/><T13/><D74/><U95/><E70/><V114/><F114/><W91/><G91/><T90/><D82/><U59/><E59/><V105/><F85/><W77/><G39/><T63/><D48/><U69/><E69/><V102/><F49/><W80/><G77/><T89/><D41/><U108/><E64/><V83/><F83/><W134/><G80/><T26/><D26/><U31/><E7/><N who="3" m="2602" /><G0/><T98/><D131/><U18/><E128/><V79/><F79/><W3/><G3/><T94/><D94/><U129/><E129/><V130/><F130/><W62/><G62/><T78/><D78/><U46/><E46/><V126/><F38/><W113/><G113/><T123/><D123/><U40/><E40/><V52/><F126/><W2/><G2/><T50/><D50/><U8/><E108/><V106/><F52/><W87/><G87/><T45/><D45/><U22/><E76/><V30/><F120/><W54/><G54/><T51/><D51/><U71/><E71/><V55/><F55/><W104/><G104/><T28/><D63/><U101/><E86/><V37/><F37/><W119/><G119/><T57/><D5/><U11/><E101/><V92/><F121/><W84/><G84/><T116/><D90/><RYUUKYOKU ba="1,0" sc="318,-10,250,-10,250,-10,182,30" hai3="15,17,21,25,29,132,134" /><INIT seed="1,2,0,1,0,26" ten="308,240,240,212" oya="1" hai0="4,40,75,44,10,36,113,11,116,119,127,125,54" hai1="57,38,13,32,23,70,88,69,25,120,3,5,62" hai2="114,122,68,115,135,28,103,64,84,89,107,110,101" hai3="71,95,9,92,96,59,123,111,72,78,33,6,47"/><U80/><E120/><V48/><F122/><W46/><G123/><T45/><D75/><U112/><E112/><N who="2" m="43051" /><F107/><W55/><G71/><T52/><D113/><U81/><E38/><V79/><F79/><W117/><G33/><T90/><D90/><U58/><E58/><V1/><F1/><W128/><G111/><T30/><D30/><U2/><E2/><V66/><F110/><W18/><G128/><T76/><D76/><U85/><E3/><V60/><F66/><W43/><G18/><T31/><D31/><U53/><E80/><V19/><F19/><W17/><G17/><T132/><D132/><U73/><E73/><V67/><F67/><W65/><G65/><T41/><REACH who="0" step="1"/><D36/><REACH who="0" ten="298,240,240,212" step="2"/><U93/><E32/><V35/><F135/><W21/><G78/><T74/><D74/><U83/><E69/><V51/><F28/><W102/><G72/><T0/><D0/><U91/><E70/><V8/><F35/><W124/><G117/><T97/><D97/><U7/><E91/><V29/><F29/><W27/><G96/><T15/><D15/><U134/><E134/><V109/><F109/><W106/><G27/><T34/><D34/><U37/><E37/><V94/><F103/><W50/><G102/><T14/><D14/><U42/><E25/><V105/><F101/><W87/><G87/><T39/><D39/><U108/><E108/><V16/><F105/><W121/><G106/><T104/><D104/><U118/><E118/><V49/><F84/><W63/><G121/><T12/><D12/><U77/><E85/><V99/><F8/><W20/><G9/><RYUUKYOKU ba="2,1" sc="298,15,240,-15,240,15,212,-15" hai0="4,10,11,40,41,44,45,52,54,116,119,125,127" hai2="16,48,49,51,60,64,68,89,94,99" /><INIT seed="2,3,1,0,3,127" ten="313,225,255,197" oya="2" hai0="75,81,107,57,29,3,67,109,84,87,9,66,35" hai1="135,55,63,36,23,71,79,112,120,2,65,26,51" hai2="17,12,73,132,72,48,104,16,59,126,102,103,70" hai3="108,96,58,53,61,128,39,14,64,52,49,123,92"/><V46/><F126/><W95/><G123/><T100/><D75/><U85/><E112/><V99/><F132/><W44/><G108/><T98/><D109/><U117/><E117/><V22/><F70/><W13/><G128/><T119/><D119/><U121/><E2/><V134/><F134/><W40/><G92/><T11/><D84/><U76/><E36/><V42/><F102/><W19/><G19/><T4/><D9/><U28/><E85/><V8/><REACH who="2" step="1"/><F59/><REACH who="2" ten="313,225,245,197" step="2"/><W10/><G10/><T60/><D57/><N who="1" m="33023" /><E135/><V111/><F111/><W20/><G20/><T77/><D35/><U6/><E6/><V88/><F88/><N who="3" m="55399" /><G39/><T118/><D118/><U47/><E47/><V131/><F131/><W7/><G7/><T38/><D38/><U78/><E71/><V1/><F1/><W33/><G33/><T0/><D4/><U93/><E120/><V116/><F116/><W74/><G74/><T83/><D0/><U90/><E121/><V18/><F18/><W69/><G69/><T68/><D3/><U31/><E31/><V37/><F37/><W89/><G89/><T129/><D29/><U106/><E90/><V62/><F62/><W56/><G56/><T110/><D129/><U45/><E45/><V115/><F115/><W21/><G21/><T114/><D114/><U122/><E122/><V32/><F32/><W130/><G130/><T125/><D110/><U86/><E63/><V80/><F80/><W5/><G5/><T25/><D125/><U41/><E23/><V124/><F124/><W82/><G82/><T113/><D83/><U24/><E28/><RYUUKYOKU ba="3,2" sc="313,-15,225,-15,245,15,197,15" hai2="8,12,16,17,22,42,46,48,72,73,99,103,104" hai3="13,14,40,44,49,52,53,58,61,64" /><INIT seed="2,4,2,2,3,26" ten="298,210,260,212" oya="2" hai0="57,106,122,64,123,40,58,35,29,19,83,12,15" hai1="88,23,63,44,94,120,17,2,41,114,4,135,134" hai2="60,82,8,109,32,76,61,119,37,75,13,39,38" hai3="11,31,50,27,117,99,72,93,5,65,124,36,21"/><V48/><F119/><W89/><G36/><T92/><D106/><U130/><E114/><V101/><F109/><W84/><G117/><T77/><D12/><U53/><E4/><V98/><F32/><W102/><G124/><T30/><D40/><U100/><E2/><V116/><F48/><W113/><G113/><T6/><D6/><U96/><E130/><V55/><F55/><W18/><G72/><T0/><D0/><U43/><E100/><V133/><F116/><W68/><G68/><T129/><D129/><U47/><E120/><V28/><F133/><N who="1" m="50697" /><E44/><V95/><REACH who="2" step="1"/><F28/><REACH who="2" ten="298,210,250,212" step="2"/><W25/><G50/><T128/><D128/><U10/><E63/><V85/><F85/><W111/><G111/><T107/><D35/><U66/><E66/><V45/><F45/><W71/><G65/><T56/><D64/><U34/><E34/><V74/><F74/><W131/><G131/><T78/><D123/><U108/><E108/><V1/><F1/><W69/><G5/><AGARI ba="4,3" hai="5,8,13,37,38,39,60,61,75,76,82,95,98,101" machi="5" ten="40,3900,0" yaku="1,1,53,1" doraHai="26" doraHaiUra="104" who="2" fromWho="3" sc="298,0,210,0,250,81,212,-51" /><INIT seed="2,5,0,3,0,26" ten="298,210,331,161" oya="2" hai0="89,130,102,115,84,40,42,55,38,82,36,104,20" hai1="113,3,47,68,64,1,54,69,44,119,66,122,14" hai2="118,83,39,11,49,70,95,65,35,2,91,90,126" hai3="19,30,97,61,88,120,124,33,22,4,37,50,96"/><V63/><F118/><W27/><G120/><T34/><D115/><U59/><E14/><V24/><F39/><W74/><G37/><T106/><D34/><U112/><E1/><V132/><F132/><W29/><G74/><T127/><D127/><U9/><E9/><V56/><F126/><W123/><G123/><T114/><D114/><N who="1" m="44139" /><E3/><V25/><F83/><W51/><G124/><T98/><D106/><U31/><E31/><N who="3" m="11786" /><G33/><T58/><D130/><U28/><E28/><V41/><F91/><W100/><G4/><T133/><D133/><U117/><E122/><V60/><F11/><W76/><G76/><T5/><D5/><U18/><E18/><V101/><F101/><W135/><G135/><T62/><D20/><U17/><E17/><V45/><F2/><W77/><G77/><T93/><D36/><U105/><E105/><V16/><F16/><N who="3" m="12743" /><G61/><T125/><D38/><U67/><E119/><V110/><F35/><W108/><G108/><T13/><D125/><U23/><E23/><V52/><F110/><W6/><G6/><T53/><D13/><U81/><E117/><V71/><F70/><N who="1" m="27241" /><E81/><V15/><F15/><W85/><G19/><T129/><D104/><U10/><E10/><V57/><F71/><W48/><G100/><T12/><D12/><U43/><E43/><N who="0" m="16425" /><D129/><U0/><E0/><V111/><F111/><W80/><AGARI ba="5,0" hai="48,50,51,80,85,88,96,97" m="12743,11786" machi="80" ten="30,12000,2" yaku="8,1,52,3,54,2" doraHai="26" who="3" fromWho="3" sc="298,-35,210,-35,331,-65,161,135" /><INIT seed="3,0,0,3,2,12" ten="263,175,266,296" oya="3" hai0="79,104,51,112,53,69,77,122,66,135,89,13,108" hai1="88,6,71,7,60,24,2,42,94,50,29,14,36" hai2="4,39,95,129,62,8,10,115,19,117,37,131,133" hai3="0,9,26,28,32,87,98,120,82,103,58,75,38"/><W64/><G38/><T109/><D122/><U30/><E2/><V67/><F117/><W55/><G120/><T107/><D135/><U126/><E126/><V123/><F123/><W125/><G125/><T110/><D112/><U23/><E29/><V56/><F115/><W124/><G124/><T128/><D128/><N who="2" m="49226" /><F133/><W96/><G75/><T83/><D89/><U45/><E36/><V85/><F8/><W61/><G103/><T17/><D66/><U44/><E44/><V92/><F92/><W73/><G73/><N who="0" m="43439" /><D79/><U90/><E90/><N who="2" m="53711" /><F19/><W3/><G64/><T46/><D69/><U68/><E60/><V5/><F5/><W130/><G130/><T76/><D76/><U70/><REACH who="1" step="1"/><E14/><AGARI ba="0,0" hai="4,10,14,37,39,56,62,67" m="53711,49226" machi="14" ten="30,1000,0" yaku="19,1" doraHai="12" who="2" fromWho="1" sc="263,0,175,-10,266,10,296,0" /><INIT seed="4,0,0,5,0,88" ten="263,165,276,296" oya="0" hai0="42,57,7,9,18,67,89,116,58,108,11,71,26" hai1="117,38,50,51,87,109,97,121,60,79,13,35,95" hai2="131,130,69,73,34,22,104,101,106,105,102,85,86" hai3="36,112,134,53,31,27,65,111,123,43,1,12,37"/><T19/><D116/><U29/><E117/><V17/><F34/><W5/><G111/><T54/><D108/><U122/><E109/><V84/><F69/><W63/><G1/><T120/><D120/><U81/><E38/><V91/><F17/><W32/><G43/><T119/><D119/><U103/><E60/><V48/><F48/><W94/><G53/><T133/><D133/><U59/><E13/><V129/><F22/><W93/><G134/><T124/><D42/><U20/><E35/><V77/><F91/><W74/><G74/><T90/><D71/><U6/><E6/><V100/><F73/><W82/><G82/><AGARI ba="0,0" hai="77,82,84,85,86,100,101,102,104,105,106,129,130,131" machi="82" ten="60,12000,2" yaku="29,2,19,1,34,3" doraHai="88" who="2" fromWho="3" sc="263,0,165,0,276,120,296,-120" /><INIT seed="5,0,0,1,2,110" ten="263,165,396,176" oya="1" hai0="62,54,84,79,124,42,23,86,130,125,75,103,45" hai1="43,131,120,25,72,35,118,31,106,92,68,15,14" hai2="133,61,73,122,39,38,112,132,94,13,26,91,21" hai3="9,65,47,96,105,19,16,1,44,121,114,59,36"/><U117/><E106/><V81/><F112/><W101/><G121/><T77/><D23/><U83/><E120/><V85/><F13/><W128/><G128/><T34/><D34/><U98/><E131/><V48/><F48/><W2/><G114/><T50/><D103/><U87/><E72/><V18/><F61/><W8/><G65/><T30/><D30/><U52/><E68/><V60/><F60/><W95/><G59/><N who="0" m="35191" /><D130/><U104/><E43/><V74/><F122/><W5/><G105/><T51/><D51/><U70/><E104/><V127/><F127/><N who="0" m="48714" /><D75/><N who="2" m="28682" /><F94/><W102/><G102/><T90/><D86/><U53/><E92/><AGARI ba="0,0" hai="42,45,50,77,79,84,90,92" m="48714,35191" machi="92" ten="30,1000,0" yaku="18,1" doraHai="110" who="0" fromWho="1" sc="263,10,165,-10,396,0,176,0" /><INIT seed="6,0,0,1,1,109" ten="273,155,396,176" oya="2" hai0="111,97,50,30,35,85,18,9,98,31,68,69,66" hai1="16,81,4,20,107,28,0,13,87,120,2,114,99" hai2="42,74,8,55,10,54,27,29,19,33,96,56,84" hai3="91,122,86,126,52,70,15,24,43,93,38,103,63"/><V118/><F74/><W108/><G122/><T78/><D35/><U76/><E120/><V32/><F118/><W101/><G108/><T14/><D111/><U67/><E67/><V47/><F33/><W135/><G126/><T104/><D104/><U80/><E28/><V34/><F34/><W49/><G135/><T79/><D66/><U21/><E21/><V132/><F132/><W88/><G70/><T124/><D124/><U119/><E119/><V39/><F84/><N who="3" m="52359" /><G38/><T37/><D37/><U73/><E4/><V25/><F55/><W53/><G24/><T110/><D110/><U1/><E114/><V11/><F96/><N who="0" m="36970" /><D69/><U75/><REACH who="1" step="1"/><E81/><REACH who="1" ten="273,145,396,176" step="2"/><V102/><F29/><W62/><G15/><T94/><D31/><U6/><E6/><V26/><F26/><W17/><G17/><T36/><D30/><U59/><E59/><V83/><F83/><N who="3" m="49631" /><G103/><AGARI ba="0,1" hai="0,1,2,13,16,20,73,75,76,80,87,99,103,107" machi="103" ten="40,2600,0" yaku="1,1,54,1,53,0" doraHai="109" doraHaiUra="128" who="1" fromWho="3" sc="273,0,145,36,396,0,176,-26" /><INIT seed="7,0,0,2,3,87" ten="273,181,396,150" oya="3" hai0="25,50,95,37,109,132,31,27,99,64,46,53,57" hai1="126,88,77,90,131,113,111,65,49,58,62,0,128" hai2="102,75,52,14,100,44,8,74,29,13,55,9,115" hai3="120,59,61,103,119,34,121,68,84,17,16,73,79"/><W78/><G119/><T92/><D109/><U96/><E111/><V97/><F115/><W114/><G34/><T35/><D132/><U41/><E113/><V123/><F29/><W23/><G114/><T26/><D92/><U108/><E108/><V10/><F44/><W83/><G68/><T71/><D71/><U4/><E77/><V124/><F97/><W135/><G135/><T107/><D107/><U89/><E4/><V112/><F112/><W60/><G103/><T125/><D125/><U93/><E0/><V3/><F10/><W127/><G127/><T36/><D36/><U129/><E126/><V66/><F66/><W30/><G30/><T40/><D64/><U118/><E118/><V19/><F3/><W54/><G60/><T24/><D24/><U39/><E39/><V134/><F124/><W28/><G28/><T32/><D32/><U81/><E81/><V11/><F11/><W22/><G78/><T56/><D56/><U5/><E5/><V117/><F123/><W72/><G120/><T38/><D38/><U80/><E80/><V42/><F117/><W48/><G121/><T45/><D45/><AGARI ba="0,0" hai="41,45,49,58,62,65,88,89,90,93,96,128,129,131" machi="45" ten="40,8000,1" yaku="19,1,52,3,54,1" doraHai="87" who="1" fromWho="0" sc="273,-80,181,80,396,0,150,0" owari="193,-21.0,261,6.0,396,50.0,150,-35.0" /></mjloggm>