<mjloggm ver="2.3"><GO type="185" lobby="0"/><UN n0="%E9%BE%8D%E5%B9%B3" n1="%44%75%73%6B" n2="%E7%B6%BE%E7%80%AC%E7%BE%8E%E5%A4%9C" n3="" dan="16,16,16,0" rate="2183.58,2185.02,2140.61,1500.00" sx="M,M,F,C"/><TAIKYOKU oya="0"/><INIT seed="0,0,0,0,3,80" ten="350,350,350,0" oya="0" hai0="41,130,109,103,0,97,51,42,89,2,58,129,74" hai1="46,71,73,101,127,44,104,39,70,98,56,126,92" hai2="115,113,50,68,110,96,125,36,128,65,69,131,116" hai3=""/><T67/><D74/><U40/><E73/><V48/><F116/><T43/><D109/><U95/><E46/><V90/><F36/><T79/><D79/><U55/><E92/><V120/><N who="2" m="30752" /><V88/><F110/><T122/><N who="0" m="31264" /><T106/><D89/><N who="2" m="34410" /><F96/><T132/><D132/><U111/><E104/><V64/><F125/><N who="1" m="47625" /><E111/><V53/><F53/><T49/><D67/><N who="2" m="25674" /><F48/><AGARI ba="0,0" hai="39,40,44,48,55,56,70,71,95,98,101" m="47625" machi="48" ten="30,1000,0" yaku="18,1" doraHai="80" who="1" fromWho="2" sc="350,0,350,10,350,-10,0,0" /><INIT seed="1,0,0,5,4,116" ten="350,360,340,0" oya="1" hai0="94,74,131,68,89,86,34,59,35,132,32,124,71" hai1="1,72,45,54,40,125,109,36,99,119,64,66,49" hai2="73,102,118,53,90,126,88,77,42,127,101,122,115" hai3=""/><U113/><E72/><V108/><N who="2" m="31264" /><V46/><F118/><T114/><D74/><U130/><E1/><V47/><F108/><T110/><D110/><U103/><E109/><V57/><F115/><T41/><D114/><U95/><E119/><V63/><F77/><T117/><D117/><U61/><E113/><V107/><F73/><T48/><D132/><U97/><E130/><V111/><F111/><T129/><D124/><N who="2" m="47658" /><F47/><T55/><REACH who="0" step="1"/><D41/><REACH who="0" ten="340,360,340,0" step="2"/><U121/><N who="1" m="31008" /><U37/><E125/><V105/><F105/><T112/><D112/><U52/><E40/><V38/><F107/><T82/><D82/><U75/><E75/><V92/><F90/><T120/><N who="0" m="30752" /><T134/><D134/><U69/><E103/><V76/><F76/><T79/><D79/><U39/><E95/><V33/><F33/><T56/><D56/><U133/><E133/><V58/><F58/><T80/><D80/><U84/><E69/><AGARI ba="0,1" hai="32,34,35,48,55,59,68,69,71,86,89,94,129,131" m="30752" machi="69" ten="50,12000,2" yaku="1,1,52,2,53,3" doraHai="116" doraHaiUra="67" who="0" fromWho="1" sc="340,130,360,-120,340,0,0,0" /><INIT seed="2,0,0,4,0,42" ten="470,240,340,0" oya="2" hai0="113,64,104,96,100,73,90,47,52,106,53,46,32" hai1="66,95,116,118,60,72,41,115,74,40,111,33,94" hai2="109,99,128,87,110,101,124,58,38,43,3,61,88" hai3=""/><V35/><F35/><T67/><D73/><U82/><E115/><V68/><F3/><T63/><D32/><U98/><E33/><V51/><F124/><T54/><D113/><U39/><E111/><N who="2" m="42507" /><F128/><T71/><D106/><U121/><N who="1" m="31008" /><U130/><E130/><V102/><F38/><T59/><D67/><U79/><E74/><V44/><F99/><T55/><REACH who="0" step="1"/><D90/><REACH who="0" ten="460,240,340,0" step="2"/><U76/><E116/><V105/><F105/><T1/><D1/><U134/><E118/><V37/><F68/><T83/><D83/><U45/><E134/><V69/><F69/><T132/><D132/><U107/><E107/><V50/><F101/><T97/><D97/><U75/><E98/><V91/><F102/><T84/><D84/><U49/><E75/><V135/><F135/><T0/><D0/><U56/><E79/><V119/><F119/><T112/><D112/><U89/><E89/><N who="2" m="34379" /><F87/><T70/><D70/><U85/><E72/><V86/><F86/><T77/><D77/><U126/><E126/><V93/><F93/><T2/><D2/><U34/><E34/><V127/><F127/><T125/><D125/><U57/><E85/><V81/><F81/><T108/><D108/><U80/><E82/><V123/><N who="2" m="31520" /><V120/><F120/><RYUUKYOKU ba="0,1" sc="460,10,240,-20,340,10,0,0" hai0="46,47,52,53,54,55,59,63,64,71,96,100,104" hai2="37,43,44,50,51,58,61" /><INIT seed="2,1,1,4,1,54" ten="470,220,350,0" oya="2" hai0="61,53,37,58,85,128,97,40,56,39,94,3,82" hai1="99,1,49,44,2,48,68,63,73,123,89,64,127" hai2="55,114,0,105,81,60,32,111,133,35,92,129,134" hai3=""/><V46/><F114/><T108/><D108/><U126/><N who="1" m="31520" /><U96/><E73/><V79/><F105/><T124/><D124/><N who="1" m="47659" /><E49/><V38/><F0/><N who="1" m="105" /><E89/><V131/><F111/><T93/><D128/><N who="2" m="49226" /><F92/><T65/><D3/><U116/><E116/><V43/><F55/><AGARI ba="1,1" hai="44,48,55,63,64,68,96,99" m="105,47659,31520" machi="55" ten="30,2000,0" yaku="18,1,52,1" doraHai="54" who="1" fromWho="2" sc="470,0,220,32,350,-22,0,0" /><INIT seed="4,0,0,0,1,49" ten="470,252,328,0" oya="0" hai0="109,48,82,73,129,63,86,118,57,98,112,108,94" hai1="96,42,64,40,85,105,89,38,80,124,47,111,43" hai2="83,66,1,123,122,97,87,78,127,120,37,50,70" hai3=""/><T67/><D118/><U116/><E111/><V93/><N who="2" m="30752" /><V39/><N who="2" m="31264" /><V103/><N who="2" m="31520" /><V90/><F1/><T135/><D73/><U91/><E124/><V115/><F115/><T99/><D99/><U61/><E116/><V52/><F127/><T75/><D75/><U2/><E2/><V72/><F66/><T32/><D32/><U35/><E35/><V62/><F62/><T84/><D112/><U74/><E74/><V36/><F70/><T92/><D135/><U114/><E114/><V46/><F36/><T113/><D113/><U51/><E38/><V41/><F41/><T134/><D134/><U128/><E128/><V59/><F46/><T3/><D129/><U110/><E110/><V95/><AGARI ba="0,0" hai="37,39,50,52,59,72,78,83,87,90,93,95,97,103" m="31520,31264,30752" machi="95" ten="20,9000,2" yaku="0,1,7,1,52,4,54,1" doraHai="49" who="2" fromWho="2" sc="470,-60,252,-30,328,90,0,0" /><INIT seed="5,0,0,2,1,37" ten="410,222,418,0" oya="1" hai0="38,73,114,124,131,108,33,59,35,54,43,69,117" hai1="41,116,103,133,0,107,84,3,120,81,96,53,71" hai2="94,80,118,56,67,32,89,39,36,88,105,68,34" hai3=""/><U46/><N who="1" m="30752" /><U58/><E116/><V99/><F118/><T42/><D59/><U132/><E71/><V70/><F70/><T93/><D54/><U57/><E3/><V123/><N who="2" m="31520" /><V2/><F2/><T66/><D93/><U55/><E0/><V115/><F115/><T102/><D102/><U78/><E57/><V98/><F68/><T64/><D73/><U65/><E65/><V100/><F39/><T76/><D76/><U95/><E107/><V50/><F36/><T97/><D117/><U125/><E125/><V75/><F89/><T122/><N who="0" m="31264" /><T126/><D69/><U129/><E129/><V121/><N who="2" m="31008" /><V135/><F135/><N who="1" m="51785" /><E58/><V48/><F67/><T62/><D131/><U86/><E86/><V91/><F56/><T52/><D114/><U106/><E95/><V101/><F75/><T109/><D97/><U74/><E74/><V49/><F80/><T127/><D35/><U119/><E119/><V82/><F82/><T104/><D33/><U63/><E63/><V44/><F44/><T113/><D104/><U1/><E1/><V72/><F72/><T87/><D113/><U110/><E110/><V92/><F105/><T83/><D127/><U77/><E77/><V130/><F130/><RYUUKYOKU ba="0,0" sc="410,-20,222,10,418,10,0,0" hai1="41,46,53,55,78,81,84,96,103,106" hai2="32,34,48,49,50,88,91,92,94,98,99,100,101" /><INIT seed="5,1,0,3,3,62" ten="390,232,428,0" oya="1" hai0="72,43,105,32,37,122,79,132,125,76,103,52,63" hai1="74,35,85,59,86,126,128,112,135,101,127,111,55" hai2="70,56,71,94,90,61,95,130,40,58,131,133,88" hai3=""/><U134/><E35/><V124/><F124/><N who="1" m="47657" /><E74/><V60/><REACH who="2" step="1"/><F40/><REACH who="2" ten="390,232,418,0" step="2"/><T107/><N who="0" m="31264" /><T47/><D125/><U77/><E111/><V68/><F68/><T50/><D32/><U65/><E112/><V116/><F116/><T2/><D2/><U46/><E128/><V92/><F92/><T81/><D132/><AGARI ba="1,1" hai="56,58,60,61,70,71,88,90,94,95,130,131,132,133" machi="132" ten="25,12000,2" yaku="1,1,22,2,54,1,53,2" doraHai="62" doraHaiUra="53" who="2" fromWho="0" sc="390,-122,232,0,418,132,0,0" /><INIT seed="6,0,0,1,4,100" ten="268,232,550,0" oya="2" hai0="48,66,117,91,80,2,46,78,67,96,38,111,82" hai1="71,57,0,74,127,69,51,83,103,65,72,110,98" hai2="42,59,45,43,81,89,132,33,76,107,36,125,102" hai3=""/><V128/><F33/><T35/><D35/><U44/><E110/><V54/><F43/><T115/><D117/><U124/><E0/><V121/><F107/><T119/><D111/><U123/><N who="1" m="31520" /><U135/><E135/><V77/><F102/><T106/><D38/><U64/><E83/><V73/><F77/><T130/><D130/><U39/><E39/><V63/><N who="2" m="31008" /><V122/><F125/><N who="1" m="48201" /><E74/><V112/><F132/><T41/><D119/><U37/><E72/><V49/><F128/><T52/><D2/><U61/><E37/><V79/><F79/><T126/><D115/><U75/><E75/><V109/><F109/><T56/><D126/><U97/><E97/><V60/><N who="2" m="31264" /><V3/><F112/><T86/><D82/><U70/><E98/><V84/><F3/><T58/><D78/><U93/><E93/><AGARI ba="0,0" hai="36,42,45,49,54,59,60,63,73,76,81,84,89,93" m="31264,31008" machi="93" ten="30,5800,0" yaku="7,1,52,2" doraHai="100" who="2" fromWho="1" sc="268,0,232,-58,550,58,0,0" owari="268,-13.0,174,-43.0,608,56.0,0,0.0" /></mjloggm>