<mjloggm ver="2.3"><GO type="169" lobby="0"/><UN n0="%74%63%61%30%30" n1="%E3%83%95%E3%83%84%E3%82%A6%E3%81%AE%E6%81%8B%E3%81%AE%E7%B5%90%E6%9C%AB" n2="%E6%97%A9%E5%A4%A7%E3%83%80%E3%83%A1%E4%BF%AE%E5%A3%AB" n3="%E3%81%A1%E3%82%87%E3%82%8A%E3%81%8A" dan="16,17,16,18" rate="2164.67,2195.35,2176.24,2192.84" sx="M,M,M,M"/><TAIKYOKU oya="0"/><INIT seed="0,0,0,5,0,105" ten="250,250,250,250" oya="0" hai0="34,108,31,66,107,99,21,59,129,122,20,90,134" hai1="120,36,23,35,121,15,123,127,89,124,126,9,1" hai2="8,72,117,131,68,11,135,25,60,114,115,119,32" hai3="37,94,77,50,58,53,16,3,125,113,56,69,128"/><T76/><BYE who="1" /><D122/><UN n1="%E3%83%95%E3%83%84%E3%82%A6%E3%81%AE%E6%81%8B%E3%81%AE%E7%B5%90%E6%9C%AB" /><U24/><E36/><V7/><F68/><W17/><G113/><N who="2" m="43017" /><F60/><W55/><G3/><T112/><D112/><U87/><E87/><V26/><F131/><W79/><G37/><T101/><D129/><U29/><E89/><V41/><F41/><W61/><G128/><T78/><D134/><U93/><E93/><V2/><F72/><W52/><G125/><T80/><D108/><U38/><E38/><V109/><F109/><W100/><G69/><T73/><D78/><N who="3" m="29705" /><G53/><T86/><D34/><U91/><E91/><V71/><F71/><W22/><G22/><T48/><D31/><U4/><E35/><V45/><F45/><W70/><G70/><T106/><D106/><U83/><E83/><V54/><F54/><W92/><G92/><N who="0" m="54359" /><D48/><U111/><E111/><V96/><F96/><AGARI ba="0,0" hai="16,17,50,52,55,56,58,61,94,96,100" m="29705" machi="96" ten="30,3900,0" yaku="8,1,54,2" doraHai="105" who="3" fromWho="2" sc="250,0,250,0,250,-39,250,39" /><INIT seed="1,0,0,1,0,54" ten="250,250,211,289" oya="1" hai0="61,55,91,109,59,120,85,20,36,6,122,28,83" hai1="67,44,5,130,101,78,22,25,27,2,74,104,93" hai2="32,42,23,73,48,18,134,43,90,127,19,119,33" hai3="30,53,102,16,56,112,118,40,126,75,110,92,132"/><U10/><E104/><V69/><F119/><W111/><G112/><T115/><D115/><U62/><E130/><V96/><F69/><W107/><G75/><T131/><D131/><U14/><E44/><V113/><F73/><W31/><G107/><T52/><D36/><U4/><E74/><V35/><F113/><W84/><G40/><T133/><D109/><N who="3" m="41481" /><G132/><T100/><D133/><U37/><E37/><V77/><F77/><W86/><G126/><T88/><D100/><U58/><E78/><V99/><F134/><W116/><G86/><T81/><D6/><U46/><E46/><V49/><F127/><W114/><G114/><T71/><D71/><U64/><E64/><V89/><F33/><W1/><G1/><T79/><D55/><U106/><E106/><V108/><F108/><W128/><G128/><T17/><D28/><U7/><E2/><V47/><F47/><W80/><G92/><T66/><D66/><U103/><E27/><V63/><F63/><N who="3" m="36239" /><G102/><N who="1" m="38922" /><E93/><V82/><F23/><W38/><G38/><T105/><D105/><U70/><E70/><V34/><F32/><W125/><G125/><T129/><D129/><U72/><E72/><V0/><F0/><W15/><G118/><T8/><D81/><AGARI ba="0,0" hai="18,19,34,35,42,43,48,49,81,82,89,90,96,99" machi="81" ten="25,1600,0" yaku="22,2" doraHai="54" who="2" fromWho="0" sc="250,-16,250,0,211,16,289,0" /><INIT seed="2,0,0,3,2,19" ten="234,250,227,289" oya="2" hai0="24,52,93,63,127,59,122,5,111,7,113,0,83" hai1="99,9,91,67,117,32,90,68,78,123,62,66,116" hai2="48,39,54,132,8,33,131,40,13,75,105,70,104" hai3="25,65,74,15,20,73,22,109,35,108,10,30,126"/><V96/><F131/><W76/><G126/><T72/><D113/><U77/><E32/><V88/><F33/><W82/><G73/><T47/><D122/><U11/><E123/><V26/><F75/><W121/><G65/><T18/><D127/><U57/><E57/><V12/><F70/><W14/><G14/><T134/><D111/><N who="3" m="42569" /><G121/><T81/><D134/><U129/><E62/><V45/><F26/><W37/><G37/><T100/><D72/><U118/><E99/><V41/><F132/><W56/><G56/><T133/><D133/><U42/><E42/><V23/><F40/><W112/><G112/><T27/><D0/><U16/><E117/><V97/><F12/><W51/><G51/><T92/><D47/><U84/><E84/><V79/><F79/><W130/><G130/><T102/><D18/><AGARI ba="0,0" hai="10,15,18,20,22,25,30,35,74,76,82" m="42569" machi="18" ten="30,3900,0" yaku="14,1,52,2" doraHai="19" who="3" fromWho="0" sc="234,-39,250,0,227,0,289,39" /><INIT seed="3,0,0,2,4,1" ten="195,250,227,328" oya="3" hai0="12,121,49,115,39,78,107,106,23,82,65,7,77" hai1="74,127,70,51,55,64,32,96,111,21,101,112,54" hai2="113,35,84,57,56,100,85,124,99,87,88,122,20" hai3="3,108,130,29,94,66,89,52,117,60,103,81,27"/><W2/><G117/><T18/><D121/><U68/><E112/><V69/><F35/><W95/><G130/><T123/><D39/><U36/><E32/><V17/><F69/><W105/><G105/><T5/><D123/><U98/><E74/><V128/><F113/><W92/><G108/><T120/><D120/><U46/><E111/><V134/><F122/><W91/><G103/><T59/><D115/><U10/><E127/><V16/><F134/><W42/><G42/><T4/><D78/><U76/><E76/><V33/><F33/><W6/><G29/><T110/><D110/><U73/><E73/><V24/><F124/><W102/><G27/><T118/><D118/><U114/><E114/><V31/><F128/><W109/><G102/><T14/><D12/><U86/><E86/><V79/><F79/><W135/><G135/><T25/><D25/><U48/><E36/><V38/><F38/><W15/><G66/><T104/><D49/><U22/><E10/><V41/><F41/><W0/><G81/><T9/><D23/><U75/><E75/><V62/><F100/><W19/><G19/><N who="2" m="7241" /><F62/><W26/><G26/><T126/><D126/><U53/><E101/><V119/><F119/><W37/><G37/><T116/><D116/><U132/><E132/><V40/><F40/><W83/><G83/><T131/><D131/><U72/><E72/><V43/><F43/><W28/><G28/><T90/><D90/><U61/><E70/><V80/><F80/><W34/><G34/><T133/><D133/><U67/><E68/><V125/><F125/><W63/><G109/><RYUUKYOKU ba="0,0" sc="195,-10,250,-10,227,30,328,-10" hai2="20,24,31,56,57,84,85,87,88,99" /><INIT seed="4,1,0,0,2,20" ten="185,240,257,318" oya="0" hai0="52,13,118,15,21,104,62,46,48,107,26,9,7" hai1="113,53,69,36,135,51,72,102,110,93,25,74,88" hai2="117,76,109,6,98,0,63,81,22,55,67,90,92" hai3="121,45,80,43,17,128,49,68,114,122,39,87,108"/><T73/><D73/><U106/><E110/><V18/><F109/><W28/><G114/><T47/><D118/><U24/><E36/><V85/><F117/><W119/><G119/><T14/><D62/><U33/><E69/><V64/><F0/><W35/><G68/><T134/><D134/><U60/><E60/><V115/><F6/><W56/><G128/><T4/><D47/><U3/><E3/><V99/><F99/><W42/><G17/><T131/><D131/><U16/><E135/><V77/><F77/><W10/><G10/><T97/><D97/><U29/><E102/><V89/><F89/><W105/><G105/><T112/><D112/><U31/><E106/><V54/><F115/><W11/><G11/><T27/><D27/><U8/><E113/><V111/><F111/><W78/><G108/><T116/><D116/><U84/><E8/><V101/><F101/><W1/><G1/><T79/><D79/><U41/><E41/><V75/><F75/><W50/><G56/><T125/><D125/><U30/><E16/><V34/><F34/><W83/><G83/><T61/><D61/><U103/><E103/><V65/><REACH who="2" step="1"/><F63/><REACH who="2" ten="185,240,247,318" step="2"/><W19/><G35/><T130/><D130/><U133/><E133/><V82/><F82/><W86/><G80/><T5/><REACH who="0" step="1"/><D9/><REACH who="0" ten="175,240,247,318" step="2"/><U66/><E74/><V12/><AGARI ba="1,2" hai="12,18,22,54,55,64,65,67,76,81,85,90,92,98" machi="12" ten="30,4000,0" yaku="1,1,0,1,8,1,53,0" doraHai="20" doraHaiUra="37" who="2" fromWho="2" sc="175,-21,240,-11,247,63,318,-11" /><INIT seed="5,0,0,0,4,88" ten="154,229,310,307" oya="1" hai0="115,104,11,16,39,38,122,9,61,57,117,53,22" hai1="29,105,13,90,71,30,67,36,14,52,55,129,111" hai2="6,74,107,120,21,128,63,110,81,25,70,86,34" hai3="101,114,134,12,113,60,73,95,87,108,118,112,133"/><U1/><E1/><V19/><F110/><W127/><G108/><T93/><D117/><U132/><E111/><V102/><F74/><W48/><G73/><T130/><D104/><U124/><E105/><V47/><F120/><W83/><G118/><T28/><D122/><U37/><E124/><V42/><F34/><W98/><G60/><T97/><D115/><U121/><E121/><V65/><F6/><W49/><G12/><T85/><D130/><U41/><E129/><V54/><F54/><W26/><G26/><N who="0" m="14663" /><D85/><U116/><E116/><V56/><F70/><W66/><G66/><T77/><D77/><U43/><E90/><V89/><F107/><W3/><G3/><T79/><D28/><U109/><E109/><V2/><F2/><W4/><G4/><T46/><D79/><U78/><E78/><V35/><F35/><W58/><G58/><T75/><D75/><U62/><E62/><V45/><F128/><W0/><G0/><T125/><D125/><U10/><E67/><V31/><F31/><W92/><G83/><T94/><D94/><U5/><E5/><V84/><F84/><W44/><G127/><T123/><D123/><U69/><E132/><N who="3" m="50794" /><G44/><T17/><D46/><U100/><E10/><N who="0" m="3593" /><D17/><U7/><E7/><V24/><F24/><W27/><G27/><T135/><D135/><U82/><E82/><V20/><F20/><W76/><G76/><T64/><D64/><U103/><AGARI ba="0,0" hai="13,14,29,30,36,37,41,43,52,55,69,71,100,103" machi="103" ten="25,9600,0" yaku="0,1,22,2,54,1" doraHai="88" who="1" fromWho="1" sc="154,-32,229,96,310,-32,307,-32" /><INIT seed="5,1,0,2,5,132" ten="122,325,278,275" oya="1" hai0="49,25,82,105,32,97,94,91,60,50,83,107,51" hai1="92,108,24,17,55,117,41,86,45,104,79,42,85" hai2="26,71,68,18,77,21,93,70,35,44,78,114,99" hai3="4,1,14,43,59,118,16,84,112,66,56,74,36"/><U90/><E117/><V58/><F114/><W11/><G74/><T23/><D32/><U130/><E104/><V7/><F35/><W13/><G112/><T125/><D105/><U128/><E108/><V133/><F133/><W12/><G118/><T127/><D107/><U73/><E73/><V98/><F7/><W76/><G66/><T95/><D94/><U15/><E24/><V33/><F33/><W113/><G113/><T65/><D83/><N who="1" m="47359" /><E55/><V53/><F44/><W119/><G119/><T122/><D82/><U75/><E75/><V102/><REACH who="2" step="1"/><F98/><REACH who="2" ten="122,325,268,275" step="2"/><W62/><G4/><T123/><D123/><U111/><E45/><V67/><F67/><W88/><G11/><T34/><D34/><U124/><E111/><V29/><F29/><W40/><G1/><T126/><D122/><U61/><E130/><V100/><F100/><W64/><G64/><T30/><D50/><AGARI ba="1,1" hai="18,21,26,50,53,58,68,70,71,77,78,93,99,102" machi="50" ten="40,2600,0" yaku="1,1,53,1" doraHai="132" doraHaiUra="54" who="2" fromWho="0" sc="122,-29,325,0,268,39,275,0" /><INIT seed="6,0,0,2,0,45" ten="93,325,307,275" oya="2" hai0="100,116,132,44,107,68,32,125,119,63,2,24,46" hai1="0,18,117,133,74,101,129,84,42,72,23,111,38" hai2="12,126,40,54,51,55,67,20,22,79,99,25,80" hai3="96,4,5,27,28,59,112,6,122,71,135,90,57"/><V49/><F126/><W92/><G122/><T1/><D100/><U53/><E111/><V11/><F67/><W114/><G71/><T19/><D125/><U83/><E117/><V85/><F99/><W34/><REACH who="3" step="1"/><G135/><REACH who="3" ten="93,325,307,265" step="2"/><T3/><D132/><U77/><E133/><V30/><F22/><W13/><G13/><T104/><D68/><U86/><E23/><V65/><F65/><W81/><G81/><T108/><D108/><U123/><E83/><V39/><F39/><W94/><G94/><T29/><D19/><U16/><E18/><N who="2" m="8479" /><F40/><W106/><G106/><T10/><D10/><U98/><E42/><V120/><F120/><W70/><G70/><T127/><D127/><U17/><E38/><V103/><F103/><W73/><G73/><T69/><D107/><U41/><E74/><V26/><F26/><W14/><G14/><T95/><D95/><U87/><E72/><V48/><AGARI ba="0,1" hai="20,25,30,48,49,51,54,55,79,80,85" m="8479" machi="48" ten="30,11700,0" yaku="8,1,52,3" doraHai="45" who="2" fromWho="2" sc="93,-39,325,-39,307,127,265,-39" /><INIT seed="6,1,0,0,0,58" ten="54,286,434,226" oya="2" hai0="38,46,110,82,111,73,123,23,10,126,1,76,11" hai1="87,72,124,48,105,36,51,70,69,6,21,83,116" hai2="85,35,60,95,115,93,16,133,62,30,32,66,29" hai3="129,79,54,53,117,97,47,40,84,86,5,0,59"/><V20/><F115/><W7/><G117/><T63/><D123/><U64/><E116/><V17/><F85/><W27/><G129/><T34/><D126/><U18/><E72/><V128/><F66/><W45/><G97/><T39/><D23/><U13/><E36/><V56/><F56/><W102/><G27/><T114/><D114/><U43/><E105/><V74/><F20/><W42/><G0/><T100/><D100/><U107/><E107/><V71/><F71/><W108/><G108/><T127/><D127/><U2/><E124/><V89/><F89/><W37/><G102/><T33/><D46/><U98/><E98/><V78/><F78/><W118/><G118/><T49/><D49/><U65/><E70/><V134/><REACH who="2" step="1"/><F74/><REACH who="2" ten="54,286,424,226" step="2"/><W57/><G37/><T52/><D110/><U19/><E69/><V81/><F81/><W41/><G42/><T15/><D111/><U120/><E43/><V4/><F4/><W99/><G99/><T130/><D38/><U68/><E6/><V50/><F50/><W106/><G106/><T90/><D39/><U3/><E51/><V9/><F9/><W28/><G79/><T112/><D112/><U131/><E48/><V26/><F26/><W25/><G25/><T104/><D104/><U61/><E68/><V14/><F14/><W92/><G92/><T109/><D109/><U94/><E13/><V101/><F101/><W96/><G96/><T67/><D90/><U12/><E12/><V132/><F132/><W103/><G103/><T125/><D125/><U121/><E83/><V75/><F75/><W88/><G88/><RYUUKYOKU ba="1,1" sc="54,-15,286,-15,424,15,226,15" hai2="16,17,29,30,32,35,60,62,93,95,128,133,134" hai3="5,7,28,40,41,45,47,53,54,57,59,84,86" /><INIT seed="6,2,1,3,4,71" ten="39,271,439,241" oya="2" hai0="127,34,7,59,4,40,92,108,82,130,33,11,21" hai1="104,3,61,57,54,20,25,39,135,42,101,117,14" hai2="124,113,31,38,15,30,51,133,125,112,109,32,74" hai3="98,29,119,106,96,64,50,87,88,129,6,86,102"/><V73/><F51/><W77/><G119/><T85/><D108/><U72/><E117/><V105/><F105/><W107/><G64/><T80/><D127/><N who="2" m="48714" /><F109/><W24/><G6/><T2/><D130/><U126/><E3/><V36/><F15/><W37/><G129/><T110/><D110/><U66/><E14/><V79/><F79/><W16/><G37/><N who="2" m="14441" /><F133/><W78/><G29/><N who="2" m="10761" /><F32/><W70/><G50/><T35/><D40/><U81/><E39/><V134/><F134/><W89/><G70/><T84/><D7/><U47/><E104/><V27/><F27/><W22/><G107/><T114/><D114/><AGARI ba="2,1" hai="73,74,112,113,114" m="10761,14441,48714" machi="114" ten="40,18000,2" yaku="28,2,15,1,18,1,52,3" doraHai="71" who="2" fromWho="0" sc="39,-186,271,0,439,196,241,0" owari="-147,-65.0,271,7.0,635,74.0,241,-16.0" /></mjloggm>