<mjloggm ver="2.3"><GO type="169" lobby="0"/><UN n0="%E8%8B%B1%E5%9B%BD%E5%A3%B2%E5%8D%B4" n1="%E3%81%BE%E3%81%93%E3%81%A8%E3%81%95%E3%82%93" n2="%E8%A5%BF%E5%B2%A1%E8%82%B2%E6%9C%AA%E2%99%AA" n3="%E9%9B%AA%E6%9C%88%E9%A2%A8%E8%8A%B1" dan="18,16,16,17" rate="2232.79,2126.17,2096.64,2223.78" sx="M,M,F,F"/><TAIKYOKU oya="0"/><INIT seed="0,0,0,0,2,91" ten="250,250,250,250" oya="0" hai0="26,43,131,40,56,30,57,35,47,1,83,119,73" hai1="84,125,134,92,111,0,17,121,8,63,122,52,36" hai2="15,97,129,51,3,45,77,120,11,90,110,64,68" hai3="74,70,34,76,16,88,133,62,53,44,49,33,75"/><T69/><D119/><U5/><E111/><V21/><F120/><W89/><G133/><T19/><D69/><U102/><E134/><V37/><F37/><W130/><G130/><T55/><D1/><U2/><E2/><V128/><F77/><W24/><G33/><T98/><D131/><N who="2" m="50250" /><F110/><W66/><G34/><T38/><D43/><U94/><E36/><V32/><F21/><W59/><G74/><T96/><D57/><U86/><E125/><V118/><F3/><W108/><G108/><T18/><D83/><U31/><E31/><V115/><F115/><W93/><G89/><T23/><D73/><U132/><E132/><V80/><F32/><W135/><G135/><T87/><D87/><U105/><E17/><V124/><F124/><W58/><G76/><T112/><D112/><U54/><E105/><V39/><F39/><W107/><G107/><T113/><D113/><U4/><E0/><V100/><F64/><W71/><G71/><T6/><D6/><U10/><E63/><V78/><F68/><W42/><G75/><T27/><REACH who="0" step="1"/><D19/><REACH who="0" ten="240,250,250,250" step="2"/><U13/><E13/><V99/><F118/><W7/><G7/><T14/><D14/><U127/><E127/><V104/><F15/><W48/><G16/><T126/><D126/><U116/><E116/><V20/><F80/><W25/><G70/><T60/><AGARI ba="0,1" hai="18,23,26,27,30,35,38,40,47,55,56,60,96,98" machi="60" ten="20,3900,0" yaku="1,1,0,1,7,1,53,0" doraHai="91" doraHaiUra="9" who="0" fromWho="0" sc="240,49,250,-13,250,-13,250,-13" /><INIT seed="0,1,0,4,1,63" ten="289,237,237,237" oya="0" hai0="81,60,45,40,46,8,47,51,83,75,4,6,124" hai1="1,16,69,41,89,59,0,48,33,42,107,125,122" hai2="43,73,39,80,7,106,15,12,72,74,17,121,118" hai3="92,76,49,108,35,38,79,62,110,116,133,131,77"/><T117/><D117/><U134/><E122/><V9/><F106/><W27/><G116/><T135/><D124/><U13/><E125/><V20/><F118/><W132/><G38/><T64/><D135/><N who="3" m="51785" /><G131/><T127/><D127/><U36/><E134/><V113/><F113/><W94/><G49/><T32/><D32/><U96/><E33/><V86/><F121/><W68/><G92/><T2/><D6/><U34/><E34/><V111/><F111/><N who="3" m="42539" /><G94/><T120/><D120/><U56/><E69/><V57/><F57/><W37/><G37/><T67/><D60/><U70/><E70/><V82/><F39/><W26/><G35/><T53/><D83/><U123/><E56/><V3/><F43/><W104/><G104/><T29/><D29/><U103/><E123/><V97/><F97/><W5/><G5/><T71/><D71/><U114/><E114/><V84/><F84/><W10/><G10/><T55/><D55/><U52/><E42/><V102/><F102/><W105/><G105/><T88/><D47/><U18/><E18/><V66/><F80/><W24/><G62/><T22/><D22/><U93/><E41/><V61/><F86/><W109/><N who="3" m="42547" /><W129/><DORA hai="101" /><G68/><T87/><REACH who="0" step="1"/><D75/><REACH who="0" ten="279,237,237,237" step="2"/><U58/><E36/><AGARI ba="1,1" hai="2,4,8,36,40,45,46,51,53,64,67,81,87,88" machi="36" ten="30,18000,2" yaku="1,1,2,1,7,1,52,2,54,1,53,0" doraHai="63,101" doraHaiUra="25,90" who="0" fromWho="1" sc="279,193,237,-183,237,0,237,0" /><INIT seed="0,2,0,5,0,60" ten="472,54,237,237" oya="0" hai0="135,15,131,37,90,112,66,20,87,113,64,39,103" hai1="126,95,92,114,74,84,67,94,107,77,54,43,123" hai2="71,69,41,36,59,22,127,57,3,62,40,9,33" hai3="93,19,55,16,14,30,6,32,70,49,85,25,104"/><T24/><D113/><U122/><E67/><N who="0" m="25641" /><D112/><U65/><E65/><V68/><F33/><W58/><G104/><T13/><D39/><U31/><E43/><V81/><F81/><W83/><G70/><T96/><D37/><U72/><E54/><V116/><F9/><W82/><G6/><T75/><D75/><N who="1" m="28715" /><E31/><V108/><F22/><N who="3" m="11543" /><G19/><N who="0" m="12319" /><D135/><U17/><E17/><V48/><F3/><W117/><G117/><T46/><D131/><U97/><E114/><V128/><F36/><W53/><G53/><T1/><D1/><U2/><E2/><V99/><F71/><W45/><G45/><T29/><D29/><U100/><E126/><V61/><F127/><W101/><G101/><T47/><D103/><U132/><E132/><V4/><F69/><W130/><G130/><T109/><D109/><U52/><E52/><V21/><F108/><W102/><G102/><T106/><D106/><U129/><E129/><V51/><F128/><W11/><G11/><T23/><D96/><U0/><E0/><V121/><F68/><W79/><G32/><T10/><D23/><U56/><E56/><V133/><F21/><N who="3" m="15663" /><G79/><T73/><D73/><U18/><E18/><V91/><F99/><W26/><G26/><T44/><D10/><U115/><E115/><V89/><F133/><W134/><G134/><T38/><D38/><U105/><E105/><V78/><F78/><W124/><G124/><T88/><D90/><AGARI ba="2,0" hai="49,55,58,82,83,85,90,93" m="15663,11543" machi="90" ten="30,3900,0" yaku="25,1,8,1,54,1" doraHai="60" who="3" fromWho="0" sc="472,-45,54,0,237,0,237,45" /><INIT seed="1,0,0,3,5,28" ten="427,54,237,282" oya="1" hai0="10,87,51,102,81,111,125,33,7,113,20,56,73" hai1="17,2,62,70,134,45,48,118,8,37,30,43,57" hai2="135,69,116,107,64,120,52,85,42,66,25,27,29" hai3="106,80,110,34,13,11,6,36,16,101,126,105,83"/><U9/><E118/><V68/><F107/><W21/><G110/><T19/><D73/><U104/><E104/><V63/><F120/><W54/><G36/><T114/><D102/><U39/><E134/><V128/><F116/><W130/><G130/><T95/><D33/><U74/><E74/><V72/><F72/><W84/><G34/><T129/><D111/><U67/><E30/><V124/><F128/><W14/><G126/><T50/><D95/><U75/><E75/><V103/><F103/><W3/><G3/><T32/><D32/><U92/><E2/><V47/><F124/><W31/><G31/><T122/><D122/><U22/><E92/><V77/><F135/><W98/><G105/><T88/><D125/><U96/><E96/><V0/><F0/><W119/><G119/><T59/><D129/><U108/><E108/><V117/><F117/><W26/><G14/><N who="0" m="5471" /><D114/><U49/><E49/><N who="0" m="18441" /><D113/><U132/><E132/><V53/><F85/><W133/><G133/><T91/><D91/><U4/><E4/><V44/><F77/><W46/><G84/><T60/><D60/><U76/><E76/><V115/><F29/><W65/><G65/><T12/><AGARI ba="0,0" hai="12,19,20,56,59,81,87,88" m="18441,5471" machi="12" ten="30,2000,0" yaku="8,1,54,1" doraHai="28" who="0" fromWho="0" sc="427,20,54,-10,237,-5,282,-5" /><INIT seed="2,0,0,3,1,5" ten="447,44,232,277" oya="2" hai0="103,41,129,66,70,78,17,52,108,105,75,99,50" hai1="12,7,107,92,127,26,87,61,2,81,13,60,56" hai2="97,10,125,109,104,110,28,85,68,8,24,133,0" hai3="53,128,90,51,134,39,49,121,112,35,111,59,79"/><V9/><F68/><W118/><G79/><T124/><D108/><N who="2" m="41578" /><F133/><W62/><G90/><T116/><D124/><U54/><E127/><V14/><F125/><W96/><G96/><T1/><D1/><U21/><E107/><V63/><F0/><W18/><G18/><T11/><D41/><U32/><E32/><N who="2" m="20487" /><F63/><W88/><G62/><T91/><D129/><U84/><E61/><V25/><F25/><W117/><G117/><T57/><D116/><U69/><E69/><V23/><F23/><W83/><G35/><T33/><D33/><U31/><E2/><V106/><F85/><W29/><G128/><T19/><D66/><U100/><E7/><N who="2" m="3359" /><F106/><W34/><G34/><T37/><D70/><U40/><E40/><V93/><F104/><W95/><G134/><T58/><D105/><U114/><E114/><V126/><F126/><W76/><G112/><T82/><D75/><U36/><E36/><V38/><F38/><W86/><G39/><T65/><D37/><U30/><E30/><V71/><F71/><W3/><G29/><T44/><D65/><U113/><E113/><V73/><F73/><N who="3" m="43407" /><G3/><T89/><D50/><U74/><E74/><V102/><AGARI ba="0,0" hai="9,10,93,97,102" m="3359,20487,41578" machi="102" ten="30,12000,1" yaku="14,1,10,1,52,3" doraHai="5" who="2" fromWho="2" sc="447,-40,44,-40,232,120,277,-40" /><INIT seed="2,1,0,1,3,78" ten="407,4,352,237" oya="2" hai0="109,129,92,77,88,0,41,25,57,117,101,13,85" hai1="80,3,71,122,56,27,97,10,95,105,39,84,104" hai2="115,63,32,7,4,50,36,133,116,2,83,48,112" hai3="75,123,111,81,8,18,47,65,132,107,42,45,6"/><V118/><F63/><W30/><G123/><T69/><D109/><U119/><E119/><V98/><F98/><W106/><G111/><T43/><D0/><U87/><E71/><V82/><F2/><W94/><G132/><T86/><D69/><U79/><E122/><V72/><F36/><W28/><G65/><T52/><D129/><U51/><E39/><V93/><F93/><W61/><G61/><T76/><D117/><N who="2" m="45162" /><F72/><W125/><G94/><T29/><D101/><U124/><E124/><V38/><F32/><W114/><G75/><T58/><D58/><U121/><E121/><V128/><F38/><W74/><G74/><T35/><D13/><U40/><E27/><V100/><F100/><W130/><G18/><T37/><D37/><U89/><E97/><V12/><F12/><W67/><G67/><T127/><D127/><U68/><E68/><V26/><F26/><W11/><G125/><T103/><D103/><U21/><E21/><V64/><F64/><W17/><G17/><T5/><D5/><N who="2" m="2122" /><F128/><W49/><G130/><T126/><D126/><U120/><E120/><V135/><F48/><W62/><G49/><N who="0" m="30863" /><D77/><U9/><E3/><V16/><F50/><W1/><G1/><T90/><D76/><U108/><E108/><V14/><F16/><W131/><G131/><T66/><D66/><U31/><E31/><V102/><F102/><W19/><G19/><T23/><D35/><U73/><E73/><V134/><F14/><N who="3" m="5399" /><G62/><T33/><D33/><U70/><E70/><V55/><F55/><W54/><G54/><T34/><D34/><U113/><E113/><AGARI ba="1,0" hai="82,83,112,113,115,133,134,135" m="2122,45162" machi="113" ten="40,18000,2" yaku="6,1,28,2,20,1,52,2" doraHai="78" who="2" fromWho="1" sc="407,0,4,-183,352,183,237,0" owari="407,21.0,-179,-68.0,535,63.0,237,-16.0" /></mjloggm>