<mjloggm ver="2.3"><GO type="185" lobby="0"/><UN n0="%E3%81%9F%E3%82%93%E3%82%86%E3%81%86" n1="%41%74%72%69%61" n2="%E3%81%B7%E3%82%8A%E3%81%B7%E3%82%8A%EF%BC%92%EF%BC%90%EF%BC%90%EF%BC%91" n3="" dan="16,17,16,0" rate="2230.80,2243.41,2117.23,1500.00" sx="F,F,M,C"/><TAIKYOKU oya="0"/><INIT seed="0,0,0,4,2,109" ten="350,350,350,0" oya="0" hai0="70,63,52,116,48,112,84,129,95,73,117,42,102" hai1="81,119,37,71,54,77,72,59,38,106,89,64,79" hai2="86,49,101,80,120,99,110,92,105,85,122,60,35" hai3=""/><T98/><D73/><U55/><E119/><V61/><N who="2" m="30752" /><V93/><N who="2" m="31264" /><V58/><F35/><T107/><D129/><U44/><E106/><V97/><F110/><T53/><D42/><U50/><E77/><V1/><F1/><T134/><D134/><U113/><E89/><V82/><F105/><T124/><D124/><U2/><E2/><V56/><F49/><T33/><D33/><U94/><E94/><V39/><F39/><T111/><D111/><U103/><E103/><AGARI ba="0,0" hai="56,58,60,61,80,82,85,86,92,93,97,99,101,103" m="31264,30752" machi="103" ten="25,8000,1" yaku="22,2,8,1,52,2" doraHai="109" who="2" fromWho="1" sc="350,0,350,-80,350,80,0,0" /><INIT seed="1,0,0,5,2,110" ten="350,270,430,0" oya="1" hai0="116,65,113,83,1,118,68,95,69,119,93,71,37" hai1="79,94,82,80,41,135,127,47,44,60,76,39,34" hai2="75,99,128,101,117,104,85,89,73,48,123,87,66" hai3=""/><U115/><E34/><V124/><N who="2" m="31520" /><V49/><F66/><T58/><D1/><U131/><E135/><V40/><F117/><T105/><D105/><U90/><E127/><V45/><F124/><T132/><D37/><U74/><E131/><V92/><F128/><T103/><D132/><U56/><E47/><V64/><F64/><T130/><D130/><U114/><E94/><V98/><F49/><T3/><D3/><U63/><E90/><V88/><REACH who="2" step="1"/><F99/><REACH who="2" ten="350,270,420,0" step="2"/><T52/><D65/><U59/><E63/><V51/><F51/><T61/><D103/><U62/><E60/><V126/><F126/><T78/><REACH who="0" step="1"/><D113/><REACH who="0" ten="340,270,420,0" step="2"/><U97/><E97/><V53/><F53/><T125/><D125/><U111/><E111/><V67/><F67/><T121/><N who="0" m="31008" /><T109/><D109/><U36/><E36/><V2/><F2/><T120/><N who="0" m="30752" /><T72/><AGARI ba="0,2" hai="52,58,61,68,69,71,72,78,83,93,95,116,118,119" m="30752,31008" machi="72" ten="40,9000,2" yaku="1,1,4,1,0,1,12,1,52,2,54,1,53,0" doraHai="110" doraHaiUra="134" who="0" fromWho="0" sc="340,110,270,-60,420,-30,0,0" /><INIT seed="2,0,0,1,0,92" ten="450,210,390,0" oya="2" hai0="134,83,89,97,125,132,36,60,127,102,42,75,95" hai1="115,99,108,39,135,56,101,76,51,65,98,57,37" hai2="106,69,91,87,1,90,100,74,119,122,2,45,49" hai3=""/><V104/><N who="2" m="31264" /><V116/><F69/><T113/><D60/><U123/><N who="1" m="31520" /><U54/><E115/><V55/><F74/><T72/><D42/><U110/><E76/><V112/><F112/><T103/><D36/><N who="1" m="13899" /><E101/><N who="0" m="38409" /><D113/><U67/><E135/><N who="0" m="51753" /><D83/><U63/><E67/><V84/><F45/><T93/><D93/><U78/><E78/><V61/><F61/><T48/><D48/><U77/><E77/><V86/><F49/><T0/><D0/><U34/><E34/><V79/><F79/><T85/><D85/><U47/><E47/><V44/><F44/><T81/><D81/><U64/><E64/><V59/><F55/><T109/><D109/><AGARI ba="0,0" hai="51,54,56,57,63,65,98,99,108,109,110" m="13899,31520" machi="109" ten="30,7700,0" yaku="14,1,52,3" doraHai="92" who="1" fromWho="0" sc="450,-77,210,77,390,0,0,0" /><INIT seed="4,0,0,2,5,42" ten="373,287,390,0" oya="0" hai0="101,134,94,103,100,122,53,83,65,112,80,33,64" hai1="133,98,38,70,87,59,35,79,114,117,84,86,97" hai2="50,49,34,125,88,130,52,51,118,61,57,105,78" hai3=""/><T111/><N who="0" m="31264" /><T99/><D33/><U66/><E35/><V93/><F34/><T39/><D39/><U3/><E3/><V113/><F105/><T124/><D111/><U119/><E38/><V132/><F132/><T131/><D134/><U77/><E70/><V43/><F118/><T41/><D41/><U120/><N who="1" m="30752" /><U104/><E133/><V46/><F125/><T2/><D2/><U69/><E69/><V74/><F113/><T109/><D109/><U72/><E114/><V71/><F130/><T106/><D112/><U58/><E86/><V1/><F1/><T85/><D124/><U116/><E116/><V95/><F71/><T48/><D83/><U92/><E92/><V90/><F78/><T56/><D131/><U128/><E128/><V67/><F74/><T115/><D115/><U108/><E108/><V68/><F95/><T82/><D82/><U44/><E104/><V36/><F90/><T75/><D75/><U40/><E40/><V91/><F91/><T102/><REACH who="0" step="1"/><D106/><REACH who="0" ten="363,287,390,0" step="2"/><U37/><E72/><V107/><REACH who="2" step="1"/><F107/><REACH who="2" ten="363,287,380,0" step="2"/><T55/><D55/><U126/><E126/><V73/><F73/><T60/><D60/><U62/><E117/><V96/><AGARI ba="0,2" hai="36,43,46,49,50,51,52,57,61,67,68,88,93,96" machi="96" ten="20,12000,3" yaku="1,1,0,1,7,1,24,2,52,1,54,2,53,0" doraHai="42" doraHaiUra="81" who="2" fromWho="2" sc="363,-80,287,-40,380,140,0,0" /><INIT seed="5,0,0,3,2,3" ten="283,247,520,0" oya="1" hai0="43,116,86,110,101,56,91,128,40,124,64,93,99" hai1="85,67,35,98,102,121,54,72,103,109,132,97,131" hai2="79,66,126,55,57,113,50,112,127,92,87,45,75" hai3=""/><U115/><E72/><V46/><F75/><T105/><D110/><U88/><N who="1" m="31008" /><U59/><E109/><V32/><F32/><T1/><D1/><U39/><E39/><V108/><F108/><T49/><D124/><N who="2" m="47658" /><F66/><T119/><D128/><U122/><N who="1" m="31264" /><U38/><E38/><V107/><F107/><T134/><D134/><U61/><E132/><V68/><F68/><T71/><D71/><U41/><E41/><V2/><F2/><T83/><D105/><U123/><N who="1" m="31520" /><U84/><E115/><V120/><N who="2" m="30752" /><V73/><F73/><T129/><D129/><U77/><E131/><V36/><F36/><T125/><D125/><U0/><E0/><V94/><F79/><T51/><D116/><U58/><E35/><V62/><F45/><T76/><D76/><U44/><E44/><V65/><F87/><T63/><D119/><U69/><E77/><V81/><F81/><T100/><D100/><N who="1" m="38443" /><E69/><V34/><F34/><T95/><D83/><U53/><E67/><V80/><F80/><T104/><D104/><U82/><E84/><V74/><F74/><T118/><D118/><U52/><E54/><V89/><F113/><T42/><AGARI ba="0,0" hai="40,42,43,49,51,56,63,64,86,91,93,95,99,101" machi="42" ten="30,1500,0" yaku="0,1,8,1" doraHai="3" who="0" fromWho="0" sc="283,15,247,-10,520,-5,0,0" /><INIT seed="6,0,0,4,4,66" ten="298,237,515,0" oya="2" hai0="131,113,96,117,129,0,127,69,43,53,103,125,109" hai1="51,80,123,134,135,57,79,91,110,32,52,100,104" hai2="98,38,132,75,40,119,126,76,47,120,95,56,62" hai3=""/><V73/><N who="2" m="30752" /><V82/><F119/><T94/><D0/><U36/><N who="1" m="31520" /><U44/><E110/><V33/><F132/><T74/><D109/><U89/><E32/><V84/><F126/><N who="0" m="48138" /><D117/><U111/><E111/><V35/><F35/><T106/><D74/><U122/><N who="1" m="31264" /><U72/><E100/><V37/><F37/><T48/><D43/><U68/><E104/><V81/><F81/><T64/><D106/><U3/><E3/><V101/><F33/><T115/><D64/><AGARI ba="0,0" hai="38,40,47,56,62,64,73,75,76,82,84,95,98,101" m="30752" machi="64" ten="30,2900,0" yaku="7,1,52,1" doraHai="66" who="2" fromWho="0" sc="298,-29,237,0,515,29,0,0" owari="269,-13.0,237,-36.0,544,49.0,0,0.0" /></mjloggm>