<mjloggm ver="2.3"><GO type="225" lobby="0"/><UN n0="%E3%81%AF%E3%82%88%E3%81%8A%E3%81%98%E3%81%95%E3%82%93" n1="%E5%B6%BA%E4%B8%8A%E5%92%B2" n2="%E5%AE%89%E8%97%A4%E3%82%AB%E3%82%B1%E3%83%AB" n3="%E3%81%AB%E3%82%83%EF%BD%9E%E3%81%8A" dan="17,17,16,16" rate="2100.36,2212.14,2063.73,2151.00" sx="M,F,M,M"/><TAIKYOKU oya="0"/><INIT seed="0,0,0,0,0,112" ten="250,250,250,250" oya="0" hai0="40,132,121,85,48,21,9,87,24,62,52,82,78" hai1="120,70,103,18,106,19,124,16,43,37,130,38,105" hai2="97,11,26,66,114,6,3,68,122,8,36,98,64" hai3="88,25,131,99,58,96,39,75,34,0,29,67,23"/><T100/><D132/><U101/><E120/><V17/><F36/><W33/><G39/><N who="1" m="14858" /><E130/><V128/><F122/><W1/><G75/><T115/><D115/><U83/><E43/><V71/><F114/><W92/><G131/><T69/><D121/><U54/><E54/><V10/><F128/><W57/><G96/><T59/><D100/><N who="1" m="38475" /><E83/><V15/><F10/><W72/><G72/><T129/><D129/><U46/><E46/><V95/><F26/><W27/><G23/><T7/><D85/><U102/><N who="1" m="38483" /><U28/><DORA hai="81" /><E28/><V14/><F3/><W123/><G123/><T133/><D133/><U109/><E109/><V93/><REACH who="2" step="1"/><F17/><REACH who="2" ten="250,250,240,250" step="2"/><N who="1" m="4353" /><U53/><DORA hai="60" /><E53/><V55/><F55/><W118/><G27/><T2/><D40/><U41/><E41/><V135/><F135/><W12/><G25/><T111/><D111/><U110/><E110/><V116/><F116/><W51/><G118/><T125/><D24/><U113/><E113/><V35/><F35/><W126/><G34/><T5/><D5/><AGARI ba="0,1" hai="5,6,8,11,14,15,64,66,68,71,93,95,97,98" machi="5" ten="25,12000,2" yaku="1,1,22,2,52,2,53,2" doraHai="112,81,60" doraHaiUra="74,20,65" who="2" fromWho="0" sc="250,-120,250,0,240,130,250,0" /><INIT seed="1,0,0,2,2,92" ten="130,250,370,250" oya="1" hai0="52,111,135,126,14,48,10,11,86,21,112,4,105" hai1="36,133,125,57,108,127,27,59,22,110,42,113,0" hai2="118,94,13,95,99,24,121,23,102,2,81,98,50" hai3="17,85,19,87,38,3,29,37,61,60,84,32,106"/><U58/><E0/><V129/><F2/><W93/><G106/><T69/><D112/><U134/><E27/><V100/><F118/><W20/><G3/><T119/><D119/><U91/><E22/><V30/><F121/><W120/><G120/><T45/><D111/><N who="1" m="42539" /><E91/><V75/><F129/><W18/><G32/><T65/><D126/><N who="1" m="48139" /><E113/><V74/><F81/><W1/><G1/><T56/><D135/><N who="1" m="51723" /><E42/><V73/><F13/><W76/><G76/><T130/><D130/><U116/><E36/><V8/><F8/><W31/><G20/><T28/><D105/><U33/><E33/><V107/><F107/><W47/><G93/><T40/><D86/><U109/><N who="1" m="42547" /><U123/><DORA hai="5" /><E116/><V41/><F41/><W103/><G103/><T34/><D34/><U97/><E97/><V122/><F122/><AGARI ba="0,0" hai="57,58,59,122,123" m="51723,48139,42547" machi="122" ten="50,24000,3" yaku="28,2,14,1,10,1,18,1,20,1,34,2" doraHai="92,5" who="1" fromWho="2" sc="130,0,250,240,370,-240,250,0" /><INIT seed="1,1,0,4,4,123" ten="130,490,130,250" oya="1" hai0="20,133,132,126,130,35,90,55,10,87,56,39,113" hai1="7,71,93,63,50,96,26,81,109,134,6,112,65" hai2="75,54,8,82,68,76,74,58,42,110,86,61,16" hai3="2,21,73,52,117,18,36,125,92,17,85,78,4"/><U101/><E112/><V44/><F68/><W41/><G125/><T47/><D113/><U51/><E134/><N who="0" m="51817" /><D35/><U119/><E119/><V95/><F110/><W106/><G106/><T15/><D126/><U23/><E109/><V29/><F29/><W116/><G73/><T69/><D69/><U5/><REACH who="1" step="1"/><E81/><REACH who="1" ten="130,480,130,250" step="2"/><V38/><F82/><W24/><G116/><T49/><D130/><U19/><AGARI ba="1,1" hai="5,6,7,19,23,26,50,51,63,65,71,93,96,101" machi="19" ten="30,11700,0" yaku="1,1,2,1,0,1,53,1" doraHai="123" doraHaiUra="62" who="1" fromWho="1" sc="130,-40,480,130,130,-40,250,-40" /><INIT seed="1,2,0,5,3,106" ten="90,610,90,210" oya="1" hai0="64,6,66,40,116,100,131,20,10,37,63,68,132" hai1="17,46,30,90,24,91,54,78,87,117,21,5,13" hai2="39,50,81,110,67,103,98,42,126,9,102,2,96" hai3="80,72,129,18,84,79,107,89,83,70,36,7,25"/><U32/><E117/><V92/><F39/><W47/><G107/><T11/><D116/><U108/><E78/><V59/><F126/><W114/><G70/><T97/><D131/><U69/><E69/><V111/><F81/><W45/><G114/><T121/><D66/><U112/><E112/><V101/><F42/><W73/><G129/><T58/><D68/><U3/><E108/><V123/><F123/><W57/><G73/><T134/><D121/><U127/><E127/><V27/><F27/><W34/><G7/><T44/><D20/><U60/><E87/><V23/><F23/><W14/><G36/><T55/><D64/><U41/><E60/><V31/><F31/><W77/><G89/><T48/><D37/><N who="1" m="21807" /><E54/><V33/><F33/><W43/><G43/><T74/><D74/><U49/><E49/><V15/><F2/><W105/><G105/><N who="0" m="63631" /><D6/><U38/><E38/><V76/><F76/><W85/><G72/><T130/><D130/><U0/><E0/><V28/><F28/><W26/><G57/><T86/><D86/><U61/><E61/><V29/><F29/><W82/><G82/><T16/><D16/><U62/><E62/><N who="2" m="38367" /><F50/><W95/><G95/><T118/><D118/><U128/><E128/><V122/><F122/><W4/><G4/><T51/><D51/><U133/><E133/><AGARI ba="2,0" hai="10,11,40,44,48,55,58,63,132,133,134" m="63631" machi="133" ten="30,1000,0" yaku="20,1" doraHai="106" who="0" fromWho="1" sc="90,16,610,-16,90,0,210,0" /><INIT seed="2,0,0,1,1,87" ten="106,594,90,210" oya="2" hai0="60,0,84,133,56,107,72,99,93,126,110,114,65" hai1="41,70,45,54,10,52,3,34,80,73,94,29,35" hai2="116,132,91,90,25,82,19,112,24,127,109,49,37" hai3="95,17,85,77,30,53,51,106,46,9,74,40,61"/><V115/><F37/><W105/><G74/><T27/><D72/><U78/><E70/><V134/><F116/><W100/><G30/><T104/><D114/><N who="2" m="43562" /><F82/><W2/><G2/><T33/><D0/><U5/><E94/><V71/><F71/><W14/><G77/><T63/><D126/><U131/><E131/><V64/><F64/><W101/><G105/><T117/><D117/><U1/><E1/><V96/><F127/><W7/><G7/><T103/><D133/><N who="2" m="51306" /><F109/><W79/><G106/><T39/><D39/><N who="1" m="21695" /><E29/><V11/><F49/><W135/><G135/><T68/><D110/><U18/><E18/><V123/><F123/><W88/><G79/><T8/><D104/><U26/><E26/><N who="2" m="10347" /><F96/><W16/><G17/><T130/><D130/><U31/><E31/><V59/><F59/><AGARI ba="0,0" hai="9,14,16,40,46,51,53,59,61,85,88,95,100,101" machi="59" ten="40,8000,1" yaku="8,1,52,1,54,2" doraHai="87" who="3" fromWho="2" sc="106,0,594,0,90,-80,210,80" /><INIT seed="3,0,0,2,1,114" ten="106,594,10,290" oya="3" hai0="99,64,118,133,18,126,63,61,122,74,95,93,80" hai1="2,46,98,31,29,96,19,11,89,90,109,113,131" hai2="91,100,10,60,86,119,76,121,39,20,102,127,92" hai3="132,59,84,77,124,110,33,87,27,105,37,65,130"/><W34/><G59/><T7/><D122/><U36/><E113/><V1/><F39/><W66/><G27/><T45/><D118/><U52/><E109/><V43/><F43/><W111/><G77/><T21/><D126/><U108/><E108/><N who="3" m="41514" /><G37/><T44/><D7/><U115/><E36/><V40/><F40/><W6/><G6/><T4/><D4/><U26/><E2/><V25/><F121/><W49/><G49/><T94/><D133/><U58/><E131/><V28/><F127/><W48/><G48/><T16/><D99/><N who="1" m="37931" /><E46/><V112/><F112/><W41/><G41/><T30/><D30/><N who="1" m="11275" /><E26/><V79/><F1/><W117/><G105/><T67/><D80/><U116/><E116/><V83/><F119/><W24/><G24/><T72/><D94/><U14/><E115/><V81/><F10/><W101/><G101/><T128/><D21/><U120/><E120/><V69/><F69/><W134/><G117/><T38/><D38/><U82/><E82/><V50/><F50/><AGARI ba="0,0" hai="11,14,19,50,52,58,89,90" m="11275,37931" machi="50" ten="30,2000,0" yaku="8,1,54,1" doraHai="114" who="1" fromWho="2" sc="106,0,594,20,10,-20,290,0" owari="106,-29.0,614,71.0,-10,-51.0,290,9.0" /></mjloggm>