<mjloggm ver="2.3"><GO type="225" lobby="0"/><UN n0="%E5%AE%89%E8%97%A4%E3%82%AB%E3%82%B1%E3%83%AB" n1="%E3%81%BF%E3%81%BF%E3%81%9A" n2="%E9%9F%93%E8%A1%9B%E9%9D%92" n3="%E3%83%B4%E3%83%A0%EF%BC%99%E3%81%A6" dan="16,16,16,17" rate="2052.49,2205.60,2186.40,2188.16" sx="M,M,F,M"/><TAIKYOKU oya="0"/><INIT seed="0,0,0,1,3,134" ten="250,250,250,250" oya="0" hai0="113,66,41,45,18,130,42,75,37,34,33,71,2" hai1="50,60,108,15,68,110,123,59,28,103,26,98,13" hai2="119,97,19,125,124,54,74,58,114,73,69,104,81" hai3="27,22,65,52,96,131,1,5,36,118,80,4,102"/><T120/><D120/><U16/><E123/><V0/><F114/><W31/><G118/><T62/><D113/><U128/><E50/><V3/><F119/><W129/><G36/><T86/><D130/><N who="3" m="49673" /><G65/><T93/><D75/><U35/><E128/><V111/><F111/><N who="1" m="42537" /><E16/><V44/><F69/><W79/><G1/><N who="2" m="585" /><F19/><W10/><G10/><T23/><D2/><U95/><E68/><V90/><F44/><W77/><G52/><AGARI ba="0,0" hai="13,15,26,28,35,52,59,60,95,98,103" m="42537" machi="52" ten="30,2000,0" yaku="14,1,54,1" doraHai="134" who="1" fromWho="3" sc="250,0,250,20,250,0,250,-20" /><INIT seed="1,0,0,0,4,48" ten="250,270,250,230" oya="1" hai0="18,87,22,135,131,26,120,122,57,43,107,114,99" hai1="67,28,126,66,62,10,79,134,34,13,27,53,42" hai2="76,105,64,55,101,112,109,84,127,32,96,118,80" hai3="133,17,70,41,9,74,78,128,125,129,85,3,75"/><U20/><E126/><V38/><F118/><W86/><G70/><T93/><D114/><U46/><E79/><V6/><F32/><W132/><G41/><T49/><D131/><N who="3" m="50249" /><G3/><T69/><D69/><U81/><E81/><V33/><F33/><W51/><G9/><T100/><D135/><N who="3" m="51785" /><G17/><T94/><D43/><U25/><E134/><V16/><F127/><W119/><G51/><T8/><D8/><U54/><E34/><V44/><F109/><W88/><G119/><T50/><D50/><N who="1" m="26967" /><E27/><V92/><F112/><W91/><G125/><T37/><D18/><N who="1" m="8503" /><E62/><V5/><F64/><AGARI ba="0,0" hai="20,25,28,53,54,64,66,67" m="8503,26967" machi="64" ten="30,5800,0" yaku="8,1,52,2" doraHai="48" who="1" fromWho="2" sc="250,0,270,58,250,-58,230,0" /><BYE who="2" /><UN n2="%E9%9F%93%E8%A1%9B%E9%9D%92" /><INIT seed="1,1,0,2,4,9" ten="250,328,192,230" oya="1" hai0="125,97,34,88,45,79,71,73,85,94,92,76,116" hai1="40,104,103,19,64,80,82,47,122,12,21,72,115" hai2="10,117,58,26,50,130,33,39,67,16,112,128,32" hai3="59,120,101,114,132,106,3,91,36,30,49,37,4"/><U42/><E115/><V83/><F39/><W23/><G120/><T61/><D34/><U35/><E122/><V43/><F117/><W56/><G114/><T77/><D116/><U46/><E35/><V135/><F112/><W134/><G106/><T87/><D125/><U8/><E64/><V60/><F135/><N who="3" m="51755" /><G101/><T102/><D45/><U99/><E72/><V118/><F118/><W84/><G3/><T51/><D51/><U123/><E123/><V57/><F83/><W29/><G4/><T14/><D14/><U13/><E46/><N who="2" m="25951" /><F26/><N who="3" m="16607" /><G30/><T38/><D38/><N who="3" m="14953" /><G49/><T113/><D113/><U7/><REACH who="1" step="1"/><E42/><REACH who="1" ten="250,318,192,230" step="2"/><V121/><F121/><W131/><G131/><N who="2" m="50217" /><F33/><W110/><G110/><T78/><D73/><U108/><E108/><V52/><F32/><W41/><G41/><T133/><D133/><U89/><E89/><V31/><F31/><W109/><G109/><T95/><D79/><U20/><E20/><V54/><F58/><W11/><G11/><T24/><D71/><U28/><E28/><V68/><F68/><W0/><G0/><T93/><D77/><U44/><E44/><V70/><F70/><W119/><G119/><T98/><D78/><U6/><E6/><V129/><N who="2" m="50225" /><V63/><DORA hai="96" /><F63/><W69/><G69/><T100/><D61/><U107/><E107/><V111/><F111/><W124/><G124/><T15/><D76/><U66/><E66/><V81/><F81/><AGARI ba="1,1" hai="56,59,81,84,91" m="14953,16607,51755" machi="81" ten="30,1000,0" yaku="20,1" doraHai="9,96" who="3" fromWho="2" sc="250,0,318,0,192,-13,230,23" /><INIT seed="2,0,0,2,4,127" ten="250,318,179,253" oya="2" hai0="63,13,58,15,1,101,2,91,22,82,54,43,96" hai1="70,90,33,104,38,71,57,59,126,72,66,23,123" hai2="100,29,92,73,119,118,83,85,131,109,64,31,95" hai3="61,132,120,67,128,77,102,87,51,86,56,105,98"/><V125/><F64/><W26/><G120/><T18/><D43/><U103/><E33/><V35/><F125/><W53/><G132/><T93/><D15/><U81/><E38/><V115/><F115/><W41/><G128/><T129/><D129/><U116/><E103/><V16/><F131/><W88/><G77/><T36/><D36/><U9/><E104/><V5/><F5/><W111/><G111/><T121/><D121/><U47/><E57/><V21/><F109/><W50/><G86/><T68/><D68/><U122/><E59/><V79/><F118/><W60/><G41/><T7/><D7/><U106/><E106/><V124/><F124/><W49/><G26/><T130/><D130/><U135/><E126/><V62/><F119/><W114/><G114/><T32/><D32/><U134/><E116/><V24/><F62/><W30/><G30/><T4/><D4/><U108/><E108/><V89/><REACH who="2" step="1"/><F35/><REACH who="2" ten="250,318,169,253" step="2"/><W45/><REACH who="3" step="1"/><G60/><REACH who="3" ten="250,318,169,243" step="2"/><T20/><D63/><N who="1" m="40287" /><E123/><V107/><F107/><W117/><G117/><T110/><D110/><U94/><E122/><V52/><F52/><W10/><G10/><T12/><D54/><U14/><E9/><V11/><F11/><W97/><G97/><AGARI ba="0,2" hai="16,21,24,29,31,73,79,83,85,89,92,95,97,100" machi="97" ten="40,7700,0" yaku="1,1,54,1,53,1" doraHai="127" doraHaiUra="80" who="2" fromWho="3" sc="250,0,318,0,169,97,243,-77" /><INIT seed="2,1,0,4,2,51" ten="250,318,266,166" oya="2" hai0="76,101,110,52,36,38,0,12,15,129,104,106,67" hai1="2,100,130,48,10,44,13,125,33,9,49,82,127" hai2="29,93,18,73,90,27,42,3,59,16,21,88,94" hai3="99,98,63,55,75,108,80,86,107,65,72,39,102"/><V6/><F73/><W57/><G108/><T30/><D0/><U111/><E33/><V53/><F42/><W43/><G39/><T26/><D110/><U96/><E111/><V135/><F135/><W11/><G43/><T35/><D67/><U120/><E130/><V7/><F3/><W20/><G11/><T89/><D129/><U78/><E2/><V116/><F116/><W45/><G98/><T131/><D131/><U109/><E109/><V69/><F69/><W121/><G121/><T74/><D76/><U83/><E120/><V133/><F133/><W95/><G107/><T117/><D74/><U126/><E48/><N who="2" m="31143" /><F93/><W85/><G85/><T23/><D117/><U46/><E78/><V115/><F115/><W37/><G20/><T54/><D35/><U58/><E58/><V5/><F90/><W105/><G105/><T87/><D106/><N who="1" m="63751" /><E46/><V132/><F132/><W113/><G113/><T134/><D134/><U122/><E122/><V4/><N who="2" m="1024" /><DORA hai="118" /><V22/><F22/><W34/><G34/><T14/><D36/><U31/><E9/><V81/><F81/><W62/><G37/><T92/><D38/><U19/><E83/><V8/><F8/><W47/><G72/><T70/><D70/><U24/><E82/><V56/><F56/><W128/><G75/><T91/><D91/><U77/><E77/><V79/><F79/><N who="3" m="46367" /><G128/><T103/><D104/><U61/><E126/><V84/><AGARI ba="1,0" hai="16,18,21,27,29,84,88,94" m="1024,31143" machi="84" ten="40,12000,1" yaku="8,1,52,1,54,2" doraHai="51,118" who="2" fromWho="2" sc="250,-41,318,-41,266,123,166,-41" /><INIT seed="2,2,0,4,0,106" ten="209,277,389,125" oya="2" hai0="116,82,55,104,42,12,1,74,102,68,44,8,89" hai1="45,90,70,83,69,65,121,132,100,6,14,77,85" hai2="43,11,71,36,109,126,123,26,48,101,2,56,58" hai3="29,91,105,47,30,84,52,76,66,35,39,7,111"/><V17/><F123/><W67/><G105/><T5/><D68/><U108/><E121/><V98/><F71/><W33/><G39/><T110/><D116/><U19/><E108/><V112/><F112/><W59/><G111/><T62/><D110/><U28/><E132/><V54/><F109/><W9/><G76/><T63/><D104/><U13/><E28/><V24/><F126/><W50/><G33/><T115/><D102/><U114/><E114/><V75/><F75/><W79/><G79/><N who="0" m="44407" /><D55/><U49/><E100/><V88/><F88/><W16/><G35/><T107/><D107/><U127/><E127/><V86/><F86/><W130/><G130/><T15/><D89/><U95/><E6/><V23/><F26/><W113/><G113/><T103/><D103/><U133/><E13/><N who="0" m="5193" /><D115/><U27/><E27/><V31/><F36/><AGARI ba="2,0" hai="1,5,8,36,42,44,62,63" m="5193,44407" machi="36" ten="30,2000,0" yaku="25,1,52,1" doraHai="106" who="0" fromWho="2" sc="209,26,277,0,389,-26,125,0" /><INIT seed="3,0,0,1,5,61" ten="235,277,363,125" oya="3" hai0="134,87,9,130,11,16,129,59,47,17,83,42,10" hai1="70,18,118,67,30,26,8,89,21,133,13,99,94" hai2="53,128,37,100,69,73,45,122,44,90,96,114,98" hai3="33,63,102,48,116,104,29,55,2,28,3,131,31"/><W32/><G116/><T52/><D134/><U124/><E133/><V125/><F114/><W120/><G120/><T25/><D25/><U88/><E118/><V115/><F125/><W84/><G131/><N who="0" m="50187" /><D47/><U119/><E119/><V117/><F69/><W39/><G39/><T105/><D105/><U20/><E124/><V5/><F90/><W74/><G74/><T50/><D42/><U91/><E70/><V80/><F96/><W65/><G84/><T93/><D93/><U0/><E0/><V64/><F53/><W81/><G81/><T23/><D23/><U56/><E21/><V15/><F15/><W68/><G32/><T111/><D111/><U43/><E43/><V14/><F45/><W121/><G121/><T41/><D41/><U66/><E56/><V92/><F44/><W51/><G33/><T77/><AGARI ba="0,0" hai="9,10,11,16,17,50,52,59,77,83,87" m="50187" machi="77" ten="30,4000,0" yaku="19,1,54,2" doraHai="61" who="0" fromWho="0" sc="235,40,277,-10,363,-10,125,-20" owari="275,8.0,267,-13.0,353,44.0,105,-39.0" /></mjloggm>