<mjloggm ver="2.3"><GO type="169" lobby="0"/><UN n0="%E3%83%A2%E3%83%AD%E3%83%98%E3%82%A4%E3%83%A4" n1="%E8%8B%B1%E5%9B%BD%E5%A3%B2%E5%8D%B4" n2="%E3%82%88%E3%81%93%40%63" n3="%E3%82%BF%E3%83%9E%E3%83%8D%E3%82%AE" dan="16,18,17,17" rate="2082.37,2227.14,2134.64,2176.98" sx="M,M,F,M"/><TAIKYOKU oya="0"/><INIT seed="0,0,0,3,5,2" ten="250,250,250,250" oya="0" hai0="114,3,105,16,71,112,103,59,78,45,50,72,1" hai1="17,83,77,85,122,106,57,6,118,28,110,5,29" hai2="126,79,86,37,91,90,134,7,81,27,24,69,70" hai3="18,46,31,0,54,62,75,68,120,33,132,87,67"/><T21/><D71/><U104/><E118/><V123/><F37/><W42/><G75/><T117/><D117/><U99/><E122/><V11/><F123/><W44/><G120/><T74/><D59/><U36/><E36/><V14/><F126/><W82/><G132/><T58/><D58/><U35/><E35/><V108/><F134/><W25/><G0/><T125/><D3/><U34/><E34/><V80/><F108/><W43/><G18/><T109/><D1/><U66/><E110/><V76/><F70/><W8/><G8/><T93/><D105/><U116/><E116/><V41/><F69/><W49/><REACH who="3" step="1"/><G44/><REACH who="3" ten="250,250,250,240" step="2"/><T102/><D16/><U63/><E17/><V61/><F41/><W38/><G38/><T107/><D45/><U131/><E131/><V39/><F39/><W73/><G73/><T95/><D74/><U101/><REACH who="1" step="1"/><E106/><REACH who="1" ten="250,240,250,240" step="2"/><V94/><F61/><W113/><G113/><T64/><D107/><U130/><E130/><V56/><F27/><W52/><G52/><T13/><D109/><U124/><E124/><V55/><F24/><W15/><G15/><T115/><D13/><U12/><E12/><V40/><F14/><W119/><G119/><T19/><D125/><U30/><AGARI ba="0,2" hai="5,6,28,29,30,57,63,66,77,83,85,99,101,104" machi="30" ten="30,7900,0" yaku="1,1,0,1,52,2,53,0" doraHai="2" doraHaiUra="10" who="1" fromWho="1" sc="250,-39,240,99,250,-20,240,-20" /><INIT seed="1,0,0,2,4,111" ten="211,339,230,220" oya="1" hai0="0,90,80,21,4,6,63,48,29,14,71,24,17" hai1="79,11,3,123,67,2,86,10,69,85,18,125,112" hai2="121,46,119,98,103,76,109,33,88,39,74,44,60" hai3="95,99,106,75,101,117,19,115,89,15,116,62,96"/><U83/><E123/><V40/><F109/><W108/><G108/><T53/><D63/><U1/><E125/><V100/><F119/><N who="3" m="45643" /><G62/><T131/><D71/><U110/><E110/><V61/><F121/><W81/><G15/><T70/><D70/><U133/><E69/><V92/><F33/><W26/><G26/><T28/><D28/><U135/><E67/><V114/><F114/><W87/><G19/><T64/><D64/><U120/><E120/><V23/><F23/><W25/><G25/><T27/><D27/><U34/><E34/><V91/><F46/><W94/><G115/><T129/><D0/><U82/><E18/><V128/><F128/><N who="0" m="49226" /><D90/><U127/><E127/><V104/><F103/><N who="3" m="62847" /><G75/><T97/><D80/><AGARI ba="0,0" hai="80,81,87,89,94,95,96,101" m="62847,45643" machi="80" ten="30,3900,0" yaku="12,1,34,2" doraHai="111" who="3" fromWho="0" sc="211,-39,339,0,230,0,220,39" /><INIT seed="2,0,0,5,5,77" ten="172,339,230,259" oya="2" hai0="19,54,56,15,102,120,70,125,1,97,121,32,33" hai1="116,90,117,25,61,71,63,58,98,106,101,10,88" hai2="85,41,115,49,28,112,22,80,122,5,4,99,110" hai3="18,94,95,43,66,11,8,29,126,107,123,17,26"/><V130/><F122/><W100/><G123/><T68/><D1/><U55/><E10/><V129/><F110/><W0/><G107/><T132/><D70/><U96/><E71/><V37/><F37/><W124/><G66/><T119/><D68/><U13/><E13/><V31/><F99/><N who="3" m="59511" /><G95/><T42/><D42/><U76/><E76/><V74/><F74/><W36/><G43/><T6/><D6/><N who="2" m="2666" /><F49/><W135/><G135/><T7/><D7/><U14/><E14/><V91/><F41/><W23/><G0/><T57/><D57/><U64/><E64/><V128/><F22/><N who="3" m="13655" /><G29/><AGARI ba="0,0" hai="28,29,31,80,85,91,112,115,128,129,130" m="2666" machi="29" ten="40,3900,0" yaku="19,1,52,1" doraHai="77" who="2" fromWho="3" sc="172,0,339,0,230,39,259,-39" /><INIT seed="2,1,0,5,4,0" ten="172,339,269,220" oya="2" hai0="95,30,104,2,117,129,59,53,123,73,50,124,84" hai1="110,45,130,79,4,19,122,106,68,128,12,16,88" hai2="11,78,134,83,97,131,9,40,41,44,85,37,36" hai3="64,23,133,108,38,32,46,43,94,21,51,91,101"/><V6/><F134/><W34/><G133/><T132/><D104/><U74/><E68/><V103/><F131/><N who="1" m="50217" /><E106/><V76/><F76/><W112/><G108/><T22/><D73/><U61/><E110/><V54/><F54/><W42/><G101/><T113/><D2/><U75/><E122/><V24/><F24/><W25/><G21/><T18/><D30/><U63/><E45/><V15/><F11/><W60/><G112/><T47/><D132/><U29/><E29/><V33/><F33/><W65/><G65/><T82/><D129/><U17/><E79/><V62/><F62/><N who="1" m="23561" /><E88/><V72/><F72/><N who="1" m="27689" /><E4/><V26/><F26/><W114/><G114/><T7/><D7/><U28/><E28/><V67/><F67/><W39/><G34/><T99/><D123/><U90/><E90/><V111/><F111/><W80/><G32/><T69/><D69/><U89/><E89/><V1/><F1/><W77/><G77/><T105/><D105/><U102/><E102/><V116/><F116/><W98/><G80/><T127/><D113/><U35/><E35/><V92/><F41/><W86/><G42/><T8/><D117/><U96/><E96/><V20/><F20/><AGARI ba="1,0" hai="12,16,17,19,20" m="27689,23561,50217" machi="20" ten="30,2000,0" yaku="19,1,54,1" doraHai="0" who="1" fromWho="2" sc="172,0,339,23,269,-23,220,0" /><INIT seed="3,0,0,3,0,118" ten="172,362,246,220" oya="3" hai0="42,29,115,111,17,61,113,49,6,82,107,71,34" hai1="81,101,27,117,70,93,36,45,64,18,31,44,28" hai2="1,110,30,114,108,85,123,97,50,75,98,130,21" hai3="129,38,83,10,32,58,41,90,33,69,24,59,102"/><W62/><G129/><T37/><D107/><U78/><E117/><V39/><F130/><W52/><G69/><T46/><D111/><N who="2" m="42538" /><F75/><W67/><G102/><T14/><D6/><U51/><E36/><V72/><F72/><W99/><G10/><T92/><D29/><U134/><E134/><V0/><F39/><W89/><G89/><T55/><D34/><U54/><E70/><V100/><F85/><W77/><G24/><T84/><D92/><U66/><E44/><V7/><F50/><W65/><G65/><T127/><D127/><U56/><E18/><V122/><F114/><W12/><G12/><T2/><D2/><N who="2" m="1130" /><F7/><W60/><G41/><T132/><D132/><U23/><E31/><V120/><F100/><W131/><G38/><T94/><D71/><U47/><E47/><V48/><F48/><W135/><G135/><T57/><D37/><U40/><E40/><V79/><F79/><W95/><REACH who="3" step="1"/><G131/><REACH who="3" ten="172,362,246,210" step="2"/><T124/><D124/><U11/><E11/><V43/><F43/><W112/><G112/><T20/><REACH who="0" step="1"/><D94/><REACH who="0" ten="162,362,246,210" step="2"/><U8/><E93/><V53/><F53/><W5/><G5/><T80/><D80/><U15/><E81/><V91/><F91/><AGARI ba="0,2" hai="14,17,20,42,46,49,55,57,61,82,84,91,113,115" machi="91" ten="40,1300,0" yaku="1,1,53,0" doraHai="118" doraHaiUra="133" who="0" fromWho="2" sc="162,33,362,0,246,-13,210,0" /><INIT seed="4,0,0,1,1,104" ten="195,362,233,210" oya="0" hai0="34,99,113,127,125,73,57,6,38,30,56,19,18" hai1="28,29,31,47,84,85,74,16,65,83,66,97,100" hai2="8,40,23,72,44,59,87,52,55,53,62,132,102" hai3="103,49,15,39,92,134,93,37,67,80,79,75,5"/><T123/><D38/><U48/><E74/><V116/><F132/><W88/><G134/><T89/><D123/><U86/><E83/><V128/><F116/><W4/><G67/><T98/><D6/><U0/><E0/><V42/><F128/><W77/><G77/><T112/><D30/><U51/><E16/><V109/><F109/><W71/><G71/><T96/><D89/><U131/><E131/><V54/><F72/><W121/><G121/><T119/><D34/><U120/><E120/><V33/><F33/><W32/><G32/><T58/><D73/><U126/><E126/><N who="0" m="48137" /><D119/><U70/><E70/><V110/><F110/><W13/><G103/><T9/><D9/><U50/><E47/><V95/><F8/><W107/><G39/><T111/><D111/><U108/><E108/><V82/><F23/><W115/><G37/><T81/><D81/><U17/><E17/><AGARI ba="0,0" hai="17,18,19,56,57,58,96,98,99,112,113" m="48137" machi="17" ten="40,7700,0" yaku="28,2,18,1" doraHai="104" who="0" fromWho="1" sc="195,77,362,-77,233,0,210,0" /><INIT seed="4,1,0,1,0,10" ten="272,285,233,210" oya="0" hai0="23,86,118,32,124,77,49,72,11,71,121,66,78" hai1="110,18,92,40,108,130,123,62,61,91,21,17,2" hai2="33,84,74,14,127,38,70,135,12,45,13,87,83" hai3="107,39,53,4,60,15,6,73,125,20,22,89,95"/><T94/><D32/><U68/><E123/><V67/><F33/><W25/><G107/><T24/><D72/><U52/><E2/><V75/><F135/><W81/><G125/><T51/><D121/><U122/><E122/><V96/><F127/><W119/><G39/><T103/><D124/><U63/><E40/><V132/><F132/><W104/><G104/><T129/><D71/><U7/><E7/><V102/><F84/><W128/><G128/><T26/><D66/><U48/><E130/><V37/><F67/><W31/><G119/><T97/><D129/><U58/><E68/><V64/><F45/><W113/><G113/><T8/><D26/><U117/><E117/><V98/><F38/><W65/><G53/><T57/><D118/><U133/><E133/><V69/><F37/><W90/><G81/><N who="0" m="47407" /><D78/><U30/><E30/><V88/><F98/><W115/><G73/><T46/><D57/><U99/><REACH who="1" step="1"/><E21/><REACH who="1" ten="272,275,233,210" step="2"/><V41/><F41/><W79/><G20/><T126/><D126/><U109/><AGARI ba="1,1" hai="17,18,48,52,58,61,62,63,91,92,99,108,109,110" machi="109" ten="40,8000,1" yaku="1,1,2,1,0,1,54,1,53,0" doraHai="10" doraHaiUra="101" who="1" fromWho="1" sc="272,-41,275,93,233,-21,210,-21" /><INIT seed="5,0,0,2,0,22" ten="231,368,212,189" oya="1" hai0="28,104,132,56,19,119,36,57,77,29,99,88,34" hai1="24,8,97,79,26,18,82,87,20,106,11,2,114" hai2="130,37,128,78,123,121,60,94,27,45,48,54,16" hai3="4,40,111,103,53,55,1,33,59,58,31,38,15"/><U12/><E114/><V118/><F118/><W98/><G111/><T95/><D104/><U109/><E109/><V93/><F37/><W131/><G131/><N who="2" m="50217" /><F78/><W86/><G1/><T126/><D36/><U124/><E124/><V35/><F60/><W41/><G86/><T96/><D119/><U6/><E106/><V73/><F73/><W13/><G38/><T65/><D77/><U14/><E97/><V52/><F54/><W74/><G74/><T101/><D126/><U44/><E44/><V76/><F76/><W67/><G67/><T85/><D99/><U46/><E46/><V9/><F35/><W69/><G69/><T66/><D132/><U108/><E108/><V92/><F9/><W80/><G80/><N who="0" m="49191" /><D34/><U75/><E75/><V39/><F39/><W90/><G33/><T122/><D122/><U47/><E47/><V3/><F3/><W102/><G98/><T25/><D65/><U116/><E116/><V113/><F113/><W30/><G90/><T72/><D72/><U110/><E110/><V71/><F71/><W135/><REACH who="3" step="1"/><G4/><AGARI ba="0,0" hai="2,4,6,8,11,12,14,18,20,24,26,79,82,87" machi="4" ten="30,5800,0" yaku="7,1,52,2" doraHai="22" who="1" fromWho="3" sc="231,0,368,58,212,0,189,-58" /><INIT seed="5,1,0,3,1,80" ten="231,426,212,131" oya="1" hai0="114,52,121,93,85,128,33,18,113,5,129,111,32" hai1="91,97,106,71,112,83,98,49,131,24,92,30,86" hai2="65,134,47,101,63,2,34,44,78,77,9,105,119" hai3="133,31,88,125,40,61,26,132,35,99,66,94,57"/><U43/><E71/><V82/><F78/><W110/><G110/><T42/><D42/><U25/><E112/><N who="0" m="43113" /><D5/><U74/><E131/><N who="0" m="50249" /><D111/><U39/><E39/><V109/><F109/><W73/><G73/><T95/><D121/><U53/><E43/><V116/><F134/><W3/><G3/><T29/><D29/><U48/><E106/><V46/><F34/><N who="0" m="13418" /><D18/><U120/><E120/><V75/><F101/><W130/><G130/><T104/><D104/><U115/><E115/><V59/><REACH who="2" step="1"/><F105/><REACH who="2" ten="231,426,202,131" step="2"/><W19/><G125/><T55/><D93/><U54/><E74/><V127/><F127/><W89/><G40/><T69/><D69/><U123/><E123/><V6/><AGARI ba="1,1" hai="2,6,9,44,46,47,59,63,65,75,77,82,116,119" machi="6" ten="30,2000,0" yaku="1,1,0,1,53,0" doraHai="80" doraHaiUra="15" who="2" fromWho="2" sc="231,-6,426,-11,202,33,131,-6" /><INIT seed="6,0,0,2,3,44" ten="225,415,235,125" oya="2" hai0="9,114,85,110,135,132,107,123,67,56,34,50,30" hai1="46,84,66,120,54,122,112,75,37,43,36,62,105" hai2="38,63,27,16,29,32,103,106,55,86,72,10,0" hai3="95,130,131,71,26,89,81,117,119,113,127,13,104"/><V94/><F38/><W49/><G71/><T33/><D107/><U12/><E75/><V5/><F72/><W68/><G68/><T90/><D110/><U102/><E105/><V8/><F106/><W100/><G127/><T73/><D73/><U133/><E102/><V25/><F103/><W52/><G81/><T11/><D123/><N who="1" m="47147" /><E84/><V41/><F41/><W126/><G126/><T83/><D114/><U116/><E12/><V15/><F27/><W79/><G79/><T18/><D30/><U31/><E31/><V53/><REACH who="2" step="1"/><F63/><REACH who="2" ten="225,415,225,125" step="2"/><W23/><G100/><T7/><D135/><U121/><E133/><V2/><F2/><W1/><G1/><T124/><D132/><U3/><E3/><V6/><F6/><W35/><G104/><T80/><D7/><U51/><E121/><V59/><F59/><N who="3" m="33167" /><G35/><T14/><D56/><N who="1" m="37191" /><E116/><V45/><F45/><W129/><G113/><T69/><D34/><U57/><E112/><V65/><F65/><W93/><G13/><T19/><D67/><U24/><E24/><V115/><F115/><W64/><G64/><T42/><D14/><U39/><AGARI ba="0,1" hai="36,37,39,43,46,51,54,57" m="37191,47147" machi="39" ten="30,7900,0" yaku="13,1,34,2,52,1" doraHai="44" who="1" fromWho="1" sc="225,-20,415,89,225,-39,125,-20" /><INIT seed="7,0,0,1,3,3" ten="205,504,186,105" oya="3" hai0="127,135,30,50,97,63,90,81,114,44,33,107,79" hai1="112,105,28,23,57,77,37,20,8,25,27,56,72" hai2="82,98,123,73,75,104,34,116,46,14,68,36,16" hai3="88,59,95,4,58,61,1,78,109,111,92,94,108"/><W121/><G121/><T67/><D135/><U38/><E105/><V86/><F123/><W62/><G78/><T17/><D127/><U128/><E112/><V87/><F68/><W110/><N who="3" m="27648" /><DORA hai="47" /><W132/><G132/><T6/><D6/><U66/><E128/><V131/><F34/><W13/><G1/><T43/><D114/><U55/><E8/><V133/><F131/><W91/><G13/><T51/><D30/><U24/><E24/><V54/><F133/><W134/><G134/><T120/><D33/><U102/><E102/><V11/><F116/><W69/><G69/><T21/><D120/><U96/><E96/><V22/><F22/><W124/><G4/><T85/><D107/><U99/><E99/><V74/><F82/><W93/><N who="3" m="23552" /><DORA hai="12" /><W130/><G124/><T41/><D97/><U18/><E77/><V26/><F26/><W126/><G130/><T89/><D50/><U15/><E72/><V76/><F76/><W5/><G5/><T84/><D43/><U53/><E66/><V70/><F70/><W106/><G106/><T103/><D85/><U100/><E100/><V64/><F64/><N who="3" m="38967" /><G126/><T9/><D103/><U113/><E113/><V49/><REACH who="2" step="1"/><F36/><REACH who="2" ten="205,504,176,105" step="2"/><W45/><G45/><T65/><D9/><U29/><E38/><V40/><F40/><W71/><G71/><T31/><D67/><AGARI ba="0,1" hai="59,62,67,88,91" m="38967,23552,27648" machi="67" ten="70,6800,0" yaku="10,1,54,1" doraHai="3,47,12" who="3" fromWho="0" sc="205,-68,504,0,176,0,105,78" /><INIT seed="7,1,0,5,2,85" ten="137,504,176,183" oya="3" hai0="6,76,130,15,107,53,57,10,121,3,47,28,82" hai1="36,120,40,88,125,34,65,102,1,113,38,2,67" hai2="7,128,84,89,127,27,95,79,114,42,123,112,56" hai3="70,24,117,80,108,29,101,86,18,69,119,81,21"/><W16/><G108/><T131/><D107/><U122/><E88/><V55/><F123/><W45/><G101/><T64/><D121/><U116/><E40/><V60/><F128/><W48/><G80/><T59/><D28/><U72/><E34/><V99/><F127/><W25/><G70/><T9/><D64/><U126/><E72/><V93/><F7/><W134/><G69/><T96/><D96/><U68/><E68/><V19/><F42/><W132/><G18/><T62/><D59/><U94/><E94/><V103/><F79/><W41/><G132/><T49/><D62/><U58/><E58/><V14/><REACH who="2" step="1"/><F27/><REACH who="2" ten="137,504,166,183" step="2"/><W0/><G134/><T98/><D98/><U105/><E116/><V54/><F54/><W31/><G0/><T37/><D37/><U39/><E39/><V71/><F71/><W73/><G119/><T61/><D130/><U77/><E77/><V115/><F115/><W30/><G117/><T33/><D131/><U46/><E46/><V20/><AGARI ba="1,1" hai="14,19,20,55,56,60,84,89,93,95,99,103,112,114" machi="20" ten="30,4000,0" yaku="1,1,0,1,52,1,53,0" doraHai="85" doraHaiUra="74" who="2" fromWho="2" sc="137,-11,504,-11,166,53,183,-21" owari="126,-37.0,493,59.0,219,2.0,162,-24.0" /></mjloggm>