<mjloggm ver="2.3"><GO type="185" lobby="0"/><UN n0="%E3%83%A6%E3%82%A6%E3%83%8B%E3%83%A3" n1="%74%61%6B%61%2D%31%31%36" n2="%E5%A4%A9%E3%83%B6%E7%80%AC%E5%A5%88%E6%9C%88" n3="" dan="18,16,17,0" rate="2284.18,2154.68,2233.72,1500.00" sx="M,M,M,C"/><TAIKYOKU oya="0"/><INIT seed="0,0,0,1,0,85" ten="350,350,350,0" oya="0" hai0="35,70,128,66,62,129,32,60,50,55,57,133,76" hai1="125,122,59,47,39,112,46,69,73,114,63,42,82" hai2="89,107,58,108,134,116,77,0,71,34,126,120,56" hai3=""/><T2/><D2/><U80/><N who="1" m="31264" /><U83/><E73/><V36/><F58/><T111/><D133/><U121/><N who="1" m="31008" /><U86/><E125/><V84/><F56/><T74/><D111/><U103/><E103/><V99/><F89/><T105/><D105/><U110/><E110/><V33/><F84/><T97/><D97/><U51/><E69/><V88/><F88/><T79/><D60/><U102/><E102/><V123/><F77/><T68/><D70/><U54/><REACH who="1" step="1"/><E86/><REACH who="1" ten="350,340,350,0" step="2"/><V98/><N who="2" m="30752" /><V75/><F99/><T100/><D100/><U81/><N who="1" m="20480" /><DORA hai="44" /><U67/><AGARI ba="0,1" hai="39,42,46,47,51,54,59,63,67,112,114" m="20480,31008,31264" machi="67" ten="40,12000,3" yaku="1,1,4,1,0,1,52,3,53,2" doraHai="85,44" doraHaiUra="43,135" who="1" fromWho="1" sc="350,-80,340,130,350,-40,0,0" /><INIT seed="1,0,0,4,5,105" ten="270,470,310,0" oya="1" hai0="99,87,1,101,58,75,43,132,48,39,71,94,44" hai1="116,109,125,54,90,36,37,129,40,34,77,59,120" hai2="131,119,46,117,66,123,97,45,95,0,124,113,69" hai3=""/><U61/><N who="1" m="30752" /><U121/><N who="1" m="31008" /><U78/><E34/><V63/><N who="2" m="31520" /><V33/><F33/><T108/><D1/><U111/><E116/><V122/><N who="2" m="31264" /><V64/><F0/><T98/><D132/><U81/><E125/><V51/><F124/><T126/><D108/><N who="1" m="41547" /><E129/><V86/><F131/><T102/><D71/><U55/><E55/><V88/><F113/><T93/><D126/><U114/><E114/><V52/><F66/><T128/><D128/><U106/><E106/><V85/><F45/><T67/><D87/><U89/><E40/><V82/><REACH who="2" step="1"/><F85/><REACH who="2" ten="270,470,300,0" step="2"/><T49/><D67/><U135/><E135/><V57/><F57/><T130/><D130/><U79/><E81/><V70/><F70/><T91/><D58/><U83/><E83/><V60/><F60/><T84/><D44/><U118/><E118/><V3/><F3/><T104/><D43/><U110/><E110/><V112/><F112/><T35/><D35/><U115/><E115/><V50/><F50/><T80/><D39/><AGARI ba="0,1" hai="36,37,39,54,59,61,77,78,79,89,90" m="41547,31008,30752" machi="39" ten="40,12000,1" yaku="14,1,10,1,52,2" doraHai="105" who="1" fromWho="0" sc="270,-120,470,130,300,0,0,0" /><INIT seed="1,1,0,1,5,114" ten="150,600,300,0" oya="1" hai0="73,130,116,93,76,40,38,61,57,103,39,77,104" hai1="65,62,82,53,128,115,119,110,111,99,87,41,46" hai2="105,117,121,56,37,91,101,89,67,48,42,45,94" hai3=""/><U131/><E115/><V81/><N who="2" m="31008" /><V74/><F117/><T36/><D116/><U69/><E99/><V98/><F67/><T54/><D130/><N who="1" m="49707" /><E53/><V112/><F112/><T133/><D104/><U59/><E59/><V79/><F56/><T49/><D133/><U55/><E55/><V34/><F34/><T84/><D73/><U3/><E3/><V124/><F124/><T90/><REACH who="0" step="1"/><D103/><REACH who="0" ten="140,600,300,0" step="2"/><U75/><E75/><V120/><N who="2" m="30752" /><V35/><F35/><T66/><D66/><U92/><E119/><V95/><F105/><T125/><D125/><U100/><E100/><V70/><F101/><T97/><D97/><U132/><E132/><V58/><F98/><T106/><D106/><U102/><E102/><V123/><N who="2" m="31520" /><V107/><F107/><T44/><AGARI ba="1,1" hai="36,38,39,40,44,49,54,57,61,76,77,84,90,93" machi="44" ten="40,3900,0" yaku="1,1,0,1,53,1" doraHai="114" doraHaiUra="88" who="0" fromWho="0" sc="140,51,600,-27,300,-14,0,0" /><INIT seed="2,0,0,3,4,73" ten="191,573,286,0" oya="2" hai0="63,60,39,121,52,78,83,43,54,50,41,128,116" hai1="103,45,1,108,110,70,89,134,81,88,64,37,3" hai2="130,67,94,107,34,119,114,123,44,53,113,56,79" hai3=""/><V57/><N who="2" m="31520" /><V40/><F34/><T59/><N who="0" m="31008" /><T62/><D116/><U36/><E134/><V104/><F119/><T96/><D128/><U101/><E45/><V61/><F130/><T98/><D54/><U122/><N who="1" m="31264" /><U125/><E125/><V87/><F113/><T105/><D105/><U85/><E64/><V91/><F114/><T47/><REACH who="0" step="1"/><D43/><REACH who="0" ten="181,573,286,0" step="2"/><U93/><E3/><V126/><F126/><T90/><D90/><U32/><E1/><V49/><REACH who="2" step="1"/><F79/><REACH who="2" ten="181,573,276,0" step="2"/><T97/><D97/><U115/><E115/><V72/><F72/><AGARI ba="0,2" hai="39,41,47,50,52,59,60,62,63,72,78,83,96,98" m="31008" machi="72" ten="40,8000,1" yaku="1,1,52,2,54,1,53,0" doraHai="73" doraHaiUra="86" who="0" fromWho="2" sc="181,100,573,0,276,-80,0,0" /><INIT seed="4,0,0,2,3,110" ten="281,573,196,0" oya="0" hai0="77,53,65,117,113,43,107,95,2,42,135,34,62" hai1="134,1,91,92,96,82,120,33,94,126,121,129,84" hai2="63,56,78,59,66,108,114,119,45,90,81,124,104" hai3=""/><T125/><D117/><U131/><N who="1" m="30752" /><U32/><N who="1" m="31008" /><U39/><E1/><V3/><F3/><T69/><D107/><U132/><E39/><V83/><F119/><T35/><D2/><U103/><E33/><V128/><F108/><T115/><D125/><U116/><E116/><V54/><F124/><T68/><D77/><U55/><E126/><V37/><F104/><T51/><D95/><U52/><E32/><V109/><F109/><T97/><D97/><U88/><E52/><V85/><F128/><N who="1" m="49225" /><E55/><V80/><F37/><T93/><D35/><U47/><E47/><V106/><F106/><T123/><N who="0" m="31520" /><T70/><D34/><U79/><E79/><V0/><F0/><T41/><D93/><U100/><E100/><V61/><F45/><T99/><D99/><AGARI ba="0,0" hai="82,84,88,91,92,94,96,99,103,132,134" m="49225,31008,30752" machi="99" ten="30,12000,2" yaku="19,1,34,2,52,2,54,1" doraHai="110" who="1" fromWho="0" sc="281,-120,573,120,196,0,0,0" /><INIT seed="5,0,0,4,3,132" ten="161,693,196,0" oya="1" hai0="53,2,55,54,106,121,50,103,127,123,36,83,1" hai1="105,118,78,66,129,130,91,113,43,114,131,87,33" hai2="100,38,88,112,49,133,108,48,82,72,57,44,59" hai3=""/><U119/><E33/><V110/><F133/><T93/><N who="0" m="31008" /><T0/><N who="0" m="31520" /><T80/><D36/><U62/><E43/><V46/><F38/><T85/><D106/><U64/><E78/><V75/><F100/><T42/><D127/><U70/><E105/><V116/><F82/><T35/><D35/><U63/><E91/><V56/><F112/><N who="1" m="43113" /><E87/><V69/><F69/><AGARI ba="0,0" hai="62,63,64,66,69,70,118,119,129,130,131" m="43113" machi="69" ten="40,12000,1" yaku="19,1,15,1,23,1,34,2" doraHai="132" who="1" fromWho="2" sc="161,0,693,120,196,-120,0,0" /><INIT seed="5,1,0,2,3,92" ten="161,813,76,0" oya="1" hai0="80,115,106,68,100,131,0,71,118,60,66,43,50" hai1="37,36,39,86,95,61,73,85,134,129,103,97,49" hai2="122,135,94,53,75,54,77,83,126,119,127,63,82" hai3=""/><U64/><E73/><V128/><N who="2" m="31264" /><V3/><F3/><T90/><D0/><U133/><E49/><V132/><F119/><T120/><N who="0" m="30752" /><T46/><D118/><U34/><E34/><V56/><F83/><T51/><D115/><U105/><E129/><V1/><F1/><T62/><D131/><U112/><E112/><V116/><F116/><T98/><D51/><U76/><E76/><V123/><N who="2" m="31520" /><V91/><F54/><T101/><D101/><U99/><E86/><V65/><F65/><T48/><D48/><U38/><E85/><V41/><F41/><T2/><D2/><U35/><E39/><V55/><F55/><T107/><D90/><U93/><E105/><V78/><F78/><T32/><D32/><U81/><E81/><V110/><F110/><T102/><D80/><U114/><E114/><V125/><F128/><T44/><D46/><U89/><REACH who="1" step="1"/><E35/><REACH who="1" ten="161,803,76,0" step="2"/><V45/><REACH who="2" step="1"/><F45/><REACH who="2" ten="161,803,66,0" step="2"/><T104/><D44/><U130/><E130/><V113/><F113/><T72/><D72/><U117/><E117/><V79/><F79/><T42/><D42/><U121/><N who="1" m="31008" /><U52/><E52/><V69/><F69/><AGARI ba="1,2" hai="36,37,38,61,64,69,89,93,95,97,99,103,133,134" m="31008" machi="69" ten="40,12000,1" yaku="1,1,52,3,53,0" doraHai="92" doraHaiUra="108" who="1" fromWho="2" sc="161,0,803,142,66,-122,0,0" owari="161,-24.0,945,90.0,-56,-66.0,0,0.0" /></mjloggm>