<mjloggm ver="2.3"><GO type="169" lobby="0"/><UN n0="%E9%81%8A%E8%B5%B0" n1="%E3%81%92%E3%81%A1%E3%81%87%E3%81%AA%30%34" n2="%E4%B8%96%E7%9B%B4%E3%81%97%E4%BA%BA" n3="%7A%6B%75%72%74" dan="17,16,17,17" rate="2194.72,2118.92,2200.58,2233.59" sx="F,M,M,M"/><TAIKYOKU oya="0"/><INIT seed="0,0,0,3,4,127" ten="250,250,250,250" oya="0" hai0="81,63,123,74,66,5,26,108,28,9,0,80,50" hai1="20,18,114,47,14,3,37,11,125,70,131,43,111" hai2="56,103,113,51,72,53,120,59,115,27,16,49,94" hai3="58,15,118,39,96,67,23,86,1,75,130,60,105"/><T22/><D123/><U134/><E70/><V65/><F72/><W19/><G118/><T126/><D126/><U135/><E125/><V83/><F83/><W35/><G75/><T40/><D108/><U121/><E121/><V55/><F120/><W129/><G1/><T102/><D74/><U73/><E111/><V36/><F36/><W124/><G124/><T122/><D122/><U77/><E114/><V24/><F65/><W4/><G35/><T10/><D10/><U17/><E131/><N who="3" m="50186" /><G39/><T44/><REACH who="0" step="1"/><D102/><REACH who="0" ten="240,250,250,250" step="2"/><U107/><E73/><V82/><F82/><W85/><G4/><T62/><D62/><U97/><E11/><V41/><F41/><W117/><G117/><T8/><D8/><U119/><E43/><V33/><F33/><W42/><G42/><T38/><D38/><U104/><E37/><V99/><F115/><W78/><G78/><T69/><AGARI ba="0,1" hai="0,5,9,22,26,28,40,44,50,63,66,69,80,81" machi="69" ten="20,12000,1" yaku="1,1,0,1,7,1,53,2" doraHai="127" doraHaiUra="79" who="0" fromWho="0" sc="240,130,250,-40,250,-40,250,-40" /><INIT seed="0,1,0,1,5,99" ten="370,210,210,210" oya="0" hai0="98,119,54,50,21,79,28,93,110,55,58,125,135" hai1="42,46,35,133,123,47,53,104,34,118,29,24,23" hai2="121,70,107,10,32,85,86,27,8,14,97,95,2" hai3="83,126,124,77,114,18,44,102,128,91,130,30,7"/><T33/><D119/><U52/><E123/><V45/><F121/><W37/><G114/><T72/><D33/><U17/><E118/><V56/><F70/><W129/><G30/><T0/><D135/><U67/><E133/><V36/><F107/><W25/><G7/><T26/><D125/><N who="3" m="48233" /><G91/><T90/><D110/><U31/><E67/><V38/><F2/><W40/><G25/><T106/><D0/><U5/><E5/><V68/><F68/><W48/><G18/><T12/><D106/><U116/><E116/><V89/><F56/><W108/><G108/><T96/><D72/><U105/><E17/><V74/><F74/><N who="3" m="43447" /><G102/><T78/><D98/><U120/><E120/><V84/><F45/><W109/><G109/><T127/><D127/><U6/><E6/><V49/><F49/><AGARI ba="1,0" hai="37,40,44,48,49,128,129,130" m="43447,48233" machi="49" ten="40,2600,0" yaku="19,1,18,1" doraHai="99" who="3" fromWho="2" sc="370,0,210,0,210,-29,210,29" /><INIT seed="1,0,0,0,2,113" ten="370,210,181,239" oya="1" hai0="88,35,7,48,9,105,2,12,52,27,39,126,77" hai1="64,1,24,129,21,130,104,66,49,18,80,91,86" hai2="71,3,128,59,89,87,99,110,125,53,82,19,111" hai3="96,102,46,131,29,85,36,75,103,120,133,101,127"/><U123/><E123/><V10/><F71/><W38/><G120/><T20/><D105/><U122/><E122/><V47/><F128/><N who="1" m="49257" /><E104/><V51/><F125/><W33/><G127/><T32/><D126/><U115/><E115/><V100/><F59/><W70/><G70/><T15/><D39/><U31/><E1/><V26/><F26/><W119/><G75/><T43/><D43/><U0/><E0/><V58/><F58/><W16/><G131/><T6/><D77/><U11/><E49/><V37/><F37/><W17/><G133/><T57/><D2/><U109/><E109/><V124/><F124/><W50/><G96/><T114/><D114/><U30/><E11/><V107/><REACH who="2" step="1"/><F3/><REACH who="2" ten="370,210,171,239" step="2"/><W60/><G38/><T62/><D62/><U45/><E45/><V93/><F93/><W65/><G36/><T68/><D68/><U63/><E66/><V90/><F90/><W78/><G60/><T95/><D35/><U13/><E24/><V97/><F97/><W69/><G65/><T44/><D32/><U42/><E42/><V79/><F79/><W98/><G98/><N who="0" m="57703" /><D44/><U73/><E73/><V54/><F54/><W134/><G33/><T55/><D55/><U28/><E28/><V121/><F121/><W112/><G29/><N who="0" m="17639" /><D15/><AGARI ba="0,1" hai="10,15,19,47,51,53,82,87,89,99,100,107,110,111" machi="15" ten="40,8000,1" yaku="1,1,25,2,53,1" doraHai="113" doraHaiUra="14" who="2" fromWho="0" sc="370,-80,210,0,171,90,239,0" /><INIT seed="2,0,0,4,0,116" ten="290,210,261,239" oya="2" hai0="42,30,71,78,130,99,14,22,121,134,32,91,118" hai1="96,24,68,106,36,29,92,100,101,34,112,128,50" hai2="4,55,79,87,9,77,51,103,88,41,27,37,31" hai3="12,28,49,61,57,17,39,60,65,84,66,125,114"/><V64/><F103/><W45/><G125/><T74/><D118/><U76/><E112/><V54/><F64/><W123/><G114/><T90/><D71/><U59/><E36/><V11/><F37/><W56/><G39/><T44/><D32/><U6/><E128/><V1/><F41/><W85/><G28/><T129/><D134/><U111/><E111/><V40/><F40/><W63/><G63/><T95/><D121/><U72/><E6/><V21/><F11/><W3/><G3/><T132/><D132/><U2/><E2/><V33/><F33/><W70/><G123/><T122/><D122/><U23/><E68/><V35/><F35/><W110/><G110/><T107/><D107/><U97/><E34/><V48/><F51/><W47/><G70/><T124/><D124/><U13/><E13/><N who="2" m="5287" /><F55/><N who="3" m="30143" /><G45/><T113/><D113/><U0/><E0/><V83/><F1/><W120/><G120/><T94/><D78/><U109/><E109/><V89/><F79/><W102/><G102/><T108/><D74/><U7/><E7/><V25/><F25/><W105/><G105/><T81/><D108/><U135/><E135/><V16/><F31/><W26/><G26/><N who="0" m="16727" /><D14/><U62/><E50/><V67/><F67/><W115/><G115/><T119/><D119/><U73/><REACH who="1" step="1"/><E76/><REACH who="1" ten="290,200,261,239" step="2"/><V46/><AGARI ba="0,1" hai="16,21,27,46,48,54,77,83,87,88,89" m="5287" machi="46" ten="30,6000,0" yaku="8,1,54,2" doraHai="116" who="2" fromWho="2" sc="290,-20,200,-20,261,70,239,-20" /><INIT seed="2,1,0,5,0,35" ten="270,180,331,219" oya="2" hai0="114,110,103,53,69,18,36,67,52,132,130,62,68" hai1="21,116,131,93,125,78,121,57,5,97,30,33,12" hai2="76,26,92,40,101,71,0,6,39,108,1,84,22" hai3="112,129,96,98,75,23,65,127,4,80,58,29,82"/><V32/><F71/><W3/><G129/><T119/><D103/><U73/><E116/><V27/><F32/><W95/><G127/><T113/><D18/><U74/><E131/><V34/><F34/><W81/><G112/><N who="0" m="43115" /><D130/><U122/><E125/><V38/><F108/><W51/><G75/><T46/><D110/><U88/><E33/><V47/><F39/><W49/><G98/><T15/><D15/><U120/><E78/><V126/><F126/><W20/><G4/><T59/><D119/><U99/><E99/><V16/><F6/><W94/><G3/><T28/><D28/><U44/><E44/><V124/><F27/><W2/><G2/><T86/><D86/><U8/><REACH who="1" step="1"/><E57/><REACH who="1" ten="270,170,331,219" step="2"/><V11/><F124/><W24/><G96/><T10/><D69/><U14/><E14/><V91/><F101/><W48/><REACH who="3" step="1"/><G23/><REACH who="3" ten="270,170,331,209" step="2"/><T54/><D10/><U41/><E41/><V83/><REACH who="2" step="1"/><F11/><REACH who="2" ten="270,170,321,209" step="2"/><W111/><G111/><T13/><D68/><U19/><E19/><V100/><F100/><W106/><G106/><T128/><D128/><U134/><E134/><V118/><F118/><W61/><AGARI ba="1,3" hai="20,24,29,48,49,51,58,61,65,80,81,82,94,95" machi="61" ten="40,12000,2" yaku="1,1,0,1,8,1,53,3" doraHai="35" doraHaiUra="77" who="3" fromWho="3" sc="270,-31,170,-31,321,-61,209,153" /><INIT seed="3,0,0,0,2,3" ten="239,139,260,362" oya="3" hai0="62,115,19,25,92,119,77,103,1,45,86,57,76" hai1="28,43,23,84,52,33,44,109,124,104,90,37,47" hai2="64,114,61,31,96,50,129,56,72,65,60,67,38" hai3="81,18,113,32,121,53,30,4,51,88,55,125,42"/><W73/><G121/><T11/><D119/><U35/><E104/><V69/><F114/><W13/><G113/><T87/><D115/><U21/><E109/><V16/><F38/><W102/><G125/><T75/><D75/><U58/><E47/><V40/><F72/><W22/><G102/><T112/><D112/><U15/><E124/><V63/><F31/><W106/><G106/><T116/><D116/><U68/><E68/><V9/><F129/><W128/><G128/><T7/><D45/><U70/><E70/><V59/><F96/><W83/><G73/><T123/><D123/><U107/><E107/><V108/><F108/><W98/><G42/><T101/><D19/><U5/><E28/><V132/><F132/><W89/><G32/><T41/><D41/><U80/><E23/><V8/><F40/><W133/><G133/><T85/><D25/><U24/><E24/><V27/><REACH who="2" step="1"/><F50/><REACH who="2" ten="239,139,250,362" step="2"/><W94/><G30/><T105/><D105/><U17/><REACH who="1" step="1"/><E5/><REACH who="1" ten="239,129,250,362" step="2"/><V131/><F131/><W126/><G4/><T34/><D34/><U2/><E2/><V49/><F49/><AGARI ba="0,2" hai="15,17,21,33,35,37,43,44,49,52,58,80,84,90" machi="49" ten="30,3900,0" yaku="1,1,7,1,54,1,53,0" doraHai="3" doraHaiUra="135" who="1" fromWho="2" sc="239,0,129,59,250,-39,362,0" /><INIT seed="4,0,0,0,5,47" ten="239,188,211,362" oya="0" hai0="64,133,13,51,11,37,17,33,97,16,95,23,50" hai1="18,10,5,61,122,30,41,104,19,21,87,128,96" hai2="120,55,106,12,84,29,108,14,6,125,78,1,109" hai3="54,53,115,63,72,59,32,89,15,49,123,99,0"/><T90/><D37/><U119/><E122/><V3/><F106/><W25/><G0/><T74/><D74/><U38/><E119/><V112/><F120/><W8/><G72/><T129/><D33/><U2/><E128/><V101/><F101/><W28/><G115/><T102/><D129/><U118/><E118/><V77/><F112/><W4/><G123/><T20/><D133/><U121/><E121/><V92/><F29/><W135/><G135/><T98/><D64/><U52/><E87/><V62/><F125/><W58/><G99/><T34/><D34/><U26/><E41/><V68/><F92/><W71/><G89/><T117/><D117/><U36/><E36/><V27/><F27/><W86/><G86/><T22/><REACH who="0" step="1"/><D17/><REACH who="0" ten="229,188,211,362" step="2"/><U65/><E38/><V60/><F68/><W69/><AGARI ba="0,1" hai="4,8,15,25,28,32,49,53,54,58,59,63,69,71" machi="69" ten="30,2000,0" yaku="0,1,52,1" doraHai="47" who="3" fromWho="3" sc="229,-10,188,-5,211,-5,362,30" /><INIT seed="5,0,0,0,5,0" ten="219,183,206,392" oya="1" hai0="78,68,42,33,56,45,130,115,47,119,116,27,66" hai1="50,73,38,20,69,28,23,15,81,134,125,133,101" hai2="52,106,22,62,25,21,51,35,53,2,135,57,59" hai3="112,61,127,9,18,36,65,58,90,8,108,82,6"/><U72/><E38/><V1/><F106/><W107/><G108/><T92/><D115/><U103/><E69/><V60/><F135/><N who="1" m="51721" /><E50/><V3/><F35/><W4/><G112/><T44/><D78/><U83/><E15/><V5/><F51/><W71/><G107/><T12/><D130/><U49/><E49/><V63/><F62/><W16/><G36/><T48/><D12/><U10/><E10/><N who="3" m="4202" /><G71/><T91/><D27/><U102/><E28/><V129/><F129/><W70/><G70/><T85/><D33/><U89/><E125/><V128/><F128/><W109/><G109/><T17/><D17/><N who="3" m="6761" /><G127/><T113/><D113/><U13/><E13/><V41/><F41/><W110/><G110/><T87/><D68/><U120/><E120/><V26/><REACH who="2" step="1"/><F1/><REACH who="2" ten="219,183,196,392" step="2"/><W79/><G79/><T123/><D123/><U46/><E46/><V55/><F55/><W88/><G82/><N who="1" m="31242" /><E89/><AGARI ba="0,1" hai="4,6,58,61,65,88,89,90" m="6761,4202" machi="89" ten="30,8000,1" yaku="8,1,52,2,54,2" doraHai="0" who="3" fromWho="1" sc="219,0,183,-80,196,0,392,90" /><INIT seed="6,0,0,0,0,89" ten="219,103,196,482" oya="2" hai0="6,25,77,106,78,50,101,15,112,36,46,73,99" hai1="47,100,114,3,88,9,90,75,96,41,30,26,40" hai2="35,116,113,70,29,33,8,118,44,130,108,7,54" hai3="104,122,45,20,109,53,81,120,107,86,123,51,129"/><V13/><F70/><W57/><G109/><T16/><D112/><U1/><E114/><V76/><F113/><W65/><G129/><T93/><D36/><U69/><E75/><V71/><F71/><W95/><G20/><N who="0" m="13447" /><D73/><U125/><E125/><V17/><F130/><W32/><G32/><T83/><D106/><U92/><E69/><V64/><F64/><W0/><G0/><T110/><D110/><U58/><E41/><V80/><F108/><W84/><G84/><T72/><D72/><U14/><E58/><V62/><F17/><W134/><G134/><T94/><D83/><U4/><E1/><V135/><F135/><W52/><G65/><T23/><D94/><U11/><E11/><V91/><F91/><W2/><G2/><T97/><D97/><U49/><REACH who="1" step="1"/><E3/><REACH who="1" ten="219,93,196,482" step="2"/><V79/><F8/><W128/><G57/><T117/><D46/><U66/><E66/><V5/><F44/><W12/><G45/><T115/><D115/><U119/><E119/><V132/><F118/><W67/><G67/><T19/><D117/><U126/><E126/><V37/><F116/><W63/><G123/><T43/><D43/><U48/><E48/><V28/><F132/><W56/><G51/><T18/><D50/><U59/><E59/><V82/><F37/><W102/><G56/><T98/><D15/><U74/><E74/><V39/><F39/><W105/><G12/><T103/><D6/><U68/><E68/><V87/><F13/><W131/><G122/><T133/><D133/><U34/><AGARI ba="0,1" hai="4,9,14,26,30,34,40,47,49,88,90,92,96,100" machi="34" ten="20,8000,1" yaku="1,1,0,1,7,1,52,1,54,1,53,0" doraHai="89" doraHaiUra="127" who="1" fromWho="1" sc="219,-20,93,90,196,-40,482,-20" /><INIT seed="7,0,0,2,1,127" ten="199,183,156,462" oya="3" hai0="97,96,2,92,54,1,133,98,28,131,82,87,84" hai1="19,68,78,95,135,47,81,18,93,88,66,128,72" hai2="61,125,91,53,35,59,134,106,57,24,116,0,71" hai3="44,51,94,110,79,77,83,29,26,76,27,37,126"/><W113/><G37/><T55/><D131/><U124/><E128/><V114/><F116/><W132/><G132/><T33/><D133/><U111/><E111/><V50/><F134/><W80/><G126/><T5/><D5/><U67/><E135/><V14/><F125/><W21/><G113/><T6/><D6/><U118/><E124/><V34/><F0/><W8/><G110/><T43/><D43/><U108/><E108/><V31/><F106/><W70/><G70/><T129/><D129/><U64/><E68/><V122/><F114/><W38/><G38/><T121/><D98/><U115/><E115/><V109/><F109/><W11/><G94/><T36/><D92/><U75/><E75/><V23/><F71/><W48/><G27/><T41/><D82/><N who="3" m="31273" /><G51/><T104/><D96/><U103/><E118/><V30/><F122/><W100/><G100/><T120/><D97/><U46/><E103/><V20/><F14/><W69/><G69/><T130/><D84/><U3/><E3/><V60/><F91/><W25/><G25/><T45/><D36/><U65/><N who="1" m="16384" /><DORA hai="73" /><U102/><E102/><V39/><F39/><W17/><G17/><N who="1" m="6154" /><E93/><V89/><F89/><W16/><G29/><T13/><D104/><U112/><E112/><V74/><F74/><W52/><AGARI ba="0,0" hai="8,11,16,21,26,44,48,52,76,77,79" m="31273" machi="52" ten="30,18000,2" yaku="8,1,52,3,54,2" doraHai="127,73" who="3" fromWho="3" sc="199,-60,183,-60,156,-60,462,180" owari="139,-6.0,123,-28.0,96,-40.0,642,74.0" /></mjloggm>