<mjloggm ver="2.3"><GO type="225" lobby="0"/><UN n0="%E8%88%B9%E8%A6%8B%E7%B5%90%E8%A1%A3%E3%81%A1%E3%82%83%E3%82%93" n1="%E8%A3%81%E3%81%8D%E3%81%AE%E9%BE%8D" n2="%73%75%7A%75%6D%65%33" n3="%E3%81%BE%E3%82%8A%E3%81%B7%E3%81%85%E3%81%AE%E3%83%95%E3%82%A1%E3%83%B3" dan="16,16,17,16" rate="2183.62,2048.64,2187.32,2106.09" sx="F,F,M,M"/><TAIKYOKU oya="0"/><INIT seed="0,0,0,5,3,133" ten="250,250,250,250" oya="0" hai0="37,85,56,102,39,81,6,99,117,109,92,34,45" hai1="84,35,1,69,7,121,108,115,36,5,28,16,98" hai2="68,50,110,127,41,47,118,71,65,67,26,19,40" hai3="33,43,123,46,49,64,13,9,62,83,90,100,2"/><T125/><D117/><U55/><E121/><V42/><F26/><W38/><G123/><T21/><D109/><U20/><E36/><V44/><F19/><W116/><G116/><T105/><D34/><U72/><E72/><V103/><F103/><W22/><G33/><T131/><D131/><U54/><E69/><N who="2" m="26699" /><F118/><W106/><G2/><T66/><D6/><U134/><E108/><V73/><F73/><W78/><G22/><T4/><D4/><U122/><E122/><V27/><F27/><W52/><G90/><T124/><D21/><U74/><E74/><V97/><F97/><W111/><G111/><T87/><D45/><N who="2" m="17482" /><F110/><W63/><G64/><N who="2" m="24649" /><F127/><N who="0" m="48714" /><D85/><U15/><E84/><V135/><F135/><W11/><G100/><T120/><D105/><U18/><E134/><V96/><F96/><W80/><G106/><T70/><D120/><U31/><E98/><V112/><F112/><W57/><G9/><T58/><D70/><U59/><E115/><V88/><F88/><W126/><G126/><T128/><D87/><U114/><E114/><V53/><F53/><W12/><G78/><T104/><D104/><U8/><E55/><V61/><F61/><N who="3" m="23051" /><G12/><T91/><D91/><U60/><E35/><V93/><F93/><W119/><G119/><T0/><D0/><U89/><E89/><V132/><F132/><W51/><G83/><T29/><D81/><U101/><E101/><V3/><F3/><W82/><G80/><T30/><D102/><U32/><E32/><V79/><F79/><W94/><G82/><T129/><D92/><U14/><E1/><V24/><F24/><RYUUKYOKU ba="0,0" sc="250,-15,250,15,250,15,250,-15" hai1="5,7,8,14,15,16,18,20,28,31,54,59,60" hai2="40,41,42,50" /><INIT seed="1,1,0,2,2,118" ten="235,265,265,235" oya="1" hai0="43,5,50,76,73,90,4,24,87,23,96,21,8" hai1="63,32,131,117,37,52,95,97,92,89,111,128,29" hai2="39,55,12,104,105,85,65,86,88,45,67,27,18" hai3="129,41,112,17,42,9,113,31,122,119,130,100,101"/><U6/><E117/><V49/><F39/><W10/><G31/><T13/><D73/><U125/><E37/><V2/><F2/><W77/><G119/><T44/><D4/><U121/><E125/><V81/><F27/><W30/><G30/><T33/><D33/><U34/><E111/><V56/><F86/><W82/><G82/><N who="0" m="47559" /><D24/><U58/><E121/><V26/><F26/><W19/><G77/><T48/><D48/><U83/><E6/><V14/><F14/><W126/><G126/><T120/><D120/><AGARI ba="1,0" hai="9,10,17,19,41,42,100,101,112,113,120,122,129,130" machi="120" ten="25,6400,0" yaku="22,2,52,2" doraHai="118" who="3" fromWho="0" sc="235,-67,265,0,265,0,235,67" /><INIT seed="2,0,0,4,3,61" ten="168,265,265,302" oya="2" hai0="38,10,83,130,85,115,104,84,95,11,0,55,124" hai1="112,67,86,49,3,37,94,1,82,58,98,24,45" hai2="68,88,41,18,81,9,108,59,125,13,32,73,70" hai3="105,78,134,2,56,50,47,96,102,111,65,119,46"/><V5/><F125/><W80/><G119/><T97/><D115/><U129/><E112/><V90/><F32/><W77/><G77/><T31/><D124/><U64/><E129/><V120/><F120/><W106/><G106/><T72/><D130/><U113/><E113/><V53/><F41/><W103/><G103/><T17/><D72/><U110/><E37/><V34/><F34/><W44/><G2/><T48/><D38/><U63/><E110/><V20/><F108/><W135/><G111/><T21/><D104/><U16/><E1/><V99/><F73/><W4/><G4/><T79/><D85/><U87/><E3/><V92/><F81/><W71/><G71/><T30/><D0/><U74/><E74/><V51/><REACH who="2" step="1"/><F90/><REACH who="2" ten="168,265,255,302" step="2"/><W69/><G80/><T36/><D36/><U118/><E82/><V126/><F126/><W7/><G78/><T42/><D42/><U66/><E118/><V131/><F131/><W43/><G43/><T26/><D31/><U15/><E24/><AGARI ba="0,1" hai="5,9,13,18,20,24,51,53,59,68,70,88,92,99" machi="24" ten="30,5800,0" yaku="1,1,7,1,54,1,53,0" doraHai="61" doraHaiUra="132" who="2" fromWho="1" sc="168,0,265,-58,255,68,302,0" /><INIT seed="2,1,0,2,1,44" ten="168,207,323,302" oya="2" hai0="78,111,30,72,88,39,107,106,3,100,133,62,14" hai1="34,115,97,52,109,61,75,21,12,11,87,99,86" hai2="130,124,79,92,13,10,35,2,59,71,117,0,113" hai3="37,50,95,129,38,123,56,73,74,126,76,112,70"/><V67/><F71/><W32/><G70/><T83/><D3/><U58/><E34/><V89/><F117/><W7/><G123/><T120/><D120/><U9/><E75/><V53/><F35/><W110/><G32/><T40/><D111/><U121/><E115/><V132/><F113/><W20/><G110/><T102/><D133/><U80/><E121/><V4/><F132/><W23/><G112/><T85/><D30/><U49/><E109/><V41/><F41/><W15/><G126/><T77/><D62/><U91/><E87/><V22/><F124/><W19/><G129/><T48/><D39/><U6/><E21/><V68/><F79/><N who="0" m="30218" /><D14/><N who="1" m="5431" /><E61/><V42/><F130/><W25/><G38/><T8/><D8/><U45/><E58/><V66/><F68/><W94/><G37/><T18/><D18/><AGARI ba="1,0" hai="11,12,18,45,49,52,80,86,91,97,99" m="5431" machi="18" ten="30,7700,0" yaku="25,1,8,1,52,1,54,1" doraHai="44" who="1" fromWho="0" sc="168,-80,207,80,323,0,302,0" /><INIT seed="3,0,0,4,3,57" ten="88,287,323,302" oya="3" hai0="86,53,102,99,68,37,75,50,76,94,95,61,73" hai1="55,46,111,122,114,130,77,49,87,66,106,105,97" hai2="51,21,16,78,22,3,28,56,35,92,90,5,112" hai3="126,1,79,104,24,91,59,40,6,127,129,107,81"/><W120/><G120/><T36/><D86/><U103/><E122/><V31/><F112/><W109/><G40/><T20/><D20/><U88/><E114/><V117/><F117/><W70/><G70/><T64/><D94/><U17/><E111/><V85/><F35/><W121/><G121/><T54/><D73/><U15/><E130/><V89/><F3/><W135/><G129/><T39/><D76/><U2/><E2/><V80/><F5/><W116/><G116/><T42/><D75/><U110/><E110/><V133/><F133/><W67/><G109/><T96/><D96/><U71/><E77/><V131/><F131/><W118/><G118/><T134/><D95/><U98/><E66/><V33/><F33/><W32/><G91/><N who="2" m="34825" /><F92/><W47/><G47/><N who="0" m="25975" /><D99/><U132/><E71/><V108/><F108/><W11/><G135/><T74/><D102/><U8/><E132/><V23/><F16/><W128/><G128/><T30/><D30/><U82/><E98/><V62/><F51/><W44/><G44/><T72/><D74/><U83/><E83/><V125/><F125/><N who="3" m="47627" /><G32/><T38/><D72/><U29/><E29/><V7/><F7/><W123/><G123/><T41/><D134/><U19/><E19/><V45/><F45/><AGARI ba="0,0" hai="36,37,38,39,41,45,53,54,61,64,68" m="25975" machi="45" ten="30,12000,2" yaku="35,5,52,1" doraHai="57" who="0" fromWho="2" sc="88,120,287,0,323,-120,302,0" owari="208,-19.0,287,9.0,203,-30.0,302,40.0" /></mjloggm>