<mjloggm ver="2.3"><GO type="185" lobby="0"/><UN n0="%E9%95%B7%E5%85%89%E9%BA%BB%E5%A4%9C" n1="%E4%B8%96%E7%9B%B4%E3%81%97%E4%BA%BA" n2="%E3%81%97%E3%82%85%E3%81%B3%E8%81%B7%E4%BA%BA" n3="" dan="16,17,16,0" rate="2197.32,2234.54,2131.74,1500.00" sx="M,M,M,C"/><TAIKYOKU oya="0"/><INIT seed="0,0,0,1,1,42" ten="350,350,350,0" oya="0" hai0="50,111,125,130,59,90,73,64,84,115,105,47,35" hai1="133,123,113,37,67,77,38,92,61,3,74,121,72" hai2="78,46,86,96,56,71,102,107,112,68,34,93,52" hai3=""/><T129/><D35/><U87/><N who="1" m="31008" /><U58/><N who="1" m="31520" /><U75/><E3/><V0/><F34/><T104/><D115/><U108/><E113/><V94/><F0/><T60/><D73/><U117/><E117/><V36/><F112/><T99/><D125/><U135/><E108/><V100/><F107/><T32/><D32/><U40/><E92/><V55/><F78/><T54/><D111/><U88/><E77/><V114/><F114/><T79/><D79/><U132/><E40/><V95/><F95/><T76/><D76/><U109/><E109/><V63/><F86/><T110/><D110/><U41/><E41/><V2/><F2/><T97/><D104/><U91/><REACH who="1" step="1"/><E87/><REACH who="1" ten="350,340,350,0" step="2"/><V51/><F36/><AGARI ba="0,1" hai="36,37,38,58,61,67,72,74,75,88,91,132,133,135" m="31520,31008" machi="36" ten="50,16000,3" yaku="1,1,2,1,20,1,52,2,54,1,53,3" doraHai="42" doraHaiUra="69" who="1" fromWho="2" sc="350,0,340,170,350,-160,0,0" /><INIT seed="1,0,0,4,5,105" ten="350,510,190,0" oya="1" hai0="40,117,62,75,93,56,74,53,37,88,114,132,76" hai1="47,35,133,83,131,89,127,63,126,45,104,101,66" hai2="48,50,33,134,32,34,70,91,65,1,87,51,79" hai3=""/><U130/><E35/><V103/><F134/><T106/><D114/><U115/><E101/><V72/><F1/><T77/><D132/><U118/><E104/><V122/><N who="2" m="31264" /><V41/><F41/><T52/><D106/><U124/><E133/><V67/><F103/><T55/><D117/><U111/><E115/><V39/><F39/><T92/><D92/><U69/><E118/><V99/><F99/><T3/><D3/><U102/><E102/><V42/><F42/><T61/><D61/><U2/><E2/><V116/><F116/><T120/><N who="0" m="30752" /><T121/><N who="0" m="31008" /><T107/><D107/><U78/><E89/><V110/><F110/><T112/><D112/><U46/><REACH who="1" step="1"/><E111/><REACH who="1" ten="350,500,190,0" step="2"/><V80/><REACH who="2" step="1"/><F70/><REACH who="2" ten="350,500,180,0" step="2"/><T68/><D68/><U54/><E54/><V57/><F57/><T59/><D59/><U49/><E49/><V60/><F60/><T82/><D40/><U38/><E38/><V84/><F84/><AGARI ba="0,2" hai="45,46,47,63,66,69,78,83,84,124,126,127,130,131" machi="84" ten="50,4800,0" yaku="1,1,18,1,53,0" doraHai="105" doraHaiUra="71" who="1" fromWho="2" sc="350,0,500,68,180,-48,0,0" /><INIT seed="1,1,0,4,3,110" ten="350,568,132,0" oya="1" hai0="93,60,112,57,87,53,66,113,89,74,77,99,51" hai1="78,63,91,0,97,100,120,126,88,76,34,47,86" hai2="133,62,70,41,49,79,64,124,102,56,71,106,3" hai3=""/><U68/><N who="1" m="30752" /><U80/><E0/><V132/><F79/><T119/><D119/><U43/><E34/><V117/><F102/><T122/><N who="0" m="31264" /><T129/><D129/><U40/><E126/><V115/><F106/><T36/><D36/><U95/><E68/><V103/><F103/><T67/><D67/><U114/><E63/><V111/><F3/><T2/><D2/><U108/><E108/><V131/><F111/><T46/><D74/><U85/><E114/><V65/><F131/><T83/><AGARI ba="1,0" hai="46,51,53,57,60,66,77,83,87,89,93,99,112,113" m="31264" machi="83" ten="30,5900,0" yaku="0,1,52,3" doraHai="110" who="0" fromWho="0" sc="350,61,568,-40,132,-21,0,0" /><INIT seed="2,0,0,1,4,113" ten="411,528,111,0" oya="2" hai0="92,96,1,103,100,40,112,80,70,94,84,73,90" hai1="68,111,122,118,34,95,63,78,41,59,42,106,105" hai2="48,85,99,134,60,37,123,119,128,83,126,125,109" hai3=""/><V51/><N who="2" m="31520" /><V117/><F37/><T2/><D1/><U75/><N who="1" m="31264" /><U58/><E34/><V76/><F134/><T53/><D2/><U81/><E111/><V49/><F109/><T97/><D40/><U91/><E68/><V35/><F35/><T108/><D53/><U129/><E129/><V79/><F128/><T114/><D70/><U52/><E118/><N who="2" m="45067" /><F79/><T86/><D108/><U43/><REACH who="1" step="1"/><E59/><REACH who="1" ten="411,518,111,0" step="2"/><V0/><F0/><T72/><REACH who="0" step="1"/><D86/><AGARI ba="0,1" hai="41,42,43,52,58,63,75,78,81,86,91,95,105,106" m="31264" machi="86" ten="40,8000,1" yaku="1,1,2,1,52,1,54,1,53,1" doraHai="113" doraHaiUra="55" who="1" fromWho="0" sc="411,-80,518,90,111,0,0,0" /><INIT seed="4,0,0,3,4,114" ten="331,608,111,0" oya="0" hai0="109,37,56,135,103,129,70,111,110,55,102,128,63" hai1="41,74,107,105,127,85,69,123,61,104,126,132,96" hai2="130,98,83,44,59,50,97,32,72,40,94,108,117" hai3=""/><T57/><D135/><U122/><N who="1" m="31264" /><U81/><N who="1" m="31520" /><U68/><E74/><V79/><F108/><T53/><D70/><U45/><E132/><V90/><F130/><N who="0" m="50282" /><D37/><U49/><E96/><V2/><F2/><T120/><N who="0" m="30752" /><T82/><D82/><U33/><E33/><V112/><F32/><T51/><AGARI ba="0,0" hai="51,53,55,56,57,63,102,103,109,110,111" m="30752,50282" machi="51" ten="40,5200,0" yaku="10,1,19,1,52,1" doraHai="114" who="0" fromWho="0" sc="331,52,608,-26,111,-26,0,0" /><INIT seed="4,1,0,2,3,60" ten="383,582,85,0" oya="0" hai0="98,95,88,79,89,108,119,45,122,3,76,39,118" hai1="57,46,65,50,38,56,87,2,64,109,42,69,116" hai2="47,41,100,53,121,96,71,102,101,120,113,35,67" hai3=""/><T37/><N who="0" m="31264" /><T36/><D3/><U59/><E2/><V40/><N who="2" m="30752" /><V111/><N who="2" m="31008" /><V43/><F111/><T91/><D108/><U124/><E109/><V135/><F35/><T106/><D106/><U77/><E116/><V94/><F135/><T132/><D132/><U126/><E69/><V117/><F117/><T99/><D99/><U61/><E77/><V72/><F72/><T103/><D118/><U110/><E87/><V48/><REACH who="2" step="1"/><F113/><REACH who="2" ten="383,582,75,0" step="2"/><T85/><D119/><U123/><N who="1" m="31520" /><U49/><E110/><V73/><F73/><T32/><D32/><U97/><E97/><V70/><F70/><T80/><REACH who="0" step="1"/><D79/><REACH who="0" ten="373,582,75,0" step="2"/><U0/><E0/><V112/><F112/><T74/><D74/><U133/><E133/><V82/><F82/><T134/><D134/><U125/><E126/><V66/><F66/><T114/><D114/><U107/><E125/><V115/><F115/><T63/><D63/><AGARI ba="1,2" hai="40,41,43,47,48,53,63,67,71,94,96,100,101,102" m="31008,30752" machi="63" ten="40,8000,1" yaku="1,1,52,3,53,1" doraHai="60" doraHaiUra="92" who="2" fromWho="0" sc="373,-82,582,0,75,102,0,0" /><BYE who="0" /><UN n0="%E9%95%B7%E5%85%89%E9%BA%BB%E5%A4%9C" /><INIT seed="5,0,0,3,1,112" ten="291,582,177,0" oya="1" hai0="84,69,92,47,95,107,134,118,123,37,90,71,135" hai1="52,108,56,54,65,38,105,59,1,96,87,119,116" hai2="86,78,68,110,128,117,67,133,114,79,104,88,106" hai3=""/><U129/><E1/><V77/><F68/><T32/><N who="0" m="31520" /><T131/><D32/><U97/><E38/><V93/><F67/><T124/><D107/><N who="2" m="41002" /><F114/><T111/><D111/><U109/><E105/><V120/><N who="2" m="30752" /><V41/><F41/><T43/><D124/><U103/><E103/><V2/><F2/><T113/><D113/><U64/><E87/><V81/><F110/><T3/><D3/><U94/><E94/><V35/><F35/><T76/><D76/><N who="2" m="29290" /><F133/><N who="0" m="50698" /><D131/><AGARI ba="0,0" hai="52,54,56,59,64,65,96,97,108,109,116,119,129,131" machi="131" ten="25,12000,1" yaku="22,2,52,2,54,1" doraHai="112" who="1" fromWho="0" sc="291,-120,582,120,177,0,0,0" /><INIT seed="5,1,0,5,2,87" ten="171,702,177,0" oya="1" hai0="53,37,103,68,79,100,121,117,114,113,120,85,66" hai1="106,91,47,39,104,60,82,2,130,78,123,35,46" hai2="132,118,44,42,102,84,76,94,81,95,92,80,127" hai3=""/><U41/><N who="1" m="31520" /><U124/><E35/><V116/><F127/><T3/><N who="0" m="30752" /><T107/><N who="0" m="31008" /><T126/><D3/><U67/><E2/><V48/><F132/><T99/><D37/><U83/><E124/><V59/><F102/><T72/><D126/><U135/><E135/><V50/><F50/><T111/><D117/><U71/><E130/><V52/><REACH who="2" step="1"/><F81/><REACH who="2" ten="171,702,167,0" step="2"/><T119/><D103/><U75/><REACH who="1" step="1"/><E47/><REACH who="1" ten="171,692,167,0" step="2"/><V110/><F110/><T125/><D111/><U1/><E1/><V112/><F112/><T98/><D125/><U131/><E131/><V32/><F32/><T101/><D114/><U74/><E74/><V45/><F45/><T96/><D113/><U129/><E129/><V70/><F70/><T109/><D68/><U86/><AGARI ba="1,2" hai="39,41,46,60,67,71,75,78,82,83,86,91,104,106" m="31520" machi="86" ten="30,7800,0" yaku="1,1,0,1,52,2,53,0" doraHai="87" doraHaiUra="134" who="1" fromWho="1" sc="171,-40,692,100,167,-40,0,0" /><INIT seed="5,2,0,2,0,126" ten="131,792,127,0" oya="1" hai0="84,134,96,130,93,103,62,33,44,36,43,41,135" hai1="68,73,123,3,109,42,52,128,54,77,81,66,0" hai2="131,85,58,61,60,32,121,35,91,119,34,118,65" hai3=""/><U59/><N who="1" m="31520" /><U114/><E114/><V83/><N who="2" m="31008" /><V105/><F105/><T71/><D33/><U64/><E109/><V72/><F72/><T50/><D130/><U47/><E68/><V55/><REACH who="2" step="1"/><F131/><REACH who="2" ten="131,792,117,0" step="2"/><T92/><D134/><U67/><E128/><V80/><F80/><T125/><D125/><U117/><E117/><V132/><F132/><T45/><D135/><U76/><E76/><V94/><F94/><T120/><N who="0" m="30752" /><T82/><D93/><U2/><REACH who="1" step="1"/><E59/><AGARI ba="2,1" hai="32,34,35,55,58,59,60,61,65,83,85,91,118,119" m="31008" machi="59" ten="40,8000,1" yaku="1,1,52,1,53,2" doraHai="126" doraHaiUra="113" who="2" fromWho="1" sc="131,0,792,-84,117,94,0,0" /><INIT seed="6,0,0,3,0,117" ten="131,708,211,0" oya="2" hai0="125,55,72,57,105,36,35,54,101,90,107,95,44" hai1="50,123,67,104,132,46,118,93,83,134,113,106,69" hai2="128,119,77,122,75,115,74,40,47,2,62,120,88" hai3=""/><V70/><N who="2" m="30752" /><V33/><N who="2" m="31264" /><V78/><F33/><T1/><D35/><U100/><N who="1" m="31520" /><U0/><E0/><V51/><F2/><T92/><D72/><U34/><E34/><V86/><F119/><T98/><D1/><U71/><E118/><V63/><F128/><T85/><D125/><U109/><E109/><V49/><F115/><T124/><D124/><U94/><E83/><V103/><F103/><T43/><D55/><U53/><E113/><V61/><F70/><N who="1" m="26633" /><E67/><V102/><F102/><T84/><D84/><U99/><E94/><V39/><F74/><T32/><D32/><U111/><E111/><V97/><F97/><T108/><D108/><U45/><E45/><V76/><REACH who="2" step="1"/><F75/><REACH who="2" ten="131,708,201,0" step="2"/><T37/><REACH who="0" step="1"/><D37/><REACH who="0" ten="121,708,201,0" step="2"/><U112/><E112/><V127/><F127/><T79/><D79/><U130/><E130/><V65/><F65/><T87/><D87/><U121/><N who="1" m="31008" /><U48/><E100/><V114/><F114/><T73/><D73/><U60/><E99/><V3/><F3/><T116/><D116/><U82/><E106/><V96/><F96/><T129/><D129/><U89/><E104/><V81/><AGARI ba="0,2" hai="39,40,47,49,51,61,62,63,76,77,78,81,86,88" m="31264,30752" machi="81" ten="30,12000,2" yaku="1,1,0,1,52,4,54,1,53,0" doraHai="117" doraHaiUra="64" who="2" fromWho="2" sc="121,-60,708,-60,201,140,0,0" /><INIT seed="6,1,0,1,3,106" ten="61,648,341,0" oya="2" hai0="60,37,53,116,99,36,82,115,47,40,108,119,38" hai1="113,84,43,81,45,1,54,73,105,89,87,114,107" hai2="80,134,103,111,76,123,46,33,32,92,67,110,66" hai3=""/><V95/><N who="2" m="31520" /><V51/><F134/><T44/><D82/><U79/><E1/><V65/><F103/><T63/><D99/><U93/><E54/><V50/><F46/><T61/><D115/><N who="1" m="44043" /><E87/><V35/><F80/><T68/><D108/><N who="2" m="41514" /><F76/><T91/><D91/><U71/><E71/><V128/><F128/><T56/><D116/><U0/><E0/><V55/><F55/><T132/><D132/><U58/><E58/><V83/><F83/><T124/><D119/><U104/><E104/><V2/><F2/><T131/><D131/><U88/><E89/><V74/><F74/><T120/><N who="0" m="30752" /><T86/><D86/><U121/><N who="1" m="31008" /><U59/><E59/><V48/><AGARI ba="1,0" hai="32,33,35,48,50,51,65,66,67,92,95" m="41514,31520" machi="48" ten="50,12000,2" yaku="29,2,28,2,10,1,52,1" doraHai="106" who="2" fromWho="2" sc="61,-61,648,-61,341,122,0,0" /><INIT seed="6,2,0,3,0,76" ten="0,587,463,0" oya="2" hai0="40,110,55,94,99,108,37,68,65,127,36,98,89" hai1="90,34,50,49,124,115,74,41,93,70,129,64,97" hai2="62,79,2,47,54,60,80,105,77,66,100,3,42" hai3=""/><V130/><F130/><T109/><D109/><U84/><E34/><V51/><F79/><T85/><D110/><U101/><E74/><V78/><F78/><T39/><D108/><U35/><E35/><V122/><N who="2" m="31264" /><V96/><F60/><T58/><D36/><U111/><E111/><V56/><F42/><T117/><D37/><U61/><E129/><V116/><F116/><T73/><D39/><U63/><E115/><V118/><F118/><T134/><D85/><AGARI ba="2,0" hai="2,3,47,51,54,56,62,66,77,80,85,96,100,105" m="31264" machi="85" ten="30,5800,0" yaku="7,1,52,2" doraHai="76" who="2" fromWho="0" sc="0,-62,587,0,463,62,0,0" owari="-62,-66.0,587,53.0,525,13.0,0,0.0" /></mjloggm>