<mjloggm ver="2.3"><GO type="169" lobby="0"/><UN n0="%E3%82%BF%E3%83%86%E3%82%B8%E3%83%AF%E3%83%8D%E3%82%BA%E3%83%9F" n1="%7A%6B%75%72%74" n2="%E5%AE%9F%E5%AD%98" n3="%E8%91%B5%E3%81%A1%E3%82%83%E3%82%93" dan="16,17,17,16" rate="2051.08,2239.36,2167.91,2088.87" sx="M,M,M,F"/><TAIKYOKU oya="0"/><INIT seed="0,0,0,1,1,94" ten="250,250,250,250" oya="0" hai0="8,33,82,36,47,61,85,50,128,58,60,34,87" hai1="70,120,110,46,93,9,23,71,20,57,18,69,78" hai2="101,77,103,119,106,127,44,74,11,99,29,118,83" hai3="91,123,102,129,63,89,49,56,53,6,27,124,26"/><T52/><D128/><U105/><E105/><V72/><F29/><W43/><G129/><T66/><D36/><U112/><E120/><V92/><F44/><W51/><G123/><T81/><D8/><U115/><E110/><V5/><F5/><W80/><G124/><T37/><D37/><U4/><E78/><V95/><F11/><W84/><G6/><T122/><D122/><U45/><E57/><V7/><F7/><W40/><G102/><T48/><D48/><N who="3" m="18505" /><G91/><T13/><D13/><U21/><E18/><V126/><F74/><W98/><G98/><T104/><D104/><U16/><E16/><V62/><F62/><W117/><G117/><N who="2" m="44553" /><F106/><W0/><G0/><T111/><D111/><U108/><E108/><V90/><F103/><W15/><G15/><T100/><D100/><U107/><E107/><V86/><AGARI ba="0,0" hai="72,77,83,86,90,92,95,99,101,126,127" m="44553" machi="86" ten="30,7900,0" yaku="12,1,34,2,52,1" doraHai="94" who="2" fromWho="2" sc="250,-39,250,-20,250,79,250,-20" /><INIT seed="1,0,0,5,4,83" ten="211,230,329,230" oya="1" hai0="70,47,56,111,13,102,117,116,61,35,74,96,34" hai1="14,123,63,21,119,0,71,64,80,100,26,89,108" hai2="101,75,95,2,69,126,17,6,7,93,131,104,40" hai3="41,51,25,52,97,11,103,59,134,118,127,128,124"/><U46/><E123/><V65/><F75/><W24/><G128/><T20/><D74/><U10/><E119/><V130/><F104/><W33/><G118/><T29/><D56/><U82/><E0/><V81/><F126/><N who="3" m="48171" /><G33/><T1/><D47/><U55/><E100/><V12/><F40/><W129/><G129/><T32/><D111/><U62/><E108/><V73/><F101/><W3/><G41/><T31/><D1/><U99/><E71/><V133/><F2/><W16/><G134/><T112/><D112/><U91/><E46/><V9/><F133/><W68/><G68/><T45/><D45/><U132/><E132/><V27/><F131/><W60/><G60/><N who="1" m="23082" /><E64/><V88/><F65/><W5/><G16/><N who="0" m="10255" /><D61/><U106/><E106/><AGARI ba="0,0" hai="3,5,11,24,25,51,52,59,97,103,106" m="48171" machi="106" ten="30,2000,0" yaku="18,1,54,1" doraHai="83" who="3" fromWho="1" sc="211,0,230,-20,329,0,230,20" /><INIT seed="2,0,0,5,5,45" ten="211,210,329,250" oya="2" hai0="48,130,132,24,20,97,86,128,18,129,59,57,124" hai1="64,5,31,37,108,113,67,53,40,22,100,4,98" hai2="6,83,14,10,70,51,28,107,63,71,7,72,103" hai3="109,43,0,84,114,27,34,74,15,105,104,92,119"/><V89/><F28/><W35/><G74/><T131/><N who="0" m="33280" /><DORA hai="30" /><T44/><D124/><U32/><E113/><V2/><F6/><W42/><G0/><T33/><D132/><U47/><E108/><V75/><F103/><W125/><G125/><T77/><D33/><U50/><E22/><V134/><F107/><W101/><G119/><T62/><D97/><U39/><E39/><V118/><F2/><W68/><G68/><T9/><D9/><U88/><E5/><V79/><F72/><W46/><G109/><T121/><D121/><U120/><E4/><V66/><F134/><W126/><G126/><T91/><D77/><U115/><E115/><V102/><F102/><W94/><G114/><T111/><D62/><U38/><E38/><V41/><F118/><W65/><G65/><T56/><D111/><U11/><E11/><V61/><F61/><W81/><G101/><T54/><REACH who="0" step="1"/><D44/><REACH who="0" ten="201,210,329,250" step="2"/><U36/><E120/><V133/><F63/><W106/><G46/><T85/><D85/><U8/><E8/><V16/><F10/><W49/><G84/><T93/><AGARI ba="0,1" hai="18,20,24,48,54,56,57,59,86,91,93" m="33280" machi="93" ten="60,8000,1" yaku="1,1,0,1,19,1,52,1,53,0" doraHai="45,30" doraHaiUra="110,69" who="0" fromWho="0" sc="201,90,210,-20,329,-40,250,-20" /><INIT seed="3,0,0,0,4,38" ten="291,190,289,230" oya="3" hai0="127,1,0,131,124,134,31,63,21,10,37,100,98" hai1="23,118,106,125,129,62,16,12,32,20,113,101,71" hai2="34,33,133,55,120,88,42,102,116,17,26,84,39" hai3="82,99,2,56,11,69,65,105,43,80,18,109,54"/><W3/><G109/><T57/><D37/><U48/><E113/><V66/><F116/><W110/><G110/><T53/><D134/><U15/><E32/><V135/><F120/><W64/><G69/><T61/><D131/><U60/><E129/><V76/><F76/><W73/><G105/><T108/><D108/><U59/><E125/><N who="0" m="48201" /><D10/><U72/><E72/><V58/><F66/><W7/><G3/><N who="0" m="1099" /><D21/><U97/><E118/><V77/><F77/><W70/><G99/><T67/><D31/><U90/><E90/><V122/><F102/><W14/><G73/><T114/><D114/><U29/><E71/><V40/><F39/><W86/><G82/><T96/><D100/><U45/><E59/><AGARI ba="0,0" hai="53,57,59,61,63,67,96,98" m="1099,48201" machi="59" ten="30,1000,0" yaku="18,1" doraHai="38" who="0" fromWho="1" sc="291,10,190,-10,289,0,230,0" /><INIT seed="4,0,0,0,2,88" ten="301,180,289,230" oya="0" hai0="68,95,48,11,6,87,46,59,116,127,99,79,54" hai1="104,12,91,9,30,98,70,71,64,16,129,23,106" hai2="50,113,57,102,36,3,90,17,125,60,85,58,96" hai3="38,120,45,111,29,27,101,19,121,25,128,67,32"/><T39/><D116/><U100/><E129/><V56/><F36/><W93/><G111/><T78/><D68/><U8/><E106/><V22/><F3/><W55/><G128/><T26/><D127/><U21/><E21/><V15/><F113/><W115/><G115/><T4/><D39/><U61/><E71/><V53/><F125/><W107/><G107/><T118/><D118/><U83/><E30/><V119/><F119/><W33/><G67/><T66/><D26/><U80/><E80/><V133/><F133/><W123/><G19/><T124/><D124/><U75/><REACH who="1" step="1"/><E91/><REACH who="1" ten="301,170,289,230" step="2"/><V76/><F76/><AGARI ba="0,1" hai="8,9,12,16,23,61,64,70,75,76,83,98,100,104" machi="76" ten="40,5200,0" yaku="1,1,2,1,54,1,53,0" doraHai="88" doraHaiUra="24" who="1" fromWho="2" sc="301,0,170,62,289,-52,230,0" /><INIT seed="5,0,0,0,4,82" ten="301,232,237,230" oya="1" hai0="131,93,8,88,9,122,69,17,98,108,111,112,39" hai1="76,71,56,127,110,121,28,134,13,106,30,96,40" hai2="89,132,48,46,5,11,24,90,21,20,124,55,125" hai3="74,70,66,87,77,115,4,120,10,49,16,36,1"/><U33/><E121/><V102/><F132/><W130/><G120/><T57/><D112/><U59/><E71/><V118/><F118/><W107/><G36/><T135/><D69/><U44/><E134/><V32/><F32/><W35/><G115/><T100/><D135/><U104/><E127/><N who="2" m="48715" /><F102/><W31/><G130/><T68/><D122/><U91/><E110/><V23/><F24/><N who="3" m="18919" /><G16/><T47/><D68/><U116/><E116/><V18/><F18/><W25/><G87/><T78/><D131/><U81/><E106/><V80/><F80/><N who="3" m="45111" /><G49/><T14/><D78/><U2/><E2/><AGARI ba="0,0" hai="2,5,11,20,21,23,46,48,55,89,90" m="48715" machi="2" ten="30,1000,0" yaku="18,1" doraHai="82" who="2" fromWho="1" sc="301,0,232,-10,237,10,230,0" /><INIT seed="6,0,0,4,0,68" ten="301,222,247,230" oya="2" hai0="37,122,75,66,91,50,76,46,39,28,112,134,51" hai1="115,132,16,6,108,23,31,42,32,36,52,131,4" hai2="99,72,53,123,65,40,44,54,80,41,27,43,24" hai3="86,113,87,110,74,55,12,77,121,18,14,10,34"/><V38/><F123/><W45/><G121/><T49/><D122/><U64/><E108/><V0/><F0/><W114/><G110/><T70/><D28/><U29/><E64/><V103/><F65/><W56/><G34/><T8/><D8/><U127/><E115/><N who="3" m="44042" /><G45/><T13/><D13/><U133/><E131/><V61/><F27/><W89/><G89/><T59/><D91/><U85/><E127/><V5/><F5/><N who="1" m="2153" /><E32/><V83/><F24/><W120/><G14/><T71/><D75/><U57/><E85/><N who="3" m="32266" /><G120/><T130/><D76/><U90/><E90/><V129/><F129/><W73/><G77/><T25/><D25/><N who="1" m="14567" /><E42/><V33/><F33/><W20/><G10/><T98/><D130/><U48/><E36/><N who="0" m="13897" /><D98/><U94/><E94/><V100/><F99/><W69/><G69/><N who="0" m="26123" /><D112/><U101/><E101/><V78/><F38/><W125/><G125/><T2/><D2/><U30/><E133/><V92/><F92/><W119/><G119/><T1/><D134/><U60/><E132/><V95/><F95/><W96/><G96/><T126/><D126/><U107/><E107/><V117/><F117/><W11/><G11/><T7/><D7/><U58/><E58/><N who="2" m="35023" /><F80/><W104/><G104/><T88/><D1/><U15/><E15/><V106/><F106/><W128/><G128/><T79/><D79/><U26/><E26/><V116/><F116/><W3/><G3/><T111/><D88/><U47/><E47/><V109/><F109/><W118/><G118/><T82/><D111/><U62/><AGARI ba="0,0" hai="29,30,31,48,52,57,60,62" m="14567,2153" machi="62" ten="30,4000,0" yaku="8,1,54,2" doraHai="68" who="1" fromWho="1" sc="301,-10,222,40,247,-20,230,-10" /><INIT seed="7,0,0,4,5,68" ten="291,262,227,220" oya="3" hai0="72,24,124,84,49,57,35,32,135,95,87,94,22" hai1="67,16,25,54,18,29,23,82,50,127,101,56,5" hai2="92,90,64,19,110,109,99,62,0,6,43,96,17" hai3="61,79,104,114,34,80,51,40,125,105,73,108,47"/><W74/><G74/><T52/><D72/><U119/><E127/><V86/><F43/><W44/><G125/><T53/><D124/><U113/><E113/><V9/><F110/><W93/><G114/><T4/><D135/><U121/><E121/><V111/><F111/><W88/><G108/><T11/><D53/><U107/><E119/><V13/><F109/><W46/><G34/><T41/><D41/><U3/><E3/><V21/><REACH who="2" step="1"/><F19/><REACH who="2" ten="291,262,217,220" step="2"/><W132/><G132/><T36/><D4/><U38/><E5/><V78/><F78/><W42/><G61/><T7/><D7/><U63/><E16/><V97/><F97/><W130/><G130/><T59/><D84/><U12/><E18/><V103/><F103/><W89/><G46/><T27/><D87/><U102/><E101/><V118/><F118/><W98/><REACH who="3" step="1"/><G89/><REACH who="3" ten="291,262,217,210" step="2"/><T2/><D35/><U70/><E63/><V1/><F1/><W134/><G134/><T133/><D32/><U122/><E122/><V15/><F15/><W60/><G60/><T14/><D2/><U75/><E12/><V117/><F117/><W77/><G77/><T106/><D14/><U39/><E75/><V45/><F45/><W112/><G112/><T30/><D133/><U65/><E102/><V55/><F55/><W33/><G33/><T71/><D52/><U58/><E54/><V100/><F100/><W116/><G116/><T26/><D27/><U91/><E91/><V76/><F76/><W69/><G69/><AGARI ba="0,2" hai="0,6,9,13,17,21,62,64,69,86,90,92,96,99" machi="69" ten="30,2000,0" yaku="1,1,7,1,53,0" doraHai="68" doraHaiUra="20" who="2" fromWho="3" sc="291,0,262,0,217,40,210,-20" /><INIT seed="8,0,0,5,0,107" ten="291,262,257,190" oya="0" hai0="132,74,5,106,66,24,91,89,45,7,81,18,86" hai1="103,23,69,94,67,115,60,50,108,128,121,59,3" hai2="56,84,54,25,87,29,112,76,15,72,11,113,122" hai3="12,93,38,26,58,102,21,51,17,36,88,97,53"/><T61/><D106/><U52/><E108/><V0/><F0/><W110/><G110/><T73/><D132/><U41/><E121/><V55/><F122/><W14/><G14/><T105/><D105/><U90/><E3/><V131/><F131/><W30/><REACH who="3" step="1"/><G102/><REACH who="3" ten="291,262,257,180" step="2"/><T78/><D24/><U8/><E103/><V127/><F113/><W34/><AGARI ba="0,1" hai="12,17,21,26,30,34,36,38,51,53,58,88,93,97" machi="34" ten="20,12000,2" yaku="1,1,2,1,0,1,7,1,54,1,53,1" doraHai="107" doraHaiUra="10" who="3" fromWho="3" sc="291,-60,262,-30,257,-30,180,130" owari="231,-17.0,232,3.0,227,-27.0,310,41.0" /></mjloggm>