<mjloggm ver="2.3"><GO type="185" lobby="0"/><UN n0="%E3%81%B6%E3%82%8B%E3%81%AF%E3%81%A4" n1="%E4%B8%8D%E5%B9%B8%E7%94%9F%E5%91%BD%E4%BD%93" n2="%E3%81%82%E3%81%9F%E3%82%89%E3%81%AA%E3%81%84%E3%81%A7%EF%BC%81" n3="" dan="16,17,16,0" rate="2118.93,2196.83,2167.33,1500.00" sx="M,M,M,C"/><TAIKYOKU oya="0"/><INIT seed="0,0,0,5,2,90" ten="350,350,350,0" oya="0" hai0="135,34,56,66,59,40,84,64,110,116,92,118,71" hai1="102,104,127,86,38,97,41,51,99,129,133,125,126" hai2="68,123,69,107,96,103,87,101,131,112,119,63,114" hai3=""/><T70/><D34/><U85/><E38/><V89/><N who="2" m="31520" /><V93/><F131/><T111/><D135/><U54/><E41/><V113/><F119/><N who="0" m="45610" /><D84/><U2/><E2/><V65/><REACH who="2" step="1"/><F103/><REACH who="2" ten="350,350,340,0" step="2"/><T79/><D79/><U75/><E129/><V94/><F94/><T35/><D92/><U132/><E75/><V58/><AGARI ba="0,1" hai="58,63,65,68,69,87,89,93,96,101,107,112,113,114" m="31520" machi="58" ten="30,5900,0" yaku="1,1,0,1,52,2,53,0" doraHai="90" doraHaiUra="115" who="2" fromWho="2" sc="350,-39,350,-20,340,69,0,0" /><INIT seed="1,0,0,4,5,100" ten="311,330,409,0" oya="1" hai0="101,43,122,33,64,48,75,94,112,131,39,36,114" hai1="120,104,74,34,135,78,47,63,53,129,38,72,96" hai2="0,73,124,44,134,115,123,83,127,82,130,61,105" hai3=""/><U2/><N who="1" m="30752" /><U68/><E135/><V107/><N who="2" m="31520" /><V55/><F0/><T87/><N who="0" m="31264" /><T77/><D75/><U40/><E129/><V132/><F115/><T103/><D33/><U69/><E34/><V70/><F70/><T98/><D131/><U95/><E2/><V106/><F130/><T99/><D64/><U66/><E69/><V62/><F44/><T41/><D87/><U110/><E110/><V118/><F118/><T56/><D77/><U89/><E104/><V46/><F46/><T58/><D94/><U35/><E35/><V126/><F55/><T133/><REACH who="0" step="1"/><D48/><REACH who="0" ten="301,330,409,0" step="2"/><U52/><REACH who="1" step="1"/><E74/><REACH who="1" ten="301,320,409,0" step="2"/><V84/><F73/><T42/><D42/><U88/><E88/><V80/><REACH who="2" step="1"/><F84/><REACH who="2" ten="301,320,399,0" step="2"/><T81/><D81/><AGARI ba="0,3" hai="38,40,47,52,53,63,66,68,72,78,81,89,95,96" m="30752" machi="81" ten="40,12000,1" yaku="1,1,52,1,54,1,53,1" doraHai="100" doraHaiUra="37" who="1" fromWho="0" sc="301,-120,320,150,399,0,0,0" /><INIT seed="1,1,0,3,3,78" ten="181,470,399,0" oya="1" hai0="2,82,113,133,67,36,50,97,106,1,44,33,55" hai1="108,71,99,70,102,77,98,115,118,119,38,39,58" hai2="84,130,37,129,46,41,62,72,35,124,3,76,88" hai3=""/><U56/><E108/><V80/><F3/><T111/><D33/><U116/><E77/><V86/><F35/><T52/><D111/><U93/><E115/><V49/><F124/><T63/><D113/><U112/><E112/><V134/><F134/><T117/><D117/><U94/><E102/><V126/><F126/><T125/><D125/><U90/><REACH who="1" step="1"/><E118/><REACH who="1" ten="181,460,399,0" step="2"/><V69/><F130/><T131/><D131/><U81/><E81/><V109/><F129/><T103/><D133/><U0/><E0/><V100/><F109/><T83/><D1/><U91/><AGARI ba="1,1" hai="38,39,56,58,70,71,90,91,93,94,98,99,116,119" machi="91" ten="25,12000,2" yaku="1,1,0,1,22,2,53,2" doraHai="78" doraHaiUra="95" who="1" fromWho="1" sc="181,-61,460,132,399,-61,0,0" /><INIT seed="1,2,0,0,4,47" ten="120,592,338,0" oya="1" hai0="115,125,103,113,134,81,91,126,50,45,63,89,118" hai1="69,75,65,44,84,72,55,102,70,68,60,78,97" hai2="86,64,66,43,94,41,49,121,71,35,32,58,82" hai3=""/><U107/><E84/><V2/><N who="2" m="31008" /><V92/><F2/><T74/><D103/><U52/><E78/><V110/><F110/><T59/><D134/><U34/><E34/><V120/><N who="2" m="30752" /><V129/><F129/><T88/><D118/><U114/><E114/><V124/><F124/><N who="0" m="47722" /><D74/><U104/><E104/><V101/><F71/><T79/><D79/><U61/><E55/><V36/><F36/><T112/><D81/><U0/><E0/><V77/><F43/><T54/><D115/><U3/><E3/><V95/><F101/><T39/><D39/><U135/><E135/><V128/><F128/><T99/><D99/><U76/><E76/><V48/><F41/><AGARI ba="2,0" hai="41,45,50,54,59,63,88,89,91,112,113" m="47722" machi="41" ten="30,3900,0" yaku="18,1,52,1,54,1" doraHai="47" who="0" fromWho="2" sc="120,43,592,0,338,-43,0,0" /><INIT seed="2,0,0,2,3,91" ten="163,592,295,0" oya="2" hai0="76,83,59,80,77,92,133,1,51,42,122,61,36" hai1="72,106,37,117,94,109,114,2,52,102,132,54,126" hai2="107,101,69,57,111,116,39,100,41,93,110,134,32" hai3=""/><V56/><F32/><T78/><N who="0" m="31264" /><T73/><D1/><U123/><E94/><V65/><F116/><T81/><D36/><U130/><E52/><V119/><F119/><T89/><D133/><U58/><E54/><V128/><F134/><T112/><D112/><U90/><E90/><V74/><F74/><T45/><D73/><U44/><E58/><V48/><F107/><T85/><REACH who="0" step="1"/><D76/><REACH who="0" ten="153,592,295,0" step="2"/><U33/><E102/><V97/><F101/><T118/><D118/><U86/><E44/><V127/><F39/><T75/><D75/><U49/><E49/><V40/><F48/><T63/><D63/><U82/><E82/><V55/><F111/><T34/><D34/><U47/><E47/><V131/><F110/><T84/><D84/><U35/><E86/><V98/><F98/><T53/><AGARI ba="0,1" hai="42,45,51,53,59,61,77,78,80,81,83,85,89,92" m="31264" machi="53" ten="30,6000,1" yaku="1,1,0,1,8,1,52,2,53,0" doraHai="91" doraHaiUra="104" who="0" fromWho="0" sc="153,70,592,-20,295,-40,0,0" /><INIT seed="4,0,0,0,3,120" ten="223,572,255,0" oya="0" hai0="83,66,124,3,115,130,0,98,65,91,121,122,128" hai1="93,102,44,132,113,39,118,76,38,104,88,80,48" hai2="74,97,79,106,34,100,36,37,86,116,123,41,51" hai3=""/><T125/><N who="0" m="31008" /><T110/><N who="0" m="31264" /><T135/><D115/><U90/><E118/><V95/><N who="2" m="31520" /><V109/><F34/><T96/><D83/><U75/><E132/><V92/><F116/><T119/><D119/><U103/><E113/><V53/><F41/><T94/><D135/><U105/><E90/><V133/><F133/><T64/><D98/><U59/><E59/><V33/><F33/><T82/><D82/><U32/><E32/><V70/><F70/><T131/><REACH who="0" step="1"/><D110/><REACH who="0" ten="213,572,255,0" step="2"/><U43/><E80/><V117/><F117/><T54/><D54/><U56/><E76/><V62/><F109/><T45/><D45/><U129/><E44/><V77/><F77/><T72/><D72/><U60/><E75/><V112/><F112/><T50/><D50/><U111/><E48/><V58/><F74/><T49/><D49/><U1/><E111/><V35/><F35/><T101/><D101/><U114/><E103/><V46/><F79/><T108/><D108/><U73/><E102/><V81/><F81/><T40/><D40/><U99/><E43/><V52/><REACH who="2" step="1"/><F86/><REACH who="2" ten="213,572,245,0" step="2"/><T42/><D42/><U69/><E73/><V71/><F71/><T57/><D57/><U126/><E114/><V78/><F78/><T87/><D87/><RYUUKYOKU ba="0,2" sc="213,10,572,-20,245,10,0,0" hai0="0,3,64,65,66,91,94,96,124,125,128,130,131" hai2="36,37,46,51,52,53,58,62,92,95,97,100,106" /><INIT seed="4,1,2,2,2,58" ten="223,552,255,0" oya="0" hai0="56,98,50,133,118,91,113,69,1,2,84,93,71" hai1="116,63,72,37,122,68,47,100,114,86,94,42,35" hai2="43,33,54,49,39,129,65,119,66,111,3,48,131" hai3=""/><T0/><D118/><U83/><N who="1" m="31264" /><U46/><E114/><V64/><F3/><T41/><D113/><U59/><E116/><V130/><F33/><T51/><D133/><U126/><E72/><V108/><F119/><T132/><D132/><U34/><E126/><V121/><N who="2" m="31008" /><V85/><F85/><T62/><D98/><U99/><E68/><V127/><F127/><T115/><D115/><U78/><E47/><V125/><F125/><T95/><D95/><U96/><E96/><V79/><F79/><T89/><D89/><U110/><E110/><N who="2" m="42027" /><F54/><AGARI ba="1,2" hai="34,35,37,42,46,54,59,63,78,83,86,94,99,100" m="31264" machi="54" ten="30,3900,0" yaku="7,1,52,2" doraHai="58" who="1" fromWho="2" sc="223,0,552,61,255,-41,0,0" /><INIT seed="5,0,0,5,5,117" ten="223,613,214,0" oya="1" hai0="114,132,91,59,111,60,123,134,68,50,77,126,101" hai1="115,36,48,94,73,107,53,124,98,39,83,100,51" hai2="75,61,79,66,43,99,121,63,52,38,82,108,70" hai3=""/><U84/><E115/><V102/><N who="2" m="31008" /><V41/><F108/><T109/><N who="0" m="31520" /><T103/><D114/><U119/><E119/><V81/><F81/><T71/><D77/><U37/><E124/><V130/><F130/><T69/><D126/><U34/><E34/><V129/><F129/><T47/><D91/><U58/><E73/><V74/><F74/><T76/><D76/><U110/><E110/><N who="0" m="41993" /><D101/><U2/><E2/><V127/><F127/><T44/><D103/><U67/><E67/><V40/><F63/><T1/><D1/><U46/><E107/><V135/><F135/><N who="0" m="51754" /><D50/><U96/><E96/><V62/><F62/><T128/><D128/><U56/><E51/><V49/><F38/><T131/><D131/><U97/><E97/><V95/><REACH who="2" step="1"/><F40/><REACH who="2" ten="223,613,204,0" step="2"/><T32/><D32/><U3/><E3/><V93/><F93/><T104/><D104/><U118/><E118/><V80/><F80/><T45/><D60/><U116/><E116/><V65/><F65/><T113/><D113/><U54/><E36/><V64/><F64/><T133/><D133/><U122/><E37/><V88/><F88/><T57/><AGARI ba="0,1" hai="44,45,47,57,59,68,69,71" m="51754,41993,31520" machi="57" ten="50,9000,2" yaku="28,2,20,1,34,2,52,2" doraHai="117" who="0" fromWho="0" sc="223,100,613,-60,204,-30,0,0" /><INIT seed="6,0,0,2,1,35" ten="323,553,174,0" oya="2" hai0="108,117,93,124,76,41,74,73,84,38,78,58,65" hai1="111,53,48,61,92,83,97,102,1,123,81,33,66" hai2="80,47,56,62,75,89,121,82,126,71,50,103,39" hai3=""/><V129/><N who="2" m="31008" /><V109/><F129/><T60/><D108/><U87/><N who="1" m="31520" /><U64/><E1/><V125/><F109/><T0/><D0/><U127/><E127/><N who="2" m="48651" /><F71/><T134/><D124/><U106/><E33/><V79/><F39/><T114/><D134/><U118/><E118/><V85/><F103/><T3/><D3/><U101/><E66/><V63/><F56/><T51/><D117/><U99/><E87/><V113/><F113/><T98/><D114/><U107/><E92/><V116/><F116/><T55/><D84/><U52/><E111/><V45/><F45/><T88/><D38/><U77/><E77/><V37/><F37/><T2/><D2/><U91/><E91/><V68/><F68/><T69/><D41/><AGARI ba="0,0" hai="41,47,50,62,63,75,79,80,82,85,89" m="48651,31008" machi="41" ten="30,2900,0" yaku="18,1,52,1" doraHai="35" who="2" fromWho="0" sc="323,-29,553,0,174,29,0,0" /><INIT seed="6,1,0,3,1,99" ten="294,553,203,0" oya="2" hai0="134,41,37,92,114,60,2,82,74,130,135,131,129" hai1="123,72,86,50,38,83,67,109,1,111,36,116,64" hai2="124,65,55,105,49,48,118,43,104,112,87,95,39" hai3=""/><V68/><F118/><T85/><D2/><U40/><N who="1" m="31520" /><U33/><E72/><V32/><F32/><T128/><D128/><U56/><E1/><V88/><F112/><T80/><D114/><U0/><E0/><V61/><F124/><T93/><D74/><U71/><E71/><V97/><F48/><T45/><D60/><U34/><E86/><V100/><F43/><T3/><D3/><U78/><E83/><N who="0" m="31785" /><D85/><U70/><E78/><V106/><REACH who="2" step="1"/><F39/><REACH who="2" ten="294,553,193,0" step="2"/><T91/><D91/><U121/><N who="1" m="31008" /><U107/><E50/><V102/><F102/><T62/><D62/><U44/><E40/><V79/><F79/><T54/><D54/><U115/><E116/><V76/><F76/><T117/><D117/><U126/><E115/><V53/><F53/><T120/><D120/><U73/><E126/><V98/><F98/><T59/><D134/><U125/><E125/><V58/><AGARI ba="1,1" hai="49,55,58,61,65,68,87,88,95,97,100,104,105,106" machi="58" ten="20,8000,1" yaku="1,1,0,1,7,1,52,1,54,1,53,0" doraHai="99" doraHaiUra="113" who="2" fromWho="2" sc="294,-41,553,-41,193,92,0,0" /><INIT seed="6,2,0,0,0,70" ten="253,512,285,0" oya="2" hai0="32,75,77,86,78,126,65,92,67,3,121,83,54" hai1="131,45,104,127,113,35,51,125,34,80,135,98,61" hai2="43,105,73,39,101,71,0,42,56,97,41,134,79" hai3=""/><V111/><F71/><T40/><N who="0" m="31008" /><T94/><D3/><U89/><E113/><V85/><F0/><T107/><D32/><U2/><E2/><V123/><N who="2" m="31520" /><V96/><F134/><T117/><D107/><U112/><E112/><V64/><F111/><T116/><D126/><N who="1" m="48139" /><E131/><V84/><F97/><T122/><N who="0" m="31264" /><T81/><D40/><U57/><E80/><V99/><F99/><T66/><REACH who="0" step="1"/><D54/><REACH who="0" ten="243,512,285,0" step="2"/><U50/><E104/><V103/><F103/><T130/><D130/><U49/><E45/><V37/><F73/><T133/><D133/><U69/><E135/><V93/><F105/><T102/><D102/><U52/><E69/><V48/><F64/><T114/><D114/><U108/><E108/><V74/><F74/><T100/><D100/><U119/><E119/><AGARI ba="2,1" hai="65,66,67,75,77,78,81,83,86,92,94,116,117,119" m="31264,31008" machi="119" ten="40,5200,0" yaku="1,1,52,2,53,0" doraHai="70" doraHaiUra="132" who="0" fromWho="1" sc="243,66,512,-56,285,0,0,0" owari="309,-9.0,456,40.0,285,-31.0,0,0.0" /></mjloggm>