<mjloggm ver="2.3"><GO type="169" lobby="0"/><UN n0="%E3%82%A4%E3%83%B3%E3%83%87%E3%82%A3%E3%82%B4%E3%83%96%E3%83%AB%E3%83%BC" n1="%E8%91%B5%E3%81%A1%E3%82%83%E3%82%93" n2="%E3%81%8A%E3%81%98%E3%81%95%E3%82%93" n3="%E3%81%8B%E3%81%A5%E3%81%8D%EF%BC%B8%EF%BC%A9" dan="16,16,16,16" rate="2130.88,2094.71,2165.12,2109.62" sx="M,F,M,M"/><TAIKYOKU oya="0"/><INIT seed="0,0,0,2,2,10" ten="250,250,250,250" oya="0" hai0="38,113,103,29,123,48,129,105,41,24,86,8,89" hai1="109,120,32,85,116,106,11,60,90,118,75,125,21" hai2="70,9,49,114,58,55,71,68,95,13,134,45,128" hai3="26,110,43,98,18,84,107,30,64,28,31,0,122"/><T42/><D113/><U3/><E32/><V115/><F134/><W126/><G0/><T50/><D123/><U15/><E75/><V22/><F128/><W91/><G110/><T4/><D129/><U74/><E120/><V101/><F22/><W33/><G126/><T37/><D105/><U19/><E74/><V132/><F132/><W119/><G119/><T5/><D103/><U77/><E77/><V40/><F95/><W93/><G43/><N who="0" m="16395" /><D38/><U117/><E109/><V76/><F76/><W17/><G122/><T127/><D127/><U69/><E106/><V46/><F101/><W7/><G7/><N who="0" m="2635" /><D8/><U135/><E3/><V47/><REACH who="2" step="1"/><F40/><REACH who="2" ten="250,250,240,250" step="2"/><W87/><G107/><T102/><D102/><U97/><E135/><V39/><F39/><W81/><G98/><T94/><D37/><U6/><E125/><V62/><F62/><W121/><G121/><T88/><D89/><U53/><E97/><V112/><F112/><W34/><G34/><T51/><D29/><U130/><E130/><V44/><N who="2" m="11264" /><DORA hai="124" /><V35/><F35/><W73/><G33/><T16/><D51/><U63/><E63/><V61/><F61/><W66/><G91/><T111/><D111/><U104/><E104/><V52/><F52/><W96/><G93/><T1/><D1/><N who="1" m="463" /><E53/><V20/><F20/><AGARI ba="0,1" hai="16,20,24,48,50,86,88,94" m="2635,16395" machi="20" ten="30,5800,0" yaku="8,1,54,2" doraHai="10,124" who="0" fromWho="2" sc="250,68,250,0,240,-58,250,0" /><INIT seed="0,1,0,0,0,13" ten="318,250,182,250" oya="0" hai0="117,16,17,12,121,10,33,23,57,103,85,19,88" hai1="50,110,27,61,112,97,129,115,111,53,51,59,3" hai2="18,4,116,1,65,90,35,29,100,25,79,48,108" hai3="2,42,87,93,130,43,120,58,131,78,40,122,71"/><T102/><D121/><N who="3" m="46697" /><G2/><T107/><D117/><U11/><E27/><V134/><F116/><W94/><G71/><T77/><D33/><U99/><E11/><V91/><F108/><N who="1" m="41513" /><E3/><V0/><F134/><W104/><G104/><T125/><D125/><U80/><E80/><V74/><F100/><N who="0" m="38442" /><D107/><U62/><E99/><V84/><F65/><W127/><G127/><T5/><D77/><U14/><E14/><V9/><F0/><W38/><G38/><T24/><D57/><N who="1" m="34991" /><E97/><V128/><F74/><W8/><G8/><T69/><D69/><U32/><E32/><V109/><F109/><W133/><G133/><T68/><D68/><U106/><E106/><V73/><F73/><W66/><G78/><T64/><D64/><N who="1" m="39007" /><E129/><N who="3" m="49162" /><G87/><T6/><D6/><U21/><E21/><V126/><F128/><W98/><G98/><T92/><AGARI ba="1,0" hai="5,10,12,16,17,19,23,24,85,88,92" m="38442" machi="92" ten="30,18000,2" yaku="8,1,52,3,54,2" doraHai="13" who="0" fromWho="0" sc="318,183,250,-61,182,-61,250,-61" /><INIT seed="0,2,0,2,0,89" ten="501,189,121,189" oya="0" hai0="47,73,132,67,62,6,43,71,127,5,66,96,77" hai1="23,40,91,29,9,53,114,34,3,107,110,85,135" hai2="92,121,30,87,93,106,128,83,103,55,69,31,33" hai3="22,68,41,10,44,2,42,72,49,4,17,125,25"/><T13/><D132/><U124/><E135/><V60/><F121/><W112/><G68/><T88/><D127/><U105/><E124/><V46/><F128/><W1/><G72/><T100/><D67/><U82/><E110/><V27/><F30/><W97/><G125/><T113/><D113/><U57/><E114/><V118/><F118/><W7/><G112/><T115/><D115/><U26/><E40/><V70/><F70/><W122/><G122/><T126/><D13/><U90/><E34/><V104/><F46/><W36/><G36/><T14/><D100/><U101/><E101/><V45/><F45/><W76/><G76/><T79/><D126/><U16/><E91/><V51/><F51/><W120/><G120/><T95/><D73/><U59/><E59/><V24/><F24/><W56/><G56/><T86/><D86/><U102/><E102/><V39/><F39/><W21/><G42/><T84/><D84/><U129/><E129/><V15/><F15/><W32/><G32/><T19/><D77/><U11/><E29/><V37/><F37/><W94/><G21/><T61/><D79/><U38/><E38/><V119/><F119/><W12/><G7/><T54/><D54/><U109/><E109/><V48/><F69/><W98/><G98/><T18/><D61/><N who="1" m="36015" /><E3/><V58/><F60/><W123/><G123/><T35/><D35/><U63/><E63/><V0/><F0/><W133/><G133/><T74/><D74/><U75/><E75/><V80/><F33/><W111/><G111/><T28/><D28/><N who="1" m="17503" /><E11/><V78/><F31/><W99/><G99/><RYUUKYOKU ba="2,0" sc="501,-15,189,15,121,-15,189,15" hai1="9,16,82,85,90,105,107" hai3="1,2,4,10,12,17,22,25,41,44,49,94,97" /><INIT seed="1,3,0,4,2,13" ten="486,204,106,204" oya="1" hai0="135,12,101,7,117,108,103,58,124,68,45,52,1" hai1="29,70,74,57,123,25,94,0,20,60,4,48,3" hai2="82,50,27,91,113,67,42,19,122,35,36,111,21" hai3="43,126,131,14,6,63,62,105,49,132,59,120,11"/><U128/><E123/><V32/><F122/><W71/><G105/><T84/><D108/><U76/><E128/><V44/><F111/><W47/><G120/><T17/><D117/><U77/><E70/><V100/><F113/><W53/><G126/><T90/><D68/><U119/><E119/><V97/><F67/><W116/><G131/><T96/><D135/><U114/><E114/><V86/><REACH who="2" step="1"/><F36/><REACH who="2" ten="486,204,96,204" step="2"/><W125/><G132/><T83/><D124/><U41/><E74/><V23/><F23/><W16/><G125/><T54/><D45/><U66/><E3/><V112/><F112/><W80/><G116/><T121/><D121/><U81/><E0/><V95/><AGARI ba="3,1" hai="19,21,27,32,35,42,44,50,82,86,91,95,97,100" machi="95" ten="20,12000,2" yaku="1,1,0,1,7,1,52,1,53,2" doraHai="13" doraHaiUra="28" who="2" fromWho="2" sc="486,-33,204,-63,96,139,204,-33" /><INIT seed="2,0,0,5,0,35" ten="453,141,235,171" oya="2" hai0="117,49,21,97,63,28,80,124,15,31,17,95,18" hai1="57,60,67,34,27,61,0,77,26,94,78,100,13" hai2="131,132,120,5,133,11,113,59,103,38,8,87,85" hai3="1,12,33,22,55,110,44,93,37,47,53,111,68"/><V79/><F38/><W14/><G33/><T83/><D124/><U115/><E115/><V43/><F43/><W4/><G68/><T104/><D104/><U123/><E123/><V54/><F120/><W6/><G93/><T128/><D128/><U70/><E0/><N who="2" m="39" /><F113/><W20/><REACH who="3" step="1"/><G37/><REACH who="3" ten="453,141,235,161" step="2"/><T36/><D36/><U81/><E34/><V62/><F131/><W75/><G75/><T125/><D95/><U51/><E94/><V92/><F92/><W74/><G74/><T98/><D83/><U82/><E82/><V99/><F99/><W3/><AGARI ba="0,1" hai="1,3,4,6,12,14,20,22,44,47,53,55,110,111" machi="3" ten="25,12000,2" yaku="1,1,0,1,22,2,52,2,53,0" doraHai="35" doraHaiUra="106" who="3" fromWho="3" sc="453,-30,141,-30,235,-60,161,130" /><INIT seed="3,0,0,3,2,37" ten="423,111,175,291" oya="3" hai0="89,21,1,64,26,36,95,14,91,33,83,115,3" hai1="29,55,79,48,69,13,98,125,53,57,66,2,119" hai2="12,63,111,46,11,85,28,113,68,32,118,77,74" hai3="7,99,100,129,123,78,30,101,39,59,76,103,19"/><W60/><G39/><T121/><D121/><U17/><E2/><V106/><F118/><W126/><G123/><T88/><D95/><U16/><E119/><V96/><F111/><W81/><G30/><T41/><D64/><U50/><E125/><V134/><F113/><W92/><G7/><T114/><D83/><U35/><E79/><N who="3" m="30250" /><G126/><T102/><D102/><N who="3" m="39529" /><G81/><T128/><D128/><U44/><E98/><V5/><F96/><W117/><G117/><T25/><D33/><U71/><E66/><V110/><F28/><W122/><G129/><T18/><D3/><U108/><E108/><V23/><F110/><W109/><G109/><T24/><REACH who="0" step="1"/><D1/><REACH who="0" ten="413,111,175,291" step="2"/><U31/><E35/><V65/><F65/><N who="3" m="39071" /><G122/><T124/><D124/><U40/><E71/><V104/><F68/><W20/><G103/><T131/><D131/><U133/><E69/><V75/><F106/><W8/><G92/><T135/><D135/><U87/><E133/><V47/><F104/><W80/><G80/><T51/><D51/><U22/><E87/><V127/><F32/><W45/><G99/><T72/><D72/><U4/><E4/><V107/><F127/><W6/><G6/><T42/><D42/><U112/><E112/><V105/><F134/><W43/><G43/><T73/><D73/><N who="2" m="27658" /><F107/><W15/><G45/><AGARI ba="0,1" hai="14,18,21,24,25,26,36,41,45,88,89,91,114,115" machi="45" ten="50,8000,1" yaku="1,1,52,1,54,1,53,1" doraHai="37" doraHaiUra="9" who="0" fromWho="3" sc="413,90,111,0,175,0,291,-80" /><INIT seed="4,0,0,4,0,31" ten="503,111,175,211" oya="0" hai0="120,82,99,25,129,46,116,39,45,16,24,127,21" hai1="65,86,32,100,41,130,58,47,93,118,67,102,15" hai2="19,112,22,38,97,107,108,56,80,71,17,94,132" hai3="8,87,106,131,53,124,28,123,73,104,121,54,34"/><T3/><D120/><N who="3" m="46153" /><G73/><T83/><D116/><U42/><E118/><V35/><F56/><W63/><G124/><T96/><D3/><U109/><E130/><V2/><F94/><W18/><G131/><T48/><D127/><U113/><E109/><V0/><F97/><N who="0" m="37450" /><D39/><U9/><E113/><V1/><F80/><N who="0" m="30762" /><D129/><U62/><E65/><V128/><F22/><W64/><G87/><T29/><D29/><U75/><E75/><V70/><F17/><W103/><G103/><T110/><D110/><U13/><E32/><V98/><F19/><W52/><G18/><T77/><D77/><U43/><E47/><N who="0" m="17929" /><D48/><U4/><REACH who="1" step="1"/><E15/><AGARI ba="0,0" hai="15,16,21,24,25" m="17929,30762,37450" machi="15" ten="30,2900,0" yaku="8,1,54,1" doraHai="31" who="0" fromWho="1" sc="503,29,111,-29,175,0,211,0" /><INIT seed="4,1,0,1,3,113" ten="532,82,175,211" oya="0" hai0="34,105,81,108,68,2,32,75,53,97,17,59,70" hai1="104,9,92,109,120,96,134,100,66,3,24,133,58" hai2="122,6,72,116,94,71,54,37,40,98,124,18,60" hai3="101,43,90,83,91,99,93,50,80,102,38,1,26"/><T62/><D2/><U86/><E109/><V55/><F72/><W16/><G1/><T95/><D105/><U88/><E120/><V115/><F122/><W84/><G38/><T13/><D108/><U129/><E129/><V79/><F79/><W39/><G39/><T22/><D81/><U111/><E111/><V19/><F115/><W67/><G67/><T125/><D75/><U74/><E74/><V78/><F78/><W47/><G83/><T27/><D125/><U63/><REACH who="1" step="1"/><E24/><REACH who="1" ten="532,72,175,211" step="2"/><V127/><F127/><W112/><G112/><T29/><REACH who="0" step="1"/><D34/><REACH who="0" ten="522,72,175,211" step="2"/><U61/><E61/><V35/><F60/><W89/><G80/><T12/><D12/><U57/><E57/><V4/><F35/><W52/><G26/><T11/><D11/><U128/><E128/><V130/><F130/><W123/><G123/><T118/><D118/><U110/><E110/><V126/><F116/><W69/><G69/><T106/><D106/><U14/><E14/><V48/><F71/><W73/><G73/><T135/><D135/><U51/><E51/><V31/><F48/><W23/><G50/><T25/><D25/><U41/><E41/><V132/><F132/><W65/><G43/><T49/><D49/><U117/><E117/><V87/><F40/><W85/><G47/><T76/><D76/><U28/><E28/><V45/><F31/><W44/><G44/><T107/><D107/><U103/><E103/><AGARI ba="1,2" hai="13,17,22,27,29,32,53,59,62,68,70,95,97,103" machi="103" ten="30,2900,0" yaku="1,1,7,1,53,0" doraHai="113" doraHaiUra="42" who="0" fromWho="1" sc="522,52,72,-32,175,0,211,0" /><INIT seed="4,2,0,4,4,110" ten="574,40,175,211" oya="0" hai0="112,77,69,86,1,75,111,78,109,62,53,117,132" hai1="61,108,68,90,114,129,126,13,60,54,121,120,57" hai2="51,31,37,18,98,93,29,92,49,87,4,103,94" hai3="134,130,81,32,123,33,133,84,59,9,8,52,89"/><T43/><D117/><U56/><E108/><N who="0" m="41545" /><D75/><U82/><E126/><V35/><F37/><W113/><G130/><T101/><D1/><U122/><E129/><V135/><F135/><N who="3" m="51723" /><G123/><T40/><D101/><U48/><E13/><V11/><F18/><W119/><G119/><T6/><D6/><U44/><E82/><V85/><F51/><N who="3" m="31135" /><G113/><T72/><D112/><U36/><E90/><V63/><F63/><W127/><G127/><T19/><D86/><U125/><E125/><V34/><F49/><W115/><G115/><T73/><D19/><U74/><E74/><N who="0" m="28777" /><D132/><U30/><E30/><V14/><F87/><W79/><G79/><N who="0" m="30219" /><D53/><U83/><E83/><V20/><F85/><W41/><G41/><T45/><D45/><U3/><E114/><V7/><F7/><W12/><G12/><T99/><D99/><U118/><E3/><V47/><F47/><W107/><G107/><T71/><D62/><U27/><E118/><V23/><F98/><W24/><G24/><T25/><D25/><U116/><E27/><V55/><F55/><W95/><G81/><T46/><D46/><U91/><E116/><V67/><F14/><W28/><G28/><T102/><D102/><U80/><E61/><V0/><F103/><W100/><G100/><T124/><D124/><U96/><E80/><V106/><F106/><W105/><G105/><T65/><D65/><N who="1" m="40999" /><E36/><V58/><F31/><W66/><G66/><T39/><D39/><U15/><E15/><V5/><F5/><W21/><G21/><N who="2" m="8265" /><F29/><W104/><G104/><T16/><D16/><U70/><E70/><AGARI ba="2,0" hai="40,43,69,70,71" m="30219,28777,41545" machi="70" ten="40,7700,0" yaku="28,2,10,1" doraHai="110" who="0" fromWho="1" sc="574,83,40,-83,175,0,211,0" owari="657,75.0,-43,-54.0,175,-22.0,211,1.0" /></mjloggm>