<mjloggm ver="2.3"><GO type="185" lobby="0"/><UN n0="%63%61%6C%63%2E" n1="%74%61%6B%61%2D%31%31%36" n2="%E4%BD%8D%E9%B3%B3%E5%A4%A9" n3="" dan="19,16,17,0" rate="2400.75,2160.25,2175.64,1500.00" sx="M,M,M,C"/><TAIKYOKU oya="0"/><INIT seed="0,0,0,2,1,128" ten="350,350,350,0" oya="0" hai0="80,32,131,0,39,2,48,125,84,69,3,53,68" hai1="117,75,97,79,76,49,91,95,38,134,124,130,33" hai2="54,74,47,46,93,121,98,36,109,132,87,112,116" hai3=""/><T96/><D32/><U64/><E38/><V114/><N who="2" m="31008" /><V133/><F74/><T58/><D131/><U78/><E130/><V66/><F116/><T123/><N who="0" m="31520" /><T85/><D125/><U118/><E64/><V40/><F109/><T51/><D39/><U72/><E49/><V71/><F87/><T113/><D113/><N who="2" m="43626" /><F93/><T110/><D110/><U119/><E33/><V55/><F98/><T129/><D129/><U115/><E115/><V127/><F127/><T56/><D96/><U67/><E67/><V34/><F34/><T106/><D106/><U44/><E44/><V59/><F47/><T89/><D85/><U102/><E102/><V61/><F55/><AGARI ba="0,0" hai="0,2,3,48,51,53,55,56,58,68,69,80,84,89" m="31520" machi="55" ten="40,3900,0" yaku="9,1,52,1" doraHai="128" who="0" fromWho="2" sc="350,39,350,0,350,-39,0,0" /><INIT seed="0,1,0,4,3,58" ten="389,350,311,0" oya="0" hai0="74,125,0,82,47,108,104,32,119,49,67,98,55" hai1="121,103,131,3,62,80,34,93,39,99,83,92,36" hai2="85,127,45,38,1,59,120,56,40,54,65,134,118" hai3=""/><T107/><D119/><U126/><N who="1" m="31008" /><U94/><E34/><V113/><N who="2" m="30752" /><V73/><F1/><T110/><D0/><U43/><E3/><V123/><N who="2" m="31520" /><V53/><F73/><T52/><D32/><U106/><E131/><V95/><F118/><T76/><D125/><U115/><E126/><V122/><N who="2" m="31264" /><V75/><F75/><T129/><D129/><U70/><E115/><V37/><F127/><T97/><D67/><U130/><E130/><V81/><F113/><T132/><D132/><U100/><E100/><V71/><F95/><T35/><D35/><U102/><E102/><V88/><F37/><T2/><D2/><U50/><E50/><V111/><F111/><N who="0" m="42538" /><D55/><U78/><E43/><V133/><F65/><T63/><D63/><U90/><E62/><V91/><F71/><T116/><D116/><U112/><E70/><V114/><F114/><T51/><D51/><U124/><E112/><V48/><REACH who="2" step="1"/><F91/><REACH who="2" ten="389,350,301,0" step="2"/><T117/><D117/><U57/><E124/><V60/><AGARI ba="1,1" hai="38,40,45,48,53,54,56,59,60,81,85,88,133,134" m="31264,31520,30752" machi="60" ten="30,12000,3" yaku="1,1,2,1,0,1,52,4,54,1,53,1" doraHai="58" doraHaiUra="42" who="2" fromWho="2" sc="389,-81,350,-41,301,132,0,0" /><INIT seed="1,0,0,1,2,46" ten="308,309,433,0" oya="1" hai0="101,124,50,96,55,90,108,45,73,38,130,114,47" hai1="52,119,42,40,104,102,68,113,120,74,84,123,106" hai2="32,69,88,37,64,112,60,77,33,59,81,53,34" hai3=""/><U36/><N who="1" m="30752" /><U75/><N who="1" m="31520" /><U109/><E119/><V92/><F112/><T72/><D114/><U2/><E113/><V93/><F37/><T111/><D90/><U133/><E2/><V66/><F93/><T56/><D130/><U97/><E106/><V132/><F132/><T135/><D135/><U110/><E133/><V44/><F44/><T103/><D124/><U49/><E84/><V35/><N who="2" m="8192" /><DORA hai="3" /><V39/><F39/><T1/><D1/><U129/><E68/><V61/><F66/><T117/><D56/><U126/><E126/><V62/><F62/><T91/><D91/><U63/><E63/><V79/><REACH who="2" step="1"/><F81/><REACH who="2" ten="308,309,423,0" step="2"/><T78/><D38/><U127/><E127/><V76/><F76/><T48/><D78/><U121/><N who="1" m="31008" /><U125/><E125/><V94/><F94/><T67/><D67/><U83/><E83/><V99/><AGARI ba="0,1" hai="53,59,60,61,64,69,77,79,88,92,99" m="8192" machi="99" ten="60,12000,3" yaku="1,1,0,1,52,4,54,1,53,1" doraHai="46,3" doraHaiUra="80,54" who="2" fromWho="2" sc="308,-40,309,-80,423,130,0,0" /><INIT seed="2,0,0,5,1,54" ten="268,229,553,0" oya="2" hai0="98,59,62,33,34,84,87,82,80,134,56,46,43" hai1="57,131,88,104,39,60,61,123,58,86,49,119,125" hai2="42,45,40,78,3,135,113,99,73,94,132,48,70" hai3=""/><V128/><F3/><T122/><N who="0" m="31264" /><T108/><D108/><U91/><N who="1" m="31520" /><U103/><E119/><V50/><F113/><T71/><D71/><U115/><E115/><V75/><F70/><T37/><D134/><N who="2" m="51242" /><F128/><T130/><D130/><U105/><E131/><V120/><N who="2" m="30752" /><V126/><F126/><T0/><D0/><U111/><E111/><V44/><F78/><T1/><D1/><U35/><E35/><V92/><F92/><T77/><D98/><U106/><E103/><AGARI ba="0,0" hai="40,42,44,45,48,50,73,75,94,99,103" m="30752,51242" machi="103" ten="30,2900,0" yaku="20,1,52,1" doraHai="54" who="2" fromWho="1" sc="268,0,229,-29,553,29,0,0" /><INIT seed="2,1,0,0,4,34" ten="268,200,582,0" oya="2" hai0="66,52,74,91,61,40,39,96,105,60,92,62,45" hai1="135,126,35,63,84,128,64,123,129,118,2,38,97" hai2="98,133,130,110,71,132,76,69,1,44,82,104,70" hai3=""/><V32/><F32/><T73/><D105/><U125/><N who="1" m="31520" /><U50/><E35/><V122/><N who="2" m="31264" /><V114/><F114/><T121/><N who="0" m="31008" /><T68/><REACH who="0" step="1"/><D61/><REACH who="0" ten="258,200,582,0" step="2"/><U90/><E63/><V116/><F104/><T65/><D65/><U119/><E64/><V53/><F116/><T51/><D51/><U42/><E50/><V55/><F110/><T107/><D107/><U56/><E119/><V46/><F132/><T99/><D99/><U77/><E118/><V59/><F98/><T134/><D134/><U81/><E135/><V41/><F133/><T115/><D115/><U58/><E97/><V67/><F130/><T80/><D80/><U75/><E128/><V72/><F67/><T112/><D112/><U106/><E106/><V109/><F109/><T87/><D87/><U54/><E129/><V111/><F111/><T108/><D108/><U36/><E84/><V131/><F131/><T117/><D117/><U86/><E86/><V93/><F93/><T48/><D48/><U101/><E81/><V95/><F95/><T102/><D102/><U88/><E101/><V100/><F100/><T94/><D94/><U33/><E33/><V124/><F82/><T0/><D0/><U3/><E2/><V85/><F1/><RYUUKYOKU ba="1,1" sc="258,20,200,-10,582,-10,0,0" hai0="39,40,45,52,60,62,66,68,73,74,91,92,96" /><INIT seed="4,2,1,4,3,124" ten="278,190,572,0" oya="0" hai0="84,110,79,49,103,55,123,46,112,33,86,126,71" hai1="77,67,45,102,133,104,99,60,52,109,56,127,132" hai2="61,64,34,93,107,91,72,95,131,65,134,87,42" hai3=""/><T88/><N who="0" m="31520" /><T75/><D33/><U96/><E127/><V48/><F34/><T68/><D126/><U113/><E109/><V120/><F107/><T130/><D110/><U121/><N who="1" m="31008" /><U37/><E113/><V100/><F72/><T80/><D112/><U3/><E3/><V54/><F134/><T50/><D130/><U35/><E35/><V97/><F131/><T47/><D103/><U125/><E125/><V38/><F38/><T135/><D135/><N who="1" m="51787" /><E96/><V117/><N who="2" m="30752" /><V58/><F117/><T36/><D36/><U119/><E119/><V59/><F42/><T128/><D128/><U41/><E77/><V74/><F74/><T98/><D98/><U105/><E67/><AGARI ba="2,1" hai="48,54,58,59,61,64,65,67,87,91,93,95,97,100" m="30752" machi="67" ten="30,3900,0" yaku="7,1,8,1,52,1" doraHai="124" who="2" fromWho="1" sc="278,0,190,-43,572,53,0,0" /><INIT seed="5,0,0,1,5,42" ten="278,147,625,0" oya="1" hai0="44,103,109,41,54,56,87,71,92,101,49,117,96" hai1="1,32,72,89,65,104,93,105,102,91,134,82,53" hai2="133,58,50,124,46,108,74,84,77,135,47,60,63" hai3=""/><U114/><E32/><V127/><F74/><T107/><D109/><U35/><E35/><V90/><F77/><T94/><D117/><U106/><E1/><V55/><F108/><T79/><D71/><U61/><E114/><V81/><F63/><T69/><D69/><U68/><E134/><N who="2" m="51211" /><F47/><T95/><D101/><U123/><N who="1" m="31520" /><U120/><N who="1" m="30752" /><U75/><E53/><AGARI ba="0,0" hai="46,50,53,55,58,60,81,84,90,124,127" m="51211" machi="53" ten="30,2000,0" yaku="20,1,52,1" doraHai="42" who="2" fromWho="1" sc="278,0,147,-20,625,20,0,0" /><INIT seed="6,0,0,1,3,0" ten="278,127,645,0" oya="2" hai0="118,133,45,127,37,36,121,75,119,86,56,130,134" hai1="69,39,126,109,104,50,92,51,131,102,34,123,67" hai2="93,38,64,53,115,62,90,81,111,66,129,125,112" hai3=""/><V49/><F129/><T52/><N who="0" m="31008" /><T70/><D75/><U120/><N who="1" m="30752" /><U97/><N who="1" m="31520" /><U46/><E126/><V110/><F38/><N who="0" m="14954" /><D130/><U101/><E109/><N who="2" m="41483" /><F81/><T100/><D70/><U68/><E131/><V1/><F125/><T107/><D45/><U2/><E2/><V82/><F82/><T63/><D86/><U72/><E72/><V60/><F1/><T116/><D127/><U98/><E51/><V135/><F135/><N who="0" m="51722" /><D100/><U108/><E108/><V71/><F93/><T41/><D41/><U33/><E39/><V74/><F90/><T80/><D80/><U95/><E104/><AGARI ba="0,0" hai="52,56,63,104,107,116,118,119" m="51722,14954,31008" machi="104" ten="40,5200,0" yaku="20,1,52,1,54,1" doraHai="0" who="0" fromWho="1" sc="278,52,127,-52,645,0,0,0" owari="330,-7.0,75,-52.0,645,59.0,0,0.0" /></mjloggm>