<mjloggm ver="2.3"><GO type="185" lobby="0"/><UN n0="%E3%82%84%E3%81%BE%E3%81%8B%E3%81%84" n1="%E3%81%99%E3%81%9A%E3%82%81%E3%82%AF%E3%83%AC%E3%82%A4%E3%82%B8%E3%83%BC" n2="%E9%95%B7%E5%85%89%E9%BA%BB%E5%A4%9C" n3="" dan="17,18,16,0" rate="2265.84,2306.99,2208.84,1500.00" sx="M,M,M,C"/><TAIKYOKU oya="0"/><INIT seed="0,0,0,0,3,120" ten="350,350,350,0" oya="0" hai0="3,64,55,59,115,0,80,127,106,81,85,93,122" hai1="129,86,107,71,49,62,92,113,94,52,90,36,65" hai2="46,125,74,130,119,79,44,132,126,87,131,63,88" hai3=""/><T56/><N who="0" m="31264" /><T128/><D115/><U66/><E129/><N who="2" m="49163" /><F119/><T91/><D128/><U69/><E107/><V2/><F2/><T78/><D106/><U75/><E75/><V76/><F63/><T124/><D81/><U34/><E36/><V35/><F35/><T96/><D64/><U32/><E113/><V53/><F74/><T60/><REACH who="0" step="1"/><D59/><REACH who="0" ten="340,350,350,0" step="2"/><U134/><E66/><V121/><N who="2" m="31008" /><V72/><F72/><T100/><D100/><U99/><E69/><V98/><F46/><T97/><D97/><U33/><E34/><V89/><F98/><T95/><D95/><U114/><E114/><V104/><F104/><T123/><N who="0" m="31520" /><T112/><D112/><U70/><E70/><V42/><F87/><T45/><D45/><U37/><E33/><V77/><F125/><AGARI ba="0,1" hai="0,3,55,56,60,78,80,85,91,93,96,124,125,127" m="31520,31264" machi="125" ten="40,12000,1" yaku="1,1,18,1,52,2,53,0" doraHai="120" doraHaiUra="43" who="0" fromWho="2" sc="340,130,350,0,350,-120,0,0" /><INIT seed="0,1,0,2,4,49" ten="470,350,230,0" oya="0" hai0="94,100,105,61,40,72,59,111,119,95,117,44,78" hai1="56,113,1,130,47,123,39,93,90,36,76,60,74" hai2="109,63,71,98,2,112,104,65,82,124,70,131,66" hai3=""/><T120/><N who="0" m="30752" /><T52/><D105/><U58/><N who="1" m="31520" /><U89/><E1/><V85/><F2/><T34/><D34/><U91/><E130/><V41/><F112/><T118/><D111/><U73/><E113/><V83/><F131/><T102/><D78/><U135/><E135/><V87/><F109/><T129/><D72/><U106/><E106/><V116/><F116/><T68/><D68/><U114/><E47/><V81/><F41/><T64/><D64/><U122/><N who="1" m="31264" /><U92/><E91/><V35/><F35/><T88/><D129/><U45/><E45/><V80/><F124/><T57/><D57/><U125/><E114/><V110/><F110/><T96/><REACH who="0" step="1"/><D95/><REACH who="0" ten="460,350,230,0" step="2"/><U103/><E76/><V62/><N who="2" m="20480" /><DORA hai="53" /><V32/><REACH who="2" step="1"/><F32/><REACH who="2" ten="460,350,220,0" step="2"/><T133/><D133/><U77/><E77/><V128/><F128/><T50/><AGARI ba="1,2" hai="40,44,50,52,59,61,88,94,96,100,102,117,118,119" m="30752" machi="50" ten="30,12000,2" yaku="1,1,0,1,52,3,54,2,53,0" doraHai="49,53" doraHaiUra="0,121" who="0" fromWho="0" sc="460,142,350,-61,220,-61,0,0" /><INIT seed="0,2,0,4,1,129" ten="602,289,159,0" oya="0" hai0="2,56,114,85,124,77,116,99,63,81,88,72,109" hai1="43,34,45,119,66,1,67,38,36,113,58,91,89" hai2="3,128,44,68,51,104,87,46,101,83,92,55,111" hai3=""/><T60/><D114/><U106/><E1/><V80/><F3/><T71/><D116/><U127/><E34/><V117/><F128/><T0/><D124/><U96/><E119/><V35/><F35/><T100/><D71/><U57/><E106/><V90/><F117/><T84/><D84/><U120/><N who="1" m="30752" /><U126/><E96/><V62/><F111/><T79/><D79/><U50/><E50/><V39/><F104/><T52/><D63/><U86/><E45/><V42/><REACH who="2" step="1"/><F101/><REACH who="2" ten="602,289,149,0" step="2"/><T53/><D109/><U133/><E113/><V123/><N who="2" m="31520" /><V121/><N who="2" m="31008" /><V33/><F33/><T97/><D0/><U125/><E127/><V76/><F76/><T59/><D2/><U102/><E102/><V93/><F93/><T74/><D100/><U82/><E125/><V118/><F118/><T47/><D77/><U70/><E126/><V41/><F41/><T103/><D103/><U132/><E43/><V130/><F130/><T115/><D115/><U40/><E40/><V73/><F73/><T48/><D74/><U98/><E91/><V49/><F49/><T105/><D72/><U75/><E75/><V69/><F69/><T108/><D108/><U65/><E70/><V110/><F110/><T64/><D105/><RYUUKYOKU ba="2,1" sc="602,10,289,-20,149,10,0,0" hai0="47,48,52,53,56,59,60,64,81,85,88,97,99" hai2="39,42,44,46,51,55,62,68,80,83,87,90,92" /><INIT seed="0,3,1,2,5,51" ten="612,269,159,0" oya="0" hai0="132,81,66,43,122,34,104,105,100,74,36,119,113" hai1="135,120,68,71,102,108,127,107,93,129,88,111,54" hai2="110,48,60,47,106,55,123,63,130,70,87,128,53" hai3=""/><T57/><N who="0" m="31264" /><T92/><D113/><U101/><N who="1" m="30752" /><U2/><E2/><V99/><N who="2" m="31520" /><V35/><F35/><T44/><D119/><U98/><E129/><N who="2" m="49771" /><F110/><N who="1" m="42025" /><E135/><V90/><F70/><N who="1" m="26665" /><E127/><V78/><F78/><T38/><D38/><U82/><E82/><V116/><F116/><T121/><N who="0" m="31008" /><T96/><D132/><U39/><E39/><V118/><F118/><T40/><D40/><U84/><E101/><V75/><F75/><T114/><D114/><U85/><E54/><V103/><F55/><T115/><D34/><U41/><E41/><V64/><F64/><T117/><D117/><U94/><E107/><V52/><F53/><T109/><D115/><U134/><E134/><V58/><F47/><T3/><D3/><U50/><E50/><V37/><F37/><T97/><D109/><U61/><E61/><V49/><F63/><T59/><D43/><U46/><E46/><V62/><F60/><T95/><D44/><U76/><E76/><V65/><F65/><T69/><D66/><U0/><E0/><V73/><F73/><T33/><D33/><U125/><E125/><V1/><F1/><T80/><D36/><U72/><E72/><V124/><F124/><T112/><D112/><U89/><E89/><RYUUKYOKU ba="3,1" sc="612,-20,269,10,159,10,0,0" hai1="84,85,88,93,94,98,102" hai2="48,49,52,58,62,87,90,99,103,106" /><INIT seed="1,4,1,5,2,0" ten="592,279,169,0" oya="1" hai0="134,36,78,64,106,133,77,90,63,50,84,98,110" hai1="97,100,51,94,125,74,131,48,82,65,87,126,129" hai2="91,107,54,46,113,45,83,1,32,124,79,109,72" hai3=""/><U115/><E115/><V132/><F1/><T99/><D36/><U68/><E68/><V81/><F124/><N who="1" m="47721" /><E65/><V73/><F113/><T2/><D110/><U61/><E61/><V120/><N who="2" m="30752" /><V121/><N who="2" m="31008" /><V118/><F118/><T49/><D2/><U75/><E48/><V47/><F109/><T96/><D106/><U76/><E51/><V95/><F107/><T55/><D78/><U116/><E116/><V43/><F54/><T93/><D77/><U102/><E102/><V127/><F127/><T89/><D89/><U80/><E80/><V71/><F71/><T117/><D117/><U101/><E101/><V39/><F83/><T57/><REACH who="0" step="1"/><D50/><REACH who="0" ten="582,279,169,0" step="2"/><U130/><AGARI ba="4,2" hai="74,75,76,82,87,94,97,100,129,130,131" m="47721" machi="130" ten="40,8000,1" yaku="19,1,18,1,34,2" doraHai="0" who="1" fromWho="1" sc="582,-44,279,108,169,-44,0,0" /><INIT seed="1,5,0,3,3,132" ten="538,387,125,0" oya="1" hai0="41,58,125,117,82,133,69,108,126,90,38,59,49" hai1="53,72,86,119,122,92,111,52,60,42,68,97,114" hai2="36,55,76,37,110,39,130,116,64,56,115,124,34" hai3=""/><U104/><N who="1" m="31264" /><U99/><E114/><V79/><F34/><T51/><D108/><U43/><E72/><V87/><F116/><T71/><D133/><U98/><E119/><V101/><F110/><T88/><D117/><U106/><E111/><V94/><F115/><T134/><D134/><U96/><E68/><V47/><F130/><T127/><D38/><U118/><E118/><V135/><F135/><T121/><N who="0" m="31008" /><T44/><D82/><U112/><E112/><V33/><F33/><T61/><D49/><U85/><E98/><V91/><F101/><T103/><D103/><U109/><E97/><V50/><F124/><T95/><D59/><U40/><E40/><V89/><F89/><N who="0" m="34410" /><D95/><U1/><E109/><V78/><REACH who="2" step="1"/><F64/><AGARI ba="5,0" hai="41,44,51,58,61,64,69,71,125,126,127" m="34410,31008" machi="64" ten="30,12000,2" yaku="18,1,52,4,54,1" doraHai="132" who="0" fromWho="2" sc="538,130,387,0,125,-130,0,0" owari="668,62.0,387,-1.0,-5,-61.0,0,0.0" /></mjloggm>