<mjloggm ver="2.3"><GO type="169" lobby="0"/><UN n0="%E3%81%AF%E3%82%8B%E3%81%AB%E3%82%83%E3%82%80" n1="%E3%81%AD%E3%81%8D%E3%81%9B%40" n2="%E5%A4%A9%E6%9C%88%E3%82%81%E3%81%90%E3%82%8B" n3="%E3%81%B2%E3%81%90%E3%81%A1" dan="16,19,17,17" rate="2083.58,2329.60,2152.29,2224.78" sx="M,M,F,M"/><TAIKYOKU oya="0"/><INIT seed="0,0,0,2,1,28" ten="250,250,250,250" oya="0" hai0="52,43,9,42,36,101,111,94,117,57,126,24,128" hai1="89,121,5,33,65,34,11,88,48,20,83,70,37" hai2="93,50,78,45,27,30,0,62,100,66,12,102,17" hai3="54,125,107,55,67,71,19,115,82,7,91,81,44"/><T124/><D117/><U123/><E37/><V49/><F0/><W133/><G115/><T103/><D128/><U85/><E48/><V8/><F78/><W15/><G107/><T108/><D9/><U64/><E20/><V104/><F104/><W40/><G125/><N who="0" m="48235" /><D24/><U6/><E11/><V69/><F93/><W60/><G7/><T73/><D73/><U112/><E85/><V63/><F63/><W77/><G91/><T41/><D36/><U120/><E83/><V25/><F49/><W96/><G96/><N who="0" m="59543" /><D103/><U97/><E121/><V95/><F95/><W92/><G92/><T127/><N who="0" m="48243" /><T80/><DORA hai="10" /><D80/><U129/><E112/><V31/><F27/><W58/><G133/><T16/><D16/><U130/><REACH who="1" step="1"/><E70/><REACH who="1" ten="250,240,250,250" step="2"/><V122/><F122/><W3/><G71/><T14/><D14/><U134/><E134/><V99/><F99/><AGARI ba="0,1" hai="5,6,33,34,64,65,88,89,97,99,120,123,129,130" machi="99" ten="25,16000,3" yaku="1,1,22,2,52,2,54,1,53,2" doraHai="28,10" doraHaiUra="119,21" who="1" fromWho="2" sc="250,0,240,170,250,-160,250,0" /><INIT seed="1,0,0,5,0,53" ten="250,410,90,250" oya="1" hai0="124,50,85,56,75,19,101,24,48,112,99,38,1" hai1="4,64,80,72,20,29,116,2,11,132,107,92,66" hai2="83,100,73,96,27,22,49,45,33,21,93,77,55" hai3="43,25,61,34,108,57,122,95,133,119,32,3,134"/><U117/><E107/><V89/><F33/><W68/><G122/><T120/><D75/><U46/><E132/><V111/><F111/><W123/><G123/><T135/><D120/><U30/><E92/><V51/><F27/><W26/><G68/><T42/><D112/><U18/><E64/><V8/><F8/><W82/><G43/><T5/><D135/><U90/><E66/><V13/><F13/><W14/><G95/><T10/><D124/><U94/><E30/><V76/><F76/><W105/><G14/><T44/><D85/><U65/><E65/><V23/><F51/><W69/><G61/><T104/><D19/><U106/><E106/><V109/><F109/><W47/><G47/><T41/><D41/><U28/><E46/><V36/><REACH who="2" step="1"/><F100/><REACH who="2" ten="250,410,80,250" step="2"/><W16/><G108/><T128/><D24/><U79/><E28/><V125/><F125/><W115/><G32/><T121/><D121/><U130/><E29/><V102/><F102/><W103/><G26/><T110/><D110/><U84/><E130/><V88/><F88/><W54/><G25/><AGARI ba="0,1" hai="2,4,11,18,20,25,72,79,80,84,90,94,116,117" machi="25" ten="30,1500,0" yaku="7,1" doraHai="53" who="1" fromWho="3" sc="250,0,410,25,80,0,250,-15" /><INIT seed="1,1,0,3,2,132" ten="250,435,80,235" oya="1" hai0="106,121,18,42,100,104,7,58,96,71,14,12,43" hai1="103,44,36,19,60,69,23,90,120,38,112,51,85" hai2="111,4,67,92,105,25,70,48,98,63,35,101,16" hai3="83,107,81,77,95,65,110,88,114,6,93,39,86"/><U89/><E112/><V97/><F111/><W5/><G39/><T32/><D71/><U30/><E120/><V64/><F4/><W47/><G65/><T72/><D121/><U1/><E1/><V17/><F64/><W61/><G61/><T29/><D72/><U115/><E115/><V46/><F35/><W134/><G47/><T126/><D106/><U130/><E103/><V20/><F97/><W68/><G68/><T116/><D116/><U9/><E9/><V55/><REACH who="2" step="1"/><F105/><REACH who="2" ten="250,435,70,235" step="2"/><W3/><G107/><T80/><D96/><U74/><E69/><V124/><F124/><W113/><G110/><T59/><D32/><U78/><E38/><V49/><F49/><W26/><G6/><T128/><D104/><U40/><E51/><V2/><F2/><W76/><G5/><T75/><D7/><U27/><E36/><V66/><F66/><W91/><G3/><T119/><D126/><U53/><E60/><V57/><F57/><W28/><G134/><T123/><D58/><U109/><E109/><V11/><F11/><W34/><G114/><T45/><D59/><U94/><E23/><V33/><F33/><W31/><G113/><T87/><D123/><U54/><E130/><V133/><F133/><W79/><REACH who="3" step="1"/><G31/><AGARI ba="1,1" hai="16,17,20,25,31,46,48,55,63,67,70,92,98,101" machi="31" ten="30,7700,0" yaku="1,1,7,1,54,1,53,1" doraHai="132" doraHaiUra="22" who="2" fromWho="3" sc="250,0,435,0,70,90,235,-80" /><INIT seed="2,0,0,3,5,83" ten="250,435,160,155" oya="2" hai0="49,37,43,97,41,108,54,4,35,27,53,90,135" hai1="96,73,115,32,68,78,25,103,30,9,31,14,127" hai2="76,79,65,75,81,11,86,3,40,33,28,133,77" hai3="67,70,15,101,110,38,82,99,8,98,118,55,24"/><V12/><F3/><W100/><G118/><T63/><D108/><U128/><E115/><V17/><F133/><W132/><G38/><T84/><D135/><U88/><E31/><V5/><F65/><W34/><G110/><T48/><D37/><U91/><E128/><V125/><F40/><W45/><G132/><T112/><D63/><U51/><E127/><V109/><F125/><W134/><G134/><T80/><D112/><U117/><E117/><V0/><F109/><W64/><G34/><T94/><D4/><U119/><E68/><V23/><REACH who="2" step="1"/><F75/><REACH who="2" ten="250,435,150,155" step="2"/><W104/><G64/><T7/><D43/><U131/><E73/><V18/><F18/><W61/><G67/><T130/><D130/><U1/><E1/><V116/><F116/><W69/><G70/><T52/><D7/><U56/><E119/><V13/><F13/><W72/><G69/><T95/><D41/><U20/><E14/><V92/><F92/><W126/><G126/><T44/><D95/><U10/><E131/><V19/><F19/><W122/><G72/><T59/><D53/><U121/><E121/><V89/><F89/><W62/><G15/><T58/><D27/><AGARI ba="0,1" hai="0,5,11,12,17,23,27,28,33,76,77,79,81,86" machi="27" ten="40,12000,1" yaku="1,1,24,2,52,1,53,0" doraHai="83" doraHaiUra="57" who="2" fromWho="0" sc="250,-120,435,0,150,130,155,0" /><INIT seed="2,1,0,3,3,67" ten="130,435,280,155" oya="2" hai0="21,105,124,84,43,33,95,86,58,51,44,127,68" hai1="18,0,110,70,91,78,15,73,74,126,130,89,88" hai2="41,29,10,27,75,49,98,122,50,39,131,108,101" hai3="22,129,12,16,45,114,125,6,128,92,80,20,1"/><V23/><F122/><W19/><G92/><T40/><D105/><U111/><E0/><V65/><F75/><W93/><G93/><T4/><D33/><U11/><E126/><N who="0" m="48169" /><D4/><U55/><E130/><N who="3" m="50282" /><G80/><T46/><D58/><U115/><E115/><V103/><F131/><W5/><G125/><T133/><D133/><U35/><E35/><V69/><F103/><W81/><G81/><T53/><D95/><U116/><E116/><V13/><F39/><W47/><G114/><T54/><D21/><U132/><E132/><V62/><F41/><N who="0" m="15946" /><D68/><U135/><E70/><V61/><F61/><W76/><G76/><T17/><D17/><U94/><E94/><V99/><F108/><W96/><G96/><T119/><D119/><U7/><E135/><V121/><F121/><W63/><G63/><T8/><D8/><U24/><E78/><V64/><F99/><W31/><G31/><T66/><D66/><U113/><E113/><V25/><F65/><W34/><G34/><T2/><D2/><U71/><E111/><V56/><F69/><W90/><G90/><T100/><D100/><U52/><E71/><V9/><F101/><W57/><G57/><T30/><D30/><U87/><E110/><V14/><F98/><W38/><G38/><T59/><D59/><U106/><E106/><V77/><F77/><W118/><G118/><T123/><D123/><U120/><E120/><V79/><F79/><W112/><G112/><T3/><D3/><U28/><E91/><V26/><F29/><W102/><G102/><T82/><D82/><U109/><E109/><V107/><F107/><RYUUKYOKU ba="1,0" sc="130,30,435,-10,280,-10,155,-10" hai0="44,46,51,53,54,84,86" /><INIT seed="3,2,0,4,4,84" ten="160,425,270,145" oya="3" hai0="117,135,6,44,101,24,37,93,26,28,104,58,133" hai1="113,39,40,114,120,122,25,88,11,20,103,64,90" hai2="4,83,7,57,77,94,60,47,107,82,13,106,32" hai3="108,46,33,18,35,98,9,86,43,111,92,95,66"/><W1/><G66/><T134/><D104/><U75/><E75/><V109/><F32/><W48/><G86/><T3/><D117/><U59/><E103/><V27/><F109/><N who="3" m="42059" /><G92/><T124/><D124/><U128/><E64/><V22/><F83/><W41/><G43/><N who="0" m="22639" /><D28/><U80/><E40/><V123/><F47/><W19/><G1/><T29/><D29/><U89/><E80/><V45/><F45/><W38/><G38/><T56/><D6/><U23/><E39/><V15/><F106/><W69/><G69/><T112/><D3/><U65/><E65/><V10/><F94/><W63/><G63/><T36/><D36/><U21/><E59/><N who="0" m="22569" /><D112/><U42/><E113/><V119/><F107/><W0/><G0/><T131/><D131/><U118/><E128/><V78/><F82/><W31/><G31/><T5/><D5/><U115/><E115/><V81/><F81/><W76/><G76/><T125/><D125/><U53/><E114/><V30/><F78/><W52/><G41/><T8/><D8/><U129/><E11/><V50/><F77/><W87/><G87/><T16/><D16/><N who="3" m="6185" /><G9/><T132/><N who="0" m="33792" /><DORA hai="105" /><T126/><D126/><U17/><E42/><V127/><F127/><W74/><G74/><T91/><D101/><AGARI ba="2,0" hai="33,35,46,48,52,95,98,101" m="6185,42059" machi="101" ten="30,11600,0" yaku="14,1,10,1,54,2" doraHai="84,105" who="3" fromWho="0" sc="160,-122,425,0,270,0,145,122" /><INIT seed="3,3,0,5,4,54" ten="38,425,270,267" oya="3" hai0="118,63,51,42,28,39,15,0,64,46,86,66,55" hai1="132,73,31,25,27,127,74,68,70,5,36,35,122" hai2="90,48,69,116,105,18,135,53,131,29,33,17,97" hai3="104,24,14,20,56,108,87,3,26,62,60,38,93"/><W126/><G3/><T16/><D0/><U112/><E112/><V121/><F116/><W129/><G104/><T8/><D118/><U71/><E122/><V2/><F69/><W1/><G38/><T58/><D28/><U50/><E36/><V81/><F121/><W103/><G1/><T65/><REACH who="0" step="1"/><D86/><REACH who="0" ten="28,425,270,267" step="2"/><U41/><E31/><V57/><F29/><W115/><G87/><T98/><D98/><U47/><E74/><V21/><F97/><W7/><G115/><T75/><D75/><U107/><E73/><V124/><F2/><W123/><G123/><T83/><D83/><U120/><E120/><V99/><F81/><W114/><G114/><T101/><D101/><U22/><E70/><AGARI ba="3,1" hai="8,15,16,39,42,46,51,55,58,63,64,65,66,70" machi="70" ten="30,12000,2" yaku="1,1,7,1,24,2,52,1,54,1,53,1" doraHai="54" doraHaiUra="52" who="0" fromWho="1" sc="28,139,425,-129,270,0,267,0" /><INIT seed="4,0,0,1,2,17" ten="167,296,270,267" oya="0" hai0="89,15,58,28,110,18,94,41,97,80,9,115,75" hai1="56,72,134,10,62,20,36,92,129,37,11,78,32" hai2="0,106,124,55,4,128,7,2,71,81,105,43,53" hai3="24,48,44,130,132,123,13,25,63,103,109,93,30"/><T86/><D115/><U38/><E32/><V76/><F71/><W49/><G109/><T73/><D110/><U102/><E129/><V6/><F43/><W68/><G130/><T22/><D41/><U51/><E134/><V108/><F108/><W118/><G118/><T46/><D46/><U1/><E1/><V133/><F128/><W34/><G132/><T111/><D111/><U21/><E51/><V112/><F112/><W107/><G93/><T74/><D58/><U113/><E113/><V45/><F133/><W135/><G25/><T29/><REACH who="0" step="1"/><D9/><REACH who="0" ten="157,296,270,267" step="2"/><U79/><E11/><V54/><F45/><W90/><G44/><T61/><D61/><U70/><E10/><V83/><F124/><W65/><G135/><T96/><D96/><U60/><E60/><V67/><F2/><W33/><G63/><T122/><D122/><U19/><E56/><V47/><F0/><W126/><G123/><T101/><AGARI ba="0,1" hai="15,18,22,28,29,73,74,75,80,86,89,94,97,101" machi="101" ten="30,11700,0" yaku="1,1,0,1,52,1,53,1" doraHai="17" doraHaiUra="98" who="0" fromWho="0" sc="157,127,296,-39,270,-39,267,-39" /><INIT seed="4,1,0,4,0,2" ten="284,257,231,228" oya="0" hai0="111,18,64,63,81,131,19,87,22,127,75,16,7" hai1="12,50,47,24,101,70,90,62,132,134,44,99,26" hai2="51,31,83,76,128,92,66,56,9,14,60,71,130" hai3="1,107,114,122,21,78,45,68,117,25,119,35,37"/><T39/><D39/><U109/><E109/><V8/><F31/><W13/><G13/><T126/><D111/><U113/><E90/><V115/><F92/><W96/><G21/><T116/><D75/><U108/><E108/><V85/><F115/><W32/><G78/><T106/><D106/><U6/><E62/><V103/><F103/><W15/><G15/><T97/><D116/><U82/><E70/><V29/><F29/><W77/><G77/><T91/><D131/><N who="2" m="50218" /><F14/><W129/><G45/><T105/><D22/><U79/><E113/><V27/><F27/><W3/><G25/><T55/><D55/><AGARI ba="1,0" hai="8,9,51,55,56,60,66,71,76,83,85" m="50218" machi="55" ten="30,1000,0" yaku="19,1" doraHai="2" who="2" fromWho="0" sc="284,-13,257,0,231,13,228,0" /><INIT seed="5,0,0,4,2,114" ten="271,257,244,228" oya="1" hai0="119,36,84,125,50,32,28,129,79,102,6,100,16" hai1="58,34,95,48,89,43,27,17,54,35,47,96,87" hai2="33,105,91,59,8,53,85,11,63,14,56,133,7" hai3="2,1,104,51,52,13,25,4,75,42,106,124,26"/><U128/><E128/><V67/><F33/><W21/><G75/><T99/><D36/><U38/><E27/><V109/><F105/><W29/><G42/><T77/><D119/><U22/><REACH who="1" step="1"/><E96/><REACH who="1" ten="271,247,244,228" step="2"/><V122/><F122/><W120/><G120/><T118/><D129/><U5/><E5/><V81/><F133/><W60/><G124/><T3/><D6/><U19/><E19/><V116/><F109/><W108/><G108/><T46/><D16/><U97/><E97/><V61/><REACH who="2" step="1"/><F8/><REACH who="2" ten="271,247,234,228" step="2"/><W86/><G106/><T127/><D127/><U93/><E93/><V9/><F9/><W98/><G104/><T88/><D125/><U15/><AGARI ba="0,2" hai="15,17,22,34,35,38,43,47,48,54,58,87,89,95" machi="15" ten="20,12000,1" yaku="1,1,0,1,7,1,25,2,53,0" doraHai="114" doraHaiUra="130" who="1" fromWho="1" sc="271,-40,247,140,234,-40,228,-40" /><INIT seed="5,1,0,4,2,90" ten="231,387,194,188" oya="1" hai0="10,48,131,116,65,6,84,40,1,95,53,72,66" hai1="76,118,77,46,21,17,73,27,16,86,45,55,75" hai2="26,7,37,4,19,126,113,70,121,12,22,134,60" hai3="82,41,92,124,127,78,117,105,32,33,34,5,31"/><U25/><E118/><V54/><F37/><W63/><G105/><T87/><D72/><U99/><E99/><V115/><F70/><W100/><G117/><T79/><D116/><U111/><E86/><V64/><F64/><W108/><G41/><T35/><D35/><U129/><E129/><V43/><F43/><W135/><G5/><N who="2" m="2121" /><F54/><W30/><G108/><T36/><D131/><U125/><E55/><V89/><F60/><W130/><G63/><T9/><D9/><U57/><E57/><V80/><F80/><W98/><G135/><T58/><D87/><U81/><E111/><V51/><F51/><W23/><G23/><T29/><D29/><U18/><E125/><N who="3" m="48202" /><G130/><T74/><D84/><AGARI ba="1,0" hai="30,31,32,33,34,78,82,84,92,98,100" m="48202" machi="84" ten="40,2600,0" yaku="18,1,52,1" doraHai="90" who="3" fromWho="0" sc="231,-29,387,0,194,0,188,29" /><INIT seed="6,0,0,2,2,7" ten="202,387,194,217" oya="2" hai0="52,53,51,14,135,112,108,0,23,114,36,45,2" hai1="95,110,83,40,8,56,77,122,57,100,61,65,26" hai2="48,119,44,88,128,18,76,5,17,107,49,120,126" hai3="68,33,60,117,20,13,9,43,19,35,113,32,124"/><V69/><F119/><W127/><G117/><T80/><D108/><U4/><E110/><V42/><F120/><W16/><G43/><T22/><D135/><U129/><E129/><V106/><F69/><W31/><G113/><N who="0" m="43627" /><D36/><U39/><E122/><V125/><F128/><W41/><G41/><T6/><D53/><U98/><E26/><V54/><F76/><W47/><G47/><T12/><D80/><U30/><E30/><V10/><F107/><W85/><G85/><T92/><D92/><U123/><E123/><V89/><F106/><W75/><G75/><T111/><D111/><U82/><E77/><V15/><F126/><N who="3" m="48171" /><G31/><T102/><D102/><U28/><E28/><V133/><F133/><W38/><G38/><T63/><D63/><U55/><E40/><V71/><F71/><W3/><G3/><N who="0" m="1067" /><D14/><N who="1" m="5383" /><E39/><V121/><F125/><W67/><G33/><T59/><D45/><U115/><E115/><V118/><F118/><W84/><G84/><T37/><D37/><U72/><E72/><V87/><F121/><W24/><AGARI ba="0,0" hai="9,13,16,19,20,24,32,35,60,67,68" m="48171" machi="24" ten="30,4000,0" yaku="18,1,52,1,54,1" doraHai="7" who="3" fromWho="3" sc="202,-10,387,-10,194,-20,217,40" /><INIT seed="7,0,0,1,4,20" ten="192,377,174,257" oya="3" hai0="5,42,18,101,83,35,90,8,105,29,32,1,28" hai1="6,46,91,36,92,52,13,127,100,39,117,15,67" hai2="125,19,58,99,43,69,24,14,34,66,48,49,134" hai3="123,56,135,9,122,50,12,2,60,93,77,38,72"/><W73/><G38/><T103/><D42/><U33/><E33/><V114/><F34/><W7/><G135/><T110/><D110/><U55/><E67/><V84/><F69/><W89/><G2/><T10/><D105/><U3/><E3/><V59/><F134/><W118/><G118/><T76/><D90/><U111/><E100/><V74/><F74/><W45/><G77/><T116/><D116/><U62/><E117/><V16/><F114/><W104/><G104/><T54/><D54/><U108/><E62/><N who="2" m="38231" /><F125/><W21/><G21/><T86/><D32/><U68/><E15/><V109/><F109/><W107/><G107/><T102/><REACH who="0" step="1"/><D35/><REACH who="0" ten="182,377,174,257" step="2"/><U120/><E52/><N who="2" m="32135" /><F99/><W51/><G122/><T17/><D17/><U95/><E55/><V133/><F133/><W37/><G123/><T65/><D65/><U98/><E98/><V85/><F43/><W44/><G89/><T61/><D61/><U47/><E91/><V130/><F130/><W64/><G60/><T70/><D70/><U96/><E96/><V22/><F49/><W119/><G50/><T88/><D88/><U25/><E108/><V131/><F131/><W0/><G51/><T71/><D71/><U30/><E68/><V57/><F57/><W23/><G56/><T82/><D82/><U53/><E111/><V80/><F80/><W113/><G119/><T75/><D75/><U124/><E120/><V132/><F132/><W106/><G73/><T40/><D40/><U129/><E129/><V4/><F4/><W115/><G7/><T94/><D94/><U78/><E6/><V11/><AGARI ba="0,1" hai="11,14,16,19,22,24,84,85" m="32135,38231" machi="11" ten="30,8000,1" yaku="5,1,8,1,52,1,54,2" doraHai="20" who="2" fromWho="2" sc="182,-20,377,-20,174,90,257,-40" owari="162,-34.0,357,46.0,264,6.0,217,-18.0" /></mjloggm>