<mjloggm ver="2.3"><GO type="169" lobby="0"/><UN n0="%69%70%73%E6%88%A6%E5%A3%AB" n1="%E9%95%B7%E5%B2%A1" n2="%E8%B0%B7%E5%8F%A3%E3%81%93%E3%81%86%E3%81%B8%E3%81%84" n3="%6D%61%74%6F%30%36%30%33" dan="16,17,17,18" rate="2046.17,2196.74,2198.16,2271.13" sx="M,M,M,M"/><TAIKYOKU oya="0"/><INIT seed="0,0,0,3,3,10" ten="250,250,250,250" oya="0" hai0="31,79,0,19,35,24,20,88,117,56,41,27,52" hai1="65,130,85,3,23,102,64,34,38,74,132,6,49" hai2="47,57,59,124,119,39,111,89,70,73,118,32,5" hai3="18,67,87,129,42,8,62,82,55,106,12,71,81"/><T1/><D117/><N who="2" m="44554" /><F73/><W122/><G129/><T75/><D41/><U90/><E34/><V2/><F32/><W125/><G125/><T63/><REACH who="0" step="1"/><D88/><REACH who="0" ten="240,250,250,250" step="2"/><U134/><E90/><V96/><F89/><W53/><G42/><T17/><D17/><U110/><E6/><V30/><F5/><W7/><G122/><T69/><D69/><U26/><E38/><V97/><F70/><W107/><G7/><T103/><D103/><U114/><E102/><V22/><F39/><W29/><G29/><T127/><D127/><U108/><E114/><V68/><F68/><W91/><REACH who="3" step="1"/><G81/><AGARI ba="0,1" hai="0,1,19,20,24,27,31,35,52,56,63,75,79,81" machi="81" ten="40,7700,0" yaku="1,1,54,1,53,1" doraHai="10" doraHaiUra="78" who="0" fromWho="3" sc="240,87,250,0,250,0,250,-77" /><INIT seed="0,1,0,3,5,55" ten="327,250,250,173" oya="0" hai0="2,87,121,8,22,40,57,54,58,115,102,19,17" hai1="93,94,24,116,111,7,42,120,80,45,62,11,90" hai2="59,92,128,101,75,117,60,118,114,30,112,5,28" hai3="23,88,130,9,14,122,106,91,61,84,27,119,33"/><T36/><D121/><U6/><E120/><V125/><F75/><W38/><G119/><N who="2" m="45577" /><F5/><W76/><G122/><T16/><D115/><U123/><E123/><V31/><F128/><W47/><G106/><T72/><D72/><U104/><E104/><V43/><F43/><W15/><G33/><T12/><D102/><U73/><E116/><V21/><F21/><W20/><G130/><T44/><D2/><U78/><E111/><V82/><F82/><N who="3" m="47175" /><G47/><T41/><D41/><U74/><E74/><V109/><F109/><W50/><G50/><T105/><D105/><U131/><E131/><V52/><F125/><W98/><G38/><T70/><D70/><U89/><E62/><V77/><F77/><W134/><G20/><T53/><D87/><U103/><E73/><V100/><F100/><W83/><G83/><T81/><D81/><U65/><E103/><V127/><F127/><W96/><G61/><T4/><REACH who="0" step="1"/><D22/><REACH who="0" ten="317,250,250,173" step="2"/><U113/><E80/><V25/><F25/><W95/><G27/><T110/><D110/><U26/><E42/><V35/><F35/><W18/><G134/><T37/><D37/><U48/><E78/><V67/><F67/><W29/><G91/><T39/><D39/><U46/><E65/><V63/><F114/><W79/><G79/><T71/><D71/><U86/><E113/><V13/><F112/><W129/><G129/><T126/><D126/><U69/><E69/><V1/><F1/><W97/><G29/><T135/><D135/><U32/><E32/><V68/><F68/><W64/><G64/><T66/><D66/><U108/><E108/><RYUUKYOKU ba="1,1" sc="317,15,250,-15,250,-15,173,15" hai0="4,8,12,16,17,19,36,40,44,53,54,57,58" hai3="9,14,15,18,23,88,95,96,97,98" /><INIT seed="0,2,1,2,3,104" ten="332,235,235,188" oya="0" hai0="76,55,48,6,22,114,14,129,91,99,105,23,56" hai1="59,83,40,63,17,116,84,42,119,30,69,94,80" hai2="85,50,43,35,121,90,97,3,120,51,33,88,82" hai3="61,73,110,103,21,13,38,57,78,8,1,66,62"/><T135/><D114/><U77/><E69/><V7/><F7/><W44/><G110/><T113/><D113/><U126/><E126/><V132/><F132/><W75/><G1/><T58/><D135/><U109/><E109/><V36/><F36/><W115/><G115/><T101/><D129/><U118/><E30/><V9/><F9/><W34/><G34/><T53/><D91/><U86/><E94/><V111/><F111/><W54/><G103/><T107/><D107/><U49/><E17/><V89/><F3/><W16/><G78/><T12/><D76/><U79/><REACH who="1" step="1"/><E49/><REACH who="1" ten="332,225,235,188" step="2"/><V28/><F28/><W31/><G38/><T87/><D6/><U15/><E15/><V124/><F124/><W106/><G106/><T25/><D12/><U127/><E127/><V108/><F108/><W5/><G31/><T133/><D14/><U100/><E100/><V122/><F51/><W95/><G95/><N who="0" m="58623" /><D133/><U29/><E29/><V11/><F11/><W60/><G44/><T71/><D71/><U20/><E20/><V41/><F50/><W24/><G61/><N who="0" m="35983" /><D105/><U96/><E96/><V123/><F97/><W27/><G24/><T4/><D4/><U37/><E37/><V0/><F0/><W130/><G130/><T19/><D22/><U68/><E68/><AGARI ba="2,2" hai="5,8,13,16,21,27,54,57,60,62,66,68,73,75" machi="68" ten="30,7700,0" yaku="7,1,52,2,54,1" doraHai="104" who="3" fromWho="1" sc="332,0,225,-83,235,0,188,103" /><INIT seed="1,0,0,3,4,95" ten="332,142,235,291" oya="1" hai0="92,74,94,117,106,99,37,109,22,124,61,97,63" hai1="9,69,33,60,43,100,90,10,78,71,98,54,50" hai2="31,0,5,58,102,65,130,19,36,128,77,25,110" hai3="59,91,14,11,48,53,21,105,8,47,4,15,112"/><U119/><E119/><V79/><F36/><W88/><G112/><T108/><D117/><U82/><E33/><V96/><F110/><N who="0" m="42602" /><D37/><U125/><E125/><V85/><F19/><W23/><G105/><T131/><D74/><U132/><E132/><V30/><F5/><W26/><G47/><T55/><D106/><U29/><E29/><V68/><F0/><W87/><G87/><T107/><D107/><U13/><E90/><V76/><F68/><W73/><G73/><T93/><D124/><U12/><E43/><V18/><F85/><W133/><G133/><T135/><D131/><N who="2" m="50218" /><F65/><W49/><G49/><T80/><D80/><U64/><E71/><V72/><F58/><W42/><G42/><T45/><D135/><U67/><E67/><V127/><F127/><W24/><G24/><T20/><D45/><U83/><E13/><V51/><F51/><W6/><REACH who="3" step="1"/><G23/><REACH who="3" ten="332,142,235,281" step="2"/><N who="0" m="8747" /><D61/><U57/><E78/><V27/><F72/><W122/><G122/><T40/><D40/><U75/><E75/><V34/><F27/><W126/><G126/><T41/><D41/><U116/><E116/><V46/><F46/><W3/><G3/><T104/><D104/><U129/><E129/><V28/><F34/><W62/><G62/><T86/><D86/><U89/><E50/><V115/><F115/><W81/><G81/><T114/><D114/><U120/><E82/><V1/><F1/><W123/><G123/><T66/><D63/><N who="1" m="36279" /><E120/><V17/><F25/><W39/><G39/><T56/><D66/><U16/><E83/><V35/><F35/><W113/><G113/><T134/><D134/><RYUUKYOKU ba="0,1" sc="332,10,142,-30,235,10,281,10" hai0="55,56,92,93,94,97,99" hai2="17,18,28,30,31,76,77,79,96,102" hai3="4,6,8,11,14,15,21,26,48,53,59,88,91" /><INIT seed="2,1,1,0,2,129" ten="342,112,245,291" oya="2" hai0="6,68,39,20,95,110,103,71,126,7,61,11,112" hai1="58,28,82,26,35,63,134,116,57,94,17,0,47" hai2="37,18,114,65,83,107,67,30,98,76,104,102,62" hai3="117,54,81,33,59,115,128,52,119,111,2,51,29"/><V73/><F67/><W3/><G111/><T92/><D39/><U36/><E116/><V88/><F114/><W89/><G128/><T22/><D112/><U9/><E94/><V34/><F18/><W32/><G115/><T99/><D110/><U8/><E8/><V113/><F113/><W79/><G89/><T75/><D75/><U49/><E36/><V90/><F107/><W101/><G101/><T120/><D120/><U19/><E82/><V4/><F4/><W108/><G108/><T124/><D61/><U84/><E84/><V80/><F83/><W91/><G91/><T55/><D55/><U60/><E60/><V43/><F43/><W27/><G33/><T118/><D118/><U69/><E69/><V38/><F38/><W23/><G32/><T106/><D106/><U10/><E57/><V42/><F42/><W130/><G130/><T122/><D122/><U125/><E125/><N who="0" m="48233" /><D95/><U46/><E46/><V77/><F76/><W127/><G127/><T48/><D48/><U135/><E10/><V21/><F21/><N who="0" m="8298" /><D7/><U41/><E0/><AGARI ba="1,1" hai="0,6,11,68,71,92,99,103" m="8298,48233" machi="0" ten="30,1000,0" yaku="18,1" doraHai="129" who="0" fromWho="1" sc="342,23,112,-13,245,0,291,0" /><INIT seed="3,0,0,2,0,97" ten="365,99,245,291" oya="3" hai0="30,2,72,102,8,14,130,28,34,127,85,113,92" hai1="38,62,104,70,60,18,54,111,6,98,24,45,115" hai2="9,63,65,100,40,32,105,110,53,47,23,132,90" hai3="51,29,76,67,56,52,74,43,125,94,37,20,128"/><W82/><G128/><T108/><D72/><U79/><E115/><V93/><F32/><W33/><G125/><T46/><D127/><U4/><E111/><V10/><F110/><W91/><G33/><T126/><D126/><U123/><E123/><V66/><F105/><W68/><G29/><T57/><D130/><U129/><E79/><V39/><F132/><W120/><G120/><T59/><D2/><U49/><E129/><V117/><F117/><W48/><G37/><T80/><D113/><U0/><E0/><V50/><F23/><W133/><G133/><T83/><D46/><U3/><E3/><V121/><F66/><W124/><G124/><T84/><D34/><U107/><E38/><V25/><F25/><W75/><G20/><T81/><D108/><U118/><E118/><V15/><F15/><W26/><G26/><T41/><D41/><U16/><E107/><V71/><F100/><W19/><G19/><N who="1" m="7210" /><E70/><V5/><F5/><N who="1" m="2153" /><E104/><V122/><F122/><W7/><G7/><N who="0" m="3359" /><D28/><U58/><E24/><V95/><F95/><W22/><G94/><T114/><D30/><U73/><E73/><V87/><REACH who="2" step="1"/><F121/><REACH who="2" ten="365,99,235,291" step="2"/><W42/><G22/><T17/><D114/><U55/><E98/><V89/><F89/><W31/><G91/><T69/><D92/><U36/><E36/><V64/><F64/><W21/><G67/><T119/><D119/><U112/><E112/><V103/><F103/><W78/><G21/><T96/><D102/><U116/><E116/><V134/><F134/><W44/><G31/><T12/><D96/><U61/><AGARI ba="0,1" hai="45,49,54,55,58,60,61,62" m="2153,7210" machi="61" ten="30,2000,0" yaku="8,1,54,1" doraHai="97" who="1" fromWho="1" sc="365,-5,99,30,235,-5,291,-10" /><INIT seed="4,0,0,2,1,35" ten="360,129,230,281" oya="0" hai0="31,25,79,24,41,56,78,107,48,97,0,59,64" hai1="37,68,122,65,92,100,34,74,127,21,9,105,29" hai2="91,133,7,119,83,23,88,49,94,118,19,73,126" hai3="63,69,54,71,55,85,120,98,135,1,129,131,103"/><T57/><D64/><U40/><E92/><V124/><F133/><W60/><G85/><T81/><D0/><U45/><E21/><V26/><F49/><W76/><G76/><T2/><D2/><U47/><E47/><V108/><F108/><W104/><G1/><T125/><D125/><N who="2" m="48234" /><F7/><W67/><G135/><T16/><D79/><U110/><E127/><V123/><F123/><W52/><G120/><T38/><D38/><U130/><E9/><V109/><F109/><W117/><G117/><N who="2" m="44553" /><F94/><W101/><G101/><T42/><D107/><U8/><E8/><V87/><F73/><W17/><G17/><T95/><D48/><U4/><E4/><V96/><F96/><W112/><G112/><T106/><D106/><U121/><E110/><V50/><F50/><W20/><G20/><N who="0" m="13319" /><D31/><U134/><E134/><V5/><F5/><W128/><REACH who="3" step="1"/><G63/><REACH who="3" ten="360,129,230,271" step="2"/><T62/><D62/><N who="1" m="39991" /><E74/><V14/><F91/><W114/><G114/><T15/><D25/><AGARI ba="0,1" hai="14,19,23,25,26,83,87,88" m="44553,48234" machi="25" ten="30,3900,0" yaku="18,1,12,1,54,1" doraHai="35" who="2" fromWho="0" sc="360,-39,129,0,230,49,271,0" /><INIT seed="5,0,0,5,4,33" ten="321,129,279,271" oya="1" hai0="40,0,133,101,117,94,65,12,1,19,103,23,52" hai1="4,34,31,81,113,25,32,16,50,67,98,15,105" hai2="49,38,35,43,102,57,99,91,75,13,85,82,59" hai3="63,30,83,10,118,45,121,20,55,39,124,5,26"/><U132/><E113/><V116/><F116/><W69/><G121/><T42/><D117/><U72/><E132/><V109/><F109/><W129/><G118/><T48/><D133/><U24/><E4/><V44/><F35/><W73/><G129/><T18/><D65/><U17/><E67/><V86/><F75/><W9/><G124/><T70/><D70/><U111/><E111/><V100/><F38/><W92/><G92/><T90/><D42/><U53/><E15/><V27/><F27/><W7/><G69/><T62/><D62/><U56/><E72/><V119/><F119/><W123/><G123/><T87/><D40/><U3/><E3/><N who="0" m="1097" /><D18/><U74/><E74/><V51/><F51/><W71/><G10/><T80/><D80/><U93/><E105/><V104/><F102/><W122/><G83/><T21/><D21/><U106/><E106/><V84/><F84/><W79/><G9/><T107/><D107/><U126/><E126/><V29/><F29/><W22/><G22/><T58/><AGARI ba="0,0" hai="12,19,23,48,52,58,87,90,94,101,103" m="1097" machi="58" ten="30,8000,1" yaku="25,1,52,3,54,1" doraHai="33" who="0" fromWho="0" sc="321,80,129,-40,279,-20,271,-20" /><INIT seed="6,0,0,5,5,85" ten="401,89,259,251" oya="2" hai0="33,58,106,79,97,31,45,53,95,14,98,25,82" hai1="8,72,18,122,104,115,124,68,15,111,131,24,55" hai2="59,88,76,96,103,41,132,89,102,107,21,90,34" hai3="119,44,54,57,60,94,52,67,37,4,101,87,61"/><V5/><F34/><W42/><G119/><T113/><D113/><U120/><E55/><V130/><F130/><W125/><G125/><T123/><D106/><U91/><E68/><V93/><F132/><W10/><G61/><T73/><D123/><N who="1" m="47147" /><E72/><V46/><F5/><W128/><G128/><T71/><D45/><U99/><E131/><V83/><F21/><W129/><G129/><T27/><D71/><U62/><E62/><V23/><F23/><W80/><G94/><T20/><D14/><U0/><E111/><V74/><F59/><W63/><G101/><T2/><D2/><U38/><E38/><V133/><F133/><W84/><G84/><T108/><D108/><U48/><E48/><V64/><F64/><W65/><G63/><T29/><D95/><N who="1" m="56831" /><E115/><V28/><F28/><W70/><G67/><T9/><D9/><N who="1" m="6511" /><E104/><V35/><F35/><W92/><G70/><T19/><D31/><U11/><E124/><V16/><F103/><W109/><G109/><T127/><D127/><U126/><E126/><V12/><F107/><W40/><G40/><T7/><D7/><N who="1" m="1127" /><E24/><V13/><REACH who="2" step="1"/><F16/><REACH who="2" ten="401,89,249,251" step="2"/><W32/><G65/><T86/><D33/><U50/><E50/><AGARI ba="0,1" hai="12,13,41,46,50,74,76,83,88,89,90,93,96,102" machi="50" ten="40,18000,2" yaku="1,1,2,1,52,3,54,1,53,1" doraHai="85" doraHaiUra="78" who="2" fromWho="1" sc="401,0,89,-180,249,190,251,0" owari="401,20.0,-91,-59.0,439,54.0,251,-15.0" /></mjloggm>