<mjloggm ver="2.3"><GO type="185" lobby="0"/><UN n0="%E3%83%A6%E3%82%A6%E3%83%8B%E3%83%A3" n1="%E9%95%B7%E5%85%89%E9%BA%BB%E5%A4%9C" n2="%74%61%6B%61%2D%31%31%36" n3="" dan="18,16,16,0" rate="2283.88,2203.25,2161.03,1500.00" sx="M,M,M,C"/><TAIKYOKU oya="0"/><INIT seed="0,0,0,1,1,108" ten="350,350,350,0" oya="0" hai0="113,57,43,86,50,105,36,46,81,88,42,74,112" hai1="64,0,79,35,73,98,84,2,117,66,83,89,91" hai2="58,124,110,90,51,80,85,69,56,33,122,97,76" hai3=""/><T132/><D132/><U45/><E117/><V87/><N who="2" m="31264" /><V93/><F33/><T115/><D105/><U116/><E116/><V44/><F110/><T109/><D109/><U121/><N who="1" m="31008" /><U1/><E35/><V120/><N who="2" m="30752" /><V82/><F69/><T95/><D57/><U130/><E130/><V99/><F124/><T102/><D102/><U94/><REACH who="1" step="1"/><E45/><REACH who="1" ten="350,340,350,0" step="2"/><V128/><F128/><T123/><N who="0" m="31520" /><T54/><REACH who="0" step="1"/><D36/><REACH who="0" ten="340,340,350,0" step="2"/><U77/><E77/><AGARI ba="0,2" hai="42,43,46,50,54,74,77,81,86,88,95,112,113,115" m="31520" machi="77" ten="40,18000,2" yaku="1,1,2,1,52,4,54,1,53,0" doraHai="108" doraHaiUra="55" who="0" fromWho="1" sc="340,200,340,-180,350,0,0,0" /><BYE who="1" /><UN n1="%E9%95%B7%E5%85%89%E9%BA%BB%E5%A4%9C" /><INIT seed="0,1,0,4,2,132" ten="540,160,350,0" oya="0" hai0="115,108,93,118,3,55,51,107,37,88,128,76,94" hai1="67,82,87,68,100,97,56,109,70,49,69,90,112" hai2="33,91,34,54,125,133,114,32,127,1,71,83,65" hai3=""/><T45/><D118/><U58/><E109/><V75/><F1/><T77/><D115/><U72/><E112/><V105/><F114/><T117/><D117/><U135/><E135/><V111/><F133/><T62/><D107/><U48/><E72/><V124/><F111/><T122/><N who="0" m="31264" /><T102/><D108/><U42/><E42/><V98/><F54/><T81/><D37/><U96/><E96/><V84/><F75/><T46/><D128/><U74/><E74/><V126/><F126/><T39/><D39/><U73/><E73/><V61/><F34/><T131/><D3/><U101/><E101/><AGARI ba="1,0" hai="32,33,61,65,71,83,84,91,98,101,105,124,125,127" machi="101" ten="40,8000,1" yaku="18,1,52,3" doraHai="132" who="2" fromWho="1" sc="540,0,160,-82,350,82,0,0" /><INIT seed="1,0,0,4,2,112" ten="540,78,432,0" oya="1" hai0="107,51,70,45,73,114,42,63,35,113,104,61,48" hai1="40,97,85,91,120,68,127,95,80,98,83,133,111" hai2="121,54,60,82,66,32,1,84,49,46,47,119,92" hai3=""/><U88/><N who="1" m="30752" /><U56/><E68/><V53/><N who="2" m="31008" /><V81/><F32/><T105/><D73/><U122/><N who="1" m="31264" /><U126/><E40/><V90/><F119/><T52/><D35/><U108/><E56/><V74/><F74/><T86/><D86/><U101/><E133/><V132/><F1/><T64/><REACH who="0" step="1"/><D61/><REACH who="0" ten="530,78,432,0" step="2"/><U96/><E83/><V93/><F132/><T135/><D135/><U109/><REACH who="1" step="1"/><E97/><REACH who="1" ten="530,68,432,0" step="2"/><V103/><F82/><T117/><D117/><U130/><E130/><V57/><F81/><T38/><D38/><U41/><E41/><V69/><F60/><T100/><D100/><U131/><E131/><V78/><F103/><T37/><D37/><U36/><E36/><V62/><F62/><T3/><D3/><U71/><E71/><V65/><F69/><T102/><D102/><U2/><E2/><V59/><F57/><AGARI ba="0,2" hai="42,45,48,51,52,57,63,64,70,104,105,107,113,114" machi="57" ten="40,5200,0" yaku="1,1,54,1,53,1" doraHai="112" doraHaiUra="67" who="0" fromWho="2" sc="530,72,68,0,432,-52,0,0" /><INIT seed="2,0,0,3,4,62" ten="602,68,380,0" oya="2" hai0="33,63,2,107,3,82,41,135,64,95,1,65,121" hai1="40,104,93,69,74,57,44,131,53,60,46,77,36" hai2="120,78,134,34,96,98,70,126,114,99,55,124,133" hai3=""/><V102/><N who="2" m="30752" /><V71/><F34/><T115/><N who="0" m="31008" /><T100/><D33/><U87/><E104/><V51/><F78/><T109/><D107/><U94/><E131/><V75/><F75/><T127/><D41/><U103/><E74/><V112/><F102/><T52/><D115/><N who="2" m="44074" /><F55/><T56/><D82/><U90/><E77/><V37/><F51/><T47/><D47/><U43/><E69/><N who="2" m="26123" /><F37/><T58/><D100/><U92/><REACH who="1" step="1"/><E103/><REACH who="1" ten="602,58,380,0" step="2"/><V101/><F101/><T66/><D1/><U42/><E42/><V81/><F81/><T59/><D3/><U125/><E125/><AGARI ba="0,1" hai="96,98,99,124,125,126,133,134" m="26123,44074,30752" machi="125" ten="40,12000,1" yaku="28,2,18,1,52,1" doraHai="62" who="2" fromWho="1" sc="602,0,58,-120,380,130,0,0" owari="602,55.0,-62,-66.0,510,11.0,0,0.0" /></mjloggm>