<mjloggm ver="2.3"><GO type="185" lobby="0"/><UN n0="%E5%A4%9A%E6%9E%97%E6%99%8B" n1="%E9%95%B7%E5%85%89%E9%BA%BB%E5%A4%9C" n2="%E3%81%99%E3%81%9A%E3%82%81%E3%82%AF%E3%83%AC%E3%82%A4%E3%82%B8%E3%83%BC" n3="" dan="16,16,18,0" rate="2183.63,2203.10,2306.76,1500.00" sx="M,M,M,C"/><TAIKYOKU oya="0"/><INIT seed="0,0,0,3,0,38" ten="350,350,350,0" oya="0" hai0="67,123,43,66,35,62,131,105,73,97,33,100,50" hai1="77,61,71,87,2,74,114,112,70,90,57,46,121" hai2="91,58,37,110,127,124,83,92,1,65,115,119,76" hai3=""/><T44/><N who="0" m="31520" /><T95/><D73/><U56/><N who="1" m="31008" /><U117/><E2/><V118/><F37/><T52/><D131/><U68/><E117/><N who="2" m="44555" /><F58/><T130/><D130/><U47/><E77/><V101/><F65/><T72/><D72/><U86/><E74/><V63/><F63/><T93/><D43/><U78/><E78/><V36/><F36/><T48/><D48/><U111/><E111/><V34/><F34/><T99/><D105/><U40/><E57/><V88/><F115/><N who="1" m="44073" /><E90/><N who="2" m="34347" /><F110/><T79/><D33/><U94/><E94/><V113/><F1/><T49/><D35/><U75/><E75/><V122/><N who="2" m="31264" /><V32/><F32/><T96/><D79/><U89/><E89/><V98/><F113/><T64/><D95/><U42/><E47/><V3/><F3/><T108/><D108/><U81/><E81/><V134/><F134/><T0/><D0/><U55/><E46/><V85/><AGARI ba="0,0" hai="76,83,85,92,98,101,124,127" m="31264,34347,44555" machi="85" ten="30,6000,1" yaku="12,1,34,2,52,1,54,1" doraHai="38" who="2" fromWho="2" sc="350,-40,350,-20,350,60,0,0" /><INIT seed="1,0,0,5,5,110" ten="310,330,410,0" oya="1" hai0="77,66,92,45,70,35,38,123,51,48,95,33,112" hai1="62,117,42,133,79,135,34,84,85,1,72,88,130" hai2="87,121,131,125,94,37,81,53,103,71,65,120,111" hai3=""/><U67/><E34/><V91/><N who="2" m="30752" /><V134/><N who="2" m="31008" /><V2/><F2/><T82/><N who="0" m="31520" /><T60/><D38/><U75/><E1/><V80/><F111/><T56/><D48/><U99/><E117/><V126/><F37/><T96/><D70/><U132/><E130/><V113/><F131/><T76/><D112/><U39/><E42/><V59/><F134/><T58/><D58/><U102/><E39/><V63/><F103/><T122/><N who="0" m="31264" /><T109/><D109/><U86/><E79/><V119/><F113/><T115/><D115/><U44/><E44/><V104/><F104/><T93/><D96/><U114/><E114/><V124/><F119/><T61/><D61/><AGARI ba="0,0" hai="53,59,61,63,65,71,80,81,87,91,94,124,125,126" m="31008,30752" machi="61" ten="40,5200,0" yaku="18,1,52,2" doraHai="110" who="2" fromWho="0" sc="310,-52,330,0,410,52,0,0" /><INIT seed="2,0,0,3,4,60" ten="258,330,462,0" oya="2" hai0="97,102,50,87,54,91,0,110,40,134,115,68,126" hai1="119,76,61,35,101,114,129,105,66,74,58,81,127" hai2="64,93,133,95,116,36,111,99,125,98,47,122,38" hai3=""/><V90/><N who="2" m="31264" /><V83/><F116/><T80/><D0/><U49/><E35/><V113/><F113/><T89/><D115/><U104/><E119/><V57/><F133/><T70/><D134/><U52/><E114/><V75/><F125/><T45/><D126/><U42/><E127/><V67/><F111/><T109/><D91/><U73/><E129/><V82/><F57/><T124/><D124/><U84/><E42/><V94/><F94/><T85/><D85/><U96/><REACH who="1" step="1"/><E105/><REACH who="1" ten="258,320,462,0" step="2"/><V55/><F55/><T39/><D110/><U65/><E65/><V131/><F131/><T78/><D109/><U62/><E62/><V1/><F1/><T100/><D54/><U108/><E108/><V135/><F135/><T72/><D39/><U51/><E51/><V103/><F75/><T37/><D37/><U121/><N who="1" m="31008" /><U106/><E106/><V128/><F128/><T59/><D72/><U118/><E118/><V120/><N who="2" m="30752" /><V48/><F36/><T43/><D40/><U92/><E92/><V33/><F33/><T79/><D43/><U112/><E112/><V41/><F38/><T34/><D34/><U44/><AGARI ba="0,1" hai="44,49,52,58,61,66,73,74,76,81,84,96,101,104" m="31008" machi="44" ten="20,9000,2" yaku="1,1,0,1,7,1,52,2,54,1,53,0" doraHai="60" doraHaiUra="130" who="1" fromWho="1" sc="258,-30,320,100,462,-60,0,0" /><INIT seed="4,0,0,4,3,114" ten="228,420,402,0" oya="0" hai0="44,36,98,40,126,118,115,73,94,53,89,71,95" hai1="113,100,58,122,105,67,120,48,50,130,68,92,46" hai2="64,77,52,90,45,66,129,116,119,104,62,93,49" hai3=""/><T96/><D73/><U3/><N who="1" m="30752" /><U32/><N who="1" m="31264" /><U127/><E32/><V112/><F112/><T109/><D115/><U107/><E113/><V76/><F104/><T57/><D109/><U39/><E3/><V34/><F34/><T61/><D126/><U99/><E127/><V75/><F129/><T37/><D71/><U111/><E111/><V38/><F38/><T2/><D2/><U65/><E130/><V133/><F133/><T97/><D36/><U87/><E68/><V1/><F1/><T128/><D128/><U88/><E39/><V81/><F77/><T55/><D118/><N who="2" m="45098" /><F62/><T47/><D47/><U85/><E105/><V63/><F63/><T123/><N who="0" m="31520" /><T132/><D132/><U74/><E74/><V91/><F91/><T106/><D106/><U84/><E107/><V43/><F43/><T117/><D117/><U124/><E124/><V60/><F60/><T54/><REACH who="0" step="1"/><D89/><REACH who="0" ten="218,420,402,0" step="2"/><U41/><E88/><V59/><F45/><T121/><N who="0" m="31008" /><T102/><D102/><U86/><N who="1" m="21504" /><DORA hai="134" /><U101/><E101/><V108/><F108/><T70/><D70/><U125/><E125/><V72/><F75/><T82/><D82/><U35/><E35/><V33/><F33/><T135/><D135/><RYUUKYOKU ba="0,1" sc="218,0,420,0,402,0,0,0" hai0="37,40,44,53,54,55,57,61,94,95,96,97,98" hai1="41,46,48,50,58,65,67,92,99,100" hai2="49,52,59,64,66,72,76,81,90,93" /><INIT seed="4,1,1,4,4,109" ten="218,420,402,0" oya="0" hai0="126,34,60,98,67,76,121,83,125,48,56,73,44" hai1="85,75,129,115,86,97,50,120,49,64,96,131,53" hai2="70,45,123,124,55,89,69,82,38,105,79,134,101" hai3=""/><T102/><N who="0" m="31008" /><T119/><D34/><U65/><N who="1" m="30752" /><U0/><E75/><V33/><N who="2" m="31520" /><V42/><F33/><T68/><D68/><U72/><E72/><V71/><F134/><T132/><D132/><U95/><E95/><V117/><F124/><T3/><D3/><U128/><E0/><V46/><F89/><T57/><D56/><U32/><E32/><V90/><F90/><T108/><D119/><U91/><E91/><V74/><F55/><T36/><D36/><U88/><E88/><V127/><F46/><T81/><D108/><U110/><E110/><V77/><F77/><T93/><REACH who="0" step="1"/><D81/><REACH who="0" ten="208,420,402,0" step="2"/><U78/><E129/><V52/><F117/><T94/><D94/><U107/><E128/><V62/><F70/><T111/><D111/><U100/><E131/><V35/><F35/><T2/><D2/><U122/><N who="1" m="31264" /><U58/><E58/><V116/><F116/><T133/><D133/><U84/><E107/><V130/><F130/><T61/><D61/><U39/><E39/><V104/><F105/><T135/><D135/><U43/><E78/><V118/><F118/><T92/><D92/><U113/><E50/><V114/><F71/><T40/><AGARI ba="1,2" hai="40,44,48,57,60,67,73,76,83,93,98,102,125,126" m="31008" machi="40" ten="30,7800,0" yaku="1,1,0,1,52,1,53,1" doraHai="109" doraHaiUra="54" who="0" fromWho="0" sc="208,100,420,-40,402,-40,0,0" /><INIT seed="4,2,0,1,2,94" ten="308,380,362,0" oya="0" hai0="76,128,63,108,97,127,70,133,65,73,81,44,89" hai1="64,91,45,82,50,106,121,36,85,47,95,98,135" hai2="123,111,132,125,46,84,2,134,79,57,42,51,3" hai3=""/><T87/><D108/><U77/><N who="1" m="31008" /><U34/><E34/><V122/><N who="2" m="31264" /><V124/><N who="2" m="31520" /><V78/><F111/><T99/><D128/><U61/><E135/><N who="2" m="51755" /><F84/><T1/><D133/><U117/><E117/><V116/><F57/><T120/><N who="0" m="30752" /><T59/><D127/><N who="2" m="48714" /><F116/><T114/><D114/><U53/><E106/><V119/><F119/><T100/><D1/><AGARI ba="2,0" hai="1,2,3,42,46,51,78,79" m="48714,51755,31520,31264" machi="1" ten="40,8000,1" yaku="20,1,18,1,52,2" doraHai="94" who="2" fromWho="0" sc="308,-84,380,0,362,84,0,0" /><INIT seed="5,0,0,1,3,43" ten="224,380,446,0" oya="1" hai0="84,49,82,0,37,75,109,42,56,113,3,55,85" hai1="90,50,52,122,88,45,51,117,80,92,104,34,121" hai2="134,130,124,128,46,125,65,106,76,91,115,86,135" hai3=""/><U77/><N who="1" m="31008" /><U129/><N who="1" m="31264" /><U39/><E34/><V93/><F115/><T101/><D109/><U97/><E117/><V105/><F46/><T71/><D71/><U69/><E39/><V79/><F65/><T78/><D113/><U74/><E129/><N who="2" m="49771" /><F76/><T100/><D84/><U61/><E104/><N who="2" m="40043" /><F79/><T112/><D112/><U94/><E51/><V2/><F2/><T98/><D85/><U59/><E69/><V123/><N who="2" m="31520" /><V132/><AGARI ba="0,0" hai="86,91,93,124,125,132,134,135" m="31520,40043,49771" machi="132" ten="40,12000,3" yaku="4,1,30,2,20,1,19,1,34,2,52,1" doraHai="43" who="2" fromWho="2" sc="224,-40,380,-80,446,120,0,0" /><INIT seed="6,0,0,4,5,100" ten="184,300,566,0" oya="2" hai0="52,37,87,77,78,92,114,122,94,41,35,107,75" hai1="62,99,65,76,64,82,131,49,73,97,112,101,46" hai2="40,53,93,102,55,34,133,84,127,68,121,132,85" hai3=""/><V120/><N who="2" m="30752" /><V43/><N who="2" m="31008" /><V38/><F68/><T72/><N who="0" m="31264" /><T33/><D37/><U57/><E131/><V118/><F127/><T110/><D41/><U1/><E112/><V47/><F118/><T63/><D110/><U117/><E117/><V83/><F34/><T96/><D114/><U56/><E1/><V134/><F43/><T54/><D63/><U124/><E124/><V69/><F69/><T95/><D95/><U129/><E129/><V81/><F102/><T80/><D87/><N who="2" m="33354" /><F93/><T2/><D96/><U44/><E99/><V88/><F88/><T61/><D61/><U116/><E116/><V45/><F45/><T89/><D89/><U67/><E46/><V79/><F79/><T135/><D80/><AGARI ba="0,0" hai="38,40,47,53,55,80,81,83,132,133,134" m="33354,31008,30752" machi="80" ten="40,7700,0" yaku="20,1,52,2" doraHai="100" who="2" fromWho="0" sc="184,-77,300,0,566,77,0,0" owari="107,-49.0,300,-10.0,643,59.0,0,0.0" /></mjloggm>