<mjloggm ver="2.3"><GO type="169" lobby="0"/><UN n0="%E4%B8%83%E3%83%84%E6%98%9F%E3%83%9B%E3%82%AF%E3%82%B5%E3%82%A4" n1="%64%75%72%72%72%72%72" n2="%E3%81%A8%E3%82%89%E3%81%84%E3%81%A1" n3="%E3%83%AB%E3%83%AB%E5%8F%82%E4%B8%8A" dan="17,18,16,17" rate="2191.95,2242.36,2072.42,2176.92" sx="M,M,M,F"/><TAIKYOKU oya="0"/><INIT seed="0,0,0,5,5,127" ten="250,250,250,250" oya="0" hai0="26,110,107,108,29,69,4,35,66,95,59,22,72" hai1="14,67,83,49,61,99,55,11,12,40,20,32,57" hai2="54,131,8,79,19,9,77,81,41,96,93,115,60" hai3="123,130,74,112,117,6,126,36,70,75,63,92,16"/><T18/><D107/><U58/><E32/><V119/><F115/><W82/><G6/><T31/><D72/><U68/><E40/><V25/><F131/><W80/><G36/><T86/><D69/><U102/><E83/><V47/><F119/><W134/><G92/><T45/><D4/><U3/><E20/><N who="2" m="13471" /><F41/><W104/><G63/><T37/><D37/><U78/><E78/><N who="2" m="29707" /><F81/><W113/><G70/><T109/><D45/><U84/><E84/><V118/><F118/><W56/><G56/><T91/><REACH who="0" step="1"/><D35/><REACH who="0" ten="240,250,250,250" step="2"/><U87/><E68/><V122/><F122/><W90/><G104/><T34/><D34/><U97/><E58/><N who="2" m="34903" /><F47/><W73/><G123/><T17/><D17/><U128/><E57/><V76/><F76/><W89/><G75/><T33/><D33/><U62/><E3/><V100/><AGARI ba="0,1" hai="8,9,93,96,100" m="34903,29707,13471" machi="100" ten="30,1100,0" yaku="8,1" doraHai="127" who="2" fromWho="2" sc="240,-5,250,-3,250,21,250,-3" /><INIT seed="1,0,0,5,1,76" ten="235,247,271,247" oya="1" hai0="36,103,73,74,33,131,71,37,2,51,91,26,128" hai1="14,48,32,107,124,75,96,24,134,93,109,0,1" hai2="84,5,35,58,17,21,99,63,27,129,119,47,80" hai3="101,64,19,66,30,88,111,104,46,135,9,102,42"/><U110/><E107/><V133/><F119/><W38/><G111/><N who="1" m="42506" /><E134/><V18/><F133/><W90/><G135/><T55/><D103/><U130/><E130/><N who="0" m="49705" /><D91/><U132/><E132/><V72/><F72/><N who="0" m="27754" /><D71/><U41/><E14/><V50/><F129/><W13/><G30/><N who="0" m="19671" /><D2/><U105/><E105/><V57/><F35/><W62/><G64/><T56/><AGARI ba="0,0" hai="36,37,51,55,56" m="19671,27754,49705" machi="56" ten="30,1100,0" yaku="19,1" doraHai="76" who="0" fromWho="0" sc="235,11,247,-5,271,-3,247,-3" /><INIT seed="2,0,0,4,1,53" ten="246,242,268,244" oya="2" hai0="28,11,23,122,3,76,18,130,95,24,118,52,73" hai1="100,64,30,36,44,26,40,21,101,29,128,72,71" hai2="90,124,127,84,51,83,10,54,9,86,27,42,65" hai3="34,91,113,61,87,120,50,102,119,14,117,96,57"/><V47/><F65/><W81/><G120/><T41/><D130/><U20/><E72/><V22/><F42/><W112/><G34/><T48/><D41/><U59/><E71/><V99/><F99/><W116/><G50/><T49/><D49/><U126/><E126/><N who="2" m="48171" /><F86/><W69/><G14/><T1/><D122/><U55/><E64/><V80/><F80/><W7/><G7/><T37/><D37/><U19/><E128/><V6/><F6/><W107/><REACH who="3" step="1"/><G69/><REACH who="3" ten="246,242,268,234" step="2"/><T2/><D118/><U17/><E100/><V123/><F123/><W0/><G0/><T92/><D1/><U114/><E101/><V33/><F33/><W93/><G93/><T89/><D3/><U12/><E114/><V75/><F75/><W39/><G39/><T97/><D95/><U110/><E110/><V121/><F121/><W135/><G135/><T74/><D2/><U70/><E70/><V66/><F51/><AGARI ba="0,1" hai="12,17,19,20,21,26,29,30,36,40,44,51,55,59" machi="51" ten="30,2000,0" yaku="7,1,52,1" doraHai="53" who="1" fromWho="2" sc="246,0,242,30,268,-20,234,0" /><INIT seed="3,0,0,2,4,92" ten="246,272,248,234" oya="3" hai0="62,53,91,54,27,118,64,108,112,40,117,45,70" hai1="63,15,93,30,74,14,76,60,31,67,0,113,52" hai2="116,20,126,135,114,16,78,58,75,47,102,57,97" hai3="1,132,133,101,3,13,42,5,61,32,103,98,18"/><W86/><G32/><T73/><D73/><U33/><E0/><V59/><F114/><W29/><G29/><T122/><D27/><U7/><E113/><V46/><F116/><N who="0" m="44650" /><D91/><U90/><E33/><V10/><F135/><N who="3" m="51787" /><G42/><T48/><D112/><U9/><E15/><V36/><F126/><W104/><G5/><T26/><D26/><U129/><E129/><V119/><F119/><W107/><G86/><T89/><D89/><U123/><E123/><V109/><F10/><N who="3" m="6455" /><G61/><T49/><D122/><U51/><E76/><V124/><F124/><W100/><G100/><T84/><D84/><U19/><E7/><V21/><F36/><W131/><G131/><T87/><D87/><U43/><E43/><V23/><F109/><W56/><G56/><N who="0" m="32815" /><D108/><U99/><E74/><V34/><F34/><W80/><G80/><T39/><D54/><U28/><E67/><V65/><F65/><W38/><G38/><AGARI ba="0,0" hai="38,39,40,45,48,62,64,70" m="32815,44650" machi="38" ten="30,2000,0" yaku="34,2" doraHai="92" who="0" fromWho="3" sc="246,20,272,0,248,0,234,-20" /><INIT seed="4,0,0,4,4,16" ten="266,272,248,214" oya="0" hai0="45,64,4,46,7,126,77,22,44,24,128,43,66" hai1="56,102,40,42,111,122,91,94,130,12,124,52,17" hai2="67,25,134,59,1,133,53,88,39,110,118,108,38" hai3="112,81,114,50,34,28,74,99,26,14,48,113,83"/><T63/><D128/><U33/><E111/><N who="2" m="42539" /><F1/><W62/><G99/><T107/><D107/><U65/><E122/><V2/><F2/><W70/><G14/><T29/><D126/><U49/><E33/><V21/><F67/><N who="3" m="41335" /><G74/><T13/><D43/><U57/><E102/><V116/><F88/><W60/><G60/><T100/><D100/><U5/><E5/><N who="0" m="2121" /><D77/><U96/><E130/><V68/><F68/><W19/><G19/><N who="0" m="10607" /><D63/><N who="1" m="38127" /><E124/><V31/><F38/><W95/><G95/><T92/><D92/><U80/><E80/><AGARI ba="0,0" hai="26,28,34,48,50,80,81,83,112,113,114" m="41335" machi="80" ten="30,1000,0" yaku="15,1" doraHai="16" who="3" fromWho="1" sc="266,0,272,-10,248,0,214,10" /><INIT seed="5,0,0,4,2,124" ten="266,262,248,224" oya="1" hai0="120,84,86,16,110,107,19,63,96,99,135,37,17" hai1="26,101,36,30,113,100,6,130,90,29,123,48,134" hai2="46,50,109,28,22,72,93,45,35,88,25,104,42" hai3="69,128,75,66,40,59,60,102,129,31,15,119,39"/><U73/><E123/><V27/><F109/><W82/><G102/><T9/><D110/><U80/><E36/><V49/><F72/><W125/><G125/><T103/><D37/><U97/><E113/><V0/><F104/><W85/><G75/><T122/><D63/><U67/><E134/><V61/><F0/><W98/><G98/><T65/><D65/><U81/><E6/><V24/><F61/><W108/><G108/><T11/><D135/><U132/><E132/><V52/><F35/><W43/><G119/><T1/><D17/><U115/><E67/><V71/><F71/><W133/><G133/><T116/><D103/><U105/><E100/><V18/><F28/><W64/><G64/><T5/><D5/><U53/><E73/><V41/><F41/><W87/><G87/><AGARI ba="0,0" hai="18,22,24,25,27,42,45,46,49,50,52,87,88,93" machi="87" ten="30,7700,0" yaku="7,1,8,1,54,2" doraHai="124" who="2" fromWho="3" sc="266,0,262,0,248,77,224,-77" /><INIT seed="6,0,0,3,1,122" ten="266,262,325,147" oya="2" hai0="70,96,45,109,73,86,19,40,39,113,36,101,79" hai1="22,129,64,35,59,53,102,74,88,99,61,107,82" hai2="24,84,112,12,108,60,31,116,68,44,1,89,120" hai3="77,7,10,9,90,56,130,23,134,115,117,76,81"/><V0/><F116/><W127/><G117/><T128/><D113/><U33/><E129/><V29/><F120/><W67/><G130/><T131/><D39/><U93/><E64/><V78/><F78/><W62/><G115/><T51/><D51/><U124/><E124/><V135/><F12/><W63/><G127/><T28/><D86/><N who="1" m="52375" /><E22/><V38/><F31/><W75/><G134/><T126/><D126/><U114/><E114/><V111/><F135/><W58/><G77/><AGARI ba="0,0" hai="33,35,53,59,61,74,77,82,99,102,107" m="52375" machi="77" ten="30,2000,0" yaku="24,1,54,1" doraHai="122" who="1" fromWho="3" sc="266,0,262,20,325,0,147,-20" /><INIT seed="7,0,0,2,1,53" ten="266,282,325,127" oya="3" hai0="4,61,21,29,84,121,133,102,124,85,132,62,106" hai1="16,92,7,67,78,108,54,9,26,116,64,27,65" hai2="130,103,120,22,80,91,24,56,82,83,135,20,109" hai3="34,96,93,6,10,17,75,23,25,18,99,68,19"/><W104/><G68/><T43/><D4/><U0/><E108/><V1/><F109/><W118/><G118/><T37/><D21/><U50/><E116/><V57/><F1/><W13/><G75/><T81/><D29/><U12/><E78/><V128/><F135/><W94/><G104/><T28/><D28/><U100/><E0/><V51/><F91/><W105/><G105/><T77/><D106/><U55/><E55/><N who="2" m="31871" /><F103/><W39/><G39/><T129/><D102/><U112/><E112/><V45/><F45/><W11/><G34/><T87/><D124/><U15/><E92/><N who="3" m="35434" /><G11/><T32/><D32/><U115/><E115/><V3/><F3/><W41/><G41/><T97/><D97/><AGARI ba="0,0" hai="6,10,13,17,18,19,23,25,96,97,99" m="35434" machi="97" ten="30,1500,0" yaku="8,1" doraHai="53" who="3" fromWho="0" sc="266,-15,282,0,325,0,127,15" /><INIT seed="7,1,0,3,4,38" ten="251,282,325,142" oya="3" hai0="52,110,105,69,57,116,56,67,46,123,33,121,101" hai1="11,114,42,50,13,85,80,23,28,16,127,75,91" hai2="41,83,71,129,65,102,122,106,107,31,36,96,17" hai3="59,55,51,20,2,5,21,49,130,117,60,35,3"/><W90/><G117/><T62/><D33/><U76/><E114/><V88/><F107/><W132/><G35/><T18/><D110/><U10/><E127/><V19/><F31/><W22/><G130/><T94/><D105/><U78/><E75/><V97/><F122/><N who="0" m="46602" /><D18/><U86/><E28/><V104/><F71/><W1/><G132/><T7/><D94/><N who="1" m="54639" /><E76/><V9/><F36/><W113/><G113/><T89/><D89/><U135/><E135/><V126/><F104/><W128/><G128/><T39/><D7/><U82/><E82/><V68/><F106/><W8/><REACH who="3" step="1"/><G90/><REACH who="3" ten="251,282,325,132" step="2"/><T133/><D133/><U14/><E14/><AGARI ba="1,1" hai="1,2,3,5,8,14,20,21,22,49,51,55,59,60" machi="14" ten="50,4800,0" yaku="1,1,2,1,53,0" doraHai="38" doraHaiUra="30" who="3" fromWho="1" sc="251,0,282,-51,325,0,132,61" /><INIT seed="7,2,0,1,2,86" ten="251,231,325,193" oya="3" hai0="112,69,127,14,34,73,75,11,35,90,103,61,110" hai1="79,72,48,33,60,52,22,95,57,83,20,80,128" hai2="65,36,123,43,132,42,74,130,12,24,6,7,100" hai3="91,93,51,31,129,18,19,59,134,46,66,5,53"/><W9/><G129/><T67/><D110/><U54/><E33/><V118/><F74/><W97/><G134/><T55/><D127/><U119/><E128/><V58/><F36/><W26/><G66/><T25/><D103/><U117/><E83/><V2/><F2/><W106/><G106/><T15/><D112/><U88/><E54/><V101/><F118/><N who="1" m="45065" /><E60/><V21/><F132/><W71/><G71/><T107/><D107/><U135/><E135/><V64/><F130/><W30/><G46/><T92/><D73/><U38/><E38/><V111/><F111/><W17/><REACH who="3" step="1"/><G26/><REACH who="3" ten="251,231,325,183" step="2"/><T45/><D25/><U109/><E109/><V68/><F65/><W81/><G81/><T77/><D45/><U40/><E40/><V121/><F68/><W82/><G82/><T63/><D67/><U23/><E23/><V84/><F24/><W131/><G131/><T96/><D69/><U120/><E120/><V122/><F64/><W27/><G27/><T56/><D35/><U85/><AGARI ba="2,1" hai="20,22,48,52,57,72,79,80,85,88,95" m="45065" machi="85" ten="30,7900,0" yaku="12,1,52,1,54,2" doraHai="86" who="1" fromWho="1" sc="251,-22,231,95,325,-22,183,-41" owari="229,-17.0,326,43.0,303,10.0,142,-36.0" /></mjloggm>