<mjloggm ver="2.3"><GO type="169" lobby="0"/><UN n0="%E5%8D%83%E7%BE%BD%E9%B4%89" n1="%54%4C%6B%65%79" n2="%E3%82%B7%E3%83%B3%E3%83%95%E3%82%A9%E3%83%8B%E3%82%A2" n3="%6B%75%72%69%6D%75" dan="17,16,18,18" rate="2219.30,2168.61,2240.73,2258.24" sx="F,M,M,M"/><TAIKYOKU oya="0"/><INIT seed="0,0,0,0,1,126" ten="250,250,250,250" oya="0" hai0="16,52,14,61,98,34,0,7,54,57,134,64,108" hai1="60,110,104,72,9,3,63,6,102,71,19,50,28" hai2="74,129,116,128,23,82,88,40,113,8,29,31,66" hai3="62,109,5,130,67,12,47,124,101,105,112,93,76"/><T44/><D34/><U30/><E110/><V96/><F40/><W95/><G109/><T80/><D108/><U51/><E72/><V106/><F66/><W123/><G76/><T1/><D134/><U90/><E102/><N who="2" m="62791" /><F113/><W55/><G124/><T115/><D115/><U41/><E104/><V48/><F48/><W131/><G105/><T59/><D7/><U75/><E75/><V119/><F8/><N who="3" m="4111" /><G101/><T21/><D98/><U65/><E63/><V49/><F49/><N who="3" m="29119" /><G123/><T83/><D44/><U38/><E38/><V121/><F121/><W132/><G132/><T133/><D133/><U27/><E50/><V26/><F29/><W89/><G89/><T25/><D64/><U20/><E90/><V39/><F39/><W15/><G15/><T86/><D14/><U114/><E114/><V42/><F42/><W107/><G107/><T35/><D35/><U77/><E77/><N who="2" m="44343" /><F88/><W73/><G73/><T10/><D10/><U37/><E37/><V122/><F122/><W84/><G84/><T127/><D127/><U46/><AGARI ba="0,0" hai="3,6,9,19,20,27,28,30,41,46,51,60,65,71" machi="46" ten="30,1100,0" yaku="0,1" doraHai="126" who="1" fromWho="1" sc="250,-5,250,11,250,-3,250,-3" /><INIT seed="1,0,0,2,0,32" ten="245,261,247,247" oya="1" hai0="29,14,18,40,110,127,63,9,93,13,89,113,4" hai1="117,17,97,25,54,38,22,19,104,65,37,87,107" hai2="84,15,35,131,88,114,120,2,20,49,50,23,41" hai3="102,119,59,80,106,77,28,62,44,26,30,52,5"/><U98/><E117/><V82/><F35/><W10/><G119/><T58/><D110/><U45/><E65/><V79/><F120/><W129/><G129/><T51/><D127/><U67/><E67/><V56/><F131/><W70/><G70/><T99/><D113/><U121/><E121/><V109/><F109/><W95/><G106/><T11/><D29/><U112/><E112/><V27/><F114/><W34/><G28/><T74/><D74/><U90/><E104/><V71/><F71/><W115/><G44/><T81/><D81/><U0/><E0/><V12/><F2/><W92/><G102/><T123/><D123/><U103/><E98/><V21/><F79/><W69/><G69/><T61/><REACH who="0" step="1"/><D58/><REACH who="0" ten="235,261,247,247" step="2"/><U8/><E38/><V85/><F82/><W133/><G115/><T135/><D135/><U24/><E37/><V124/><F56/><W31/><G133/><T36/><D36/><U105/><E105/><V130/><F124/><W101/><G31/><T96/><D96/><U46/><E107/><V125/><F125/><W3/><G101/><T91/><D91/><U116/><E97/><V108/><F108/><W118/><G118/><T33/><D33/><U111/><E103/><V48/><F130/><W128/><G128/><T66/><D66/><U78/><E90/><V42/><F88/><W73/><AGARI ba="0,1" hai="3,5,10,26,30,34,52,59,62,73,77,80,92,95" machi="73" ten="20,5200,0" yaku="0,1,7,1,52,1,54,1" doraHai="32" who="3" fromWho="3" sc="235,-13,261,-26,247,-13,247,62" /><INIT seed="2,0,0,0,3,0" ten="222,235,234,309" oya="2" hai0="30,91,121,84,18,130,119,58,13,116,104,129,2" hai1="37,108,45,66,35,52,112,107,29,33,63,100,53" hai2="38,103,71,5,133,56,25,68,3,36,77,57,122" hai3="6,32,34,11,14,43,51,15,22,87,113,111,31"/><V9/><F122/><W70/><G70/><T26/><D104/><U98/><E112/><V17/><F133/><W89/><G111/><T125/><D58/><U131/><E108/><V82/><F103/><W96/><G96/><T74/><D74/><U120/><E131/><N who="0" m="50185" /><D84/><U132/><E132/><V49/><F17/><W40/><G113/><T110/><D110/><U61/><E61/><V44/><F25/><W93/><G34/><N who="0" m="20823" /><D91/><U80/><E120/><V1/><F1/><W55/><G32/><T69/><D69/><U12/><E35/><V106/><F106/><W95/><G93/><T64/><D64/><U123/><E123/><V76/><F68/><W75/><G75/><T99/><D99/><U92/><E107/><V24/><F71/><W102/><G102/><T86/><D86/><U72/><E72/><V67/><F56/><N who="3" m="32895" /><G31/><T128/><N who="0" m="50193" /><T60/><DORA hai="109" /><D60/><U90/><E29/><V126/><F57/><W4/><G22/><N who="0" m="11599" /><D121/><U54/><E66/><V117/><F67/><W16/><G43/><T94/><D94/><U101/><E63/><V85/><F38/><W21/><G40/><T79/><D79/><U118/><E92/><V127/><F36/><W47/><G47/><T42/><D42/><U10/><E98/><V28/><F77/><W50/><G50/><T83/><D83/><U114/><E80/><V8/><F49/><W78/><G78/><T23/><D2/><U105/><E105/><V134/><F44/><W20/><G20/><T73/><D73/><U39/><E39/><V88/><F76/><W19/><AGARI ba="0,0" hai="4,6,11,14,15,16,19,21,87,89,95" m="32895" machi="19" ten="30,8000,1" yaku="25,1,8,1,52,2,54,1" doraHai="0,109" who="3" fromWho="3" sc="222,-20,235,-20,234,-40,309,80" /><INIT seed="3,0,0,0,2,49" ten="202,215,194,389" oya="3" hai0="97,104,135,133,83,111,117,63,55,48,25,27,119" hai1="58,52,56,70,64,98,75,60,65,85,57,9,101" hai2="99,100,130,13,87,5,61,54,12,15,36,116,45" hai3="16,113,23,94,127,51,68,79,86,11,4,82,103"/><W17/><G68/><T66/><D83/><U20/><E75/><V35/><F116/><N who="0" m="44618" /><D97/><U32/><E32/><V40/><F130/><W102/><G113/><T74/><D74/><U0/><E20/><V6/><F35/><W8/><G127/><T125/><D104/><U109/><E109/><V2/><F87/><W59/><G4/><T114/><D27/><U37/><E37/><V44/><F2/><W29/><G29/><T10/><D10/><N who="3" m="3625" /><G94/><T39/><D25/><U34/><E34/><V3/><F3/><W7/><G7/><T24/><D24/><U108/><E108/><V72/><F72/><W89/><G79/><T77/><D77/><U67/><E85/><V76/><F76/><W120/><G120/><T107/><D107/><U18/><E0/><V84/><F84/><W42/><G42/><T110/><D39/><U78/><E78/><V26/><F6/><W124/><G124/><T121/><D121/><U128/><E128/><V21/><F5/><W92/><G82/><T88/><D88/><U62/><E9/><V41/><F99/><W131/><G131/><T43/><D43/><N who="2" m="16458" /><F36/><W69/><G69/><N who="0" m="42207" /><D125/><U73/><E73/><V115/><F100/><N who="3" m="38443" /><G23/><T28/><D28/><U33/><E33/><V93/><F93/><W31/><G31/><T38/><D38/><U1/><E1/><V126/><F126/><W53/><AGARI ba="0,0" hai="16,17,51,53,59,86,89,92" m="38443,3625" machi="53" ten="30,6000,0" yaku="8,1,52,1,54,1" doraHai="49" who="3" fromWho="3" sc="202,-20,215,-20,194,-20,389,60" /><INIT seed="3,1,0,2,2,69" ten="182,195,174,449" oya="3" hai0="106,64,73,72,8,85,26,98,83,71,33,125,117" hai1="12,20,38,93,103,11,102,46,115,43,50,13,3" hai2="110,5,105,57,132,68,47,14,7,118,67,113,35" hai3="89,128,87,123,2,90,22,28,79,59,9,92,84"/><W114/><G114/><T70/><D117/><U109/><E115/><V107/><F68/><W127/><G123/><T97/><D125/><U108/><E3/><V44/><F113/><W88/><G128/><T122/><D122/><U29/><E50/><V66/><F35/><W60/><G127/><T101/><D8/><U51/><E51/><V75/><F75/><W121/><G121/><T25/><D97/><U4/><E93/><V111/><F14/><W39/><G39/><T135/><D71/><U37/><E37/><V95/><F57/><W74/><G74/><T65/><D135/><U21/><E21/><V134/><REACH who="2" step="1"/><F95/><REACH who="2" ten="182,195,164,449" step="2"/><W76/><G92/><T15/><D15/><U40/><E13/><V58/><F58/><W99/><G59/><T82/><D73/><U10/><E11/><V17/><F17/><W34/><G34/><T32/><D32/><U126/><E126/><V61/><F61/><W104/><G60/><T86/><D72/><U49/><E12/><V45/><F45/><W131/><G28/><T1/><D33/><U91/><E10/><V42/><F42/><W30/><G9/><T77/><D1/><U27/><E4/><V24/><F24/><N who="0" m="9322" /><D70/><U0/><E0/><V96/><F96/><W120/><G99/><T16/><D16/><U94/><E43/><V133/><F133/><W62/><G2/><T124/><D124/><U18/><E18/><V63/><F63/><W55/><G62/><T53/><D53/><U23/><E23/><V48/><F48/><W31/><G55/><T116/><D116/><AGARI ba="1,1" hai="5,7,44,47,66,67,105,107,110,111,116,118,132,134" machi="116" ten="25,3200,0" yaku="1,1,22,2,53,0" doraHai="69" doraHaiUra="19" who="2" fromWho="0" sc="182,-35,195,0,164,45,449,0" /><INIT seed="4,0,0,0,0,29" ten="147,195,209,449" oya="0" hai0="16,83,93,127,133,115,88,38,80,13,68,110,76" hai1="89,9,128,31,44,74,135,117,78,97,47,36,42" hai2="40,96,45,0,95,57,107,106,30,51,101,122,72" hai3="126,32,35,7,85,56,75,70,5,113,92,66,84"/><T10/><D115/><U26/><E117/><V11/><F122/><W81/><G70/><T131/><D68/><U132/><E128/><V14/><F72/><W100/><G75/><T82/><D131/><U71/><E71/><V94/><F0/><W111/><G111/><T37/><D110/><U103/><E89/><V60/><F106/><W4/><G126/><T41/><D127/><U50/><E9/><V28/><F95/><W59/><G113/><T104/><D104/><U119/><E119/><V17/><REACH who="2" step="1"/><F107/><REACH who="2" ten="147,195,199,449" step="2"/><W49/><G92/><T53/><D133/><U114/><E135/><V77/><F77/><W15/><G4/><T61/><D76/><U52/><E132/><V62/><F62/><W58/><G5/><T98/><REACH who="0" step="1"/><D41/><REACH who="0" ten="137,195,199,449" step="2"/><U112/><E78/><V73/><F73/><W129/><G129/><T55/><D55/><AGARI ba="0,2" hai="11,14,17,28,30,40,45,51,55,57,60,94,96,101" machi="55" ten="30,3900,0" yaku="1,1,7,1,8,1,53,0" doraHai="29" doraHaiUra="121" who="2" fromWho="0" sc="137,-39,195,0,199,59,449,0" /><INIT seed="5,0,0,1,5,17" ten="98,195,258,449" oya="1" hai0="117,62,113,94,134,28,77,53,91,112,106,74,67" hai1="78,124,88,27,10,118,130,56,51,69,100,116,73" hai2="3,92,99,111,58,131,35,43,25,46,133,68,57" hai3="34,31,63,119,75,84,55,85,49,64,70,115,120"/><U65/><E69/><V90/><F111/><W128/><G75/><T2/><D2/><U114/><E114/><V98/><F68/><W33/><G128/><T39/><D39/><U44/><E130/><V32/><F3/><W9/><G115/><N who="0" m="44107" /><D106/><U8/><E124/><V93/><F133/><W135/><G9/><T52/><D134/><U47/><E100/><V79/><F79/><W21/><G120/><T107/><D107/><U127/><E127/><V6/><F6/><W89/><G84/><N who="0" m="52583" /><D117/><U1/><E78/><V4/><F4/><W72/><G72/><T104/><D104/><U61/><E73/><V48/><F131/><W38/><G38/><T30/><D77/><U12/><E1/><V42/><F42/><W105/><G105/><T123/><D74/><U0/><E47/><V45/><F45/><W7/><G119/><T87/><D87/><U81/><E27/><V97/><F32/><W132/><G33/><T16/><D123/><U66/><E0/><V82/><F35/><W54/><G34/><T59/><D16/><N who="1" m="8199" /><E118/><V5/><F5/><W41/><G7/><T71/><D71/><U86/><E116/><V18/><F18/><W24/><G132/><T96/><D96/><U102/><E102/><V15/><F99/><W20/><G135/><T36/><D36/><U26/><E10/><V11/><F11/><W40/><G70/><T121/><D121/><U50/><E26/><V95/><F25/><W80/><G24/><T108/><D108/><U109/><E109/><V103/><F103/><W83/><G31/><AGARI ba="0,0" hai="28,30,31,52,53,59,62,67" m="52583,44107" machi="31" ten="30,2000,0" yaku="15,1,54,1" doraHai="17" who="0" fromWho="3" sc="98,20,195,0,258,0,449,-20" /><INIT seed="6,0,0,4,2,22" ten="118,195,258,429" oya="2" hai0="106,122,99,16,3,127,86,37,60,51,26,47,125" hai1="128,0,63,41,15,97,14,38,79,18,131,44,73" hai2="29,108,59,70,23,66,25,50,33,135,30,58,104" hai3="76,64,24,129,19,82,80,69,43,130,8,105,68"/><V119/><F119/><W116/><G105/><T31/><D3/><U96/><E0/><V120/><F120/><W7/><G43/><T124/><D37/><U134/><E134/><V98/><F135/><W95/><G95/><T118/><D122/><U121/><E121/><V4/><F4/><W56/><G56/><T12/><D118/><U78/><E63/><N who="2" m="40287" /><F108/><W74/><G82/><T40/><D86/><U84/><E73/><V93/><F93/><W85/><G64/><T117/><D117/><U110/><E15/><V52/><F23/><N who="3" m="13439" /><G85/><T133/><D133/><U10/><E110/><V67/><F30/><W39/><G39/><T45/><D60/><U27/><E84/><V126/><F126/><W13/><G116/><T113/><D113/><U11/><E78/><V35/><F35/><W65/><G65/><T101/><D47/><U28/><E79/><V17/><F17/><W54/><G54/><T71/><D71/><U61/><E61/><V57/><F67/><W107/><G107/><T89/><D89/><U114/><E114/><V46/><F46/><W34/><G34/><T2/><D2/><U94/><E11/><V112/><F112/><W32/><G32/><T100/><D100/><AGARI ba="0,0" hai="25,29,33,50,52,57,58,59,98,100,104" m="40287" machi="100" ten="30,5800,0" yaku="25,1,52,1,54,1" doraHai="22" who="2" fromWho="0" sc="118,-58,195,0,258,58,429,0" /><INIT seed="6,1,0,3,0,65" ten="60,195,316,429" oya="2" hai0="48,1,49,120,103,17,61,100,38,52,57,121,83" hai1="102,87,81,125,35,110,31,89,131,84,91,133,88" hai2="32,74,6,71,8,66,19,85,4,36,5,114,117" hai3="99,119,94,122,47,98,24,79,9,10,55,132,41"/><V25/><F74/><W46/><G119/><T69/><D1/><U28/><E110/><V92/><F36/><W56/><G79/><T18/><D38/><U135/><E35/><V20/><F117/><W105/><G132/><N who="1" m="50762" /><E131/><V15/><F114/><W112/><G122/><T124/><D124/><U80/><E125/><V93/><F32/><W75/><G75/><T42/><D83/><N who="1" m="31819" /><E102/><V82/><F66/><W126/><G112/><T123/><D69/><U90/><E90/><V77/><REACH who="2" step="1"/><F71/><REACH who="2" ten="60,195,306,429" step="2"/><W51/><G126/><T68/><D68/><U113/><E113/><V3/><F3/><W34/><G34/><T60/><D103/><U40/><E40/><V116/><F116/><W111/><G41/><T127/><D100/><U26/><E26/><V118/><F118/><W7/><G24/><T64/><D127/><U27/><E27/><V62/><F62/><W70/><G70/><T134/><D134/><U37/><E37/><V101/><F101/><W67/><G67/><T13/><D64/><U128/><E128/><V72/><F72/><W53/><G111/><T0/><D0/><U39/><E39/><V130/><F130/><W54/><G51/><T104/><D104/><U11/><E11/><V129/><F129/><W97/><G10/><T63/><REACH who="0" step="1"/><D13/><REACH who="0" ten="50,195,306,429" step="2"/><U107/><E107/><V22/><F22/><W58/><G105/><T29/><D29/><AGARI ba="1,2" hai="28,29,31,84,87,88,89,91" m="31819,50762" machi="29" ten="40,8000,1" yaku="28,2,20,1,54,1" doraHai="65" who="1" fromWho="0" sc="50,-83,195,103,306,0,429,0" /><AGARI ba="1,0" hai="4,5,6,8,15,19,20,25,29,77,82,85,92,93" machi="29" ten="40,3900,0" yaku="1,1,8,1,53,0" doraHai="65" doraHaiUra="45" who="2" fromWho="0" sc="-33,-39,298,0,306,39,429,0" owari="-72,-57.0,298,-10.0,345,15.0,429,52.0" /></mjloggm>