<mjloggm ver="2.3"><GO type="185" lobby="0"/><UN n0="%E3%81%82%E3%81%9F%E3%82%89%E3%81%AA%E3%81%84%E3%81%A7%EF%BC%81" n1="%E5%A4%9A%E6%9E%97%E6%99%8B" n2="%63%61%6C%63%2E" n3="" dan="17,16,19,0" rate="2215.37,2208.19,2381.18,1500.00" sx="M,M,M,C"/><TAIKYOKU oya="0"/><INIT seed="0,0,0,5,0,80" ten="350,350,350,0" oya="0" hai0="86,93,110,64,45,36,122,115,117,114,131,82,103" hai1="113,34,108,91,92,75,35,89,55,124,96,48,49" hai2="81,71,39,88,78,51,56,40,97,99,111,32,1" hai3=""/><T46/><N who="0" m="31264" /><T87/><D117/><U106/><E124/><V74/><F71/><T85/><D131/><U66/><E108/><V105/><F1/><T2/><D2/><U101/><E75/><V37/><F32/><T119/><D119/><U128/><E128/><V53/><F111/><T72/><D110/><U121/><N who="1" m="31008" /><U127/><E127/><V130/><F130/><T104/><D104/><U125/><E125/><V3/><F3/><T44/><D36/><U41/><E66/><V0/><F0/><T79/><REACH who="0" step="1"/><D64/><REACH who="0" ten="340,350,350,0" step="2"/><U50/><E34/><V129/><F129/><T123/><N who="0" m="31520" /><T95/><D95/><U90/><E35/><V63/><F105/><T107/><D107/><U94/><E106/><V116/><F116/><T102/><D102/><U54/><E94/><V132/><F37/><T60/><D60/><U126/><E126/><V68/><F39/><T58/><D58/><U100/><E101/><V112/><F56/><T42/><D42/><U76/><E41/><V62/><F40/><T109/><D109/><U47/><E100/><V59/><F63/><T134/><D134/><U83/><E92/><V33/><F33/><T77/><D77/><U133/><E76/><V69/><F78/><T70/><D70/><RYUUKYOKU ba="0,1" sc="340,20,350,-10,350,-10,0,0" hai0="44,45,46,72,79,82,85,86,87,93,103,114,115" /><INIT seed="0,1,1,0,0,35" ten="360,340,340,0" oya="0" hai0="60,42,52,61,44,122,81,124,89,33,70,62,114" hai1="92,125,119,88,37,117,90,133,74,59,110,121,55" hai2="134,68,113,80,63,102,98,78,93,101,87,107,97" hai3=""/><T108/><N who="0" m="31264" /><T120/><N who="0" m="30752" /><T112/><D33/><U38/><N who="1" m="31008" /><U0/><E74/><V116/><F68/><T109/><D70/><U54/><E125/><V58/><F134/><T39/><D81/><U72/><E72/><V83/><F116/><T131/><D89/><U91/><E133/><V82/><F113/><N who="0" m="43626" /><D124/><U94/><E91/><V126/><F126/><T71/><D71/><U111/><E59/><V115/><F115/><T118/><D118/><U95/><E95/><V73/><F73/><T132/><D132/><U104/><E104/><V135/><F135/><T69/><D69/><U32/><E32/><V67/><AGARI ba="1,1" hai="58,63,67,78,80,82,83,87,93,97,98,101,102,107" machi="67" ten="20,1100,0" yaku="0,1,7,1" doraHai="35" who="2" fromWho="2" sc="360,-8,340,-5,340,23,0,0" /><INIT seed="1,0,0,2,2,127" ten="352,335,363,0" oya="1" hai0="72,65,95,123,69,38,101,118,1,104,87,36,81" hai1="61,47,116,43,48,68,71,41,3,100,44,99,54" hai2="56,134,67,117,2,88,49,45,80,103,89,50,52" hai3=""/><U53/><E3/><V113/><F117/><T32/><N who="0" m="31520" /><T46/><D32/><U75/><E75/><V39/><F2/><T133/><D1/><U92/><E116/><V122/><N who="2" m="31264" /><V110/><F39/><T130/><D118/><U93/><E92/><V42/><F110/><T91/><D133/><U77/><E77/><V108/><F108/><T57/><D69/><U64/><REACH who="1" step="1"/><E68/><REACH who="1" ten="352,325,363,0" step="2"/><V84/><F134/><T82/><D72/><U73/><E73/><V66/><F113/><T34/><D95/><U115/><E115/><V51/><F103/><T62/><D101/><U83/><E83/><V131/><F89/><T112/><D82/><U90/><E90/><V114/><F114/><T86/><D112/><U98/><E98/><V70/><F70/><T96/><D96/><U59/><E59/><V126/><F126/><T121/><D57/><U55/><E55/><V78/><F78/><T128/><D81/><U33/><E33/><V79/><F79/><T102/><D34/><U119/><E119/><V120/><N who="2" m="30752" /><V40/><F56/><T74/><D91/><U135/><E135/><V132/><F132/><T63/><D102/><U94/><E94/><V85/><F88/><T109/><D109/><U97/><E97/><RYUUKYOKU ba="0,1" sc="352,-10,325,20,363,-10,0,0" hai1="41,43,44,47,48,53,54,61,64,71,93,99,100" /><INIT seed="1,1,1,1,0,122" ten="342,345,353,0" oya="1" hai0="39,91,98,126,99,119,67,116,45,71,43,97,94" hai1="95,34,81,63,40,51,64,123,68,93,75,50,113" hai2="115,53,74,82,87,106,83,33,60,135,58,108,65" hai3=""/><U38/><N who="1" m="31520" /><U2/><E34/><V32/><F106/><T69/><D126/><U121/><N who="1" m="31008" /><U49/><E2/><V35/><F135/><T1/><D1/><U101/><E113/><V127/><F127/><T73/><D73/><U72/><E101/><V105/><F105/><T70/><REACH who="0" step="1"/><D67/><REACH who="0" ten="332,345,353,0" step="2"/><U107/><E107/><V0/><F0/><T132/><D132/><U84/><E75/><V120/><N who="2" m="30752" /><V55/><F115/><T36/><D36/><U77/><REACH who="1" step="1"/><E72/><REACH who="1" ten="332,335,353,0" step="2"/><V78/><F33/><T109/><D109/><U88/><E88/><V111/><F32/><T37/><D37/><U117/><E117/><AGARI ba="1,3" hai="39,43,45,69,70,71,91,94,97,98,99,116,117,119" machi="117" ten="50,3200,0" yaku="1,1,12,1,53,0" doraHai="122" doraHaiUra="102" who="0" fromWho="1" sc="332,64,335,-34,353,0,0,0" /><INIT seed="2,0,0,1,1,110" ten="396,301,353,0" oya="2" hai0="75,134,91,89,108,3,98,120,35,69,36,41,38" hai1="76,125,65,122,132,126,99,40,95,133,43,45,44" hai2="54,74,113,73,50,117,101,121,55,60,70,104,123" hai3=""/><V56/><N who="2" m="31008" /><V79/><N who="2" m="31520" /><V83/><F117/><T59/><N who="0" m="30752" /><T97/><D108/><U127/><N who="1" m="31264" /><U103/><E65/><V118/><F118/><T92/><D69/><U2/><E2/><V86/><F113/><T106/><D3/><U94/><E76/><V112/><F112/><T68/><D68/><U96/><E127/><V109/><F109/><T93/><D35/><U49/><E49/><V84/><F86/><T63/><D75/><U62/><REACH who="1" step="1"/><E103/><REACH who="1" ten="396,291,353,0" step="2"/><V114/><F114/><T0/><D0/><U66/><E66/><V87/><F70/><T100/><D134/><U67/><E67/><V105/><F101/><T77/><D77/><U72/><E72/><V57/><F74/><T81/><D100/><U131/><E131/><V116/><F116/><T88/><D91/><U115/><E115/><V82/><F73/><T47/><D89/><AGARI ba="0,1" hai="50,54,55,56,57,60,79,82,83,84,87,89,104,105" m="31520,31008" machi="89" ten="30,5800,0" yaku="7,1,52,2" doraHai="110" who="2" fromWho="0" sc="396,-58,291,0,353,68,0,0" /><INIT seed="2,1,0,5,1,98" ten="338,291,421,0" oya="2" hai0="36,1,65,108,60,105,50,117,79,52,67,51,122" hai1="38,40,112,66,81,74,59,53,47,84,56,48,100" hai2="114,121,3,46,41,45,90,111,49,42,110,109,133" hai3=""/><V35/><N who="2" m="31008" /><V97/><F114/><T57/><N who="0" m="31264" /><T120/><N who="0" m="30752" /><T2/><D36/><U69/><E112/><V80/><F35/><T131/><D117/><U64/><E74/><V91/><F3/><T55/><D105/><U77/><E69/><V85/><F133/><T123/><N who="0" m="31520" /><T33/><D33/><U95/><E59/><V63/><F63/><T130/><D79/><U132/><E132/><V118/><F118/><T0/><D108/><U88/><REACH who="1" step="1"/><E100/><REACH who="1" ten="338,281,421,0" step="2"/><V58/><F58/><T44/><REACH who="0" step="1"/><D67/><REACH who="0" ten="328,281,421,0" step="2"/><U99/><AGARI ba="1,2" hai="38,40,47,48,53,56,64,66,77,81,84,88,95,99" machi="99" ten="20,9000,2" yaku="1,1,2,1,0,1,7,1,54,1,53,1" doraHai="98" doraHaiUra="68" who="1" fromWho="1" sc="328,-31,281,112,421,-61,0,0" /><INIT seed="4,0,0,1,2,0" ten="297,393,360,0" oya="0" hai0="85,34,48,130,103,44,53,51,69,94,58,126,116" hai1="117,50,121,55,89,54,114,120,33,1,132,124,104" hai2="77,119,90,135,65,61,110,112,86,68,133,131,49" hai3=""/><T56/><D116/><U87/><N who="1" m="30752" /><U76/><N who="1" m="31008" /><U102/><E1/><V66/><F110/><T43/><D69/><U99/><E117/><V45/><F119/><T71/><D71/><U82/><E132/><N who="2" m="50763" /><F66/><T122/><N who="0" m="31264" /><T118/><D118/><U109/><E109/><V70/><F112/><T35/><D130/><U79/><E124/><V88/><F131/><T106/><D126/><U3/><E3/><V97/><F70/><T80/><D106/><U60/><E114/><V63/><F63/><T52/><D94/><U113/><E113/><V36/><F36/><T98/><D98/><U47/><E33/><V92/><F77/><T84/><D103/><U75/><E75/><V93/><F49/><T107/><D107/><U67/><E55/><V83/><F45/><T128/><D128/><U81/><REACH who="1" step="1"/><E82/><AGARI ba="0,0" hai="61,65,68,82,83,86,88,90,92,93,97" m="50763" machi="82" ten="30,2000,0" yaku="20,1,54,1" doraHai="0" who="2" fromWho="1" sc="297,0,393,-20,360,20,0,0" /><INIT seed="5,0,0,5,2,101" ten="297,373,380,0" oya="1" hai0="132,60,0,62,135,92,66,83,111,115,89,63,94" hai1="78,112,85,124,34,107,32,48,44,71,39,76,119" hai2="68,38,40,77,35,75,131,56,116,98,104,88,87" hai3=""/><U2/><E2/><V45/><F116/><T123/><N who="0" m="31520" /><T70/><D111/><U125/><E119/><V55/><F35/><T47/><D0/><U102/><E39/><V43/><F68/><T49/><D115/><U120/><N who="1" m="30752" /><U133/><E71/><V79/><F40/><T91/><D66/><U84/><E112/><V109/><F109/><T108/><D70/><U51/><E102/><V127/><F131/><T1/><D1/><U130/><E44/><V36/><F36/><T46/><D83/><U59/><E130/><V103/><F75/><T134/><D108/><U57/><E133/><V106/><F106/><AGARI ba="0,0" hai="32,34,48,51,57,59,76,78,84,85,106,107,124,125" m="30752" machi="106" ten="25,12000,1" yaku="22,2,52,3" doraHai="101" who="1" fromWho="2" sc="297,0,373,120,380,-120,0,0" /><INIT seed="5,1,0,2,0,85" ten="297,493,260,0" oya="1" hai0="32,79,109,106,46,87,80,59,64,82,128,94,132" hai1="93,124,70,47,121,2,100,133,101,129,1,52,74" hai2="127,62,3,49,63,68,83,67,38,88,81,115,134" hai3=""/><U34/><N who="1" m="31008" /><U72/><E34/><V77/><F3/><T51/><D32/><U60/><E129/><V125/><F38/><T120/><N who="0" m="30752" /><T65/><D106/><U97/><E133/><V69/><F134/><T48/><D109/><U103/><E124/><V90/><F49/><T105/><D105/><U75/><E70/><V73/><F115/><T56/><D128/><U41/><E60/><V117/><F117/><T43/><D132/><U130/><E130/><V119/><F119/><T76/><D94/><U55/><E1/><V39/><F39/><T89/><D79/><U0/><E0/><V131/><F131/><T33/><D33/><U96/><E2/><V86/><REACH who="2" step="1"/><F90/><REACH who="2" ten="297,493,250,0" step="2"/><T37/><D37/><U45/><E101/><V35/><F35/><T113/><D113/><U114/><E114/><V36/><F36/><T111/><D51/><U122/><N who="1" m="31264" /><U104/><E103/><V108/><F108/><T107/><D111/><U66/><E100/><V95/><F95/><T53/><D107/><U61/><E93/><V58/><F58/><T40/><D59/><U44/><E104/><V99/><F99/><T126/><D56/><U135/><E97/><V50/><F50/><T123/><N who="0" m="31520" /><T91/><D48/><RYUUKYOKU ba="1,1" sc="297,-10,493,-10,250,20,0,0" hai2="62,63,67,68,69,73,77,81,83,86,88,125,127" /><INIT seed="6,2,1,5,2,126" ten="287,483,270,0" oya="2" hai0="68,88,58,96,3,71,70,125,130,46,34,108,120" hai1="121,33,132,65,48,44,73,74,56,53,107,112,105" hai2="72,131,51,59,104,40,52,75,101,42,113,89,63" hai3=""/><V84/><F113/><T36/><N who="0" m="30752" /><T114/><D108/><U119/><N who="1" m="31008" /><U109/><E33/><V90/><F131/><T123/><N who="0" m="31520" /><T1/><D34/><U97/><E109/><V32/><F32/><T35/><D35/><U118/><E112/><V81/><F89/><T99/><D114/><U43/><E65/><V85/><F85/><T79/><D125/><U134/><E74/><V62/><F40/><T83/><D58/><U102/><E105/><V110/><F110/><T95/><D99/><U103/><E103/><V116/><F116/><N who="1" m="44585" /><E73/><V76/><F42/><T106/><D106/><U135/><E134/><V37/><F37/><AGARI ba="2,1" hai="37,43,44,48,53,56,97,102,107,132,135" m="44585,31008" machi="37" ten="30,2000,0" yaku="12,1,52,1" doraHai="126" who="1" fromWho="2" sc="287,0,483,34,270,-24,0,0" owari="287,-11.0,517,46.0,246,-35.0,0,0.0" /></mjloggm>