<mjloggm ver="2.3"><GO type="169" lobby="0"/><UN n0="%6D%61%74%6F%30%36%30%33" n1="%E3%83%94%E3%83%A8%E3%81%A3%E3%81%99" n2="%E3%81%86%E3%82%8C%E3%81%97%E3%81%92%E3%81%8A" n3="%E5%8D%97%E5%B8%9D%E5%8D%97%E6%B5%A6" dan="18,17,16,16" rate="2282.10,2161.84,2054.94,2090.28" sx="M,M,M,F"/><TAIKYOKU oya="0"/><INIT seed="0,0,0,3,0,98" ten="250,250,250,250" oya="0" hai0="88,63,130,34,54,124,122,56,118,31,59,87,107" hai1="110,123,93,55,86,96,35,30,99,44,127,74,120" hai2="129,39,83,7,5,0,64,14,51,77,20,65,17" hai3="117,101,70,61,73,71,128,108,1,100,52,53,68"/><T115/><D115/><U69/><E74/><V135/><F135/><W111/><G117/><T121/><D118/><U57/><E69/><V78/><F129/><W11/><G73/><T10/><D130/><U112/><E44/><V97/><F39/><W79/><G79/><T47/><D124/><U42/><E42/><V126/><F126/><W43/><G43/><T22/><D34/><U94/><E127/><V109/><F109/><N who="3" m="42059" /><G128/><T38/><D38/><U18/><E18/><V62/><F51/><W8/><G1/><T32/><D32/><U25/><E112/><V103/><F0/><W91/><G91/><T19/><D47/><U134/><E86/><V114/><F65/><W24/><G24/><T125/><D125/><U105/><E134/><V15/><F15/><W6/><G6/><T82/><D107/><U119/><E105/><V131/><F77/><W50/><G61/><T23/><D31/><U133/><E133/><V2/><F2/><W92/><G92/><T80/><D80/><U84/><E119/><V66/><F114/><W106/><G106/><T21/><REACH who="0" step="1"/><D59/><REACH who="0" ten="240,250,250,250" step="2"/><U33/><E57/><V81/><F81/><W37/><G37/><T104/><D104/><U58/><E110/><V75/><F131/><W41/><G41/><T40/><D40/><U113/><E113/><V36/><F36/><W16/><G70/><T9/><D9/><U102/><E35/><V89/><F83/><W90/><G8/><T72/><D72/><U13/><E33/><V3/><F75/><W4/><G71/><T60/><D60/><U116/><E116/><V46/><F62/><RYUUKYOKU ba="0,1" sc="240,30,250,-10,250,-10,250,-10" hai0="10,19,21,22,23,54,56,63,82,87,88,121,122" /><INIT seed="0,1,1,4,1,52" ten="270,240,240,240" oya="0" hai0="63,100,113,95,125,128,97,44,110,55,30,23,45" hai1="75,111,112,5,51,49,129,79,89,131,42,58,82" hai2="8,121,37,43,96,88,85,115,18,39,135,22,6" hai3="74,27,56,84,15,46,106,105,50,61,70,80,73"/><T107/><D113/><U78/><E111/><V101/><F115/><W10/><G70/><T83/><D128/><N who="1" m="49227" /><E112/><V68/><F135/><W53/><G106/><T40/><D125/><U2/><E79/><V98/><F68/><W0/><G0/><T90/><D110/><U1/><E5/><V3/><F121/><W48/><G27/><N who="0" m="16767" /><D107/><U86/><E49/><V92/><F43/><W24/><G105/><T104/><D104/><U99/><E99/><V114/><F114/><W7/><G24/><T21/><D40/><U134/><E134/><V71/><F71/><W77/><REACH who="3" step="1"/><G50/><REACH who="3" ten="270,240,240,230" step="2"/><T91/><D63/><U31/><E31/><V57/><F37/><W109/><G109/><T17/><D17/><U117/><E117/><V9/><F39/><W29/><G29/><T34/><D34/><U94/><E42/><AGARI ba="1,2" hai="7,10,15,42,46,48,53,56,61,73,74,77,80,84" machi="42" ten="30,8000,1" yaku="1,1,7,1,25,2,52,1,53,0" doraHai="52" doraHaiUra="19" who="3" fromWho="1" sc="270,0,240,-83,240,0,230,103" /><INIT seed="1,0,0,1,5,26" ten="270,157,240,333" oya="1" hai0="99,58,8,125,35,59,62,71,95,60,135,18,29" hai1="67,107,12,89,93,14,13,70,38,32,5,74,131" hai2="31,49,16,43,54,57,48,100,27,75,104,88,97" hai3="44,20,113,66,33,34,114,40,130,72,1,123,53"/><U65/><E107/><V120/><F120/><W2/><G66/><N who="1" m="25098" /><E74/><V61/><F75/><W91/><G91/><T134/><D71/><U45/><E32/><V21/><F43/><W69/><G53/><T7/><D125/><U82/><E38/><V84/><REACH who="2" step="1"/><F31/><REACH who="2" ten="270,157,230,333" step="2"/><W117/><G40/><T118/><D29/><U77/><E131/><V121/><F121/><W115/><G115/><T78/><D118/><U96/><E70/><V92/><AGARI ba="0,1" hai="16,21,27,48,49,54,57,61,84,88,92,97,100,104" machi="92" ten="20,12000,2" yaku="1,1,0,1,7,1,54,2,53,1" doraHai="26" doraHaiUra="56" who="2" fromWho="2" sc="270,-30,157,-60,230,130,333,-30" /><INIT seed="2,0,0,3,4,100" ten="240,97,360,303" oya="2" hai0="19,67,57,17,117,28,103,43,70,93,61,53,52" hai1="55,128,99,119,51,64,12,81,27,85,87,133,36" hai2="59,31,71,102,5,127,46,135,30,14,20,50,11" hai3="62,107,25,42,44,6,125,22,115,7,108,86,88"/><V114/><F135/><W56/><G108/><T8/><D117/><U9/><E36/><V124/><F71/><W106/><G125/><T4/><D43/><U126/><E119/><V0/><F114/><W38/><G115/><T98/><D28/><U63/><E126/><V23/><F59/><W101/><G101/><T104/><D93/><U120/><E133/><V69/><F69/><W89/><G89/><T32/><D32/><U26/><E128/><V33/><F102/><W40/><G40/><T21/><D21/><U41/><E41/><V77/><F77/><W116/><G116/><T73/><D73/><U132/><E99/><V48/><F48/><W18/><G6/><T97/><D97/><U122/><E87/><V118/><F118/><W113/><G7/><T60/><REACH who="0" step="1"/><D53/><REACH who="0" ten="230,97,360,303" step="2"/><U45/><E132/><V130/><F31/><W47/><G113/><T96/><D96/><U112/><E112/><V76/><F33/><W80/><G47/><T3/><AGARI ba="0,1" hai="3,4,8,17,19,52,57,60,61,67,70,98,103,104" machi="3" ten="20,12000,2" yaku="1,1,0,1,7,1,52,1,54,1,53,1" doraHai="100" doraHaiUra="54" who="0" fromWho="0" sc="230,130,97,-30,360,-60,303,-30" /><INIT seed="3,0,0,0,2,4" ten="360,67,300,273" oya="3" hai0="0,33,22,114,70,59,61,86,23,100,7,54,126" hai1="64,15,87,80,6,91,10,16,112,42,57,58,77" hai2="76,5,109,117,120,27,130,3,47,30,2,81,127" hai3="116,38,113,92,108,94,8,79,12,111,82,14,96"/><W18/><G116/><T13/><D33/><U41/><E112/><V21/><F117/><W95/><G113/><T53/><D114/><U25/><E64/><V50/><F109/><N who="3" m="42059" /><G38/><T121/><D121/><U66/><E66/><V97/><F130/><W90/><G12/><T32/><D32/><U119/><E119/><V28/><F127/><W43/><G43/><T89/><D70/><U75/><E41/><V123/><F28/><W105/><G105/><T84/><D126/><U55/><E42/><N who="2" m="24951" /><F97/><W63/><G63/><T44/><D100/><U40/><E40/><V131/><F131/><W60/><G60/><T88/><D0/><U72/><E55/><V110/><F110/><W104/><G104/><T29/><D29/><U24/><E72/><AGARI ba="0,0" hai="8,14,18,72,79,82,90,92,94,95,96" m="42059" machi="72" ten="30,5800,0" yaku="14,1,10,1,52,1" doraHai="4" who="3" fromWho="1" sc="360,0,67,-58,300,0,273,58" /><INIT seed="3,1,0,0,3,126" ten="360,9,300,331" oya="3" hai0="76,48,82,25,104,116,105,85,125,8,93,22,57" hai1="5,67,1,78,94,108,114,30,109,117,83,58,45" hai2="51,46,81,121,110,31,80,56,128,32,86,50,13" hai3="101,47,64,84,33,70,72,26,103,134,9,60,107"/><W63/><G134/><T135/><D116/><U27/><E117/><V99/><F110/><N who="1" m="42601" /><E114/><V91/><F121/><W89/><G72/><T20/><D125/><U106/><E106/><V69/><F69/><W120/><G120/><T65/><D135/><U54/><E94/><V68/><F68/><W34/><G9/><T122/><D122/><U4/><E67/><V127/><F127/><W14/><G14/><T77/><D104/><U74/><E45/><V102/><F81/><W132/><G132/><T24/><D105/><U61/><E1/><V49/><F56/><W59/><G47/><T6/><D76/><U73/><E73/><V130/><F46/><W42/><G42/><T35/><D35/><AGARI ba="1,0" hai="4,5,27,30,35,54,58,61,74,78,83" m="42601" machi="35" ten="30,1000,0" yaku="14,1" doraHai="126" who="1" fromWho="0" sc="360,-13,9,13,300,0,331,0" /><INIT seed="4,0,0,0,2,19" ten="347,22,300,331" oya="0" hai0="21,103,52,20,101,61,15,83,31,82,116,102,1" hai1="131,26,56,85,127,68,5,119,107,39,14,133,109" hai2="27,122,70,66,77,115,110,50,118,79,46,30,29" hai3="132,36,47,28,0,11,6,89,23,69,16,57,92"/><T84/><D1/><U99/><E99/><V78/><F110/><W104/><G104/><T113/><D116/><U67/><E85/><V106/><F122/><W48/><G69/><T18/><D113/><U3/><E56/><V17/><F115/><W34/><G132/><T8/><D31/><U73/><E14/><V33/><F118/><W42/><G57/><N who="0" m="34983" /><D82/><U54/><E54/><V75/><F106/><W126/><G126/><T40/><D40/><U12/><E12/><V91/><F75/><W114/><G114/><T51/><D51/><U128/><E26/><V120/><F120/><W44/><G34/><T49/><D49/><U22/><E22/><V130/><F130/><W90/><G28/><T100/><D100/><U37/><E5/><V80/><F30/><W81/><G81/><T124/><D124/><U108/><E67/><V41/><F17/><W87/><G90/><AGARI ba="0,0" hai="8,15,18,20,21,83,84,90,101,102,103" m="34983" machi="90" ten="30,11600,0" yaku="8,1,52,2,54,1" doraHai="19" who="0" fromWho="3" sc="347,116,22,0,300,0,331,-116" /><INIT seed="4,1,0,1,5,15" ten="463,22,300,215" oya="0" hai0="75,20,51,8,38,125,131,45,87,6,83,130,22" hai1="39,35,9,19,126,120,92,11,37,50,80,122,64" hai2="134,99,65,53,32,14,44,5,47,78,104,89,54" hai3="59,86,121,129,132,112,115,108,2,118,133,98,34"/><T113/><D113/><N who="3" m="43593" /><G98/><T28/><D38/><U62/><E35/><V10/><F32/><W116/><G86/><T7/><D75/><U117/><E117/><N who="3" m="45162" /><G59/><T82/><D125/><U94/><E50/><V60/><F134/><N who="3" m="51819" /><G34/><T52/><D87/><U110/><E80/><V31/><F78/><W48/><G48/><T71/><D82/><U16/><E62/><V106/><F54/><W30/><G30/><T105/><D28/><U72/><E72/><V18/><F31/><W102/><G102/><T91/><D52/><U25/><E64/><V66/><F66/><W76/><G76/><T85/><D51/><U124/><REACH who="1" step="1"/><E25/><REACH who="1" ten="463,12,300,215" step="2"/><V57/><F65/><W73/><G73/><T24/><D24/><U26/><E26/><V95/><F47/><W41/><G41/><T96/><D45/><U63/><E63/><V67/><F44/><W40/><G40/><T43/><D83/><U13/><E13/><V33/><F33/><W1/><G108/><AGARI ba="1,1" hai="9,11,16,19,37,39,92,94,108,110,120,122,124,126" machi="108" ten="25,12000,2" yaku="1,1,22,2,52,2,54,1,53,0" doraHai="15" doraHaiUra="100" who="1" fromWho="3" sc="463,0,12,133,300,0,215,-123" /><INIT seed="5,0,0,2,2,116" ten="463,145,300,92" oya="1" hai0="39,73,118,28,37,101,18,134,80,71,79,17,114" hai1="12,8,58,51,81,126,104,57,111,119,128,91,132" hai2="3,21,0,59,123,102,86,34,87,52,25,127,78" hai3="63,77,33,30,93,89,47,122,96,125,55,15,11"/><U133/><E119/><V76/><F34/><W40/><G122/><T45/><D118/><U29/><E104/><V7/><F127/><W84/><G125/><T83/><D71/><U75/><E126/><V103/><F123/><W74/><G33/><T36/><D114/><U100/><E100/><N who="2" m="38443" /><F7/><W24/><G74/><T43/><D134/><U121/><E58/><V67/><F67/><W131/><G131/><T48/><D101/><U72/><E51/><V42/><F42/><W65/><G55/><T46/><D28/><U90/><E12/><V32/><F3/><W108/><G108/><T129/><D129/><U88/><E90/><V113/><F32/><W27/><G30/><T2/><D2/><U117/><E8/><V5/><F5/><W124/><G124/><T10/><D83/><U41/><E29/><N who="2" m="17583" /><F113/><W13/><G13/><T109/><D109/><U95/><E111/><V64/><F64/><W115/><G115/><T56/><D10/><U110/><E110/><V130/><F0/><W98/><G63/><T61/><REACH who="0" step="1"/><D45/><REACH who="0" ten="453,145,300,92" step="2"/><U70/><E117/><V53/><F130/><W92/><G47/><T54/><AGARI ba="0,1" hai="17,18,36,37,39,43,46,48,54,56,61,73,79,80" machi="54" ten="30,12000,2" yaku="1,1,2,1,0,1,53,3" doraHai="116" doraHaiUra="68" who="0" fromWho="0" sc="453,130,145,-60,300,-30,92,-30" /><INIT seed="6,0,0,4,5,91" ten="583,85,270,62" oya="2" hai0="8,92,124,122,133,43,35,119,113,51,125,100,70" hai1="4,89,73,22,69,13,126,104,39,0,81,98,77" hai2="9,49,127,75,101,30,58,134,107,38,109,60,88" hai3="17,18,86,72,52,56,50,130,117,131,102,32,112"/><V10/><F38/><W103/><G117/><T129/><D70/><U97/><E69/><V37/><F37/><W78/><G72/><T3/><D119/><U115/><E104/><V62/><F75/><W15/><G32/><T42/><D35/><U68/><E68/><V34/><F62/><W1/><G1/><T47/><D113/><U14/><E115/><V76/><F76/><W2/><G2/><T16/><D129/><N who="3" m="49161" /><G112/><T27/><D133/><U114/><E114/><V93/><F49/><W87/><G18/><T24/><D43/><U120/><E126/><N who="0" m="48745" /><D122/><U21/><E39/><V45/><F45/><W79/><G79/><T96/><D16/><U108/><E108/><V41/><F41/><W85/><G78/><T29/><D29/><U46/><E46/><V83/><F134/><W63/><G63/><T105/><D105/><U67/><E120/><V80/><F30/><W71/><G71/><T61/><D61/><U135/><E135/><V121/><F34/><W66/><G66/><T12/><D12/><U20/><E67/><N who="2" m="39319" /><F109/><W28/><G28/><T65/><D65/><U132/><E132/><V64/><F64/><W31/><G31/><T116/><D116/><U128/><E128/><V118/><F118/><W6/><G6/><AGARI ba="0,0" hai="3,6,8,24,27,42,47,51,92,96,100" m="48745" machi="6" ten="30,2000,0" yaku="18,1,52,1" doraHai="91" who="0" fromWho="3" sc="583,20,85,0,270,0,62,-20" /><INIT seed="7,0,0,2,1,100" ten="603,85,270,42" oya="3" hai0="125,27,114,117,31,118,71,107,47,3,46,82,134" hai1="67,66,4,72,33,24,7,11,49,8,81,39,102" hai2="63,113,89,75,5,0,98,70,30,84,96,130,10" hai3="37,45,36,123,25,65,6,87,56,61,68,126,92"/><W122/><G6/><N who="1" m="2090" /><E39/><V131/><F75/><W119/><G25/><T74/><D118/><U79/><E72/><V60/><F113/><W77/><G119/><T97/><D47/><U23/><E33/><V88/><F30/><W91/><G126/><T116/><D134/><U86/><E102/><V120/><F120/><W69/><G77/><T48/><D97/><U40/><E49/><V90/><F84/><W12/><G36/><T2/><D27/><U38/><E40/><V17/><F17/><W35/><G35/><T20/><D20/><U80/><E80/><V1/><F1/><W105/><G105/><T111/><D31/><N who="1" m="17823" /><E38/><V51/><F51/><W108/><G108/><T64/><D64/><AGARI ba="0,0" hai="8,11,64,66,67,79,81,86" m="17823,2090" machi="64" ten="30,1000,0" yaku="8,1" doraHai="100" who="1" fromWho="0" sc="603,-10,85,10,270,0,42,0" owari="593,69.0,95,-30.0,270,7.0,42,-46.0" /></mjloggm>