<mjloggm ver="2.3"><GO type="169" lobby="0"/><UN n0="%E3%82%B4%E3%83%BC%E3%83%AB%E3%83%89%E3%82%B7%E3%83%83%E3%83%97" n1="%E3%81%B2%E3%81%90%E3%81%A1" n2="%E3%81%94%E3%81%96%E3%83%BC%E3%82%8B%E3%81%94%E3%81%96%E3%82%8B" n3="%4A%57%49%4C%4C" dan="16,17,16,16" rate="2094.95,2228.98,2118.49,2118.81" sx="M,M,M,M"/><TAIKYOKU oya="0"/><INIT seed="0,0,0,0,2,73" ten="250,250,250,250" oya="0" hai0="45,81,19,117,3,112,130,54,134,133,94,76,31" hai1="118,77,91,132,114,66,89,16,38,41,51,34,93" hai2="22,42,26,60,53,29,58,106,78,14,74,44,7" hai3="1,95,56,27,85,48,87,120,107,67,131,68,115"/><T13/><D117/><U90/><E118/><V62/><F106/><W129/><G107/><T18/><D112/><U110/><E38/><V70/><F70/><W121/><G1/><T105/><D105/><U2/><E2/><V99/><F99/><W100/><G27/><T119/><D119/><U80/><E34/><V125/><F125/><W127/><G68/><T88/><D3/><U47/><E110/><V126/><F62/><W40/><G40/><T111/><D31/><U79/><E132/><N who="0" m="50793" /><D130/><N who="3" m="49673" /><G67/><T52/><D111/><U21/><E114/><V109/><F126/><W5/><G5/><T15/><D13/><N who="1" m="9359" /><E66/><V92/><F92/><W6/><G6/><T11/><D19/><U37/><E37/><V55/><F55/><W124/><G56/><T59/><D45/><U25/><E25/><V4/><F14/><W72/><G48/><T101/><D59/><U46/><E46/><V8/><F8/><W135/><G72/><N who="0" m="43143" /><D101/><U83/><E93/><V33/><F33/><W24/><G24/><T123/><D123/><N who="3" m="47177" /><G135/><T49/><D49/><U103/><E103/><V9/><F109/><W39/><G39/><T12/><D12/><U65/><E65/><V28/><F29/><W17/><G17/><T43/><D43/><U102/><E102/><V97/><F42/><W96/><G115/><T82/><D82/><AGARI ba="0,0" hai="41,47,51,77,79,80,82,83,89,90,91" m="9359" machi="82" ten="30,7700,0" yaku="8,1,52,2,54,1" doraHai="73" who="1" fromWho="0" sc="250,-77,250,77,250,0,250,0" /><INIT seed="1,0,0,2,5,97" ten="173,327,250,250" oya="1" hai0="66,57,65,129,116,79,110,0,92,95,49,22,3" hai1="108,39,118,112,17,25,47,115,98,16,40,11,1" hai2="62,38,26,133,24,45,34,61,101,72,29,53,109" hai3="81,9,117,73,59,30,90,83,111,63,89,2,69"/><U7/><E118/><V58/><F109/><W74/><G69/><T76/><D116/><U94/><E108/><V120/><F120/><W128/><G117/><T64/><D110/><U68/><E68/><V113/><F72/><W75/><G30/><T82/><D129/><U80/><E80/><V54/><F133/><W102/><G111/><T99/><D22/><U125/><E125/><V51/><F38/><W67/><G128/><T106/><D106/><U23/><REACH who="1" step="1"/><E17/><REACH who="1" ten="173,317,250,250" step="2"/><V33/><F113/><W19/><G19/><T12/><D82/><U60/><E60/><V71/><F71/><W77/><G83/><T84/><D79/><U87/><E87/><V42/><F61/><W96/><G74/><T41/><D76/><U130/><E130/><V5/><F62/><W8/><G75/><T114/><D114/><U46/><E46/><V43/><F45/><W131/><G131/><T28/><D84/><U104/><E104/><V20/><F58/><W124/><G124/><T85/><D85/><U27/><E27/><V55/><F29/><W86/><G73/><T14/><D95/><U18/><E18/><V88/><F26/><W52/><G67/><T119/><D28/><U134/><E134/><V91/><F24/><W4/><G9/><T13/><D119/><U21/><E21/><V44/><F20/><W36/><G36/><T35/><D35/><U100/><AGARI ba="0,1" hai="1,7,11,16,23,25,39,40,47,94,98,100,112,115" machi="100" ten="20,12000,1" yaku="1,1,0,1,7,1,52,1,54,1,53,0" doraHai="97" doraHaiUra="123" who="1" fromWho="1" sc="173,-40,317,130,250,-40,250,-40" /><INIT seed="1,1,0,5,5,72" ten="133,447,210,210" oya="1" hai0="5,56,81,71,23,125,132,108,44,64,4,20,28" hai1="14,95,18,100,8,91,74,55,29,99,90,3,10" hai2="62,126,121,27,45,17,58,21,82,133,47,19,50" hai3="135,105,93,70,38,40,85,117,12,63,130,114,97"/><U24/><E74/><V86/><F121/><W106/><G114/><T123/><D71/><U52/><E3/><V92/><F133/><W65/><G135/><T122/><D132/><U68/><E68/><V102/><F126/><W134/><G134/><T11/><D125/><U22/><E8/><V119/><F119/><W26/><G117/><T9/><D44/><U131/><E131/><V13/><F92/><W78/><G130/><T87/><D64/><U30/><E30/><V37/><F102/><W88/><G12/><T98/><D98/><U25/><E25/><V69/><F50/><W89/><G26/><T54/><D108/><U42/><E42/><V75/><F75/><W116/><G116/><T84/><D28/><U34/><E34/><V61/><F61/><W57/><G70/><T32/><D32/><U120/><E120/><V39/><F39/><W104/><G78/><T111/><D111/><U53/><AGARI ba="1,0" hai="10,14,18,22,24,29,52,53,55,90,91,95,99,100" machi="53" ten="30,6000,0" yaku="0,1,8,1,54,1" doraHai="72" who="1" fromWho="1" sc="133,-21,447,63,210,-21,210,-21" /><INIT seed="1,2,0,4,4,35" ten="112,510,189,189" oya="1" hai0="58,34,70,22,83,42,108,89,50,13,62,95,52" hai1="39,11,133,121,10,113,84,130,109,65,82,21,6" hai2="88,101,46,102,26,74,73,27,116,2,7,98,55" hai3="56,31,64,135,77,37,0,54,19,112,97,129,86"/><U36/><E121/><V115/><F116/><W9/><G112/><T105/><D108/><U33/><E113/><V103/><F115/><W119/><G119/><T59/><D34/><U91/><E33/><V49/><F74/><W80/><G37/><T92/><D105/><U127/><E127/><V76/><F76/><W131/><G64/><T126/><D126/><U120/><E120/><V104/><F73/><W17/><G31/><T51/><D70/><U15/><E130/><N who="3" m="49674" /><G97/><T41/><D83/><U25/><E133/><V3/><F7/><N who="3" m="1255" /><G135/><T30/><D95/><U67/><E109/><V38/><F38/><W66/><G66/><T106/><D106/><U18/><E65/><V14/><F14/><W8/><G8/><T123/><D123/><U118/><E118/><V16/><F104/><W61/><AGARI ba="2,0" hai="17,19,54,56,61,77,80,86" m="1255,49674" machi="61" ten="30,2000,0" yaku="19,1,52,1" doraHai="35" who="3" fromWho="3" sc="112,-7,510,-12,189,-7,189,26" /><INIT seed="2,0,0,3,4,107" ten="105,498,182,215" oya="2" hai0="45,113,73,13,119,8,105,121,75,90,101,14,6" hai1="4,61,92,36,62,129,12,38,32,124,30,123,106" hai2="47,81,16,35,74,125,11,91,72,67,93,19,103" hai3="70,20,52,127,44,39,17,79,68,76,5,99,112"/><V2/><F35/><W42/><G5/><T15/><D113/><U87/><E106/><V37/><F103/><W28/><G28/><T120/><D90/><U98/><E124/><V111/><F125/><W56/><G112/><T77/><D77/><U117/><E117/><V29/><F29/><W116/><G116/><T10/><D119/><U41/><E129/><V3/><F67/><W9/><G9/><T71/><D71/><U43/><E123/><V95/><F81/><W21/><G127/><T0/><D45/><U135/><E87/><V83/><F83/><W49/><G99/><T59/><D8/><U64/><E98/><V65/><F65/><W126/><G21/><T89/><D101/><U31/><E64/><V25/><F11/><W48/><G48/><T94/><D105/><U110/><E92/><V132/><F91/><W1/><G1/><T24/><D24/><U96/><E32/><V55/><F55/><W60/><G126/><T108/><D108/><U128/><E110/><V69/><F69/><W23/><G23/><T115/><D115/><U104/><E104/><V114/><F114/><W85/><G85/><T22/><D22/><U131/><E96/><V18/><F25/><W82/><G39/><T133/><D59/><U80/><E80/><V109/><F19/><W130/><G130/><T33/><D33/><U51/><E128/><V26/><F26/><N who="3" m="14607" /><G79/><T134/><D121/><U122/><E122/><V88/><F88/><W50/><G50/><T100/><D120/><U40/><E131/><V46/><F37/><N who="3" m="21583" /><G60/><T66/><D100/><U57/><E38/><RYUUKYOKU ba="0,0" sc="105,-15,498,-15,182,15,215,15" hai2="2,3,16,18,46,47,72,74,93,95,109,111,132" hai3="49,52,56,68,70,76,82" /><INIT seed="2,1,0,1,1,63" ten="90,483,197,230" oya="2" hai0="56,82,104,96,57,21,13,55,80,74,10,24,70" hai1="54,81,129,33,100,103,0,20,40,62,126,4,108" hai2="15,125,132,69,27,53,73,32,118,90,5,107,30" hai3="120,79,31,91,111,83,8,34,95,36,77,9,38"/><V44/><F118/><W51/><G120/><T41/><D70/><U25/><E108/><V49/><F125/><W109/><G51/><T26/><D41/><U3/><E33/><V94/><F107/><W65/><G31/><T12/><D74/><U97/><E129/><V106/><F106/><W102/><G102/><T39/><D104/><U134/><E40/><V128/><F128/><W23/><G23/><T123/><D96/><U84/><E134/><V6/><F132/><W18/><G34/><T98/><D98/><U61/><E4/><V68/><F73/><W66/><G95/><T14/><D39/><U22/><E97/><V52/><F53/><W28/><G28/><T101/><D101/><U127/><E25/><V35/><F35/><W114/><G91/><T131/><D131/><U116/><E81/><V122/><F122/><W88/><G88/><T89/><D123/><U2/><E84/><V113/><F113/><W135/><G18/><T29/><D24/><U110/><E54/><V1/><F1/><W50/><G50/><T112/><D112/><U130/><E0/><V119/><F119/><W7/><G7/><T16/><D57/><U45/><E45/><V93/><F93/><W11/><G11/><T124/><D124/><U37/><E116/><V64/><F69/><W46/><G46/><T17/><D10/><U87/><E130/><V78/><F15/><W99/><G99/><T117/><D117/><U121/><E121/><V43/><F43/><W133/><G83/><N who="0" m="31787" /><D89/><U47/><E127/><V85/><F78/><W86/><G114/><T72/><D72/><RYUUKYOKU ba="1,0" sc="90,10,483,-30,197,10,230,10" hai0="12,13,14,16,17,21,26,29,55,56" hai2="5,6,27,30,32,44,49,52,64,68,85,90,94" hai3="8,9,36,38,65,66,77,79,86,109,111,133,135" /><INIT seed="2,2,0,0,4,40" ten="100,453,207,240" oya="2" hai0="4,12,50,22,61,20,133,123,118,129,112,134,65" hai1="58,69,55,68,80,132,53,42,106,43,91,60,66" hai2="93,18,117,46,86,107,24,57,122,95,82,29,11" hai3="111,97,84,94,81,52,35,121,10,7,116,37,105"/><V104/><F117/><W88/><G121/><T23/><D123/><U19/><E106/><V51/><F122/><W0/><G116/><T38/><D118/><U70/><E80/><V71/><F71/><N who="1" m="27209" /><E91/><N who="2" m="51671" /><F57/><W74/><G35/><T113/><D38/><U102/><E102/><V30/><F104/><W92/><G37/><T16/><D4/><U110/><E19/><V32/><F107/><W87/><G111/><T17/><D50/><N who="1" m="31031" /><E132/><N who="0" m="50793" /><D129/><U135/><E110/><V99/><F32/><W98/><G105/><T62/><D65/><U126/><E126/><V119/><F119/><W128/><G128/><T33/><D33/><U9/><E9/><V56/><F56/><W2/><G2/><T36/><D36/><U115/><E115/><N who="0" m="44105" /><D12/><U125/><E125/><V77/><F77/><W124/><G124/><T44/><D17/><U64/><E135/><V13/><F24/><W131/><G131/><T8/><D8/><U26/><E26/><V25/><F25/><W130/><G130/><T54/><D16/><U3/><E3/><V109/><F109/><W41/><G41/><N who="1" m="15370" /><E66/><V5/><F5/><W27/><G27/><T89/><D89/><U39/><E39/><V63/><F30/><W120/><G120/><T6/><D6/><U14/><E14/><V75/><F29/><W76/><REACH who="3" step="1"/><G52/><AGARI ba="2,0" hai="52,55,60,64,70" m="15370,31031,27209" machi="52" ten="30,12000,2" yaku="35,5,54,1" doraHai="40" who="1" fromWho="3" sc="100,0,453,126,207,0,240,-126" /><INIT seed="3,0,0,3,0,3" ten="100,579,207,114" oya="3" hai0="39,104,77,122,114,5,83,106,93,95,26,108,80" hai1="65,112,69,60,99,56,121,133,59,9,91,79,73" hai2="23,21,87,100,53,127,78,1,103,20,41,16,54" hai3="135,42,17,110,31,24,13,132,35,120,131,34,107"/><W7/><G107/><N who="0" m="41003" /><D39/><U61/><E112/><V84/><F1/><W134/><G42/><T124/><D26/><U96/><E133/><V58/><F127/><W130/><G120/><T128/><D5/><U14/><E121/><V126/><F126/><W11/><G35/><T36/><D36/><U8/><E79/><V82/><F41/><W111/><REACH who="3" step="1"/><G17/><REACH who="3" ten="100,579,207,104" step="2"/><T18/><D18/><U86/><E73/><V92/><F16/><W29/><G29/><T22/><D124/><U40/><E40/><V89/><REACH who="2" step="1"/><F53/><REACH who="2" ten="100,579,197,104" step="2"/><W129/><AGARI ba="0,2" hai="7,11,13,24,31,34,110,111,129,130,131,132,134,135" machi="129" ten="50,24000,3" yaku="1,1,0,1,19,1,20,1,34,3,52,1,53,0" doraHai="3" doraHaiUra="71" who="3" fromWho="3" sc="100,-80,579,-80,197,-80,104,260" /><INIT seed="3,1,0,5,4,124" ten="20,499,117,364" oya="3" hai0="53,103,110,18,116,109,104,16,9,11,96,81,4" hai1="97,80,101,131,82,73,72,111,61,105,10,46,98" hai2="65,130,24,121,40,69,93,50,17,25,108,67,6" hai3="63,102,118,54,58,23,89,31,28,51,49,1,29"/><W27/><G1/><T74/><D116/><U37/><E61/><V48/><F108/><W14/><G118/><T123/><D123/><U77/><E111/><N who="0" m="42505" /><D53/><U5/><E97/><V47/><F121/><W7/><G102/><T78/><D9/><U44/><E131/><V112/><F6/><W79/><G79/><T113/><D113/><U71/><E71/><V39/><F112/><W132/><G132/><T22/><D22/><U60/><E60/><V13/><F130/><W90/><G14/><AGARI ba="1,0" hai="4,11,14,16,18,74,78,81,96,103,104" m="42505" machi="14" ten="30,2000,0" yaku="14,1,54,1" doraHai="124" who="0" fromWho="3" sc="20,23,499,0,117,0,364,-23" /><INIT seed="4,0,0,3,1,37" ten="43,499,117,341" oya="0" hai0="28,77,121,63,83,14,119,81,68,117,85,43,100" hai1="115,0,23,52,67,44,58,2,71,80,29,65,116" hai2="24,87,42,105,86,35,49,128,124,135,112,123,20" hai3="114,8,103,106,38,120,131,55,126,75,107,45,48"/><T61/><D121/><U6/><E116/><V84/><F123/><W64/><G120/><T33/><D100/><U74/><E115/><V57/><F105/><W122/><G122/><T76/><D28/><U31/><E71/><V79/><F35/><W90/><G114/><T72/><D33/><U118/><E118/><V26/><F112/><W73/><G131/><T101/><D101/><U66/><E44/><V9/><F128/><W129/><G129/><T34/><D34/><U7/><E74/><V54/><F26/><W104/><G103/><T17/><D61/><U41/><E41/><V15/><F124/><W40/><G126/><T19/><D17/><U5/><E80/><V46/><F135/><W94/><G64/><T113/><D113/><U95/><E95/><V82/><F20/><W70/><G70/><T111/><D111/><U56/><E23/><V27/><F24/><W133/><G8/><T39/><D63/><U18/><E18/><V13/><F13/><W30/><G30/><N who="1" m="11274" /><E56/><V134/><F27/><W89/><G133/><T99/><D99/><U97/><E97/><V59/><F57/><W50/><G55/><T4/><D4/><U88/><E52/><V25/><F25/><W92/><G38/><T93/><D93/><U96/><E58/><V110/><F110/><W22/><G22/><N who="0" m="11639" /><D68/><U108/><E108/><V12/><F12/><W109/><G109/><T102/><D102/><U130/><E130/><V62/><F134/><W127/><G127/><T3/><D3/><N who="1" m="1067" /><E96/><V125/><F125/><W53/><G92/><T32/><D32/><U91/><AGARI ba="0,0" hai="5,6,7,65,66,67,88,91" m="1067,11274" machi="91" ten="40,8000,1" yaku="5,1,28,2,54,1" doraHai="37" who="1" fromWho="1" sc="43,-40,499,80,117,-20,341,-20" /><INIT seed="5,0,0,1,1,100" ten="3,579,97,321" oya="1" hai0="7,96,98,46,20,62,99,11,113,101,64,127,97" hai1="117,66,129,18,43,35,49,132,83,114,128,29,84" hai2="82,102,56,5,69,53,122,42,36,118,109,1,61" hai3="9,119,34,112,116,12,71,19,134,2,27,86,48"/><U104/><E104/><V80/><F102/><W3/><G71/><T106/><D113/><U4/><E117/><N who="3" m="45130" /><G48/><T133/><D133/><U135/><E114/><V55/><F82/><W44/><G44/><T0/><D127/><U85/><E4/><V121/><F80/><W75/><G75/><T77/><D77/><U39/><E39/><V22/><F118/><W124/><G86/><T79/><D79/><U6/><E6/><V21/><F109/><W70/><G70/><T72/><D72/><U32/><E66/><V14/><F69/><W31/><G112/><T94/><D20/><U10/><E29/><V88/><F5/><W110/><G110/><T92/><D46/><N who="1" m="25823" /><E18/><V45/><F1/><N who="3" m="11" /><G124/><T47/><D47/><U73/><E10/><V125/><F125/><W65/><G65/><T95/><D64/><U8/><E8/><V107/><F107/><W120/><G120/><T33/><D62/><U78/><E84/><V90/><F55/><W103/><G103/><T76/><D76/><U24/><E24/><V26/><F14/><W13/><G13/><T16/><D16/><U93/><E93/><V37/><F26/><W40/><G40/><T105/><D106/><U23/><E85/><V87/><F37/><W17/><G17/><T63/><D63/><U51/><E51/><V15/><F15/><W60/><G60/><T58/><D58/><U74/><E74/><V89/><REACH who="2" step="1"/><F87/><REACH who="2" ten="3,579,87,321" step="2"/><W123/><G123/><AGARI ba="0,1" hai="21,22,36,42,45,53,56,61,88,89,90,121,122,123" machi="123" ten="40,5200,0" yaku="1,1,2,1,54,1,53,0" doraHai="100" doraHaiUra="111" who="2" fromWho="3" sc="3,0,579,0,87,62,321,-52" /><INIT seed="6,0,0,2,3,38" ten="3,579,149,269" oya="2" hai0="116,67,134,100,70,54,106,107,8,81,73,43,37" hai1="96,111,130,135,127,74,28,94,56,98,62,78,16" hai2="52,40,42,101,114,32,102,113,72,82,25,124,77" hai3="24,79,63,27,17,50,22,3,65,85,71,76,115"/><V49/><F124/><W4/><G115/><N who="2" m="44041" /><F32/><W46/><G85/><T131/><D100/><N who="2" m="38506" /><F25/><W117/><G117/><T21/><D116/><U89/><E28/><V103/><N who="2" m="38514" /><V120/><DORA hai="5" /><F120/><W75/><G75/><T33/><D33/><U69/><E74/><V36/><F36/><W122/><G122/><T60/><D21/><U105/><E105/><V39/><F39/><W68/><G68/><T110/><D110/><U7/><E69/><V129/><F129/><W58/><G71/><T108/><D108/><U123/><E111/><V121/><F121/><W109/><G27/><T83/><D131/><U19/><E127/><V125/><F125/><W66/><G66/><T1/><D134/><U31/><E135/><V64/><F64/><W133/><G133/><T119/><D119/><U44/><E31/><V30/><F30/><W87/><G87/><T15/><D54/><U0/><E123/><V23/><F23/><W55/><REACH who="3" step="1"/><G109/><REACH who="3" ten="3,579,149,259" step="2"/><T41/><D83/><U86/><E86/><V95/><F95/><W91/><G91/><T57/><D57/><AGARI ba="0,1" hai="40,42,49,52,57,72,77,82" m="38514,44041" machi="57" ten="40,12000,1" yaku="15,1,52,2,54,1" doraHai="38,5" who="2" fromWho="0" sc="3,-120,579,0,149,130,259,0" owari="-117,-62.0,579,68.0,279,8.0,259,-14.0" /></mjloggm>