<mjloggm ver="2.3"><GO type="185" lobby="0"/><UN n0="%E3%81%B6%E3%82%8B%E3%81%AF%E3%81%A4" n1="%E9%96%A2%E8%A5%BF%E9%9B%80%E5%A3%AB%E4%BC%9A" n2="%63%61%6C%63%2E" n3="" dan="16,16,19,0" rate="2149.11,2125.62,2374.62,1500.00" sx="M,M,M,C"/><TAIKYOKU oya="0"/><INIT seed="0,0,0,4,0,90" ten="350,350,350,0" oya="0" hai0="49,119,111,116,118,114,91,132,69,94,105,101,108" hai1="109,74,62,37,40,70,56,80,39,3,85,126,125" hai2="97,84,73,36,86,124,79,121,106,55,98,60,115" hai3=""/><T32/><D32/><U100/><E3/><V48/><N who="2" m="31008" /><V2/><F36/><T130/><D69/><U72/><E70/><V51/><F115/><T95/><D114/><U107/><E109/><N who="0" m="42057" /><D132/><U133/><E133/><V83/><F2/><T131/><D49/><U82/><E107/><V112/><F112/><T99/><D105/><U92/><E40/><V71/><F48/><T76/><D76/><U45/><E45/><V67/><F124/><N who="1" m="47721" /><E39/><V77/><F106/><T59/><D59/><U63/><E37/><V46/><F73/><N who="1" m="28265" /><E63/><V103/><F103/><T53/><D53/><U129/><E129/><V127/><F127/><T34/><D34/><U33/><E33/><V57/><F71/><T102/><D102/><U47/><E47/><V113/><F113/><T134/><D134/><U43/><E43/><V41/><F41/><T128/><D128/><U44/><E44/><V81/><AGARI ba="0,0" hai="46,51,55,57,60,67,77,79,81,83,84,86,97,98" m="31008" machi="81" ten="30,5900,0" yaku="0,1,9,1,8,1,52,1" doraHai="90" who="2" fromWho="2" sc="350,-39,350,-20,350,59,0,0" /><INIT seed="1,0,0,3,2,118" ten="311,330,409,0" oya="1" hai0="0,88,129,78,109,94,72,66,38,3,52,102,101" hai1="71,67,122,40,108,68,1,115,92,131,56,81,39" hai2="60,59,49,76,55,80,41,35,46,130,111,42,121" hai3=""/><U54/><N who="1" m="31264" /><U112/><E1/><V107/><N who="2" m="31008" /><V77/><F35/><T125/><D38/><U58/><E131/><V135/><F130/><T97/><D129/><U133/><E81/><V128/><F128/><T37/><D37/><U119/><E119/><V63/><F107/><T44/><D125/><U70/><E92/><V100/><F100/><T51/><D109/><U103/><E103/><V105/><F105/><T117/><D117/><U134/><E108/><V57/><F111/><T73/><D66/><U74/><E74/><V127/><F127/><T114/><D114/><N who="1" m="43563" /><E67/><V34/><F34/><T124/><D124/><U32/><E32/><V98/><F98/><T64/><D64/><U96/><E96/><V33/><F33/><T45/><D102/><U104/><E104/><V90/><F90/><T86/><D0/><U132/><E54/><V53/><F77/><T83/><D3/><U82/><E82/><V36/><F80/><T123/><N who="0" m="31520" /><T61/><D101/><U89/><E89/><V79/><F76/><T126/><D126/><U120/><N who="1" m="30752" /><U85/><E85/><V75/><F79/><T93/><D78/><U62/><E62/><V69/><F75/><T47/><D83/><U110/><E110/><RYUUKYOKU ba="0,0" sc="311,-10,330,20,409,-10,0,0" hai1="39,40,56,58,68,70,71,132,133,134" /><INIT seed="1,1,0,3,4,33" ten="301,350,399,0" oya="1" hai0="85,130,102,87,104,92,41,56,94,47,73,44,107" hai1="63,112,34,90,52,91,58,71,66,118,119,105,133" hai2="127,135,77,124,46,113,97,76,64,1,57,131,121" hai3=""/><U132/><E34/><V111/><N who="2" m="31008" /><V122/><N who="2" m="31264" /><V68/><F111/><T67/><D73/><U43/><E105/><V81/><F68/><T51/><D130/><U134/><E112/><V80/><F131/><T82/><D87/><U120/><N who="1" m="30752" /><U108/><E108/><V36/><F135/><T38/><D107/><U116/><E43/><V65/><F97/><T37/><D104/><U117/><N who="1" m="29696" /><DORA hai="54" /><U128/><REACH who="1" step="1"/><E128/><REACH who="1" ten="301,340,399,0" step="2"/><V125/><F113/><T110/><D110/><U60/><AGARI ba="1,1" hai="52,58,60,63,66,71,90,91,132,133,134" m="29696,30752" machi="60" ten="70,12000,2" yaku="1,1,2,1,0,1,20,1,52,2,54,1,53,0" doraHai="33,54" doraHaiUra="88,2" who="1" fromWho="1" sc="301,-61,340,132,399,-61,0,0" /><INIT seed="1,2,0,3,4,97" ten="240,472,338,0" oya="1" hai0="69,98,93,124,100,46,77,134,67,56,110,95,70" hai1="32,109,64,131,48,106,115,0,53,104,71,84,33" hai2="52,111,121,43,112,62,96,75,126,37,36,50,114" hai3=""/><U81/><E0/><V92/><N who="2" m="31008" /><V116/><F116/><T60/><D124/><U91/><E115/><N who="2" m="44075" /><F75/><T73/><D110/><U127/><E131/><V99/><F111/><T108/><D108/><U80/><E109/><V94/><F126/><T123/><N who="0" m="31520" /><T76/><D134/><U90/><E127/><V79/><F79/><T68/><D73/><U63/><E33/><V85/><F62/><T65/><D65/><U125/><E125/><V83/><F83/><T122/><N who="0" m="31264" /><T117/><D117/><U44/><E32/><V40/><F85/><AGARI ba="2,0" hai="44,48,53,63,64,71,80,81,84,85,90,91,104,106" machi="85" ten="40,2000,0" yaku="9,1" doraHai="97" who="1" fromWho="2" sc="240,0,472,24,338,-24,0,0" /><INIT seed="1,3,0,5,5,67" ten="240,496,314,0" oya="1" hai0="133,45,120,56,110,39,79,3,119,84,63,121,61" hai1="130,43,124,87,106,95,128,132,76,82,100,107,101" hai2="112,64,44,125,57,77,122,89,131,54,71,126,134" hai3=""/><U1/><E1/><V105/><N who="2" m="31264" /><V74/><F105/><T36/><N who="0" m="30752" /><T88/><N who="0" m="31008" /><T58/><D3/><U96/><E43/><V60/><F131/><N who="1" m="50217" /><E132/><V48/><F134/><T115/><D133/><U62/><E62/><V108/><F108/><T75/><D110/><U69/><E69/><V38/><F112/><T32/><D115/><U40/><E40/><V50/><F89/><T34/><D119/><U53/><E53/><V33/><F33/><T2/><D2/><U73/><E124/><N who="2" m="47723" /><F77/><T109/><D109/><U127/><E127/><V83/><F83/><T102/><D39/><U116/><E116/><V129/><F129/><T94/><D36/><U93/><E101/><V59/><F74/><T37/><D102/><U70/><E70/><V66/><F38/><T72/><D37/><U85/><E73/><V99/><F66/><T91/><D75/><U42/><E42/><V47/><F99/><T92/><D72/><U78/><E78/><V41/><AGARI ba="3,0" hai="41,44,47,48,50,54,57,59,60,64,71" m="47723,31264" machi="41" ten="30,6000,1" yaku="18,1,34,2,52,2" doraHai="67" who="2" fromWho="2" sc="240,-23,496,-43,314,66,0,0" /><INIT seed="2,0,0,0,2,73" ten="217,453,380,0" oya="2" hai0="40,92,121,55,74,100,115,51,68,72,112,43,66" hai1="133,117,34,75,105,86,126,110,94,0,119,87,52" hai2="88,130,42,38,62,53,71,47,76,58,81,122,3" hai3=""/><V54/><N who="2" m="31264" /><V120/><N who="2" m="30752" /><V99/><F3/><T84/><N who="0" m="31008" /><T123/><N who="0" m="31520" /><T131/><D131/><U35/><E0/><V56/><F130/><T96/><D84/><U127/><E105/><V113/><F71/><T65/><D74/><U106/><E106/><V41/><F41/><N who="0" m="15946" /><D72/><U101/><E75/><V107/><F113/><N who="0" m="43594" /><D68/><U97/><E133/><V33/><F33/><T46/><AGARI ba="0,0" hai="46,51,55,65,66,92,96,100" m="43594,15946,31520,31008" machi="46" ten="30,3000,0" yaku="11,1,52,2" doraHai="73" who="0" fromWho="0" sc="217,30,453,-10,380,-20,0,0" /><INIT seed="4,0,0,5,0,56" ten="247,443,360,0" oya="0" hai0="51,59,87,61,91,113,102,33,94,77,48,3,123" hai1="68,85,58,49,90,92,78,114,66,72,53,118,65" hai2="134,84,106,105,79,82,117,2,60,41,36,112,99" hai3=""/><T80/><N who="0" m="31520" /><T50/><D3/><U109/><E118/><V35/><F35/><T42/><D33/><U133/><E109/><V81/><F2/><T1/><D1/><U44/><E133/><V116/><F134/><T124/><D124/><U63/><E114/><V110/><F110/><T0/><D0/><U97/><E72/><V108/><F108/><T86/><D113/><U111/><E111/><V121/><N who="2" m="31008" /><V89/><F112/><T104/><D42/><U69/><E78/><V74/><F60/><T120/><N who="0" m="30752" /><T62/><D104/><N who="2" m="40042" /><F36/><T107/><REACH who="0" step="1"/><D59/><REACH who="0" ten="237,443,360,0" step="2"/><U75/><E75/><V57/><F41/><T67/><D67/><U32/><E32/><V55/><F57/><T43/><D43/><U98/><E66/><V38/><F55/><T96/><AGARI ba="0,1" hai="48,50,51,61,62,77,80,86,87,91,94,96,102,107" m="30752,31520" machi="96" ten="30,12000,2" yaku="1,1,0,1,52,4,53,1" doraHai="56" doraHaiUra="76" who="0" fromWho="0" sc="237,130,443,-60,360,-60,0,0" /><INIT seed="4,1,0,5,5,107" ten="367,383,300,0" oya="0" hai0="57,118,113,74,40,85,106,105,53,33,38,56,45" hai1="117,78,80,49,110,32,2,72,64,102,75,93,135" hai2="108,86,36,60,122,84,35,59,126,81,83,69,77" hai3=""/><T79/><D33/><U104/><E117/><V62/><N who="2" m="31264" /><V127/><F35/><T92/><D118/><U124/><E32/><V101/><F108/><T115/><D74/><U61/><E110/><V39/><F101/><T119/><D119/><U3/><E135/><V129/><F69/><T133/><D133/><U65/><E124/><N who="2" m="47659" /><F129/><T48/><D57/><U47/><E104/><V130/><F130/><T87/><D87/><U68/><E65/><V42/><F42/><T114/><D92/><U131/><E131/><V95/><F95/><T91/><D91/><U125/><E125/><V41/><F41/><T1/><D1/><U73/><E93/><V51/><F51/><T70/><D70/><U121/><N who="1" m="31008" /><U34/><E102/><V46/><F46/><T43/><REACH who="0" step="1"/><D40/><REACH who="0" ten="357,383,300,0" step="2"/><U58/><E68/><V109/><F109/><T82/><AGARI ba="1,1" hai="38,43,45,48,53,56,79,82,85,105,106,113,114,115" machi="82" ten="40,8000,1" yaku="1,1,2,1,0,1,15,1,53,0" doraHai="107" doraHaiUra="0" who="0" fromWho="0" sc="357,92,383,-41,300,-41,0,0" /><INIT seed="4,2,0,2,4,34" ten="449,342,259,0" oya="0" hai0="93,87,54,121,106,77,73,46,53,43,135,124,0" hai1="44,62,132,38,58,33,45,2,110,57,119,104,102" hai2="76,41,89,103,59,81,3,95,40,111,108,131,112" hai3=""/><T116/><N who="0" m="31008" /><T50/><D106/><U66/><E33/><V86/><F112/><T105/><D116/><U101/><E119/><V1/><F131/><T96/><D105/><U129/><E110/><V83/><F108/><T61/><D135/><U82/><E132/><V39/><F111/><T128/><D128/><U117/><E117/><V60/><F103/><T36/><D124/><U63/><E129/><V123/><N who="2" m="31520" /><V42/><F39/><T90/><D73/><U114/><E114/><V70/><F70/><T85/><D0/><U32/><E32/><V98/><REACH who="2" step="1"/><F83/><REACH who="2" ten="449,342,249,0" step="2"/><T79/><D36/><U47/><E38/><V133/><F133/><T125/><D125/><U94/><E82/><V37/><F37/><T134/><D134/><U64/><E104/><V55/><AGARI ba="2,1" hai="1,3,40,41,42,55,59,60,76,81,86,89,95,98" m="31520" machi="55" ten="30,6000,1" yaku="1,1,0,1,52,3,53,0" doraHai="34" doraHaiUra="67" who="2" fromWho="2" sc="449,-42,342,-22,249,74,0,0" /><INIT seed="5,0,0,5,2,73" ten="407,320,323,0" oya="1" hai0="65,69,99,115,0,102,80,48,94,38,72,70,45" hai1="60,42,120,34,51,35,63,105,134,119,101,121,50" hai2="108,2,133,62,126,106,39,77,109,67,32,58,104" hai3=""/><U127/><N who="1" m="30752" /><U41/><N who="1" m="31008" /><U46/><E119/><V44/><F32/><T130/><D0/><U113/><E113/><V123/><N who="2" m="31520" /><V107/><F2/><T40/><D115/><U83/><E134/><V110/><F133/><T135/><D135/><U85/><E127/><V122/><N who="2" m="31264" /><V75/><F126/><T87/><D72/><U90/><E105/><V71/><F58/><T98/><D130/><U88/><E101/><V103/><F103/><T47/><D99/><U132/><E132/><V76/><REACH who="2" step="1"/><F75/><REACH who="2" ten="407,320,313,0" step="2"/><T131/><D131/><U52/><E34/><V112/><F112/><T114/><D114/><U78/><E35/><V37/><F37/><T79/><D65/><U84/><E41/><AGARI ba="0,1" hai="39,41,44,62,67,71,76,77,104,106,107,108,109,110" m="31264,31520" machi="41" ten="50,12000,2" yaku="1,1,52,4,53,1" doraHai="73" doraHaiUra="61" who="2" fromWho="1" sc="407,0,320,-120,313,130,0,0" /><AGARI ba="0,0" hai="38,40,41,45,47,48,69,70,79,80,87,94,98,102" machi="41" ten="30,2000,0" yaku="7,1,52,1" doraHai="73" who="0" fromWho="1" sc="407,20,200,-20,443,0,0,0" /><INIT seed="6,0,0,2,5,2" ten="427,180,443,0" oya="2" hai0="39,32,48,94,59,38,107,128,54,77,56,75,87" hai1="62,122,120,63,47,50,126,131,68,3,41,76,80" hai2="81,43,101,102,79,74,135,0,70,119,67,78,61" hai3=""/><V106/><F0/><T124/><D107/><U116/><N who="1" m="30752" /><U58/><N who="1" m="31264" /><U36/><E3/><V66/><F119/><T105/><D105/><U53/><E80/><V33/><F33/><T132/><D132/><U85/><E85/><V99/><F135/><T130/><D75/><U73/><E73/><V103/><F79/><T95/><D124/><U89/><E89/><V98/><F43/><T86/><D77/><U134/><E76/><V52/><F66/><T1/><D1/><U71/><E134/><V45/><REACH who="2" step="1"/><F106/><REACH who="2" ten="427,180,433,0" step="2"/><T123/><N who="0" m="31520" /><T96/><D32/><U72/><E72/><V109/><F109/><T46/><D38/><U82/><E82/><V83/><F83/><T57/><D39/><U51/><E116/><V117/><F117/><T110/><D110/><U100/><E100/><V112/><F112/><T90/><REACH who="0" step="1"/><D87/><REACH who="0" ten="417,180,433,0" step="2"/><U44/><E126/><V93/><F93/><T88/><AGARI ba="0,2" hai="46,48,54,56,57,59,86,88,90,94,95,96,128,130" m="31520" machi="88" ten="30,9000,2" yaku="1,1,2,1,0,1,52,1,54,1,53,2" doraHai="2" doraHaiUra="127" who="0" fromWho="0" sc="417,110,180,-30,433,-60,0,0" owari="527,48.0,150,-45.0,373,-3.0,0,0.0" /></mjloggm>