<mjloggm ver="2.3"><GO type="169" lobby="0"/><UN n0="%E3%82%84%E3%81%BE%E3%81%8B%E3%81%84" n1="%E6%B9%98%E5%8C%97%E2%91%AD%E4%B8%89%E4%BA%95%E5%AF%BF" n2="%E9%87%8C%E6%9C%A8%E4%BB%81" n3="%E3%81%A9%E3%83%BC%E3%82%82%E5%83%95%E3%81%A7%E3%81%99" dan="16,17,16,16" rate="2151.05,2158.13,2118.07,2189.67" sx="M,M,M,F"/><TAIKYOKU oya="0"/><INIT seed="0,0,0,0,0,133" ten="250,250,250,250" oya="0" hai0="13,63,0,88,126,46,59,98,5,128,20,109,28" hai1="11,33,104,116,94,14,127,130,89,25,103,9,99" hai2="118,12,69,38,10,54,41,125,17,40,35,31,120" hai3="26,121,92,123,132,16,15,106,85,66,135,56,50"/><T79/><D0/><U73/><E116/><V113/><F120/><N who="3" m="46155" /><G106/><T131/><D79/><U64/><E130/><N who="0" m="49705" /><D109/><U75/><E64/><V100/><F113/><W53/><G26/><N who="0" m="16455" /><D46/><U115/><E115/><V110/><F69/><W39/><G39/><T58/><D63/><U78/><E127/><V44/><F125/><W34/><G34/><T49/><D49/><U3/><E3/><V83/><F118/><W30/><G30/><T19/><D5/><U45/><E45/><V87/><F40/><W77/><G66/><T122/><D122/><U57/><E57/><V29/><F35/><W42/><G42/><T134/><D134/><U18/><E11/><V97/><F54/><W61/><G61/><T81/><D126/><U6/><E6/><V72/><F72/><W117/><G117/><T101/><D81/><N who="1" m="45263" /><E75/><V8/><F8/><N who="3" m="6247" /><G92/><N who="0" m="56583" /><D101/><U84/><E33/><V48/><F38/><W96/><G96/><T102/><D102/><U82/><E82/><AGARI ba="0,0" hai="50,53,56,77,82,85,132,135" m="6247,46155" machi="82" ten="30,2000,0" yaku="13,1,54,1" doraHai="133" who="3" fromWho="1" sc="250,0,250,-20,250,0,250,20" /><INIT seed="1,0,0,0,5,86" ten="250,230,250,270" oya="1" hai0="129,87,118,111,122,76,112,47,91,41,45,39,134" hai1="36,113,57,125,71,98,116,90,43,130,46,16,89" hai2="13,101,26,35,97,4,9,75,14,30,119,80,78" hai3="105,77,81,23,123,127,66,69,115,79,126,44,92"/><U25/><E71/><V82/><F119/><W54/><G105/><T33/><D118/><U52/><E116/><V102/><F82/><W58/><G123/><T22/><D33/><U70/><E113/><V11/><REACH who="2" step="1"/><F97/><REACH who="2" ten="250,230,240,270" step="2"/><W114/><G81/><T117/><D117/><U106/><E125/><V38/><F38/><W29/><G126/><T31/><D39/><U63/><E130/><V34/><F34/><W100/><G127/><T15/><D129/><U110/><E110/><V124/><F124/><W121/><G114/><T93/><D111/><U24/><E24/><V0/><F0/><W55/><G115/><T135/><D112/><U10/><E70/><V120/><F120/><W27/><G69/><T48/><D122/><U128/><E128/><V28/><F28/><W61/><G121/><T42/><D31/><U83/><E83/><V107/><F107/><W108/><G108/><T72/><D72/><U131/><E131/><V20/><F20/><W1/><G1/><T17/><D76/><U88/><E106/><V62/><F62/><W94/><G77/><T74/><D74/><U133/><E133/><V132/><F132/><W37/><G79/><T51/><AGARI ba="0,1" hai="15,17,22,41,42,45,47,48,51,87,91,93,134,135" machi="51" ten="30,4000,0" yaku="0,1,9,1,52,1" doraHai="86" who="0" fromWho="0" sc="250,50,230,-20,240,-10,270,-10" /><INIT seed="2,0,0,4,2,41" ten="300,210,230,260" oya="2" hai0="72,81,93,107,82,26,10,44,61,119,67,47,123" hai1="24,100,99,77,111,49,54,109,80,43,122,9,90" hai2="94,102,51,132,18,87,31,133,60,76,85,79,62" hai3="56,57,126,86,110,117,25,50,16,64,63,7,106"/><V125/><F125/><W15/><G117/><T59/><D107/><U8/><E122/><V35/><F18/><W105/><G126/><T53/><D123/><U108/><E43/><V129/><F51/><W84/><G110/><T78/><D119/><U11/><E24/><N who="2" m="18919" /><F129/><W131/><G131/><T114/><D114/><U97/><E90/><N who="2" m="53583" /><F102/><W29/><G7/><T22/><D93/><U69/><E69/><V23/><F23/><N who="3" m="15551" /><G106/><T45/><D81/><U39/><E39/><V28/><F28/><W21/><G105/><T74/><D10/><U73/><REACH who="1" step="1"/><E100/><REACH who="1" ten="300,200,230,260" step="2"/><V71/><F71/><W17/><G17/><T83/><D74/><U113/><E113/><V88/><F79/><W68/><G68/><T95/><D95/><U14/><E14/><V55/><F76/><W13/><G13/><T130/><D130/><U96/><E96/><V66/><F66/><W121/><G121/><T46/><D82/><U135/><E135/><N who="2" m="51787" /><F55/><AGARI ba="0,1" hai="15,16,21,50,55,56,57,63,64,84,86" m="15551" machi="55" ten="30,2000,0" yaku="8,1,54,1" doraHai="41" who="3" fromWho="2" sc="300,0,200,0,230,-20,260,30" /><INIT seed="3,0,0,0,5,92" ten="300,200,210,290" oya="3" hai0="131,81,133,134,61,77,111,40,44,72,84,31,112" hai1="28,18,42,58,78,21,49,98,23,83,118,100,73" hai2="101,115,27,135,126,96,110,25,48,82,129,105,75" hai3="127,51,107,39,20,80,95,70,1,19,122,7,45"/><W50/><G122/><T87/><D111/><U106/><E118/><V74/><F115/><W79/><G107/><T0/><D112/><U6/><E6/><V37/><F37/><W63/><G127/><T67/><D131/><U130/><E130/><V119/><F129/><W76/><G70/><T109/><D31/><U59/><E28/><V108/><F119/><W132/><G63/><T3/><D109/><N who="2" m="42090" /><F126/><W2/><G132/><N who="0" m="50795" /><D87/><U41/><E23/><V30/><F135/><W14/><G76/><T56/><D84/><U104/><E106/><V86/><F48/><AGARI ba="0,0" hai="0,3,40,44,48,56,61,67,72,77,81" m="50795" machi="48" ten="30,1000,0" yaku="20,1" doraHai="92" who="0" fromWho="2" sc="300,10,200,0,210,-10,290,0" /><INIT seed="4,0,0,2,5,23" ten="310,200,200,290" oya="0" hai0="60,50,68,69,100,5,117,126,72,85,58,35,63" hai1="129,89,17,7,40,9,19,57,109,55,46,92,65" hai2="8,84,108,105,59,77,70,1,26,94,64,36,128" hai3="98,130,20,66,134,28,75,88,97,0,121,12,87"/><T51/><D72/><U44/><E109/><V90/><F108/><W29/><G0/><T4/><D117/><U62/><E129/><V52/><F105/><W127/><G130/><T93/><D126/><U16/><E65/><V33/><F36/><W110/><G110/><T2/><D35/><U54/><E55/><V107/><F128/><W49/><G75/><T115/><D115/><U99/><REACH who="1" step="1"/><E40/><REACH who="1" ten="310,190,200,290" step="2"/><V73/><F64/><W42/><G66/><T6/><D69/><U56/><E56/><V116/><F70/><W71/><G71/><T18/><D68/><U133/><E133/><V32/><F116/><W120/><G134/><T37/><D58/><U112/><E112/><V48/><F107/><W39/><G127/><T41/><D41/><U103/><E103/><V123/><F123/><W47/><G120/><T14/><D100/><U114/><E114/><V11/><F1/><AGARI ba="0,1" hai="1,7,9,16,17,19,44,46,54,57,62,89,92,99" machi="1" ten="40,2600,0" yaku="1,1,54,1,53,0" doraHai="23" doraHaiUra="45" who="1" fromWho="2" sc="310,0,190,36,200,-26,290,0" /><INIT seed="5,0,0,1,3,10" ten="310,226,174,290" oya="1" hai0="100,83,91,40,84,82,27,48,90,18,19,72,6" hai1="17,122,73,132,65,117,49,105,115,54,96,41,93" hai2="8,67,98,62,124,44,39,46,58,66,63,64,135" hai3="99,33,61,31,37,78,34,24,71,85,110,88,76"/><U51/><E73/><V1/><F135/><W25/><G110/><T101/><D6/><U69/><E105/><V126/><F98/><W70/><G37/><T108/><D108/><U29/><E29/><V38/><F8/><W127/><G127/><N who="2" m="48681" /><F1/><W87/><G99/><T128/><D128/><U77/><E77/><V55/><F63/><W92/><G61/><T9/><D72/><U21/><E132/><V114/><F114/><W59/><G59/><T107/><D107/><U36/><E117/><V97/><F97/><W16/><G34/><T43/><D9/><U120/><E115/><V125/><N who="2" m="48689" /><V32/><DORA hai="7" /><F32/><W50/><G76/><T104/><D104/><U80/><E36/><AGARI ba="0,0" hai="36,38,39,44,46,55,58,62,64,66,67" m="48689" machi="36" ten="50,6400,0" yaku="18,1,34,2" doraHai="10,7" who="2" fromWho="1" sc="310,0,226,-64,174,64,290,0" /><INIT seed="6,0,0,5,4,109" ten="310,162,238,290" oya="2" hai0="14,130,20,98,38,131,122,1,88,35,45,58,13" hai1="65,101,92,120,74,78,61,113,93,49,52,99,62" hai2="25,44,7,134,71,111,96,77,53,56,28,104,126" hai3="108,64,121,87,42,55,5,84,43,59,114,135,133"/><V2/><F71/><W27/><G5/><T16/><D1/><U119/><E120/><V68/><F68/><W90/><G108/><T112/><D35/><U33/><E119/><V32/><F111/><W82/><G121/><T129/><D122/><U89/><E33/><V127/><F44/><W0/><G0/><T4/><D112/><U46/><E113/><V79/><F134/><N who="3" m="51211" /><G64/><T69/><D69/><U22/><E65/><V110/><F110/><W21/><G84/><T97/><D58/><U3/><E3/><V12/><F2/><W102/><G102/><T30/><D30/><U36/><E36/><V100/><F7/><W39/><G39/><T105/><D105/><U26/><E78/><V81/><F12/><W117/><G117/><T47/><D38/><U24/><E74/><V107/><F107/><W29/><G114/><T51/><D88/><U123/><E123/><V132/><F132/><W18/><G18/><N who="0" m="10319" /><D4/><U125/><E125/><N who="2" m="47627" /><F81/><W19/><G19/><T75/><D75/><U85/><REACH who="1" step="1"/><E26/><REACH who="1" ten="310,152,238,290" step="2"/><V83/><F83/><W80/><G82/><T103/><D131/><U37/><E37/><V54/><F54/><W8/><G43/><T41/><D130/><U128/><E128/><V95/><F104/><W17/><G42/><T50/><D129/><U40/><E40/><V66/><F66/><W115/><G115/><T34/><D41/><U118/><E118/><V124/><N who="2" m="47635" /><V48/><AGARI ba="0,1" hai="25,28,32,48,53,56,77,79,95,96,100" m="47635" machi="48" ten="40,3900,0" yaku="4,1,18,1" doraHai="109" who="2" fromWho="2" sc="310,-13,152,-13,238,49,290,-13" /><INIT seed="6,1,0,2,0,131" ten="297,139,287,277" oya="2" hai0="36,51,101,108,70,6,85,120,49,112,21,47,88" hai1="20,79,24,48,55,54,45,78,16,82,12,102,19" hai2="27,44,62,60,92,2,66,65,31,100,91,125,75" hai3="98,104,25,8,106,86,133,73,123,57,107,89,28"/><V122/><F122/><W33/><G123/><T99/><D108/><U23/><E102/><V13/><F2/><W3/><G73/><T97/><D70/><U135/><E135/><V41/><F75/><W59/><G98/><T17/><D112/><U130/><E130/><V83/><F125/><W68/><G68/><T5/><D36/><U42/><REACH who="1" step="1"/><E79/><REACH who="1" ten="297,129,287,277" step="2"/><V63/><F100/><W114/><G133/><T0/><D120/><U30/><E30/><V71/><F71/><W39/><G28/><T126/><D101/><U81/><E81/><V7/><F83/><W80/><G80/><T37/><D126/><U93/><E93/><V4/><F92/><W40/><G104/><T38/><D38/><U115/><E115/><V116/><F116/><W117/><G106/><T127/><D37/><U14/><E14/><V26/><F13/><W22/><G107/><T50/><D127/><U34/><E34/><V56/><F91/><W76/><G33/><T134/><D134/><U77/><E77/><V94/><F94/><W11/><G76/><T46/><D88/><U96/><E96/><V95/><F95/><N who="3" m="54711" /><G117/><T52/><D99/><U74/><AGARI ba="1,1" hai="12,16,19,20,23,24,42,45,48,54,55,74,78,82" machi="74" ten="20,5200,0" yaku="1,1,0,1,7,1,54,1,53,0" doraHai="131" doraHaiUra="119" who="1" fromWho="1" sc="297,-14,129,65,287,-27,277,-14" /><INIT seed="7,0,0,1,1,109" ten="283,194,260,263" oya="3" hai0="15,18,133,113,69,92,79,74,57,64,90,84,10" hai1="130,25,120,95,108,47,135,96,67,103,112,40,97" hai2="87,81,115,89,82,43,19,30,91,60,110,117,1" hai3="38,54,93,31,7,3,59,111,14,16,37,12,24"/><W98/><G3/><T27/><D69/><U76/><E108/><V123/><F110/><W36/><G7/><T132/><D27/><U17/><E120/><V52/><F117/><W55/><G111/><T116/><D116/><U21/><E135/><N who="0" m="51785" /><D74/><U122/><E122/><V99/><F123/><W46/><G46/><T80/><D57/><U127/><E127/><V88/><F1/><W34/><G59/><T71/><D71/><U83/><E67/><V53/><F115/><W73/><G73/><N who="0" m="43119" /><D64/><U22/><E130/><V107/><F30/><W28/><G14/><T129/><D129/><U58/><E58/><N who="2" m="34887" /><F107/><W106/><G106/><T70/><D70/><U26/><E97/><V126/><F126/><W125/><G31/><T100/><D100/><U29/><E112/><AGARI ba="0,0" hai="10,15,18,84,90,92,112,113" m="43119,51785" machi="112" ten="30,3900,0" yaku="20,1,52,2" doraHai="109" who="0" fromWho="1" sc="283,39,194,-39,260,0,263,0" owari="322,42.0,155,-34.0,260,-14.0,263,6.0" /></mjloggm>