<mjloggm ver="2.3"><GO type="169" lobby="0"/><UN n0="%E8%91%B5%E3%81%A1%E3%82%83%E3%82%93" n1="%E5%85%AD%E9%83%A8%E5%9C%AD" n2="%E7%8B%82%E7%8A%AC" n3="%E2%80%A0%E7%99%BD%E5%85%8E%E2%80%A0" dan="16,16,16,16" rate="2153.21,2101.75,2135.74,2153.60" sx="F,M,M,M"/><TAIKYOKU oya="0"/><INIT seed="0,0,0,5,5,107" ten="250,250,250,250" oya="0" hai0="117,101,69,18,114,86,32,8,3,121,73,68,38" hai1="66,64,71,60,4,42,77,13,23,0,10,62,1" hai2="7,14,106,132,75,21,59,22,53,90,108,44,115" hai3="120,70,134,33,17,119,128,103,127,126,58,36,56"/><T24/><D114/><U55/><E42/><V83/><F115/><W87/><G103/><T84/><D117/><U110/><E110/><V135/><F106/><W67/><G17/><T45/><D121/><U130/><E130/><V80/><F44/><W78/><G87/><T112/><D112/><U54/><E77/><N who="2" m="44095" /><F108/><W26/><G26/><T20/><D101/><U9/><E23/><V99/><F14/><W29/><G29/><T98/><D98/><U133/><E133/><N who="2" m="51275" /><F7/><W131/><G33/><T72/><D32/><U116/><E116/><V85/><F99/><W105/><G78/><T25/><D25/><U125/><E125/><N who="3" m="47626" /><G105/><T16/><D86/><U91/><E91/><V35/><F35/><W93/><G134/><T76/><D45/><U57/><E0/><V118/><F118/><W63/><G93/><T65/><D38/><U15/><E1/><V113/><F113/><W5/><G5/><AGARI ba="0,0" hai="4,5,9,10,13,15,54,55,57,60,62,64,66,71" machi="5" ten="30,2000,0" yaku="7,1,9,1" doraHai="107" who="1" fromWho="3" sc="250,0,250,20,250,0,250,-20" /><INIT seed="1,0,0,4,1,5" ten="250,270,250,230" oya="1" hai0="116,18,89,70,125,97,15,99,86,29,117,68,3" hai1="91,79,23,111,74,41,127,78,26,119,12,131,52" hai2="134,54,130,24,44,115,82,85,72,66,42,103,63" hai3="9,20,13,30,90,17,106,57,113,83,49,114,61"/><U129/><E119/><V33/><F130/><N who="1" m="49673" /><E41/><V48/><F134/><W43/><G106/><T87/><D29/><U28/><E74/><V11/><F115/><W69/><G69/><T84/><D3/><U27/><E127/><V25/><F72/><W102/><G102/><T118/><D125/><U31/><E91/><V10/><F103/><W126/><G126/><T53/><D89/><U32/><E111/><V121/><F121/><W51/><G43/><T34/><D34/><U64/><E64/><V7/><F42/><W1/><G114/><T75/><D75/><U120/><E120/><V76/><F7/><W8/><G1/><T67/><D53/><U46/><E12/><V135/><F135/><W81/><G30/><T73/><D73/><U35/><E35/><V92/><F92/><W19/><G113/><T37/><D37/><U21/><E21/><V110/><F110/><W95/><G83/><T128/><D128/><U100/><E100/><V59/><REACH who="2" step="1"/><F33/><REACH who="2" ten="250,270,240,230" step="2"/><W88/><G81/><T22/><D118/><U65/><E65/><V6/><F6/><W47/><G95/><T123/><D117/><U104/><E104/><V38/><F38/><W105/><G105/><T98/><D116/><U122/><E122/><V0/><F0/><W14/><G20/><T107/><D123/><U40/><E40/><V36/><F36/><W60/><G47/><T133/><D133/><U124/><E124/><V56/><F56/><AGARI ba="0,1" hai="8,9,13,14,17,19,49,51,56,57,60,61,88,90" machi="56" ten="25,12000,2" yaku="22,2,8,1,52,2,54,1" doraHai="5" who="3" fromWho="2" sc="250,0,270,0,240,-120,230,130" /><INIT seed="2,0,0,0,4,102" ten="250,270,120,360" oya="2" hai0="122,78,84,96,50,9,107,30,110,95,103,79,57" hai1="19,71,68,90,76,123,34,104,13,121,20,37,133" hai2="130,16,125,83,77,27,74,81,54,5,46,38,91" hai3="56,105,127,109,2,112,4,10,33,124,94,44,128"/><V61/><F130/><W11/><G44/><T31/><D122/><N who="1" m="46603" /><E37/><V49/><F125/><N who="3" m="48203" /><G94/><T51/><D110/><U131/><E76/><V47/><F5/><N who="3" m="1335" /><G56/><T111/><D111/><U7/><E34/><V75/><F61/><W129/><G105/><T80/><D9/><U18/><E7/><V55/><F38/><W43/><G43/><T12/><D12/><U41/><E19/><V132/><F132/><W126/><N who="3" m="48211" /><W97/><DORA hai="88" /><G97/><T36/><D36/><U59/><E133/><V116/><F116/><W64/><G64/><T8/><D8/><U23/><E23/><V108/><F108/><W113/><G33/><T28/><D79/><U101/><E90/><V117/><F117/><W115/><G109/><T29/><N who="0" m="7168" /><DORA hai="58" /><T106/><REACH who="0" step="1"/><D51/><REACH who="0" ten="240,270,120,360" step="2"/><U21/><E21/><N who="2" m="13735" /><F77/><W89/><G129/><T6/><D6/><U15/><E131/><V98/><F75/><W26/><G128/><T48/><D48/><U24/><E13/><V45/><F74/><W66/><G4/><T0/><D0/><U73/><E15/><V3/><F3/><W69/><G11/><T92/><D92/><U53/><E24/><V82/><F49/><W1/><G26/><T39/><D39/><U52/><E20/><V86/><F98/><W99/><G1/><T42/><D42/><U67/><E41/><V35/><F35/><W134/><G134/><T62/><D62/><U70/><E18/><V22/><F22/><W65/><G99/><T40/><D40/><U119/><E73/><V85/><F85/><W32/><G32/><T72/><D72/><U93/><E93/><AGARI ba="0,1" hai="45,46,47,54,55,81,82,83,86,91,93" m="13735" machi="93" ten="30,11600,0" yaku="6,1,8,1,52,1,54,1" doraHai="102,88,58" who="2" fromWho="1" sc="240,0,270,-116,120,126,360,0" /><INIT seed="2,1,0,2,5,103" ten="240,154,246,360" oya="2" hai0="45,46,18,82,30,64,124,28,134,104,61,15,63" hai1="54,31,110,21,10,122,135,86,127,37,113,93,22" hai2="121,75,112,24,77,26,50,40,98,53,32,71,17" hai3="47,97,8,132,44,133,16,14,119,83,29,59,19"/><V108/><F112/><W96/><G119/><T69/><D124/><U38/><E113/><V42/><F121/><W73/><G29/><T123/><D123/><U57/><E122/><V106/><F71/><W81/><G59/><T117/><D117/><U25/><E127/><V51/><F77/><W34/><G34/><T89/><D134/><N who="3" m="51817" /><G19/><T100/><D63/><U115/><E115/><V55/><F75/><W6/><G6/><T107/><D30/><U129/><E135/><V41/><F108/><W0/><G0/><T3/><D3/><U94/><E110/><V74/><F74/><W13/><G13/><T105/><D100/><U1/><E21/><V91/><F32/><W65/><G65/><T95/><D82/><N who="3" m="31241" /><G73/><T79/><D79/><U120/><E57/><N who="2" m="32951" /><F17/><W49/><G47/><T102/><D28/><U131/><E31/><V99/><F24/><W2/><G2/><T111/><D111/><U88/><E25/><V60/><F60/><W48/><G48/><T9/><REACH who="0" step="1"/><D102/><REACH who="0" ten="230,154,246,360" step="2"/><U62/><E1/><V5/><F91/><W101/><G101/><T11/><D11/><U116/><E10/><V130/><F51/><W92/><G92/><T109/><D109/><U58/><E94/><V70/><F70/><W7/><G7/><T39/><D39/><U87/><E116/><V67/><F5/><W80/><G80/><T68/><D68/><U66/><E120/><V126/><F126/><W36/><G36/><T23/><D23/><U125/><E22/><V12/><F67/><W52/><AGARI ba="1,1" hai="8,14,16,44,49,52,96,97" m="31241,51817" machi="52" ten="30,4000,0" yaku="20,1,54,2" doraHai="103" who="3" fromWho="3" sc="230,-11,154,-11,246,-21,360,53" /><INIT seed="3,0,0,4,3,125" ten="219,143,225,413" oya="3" hai0="79,12,123,70,88,56,129,76,38,116,62,2,71" hai1="55,32,15,51,133,26,113,30,39,104,28,105,64" hai2="93,94,43,119,25,31,107,134,115,96,44,63,13" hai3="18,87,122,89,21,77,11,35,78,66,20,117,81"/><W17/><G35/><T72/><D2/><U37/><E113/><V68/><F119/><W49/><G117/><T46/><D116/><U74/><E74/><V85/><F134/><W4/><G122/><T22/><D123/><U67/><E133/><V14/><F85/><W124/><G124/><T90/><D71/><U97/><E15/><V65/><F94/><W53/><G66/><T7/><D70/><U91/><E91/><V92/><F93/><W83/><G21/><T135/><D135/><U36/><E97/><V48/><F115/><W52/><G53/><T16/><D7/><U47/><REACH who="1" step="1"/><E28/><REACH who="1" ten="219,133,225,413" step="2"/><V100/><REACH who="2" step="1"/><F92/><REACH who="2" ten="219,133,215,413" step="2"/><W27/><G83/><T3/><D72/><U82/><E82/><V34/><AGARI ba="0,2" hai="13,14,25,31,34,43,44,48,63,65,68,96,100,107" machi="34" ten="20,12000,2" yaku="1,1,2,1,0,1,7,1,25,2,53,0" doraHai="125" doraHaiUra="109" who="2" fromWho="2" sc="219,-30,133,-30,215,140,413,-60" /><INIT seed="4,0,0,1,0,128" ten="189,103,355,353" oya="0" hai0="38,55,26,103,21,87,83,6,63,68,67,112,23" hai1="12,50,71,8,77,133,70,25,88,7,43,73,32" hai2="18,127,125,57,98,123,93,40,51,120,45,122,11" hai3="126,19,114,59,61,3,80,96,102,53,118,37,46"/><T79/><D112/><U22/><E32/><V58/><F18/><W42/><G118/><T85/><D38/><U131/><E131/><V4/><F93/><W108/><G114/><T30/><D103/><U75/><E70/><V100/><F98/><W78/><G126/><N who="2" m="48137" /><F100/><W65/><G3/><AGARI ba="0,0" hai="3,4,11,40,45,51,57,58,120,122,123" m="48137" machi="3" ten="40,1300,0" yaku="18,1" doraHai="128" who="2" fromWho="3" sc="189,0,103,0,355,13,353,-13" /><INIT seed="5,0,0,2,4,34" ten="189,103,368,340" oya="1" hai0="69,122,36,61,79,97,83,15,105,133,60,85,115" hai1="71,121,80,16,73,107,130,27,62,2,95,92,45" hai2="31,7,58,102,14,30,65,32,132,39,56,101,74" hai3="23,46,70,112,75,3,33,40,88,93,42,87,81"/><U25/><E121/><V8/><F74/><W67/><G33/><T48/><D122/><U57/><E107/><V91/><F39/><W117/><G112/><T43/><D36/><U86/><E71/><V52/><F132/><W72/><G117/><T22/><D133/><U78/><E130/><V21/><F32/><W128/><G128/><T77/><D77/><U135/><E135/><V68/><F68/><W99/><G3/><T53/><D43/><U106/><E106/><V0/><F91/><W127/><G127/><T19/><D69/><U24/><E45/><V37/><F37/><W20/><G42/><T13/><D13/><U131/><E131/><V120/><F120/><W44/><G44/><T119/><D119/><U129/><E129/><V26/><F0/><W111/><G111/><T12/><D12/><U118/><E118/><V5/><F30/><W63/><G75/><T109/><D109/><U98/><E73/><V9/><F9/><W54/><G54/><T134/><D115/><U49/><E49/><N who="2" m="30735" /><F5/><W17/><G17/><T50/><D50/><U124/><E124/><V55/><F65/><W47/><G47/><N who="0" m="27807" /><D134/><U64/><E2/><V103/><F103/><W28/><G28/><T90/><D105/><U4/><E4/><V66/><F66/><W59/><G70/><T51/><D51/><AGARI ba="0,0" hai="7,8,14,21,26,31,51,55,58,101,102" m="30735" machi="51" ten="30,2000,0" yaku="8,1,54,1" doraHai="34" who="2" fromWho="0" sc="189,-20,103,0,368,20,340,0" /><INIT seed="6,0,0,5,0,126" ten="169,103,388,340" oya="2" hai0="18,4,77,36,43,67,45,0,95,124,103,30,66" hai1="48,65,15,38,129,41,63,119,46,86,2,25,85" hai2="68,69,42,40,96,9,28,84,72,39,6,5,81" hai3="109,121,11,35,19,99,20,93,26,74,76,89,59"/><V8/><F96/><W52/><G109/><T113/><D30/><U50/><E119/><V87/><F81/><W60/><G121/><T31/><D31/><U58/><E2/><V116/><F28/><W115/><G35/><T55/><D124/><U54/><E48/><V75/><REACH who="2" step="1"/><F39/><REACH who="2" ten="169,103,378,340" step="2"/><W100/><G115/><T102/><D36/><U10/><E25/><V53/><F53/><W98/><G74/><T132/><D55/><U135/><E135/><V23/><F23/><W71/><G76/><T1/><D77/><U78/><E78/><V51/><F51/><W90/><G71/><T7/><D132/><U112/><E112/><V110/><F110/><W32/><G32/><T134/><D113/><U12/><E12/><V24/><F24/><W3/><REACH who="3" step="1"/><G99/><REACH who="3" ten="169,103,378,330" step="2"/><T120/><D134/><U133/><E133/><V56/><F56/><W33/><G33/><T128/><D120/><U21/><E21/><V62/><F62/><W14/><G14/><T64/><D1/><U127/><E127/><V44/><F44/><W92/><G92/><T105/><D95/><U123/><E123/><V122/><F122/><W22/><G22/><T79/><D45/><U47/><REACH who="1" step="1"/><E129/><REACH who="1" ten="169,93,378,330" step="2"/><V13/><F13/><W37/><G37/><T70/><D128/><U97/><E97/><V91/><F91/><W16/><G16/><AGARI ba="0,3" hai="10,15,16,38,41,46,47,50,54,58,63,65,85,86" machi="16" ten="30,3900,0" yaku="1,1,7,1,54,1,53,0" doraHai="126" doraHaiUra="73" who="1" fromWho="3" sc="169,0,93,69,378,0,330,-39" /><INIT seed="7,0,0,1,5,29" ten="169,162,378,291" oya="3" hai0="89,46,122,118,36,101,92,93,21,102,91,11,68" hai1="94,104,73,16,44,113,47,63,67,72,54,42,60" hai2="56,5,26,39,52,75,28,71,121,30,107,79,69" hai3="119,128,85,115,14,123,124,10,15,38,17,65,116"/><W32/><G38/><T108/><D122/><U25/><E104/><V19/><F39/><W20/><G65/><T49/><D108/><U34/><E113/><V105/><F5/><W40/><G40/><N who="0" m="24775" /><D68/><U50/><E94/><N who="0" m="36457" /><D36/><U132/><E132/><V86/><F75/><W41/><G41/><T98/><D98/><U126/><E126/><V9/><F107/><W18/><G85/><T112/><D112/><U8/><E47/><V31/><F105/><W125/><G115/><T37/><D37/><U64/><E42/><V48/><F121/><W109/><G123/><T81/><D118/><N who="3" m="45097" /><G109/><T130/><D130/><U120/><E120/><V100/><F100/><N who="0" m="38506" /><D11/><U97/><E97/><V77/><F71/><W83/><G83/><T80/><D21/><U13/><E63/><V133/><F19/><W4/><G32/><T74/><D74/><U62/><E62/><V76/><F26/><N who="3" m="14607" /><G128/><T129/><D129/><U84/><E84/><V2/><F69/><W78/><G78/><T33/><D33/><U22/><E34/><V53/><F133/><W127/><G18/><T3/><D3/><AGARI ba="0,0" hai="3,4,10,14,15,124,125,127" m="14607,45097" machi="3" ten="40,7700,0" yaku="18,1,34,2" doraHai="29" who="3" fromWho="0" sc="169,-77,162,0,378,0,291,77" /><INIT seed="7,1,0,3,4,99" ten="92,162,378,368" oya="3" hai0="57,64,51,19,14,40,130,134,116,8,60,45,102" hai1="112,127,87,68,1,118,132,59,67,53,91,70,58" hai2="107,37,73,62,126,65,21,72,82,90,35,66,78" hai3="105,27,114,4,75,86,6,120,109,31,119,34,94"/><W83/><G119/><T56/><D130/><U16/><E1/><V104/><F35/><W103/><G120/><T74/><D134/><U129/><E129/><V110/><F110/><W80/><G114/><T125/><D125/><U0/><E0/><V131/><F131/><W30/><G109/><T22/><D116/><U39/><E39/><V23/><F37/><W96/><G31/><T123/><D123/><U18/><E68/><V10/><F10/><W7/><REACH who="3" step="1"/><G75/><REACH who="3" ten="92,162,378,358" step="2"/><T44/><D74/><U49/><E112/><V76/><F126/><W42/><G42/><T9/><D102/><U15/><E127/><V47/><F90/><AGARI ba="1,1" hai="4,6,7,27,30,34,80,83,86,90,94,96,103,105" machi="90" ten="40,3900,0" yaku="1,1,52,1,53,0" doraHai="99" doraHaiUra="11" who="3" fromWho="2" sc="92,0,162,0,378,-42,358,52" owari="92,-41.0,162,-24.0,336,14.0,410,51.0" /></mjloggm>