<mjloggm ver="2.3"><GO type="169" lobby="0"/><UN n0="%E9%BB%92%E7%8C%AB%73%69%6E" n1="%E9%B4%A8%E8%91%B1%E5%A4%AA%E9%83%8E" n2="%E3%83%8E%E3%82%AA%E3%83%81%E3%83%A3%E3%83%99%E3%82%B9" n3="%52%45%49%4E%E6%A3%AE%E4%B9%85%E4%BF%9D%50" dan="17,17,16,16" rate="2228.18,2160.35,2100.83,2137.92" sx="M,M,M,M"/><TAIKYOKU oya="0"/><INIT seed="0,0,0,4,5,14" ten="250,250,250,250" oya="0" hai0="64,122,85,2,128,129,17,22,59,56,131,81,44" hai1="62,60,68,126,80,34,115,6,3,25,13,1,134" hai2="130,33,36,37,30,105,108,9,78,118,92,89,94" hai3="101,67,12,88,40,53,43,125,70,110,29,87,41"/><T38/><D2/><U19/><E115/><V10/><F105/><W114/><G110/><T74/><D74/><U124/><E80/><V79/><F108/><W55/><G114/><T112/><D122/><U82/><E82/><V96/><F30/><W48/><G101/><T58/><D112/><U83/><E83/><V77/><F33/><W0/><G0/><N who="1" m="74" /><E62/><V120/><F120/><W73/><G29/><T52/><D64/><U66/><E66/><V35/><F35/><W135/><G73/><T27/><D44/><U103/><E60/><V93/><F130/><W63/><G135/><T7/><D7/><U45/><E45/><V102/><F118/><W132/><G125/><N who="1" m="48234" /><E68/><V69/><F69/><W5/><G132/><T71/><D38/><U123/><E103/><V106/><REACH who="2" step="1"/><F89/><REACH who="2" ten="250,250,240,250" step="2"/><W97/><G88/><N who="0" m="51247" /><D71/><U51/><E123/><V16/><F16/><W98/><G70/><T23/><D23/><U32/><E19/><V95/><N who="2" m="23552" /><DORA hai="20" /><V8/><AGARI ba="0,1" hai="8,9,10,36,37,77,78,79,96,102,106" m="23552" machi="8" ten="50,8000,1" yaku="1,1,4,1,0,1,29,2,53,0" doraHai="14,20" doraHaiUra="107,54" who="2" fromWho="2" sc="250,-40,250,-20,240,90,250,-20" /><INIT seed="1,0,0,1,0,36" ten="210,230,330,230" oya="1" hai0="100,123,106,83,33,27,65,135,32,46,97,107,108" hai1="54,37,90,49,133,80,59,22,19,50,16,4,74" hai2="21,85,104,105,23,5,113,1,91,58,61,84,15" hai3="2,17,101,62,35,70,43,67,99,127,55,92,13"/><U118/><E37/><V6/><F1/><W11/><G127/><T64/><D107/><U82/><E118/><V119/><F113/><W120/><G120/><T20/><D123/><U79/><E133/><V40/><F119/><W48/><G35/><T78/><D108/><U30/><E4/><V44/><F105/><W9/><G2/><T77/><D135/><U12/><E30/><V130/><F104/><W31/><G31/><T60/><D78/><U51/><E80/><V68/><F68/><W95/><G95/><T98/><D98/><U122/><E122/><V87/><F91/><W128/><G128/><T42/><D20/><U72/><E72/><V39/><F130/><W47/><REACH who="3" step="1"/><G55/><REACH who="3" ten="210,230,330,220" step="2"/><T129/><D129/><U76/><E76/><V111/><F111/><W38/><G38/><T8/><D32/><U69/><E69/><V57/><F57/><W53/><G53/><T34/><D34/><U7/><E7/><V63/><F6/><W93/><G93/><T102/><D33/><U125/><E125/><V124/><F124/><W0/><G0/><T29/><D29/><U24/><REACH who="1" step="1"/><E90/><REACH who="1" ten="210,220,330,220" step="2"/><V96/><F5/><W114/><G114/><T25/><D77/><U131/><E131/><V41/><F39/><W56/><G56/><T94/><D100/><U18/><E18/><V66/><F58/><W109/><G109/><T126/><D102/><U71/><E71/><V117/><F117/><W81/><G81/><T3/><D83/><U134/><E134/><V103/><F103/><W28/><G28/><T112/><D112/><U86/><E86/><V116/><F84/><RYUUKYOKU ba="0,2" sc="210,-15,220,15,330,-15,220,15" hai1="12,16,19,22,24,49,50,51,54,59,74,79,82" hai3="9,11,13,17,43,47,48,62,67,70,92,99,101" /><INIT seed="1,1,2,0,4,53" ten="195,235,315,235" oya="1" hai0="30,91,24,31,27,64,40,6,120,70,21,95,84" hai1="7,79,10,42,71,28,122,108,97,15,117,32,98" hai2="125,119,114,85,59,49,113,3,18,1,54,45,104" hai3="111,14,90,62,46,82,121,34,80,77,129,57,72"/><U103/><E117/><V127/><F104/><W75/><G121/><T107/><D120/><U20/><E71/><V110/><F119/><W50/><G34/><T44/><D107/><U118/><E118/><V109/><F85/><W41/><G111/><N who="2" m="42505" /><F18/><W25/><G129/><T63/><D6/><U19/><E108/><V112/><F45/><W2/><G2/><AGARI ba="1,2" hai="1,2,3,49,54,59,112,113,114,125,127" m="42505" machi="2" ten="40,5200,0" yaku="11,1,14,1,52,1" doraHai="53" who="2" fromWho="3" sc="195,0,235,0,315,75,235,-55" /><INIT seed="2,0,0,2,2,33" ten="195,235,390,180" oya="2" hai0="75,54,84,128,31,130,110,119,125,101,74,60,20" hai1="7,19,85,42,118,94,22,92,82,68,47,1,97" hai2="133,48,88,113,77,131,39,0,61,70,107,55,69" hai3="63,87,81,80,18,62,57,134,13,122,91,90,21"/><V10/><F113/><W28/><G134/><T132/><D132/><U5/><E68/><V129/><F133/><W123/><G28/><T3/><D110/><U105/><E105/><V112/><F112/><W83/><G63/><T86/><D125/><U100/><E94/><V17/><F77/><W41/><G41/><T9/><D101/><U109/><E109/><V99/><F39/><W72/><G72/><T127/><D127/><U46/><E118/><V37/><F37/><W23/><G23/><T89/><D119/><U135/><E135/><V36/><F36/><W38/><G38/><T103/><D103/><U121/><E121/><V64/><F70/><W124/><G124/><T58/><D84/><U104/><E104/><V66/><F66/><W26/><G13/><T40/><D40/><U51/><E47/><V116/><F116/><W44/><G44/><T71/><D71/><U117/><E1/><V56/><F107/><W106/><G106/><T6/><D20/><U120/><E120/><V15/><REACH who="2" step="1"/><F0/><REACH who="2" ten="195,235,380,180" step="2"/><W59/><G123/><T34/><D75/><U35/><E117/><V79/><F79/><W108/><G122/><T12/><D74/><U2/><E2/><V96/><F96/><W24/><G108/><T52/><D3/><U50/><E97/><V73/><F73/><W25/><G87/><T67/><D67/><U49/><E85/><V98/><F98/><W114/><G114/><T111/><D111/><U65/><E65/><V32/><F32/><W14/><G62/><T30/><D34/><U76/><E35/><V95/><AGARI ba="0,1" hai="10,15,17,48,55,56,61,64,69,88,95,99,129,131" machi="95" ten="30,12000,1" yaku="1,1,0,1,54,1,53,2" doraHai="33" doraHaiUra="126" who="2" fromWho="2" sc="195,-40,235,-40,380,130,180,-40" /><INIT seed="2,1,0,1,2,11" ten="155,195,510,140" oya="2" hai0="68,119,17,8,118,12,72,80,55,34,30,89,33" hai1="38,58,59,120,96,46,18,27,35,91,36,123,82" hai2="108,23,56,107,61,133,29,63,52,99,67,93,117" hai3="9,134,121,85,100,109,13,115,83,37,97,62,1"/><V7/><F107/><W106/><G1/><T86/><D68/><U20/><E35/><V101/><F117/><N who="0" m="44554" /><D30/><U124/><E124/><V81/><F133/><W88/><G134/><T42/><D42/><U73/><E73/><V132/><F132/><W76/><G109/><T92/><D55/><U44/><E46/><V19/><F108/><W45/><G115/><T71/><D71/><U69/><E69/><V32/><F32/><W41/><G62/><T3/><D3/><U16/><E18/><V116/><F116/><W53/><G53/><T112/><D112/><U22/><E22/><V47/><F7/><W31/><G31/><T25/><D25/><U24/><E24/><V54/><F29/><W39/><G121/><N who="1" m="46666" /><E44/><V66/><F81/><W48/><REACH who="3" step="1"/><G76/><AGARI ba="1,0" hai="8,12,17,33,34,72,76,80,86,89,92" m="44554" machi="76" ten="30,2000,0" yaku="12,1,52,1" doraHai="11" who="0" fromWho="3" sc="155,23,195,0,510,0,140,-23" /><INIT seed="3,0,0,2,1,83" ten="178,195,510,117" oya="3" hai0="119,7,0,39,86,57,58,77,35,87,19,46,45" hai1="125,48,72,14,28,29,49,95,102,6,65,50,38" hai2="74,62,106,34,20,1,27,114,54,26,15,23,92" hai3="10,112,5,25,116,59,126,21,31,52,82,32,4"/><W113/><G116/><T56/><D35/><U118/><E38/><V94/><F106/><W107/><G107/><T98/><D119/><U85/><E72/><V44/><F1/><W128/><G128/><T75/><D75/><U51/><E118/><V103/><F74/><W111/><G126/><T97/><D0/><U88/><E125/><V89/><F34/><W69/><G69/><T42/><D7/><U53/><E65/><V90/><F103/><W36/><G36/><T3/><D3/><U16/><E102/><V129/><F15/><W73/><G111/><T93/><D77/><U61/><E61/><V115/><F62/><W117/><G117/><T120/><D120/><U130/><E6/><V63/><F63/><W78/><G32/><T132/><D132/><U80/><E95/><V127/><F44/><N who="0" m="17002" /><D39/><U96/><E96/><N who="0" m="36969" /><D93/><U40/><E40/><V121/><F127/><W84/><G73/><T101/><D101/><U71/><E71/><V47/><F47/><W60/><G5/><T43/><D19/><U70/><E70/><V37/><F37/><W64/><REACH who="3" step="1"/><G64/><REACH who="3" ten="178,195,510,107" step="2"/><T122/><D122/><U18/><E130/><V8/><F129/><W41/><G41/><AGARI ba="0,1" hai="41,42,43,56,57,58,86,87" m="36969,17002" machi="41" ten="30,8000,1" yaku="28,2,8,1,52,2" doraHai="83" who="0" fromWho="3" sc="178,90,195,0,510,0,107,-80" /><INIT seed="4,0,0,3,2,109" ten="268,195,510,27" oya="0" hai0="87,22,126,53,81,73,101,40,54,121,133,36,13" hai1="74,71,50,83,25,16,117,51,91,46,79,42,5" hai2="63,70,29,26,96,49,112,48,39,134,77,19,90" hai3="21,33,99,27,119,68,113,100,1,15,45,35,92"/><T129/><D121/><U56/><E71/><V23/><F39/><W8/><G68/><T69/><D73/><U114/><E117/><V118/><F77/><W105/><G113/><T94/><D69/><U57/><E5/><V132/><F112/><W11/><G119/><T17/><D129/><U116/><E116/><V124/><F124/><W108/><G108/><T31/><D126/><U110/><E110/><V4/><F4/><W67/><G67/><T66/><D66/><U52/><E114/><V130/><F130/><W125/><G125/><T82/><D133/><N who="2" m="51306" /><F118/><W47/><G1/><T24/><D40/><U111/><E111/><V127/><F127/><W85/><G8/><N who="0" m="6311" /><D36/><U107/><E91/><V3/><F3/><W20/><G20/><T41/><D41/><U62/><E107/><V58/><F29/><W55/><G85/><T65/><D65/><U64/><E25/><V37/><F37/><W28/><G105/><T0/><D0/><U59/><REACH who="1" step="1"/><E16/><REACH who="1" ten="268,185,510,27" step="2"/><V44/><F70/><W122/><G122/><T123/><D123/><U103/><E103/><V120/><F120/><W80/><G80/><N who="0" m="30827" /><D101/><U89/><E89/><AGARI ba="0,1" hai="22,24,31,53,54,87,89,94" m="30827,6311" machi="89" ten="30,1500,0" yaku="8,1" doraHai="109" who="0" fromWho="1" sc="268,25,185,-15,510,0,27,0" /><INIT seed="4,1,0,3,4,91" ten="293,170,510,27" oya="0" hai0="132,85,19,92,106,101,134,103,104,28,42,108,5" hai1="8,116,53,3,45,86,126,80,73,83,60,59,100" hai2="33,121,7,64,88,75,25,94,79,50,102,56,107" hai3="58,110,23,55,44,84,67,65,32,12,112,62,6"/><T90/><D28/><U66/><E116/><V37/><F37/><W13/><G32/><T11/><D19/><U26/><E126/><V22/><F33/><W35/><G35/><T114/><D42/><U76/><E100/><N who="0" m="38473" /><D11/><U39/><E26/><V21/><F7/><W51/><G110/><T89/><D5/><U30/><E30/><V72/><F22/><W57/><G112/><T122/><D114/><U69/><E8/><V130/><F79/><W4/><G84/><N who="0" m="52263" /><D122/><U49/><E3/><V135/><F121/><W43/><G13/><T93/><D108/><U99/><E39/><V16/><F102/><W41/><G41/><T105/><AGARI ba="1,0" hai="85,90,93,104,105,106,132,134" m="52263,38473" machi="105" ten="40,12000,1" yaku="34,2,52,2" doraHai="91" who="0" fromWho="0" sc="293,123,170,-41,510,-41,27,-41" owari="416,22.0,129,-27.0,469,56.0,-14,-51.0" /></mjloggm>