<mjloggm ver="2.3"><GO type="169" lobby="0"/><UN n0="%6C%69%65%62%65" n1="%E3%81%8B%E3%81%A3%E9%A3%9B%E3%81%B0%E3%81%9B%E5%85%A8%E9%83%A8" n2="%79%6A%69%72%6F" n3="%E3%81%BF%E3%81%8B%E3%82%82%E3%82%81" dan="16,16,17,17" rate="2043.58,2123.33,2204.58,2187.95" sx="F,M,M,M"/><TAIKYOKU oya="0"/><INIT seed="0,0,0,2,1,61" ten="250,250,250,250" oya="0" hai0="9,62,66,48,36,64,51,19,45,1,52,16,34" hai1="78,97,124,100,109,127,114,15,53,71,63,8,46" hai2="92,123,38,91,56,26,33,23,108,11,10,131,32" hai3="101,113,43,76,84,105,75,12,83,93,96,4,28"/><T50/><D34/><U6/><E109/><V73/><F123/><W132/><G28/><T7/><D36/><U81/><E114/><V5/><F38/><W89/><G113/><T25/><D45/><U29/><E29/><V13/><F73/><W129/><G43/><T86/><D86/><U60/><E46/><V44/><F108/><W135/><REACH who="3" step="1"/><G129/><REACH who="3" ten="250,250,250,240" step="2"/><T111/><D111/><U68/><E127/><V14/><F131/><W126/><G126/><T2/><D2/><U22/><E124/><V85/><F44/><W24/><G24/><T112/><D112/><U128/><E128/><V57/><F33/><W21/><G21/><T133/><D133/><U54/><E22/><V125/><F32/><W98/><G98/><T116/><D116/><U82/><E97/><V74/><F125/><W0/><G0/><T106/><D106/><U18/><E15/><V65/><F26/><W42/><G42/><T119/><D119/><U59/><E8/><AGARI ba="0,1" hai="4,8,12,75,76,83,84,89,93,96,101,105,132,135" machi="8" ten="40,5200,0" yaku="1,1,24,2,53,0" doraHai="61" doraHaiUra="31" who="3" fromWho="1" sc="250,0,250,-52,250,0,240,62" /><INIT seed="1,0,0,5,2,68" ten="250,198,250,302" oya="1" hai0="78,118,23,83,10,54,101,37,61,2,127,19,100" hai1="31,8,129,112,3,21,97,25,70,0,109,126,75" hai2="17,108,80,5,27,63,58,1,13,111,110,77,128" hai3="125,28,72,55,123,51,76,74,90,50,34,91,49"/><U29/><E75/><V92/><F128/><W69/><G123/><T132/><D118/><U36/><E70/><V102/><F27/><W96/><G69/><T24/><D132/><U45/><E112/><V33/><F33/><W84/><G125/><T130/><D130/><U114/><E114/><V104/><F104/><W62/><G96/><T38/><D127/><U135/><E126/><V117/><F117/><W14/><G76/><T116/><D116/><U64/><E64/><V119/><F119/><W48/><G62/><T60/><D60/><U87/><E129/><V107/><F107/><W16/><G28/><T89/><D89/><U35/><E135/><V47/><F47/><W11/><G34/><T40/><D40/><U122/><E122/><V15/><F17/><W106/><G106/><T82/><D82/><U30/><E109/><V39/><F39/><W53/><G91/><T134/><D134/><U81/><E97/><N who="2" m="59687" /><F5/><W20/><G20/><T103/><D2/><U9/><E0/><V41/><F41/><W65/><G65/><T113/><D10/><U12/><E3/><V52/><F1/><W99/><G99/><T46/><D113/><U56/><E56/><V124/><F124/><W4/><G4/><T7/><D7/><N who="1" m="3103" /><E9/><V105/><F105/><W98/><G98/><T67/><D67/><U79/><E35/><V133/><F133/><W42/><G42/><T86/><D46/><U131/><E131/><V43/><F43/><W121/><G121/><T44/><D44/><U71/><E71/><V22/><F22/><W120/><N who="3" m="12288" /><DORA hai="18" /><W32/><G120/><RYUUKYOKU ba="0,0" sc="250,10,198,10,250,10,302,-30" hai0="19,23,24,37,38,54,61,78,83,86,100,101,103" hai1="21,25,29,30,31,36,45,79,81,87" hai2="13,15,52,58,63,77,80,108,110,111" /><INIT seed="1,1,0,0,4,28" ten="260,208,260,272" oya="1" hai0="68,35,129,110,46,4,41,116,51,7,88,20,111" hai1="92,133,102,85,31,95,27,82,94,98,77,61,118" hai2="60,56,104,50,86,99,134,113,38,64,79,39,81" hai3="67,65,34,55,80,72,108,47,6,76,132,73,22"/><U128/><E118/><V126/><F134/><W89/><G108/><N who="0" m="41515" /><D116/><U11/><E133/><V14/><F126/><W26/><G132/><T25/><D68/><U75/><E128/><V71/><F113/><W93/><G72/><T123/><D123/><U115/><E115/><V97/><F14/><W3/><G3/><T52/><D35/><U32/><E11/><V91/><F104/><W44/><G6/><T0/><D0/><U96/><E61/><V36/><REACH who="2" step="1"/><F79/><REACH who="2" ten="260,208,250,272" step="2"/><W114/><G114/><T83/><D129/><U43/><E43/><V40/><F40/><W69/><G69/><T78/><D41/><U29/><E29/><V103/><F103/><W16/><G55/><AGARI ba="1,1" hai="36,38,39,50,55,56,60,64,71,81,86,91,97,99" machi="55" ten="40,1300,0" yaku="1,1,53,0" doraHai="28" doraHaiUra="112" who="2" fromWho="3" sc="260,0,208,0,250,26,272,-16" /><INIT seed="2,0,0,2,3,126" ten="260,208,276,256" oya="2" hai0="99,106,9,77,78,84,130,37,82,111,79,90,86" hai1="96,61,68,16,56,102,41,101,98,128,93,51,113" hai2="122,85,100,21,109,53,83,30,70,38,32,52,64" hai3="29,76,25,19,10,17,11,28,129,89,58,0,123"/><V60/><F122/><W71/><G71/><T12/><D37/><U23/><E113/><V65/><F38/><W115/><G76/><T36/><D36/><U118/><E118/><V124/><F124/><W43/><G43/><T114/><D114/><U105/><E128/><V81/><F109/><W87/><G123/><T110/><D12/><U88/><E68/><V15/><F65/><W4/><G115/><T22/><D22/><U26/><E102/><V18/><F100/><W94/><G129/><T103/><D9/><U39/><E39/><V14/><F14/><W47/><G47/><T20/><D20/><U24/><E41/><V63/><F63/><W95/><G11/><T135/><D135/><U45/><E45/><V31/><F81/><W133/><G133/><T117/><D117/><U27/><REACH who="1" step="1"/><E51/><REACH who="1" ten="260,198,276,256" step="2"/><V59/><F70/><W132/><G132/><T73/><D130/><U40/><E40/><V134/><F134/><W91/><G58/><T3/><D3/><U107/><E107/><V75/><F75/><W7/><G7/><T74/><D86/><U72/><E72/><AGARI ba="0,1" hai="72,73,74,77,78,79,82,84,90,99,103,106,110,111" machi="72" ten="40,5200,0" yaku="34,3" doraHai="126" who="0" fromWho="1" sc="260,62,198,-52,276,0,256,0" /><INIT seed="3,0,0,2,2,135" ten="322,146,276,256" oya="3" hai0="59,107,132,71,74,68,21,14,56,18,118,28,99" hai1="39,49,50,133,61,75,16,102,24,82,125,7,37" hai2="94,17,87,101,123,108,92,106,44,117,97,2,114" hai3="10,63,66,72,84,78,96,134,81,95,54,23,1"/><W98/><G134/><T79/><D132/><U20/><E133/><V36/><F114/><W57/><G23/><T67/><D118/><U119/><E119/><V110/><F117/><W0/><G10/><T47/><D47/><U60/><E102/><V100/><F2/><W88/><G96/><T33/><D79/><U113/><E113/><V13/><F123/><W41/><G41/><T32/><D74/><U76/><E7/><V111/><F101/><W122/><G122/><T26/><D33/><U35/><E35/><V27/><F27/><W22/><G22/><T105/><D71/><U91/><E91/><V45/><F87/><W126/><G126/><T12/><D12/><U8/><E8/><N who="2" m="6311" /><F45/><W55/><G55/><T53/><D53/><U129/><E129/><V11/><F11/><W30/><G30/><T69/><D69/><U43/><E125/><V103/><F103/><W65/><REACH who="3" step="1"/><G72/><REACH who="3" ten="322,146,276,246" step="2"/><T80/><D21/><U86/><E75/><V73/><F73/><W5/><G5/><T124/><D124/><U19/><E19/><V48/><F36/><W64/><AGARI ba="0,1" hai="0,1,54,57,63,64,65,66,78,81,84,88,95,98" machi="64" ten="30,11700,0" yaku="1,1,0,1,54,1,53,1" doraHai="135" doraHaiUra="58" who="3" fromWho="3" sc="322,-39,146,-39,276,-39,246,127" /><INIT seed="3,1,0,1,4,52" ten="283,107,237,373" oya="3" hai0="9,51,128,45,33,27,69,25,88,10,62,39,4" hai1="80,29,95,34,115,129,125,85,119,111,13,104,89" hai2="12,72,113,47,108,46,23,38,7,101,64,103,83" hai3="14,11,99,57,1,82,42,94,37,74,63,133,87"/><W122/><G122/><T98/><D128/><U59/><E115/><V102/><F113/><W18/><G74/><T78/><D78/><U126/><E104/><V5/><F108/><W81/><G133/><T43/><D39/><U17/><E111/><V118/><F118/><W97/><G1/><T91/><D98/><N who="3" m="37385" /><G42/><T8/><D4/><U24/><E129/><V73/><F64/><N who="3" m="39023" /><G37/><T55/><D69/><U41/><E119/><V32/><F32/><W58/><G58/><N who="0" m="35167" /><D33/><U130/><E130/><V90/><F38/><W3/><G3/><T116/><D116/><U49/><E80/><N who="3" m="30826" /><G94/><T134/><D134/><U67/><E41/><V71/><F71/><W56/><G56/><T132/><D132/><U84/><E84/><AGARI ba="1,0" hai="11,14,18,84,87" m="30826,39023,37385" machi="84" ten="30,2900,0" yaku="8,1,52,1" doraHai="52" who="3" fromWho="1" sc="283,0,107,-32,237,0,373,32" /><INIT seed="3,2,0,0,1,64" ten="283,75,237,405" oya="3" hai0="87,102,53,26,109,32,83,81,99,95,89,52,34" hai1="125,121,15,33,46,112,69,94,22,127,134,45,47" hai2="44,42,97,3,21,17,55,10,93,41,50,38,86" hai3="5,8,113,101,30,65,111,110,107,118,66,35,23"/><W91/><G118/><T98/><D109/><N who="3" m="41481" /><G113/><T63/><D63/><U51/><E112/><V31/><F86/><W60/><G35/><T130/><D130/><U135/><E121/><V108/><F108/><W79/><G79/><T96/><D26/><U11/><E33/><V7/><F38/><W37/><G37/><T117/><D117/><U6/><E94/><V70/><F31/><W62/><G91/><T114/><D114/><U73/><E73/><V2/><F2/><W27/><G101/><T4/><D4/><U18/><E51/><V24/><REACH who="2" step="1"/><F70/><REACH who="2" ten="283,75,227,405" step="2"/><N who="3" m="42279" /><G107/><T82/><D34/><U78/><E69/><V43/><F43/><W68/><G5/><T1/><D1/><N who="1" m="463" /><E78/><V13/><F13/><W0/><G0/><T88/><D32/><U120/><E120/><V16/><F16/><W14/><G14/><T72/><D72/><U71/><E71/><V19/><F19/><W131/><G8/><T92/><REACH who="0" step="1"/><D99/><REACH who="0" ten="273,75,227,405" step="2"/><U124/><AGARI ba="2,2" hai="15,18,22,45,46,47,124,125,127,134,135" m="463" machi="124" ten="40,1500,0" yaku="18,1" doraHai="64" who="1" fromWho="1" sc="273,-6,75,41,227,-6,405,-9" /><INIT seed="4,0,0,4,2,50" ten="267,116,221,396" oya="0" hai0="88,54,87,114,38,118,4,123,25,28,117,82,33" hai1="17,5,40,130,100,20,72,42,24,13,14,34,9" hai2="102,94,45,113,92,107,21,67,83,6,63,128,106" hai3="101,86,133,53,80,60,58,124,135,59,97,35,52"/><T12/><D123/><U47/><E130/><V78/><F128/><W105/><G35/><T56/><D38/><U120/><E120/><V98/><F113/><W127/><G80/><T27/><D114/><U15/><E72/><V79/><F6/><W121/><G121/><T37/><D37/><U61/><E100/><V91/><F21/><W119/><G119/><T73/><D25/><U90/><E34/><V89/><F45/><W57/><G86/><T65/><D65/><U103/><E103/><V48/><F48/><N who="3" m="30855" /><G59/><T131/><D131/><U51/><E61/><V64/><F64/><W36/><G36/><T93/><D73/><U75/><E75/><V104/><F63/><W46/><G46/><T68/><D68/><U66/><E66/><V26/><F26/><W70/><G70/><T95/><D118/><U126/><E126/><AGARI ba="0,0" hai="53,58,60,97,101,105,124,126,127,133,135" m="30855" machi="126" ten="30,7700,0" yaku="18,1,52,2,54,1" doraHai="50" who="3" fromWho="1" sc="267,0,116,-77,221,0,396,77" /><INIT seed="5,0,0,0,2,8" ten="267,39,221,473" oya="1" hai0="62,17,40,16,68,31,39,134,99,33,121,129,32" hai1="28,115,43,35,12,132,103,78,29,122,36,123,100" hai2="112,114,14,111,88,91,64,50,74,73,120,102,45" hai3="89,49,34,1,7,6,106,71,69,52,125,0,67"/><U110/><E115/><N who="2" m="44075" /><F111/><W60/><G125/><T4/><D129/><U37/><E132/><V116/><F116/><W15/><G34/><T104/><D33/><U26/><E110/><V20/><F120/><W119/><G71/><T107/><D107/><U44/><E29/><V57/><F102/><W93/><G106/><T58/><D58/><U85/><E36/><V56/><F56/><W70/><G70/><T83/><D83/><U48/><E37/><V118/><F118/><W22/><G7/><T82/><D82/><U133/><E133/><V55/><F64/><W42/><G42/><T54/><D54/><U3/><E3/><V97/><F45/><W72/><G72/><N who="2" m="27753" /><F97/><W23/><G119/><T19/><D134/><U79/><E123/><V76/><F76/><W61/><G61/><T2/><D121/><U24/><E122/><V130/><F130/><W84/><G23/><T5/><D2/><U51/><E44/><V80/><F80/><W81/><G81/><T10/><D40/><U127/><E43/><V124/><F124/><W27/><G27/><N who="0" m="18559" /><D39/><U13/><E127/><V87/><F87/><W41/><G41/><T86/><D86/><U11/><E85/><V113/><F113/><W131/><G131/><T92/><D92/><U108/><E108/><V126/><F126/><W109/><G109/><T98/><D98/><U65/><E65/><V18/><AGARI ba="0,0" hai="14,18,20,50,55,57,88,91" m="27753,44075" machi="18" ten="40,8000,1" yaku="15,1,11,1,52,1,54,1" doraHai="8" who="2" fromWho="2" sc="267,-20,39,-40,221,80,473,-20" owari="247,-15.0,-1,-50.0,301,10.0,453,55.0" /></mjloggm>