<mjloggm ver="2.3"><GO type="169" lobby="0"/><UN n0="%E3%81%B4%E3%83%BC%E3%81%8A%E3%81%8B" n1="%E3%81%B5%E3%81%96%E3%81%91%E3%82%8B%E3%83%9F%EF%BC%81" n2="%E3%82%8F%E3%81%A3%E3%81%97%E3%82%87%E3%81%84%E5%90%9B%32%E5%8F%B7" n3="%E3%81%A4%E3%81%A3%E3%81%97%E3%83%BC%E3%81%BE" dan="16,17,17,16" rate="2147.02,2112.29,2220.79,2060.20" sx="M,M,M,M"/><TAIKYOKU oya="0"/><INIT seed="0,0,0,3,3,35" ten="250,250,250,250" oya="0" hai0="56,73,7,121,29,57,107,124,49,14,132,127,10" hai1="105,115,103,37,64,62,28,4,25,33,114,66,52" hai2="6,70,72,111,22,3,43,59,104,61,40,20,128" hai3="51,112,120,34,55,1,88,31,69,13,50,30,36"/><T78/><D121/><U58/><E37/><V96/><F72/><W24/><G36/><T91/><D107/><U134/><E134/><V109/><F70/><W60/><G112/><N who="1" m="43050" /><E4/><V8/><F128/><W95/><G120/><T27/><D132/><U75/><E75/><V125/><F125/><N who="0" m="48202" /><D49/><U79/><E79/><V68/><F68/><W9/><G30/><T63/><D91/><U133/><E133/><V0/><F96/><AGARI ba="0,0" hai="25,28,33,52,58,62,64,66,96,103,105" m="43050" machi="96" ten="30,2000,0" yaku="11,1,54,1" doraHai="35" who="1" fromWho="2" sc="250,0,250,20,250,-20,250,0" /><INIT seed="1,0,0,2,1,55" ten="250,270,230,250" oya="1" hai0="38,107,62,90,26,49,12,93,73,85,10,95,51" hai1="109,4,120,6,48,27,5,0,33,128,121,2,111" hai2="76,66,13,112,118,131,37,25,30,21,60,7,35" hai3="75,124,34,102,83,53,47,39,67,97,132,31,105"/><U45/><E128/><V58/><F118/><W82/><G124/><T77/><D107/><U42/><E42/><V54/><F131/><W20/><G132/><T79/><D38/><U44/><E48/><V106/><F112/><W94/><G34/><T123/><D123/><N who="1" m="47179" /><E44/><V84/><F106/><W104/><G67/><T3/><D3/><N who="1" m="1067" /><E45/><V14/><F37/><W122/><G122/><T32/><D32/><U78/><E78/><N who="0" m="29705" /><D26/><U92/><E92/><V117/><F117/><W64/><G64/><T116/><D116/><U68/><E68/><V98/><F98/><W130/><G130/><T17/><D73/><U125/><E125/><V72/><F35/><W134/><G134/><T87/><D62/><U135/><E135/><V81/><F7/><W23/><G75/><T119/><D119/><U11/><E11/><V43/><F43/><W89/><G105/><T100/><D85/><U126/><E126/><V115/><F115/><W80/><G31/><AGARI ba="0,0" hai="4,5,6,27,31,33,109,111" m="1067,47179" machi="31" ten="40,3900,0" yaku="34,2" doraHai="55" who="1" fromWho="3" sc="250,0,270,39,230,0,250,-39" /><INIT seed="1,1,0,3,3,110" ten="250,309,230,211" oya="1" hai0="109,39,16,121,2,21,73,4,128,86,37,65,59" hai1="29,113,49,20,50,81,28,112,38,30,34,10,94" hai2="31,41,60,23,106,92,25,85,91,51,100,5,84" hai3="101,61,125,77,53,11,13,1,130,124,131,3,75"/><U135/><E38/><V99/><F5/><W36/><G36/><T45/><D109/><U74/><E34/><V122/><F122/><W132/><G101/><T79/><D73/><U8/><E20/><V26/><F60/><W56/><G77/><T14/><D128/><N who="3" m="49193" /><G75/><T72/><D72/><U66/><E66/><V115/><F26/><W129/><N who="3" m="49201" /><W98/><DORA hai="18" /><G98/><T118/><D118/><U78/><E135/><V67/><F67/><W55/><G55/><T35/><D35/><U6/><E94/><V40/><F115/><W103/><G103/><T117/><D117/><U33/><E33/><V95/><REACH who="2" step="1"/><F51/><REACH who="2" ten="250,309,220,211" step="2"/><W87/><G132/><T7/><D7/><U116/><E116/><V76/><F76/><W69/><G69/><T9/><D4/><U70/><E70/><V134/><F134/><W93/><G3/><T80/><D2/><U107/><E6/><V96/><F96/><W89/><G1/><T108/><D37/><U52/><E50/><V19/><F19/><AGARI ba="1,1" hai="11,13,19,53,56,61,87,89,93,124,125" m="49201" machi="19" ten="40,1300,0" yaku="19,1" doraHai="110,18" who="3" fromWho="2" sc="250,0,309,0,220,-16,211,26" /><INIT seed="2,0,0,3,4,18" ten="250,309,204,237" oya="2" hai0="128,52,91,97,70,105,79,118,135,76,24,6,80" hai1="27,22,92,11,56,110,101,29,37,19,35,41,123" hai2="106,103,86,125,63,90,12,82,85,95,116,5,120" hai3="50,67,112,68,3,49,84,77,43,58,38,0,113"/><V99/><F120/><W20/><G49/><T74/><D70/><U64/><E110/><V100/><F116/><W39/><G77/><T36/><D36/><U51/><E123/><V108/><F63/><W53/><G84/><T25/><D135/><U122/><E122/><V69/><F69/><W62/><G38/><T102/><D128/><U98/><E37/><V33/><F33/><W124/><G124/><T47/><D118/><U61/><E35/><V126/><F12/><W10/><G20/><T75/><D6/><U73/><E73/><V59/><F59/><W66/><G67/><T109/><D109/><U45/><REACH who="1" step="1"/><E11/><REACH who="1" ten="250,299,204,237" step="2"/><V131/><F108/><W88/><G10/><T55/><D74/><U54/><E54/><V8/><F131/><W30/><G113/><T87/><D55/><U46/><E46/><V111/><F111/><W81/><G112/><T9/><D9/><U26/><E26/><V65/><F65/><W7/><G53/><T4/><D52/><U89/><E89/><N who="2" m="51383" /><F8/><W1/><G66/><T2/><D47/><U15/><E15/><V127/><F5/><W48/><G7/><T117/><D117/><U93/><E93/><N who="2" m="54487" /><F100/><W60/><G1/><T32/><D32/><U121/><E121/><V21/><F21/><W94/><G3/><T133/><D2/><U130/><E130/><V129/><F129/><W83/><G0/><T16/><D4/><U107/><E107/><AGARI ba="0,1" hai="95,99,103,106,107,125,126,127" m="54487,51383" machi="107" ten="30,5800,0" yaku="18,1,34,2" doraHai="18" who="2" fromWho="1" sc="250,0,299,-58,204,68,237,0" /><INIT seed="2,1,0,1,3,40" ten="250,241,272,237" oya="2" hai0="128,33,76,101,92,68,21,72,123,28,100,84,9" hai1="70,73,91,45,111,109,54,87,134,96,127,132,117" hai2="126,113,85,83,15,133,112,99,121,135,93,122,57" hai3="66,48,8,75,14,78,16,59,31,55,32,51,65"/><V25/><F25/><W105/><G105/><T2/><D123/><N who="2" m="47114" /><F15/><W27/><REACH who="3" step="1"/><G51/><REACH who="3" ten="250,241,272,227" step="2"/><T130/><D130/><U26/><E111/><V42/><F126/><W50/><G50/><T20/><D128/><U94/><E109/><V118/><F118/><W71/><G71/><T38/><D68/><U88/><E70/><V104/><F104/><W115/><G115/><N who="2" m="44105" /><F57/><W120/><G120/><T86/><D38/><U52/><E117/><V61/><F61/><W98/><G98/><T108/><D108/><U116/><E127/><V7/><F42/><W119/><G119/><T124/><D124/><U13/><E116/><V80/><F7/><W41/><G41/><T53/><D72/><U12/><E73/><V79/><F83/><AGARI ba="1,1" hai="8,14,16,27,31,32,48,55,59,65,66,75,78,83" machi="83" ten="40,2600,0" yaku="1,1,54,1,53,0" doraHai="40" doraHaiUra="90" who="3" fromWho="2" sc="250,0,241,0,272,-29,227,39" /><INIT seed="3,0,0,2,5,38" ten="250,241,243,266" oya="3" hai0="83,13,35,86,55,22,2,128,87,116,1,98,56" hai1="113,49,119,114,123,34,82,125,85,14,50,72,130" hai2="30,103,48,102,39,67,12,107,65,9,74,68,16" hai3="25,78,40,29,106,118,41,95,135,4,79,126,92"/><W109/><G118/><T54/><D116/><U17/><E119/><V75/><F39/><W76/><G106/><T28/><D35/><U127/><E123/><V15/><F75/><W7/><G135/><T70/><D70/><U26/><E72/><V90/><F74/><W32/><G126/><N who="1" m="48138" /><E130/><V20/><F107/><W96/><G109/><T44/><D128/><U81/><E49/><V24/><F68/><W66/><G66/><N who="2" m="25097" /><F90/><W57/><G57/><T97/><D44/><U80/><E85/><V6/><F48/><W129/><G129/><T131/><D131/><U112/><E50/><V115/><F115/><W23/><G32/><T132/><D13/><U133/><E133/><V58/><F58/><W19/><G29/><T60/><D56/><U61/><E61/><V52/><F52/><W120/><G120/><T27/><D60/><U69/><E69/><V0/><F0/><W46/><G46/><T108/><D132/><U77/><E34/><V42/><F42/><N who="3" m="16491" /><G96/><T59/><D59/><U64/><E64/><V71/><F71/><W47/><G47/><T11/><D98/><U62/><E62/><V73/><F73/><W8/><G8/><AGARI ba="0,0" hai="6,8,9,12,15,16,20,24,30,102,103" m="25097" machi="8" ten="30,2000,0" yaku="8,1,54,1" doraHai="38" who="2" fromWho="3" sc="250,0,241,0,243,20,266,-20" /><INIT seed="4,0,0,4,2,51" ten="250,241,263,246" oya="0" hai0="88,45,80,85,119,1,92,2,5,127,75,40,91" hai1="107,50,128,44,64,18,123,43,14,58,84,33,130" hai2="29,118,134,124,12,114,71,81,100,9,35,68,126" hai3="49,67,73,113,102,57,112,65,86,8,78,32,82"/><T10/><D119/><U25/><E123/><V42/><F118/><W117/><G32/><T23/><D127/><N who="2" m="48682" /><F114/><N who="3" m="44139" /><G102/><T37/><D23/><U28/><E107/><V15/><F134/><W125/><G117/><T38/><D75/><U77/><E77/><V34/><F100/><W41/><G125/><T11/><D38/><U66/><E84/><V111/><F111/><W76/><G8/><T89/><REACH who="0" step="1"/><D80/><REACH who="0" ten="240,241,263,246" step="2"/><U30/><E33/><V21/><F81/><N who="3" m="45199" /><G41/><T90/><D90/><U109/><E43/><V132/><F42/><W31/><G31/><T70/><D70/><U0/><E28/><V99/><F68/><W27/><G27/><T36/><D36/><U69/><E25/><V96/><F71/><W108/><G108/><T83/><D83/><U106/><E30/><V135/><F35/><W116/><G116/><T7/><AGARI ba="0,1" hai="1,2,5,7,10,11,37,40,45,85,88,89,91,92" machi="7" ten="30,11700,0" yaku="1,1,0,1,9,1,54,1,53,0" doraHai="51" doraHaiUra="54" who="0" fromWho="0" sc="240,127,241,-39,263,-39,246,-39" /><INIT seed="4,1,0,5,5,41" ten="367,202,224,207" oya="0" hai0="15,68,26,45,126,106,35,93,51,84,96,17,29" hai1="124,82,118,76,3,91,98,94,107,132,99,42,89" hai2="37,27,59,102,8,14,131,119,134,110,72,55,5" hai3="77,95,44,123,114,120,73,62,92,105,23,66,117"/><T1/><D126/><U28/><E42/><V121/><F121/><N who="3" m="46667" /><G105/><T69/><D1/><U108/><E28/><V83/><F110/><W57/><G117/><T10/><D84/><U79/><E3/><V81/><F119/><W122/><G114/><T18/><D106/><U103/><E118/><V116/><F116/><W43/><N who="3" m="46675" /><W30/><DORA hai="22" /><G77/><N who="1" m="29770" /><E108/><V60/><F72/><W87/><G87/><T85/><D85/><N who="1" m="50359" /><E132/><V24/><F37/><N who="3" m="21615" /><G73/><T71/><D18/><U127/><AGARI ba="1,0" hai="91,94,98,99,103,107,124,127" m="50359,29770" machi="127" ten="30,2000,0" yaku="34,2" doraHai="41,22" who="1" fromWho="1" sc="367,-11,202,23,224,-6,207,-6" /><INIT seed="5,0,0,3,2,45" ten="356,225,218,201" oya="1" hai0="20,55,39,77,46,128,119,116,64,134,129,131,84" hai1="15,10,7,103,81,106,100,4,66,54,14,110,68" hai2="60,41,130,121,98,83,133,32,118,30,102,23,58" hai3="19,74,1,17,6,104,87,108,96,82,91,105,114"/><U59/><E110/><V95/><F118/><W93/><G108/><T57/><D20/><U132/><E132/><V43/><F121/><W61/><G114/><T70/><D77/><U5/><E106/><V49/><F130/><W16/><G61/><N who="0" m="40207" /><D84/><U29/><E66/><V111/><F111/><W88/><REACH who="3" step="1"/><G74/><REACH who="3" ten="356,225,218,191" step="2"/><T125/><D134/><U50/><E68/><V79/><F133/><W44/><G44/><T127/><D46/><U48/><E29/><V97/><F60/><W94/><G94/><T80/><D80/><U85/><E48/><V122/><F49/><W89/><G89/><T72/><D72/><U86/><E81/><V12/><F83/><W26/><G26/><T63/><D39/><U99/><E103/><V8/><F102/><W24/><G24/><T51/><D63/><U92/><REACH who="1" step="1"/><E14/><REACH who="1" ten="356,215,218,191" step="2"/><V101/><F12/><W25/><G25/><T62/><D51/><U36/><E36/><V124/><F30/><W56/><G56/><T65/><D65/><U75/><E75/><V27/><F58/><W69/><G69/><T109/><D109/><U9/><E9/><AGARI ba="0,2" hai="1,6,9,16,17,19,82,87,88,91,93,96,104,105" machi="9" ten="40,5200,0" yaku="1,1,54,2,53,0" doraHai="45" doraHaiUra="47" who="3" fromWho="1" sc="356,0,215,-52,218,0,191,72" /><INIT seed="6,0,0,0,5,26" ten="356,163,218,263" oya="2" hai0="90,44,83,65,74,120,21,4,78,109,67,98,117" hai1="100,132,6,130,37,58,97,19,63,110,3,7,99" hai2="127,131,91,59,124,121,116,40,13,69,34,0,88" hai3="126,82,108,85,33,119,42,2,70,39,51,31,22"/><V92/><F121/><W89/><G70/><T80/><D120/><U23/><E110/><V41/><F116/><W47/><G119/><T135/><D109/><U112/><E112/><V133/><F69/><W16/><G2/><T53/><D135/><U62/><E130/><V76/><F131/><W75/><G126/><N who="2" m="48169" /><F0/><W107/><G107/><T8/><D21/><U27/><E37/><V1/><F1/><W103/><G103/><T30/><D30/><U38/><E38/><V79/><F133/><W20/><G33/><T123/><D123/><U71/><E3/><V105/><F105/><W60/><G60/><T24/><D24/><U46/><E46/><V10/><F34/><W84/><G75/><T36/><D117/><U101/><E132/><V14/><F59/><W134/><G134/><T52/><D36/><U125/><E125/><V113/><F113/><W95/><G39/><T86/><D98/><U68/><E27/><V104/><F104/><W114/><G114/><T50/><D53/><U35/><E35/><V73/><F73/><W129/><G129/><T29/><D29/><U49/><E58/><V57/><F57/><W115/><G31/><T81/><D83/><U72/><E72/><V9/><F41/><W64/><G115/><T128/><D128/><U96/><E101/><V43/><F40/><W61/><G108/><T15/><AGARI ba="0,0" hai="4,8,15,44,50,52,65,67,74,78,80,81,86,90" machi="15" ten="20,2700,0" yaku="0,1,7,1,54,1" doraHai="26" who="0" fromWho="0" sc="356,27,163,-7,218,-13,263,-7" /><INIT seed="7,0,0,4,3,129" ten="383,156,205,256" oya="3" hai0="87,26,105,94,127,14,9,3,57,52,118,54,89" hai1="16,102,5,55,101,95,135,119,120,1,37,62,63" hai2="109,20,34,130,24,69,59,56,79,126,36,65,76" hai3="114,131,38,103,93,116,78,97,33,49,83,21,17"/><W18/><G116/><T32/><D118/><U46/><E120/><V45/><F109/><W44/><G38/><T75/><D75/><U70/><E119/><V96/><F130/><W124/><G33/><T73/><D73/><U60/><E70/><V43/><F126/><W28/><G124/><T117/><D105/><U134/><E95/><V112/><F112/><W22/><G114/><T107/><D107/><U31/><E31/><V104/><F56/><W88/><G103/><T40/><D40/><N who="1" m="22799" /><E55/><V64/><F59/><W12/><G28/><T8/><D3/><U42/><E16/><V111/><F111/><W100/><G100/><T53/><D8/><N who="1" m="2095" /><E42/><V7/><F7/><W15/><G131/><T106/><D106/><U30/><E30/><N who="2" m="19783" /><F20/><W110/><G110/><T121/><D121/><U125/><E125/><V48/><F48/><W81/><G78/><T29/><D117/><U92/><E92/><V132/><F76/><W86/><G97/><T19/><D127/><U108/><E108/><V11/><F79/><W133/><G49/><AGARI ba="0,0" hai="9,14,19,26,29,32,49,52,53,54,57,87,89,94" machi="49" ten="30,2000,0" yaku="7,1,54,1" doraHai="129" who="0" fromWho="3" sc="383,20,156,0,205,0,256,-20" owari="403,49.0,156,-34.0,205,-19.0,236,4.0" /></mjloggm>