<mjloggm ver="2.3"><GO type="169" lobby="0"/><UN n0="%E9%BB%92%E7%8C%AB%73%69%6E" n1="%68%61%72%75%6B%61%73" n2="%52%45%49%4E%E6%A3%AE%E4%B9%85%E4%BF%9D%50" n3="%E5%9C%B0%E9%B3%B3" dan="17,17,16,16" rate="2229.83,2111.97,2132.02,2076.77" sx="M,M,M,F"/><TAIKYOKU oya="0"/><INIT seed="0,0,0,4,5,128" ten="250,250,250,250" oya="0" hai0="1,59,33,95,102,22,83,110,94,15,105,24,21" hai1="126,26,118,84,98,71,76,43,19,130,61,54,88" hai2="79,106,82,115,99,56,10,17,29,23,34,67,91" hai3="77,133,119,64,123,28,134,46,9,75,27,101,125"/><T58/><D1/><U39/><E118/><V32/><F115/><W65/><G119/><T78/><D33/><U47/><E130/><V30/><F10/><W96/><G125/><T51/><D105/><U97/><E76/><V87/><F34/><W37/><G123/><T100/><D15/><U129/><E126/><V117/><F32/><N who="3" m="20511" /><G64/><T50/><D78/><U70/><E129/><V62/><F117/><W104/><G9/><T52/><D83/><U135/><E54/><V31/><F106/><W132/><G65/><T72/><D72/><U74/><E74/><V60/><F60/><W13/><G13/><T53/><REACH who="0" step="1"/><D110/><REACH who="0" ten="240,250,250,250" step="2"/><U20/><E70/><V66/><F66/><W5/><G5/><T68/><D68/><U44/><E71/><V18/><F23/><W80/><G134/><T103/><D103/><U107/><E135/><V92/><AGARI ba="0,1" hai="17,18,29,30,31,56,62,67,79,82,87,91,92,99" machi="92" ten="30,2000,0" yaku="0,1,8,1" doraHai="128" who="2" fromWho="2" sc="240,-10,250,-5,250,30,250,-5" /><INIT seed="1,0,0,5,4,95" ten="230,245,280,245" oya="1" hai0="57,80,123,81,44,106,0,7,2,109,48,108,32" hai1="8,103,126,1,62,92,118,98,60,86,16,96,117" hai2="66,128,77,43,76,13,64,107,94,17,21,121,112" hai3="34,23,71,132,5,40,78,25,58,111,20,52,12"/><U119/><E126/><V41/><F107/><W63/><G111/><N who="0" m="42571" /><D32/><U85/><E1/><N who="0" m="617" /><D7/><U91/><E86/><V130/><F121/><W49/><G132/><T39/><D106/><U93/><REACH who="1" step="1"/><E85/><REACH who="1" ten="230,235,280,245" step="2"/><V31/><F112/><W116/><G116/><T88/><D123/><U134/><E134/><V87/><F130/><W135/><G135/><T19/><D80/><U4/><E4/><V56/><F128/><W37/><G5/><T38/><D19/><U83/><E83/><V68/><F87/><W129/><G129/><T51/><D81/><U42/><E42/><V9/><F43/><W100/><G40/><T59/><D38/><U65/><E65/><V110/><F41/><W72/><G37/><T131/><D131/><U113/><E113/><V6/><F66/><W26/><G72/><T125/><D125/><U99/><E99/><V36/><F64/><W102/><G78/><T105/><D39/><U133/><E133/><V10/><F77/><W101/><G52/><T69/><D69/><U104/><E104/><V127/><F76/><W97/><G97/><T29/><D105/><U15/><AGARI ba="0,1" hai="8,15,16,60,62,91,92,93,96,98,103,117,118,119" machi="15" ten="40,18000,2" yaku="1,1,0,1,52,2,54,1,53,1" doraHai="95" doraHaiUra="84" who="1" fromWho="1" sc="230,-60,235,190,280,-60,245,-60" /><INIT seed="1,1,0,0,4,83" ten="170,425,220,185" oya="1" hai0="94,72,125,119,135,84,55,63,107,70,54,57,93" hai1="8,9,121,2,82,95,43,6,103,18,19,3,32" hai2="58,120,97,80,128,17,11,31,130,24,0,106,60" hai3="77,36,37,12,16,129,7,114,46,112,123,1,118"/><U15/><E121/><V99/><F120/><W28/><G123/><T50/><D107/><U111/><E43/><V100/><F97/><W71/><G129/><T116/><D72/><U44/><E44/><V66/><F80/><W104/><G71/><T73/><D73/><U51/><E51/><V5/><F17/><W26/><G104/><T88/><D135/><U20/><E103/><V126/><F126/><W49/><G118/><T13/><D125/><U113/><E95/><V53/><F53/><W117/><G117/><T89/><D13/><N who="1" m="7463" /><E82/><V91/><F91/><W22/><G77/><T38/><D38/><U52/><E52/><V101/><F101/><W42/><G37/><T87/><D70/><U41/><E41/><V34/><AGARI ba="1,0" hai="0,5,11,24,31,34,58,60,66,99,100,106,128,130" machi="34" ten="30,1100,0" yaku="0,1" doraHai="83" who="2" fromWho="2" sc="170,-4,425,-6,220,14,185,-4" /><INIT seed="2,0,0,2,3,10" ten="166,419,234,181" oya="2" hai0="118,120,30,127,51,81,67,36,130,23,77,134,124" hai1="18,104,56,65,47,0,112,99,13,110,43,123,54" hai2="9,40,15,62,48,113,59,41,25,52,3,89,125" hai3="115,69,64,83,76,92,37,57,34,14,8,27,29"/><V101/><F113/><W102/><G115/><T106/><D36/><U66/><E0/><V97/><F3/><W71/><G37/><T12/><D120/><U46/><E123/><V74/><F74/><W32/><G32/><T49/><D106/><U35/><E35/><V135/><F135/><W20/><G34/><T86/><D134/><U55/><E110/><V94/><F25/><W39/><G39/><T111/><D111/><U108/><E108/><V82/><F125/><N who="0" m="48202" /><D130/><U96/><E104/><V31/><F31/><W53/><G64/><T132/><D132/><U5/><E5/><V79/><F62/><W116/><G116/><T90/><D118/><U24/><E24/><V80/><F79/><W11/><G102/><T84/><D67/><U28/><E28/><V22/><F22/><W109/><G92/><N who="0" m="54343" /><D30/><U107/><E107/><V1/><F1/><W75/><G109/><T4/><D4/><U61/><E65/><V85/><F80/><W63/><REACH who="3" step="1"/><G8/><REACH who="3" ten="166,419,234,171" step="2"/><T98/><D98/><U38/><E96/><V126/><F126/><W122/><G122/><T72/><D72/><U131/><E99/><V58/><F58/><W95/><G95/><T73/><D73/><U93/><E93/><V2/><REACH who="2" step="1"/><F2/><REACH who="2" ten="166,419,224,171" step="2"/><W91/><G91/><T16/><AGARI ba="0,2" hai="12,16,23,49,51,77,81,86" m="54343,48202" machi="16" ten="30,4000,0" yaku="18,1,52,1,54,1" doraHai="10" who="0" fromWho="0" sc="166,60,419,-10,224,-20,171,-10" /><INIT seed="3,0,0,3,4,79" ten="226,409,204,161" oya="3" hai0="4,28,118,134,29,70,85,91,11,30,123,92,94" hai1="17,95,0,107,83,96,10,37,36,20,31,84,99" hai2="40,60,18,110,125,13,81,131,54,77,126,42,113" hai3="129,8,23,50,68,14,27,127,82,75,43,25,120"/><W74/><G120/><T90/><D123/><U45/><E107/><V87/><F110/><W39/><G39/><T86/><D134/><U133/><E133/><V53/><F113/><W93/><G68/><T55/><D70/><U33/><E33/><V112/><F112/><W49/><G129/><T61/><D118/><U97/><E31/><V46/><F131/><W104/><G104/><T21/><D61/><U65/><E65/><V41/><F60/><W58/><G27/><T124/><D124/><N who="2" m="47722" /><F46/><W22/><G22/><AGARI ba="0,0" hai="13,18,22,40,41,42,53,54,77,81,87" m="47722" machi="22" ten="30,2000,0" yaku="18,1,52,1" doraHai="79" who="2" fromWho="3" sc="226,0,409,0,204,20,161,-20" /><INIT seed="4,0,0,2,5,50" ten="226,409,224,141" oya="0" hai0="3,63,28,125,31,70,99,18,12,0,72,82,33" hai1="14,39,128,103,90,20,135,8,23,69,59,27,121" hai2="134,6,123,37,105,85,1,122,29,26,96,115,89" hai3="78,119,38,55,133,13,112,110,61,93,120,64,44"/><T62/><D125/><U4/><E69/><V87/><F37/><W88/><G110/><T66/><D63/><U54/><E121/><V117/><F1/><W92/><G119/><T60/><D62/><U127/><E39/><V130/><F6/><W116/><G116/><T100/><D72/><U36/><E36/><V104/><F26/><W19/><G133/><T86/><D33/><U5/><E135/><V111/><F29/><W95/><G78/><T101/><D0/><U107/><E128/><V21/><F21/><W71/><G120/><T131/><D3/><U11/><E90/><V79/><F117/><W10/><G112/><T67/><D67/><U43/><E43/><V42/><F42/><W94/><G38/><T15/><D15/><U48/><E127/><V98/><F134/><W81/><G81/><T77/><D131/><U22/><E103/><V106/><F106/><W57/><G44/><T7/><D7/><U58/><E107/><V83/><F130/><W32/><G32/><T17/><D17/><U2/><REACH who="1" step="1"/><E58/><REACH who="1" ten="226,399,224,141" step="2"/><V46/><F104/><W97/><REACH who="3" step="1"/><G71/><REACH who="3" ten="226,399,224,131" step="2"/><T113/><D70/><U75/><E75/><V65/><F123/><W51/><G51/><T108/><D77/><U30/><AGARI ba="0,2" hai="2,4,5,8,11,14,20,22,23,27,30,48,54,59" machi="30" ten="20,5200,0" yaku="1,1,0,1,7,1,52,1,53,0" doraHai="50" doraHaiUra="73" who="1" fromWho="1" sc="226,-26,399,72,224,-13,131,-13" /><INIT seed="5,0,0,5,5,50" ten="200,471,211,118" oya="1" hai0="113,108,87,54,49,129,71,93,128,72,17,127,109" hai1="47,69,30,3,120,117,53,20,23,63,116,60,5" hai2="126,83,82,42,65,15,124,90,106,67,85,0,43" hai3="41,135,45,56,74,79,1,44,52,39,46,100,25"/><U94/><E120/><V58/><F0/><W103/><G1/><T123/><D72/><U84/><E5/><V16/><F106/><W32/><G135/><T121/><D17/><U102/><E3/><V101/><F101/><W92/><G92/><T119/><D93/><U133/><E133/><V98/><F98/><W118/><G118/><T86/><D119/><U131/><E131/><N who="0" m="50249" /><D71/><U57/><E47/><V40/><F82/><W99/><G25/><T2/><D2/><U28/><E102/><V122/><F122/><N who="0" m="46602" /><D113/><U112/><E112/><V114/><F114/><W31/><G100/><T6/><D6/><U29/><E94/><V4/><F4/><W134/><G134/><T107/><D107/><U115/><E115/><V70/><F70/><W77/><G74/><T27/><D27/><U7/><E7/><V18/><F18/><W97/><G103/><T80/><D127/><N who="2" m="48682" /><F58/><W59/><G59/><N who="0" m="33231" /><D87/><U91/><E116/><V81/><F81/><W34/><G99/><T104/><D104/><U35/><E84/><V13/><F13/><W19/><G97/><T38/><D38/><U75/><E75/><V76/><F76/><AGARI ba="0,0" hai="76,80,86,108,109" m="33231,46602,50249" machi="76" ten="30,3900,0" yaku="19,1,13,1,52,1" doraHai="50" who="0" fromWho="2" sc="200,39,471,0,211,-39,118,0" /><INIT seed="6,0,0,5,3,37" ten="239,471,172,118" oya="2" hai0="14,92,58,80,46,6,4,23,7,9,36,75,88" hai1="104,120,72,54,82,95,50,101,34,74,111,44,113" hai2="5,97,21,121,35,103,2,63,86,96,68,119,109" hai3="56,13,79,10,48,52,40,84,53,129,125,78,51"/><V12/><F109/><W59/><G129/><T67/><D75/><U0/><E113/><V66/><F121/><W30/><G125/><T19/><D80/><U47/><E34/><V38/><F119/><W43/><G30/><T20/><D36/><U57/><E0/><V76/><F38/><W28/><G28/><T133/><D133/><U39/><E104/><V31/><F2/><W132/><G132/><T11/><D46/><U29/><E29/><V65/><F65/><W116/><G116/><T99/><D11/><U89/><E101/><V127/><F127/><W117/><G117/><T105/><D105/><U91/><E111/><V22/><F96/><W110/><G110/><T128/><D128/><U134/><E134/><V93/><F76/><N who="3" m="29227" /><G84/><T130/><D130/><U122/><E89/><V112/><F112/><W70/><G70/><T17/><D17/><AGARI ba="0,0" hai="10,13,17,40,43,48,51,52,53,56,59" m="29227" machi="17" ten="30,7700,0" yaku="8,1,52,2,54,1" doraHai="37" who="3" fromWho="0" sc="239,-77,471,0,172,0,118,77" /><INIT seed="7,0,0,1,2,41" ten="162,471,172,195" oya="3" hai0="132,11,97,78,92,85,112,96,104,8,64,3,98" hai1="65,127,108,63,49,17,46,1,129,45,101,115,135" hai2="57,123,29,23,40,61,80,59,110,126,24,48,99" hai3="119,12,90,16,133,62,88,105,30,68,116,0,53"/><W82/><G0/><T9/><D132/><U55/><E108/><V42/><F110/><W50/><G133/><T54/><D112/><U22/><E115/><V120/><F126/><W70/><G105/><T33/><D33/><U106/><E127/><V19/><F80/><W130/><G30/><T111/><D111/><U102/><E1/><V52/><F99/><N who="0" m="37962" /><D3/><U117/><E135/><V13/><F120/><W94/><G130/><T77/><D64/><U107/><E129/><V31/><F123/><W20/><G90/><N who="0" m="55575" /><D104/><U56/><E117/><V83/><F83/><W28/><G82/><N who="0" m="47311" /><D54/><U39/><E107/><V72/><F72/><W131/><G131/><T67/><D67/><U73/><E73/><V37/><F37/><W100/><G70/><T71/><D71/><U125/><E56/><V122/><F31/><W4/><G28/><T26/><D26/><U93/><E63/><V38/><F38/><W113/><G62/><T87/><D87/><U75/><E49/><V47/><F122/><W60/><G60/><T91/><D91/><U44/><E22/><N who="2" m="15511" /><F57/><N who="3" m="32951" /><G68/><T128/><D128/><U121/><E17/><V95/><F95/><W51/><G113/><T84/><D84/><U6/><E6/><V103/><F103/><W43/><G4/><T109/><D109/><U86/><E106/><V34/><F34/><W124/><G100/><T114/><D114/><U14/><E102/><V18/><F18/><W66/><G124/><T10/><N who="0" m="2048" /><DORA hai="5" /><T89/><D89/><U15/><E101/><V35/><F35/><W58/><G116/><T134/><D134/><U25/><E125/><RYUUKYOKU ba="0,0" sc="162,15,471,-15,172,15,195,-15" hai0="78" hai2="13,19,23,40,42,47,48,52,59,61" owari="177,-32.0,456,55.0,187,-1.0,180,-22.0" /></mjloggm>