<mjloggm ver="2.3"><GO type="169" lobby="0"/><UN n0="%E3%81%A4%E3%82%89%E3%81%84%E3%80%82" n1="%E7%B7%91%E3%81%AE%E3%83%A9%E3%83%B3%E3%83%97" n2="%E6%81%A9%E7%94%B0%E5%B8%8C" n3="%E3%81%BE%E3%81%8F%E3%81%A9%E3%81%AA%E3%82%8B%E3%81%AA%E3%82%8B%E3%81%A9" dan="16,16,16,16" rate="2102.73,2084.07,2101.57,2127.35" sx="M,M,F,M"/><TAIKYOKU oya="0"/><INIT seed="0,0,0,1,3,123" ten="250,250,250,250" oya="0" hai0="115,111,117,116,71,15,94,82,106,42,9,93,16" hai1="127,60,56,34,18,8,53,65,28,24,67,72,78" hai2="129,7,41,96,30,23,110,61,10,128,64,58,99" hai3="120,27,66,17,69,31,73,25,37,74,118,104,29"/><T89/><D115/><U76/><E127/><V105/><F41/><W3/><G17/><T102/><D71/><U57/><E72/><V87/><F87/><W100/><G37/><T52/><D42/><U70/><E70/><V85/><F85/><W54/><G54/><T101/><D106/><U1/><E67/><V63/><F63/><N who="3" m="40159" /><G118/><T134/><D134/><U43/><E43/><V97/><F105/><W95/><G95/><T90/><D82/><U91/><E91/><V14/><F30/><W86/><G86/><T2/><D2/><U11/><E11/><V20/><F110/><W13/><G13/><T77/><D111/><U113/><E113/><V133/><REACH who="2" step="1"/><F133/><REACH who="2" ten="250,250,240,250" step="2"/><W21/><G120/><T32/><D77/><U132/><E132/><V47/><F47/><W88/><G104/><T39/><D39/><U114/><E114/><V124/><F124/><W19/><G31/><T5/><D117/><U131/><E78/><V126/><F126/><W112/><G112/><T45/><D116/><U83/><E76/><V68/><F68/><W75/><G75/><T79/><D79/><U80/><E60/><V119/><F119/><W103/><G74/><T49/><D94/><U22/><E28/><V38/><F38/><W6/><G73/><T35/><D93/><U109/><E109/><V122/><F122/><W135/><G135/><T4/><D45/><U26/><E83/><V50/><F50/><W121/><G121/><T48/><D49/><U55/><E80/><V51/><F51/><W98/><G29/><T84/><D48/><U125/><E125/><V92/><F92/><RYUUKYOKU ba="0,1" sc="250,-10,250,-10,240,30,250,-10" hai2="7,10,14,20,23,58,61,64,96,97,99,128,129" /><INIT seed="1,1,1,0,5,56" ten="240,240,270,240" oya="1" hai0="69,18,132,97,10,78,106,74,57,129,35,11,1" hai1="104,82,77,91,108,79,60,4,20,42,7,8,61" hai2="73,68,62,99,50,46,15,119,21,2,128,109,14" hai3="22,39,85,54,92,43,80,31,118,103,53,58,52"/><U94/><E104/><V134/><F119/><W127/><G118/><T17/><D69/><U32/><E32/><V89/><F2/><W38/><G127/><T55/><D35/><U81/><E42/><V130/><F73/><W9/><G43/><T37/><D37/><U34/><E34/><V133/><F109/><W26/><G9/><T114/><D114/><U28/><E28/><V47/><F99/><N who="3" m="59879" /><G39/><T41/><D41/><U29/><E29/><V51/><F89/><N who="3" m="51367" /><G38/><T123/><D1/><U122/><E20/><V125/><F21/><W48/><AGARI ba="1,1" hai="22,26,31,48,52,53,54,58" m="51367,59879" machi="48" ten="30,2000,0" yaku="8,1,54,1" doraHai="56" who="3" fromWho="3" sc="240,-6,240,-11,270,-6,240,33" /><INIT seed="2,0,0,4,0,122" ten="234,229,264,273" oya="2" hai0="73,28,102,103,38,81,35,124,1,33,110,118,47" hai1="37,14,8,96,52,66,132,21,10,3,112,36,134" hai2="44,25,24,18,88,85,46,41,17,23,133,9,80" hai3="34,128,43,26,120,98,126,56,60,115,50,31,4"/><V12/><F133/><N who="1" m="51305" /><E66/><V93/><F25/><W57/><G120/><T22/><D1/><U119/><E119/><V70/><F70/><W127/><G128/><T19/><D118/><U76/><E3/><V101/><REACH who="2" step="1"/><F41/><REACH who="2" ten="234,229,254,273" step="2"/><W53/><G43/><T82/><D35/><U49/><E112/><V123/><F123/><W45/><G115/><T129/><D33/><U58/><E76/><V13/><F13/><W107/><G34/><T109/><D129/><U77/><E77/><V75/><F75/><W106/><G26/><T116/><D73/><U117/><E117/><V105/><F105/><W90/><G107/><T111/><D116/><U30/><E14/><V87/><F87/><W62/><G106/><T99/><D28/><U114/><E114/><V54/><F54/><W113/><G31/><T59/><D124/><U89/><E30/><V78/><F78/><W0/><G113/><T68/><D68/><U39/><E52/><V83/><F83/><W5/><G126/><T40/><D99/><AGARI ba="0,1" hai="9,12,17,18,23,24,44,46,80,85,88,93,99,101" machi="99" ten="40,7700,0" yaku="1,1,8,1,54,1,53,0" doraHai="122" doraHaiUra="131" who="2" fromWho="0" sc="234,-77,229,0,254,87,273,0" /><INIT seed="2,1,0,0,5,31" ten="157,229,341,273" oya="2" hai0="98,130,9,118,26,97,127,41,7,83,49,65,61" hai1="51,32,88,62,95,36,87,39,86,94,14,2,109" hai2="89,57,120,78,112,133,19,68,115,13,121,10,42" hai3="67,73,64,46,6,129,17,101,12,44,58,5,124"/><V105/><F68/><W4/><G73/><T43/><D130/><U132/><E2/><V27/><F105/><W103/><G129/><T110/><D110/><U16/><E132/><V92/><F78/><W0/><G0/><T47/><D127/><U66/><E51/><V21/><F57/><W116/><G116/><T123/><D118/><U75/><E75/><V29/><F42/><W55/><G124/><T81/><D123/><N who="2" m="47178" /><F89/><W35/><G35/><T25/><D43/><U128/><E32/><N who="2" m="20543" /><F92/><W80/><G80/><T71/><D83/><U52/><E109/><V34/><F34/><W1/><G1/><T15/><D81/><U126/><E126/><V114/><F133/><W107/><G64/><T100/><D98/><U84/><E128/><V56/><F56/><W93/><G67/><T90/><D90/><U122/><E122/><V96/><F96/><N who="3" m="59535" /><G103/><T23/><D97/><U45/><E66/><V104/><F104/><W33/><G33/><T82/><D100/><U53/><E95/><V54/><F54/><W60/><G107/><T24/><D82/><U134/><E134/><V30/><F30/><AGARI ba="1,0" hai="7,9,15,23,24,25,26,30,41,47,49,61,65,71" machi="30" ten="30,1000,0" yaku="7,1" doraHai="31" who="0" fromWho="2" sc="157,13,229,0,341,-13,273,0" /><INIT seed="3,0,0,5,3,64" ten="170,229,328,273" oya="3" hai0="52,107,59,132,17,70,93,5,114,116,3,80,10" hai1="94,112,29,127,83,96,129,123,21,118,111,75,67" hai2="38,85,53,103,86,120,104,60,20,109,34,36,24" hai3="2,40,133,62,99,131,54,43,72,13,79,49,45"/><W91/><G2/><T97/><D116/><U76/><E123/><V84/><F34/><W71/><G131/><T25/><D132/><U32/><E32/><V88/><F109/><W26/><G133/><T48/><D114/><U61/><E118/><V11/><F11/><W113/><G113/><T35/><D107/><U130/><E130/><V124/><F124/><W47/><G26/><T100/><D80/><U98/><E112/><V23/><F23/><W117/><G117/><T89/><D17/><U55/><E111/><V9/><F9/><W4/><G72/><T1/><D1/><U82/><E129/><V18/><F103/><W66/><G79/><T7/><D7/><U110/><E110/><V115/><F104/><W122/><G122/><T135/><D135/><U78/><E55/><V74/><F74/><W22/><G47/><T63/><D89/><U14/><E94/><V12/><F12/><W39/><G39/><T69/><REACH who="0" step="1"/><D63/><REACH who="0" ten="160,229,328,273" step="2"/><U50/><E83/><V46/><F60/><W33/><G4/><T51/><D51/><U128/><E82/><V101/><F88/><W81/><G81/><T125/><D125/><U87/><E127/><V6/><F6/><W30/><G91/><T19/><D19/><U42/><E50/><V73/><F73/><W108/><G108/><T57/><D57/><U126/><E61/><V58/><F115/><W37/><G37/><T119/><D119/><U15/><E75/><V56/><F38/><W41/><G49/><T8/><D8/><U105/><E128/><V95/><F36/><W102/><G62/><T92/><D92/><RYUUKYOKU ba="0,1" sc="160,30,229,-10,328,-10,273,-10" hai0="3,5,10,25,35,48,52,59,69,70,93,97,100" /><INIT seed="4,1,1,4,5,80" ten="190,219,318,263" oya="0" hai0="90,135,52,107,111,85,105,53,46,121,122,92,72" hai1="97,3,57,112,123,131,4,125,109,47,116,83,68" hai2="103,110,45,86,7,115,129,39,44,128,0,84,2" hai3="11,95,12,30,91,65,56,76,35,37,38,13,22"/><T126/><D135/><U73/><RYUUKYOKU type="yao9" ba="1,1" sc="190,0,219,0,318,0,263,0" hai1="3,4,47,57,68,73,83,97,109,112,116,123,125,131" /><INIT seed="4,2,1,5,2,12" ten="190,219,318,263" oya="0" hai0="23,129,36,126,77,102,50,42,57,131,61,68,122" hai1="11,34,60,52,111,35,44,110,56,33,40,53,41" hai2="124,85,58,82,107,32,113,26,86,8,87,63,22" hai3="121,89,67,2,17,119,115,73,70,92,103,31,79"/><T106/><D122/><U49/><REACH who="1" step="1"/><E11/><REACH who="1" ten="190,209,318,263" step="2"/><V27/><F8/><W83/><G121/><T80/><D126/><U19/><E19/><V47/><F124/><W125/><G125/><T123/><D123/><U94/><E94/><V99/><F113/><W14/><G115/><T29/><D68/><U117/><E117/><V5/><F107/><W0/><G119/><T134/><D134/><U95/><E95/><V118/><F118/><W120/><G120/><T71/><D71/><U38/><E38/><V104/><F104/><W54/><G70/><T48/><D36/><U7/><E7/><V132/><F5/><W114/><G114/><T64/><D106/><U91/><E91/><V62/><F132/><W28/><G89/><T6/><D6/><U59/><E59/><V93/><F58/><W65/><G92/><T105/><D105/><U127/><E127/><V128/><F93/><W9/><G9/><T96/><D102/><U112/><E112/><V51/><F99/><W75/><G103/><T69/><D96/><U135/><E135/><V76/><F82/><W39/><G39/><T98/><D98/><U130/><E130/><N who="0" m="49673" /><D69/><U20/><E20/><V109/><F22/><W37/><G37/><T81/><D81/><U4/><E4/><V66/><F128/><W74/><G83/><T15/><D80/><U24/><E24/><V101/><F26/><W78/><G74/><T97/><D97/><U30/><E30/><V84/><F27/><W43/><G28/><T3/><D29/><U108/><AGARI ba="2,2" hai="33,34,35,40,41,44,49,52,53,56,60,108,110,111" machi="108" ten="40,8000,1" yaku="21,2,0,1,54,1,53,0" doraHai="12" doraHaiUra="90" who="1" fromWho="1" sc="190,-42,209,106,318,-22,263,-22" /><INIT seed="5,0,0,0,4,91" ten="148,315,296,241" oya="1" hai0="47,67,11,69,112,74,49,27,97,34,121,78,1" hai1="29,129,63,116,119,96,15,13,71,22,31,56,80" hai2="103,81,108,61,33,99,109,8,115,65,19,101,68" hai3="42,111,98,87,2,25,16,38,84,45,30,90,14"/><U110/><E71/><V128/><F128/><W60/><G2/><T9/><D112/><U12/><E129/><V107/><F115/><W58/><G111/><T114/><D114/><U5/><E5/><V92/><F33/><W26/><G98/><T18/><D121/><U106/><E110/><V83/><F103/><W104/><G104/><T117/><D117/><U72/><E106/><V39/><F39/><W100/><G100/><T43/><D1/><U53/><E96/><V40/><F40/><W7/><G7/><T41/><D41/><U122/><E122/><V24/><F107/><W76/><G76/><T88/><D67/><U133/><E133/><V86/><F81/><W52/><G30/><T3/><D69/><U44/><E44/><V85/><F85/><W82/><REACH who="3" step="1"/><G87/><REACH who="3" ten="148,315,296,231" step="2"/><T73/><D78/><U130/><E119/><V105/><F105/><W118/><G118/><T6/><D74/><U51/><E51/><V131/><F131/><W102/><G102/><T70/><D73/><U57/><E116/><V127/><F86/><W37/><G37/><T66/><D97/><U89/><E72/><V50/><F99/><W20/><AGARI ba="0,1" hai="14,16,20,25,26,38,42,45,52,58,60,82,84,90" machi="20" ten="20,12000,2" yaku="1,1,0,1,7,1,54,2,53,2" doraHai="91" doraHaiUra="23" who="3" fromWho="3" sc="148,-30,315,-60,296,-30,231,130" /><INIT seed="6,0,0,2,5,75" ten="118,255,266,361" oya="2" hai0="127,106,60,64,19,10,87,46,133,123,134,44,6" hai1="70,72,97,0,90,67,100,50,65,103,128,5,17" hai2="57,22,94,33,79,109,51,18,69,24,52,102,73" hai3="111,14,121,38,7,68,54,1,108,35,91,82,112"/><V88/><F109/><W39/><G121/><T85/><D123/><U118/><E72/><V83/><F69/><W23/><G68/><T129/><D106/><U86/><E128/><V135/><F135/><W89/><G35/><T2/><D129/><U32/><E32/><V8/><F33/><W74/><G54/><T37/><D19/><U47/><E70/><V119/><F8/><N who="3" m="2159" /><G39/><T63/><D127/><U40/><E103/><V131/><F131/><W104/><G104/><T126/><D126/><U132/><E132/><V92/><F102/><W20/><G91/><T71/><D63/><U124/><E118/><V42/><F119/><W80/><G89/><T41/><D87/><U78/><E5/><V25/><F42/><W16/><G82/><T13/><D85/><U45/><E0/><V36/><F36/><W4/><G4/><T26/><D13/><U125/><E125/><V34/><REACH who="2" step="1"/><F88/><REACH who="2" ten="118,255,256,361" step="2"/><W99/><G38/><T61/><D134/><U56/><E90/><V95/><F95/><W53/><G108/><T120/><D133/><U30/><E124/><V62/><F62/><W117/><G111/><T21/><D61/><U84/><E40/><V12/><F12/><W81/><G14/><T43/><D120/><U98/><E100/><V28/><AGARI ba="0,1" hai="18,22,24,25,28,34,51,52,57,73,79,83,92,94" machi="28" ten="30,11700,0" yaku="1,1,0,1,52,1,54,1,53,0" doraHai="75" doraHaiUra="122" who="2" fromWho="2" sc="118,-39,255,-39,256,127,361,-39" /><INIT seed="6,1,0,0,4,9" ten="79,216,383,322" oya="2" hai0="83,101,123,31,41,88,133,36,104,15,111,82,108" hai1="47,120,89,0,3,38,14,16,100,22,24,73,43" hai2="23,74,62,124,87,107,28,1,105,131,75,86,17" hai3="4,42,7,99,66,79,48,55,46,127,102,97,21"/><V54/><F1/><W40/><G127/><T122/><D31/><U84/><E120/><V130/><F28/><W72/><G72/><T19/><D41/><N who="3" m="15977" /><G79/><T13/><D19/><U50/><E38/><V69/><F124/><W116/><G116/><T110/><D133/><U128/><E128/><N who="2" m="49195" /><F74/><W80/><G66/><T59/><D36/><U63/><E63/><V10/><F10/><W125/><G125/><T129/><D129/><U6/><E73/><V51/><F75/><W103/><G80/><T119/><D119/><U53/><E43/><V34/><F34/><W114/><G114/><T91/><D59/><U115/><E115/><V95/><F62/><W25/><G99/><T117/><D117/><U11/><REACH who="1" step="1"/><E100/><REACH who="1" ten="79,206,383,322" step="2"/><N who="3" m="38442" /><G97/><T60/><D60/><U70/><E70/><V39/><F69/><W5/><G5/><T33/><D101/><U52/><E52/><V45/><F39/><W29/><AGARI ba="1,1" hai="4,7,21,25,29,46,48,55" m="38442,15977" machi="29" ten="30,1100,0" yaku="8,1" doraHai="9" who="3" fromWho="3" sc="79,-4,206,-4,383,-6,322,24" /><INIT seed="7,0,0,4,5,10" ten="75,202,377,346" oya="3" hai0="98,45,105,47,106,85,37,78,79,22,90,99,7" hai1="76,9,102,55,52,88,39,82,69,116,5,127,14" hai2="95,13,87,132,44,15,53,94,20,121,117,125,12" hai3="93,128,101,135,119,103,28,48,30,118,17,46,51"/><W65/><G65/><T32/><D37/><U122/><E122/><V107/><F117/><N who="3" m="44555" /><G46/><T73/><D22/><U129/><E69/><V80/><F107/><W62/><G93/><N who="2" m="35337" /><F121/><W104/><G62/><T113/><D7/><U31/><E39/><V18/><F132/><W54/><G54/><T19/><D19/><U111/><E127/><V112/><F125/><W114/><G104/><T72/><D32/><U83/><E129/><V115/><F112/><W92/><G92/><T70/><D85/><U8/><E111/><V49/><F115/><W3/><G114/><T58/><D113/><U100/><E31/><N who="3" m="11818" /><G3/><T97/><D97/><U75/><E116/><V24/><F24/><W91/><G91/><AGARI ba="0,0" hai="12,13,15,18,20,44,49,53,80,87,91" m="35337" machi="91" ten="30,7700,0" yaku="8,1,52,3" doraHai="10" who="2" fromWho="3" sc="75,0,202,0,377,77,346,-77" owari="75,-42.0,202,-20.0,454,55.0,269,7.0" /></mjloggm>