<mjloggm ver="2.3"><GO type="185" lobby="0"/><UN n0="%E9%95%B7%E5%85%89%E9%BA%BB%E5%A4%9C" n1="%E3%81%9F%E3%82%93%E3%82%86%E3%81%86" n2="%63%61%6C%63%2E" n3="" dan="16,16,19,0" rate="2224.25,2233.07,2387.71,1500.00" sx="M,F,M,C"/><TAIKYOKU oya="0"/><INIT seed="0,0,0,1,3,112" ten="350,350,350,0" oya="0" hai0="99,102,55,118,34,96,57,115,82,81,66,2,86" hai1="1,65,75,32,100,109,0,63,42,87,114,53,45" hai2="74,111,72,69,80,67,106,98,103,130,128,95,36" hai3=""/><T35/><D2/><U62/><E32/><V58/><F36/><T108/><D115/><U129/><E75/><V48/><F111/><T107/><D108/><U121/><N who="1" m="31008" /><U50/><E114/><V60/><F106/><T56/><D118/><U113/><E113/><V68/><F74/><T33/><D99/><U41/><E109/><V85/><F72/><T132/><D132/><U76/><E129/><N who="2" m="49771" /><F48/><T101/><D101/><U61/><E65/><V3/><F3/><T90/><D66/><U93/><E1/><V91/><AGARI ba="0,0" hai="58,60,67,68,69,80,85,91,95,98,103" m="49771" machi="91" ten="30,800,0" yaku="19,1" doraHai="112" who="2" fromWho="2" sc="350,-5,350,-3,350,8,0,0" /><INIT seed="1,0,0,3,5,76" ten="345,347,358,0" oya="1" hai0="102,115,111,42,51,37,60,121,86,58,72,33,119" hai1="134,2,40,91,103,36,50,52,46,104,99,127,69" hai2="32,47,44,124,34,84,89,62,67,126,61,118,3" hai3=""/><U1/><E127/><N who="2" m="48683" /><F118/><T129/><N who="0" m="31008" /><T70/><D33/><N who="2" m="12906" /><F3/><T112/><D72/><U73/><E73/><V48/><F48/><T130/><D111/><U106/><E106/><V59/><F62/><T96/><D119/><U128/><E128/><N who="0" m="49257" /><D37/><U35/><E35/><V68/><F68/><T98/><D98/><U38/><E38/><V49/><F49/><T133/><D133/><U85/><E69/><V122/><N who="2" m="31264" /><V81/><AGARI ba="0,0" hai="44,47,59,61,67,81,84,89" m="31264,12906,48683" machi="81" ten="30,5900,0" yaku="4,1,18,1,52,2" doraHai="76" who="2" fromWho="2" sc="345,-20,347,-39,358,59,0,0" /><INIT seed="2,0,0,5,3,112" ten="325,308,417,0" oya="2" hai0="89,92,106,53,126,117,77,116,36,81,60,68,124" hai1="134,100,88,71,80,51,47,91,135,107,61,83,78" hai2="1,109,99,90,94,32,34,75,48,39,79,49,76" hai3=""/><V59/><F39/><T120/><N who="0" m="30752" /><T119/><D106/><U122/><N who="1" m="31264" /><U86/><E107/><V121/><N who="2" m="31008" /><V125/><F1/><T114/><D114/><U62/><E100/><V132/><F125/><N who="0" m="48234" /><D36/><U95/><E91/><V56/><F132/><N who="1" m="50729" /><E71/><V98/><F90/><T63/><D68/><U44/><E83/><V57/><F57/><T123/><N who="0" m="31520" /><T108/><D53/><U40/><E47/><V65/><F94/><T64/><D64/><U127/><E127/><V110/><F65/><T82/><D108/><U85/><AGARI ba="0,0" hai="40,44,51,61,62,78,80,85,86,88,95" m="50729,31264" machi="85" ten="30,3000,0" yaku="20,1,52,1,54,1" doraHai="112" who="1" fromWho="1" sc="325,-10,308,30,417,-20,0,0" /><INIT seed="4,0,0,1,0,3" ten="315,338,397,0" oya="0" hai0="100,110,92,125,81,116,133,41,135,105,130,122,106" hai1="76,79,57,93,33,119,103,65,86,53,68,88,34" hai2="48,63,129,121,124,94,77,55,60,91,118,44,85" hai3=""/><T84/><N who="0" m="31264" /><T109/><D41/><U126/><E119/><V99/><N who="2" m="31008" /><V59/><F118/><T104/><D116/><U67/><E126/><V80/><F129/><T61/><D61/><U66/><E68/><V82/><F124/><T112/><D112/><U39/><E39/><V98/><F80/><T43/><D43/><U64/><E103/><V58/><F98/><T97/><D130/><U49/><N who="1" m="16384" /><DORA hai="52" /><U70/><REACH who="1" step="1"/><E70/><REACH who="1" ten="315,328,397,0" step="2"/><V108/><F108/><N who="0" m="41578" /><D125/><U38/><E38/><V75/><F75/><T132/><D132/><U114/><E114/><V45/><F63/><T90/><AGARI ba="0,1" hai="81,84,90,92,97,100,104,105,106,133,135" m="41578,31264" machi="90" ten="40,8000,1" yaku="10,1,34,2,52,1" doraHai="3,52" who="0" fromWho="0" sc="315,90,328,-40,397,-40,0,0" /><INIT seed="4,1,0,1,2,39" ten="405,288,357,0" oya="0" hai0="111,125,105,51,122,33,84,75,32,0,119,99,96" hai1="94,91,80,58,114,90,110,83,47,72,121,70,97" hai2="117,134,123,77,52,120,38,100,112,109,86,46,62" hai3=""/><T82/><N who="0" m="31264" /><T49/><D0/><U124/><N who="1" m="31008" /><U44/><E70/><V3/><N who="2" m="30752" /><V64/><N who="2" m="31520" /><V130/><F109/><T65/><D119/><U101/><E110/><V88/><F3/><T127/><D111/><U116/><E116/><V129/><F117/><T45/><D75/><U104/><E114/><V133/><F77/><T95/><D65/><U102/><E124/><N who="0" m="47689" /><D51/><U74/><E58/><V89/><F100/><T128/><D128/><N who="2" m="49258" /><F112/><T113/><D105/><U41/><E104/><V43/><F52/><T132/><D113/><U57/><E57/><V69/><F89/><T54/><D33/><U108/><E108/><V42/><F43/><T76/><D32/><U2/><E2/><V35/><F35/><T107/><D107/><U93/><REACH who="1" step="1"/><E97/><REACH who="1" ten="405,278,357,0" step="2"/><V59/><F69/><T126/><D126/><U135/><E135/><V60/><F60/><T106/><D132/><U71/><E71/><V79/><F79/><T87/><D106/><U36/><E36/><V67/><F67/><T81/><D76/><U98/><E98/><V53/><F64/><T68/><D68/><U55/><E55/><V61/><F61/><T63/><D63/><U115/><E115/><V56/><F56/><T40/><D54/><RYUUKYOKU ba="1,1" sc="405,-20,278,10,357,10,0,0" hai1="41,44,47,72,74,80,83,90,91,93,94,101,102" hai2="38,42,46,53,59,62,86,88,133,134" /><INIT seed="5,2,1,2,3,44" ten="385,288,367,0" oya="1" hai0="65,83,48,120,50,35,77,109,67,112,3,87,92" hai1="42,57,130,0,91,45,113,56,94,127,131,96,134" hai2="118,46,73,79,51,39,55,49,75,52,34,66,103" hai3=""/><U2/><E113/><V47/><F118/><T61/><N who="0" m="30752" /><T107/><D35/><U33/><E33/><V101/><F34/><T123/><N who="0" m="31520" /><T97/><D3/><U133/><E127/><V102/><F39/><T95/><D109/><U119/><E119/><V40/><F40/><T125/><D112/><U115/><E115/><V1/><F1/><T132/><D132/><N who="1" m="50795" /><E2/><V104/><F104/><T100/><D67/><U88/><E91/><V135/><F135/><T129/><D129/><N who="1" m="49163" /><E0/><V74/><REACH who="2" step="1"/><F66/><REACH who="2" ten="385,288,357,0" step="2"/><T98/><D125/><U99/><E99/><V58/><F58/><T38/><D38/><AGARI ba="2,2" hai="38,42,45,56,57,88,94,96" m="49163,50795" machi="38" ten="30,5800,0" yaku="20,1,19,1,54,1" doraHai="44" who="1" fromWho="0" sc="385,-62,288,82,357,0,0,0" /><INIT seed="5,3,0,4,5,112" ten="323,370,357,0" oya="1" hai0="75,126,122,84,69,80,125,123,51,71,34,42,131" hai1="54,129,87,114,104,56,134,2,97,45,132,127,35" hai2="108,46,120,52,102,63,38,0,59,96,50,61,130" hai3=""/><U55/><E2/><V89/><N who="2" m="30752" /><V133/><F108/><T1/><N who="0" m="31264" /><T64/><N who="0" m="31520" /><T95/><D34/><U77/><E35/><V92/><F0/><T49/><D1/><U103/><E114/><V135/><F130/><T57/><D131/><U70/><E70/><V111/><F111/><T128/><D128/><U115/><E115/><V94/><F38/><T110/><D110/><U82/><E129/><V74/><F74/><T118/><D118/><U88/><E127/><N who="0" m="48649" /><D75/><U66/><E45/><V90/><F61/><T105/><D95/><U99/><E99/><V78/><F78/><T76/><D105/><U53/><E77/><V43/><REACH who="2" step="1"/><F102/><REACH who="2" ten="323,370,347,0" step="2"/><T81/><D81/><U65/><E56/><V33/><F33/><T41/><D51/><U83/><E83/><V121/><N who="2" m="31008" /><V32/><F32/><T3/><D3/><U62/><E62/><V100/><F100/><T44/><D57/><U106/><E103/><V40/><F40/><T113/><D113/><U58/><E58/><V107/><F107/><T101/><D101/><U86/><E104/><V79/><F79/><T93/><D42/><U117/><E82/><V73/><F73/><T124/><N who="0" m="48657" /><T39/><DORA hai="98" /><D80/><U119/><E106/><RYUUKYOKU ba="3,1" sc="323,-10,370,-10,347,20,0,0" hai2="43,46,50,52,59,63,89,90,92,94,96,133,135" /><INIT seed="6,4,1,2,0,38" ten="313,360,367,0" oya="2" hai0="79,97,118,40,71,94,115,127,92,88,106,109,33" hai1="110,51,69,59,93,128,85,113,107,53,101,37,2" hai2="66,102,130,58,43,55,83,46,49,73,100,35,57" hai3=""/><V104/><F35/><T63/><D33/><U3/><E110/><V65/><F130/><T132/><D109/><U76/><E69/><V84/><F73/><T112/><D118/><U116/><E128/><V74/><F74/><T103/><D79/><U34/><E34/><V75/><F75/><T120/><N who="0" m="30752" /><T86/><D132/><U0/><E116/><V129/><F129/><T105/><D40/><U77/><E37/><V47/><F104/><N who="0" m="40042" /><D71/><U126/><E107/><V122/><N who="2" m="31264" /><V87/><F57/><T108/><D63/><U82/><E77/><V41/><F58/><T90/><D108/><U98/><E126/><V135/><F135/><T96/><D127/><U72/><E72/><V99/><F99/><T78/><D78/><U89/><E76/><V54/><F49/><T133/><D133/><U39/><E39/><V121/><N who="2" m="31008" /><V111/><F111/><T134/><D134/><U131/><E131/><V95/><F95/><AGARI ba="4,1" hai="86,88,90,92,94,95,96,97,103,112,115" m="40042,30752" machi="95" ten="30,7700,0" yaku="34,2,52,1,54,1" doraHai="38" who="0" fromWho="2" sc="313,95,360,0,367,-85,0,0" owari="408,36.0,360,-4.0,282,-32.0,0,0.0" /></mjloggm>