<mjloggm ver="2.3"><GO type="169" lobby="0"/><UN n0="%E3%83%93%E3%83%B3%E3%82%AB%E3%83%B3" n1="%79%75%75%6B%69%35%32%30" n2="%E8%B0%B7%E5%8F%A3%E3%81%93%E3%81%86%E3%81%B8%E3%81%84" n3="%54%69%65%66%61" dan="16,16,17,16" rate="2144.98,2057.47,2224.10,2069.36" sx="M,M,M,M"/><TAIKYOKU oya="0"/><INIT seed="0,0,0,5,4,101" ten="250,250,250,250" oya="0" hai0="134,129,29,66,55,104,113,65,51,111,36,133,77" hai1="9,8,81,40,105,97,135,43,88,49,17,73,122" hai2="116,118,71,45,13,109,126,121,56,48,68,79,117" hai3="30,2,58,80,27,75,7,53,37,89,67,31,83"/><T14/><D36/><U74/><E122/><V57/><F79/><W54/><G37/><T119/><D113/><U5/><E135/><N who="0" m="51721" /><D119/><U47/><E40/><V28/><F28/><W38/><G38/><T99/><D77/><U70/><E70/><N who="2" m="26667" /><F13/><W114/><G114/><T22/><D29/><U63/><E63/><V52/><F121/><W23/><G31/><T95/><D104/><U93/><E105/><V102/><F102/><W4/><G67/><T84/><D84/><U12/><REACH who="1" step="1"/><E81/><REACH who="1" ten="250,240,250,250" step="2"/><V132/><F132/><W3/><G83/><T18/><D129/><U108/><E108/><V78/><F109/><W91/><G80/><T15/><D111/><U64/><E64/><V107/><F107/><W11/><G54/><T16/><D95/><U131/><E131/><V20/><F78/><W50/><G75/><T98/><D66/><U87/><E87/><V96/><F96/><W10/><AGARI ba="0,1" hai="2,3,4,7,10,11,23,27,30,50,53,58,89,91" machi="10" ten="30,2000,0" yaku="0,1,9,1" doraHai="101" who="3" fromWho="3" sc="250,-10,240,-5,250,-5,250,30" /><INIT seed="1,0,0,3,1,6" ten="240,235,245,280" oya="1" hai0="49,30,110,56,116,5,41,51,42,3,80,121,36" hai1="31,102,72,79,94,35,85,117,132,24,126,2,39" hai2="29,114,14,13,22,12,0,47,113,60,128,62,32" hai3="58,50,76,134,59,93,26,127,28,54,17,107,63"/><U123/><E132/><V119/><F47/><W20/><G134/><T55/><D116/><U27/><E117/><V89/><F119/><W61/><G127/><T38/><D30/><U65/><E123/><V90/><F22/><W70/><G107/><T1/><D1/><U88/><E126/><V81/><F81/><W48/><G70/><T105/><D105/><U86/><E72/><V133/><F133/><W95/><G76/><T108/><D80/><U71/><E39/><V111/><F0/><W8/><G50/><T99/><D99/><U53/><E2/><V7/><F7/><W4/><G4/><T21/><D21/><U135/><E135/><V69/><F69/><W45/><G45/><T44/><D5/><U46/><E102/><V83/><F83/><W92/><REACH who="3" step="1"/><G58/><REACH who="3" ten="240,235,245,270" step="2"/><T67/><D3/><U87/><E79/><V125/><F125/><W109/><G109/><N who="0" m="42091" /><D121/><U122/><E122/><V104/><F104/><W64/><G64/><T129/><D129/><U15/><E71/><V10/><F111/><W115/><G115/><T101/><D67/><U96/><E65/><V40/><F128/><W66/><G66/><T82/><D42/><U106/><E106/><V23/><F40/><W11/><G11/><T91/><D38/><U34/><E46/><V77/><F10/><W100/><G100/><T75/><D101/><U103/><E53/><V97/><F77/><W73/><G73/><T52/><D75/><U33/><E103/><V124/><F124/><W74/><G74/><T112/><D112/><U98/><E88/><N who="2" m="33899" /><F114/><W18/><G18/><T19/><D19/><RYUUKYOKU ba="0,1" sc="240,-10,235,-10,245,-10,270,30" hai3="8,17,20,26,28,48,54,59,61,63,92,93,95" /><INIT seed="2,1,1,0,1,45" ten="230,225,235,300" oya="2" hai0="90,59,125,105,69,95,10,108,71,19,20,9,67" hai1="81,2,63,119,130,120,5,92,88,129,110,132,127" hai2="114,123,109,89,37,126,56,15,3,68,16,131,17" hai3="23,96,24,18,52,61,94,74,22,80,83,25,135"/><V117/><RYUUKYOKU type="yao9" ba="1,1" sc="230,0,225,0,235,0,300,0" hai2="3,15,16,17,37,56,68,89,109,114,117,123,126,131" /><INIT seed="2,2,1,1,1,113" ten="230,225,235,300" oya="2" hai0="103,117,6,22,107,78,58,83,25,94,1,70,3" hai1="131,133,61,130,64,59,26,99,74,135,87,27,134" hai2="24,47,13,63,44,118,66,38,35,73,18,109,49" hai3="5,19,89,129,106,77,79,16,71,121,84,92,120"/><V65/><F73/><W52/><G71/><T48/><D70/><U32/><E74/><V15/><F118/><W81/><G5/><T132/><D107/><U29/><E87/><V21/><F109/><W68/><G68/><T80/><D117/><U14/><E14/><V114/><F114/><W57/><G106/><T123/><D123/><U110/><E110/><V115/><F115/><W55/><G129/><T112/><D6/><U124/><E99/><V69/><F65/><W0/><G0/><T9/><D9/><U30/><REACH who="1" step="1"/><E124/><REACH who="1" ten="230,215,235,300" step="2"/><V42/><REACH who="2" step="1"/><F35/><AGARI ba="2,2" hai="26,27,29,30,32,35,59,61,64,130,131,133,134,135" machi="35" ten="40,12000,2" yaku="1,1,2,1,9,1,20,1,53,2" doraHai="113" doraHaiUra="28" who="1" fromWho="2" sc="230,0,215,146,235,-126,300,0" /><INIT seed="3,0,0,5,2,112" ten="230,361,109,300" oya="3" hai0="46,74,14,54,66,16,42,6,94,109,45,18,88" hai1="129,120,65,92,127,128,29,24,71,101,95,27,64" hai2="106,30,118,103,135,108,79,62,5,33,102,67,114" hai3="132,126,98,47,32,61,110,115,105,99,63,70,76"/><W121/><G115/><T7/><D7/><U75/><E101/><V57/><F114/><W39/><G121/><T1/><D1/><U133/><E29/><V107/><F108/><W77/><G110/><T97/><D97/><U41/><E75/><V78/><F135/><W73/><G132/><T22/><D22/><U17/><E17/><V26/><F5/><W9/><G9/><T100/><D100/><U3/><E41/><V124/><F124/><W4/><G4/><T81/><D81/><U52/><E71/><V69/><F103/><W43/><G126/><T59/><D59/><U93/><E52/><V116/><F57/><W44/><G63/><T21/><D74/><U96/><E96/><N who="2" m="61767" /><F107/><W89/><G32/><T87/><D66/><N who="1" m="25707" /><E120/><V8/><F8/><W31/><G105/><T68/><D68/><U48/><E48/><V38/><F38/><W104/><G39/><T51/><D109/><U131/><E133/><V53/><F53/><W25/><G43/><T49/><D18/><U113/><E113/><V12/><F12/><W19/><G19/><T85/><D6/><U2/><E127/><V111/><F111/><W55/><G104/><T60/><D87/><U50/><E50/><V125/><F125/><W28/><G73/><T58/><D46/><U56/><E56/><V134/><F134/><W36/><G47/><T40/><D40/><U23/><E23/><V119/><AGARI ba="0,0" hai="26,30,33,62,67,69,78,79,116,118,119" m="61767" machi="119" ten="30,7900,0" yaku="25,1,52,3" doraHai="112" who="2" fromWho="2" sc="230,-20,361,-20,109,79,300,-39" /><INIT seed="4,0,0,4,5,46" ten="210,341,188,261" oya="0" hai0="51,45,24,128,98,22,121,32,97,54,127,69,109" hai1="7,117,115,71,48,20,122,132,25,10,67,112,89" hai2="40,37,76,58,55,118,43,85,53,95,8,105,106" hai3="12,49,134,129,88,16,19,80,61,60,34,101,81"/><T33/><D69/><U77/><E117/><V44/><F118/><W29/><G34/><T83/><D121/><U70/><E122/><V90/><F40/><W39/><G39/><T68/><D68/><U14/><E132/><V102/><F53/><W108/><G108/><T73/><D109/><U52/><E89/><V27/><F102/><W66/><G29/><T15/><D33/><U5/><E77/><V110/><F110/><W56/><G101/><T120/><D120/><U72/><E72/><V103/><F103/><W31/><G31/><T41/><D32/><U113/><E5/><V50/><F27/><W86/><G129/><T3/><D3/><U93/><E93/><V17/><REACH who="2" step="1"/><F76/><REACH who="2" ten="210,341,178,261" step="2"/><W38/><G134/><T0/><D41/><U21/><E67/><V75/><F75/><W94/><G38/><T1/><D73/><U64/><E64/><V59/><F59/><W100/><G100/><T42/><D24/><U9/><E70/><V131/><F131/><W82/><G66/><T91/><D42/><U23/><E71/><V135/><F135/><W104/><G104/><T92/><D128/><U47/><REACH who="1" step="1"/><E9/><REACH who="1" ten="210,331,178,261" step="2"/><V96/><F96/><W133/><G133/><T78/><D98/><U116/><E116/><V28/><F28/><AGARI ba="0,2" hai="7,10,14,20,21,23,25,28,47,48,52,112,113,115" machi="28" ten="40,8000,1" yaku="1,1,15,1,11,1,52,1,54,1,53,0" doraHai="46" doraHaiUra="13" who="1" fromWho="2" sc="210,0,331,100,178,-80,261,0" /><INIT seed="5,0,0,3,4,108" ten="210,431,98,261" oya="1" hai0="112,100,43,107,13,63,50,57,34,23,27,26,51" hai1="11,12,36,4,74,83,29,41,103,124,135,77,79" hai2="19,42,118,31,6,53,37,109,116,5,0,67,125" hai3="44,15,10,134,126,132,68,122,117,91,39,32,28"/><U85/><E135/><N who="3" m="51754" /><G122/><T21/><D34/><U93/><E124/><V62/><F109/><W119/><G126/><T120/><D120/><U99/><E29/><V106/><F125/><W38/><G68/><T47/><D107/><U33/><E33/><V24/><F19/><N who="3" m="8695" /><G91/><T56/><D100/><U87/><E77/><V48/><F106/><W71/><G71/><T102/><D102/><U75/><E85/><V2/><F2/><W82/><G82/><T130/><D13/><U45/><AGARI ba="0,0" hai="4,11,12,36,41,45,74,75,79,83,87,93,99,103" machi="45" ten="30,1500,0" yaku="0,1" doraHai="108" who="1" fromWho="1" sc="210,-5,431,15,98,-5,261,-5" /><INIT seed="5,1,0,4,0,60" ten="205,446,93,256" oya="1" hai0="33,17,119,83,15,126,100,7,75,131,10,129,94" hai1="62,22,2,88,89,57,115,20,84,133,41,124,5" hai2="36,74,135,122,98,27,42,11,38,114,51,116,111" hai3="113,49,96,12,31,103,67,29,35,93,117,69,109"/><U134/><E115/><V82/><F116/><W73/><G109/><T53/><D119/><U46/><E124/><V132/><F111/><W61/><G117/><T6/><D33/><U43/><E2/><V56/><F122/><W32/><G113/><T97/><D126/><U3/><E5/><V104/><F114/><W34/><G73/><T118/><D118/><U9/><E9/><V85/><F74/><W106/><G12/><T54/><D7/><U79/><E3/><V120/><F120/><W78/><G78/><N who="0" m="44511" /><D17/><U26/><E79/><V19/><F104/><W21/><G21/><T18/><D18/><U8/><E8/><V45/><F98/><W81/><G81/><T128/><AGARI ba="1,0" hai="6,10,15,53,54,94,97,100,128,129,131" m="44511" machi="128" ten="30,1100,0" yaku="19,1" doraHai="60" who="0" fromWho="0" sc="205,14,446,-6,93,-4,256,-4" /><INIT seed="6,0,0,1,3,33" ten="219,440,89,252" oya="2" hai0="121,81,77,14,16,113,80,135,130,5,34,124,133" hai1="99,122,15,69,47,7,95,53,85,110,12,18,24" hai2="96,126,103,104,44,117,63,28,132,41,61,45,89" hai3="74,73,46,64,66,32,79,17,49,116,123,2,108"/><V75/><F117/><W62/><G116/><T57/><D34/><U68/><E110/><V27/><F126/><W42/><G108/><T59/><D121/><U29/><E7/><V111/><F111/><W90/><G123/><T114/><D5/><U76/><E85/><V118/><F118/><W127/><G127/><T6/><D6/><U52/><E76/><V107/><F132/><N who="0" m="50762" /><D124/><U82/><E82/><N who="0" m="31849" /><D77/><U71/><E47/><V54/><F75/><W48/><G79/><T97/><D97/><U10/><E12/><V21/><F89/><W131/><G32/><T86/><D86/><U67/><E67/><V25/><F104/><W3/><G66/><T31/><D31/><U91/><REACH who="1" step="1"/><E122/><REACH who="1" ten="219,430,89,252" step="2"/><V101/><F25/><W70/><G73/><T50/><D130/><U39/><E39/><V98/><F54/><W93/><G74/><T40/><D114/><U37/><E37/><V51/><F44/><W119/><G131/><T78/><D113/><U60/><E60/><V22/><F22/><AGARI ba="0,1" hai="10,15,18,22,24,29,52,53,68,69,71,91,95,99" machi="22" ten="40,5200,0" yaku="1,1,54,1,53,1" doraHai="33" doraHaiUra="13" who="1" fromWho="2" sc="219,0,430,62,89,-52,252,0" /><INIT seed="7,0,0,0,5,65" ten="219,492,37,252" oya="3" hai0="9,129,6,38,67,55,74,95,45,3,135,36,114" hai1="120,28,49,91,134,61,69,24,21,108,1,106,107" hai2="82,47,7,35,0,109,79,125,132,62,93,27,81" hai3="40,118,42,56,52,2,80,76,124,88,33,25,19"/><W11/><G118/><T60/><D74/><U119/><E108/><V75/><F109/><W98/><G124/><T46/><D135/><U32/><E49/><V5/><F125/><W78/><G2/><T59/><D129/><U103/><E21/><V71/><F132/><W105/><G105/><T48/><D114/><U17/><E17/><V26/><F93/><N who="3" m="56615" /><G33/><T100/><D100/><U29/><E91/><V111/><F111/><W43/><G80/><T92/><D38/><U131/><E131/><V86/><F47/><W127/><G127/><T64/><D64/><N who="1" m="41103" /><E120/><V10/><F5/><W63/><G11/><T99/><D99/><N who="1" m="61823" /><E119/><V133/><F133/><W102/><G102/><T70/><D46/><U22/><E22/><AGARI ba="0,0" hai="19,22,25,40,42,43,52,56,63,76,78" m="56615" machi="22" ten="30,11600,0" yaku="25,1,8,1,54,2" doraHai="65" who="3" fromWho="1" sc="219,0,492,-116,37,0,252,116" /><INIT seed="7,1,0,5,0,44" ten="219,376,37,368" oya="3" hai0="91,111,99,69,37,89,54,58,15,59,87,131,23" hai1="10,68,2,72,33,60,49,0,38,48,62,12,70" hai2="106,129,53,66,125,112,100,9,98,133,19,121,4" hai3="65,113,42,126,14,128,25,102,114,120,52,93,63"/><W29/><G126/><T5/><D69/><U22/><E33/><V45/><F19/><W135/><G120/><T30/><D37/><U28/><E38/><V21/><F21/><N who="3" m="15535" /><G135/><T35/><D35/><U67/><E72/><V134/><F66/><W81/><G128/><T26/><D131/><U95/><E0/><V71/><F53/><W108/><G108/><T32/><D111/><U40/><E2/><V119/><F45/><W20/><G42/><T80/><D59/><N who="1" m="37279" /><E62/><V124/><F9/><W118/><G118/><T16/><D5/><N who="1" m="3151" /><E70/><V39/><F98/><N who="3" m="59727" /><G81/><T34/><D99/><U94/><E68/><V83/><F100/><W11/><G20/><T116/><D116/><U127/><E127/><V3/><F83/><W57/><G113/><T76/><REACH who="0" step="1"/><D34/><REACH who="0" ten="209,376,37,368" step="2"/><U105/><E105/><V7/><F7/><N who="3" m="3455" /><G114/><T17/><D17/><U74/><E28/><V122/><F4/><W8/><G8/><T92/><D92/><N who="1" m="35371" /><E22/><V78/><F122/><W117/><G117/><T56/><D56/><U88/><E74/><V73/><F124/><W51/><G65/><T132/><D132/><U43/><E88/><V130/><F78/><W85/><G85/><T90/><D90/><U79/><E79/><V84/><F84/><W115/><G115/><T13/><D13/><U6/><E6/><V24/><F134/><W103/><G103/><T31/><D31/><U110/><E110/><V36/><F36/><W86/><G86/><T50/><AGARI ba="1,1" hai="15,16,23,26,30,32,50,54,58,76,80,87,89,91" machi="50" ten="20,12000,2" yaku="1,1,0,1,7,1,52,1,54,1,53,1" doraHai="44" doraHaiUra="27" who="0" fromWho="0" sc="209,133,376,-31,37,-31,368,-61" owari="342,14.0,345,44.0,6,-49.0,307,-9.0" /></mjloggm>