<mjloggm ver="2.3"><GO type="185" lobby="0"/><UN n0="%E9%BE%8D%E5%B9%B3" n1="%E6%B5%81%E7%9F%B3%E4%B8%80%E6%97%8F" n2="%E3%81%B7%E3%82%8A%E3%81%B7%E3%82%8A%EF%BC%92%EF%BC%90%EF%BC%90%EF%BC%91" n3="" dan="16,16,16,0" rate="2195.29,2195.75,2116.05,1500.00" sx="M,M,M,C"/><TAIKYOKU oya="0"/><INIT seed="0,0,0,2,2,90" ten="350,350,350,0" oya="0" hai0="72,43,98,131,125,60,115,44,122,34,66,105,35" hai1="114,63,118,51,124,59,38,135,81,108,107,62,97" hai2="100,82,96,65,41,83,109,73,1,75,87,129,74" hai3=""/><T89/><N who="0" m="31264" /><T99/><D72/><U102/><E118/><V46/><F1/><T57/><D115/><U69/><E114/><V117/><F117/><T40/><D125/><U110/><E38/><V88/><F109/><N who="1" m="42089" /><E124/><V54/><F129/><T123/><N who="0" m="31520" /><T0/><D0/><U61/><E135/><V103/><F65/><T49/><D131/><U32/><E32/><V68/><F68/><T128/><D128/><U121/><N who="1" m="31008" /><U132/><E132/><V101/><F54/><T79/><D79/><U39/><E39/><V127/><F127/><T126/><D40/><U116/><E116/><V95/><REACH who="2" step="1"/><F82/><REACH who="2" ten="350,350,340,0" step="2"/><T120/><N who="0" m="30752" /><T50/><D126/><U56/><E69/><V134/><F134/><T48/><D35/><U47/><E81/><V133/><F133/><T111/><D111/><U77/><E77/><V91/><F91/><T78/><D78/><U55/><AGARI ba="0,1" hai="47,51,55,56,59,61,62,63,97,102,107" m="31008,42089" machi="55" ten="30,1500,0" yaku="14,1,52,1" doraHai="90" who="1" fromWho="1" sc="350,-10,350,25,340,-5,0,0" /><INIT seed="1,0,0,1,3,125" ten="340,375,335,0" oya="1" hai0="118,74,75,69,40,114,101,67,80,78,94,93,53" hai1="56,73,129,107,46,35,87,34,112,64,33,102,133" hai2="81,96,131,71,72,2,68,50,128,109,0,135,90" hai3=""/><U38/><E73/><V43/><F109/><T116/><D114/><U66/><E112/><V42/><F135/><T130/><D40/><U52/><E133/><V120/><N who="2" m="30752" /><V44/><F43/><T62/><D74/><U54/><E38/><V88/><F72/><T49/><D130/><N who="2" m="49706" /><F96/><T108/><D108/><U61/><E129/><V65/><F65/><T113/><D113/><U70/><E87/><V115/><F115/><T58/><D101/><U92/><E107/><V134/><F134/><T60/><D118/><U55/><E66/><V82/><F82/><T47/><D116/><U76/><E76/><V84/><F90/><T3/><D3/><AGARI ba="0,0" hai="0,2,3,42,44,50,68,71,81,84,88" m="49706,30752" machi="3" ten="30,12000,2" yaku="19,1,52,4,54,1" doraHai="125" who="2" fromWho="0" sc="340,-120,375,0,335,120,0,0" /><INIT seed="2,0,0,1,3,32" ten="220,375,455,0" oya="2" hai0="125,87,52,35,81,93,48,109,120,115,106,38,2" hai1="100,60,64,88,57,82,62,99,126,80,36,130,40" hai2="124,89,110,129,119,47,103,54,44,66,41,111,65" hai3=""/><V59/><F119/><T98/><N who="0" m="30752" /><T94/><D35/><U112/><E112/><V49/><F103/><T39/><D109/><N who="2" m="41482" /><F129/><T135/><D115/><U46/><E130/><V70/><F89/><T131/><D131/><U95/><E126/><V43/><F124/><T101/><D135/><U122/><N who="1" m="31264" /><U75/><E75/><V90/><F90/><T104/><D125/><U96/><REACH who="1" step="1"/><E60/><REACH who="1" ten="220,365,455,0" step="2"/><V121/><N who="2" m="31008" /><V92/><F92/><AGARI ba="0,1" hai="36,40,46,57,62,64,80,82,88,92,95,96,99,100" m="31264" machi="92" ten="30,8000,1" yaku="1,1,7,1,52,1,54,1,53,1" doraHai="32" doraHaiUra="68" who="1" fromWho="2" sc="220,0,365,90,455,-80,0,0" /><INIT seed="4,0,0,2,1,112" ten="220,455,375,0" oya="0" hai0="98,113,109,48,100,84,74,104,37,118,125,124,65" hai1="35,105,57,89,81,123,132,122,61,102,126,53,92" hai2="73,78,95,69,0,77,70,128,51,90,135,93,80" hai3=""/><T41/><D113/><U82/><N who="1" m="31264" /><U45/><N who="1" m="31520" /><U54/><E35/><V76/><F0/><T42/><D37/><U116/><E116/><V97/><F135/><T79/><D109/><U34/><E34/><V101/><F128/><T103/><D103/><U67/><E132/><V56/><F69/><T36/><D36/><U99/><E126/><N who="0" m="48745" /><D74/><U111/><E111/><V55/><REACH who="2" step="1"/><F70/><REACH who="2" ten="220,455,365,0" step="2"/><T83/><D118/><U3/><E3/><V108/><F108/><T33/><D33/><U94/><E105/><V87/><AGARI ba="0,1" hai="51,55,56,73,76,77,78,80,87,90,93,95,97,101" machi="87" ten="20,3900,0" yaku="1,1,0,1,7,1,53,1" doraHai="112" doraHaiUra="47" who="2" fromWho="2" sc="220,-26,455,-13,365,49,0,0" /><INIT seed="5,0,0,4,1,77" ten="194,442,414,0" oya="1" hai0="105,126,118,73,125,132,104,120,36,122,100,123,42" hai1="38,34,130,35,62,54,124,116,110,37,55,82,2" hai2="94,101,48,67,112,102,49,64,58,89,95,90,97" hai3=""/><U32/><E2/><V51/><F112/><T109/><N who="0" m="30752" /><T44/><N who="0" m="31264" /><T128/><N who="0" m="31520" /><T60/><D109/><U103/><E116/><V99/><REACH who="2" step="1"/><F58/><REACH who="2" ten="194,442,404,0" step="2"/><T71/><D118/><U61/><E32/><V56/><F56/><T39/><D132/><U96/><E34/><V70/><F70/><T85/><D128/><U92/><E35/><V121/><N who="2" m="31008" /><V75/><F75/><T133/><D73/><U74/><E130/><V47/><F47/><T86/><D133/><U83/><E74/><V68/><F68/><T52/><D39/><U98/><E37/><V72/><F72/><T78/><D71/><U80/><E38/><V131/><F131/><T43/><D36/><U53/><E110/><V115/><F115/><T127/><D105/><U0/><E0/><V111/><F111/><T45/><D104/><U93/><E124/><V41/><F41/><T79/><D127/><U114/><E114/><V108/><F108/><T81/><D126/><U59/><E59/><V84/><F84/><T33/><D125/><U50/><E50/><V69/><F69/><T66/><D33/><U57/><E57/><V46/><F46/><T129/><D129/><U1/><E1/><V135/><F135/><T113/><D113/><RYUUKYOKU type="nm" ba="0,1" sc="194,60,442,-40,404,-20,0,0" hai1="53,54,55,61,62,80,82,83,92,93,96,98,103" hai2="48,49,51,64,67,89,90,94,95,97,99,101,102" /><INIT seed="5,1,1,0,2,78" ten="254,402,384,0" oya="1" hai0="127,82,101,80,121,108,49,117,109,81,104,39,135" hai1="125,110,3,93,47,1,89,53,97,132,114,51,37" hai2="112,94,65,86,56,105,55,35,128,50,40,91,99" hai3=""/><U71/><E71/><V111/><F35/><T83/><N who="0" m="31008" /><T46/><D39/><U38/><E114/><V69/><F128/><T62/><D117/><U85/><E132/><V60/><F112/><T90/><D135/><U115/><E115/><V84/><F111/><T63/><D127/><U58/><E125/><V129/><F129/><T2/><D2/><U64/><E110/><V106/><F86/><T33/><D33/><U45/><E37/><V66/><F66/><T130/><D130/><U116/><E116/><V126/><F126/><T42/><D109/><U48/><E38/><V54/><F54/><T79/><D90/><U122/><N who="1" m="31264" /><U61/><E85/><V0/><F0/><T72/><REACH who="0" step="1"/><D108/><REACH who="0" ten="244,402,384,0" step="2"/><U100/><E89/><V76/><F91/><T131/><D131/><U120/><N who="1" m="30752" /><U73/><E73/><V123/><F123/><T77/><D77/><U59/><E1/><V124/><F76/><T67/><D67/><U113/><E3/><V70/><F65/><T87/><D87/><U96/><E113/><V32/><F84/><T34/><D34/><U36/><E36/><V107/><F124/><T44/><D44/><U52/><E45/><V98/><F32/><T75/><D75/><U134/><E47/><RYUUKYOKU ba="1,2" sc="244,20,402,-10,384,-10,0,0" hai0="42,46,49,62,63,72,79,80,81,82,83,101,104" /><INIT seed="6,2,2,4,4,110" ten="264,392,374,0" oya="2" hai0="50,99,111,89,92,87,105,100,53,112,75,81,49" hai1="59,108,77,56,41,103,125,78,82,51,76,127,73" hai2="40,57,90,135,83,36,60,106,102,64,85,61,71" hai3=""/><V80/><F135/><T34/><D34/><U42/><E108/><V33/><F33/><T114/><D111/><U130/><E130/><V96/><F40/><N who="1" m="15465" /><E103/><V39/><REACH who="2" step="1"/><F83/><REACH who="2" ten="264,392,364,0" step="2"/><T55/><D55/><AGARI ba="2,3" hai="36,39,55,57,60,61,64,71,80,85,90,96,102,106" machi="55" ten="30,11600,0" yaku="1,1,2,1,7,1,53,1" doraHai="110" doraHaiUra="63" who="2" fromWho="0" sc="264,-120,392,0,364,150,0,0" owari="144,-46.0,392,-1.0,514,47.0,0,0.0" /></mjloggm>