<mjloggm ver="2.3"><GO type="169" lobby="0"/><UN n0="%E8%A5%BF%E5%B2%A1%E8%82%B2%E6%9C%AA%E2%99%AA" n1="%E7%AB%8B%E7%9B%B4%E5%BE%8C%E5%8D%B3%E6%94%BE%E9%8A%83" n2="%E7%8B%82%E7%8A%AC" n3="%E3%82%8F%E3%81%9F%E3%81%B4%E3%82%93" dan="16,16,16,17" rate="2109.99,2101.26,2148.30,2247.37" sx="F,F,M,M"/><TAIKYOKU oya="0"/><INIT seed="0,0,0,2,4,57" ten="250,250,250,250" oya="0" hai0="132,47,133,122,94,23,126,41,21,109,1,97,59" hai1="35,39,103,25,78,4,46,51,108,17,129,48,107" hai2="24,127,36,58,89,12,83,56,85,84,5,52,8" hai3="134,128,81,92,82,66,77,106,70,118,42,90,49"/><T26/><D122/><U119/><E119/><V71/><F127/><W130/><G118/><T62/><D1/><U105/><E108/><V95/><F71/><W38/><G38/><T104/><D104/><U135/><E129/><N who="3" m="49770" /><G106/><T11/><D11/><U55/><E135/><N who="0" m="51785" /><D126/><U79/><E39/><V31/><F36/><W74/><G82/><T6/><D6/><U115/><E115/><V16/><F58/><W87/><G134/><T69/><D69/><U73/><E4/><V27/><F5/><W37/><G37/><N who="0" m="21935" /><D26/><U93/><E107/><V88/><REACH who="2" step="1"/><F31/><REACH who="2" ten="250,250,240,250" step="2"/><W80/><G70/><T0/><D109/><U29/><E29/><V111/><F111/><W72/><G72/><T28/><D28/><U110/><E110/><V131/><F131/><W15/><G74/><T20/><D0/><U101/><E73/><V120/><F120/><W67/><G77/><T34/><D34/><U76/><E35/><V61/><AGARI ba="0,1" hai="8,12,16,24,27,52,56,61,83,84,85,88,89,95" machi="61" ten="20,16000,3" yaku="1,1,0,1,7,1,8,1,52,1,54,3,53,0" doraHai="57" doraHaiUra="100" who="2" fromWho="2" sc="250,-80,250,-40,240,170,250,-40" /><INIT seed="1,0,0,2,0,88" ten="170,210,410,210" oya="1" hai0="114,129,33,122,1,16,99,19,26,37,39,43,2" hai1="9,81,36,112,111,125,132,92,74,101,84,119,110" hai2="60,11,53,30,120,127,6,18,50,96,130,124,86" hai3="90,48,128,123,103,45,51,73,65,69,5,31,71"/><U38/><E112/><V95/><F120/><W66/><G123/><T40/><D122/><U12/><E119/><V24/><F130/><W89/><G73/><T42/><D114/><U75/><E132/><V0/><F86/><W29/><G103/><T118/><D118/><U34/><E34/><V3/><F18/><W76/><G5/><T126/><D129/><U4/><E125/><V83/><F83/><W61/><G128/><T15/><D126/><U116/><E116/><V104/><F60/><W107/><G76/><T121/><D121/><U52/><E52/><V27/><F104/><W115/><G61/><T23/><D33/><U72/><E101/><V78/><F78/><W49/><G45/><T77/><D77/><N who="1" m="46127" /><E92/><V106/><F0/><W135/><G107/><T87/><D87/><U117/><E117/><V80/><F80/><W10/><G115/><T25/><D25/><U134/><E134/><V46/><F24/><W68/><G10/><T47/><D99/><U105/><E105/><V28/><F106/><W64/><REACH who="3" step="1"/><G135/><REACH who="3" ten="170,210,410,200" step="2"/><T85/><D47/><U59/><E59/><V100/><F127/><W131/><G131/><T17/><D39/><U14/><E38/><V79/><F79/><W44/><G44/><T54/><D37/><U133/><E36/><V108/><F124/><W94/><G94/><T55/><D1/><U102/><E102/><V97/><F95/><W13/><G13/><T35/><D2/><N who="1" m="151" /><E133/><V63/><F100/><W21/><G21/><T56/><D15/><U82/><E82/><V70/><F3/><W57/><G57/><T67/><D56/><RYUUKYOKU ba="0,1" sc="170,-15,210,15,410,-15,200,15" hai1="12,14,72,74,75,110,111" hai3="29,31,48,49,51,64,65,66,68,69,71,89,90" /><INIT seed="1,1,1,0,4,82" ten="155,225,395,215" oya="1" hai0="103,65,134,80,113,116,62,18,99,64,24,52,2" hai1="95,8,61,32,96,86,49,23,9,6,50,55,33" hai2="90,38,102,13,135,26,74,124,129,77,43,35,78" hai3="94,98,120,79,66,17,101,39,54,3,92,133,20"/><U15/><E23/><V1/><F1/><W5/><G120/><T114/><D2/><U122/><E122/><V12/><F102/><W89/><G133/><T57/><D116/><U106/><E106/><V128/><F135/><W29/><G39/><T109/><D134/><U40/><E61/><V10/><F124/><W46/><G66/><T68/><D109/><U112/><E112/><V53/><F53/><W130/><G130/><T41/><D41/><U111/><E111/><V48/><F38/><W75/><G29/><T31/><D18/><U100/><E86/><V44/><F90/><W0/><G5/><T126/><D80/><U72/><E72/><V81/><F78/><W118/><G79/><T70/><D64/><U56/><E9/><V105/><F105/><W83/><G83/><T11/><D11/><U115/><E115/><V42/><F42/><W16/><G17/><T59/><D59/><U69/><E69/><V30/><REACH who="2" step="1"/><F13/><REACH who="2" ten="155,225,385,215" step="2"/><W71/><G3/><T34/><D126/><U107/><E107/><V110/><F110/><W84/><G0/><T97/><D113/><U93/><E40/><V19/><AGARI ba="1,2" hai="10,12,19,26,30,35,43,44,48,74,77,81,128,129" machi="19" ten="30,2000,0" yaku="1,1,0,1,53,0" doraHai="82" doraHaiUra="117" who="2" fromWho="2" sc="155,-6,225,-11,385,43,215,-6" /><INIT seed="2,0,0,0,0,45" ten="149,214,428,209" oya="2" hai0="0,103,52,129,92,31,131,51,58,33,87,59,94" hai1="41,75,18,96,63,78,134,74,6,121,133,27,117" hai2="5,111,135,105,83,3,23,16,10,55,42,106,50" hai3="71,21,118,67,20,90,73,76,9,46,36,14,53"/><V84/><F135/><N who="1" m="51721" /><E117/><V89/><F42/><W82/><G118/><T19/><D0/><U122/><E6/><V127/><F127/><W77/><G77/><T70/><D70/><U66/><E41/><V126/><F111/><W24/><G36/><T29/><D33/><U57/><E96/><V7/><F7/><W44/><G90/><N who="0" m="53343" /><D103/><U32/><E78/><V72/><F72/><W64/><G21/><T62/><D19/><U86/><E86/><V108/><F108/><W11/><G11/><T119/><D94/><U49/><E49/><V97/><F97/><W91/><G91/><T40/><D40/><U116/><E116/><V17/><F17/><W68/><G68/><T125/><D125/><U69/><E69/><V28/><F28/><W114/><G71/><T124/><D119/><U104/><E104/><V25/><REACH who="2" step="1"/><F126/><REACH who="2" ten="149,214,418,209" step="2"/><W47/><G73/><N who="1" m="27658" /><E18/><V8/><F8/><W132/><G9/><T22/><D124/><U38/><E38/><V80/><F80/><W123/><G82/><T101/><D101/><U88/><E88/><V110/><F110/><W56/><G132/><T113/><D22/><U61/><E121/><V4/><F4/><W102/><G123/><T81/><D81/><U34/><E122/><V85/><F85/><W48/><G20/><T35/><D35/><U65/><E34/><V112/><F112/><W43/><G114/><T26/><D113/><U2/><E32/><V30/><F30/><W15/><G43/><T13/><D31/><U93/><E2/><V79/><F79/><W1/><G76/><T109/><D109/><U128/><E128/><RYUUKYOKU ba="0,1" sc="149,-10,214,-10,418,30,209,-10" hai2="3,5,10,16,23,25,50,55,83,84,89,105,106" /><INIT seed="2,1,1,0,3,111" ten="139,204,448,199" oya="2" hai0="49,2,57,100,55,83,127,125,38,50,89,4,104" hai1="51,115,112,134,113,79,120,105,29,114,121,56,126" hai2="68,17,13,63,41,23,95,110,11,65,71,118,58" hai3="135,66,61,47,99,53,98,82,123,8,32,46,1"/><V106/><F118/><W72/><G123/><N who="1" m="47178" /><E134/><V39/><F106/><W26/><G135/><T91/><D38/><U85/><E126/><N who="0" m="48137" /><D2/><U94/><N who="1" m="28672" /><DORA hai="9" /><U117/><E117/><V80/><F110/><W103/><G53/><N who="0" m="31919" /><D4/><U76/><E105/><V131/><F131/><W74/><G98/><N who="0" m="61463" /><D83/><U16/><E29/><V116/><F116/><W81/><G82/><T0/><D0/><U22/><E94/><V108/><F108/><W87/><G81/><T18/><D18/><U5/><E5/><V90/><F80/><W102/><G74/><T64/><D64/><U130/><E85/><V122/><F122/><W129/><G87/><T25/><D25/><N who="1" m="14535" /><E130/><V119/><F119/><W73/><G129/><T101/><D101/><U88/><E88/><V3/><F90/><W30/><G102/><T31/><D31/><U132/><E132/><V60/><F95/><W12/><G73/><T43/><D43/><U7/><E7/><V69/><F41/><W97/><G72/><T24/><D24/><U93/><E93/><V70/><F3/><W78/><G1/><T14/><D14/><U27/><E27/><V21/><F13/><W42/><G12/><T107/><D107/><U67/><E67/><V6/><F6/><W52/><G66/><T48/><D91/><U19/><E19/><V10/><F17/><W45/><G26/><T59/><D89/><U20/><E20/><V75/><F75/><W86/><G30/><T62/><AGARI ba="1,1" hai="48,50,55,59,62" m="61463,31919,48137" machi="62" ten="30,1100,0" yaku="18,1" doraHai="111,9" who="0" fromWho="0" sc="139,24,204,-4,448,-6,199,-4" /><INIT seed="3,0,0,4,3,64" ten="163,200,442,195" oya="3" hai0="126,98,74,110,92,118,101,99,19,120,67,17,116" hai1="82,87,38,129,42,62,61,31,103,5,4,1,34" hai2="81,47,117,43,0,75,44,56,121,40,24,2,131" hai3="102,11,28,70,57,20,69,7,45,41,89,22,114"/><W9/><G114/><T58/><D74/><U30/><E129/><V29/><F131/><W78/><G78/><T59/><D120/><U25/><E31/><V79/><F117/><W124/><G102/><T133/><D133/><U83/><E103/><V15/><F15/><W36/><G11/><T46/><D110/><U94/><E38/><V13/><F13/><W66/><G124/><T14/><D126/><U21/><E42/><V122/><F56/><W90/><G90/><T18/><D116/><U123/><E34/><V53/><F53/><W128/><G128/><T63/><D118/><U60/><E1/><V76/><F76/><W6/><G89/><T96/><D14/><U77/><E123/><N who="2" m="47115" /><F43/><W104/><G104/><T109/><D109/><U113/><E94/><V108/><F44/><W93/><G93/><T16/><N who="0" m="4096" /><DORA hai="119" /><T8/><D8/><U85/><REACH who="1" step="1"/><E113/><REACH who="1" ten="163,190,442,195" step="2"/><V86/><F108/><W80/><G41/><T26/><D26/><U23/><E23/><N who="2" m="15519" /><F75/><W105/><G22/><T48/><D59/><U95/><E95/><V27/><F27/><W39/><G57/><T115/><D115/><U132/><E132/><V68/><F68/><W127/><G69/><T37/><D37/><AGARI ba="0,1" hai="0,2,37,40,47,79,81,86" m="15519,47115" machi="37" ten="30,7700,0" yaku="13,1,52,3" doraHai="64,119" who="2" fromWho="0" sc="163,-77,190,0,442,87,195,0" /><INIT seed="4,0,0,0,0,135" ten="86,190,529,195" oya="0" hai0="34,76,24,66,112,126,73,77,68,81,42,57,109" hai1="58,50,52,11,21,115,54,61,72,78,82,101,83" hai2="91,29,7,118,22,119,23,94,39,44,125,111,10" hai3="121,51,116,79,5,46,26,102,103,40,122,4,2"/><T20/><D112/><U9/><E115/><V33/><F111/><W70/><G116/><N who="2" m="44585" /><F125/><W93/><G70/><T32/><D109/><U38/><E38/><V92/><F33/><W117/><G117/><T69/><D126/><U75/><E101/><N who="3" m="38410" /><G93/><N who="2" m="35945" /><F91/><W113/><G2/><T31/><D42/><U55/><E21/><V124/><F124/><W27/><G79/><T30/><D77/><U87/><E82/><V35/><F35/><W48/><G48/><T129/><D129/><U18/><E75/><V123/><F29/><W8/><G5/><T16/><D32/><U15/><E72/><V43/><F123/><N who="3" m="47115" /><G113/><T84/><D73/><U85/><E85/><V47/><F47/><W1/><AGARI ba="0,0" hai="1,4,8,26,27,40,46,51" m="47115,38410" machi="1" ten="30,1100,0" yaku="13,1" doraHai="135" who="3" fromWho="3" sc="86,-5,190,-3,529,-3,195,11" /><INIT seed="5,0,0,3,5,28" ten="81,187,526,206" oya="1" hai0="7,62,65,22,63,135,0,3,91,119,131,57,67" hai1="98,90,38,108,66,81,104,14,58,12,120,6,88" hai2="74,36,39,2,59,101,132,24,47,79,41,103,73" hai3="72,134,25,55,52,26,129,70,61,9,86,68,48"/><U54/><E120/><V8/><F36/><W5/><G72/><T100/><D119/><U45/><E108/><V32/><F59/><W33/><G129/><T31/><D131/><U99/><E38/><V77/><F77/><W40/><G40/><T115/><D115/><U125/><E125/><V112/><F74/><W64/><G70/><T29/><D135/><U126/><E126/><V4/><F112/><W53/><G134/><T118/><D118/><U76/><E45/><V82/><REACH who="2" step="1"/><F132/><REACH who="2" ten="81,187,516,206" step="2"/><W111/><G111/><T13/><D57/><U97/><E76/><V133/><F133/><W20/><G68/><T114/><D114/><U130/><E58/><V121/><F121/><W44/><G44/><T27/><D65/><U92/><E66/><V42/><F42/><W85/><G64/><T51/><D67/><U95/><E54/><V69/><F69/><W30/><G61/><T23/><D63/><U127/><E127/><V71/><F71/><W87/><G48/><T16/><D51/><U10/><E130/><V56/><F56/><W60/><G60/><T107/><D62/><U49/><E49/><V35/><F35/><W78/><G78/><T46/><D46/><U123/><E123/><V18/><F18/><N who="3" m="12439" /><G55/><T128/><D128/><U17/><E17/><V106/><F106/><W122/><G122/><T19/><D107/><U117/><E104/><V109/><F109/><W34/><G34/><T110/><D110/><U94/><E117/><V80/><F80/><W93/><G93/><T1/><D23/><U124/><E124/><V43/><F43/><W75/><G75/><RYUUKYOKU ba="0,1" sc="81,-15,187,-15,516,15,206,15" hai2="2,4,8,24,32,39,41,47,73,79,82,101,103" hai3="5,9,26,30,33,52,53,85,86,87" /><INIT seed="6,1,1,3,2,4" ten="66,172,531,221" oya="2" hai0="53,19,127,98,111,16,17,74,128,63,102,14,41" hai1="54,9,89,18,116,135,118,26,38,112,84,62,70" hai2="42,121,15,28,123,113,133,131,106,82,99,58,86" hai3="31,7,60,97,92,52,120,119,126,132,23,21,59"/><V34/><F113/><W130/><G119/><T40/><D111/><U20/><E135/><V71/><F71/><W35/><G120/><T68/><D74/><U109/><E112/><V45/><F131/><W69/><G132/><T5/><D128/><U96/><E109/><V77/><F133/><W95/><G95/><T88/><D127/><U87/><E38/><V61/><F28/><W44/><G126/><T129/><D129/><U10/><E116/><V48/><F34/><W90/><G69/><T30/><D30/><U124/><E124/><V22/><F106/><W8/><G130/><T85/><D68/><U0/><E0/><V29/><F99/><W56/><G44/><T33/><D33/><U108/><E108/><V103/><F103/><W1/><G35/><T134/><D134/><U55/><E70/><V46/><F46/><W81/><G31/><T75/><D75/><U100/><E100/><V125/><F125/><W6/><G6/><T49/><D63/><U101/><E101/><V11/><F22/><W73/><G59/><N who="0" m="33199" /><D98/><U67/><E67/><V122/><F29/><W83/><G73/><T57/><D57/><N who="1" m="35135" /><E54/><V79/><F79/><W47/><G47/><T27/><D27/><U117/><E117/><V32/><F32/><W78/><G1/><T25/><D25/><U76/><E118/><V36/><F36/><W51/><G60/><T114/><D102/><U13/><E26/><V12/><F12/><N who="3" m="5151" /><G78/><T65/><D65/><U105/><E105/><V91/><F77/><W72/><G72/><T37/><D37/><U39/><E39/><V107/><F122/><RYUUKYOKU ba="1,1" sc="66,-10,172,-10,531,-10,221,30" hai3="21,23,51,52,56,81,83,90,92,97" /><INIT seed="7,2,1,2,3,101" ten="56,162,521,251" oya="3" hai0="14,104,91,107,125,95,20,35,52,44,124,30,98" hai1="118,121,135,92,77,48,3,61,32,8,66,93,113" hai2="42,129,134,81,6,22,116,133,18,34,11,106,27" hai3="31,115,33,123,71,126,46,127,10,56,102,17,15"/><W16/><G71/><T97/><D35/><U24/><E113/><V132/><F116/><W130/><G56/><T78/><D78/><U12/><E121/><V45/><F129/><W111/><G46/><T114/><D114/><U29/><E3/><N who="2" m="479" /><F106/><N who="0" m="40490" /><D30/><U120/><E135/><V9/><F81/><W83/><G102/><T47/><D98/><U59/><E120/><V13/><F34/><W84/><G83/><T103/><D103/><U131/><E118/><V37/><F27/><N who="3" m="18687" /><G84/><T58/><D14/><U38/><E38/><V68/><F68/><W2/><G123/><T94/><D20/><AGARI ba="2,1" hai="9,13,18,20,22,37,42,45,132,133,134" m="479" machi="20" ten="30,1000,0" yaku="20,1" doraHai="101" who="2" fromWho="0" sc="56,-16,162,0,521,26,251,0" owari="40,-46.0,162,-24.0,547,65.0,251,5.0" /></mjloggm>