<mjloggm ver="2.3"><GO type="225" lobby="0"/><UN n0="%E8%A8%88%E7%AE%97%E6%A9%9F%E8%87%AA%E7%84%B6" n1="%E9%95%B7%E5%B3%B6%E3%83%B3%E3%82%AC%E3%83%B3" n2="%E5%AE%89%E8%97%A4%E3%82%AB%E3%82%B1%E3%83%AB" n3="%E9%9F%93%E8%A1%9B%E9%9D%92" dan="17,17,16,16" rate="2274.50,2149.63,2070.28,2188.76" sx="M,M,M,F"/><TAIKYOKU oya="0"/><INIT seed="0,0,0,4,0,126" ten="250,250,250,250" oya="0" hai0="101,62,20,18,128,124,54,105,70,61,30,132,73" hai1="48,57,131,50,7,43,41,110,17,90,58,83,31" hai2="120,13,113,15,77,65,25,115,11,24,19,99,69" hai3="23,35,26,102,107,40,123,36,56,81,92,4,96"/><T74/><D124/><U63/><E110/><V121/><F77/><W51/><G123/><N who="2" m="47177" /><F99/><W111/><G111/><T49/><D30/><U134/><E134/><V8/><F65/><W133/><G133/><T39/><D39/><U103/><E103/><V116/><F69/><W71/><G71/><T6/><D6/><U72/><E7/><N who="2" m="3231" /><F116/><W38/><G35/><T112/><D132/><U16/><E72/><V52/><F52/><W86/><G4/><T104/><D70/><U122/><E122/><V45/><F45/><W129/><G107/><T85/><D85/><U34/><E63/><V66/><F66/><W32/><G32/><T0/><D54/><U14/><E34/><V47/><F47/><W127/><G127/><T117/><D101/><U88/><E83/><V114/><AGARI ba="0,0" hai="11,15,19,24,25,113,114,115" m="3231,47177" machi="114" ten="40,2700,0" yaku="34,2" doraHai="126" who="2" fromWho="2" sc="250,-13,250,-7,250,27,250,-7" /><INIT seed="1,0,0,1,1,37" ten="237,243,277,243" oya="1" hai0="16,42,83,24,66,40,53,132,44,118,25,89,85" hai1="86,79,115,8,77,47,3,121,29,17,31,130,106" hai2="43,71,36,131,20,65,120,38,100,127,112,119,107" hai3="48,50,2,18,11,64,55,129,75,87,128,88,34"/><U90/><E115/><V52/><F20/><W28/><G75/><T93/><D118/><U105/><E121/><V27/><F27/><N who="0" m="10314" /><D132/><U113/><E113/><V101/><F101/><W114/><G114/><T123/><D123/><U39/><E130/><N who="3" m="50282" /><G28/><N who="1" m="10826" /><E39/><V45/><F100/><W135/><G135/><T5/><D5/><U96/><E3/><V126/><F107/><W111/><G111/><T9/><D66/><U14/><E105/><V56/><F131/><W21/><G34/><T15/><D93/><N who="1" m="56375" /><E106/><V98/><F98/><W33/><G64/><T72/><D72/><U49/><E86/><V70/><F112/><W73/><G73/><T26/><N who="0" m="10322" /><T13/><DORA hai="78" /><D13/><U99/><E99/><V109/><F120/><W58/><G33/><T117/><D117/><U110/><E110/><V133/><F133/><W116/><G116/><T95/><D95/><U84/><E84/><V67/><F119/><W62/><G21/><T41/><D53/><AGARI ba="0,0" hai="8,14,17,47,49,53,77,79" m="56375,10826" machi="53" ten="30,1500,0" yaku="8,1" doraHai="37,78" who="1" fromWho="0" sc="237,-15,243,15,277,0,243,0" /><INIT seed="1,1,0,4,3,111" ten="222,258,277,243" oya="1" hai0="59,97,42,84,38,99,133,123,41,92,5,73,27" hai1="109,12,100,112,25,116,80,53,71,114,75,98,90" hai2="79,52,86,83,1,6,19,108,96,9,10,62,34" hai3="56,47,87,60,65,67,82,39,110,127,35,50,0"/><U88/><E71/><V3/><F34/><W13/><G0/><T105/><D73/><U101/><E25/><V24/><F108/><W104/><G35/><T11/><D133/><U44/><E109/><V94/><F24/><W30/><G110/><T131/><D131/><U64/><E64/><V21/><F21/><W23/><G104/><T106/><D123/><U128/><E12/><V69/><F69/><W37/><G127/><T70/><D70/><U121/><E121/><V45/><F19/><W125/><G125/><T29/><D84/><N who="1" m="50183" /><E53/><V36/><F36/><W118/><G118/><T55/><D106/><N who="1" m="63767" /><E44/><V120/><F120/><W135/><G135/><T102/><D38/><U8/><E8/><V22/><F22/><W91/><G67/><T130/><D130/><U49/><E49/><V72/><F45/><W2/><G2/><T77/><D77/><U115/><E128/><V31/><F31/><W93/><G37/><T16/><D55/><U134/><E134/><V129/><F129/><W51/><G39/><T89/><D59/><U33/><E33/><V20/><F52/><N who="3" m="29791" /><G51/><T63/><D63/><U85/><E116/><V14/><F62/><W54/><G54/><T32/><REACH who="0" step="1"/><D16/><REACH who="0" ten="212,258,277,243" step="2"/><U126/><E75/><V18/><F72/><W7/><G56/><T43/><D43/><U74/><E74/><V57/><F57/><W122/><G122/><T95/><D95/><N who="1" m="54735" /><E126/><V66/><F66/><W78/><G60/><T124/><D124/><U48/><E48/><V117/><F117/><W4/><G65/><T107/><D107/><U113/><E113/><V76/><F18/><RYUUKYOKU ba="1,1" sc="212,15,258,15,277,-15,243,-15" hai0="5,11,27,29,32,41,42,89,92,97,99,102,105" hai1="101,112,114,115" /><INIT seed="1,2,1,4,0,75" ten="227,273,262,228" oya="1" hai0="59,45,89,86,47,37,132,66,5,81,25,46,114" hai1="108,94,8,91,90,122,13,48,49,105,7,110,103" hai2="14,35,76,19,135,112,38,118,117,43,56,106,123" hai3="39,51,104,1,93,95,133,119,73,69,55,124,30"/><U27/><E122/><V107/><F35/><W78/><G104/><T77/><D114/><U17/><E105/><V97/><F123/><W131/><G69/><T71/><D132/><U28/><E103/><V16/><F135/><W113/><G133/><T84/><D71/><U80/><E7/><V60/><F112/><W20/><G1/><T6/><D37/><U116/><E116/><V22/><F107/><W79/><G113/><T12/><D25/><U129/><E80/><V128/><F128/><W63/><G73/><T2/><D2/><U9/><E9/><V57/><F57/><N who="3" m="35263" /><G39/><T61/><REACH who="0" step="1"/><D12/><REACH who="0" ten="217,273,262,228" step="2"/><U29/><E129/><V126/><F14/><W99/><G131/><T33/><D33/><U98/><E27/><V31/><F38/><W11/><G119/><T120/><D120/><U115/><E115/><V24/><F118/><W68/><G68/><T54/><D54/><U67/><E67/><V10/><F117/><W32/><G32/><T64/><D64/><U130/><E130/><V92/><F24/><N who="3" m="16647" /><G124/><T121/><D121/><U18/><E13/><V82/><F126/><W127/><G127/><T96/><D96/><U52/><E98/><V4/><F97/><W36/><G36/><T41/><D41/><U88/><E52/><V70/><F43/><W50/><G99/><T74/><D74/><U21/><E110/><V102/><F70/><W3/><G3/><T100/><D100/><U85/><E108/><V62/><F102/><W15/><G15/><T53/><D53/><U26/><E26/><V23/><F31/><N who="1" m="11849" /><E17/><V101/><F19/><W83/><G11/><RYUUKYOKU ba="2,2" sc="217,30,273,-10,262,-10,228,-10" hai0="5,6,45,46,47,59,61,66,77,81,84,86,89" /><INIT seed="2,3,2,0,3,3" ten="247,263,252,218" oya="2" hai0="113,2,103,60,10,5,121,4,33,106,37,110,78" hai1="74,127,104,67,111,125,98,18,63,51,44,126,57" hai2="47,46,82,120,23,93,41,115,97,117,128,32,12" hai3="28,76,19,72,116,124,38,68,77,39,114,65,6"/><V86/><F32/><W0/><G19/><T81/><D113/><U101/><E74/><V131/><F115/><W48/><G48/><T100/><D121/><U105/><E111/><V122/><F117/><W134/><G114/><T43/><D33/><U25/><E25/><V26/><F12/><W66/><G116/><T133/><D110/><U85/><E85/><V64/><F64/><W89/><G89/><T70/><D133/><U30/><E18/><V29/><F122/><W9/><G134/><T71/><D4/><U61/><E61/><V36/><F47/><W99/><G124/><T130/><D130/><U53/><E30/><V83/><F120/><W45/><G77/><T14/><D14/><U84/><E84/><V75/><F75/><W56/><G56/><T62/><D62/><U40/><REACH who="1" step="1"/><E105/><REACH who="1" ten="247,253,252,218" step="2"/><V35/><F86/><W17/><G28/><T21/><D106/><U49/><E49/><V107/><F107/><W11/><G17/><T102/><D60/><U109/><E109/><V118/><F118/><W123/><G123/><T95/><D95/><U94/><E94/><V88/><REACH who="2" step="1"/><F35/><REACH who="2" ten="247,253,242,218" step="2"/><W15/><G72/><N who="0" m="43207" /><D21/><U90/><E90/><V34/><F34/><W16/><G76/><T87/><D87/><U27/><E27/><V79/><F79/><W80/><G66/><AGARI ba="3,4" hai="40,44,51,53,57,63,66,67,98,101,104,125,126,127" machi="66" ten="40,5200,0" yaku="1,1,18,1,53,1" doraHai="3" doraHaiUra="58" who="1" fromWho="3" sc="247,0,253,101,242,0,218,-61" /><BYE who="3" /><UN n3="%E9%9F%93%E8%A1%9B%E9%9D%92" /><INIT seed="3,0,0,2,5,122" ten="247,354,242,157" oya="3" hai0="24,108,1,29,2,40,113,19,132,43,126,38,94" hai1="50,0,3,60,4,91,59,28,105,54,18,119,100" hai2="6,68,66,117,27,41,52,57,14,120,106,26,16" hai3="73,7,93,90,78,115,22,15,125,36,37,58,9"/><W123/><G123/><T112/><D108/><U35/><E18/><V111/><F111/><W74/><G115/><N who="0" m="44107" /><D132/><U31/><E91/><V70/><F106/><W129/><G129/><T87/><D126/><U80/><E80/><V96/><F120/><W30/><G125/><T64/><D19/><U97/><E4/><V44/><F117/><W65/><G74/><T47/><D64/><U72/><E72/><V5/><F70/><W32/><G32/><N who="0" m="20519" /><D40/><U56/><E119/><V55/><F68/><W63/><G73/><T34/><D34/><U49/><E60/><N who="2" m="38159" /><F41/><W23/><G78/><T46/><D46/><U107/><E97/><V83/><F96/><W135/><G135/><T82/><D94/><U39/><E100/><V134/><F83/><W69/><G69/><T128/><D128/><U51/><E51/><N who="2" m="28775" /><F55/><W86/><REACH who="3" step="1"/><G30/><REACH who="3" ten="247,354,242,147" step="2"/><T48/><D38/><AGARI ba="0,1" hai="7,9,15,22,23,36,37,38,58,63,65,86,90,93" machi="38" ten="40,12000,1" yaku="1,1,2,1,53,2" doraHai="122" doraHaiUra="17" who="3" fromWho="0" sc="247,-120,354,0,242,0,147,130" /><INIT seed="3,1,0,1,0,24" ten="127,354,242,277" oya="3" hai0="88,10,124,98,130,65,6,91,22,41,118,122,30" hai1="38,112,75,66,0,45,2,9,12,61,33,51,109" hai2="40,83,64,69,82,117,86,39,48,16,78,121,72" hai3="81,11,113,73,129,99,53,132,36,90,14,63,46"/><W37/><G113/><T20/><D118/><U7/><E38/><V101/><F39/><W84/><G129/><T23/><D122/><U93/><E75/><V85/><F117/><W116/><G116/><T94/><D130/><U27/><E112/><V1/><F1/><W57/><G132/><T74/><D74/><U100/><E109/><V17/><F121/><W127/><G127/><T111/><D111/><U87/><E33/><V107/><F72/><W15/><G73/><T125/><D41/><U76/><E27/><V47/><F107/><W97/><G15/><T18/><D65/><U54/><E100/><V26/><F101/><W114/><G114/><T56/><D18/><U13/><E13/><V43/><F43/><W5/><G37/><T123/><D123/><U62/><E62/><V110/><F110/><W105/><G105/><T29/><D56/><U21/><E21/><V96/><F96/><W92/><G36/><T115/><D115/><U106/><E106/><V55/><F40/><W60/><G46/><T3/><REACH who="0" step="1"/><D91/><REACH who="0" ten="117,354,242,277" step="2"/><U44/><E66/><V77/><F64/><W28/><G57/><T31/><AGARI ba="1,1" hai="3,6,10,20,22,23,29,30,31,88,94,98,124,125" machi="31" ten="40,16000,3" yaku="1,1,2,1,0,1,52,3,54,1,53,1" doraHai="24" doraHaiUra="34" who="0" fromWho="0" sc="117,173,354,-41,242,-41,277,-81" owari="290,9.0,313,41.0,201,-20.0,196,-30.0" /></mjloggm>