<mjloggm ver="2.3"><GO type="225" lobby="0"/><UN n0="%E9%95%B7%E5%B3%B6%E3%83%B3%E3%82%AC%E3%83%B3" n1="%E8%A8%88%E7%AE%97%E6%A9%9F%E8%87%AA%E7%84%B6" n2="%E3%81%AB%E3%82%83%EF%BD%9E%E3%81%8A" n3="%E9%9F%93%E8%A1%9B%E9%9D%92" dan="17,17,16,16" rate="2155.45,2272.90,2144.76,2190.75" sx="M,M,M,F"/><TAIKYOKU oya="0"/><INIT seed="0,0,0,5,0,34" ten="250,250,250,250" oya="0" hai0="8,121,82,30,47,100,116,81,23,87,22,18,105" hai1="90,124,101,132,106,29,109,99,119,127,133,49,12" hai2="71,59,78,65,77,69,36,27,70,16,26,66,5" hai3="31,2,88,60,76,39,93,17,110,55,80,43,6"/><T52/><D121/><U103/><E29/><V129/><F36/><W74/><G110/><T123/><D123/><U42/><E12/><V51/><F129/><W10/><G31/><T112/><D116/><U19/><E19/><V91/><F5/><W63/><G17/><T61/><D112/><U67/><E67/><V20/><F27/><W54/><G60/><T68/><D105/><N who="1" m="63679" /><E42/><V111/><F111/><W7/><G7/><T1/><D100/><U96/><E49/><V58/><F91/><W108/><G63/><T25/><D68/><U117/><E109/><V85/><F85/><W50/><G50/><N who="0" m="28767" /><D1/><U75/><E75/><V45/><F59/><W89/><G108/><T130/><D130/><U126/><E90/><V94/><F58/><W41/><G41/><T44/><D61/><U13/><E13/><V40/><REACH who="2" step="1"/><F94/><REACH who="2" ten="250,250,240,250" step="2"/><W79/><G79/><AGARI ba="0,1" hai="16,20,26,40,45,51,65,66,69,70,71,77,78,79" machi="79" ten="40,5200,0" yaku="1,1,2,1,54,1,53,0" doraHai="34" doraHaiUra="118" who="2" fromWho="3" sc="250,0,250,0,240,62,250,-52" /><BYE who="3" /><UN n3="%E9%9F%93%E8%A1%9B%E9%9D%92" /><INIT seed="1,0,0,1,5,31" ten="250,250,302,198" oya="1" hai0="73,44,55,78,4,8,42,22,112,106,100,61,36" hai1="70,54,16,66,131,118,119,121,135,40,33,10,89" hai2="69,105,85,18,125,83,79,3,133,64,15,50,30" hai3="48,123,60,110,117,92,122,88,51,63,43,57,59"/><U35/><E121/><V53/><F3/><W20/><G110/><T27/><D112/><U46/><E54/><V76/><F105/><W98/><G117/><T7/><D106/><U99/><E135/><V102/><F102/><W56/><G123/><T41/><D100/><U52/><E131/><V1/><F1/><W5/><G122/><T86/><D73/><U96/><E66/><V0/><F0/><W45/><G5/><T17/><D42/><U28/><E70/><V75/><F133/><W58/><N who="3" m="14336" /><DORA hai="62" /><W95/><G51/><T132/><D132/><U97/><E89/><V14/><F125/><W91/><REACH who="3" step="1"/><G20/><REACH who="3" ten="250,250,302,188" step="2"/><T109/><D109/><U2/><E119/><V129/><F50/><W6/><G6/><T104/><D4/><U101/><E118/><V113/><F69/><W87/><AGARI ba="0,1" hai="43,45,48,60,63,87,88,91,92,95,98" m="14336" machi="87" ten="40,8000,1" yaku="1,1,0,1,8,1,54,1,53,0" doraHai="31,62" doraHaiUra="108,127" who="3" fromWho="3" sc="250,-20,250,-40,302,-20,188,90" /><INIT seed="2,0,0,2,5,87" ten="230,210,282,278" oya="2" hai0="42,11,48,15,120,47,52,69,65,1,17,50,99" hai1="80,54,88,6,91,16,95,3,67,89,4,49,72" hai2="94,123,127,24,32,20,115,14,8,31,76,71,133" hai3="114,2,30,90,25,84,122,132,86,21,75,107,38"/><V124/><F71/><W29/><G122/><T33/><D120/><U77/><E3/><V81/><F123/><W130/><G2/><T56/><D1/><U46/><E67/><V64/><F64/><W117/><G38/><T73/><D73/><U36/><E95/><V12/><F115/><W131/><G75/><T59/><D33/><U10/><REACH who="1" step="1"/><E36/><REACH who="1" ten="230,200,282,278" step="2"/><V92/><F92/><W0/><G0/><T22/><D69/><U96/><E96/><V110/><F94/><W7/><G114/><T100/><D99/><U66/><E66/><V58/><F124/><W44/><G107/><T116/><D116/><U28/><E28/><V112/><F31/><W113/><G30/><T13/><D100/><U37/><E37/><V19/><F127/><W93/><G117/><T9/><REACH who="0" step="1"/><D15/><AGARI ba="0,1" hai="4,6,10,15,16,46,49,54,72,77,80,88,89,91" machi="15" ten="40,12000,2" yaku="1,1,52,3,54,2,53,1" doraHai="87" doraHaiUra="51" who="1" fromWho="0" sc="230,-120,200,130,282,0,278,0" /><INIT seed="3,0,0,5,3,14" ten="110,330,282,278" oya="3" hai0="113,26,56,11,125,4,38,37,88,58,107,133,32" hai1="39,123,91,89,20,124,67,13,43,63,60,64,108" hai2="19,57,81,47,8,22,70,112,21,62,68,51,28" hai3="84,72,99,52,98,77,66,110,93,109,5,7,27"/><W65/><G72/><T55/><D107/><U78/><E123/><V15/><F112/><W59/><G27/><T40/><D113/><U101/><E101/><V94/><F28/><W130/><G130/><T90/><D125/><U34/><E34/><V48/><F48/><N who="3" m="31111" /><G77/><T42/><D133/><U50/><E39/><V23/><F81/><W129/><G129/><T132/><D132/><U75/><E124/><V105/><F105/><W83/><G83/><T86/><D32/><U1/><E1/><V118/><F118/><W126/><G126/><T46/><D26/><U2/><E2/><V134/><F134/><W80/><G80/><T121/><D121/><U36/><E36/><V128/><F128/><W131/><G131/><T33/><D33/><U102/><E102/><V119/><F119/><W92/><G84/><T54/><D86/><U30/><E78/><V41/><REACH who="2" step="1"/><F94/><REACH who="2" ten="110,330,272,278" step="2"/><N who="3" m="36459" /><G5/><T73/><D4/><U29/><E29/><V45/><F45/><W53/><G7/><T18/><D46/><U96/><E30/><V25/><F25/><W10/><G10/><T17/><D73/><U115/><E75/><V69/><F69/><W79/><G79/><T0/><D0/><U61/><E115/><V111/><F111/><N who="3" m="42507" /><G53/><AGARI ba="0,1" hai="8,15,19,21,22,23,41,47,51,53,57,62,68,70" machi="53" ten="40,5200,0" yaku="1,1,52,1,53,1" doraHai="14" doraHaiUra="6" who="2" fromWho="3" sc="110,0,330,0,272,62,278,-52" owari="110,-39.0,330,13.0,334,43.0,226,-17.0" /></mjloggm>