<mjloggm ver="2.3"><GO type="169" lobby="0"/><UN n0="%E5%8D%83%E7%BE%BD%E9%B4%89" n1="%E7%83%8F%E8%B3%8A%E4%B9%8B%E8%BC%94" n2="%E3%82%82%E3%83%BC%E3%82%8A%E3%83%BC" n3="%79%6F%75%61%6C%70%68%61" dan="17,17,16,17" rate="2218.77,2216.43,2207.18,2157.94" sx="F,M,M,M"/><TAIKYOKU oya="0"/><INIT seed="0,0,0,5,5,82" ten="250,250,250,250" oya="0" hai0="106,79,117,29,3,97,34,20,88,63,12,89,135" hai1="23,62,28,128,11,75,38,66,13,73,4,120,96" hai2="42,100,47,133,24,83,78,44,48,59,51,46,65" hai3="93,76,49,41,61,132,77,92,69,105,40,86,33"/><T39/><D39/><U19/><E120/><V31/><F133/><W15/><G105/><T30/><D3/><U16/><E128/><V99/><F65/><W58/><G33/><T126/><D135/><U0/><E38/><V85/><F59/><W131/><G69/><T124/><D117/><U35/><E96/><V27/><F31/><W68/><G68/><T109/><D79/><U21/><E28/><V57/><F57/><W2/><G2/><T112/><D112/><U36/><E36/><V123/><F123/><W130/><G132/><T55/><D34/><U43/><E43/><V71/><F71/><W17/><G130/><T91/><D109/><U95/><E95/><V84/><F85/><W54/><G61/><T1/><D1/><U122/><E35/><V52/><REACH who="2" step="1"/><F46/><REACH who="2" ten="250,250,240,250" step="2"/><W74/><G131/><T50/><D29/><U60/><E122/><V110/><F110/><W67/><G67/><T70/><D70/><U22/><E66/><V6/><F6/><W107/><G74/><T94/><D30/><U53/><E73/><V118/><F118/><W26/><G86/><T121/><D121/><U18/><E75/><V90/><F90/><W125/><G58/><T134/><D134/><U119/><E119/><V108/><F108/><W5/><G5/><T102/><D91/><U8/><E60/><V32/><F32/><W98/><G77/><T87/><D63/><U103/><E103/><V7/><F7/><W25/><G76/><T80/><D102/><U101/><E101/><V81/><F81/><W14/><G98/><T72/><D72/><U129/><E129/><RYUUKYOKU ba="0,1" sc="250,-15,250,15,240,15,250,-15" hai1="0,4,8,11,13,16,18,19,21,22,23,53,62" hai2="24,27,42,44,47,48,51,52,78,83,84,99,100" /><INIT seed="1,1,1,3,1,72" ten="235,265,255,235" oya="1" hai0="37,39,115,124,60,3,23,49,117,41,0,56,61" hai1="13,28,10,57,69,109,44,93,21,35,90,111,54" hai2="104,9,12,46,11,79,88,7,15,99,131,102,70" hai3="27,86,120,119,106,18,48,81,45,80,26,96,62"/><U66/><E35/><V42/><F131/><W134/><G120/><T63/><D23/><U110/><E69/><V121/><F70/><W94/><G106/><T85/><D85/><U87/><E44/><V135/><F135/><W126/><G126/><T53/><D3/><U67/><E28/><V16/><F121/><W100/><G119/><T32/><D0/><U125/><E125/><V108/><F108/><W36/><G36/><N who="0" m="13899" /><D32/><U128/><E128/><V30/><F30/><W65/><G18/><T95/><D95/><U5/><REACH who="1" step="1"/><E21/><REACH who="1" ten="235,255,255,235" step="2"/><V118/><F118/><W43/><G134/><T29/><D29/><U114/><E114/><V107/><F104/><W22/><G22/><T98/><D124/><U113/><E113/><V64/><F46/><W89/><REACH who="3" step="1"/><G81/><REACH who="3" ten="235,255,255,225" step="2"/><T83/><D83/><U19/><E19/><V58/><F16/><W59/><AGARI ba="1,3" hai="26,27,43,45,48,59,62,65,80,86,89,94,96,100" machi="59" ten="20,8000,1" yaku="1,1,2,1,0,1,7,1,8,1,53,0" doraHai="72" doraHaiUra="129" who="3" fromWho="3" sc="235,-21,255,-41,255,-21,225,113" /><INIT seed="2,0,0,4,4,115" ten="214,214,234,338" oya="2" hai0="104,54,16,134,25,0,133,123,100,132,1,91,62" hai1="7,5,11,60,101,61,117,105,8,40,23,19,67" hai2="46,48,131,94,130,69,129,47,64,107,135,3,63" hai3="74,15,33,116,85,83,78,76,106,9,55,110,128"/><V80/><F107/><W41/><G33/><T84/><D123/><U45/><E105/><V108/><F3/><W98/><G41/><T127/><D127/><U82/><E101/><V97/><F135/><W37/><G37/><T119/><D62/><U73/><E117/><V58/><F108/><W14/><G55/><T90/><D54/><U99/><E99/><V32/><F32/><W77/><G9/><T111/><D111/><U35/><E35/><V53/><REACH who="2" step="1"/><F80/><REACH who="2" ten="214,214,224,338" step="2"/><W124/><G110/><T24/><D0/><U36/><E82/><V66/><F66/><W87/><G124/><T70/><D1/><U113/><E67/><V114/><F114/><W17/><G83/><T2/><D2/><U34/><E34/><V12/><F12/><W109/><G109/><T95/><D104/><U22/><E113/><V26/><F26/><W125/><G106/><T75/><D25/><U29/><E5/><V30/><F30/><W44/><G125/><T68/><D132/><U92/><E29/><V57/><F57/><W20/><G14/><T79/><D133/><U4/><E7/><V96/><F96/><W6/><G6/><T112/><D112/><U38/><E4/><V120/><F120/><W43/><G98/><T93/><D134/><U10/><E19/><V72/><F72/><W126/><G74/><T50/><D75/><U13/><E73/><V121/><F121/><W103/><G126/><T88/><D16/><U51/><E13/><V118/><F118/><W56/><G17/><T81/><D119/><U18/><E18/><V27/><F27/><W102/><G116/><RYUUKYOKU ba="0,1" sc="214,-10,214,-10,224,30,338,-10" hai2="46,47,48,53,58,63,64,69,94,97,129,130,131" /><INIT seed="2,1,1,5,2,52" ten="204,204,254,328" oya="2" hai0="104,96,27,101,110,60,53,43,44,23,32,70,114" hai1="128,25,130,50,3,87,77,125,41,57,61,91,133" hai2="9,31,64,69,103,102,71,82,26,19,51,94,63" hai3="99,78,10,74,115,117,11,76,49,83,105,73,90"/><V58/><F82/><N who="3" m="45327" /><G49/><T86/><D110/><U131/><E3/><V42/><F71/><W48/><G48/><T67/><D114/><U47/><E125/><V34/><F94/><W108/><G10/><T37/><D86/><U0/><E133/><V106/><F106/><W132/><G11/><T36/><D36/><U116/><E116/><V17/><F17/><W84/><G117/><T40/><D40/><U2/><E77/><V81/><F81/><N who="3" m="45271" /><G108/><T88/><D88/><U14/><E14/><V127/><F127/><W15/><G15/><T66/><D66/><U24/><E2/><V6/><F19/><W5/><G5/><T129/><D129/><U55/><E0/><V92/><F92/><AGARI ba="1,1" hai="24,25,41,47,50,55,57,61,87,91,92,128,130,131" machi="92" ten="40,2600,0" yaku="19,1,52,1" doraHai="52" who="1" fromWho="2" sc="204,0,204,39,254,-29,328,0" /><INIT seed="3,0,0,1,5,82" ten="204,243,225,328" oya="3" hai0="56,29,58,65,10,100,40,5,104,112,37,18,35" hai1="107,28,16,13,31,101,135,7,108,6,61,26,20" hai2="120,51,109,0,87,99,25,70,126,27,89,91,131" hai3="14,30,95,55,80,93,83,84,123,17,81,62,69"/><W45/><G123/><T71/><D112/><U79/><E79/><V44/><F70/><W85/><G69/><T133/><D133/><U119/><E135/><V132/><F0/><W64/><G30/><T68/><D68/><U3/><E108/><V52/><F132/><W4/><G4/><T125/><D125/><U66/><E119/><V103/><F126/><W73/><G73/><T77/><D77/><U76/><E3/><V38/><F38/><W75/><G75/><T128/><D128/><U11/><E76/><V74/><F74/><W115/><G64/><T12/><D40/><U57/><E107/><V122/><F109/><W96/><G115/><T63/><D37/><U86/><E101/><V102/><F131/><W98/><G45/><T34/><D34/><U41/><E86/><N who="3" m="33386" /><G62/><T106/><D106/><U113/><E113/><V60/><F60/><W23/><G55/><T117/><D5/><N who="1" m="1547" /><E41/><V72/><F72/><W2/><G2/><T88/><D117/><U48/><E48/><V129/><F129/><W47/><G47/><T46/><D46/><U111/><E111/><V94/><F122/><W53/><G53/><T49/><D49/><U15/><E31/><V124/><F120/><W32/><G32/><T21/><D35/><U116/><E116/><V54/><F54/><W19/><G19/><T105/><D29/><U39/><E39/><V9/><F124/><W130/><G130/><T114/><D114/><U33/><E33/><V67/><F67/><W24/><G24/><N who="2" m="9289" /><F9/><W1/><G1/><T50/><D71/><U90/><E15/><V97/><F87/><RYUUKYOKU ba="0,0" sc="204,-30,243,10,225,10,328,10" hai1="11,13,16,20,26,28,57,61,66,90" hai2="44,51,52,89,91,94,97,99,102,103" hai3="14,17,23,80,81,83,93,95,96,98" /><INIT seed="3,1,0,1,0,99" ten="174,253,235,338" oya="3" hai0="129,128,6,126,114,8,50,38,59,46,44,23,52" hai1="69,31,9,10,86,2,82,35,25,21,87,79,93" hai2="96,58,130,15,74,110,22,116,83,49,39,117,134" hai3="95,115,36,78,113,65,27,85,56,135,89,48,118"/><W92/><G118/><T14/><D126/><U43/><E69/><V0/><F39/><W55/><G36/><T51/><D114/><U94/><E35/><V16/><F0/><W37/><G37/><T75/><D75/><U63/><E2/><V111/><F130/><W40/><G135/><T68/><D68/><U91/><E63/><V11/><F134/><W132/><G132/><T30/><D38/><U102/><REACH who="1" step="1"/><E43/><REACH who="1" ten="174,243,235,338" step="2"/><V20/><F116/><W42/><G113/><T101/><D128/><U1/><E1/><V107/><F117/><W45/><G115/><T26/><D129/><U133/><E133/><V131/><F131/><W106/><G40/><T13/><D101/><U41/><E41/><V3/><F3/><W112/><G42/><T19/><REACH who="0" step="1"/><D51/><REACH who="0" ten="164,243,235,338" step="2"/><U61/><E61/><V84/><F49/><W54/><G112/><T120/><D120/><U73/><E73/><V109/><F74/><W108/><G48/><T12/><D12/><U29/><E29/><V32/><F15/><W64/><G27/><T5/><D5/><U105/><E105/><V97/><F107/><W80/><G106/><T125/><D125/><U70/><E70/><V18/><F110/><W76/><G108/><T62/><D62/><U123/><E123/><V24/><F109/><W98/><G65/><T127/><D127/><U34/><E34/><AGARI ba="1,2" hai="6,8,13,14,19,23,26,30,34,44,46,50,52,59" machi="34" ten="30,3900,0" yaku="1,1,7,1,54,1,53,0" doraHai="99" doraHaiUra="81" who="0" fromWho="1" sc="164,62,243,-42,235,0,338,0" /><INIT seed="4,0,0,2,4,121" ten="226,201,235,338" oya="0" hai0="72,52,112,106,6,41,13,1,109,83,34,65,95" hai1="11,74,56,38,118,49,67,88,133,134,40,19,43" hai2="61,97,8,73,108,100,24,45,33,115,18,116,123" hai3="12,14,86,78,76,58,96,63,129,132,36,28,104"/><T46/><D106/><U117/><E74/><V59/><F123/><W48/><G36/><T23/><D34/><U110/><E11/><V70/><F73/><W0/><G0/><T89/><D112/><U75/><E19/><V16/><F115/><W131/><G132/><N who="1" m="50794" /><E75/><V103/><F70/><W55/><G28/><T111/><D65/><U27/><E88/><V7/><F108/><N who="0" m="41546" /><D52/><N who="1" m="31759" /><E27/><V120/><F24/><W84/><G104/><T31/><D1/><U68/><E110/><V44/><F33/><W21/><G55/><T69/><D69/><U26/><E26/><V66/><F103/><W82/><G12/><T57/><D57/><U99/><E99/><V22/><F120/><W81/><G14/><T85/><D31/><U17/><E17/><V25/><F18/><W119/><G58/><T3/><D3/><U91/><E91/><V47/><F7/><W35/><G35/><T114/><D114/><U10/><E10/><V130/><F8/><W60/><G21/><T124/><D124/><U77/><E77/><V32/><F32/><W90/><G96/><N who="0" m="57455" /><D72/><U30/><E30/><V15/><F15/><W87/><G129/><T51/><D6/><U50/><E67/><V98/><F130/><W9/><G131/><T39/><D39/><U127/><E127/><V101/><F59/><W102/><G9/><T122/><D122/><U2/><E2/><V135/><F135/><W105/><G105/><T54/><D13/><U4/><E4/><V93/><F66/><W79/><G86/><T37/><D37/><U113/><E113/><V107/><F61/><W94/><G60/><RYUUKYOKU ba="0,0" sc="226,-10,201,-10,235,30,338,-10" hai2="16,22,25,44,45,47,93,97,98,100,101,107,116" /><INIT seed="5,1,0,5,2,111" ten="216,191,265,328" oya="1" hai0="76,16,70,56,22,48,3,123,18,83,130,128,65" hai1="0,24,135,118,7,84,99,116,66,97,93,96,58" hai2="100,28,88,108,35,121,89,115,132,63,114,92,117" hai3="107,54,75,106,60,41,51,64,134,45,50,37,13"/><U44/><E135/><V26/><F108/><W47/><G75/><T103/><D3/><U69/><E69/><V43/><F132/><W62/><G13/><T80/><D123/><U53/><E66/><V113/><F121/><W10/><G10/><T120/><D120/><U31/><E44/><V55/><F117/><W2/><G2/><T86/><D103/><U112/><E112/><V30/><F28/><W19/><G19/><T1/><D1/><U32/><E84/><V29/><F29/><W17/><G17/><T129/><D70/><U85/><E85/><V12/><F12/><W46/><G134/><T34/><D34/><U77/><E77/><V82/><F82/><W124/><G124/><T36/><D36/><U11/><REACH who="1" step="1"/><E93/><REACH who="1" ten="216,181,265,328" step="2"/><V110/><F110/><W78/><G78/><N who="0" m="46359" /><D65/><U39/><E39/><V67/><F43/><N who="3" m="24959" /><G107/><T98/><D76/><U74/><E74/><V91/><F55/><W68/><G106/><T52/><D83/><U125/><E125/><V5/><F5/><W72/><G72/><T101/><D22/><U33/><E33/><V42/><F42/><W14/><G68/><T20/><D20/><U87/><E87/><N who="2" m="52255" /><F100/><W49/><G64/><T105/><AGARI ba="1,1" hai="16,18,48,52,56,98,101,105,128,129,130" m="46359" machi="105" ten="30,4000,0" yaku="19,1,54,2" doraHai="111" who="0" fromWho="0" sc="216,53,181,-21,265,-11,328,-11" /><INIT seed="6,0,0,2,4,111" ten="269,160,254,317" oya="2" hai0="9,122,87,16,130,133,109,0,114,37,3,79,63" hai1="81,56,35,33,47,32,64,60,30,92,94,116,127" hai2="72,48,38,112,78,110,6,1,18,13,40,89,98" hai3="51,24,52,86,73,97,27,15,12,128,121,124,82"/><V67/><F110/><W69/><G121/><T49/><D37/><U8/><E116/><V55/><F67/><W34/><G69/><T123/><D109/><U20/><E127/><V95/><F6/><W7/><G73/><T22/><D49/><U125/><E125/><V39/><F1/><W75/><G75/><T74/><D74/><U102/><E81/><V45/><F112/><W77/><G34/><T25/><D63/><U66/><E8/><V80/><REACH who="2" step="1"/><F40/><REACH who="2" ten="269,160,244,317" step="2"/><W129/><G124/><T59/><D3/><U23/><E66/><V57/><F57/><W103/><G7/><T101/><D59/><U71/><E71/><V53/><F53/><W88/><G128/><T113/><D130/><U107/><E47/><V119/><F119/><W11/><G129/><T131/><D131/><U120/><E120/><V126/><F126/><W85/><G52/><T2/><D2/><U134/><E134/><V106/><F106/><W41/><G41/><T44/><D133/><U104/><E107/><V61/><F61/><W70/><G70/><T42/><D0/><U17/><E104/><V29/><F29/><W50/><G51/><T117/><D117/><U99/><E30/><V76/><F76/><W83/><G50/><T31/><D42/><U65/><E65/><V5/><F5/><W19/><G15/><N who="0" m="7279" /><D44/><U62/><E62/><V4/><F4/><W105/><AGARI ba="0,1" hai="11,12,19,24,27,77,82,83,85,86,88,97,103,105" machi="105" ten="20,2700,0" yaku="0,1,7,1,54,1" doraHai="111" who="3" fromWho="3" sc="269,-7,160,-7,244,-13,317,37" /><INIT seed="7,0,0,4,5,19" ten="262,153,231,354" oya="3" hai0="46,130,52,69,43,71,128,95,134,107,22,55,27" hai1="51,44,47,94,42,3,80,108,7,57,37,132,93" hai2="56,5,40,97,16,131,4,29,81,14,18,31,60" hai3="12,83,58,25,123,126,99,84,67,119,73,111,87"/><W1/><G1/><T74/><D74/><U102/><E108/><V61/><F131/><N who="0" m="50218" /><D95/><U2/><E132/><V28/><F40/><W112/><G73/><T23/><D107/><U98/><E57/><V110/><F110/><W135/><G111/><T103/><D103/><U78/><E94/><V113/><F113/><W48/><G87/><T68/><D134/><U92/><E93/><V9/><F18/><W116/><G84/><T50/><D27/><U6/><E3/><V127/><F127/><W88/><G25/><T121/><D121/><U72/><E7/><V85/><F97/><W54/><G99/><T39/><D55/><U36/><E51/><V53/><F61/><W21/><G54/><T66/><D66/><U35/><E35/><V114/><F114/><W70/><G67/><T38/><D38/><U17/><E17/><V75/><F75/><W0/><G135/><T33/><D33/><U76/><E76/><AGARI ba="0,0" hai="4,5,9,14,16,28,29,31,53,56,60,76,81,85" machi="76" ten="40,2600,0" yaku="8,1,54,1" doraHai="19" who="2" fromWho="1" sc="262,0,153,-26,231,26,354,0" owari="262,6.0,127,-37.0,257,-14.0,354,45.0" /></mjloggm>