<mjloggm ver="2.3"><GO type="185" lobby="0"/><UN n0="%E6%B5%81%E7%9F%B3%E4%B8%80%E6%97%8F" n1="%E3%81%B7%E3%82%8A%E3%81%B7%E3%82%8A%EF%BC%92%EF%BC%90%EF%BC%90%EF%BC%91" n2="%E3%81%97%E3%82%81%E3%81%98%E3%82%93" n3="" dan="16,16,17,0" rate="2195.62,2122.32,2250.86,1500.00" sx="M,M,F,C"/><TAIKYOKU oya="0"/><INIT seed="0,0,0,3,2,54" ten="350,350,350,0" oya="0" hai0="115,76,37,109,135,131,89,81,39,101,90,114,72" hai1="42,125,46,85,58,88,34,116,99,92,60,95,33" hai2="40,65,45,74,51,70,122,91,68,48,57,38,93" hai3=""/><T103/><D39/><U47/><E116/><V118/><N who="2" m="31264" /><V132/><F118/><T35/><D35/><U3/><E125/><V130/><F74/><T108/><D37/><U84/><E84/><V62/><F132/><T102/><D131/><U1/><E34/><V36/><F130/><T87/><D135/><U0/><E42/><V55/><F91/><N who="0" m="34826" /><D72/><U41/><E41/><V49/><F93/><T128/><D128/><U119/><E119/><V133/><F133/><T124/><D124/><U69/><E69/><N who="2" m="26731" /><F38/><T71/><D71/><AGARI ba="0,0" hai="36,40,45,48,49,51,55,57,62,65,71" m="26731,31264" machi="71" ten="30,16000,3" yaku="24,1,35,5,52,2" doraHai="54" who="2" fromWho="0" sc="350,-160,350,0,350,160,0,0" /><INIT seed="1,0,0,5,2,95" ten="190,350,510,0" oya="1" hai0="43,98,66,133,122,120,62,59,58,107,56,105,93" hai1="121,119,33,132,64,113,55,61,60,85,72,38,68" hai2="53,92,74,3,0,36,104,39,70,37,116,134,34" hai3=""/><U130/><RYUUKYOKU type="yao9" ba="0,0" sc="190,0,350,0,510,0,0,0" hai1="33,38,55,60,61,64,68,72,85,113,119,121,130,132" /><INIT seed="1,1,0,4,5,75" ten="190,350,510,0" oya="1" hai0="65,124,127,119,82,50,90,32,128,77,129,54,3" hai1="61,58,85,49,33,47,103,87,38,135,92,73,81" hai2="91,36,56,134,84,97,67,80,64,88,79,41,105" hai3=""/><U63/><E33/><V95/><F134/><T69/><D32/><U131/><E131/><N who="0" m="50249" /><D3/><U122/><N who="1" m="31264" /><U86/><E38/><V1/><F1/><T57/><D119/><U133/><E73/><V109/><F109/><T102/><D102/><U121/><N who="1" m="31008" /><U37/><E37/><V2/><F2/><T71/><D90/><U51/><E81/><V68/><F68/><N who="0" m="26186" /><D65/><U35/><E35/><V94/><F105/><T70/><N who="0" m="26194" /><T111/><DORA hai="123" /><D111/><U39/><E103/><V99/><F67/><T76/><D82/><U125/><E92/><V132/><F132/><T96/><D96/><U118/><E118/><V52/><F64/><T0/><D0/><U78/><E87/><V89/><F89/><T130/><N who="0" m="50257" /><T110/><DORA hai="120" /><D110/><U66/><E66/><V117/><F117/><T55/><D54/><U107/><E107/><V62/><F36/><T101/><D101/><U108/><E39/><V43/><AGARI ba="1,0" hai="41,43,52,56,62,79,80,84,88,91,94,95,97,99" machi="43" ten="30,9000,2" yaku="0,1,9,1,8,1,52,1,54,2" doraHai="75,123,120" who="2" fromWho="2" sc="190,-31,350,-61,510,92,0,0" /><INIT seed="2,0,0,4,1,81" ten="159,289,602,0" oya="2" hai0="77,95,119,118,115,121,0,98,104,78,120,86,54" hai1="66,96,79,133,128,59,41,89,112,110,117,56,35" hai2="127,93,57,106,43,72,80,91,37,100,68,129,63" hai3=""/><V84/><F129/><T88/><N who="0" m="30752" /><T42/><N who="0" m="31008" /><T62/><D0/><U52/><E112/><V51/><F127/><T90/><D115/><U53/><E35/><V49/><F37/><T122/><N who="0" m="31264" /><T123/><N who="0" m="31520" /><T48/><D42/><U102/><E89/><V76/><F68/><T73/><D62/><U105/><E79/><V82/><F82/><T58/><D104/><U124/><E66/><V114/><F43/><T65/><D65/><U39/><E124/><V131/><F131/><T130/><D130/><U34/><E117/><V32/><F32/><T85/><D98/><U45/><E34/><V46/><F46/><T60/><D60/><U40/><E128/><V103/><F114/><T116/><REACH who="0" step="1"/><D73/><REACH who="0" ten="149,289,602,0" step="2"/><U44/><E96/><V108/><F106/><T64/><D64/><U92/><E105/><V126/><F126/><T109/><D109/><U132/><E110/><V83/><F108/><T87/><D87/><U69/><E40/><V1/><F1/><T107/><D107/><U125/><E41/><V33/><F33/><T55/><D55/><U97/><E52/><V75/><F75/><T101/><D101/><U2/><E102/><V61/><F103/><T38/><D38/><U99/><E39/><RYUUKYOKU ba="0,1" sc="149,20,289,-10,602,-10,0,0" hai0="48,54,58,77,78,85,86,88,90,95,116,118,119" /><INIT seed="4,1,1,3,3,109" ten="169,279,592,0" oya="0" hai0="126,99,61,127,134,0,55,35,81,50,130,121,80" hai1="114,119,79,53,54,62,76,2,64,3,52,108,34" hai2="128,110,135,46,78,40,74,32,96,88,68,51,95" hai3=""/><T94/><N who="0" m="31008" /><T82/><D35/><U129/><E34/><V47/><F68/><T118/><D0/><U70/><E119/><V125/><F110/><T56/><D118/><U86/><E108/><V124/><F32/><T98/><D134/><U45/><E129/><V39/><F128/><T43/><D130/><U48/><E114/><V1/><F1/><T36/><D36/><U58/><E2/><V49/><F135/><T122/><N who="0" m="31264" /><T42/><D99/><U106/><E106/><V38/><F78/><T75/><D75/><U89/><E3/><V97/><F74/><T117/><D117/><U67/><E67/><V83/><F83/><T112/><D112/><U77/><REACH who="1" step="1"/><E70/><REACH who="1" ten="169,269,592,0" step="2"/><V113/><F113/><T60/><D61/><U65/><E65/><V59/><F97/><T87/><D87/><U100/><E100/><V41/><F39/><T93/><D60/><U115/><E115/><V105/><F105/><T73/><D73/><U120/><N who="1" m="30752" /><U103/><E103/><V91/><F38/><T107/><D107/><U71/><E71/><V133/><F133/><T111/><D111/><U44/><E44/><V66/><F96/><T33/><D33/><U69/><E69/><V92/><F66/><T57/><D98/><RYUUKYOKU ba="1,2" sc="169,-20,269,10,592,10,0,0" hai1="45,48,52,53,54,58,62,64,76,77,79,86,89" hai2="40,41,46,47,49,51,59,88,91,92,95,124,125" /><INIT seed="5,2,2,5,0,0" ten="149,279,602,0" oya="1" hai0="96,123,94,135,130,47,3,93,43,84,48,64,87" hai1="119,40,82,126,99,63,104,83,108,37,86,116,91" hai2="125,98,111,51,73,53,1,100,50,106,131,88,68" hai3=""/><U127/><E37/><V133/><F68/><T66/><N who="0" m="31520" /><T95/><D3/><U35/><E40/><V52/><F73/><T134/><D130/><U71/><E35/><V74/><F131/><T65/><REACH who="0" step="1"/><D96/><REACH who="0" ten="139,279,602,0" step="2"/><U72/><E99/><V118/><F51/><T62/><D62/><U113/><E63/><V56/><F53/><T121/><N who="0" m="31008" /><T103/><D103/><U90/><E126/><V58/><F56/><T61/><D61/><U114/><E127/><V112/><F106/><T89/><D89/><U57/><E104/><V92/><F74/><T38/><D38/><U2/><E72/><V76/><F76/><T110/><D110/><U41/><E91/><V132/><F111/><T97/><D97/><U107/><E90/><V124/><F1/><T32/><D32/><U36/><E107/><V55/><F55/><T45/><D45/><U67/><E108/><V105/><F125/><T102/><D102/><U54/><E2/><V78/><F124/><T77/><D77/><U85/><E36/><V122/><F105/><T120/><N who="0" m="30752" /><T128/><D128/><U70/><E54/><V75/><F100/><T115/><D115/><U46/><E57/><V42/><F58/><T39/><D39/><U79/><E114/><RYUUKYOKU ba="2,3" sc="139,20,279,-10,602,-10,0,0" hai0="43,47,48,64,65,66,84,87,93,94,95,134,135" /><INIT seed="6,3,3,3,4,129" ten="159,269,592,0" oya="2" hai0="70,86,71,98,77,72,78,96,45,66,93,33,121" hai1="62,114,103,92,126,76,49,113,94,104,80,116,3" hai2="120,134,61,101,34,48,85,95,89,35,37,133,110" hai3=""/><V118/><F37/><T63/><N who="0" m="31008" /><T43/><D33/><U46/><E3/><V130/><F118/><T109/><D109/><U102/><E126/><V65/><F110/><T135/><D135/><N who="2" m="51722" /><F130/><T55/><D55/><U115/><E116/><V91/><N who="2" m="30752" /><V53/><F101/><N who="1" m="38409" /><E62/><V67/><F91/><T127/><D127/><U36/><E36/><V88/><F89/><T32/><D32/><N who="2" m="12330" /><F61/><T100/><D72/><U106/><E106/><V125/><F125/><T75/><D75/><U50/><E104/><V52/><F53/><T2/><D2/><U1/><E1/><V131/><F131/><T81/><D78/><U117/><E117/><V108/><F108/><T44/><D98/><U41/><E50/><V54/><F54/><T82/><D81/><U56/><E80/><V47/><AGARI ba="3,3" hai="47,48,52,65,67,85,88,95" m="12330,30752,51722" machi="47" ten="30,12000,2" yaku="20,1,52,4,54,2" doraHai="129" who="2" fromWho="2" sc="159,-63,269,-63,592,156,0,0" owari="96,-50.0,206,-19.0,748,69.0,0,0.0" /></mjloggm>