<mjloggm ver="2.3"><GO type="225" lobby="0"/><UN n0="%E9%95%B7%E5%B3%B6%E3%83%B3%E3%82%AC%E3%83%B3" n1="%63%61%74%6D%65%56%47%43" n2="%E5%AE%89%E8%97%A4%E3%82%AB%E3%82%B1%E3%83%AB" n3="%E8%A3%81%E3%81%8D%E3%81%AE%E9%BE%8D" dan="17,16,16,16" rate="2155.74,2211.74,2068.79,2035.60" sx="M,M,M,F"/><TAIKYOKU oya="0"/><INIT seed="0,0,0,1,0,1" ten="250,250,250,250" oya="0" hai0="89,42,70,131,124,66,109,32,111,4,75,78,122" hai1="37,87,97,128,7,55,84,92,125,38,48,0,58" hai2="39,107,18,27,43,41,103,93,49,10,105,9,54" hai3="30,123,113,73,64,15,110,134,6,85,94,121,23"/><T130/><D122/><N who="3" m="46601" /><G113/><T88/><D32/><U129/><E125/><V119/><F119/><W65/><G110/><N who="0" m="41995" /><D124/><U13/><E0/><V53/><F39/><W127/><G127/><T135/><D135/><U102/><E38/><V74/><F74/><W77/><G134/><T51/><D70/><U96/><E96/><V16/><F93/><W86/><G73/><T116/><D66/><N who="3" m="25705" /><G77/><T68/><D68/><U29/><E29/><V59/><F49/><W11/><G94/><T72/><D116/><U47/><E37/><V82/><F59/><W71/><G71/><T33/><D33/><U45/><E58/><V20/><F20/><W46/><G46/><N who="0" m="26071" /><D75/><U35/><E35/><V104/><F43/><W95/><G95/><T98/><D98/><U24/><E47/><V117/><F41/><W62/><G62/><T80/><D4/><U17/><E7/><V83/><F117/><W2/><G30/><T60/><D60/><U81/><E87/><N who="3" m="33290" /><G23/><T126/><D126/><U14/><E84/><V12/><F107/><W8/><G8/><T19/><D19/><U99/><E17/><V132/><F132/><W56/><G56/><T40/><D40/><U34/><E34/><V52/><F18/><W31/><G31/><T120/><D120/><U118/><E99/><V79/><F16/><W5/><G5/><T115/><D115/><U50/><E118/><V91/><F9/><W21/><G21/><T67/><D67/><U101/><E101/><V76/><F103/><W100/><G100/><T36/><D36/><U112/><E102/><V69/><F69/><W3/><AGARI ba="0,0" hai="2,3,6,11,15" m="33290,25705,46601" machi="3" ten="40,5200,0" yaku="5,1,13,1,52,1" doraHai="1" who="3" fromWho="3" sc="250,-26,250,-13,250,-13,250,52" /><INIT seed="1,0,0,2,4,87" ten="224,237,237,302" oya="1" hai0="96,71,78,3,129,41,92,23,80,34,52,30,38" hai1="124,77,65,69,7,126,6,112,61,134,86,72,35" hai2="113,135,84,67,22,19,127,20,93,21,95,109,12" hai3="26,51,106,79,82,8,73,114,108,110,43,28,58"/><U32/><E112/><V17/><F113/><W102/><G114/><T70/><D3/><U5/><E72/><V18/><F127/><N who="1" m="48681" /><E134/><V115/><F115/><W56/><G8/><T25/><D129/><U15/><E15/><V63/><F135/><W40/><G102/><T39/><D34/><U44/><E44/><V99/><F109/><N who="3" m="42091" /><G106/><T132/><D132/><U27/><E27/><V36/><F36/><W116/><G116/><T53/><D70/><U54/><E54/><V125/><F125/><W94/><G94/><T4/><D71/><U42/><E42/><N who="3" m="15914" /><G51/><T89/><D4/><N who="1" m="1643" /><E32/><AGARI ba="0,0" hai="26,28,32,56,58,73,79,82" m="15914,42091" machi="32" ten="30,1000,0" yaku="14,1" doraHai="87" who="3" fromWho="1" sc="224,0,237,-10,237,0,302,10" /><INIT seed="2,0,0,3,3,111" ten="224,227,237,312" oya="2" hai0="57,16,45,66,79,38,47,83,55,36,18,30,5" hai1="71,9,78,49,43,105,89,2,12,127,6,113,90" hai2="69,44,88,76,134,39,106,77,72,82,20,75,131" hai3="21,42,29,14,46,129,85,15,118,54,65,53,103"/><V98/><F69/><W1/><G1/><T92/><D66/><U34/><E113/><V121/><F121/><W19/><G118/><T100/><D5/><U37/><E71/><V4/><F4/><W50/><G129/><T80/><D30/><U8/><E105/><V3/><F3/><W51/><G29/><T11/><D38/><U116/><E37/><V41/><F131/><W22/><G65/><T48/><D36/><U81/><E34/><V64/><F64/><W70/><G70/><T95/><D100/><U35/><E35/><V94/><F134/><W74/><G74/><T28/><D28/><U119/><E127/><V125/><F125/><W40/><G103/><T99/><D11/><U122/><E122/><V130/><F130/><W93/><G15/><T128/><D128/><U31/><E31/><V68/><F68/><W97/><G85/><N who="0" m="48287" /><D83/><U26/><E26/><V112/><F106/><W24/><G93/><N who="0" m="35915" /><D99/><U61/><E119/><V52/><F76/><W120/><G97/><T60/><D60/><U87/><E61/><V25/><F112/><W114/><G114/><T132/><D132/><U84/><E84/><V107/><F107/><W63/><G63/><T124/><D124/><U7/><E116/><V101/><F101/><W10/><G120/><T23/><D18/><U33/><E33/><V91/><F75/><W62/><G62/><T58/><D57/><U126/><E126/><V123/><F123/><W17/><G10/><T133/><D133/><U27/><E27/><AGARI ba="0,0" hai="16,23,27,45,47,48,55,58" m="35915,48287" machi="27" ten="30,2000,0" yaku="8,1,54,1" doraHai="111" who="0" fromWho="1" sc="224,20,227,-20,237,0,312,0" /><INIT seed="3,0,0,0,0,135" ten="244,207,237,312" oya="3" hai0="32,61,130,91,110,10,126,11,63,29,82,16,51" hai1="104,103,47,128,41,116,62,108,64,90,58,111,121" hai2="89,23,124,3,24,25,28,106,8,69,74,4,7" hai3="100,83,86,80,21,131,68,97,34,112,98,19,70"/><W30/><G112/><T78/><D110/><N who="1" m="42027" /><E104/><V20/><F69/><W48/><G30/><T31/><D130/><U46/><E103/><V27/><F74/><W81/><G34/><T92/><D32/><U87/><E87/><V118/><F106/><W94/><G131/><T105/><D105/><U84/><E90/><V96/><F118/><W13/><G86/><N who="0" m="48471" /><D126/><U114/><E84/><V15/><F124/><W109/><G109/><T122/><D122/><U56/><E128/><V67/><F67/><W117/><G117/><T88/><D91/><U54/><E116/><V66/><F66/><W57/><G98/><N who="0" m="57607" /><D51/><N who="1" m="30815" /><E114/><V76/><F76/><W1/><G1/><T59/><D11/><U5/><E5/><V53/><F89/><W0/><G0/><T43/><D10/><U113/><E113/><V134/><F96/><W26/><G13/><T72/><D72/><U22/><E22/><N who="2" m="15479" /><F3/><W39/><G39/><T52/><D31/><U107/><E107/><V60/><F4/><W18/><G18/><T75/><D16/><U35/><E35/><V123/><F23/><W33/><G33/><T99/><D75/><U120/><E47/><V9/><F9/><W93/><G93/><T73/><D73/><U95/><E95/><V115/><F115/><W2/><G2/><T14/><D99/><U79/><E79/><V133/><F25/><W50/><G26/><T42/><D29/><U37/><AGARI ba="0,0" hai="37,41,46,58,62,64,120,121" m="30815,42027" machi="37" ten="30,4000,0" yaku="14,1,34,2" doraHai="135" who="1" fromWho="1" sc="244,-10,207,40,237,-10,312,-20" /><INIT seed="4,0,0,2,2,16" ten="234,247,227,292" oya="0" hai0="95,121,64,2,27,33,132,116,50,81,10,39,37" hai1="24,9,104,90,106,12,68,103,66,75,84,113,56" hai2="3,112,115,63,80,52,77,117,13,122,130,48,6" hai3="17,15,105,118,36,78,111,28,114,126,92,43,32"/><T88/><D121/><U19/><E75/><V57/><F3/><W44/><G105/><T26/><D116/><U125/><E68/><V82/><F122/><W38/><G111/><T135/><D81/><U102/><E125/><V127/><F127/><W47/><G126/><T30/><D64/><U70/><E70/><V0/><F0/><W4/><G118/><T69/><D69/><U129/><E129/><V42/><F117/><W133/><G114/><N who="2" m="43561" /><F130/><W60/><G4/><N who="0" m="1303" /><D50/><U59/><E106/><V94/><F94/><W98/><G78/><T45/><D27/><U55/><E104/><V25/><F25/><W51/><G60/><T5/><D45/><U100/><E113/><V76/><F76/><W97/><G47/><T101/><D101/><U8/><E8/><N who="2" m="4247" /><F77/><W119/><G119/><T22/><D5/><U108/><E108/><V18/><F18/><W107/><G107/><T73/><D73/><U46/><E24/><V134/><F134/><N who="0" m="51242" /><D33/><U49/><E66/><N who="2" m="39279" /><F42/><W89/><G133/><T110/><D110/><U131/><E131/><V29/><F29/><W93/><G28/><T62/><D62/><U35/><E35/><V53/><F53/><W34/><G34/><T20/><D20/><U86/><E90/><V74/><F74/><W23/><G32/><T96/><AGARI ba="0,0" hai="22,26,30,37,39,88,95,96" m="51242,1303" machi="96" ten="30,6000,0" yaku="20,1,52,1,54,1" doraHai="16" who="0" fromWho="0" sc="234,60,247,-20,227,-20,292,-20" /><INIT seed="4,1,0,3,3,34" ten="294,227,207,272" oya="0" hai0="74,7,103,84,64,132,91,52,133,102,90,71,70" hai1="38,96,120,22,42,59,17,12,99,125,75,49,98" hai2="82,107,85,9,4,23,121,8,135,123,44,110,94" hai3="95,131,112,28,24,13,73,55,117,92,118,115,101"/><T57/><D74/><U77/><E120/><V40/><F107/><W66/><G73/><T35/><D35/><U25/><E125/><V20/><F110/><W105/><G131/><T26/><D26/><U0/><E0/><V97/><F135/><N who="0" m="51786" /><D7/><U109/><E109/><V29/><F123/><W2/><G66/><T119/><D119/><U83/><E38/><V108/><F121/><W122/><G2/><T126/><D126/><U19/><E59/><V48/><F108/><W11/><G122/><T113/><D113/><N who="3" m="43593" /><G55/><T54/><D54/><U76/><E75/><V78/><F29/><W16/><G105/><T111/><D111/><U88/><E42/><V87/><F87/><W50/><G50/><N who="0" m="30871" /><D91/><U56/><E49/><V72/><F72/><W6/><G6/><T100/><D64/><U51/><E51/><V65/><F65/><W41/><G41/><T68/><D71/><U3/><E3/><V37/><F37/><W58/><G58/><T67/><D67/><U69/><E56/><V79/><F79/><W53/><G53/><T80/><AGARI ba="1,0" hai="68,70,80,84,90,100,102,103" m="30871,51786" machi="80" ten="30,3000,0" yaku="20,1,54,1" doraHai="34" who="0" fromWho="0" sc="294,33,227,-11,207,-11,272,-11" owari="327,42.0,216,-18.0,196,-30.0,261,6.0" /></mjloggm>