<mjloggm ver="2.3"><GO type="185" lobby="0"/><UN n0="%30%30%73%61%69" n1="%44%75%73%6B" n2="%41%2E%4B%39%6D%65%63" n3="" dan="16,16,18,0" rate="2240.58,2184.45,2365.06,1500.00" sx="M,M,M,C"/><TAIKYOKU oya="0"/><INIT seed="0,0,0,5,4,45" ten="350,350,350,0" oya="0" hai0="36,114,55,104,66,112,107,53,70,54,101,90,100" hai1="134,94,35,110,108,85,95,80,74,33,47,68,119" hai2="128,125,83,62,38,43,65,77,49,39,1,60,106" hai3=""/><T0/><D0/><U135/><E68/><V102/><F1/><T131/><D36/><U98/><E74/><V126/><F128/><T130/><D90/><U63/><E63/><V129/><F129/><N who="0" m="49162" /><D66/><U92/><E119/><V93/><F106/><N who="0" m="40490" /><D70/><U87/><E98/><V56/><F39/><T79/><D79/><U42/><E42/><V118/><F38/><T2/><D2/><U75/><E47/><V50/><F43/><T41/><D41/><U115/><E115/><AGARI ba="0,0" hai="53,54,55,100,101,112,114,115" m="40490,49162" machi="115" ten="40,7700,0" yaku="28,2,19,1" doraHai="45" who="0" fromWho="1" sc="350,77,350,-77,350,0,0,0" /><INIT seed="0,1,0,3,2,89" ten="427,273,350,0" oya="0" hai0="101,43,125,34,67,91,96,76,0,70,77,112,99" hai1="104,135,66,103,123,56,61,72,32,124,63,128,82" hai2="42,64,121,133,107,52,73,36,84,105,46,69,87" hai3=""/><T116/><D0/><U35/><N who="1" m="31520" /><U134/><E128/><V106/><N who="2" m="31008" /><V100/><F73/><T126/><D34/><U127/><E72/><V118/><F133/><N who="1" m="50697" /><E82/><V117/><F100/><T102/><D43/><U59/><E104/><V132/><F132/><T41/><D41/><U54/><E103/><V65/><F52/><T115/><D67/><N who="2" m="25674" /><F69/><T3/><D70/><U37/><E37/><V47/><F47/><T55/><D55/><U60/><E60/><V40/><F40/><T79/><D3/><U131/><E131/><V58/><F58/><T97/><D102/><U44/><E44/><V110/><F110/><T122/><N who="0" m="31264" /><T109/><D101/><U85/><E85/><V2/><F2/><T75/><D109/><U98/><E98/><V111/><F111/><T95/><D75/><U130/><E130/><V68/><F68/><T83/><D99/><U120/><N who="1" m="30752" /><U129/><E129/><V57/><F57/><T90/><D97/><U86/><E86/><V33/><F87/><T50/><D96/><U78/><E78/><V114/><F84/><T38/><D76/><U74/><E74/><V80/><F36/><T108/><D38/><U113/><E113/><V49/><F114/><T45/><D112/><RYUUKYOKU ba="1,0" sc="427,-10,273,20,350,-10,0,0" hai1="32,35,54,56,59,61,63,66,124,127" /><INIT seed="1,2,0,3,2,61" ten="417,293,340,0" oya="1" hai0="123,117,87,93,92,91,67,2,68,66,44,47,52" hai1="82,35,128,112,76,39,114,59,38,119,107,121,0" hai2="57,97,65,102,105,34,50,109,80,88,63,129,32" hai3=""/><U53/><N who="1" m="31008" /><U116/><E107/><V49/><F109/><T115/><N who="0" m="31520" /><T85/><D115/><U36/><E0/><V78/><F129/><T58/><D2/><U133/><E128/><V110/><F110/><T106/><D106/><U51/><E35/><V3/><F3/><T70/><D117/><U42/><E42/><V135/><F135/><T90/><D68/><U108/><E108/><V104/><F104/><T118/><D70/><U125/><E133/><V131/><F131/><T122/><N who="0" m="31264" /><T103/><D103/><U98/><E98/><V72/><F50/><T33/><D33/><U113/><REACH who="1" step="1"/><E125/><REACH who="1" ten="417,283,340,0" step="2"/><V79/><F32/><T60/><D118/><U101/><E101/><V64/><F34/><T56/><D67/><U75/><AGARI ba="2,1" hai="36,38,39,51,53,59,75,76,82,112,113,114,116,119" m="31008" machi="75" ten="40,5200,0" yaku="1,1,0,1,52,1,53,0" doraHai="61" doraHaiUra="126" who="1" fromWho="1" sc="417,-28,283,66,340,-28,0,0" /><INIT seed="1,3,0,2,1,43" ten="389,349,312,0" oya="1" hai0="49,79,85,38,54,50,80,118,91,70,109,68,69" hai1="82,126,98,134,103,86,52,135,1,131,32,66,41" hai2="61,42,95,37,59,96,0,129,102,64,3,63,87" hai3=""/><U130/><E32/><V75/><F75/><T60/><D38/><U117/><E117/><V108/><F108/><T88/><D109/><U34/><E34/><V51/><F37/><T128/><D118/><U77/><E1/><V93/><F129/><N who="1" m="49161" /><E66/><V84/><F63/><T44/><D128/><U40/><E126/><V113/><F113/><T122/><N who="0" m="31264" /><T92/><D50/><U132/><E52/><V97/><F0/><T90/><REACH who="0" step="1"/><D60/><REACH who="0" ten="379,349,312,0" step="2"/><U72/><E40/><V56/><F3/><T127/><D127/><U48/><E48/><V104/><F42/><T101/><D101/><U133/><E41/><V2/><F2/><T67/><D67/><U33/><E33/><V53/><REACH who="2" step="1"/><F104/><REACH who="2" ten="379,349,302,0" step="2"/><T62/><D62/><U57/><E135/><V81/><F81/><T112/><D112/><U105/><E57/><V35/><F35/><T46/><D46/><U55/><E55/><V106/><F106/><T114/><D114/><U123/><N who="1" m="31520" /><U115/><E115/><V116/><F116/><T124/><D124/><U71/><E133/><V45/><F45/><T107/><D107/><U110/><E110/><V120/><N who="2" m="30752" /><V58/><F58/><T100/><D100/><AGARI ba="3,2" hai="51,53,56,59,61,64,84,87,93,95,96,97,100,102" m="30752" machi="100" ten="30,8000,1" yaku="1,1,7,1,9,1,8,1,52,1,53,0" doraHai="43" doraHaiUra="121" who="2" fromWho="0" sc="379,-86,349,0,302,106,0,0" /><INIT seed="2,0,0,4,4,80" ten="293,349,408,0" oya="2" hai0="86,42,132,135,45,98,64,131,99,106,65,120,84" hai1="44,107,62,95,128,74,133,90,119,33,126,66,43" hai2="97,34,36,125,122,118,130,72,75,83,76,52,0" hai3=""/><V89/><N who="2" m="31264" /><V53/><F118/><T2/><N who="0" m="30752" /><T47/><D131/><U124/><E74/><V61/><F34/><T79/><D106/><U51/><E33/><V104/><F0/><T49/><D2/><U1/><E119/><V87/><F130/><T73/><D49/><U103/><E1/><V57/><F36/><T35/><D35/><U108/><E128/><V78/><F125/><N who="1" m="48233" /><E133/><V39/><F39/><T68/><D68/><U111/><E103/><V123/><N who="2" m="31520" /><V121/><N who="2" m="31008" /><V129/><F129/><T41/><D73/><U112/><E112/><V94/><F78/><AGARI ba="0,0" hai="41,42,45,47,64,65,78,79,84,86,98,99,132,135" m="30752" machi="78" ten="25,8000,1" yaku="22,2,52,3" doraHai="80" who="0" fromWho="2" sc="293,80,349,0,408,-80,0,0" /><INIT seed="4,0,0,5,0,40" ten="373,349,328,0" oya="0" hai0="91,102,129,98,71,2,81,34,32,87,125,107,41" hai1="120,130,128,80,66,62,64,113,82,47,134,96,112" hai2="67,115,44,135,124,54,39,74,75,57,35,132,133" hai3=""/><T119/><D119/><U65/><N who="1" m="30752" /><U92/><E62/><V100/><F35/><T69/><D2/><U94/><E134/><V79/><F115/><N who="1" m="44105" /><E47/><V118/><F118/><T33/><D129/><N who="1" m="49771" /><E94/><V36/><F44/><T58/><D41/><U103/><AGARI ba="0,0" hai="64,65,66,80,82,92,96,103" m="49771,44105,30752" machi="103" ten="40,6000,1" yaku="15,1,11,1,19,1,52,1" doraHai="40" who="1" fromWho="1" sc="373,-40,349,60,328,-20,0,0" /><INIT seed="5,0,0,3,1,122" ten="333,409,308,0" oya="1" hai0="69,39,86,101,104,62,98,90,83,113,89,115,134" hai1="66,127,107,67,50,65,35,120,71,77,133,97,47" hai2="128,121,82,112,44,38,73,123,102,70,109,88,110" hai3=""/><U64/><N who="1" m="30752" /><U131/><E35/><V43/><N who="2" m="31008" /><V52/><N who="2" m="31520" /><V100/><F70/><T3/><D3/><U46/><E131/><V94/><F128/><T114/><D39/><U129/><E129/><V63/><F112/><T36/><D36/><U0/><E0/><V130/><F130/><T40/><D40/><U74/><E133/><V103/><F82/><T106/><D134/><U80/><E127/><V33/><F73/><T105/><D69/><U85/><E46/><V55/><F33/><T72/><D62/><U48/><E48/><V42/><F42/><T95/><REACH who="0" step="1"/><D72/><REACH who="0" ten="323,409,308,0" step="2"/><U81/><E71/><V124/><F124/><T32/><D32/><U57/><E74/><V108/><REACH who="2" step="1"/><F63/><REACH who="2" ten="323,409,298,0" step="2"/><T87/><AGARI ba="0,2" hai="83,86,87,89,90,95,98,101,104,105,106,113,114,115" machi="87" ten="40,9000,2" yaku="1,1,0,1,15,1,34,3,53,1" doraHai="122" doraHaiUra="93" who="0" fromWho="0" sc="323,110,409,-60,298,-30,0,0" /><INIT seed="6,0,0,0,4,67" ten="433,349,268,0" oya="2" hai0="97,54,84,66,86,132,95,71,130,59,55,92,1" hai1="68,104,79,131,77,78,64,81,134,76,90,35,115" hai2="110,70,41,46,45,44,129,87,109,100,63,0,105" hai3=""/><V38/><F0/><T47/><D1/><U88/><E35/><V80/><F129/><T117/><D71/><U96/><E131/><V93/><F105/><T111/><D111/><N who="2" m="42506" /><F93/><T52/><D117/><U124/><E64/><V40/><F100/><T128/><D128/><U58/><E58/><V89/><F38/><T119/><D95/><U108/><E68/><V60/><F70/><T49/><D119/><U32/><E32/><V106/><F106/><T121/><D130/><U120/><N who="1" m="30752" /><U42/><E42/><AGARI ba="0,0" hai="40,41,42,44,45,46,60,63,80,87,89" m="42506" machi="42" ten="30,1500,0" yaku="10,1" doraHai="67" who="2" fromWho="1" sc="433,0,349,-15,268,15,0,0" /><INIT seed="6,1,0,3,5,83" ten="433,334,283,0" oya="2" hai0="82,93,129,87,97,42,124,77,67,92,89,91,65" hai1="48,34,60,78,56,117,135,75,39,88,64,71,110" hai2="53,1,112,85,115,79,108,103,130,54,98,132,36" hai3=""/><V68/><F1/><T81/><D129/><U72/><E110/><V46/><F130/><T76/><D124/><U131/><E34/><V66/><F132/><T104/><D104/><U61/><E131/><V109/><F66/><T100/><D42/><U62/><E135/><V38/><F68/><T32/><D32/><U51/><E117/><V55/><F79/><N who="0" m="30282" /><D82/><U84/><E39/><N who="2" m="14891" /><F85/><AGARI ba="1,0" hai="65,67,81,85,87,89,91,92,93,97,100" m="30282" machi="85" ten="30,3900,0" yaku="8,1,52,2" doraHai="83" who="0" fromWho="2" sc="433,41,334,0,283,-41,0,0" owari="474,43.0,334,-7.0,242,-36.0,0,0.0" /></mjloggm>