<mjloggm ver="2.3"><GO type="225" lobby="0"/><UN n0="%E5%AE%89%E8%97%A4%E3%82%AB%E3%82%B1%E3%83%AB" n1="%E4%B8%89%E5%86%A0%E7%8E%8B%E3%83%BB%E5%B1%B1%E7%94%B0%E5%93%B2%E4%BA%BA" n2="%E9%95%B7%E5%B3%B6%E3%83%B3%E3%82%AC%E3%83%B3" n3="%63%61%74%6D%65%56%47%43" dan="16,17,17,16" rate="2063.04,2205.81,2161.56,2209.28" sx="M,M,M,M"/><TAIKYOKU oya="0"/><INIT seed="0,0,0,5,0,25" ten="250,250,250,250" oya="0" hai0="114,107,120,5,132,92,73,47,103,96,93,24,81" hai1="10,62,27,110,131,35,28,99,31,0,17,21,79" hai2="57,34,12,70,77,55,112,89,130,86,127,15,118" hai3="16,101,104,97,100,133,116,39,82,29,63,48,20"/><T9/><D114/><U7/><E110/><V125/><F112/><W85/><G116/><T56/><D120/><U2/><E79/><V60/><F118/><W90/><G39/><T84/><D132/><U80/><E80/><V4/><F130/><W14/><G133/><T91/><D73/><U6/><E131/><V69/><F77/><W33/><G63/><T40/><D56/><U111/><E111/><V44/><F44/><W98/><G48/><T83/><D107/><U121/><E121/><V46/><F34/><W3/><G3/><T38/><REACH who="0" step="1"/><D24/><REACH who="0" ten="240,250,250,250" step="2"/><U45/><E45/><V88/><F46/><W115/><G115/><T106/><D106/><U51/><E51/><V74/><F74/><W64/><G64/><T41/><D41/><U53/><E35/><V117/><F117/><W1/><G33/><T19/><D19/><U122/><E122/><V49/><F49/><W108/><G108/><T134/><D134/><U22/><E62/><V59/><F60/><W65/><G65/><T26/><D26/><N who="1" m="14639" /><E53/><V75/><F75/><W37/><G37/><T76/><D76/><U95/><E27/><V11/><F55/><W58/><G58/><T102/><D102/><U128/><E128/><V109/><F109/><W23/><G104/><T67/><D67/><U126/><E7/><V30/><F4/><W71/><G101/><T50/><D50/><U18/><E6/><V66/><F66/><W113/><G100/><T13/><AGARI ba="0,1" hai="5,9,13,38,40,47,81,83,84,91,92,93,96,103" machi="13" ten="20,7800,0" yaku="1,1,0,1,7,1,53,1" doraHai="25" doraHaiUra="42" who="0" fromWho="0" sc="240,88,250,-26,250,-26,250,-26" /><INIT seed="0,1,0,5,1,115" ten="328,224,224,224" oya="0" hai0="90,64,44,101,0,99,11,78,89,5,56,96,112" hai1="19,59,107,102,25,73,84,113,66,40,6,80,3" hai2="114,15,17,126,77,9,131,50,88,22,129,109,8" hai3="76,10,121,65,7,69,128,31,49,82,24,119,23"/><T36/><D112/><U26/><E113/><V104/><F114/><W30/><G128/><N who="2" m="49225" /><F109/><W124/><G124/><T132/><D132/><U67/><E73/><V47/><F126/><W34/><G121/><T32/><D32/><U81/><E40/><N who="2" m="24935" /><F104/><W122/><G122/><T42/><D78/><U79/><E102/><V100/><F100/><W39/><G39/><T38/><D38/><U118/><E107/><V43/><F77/><W103/><G103/><T41/><D41/><U97/><E97/><V55/><F43/><W68/><G34/><T33/><D33/><U71/><E71/><V123/><F123/><W57/><G31/><T105/><D99/><U52/><E118/><V130/><N who="2" m="49233" /><V110/><DORA hai="45" /><F110/><W74/><G119/><T72/><D72/><U75/><E6/><V18/><F55/><W13/><REACH who="3" step="1"/><G65/><REACH who="3" ten="328,224,224,214" step="2"/><T125/><D125/><U28/><E67/><V20/><F88/><W63/><G63/><T29/><D64/><U60/><E60/><V27/><AGARI ba="1,1" hai="8,9,15,17,18,20,22,27" m="24935,49233" machi="27" ten="40,2700,0" yaku="19,1,52,1" doraHai="115,45" who="2" fromWho="2" sc="328,-14,224,-8,224,40,214,-8" /><INIT seed="1,0,0,4,0,9" ten="314,216,264,206" oya="1" hai0="73,6,15,72,63,71,39,98,115,117,54,44,78" hai1="1,120,8,0,24,30,92,43,4,38,31,103,27" hai2="19,111,113,81,23,55,13,82,70,33,68,12,116" hai3="32,96,97,46,66,95,59,53,61,48,125,100,40"/><U67/><E120/><V26/><F116/><W86/><G125/><T91/><D117/><U112/><E112/><V89/><F113/><W29/><G32/><T7/><D115/><U58/><E0/><V127/><F127/><W21/><G96/><T76/><D73/><U45/><E103/><V62/><F111/><W52/><G86/><T104/><D6/><U50/><E92/><V14/><F33/><W80/><G80/><N who="2" m="30825" /><F68/><W17/><REACH who="3" step="1"/><G29/><REACH who="3" ten="314,216,264,196" step="2"/><T110/><D98/><U85/><E85/><V107/><F107/><W36/><G36/><T132/><D39/><U119/><E119/><V18/><F70/><W101/><G101/><T134/><D71/><U99/><E99/><V126/><F126/><W16/><G16/><T49/><D104/><U106/><E106/><V5/><F5/><W11/><G11/><T128/><D7/><U102/><E102/><V64/><F89/><W34/><G34/><T42/><D91/><U123/><E123/><V83/><F83/><W79/><G79/><T35/><D78/><U88/><E88/><V2/><F2/><W93/><G93/><T109/><D76/><U41/><E31/><N who="2" m="17887" /><F64/><W124/><G124/><T37/><D110/><U108/><E108/><V25/><F25/><AGARI ba="0,1" hai="17,21,25,40,46,48,52,53,59,61,66,95,97,100" machi="25" ten="30,8000,1" yaku="1,1,7,1,8,1,54,1,53,1" doraHai="9" doraHaiUra="90" who="3" fromWho="2" sc="314,0,216,0,264,-80,196,90" /><INIT seed="2,0,0,2,4,120" ten="314,216,184,286" oya="2" hai0="13,107,93,68,79,49,60,12,14,134,99,19,127" hai1="2,105,119,17,69,50,77,37,23,130,117,8,80" hai2="5,67,38,43,7,57,46,63,81,76,92,45,28" hai3="47,62,96,42,73,39,114,90,91,85,135,102,87"/><V82/><F82/><W75/><G135/><T74/><D107/><U111/><E37/><V32/><F92/><W110/><G110/><T27/><D127/><U52/><E105/><V54/><F32/><W84/><G114/><T121/><D121/><U25/><E69/><V33/><F33/><W61/><G91/><T59/><D134/><U40/><E40/><V94/><F94/><W101/><G90/><T21/><D68/><U66/><E66/><V10/><F28/><W129/><G129/><T20/><D49/><U78/><E111/><V70/><F46/><W126/><G126/><T89/><D74/><U86/><E78/><V31/><F31/><W132/><G132/><T48/><D48/><U112/><E112/><V36/><F10/><W22/><G22/><N who="0" m="13791" /><D79/><U11/><E130/><V0/><F0/><W115/><G115/><T41/><D41/><U116/><REACH who="1" step="1"/><E2/><REACH who="1" ten="314,206,184,286" step="2"/><V95/><F38/><W104/><G101/><T24/><D24/><U133/><E133/><V30/><F30/><W64/><REACH who="3" step="1"/><G62/><REACH who="3" ten="314,206,184,276" step="2"/><T124/><D124/><U58/><AGARI ba="0,2" hai="8,11,17,23,25,50,52,58,77,80,86,116,117,119" machi="58" ten="30,4000,0" yaku="1,1,0,1,54,1,53,0" doraHai="120" doraHaiUra="26" who="1" fromWho="1" sc="314,-10,206,60,184,-20,276,-10" /><INIT seed="3,0,0,2,5,64" ten="304,266,164,266" oya="3" hai0="66,30,80,3,101,115,27,76,5,90,38,43,23" hai1="60,49,61,110,114,35,99,24,16,106,131,120,69" hai2="134,72,57,95,56,7,112,94,71,67,87,40,85" hai3="47,32,15,84,52,118,14,113,33,22,1,41,103"/><W91/><G118/><T81/><D115/><U18/><E114/><V121/><F112/><W21/><G113/><T29/><D101/><N who="1" m="62783" /><E120/><V17/><F134/><W79/><G1/><T78/><D66/><N who="1" m="41159" /><E110/><V124/><F124/><W89/><G32/><T97/><D29/><N who="1" m="19879" /><E131/><V10/><F121/><W39/><G33/><T65/><D65/><U55/><E61/><V6/><F67/><W13/><G103/><T102/><D102/><U50/><E50/><V107/><F107/><W31/><G52/><T123/><D123/><U92/><E92/><V116/><F116/><W75/><G75/><T51/><D51/><U19/><E19/><V108/><F17/><W46/><G46/><AGARI ba="0,0" hai="16,18,46,49,55" m="19879,41159,62783" machi="46" ten="30,3900,0" yaku="25,1,52,1,54,1" doraHai="64" who="1" fromWho="3" sc="304,0,266,39,164,0,266,-39" owari="304,10.0,305,41.0,164,-34.0,227,-17.0" /></mjloggm>