<mjloggm ver="2.3"><GO type="225" lobby="0"/><UN n0="%E9%9F%93%E8%A1%9B%E9%9D%92" n1="%E8%A8%88%E7%AE%97%E6%A9%9F%E8%87%AA%E7%84%B6" n2="%E5%A4%A9%E3%83%8E%E5%B7%9D%E6%B2%99%E5%A4%9C" n3="%E8%A5%BF%E5%B2%A1%E8%82%B2%E6%9C%AA%E2%99%AA" dan="16,17,16,16" rate="2182.68,2275.99,2174.64,2104.20" sx="F,M,F,F"/><TAIKYOKU oya="0"/><INIT seed="0,0,0,0,5,104" ten="250,250,250,250" oya="0" hai0="58,65,68,80,46,21,115,75,124,61,79,16,69" hai1="94,34,123,134,98,82,47,43,27,45,105,39,1" hai2="19,73,135,89,77,50,131,32,126,62,20,59,53" hai3="78,101,2,48,92,42,64,97,127,28,29,67,120"/><T112/><D124/><U52/><E123/><V125/><F32/><W57/><G2/><T5/><D5/><U70/><E1/><V23/><F131/><W130/><G130/><T38/><D38/><U12/><E70/><V17/><F135/><W100/><G127/><N who="2" m="48649" /><F89/><N who="3" m="55439" /><G78/><T129/><D129/><U36/><E134/><V51/><F77/><W6/><G6/><T24/><REACH who="0" step="1"/><D46/><REACH who="0" ten="240,250,250,250" step="2"/><U103/><E47/><V117/><F117/><W66/><G120/><T18/><D18/><U10/><E39/><V33/><F19/><W93/><G28/><T96/><D96/><U74/><E45/><V72/><F17/><W114/><G29/><T71/><AGARI ba="0,1" hai="16,21,24,58,61,65,68,69,71,75,79,80,112,115" machi="71" ten="30,12000,1" yaku="1,1,0,1,52,1,54,1,53,1" doraHai="104" doraHaiUra="63" who="0" fromWho="0" sc="240,130,250,-40,250,-40,250,-40" /><INIT seed="0,1,0,4,4,78" ten="370,210,210,210" oya="0" hai0="74,100,119,81,35,63,94,123,37,38,80,60,102" hai1="20,26,32,39,1,76,135,51,132,3,116,33,130" hai2="29,133,101,75,31,98,53,128,107,4,54,68,114" hai3="30,23,125,134,62,0,16,48,112,61,55,131,5"/><T105/><D35/><N who="1" m="13387" /><E39/><V49/><F114/><W111/><G112/><T85/><D119/><U44/><E76/><V104/><F128/><W22/><G111/><T15/><D123/><U95/><E95/><V34/><F133/><N who="1" m="51273" /><E116/><V108/><F108/><W97/><G125/><T66/><D105/><U89/><E89/><V70/><F75/><W21/><G30/><T18/><D38/><U129/><E51/><V126/><F126/><W7/><G0/><N who="1" m="74" /><E44/><V93/><F4/><N who="3" m="1611" /><G131/><T113/><D37/><U57/><E57/><V6/><F6/><W52/><G97/><N who="0" m="59447" /><D113/><U13/><E13/><V117/><F117/><W40/><G134/><T17/><D74/><U10/><E10/><V121/><F107/><W64/><G64/><T92/><D66/><U71/><E71/><V27/><F104/><W36/><G36/><T2/><D2/><U58/><E58/><V43/><F70/><W50/><G48/><T127/><D127/><U42/><E42/><V90/><F43/><W46/><G40/><T84/><D102/><U8/><E8/><V72/><F49/><W124/><G124/><T118/><D118/><U77/><E77/><V79/><F79/><W11/><G55/><T82/><D15/><AGARI ba="1,0" hai="11,15,16,21,22,23,46,50,52,61,62" m="1611" machi="15" ten="30,3900,0" yaku="8,1,54,2" doraHai="78" who="3" fromWho="0" sc="370,-42,210,0,210,0,210,42" /><INIT seed="1,0,0,1,5,13" ten="328,210,210,252" oya="1" hai0="42,109,84,10,37,45,91,100,65,11,90,12,33" hai1="71,67,128,40,63,46,117,59,27,88,57,28,133" hai2="69,75,78,110,99,85,101,18,98,79,107,31,5" hai3="129,3,17,74,55,4,9,36,131,73,118,52,126"/><U47/><E117/><V44/><F69/><W8/><G36/><T127/><D33/><U77/><E77/><V2/><F110/><W132/><G118/><T96/><D109/><U62/><E133/><V14/><F31/><W111/><G111/><T97/><D127/><U113/><E113/><V23/><F75/><W70/><G70/><T60/><D11/><U64/><E128/><N who="3" m="49226" /><G126/><T22/><D22/><U72/><E72/><N who="3" m="27754" /><G132/><T95/><D100/><U134/><E134/><V104/><F85/><W48/><G48/><T34/><D34/><U58/><E88/><V116/><F116/><W89/><G89/><T94/><D84/><U124/><E124/><V39/><F5/><N who="3" m="1087" /><G17/><T50/><D37/><N who="1" m="21775" /><E28/><V80/><F2/><AGARI ba="0,0" hai="2,4,9,52,55" m="1087,27754,49226" machi="2" ten="30,2000,0" yaku="19,1,54,1" doraHai="13" who="3" fromWho="2" sc="328,0,210,0,210,-20,252,20" /><INIT seed="2,0,0,4,1,114" ten="328,210,190,272" oya="2" hai0="0,54,4,47,16,95,118,9,93,10,69,37,50" hai1="14,107,126,121,88,20,11,41,122,49,28,89,48" hai2="55,78,110,57,90,80,8,128,1,32,46,67,15" hai3="124,81,99,59,76,24,62,82,133,79,129,52,72"/><V23/><F32/><W27/><G129/><T42/><D69/><U31/><E107/><V51/><F128/><W58/><G133/><T73/><D73/><U86/><E126/><V19/><F110/><W94/><G124/><T112/><D112/><U83/><E89/><V131/><F131/><W117/><G117/><T34/><D34/><U44/><E49/><V85/><F1/><W35/><G35/><T125/><D125/><U7/><REACH who="1" step="1"/><E20/><REACH who="1" ten="328,200,190,272" step="2"/><V98/><F23/><W60/><G99/><T17/><D50/><U65/><E65/><V84/><F98/><W2/><G94/><T74/><D93/><U39/><E39/><V33/><F33/><W5/><G82/><T75/><D95/><U40/><E40/><V127/><F127/><W87/><G81/><T97/><D42/><U12/><E12/><V43/><F67/><W64/><G2/><T68/><D37/><U56/><E56/><V45/><F43/><W101/><G58/><T77/><D0/><U26/><E26/><V135/><F135/><W61/><G24/><T21/><D21/><U108/><E108/><V120/><F120/><AGARI ba="0,1" hai="7,11,14,28,31,41,44,48,83,86,88,120,121,122" machi="120" ten="40,5200,0" yaku="1,1,13,1,54,1,53,0" doraHai="114" doraHaiUra="123" who="1" fromWho="2" sc="328,0,200,62,190,-52,272,0" /><INIT seed="3,0,0,3,4,30" ten="328,262,138,272" oya="3" hai0="118,11,89,3,4,5,50,42,67,15,111,115,76" hai1="46,74,51,79,12,32,34,84,57,25,104,135,52" hai2="7,81,113,53,22,43,70,38,130,27,112,39,71" hai3="83,44,59,129,96,55,62,48,116,33,2,41,126"/><W40/><G116/><T124/><D118/><U109/><E104/><V29/><F81/><W131/><G2/><T36/><D111/><U80/><E109/><V68/><F53/><W31/><G126/><T114/><D124/><U14/><E135/><V119/><F119/><W128/><G83/><T97/><D67/><U92/><E25/><V121/><F130/><W106/><G106/><T94/><D36/><U100/><E12/><V26/><F7/><W0/><G0/><T61/><D61/><U127/><E127/><V18/><F121/><W35/><G31/><T98/><D76/><U99/><E74/><V93/><F93/><W1/><G1/><T132/><D132/><U85/><E85/><V86/><F86/><W58/><G96/><N who="0" m="57423" /><D5/><U23/><REACH who="1" step="1"/><E57/><REACH who="1" ten="328,252,138,272" step="2"/><N who="3" m="21514" /><G62/><T60/><D60/><U47/><E47/><V65/><F65/><W6/><G6/><T10/><D3/><U17/><AGARI ba="0,1" hai="14,17,23,32,34,46,51,52,79,80,84,92,99,100" machi="17" ten="30,12000,2" yaku="1,1,0,1,52,2,54,1,53,1" doraHai="30" doraHaiUra="49" who="1" fromWho="1" sc="328,-30,252,130,138,-30,272,-60" owari="298,10.0,382,48.0,108,-39.0,212,-19.0" /></mjloggm>