<mjloggm ver="2.3"><GO type="225" lobby="0"/><UN n0="%E3%83%B4%E3%83%A0%EF%BC%99%E3%81%A6" n1="%E5%A4%A9%E3%83%8E%E5%B7%9D%E6%B2%99%E5%A4%9C" n2="%E9%9F%93%E8%A1%9B%E9%9D%92" n3="%E3%81%82%E3%82%89%E3%81%8C%E3%81%8D%E3%81%82%E3%82%84%E3%81%9B" dan="17,16,16,16" rate="2198.77,2174.71,2178.63,2133.49" sx="M,F,F,F"/><TAIKYOKU oya="0"/><INIT seed="0,0,0,1,4,74" ten="250,250,250,250" oya="0" hai0="42,130,112,118,32,109,75,85,49,70,39,34,83" hai1="99,19,108,66,103,114,128,14,51,89,80,134,1" hai2="71,45,97,88,53,55,115,30,98,58,37,119,79" hai3="94,57,131,69,18,73,120,11,17,15,124,38,63"/><T82/><D112/><U110/><E1/><V5/><F119/><W116/><G69/><T60/><D118/><U20/><E114/><V50/><F71/><W102/><G73/><T127/><D39/><U111/><E128/><V62/><F115/><W117/><G38/><T43/><D130/><U105/><E134/><V100/><F37/><W3/><G120/><T129/><D129/><U4/><E4/><V84/><F30/><W121/><G121/><T135/><D135/><U59/><E51/><V132/><F132/><W86/><G131/><T93/><D93/><U36/><E36/><V64/><F5/><W35/><G35/><T92/><D92/><U78/><E89/><V48/><F100/><W76/><G3/><T101/><D101/><U56/><REACH who="1" step="1"/><E66/><REACH who="1" ten="250,240,250,250" step="2"/><V122/><F122/><W26/><G116/><T40/><D49/><U113/><E113/><V12/><F79/><W67/><G117/><T46/><D127/><U90/><E90/><V91/><F91/><N who="3" m="53623" /><G124/><T133/><D133/><U22/><E22/><V95/><F64/><W29/><G102/><T65/><D32/><U41/><E41/><V0/><F0/><W10/><G76/><N who="0" m="44319" /><D34/><U52/><E52/><N who="2" m="34119" /><F12/><W23/><G15/><T33/><D33/><U13/><E13/><V8/><F8/><AGARI ba="0,1" hai="8,10,11,17,18,23,26,29,57,63,67" m="53623" machi="8" ten="30,1000,0" yaku="8,1" doraHai="74" who="3" fromWho="2" sc="250,0,240,0,250,-10,250,20" /><INIT seed="1,0,0,3,5,67" ten="250,240,240,270" oya="1" hai0="17,103,110,120,82,27,25,80,50,81,40,134,60" hai1="76,20,129,102,44,29,94,100,16,28,93,55,19" hai2="12,4,61,90,7,71,58,84,59,68,14,78,73" hai3="57,131,63,111,45,66,3,46,65,24,26,89,43"/><U23/><E129/><V75/><F78/><W126/><G131/><T86/><D110/><U39/><E76/><V48/><F48/><W72/><G3/><T79/><D134/><U54/><E39/><V41/><F84/><W77/><G111/><T122/><D103/><U119/><REACH who="1" step="1"/><E44/><REACH who="1" ten="250,230,240,270" step="2"/><V15/><F41/><W38/><G46/><T97/><D40/><U115/><E115/><V33/><F33/><W109/><G109/><T21/><D79/><U70/><E70/><N who="2" m="26667" /><F90/><W135/><G77/><T6/><D120/><U117/><AGARI ba="0,1" hai="16,19,20,23,28,29,54,55,93,94,100,102,117,119" machi="117" ten="25,18000,2" yaku="1,1,0,1,22,2,54,1,53,2" doraHai="67" doraHaiUra="51" who="1" fromWho="1" sc="250,-60,230,190,240,-60,270,-60" /><INIT seed="1,1,0,4,5,124" ten="190,420,180,210" oya="1" hai0="16,56,111,20,84,18,96,25,60,51,6,58,46" hai1="119,115,123,131,26,93,38,10,15,13,11,59,132" hai2="90,109,126,22,68,69,94,41,134,3,43,5,49" hai3="129,118,44,42,86,52,64,130,99,7,19,112,101"/><U114/><E38/><V36/><F126/><W75/><G75/><T57/><D111/><U79/><E123/><V113/><F109/><W53/><G112/><T61/><D6/><U37/><E37/><V45/><F113/><W73/><G73/><T81/><D96/><U106/><E106/><V28/><F134/><W85/><G7/><T24/><D18/><U77/><E119/><V97/><F5/><W125/><G125/><T8/><D8/><U78/><E132/><V95/><F3/><W88/><G64/><T107/><D107/><U108/><E108/><V66/><F66/><W4/><G4/><T80/><D25/><U39/><E39/><V71/><F36/><W122/><G122/><T127/><D127/><U32/><E59/><V0/><F0/><W48/><G118/><T103/><D103/><U87/><E11/><V105/><F105/><W30/><G30/><T54/><REACH who="0" step="1"/><D81/><REACH who="0" ten="180,420,180,210" step="2"/><U133/><E10/><V92/><REACH who="2" step="1"/><F43/><REACH who="2" ten="180,420,170,210" step="2"/><W104/><G19/><T55/><D55/><U34/><E133/><V62/><F62/><W14/><G14/><T135/><D135/><U9/><E15/><V98/><F98/><W76/><G86/><T35/><D35/><U83/><E34/><V89/><F89/><AGARI ba="1,2" hai="16,20,24,46,51,54,56,57,58,60,61,80,84,89" machi="89" ten="40,5200,0" yaku="1,1,8,1,54,1,53,0" doraHai="124" doraHaiUra="100" who="0" fromWho="2" sc="180,75,420,0,170,-55,210,0" /><BYE who="2" /><UN n2="%E9%9F%93%E8%A1%9B%E9%9D%92" /><INIT seed="2,0,0,4,1,49" ten="255,420,115,210" oya="2" hai0="24,126,66,73,46,74,102,106,124,22,41,105,107" hai1="58,103,134,0,76,31,135,1,90,128,5,39,15" hai2="131,43,93,26,121,11,34,63,116,30,77,53,115" hai3="61,42,62,38,120,16,52,21,57,122,12,6,56"/><V10/><F115/><W35/><G35/><T117/><D66/><U123/><E39/><V44/><F116/><W2/><G2/><T78/><D102/><U109/><E109/><V59/><F121/><W14/><G6/><T87/><D117/><U37/><E37/><V8/><F131/><W18/><G38/><N who="0" m="21815" /><D87/><U65/><E128/><V19/><F77/><W85/><G85/><T83/><D74/><U48/><E76/><V27/><F93/><W119/><G42/><T80/><D80/><U133/><E103/><V118/><F118/><W97/><G97/><T114/><D114/><U20/><E90/><V60/><F60/><W92/><G92/><T47/><D47/><U72/><E72/><V89/><F89/><W75/><G75/><T79/><D79/><U100/><E100/><V54/><F43/><W132/><G132/><T112/><D112/><U32/><E32/><V13/><REACH who="2" step="1"/><F27/><REACH who="2" ten="255,420,105,210" step="2"/><W40/><G119/><T130/><D130/><U127/><E123/><V28/><F28/><W98/><G40/><T94/><D94/><U64/><E31/><V108/><F108/><W71/><G98/><T129/><D129/><U86/><E134/><V17/><F17/><W104/><G104/><T82/><D82/><U96/><E133/><V67/><F67/><W23/><G71/><T36/><D36/><U110/><E135/><V81/><F81/><W91/><G91/><T95/><D95/><U33/><E110/><V29/><F29/><W45/><G45/><T25/><D24/><U125/><E96/><V101/><F101/><W84/><G84/><T99/><D99/><RYUUKYOKU ba="0,1" sc="255,10,420,-30,105,10,210,10" hai0="22,25,73,78,83,105,106,107,124,126" hai2="8,10,11,13,19,26,30,34,44,53,54,59,63" hai3="12,14,16,18,21,23,52,56,57,61,62,120,122" /><INIT seed="2,1,1,4,0,42" ten="265,390,115,220" oya="2" hai0="33,44,38,119,113,50,40,41,83,57,124,56,27" hai1="8,35,100,36,129,18,61,88,11,52,128,74,108" hai2="65,97,110,120,109,76,87,99,78,86,28,30,0" hai3="62,115,107,68,81,49,126,117,85,23,15,19,12"/><V104/><F0/><W95/><G107/><T112/><D33/><U14/><E35/><V134/><F65/><W58/><G117/><T91/><D27/><U84/><E74/><V73/><F120/><W39/><G39/><T25/><D25/><U72/><E72/><V22/><F22/><W118/><G118/><T123/><D119/><U103/><E36/><V60/><F60/><W3/><G3/><T105/><D105/><U67/><E11/><V5/><F5/><W26/><G126/><T101/><D101/><U82/><E108/><N who="2" m="41579" /><F73/><W6/><G115/><T17/><D123/><U66/><E129/><V70/><F70/><W10/><G95/><T121/><D121/><U127/><E128/><V46/><F46/><W54/><G68/><T80/><D44/><U106/><E127/><V16/><F16/><W90/><G26/><T92/><D17/><U116/><E116/><V7/><F7/><W94/><G94/><T59/><D124/><U77/><E106/><V45/><F45/><W89/><REACH who="3" step="1"/><G62/><REACH who="3" ten="265,390,115,210" step="2"/><T130/><D130/><U114/><E114/><V64/><F64/><W55/><G55/><T32/><D112/><U63/><E67/><V24/><F134/><W71/><G71/><T34/><D113/><U43/><E66/><V9/><F9/><W135/><G135/><T133/><D133/><U131/><E61/><V29/><F24/><W93/><G93/><T13/><D92/><U111/><E63/><V98/><F104/><W96/><G96/><N who="2" m="24577" /><V79/><AGARI ba="1,2" hai="28,29,30,76,78,79,86,87" m="24577,41579" machi="79" ten="50,12000,1" yaku="4,1,28,2,14,1,10,1" doraHai="42" who="2" fromWho="2" sc="265,-41,390,-41,115,143,210,-41" /><INIT seed="2,2,0,2,1,95" ten="224,349,258,169" oya="2" hai0="105,63,91,118,15,41,102,46,39,13,92,14,64" hai1="25,84,81,77,80,78,8,94,126,27,76,71,108" hai2="47,18,112,17,97,110,42,53,90,60,74,9,40" hai3="69,51,116,79,125,22,70,19,3,122,10,16,106"/><V88/><F112/><W66/><G122/><T121/><D121/><U87/><E71/><V127/><F74/><W114/><G116/><T115/><D115/><U123/><E108/><V82/><F110/><W61/><G114/><T56/><D118/><U132/><E132/><V30/><F127/><W57/><G125/><T54/><D105/><U99/><E126/><V133/><F133/><W11/><G106/><T62/><D102/><N who="1" m="60791" /><E123/><V65/><F30/><W33/><G33/><T75/><D75/><U0/><E0/><V23/><F9/><W6/><G79/><T134/><D134/><U68/><E68/><V98/><F17/><W44/><G11/><T35/><D35/><U128/><E128/><V1/><F1/><W26/><REACH who="3" step="1"/><G19/><REACH who="3" ten="224,349,258,159" step="2"/><T124/><D124/><U45/><E8/><V48/><F18/><W86/><G86/><T7/><D7/><U36/><E77/><V109/><F109/><W111/><G111/><T101/><D13/><U104/><E104/><V5/><F5/><W120/><G120/><T59/><D101/><U58/><E84/><AGARI ba="2,1" hai="14,15,39,41,46,54,56,59,62,63,64,84,91,92" machi="84" ten="30,1000,0" yaku="7,1" doraHai="95" who="0" fromWho="1" sc="224,26,349,-16,258,0,159,0" /><INIT seed="3,0,0,3,4,37" ten="250,333,258,159" oya="3" hai0="81,97,104,45,8,64,84,100,15,20,113,80,121" hai1="23,25,1,131,122,86,18,53,68,55,17,38,39" hai2="120,56,111,27,101,72,90,106,30,114,75,129,48" hai3="0,19,108,47,79,124,44,119,125,132,89,35,58"/><W61/><G119/><T95/><D121/><U26/><E122/><V13/><F120/><W42/><G35/><T76/><D113/><U105/><E1/><V123/><F123/><W88/><G132/><T32/><D32/><U51/><E105/><V3/><F3/><W96/><G0/><T10/><D64/><U103/><E68/><V12/><F114/><W63/><G79/><T107/><D20/><U4/><E4/><V21/><F111/><W43/><G108/><T46/><D8/><U77/><E103/><V6/><F129/><W134/><G134/><T41/><D45/><N who="3" m="17481" /><G19/><T87/><D87/><U60/><E60/><N who="3" m="23114" /><G58/><T78/><D81/><U73/><E73/><V74/><F6/><W94/><G89/><T118/><D78/><U102/><E131/><V82/><F82/><W9/><G9/><T133/><D118/><U135/><E135/><V11/><F90/><W62/><N who="3" m="23122" /><W40/><AGARI ba="0,0" hai="40,42,43,88,94,96,124,125" m="23122,17481" machi="40" ten="40,12000,1" yaku="4,1,52,3,54,1" doraHai="37" who="3" fromWho="3" sc="250,-40,333,-40,258,-40,159,120" /><INIT seed="3,1,0,3,1,30" ten="210,293,218,279" oya="3" hai0="133,103,114,37,46,49,90,119,4,50,107,22,78" hai1="128,55,34,13,91,106,56,45,23,124,130,35,8" hai2="123,108,54,74,81,32,44,94,7,61,110,105,72" hai3="132,69,75,101,129,2,98,126,118,16,12,82,125"/><W76/><G118/><T19/><D119/><U18/><E106/><V68/><F105/><W9/><G132/><T95/><D133/><U86/><E124/><N who="3" m="47722" /><G69/><T89/><D78/><U117/><E117/><V66/><F123/><W99/><G129/><N who="1" m="49770" /><E45/><V41/><F7/><N who="3" m="1271" /><G101/><T92/><D4/><U27/><E55/><V97/><F54/><W71/><G71/><T120/><D120/><U21/><E56/><V87/><F32/><N who="1" m="12329" /><E27/><V59/><F59/><W58/><G58/><T25/><D114/><U127/><E127/><V135/><F68/><W113/><G113/><T26/><D107/><U53/><E53/><V115/><F115/><W111/><G111/><T47/><D37/><U33/><N who="1" m="12337" /><U63/><DORA hai="100" /><E63/><V24/><F61/><W93/><G93/><AGARI ba="1,0" hai="8,13,18,21,23,86,91,93" m="12337,49770" machi="93" ten="40,8000,1" yaku="19,1,52,4" doraHai="30,100" who="1" fromWho="3" sc="210,0,293,83,218,0,279,-83" owari="210,-19.0,376,47.0,218,2.0,196,-30.0" /></mjloggm>