<mjloggm ver="2.3"><GO type="169" lobby="0"/><UN n0="%E3%82%AD%E3%83%B3%E3%82%B0%E3%81%82%E3%81%A4%E3%81%97" n1="%E3%82%82%E3%83%BC%E3%82%8A%E3%83%BC" n2="%63%6C%75%74%63%68%37%33" n3="%7A%6F%6F%31%39%36%34" dan="17,16,17,18" rate="2203.73,2201.17,2175.12,2232.03" sx="M,M,M,M"/><TAIKYOKU oya="0"/><INIT seed="0,0,0,0,3,81" ten="250,250,250,250" oya="0" hai0="58,88,21,34,47,78,114,84,48,0,49,61,91" hai1="94,14,108,52,123,124,133,62,87,8,121,65,36" hai2="55,46,32,17,2,125,99,41,109,28,132,127,60" hai3="101,29,67,98,97,51,122,15,120,50,119,131,56"/><T1/><D114/><U85/><E36/><V7/><F109/><W3/><G3/><T16/><D34/><U11/><E108/><V19/><F132/><W23/><G119/><T105/><D105/><U72/><E72/><V110/><F110/><W30/><G131/><T37/><D37/><U25/><E133/><V118/><F118/><W38/><G38/><T128/><D128/><U90/><E124/><V39/><F2/><W40/><G98/><T45/><D1/><U73/><E73/><V42/><F42/><W111/><G111/><T59/><D0/><U9/><E14/><V103/><F7/><W22/><G22/><T6/><D78/><U80/><E25/><N who="2" m="18447" /><F55/><W18/><G30/><T24/><D6/><U44/><E44/><N who="0" m="16969" /><D91/><U79/><REACH who="1" step="1"/><E52/><REACH who="1" ten="250,240,250,250" step="2"/><V20/><F127/><W27/><G40/><T76/><D76/><U13/><E13/><V53/><F125/><W100/><G122/><T130/><D130/><U5/><E5/><V92/><F53/><W31/><G120/><T135/><D135/><U134/><E134/><V71/><F46/><W95/><G15/><T43/><D43/><U104/><E104/><V63/><F41/><W74/><G74/><T64/><D59/><AGARI ba="0,1" hai="8,9,11,59,62,65,79,80,85,87,90,94,121,123" machi="59" ten="40,8000,1" yaku="1,1,52,2,53,1" doraHai="81" doraHaiUra="57" who="1" fromWho="0" sc="250,-80,240,90,250,0,250,0" /><INIT seed="1,0,0,1,1,76" ten="170,330,250,250" oya="1" hai0="72,25,32,111,65,127,22,75,31,62,60,94,56" hai1="97,49,93,33,0,126,120,124,108,101,133,52,24" hai2="116,83,106,82,128,48,58,110,96,103,57,89,3" hai3="70,19,77,9,112,1,34,46,18,54,92,109,113"/><U41/><E120/><V117/><F3/><W43/><G70/><T104/><D111/><U27/><E0/><V86/><F110/><W21/><G34/><T61/><D127/><N who="1" m="48683" /><E108/><V28/><F128/><W7/><G109/><T74/><D104/><U107/><E133/><V35/><F35/><W14/><G54/><T11/><D32/><U15/><E41/><V119/><F28/><W2/><G2/><T51/><D51/><U81/><E33/><V79/><REACH who="2" step="1"/><F48/><REACH who="2" ten="170,330,240,250" step="2"/><W131/><G131/><T53/><D65/><U73/><E107/><V6/><F6/><W100/><G1/><T68/><D31/><U80/><E73/><AGARI ba="0,1" hai="57,58,73,79,82,83,86,89,96,103,106,116,117,119" machi="73" ten="40,5200,0" yaku="1,1,52,2,53,0" doraHai="76" doraHaiUra="59" who="2" fromWho="1" sc="170,0,330,-52,240,62,250,0" /><INIT seed="2,0,0,0,3,101" ten="170,278,302,250" oya="2" hai0="7,87,47,30,53,54,50,103,126,45,88,78,106" hai1="105,5,12,34,74,123,72,94,134,116,32,121,80" hai2="100,118,75,98,93,28,33,111,128,18,131,113,11" hai3="21,60,20,40,6,22,58,109,49,52,61,19,62"/><V2/><F118/><W64/><G109/><T124/><D30/><U55/><E116/><V79/><F113/><W107/><G107/><T39/><D7/><U125/><E55/><V127/><F127/><N who="0" m="48682" /><D78/><U130/><E125/><V99/><F111/><W17/><G6/><T95/><D39/><U108/><E108/><V1/><F79/><W41/><REACH who="3" step="1"/><G64/><REACH who="3" ten="170,278,302,240" step="2"/><T68/><D68/><U90/><E105/><V70/><F70/><W73/><G73/><T86/><D86/><U56/><E5/><V14/><F75/><W35/><G35/><T115/><D115/><U13/><E32/><V27/><REACH who="2" step="1"/><F99/><REACH who="2" ten="170,278,292,240" step="2"/><W48/><G48/><T117/><D117/><U8/><E74/><V44/><F44/><N who="0" m="16970" /><D50/><U23/><E72/><V92/><F92/><W122/><G122/><T97/><AGARI ba="0,2" hai="53,54,87,88,95,97,103,106" m="16970,48682" machi="97" ten="30,4000,0" yaku="18,1,52,1,54,1" doraHai="101" who="0" fromWho="0" sc="170,60,278,-10,292,-20,240,-10" /><INIT seed="3,0,0,1,0,51" ten="230,268,272,230" oya="3" hai0="22,94,60,87,102,90,112,71,54,16,101,109,3" hai1="20,45,79,50,34,48,21,130,18,107,66,116,64" hai2="29,120,47,91,30,38,55,58,113,84,10,2,13" hai3="56,1,32,23,132,124,122,131,59,37,61,85,134"/><W7/><G122/><T67/><D109/><U49/><E116/><V83/><F2/><W52/><G32/><T25/><D3/><U125/><E34/><V68/><F113/><W121/><G121/><T98/><D112/><U73/><E107/><V17/><F68/><W117/><G117/><T89/><REACH who="0" step="1"/><D54/><REACH who="0" ten="220,268,272,230" step="2"/><U5/><E130/><V42/><REACH who="2" step="1"/><F120/><REACH who="2" ten="220,268,262,230" step="2"/><W129/><G131/><T44/><D44/><U27/><E45/><V19/><F19/><W12/><G129/><T40/><D40/><U119/><E119/><V111/><F111/><W6/><G1/><T69/><D69/><U128/><E128/><V63/><AGARI ba="0,2" hai="10,13,17,29,30,38,42,47,55,58,63,83,84,91" machi="63" ten="20,8000,1" yaku="1,1,0,1,7,1,52,1,53,1" doraHai="51" doraHaiUra="8" who="2" fromWho="2" sc="220,-20,268,-20,262,100,230,-40" /><INIT seed="4,0,0,2,1,42" ten="200,248,362,190" oya="0" hai0="115,20,72,14,126,10,2,6,61,1,38,44,132" hai1="133,4,3,13,21,93,59,39,81,41,105,9,94" hai2="64,55,91,97,79,0,107,129,82,85,32,35,51" hai3="52,78,25,18,11,23,12,29,108,49,73,60,36"/><T34/><D72/><U98/><E105/><V65/><F0/><W90/><G108/><T28/><D115/><U70/><E70/><V80/><F129/><W69/><G36/><T57/><D126/><U96/><E133/><V100/><F35/><W84/><G73/><T103/><D132/><U68/><E68/><V37/><F37/><W75/><G75/><T7/><D34/><U62/><E81/><V40/><F40/><W74/><G74/><T123/><D123/><U125/><E125/><V58/><F32/><W24/><G24/><T27/><D7/><U118/><E118/><V86/><AGARI ba="0,0" hai="51,55,58,64,65,79,80,82,85,86,91,97,100,107" machi="86" ten="20,1500,0" yaku="0,1,7,1" doraHai="42" who="2" fromWho="2" sc="200,-7,248,-4,362,15,190,-4" /><INIT seed="5,0,0,0,3,5" ten="193,244,377,186" oya="1" hai0="42,121,48,45,53,18,69,66,25,135,94,123,76" hai1="74,97,110,50,104,88,30,112,32,7,98,103,38" hai2="68,102,35,86,56,87,105,41,9,75,61,128,3" hai3="37,10,89,57,127,111,117,80,4,122,126,95,109"/><U118/><E38/><V26/><F75/><W63/><G122/><N who="0" m="46603" /><D135/><U134/><E118/><V12/><F3/><W116/><G37/><T0/><D0/><U34/><E74/><V91/><F41/><W21/><G80/><T47/><D76/><U59/><E134/><V130/><F68/><W124/><G21/><N who="0" m="13495" /><D94/><U8/><E112/><V133/><F102/><W13/><G109/><T101/><D101/><U24/><E110/><V132/><F105/><W49/><G111/><T55/><D47/><U16/><E34/><V15/><F15/><W71/><G71/><T77/><D77/><U19/><E50/><V125/><F125/><W6/><G49/><T129/><D129/><N who="2" m="49770" /><F26/><W60/><G4/><T78/><D78/><U20/><E59/><V106/><F35/><W28/><G28/><T84/><D84/><U14/><REACH who="1" step="1"/><E32/><REACH who="1" ten="193,234,377,186" step="2"/><V81/><F133/><W52/><REACH who="3" step="1"/><G63/><AGARI ba="0,1" hai="42,45,48,53,55,63,66,69" m="13495,46603" machi="63" ten="30,1000,0" yaku="13,1" doraHai="5" who="0" fromWho="3" sc="193,20,234,0,377,0,186,-10" /><INIT seed="6,0,0,5,3,6" ten="213,234,377,176" oya="2" hai0="86,128,70,35,40,77,116,31,127,97,123,14,34" hai1="11,115,78,36,7,23,19,104,125,88,89,126,49" hai2="131,105,92,134,46,20,1,118,130,121,91,29,33" hai3="21,82,50,81,44,100,57,59,102,72,4,68,41"/><V12/><F105/><W62/><G68/><T3/><D123/><U18/><E36/><V67/><F1/><W93/><G59/><T51/><D3/><U113/><E104/><V110/><F110/><W107/><G107/><T80/><D70/><U135/><E78/><V79/><F79/><W69/><G72/><T119/><D127/><N who="1" m="48651" /><E135/><V117/><F33/><W2/><G69/><T65/><D65/><U75/><E75/><V25/><F121/><W17/><G4/><T9/><D128/><U37/><E37/><V53/><F67/><W30/><G2/><T99/><D40/><U55/><E7/><V56/><F46/><W96/><G102/><T124/><D51/><U22/><E22/><V111/><F111/><W114/><G114/><N who="1" m="43530" /><E11/><V15/><F134/><W54/><REACH who="3" step="1"/><G30/><REACH who="3" ten="213,234,377,166" step="2"/><T109/><D124/><U122/><E122/><V58/><F29/><W27/><AGARI ba="0,1" hai="17,21,27,41,44,50,54,57,62,81,82,93,96,100" machi="27" ten="20,12000,2" yaku="1,1,2,1,0,1,7,1,8,1,53,1" doraHai="6" doraHaiUra="13" who="3" fromWho="3" sc="213,-30,234,-30,377,-60,166,130" /><INIT seed="7,0,0,3,0,82" ten="183,204,317,296" oya="3" hai0="51,61,2,22,131,107,110,68,105,135,54,125,119" hai1="79,94,88,132,7,26,99,1,64,134,111,117,85" hai2="65,123,92,98,39,77,89,101,45,0,13,112,21" hai3="72,55,76,19,35,100,18,57,38,14,127,31,12"/><W74/><G38/><T69/><D2/><U102/><E111/><V121/><F0/><W86/><G100/><T103/><D110/><U52/><E64/><V46/><F112/><W17/><G127/><T42/><D119/><U128/><E128/><V133/><F133/><N who="1" m="51305" /><E79/><V48/><F77/><W53/><G35/><T104/><D135/><U70/><E70/><N who="0" m="27241" /><D103/><U63/><E117/><V129/><F129/><W6/><G31/><T56/><D131/><U16/><E1/><V130/><F130/><W28/><G28/><T81/><D81/><U67/><E67/><V62/><F39/><W95/><G74/><T3/><D3/><U9/><E7/><V8/><F21/><W36/><G36/><T118/><D118/><U44/><E44/><V15/><F46/><W97/><G72/><T41/><D22/><N who="1" m="13639" /><E9/><V116/><F8/><N who="3" m="4119" /><G14/><T29/><D29/><U60/><E52/><N who="3" m="20042" /><G57/><T122/><D122/><N who="2" m="46602" /><F116/><W58/><G58/><T93/><D125/><U40/><E40/><N who="2" m="24615" /><F101/><N who="3" m="60607" /><G76/><T75/><D75/><U80/><AGARI ba="0,0" hai="60,63,80,85,88,94,99,102" m="13639,51305" machi="80" ten="30,7900,0" yaku="20,1,52,1,54,2" doraHai="82" who="1" fromWho="1" sc="183,-20,204,79,317,-20,296,-39" /><INIT seed="8,0,0,0,0,59" ten="163,283,297,257" oya="0" hai0="40,33,116,88,114,99,39,10,102,37,74,112,103" hai1="109,35,134,67,22,36,101,61,47,104,133,4,1" hai2="12,11,23,38,58,83,15,135,123,25,57,44,16" hai3="130,111,34,128,76,100,9,84,51,14,62,119,121"/><T132/><D33/><U63/><E35/><V43/><F123/><W70/><G111/><T118/><D74/><U92/><E109/><V17/><F135/><N who="1" m="51721" /><E104/><V49/><F38/><N who="0" m="14346" /><D40/><N who="1" m="22919" /><E22/><N who="2" m="11527" /><F83/><N who="3" m="47207" /><G121/><T106/><D132/><U87/><E67/><V115/><F115/><N who="0" m="44074" /><D10/><N who="1" m="2319" /><E101/><V96/><F96/><W81/><G100/><N who="0" m="62751" /><D88/><AGARI ba="0,0" hai="61,63,87,88,92" m="2319,22919,51721" machi="88" ten="30,7700,0" yaku="20,1,52,2,54,1" doraHai="59" who="1" fromWho="0" sc="163,-77,283,77,297,0,257,0" owari="86,-41.0,360,45.0,297,10.0,257,-14.0" /></mjloggm>