<mjloggm ver="2.3"><GO type="185" lobby="0"/><UN n0="%30%30%73%61%69" n1="%E3%81%9F%E3%82%93%E3%82%86%E3%81%86" n2="%44%75%73%6B" n3="" dan="16,16,16,0" rate="2246.70,2230.85,2184.85,1500.00" sx="M,F,M,C"/><TAIKYOKU oya="0"/><INIT seed="0,0,0,3,5,85" ten="350,350,350,0" oya="0" hai0="90,106,76,81,58,83,54,68,79,80,116,101,42" hai1="50,98,77,111,130,96,48,91,44,131,110,61,107" hai2="47,125,35,105,34,39,53,113,0,135,118,129,55" hai3=""/><T93/><D68/><U46/><E77/><V115/><RYUUKYOKU type="yao9" ba="0,0" sc="350,0,350,0,350,0,0,0" hai2="0,34,35,39,47,53,55,105,113,115,118,125,129,135" /><INIT seed="0,1,0,4,2,125" ten="350,350,350,0" oya="0" hai0="121,112,92,93,75,39,102,41,99,126,72,135,35" hai1="130,64,77,128,83,67,88,73,55,65,74,38,115" hai2="84,109,94,63,89,90,80,62,45,69,116,120,91" hai3=""/><T0/><N who="0" m="31008" /><T59/><D0/><U103/><E38/><V48/><N who="2" m="30752" /><V95/><F109/><T2/><D2/><U54/><E115/><V46/><F116/><T58/><D35/><U66/><N who="1" m="16384" /><DORA hai="132" /><U101/><E74/><V61/><F69/><T123/><D41/><U87/><E103/><V81/><F48/><T70/><D99/><U53/><REACH who="1" step="1"/><E101/><REACH who="1" ten="350,340,350,0" step="2"/><V1/><F1/><T113/><N who="0" m="31520" /><T42/><D102/><U50/><E50/><V107/><F107/><T68/><D39/><U134/><E134/><V118/><F118/><T108/><D135/><U133/><E133/><V119/><F119/><T106/><D106/><U49/><E49/><V85/><REACH who="2" step="1"/><F90/><REACH who="2" ten="350,340,340,0" step="2"/><T79/><D112/><U111/><E111/><V122/><N who="2" m="31264" /><V57/><F57/><T43/><D113/><U34/><E34/><V36/><F36/><T117/><D108/><U47/><E47/><AGARI ba="1,2" hai="45,46,47,61,62,63,80,81,84,85,89,91,94,95" m="31264,30752" machi="47" ten="40,12000,2" yaku="1,1,9,1,8,1,52,2,53,2" doraHai="125,132" doraHaiUra="82,51" who="2" fromWho="1" sc="350,0,340,-122,340,142,0,0" /><INIT seed="1,0,0,3,1,110" ten="350,218,482,0" oya="1" hai0="127,34,54,44,77,93,58,84,87,56,52,123,79" hai1="48,82,71,83,60,37,105,49,107,50,80,114,109" hai2="91,101,39,59,106,46,96,51,121,102,32,122,68" hai3=""/><U89/><E37/><V76/><N who="2" m="31008" /><V92/><N who="2" m="31264" /><V131/><F68/><T61/><N who="0" m="31520" /><T98/><D127/><U103/><E109/><V0/><F0/><T90/><D34/><U45/><E45/><V119/><F119/><T120/><N who="0" m="30752" /><T99/><D44/><U100/><E89/><V133/><F32/><T74/><D74/><U72/><E72/><V126/><F126/><T38/><D38/><U95/><E95/><V88/><F133/><T78/><REACH who="0" step="1"/><D87/><REACH who="0" ten="340,218,482,0" step="2"/><U57/><E71/><V43/><F39/><T47/><D47/><U70/><E70/><V125/><F125/><T116/><D116/><U86/><E86/><V104/><F46/><T132/><D132/><U111/><E111/><V108/><F108/><T35/><D35/><U66/><REACH who="1" step="1"/><E114/><REACH who="1" ten="340,208,482,0" step="2"/><V124/><F124/><T42/><D42/><U40/><E40/><V135/><F135/><T55/><D55/><U73/><E73/><V118/><F43/><T62/><AGARI ba="0,2" hai="52,54,56,58,61,62,77,78,79,84,90,93,98,99" m="30752,31520" machi="62" ten="30,9000,2" yaku="1,1,0,1,9,1,8,1,52,2,54,1,53,0" doraHai="110" doraHaiUra="36" who="0" fromWho="0" sc="340,110,208,-60,482,-30,0,0" /><INIT seed="2,0,0,4,0,41" ten="450,148,452,0" oya="2" hai0="84,50,89,0,94,120,127,109,53,116,88,118,48" hai1="59,119,100,97,106,52,77,85,55,87,95,75,45" hai2="103,34,115,83,71,36,101,49,131,58,122,128,123" hai3=""/><V76/><N who="2" m="31264" /><V79/><N who="2" m="31520" /><V86/><F71/><T35/><N who="0" m="30752" /><T130/><D0/><U93/><E119/><V74/><F36/><T70/><D35/><U66/><E75/><V32/><F115/><T133/><D70/><U69/><E69/><V117/><F117/><T78/><D116/><U37/><E37/><V80/><F34/><T62/><D118/><U42/><E66/><V110/><F32/><T98/><D78/><U90/><E42/><V57/><F110/><T132/><D109/><U33/><E33/><V67/><F67/><T91/><D62/><U40/><E77/><V112/><F112/><T1/><D48/><U121/><N who="1" m="31008" /><U73/><E73/><V81/><F81/><T107/><D1/><U39/><E59/><N who="2" m="22539" /><F49/><T3/><D50/><U99/><E87/><V47/><F47/><T102/><D3/><U51/><REACH who="1" step="1"/><E39/><REACH who="1" ten="450,138,452,0" step="2"/><V68/><F68/><T114/><D84/><U54/><E54/><V104/><F86/><T38/><D53/><U105/><E105/><V61/><F76/><T2/><D38/><U44/><E44/><V135/><F79/><T129/><D2/><U92/><E92/><V72/><F74/><T64/><D64/><U126/><E126/><V125/><F72/><RYUUKYOKU ba="0,1" sc="450,-10,138,20,452,-10,0,0" hai1="40,45,51,52,55,85,90,93,95,97,99,100,106" /><INIT seed="4,1,1,2,1,55" ten="440,158,442,0" oya="0" hai0="63,38,61,67,134,85,76,131,84,47,82,125,40" hai1="71,52,58,65,91,1,35,113,57,92,79,60,100" hai2="96,109,49,129,45,108,98,123,102,128,99,54,44" hai3=""/><T64/><D131/><N who="2" m="50250" /><F45/><T75/><D134/><U74/><E1/><V115/><N who="2" m="31520" /><V118/><F118/><T120/><N who="0" m="30752" /><T69/><REACH who="0" step="1"/><D125/><REACH who="0" ten="430,158,442,0" step="2"/><U53/><E35/><V32/><F32/><T111/><D111/><N who="2" m="42570" /><F115/><T110/><D110/><U116/><E113/><V68/><F68/><AGARI ba="1,2" hai="38,40,47,61,63,64,67,68,69,75,76,82,84,85" m="30752" machi="68" ten="30,18000,2" yaku="1,1,7,1,9,1,52,1,53,2" doraHai="55" doraHaiUra="56" who="0" fromWho="2" sc="430,202,158,0,442,-182,0,0" /><INIT seed="4,2,0,5,5,47" ten="632,158,260,0" oya="0" hai0="37,109,99,46,55,83,126,0,72,101,81,130,119" hai1="88,2,125,57,92,59,62,65,123,129,133,74,108" hai2="69,103,134,110,51,95,38,106,76,49,39,77,61" hai3=""/><T45/><D0/><U131/><N who="1" m="31520" /><U122/><N who="1" m="31264" /><U1/><E74/><V48/><F134/><T66/><D119/><U35/><E35/><V34/><F34/><T120/><D66/><U84/><E108/><V80/><F106/><T97/><D37/><U78/><E133/><V113/><F113/><T94/><D55/><U75/><E125/><V89/><F110/><T118/><D109/><U54/><E78/><V100/><F69/><T52/><D52/><U60/><REACH who="1" step="1"/><E75/><REACH who="1" ten="632,148,260,0" step="2"/><V112/><F112/><T71/><N who="0" m="30752" /><T96/><D72/><U73/><E73/><V127/><F127/><T115/><D126/><U41/><E41/><V124/><F124/><T93/><D115/><U116/><E116/><V68/><F77/><T58/><D118/><U85/><E85/><V56/><F76/><T102/><D97/><U107/><E107/><V70/><F39/><T105/><D105/><U104/><E104/><V36/><F38/><T79/><D79/><U53/><E53/><V111/><F36/><T91/><D99/><U117/><E117/><V114/><F111/><T42/><D42/><U33/><E33/><V82/><F114/><T87/><D96/><U44/><E44/><V50/><F100/><T121/><D101/><RYUUKYOKU ba="2,1" sc="632,-10,148,20,260,-10,0,0" hai1="1,2,54,57,59,60,62,65,84,88,92,129,131" /><INIT seed="5,3,1,3,0,99" ten="622,168,250,0" oya="1" hai0="125,36,35,131,70,117,98,124,38,118,96,82,50" hai1="76,89,51,92,41,126,95,60,40,127,128,87,97" hai2="49,114,3,120,55,123,78,77,133,64,53,115,67" hai3=""/><U83/><E128/><V88/><N who="2" m="30752" /><V74/><N who="2" m="31520" /><V81/><F3/><T104/><D35/><U109/><E109/><V61/><F133/><T111/><D111/><U106/><E106/><V108/><F108/><T42/><D70/><U44/><E60/><V129/><F129/><T45/><D131/><U69/><E69/><V90/><F77/><T71/><D71/><U121/><N who="1" m="31008" /><U86/><REACH who="1" step="1"/><E41/><REACH who="1" ten="622,158,250,0" step="2"/><V91/><F61/><T79/><D104/><U43/><E43/><V101/><F53/><T32/><D42/><U66/><E66/><V132/><F132/><T1/><D1/><U122/><N who="1" m="31264" /><U33/><E33/><V119/><F64/><T48/><D32/><U73/><E73/><V39/><F67/><T34/><D34/><U85/><E85/><V75/><F75/><T102/><D117/><U110/><E110/><V58/><F119/><T135/><D118/><U100/><AGARI ba="3,2" hai="40,44,51,76,83,86,87,89,92,95,97,100,126,127" m="31264,31008" machi="100" ten="30,12000,2" yaku="1,1,0,1,52,3,53,1" doraHai="99" doraHaiUra="93" who="1" fromWho="1" sc="622,-63,158,146,250,-63,0,0" /><INIT seed="5,4,0,1,4,68" ten="559,304,187,0" oya="1" hai0="33,63,113,74,71,44,116,104,99,110,69,66,121" hai1="53,131,77,130,73,82,49,34,54,79,93,57,102" hai2="135,123,52,118,98,64,60,101,92,134,95,111,2" hai3=""/><U42/><E34/><V117/><N who="2" m="31520" /><V37/><F2/><T126/><N who="0" m="31008" /><T94/><D104/><U106/><E79/><V89/><F37/><T61/><D33/><U40/><E106/><V35/><F35/><T55/><D74/><U51/><E102/><V129/><F129/><N who="1" m="49161" /><E93/><V59/><F111/><T41/><D110/><U75/><E75/><V62/><F134/><T36/><D113/><U90/><E90/><V47/><F47/><AGARI ba="4,0" hai="40,42,47,49,51,53,54,57,73,77,82" m="49161" machi="47" ten="30,1500,0" yaku="19,1" doraHai="68" who="1" fromWho="2" sc="559,0,304,23,187,-23,0,0" /><INIT seed="5,5,0,5,4,67" ten="559,327,164,0" oya="1" hai0="68,121,89,45,62,98,107,116,44,125,106,52,90" hai1="104,51,84,43,128,81,105,127,108,123,132,54,95" hai2="72,58,40,120,37,82,118,70,1,50,87,64,61" hai3=""/><U131/><N who="1" m="31520" /><U97/><E43/><V86/><N who="2" m="30752" /><V38/><F1/><T78/><N who="0" m="31008" /><T0/><D0/><U124/><E54/><V59/><F118/><T133/><D78/><U69/><E51/><V91/><F72/><T114/><D116/><U48/><E48/><V71/><F86/><T96/><D62/><U60/><E60/><V34/><F34/><T33/><D33/><U39/><E69/><V113/><F113/><T55/><D114/><U77/><E39/><V2/><F2/><T76/><D76/><U65/><E65/><V3/><F3/><T92/><D92/><U36/><E36/><V66/><F40/><T80/><D80/><U119/><E119/><V56/><REACH who="2" step="1"/><F50/><REACH who="2" ten="559,327,154,0" step="2"/><T103/><D96/><U85/><E85/><V109/><F109/><T101/><D98/><U75/><E108/><V134/><F134/><T99/><D99/><U93/><E132/><V117/><F117/><T88/><D133/><U49/><E49/><V100/><F100/><T102/><D101/><U135/><E135/><V47/><F47/><T57/><D102/><U115/><E75/><V129/><F129/><N who="1" m="49737" /><E97/><V111/><F111/><T46/><D44/><U42/><E42/><V79/><F79/><T126/><D45/><RYUUKYOKU ba="5,1" sc="559,-10,327,-10,154,20,0,0" hai2="37,38,56,58,59,61,64,66,70,71,82,87,91" /><INIT seed="6,6,1,1,0,90" ten="549,317,174,0" oya="2" hai0="128,60,131,111,88,43,32,34,80,76,58,64,35" hai1="70,54,119,85,129,67,125,84,96,42,94,89,122" hai2="91,115,133,38,102,118,44,1,61,75,104,92,72" hai3=""/><V120/><N who="2" m="30752" /><V81/><F118/><T37/><D111/><U107/><N who="1" m="31264" /><U123/><N who="1" m="31520" /><U50/><E119/><V86/><F1/><T103/><D103/><U116/><E116/><V126/><F126/><T41/><D88/><U87/><E125/><V0/><F0/><T93/><D93/><U47/><E129/><N who="0" m="49737" /><D37/><U95/><E107/><V45/><F133/><T46/><D46/><U112/><E112/><V49/><F115/><T99/><D99/><U33/><E33/><V65/><F38/><T130/><D130/><U52/><E67/><V135/><F135/><T40/><D40/><U68/><E68/><V105/><F44/><T69/><D69/><U110/><E70/><V127/><F127/><T71/><D71/><U36/><E110/><V48/><F48/><T124/><D124/><U79/><E79/><V132/><F132/><T101/><D101/><U53/><E36/><V113/><F113/><T106/><D106/><N who="2" m="41066" /><F102/><AGARI ba="6,1" hai="42,47,50,52,53,54,84,85,87,89,94,95,96,102" m="31520,31264" machi="102" ten="40,12000,2" yaku="8,1,52,4,54,1" doraHai="90" who="1" fromWho="2" sc="549,0,317,142,174,-132,0,0" owari="549,50.0,459,6.0,42,-56.0,0,0.0" /></mjloggm>