<mjloggm ver="2.3"><GO type="169" lobby="0"/><UN n0="%E3%81%A6%E3%82%93%E3%81%A6%E3%81%93%E7%8B%90" n1="%6D%61%74%6F%30%36%30%33" n2="%E4%B8%89%E5%86%A0%E7%8E%8B%E3%83%BB%E5%B1%B1%E7%94%B0%E5%93%B2%E4%BA%BA" n3="%E6%9C%A8%E6%BC%8F%E3%82%8C%E6%97%A5" dan="16,18,17,17" rate="2175.24,2233.11,2207.81,2213.02" sx="M,M,M,M"/><TAIKYOKU oya="0"/><INIT seed="0,0,0,3,5,109" ten="250,250,250,250" oya="0" hai0="85,51,116,35,43,18,25,31,66,87,20,114,122" hai1="14,67,106,2,101,30,68,16,28,80,1,111,11" hai2="123,129,69,33,45,15,57,121,90,104,48,97,82" hai3="105,107,64,131,88,81,103,65,8,119,52,47,19"/><T98/><D116/><U72/><E111/><V94/><F69/><W117/><G131/><T46/><D122/><U126/><E126/><V10/><F33/><W63/><G103/><T99/><D114/><U118/><E118/><V9/><F129/><W61/><G119/><T133/><D133/><U27/><E72/><V50/><F104/><W4/><G117/><T135/><D135/><U6/><E80/><V58/><F9/><W38/><G19/><T59/><D99/><N who="1" m="61759" /><E30/><V128/><F128/><W95/><G81/><T115/><D98/><U124/><E124/><V0/><F0/><W34/><G34/><T132/><D115/><U32/><E6/><N who="2" m="3543" /><F123/><W3/><G38/><T112/><D112/><U39/><E39/><V120/><F120/><W56/><G47/><T91/><D132/><U134/><E134/><V73/><F73/><W83/><G83/><T24/><REACH who="0" step="1"/><D91/><REACH who="0" ten="240,250,250,250" step="2"/><U77/><E77/><V54/><F121/><W79/><G79/><T49/><D49/><U41/><E41/><V70/><F50/><W44/><G88/><T29/><D29/><U71/><E71/><V53/><F70/><W113/><G113/><T5/><D5/><U74/><E74/><V92/><F97/><W76/><G76/><T36/><D36/><U75/><E75/><V12/><F90/><W78/><G78/><T127/><D127/><U108/><E108/><V96/><F96/><W62/><G107/><T110/><D110/><U17/><E17/><V26/><F48/><N who="3" m="28679" /><G105/><T60/><AGARI ba="0,1" hai="18,20,24,25,31,35,43,46,51,59,60,66,85,87" machi="60" ten="30,3000,0" yaku="1,1,0,1,53,0" doraHai="109" doraHaiUra="89" who="0" fromWho="0" sc="240,40,250,-10,250,-10,250,-10" /><INIT seed="0,1,0,2,4,22" ten="280,240,240,240" oya="0" hai0="114,54,133,15,134,14,58,109,1,30,62,131,130" hai1="34,31,72,126,19,120,119,70,21,82,87,33,59" hai2="73,39,113,84,66,118,37,92,132,36,18,81,102" hai3="71,20,116,61,77,38,128,57,104,127,53,40,51"/><T60/><D1/><U6/><E70/><V125/><F113/><W76/><G104/><T83/><D114/><U75/><E119/><V74/><F66/><N who="3" m="41423" /><G77/><T110/><D30/><U80/><E120/><V13/><F118/><W94/><G76/><T48/><D14/><U12/><E126/><V52/><F125/><W112/><G94/><T90/><D15/><U32/><E6/><V43/><F43/><W124/><G20/><T123/><D90/><U89/><E59/><V11/><F132/><N who="0" m="50794" /><D83/><U67/><E67/><V101/><F92/><W108/><G116/><T64/><D60/><U96/><E96/><V97/><F97/><W3/><G3/><T8/><D8/><U7/><E7/><V98/><F98/><W122/><G112/><T28/><D28/><U16/><E31/><V135/><F102/><W56/><G122/><T63/><D63/><U41/><E41/><V44/><F101/><W35/><G127/><T121/><D121/><U86/><REACH who="1" step="1"/><E19/><REACH who="1" ten="280,230,240,240" step="2"/><V99/><F99/><W117/><G117/><T26/><D123/><U46/><E46/><V49/><REACH who="2" step="1"/><F135/><REACH who="2" ten="280,230,230,240" step="2"/><W24/><G124/><T69/><D26/><U129/><E129/><AGARI ba="1,2" hai="48,54,58,62,64,69,109,110,129,130,131" m="50794" machi="129" ten="40,12000,1" yaku="19,1,20,1,34,2" doraHai="22" who="0" fromWho="1" sc="280,143,230,-123,230,0,240,0" /><INIT seed="0,2,0,3,2,127" ten="423,107,230,240" oya="0" hai0="117,56,134,116,99,92,93,39,25,123,49,76,41" hai1="52,83,107,43,121,47,68,97,0,131,64,9,22" hai2="5,73,58,11,45,10,12,31,98,96,4,16,67" hai3="86,115,87,85,29,38,132,78,50,119,113,61,48"/><T101/><D123/><U59/><E121/><V75/><F31/><W1/><G38/><T109/><D134/><U114/><E114/><V20/><F45/><W8/><G119/><T54/><D109/><U36/><E22/><V104/><F67/><W65/><G78/><T111/><D111/><U26/><E26/><V17/><F58/><W105/><G105/><T40/><D76/><U13/><E0/><V126/><F126/><W51/><G29/><T95/><D25/><U35/><E35/><V80/><F80/><W102/><G102/><T27/><D27/><U15/><E83/><V32/><F32/><W81/><G81/><T74/><D74/><U128/><E97/><V70/><F70/><W79/><G79/><T57/><D57/><U135/><E107/><V2/><F17/><W6/><REACH who="3" step="1"/><G132/><REACH who="3" ten="423,107,230,230" step="2"/><T34/><D39/><U46/><E135/><V21/><F104/><W84/><G84/><T91/><D34/><U129/><E46/><V103/><F98/><W3/><G3/><T90/><D117/><U133/><E133/><V55/><F103/><W72/><G72/><T108/><D108/><U44/><E47/><V30/><F96/><W125/><G125/><T37/><D37/><U124/><E124/><V106/><F106/><W71/><AGARI ba="2,1" hai="1,6,8,48,50,51,61,65,71,85,86,87,113,115" machi="71" ten="30,2000,0" yaku="1,1,0,1,53,0" doraHai="127" doraHaiUra="18" who="3" fromWho="3" sc="423,-12,107,-7,230,-7,230,36" /><INIT seed="1,0,0,1,5,70" ten="411,100,223,266" oya="1" hai0="10,4,79,50,64,47,112,95,0,118,20,24,53" hai1="27,86,93,126,12,120,122,134,55,42,81,82,23" hai2="7,35,114,76,115,75,102,124,84,15,32,91,103" hai3="100,80,107,98,127,77,56,14,38,28,99,113,66"/><U25/><E122/><V60/><F124/><W52/><G113/><N who="2" m="43017" /><F75/><W87/><G127/><T90/><D112/><U132/><E120/><V109/><F76/><W17/><G28/><T92/><D118/><U11/><E126/><V110/><F60/><W58/><G66/><T119/><D119/><U44/><E55/><V71/><F71/><W88/><G38/><T105/><D105/><U135/><E93/><N who="2" m="54503" /><F7/><W101/><G77/><T40/><D79/><N who="1" m="46399" /><E82/><V18/><F103/><W96/><G58/><T97/><D92/><U3/><E3/><V61/><F61/><N who="3" m="35975" /><G107/><T5/><D5/><N who="1" m="3183" /><E23/><AGARI ba="0,0" hai="14,17,23,80,87,88,96,98,99,100,101" m="35975" machi="23" ten="30,3900,0" yaku="8,1,54,2" doraHai="70" who="3" fromWho="1" sc="411,0,100,-39,223,0,266,39" /><INIT seed="2,0,0,0,2,59" ten="411,61,223,305" oya="2" hai0="1,40,103,71,20,41,75,81,111,55,25,10,29" hai1="72,90,45,135,116,70,62,54,129,65,76,16,48" hai2="12,27,125,26,51,85,77,127,130,42,134,35,106" hai3="50,31,112,95,86,122,39,2,98,60,131,80,5"/><V91/><F106/><W32/><G39/><T24/><D111/><U0/><E116/><V6/><F130/><W46/><G122/><T30/><D103/><U13/><E0/><V128/><F128/><W101/><G131/><T63/><D75/><U67/><E129/><V132/><F77/><W18/><G112/><T4/><D81/><U33/><E33/><V109/><F109/><W102/><G102/><T79/><D79/><U15/><E135/><N who="2" m="51755" /><F42/><W37/><G37/><T96/><D96/><U105/><E105/><V82/><F51/><W100/><G100/><T117/><D117/><U3/><E3/><V23/><F35/><W11/><G32/><T114/><D114/><U8/><E67/><V121/><F121/><W107/><G107/><T88/><D88/><U123/><E123/><V34/><F34/><W87/><G101/><T126/><D25/><N who="2" m="9226" /><F6/><W43/><G5/><T69/><D30/><U118/><E118/><V17/><AGARI ba="0,0" hai="12,17,23,82,85,91,125,127" m="9226,51755" machi="17" ten="40,2100,0" yaku="20,1" doraHai="59" who="2" fromWho="2" sc="411,-7,61,-7,223,21,305,-7" /><INIT seed="2,1,0,4,2,61" ten="404,54,244,298" oya="2" hai0="101,15,119,67,31,100,116,84,82,43,94,44,103" hai1="68,58,83,85,63,33,59,80,25,19,40,45,20" hai2="41,127,95,34,123,8,76,92,50,55,7,87,117" hai3="52,104,98,114,37,18,73,4,22,72,128,93,54"/><V39/><F34/><W47/><G104/><T38/><D31/><U65/><E80/><V60/><F117/><N who="0" m="45130" /><D67/><U106/><E106/><V21/><F123/><W29/><G29/><T23/><D23/><U57/><E33/><V131/><F127/><W107/><G107/><T5/><D15/><U17/><E17/><V91/><F131/><W71/><G4/><T121/><D5/><U97/><E97/><V77/><F21/><W110/><G71/><T3/><D3/><U0/><E0/><V1/><F60/><W108/><G114/><T26/><D26/><U36/><REACH who="1" step="1"/><E68/><REACH who="1" ten="404,44,244,298" step="2"/><V56/><F95/><W96/><G93/><T62/><D94/><U51/><E51/><V88/><REACH who="2" step="1"/><F91/><AGARI ba="1,1" hai="19,20,25,36,40,45,57,58,59,63,65,83,85,91" machi="91" ten="30,7700,0" yaku="1,1,7,1,52,1,53,1" doraHai="61" doraHaiUra="78" who="1" fromWho="2" sc="404,0,44,90,244,-80,298,0" /><INIT seed="3,0,0,3,4,76" ten="404,134,164,298" oya="3" hai0="18,68,3,75,134,82,30,36,39,28,61,20,2" hai1="126,102,103,90,70,15,120,57,135,88,14,121,45" hai2="73,125,4,63,122,25,56,72,124,104,123,32,21" hai3="97,59,94,107,42,128,95,40,115,89,54,0,114"/><W64/><G0/><T49/><D134/><U80/><E70/><V52/><F104/><W106/><G64/><T31/><D49/><U6/><E135/><V85/><F32/><W23/><G128/><T71/><D2/><U60/><E126/><N who="2" m="48747" /><F4/><W87/><G107/><T127/><D3/><U67/><E121/><N who="2" m="46091" /><F85/><W109/><G106/><T98/><D98/><U100/><E120/><V47/><F47/><W53/><G109/><T96/><D96/><U131/><E131/><V43/><F43/><W55/><G59/><T35/><D35/><U129/><E129/><V105/><F105/><W86/><G23/><T33/><D33/><U110/><E110/><V12/><F12/><N who="1" m="4649" /><E6/><V84/><F84/><W10/><G10/><T99/><D99/><U101/><N who="1" m="25600" /><DORA hai="34" /><U79/><E45/><V62/><F63/><W22/><G22/><T19/><D20/><U9/><E9/><V51/><F62/><W130/><G130/><T77/><D127/><U108/><E108/><V41/><F41/><W111/><G111/><T65/><D65/><BYE who="0" /><U37/><E37/><V81/><F81/><W27/><G42/><T8/><D8/><U78/><E80/><V5/><F5/><W133/><G40/><T118/><D118/><U7/><E7/><V50/><F50/><W112/><G133/><T38/><D38/><U113/><E67/><UN n0="%E3%81%A6%E3%82%93%E3%81%A6%E3%81%93%E7%8B%90" /><V11/><F11/><W132/><G132/><T29/><D61/><U24/><E60/><V119/><F119/><W58/><G115/><T74/><D39/><U83/><E113/><V92/><F92/><W17/><G114/><T93/><D36/><RYUUKYOKU ba="0,0" sc="404,-10,134,-10,164,30,298,-10" hai2="21,25,51,52,56,72,73" /><INIT seed="4,1,0,0,1,47" ten="394,124,194,288" oya="0" hai0="58,45,78,94,36,95,64,120,20,122,73,44,40" hai1="30,90,0,128,13,74,24,124,109,19,46,82,10" hai2="77,111,53,98,125,71,107,113,5,6,87,80,89" hai3="83,59,123,15,7,26,18,55,50,25,37,3,129"/><T22/><D73/><U85/><E109/><V117/><F111/><W99/><G37/><T66/><D58/><U56/><E128/><V100/><F71/><W38/><G38/><T54/><D36/><U91/><E124/><V62/><F125/><W103/><G129/><T33/><D33/><U65/><E0/><V134/><F113/><W133/><G133/><T110/><D110/><U105/><E105/><V43/><F134/><W16/><G123/><T108/><D108/><U8/><E74/><N who="2" m="43063" /><F43/><W68/><G68/><T79/><REACH who="0" step="1"/><D54/><REACH who="0" ten="384,124,194,288" step="2"/><U12/><E56/><V88/><F53/><W135/><G55/><T93/><D93/><U1/><E65/><V17/><F107/><W32/><G59/><T130/><D130/><U41/><E41/><AGARI ba="1,1" hai="20,22,40,41,44,45,64,66,78,79,94,95,120,122" machi="41" ten="25,4800,0" yaku="1,1,22,2,53,0" doraHai="47" doraHaiUra="96" who="0" fromWho="1" sc="384,61,124,-51,194,0,288,0" /><INIT seed="4,2,0,4,5,31" ten="445,73,194,288" oya="0" hai0="99,102,84,116,48,104,87,33,100,30,51,93,28" hai1="133,24,45,122,70,57,19,34,83,86,73,44,41" hai2="14,72,123,108,75,74,97,112,114,78,47,129,18" hai3="2,71,135,15,91,29,113,88,96,56,126,55,107"/><T37/><D37/><U132/><E122/><V38/><F123/><W95/><G2/><T53/><D116/><U7/><E70/><V92/><F108/><W58/><G71/><T60/><D60/><U54/><E73/><V98/><F129/><W17/><G113/><N who="2" m="43625" /><F78/><W120/><G135/><N who="1" m="51786" /><E7/><V39/><F47/><W125/><G107/><T111/><D111/><U76/><E41/><V42/><F42/><W90/><G29/><T80/><D28/><N who="1" m="19719" /><E19/><V124/><F124/><N who="3" m="47723" /><G120/><T66/><D66/><U25/><E25/><V9/><F98/><W77/><G77/><T63/><D30/><U16/><E16/><V130/><F130/><W119/><G119/><T117/><D33/><U79/><E79/><V5/><F5/><W103/><G55/><T26/><D26/><U20/><E20/><AGARI ba="2,0" hai="15,17,20,56,58,88,90,91,95,96,103" m="47723" machi="20" ten="30,2000,0" yaku="18,1,54,1" doraHai="31" who="3" fromWho="1" sc="445,0,73,-26,194,0,288,26" /><INIT seed="5,0,0,3,5,112" ten="445,47,194,314" oya="1" hai0="62,85,79,129,67,61,96,107,104,43,49,81,1" hai1="87,60,80,75,21,84,44,42,89,78,28,3,123" hai2="127,92,113,16,39,118,76,50,109,14,90,35,6" hai3="23,71,99,88,56,115,97,51,91,116,52,135,48"/><U2/><E123/><V8/><F39/><W94/><G115/><T20/><D1/><U31/><E60/><V37/><F37/><W128/><G71/><T110/><D110/><U26/><E31/><V17/><F113/><W55/><G128/><T10/><D10/><U106/><E106/><V59/><F118/><W65/><G135/><T101/><D107/><U120/><E120/><V126/><F35/><W63/><G116/><T13/><D129/><U111/><E111/><V30/><F30/><W77/><G77/><T25/><D13/><U9/><E9/><V73/><F109/><W70/><G23/><T46/><D67/><U24/><E24/><V125/><F73/><W38/><G38/><T34/><D34/><U133/><E133/><V130/><F76/><W108/><G108/><T83/><D83/><U122/><E122/><V134/><F130/><W47/><REACH who="3" step="1"/><G91/><REACH who="3" ten="445,47,194,304" step="2"/><T117/><D117/><U7/><E7/><V68/><F68/><W53/><G53/><T4/><D4/><U103/><E103/><V105/><F134/><W119/><G119/><T54/><D54/><U15/><E75/><V82/><F6/><W57/><G57/><T98/><D101/><U36/><REACH who="1" step="1"/><E15/><REACH who="1" ten="445,37,194,304" step="2"/><N who="2" m="7271" /><F105/><W124/><G124/><T45/><D104/><U114/><E114/><V121/><F121/><W5/><G5/><T0/><D0/><U95/><AGARI ba="0,2" hai="2,3,21,26,28,36,42,44,78,80,84,87,89,95" machi="95" ten="20,7800,0" yaku="1,1,0,1,7,1,53,1" doraHai="112" doraHaiUra="86" who="1" fromWho="1" sc="445,-26,37,98,194,-26,304,-26" /><INIT seed="5,1,0,3,4,35" ten="419,135,168,278" oya="1" hai0="5,33,41,59,69,135,63,48,21,8,40,30,3" hai1="52,67,49,37,133,95,68,25,53,28,103,43,44" hai2="20,27,71,55,66,60,77,47,4,111,42,106,29" hai3="119,104,107,124,123,64,70,51,86,2,132,108,0"/><U101/><E133/><V85/><F106/><W36/><RYUUKYOKU type="yao9" ba="1,0" sc="419,0,135,0,168,0,278,0" hai3="0,2,36,51,64,70,86,104,107,108,119,123,124,132" /><INIT seed="5,2,0,3,5,99" ten="419,135,168,278" oya="1" hai0="98,91,94,5,6,113,52,2,101,10,79,106,78" hai1="76,124,14,61,109,108,104,45,71,134,47,80,107" hai2="48,40,89,0,8,54,86,84,110,95,32,112,7" hai3="27,77,58,18,123,21,51,55,85,128,70,81,117"/><U130/><E130/><V92/><F32/><W103/><G123/><T115/><D5/><U65/><E14/><V30/><F30/><W43/><G70/><T38/><D38/><U129/><E129/><V72/><F72/><W17/><G117/><T11/><D11/><U34/><E34/><V41/><F110/><N who="1" m="42601" /><E134/><V121/><F121/><W118/><G118/><T29/><D29/><U119/><E119/><V20/><F112/><N who="0" m="43082" /><D52/><U100/><E124/><V131/><F131/><W1/><G1/><T90/><D90/><U59/><E59/><V36/><F36/><W15/><G128/><T37/><D37/><U67/><E67/><V135/><F135/><W9/><G43/><T88/><D91/><U42/><E42/><V23/><F41/><W13/><G13/><T116/><D116/><U83/><E83/><V63/><F40/><W50/><G50/><T26/><D26/><U66/><E66/><V56/><F48/><W75/><G75/><T3/><D3/><U74/><E100/><AGARI ba="2,0" hai="9,15,17,18,21,27,51,55,58,77,81,85,100,103" machi="100" ten="40,5200,0" yaku="8,1,52,2" doraHai="99" who="3" fromWho="1" sc="419,0,135,-58,168,0,278,58" /><INIT seed="6,0,0,0,4,23" ten="419,77,168,336" oya="2" hai0="34,87,72,97,2,5,54,80,28,43,88,123,52" hai1="84,57,50,47,29,36,56,135,18,118,108,17,85" hai2="99,46,21,8,49,104,37,39,83,79,69,25,124" hai3="11,76,59,114,20,105,94,73,19,82,10,90,75"/><V129/><F69/><W121/><G121/><T9/><D123/><U115/><E118/><V89/><F124/><W15/><G75/><T95/><D72/><U16/><E108/><V117/><F117/><W109/><G109/><T61/><D43/><U58/><E115/><V35/><F35/><W38/><G38/><T106/><D106/><U42/><E135/><V103/><F8/><W0/><G105/><T122/><D122/><U24/><REACH who="1" step="1"/><E36/><REACH who="1" ten="419,67,168,336" step="2"/><V1/><F129/><W116/><G114/><T7/><D7/><U74/><E74/><V13/><F39/><W78/><G116/><T51/><D61/><U119/><E119/><V41/><F37/><W130/><G130/><T134/><D134/><U62/><E62/><V67/><F1/><W40/><G0/><T101/><D51/><U125/><E125/><V91/><F67/><W107/><G73/><T132/><D132/><U63/><E63/><V96/><F49/><W33/><G40/><T64/><D64/><U77/><E77/><V53/><F79/><W112/><G112/><T86/><D54/><U111/><E111/><V92/><F53/><W65/><G65/><T3/><D52/><U44/><E44/><V4/><F46/><W133/><G133/><T32/><D2/><U66/><E66/><V102/><F41/><W126/><G126/><T81/><D28/><U30/><E30/><V120/><F120/><W12/><G78/><AGARI ba="0,1" hai="3,5,9,32,34,78,80,81,86,87,88,95,97,101" machi="78" ten="30,2000,0" yaku="7,1,54,1" doraHai="23" who="0" fromWho="3" sc="419,30,67,0,168,0,336,-20" /><INIT seed="7,0,0,0,5,76" ten="449,67,168,316" oya="3" hai0="14,47,26,53,88,29,23,105,84,51,42,7,82" hai1="108,70,104,107,54,61,56,8,72,71,101,98,74" hai2="39,103,120,119,110,27,43,55,121,13,75,4,126" hai3="6,49,34,9,45,59,135,100,67,52,21,124,2"/><W10/><G34/><T65/><D105/><U60/><E108/><V36/><F110/><W83/><G124/><T68/><D68/><U111/><E111/><V89/><F126/><W22/><G135/><T69/><D69/><U109/><E109/><V18/><F119/><W73/><G100/><T118/><D118/><U91/><E8/><N who="2" m="4231" /><F75/><W116/><G116/><T44/><D65/><U133/><E133/><V79/><F79/><W77/><G10/><N who="0" m="4447" /><D47/><U38/><E38/><V102/><F55/><AGARI ba="0,0" hai="23,26,29,42,44,51,53,55,82,84,88" m="4447" machi="55" ten="30,3900,0" yaku="8,1,52,1,54,1" doraHai="76" who="0" fromWho="2" sc="449,39,67,0,168,-39,316,0" owari="488,58.0,67,-43.0,129,-27.0,316,12.0" /></mjloggm>