<mjloggm ver="2.3"><GO type="169" lobby="0"/><UN n0="%69%6B%65%64%61%64%61" n1="%E3%81%86%E3%81%95%E3%81%8E%E3%83%95%E3%82%A1%E3%83%B3%E3%82%B7%E3%83%BC" n2="%7A%6F%6F%31%39%36%34" n3="%E8%A1%9B%E8%97%A4%E7%BE%8E%E5%BD%A9" dan="16,16,18,16" rate="2146.05,2109.66,2229.89,2117.64" sx="M,F,M,M"/><TAIKYOKU oya="0"/><INIT seed="0,0,0,3,5,124" ten="250,250,250,250" oya="0" hai0="41,116,96,31,114,87,135,105,93,28,82,9,97" hai1="70,59,78,46,35,133,55,30,8,123,103,110,49" hai2="121,16,101,64,23,42,134,95,22,107,104,10,57" hai3="3,99,69,44,1,106,47,53,127,20,132,40,15"/><T119/><D114/><U76/><E123/><V111/><F121/><W34/><G34/><T117/><D41/><U39/><E110/><V120/><F120/><W98/><G69/><T92/><D9/><U7/><E133/><V33/><F33/><W108/><G108/><T72/><D72/><U66/><E103/><V77/><F111/><W27/><G127/><T61/><D61/><N who="1" m="40271" /><E30/><V32/><F32/><W91/><G15/><T60/><D60/><U14/><E35/><V131/><F77/><W36/><G98/><T100/><D135/><U115/><E115/><V128/><F42/><AGARI ba="0,0" hai="7,8,14,39,42,46,49,55,59,76,78" m="40271" machi="42" ten="30,1000,0" yaku="24,1" doraHai="124" who="1" fromWho="2" sc="250,0,250,10,250,-10,250,0" /><INIT seed="1,0,0,3,1,15" ten="250,260,240,250" oya="1" hai0="58,50,0,85,24,111,36,70,1,23,92,4,124" hai1="81,57,38,78,72,100,99,112,103,46,2,28,3" hai2="109,114,25,55,88,133,87,129,19,79,115,132,108" hai3="53,122,83,127,80,119,130,59,39,134,52,90,101"/><U84/><E112/><N who="2" m="43051" /><F79/><W30/><G122/><T47/><D70/><U123/><E123/><V117/><F117/><W29/><G39/><T61/><D36/><U105/><E103/><V10/><F55/><W40/><G119/><T35/><D35/><U106/><E106/><V18/><F129/><W95/><G130/><T82/><D4/><U45/><E57/><V20/><F10/><W48/><G134/><N who="2" m="51817" /><F19/><W125/><G101/><T128/><D128/><U93/><E28/><N who="3" m="10858" /><G40/><T102/><D111/><U41/><REACH who="1" step="1"/><E46/><REACH who="1" ten="250,250,240,250" step="2"/><V43/><F43/><W67/><G125/><T14/><D47/><U9/><E9/><V56/><F56/><N who="3" m="32807" /><G127/><T97/><D124/><U74/><E74/><V66/><F66/><W131/><G67/><T6/><D58/><U22/><E22/><V34/><F34/><W42/><G42/><T5/><D23/><U37/><E37/><V12/><F25/><W120/><G131/><T71/><D24/><U76/><E76/><V54/><F54/><W31/><G120/><T16/><D102/><U51/><E51/><V62/><F62/><N who="3" m="36199" /><G31/><T11/><D50/><U91/><AGARI ba="0,1" hai="2,3,38,41,45,72,78,81,84,91,93,99,100,105" machi="91" ten="30,11700,0" yaku="1,1,0,1,24,2,53,0" doraHai="15" doraHaiUra="116" who="1" fromWho="1" sc="250,-39,250,127,240,-39,250,-39" /><INIT seed="1,1,0,5,1,41" ten="211,377,201,211" oya="1" hai0="132,42,123,53,26,98,30,17,96,58,88,131,78" hai1="57,111,52,69,18,106,135,37,107,85,90,87,77" hai2="45,97,16,46,125,44,47,118,59,105,95,13,116" hai3="71,73,110,92,61,24,8,82,55,15,126,127,39"/><U108/><E37/><V49/><F105/><W83/><G110/><N who="1" m="42026" /><E69/><V35/><F35/><W114/><G114/><T104/><D132/><U79/><E135/><V129/><F129/><W21/><G39/><T93/><D131/><U66/><E66/><V113/><F125/><N who="3" m="47627" /><G73/><T12/><D78/><N who="1" m="29707" /><E18/><V119/><F113/><W56/><G92/><T89/><D42/><U115/><E115/><V2/><F2/><W0/><G0/><T86/><D123/><U54/><E54/><V28/><F28/><N who="3" m="17423" /><G71/><T64/><D64/><U124/><E124/><V29/><F29/><W60/><G61/><T81/><D104/><N who="1" m="39979" /><E90/><V72/><F72/><W62/><G60/><AGARI ba="1,0" hai="52,57,60,85,87" m="39979,29707,42026" machi="60" ten="30,5800,0" yaku="14,1,10,1,54,1" doraHai="41" who="1" fromWho="3" sc="211,0,377,61,201,0,211,-61" /><INIT seed="1,2,0,1,5,103" ten="211,438,201,150" oya="1" hai0="63,31,33,10,102,73,22,60,23,99,21,90,77" hai1="118,93,116,43,106,98,15,62,128,46,20,115,32" hai2="101,131,28,79,122,134,113,69,64,53,8,36,66" hai3="58,100,27,82,114,109,85,24,4,45,94,71,47"/><U51/><E115/><V44/><F122/><W84/><G114/><T86/><D10/><U37/><E32/><V57/><F113/><W55/><G71/><T72/><D31/><U42/><E128/><V81/><F131/><W89/><G109/><T133/><D33/><U130/><E130/><V40/><F134/><W127/><G127/><T129/><D129/><U104/><E62/><V76/><F28/><W92/><G92/><T65/><D133/><U16/><E42/><V78/><F8/><W124/><G4/><T7/><D7/><U18/><E37/><V96/><F81/><W120/><G120/><T125/><D125/><U83/><E83/><V107/><REACH who="2" step="1"/><F69/><REACH who="2" ten="211,438,191,150" step="2"/><W6/><G124/><T108/><D108/><U9/><E116/><V119/><F119/><W29/><G6/><T35/><D35/><U59/><E118/><V110/><F110/><W80/><G80/><T97/><D21/><U49/><E59/><V50/><AGARI ba="2,1" hai="36,40,44,50,53,57,64,66,76,78,79,96,101,107" machi="50" ten="30,7900,0" yaku="1,1,0,1,52,1,53,1" doraHai="103" doraHaiUra="38" who="2" fromWho="2" sc="211,-22,438,-41,191,95,150,-22" /><INIT seed="2,0,0,4,4,75" ten="189,397,286,128" oya="2" hai0="88,7,78,10,41,33,115,91,105,31,0,63,135" hai1="40,43,29,106,128,19,101,107,49,64,1,93,45" hai2="17,61,30,18,133,39,120,51,57,70,23,126,85" hai3="96,119,60,21,127,32,65,83,58,16,131,108,66"/><V84/><F120/><W37/><G119/><T125/><D115/><U25/><E1/><V102/><F39/><W62/><G108/><T12/><D105/><U74/><E74/><V89/><F70/><W72/><G131/><T24/><D135/><U46/><E128/><V6/><F133/><W95/><G32/><T73/><D125/><U54/><E64/><V35/><F102/><W87/><G72/><T90/><D63/><U15/><E93/><V14/><F6/><W67/><G37/><T55/><D55/><U8/><E101/><V42/><F35/><W80/><G127/><T50/><D0/><U124/><E124/><V52/><F30/><W97/><G83/><T69/><D69/><U2/><E2/><V132/><F132/><W122/><G122/><T77/><REACH who="0" step="1"/><D73/><REACH who="0" ten="179,397,286,128" step="2"/><U129/><E129/><V134/><F134/><W28/><G62/><T98/><D98/><U79/><E54/><V27/><F126/><W121/><G121/><T82/><D82/><U117/><E107/><V53/><F42/><W109/><G109/><T71/><D71/><U112/><E106/><V47/><REACH who="2" step="1"/><F89/><REACH who="2" ten="179,397,276,128" step="2"/><W5/><G5/><T68/><D68/><U111/><E111/><V116/><F116/><W123/><G123/><T103/><D103/><U130/><E117/><V86/><F86/><W99/><G87/><T26/><D26/><U81/><E130/><V92/><F92/><W94/><G95/><T114/><D114/><U22/><E112/><V20/><AGARI ba="0,2" hai="14,17,18,20,23,27,47,51,52,53,57,61,84,85" machi="20" ten="20,12000,1" yaku="1,1,0,1,7,1,8,1,54,1,53,0" doraHai="75" doraHaiUra="100" who="2" fromWho="2" sc="179,-40,397,-40,276,140,128,-40" /><INIT seed="2,1,0,5,5,10" ten="139,357,416,88" oya="2" hai0="4,91,121,107,113,51,104,96,130,34,30,57,110" hai1="93,67,131,69,25,1,31,106,115,103,65,82,48" hai2="20,5,23,62,56,94,22,123,41,32,74,49,18" hai3="19,100,128,124,108,111,134,52,27,13,133,127,77"/><V8/><F123/><W87/><G100/><T40/><D121/><U81/><E115/><V109/><F32/><W88/><G77/><T90/><D113/><U46/><E131/><V83/><F109/><N who="3" m="42059" /><G27/><T97/><D4/><U95/><E1/><V55/><F74/><W112/><G112/><T21/><D34/><U61/><E67/><V0/><F83/><N who="3" m="49279" /><G52/><T99/><D40/><U119/><E119/><V92/><REACH who="2" step="1"/><F18/><REACH who="2" ten="139,357,406,88" step="2"/><W73/><G73/><T116/><D110/><U16/><E82/><V14/><F14/><W84/><G128/><T29/><D130/><U43/><E81/><V75/><F75/><W101/><G84/><T39/><D116/><U125/><E16/><V126/><F126/><N who="3" m="48171" /><G101/><T59/><D30/><U45/><E125/><V36/><F36/><W135/><G134/><T53/><D39/><U86/><E86/><V58/><F58/><W35/><G35/><T63/><D59/><U118/><E118/><V44/><AGARI ba="1,1" hai="0,5,8,20,22,23,41,44,49,55,56,62,92,94" machi="44" ten="30,3000,0" yaku="1,1,0,1,53,0" doraHai="10" doraHaiUra="114" who="2" fromWho="2" sc="139,-11,357,-11,406,43,88,-11" /><INIT seed="2,2,0,1,1,9" ten="128,346,449,77" oya="2" hai0="24,123,100,59,73,56,8,36,37,52,48,57,21" hai1="2,90,126,6,102,26,74,106,80,68,93,96,108" hai2="11,60,97,71,23,128,31,89,83,110,84,28,81" hai3="20,104,55,76,120,50,33,130,103,118,107,38,135"/><V70/><F128/><W10/><G120/><T0/><D123/><U12/><E68/><V114/><F114/><W15/><G118/><T121/><D121/><U69/><E69/><V129/><F129/><W113/><G130/><T16/><D73/><U54/><E108/><V47/><F110/><W46/><G113/><T34/><D100/><U3/><E126/><V72/><F97/><W51/><G38/><T62/><D34/><U49/><E26/><V29/><F60/><W101/><G33/><T30/><D57/><U42/><E42/><V119/><F23/><W19/><G76/><T5/><REACH who="0" step="1"/><D30/><REACH who="0" ten="118,346,449,77" step="2"/><U64/><E74/><V1/><F119/><W35/><G35/><T131/><D131/><U25/><E102/><V109/><F109/><W65/><G135/><T53/><AGARI ba="2,1" hai="0,5,8,16,21,24,36,37,48,52,53,56,59,62" machi="53" ten="20,8000,1" yaku="1,1,0,1,7,1,54,2,53,0" doraHai="9" doraHaiUra="134" who="0" fromWho="0" sc="118,96,346,-22,449,-42,77,-22" /><INIT seed="3,0,0,3,1,42" ten="214,324,407,55" oya="3" hai0="128,58,77,65,5,66,93,26,53,118,33,11,88" hai1="31,117,2,39,114,134,32,12,50,129,25,74,35" hai2="90,23,94,13,51,86,97,52,46,29,54,1,36" hai3="110,48,130,75,41,115,70,7,15,135,113,19,119"/><W132/><G75/><T76/><D118/><U85/><E74/><V62/><F1/><W71/><G119/><T27/><D128/><U124/><E39/><V105/><F36/><W49/><G7/><T80/><D66/><U84/><E117/><V122/><F122/><W37/><G15/><N who="0" m="5615" /><D65/><U10/><E114/><N who="3" m="43530" /><G19/><T38/><D38/><U6/><E129/><V55/><F105/><W16/><G16/><T102/><D102/><U63/><E63/><V78/><F62/><W125/><G130/><T92/><D92/><U8/><E35/><V17/><F29/><W133/><G125/><T111/><D33/><U99/><E124/><V68/><F68/><N who="3" m="26155" /><G110/><T72/><D72/><U82/><E2/><V79/><F97/><W91/><G91/><T45/><D80/><U47/><E10/><V20/><F23/><W64/><G64/><T106/><D106/><U4/><E4/><V61/><F61/><W40/><G37/><T108/><D26/><U60/><E99/><V103/><F103/><W59/><G59/><T57/><D27/><U107/><E25/><V100/><F100/><W89/><G89/><T116/><D116/><U67/><E32/><V81/><F94/><W127/><G127/><T34/><D34/><U109/><E109/><N who="0" m="42057" /><D58/><U30/><E107/><V101/><F101/><W56/><G56/><T3/><D57/><U95/><E95/><V87/><F87/><W112/><N who="3" m="43538" /><W21/><DORA hai="0" /><G21/><T28/><D3/><U9/><E85/><V24/><F24/><W69/><N who="3" m="26163" /><W126/><DORA hai="43" /><G126/><T83/><D93/><U18/><E84/><RYUUKYOKU ba="0,0" sc="214,-15,324,-15,407,15,55,15" hai2="13,17,20,46,51,52,54,55,78,79,81,86,90" hai3="40,41,48,49,132,133,135" /><INIT seed="3,1,0,0,1,57" ten="199,309,422,70" oya="3" hai0="2,94,5,37,87,93,66,50,95,55,107,119,76" hai1="73,51,30,115,114,48,35,13,14,41,56,3,110" hai2="82,8,0,34,61,127,44,19,32,60,63,85,10" hai3="22,80,64,67,52,77,46,72,88,59,27,121,21"/><W81/><G121/><T4/><D107/><U15/><E73/><V124/><F44/><W71/><G71/><T7/><D37/><U40/><E110/><V109/><F109/><W131/><G131/><T53/><D119/><U83/><E3/><V58/><F58/><W113/><G113/><T122/><D122/><U62/><E83/><V78/><F19/><W120/><G120/><T38/><D38/><U20/><E35/><N who="2" m="13355" /><F0/><W42/><G22/><T75/><D75/><U68/><E68/><V126/><AGARI ba="1,0" hai="8,10,60,61,63,78,82,85,124,126,127" m="13355" machi="126" ten="40,8000,1" yaku="18,1,52,3" doraHai="57" who="2" fromWho="2" sc="199,-21,309,-21,422,83,70,-41" /><INIT seed="4,0,0,1,2,14" ten="178,288,505,29" oya="0" hai0="1,52,70,51,135,56,79,9,12,54,90,95,45" hai1="116,118,64,100,30,68,115,3,101,5,2,94,85" hai2="34,127,74,98,32,28,23,76,84,73,66,131,88" hai3="78,20,27,108,102,48,113,111,10,121,7,42,82"/><T106/><D135/><U129/><E129/><V112/><F112/><W18/><G113/><T107/><D70/><U58/><E115/><V93/><F131/><W6/><G121/><T36/><D1/><U29/><E68/><V39/><F39/><W25/><G102/><T92/><D79/><U69/><E69/><V123/><F123/><W38/><G6/><T31/><D31/><U125/><E125/><V4/><F4/><W96/><G96/><T83/><D83/><U72/><E5/><V117/><F66/><W46/><G25/><T67/><D67/><U49/><E64/><V44/><F44/><W43/><G43/><T53/><D36/><U13/><E13/><V0/><F0/><W120/><G120/><T15/><D95/><U62/><E49/><V80/><F117/><W50/><G50/><T41/><D15/><U59/><E85/><V47/><F47/><W40/><G40/><T124/><D124/><U134/><E94/><V130/><F130/><W119/><G119/><T60/><D107/><U133/><E62/><V97/><F74/><AGARI ba="0,0" hai="2,3,29,30,58,59,72,74,100,101,116,118,133,134" machi="74" ten="25,1600,0" yaku="22,2" doraHai="14" who="1" fromWho="2" sc="178,0,288,16,505,-16,29,0" /><INIT seed="5,0,0,4,5,98" ten="178,304,489,29" oya="1" hai0="4,119,2,81,130,20,110,48,23,30,65,1,82" hai1="85,125,50,123,78,109,36,43,60,13,5,112,77" hai2="46,22,92,127,24,132,25,61,47,114,90,38,66" hai3="105,7,42,15,104,14,37,116,108,88,84,27,0"/><U21/><E123/><V89/><F114/><W86/><G108/><T56/><D119/><U49/><E112/><V63/><F132/><W124/><G116/><T75/><D110/><U118/><E118/><V34/><F127/><W53/><G0/><T16/><D30/><U99/><E109/><V12/><F38/><W29/><G37/><T115/><D23/><U79/><E125/><V41/><F90/><W68/><G68/><T33/><D33/><U120/><E120/><V103/><F34/><W93/><G124/><T102/><D4/><U133/><E133/><V96/><F89/><W70/><G70/><T28/><D28/><U31/><E60/><V71/><F61/><W91/><G42/><T55/><D75/><U62/><E62/><V3/><F3/><W117/><G117/><T64/><D1/><U57/><E36/><V67/><F67/><W126/><G126/><T122/><D65/><U131/><E99/><V8/><F41/><W40/><G40/><T129/><D64/><U10/><E131/><V54/><F54/><W128/><G128/><T32/><D32/><U45/><E57/><V73/><F73/><W100/><G53/><T101/><D2/><U39/><E85/><V59/><F71/><W35/><G7/><T134/><D134/><U87/><E87/><V18/><F25/><W9/><G9/><T72/><D122/><U69/><E69/><V52/><F66/><W111/><G111/><T135/><D115/><U97/><E97/><V83/><F83/><N who="0" m="31754" /><D135/><U44/><E44/><V76/><F76/><W113/><G113/><T58/><D130/><RYUUKYOKU ba="0,0" sc="178,-15,304,15,489,15,29,-15" hai1="5,10,13,21,31,39,43,45,49,50,77,78,79" hai2="8,12,18,22,24,46,47,52,59,63,92,96,103" /><INIT seed="5,1,0,5,0,40" ten="163,319,504,14" oya="1" hai0="15,12,106,125,33,85,121,7,74,34,118,56,37" hai1="105,72,13,111,45,50,82,3,67,32,114,129,48" hai2="132,126,58,92,73,9,71,6,51,31,134,70,62" hai3="14,22,0,42,44,61,8,10,65,68,115,38,19"/><U28/><E3/><V78/><F126/><W47/><G0/><T100/><D118/><U83/><E105/><V123/><F123/><W2/><G2/><T20/><D74/><U124/><E114/><V88/><F31/><W35/><G35/><T23/><D37/><U36/><E124/><V16/><F16/><W80/><G115/><T66/><D85/><U29/><E129/><V86/><F51/><W1/><G1/><T130/><D130/><U99/><E111/><V4/><F78/><W49/><REACH who="3" step="1"/><G80/><REACH who="3" ten="163,319,504,4" step="2"/><T64/><D34/><U89/><E32/><V120/><F120/><W11/><G11/><T102/><D33/><U43/><E82/><V30/><F9/><W18/><G18/><T101/><D121/><U81/><E29/><V90/><F30/><W108/><G108/><T104/><D125/><U46/><E28/><V17/><F17/><W53/><AGARI ba="1,1" hai="8,10,14,19,22,38,42,44,47,49,53,61,65,68" machi="53" ten="20,8000,1" yaku="1,1,0,1,7,1,52,2,53,0" doraHai="40" doraHaiUra="116" who="3" fromWho="3" sc="163,-21,319,-41,504,-21,4,93" /><INIT seed="6,0,0,0,5,34" ten="142,278,483,97" oya="2" hai0="5,19,125,45,134,72,57,94,43,59,129,32,8" hai1="113,73,64,40,21,28,63,67,0,89,62,41,124" hai2="123,46,95,37,27,18,79,120,130,81,15,80,127" hai3="17,49,91,96,111,51,3,103,87,122,52,66,98"/><V29/><F81/><W26/><G111/><T115/><D32/><U85/><E113/><V4/><F4/><W109/><G109/><T92/><D72/><U60/><E73/><V106/><F95/><W69/><G122/><T74/><D74/><U24/><E124/><V30/><F30/><W1/><G69/><T16/><D125/><U22/><E0/><V110/><F106/><W42/><G66/><N who="1" m="25130" /><E22/><V55/><F37/><W6/><G42/><T9/><D134/><U77/><E77/><V36/><F36/><W38/><G38/><T101/><D129/><U114/><E114/><V93/><F79/><W48/><G52/><T33/><D33/><U70/><E70/><V112/><F55/><W11/><G1/><T12/><D19/><U133/><E133/><V82/><F18/><W97/><G17/><T126/><D115/><U105/><E105/><V53/><F53/><W119/><G26/><T121/><D121/><U13/><E13/><V107/><F27/><W25/><G25/><T71/><D71/><U131/><E131/><V35/><F15/><W54/><G119/><T84/><D101/><U68/><E68/><V116/><F130/><W104/><REACH who="3" step="1"/><G54/><REACH who="3" ten="142,278,483,87" step="2"/><T135/><D16/><U128/><E128/><V47/><F116/><W10/><G10/><T102/><D9/><U23/><E41/><V117/><F110/><W20/><G20/><T58/><D43/><U100/><E40/><V44/><F117/><W76/><G76/><T31/><D8/><U2/><E2/><V90/><F112/><W14/><G14/><T7/><D12/><U118/><E118/><RYUUKYOKU ba="0,1" sc="142,-10,278,-10,483,-10,87,30" hai3="3,6,11,48,49,51,87,91,96,97,98,103,104" /><INIT seed="7,1,1,4,1,75" ten="132,268,473,117" oya="3" hai0="115,38,117,130,19,58,134,105,78,66,22,15,7" hai1="17,102,81,104,2,24,32,68,37,111,29,91,133" hai2="99,127,28,55,33,123,42,56,128,95,118,27,11" hai3="10,83,114,3,126,82,87,109,71,21,97,77,67"/><W135/><G114/><T63/><D117/><U125/><E111/><V9/><F118/><W50/><G109/><T34/><D34/><U60/><E37/><V12/><F128/><W86/><G135/><T113/><D130/><U101/><E125/><V52/><F127/><W43/><G126/><T6/><D105/><U122/><E122/><V8/><F42/><W25/><G71/><T94/><D38/><U129/><E129/><V85/><F85/><W48/><G67/><T40/><D40/><U41/><E41/><V103/><F55/><W124/><G124/><T57/><D134/><U73/><E2/><V110/><F123/><W107/><G43/><T31/><D31/><U61/><E104/><V131/><F131/><W18/><G3/><T92/><D78/><U90/><E90/><V36/><F36/><W120/><G120/><T49/><D115/><U79/><E133/><V54/><F54/><W62/><G62/><N who="0" m="38223" /><D49/><U39/><E39/><V119/><F119/><W121/><G121/><T53/><D113/><U64/><E17/><V106/><F106/><W4/><G107/><T20/><D20/><U23/><E32/><V35/><F35/><W1/><REACH who="3" step="1"/><G97/><REACH who="3" ten="132,268,473,107" step="2"/><T112/><D112/><U93/><E61/><V51/><F110/><W46/><G46/><T88/><D94/><U108/><E108/><V65/><F65/><W132/><G132/><T96/><AGARI ba="1,2" hai="6,7,15,19,22,53,58,63,88,92,96" m="38223" machi="96" ten="30,2000,0" yaku="8,1,54,1" doraHai="75" who="0" fromWho="0" sc="132,43,268,-6,473,-6,107,-11" owari="175,-22.0,262,6.0,467,56.0,96,-40.0" /></mjloggm>