<mjloggm ver="2.3"><GO type="169" lobby="0"/><UN n0="%E8%88%AC%E5%8D%93%E6%B0%91%E3%81%AE%E6%9C%9D%E3%81%AF%E6%97%A9%E3%81%84" n1="%E4%B8%BB%E5%B8%AD" n2="%E6%9C%A8%E5%8E%9F%E8%B1%AA%E4%B8%80" n3="%E3%82%A6%E3%83%AB%E3%83%88%E3%83%A9%E7%AB%8B%E7%9B%B4" dan="18,16,17,20" rate="2263.70,2147.92,2204.18,2173.90" sx="M,M,M,M"/><TAIKYOKU oya="0"/><INIT seed="0,0,0,3,1,5" ten="250,250,250,250" oya="0" hai0="48,96,40,130,3,115,16,57,132,42,15,34,20" hai1="106,125,126,21,26,67,127,19,99,7,18,64,74" hai2="122,72,60,29,51,30,111,33,87,11,43,76,37" hai3="53,100,102,13,110,50,85,70,4,82,105,65,118"/><T86/><D115/><U36/><E74/><V84/><F122/><W14/><G118/><T90/><D130/><U79/><E79/><V1/><F111/><W135/><G110/><T91/><D132/><U44/><E7/><V9/><F37/><W128/><G128/><T56/><D34/><U24/><E106/><V97/><F1/><W129/><G129/><T38/><D38/><U58/><E99/><V22/><F33/><W62/><G135/><T120/><D3/><U89/><E89/><V77/><F60/><W119/><G119/><T61/><D120/><U59/><E36/><V55/><F43/><W49/><G49/><T68/><D68/><U6/><E6/><V52/><F97/><W116/><G116/><T32/><D32/><U23/><REACH who="1" step="1"/><E44/><REACH who="1" ten="250,240,250,250" step="2"/><V109/><F109/><W103/><G105/><T47/><D96/><U80/><E80/><V134/><F134/><W81/><G81/><T75/><D75/><U92/><E92/><V10/><F72/><W98/><G98/><T46/><D86/><U133/><E133/><V69/><F77/><W95/><G95/><T39/><REACH who="0" step="1"/><D57/><AGARI ba="0,1" hai="18,19,21,23,24,26,57,58,59,64,67,125,126,127" machi="57" ten="40,5200,0" yaku="1,1,9,1,18,1,53,0" doraHai="5" doraHaiUra="101" who="1" fromWho="0" sc="250,-52,240,62,250,0,250,0" /><INIT seed="1,0,0,4,1,45" ten="198,302,250,250" oya="1" hai0="116,101,124,37,84,59,9,88,19,74,60,56,69" hai1="31,81,72,76,46,50,33,28,109,26,36,107,49" hai2="23,91,95,30,66,13,64,121,8,106,87,133,14" hai3="5,86,96,48,22,52,80,27,18,67,12,99,3"/><U132/><E132/><V118/><F133/><W55/><G67/><T115/><D115/><U73/><E107/><V102/><F118/><W7/><G3/><T135/><D135/><U100/><E100/><V83/><F121/><W82/><G55/><T20/><D116/><U11/><E73/><V41/><F106/><W35/><G35/><T89/><D74/><U79/><E79/><V58/><F41/><W16/><G99/><T40/><D101/><U131/><E31/><V53/><F14/><W120/><G96/><T127/><D9/><U103/><E103/><V2/><F2/><W63/><G63/><T113/><D113/><U108/><E131/><V38/><F38/><W15/><G120/><T6/><D6/><N who="3" m="2057" /><G18/><T47/><D69/><U134/><E11/><V97/><F23/><W51/><G51/><N who="0" m="27111" /><D84/><U122/><E122/><V85/><F85/><W62/><G62/><T75/><D75/><U105/><E105/><V25/><F25/><W4/><G4/><T70/><D70/><U10/><E134/><V65/><F30/><W90/><G82/><T119/><D37/><U98/><E98/><V44/><F44/><AGARI ba="0,0" hai="12,15,16,22,27,44,48,52,80,86,90" m="2057" machi="44" ten="30,7700,0" yaku="8,1,52,1,54,2" doraHai="45" who="3" fromWho="2" sc="198,0,302,0,250,-77,250,77" /><INIT seed="2,0,0,2,2,33" ten="198,302,173,327" oya="2" hai0="126,51,123,13,58,1,21,14,22,127,132,47,81" hai1="37,110,122,53,128,121,42,70,55,2,80,54,99" hai2="7,112,89,130,104,67,23,93,25,16,69,74,57" hai3="40,11,106,3,9,50,103,82,60,124,73,63,4"/><V101/><F112/><W120/><G120/><N who="1" m="46186" /><E70/><V71/><F130/><W41/><G124/><T8/><D123/><U44/><E128/><V15/><F74/><W92/><G106/><T17/><D58/><U38/><E110/><V29/><F7/><W97/><G11/><T49/><D81/><U48/><E2/><V117/><F117/><W27/><G27/><T133/><D47/><U86/><E99/><V83/><F83/><W39/><G50/><T129/><D129/><U26/><E26/><V36/><F36/><W95/><G95/><T19/><D8/><U79/><AGARI ba="0,0" hai="37,38,42,44,48,53,54,55,79,80,86" m="46186" machi="79" ten="30,1100,0" yaku="13,1" doraHai="33" who="1" fromWho="1" sc="198,-3,302,11,173,-5,327,-3" /><INIT seed="3,0,0,4,3,110" ten="195,313,168,324" oya="3" hai0="75,129,73,55,20,94,93,57,19,63,46,85,92" hai1="41,100,117,14,69,18,15,128,74,133,98,11,48" hai2="91,29,65,50,16,53,126,47,77,4,66,34,43" hai3="130,119,9,72,33,125,10,62,67,21,26,102,1"/><W104/><G119/><T134/><D134/><U105/><E69/><V111/><F111/><W97/><G130/><T89/><D129/><U30/><E128/><V107/><F107/><W103/><G125/><T36/><D36/><U70/><E70/><V90/><F126/><W56/><G72/><T59/><D75/><U5/><E133/><V121/><F121/><W8/><G103/><T124/><D73/><U31/><E74/><V60/><F77/><W24/><G33/><T68/><D68/><U27/><E117/><V25/><F4/><W45/><G45/><T61/><D46/><N who="1" m="25679" /><E105/><V127/><F127/><W39/><G39/><T42/><D42/><U32/><E32/><V40/><F40/><W83/><G83/><T80/><D124/><U2/><E2/><V118/><F118/><W76/><G76/><T52/><D80/><U37/><E37/><V96/><F96/><W78/><G78/><T99/><D85/><U115/><E115/><V12/><F43/><W13/><G1/><T28/><D28/><U112/><E27/><AGARI ba="0,0" hai="19,20,27,52,55,57,59,61,63,89,92,93,94,99" machi="27" ten="30,12000,2" yaku="7,1,9,1,25,2,8,1,54,1" doraHai="110" who="0" fromWho="1" sc="195,120,313,-120,168,0,324,0" /><INIT seed="4,0,0,0,1,15" ten="315,193,168,324" oya="0" hai0="60,80,107,32,95,87,119,23,93,31,94,121,91" hai1="105,25,57,67,130,104,44,68,86,2,96,16,46" hai2="88,64,134,30,133,12,8,62,117,122,102,43,92" hai3="65,113,123,33,77,54,42,0,9,51,58,53,26"/><T82/><D32/><U3/><E68/><V24/><F122/><W129/><G123/><T114/><D121/><U39/><E130/><V132/><F117/><W69/><G69/><T70/><D119/><U61/><E86/><V13/><F43/><W78/><G65/><T41/><D70/><U27/><E39/><V28/><F102/><W106/><G106/><T36/><D36/><U22/><E27/><V76/><F76/><W89/><G42/><T110/><D41/><U74/><E74/><V63/><F13/><W101/><G101/><T85/><D107/><U131/><E131/><V52/><F64/><W1/><G129/><T14/><D110/><U73/><E73/><V128/><F128/><W56/><G113/><T72/><D72/><U29/><E96/><N who="2" m="57351" /><F24/><W6/><G1/><T20/><D60/><N who="2" m="23082" /><F52/><W127/><G54/><T97/><D114/><U71/><E71/><V37/><F37/><W49/><G53/><T124/><D31/><U38/><E38/><V120/><F120/><W45/><G77/><T75/><D75/><U109/><E109/><V47/><F47/><N who="1" m="17961" /><E2/><V7/><AGARI ba="0,0" hai="7,8,12,28,30,132,133,134" m="23082,57351" machi="7" ten="40,2700,0" yaku="20,1,54,1" doraHai="15" who="2" fromWho="2" sc="315,-13,193,-7,168,27,324,-7" /><INIT seed="5,0,0,2,5,108" ten="302,186,195,317" oya="1" hai0="5,2,93,32,41,78,44,0,100,88,66,118,43" hai1="60,112,110,38,71,101,30,134,27,133,123,73,8" hai2="21,24,81,6,68,111,104,13,53,106,95,115,76" hai3="122,65,54,116,4,22,14,107,48,124,67,92,90"/><U19/><E73/><V125/><F111/><W114/><G107/><T47/><D32/><U113/><E110/><V45/><F68/><W9/><G122/><T25/><D118/><U126/><E38/><V35/><F35/><W75/><G75/><T84/><D25/><U121/><E126/><V120/><F120/><N who="1" m="46153" /><E101/><V85/><F125/><W46/><G124/><T69/><D100/><U82/><E82/><V89/><F6/><W36/><G116/><T131/><D131/><U51/><E51/><V31/><F13/><W28/><G36/><T42/><D78/><U33/><E71/><V83/><F83/><W29/><G22/><T57/><D69/><U105/><E60/><V34/><F34/><W7/><G7/><T117/><D117/><U18/><E105/><V59/><F45/><W15/><G15/><T61/><D5/><U72/><E72/><V26/><F26/><W23/><G23/><T98/><D2/><U132/><E8/><V86/><REACH who="2" step="1"/><F115/><AGARI ba="0,0" hai="18,19,27,30,33,112,113,115,132,133,134" m="46153" machi="115" ten="40,18000,2" yaku="15,1,20,1,34,2,52,3" doraHai="108" who="1" fromWho="2" sc="302,0,186,180,195,-180,317,0" /><INIT seed="5,1,0,2,1,67" ten="302,366,15,317" oya="1" hai0="64,48,37,114,66,115,94,62,58,11,132,19,68" hai1="131,23,77,108,45,97,34,31,47,123,25,80,60" hai2="124,13,88,118,122,43,65,28,126,36,73,24,41" hai3="130,93,134,107,78,74,49,71,22,57,63,39,101"/><U30/><E123/><V96/><F118/><W103/><G107/><T70/><D37/><U116/><E116/><V59/><F122/><W135/><G39/><T91/><D132/><N who="3" m="50729" /><G130/><T26/><D48/><U76/><E131/><V127/><F73/><W83/><G22/><N who="0" m="13663" /><D64/><U133/><E133/><V40/><F13/><W32/><G32/><T55/><D66/><U125/><E125/><V121/><F121/><W87/><G49/><T50/><D11/><U111/><E34/><V89/><F36/><W8/><G8/><T9/><D9/><U95/><E31/><V20/><REACH who="2" step="1"/><F96/><REACH who="2" ten="302,366,5,317" step="2"/><W117/><G117/><T120/><D120/><U104/><E97/><V119/><F119/><W27/><G74/><T12/><D12/><U128/><E128/><V69/><F69/><N who="0" m="26730" /><D50/><U1/><E111/><V92/><F92/><W0/><G71/><T52/><D55/><U14/><E108/><V82/><F82/><W5/><G27/><T113/><D113/><U38/><E80/><V7/><F7/><W72/><G5/><T42/><D42/><U10/><E25/><V112/><F112/><W105/><G0/><T61/><D61/><AGARI ba="1,1" hai="20,24,28,40,41,43,59,61,65,88,89,124,126,127" machi="61" ten="50,8000,1" yaku="1,1,18,1,54,1,53,1" doraHai="67" doraHaiUra="17" who="2" fromWho="0" sc="302,-83,366,0,5,93,317,0" /><INIT seed="6,0,0,5,3,11" ten="219,366,98,317" oya="2" hai0="105,38,28,10,86,124,46,98,109,111,15,64,12" hai1="112,8,131,13,31,40,23,78,3,34,90,96,85" hai2="72,120,103,27,66,71,129,91,104,97,125,1,81" hai3="51,35,32,24,21,113,20,16,43,18,60,74,29"/><V6/><F120/><W107/><G74/><T5/><D124/><U7/><E131/><V84/><F125/><W41/><G107/><T63/><D28/><U49/><E112/><V17/><F129/><W9/><G113/><T69/><D86/><U52/><E40/><V44/><F44/><W87/><G60/><T4/><D105/><U121/><E121/><V128/><F128/><W55/><G9/><T65/><D98/><U110/><E110/><V127/><F127/><W108/><G108/><T37/><D46/><N who="1" m="27703" /><E3/><V130/><F130/><W54/><G87/><T57/><D57/><U76/><E96/><V36/><F36/><W73/><G73/><T89/><D89/><U101/><E101/><V95/><F6/><W92/><G92/><T102/><D10/><U42/><E42/><V0/><F66/><W126/><G126/><T56/><D56/><U106/><E34/><V79/><REACH who="2" step="1"/><F71/><REACH who="2" ten="219,366,88,317" step="2"/><W122/><G122/><T132/><D69/><U75/><E7/><V133/><F133/><W116/><G43/><T30/><D132/><U48/><E75/><V88/><F88/><W70/><G41/><T62/><D102/><U58/><E90/><V2/><F2/><W117/><G70/><T100/><D100/><U119/><E78/><V14/><F14/><W47/><G55/><T50/><D38/><U67/><E76/><V33/><F33/><W19/><REACH who="3" step="1"/><G35/><REACH who="3" ten="219,366,88,307" step="2"/><T134/><D134/><U115/><E115/><V26/><F26/><W135/><G135/><T118/><D109/><U53/><E53/><V93/><F93/><W82/><G82/><T39/><D111/><RYUUKYOKU ba="0,2" sc="219,-15,366,-15,88,15,307,15" hai2="0,1,17,27,72,79,81,84,91,95,97,103,104" hai3="16,18,19,20,21,24,29,32,47,51,54,116,117" /><INIT seed="6,1,2,3,1,104" ten="204,351,103,322" oya="2" hai0="42,16,90,73,11,23,100,77,106,128,94,118,70" hai1="80,113,20,116,64,40,45,99,76,72,122,53,58" hai2="135,96,59,2,6,89,17,92,36,1,9,47,123" hai3="31,74,120,3,29,83,38,124,56,126,39,24,8"/><V52/><F123/><W46/><G56/><T95/><D70/><U5/><E116/><V34/><F135/><W62/><G62/><T67/><D67/><U15/><E122/><V109/><F109/><W78/><G120/><T33/><D33/><U114/><E64/><V19/><F34/><N who="3" m="20775" /><G31/><T86/><D118/><U117/><E117/><V107/><F2/><W108/><G108/><T50/><D128/><U97/><E5/><V49/><REACH who="2" step="1"/><F107/><REACH who="2" ten="204,351,93,322" step="2"/><W44/><G3/><T101/><D106/><U82/><E114/><V13/><F13/><W30/><G124/><T111/><D111/><U61/><E113/><V32/><F32/><W91/><G126/><T10/><D10/><U84/><E15/><V121/><F121/><W119/><G8/><T26/><D11/><U125/><E125/><V27/><F27/><W81/><G119/><T69/><D69/><U105/><E105/><V18/><F18/><W14/><G14/><T79/><D16/><U54/><E20/><V35/><F35/><W68/><G68/><T112/><D26/><U25/><E25/><V7/><F7/><W103/><G30/><T110/><D110/><U55/><E61/><V65/><F65/><W4/><G4/><T133/><D23/><U51/><E58/><V132/><F132/><W127/><G127/><T115/><D133/><U12/><E12/><V21/><F21/><W88/><G44/><T63/><D63/><U43/><E45/><V0/><F0/><W134/><G46/><T48/><D115/><U60/><E60/><V130/><F130/><W85/><G134/><T37/><D112/><RYUUKYOKU ba="1,3" sc="204,-10,351,-10,93,30,322,-10" hai2="1,6,9,17,19,36,47,49,52,59,89,92,96" /><INIT seed="6,2,3,5,3,109" ten="194,341,123,312" oya="2" hai0="86,124,18,53,11,72,76,107,42,83,23,87,82" hai1="108,105,118,10,96,74,126,130,44,24,52,131,111" hai2="59,97,128,115,110,50,122,22,66,77,84,32,133" hai3="29,106,71,78,81,37,119,58,101,94,68,114,47"/><V63/><F122/><W64/><G119/><T104/><D124/><U60/><E118/><V36/><F32/><W30/><G106/><T95/><D11/><U20/><E126/><V62/><F36/><W39/><G58/><T21/><D42/><U79/><E10/><V129/><F110/><W61/><G71/><T34/><D34/><U112/><E112/><V14/><F133/><W31/><G114/><T85/><D53/><U70/><E79/><V48/><F115/><W134/><G134/><T121/><D21/><U19/><E74/><V0/><F0/><W28/><G28/><T40/><D40/><U6/><E6/><V89/><F77/><W92/><G47/><T12/><D121/><U90/><E70/><V43/><F97/><W17/><G17/><T113/><D113/><U2/><E2/><V38/><F38/><W103/><G39/><T15/><D83/><U4/><E4/><V26/><F14/><W1/><G1/><T91/><REACH who="0" step="1"/><D12/><REACH who="0" ten="184,341,123,312" step="2"/><U3/><E111/><V45/><F63/><W117/><G117/><T132/><D132/><U35/><E60/><V56/><F56/><W116/><G116/><T65/><D65/><U98/><E108/><V25/><F50/><W75/><G37/><T123/><D123/><U51/><E35/><V54/><F43/><W8/><G8/><T49/><D49/><U135/><E135/><V7/><F7/><W93/><AGARI ba="2,4" hai="29,30,31,61,64,68,75,78,81,92,93,94,101,103" machi="93" ten="30,1100,0" yaku="0,1" doraHai="109" who="3" fromWho="3" sc="184,-5,341,-5,123,-7,312,57" /><INIT seed="7,0,0,1,1,27" ten="179,336,116,369" oya="3" hai0="100,98,92,123,17,69,133,103,71,80,77,38,101" hai1="15,2,126,41,39,82,50,62,91,11,55,90,120" hai2="20,135,70,3,115,73,106,57,102,28,26,12,37" hai3="87,29,89,63,31,24,54,68,124,78,7,131,22"/><W64/><G131/><T117/><D123/><U72/><E120/><V13/><F73/><W61/><G78/><T48/><D117/><U127/><E2/><V88/><F37/><W93/><G124/><N who="1" m="47658" /><E62/><V67/><F70/><W19/><G7/><T74/><D38/><U8/><E39/><V96/><F115/><W5/><G5/><T121/><D121/><U33/><E41/><V51/><F3/><W118/><G118/><T79/><D79/><N who="1" m="44391" /><E11/><V122/><F122/><W43/><G43/><T18/><D18/><U99/><E99/><V40/><F135/><W109/><G109/><T58/><D133/><U108/><E108/><V125/><F125/><W110/><G110/><T16/><D69/><U1/><E1/><V97/><F67/><W60/><G60/><T9/><D17/><U35/><E55/><V52/><F40/><W75/><G75/><T49/><D71/><U116/><E50/><V119/><REACH who="2" step="1"/><F119/><REACH who="2" ten="179,336,106,369" step="2"/><W44/><G68/><T111/><D111/><U132/><E132/><V84/><F84/><W59/><G64/><T32/><D74/><U56/><E116/><V46/><F46/><W104/><G44/><T134/><D134/><U45/><E45/><V36/><F36/><W94/><G59/><T0/><D58/><U105/><E56/><V83/><F83/><W25/><G54/><T130/><D80/><U23/><E105/><V85/><F85/><W53/><G104/><T21/><D0/><U14/><E23/><V95/><AGARI ba="0,1" hai="12,13,20,26,28,51,52,57,88,95,96,97,102,106" machi="95" ten="30,12000,2" yaku="1,1,0,1,52,1,54,2,53,1" doraHai="27" doraHaiUra="86" who="2" fromWho="2" sc="179,-30,336,-30,106,130,369,-60" owari="149,-35.0,306,11.0,236,-16.0,309,40.0" /></mjloggm>