<mjloggm ver="2.3"><GO type="169" lobby="0"/><UN n0="%E3%82%88%E3%81%93%40%63" n1="%E6%82%A0%E3%80%85%2E" n2="%E3%82%BC%E3%83%B3%E3%83%84%E3%82%A1%E3%83%BC%E3%83%95%E3%82%A9%E3%83%BC" n3="%E3%81%8D%E3%81%BE%E3%81%99" dan="17,17,16,17" rate="2132.48,2179.97,2116.19,2225.53" sx="F,M,M,M"/><TAIKYOKU oya="0"/><INIT seed="0,0,0,1,2,120" ten="250,250,250,250" oya="0" hai0="5,134,68,62,101,81,16,127,69,86,107,93,65" hai1="23,4,49,135,123,24,108,97,45,54,83,9,11" hai2="25,126,14,121,115,131,17,118,67,43,105,2,106" hai3="78,132,37,100,104,10,109,42,38,36,34,51,53"/><T87/><D134/><U48/><E123/><V32/><F121/><W46/><G132/><T70/><D127/><U56/><E135/><V99/><F43/><W72/><G34/><T20/><D107/><U96/><E108/><V133/><F133/><W0/><G100/><T75/><D75/><U19/><E83/><V84/><F67/><W41/><G104/><T76/><D5/><U77/><E77/><V79/><F84/><W95/><G95/><T61/><D61/><U89/><E89/><V74/><F79/><W59/><G109/><T98/><REACH who="0" step="1"/><D87/><REACH who="0" ten="240,250,250,250" step="2"/><U71/><E4/><V88/><F74/><W30/><G72/><T114/><D114/><U125/><E125/><V26/><F105/><W90/><G78/><T6/><D6/><U64/><E71/><V91/><F106/><W80/><G0/><T111/><D111/><U73/><E73/><V13/><F115/><W8/><G80/><T94/><D94/><U52/><REACH who="1" step="1"/><E64/><REACH who="1" ten="240,240,250,250" step="2"/><V47/><F126/><W55/><G90/><T82/><D82/><U28/><E28/><V39/><F88/><W33/><G30/><T112/><D112/><U102/><E102/><V122/><F91/><W92/><G92/><T18/><D18/><U119/><E119/><V44/><F122/><W21/><G33/><T7/><D7/><U1/><E1/><V113/><F2/><W58/><G10/><AGARI ba="0,2" hai="9,10,11,19,23,24,45,48,49,52,54,56,96,97" machi="10" ten="40,5200,0" yaku="1,1,8,1,54,1,53,0" doraHai="120" doraHaiUra="63" who="1" fromWho="3" sc="240,0,240,72,250,0,250,-52" /><INIT seed="1,0,0,2,3,100" ten="240,312,250,198" oya="1" hai0="67,27,35,88,103,112,106,38,41,44,55,61,125" hai1="25,129,8,66,108,33,116,47,93,40,107,14,105" hai2="51,135,114,29,80,13,32,128,22,76,34,132,110" hai3="74,101,131,70,20,134,71,85,72,130,109,82,11"/><U52/><E116/><V123/><F123/><W37/><G11/><T18/><D125/><U81/><E66/><V54/><F110/><W60/><G37/><T50/><D112/><U1/><E1/><V12/><F128/><N who="3" m="49195" /><G109/><T7/><D7/><U23/><E108/><V104/><F104/><W16/><G134/><N who="2" m="51241" /><F114/><W19/><G60/><T78/><D78/><U77/><E33/><N who="2" m="12907" /><F29/><W53/><G53/><T102/><D106/><U133/><E52/><V57/><F22/><W97/><G19/><T64/><D64/><U65/><E65/><V90/><F90/><N who="3" m="51511" /><G71/><T43/><D43/><U83/><E133/><V3/><F3/><W118/><G70/><T111/><D111/><U92/><E129/><V58/><F57/><W10/><G10/><T73/><D35/><U89/><E47/><V5/><F5/><W9/><G9/><T68/><D18/><U31/><E40/><V121/><F121/><W17/><G17/><T95/><D27/><U36/><E36/><V39/><F39/><W113/><G113/><T115/><D115/><U124/><E124/><V21/><F21/><W30/><G30/><T84/><D73/><AGARI ba="0,0" hai="12,13,51,54,58,73,76,80" m="12907,51241" machi="73" ten="30,1000,0" yaku="20,1" doraHai="100" who="2" fromWho="0" sc="240,-10,312,0,250,10,198,0" /><INIT seed="2,0,0,3,2,95" ten="230,312,260,198" oya="2" hai0="74,100,105,19,118,20,84,134,121,90,73,14,120" hai1="130,123,91,42,24,119,70,117,26,131,85,34,12" hai2="1,4,33,0,23,135,60,61,88,11,18,49,10" hai3="128,30,62,45,52,110,98,51,122,28,39,80,63"/><V54/><F135/><W103/><G110/><T35/><D134/><U46/><E70/><V109/><F33/><W7/><G128/><N who="1" m="49194" /><E123/><V126/><F126/><W115/><G39/><T9/><D118/><N who="1" m="45067" /><E12/><V53/><F109/><W13/><G122/><T67/><D35/><U56/><E56/><V113/><F113/><W112/><G80/><T27/><D67/><U58/><E58/><V43/><F43/><W3/><G3/><T36/><D36/><N who="1" m="21831" /><E34/><V64/><F23/><W48/><G13/><T102/><D121/><U124/><E124/><V125/><F64/><W78/><G7/><T77/><D120/><U111/><E111/><V114/><F114/><N who="3" m="43563" /><G48/><T16/><D77/><U106/><E106/><V93/><F49/><W25/><G78/><T79/><D79/><U69/><E69/><V31/><F4/><W132/><G132/><T37/><D37/><U22/><E22/><V101/><F0/><W87/><G30/><T2/><D2/><U55/><E55/><V75/><F1/><W17/><G17/><T5/><D19/><U44/><E44/><V127/><F31/><W129/><G129/><T29/><D5/><U59/><E59/><V41/><F18/><W99/><G25/><T65/><D65/><U94/><AGARI ba="0,0" hai="24,26,85,91,94" m="21831,45067,49194" machi="94" ten="30,1100,0" yaku="19,1" doraHai="95" who="1" fromWho="1" sc="230,-3,312,11,260,-5,198,-3" /><INIT seed="3,0,0,2,4,71" ten="227,323,255,195" oya="3" hai0="26,80,87,41,94,47,123,95,133,82,86,19,61" hai1="64,83,77,6,36,124,127,60,50,93,57,45,98" hai2="84,62,38,74,42,103,56,97,18,59,48,15,106" hai3="0,112,24,104,107,70,128,3,20,2,78,55,32"/><W81/><G70/><T44/><D133/><U110/><E6/><V85/><F74/><W40/><G40/><T119/><D119/><U4/><E4/><V129/><F129/><W75/><G128/><T100/><D123/><U5/><E5/><V10/><F38/><W67/><G67/><T68/><D68/><U89/><E110/><V22/><F10/><W52/><G32/><T49/><D61/><U39/><E50/><V109/><F109/><W99/><G112/><T92/><D47/><U25/><E25/><V65/><REACH who="2" step="1"/><F56/><REACH who="2" ten="227,323,245,195" step="2"/><W16/><REACH who="3" step="1"/><G107/><REACH who="3" ten="227,323,245,185" step="2"/><T66/><D66/><U116/><E64/><V117/><F117/><W7/><G7/><T130/><D130/><U33/><E116/><V115/><F115/><W31/><G31/><T114/><D114/><U120/><E120/><V11/><F11/><W58/><G58/><T17/><D100/><AGARI ba="0,2" hai="0,2,3,16,20,24,52,55,75,78,81,99,100,104" machi="100" ten="40,7700,0" yaku="1,1,54,2,53,0" doraHai="71" doraHaiUra="46" who="3" fromWho="0" sc="227,-77,323,0,245,0,185,97" /><INIT seed="3,1,0,4,1,118" ten="150,323,245,282" oya="3" hai0="82,58,63,51,105,25,111,134,61,41,127,107,113" hai1="85,50,126,132,97,52,115,128,15,124,29,3,48" hai2="14,8,92,18,57,133,99,123,131,37,20,121,47" hai3="11,76,55,81,2,91,53,10,90,122,94,16,79"/><W30/><G2/><T39/><D113/><U68/><E3/><V109/><F109/><W27/><G30/><T104/><D111/><U19/><E115/><V36/><F131/><W125/><G125/><T49/><D127/><U129/><E68/><V83/><F133/><W120/><G27/><T40/><D134/><U23/><E132/><V71/><F71/><W46/><G94/><T103/><D25/><N who="1" m="16575" /><E48/><V67/><F83/><W59/><G59/><T56/><D82/><U32/><E32/><V102/><F8/><W28/><G28/><T22/><D22/><N who="1" m="11647" /><E85/><V70/><F70/><W119/><G81/><T13/><D13/><U114/><E97/><V62/><REACH who="2" step="1"/><F47/><REACH who="2" ten="150,323,235,282" step="2"/><W80/><G46/><T74/><D74/><U34/><E114/><V98/><F98/><W101/><G80/><T12/><D12/><U112/><E112/><V1/><F1/><W6/><G119/><T31/><D31/><U110/><E110/><V17/><F17/><W87/><G16/><T93/><D39/><AGARI ba="1,1" hai="14,18,20,36,37,39,57,62,67,92,99,102,121,123" machi="39" ten="40,5200,0" yaku="1,1,52,2,53,0" doraHai="118" doraHaiUra="45" who="2" fromWho="0" sc="150,-55,323,0,235,65,282,0" /><INIT seed="4,0,0,0,0,68" ten="95,323,300,282" oya="0" hai0="77,95,101,105,43,84,28,89,102,87,82,59,98" hai1="12,45,74,133,65,113,48,10,5,35,130,106,124" hai2="79,108,66,17,16,88,60,19,55,30,93,122,52" hai3="134,69,120,116,58,90,132,119,23,115,37,71,1"/><T2/><D2/><U128/><E124/><V46/><F108/><W33/><G1/><T50/><D28/><U100/><E133/><N who="3" m="51306" /><G33/><T29/><D29/><U44/><E113/><V114/><F122/><W32/><G32/><T117/><D117/><N who="3" m="45129" /><G90/><N who="0" m="55671" /><D59/><U34/><E74/><V8/><F79/><W18/><G120/><T0/><D50/><U111/><E111/><V20/><F114/><W73/><G73/><N who="0" m="43311" /><D43/><U97/><E65/><V67/><F8/><W51/><G115/><T14/><D14/><U13/><E12/><V54/><F30/><W91/><G37/><T109/><D0/><U123/><E123/><V86/><F20/><W83/><G51/><T121/><D121/><U38/><E38/><V107/><F107/><W42/><G58/><T129/><D109/><U22/><E22/><V112/><F112/><W125/><G42/><T80/><D129/><N who="1" m="49771" /><E44/><V70/><F66/><W40/><G40/><AGARI ba="0,0" hai="5,10,13,34,35,40,45,48,97,100,106" m="49771" machi="40" ten="30,1000,0" yaku="19,1" doraHai="68" who="1" fromWho="3" sc="95,0,323,10,300,0,282,-10" /><INIT seed="5,0,0,0,1,86" ten="95,333,300,272" oya="1" hai0="88,102,61,65,20,96,85,127,129,22,76,5,110" hai1="32,45,125,124,116,66,82,71,46,49,91,54,19" hai2="78,60,39,94,84,107,24,98,7,42,1,69,90" hai3="100,132,57,114,109,113,97,29,6,25,30,27,70"/><U40/><E32/><V53/><F39/><W117/><G70/><T73/><D129/><U133/><E116/><V50/><F42/><W99/><G117/><T9/><D127/><U3/><E3/><V10/><F24/><N who="3" m="9291" /><G109/><T63/><D110/><U77/><E133/><V112/><F112/><N who="3" m="43115" /><G132/><T119/><D119/><U115/><E115/><V43/><F43/><W33/><G6/><T2/><D76/><U74/><E66/><V0/><F0/><W95/><G33/><T12/><D73/><U48/><E71/><V128/><F128/><W28/><G57/><T64/><D2/><U4/><E4/><V51/><F69/><W41/><G41/><T104/><D65/><U105/><E105/><V15/><F1/><W17/><G17/><T52/><D63/><U36/><E36/><V122/><F122/><W121/><G99/><T87/><D85/><U38/><E19/><V56/><F107/><W14/><G14/><T68/><REACH who="0" step="1"/><D52/><REACH who="0" ten="85,333,300,272" step="2"/><N who="1" m="29711" /><E125/><V55/><F53/><W18/><G121/><T126/><D126/><U37/><E124/><V89/><F78/><W79/><G79/><T101/><D101/><U13/><E54/><V34/><F34/><W131/><G100/><T92/><AGARI ba="0,1" hai="5,9,12,20,22,61,64,68,87,88,92,96,102,104" machi="92" ten="20,12000,2" yaku="1,1,0,1,7,1,52,1,54,1,53,1" doraHai="86" doraHaiUra="83" who="0" fromWho="0" sc="85,130,333,-60,300,-30,272,-30" /><INIT seed="6,0,0,1,2,91" ten="215,273,270,242" oya="2" hai0="51,107,108,3,103,74,30,48,130,63,121,33,132" hai1="78,58,104,120,96,53,56,102,131,19,113,32,49" hai2="61,115,110,127,42,66,52,62,11,44,73,29,15" hai3="125,98,72,54,65,76,37,60,16,64,67,94,117"/><V135/><F73/><W129/><G37/><T18/><D3/><U89/><E113/><V22/><F115/><W59/><G129/><T111/><D74/><U100/><E32/><V35/><F35/><W21/><G125/><T36/><D36/><U10/><E131/><V20/><F135/><W2/><G2/><T41/><D132/><U83/><E120/><V57/><F127/><W85/><G72/><T8/><D130/><U46/><E102/><V70/><F29/><W31/><G31/><T88/><D121/><U38/><E78/><V81/><F81/><N who="3" m="47271" /><G117/><T69/><D18/><U6/><E38/><V86/><F86/><W87/><G87/><T116/><D8/><U23/><E89/><V40/><F110/><W25/><G65/><T68/><D116/><U77/><E10/><V128/><F128/><W124/><G124/><T39/><D39/><U93/><E104/><V80/><F80/><W75/><G75/><T105/><D105/><U14/><E6/><V82/><F82/><W84/><G84/><AGARI ba="0,0" hai="14,19,23,46,49,53,56,58,77,83,84,93,96,100" machi="84" ten="30,3900,0" yaku="7,1,8,1,52,1" doraHai="91" who="1" fromWho="3" sc="215,0,273,39,270,0,242,-39" /><INIT seed="7,0,0,5,4,119" ten="215,312,270,203" oya="3" hai0="14,120,89,103,67,92,1,12,83,38,30,55,15" hai1="65,125,122,98,54,23,87,21,3,25,129,91,115" hai2="105,72,18,27,124,29,39,134,9,93,114,127,13" hai3="85,61,110,59,41,42,68,10,117,62,77,97,81"/><W34/><G117/><T24/><D120/><U80/><E122/><V44/><F114/><W37/><G110/><T45/><D1/><U133/><E3/><V121/><F121/><W113/><G34/><T63/><D103/><U95/><E133/><V60/><F105/><W48/><G37/><T123/><D123/><U64/><E129/><V73/><F93/><W8/><G113/><T107/><D107/><U101/><E125/><N who="2" m="48203" /><F60/><N who="3" m="23147" /><G97/><T2/><D2/><U26/><E54/><V102/><F102/><W5/><G68/><T4/><D4/><U66/><E115/><V40/><F134/><W19/><G19/><T35/><D83/><U11/><E11/><N who="3" m="4138" /><G5/><T82/><D82/><U75/><E75/><V94/><F94/><W126/><G126/><T69/><D38/><U109/><E109/><V96/><F96/><W53/><AGARI ba="0,0" hai="41,42,48,53,59,77,81,85" m="4138,23147" machi="53" ten="30,1500,0" yaku="8,1" doraHai="119" who="3" fromWho="3" sc="215,-5,312,-5,270,-5,203,15" /><INIT seed="7,1,0,5,4,111" ten="210,307,265,218" oya="3" hai0="110,101,118,108,23,21,70,109,66,130,59,39,10" hai1="49,45,30,79,86,58,124,7,76,1,123,81,40" hai2="88,95,65,106,9,82,54,91,122,87,78,116,48" hai3="127,120,102,31,62,121,32,90,73,4,126,61,0"/><W113/><G102/><T105/><D118/><U64/><E123/><N who="3" m="47178" /><G73/><T44/><D130/><U125/><E30/><V43/><F116/><W33/><G31/><T132/><D132/><U53/><E64/><V3/><F106/><W51/><G51/><T94/><D105/><U96/><E96/><V104/><F104/><W37/><G90/><T114/><D70/><U97/><E97/><N who="2" m="57599" /><F3/><W15/><G37/><T103/><D10/><U63/><E7/><V26/><F43/><W107/><G107/><T29/><D59/><U47/><E1/><V67/><F9/><N who="3" m="2183" /><G62/><T19/><D66/><N who="2" m="25098" /><F26/><W98/><G61/><T134/><D134/><U135/><E135/><V75/><F75/><W69/><G69/><T92/><D44/><N who="1" m="25735" /><E76/><V16/><F122/><W18/><G98/><T56/><D56/><U129/><E129/><V85/><F48/><W6/><G6/><T93/><D39/><U50/><E50/><V52/><F16/><W25/><G25/><T2/><D2/><U41/><E41/><V71/><F71/><W77/><G77/><T17/><D29/><U115/><E47/><V46/><F46/><W34/><G113/><T100/><D114/><U112/><E45/><V55/><F54/><W128/><G128/><T28/><D28/><U74/><E74/><V14/><F14/><W5/><G5/><T119/><D119/><U68/><E68/><V24/><F24/><W133/><G133/><T84/><D84/><U72/><E72/><V60/><F60/><W11/><AGARI ba="1,0" hai="11,15,18,32,33,34,126,127" m="2183,47178" machi="11" ten="40,3900,0" yaku="34,2" doraHai="111" who="3" fromWho="3" sc="210,-14,307,-14,265,-14,218,42" /><INIT seed="7,2,0,2,3,89" ten="196,293,251,260" oya="3" hai0="58,121,133,86,93,107,11,92,126,47,7,114,74" hai1="52,127,111,105,134,21,128,112,94,97,31,44,100" hai2="118,135,77,104,23,25,6,33,102,41,73,27,45" hai3="42,2,67,56,125,8,71,0,95,103,4,131,78"/><W29/><G131/><T68/><D121/><U65/><E111/><V61/><F118/><W49/><G2/><T40/><D107/><U76/><E128/><V85/><F73/><W16/><G125/><T17/><D74/><U106/><E127/><V53/><F6/><W18/><G29/><T88/><D126/><U3/><E3/><V54/><F33/><W24/><G78/><T80/><D68/><U34/><E112/><V10/><F10/><W124/><G24/><T63/><D114/><U26/><E134/><V38/><F27/><W91/><G103/><T50/><D17/><U115/><E115/><V46/><F61/><W15/><G0/><T5/><D133/><U20/><E65/><V130/><F130/><W59/><G71/><T119/><D119/><U37/><E76/><V99/><F46/><N who="3" m="25815" /><G124/><T57/><D57/><N who="3" m="22089" /><G67/><N who="0" m="39415" /><D5/><U122/><E122/><V66/><F66/><W12/><G12/><AGARI ba="2,0" hai="7,11,12,40,47,50,80,86,88,92,93" m="39415" machi="12" ten="30,7700,0" yaku="8,1,52,2,54,1" doraHai="89" who="0" fromWho="3" sc="196,83,293,0,251,0,260,-83" /><INIT seed="8,0,0,2,1,43" ten="279,293,251,177" oya="0" hai0="6,42,18,113,99,74,59,121,133,103,120,65,132" hai1="82,41,45,135,30,94,58,124,106,20,105,48,115" hai2="89,128,13,0,101,76,57,7,28,32,47,60,126" hai3="40,24,72,4,63,54,119,125,122,3,26,67,79"/><T108/><D74/><U64/><E135/><N who="0" m="51785" /><D108/><U11/><E124/><V91/><F128/><W12/><G125/><T14/><D6/><U116/><E116/><V38/><F76/><W102/><G122/><T123/><D113/><U118/><E118/><V44/><F101/><W109/><G109/><T71/><D71/><U61/><E115/><V10/><F126/><W39/><G119/><T78/><D78/><U1/><E82/><V25/><F0/><W53/><G102/><T22/><D42/><U23/><E94/><V80/><F38/><W27/><G3/><T52/><D65/><U31/><E20/><N who="2" m="15399" /><F80/><W87/><G72/><T75/><D75/><U81/><E81/><V98/><F32/><W110/><G110/><T85/><D85/><U83/><E83/><V112/><F112/><W93/><G79/><T21/><D21/><U55/><E41/><V50/><F50/><W56/><G40/><T35/><D35/><U95/><E23/><V68/><F68/><W9/><REACH who="3" step="1"/><G39/><REACH who="3" ten="279,293,251,167" step="2"/><T49/><D123/><U97/><E1/><V62/><F91/><AGARI ba="0,1" hai="4,9,12,24,26,27,53,54,56,63,67,87,91,93" machi="91" ten="40,8000,1" yaku="1,1,2,1,8,1,53,1" doraHai="43" doraHaiUra="88" who="3" fromWho="2" sc="279,0,293,0,251,-80,167,90" /><INIT seed="9,0,0,0,4,107" ten="279,293,171,257" oya="1" hai0="92,23,132,65,37,82,0,126,27,97,112,68,74" hai1="88,86,50,134,75,8,11,40,93,103,4,87,57" hai2="106,6,17,100,49,31,32,12,63,83,124,48,22" hai3="130,7,52,20,61,18,123,114,62,66,101,72,67"/><U10/><E75/><V127/><F6/><W89/><G114/><T54/><D0/><U109/><E134/><V53/><F83/><W76/><G101/><T113/><D37/><U60/><E109/><V15/><F15/><W110/><G7/><T129/><D132/><U1/><E103/><V131/><F131/><W104/><G130/><T118/><D126/><N who="2" m="48170" /><F106/><W70/><G110/><T34/><D34/><U30/><E30/><V99/><F63/><W73/><G123/><T29/><D129/><U24/><E24/><N who="2" m="18535" /><F53/><W117/><G104/><T91/><D118/><U13/><E1/><V47/><F47/><W58/><G76/><T95/><D54/><N who="1" m="33847" /><E87/><V2/><F2/><W77/><G77/><T69/><D113/><U45/><AGARI ba="0,0" hai="4,8,10,11,13,40,45,50,86,88,93" m="33847" machi="45" ten="30,3000,0" yaku="8,1,54,1" doraHai="107" who="1" fromWho="1" sc="279,-10,293,30,171,-10,257,-10" owari="269,7.0,323,42.0,161,-34.0,247,-15.0" /></mjloggm>