<mjloggm ver="2.3"><GO type="185" lobby="0"/><UN n0="%74%69%65%66%62%6C%61%75" n1="%E9%AC%BC" n2="%63%61%6C%63%2E" n3="" dan="16,17,19,0" rate="2145.70,2274.83,2400.61,1500.00" sx="M,F,M,C"/><TAIKYOKU oya="0"/><INIT seed="0,0,0,3,2,101" ten="350,350,350,0" oya="0" hai0="121,84,66,85,75,124,41,65,72,90,73,77,125" hai1="3,102,48,59,89,91,133,122,117,35,42,87,123" hai2="63,86,82,68,76,96,100,108,106,45,64,74,103" hai3=""/><T55/><N who="0" m="31008" /><T39/><D77/><U32/><N who="1" m="31264" /><U113/><N who="1" m="31520" /><U109/><E117/><V92/><F108/><T130/><D130/><U56/><E109/><V116/><F116/><T79/><D79/><U38/><E38/><V70/><F45/><T57/><D41/><U0/><E133/><V119/><F119/><T40/><D40/><U37/><E37/><V71/><F100/><T99/><D39/><U67/><E102/><V53/><F53/><T60/><D99/><U78/><E78/><V128/><F128/><T52/><D85/><U81/><E113/><V118/><F118/><T51/><D66/><U105/><E42/><V34/><F34/><T36/><D36/><U126/><E67/><V54/><F54/><T69/><REACH who="0" step="1"/><D55/><REACH who="0" ten="340,350,350,0" step="2"/><U50/><E87/><V111/><F111/><T62/><D62/><U80/><E126/><V131/><F131/><T93/><AGARI ba="0,1" hai="51,52,57,60,65,69,72,73,75,84,90,93,124,125" m="31008" machi="93" ten="40,8000,1" yaku="1,1,0,1,52,1,54,1,53,0" doraHai="101" doraHaiUra="43" who="0" fromWho="0" sc="340,90,350,-40,350,-40,0,0" /><INIT seed="0,1,0,3,1,96" ten="430,310,310,0" oya="0" hai0="84,95,34,124,118,0,104,43,70,97,92,107,123" hai1="73,122,47,32,86,68,54,60,50,72,49,121,42" hai2="108,53,45,33,67,103,2,102,114,71,35,52,131" hai3=""/><T119/><D34/><U132/><N who="1" m="31008" /><U99/><N who="1" m="31264" /><U79/><E32/><V116/><F114/><T128/><N who="0" m="31520" /><T76/><D0/><U61/><E132/><V93/><F2/><T38/><D70/><U40/><E99/><V55/><F116/><T36/><D124/><U105/><E105/><V111/><F131/><T89/><D128/><U98/><E98/><V57/><F71/><T129/><D129/><U113/><E113/><V44/><F55/><T112/><D112/><U133/><E133/><V37/><F93/><T109/><D109/><U1/><E1/><V82/><F57/><T66/><D38/><U135/><E135/><V94/><F94/><T85/><D104/><U56/><E40/><V51/><F37/><T75/><D75/><U87/><E72/><V106/><F106/><T115/><D36/><U100/><E73/><V90/><F67/><T48/><D107/><U83/><E68/><V134/><F134/><T81/><D115/><U130/><E130/><V120/><N who="2" m="30752" /><V117/><F117/><T62/><D118/><U39/><E39/><V63/><F33/><T125/><D119/><U127/><E54/><V80/><F35/><T110/><D110/><N who="2" m="42026" /><F53/><T69/><D69/><U3/><E3/><RYUUKYOKU ba="1,0" sc="430,0,310,0,310,0,0,0" /><INIT seed="1,2,0,1,4,107" ten="430,310,310,0" oya="1" hai0="87,83,34,98,51,55,106,102,52,2,79,44,50" hai1="122,43,84,91,48,1,119,41,63,78,59,53,35" hai2="113,129,57,114,116,126,128,111,130,92,68,100,47" hai3=""/><U37/><N who="1" m="31264" /><U132/><E119/><V80/><F68/><T110/><D110/><U117/><E117/><V56/><F116/><T96/><D96/><U38/><E1/><V33/><F111/><T123/><N who="0" m="31520" /><T32/><REACH who="0" step="1"/><D2/><REACH who="0" ten="420,310,310,0" step="2"/><U121/><N who="1" m="31008" /><U82/><E35/><V103/><F129/><T104/><D104/><U85/><E132/><V77/><F128/><T134/><D134/><U93/><REACH who="1" step="1"/><E63/><REACH who="1" ten="420,300,310,0" step="2"/><V86/><F130/><T89/><D89/><U101/><E101/><V74/><F103/><T42/><D42/><AGARI ba="2,2" hai="37,38,41,42,43,48,53,59,78,82,84,85,91,93" m="31008,31264" machi="42" ten="40,7700,0" yaku="1,1,52,2,53,0" doraHai="107" doraHaiUra="61" who="1" fromWho="0" sc="420,-81,300,101,310,0,0,0" /><INIT seed="1,3,0,0,1,103" ten="339,401,310,0" oya="1" hai0="134,117,38,0,123,108,74,86,71,53,120,96,35" hai1="70,107,58,106,102,62,101,132,66,91,83,69,49" hai2="54,41,67,64,127,50,33,42,124,130,94,77,104" hai3=""/><U82/><E132/><V93/><F33/><T89/><RYUUKYOKU type="yao9" ba="3,0" sc="339,0,401,0,310,0,0,0" hai0="0,35,38,53,71,74,86,89,96,108,117,120,123,134" /><INIT seed="1,4,0,4,5,45" ten="339,401,310,0" oya="1" hai0="108,76,0,125,63,37,134,70,95,38,114,41,39" hai1="110,61,120,53,50,72,52,56,94,77,131,100,58" hai2="62,71,65,96,35,83,68,82,57,122,89,118,36" hai3=""/><U75/><N who="1" m="30752" /><U78/><E131/><V128/><N who="2" m="31264" /><V32/><F118/><T48/><D0/><U127/><E127/><V59/><F36/><T101/><D114/><U64/><E110/><V55/><F128/><T119/><D108/><U34/><E34/><V104/><F35/><T105/><D119/><U97/><REACH who="1" step="1"/><E64/><REACH who="1" ten="339,391,310,0" step="2"/><V98/><F32/><T130/><D125/><U124/><E124/><V123/><N who="2" m="31520" /><V40/><F65/><T74/><D130/><U93/><E93/><V103/><F83/><T121/><D105/><U116/><E116/><V90/><F82/><T91/><D38/><U115/><E115/><V66/><F40/><T102/><D39/><U43/><E43/><V54/><F66/><T80/><D37/><U84/><E84/><V81/><F81/><T73/><D74/><AGARI ba="4,1" hai="50,52,53,56,58,61,72,74,75,77,78,94,97,100" m="30752" machi="74" ten="40,12000,1" yaku="1,1,52,2,54,1,53,0" doraHai="45" doraHaiUra="1" who="1" fromWho="0" sc="339,-128,391,138,310,0,0,0" /><INIT seed="1,5,0,1,3,98" ten="211,529,310,0" oya="1" hai0="89,57,128,42,67,109,100,38,103,120,49,45,37" hai1="74,83,86,78,34,39,56,131,3,91,92,60,61" hai2="118,36,65,35,87,99,59,114,52,88,46,51,70" hai3=""/><U32/><E131/><V111/><F118/><T43/><N who="0" m="30752" /><T104/><D109/><U117/><E117/><V62/><F111/><T95/><D128/><U90/><E39/><V112/><F99/><T110/><D110/><U47/><E47/><V73/><F73/><T63/><D104/><U124/><E124/><V64/><F35/><T101/><REACH who="0" step="1"/><D43/><REACH who="0" ten="201,529,310,0" step="2"/><U69/><E32/><V108/><F108/><T115/><D115/><U50/><E34/><V44/><F112/><T71/><D71/><U127/><E127/><V132/><F114/><T55/><D55/><U130/><E130/><V77/><F132/><T1/><D1/><U129/><E3/><V106/><F106/><T80/><D80/><U119/><E129/><V105/><F105/><T123/><N who="0" m="31520" /><T84/><AGARI ba="5,1" hai="37,38,42,45,49,57,63,67,84,89,95,100,101,103" m="31520,30752" machi="84" ten="30,12000,3" yaku="1,1,4,1,0,1,52,5,53,0" doraHai="98" doraHaiUra="76" who="0" fromWho="0" sc="201,140,529,-85,310,-45,0,0" /><INIT seed="2,0,0,0,4,87" ten="341,444,265,0" oya="2" hai0="40,60,56,114,128,132,120,125,32,42,59,70,102" hai1="77,51,117,81,33,116,103,78,126,43,37,99,69" hai2="106,46,47,3,88,75,122,86,49,57,129,36,41" hai3=""/><V97/><N who="2" m="31264" /><V107/><F3/><T130/><N who="0" m="30752" /><T133/><D102/><U109/><E69/><V58/><F75/><T82/><D114/><U92/><E33/><V89/><F129/><N who="0" m="49770" /><D32/><U108/><E37/><V54/><F106/><T93/><D82/><U110/><E126/><V55/><F86/><T118/><D118/><N who="1" m="45675" /><E43/><V115/><F115/><T67/><D93/><U123/><N who="1" m="31520" /><U68/><E68/><V52/><F107/><T95/><D95/><U112/><E112/><V127/><F127/><T94/><D94/><U71/><E71/><V74/><F74/><T96/><D96/><U90/><E51/><V85/><F97/><T34/><D34/><U84/><AGARI ba="0,0" hai="77,78,81,84,90,92,99,103,108,109,110" m="31520,45675" machi="84" ten="40,9000,2" yaku="14,1,12,1,34,2,52,2" doraHai="87" who="1" fromWho="1" sc="341,-30,444,90,265,-60,0,0" /><INIT seed="4,0,0,4,4,124" ten="311,534,205,0" oya="0" hai0="106,79,126,76,61,86,102,1,125,108,115,123,109" hai1="55,88,49,60,2,44,39,129,95,57,110,3,130" hai2="90,81,103,65,69,121,118,0,84,93,78,128,38" hai3=""/><T100/><N who="0" m="31520" /><T71/><D1/><U45/><E110/><N who="0" m="42601" /><D115/><U131/><E39/><V48/><N who="2" m="31008" /><V53/><F0/><N who="1" m="41" /><E60/><V80/><F38/><T77/><D71/><U72/><E72/><V120/><N who="2" m="30752" /><V101/><F118/><T73/><D61/><U64/><E64/><V47/><F128/><T67/><D67/><U52/><E55/><V112/><F112/><T107/><D73/><U96/><AGARI ba="0,0" hai="44,45,49,52,57,88,95,96,129,130,131" m="41" machi="96" ten="40,9000,2" yaku="19,1,52,3,54,2" doraHai="124" who="1" fromWho="1" sc="311,-60,534,90,205,-30,0,0" /><INIT seed="5,0,0,0,2,117" ten="251,624,175,0" oya="1" hai0="108,66,74,135,56,49,34,1,57,111,50,85,63" hai1="61,121,95,106,67,110,127,38,88,65,47,2,32" hai2="84,51,102,40,36,0,109,77,80,76,58,89,100" hai3=""/><U120/><N who="1" m="30752" /><U90/><N who="1" m="31008" /><U64/><E32/><V125/><F0/><T105/><D1/><U70/><E2/><V96/><F109/><N who="0" m="42058" /><D34/><U59/><E106/><V52/><F125/><T122/><D74/><U53/><E110/><V98/><F36/><T124/><D85/><U71/><E90/><V91/><F40/><T131/><D105/><U81/><E81/><V37/><F37/><T73/><D73/><U112/><E112/><V44/><F44/><T62/><N who="0" m="31264" /><T134/><D124/><U87/><E127/><V99/><REACH who="2" step="1"/><F91/><REACH who="2" ten="251,624,165,0" step="2"/><T126/><D126/><U48/><REACH who="1" step="1"/><E38/><REACH who="1" ten="251,614,165,0" step="2"/><V35/><F35/><T39/><D39/><U72/><E72/><V118/><F118/><T78/><D78/><AGARI ba="0,2" hai="51,52,58,76,77,78,80,84,89,96,98,99,100,102" machi="78" ten="40,8000,1" yaku="1,1,8,1,54,1,53,1" doraHai="117" doraHaiUra="54" who="2" fromWho="0" sc="251,-80,614,0,165,100,0,0" /><INIT seed="6,0,0,3,5,79" ten="171,614,265,0" oya="2" hai0="112,77,52,76,40,48,110,55,43,128,60,126,122" hai1="1,102,51,64,59,3,92,44,82,81,62,66,61" hai2="123,70,97,73,104,100,108,94,114,58,49,36,71" hai3=""/><V78/><N who="2" m="31520" /><V134/><F36/><T72/><N who="0" m="31264" /><T34/><D34/><U32/><E32/><V37/><F37/><T39/><D110/><U41/><E3/><V96/><F108/><T132/><D132/><U91/><E102/><V84/><F134/><T111/><D111/><U47/><E47/><V131/><F73/><T69/><D126/><U93/><E93/><V87/><F131/><T83/><D112/><U101/><E101/><V57/><F114/><T86/><D128/><U54/><E1/><V45/><F71/><T130/><D130/><U120/><N who="1" m="30752" /><U74/><E74/><V107/><F70/><T56/><D39/><U50/><E50/><V121/><N who="2" m="31008" /><V124/><F124/><T133/><D133/><U85/><E64/><V80/><F87/><T35/><D35/><U63/><E63/><V127/><F127/><T2/><D2/><U0/><E0/><V95/><F104/><T135/><D135/><U129/><E129/><V117/><F117/><T116/><D116/><U67/><E67/><V99/><F107/><T98/><D98/><N who="2" m="37994" /><F94/><T42/><D69/><AGARI ba="0,0" hai="41,44,51,54,59,61,62,66,69,81,82,85,91,92" m="30752" machi="69" ten="30,7700,0" yaku="7,1,52,3" doraHai="79" who="1" fromWho="0" sc="171,-77,614,77,265,0,0,0" owari="94,-51.0,691,64.0,265,-13.0,0,0.0" /></mjloggm>