<mjloggm ver="2.3"><GO type="185" lobby="0"/><UN n0="%E3%83%84%E3%83%BC%E3%82%A2%E3%82%A6%E3%83%88" n1="%6D%6F%6D%6F%74%61%6B%65" n2="%E3%81%82%E3%81%B9%E3%81%97%E3%81%A3%E3%81%A3" n3="" dan="16,16,16,0" rate="2136.90,2104.11,2213.38,1500.00" sx="M,M,M,C"/><TAIKYOKU oya="0"/><INIT seed="0,0,0,1,4,52" ten="350,350,350,0" oya="0" hai0="121,133,67,54,115,44,1,116,90,87,81,135,0" hai1="134,51,110,45,33,119,78,72,112,103,98,53,120" hai2="92,83,132,86,47,50,131,77,122,66,88,36,41" hai3=""/><T107/><N who="0" m="31008" /><T128/><D107/><U61/><N who="1" m="30752" /><U125/><E33/><V65/><N who="2" m="31264" /><V89/><F132/><N who="0" m="50762" /><D116/><U84/><E119/><V100/><F131/><T46/><D128/><U130/><E134/><V114/><F114/><T104/><D104/><U35/><E35/><V43/><F43/><T118/><D118/><U123/><N who="1" m="31520" /><U37/><E130/><V49/><F100/><T111/><D115/><U38/><E72/><V55/><F89/><T108/><D67/><U109/><E125/><V95/><F95/><T69/><D69/><U85/><E61/><V105/><F36/><T74/><D74/><U48/><E48/><V75/><REACH who="2" step="1"/><F105/><REACH who="2" ten="350,350,340,0" step="2"/><T56/><D1/><U79/><E112/><V127/><F127/><T40/><D0/><U59/><E38/><V129/><F129/><T2/><D2/><U64/><E78/><V96/><F96/><T73/><D73/><U117/><E79/><V126/><F126/><T113/><D40/><U82/><E117/><V71/><F71/><T70/><D70/><U60/><E37/><V99/><F99/><T124/><D124/><U63/><E98/><V91/><F91/><T80/><D113/><U76/><E103/><V101/><F101/><T34/><D90/><RYUUKYOKU ba="0,1" sc="350,-10,350,-10,340,20,0,0" hai2="41,47,49,50,55,65,66,75,77,83,86,88,92" /><INIT seed="1,1,1,3,3,58" ten="340,340,360,0" oya="1" hai0="106,76,86,93,107,63,61,78,96,70,115,109,47" hai1="64,123,83,43,33,49,52,48,71,131,91,45,81" hai2="62,111,116,104,65,130,69,88,100,55,128,103,118" hai3=""/><U75/><N who="1" m="31520" /><U40/><E33/><V82/><F111/><T98/><D115/><U44/><E131/><N who="2" m="50219" /><F55/><T89/><D109/><U35/><E35/><V87/><F104/><T126/><D126/><U110/><E110/><V50/><F50/><T127/><D127/><U46/><E75/><V85/><F85/><T32/><D32/><U99/><E64/><V36/><F36/><T94/><D70/><U119/><E71/><V121/><N who="2" m="31008" /><V1/><F1/><T0/><D47/><U56/><E119/><AGARI ba="1,1" hai="62,65,69,82,87,88,100,103,116,118,119" m="31008,50219" machi="119" ten="30,7700,0" yaku="19,1,52,2,54,1" doraHai="58" who="2" fromWho="1" sc="340,0,340,-79,360,89,0,0" /><INIT seed="2,0,0,1,4,60" ten="340,261,449,0" oya="2" hai0="123,92,59,106,35,98,48,133,52,97,80,87,83" hai1="108,105,96,3,72,53,55,0,64,129,43,34,90" hai2="1,119,116,127,94,38,88,84,118,33,37,86,71" hai3=""/><V39/><F1/><T93/><N who="0" m="31520" /><T126/><D35/><U42/><E34/><V99/><F33/><T62/><D133/><U41/><E72/><V100/><F127/><T109/><D126/><U2/><E129/><V69/><REACH who="2" step="1"/><F86/><REACH who="2" ten="340,261,439,0" step="2"/><T114/><D114/><U81/><E3/><V73/><F73/><T134/><D134/><U61/><E2/><V107/><AGARI ba="0,1" hai="37,38,39,69,71,84,88,94,99,100,107,116,118,119" machi="107" ten="40,5200,0" yaku="1,1,0,1,54,1,53,0" doraHai="60" doraHaiUra="121" who="2" fromWho="2" sc="340,-26,261,-26,439,62,0,0" /><INIT seed="2,1,0,0,2,94" ten="314,235,501,0" oya="2" hai0="124,56,40,74,100,93,99,77,66,53,132,35,75" hai1="83,87,123,2,131,50,49,44,92,106,72,95,113" hai2="135,82,76,108,105,127,102,68,48,64,79,41,46" hai3=""/><V81/><F127/><T112/><D35/><U121/><N who="1" m="31008" /><U116/><N who="1" m="31520" /><U52/><E2/><V107/><F135/><T73/><D124/><U42/><E106/><V54/><F108/><T65/><D132/><U34/><E34/><V47/><F64/><T122/><N who="0" m="31264" /><T45/><D77/><U36/><E113/><V86/><F68/><T69/><D69/><U62/><E72/><V3/><F3/><T33/><D33/><U98/><E95/><V43/><F102/><T91/><D100/><U70/><E131/><V67/><F67/><T60/><REACH who="0" step="1"/><D112/><REACH who="0" ten="304,235,501,0" step="2"/><U120/><N who="1" m="30752" /><U59/><E116/><V134/><F134/><T125/><D125/><U114/><E114/><V57/><F79/><T110/><D110/><U85/><E70/><V96/><F76/><T111/><D111/><U101/><E87/><V109/><F86/><T129/><D129/><U1/><E1/><V104/><F109/><T115/><D115/><U78/><AGARI ba="1,1" hai="36,42,44,49,50,52,59,62,78,83,85,92,98,101" m="30752,31520,31008" machi="78" ten="20,9000,2" yaku="0,1,7,1,52,4,54,1" doraHai="94" who="1" fromWho="1" sc="304,-31,235,102,501,-61,0,0" /><INIT seed="4,0,0,3,5,97" ten="273,337,440,0" oya="0" hai0="70,110,40,111,67,43,100,64,124,125,37,35,98" hai1="117,116,48,36,92,44,78,50,66,49,47,133,85" hai2="108,54,82,1,52,75,120,132,131,65,73,53,34" hai3=""/><T41/><D35/><U112/><E36/><V129/><N who="2" m="30752" /><V127/><F34/><T95/><D37/><U51/><E133/><V79/><F1/><T2/><D2/><U76/><E66/><N who="0" m="25129" /><D70/><U109/><E109/><AGARI ba="0,0" hai="40,41,43,95,98,100,109,110,111,124,125" m="25129" machi="109" ten="40,3900,0" yaku="10,1,52,1" doraHai="97" who="0" fromWho="1" sc="273,39,337,-39,440,0,0,0" /><INIT seed="4,1,0,2,0,81" ten="312,298,440,0" oya="0" hai0="118,79,63,94,93,71,99,126,39,111,3,82,74" hai1="98,61,57,52,51,38,47,106,49,125,53,86,41" hai2="127,132,33,96,130,34,43,1,87,68,95,121,123" hai3=""/><T76/><D3/><U92/><E125/><V56/><N who="2" m="31008" /><V36/><N who="2" m="31520" /><V2/><F68/><T77/><D118/><U115/><E106/><V60/><F127/><T102/><D39/><U84/><E115/><V129/><F43/><T89/><D71/><U37/><E37/><V110/><F110/><T72/><D63/><U32/><E32/><V100/><F132/><T113/><D111/><U45/><E38/><V35/><F36/><T55/><D55/><U50/><E50/><V124/><F124/><T101/><D113/><U59/><E59/><V91/><F1/><T104/><D126/><U58/><E58/><V54/><REACH who="2" step="1"/><F2/><REACH who="2" ten="312,298,430,0" step="2"/><T131/><D131/><U88/><AGARI ba="1,1" hai="41,45,47,49,51,52,53,57,61,84,86,88,92,98" machi="88" ten="20,9000,2" yaku="0,1,7,1,8,1,52,2,54,2" doraHai="81" who="1" fromWho="1" sc="312,-61,298,102,430,-31,0,0" /><INIT seed="5,0,0,0,3,60" ten="251,400,399,0" oya="1" hai0="67,90,58,81,80,69,101,42,45,126,37,49,62" hai1="1,114,85,99,73,87,74,0,61,105,107,92,56" hai2="53,123,88,35,111,91,118,79,66,130,96,52,54" hai3=""/><U100/><E1/><V38/><N who="2" m="31520" /><V2/><F2/><T32/><D32/><U121/><N who="1" m="31008" /><U39/><E39/><V40/><F35/><T89/><D126/><U46/><E0/><V129/><F118/><T65/><D101/><U68/><E68/><V125/><F111/><T78/><D81/><U72/><E46/><V104/><F79/><T113/><D113/><U133/><E114/><V44/><F125/><T128/><D128/><N who="2" m="49258" /><F66/><T76/><D76/><U86/><REACH who="1" step="1"/><E133/><REACH who="1" ten="251,390,399,0" step="2"/><V3/><F3/><T108/><D108/><U57/><E57/><V127/><F127/><T84/><REACH who="0" step="1"/><D67/><AGARI ba="0,1" hai="56,61,67,72,73,74,85,86,87,92,99,100,105,107" m="31008" machi="67" ten="50,9600,0" yaku="1,1,52,2,53,0" doraHai="60" doraHaiUra="41" who="1" fromWho="0" sc="251,-96,390,106,399,0,0,0" /><INIT seed="5,1,0,0,4,106" ten="155,496,399,0" oya="1" hai0="75,48,50,134,89,107,60,99,125,38,128,98,82" hai1="39,135,51,131,105,40,58,96,32,61,130,67,70" hai2="57,123,80,84,69,90,3,54,78,93,100,108,41" hai3=""/><U85/><E32/><V117/><N who="2" m="31520" /><V74/><F3/><T119/><D38/><U64/><E105/><V45/><F108/><T121/><N who="0" m="31008" /><T42/><D125/><U91/><E96/><V63/><F69/><T87/><D128/><U34/><E34/><V52/><F100/><T104/><D134/><U37/><E67/><V59/><F117/><T72/><D119/><U43/><E135/><V113/><F113/><T111/><D111/><U1/><E1/><V56/><F54/><T109/><D109/><U66/><E66/><V126/><F126/><T79/><D60/><U62/><E62/><V76/><F78/><T68/><D68/><U132/><E132/><V102/><F102/><T129/><D129/><N who="1" m="49163" /><E43/><V86/><F84/><T101/><D42/><U127/><E127/><V33/><F33/><T53/><D48/><AGARI ba="1,0" hai="41,45,48,52,56,57,59,63,74,76,80,86,90,93" m="31520" machi="48" ten="30,7700,0" yaku="7,1,52,2,54,1" doraHai="106" who="2" fromWho="0" sc="155,-79,496,0,399,79,0,0" /><INIT seed="6,0,0,2,3,91" ten="76,496,478,0" oya="2" hai0="122,108,129,106,79,84,73,55,105,128,53,68,104" hai1="40,70,110,87,113,134,116,32,107,101,133,92,64" hai2="58,69,95,118,72,74,44,99,111,63,121,42,43" hai3=""/><V120/><N who="2" m="30752" /><V119/><N who="2" m="31008" /><V41/><F69/><T48/><D68/><U56/><E32/><V126/><F44/><T93/><N who="0" m="31264" /><T109/><D48/><U46/><E110/><V90/><F111/><T123/><N who="0" m="31520" /><T60/><D60/><U57/><E107/><V96/><F126/><T81/><D53/><U59/><E116/><V115/><F115/><T71/><D55/><U47/><E113/><V3/><F3/><T54/><D54/><U103/><E87/><V97/><F119/><T35/><D71/><U45/><E40/><V39/><F39/><T88/><D35/><U50/><E50/><V75/><REACH who="2" step="1"/><F118/><REACH who="2" ten="76,496,468,0" step="2"/><T2/><REACH who="0" step="1"/><D2/><REACH who="0" ten="66,496,468,0" step="2"/><U102/><E70/><V82/><F82/><T0/><D0/><U125/><E125/><V94/><F94/><T124/><D124/><U117/><E117/><V132/><F132/><N who="1" m="50793" /><E92/><V78/><F78/><T86/><D86/><U66/><AGARI ba="0,2" hai="45,46,47,56,57,59,64,66,101,102,103" m="50793" machi="66" ten="40,6000,1" yaku="29,2,28,2,20,1" doraHai="91" who="1" fromWho="1" sc="66,-20,496,80,468,-40,0,0" owari="46,-55.0,576,52.0,428,3.0,0,0.0" /></mjloggm>