<mjloggm ver="2.3"><GO type="185" lobby="0"/><UN n0="%E4%BC%8F%E5%B1%8B" n1="%E3%81%BF%E3%82%83%E3%83%BC%E3%81%B6%E3%82%8C%E3%81%84%E3%81%8F" n2="%E3%81%BE%E3%81%A3%E3%81%97%E3%83%BC" n3="" dan="16,16,16,0" rate="2157.10,2194.25,2240.49,1500.00" sx="M,M,F,C"/><TAIKYOKU oya="0"/><INIT seed="0,0,0,0,2,62" ten="350,350,350,0" oya="0" hai0="38,114,35,74,92,130,82,85,83,53,47,77,33" hai1="67,115,61,119,111,87,103,127,128,112,86,52,78" hai2="71,132,95,60,39,40,37,109,51,89,46,45,99" hai3=""/><T48/><D114/><N who="1" m="43563" /><E119/><V122/><N who="2" m="31264" /><V133/><F109/><T97/><D38/><U75/><E111/><V66/><REACH who="2" step="1"/><F37/><REACH who="2" ten="350,350,340,0" step="2"/><T118/><D118/><U3/><E3/><V124/><F124/><T44/><D130/><U105/><E127/><V91/><F91/><T41/><D33/><U102/><E128/><V129/><F129/><T104/><D35/><U1/><E1/><V54/><AGARI ba="0,1" hai="39,40,45,46,51,54,60,66,71,89,95,99,132,133" m="31264" machi="54" ten="30,9000,2" yaku="1,1,0,1,52,2,53,2" doraHai="62" doraHaiUra="42" who="2" fromWho="2" sc="350,-60,350,-30,340,100,0,0" /><INIT seed="1,0,0,5,3,110" ten="290,320,440,0" oya="1" hai0="73,119,54,55,74,117,93,61,81,84,51,115,52" hai1="46,68,37,67,123,125,77,91,107,118,32,101,76" hai2="62,83,104,80,49,97,38,50,85,36,109,71,96" hai3=""/><U35/><N who="1" m="31520" /><U122/><N who="1" m="31264" /><U92/><E118/><N who="0" m="45065" /><D93/><U103/><E125/><V124/><F109/><T114/><D61/><U56/><E68/><V100/><F124/><T82/><D84/><U106/><E67/><V126/><F126/><T134/><D51/><U70/><E70/><V120/><N who="2" m="30752" /><V133/><F133/><T129/><D134/><U2/><E2/><V39/><F80/><N who="0" m="30826" /><D129/><U43/><E56/><V58/><F97/><T75/><AGARI ba="0,0" hai="52,54,55,73,74,75,114,115" m="30826,45065" machi="75" ten="40,9000,2" yaku="28,2,12,1,52,2,54,1" doraHai="110" who="0" fromWho="0" sc="290,90,320,-60,440,-30,0,0" /><INIT seed="2,0,0,1,0,111" ten="380,260,410,0" oya="2" hai0="67,58,103,2,91,37,123,99,71,134,54,108,0" hai1="100,88,128,52,49,38,129,82,93,127,73,57,84" hai2="63,43,46,65,96,80,61,78,3,135,40,79,42" hai3=""/><V41/><F3/><T120/><N who="0" m="30752" /><T64/><N who="0" m="31520" /><T53/><D108/><U45/><E127/><V94/><F135/><T47/><D134/><U1/><E1/><V89/><F79/><T44/><D91/><U87/><E73/><V60/><N who="2" m="10240" /><DORA hai="51" /><V105/><F46/><T72/><D37/><U101/><E38/><V90/><F105/><T86/><D72/><U112/><E112/><V33/><F33/><T132/><D132/><U124/><E124/><V66/><REACH who="2" step="1"/><F90/><REACH who="2" ten="380,260,400,0" step="2"/><T102/><D0/><U50/><E45/><V97/><F97/><T36/><D2/><U119/><E88/><V107/><F107/><T130/><D36/><U83/><E128/><V59/><F59/><T116/><D130/><U55/><E129/><V62/><N who="2" m="15360" /><DORA hai="113" /><V70/><F70/><T131/><D131/><U69/><E57/><V125/><F125/><T115/><D58/><U104/><E104/><V76/><F76/><T32/><D71/><U74/><E69/><V106/><F106/><T126/><D32/><U109/><E109/><V56/><F56/><T77/><D126/><U85/><E50/><V48/><F48/><T122/><N who="0" m="31264" /><T95/><D99/><U35/><E49/><V39/><F39/><T81/><D44/><RYUUKYOKU ba="0,1" sc="380,-10,260,-10,400,20,0,0" hai2="65,66,78,80,89,94,96" /><INIT seed="2,1,1,0,5,39" ten="370,250,420,0" oya="2" hai0="0,112,65,124,86,47,56,105,85,62,81,130,95" hai1="123,96,40,116,84,117,44,63,72,106,73,93,48" hai2="71,87,120,82,107,58,129,118,3,98,2,103,94" hai3=""/><V1/><N who="2" m="30752" /><V41/><F71/><T89/><D0/><U114/><N who="1" m="31520" /><U50/><E114/><V64/><F118/><N who="1" m="45673" /><E48/><V133/><F133/><T78/><D112/><U55/><E106/><V126/><F126/><T79/><D124/><U75/><E84/><V70/><F129/><T108/><D108/><U45/><E63/><V113/><F70/><T121/><N who="0" m="31008" /><T61/><D105/><U60/><E60/><V102/><F113/><T132/><D132/><U32/><E32/><V125/><F125/><T101/><D101/><U74/><N who="1" m="18432" /><DORA hai="36" /><U134/><E134/><V35/><F35/><T67/><D130/><U80/><E80/><V49/><F107/><T43/><D78/><U52/><E45/><V115/><F115/><T110/><D110/><U122/><N who="1" m="31264" /><U127/><E127/><V111/><F111/><T135/><D135/><U66/><E66/><V37/><F64/><T97/><D86/><U109/><E109/><V99/><F2/><T54/><D62/><U83/><E83/><V91/><F37/><AGARI ba="1,1" hai="37,43,47,54,56,61,65,67,79,81,85,89,95,97" m="31008" machi="37" ten="30,7700,0" yaku="7,1,52,3" doraHai="39,36" who="0" fromWho="2" sc="370,89,250,0,420,-79,0,0" /><INIT seed="4,0,0,4,4,43" ten="459,250,341,0" oya="0" hai0="42,34,75,36,49,85,79,66,67,54,41,127,103" hai1="69,131,39,57,121,59,82,48,93,124,95,129,68" hai2="135,77,76,64,84,74,118,91,132,61,123,56,126" hai3=""/><T63/><D34/><U83/><N who="1" m="31008" /><U117/><E48/><V111/><N who="2" m="31520" /><V116/><F111/><T51/><D75/><U98/><E98/><V71/><F74/><T81/><D127/><U40/><E40/><V92/><F126/><T99/><D36/><U119/><REACH who="1" step="1"/><E124/><REACH who="1" ten="459,240,341,0" step="2"/><V37/><F37/><AGARI ba="0,1" hai="37,39,57,59,68,69,82,83,93,95,117,119,129,131" m="31008" machi="37" ten="25,12000,2" yaku="1,1,2,1,22,2,52,1,53,2" doraHai="43" doraHaiUra="115" who="1" fromWho="2" sc="459,0,240,130,341,-120,0,0" /><INIT seed="5,0,0,2,1,45" ten="459,370,221,0" oya="1" hai0="128,82,95,118,38,114,89,71,109,83,53,122,119" hai1="130,117,3,116,42,124,87,69,41,51,39,103,125" hai2="1,58,80,56,126,73,32,33,92,98,129,44,54" hai3=""/><U77/><E3/><V46/><F1/><T68/><N who="0" m="31264" /><T75/><D109/><U112/><E112/><V91/><F126/><N who="1" m="48745" /><E130/><V99/><F129/><T48/><D128/><U64/><E103/><V108/><F108/><T104/><D104/><U63/><E77/><V93/><F58/><T120/><N who="0" m="30752" /><T100/><D100/><U40/><E87/><V57/><F57/><T37/><D114/><U101/><E101/><V106/><F106/><T61/><D75/><U127/><N who="1" m="48753" /><U134/><DORA hai="132" /><E134/><V133/><F133/><T81/><D61/><U47/><E39/><V84/><F73/><T36/><D95/><U102/><E102/><V123/><N who="2" m="31520" /><V107/><F107/><T59/><REACH who="0" step="1"/><D89/><REACH who="0" ten="449,370,221,0" step="2"/><U97/><E97/><V62/><F98/><T76/><D76/><U50/><E50/><V60/><F93/><T88/><D88/><U96/><E96/><V74/><F74/><T105/><D105/><U67/><E64/><V55/><F99/><T70/><AGARI ba="0,1" hai="36,37,38,48,53,59,68,70,71,81,82,83,118,119" m="30752,31264" machi="70" ten="50,12000,3" yaku="1,1,0,1,29,2,52,3,53,2" doraHai="45,132" doraHaiUra="34,115" who="0" fromWho="0" sc="449,130,370,-80,221,-40,0,0" /><INIT seed="6,0,0,2,1,39" ten="579,290,181,0" oya="2" hai0="45,109,120,47,35,101,134,123,50,82,36,96,52" hai1="65,119,33,54,67,61,64,85,86,113,32,115,131" hai2="79,55,63,75,78,93,57,92,108,53,77,80,73" hai3=""/><V1/><F1/><T60/><N who="0" m="30752" /><T88/><N who="0" m="31520" /><T133/><D35/><N who="1" m="13387" /><E131/><V98/><F108/><T104/><D109/><U59/><E119/><V3/><F3/><T70/><D60/><U58/><E58/><V48/><F75/><T129/><D70/><U106/><E106/><V71/><F93/><T37/><D45/><U66/><E66/><V40/><F40/><T51/><D51/><U91/><E91/><V132/><F132/><N who="0" m="50794" /><D129/><U34/><E34/><V103/><REACH who="2" step="1"/><F71/><REACH who="2" ten="579,290,171,0" step="2"/><T90/><D82/><U124/><E124/><V44/><AGARI ba="0,1" hai="44,48,53,55,57,63,73,77,78,79,80,92,98,103" machi="44" ten="20,5200,0" yaku="1,1,2,1,0,1,7,1,53,0" doraHai="39" doraHaiUra="102" who="2" fromWho="2" sc="579,-26,290,-26,171,62,0,0" /><INIT seed="6,1,0,0,0,87" ten="553,264,233,0" oya="2" hai0="67,59,50,121,52,96,72,133,71,42,119,48,54" hai1="129,130,128,45,131,117,106,116,40,60,103,104,61" hai2="1,88,38,51,33,105,98,93,58,76,135,82,91" hai3=""/><V132/><F1/><T66/><N who="0" m="31008" /><T83/><D119/><N who="1" m="45643" /><E130/><V47/><F33/><T92/><D133/><N who="2" m="51274" /><F105/><N who="1" m="40553" /><E103/><V65/><F38/><AGARI ba="1,0" hai="38,40,45,60,61,128,129,131" m="40553,45643" machi="38" ten="40,2600,0" yaku="19,1,12,1" doraHai="87" who="1" fromWho="2" sc="553,0,264,28,233,-28,0,0" owari="553,50.0,292,-11.0,205,-39.0,0,0.0" /></mjloggm>