<mjloggm ver="2.3"><GO type="169" lobby="0"/><UN n0="%E3%83%8E%E3%82%AA%E3%83%81%E3%83%A3%E3%83%99%E3%82%B9" n1="%28%2A%C2%B4%33%EF%BD%80%2A%29" n2="%7A%6B%75%72%74" n3="%64%61%6E%6E%63%68%69" dan="16,16,17,17" rate="2081.66,2196.23,2224.75,2173.82" sx="M,F,M,M"/><TAIKYOKU oya="0"/><INIT seed="0,0,0,1,1,116" ten="250,250,250,250" oya="0" hai0="36,1,67,16,119,27,128,112,134,47,31,24,111" hai1="106,118,63,40,43,95,9,92,93,107,126,39,11" hai2="19,131,2,21,29,91,56,55,37,97,41,51,124" hai3="104,53,89,4,73,30,17,75,86,94,87,25,77"/><T10/><D119/><U68/><E118/><V100/><F131/><W22/><G104/><T96/><D112/><U113/><E113/><V0/><F124/><W49/><G4/><T46/><D128/><U114/><E114/><V12/><F37/><W15/><G86/><T79/><D36/><U52/><E126/><V110/><F110/><W78/><G75/><T28/><D111/><U82/><E82/><V23/><F41/><W14/><G73/><T81/><D134/><U105/><E39/><V54/><F91/><W8/><REACH who="3" step="1"/><G15/><REACH who="3" ten="250,250,250,240" step="2"/><T61/><D96/><U44/><E106/><V45/><F0/><W69/><G69/><T18/><D1/><U132/><E68/><V98/><F2/><W74/><G74/><T83/><D79/><U6/><E107/><V88/><F98/><W13/><G13/><T133/><D133/><U129/><E105/><V121/><F97/><W5/><G5/><T33/><D33/><U62/><E6/><V122/><F100/><W26/><G26/><T125/><D125/><U65/><E132/><V59/><F88/><W130/><G130/><T109/><D109/><U38/><E129/><V58/><REACH who="2" step="1"/><F55/><REACH who="2" ten="250,250,240,240" step="2"/><W70/><G70/><T57/><D67/><U71/><E40/><V90/><F90/><W103/><G103/><T115/><D115/><U108/><E108/><V20/><F20/><W120/><G120/><T66/><D66/><U3/><E3/><V72/><F72/><W64/><G64/><T50/><D10/><U60/><E52/><V99/><F99/><W135/><G135/><T42/><D42/><U35/><E35/><RYUUKYOKU ba="0,2" sc="250,-30,250,10,240,10,240,10" hai1="9,11,38,43,44,60,62,63,65,71,92,93,95" hai2="12,19,21,23,29,45,51,54,56,58,59,121,122" hai3="8,14,17,22,25,30,49,53,77,78,87,89,94" /><INIT seed="1,1,2,2,0,29" ten="220,260,250,250" oya="1" hai0="130,49,15,3,109,75,105,125,57,71,99,61,44" hai1="33,54,95,10,104,64,128,46,24,38,84,51,92" hai2="19,72,74,34,108,77,112,86,62,113,67,2,90" hai3="111,123,1,27,65,110,16,23,32,114,97,41,55"/><U115/><E104/><V98/><F2/><W96/><G114/><N who="2" m="44137" /><F108/><N who="3" m="41515" /><G123/><T8/><D75/><U83/><E115/><V119/><F119/><W126/><G126/><T52/><D3/><U89/><E128/><V80/><F19/><W79/><G41/><T118/><D109/><U135/><E135/><V81/><F34/><W121/><G121/><T58/><D125/><U36/><E64/><V120/><F120/><W93/><G65/><T78/><D78/><U18/><E38/><V66/><F66/><W132/><G79/><T106/><D118/><U129/><E36/><V85/><F98/><N who="3" m="37995" /><G93/><T20/><D71/><AGARI ba="1,2" hai="62,67,71,72,74,77,80,81,85,86,90" m="44137" machi="71" ten="30,1000,0" yaku="11,1" doraHai="29" who="2" fromWho="0" sc="220,-13,260,0,250,33,250,0" /><INIT seed="2,0,0,1,2,69" ten="207,260,283,250" oya="2" hai0="53,73,27,94,15,70,65,64,102,115,36,74,10" hai1="42,125,127,52,82,86,7,123,72,60,95,13,83" hai2="18,4,45,16,85,89,126,43,30,71,103,35,31" hai3="24,90,135,78,21,58,107,63,5,99,98,132,28"/><V8/><F126/><N who="1" m="48137" /><E123/><V6/><F71/><W54/><G78/><T46/><D115/><U84/><E42/><V120/><F120/><W12/><G107/><T68/><D27/><U37/><E72/><V91/><F103/><W119/><G119/><T111/><D70/><U121/><E121/><V2/><F6/><W77/><G77/><T106/><D106/><U75/><E75/><V105/><F105/><W44/><G44/><T133/><D74/><U116/><E116/><V76/><F76/><W104/><G104/><T113/><D73/><U131/><E131/><V32/><F91/><W129/><G129/><T49/><D113/><U66/><E66/><V39/><F30/><W23/><G90/><T59/><D68/><U108/><E95/><V130/><F130/><W41/><G41/><T128/><D128/><U20/><E7/><V51/><F51/><W1/><G1/><T134/><D94/><U124/><E124/><V114/><F114/><W11/><REACH who="3" step="1"/><G23/><REACH who="3" ten="207,260,283,240" step="2"/><T79/><D79/><U34/><E20/><V3/><F3/><W48/><G48/><T25/><D49/><U100/><E100/><V67/><F35/><W93/><G93/><T118/><D102/><U19/><E34/><V109/><F32/><W55/><G55/><T87/><D53/><U56/><E82/><V33/><F33/><W96/><AGARI ba="0,1" hai="5,11,12,21,24,28,54,58,63,96,98,99,132,135" machi="96" ten="30,2000,0" yaku="1,1,0,1,53,0" doraHai="69" doraHaiUra="81" who="3" fromWho="3" sc="207,-5,260,-5,283,-10,240,30" /><INIT seed="3,0,0,2,4,95" ten="202,255,273,270" oya="3" hai0="25,59,90,128,61,85,46,127,115,80,93,105,10" hai1="66,123,19,67,81,60,117,9,50,106,99,40,63" hai2="89,24,39,62,74,109,75,37,20,126,56,86,52" hai3="42,4,29,55,121,122,100,69,38,87,116,101,70"/><W58/><G116/><T13/><D105/><U16/><E117/><V36/><F109/><W102/><G29/><T8/><D115/><U41/><E123/><V18/><REACH who="2" step="1"/><F126/><REACH who="2" ten="202,255,263,270" step="2"/><W73/><G121/><T113/><D127/><U3/><E81/><AGARI ba="0,1" hai="18,20,24,36,37,39,52,56,62,74,75,81,86,89" machi="81" ten="40,5200,0" yaku="1,1,2,1,54,1,53,0" doraHai="95" doraHaiUra="72" who="2" fromWho="1" sc="202,0,255,-52,263,62,270,0" /><INIT seed="4,0,0,4,2,88" ten="202,203,325,270" oya="0" hai0="40,109,83,127,60,89,52,85,16,101,18,38,82" hai1="96,25,50,74,131,91,71,65,104,97,17,120,124" hai2="110,43,78,26,6,121,47,132,42,51,37,59,90" hai3="128,64,86,53,58,135,133,100,7,48,24,117,70"/><T57/><D127/><U13/><E120/><V108/><F121/><W102/><G117/><T46/><D109/><U2/><E2/><V1/><F132/><N who="3" m="50763" /><G128/><T81/><REACH who="0" step="1"/><D101/><REACH who="0" ten="192,203,325,270" step="2"/><U105/><E124/><V99/><F110/><W77/><G100/><T116/><D116/><U113/><E131/><V31/><F108/><W29/><G102/><T125/><D125/><U3/><E105/><V63/><F37/><W0/><G0/><T94/><AGARI ba="0,1" hai="16,18,38,40,46,52,57,60,81,82,83,85,89,94" machi="94" ten="30,18000,2" yaku="1,1,0,1,52,1,54,2,53,1" doraHai="88" doraHaiUra="36" who="0" fromWho="0" sc="192,190,203,-60,325,-60,270,-60" /><INIT seed="4,1,0,5,4,133" ten="382,143,265,210" oya="0" hai0="125,105,77,46,118,83,115,116,91,40,1,42,87" hai1="45,14,84,3,117,31,119,36,32,81,130,72,26" hai2="5,18,94,103,22,93,15,0,6,73,48,86,29" hai3="62,97,129,58,69,43,27,49,82,10,57,17,99"/><T102/><D1/><U135/><E135/><V131/><F73/><W50/><G129/><T54/><D54/><U127/><E130/><V89/><F131/><W33/><G69/><T112/><D42/><U134/><E134/><V114/><F114/><N who="0" m="43562" /><D46/><U41/><E14/><V123/><F123/><W92/><G82/><T64/><D64/><U38/><E38/><V20/><F0/><W65/><G33/><T111/><D40/><U74/><E84/><V23/><F103/><W75/><G75/><N who="0" m="43455" /><D111/><U56/><E56/><V113/><F94/><W52/><G92/><N who="0" m="54399" /><D125/><U104/><E3/><V4/><F113/><W63/><G10/><T66/><D66/><U61/><E61/><V37/><F37/><W132/><G132/><T110/><D110/><U96/><E127/><V13/><F13/><W70/><G43/><T100/><D100/><U25/><E25/><N who="2" m="16575" /><F48/><N who="3" m="18539" /><G70/><T80/><D80/><U98/><E36/><V2/><F2/><W109/><G109/><T128/><D128/><U68/><E68/><V59/><F59/><W35/><G35/><T85/><D85/><U28/><E72/><V95/><F22/><AGARI ba="1,0" hai="17,22,27,52,57,58,62,63,65,97,99" m="18539" machi="22" ten="30,2000,0" yaku="8,1,54,1" doraHai="133" who="3" fromWho="2" sc="382,0,143,0,265,-23,210,23" /><INIT seed="5,0,0,0,0,42" ten="382,143,242,233" oya="1" hai0="57,122,68,125,18,59,81,3,9,11,107,29,74" hai1="53,8,36,112,51,0,101,43,114,30,129,4,85" hai2="84,97,17,116,22,19,67,1,134,103,110,61,16" hai3="33,93,106,20,111,45,132,31,21,89,88,13,28"/><U70/><E70/><V87/><F110/><W5/><G106/><T121/><D107/><U83/><E101/><V12/><F116/><W109/><G132/><T38/><D29/><N who="3" m="11337" /><G33/><T62/><D38/><U47/><E30/><V104/><F1/><W69/><G69/><T135/><D125/><U102/><E102/><V115/><F134/><W44/><G111/><T124/><D124/><U91/><REACH who="1" step="1"/><E129/><REACH who="1" ten="382,133,242,233" step="2"/><V65/><F115/><W49/><G109/><T63/><D68/><U64/><E64/><V78/><F67/><W55/><G5/><T66/><D135/><U15/><E15/><V7/><F7/><W119/><G119/><T26/><D66/><U34/><E34/><V128/><F128/><W54/><G13/><T52/><D3/><U56/><AGARI ba="0,1" hai="0,4,8,36,43,47,51,53,56,83,85,91,112,114" machi="56" ten="30,11700,0" yaku="1,1,0,1,52,1,53,1" doraHai="42" doraHaiUra="35" who="1" fromWho="1" sc="382,-39,133,127,242,-39,233,-39" /><INIT seed="5,1,0,1,2,19" ten="343,260,203,194" oya="1" hai0="81,45,123,9,7,67,18,30,5,0,21,51,120" hai1="15,78,1,33,2,12,127,44,92,46,16,87,117" hai2="88,106,115,118,29,126,6,52,112,79,39,111,42" hai3="59,110,101,132,64,58,128,73,131,113,69,27,74"/><U125/><E117/><V135/><F118/><W24/><G110/><T109/><D109/><U124/><E33/><V108/><F106/><W41/><G113/><N who="2" m="43593" /><F79/><W130/><G132/><T86/><D30/><U65/><E65/><V26/><F135/><W47/><G101/><T85/><D7/><U105/><E12/><V49/><F126/><W103/><G103/><T91/><D85/><U14/><E14/><V28/><F6/><W75/><G69/><T48/><D67/><U40/><E105/><V60/><F60/><W104/><G104/><T61/><D61/><U54/><E54/><V98/><F42/><W95/><G95/><T3/><D3/><U84/><E84/><V133/><F39/><W31/><G64/><T43/><REACH who="0" step="1"/><D51/><REACH who="0" ten="333,260,203,194" step="2"/><U32/><E1/><V63/><F63/><W50/><REACH who="3" step="1"/><G24/><AGARI ba="1,1" hai="0,5,9,18,21,24,43,45,48,81,86,91,120,123" machi="24" ten="40,5200,0" yaku="1,1,2,1,52,1,53,0" doraHai="19" doraHaiUra="97" who="0" fromWho="3" sc="333,65,260,0,203,0,194,-55" /><INIT seed="6,0,0,5,3,131" ten="398,260,203,139" oya="2" hai0="115,124,105,36,51,21,8,13,48,23,7,31,39" hai1="83,24,52,2,70,35,15,96,104,86,75,72,22" hai2="100,76,128,87,120,60,113,135,95,26,129,94,112" hai3="126,49,41,77,98,80,85,50,110,17,59,107,132"/><V38/><F38/><W61/><G110/><T99/><D124/><U56/><E70/><V30/><F120/><W57/><G126/><T91/><D115/><N who="2" m="44106" /><F60/><W78/><G78/><T11/><D105/><U53/><E2/><V122/><F122/><W4/><G4/><T40/><D39/><U46/><E35/><V68/><F68/><W9/><G59/><T10/><D36/><U28/><E15/><V109/><F109/><W111/><G111/><T130/><D130/><N who="2" m="50282" /><F26/><W55/><G41/><T73/><D51/><U119/><E119/><V18/><F30/><W5/><G17/><T108/><D31/><U71/><E71/><V29/><F29/><W44/><G44/><T133/><D48/><U82/><E24/><V67/><F67/><W92/><G107/><T16/><D40/><U62/><E62/><V34/><F34/><W37/><G37/><T20/><D7/><U116/><E116/><V121/><F18/><W65/><G65/><T66/><D66/><U12/><E28/><V103/><F121/><W19/><G19/><T117/><D16/><U118/><E118/><V32/><F32/><W6/><G6/><T1/><D117/><U93/><E22/><V79/><F135/><W47/><G132/><T43/><D133/><U102/><E12/><V33/><F33/><W97/><G61/><T74/><D21/><U25/><E25/><V106/><F106/><W64/><G64/><T134/><D23/><U101/><E104/><V114/><N who="2" m="44114" /><V88/><DORA hai="54" /><F95/><W89/><G49/><T45/><D108/><U123/><E123/><V58/><F58/><RYUUKYOKU ba="0,0" sc="398,-10,260,-10,203,30,139,-10" hai2="76,79,87,88,94,100,103" /><INIT seed="6,1,0,1,3,129" ten="388,250,233,129" oya="2" hai0="99,5,4,34,103,86,126,124,120,59,49,31,111" hai1="42,82,24,94,23,40,123,72,90,50,89,107,76" hai2="79,130,19,135,62,115,12,122,74,3,39,21,127" hai3="106,117,114,69,46,51,73,6,36,70,14,88,110"/><V131/><F122/><W113/><G106/><T104/><D111/><U26/><E123/><V45/><F3/><W16/><G110/><T2/><D120/><U134/><E107/><V15/><F115/><N who="3" m="44043" /><G117/><T28/><D86/><U54/><E26/><V27/><F127/><N who="0" m="48682" /><D34/><U56/><E89/><V41/><F62/><W95/><G73/><T68/><D68/><U29/><REACH who="1" step="1"/><E134/><REACH who="1" ten="388,240,233,129" step="2"/><V63/><F135/><W43/><G6/><T25/><D25/><U118/><E118/><V119/><F119/><W32/><G32/><T20/><D5/><U11/><E11/><V116/><F116/><W65/><G36/><T53/><D4/><U128/><E128/><V47/><F131/><W64/><G69/><T105/><D105/><U81/><E81/><V60/><F130/><W77/><G70/><T52/><D20/><U101/><E101/><V38/><F38/><W83/><G83/><T97/><D103/><U57/><E57/><V37/><F37/><W78/><G78/><T98/><D104/><U102/><E102/><V33/><F33/><W44/><G77/><T58/><D2/><U75/><E75/><V48/><F79/><W1/><G1/><T0/><D0/><U18/><E18/><V66/><F74/><W108/><G108/><T67/><D67/><U22/><E22/><V112/><F112/><W125/><G125/><T93/><D93/><U61/><E61/><AGARI ba="1,1" hai="28,31,49,52,53,58,59,61,97,98,99" m="48682" machi="61" ten="30,2000,0" yaku="18,1,54,1" doraHai="129" who="0" fromWho="1" sc="388,33,240,-23,233,0,129,0" /><INIT seed="7,0,0,2,1,6" ten="421,217,233,129" oya="3" hai0="25,89,65,130,99,29,107,48,43,11,102,93,124" hai1="31,129,8,76,87,68,56,10,115,127,119,60,42" hai2="94,70,85,38,9,82,100,62,84,39,98,49,36" hai3="81,41,45,14,61,53,12,101,3,47,20,108,66"/><W2/><G108/><T125/><D130/><U72/><E68/><V77/><F49/><W15/><G101/><T26/><D65/><U1/><E1/><V54/><F9/><N who="1" m="3689" /><E129/><V59/><REACH who="2" step="1"/><F70/><REACH who="2" ten="421,217,223,129" step="2"/><W103/><G103/><T134/><D11/><U112/><E72/><AGARI ba="0,1" hai="36,38,39,54,59,62,72,77,82,84,85,94,98,100" machi="72" ten="40,5200,0" yaku="1,1,2,1,53,1" doraHai="6" doraHaiUra="92" who="2" fromWho="1" sc="421,0,217,-52,223,62,129,0" owari="421,51.0,165,-23.0,285,9.0,129,-37.0" /></mjloggm>