<mjloggm ver="2.3"><GO type="225" lobby="0"/><UN n0="%E8%88%B9%E8%A6%8B%E7%B5%90%E8%A1%A3%E3%81%A1%E3%82%83%E3%82%93" n1="%E3%81%AB%E3%82%83%EF%BD%9E%E3%81%8A" n2="%E3%82%A4%E3%83%8A%E3%82%BA%E3%83%9E%E8%91%AC%E5%84%80" n3="%E9%95%B7%E5%B3%B6%E3%83%B3%E3%82%AC%E3%83%B3" dan="16,16,17,17" rate="2123.07,2135.76,2206.45,2147.12" sx="F,M,F,M"/><TAIKYOKU oya="0"/><INIT seed="0,0,0,0,3,108" ten="250,250,250,250" oya="0" hai0="101,35,118,82,33,52,74,127,109,78,24,91,79" hai1="119,8,71,93,21,7,41,38,77,27,128,92,134" hai2="42,40,96,18,115,116,110,64,15,90,46,17,112" hai3="54,14,123,59,47,37,84,126,68,48,102,34,6"/><T117/><D109/><U120/><E119/><V94/><F110/><W49/><G34/><T85/><D127/><U26/><E71/><V81/><F116/><W75/><G75/><T22/><D101/><U135/><E120/><V66/><F81/><W70/><G126/><T36/><D36/><U9/><E77/><V88/><F46/><W97/><G37/><T133/><D133/><N who="1" m="50699" /><E128/><V106/><F106/><W10/><G84/><T132/><D132/><U98/><E21/><V73/><F73/><W30/><G30/><T3/><D3/><N who="1" m="127" /><E9/><V121/><F121/><W39/><G123/><T125/><D79/><U67/><E67/><V2/><F2/><W65/><G39/><T11/><D125/><U63/><E63/><V57/><F57/><W76/><G76/><T19/><D11/><U32/><E32/><V1/><F1/><W25/><G25/><N who="1" m="9226" /><E98/><V103/><F15/><W107/><REACH who="3" step="1"/><G65/><REACH who="3" ten="250,250,250,240" step="2"/><T95/><D118/><U31/><E31/><V55/><F66/><W86/><G86/><T69/><D117/><U62/><E38/><V130/><F64/><W99/><G99/><T89/><D35/><U44/><E92/><V53/><F94/><W58/><G58/><T13/><D69/><U4/><E93/><V5/><F96/><W111/><G111/><T45/><D74/><U60/><E4/><V72/><F5/><W100/><G100/><T83/><D78/><U56/><E56/><V29/><F72/><W20/><G20/><T23/><D33/><U114/><E114/><V113/><F113/><W87/><G87/><T12/><D23/><U122/><E122/><RYUUKYOKU ba="0,1" sc="250,-15,250,15,250,-15,240,15" hai1="41,44,60,62" hai3="6,10,14,47,48,49,54,59,68,70,97,102,107" /><INIT seed="1,1,1,4,0,15" ten="235,265,235,255" oya="1" hai0="0,120,36,18,13,129,115,7,69,53,110,121,100" hai1="12,94,113,74,87,59,99,2,79,42,45,124,58" hai2="132,66,101,70,133,6,119,9,17,4,125,84,30" hai3="73,65,122,44,98,77,95,67,54,75,50,82,90"/><U105/><E2/><V83/><F119/><W16/><G122/><N who="0" m="47211" /><D115/><U33/><E33/><V26/><F125/><W107/><G75/><T11/><D110/><U51/><E113/><V80/><F101/><W5/><G5/><N who="2" m="2153" /><F66/><W97/><G107/><T49/><D129/><U35/><E35/><V86/><F70/><W131/><G131/><T46/><D69/><U37/><E124/><V8/><F30/><W126/><G126/><T21/><D100/><U81/><E37/><AGARI ba="1,1" hai="0,7,11,13,18,21,36,37,46,49,53" m="47211" machi="37" ten="30,2000,0" yaku="13,1,52,1" doraHai="15" who="0" fromWho="1" sc="235,33,265,-23,235,0,255,0" /><INIT seed="2,0,0,2,2,95" ten="268,242,235,255" oya="2" hai0="134,8,124,75,84,69,92,122,130,18,22,60,12" hai1="118,0,16,106,96,11,17,27,45,10,53,1,24" hai2="132,52,15,20,127,74,76,97,3,102,46,2,64" hai3="101,36,33,56,116,104,32,126,26,40,44,89,98"/><V59/><F64/><W108/><G116/><T14/><D122/><U133/><E118/><V38/><F132/><W35/><G108/><T93/><D75/><U79/><E79/><V115/><F115/><W34/><G126/><T117/><D117/><U73/><E73/><V5/><F127/><W55/><G89/><T77/><D134/><U105/><E133/><V13/><F38/><W87/><G87/><T128/><D124/><U112/><E53/><V78/><F46/><W94/><G104/><T19/><D69/><U7/><E45/><V100/><F100/><W65/><G65/><T31/><D31/><U81/><E81/><V68/><F68/><W107/><G107/><T71/><D60/><U39/><E7/><V70/><F70/><W121/><G121/><T103/><D71/><U42/><E42/><V57/><F57/><W119/><G119/><T129/><D103/><U50/><E50/><N who="2" m="31127" /><F2/><W90/><G101/><T91/><D77/><N who="2" m="29802" /><F20/><W109/><G109/><T47/><D47/><U4/><E39/><V111/><F111/><W54/><REACH who="3" step="1"/><G56/><REACH who="3" ten="268,242,235,245" step="2"/><T113/><D113/><U88/><E112/><V58/><F58/><W51/><G51/><T131/><D131/><U62/><E62/><V29/><F74/><W80/><G80/><AGARI ba="0,1" hai="8,12,14,18,19,22,80,84,91,92,93,128,129,130" machi="80" ten="40,1300,0" yaku="19,1" doraHai="95" who="0" fromWho="3" sc="268,23,242,0,235,0,245,-13" /><INIT seed="3,0,0,5,4,64" ten="291,242,235,232" oya="3" hai0="71,0,26,27,41,5,126,56,57,114,32,7,122" hai1="99,93,95,102,42,53,96,66,46,47,49,118,91" hai2="63,19,77,82,120,14,31,39,25,24,87,69,76" hai3="18,104,65,107,4,132,35,121,86,11,37,84,34"/><W97/><G121/><T75/><D122/><U116/><REACH who="1" step="1"/><E66/><REACH who="1" ten="291,232,235,232" step="2"/><V73/><F120/><W98/><G65/><T54/><D114/><U3/><E3/><V59/><F69/><W30/><G132/><T22/><D71/><U109/><E109/><V123/><F123/><W33/><G37/><AGARI ba="0,1" hai="37,42,46,47,49,53,91,93,95,96,99,102,116,118" machi="37" ten="40,2600,0" yaku="21,2,53,0" doraHai="64" doraHaiUra="101" who="1" fromWho="3" sc="291,0,232,36,235,0,232,-26" /><INIT seed="4,0,0,0,1,62" ten="291,268,235,206" oya="0" hai0="37,46,65,93,49,44,54,105,118,68,47,85,122" hai1="131,117,25,6,103,41,51,50,82,32,134,129,72" hai2="11,128,71,36,88,27,107,18,87,8,2,95,9" hai3="55,126,28,29,75,132,97,119,111,115,30,39,133"/><T40/><D105/><U56/><E117/><V112/><F112/><W94/><G119/><T22/><D22/><U60/><E134/><N who="3" m="51818" /><G111/><T10/><D10/><U79/><E103/><V123/><F123/><W35/><G115/><T96/><D118/><U89/><E6/><V26/><F128/><N who="1" m="49225" /><E41/><V135/><F135/><W53/><G35/><T109/><D85/><U114/><E114/><V13/><F36/><W101/><G126/><T67/><D122/><U74/><E74/><V66/><F107/><W106/><G39/><T3/><D3/><U58/><E89/><V113/><F113/><W98/><G75/><T81/><D81/><U19/><E58/><V77/><F77/><W63/><G63/><T76/><D76/><U61/><E61/><V20/><F2/><W80/><G80/><T125/><D68/><U16/><E32/><V73/><F73/><W108/><G108/><T120/><D120/><U1/><E1/><V23/><F23/><W124/><G124/><T38/><D109/><U7/><E7/><V64/><F71/><W84/><G84/><T5/><D125/><U78/><E78/><V21/><F27/><W33/><G33/><T100/><D5/><U0/><E0/><V43/><F43/><AGARI ba="0,0" hai="37,38,40,43,44,46,47,49,54,65,67,93,96,100" machi="43" ten="40,7700,0" yaku="9,1,52,2" doraHai="62" who="0" fromWho="2" sc="291,77,268,0,235,-77,206,0" owari="368,46.0,268,7.0,158,-34.0,206,-19.0" /></mjloggm>