<mjloggm ver="2.3"><GO type="185" lobby="0"/><UN n0="%68%69%72%6F%6E%6E%32%30" n1="%69%6E%75%73%61%6E%38%34" n2="%E3%81%BE%E3%81%A3%E3%81%97%E3%83%BC" n3="" dan="17,16,16,0" rate="2230.03,2117.01,2240.71,1500.00" sx="M,M,F,C"/><TAIKYOKU oya="0"/><INIT seed="0,0,0,4,0,83" ten="350,350,350,0" oya="0" hai0="127,81,62,44,54,135,89,32,97,99,82,52,84" hai1="125,115,37,98,117,123,57,63,38,103,93,131,35" hai2="94,56,2,91,61,1,124,78,33,60,120,95,51" hai3=""/><T48/><D32/><U80/><N who="1" m="31520" /><U88/><E35/><V68/><N who="2" m="30752" /><V42/><F33/><T96/><D135/><U0/><E0/><V75/><F124/><T49/><D127/><U3/><E3/><V111/><F68/><T34/><D34/><U47/><E125/><V45/><F61/><T73/><D73/><U109/><E117/><V59/><F59/><T133/><D133/><U100/><E109/><V64/><F111/><T90/><D62/><U53/><E131/><V76/><F95/><T69/><D69/><U105/><E115/><V70/><F70/><T74/><D74/><U50/><E80/><V119/><F119/><T87/><D99/><U39/><REACH who="1" step="1"/><E105/><REACH who="1" ten="350,340,350,0" step="2"/><V110/><F110/><T41/><D41/><AGARI ba="0,1" hai="37,38,39,41,47,50,53,57,63,88,93,98,100,103" m="31520" machi="41" ten="40,8000,1" yaku="1,1,2,1,52,1,54,1,53,0" doraHai="83" doraHaiUra="113" who="1" fromWho="0" sc="350,-80,340,90,350,0,0,0" /><INIT seed="1,0,0,2,1,127" ten="270,430,350,0" oya="1" hai0="69,62,55,36,110,85,88,71,75,123,83,39,109" hai1="101,2,131,80,54,57,56,44,116,111,90,38,100" hai2="68,46,135,106,58,70,129,64,112,87,73,66,118" hai3=""/><U48/><E2/><V81/><F73/><T51/><N who="0" m="31520" /><T93/><D36/><U126/><E116/><V3/><F106/><T132/><D39/><U128/><E126/><V74/><F74/><T72/><D132/><U60/><E38/><V33/><F112/><T98/><D72/><U89/><E111/><N who="0" m="42505" /><D62/><U120/><N who="1" m="30752" /><U43/><E57/><V133/><F70/><T67/><D67/><U122/><N who="1" m="31264" /><U32/><E32/><V97/><F68/><T78/><D75/><U124/><E124/><V52/><F118/><T103/><D103/><U105/><E105/><V61/><F33/><T117/><D117/><U59/><E59/><AGARI ba="0,0" hai="51,55,59,69,71,78,83,85,88,93,98" m="42505,31520" machi="59" ten="30,3900,0" yaku="14,1,52,1,54,1" doraHai="127" who="0" fromWho="1" sc="270,39,430,-39,350,0,0,0" /><INIT seed="2,0,0,0,3,1" ten="309,391,350,0" oya="2" hai0="74,100,47,71,39,75,61,114,113,120,81,92,94" hai1="69,88,95,129,86,85,132,58,54,32,118,46,102" hai2="50,130,127,64,128,135,124,49,78,112,104,0,116" hai3=""/><V44/><F0/><T51/><N who="0" m="30752" /><T35/><D39/><U3/><E3/><V106/><F116/><T38/><D38/><U122/><N who="1" m="31264" /><U93/><E69/><V60/><F78/><T133/><D133/><U96/><E132/><V99/><F135/><T68/><D100/><U37/><E129/><N who="2" m="49771" /><F112/><T33/><D61/><U62/><E118/><V108/><F99/><T72/><D81/><U83/><E37/><V59/><F50/><T123/><N who="0" m="31520" /><T84/><D84/><U90/><E46/><V103/><F103/><T101/><D101/><U76/><E32/><N who="0" m="12361" /><D47/><U70/><E70/><N who="0" m="26665" /><D51/><U45/><E45/><V91/><F91/><AGARI ba="0,0" hai="54,58,62,76,83,85,86,88,90,91,93,95,96,102" m="31264" machi="91" ten="40,5200,0" yaku="8,1,52,1,54,1" doraHai="1" who="1" fromWho="2" sc="309,0,391,52,350,-52,0,0" /><INIT seed="4,0,0,3,2,41" ten="309,443,298,0" oya="0" hai0="91,112,129,108,110,33,57,93,63,56,34,68,116" hai1="3,124,111,132,135,77,85,55,97,86,66,2,69" hai2="36,115,1,40,43,114,113,32,134,35,128,65,50" hai3=""/><T37/><D116/><U125/><E111/><N who="0" m="42537" /><D112/><U61/><E97/><V126/><F1/><N who="1" m="9" /><E55/><V76/><F36/><T47/><D129/><U94/><E77/><V46/><F128/><T106/><D106/><U109/><E109/><V0/><F0/><T48/><D37/><U102/><E102/><V119/><F119/><T89/><D68/><U131/><E131/><V121/><N who="2" m="31008" /><V72/><F134/><N who="1" m="51241" /><E94/><V122/><N who="2" m="31264" /><V73/><F126/><AGARI ba="0,0" hai="61,66,69,85,86,124,125,126" m="51241,9" machi="126" ten="40,2600,0" yaku="18,1,20,1" doraHai="41" who="1" fromWho="2" sc="309,0,443,26,298,-26,0,0" /><INIT seed="5,0,0,2,1,80" ten="309,469,272,0" oya="1" hai0="36,34,53,117,100,37,52,54,88,76,77,133,92" hai1="61,94,70,64,84,74,58,72,103,68,134,109,89" hai2="40,65,132,108,102,105,55,57,50,3,71,125,79" hai3=""/><U99/><E134/><V63/><F3/><T2/><D34/><U98/><E109/><V78/><F108/><T69/><D69/><U46/><E46/><V135/><F125/><T87/><D117/><U104/><E70/><V116/><F116/><T42/><D2/><U107/><E68/><V124/><F124/><T106/><D133/><N who="2" m="51274" /><F40/><T123/><N who="0" m="31520" /><T110/><D110/><U119/><E119/><V121/><N who="2" m="31008" /><V67/><F67/><T0/><D0/><U118/><E118/><V127/><F127/><T35/><D35/><U56/><E56/><V128/><F128/><T129/><D129/><U91/><E107/><V1/><F1/><T38/><REACH who="0" step="1"/><D42/><REACH who="0" ten="299,469,272,0" step="2"/><U62/><REACH who="1" step="1"/><E62/><REACH who="1" ten="299,459,272,0" step="2"/><V33/><F33/><T43/><D43/><U95/><AGARI ba="0,2" hai="58,61,64,72,74,84,89,91,94,95,98,99,103,104" machi="95" ten="20,8000,1" yaku="1,1,2,1,0,1,7,1,52,1,53,0" doraHai="80" doraHaiUra="73" who="1" fromWho="1" sc="299,-40,459,100,272,-40,0,0" /><INIT seed="5,1,0,3,3,127" ten="259,559,232,0" oya="1" hai0="99,47,44,0,77,113,79,129,83,124,60,45,130" hai1="119,56,101,59,116,1,103,32,72,34,71,102,3" hai2="57,46,94,96,87,106,118,39,108,67,76,133,121" hai3=""/><U62/><E72/><V74/><N who="2" m="31008" /><V78/><F118/><N who="1" m="45097" /><E71/><V35/><F35/><N who="1" m="13353" /><E62/><V65/><F133/><T37/><D0/><AGARI ba="1,0" hai="0,1,3,56,59,101,102,103" m="13353,45097" machi="0" ten="40,3900,0" yaku="28,2" doraHai="127" who="1" fromWho="0" sc="259,-41,559,41,232,0,0,0" /><INIT seed="5,2,0,4,2,92" ten="218,600,232,0" oya="1" hai0="126,50,89,0,133,87,65,95,78,63,115,70,32" hai1="56,49,79,93,124,83,130,102,123,120,134,86,117" hai2="58,39,119,48,125,107,43,72,100,33,45,121,98" hai3=""/><U101/><N who="1" m="30752" /><U116/><N who="1" m="31520" /><U40/><E124/><V62/><N who="2" m="31008" /><V66/><F119/><T35/><D0/><U1/><E1/><V69/><F125/><T109/><D109/><U2/><E2/><V44/><F72/><T59/><D126/><U132/><E130/><V64/><F33/><T104/><D133/><N who="1" m="51307" /><E40/><V112/><F112/><T57/><D115/><U34/><E34/><V38/><F66/><T53/><D104/><U68/><E68/><V106/><F106/><T47/><D57/><U76/><E49/><V88/><F69/><T42/><REACH who="0" step="1"/><D78/><REACH who="0" ten="208,600,232,0" step="2"/><U90/><E56/><V81/><REACH who="2" step="1"/><F45/><REACH who="2" ten="208,600,222,0" step="2"/><T110/><D110/><U54/><E117/><V129/><F129/><T73/><D73/><U99/><E116/><V96/><F96/><T85/><D85/><AGARI ba="2,2" hai="38,39,43,44,48,58,62,64,81,85,88,98,100,107" m="31008" machi="85" ten="40,8000,1" yaku="1,1,52,2,54,1,53,0" doraHai="92" doraHaiUra="128" who="2" fromWho="0" sc="208,-84,600,0,222,104,0,0" /><INIT seed="6,0,0,5,0,43" ten="124,600,326,0" oya="2" hai0="73,71,62,47,107,36,3,105,127,125,33,113,45" hai1="58,56,69,123,93,135,42,115,91,2,96,74,67" hai2="80,112,44,53,38,134,61,131,81,126,118,83,130" hai3=""/><V66/><F118/><T79/><D33/><U128/><N who="1" m="31520" /><U70/><E2/><V133/><F112/><T84/><D3/><U85/><E74/><V0/><F0/><T92/><D36/><U59/><E115/><V49/><F38/><T82/><D113/><U98/><E128/><N who="2" m="49195" /><F126/><N who="0" m="48138" /><D71/><AGARI ba="0,0" hai="44,49,53,61,66,71,80,81,83,133,134" m="49195" machi="71" ten="30,2900,0" yaku="19,1,52,1" doraHai="43" who="2" fromWho="0" sc="124,-29,600,0,326,29,0,0" /><INIT seed="6,1,0,2,3,51" ten="95,600,355,0" oya="2" hai0="131,106,94,65,117,58,43,111,48,135,59,125,90" hai1="46,83,99,119,71,112,113,52,81,78,126,53,67" hai2="66,102,118,115,121,91,64,74,39,36,44,88,85" hai3=""/><V84/><N who="2" m="31008" /><V132/><F74/><T47/><D111/><U2/><E2/><V0/><F0/><T116/><D106/><U77/><E126/><V41/><F118/><T57/><D125/><U95/><E119/><V97/><F132/><T32/><D32/><U133/><E133/><V92/><F115/><N who="1" m="44105" /><E46/><V62/><F39/><T75/><D75/><U76/><E67/><V110/><F110/><T86/><D135/><U35/><E71/><V70/><F64/><T37/><D131/><U96/><E35/><V54/><F54/><N who="1" m="21097" /><E99/><V130/><F130/><T87/><D117/><U69/><E69/><V104/><F91/><AGARI ba="1,0" hai="76,77,78,81,83,91,95,96" m="21097,44105" machi="91" ten="30,8000,1" yaku="15,1,52,3,54,1" doraHai="51" who="1" fromWho="2" sc="95,0,600,82,355,-82,0,0" owari="95,-50.0,682,63.0,273,-13.0,0,0.0" /></mjloggm>