<mjloggm ver="2.3"><GO type="169" lobby="0"/><UN n0="%E5%A4%A9%E7%A5%9E%E9%B3%B3%E4%BD%8D" n1="%E3%82%AD%E3%83%B3%E3%82%B0%E3%81%82%E3%81%A4%E3%81%97" n2="%E7%A2%A7%E4%B9%83" n3="%6E%69%73%69%35%30%32%38" dan="16,17,16,17" rate="2108.45,2167.20,2133.74,2152.79" sx="M,M,F,M"/><TAIKYOKU oya="0"/><BYE who="0" /><INIT seed="0,0,0,4,0,3" ten="250,250,250,250" oya="0" hai0="4,17,76,105,2,128,18,108,8,12,24,121,127" hai1="29,5,81,96,44,97,48,47,49,39,88,84,67" hai2="120,135,53,30,72,27,82,107,80,32,129,38,33" hai3="73,99,60,26,20,50,113,86,70,23,95,134,66"/><T61/><D61/><U103/><BYE who="2" /><E39/><UN n0="%E5%A4%A9%E7%A5%9E%E9%B3%B3%E4%BD%8D" /><UN n2="%E7%A2%A7%E4%B9%83" /><V77/><F77/><W126/><BYE who="2" /><BYE who="0" /><G73/><UN n2="%E7%A2%A7%E4%B9%83" /><T62/><D62/><U31/><E67/><V7/><F120/><W74/><G74/><T11/><D11/><U64/><E64/><UN n0="%E5%A4%A9%E7%A5%9E%E9%B3%B3%E4%BD%8D" /><V13/><F107/><W78/><G113/><T6/><D105/><U94/><E5/><N who="0" m="2153" /><D76/><U119/><E119/><V19/><F38/><W125/><G134/><T98/><D121/><U91/><E49/><V69/><F69/><W106/><G70/><T51/><D2/><U0/><E0/><V40/><F40/><W122/><G60/><T57/><D128/><U68/><E68/><V16/><F32/><W100/><G106/><T56/><D127/><U111/><E47/><V58/><F135/><W123/><G126/><T10/><D108/><U45/><E45/><V65/><F65/><W41/><G66/><T35/><D35/><U25/><E111/><V79/><F82/><W112/><G112/><T93/><D51/><U55/><REACH who="1" step="1"/><E25/><REACH who="1" ten="250,240,250,250" step="2"/><V1/><F129/><W124/><G26/><T34/><D34/><U114/><E114/><V52/><F1/><W22/><G50/><T130/><D130/><U63/><E63/><V14/><F58/><W101/><G125/><T43/><D43/><U59/><E59/><V85/><F7/><W36/><G124/><T133/><D133/><U89/><E89/><V110/><F110/><W9/><G36/><T46/><D46/><U92/><AGARI ba="0,1" hai="29,31,44,48,55,81,84,88,91,92,94,96,97,103" machi="92" ten="20,8000,1" yaku="1,1,0,1,7,1,8,1,54,1,53,0" doraHai="3" doraHaiUra="37" who="1" fromWho="1" sc="250,-40,240,90,250,-20,250,-20" /><INIT seed="1,0,0,0,0,6" ten="210,330,230,230" oya="1" hai0="19,126,88,115,119,3,99,7,22,59,82,11,62" hai1="65,108,96,52,20,44,79,130,112,35,14,56,55" hai2="121,83,110,72,50,104,63,21,5,13,98,48,26" hai3="128,45,27,84,16,54,111,40,131,46,106,49,132"/><U8/><E112/><V80/><F121/><W37/><G106/><T109/><D115/><U36/><E35/><V101/><F110/><W78/><G111/><T85/><D119/><U70/><E108/><V97/><F72/><W25/><G132/><T57/><D109/><U1/><E130/><N who="3" m="49706" /><G78/><T30/><D126/><U95/><E1/><V23/><F63/><W116/><G84/><T120/><D120/><U92/><E70/><V103/><F23/><N who="3" m="13543" /><G27/><T42/><D42/><U93/><E79/><V81/><F13/><W113/><G113/><T38/><D38/><U60/><E20/><V105/><REACH who="2" step="1"/><F5/><REACH who="2" ten="210,330,220,230" step="2"/><W127/><G116/><T0/><D0/><U32/><E32/><V100/><F100/><W66/><G66/><T86/><D62/><U29/><E29/><AGARI ba="0,1" hai="21,26,29,48,50,80,81,83,97,98,101,103,104,105" machi="29" ten="40,2600,0" yaku="1,1,9,1,53,0" doraHai="6" doraHaiUra="68" who="2" fromWho="1" sc="210,0,330,-26,220,36,230,0" /><INIT seed="2,0,0,1,0,108" ten="210,304,256,230" oya="2" hai0="61,30,16,4,88,46,38,134,92,58,113,89,102" hai1="74,22,63,17,45,80,82,51,23,8,69,24,1" hai2="48,11,9,91,117,75,34,13,109,39,119,52,47" hai3="100,111,90,50,86,99,33,118,0,104,25,101,7"/><V81/><F34/><W6/><G118/><T49/><D38/><U87/><E74/><V135/><F135/><W40/><G101/><T93/><D134/><U42/><E1/><V110/><F39/><W112/><G111/><N who="2" m="42505" /><F75/><W73/><G73/><T14/><D113/><U132/><E132/><V128/><F128/><W67/><G33/><T120/><D120/><U131/><E131/><V105/><F105/><W35/><G35/><T20/><D4/><U64/><E8/><N who="2" m="3147" /><F13/><W123/><G0/><T26/><D102/><U133/><E133/><V37/><F37/><W66/><G123/><T12/><D30/><U115/><E115/><V76/><F76/><W56/><G112/><T125/><D125/><U53/><E23/><V103/><F103/><W29/><G100/><T27/><D27/><U77/><REACH who="1" step="1"/><E82/><REACH who="1" ten="210,294,256,230" step="2"/><V60/><F60/><W68/><G6/><T2/><D2/><U54/><AGARI ba="0,1" hai="17,22,24,42,45,51,53,54,63,64,69,77,80,87" machi="54" ten="30,4000,0" yaku="1,1,2,1,0,1,53,0" doraHai="108" doraHaiUra="121" who="1" fromWho="1" sc="210,-10,294,50,256,-20,230,-10" /><INIT seed="3,0,0,0,2,132" ten="200,344,236,220" oya="3" hai0="112,66,87,128,21,80,8,34,64,51,46,42,124" hai1="26,89,107,96,22,100,135,78,86,113,19,6,4" hai2="95,127,29,93,129,122,61,67,109,50,121,43,36" hai3="98,133,58,35,126,57,39,24,115,49,120,1,53"/><W123/><G115/><T134/><D34/><U54/><E113/><V30/><F36/><W17/><G39/><T0/><D112/><U33/><E135/><V11/><F11/><W69/><G133/><T3/><D134/><U117/><E117/><V65/><F50/><W72/><G69/><T9/><D128/><U12/><E78/><V62/><F43/><W104/><G72/><T114/><D114/><U101/><E101/><V130/><REACH who="2" step="1"/><F109/><REACH who="2" ten="200,344,226,220" step="2"/><W88/><G49/><T83/><D9/><U44/><E6/><V18/><F18/><W5/><G5/><T108/><D8/><U70/><E4/><V52/><F52/><W91/><G53/><T81/><D108/><U111/><E54/><V60/><F60/><W110/><G110/><T37/><D37/><U47/><E19/><V28/><F28/><W31/><G17/><T92/><D0/><U7/><E7/><V106/><F106/><W14/><G104/><T74/><D3/><U15/><E107/><V23/><F23/><W102/><G1/><T119/><D21/><U55/><E22/><V79/><F79/><W75/><G31/><T16/><D16/><U71/><E55/><V68/><F68/><W63/><G35/><T59/><D42/><U99/><E70/><V45/><F45/><W125/><G58/><T85/><D59/><U40/><E71/><V97/><F97/><W2/><G98/><T131/><D46/><U27/><E44/><V38/><F38/><W10/><G57/><T56/><D51/><U84/><E111/><V25/><F25/><W41/><G24/><T82/><D56/><RYUUKYOKU ba="0,1" sc="200,-10,344,-10,226,30,220,-10" hai2="29,30,61,62,65,67,93,95,121,122,127,129,130" /><INIT seed="4,1,1,1,0,90" ten="190,334,256,210" oya="0" hai0="80,118,119,67,117,0,39,56,123,58,97,57,88" hai1="44,83,29,12,26,84,114,122,30,7,51,50,45" hai2="116,101,54,73,62,130,70,2,15,61,75,113,132" hai3="35,10,111,94,4,33,18,59,124,42,126,11,1"/><T36/><D123/><U38/><E122/><V128/><F2/><W69/><G69/><T16/><D0/><U68/><E68/><V22/><F70/><W104/><G104/><T127/><D127/><N who="3" m="48681" /><G42/><T43/><D67/><U115/><E38/><V135/><F101/><W40/><G40/><T19/><D43/><U47/><E12/><V23/><F15/><N who="3" m="7551" /><G59/><T65/><D65/><U53/><E7/><V85/><F85/><W52/><G52/><T81/><D97/><U86/><E86/><V133/><F54/><W13/><G111/><T87/><REACH who="0" step="1"/><D81/><REACH who="0" ten="180,334,256,210" step="2"/><U6/><E83/><V78/><F116/><W64/><G64/><T25/><D25/><U99/><E26/><V92/><F135/><W37/><G37/><AGARI ba="1,2" hai="16,19,36,37,39,56,57,58,80,87,88,117,118,119" machi="37" ten="50,9600,0" yaku="1,1,54,2,53,0" doraHai="90" doraHaiUra="41" who="0" fromWho="3" sc="180,119,334,0,256,0,210,-99" /><INIT seed="4,2,0,2,0,84" ten="299,334,256,111" oya="0" hai0="132,124,81,134,4,77,52,28,14,7,29,12,75" hai1="41,131,98,66,128,108,94,23,40,56,107,78,20" hai2="88,96,99,33,91,17,127,111,68,133,74,104,97" hai3="51,116,119,0,86,13,62,39,46,92,60,18,35"/><T64/><D64/><U63/><E108/><V53/><F111/><W85/><G0/><T21/><D124/><U8/><E107/><V47/><F33/><W83/><G39/><T11/><D52/><U45/><E78/><V87/><F68/><W90/><G35/><T89/><D89/><N who="2" m="34378" /><F74/><W48/><G119/><T24/><D29/><U121/><E121/><V93/><F104/><W126/><G126/><T80/><D80/><U113/><E113/><V22/><F127/><W6/><G116/><T70/><D70/><U112/><E112/><V50/><F133/><W30/><G30/><T25/><D25/><U5/><E128/><V109/><F109/><W65/><G65/><T36/><D36/><U73/><E73/><V26/><F87/><W69/><G69/><T106/><D106/><U19/><E131/><V42/><F42/><N who="3" m="24663" /><G51/><T129/><D129/><U105/><E105/><V120/><F120/><W122/><G122/><T34/><D34/><U114/><E41/><V71/><F71/><W82/><G85/><T101/><D134/><U9/><E114/><V49/><F50/><W32/><G32/><T3/><D132/><U15/><E40/><V31/><F31/><W100/><G83/><T103/><D3/><U58/><E45/><V72/><F72/><W123/><G123/><T110/><D110/><U125/><E58/><V118/><F118/><W117/><G117/><T43/><D43/><U37/><E37/><V61/><F61/><W102/><G82/><T115/><D115/><U57/><E125/><V10/><F10/><AGARI ba="2,0" hai="4,7,10,11,12,14,21,24,28,75,77,81,101,103" machi="10" ten="40,2000,0" yaku="9,1" doraHai="84" who="0" fromWho="2" sc="299,26,334,0,256,-26,111,0" /><INIT seed="4,3,0,2,0,75" ten="325,334,230,111" oya="0" hai0="102,124,49,127,112,52,130,54,30,126,118,2,7" hai1="100,18,50,98,60,62,12,111,103,53,92,14,51" hai2="94,77,69,86,125,115,95,19,9,80,1,96,16" hai3="101,6,38,37,11,128,73,116,117,26,32,33,131"/><T44/><D118/><N who="3" m="45673" /><G101/><T135/><D112/><U56/><E111/><V59/><F69/><W83/><G11/><N who="0" m="2551" /><D130/><N who="3" m="49705" /><G6/><T40/><D135/><U22/><E103/><V91/><F115/><W72/><G26/><T119/><D119/><U133/><E133/><V99/><F125/><W122/><G122/><T105/><D30/><U67/><REACH who="1" step="1"/><E12/><REACH who="1" ten="325,324,230,111" step="2"/><V107/><F107/><W113/><G113/><T3/><D3/><U106/><E106/><V29/><F1/><W43/><G43/><T89/><D102/><U58/><AGARI ba="3,1" hai="14,18,22,50,51,53,56,58,60,62,67,92,98,100" machi="58" ten="20,8000,1" yaku="1,1,0,1,7,1,8,1,53,1" doraHai="75" doraHaiUra="17" who="1" fromWho="1" sc="325,-43,324,99,230,-23,111,-23" /><INIT seed="5,0,0,2,0,18" ten="282,423,207,88" oya="1" hai0="51,1,90,96,27,0,81,7,132,98,120,119,47" hai1="121,30,34,43,17,25,11,109,102,112,107,42,100" hai2="56,14,22,85,48,97,16,58,61,95,117,36,21" hai3="135,99,50,89,91,115,44,38,20,35,125,77,83"/><U52/><E121/><V5/><F117/><W62/><G35/><T9/><D119/><U49/><E112/><V59/><F36/><W40/><G115/><T118/><D118/><U71/><E71/><V4/><F85/><W6/><G125/><T69/><D120/><U41/><E107/><V53/><F22/><W31/><G135/><T19/><D1/><U101/><E109/><V10/><F61/><W103/><G38/><T26/><D69/><U70/><E70/><V130/><F130/><W65/><G6/><T2/><D2/><U124/><E124/><V80/><F80/><W110/><G110/><T8/><D132/><U105/><E105/><V94/><F94/><N who="3" m="58871" /><G77/><T82/><D9/><U111/><E111/><V3/><REACH who="2" step="1"/><F4/><REACH who="2" ten="282,423,197,88" step="2"/><W64/><G83/><T126/><D81/><U78/><E34/><V23/><F23/><W106/><G106/><T86/><D126/><U12/><E25/><V67/><F67/><N who="3" m="25675" /><G62/><T133/><D133/><U134/><E134/><V128/><F128/><W28/><G28/><T104/><D104/><U46/><E30/><V63/><F63/><W87/><G87/><T123/><D123/><U24/><E24/><AGARI ba="0,1" hai="20,24,31,40,44,50,89,91" m="25675,58871" machi="24" ten="30,2000,0" yaku="8,1,52,1" doraHai="18" who="3" fromWho="1" sc="282,0,423,-20,197,0,88,30" /><INIT seed="6,0,0,5,2,11" ten="282,403,197,118" oya="2" hai0="58,2,103,57,54,133,94,59,128,88,118,50,110" hai1="114,61,22,42,132,96,15,14,76,68,126,12,13" hai2="84,97,113,39,45,41,29,135,121,10,66,31,6" hai3="104,77,26,46,64,62,9,111,116,92,8,107,17"/><V30/><F121/><W125/><G111/><T85/><D110/><U67/><E76/><V99/><F113/><W20/><G116/><T109/><D109/><U86/><E86/><V91/><F135/><W55/><G125/><T71/><D71/><U102/><E114/><V56/><F66/><W131/><G131/><T37/><D37/><U34/><E34/><V98/><F56/><W27/><G77/><T21/><D133/><U106/><E132/><V70/><F70/><W69/><G27/><T134/><D134/><U28/><E42/><V24/><F24/><W87/><G8/><T65/><D2/><U101/><E126/><V100/><F100/><W16/><G92/><T74/><D74/><U3/><E3/><V7/><REACH who="2" step="1"/><F10/><REACH who="2" ten="282,403,187,118" step="2"/><W5/><G64/><T44/><D103/><U119/><E102/><V38/><F38/><W83/><G69/><T95/><D65/><U93/><E67/><V79/><F79/><W90/><G9/><T1/><D59/><U60/><E101/><V43/><F43/><W117/><G26/><T35/><D58/><U36/><E36/><V72/><F72/><W115/><G115/><T32/><D57/><U112/><E68/><V63/><F63/><W130/><G62/><T40/><D40/><U108/><E61/><V105/><F105/><W89/><G107/><T25/><D25/><U19/><E60/><V124/><F124/><W122/><G104/><T33/><D44/><U120/><E106/><V47/><F47/><W0/><G46/><T127/><D127/><U75/><E112/><V52/><F52/><W73/><G55/><RYUUKYOKU ba="0,1" sc="282,-10,403,-10,187,30,118,-10" hai2="6,7,29,30,31,39,41,45,84,91,97,98,99" /><INIT seed="6,1,1,0,0,15" ten="272,393,217,108" oya="2" hai0="94,63,62,89,23,34,112,88,108,24,131,40,48" hai1="124,107,109,26,82,20,41,105,113,38,59,87,36" hai2="56,69,18,103,135,32,16,134,75,11,92,46,96" hai3="47,35,58,13,50,99,79,68,86,27,0,123,73"/><V37/><F69/><W4/><G68/><T71/><D108/><U90/><E109/><V120/><F120/><W30/><G123/><T121/><D121/><U60/><E113/><V14/><F75/><W98/><G73/><T3/><D112/><U43/><E124/><V104/><F32/><W10/><G58/><T19/><D34/><U28/><E36/><V44/><F104/><W22/><G79/><T117/><D3/><U9/><E38/><V93/><F93/><W100/><G86/><T125/><D125/><U101/><E107/><V85/><F85/><W130/><G130/><T80/><D131/><U127/><E127/><V84/><F84/><W65/><G65/><T42/><D117/><U51/><E51/><V55/><F37/><W52/><G100/><T64/><D80/><U31/><E31/><V95/><F95/><W110/><G110/><T53/><D63/><U17/><E101/><V1/><F1/><W2/><G2/><T33/><D33/><U72/><E105/><V106/><F106/><W61/><REACH who="3" step="1"/><G61/><REACH who="3" ten="272,393,217,98" step="2"/><T122/><D122/><U7/><E72/><V57/><F57/><W114/><G114/><T97/><D89/><U119/><E59/><AGARI ba="1,2" hai="19,23,24,40,42,48,53,59,62,64,71,88,94,97" machi="59" ten="30,3900,0" yaku="7,1,52,1,54,1" doraHai="15" who="0" fromWho="1" sc="272,62,393,-42,217,0,98,0" /><INIT seed="7,0,0,0,2,8" ten="334,351,217,98" oya="3" hai0="5,96,126,108,56,79,93,111,125,65,41,34,2" hai1="19,24,66,44,4,54,57,129,70,35,67,12,48" hai2="91,102,98,78,106,50,13,120,117,110,127,128,99" hai3="29,21,11,51,80,63,92,58,123,22,130,89,59"/><W33/><G123/><T30/><D41/><U26/><E70/><V118/><F110/><W14/><G130/><T101/><D79/><U88/><E4/><V97/><F127/><N who="0" m="48650" /><D34/><U42/><E129/><V3/><F3/><W53/><G33/><T60/><D30/><U31/><E88/><V112/><F112/><W1/><G29/><T15/><D2/><U17/><E17/><V81/><F120/><W25/><G1/><T90/><D101/><U132/><E132/><V73/><F128/><W133/><G133/><T9/><AGARI ba="0,0" hai="5,9,15,56,60,65,90,93,96,108,111" m="48650" machi="9" ten="30,2000,0" yaku="18,1,52,1" doraHai="8" who="0" fromWho="0" sc="334,20,351,-5,217,-5,98,-10" owari="354,45.0,346,15.0,212,-19.0,88,-41.0" /></mjloggm>