<mjloggm ver="2.3"><GO type="169" lobby="0"/><UN n0="%E3%83%8F%E3%82%B9%E5%A4%AA" n1="%42%72%42%61" n2="%E3%81%96%E3%82%8A%E3%81%8C%E3%81%AB%E3%81%8F%E3%82%93" n3="%E7%99%BD%E9%AB%AA%E9%AC%BC" dan="16,16,17,17" rate="2123.88,2129.49,2229.39,2183.22" sx="M,M,M,M"/><TAIKYOKU oya="0"/><INIT seed="0,0,0,2,5,122" ten="250,250,250,250" oya="0" hai0="2,28,17,50,48,110,43,125,40,74,80,123,111" hai1="135,128,109,119,84,117,5,14,88,105,51,25,72" hai2="24,118,13,101,102,89,53,129,11,66,58,6,95" hai3="71,15,86,18,57,93,96,56,113,49,23,83,92"/><T59/><D123/><U100/><E135/><V33/><F129/><W133/><G71/><T106/><D125/><U34/><E128/><V32/><F66/><W130/><G130/><T27/><D106/><U52/><E72/><V85/><F118/><W46/><G113/><T16/><D2/><U124/><E124/><V9/><F33/><W116/><G116/><T30/><D74/><U90/><E105/><V65/><F65/><W99/><G133/><T35/><D80/><U98/><E100/><V54/><F54/><W0/><G0/><T75/><D75/><U79/><E79/><V36/><F36/><W107/><G107/><T8/><D8/><U97/><E119/><V38/><F38/><W76/><G96/><T10/><D10/><N who="1" m="4431" /><E34/><V1/><F24/><W12/><G12/><T61/><D30/><U60/><E117/><V68/><F68/><W29/><G29/><T45/><D48/><U121/><E121/><V63/><REACH who="2" step="1"/><F32/><REACH who="2" ten="250,250,240,250" step="2"/><W78/><G56/><T44/><D44/><N who="1" m="27751" /><E25/><V127/><F127/><W19/><G57/><T82/><D43/><U37/><E37/><V108/><F108/><N who="0" m="41514" /><D82/><N who="1" m="49175" /><E109/><V4/><AGARI ba="0,1" hai="1,4,6,9,11,13,53,58,63,85,89,95,101,102" machi="4" ten="20,2700,0" yaku="1,1,0,1,7,1,53,0" doraHai="122" doraHaiUra="77" who="2" fromWho="2" sc="250,-13,250,-7,240,37,250,-7" /><INIT seed="1,0,0,4,5,29" ten="237,243,277,243" oya="1" hai0="63,83,10,16,23,66,77,86,133,40,61,67,132" hai1="119,98,88,12,69,109,135,122,95,55,87,120,103" hai2="129,44,91,89,13,17,5,101,106,123,56,31,27" hai3="85,99,54,115,128,127,46,42,100,26,57,25,8"/><U35/><E119/><V81/><F123/><W79/><G115/><T20/><D40/><U38/><E135/><N who="0" m="51785" /><D10/><U0/><E0/><V121/><F121/><W62/><G128/><T112/><D112/><U84/><E38/><V75/><F5/><W110/><G127/><T1/><D1/><U28/><E69/><V108/><F108/><W76/><G110/><T45/><D45/><U59/><E109/><V111/><F111/><W60/><G60/><N who="0" m="23115" /><D20/><U124/><E12/><AGARI ba="0,0" hai="12,16,23,66,67,77,83,86" m="23115,51785" machi="12" ten="30,2000,0" yaku="20,1,54,1" doraHai="29" who="0" fromWho="1" sc="237,20,243,-20,277,0,243,0" /><INIT seed="2,0,0,0,3,96" ten="257,223,277,243" oya="2" hai0="67,116,61,32,131,42,3,98,68,74,130,44,97" hai1="22,77,23,102,71,84,64,107,72,120,12,134,76" hai2="69,1,104,27,117,17,0,10,83,125,82,16,6" hai3="52,46,111,45,113,37,127,126,34,30,63,128,29"/><V124/><F69/><W105/><G105/><T87/><D116/><U56/><E134/><V60/><F104/><W135/><G135/><T90/><D74/><U19/><E120/><V88/><F117/><W95/><G113/><T101/><D3/><U123/><E123/><V85/><F0/><W122/><G122/><T38/><D32/><U70/><E72/><V11/><F60/><W65/><G34/><T28/><D28/><U49/><E23/><V94/><F11/><W15/><G128/><T75/><D75/><U99/><E84/><V59/><F59/><N who="3" m="35303" /><G65/><T50/><D38/><U20/><E20/><N who="2" m="13703" /><F17/><W14/><G37/><T40/><D40/><U78/><REACH who="1" step="1"/><E64/><REACH who="1" ten="257,213,277,243" step="2"/><V81/><F85/><W8/><G126/><T5/><D87/><U109/><E109/><V112/><F112/><W55/><G111/><T132/><D132/><U121/><E121/><V39/><F124/><W91/><G127/><T13/><D130/><U106/><E106/><V92/><F125/><W115/><G115/><T86/><D131/><U47/><E47/><V129/><F129/><W31/><G45/><T25/><D86/><U58/><E58/><V4/><F81/><W7/><G46/><T18/><D67/><U33/><E33/><V133/><F82/><W24/><G95/><T57/><D57/><U48/><E48/><V103/><F94/><W110/><G110/><T100/><D50/><U114/><E114/><V108/><F92/><W54/><G55/><AGARI ba="0,1" hai="12,19,22,49,55,56,70,71,76,77,78,99,102,107" machi="55" ten="40,5200,0" yaku="1,1,52,1,53,1" doraHai="96" doraHaiUra="93" who="1" fromWho="3" sc="257,0,213,62,277,0,243,-52" /><INIT seed="3,0,0,1,1,8" ten="257,275,277,191" oya="3" hai0="64,101,43,78,127,98,88,5,90,119,63,7,16" hai1="27,3,22,128,35,89,97,134,45,50,53,15,68" hai2="13,57,111,51,79,20,112,118,23,48,37,19,62" hai3="83,96,129,77,10,69,102,122,120,56,123,52,72"/><W47/><G69/><T1/><D119/><U34/><E134/><V135/><F118/><W40/><G129/><T94/><D127/><U125/><E125/><V124/><F112/><W46/><G40/><T73/><D43/><U76/><E128/><V38/><F124/><W42/><G42/><T92/><D1/><U80/><E3/><V65/><F111/><W24/><G24/><T66/><D101/><U9/><E68/><V121/><F135/><W0/><G0/><T55/><D73/><U105/><E105/><V70/><F121/><W39/><G39/><T28/><D78/><U6/><E97/><V36/><F79/><W82/><G82/><T126/><D28/><U61/><E61/><V114/><F114/><W93/><REACH who="3" step="1"/><G10/><REACH who="3" ten="257,275,277,181" step="2"/><T107/><D126/><U4/><E27/><V104/><F70/><W99/><G99/><T81/><D81/><U12/><E9/><V95/><F38/><W86/><G86/><T49/><D98/><U30/><E80/><V85/><F37/><W113/><G113/><T100/><D64/><U130/><E130/><V109/><F36/><W132/><G132/><T26/><D66/><U75/><E75/><V115/><F115/><W71/><G71/><T106/><D26/><U31/><E35/><V14/><F85/><W74/><G74/><T17/><D100/><U110/><E34/><V11/><F11/><W25/><G25/><T116/><D116/><U44/><E22/><V18/><F65/><W59/><G59/><T103/><D103/><U60/><E45/><V91/><F57/><W58/><G58/><T67/><D67/><RYUUKYOKU ba="0,1" sc="257,-10,275,-10,277,-10,181,30" hai3="46,47,52,56,72,77,83,93,96,102,120,122,123" /><INIT seed="3,1,1,3,3,67" ten="247,265,267,211" oya="3" hai0="5,116,132,51,35,82,45,50,23,63,123,11,71" hai1="113,72,121,58,85,118,43,26,38,36,104,32,83" hai2="102,131,119,109,21,89,101,47,40,88,124,69,2" hai3="3,127,30,126,14,24,12,97,39,52,57,99,122"/><W84/><G3/><T125/><D116/><U81/><E121/><V62/><F119/><W41/><G122/><T53/><D123/><U44/><E118/><V55/><F2/><W10/><G41/><T1/><D35/><U13/><E113/><V49/><F109/><W114/><G39/><T19/><D132/><U93/><E104/><V74/><F74/><W31/><G114/><T65/><D125/><N who="3" m="47625" /><G84/><T91/><D82/><U76/><E38/><V115/><F115/><W61/><G30/><T129/><D129/><U0/><E0/><V77/><F77/><W15/><G10/><T92/><D45/><U8/><E58/><N who="2" m="35167" /><F69/><W79/><G79/><T48/><D53/><U17/><E93/><V105/><F105/><W42/><G42/><T117/><D117/><U96/><E96/><V37/><F37/><W87/><G87/><T111/><D111/><U78/><E26/><V73/><F73/><W56/><G57/><T103/><D103/><N who="2" m="39434" /><F131/><W27/><G27/><T135/><D135/><U9/><E32/><AGARI ba="1,1" hai="12,14,15,24,31,32,52,56,61,97,99" m="47625" machi="32" ten="30,2900,0" yaku="18,1,54,1" doraHai="67" who="3" fromWho="1" sc="247,0,265,-32,267,0,211,42" /><INIT seed="3,2,0,1,2,41" ten="247,233,267,253" oya="3" hai0="55,102,52,58,64,115,53,15,42,24,88,113,78" hai1="17,122,65,26,10,89,99,120,31,132,93,126,111" hai2="129,0,35,13,121,30,77,71,135,84,61,73,47" hai3="44,2,25,131,33,80,68,46,43,67,114,104,54"/><W100/><G114/><N who="0" m="43531" /><D78/><U34/><E111/><V3/><F84/><W79/><G2/><T125/><D102/><U18/><E126/><V94/><F94/><W97/><G54/><N who="0" m="21099" /><D125/><U98/><E132/><V7/><F13/><W57/><G57/><T103/><D103/><U105/><E65/><N who="2" m="41391" /><F7/><W85/><G43/><T66/><D42/><U106/><E99/><V95/><F95/><W38/><G131/><T49/><D15/><U12/><REACH who="1" step="1"/><E18/><REACH who="1" ten="247,223,267,253" step="2"/><V101/><F135/><W123/><G123/><AGARI ba="2,1" hai="10,12,17,26,31,34,89,93,98,105,106,120,122,123" machi="123" ten="40,2600,0" yaku="1,1,2,1,53,0" doraHai="41" doraHaiUra="36" who="1" fromWho="3" sc="247,0,223,42,267,0,253,-32" /><INIT seed="4,0,0,4,1,121" ten="247,265,267,221" oya="0" hai0="125,69,27,31,76,132,92,86,95,90,50,133,113" hai1="6,116,2,120,41,13,82,80,119,124,59,81,118" hai2="51,115,43,68,84,72,110,117,20,130,99,14,0" hai3="19,105,11,65,74,107,58,37,135,49,78,71,12"/><T88/><D113/><U10/><E120/><V17/><F115/><W127/><G37/><T89/><D69/><U52/><E124/><V122/><F122/><W38/><G38/><T21/><D125/><U96/><E41/><V111/><F72/><W55/><G127/><T73/><D73/><U8/><E96/><V25/><F0/><W112/><G112/><T126/><D126/><U63/><REACH who="1" step="1"/><E116/><REACH who="1" ten="247,255,267,221" step="2"/><V104/><F117/><W108/><G135/><N who="0" m="51787" /><D50/><U102/><E102/><V100/><F43/><W129/><G129/><T66/><D66/><U79/><E79/><V62/><F130/><W36/><G36/><T77/><D90/><U42/><E42/><V44/><F51/><W53/><G53/><T134/><N who="0" m="51795" /><T47/><DORA hai="26" /><D47/><U30/><E30/><V5/><F44/><W16/><G65/><T109/><D109/><U85/><E85/><AGARI ba="0,1" hai="21,27,31,76,77,85,86,88,89,92,95" m="51795" machi="85" ten="40,7700,0" yaku="20,1,52,1,54,1" doraHai="121,26" who="0" fromWho="1" sc="247,87,255,-77,267,0,221,0" /><INIT seed="4,1,0,3,0,16" ten="334,178,267,221" oya="0" hai0="75,99,95,3,63,104,42,76,132,7,127,48,25" hai1="38,27,19,49,64,28,12,129,80,41,40,100,52" hai2="112,121,126,67,118,57,24,6,93,22,31,55,88" hai3="61,81,69,66,78,106,89,1,32,13,110,107,44"/><T135/><D104/><U85/><E129/><V97/><F121/><W26/><G110/><T74/><D127/><U123/><E123/><V4/><F112/><W114/><G114/><T84/><D63/><U82/><E64/><V128/><F126/><W79/><G79/><T62/><D62/><U56/><E100/><V120/><F120/><W46/><G89/><T68/><D68/><U91/><E80/><V45/><F128/><W29/><G13/><T124/><D124/><U94/><E38/><V39/><F118/><W101/><G1/><T21/><D84/><U59/><E59/><V36/><F67/><W111/><G111/><T125/><D76/><U86/><E27/><V18/><F39/><W47/><REACH who="3" step="1"/><G101/><REACH who="3" ten="334,178,267,211" step="2"/><T133/><D125/><U113/><E113/><V15/><F36/><W83/><G83/><T60/><D3/><U2/><E2/><V98/><F98/><W51/><G51/><T116/><D48/><U9/><REACH who="1" step="1"/><E28/><REACH who="1" ten="334,168,267,211" step="2"/><V10/><REACH who="2" step="1"/><F45/><REACH who="2" ten="334,168,257,211" step="2"/><W43/><G43/><T70/><D42/><U109/><E109/><V72/><F72/><AGARI ba="1,3" hai="26,29,32,44,46,47,61,66,69,72,78,81,106,107" machi="72" ten="40,1300,0" yaku="1,1,53,0" doraHai="16" doraHaiUra="35" who="3" fromWho="2" sc="334,0,168,0,257,-16,211,46" /><INIT seed="5,0,0,4,3,106" ten="334,168,241,257" oya="1" hai0="12,64,33,60,109,49,92,71,101,44,45,80,1" hai1="124,29,116,105,69,6,89,118,91,59,11,32,85" hai2="15,130,27,67,41,5,76,55,117,35,53,70,114" hai3="75,112,77,123,47,121,82,103,73,25,132,39,79"/><U81/><E124/><V66/><F117/><W104/><G25/><T22/><D109/><U7/><E69/><V97/><F130/><W78/><G39/><T72/><D1/><U95/><E105/><V94/><F114/><W42/><G42/><T16/><D33/><U56/><E6/><V134/><F134/><W18/><G18/><T43/><D92/><U110/><E110/><V96/><F41/><W23/><G23/><T86/><D101/><U26/><E118/><V40/><F40/><W17/><G17/><T102/><D102/><U19/><E19/><V48/><F76/><N who="3" m="29291" /><G47/><T31/><D45/><U24/><E24/><V93/><F70/><W126/><G126/><T30/><D72/><N who="3" m="27721" /><G112/><T87/><D87/><U127/><E127/><V83/><F27/><W2/><G2/><T50/><D49/><U28/><E28/><V113/><F35/><W74/><G132/><T62/><D62/><U51/><E51/><V57/><F15/><W52/><G52/><T38/><D50/><U122/><E122/><V10/><F10/><W100/><G100/><T36/><D38/><U14/><REACH who="1" step="1"/><E116/><REACH who="1" ten="334,158,241,257" step="2"/><V128/><F5/><W133/><G133/><T61/><D60/><U3/><E3/><V13/><F113/><W129/><G129/><T135/><D135/><U107/><E107/><V125/><F128/><W88/><G123/><T84/><D31/><U4/><E4/><V90/><F125/><W54/><G121/><T58/><D30/><U111/><E111/><V9/><F48/><W119/><G119/><T8/><D61/><U20/><E20/><V108/><F108/><RYUUKYOKU ba="0,1" sc="334,-10,158,30,241,-10,257,-10" hai1="7,11,14,26,29,32,56,59,81,85,89,91,95" /><INIT seed="5,1,1,0,5,49" ten="324,188,231,247" oya="1" hai0="117,77,84,126,58,114,34,127,89,109,36,8,40" hai1="57,100,60,95,97,125,41,78,72,91,10,74,79" hai2="104,32,80,85,128,132,113,86,116,15,59,35,98" hai3="96,99,63,129,61,39,0,4,68,22,134,62,45"/><U29/><E125/><N who="0" m="47625" /><D109/><U105/><E41/><V67/><F116/><W16/><G68/><T135/><D114/><U5/><E29/><V81/><F132/><W111/><G111/><T83/><D135/><U31/><E31/><V7/><F128/><W122/><G134/><T82/><D117/><U69/><E69/><V55/><F67/><W33/><G33/><T27/><D58/><U124/><E124/><V24/><F113/><W88/><G122/><T30/><D8/><U44/><E44/><V3/><F3/><W119/><G119/><T115/><D115/><U14/><E74/><V46/><F46/><W90/><G129/><T11/><D11/><U26/><E26/><V47/><F47/><W19/><G0/><T106/><D106/><U25/><E25/><V54/><F24/><W112/><G4/><T38/><D40/><U43/><E43/><V21/><F21/><W131/><G131/><T123/><D123/><U28/><E28/><V53/><F59/><W9/><G112/><T108/><D108/><U121/><E72/><AGARI ba="1,1" hai="27,30,34,36,38,72,77,82,83,84,89" m="47625" machi="72" ten="30,1000,0" yaku="18,1" doraHai="49" who="0" fromWho="1" sc="324,23,188,-13,231,0,247,0" /><INIT seed="6,0,0,3,1,122" ten="347,175,231,247" oya="2" hai0="37,38,67,71,59,36,69,81,106,107,10,76,19" hai1="96,87,62,5,114,65,110,124,116,90,33,133,50" hai2="84,117,120,28,29,102,131,17,8,32,113,80,104" hai3="115,12,56,75,15,130,57,24,132,85,52,109,97"/><V63/><F120/><W128/><G75/><T119/><D119/><U4/><E116/><V9/><F117/><W78/><G132/><T48/><D19/><U125/><E133/><V112/><F104/><W93/><G115/><T18/><D18/><U53/><E33/><V13/><F102/><W103/><G24/><T66/><D10/><U34/><E34/><V35/><F63/><W89/><G78/><T58/><D37/><U134/><E134/><V45/><F45/><W91/><G57/><T14/><D76/><U27/><E114/><N who="2" m="44139" /><F131/><N who="3" m="50219" /><G91/><T92/><D48/><U16/><E96/><V129/><F129/><W47/><G47/><T101/><D101/><U126/><E110/><V31/><F8/><W100/><G109/><T105/><D105/><U3/><E3/><V68/><F68/><W6/><G6/><T127/><D71/><U54/><E62/><V7/><F7/><N who="1" m="2633" /><E65/><V55/><F55/><N who="1" m="21001" /><E50/><V135/><F135/><W41/><G41/><T11/><D67/><U118/><E118/><V25/><F35/><W43/><G43/><T123/><D66/><U77/><E77/><AGARI ba="0,0" hai="9,13,17,25,28,29,31,32,77,80,84" m="44139" machi="77" ten="30,1500,0" yaku="15,1" doraHai="122" who="2" fromWho="1" sc="347,0,175,-15,231,15,247,0" /><INIT seed="6,1,0,0,3,11" ten="347,160,246,247" oya="2" hai0="33,107,13,46,119,20,7,90,88,94,121,70,98" hai1="39,51,62,24,54,58,110,48,32,74,112,82,95" hai2="129,31,72,35,103,116,108,57,64,68,124,23,66" hai3="104,105,132,40,37,89,65,61,118,91,120,10,83"/><V78/><F116/><W81/><G118/><T130/><D121/><U134/><E110/><V2/><F35/><W9/><G120/><T93/><D33/><U15/><E134/><V79/><F68/><W25/><G132/><T128/><D70/><U41/><E112/><V106/><F2/><W47/><G105/><T67/><D107/><U73/><E95/><V56/><F106/><W36/><G104/><T101/><D67/><U8/><E39/><V50/><F129/><W126/><G126/><T19/><D119/><U69/><E69/><V28/><F72/><W38/><G25/><T133/><D133/><U14/><E73/><V6/><F6/><W18/><G9/><N who="0" m="4287" /><D93/><U53/><E41/><V4/><F4/><W52/><G65/><T84/><D84/><U26/><E32/><V96/><F50/><W34/><G34/><T87/><D87/><U114/><E114/><V80/><F80/><W111/><G81/><T71/><D71/><U115/><E115/><V44/><F96/><W29/><G111/><T0/><D46/><N who="1" m="27799" /><E82/><V45/><F103/><W21/><G83/><T43/><D43/><U1/><E1/><V42/><F42/><W17/><G37/><T16/><D0/><U122/><E122/><V30/><F108/><W12/><G36/><T3/><D3/><U131/><E131/><V27/><F124/><W22/><G40/><T55/><D130/><U97/><E74/><V109/><F109/><W117/><G38/><T135/><D128/><U49/><E97/><V127/><F127/><W125/><G125/><T99/><D135/><U123/><E123/><RYUUKYOKU ba="1,0" sc="347,0,160,0,246,0,247,0" /><INIT seed="7,2,0,0,1,17" ten="347,160,246,247" oya="3" hai0="23,90,57,60,34,105,99,120,108,124,2,71,42" hai1="123,3,119,16,27,44,19,125,25,79,115,77,112" hai2="5,45,13,97,91,130,9,100,122,104,28,134,84" hai3="52,22,74,96,69,46,72,30,1,114,21,85,93"/><W36/><G69/><T51/><D34/><U111/><E123/><V131/><F134/><W121/><G1/><T11/><D108/><U76/><E111/><V66/><F122/><W48/><G121/><T14/><D124/><U49/><E3/><V86/><F66/><W65/><G65/><T20/><D2/><U107/><E107/><V32/><F45/><W81/><G36/><T110/><D110/><U6/><E6/><V75/><F75/><W70/><G70/><T8/><D71/><U126/><E49/><V53/><F53/><W64/><G64/><T101/><D8/><U26/><E44/><V50/><F50/><W58/><G46/><N who="0" m="26071" /><D101/><U92/><E92/><V12/><F12/><W15/><G74/><T29/><D29/><U73/><E73/><V56/><F56/><W113/><G72/><T127/><D127/><N who="1" m="48651" /><E119/><V55/><F5/><W10/><G30/><T54/><D105/><U118/><E118/><V67/><F28/><W43/><G43/><T40/><D40/><U18/><AGARI ba="2,0" hai="16,18,19,25,26,27,76,77,79,112,115" m="48651" machi="18" ten="40,12000,2" yaku="29,2,28,2,18,1,54,1" doraHai="17" who="1" fromWho="1" sc="347,-32,160,126,246,-32,247,-62" owari="315,41.0,286,9.0,214,-19.0,185,-31.0" /></mjloggm>