<mjloggm ver="2.3"><GO type="169" lobby="0"/><UN n0="%E5%A4%A7%E8%BE%BB" n1="%28%2A%C2%B4%33%EF%BD%80%2A%29" n2="%E3%81%B5%E3%81%98%E3%81%8B%E3%81%A4" n3="%4E%41%4E%4F%48%41" dan="16,16,16,16" rate="2087.89,2194.10,2174.08,2070.10" sx="M,F,M,M"/><TAIKYOKU oya="0"/><INIT seed="0,0,0,0,1,88" ten="250,250,250,250" oya="0" hai0="101,80,129,30,105,71,69,20,104,46,103,77,94" hai1="74,32,87,102,126,90,67,78,128,60,82,5,93" hai2="45,48,86,131,66,68,89,70,130,117,7,52,49" hai3="27,24,17,51,35,10,40,59,97,99,55,62,33"/><T29/><D129/><N who="2" m="49162" /><F7/><W132/><G132/><T31/><D20/><U61/><E128/><V79/><F79/><W84/><G84/><T98/><D103/><U75/><E32/><V123/><F123/><W114/><G114/><T25/><D25/><U13/><E126/><V47/><F86/><W120/><G120/><T34/><D34/><U0/><E0/><V44/><F89/><W65/><G40/><T54/><D46/><N who="2" m="18026" /><F117/><W124/><G124/><T96/><D54/><U36/><E36/><V83/><F83/><W81/><G81/><T39/><D39/><U28/><E28/><V122/><F122/><W73/><G73/><T112/><D112/><U64/><E75/><V107/><F107/><W6/><G35/><T118/><D118/><U113/><E113/><V11/><F11/><W22/><G33/><T109/><D109/><U41/><E102/><V53/><F66/><W4/><G27/><T15/><D15/><U19/><E5/><V42/><F49/><W58/><REACH who="3" step="1"/><G4/><REACH who="3" ten="250,250,250,240" step="2"/><T108/><D108/><U106/><E74/><V85/><F85/><W63/><G63/><T125/><D125/><U1/><E87/><V76/><F76/><W95/><G95/><T50/><D50/><U110/><E78/><V92/><F92/><W9/><G9/><T2/><D2/><AGARI ba="0,1" hai="2,6,10,17,22,24,51,55,58,59,62,65,97,99" machi="2" ten="30,2000,0" yaku="1,1,7,1,53,0" doraHai="88" doraHaiUra="133" who="3" fromWho="0" sc="250,-20,250,0,250,0,240,30" /><INIT seed="1,0,0,5,0,77" ten="230,250,250,270" oya="1" hai0="11,23,69,79,57,93,64,22,19,130,84,134,114" hai1="51,8,61,110,54,112,97,27,71,63,118,36,33" hai2="37,100,14,53,103,117,62,58,89,66,122,126,25" hai3="87,46,78,111,18,44,135,101,13,121,12,123,82"/><U131/><E118/><V120/><F117/><W76/><G111/><T91/><D114/><U128/><E112/><V106/><F37/><W73/><G135/><T70/><D134/><U17/><E36/><V10/><F126/><W116/><G116/><T9/><D130/><U55/><E110/><V3/><F3/><W119/><G119/><T65/><D70/><U127/><E127/><V115/><F115/><W32/><G32/><T113/><D113/><U28/><E97/><V90/><F25/><W98/><G123/><T107/><D107/><U124/><E124/><V133/><F133/><W56/><G56/><T15/><D69/><U29/><E29/><V105/><F66/><W24/><G24/><T50/><D65/><U129/><E71/><V38/><F38/><W16/><G121/><T88/><D79/><U42/><E42/><V4/><F120/><W86/><G73/><T85/><D23/><U75/><E75/><V49/><F122/><W72/><G72/><T74/><D74/><U26/><E55/><V92/><F62/><W68/><G68/><T41/><D41/><U20/><REACH who="1" step="1"/><E8/><REACH who="1" ten="230,240,250,270" step="2"/><V40/><F40/><W132/><G132/><T5/><D64/><U83/><E83/><V30/><F30/><W108/><G108/><T67/><D67/><U52/><E52/><V7/><F53/><W6/><G98/><T34/><D34/><U35/><E35/><V48/><F10/><W95/><G82/><N who="0" m="49175" /><D5/><U39/><E39/><V99/><F4/><W0/><G6/><T104/><D104/><U80/><E80/><V125/><F106/><W60/><G78/><RYUUKYOKU ba="0,1" sc="230,15,240,15,250,-15,270,-15" hai0="9,11,15,19,22,50,57,85,91,93" hai1="17,20,26,27,28,33,51,54,61,63,128,129,131" /><INIT seed="1,1,1,1,1,64" ten="245,255,235,255" oya="1" hai0="37,100,43,4,33,34,131,105,61,72,133,68,111" hai1="23,83,0,7,30,21,6,73,8,119,40,66,5" hai2="39,45,84,116,63,62,38,121,98,20,58,117,85" hai3="91,89,52,80,15,102,56,82,54,42,71,18,22"/><U44/><E119/><V60/><F98/><W113/><G113/><T26/><D133/><U49/><E66/><V115/><F20/><W3/><G3/><T94/><D94/><U36/><E49/><V10/><F10/><W90/><G42/><T95/><D95/><U87/><E21/><V118/><F121/><W57/><G71/><T2/><D131/><U126/><E126/><V32/><F32/><W104/><G104/><T46/><D111/><U120/><E120/><V24/><F24/><W122/><G102/><T19/><D19/><U101/><E101/><V76/><F76/><W129/><G129/><T134/><D134/><U107/><E107/><V67/><F115/><W70/><G70/><T96/><D72/><U123/><E123/><V99/><F99/><W109/><G109/><T35/><D4/><U55/><E55/><N who="3" m="21034" /><G122/><T53/><D53/><U132/><E132/><V127/><F127/><W79/><G79/><T50/><D50/><U31/><E87/><N who="2" m="33355" /><F45/><W11/><G22/><T41/><D41/><U103/><E103/><V106/><F106/><W74/><G74/><T27/><D2/><U25/><REACH who="1" step="1"/><E30/><REACH who="1" ten="245,245,235,255" step="2"/><V12/><F67/><W86/><G86/><T125/><D125/><U81/><E81/><AGARI ba="1,2" hai="11,15,18,56,57,80,81,82,89,90,91" m="21034" machi="81" ten="30,2000,0" yaku="8,1,54,1" doraHai="64" who="3" fromWho="1" sc="245,0,245,-23,235,0,255,43" /><INIT seed="2,0,0,3,3,95" ten="245,222,235,298" oya="2" hai0="53,44,9,56,123,84,46,17,82,68,1,85,57" hai1="66,108,132,49,92,74,41,30,81,19,62,39,88" hai2="15,128,18,134,118,99,104,61,71,116,77,97,100" hai3="115,28,67,121,109,72,73,25,64,60,54,63,32"/><V78/><F134/><W29/><G121/><T113/><D123/><U59/><E132/><V31/><F31/><W117/><G117/><T110/><D113/><U101/><E108/><V122/><F122/><W10/><G109/><T42/><D68/><U45/><E30/><V22/><F128/><W86/><G115/><T8/><D110/><U12/><E101/><V21/><F21/><W83/><G54/><T120/><D120/><U94/><E39/><V80/><F77/><W13/><G63/><T112/><D112/><U96/><E74/><V69/><F69/><W133/><G67/><T58/><D1/><U90/><E81/><V98/><F118/><W87/><G87/><T129/><D129/><U11/><E92/><V107/><F116/><W5/><G29/><T102/><D102/><U6/><REACH who="1" step="1"/><E90/><REACH who="1" ten="245,212,235,298" step="2"/><V2/><F107/><W125/><G133/><T24/><D82/><U52/><E52/><V3/><F104/><W47/><G73/><T124/><D53/><U70/><E70/><V36/><F36/><W79/><G72/><T91/><D91/><U105/><E105/><V43/><F100/><W35/><G28/><T89/><D89/><U0/><E0/><V93/><F2/><W37/><G83/><T34/><D42/><U76/><E76/><V33/><F3/><W7/><G79/><T106/><D106/><U55/><E55/><V75/><F43/><W111/><G111/><T119/><D119/><U16/><AGARI ba="0,1" hai="6,11,12,16,19,41,45,49,59,62,66,88,94,96" machi="16" ten="30,12000,2" yaku="1,1,0,1,8,1,52,1,54,2,53,1" doraHai="95" doraHaiUra="38" who="1" fromWho="1" sc="245,-30,212,130,235,-60,298,-30" /><INIT seed="3,0,0,5,5,93" ten="215,342,175,268" oya="3" hai0="107,42,95,58,45,2,99,9,129,33,109,21,78" hai1="61,74,98,86,43,40,128,63,50,3,92,55,132" hai2="26,30,84,62,73,94,16,59,12,126,1,65,91" hai3="105,133,23,19,6,111,66,11,20,14,114,24,35"/><W117/><G105/><T4/><D129/><U56/><E74/><V116/><F116/><W8/><G117/><T83/><D107/><U85/><E3/><V0/><F126/><W51/><G66/><T39/><D33/><U108/><E128/><V97/><F73/><W10/><G51/><T127/><D58/><U15/><E132/><V32/><REACH who="2" step="1"/><F84/><REACH who="2" ten="215,342,165,268" step="2"/><W80/><G133/><T34/><D127/><U28/><E85/><V104/><F104/><W82/><G114/><T48/><D109/><U44/><E86/><V100/><F100/><W67/><G111/><T123/><D123/><U125/><E108/><V124/><F124/><W89/><G82/><T68/><D83/><U38/><E125/><V88/><F88/><W5/><G89/><T41/><D78/><U54/><E92/><V112/><F112/><W29/><G80/><T47/><D34/><U118/><E118/><V79/><F79/><W87/><G87/><T113/><D113/><U119/><E119/><V18/><F18/><N who="3" m="8543" /><G67/><T77/><D77/><U36/><E36/><V46/><F46/><W90/><G90/><T121/><D121/><U115/><E38/><V69/><F69/><W49/><G19/><T76/><D76/><U22/><E115/><V75/><F75/><W101/><G101/><N who="0" m="60671" /><D68/><U110/><E110/><V122/><F122/><W103/><G103/><T72/><D72/><U53/><E44/><V131/><F131/><W13/><G49/><T64/><D64/><U134/><E50/><V7/><F7/><W120/><G120/><T130/><D130/><U17/><E134/><V81/><F81/><RYUUKYOKU ba="0,1" sc="215,10,342,-30,165,10,268,10" hai0="2,4,9,21,39,41,42,45,47,48" hai2="0,1,12,16,26,30,32,59,62,65,91,94,97" hai3="5,6,8,10,13,20,23,24,29,35" /><INIT seed="3,1,1,3,3,131" ten="225,312,175,278" oya="3" hai0="95,110,129,48,133,30,29,92,61,74,20,14,124" hai1="9,102,97,15,100,67,105,63,99,27,17,64,75" hai2="40,8,104,18,91,94,115,34,0,37,39,43,117" hai3="60,33,32,107,128,5,71,120,77,59,23,53,111"/><W28/><G120/><T45/><D74/><U90/><E75/><V132/><F104/><W80/><G128/><T96/><D129/><U114/><E114/><V125/><F117/><W84/><G107/><T85/><D124/><U126/><E126/><V10/><F34/><W12/><G111/><T3/><D3/><U7/><E90/><V4/><F115/><W135/><G71/><T121/><D121/><U21/><REACH who="1" step="1"/><E63/><REACH who="1" ten="225,302,175,278" step="2"/><V81/><F125/><W55/><G60/><T11/><D61/><U119/><E119/><V93/><F91/><W51/><G77/><T79/><D79/><U82/><E82/><V101/><F81/><W56/><G80/><T22/><D110/><U42/><E42/><V118/><F118/><W122/><G122/><T65/><D65/><U58/><E58/><V109/><F109/><W13/><G59/><T86/><D45/><U127/><E127/><V113/><F43/><W69/><G56/><T112/><D112/><U87/><E87/><V66/><F40/><W25/><G84/><T19/><D86/><U26/><E26/><V2/><F66/><W24/><G25/><T78/><D85/><U41/><E41/><V44/><F113/><W6/><G24/><T72/><D78/><U106/><AGARI ba="1,2" hai="7,9,15,17,21,27,64,67,97,99,100,102,105,106" machi="106" ten="20,8000,1" yaku="1,1,0,1,7,1,9,1,53,1" doraHai="131" doraHaiUra="1" who="1" fromWho="1" sc="225,-21,302,103,175,-21,278,-41" /><INIT seed="4,0,0,2,1,135" ten="204,405,154,237" oya="0" hai0="103,59,4,15,43,1,117,87,34,72,48,121,100" hai1="129,24,123,75,10,22,50,47,13,56,91,97,42" hai2="98,38,112,133,82,88,95,127,90,89,94,108,39" hai3="74,11,54,9,57,101,2,78,35,130,107,41,96"/><T111/><D121/><U61/><E123/><V40/><F108/><W116/><G116/><T12/><D72/><U119/><E119/><V126/><F40/><W33/><G130/><T37/><D117/><U5/><E129/><V19/><F133/><W131/><G131/><T84/><D34/><U68/><E68/><V125/><F112/><W86/><G41/><T3/><D37/><N who="2" m="13834" /><F19/><W0/><G74/><T115/><D111/><U93/><E75/><V21/><F21/><W92/><G11/><T106/><D106/><U73/><E73/><V45/><F45/><W118/><G118/><T66/><D43/><U51/><E47/><V124/><N who="2" m="31744" /><DORA hai="77" /><V83/><F98/><W63/><G9/><T69/><D4/><U26/><E26/><V8/><F8/><W62/><G33/><T80/><D69/><U109/><E42/><V55/><F55/><W31/><G35/><T120/><D120/><U128/><E109/><V102/><F102/><W113/><G101/><T64/><D115/><U46/><E128/><V36/><N who="2" m="13842" /><V53/><DORA hai="6" /><F53/><W29/><G54/><T44/><D44/><U132/><E46/><V65/><F65/><W79/><G96/><T99/><D99/><U52/><E132/><V18/><F18/><AGARI ba="0,0" hai="5,10,13,18,22,24,50,51,52,56,61,91,93,97" machi="18" ten="30,12000,2" yaku="7,1,25,2,8,1,52,1,54,1" doraHai="135,77,6" who="1" fromWho="2" sc="204,0,405,120,154,-120,237,0" /><INIT seed="5,0,0,3,5,125" ten="204,525,34,237" oya="1" hai0="89,41,67,118,69,92,72,66,52,26,124,102,16" hai1="50,65,86,130,119,84,105,9,0,59,55,82,17" hai2="33,111,5,114,38,53,85,28,64,98,128,100,135" hai3="25,11,56,132,74,2,57,4,48,78,44,121,122"/><U10/><E105/><V27/><F111/><W113/><G113/><T45/><D72/><U127/><E119/><V70/><F135/><W76/><G132/><T94/><D118/><U47/><E127/><V13/><F114/><W1/><G25/><T93/><D124/><U133/><E86/><V19/><F5/><W7/><G74/><T42/><D102/><U120/><E0/><V54/><F38/><W80/><G44/><T32/><D32/><U37/><E37/><V60/><F85/><W40/><G40/><N who="0" m="15467" /><D89/><U23/><E120/><V129/><F13/><W96/><G11/><T22/><D69/><U104/><E104/><N who="2" m="63511" /><F19/><W134/><G134/><T112/><D112/><U29/><E10/><V123/><F123/><W63/><G1/><T81/><D81/><U15/><E23/><V79/><F79/><W30/><G2/><T51/><AGARI ba="0,0" hai="16,22,26,45,51,52,66,67,92,93,94" m="15467" machi="51" ten="30,4000,0" yaku="8,1,54,2" doraHai="125" who="0" fromWho="0" sc="204,40,525,-20,34,-10,237,-10" /><INIT seed="6,0,0,3,0,47" ten="244,505,24,227" oya="2" hai0="135,31,16,91,122,34,14,1,10,59,125,80,111" hai1="9,61,50,45,71,35,105,129,77,118,56,2,41" hai2="19,26,36,93,127,102,70,18,131,58,104,85,62" hai3="40,107,109,68,8,17,86,67,66,87,76,3,94"/><V52/><F36/><W60/><G109/><T64/><D122/><U83/><E118/><V46/><F131/><W69/><G107/><T42/><D111/><U133/><E129/><V100/><F127/><W116/><G116/><T57/><D125/><U126/><E126/><V39/><F104/><W117/><G40/><T89/><D42/><U20/><E35/><V115/><F115/><W112/><G117/><T6/><D135/><U90/><E71/><V123/><F123/><W81/><G112/><T43/><D43/><U95/><E105/><V113/><F113/><W28/><G28/><T37/><D37/><U114/><E114/><V30/><F70/><W130/><G130/><T23/><D80/><U33/><E33/><V99/><F39/><W101/><G101/><T92/><D64/><U44/><E133/><V106/><F46/><W73/><G94/><T25/><D91/><U53/><E44/><V65/><F65/><W82/><G82/><T22/><D23/><U49/><E20/><N who="2" m="15687" /><F106/><W134/><G134/><T103/><REACH who="0" step="1"/><D103/><REACH who="0" ten="234,505,24,227" step="2"/><N who="2" m="39466" /><F85/><AGARI ba="0,1" hai="1,6,10,14,16,22,25,31,34,57,59,85,89,92" machi="85" ten="30,8000,1" yaku="1,1,7,1,24,2,54,1,53,0" doraHai="47" doraHaiUra="108" who="0" fromWho="2" sc="234,90,505,0,24,-80,227,0" owari="324,12.0,505,61.0,-56,-56.0,227,-17.0" /></mjloggm>