<mjloggm ver="2.3"><GO type="169" lobby="0"/><UN n0="%74%65%6E%6B%65%79%33" n1="%E4%B9%BE%E5%9D%A4%E5%8D%81%E4%BA%94%E6%93%B2" n2="%E3%81%8F%E3%81%86%E3%81%9F%E3%82%8D" n3="%4B%45%4E%2D%4F%47%41%53" dan="16,16,17,16" rate="2090.37,2110.31,2163.56,2120.18" sx="M,M,M,M"/><TAIKYOKU oya="0"/><INIT seed="0,0,0,2,0,70" ten="250,250,250,250" oya="0" hai0="16,106,127,64,73,118,8,48,60,40,11,21,97" hai1="44,72,39,53,35,128,112,12,42,84,27,115,19" hai2="33,100,123,68,67,89,78,131,114,5,55,61,57" hai3="69,107,102,122,81,28,93,25,17,83,80,63,6"/><T59/><D118/><U101/><E72/><V98/><F114/><N who="1" m="43561" /><E128/><V91/><F123/><W50/><G122/><T29/><D73/><U52/><E101/><V1/><F131/><W10/><G17/><T18/><D127/><U43/><E84/><V121/><F78/><W87/><G50/><T41/><D106/><U130/><E130/><V99/><F99/><W125/><G125/><T37/><D97/><U30/><E43/><N who="0" m="16457" /><D37/><U51/><E51/><V46/><F46/><W32/><G93/><T129/><D48/><U96/><E96/><V108/><F98/><N who="3" m="61911" /><G10/><AGARI ba="0,0" hai="10,12,19,27,30,35,39,42,44,52,53" m="43561" machi="10" ten="30,3900,0" yaku="11,1,52,1,54,1" doraHai="70" who="1" fromWho="3" sc="250,0,250,39,250,0,250,-39" /><INIT seed="1,0,0,5,0,114" ten="250,289,250,211" oya="1" hai0="87,73,109,67,1,123,56,115,16,79,20,103,5" hai1="60,48,90,121,61,74,10,59,116,72,104,119,94" hai2="129,42,133,77,2,58,78,54,107,127,64,18,130" hai3="29,112,70,97,31,88,0,34,25,47,68,75,118"/><U30/><E121/><V100/><F2/><W44/><G112/><T35/><D115/><U53/><E104/><V55/><F42/><W28/><G0/><T120/><D35/><U81/><E30/><V117/><F64/><W124/><G75/><T101/><D73/><U39/><E39/><V82/><F78/><W113/><G113/><T86/><D109/><U62/><E10/><V125/><F18/><W63/><G124/><N who="2" m="47689" /><F100/><N who="0" m="38474" /><D5/><U71/><E71/><V110/><F107/><W24/><G63/><N who="0" m="38375" /><D79/><U33/><E33/><V41/><F41/><W92/><G31/><T111/><D111/><U3/><E3/><V76/><F76/><W66/><G66/><T6/><D6/><U14/><E74/><N who="2" m="43319" /><F110/><W51/><G47/><T80/><D1/><U36/><E36/><V50/><F55/><W40/><REACH who="3" step="1"/><G118/><REACH who="3" ten="250,289,250,201" step="2"/><T131/><D123/><U134/><E72/><V122/><F122/><W19/><G19/><T108/><D120/><U84/><E119/><V45/><F117/><W21/><AGARI ba="0,1" hai="21,24,25,28,29,34,40,44,51,68,70,88,92,97" machi="21" ten="20,5200,0" yaku="1,1,0,1,7,1,54,1,53,0" doraHai="114" doraHaiUra="128" who="3" fromWho="3" sc="250,-13,289,-26,250,-13,201,62" /><INIT seed="2,0,0,0,1,135" ten="237,263,237,263" oya="2" hai0="32,99,92,79,106,34,22,110,11,125,41,108,36" hai1="28,129,12,98,101,123,0,21,82,97,23,40,48" hai2="126,51,52,119,90,3,54,29,10,61,118,26,109" hai3="30,83,56,81,35,91,127,27,130,114,39,128,38"/><V112/><F112/><W46/><G114/><T53/><D106/><U111/><E111/><N who="0" m="42537" /><D79/><U31/><E129/><N who="3" m="49770" /><G56/><T47/><D11/><U68/><E68/><V66/><F109/><W7/><G7/><T113/><D113/><U94/><E123/><V80/><F54/><W1/><G1/><T76/><D76/><U86/><E0/><V89/><F89/><W115/><G115/><T49/><D22/><U5/><E98/><V75/><F10/><W77/><G91/><N who="0" m="55711" /><D125/><U124/><E124/><V57/><F126/><W55/><G127/><T73/><D73/><U96/><E96/><V133/><F3/><W24/><G24/><T132/><D132/><U71/><E23/><V120/><F133/><W59/><G46/><AGARI ba="0,0" hai="32,34,36,41,46,47,49,53" m="55711,42537" machi="46" ten="30,1000,0" yaku="14,1" doraHai="135" who="0" fromWho="3" sc="237,10,263,0,237,0,263,-10" /><INIT seed="3,0,0,2,2,61" ten="247,263,237,253" oya="3" hai0="16,90,8,35,119,83,117,59,29,116,30,103,31" hai1="17,89,46,40,71,102,57,58,25,14,51,125,33" hai2="132,124,47,88,111,127,28,92,130,123,73,63,75" hai3="39,38,21,64,37,0,120,99,24,15,104,2,49"/><W11/><G120/><T42/><D103/><U4/><E71/><V113/><F28/><W96/><G49/><T19/><D42/><U5/><E125/><N who="2" m="48203" /><F47/><W48/><G48/><T115/><D35/><U85/><E102/><V78/><F63/><W26/><G26/><T128/><D115/><U62/><E25/><V93/><F113/><W56/><G96/><T79/><D90/><U94/><E58/><V126/><F126/><W36/><G99/><T81/><D128/><U74/><E74/><N who="2" m="28171" /><F111/><W54/><G104/><T1/><D59/><U91/><E33/><V67/><F67/><W97/><G97/><T68/><D68/><U53/><REACH who="1" step="1"/><E91/><REACH who="1" ten="247,253,237,253" step="2"/><V121/><F88/><W100/><G100/><T106/><D79/><U27/><E27/><V13/><F78/><W133/><G24/><T66/><D106/><U105/><E105/><V18/><F130/><W34/><G34/><T50/><D30/><U55/><E55/><V22/><F132/><W98/><G54/><T95/><D31/><U76/><E76/><V129/><F129/><W45/><G56/><T44/><D29/><U82/><E82/><V108/><F108/><W87/><G133/><T77/><D81/><U60/><E60/><V135/><F135/><W118/><G98/><T114/><D83/><U41/><E41/><V3/><F121/><W122/><G122/><T32/><D32/><U52/><E52/><V7/><F123/><W107/><G107/><T72/><D72/><U23/><AGARI ba="0,1" hai="4,5,14,17,23,40,46,51,53,57,62,85,89,94" machi="23" ten="20,5200,0" yaku="1,1,0,1,7,1,8,1,53,0" doraHai="61" doraHaiUra="109" who="1" fromWho="1" sc="247,-13,253,62,237,-13,253,-26" /><INIT seed="4,0,0,0,1,120" ten="234,315,224,227" oya="0" hai0="128,51,39,31,112,119,109,81,29,88,113,86,14" hai1="98,124,111,63,20,95,78,9,8,107,97,130,117" hai2="52,6,0,22,36,76,3,1,75,96,85,41,59" hai3="21,40,127,68,69,48,45,16,2,17,7,25,64"/><T70/><D119/><U56/><E117/><V80/><F96/><W129/><G129/><T89/><D128/><U104/><E130/><V101/><F101/><W103/><G127/><T121/><D121/><U38/><E38/><V19/><F41/><W32/><G103/><T92/><D39/><U47/><E124/><V60/><F36/><W67/><G32/><T44/><D70/><U65/><E47/><V54/><F75/><W74/><G74/><T82/><D14/><U110/><E78/><V28/><F28/><W93/><G93/><T77/><D109/><U108/><E20/><V57/><F6/><W10/><REACH who="3" step="1"/><G17/><REACH who="3" ten="234,315,224,217" step="2"/><T134/><D134/><U35/><E35/><V83/><F83/><W37/><G37/><T116/><D116/><U27/><E107/><V42/><F42/><W122/><G122/><T61/><D82/><U105/><E105/><V26/><REACH who="2" step="1"/><F1/><REACH who="2" ten="234,315,214,217" step="2"/><W131/><G131/><T123/><D81/><U87/><E111/><V133/><F133/><W135/><G135/><T11/><D123/><U55/><E110/><V34/><F34/><W18/><G18/><T72/><D72/><U50/><E108/><V5/><F5/><W79/><G79/><T43/><D77/><U114/><E104/><V102/><F102/><W66/><AGARI ba="0,2" hai="2,7,10,16,21,25,40,45,48,64,66,67,68,69" machi="66" ten="30,4000,0" yaku="1,1,0,1,54,1,53,0" doraHai="120" doraHaiUra="94" who="3" fromWho="3" sc="234,-20,315,-10,214,-10,217,60" /><INIT seed="5,0,0,4,3,100" ten="214,305,204,277" oya="1" hai0="98,77,135,90,10,7,41,3,94,106,114,39,59" hai1="80,84,69,19,75,131,134,76,51,125,35,20,54" hai2="16,124,45,44,49,27,57,46,112,81,127,115,43" hai3="26,15,33,95,89,58,82,71,108,120,24,11,74"/><U66/><E35/><V53/><F81/><W32/><G71/><T87/><D114/><N who="2" m="43562" /><F27/><W118/><G58/><T122/><D122/><U67/><E125/><N who="2" m="48203" /><F16/><W121/><G82/><T110/><D110/><U96/><E19/><V31/><F31/><W83/><G83/><T79/><D135/><U55/><E20/><V56/><F56/><W78/><G78/><T111/><D111/><U86/><E76/><V52/><F53/><W64/><G108/><T105/><D59/><U60/><E55/><V101/><F101/><W12/><G95/><T119/><D119/><U1/><E80/><V107/><F107/><W132/><G64/><T25/><D25/><U91/><E67/><V133/><F133/><W99/><G99/><T70/><D70/><U97/><E69/><V38/><AGARI ba="0,0" hai="38,43,44,45,46,49,52,57" m="48203,43562" machi="38" ten="30,12000,2" yaku="15,1,11,1,18,1,34,2,54,1" doraHai="100" who="2" fromWho="2" sc="214,-30,305,-60,204,120,277,-30" /><INIT seed="6,0,0,3,5,13" ten="184,245,324,247" oya="2" hai0="82,108,106,83,102,114,103,66,81,30,122,117,124" hai1="23,77,69,93,34,8,36,88,46,101,6,62,53" hai2="123,94,52,35,111,38,27,41,121,28,97,134,50" hai3="100,29,96,14,4,89,60,57,105,10,131,1,127"/><V20/><F134/><W58/><G131/><T76/><D30/><U65/><E34/><V18/><F41/><W33/><G127/><T98/><D66/><U37/><E77/><V130/><F38/><W61/><G89/><T51/><D51/><U92/><E92/><V48/><F48/><W90/><G90/><T86/><D124/><U64/><E101/><V112/><F112/><W84/><G84/><T75/><D114/><U39/><E65/><V80/><F80/><W119/><G119/><T15/><D15/><U85/><E23/><V132/><F132/><W9/><G60/><T44/><D44/><U32/><E32/><V40/><F40/><W110/><G110/><T22/><D22/><U45/><REACH who="1" step="1"/><E53/><REACH who="1" ten="184,235,324,247" step="2"/><V16/><F35/><W125/><G33/><T0/><D108/><U126/><E126/><V59/><F111/><W87/><G100/><T107/><D117/><U11/><E11/><V113/><F113/><W63/><G10/><T54/><D54/><U12/><AGARI ba="0,1" hai="6,8,12,36,37,39,45,46,62,64,69,85,88,93" machi="12" ten="30,4000,0" yaku="1,1,0,1,54,1,53,0" doraHai="13" doraHaiUra="74" who="1" fromWho="1" sc="184,-10,235,50,324,-20,247,-10" /><INIT seed="7,0,0,2,3,99" ten="174,285,304,237" oya="3" hai0="64,21,57,14,114,44,27,0,52,40,29,69,4" hai1="13,26,89,88,32,112,78,17,16,11,108,43,95" hai2="33,106,45,118,51,80,49,67,83,53,115,81,75" hai3="74,105,68,103,87,79,94,55,122,110,31,97,41"/><W38/><G122/><T54/><D0/><U117/><E108/><V23/><F118/><W36/><G110/><T47/><D69/><U56/><E112/><V100/><F33/><W34/><G68/><T48/><D114/><U124/><E124/><V62/><F115/><W35/><G55/><T104/><D104/><U42/><E117/><V109/><F109/><W5/><G5/><T102/><D64/><U30/><E78/><V22/><F75/><W84/><G84/><T93/><D44/><U71/><E71/><V72/><F72/><W73/><G73/><T119/><D119/><U127/><E127/><V50/><F100/><W131/><G131/><T90/><D102/><U20/><E56/><N who="2" m="37319" /><F106/><W3/><G3/><T77/><D77/><U86/><E89/><V15/><F15/><AGARI ba="0,0" hai="11,13,15,16,17,20,26,30,32,42,43,86,88,95" machi="15" ten="30,3900,0" yaku="7,1,54,2" doraHai="99" who="1" fromWho="2" sc="174,0,285,39,304,-39,237,0" owari="174,-33.0,324,42.0,265,7.0,237,-16.0" /></mjloggm>