<mjloggm ver="2.3"><GO type="169" lobby="0"/><UN n0="%63%6C%75%74%63%68%37%33" n1="%61%6E%6C%75%6E" n2="%E5%90%8D%E5%89%8D%E6%9C%AA%E5%AE%9A" n3="%EF%BC%BC%28%EF%BC%BE%6F%EF%BC%BE%29%EF%BC%8F%E2%98%85" dan="17,16,17,17" rate="2167.23,2112.56,2130.19,2215.96" sx="M,M,M,M"/><TAIKYOKU oya="0"/><INIT seed="0,0,0,0,5,107" ten="250,250,250,250" oya="0" hai0="22,28,129,47,98,102,124,56,27,10,76,100,45" hai1="125,78,5,13,123,63,9,60,55,115,33,131,75" hai2="40,93,2,26,95,94,97,4,110,117,64,24,68" hai3="17,49,92,66,80,126,69,133,23,103,1,114,79"/><T83/><D129/><U119/><E123/><V88/><F110/><W128/><G66/><T87/><D124/><U89/><E119/><V61/><F117/><W3/><G69/><T51/><D56/><U62/><E33/><V8/><F40/><W38/><G38/><T41/><D98/><U34/><E34/><V20/><REACH who="2" step="1"/><F26/><REACH who="2" ten="250,250,240,250" step="2"/><W71/><G126/><T108/><D108/><U127/><E125/><V74/><F74/><W113/><G128/><T16/><D47/><U30/><E131/><V65/><F65/><W81/><G114/><T48/><D48/><U44/><E127/><V11/><F11/><W85/><G49/><T84/><D84/><U21/><E115/><V46/><F46/><W67/><G67/><T73/><D73/><U90/><E44/><V53/><F53/><W12/><G85/><T25/><REACH who="0" step="1"/><D10/><REACH who="0" ten="240,250,240,250" step="2"/><U122/><E122/><V99/><F99/><W31/><G113/><T18/><D18/><AGARI ba="0,2" hai="2,4,8,18,20,24,61,64,68,88,93,94,95,97" machi="18" ten="30,3900,0" yaku="1,1,7,1,54,1,53,0" doraHai="107" doraHaiUra="42" who="2" fromWho="0" sc="240,-39,250,0,240,59,250,0" /><INIT seed="1,0,0,1,4,53" ten="201,250,299,250" oya="1" hai0="36,119,129,122,30,68,73,58,117,34,23,91,65" hai1="54,131,86,112,60,10,102,85,103,118,0,134,18" hai2="110,4,127,69,71,72,79,116,76,89,105,93,37" hai3="32,39,27,75,120,70,82,42,8,132,38,20,63"/><U59/><E112/><V1/><F116/><W57/><G120/><T13/><D91/><U124/><E118/><V67/><F110/><W41/><G70/><T12/><D65/><U48/><E124/><V31/><F127/><W81/><G32/><T33/><D68/><U88/><E134/><V3/><F105/><W95/><G132/><T24/><D36/><U80/><E131/><V107/><F107/><W97/><G8/><T43/><D43/><N who="3" m="16393" /><G75/><T123/><D73/><U14/><E0/><V115/><F72/><W135/><G39/><T106/><D106/><U61/><E86/><V56/><F37/><W108/><G38/><T100/><D100/><AGARI ba="0,0" hai="10,14,18,48,54,59,60,61,80,85,88,100,102,103" machi="100" ten="40,7700,0" yaku="8,1,52,1,54,1" doraHai="53" who="1" fromWho="0" sc="201,-77,250,77,299,0,250,0" /><INIT seed="1,1,0,5,1,56" ten="124,327,299,250" oya="1" hai0="106,71,86,98,10,47,132,113,125,3,80,120,8" hai1="102,117,57,14,67,24,34,127,83,55,48,118,13" hai2="69,9,128,101,76,79,109,5,12,20,59,103,46" hai3="45,90,63,11,37,100,33,16,130,91,74,50,31"/><U96/><E127/><V97/><F69/><W84/><G74/><T75/><D113/><U61/><E83/><V94/><F109/><W53/><G37/><T41/><D132/><U68/><E117/><V29/><F128/><W22/><G33/><T99/><D125/><U28/><REACH who="1" step="1"/><E118/><REACH who="1" ten="124,317,299,250" step="2"/><V18/><F76/><W40/><G130/><T131/><D131/><U19/><E19/><V129/><F79/><W112/><G112/><T95/><D120/><U111/><E111/><V134/><F129/><W30/><G30/><T89/><D75/><U114/><E114/><V17/><F29/><W60/><G31/><T119/><D119/><U36/><E36/><V123/><F18/><W135/><G135/><T38/><D71/><U116/><E116/><V44/><F134/><W87/><G11/><T52/><D3/><U25/><E25/><V26/><F123/><W92/><G100/><T35/><D8/><U0/><E0/><V43/><F101/><W126/><G126/><T2/><D10/><U64/><E64/><V122/><F122/><W81/><G40/><T133/><D2/><U32/><E32/><V7/><F43/><W6/><G6/><T82/><D35/><U27/><E27/><AGARI ba="1,1" hai="16,22,27,45,50,53,60,63,81,84,87,90,91,92" machi="27" ten="30,8000,1" yaku="7,1,8,1,52,2,54,1" doraHai="56" who="3" fromWho="1" sc="124,0,317,-83,299,0,250,93" /><INIT seed="2,0,0,1,5,52" ten="124,234,299,343" oya="2" hai0="57,22,123,110,30,12,127,2,78,66,94,84,10" hai1="20,4,71,118,117,99,92,36,31,18,76,102,89" hai2="97,81,83,106,28,126,9,13,128,75,34,87,101" hai3="112,111,65,32,98,104,90,55,15,0,86,74,134"/><V85/><F128/><W37/><G65/><T27/><D110/><U108/><E108/><V5/><F126/><W96/><G98/><T82/><D127/><U23/><E36/><V122/><F122/><W67/><G67/><T58/><D123/><U16/><E71/><V114/><F114/><W95/><G0/><T35/><D66/><U64/><E64/><V51/><F75/><W61/><G37/><T116/><D116/><U48/><E31/><V135/><F135/><W124/><G32/><T130/><D130/><U121/><E121/><V105/><F105/><W46/><G74/><T26/><D94/><U88/><E76/><V69/><F69/><W79/><G111/><T7/><REACH who="0" step="1"/><D2/><REACH who="0" ten="114,234,299,343" step="2"/><U59/><E118/><V3/><F3/><W41/><G95/><T45/><D45/><U73/><E117/><V129/><F129/><W1/><G46/><T63/><D63/><U39/><E73/><V11/><F106/><W49/><G61/><T72/><D72/><U44/><E39/><V33/><F83/><W113/><G104/><T54/><D54/><N who="1" m="32199" /><E44/><V107/><F81/><W53/><G124/><T109/><D109/><U119/><E119/><V133/><F107/><W6/><G1/><T131/><D131/><U120/><E120/><V93/><F93/><W25/><G113/><T24/><D24/><N who="1" m="14343" /><E4/><V50/><F5/><W19/><G112/><T43/><D43/><U47/><E47/><V91/><F13/><AGARI ba="0,1" hai="13,18,23,88,89,92,99,102" m="14343,32199" machi="13" ten="30,7700,0" yaku="8,1,52,1,54,2" doraHai="52" who="1" fromWho="2" sc="114,0,234,87,299,-77,343,0" /><INIT seed="3,0,0,4,4,90" ten="114,321,222,343" oya="3" hai0="59,47,69,76,108,2,72,31,92,83,70,107,16" hai1="127,43,37,19,109,86,67,112,50,111,21,29,46" hai2="30,100,22,7,65,77,95,104,81,114,51,120,32" hai3="52,39,10,129,101,53,75,106,40,97,128,57,34"/><W132/><G75/><T55/><D108/><N who="1" m="41547" /><E112/><V13/><F114/><W126/><G34/><T115/><D115/><U74/><E74/><V61/><F120/><W63/><G132/><T62/><D107/><U116/><E127/><V28/><F32/><W58/><G126/><T79/><D79/><U123/><E123/><V94/><F51/><W131/><G10/><T36/><D31/><U110/><E67/><V12/><F104/><W121/><G121/><T125/><D125/><U130/><E130/><V48/><F48/><W26/><G26/><T134/><D134/><U71/><E71/><V8/><F100/><W60/><REACH who="3" step="1"/><G40/><REACH who="3" ten="114,321,222,333" step="2"/><T85/><D2/><U6/><E110/><V14/><F8/><W99/><G99/><T73/><D73/><U64/><E43/><V68/><F7/><W88/><G88/><T103/><D72/><U96/><E6/><V20/><F77/><W11/><G11/><T25/><D103/><U38/><E96/><V113/><F113/><W18/><G18/><T122/><D122/><U27/><E19/><V80/><F30/><W3/><G3/><T49/><D25/><U89/><E116/><V23/><REACH who="2" step="1"/><F28/><REACH who="2" ten="114,321,212,333" step="2"/><W44/><G44/><T17/><D17/><U87/><E29/><V119/><F119/><W9/><G9/><T56/><D16/><U1/><E1/><V42/><F42/><W117/><G117/><T124/><D124/><U102/><E46/><V33/><F33/><W35/><G35/><T15/><D47/><U133/><E133/><V91/><F91/><W4/><G4/><T93/><D76/><U78/><E78/><RYUUKYOKU ba="0,2" sc="114,-15,321,-15,212,15,333,15" hai2="12,13,14,20,22,23,61,65,68,80,81,94,95" hai3="39,52,53,57,58,60,63,97,101,106,128,129,131" /><INIT seed="3,1,2,0,5,41" ten="99,306,227,348" oya="3" hai0="24,1,77,25,70,131,126,88,94,8,74,66,106" hai1="79,27,0,117,53,52,48,123,5,12,124,65,60" hai2="45,19,4,84,30,43,13,96,109,127,97,40,14" hai3="21,44,46,95,102,20,57,31,22,118,50,121,129"/><W64/><G118/><T116/><D116/><U134/><E123/><V58/><F109/><W36/><G121/><T112/><D112/><U15/><E117/><V128/><F127/><W82/><G129/><T38/><D126/><U101/><E124/><V89/><F30/><W54/><G36/><T81/><D131/><U23/><E134/><V63/><F4/><W2/><G2/><T34/><D106/><U90/><E79/><V3/><F14/><W35/><G64/><T114/><D114/><U51/><E0/><V91/><F91/><W6/><G6/><T99/><D34/><U62/><E101/><V67/><F43/><W18/><G82/><T100/><D100/><U110/><E110/><V42/><F42/><W87/><G18/><T49/><D38/><U125/><E125/><V33/><F33/><W104/><G104/><T32/><D32/><U56/><E90/><V17/><F17/><W132/><G132/><T122/><D122/><U11/><E15/><V103/><F103/><W47/><G35/><T115/><D115/><U37/><E37/><V105/><F105/><W135/><G135/><T83/><D83/><U68/><REACH who="1" step="1"/><E53/><REACH who="1" ten="99,296,227,348" step="2"/><V26/><F3/><W86/><G31/><AGARI ba="1,3" hai="5,11,12,23,27,31,48,51,52,56,60,62,65,68" machi="31" ten="30,8000,1" yaku="1,1,2,1,7,1,54,1,53,1" doraHai="41" doraHaiUra="10" who="1" fromWho="3" sc="99,0,296,113,227,0,348,-83" /><INIT seed="4,0,0,4,2,107" ten="99,409,227,265" oya="0" hai0="10,132,95,93,126,78,12,97,106,90,73,68,27" hai1="30,41,15,58,123,124,16,33,54,18,31,85,45" hai2="129,92,44,77,32,100,35,76,57,13,19,40,56" hai3="11,89,28,121,39,108,61,25,66,83,64,105,127"/><T4/><D68/><U71/><E123/><V36/><F129/><W55/><G108/><T70/><D70/><U122/><E122/><V98/><F35/><W47/><G121/><T119/><D119/><U38/><E124/><V20/><F32/><W110/><G110/><T5/><D126/><U51/><E33/><V125/><F125/><W80/><G105/><T135/><D106/><U130/><E130/><V113/><F113/><W69/><G127/><T82/><D27/><U72/><E72/><V22/><F22/><W128/><G128/><T23/><D23/><N who="1" m="11679" /><E18/><V34/><F34/><W120/><G66/><T101/><REACH who="0" step="1"/><D5/><REACH who="0" ten="89,409,227,265" step="2"/><U94/><E71/><V75/><F20/><W14/><G120/><T59/><D59/><U118/><E118/><V50/><F57/><W79/><G25/><T134/><D134/><U21/><E21/><V86/><F56/><W103/><G28/><T29/><D29/><U3/><E31/><V63/><F19/><W114/><G114/><T53/><D53/><U24/><E24/><V87/><F40/><W46/><G55/><T81/><D81/><U99/><E30/><V102/><F44/><W111/><G111/><T49/><D49/><U91/><E41/><V9/><F50/><W0/><G46/><T74/><D74/><U6/><E45/><V65/><F75/><W7/><G47/><T131/><D131/><U1/><E6/><V17/><F17/><W43/><G43/><T2/><D2/><N who="1" m="523" /><E38/><V109/><F36/><W112/><G39/><T133/><D133/><U115/><E115/><V96/><F109/><W88/><G112/><RYUUKYOKU ba="0,1" sc="89,15,409,15,227,-15,265,-15" hai0="4,10,12,73,78,82,90,93,95,97,101,132,135" hai1="51,54,58,85,91,94,99" /><INIT seed="4,1,1,4,2,23" ten="104,424,212,250" oya="0" hai0="99,38,130,106,118,1,65,133,41,85,20,14,109" hai1="129,127,94,90,107,42,73,22,30,17,96,44,124" hai2="12,26,39,35,98,102,62,55,27,75,116,135,117" hai3="7,60,95,58,128,66,68,78,122,111,59,81,4"/><T69/><D118/><N who="2" m="45674" /><F35/><W121/><G111/><T84/><D1/><U15/><E107/><V134/><F75/><W114/><G114/><T51/><D133/><N who="2" m="50698" /><F12/><W50/><G128/><T61/><D130/><U31/><E73/><V32/><F32/><W79/><G95/><T29/><D38/><N who="1" m="21591" /><E129/><V54/><F39/><W97/><G97/><T92/><D106/><U47/><E47/><V33/><F33/><W48/><G68/><T89/><D109/><U120/><E120/><N who="3" m="46186" /><G79/><T25/><REACH who="0" step="1"/><D14/><REACH who="0" ten="94,424,212,250" step="2"/><U46/><E15/><V71/><F71/><W53/><G48/><T100/><D100/><U119/><E119/><V11/><F62/><W21/><G60/><T101/><D101/><U104/><E104/><N who="2" m="63575" /><F11/><W91/><G50/><T24/><D24/><AGARI ba="1,2" hai="24,26,27,54,55" m="63575,50698,45674" machi="24" ten="30,8000,1" yaku="12,1,20,1,52,3" doraHai="23" who="2" fromWho="0" sc="94,-83,424,0,212,103,250,0" /><INIT seed="5,0,0,1,3,24" ten="11,424,315,250" oya="1" hai0="117,6,112,53,21,125,63,55,134,7,130,57,54" hai1="26,31,52,4,122,23,0,8,2,127,93,13,43" hai2="50,25,16,129,3,5,48,74,34,95,77,90,64" hai3="71,44,128,20,56,72,99,113,10,94,70,133,68"/><U67/><E122/><V33/><F129/><W51/><G72/><T97/><D117/><U60/><E127/><V22/><F64/><W121/><G121/><T35/><D35/><U105/><E105/><V42/><F74/><W135/><G128/><T36/><D36/><U14/><E43/><V111/><F77/><W69/><G113/><T38/><D38/><U108/><E108/><V9/><F111/><W89/><G56/><T41/><D112/><U115/><E2/><V1/><F1/><W12/><N who="3" m="17408" /><DORA hai="106" /><W118/><G20/><T59/><D41/><U28/><E67/><V110/><F110/><W19/><REACH who="3" step="1"/><G118/><REACH who="3" ten="11,424,315,240" step="2"/><T75/><D130/><U107/><E23/><V46/><REACH who="2" step="1"/><F48/><REACH who="2" ten="11,424,305,240" step="2"/><W104/><G104/><T11/><D75/><U86/><E107/><V119/><F119/><W17/><G17/><T103/><D125/><U45/><E115/><V15/><F15/><W32/><G32/><T62/><D134/><U73/><E14/><V87/><AGARI ba="0,2" hai="3,5,9,16,22,25,33,34,42,46,50,87,90,95" machi="87" ten="20,5200,0" yaku="1,1,0,1,7,1,54,1,53,0" doraHai="24,106" doraHaiUra="101,92" who="2" fromWho="2" sc="11,-13,424,-26,305,72,240,-13" owari="-2,-50.0,398,49.0,377,18.0,227,-17.0" /></mjloggm>