<mjloggm ver="2.3"><GO type="185" lobby="0"/><UN n0="%E3%81%95%E3%81%A8%E3%81%95%E3%81%A8%31%31" n1="%E3%81%B5%E3%81%96%E3%81%91%E3%82%8B%E3%83%9F%EF%BC%81" n2="%6E%69%6B%6F%6C%75%30%33" n3="" dan="17,17,17,0" rate="2276.36,2239.09,2258.22,1500.00" sx="M,M,M,C"/><TAIKYOKU oya="0"/><INIT seed="0,0,0,2,0,53" ten="350,350,350,0" oya="0" hai0="45,1,101,74,69,106,73,36,75,38,126,65,33" hai1="46,133,89,3,94,125,83,52,92,63,78,60,112" hai2="104,85,105,71,40,134,116,79,77,95,130,99,0" hai3=""/><T54/><D126/><U107/><E3/><V122/><N who="2" m="31264" /><V113/><F0/><T132/><D132/><U35/><E35/><V97/><F71/><T100/><D33/><U88/><E107/><N who="2" m="41035" /><F40/><T64/><D106/><U32/><E125/><V117/><F134/><T86/><D1/><U80/><E112/><V111/><F113/><T90/><D69/><U61/><E32/><V50/><F50/><T91/><D54/><U114/><E114/><V96/><F111/><T119/><D119/><N who="2" m="45642" /><F130/><T102/><D86/><U51/><E133/><V58/><F58/><T55/><D55/><U47/><E47/><V59/><F59/><T34/><D34/><U81/><E78/><N who="2" m="29707" /><F85/><T68/><D68/><U98/><E61/><V44/><F44/><T129/><D129/><U131/><E131/><V67/><F67/><T49/><D49/><U128/><E128/><V72/><F72/><T37/><D45/><U109/><E109/><V108/><F108/><T82/><REACH who="0" step="1"/><D82/><REACH who="0" ten="340,350,350,0" step="2"/><U110/><E110/><V121/><N who="2" m="31008" /><V135/><F135/><T41/><D41/><U87/><AGARI ba="0,1" hai="46,51,52,60,63,80,81,83,87,88,89,92,94,98" machi="87" ten="30,5900,0" yaku="0,1,8,1,54,2" doraHai="53" who="1" fromWho="1" sc="340,-39,350,69,350,-20,0,0" /><INIT seed="1,0,0,4,0,116" ten="301,419,330,0" oya="1" hai0="103,58,92,66,80,84,123,74,115,65,134,2,127" hai1="102,135,32,67,95,45,128,124,109,121,91,96,55" hai2="44,64,54,49,35,130,83,59,99,119,68,133,98" hai3=""/><U61/><N who="1" m="31008" /><U57/><E32/><V62/><F119/><T34/><N who="0" m="31520" /><T78/><D34/><U88/><E135/><V38/><F35/><T69/><D2/><U37/><E128/><V60/><F133/><T63/><D134/><U0/><E0/><V81/><F130/><T33/><D115/><U73/><E73/><V72/><F72/><T117/><D33/><U3/><E3/><V48/><F48/><T111/><D117/><U131/><E131/><V113/><F113/><T79/><D111/><U110/><E124/><V126/><F126/><T50/><D127/><U100/><E91/><V82/><REACH who="2" step="1"/><F38/><REACH who="2" ten="301,419,320,0" step="2"/><T42/><D74/><U114/><E114/><V132/><F132/><T125/><D125/><U90/><E37/><V94/><F94/><T97/><D69/><U105/><E110/><V112/><F112/><T89/><D66/><AGARI ba="0,1" hai="44,49,54,59,60,62,64,66,68,81,82,83,98,99" machi="66" ten="40,2600,0" yaku="1,1,53,1" doraHai="116" doraHaiUra="53" who="2" fromWho="0" sc="301,-26,419,0,320,36,0,0" /><INIT seed="2,0,0,2,4,122" ten="275,419,356,0" oya="2" hai0="124,102,114,35,119,48,100,104,92,74,77,64,38" hai1="32,52,134,121,108,133,39,58,94,105,83,34,44" hai2="116,45,37,68,135,69,1,71,0,70,86,43,2" hai3=""/><V79/><N who="2" m="17408" /><DORA hai="130" /><V80/><REACH who="2" step="1"/><F116/><REACH who="2" ten="275,419,346,0" step="2"/><T53/><D119/><U57/><N who="1" m="31008" /><U111/><E105/><V112/><F112/><T117/><D114/><U129/><E129/><V93/><F93/><T107/><D117/><U40/><E94/><V87/><F87/><T50/><D92/><U49/><E83/><V97/><F97/><T42/><D107/><U51/><E32/><V89/><F89/><T61/><D35/><U36/><E34/><V128/><F128/><T95/><D104/><U88/><E88/><V82/><F82/><T73/><D95/><U118/><E118/><V63/><F63/><T132/><D61/><U113/><E113/><V54/><F54/><T99/><D53/><U125/><E125/><V90/><F90/><T126/><D99/><U33/><E33/><V60/><F60/><T85/><D85/><U75/><E75/><V106/><F106/><T123/><D126/><U47/><E52/><V56/><F56/><T67/><N who="0" m="31520" /><T115/><D124/><U76/><E76/><V131/><F131/><T78/><D115/><U110/><E110/><V62/><F62/><T127/><D127/><U120/><N who="1" m="30752" /><U81/><E81/><V66/><F66/><T72/><D72/><U103/><E108/><RYUUKYOKU ba="0,1" sc="275,-10,419,-10,346,20,0,0" hai2="0,1,2,37,43,45,79,80,86,135" /><INIT seed="2,1,1,4,2,133" ten="265,409,366,0" oya="2" hai0="72,120,75,134,43,41,81,53,66,92,119,109,113" hai1="125,84,59,73,110,49,64,62,52,39,101,71,69" hai2="135,106,37,104,32,40,78,3,130,118,70,93,61" hai3=""/><V47/><F118/><T36/><N who="0" m="30752" /><T98/><D119/><U97/><E73/><V99/><F3/><T83/><D66/><U55/><E110/><V35/><F135/><T114/><D134/><U38/><E84/><V50/><F130/><T96/><D53/><U76/><E76/><V86/><F37/><N who="1" m="13833" /><E97/><V100/><F70/><N who="1" m="26633" /><E101/><V111/><F111/><T2/><D36/><U65/><E125/><V117/><F117/><T102/><D109/><U80/><E80/><N who="0" m="30793" /><D2/><U112/><E112/><N who="0" m="43113" /><D98/><U48/><E48/><V90/><F78/><T123/><N who="0" m="31520" /><T44/><D75/><U60/><E60/><V124/><F124/><T95/><D72/><U126/><E126/><V107/><REACH who="2" step="1"/><F61/><REACH who="2" ten="265,409,356,0" step="2"/><T77/><D77/><U127/><E127/><V115/><F115/><T129/><D129/><U57/><AGARI ba="1,2" hai="49,52,55,57,59,62,64,65" m="26633,13833" machi="57" ten="40,9000,2" yaku="35,5,54,1" doraHai="133" who="1" fromWho="1" sc="265,-31,409,112,356,-61,0,0" /><INIT seed="4,0,0,0,0,83" ten="234,521,295,0" oya="0" hai0="90,54,124,70,65,93,79,114,108,47,116,43,74" hai1="52,135,78,100,117,121,1,84,46,62,32,132,128" hai2="113,64,119,101,134,104,109,125,126,88,58,85,127" hai3=""/><T0/><D116/><U60/><N who="1" m="31008" /><U50/><E117/><V35/><F119/><T122/><N who="0" m="31264" /><T87/><D108/><U63/><E1/><V99/><F109/><T71/><D0/><U66/><E32/><V44/><F35/><T105/><D124/><U118/><E118/><V86/><F113/><T131/><D105/><U115/><E115/><V41/><F134/><N who="1" m="51241" /><E100/><V51/><REACH who="2" step="1"/><F88/><REACH who="2" ten="234,521,285,0" step="2"/><T91/><D114/><U110/><E110/><V33/><F33/><T76/><D91/><U34/><E34/><V36/><F36/><T56/><D131/><U112/><E112/><V111/><F111/><T75/><D79/><U97/><E128/><V59/><F59/><T103/><D76/><U130/><E130/><V80/><F80/><T77/><D77/><U92/><E78/><V38/><F38/><T81/><D71/><U57/><E97/><V94/><F94/><T98/><D70/><U107/><E107/><V69/><F69/><T89/><D89/><AGARI ba="0,1" hai="46,50,52,57,60,62,63,66,84,89,92" m="51241,31008" machi="89" ten="30,7700,0" yaku="20,1,52,2,54,1" doraHai="83" who="1" fromWho="0" sc="234,-77,521,87,285,0,0,0" /><INIT seed="5,0,0,4,1,74" ten="157,608,285,0" oya="1" hai0="75,76,92,130,51,132,43,2,124,114,84,55,34" hai1="48,85,35,37,106,122,67,77,94,133,66,109,104" hai2="38,71,54,134,62,93,33,53,107,56,65,73,83" hai3=""/><U117/><E35/><V44/><F33/><T79/><D2/><U87/><N who="1" m="31264" /><U119/><E37/><V0/><F0/><T96/><D43/><U111/><E48/><V45/><F107/><N who="1" m="41001" /><E94/><V3/><F3/><T36/><D36/><U46/><E46/><V135/><F93/><T40/><D40/><U102/><E102/><V121/><N who="2" m="31008" /><V97/><F45/><T91/><D34/><U58/><E58/><V116/><F38/><T100/><D51/><U47/><E47/><V50/><F116/><N who="1" m="44617" /><E77/><V63/><REACH who="2" step="1"/><F97/><REACH who="2" ten="157,608,275,0" step="2"/><T105/><D96/><U72/><E133/><V103/><F103/><T118/><D100/><U80/><E111/><V95/><F95/><T69/><D105/><U125/><E109/><V49/><F49/><T82/><D132/><U60/><E60/><V115/><F115/><T126/><D114/><U131/><E131/><V1/><F1/><T129/><D118/><U120/><E120/><V127/><F127/><T123/><N who="0" m="31520" /><T110/><D110/><U70/><E125/><N who="0" m="48233" /><D129/><U113/><E113/><V99/><F99/><T78/><D130/><U108/><E108/><V61/><F61/><T101/><D101/><U32/><E32/><V86/><F86/><T90/><D84/><U68/><E87/><RYUUKYOKU ba="0,1" sc="157,-10,608,-10,275,20,0,0" hai2="44,50,53,54,56,62,63,65,71,73,83,134,135" /><INIT seed="6,1,1,2,1,115" ten="147,598,295,0" oya="2" hai0="59,84,124,54,75,57,133,110,32,69,88,103,64" hai1="61,68,82,105,126,94,36,80,129,34,90,91,37" hai2="97,79,104,116,53,77,74,121,76,123,73,86,63" hai3=""/><V114/><N who="2" m="31008" /><V118/><N who="2" m="31520" /><V92/><F53/><T135/><D75/><N who="2" m="28682" /><F63/><T99/><D32/><U81/><E34/><V127/><F127/><T95/><D124/><U51/><E126/><V66/><F66/><T113/><D110/><U47/><E47/><V120/><N who="2" m="30752" /><V62/><F62/><T45/><D113/><U107/><E51/><V122/><N who="2" m="31264" /><V42/><F42/><T98/><D69/><U3/><E3/><V125/><F125/><T58/><D99/><U134/><E61/><V67/><F67/><T55/><D64/><U130/><E68/><V108/><F108/><T117/><D117/><N who="2" m="45162" /><F114/><T112/><D112/><U106/><E36/><V87/><F104/><T46/><D55/><U72/><E37/><V1/><F1/><T89/><D135/><U0/><E134/><V35/><F35/><T43/><D133/><U102/><E0/><V85/><F85/><T119/><D119/><U38/><E72/><V40/><F40/><T39/><D84/><U71/><E38/><V50/><F50/><T131/><REACH who="0" step="1"/><D131/><REACH who="0" ten="137,598,295,0" step="2"/><N who="1" m="50187" /><E71/><V33/><F33/><T56/><N who="0" m="14336" /><DORA hai="52" /><T83/><D83/><U132/><E132/><V70/><F70/><T93/><D93/><U78/><E94/><V100/><AGARI ba="1,2" hai="76,77,79,86,87,92,97,100" m="45162,31264,30752,28682,31520,31008" machi="100" ten="40,16000,3" yaku="5,1,34,2,52,7" doraHai="115,52" who="2" fromWho="2" sc="137,-81,598,-81,295,182,0,0" /><INIT seed="6,2,0,3,4,63" ten="56,517,477,0" oya="2" hai0="61,68,112,111,133,102,92,80,126,34,101,100,69" hai1="125,109,85,38,91,110,90,96,70,117,106,76,74" hai2="86,103,127,51,113,46,36,62,52,130,32,47,99" hai3=""/><V93/><F32/><T0/><D34/><U119/><E38/><V2/><F2/><T115/><D0/><U48/><E70/><V98/><F113/><N who="0" m="43594" /><D111/><N who="1" m="42507" /><E125/><V121/><N who="2" m="31008" /><V39/><F127/><T128/><D126/><U88/><E48/><V58/><F47/><T134/><D80/><U3/><E74/><V77/><F99/><T66/><D128/><U82/><E3/><V50/><F50/><T97/><D69/><U56/><E56/><V95/><F130/><T33/><D33/><U44/><E44/><V65/><REACH who="2" step="1"/><F95/><REACH who="2" ten="56,517,467,0" step="2"/><T114/><N who="0" m="43602" /><T83/><DORA hai="57" /><D83/><AGARI ba="2,1" hai="36,39,46,51,52,58,62,65,77,83,86,93,98,103" m="31008" machi="83" ten="40,12000,1" yaku="1,1,52,3,54,1,53,0" doraHai="63,57" doraHaiUra="123,35" who="2" fromWho="0" sc="56,-124,517,0,467,134,0,0" owari="-68,-67.0,517,12.0,601,55.0,0,0.0" /></mjloggm>