<mjloggm ver="2.3"><GO type="225" lobby="0"/><UN n0="%E3%81%B7%E3%82%8B%E3%81%B7%E3%82%8B%E3%81%A0%E3%81%9E" n1="%E9%88%B4%E4%B8%B8" n2="%E3%82%A4%E3%83%8A%E3%82%BA%E3%83%9E%E8%91%AC%E5%84%80" n3="%67%61%79%75%6E%79" dan="16,16,17,16" rate="2100.76,2200.14,2200.19,2134.46" sx="M,M,F,M"/><TAIKYOKU oya="0"/><INIT seed="0,0,0,2,1,66" ten="250,250,250,250" oya="0" hai0="57,26,81,127,85,128,112,39,44,37,9,121,17" hai1="56,27,69,124,45,89,35,97,123,63,101,129,30" hai2="120,42,3,8,74,83,55,67,65,94,73,125,87" hai3="130,90,16,46,47,19,51,131,103,78,108,76,111"/><T36/><D112/><U11/><E123/><V53/><F120/><W5/><G5/><T43/><D121/><U109/><E124/><V13/><F3/><W21/><G103/><T25/><D128/><N who="3" m="49193" /><G90/><T24/><D127/><U117/><E109/><N who="3" m="42058" /><G19/><T106/><D57/><U7/><E129/><V62/><F94/><W134/><G134/><T6/><D106/><U116/><E45/><N who="3" m="16906" /><G51/><T86/><D17/><U14/><E89/><V105/><F105/><W91/><G91/><T20/><D20/><U31/><E31/><V77/><F77/><W107/><G107/><T115/><D115/><U10/><E10/><V104/><F8/><W110/><N who="3" m="42066" /><W52/><DORA hai="58" /><G52/><T1/><REACH who="0" step="1"/><D81/><REACH who="0" ten="240,250,250,250" step="2"/><U0/><E116/><V75/><F83/><W41/><G41/><T114/><D114/><U70/><E117/><V28/><F42/><W68/><G68/><T84/><AGARI ba="0,1" hai="1,6,9,24,25,26,36,37,39,43,44,84,85,86" machi="84" ten="30,6000,0" yaku="1,1,0,1,53,1" doraHai="66,58" doraHaiUra="100,2" who="0" fromWho="0" sc="240,70,250,-20,250,-20,250,-20" /><INIT seed="0,1,0,5,4,87" ten="310,230,230,230" oya="0" hai0="85,62,90,45,19,118,122,119,32,30,124,75,73" hai1="13,41,54,84,78,105,34,71,83,14,22,101,5" hai2="91,55,109,98,8,89,36,97,112,17,42,57,24" hai3="7,67,63,56,93,4,35,133,80,130,64,2,113"/><T58/><D122/><U21/><E34/><V134/><F112/><W99/><G113/><T115/><D115/><U120/><E120/><V31/><F109/><W81/><G130/><T104/><D104/><U1/><E71/><V12/><F134/><W11/><G133/><T128/><D128/><U121/><E1/><V47/><F98/><W44/><G7/><T103/><D103/><U110/><E110/><V0/><F97/><W95/><G35/><T39/><D124/><U28/><E121/><V61/><REACH who="2" step="1"/><F0/><REACH who="2" ten="310,230,220,230" step="2"/><W9/><G99/><T51/><D119/><U74/><E105/><V76/><F76/><W40/><G2/><T102/><D118/><U127/><E101/><V53/><F53/><W15/><G64/><T116/><D102/><U33/><E54/><V10/><F10/><W94/><REACH who="3" step="1"/><G11/><REACH who="3" ten="310,230,220,220" step="2"/><T48/><D116/><U108/><E108/><V86/><F86/><W96/><G96/><T92/><D85/><U43/><E84/><V79/><F79/><W107/><G107/><T26/><D75/><U117/><E78/><V70/><F70/><W27/><G27/><T59/><D73/><U69/><E74/><V100/><F100/><W20/><G20/><AGARI ba="1,2" hai="8,12,17,20,24,31,36,42,47,55,57,61,89,91" machi="20" ten="30,7700,0" yaku="1,1,7,1,52,2,53,0" doraHai="87" doraHaiUra="123" who="2" fromWho="3" sc="310,0,230,0,220,100,220,-80" /><INIT seed="1,0,0,2,5,80" ten="310,230,320,140" oya="1" hai0="71,59,14,22,127,123,118,55,69,9,113,35,104" hai1="57,29,49,68,81,99,88,120,119,47,130,42,10" hai2="133,102,39,63,30,96,64,125,23,78,76,20,31" hai3="44,46,94,43,26,21,112,37,25,54,56,77,111"/><U70/><E120/><V67/><F39/><W66/><G112/><T84/><D113/><U95/><E119/><V87/><F125/><W41/><G111/><T92/><D118/><U116/><E116/><V79/><F133/><W90/><G66/><N who="2" m="25129" /><F63/><W106/><G77/><T40/><D104/><U50/><E130/><V97/><F87/><W34/><G34/><T124/><D40/><U19/><E29/><N who="2" m="10763" /><F102/><W62/><G106/><T129/><D35/><U85/><E57/><V134/><F134/><W3/><G3/><T16/><D129/><U93/><E93/><V15/><F15/><W100/><G100/><T105/><D105/><U135/><E135/><V32/><F32/><W72/><G72/><T101/><D123/><U126/><E126/><N who="0" m="48169" /><D101/><U128/><E128/><V103/><F103/><W33/><G33/><T27/><D84/><U107/><E107/><V60/><F60/><W18/><G25/><T0/><D0/><U53/><E68/><V75/><F75/><W91/><REACH who="3" step="1"/><G94/><REACH who="3" ten="310,230,320,130" step="2"/><T5/><D92/><U89/><E70/><V98/><AGARI ba="0,1" hai="20,23,76,78,79,96,97,98" m="10763,25129" machi="98" ten="40,5200,0" yaku="28,2,8,1" doraHai="80" who="2" fromWho="2" sc="310,-13,230,-26,320,62,130,-13" /><INIT seed="2,0,0,4,3,127" ten="297,204,382,117" oya="2" hai0="88,105,112,135,100,115,109,3,55,49,99,97,91" hai1="111,24,74,6,40,36,45,122,124,10,121,28,44" hai2="64,48,34,25,72,13,117,83,50,134,76,43,56" hai3="95,132,84,118,8,108,17,32,38,86,71,77,62"/><V104/><F117/><W68/><G118/><T119/><D3/><U66/><E66/><V107/><F134/><W133/><G32/><T87/><D119/><U30/><E45/><V106/><F13/><N who="3" m="7335" /><G38/><T131/><D135/><N who="3" m="51785" /><G108/><T54/><D109/><U0/><E111/><V129/><F25/><W21/><G77/><T33/><D33/><N who="1" m="20615" /><E30/><V11/><F11/><W96/><G21/><T126/><D126/><U69/><E69/><N who="3" m="26698" /><G62/><T89/><D87/><U128/><E124/><V103/><F34/><W22/><G22/><T51/><D91/><AGARI ba="0,0" hai="84,86,91,95,96" m="26698,51785,7335" machi="91" ten="30,1000,0" yaku="20,1" doraHai="127" who="3" fromWho="0" sc="297,-10,204,0,382,0,117,10" /><INIT seed="3,0,0,3,5,4" ten="287,204,382,127" oya="3" hai0="76,119,64,2,101,75,22,84,112,70,106,125,48" hai1="61,124,50,32,85,20,103,83,134,68,26,28,58" hai2="57,10,40,27,19,123,97,130,30,90,45,99,108" hai3="56,129,25,72,43,131,87,96,98,104,16,53,15"/><W55/><G72/><T88/><D48/><U24/><E124/><V1/><F108/><W38/><G43/><T135/><D22/><U122/><E134/><V111/><F111/><W47/><G38/><T13/><D13/><U73/><E68/><V36/><F130/><N who="3" m="49675" /><G25/><T115/><D64/><U110/><E110/><V127/><F127/><W78/><G47/><T92/><D2/><U51/><E103/><V17/><F123/><W89/><G78/><T114/><D70/><U71/><E71/><V107/><F57/><W11/><G104/><T65/><D65/><U18/><E73/><V59/><F59/><W31/><G31/><T74/><D125/><U91/><E122/><V62/><F107/><W6/><G6/><T95/><D135/><U35/><E35/><V67/><F27/><W0/><G0/><T39/><D39/><U29/><E18/><V118/><F30/><W100/><G100/><T42/><D42/><U46/><E46/><V109/><F109/><W120/><G120/><T94/><D74/><U93/><E83/><V52/><F19/><W102/><G102/><T77/><D119/><U12/><E12/><N who="2" m="7319" /><F1/><W81/><G55/><AGARI ba="0,0" hai="20,24,26,28,29,32,50,51,55,58,61,85,91,93" machi="55" ten="30,1000,0" yaku="7,1" doraHai="4" who="1" fromWho="3" sc="287,0,204,10,382,0,127,-10" owari="287,9.0,214,-19.0,382,48.0,117,-38.0" /></mjloggm>