<mjloggm ver="2.3"><GO type="169" lobby="0"/><UN n0="%EF%BC%A0%E3%81%86%E3%81%95%E3%81%BF%E3%82%93" n1="%E9%95%B7%E5%B2%A1" n2="%E3%81%B5%E3%81%8B" n3="%E3%81%8F%E3%81%86%E3%81%9F%E3%82%8D" dan="16,17,18,17" rate="2136.67,2187.20,2249.79,2165.35" sx="M,M,M,M"/><TAIKYOKU oya="0"/><INIT seed="0,0,0,0,3,8" ten="250,250,250,250" oya="0" hai0="73,90,133,40,88,103,27,18,119,86,32,135,129" hai1="43,87,125,131,127,74,69,41,128,54,114,14,35" hai2="58,108,28,55,30,67,49,117,77,26,66,109,124" hai3="3,45,72,37,31,81,16,121,0,48,116,71,130"/><T63/><D73/><U91/><E35/><V76/><F124/><N who="1" m="47689" /><E74/><V110/><F117/><W2/><G116/><T29/><D119/><U56/><E69/><V62/><F66/><W19/><G71/><T118/><D118/><U50/><E114/><V42/><F42/><N who="1" m="15881" /><E87/><V123/><F123/><W15/><G37/><T64/><D103/><U115/><E115/><V111/><N who="2" m="27648" /><DORA hai="134" /><V13/><F13/><W59/><G130/><N who="1" m="49706" /><E91/><V12/><F12/><AGARI ba="0,0" hai="12,14,50,54,56" m="49706,15881,47689" machi="12" ten="40,12000,2" yaku="18,1,19,1,52,5" doraHai="8,134" who="1" fromWho="2" sc="250,0,250,120,250,-120,250,0" /><INIT seed="1,0,0,0,5,101" ten="250,370,130,250" oya="1" hai0="81,75,118,43,124,65,110,93,87,133,62,47,64" hai1="123,67,72,88,57,113,99,26,116,23,0,21,102" hai2="108,17,37,84,122,100,44,49,16,36,6,38,14" hai3="107,66,34,48,42,90,32,50,28,92,13,40,135"/><U29/><E113/><V117/><F122/><W125/><G125/><T120/><D118/><U8/><E116/><V31/><F117/><W131/><G66/><T27/><D120/><U55/><E72/><V98/><F108/><W115/><G115/><T94/><D110/><U77/><E77/><V19/><F31/><W39/><G39/><T128/><D65/><U86/><E67/><V69/><F84/><W96/><G135/><T103/><D75/><U85/><E123/><V121/><F121/><W91/><G13/><T4/><D124/><U5/><E23/><V89/><F89/><W7/><G7/><T41/><D41/><U20/><E20/><V3/><F3/><W12/><G12/><T111/><D111/><U46/><E46/><V79/><F79/><W80/><G107/><T24/><D4/><U9/><E8/><V33/><F33/><W56/><G131/><T68/><D128/><U60/><REACH who="1" step="1"/><E88/><REACH who="1" ten="250,360,130,250" step="2"/><V95/><F69/><W130/><G90/><T51/><D133/><U35/><E35/><V114/><F114/><W132/><G32/><T63/><D68/><U11/><E11/><V74/><F74/><W30/><G34/><T53/><D64/><U83/><E83/><V105/><F6/><W106/><G80/><T126/><D81/><U104/><AGARI ba="0,1" hai="0,5,9,21,26,29,55,57,60,85,86,99,102,104" machi="104" ten="20,12000,1" yaku="1,1,0,1,7,1,52,1,53,1" doraHai="101" doraHaiUra="59" who="1" fromWho="1" sc="250,-40,360,130,130,-40,250,-40" /><INIT seed="1,1,0,3,0,0" ten="210,490,90,210" oya="1" hai0="85,34,26,32,110,118,46,78,31,48,109,3,45" hai1="89,93,124,24,107,122,20,25,105,62,11,114,87" hai2="1,58,88,82,68,102,113,49,50,16,73,38,42" hai3="15,108,30,28,33,131,54,133,8,94,83,67,22"/><U55/><E114/><V71/><F38/><W125/><G108/><T36/><D3/><U75/><E122/><V132/><F1/><W2/><G125/><T29/><D36/><U79/><E124/><V92/><F113/><W66/><G133/><T111/><D118/><U5/><E25/><V135/><F102/><W43/><G43/><T39/><D39/><U4/><E75/><V130/><F130/><W90/><G83/><T40/><D46/><U74/><E74/><V106/><F106/><W80/><G80/><N who="0" m="47255" /><D31/><N who="3" m="11817" /><G22/><AGARI ba="1,0" hai="22,26,29,32,34,40,45,48,109,110,111" m="47255" machi="22" ten="30,1000,0" yaku="14,1" doraHai="0" who="0" fromWho="3" sc="210,13,490,0,90,0,210,-13" /><INIT seed="2,0,0,0,2,123" ten="223,490,90,197" oya="2" hai0="25,8,118,14,4,49,32,24,61,91,80,120,19" hai1="132,121,72,85,124,62,68,13,116,2,127,36,12" hai2="103,133,92,34,22,97,67,58,82,94,126,50,96" hai3="134,45,40,130,42,89,55,113,93,9,98,30,101"/><V52/><F133/><W51/><G134/><T114/><D120/><U131/><E72/><V44/><F126/><N who="1" m="48169" /><E121/><V99/><F34/><W5/><G130/><T6/><D114/><U53/><E132/><V95/><F82/><W63/><G113/><T46/><D61/><U108/><E116/><V37/><F37/><W110/><G110/><T20/><D32/><U78/><E2/><V88/><F22/><W39/><G39/><T10/><D118/><U115/><E115/><V106/><REACH who="2" step="1"/><F96/><REACH who="2" ten="223,490,80,197" step="2"/><W104/><G98/><T28/><D10/><U74/><E36/><V16/><F16/><W125/><G9/><T21/><D20/><U107/><E85/><V47/><F47/><W81/><G81/><T7/><D21/><U79/><E74/><V111/><F111/><W1/><G45/><T119/><D119/><U87/><E108/><V56/><F56/><W59/><G59/><T3/><D28/><U29/><E29/><V31/><F31/><W35/><G30/><T41/><D3/><U27/><E87/><AGARI ba="0,1" hai="4,6,7,8,14,19,24,25,41,46,49,80,87,91" machi="87" ten="40,1300,0" yaku="8,1" doraHai="123" who="0" fromWho="1" sc="223,23,490,-13,80,0,197,0" /><INIT seed="3,0,0,4,0,73" ten="246,477,80,197" oya="3" hai0="26,13,128,127,90,92,114,123,40,104,38,53,130" hai1="57,98,120,96,15,21,78,82,55,84,62,116,44" hai2="107,5,52,8,111,0,102,4,89,49,61,91,12" hai3="100,115,70,33,93,131,43,1,124,132,67,51,19"/><W103/><G115/><T80/><D104/><U45/><E120/><V106/><F111/><W37/><G33/><T42/><D114/><U2/><E2/><V112/><F112/><W35/><G35/><T25/><D123/><U101/><E116/><V85/><F61/><N who="3" m="40303" /><G1/><T108/><D108/><U47/><E101/><V129/><F129/><N who="0" m="49770" /><D38/><U34/><E34/><V10/><F102/><W17/><G100/><T99/><D127/><U31/><E15/><V83/><REACH who="2" step="1"/><F91/><REACH who="2" ten="246,477,70,197" step="2"/><W39/><G103/><T77/><D13/><U118/><E118/><V126/><F126/><W75/><G124/><T110/><D110/><U94/><E94/><V69/><F69/><W11/><G131/><T134/><D134/><U109/><E109/><V41/><F41/><N who="0" m="15978" /><D53/><U71/><E71/><V121/><F121/><W133/><G43/><T66/><D66/><U65/><E65/><V22/><F22/><W125/><G93/><T46/><D25/><AGARI ba="0,1" hai="21,25,31,44,45,47,55,57,62,78,82,84,96,98" machi="25" ten="40,2600,0" yaku="8,1,52,1" doraHai="73" who="1" fromWho="0" sc="246,-26,477,36,70,0,197,0" /><INIT seed="4,0,0,2,1,12" ten="220,513,70,197" oya="0" hai0="74,34,5,15,25,92,84,116,14,38,22,4,86" hai1="9,78,17,73,97,105,115,85,122,77,44,57,49" hai2="133,104,64,48,1,113,10,11,68,135,40,125,27" hai3="69,96,111,79,51,108,117,45,120,6,24,127,71"/><T91/><D74/><U100/><E122/><V123/><F64/><W94/><G117/><T99/><D38/><U66/><E73/><V60/><F60/><W59/><G79/><T19/><D116/><U31/><E31/><V82/><F48/><W134/><G6/><N who="0" m="2667" /><D34/><U98/><E115/><V118/><F40/><W109/><G127/><T89/><D86/><U90/><E66/><V75/><F82/><AGARI ba="0,0" hai="14,15,19,22,25,82,84,89,91,92,99" m="2667" machi="82" ten="30,2900,0" yaku="8,1,52,1" doraHai="12" who="0" fromWho="2" sc="220,29,513,0,70,-29,197,0" /><INIT seed="4,1,0,1,5,35" ten="249,513,41,197" oya="0" hai0="22,92,81,108,20,12,36,4,109,2,132,99,42" hai1="60,56,53,59,75,116,55,11,124,85,112,118,66" hai2="29,39,9,6,101,133,77,91,80,87,50,1,15" hai3="126,23,125,24,96,58,129,68,94,26,121,10,32"/><T69/><D69/><N who="1" m="42183" /><E11/><V113/><F113/><W131/><G68/><T43/><D81/><U8/><E8/><V37/><F133/><W104/><G104/><T40/><D36/><U25/><E25/><V93/><F101/><W54/><G32/><T13/><D132/><U106/><E85/><V41/><F29/><N who="3" m="17567" /><G10/><N who="0" m="2327" /><D20/><U57/><E106/><V115/><F115/><W70/><G70/><T89/><D22/><U135/><E75/><V49/><F15/><W27/><G27/><T48/><D48/><N who="1" m="30759" /><E112/><V86/><REACH who="2" step="1"/><F37/><REACH who="2" ten="249,513,31,197" step="2"/><W88/><G26/><T34/><D34/><U14/><E14/><V83/><F83/><W97/><G121/><T100/><D100/><U127/><E135/><V78/><F78/><W5/><G5/><T107/><D107/><U73/><E73/><V3/><F3/><W0/><G0/><T63/><D12/><U134/><E134/><V84/><F84/><W103/><G103/><T61/><D13/><U123/><E123/><V76/><F76/><W130/><G97/><T46/><D99/><U51/><E124/><V110/><F110/><N who="0" m="42602" /><D92/><U21/><E21/><V18/><F18/><W119/><G126/><T72/><D89/><U47/><E127/><V79/><F79/><W64/><G125/><T62/><D72/><U90/><E90/><V74/><F74/><W28/><G28/><T128/><D128/><U102/><E102/><V82/><F82/><W19/><G19/><T105/><D105/><U67/><E67/><V33/><F33/><W95/><G64/><T17/><D17/><U16/><E16/><V65/><F65/><W44/><G131/><RYUUKYOKU ba="1,1" sc="249,10,513,10,31,10,197,-30" hai0="40,42,43,46,61,62,63" hai1="47,51,55,57,59,116,118" hai2="1,6,9,39,41,49,50,77,80,86,87,91,93" /><INIT seed="4,2,1,5,3,7" ten="259,523,41,167" oya="0" hai0="90,87,111,21,81,114,19,28,123,127,82,67,64" hai1="69,63,95,116,86,97,58,133,11,52,83,80,113" hai2="129,132,48,32,94,27,41,53,3,74,75,51,100" hai3="98,2,14,47,23,30,13,42,38,96,109,36,9"/><T8/><D123/><U6/><E116/><V45/><F3/><W93/><G109/><T77/><D111/><U128/><E128/><V39/><F129/><W130/><G130/><T10/><D127/><U5/><E133/><V49/><F132/><W68/><G68/><T131/><D28/><U61/><E113/><V122/><F122/><W0/><G38/><T43/><D43/><U22/><E22/><V70/><F70/><W104/><G104/><T88/><D114/><U121/><E121/><V25/><F53/><W16/><G96/><T15/><D131/><U46/><E46/><V62/><F62/><N who="1" m="23561" /><E69/><V33/><F25/><W37/><G37/><T78/><D78/><N who="1" m="46359" /><E83/><V118/><F118/><W120/><G120/><T106/><D106/><U29/><E11/><N who="0" m="4137" /><D82/><U119/><E119/><V91/><F100/><W44/><G30/><T72/><D72/><U103/><E29/><V79/><F79/><W35/><G35/><T107/><D107/><U85/><E85/><V54/><F33/><W117/><G117/><T34/><D34/><U134/><E134/><V4/><F32/><W20/><G36/><T1/><D1/><U73/><E73/><V99/><F74/><W84/><G2/><T102/><D102/><U71/><E71/><V12/><F75/><W65/><G0/><T110/><D110/><U17/><E103/><V101/><F101/><W89/><G42/><T55/><D55/><U59/><E52/><V135/><F135/><W26/><G65/><AGARI ba="2,1" hai="15,19,21,64,65,67,77,81,87,88,90" m="4137" machi="65" ten="30,12000,1" yaku="8,1,52,3,54,1" doraHai="7" who="0" fromWho="3" sc="259,136,523,0,41,0,167,-126" /><INIT seed="4,3,0,3,3,128" ten="395,523,41,41" oya="0" hai0="91,66,14,33,5,83,21,3,64,110,28,129,18" hai1="42,86,94,46,76,60,25,8,45,134,35,12,119" hai2="81,20,100,17,90,133,111,117,32,55,103,123,87" hai3="131,43,7,4,73,96,53,114,72,104,50,37,75"/><T98/><D129/><U49/><E119/><V56/><F111/><W101/><G131/><T120/><D120/><U108/><E108/><V57/><F123/><W52/><G114/><T70/><D70/><U19/><E134/><V65/><F32/><W130/><G130/><T102/><D110/><U92/><E35/><V125/><F125/><W51/><G37/><T106/><D83/><N who="1" m="47463" /><E45/><V24/><F117/><W80/><G43/><T84/><D84/><U78/><E78/><V0/><F0/><W39/><G39/><T36/><D91/><U48/><E48/><N who="2" m="30823" /><F133/><W59/><REACH who="3" step="1"/><G80/><REACH who="3" ten="395,523,41,31" step="2"/><T63/><D36/><U121/><E121/><V68/><F68/><W13/><G13/><T58/><D3/><U109/><E109/><V105/><F105/><W15/><G15/><T126/><D126/><U132/><E12/><V95/><F81/><W122/><G122/><T27/><D5/><U69/><E69/><V11/><F11/><W62/><G62/><AGARI ba="3,1" hai="17,20,24,57,62,65,87,90,95,100,103" m="30823" machi="62" ten="30,1000,0" yaku="8,1" doraHai="128" who="2" fromWho="3" sc="395,0,523,0,41,29,31,-19" /><INIT seed="5,0,0,1,2,102" ten="395,523,70,12" oya="1" hai0="121,69,99,128,35,96,76,110,104,81,120,63,19" hai1="65,9,15,126,74,38,59,97,54,78,5,62,106" hai2="10,11,64,134,37,30,100,116,42,132,108,57,135" hai3="7,1,88,95,29,18,43,133,124,87,92,14,125"/><U55/><E38/><V130/><F108/><W118/><G133/><T123/><D110/><U101/><E126/><N who="3" m="48746" /><G118/><T50/><D35/><U41/><E41/><V75/><F116/><W20/><G43/><T72/><D50/><U34/><E34/><V47/><F75/><W27/><G1/><T111/><D19/><U21/><E74/><V16/><F130/><W82/><G7/><T112/><D111/><U80/><E21/><AGARI ba="0,0" hai="14,18,20,21,27,29,82,87,88,92,95" m="48746" machi="21" ten="30,2000,0" yaku="18,1,54,1" doraHai="102" who="3" fromWho="1" sc="395,0,523,-20,70,0,12,20" /><INIT seed="6,0,0,5,0,114" ten="395,503,70,32" oya="2" hai0="19,87,27,36,1,92,3,52,133,121,119,71,61" hai1="100,73,62,86,25,57,112,49,85,97,58,99,32" hai2="79,42,35,111,56,60,131,102,70,65,23,33,101" hai3="74,67,4,89,83,55,77,98,39,31,5,94,78"/><V105/><F131/><W50/><G39/><T40/><D121/><U29/><E73/><V72/><F111/><W15/><G67/><T9/><D40/><U47/><E112/><V11/><F42/><W118/><G31/><T37/><D133/><U127/><E127/><V110/><F110/><W75/><G15/><T46/><D71/><U116/><E116/><V126/><F126/><W26/><G26/><T44/><D92/><U135/><E99/><V66/><F11/><W95/><G118/><T64/><D87/><U103/><E100/><V12/><F66/><W34/><G34/><T104/><D104/><U51/><E57/><V134/><F134/><W81/><REACH who="3" step="1"/><G95/><REACH who="3" ten="395,503,70,22" step="2"/><T69/><D27/><U124/><E29/><V107/><F33/><W76/><G76/><T17/><D64/><U93/><E25/><V117/><F35/><W90/><G90/><T123/><D69/><U7/><E93/><V130/><F70/><W115/><G115/><T80/><D123/><U53/><E32/><V14/><F117/><W48/><G48/><T84/><D119/><U45/><E51/><V125/><F12/><W54/><G54/><T24/><D24/><U63/><E49/><V82/><F14/><W22/><G22/><T6/><D37/><U16/><E53/><V132/><F23/><W28/><G28/><T18/><D36/><U10/><E63/><V2/><F60/><W30/><G30/><T113/><D113/><U59/><E62/><V68/><F65/><W122/><G122/><T96/><D52/><U20/><E20/><V109/><F79/><W120/><G120/><RYUUKYOKU ba="0,1" sc="395,-10,503,-10,70,-10,22,30" hai3="4,5,50,55,74,75,77,78,81,83,89,94,98" /><INIT seed="7,1,1,2,3,15" ten="385,493,60,52" oya="3" hai0="44,96,27,29,74,106,38,104,93,101,63,62,111" hai1="35,5,124,31,65,32,56,41,122,2,79,88,89" hai2="40,110,18,83,77,50,132,6,134,127,48,28,46" hai3="135,73,0,61,58,19,76,114,34,24,97,4,80"/><W3/><G4/><T109/><D63/><N who="1" m="38119" /><E35/><V108/><F127/><W90/><G114/><T20/><D74/><U22/><E32/><V98/><F28/><W13/><G135/><N who="2" m="51753" /><F6/><W60/><G60/><T125/><D125/><U71/><E71/><V87/><F18/><W92/><G34/><T26/><D106/><U16/><E89/><V119/><F119/><W91/><G91/><T128/><D128/><U100/><E22/><V130/><F130/><W81/><G81/><T49/><D38/><U57/><E41/><V14/><F14/><W78/><G78/><T51/><D51/><N who="2" m="19498" /><F98/><W7/><G7/><T82/><D82/><U116/><E100/><V131/><F131/><W84/><G97/><T102/><D102/><U94/><E94/><V123/><F123/><W42/><G24/><T36/><D36/><AGARI ba="1,1" hai="36,40,46,77,83,87,108,110" m="19498,51753" machi="36" ten="30,1000,0" yaku="20,1" doraHai="15" who="2" fromWho="0" sc="385,-13,493,0,60,23,52,0" owari="372,17.0,493,60.0,83,-32.0,52,-45.0" /></mjloggm>