<mjloggm ver="2.3"><GO type="169" lobby="0"/><UN n0="%E9%BA%BB%E9%9B%80%E7%A0%94%E7%A9%B6%E9%83%A8" n1="%E3%82%84%E3%81%BE%E3%81%8C%E3%82%89%E3%83%BC" n2="%E3%81%97%E3%82%85%E3%82%93%E3%81%A4%E3%81%A7" n3="%E3%81%B4%E3%81%8A%E3%81%B4%E3%81%8A%EF%BC%91%EF%BC%91" dan="16,17,17,18" rate="2149.80,2176.42,2228.52,2320.94" sx="F,M,M,M"/><TAIKYOKU oya="0"/><INIT seed="0,0,0,4,1,57" ten="250,250,250,250" oya="0" hai0="106,134,68,112,30,17,45,24,50,90,116,40,123" hai1="79,15,118,131,10,121,114,38,34,100,60,86,95" hai2="44,74,13,92,18,97,23,93,99,48,41,91,84" hai3="32,72,80,108,36,61,56,42,12,119,27,33,105"/><T87/><D134/><U117/><E121/><V111/><F111/><W63/><G119/><T81/><D112/><U69/><E34/><V19/><F74/><W124/><G105/><T14/><D116/><U120/><E120/><V85/><REACH who="2" step="1"/><F19/><REACH who="2" ten="250,250,240,250" step="2"/><W43/><G72/><T75/><D75/><U46/><E117/><V89/><AGARI ba="0,1" hai="13,18,23,41,44,48,84,85,89,91,92,93,97,99" machi="89" ten="20,12000,2" yaku="1,1,2,1,0,1,7,1,9,1,8,1,53,1" doraHai="57" doraHaiUra="11" who="2" fromWho="2" sc="250,-60,250,-30,240,130,250,-30" /><INIT seed="1,0,0,2,0,77" ten="190,220,370,220" oya="1" hai0="55,27,36,23,4,37,85,95,69,132,17,32,62" hai1="118,6,87,68,20,97,26,128,83,44,130,121,101" hai2="122,96,72,53,60,52,50,38,9,43,13,5,35" hai3="29,71,1,99,106,51,28,24,18,134,104,109,103"/><U42/><E118/><V117/><F122/><W16/><G109/><T7/><D132/><U126/><E121/><V54/><F35/><W25/><G134/><T129/><D129/><N who="1" m="49771" /><E126/><V21/><F117/><W82/><G1/><T39/><D32/><U107/><E6/><V48/><F72/><W12/><G71/><T8/><D55/><U31/><E68/><V114/><F114/><W45/><G104/><T49/><D49/><N who="1" m="26775" /><E87/><V93/><F38/><W74/><G29/><T78/><D8/><U61/><E61/><V111/><F111/><W58/><G58/><T22/><D22/><U67/><E67/><V116/><F116/><W91/><G28/><T73/><D73/><U100/><E101/><V11/><F43/><W59/><G59/><T94/><D78/><U76/><E76/><V86/><F86/><W110/><G110/><T108/><D108/><U131/><N who="1" m="49779" /><U119/><DORA hai="120" /><E119/><V79/><F79/><W80/><G74/><T123/><D123/><U124/><E124/><V10/><F60/><W112/><G112/><T113/><D113/><U2/><E2/><V66/><F66/><W75/><G75/><T46/><D85/><U14/><E14/><V34/><F34/><W102/><G102/><T0/><D0/><U64/><E64/><V88/><F5/><N who="0" m="2122" /><D69/><U19/><E31/><V84/><F84/><N who="3" m="50567" /><G18/><AGARI ba="0,0" hai="9,10,11,13,18,21,48,50,52,53,54,88,93,96" machi="18" ten="40,5200,0" yaku="8,1,54,2" doraHai="77,120" who="2" fromWho="3" sc="190,0,220,0,370,52,220,-52" /><INIT seed="2,0,0,4,3,29" ten="190,220,422,168" oya="2" hai0="28,32,21,111,63,110,26,45,25,72,107,51,36" hai1="117,79,2,77,92,6,47,86,15,39,97,59,12" hai2="34,120,78,60,128,103,80,48,65,1,112,106,35" hai3="70,24,41,30,42,16,118,3,49,62,114,8,100"/><V98/><F112/><W135/><G118/><T56/><D72/><U89/><E117/><V81/><F120/><W14/><G135/><T5/><D107/><U108/><E108/><N who="0" m="41513" /><D5/><U124/><E124/><V53/><F1/><W33/><G114/><T9/><D9/><U7/><E59/><V121/><F128/><W119/><G119/><T22/><D36/><U20/><E2/><V134/><F134/><W64/><G100/><T82/><D82/><U37/><E20/><V99/><F99/><W93/><G93/><T19/><D25/><U133/><E133/><V31/><F31/><W109/><G109/><T58/><D19/><U43/><E37/><V0/><F0/><W11/><REACH who="3" step="1"/><G49/><REACH who="3" ten="190,220,422,158" step="2"/><T96/><D96/><U83/><E39/><V13/><F121/><W46/><G46/><T50/><D50/><U71/><E47/><V75/><F81/><W69/><G69/><T66/><D56/><U129/><E71/><V105/><F106/><W76/><G76/><T55/><AGARI ba="0,1" hai="21,22,26,28,32,45,51,55,58,63,66" m="41513" machi="55" ten="30,2000,0" yaku="14,1,52,1" doraHai="29" who="0" fromWho="0" sc="190,30,220,-5,422,-10,158,-5" /><INIT seed="3,0,0,0,2,0" ten="220,215,412,153" oya="3" hai0="71,91,35,19,4,99,20,33,55,27,110,63,102" hai1="116,77,105,126,78,132,16,49,10,30,75,128,32" hai2="18,81,122,5,54,64,84,65,119,95,22,44,40" hai3="117,31,114,11,88,92,57,86,17,121,73,129,107"/><W23/><G114/><T58/><D110/><U28/><E105/><V72/><F119/><W15/><G121/><T83/><D71/><U87/><E75/><V1/><F54/><W50/><G117/><T51/><D83/><U98/><E116/><V94/><F122/><W60/><G107/><T45/><D4/><U13/><E128/><V8/><F65/><W125/><G125/><T118/><D118/><U111/><E126/><V47/><F64/><W59/><G129/><T103/><D103/><U34/><E132/><V62/><F62/><W101/><G73/><T46/><D46/><U37/><E37/><V127/><F47/><W68/><G68/><T108/><D108/><U130/><E98/><V12/><F127/><W2/><G60/><T36/><D36/><U52/><E111/><V79/><F84/><W96/><G50/><AGARI ba="0,0" hai="1,5,8,12,18,22,40,44,50,72,79,81,94,95" machi="50" ten="30,2000,0" yaku="7,1,52,1" doraHai="0" who="2" fromWho="3" sc="220,0,215,0,412,20,153,-20" /><INIT seed="4,0,0,5,5,131" ten="220,215,432,133" oya="0" hai0="122,92,11,123,90,74,33,82,76,134,18,112,69" hai1="126,17,99,73,130,87,3,46,5,133,85,13,125" hai2="65,41,9,42,84,15,45,118,68,0,1,129,66" hai3="14,32,91,22,16,67,115,52,128,63,49,75,88"/><T54/><D112/><U127/><E73/><V51/><F129/><W48/><G128/><T20/><D33/><U71/><E130/><V43/><F118/><W24/><G115/><T35/><D35/><U114/><E114/><V97/><F0/><W10/><G75/><T4/><D69/><U86/><E71/><V34/><F1/><W31/><G32/><T60/><D60/><U19/><E3/><V98/><F84/><W27/><G27/><T83/><D83/><U8/><E46/><V103/><F34/><W6/><G31/><T12/><D54/><U28/><E28/><V40/><F68/><W37/><G37/><T26/><D134/><U94/><REACH who="1" step="1"/><E133/><REACH who="1" ten="220,205,432,133" step="2"/><V57/><F57/><N who="3" m="37359" /><G49/><T55/><REACH who="0" step="1"/><D55/><REACH who="0" ten="210,205,432,133" step="2"/><U70/><E70/><V93/><F66/><W2/><G2/><T78/><D78/><U89/><AGARI ba="0,2" hai="5,8,13,17,19,85,86,87,89,94,99,125,126,127" machi="89" ten="40,5200,0" yaku="1,1,0,1,18,1,53,0" doraHai="131" doraHaiUra="30" who="1" fromWho="1" sc="210,-26,205,72,432,-13,133,-13" /><INIT seed="5,0,0,2,3,83" ten="184,277,419,120" oya="1" hai0="79,45,54,9,6,0,62,85,17,87,108,48,102" hai1="71,75,44,57,49,119,3,125,37,91,127,99,86" hai2="5,105,92,28,25,95,104,110,101,61,32,21,113" hai3="30,116,109,106,65,50,12,14,115,90,18,98,47"/><U135/><E119/><V89/><F110/><W111/><G116/><T80/><D108/><U107/><E71/><V42/><F113/><W68/><G115/><T131/><D131/><U132/><E75/><V36/><F5/><W41/><G30/><T129/><D129/><U128/><E128/><V38/><F61/><W123/><G123/><T121/><D121/><U88/><E3/><V60/><F60/><W24/><G24/><T56/><D102/><N who="1" m="62943" /><E57/><V13/><F95/><W114/><G114/><T103/><D103/><U66/><E66/><V67/><F67/><W72/><G14/><T133/><D17/><U74/><E37/><V35/><F42/><W4/><G4/><T120/><D133/><N who="1" m="51275" /><E74/><V16/><F35/><W1/><G1/><T53/><REACH who="0" step="1"/><D120/><REACH who="0" ten="174,277,419,120" step="2"/><U122/><E122/><V43/><F101/><W52/><G109/><T23/><D23/><U81/><E91/><V27/><F105/><W126/><G111/><T46/><D46/><U8/><E8/><V31/><F104/><W33/><G106/><T94/><D94/><U82/><E81/><V117/><F117/><W39/><G47/><T97/><D97/><U15/><E44/><V70/><F32/><W78/><G33/><T2/><D2/><U22/><E22/><V40/><F21/><W100/><G100/><T134/><D134/><U7/><E82/><V29/><F92/><W112/><G98/><T84/><AGARI ba="0,1" hai="0,6,9,45,48,53,54,56,62,79,80,84,85,87" machi="84" ten="20,12000,2" yaku="1,1,0,1,7,1,52,3,53,0" doraHai="83" doraHaiUra="69" who="0" fromWho="0" sc="174,130,277,-60,419,-30,120,-30" /><INIT seed="6,0,0,0,3,122" ten="304,217,389,90" oya="2" hai0="58,50,127,114,89,13,117,102,60,81,49,133,124" hai1="8,115,112,113,77,54,23,42,131,121,72,11,78" hai2="120,56,4,51,44,116,20,27,28,126,71,43,128" hai3="132,129,32,110,67,83,74,95,90,91,84,75,64"/><V5/><F120/><W18/><G32/><T73/><D117/><U6/><E121/><V135/><F116/><W45/><G129/><T7/><D133/><U34/><E34/><V105/><F71/><W79/><G132/><T31/><D114/><U22/><E42/><V93/><F105/><W85/><G45/><T130/><D130/><U94/><E131/><V39/><F126/><W69/><G18/><T48/><D31/><U111/><E94/><V101/><F135/><W65/><G69/><T87/><D102/><U46/><E46/><V47/><F128/><W3/><G3/><T57/><D73/><U17/><E54/><V52/><F101/><W99/><REACH who="3" step="1"/><G110/><REACH who="3" ten="304,217,389,80" step="2"/><T9/><D57/><U109/><E17/><V125/><F125/><W38/><G38/><T15/><D127/><U108/><E6/><V26/><F26/><W61/><G61/><T14/><D124/><U118/><E118/><V33/><F33/><W40/><G40/><T24/><D24/><U37/><E37/><V59/><F59/><W63/><G63/><T0/><D0/><U70/><E70/><V29/><F29/><W66/><N who="3" m="16384" /><DORA hai="55" /><W35/><G35/><T106/><D60/><U76/><E72/><V104/><F47/><W86/><G86/><T10/><D58/><U103/><E103/><V68/><F68/><W62/><G62/><T25/><D25/><U119/><E119/><V80/><F43/><W36/><G36/><T19/><D13/><U96/><E96/><V53/><F44/><W1/><G1/><T134/><D134/><U88/><E111/><V123/><F56/><RYUUKYOKU ba="0,1" sc="304,15,217,-15,389,-15,80,15" hai0="7,9,10,14,15,19,48,49,50,81,87,89,106" hai3="74,75,79,83,84,85,90,91,95,99" /><INIT seed="7,1,1,2,0,36" ten="319,202,374,95" oya="3" hai0="12,111,51,31,116,28,6,125,78,52,3,61,72" hai1="17,85,32,83,121,82,92,113,22,21,47,2,50" hai2="132,123,45,25,109,9,10,134,70,49,1,19,133" hai3="5,112,26,14,16,59,69,30,117,126,130,48,75"/><W43/><G117/><T94/><D111/><U39/><E121/><V33/><F109/><W24/><G69/><T74/><D116/><U13/><E32/><V95/><F70/><W62/><G75/><T90/><D3/><U42/><E2/><V37/><F37/><W84/><G112/><T71/><D28/><U76/><E113/><V119/><F119/><W4/><G130/><T53/><D31/><U127/><E127/><V77/><F123/><W18/><G126/><T118/><D118/><U100/><E39/><V67/><F67/><N who="3" m="39391" /><G84/><T101/><D101/><U120/><E120/><V64/><F64/><W60/><G60/><T20/><D78/><U102/><E82/><V23/><F77/><W73/><G73/><T106/><D106/><U65/><E65/><V88/><F1/><W124/><G124/><T38/><D38/><U129/><E129/><V46/><F33/><W80/><G80/><T7/><D71/><U63/><E63/><V27/><F27/><N who="3" m="10283" /><G30/><T89/><D61/><U103/><E21/><V87/><F45/><N who="3" m="25663" /><G18/><T35/><D72/><U86/><E86/><V81/><F81/><W15/><G14/><T54/><D74/><U41/><E92/><V131/><F131/><W58/><G58/><N who="0" m="33055" /><D35/><U8/><E22/><AGARI ba="1,1" hai="4,5,15,16,22" m="25663,10283,39391" machi="22" ten="30,5800,0" yaku="8,1,52,1,54,1" doraHai="36" who="3" fromWho="1" sc="319,0,202,-61,374,0,95,71" /><INIT seed="7,2,0,3,5,84" ten="319,141,374,166" oya="3" hai0="126,47,66,3,37,121,39,131,86,36,129,40,6" hai1="76,63,42,41,77,125,33,14,29,48,78,93,99" hai2="73,83,112,87,117,51,71,118,89,26,114,18,90" hai3="54,27,101,23,0,55,2,4,106,72,5,109,95"/><W7/><G72/><T12/><D3/><U16/><E125/><V97/><F71/><W15/><G106/><T25/><D126/><U64/><E33/><V75/><F51/><W24/><G109/><T128/><D121/><U124/><E124/><V79/><F26/><N who="3" m="9771" /><G2/><T19/><D6/><U8/><E29/><V107/><F18/><N who="3" m="10719" /><G0/><T110/><D66/><U58/><E48/><V61/><F61/><W38/><G38/><T81/><D25/><U102/><AGARI ba="2,0" hai="8,14,16,41,42,58,63,64,76,77,78,93,99,102" machi="102" ten="30,4000,0" yaku="0,1,8,1,54,1" doraHai="84" who="1" fromWho="1" sc="319,-12,141,46,374,-12,166,-22" owari="307,11.0,187,-21.0,362,46.0,144,-36.0" /></mjloggm>