<mjloggm ver="2.3"><GO type="169" lobby="0"/><UN n0="%E3%81%86%E3%81%AB%E3%82%85%E3%81%BB%EF%BC%81" n1="%6B%5F%6D%5F%62" n2="%E3%81%9F%E3%81%8F%E3%81%98%E3%82%8D%E3%81%86" n3="%E3%81%B5%E3%81%9F%E3%81%B0" dan="17,16,16,16" rate="2152.61,2128.91,2129.43,2125.19" sx="M,M,M,F"/><TAIKYOKU oya="0"/><INIT seed="0,0,0,4,4,61" ten="250,250,250,250" oya="0" hai0="35,23,45,90,126,88,100,117,52,96,33,118,114" hai1="84,92,64,0,97,80,36,53,134,59,14,119,66" hai2="8,50,74,111,62,19,82,135,91,107,70,79,1" hai3="93,5,89,94,115,26,29,41,34,37,40,129,13"/><T63/><D114/><U39/><E119/><V49/><F107/><W12/><G115/><T44/><D126/><U27/><E0/><V124/><F124/><W130/><G94/><N who="0" m="58391" /><D35/><U68/><E68/><V123/><F123/><W57/><G57/><N who="0" m="35239" /><D33/><U128/><E134/><V20/><F135/><W95/><G95/><T110/><D118/><U24/><E128/><N who="3" m="49258" /><G37/><T43/><D117/><U15/><E39/><V120/><F120/><W133/><G133/><T75/><D75/><U104/><E104/><V112/><F112/><W55/><G55/><T76/><D76/><N who="1" m="46087" /><E36/><V108/><F70/><W31/><G40/><T81/><D110/><N who="2" m="42026" /><F62/><W28/><G41/><T17/><D81/><U102/><E27/><N who="2" m="14751" /><F91/><N who="0" m="34858" /><D43/><U109/><E24/><AGARI ba="0,0" hai="17,23,24,44,45" m="34858,35239,58391" machi="24" ten="30,5800,0" yaku="8,1,54,2" doraHai="61" who="0" fromWho="1" sc="250,58,250,-58,250,0,250,0" /><INIT seed="0,1,0,2,2,107" ten="308,192,250,250" oya="0" hai0="34,13,7,66,130,60,11,68,41,72,116,121,123" hai1="58,64,97,105,120,35,125,38,87,55,80,77,27" hai2="50,39,128,110,53,31,108,119,26,37,69,36,65" hai3="93,88,9,124,52,29,22,94,54,8,18,0,51"/><T96/><D116/><U62/><E125/><V56/><F26/><W91/><G124/><T21/><D130/><U83/><E120/><V85/><F85/><W57/><G29/><T79/><D34/><U115/><E115/><V40/><F31/><W90/><G54/><T109/><D41/><U101/><E38/><V76/><F76/><W2/><G2/><T75/><D109/><N who="2" m="42090" /><F128/><W86/><G0/><T4/><D4/><U42/><E42/><V49/><F119/><W46/><G46/><T17/><D96/><U5/><E5/><V131/><F50/><W84/><G90/><T3/><REACH who="0" step="1"/><D79/><REACH who="0" ten="298,192,250,250" step="2"/><U63/><E35/><V99/><F99/><W132/><REACH who="3" step="1"/><G132/><REACH who="3" ten="298,192,250,240" step="2"/><T98/><D98/><U6/><E6/><V32/><F131/><W45/><G45/><T24/><D24/><AGARI ba="1,2" hai="8,9,18,22,24,51,52,57,84,86,88,91,93,94" machi="24" ten="30,12000,2" yaku="1,1,7,1,9,1,8,1,54,2,53,1" doraHai="107" doraHaiUra="44" who="3" fromWho="0" sc="298,-123,192,0,250,0,240,143" /><INIT seed="1,0,0,3,0,126" ten="175,192,250,383" oya="1" hai0="64,35,71,107,50,8,9,119,117,91,48,102,99" hai1="131,97,31,87,6,60,111,13,45,5,11,76,92" hai2="41,113,29,67,10,103,80,1,68,40,95,24,49" hai3="84,66,22,46,27,65,34,86,36,33,130,128,121"/><U38/><E111/><V134/><F134/><W124/><G121/><T135/><D35/><U7/><E131/><N who="3" m="50218" /><G124/><T15/><D135/><U14/><E31/><V57/><F80/><W74/><G74/><T51/><D91/><U58/><E45/><V28/><F49/><W114/><G114/><T115/><D115/><U63/><E38/><V96/><F68/><W52/><G33/><T4/><REACH who="0" step="1"/><D8/><REACH who="0" ten="165,192,250,383" step="2"/><U59/><E11/><V98/><F10/><W30/><G34/><T23/><D23/><U3/><E3/><V18/><F113/><W43/><G52/><T61/><AGARI ba="0,1" hai="4,9,15,48,50,51,61,64,71,99,102,107,117,119" machi="61" ten="30,2000,0" yaku="1,1,0,1,53,0" doraHai="126" doraHaiUra="12" who="0" fromWho="0" sc="165,30,192,-10,250,-5,383,-5" /><INIT seed="2,0,0,4,2,128" ten="195,182,245,378" oya="2" hai0="24,49,7,31,37,57,9,114,67,119,120,13,82" hai1="14,112,126,118,71,29,85,53,47,19,77,105,68" hai2="8,99,111,61,54,40,25,125,46,113,39,89,20" hai3="135,63,60,22,10,102,124,56,90,27,23,108,92"/><V50/><F113/><W95/><G108/><T38/><D114/><U76/><E112/><V72/><F72/><W66/><G124/><T55/><D120/><U101/><E118/><V84/><F125/><W52/><G135/><T34/><D119/><U43/><E126/><V79/><F111/><W86/><G10/><T48/><D67/><U109/><E109/><V15/><F79/><W36/><G36/><T6/><D6/><U93/><E105/><V64/><F99/><W74/><G74/><T78/><REACH who="0" step="1"/><D48/><REACH who="0" ten="185,182,245,378" step="2"/><U110/><E110/><V11/><F64/><W65/><G65/><T51/><D51/><U42/><E68/><V115/><F115/><W107/><G107/><T121/><D121/><U75/><E71/><V103/><F61/><W12/><G63/><T94/><D94/><U131/><E131/><V133/><F39/><W26/><G66/><T30/><D30/><U98/><E29/><V21/><F133/><W33/><G95/><T123/><D123/><U16/><E93/><V97/><F40/><W58/><G92/><T59/><D59/><U28/><E43/><V44/><F44/><W134/><G60/><T88/><D88/><U83/><E42/><V117/><F117/><W132/><G90/><T127/><D127/><U122/><E122/><V87/><F89/><W4/><G132/><T116/><D116/><U70/><E70/><V81/><F46/><W80/><G134/><T2/><D2/><U100/><E28/><V1/><F1/><W17/><G58/><T91/><D91/><U96/><E77/><V41/><F41/><W35/><G56/><RYUUKYOKU ba="0,1" sc="185,30,182,-10,245,-10,378,-10" hai0="7,9,13,24,31,34,37,38,49,55,57,78,82" /><INIT seed="3,1,1,1,1,59" ten="215,172,235,368" oya="3" hai0="106,18,88,131,126,45,57,77,36,111,129,49,134" hai1="17,123,133,80,43,41,6,54,90,34,121,92,20" hai2="7,83,98,75,119,39,109,122,38,22,72,70,99" hai3="21,65,110,52,85,81,55,93,31,67,2,86,116"/><W51/><G116/><T13/><D106/><U102/><E133/><V78/><F119/><W105/><G105/><T19/><D134/><U24/><E34/><V32/><F32/><W23/><G2/><T61/><D36/><U115/><E115/><V15/><F109/><W29/><G110/><T103/><D103/><U71/><E6/><V76/><F70/><W26/><G93/><T28/><D77/><U73/><E71/><V53/><F122/><W11/><G11/><T128/><D111/><U44/><E121/><V40/><F53/><W8/><G8/><T48/><D28/><U114/><E114/><V117/><F7/><W97/><G97/><T104/><D104/><U10/><E10/><V1/><F1/><W66/><G81/><T96/><D126/><U91/><E123/><V25/><F15/><W50/><G66/><N who="0" m="39215" /><D13/><U100/><E73/><V5/><F117/><W4/><G4/><T12/><D12/><U42/><E80/><V89/><F5/><W9/><G9/><T14/><D14/><U37/><E37/><V74/><F39/><W113/><G113/><T0/><D0/><U35/><E35/><V33/><F33/><W124/><G124/><T46/><D46/><U79/><E79/><V58/><F78/><W120/><G120/><T63/><D45/><U84/><E91/><V108/><F89/><W82/><G82/><T16/><D63/><U94/><E94/><AGARI ba="1,1" hai="16,18,19,48,49,88,94,96,128,129,131" m="39215" machi="94" ten="40,8000,1" yaku="19,1,52,1,54,2" doraHai="59" who="0" fromWho="1" sc="215,93,172,-83,235,0,368,0" /><INIT seed="4,0,0,1,0,124" ten="308,89,235,368" oya="0" hai0="27,81,2,126,87,71,52,37,19,89,85,43,5" hai1="120,54,104,14,56,84,128,25,116,12,83,127,110" hai2="53,15,4,119,51,82,22,59,121,109,8,103,31" hai3="131,101,0,10,50,70,3,108,118,72,115,44,58"/><T133/><D126/><U80/><E110/><V60/><F109/><W62/><G72/><T76/><D71/><U29/><E116/><V123/><F119/><W35/><G118/><T11/><D133/><U135/><E120/><V105/><F82/><W1/><G35/><T94/><D52/><U13/><E127/><V86/><F86/><W130/><G108/><T57/><D57/><U24/><E135/><V28/><F105/><W132/><G132/><T36/><REACH who="0" step="1"/><D43/><REACH who="0" ten="298,89,235,368" step="2"/><U73/><E104/><V93/><F53/><W122/><G70/><T26/><D26/><U95/><E95/><V66/><F59/><W77/><G122/><T40/><D40/><U32/><E25/><V55/><F55/><W16/><G58/><T91/><D91/><U113/><E113/><V20/><F123/><W38/><G77/><T74/><D74/><U7/><E73/><V33/><F121/><W68/><G68/><T39/><D39/><U78/><E80/><V42/><F93/><W63/><G38/><T117/><D117/><U134/><E134/><V17/><F42/><W97/><G115/><T96/><D96/><U100/><E100/><V99/><F99/><W18/><G97/><T9/><D9/><U67/><E67/><V49/><F103/><W21/><G101/><T88/><D88/><U106/><E106/><V65/><F65/><W45/><G10/><T75/><D75/><U107/><E107/><V111/><F111/><W125/><G125/><T64/><D64/><U6/><REACH who="1" step="1"/><E128/><REACH who="1" ten="298,79,235,368" step="2"/><V23/><F66/><W41/><G131/><T46/><D46/><U129/><E129/><RYUUKYOKU ba="0,2" sc="298,15,79,15,235,-15,368,-15" hai0="2,5,11,19,27,36,37,76,81,85,87,89,94" hai1="6,7,12,13,14,24,29,32,54,56,78,83,84" /><INIT seed="4,1,2,2,0,118" ten="313,94,220,353" oya="0" hai0="4,66,96,35,88,21,20,23,34,103,114,75,86" hai1="38,133,14,13,22,101,8,80,71,117,12,116,56" hai2="70,48,46,6,67,99,19,125,1,24,3,51,76" hai3="129,18,106,104,111,7,91,92,44,127,93,25,100"/><T82/><D114/><U134/><E71/><V128/><F76/><W94/><G7/><T42/><D4/><U83/><E38/><V11/><F1/><W87/><G25/><T126/><D126/><U30/><E101/><V36/><F125/><W47/><G18/><T55/><D66/><U41/><E41/><V9/><F128/><W54/><G54/><T40/><D75/><U31/><E8/><V119/><F119/><N who="1" m="45641" /><E56/><V52/><F36/><W15/><G15/><N who="1" m="3842" /><U85/><DORA hai="2" /><E22/><V65/><F70/><W121/><G44/><T123/><D55/><U59/><E59/><V78/><F78/><W69/><G69/><T109/><D109/><U120/><E85/><V98/><F51/><W74/><G47/><T124/><D124/><U84/><E84/><V77/><F77/><W49/><G74/><T45/><D42/><U5/><E5/><V16/><F11/><W81/><G111/><T112/><D45/><U89/><E89/><V61/><F61/><W110/><G110/><T105/><D40/><U107/><E107/><V73/><F73/><W37/><G37/><T57/><D57/><U115/><E115/><V62/><F62/><W131/><G127/><T0/><D112/><U95/><E95/><V108/><F108/><W68/><G68/><T53/><D0/><U113/><E113/><V39/><F39/><W130/><G100/><T26/><D53/><U60/><E60/><V27/><F67/><W29/><G106/><T97/><D103/><U17/><E17/><N who="2" m="6731" /><F65/><W33/><G131/><T28/><D105/><U64/><E64/><V90/><F90/><RYUUKYOKU ba="1,2" sc="313,-10,94,-10,220,30,353,-10" hai2="3,6,9,24,27,46,48,52,98,99" /><INIT seed="5,2,2,0,3,16" ten="303,84,250,343" oya="1" hai0="65,119,1,41,37,69,9,28,81,36,98,79,21" hai1="108,27,60,66,104,94,126,7,92,55,17,62,8" hai2="115,59,39,50,24,91,113,78,135,30,123,25,89" hai3="133,3,116,58,57,99,6,72,80,82,102,70,129"/><U124/><E104/><V42/><F123/><W96/><G70/><T93/><D119/><U22/><E108/><V83/><F135/><W103/><G3/><T38/><D65/><U29/><E29/><V53/><F24/><W52/><G6/><N who="0" m="1231" /><D69/><U127/><E55/><V47/><F78/><W43/><G43/><T95/><D95/><N who="1" m="36395" /><E66/><V131/><F131/><W45/><G133/><T109/><D109/><U33/><E33/><V125/><F125/><N who="1" m="32001" /><U74/><DORA hai="10" /><E74/><V86/><REACH who="2" step="1"/><F91/><REACH who="2" ten="303,84,240,343" step="2"/><W106/><G129/><T0/><D79/><U48/><E48/><V40/><F40/><W68/><G116/><T97/><D41/><U15/><AGARI ba="2,3" hai="7,8,15,17,22,27,60,62" m="32001,36395" machi="15" ten="40,7800,0" yaku="18,1,52,2" doraHai="16,10" who="1" fromWho="1" sc="303,-28,84,114,240,-28,343,-28" /><INIT seed="5,3,0,4,1,133" ten="275,198,212,315" oya="1" hai0="123,17,57,38,126,52,1,61,7,4,51,55,124" hai1="107,116,0,130,91,23,62,53,82,119,15,84,95" hai2="96,122,76,40,117,66,54,103,60,21,65,85,5" hai3="49,37,11,26,92,73,125,19,35,112,70,2,94"/><U78/><E0/><V67/><F117/><W81/><G37/><T86/><D38/><U58/><E130/><V34/><F34/><W47/><G70/><T31/><D31/><U6/><E107/><V74/><F74/><W43/><G112/><T71/><D123/><U109/><E109/><V98/><F122/><W114/><G114/><T72/><D72/><U45/><E45/><V118/><F118/><W99/><G73/><T101/><D101/><U68/><E68/><V75/><F75/><W102/><G81/><T30/><D30/><U12/><E12/><V32/><F32/><W13/><G2/><T28/><D28/><U33/><E33/><V29/><F5/><W97/><G35/><T14/><D86/><U104/><E104/><V56/><F103/><W127/><REACH who="3" step="1"/><G26/><REACH who="3" ten="275,198,212,305" step="2"/><T93/><D1/><U129/><E129/><V46/><F76/><W110/><G110/><T79/><D79/><U111/><E111/><V88/><F29/><W16/><G16/><T42/><D71/><U134/><E134/><V131/><F131/><W135/><G135/><T44/><D42/><U20/><E116/><V77/><F77/><W120/><G120/><T128/><D128/><U39/><E119/><V106/><F106/><W63/><G63/><T89/><D4/><U9/><E39/><V90/><F40/><W8/><G8/><N who="0" m="6343" /><D7/><U113/><E113/><V105/><F105/><W121/><G121/><T100/><D100/><AGARI ba="3,1" hai="11,13,19,43,47,49,92,94,97,99,100,102,125,127" machi="100" ten="40,8000,1" yaku="1,1,9,1,52,2,53,0" doraHai="133" doraHaiUra="108" who="3" fromWho="0" sc="275,-89,198,0,212,0,305,99" /><INIT seed="6,0,0,5,1,111" ten="186,198,212,404" oya="2" hai0="115,68,76,17,74,119,70,60,67,55,22,9,101" hai1="16,113,85,131,26,65,83,95,42,80,57,73,114" hai2="71,127,118,19,21,116,87,25,102,109,124,51,98" hai3="48,6,36,99,50,106,29,15,56,104,54,39,10"/><V112/><F71/><W18/><G29/><T89/><D68/><U8/><E42/><V34/><F34/><W75/><G75/><T4/><D115/><N who="1" m="44043" /><E131/><V3/><F3/><W130/><G130/><T69/><D69/><U64/><E73/><V44/><F87/><W122/><G122/><T78/><D119/><U91/><E57/><V59/><F59/><W32/><G32/><T82/><D101/><U1/><E26/><V2/><F25/><W135/><G135/><T0/><D55/><U105/><E105/><V30/><F102/><W133/><G133/><T125/><D125/><U66/><E16/><V52/><F19/><W77/><G36/><T110/><D110/><U86/><E86/><V37/><F37/><W81/><G39/><T128/><D128/><U120/><E120/><V38/><F38/><W40/><G18/><T43/><D43/><U134/><E134/><V84/><F109/><W58/><G99/><T41/><D41/><U96/><E96/><V123/><F98/><W108/><G108/><T28/><D28/><U72/><E72/><V35/><F123/><W14/><G58/><T45/><D45/><U49/><E49/><V79/><F112/><W132/><G132/><T7/><D7/><AGARI ba="0,0" hai="1,7,8,64,65,66,80,83,85,91,95" m="44043" machi="7" ten="30,7700,0" yaku="15,1,52,3" doraHai="111" who="1" fromWho="0" sc="186,-77,198,77,212,0,404,0" /><INIT seed="7,0,0,4,2,77" ten="109,275,212,404" oya="3" hai0="119,76,75,22,63,126,130,8,26,7,37,86,68" hai1="93,42,133,88,124,36,80,23,66,46,27,100,59" hai2="127,41,48,84,115,62,67,122,49,111,53,112,132" hai3="117,30,91,61,57,110,54,95,24,131,3,31,56"/><W52/><G131/><T58/><D119/><U18/><E124/><V85/><F85/><W73/><G110/><T87/><D130/><U11/><E133/><V9/><F9/><W101/><G73/><T71/><D126/><U94/><E100/><V128/><F84/><W12/><G3/><T21/><D37/><U34/><E34/><V14/><F14/><W50/><G101/><T89/><D75/><U13/><E80/><V81/><F81/><W135/><G135/><T97/><D68/><U5/><E88/><V125/><F128/><W113/><G113/><T16/><D71/><U103/><E103/><V44/><F132/><W25/><G12/><T45/><D45/><U70/><E70/><N who="2" m="42359" /><F111/><W90/><G117/><T96/><D21/><U40/><E40/><V32/><F32/><W104/><G104/><T116/><D116/><U47/><E47/><N who="2" m="27839" /><F122/><W33/><G95/><T17/><D17/><U20/><E20/><AGARI ba="0,0" hai="20,24,25,30,31,33,50,52,54,56,57,61,90,91" machi="20" ten="30,2900,0" yaku="7,1,54,1" doraHai="77" who="3" fromWho="1" sc="109,0,275,-29,212,0,404,29" owari="109,-39.0,246,5.0,212,-19.0,433,53.0" /></mjloggm>