<mjloggm ver="2.3"><GO type="225" lobby="0"/><UN n0="%E9%88%B4%E4%B8%B8" n1="%E3%81%B7%E3%82%8B%E3%81%B7%E3%82%8B%E3%81%A0%E3%81%9E" n2="%E3%83%B4%E3%82%A3%E3%83%AF%E3%82%B3%E3%82%B0%E3%83%8B" n3="%6B%79%6F%6E%6B%6F%31%31" dan="16,16,16,17" rate="2199.75,2101.34,2125.78,2206.24" sx="M,M,M,M"/><TAIKYOKU oya="0"/><INIT seed="0,0,0,3,4,66" ten="250,250,250,250" oya="0" hai0="26,49,103,52,21,42,46,27,50,67,92,77,78" hai1="9,125,84,22,11,71,47,98,114,69,2,99,38" hai2="118,112,59,100,88,25,105,54,91,89,117,39,85" hai3="72,133,16,102,76,12,48,33,61,40,101,127,37"/><T124/><D124/><U74/><E74/><V87/><F39/><W5/><G33/><T68/><D67/><U130/><E125/><V120/><F120/><W104/><G37/><T135/><D68/><U96/><E22/><V3/><F3/><W75/><G5/><T62/><D135/><U45/><E130/><V119/><F112/><W51/><G61/><T56/><D49/><U115/><E84/><V129/><F129/><W116/><G12/><T29/><D26/><U24/><E24/><V41/><F41/><W86/><G86/><T79/><D92/><U107/><E107/><V53/><F53/><W4/><G4/><T20/><REACH who="0" step="1"/><D103/><REACH who="0" ten="240,250,250,250" step="2"/><U18/><E38/><V126/><F126/><W97/><G102/><T110/><D110/><U64/><E64/><V111/><F25/><W65/><G48/><T60/><D60/><U108/><E108/><V44/><F111/><W121/><G65/><T80/><D80/><U73/><E115/><V81/><F81/><W55/><G127/><T94/><D94/><U106/><E114/><V34/><F100/><W109/><G109/><T13/><D13/><U132/><E132/><V14/><F14/><W1/><G101/><T19/><D19/><U70/><E18/><V36/><F89/><W7/><G16/><T43/><D43/><U63/><E63/><V113/><F91/><W23/><G40/><T83/><D83/><U6/><E106/><V134/><F105/><W128/><G104/><T93/><D93/><U17/><E17/><V30/><F134/><W57/><G133/><T131/><D131/><U10/><E71/><RYUUKYOKU ba="0,1" sc="240,30,250,-10,250,-10,250,-10" hai0="20,21,27,29,42,46,50,52,56,62,77,78,79" /><INIT seed="0,1,1,4,3,68" ten="270,240,240,240" oya="0" hai0="124,82,75,64,91,54,27,71,109,128,53,70,95" hai1="50,6,3,37,42,38,114,119,24,99,106,98,31" hai2="51,80,15,7,87,130,126,32,30,4,107,62,46" hai3="26,84,49,133,100,40,103,112,41,36,105,0,47"/><T121/><D121/><U74/><E74/><V66/><F107/><W61/><G112/><T44/><D124/><U131/><E119/><V2/><F126/><W45/><G0/><T135/><D128/><U33/><E131/><V19/><F130/><W20/><G133/><T34/><D135/><U76/><E76/><V96/><F2/><W72/><G72/><T17/><D109/><U86/><E86/><V117/><F96/><W113/><G113/><T125/><D125/><U23/><E33/><V18/><F30/><W1/><G1/><T63/><D70/><U9/><E114/><V59/><F32/><W129/><G129/><T28/><D17/><U104/><E99/><V77/><F117/><W67/><G84/><T89/><D44/><U94/><E50/><V78/><F78/><W8/><G8/><T79/><D89/><U60/><E60/><V83/><F83/><W93/><G93/><T120/><D120/><U122/><E42/><N who="2" m="25047" /><F19/><W13/><G13/><T92/><D92/><U97/><E97/><AGARI ba="1,1" hai="27,28,34,53,54,63,64,71,75,79,82,91,95,97" machi="97" ten="30,1500,0" yaku="7,1" doraHai="68" who="0" fromWho="1" sc="270,28,240,-18,240,0,240,0" /><INIT seed="0,2,0,4,0,4" ten="298,222,240,240" oya="0" hai0="0,95,56,101,20,127,15,114,74,48,110,81,5" hai1="55,34,96,49,9,41,77,79,46,72,128,124,1" hai2="70,60,118,125,64,25,44,3,13,32,23,53,116" hai3="117,94,119,123,14,82,78,61,132,38,107,16,63"/><T113/><D127/><U71/><E71/><V35/><F3/><W75/><G107/><T131/><D0/><U100/><E124/><V92/><F125/><W67/><G38/><T40/><D131/><U7/><E128/><V65/><F65/><W99/><G132/><T87/><D74/><U68/><E68/><V86/><F13/><W80/><G80/><T112/><D110/><U42/><E34/><V17/><F86/><W19/><G19/><T21/><D95/><U69/><E69/><V120/><F120/><W57/><G63/><T91/><D101/><U31/><E31/><V130/><F130/><W30/><G30/><T28/><D28/><U36/><E72/><V129/><F129/><W27/><G27/><T52/><REACH who="0" step="1"/><D40/><REACH who="0" ten="288,222,240,240" step="2"/><U76/><REACH who="1" step="1"/><E36/><REACH who="1" ten="288,212,240,240" step="2"/><V11/><F116/><W10/><REACH who="3" step="1"/><G123/><REACH who="3" ten="288,212,240,230" step="2"/><T66/><D66/><U93/><AGARI ba="2,3" hai="1,7,9,41,42,46,49,55,76,77,79,93,96,100" machi="93" ten="30,7900,0" yaku="1,1,2,1,0,1,52,1,53,0" doraHai="4" doraHaiUra="58" who="1" fromWho="1" sc="288,-41,212,115,240,-22,230,-22" /><INIT seed="1,0,0,2,5,56" ten="247,327,218,208" oya="1" hai0="101,74,66,73,71,50,119,1,87,129,22,49,130" hai1="15,7,26,77,3,126,68,0,38,96,83,20,99" hai2="60,72,100,108,132,40,109,116,41,131,81,5,114" hai3="79,23,58,122,125,92,127,52,61,14,18,117,39"/><U88/><E38/><V11/><F116/><W94/><G122/><T29/><D1/><U102/><E68/><V21/><F131/><W128/><G128/><N who="0" m="49259" /><D101/><U16/><E126/><N who="3" m="48138" /><G117/><T63/><D119/><U107/><E7/><V6/><F132/><W53/><G39/><T69/><D69/><U91/><E15/><V104/><F114/><W42/><G42/><T47/><D49/><U76/><E76/><N who="2" m="44167" /><F5/><W86/><G53/><N who="0" m="29919" /><D87/><U67/><E67/><V19/><F100/><W59/><G59/><T57/><D71/><U98/><E99/><V97/><F97/><W2/><G2/><T80/><D80/><AGARI ba="0,0" hai="14,18,23,52,58,61,79,80,86,92,94" m="48138" machi="80" ten="30,3900,0" yaku="18,1,52,1,54,1" doraHai="56" who="3" fromWho="0" sc="247,-39,327,0,218,0,208,39" /><INIT seed="2,0,0,1,4,97" ten="208,327,218,247" oya="2" hai0="43,120,135,28,89,49,41,96,39,23,117,71,51" hai1="93,0,132,99,2,91,105,36,123,104,83,3,66" hai2="75,15,107,116,56,13,106,27,111,88,61,84,21" hai3="20,33,37,62,12,44,78,55,95,26,24,50,129"/><V29/><F116/><W30/><G129/><T8/><D120/><U114/><E114/><V46/><F75/><W14/><G37/><T82/><D71/><U60/><E36/><V31/><F111/><W119/><G119/><T81/><D39/><U109/><E123/><V133/><F133/><W134/><G134/><T53/><D135/><U69/><E132/><V70/><F70/><W63/><G78/><T9/><D117/><U34/><E34/><V40/><F29/><W110/><G110/><T121/><D121/><U102/><E109/><V115/><F115/><W68/><G95/><N who="0" m="56431" /><D28/><U25/><E25/><V131/><F131/><W10/><G68/><T103/><D23/><U113/><E113/><V45/><F106/><W35/><G12/><N who="2" m="4681" /><F40/><N who="0" m="15434" /><D103/><U42/><E42/><V80/><F107/><W127/><G33/><T22/><D22/><U122/><E122/><V47/><F47/><W32/><G32/><T92/><D92/><U7/><E105/><V16/><F31/><W85/><G35/><T128/><D49/><U124/><E104/><V38/><F38/><W11/><G11/><N who="0" m="4171" /><D128/><U79/><E2/><V90/><F90/><W6/><G30/><T101/><D101/><U73/><E91/><V108/><F108/><W72/><G24/><T126/><D126/><U77/><E124/><V98/><F98/><W17/><G127/><T125/><D125/><U4/><E79/><V130/><F130/><W19/><G72/><T54/><D54/><AGARI ba="0,0" hai="16,21,27,45,46,54,56,61,80,84,88" m="4681" machi="54" ten="30,5800,0" yaku="8,1,54,2" doraHai="97" who="2" fromWho="0" sc="208,-58,327,0,218,58,247,0" /><INIT seed="2,1,0,1,2,101" ten="150,327,276,247" oya="2" hai0="62,130,128,117,87,84,40,20,104,10,51,135,30" hai1="85,38,25,66,133,57,49,126,109,116,111,28,113" hai2="55,19,71,34,73,114,94,118,16,63,53,91,88" hai3="5,43,68,50,36,78,18,100,86,21,98,81,124"/><V8/><F114/><W26/><G124/><T82/><D62/><U96/><E113/><V131/><F118/><W99/><G68/><T61/><D61/><N who="1" m="38191" /><E116/><V76/><F34/><W107/><G36/><T80/><D117/><U17/><E17/><V52/><F131/><N who="0" m="50218" /><D10/><U14/><E14/><V32/><F32/><W127/><G127/><T65/><D65/><U102/><E38/><V13/><F71/><W41/><G98/><T121/><D121/><U67/><E85/><N who="0" m="32841" /><D135/><U59/><E133/><V110/><F63/><W92/><G92/><T23/><D30/><U48/><E59/><V134/><F134/><W105/><G105/><T3/><D3/><U119/><E67/><V24/><F94/><W106/><G106/><T89/><D104/><N who="1" m="63559" /><E119/><V0/><F0/><W4/><REACH who="3" step="1"/><G50/><REACH who="3" ten="150,327,276,237" step="2"/><T35/><D51/><U46/><E49/><V75/><F110/><W47/><G47/><T58/><D58/><U83/><E48/><V103/><F103/><W132/><G132/><T64/><D64/><U45/><E126/><V115/><F115/><W22/><G22/><N who="0" m="8235" /><D40/><AGARI ba="1,1" hai="4,5,18,21,26,40,41,43,78,81,86,99,100,107" machi="40" ten="40,2600,0" yaku="1,1,52,1,53,0" doraHai="101" doraHaiUra="108" who="3" fromWho="0" sc="150,-29,327,0,276,0,237,39" /><INIT seed="3,0,0,0,4,75" ten="121,327,276,276" oya="3" hai0="101,99,48,31,43,114,46,30,55,56,52,34,78" hai1="111,126,130,94,135,131,18,24,120,113,19,9,45" hai2="95,119,8,20,74,71,112,53,85,116,36,129,128" hai3="102,27,86,10,109,61,38,82,44,79,133,115,65"/><W33/><G115/><T41/><D114/><U98/><E113/><V89/><F36/><W23/><G33/><T87/><D34/><U76/><E120/><V91/><F71/><W121/><G121/><T58/><D99/><U40/><E111/><V67/><F112/><W59/><G133/><T25/><D101/><N who="1" m="60631" /><E135/><V84/><F74/><W12/><G109/><T42/><D25/><U122/><E126/><V72/><F72/><W5/><G38/><T81/><REACH who="0" step="1"/><D46/><REACH who="0" ten="111,327,276,276" step="2"/><U66/><E45/><V37/><F119/><W107/><G44/><T132/><D132/><U14/><E24/><V68/><F116/><W2/><G102/><T96/><D96/><U100/><E100/><V39/><F128/><W16/><REACH who="3" step="1"/><G107/><REACH who="3" ten="111,327,276,266" step="2"/><T92/><D92/><U97/><E131/><V4/><F129/><W103/><G103/><T47/><D47/><U29/><E130/><V35/><F35/><W50/><G50/><AGARI ba="0,2" hai="30,31,41,42,43,48,50,52,55,56,58,78,81,87" machi="50" ten="40,8000,1" yaku="1,1,9,1,8,1,52,1,54,1,53,0" doraHai="75" doraHaiUra="70" who="0" fromWho="3" sc="111,100,327,0,276,0,266,-80" owari="211,-19.0,327,42.0,276,8.0,186,-31.0" /></mjloggm>