<mjloggm ver="2.3"><GO type="169" lobby="0"/><UN n0="%E4%BF%BA%54%55%45%45%45%45%45" n1="%E3%82%82%E3%81%BF%E3%81%95%E3%81%92" n2="%E3%81%9F%E3%81%8B%E3%81%A3%E3%81%A6%E3%81%83%E3%83%BC" n3="%E5%AE%89%E9%81%94%E3%81%95%E3%81%8F%E3%82%89" dan="18,16,17,17" rate="2235.73,2113.46,2222.91,2164.27" sx="F,M,F,M"/><TAIKYOKU oya="0"/><INIT seed="0,0,0,3,3,125" ten="250,250,250,250" oya="0" hai0="95,64,71,9,133,111,101,60,6,49,88,30,82" hai1="132,31,99,24,110,22,16,2,36,10,79,135,18" hai2="3,114,87,20,65,81,69,89,84,67,117,128,38" hai3="1,73,94,74,130,76,124,127,70,106,68,83,43"/><T12/><D133/><N who="1" m="51275" /><E36/><V48/><F38/><W102/><G43/><T45/><D111/><U108/><E79/><V14/><F3/><W118/><G1/><T113/><D113/><U39/><E39/><V0/><F0/><W42/><G42/><T126/><D126/><N who="3" m="48169" /><G68/><T61/><D30/><U103/><E99/><V59/><F114/><W105/><G70/><T85/><D60/><U122/><E103/><V34/><F34/><W25/><G25/><T5/><D101/><U7/><E122/><V92/><F69/><W23/><G23/><T75/><D75/><U63/><E63/><V55/><F117/><W51/><G51/><T53/><REACH who="0" step="1"/><D95/><REACH who="0" ten="240,250,250,250" step="2"/><U62/><E62/><V11/><F92/><W47/><G73/><T28/><D28/><U27/><E108/><V57/><F67/><W52/><G94/><T77/><D77/><U109/><E109/><V35/><F65/><W40/><G102/><T115/><D115/><U54/><E110/><V15/><F81/><W66/><G66/><T72/><D72/><U46/><E31/><V107/><F107/><W29/><G29/><T56/><D56/><U21/><E46/><V97/><F59/><W44/><G106/><T98/><D98/><U120/><E120/><V123/><F57/><W93/><G105/><T96/><D96/><U26/><E54/><V86/><F97/><W104/><G104/><T90/><D90/><U78/><E78/><V32/><F89/><W33/><G76/><T58/><D58/><U112/><E112/><V80/><F123/><W17/><G74/><T134/><D134/><U8/><E18/><AGARI ba="0,1" hai="5,6,9,12,18,45,49,53,61,64,71,82,85,88" machi="18" ten="30,18000,2" yaku="1,1,6,1,7,1,25,2,54,1,53,0" doraHai="125" doraHaiUra="131" who="0" fromWho="1" sc="240,190,250,-180,250,0,250,0" /><INIT seed="0,1,0,0,4,33" ten="430,70,250,250" oya="0" hai0="117,76,81,86,14,16,131,128,97,126,118,109,42" hai1="96,102,8,73,106,6,88,57,98,60,63,30,49" hai2="77,110,105,48,113,46,100,99,71,127,92,58,65" hai3="32,130,45,72,61,108,17,132,104,50,44,78,122"/><T64/><D64/><U20/><E73/><V28/><F113/><W70/><G104/><T87/><D42/><U51/><E30/><V84/><F110/><W26/><G108/><T40/><D40/><U22/><E63/><V31/><F127/><W35/><G78/><T52/><D109/><U115/><E115/><V101/><F71/><W55/><G72/><T13/><D13/><U91/><E98/><V134/><F134/><W11/><G132/><T1/><D97/><U79/><E79/><V124/><F100/><W12/><G130/><N who="0" m="49707" /><D86/><U82/><E82/><N who="2" m="47183" /><F105/><W116/><G116/><T68/><D68/><U85/><E85/><V129/><F124/><W111/><G111/><T43/><D43/><U83/><E83/><V80/><F80/><W2/><G70/><T37/><D37/><U93/><E106/><V34/><F34/><W36/><G36/><T15/><D15/><N who="1" m="5527" /><E49/><V27/><F27/><W66/><G35/><T112/><D126/><U9/><E51/><V53/><F129/><W21/><G32/><T29/><D29/><N who="2" m="11338" /><F65/><W133/><G133/><T62/><D112/><U47/><E102/><V59/><AGARI ba="1,0" hai="46,48,53,58,59,92,99,101" m="11338,47183" machi="59" ten="30,1100,0" yaku="8,1" doraHai="33" who="2" fromWho="2" sc="430,-6,70,-4,250,14,250,-4" /><INIT seed="1,0,0,0,0,115" ten="424,66,264,246" oya="1" hai0="98,14,0,124,54,82,18,22,105,9,42,126,25" hai1="120,128,79,59,92,116,3,28,4,89,44,91,67" hai2="38,78,51,48,108,104,11,103,76,57,86,70,87" hai3="62,77,63,134,41,8,40,34,56,60,133,29,84"/><U127/><E120/><V36/><F70/><W123/><G123/><T2/><D42/><N who="3" m="16489" /><G8/><T53/><D82/><U21/><E127/><N who="0" m="48681" /><D105/><U99/><E128/><V43/><F108/><W93/><G77/><T121/><D98/><U109/><E109/><V96/><F11/><W55/><G84/><T65/><D65/><U49/><E79/><V111/><F111/><W30/><G93/><T37/><D37/><U129/><E129/><V114/><F114/><W83/><G83/><T118/><D121/><U61/><E4/><V39/><F78/><W16/><G34/><T33/><D33/><U122/><E3/><N who="0" m="1065" /><D118/><U131/><E131/><V52/><REACH who="2" step="1"/><F76/><REACH who="2" ten="424,66,254,246" step="2"/><W6/><G134/><T90/><D90/><N who="1" m="55703" /><E122/><V94/><F94/><W46/><G133/><T23/><D9/><U112/><E112/><V26/><F26/><W80/><G80/><T110/><D110/><U95/><E95/><V125/><F125/><W113/><G113/><T31/><AGARI ba="0,1" hai="14,18,22,23,25,31,53,54" m="1065,48681" machi="31" ten="30,1100,0" yaku="18,1" doraHai="115" who="0" fromWho="0" sc="424,21,66,-5,254,-3,246,-3" /><INIT seed="2,0,0,4,5,9" ten="445,61,251,243" oya="2" hai0="105,92,84,41,26,55,69,34,48,90,77,8,49" hai1="17,71,22,125,63,4,40,58,97,98,57,7,81" hai2="67,45,134,78,88,87,33,80,95,31,99,30,60" hai3="66,123,21,25,43,120,100,122,106,72,0,89,16"/><V117/><F117/><W18/><G0/><T133/><D69/><U86/><E125/><V64/><F134/><W115/><G115/><T62/><D105/><U44/><E71/><V79/><F79/><W113/><G113/><T129/><D129/><U93/><E7/><V116/><F116/><W11/><G72/><T119/><D119/><U65/><E57/><V46/><F64/><W68/><G43/><T24/><D133/><U94/><E4/><V112/><F112/><W124/><G124/><T6/><D77/><U109/><E109/><V121/><F121/><W110/><G110/><T75/><D75/><U23/><E23/><V132/><F132/><W12/><G100/><T82/><D92/><U47/><E93/><V38/><F33/><W130/><G106/><T53/><D62/><U37/><E47/><V102/><F102/><W101/><G101/><T39/><D39/><U59/><E59/><N who="2" m="37279" /><F38/><W15/><G130/><T14/><D41/><U127/><E94/><V54/><F46/><W85/><G25/><N who="0" m="9835" /><D34/><U76/><REACH who="1" step="1"/><E127/><REACH who="1" ten="445,51,251,243" step="2"/><V51/><AGARI ba="0,1" hai="30,31,45,51,54,78,80,87,88,95,99" m="37279" machi="51" ten="30,3000,0" yaku="8,1,54,1" doraHai="9" who="2" fromWho="2" sc="445,-10,51,-10,251,40,243,-10" /><INIT seed="2,1,0,0,5,68" ten="435,41,291,233" oya="2" hai0="93,6,109,94,36,78,87,20,3,30,120,37,61" hai1="29,35,7,14,48,27,114,118,130,81,5,55,98" hai2="102,83,123,76,2,4,12,100,80,34,62,10,119" hai3="95,43,32,134,9,18,88,66,104,108,113,39,17"/><V69/><F119/><W63/><G104/><T124/><D120/><U46/><E118/><V99/><F123/><W135/><G32/><T28/><D61/><U52/><E114/><V31/><F2/><W44/><G113/><T23/><D3/><U65/><E130/><V19/><F4/><W132/><G108/><T107/><D6/><U133/><E133/><V58/><F69/><W126/><G126/><T106/><D124/><U90/><E65/><V89/><F31/><W11/><G11/><T128/><D87/><U57/><E14/><V49/><F49/><W45/><G45/><T40/><D78/><U71/><E71/><V127/><F34/><W73/><G73/><T59/><D59/><U70/><E70/><V51/><F51/><W91/><G9/><T60/><D60/><U54/><E81/><N who="2" m="31307" /><F76/><W15/><G15/><T16/><D16/><N who="3" m="6249" /><G95/><T111/><D40/><U84/><E84/><V82/><F127/><W129/><G129/><AGARI ba="1,0" hai="20,23,28,30,36,37,93,94,106,107,109,111,128,129" machi="129" ten="25,6400,0" yaku="22,2,52,2" doraHai="68" who="0" fromWho="3" sc="435,67,41,0,291,0,233,-67" /><INIT seed="3,0,0,0,4,66" ten="502,41,291,166" oya="3" hai0="64,37,91,93,29,14,49,4,77,59,45,95,20" hai1="44,83,3,52,65,84,89,78,111,75,47,48,126" hai2="87,27,50,76,80,56,31,60,122,104,11,6,2" hai3="55,33,22,103,36,34,115,130,90,5,79,7,131"/><W35/><G36/><T23/><D37/><U109/><E126/><V82/><F122/><W8/><G103/><T124/><D77/><U88/><E3/><V32/><F104/><W94/><G79/><T25/><D124/><U85/><E44/><V72/><F50/><W67/><G115/><T53/><D91/><U51/><E51/><V28/><F28/><W128/><G67/><T1/><D1/><U106/><E106/><V24/><F24/><W119/><G119/><T114/><D114/><U41/><E41/><V107/><F107/><W18/><G55/><T121/><D121/><U54/><E54/><V97/><F97/><W133/><G133/><T58/><D64/><U68/><E84/><V113/><F113/><W61/><G61/><T98/><D20/><U38/><E38/><V112/><F112/><W134/><G134/><T101/><D93/><U116/><E116/><V129/><F129/><W125/><G125/><T96/><D98/><U135/><E135/><V21/><F32/><W99/><REACH who="3" step="1"/><G8/><AGARI ba="0,0" hai="4,8,14,23,25,29,45,49,53,58,59,95,96,101" machi="8" ten="40,1300,0" yaku="8,1" doraHai="66" who="0" fromWho="3" sc="502,13,41,0,291,0,166,-13" /><INIT seed="4,0,0,1,0,71" ten="515,41,291,153" oya="0" hai0="6,93,54,89,17,47,39,62,112,12,30,132,135" hai1="21,50,121,111,129,3,77,87,32,102,25,68,49" hai2="44,11,40,126,53,82,97,78,76,55,5,65,24" hai3="109,90,52,86,56,16,57,27,101,108,80,98,94"/><T70/><D30/><U9/><E111/><V96/><F65/><W128/><G128/><T122/><D122/><U72/><E121/><V51/><F126/><W125/><G125/><T114/><D6/><U60/><E129/><V110/><F110/><W7/><G7/><T35/><D35/><U113/><E113/><N who="0" m="43625" /><D70/><U22/><E72/><V131/><F131/><W67/><G67/><T95/><D62/><U118/><E102/><V130/><F130/><W75/><G75/><T74/><D74/><U45/><E32/><V4/><F24/><W37/><G37/><T43/><D54/><U1/><E60/><V66/><F66/><W31/><G57/><T133/><D89/><U84/><E50/><V29/><F29/><W19/><G109/><T28/><D28/><U123/><E1/><V81/><F40/><W13/><G13/><T85/><D85/><U26/><E3/><V59/><F51/><W46/><G46/><T119/><D119/><U88/><E49/><V91/><F44/><W15/><G15/><T14/><D12/><U63/><E45/><V20/><F59/><W42/><G108/><T79/><D79/><U107/><E77/><V2/><F2/><W115/><G115/><T48/><D48/><U69/><E123/><V127/><F127/><W103/><G52/><T64/><D64/><U105/><E63/><V100/><F55/><W34/><G56/><T41/><D43/><U33/><E33/><V61/><F53/><W104/><G42/><T124/><D124/><U134/><E118/><V8/><F4/><W106/><G103/><T0/><D0/><RYUUKYOKU ba="0,0" sc="515,15,41,-15,291,-15,153,15" hai0="14,17,39,41,47,93,95,132,133,135" hai3="16,19,27,31,34,80,86,90,94,98,101,104,106" /><INIT seed="4,1,0,2,3,67" ten="530,26,276,168" oya="0" hai0="117,76,64,105,70,74,124,96,38,98,108,14,68" hai1="113,21,7,10,60,84,33,88,35,135,125,82,62" hai2="57,24,95,90,11,32,18,5,17,54,104,100,118" hai3="94,91,51,44,122,6,75,128,101,36,27,20,2"/><T40/><D96/><U85/><E125/><V92/><F118/><W87/><G128/><T0/><D14/><U53/><E135/><V66/><F66/><W52/><G122/><T116/><D124/><U45/><E113/><V133/><F104/><W25/><G75/><T1/><D108/><U12/><E21/><V109/><F100/><W3/><G101/><N who="0" m="62647" /><D64/><U69/><E84/><V80/><F80/><W47/><G6/><T127/><D127/><U39/><E39/><V50/><F133/><W49/><G36/><T78/><D78/><U37/><E37/><V43/><F43/><W97/><G97/><T86/><D86/><U4/><E4/><V126/><F126/><W83/><G94/><T123/><D123/><U61/><REACH who="1" step="1"/><E69/><REACH who="1" ten="530,16,276,168" step="2"/><N who="0" m="26729" /><D117/><U58/><E58/><V102/><F57/><W132/><G132/><T119/><D119/><U31/><E31/><V63/><F5/><W110/><G110/><T114/><D116/><U129/><E129/><V8/><F109/><W42/><G25/><T107/><D114/><U59/><E59/><V48/><F24/><W112/><G112/><T41/><D74/><U115/><E115/><V120/><F120/><W56/><G56/><T23/><D23/><U99/><E99/><V71/><F71/><W55/><G20/><T72/><D107/><U81/><E81/><V34/><F32/><W79/><G27/><T26/><D26/><U134/><E134/><V9/><F34/><W111/><G111/><T16/><D38/><U28/><E28/><V19/><F18/><W73/><G83/><N who="0" m="45447" /><D16/><U77/><E77/><V22/><F17/><RYUUKYOKU ba="1,1" sc="530,15,16,15,276,-15,168,-15" hai0="0,1,40,41" hai1="7,10,12,33,35,45,53,60,61,62,82,85,88" /><INIT seed="4,2,1,2,4,15" ten="545,31,261,153" oya="0" hai0="7,55,108,4,100,126,111,110,63,35,32,118,28" hai1="89,45,11,47,132,41,56,21,82,116,51,87,88" hai2="39,135,128,12,98,9,119,5,79,27,99,97,83" hai3="93,23,18,73,16,130,113,125,14,91,115,61,37"/><T64/><D126/><U58/><E116/><V109/><F109/><W112/><G125/><T49/><D100/><U22/><E132/><V52/><F39/><W95/><G130/><T124/><D118/><U107/><E107/><V71/><F119/><W53/><G37/><T54/><D124/><U78/><E11/><V85/><F128/><W42/><G42/><T76/><D76/><U90/><E47/><V122/><F122/><W60/><G73/><T43/><D43/><U30/><E30/><V57/><F71/><W34/><G34/><N who="0" m="12843" /><D28/><U31/><E31/><V50/><F135/><W77/><G77/><T36/><D36/><U84/><REACH who="1" step="1"/><E87/><REACH who="1" ten="545,21,261,153" step="2"/><V59/><F27/><N who="3" m="14839" /><G53/><N who="0" m="19979" /><D49/><U96/><E96/><V106/><F106/><W13/><G13/><T81/><D81/><U62/><E62/><V3/><F3/><W131/><G131/><T105/><D105/><U74/><E74/><V117/><F117/><W24/><G24/><T92/><D92/><U33/><E33/><V72/><F72/><W86/><G95/><T75/><D75/><U134/><E134/><V120/><F120/><W65/><G65/><T129/><D129/><U104/><E104/><V19/><F5/><W25/><G25/><T127/><D127/><U94/><E94/><V44/><AGARI ba="2,2" hai="9,12,19,44,50,52,57,59,79,83,85,97,98,99" machi="44" ten="30,7900,0" yaku="0,1,8,1,52,1,54,1" doraHai="15" who="2" fromWho="2" sc="545,-41,21,-22,261,105,153,-22" owari="504,60.0,-1,-50.0,366,17.0,131,-27.0" /></mjloggm>