<mjloggm ver="2.3"><GO type="185" lobby="0"/><UN n0="%63%61%6C%63%2E" n1="%4B%69%64%6F%37%35%30%30" n2="%69%6E%75%73%61%6E%38%34" n3="" dan="19,16,16,0" rate="2388.15,2106.43,2122.59,1500.00" sx="M,M,M,C"/><TAIKYOKU oya="0"/><INIT seed="0,0,0,2,2,55" ten="350,350,350,0" oya="0" hai0="120,47,39,40,121,63,103,77,34,84,117,73,54" hai1="119,107,85,51,134,122,50,94,76,33,113,87,62" hai2="81,75,110,49,91,42,97,102,69,60,61,116,111" hai3=""/><T48/><N who="0" m="30752" /><T72/><N who="0" m="31008" /><T123/><N who="0" m="31520" /><T129/><D117/><U132/><N who="1" m="31264" /><U32/><E107/><V56/><F116/><T90/><D34/><N who="1" m="13419" /><E119/><V86/><F75/><T118/><D118/><U2/><E2/><V106/><F69/><T58/><D129/><U59/><E113/><V35/><F35/><T98/><D77/><U128/><E94/><V127/><F127/><T131/><D131/><U82/><E87/><V135/><F135/><N who="1" m="51753" /><E128/><V80/><F80/><T79/><D79/><U45/><E45/><V36/><F36/><T99/><D99/><U44/><E44/><V100/><F100/><T95/><REACH who="0" step="1"/><D39/><REACH who="0" ten="340,350,350,0" step="2"/><U52/><AGARI ba="0,1" hai="50,51,52,59,62,76,82,85" m="51753,13419,31264" machi="52" ten="30,5900,0" yaku="20,1,52,2,54,1" doraHai="55" who="1" fromWho="1" sc="340,-39,350,69,350,-20,0,0" /><INIT seed="1,0,0,2,2,57" ten="301,419,330,0" oya="1" hai0="71,70,83,121,37,59,97,113,45,69,90,50,2" hai1="84,132,44,87,85,107,115,124,58,75,39,91,108" hai2="102,106,104,74,123,95,109,56,63,40,125,77,128" hai3=""/><U42/><E115/><V32/><N who="2" m="31520" /><V65/><F32/><T51/><N who="0" m="31008" /><T96/><D2/><U100/><E75/><V67/><F109/><T52/><D37/><U34/><E34/><V41/><F125/><T94/><D113/><U1/><E1/><V73/><F128/><T53/><REACH who="0" step="1"/><D83/><REACH who="0" ten="291,419,330,0" step="2"/><U127/><E132/><V68/><F74/><T82/><D82/><U60/><E108/><V129/><F73/><T38/><D38/><U0/><E0/><V62/><F77/><T46/><D46/><U101/><E127/><V133/><F133/><T98/><AGARI ba="0,1" hai="45,50,51,52,53,59,69,70,71,90,94,96,97,98" m="31008" machi="98" ten="40,6000,1" yaku="1,1,0,1,52,1,54,1,53,1" doraHai="57" doraHaiUra="119" who="0" fromWho="0" sc="291,70,419,-40,330,-20,0,0" /><INIT seed="2,0,0,1,0,80" ten="361,379,310,0" oya="2" hai0="125,68,85,110,52,35,75,90,73,34,48,84,82" hai1="108,60,134,89,53,103,63,79,121,98,61,58,107" hai2="111,114,69,87,120,45,133,116,96,100,67,91,46" hai3=""/><V55/><N who="2" m="30752" /><V36/><F116/><T49/><D68/><U81/><N who="1" m="31008" /><U112/><E134/><V93/><F114/><T2/><D2/><U126/><E126/><V41/><F133/><T122/><N who="0" m="31264" /><T71/><D71/><U127/><E127/><V3/><F3/><T101/><D125/><U66/><E112/><V99/><F111/><T123/><N who="0" m="31520" /><T54/><D101/><U59/><E108/><V94/><F69/><T102/><D102/><U86/><REACH who="1" step="1"/><E61/><REACH who="1" ten="361,369,310,0" step="2"/><V132/><F132/><T106/><D110/><U129/><E129/><V74/><F74/><T83/><D106/><U115/><E115/><V95/><F67/><T32/><D34/><U1/><E1/><V43/><F55/><T72/><D73/><U62/><E62/><V128/><F128/><T65/><D65/><U42/><E42/><N who="2" m="15883" /><F36/><T56/><D72/><U119/><E119/><V47/><F100/><T64/><D75/><U51/><E51/><V88/><F99/><T57/><D64/><U37/><E37/><V76/><F76/><AGARI ba="0,1" hai="32,35,48,49,52,54,56,57,76,82,83,84,85,90" m="31520,31264" machi="76" ten="30,12000,2" yaku="7,1,9,1,52,4,54,1" doraHai="80" who="0" fromWho="2" sc="361,130,369,0,310,-120,0,0" /><AGARI ba="0,0" hai="53,58,59,60,63,66,76,79,81,86,89,98,103,107" m="31008" machi="76" ten="40,8000,1" yaku="1,1,52,2,53,1" doraHai="80" doraHaiUra="97" who="1" fromWho="2" sc="491,0,369,80,190,-80,0,0" /><INIT seed="4,0,0,1,4,116" ten="491,449,110,0" oya="0" hai0="42,0,98,62,69,82,86,39,127,101,65,40,57" hai1="35,106,109,130,33,118,68,96,38,49,105,120,128" hai2="77,88,122,53,133,119,94,103,61,83,1,80,107" hai3=""/><T64/><D0/><U47/><N who="1" m="30752" /><U115/><E68/><V70/><N who="2" m="31264" /><V89/><F1/><T71/><D127/><U129/><E118/><V112/><F112/><T43/><D39/><U76/><E109/><V3/><F3/><T91/><REACH who="0" step="1"/><D65/><REACH who="0" ten="481,449,110,0" step="2"/><U93/><E38/><V114/><F119/><T37/><D37/><U117/><E117/><V79/><F114/><T52/><D52/><U58/><E115/><V113/><F113/><T78/><D78/><U54/><E76/><V48/><F79/><T55/><D55/><U85/><E35/><V124/><F124/><T84/><D84/><U135/><E33/><V81/><F77/><T102/><D102/><U104/><E85/><V41/><F41/><T90/><D90/><U97/><E135/><V45/><F89/><T63/><D63/><U108/><E108/><V95/><F133/><T99/><D99/><U125/><E125/><V132/><F132/><T72/><D72/><U131/><E97/><V126/><F126/><T100/><D100/><U111/><E111/><V59/><F103/><T50/><D50/><U121/><N who="1" m="31008" /><U34/><E34/><V134/><F134/><T51/><D51/><U36/><N who="1" m="32768" /><DORA hai="67" /><U73/><E49/><V66/><F88/><RYUUKYOKU ba="0,1" sc="481,20,449,-10,110,-10,0,0" hai0="40,42,43,57,62,64,69,71,82,86,91,98,101" /><INIT seed="4,1,1,5,5,68" ten="501,439,100,0" oya="0" hai0="62,89,38,129,1,71,0,131,106,132,98,40,96" hai1="133,85,74,120,64,73,90,97,32,127,33,39,104" hai2="36,118,103,43,46,50,63,49,134,76,56,75,109" hai3=""/><T72/><D72/><U70/><N who="1" m="30752" /><U84/><E133/><V91/><F109/><T126/><D132/><U44/><E127/><V37/><F134/><T41/><D126/><U55/><E84/><V86/><F118/><T100/><D89/><U108/><E108/><V121/><N who="2" m="31008" /><V65/><F103/><T88/><D88/><U107/><E39/><V57/><F75/><T54/><D96/><U128/><E44/><V113/><F76/><T82/><D82/><U130/><E55/><V35/><F35/><T53/><D54/><U60/><E74/><V69/><F113/><T3/><D53/><U61/><E73/><V135/><F135/><T2/><D2/><U93/><E97/><V101/><F101/><T78/><D78/><U83/><E107/><V52/><F91/><T99/><D99/><U34/><E104/><V42/><F86/><T123/><N who="0" m="31520" /><T116/><D116/><U47/><E83/><V66/><F43/><T94/><D94/><U95/><E95/><V122/><N who="2" m="31264" /><V105/><F105/><T110/><D110/><U45/><E34/><V125/><F125/><T77/><D41/><U124/><E124/><V48/><F66/><T67/><D77/><U114/><E33/><V87/><F87/><RYUUKYOKU ba="1,1" sc="501,10,439,-20,100,10,0,0" hai0="0,1,3,38,40,62,67,71,98,100,106,129,131" hai2="36,37,42,46,48,49,50,52,56,57,63,65,69" /><INIT seed="4,2,1,5,0,99" ten="511,419,110,0" oya="0" hai0="98,131,63,119,108,39,89,117,132,35,46,85,68" hai1="116,115,82,66,55,61,57,44,45,113,112,79,128" hai2="62,60,76,67,106,105,1,72,48,123,34,121,50" hai3=""/><T130/><D35/><U65/><E116/><V91/><N who="2" m="31008" /><V124/><N who="2" m="31520" /><V58/><F34/><T120/><N who="0" m="30752" /><T122/><N who="0" m="31264" /><T37/><D132/><U134/><E134/><V71/><F1/><T73/><D73/><U94/><E94/><V59/><F124/><T42/><D39/><U133/><E133/><V0/><F0/><T38/><D38/><U88/><E128/><N who="0" m="49193" /><D98/><U90/><E66/><V77/><F71/><T93/><D108/><U2/><E2/><V52/><F91/><N who="1" m="34857" /><E65/><AGARI ba="2,1" hai="37,42,46,63,65,68,85,89,93,117,119" m="49193,31264,30752" machi="65" ten="30,5800,0" yaku="19,1,52,2" doraHai="99" who="0" fromWho="1" sc="511,72,419,-62,110,0,0,0" /><INIT seed="4,3,0,5,1,82" ten="583,357,110,0" oya="0" hai0="94,64,110,134,52,112,85,117,83,90,51,84,48" hai1="127,130,115,116,41,87,55,73,65,40,121,103,56" hai2="53,109,86,79,37,0,108,132,105,77,50,58,43" hai3=""/><T74/><D117/><U104/><N who="1" m="31008" /><U106/><E116/><V118/><F118/><T70/><D112/><U120/><N who="1" m="30752" /><U91/><E73/><V129/><F0/><T45/><D134/><U135/><E135/><V107/><F132/><T61/><D110/><U72/><E72/><V62/><F129/><T99/><D74/><U111/><E111/><V97/><F37/><T60/><D83/><U89/><E130/><V33/><F33/><T49/><D60/><U63/><E115/><V44/><F79/><T1/><D1/><U75/><E75/><V114/><F114/><T133/><D133/><U101/><E127/><V102/><F107/><T123/><N who="0" m="31520" /><T78/><D78/><U131/><E131/><V81/><AGARI ba="3,0" hai="43,44,50,53,58,62,77,81,86,97,102,105,108,109" machi="81" ten="30,1500,0" yaku="0,1,52,1" doraHai="82" who="2" fromWho="2" sc="583,-13,357,-8,110,21,0,0" /><INIT seed="5,0,0,5,3,77" ten="570,349,131,0" oya="1" hai0="120,104,133,70,134,127,83,54,126,89,37,92,110" hai1="108,114,132,39,93,90,129,99,128,47,107,52,41" hai2="94,75,123,38,81,105,73,96,91,34,86,68,58" hai3=""/><U51/><E108/><V84/><N who="2" m="31520" /><V72/><F34/><T55/><N who="0" m="30752" /><T44/><D104/><U103/><E132/><N who="0" m="50793" /><D70/><U35/><E114/><V109/><F68/><T2/><D2/><U87/><REACH who="1" step="1"/><E35/><REACH who="1" ten="570,339,131,0" step="2"/><V69/><F109/><T67/><D110/><U102/><E102/><V98/><F69/><T56/><D126/><U60/><E60/><V53/><F38/><T0/><D127/><U100/><E100/><V49/><REACH who="2" step="1"/><F105/><REACH who="2" ten="570,339,121,0" step="2"/><T61/><D0/><U117/><E117/><V135/><F135/><T63/><D63/><U74/><E74/><V115/><F115/><T46/><D37/><U130/><E130/><V40/><F40/><T66/><D61/><U42/><E42/><V45/><F45/><AGARI ba="0,2" hai="39,41,45,47,51,52,87,90,93,99,103,107,128,129" machi="45" ten="40,3900,0" yaku="1,1,54,1,53,0" doraHai="77" doraHaiUra="119" who="1" fromWho="2" sc="570,0,339,59,121,-39,0,0" /><INIT seed="5,1,0,2,4,99" ten="570,398,82,0" oya="1" hai0="75,70,81,65,106,88,80,46,78,49,90,1,133" hai1="109,111,76,60,42,126,51,103,107,73,85,50,121" hai2="132,112,39,108,45,93,68,87,123,54,34,52,117" hai3=""/><U105/><N who="1" m="31008" /><U92/><E126/><V89/><N who="2" m="31520" /><V62/><F34/><T84/><D1/><U110/><E60/><V47/><F108/><T119/><D106/><U102/><E73/><V72/><F117/><T129/><D119/><U101/><E42/><V38/><F72/><T43/><D129/><U113/><E113/><V58/><F132/><T74/><D133/><U124/><E124/><V61/><F112/><T0/><D0/><U116/><E116/><V96/><F68/><T32/><D32/><U69/><E69/><V67/><F39/><T94/><D75/><U122/><N who="1" m="31264" /><U56/><E56/><V95/><F38/><T53/><D65/><U83/><E92/><V41/><F41/><T130/><D130/><U98/><E98/><V55/><REACH who="2" step="1"/><F62/><REACH who="2" ten="570,398,72,0" step="2"/><T128/><D128/><U127/><REACH who="1" step="1"/><E127/><REACH who="1" ten="570,388,72,0" step="2"/><V66/><F66/><T36/><D70/><U79/><E79/><V134/><F134/><T82/><D36/><U63/><E63/><V115/><F115/><T114/><D114/><U64/><E64/><V125/><F125/><T2/><D2/><U35/><E35/><V131/><F131/><T86/><D43/><U100/><N who="1" m="25600" /><DORA hai="48" /><U118/><E118/><V97/><F97/><T44/><D78/><RYUUKYOKU ba="1,2" sc="570,-20,388,10,72,10,0,0" hai1="50,51,76,83,85,105,107,109,110,111" hai2="45,47,52,54,55,58,61,67,87,89,93,95,96" /><INIT seed="5,2,2,4,0,76" ten="550,398,82,0" oya="1" hai0="135,130,3,53,110,64,112,118,105,52,49,128,86" hai1="120,98,85,101,131,43,94,132,82,125,56,62,60" hai2="35,65,104,97,66,75,32,122,84,83,126,108,39" hai3=""/><U55/><N who="1" m="30752" /><U127/><E131/><N who="0" m="50217" /><D110/><U63/><E132/><V134/><N who="2" m="31264" /><V79/><F108/><T129/><D129/><U68/><E43/><V37/><F134/><T67/><D135/><U74/><E74/><V33/><F126/><N who="1" m="48137" /><E68/><V69/><F84/><T102/><D112/><U51/><E51/><V90/><F90/><AGARI ba="2,2" hai="55,56,60,62,63,82,85,90,94,98,101" m="48137,30752" machi="90" ten="30,5800,0" yaku="18,1,52,2" doraHai="76" who="1" fromWho="2" sc="550,0,398,82,82,-62,0,0" /><INIT seed="5,3,0,4,0,132" ten="550,480,20,0" oya="1" hai0="118,59,50,56,33,131,91,55,90,78,77,48,46" hai1="121,110,133,39,41,0,44,32,95,70,60,102,38" hai2="134,81,92,82,114,86,128,127,49,96,123,84,124" hai3=""/><U87/><N who="1" m="31008" /><U100/><E32/><V73/><N who="2" m="31520" /><V2/><F2/><T42/><D33/><U112/><E0/><V122/><N who="2" m="31264" /><V76/><F134/><T65/><D131/><U51/><E133/><V62/><F128/><T108/><D108/><U125/><E110/><V37/><F37/><T64/><D118/><U116/><E116/><V75/><F62/><T45/><REACH who="0" step="1"/><D55/><REACH who="0" ten="540,480,20,0" step="2"/><U109/><E109/><V83/><F114/><T88/><D88/><U61/><E112/><V1/><F1/><T126/><D126/><N who="2" m="48170" /><F49/><T79/><D79/><U66/><E125/><V52/><F52/><T103/><D103/><U94/><E39/><V34/><F34/><T68/><D68/><U58/><E38/><V115/><F115/><T43/><AGARI ba="3,1" hai="42,43,45,46,48,50,56,59,64,65,77,78,90,91" machi="43" ten="25,6000,1" yaku="1,1,0,1,22,2,8,1,53,0" doraHai="132" doraHaiUra="117" who="0" fromWho="0" sc="540,76,480,-43,20,-23,0,0" owari="616,56.0,437,4.0,-3,-60.0,0,0.0" /></mjloggm>