<mjloggm ver="2.3"><GO type="185" lobby="0"/><UN n0="%54%61%6B%61%52%6F%6E" n1="%E3%83%A6%E3%83%B3%E3%82%B0%E3%83%99%E3%83%AA" n2="%E3%83%86%E3%82%A4%E3%83%A9%E3%83%BC%E3%83%92%E3%83%AB" n3="" dan="17,16,16,0" rate="2225.45,2139.55,2184.21,1500.00" sx="M,M,F,C"/><TAIKYOKU oya="0"/><INIT seed="0,0,0,0,3,93" ten="350,350,350,0" oya="0" hai0="56,0,125,57,40,34,82,73,69,72,128,37,36" hai1="85,44,109,55,64,127,51,95,105,80,41,106,68" hai2="112,48,50,97,118,76,1,92,62,83,123,114,113" hai3=""/><T53/><D0/><U104/><E127/><V91/><N who="2" m="31520" /><V59/><F1/><T133/><D34/><U131/><E131/><V49/><F118/><T124/><D69/><U94/><E109/><V134/><F134/><T111/><D128/><U38/><E64/><V96/><F91/><T121/><N who="0" m="31008" /><T60/><D133/><U126/><E126/><N who="0" m="48745" /><D40/><U89/><REACH who="1" step="1"/><E68/><REACH who="1" ten="350,340,350,0" step="2"/><V66/><REACH who="2" step="1"/><F92/><REACH who="2" ten="350,340,340,0" step="2"/><T120/><N who="0" m="30752" /><T99/><D111/><U52/><E52/><V46/><F46/><AGARI ba="0,2" hai="38,41,44,46,51,55,80,85,89,94,95,104,105,106" machi="46" ten="40,5200,0" yaku="1,1,53,2" doraHai="93" doraHaiUra="42" who="1" fromWho="2" sc="350,0,340,72,340,-52,0,0" /><INIT seed="1,0,0,2,0,103" ten="350,412,288,0" oya="1" hai0="45,75,109,135,36,97,38,123,85,34,110,133,58" hai1="132,102,79,72,115,77,128,108,49,50,93,98,82" hai2="89,76,87,100,131,55,64,84,81,65,96,48,126" hai3=""/><U86/><E115/><V35/><F35/><T74/><N who="0" m="31520" /><T120/><N who="0" m="30752" /><T32/><D85/><U129/><E132/><V92/><F126/><T1/><D58/><U52/><E50/><V0/><F131/><N who="1" m="50249" /><E108/><V59/><REACH who="2" step="1"/><F0/><REACH who="2" ten="350,412,278,0" step="2"/><T68/><D1/><U107/><E72/><V112/><F112/><T57/><D75/><U44/><E79/><V122/><N who="2" m="31264" /><V42/><F42/><T134/><D74/><U43/><E43/><V70/><F70/><T39/><D68/><U41/><E41/><V105/><AGARI ba="0,1" hai="48,55,59,64,65,76,81,84,87,89,92,96,100,105" m="31264" machi="105" ten="20,6000,1" yaku="1,1,0,1,7,1,52,2,53,0" doraHai="103" doraHaiUra="2" who="2" fromWho="2" sc="350,-20,412,-40,278,70,0,0" /><INIT seed="2,0,0,1,3,84" ten="330,372,348,0" oya="2" hai0="40,125,48,97,90,64,124,86,87,38,91,120,126" hai1="96,101,134,94,100,2,66,36,85,78,1,114,88" hai2="46,49,61,82,116,67,109,118,69,39,80,99,50" hai3=""/><V107/><F39/><T98/><N who="0" m="30752" /><T72/><D72/><U108/><E114/><V65/><F109/><T111/><D38/><U45/><E134/><V93/><F107/><T63/><D111/><U83/><E108/><V59/><F80/><T43/><D64/><U122/><N who="1" m="31264" /><U75/><E66/><V73/><F82/><T3/><D63/><U104/><E101/><V54/><F73/><T77/><D77/><U129/><E129/><V106/><F106/><T102/><D3/><U62/><E62/><V113/><F113/><T121/><N who="0" m="31008" /><T133/><D133/><U95/><E95/><V103/><F67/><T47/><D40/><AGARI ba="0,0" hai="1,2,36,40,45,75,78,83,85,88,94,96,100,104" m="31264" machi="40" ten="40,8000,1" yaku="24,2,52,2,54,1" doraHai="84" who="1" fromWho="0" sc="330,-80,372,80,348,0,0,0" /><AGARI ba="0,0" hai="40,46,49,50,54,59,61,65,69,93,99,103,116,118" machi="40" ten="30,1500,0" yaku="7,1" doraHai="84" who="2" fromWho="0" sc="250,-15,452,0,348,15,0,0" /><INIT seed="2,1,0,1,3,88" ten="235,452,363,0" oya="2" hai0="134,91,57,65,76,54,90,111,121,66,81,1,75" hai1="3,37,67,105,89,103,108,132,99,42,128,84,96" hai2="92,50,127,135,60,115,71,87,85,80,126,33,55" hai3=""/><V53/><F33/><T107/><N who="0" m="31008" /><T83/><D1/><U118/><E3/><V123/><N who="2" m="31520" /><V56/><F115/><T32/><D32/><U129/><E118/><V35/><F35/><T70/><D107/><U0/><E0/><V44/><F135/><T119/><D119/><U38/><E132/><V74/><F71/><T133/><D133/><U34/><E34/><V95/><F74/><T58/><D58/><U40/><E108/><V62/><F62/><T49/><D111/><U130/><E67/><V106/><F106/><T52/><D54/><U86/><E99/><V124/><F85/><N who="1" m="32873" /><E89/><AGARI ba="1,0" hai="44,50,53,55,56,60,80,87,89,92,95,124,126,127" m="31520" machi="89" ten="40,12000,1" yaku="18,1,52,3" doraHai="88" who="2" fromWho="1" sc="235,0,452,-122,363,122,0,0" /><INIT seed="2,2,0,4,2,116" ten="235,330,485,0" oya="2" hai0="103,88,118,113,121,37,101,92,90,97,122,68,129" hai1="83,62,99,76,58,94,110,34,107,117,73,120,74" hai2="3,132,51,41,86,123,67,100,1,46,127,65,39" hai3=""/><V50/><N who="2" m="31520" /><V78/><F132/><T56/><N who="0" m="31008" /><T93/><N who="0" m="31264" /><T124/><D68/><U0/><N who="1" m="30752" /><U40/><E0/><V104/><F127/><T79/><D118/><U84/><E34/><V82/><F50/><T89/><D37/><U111/><E117/><V87/><F100/><T38/><D38/><U77/><E40/><V102/><F102/><T108/><D113/><U43/><E43/><V60/><F104/><T66/><D124/><U44/><E44/><V47/><F86/><T59/><D108/><N who="1" m="41515" /><E76/><V85/><F85/><T54/><D129/><U48/><E48/><V128/><F67/><T52/><D66/><U75/><E107/><V135/><F135/><T42/><D79/><U98/><E94/><N who="0" m="36457" /><D42/><U114/><E114/><V2/><F128/><T69/><D69/><U130/><E130/><V55/><F1/><T115/><D115/><U57/><E57/><AGARI ba="2,0" hai="2,3,39,41,46,47,51,55,57,60,65,78,82,87" m="31520" machi="57" ten="30,5800,0" yaku="7,1,52,2" doraHai="116" who="2" fromWho="1" sc="235,0,330,-62,485,62,0,0" /><INIT seed="2,3,0,5,0,95" ten="235,268,547,0" oya="2" hai0="84,107,40,39,50,85,47,115,82,81,49,48,80" hai1="96,83,0,88,100,135,76,66,1,70,92,45,98" hai2="3,38,105,118,104,91,114,119,54,123,63,32,108" hai3=""/><V113/><N who="2" m="31520" /><V94/><F3/><T109/><D109/><U42/><E135/><V129/><F38/><T134/><D134/><U36/><E66/><V77/><F54/><T131/><D131/><U35/><E70/><V106/><F63/><T116/><D116/><N who="2" m="44586" /><F32/><T62/><D107/><U71/><E71/><V33/><F33/><T78/><D115/><U102/><E35/><V41/><F41/><T60/><REACH who="0" step="1"/><D82/><REACH who="0" ten="225,268,547,0" step="2"/><U127/><E127/><V53/><F108/><T86/><D86/><U120/><N who="1" m="30752" /><U79/><E0/><V87/><F129/><T122/><N who="0" m="31264" /><T2/><D2/><U52/><E1/><V103/><F113/><T57/><D57/><U69/><E69/><V121/><N who="2" m="31008" /><V51/><F114/><T117/><D117/><U65/><E83/><V43/><F104/><T74/><D74/><U99/><E65/><V124/><F105/><T58/><D58/><U111/><E111/><V93/><F106/><T61/><D61/><U59/><E102/><V125/><F103/><T90/><AGARI ba="3,1" hai="39,40,47,48,49,50,60,62,78,80,81,84,85,90" m="31264" machi="90" ten="30,3000,0" yaku="1,1,0,1,52,1,53,0" doraHai="95" doraHaiUra="64" who="0" fromWho="0" sc="225,46,268,-13,547,-23,0,0" /><INIT seed="4,0,0,3,5,69" ten="271,255,524,0" oya="0" hai0="94,40,124,57,64,71,44,107,60,92,45,84,78" hai1="114,66,106,95,121,72,59,128,113,129,85,99,120" hai2="67,100,118,87,75,97,135,65,105,76,1,81,53" hai3=""/><T130/><D107/><U2/><N who="1" m="30752" /><U58/><N who="1" m="31008" /><U77/><E2/><V126/><F1/><T56/><D130/><N who="1" m="50283" /><E72/><V50/><F118/><T125/><D44/><U54/><E59/><V63/><F126/><N who="0" m="48746" /><D78/><U111/><E66/><V34/><F135/><T36/><D84/><U0/><E0/><V83/><F63/><T123/><N who="0" m="31520" /><T46/><D46/><U3/><E3/><V98/><F98/><T101/><D101/><U91/><E111/><V117/><F34/><T48/><D57/><U119/><E119/><V96/><F96/><T38/><D56/><U70/><E70/><V132/><F132/><T80/><D80/><U42/><E42/><V90/><F117/><T88/><D88/><U43/><E43/><V133/><F133/><T104/><D104/><U39/><E77/><V116/><F116/><T32/><D32/><U102/><E39/><AGARI ba="0,0" hai="36,38,39,40,45,48,60,64,71,92,94" m="31520,48746" machi="39" ten="30,12000,1" yaku="18,1,52,4" doraHai="69" who="0" fromWho="1" sc="271,120,255,-120,524,0,0,0" /><INIT seed="4,1,0,5,2,63" ten="391,135,524,0" oya="0" hai0="33,117,66,48,102,97,92,126,94,120,61,34,125" hai1="119,109,95,59,89,74,37,91,85,128,42,121,38" hai2="3,110,87,53,41,55,56,35,100,65,36,1,93" hai3=""/><T124/><N who="0" m="30752" /><T76/><D117/><U96/><N who="1" m="31008" /><U77/><E119/><V67/><F35/><N who="0" m="13322" /><D76/><U106/><E109/><V51/><F110/><T114/><D114/><U82/><E128/><V60/><F41/><T62/><D48/><U32/><E32/><V58/><F36/><T118/><D118/><U84/><E42/><V130/><F130/><T113/><D113/><U57/><E38/><V129/><F129/><T69/><D61/><U122/><N who="1" m="31264" /><U112/><E37/><V45/><F45/><T103/><D103/><U79/><E112/><V105/><F100/><T101/><D101/><U39/><E39/><V73/><F51/><T104/><AGARI ba="1,0" hai="62,66,69,92,94,97,102,104,124,125,126" m="13322,30752" machi="104" ten="40,5200,0" yaku="18,1,52,2" doraHai="63" who="0" fromWho="0" sc="391,54,135,-27,524,-27,0,0" /><INIT seed="4,2,0,1,0,126" ten="445,108,497,0" oya="0" hai0="32,84,130,98,51,105,125,76,79,135,46,86,122" hai1="33,66,119,68,3,73,59,134,113,118,133,38,63" hai2="110,83,61,52,43,57,37,117,120,87,54,91,121" hai3=""/><T0/><N who="0" m="31264" /><T45/><D0/><U96/><E96/><V35/><N who="2" m="30752" /><V78/><N who="2" m="31008" /><V114/><F35/><T80/><D32/><U100/><E100/><V124/><F110/><T74/><D125/><U101/><E101/><V131/><F124/><T82/><D135/><U44/><E59/><V40/><F117/><T67/><D67/><U85/><E85/><V47/><F131/><T65/><D130/><U107/><E44/><V128/><F128/><T71/><D74/><U1/><E63/><V62/><F43/><T34/><D34/><U95/><E95/><V127/><F127/><T111/><D111/><U42/><E66/><V132/><F132/><T69/><D65/><U116/><E42/><V41/><F41/><T49/><D105/><U64/><E64/><V72/><F114/><T39/><D98/><U97/><E97/><V104/><F104/><T89/><D89/><U108/><E3/><V94/><F54/><T60/><D39/><U48/><E118/><V53/><F53/><T81/><D81/><U109/><E116/><V88/><F91/><T99/><D99/><U129/><E109/><V50/><AGARI ba="2,0" hai="37,40,47,50,52,57,61,62,72,78,83,87,88,94" m="31008,30752" machi="50" ten="20,9000,2" yaku="0,1,7,1,52,2,54,2" doraHai="126" who="2" fromWho="2" sc="445,-62,108,-32,497,94,0,0" /><INIT seed="5,0,0,0,0,45" ten="383,76,591,0" oya="1" hai0="135,40,87,81,62,36,95,127,55,105,52,124,35" hai1="92,0,48,101,85,74,117,80,53,114,49,75,56" hai2="108,78,44,82,61,94,3,120,66,39,122,96,42" hai3=""/><U64/><E0/><V93/><F3/><T116/><D105/><U50/><E117/><V84/><F108/><T130/><D35/><U91/><E114/><V33/><F33/><T2/><D2/><U67/><E74/><V111/><F111/><T131/><D116/><U99/><E75/><V90/><F93/><T115/><D95/><U103/><E103/><V97/><F97/><T109/><D40/><U34/><E34/><V38/><F39/><T133/><D36/><U73/><E73/><V112/><F112/><T102/><D102/><U65/><AGARI ba="0,0" hai="48,49,50,53,56,64,65,67,80,85,91,92,99,101" machi="65" ten="30,8000,1" yaku="0,1,8,1,52,3" doraHai="45" who="1" fromWho="1" sc="383,-40,76,80,591,-40,0,0" /><INIT seed="5,1,0,2,1,121" ten="343,156,551,0" oya="1" hai0="109,133,101,39,74,119,42,69,92,118,67,56,89" hai1="129,78,58,117,132,124,61,99,49,68,125,112,37" hai2="35,120,60,86,45,84,106,91,116,123,40,81,76" hai3=""/><U128/><E117/><N who="0" m="44553" /><D101/><U65/><E78/><V82/><F35/><T97/><D74/><U33/><E33/><V63/><F116/><T107/><D107/><U52/><E99/><V54/><F106/><T48/><D69/><U103/><E103/><V135/><F135/><T111/><D133/><U102/><E102/><V36/><REACH who="2" step="1"/><F54/><REACH who="2" ten="343,156,541,0" step="2"/><T96/><D67/><U38/><E132/><V87/><F87/><T90/><D97/><U113/><E124/><V2/><F2/><T32/><D32/><U88/><E125/><V100/><F100/><T108/><D96/><U75/><E75/><V94/><F94/><T72/><D92/><U70/><E70/><V44/><F44/><T66/><D72/><U57/><E68/><V62/><AGARI ba="1,1" hai="36,40,45,60,62,63,76,81,82,84,86,91,120,123" machi="62" ten="30,1500,0" yaku="1,1,0,1,53,0" doraHai="121" doraHaiUra="53" who="2" fromWho="2" sc="343,-6,156,-11,541,27,0,0" /><INIT seed="6,0,0,4,0,97" ten="337,145,568,0" oya="2" hai0="80,115,86,122,51,93,74,106,88,107,43,98,114" hai1="110,123,109,92,120,68,113,57,78,101,56,60,85" hai2="75,67,65,96,45,35,50,134,130,62,83,1,72" hai3=""/><V82/><F50/><T48/><N who="0" m="31264" /><T125/><D51/><U0/><N who="1" m="30752" /><U64/><N who="1" m="31520" /><U46/><E0/><V42/><F83/><T61/><D61/><U117/><E117/><V2/><F82/><T121/><N who="0" m="31008" /><T73/><D48/><U87/><E113/><N who="0" m="43017" /><D43/><U32/><E32/><V38/><F96/><T128/><D128/><U66/><E92/><V118/><F130/><T131/><D131/><U116/><E116/><V59/><F35/><T133/><D133/><U53/><E60/><V41/><F134/><T52/><D52/><U79/><E53/><V44/><F62/><T84/><D84/><U58/><E58/><V81/><F59/><T119/><D119/><U127/><E127/><V108/><F118/><T76/><D125/><U102/><REACH who="1" step="1"/><E68/><REACH who="1" ten="337,135,568,0" step="2"/><V135/><F1/><T99/><D107/><U124/><E124/><V77/><F2/><T3/><D3/><U90/><E90/><V94/><F42/><T71/><D71/><U112/><E112/><V36/><F41/><T111/><D106/><U37/><E37/><V126/><F36/><T55/><D55/><U104/><E104/><V70/><F38/><T69/><D69/><U95/><E95/><V103/><F70/><T91/><D93/><RYUUKYOKU ba="0,1" sc="337,-10,135,20,568,-10,0,0" hai1="46,56,57,64,66,78,79,85,87,101,102,109,110" owari="327,-7.0,155,-44.0,568,51.0,0,0.0" /></mjloggm>