<mjloggm ver="2.3"><GO type="169" lobby="0"/><UN n0="%E9%B4%A8%E8%91%B1%E5%A4%AA%E9%83%8E" n1="%E3%82%A2%E3%83%A1%E3%83%B3%E3%83%9D%E3%81%A6%E3%81%B5" n2="%E3%81%84%E3%81%84%E3%81%9E" n3="%E3%82%AA%E3%82%AA%E3%82%AB%E3%83%9F%E5%85%88%E7%94%9F" dan="17,17,16,16" rate="2165.74,2174.01,2145.51,2109.58" sx="M,M,M,F"/><TAIKYOKU oya="0"/><INIT seed="0,0,0,0,4,54" ten="250,250,250,250" oya="0" hai0="132,10,70,115,135,56,58,5,64,3,100,73,7" hai1="98,109,44,101,29,52,94,31,48,47,49,78,42" hai2="118,112,15,85,18,63,127,24,119,23,12,107,14" hai3="27,97,87,102,60,82,2,90,79,80,71,133,88"/><T20/><D73/><U96/><E109/><V46/><F112/><W21/><G2/><T43/><D115/><U72/><E72/><V35/><F107/><W122/><G133/><N who="0" m="51275" /><D43/><U114/><E78/><V93/><F46/><W130/><G130/><T106/><D7/><U38/><E114/><V76/><F63/><W86/><G122/><T62/><D20/><U125/><E125/><V66/><F66/><W61/><G71/><T53/><D53/><U59/><E96/><AGARI ba="0,0" hai="3,5,10,56,58,62,64,70,96,100,106" m="51275" machi="96" ten="30,5800,0" yaku="20,1,52,2" doraHai="54" who="0" fromWho="1" sc="250,58,250,-58,250,0,250,0" /><INIT seed="0,1,0,4,3,30" ten="308,192,250,250" oya="0" hai0="0,119,98,124,56,114,51,10,80,23,49,48,78" hai1="102,89,120,42,99,70,11,58,72,16,31,75,6" hai2="29,22,38,103,69,21,61,108,40,14,73,3,117" hai3="20,130,79,77,39,53,1,111,127,129,135,113,116"/><T47/><D119/><U97/><E120/><V34/><F14/><W118/><G20/><T125/><D114/><U122/><E122/><V134/><F117/><W121/><G53/><T45/><D98/><U52/><E70/><V63/><F3/><W128/><G128/><T85/><D56/><U43/><E72/><V7/><F7/><W126/><G77/><T90/><D78/><U96/><E75/><V133/><F73/><W36/><G79/><T24/><D10/><U132/><E132/><N who="2" m="50795" /><F103/><W91/><G91/><T131/><D0/><U109/><E109/><V19/><F19/><W5/><G36/><T106/><D106/><U95/><E31/><V55/><F108/><W68/><G5/><T101/><D101/><U123/><E123/><V81/><F81/><W92/><G92/><T71/><D71/><U107/><E97/><V110/><F110/><W17/><G17/><N who="0" m="12399" /><D131/><U84/><E99/><V26/><F69/><W27/><G27/><T76/><D76/><U32/><E6/><V112/><F112/><W88/><G118/><T87/><D85/><U115/><E115/><V66/><F63/><W64/><G129/><T25/><D25/><U82/><E107/><V105/><F105/><W4/><G4/><T35/><D80/><U44/><E44/><N who="2" m="23575" /><F66/><W62/><G64/><T83/><D83/><U15/><REACH who="1" step="1"/><E32/><REACH who="1" ten="308,182,250,250" step="2"/><V100/><F100/><W41/><G130/><T93/><D35/><U67/><E67/><V50/><F34/><W65/><G135/><T86/><D86/><U28/><E28/><V60/><F22/><W59/><G121/><T13/><D87/><RYUUKYOKU ba="1,1" sc="308,-15,182,15,250,15,250,-15" hai1="11,15,16,42,43,52,58,82,84,89,95,96,102" hai2="21,26,29,50,55,60,61" /><INIT seed="1,2,1,5,0,89" ten="293,197,265,235" oya="1" hai0="86,25,65,84,26,102,110,4,14,129,125,61,122" hai1="130,101,104,66,56,10,54,106,113,133,6,18,41" hai2="112,87,50,27,96,134,28,126,12,43,132,24,71" hai3="69,79,7,53,8,33,37,85,91,72,36,46,2"/><U118/><E118/><V92/><F126/><W98/><G33/><T17/><D125/><U35/><E113/><V124/><F124/><W13/><G69/><T97/><D4/><U120/><E120/><V75/><F75/><W49/><G2/><T93/><D122/><U60/><E35/><V111/><F71/><W16/><G72/><T51/><D129/><U62/><E130/><V76/><F112/><W135/><G135/><N who="2" m="51753" /><F12/><W123/><G123/><T9/><D51/><U52/><E133/><V116/><F111/><W22/><G98/><T90/><D86/><U94/><E41/><V19/><F19/><W115/><G79/><T88/><D90/><U131/><E18/><V108/><F108/><W82/><REACH who="3" step="1"/><G115/><REACH who="3" ten="293,197,265,225" step="2"/><T48/><D110/><U31/><E131/><V21/><F96/><W11/><G11/><T20/><D9/><U59/><E10/><V103/><F76/><W3/><AGARI ba="2,2" hai="3,7,8,13,16,22,36,37,46,49,53,82,85,91" machi="3" ten="20,8000,1" yaku="1,1,0,1,7,1,54,1,53,1" doraHai="89" doraHaiUra="83" who="3" fromWho="3" sc="293,-22,197,-42,265,-22,225,106" /><INIT seed="2,0,0,4,1,47" ten="271,155,243,331" oya="2" hai0="131,7,114,127,117,43,64,80,42,111,6,38,56" hai1="66,8,73,109,37,96,60,23,130,33,106,11,74" hai2="116,128,21,135,14,77,30,81,61,115,92,63,91" hai3="129,13,40,15,55,34,133,10,68,90,84,112,19"/><V102/><F116/><W86/><G112/><T69/><D114/><U50/><E33/><V4/><F115/><W85/><G133/><T62/><D117/><U24/><E37/><V22/><F135/><W120/><G129/><T76/><D131/><U25/><E130/><V59/><F102/><W87/><G68/><T53/><D127/><U18/><E109/><V119/><F119/><W83/><G34/><T35/><D35/><U49/><E73/><V71/><F71/><W98/><G120/><T100/><D100/><U123/><E74/><V75/><F128/><W0/><G40/><T79/><D79/><U121/><E96/><V124/><F124/><W17/><G0/><T52/><D53/><U3/><E25/><V65/><F63/><W108/><G108/><T134/><D134/><U125/><E106/><V93/><F92/><N who="3" m="56599" /><G55/><T2/><D111/><U27/><E27/><V58/><F58/><W132/><G132/><T70/><D70/><N who="1" m="42311" /><E125/><V1/><F1/><W54/><G54/><T41/><D2/><U94/><E94/><V45/><F30/><W9/><G87/><T104/><D104/><U5/><E8/><V20/><F45/><W105/><G105/><T95/><D95/><U36/><E36/><V126/><F126/><W57/><G57/><T28/><D28/><U88/><E88/><AGARI ba="0,0" hai="9,10,13,15,17,19,83,84,85,86,88" m="56599" machi="88" ten="30,2000,0" yaku="8,1,54,1" doraHai="47" who="3" fromWho="1" sc="271,0,155,-20,243,0,331,20" /><INIT seed="3,0,0,2,5,5" ten="271,135,243,351" oya="3" hai0="28,100,110,103,96,122,6,129,79,8,36,101,47" hai1="40,34,93,26,72,29,22,11,63,49,37,64,73" hai2="130,115,133,91,119,82,62,112,128,13,102,43,70" hai3="118,74,60,52,123,38,88,77,124,87,21,113,12"/><W75/><G113/><N who="2" m="43593" /><F43/><W85/><G123/><T51/><D122/><U127/><E37/><V67/><F13/><W98/><G118/><T18/><D36/><U17/><E127/><V46/><F46/><W56/><G124/><T90/><D28/><U117/><E117/><V86/><F119/><W4/><G38/><T41/><D79/><U121/><E121/><V69/><F102/><W132/><G132/><T120/><D120/><U25/><E40/><V108/><F133/><W68/><G68/><T135/><D135/><U31/><E49/><V94/><F108/><W95/><G75/><T24/><D110/><U20/><E34/><V76/><F94/><W114/><G114/><T53/><D41/><U23/><E93/><V44/><F44/><W106/><G106/><T71/><D71/><U107/><E107/><V15/><F15/><W111/><G111/><T81/><D96/><U3/><E23/><V10/><F10/><N who="3" m="4167" /><G74/><T45/><D81/><U125/><E125/><V78/><F70/><W2/><G2/><T83/><D83/><U65/><E3/><V42/><F42/><W80/><G21/><T126/><D126/><U30/><E73/><V104/><F104/><W99/><AGARI ba="0,0" hai="52,56,60,77,80,85,87,88,95,98,99" m="4167" machi="99" ten="30,11700,0" yaku="8,1,52,1,54,2" doraHai="5" who="3" fromWho="3" sc="271,-39,135,-39,243,-39,351,117" /><INIT seed="3,1,0,2,2,35" ten="232,96,204,468" oya="3" hai0="21,65,87,129,63,26,50,76,98,5,47,23,94" hai1="36,121,55,109,115,135,20,19,114,127,73,123,90" hai2="79,29,12,80,16,30,33,117,99,38,9,122,126" hai3="18,77,92,111,74,68,101,85,22,31,118,11,61"/><W57/><G118/><T62/><D129/><U91/><E36/><V14/><F122/><N who="1" m="46601" /><E55/><V106/><F117/><W44/><G68/><T133/><D133/><U67/><E67/><V52/><F38/><W75/><G44/><T107/><D107/><U37/><E37/><V104/><F126/><W28/><G75/><T2/><D65/><U34/><E73/><V130/><F130/><W112/><G112/><N who="1" m="43050" /><E90/><V116/><F116/><W48/><G48/><T43/><D76/><U95/><E91/><V108/><F108/><W51/><G111/><T3/><D87/><U53/><E53/><V56/><F33/><W45/><G74/><T49/><D94/><U4/><E95/><V25/><F25/><W54/><G101/><T13/><D98/><U39/><E39/><V120/><F120/><W96/><G96/><T32/><D50/><U59/><E59/><V46/><F46/><W97/><G97/><T41/><D41/><U81/><E81/><V100/><F106/><W70/><G70/><T42/><D42/><U69/><E69/><V40/><F40/><W6/><G77/><T88/><D88/><U1/><E109/><V134/><F80/><W82/><G82/><T72/><D72/><U102/><E102/><V89/><F79/><W66/><G92/><T8/><D62/><U131/><E131/><V64/><F89/><W103/><G103/><T0/><D63/><U86/><E135/><V132/><F134/><W124/><G85/><T110/><D110/><U113/><N who="1" m="43058" /><U7/><DORA hai="128" /><E127/><V105/><F132/><W84/><G124/><T10/><D10/><RYUUKYOKU ba="1,0" sc="232,30,96,-10,204,-10,468,-10" hai0="0,2,3,5,8,13,21,23,26,32,43,47,49" /><INIT seed="4,2,0,3,3,93" ten="262,86,194,458" oya="0" hai0="68,17,125,40,74,25,114,9,52,20,135,87,70" hai1="89,107,1,12,90,36,84,57,85,77,19,117,95" hai2="109,29,80,94,18,45,21,65,123,134,49,33,46" hai3="67,60,133,2,92,5,108,35,7,130,0,15,116"/><T75/><D125/><U129/><E117/><V83/><F123/><W81/><G35/><T6/><D40/><U66/><E1/><V119/><F109/><W98/><G108/><T115/><D135/><U61/><E36/><V41/><F134/><W14/><G130/><T43/><D43/><U124/><E124/><V30/><F119/><W88/><G133/><T39/><D39/><U86/><E129/><V64/><F46/><W62/><G2/><T31/><D87/><U111/><E107/><V54/><F41/><W42/><G0/><N who="0" m="199" /><D17/><U73/><E111/><V50/><F50/><W106/><G116/><T104/><D104/><U101/><E73/><N who="0" m="27657" /><D52/><U48/><E48/><V69/><F69/><W32/><G106/><T112/><AGARI ba="2,0" hai="20,25,31,68,70,112,114,115" m="27657,199" machi="112" ten="40,2100,0" yaku="15,1" doraHai="93" who="0" fromWho="0" sc="262,27,86,-9,194,-9,458,-9" /><INIT seed="4,3,0,2,1,92" ten="289,77,185,449" oya="0" hai0="85,47,40,68,80,41,78,119,131,133,65,59,26" hai1="14,106,94,9,128,8,49,42,29,22,51,61,129" hai2="110,71,28,82,17,7,89,100,95,77,91,124,111" hai3="103,18,12,24,60,32,120,130,53,98,48,69,116"/><T102/><D119/><U54/><E106/><V25/><F71/><W10/><G116/><T132/><D68/><U55/><E42/><V105/><F124/><W84/><G130/><T15/><D131/><U30/><E94/><V67/><F7/><W114/><G114/><T1/><D1/><U31/><E61/><V56/><F17/><W126/><G126/><T134/><D26/><U38/><E38/><V33/><F56/><W57/><G84/><T35/><D35/><U11/><E22/><V90/><F67/><W117/><G117/><T109/><D109/><U74/><E14/><V122/><F122/><W88/><G32/><T79/><D79/><U19/><E19/><V62/><F62/><W73/><G73/><T23/><D102/><U113/><E74/><V34/><F34/><W76/><G76/><T70/><D70/><U13/><E13/><V108/><F105/><W46/><G69/><T112/><D112/><U83/><E113/><V43/><F43/><W96/><G103/><T66/><D59/><U39/><E39/><V63/><F63/><W81/><G24/><T44/><D23/><U4/><E4/><V58/><F58/><W115/><G120/><T16/><D41/><U52/><REACH who="1" step="1"/><E83/><REACH who="1" ten="289,67,185,449" step="2"/><V99/><REACH who="2" step="1"/><F108/><REACH who="2" ten="289,67,175,449" step="2"/><W27/><G115/><T107/><D107/><U50/><AGARI ba="3,2" hai="8,9,11,29,30,31,49,50,51,52,54,55,128,129" machi="50" ten="40,32000,5" yakuman="40" doraHai="92" doraHaiUra="101" who="1" fromWho="1" sc="289,-163,67,349,175,-83,449,-83" /><INIT seed="5,0,0,1,4,130" ten="126,416,92,366" oya="1" hai0="46,41,71,1,45,116,63,58,86,135,19,101,124" hai1="129,22,99,59,98,54,121,112,5,94,23,131,9" hai2="3,109,8,13,88,72,25,123,85,21,73,82,128" hai3="56,34,80,97,17,52,132,4,67,76,77,26,107"/><U118/><E121/><V70/><F123/><W37/><G37/><T125/><D1/><U35/><E118/><V32/><F109/><W84/><G4/><T96/><D71/><U49/><E35/><V115/><F128/><N who="1" m="49225" /><E112/><V64/><F115/><W126/><G126/><T105/><D116/><U28/><E28/><V30/><F64/><W81/><G67/><T44/><D41/><U93/><E94/><V119/><F70/><W104/><G97/><N who="1" m="36874" /><E93/><V53/><F119/><W43/><G43/><T2/><D2/><AGARI ba="0,0" hai="2,5,9,22,23,49,54,59" m="36874,49225" machi="2" ten="30,1500,0" yaku="19,1" doraHai="130" who="1" fromWho="0" sc="126,-15,416,15,92,0,366,0" /><INIT seed="5,1,0,5,0,43" ten="111,431,92,366" oya="1" hai0="106,8,88,86,113,108,64,19,34,65,134,126,28" hai1="76,26,59,121,102,117,128,69,98,62,31,63,92" hai2="95,45,52,96,71,11,49,53,12,27,85,90,93" hai3="127,6,3,25,4,13,118,17,61,112,22,46,68"/><U23/><E121/><V60/><F27/><W122/><G122/><T39/><D39/><U73/><E117/><V120/><F120/><W116/><G68/><T99/><D108/><U82/><E128/><V80/><F71/><W83/><G61/><T38/><D38/><U110/><E110/><V74/><F74/><W2/><G83/><T132/><D126/><U54/><E69/><V79/><F95/><W58/><G58/><T70/><D28/><U51/><AGARI ba="1,0" hai="23,26,31,51,54,59,62,63,73,76,82,92,98,102" machi="51" ten="20,2100,0" yaku="0,1,7,1" doraHai="43" who="1" fromWho="1" sc="111,-8,431,24,92,-8,366,-8" /><INIT seed="5,2,0,4,4,62" ten="103,455,84,358" oya="1" hai0="14,105,49,58,31,13,23,10,90,75,74,99,61" hai1="85,72,118,4,24,86,102,70,33,93,122,17,43" hai2="97,131,79,111,45,67,108,50,81,73,56,89,133" hai3="100,42,115,123,59,47,38,37,88,25,83,66,39"/><U129/><E122/><V124/><F133/><W130/><G123/><T135/><D135/><U113/><E118/><V22/><F131/><W64/><G130/><T84/><D49/><U101/><E129/><V134/><F134/><W121/><G121/><T28/><D99/><U112/><E72/><V46/><F124/><W9/><G100/><N who="1" m="38506" /><E70/><V120/><F120/><W3/><G59/><T40/><D40/><U65/><E43/><V1/><F1/><W52/><G52/><N who="0" m="33991" /><D105/><U11/><E17/><V55/><F22/><W98/><G25/><T15/><D75/><U27/><E33/><V19/><F19/><W107/><G107/><T41/><D74/><U132/><E65/><V104/><F104/><W63/><G63/><T127/><D41/><U125/><E125/><V71/><F111/><W78/><G78/><T5/><D127/><U36/><E36/><V69/><F108/><W87/><G98/><T57/><D57/><U21/><E132/><V16/><F71/><W6/><REACH who="3" step="1"/><G115/><REACH who="3" ten="103,455,84,348" step="2"/><T53/><D53/><U44/><E113/><V110/><F110/><W2/><G2/><T96/><D96/><U95/><E112/><V30/><F69/><W80/><G80/><N who="0" m="49415" /><D31/><N who="1" m="17807" /><E44/><V92/><F30/><W128/><G128/><T51/><D28/><U94/><E27/><V117/><F117/><W35/><G35/><T18/><D14/><AGARI ba="2,1" hai="4,11,14,85,86,93,94,95" m="17807,38506" machi="14" ten="30,1500,0" yaku="8,1" doraHai="62" who="1" fromWho="0" sc="103,-21,455,31,84,0,348,0" /><INIT seed="5,3,0,1,3,86" ten="82,486,84,348" oya="1" hai0="129,94,8,55,134,10,9,107,88,7,78,59,6" hai1="122,114,72,43,131,115,82,3,24,80,95,50,127" hai2="13,12,126,125,71,42,104,23,93,40,19,124,130" hai3="1,39,123,44,119,49,89,5,34,87,76,109,100"/><U35/><E122/><V4/><F104/><W61/><G123/><T67/><D107/><U85/><E3/><V48/><F71/><W90/><G109/><T18/><D78/><N who="1" m="44103" /><E95/><V26/><F130/><W46/><G119/><T0/><D129/><U91/><E131/><V52/><F93/><W68/><G100/><T121/><D121/><U21/><E35/><V73/><F73/><W22/><G34/><T70/><D134/><U120/><E50/><V66/><F66/><W58/><G1/><T84/><D70/><U101/><E43/><N who="2" m="16427" /><F4/><N who="0" m="1578" /><D0/><U20/><E101/><V2/><F2/><W128/><G128/><T37/><D37/><U108/><E120/><V103/><F103/><W29/><G5/><T64/><D18/><U51/><E51/><AGARI ba="3,0" hai="8,9,10,51,55,59,64,67,84,88,94" m="1578" machi="51" ten="30,3900,0" yaku="8,1,52,1,54,1" doraHai="86" who="0" fromWho="1" sc="82,48,486,-48,84,0,348,0" /><INIT seed="6,0,0,0,0,96" ten="130,438,84,348" oya="2" hai0="6,62,91,12,88,110,115,121,34,26,36,118,78" hai1="45,86,39,64,128,73,5,48,85,119,22,14,84" hai2="134,15,54,9,130,70,132,81,27,56,99,63,1" hai3="17,133,31,58,107,67,24,113,60,83,11,127,65"/><V49/><F130/><W44/><G107/><T111/><D36/><U92/><E119/><V102/><F1/><W13/><G127/><T51/><D118/><U95/><E128/><V23/><F81/><W101/><G133/><N who="2" m="51305" /><F70/><W71/><G113/><T50/><D78/><U7/><E73/><V123/><F123/><W4/><G83/><T103/><D115/><U77/><E39/><V57/><F15/><W126/><G126/><T52/><D121/><U59/><E77/><V42/><F9/><W66/><G71/><T80/><D80/><U38/><E38/><V97/><F42/><W18/><G44/><T68/><D68/><U117/><E117/><V33/><F33/><W87/><G87/><T41/><D41/><U55/><E22/><V109/><F109/><W37/><G37/><T82/><D82/><U116/><E116/><V98/><F57/><W90/><G90/><T0/><D34/><U32/><E32/><V28/><F63/><W53/><G31/><T19/><D62/><N who="1" m="37983" /><E14/><V94/><AGARI ba="0,0" hai="23,27,28,49,54,56,94,97,98,99,102" m="51305" machi="94" ten="30,3000,0" yaku="20,1,52,1" doraHai="96" who="2" fromWho="2" sc="130,-10,438,-10,84,30,348,-10" /><INIT seed="6,1,0,4,4,70" ten="120,428,114,338" oya="2" hai0="85,118,41,30,61,36,81,63,88,109,67,2,68" hai1="60,55,112,74,83,64,37,54,52,116,110,39,1" hai2="35,17,131,111,8,128,15,134,58,107,78,101,106" hai3="14,98,72,53,26,22,121,130,34,93,75,105,97"/><V115/><F115/><W103/><G121/><T90/><D109/><U0/><E110/><V50/><F111/><W132/><G132/><T18/><D2/><U62/><E116/><V23/><F134/><W5/><G130/><N who="2" m="49705" /><F35/><W119/><G119/><T43/><D30/><U108/><E108/><V31/><F78/><W44/><G34/><T10/><D118/><U129/><E83/><V12/><F101/><W96/><G96/><T57/><D36/><N who="1" m="13899" /><E74/><V99/><F99/><W7/><G14/><T100/><D100/><U89/><E89/><V123/><F123/><W28/><G75/><T71/><D90/><U56/><E129/><V124/><F124/><W127/><G127/><T21/><D10/><U46/><E1/><V6/><F31/><W104/><G72/><T66/><D57/><N who="1" m="36879" /><E0/><V79/><F79/><W133/><G133/><T69/><D71/><U59/><E112/><V24/><F15/><AGARI ba="1,0" hai="15,18,21,41,43,61,63,66,67,68,69,81,85,88" machi="15" ten="30,3900,0" yaku="7,1,9,1,54,1" doraHai="70" who="0" fromWho="2" sc="120,42,428,0,114,-42,338,0" /><INIT seed="7,0,0,0,3,84" ten="162,428,72,338" oya="3" hai0="96,134,71,99,13,1,104,28,92,30,4,50,82" hai1="57,80,18,0,17,6,114,62,10,76,86,7,135" hai2="24,32,46,124,12,8,100,33,34,11,112,23,131" hai3="102,63,129,38,36,48,94,9,64,118,103,123,66"/><W52/><G118/><T26/><D71/><U54/><E114/><V83/><F100/><N who="3" m="38443" /><G123/><T74/><D1/><U40/><E135/><V16/><F112/><W44/><G129/><T132/><D99/><U42/><E6/><V101/><F101/><W39/><G9/><T5/><D104/><U78/><E78/><V72/><F131/><W25/><G25/><T55/><D82/><U107/><E107/><V35/><F124/><W21/><G21/><T130/><D74/><U27/><E27/><V20/><F46/><W3/><G3/><T119/><D119/><U111/><E111/><V88/><F72/><W120/><G120/><T87/><D87/><U56/><E56/><V98/><N who="2" m="8192" /><DORA hai="113" /><V53/><F53/><W19/><G19/><T41/><D41/><U105/><E105/><V47/><F47/><W51/><G94/><T75/><D75/><U45/><E40/><V81/><F23/><W109/><G109/><T14/><D26/><U85/><E86/><V29/><REACH who="2" step="1"/><F11/><REACH who="2" ten="162,428,62,338" step="2"/><W79/><G52/><T73/><D55/><U106/><E106/><V69/><F69/><W59/><G44/><T91/><D130/><U65/><E54/><V116/><F116/><W68/><G68/><T110/><D73/><U121/><E121/><V61/><F61/><W22/><G22/><T122/><D122/><U90/><E76/><V15/><F15/><W2/><G2/><T49/><D13/><U128/><E128/><V125/><F125/><W97/><G79/><T126/><D126/><U133/><E45/><V117/><F117/><W77/><G77/><T31/><D14/><RYUUKYOKU ba="0,1" sc="162,-10,428,-10,62,30,338,-10" hai2="8,12,16,20,24,29,81,83,88,98" owari="152,-25.0,428,53.0,92,-41.0,328,13.0" /></mjloggm>