<mjloggm ver="2.3"><GO type="185" lobby="0"/><UN n0="%44%75%73%6B" n1="%4A%45%54%4D%41%4E%4E" n2="%E3%81%AE%E3%83%BC%E3%81%97" n3="" dan="16,16,17,0" rate="2170.39,2148.25,2266.40,1500.00" sx="M,M,M,C"/><TAIKYOKU oya="0"/><INIT seed="0,0,0,4,0,76" ten="350,350,350,0" oya="0" hai0="71,86,34,124,32,37,52,2,60,123,93,113,91" hai1="128,109,108,72,81,112,116,131,95,41,54,133,35" hai2="96,49,84,114,43,65,46,118,40,61,115,126,132" hai3=""/><T36/><N who="0" m="31520" /><T53/><D113/><U38/><E95/><V130/><F118/><T90/><D2/><U74/><E54/><V75/><F132/><T80/><D124/><U3/><E41/><V111/><F126/><T67/><D37/><U82/><E3/><V125/><F75/><T50/><D36/><U83/><E38/><V48/><F125/><T100/><D100/><U129/><E35/><V77/><F130/><T42/><D42/><U87/><E133/><V79/><F111/><N who="1" m="42569" /><E116/><V85/><F96/><T101/><D101/><U33/><E33/><V59/><F114/><T102/><D102/><U63/><E63/><V78/><F115/><T62/><D62/><U120/><N who="1" m="30752" /><U121/><N who="1" m="31008" /><U92/><E112/><V0/><F0/><T110/><D110/><U39/><E39/><V73/><F73/><N who="1" m="28265" /><E92/><V104/><F104/><T94/><D53/><U127/><E127/><V107/><F107/><T57/><D93/><U99/><E99/><AGARI ba="0,0" hai="32,34,50,52,57,60,67,71,80,86,90,91,94,99" m="31520" machi="99" ten="30,11600,0" yaku="7,1,52,2,54,1" doraHai="76" who="0" fromWho="1" sc="350,116,350,-116,350,0,0,0" /><INIT seed="0,1,0,1,4,109" ten="466,234,350,0" oya="0" hai0="78,2,66,65,49,95,88,61,127,53,54,44,36" hai1="124,128,104,94,51,85,35,37,81,126,62,135,69" hai2="67,100,110,64,129,58,117,76,1,50,83,132,107" hai3=""/><T71/><D2/><U40/><E35/><V72/><F1/><T125/><D78/><U80/><E104/><V45/><F110/><T79/><D79/><U87/><E37/><V116/><F132/><T89/><D65/><U98/><E62/><V57/><F129/><T55/><D36/><U120/><N who="1" m="30752" /><U106/><E69/><V73/><F73/><T96/><REACH who="0" step="1"/><D89/><REACH who="0" ten="456,234,350,0" step="2"/><U39/><E39/><V114/><F64/><T90/><D90/><U97/><E128/><V82/><F67/><T121/><N who="0" m="31008" /><T74/><D74/><U42/><E135/><V48/><F76/><T70/><D70/><U115/><E51/><V47/><F72/><T91/><D91/><U56/><E56/><V122/><N who="2" m="31264" /><V130/><F130/><T84/><D84/><U52/><E52/><AGARI ba="1,1" hai="44,49,52,53,54,55,61,66,71,88,95,96,125,127" m="31008" machi="52" ten="40,12000,1" yaku="1,1,52,1,54,2,53,0" doraHai="109" doraHaiUra="108" who="0" fromWho="1" sc="456,132,234,-122,350,0,0,0" /><INIT seed="0,2,0,5,1,60" ten="588,112,350,0" oya="0" hai0="127,47,44,126,134,107,35,123,2,89,90,99,122" hai1="3,118,81,73,75,112,132,45,101,62,50,120,133" hai2="92,43,34,87,67,124,95,42,83,1,74,108,130" hai3=""/><T38/><N who="0" m="31264" /><T59/><N who="0" m="31520" /><T33/><D2/><U114/><N who="1" m="30752" /><U109/><E3/><V129/><F34/><T71/><D71/><U70/><E118/><V39/><F1/><T97/><D59/><U102/><E109/><V55/><F108/><T57/><D57/><U68/><E81/><V96/><F95/><T49/><D38/><U36/><E36/><V61/><F55/><T110/><D110/><U77/><E77/><V111/><F111/><T117/><D134/><U0/><E0/><V63/><F63/><T128/><D49/><U85/><E50/><V79/><F74/><T80/><D80/><U121/><N who="1" m="31008" /><U40/><E62/><V105/><F105/><T51/><D51/><U113/><E113/><V94/><F39/><T48/><D48/><U58/><E58/><V86/><F42/><T98/><D98/><U135/><E135/><V100/><F43/><T76/><D76/><U106/><E40/><V54/><F79/><T52/><D52/><U37/><E37/><V84/><F54/><T82/><D82/><U103/><E68/><V72/><F83/><T46/><D35/><U69/><E70/><V91/><F61/><T116/><D33/><U66/><E112/><V64/><F64/><RYUUKYOKU ba="2,0" sc="588,0,112,0,350,0,0,0" /><INIT seed="1,3,0,4,3,103" ten="588,112,350,0" oya="1" hai0="54,66,80,64,84,92,70,89,117,40,128,108,58" hai1="48,113,71,63,62,74,87,130,78,34,129,36,39" hai2="110,59,119,106,90,86,116,68,115,132,76,77,107" hai3=""/><U105/><E34/><V118/><F59/><T102/><D117/><U100/><E113/><V65/><F115/><T111/><D40/><U124/><E124/><V88/><F110/><N who="0" m="42026" /><D70/><U37/><E74/><V53/><F53/><T44/><D44/><U126/><E126/><V81/><F132/><T131/><D102/><U42/><E78/><N who="2" m="30315" /><F65/><N who="0" m="25194" /><D92/><U41/><E87/><V45/><F45/><T67/><N who="0" m="25202" /><T69/><DORA hai="109" /><D69/><U56/><E71/><V61/><F61/><AGARI ba="3,0" hai="54,58,61,80,84,89,128,131" m="25202,42026" machi="61" ten="40,1300,0" yaku="14,1" doraHai="103,109" who="0" fromWho="2" sc="588,19,112,0,350,-19,0,0" /><INIT seed="2,0,0,1,4,123" ten="607,112,331,0" oya="2" hai0="99,68,113,32,33,111,79,135,35,125,84,88,127" hai1="86,118,51,60,132,66,46,124,43,44,57,104,1" hai2="121,85,37,92,73,39,54,48,47,126,38,52,107" hai3=""/><V81/><N who="2" m="31008" /><V89/><F107/><T61/><D135/><U70/><E104/><V131/><F131/><T112/><D79/><U55/><E86/><V98/><F73/><T109/><D99/><U94/><E94/><V36/><N who="2" m="9216" /><DORA hai="77" /><V90/><F126/><N who="0" m="48138" /><D61/><U0/><E124/><V62/><REACH who="2" step="1"/><F62/><REACH who="2" ten="607,112,321,0" step="2"/><T133/><D133/><U34/><E34/><V75/><F75/><T115/><D68/><U97/><E118/><V103/><F103/><T40/><D40/><AGARI ba="0,1" hai="40,47,48,52,54,81,85,89,90,92,98" m="9216,31008" machi="40" ten="70,12000,1" yaku="1,1,52,2,54,1,53,0" doraHai="123,77" doraHaiUra="108,120" who="2" fromWho="0" sc="607,-120,112,0,321,130,0,0" /><INIT seed="2,1,0,4,2,131" ten="487,112,451,0" oya="2" hai0="93,128,56,47,109,114,132,101,73,62,39,127,57" hai1="32,61,64,59,81,79,94,60,52,33,117,40,90" hai2="77,112,88,82,49,36,100,124,43,99,76,68,46" hai3=""/><V116/><F116/><T67/><D109/><U120/><N who="1" m="30752" /><U119/><E40/><V35/><F35/><T135/><D128/><U118/><E90/><V83/><F124/><T104/><D104/><U71/><REACH who="1" step="1"/><E94/><REACH who="1" ten="487,102,451,0" step="2"/><V89/><F89/><T78/><D93/><U87/><AGARI ba="1,1" hai="32,33,52,59,60,61,64,71,79,81,87,117,118,119" m="30752" machi="87" ten="30,9000,2" yaku="1,1,2,1,0,1,12,1,52,1,54,1,53,1" doraHai="131" doraHaiUra="51" who="1" fromWho="1" sc="487,-31,102,102,451,-61,0,0" /><INIT seed="4,0,0,3,0,133" ten="456,204,390,0" oya="0" hai0="106,108,95,33,91,43,0,61,47,119,110,1,102" hai1="37,100,90,132,48,134,2,76,36,86,129,89,127" hai2="126,67,3,112,60,63,94,51,38,79,56,34,107" hai3=""/><T101/><D119/><U98/><E2/><V121/><N who="2" m="31008" /><V59/><F3/><N who="0" m="1098" /><D106/><U66/><E129/><V105/><F38/><T45/><D61/><U57/><E76/><V64/><F79/><T68/><D68/><U125/><E132/><V96/><F34/><T71/><D71/><U69/><E69/><V85/><F112/><T109/><D33/><U32/><E32/><V114/><F114/><T117/><D117/><U120/><N who="1" m="30752" /><U97/><E134/><V118/><F118/><T123/><N who="0" m="31520" /><T62/><D62/><U42/><E66/><V88/><F126/><N who="1" m="48137" /><E100/><N who="0" m="38505" /><D43/><U49/><E42/><V40/><F96/><AGARI ba="0,0" hai="45,47,91,95,96,108,109,110" m="38505,31520,1098" machi="96" ten="40,3900,0" yaku="10,1,52,1" doraHai="133" who="0" fromWho="2" sc="456,39,204,0,390,-39,0,0" /><INIT seed="4,1,0,0,0,49" ten="495,204,351,0" oya="0" hai0="48,36,107,127,123,54,129,75,59,89,121,88,40" hai1="3,100,37,115,39,0,120,62,109,74,94,64,42" hai2="70,53,103,84,113,108,77,33,67,38,133,116,119" hai3=""/><T44/><N who="0" m="31008" /><T104/><N who="0" m="31520" /><T86/><D129/><U98/><N who="1" m="30752" /><U124/><E109/><V81/><F108/><T63/><D75/><U132/><E74/><V125/><F38/><T131/><D127/><U106/><E132/><V69/><F133/><T92/><D131/><U41/><E124/><V47/><F33/><T58/><D89/><U56/><E115/><V90/><F125/><T60/><D36/><U68/><E39/><V57/><F103/><T99/><D86/><U112/><E112/><V72/><F113/><T87/><D87/><U128/><E128/><V130/><F47/><T114/><D114/><U46/><E42/><V101/><F101/><T95/><D95/><U43/><E43/><V110/><F110/><T61/><D61/><U51/><REACH who="1" step="1"/><E106/><REACH who="1" ten="495,194,351,0" step="2"/><V126/><F126/><T34/><D34/><U78/><E78/><V96/><F130/><T35/><D35/><U80/><E80/><V65/><F72/><T71/><D71/><U1/><E1/><V102/><F70/><T122/><N who="0" m="31264" /><T55/><AGARI ba="1,1" hai="40,44,48,54,55,58,59,60,63,88,92,99,104,107" m="31264,31520,31008" machi="55" ten="20,16000,3" yaku="4,1,0,1,7,1,9,1,52,5,54,1" doraHai="49" who="0" fromWho="0" sc="495,172,194,-81,351,-81,0,0" /><INIT seed="4,2,0,3,0,42" ten="667,113,270,0" oya="0" hai0="50,66,85,124,96,87,67,131,51,106,127,58,32" hai1="43,37,64,57,107,56,36,82,63,38,95,3,108" hai2="59,99,119,54,123,89,128,74,113,129,135,0,81" hai3=""/><T97/><D58/><U2/><E107/><V44/><N who="2" m="31520" /><V40/><F0/><T52/><D106/><U39/><N who="1" m="9728" /><DORA hai="88" /><U112/><E43/><V126/><F119/><T101/><D101/><U60/><E108/><V130/><F126/><T83/><D83/><U49/><E112/><V132/><F113/><T41/><D41/><U34/><E34/><V118/><F118/><T75/><D75/><U93/><E49/><V94/><F44/><T121/><N who="0" m="31008" /><T134/><D131/><U72/><E3/><V76/><REACH who="2" step="1"/><F40/><REACH who="2" ten="667,113,260,0" step="2"/><T103/><D127/><U80/><E2/><V68/><F68/><T109/><D124/><U105/><E105/><V53/><F53/><T104/><D52/><U133/><E133/><V70/><F70/><T79/><D67/><U35/><E35/><V91/><F91/><T111/><D134/><U115/><E115/><V98/><F98/><T78/><D104/><U33/><E33/><V62/><AGARI ba="2,1" hai="54,59,62,74,76,81,89,94,99,128,129,130,132,135" m="31520" machi="62" ten="40,9000,2" yaku="1,1,0,1,19,1,52,2,53,1" doraHai="42,88" doraHaiUra="116,102" who="2" fromWho="2" sc="667,-62,113,-32,260,104,0,0" /><INIT seed="5,0,0,0,0,121" ten="605,81,364,0" oya="1" hai0="105,107,39,101,108,119,116,1,35,55,66,132,93" hai1="110,48,83,134,58,34,75,60,90,51,71,120,128" hai2="99,109,0,94,41,80,104,114,127,37,53,82,112" hai3=""/><U126/><N who="1" m="30752" /><U87/><E34/><V38/><F0/><T95/><D108/><U97/><E134/><V76/><F109/><T56/><D1/><U3/><E110/><V130/><F104/><N who="0" m="40010" /><D39/><N who="2" m="14858" /><F41/><T64/><D132/><U86/><E128/><V46/><F130/><T85/><D35/><U2/><E126/><V33/><F76/><T49/><D101/><U57/><E71/><V122/><N who="2" m="31264" /><V50/><F33/><T69/><D85/><U118/><E118/><N who="0" m="45097" /><D69/><U62/><E75/><V113/><F127/><T125/><D125/><U102/><E102/><AGARI ba="0,0" hai="46,50,53,80,82,94,99,102,112,113,114" m="31264,14858" machi="102" ten="40,5200,0" yaku="15,1,11,1,52,1" doraHai="121" who="2" fromWho="1" sc="605,0,81,-52,364,52,0,0" /><INIT seed="6,0,0,3,1,60" ten="605,29,416,0" oya="2" hai0="79,40,135,71,114,59,52,36,93,67,129,126,80" hai1="128,62,101,47,44,105,68,104,118,57,3,58,130" hai2="49,54,106,85,69,115,95,111,83,92,117,34,35" hai3=""/><V127/><F106/><T43/><D129/><U107/><E101/><V102/><F117/><T91/><D135/><U123/><N who="1" m="31520" /><U113/><E118/><V70/><F111/><T2/><D2/><U75/><E3/><V63/><F115/><T89/><D114/><U48/><E48/><V116/><F116/><T97/><D126/><U55/><E62/><V88/><F127/><T46/><D40/><U32/><E55/><V50/><F50/><T100/><D67/><U82/><E82/><V131/><F131/><T64/><D64/><U77/><E77/><V56/><F95/><T42/><D42/><U122/><N who="1" m="31264" /><U1/><E1/><V119/><F119/><T112/><D112/><U87/><E113/><V41/><F69/><T90/><D71/><U53/><E68/><V0/><F0/><T39/><D39/><U94/><E94/><V37/><F37/><T65/><D65/><U78/><E130/><V132/><F132/><T81/><D79/><U33/><E128/><V86/><F70/><T99/><REACH who="0" step="1"/><D97/><REACH who="0" ten="595,29,416,0" step="2"/><U98/><E78/><V125/><F125/><T103/><D103/><U76/><E98/><V96/><F86/><T74/><D74/><U133/><E75/><V134/><F134/><T109/><D109/><RYUUKYOKU ba="0,1" sc="595,10,29,-20,416,10,0,0" hai0="36,43,46,52,59,80,81,89,90,91,93,99,100" hai2="34,35,41,49,54,56,63,83,85,88,92,96,102" /><INIT seed="6,1,1,5,1,40" ten="605,9,426,0" oya="2" hai0="86,110,80,81,88,63,43,1,109,55,132,91,73" hai1="48,133,84,89,68,107,122,2,127,120,75,44,72" hai2="116,67,53,37,117,71,57,54,70,64,56,130,124" hai3=""/><V106/><F106/><T119/><D119/><U34/><N who="1" m="30752" /><U41/><E89/><V36/><F124/><T128/><D1/><U39/><E84/><V121/><F130/><T100/><D100/><U49/><E49/><V32/><F32/><T92/><D128/><U35/><E48/><V104/><F104/><T85/><D132/><U93/><E93/><V113/><N who="2" m="31008" /><V87/><F87/><T0/><D0/><U118/><E44/><V51/><F51/><T115/><D115/><AGARI ba="1,1" hai="36,37,53,54,56,57,64,67,70,71,113,115,116,117" m="31008" machi="115" ten="25,18000,2" yaku="22,2,34,3,52,1" doraHai="40" who="2" fromWho="0" sc="605,-182,9,0,426,192,0,0" owari="423,2.0,9,-59.0,618,57.0,0,0.0" /></mjloggm>