<mjloggm ver="2.3"><GO type="169" lobby="0"/><UN n0="%EF%BC%91%EF%BC%90%E9%80%A3%E3%82%AC%E3%83%81%E3%83%A3" n1="%31%74%61" n2="%E3%81%84%E3%81%AE%E3%81%91%E3%82%93" n3="%E2%80%A0%E7%99%BD%E5%85%8E%E2%80%A0" dan="16,17,17,16" rate="2075.83,2165.93,2193.15,2163.68" sx="M,M,F,M"/><TAIKYOKU oya="0"/><INIT seed="0,0,0,1,3,81" ten="250,250,250,250" oya="0" hai0="107,104,84,83,44,38,68,18,21,103,45,75,117" hai1="1,41,89,6,87,60,72,24,123,126,65,70,40" hai2="118,92,16,102,129,132,111,33,47,42,49,23,97" hai3="116,52,20,94,54,15,57,46,17,59,127,128,50"/><T51/><D117/><U10/><E123/><V110/><F118/><W130/><G116/><T53/><D68/><U135/><E126/><V35/><F132/><W2/><G2/><T74/><D74/><U120/><E120/><V119/><F119/><W32/><G32/><T76/><D75/><U31/><E72/><V79/><F129/><W29/><G127/><T85/><D103/><U30/><E135/><V0/><F0/><W105/><G105/><T61/><D61/><U91/><E91/><V14/><REACH who="2" step="1"/><F79/><REACH who="2" ten="250,250,240,250" step="2"/><W133/><G133/><T28/><D76/><U99/><E99/><V22/><F22/><W43/><G29/><T36/><D28/><U8/><E10/><V3/><F3/><W93/><G130/><T26/><D104/><U77/><E31/><V112/><F112/><W34/><G34/><AGARI ba="0,1" hai="14,16,23,33,34,35,42,47,49,92,97,102,110,111" machi="34" ten="40,5200,0" yaku="1,1,54,1,53,1" doraHai="81" doraHaiUra="95" who="2" fromWho="3" sc="250,0,250,0,240,62,250,-52" /><INIT seed="1,0,0,1,1,24" ten="250,250,302,198" oya="1" hai0="122,91,46,60,66,75,17,2,58,86,132,13,100" hai1="20,111,29,4,15,32,97,93,120,72,113,27,59" hai2="44,134,123,79,52,88,25,6,37,118,70,11,129" hai3="106,78,102,14,5,62,112,40,121,33,115,109,76"/><U69/><E113/><V117/><F123/><W65/><G109/><T126/><D75/><U9/><E120/><V31/><F70/><W34/><G121/><T53/><D132/><U84/><E69/><V30/><F79/><W80/><G40/><T16/><D126/><U92/><E72/><V55/><F134/><W85/><G78/><T47/><D2/><U22/><E111/><V114/><F114/><W67/><G67/><T26/><D100/><U101/><REACH who="1" step="1"/><E59/><REACH who="1" ten="250,240,302,198" step="2"/><V41/><F118/><W57/><G115/><T108/><D108/><U3/><E3/><V135/><F117/><W43/><G112/><T28/><D122/><U48/><E48/><V82/><F135/><W35/><G57/><T104/><D47/><U73/><E73/><V8/><F129/><W103/><G62/><T1/><D1/><U39/><E39/><V83/><F37/><W107/><G107/><T98/><D46/><U0/><E0/><V18/><F44/><W49/><G106/><T130/><D130/><U119/><E119/><V128/><F128/><W127/><G127/><T71/><D71/><U7/><E7/><V56/><F6/><W81/><G49/><T12/><D104/><U95/><E95/><V45/><F45/><W90/><G43/><T74/><D74/><U116/><E116/><V38/><F38/><W63/><G63/><T125/><D125/><U10/><E10/><V94/><F41/><W36/><G36/><T89/><D60/><U64/><E64/><V68/><F68/><W96/><G65/><T51/><D66/><U19/><E19/><V77/><F56/><RYUUKYOKU ba="0,1" sc="250,-10,240,30,302,-10,198,-10" hai1="4,9,15,20,22,27,29,32,84,92,93,97,101" /><INIT seed="1,1,1,5,2,61" ten="240,270,292,188" oya="1" hai0="54,30,55,75,37,20,68,116,23,62,65,84,5" hai1="52,90,57,73,86,118,112,2,109,64,72,17,11" hai2="134,21,97,131,126,49,130,92,36,4,107,117,74" hai3="99,41,47,63,9,31,46,98,115,70,19,67,0"/><U135/><E112/><V66/><F117/><W48/><G115/><T15/><D75/><U56/><E118/><V26/><F36/><W79/><G31/><T85/><D37/><U69/><E69/><V108/><F108/><W14/><G79/><T40/><D40/><U59/><E135/><V58/><F134/><W121/><G121/><T27/><D116/><U76/><E109/><V93/><F74/><W24/><G0/><T18/><D5/><U44/><E76/><V104/><F4/><W77/><G24/><T43/><D43/><U91/><E91/><V29/><F126/><W38/><REACH who="3" step="1"/><G77/><REACH who="3" ten="240,270,292,178" step="2"/><T3/><D3/><U123/><E123/><V53/><F107/><W113/><G113/><T6/><D6/><U125/><E2/><V106/><F104/><W111/><G111/><T34/><D34/><U51/><E125/><V89/><F106/><W12/><G12/><T80/><D85/><U42/><E73/><V71/><F29/><W8/><G8/><T39/><D39/><U119/><E72/><V81/><F26/><W95/><G95/><T96/><D96/><U83/><E119/><V87/><F93/><W82/><G82/><T122/><D122/><U13/><E42/><AGARI ba="1,2" hai="9,14,19,38,41,42,46,47,48,63,67,70,98,99" machi="42" ten="30,3900,0" yaku="1,1,7,1,52,1,53,0" doraHai="61" doraHaiUra="88" who="3" fromWho="1" sc="240,0,270,-42,292,0,178,62" /><INIT seed="2,0,0,3,0,100" ten="240,228,292,240" oya="2" hai0="58,125,34,131,26,21,129,37,119,107,112,56,134" hai1="83,55,33,123,30,65,60,22,24,16,73,84,44" hai2="113,71,121,40,75,91,14,68,3,77,87,63,80" hai3="59,66,130,106,29,53,61,64,36,8,82,110,89"/><V115/><F121/><W4/><G110/><T18/><D112/><U81/><E123/><V117/><F117/><W79/><G130/><T50/><D37/><U85/><E73/><V116/><F116/><W0/><G36/><T122/><D122/><U76/><E44/><V27/><F3/><W102/><G89/><T98/><D119/><U41/><E55/><V28/><F40/><W12/><G29/><T38/><D38/><U9/><E9/><V15/><F113/><W127/><G127/><T17/><D34/><U39/><E39/><V49/><F115/><W92/><G92/><T105/><D98/><U6/><E6/><V20/><F49/><W111/><G111/><T25/><D50/><U62/><E41/><V48/><F48/><W5/><G5/><T135/><REACH who="0" step="1"/><D21/><REACH who="0" ten="230,228,292,240" step="2"/><U57/><E62/><V31/><F63/><W72/><G0/><T114/><D114/><U46/><E46/><V52/><F20/><W124/><G124/><AGARI ba="0,1" hai="17,18,25,26,56,58,105,107,124,125,129,131,134,135" machi="124" ten="25,12000,2" yaku="1,1,22,2,52,2,53,2" doraHai="100" doraHaiUra="23" who="0" fromWho="3" sc="230,130,228,0,292,0,240,-120" /><INIT seed="3,0,0,0,2,67" ten="360,228,292,120" oya="3" hai0="114,46,62,131,61,34,43,101,82,75,129,115,22" hai1="25,63,55,104,69,32,27,41,81,59,103,125,88" hai2="48,33,31,17,74,77,83,2,68,29,54,113,26" hai3="24,44,97,9,133,106,92,126,98,45,28,73,99"/><W96/><G126/><T23/><D101/><U65/><E125/><V19/><F113/><N who="0" m="43018" /><D34/><U79/><E41/><V6/><F31/><W127/><G127/><T102/><D102/><U109/><E109/><V134/><F134/><W111/><G133/><T16/><D82/><U30/><E25/><V130/><F130/><W105/><G111/><T132/><D23/><U4/><E4/><V66/><F6/><W80/><G9/><T51/><D75/><U107/><E88/><V38/><F38/><W110/><G110/><T123/><D123/><U100/><E100/><V13/><F2/><W50/><N who="3" m="24576" /><DORA hai="85" /><W47/><G92/><T90/><D90/><U60/><REACH who="1" step="1"/><E103/><REACH who="1" ten="360,218,292,120" step="2"/><V36/><F36/><W8/><G106/><T37/><D37/><U72/><AGARI ba="0,1" hai="27,30,32,55,59,60,63,65,69,72,79,81,104,107" machi="72" ten="20,12000,2" yaku="1,1,2,1,0,1,7,1,52,1,53,2" doraHai="67,85" doraHaiUra="57,124" who="1" fromWho="1" sc="360,-30,218,130,292,-30,120,-60" /><INIT seed="4,0,0,3,4,56" ten="330,348,262,60" oya="0" hai0="37,17,43,19,14,20,16,46,12,52,33,68,119" hai1="7,18,100,91,38,117,41,71,10,8,50,5,118" hai2="63,27,59,81,67,98,0,85,79,114,36,49,116" hai3="113,82,123,35,99,88,86,32,51,40,26,53,2"/><T61/><D119/><U94/><E38/><V47/><F116/><W29/><G113/><T9/><D33/><U111/><E111/><V122/><F114/><W84/><G123/><T101/><D101/><U6/><E71/><V64/><F122/><W78/><G2/><T129/><D129/><U75/><E75/><V90/><F0/><W87/><G35/><T44/><D44/><N who="1" m="25871" /><E118/><V28/><F36/><W57/><REACH who="3" step="1"/><G40/><REACH who="3" ten="330,348,262,50" step="2"/><T13/><D43/><U76/><E117/><V65/><F98/><W125/><G125/><T131/><D131/><U66/><E5/><V106/><F106/><W22/><G22/><N who="0" m="11559" /><D37/><U21/><E6/><V133/><F133/><W95/><AGARI ba="0,1" hai="26,29,32,51,53,57,78,82,84,86,87,88,95,99" machi="95" ten="30,7900,0" yaku="1,1,0,1,54,1,53,1" doraHai="56" doraHaiUra="45" who="3" fromWho="3" sc="330,-39,348,-20,262,-20,50,89" /><INIT seed="5,0,0,5,2,75" ten="291,328,242,139" oya="1" hai0="48,6,34,2,79,109,12,41,66,69,101,53,17" hai1="31,9,134,24,1,46,91,39,90,115,54,124,96" hai2="27,32,0,65,127,119,81,95,93,97,28,43,118" hai3="132,37,122,114,59,23,107,36,52,47,62,49,35"/><U102/><E115/><V71/><F0/><W15/><G35/><T57/><D34/><U117/><E117/><V7/><F7/><W99/><G122/><T64/><D69/><U85/><E134/><V131/><F131/><W78/><G114/><T88/><D101/><U44/><E124/><V14/><F127/><W120/><G120/><T80/><D6/><U103/><E103/><V86/><F43/><W70/><G132/><T20/><D41/><U68/><E68/><V3/><F3/><W22/><G107/><T72/><D2/><U61/><E9/><V11/><F65/><W84/><G99/><T33/><D33/><U129/><E96/><V42/><F42/><W45/><G70/><T125/><D109/><U87/><E54/><V130/><F130/><W92/><G92/><T113/><D125/><U116/><E46/><V106/><F106/><W18/><G23/><T50/><D50/><U121/><E44/><V58/><F58/><W51/><G47/><T21/><D21/><N who="1" m="15759" /><E39/><V123/><F123/><W77/><G51/><T110/><D110/><U4/><E61/><V40/><F40/><W135/><G135/><T128/><D128/><U83/><E129/><V10/><F10/><W67/><REACH who="3" step="1"/><G84/><REACH who="3" ten="291,328,242,129" step="2"/><T94/><D113/><U19/><E121/><V30/><F71/><W13/><G13/><T76/><D76/><AGARI ba="0,1" hai="15,18,22,36,37,45,49,52,59,62,67,76,77,78" machi="76" ten="40,12000,2" yaku="1,1,52,3,54,1,53,1" doraHai="75" doraHaiUra="60" who="3" fromWho="0" sc="291,-120,328,0,242,0,129,130" /><INIT seed="6,0,0,5,5,0" ten="171,328,242,259" oya="2" hai0="100,62,10,82,103,104,109,50,134,34,21,70,30" hai1="17,33,60,66,27,52,115,56,122,101,91,96,67" hai2="43,118,1,57,83,87,13,76,80,135,71,11,117" hai3="129,84,46,74,108,90,120,31,28,130,36,127,59"/><V77/><F71/><W54/><G108/><T4/><D109/><U81/><E115/><V38/><F135/><W55/><G74/><T132/><D50/><U99/><E122/><V32/><F32/><W126/><G120/><T51/><D51/><U106/><E17/><V98/><F98/><W18/><G18/><T124/><D124/><N who="3" m="47657" /><G46/><T68/><D21/><U2/><E2/><V75/><F57/><W26/><G36/><T6/><D82/><U37/><E37/><V97/><F97/><W14/><G14/><T7/><D10/><U116/><E116/><V61/><F61/><N who="3" m="36087" /><G55/><T20/><D34/><U8/><E8/><V64/><F64/><W25/><G25/><N who="0" m="16679" /><D104/><U94/><E81/><V48/><F1/><W39/><G39/><T86/><D86/><U41/><E41/><V9/><F38/><W131/><G26/><T107/><D107/><U72/><E72/><V53/><F9/><W102/><G31/><T110/><D110/><U133/><E27/><V73/><F53/><W123/><G28/><T78/><D78/><U128/><E33/><V12/><F12/><W24/><G24/><T89/><D89/><U93/><E106/><V125/><F125/><W45/><G123/><T105/><D105/><U69/><E91/><V22/><F22/><W44/><G90/><T111/><D111/><U88/><E88/><V58/><F75/><W23/><G23/><T42/><D42/><U40/><E40/><V114/><F114/><W65/><G84/><T119/><D119/><U3/><E96/><V29/><F118/><W92/><G131/><T95/><D70/><RYUUKYOKU ba="0,0" sc="171,0,328,0,242,0,259,0" /><INIT seed="7,1,0,4,1,98" ten="171,328,242,259" oya="3" hai0="15,89,21,107,80,45,132,14,12,67,23,115,117" hai1="106,62,129,58,52,28,97,84,31,95,0,22,86" hai2="93,134,34,114,53,16,100,92,70,118,25,50,104" hai3="48,35,126,119,29,2,125,9,59,122,38,75,55"/><W47/><G119/><T41/><D117/><U78/><E0/><V3/><F118/><W51/><G75/><T5/><D132/><U90/><E129/><V127/><F3/><W108/><G122/><T26/><D67/><U81/><E106/><V79/><F134/><W18/><G38/><T130/><D130/><U63/><E63/><V113/><F70/><W94/><G108/><T1/><D107/><U82/><E22/><N who="2" m="13511" /><F34/><W105/><G94/><T123/><D123/><U76/><AGARI ba="1,0" hai="28,31,52,58,62,76,78,81,82,84,86,90,95,97" machi="76" ten="20,8000,1" yaku="0,1,7,1,9,1,8,1,54,1" doraHai="98" who="1" fromWho="1" sc="171,-21,328,83,242,-21,259,-41" owari="150,-35.0,411,51.0,221,2.0,218,-18.0" /></mjloggm>