<mjloggm ver="2.3"><GO type="225" lobby="0"/><UN n0="%E9%9F%93%E8%A1%9B%E9%9D%92" n1="%E3%82%B3%E3%83%9E%E3%83%84%E3%81%AE%E9%85%92" n2="%E8%88%B9%E8%A6%8B%E7%B5%90%E8%A1%A3%E3%81%A1%E3%82%83%E3%82%93" n3="%E4%B8%89%E5%86%A0%E7%8E%8B%E3%83%BB%E5%B1%B1%E7%94%B0%E5%93%B2%E4%BA%BA" dan="16,16,16,17" rate="2180.44,2145.93,2129.23,2217.55" sx="F,M,F,M"/><TAIKYOKU oya="0"/><INIT seed="0,0,0,0,4,69" ten="250,250,250,250" oya="0" hai0="88,36,52,21,84,116,72,8,80,68,14,119,38" hai1="67,81,75,1,17,103,0,115,76,135,28,57,77" hai2="23,43,45,92,133,30,15,49,78,19,55,4,99" hai3="108,6,74,126,82,94,39,110,35,122,87,61,89"/><T40/><D68/><U46/><E28/><V50/><F133/><W7/><G35/><T105/><D105/><U22/><E103/><V102/><F78/><N who="3" m="44375" /><G126/><T3/><D72/><U130/><E135/><V24/><F4/><W123/><G61/><T29/><D40/><U16/><E130/><V127/><F127/><W121/><G39/><T106/><D106/><U79/><E115/><V47/><F30/><W117/><G117/><T112/><D112/><U5/><E75/><V27/><AGARI ba="0,0" hai="15,19,23,24,27,43,45,47,49,50,55,92,99,102" machi="27" ten="30,2000,0" yaku="0,1,8,1" doraHai="69" who="2" fromWho="2" sc="250,-10,250,-5,250,20,250,-5" /><INIT seed="1,0,0,5,0,74" ten="240,245,270,245" oya="1" hai0="118,132,101,119,11,125,121,53,64,89,10,59,102" hai1="126,24,120,97,93,78,88,122,124,5,18,55,116" hai2="22,6,7,114,57,46,77,76,73,95,38,75,117" hai3="91,2,44,16,58,106,30,108,67,23,26,94,49"/><U39/><E39/><V15/><F117/><W29/><G106/><T103/><D64/><U134/><E5/><V96/><F114/><W66/><G2/><T131/><D131/><U112/><E116/><V27/><F73/><W129/><G108/><T19/><D132/><U48/><E112/><V25/><F75/><W17/><G129/><T36/><D36/><U47/><E134/><V65/><F38/><W128/><G128/><T109/><D109/><U133/><E133/><V87/><F46/><W14/><G30/><T0/><D125/><N who="1" m="48235" /><E78/><N who="2" m="30315" /><F87/><N who="3" m="52607" /><G58/><T98/><D0/><U9/><E9/><N who="2" m="4543" /><F6/><W43/><G29/><T32/><D32/><U105/><E105/><V52/><F65/><W71/><G71/><T60/><D121/><U68/><E68/><V1/><F1/><W83/><G83/><T40/><D119/><U127/><N who="1" m="48243" /><U13/><DORA hai="80" /><E13/><V62/><F27/><W99/><G99/><T8/><D118/><U84/><E97/><V12/><F12/><W113/><G113/><T69/><D69/><U104/><E104/><V4/><F4/><W85/><G85/><T81/><D98/><U135/><E135/><V79/><N who="2" m="30323" /><V3/><DORA hai="31" /><F3/><W42/><G42/><T107/><D40/><U111/><E111/><V54/><F25/><W130/><G130/><T61/><D107/><U50/><E50/><V41/><F41/><W28/><G14/><T82/><D61/><U110/><E110/><V70/><F70/><W34/><G34/><T86/><REACH who="0" step="1"/><D81/><REACH who="0" ten="230,245,270,245" step="2"/><U100/><E122/><V123/><F123/><W33/><G33/><T72/><D72/><RYUUKYOKU ba="0,1" sc="230,15,245,-15,270,-15,245,15" hai0="8,10,11,19,53,59,60,82,86,89,101,102,103" hai3="16,17,23,26,28,43,44,49,66,67" /><INIT seed="2,1,1,4,3,125" ten="245,230,255,260" oya="2" hai0="115,56,75,65,116,126,73,45,77,5,113,97,99" hai1="58,42,13,33,59,47,81,102,27,93,84,57,124" hai2="68,38,50,95,127,111,17,132,28,23,89,63,78" hai3="105,44,49,107,92,96,55,87,120,98,121,88,134"/><V118/><F38/><W108/><G108/><T41/><D126/><U60/><E124/><V31/><F127/><W34/><G34/><T82/><D75/><U129/><E129/><V61/><F118/><W3/><G3/><T51/><D116/><U25/><E33/><V46/><F132/><W53/><G134/><T39/><D99/><U11/><E60/><V48/><F111/><W2/><G2/><T64/><D97/><U8/><E93/><V22/><F68/><W86/><G55/><T24/><D24/><U123/><E102/><V83/><F83/><W52/><G53/><T30/><D30/><U71/><E71/><V43/><F78/><W114/><G114/><T79/><D79/><U9/><E13/><N who="2" m="9519" /><F50/><W76/><G98/><T18/><D18/><U20/><E20/><V0/><F0/><W135/><G135/><T36/><D36/><U66/><E66/><V117/><F117/><W72/><G72/><T104/><D104/><U14/><E14/><V101/><F101/><W70/><G70/><T4/><D65/><U80/><E80/><V103/><F103/><N who="3" m="62695" /><G107/><T131/><D113/><U74/><E74/><V37/><F37/><W69/><G69/><T7/><D115/><U94/><E123/><V130/><F23/><W109/><G109/><T106/><D106/><U40/><E94/><V128/><F28/><W16/><G121/><T110/><D110/><U62/><E62/><N who="2" m="23563" /><F31/><W133/><G120/><T119/><D119/><U19/><E19/><V100/><F100/><W122/><G122/><T6/><N who="0" m="1024" /><DORA hai="67" /><T15/><D64/><U91/><E42/><RYUUKYOKU ba="1,1" sc="245,-15,230,15,255,15,260,-15" hai1="8,9,11,25,27,40,47,57,58,59,81,84,91" hai2="43,46,48,89,95,128,130" /><INIT seed="2,2,1,4,4,109" ten="230,245,270,245" oya="2" hai0="103,117,91,0,102,132,50,87,73,131,56,120,43" hai1="3,95,37,122,115,21,16,49,57,72,69,78,45" hai2="111,121,84,35,59,98,12,113,130,54,119,126,68" hai3="74,32,28,4,13,14,124,88,46,33,40,70,38"/><V58/><F119/><W135/><G74/><T134/><D120/><U30/><E69/><V81/><F68/><W128/><G70/><T51/><D73/><U92/><E3/><V7/><F35/><W99/><G124/><T90/><D117/><U5/><E5/><V123/><F126/><W55/><G128/><T133/><D0/><U76/><E37/><V9/><F130/><W83/><G135/><T2/><D2/><U116/><E116/><V114/><F98/><W20/><G55/><N who="0" m="31863" /><D131/><U23/><E72/><V62/><F111/><W1/><G1/><T11/><D11/><U10/><E10/><V93/><F93/><W66/><G66/><T105/><D105/><U108/><E108/><V67/><F123/><W77/><G77/><T47/><D90/><U89/><E89/><V42/><F42/><W96/><G33/><T82/><AGARI ba="2,1" hai="43,47,51,82,87,91,102,103,132,133,134" m="31863" machi="82" ten="30,1100,0" yaku="20,1" doraHai="109" who="0" fromWho="0" sc="230,27,245,-5,270,-7,245,-5" /><INIT seed="3,0,0,2,1,9" ten="257,240,263,240" oya="3" hai0="134,18,51,0,103,78,3,112,11,15,87,128,47" hai1="111,77,101,40,123,75,25,79,83,23,124,17,62" hai2="61,70,131,36,37,35,24,125,52,43,33,22,46" hai3="127,122,59,91,65,102,60,126,73,108,19,88,132"/><W86/><G122/><T21/><D128/><U50/><E123/><V13/><F131/><W85/><G73/><T26/><D134/><U84/><E111/><V110/><F110/><W71/><G108/><T58/><D58/><U114/><E114/><V2/><F2/><W14/><G102/><T38/><D38/><U74/><E79/><V118/><F125/><N who="3" m="47627" /><G132/><T48/><D48/><U32/><E32/><V96/><F118/><W67/><G67/><T82/><D103/><U80/><E80/><V92/><F37/><W121/><G121/><T104/><D104/><U89/><E101/><V5/><F70/><W120/><G120/><T10/><D10/><U6/><E6/><V130/><F130/><W133/><G133/><T113/><D113/><U100/><E100/><V39/><F39/><W49/><G71/><T129/><D112/><U27/><E124/><V7/><F35/><W41/><G41/><T45/><D45/><N who="1" m="25895" /><E75/><V94/><F33/><W93/><G49/><T16/><REACH who="0" step="1"/><D129/><REACH who="0" ten="247,240,263,240" step="2"/><U53/><E74/><V135/><F135/><W64/><G64/><T12/><D12/><U107/><E107/><V55/><F13/><W119/><G119/><T34/><D34/><U29/><E27/><V72/><F24/><W20/><G91/><T8/><D8/><U98/><E89/><V90/><F90/><W44/><G44/><T66/><D66/><U95/><E77/><V56/><F46/><W57/><G57/><T97/><D97/><AGARI ba="0,1" hai="14,19,20,59,60,65,85,86,88,93,97" m="47627" machi="97" ten="30,5800,0" yaku="18,1,52,1,54,1" doraHai="9" who="3" fromWho="0" sc="247,-58,240,0,263,0,240,68" owari="189,-31.0,240,-16.0,263,6.0,308,41.0" /></mjloggm>