<mjloggm ver="2.3"><GO type="169" lobby="0"/><UN n0="%E3%83%95%E3%83%A9%E3%83%B3%E3%83%84%E5%8D%BF" n1="%E3%81%8B%E3%81%8D%E9%86%A4%E6%B2%B9" n2="%EF%BC%8A%E7%B4%97%E5%BC%A5%E8%8F%AF%EF%BC%8A" n3="%E5%90%89%E6%BE%A4%E2%98%86%E7%91%A0%E5%81%89" dan="16,16,16,16" rate="2142.23,2088.53,2089.11,2129.68" sx="M,M,F,M"/><TAIKYOKU oya="0"/><INIT seed="0,0,0,2,4,4" ten="250,250,250,250" oya="0" hai0="125,22,103,76,118,83,68,110,29,20,98,77,55" hai1="16,95,51,2,127,131,9,116,86,75,27,105,41" hai2="61,63,121,124,132,71,1,88,12,93,91,10,57" hai3="120,133,69,43,59,62,119,44,107,82,24,87,74"/><T48/><D118/><U8/><E75/><V104/><F104/><W15/><G119/><T13/><D68/><U89/><E105/><V81/><F121/><W92/><G107/><T78/><D125/><U40/><E2/><V3/><F124/><W53/><G120/><T130/><D130/><U101/><E116/><V80/><F132/><W30/><G74/><T46/><D110/><U45/><E127/><V122/><F122/><W134/><G69/><T14/><D22/><N who="1" m="13767" /><E131/><V38/><F38/><W117/><G92/><T28/><D14/><U135/><E135/><V70/><F93/><W6/><G117/><T47/><D47/><U99/><E41/><V11/><F12/><W49/><G24/><T67/><D67/><U17/><E17/><V94/><F94/><W109/><G109/><T18/><REACH who="0" step="1"/><D83/><REACH who="0" ten="240,250,250,250" step="2"/><U108/><E108/><V128/><F128/><W39/><G134/><T50/><D50/><U102/><E99/><V65/><F57/><W66/><G133/><T23/><D23/><U52/><E40/><V90/><F90/><W0/><G0/><T126/><D126/><U97/><E97/><V100/><F100/><AGARI ba="0,1" hai="8,9,45,51,52,86,89,95,100,101,102" m="13767" machi="100" ten="30,8000,1" yaku="8,1,52,2,54,2" doraHai="4" who="1" fromWho="2" sc="240,0,250,90,250,-80,250,0" /><INIT seed="1,0,0,4,4,58" ten="240,340,170,250" oya="1" hai0="76,22,69,88,54,107,31,118,33,25,28,105,110" hai1="74,122,46,75,127,86,32,129,90,6,15,108,21" hai2="115,117,82,29,39,34,99,111,17,5,48,43,19" hai3="106,119,50,124,24,92,132,47,12,55,41,20,63"/><U91/><E32/><V93/><F117/><W30/><G106/><T120/><D118/><U114/><E122/><V2/><F39/><W26/><G119/><T73/><D120/><U38/><E114/><V3/><F115/><W64/><G132/><T126/><D110/><U1/><E1/><V128/><F111/><W135/><G135/><T35/><D126/><U10/><E108/><V9/><F128/><W52/><G124/><T36/><D36/><U112/><E112/><V84/><F2/><W49/><G12/><T100/><D69/><U13/><E127/><V104/><F104/><W131/><G131/><T57/><D76/><U70/><E129/><V44/><F29/><W97/><G49/><T62/><D73/><U53/><E70/><V113/><F34/><W77/><G24/><T27/><D100/><U134/><E134/><V16/><F113/><W18/><G18/><T66/><D66/><U68/><E68/><V78/><REACH who="2" step="1"/><F19/><REACH who="2" ten="240,340,160,250" step="2"/><W101/><REACH who="3" step="1"/><G77/><REACH who="3" ten="240,340,160,240" step="2"/><T81/><REACH who="0" step="1"/><D22/><REACH who="0" ten="230,340,160,240" step="2"/><U45/><E21/><V40/><F40/><W14/><G14/><T130/><D130/><U121/><E15/><V133/><F133/><W83/><G83/><T56/><D56/><AGARI ba="0,3" hai="20,26,30,41,47,50,52,55,56,63,64,92,97,101" machi="56" ten="30,16000,3" yaku="1,1,7,1,25,2,8,1,52,1,54,1,53,1" doraHai="58" doraHaiUra="60" who="3" fromWho="0" sc="230,-160,340,0,160,0,240,190" /><INIT seed="2,0,0,4,0,21" ten="70,340,160,430" oya="2" hai0="31,46,67,74,118,56,53,26,49,88,19,48,124" hai1="64,99,135,100,7,121,12,68,79,28,131,81,36" hai2="66,86,57,101,39,123,105,50,82,96,95,47,104" hai3="22,130,73,8,107,93,42,44,40,87,60,23,52"/><V94/><F123/><W58/><G107/><T43/><D124/><U32/><E36/><V119/><F119/><W106/><G106/><T63/><D118/><U113/><E113/><V54/><F105/><W116/><G73/><T102/><D74/><U85/><E131/><V62/><REACH who="2" step="1"/><F39/><REACH who="2" ten="70,340,150,430" step="2"/><W30/><G116/><T91/><D102/><U1/><E121/><V18/><F18/><W111/><G130/><T13/><D19/><U59/><E100/><V33/><F33/><W80/><G30/><T5/><D5/><U6/><E32/><V114/><F114/><W4/><G4/><T83/><D13/><U3/><E28/><V10/><F10/><W108/><G8/><T128/><D128/><U92/><E12/><V45/><F45/><W72/><G44/><T90/><D83/><U15/><E15/><V77/><AGARI ba="0,1" hai="47,50,54,57,62,66,77,82,86,94,95,96,101,104" machi="77" ten="20,3900,0" yaku="1,1,0,1,7,1,53,0" doraHai="21" doraHaiUra="134" who="2" fromWho="2" sc="70,-13,340,-13,150,49,430,-13" /><INIT seed="2,1,0,0,1,17" ten="57,327,199,417" oya="2" hai0="10,86,81,46,68,69,14,100,78,8,6,119,128" hai1="53,67,64,104,88,93,63,40,59,2,52,75,112" hai2="102,79,123,58,122,111,16,62,109,3,103,26,90" hai3="30,130,21,91,56,118,113,129,20,107,45,1,96"/><V33/><F3/><W13/><G1/><T132/><D128/><N who="3" m="49257" /><G118/><T43/><D119/><U115/><E75/><V5/><F5/><W121/><G121/><N who="2" m="46089" /><F79/><W36/><G30/><T57/><D132/><U38/><E104/><V24/><F90/><W77/><G13/><T19/><D57/><U66/><E2/><V108/><F33/><W51/><G77/><T125/><D100/><N who="2" m="38442" /><F16/><W92/><G107/><T73/><D125/><U44/><REACH who="1" step="1"/><E53/><AGARI ba="1,0" hai="24,26,53,58,62,108,109,111" m="38442,46089" machi="53" ten="40,3900,0" yaku="14,1,10,1" doraHai="17" who="2" fromWho="1" sc="57,0,327,-42,199,42,417,0" /><INIT seed="2,2,0,3,4,20" ten="57,285,241,417" oya="2" hai0="49,73,70,56,72,121,117,0,8,115,14,106,120" hai1="119,108,128,134,53,26,18,107,62,103,10,113,65" hai2="127,101,74,95,46,22,42,3,89,96,80,13,45" hai3="11,85,69,111,97,75,6,2,125,114,28,41,25"/><V105/><F3/><W104/><G75/><T91/><D115/><U92/><E107/><V32/><F32/><W82/><G114/><T76/><D106/><U4/><E113/><V40/><F127/><W116/><G116/><T135/><D70/><U24/><E119/><V61/><F61/><W132/><G125/><T43/><D117/><U1/><E108/><V66/><F66/><W15/><G69/><T86/><D135/><U94/><E134/><V81/><F74/><W27/><G2/><T130/><D0/><U47/><E18/><N who="2" m="10575" /><F101/><W19/><G6/><T59/><D130/><U64/><E64/><V44/><F105/><W58/><G111/><T17/><D73/><U77/><E77/><V99/><F99/><W36/><G28/><T126/><D126/><U35/><E35/><V55/><F55/><W48/><G36/><T123/><D72/><U112/><E112/><V30/><F30/><W29/><G29/><T9/><D76/><U83/><E128/><V67/><F67/><W122/><G122/><T78/><D78/><U129/><E129/><V54/><F54/><W90/><G132/><T33/><D33/><U37/><E103/><V31/><F31/><W110/><G110/><T60/><D60/><U39/><E39/><V84/><F96/><W102/><REACH who="3" step="1"/><G58/><REACH who="3" ten="57,285,241,407" step="2"/><T12/><D59/><U87/><E37/><V93/><F81/><W118/><G118/><T63/><D56/><U71/><E83/><V51/><F40/><W133/><G133/><T7/><D43/><U21/><E1/><V38/><F38/><W100/><G100/><T16/><D121/><RYUUKYOKU ba="2,1" sc="57,-15,285,-15,241,15,407,15" hai2="42,44,45,46,51,80,84,89,93,95" hai3="11,15,19,25,27,41,48,82,85,90,97,102,104" /><INIT seed="2,3,1,3,5,93" ten="42,270,256,422" oya="2" hai0="87,53,79,121,89,40,26,47,51,35,4,78,100" hai1="60,48,76,25,19,3,103,82,64,57,99,86,62" hai2="109,46,96,104,29,16,95,65,113,59,58,67,72" hai3="24,81,117,133,21,55,56,135,132,66,32,124,116"/><V108/><F113/><W129/><G32/><T27/><D121/><U94/><E3/><V45/><F29/><W15/><G66/><N who="2" m="25097" /><F72/><W130/><G81/><T88/><D100/><U11/><E62/><V8/><F104/><W111/><G15/><T20/><D35/><U0/><E0/><V23/><F8/><W73/><G73/><T122/><D122/><U37/><E37/><V83/><F83/><W98/><G111/><N who="2" m="42569" /><F45/><W91/><G24/><T39/><D4/><U106/><E106/><V61/><F46/><W112/><G21/><T44/><D89/><U22/><E11/><V127/><F61/><W68/><G68/><T107/><D107/><U28/><E48/><V102/><F127/><W77/><G112/><T2/><D2/><U6/><E6/><V120/><F120/><W30/><G30/><AGARI ba="3,1" hai="19,22,25,28,30,57,60,64,76,82,86,94,99,103" machi="30" ten="40,2600,0" yaku="8,1,52,1" doraHai="93" who="1" fromWho="3" sc="42,0,270,45,256,0,422,-35" /><INIT seed="3,0,0,2,5,104" ten="42,315,256,387" oya="3" hai0="88,36,53,38,12,97,85,54,106,118,89,70,16" hai1="81,125,119,113,9,65,74,4,122,87,133,67,130" hai2="80,37,126,64,129,58,84,25,71,13,75,46,42" hai3="120,51,90,91,19,102,86,40,11,131,69,23,68"/><W77/><G120/><T101/><D118/><U114/><E122/><V92/><F71/><W78/><G102/><T1/><D1/><U134/><E65/><V2/><F2/><W27/><G131/><T103/><D70/><U124/><E67/><V99/><F129/><W0/><G69/><T108/><D103/><U96/><E130/><V73/><F25/><W44/><G68/><T123/><D108/><U105/><E9/><V47/><F47/><W83/><G0/><T100/><D101/><N who="1" m="62631" /><E4/><V94/><F13/><N who="3" m="7615" /><G78/><T117/><D117/><U95/><E95/><V3/><F3/><W28/><AGARI ba="0,0" hai="23,27,28,40,44,51,77,83,86,90,91" m="7615" machi="28" ten="30,1500,0" yaku="8,1" doraHai="104" who="3" fromWho="3" sc="42,-5,315,-5,256,-5,387,15" /><INIT seed="3,1,0,4,1,31" ten="37,310,251,402" oya="3" hai0="66,0,9,65,15,60,25,6,18,48,45,56,81" hai1="19,10,26,40,35,38,124,55,49,79,2,95,87" hai2="20,107,33,98,133,90,16,126,132,68,113,72,43" hai3="128,99,125,42,29,50,130,115,67,91,63,104,74"/><W37/><G74/><T28/><D81/><U84/><E124/><V85/><F68/><W105/><G125/><T102/><D102/><U53/><E79/><V17/><F72/><W103/><G91/><T22/><D56/><U61/><E38/><V1/><F1/><W120/><G120/><T23/><D60/><U106/><E106/><V101/><F113/><W27/><G50/><T52/><REACH who="0" step="1"/><D22/><REACH who="0" ten="27,310,251,402" step="2"/><U117/><E61/><V116/><F126/><W47/><G104/><T94/><D94/><U78/><E95/><V89/><F20/><W82/><G82/><T131/><D131/><U39/><E117/><V112/><F116/><W109/><G115/><T97/><D97/><U64/><E64/><V57/><F112/><W100/><G103/><T93/><D93/><U77/><E77/><V76/><F76/><W30/><G109/><T80/><D80/><U135/><E78/><V119/><F119/><W73/><G73/><T108/><D108/><U122/><E87/><V11/><F101/><W75/><G75/><T14/><D14/><U7/><E84/><V121/><F98/><W3/><G3/><T13/><D13/><U41/><E2/><V58/><F107/><W8/><G130/><T69/><D69/><U34/><E122/><V54/><F121/><W83/><G128/><T118/><D118/><U111/><E111/><V123/><F123/><W32/><G83/><T110/><D110/><U21/><E21/><V96/><F96/><W44/><G100/><T88/><D88/><U4/><E26/><V5/><F90/><W134/><G99/><T114/><D114/><RYUUKYOKU ba="1,1" sc="27,30,310,-10,251,-10,402,-10" hai0="0,6,9,15,18,23,25,28,45,48,52,65,66" /><INIT seed="4,2,1,4,4,3" ten="57,300,241,392" oya="0" hai0="31,116,41,114,75,23,97,123,64,11,56,134,85" hai1="49,22,29,121,84,95,9,113,132,52,54,6,80" hai2="112,78,24,87,7,46,35,108,70,109,44,61,124" hai3="88,130,89,58,82,51,102,73,120,37,122,28,72"/><T115/><D116/><U32/><E32/><V101/><F112/><N who="0" m="43050" /><D123/><N who="3" m="47145" /><G37/><T14/><D75/><U5/><E132/><V45/><F124/><W53/><G130/><T104/><D134/><U43/><E121/><V33/><F101/><W133/><G102/><N who="0" m="62543" /><D41/><U83/><E9/><V42/><F42/><W69/><G69/><T26/><D85/><U68/><E95/><V125/><F125/><W8/><G28/><T92/><D92/><U63/><E68/><V60/><F70/><W21/><G21/><T55/><D64/><U96/><E96/><V74/><F74/><W25/><G25/><T13/><D11/><U99/><E99/><V15/><F24/><W111/><G133/><T48/><AGARI ba="2,1" hai="13,14,23,26,31,48,55,56" m="62543,43050" machi="48" ten="30,1500,0" yaku="15,1" doraHai="3" who="0" fromWho="0" sc="57,31,300,-7,241,-7,392,-7" /><INIT seed="4,3,0,5,0,62" ten="88,293,234,385" oya="0" hai0="105,47,57,49,123,6,91,50,127,46,41,99,96" hai1="68,1,4,25,132,13,90,83,94,81,53,86,9" hai2="79,131,43,66,108,88,72,69,70,124,32,80,119" hai3="38,59,0,129,61,21,78,29,23,130,40,5,121"/><T17/><D123/><U92/><E132/><V97/><F108/><W24/><G121/><T11/><D127/><U3/><E3/><V118/><F32/><W75/><G23/><T31/><D105/><U54/><E1/><V37/><F124/><W84/><G75/><T107/><D107/><U28/><E68/><V34/><F34/><W113/><G113/><T42/><D31/><U16/><E4/><V27/><F27/><W36/><G40/><T48/><D17/><U15/><E15/><V18/><F18/><W103/><G103/><T133/><D133/><U120/><E120/><V71/><F131/><N who="3" m="50187" /><G84/><T101/><D101/><U67/><E67/><V55/><F55/><N who="3" m="34047" /><G78/><T2/><REACH who="0" step="1"/><D91/><REACH who="0" ten="78,293,234,385" step="2"/><U98/><E28/><V102/><F88/><W109/><G29/><T39/><D39/><U52/><E25/><V10/><F37/><W128/><G24/><T12/><D12/><U112/><E112/><V87/><F102/><AGARI ba="3,1" hai="9,13,16,52,53,54,81,83,86,90,92,94,98,102" machi="102" ten="40,5200,0" yaku="8,1,54,2" doraHai="62" who="1" fromWho="2" sc="78,0,293,71,234,-61,385,0" /><INIT seed="5,0,0,4,5,12" ten="78,364,173,385" oya="1" hai0="47,20,89,54,26,76,62,40,41,85,121,6,117" hai1="113,63,42,110,49,130,68,30,101,66,31,48,99" hai2="33,28,133,108,38,131,84,93,25,71,2,98,100" hai3="90,0,11,119,53,46,22,127,67,80,5,118,97"/><U27/><E113/><V128/><F108/><W126/><G67/><T135/><D117/><N who="3" m="44553" /><G22/><T7/><D135/><U125/><E130/><V92/><F133/><W102/><G90/><T70/><D121/><U29/><E125/><V35/><F38/><W112/><G80/><T132/><D132/><U115/><E115/><V16/><F35/><W64/><G64/><T129/><D129/><N who="2" m="49738" /><F2/><W36/><G112/><T78/><D70/><U120/><E120/><V82/><F71/><W87/><G87/><T4/><D62/><U134/><E134/><V86/><F92/><N who="3" m="58663" /><G53/><T60/><D60/><U103/><E110/><V105/><F105/><W58/><G58/><T44/><D54/><U59/><E68/><V75/><F75/><W95/><G95/><T73/><D73/><U106/><E103/><V24/><F82/><W61/><G61/><T18/><D89/><U45/><REACH who="1" step="1"/><E49/><REACH who="1" ten="78,354,173,385" step="2"/><V114/><F114/><W23/><G127/><T32/><D41/><U15/><E15/><V13/><F25/><AGARI ba="0,1" hai="25,27,29,30,31,42,45,48,59,63,66,99,101,106" machi="25" ten="40,2000,0" yaku="1,1,53,0" doraHai="12" doraHaiUra="107" who="1" fromWho="2" sc="78,0,354,30,173,-20,385,0" /><INIT seed="5,1,0,2,0,26" ten="78,384,153,385" oya="1" hai0="36,80,37,75,112,10,0,46,97,129,51,116,33" hai1="107,73,115,24,43,55,83,91,1,29,44,2,31" hai2="5,100,103,85,111,84,35,53,68,18,47,45,8" hai3="54,71,12,102,7,39,13,21,94,81,50,113,70"/><U56/><E107/><V88/><F68/><W16/><G39/><T23/><D116/><U133/><E115/><V78/><F35/><W57/><G113/><T59/><D112/><U98/><E133/><V106/><F111/><W14/><G81/><T124/><D33/><U121/><E121/><V130/><F130/><W67/><G7/><T82/><D129/><U126/><E126/><V105/><F18/><W96/><G71/><T90/><D124/><U114/><E114/><V120/><F120/><W65/><G70/><T17/><D59/><U34/><E31/><V86/><F78/><W19/><G12/><T22/><D22/><AGARI ba="1,0" hai="13,14,16,19,21,22,50,54,57,65,67,94,96,102" machi="22" ten="30,7700,0" yaku="7,1,9,1,8,1,54,1" doraHai="26" who="3" fromWho="0" sc="78,-80,384,0,153,0,385,80" owari="-2,-50.0,384,18.0,153,-25.0,465,57.0" /></mjloggm>