<mjloggm ver="2.3"><GO type="169" lobby="0"/><UN n0="%E5%B0%8F%E6%89%8B%E8%BF%94%E6%92%B2%E6%BB%85%E4%BC%9A%E9%95%B7" n1="%E8%8B%B1%E5%9B%BD%E5%A3%B2%E5%8D%B4" n2="%6B%69%79%6F%64%61%69" n3="%E6%9D%B1%E4%BA%AC%E9%9B%BB%E5%8A%9B" dan="17,18,17,17" rate="2162.47,2229.94,2245.45,2216.70" sx="F,M,M,M"/><TAIKYOKU oya="0"/><INIT seed="0,0,0,1,4,108" ten="250,250,250,250" oya="0" hai0="86,105,50,135,100,56,112,22,80,69,4,130,83" hai1="79,52,125,17,23,93,94,42,65,81,15,24,10" hai2="18,20,70,118,119,14,16,2,66,39,111,47,60" hai3="38,37,75,129,114,46,126,48,82,89,44,28,99"/><T116/><D116/><N who="2" m="44586" /><F2/><W59/><G28/><T117/><D117/><U5/><E125/><V84/><F111/><W127/><G75/><T102/><D69/><U40/><E65/><V19/><F84/><W92/><G129/><T67/><D130/><U43/><REACH who="1" step="1"/><E52/><REACH who="1" ten="250,240,250,250" step="2"/><V103/><F103/><W121/><G126/><T87/><D67/><U8/><E8/><V101/><F101/><W78/><G127/><T71/><D100/><U124/><E124/><V7/><F7/><W49/><G121/><T132/><D102/><U76/><E76/><V12/><F12/><W34/><G78/><T77/><D77/><U13/><E13/><V45/><F45/><W106/><G46/><T120/><D4/><U51/><E51/><V64/><F64/><W122/><G49/><T54/><D120/><U6/><E6/><V31/><F31/><W95/><G44/><T3/><D50/><U30/><E30/><V63/><F63/><W88/><G122/><T21/><D54/><U97/><E97/><V33/><F33/><W85/><G34/><T36/><D3/><U0/><E0/><V73/><F73/><AGARI ba="0,1" hai="5,10,15,17,23,24,40,42,43,73,79,81,93,94" machi="73" ten="40,1300,0" yaku="1,1,53,0" doraHai="108" doraHaiUra="128" who="1" fromWho="2" sc="250,0,240,23,250,-13,250,0" /><INIT seed="1,0,0,5,4,87" ten="250,263,237,250" oya="1" hai0="63,8,114,14,64,26,23,33,44,80,68,5,85" hai1="105,121,39,67,117,70,40,81,129,32,27,2,48" hai2="103,134,0,16,46,11,29,96,89,110,73,21,65" hai3="28,75,93,113,30,15,13,35,51,104,95,98,6"/><U112/><RYUUKYOKU type="yao9" ba="0,0" sc="250,0,263,0,237,0,250,0" hai1="2,27,32,39,40,48,67,70,81,105,112,117,121,129" /><INIT seed="1,1,0,1,4,22" ten="250,263,237,250" oya="1" hai0="4,111,97,65,58,107,104,75,91,12,40,21,57" hai1="118,78,77,115,60,112,15,11,47,116,106,38,20" hai2="33,131,31,9,0,98,134,5,83,80,135,59,82" hai3="63,13,99,26,74,54,128,127,89,19,126,3,71"/><U17/><E106/><V8/><F131/><W23/><G3/><T86/><D75/><U18/><E60/><V120/><F120/><W7/><G74/><T96/><D111/><U37/><E47/><V28/><F98/><W61/><G128/><T85/><D40/><U68/><E68/><V76/><F76/><W24/><G7/><T81/><D107/><U90/><E90/><V64/><F9/><W43/><G43/><T94/><D104/><U27/><E77/><V10/><F10/><W46/><G63/><T36/><D36/><U56/><E56/><V117/><F117/><N who="1" m="45161" /><E78/><V32/><F59/><N who="3" m="35063" /><G71/><T95/><D65/><U35/><E38/><V55/><F55/><W123/><G46/><T105/><D105/><U132/><E37/><V119/><F64/><W88/><G123/><T67/><D67/><U109/><E109/><V108/><F108/><W50/><G50/><T1/><D58/><U6/><E132/><N who="2" m="50731" /><F119/><W129/><G129/><T79/><D57/><U39/><E39/><V133/><N who="2" m="50739" /><V84/><DORA hai="100" /><F84/><W41/><G41/><T48/><D48/><U69/><E69/><V42/><F42/><W110/><G110/><T62/><D62/><U45/><E45/><V44/><F44/><W113/><G99/><T102/><D96/><U73/><E73/><V2/><F2/><W114/><G89/><T14/><D1/><N who="1" m="463" /><E35/><AGARI ba="1,0" hai="0,5,8,28,31,32,33,35,80,82,83" m="50739" machi="35" ten="50,1600,0" yaku="20,1" doraHai="22,100" who="2" fromWho="1" sc="250,0,263,-19,237,19,250,0" /><INIT seed="2,0,0,4,2,16" ten="250,244,256,250" oya="2" hai0="121,5,61,23,14,31,11,92,26,131,41,2,69" hai1="48,8,118,104,81,116,57,56,96,132,127,1,25" hai2="68,29,3,4,0,123,40,79,60,105,77,117,35" hai3="95,115,93,99,44,43,125,134,62,7,19,45,20"/><V46/><F117/><W113/><G7/><T37/><D121/><U85/><E127/><V122/><F79/><W109/><G125/><T47/><D131/><U124/><E124/><V106/><F77/><W75/><G75/><T119/><D119/><U114/><E114/><N who="3" m="43530" /><G109/><T66/><REACH who="0" step="1"/><D92/><REACH who="0" ten="240,244,256,250" step="2"/><U128/><E118/><V110/><F123/><W80/><G95/><T63/><D63/><U6/><E128/><V108/><F122/><W65/><G62/><T12/><AGARI ba="0,1" hai="2,5,11,12,14,23,26,31,37,41,47,61,66,69" machi="12" ten="30,7900,0" yaku="1,1,0,1,52,1,53,1" doraHai="16" doraHaiUra="42" who="0" fromWho="0" sc="240,89,244,-20,256,-39,250,-20" /><INIT seed="3,0,0,2,4,121" ten="329,224,217,230" oya="3" hai0="43,87,36,26,125,23,120,73,2,18,8,38,83" hai1="103,71,53,131,21,10,17,67,82,13,47,112,100" hai2="16,81,20,34,37,108,118,92,0,113,93,4,12" hai3="115,59,33,11,44,111,86,63,107,98,58,74,66"/><W49/><G74/><T95/><D120/><U62/><E112/><V88/><F37/><W1/><G33/><T54/><D125/><U55/><E131/><V45/><F118/><W61/><G115/><T46/><D95/><U64/><E64/><V84/><F113/><W116/><G116/><T30/><D54/><U7/><E82/><V27/><F108/><W123/><G123/><T122/><D38/><U14/><E55/><V89/><F45/><W133/><G133/><T3/><D73/><U28/><E28/><N who="2" m="19743" /><F89/><W80/><G111/><T124/><D124/><U90/><E90/><V32/><F32/><W119/><G119/><T76/><D122/><U77/><E77/><V40/><F40/><W35/><G35/><T94/><D94/><U68/><E68/><V78/><F78/><W65/><G1/><T109/><D109/><U56/><E47/><V104/><F104/><W48/><G11/><AGARI ba="0,0" hai="0,4,11,12,16,20,81,84,88,92,93" m="19743" machi="11" ten="30,3900,0" yaku="24,1,54,2" doraHai="121" who="2" fromWho="3" sc="329,0,224,0,217,39,230,-39" /><INIT seed="4,0,0,1,3,59" ten="329,224,256,191" oya="0" hai0="56,70,106,11,99,9,131,5,77,63,68,34,28" hai1="14,33,37,134,118,8,92,23,114,93,48,84,132" hai2="35,120,80,41,32,127,61,113,115,13,123,78,89" hai3="2,83,128,54,36,82,124,7,90,135,1,79,47"/><T71/><D131/><U101/><E33/><N who="2" m="12875" /><F89/><W100/><G100/><T96/><D77/><U60/><E37/><V69/><F13/><W65/><G128/><T107/><D28/><U130/><E130/><V52/><F41/><W86/><G124/><T117/><D34/><U108/><E108/><V73/><F52/><W57/><G135/><T125/><D125/><U24/><E48/><V105/><F105/><W104/><G104/><T46/><D117/><U18/><E118/><V88/><F88/><W81/><G65/><T17/><D107/><U26/><E26/><V116/><F127/><W53/><G7/><T22/><D46/><U58/><E84/><V102/><F102/><W133/><G133/><N who="1" m="51306" /><E114/><N who="2" m="43531" /><F116/><W72/><G82/><T98/><D106/><U126/><E101/><V91/><F91/><W110/><G110/><T76/><D76/><U3/><E3/><V111/><F111/><W103/><G103/><T16/><D5/><N who="1" m="3343" /><E126/><V30/><F30/><W44/><G44/><T0/><D0/><U85/><E85/><V129/><F129/><W74/><G74/><T67/><REACH who="0" step="1"/><D17/><REACH who="0" ten="319,224,256,191" step="2"/><U45/><E45/><V42/><F42/><W87/><G36/><T55/><D55/><AGARI ba="0,1" hai="18,23,24,55,58,60,92,93" m="3343,51306" machi="55" ten="30,2000,0" yaku="20,1,52,1" doraHai="59" who="1" fromWho="0" sc="319,-20,224,30,256,0,191,0" /><INIT seed="5,0,0,3,3,95" ten="299,254,256,191" oya="1" hai0="102,127,104,61,90,25,78,50,73,24,120,123,46" hai1="67,37,117,6,100,26,38,118,8,32,17,39,76" hai2="77,88,57,82,98,125,28,74,34,1,87,106,5" hai3="134,4,64,40,15,47,108,124,52,11,27,68,92"/><U62/><E76/><V119/><F119/><W105/><G105/><T84/><D127/><U133/><E133/><V42/><F125/><W55/><G124/><T116/><D116/><U83/><E83/><V130/><F130/><W0/><G108/><T49/><D61/><U7/><E7/><V58/><F28/><W107/><G107/><T33/><D78/><U16/><E100/><N who="2" m="62743" /><F34/><W10/><G134/><T59/><D59/><U21/><E32/><V79/><F79/><W110/><G110/><T85/><D85/><U122/><E17/><V115/><F42/><W71/><G27/><T51/><D46/><U91/><E91/><V41/><F41/><W113/><G113/><T18/><D73/><U97/><E97/><V13/><F1/><W89/><G64/><T126/><D126/><U114/><E114/><V48/><F48/><W93/><G93/><N who="0" m="54471" /><D18/><U75/><E122/><N who="0" m="46633" /><D33/><U19/><E19/><V29/><F29/><W56/><G71/><T112/><D112/><U129/><E129/><V109/><F109/><W80/><G68/><T69/><D69/><U65/><E75/><V81/><F115/><W31/><G56/><T99/><AGARI ba="0,0" hai="24,25,49,50,51,99,102,104" m="46633,54471" machi="99" ten="40,2700,0" yaku="13,1,52,1" doraHai="95" who="0" fromWho="0" sc="299,27,254,-13,256,-7,191,-7" /><INIT seed="6,0,0,0,2,73" ten="326,241,249,184" oya="2" hai0="32,96,47,79,1,43,0,118,98,116,109,14,122" hai1="45,97,26,53,39,82,119,99,13,94,25,112,51" hai2="103,63,77,134,23,66,100,78,2,130,50,46,89" hai3="18,71,42,110,34,125,68,69,67,30,107,132,121"/><V15/><F2/><W55/><G121/><T3/><D122/><U74/><E112/><V86/><F130/><W128/><G110/><T83/><D109/><U124/><E119/><N who="0" m="45609" /><D14/><U31/><E124/><V111/><F134/><W19/><G67/><T35/><D98/><U95/><E39/><V5/><F111/><W117/><G42/><T75/><D96/><U21/><E26/><V88/><F89/><W113/><G107/><T38/><AGARI ba="0,0" hai="0,1,3,32,35,38,43,47,75,79,83" m="45609" machi="38" ten="40,5200,0" yaku="12,1,23,1,52,1" doraHai="73" who="0" fromWho="0" sc="326,52,241,-13,249,-26,184,-13" /><INIT seed="7,0,0,3,1,79" ten="378,228,223,171" oya="3" hai0="118,57,4,26,29,67,46,73,5,20,17,15,101" hai1="108,39,100,23,68,40,14,56,64,51,106,19,77" hai2="25,48,36,74,97,94,103,107,121,129,42,7,72" hai3="28,11,111,31,86,0,80,62,27,122,119,70,63"/><W22/><G119/><T54/><D73/><U71/><E108/><V85/><F36/><W61/><G122/><T9/><D101/><U33/><E33/><V120/><F7/><W58/><G70/><T90/><D90/><U6/><E39/><V65/><F65/><W88/><G111/><T87/><D87/><U81/><E100/><V21/><F85/><W82/><G31/><T41/><D67/><U55/><E106/><V125/><F107/><W50/><G0/><T132/><D132/><U76/><E76/><V124/><F129/><W18/><G82/><T131/><D131/><U52/><E6/><V93/><F93/><W66/><REACH who="3" step="1"/><G50/><REACH who="3" ten="378,228,223,161" step="2"/><N who="0" m="26959" /><D118/><U16/><E68/><V43/><F48/><AGARI ba="0,1" hai="4,5,9,15,17,20,26,29,48,54,57" m="26959" machi="48" ten="30,1000,0" yaku="8,1" doraHai="79" who="0" fromWho="2" sc="378,20,228,0,223,-10,161,0" owari="398,50.0,228,3.0,213,-19.0,161,-34.0" /></mjloggm>