<mjloggm ver="2.3"><GO type="225" lobby="0"/><UN n0="%E3%81%95%E3%81%8D%E3%81%9F%E3%81%BE%E6%9E%97%E6%AA%8E" n1="%E5%BD%97%E6%98%9F%E5%85%A5%E3%83%92%E3%82%B3" n2="%E3%81%AB%E3%82%83%EF%BD%9E%E3%81%8A" n3="%E3%82%A4%E3%83%8A%E3%82%BA%E3%83%9E%E8%91%AC%E5%84%80" dan="16,16,16,17" rate="2161.82,2138.45,2141.65,2208.68" sx="M,M,M,F"/><TAIKYOKU oya="0"/><INIT seed="0,0,0,4,3,19" ten="250,250,250,250" oya="0" hai0="16,132,87,108,83,115,4,61,66,25,13,70,52" hai1="76,128,60,43,86,6,85,2,129,3,57,40,50" hai2="37,14,31,101,91,112,120,114,130,111,42,21,63" hai3="90,118,33,35,55,84,18,22,47,71,49,92,81"/><T34/><D115/><U10/><E3/><V38/><F120/><W23/><G118/><T54/><D132/><U26/><E26/><V46/><F101/><W69/><G69/><T68/><D68/><U41/><E50/><V82/><F38/><W104/><G104/><T97/><D4/><U93/><E76/><V100/><F100/><W0/><G71/><T126/><D126/><U51/><E51/><V79/><F111/><W62/><G0/><T117/><D117/><U7/><E7/><V72/><F130/><N who="1" m="50281" /><E93/><V73/><F73/><W29/><G62/><T134/><D134/><U123/><E123/><V96/><F63/><W64/><G64/><AGARI ba="0,0" hai="2,6,10,40,41,43,57,60,64,85,86" m="50281" machi="64" ten="30,1000,0" yaku="19,1" doraHai="19" who="1" fromWho="3" sc="250,0,250,10,250,0,250,-10" /><INIT seed="1,0,0,2,4,132" ten="250,260,250,240" oya="1" hai0="26,89,116,95,45,25,85,79,61,36,23,18,68" hai1="101,84,67,20,9,63,80,58,113,122,57,19,42" hai2="91,31,69,102,50,103,32,70,62,24,117,41,118" hai3="90,44,33,48,92,0,49,115,108,11,53,87,34"/><U4/><E113/><V64/><F70/><W76/><G115/><T121/><D116/><U77/><E122/><V124/><F91/><W47/><G108/><T66/><D121/><U96/><E42/><V123/><F123/><W111/><G111/><T127/><D79/><U97/><E57/><V6/><F6/><W29/><G29/><T71/><D71/><U88/><E77/><V109/><F109/><W119/><G119/><T93/><D93/><U112/><E112/><V128/><F128/><W73/><G0/><T133/><D133/><U43/><E43/><V107/><F102/><W38/><G38/><T10/><D10/><U110/><E110/><V126/><F50/><W81/><REACH who="3" step="1"/><G11/><REACH who="3" ten="250,260,250,230" step="2"/><T78/><D36/><U74/><E74/><V72/><F72/><W39/><G39/><T5/><D5/><U106/><E97/><N who="2" m="61935" /><F41/><AGARI ba="0,1" hai="33,34,41,44,47,48,49,53,73,76,81,87,90,92" machi="41" ten="30,2000,0" yaku="1,1,7,1,53,0" doraHai="132" doraHaiUra="114" who="3" fromWho="2" sc="250,0,260,0,250,-20,230,30" /><INIT seed="2,0,0,0,2,73" ten="250,260,230,260" oya="2" hai0="11,21,31,61,85,0,66,30,43,49,132,119,44" hai1="74,20,82,63,122,35,126,103,89,118,18,5,13" hai2="80,109,83,1,100,84,91,98,42,15,94,68,10" hai3="7,87,86,75,3,106,2,125,19,52,134,40,90"/><V56/><F68/><W111/><G75/><T135/><D119/><U123/><E118/><V41/><F1/><W101/><G40/><T92/><D92/><U110/><E35/><V51/><F109/><W93/><G125/><T71/><D85/><U47/><E110/><V114/><F114/><W97/><G111/><T48/><D48/><U88/><E126/><V130/><F130/><W113/><G134/><N who="0" m="51243" /><D21/><U67/><E103/><V115/><F115/><W116/><G116/><T69/><D69/><U59/><E5/><AGARI ba="0,0" hai="0,5,11,30,31,43,44,49,61,66,71" m="51243" machi="5" ten="30,1000,0" yaku="20,1" doraHai="73" who="0" fromWho="1" sc="250,10,260,-10,230,0,260,0" /><INIT seed="3,0,0,3,1,93" ten="260,250,230,260" oya="3" hai0="43,17,58,38,100,15,78,22,50,41,32,123,47" hai1="3,119,122,107,82,115,65,133,76,25,91,72,67" hai2="39,29,46,80,64,53,102,34,95,33,105,37,75" hai3="86,88,89,26,79,132,13,63,114,117,18,28,4"/><W110/><G117/><T94/><D123/><U90/><E122/><V14/><F105/><W24/><G114/><T70/><D70/><U35/><E115/><V99/><F64/><W30/><G132/><T134/><D134/><U20/><E133/><V56/><F14/><W27/><G110/><T71/><D71/><U36/><E3/><V113/><F113/><W16/><G63/><T66/><D32/><U101/><E36/><V130/><F130/><W23/><G4/><T42/><D38/><U19/><E35/><V45/><F39/><W68/><G68/><T62/><REACH who="0" step="1"/><D78/><REACH who="0" ten="250,250,230,260" step="2"/><U21/><E119/><V124/><F37/><W81/><G18/><T106/><D106/><U69/><E107/><V60/><F34/><W8/><G30/><T31/><D31/><U12/><E69/><V121/><F121/><W55/><G28/><T87/><D87/><U51/><E19/><V120/><F120/><W57/><G23/><T98/><AGARI ba="0,1" hai="15,17,22,41,42,43,47,50,58,62,66,94,98,100" machi="98" ten="30,8000,1" yaku="1,1,0,1,8,1,52,1,53,1" doraHai="93" doraHaiUra="92" who="0" fromWho="0" sc="250,90,250,-20,230,-20,260,-40" owari="340,44.0,230,3.0,210,-29.0,220,-18.0" /></mjloggm>