<mjloggm ver="2.3"><GO type="225" lobby="0"/><UN n0="%E3%82%B3%E3%83%9E%E3%83%84%E3%81%AE%E9%85%92" n1="%E4%B8%89%E5%86%A0%E7%8E%8B%E3%83%BB%E5%B1%B1%E7%94%B0%E5%93%B2%E4%BA%BA" n2="%E9%9F%93%E8%A1%9B%E9%9D%92" n3="%E3%81%82%E3%82%89%E3%81%8C%E3%81%8D%E3%81%82%E3%82%84%E3%81%9B" dan="16,17,16,16" rate="2138.15,2225.02,2172.33,2119.61" sx="M,M,F,F"/><TAIKYOKU oya="0"/><INIT seed="0,0,0,5,3,106" ten="250,250,250,250" oya="0" hai0="57,125,10,62,43,39,51,5,132,50,90,41,55" hai1="92,6,65,28,99,134,119,77,12,20,113,126,76" hai2="40,131,7,93,72,78,124,104,26,91,64,24,16" hai3="9,61,42,120,13,115,133,102,98,116,0,29,4"/><T33/><D33/><U71/><E119/><V58/><F104/><W46/><G116/><T121/><D121/><U23/><E71/><V108/><F108/><W48/><G115/><T69/><D90/><U25/><E113/><V89/><F7/><W105/><G133/><T3/><D132/><U112/><E112/><V44/><F131/><W101/><G101/><T2/><D125/><U32/><E134/><V37/><F124/><W47/><G120/><T127/><D127/><U85/><E126/><V11/><F91/><W117/><G117/><T70/><D2/><U18/><E65/><V128/><F128/><W75/><G47/><T38/><D70/><U83/><E6/><V111/><F111/><W67/><G29/><T35/><D35/><U36/><E36/><V27/><F58/><W22/><G22/><T135/><D135/><U31/><E77/><V122/><F64/><W94/><G105/><T86/><D86/><U97/><E92/><V14/><F122/><W103/><G103/><T56/><D69/><U96/><E32/><V53/><F53/><W79/><G0/><T118/><D118/><U34/><E34/><V88/><REACH who="2" step="1"/><F93/><REACH who="2" ten="250,250,240,250" step="2"/><W19/><G4/><T130/><D130/><U100/><REACH who="1" step="1"/><E100/><REACH who="1" ten="250,240,240,250" step="2"/><V82/><AGARI ba="0,2" hai="11,14,16,24,26,27,37,40,44,72,78,82,88,89" machi="82" ten="30,12000,2" yaku="1,1,2,1,0,1,52,1,54,2,53,0" doraHai="106" doraHaiUra="17" who="2" fromWho="2" sc="250,-60,240,-30,240,140,250,-30" /><INIT seed="1,0,0,0,2,133" ten="190,210,380,220" oya="1" hai0="0,113,116,14,9,135,21,125,56,26,107,122,30" hai1="60,117,118,12,44,64,37,124,57,83,100,67,129" hai2="63,45,94,62,1,92,80,81,85,38,59,22,4" hai3="52,55,5,104,120,74,71,23,112,105,46,19,33"/><U18/><E100/><V87/><F1/><W78/><G120/><T76/><D107/><U115/><E115/><V53/><F4/><W79/><G33/><N who="0" m="20695" /><D76/><U15/><E129/><V65/><F22/><W39/><G71/><T16/><D56/><U58/><E83/><V90/><F38/><W70/><G70/><T35/><D113/><U34/><E34/><V134/><F134/><W7/><G112/><T2/><D135/><U88/><E37/><V43/><F43/><W132/><G132/><T48/><D48/><U98/><E44/><V99/><F45/><W108/><G108/><T86/><D86/><U49/><E124/><V6/><F6/><N who="3" m="2059" /><G105/><T126/><D122/><U47/><E67/><V119/><F119/><W106/><G74/><T84/><D84/><U75/><E58/><N who="2" m="37079" /><F99/><W114/><G114/><T8/><D116/><U25/><E75/><V31/><F31/><W69/><G69/><T102/><D102/><U121/><E121/><V10/><F10/><N who="0" m="4202" /><D35/><U91/><E118/><V110/><F110/><W41/><G106/><T13/><D13/><N who="1" m="5195" /><E98/><V20/><F81/><W3/><G104/><T36/><D36/><U32/><E117/><V97/><F87/><W68/><G68/><T130/><D130/><U82/><E82/><V28/><F97/><W42/><G39/><T77/><D77/><N who="3" m="29193" /><G46/><T50/><D50/><U54/><E32/><V27/><AGARI ba="0,0" hai="20,27,28,53,59,63,80,85,90,92,94" m="37079" machi="27" ten="30,1100,0" yaku="8,1" doraHai="133" who="2" fromWho="2" sc="190,-3,210,-5,380,11,220,-3" /><INIT seed="2,0,0,3,0,127" ten="187,205,391,217" oya="2" hai0="5,93,18,78,77,44,35,49,1,100,16,108,75" hai1="58,95,7,84,0,115,14,32,40,63,21,59,125" hai2="116,43,126,28,85,129,62,89,25,121,50,37,87" hai3="110,90,83,8,52,38,119,106,19,112,107,24,29"/><V105/><F87/><W64/><G119/><T109/><D35/><U33/><E115/><V71/><F50/><W81/><G112/><T82/><D77/><U113/><E113/><V11/><F62/><W120/><G120/><T134/><D134/><U88/><E125/><V132/><F89/><W2/><G110/><N who="0" m="42603" /><D5/><U57/><E40/><V102/><F85/><W117/><G38/><T47/><D1/><U4/><E63/><V94/><F94/><W68/><G68/><T96/><D47/><U23/><E0/><V54/><F54/><AGARI ba="0,0" hai="16,18,44,49,54,75,78,82,93,96,100" m="42603" machi="54" ten="30,2000,0" yaku="14,1,54,1" doraHai="127" who="0" fromWho="2" sc="187,20,205,0,391,-20,217,0" /><INIT seed="3,0,0,1,5,63" ten="207,205,371,217" oya="3" hai0="79,116,26,44,38,119,133,110,46,87,104,32,50" hai1="53,52,78,76,84,97,100,11,10,30,127,115,14" hai2="103,23,120,134,98,42,93,117,91,4,62,35,36" hai3="57,24,65,92,61,6,51,41,37,64,69,45,29"/><W131/><G131/><T12/><D104/><U28/><E115/><V102/><F35/><W58/><G6/><T7/><D110/><U56/><E127/><V124/><F134/><W95/><G64/><T3/><D3/><U83/><E78/><V130/><F130/><W125/><G125/><T112/><D133/><U135/><E135/><V74/><F74/><W9/><G9/><N who="1" m="3082" /><E14/><V126/><F62/><W132/><G132/><T33/><D38/><U5/><E5/><V107/><F103/><W47/><G58/><T55/><D112/><U66/><E66/><V49/><F117/><W80/><G80/><N who="0" m="47519" /><D7/><U34/><E34/><V106/><F106/><W111/><G111/><T13/><D33/><U109/><E109/><V17/><F36/><W40/><G69/><T122/><D122/><U90/><E100/><V67/><F98/><W18/><G18/><T105/><D105/><U31/><E56/><V25/><F67/><W48/><G37/><T0/><D0/><U88/><E97/><N who="2" m="61903" /><F4/><W77/><G77/><T129/><D129/><U72/><E72/><V128/><F120/><W86/><G86/><T113/><D113/><U121/><E121/><V22/><F128/><W15/><G15/><N who="0" m="5707" /><D119/><U123/><E123/><V8/><F8/><W73/><G73/><T81/><D116/><U94/><E94/><V27/><F124/><W70/><G70/><T43/><D81/><U21/><E21/><AGARI ba="0,0" hai="21,24,29,40,41,45,47,48,51,57,61,65,92,95" machi="21" ten="30,11600,0" yaku="7,1,9,1,8,1,52,1" doraHai="63" who="3" fromWho="1" sc="207,0,205,-116,371,0,217,116" /><INIT seed="3,1,0,1,4,19" ten="207,89,371,333" oya="3" hai0="66,4,124,40,100,17,51,15,77,43,35,82,94" hai1="113,27,6,54,103,104,85,12,69,42,48,47,114" hai2="65,92,63,72,31,135,52,115,33,105,37,67,49" hai3="132,86,23,97,107,108,13,76,16,0,88,36,119"/><W8/><G119/><T2/><D35/><U29/><E69/><V96/><F115/><W134/><G36/><T28/><D28/><U130/><E130/><V102/><F37/><W120/><G120/><T83/><D2/><U70/><E70/><V39/><F39/><W32/><G32/><T24/><D24/><U9/><E104/><V90/><F72/><W68/><G68/><T22/><D4/><U20/><E103/><V81/><F135/><N who="3" m="51755" /><G108/><T80/><D66/><U125/><E125/><V57/><F81/><N who="3" m="49231" /><G76/><T121/><D124/><U101/><E101/><V14/><F33/><W1/><G8/><T129/><D129/><U56/><E56/><V50/><F31/><W117/><G117/><T87/><D121/><U89/><E114/><V73/><F73/><W61/><G61/><T34/><D34/><U59/><E113/><V84/><F67/><W18/><G18/><T7/><D7/><U99/><E99/><V106/><F106/><W26/><G26/><T126/><D77/><U45/><REACH who="1" step="1"/><E42/><REACH who="1" ten="207,79,371,333" step="2"/><V128/><F128/><W44/><G44/><N who="0" m="25991" /><D43/><U78/><E78/><V122/><F122/><W91/><G91/><N who="0" m="53631" /><D126/><U111/><E111/><V131/><F131/><W62/><G62/><T21/><D100/><AGARI ba="1,1" hai="0,1,13,16,23,97,100,107" m="49231,51755" machi="100" ten="30,11600,0" yaku="20,1,52,1,54,2" doraHai="19" who="3" fromWho="0" sc="207,-119,79,0,371,0,333,129" owari="88,-31.0,79,-42.0,371,17.0,462,56.0" /></mjloggm>