<mjloggm ver="2.3"><GO type="185" lobby="0"/><UN n0="%6E%69%6B%6F%6C%75%30%33" n1="%E3%81%AE%E3%83%BC%E3%81%97" n2="%4A%45%54%4D%41%4E%4E" n3="" dan="17,17,16,0" rate="2264.59,2266.81,2153.56,1500.00" sx="M,M,M,C"/><TAIKYOKU oya="0"/><INIT seed="0,0,0,5,1,116" ten="350,350,350,0" oya="0" hai0="79,51,89,93,62,84,40,96,78,100,77,42,67" hai1="106,105,95,87,99,109,43,108,92,58,52,73,53" hai2="91,37,60,68,104,135,32,63,86,81,0,50,115" hai3=""/><T123/><N who="0" m="31520" /><T113/><D113/><U88/><E73/><V59/><F115/><T35/><D35/><U101/><E43/><V128/><F32/><T3/><D3/><U75/><E75/><V61/><F0/><T122/><N who="0" m="31264" /><T120/><N who="0" m="30752" /><T134/><D51/><U118/><E118/><V38/><F68/><T112/><D134/><U103/><E53/><V34/><F104/><T56/><REACH who="0" step="1"/><D112/><REACH who="0" ten="340,350,350,0" step="2"/><U124/><E108/><V64/><F34/><T65/><D65/><U98/><E109/><V48/><F135/><T72/><D72/><U129/><E129/><V132/><F128/><T119/><D119/><U102/><E124/><V125/><F132/><T44/><D44/><U117/><E117/><V2/><F125/><T82/><AGARI ba="0,1" hai="40,42,56,62,67,77,78,79,82,84,89,93,96,100" m="30752,31264,31520" machi="82" ten="30,16000,3" yaku="1,1,0,1,8,1,52,6,53,0" doraHai="116" doraHaiUra="71" who="0" fromWho="0" sc="340,170,350,-80,350,-80,0,0" /><INIT seed="0,1,0,2,0,97" ten="510,270,270,0" oya="0" hai0="128,3,123,113,65,126,106,52,79,107,104,1,122" hai1="95,47,124,51,69,67,71,84,63,53,46,91,55" hai2="116,40,32,37,61,110,102,58,49,120,33,87,45" hai3=""/><T85/><N who="0" m="31264" /><T75/><N who="0" m="31520" /><T92/><D113/><U74/><E74/><V114/><N who="2" m="30752" /><V34/><F114/><T88/><D128/><U76/><E124/><V59/><F116/><T121/><N who="0" m="31008" /><T78/><D126/><U111/><E111/><V117/><F117/><T118/><D118/><U72/><E72/><V101/><F110/><T82/><D65/><U35/><E76/><V127/><F127/><T112/><D112/><U125/><E35/><V93/><F49/><T105/><D106/><U130/><E125/><V41/><F41/><T133/><D133/><U42/><E130/><V70/><F70/><T62/><REACH who="0" step="1"/><D79/><REACH who="0" ten="500,270,270,0" step="2"/><U119/><E119/><V86/><F32/><T132/><D132/><U103/><E67/><V131/><F131/><T36/><D36/><U54/><E71/><V135/><F135/><T57/><AGARI ba="1,1" hai="1,3,52,57,62,75,78,82,85,88,92,104,105,107" m="31008,31520,31264" machi="57" ten="40,12000,2" yaku="1,1,0,1,52,3,54,2,53,0" doraHai="97" doraHaiUra="99" who="0" fromWho="0" sc="500,132,270,-61,270,-61,0,0" /><INIT seed="0,2,0,4,5,58" ten="632,209,209,0" oya="0" hai0="70,109,59,53,118,50,126,123,135,81,51,47,116" hai1="121,83,44,87,82,69,32,73,60,57,133,92,112" hai2="96,102,134,88,90,91,40,67,114,2,79,3,105" hai3=""/><T49/><N who="0" m="31520" /><T41/><D81/><U68/><N who="1" m="31008" /><U85/><E32/><V64/><F114/><T42/><D126/><U52/><E112/><V75/><F134/><T61/><D135/><U106/><E106/><V115/><F115/><T71/><D109/><U78/><E133/><V98/><F40/><N who="0" m="15466" /><D47/><U74/><E92/><V108/><F108/><T54/><D53/><U120/><N who="1" m="30752" /><U93/><E93/><V122/><N who="2" m="31264" /><V56/><F98/><T33/><D33/><U125/><E125/><V97/><F97/><T124/><D124/><U99/><E99/><V62/><F79/><T127/><D127/><U46/><E46/><V86/><F86/><T132/><D132/><U117/><E44/><V39/><F75/><T55/><D55/><U77/><E117/><AGARI ba="2,0" hai="49,50,51,54,59,61,70,71,116,117,118" m="15466,31520" machi="117" ten="30,11600,0" yaku="34,2,52,2" doraHai="58" who="0" fromWho="1" sc="632,120,209,-120,209,0,0,0" /><INIT seed="0,3,0,1,5,108" ten="752,89,209,0" oya="0" hai0="79,70,60,47,121,92,39,135,59,78,43,126,75" hai1="100,94,50,130,55,72,99,77,89,109,116,71,74" hai2="112,3,128,73,52,82,90,56,53,46,95,85,107" hai3=""/><T33/><N who="0" m="31008" /><T58/><D33/><U45/><E116/><V1/><F128/><T97/><D135/><U131/><E130/><V83/><F107/><T61/><D126/><U96/><E109/><V32/><F32/><T37/><D37/><U102/><E71/><V54/><F56/><T119/><D119/><U114/><E131/><V65/><F65/><T129/><D129/><U64/><E64/><V69/><F69/><T67/><D75/><U62/><E62/><V91/><F73/><T51/><D39/><U57/><E77/><V76/><F76/><T0/><D0/><U68/><E68/><V124/><F124/><T87/><D87/><U40/><E89/><V103/><F90/><T93/><D70/><U122/><N who="1" m="31264" /><U132/><E132/><V2/><F103/><T106/><D67/><U101/><E101/><V41/><F112/><T81/><D79/><U38/><E114/><V120/><N who="2" m="30752" /><V111/><REACH who="2" step="1"/><F111/><REACH who="2" ten="752,89,199,0" step="2"/><T34/><D61/><U80/><REACH who="1" step="1"/><E80/><REACH who="1" ten="752,79,199,0" step="2"/><V63/><F63/><T127/><D81/><U84/><E84/><V35/><F35/><T117/><D78/><U49/><E49/><AGARI ba="3,2" hai="1,2,3,41,46,49,52,53,54,82,83,85,91,95" m="30752" machi="49" ten="50,6400,0" yaku="1,1,52,1,54,1,53,0" doraHai="108" doraHaiUra="113" who="2" fromWho="1" sc="752,0,79,-70,199,90,0,0" /><INIT seed="1,0,0,2,2,69" ten="752,9,289,0" oya="1" hai0="109,68,3,91,96,65,92,46,123,39,78,134,84" hai1="106,42,103,127,132,131,133,116,73,50,0,88,110" hai2="97,62,117,102,40,108,32,45,55,83,118,75,57" hai3=""/><U82/><E0/><V60/><F32/><T43/><N who="0" m="31520" /><T115/><D115/><U89/><E116/><V119/><F108/><T100/><D109/><U111/><E50/><V38/><F75/><T37/><D78/><U33/><E42/><V51/><REACH who="2" step="1"/><F83/><REACH who="2" ten="752,9,279,0" step="2"/><T105/><D3/><U81/><E33/><V44/><F44/><T63/><D134/><N who="1" m="51819" /><E131/><V126/><F126/><T104/><D37/><U36/><E36/><V1/><F1/><T130/><D130/><U41/><E127/><V74/><F74/><T54/><D39/><U128/><E128/><V67/><F67/><T66/><D66/><U48/><E73/><V112/><F112/><T70/><D65/><U76/><E81/><V52/><F52/><T114/><D54/><U107/><E111/><V80/><F80/><T86/><D114/><U85/><E110/><V129/><F129/><T113/><D113/><U47/><E107/><AGARI ba="0,1" hai="38,40,45,51,55,57,60,62,97,102,107,117,118,119" machi="107" ten="40,2600,0" yaku="1,1,52,1,53,0" doraHai="69" doraHaiUra="120" who="2" fromWho="1" sc="752,0,9,-26,279,36,0,0" owari="752,70.0,-17,-62.0,315,-8.0,0,0.0" /></mjloggm>