<mjloggm ver="2.3"><GO type="169" lobby="0"/><UN n0="%E3%81%8A%E3%81%8A%E3%81%8F%E3%81%95" n1="%4B%45%4E%2D%4F%47%41%53" n2="%52%45%49%4E%E6%A3%AE%E4%B9%85%E4%BF%9D%50" n3="%E4%B9%BE%E5%9D%A4%E5%8D%81%E4%BA%94%E6%93%B2" dan="17,16,16,16" rate="2205.21,2118.19,2119.30,2116.37" sx="M,M,M,M"/><TAIKYOKU oya="0"/><INIT seed="0,0,0,1,5,132" ten="250,250,250,250" oya="0" hai0="131,34,10,76,98,9,41,11,16,78,17,123,54" hai1="61,65,102,125,4,104,22,40,64,121,109,111,86" hai2="100,32,83,50,53,25,92,107,79,13,12,82,52" hai3="73,48,5,135,18,103,42,118,105,127,56,101,130"/><T69/><D123/><U94/><E121/><V49/><F107/><W51/><G118/><T75/><D34/><U84/><E40/><V108/><F108/><N who="1" m="41545" /><E104/><V1/><F1/><W113/><G135/><T71/><D131/><U74/><E74/><V20/><F32/><W30/><G130/><T26/><D41/><U81/><E4/><V57/><F100/><W45/><G113/><T19/><D75/><U117/><E117/><V70/><F92/><W3/><G73/><T87/><D26/><U77/><E22/><V112/><F70/><W15/><G30/><T80/><D76/><U67/><E125/><V114/><F79/><W128/><G128/><T63/><REACH who="0" step="1"/><D98/><REACH who="0" ten="240,250,250,250" step="2"/><N who="1" m="59735" /><E86/><V7/><F25/><W88/><G105/><T68/><D68/><AGARI ba="0,1" hai="61,64,65,67,68,77,81,84" m="59735,41545" machi="68" ten="30,1000,0" yaku="14,1" doraHai="132" who="1" fromWho="0" sc="240,-10,250,20,250,0,250,0" /><INIT seed="1,0,0,4,5,25" ten="230,270,250,250" oya="1" hai0="20,105,46,110,33,90,11,115,122,106,55,49,77" hai1="134,86,41,66,103,129,27,124,9,36,111,95,117" hai2="112,23,39,97,6,133,67,76,21,3,1,42,80" hai3="31,91,78,24,48,120,26,65,107,45,44,19,61"/><U12/><E117/><V38/><F133/><W135/><G107/><T94/><D33/><U71/><E134/><V10/><F112/><W108/><G135/><T96/><D115/><U43/><E129/><V16/><F3/><W121/><G108/><T68/><D110/><U32/><E111/><V56/><F23/><W8/><G78/><T74/><D68/><U47/><E124/><V51/><F97/><W64/><G64/><T83/><D122/><U50/><E71/><V4/><F4/><W18/><G121/><T63/><D63/><U35/><E66/><V116/><F116/><W15/><G120/><T100/><D100/><U57/><E27/><V69/><F69/><W30/><G91/><T93/><D93/><U17/><E86/><V113/><F113/><W13/><G61/><T7/><REACH who="0" step="1"/><D20/><REACH who="0" ten="220,270,250,250" step="2"/><U40/><E35/><V34/><F34/><W70/><G70/><T2/><AGARI ba="0,1" hai="2,7,11,46,49,55,74,77,83,90,94,96,105,106" machi="2" ten="20,5200,0" yaku="1,1,2,1,0,1,7,1,53,0" doraHai="25" doraHaiUra="58" who="0" fromWho="0" sc="220,62,270,-26,250,-13,250,-13" /><INIT seed="2,0,0,4,0,46" ten="282,244,237,237" oya="2" hai0="32,53,124,117,36,114,60,1,107,89,111,38,47" hai1="110,30,52,99,122,103,31,69,84,37,10,104,80" hai2="9,51,120,105,23,24,19,100,57,22,71,45,28" hai3="93,112,68,8,41,7,63,12,40,91,29,17,75"/><V25/><F71/><W39/><G75/><T97/><D1/><U108/><E122/><V21/><F120/><W16/><G112/><T18/><D32/><U126/><E126/><V54/><F105/><W102/><G102/><T50/><D111/><N who="1" m="42539" /><E37/><V130/><F100/><W14/><G29/><T118/><D114/><U128/><E128/><V67/><F130/><W134/><G134/><T86/><D124/><U3/><E69/><V92/><F92/><W62/><G7/><T129/><D129/><U82/><E82/><V76/><F76/><W26/><G26/><T4/><D4/><N who="1" m="1311" /><E52/><N who="2" m="29807" /><F67/><W87/><G39/><T43/><D38/><U66/><E66/><V78/><F78/><AGARI ba="0,0" hai="30,31,78,80,84,99,103,104" m="1311,42539" machi="78" ten="30,1000,0" yaku="14,1" doraHai="46" who="1" fromWho="2" sc="282,0,244,10,237,-10,237,0" /><INIT seed="3,0,0,5,2,104" ten="282,254,227,237" oya="3" hai0="93,90,27,109,110,4,121,29,80,36,28,39,45" hai1="77,12,30,1,129,114,49,48,100,43,107,84,92" hai2="66,106,24,79,126,85,78,38,16,125,87,71,57" hai3="34,118,25,103,10,81,42,94,37,15,33,95,55"/><W88/><G118/><T22/><D121/><U54/><E1/><V69/><F38/><W7/><G37/><T0/><D29/><U13/><E107/><V108/><F57/><W112/><G42/><T123/><D123/><U97/><E30/><V6/><F106/><W124/><G124/><N who="2" m="47721" /><F6/><W58/><G112/><T105/><D105/><U31/><E31/><V23/><F108/><N who="0" m="41578" /><D45/><U68/><E68/><N who="2" m="26187" /><F66/><W17/><G34/><T52/><D52/><U41/><E114/><V65/><F65/><W18/><G33/><T76/><D0/><U47/><E129/><V127/><N who="2" m="47729" /><V91/><DORA hai="61" /><F87/><W98/><G81/><AGARI ba="0,0" hai="16,23,24,78,79,81,85,91" m="26187,47729" machi="81" ten="40,2600,0" yaku="18,1,54,1" doraHai="104,61" who="2" fromWho="3" sc="282,0,254,0,227,26,237,-26" /><INIT seed="4,0,0,1,2,1" ten="282,254,253,211" oya="0" hai0="82,116,111,0,78,5,88,64,13,36,56,48,54" hai1="44,100,76,8,125,41,67,63,112,80,12,124,61" hai2="105,123,75,106,6,108,97,71,65,20,11,60,122" hai3="72,85,79,55,131,81,9,115,101,118,50,109,69"/><T96/><D116/><U94/><E112/><V2/><F20/><W3/><G118/><T126/><D36/><U27/><E27/><V19/><F19/><W121/><G121/><N who="2" m="46089" /><F97/><W15/><G115/><T95/><D126/><N who="1" m="48747" /><E100/><V29/><F29/><W83/><G3/><T68/><D111/><U103/><E94/><V51/><F51/><W34/><G34/><T107/><D107/><N who="2" m="40970" /><F75/><W102/><G109/><AGARI ba="0,0" hai="2,6,11,60,65,71,108,109" m="40970,46089" machi="109" ten="30,2000,0" yaku="23,1,52,1" doraHai="1" who="2" fromWho="3" sc="282,0,254,0,253,20,211,-20" /><INIT seed="5,0,0,5,3,75" ten="282,254,273,191" oya="1" hai0="100,51,69,93,115,71,32,131,116,110,106,21,16" hai1="5,84,60,126,68,39,95,88,29,41,23,119,54" hai2="66,2,25,12,132,78,89,27,113,101,86,57,13" hai3="33,58,87,18,40,129,62,73,83,43,105,111,55"/><U45/><E126/><V28/><F2/><W30/><G111/><T124/><D32/><U56/><E119/><V97/><F132/><W122/><G73/><T107/><D107/><U112/><E112/><V135/><F135/><W74/><G74/><T67/><D106/><U90/><E5/><V44/><F44/><W20/><G129/><T114/><D110/><U77/><E29/><V17/><F113/><W96/><G122/><T15/><D71/><U125/><E125/><V121/><F121/><W35/><G35/><T65/><D69/><U36/><E36/><V102/><F89/><W9/><G9/><T99/><D131/><U104/><E104/><V130/><F130/><W94/><G30/><T48/><D116/><U127/><E23/><V91/><F91/><W49/><G33/><T59/><D124/><U24/><E24/><V42/><F42/><W103/><G105/><T3/><D3/><U63/><E95/><V134/><F134/><W1/><G1/><T46/><D115/><U72/><E72/><V52/><F66/><W19/><G20/><T22/><D21/><U133/><E133/><V38/><F28/><W70/><G43/><N who="0" m="24671" /><D114/><U108/><E108/><V34/><F34/><W11/><G11/><T10/><D10/><U47/><E47/><V31/><F31/><W81/><G70/><T80/><D80/><N who="1" m="47119" /><E127/><V6/><F38/><W92/><G83/><T4/><D4/><U37/><E37/><V109/><F6/><W53/><G81/><T14/><D14/><U79/><E79/><V7/><F109/><W128/><G128/><T117/><D117/><RYUUKYOKU ba="0,0" sc="282,15,254,15,273,-15,191,-15" hai0="15,16,22,51,59,65,67,93,99,100" hai1="39,41,45,54,56,60,63,68,88,90" /><INIT seed="5,1,0,5,0,101" ten="297,269,258,176" oya="1" hai0="58,23,111,96,53,102,97,95,9,41,3,88,103" hai1="93,117,6,42,19,135,52,73,68,50,69,106,59" hai2="21,107,92,104,34,35,40,84,36,10,37,83,1" hai3="24,80,94,116,89,123,86,90,121,51,39,29,105"/><U63/><E117/><V134/><F92/><W87/><G39/><N who="2" m="14921" /><F21/><W128/><G116/><T99/><D111/><U17/><E135/><V46/><F84/><W7/><G7/><T70/><D70/><U113/><E113/><V118/><F83/><W8/><G8/><T18/><D41/><U79/><E6/><N who="2" m="1359" /><F118/><W16/><G128/><T22/><D3/><U26/><E79/><V109/><F109/><W132/><G132/><T27/><D23/><U64/><E73/><V2/><F134/><W98/><G51/><N who="0" m="31039" /><D9/><U49/><E69/><V32/><F2/><W127/><G29/><T71/><D71/><U100/><E93/><V108/><F108/><W5/><G5/><T57/><D57/><U74/><E74/><V65/><F65/><W25/><G25/><T67/><D67/><U12/><E12/><V62/><F62/><W85/><G16/><T115/><D115/><U129/><E129/><V76/><F76/><W14/><G14/><T15/><D27/><U30/><E50/><V47/><F47/><W131/><G24/><T48/><D48/><U44/><E44/><V45/><F45/><W56/><G56/><T120/><D120/><N who="3" m="46153" /><G131/><T61/><D61/><U55/><E55/><V77/><F77/><W31/><G31/><T75/><D75/><U114/><E114/><V28/><F28/><W130/><G130/><T0/><D0/><U125/><E42/><V33/><N who="2" m="8192" /><DORA hai="38" /><V72/><F72/><W122/><G122/><T119/><D119/><U133/><E133/><V126/><F126/><W91/><G127/><T78/><D78/><U54/><E125/><RYUUKYOKU ba="1,0" sc="297,15,269,-15,258,15,176,-15" hai0="15,18,22,88,95,96,97,99,102,103" hai2="40,46,104,107" /><INIT seed="6,2,0,2,4,97" ten="312,254,273,161" oya="2" hai0="77,66,91,4,55,3,128,35,86,87,58,113,108" hai1="19,34,90,60,83,36,37,40,13,57,38,41,107" hai2="7,17,93,80,22,125,32,110,50,16,33,73,74" hai3="85,132,130,14,28,116,30,133,100,127,72,1,95"/><V42/><F7/><W131/><G1/><T76/><D35/><U115/><E34/><V9/><F125/><W6/><G72/><T112/><D108/><U63/><E107/><V134/><F110/><W70/><G70/><T111/><D66/><U12/><E115/><N who="0" m="44105" /><D86/><U81/><E90/><V52/><F42/><W79/><G116/><T20/><D20/><U121/><E121/><V103/><F134/><N who="3" m="51819" /><G6/><T5/><D128/><N who="3" m="49193" /><G14/><T109/><D4/><U78/><E13/><N who="2" m="7215" /><F32/><W39/><G39/><T26/><D26/><U65/><E63/><V15/><F33/><W56/><G56/><T44/><D58/><U67/><E65/><V24/><F74/><W92/><G30/><T49/><D5/><U23/><REACH who="1" step="1"/><E83/><REACH who="1" ten="312,244,273,161" step="2"/><V98/><F80/><N who="3" m="47263" /><G28/><T59/><D3/><U10/><E10/><V105/><F73/><AGARI ba="2,1" hai="12,19,23,36,37,38,40,41,57,60,67,73,78,81" machi="73" ten="40,1300,0" yaku="1,1,53,0" doraHai="97" doraHaiUra="29" who="1" fromWho="2" sc="312,0,244,29,273,-19,161,0" /><INIT seed="7,0,0,5,2,88" ten="312,273,254,161" oya="3" hai0="68,27,52,35,2,95,131,115,29,33,93,30,38" hai1="125,74,97,132,109,103,84,120,118,100,53,134,92" hai2="111,79,37,1,126,105,114,107,129,135,94,7,64" hai3="50,70,99,57,102,127,4,101,80,78,23,96,6"/><W122/><G70/><T90/><D2/><U34/><E34/><V66/><F79/><W71/><G71/><T85/><D38/><U116/><E120/><V56/><F56/><W82/><G122/><T9/><D9/><U112/><E112/><V73/><F7/><W69/><G69/><T98/><D68/><U49/><E74/><V87/><F73/><W76/><G127/><T32/><D115/><U45/><E109/><V39/><F114/><W15/><G57/><T12/><D12/><U89/><E103/><V55/><F87/><W21/><G15/><T5/><D5/><U22/><E22/><V54/><F1/><W117/><REACH who="3" step="1"/><G50/><REACH who="3" ten="312,273,254,151" step="2"/><T58/><D58/><U83/><REACH who="1" step="1"/><E125/><REACH who="1" ten="312,263,254,151" step="2"/><V65/><F126/><W36/><G36/><T44/><D33/><U62/><E62/><V61/><F37/><W106/><G106/><T51/><D35/><U123/><E123/><V47/><F61/><W119/><AGARI ba="0,2" hai="4,6,21,23,76,78,80,82,96,99,101,102,117,119" machi="119" ten="25,9600,0" yaku="1,1,0,1,22,2,53,0" doraHai="88" doraHaiUra="43" who="3" fromWho="3" sc="312,-32,263,-32,254,-32,151,116" /><INIT seed="7,1,0,0,2,5" ten="280,231,222,267" oya="3" hai0="34,23,88,57,92,94,52,134,1,9,10,41,133" hai1="29,65,19,124,99,80,67,45,31,116,77,12,128" hai2="132,7,33,130,97,117,123,109,42,15,90,95,21" hai3="101,11,60,64,61,87,58,24,49,83,35,110,115"/><W69/><G115/><T6/><D34/><U17/><E116/><V103/><F117/><W27/><G110/><T89/><D41/><U129/><E124/><V50/><F109/><W26/><G101/><T93/><D10/><N who="1" m="6295" /><E99/><V54/><F33/><W36/><G36/><T100/><D23/><U104/><E104/><V113/><F113/><W125/><G125/><T114/><D100/><U16/><E45/><V56/><F123/><W76/><G49/><N who="0" m="30863" /><D114/><U44/><E44/><V37/><F132/><AGARI ba="1,0" hai="1,6,9,88,89,92,93,94,132,133,134" m="30863" machi="132" ten="30,7700,0" yaku="20,1,52,1,54,2" doraHai="5" who="0" fromWho="2" sc="280,80,231,0,222,-80,267,0" owari="360,46.0,231,-17.0,142,-36.0,267,7.0" /></mjloggm>