<mjloggm ver="2.3"><GO type="169" lobby="0"/><UN n0="%E4%B8%BB%E5%B8%AD" n1="%41%2E%4B%39%6D%65%63" n2="%64%61%6E%6E%63%68%69" n3="%E3%83%8E%E3%82%AA%E3%83%81%E3%83%A3%E3%83%99%E3%82%B9" dan="16,17,17,16" rate="2131.97,2278.71,2167.80,2088.10" sx="M,M,M,M"/><TAIKYOKU oya="0"/><INIT seed="0,0,0,1,5,84" ten="250,250,250,250" oya="0" hai0="117,32,85,42,125,39,33,121,56,14,37,64,70" hai1="26,13,94,86,116,20,133,30,21,45,48,25,2" hai2="87,31,61,8,52,38,100,12,47,60,62,81,131" hai3="98,102,68,74,127,120,24,69,11,49,122,113,0"/><T41/><D117/><U129/><E2/><V75/><F131/><W106/><G74/><T101/><D121/><U59/><E129/><V43/><F100/><W16/><G113/><T71/><D125/><U3/><E3/><V76/><F31/><W134/><G127/><T53/><D101/><U88/><E133/><V97/><F97/><W114/><G114/><T107/><D14/><U54/><E116/><V6/><REACH who="2" step="1"/><F75/><REACH who="2" ten="250,250,240,250" step="2"/><W92/><G134/><T7/><D85/><U40/><E13/><V135/><F135/><W23/><G122/><T67/><D107/><U126/><E126/><V78/><F78/><W82/><G120/><T109/><D109/><U118/><E118/><V55/><AGARI ba="0,1" hai="6,8,12,38,43,47,52,55,60,61,62,76,81,87" machi="55" ten="30,12000,2" yaku="1,1,0,1,54,1,53,3" doraHai="84" doraHaiUra="58" who="2" fromWho="2" sc="250,-60,250,-30,240,130,250,-30" /><INIT seed="1,0,0,0,5,34" ten="190,220,370,220" oya="1" hai0="134,95,3,70,121,102,109,32,118,0,72,99,62" hai1="29,33,93,6,26,104,31,55,85,128,74,84,57" hai2="60,56,119,123,35,87,129,39,127,83,65,92,86" hai3="110,117,77,98,126,116,36,42,17,133,100,40,7"/><U59/><E104/><V45/><F35/><W108/><G17/><T96/><D118/><N who="3" m="45673" /><G77/><T15/><D72/><U113/><E113/><V71/><F123/><W131/><G36/><T46/><D32/><U13/><E74/><V52/><F119/><W107/><G42/><T43/><D121/><U49/><E128/><V82/><F129/><W37/><G131/><T5/><D109/><N who="3" m="42089" /><G7/><T90/><D134/><U44/><E31/><V78/><F127/><W30/><G30/><T114/><D114/><U19/><E6/><V25/><F25/><W132/><G40/><T79/><D79/><U111/><E111/><V24/><F24/><W41/><G41/><T12/><D5/><U64/><E64/><V61/><F39/><W53/><G53/><T112/><D112/><U97/><E84/><V106/><F106/><W54/><G54/><T21/><D21/><U51/><E85/><V47/><REACH who="2" step="1"/><F92/><REACH who="2" ten="190,220,360,220" step="2"/><W125/><G37/><T89/><D95/><U122/><E122/><V105/><F105/><W2/><G2/><T10/><D0/><U81/><E81/><V1/><F1/><W50/><G50/><T18/><D3/><U11/><REACH who="1" step="1"/><E51/><REACH who="1" ten="190,210,360,220" step="2"/><V48/><F48/><W67/><G67/><T76/><D62/><U69/><E69/><V80/><F80/><W58/><G58/><T20/><D70/><U68/><E68/><V103/><F103/><AGARI ba="0,2" hai="11,13,19,26,29,33,44,49,55,57,59,93,97,103" machi="103" ten="30,5800,0" yaku="1,1,7,1,53,1" doraHai="34" doraHaiUra="28" who="1" fromWho="2" sc="190,0,210,78,360,-58,220,0" /><INIT seed="1,1,0,2,1,125" ten="190,288,302,220" oya="1" hai0="116,101,135,112,66,44,63,1,12,23,82,87,95" hai1="107,16,127,40,27,96,100,99,38,6,97,71,123" hai2="57,50,69,53,21,94,119,10,103,75,11,0,118" hai3="105,51,28,133,110,108,109,37,134,124,83,18,62"/><U31/><E123/><V42/><F75/><W45/><G105/><T70/><D116/><U85/><E71/><V79/><F69/><W48/><G28/><T30/><D1/><U58/><E127/><V43/><F79/><W92/><G124/><T26/><D112/><U61/><E6/><V77/><F77/><W36/><G83/><T32/><D135/><N who="3" m="51721" /><G92/><T67/><D67/><U121/><E121/><V76/><F76/><W60/><G18/><T2/><D2/><U41/><E85/><V98/><F0/><W120/><G120/><T115/><D115/><U93/><E38/><N who="3" m="14954" /><G51/><T35/><D12/><U89/><E99/><V29/><F118/><W59/><G59/><T19/><D44/><U128/><E128/><V117/><F117/><W86/><G86/><T46/><D46/><U9/><E9/><N who="2" m="3083" /><F119/><W39/><G39/><T65/><D30/><U80/><E80/><V17/><F29/><W25/><G25/><AGARI ba="1,0" hai="17,21,25,42,43,50,53,57,94,98,103" m="3083" machi="25" ten="30,1000,0" yaku="8,1" doraHai="125" who="2" fromWho="3" sc="190,0,288,0,302,13,220,-13" /><INIT seed="2,0,0,0,3,27" ten="190,288,315,207" oya="2" hai0="24,43,56,129,26,128,25,100,133,104,58,50,51" hai1="52,99,8,22,70,73,75,108,69,103,125,135,35" hai2="124,65,3,47,74,6,98,78,10,32,96,38,93" hai3="89,71,111,62,18,44,9,84,60,110,82,95,2"/><V132/><F124/><W77/><G71/><T67/><D133/><U63/><E35/><V88/><F132/><W29/><G44/><T28/><D104/><U123/><E125/><V91/><F65/><W106/><G106/><T83/><D100/><U101/><E108/><N who="3" m="41514" /><G29/><T105/><D105/><U116/><E116/><V7/><F7/><N who="3" m="1271" /><G18/><T90/><D43/><U14/><E135/><V86/><F32/><W72/><AGARI ba="0,0" hai="60,62,72,77,82,84,89,95" m="1271,41514" machi="72" ten="30,1100,0" yaku="14,1" doraHai="27" who="3" fromWho="3" sc="190,-3,288,-3,315,-5,207,11" /><INIT seed="3,0,0,2,0,71" ten="187,285,310,218" oya="3" hai0="53,86,122,96,83,92,51,23,105,89,77,64,58" hai1="14,95,84,94,57,35,63,100,28,18,74,115,103" hai2="125,88,7,128,26,123,134,73,116,107,6,52,119" hai3="99,36,22,111,135,112,17,98,34,30,90,120,37"/><W44/><G112/><T68/><D122/><U43/><E74/><V40/><F107/><W70/><G120/><T132/><D132/><U55/><E115/><V16/><F123/><W78/><G135/><T76/><D105/><U42/><E28/><V50/><F134/><W65/><G78/><T56/><D68/><U10/><E35/><V39/><F73/><W109/><G30/><T133/><D133/><U93/><REACH who="1" step="1"/><E84/><REACH who="1" ten="187,275,310,218" step="2"/><V60/><F119/><W59/><G34/><T3/><D3/><U61/><E61/><V124/><F116/><W1/><G1/><T13/><D64/><U117/><E117/><V85/><F60/><N who="3" m="38047" /><G70/><T47/><D77/><U19/><E19/><AGARI ba="0,1" hai="13,19,23,47,51,53,56,58,76,83,86,89,92,96" machi="19" ten="40,1300,0" yaku="8,1" doraHai="71" who="0" fromWho="1" sc="187,23,275,-13,310,0,218,0" /><INIT seed="4,0,0,5,4,64" ten="210,262,310,218" oya="0" hai0="28,42,14,37,103,131,51,110,97,108,61,5,98" hai1="88,59,126,116,48,91,130,112,29,101,34,66,90" hai2="43,55,99,80,33,11,95,77,70,23,115,104,93" hai3="45,96,122,30,58,83,128,89,118,60,15,13,72"/><T32/><D37/><U102/><E116/><V36/><F33/><W125/><G118/><T21/><D131/><U4/><E130/><V31/><F115/><W114/><G114/><T84/><D32/><U79/><E112/><V16/><F70/><W123/><G30/><T74/><D74/><U132/><E132/><V69/><F69/><W65/><G128/><T12/><D61/><U67/><E126/><V120/><F120/><N who="3" m="46123" /><G125/><T40/><D84/><U20/><E4/><V111/><F111/><N who="0" m="42538" /><D98/><U24/><E79/><V7/><F31/><W2/><G2/><T49/><D28/><U17/><E66/><V8/><F55/><W18/><G45/><N who="0" m="25767" /><D21/><U53/><REACH who="1" step="1"/><E67/><REACH who="1" ten="210,252,310,218" step="2"/><V78/><F78/><N who="3" m="44487" /><G18/><T19/><D5/><U109/><E109/><V44/><F7/><W94/><AGARI ba="0,1" hai="13,15,58,60,65,89,94,96" m="44487,46123" machi="94" ten="30,1100,0" yaku="13,1" doraHai="64" who="3" fromWho="3" sc="210,-5,252,-3,310,-3,218,21" /><INIT seed="5,0,0,5,4,3" ten="205,249,307,239" oya="1" hai0="111,127,134,109,77,121,37,26,36,90,79,91,8" hai1="89,24,30,11,29,85,40,123,83,84,80,16,57" hai2="35,25,108,52,104,62,75,101,93,0,47,27,13" hai3="67,42,17,135,87,10,21,12,61,43,1,130,51"/><U56/><E123/><V32/><F75/><W65/><G130/><T33/><D121/><U116/><E116/><V7/><F0/><W46/><G135/><T82/><D8/><U120/><E40/><V78/><F78/><W92/><G43/><T71/><D71/><U100/><E100/><V49/><F104/><W58/><G87/><T110/><D134/><U69/><E69/><V122/><F122/><W39/><G92/><T76/><D127/><U5/><E120/><V22/><F108/><W129/><G129/><T4/><D4/><U50/><E50/><V48/><F62/><W125/><G125/><T31/><REACH who="0" step="1"/><D82/><REACH who="0" ten="195,249,307,239" step="2"/><U126/><E126/><V94/><F7/><N who="3" m="3167" /><G1/><T64/><D64/><U53/><E5/><V73/><F35/><W60/><G39/><AGARI ba="0,1" hai="26,31,33,36,37,39,76,77,79,90,91,109,110,111" machi="39" ten="50,1600,0" yaku="1,1,53,0" doraHai="3" doraHaiUra="38" who="0" fromWho="3" sc="195,26,249,0,307,0,239,-16" /><INIT seed="6,0,0,3,4,44" ten="221,249,307,223" oya="2" hai0="78,125,122,121,49,88,34,51,20,85,83,63,123" hai1="119,47,82,11,91,28,24,31,2,124,90,132,37" hai2="70,61,69,14,109,6,68,50,113,46,39,64,86" hai3="27,58,3,79,128,16,96,98,129,55,18,56,65"/><V40/><F113/><W26/><G79/><T53/><D34/><U111/><E111/><V105/><F105/><W112/><G65/><T103/><D125/><U133/><E119/><V87/><F109/><W73/><G55/><T42/><D103/><U71/><E71/><V17/><F6/><W135/><G3/><T76/><D20/><U102/><E102/><V101/><F101/><W5/><G5/><T54/><D63/><U19/><E124/><V92/><F39/><W22/><G22/><T130/><D42/><N who="1" m="22991" /><E82/><V94/><F86/><W41/><G41/><T29/><D29/><N who="1" m="11339" /><E2/><V134/><F134/><N who="1" m="51817" /><E24/><V36/><F36/><W107/><G135/><T126/><D126/><U30/><N who="1" m="11347" /><U110/><DORA hai="115" /><E110/><V74/><F68/><W8/><G112/><T60/><D130/><U57/><E57/><V95/><F69/><W25/><G73/><T38/><D38/><U67/><E67/><V12/><F74/><W45/><G45/><T106/><D60/><U81/><E81/><V7/><F70/><W117/><G27/><T62/><D62/><U99/><E99/><V9/><F61/><W33/><G8/><T23/><D23/><U48/><E48/><N who="0" m="18505" /><D106/><U93/><E93/><V97/><F97/><W15/><G107/><T127/><D127/><U100/><E100/><V120/><F64/><W32/><G15/><AGARI ba="0,0" hai="11,15,19,90,91" m="51817,11347,22991" machi="15" ten="40,1300,0" yaku="20,1" doraHai="44,115" who="1" fromWho="3" sc="221,0,249,13,307,0,223,-13" /><INIT seed="7,0,0,1,2,23" ten="221,262,307,210" oya="3" hai0="124,126,18,64,83,69,8,103,26,32,35,16,85" hai1="112,72,107,31,111,19,61,95,59,123,20,28,38" hai2="118,92,96,65,88,106,100,135,43,7,25,14,24" hai3="57,130,63,54,36,4,15,22,55,94,110,101,3"/><W119/><G119/><T97/><D69/><U27/><E107/><V93/><F118/><W13/><G36/><T71/><D71/><U74/><E111/><V50/><F135/><W66/><G110/><T108/><D64/><U77/><E123/><V6/><F65/><W80/><G130/><T0/><D108/><U129/><E38/><V75/><F75/><W10/><G80/><T37/><D37/><U30/><E129/><V99/><F106/><W109/><G109/><T42/><D42/><U5/><E112/><V76/><F76/><W121/><G121/><T62/><D62/><U78/><E5/><N who="2" m="1547" /><F14/><W60/><G3/><T86/><D0/><U79/><REACH who="1" step="1"/><E95/><REACH who="1" ten="221,252,307,210" step="2"/><V40/><F40/><W104/><G104/><T116/><D116/><U114/><E114/><V49/><F43/><W70/><G70/><T117/><D117/><U87/><E87/><V33/><F33/><W45/><G45/><T67/><D85/><U51/><E51/><AGARI ba="0,1" hai="24,25,49,50,51,88,92,93,96,99,100" m="1547" machi="51" ten="30,7700,0" yaku="8,1,52,2,54,1" doraHai="23" who="2" fromWho="1" sc="221,0,252,-77,307,87,210,0" owari="221,2.0,175,-32.0,394,49.0,210,-19.0" /></mjloggm>