<mjloggm ver="2.3"><GO type="169" lobby="0"/><UN n0="%63%6C%75%74%63%68%37%33" n1="%E3%81%82%E3%81%84%E3%81%A0%E3%81%A6" n2="%E9%88%B4%E4%BE%8D" n3="%EF%BC%BC%28%EF%BC%BE%6F%EF%BC%BE%29%EF%BC%8F%E2%98%85" dan="17,16,18,17" rate="2169.12,2104.31,2263.19,2222.12" sx="M,M,M,M"/><TAIKYOKU oya="0"/><INIT seed="0,0,0,5,4,5" ten="250,250,250,250" oya="0" hai0="51,92,18,23,16,113,111,42,73,70,36,95,132" hai1="69,122,102,60,37,88,75,55,26,29,64,134,31" hai2="57,6,8,119,28,13,68,72,10,14,97,107,80" hai3="100,98,25,30,110,74,127,3,49,106,91,118,11"/><T62/><D113/><U19/><E134/><V21/><F68/><W135/><G110/><T1/><D132/><U45/><E75/><V93/><F119/><W116/><G135/><T105/><D105/><U24/><E102/><V32/><F32/><W12/><G3/><T133/><D133/><U85/><E122/><V117/><F117/><W108/><G108/><T52/><D73/><U84/><E84/><V50/><F107/><W112/><G127/><T7/><D18/><U115/><E115/><V104/><F80/><W125/><G74/><T83/><D83/><U66/><E66/><V71/><F71/><W53/><G91/><T54/><D54/><U40/><E55/><N who="2" m="31991" /><F104/><W2/><G2/><T79/><D79/><U41/><E41/><V126/><F126/><W61/><G61/><T38/><D38/><U20/><REACH who="1" step="1"/><E26/><REACH who="1" ten="250,240,250,250" step="2"/><N who="2" m="16463" /><F72/><W129/><G112/><T27/><D111/><U99/><E99/><V87/><F87/><W90/><G125/><T67/><D42/><U82/><AGARI ba="0,1" hai="19,20,24,29,31,37,40,45,60,64,69,82,85,88" machi="82" ten="20,5200,0" yaku="1,1,0,1,7,1,54,1,53,0" doraHai="5" doraHaiUra="46" who="1" fromWho="1" sc="250,-26,240,62,250,-13,250,-13" /><INIT seed="1,0,0,2,2,44" ten="224,302,237,237" oya="1" hai0="100,85,123,66,88,84,27,11,59,51,135,9,104" hai1="80,26,92,134,102,16,82,72,37,0,99,98,7" hai2="31,70,53,50,54,130,2,15,114,125,41,105,117" hai3="124,47,3,30,74,24,120,115,21,109,34,42,13"/><U133/><E37/><V101/><F117/><W111/><G74/><T56/><D135/><N who="1" m="51723" /><E0/><V48/><F2/><W68/><G68/><T97/><D123/><U116/><E7/><V46/><F70/><W35/><G120/><T20/><D84/><U67/><E67/><V58/><F125/><W64/><G64/><T90/><D90/><N who="1" m="55575" /><E72/><V110/><F110/><W126/><G3/><T38/><D38/><U112/><E112/><V5/><F130/><W83/><G115/><T127/><D127/><N who="3" m="48681" /><G83/><N who="1" m="31786" /><E16/><V73/><F73/><W103/><G103/><T86/><D86/><U17/><E17/><V129/><F129/><W8/><G47/><T77/><D66/><U63/><E63/><V39/><F31/><W22/><G42/><T65/><D65/><U76/><E26/><V60/><F114/><W43/><G43/><T128/><D128/><U25/><E25/><V29/><F29/><W91/><G91/><T113/><D113/><U79/><E116/><V108/><F39/><W45/><G45/><T131/><D131/><U75/><E75/><V87/><F41/><W12/><G12/><T36/><D36/><U19/><E19/><V28/><F28/><W106/><G22/><T4/><D4/><U89/><E89/><V122/><F5/><N who="3" m="3215" /><G106/><AGARI ba="0,0" hai="76,79,99,102,106" m="31786,55575,51723" machi="106" ten="30,5800,0" yaku="20,1,34,2" doraHai="44" who="1" fromWho="3" sc="224,0,302,58,237,0,237,-58" /><INIT seed="1,1,0,0,3,40" ten="224,360,237,179" oya="1" hai0="93,19,135,101,21,55,51,10,17,105,83,132,127" hai1="33,71,38,115,126,92,85,70,131,61,114,66,41" hai2="60,16,47,59,86,111,58,14,68,95,89,18,133" hai3="63,77,67,109,0,56,28,46,4,76,36,130,20"/><U48/><E33/><V54/><F111/><W97/><G109/><T98/><D127/><U79/><E79/><V45/><F133/><W5/><G130/><T26/><D83/><U88/><E131/><V80/><F68/><W3/><G3/><T73/><D73/><U24/><E126/><V122/><F122/><W12/><G0/><T82/><D82/><U78/><E78/><N who="2" m="46359" /><F59/><W108/><G108/><T113/><D113/><U84/><E84/><N who="2" m="52647" /><F18/><W72/><G72/><T96/><D10/><AGARI ba="1,0" hai="10,14,16,45,47,54,58,60" m="52647,46359" machi="10" ten="30,7700,0" yaku="8,1,52,2,54,1" doraHai="40" who="2" fromWho="0" sc="224,-80,360,0,237,80,179,0" /><INIT seed="2,0,0,1,5,109" ten="144,360,317,179" oya="2" hai0="34,116,49,26,6,65,71,10,23,128,83,102,123" hai1="9,61,46,52,38,88,106,76,1,56,121,74,55" hai2="51,36,40,30,103,87,97,24,80,68,13,73,94" hai3="28,130,72,64,118,41,107,11,132,18,96,14,67"/><V104/><F36/><W69/><G118/><T2/><D123/><U108/><E106/><V5/><F68/><W0/><G72/><T16/><D116/><U85/><E108/><V110/><F110/><W77/><G77/><T20/><D128/><U98/><E98/><V44/><F73/><W43/><G130/><T134/><D134/><U84/><E84/><V39/><F39/><W91/><G132/><T53/><D102/><U112/><E112/><V105/><F5/><W79/><G79/><T37/><D37/><U15/><E1/><V35/><REACH who="2" step="1"/><F13/><REACH who="2" ten="144,360,307,179" step="2"/><W99/><G69/><T21/><D71/><U81/><E121/><V131/><F131/><W58/><G0/><T50/><D2/><U3/><E3/><V101/><F101/><W78/><G14/><T54/><D6/><U25/><E38/><V31/><F31/><W70/><G28/><T124/><D124/><U75/><E75/><V95/><F95/><W57/><G70/><T90/><D83/><U17/><E74/><V48/><F48/><W29/><G29/><T114/><D50/><N who="1" m="28759" /><E76/><AGARI ba="0,1" hai="24,30,35,40,44,51,76,80,87,94,97,103,104,105" machi="76" ten="30,2900,0" yaku="1,1,7,1,53,0" doraHai="109" doraHaiUra="113" who="2" fromWho="1" sc="144,0,360,-29,307,39,179,0" /><INIT seed="2,1,0,0,2,24" ten="144,331,346,179" oya="2" hai0="77,1,80,131,27,114,74,9,15,51,48,120,123" hai1="128,102,98,135,49,60,57,70,84,81,12,33,130" hai2="121,18,3,66,133,37,11,72,56,26,43,16,97" hai3="46,8,122,39,71,73,101,87,17,89,69,118,117"/><V94/><F121/><W40/><G73/><T113/><D1/><U50/><E70/><V125/><F72/><W68/><G122/><T124/><D124/><U58/><E33/><V41/><F125/><W47/><G101/><T107/><D107/><U111/><E12/><V93/><F133/><W44/><G40/><T95/><D131/><N who="1" m="50219" /><E111/><V110/><F110/><W61/><G39/><T90/><D120/><U78/><E135/><V86/><F37/><W22/><G61/><T67/><D67/><N who="1" m="39311" /><E58/><V91/><F56/><W65/><G8/><T13/><D123/><U127/><E127/><V52/><F66/><W32/><G32/><T0/><D0/><U36/><E36/><V112/><F112/><W116/><G65/><T83/><D27/><U132/><E132/><V23/><F52/><W35/><G35/><T100/><D15/><U96/><E96/><V109/><F109/><W108/><G108/><T82/><D114/><U75/><E75/><V14/><REACH who="2" step="1"/><F3/><REACH who="2" ten="144,331,336,179" step="2"/><W76/><G71/><T63/><D113/><U7/><E49/><V19/><F19/><W42/><G69/><T79/><D63/><U54/><E54/><V6/><F6/><W20/><G68/><T59/><D51/><U55/><E55/><V28/><F28/><W2/><G17/><N who="0" m="8367" /><D48/><U99/><E50/><V106/><F106/><W115/><G115/><T104/><D59/><U92/><E7/><V45/><F45/><W64/><G64/><T10/><D74/><U31/><E31/><V129/><F129/><W119/><N who="3" m="29696" /><DORA hai="85" /><W4/><G2/><T88/><D104/><U21/><E21/><RYUUKYOKU ba="1,1" sc="144,-15,331,15,336,15,179,-15" hai1="78,81,84,92,98,99,102" hai2="11,14,16,18,23,26,41,43,86,91,93,94,97" /><INIT seed="2,2,1,4,1,13" ten="129,346,351,164" oya="2" hai0="109,106,117,128,18,9,130,84,81,48,59,129,7" hai1="101,65,98,32,8,94,93,68,30,104,102,38,61" hai2="58,88,2,119,103,85,132,51,5,64,14,37,72" hai3="31,97,71,115,26,46,0,127,70,118,42,121,96"/><V133/><F119/><W73/><G121/><T11/><D106/><U108/><E108/><V15/><F37/><W135/><G118/><T112/><D112/><U27/><E38/><V36/><F36/><W41/><G0/><T54/><D109/><U110/><E110/><V22/><F72/><W123/><G73/><T87/><D117/><U86/><E101/><V67/><F103/><W111/><G123/><T10/><D87/><U95/><REACH who="1" step="1"/><E8/><REACH who="1" ten="129,336,351,164" step="2"/><N who="2" m="4367" /><F133/><W56/><G135/><T125/><D125/><U35/><E35/><V91/><F132/><W55/><G127/><T78/><REACH who="0" step="1"/><D7/><REACH who="0" ten="119,336,351,164" step="2"/><U49/><E49/><V23/><F51/><W25/><G111/><T90/><D90/><AGARI ba="2,3" hai="27,30,32,61,65,68,86,90,93,94,95,98,102,104" machi="90" ten="40,5200,0" yaku="1,1,25,2,53,0" doraHai="13" doraHaiUra="52" who="1" fromWho="0" sc="119,-58,336,88,351,0,164,0" /><INIT seed="3,0,0,1,2,78" ten="61,424,351,164" oya="3" hai0="67,63,129,79,13,94,68,85,5,26,73,104,128" hai1="20,24,46,122,27,59,91,108,88,90,62,57,55" hai2="98,103,30,89,123,72,107,37,112,47,51,2,82" hai3="31,53,116,38,34,102,75,99,33,8,135,84,113"/><W105/><G113/><T39/><D39/><U106/><E106/><V66/><F112/><W29/><G75/><T77/><D104/><U109/><E122/><V9/><F123/><W12/><G38/><T7/><D26/><U45/><E57/><V118/><F118/><W17/><G116/><T74/><D79/><U42/><E24/><V28/><F66/><W3/><G135/><T132/><D132/><U93/><E93/><V71/><F71/><W6/><G53/><T125/><D125/><U117/><E117/><V133/><F133/><W120/><G120/><T64/><D64/><U0/><E0/><V48/><F48/><W16/><G17/><T115/><D115/><U50/><REACH who="1" step="1"/><E45/><REACH who="1" ten="61,414,351,164" step="2"/><V87/><F72/><W131/><G131/><T127/><D74/><U110/><E110/><V100/><F100/><W119/><G119/><T11/><D73/><U124/><E124/><V36/><F30/><AGARI ba="0,1" hai="20,27,30,42,46,50,55,59,62,88,90,91,108,109" machi="30" ten="40,5200,0" yaku="1,1,54,1,53,1" doraHai="78" doraHaiUra="41" who="1" fromWho="2" sc="61,0,414,62,351,-52,164,0" /><INIT seed="4,0,0,1,5,32" ten="61,476,299,164" oya="0" hai0="79,63,107,70,84,129,3,50,47,104,10,131,16" hai1="25,103,119,134,123,36,102,21,88,76,121,83,0" hai2="23,14,31,11,126,94,135,13,62,22,27,55,82" hai3="66,95,90,56,52,19,80,113,73,128,44,111,46"/><T108/><D108/><U96/><E119/><V4/><F126/><W130/><G66/><T41/><D70/><U28/><E36/><V77/><F135/><W114/><G19/><T109/><D109/><U59/><E0/><V91/><F62/><N who="3" m="36103" /><G80/><N who="0" m="47135" /><D63/><U51/><E134/><V15/><F55/><W122/><G73/><T87/><D87/><U92/><E121/><V106/><F106/><W37/><G111/><T124/><D124/><U65/><E123/><V53/><F53/><W74/><G74/><T89/><D89/><U20/><E20/><V115/><F82/><W117/><G117/><T34/><D34/><U57/><E51/><V75/><F75/><W2/><G2/><T125/><D125/><U54/><E54/><V35/><F77/><W8/><G8/><T48/><D48/><U24/><E24/><N who="2" m="18919" /><F91/><W26/><G26/><T9/><D9/><U67/><E65/><V72/><F72/><W105/><G105/><T118/><D118/><U18/><E28/><N who="2" m="17527" /><F94/><W133/><G122/><T101/><D101/><N who="1" m="38411" /><E67/><V78/><F78/><W64/><G64/><T100/><D100/><N who="1" m="60423" /><E76/><V30/><F30/><W116/><G133/><T40/><D40/><U86/><AGARI ba="0,0" hai="18,21,25,57,59,83,86,88" m="60423,38411" machi="86" ten="30,2000,0" yaku="8,1,54,1" doraHai="32" who="1" fromWho="1" sc="61,-10,476,20,299,-5,164,-5" /><INIT seed="5,0,0,1,1,133" ten="51,496,294,159" oya="1" hai0="50,35,65,63,114,103,12,22,19,101,132,23,62" hai1="126,72,16,3,68,88,4,25,109,27,57,90,96" hai2="106,44,97,21,60,108,37,130,38,13,94,26,32" hai3="83,33,34,117,85,100,74,99,110,135,73,6,129"/><U131/><E68/><V1/><F108/><W7/><G110/><T56/><D114/><U52/><E109/><V66/><F1/><W69/><G69/><T91/><D132/><U128/><E72/><V36/><F130/><N who="1" m="49705" /><E126/><V41/><F13/><W116/><G135/><T61/><D35/><U53/><E53/><V125/><F125/><W77/><G129/><T20/><D91/><N who="1" m="34859" /><E96/><V118/><F94/><W86/><G99/><T17/><D65/><U8/><E16/><V51/><F21/><W87/><G100/><T45/><D56/><U124/><E124/><V10/><F118/><N who="3" m="45675" /><G74/><T78/><D78/><U42/><E42/><V104/><F97/><W31/><G34/><T59/><D59/><U67/><E67/><V93/><F93/><W82/><G82/><T9/><REACH who="0" step="1"/><D19/><REACH who="0" ten="41,496,294,159" step="2"/><U134/><E134/><V29/><F32/><W64/><G64/><T46/><D46/><U112/><E112/><V84/><F44/><W121/><G33/><T98/><D98/><U105/><E105/><V40/><F104/><W127/><G127/><T107/><D107/><U15/><E3/><V43/><F106/><W79/><G79/><T92/><D92/><U18/><E18/><V120/><F66/><W75/><G77/><T54/><AGARI ba="0,1" hai="9,12,17,20,22,23,45,50,54,61,62,63,101,103" machi="54" ten="30,12000,2" yaku="1,1,0,1,8,1,53,3" doraHai="133" doraHaiUra="58" who="0" fromWho="0" sc="41,130,496,-60,294,-30,159,-30" /><INIT seed="6,0,0,5,3,29" ten="171,436,264,129" oya="2" hai0="2,66,128,35,109,130,64,50,38,100,79,7,110" hai1="85,16,102,21,131,76,117,24,34,127,78,5,132" hai2="28,135,46,90,63,70,129,1,37,93,113,39,44" hai3="134,61,57,124,27,95,41,42,80,83,43,3,121"/><V36/><F1/><W32/><G3/><T53/><D38/><U58/><E117/><V55/><F28/><W122/><G134/><T106/><D79/><U0/><E132/><V14/><F135/><W49/><G49/><T97/><D7/><U120/><E102/><V84/><F113/><W115/><G124/><T101/><D2/><U111/><E127/><V69/><F129/><N who="0" m="49770" /><D101/><U19/><E34/><V96/><F14/><W94/><G115/><T59/><D35/><U4/><E0/><V82/><F55/><W62/><G57/><T118/><D118/><U98/><E98/><V25/><F25/><W13/><G13/><T125/><D125/><U15/><E120/><V116/><F116/><W126/><G126/><T92/><D106/><U75/><E75/><V60/><F60/><N who="3" m="23147" /><G27/><T6/><D6/><U30/><E4/><V87/><F63/><W112/><G32/><T11/><D11/><U103/><E19/><V77/><REACH who="2" step="1"/><F96/><REACH who="2" ten="171,436,254,129" step="2"/><W133/><G133/><T107/><D107/><U9/><E30/><V65/><F65/><AGARI ba="0,1" hai="50,53,59,64,65,66,92,97,100,109,110" m="49770" machi="65" ten="30,1000,0" yaku="19,1" doraHai="29" who="0" fromWho="2" sc="171,20,436,0,254,-10,129,0" /><INIT seed="7,0,0,4,4,65" ten="191,436,244,129" oya="3" hai0="94,71,100,6,64,114,73,53,96,2,44,36,118" hai1="18,54,108,72,7,115,133,122,120,26,67,3,89" hai2="57,135,68,99,52,15,101,10,93,45,38,9,63" hai3="124,41,74,23,85,33,35,58,37,55,62,50,13"/><W102/><G74/><T14/><D118/><U127/><E108/><V82/><F135/><W40/><G124/><T4/><D2/><U76/><E115/><V31/><F68/><W20/><G37/><T129/><D129/><U56/><E18/><V121/><F121/><W16/><G102/><T51/><D73/><U1/><E89/><V134/><F134/><W128/><G128/><T126/><D126/><U42/><E54/><V77/><F31/><W21/><G85/><T86/><D114/><U109/><E56/><V87/><F38/><W49/><G35/><T61/><D14/><U103/><E67/><N who="2" m="39407" /><F15/><W28/><G33/><T5/><D86/><U98/><E7/><V25/><F25/><N who="3" m="16447" /><G21/><T132/><D132/><U123/><E98/><V92/><F92/><W0/><G0/><T59/><D6/><U75/><E103/><V83/><F83/><W43/><AGARI ba="0,0" hai="13,16,20,40,41,43,49,50,55,58,62" m="16447" machi="43" ten="30,3000,0" yaku="8,1,54,1" doraHai="65" who="3" fromWho="3" sc="191,-10,436,-10,244,-10,129,30" /><INIT seed="7,1,0,3,3,99" ten="181,426,234,159" oya="3" hai0="130,108,15,22,134,34,63,27,30,33,56,132,100" hai1="67,74,123,96,12,110,19,94,40,37,120,3,97" hai2="129,104,119,87,11,93,77,86,90,50,82,58,76" hai3="2,8,53,118,14,13,101,39,21,68,117,9,24"/><W51/><G39/><T28/><D108/><U44/><E3/><V29/><F119/><W107/><G68/><T91/><D91/><U26/><E74/><V6/><F104/><W25/><G2/><T106/><D130/><U43/><E110/><V49/><F129/><W113/><G113/><T46/><D46/><U32/><E43/><V81/><F29/><W61/><G61/><T57/><D15/><U38/><E67/><V0/><F58/><W78/><G78/><T35/><D30/><U83/><E83/><V31/><F31/><W72/><G72/><AGARI ba="1,0" hai="0,6,11,49,50,72,76,77,81,82,86,87,90,93" machi="72" ten="30,1000,0" yaku="7,1" doraHai="99" who="2" fromWho="3" sc="181,0,426,0,234,13,159,-13" owari="181,-22.0,426,52.0,247,5.0,146,-35.0" /></mjloggm>