<mjloggm ver="2.3"><GO type="169" lobby="0"/><UN n0="%E3%83%95%E3%82%A1%E3%83%AA%E3%82%B9" n1="%E3%81%A4%E3%82%89%E3%81%84%E3%80%82" n2="%E3%83%A1%E3%82%AB%E3%82%BC%E3%83%83%E3%83%88%E3%83%B3" n3="%E3%82%81%E3%82%93%E3%81%A9%E3%81%84" dan="16,16,16,16" rate="2127.20,2093.92,2131.95,2044.78" sx="F,M,M,M"/><TAIKYOKU oya="0"/><INIT seed="0,0,0,1,1,75" ten="250,250,250,250" oya="0" hai0="83,71,72,65,89,100,40,44,52,67,69,38,81" hai1="51,128,20,97,37,23,25,124,107,125,101,122,62" hai2="2,35,7,16,6,78,21,110,4,116,12,41,59" hai3="0,121,115,103,94,119,8,17,48,93,53,99,39"/><T130/><D130/><U96/><E122/><V1/><F110/><W112/><G119/><T34/><D34/><U54/><E37/><V132/><F41/><W60/><G39/><T106/><D83/><U18/><E128/><V5/><F59/><W70/><G121/><T120/><D120/><U85/><E62/><V102/><F102/><W56/><G93/><T46/><D71/><U58/><E96/><V66/><F78/><W90/><G103/><T135/><D135/><U126/><E85/><V105/><F66/><W76/><G17/><T33/><D33/><U82/><E82/><V117/><F105/><W133/><G76/><N who="0" m="44167" /><D89/><U19/><REACH who="1" step="1"/><E23/><REACH who="1" ten="250,240,250,250" step="2"/><V129/><F129/><W57/><G60/><T24/><D38/><U10/><E10/><N who="2" m="4175" /><F35/><W104/><G99/><T32/><D32/><U111/><E111/><V11/><F132/><W109/><G8/><T14/><D106/><U86/><E86/><V9/><F6/><W77/><G104/><T30/><D69/><U42/><E42/><V26/><AGARI ba="0,1" hai="1,2,4,7,9,11,16,21,26,116,117" m="4175" machi="26" ten="30,4000,0" yaku="34,2,54,1" doraHai="75" who="2" fromWho="2" sc="250,-20,240,-10,250,50,250,-10" /><INIT seed="1,0,0,4,1,119" ten="230,230,300,240" oya="1" hai0="11,38,8,111,51,60,82,75,94,72,2,86,66" hai1="126,23,97,121,134,22,68,3,61,98,1,43,55" hai2="70,39,73,109,29,88,25,32,46,10,42,41,110" hai3="114,50,5,106,6,44,15,45,47,131,30,16,49"/><U74/><E74/><V26/><F73/><W90/><G114/><T87/><D38/><U105/><E126/><V135/><F70/><W76/><G76/><T89/><D111/><N who="2" m="42506" /><F135/><W122/><G131/><T112/><D112/><U81/><E134/><V91/><F42/><W58/><G106/><T117/><D117/><U128/><E128/><V52/><F10/><W115/><G30/><T116/><D116/><U36/><E81/><V78/><F78/><W7/><G115/><T69/><D51/><U64/><E121/><V63/><F25/><W132/><G132/><T118/><D118/><U104/><E55/><V24/><F24/><W19/><G90/><T40/><D40/><U80/><E80/><V133/><F133/><W31/><G31/><T67/><D67/><U53/><E53/><V12/><F12/><W37/><G37/><T100/><D2/><U85/><E85/><V102/><F102/><W34/><G34/><T65/><D65/><U79/><E79/><V107/><F107/><W77/><G77/><T113/><D113/><U124/><E124/><V18/><F18/><W130/><G130/><T84/><D100/><U101/><E23/><V83/><F83/><W48/><G58/><AGARI ba="0,0" hai="26,29,32,39,41,46,52,58,63,88,91" m="42506" machi="58" ten="30,3900,0" yaku="14,1,54,2" doraHai="119" who="2" fromWho="3" sc="230,0,230,0,300,39,240,-39" /><INIT seed="2,0,0,1,4,122" ten="230,230,339,201" oya="2" hai0="91,85,126,97,120,127,107,65,42,108,66,19,15" hai1="13,82,117,38,133,18,56,95,98,121,114,96,39" hai2="43,110,60,103,12,80,50,41,7,53,48,52,61" hai3="134,135,70,125,33,72,62,132,2,26,3,17,129"/><V46/><F103/><W93/><G72/><T112/><D120/><U77/><E121/><V89/><F110/><W104/><G104/><T24/><D112/><U118/><E114/><V74/><F74/><W10/><G93/><T22/><D42/><U73/><E133/><V78/><F78/><W84/><G84/><T79/><D79/><U35/><E35/><V32/><F32/><W71/><G62/><N who="2" m="24169" /><F80/><W131/><G17/><T6/><D6/><U20/><E56/><N who="2" m="32791" /><F89/><W47/><G47/><T4/><D91/><U8/><E98/><V86/><F86/><W54/><G54/><T11/><D85/><U57/><E57/><V115/><F115/><W75/><G75/><T109/><D97/><U37/><REACH who="1" step="1"/><E8/><AGARI ba="0,0" hai="7,8,12,41,43,46,48,53" m="32791,24169" machi="8" ten="30,2900,0" yaku="8,1,54,1" doraHai="122" who="2" fromWho="1" sc="230,0,230,-29,339,29,201,0" /><INIT seed="2,1,0,4,2,59" ten="230,201,368,201" oya="2" hai0="88,70,115,90,51,94,60,25,120,73,103,30,13" hai1="113,100,61,112,92,110,104,96,34,22,68,32,124" hai2="46,40,107,26,87,36,116,89,67,69,43,56,14" hai3="119,50,118,3,135,66,31,18,63,114,74,121,85"/><V7/><F107/><W48/><G3/><T91/><D120/><U5/><E110/><V28/><F116/><W24/><G121/><T52/><D73/><U29/><E124/><V20/><F43/><W44/><G74/><T108/><D115/><U10/><E22/><V1/><F1/><W21/><G114/><T109/><D13/><U93/><E93/><V45/><F45/><W78/><G135/><T53/><D70/><U11/><E92/><V126/><F126/><W79/><G50/><T97/><D60/><U86/><E86/><V58/><F7/><W4/><G4/><T8/><D8/><U131/><E11/><V99/><F99/><W122/><G122/><T9/><D9/><U102/><E102/><V19/><F69/><W35/><G79/><T111/><REACH who="0" step="1"/><D51/><REACH who="0" ten="220,201,368,201" step="2"/><U134/><E134/><V71/><F71/><W33/><G118/><T39/><D39/><U106/><E68/><V2/><F2/><W57/><G119/><T6/><D6/><U132/><E132/><V37/><F37/><W101/><G101/><T16/><D16/><U125/><E61/><V127/><F127/><W95/><G18/><T81/><D81/><U128/><E125/><V38/><F38/><W133/><G133/><T129/><D129/><N who="1" m="49739" /><E113/><V75/><F75/><W0/><G0/><T27/><D27/><U49/><E112/><V55/><F36/><W76/><G48/><T72/><D72/><U15/><E49/><V41/><F26/><W83/><G24/><T84/><D84/><U77/><E5/><V64/><F87/><W123/><G85/><T130/><D130/><RYUUKYOKU ba="1,1" sc="220,30,201,-10,368,-10,201,-10" hai0="25,30,52,53,88,90,91,94,97,103,108,109,111" /><INIT seed="3,2,1,3,1,106" ten="250,191,358,191" oya="3" hai0="3,4,71,103,87,98,80,93,99,38,7,117,9" hai1="47,66,73,27,30,52,88,19,104,33,68,21,82" hai2="50,105,35,14,56,74,115,83,116,124,102,90,133" hai3="8,63,95,114,118,20,23,121,127,31,41,12,22"/><W120/><G41/><T78/><D117/><U129/><E104/><V16/><F35/><W128/><G63/><T125/><D71/><U24/><E129/><V55/><F116/><W81/><G81/><T100/><D125/><U60/><E47/><V10/><F115/><W79/><G79/><T28/><D28/><U134/><E134/><V59/><F124/><W101/><G95/><T119/><D119/><U15/><E52/><V69/><F69/><W135/><G101/><T113/><D113/><U122/><E122/><N who="3" m="47210" /><G127/><T109/><D7/><U112/><E112/><V40/><F40/><W1/><G114/><T67/><D109/><U75/><REACH who="1" step="1"/><E27/><REACH who="1" ten="250,181,358,191" step="2"/><V92/><F133/><W70/><G118/><T131/><D131/><U18/><E18/><V111/><F105/><W11/><G128/><T25/><D25/><U57/><E57/><V107/><F56/><W26/><G70/><T64/><D38/><U86/><AGARI ba="2,2" hai="15,19,21,24,30,33,60,66,68,73,75,82,86,88" machi="86" ten="30,12000,2" yaku="1,1,0,1,52,2,54,1,53,1" doraHai="106" doraHaiUra="65" who="1" fromWho="1" sc="250,-32,181,146,358,-32,191,-62" /><INIT seed="4,0,0,3,2,57" ten="218,327,326,129" oya="0" hai0="17,118,25,43,47,96,104,92,48,113,54,14,40" hai1="39,65,62,99,89,83,16,122,41,77,78,117,116" hai2="101,35,109,68,100,114,22,26,108,95,18,2,91" hai3="102,64,86,75,5,32,33,134,7,58,76,51,12"/><T66/><D118/><U115/><E122/><V1/><F68/><W97/><G134/><T44/><D113/><U80/><E115/><V31/><F114/><W20/><G75/><T126/><D126/><U135/><E135/><V55/><F101/><W38/><G38/><T60/><D104/><U131/><E131/><V81/><F81/><W24/><G76/><T45/><D25/><U8/><E39/><V3/><F100/><W69/><G86/><T37/><D37/><U125/><E41/><V105/><F105/><W133/><G133/><T72/><D72/><U123/><E123/><V107/><F107/><W87/><G87/><T88/><D43/><U36/><E36/><V56/><F31/><W70/><G70/><T93/><D93/><U67/><E125/><V29/><F29/><W110/><G110/><T50/><D50/><U28/><E28/><V59/><F59/><W63/><G12/><T53/><D53/><U6/><E89/><V46/><F46/><W119/><G119/><T82/><D82/><N who="1" m="31275" /><E99/><N who="2" m="57855" /><F35/><W21/><G32/><T9/><REACH who="0" step="1"/><D40/><REACH who="0" ten="208,327,326,129" step="2"/><U94/><E94/><V19/><F109/><W15/><G51/><T52/><D52/><U84/><E117/><V73/><F73/><W74/><G74/><T49/><D49/><U13/><E116/><V30/><F108/><W90/><G24/><T11/><D11/><U103/><E78/><V79/><F79/><W10/><G33/><T85/><D85/><U121/><E84/><V130/><F130/><W23/><G97/><T42/><D42/><U120/><E77/><V111/><F111/><W124/><G124/><RYUUKYOKU ba="0,1" sc="208,15,327,-15,326,15,129,-15" hai0="9,14,17,44,45,47,48,54,60,66,88,92,96" hai2="1,2,3,18,19,22,26,30,55,56" /><INIT seed="4,1,1,4,4,74" ten="223,312,341,114" oya="0" hai0="32,31,127,15,122,119,9,66,83,63,92,47,114" hai1="121,62,96,21,72,130,126,123,95,4,117,11,36" hai2="81,22,99,18,73,118,80,0,26,29,76,101,120" hai3="40,19,30,33,102,27,46,68,54,23,52,24,71"/><T77/><D119/><U51/><E117/><V125/><F0/><W131/><G131/><T48/><D122/><U14/><E36/><V42/><F120/><W8/><G102/><T17/><D114/><U44/><E130/><V89/><F118/><W87/><G68/><T128/><D127/><U67/><E126/><V65/><F125/><W135/><G135/><T90/><D31/><U12/><E72/><V13/><F42/><W1/><G71/><T116/><D32/><U98/><E21/><V133/><F65/><W58/><G58/><T34/><D34/><U93/><E14/><V5/><F5/><W37/><G87/><T124/><D124/><U84/><E84/><V69/><F69/><W49/><G37/><T100/><D100/><U7/><E7/><V56/><F56/><W38/><G38/><T41/><D116/><U59/><E95/><V108/><F133/><W97/><G97/><T64/><D63/><U6/><E6/><V109/><F81/><W132/><G132/><T129/><D129/><U3/><E98/><V110/><F89/><W106/><G106/><T39/><D39/><U111/><E111/><V104/><REACH who="2" step="1"/><F110/><REACH who="2" ten="223,312,331,114" step="2"/><W113/><G113/><T134/><D128/><U10/><E3/><V75/><F75/><W88/><G88/><T57/><D134/><U79/><E123/><V85/><F85/><W70/><REACH who="3" step="1"/><G70/><REACH who="3" ten="223,312,331,104" step="2"/><T107/><D90/><N who="1" m="55351" /><E121/><V60/><F60/><W16/><G16/><T55/><D17/><U86/><E86/><V25/><F25/><W82/><G82/><T45/><D83/><U20/><E59/><V61/><F61/><RYUUKYOKU ba="1,3" sc="223,-15,312,-15,331,15,104,15" hai2="13,18,22,26,29,73,76,80,99,101,104,108,109" hai3="1,8,19,23,24,27,30,33,40,46,49,52,54" /><INIT seed="5,2,3,1,3,2" ten="208,297,346,119" oya="1" hai0="0,88,43,60,101,133,37,36,51,24,20,81,38" hai1="6,50,83,113,127,128,32,125,116,96,5,135,124" hai2="9,21,106,62,65,4,30,12,84,92,35,17,114" hai3="115,80,122,59,10,98,94,64,76,95,63,91,117"/><U108/><E113/><V39/><F106/><W107/><G115/><T23/><D133/><U58/><E135/><V111/><F39/><W75/><G122/><T112/><D112/><U56/><E128/><V29/><F114/><W79/><G117/><T22/><D101/><U34/><E116/><V45/><F111/><W118/><G118/><T54/><D0/><U1/><E1/><V130/><F130/><W126/><G126/><T103/><D103/><U31/><E108/><V13/><F45/><W121/><G121/><T66/><D43/><U55/><E96/><V16/><F35/><N who="1" m="13353" /><E31/><V19/><F29/><W87/><G76/><T53/><D24/><U42/><E42/><V41/><F41/><W110/><G110/><T27/><D27/><U8/><E8/><V71/><REACH who="2" step="1"/><F30/><REACH who="2" ten="208,297,336,119" step="2"/><W97/><G107/><T93/><D37/><U123/><E123/><V70/><F70/><W74/><REACH who="3" step="1"/><G10/><REACH who="3" ten="208,297,336,109" step="2"/><T18/><D36/><U11/><E11/><V100/><F100/><AGARI ba="2,5" hai="59,63,64,74,75,79,80,87,91,94,95,97,98,100" machi="100" ten="30,7700,0" yaku="1,1,2,1,7,1,53,1" doraHai="2" doraHaiUra="73" who="3" fromWho="2" sc="208,0,297,0,336,-83,109,133" /><INIT seed="6,0,0,2,4,47" ten="208,297,253,242" oya="2" hai0="61,57,35,76,114,73,4,84,15,7,98,90,122" hai1="17,63,59,108,112,37,101,102,45,24,41,107,106" hai2="52,86,3,88,78,117,119,8,38,31,29,75,50" hai3="27,23,81,25,2,14,46,105,71,53,62,111,22"/><V39/><F78/><W11/><G111/><T5/><D122/><U43/><E108/><V21/><F75/><W80/><G105/><T79/><D35/><U66/><E112/><V132/><F132/><W16/><G2/><T64/><D114/><U131/><E131/><V19/><F39/><W85/><G71/><T49/><D73/><U6/><E6/><V97/><F97/><W0/><G0/><T110/><D110/><U42/><E102/><V124/><F38/><W96/><G96/><T30/><D30/><U34/><E101/><V120/><F120/><W26/><G80/><T60/><D98/><U127/><E127/><V126/><F8/><W125/><G125/><N who="2" m="48233" /><F3/><W128/><G128/><T18/><D61/><U33/><E33/><V121/><F121/><W12/><G12/><T20/><REACH who="0" step="1"/><D49/><REACH who="0" ten="198,297,253,242" step="2"/><U82/><E34/><V54/><F31/><W87/><G62/><T68/><D68/><U123/><E123/><V48/><F29/><W9/><G87/><T55/><D55/><N who="2" m="21034" /><F119/><W91/><G9/><T133/><D133/><U83/><E37/><V93/><F117/><W130/><G130/><T109/><D109/><U67/><E63/><V56/><F56/><W134/><G134/><T40/><D40/><U116/><E42/><V100/><F100/><W113/><G113/><T104/><D104/><U103/><E43/><V10/><F10/><W58/><G58/><T74/><D74/><U99/><E107/><V118/><F118/><W1/><G1/><T65/><D65/><N who="1" m="24587" /><E116/><V94/><F94/><AGARI ba="0,1" hai="4,5,7,15,18,20,57,60,64,76,79,84,90,94" machi="94" ten="40,2600,0" yaku="1,1,8,1,53,0" doraHai="47" doraHaiUra="135" who="0" fromWho="2" sc="198,36,297,0,253,-26,242,0" /><INIT seed="7,0,0,2,2,3" ten="234,297,227,242" oya="3" hai0="15,91,124,111,33,64,118,45,60,125,93,72,26" hai1="50,65,74,97,82,51,30,37,29,116,58,69,23" hai2="40,57,77,63,73,119,120,114,41,123,44,96,18" hai3="6,56,35,68,135,8,98,24,2,7,28,80,88"/><W34/><G68/><T89/><D111/><U42/><E69/><V48/><F119/><W121/><G121/><N who="2" m="46665" /><F114/><W67/><G135/><T83/><D118/><U19/><E116/><V17/><F41/><W49/><G35/><T54/><D33/><U103/><E37/><V16/><F96/><W66/><G6/><T59/><D26/><N who="1" m="14719" /><E74/><V92/><F92/><W101/><G101/><T99/><D15/><U11/><E82/><N who="2" m="45359" /><F18/><W84/><REACH who="3" step="1"/><G98/><REACH who="3" ten="234,297,227,232" step="2"/><T31/><D99/><U108/><E97/><V75/><F75/><W71/><G71/><T4/><D72/><U90/><E103/><V110/><F110/><W39/><G39/><T76/><D4/><U9/><E108/><V78/><F78/><W25/><G25/><T107/><D76/><U81/><E90/><V53/><AGARI ba="0,1" hai="16,17,40,44,48,53,57,63" m="45359,46665" machi="53" ten="30,2000,0" yaku="13,1,54,1" doraHai="3" who="2" fromWho="2" sc="234,-5,297,-5,227,30,232,-10" /><INIT seed="8,0,0,2,4,18" ten="229,292,257,222" oya="0" hai0="62,129,47,81,92,76,125,122,42,19,52,135,123" hai1="75,126,4,53,115,130,68,12,95,101,29,84,34" hai2="8,106,69,119,58,117,2,80,74,31,39,57,113" hai3="116,93,1,102,27,45,104,37,127,3,89,128,97"/><T21/><D135/><U78/><E68/><V7/><F69/><W90/><G116/><N who="2" m="44617" /><F113/><W94/><G127/><T133/><D133/><U44/><E126/><V110/><F110/><W107/><G128/><T63/><D125/><U25/><E130/><V60/><F106/><W71/><G71/><T15/><D129/><U40/><E115/><V112/><F112/><W96/><G102/><T118/><D118/><U43/><E75/><V91/><F39/><W35/><G37/><T24/><D92/><U108/><E108/><V30/><F58/><W33/><G27/><T55/><D122/><U70/><E70/><V66/><F91/><W56/><G56/><T72/><D123/><U134/><E134/><V28/><F80/><W100/><G100/><T16/><D63/><U54/><E101/><V64/><F74/><W36/><G36/><T59/><D55/><AGARI ba="0,0" hai="2,7,8,28,30,31,55,57,60,64,66" m="44617" machi="55" ten="30,2000,0" yaku="16,1,12,1" doraHai="18" who="2" fromWho="0" sc="229,-20,292,0,257,20,222,0" /><INIT seed="9,0,0,0,5,115" ten="209,292,277,222" oya="1" hai0="49,14,94,75,20,12,66,18,97,73,30,56,51" hai1="6,43,108,4,104,119,110,45,96,79,118,52,35" hai2="122,130,98,76,68,7,89,10,1,54,47,26,128" hai3="134,60,77,83,69,123,81,133,92,8,103,86,126"/><U3/><E35/><V0/><F68/><W71/><G123/><T42/><D73/><U24/><E79/><V127/><F122/><W31/><G126/><T62/><D75/><U5/><E3/><V113/><F127/><W95/><G31/><T90/><D42/><U59/><E24/><V29/><F76/><W33/><G33/><T36/><D36/><N who="1" m="21735" /><E104/><V74/><F74/><W39/><G39/><T102/><D30/><U125/><E96/><V65/><F65/><W41/><G41/><T55/><D12/><U85/><E85/><V58/><F47/><W67/><G71/><T27/><D14/><U101/><E101/><V107/><F113/><W111/><G8/><T93/><REACH who="0" step="1"/><D66/><REACH who="0" ten="199,292,277,222" step="2"/><U50/><E125/><V44/><F1/><W64/><G111/><AGARI ba="0,1" hai="4,5,6,50,52,59,108,110,111,118,119" m="21735" machi="111" ten="30,11600,0" yaku="10,1,52,2,54,1" doraHai="115" who="1" fromWho="3" sc="199,0,292,126,277,0,222,-116" owari="199,-20.0,418,51.0,277,8.0,106,-39.0" /></mjloggm>