<mjloggm ver="2.3"><GO type="169" lobby="0"/><UN n0="%79%6F%75%61%6C%70%68%61" n1="%E3%83%92%E3%83%AB%E3%83%99%E3%83%AB%E3%83%88" n2="%E6%A4%8E%E5%90%8D%E3%82%8A%E3%81%8F" n3="%72%61%69%32%31%31" dan="17,17,17,16" rate="2134.95,2239.86,2214.85,2073.76" sx="M,M,F,M"/><TAIKYOKU oya="0"/><INIT seed="0,0,0,0,0,43" ten="250,250,250,250" oya="0" hai0="129,56,99,4,37,62,40,16,85,97,5,109,14" hai1="41,95,8,92,83,45,21,108,30,11,24,77,93" hai2="128,115,73,13,123,28,61,74,39,15,79,29,18" hai3="119,107,88,59,52,75,117,106,60,53,130,49,68"/><T17/><D129/><U120/><E120/><V44/><F123/><W90/><G75/><T33/><D33/><U122/><E122/><V89/><F115/><W51/><G60/><T114/><D114/><U132/><E132/><V34/><F128/><W78/><G130/><T124/><D124/><U12/><E108/><V105/><F105/><W80/><G68/><T27/><D109/><U69/><E69/><V91/><F61/><W38/><G38/><T2/><D2/><U23/><E23/><V94/><F79/><W26/><G26/><T35/><D35/><U57/><E57/><V127/><F127/><W46/><G78/><T121/><D85/><U63/><E63/><V98/><F89/><W86/><REACH who="3" step="1"/><G90/><REACH who="3" ten="250,250,250,240" step="2"/><T6/><D121/><U102/><E102/><V10/><F74/><W64/><G64/><N who="0" m="38983" /><D37/><U25/><E25/><V22/><F73/><W0/><G0/><T87/><D27/><U3/><E3/><V36/><F36/><W76/><G76/><T133/><D133/><U81/><E77/><V50/><F39/><W32/><G32/><T84/><D14/><U126/><E126/><V20/><F34/><W71/><G71/><T96/><D40/><U118/><E118/><AGARI ba="0,1" hai="46,49,51,52,53,59,80,86,88,106,107,117,118,119" machi="118" ten="40,12000,2" yaku="1,1,52,1,54,2,53,2" doraHai="43" doraHaiUra="48" who="3" fromWho="1" sc="250,0,250,-120,250,0,240,130" /><INIT seed="1,0,0,3,2,101" ten="250,130,250,370" oya="1" hai0="102,48,32,131,81,64,71,54,126,23,92,123,77" hai1="40,25,0,128,6,26,76,69,88,35,22,89,21" hai2="59,87,37,24,94,10,30,12,67,29,44,122,65" hai3="96,55,73,19,110,63,28,62,7,52,115,36,2"/><U108/><E69/><V58/><F122/><W99/><G115/><T61/><D32/><U75/><E40/><V97/><F87/><W56/><G73/><T47/><D123/><U27/><E35/><V5/><F37/><W31/><G36/><T119/><D119/><U130/><E108/><V116/><F116/><W15/><G110/><T60/><D131/><N who="1" m="50219" /><E75/><V8/><F44/><W124/><G124/><T95/><D126/><U111/><E111/><V118/><F118/><W14/><G2/><T120/><D120/><U114/><E114/><V132/><F10/><W134/><G134/><T78/><D78/><U17/><E76/><V133/><F65/><W121/><G121/><T57/><D102/><U82/><E82/><V18/><F5/><W33/><G33/><T106/><D106/><U70/><E70/><V43/><F43/><W46/><G7/><T49/><D23/><N who="1" m="8715" /><E17/><V16/><F18/><W90/><G19/><T93/><REACH who="0" step="1"/><D47/><REACH who="0" ten="240,130,250,370" step="2"/><U45/><E45/><V3/><F133/><W85/><G46/><T50/><D50/><U51/><E51/><V1/><F132/><W38/><G38/><T100/><D100/><U125/><E125/><V84/><F30/><W66/><G56/><T13/><D13/><U53/><E53/><V4/><F29/><W9/><G14/><T80/><D80/><U11/><AGARI ba="0,1" hai="0,6,11,25,26,27,88,89" m="8715,50219" machi="11" ten="40,3900,0" yaku="19,1,54,1" doraHai="101" who="1" fromWho="1" sc="240,-13,130,49,250,-13,370,-13" /><INIT seed="1,1,0,3,2,59" ten="227,179,237,357" oya="1" hai0="63,19,45,44,8,113,12,86,53,124,35,17,26" hai1="32,38,28,41,27,75,66,5,83,81,2,112,89" hai2="0,36,13,11,54,102,20,85,14,29,105,69,6" hai3="50,21,56,31,80,47,122,79,110,103,108,23,107"/><U74/><E112/><V92/><F36/><W87/><G122/><T68/><D113/><U60/><E5/><V114/><F114/><W104/><G56/><N who="0" m="35215" /><D68/><U46/><E2/><V9/><F69/><W71/><G71/><T82/><D35/><U40/><E41/><V51/><F105/><N who="3" m="40523" /><G31/><T101/><D101/><U117/><E117/><V90/><F102/><W121/><G103/><T106/><D106/><U3/><E3/><V37/><F37/><W61/><G61/><T34/><D34/><U118/><E118/><V84/><F84/><W52/><G121/><T42/><D42/><U100/><E100/><V70/><F70/><W1/><G1/><T16/><D124/><U22/><E32/><V95/><F95/><W57/><G47/><N who="0" m="17995" /><D26/><U25/><E25/><N who="2" m="16551" /><F0/><W96/><G96/><T55/><D55/><U111/><E111/><AGARI ba="1,0" hai="21,23,50,52,57,79,80,87,108,110,111" m="40523" machi="111" ten="30,2000,0" yaku="14,1,54,1" doraHai="59" who="3" fromWho="1" sc="227,0,179,-23,237,0,357,23" /><INIT seed="2,0,0,5,0,42" ten="227,156,237,380" oya="2" hai0="119,103,74,132,61,134,25,56,0,40,109,85,8" hai1="92,73,14,6,32,114,135,54,33,22,48,1,108" hai2="62,97,115,130,91,50,126,122,21,100,65,77,44" hai3="24,107,75,19,18,120,5,67,51,41,15,113,43"/><V133/><F115/><W58/><G120/><T79/><D74/><U110/><E73/><V111/><F122/><W88/><G113/><T2/><D109/><N who="1" m="42091" /><E114/><V70/><F111/><W53/><G107/><T30/><D103/><U72/><E72/><V83/><F130/><W118/><G118/><T78/><D119/><U95/><E135/><V64/><F133/><N who="0" m="51306" /><D40/><U23/><E95/><V63/><F126/><W82/><G75/><T45/><D45/><N who="1" m="27919" /><E92/><N who="2" m="56479" /><F100/><W27/><G5/><N who="0" m="1063" /><D85/><U86/><E86/><N who="2" m="48495" /><F70/><W55/><G67/><N who="2" m="25673" /><F21/><N who="1" m="7689" /><E1/><V39/><F39/><W11/><G82/><T49/><D2/><U60/><E60/><V46/><F46/><W10/><G58/><T87/><D87/><U17/><E6/><V16/><F16/><W59/><G59/><T9/><D49/><U131/><E131/><V80/><F80/><W93/><G93/><T127/><D127/><U47/><E47/><V66/><N who="2" m="25681" /><V69/><DORA hai="3" /><F69/><W12/><G51/><T105/><D105/><U29/><E29/><V37/><F37/><W28/><G28/><T106/><D106/><U121/><E121/><V128/><F128/><W76/><G76/><T38/><D38/><U35/><E32/><V7/><F7/><W129/><G129/><T31/><D31/><U36/><E36/><V71/><F71/><W116/><G116/><T117/><D117/><U90/><E90/><AGARI ba="0,0" hai="10,11,12,15,18,19,24,27,41,43,53,55,88,90" machi="90" ten="25,6400,0" yaku="22,2,8,1,54,1" doraHai="42,3" who="3" fromWho="1" sc="227,0,156,-64,237,0,380,64" /><INIT seed="3,0,0,1,0,101" ten="227,92,237,444" oya="3" hai0="34,80,87,18,47,124,53,88,13,72,54,6,122" hai1="49,11,123,52,60,105,96,75,115,89,112,16,21" hai2="130,44,17,3,45,111,1,39,93,90,12,48,0" hai3="129,110,8,126,25,64,119,61,67,10,97,103,109"/><W63/><G119/><T114/><D122/><U29/><E75/><V127/><F111/><N who="3" m="42507" /><G129/><T2/><D34/><U42/><E123/><V68/><F130/><W62/><G25/><T133/><D72/><U51/><E29/><V99/><F127/><W65/><G126/><T94/><D124/><U35/><E35/><V81/><F68/><W70/><G70/><T117/><D117/><U55/><E11/><V134/><F134/><W7/><G7/><T43/><D133/><U66/><E42/><V20/><F39/><W131/><G131/><T9/><D114/><U5/><E5/><V26/><F81/><W118/><G118/><T58/><D94/><AGARI ba="0,0" hai="8,10,61,62,63,64,65,67,94,97,103" m="42507" machi="94" ten="40,3900,0" yaku="14,1,10,1" doraHai="101" who="3" fromWho="0" sc="227,-39,92,0,237,0,444,39" /><INIT seed="3,1,0,3,3,108" ten="188,92,237,483" oya="3" hai0="85,96,60,122,55,39,22,59,8,100,4,48,69" hai1="128,13,84,46,63,95,65,33,40,28,98,104,109" hai2="49,89,64,91,132,3,97,79,17,111,68,83,115" hai3="10,99,124,42,75,71,72,77,133,110,29,5,35"/><W37/><G71/><T80/><D122/><U26/><E109/><V125/><F111/><W105/><G110/><T121/><D39/><U14/><E128/><V7/><F3/><N who="3" m="319" /><G133/><T30/><D69/><U88/><E104/><V114/><F7/><W94/><G94/><T27/><D121/><U36/><REACH who="1" step="1"/><E98/><REACH who="1" ten="188,82,237,483" step="2"/><V20/><F97/><W116/><G99/><T57/><D96/><U34/><E34/><V73/><F132/><W45/><G35/><T87/><D100/><U47/><E47/><V78/><F125/><W119/><G124/><T15/><REACH who="0" step="1"/><D80/><REACH who="0" ten="178,82,237,483" step="2"/><U12/><E12/><V131/><F83/><W9/><G105/><T92/><D92/><U101/><E101/><V93/><F93/><W127/><G127/><T126/><D126/><U11/><E11/><V74/><F131/><W0/><G9/><T130/><D130/><U18/><E18/><V21/><F17/><W135/><G135/><T62/><D62/><U50/><E50/><V51/><F68/><AGARI ba="1,2" hai="13,14,26,28,33,36,40,46,63,65,68,84,88,95" machi="68" ten="30,3900,0" yaku="1,1,7,1,54,1,53,0" doraHai="108" doraHaiUra="129" who="1" fromWho="2" sc="178,0,82,62,237,-42,483,0" /><INIT seed="4,0,0,4,5,2" ten="178,144,195,483" oya="0" hai0="3,4,41,80,113,76,46,95,91,11,51,12,34" hai1="135,57,35,60,70,39,67,133,92,16,65,74,131" hai2="107,40,1,129,28,104,124,0,98,25,14,36,116" hai3="44,5,123,50,87,55,27,106,56,100,54,102,24"/><T109/><D113/><U69/><E35/><N who="2" m="20879" /><F14/><W94/><G123/><T112/><D112/><U89/><E74/><V117/><F124/><W81/><G106/><N who="2" m="40489" /><F98/><N who="3" m="59479" /><G5/><T66/><D109/><U13/><E131/><V82/><F82/><W110/><G110/><T43/><D66/><U83/><E39/><V77/><F77/><N who="3" m="46511" /><G102/><T52/><D34/><U108/><E83/><V47/><F129/><W10/><G10/><T33/><D33/><U7/><E7/><V17/><F17/><W71/><G71/><T125/><D3/><AGARI ba="0,0" hai="0,1,3,36,40,47,116,117" m="40489,20879" machi="3" ten="30,1000,0" yaku="23,1" doraHai="2" who="2" fromWho="0" sc="178,-10,144,0,195,10,483,0" /><INIT seed="5,0,0,0,2,21" ten="168,144,205,483" oya="1" hai0="28,77,53,100,19,55,15,106,64,82,60,56,16" hai1="111,3,44,94,22,36,2,65,119,6,91,66,35" hai2="133,96,112,58,39,80,84,54,31,116,73,105,9" hai3="33,26,123,47,45,114,88,97,104,95,127,42,48"/><U37/><E119/><V83/><F116/><W20/><G123/><T89/><D106/><U108/><E35/><V29/><F39/><N who="1" m="14921" /><E22/><V79/><F133/><W61/><G114/><T78/><D100/><U101/><E101/><V130/><F105/><W71/><G127/><T59/><D28/><U81/><E81/><V38/><F38/><W10/><G33/><T0/><D0/><N who="1" m="43" /><E44/><V32/><F96/><W8/><G104/><T135/><D135/><U85/><E6/><V63/><F112/><W13/><G45/><T25/><D19/><U92/><E92/><V128/><F9/><W57/><G71/><T4/><D4/><U117/><E117/><V12/><F12/><W14/><G8/><T115/><D115/><U120/><E120/><V93/><F93/><W75/><G75/><T17/><D17/><U86/><E86/><V52/><F54/><N who="3" m="33975" /><G10/><T18/><D18/><AGARI ba="0,0" hai="13,14,18,20,26,42,47,48,88,95,97" m="33975" machi="18" ten="30,7700,0" yaku="25,1,8,1,52,1,54,1" doraHai="21" who="3" fromWho="0" sc="168,-77,144,0,205,0,483,77" /><INIT seed="6,0,0,1,5,55" ten="91,144,205,560" oya="2" hai0="14,57,103,42,95,17,135,90,105,77,97,60,81" hai1="37,35,69,71,94,89,5,108,33,112,59,46,132" hai2="88,12,98,16,118,50,122,27,83,99,21,93,65" hai3="119,66,13,92,22,48,23,49,87,79,40,82,62"/><V64/><F118/><W56/><G119/><T130/><D130/><U18/><E108/><V25/><F122/><W4/><G92/><T101/><D135/><U1/><E112/><V15/><F83/><W47/><G49/><T74/><D42/><U44/><E132/><V113/><F113/><W107/><G107/><T53/><REACH who="0" step="1"/><D105/><REACH who="0" ten="81,144,205,560" step="2"/><U129/><E129/><V117/><F117/><W70/><G70/><T31/><D31/><U36/><E71/><V131/><F131/><W111/><G111/><T124/><D124/><U28/><E69/><V96/><F96/><W114/><G114/><T86/><D86/><U51/><E28/><V127/><F99/><W76/><G76/><T41/><D41/><U9/><E37/><V52/><F127/><W7/><G7/><T24/><D24/><U123/><E36/><V73/><F27/><W26/><G26/><T84/><D84/><U54/><E123/><V116/><F116/><W8/><AGARI ba="0,1" hai="4,8,13,22,23,40,47,48,56,62,66,79,82,87" machi="8" ten="30,8000,1" yaku="0,1,25,2,8,1,52,1" doraHai="55" who="3" fromWho="3" sc="81,-20,144,-20,205,-40,560,90" /><INIT seed="7,0,0,5,2,83" ten="61,124,165,650" oya="3" hai0="34,111,33,104,76,18,27,9,44,12,100,13,50" hai1="29,66,60,130,69,41,132,53,127,80,40,24,62" hai2="42,115,63,15,46,31,72,109,51,103,87,59,119" hai3="71,88,96,37,114,67,68,35,135,113,110,6,17"/><W85/><G135/><T125/><D111/><U120/><E120/><V118/><F72/><W38/><G110/><T0/><D125/><U57/><E130/><V8/><F109/><W75/><G75/><T2/><D104/><U65/><E132/><V95/><F115/><N who="3" m="44043" /><G35/><N who="0" m="13323" /><D50/><U32/><E127/><V58/><F31/><W61/><G68/><T55/><D55/><U89/><E80/><V97/><F59/><W49/><G6/><N who="0" m="3127" /><D44/><U23/><E32/><V108/><F108/><W128/><G128/><T54/><D54/><U112/><E89/><V86/><F118/><W56/><G17/><T117/><D100/><U4/><E112/><V70/><F70/><W124/><G124/><T7/><D76/><U123/><E4/><N who="2" m="3463" /><F119/><W82/><G96/><T79/><D79/><U102/><E123/><V81/><F81/><W14/><G14/><T134/><D134/><U39/><E39/><V92/><F92/><W26/><G26/><T106/><D106/><U47/><E102/><V121/><F121/><W105/><G105/><T10/><D117/><U22/><E47/><V3/><F3/><N who="0" m="1066" /><D27/><U93/><E93/><V126/><F126/><W78/><G78/><T1/><N who="0" m="1074" /><T90/><DORA hai="36" /><D90/><U30/><E66/><AGARI ba="0,0" hai="42,46,51,58,63,66,86,87,95,97,103" m="3463" machi="66" ten="30,7700,0" yaku="8,1,52,3" doraHai="83,36" who="2" fromWho="1" sc="61,0,124,-77,165,77,650,0" owari="61,-34.0,47,-45.0,242,4.0,650,75.0" /></mjloggm>