<mjloggm ver="2.3"><GO type="185" lobby="0"/><UN n0="%E3%81%B7%E3%82%8A%E3%81%B7%E3%82%8A%EF%BC%92%EF%BC%90%EF%BC%90%EF%BC%91" n1="%E3%82%86%E3%81%8D%E3%81%86%E3%81%95%E3%81%8E%E2%98%86" n2="%E3%83%A2%E3%83%AA%E3%82%AA%E3%83%B3%E3%81%AE%E5%A7%AB" n3="" dan="16,16,17,0" rate="2151.63,2183.39,2285.40,1500.00" sx="M,F,F,C"/><TAIKYOKU oya="0"/><INIT seed="0,0,0,2,1,134" ten="350,350,350,0" oya="0" hai0="49,80,106,130,115,110,53,113,74,127,98,51,71" hai1="103,114,36,65,72,42,48,1,46,32,2,99,39" hai2="61,107,57,54,82,67,83,38,90,76,59,133,62" hai3=""/><T105/><D71/><U120/><N who="1" m="30752" /><U75/><E114/><V93/><F133/><T56/><D130/><U70/><E32/><V89/><F107/><T101/><D110/><U37/><E65/><V126/><F38/><T135/><D135/><U47/><E70/><V66/><F54/><T60/><D106/><U77/><E77/><V35/><F35/><T81/><D74/><N who="1" m="28203" /><E48/><V86/><F76/><T94/><D115/><U92/><E42/><V132/><F132/><T88/><D113/><U3/><AGARI ba="0,0" hai="1,2,3,36,37,39,46,47,92,99,103" m="28203,30752" machi="3" ten="50,4800,0" yaku="26,2,52,1" doraHai="134" who="1" fromWho="1" sc="350,-32,350,48,350,-16,0,0" /><INIT seed="1,0,0,1,4,50" ten="318,398,334,0" oya="1" hai0="37,38,78,109,92,115,95,133,87,86,93,49,59" hai1="70,56,113,83,44,99,128,94,1,66,110,55,82" hai2="34,32,100,76,48,108,85,131,62,117,71,129,96" hai3=""/><U81/><E1/><V36/><F36/><T127/><D115/><U97/><E113/><V111/><F117/><T43/><D133/><U60/><E128/><N who="2" m="49227" /><F48/><T33/><D33/><N who="2" m="12906" /><F76/><T114/><D114/><U79/><E110/><V35/><F85/><T63/><D78/><U130/><E130/><V77/><F77/><T75/><D87/><U116/><E116/><V65/><N who="2" m="12914" /><V74/><DORA hai="57" /><F74/><T118/><D75/><U98/><E79/><V73/><F73/><T3/><D86/><U0/><E0/><V132/><F132/><T58/><D3/><U105/><E105/><AGARI ba="0,0" hai="62,65,71,96,100,105,108,111" m="12914,49227" machi="105" ten="50,6400,0" yaku="19,1,23,1,52,1" doraHai="50,57" who="2" fromWho="1" sc="318,0,398,-64,334,64,0,0" /><INIT seed="2,0,0,1,4,1" ten="318,334,398,0" oya="2" hai0="64,68,82,0,33,85,122,88,104,39,130,69,46" hai1="131,117,72,65,61,75,132,105,36,106,34,120,45" hai2="42,96,60,99,44,83,53,89,50,67,87,62,110" hai3=""/><V128/><F128/><T91/><N who="0" m="31264" /><T74/><D0/><U57/><E57/><V115/><F115/><T95/><D104/><U107/><E61/><V81/><F110/><T108/><D108/><U93/><E65/><V86/><F42/><T37/><D130/><U48/><E48/><V135/><F135/><T127/><D127/><U51/><E51/><V43/><F43/><T38/><D33/><U58/><E58/><V121/><N who="2" m="31008" /><V133/><F133/><T79/><D46/><U92/><E45/><V134/><F134/><T56/><D91/><U78/><N who="1" m="30752" /><U49/><E49/><V124/><F124/><T112/><D112/><U47/><E132/><V102/><F102/><T103/><D103/><U125/><E125/><V54/><F53/><T126/><D126/><U101/><E131/><V97/><REACH who="2" step="1"/><F67/><REACH who="2" ten="318,334,388,0" step="2"/><T71/><D64/><U123/><E101/><V66/><F66/><T118/><D68/><U111/><N who="1" m="31520" /><U41/><E111/><V2/><F2/><T73/><D69/><U129/><E129/><V116/><F116/><T55/><D118/><U119/><E119/><V80/><F80/><T109/><D71/><U3/><E117/><V35/><F35/><T70/><D70/><U59/><E34/><RYUUKYOKU ba="0,1" sc="318,-10,334,-10,388,20,0,0" hai2="44,50,54,60,62,81,83,86,87,89,96,97,99" /><INIT seed="2,1,1,3,1,36" ten="308,324,408,0" oya="2" hai0="44,34,54,58,61,63,39,53,89,119,133,51,121" hai1="116,108,66,103,32,120,114,132,84,125,0,43,77" hai2="50,60,75,95,113,72,80,65,94,64,42,131,49" hai3=""/><V91/><F113/><T107/><N who="0" m="31008" /><T98/><D34/><U73/><E103/><V93/><F131/><T74/><D119/><U117/><E84/><V96/><F96/><T100/><D74/><U127/><E43/><V97/><F97/><T110/><D110/><U48/><E48/><V105/><F105/><T40/><D133/><U71/><E66/><V111/><F111/><T68/><D54/><U101/><E77/><V3/><F3/><T35/><D35/><U69/><E101/><V81/><F94/><T134/><D134/><U112/><E112/><V1/><F1/><T67/><REACH who="0" step="1"/><D89/><REACH who="0" ten="298,324,408,0" step="2"/><U33/><E116/><V86/><F91/><T79/><D79/><U118/><E32/><V37/><F64/><T92/><D92/><U2/><E117/><V122/><F65/><T83/><D83/><U130/><E2/><V129/><F93/><T123/><N who="0" m="31520" /><T45/><D45/><U85/><E85/><V124/><F95/><T115/><D115/><U128/><E128/><V88/><F86/><T78/><D78/><U59/><E125/><V56/><F124/><T102/><D102/><U41/><E127/><V87/><F87/><T135/><D135/><U104/><N who="1" m="30752" /><U46/><E132/><V52/><F122/><RYUUKYOKU ba="1,2" sc="298,20,324,-10,408,-10,0,0" hai0="39,40,44,51,53,58,61,63,67,68,98,100,107" /><INIT seed="4,2,2,2,4,59" ten="318,314,398,0" oya="0" hai0="33,99,32,70,90,61,123,45,76,80,94,109,122" hai1="104,58,75,102,64,41,115,71,82,91,2,52,129" hai2="89,111,117,96,65,130,47,124,120,35,83,67,53" hai3=""/><T113/><N who="0" m="31264" /><T78/><N who="0" m="31520" /><T125/><D125/><U38/><E2/><V57/><N who="2" m="30752" /><V81/><F111/><T46/><D109/><U103/><E115/><V54/><F35/><T69/><D113/><U134/><E129/><V56/><F130/><T60/><D78/><U132/><E64/><V73/><F47/><T135/><D135/><N who="1" m="51755" /><E71/><V66/><F124/><T37/><D37/><U79/><E91/><V55/><F117/><T108/><D108/><U1/><E104/><V105/><F73/><T39/><D39/><U128/><E128/><V50/><F54/><T48/><D45/><U42/><E1/><V98/><F105/><T63/><D70/><U43/><E38/><V97/><REACH who="2" step="1"/><F89/><REACH who="2" ten="318,314,388,0" step="2"/><T34/><D34/><U68/><E68/><V93/><F93/><T40/><REACH who="0" step="1"/><D69/><REACH who="0" ten="308,314,388,0" step="2"/><U72/><E72/><AGARI ba="2,4" hai="32,33,40,46,48,60,61,63,72,76,80,90,94,99" m="31520,31264" machi="72" ten="40,24000,3" yaku="1,1,2,1,52,5,53,2" doraHai="59" doraHaiUra="0" who="0" fromWho="1" sc="308,284,314,-244,388,0,0,0" /><INIT seed="4,3,0,2,0,113" ten="592,70,388,0" oya="0" hai0="115,54,33,76,100,40,61,104,135,114,124,32,93" hai1="129,125,94,101,55,131,49,46,48,45,95,99,122" hai2="98,123,73,109,63,41,57,130,112,38,51,82,34" hai3=""/><T39/><D104/><U133/><N who="1" m="31264" /><U70/><E70/><V97/><N who="2" m="31520" /><V102/><F109/><T103/><D135/><U111/><E111/><V0/><F112/><N who="0" m="43050" /><D124/><U80/><E133/><V127/><F127/><T88/><D76/><U126/><E80/><V81/><F0/><T118/><D118/><U56/><E56/><V74/><F38/><T87/><D40/><U66/><E66/><V58/><F41/><T86/><D86/><U3/><E3/><V69/><F69/><T134/><D39/><U108/><E108/><V44/><F98/><T71/><D134/><U91/><E125/><V60/><F97/><T65/><D54/><U83/><E126/><V75/><F75/><T106/><D106/><U36/><E36/><V119/><F119/><T62/><D62/><U121/><N who="1" m="31008" /><U89/><E83/><V92/><F60/><T78/><D78/><U1/><E1/><V59/><F63/><T47/><D47/><U64/><E94/><V79/><F92/><T96/><D96/><U53/><REACH who="1" step="1"/><E64/><REACH who="1" ten="592,60,388,0" step="2"/><V105/><F81/><T116/><D65/><U67/><E67/><V128/><F82/><T72/><D71/><U50/><E50/><V132/><F51/><T52/><D72/><N who="2" m="27754" /><F132/><T37/><D37/><RYUUKYOKU ba="3,1" sc="592,-10,60,20,388,-10,0,0" hai1="45,46,48,49,53,55,89,91,95,99,101,129,131" /><INIT seed="5,4,1,0,3,133" ten="582,80,378,0" oya="1" hai0="37,111,64,88,102,60,123,129,39,118,48,91,65" hai1="47,84,112,93,32,35,116,50,125,56,75,78,100" hai2="97,94,104,0,98,45,59,127,76,3,46,80,109" hai3=""/><U53/><E116/><V42/><F109/><T132/><N who="0" m="31520" /><T134/><D111/><U92/><E112/><V82/><F104/><T71/><D118/><U2/><E2/><V113/><F113/><T86/><D102/><U105/><E125/><V99/><F127/><T36/><D129/><U43/><E75/><V72/><F94/><T51/><D65/><U106/><E92/><V63/><F82/><T87/><D48/><U58/><E58/><V68/><F68/><T41/><D51/><U126/><E126/><V54/><REACH who="2" step="1"/><F46/><REACH who="2" ten="582,80,368,0" step="2"/><T73/><D71/><U69/><E69/><V101/><F101/><T52/><D134/><U124/><E124/><V57/><F57/><T110/><D132/><U70/><E70/><V107/><F107/><T1/><D110/><U34/><E100/><V38/><AGARI ba="4,2" hai="0,3,38,42,45,54,59,63,72,76,80,97,98,99" machi="38" ten="30,1500,0" yaku="1,1,0,1,53,0" doraHai="133" doraHaiUra="120" who="2" fromWho="2" sc="582,-9,80,-14,368,43,0,0" /><INIT seed="6,0,0,5,5,120" ten="573,66,411,0" oya="2" hai0="90,41,107,50,66,77,88,33,34,65,116,62,113" hai1="57,82,132,129,55,32,39,115,117,109,69,3,56" hai2="83,123,122,64,96,131,95,108,35,67,47,44,98" hai3=""/><V53/><N who="2" m="31264" /><V75/><N who="2" m="31520" /><V46/><F35/><T37/><D116/><U104/><E82/><V94/><F131/><T72/><D37/><U124/><E55/><V85/><F75/><T91/><D113/><U121/><E56/><V105/><F105/><T128/><D128/><U76/><E57/><V71/><F71/><T63/><D107/><U111/><E76/><V102/><F53/><T80/><D33/><U92/><E92/><V86/><F108/><T134/><D34/><U101/><E101/><V36/><F36/><T0/><D0/><U42/><E42/><V133/><F133/><T100/><D100/><U48/><E48/><V93/><F102/><T59/><D134/><U106/><E106/><V61/><F61/><T118/><D91/><U2/><E3/><V126/><F126/><T110/><D63/><U49/><E49/><V135/><F135/><T73/><D50/><U114/><E115/><V58/><F58/><T103/><D62/><U68/><E111/><V45/><N who="2" m="11264" /><DORA hai="97" /><V81/><F81/><T78/><D110/><U84/><E84/><N who="2" m="32363" /><F83/><T130/><D80/><U38/><E39/><V40/><F40/><T125/><D59/><U74/><AGARI ba="0,0" hai="2,32,38,68,69,74,104,109,114,117,121,124,129,132" machi="74" ten="0,24000,5" yakuman="47" doraHai="120,97" who="1" fromWho="1" sc="573,-80,66,240,411,-160,0,0" owari="493,44.0,306,-9.0,251,-35.0,0,0.0" /></mjloggm>