<mjloggm ver="2.3"><GO type="169" lobby="0"/><UN n0="%64%75%72%72%72%72%72" n1="%E5%A4%A7%E8%BE%BB" n2="%40%6D%40" n3="%E3%81%92%E3%81%A1%E3%81%87%E3%81%AA%30%34" dan="18,16,16,16" rate="2283.13,2088.23,2054.06,2129.97" sx="M,M,M,M"/><TAIKYOKU oya="0"/><INIT seed="0,0,0,5,3,133" ten="250,250,250,250" oya="0" hai0="84,80,104,25,71,27,19,59,85,38,43,68,107" hai1="120,79,126,8,130,106,40,99,110,51,95,31,128" hai2="4,63,72,17,44,39,89,45,76,24,134,9,48" hai3="92,22,90,114,125,6,100,11,74,83,111,98,119"/><T35/><D43/><U87/><E120/><V69/><F134/><W127/><G114/><T62/><D38/><U118/><E118/><V66/><F89/><W105/><G119/><T73/><D73/><U97/><E31/><V116/><F116/><W64/><G22/><T50/><D50/><U21/><E21/><V33/><F39/><W1/><G64/><T121/><D121/><U108/><E51/><V94/><F94/><W58/><G58/><T12/><D35/><U42/><E8/><V124/><F124/><N who="3" m="47691" /><G111/><N who="1" m="42538" /><E40/><V96/><F33/><W37/><G37/><T0/><D59/><U7/><E7/><V115/><F4/><W16/><G16/><T113/><D19/><U46/><E42/><V20/><F9/><W81/><G74/><T65/><D65/><U49/><E49/><V10/><F10/><W29/><G29/><T53/><D71/><U102/><E46/><V93/><F45/><W30/><G30/><T129/><D68/><U36/><E36/><V32/><F32/><W67/><G67/><T26/><D27/><U15/><E15/><V57/><F69/><W2/><G2/><T109/><D12/><U86/><E126/><V70/><F70/><W52/><G52/><T103/><D25/><U5/><E5/><V23/><F23/><W56/><G56/><T34/><D26/><U132/><E132/><V101/><F115/><W91/><G91/><T88/><D0/><U75/><E75/><V54/><F72/><W131/><G131/><N who="1" m="50218" /><E79/><AGARI ba="0,0" hai="17,20,24,44,48,54,57,63,66,76,79,93,96,101" machi="79" ten="40,1300,0" yaku="8,1" doraHai="133" who="2" fromWho="1" sc="250,0,250,-13,250,13,250,0" /><INIT seed="1,0,0,4,3,94" ten="250,237,263,250" oya="1" hai0="32,20,12,122,21,111,77,52,99,33,30,55,31" hai1="7,115,51,56,76,0,131,72,29,43,102,36,14" hai2="91,100,8,37,39,13,92,97,41,96,82,15,132" hai3="126,4,42,114,1,109,3,38,67,127,125,54,62"/><U80/><E115/><V81/><F132/><W105/><G114/><T124/><D77/><U112/><E112/><V9/><F41/><W64/><G109/><T24/><D111/><U23/><E131/><V104/><F39/><W88/><G105/><T74/><D74/><U85/><E29/><V66/><F66/><W120/><G120/><T134/><D134/><U117/><E117/><V135/><F37/><W106/><G106/><T58/><D124/><U89/><E102/><V87/><F135/><W93/><G54/><T26/><D122/><U18/><E56/><V60/><F60/><W28/><G28/><T130/><D130/><U128/><E128/><V71/><F71/><W90/><G42/><T108/><D108/><U69/><E69/><V98/><F13/><W6/><G38/><T49/><D12/><U129/><E129/><V118/><F118/><W79/><G79/><T116/><D116/><U121/><E121/><V44/><F44/><W47/><G47/><T34/><D55/><U83/><E51/><V53/><F53/><W119/><G119/><T27/><D27/><U45/><E7/><N who="3" m="2602" /><G90/><T73/><D73/><U110/><REACH who="1" step="1"/><E110/><REACH who="1" ten="250,227,263,250" step="2"/><V17/><REACH who="2" step="1"/><F8/><REACH who="2" ten="250,227,253,250" step="2"/><W11/><G11/><T103/><REACH who="0" step="1"/><D34/><REACH who="0" ten="240,227,253,250" step="2"/><U86/><E86/><V59/><F59/><N who="3" m="36959" /><G67/><T78/><D78/><U35/><E35/><V95/><F95/><AGARI ba="0,3" hai="20,21,24,26,30,31,32,33,49,52,58,95,99,103" machi="95" ten="30,8000,1" yaku="1,1,7,1,9,1,52,1,54,1,53,0" doraHai="94" doraHaiUra="68" who="0" fromWho="2" sc="240,110,227,0,253,-80,250,0" /><INIT seed="2,0,0,4,4,77" ten="350,227,173,250" oya="2" hai0="25,22,118,33,86,17,97,10,80,32,35,110,133" hai1="29,122,88,65,54,64,67,111,71,109,129,19,117" hai2="81,132,23,72,5,24,104,57,39,44,85,8,21" hai3="135,89,93,27,124,60,13,0,1,68,128,82,15"/><V42/><F104/><W127/><G27/><T87/><D110/><U76/><E122/><V6/><F132/><W46/><G128/><T70/><D70/><U38/><E38/><V84/><F5/><W74/><G46/><T18/><D133/><U121/><E121/><V107/><F107/><W11/><G135/><T48/><D118/><U20/><E117/><V119/><F119/><W113/><G113/><T45/><D97/><U114/><E29/><V69/><F69/><W41/><G41/><T62/><D62/><U34/><E34/><V90/><F72/><W73/><G60/><T59/><D59/><U31/><E31/><V37/><F57/><W79/><G74/><T134/><D134/><U58/><E129/><V63/><F63/><W98/><G13/><T131/><D131/><U115/><E71/><V106/><F106/><W123/><G68/><T3/><D86/><U30/><E30/><V55/><F55/><W101/><G101/><T78/><D3/><U95/><E76/><V7/><F7/><W126/><REACH who="3" step="1"/><G123/><REACH who="3" ten="350,227,173,240" step="2"/><T103/><D103/><U96/><E115/><V52/><F24/><W36/><G36/><T49/><D45/><U83/><E114/><V91/><F39/><W14/><G14/><N who="0" m="7383" /><D49/><U108/><E58/><V50/><F37/><W40/><G40/><T94/><D48/><U105/><E54/><V43/><F43/><W12/><G12/><T120/><D120/><U53/><E53/><V66/><F42/><W16/><AGARI ba="0,1" hai="0,1,11,15,16,73,79,82,89,93,98,124,126,127" machi="16" ten="30,8000,1" yaku="1,1,0,1,18,1,52,1,54,1,53,0" doraHai="77" doraHaiUra="26" who="3" fromWho="3" sc="350,-20,227,-20,173,-40,240,90" /><INIT seed="3,0,0,3,5,90" ten="330,207,133,330" oya="3" hai0="122,60,49,35,23,113,4,3,6,98,9,29,36" hai1="81,83,80,41,17,61,109,119,13,21,11,91,99" hai2="88,71,56,126,124,111,57,135,77,62,107,117,22" hai3="127,39,58,75,48,25,72,27,95,65,44,102,128"/><W82/><G39/><T18/><D36/><U89/><E119/><V19/><F117/><W2/><G2/><T33/><D122/><U121/><E121/><V12/><F107/><W5/><G5/><T105/><D6/><U50/><E109/><V37/><F37/><W104/><G104/><T70/><D29/><U24/><E61/><V74/><F111/><W38/><G128/><T52/><D113/><U54/><E41/><V47/><F47/><W114/><G114/><T118/><D118/><U115/><E115/><V116/><F116/><W133/><G38/><T10/><D10/><U69/><E69/><V76/><F135/><W20/><G127/><N who="2" m="48681" /><F74/><W66/><G27/><T15/><D60/><U96/><E99/><V112/><F112/><W16/><G82/><T79/><D79/><N who="2" m="30282" /><F88/><W103/><G75/><T101/><REACH who="0" step="1"/><D70/><REACH who="0" ten="320,207,133,330" step="2"/><U26/><E96/><V55/><F71/><W45/><G133/><T31/><D31/><U34/><E34/><V73/><F73/><W123/><G72/><T93/><D93/><U28/><REACH who="1" step="1"/><E26/><REACH who="1" ten="320,197,133,330" step="2"/><V92/><F62/><W30/><G123/><T86/><D86/><U14/><E14/><V110/><F110/><W53/><G25/><T97/><D97/><U68/><E68/><V100/><F55/><W108/><G53/><T51/><D51/><U42/><E42/><V85/><F85/><W94/><G108/><T132/><D132/><U64/><E64/><V59/><F100/><W43/><G103/><T106/><D106/><U63/><E63/><V130/><F130/><W7/><G102/><T0/><D0/><U78/><E78/><RYUUKYOKU ba="0,2" sc="320,10,197,10,133,10,330,-30" hai0="3,4,9,15,18,23,33,35,49,52,98,101,105" hai1="11,13,17,21,24,28,50,54,80,81,83,89,91" hai2="12,19,22,56,57,59,92" /><INIT seed="4,1,2,4,4,94" ten="330,207,143,300" oya="0" hai0="124,112,0,65,16,44,39,58,130,50,110,93,81" hai1="106,43,29,38,116,85,87,36,126,90,32,79,13" hai2="48,101,70,98,12,18,72,105,84,23,103,63,100" hai3="86,24,97,118,129,56,77,107,83,91,96,54,10"/><T26/><D0/><U47/><E116/><V82/><F72/><W62/><G118/><T17/><D39/><U22/><E106/><V71/><F48/><W33/><G107/><T128/><D112/><U57/><E126/><V30/><F30/><W132/><G132/><T92/><D124/><U4/><E32/><V41/><F41/><W119/><G119/><T108/><D81/><U46/><E79/><V111/><F111/><N who="0" m="42538" /><D58/><U55/><E29/><V114/><F114/><W76/><G24/><T6/><D6/><U127/><E127/><V34/><F34/><W60/><G33/><T117/><D65/><U131/><E131/><N who="0" m="50217" /><D117/><U102/><E102/><V21/><F21/><W104/><G62/><T80/><D80/><U42/><E90/><V52/><F103/><W135/><G91/><T59/><D59/><U14/><E22/><V69/><F101/><W67/><G56/><T75/><D75/><U35/><E35/><V95/><F105/><W11/><G104/><T20/><D17/><U123/><E123/><V64/><F71/><W53/><G83/><T1/><D1/><U134/><E134/><V5/><F5/><W15/><G129/><T120/><D120/><U133/><E133/><V125/><F125/><W113/><G113/><T122/><D122/><U109/><E109/><V66/><F66/><W40/><G67/><T74/><D74/><U45/><E46/><V3/><F3/><W9/><G135/><T115/><D115/><U68/><E68/><V78/><F69/><W27/><G77/><T28/><D28/><U25/><E4/><V88/><F78/><RYUUKYOKU ba="1,2" sc="330,15,207,-15,143,15,300,-15" hai0="16,20,26,44,50,92,93" hai2="12,18,23,52,63,64,70,82,84,88,95,98,100" /><INIT seed="4,2,2,4,2,40" ten="345,192,158,285" oya="0" hai0="45,67,4,28,64,115,57,3,10,126,130,41,101" hai1="76,93,86,20,37,105,69,61,52,125,75,30,35" hai2="84,63,19,106,110,119,29,117,70,108,118,14,47" hai3="17,54,66,8,7,131,109,56,95,43,83,77,53"/><T71/><D71/><U114/><E105/><V2/><F2/><W97/><G109/><T104/><D115/><U49/><E125/><V90/><F106/><W113/><G131/><T123/><D123/><U50/><E35/><V42/><F29/><W88/><G43/><T31/><D130/><U94/><E75/><V16/><F63/><W48/><G113/><T80/><D126/><U127/><E37/><N who="2" m="21967" /><F70/><W22/><G66/><T39/><D80/><U0/><E0/><V34/><F34/><W73/><G53/><T78/><D78/><U5/><E5/><V9/><F19/><W91/><G91/><T21/><D57/><U32/><E32/><V23/><F23/><W92/><G92/><AGARI ba="2,2" hai="9,14,16,84,90,92,108,110,117,118,119" m="21967" machi="92" ten="30,3900,0" yaku="12,1,52,1,54,1" doraHai="40" who="2" fromWho="3" sc="345,0,192,0,158,65,285,-45" /><INIT seed="5,0,0,2,1,16" ten="345,192,223,240" oya="1" hai0="75,109,66,9,94,129,50,83,39,121,65,77,31" hai1="71,36,35,56,123,40,89,131,46,124,3,58,10" hai2="17,112,22,117,6,15,24,72,21,86,63,95,62" hai3="111,102,99,54,87,113,30,125,98,110,1,90,61"/><U126/><E123/><V81/><F117/><W19/><G1/><T105/><D109/><U92/><E35/><V74/><F112/><W27/><G125/><N who="1" m="48234" /><E71/><V52/><F6/><W41/><G41/><T33/><D33/><U101/><E101/><V93/><F72/><W47/><G113/><T2/><D105/><U8/><E131/><V103/><F74/><W43/><G19/><T70/><D70/><U97/><E3/><V119/><F119/><W73/><G73/><T122/><D2/><U44/><E44/><V79/><F103/><W134/><G134/><T5/><D129/><U51/><E36/><V76/><F76/><W130/><G130/><T115/><D39/><U88/><E89/><V64/><F64/><W107/><G102/><T0/><D77/><U7/><E7/><V59/><F63/><W78/><G78/><T4/><D115/><U55/><E58/><V57/><F59/><N who="3" m="35063" /><G107/><T14/><D121/><U38/><AGARI ba="0,0" hai="8,10,38,40,46,51,55,56,88,92,97" m="48234" machi="38" ten="30,3000,0" yaku="18,1,54,1" doraHai="16" who="1" fromWho="1" sc="345,-10,192,30,223,-10,240,-10" /><INIT seed="5,1,0,2,1,43" ten="335,222,213,230" oya="1" hai0="30,97,100,90,134,120,44,57,56,113,125,93,71" hai1="114,16,10,1,99,121,62,115,69,17,91,65,31" hai2="13,68,95,50,48,52,85,109,22,51,87,12,108" hai3="92,58,77,131,135,89,14,75,41,88,80,127,15"/><U101/><E121/><V123/><F68/><W70/><G70/><T35/><D71/><U24/><E91/><V60/><F123/><W82/><G131/><T67/><D120/><U111/><E111/><V110/><F95/><W94/><G135/><T39/><D134/><U59/><E10/><V46/><F60/><W61/><G41/><T2/><D2/><U19/><E1/><V66/><F66/><W0/><G0/><T112/><D125/><U107/><REACH who="1" step="1"/><E59/><REACH who="1" ten="335,212,213,230" step="2"/><V28/><F109/><W29/><G58/><N who="0" m="22635" /><D67/><U106/><E106/><V54/><F110/><W25/><G61/><T47/><D90/><U34/><AGARI ba="1,1" hai="16,17,19,24,31,34,62,65,69,99,101,107,114,115" machi="34" ten="30,18000,2" yaku="1,1,0,1,25,2,54,1,53,1" doraHai="43" doraHaiUra="20" who="1" fromWho="1" sc="335,-61,212,193,213,-61,230,-61" /><INIT seed="5,2,0,3,5,131" ten="274,405,152,169" oya="1" hai0="58,67,120,132,14,2,125,32,25,30,126,1,74" hai1="66,60,50,48,70,28,101,12,118,83,122,43,40" hai2="76,23,130,54,102,96,78,45,46,105,119,112,56" hai3="99,57,62,87,13,89,42,18,115,37,52,95,94"/><U17/><E122/><V8/><F119/><W36/><G42/><T108/><D74/><U92/><E28/><V85/><F130/><W9/><REACH who="3" step="1"/><G115/><REACH who="3" ten="274,405,152,159" step="2"/><T81/><D126/><U127/><E43/><V97/><F112/><W31/><G31/><T106/><D125/><U82/><E40/><V69/><F69/><W29/><G29/><T21/><D30/><U133/><E127/><V24/><F8/><W3/><G3/><T86/><D1/><U35/><E118/><V16/><F78/><W53/><G53/><T15/><D2/><U6/><E66/><V19/><F19/><W34/><G34/><T109/><D32/><U84/><E6/><V135/><F135/><W41/><G41/><T55/><D67/><U111/><E70/><V26/><F26/><W107/><G107/><T73/><D55/><U72/><E35/><V91/><F76/><W10/><G10/><T38/><D106/><U64/><E64/><V0/><F0/><W33/><G33/><T79/><D132/><U4/><E4/><V44/><F105/><W39/><G39/><T121/><D38/><U65/><E65/><V63/><REACH who="2" step="1"/><F102/><AGARI ba="2,1" hai="9,13,18,36,37,52,57,62,87,89,94,95,99,102" machi="102" ten="30,3900,0" yaku="1,1,7,1,54,1,53,0" doraHai="131" doraHaiUra="129" who="3" fromWho="2" sc="274,0,405,0,152,-45,159,55" /><INIT seed="6,0,0,0,2,134" ten="274,405,107,214" oya="2" hai0="2,56,81,99,123,51,119,42,103,52,45,69,59" hai1="16,98,23,39,126,97,133,122,100,110,125,43,6" hai2="68,8,28,131,11,91,10,76,70,38,127,102,84" hai3="79,44,74,116,0,72,66,96,58,101,21,26,48"/><V15/><F38/><W106/><G0/><T120/><D2/><U47/><E110/><V93/><F131/><W132/><G116/><T88/><D69/><U80/><E133/><V55/><F28/><W9/><G9/><T24/><D119/><U54/><E122/><V89/><F76/><W108/><G108/><T25/><D59/><U95/><E6/><V57/><F102/><W115/><G79/><T13/><D123/><U53/><E80/><V64/><F64/><W32/><G32/><T92/><D120/><U121/><E121/><V114/><F114/><W109/><G109/><T83/><D13/><U7/><E7/><V85/><F127/><N who="1" m="48649" /><E97/><V60/><REACH who="2" step="1"/><F15/><AGARI ba="0,0" hai="15,16,23,39,43,47,53,54,95,98,100" m="48649" machi="15" ten="30,8000,1" yaku="18,1,52,3,54,1" doraHai="134" who="1" fromWho="2" sc="274,0,405,80,107,-80,214,0" /><INIT seed="7,0,0,0,3,27" ten="274,485,27,214" oya="3" hai0="80,9,126,28,106,33,134,98,55,17,23,108,57" hai1="46,103,123,53,78,50,120,93,62,90,81,122,70" hai2="14,76,127,16,6,75,47,117,40,8,43,113,54" hai3="61,86,129,73,82,11,48,24,85,92,95,22,110"/><W88/><G129/><T128/><D108/><U37/><E37/><V26/><F26/><W71/><BYE who="2" /><G110/><T1/><D33/><U63/><E103/><V72/><F72/><W39/><G39/><T29/><D128/><U56/><E70/><V10/><F10/><W77/><G11/><T67/><D67/><U130/><E130/><V109/><F109/><W41/><G71/><T116/><D116/><U13/><E13/><V119/><F119/><W105/><G105/><T66/><D66/><U5/><E123/><V44/><F44/><W96/><G61/><T91/><D134/><U18/><E18/><V45/><F45/><N who="3" m="25647" /><G73/><T51/><D126/><U21/><E5/><V3/><F3/><W83/><G95/><N who="0" m="56703" /><D106/><U15/><E63/><V49/><F49/><W30/><G83/><T133/><D1/><U124/><E124/><V94/><F94/><W31/><G96/><T131/><D131/><U111/><E111/><V19/><F19/><AGARI ba="0,0" hai="19,22,24,30,31,77,82,85,86,88,92" m="25647" machi="19" ten="30,11600,0" yaku="8,1,52,2,54,1" doraHai="27" who="3" fromWho="2" sc="274,0,485,0,27,-116,214,116" owari="274,-13.0,485,59.0,-89,-59.0,330,13.0" /></mjloggm>