<mjloggm ver="2.3"><GO type="185" lobby="0"/><UN n0="%E5%A4%9A%E6%9E%97%E6%99%8B" n1="%E4%BC%8F%E5%B1%8B" n2="%E3%82%86%E3%81%8D%E3%81%86%E3%81%95%E3%81%8E%E2%98%86" n3="" dan="16,16,16,0" rate="2187.73,2160.95,2183.32,1500.00" sx="M,M,F,C"/><TAIKYOKU oya="0"/><INIT seed="0,0,0,1,2,97" ten="350,350,350,0" oya="0" hai0="57,81,129,50,88,104,43,33,124,70,113,1,62" hai1="91,38,72,60,92,79,44,98,117,99,100,56,42" hai2="90,135,130,133,110,2,94,53,102,134,61,46,86" hai3=""/><T106/><D1/><U123/><N who="1" m="31520" /><U132/><E117/><V85/><F2/><T108/><D33/><U75/><E132/><V127/><F110/><T78/><D113/><U35/><E79/><V39/><F130/><T51/><D129/><U122/><N who="1" m="31264" /><U82/><E82/><V131/><F131/><T64/><D108/><U103/><E91/><V71/><F127/><T41/><D124/><U111/><E111/><V105/><F86/><T120/><N who="0" m="30752" /><T48/><D70/><U40/><E40/><V54/><F71/><T89/><D41/><U65/><REACH who="1" step="1"/><E35/><REACH who="1" ten="350,340,350,0" step="2"/><V83/><F83/><T67/><D43/><U47/><E47/><V34/><F34/><T80/><D89/><U93/><AGARI ba="0,1" hai="38,42,44,56,60,65,72,75,92,93,98,99,100,103" m="31264,31520" machi="93" ten="20,12000,3" yaku="1,1,0,1,7,1,9,1,52,4,53,2" doraHai="97" doraHaiUra="96" who="1" fromWho="1" sc="350,-80,340,130,350,-40,0,0" /><INIT seed="1,0,0,1,1,84" ten="270,470,310,0" oya="1" hai0="60,125,40,105,117,114,116,75,45,80,102,100,91" hai1="110,39,95,58,122,106,1,118,133,90,43,51,55" hai2="72,129,64,47,44,120,124,108,81,92,107,131,50" hai3=""/><U59/><N who="1" m="31264" /><U70/><E118/><N who="0" m="45673" /><D114/><U56/><E1/><V87/><N who="2" m="30752" /><V42/><F108/><T35/><D35/><U3/><E3/><V98/><F124/><T62/><D105/><U113/><E113/><V79/><F64/><T61/><D125/><U71/><E106/><V109/><F109/><T89/><D75/><U69/><E110/><V127/><F127/><T104/><D80/><U41/><E39/><V38/><F72/><T99/><D102/><U76/><E76/><V103/><REACH who="2" step="1"/><F107/><REACH who="2" ten="270,470,300,0" step="2"/><T53/><D53/><AGARI ba="0,1" hai="38,42,44,47,50,53,79,81,87,92,98,103,129,131" m="30752" machi="53" ten="40,8000,1" yaku="1,1,2,1,52,1,53,1" doraHai="84" doraHaiUra="46" who="2" fromWho="0" sc="270,-80,470,0,300,90,0,0" /><INIT seed="2,0,0,3,3,108" ten="190,470,390,0" oya="2" hai0="67,134,84,101,80,135,73,44,93,103,87,51,56" hai1="2,47,38,59,109,119,104,68,0,122,95,107,35" hai2="79,129,55,90,75,124,128,50,106,69,126,111,91" hai3=""/><V32/><F32/><T3/><D3/><U96/><N who="1" m="31264" /><U57/><E109/><V62/><F111/><T116/><D116/><U48/><E35/><V86/><F106/><T76/><D67/><U123/><N who="1" m="31520" /><U66/><E119/><V49/><F75/><T72/><D56/><U98/><E38/><V113/><F113/><T125/><D125/><N who="2" m="48234" /><F79/><T74/><D51/><N who="2" m="19466" /><F69/><T46/><D44/><U40/><E68/><V89/><F86/><T110/><D46/><U65/><E48/><V82/><F82/><T78/><D110/><U114/><E47/><V85/><F85/><N who="0" m="32842" /><D80/><U115/><E95/><V100/><F100/><N who="0" m="38474" /><D93/><U33/><E33/><V53/><F62/><T132/><AGARI ba="0,0" hai="72,73,74,76,78,132,134,135" m="38474,32842" machi="132" ten="50,6000,1" yaku="28,2,20,1,34,2" doraHai="108" who="0" fromWho="0" sc="190,60,470,-20,390,-40,0,0" /><INIT seed="4,0,0,5,4,61" ten="250,450,350,0" oya="0" hai0="68,108,99,83,90,109,39,48,45,58,130,32,40" hai1="41,106,92,94,129,80,79,50,111,70,54,62,37" hai2="125,33,123,51,66,100,133,64,2,101,126,65,35" hai3=""/><T87/><D32/><U103/><E111/><N who="0" m="42569" /><D68/><U135/><E135/><V97/><N who="2" m="31520" /><V77/><F133/><T67/><D130/><U49/><E129/><V47/><F77/><T74/><D74/><U63/><E106/><V124/><F2/><T134/><D134/><U105/><E105/><V82/><F82/><T38/><D99/><U107/><E107/><V116/><F116/><T88/><D90/><U78/><E103/><N who="2" m="39499" /><F97/><T81/><D81/><U73/><E79/><V112/><F112/><T0/><D0/><U121/><N who="1" m="31008" /><U71/><E73/><V34/><F33/><T85/><D85/><U118/><E78/><V132/><F132/><T75/><D75/><U104/><E104/><V110/><F110/><T127/><D127/><U53/><E80/><V69/><F69/><T3/><D3/><U56/><E94/><V46/><F46/><T122/><N who="0" m="31264" /><T59/><D58/><U114/><E92/><V86/><F86/><T57/><D57/><U128/><E56/><V76/><F76/><T84/><D84/><U36/><E128/><V89/><F89/><T96/><D96/><U131/><E131/><V43/><AGARI ba="0,0" hai="34,35,43,47,51,64,65,66,124,125,126" m="39499,31520" machi="43" ten="40,6000,1" yaku="18,1,52,4" doraHai="61" who="2" fromWho="2" sc="250,-40,450,-20,350,60,0,0" /><INIT seed="5,0,0,0,4,53" ten="210,430,410,0" oya="1" hai0="77,71,124,0,96,84,102,117,58,68,85,121,2" hai1="116,32,45,37,113,1,72,110,41,132,67,42,57" hai2="97,118,46,131,104,114,69,106,86,47,39,44,105" hai3=""/><U52/><E1/><V91/><F118/><T75/><N who="0" m="31008" /><T50/><D117/><U80/><E32/><V83/><F131/><T82/><D124/><U111/><E116/><V92/><F69/><T74/><D0/><U79/><E132/><V122/><N who="2" m="31264" /><V35/><F35/><T51/><D2/><U40/><E67/><V98/><F114/><T123/><N who="0" m="31520" /><T126/><D126/><U93/><E93/><V103/><REACH who="2" step="1"/><F39/><REACH who="2" ten="210,430,400,0" step="2"/><T38/><D38/><U99/><E113/><V81/><F81/><T115/><D115/><U112/><E112/><V134/><F134/><T63/><D68/><U59/><E59/><V127/><F127/><T125/><D71/><U90/><E37/><V65/><F65/><T108/><D125/><U133/><E133/><V100/><AGARI ba="0,1" hai="44,46,47,83,86,91,92,97,98,100,103,104,105,106" m="31264" machi="100" ten="30,5900,0" yaku="1,1,0,1,52,1,53,1" doraHai="53" doraHaiUra="76" who="2" fromWho="2" sc="210,-20,430,-39,400,69,0,0" /><INIT seed="6,0,0,1,3,48" ten="190,391,469,0" oya="2" hai0="97,55,35,58,91,84,111,67,131,46,82,125,74" hai1="105,36,60,90,127,117,37,109,85,103,1,3,107" hai2="64,75,124,108,110,42,115,38,54,96,32,41,69" hai3=""/><V132/><F32/><T87/><D35/><U114/><E109/><N who="2" m="42091" /><F75/><T98/><D111/><U39/><E114/><V104/><F115/><T68/><D131/><U70/><E117/><V94/><F104/><T43/><D125/><U63/><E127/><V34/><F38/><T93/><D74/><U123/><N who="1" m="31520" /><U53/><E70/><V56/><F124/><T121/><N who="0" m="31008" /><T77/><D67/><U76/><E76/><V118/><F34/><T50/><D68/><U134/><E134/><V89/><F132/><T0/><D0/><U78/><E78/><V73/><F73/><T112/><D112/><U80/><E103/><V129/><F129/><T116/><D116/><U2/><REACH who="1" step="1"/><E63/><REACH who="1" ten="190,381,469,0" step="2"/><V57/><F118/><T66/><REACH who="0" step="1"/><D66/><REACH who="0" ten="180,381,469,0" step="2"/><U100/><E100/><V122/><F69/><T95/><D95/><U47/><E47/><V33/><F33/><T92/><D92/><U99/><E99/><V86/><F96/><T65/><D65/><U128/><E128/><V40/><F64/><T106/><D106/><U126/><E126/><V61/><F122/><T79/><D79/><U83/><E83/><V133/><F94/><T135/><D135/><U120/><N who="1" m="30752" /><U119/><E119/><V72/><F133/><T88/><D88/><RYUUKYOKU ba="0,2" sc="180,10,381,10,469,-20,0,0" hai0="43,46,50,55,58,77,82,84,87,91,93,97,98" hai1="1,2,3,36,37,39,53,60,80,85,90,105,107" owari="190,-41.0,391,-1.0,469,42.0,0,0.0" /></mjloggm>