<mjloggm ver="2.3"><GO type="185" lobby="0"/><UN n0="%E3%81%B7%E3%82%8A%E3%81%B7%E3%82%8A%EF%BC%92%EF%BC%90%EF%BC%90%EF%BC%91" n1="%E6%A2%B6%E9%9A%86%E8%87%A3" n2="%E3%83%A2%E3%83%AA%E3%82%AA%E3%83%B3%E3%81%AE%E5%A7%AB" n3="" dan="16,17,17,0" rate="2156.95,2279.82,2273.94,1500.00" sx="M,M,F,C"/><TAIKYOKU oya="0"/><INIT seed="0,0,0,5,0,46" ten="350,350,350,0" oya="0" hai0="110,109,106,126,73,50,111,112,102,72,85,79,38" hai1="33,40,56,1,103,131,104,74,105,55,107,86,117" hai2="66,114,3,93,116,59,125,60,35,61,98,39,101" hai3=""/><T89/><D38/><U92/><E117/><V70/><F3/><T71/><D71/><U41/><E33/><V123/><N who="2" m="31520" /><V53/><F114/><T94/><D112/><U122/><N who="1" m="31264" /><U76/><E1/><V129/><F35/><T121/><N who="0" m="31008" /><T32/><D32/><U99/><E131/><V90/><F129/><T0/><D0/><U130/><E130/><V127/><F39/><T64/><D64/><U119/><E119/><V77/><F116/><T113/><D113/><U124/><E124/><N who="2" m="47691" /><F77/><T63/><D63/><U91/><E40/><V44/><F44/><T135/><D126/><U133/><E41/><V75/><F75/><T65/><D65/><U95/><E133/><V52/><F53/><T80/><D135/><U37/><E37/><V69/><F90/><T49/><D73/><U83/><E95/><V115/><F115/><T87/><D72/><U48/><AGARI ba="0,0" hai="48,55,56,74,76,83,86,91,92,99,103,104,105,107" m="31264" machi="48" ten="20,9000,2" yaku="0,1,7,1,24,2,52,2" doraHai="46" who="1" fromWho="1" sc="350,-60,350,90,350,-30,0,0" /><INIT seed="1,0,0,5,4,63" ten="290,440,320,0" oya="1" hai0="98,90,33,124,125,74,52,62,48,85,110,92,134" hai1="123,68,113,128,3,37,126,133,103,116,59,80,118" hai2="67,127,120,75,45,112,64,135,84,39,105,129,106" hai3=""/><U104/><E80/><V81/><N who="2" m="30752" /><V2/><F2/><T32/><D74/><U76/><E59/><V96/><F127/><N who="0" m="48714" /><D134/><U79/><E76/><V109/><F135/><T51/><D110/><U58/><E58/><V1/><F109/><T100/><D62/><U56/><E56/><V40/><F1/><T86/><D86/><U34/><E103/><V131/><F112/><T89/><D89/><U54/><E54/><V88/><F75/><T101/><D101/><U70/><E79/><V97/><F105/><T117/><D117/><U78/><E78/><V122/><N who="2" m="31264" /><V65/><REACH who="2" step="1"/><F106/><REACH who="2" ten="290,440,310,0" step="2"/><T111/><D111/><U49/><E116/><V38/><F38/><T55/><D32/><U35/><E34/><V60/><F60/><T119/><D33/><U91/><E49/><N who="0" m="19017" /><D119/><U71/><E126/><V61/><F61/><T43/><D43/><U93/><E118/><V99/><AGARI ba="0,1" hai="39,40,45,64,65,67,81,84,88,96,97,99,129,131" m="31264,30752" machi="99" ten="40,12000,3" yaku="1,1,0,1,52,5,54,1,53,1" doraHai="63" doraHaiUra="77" who="2" fromWho="2" sc="290,-40,440,-80,310,130,0,0" /><INIT seed="2,0,0,3,0,39" ten="250,360,440,0" oya="2" hai0="83,100,118,119,86,116,92,36,61,108,37,46,130" hai1="78,70,104,124,77,135,96,91,81,67,132,72,49" hai2="128,52,44,82,51,74,3,97,95,58,94,57,131" hai3=""/><V63/><F3/><T35/><D35/><U34/><E34/><V110/><F110/><T48/><D108/><U42/><E124/><V76/><F57/><T120/><N who="0" m="30752" /><T111/><D111/><U56/><E78/><V40/><REACH who="2" step="1"/><F94/><REACH who="2" ten="250,360,430,0" step="2"/><T2/><D92/><U87/><E56/><V71/><F71/><T45/><D2/><U84/><E70/><V32/><F32/><T75/><D119/><U68/><E68/><V65/><F65/><T1/><D118/><U47/><E67/><V79/><F79/><T114/><D116/><U123/><N who="1" m="31520" /><U126/><E126/><V43/><F43/><T102/><D1/><U133/><REACH who="1" step="1"/><E91/><AGARI ba="0,1" hai="40,44,51,52,58,63,74,76,82,91,95,97,128,131" machi="91" ten="40,7700,0" yaku="1,1,52,1,54,1,53,0" doraHai="39" doraHaiUra="115" who="2" fromWho="1" sc="250,0,360,-77,430,87,0,0" /><INIT seed="2,1,0,4,4,109" ten="250,283,517,0" oya="2" hai0="97,100,45,42,130,2,126,65,104,59,39,43,52" hai1="83,117,102,51,90,106,0,44,92,110,61,32,84" hai2="107,103,111,48,47,128,91,34,124,55,118,58,115" hai3=""/><V80/><F118/><T120/><N who="0" m="30752" /><T125/><D2/><U33/><E110/><V62/><F34/><T76/><D130/><U54/><E0/><V3/><F111/><T69/><D76/><U68/><E117/><V35/><F128/><T131/><D42/><U94/><E106/><V113/><F35/><T133/><D133/><U87/><E68/><V95/><F3/><T132/><D132/><U60/><E32/><V134/><F134/><T101/><D101/><U88/><E33/><V81/><F124/><T98/><D98/><AGARI ba="1,0" hai="44,51,54,60,61,83,84,87,88,90,92,94,98,102" machi="98" ten="40,2600,0" yaku="8,1,54,1" doraHai="109" who="1" fromWho="0" sc="250,-28,283,28,517,0,0,0" /><INIT seed="4,0,0,0,0,47" ten="222,311,517,0" oya="0" hai0="105,51,129,113,1,135,98,106,55,134,79,122,68" hai1="104,121,85,72,112,45,50,123,46,67,33,88,39" hai2="125,102,132,77,100,54,43,101,52,40,119,128,89" hai3=""/><T93/><N who="0" m="31264" /><T75/><D1/><U41/><N who="1" m="31008" /><U78/><N who="1" m="31520" /><U48/><E33/><V35/><F35/><T37/><D37/><U120/><N who="1" m="30752" /><U127/><E104/><V76/><F125/><T118/><D118/><U95/><E127/><V3/><F3/><T114/><D68/><U53/><E112/><N who="0" m="43113" /><D129/><U34/><E34/><V126/><F126/><T42/><D42/><U0/><E0/><V83/><F128/><T81/><D51/><U124/><E124/><V109/><F40/><T111/><D55/><U133/><E133/><N who="0" m="50697" /><D111/><U74/><E67/><V115/><F43/><T94/><D94/><U107/><E107/><V65/><F65/><T96/><D96/><U56/><E39/><V73/><F109/><T64/><D64/><U70/><E70/><V44/><F132/><T131/><D131/><U90/><E56/><V59/><F119/><T82/><D82/><U84/><E95/><V63/><F83/><T117/><D117/><U116/><E116/><V69/><F69/><T103/><AGARI ba="0,0" hai="75,79,81,93,98,103,105,106" m="50697,43113,31264" machi="103" ten="30,8000,1" yaku="15,1,20,1,34,2,52,1" doraHai="47" who="0" fromWho="0" sc="222,80,311,-40,517,-40,0,0" /><INIT seed="4,1,0,3,3,35" ten="302,271,477,0" oya="0" hai0="96,59,47,52,54,106,61,53,64,73,39,41,98" hai1="94,105,84,117,49,43,128,51,57,74,83,72,81" hai2="40,0,48,62,75,114,85,66,38,102,91,87,124" hai3=""/><T37/><D73/><U123/><N who="1" m="31520" /><U122/><N who="1" m="31264" /><U125/><E117/><V111/><F111/><T132/><D106/><U65/><E105/><V82/><F124/><T46/><REACH who="0" step="1"/><D132/><REACH who="0" ten="292,271,477,0" step="2"/><U129/><E125/><V56/><F75/><T89/><D89/><U68/><E74/><V42/><F91/><T92/><D92/><U103/><E72/><V55/><F82/><T97/><D97/><U45/><E83/><V107/><F107/><T135/><D135/><U116/><E116/><V78/><F87/><T77/><D77/><U34/><E94/><V2/><F85/><T70/><D70/><U126/><E68/><V127/><F78/><T120/><N who="0" m="30752" /><T60/><D60/><U50/><E126/><V93/><F93/><T121/><N who="0" m="31008" /><T67/><D67/><U76/><E65/><V113/><F127/><T58/><D58/><U108/><E57/><V71/><F71/><T100/><D100/><U1/><E103/><V134/><F102/><T44/><D44/><U36/><E76/><V101/><F101/><T131/><D131/><U90/><E128/><V118/><F134/><T88/><D88/><U133/><E129/><V109/><F118/><T33/><D33/><U32/><E133/><V115/><F66/><RYUUKYOKU ba="1,1" sc="292,20,271,-10,477,-10,0,0" hai0="37,39,41,46,47,52,53,54,59,61,64,96,98" /><INIT seed="4,2,1,2,2,109" ten="312,261,467,0" oya="0" hai0="62,63,72,81,83,33,113,42,130,111,101,128,61" hai1="40,88,34,120,75,70,95,57,77,107,41,79,54" hai2="112,93,49,82,97,132,66,84,68,64,39,103,108" hai3=""/><T99/><D33/><U55/><N who="1" m="30752" /><U89/><E34/><V46/><F108/><T91/><D111/><U110/><E110/><V127/><F127/><T125/><D125/><U50/><E107/><V0/><F0/><T78/><D42/><U116/><E70/><V117/><F132/><T100/><D113/><U80/><E116/><V90/><F112/><T124/><D124/><U121/><N who="1" m="31008" /><U71/><E71/><V135/><F135/><T67/><D67/><U94/><E77/><V86/><F68/><T37/><D37/><U44/><E94/><V131/><F131/><N who="0" m="50218" /><D99/><U92/><E92/><V56/><F39/><T32/><D32/><U48/><E89/><V36/><F36/><T98/><D98/><AGARI ba="2,1" hai="40,41,44,48,50,54,55,57,75,79,80,88,95,98" m="31008,30752" machi="98" ten="30,7700,0" yaku="7,1,52,2,54,1" doraHai="109" who="1" fromWho="0" sc="312,-81,261,91,467,0,0,0" /><INIT seed="5,0,0,3,2,48" ten="231,352,467,0" oya="1" hai0="54,66,80,128,69,39,106,61,117,131,98,87,124" hai1="82,110,92,75,45,81,74,134,63,84,96,79,34" hai2="116,107,126,37,91,95,133,105,43,119,62,121,127" hai3=""/><U114/><E34/><V100/><N who="2" m="31008" /><V125/><F133/><T35/><D35/><U113/><E134/><V132/><F132/><T2/><D2/><U83/><E45/><V73/><F73/><N who="1" m="27657" /><E63/><V101/><F62/><T59/><D39/><U103/><E110/><V104/><F43/><T89/><D124/><U46/><E46/><V123/><N who="2" m="31520" /><V68/><F68/><T93/><D106/><U118/><E118/><N who="2" m="45099" /><F37/><T108/><D108/><U71/><E71/><V49/><F49/><T65/><D117/><U78/><E84/><AGARI ba="0,0" hai="84,91,95,100,101,104,105,107,125,126,127" m="45099,31520,31008" machi="84" ten="40,8000,1" yaku="18,1,34,2,52,2" doraHai="48" who="2" fromWho="1" sc="231,0,352,-80,467,80,0,0" /><INIT seed="6,0,0,2,4,86" ten="231,272,547,0" oya="2" hai0="58,45,40,70,79,104,75,85,95,117,134,132,35" hai1="80,64,66,33,92,113,84,53,94,37,67,2,51" hai2="125,38,69,88,42,91,114,47,81,55,54,115,98" hai3=""/><V105/><F69/><T52/><D35/><U68/><E2/><V112/><F125/><T0/><D0/><U101/><E33/><V123/><N who="2" m="31520" /><V107/><F81/><T63/><D70/><U130/><E68/><V65/><F65/><T102/><D117/><U127/><E113/><V116/><F116/><T50/><D104/><N who="2" m="40010" /><F98/><T96/><D75/><U74/><E74/><V46/><F54/><T100/><D100/><U108/><E101/><V59/><F46/><T39/><D39/><U77/><E37/><V82/><F82/><T61/><D79/><U49/><E67/><V76/><F76/><T48/><D85/><U34/><E84/><V90/><F91/><T36/><D36/><U87/><E127/><V121/><N who="2" m="31008" /><V106/><F106/><T99/><D99/><U32/><E77/><V120/><N who="2" m="30752" /><V83/><F83/><T78/><REACH who="0" step="1"/><D78/><REACH who="0" ten="221,272,547,0" step="2"/><U1/><E80/><V72/><F72/><T129/><D129/><U111/><E130/><V43/><F38/><T89/><D89/><U60/><E32/><V71/><F71/><T103/><D103/><U93/><E34/><V41/><F114/><T124/><D124/><U44/><E1/><V133/><F112/><T56/><D56/><U57/><E57/><RYUUKYOKU ba="0,1" sc="221,20,272,-10,547,-10,0,0" hai0="40,45,48,50,52,58,61,63,95,96,102,132,134" owari="241,-36.0,262,-14.0,547,50.0,0,0.0" /></mjloggm>