<mjloggm ver="2.3"><GO type="185" lobby="0"/><UN n0="%E3%83%A2%E3%83%AA%E3%82%AA%E3%83%B3%E3%81%AE%E5%A7%AB" n1="%E4%B8%96%E7%9B%B4%E3%81%97%E4%BA%BA" n2="%E3%81%B7%E3%82%8A%E3%81%B7%E3%82%8A%EF%BC%92%EF%BC%90%EF%BC%90%EF%BC%91" n3="" dan="17,17,16,0" rate="2279.01,2240.39,2157.91,1500.00" sx="F,M,M,C"/><TAIKYOKU oya="0"/><INIT seed="0,0,0,1,0,120" ten="350,350,350,0" oya="0" hai0="32,55,36,109,41,59,0,129,76,72,57,54,114" hai1="73,1,78,85,50,96,111,62,125,98,99,52,84" hai2="45,64,48,66,53,67,103,123,91,106,63,65,135" hai3=""/><T51/><D0/><U117/><E1/><V47/><N who="2" m="31520" /><V132/><F106/><T121/><N who="0" m="31008" /><T105/><D32/><U87/><E117/><V118/><F103/><T108/><D105/><U33/><E33/><V74/><F74/><T127/><D114/><U107/><E62/><V94/><F118/><T3/><D3/><U82/><E125/><V69/><REACH who="2" step="1"/><F47/><REACH who="2" ten="350,350,340,0" step="2"/><T116/><D116/><U83/><E107/><V130/><F130/><T126/><D129/><U133/><E133/><V112/><F112/><T104/><D104/><U61/><E61/><V75/><F75/><T44/><D72/><U39/><E39/><V81/><F81/><T89/><D89/><U68/><E83/><V46/><F46/><T95/><D76/><U38/><E38/><V86/><AGARI ba="0,1" hai="45,48,53,63,64,65,66,67,69,86,91,94,132,135" m="31520" machi="86" ten="30,3000,0" yaku="1,1,0,1,52,1,53,0" doraHai="120" doraHaiUra="35" who="2" fromWho="2" sc="350,-20,350,-10,340,40,0,0" /><INIT seed="1,0,0,1,1,38" ten="330,340,380,0" oya="1" hai0="81,51,79,127,45,69,103,89,83,40,88,56,64" hai1="128,72,52,42,61,104,132,102,131,111,37,105,2" hai2="33,99,84,133,67,106,118,73,36,78,65,129,92" hai3=""/><U0/><E72/><V41/><F33/><T34/><D34/><U91/><E132/><V93/><F118/><T121/><N who="0" m="31008" /><T70/><D127/><U57/><E91/><V3/><F73/><T55/><D103/><U134/><E134/><V63/><F3/><N who="1" m="1065" /><E102/><V44/><F67/><T58/><D56/><U95/><E95/><V119/><F133/><T120/><N who="0" m="30752" /><T107/><D107/><N who="1" m="41035" /><E37/><V98/><F93/><T1/><D1/><U86/><E86/><V59/><F84/><T47/><D64/><U109/><E42/><V101/><F78/><T100/><D100/><U62/><E62/><V124/><F124/><T135/><D135/><U71/><E71/><V97/><F97/><T114/><D69/><U46/><E46/><V94/><F106/><T115/><D70/><U126/><E126/><V54/><F36/><T113/><D47/><U75/><E75/><V76/><F44/><T82/><REACH who="0" step="1"/><D79/><REACH who="0" ten="320,340,380,0" step="2"/><U96/><E96/><V130/><F99/><T85/><D85/><U43/><E43/><V50/><F76/><T117/><D117/><U66/><E66/><V35/><F119/><T112/><N who="0" m="28672" /><DORA hai="108" /><T49/><AGARI ba="0,1" hai="40,45,49,51,55,58,81,82,83,88,89" m="28672,30752,31008" machi="49" ten="60,18000,4" yaku="1,1,4,1,0,1,52,7,54,1,53,1" doraHai="38,108" doraHaiUra="39,60" who="0" fromWho="0" sc="320,190,340,-120,380,-60,0,0" /><INIT seed="2,0,0,0,2,53" ten="510,220,320,0" oya="2" hai0="59,120,106,40,58,100,78,121,70,54,111,102,135" hai1="134,46,124,73,41,84,113,126,92,39,98,112,64" hai2="123,85,103,115,1,128,57,67,61,94,109,72,127" hai3=""/><V0/><N who="2" m="31520" /><V60/><F115/><T49/><N who="0" m="30752" /><T63/><N who="0" m="31008" /><T71/><D111/><U2/><E73/><V3/><F72/><T114/><D114/><U37/><E113/><V33/><F33/><T62/><D135/><U122/><N who="1" m="31264" /><U130/><E112/><V110/><F128/><T47/><D78/><U99/><E2/><V65/><F127/><N who="1" m="48681" /><E130/><V34/><F34/><T36/><D106/><U48/><E134/><V66/><F66/><T45/><D100/><U56/><E84/><V76/><F76/><T86/><D102/><U87/><E87/><V81/><F81/><T83/><D86/><U50/><E48/><V51/><F51/><T89/><D89/><U117/><E117/><V91/><REACH who="2" step="1"/><F103/><REACH who="2" ten="510,220,310,0" step="2"/><T52/><D83/><U79/><E79/><V105/><F105/><T95/><D95/><U82/><E82/><V108/><F108/><T80/><D80/><U101/><E99/><V129/><F129/><T119/><D119/><U104/><E104/><V69/><AGARI ba="0,1" hai="0,1,3,57,60,61,65,67,69,85,91,94,109,110" m="31520" machi="69" ten="40,8000,1" yaku="1,1,0,1,52,2,53,1" doraHai="53" doraHaiUra="116" who="2" fromWho="2" sc="510,-40,220,-40,310,90,0,0" /><INIT seed="2,1,0,5,3,120" ten="470,180,400,0" oya="2" hai0="130,1,100,34,119,135,124,125,3,92,40,116,126" hai1="123,50,129,52,54,75,78,57,84,42,77,107,0" hai2="87,2,109,33,114,80,89,108,110,95,132,103,46" hai3=""/><V65/><F2/><N who="0" m="522" /><D34/><U36/><N who="1" m="31520" /><U51/><E0/><V93/><F33/><T122/><N who="0" m="31264" /><T37/><D130/><U111/><E107/><V32/><F32/><T71/><D71/><U105/><E105/><V112/><F132/><T102/><D135/><U47/><E75/><V86/><F65/><T62/><D62/><U101/><E101/><N who="0" m="39017" /><D92/><U97/><E129/><V98/><F46/><AGARI ba="1,0" hai="37,40,46,116,119,124,125,126" m="39017,31264,522" machi="46" ten="40,2600,0" yaku="18,1,52,1" doraHai="120" who="0" fromWho="2" sc="470,28,180,0,400,-28,0,0" /><INIT seed="4,0,0,0,4,65" ten="498,180,372,0" oya="0" hai0="58,57,100,109,76,32,66,56,67,107,105,79,0" hai1="77,43,123,85,134,97,104,1,119,70,93,35,72" hai2="50,73,116,68,64,130,135,98,54,48,131,88,96" hai3=""/><T81/><D0/><U49/><N who="1" m="31520" /><U102/><E1/><V124/><F73/><T80/><D32/><U110/><E35/><V45/><F135/><T103/><REACH who="0" step="1"/><D57/><REACH who="0" ten="488,180,372,0" step="2"/><U111/><E134/><V37/><F45/><T41/><D41/><U128/><E43/><V38/><F38/><T114/><D114/><U113/><E113/><V82/><F37/><T71/><D71/><U33/><E70/><V63/><F68/><T89/><D89/><U44/><E33/><V117/><F88/><T112/><D112/><U34/><E34/><V40/><F40/><T92/><D92/><U52/><E93/><V129/><F129/><T132/><D132/><U42/><E128/><V94/><F94/><T62/><D62/><U115/><E115/><V61/><F63/><T120/><N who="0" m="30752" /><T59/><D59/><U55/><E42/><V133/><F61/><T127/><D127/><U91/><E44/><V74/><F124/><T90/><D90/><U87/><E91/><V106/><F133/><T125/><D125/><U53/><E111/><AGARI ba="0,1" hai="56,58,66,67,76,79,80,81,100,103,105,107,109,111" m="30752" machi="111" ten="25,9600,0" yaku="1,1,22,2,52,1,53,0" doraHai="65" doraHaiUra="126" who="0" fromWho="1" sc="488,106,180,-96,372,0,0,0" /><INIT seed="4,1,0,5,5,117" ten="594,84,372,0" oya="0" hai0="111,83,45,40,35,76,86,58,85,79,90,72,93" hai1="36,123,92,69,38,49,55,112,99,88,63,106,42" hai2="64,96,133,118,50,33,114,104,89,0,75,67,70" hai3=""/><T108/><D35/><U135/><N who="1" m="31520" /><U115/><E106/><V3/><F89/><T84/><D58/><U121/><N who="1" m="31008" /><U116/><E116/><V78/><F50/><T102/><D102/><U109/><E109/><N who="0" m="42057" /><D76/><U130/><E130/><V113/><F78/><T100/><D100/><U41/><E135/><V129/><F129/><T127/><D127/><U105/><E105/><V81/><F104/><T103/><D103/><U110/><E110/><V120/><F70/><T54/><D54/><U1/><E1/><V134/><F33/><T73/><D72/><U107/><E107/><V95/><F75/><T56/><D56/><U59/><E42/><V97/><F0/><T65/><D65/><U68/><E49/><AGARI ba="1,0" hai="40,45,49,73,79,83,84,85,86,90,93" m="42057" machi="49" ten="30,1500,0" yaku="10,1" doraHai="117" who="0" fromWho="1" sc="594,17,84,-17,372,0,0,0" /><INIT seed="4,2,0,2,4,54" ten="611,67,372,0" oya="0" hai0="80,33,99,71,135,0,104,73,87,51,116,109,100" hai1="134,96,130,41,83,86,72,57,121,1,85,37,108" hai2="38,123,82,66,117,92,79,68,35,97,107,110,125" hai3=""/><T133/><D0/><U128/><N who="1" m="31008" /><U60/><E1/><V113/><N who="2" m="31520" /><V111/><F35/><T77/><D33/><U102/><E108/><V103/><F38/><T49/><D109/><U56/><E72/><V61/><F125/><T106/><D71/><U120/><N who="1" m="30752" /><U3/><E3/><V93/><F117/><T34/><D34/><U95/><E134/><N who="0" m="51209" /><D116/><U59/><E60/><V90/><F113/><T132/><N who="0" m="51217" /><T114/><DORA hai="112" /><D114/><U44/><REACH who="1" step="1"/><E86/><REACH who="1" ten="611,57,372,0" step="2"/><V47/><F111/><T36/><D73/><U126/><E126/><V84/><F110/><T89/><D87/><U32/><E32/><V70/><F61/><T48/><D99/><U88/><AGARI ba="2,1" hai="37,41,44,56,57,59,83,85,88,95,96,102,128,130" m="30752,31008" machi="88" ten="30,12000,3" yaku="1,1,0,1,52,5,54,1,53,1" doraHai="54,112" doraHaiUra="43,74" who="1" fromWho="1" sc="611,-82,57,134,372,-42,0,0" /><INIT seed="5,0,0,3,1,58" ten="529,191,330,0" oya="1" hai0="135,75,47,50,84,78,122,69,96,40,93,53,111" hai1="56,107,127,88,42,130,134,128,79,91,63,82,125" hai2="102,44,114,39,83,94,73,100,43,62,54,105,35" hai3=""/><U66/><E107/><V38/><F35/><T32/><N who="0" m="31264" /><T51/><D32/><U52/><E42/><V65/><F105/><T72/><D111/><U61/><E79/><V59/><F114/><T49/><D69/><U133/><E82/><V37/><F94/><T115/><D115/><U68/><E88/><V112/><F112/><T57/><D135/><N who="1" m="51723" /><E91/><V74/><F65/><T86/><D86/><U34/><E34/><V118/><F118/><T104/><D104/><U3/><E3/><V110/><F110/><T67/><D67/><U60/><E60/><V70/><F83/><T80/><D50/><U45/><E45/><V124/><F70/><T109/><D109/><U116/><E116/><V106/><F106/><T90/><AGARI ba="0,0" hai="40,47,49,51,53,57,72,75,78,80,84,90,93,96" m="31264" machi="90" ten="20,2000,0" yaku="0,1,7,1,52,1" doraHai="58" who="0" fromWho="0" sc="529,20,191,-13,330,-7,0,0" /><INIT seed="6,0,0,2,2,40" ten="549,178,323,0" oya="2" hai0="92,68,131,53,112,102,2,83,122,96,105,46,100" hai1="54,85,62,130,64,97,114,59,52,133,34,103,132" hai2="89,47,124,76,44,91,135,1,116,32,106,121,75" hai3=""/><V101/><N who="2" m="31008" /><V87/><F1/><T104/><N who="0" m="31264" /><T63/><D2/><U113/><E34/><V84/><F32/><T48/><D131/><U72/><E72/><V70/><F116/><T119/><D119/><U77/><E77/><V110/><F70/><T108/><D108/><U81/><E85/><V109/><F135/><N who="1" m="51785" /><E81/><V90/><F124/><T129/><D129/><U99/><E97/><V94/><F106/><T126/><D112/><N who="1" m="43115" /><E99/><V39/><F101/><T134/><D83/><U69/><E103/><V117/><F94/><T128/><D128/><U38/><E130/><V67/><F76/><T120/><D126/><U115/><N who="1" m="43123" /><U107/><DORA hai="41" /><E107/><V93/><F75/><T111/><D134/><U66/><E38/><V60/><F39/><T127/><D127/><U37/><E37/><V125/><F125/><T80/><D80/><U55/><E66/><V82/><F117/><T56/><D102/><U36/><E36/><V51/><F82/><T71/><D104/><U3/><E3/><V45/><F93/><T61/><D105/><U86/><E86/><V95/><F95/><T79/><D92/><U88/><E88/><V57/><F87/><T98/><D100/><U49/><AGARI ba="0,0" hai="49,52,54,55,59,62,64,69" m="43123,51785" machi="49" ten="50,6000,1" yaku="20,1,15,1,34,2,54,1" doraHai="40,41" who="1" fromWho="1" sc="549,-20,178,60,323,-40,0,0" owari="529,48.0,238,-36.0,283,-12.0,0,0.0" /></mjloggm>