<mjloggm ver="2.3"><GO type="169" lobby="0"/><UN n0="%E8%8B%B1%E5%9B%BD%E5%A3%B2%E5%8D%B4" n1="%79%61%63%68%69%33%35%38" n2="%E8%B7%AF%E5%9C%B0%E8%A3%8F%E3%81%AE%E3%81%B2%E3%81%BE%E3%82%8F%E3%82%8A" n3="%73%6F%63%63%68%79" dan="18,16,16,17" rate="2230.15,2099.21,2119.02,2230.90" sx="M,M,M,M"/><TAIKYOKU oya="0"/><INIT seed="0,0,0,2,3,18" ten="250,250,250,250" oya="0" hai0="63,134,76,97,38,55,2,116,7,71,86,49,75" hai1="73,58,43,111,61,31,92,21,8,45,129,50,77" hai2="68,1,94,62,28,47,114,106,125,74,60,11,78" hai3="5,80,87,89,96,32,3,95,105,44,119,121,53"/><T117/><D75/><U23/><E111/><V57/><F106/><W33/><G119/><T0/><D38/><U126/><E126/><V88/><F114/><W54/><G121/><T20/><D134/><U82/><E129/><V122/><F122/><W123/><G123/><T102/><D2/><U36/><E31/><V103/><F103/><W79/><G3/><T9/><D76/><U51/><E8/><V69/><F28/><W24/><G5/><T83/><D71/><U37/><E37/><V65/><F125/><W85/><G44/><T93/><D63/><U30/><E30/><V19/><F47/><W22/><G33/><T4/><D4/><U29/><E29/><V26/><F1/><W56/><G32/><T13/><D0/><U6/><E6/><V90/><F90/><W104/><G54/><T108/><D108/><U10/><E10/><V81/><F62/><N who="3" m="36111" /><G87/><T25/><D86/><U118/><E92/><V12/><REACH who="2" step="1"/><F26/><REACH who="2" ten="250,250,240,250" step="2"/><W124/><G124/><T67/><D117/><U59/><E118/><V35/><F35/><W113/><G113/><T132/><D116/><U101/><E101/><V34/><F34/><W41/><G41/><T17/><D132/><U27/><E27/><V109/><F109/><W133/><G133/><T70/><D70/><U66/><REACH who="1" step="1"/><E36/><REACH who="1" ten="250,240,240,250" step="2"/><V98/><AGARI ba="0,2" hai="11,12,19,57,60,65,68,69,74,78,81,88,94,98" machi="98" ten="20,5200,0" yaku="1,1,0,1,7,1,54,1,53,0" doraHai="18" doraHaiUra="112" who="2" fromWho="2" sc="250,-26,240,-13,240,72,250,-13" /><INIT seed="1,0,0,3,1,92" ten="224,227,312,237" oya="1" hai0="99,96,98,10,85,126,34,26,103,120,64,31,56" hai1="111,7,73,63,37,61,100,101,93,4,130,25,91" hai2="117,49,71,40,108,87,59,112,47,135,114,23,83" hai3="9,106,14,51,50,67,0,15,12,80,79,76,48"/><U118/><E118/><V127/><F71/><W116/><G116/><T27/><D126/><U62/><E130/><V109/><F117/><W81/><G106/><T45/><D120/><U110/><E73/><V53/><F23/><W89/><G67/><T42/><D85/><U17/><E37/><V19/><F19/><W39/><G39/><T3/><D26/><U122/><E122/><V66/><F127/><W131/><G131/><T33/><D33/><U97/><E25/><V35/><F35/><W78/><G89/><T13/><D3/><U28/><E28/><V8/><F8/><W113/><G113/><N who="2" m="43625" /><F66/><W41/><G41/><T128/><D128/><U84/><E17/><V11/><F11/><W134/><G134/><T125/><D125/><U16/><E16/><V36/><F135/><W86/><G86/><T94/><D56/><U18/><E18/><V123/><F123/><W57/><G57/><T58/><D58/><U121/><E121/><V30/><F30/><W124/><G124/><T69/><D64/><U20/><E20/><V88/><AGARI ba="0,0" hai="36,40,47,49,53,59,83,87,88,108,109" m="43625" machi="88" ten="30,2000,0" yaku="11,1,54,1" doraHai="92" who="2" fromWho="2" sc="224,-5,227,-10,312,20,237,-5" /><INIT seed="2,0,0,5,1,0" ten="219,217,332,232" oya="2" hai0="135,61,21,71,41,72,20,88,130,99,102,18,40" hai1="111,132,80,117,62,5,1,30,128,34,126,119,68" hai2="120,107,76,83,42,93,118,26,106,27,89,73,122" hai3="112,33,38,25,28,7,100,50,53,66,75,32,87"/><V92/><F118/><N who="1" m="45065" /><E80/><V54/><F42/><W58/><G75/><T90/><D130/><U101/><E101/><V29/><F26/><W94/><G38/><T78/><D135/><U96/><E96/><V3/><F3/><W15/><G112/><T105/><D21/><U103/><E103/><V70/><F70/><W22/><G66/><T63/><D78/><U121/><E62/><V81/><F54/><W110/><G110/><T115/><D72/><U43/><E43/><V51/><F51/><W16/><G7/><T123/><D115/><U45/><E45/><V55/><F55/><W69/><G69/><T104/><D104/><U2/><E68/><V24/><F29/><W8/><REACH who="3" step="1"/><G87/><REACH who="3" ten="219,217,332,222" step="2"/><T65/><D123/><U11/><E111/><V19/><F73/><W60/><G60/><T129/><D129/><U127/><E121/><V113/><F113/><W17/><G17/><T77/><D63/><U125/><E128/><V59/><F19/><W39/><G39/><T114/><D114/><U84/><E84/><V97/><F122/><W46/><G46/><T116/><D116/><U23/><E1/><V124/><F120/><W74/><G74/><T47/><D47/><U85/><E85/><V79/><F97/><AGARI ba="0,1" hai="8,15,16,22,25,28,32,33,50,53,58,94,97,100" machi="97" ten="40,5200,0" yaku="1,1,54,1,53,1" doraHai="0" doraHaiUra="52" who="3" fromWho="2" sc="219,0,217,0,332,-52,222,62" /><INIT seed="3,0,0,1,5,98" ten="219,217,280,284" oya="3" hai0="64,3,62,129,84,39,125,118,92,100,135,119,130" hai1="22,112,67,77,66,82,16,89,33,116,121,70,5" hai2="54,60,11,131,117,8,69,57,91,79,23,56,104" hai3="95,86,28,133,34,127,24,105,27,120,72,6,25"/><W134/><G120/><T76/><D3/><U53/><E121/><V102/><F117/><W12/><G72/><T126/><D39/><U88/><E112/><V15/><F69/><W51/><G105/><T107/><D62/><U32/><E116/><N who="0" m="44585" /><D64/><N who="1" m="24619" /><E33/><V85/><F79/><W0/><G51/><T21/><D21/><U61/><E32/><V44/><F44/><W59/><G59/><T58/><D58/><N who="1" m="35023" /><E70/><V30/><F57/><W37/><G37/><T52/><D52/><U78/><E5/><V90/><F54/><W45/><G45/><T47/><D47/><U94/><E82/><V42/><F60/><W41/><G41/><T40/><D40/><U68/><E68/><V123/><F42/><W10/><G127/><N who="0" m="48651" /><D107/><U108/><E89/><V20/><F91/><N who="3" m="53751" /><G0/><T18/><D18/><U7/><E7/><V74/><F56/><W124/><G124/><T75/><D75/><U17/><E108/><V35/><F74/><W9/><G9/><T48/><D48/><U132/><E17/><V43/><F43/><W101/><G34/><T71/><D71/><U99/><E132/><N who="3" m="50794" /><G28/><T103/><D135/><U36/><E36/><V97/><F35/><W50/><G50/><T115/><D115/><U1/><E1/><V19/><F123/><W4/><G4/><T2/><D2/><U83/><E83/><V128/><F30/><W73/><G73/><T122/><D122/><U14/><AGARI ba="0,0" hai="14,16,22,77,78,88,94,99" m="35023,24619" machi="14" ten="30,4000,0" yaku="8,1,54,2" doraHai="98" who="1" fromWho="1" sc="219,-10,217,40,280,-10,284,-20" /><INIT seed="4,0,0,5,4,106" ten="209,257,270,264" oya="0" hai0="94,25,24,81,52,55,63,65,116,14,74,108,76" hai1="120,7,117,12,103,84,100,93,3,83,21,27,15" hai2="104,66,53,4,48,128,118,119,50,41,107,60,78" hai3="114,87,36,67,32,59,89,37,38,135,86,122,49"/><T109/><D116/><N who="2" m="44586" /><F128/><W97/><G32/><T9/><D94/><U0/><E117/><V131/><F131/><W51/><G114/><T101/><D101/><N who="1" m="38987" /><E0/><V35/><F35/><W30/><G135/><T124/><D124/><U68/><E3/><V34/><F34/><W17/><G30/><T99/><D99/><U10/><E68/><V110/><F110/><N who="0" m="42602" /><D25/><U28/><E120/><V96/><F96/><W112/><G112/><T61/><D24/><U91/><E15/><V113/><F113/><W102/><G122/><T18/><D63/><U39/><E39/><V129/><F129/><W20/><G102/><T2/><D2/><U29/><E29/><V85/><F4/><W80/><G97/><T64/><D64/><U54/><E54/><V127/><F41/><W73/><G86/><T69/><AGARI ba="0,0" hai="9,14,18,52,55,61,65,69,74,76,81" m="42602" machi="69" ten="30,6000,0" yaku="10,1,52,1,54,1" doraHai="106" who="0" fromWho="0" sc="209,60,257,-20,270,-20,264,-20" /><INIT seed="4,1,0,2,4,59" ten="269,237,250,244" oya="0" hai0="55,109,19,88,17,111,121,93,12,85,42,4,110" hai1="105,134,122,66,96,87,116,10,43,63,41,112,57" hai2="131,28,125,36,58,114,64,53,37,80,95,11,113" hai3="86,21,5,3,68,72,50,69,132,75,67,8,82"/><T15/><D121/><U91/><E116/><V70/><F28/><W94/><G132/><T47/><D55/><U26/><E122/><V14/><F80/><W129/><G129/><T123/><D123/><U61/><E134/><V49/><F131/><W51/><G94/><T84/><D84/><U118/><E118/><V30/><F30/><W130/><G130/><T78/><D78/><U102/><E26/><V98/><F125/><W45/><G21/><T107/><D107/><U38/><E38/><V100/><F70/><W104/><G51/><T25/><D4/><U73/><E73/><V103/><F64/><W9/><G9/><T31/><D15/><U29/><E29/><V77/><F103/><W20/><G20/><N who="0" m="15783" /><D12/><U89/><E112/><N who="2" m="43115" /><F77/><W35/><G104/><T27/><D27/><U99/><E10/><V115/><F115/><W133/><G35/><T126/><D126/><U32/><E32/><V101/><F101/><W40/><G133/><T34/><D34/><U79/><E79/><V39/><F39/><AGARI ba="1,0" hai="17,19,39,42,47,85,88,93,109,110,111" m="15783" machi="39" ten="30,2900,0" yaku="10,1,54,1" doraHai="59" who="0" fromWho="2" sc="269,32,237,0,250,-32,244,0" /><INIT seed="4,2,0,5,5,42" ten="301,237,218,244" oya="0" hai0="76,32,73,55,104,93,86,85,37,101,120,40,2" hai1="131,47,58,23,100,0,31,92,39,87,38,28,77" hai2="66,63,95,118,84,62,79,20,111,91,30,72,122" hai3="106,50,97,41,6,105,69,96,107,27,83,57,82"/><T5/><D120/><U19/><E131/><V121/><F111/><W25/><G69/><T8/><D32/><U108/><E0/><V80/><F118/><W113/><G113/><T44/><D55/><U67/><E38/><V49/><F63/><W65/><G6/><T1/><D1/><U70/><E70/><V54/><F30/><N who="1" m="11305" /><E39/><V88/><F91/><W46/><G65/><T4/><D4/><U89/><E108/><V103/><F20/><W129/><G129/><T35/><D93/><U52/><E67/><V123/><F103/><W124/><G124/><T26/><D26/><N who="1" m="14719" /><E77/><V9/><F9/><W68/><G68/><T98/><REACH who="0" step="1"/><D35/><REACH who="0" ten="291,237,218,244" step="2"/><U126/><E126/><V12/><F123/><W43/><G25/><T99/><D99/><U18/><E18/><V125/><F125/><W133/><G27/><T53/><D53/><U7/><E7/><V45/><REACH who="2" step="1"/><F12/><REACH who="2" ten="291,237,208,244" step="2"/><W130/><G130/><T11/><D11/><U132/><E100/><V29/><F29/><W94/><G97/><T110/><D110/><U134/><E134/><V61/><F61/><W102/><G133/><T75/><D75/><U24/><E132/><V117/><F117/><W127/><G127/><T135/><D135/><U22/><E24/><V33/><F33/><W21/><G96/><T10/><D10/><U116/><E116/><V15/><F15/><W109/><G109/><T60/><D60/><N who="1" m="35911" /><E22/><V114/><F114/><W119/><G119/><T128/><D128/><U56/><E56/><AGARI ba="2,2" hai="45,49,54,56,62,66,72,79,80,84,88,95,121,122" machi="56" ten="30,7700,0" yaku="1,1,7,1,52,1,54,1,53,0" doraHai="42" doraHaiUra="36" who="2" fromWho="1" sc="291,0,237,-83,208,103,244,0" /><INIT seed="5,0,0,1,0,113" ten="291,154,311,244" oya="1" hai0="44,39,86,64,22,24,76,71,77,134,7,14,132" hai1="104,122,92,98,20,1,95,51,41,124,16,90,73" hai2="84,126,26,80,21,118,46,19,35,63,2,119,108" hai3="43,68,25,13,89,58,27,57,91,34,100,47,8"/><U52/><E122/><V111/><F2/><W121/><G68/><T88/><D64/><U28/><E124/><V101/><F126/><W116/><G121/><T49/><D71/><U120/><E120/><V117/><F101/><W85/><G116/><T107/><D107/><U11/><E73/><V82/><F35/><W79/><G100/><T94/><D39/><U62/><E104/><V56/><F46/><W74/><G74/><T129/><D129/><U10/><E1/><V131/><F131/><W106/><G106/><T12/><D134/><U42/><E28/><V61/><F61/><W81/><G34/><T3/><D3/><U67/><E95/><V54/><REACH who="2" step="1"/><F82/><REACH who="2" ten="291,154,301,244" step="2"/><W72/><G47/><T114/><D132/><U31/><E42/><V45/><F45/><W127/><G43/><N who="0" m="24735" /><D114/><U99/><E41/><V83/><F83/><W65/><G127/><T17/><D7/><U23/><E62/><V36/><F36/><W128/><G81/><N who="0" m="47399" /><D77/><AGARI ba="0,1" hai="19,21,26,54,56,63,77,80,84,108,111,117,118,119" machi="77" ten="40,8000,1" yaku="1,1,52,3,53,0" doraHai="113" doraHaiUra="40" who="2" fromWho="0" sc="291,-80,154,0,301,90,244,0" /><INIT seed="6,0,0,2,1,75" ten="211,154,391,244" oya="2" hai0="127,66,88,0,72,18,37,28,20,14,27,89,77" hai1="90,122,87,59,73,98,92,125,40,54,42,74,94" hai2="68,51,47,112,111,71,81,65,123,97,101,57,118" hai3="24,16,3,103,36,50,78,80,104,61,120,117,105"/><V119/><F123/><W53/><G3/><T114/><D37/><U45/><E122/><V124/><F112/><W121/><G36/><T6/><D114/><U131/><E131/><V2/><F2/><W30/><G105/><T52/><D66/><U69/><E69/><V100/><F111/><W22/><G117/><T106/><D106/><U11/><E125/><V126/><F81/><W15/><G61/><T133/><D133/><U56/><E74/><V25/><F25/><W32/><G103/><T115/><D115/><U129/><E73/><V48/><F97/><W26/><G104/><T31/><D31/><U62/><E129/><V38/><F38/><W84/><G26/><T113/><D127/><N who="2" m="48682" /><F101/><W60/><G60/><T33/><D113/><U44/><E11/><V8/><F8/><W39/><G39/><T49/><D77/><U7/><E7/><V58/><F100/><W135/><G135/><T19/><D19/><U93/><E59/><AGARI ba="0,0" hai="15,16,22,24,30,32,50,53,59,78,80,84,120,121" machi="59" ten="30,3900,0" yaku="7,1,52,1,54,1" doraHai="75" who="3" fromWho="1" sc="211,0,154,-39,391,0,244,39" /><INIT seed="7,0,0,5,4,11" ten="211,115,391,283" oya="3" hai0="76,127,79,115,27,93,135,74,44,103,8,47,91" hai1="55,96,18,52,33,113,34,59,22,119,67,56,3" hai2="30,87,78,2,7,16,120,4,39,109,98,71,23" hai3="14,1,36,17,80,108,37,49,50,35,88,86,32"/><W110/><G1/><T123/><D123/><U68/><E113/><V13/><F109/><N who="3" m="42091" /><G50/><T75/><D27/><U134/><E119/><V83/><F120/><W65/><G65/><T125/><D8/><U104/><E134/><V111/><F111/><W69/><G69/><T5/><D5/><U62/><E3/><V60/><F39/><N who="3" m="14923" /><G49/><T132/><D47/><U101/><E68/><V131/><F2/><W45/><G45/><T128/><D103/><U9/><E9/><AGARI ba="0,0" hai="9,14,17,32,35,80,86,88" m="14923,42091" machi="9" ten="30,5800,0" yaku="10,1,52,1,54,1" doraHai="11" who="3" fromWho="1" sc="211,0,115,-58,391,0,283,58" /><INIT seed="7,1,0,0,1,79" ten="211,57,391,341" oya="3" hai0="72,73,133,114,121,78,84,70,26,115,96,89,44" hai1="69,22,93,6,85,90,50,98,123,28,57,103,51" hai2="21,39,65,67,55,76,38,134,86,132,60,81,1" hai3="88,17,9,47,122,82,111,41,33,54,24,37,15"/><W99/><G122/><T112/><D44/><U107/><E123/><V32/><F32/><W108/><G54/><T80/><D26/><U12/><E69/><V46/><F1/><W125/><G125/><T74/><D70/><U0/><E0/><V45/><F21/><W18/><G99/><T43/><D43/><U126/><E126/><V62/><F55/><W56/><G56/><T19/><D19/><U34/><E34/><V52/><F52/><W118/><G118/><T20/><D20/><U29/><E6/><V129/><F129/><W127/><G127/><T101/><D121/><U40/><E40/><V77/><F81/><W120/><G120/><T31/><D31/><U130/><E130/><V66/><F66/><W64/><G64/><T8/><D8/><U131/><E131/><V83/><F83/><W36/><G36/><T113/><N who="0" m="28672" /><DORA hai="59" /><T124/><D124/><U11/><E11/><V110/><F86/><W5/><G33/><T105/><REACH who="0" step="1"/><D133/><REACH who="0" ten="201,57,391,341" step="2"/><U71/><E71/><V109/><AGARI ba="1,1" hai="38,39,45,46,60,62,65,67,76,77,109,110,132,134" machi="109" ten="25,8000,1" yaku="0,1,22,2,52,2" doraHai="79,59" who="2" fromWho="2" sc="201,-21,57,-21,391,93,341,-41" owari="180,-22.0,36,-46.0,484,58.0,300,10.0" /></mjloggm>