<mjloggm ver="2.3"><GO type="169" lobby="0"/><UN n0="%E8%8F%8A%E7%94%B0%E5%84%AA%E4%B8%80%E9%83%8E" n1="%E3%82%A4%E3%83%B3%E3%83%87%E3%82%A3%E3%82%B4%E3%83%96%E3%83%AB%E3%83%BC" n2="%E5%93%B2%E5%AD%A6%E3%81%99%E3%82%8B%E9%BA%BB%E9%9B%80" n3="%7A%65%52%6F" dan="16,16,16,18" rate="2047.69,2158.61,2090.73,2154.70" sx="M,M,M,M"/><TAIKYOKU oya="0"/><INIT seed="0,0,0,1,4,81" ten="250,250,250,250" oya="0" hai0="126,2,117,62,17,96,75,114,60,71,113,67,47" hai1="72,6,23,10,105,27,1,101,4,20,52,26,90" hai2="64,55,46,122,80,12,57,99,129,73,104,133,135" hai3="109,106,110,16,25,130,97,74,66,40,112,83,42"/><T91/><D117/><U38/><E72/><V44/><F122/><W107/><G112/><T31/><D126/><U87/><E38/><V22/><F129/><W21/><G66/><T86/><D2/><U30/><E6/><V54/><F64/><W70/><G70/><T93/><D60/><U48/><E105/><N who="3" m="39946" /><G97/><T41/><D75/><U131/><E131/><V15/><F104/><W68/><G68/><T51/><D31/><U56/><E101/><V108/><F99/><W98/><G98/><T120/><D120/><U92/><REACH who="1" step="1"/><E27/><REACH who="1" ten="250,240,250,250" step="2"/><V85/><F73/><W19/><G130/><T61/><D61/><U125/><E125/><V34/><F133/><W3/><G74/><T32/><D32/><AGARI ba="0,1" hai="1,4,10,20,23,26,30,32,48,52,56,87,90,92" machi="32" ten="30,8000,1" yaku="1,1,7,1,52,1,54,1,53,1" doraHai="81" doraHaiUra="33" who="1" fromWho="0" sc="250,-80,240,90,250,0,250,0" /><INIT seed="1,0,0,3,5,75" ten="170,330,250,250" oya="1" hai0="114,50,61,21,42,47,87,43,6,66,31,22,16" hai1="106,55,49,46,45,133,73,135,93,116,92,134,84" hai2="104,14,110,52,72,20,44,71,24,117,19,51,48" hai3="41,35,102,119,105,128,25,99,53,26,33,94,122"/><U40/><E73/><V2/><F117/><W90/><G122/><T85/><D114/><U12/><E106/><V8/><F104/><W132/><G128/><T38/><D6/><U131/><E116/><V63/><F72/><W54/><G119/><T124/><D124/><U83/><E12/><V67/><F110/><W28/><G41/><T129/><D129/><U88/><REACH who="1" step="1"/><E131/><REACH who="1" ten="170,320,250,250" step="2"/><V91/><F2/><W112/><G112/><T7/><D38/><AGARI ba="0,1" hai="38,40,45,46,49,55,83,84,88,92,93,133,134,135" machi="38" ten="40,12000,1" yaku="1,1,2,1,20,1,54,1,53,0" doraHai="75" doraHaiUra="10" who="1" fromWho="0" sc="170,-120,320,130,250,0,250,0" /><INIT seed="1,1,0,4,2,41" ten="50,450,250,250" oya="1" hai0="66,109,68,116,1,96,67,79,57,28,54,48,112" hai1="115,21,70,31,45,128,7,0,33,10,64,6,127" hai2="92,108,65,5,72,80,99,90,135,16,51,22,58" hai3="34,39,76,50,37,113,19,17,26,43,117,102,75"/><U101/><E115/><V129/><F108/><W60/><G113/><T23/><D116/><U61/><E127/><V27/><F135/><W81/><G117/><T30/><D112/><U88/><E128/><V62/><F129/><W3/><G3/><T93/><D1/><U123/><E123/><V12/><F72/><W83/><G102/><T53/><D109/><U107/><E7/><V36/><F36/><W91/><G50/><T122/><D79/><U134/><E21/><V40/><F80/><W84/><G60/><T106/><D122/><U46/><E88/><N who="2" m="55687" /><F5/><W9/><G43/><T15/><D106/><U29/><E29/><N who="2" m="17655" /><F90/><W25/><G25/><T49/><D68/><U110/><E134/><V85/><F85/><W126/><G126/><T78/><D78/><U89/><E89/><V47/><F12/><W44/><G39/><T114/><D114/><U100/><E100/><V132/><F132/><W4/><G4/><T20/><D15/><U87/><E87/><V120/><F120/><W42/><REACH who="3" step="1"/><G9/><REACH who="3" ten="50,450,250,240" step="2"/><T133/><D133/><U24/><E110/><V59/><F59/><W131/><G131/><T71/><D71/><U124/><E124/><V8/><F8/><W105/><G105/><T82/><D82/><U121/><E121/><V69/><F69/><W97/><G97/><AGARI ba="1,1" hai="0,6,10,24,31,33,45,46,61,64,70,97,101,107" machi="97" ten="40,12000,1" yaku="25,2,52,2" doraHai="41" who="1" fromWho="3" sc="50,0,450,133,250,0,240,-123" /><INIT seed="1,2,0,3,4,62" ten="50,583,250,117" oya="1" hai0="64,125,31,28,114,51,25,40,54,109,98,11,69" hai1="99,89,37,42,94,97,27,34,95,6,9,60,120" hai2="132,133,44,58,72,63,13,87,106,30,24,12,88" hai3="75,3,17,112,39,117,135,108,78,23,96,22,16"/><U49/><E120/><V2/><F72/><W73/><G112/><T129/><D114/><U80/><E37/><V59/><F2/><W55/><G39/><T35/><D129/><U7/><E80/><N who="2" m="49255" /><F106/><W111/><G78/><T83/><D125/><U56/><E9/><V134/><F44/><W4/><G55/><T131/><D131/><U8/><E8/><V43/><F43/><W126/><G4/><T113/><D113/><U53/><E27/><V103/><F103/><W124/><G96/><T123/><D123/><U105/><E34/><N who="2" m="20807" /><F58/><W50/><G50/><T92/><D109/><U76/><E76/><V57/><F59/><W90/><G90/><T71/><D31/><U52/><E42/><V84/><F84/><W15/><G117/><T91/><D40/><U38/><E105/><V67/><AGARI ba="2,0" hai="12,13,57,63,67,132,133,134" m="20807,49255" machi="67" ten="30,4000,0" yaku="20,1,52,1,54,1" doraHai="62" who="2" fromWho="2" sc="50,-12,583,-22,250,46,117,-12" /><INIT seed="2,0,0,4,2,36" ten="38,561,296,105" oya="2" hai0="92,70,104,132,126,10,68,85,66,29,88,18,21" hai1="78,52,42,13,3,107,24,115,123,48,57,64,90" hai2="102,87,22,128,20,35,96,33,101,31,135,27,113" hai3="19,134,38,75,97,127,84,47,98,122,25,30,26"/><V34/><F113/><W93/><G122/><T81/><D132/><U74/><E115/><V116/><F116/><W114/><G75/><T32/><D126/><U55/><E3/><V54/><F135/><W73/><G73/><T49/><D104/><U103/><E90/><V4/><F128/><W131/><G131/><T14/><D66/><U16/><E24/><V44/><F4/><W100/><G114/><T28/><D32/><U99/><E78/><V124/><F124/><W8/><G127/><T59/><D70/><U53/><E74/><V71/><F71/><W69/><G69/><T11/><D68/><U76/><E76/><V39/><F22/><W105/><G84/><T82/><D11/><U60/><E123/><V63/><F87/><W121/><G121/><T117/><D117/><U65/><E65/><V5/><F5/><W51/><G38/><T129/><D129/><U108/><E108/><V45/><F39/><W106/><G106/><T77/><D10/><U72/><E72/><V94/><F101/><W40/><G134/><T58/><D58/><U61/><E61/><V80/><F80/><N who="0" m="30826" /><D77/><U130/><E130/><V1/><F1/><W89/><G30/><T120/><D120/><U125/><E125/><V95/><F95/><N who="3" m="56687" /><G105/><T67/><D67/><U111/><E111/><V50/><F45/><W2/><G2/><T91/><D91/><U43/><REACH who="1" step="1"/><E48/><REACH who="1" ten="38,551,296,105" step="2"/><V23/><F63/><W15/><AGARI ba="0,1" hai="8,15,19,25,26,40,47,51,93,97,100" m="56687" machi="15" ten="30,2000,0" yaku="8,1,52,1" doraHai="36" who="3" fromWho="3" sc="38,-5,551,-5,296,-10,105,30" /><INIT seed="3,0,0,3,3,130" ten="33,546,286,135" oya="3" hai0="7,66,120,93,5,79,124,61,80,131,118,55,112" hai1="123,135,24,90,133,14,72,121,23,107,108,100,31" hai2="111,6,134,32,2,0,39,4,38,29,63,9,46" hai3="12,51,37,77,125,65,41,104,56,70,40,53,54"/><W36/><G104/><T18/><D118/><U73/><E108/><V68/><F111/><W71/><G77/><T75/><D120/><N who="1" m="46155" /><E14/><V21/><F21/><W13/><G65/><T76/><D131/><U52/><E90/><V92/><F92/><W109/><G109/><T57/><D124/><U91/><E91/><V113/><F113/><W83/><G83/><T117/><D112/><U105/><E52/><V34/><F46/><N who="3" m="27895" /><G13/><T87/><D117/><U42/><E42/><N who="3" m="16490" /><G12/><T8/><D55/><U17/><E17/><V22/><F22/><W103/><G103/><T86/><D75/><N who="1" m="28747" /><E100/><V132/><F29/><W119/><G125/><T58/><D58/><U19/><E19/><V98/><F98/><W48/><G119/><T49/><D49/><U101/><E101/><V122/><F122/><W114/><G114/><T97/><D97/><U89/><E89/><V45/><F45/><W59/><G59/><T20/><D8/><U128/><E128/><V26/><F26/><W27/><G27/><N who="0" m="14743" /><D93/><U67/><E67/><N who="2" m="41087" /><F0/><W85/><G85/><T35/><D35/><N who="2" m="13354" /><F6/><W88/><G88/><T115/><D115/><U25/><E25/><V62/><F62/><W1/><G1/><T50/><D50/><U82/><E82/><AGARI ba="0,0" hai="5,7,57,61,66,76,79,80,82,86,87" m="14743" machi="82" ten="30,1000,0" yaku="8,1" doraHai="130" who="0" fromWho="1" sc="33,10,546,-10,286,0,135,0" /><INIT seed="4,0,0,0,0,46" ten="43,536,286,135" oya="0" hai0="120,85,3,93,41,32,131,114,18,89,68,16,74" hai1="94,5,34,88,103,15,119,77,20,23,91,22,99" hai2="53,43,115,84,56,14,48,28,78,50,73,108,9" hai3="121,95,25,42,112,30,101,76,60,31,98,107,97"/><T57/><D120/><U130/><E119/><V0/><F73/><W117/><G117/><T21/><D131/><U6/><E34/><V4/><F108/><W17/><G112/><T92/><D114/><U110/><E110/><V26/><F115/><W45/><G76/><T71/><D74/><U66/><E130/><V116/><F116/><W111/><G111/><T72/><D3/><U19/><E77/><V51/><F0/><W122/><G17/><T125/><D125/><U80/><E66/><V24/><F43/><W102/><G60/><T69/><D72/><U12/><E80/><N who="2" m="47127" /><F28/><W2/><G2/><T129/><D129/><U118/><E118/><V132/><F132/><W70/><G70/><T62/><D32/><U40/><E40/><V11/><F9/><W83/><G83/><T64/><D41/><U33/><E33/><V81/><F81/><W67/><G67/><T128/><D128/><U134/><E134/><V63/><AGARI ba="0,0" hai="4,11,14,24,26,48,50,51,53,56,63" m="47127" machi="63" ten="30,7900,0" yaku="8,1,52,3" doraHai="46" who="2" fromWho="2" sc="43,-39,536,-20,286,79,135,-20" /><INIT seed="5,0,0,5,2,125" ten="4,516,365,115" oya="1" hai0="69,36,78,114,129,35,4,61,66,130,59,55,110" hai1="127,131,85,27,132,25,15,32,37,116,18,49,115" hai2="40,108,44,124,73,3,80,122,101,13,82,46,106" hai3="67,103,56,17,23,112,57,128,117,48,14,94,9"/><U118/><E37/><V68/><F3/><W28/><G112/><T6/><D35/><U19/><E127/><V71/><F108/><W31/><G117/><T121/><D110/><U24/><E85/><V5/><F122/><W95/><G67/><T7/><D121/><U45/><E49/><V1/><F1/><W41/><G41/><T26/><D114/><U119/><E45/><V89/><F124/><W86/><G103/><T54/><D36/><U58/><E58/><V104/><F5/><W16/><G57/><T12/><D78/><U63/><E63/><V81/><F73/><W0/><G0/><T29/><D12/><U92/><E92/><V75/><F75/><W11/><G86/><T70/><D70/><U100/><E100/><V39/><F13/><W111/><G111/><T21/><D69/><U33/><E132/><V96/><F104/><W42/><G14/><T120/><D120/><U60/><E60/><V93/><F44/><W72/><G72/><T64/><D64/><U77/><E77/><V113/><F113/><W83/><G56/><T51/><D51/><U109/><E109/><V135/><F135/><W87/><G48/><T98/><D98/><U133/><E133/><V53/><F53/><W84/><G42/><T123/><D123/><U90/><E90/><V76/><F76/><W88/><G88/><T79/><D79/><U22/><E115/><V43/><F40/><W50/><G50/><T38/><D38/><U52/><E52/><V62/><F62/><W107/><G87/><T20/><D20/><U47/><E116/><V2/><F2/><RYUUKYOKU ba="0,0" sc="4,15,516,-15,365,15,115,-15" hai0="4,6,7,21,26,29,54,55,59,61,66,129,130" hai2="39,43,46,68,71,80,81,82,89,93,96,101,106" /><INIT seed="6,1,0,1,2,83" ten="19,501,380,100" oya="2" hai0="64,34,73,84,69,94,89,4,6,49,80,35,39" hai1="62,44,20,134,2,32,53,48,55,75,47,72,17" hai2="78,33,9,24,135,79,60,124,85,21,112,7,63" hai3="42,95,125,100,29,38,56,8,108,19,5,45,93"/><V102/><F33/><W111/><G29/><T105/><D39/><U82/><E32/><V106/><F112/><W15/><G125/><T61/><D35/><U122/><E2/><V31/><F124/><W98/><G56/><T97/><D34/><U3/><E3/><V14/><F135/><W90/><REACH who="3" step="1"/><G5/><REACH who="3" ten="19,501,380,90" step="2"/><T128/><D128/><U88/><E134/><V41/><F41/><W28/><G28/><T104/><D104/><U68/><E68/><V59/><F63/><W101/><G101/><T54/><D73/><U43/><E62/><V107/><F102/><W13/><G13/><T123/><D123/><U22/><E75/><V114/><F114/><W50/><G50/><T86/><D105/><U30/><E72/><V113/><F113/><W77/><G77/><T11/><D11/><U46/><E48/><V67/><REACH who="2" step="1"/><F78/><REACH who="2" ten="19,501,370,90" step="2"/><W18/><G18/><T127/><D127/><U87/><E122/><V1/><F1/><W76/><G76/><T129/><D129/><U92/><E43/><V133/><F133/><W27/><G27/><T131/><D131/><U99/><E30/><V109/><F109/><W118/><G118/><T12/><D12/><U66/><E17/><V96/><F96/><AGARI ba="1,2" hai="8,15,19,38,42,45,90,93,95,96,98,100,108,111" machi="96" ten="30,2000,0" yaku="1,1,7,1,53,0" doraHai="83" doraHaiUra="26" who="3" fromWho="2" sc="19,0,501,0,370,-23,90,43" /><INIT seed="7,0,0,3,1,52" ten="19,501,347,133" oya="3" hai0="88,2,15,37,24,103,25,70,86,97,102,6,69" hai1="22,94,72,60,49,76,106,8,135,51,108,129,112" hai2="58,27,20,48,47,73,18,117,41,66,113,0,120" hai3="134,125,101,35,50,104,98,77,63,5,75,82,111"/><W110/><G35/><T124/><D124/><U79/><E108/><V67/><F117/><W10/><G125/><T127/><D127/><U4/><E106/><V28/><F73/><W9/><G134/><T128/><D128/><U90/><E112/><V23/><F0/><W57/><G50/><T33/><D37/><U21/><E129/><V7/><F120/><W29/><G29/><T39/><D39/><U13/><E60/><V80/><F113/><W19/><G19/><T38/><D38/><U130/><E72/><V68/><F68/><W71/><G71/><T11/><D103/><U74/><E74/><V43/><F7/><W121/><G121/><T40/><D40/><U131/><E135/><V85/><F41/><W95/><G104/><T16/><D25/><U65/><E65/><V32/><F32/><W105/><G105/><T17/><D17/><U87/><E130/><V83/><F85/><W115/><G115/><T109/><D109/><U122/><E122/><V53/><F66/><W99/><G110/><T96/><D96/><U46/><E51/><V55/><F67/><W118/><G99/><T26/><D26/><U31/><E31/><V44/><F44/><W62/><G98/><T14/><D14/><U114/><E114/><V126/><F126/><W42/><G101/><T64/><D64/><U36/><E36/><V78/><F78/><N who="1" m="29737" /><E131/><V123/><F123/><W3/><G75/><T34/><D34/><U91/><E49/><N who="2" m="31087" /><F43/><W54/><G42/><T61/><D61/><N who="3" m="23049" /><G111/><T132/><D132/><U133/><E133/><V30/><F28/><W56/><G77/><RYUUKYOKU ba="0,0" sc="19,-10,501,-10,347,30,133,-10" hai2="18,20,23,27,30,47,48,53,80,83" owari="9,-49.0,491,59.0,377,18.0,123,-28.0" /></mjloggm>