<mjloggm ver="2.3"><GO type="169" lobby="0"/><UN n0="%E3%81%9F%E3%82%93%E3%82%86%E3%81%86" n1="%E3%83%8F%E3%82%BF%E3%83%A2%E3%83%88%E3%83%92%E3%83%AD" n2="%E3%82%BF%E3%83%9E%E3%83%8D%E3%82%AE" n3="%EF%BC%91%EF%BC%90%E9%80%A3%E3%82%AC%E3%83%81%E3%83%A3" dan="16,17,17,16" rate="2150.16,2145.96,2166.16,2094.07" sx="F,M,M,M"/><TAIKYOKU oya="0"/><INIT seed="0,0,0,4,3,15" ten="250,250,250,250" oya="0" hai0="103,122,32,119,51,70,123,10,2,59,67,72,104" hai1="47,88,26,87,64,121,107,126,18,62,111,45,31" hai2="129,5,100,27,3,21,101,116,71,124,115,80,0" hai3="52,93,8,48,110,132,106,118,113,92,44,98,81"/><T65/><D119/><U54/><E111/><V23/><F115/><W117/><G110/><T11/><D72/><U7/><E121/><V75/><F116/><W69/><G113/><T42/><D32/><U30/><E7/><V46/><F71/><W58/><G69/><T49/><D70/><U28/><E107/><V114/><F114/><W78/><G132/><T33/><D33/><U19/><E26/><V82/><F124/><W9/><G106/><T120/><D2/><U61/><E64/><V96/><F46/><N who="1" m="17417" /><E126/><V125/><F125/><W17/><G8/><T68/><D42/><U35/><E35/><V94/><F75/><W14/><G44/><T55/><D51/><U66/><E66/><V50/><F50/><W83/><G93/><T105/><D67/><U20/><E20/><V109/><F94/><W134/><G134/><T90/><D90/><U24/><E24/><V85/><F27/><W84/><REACH who="3" step="1"/><G83/><REACH who="3" ten="250,250,250,240" step="2"/><T79/><D104/><U73/><E73/><V89/><F109/><W128/><G128/><T131/><D131/><U43/><E43/><V25/><F129/><W133/><G133/><T76/><D105/><U91/><E54/><V12/><F80/><W29/><G29/><T36/><D122/><U13/><E31/><V102/><F82/><W6/><G6/><T38/><D123/><U40/><E40/><V135/><F5/><W74/><G74/><T127/><D120/><U1/><E30/><V77/><F135/><W86/><G86/><T97/><D127/><U34/><E28/><N who="2" m="17455" /><F85/><W112/><G112/><T130/><D130/><U60/><E87/><RYUUKYOKU ba="0,1" sc="250,-10,250,-10,250,-10,240,30" hai3="9,14,17,48,52,58,78,81,84,92,98,117,118" /><INIT seed="1,1,1,2,4,2" ten="240,240,240,270" oya="1" hai0="8,102,24,13,117,9,48,98,6,79,126,82,131" hai1="44,43,132,127,133,40,51,29,116,105,56,61,108" hai2="103,22,89,34,94,88,5,4,111,7,49,97,41" hai3="100,16,73,39,28,18,64,119,14,53,30,76,69"/><U3/><E105/><V50/><F34/><W42/><G100/><T91/><D117/><U104/><E104/><V17/><F111/><W78/><G73/><T68/><D68/><U75/><E75/><V124/><F124/><W27/><G39/><T37/><D37/><U26/><E3/><V15/><F50/><W118/><G42/><T60/><D126/><U93/><E116/><V122/><F122/><W72/><G72/><T125/><D125/><U10/><E127/><V101/><F89/><W77/><G64/><T11/><D60/><U74/><E74/><V31/><F31/><W113/><G53/><T110/><D110/><U123/><E123/><V66/><F66/><W92/><G92/><N who="0" m="58695" /><D79/><U106/><E106/><V32/><F32/><W115/><G76/><T46/><D24/><U62/><E10/><V52/><F41/><W83/><G27/><T107/><D107/><U65/><E108/><V99/><F99/><W23/><G23/><T84/><D131/><U129/><E129/><V58/><AGARI ba="1,1" hai="4,5,7,15,17,22,49,52,58,88,94,97,101,103" machi="58" ten="30,12000,2" yaku="0,1,8,1,52,3,54,2" doraHai="2" who="2" fromWho="2" sc="240,-31,240,-61,240,133,270,-31" /><INIT seed="2,0,0,1,1,110" ten="209,179,373,239" oya="2" hai0="28,94,118,39,79,5,125,10,132,37,65,11,87" hai1="64,48,51,4,80,129,62,17,91,22,88,42,133" hai2="113,1,74,119,9,70,127,59,61,14,36,95,86" hai3="106,100,15,19,24,97,55,84,82,27,124,21,75"/><V6/><F119/><W40/><G124/><T120/><D120/><U56/><E133/><V45/><F74/><W66/><G40/><T54/><D125/><U90/><E129/><V7/><F127/><W131/><G131/><T35/><D132/><U23/><E4/><V111/><F70/><W104/><G66/><T128/><D128/><U114/><E114/><V31/><F111/><W96/><G75/><T99/><D65/><U73/><E23/><V12/><F113/><W115/><G55/><T121/><D121/><U126/><E42/><V116/><F31/><W130/><G130/><T134/><D134/><U93/><E126/><V46/><F36/><W117/><G117/><T47/><D118/><U53/><E93/><V71/><F71/><W135/><G135/><T29/><D11/><U68/><E51/><V123/><F1/><W60/><G60/><T41/><D39/><U32/><E32/><V30/><F30/><W85/><G85/><T38/><D38/><U76/><REACH who="1" step="1"/><E91/><REACH who="1" ten="209,169,373,239" step="2"/><V0/><F123/><W16/><G115/><T49/><D35/><U77/><E77/><V122/><F122/><W105/><G105/><T81/><D37/><U8/><E8/><N who="2" m="4383" /><F116/><W72/><G106/><T18/><D41/><U103/><E103/><V89/><F0/><W58/><G100/><N who="0" m="60535" /><D5/><U112/><E112/><V101/><F101/><W52/><G104/><T25/><D10/><U50/><E50/><V2/><F2/><W43/><G43/><T33/><D33/><U3/><E3/><V67/><AGARI ba="0,1" hai="6,9,12,45,46,59,61,67,86,89,95" m="4383" machi="67" ten="30,1500,0" yaku="8,1" doraHai="110" who="2" fromWho="2" sc="209,-5,169,-5,373,25,239,-5" /><INIT seed="2,1,0,1,0,28" ten="204,164,398,234" oya="2" hai0="129,124,100,68,58,26,2,76,92,126,114,81,53" hai1="90,87,110,135,18,102,15,42,31,37,39,0,130" hai2="65,127,99,38,23,133,123,34,103,24,122,85,132" hai3="11,75,60,71,8,44,82,98,134,22,80,69,77"/><V40/><F127/><W125/><G125/><N who="0" m="48235" /><D68/><U59/><E0/><V13/><F65/><W55/><G134/><N who="2" m="51817" /><F85/><W117/><G82/><T96/><D2/><U51/><E110/><V106/><F13/><W101/><G22/><T78/><D114/><U70/><E130/><V47/><F23/><W66/><G71/><T3/><D3/><U64/><E102/><V109/><F109/><W30/><G30/><AGARI ba="1,0" hai="24,30,34,38,40,47,99,103,106,122,123" m="51817" machi="30" ten="30,5800,0" yaku="20,1,23,1,52,1" doraHai="28" who="2" fromWho="3" sc="204,0,164,0,398,61,234,-61" /><INIT seed="2,2,0,0,1,93" ten="204,164,459,173" oya="2" hai0="59,64,84,35,96,26,105,19,79,98,16,3,131" hai1="111,119,133,55,101,81,100,72,132,41,58,67,25" hai2="97,102,116,104,109,69,63,36,33,73,106,71,14" hai3="15,127,118,76,49,60,112,37,30,99,51,74,29"/><V107/><F116/><W86/><G118/><T108/><D3/><U77/><E111/><V4/><F14/><W44/><G127/><T6/><D105/><N who="2" m="40554" /><F109/><W87/><G60/><N who="0" m="37919" /><D35/><U10/><E67/><N who="2" m="41215" /><F4/><W9/><G30/><T18/><D108/><U130/><E130/><V95/><F95/><W54/><G29/><T70/><D70/><U62/><E119/><V110/><F110/><W61/><G61/><T5/><D26/><U57/><E57/><V27/><F71/><W7/><G37/><T42/><D42/><U68/><E68/><V82/><F36/><W113/><G51/><T120/><D131/><U31/><E10/><V20/><F20/><W134/><G134/><N who="1" m="51818" /><E41/><V115/><F115/><W78/><G113/><T88/><D79/><N who="3" m="30249" /><G74/><T50/><D120/><U90/><E90/><V122/><F82/><W8/><G8/><T128/><D128/><U92/><E92/><V117/><F117/><W83/><G83/><N who="0" m="49183" /><D50/><U39/><E39/><V45/><F122/><W126/><G112/><T75/><D75/><U40/><E40/><V125/><F73/><W85/><G126/><T1/><D1/><U124/><E124/><V129/><F129/><W21/><G21/><AGARI ba="2,0" hai="21,25,31,55,58,62,72,77,81,100,101" m="51818" machi="21" ten="30,1000,0" yaku="20,1" doraHai="93" who="1" fromWho="3" sc="204,0,164,16,459,0,173,-16" /><INIT seed="3,0,0,4,5,49" ten="204,180,459,157" oya="3" hai0="65,66,132,97,126,130,44,105,123,77,95,54,93" hai1="10,51,133,30,101,16,57,11,135,50,82,76,31" hai2="113,23,2,28,37,69,3,61,116,5,68,115,41" hai3="53,120,26,98,75,33,111,92,70,122,102,127,109"/><W40/><G75/><T19/><D123/><U6/><E101/><V15/><F116/><W59/><G70/><T21/><D105/><U0/><E30/><V38/><F28/><N who="3" m="19607" /><G40/><T84/><D126/><U103/><E103/><V36/><F41/><W25/><G25/><T13/><D130/><U88/><E31/><V18/><F61/><W107/><G92/><T17/><D17/><U20/><E11/><V134/><F68/><W117/><G117/><T94/><D97/><U80/><E80/><V129/><F69/><W52/><G127/><T72/><D72/><U87/><E76/><V39/><F129/><W131/><G131/><T81/><D132/><N who="1" m="50763" /><E57/><V42/><F134/><W32/><G32/><T85/><D85/><U114/><E114/><V89/><F113/><W78/><G78/><T64/><D44/><U73/><E73/><V71/><F71/><W27/><G27/><AGARI ba="0,0" hai="0,6,10,16,20,27,50,51,82,87,88" m="50763" machi="27" ten="30,3900,0" yaku="20,1,54,2" doraHai="49" who="1" fromWho="3" sc="204,0,180,39,459,0,157,-39" /><INIT seed="4,0,0,4,1,58" ten="204,219,459,118" oya="0" hai0="33,27,117,42,85,109,6,82,74,88,21,95,38" hai1="22,67,64,15,81,89,0,4,127,71,128,124,19" hai2="100,17,106,24,7,50,12,76,80,28,9,111,78" hai3="55,70,62,36,14,53,112,31,87,43,118,96,44"/><T125/><D33/><U46/><E128/><V91/><F111/><W104/><G118/><T97/><D117/><U73/><E67/><V101/><F7/><W63/><G31/><T75/><D109/><U102/><E102/><N who="2" m="39531" /><F106/><W52/><G104/><T83/><D125/><U130/><E130/><V79/><F50/><W99/><G87/><T41/><D6/><U86/><E73/><V115/><F115/><W84/><G84/><T16/><D38/><U133/><E133/><V107/><F107/><W35/><G35/><T30/><D30/><U5/><E46/><V120/><F120/><W57/><G14/><T129/><D129/><U90/><E90/><V132/><F132/><W45/><G99/><T32/><D32/><U26/><E26/><V47/><F47/><N who="3" m="24039" /><G96/><T94/><D75/><U37/><E0/><V103/><F103/><W126/><G126/><N who="1" m="48170" /><E37/><V134/><F134/><W108/><G108/><T93/><REACH who="0" step="1"/><D97/><REACH who="0" ten="194,219,459,118" step="2"/><U69/><E4/><V20/><F28/><W66/><G112/><T98/><D98/><U49/><E5/><V92/><F17/><W2/><G2/><T123/><D123/><U60/><E49/><V114/><F114/><W13/><G13/><T135/><D135/><U113/><E113/><V40/><F12/><W105/><G105/><T29/><D29/><U18/><E18/><V65/><F9/><W51/><G44/><T11/><D11/><U10/><E10/><V131/><F131/><W68/><G68/><AGARI ba="0,1" hai="15,19,22,60,64,68,69,71,81,86,89" m="48170" machi="68" ten="30,2000,0" yaku="18,1,52,1" doraHai="58" who="1" fromWho="3" sc="194,0,219,30,459,0,118,-20" /><INIT seed="5,0,0,5,2,98" ten="194,249,459,98" oya="1" hai0="65,50,103,57,47,127,108,67,94,66,109,91,54" hai1="40,115,97,38,43,80,9,7,79,124,114,116,42" hai2="130,10,101,105,53,11,89,134,56,3,12,46,22" hai3="129,132,71,135,100,118,128,88,17,117,26,93,33"/><U32/><E32/><V61/><F134/><N who="3" m="51243" /><G71/><T107/><D127/><U95/><E116/><N who="3" m="44650" /><G17/><T62/><D109/><U111/><E124/><V2/><F130/><N who="3" m="50283" /><G100/><T110/><D110/><U72/><E111/><V121/><F101/><W81/><G81/><T15/><D108/><U34/><E34/><V83/><F83/><W37/><G37/><T126/><D126/><U90/><E38/><V0/><F11/><W4/><G4/><T75/><D15/><U27/><E27/><V23/><F12/><W102/><G102/><T59/><D75/><U41/><N who="1" m="10240" /><DORA hai="92" /><U133/><REACH who="1" step="1"/><E133/><REACH who="1" ten="194,239,459,98" step="2"/><V82/><F121/><W25/><G33/><T74/><D107/><U1/><AGARI ba="0,1" hai="1,7,9,72,79,80,90,95,97,114,115" m="10240" machi="1" ten="40,12000,1" yaku="1,1,2,1,0,1,52,1,53,1" doraHai="98,92" doraHaiUra="49,87" who="1" fromWho="1" sc="194,-40,239,130,459,-40,98,-40" /><INIT seed="5,1,0,5,1,3" ten="154,369,419,58" oya="1" hai0="20,30,71,59,121,10,69,113,5,97,130,74,37" hai1="31,129,33,65,1,99,23,51,112,84,36,38,49" hai2="68,105,19,131,4,70,60,22,18,78,92,80,125" hai3="25,106,76,66,24,35,91,77,58,54,28,72,29"/><U14/><E1/><V114/><F105/><W0/><G0/><T45/><D121/><U56/><E33/><V67/><F125/><W44/><G106/><T115/><D130/><U98/><E129/><V50/><F131/><W124/><G72/><T27/><D59/><U89/><E112/><N who="0" m="43081" /><D97/><U39/><E51/><V110/><F110/><W52/><G91/><T64/><D74/><U116/><E116/><V90/><F70/><W2/><G2/><N who="0" m="311" /><D64/><U40/><E40/><AGARI ba="1,0" hai="20,27,30,37,40,45,69,71" m="311,43081" machi="40" ten="30,2000,0" yaku="15,1,52,1" doraHai="3" who="0" fromWho="1" sc="154,23,369,-23,419,0,58,0" /><INIT seed="6,0,0,5,1,14" ten="177,346,419,58" oya="2" hai0="16,22,78,53,111,75,48,11,8,44,24,12,113" hai1="15,38,64,46,134,116,32,9,129,59,23,81,121" hai2="77,80,66,123,104,72,131,18,118,85,33,2,124" hai3="49,86,117,35,5,108,109,105,7,54,63,41,70"/><V87/><F123/><W103/><G117/><T114/><D111/><U43/><E32/><V89/><F118/><W25/><G41/><T132/><D132/><U106/><E134/><V56/><F2/><W51/><G86/><T34/><D75/><U27/><E106/><V93/><F33/><W29/><G108/><T83/><D83/><U62/><E129/><V19/><F131/><W61/><G61/><T58/><D78/><U20/><E121/><V6/><F6/><W125/><G125/><T99/><D99/><U135/><E135/><V68/><F68/><W40/><G40/><T98/><D98/><U130/><E130/><V88/><F124/><W30/><G30/><T55/><D34/><U17/><E116/><V45/><F45/><W13/><G49/><T21/><D21/><U92/><E27/><V71/><F71/><W42/><G42/><T73/><D73/><U60/><E81/><V94/><F104/><W3/><G3/><T128/><D128/><U127/><E127/><V52/><F66/><W110/><G110/><T100/><D100/><U96/><REACH who="1" step="1"/><E62/><AGARI ba="0,0" hai="18,19,52,56,62,72,77,80,85,87,88,89,93,94" machi="62" ten="30,18000,2" yaku="7,1,9,1,52,2,54,2" doraHai="14" who="2" fromWho="1" sc="177,0,346,-180,419,180,58,0" /><INIT seed="6,1,0,1,2,76" ten="177,166,599,58" oya="2" hai0="34,93,11,44,2,39,35,120,94,64,36,118,132" hai1="97,46,33,5,27,68,82,71,66,81,3,113,31" hai2="91,86,0,37,106,25,102,123,55,111,72,26,53" hai3="52,19,28,59,83,135,78,30,61,58,47,119,124"/><V49/><F123/><W9/><G119/><T18/><D120/><U24/><E113/><V77/><F37/><W88/><G135/><T1/><D132/><U96/><E5/><V84/><F0/><W108/><G124/><T114/><D114/><U87/><E3/><V16/><F84/><N who="3" m="50207" /><G108/><T126/><D64/><U38/><E87/><V42/><F77/><W117/><G117/><T90/><D90/><U4/><E4/><V122/><F72/><W127/><G127/><T63/><D126/><U73/><E31/><N who="3" m="11818" /><G78/><T20/><D118/><U23/><E38/><V115/><F106/><W32/><G32/><T6/><D2/><U103/><E33/><V121/><F111/><W14/><G59/><T112/><D112/><U57/><E57/><V92/><F115/><W8/><G47/><T65/><D39/><U29/><E46/><V95/><F121/><W130/><G130/><T48/><D36/><U51/><E73/><V21/><F122/><W7/><G7/><T85/><D35/><U101/><E29/><V43/><F25/><W45/><G45/><T98/><D34/><U10/><E27/><V99/><F55/><W100/><G100/><T133/><D133/><U62/><E103/><V134/><F134/><W56/><G56/><AGARI ba="1,0" hai="16,21,26,42,43,49,53,56,86,91,92,95,99,102" machi="56" ten="30,5800,0" yaku="7,1,8,1,54,1" doraHai="76" who="2" fromWho="3" sc="177,0,166,0,599,61,58,-61" owari="177,-2.0,166,-23.0,660,75.0,-3,-50.0" /></mjloggm>