<mjloggm ver="2.3"><GO type="169" lobby="0"/><UN n0="%E5%85%AC%E5%8B%99%E5%93%A1%E3%81%8F%E3%82%93" n1="%E3%83%A8%E3%83%BC%E3%83%87%E3%83%AB%E9%A3%9F%E3%81%B9%E6%94%BE%E9%A1%8C" n2="%E3%81%AD%E3%81%87" n3="%E3%81%A8%E3%81%B3%E3%81%BE%E3%81%93" dan="16,17,17,16" rate="2150.94,2161.01,2184.95,2111.29" sx="F,F,M,M"/><TAIKYOKU oya="0"/><INIT seed="0,0,0,2,5,50" ten="250,250,250,250" oya="0" hai0="133,102,37,33,14,60,105,135,122,23,31,56,114" hai1="71,112,104,101,63,115,88,47,134,59,70,87,118" hai2="44,78,12,22,74,120,131,41,16,110,106,57,100" hai3="35,45,61,132,7,95,126,26,58,39,107,52,125"/><T92/><D122/><U111/><E118/><V93/><F106/><W91/><G107/><T29/><D114/><N who="1" m="43563" /><E111/><V121/><F110/><W38/><G7/><T73/><D105/><U65/><E134/><V30/><F131/><W21/><G35/><T2/><D73/><U8/><E47/><V81/><F30/><W36/><G45/><T113/><D113/><U83/><E8/><V28/><F28/><W98/><REACH who="3" step="1"/><G132/><REACH who="3" ten="250,250,250,240" step="2"/><T9/><D133/><U129/><E129/><V80/><F120/><W0/><G0/><T84/><D135/><U109/><E109/><V79/><F121/><W117/><G117/><T67/><D33/><U10/><E10/><V94/><F44/><W77/><G77/><T27/><D2/><U130/><E130/><V6/><F6/><W97/><G97/><AGARI ba="0,1" hai="59,63,65,70,71,83,87,88,97,101,104" m="43563" machi="97" ten="30,2000,0" yaku="11,1,54,1" doraHai="50" who="1" fromWho="3" sc="250,0,250,30,250,0,240,-20" /><INIT seed="1,0,0,0,0,92" ten="250,280,250,220" oya="1" hai0="18,117,127,125,63,34,35,29,32,134,74,28,77" hai1="26,82,30,111,7,132,94,19,47,67,16,79,0" hai2="88,24,121,52,5,122,99,133,96,55,110,51,43" hai3="44,69,124,109,64,102,95,58,131,20,6,106,100"/><U59/><E132/><V10/><F133/><W17/><G106/><T54/><D134/><U126/><E126/><V22/><F43/><W40/><G124/><N who="0" m="47691" /><D117/><U14/><E0/><V50/><F110/><W65/><G69/><T60/><D77/><U37/><E111/><V89/><F121/><W53/><G109/><T49/><D74/><U8/><E94/><V61/><F122/><W15/><G6/><T85/><D85/><U56/><E37/><V104/><F61/><N who="0" m="23626" /><D18/><U72/><E47/><AGARI ba="0,0" hai="28,29,32,34,35,47,49,54" m="23626,47691" machi="47" ten="40,1300,0" yaku="18,1" doraHai="92" who="0" fromWho="1" sc="250,13,280,-13,250,0,220,0" /><INIT seed="2,0,0,4,2,121" ten="263,267,250,220" oya="2" hai0="11,103,22,34,54,40,28,37,106,23,120,66,21" hai1="107,26,48,110,59,113,5,114,67,129,119,130,75" hai2="6,73,81,44,116,128,53,69,88,42,39,7,71" hai3="58,98,3,14,77,29,13,74,78,134,82,83,95"/><V122/><F122/><W57/><G134/><T51/><D120/><U111/><E107/><V45/><F116/><W112/><G3/><T123/><D123/><U79/><E119/><V85/><F73/><W90/><G29/><T36/><D66/><U64/><E75/><V10/><F128/><N who="1" m="49257" /><E79/><V61/><F7/><W63/><G58/><T100/><D11/><U118/><E118/><V101/><F101/><W35/><G35/><T9/><D9/><U68/><E5/><V126/><F126/><W80/><G112/><N who="1" m="43114" /><E26/><V96/><F96/><W99/><G99/><T55/><D40/><U102/><E102/><V20/><F20/><W46/><G46/><T97/><D103/><U62/><E67/><V70/><F70/><W49/><G49/><T41/><D41/><U32/><E32/><V124/><F124/><W89/><G89/><T127/><D127/><U60/><E60/><V43/><F53/><AGARI ba="0,0" hai="48,53,59,62,64,68,110,111" m="43114,49257" machi="53" ten="40,8000,1" yaku="19,1,34,2,52,2" doraHai="121" who="1" fromWho="2" sc="263,0,267,80,250,-80,220,0" /><INIT seed="3,0,0,2,4,57" ten="263,347,170,220" oya="3" hai0="123,77,12,71,135,89,39,48,82,60,93,74,120" hai1="14,2,9,52,69,100,90,91,7,58,97,92,0" hai2="36,103,68,50,95,118,34,40,87,65,61,59,122" hai3="18,124,5,51,101,86,133,37,24,72,31,104,102"/><W35/><G37/><T22/><D135/><U15/><E69/><V55/><F34/><W115/><G115/><T17/><D39/><U116/><E116/><V21/><F118/><W127/><G72/><T78/><D78/><U63/><REACH who="1" step="1"/><E15/><REACH who="1" ten="263,337,170,220" step="2"/><V42/><F122/><W128/><G133/><T126/><D126/><U10/><E10/><V94/><F36/><W53/><G124/><T109/><D109/><U45/><E45/><V131/><F131/><W114/><G128/><T1/><D1/><AGARI ba="0,1" hai="0,1,2,7,9,14,52,58,63,90,91,92,97,100" machi="1" ten="40,5200,0" yaku="1,1,52,1,54,1,53,0" doraHai="57" doraHaiUra="29" who="1" fromWho="0" sc="263,-52,337,62,170,0,220,0" /><INIT seed="4,0,0,4,4,17" ten="211,399,170,220" oya="0" hai0="37,1,56,99,120,91,100,13,124,14,71,106,65" hai1="79,113,35,4,0,118,133,121,53,72,43,30,38" hai2="10,52,108,62,116,23,76,16,94,104,132,21,78" hai3="6,102,8,47,22,7,9,81,126,19,2,11,33"/><T66/><D120/><U83/><E53/><V75/><F104/><W105/><G105/><T54/><D1/><U39/><E118/><V129/><F108/><W110/><G102/><T40/><D124/><U48/><E48/><V125/><F125/><W34/><G126/><T103/><D103/><U115/><E133/><V12/><F132/><W107/><G81/><T69/><D91/><U5/><E5/><N who="3" m="1546" /><G47/><T57/><D40/><U20/><E35/><N who="3" m="13322" /><G107/><T112/><D37/><U25/><E121/><V128/><F116/><W119/><G110/><T101/><D112/><N who="1" m="43083" /><E43/><V85/><F75/><W122/><G122/><T89/><D89/><U80/><E83/><V64/><F52/><W86/><G86/><T18/><D54/><U90/><E90/><V15/><F94/><W92/><G92/><T131/><D106/><U46/><E46/><V44/><F44/><W127/><G127/><T3/><D99/><U60/><E60/><V93/><F93/><W32/><N who="3" m="13330" /><W55/><DORA hai="70" /><G55/><T82/><D82/><U88/><E88/><V95/><F95/><W123/><G123/><T109/><D109/><U77/><E77/><N who="2" m="29803" /><F85/><W134/><G134/><T67/><D67/><U97/><E97/><V84/><F84/><W26/><G119/><T59/><D59/><U74/><E74/><V27/><F62/><W135/><G135/><T58/><D58/><U42/><E42/><V50/><F50/><W98/><G98/><T130/><D3/><AGARI ba="0,0" hai="2,3,8,9,11,19,22,26" m="13330,1546" machi="3" ten="50,12000,2" yaku="35,5,52,1" doraHai="17,70" who="3" fromWho="0" sc="211,-120,399,0,170,0,220,120" /><INIT seed="5,0,0,5,5,75" ten="91,399,170,340" oya="1" hai0="119,99,106,128,41,23,101,127,34,131,107,55,133" hai1="51,102,95,27,87,125,15,100,108,135,82,48,70" hai2="7,89,49,43,85,6,52,88,8,130,103,5,63" hai3="94,124,80,53,44,38,71,79,117,46,104,84,2"/><U19/><E70/><V0/><F130/><W10/><G104/><T29/><D119/><U57/><E125/><V39/><F103/><W14/><G124/><T105/><D127/><U42/><E135/><V113/><F113/><W62/><G117/><T116/><D116/><U98/><E27/><V59/><F39/><W129/><G129/><N who="0" m="49739" /><D133/><U110/><E102/><V35/><F35/><W3/><G94/><N who="0" m="58615" /><D41/><U20/><E42/><V132/><F132/><W68/><G68/><T32/><D55/><U77/><REACH who="1" step="1"/><E57/><REACH who="1" ten="91,389,170,340" step="2"/><V16/><F43/><W76/><G71/><T114/><D114/><U81/><E81/><V36/><F36/><W47/><G38/><T118/><D118/><U56/><E56/><V65/><F0/><W115/><G3/><T30/><D30/><U37/><E37/><V93/><F63/><W72/><G2/><T111/><D111/><AGARI ba="0,1" hai="15,19,20,48,51,77,82,87,95,98,100,108,110,111" machi="111" ten="40,7700,0" yaku="1,1,10,1,52,1,53,0" doraHai="75" doraHaiUra="21" who="1" fromWho="0" sc="91,-77,389,87,170,0,340,0" /><INIT seed="5,1,0,4,5,47" ten="14,476,170,340" oya="1" hai0="67,30,108,93,54,32,41,85,134,120,80,94,64" hai1="110,3,37,45,15,87,28,25,29,31,69,98,133" hai2="95,101,43,118,111,105,21,68,109,50,0,99,102" hai3="88,106,52,112,121,122,124,56,27,53,26,40,75"/><U17/><E69/><V46/><F0/><W62/><G106/><T113/><D120/><U8/><E133/><V125/><F68/><W96/><G75/><T42/><D108/><U39/><E3/><V117/><F21/><W16/><G40/><T44/><D113/><U79/><E110/><V19/><F19/><W33/><G112/><T66/><D134/><U76/><E39/><V92/><F125/><W72/><G72/><T60/><D32/><U71/><E71/><V14/><F14/><W59/><G33/><T13/><D30/><U20/><E37/><V104/><F95/><N who="3" m="56423" /><G27/><T51/><D13/><U5/><E45/><V127/><F127/><W103/><G103/><T18/><D18/><U63/><E63/><V135/><F135/><W129/><G129/><T34/><D34/><U36/><E36/><V130/><F130/><W78/><G78/><N who="1" m="29738" /><E87/><V23/><F111/><W89/><G89/><T83/><D83/><U49/><E98/><V74/><F74/><W12/><G12/><T22/><D22/><U48/><AGARI ba="1,0" hai="5,8,15,17,20,25,28,29,31,48,49" m="29738" machi="48" ten="30,6000,0" yaku="8,1,52,2" doraHai="47" who="1" fromWho="1" sc="14,-21,476,63,170,-21,340,-21" owari="-7,-51.0,539,64.0,149,-25.0,319,12.0" /></mjloggm>