<mjloggm ver="2.3"><GO type="185" lobby="0"/><UN n0="%E5%A4%9A%E6%9E%97%E6%99%8B" n1="%E4%B8%96%E7%9B%B4%E3%81%97%E4%BA%BA" n2="%67%6C%61%6E%7A%39%30" n3="" dan="16,17,19,0" rate="2181.89,2246.30,2360.78,1500.00" sx="M,M,M,C"/><TAIKYOKU oya="0"/><INIT seed="0,0,0,3,3,79" ten="350,350,350,0" oya="0" hai0="109,71,39,52,63,124,85,68,122,34,105,108,89" hai1="0,47,72,92,94,132,2,99,126,120,77,36,48" hai2="64,61,1,127,38,76,40,82,128,81,104,101,60" hai3=""/><T51/><N who="0" m="31264" /><T91/><D34/><U95/><N who="1" m="30752" /><U125/><E36/><V42/><F1/><T119/><D39/><U103/><E132/><V49/><F38/><T129/><D119/><U73/><E2/><V112/><F112/><T33/><D33/><U123/><N who="1" m="31520" /><U32/><E0/><V97/><F128/><T117/><D117/><U121/><N who="1" m="31008" /><U106/><E32/><V70/><F127/><N who="1" m="48649" /><E77/><V46/><F40/><AGARI ba="0,0" hai="40,47,48,72,73,92,94,95,99,103,106" m="48649,31008,31520,30752" machi="40" ten="30,7700,0" yaku="18,1,52,3" doraHai="79" who="1" fromWho="2" sc="350,0,350,77,350,-77,0,0" /><INIT seed="1,0,0,1,5,50" ten="350,427,273,0" oya="1" hai0="80,53,73,56,77,134,83,122,64,113,123,119,106" hai1="78,65,63,97,1,114,130,85,79,87,68,59,74" hai2="95,42,82,128,2,33,135,118,55,48,35,61,57" hai3=""/><U89/><E114/><V109/><F2/><T72/><N who="0" m="31264" /><T104/><N who="0" m="31520" /><T111/><D113/><U129/><E1/><V86/><F118/><T37/><D37/><U38/><E38/><V105/><F105/><T92/><D119/><U32/><E32/><V81/><F128/><N who="1" m="49257" /><E68/><V52/><F109/><T110/><D64/><U93/><E74/><V90/><F42/><T101/><D92/><U0/><E0/><V49/><F135/><T54/><D134/><U45/><E45/><V115/><F115/><T117/><D117/><U88/><E87/><V3/><F3/><T47/><D47/><U39/><E39/><V91/><F35/><T99/><D106/><U112/><E112/><V127/><F33/><T36/><D36/><U62/><E62/><V71/><F127/><T125/><D125/><U75/><E75/><V107/><F107/><T102/><D104/><U120/><N who="1" m="30752" /><U70/><E70/><V34/><F34/><T133/><D133/><U108/><E108/><V98/><F71/><T51/><D111/><U121/><N who="1" m="31008" /><U96/><E97/><V66/><F48/><T60/><D110/><U40/><E40/><V103/><F49/><T69/><D69/><U43/><E43/><V67/><F67/><RYUUKYOKU ba="0,0" sc="350,-20,427,10,273,10,0,0" hai1="59,63,65,78,79,85,88,89,93,96" hai2="52,55,57,61,66,81,82,86,90,91,95,98,103" /><INIT seed="1,1,0,5,3,93" ten="330,437,283,0" oya="1" hai0="120,1,86,38,114,121,70,75,2,101,110,84,51" hai1="99,0,82,61,102,111,65,123,47,67,83,89,109" hai2="44,134,103,53,132,60,129,81,130,36,54,40,96" hai3=""/><U112/><N who="1" m="31520" /><U91/><E47/><V68/><F81/><N who="1" m="30729" /><E112/><V62/><F103/><T52/><N who="0" m="30752" /><T118/><N who="0" m="31008" /><T94/><D114/><U78/><E78/><V42/><F96/><T95/><D75/><U69/><E67/><V113/><F113/><T127/><D38/><U135/><E0/><V125/><F125/><T45/><D70/><U63/><E63/><N who="2" m="24107" /><F68/><T88/><D127/><U104/><E91/><V33/><F33/><T35/><D110/><N who="1" m="41995" /><E89/><V58/><F42/><T48/><D35/><U73/><E135/><N who="2" m="51755" /><F58/><T57/><D118/><U79/><E79/><V77/><F77/><T124/><D124/><U32/><E32/><V56/><F56/><T115/><D115/><U66/><E66/><V128/><AGARI ba="1,0" hai="36,40,44,53,54,128,129,130" m="51755,24107" machi="128" ten="40,6000,1" yaku="19,1,20,1,34,2" doraHai="93" who="2" fromWho="2" sc="330,-21,437,-41,283,62,0,0" /><INIT seed="2,0,0,3,3,34" ten="309,396,345,0" oya="2" hai0="2,100,114,72,127,129,107,78,63,66,104,133,44" hai1="35,132,99,86,113,82,3,50,91,111,106,128,90" hai2="77,80,74,47,134,109,69,41,51,65,87,0,119" hai3=""/><V48/><F119/><T62/><D129/><U1/><E35/><V38/><F134/><T76/><D133/><U98/><E132/><V70/><F109/><T45/><D114/><U112/><E111/><V67/><F0/><T36/><D127/><U39/><E39/><V84/><F38/><T37/><D100/><U120/><N who="1" m="30752" /><U89/><E128/><V110/><F110/><T122/><N who="0" m="31264" /><T64/><D72/><U79/><E50/><V58/><F74/><T130/><D130/><U105/><E3/><AGARI ba="0,0" hai="2,3,36,37,44,45,62,63,64,66,76,78,104,107" m="31264" machi="3" ten="25,8000,1" yaku="22,2,52,3" doraHai="34" who="0" fromWho="1" sc="309,80,396,-80,345,0,0,0" /><INIT seed="4,0,0,4,1,105" ten="389,316,345,0" oya="0" hai0="111,133,45,47,116,87,51,80,52,61,0,90,36" hai1="96,100,131,129,79,108,57,3,46,85,103,113,68" hai2="117,86,122,92,49,91,55,56,114,44,99,59,115" hai3=""/><T37/><D0/><U101/><E68/><V58/><N who="2" m="31264" /><V40/><F117/><T102/><D116/><U135/><E3/><V75/><F75/><T43/><D111/><U65/><E108/><V2/><F2/><T42/><D133/><U64/><E135/><V74/><F74/><T66/><D102/><U97/><E46/><V76/><F76/><T71/><REACH who="0" step="1"/><D43/><REACH who="0" ten="379,316,345,0" step="2"/><U62/><E103/><V48/><REACH who="2" step="1"/><F99/><REACH who="2" ten="379,316,335,0" step="2"/><T60/><D60/><U93/><E97/><V134/><F134/><T39/><AGARI ba="0,2" hai="36,37,39,42,45,47,51,52,61,66,71,80,87,90" machi="39" ten="20,8000,1" yaku="1,1,0,1,7,1,54,1,53,1" doraHai="105" doraHaiUra="83" who="0" fromWho="0" sc="379,100,316,-40,335,-40,0,0" /><INIT seed="4,1,0,5,4,107" ten="479,276,295,0" oya="0" hai0="52,109,102,110,51,101,120,53,127,129,93,124,119" hai1="57,34,105,96,88,104,73,61,68,40,41,39,112" hai2="32,122,131,45,77,100,103,128,48,62,3,78,94" hai3=""/><T126/><N who="0" m="30752" /><T87/><D119/><U2/><E2/><V64/><N who="2" m="31264" /><V118/><F3/><T86/><D129/><N who="2" m="49738" /><F32/><T81/><D81/><U121/><N who="1" m="31008" /><U55/><E34/><V44/><F44/><T63/><D63/><U83/><E68/><V79/><F94/><T47/><D53/><U35/><E35/><V37/><F37/><T58/><D47/><U84/><E112/><V66/><F118/><T135/><D135/><U111/><E111/><N who="0" m="42505" /><D93/><U69/><E69/><V116/><F116/><T54/><D54/><U123/><N who="1" m="31520" /><U125/><E55/><V74/><F74/><T97/><D97/><U56/><E96/><V130/><F130/><T43/><D43/><U114/><E73/><V132/><F132/><T115/><D115/><U134/><E114/><V50/><F66/><T95/><D95/><U80/><E134/><V0/><F0/><T60/><D60/><U90/><E61/><V70/><F45/><T92/><D92/><U117/><E117/><V67/><F67/><T33/><D33/><U113/><E113/><V82/><F82/><T76/><D76/><U89/><E83/><V75/><F75/><T85/><AGARI ba="1,0" hai="51,52,58,85,86,87,101,102,124,126,127" m="42505,30752" machi="85" ten="40,8000,1" yaku="18,1,10,1,52,1,54,1" doraHai="107" who="0" fromWho="0" sc="479,82,276,-41,295,-41,0,0" /><INIT seed="4,2,0,4,5,75" ten="561,235,254,0" oya="0" hai0="38,110,117,59,128,96,82,57,37,95,84,86,114" hai1="101,45,40,47,32,66,111,41,3,72,121,70,83" hai2="123,51,102,130,125,100,60,77,67,104,127,126,109" hai3=""/><T94/><D117/><U71/><N who="1" m="31008" /><U107/><E111/><V79/><N who="2" m="31520" /><V46/><F109/><T103/><D110/><U63/><E32/><V42/><F130/><T88/><D128/><U36/><E3/><V53/><F42/><T93/><D114/><U69/><E101/><N who="2" m="39019" /><F104/><T115/><D115/><U34/><E107/><V87/><F87/><T113/><D113/><U52/><E34/><V43/><F43/><T62/><D57/><AGARI ba="2,0" hai="46,51,53,57,60,67,77,79,125,126,127" m="39019,31520" machi="57" ten="30,7700,0" yaku="18,1,52,3" doraHai="75" who="2" fromWho="0" sc="561,-81,235,0,254,81,0,0" /><INIT seed="5,0,0,1,2,66" ten="480,235,335,0" oya="1" hai0="45,121,98,0,131,42,32,37,57,94,127,92,87" hai1="55,130,133,67,75,110,80,73,111,115,50,109,76" hai2="99,101,54,70,47,40,3,69,107,86,64,34,96" hai3=""/><U61/><E115/><V58/><F34/><T43/><N who="0" m="31008" /><T125/><D32/><U71/><E130/><V62/><F3/><T93/><D131/><U63/><E61/><V95/><F86/><T114/><D114/><U118/><E118/><V39/><REACH who="2" step="1"/><F64/><REACH who="2" ten="480,235,325,0" step="2"/><T104/><D0/><U88/><E133/><V33/><F33/><T102/><D42/><U41/><E41/><V59/><F59/><T90/><REACH who="0" step="1"/><D57/><REACH who="0" ten="470,235,325,0" step="2"/><U123/><N who="1" m="31520" /><U85/><REACH who="1" step="1"/><E76/><REACH who="1" ten="470,225,325,0" step="2"/><V117/><F117/><T36/><D36/><U91/><E91/><AGARI ba="0,3" hai="39,40,47,54,58,62,69,70,91,95,96,99,101,107" machi="91" ten="30,7700,0" yaku="1,1,7,1,52,2,53,0" doraHai="66" doraHaiUra="112" who="2" fromWho="1" sc="470,0,225,-77,325,107,0,0" /><INIT seed="6,0,0,2,2,46" ten="470,148,432,0" oya="2" hai0="55,34,114,87,70,104,67,135,124,63,100,98,66" hai1="122,99,62,130,57,86,3,37,89,94,72,51,36" hai2="113,65,90,128,131,61,77,76,107,83,97,50,93" hai3=""/><V88/><F113/><T53/><D34/><U133/><N who="1" m="31264" /><U48/><E3/><V132/><F132/><T81/><D114/><U80/><E72/><V92/><F107/><T134/><D124/><U44/><E133/><N who="0" m="50697" /><D66/><U49/><E130/><N who="2" m="49707" /><F50/><T109/><D109/><U43/><E37/><V0/><F0/><T74/><D74/><U35/><E35/><V125/><F125/><T47/><D47/><U69/><E69/><V102/><F83/><T96/><D98/><U84/><E36/><V60/><F60/><T56/><D70/><U116/><E116/><V118/><F118/><T106/><D106/><U75/><E75/><V58/><F102/><T54/><D67/><U32/><E32/><V126/><F126/><T105/><D105/><U117/><E117/><V71/><F71/><T123/><N who="0" m="31520" /><T52/><D54/><U64/><REACH who="1" step="1"/><E86/><AGARI ba="0,0" hai="58,61,65,76,77,86,88,90,92,93,97" m="49707" machi="86" ten="30,2900,0" yaku="19,1,54,1" doraHai="46" who="2" fromWho="1" sc="470,0,148,-29,432,29,0,0" /><INIT seed="6,1,0,4,3,98" ten="470,119,461,0" oya="2" hai0="75,133,42,125,34,96,128,3,91,65,38,61,82" hai1="97,0,83,35,74,135,88,103,37,62,110,33,130" hai2="2,95,32,76,58,50,92,126,41,85,1,43,94" hai3=""/><V71/><F71/><T63/><D3/><U66/><E97/><V49/><F32/><T99/><D34/><U73/><E62/><V87/><F126/><T39/><D125/><U115/><E83/><V124/><F124/><T60/><D133/><U78/><E66/><V86/><F76/><T84/><D128/><U48/><E48/><N who="2" m="18539" /><F58/><T69/><D75/><U129/><E78/><V116/><F116/><T40/><D65/><U54/><E54/><V44/><F44/><T56/><D69/><U101/><E35/><V132/><F132/><T80/><D56/><U81/><E33/><V111/><F111/><T122/><N who="0" m="31264" /><T119/><D119/><U45/><E135/><V106/><F106/><T104/><D104/><U68/><E68/><V113/><F113/><T93/><D99/><U134/><E134/><V57/><F57/><T77/><D82/><U131/><E81/><V70/><F70/><T123/><N who="0" m="31520" /><T89/><D77/><U100/><E115/><V117/><F117/><T118/><D118/><U105/><E105/><V121/><N who="2" m="31008" /><V120/><N who="2" m="30752" /><V79/><F79/><T55/><D55/><U127/><E110/><V114/><F114/><T51/><D51/><U107/><E107/><V36/><F36/><AGARI ba="1,0" hai="36,38,39,40,42,60,61,63,80,84,89,91,93,96" m="31520,31264" machi="36" ten="40,5200,0" yaku="6,1,52,2" doraHai="98" who="0" fromWho="2" sc="470,54,119,0,461,-54,0,0" owari="524,47.0,119,-48.0,407,1.0,0,0.0" /></mjloggm>