<mjloggm ver="2.3"><GO type="169" lobby="0"/><UN n0="%E6%9C%A8%E5%8E%9F%E8%B1%AA%E4%B8%80" n1="%E3%82%A2%E3%83%A1%E3%83%B3%E3%83%9D%E3%81%A6%E3%81%B5" n2="%E7%8B%82%E7%8A%AC" n3="%E9%96%A2%E3%82%B1%E5%8E%9F" dan="17,17,16,16" rate="2206.00,2195.28,2142.66,2167.81" sx="M,M,M,M"/><TAIKYOKU oya="0"/><INIT seed="0,0,0,0,2,4" ten="250,250,250,250" oya="0" hai0="48,133,9,49,88,57,104,96,113,99,8,38,28" hai1="85,95,7,114,70,121,76,6,86,91,82,130,83" hai2="69,81,5,19,59,109,34,107,3,39,46,13,58" hai3="124,103,30,35,100,84,72,131,31,126,77,45,1"/><T21/><D113/><U71/><E114/><V80/><F69/><W87/><G1/><T92/><D38/><U111/><E111/><V56/><F107/><W12/><G45/><T23/><D133/><U78/><E130/><V73/><F34/><W44/><G44/><T43/><D104/><U64/><E121/><V79/><F81/><W53/><G35/><T60/><D43/><U122/><E122/><V55/><F109/><W90/><G12/><T47/><D99/><U93/><E64/><V51/><F5/><W32/><G32/><T128/><D128/><U42/><E91/><V50/><F3/><W74/><G90/><T112/><D112/><U89/><E89/><V98/><F98/><W26/><G131/><T61/><D61/><U37/><E42/><V10/><REACH who="2" step="1"/><F39/><AGARI ba="0,0" hai="6,7,37,39,70,71,76,78,82,83,85,86,93,95" machi="39" ten="25,1600,0" yaku="22,2" doraHai="4" who="1" fromWho="2" sc="250,0,250,16,250,-16,250,0" /><INIT seed="1,0,0,2,4,41" ten="250,266,234,250" oya="1" hai0="93,100,125,11,109,26,129,63,54,85,86,52,131" hai1="5,84,46,37,110,43,17,45,61,32,62,50,10" hai2="92,8,20,4,79,0,127,101,115,21,40,97,65" hai3="66,15,23,22,64,59,116,28,56,77,71,36,69"/><U82/><E32/><V76/><F127/><W60/><G77/><T118/><D118/><U57/><E110/><V58/><F115/><W89/><G36/><T123/><D109/><U112/><E112/><V27/><F20/><W33/><G33/><T108/><D108/><U119/><E119/><V117/><F117/><W14/><G116/><T106/><D125/><U107/><E107/><V2/><F2/><W51/><G89/><T120/><D106/><U18/><E5/><V81/><F40/><W124/><G124/><T47/><D26/><U39/><E10/><V74/><F74/><W95/><G95/><T16/><D100/><U24/><E39/><V121/><F81/><W3/><G3/><T135/><D135/><U19/><E24/><V35/><F35/><W103/><G103/><T75/><D75/><U29/><E29/><V42/><F42/><W48/><REACH who="3" step="1"/><G60/><REACH who="3" ten="250,266,234,240" step="2"/><T49/><D93/><U87/><E62/><N who="2" m="38103" /><F121/><N who="0" m="46666" /><D85/><U53/><REACH who="1" step="1"/><E82/><REACH who="1" ten="250,256,234,240" step="2"/><V105/><F105/><W38/><G38/><T30/><D63/><U80/><E80/><V94/><F94/><W128/><G128/><T78/><D131/><U72/><E72/><V83/><F83/><W98/><G98/><T113/><D129/><U122/><E122/><V44/><F92/><W130/><G130/><T90/><D113/><U34/><E34/><V67/><F97/><W73/><G73/><T31/><D78/><U88/><E88/><V1/><F79/><W104/><G104/><T96/><D96/><U99/><E99/><V7/><F76/><W13/><G13/><N who="0" m="7231" /><D90/><U134/><E134/><V102/><F0/><RYUUKYOKU ba="0,2" sc="250,-15,256,15,234,-15,240,15" hai1="17,18,19,37,43,45,46,50,53,57,61,84,87" hai3="14,15,22,23,28,48,51,56,59,64,66,69,71" /><INIT seed="1,1,2,2,2,111" ten="235,271,219,255" oya="1" hai0="60,12,52,125,109,48,30,59,22,58,98,13,65" hai1="94,4,85,75,57,2,95,14,42,62,82,97,118" hai2="101,19,83,0,50,93,37,15,24,102,54,25,44" hai3="46,103,110,6,84,89,53,133,32,64,26,114,11"/><U61/><E118/><V55/><F0/><W123/><G110/><T1/><D109/><U126/><E2/><V7/><F37/><W134/><G123/><T70/><D1/><U51/><E75/><V105/><F105/><W92/><G64/><T113/><D113/><U112/><E112/><V39/><F39/><W56/><G114/><T135/><D135/><U72/><E72/><V16/><F7/><W130/><G130/><T86/><D125/><U100/><E126/><V87/><F55/><W33/><G103/><N who="2" m="39433" /><F93/><W131/><G46/><T40/><D98/><U35/><E95/><V88/><F19/><W132/><G26/><T23/><D40/><U38/><E35/><V96/><F96/><W104/><G131/><T3/><D3/><U79/><E38/><V34/><F34/><W20/><G104/><T90/><D70/><U68/><E68/><V106/><F106/><W45/><G45/><T77/><D77/><U76/><E79/><V108/><F108/><W21/><G32/><T8/><D30/><U129/><E129/><V117/><F117/><W74/><G74/><T127/><D127/><U99/><E99/><V128/><F128/><W69/><G33/><T122/><D122/><U43/><E51/><V80/><F83/><W121/><G121/><T67/><D67/><N who="1" m="39343" /><E62/><V124/><F124/><W73/><G73/><T107/><D107/><U81/><E81/><V10/><AGARI ba="1,2" hai="10,15,16,24,25,44,50,54,80,87,88" m="39433" machi="10" ten="30,7900,0" yaku="25,1,8,1,54,2" doraHai="111" who="2" fromWho="2" sc="235,-21,271,-40,219,102,255,-21" /><INIT seed="2,0,0,1,3,3" ten="214,231,321,234" oya="2" hai0="57,134,20,36,44,118,40,35,37,127,56,107,17" hai1="79,121,125,69,73,97,70,32,52,123,4,27,77" hai2="108,30,23,46,128,59,120,60,12,24,111,109,132" hai3="6,33,101,15,31,66,85,115,112,75,13,1,92"/><V86/><F120/><W19/><G75/><T39/><D35/><U129/><E32/><V18/><F132/><W130/><G66/><T61/><D107/><U28/><E97/><V7/><F128/><W87/><G101/><T25/><D134/><U67/><E129/><V88/><F46/><W11/><G130/><T34/><D127/><U45/><E125/><V91/><F86/><W53/><G53/><T62/><D118/><U50/><E73/><V80/><F80/><W98/><G98/><T131/><D131/><U47/><E47/><V0/><F0/><W95/><G85/><T9/><D34/><N who="1" m="20767" /><E67/><N who="2" m="39327" /><F7/><W122/><G87/><T83/><D83/><U94/><E4/><V43/><F43/><W104/><G104/><T29/><D57/><U96/><E69/><V76/><F76/><W100/><G100/><T8/><D62/><U117/><E70/><V64/><F64/><W113/><G122/><N who="1" m="46602" /><E117/><V65/><F65/><W68/><G68/><T41/><D41/><U63/><E63/><V78/><F78/><W126/><G126/><T93/><D93/><U90/><AGARI ba="0,0" hai="45,50,52,77,79,90,94,96" m="46602,20767" machi="90" ten="30,2000,0" yaku="13,1,54,1" doraHai="3" who="1" fromWho="1" sc="214,-5,231,20,321,-10,234,-5" /><INIT seed="3,0,0,4,5,38" ten="209,251,311,229" oya="3" hai0="25,75,109,11,27,92,50,132,19,135,26,66,97" hai1="126,40,81,57,3,84,69,43,14,49,52,10,68" hai2="31,94,53,100,115,12,87,111,106,33,13,116,59" hai3="89,51,120,16,130,118,127,125,82,5,37,71,62"/><W103/><G118/><T134/><D109/><U123/><E123/><V101/><F115/><W36/><G120/><T8/><D75/><U83/><E3/><V117/><F111/><W107/><G5/><T30/><D30/><U95/><E69/><V114/><F114/><W104/><G130/><T22/><D66/><U47/><E68/><V131/><F131/><W44/><G82/><N who="1" m="31242" /><E126/><N who="3" m="48138" /><G89/><T29/><D50/><N who="1" m="30871" /><E95/><V119/><F101/><W105/><G103/><T63/><D63/><U88/><E84/><V35/><F100/><W15/><G62/><T110/><D110/><U98/><E98/><V21/><F117/><W78/><G78/><T96/><D96/><U102/><E102/><V56/><F116/><W28/><G28/><T39/><D39/><U18/><E88/><V61/><F94/><W48/><G71/><T108/><D108/><U76/><E76/><V9/><F106/><W70/><G51/><T64/><D64/><U133/><E133/><V124/><F124/><W113/><G70/><T24/><REACH who="0" step="1"/><D29/><REACH who="0" ten="199,251,311,229" step="2"/><U79/><E79/><V54/><F31/><W60/><G60/><T7/><D7/><U46/><E49/><N who="2" m="30767" /><F119/><W112/><G36/><T4/><D4/><U99/><E99/><V67/><F67/><W65/><G65/><T0/><D0/><U41/><AGARI ba="0,1" hai="10,14,18,40,41,43,46,47" m="30871,31242" machi="41" ten="30,8000,1" yaku="8,1,52,3,54,1" doraHai="38" who="1" fromWho="1" sc="199,-20,251,90,311,-20,229,-40" /><INIT seed="4,0,0,3,4,120" ten="179,341,291,189" oya="0" hai0="32,121,106,102,89,18,41,66,22,98,44,110,2" hai1="82,68,54,123,103,35,114,31,4,3,126,91,124" hai2="65,17,104,62,122,6,79,85,29,14,86,101,61" hai3="109,135,53,107,111,49,83,74,116,71,108,129,128"/><T80/><D121/><U88/><E123/><V8/><F122/><W63/><G107/><T67/><D32/><U77/><E68/><V94/><F104/><W115/><G74/><T64/><D2/><U5/><E103/><V7/><F29/><W10/><G10/><T24/><D89/><N who="1" m="34379" /><E114/><V46/><F46/><W100/><G100/><T133/><D133/><U20/><E3/><V95/><F65/><N who="3" m="41407" /><G83/><T72/><D80/><U27/><E54/><V16/><F101/><W113/><G116/><T84/><D84/><N who="1" m="48207" /><E35/><V12/><REACH who="2" step="1"/><F8/><REACH who="2" ten="179,341,281,189" step="2"/><W43/><G135/><T96/><D72/><U105/><E105/><V39/><F39/><W92/><G92/><T55/><D55/><U37/><E37/><V40/><F40/><W127/><G43/><T33/><D33/><U60/><E126/><V19/><F19/><W69/><G127/><T73/><D73/><U93/><E124/><V57/><F57/><N who="3" m="32943" /><G69/><T125/><D125/><U45/><E93/><V11/><F11/><W28/><G28/><T112/><D112/><AGARI ba="0,1" hai="108,109,111,112,113,115,128,129" m="32943,41407" machi="112" ten="40,12000,2" yaku="15,1,34,2,52,3" doraHai="120" who="3" fromWho="0" sc="179,-120,341,0,281,0,189,130" /><INIT seed="5,0,0,3,3,117" ten="59,341,281,319" oya="1" hai0="71,54,122,105,11,91,48,69,94,92,16,62,31" hai1="108,22,3,77,119,53,75,35,135,6,29,96,88" hai2="125,129,80,118,0,55,121,17,52,34,14,133,111" hai3="76,110,12,104,134,90,19,128,114,93,23,95,67"/><U24/><E119/><V127/><F118/><W79/><G110/><T36/><D105/><U9/><E108/><V132/><F111/><W46/><G104/><T66/><D36/><U15/><E135/><N who="2" m="51787" /><F0/><W84/><G134/><T70/><D94/><U42/><E42/><V33/><F80/><W2/><G2/><T1/><D31/><U103/><E75/><V115/><F115/><W86/><G114/><T8/><D1/><U102/><E77/><V45/><F121/><W39/><G128/><T50/><D50/><U107/><E103/><V59/><F45/><W20/><G67/><T43/><D43/><U32/><E3/><V112/><F112/><W68/><G68/><T109/><D109/><U78/><E78/><V65/><F65/><W57/><G57/><T131/><D11/><U58/><REACH who="1" step="1"/><E88/><REACH who="1" ten="59,331,281,319" step="2"/><V85/><F85/><W113/><G113/><T28/><D91/><U81/><E81/><V126/><F129/><W18/><G90/><T124/><D131/><U116/><E116/><V40/><F40/><W51/><G76/><T5/><D92/><U98/><E98/><V41/><F41/><W38/><G79/><T7/><D122/><U37/><E37/><V120/><F120/><W82/><G82/><T63/><D71/><U83/><E83/><V123/><F123/><W30/><G38/><T25/><D70/><U130/><E130/><V72/><F72/><W106/><G39/><T99/><D99/><U100/><E100/><V47/><F127/><W61/><G84/><T101/><D124/><U13/><E13/><V89/><F126/><W4/><G86/><RYUUKYOKU ba="0,1" sc="59,-10,331,30,281,-10,319,-10" hai1="6,9,15,22,24,29,32,35,53,58,96,102,107" /><INIT seed="5,1,1,4,2,67" ten="49,361,271,309" oya="1" hai0="22,60,111,21,116,11,98,26,34,41,70,73,75" hai1="30,20,79,77,52,76,59,91,132,109,80,74,9" hai2="99,13,27,44,38,0,19,90,4,121,45,39,49" hai3="33,89,10,7,24,95,93,17,1,82,56,115,112"/><U15/><E132/><V106/><F121/><W5/><G5/><T57/><D116/><U123/><E123/><V126/><F126/><W97/><G82/><T113/><D111/><U66/><E109/><V96/><F27/><W16/><G56/><T35/><D113/><N who="3" m="43593" /><G93/><T88/><D41/><U131/><E131/><V114/><F114/><W65/><G65/><T42/><D42/><U47/><E66/><V81/><F4/><W122/><G122/><T18/><D11/><U29/><E47/><V103/><F0/><W61/><G61/><T62/><D22/><U130/><E20/><V128/><F128/><W58/><G58/><T129/><D129/><U54/><E74/><V40/><F44/><W118/><G118/><T120/><D120/><U32/><E32/><V117/><F117/><W85/><G97/><T55/><D62/><N who="1" m="36199" /><E54/><V36/><F81/><W50/><G50/><T108/><D108/><U69/><E130/><V105/><F49/><W87/><G87/><T94/><REACH who="0" step="1"/><D70/><REACH who="0" ten="39,361,271,309" step="2"/><U101/><E69/><V100/><F36/><W6/><G6/><T51/><D51/><U125/><E9/><V86/><F38/><W8/><G10/><T2/><D2/><U63/><E63/><V3/><F3/><W31/><AGARI ba="1,2" hai="1,7,8,16,17,24,31,33,85,89,95" m="43593" machi="31" ten="30,2000,0" yaku="15,1,54,1" doraHai="67" who="3" fromWho="3" sc="39,-6,361,-11,271,-6,309,43" /><INIT seed="6,0,0,1,5,115" ten="33,350,265,352" oya="2" hai0="134,113,108,122,63,127,14,5,77,69,123,7,120" hai1="133,44,31,118,92,10,84,23,71,41,80,70,128" hai2="22,72,4,112,37,16,26,19,94,40,105,79,52" hai3="45,18,100,97,42,111,98,38,74,131,95,78,88"/><V135/><F105/><W132/><G132/><T21/><D77/><U89/><E133/><V35/><F135/><W15/><G131/><T49/><D49/><U30/><E128/><V57/><F112/><W64/><G111/><T102/><D102/><U117/><E10/><V90/><F35/><W65/><G78/><T34/><D63/><U68/><E80/><V48/><F79/><W130/><G74/><T20/><D134/><U51/><REACH who="1" step="1"/><E23/><REACH who="1" ten="33,340,265,352" step="2"/><V11/><F72/><W55/><G130/><T125/><D69/><U119/><AGARI ba="0,1" hai="30,31,41,44,51,68,70,71,84,89,92,117,118,119" machi="119" ten="40,16000,3" yaku="1,1,2,1,0,1,52,3,53,3" doraHai="115" doraHaiUra="67" who="1" fromWho="1" sc="33,-40,340,170,265,-80,352,-40" owari="-7,-51.0,510,61.0,185,-21.0,312,11.0" /></mjloggm>