<mjloggm ver="2.3"><GO type="169" lobby="0"/><UN n0="%E3%82%8F%E3%81%A3%E3%81%97%E3%82%87%E3%81%84%E5%90%9B%32%E5%8F%B7" n1="%E3%83%AA%E3%83%92%E3%83%A3" n2="%E3%81%BF%E3%81%A3%E3%81%8D%E3%83%BC" n3="%E7%94%B0%E6%89%80%E3%81%8D%E3%82%89%E3%81%84" dan="16,16,17,17" rate="2142.33,2077.39,2212.02,2133.60" sx="M,M,M,F"/><TAIKYOKU oya="0"/><INIT seed="0,0,0,3,5,34" ten="250,250,250,250" oya="0" hai0="119,22,103,120,110,56,6,88,33,3,107,87,29" hai1="105,101,20,131,16,71,133,126,18,70,83,75,41" hai2="74,114,108,51,4,60,85,13,55,80,39,79,43" hai3="19,121,50,68,129,116,72,128,0,98,12,58,1"/><T109/><D120/><U92/><E131/><N who="3" m="50250" /><G68/><T42/><D119/><U91/><E133/><V69/><F114/><W67/><G72/><T52/><D33/><U46/><E126/><V40/><F108/><N who="0" m="41578" /><D42/><U54/><E54/><V48/><F39/><W36/><G36/><T95/><D29/><U117/><E18/><V28/><F28/><W38/><G38/><T122/><D122/><U11/><E11/><N who="2" m="4327" /><F74/><W31/><G31/><T125/><D125/><U65/><E65/><V63/><F69/><W44/><G98/><N who="0" m="61943" /><D22/><U86/><E117/><V2/><F2/><N who="3" m="1131" /><G121/><T84/><D3/><U99/><E75/><V37/><F37/><W24/><G24/><T93/><D6/><U78/><E71/><V62/><F55/><N who="3" m="30151" /><G116/><T134/><D134/><U104/><E70/><V30/><F30/><W17/><G12/><T130/><D130/><U15/><E101/><V35/><F35/><W59/><G59/><T81/><D87/><U61/><E86/><V97/><F97/><W90/><G90/><T25/><D25/><U21/><E91/><V100/><F100/><W127/><G127/><T9/><D9/><U124/><E99/><V45/><F45/><W64/><G58/><T26/><D26/><U77/><E124/><V106/><F106/><W89/><G89/><T49/><AGARI ba="0,0" hai="49,52,56,81,84,88,93,95" m="61943,41578" machi="49" ten="30,11700,0" yaku="14,1,10,1,54,2" doraHai="34" who="0" fromWho="0" sc="250,117,250,-39,250,-39,250,-39" /><INIT seed="0,1,0,2,0,18" ten="367,211,211,211" oya="0" hai0="130,46,99,66,124,132,58,47,82,44,21,10,112" hai1="96,14,32,81,64,133,5,106,48,83,74,3,33" hai2="13,76,104,62,94,129,67,77,86,51,118,37,40" hai3="17,80,65,60,15,116,41,90,93,4,70,55,88"/><T127/><D112/><U72/><E3/><V98/><F37/><W114/><G114/><T69/><D10/><U54/><E64/><V16/><F104/><W123/><G41/><T8/><D8/><U52/><E14/><V89/><F129/><W135/><G135/><T34/><D34/><U73/><E5/><V53/><F40/><W59/><G4/><T85/><D85/><U26/><BYE who="0" /><E133/><V128/><F118/><W131/><G131/><UN n0="%E3%82%8F%E3%81%A3%E3%81%97%E3%82%87%E3%81%84%E5%90%9B%32%E5%8F%B7" /><T30/><D82/><U105/><E96/><V71/><F98/><W36/><G36/><T110/><D130/><U108/><E108/><V45/><REACH who="2" step="1"/><F128/><REACH who="2" ten="367,211,201,211" step="2"/><W111/><G116/><T95/><D132/><U120/><E106/><V6/><F6/><W25/><G111/><T101/><D110/><U39/><E105/><V2/><F2/><W79/><G123/><T28/><D124/><U31/><E39/><V97/><F97/><W117/><G117/><T63/><D127/><U119/><E119/><V29/><F29/><W92/><G90/><T7/><D7/><U23/><E120/><V19/><F19/><W61/><G88/><T91/><D91/><U24/><E33/><V78/><F78/><W87/><REACH who="3" step="1"/><G25/><REACH who="3" ten="367,211,201,201" step="2"/><T27/><D30/><U122/><E122/><V121/><F121/><W107/><G107/><T56/><AGARI ba="1,2" hai="21,27,28,44,46,47,56,58,63,66,69,95,99,101" machi="56" ten="30,3000,0" yaku="0,1,52,1" doraHai="18" who="0" fromWho="0" sc="367,53,211,-11,201,-11,201,-11" /><INIT seed="0,2,0,0,1,106" ten="420,200,190,190" oya="0" hai0="16,86,36,56,116,96,99,24,46,77,133,19,29" hai1="5,108,121,6,82,47,59,88,84,76,57,112,87" hai2="115,1,74,39,131,71,55,111,9,80,127,72,83" hai3="14,3,103,25,42,35,110,62,10,101,75,22,65"/><T91/><D116/><U48/><E108/><V23/><F115/><W130/><G3/><T68/><D68/><U79/><E121/><V98/><F71/><W51/><G35/><T21/><D133/><U8/><E112/><V53/><F39/><W58/><G130/><T26/><D77/><U41/><E79/><V49/><F98/><W50/><G75/><N who="2" m="28713" /><F23/><W117/><G117/><T118/><D118/><U120/><E120/><V125/><F111/><W90/><G90/><T78/><D78/><U102/><E102/><V7/><F55/><W124/><G124/><N who="2" m="47689" /><F131/><W97/><G110/><T32/><D99/><U52/><E41/><V13/><F1/><W92/><G101/><T70/><D96/><U12/><REACH who="1" step="1"/><E6/><REACH who="1" ten="420,190,190,190" step="2"/><V113/><F113/><W64/><G42/><T109/><D109/><U89/><E89/><V40/><F40/><W95/><G103/><T63/><D91/><U85/><E85/><V73/><F73/><W34/><G97/><T38/><D86/><U81/><AGARI ba="2,1" hai="5,8,12,47,48,52,57,59,76,81,82,84,87,88" machi="81" ten="20,12000,2" yaku="1,1,0,1,7,1,8,1,54,2,53,0" doraHai="106" doraHaiUra="60" who="1" fromWho="1" sc="420,-62,190,136,190,-32,190,-32" /><INIT seed="1,0,0,4,2,128" ten="358,326,158,158" oya="1" hai0="92,99,122,123,95,21,108,100,0,67,78,84,25" hai1="23,68,8,56,65,131,124,30,3,127,38,102,130" hai2="88,75,90,1,94,60,134,29,15,34,39,63,69" hai3="80,133,4,54,119,40,71,10,116,37,132,66,111"/><U24/><E38/><V89/><F1/><W98/><G54/><T96/><D0/><U47/><E68/><V120/><F120/><N who="0" m="46122" /><D67/><U72/><E47/><V107/><F107/><W121/><G121/><T43/><D43/><U31/><E72/><V117/><F117/><N who="3" m="45131" /><G98/><T79/><D108/><U74/><E74/><V97/><F75/><W17/><G17/><N who="0" m="12463" /><D84/><U82/><E102/><AGARI ba="0,0" hai="78,79,92,95,96,99,100,102" m="12463,46122" machi="102" ten="30,1000,0" yaku="13,1" doraHai="128" who="0" fromWho="1" sc="358,10,326,-10,158,0,158,0" /><INIT seed="2,0,0,0,5,113" ten="368,316,158,158" oya="2" hai0="104,35,74,102,65,12,21,95,73,52,105,77,93" hai1="25,101,97,81,131,29,49,45,76,109,30,40,60" hai2="9,0,39,107,4,79,64,38,11,132,117,127,87" hai3="89,17,28,133,90,16,115,58,53,31,96,85,123"/><V130/><F107/><W99/><G123/><T66/><D35/><U22/><E109/><V129/><F64/><W116/><G116/><T125/><D21/><U24/><E131/><N who="2" m="50187" /><F127/><W7/><G7/><T10/><D125/><U44/><E60/><V20/><F20/><W33/><G33/><T27/><D27/><U48/><E81/><N who="2" m="47551" /><F132/><W82/><G115/><T14/><D77/><U56/><E76/><V106/><F106/><W51/><G133/><T5/><D104/><U75/><E75/><V118/><F11/><W23/><G17/><T18/><D105/><U100/><E97/><N who="3" m="37450" /><G89/><T108/><D18/><U128/><E56/><V36/><AGARI ba="0,0" hai="0,4,9,36,38,39,117,118" m="47551,50187" machi="36" ten="40,7800,0" yaku="19,1,52,2" doraHai="113" who="2" fromWho="2" sc="368,-26,316,-26,158,78,158,-26" /><INIT seed="2,1,0,4,4,103" ten="342,290,236,132" oya="2" hai0="94,70,91,125,68,25,90,108,82,111,55,117,23" hai1="60,61,12,51,5,26,135,115,58,133,18,74,85" hai2="95,2,1,77,106,98,43,22,92,83,124,17,102" hai3="79,78,100,47,64,52,4,37,128,15,112,33,123"/><V14/><F124/><W99/><G123/><T54/><D125/><U126/><E74/><V53/><F43/><W67/><G128/><T19/><D117/><U122/><E115/><V36/><F36/><W45/><G33/><T27/><D82/><U40/><E122/><V105/><F92/><W6/><G112/><T41/><D41/><U73/><E73/><V66/><F66/><W44/><G37/><T121/><D121/><U119/><E5/><V29/><F29/><W101/><G52/><N who="0" m="20011" /><D27/><U72/><E26/><V31/><F31/><W104/><G100/><T62/><D62/><U88/><E61/><V35/><F35/><W7/><REACH who="3" step="1"/><G15/><REACH who="3" ten="342,290,236,122" step="2"/><T46/><D46/><U120/><E12/><V65/><F65/><AGARI ba="1,1" hai="4,6,7,44,45,47,64,65,67,78,79,99,101,104" machi="65" ten="40,5200,0" yaku="1,1,2,1,52,1,53,0" doraHai="103" doraHaiUra="81" who="3" fromWho="2" sc="342,0,290,0,236,-55,122,65" /><INIT seed="3,0,0,4,5,72" ten="342,290,181,187" oya="3" hai0="66,21,47,117,8,52,31,125,127,88,77,9,39" hai1="93,91,27,95,44,53,45,16,80,15,7,19,110" hai2="108,90,14,38,48,114,0,82,123,96,94,113,129" hai3="6,122,120,17,135,133,2,104,22,71,124,63,59"/><W67/><G104/><T103/><D117/><U84/><E110/><V25/><F0/><W119/><G119/><T109/><D109/><U57/><E7/><V35/><F108/><W40/><G6/><T131/><D131/><U32/><E32/><V121/><F38/><W134/><G2/><T98/><D66/><U99/><E27/><V132/><F14/><W49/><G124/><N who="0" m="47691" /><D31/><U76/><E95/><V89/><F48/><W62/><G49/><N who="0" m="28735" /><D39/><U73/><E73/><V105/><F25/><N who="3" m="14543" /><G40/><T1/><D1/><U3/><E3/><V51/><F35/><W97/><G97/><T58/><D21/><N who="1" m="11423" /><E19/><V85/><F51/><AGARI ba="0,0" hai="44,45,51,53,57,76,80,84,91,93,99" m="11423" machi="51" ten="30,3900,0" yaku="8,1,52,1,54,1" doraHai="72" who="1" fromWho="2" sc="342,0,290,39,181,-39,187,0" /><INIT seed="4,0,0,0,2,19" ten="342,329,142,187" oya="0" hai0="14,117,74,54,120,48,26,83,96,98,130,81,64" hai1="106,59,90,118,11,122,66,123,20,49,47,113,101" hai2="104,17,4,127,131,88,42,35,135,126,50,12,102" hai3="82,125,23,7,91,134,77,71,93,95,114,31,41"/><T16/><D120/><U3/><E118/><V1/><F35/><W79/><G71/><T38/><D117/><U21/><E106/><V70/><F70/><W6/><G125/><N who="2" m="47625" /><F102/><W63/><G134/><T85/><D38/><U10/><E101/><V34/><F104/><W110/><G110/><T27/><D130/><U15/><E3/><V108/><F34/><W8/><G41/><T105/><D64/><U33/><E33/><V68/><F68/><W80/><G63/><T58/><D74/><U52/><E113/><V24/><F24/><N who="0" m="9258" /><D105/><U2/><E11/><N who="2" m="2447" /><F108/><W25/><G114/><T44/><D58/><U69/><E2/><V22/><F135/><W30/><G8/><N who="0" m="6215" /><D81/><N who="3" m="31337" /><G31/><T61/><D61/><N who="1" m="38207" /><E69/><V121/><F121/><W109/><G93/><T28/><D28/><U32/><E32/><V13/><F131/><W67/><G67/><T57/><D57/><U86/><E123/><V115/><F12/><W73/><G73/><T0/><D0/><U124/><E122/><V65/><F65/><W45/><G45/><T40/><D40/><U94/><E124/><V43/><F115/><W112/><G112/><T87/><D83/><U46/><E46/><N who="2" m="25943" /><F43/><W100/><G109/><T97/><AGARI ba="0,0" hai="44,48,54,85,87,96,97,98" m="6215,9258" machi="97" ten="30,3000,0" yaku="8,1,54,1" doraHai="19" who="0" fromWho="0" sc="342,30,329,-10,142,-10,187,-10" /><INIT seed="4,1,0,0,1,124" ten="372,319,132,177" oya="0" hai0="8,82,131,83,15,59,79,51,18,17,1,45,115" hai1="67,113,76,78,104,111,53,91,127,98,46,48,130" hai2="7,77,30,70,34,81,125,66,105,2,116,103,65" hai3="92,108,89,126,16,63,107,28,36,133,69,84,134"/><T23/><D115/><U73/><E111/><V58/><F58/><W86/><G107/><T96/><D1/><U14/><E127/><V6/><F125/><W57/><G69/><T26/><D131/><U110/><E110/><V87/><F65/><W47/><G28/><T97/><D59/><U35/><E130/><V101/><F101/><W120/><G120/><T0/><D0/><U12/><E35/><V129/><F129/><W20/><G108/><T40/><REACH who="0" step="1"/><D83/><REACH who="0" ten="362,319,132,177" step="2"/><U106/><E113/><V72/><F2/><W88/><G126/><T71/><D71/><U128/><E128/><V37/><F70/><W60/><G57/><T42/><D42/><U62/><E67/><V90/><F66/><W5/><G133/><T68/><D68/><U122/><E122/><V109/><F109/><W121/><G134/><T93/><D93/><U32/><E106/><V56/><F56/><W50/><G121/><T24/><D24/><U13/><E104/><V31/><F105/><W119/><G119/><T64/><D64/><U21/><E62/><V135/><F116/><W99/><G63/><T123/><D123/><U132/><E132/><V118/><F135/><W3/><G60/><T75/><AGARI ba="1,1" hai="8,15,17,18,23,26,40,45,51,75,79,82,96,97" machi="75" ten="20,3900,0" yaku="1,1,0,1,7,1,53,0" doraHai="124" doraHaiUra="52" who="0" fromWho="0" sc="362,52,319,-14,132,-14,177,-14" /><INIT seed="4,2,0,5,4,14" ten="414,305,118,163" oya="0" hai0="2,4,104,122,11,114,36,88,79,118,87,5,29" hai1="95,81,77,56,117,101,16,131,83,62,89,66,10" hai2="135,6,109,58,13,100,113,0,28,90,3,128,30" hai3="26,121,64,76,47,71,60,49,21,48,130,54,50"/><T12/><D122/><U106/><E117/><V115/><F100/><W18/><G130/><T65/><D118/><U23/><E131/><V67/><F128/><W99/><G121/><T108/><D104/><U37/><E37/><V111/><F90/><W35/><G76/><T44/><D79/><U57/><E10/><N who="2" m="4311" /><F67/><W73/><G73/><T69/><D29/><N who="2" m="11370" /><F58/><W74/><G74/><T112/><D65/><U19/><E23/><V80/><F80/><N who="1" m="30793" /><E77/><V105/><F105/><W38/><G35/><T72/><D69/><U33/><E33/><V134/><F0/><W9/><G38/><T61/><D72/><U8/><E106/><V7/><F7/><W98/><G98/><T97/><D4/><U51/><E101/><V31/><N who="2" m="11378" /><V27/><DORA hai="82" /><F27/><W40/><G99/><T103/><D97/><N who="1" m="57583" /><E57/><V52/><F3/><W132/><G132/><N who="2" m="50729" /><F52/><W125/><G54/><T45/><D2/><U32/><E66/><V42/><F42/><W1/><G1/><T127/><D5/><U53/><E53/><V86/><F86/><W93/><G40/><T39/><D103/><U63/><E56/><V126/><F126/><W59/><G59/><T78/><D127/><U25/><E25/><V24/><F24/><W116/><G125/><T75/><D75/><U124/><E124/><V41/><F41/><W119/><G119/><T123/><D87/><U107/><E107/><V22/><F22/><W92/><G116/><T120/><D120/><U17/><E63/><V102/><F102/><W15/><G47/><T94/><D123/><U55/><E55/><V46/><F46/><RYUUKYOKU ba="2,0" sc="414,-15,305,-15,118,15,163,15" hai2="109,111,113,115" hai3="9,15,18,21,26,48,49,50,60,64,71,92,93" /><INIT seed="5,3,0,0,1,111" ten="399,290,133,178" oya="1" hai0="14,2,19,40,133,119,118,34,116,77,8,135,81" hai1="99,62,134,56,88,96,39,51,30,45,46,31,86" hai2="108,70,72,85,59,128,47,69,32,38,74,58,18" hai3="80,54,114,112,28,5,79,98,68,93,7,105,132"/><U73/><E134/><N who="0" m="51209" /><D34/><U57/><E73/><V76/><F108/><W90/><G68/><T102/><D102/><U33/><E39/><V113/><F32/><W22/><G105/><T125/><D40/><U35/><E62/><V131/><F85/><W124/><G124/><T23/><D125/><U60/><E60/><V121/><F121/><W103/><G90/><T12/><D2/><U43/><E51/><V1/><F1/><W10/><G54/><T107/><D107/><U92/><E86/><V130/><F18/><W91/><G91/><T21/><D14/><U115/><E88/><V9/><F9/><W37/><G37/><T48/><D48/><U100/><E43/><N who="2" m="23031" /><F113/><N who="3" m="43627" /><G132/><T104/><D104/><U61/><E115/><V16/><F76/><W15/><G28/><T42/><D42/><U50/><E30/><V13/><F69/><W106/><G22/><T67/><D67/><U49/><E31/><V129/><F70/><W17/><G106/><T64/><D64/><U29/><E29/><V87/><F129/><W71/><G71/><T122/><D122/><U75/><E33/><V97/><F130/><W101/><G103/><T27/><D23/><U11/><E100/><V84/><F131/><W65/><G65/><T44/><D118/><U63/><E35/><V110/><F128/><W3/><G3/><T0/><D0/><U24/><E11/><N who="2" m="6207" /><F110/><W94/><G94/><T120/><D120/><U41/><E92/><V6/><F97/><W109/><G109/><T26/><D116/><U53/><E53/><V78/><F78/><W25/><G25/><T89/><D119/><RYUUKYOKU ba="3,0" sc="399,-10,290,-10,133,-10,178,30" hai3="5,7,10,15,17,79,80,93,98,101" /><INIT seed="6,4,0,2,1,64" ten="389,280,123,208" oya="2" hai0="87,46,131,54,128,26,103,2,73,118,20,61,98" hai1="14,100,92,38,63,1,24,107,105,116,30,120,11" hai2="78,96,35,33,57,119,97,77,75,12,99,13,36" hai3="101,37,39,5,62,44,17,127,95,68,70,82,122"/><V93/><F119/><W27/><G62/><T48/><D73/><U129/><E38/><V130/><F93/><W4/><G122/><T133/><D2/><U84/><E1/><V34/><F36/><W15/><G39/><T25/><D118/><U67/><E129/><N who="0" m="49737" /><D133/><U52/><E120/><V81/><F130/><W125/><G82/><T121/><D121/><U112/><E112/><V117/><F117/><W21/><G101/><T65/><D87/><U10/><E10/><V90/><F57/><W110/><G95/><N who="0" m="58847" /><D20/><U83/><E24/><V104/><F90/><W40/><G110/><T72/><D72/><U22/><E30/><V53/><F104/><W58/><G58/><AGARI ba="4,0" hai="25,26,46,48,54,58,61,65" m="58847,49737" machi="58" ten="30,1000,0" yaku="19,1" doraHai="64" who="0" fromWho="3" sc="389,22,280,0,123,0,208,-22" /><INIT seed="7,0,0,0,0,40" ten="411,280,123,186" oya="3" hai0="108,80,11,3,106,60,25,28,101,45,62,7,64" hai1="47,51,133,61,36,20,105,134,114,37,78,88,6" hai2="56,53,100,34,17,89,135,46,90,29,117,10,112" hai3="18,16,49,121,55,12,58,122,79,77,32,41,63"/><W57/><G32/><T14/><D108/><U81/><E105/><V22/><F117/><W66/><G18/><T82/><D45/><U9/><E114/><V35/><F112/><W67/><G67/><T118/><D60/><U23/><E61/><V52/><F135/><W0/><G0/><T30/><D30/><U99/><E23/><V107/><F34/><W8/><G121/><T73/><D73/><U132/><E20/><V4/><F107/><W123/><G122/><T109/><D109/><U72/><E88/><N who="2" m="33899" /><F35/><W71/><G71/><T59/><D3/><N who="1" m="223" /><E99/><V5/><F100/><W27/><G27/><T84/><D118/><U120/><E120/><V15/><F29/><W103/><G103/><T116/><D116/><U33/><E33/><V128/><F128/><W96/><G96/><T68/><D59/><U127/><E127/><V74/><F74/><W69/><G69/><T39/><D39/><U111/><E111/><V115/><F115/><W21/><G21/><T124/><D124/><U48/><E48/><N who="2" m="28823" /><F22/><W126/><G126/><T24/><D28/><U86/><E72/><V70/><F70/><W19/><G123/><T26/><D84/><U113/><E113/><V129/><F129/><W75/><G75/><T85/><D85/><U98/><E98/><V38/><F38/><W44/><REACH who="3" step="1"/><G19/><REACH who="3" ten="411,280,123,176" step="2"/><T91/><D64/><U31/><E31/><V119/><F119/><W42/><G42/><AGARI ba="0,1" hai="36,37,42,47,51,78,81,86,132,133,134" m="223" machi="42" ten="30,2000,0" yaku="20,1,52,1" doraHai="40" who="1" fromWho="3" sc="411,0,280,30,123,0,176,-20" owari="411,51.0,310,11.0,123,-38.0,156,-24.0" /></mjloggm>