<mjloggm ver="2.3"><GO type="169" lobby="0"/><UN n0="%62%75%72%65%61%36" n1="%E3%83%AA%E3%83%92%E3%83%A3" n2="%61%6E%6C%75%6E" n3="%E3%81%BF%E3%81%A3%E3%81%8D%E3%83%BC" dan="16,16,16,17" rate="2157.26,2075.06,2124.97,2206.34" sx="M,M,M,M"/><TAIKYOKU oya="0"/><INIT seed="0,0,0,4,2,0" ten="250,250,250,250" oya="0" hai0="98,96,22,101,64,89,42,47,70,131,85,88,21" hai1="60,2,103,19,135,36,116,20,45,95,106,73,75" hai2="133,5,46,117,86,65,126,132,43,35,4,80,84" hai3="50,125,74,29,112,51,31,53,41,6,63,58,40"/><T15/><D131/><U111/><E116/><V68/><F35/><W57/><G112/><T44/><D70/><U18/><E106/><V110/><F117/><W14/><G74/><T127/><D64/><U108/><E2/><V83/><F110/><N who="1" m="42025" /><E60/><V122/><F122/><W54/><G125/><T55/><D127/><U1/><E1/><V115/><F126/><W27/><G63/><T90/><D85/><N who="2" m="32874" /><F115/><W128/><G128/><T72/><D72/><U17/><E135/><N who="2" m="51787" /><F65/><W109/><G109/><T87/><D87/><U94/><E20/><V91/><F68/><W10/><REACH who="3" step="1"/><G31/><REACH who="3" ten="250,250,250,240" step="2"/><T7/><D98/><N who="1" m="59863" /><E95/><V56/><F91/><W34/><AGARI ba="0,1" hai="6,10,14,27,29,34,40,41,50,51,53,54,57,58" machi="34" ten="20,8000,1" yaku="1,1,0,1,7,1,9,1,52,1,53,0" doraHai="0" doraHaiUra="129" who="3" fromWho="3" sc="250,-40,250,-20,250,-20,240,90" /><INIT seed="1,0,0,1,1,92" ten="210,230,230,330" oya="1" hai0="22,42,94,50,120,59,135,16,58,98,57,34,33" hai1="18,79,8,44,86,100,131,133,25,108,126,62,72" hai2="134,110,17,52,122,123,89,103,99,95,2,38,93" hai3="111,104,30,43,3,51,68,7,127,24,45,6,77"/><U112/><E112/><V63/><F38/><W91/><G68/><T102/><D135/><U54/><E133/><V115/><F134/><W121/><G121/><T101/><D120/><U106/><E131/><V124/><F2/><W55/><G77/><T71/><D71/><U132/><E132/><V118/><F118/><W90/><G111/><T88/><D42/><U96/><E126/><V73/><F73/><W14/><G3/><T19/><D50/><U130/><E130/><V97/><F124/><W29/><G104/><T75/><D75/><U85/><E108/><V5/><F110/><W48/><G127/><T117/><D117/><U82/><E44/><V31/><F5/><N who="3" m="1547" /><G14/><T40/><D40/><U21/><REACH who="1" step="1"/><E8/><REACH who="1" ten="210,220,230,330" step="2"/><V4/><F115/><W26/><G45/><T113/><D113/><U9/><E9/><V20/><F4/><W36/><G36/><T11/><D11/><U83/><E83/><V46/><F123/><W47/><G43/><T41/><D41/><U64/><E64/><V15/><F122/><W13/><G47/><T66/><D66/><U61/><E61/><V119/><F119/><W27/><G55/><T53/><D53/><U67/><E67/><V129/><F129/><W60/><G60/><T76/><D59/><AGARI ba="0,1" hai="18,21,25,54,59,62,72,79,82,85,86,96,100,106" machi="59" ten="40,3900,0" yaku="1,1,52,1,53,0" doraHai="92" doraHaiUra="35" who="1" fromWho="0" sc="210,-39,220,49,230,0,330,0" /><INIT seed="1,1,0,5,0,86" ten="171,269,230,330" oya="1" hai0="42,12,62,76,23,113,3,1,135,72,33,13,131" hai1="61,44,68,130,87,36,100,51,18,50,55,2,38" hai2="7,34,28,25,107,63,128,108,95,126,11,46,85" hai3="115,0,92,110,97,15,119,17,57,120,24,90,41"/><U48/><E2/><V121/><F121/><W134/><G120/><T39/><D113/><U6/><E6/><V29/><F107/><W75/><G115/><T22/><D72/><U43/><E100/><V105/><F105/><W20/><G0/><N who="0" m="75" /><D76/><U67/><E87/><V26/><F108/><W74/><G134/><T99/><D62/><N who="1" m="40055" /><E18/><V52/><F126/><W133/><G133/><T111/><D42/><U59/><E130/><V132/><F128/><W35/><G41/><T21/><D99/><U19/><E19/><V64/><F132/><W45/><G45/><T83/><D83/><U60/><E60/><V31/><F11/><W47/><G47/><T114/><D135/><U73/><E73/><V70/><F7/><W81/><G110/><T91/><D131/><U94/><E94/><V69/><F69/><W53/><G119/><T27/><D111/><U93/><E93/><V77/><F34/><W98/><G81/><T4/><D114/><U56/><E36/><V124/><F124/><W127/><G127/><T102/><D39/><U104/><E104/><V129/><F129/><W30/><REACH who="3" step="1"/><G97/><REACH who="3" ten="171,269,230,320" step="2"/><T79/><D13/><U116/><E116/><V118/><F118/><W40/><G40/><T84/><D12/><U37/><E37/><V78/><F26/><W49/><AGARI ba="1,1" hai="15,17,20,24,30,35,49,53,57,74,75,90,92,98" machi="49" ten="20,8000,1" yaku="1,1,0,1,7,1,52,1,53,1" doraHai="86" doraHaiUra="16" who="3" fromWho="3" sc="171,-21,269,-41,230,-21,320,93" /><INIT seed="2,0,0,5,4,69" ten="150,228,209,413" oya="2" hai0="119,56,92,132,15,43,90,68,62,131,86,134,112" hai1="115,13,73,100,71,129,89,67,18,39,87,85,75" hai2="76,105,1,22,20,72,63,126,55,98,99,7,60" hai3="16,48,9,64,19,28,21,5,93,10,14,54,81"/><V80/><F126/><W27/><G64/><T128/><D112/><U104/><E115/><V130/><F130/><N who="0" m="49706" /><D68/><U96/><E129/><V40/><F63/><W74/><G74/><T113/><D113/><U97/><E97/><V91/><F40/><W47/><G81/><T4/><D43/><U41/><E67/><V124/><F124/><W32/><G32/><T122/><D122/><U46/><E71/><V120/><F120/><W23/><G28/><T11/><D119/><U35/><E87/><V110/><F110/><W101/><G5/><T38/><D38/><U36/><E35/><V25/><F20/><W94/><G101/><T61/><D61/><U59/><E59/><V83/><F7/><W78/><G78/><T125/><D125/><U53/><E53/><AGARI ba="0,0" hai="4,11,15,53,56,62,86,90,92,132,134" m="49706" machi="53" ten="30,1000,0" yaku="19,1" doraHai="69" who="0" fromWho="1" sc="150,10,228,-10,209,0,413,0" /><INIT seed="3,0,0,5,2,135" ten="160,218,209,413" oya="3" hai0="59,72,33,28,121,10,58,76,94,21,130,24,86" hai1="134,6,126,98,34,48,117,119,29,27,50,40,64" hai2="92,123,70,2,118,69,132,79,115,17,95,35,46" hai3="96,128,52,100,36,31,63,103,44,83,30,51,112"/><W7/><G112/><T80/><D121/><U78/><E134/><V97/><F115/><W5/><G128/><T56/><D130/><U82/><E64/><V85/><F118/><N who="1" m="45065" /><E6/><N who="3" m="2058" /><G36/><T116/><D116/><U26/><E26/><V84/><F132/><W87/><G63/><T71/><D71/><U45/><E98/><V66/><F35/><W16/><G96/><T127/><D10/><U19/><E19/><V77/><F46/><W12/><G100/><T49/><D49/><N who="1" m="26791" /><E126/><V14/><F2/><W110/><G103/><T89/><REACH who="0" step="1"/><D33/><REACH who="0" ten="150,218,209,413" step="2"/><U3/><E3/><V113/><F123/><W104/><G110/><T54/><D54/><U37/><E37/><V125/><F113/><W13/><G52/><T122/><D122/><U20/><E34/><V91/><F66/><W18/><G51/><T68/><D68/><U8/><E8/><V107/><F70/><W131/><G131/><T108/><D108/><U114/><E114/><V53/><F53/><W88/><G31/><T1/><D1/><U15/><E15/><V133/><F69/><W75/><G30/><T61/><D61/><U57/><E57/><V101/><F133/><W0/><G12/><T109/><D109/><U55/><E55/><V25/><F14/><W60/><G13/><T93/><D93/><U22/><E22/><N who="2" m="13519" /><F95/><W47/><G0/><T120/><D120/><U129/><E129/><V73/><F92/><W67/><G67/><T105/><D105/><U9/><E9/><V39/><F107/><W99/><G104/><T41/><D41/><U4/><E4/><V74/><F39/><W43/><G43/><RYUUKYOKU ba="0,1" sc="150,15,218,15,209,-15,413,-15" hai0="21,24,28,56,58,59,72,76,80,86,89,94,127" hai1="20,27,29,48,50,78,82" /><INIT seed="4,1,1,5,1,98" ten="165,233,194,398" oya="0" hai0="55,18,47,12,115,40,31,85,21,30,103,29,130" hai1="72,81,125,20,88,116,9,91,61,128,129,15,86" hai2="69,112,79,74,44,56,33,96,84,68,28,65,43" hai3="132,49,0,38,34,5,19,54,32,50,60,67,8"/><T23/><D130/><N who="1" m="50283" /><E125/><V82/><F112/><W25/><G38/><T76/><D115/><U57/><E72/><V71/><F56/><W123/><G132/><T36/><D55/><N who="1" m="33983" /><E20/><V118/><F118/><W2/><G2/><T17/><D103/><U111/><E111/><V92/><F84/><W124/><G124/><T51/><D36/><U16/><E116/><V100/><F28/><W1/><G1/><T90/><D76/><AGARI ba="1,1" hai="9,15,16,76,81,86,88,91" m="33983,50283" machi="76" ten="30,3900,0" yaku="19,1,54,2" doraHai="98" who="1" fromWho="0" sc="165,-42,233,52,194,0,398,0" /><INIT seed="5,0,0,4,2,91" ten="123,285,194,398" oya="1" hai0="38,102,32,133,105,26,101,106,118,60,77,10,59" hai1="65,56,53,58,82,112,123,52,130,5,125,20,83" hai2="120,90,18,16,6,30,29,66,35,3,50,21,89" hai3="128,88,134,76,104,121,33,126,12,69,107,122,0"/><U39/><E123/><V96/><F120/><W79/><G0/><T19/><D133/><U70/><E5/><V4/><F66/><W116/><G33/><T45/><D118/><U1/><E1/><V78/><F78/><N who="3" m="29739" /><G69/><T11/><D77/><U25/><E39/><V87/><F35/><W68/><G12/><T72/><D72/><U37/><E37/><V17/><F3/><W24/><G24/><T110/><D110/><U135/><E112/><V51/><F21/><W31/><G31/><N who="2" m="11785" /><F96/><W64/><G126/><T85/><D32/><U71/><E135/><V67/><F67/><W75/><G128/><T63/><D26/><U36/><E36/><V41/><F41/><W62/><G75/><T98/><D38/><U81/><E125/><V84/><F90/><W94/><G134/><T40/><D40/><U44/><E65/><V80/><F87/><N who="3" m="52511" /><G104/><T117/><D106/><U57/><E130/><V54/><F54/><W22/><G107/><T129/><D105/><U7/><E71/><V108/><F108/><W23/><G116/><T55/><D117/><U127/><E70/><V48/><AGARI ba="0,0" hai="4,6,16,17,18,48,50,51,80,84,89" m="11785" machi="48" ten="40,2700,0" yaku="8,1,54,1" doraHai="91" who="2" fromWho="2" sc="123,-7,285,-13,194,27,398,-7" /><INIT seed="6,0,0,3,2,59" ten="116,272,221,391" oya="2" hai0="64,127,63,102,52,120,78,28,31,48,69,12,124" hai1="50,45,105,89,131,111,8,72,133,55,66,82,61" hai2="36,81,86,37,68,128,3,132,14,26,46,79,38" hai3="99,2,41,60,65,6,18,118,70,57,108,49,98"/><V104/><F104/><W129/><G108/><T56/><D120/><U101/><E111/><V51/><F3/><W91/><G118/><T7/><D78/><U25/><E133/><V134/><F128/><W39/><G6/><T96/><D7/><U21/><E131/><V13/><F68/><W87/><G2/><T80/><D80/><U24/><E105/><V44/><F26/><W88/><G39/><T109/><D12/><U130/><E101/><V29/><F29/><W1/><G1/><T47/><D109/><U43/><E8/><V92/><F46/><N who="3" m="25807" /><G70/><T62/><D96/><N who="3" m="36905" /><G129/><T5/><D5/><U125/><E125/><N who="0" m="48201" /><D102/><U93/><E130/><V27/><F27/><W113/><G113/><T83/><D83/><U9/><E25/><V35/><F35/><W71/><G71/><T75/><D75/><U114/><E114/><V17/><F92/><N who="3" m="54303" /><G91/><T135/><D135/><N who="2" m="51754" /><F17/><AGARI ba="0,0" hai="17,18,57,60,65" m="54303,36905,25807" machi="17" ten="30,3900,0" yaku="8,1,52,1,54,1" doraHai="59" who="3" fromWho="2" sc="116,0,272,0,221,-39,391,39" /><INIT seed="7,0,0,4,0,37" ten="116,272,182,430" oya="3" hai0="44,42,56,111,62,59,104,45,10,109,121,102,57" hai1="54,31,22,8,120,81,95,63,18,84,40,1,32" hai2="133,97,2,14,112,129,105,117,107,82,39,51,27" hai3="118,19,7,116,50,38,123,132,48,115,52,55,46"/><W43/><G19/><T36/><D104/><U87/><E40/><V28/><F117/><W113/><G7/><T122/><D102/><U30/><E87/><V131/><F2/><W0/><G0/><T17/><D10/><U73/><E95/><V72/><F39/><W58/><G132/><T96/><D96/><U103/><E103/><V77/><F133/><W108/><G123/><N who="0" m="47115" /><D17/><U85/><E84/><V20/><F14/><W75/><G75/><T127/><D127/><U99/><E73/><V3/><F3/><W29/><G29/><T41/><D62/><U119/><E63/><V5/><F5/><W76/><G108/><T100/><D100/><U6/><E30/><V92/><F107/><W98/><G98/><T110/><D110/><U35/><E99/><V60/><F105/><W124/><G52/><T80/><D80/><U11/><E54/><V79/><F82/><W64/><G48/><AGARI ba="0,0" hai="36,41,42,44,45,48,56,57,59,109,111" m="47115" machi="48" ten="30,7700,0" yaku="34,2,52,2" doraHai="37" who="0" fromWho="3" sc="116,77,272,0,182,0,430,-77" owari="193,-21.0,272,7.0,182,-32.0,353,46.0" /></mjloggm>