<mjloggm ver="2.3"><GO type="169" lobby="0"/><UN n0="%E5%8D%97%E5%B8%9D%E5%8D%97%E6%B5%A6" n1="%73%65%61%73%74%6F%72%79" n2="%E3%81%8D%E3%81%BF%E3%81%A9%E3%82%8A%E3%82%93" n3="%E3%81%8B%E3%81%8B%E3%81%8B%E3%81%8B" dan="16,16,17,16" rate="2083.11,2082.72,2173.24,2095.96" sx="F,M,F,M"/><TAIKYOKU oya="0"/><INIT seed="0,0,0,2,5,102" ten="250,250,250,250" oya="0" hai0="124,113,119,97,55,110,83,33,114,126,78,96,15" hai1="115,109,112,37,43,6,133,87,125,68,38,4,64" hai2="25,88,31,8,93,28,95,107,17,18,36,50,90" hai3="40,7,20,53,77,63,47,98,13,11,131,59,21"/><T75/><D33/><U61/><E133/><V46/><F36/><W39/><G131/><T121/><D15/><U116/><E116/><V67/><F107/><W48/><G77/><T106/><D55/><U132/><E132/><V69/><F69/><W123/><G123/><T118/><D121/><U70/><E125/><N who="0" m="48233" /><D110/><U108/><E87/><V86/><F67/><W129/><G129/><T49/><D49/><U101/><E101/><V105/><F105/><W82/><G82/><T85/><D85/><U1/><E1/><V2/><F2/><W111/><G111/><N who="1" m="42570" /><E70/><V14/><F18/><W135/><G135/><T41/><D97/><U26/><E26/><V22/><F31/><W104/><G104/><T45/><D45/><N who="1" m="23791" /><E38/><V9/><F9/><W23/><G98/><T81/><D41/><U52/><E6/><V29/><F29/><W80/><G80/><T117/><D83/><U30/><E4/><V99/><F46/><W51/><AGARI ba="0,0" hai="7,11,13,20,21,23,39,40,47,48,51,53,59,63" machi="51" ten="30,1100,0" yaku="0,1" doraHai="102" who="3" fromWho="3" sc="250,-5,250,-3,250,-3,250,11" /><INIT seed="1,0,0,2,0,105" ten="245,247,247,261" oya="1" hai0="117,8,28,65,72,55,62,130,69,19,58,29,42" hai1="107,123,76,98,5,80,79,70,41,87,43,15,45" hai2="63,6,27,126,78,71,104,33,12,22,124,3,103" hai3="23,116,95,48,26,40,110,133,102,96,1,17,109"/><U111/><E123/><V36/><F36/><W125/><G125/><N who="2" m="48233" /><F104/><W82/><G133/><T112/><D117/><U30/><E70/><V92/><F78/><W122/><G122/><T57/><D112/><U10/><E111/><N who="3" m="42506" /><G1/><T131/><D42/><U60/><E30/><V99/><F33/><W25/><G116/><T49/><D69/><U66/><E79/><V100/><F3/><W61/><G82/><T91/><D91/><U9/><E9/><N who="2" m="4151" /><F63/><W64/><G48/><T0/><D72/><U53/><E107/><V14/><F14/><N who="3" m="9655" /><G40/><T13/><REACH who="0" step="1"/><D0/><REACH who="0" ten="235,247,247,261" step="2"/><U86/><E41/><V129/><F71/><AGARI ba="0,1" hai="25,26,61,64,71,95,96,102" m="9655,42506" machi="71" ten="30,1000,0" yaku="14,1" doraHai="105" who="3" fromWho="2" sc="235,0,247,0,247,-10,261,20" /><INIT seed="2,0,0,3,0,130" ten="235,247,237,281" oya="2" hai0="133,125,66,81,96,120,68,11,30,33,64,79,26" hai1="40,127,50,129,31,122,103,83,58,105,73,19,72" hai2="87,59,57,37,28,32,17,4,12,65,23,94,111" hai3="1,25,29,102,51,90,18,45,123,101,80,108,114"/><V121/><F121/><W6/><G123/><T110/><D120/><U36/><E122/><RYUUKYOKU type="kaze4" ba="0,0" sc="235,0,247,0,237,0,281,0" /><INIT seed="2,1,0,4,2,112" ten="235,247,237,281" oya="2" hai0="104,81,52,93,27,125,79,14,92,107,8,42,31" hai1="69,71,41,64,0,57,7,84,4,45,56,15,80" hai2="49,98,19,28,97,66,94,110,43,87,40,88,120" hai3="135,103,114,127,25,123,133,35,2,134,109,61,130"/><V76/><F120/><W101/><G123/><T129/><D129/><U5/><E0/><V34/><F110/><W9/><G127/><T11/><D42/><U26/><E26/><V91/><F76/><W105/><G114/><T121/><D121/><U65/><E71/><V10/><F66/><W102/><G109/><T83/><D125/><U51/><E69/><V55/><F34/><W38/><G38/><T23/><D104/><U106/><E106/><V29/><F97/><W68/><G130/><T131/><D107/><U119/><E119/><V77/><F77/><W16/><G105/><T70/><D70/><U21/><E65/><V126/><F126/><W54/><G68/><T60/><D11/><U118/><E118/><V39/><F39/><W6/><G61/><T44/><D83/><U47/><E47/><N who="2" m="28095" /><F43/><W85/><G54/><T132/><D132/><U74/><E74/><V62/><F62/><W122/><G85/><N who="0" m="48319" /><D131/><U13/><E64/><V33/><F33/><W37/><G37/><T36/><D36/><U82/><E57/><V96/><F40/><W128/><G128/><T108/><D108/><U86/><E56/><V117/><F117/><W100/><N who="3" m="25600" /><DORA hai="46" /><W78/><G78/><T30/><D30/><N who="2" m="11882" /><F91/><W67/><G122/><T53/><D53/><U32/><E32/><V22/><F10/><W18/><G67/><T99/><D99/><U116/><E116/><V58/><F58/><W59/><G59/><N who="0" m="34919" /><D44/><U124/><E124/><V95/><F95/><W24/><G35/><T75/><D75/><U50/><E41/><V63/><F63/><W113/><G113/><RYUUKYOKU ba="1,0" sc="235,10,247,-30,237,10,281,10" hai0="8,14,23,27,31,92,93" hai2="19,22,87,88,94,96,98" hai3="2,6,9,16,18,24,25,133,134,135" /><INIT seed="2,2,0,0,4,76" ten="245,217,247,291" oya="2" hai0="84,112,106,46,98,111,45,113,77,81,39,20,27" hai1="16,15,48,52,30,53,6,32,79,94,118,89,1" hai2="23,131,126,130,51,93,105,96,59,134,133,62,10" hai3="0,108,25,74,17,82,54,83,33,12,40,19,58"/><V116/><F116/><W4/><G74/><T18/><D111/><U60/><E118/><V61/><F105/><W78/><G78/><T69/><D69/><U90/><E79/><V87/><F10/><N who="3" m="2311" /><G40/><T128/><D128/><N who="2" m="49194" /><F87/><W57/><G19/><T63/><D63/><U44/><E6/><V125/><F51/><N who="3" m="30943" /><G58/><T50/><D39/><U110/><E110/><V31/><F31/><N who="3" m="19695" /><G108/><T36/><D36/><U109/><E1/><V122/><F122/><W100/><G100/><T67/><D67/><U135/><E109/><V97/><F23/><AGARI ba="2,0" hai="12,17,23,82,83" m="19695,30943,2311" machi="23" ten="30,3900,0" yaku="24,1,52,2" doraHai="76" who="3" fromWho="2" sc="245,0,217,0,247,-45,291,45" /><INIT seed="3,0,0,3,2,1" ten="245,217,202,336" oya="3" hai0="91,114,85,48,18,135,5,78,19,125,108,53,24" hai1="40,129,113,22,117,96,112,45,17,104,84,68,16" hai2="9,23,76,52,88,131,109,63,127,12,128,62,120" hai3="39,121,72,10,67,44,73,11,123,105,134,25,15"/><W90/><G105/><T8/><D125/><U80/><E68/><V38/><F127/><W126/><G134/><T59/><D135/><U69/><E69/><V61/><F38/><W82/><G67/><T7/><D108/><U87/><E117/><V132/><F109/><W28/><G10/><T33/><D114/><U34/><E34/><V133/><F76/><W56/><G56/><T46/><D78/><U115/><E129/><N who="2" m="49739" /><F23/><W94/><G44/><T49/><D33/><U107/><E96/><V81/><F120/><W57/><G39/><T36/><D36/><U43/><E45/><V118/><F118/><W64/><G72/><T110/><D110/><U41/><E22/><V32/><F32/><W2/><G73/><T89/><D89/><U77/><REACH who="1" step="1"/><E84/><REACH who="1" ten="245,207,202,336" step="2"/><N who="2" m="50191" /><F133/><W86/><G126/><T27/><D46/><U66/><E66/><V35/><F35/><W99/><G64/><T3/><D8/><U103/><E103/><V37/><F132/><W6/><G121/><T97/><D85/><U75/><E75/><V124/><F124/><W70/><G70/><T42/><D59/><U119/><E119/><V101/><F101/><W20/><G57/><T111/><D111/><U122/><E122/><V13/><F37/><W92/><G123/><T51/><D97/><U29/><E29/><V65/><F65/><W0/><REACH who="3" step="1"/><G94/><REACH who="3" ten="245,207,202,326" step="2"/><T95/><D95/><U47/><E47/><V14/><F52/><W93/><G93/><T30/><D42/><U74/><E74/><V21/><F9/><W71/><G71/><T130/><D130/><U98/><E98/><V79/><F21/><RYUUKYOKU ba="0,2" sc="245,-30,207,10,202,10,326,10" hai1="16,17,40,41,43,77,80,87,104,107,112,113,115" hai2="12,13,14,61,62,63,79" hai3="0,2,6,11,15,20,25,28,82,86,90,92,99" /><INIT seed="3,1,2,1,0,84" ten="215,217,212,336" oya="3" hai0="32,36,8,6,56,73,58,70,110,1,104,90,93" hai1="18,107,50,80,54,96,41,102,74,113,118,10,27" hai2="88,105,14,112,68,86,19,78,103,95,40,49,133" hai3="48,4,127,135,9,124,61,43,76,101,111,51,128"/><W33/><G33/><T67/><D110/><U98/><E113/><V38/><F112/><W35/><G35/><T11/><D36/><U52/><E118/><V39/><F133/><W28/><G28/><T7/><D32/><U5/><E98/><V83/><F68/><W81/><G128/><T72/><D104/><U109/><E109/><V0/><F0/><W25/><G25/><T94/><D70/><U71/><E71/><V130/><F130/><W99/><G61/><T108/><D108/><U46/><E18/><V132/><F132/><W92/><G135/><T44/><D44/><U31/><E80/><V97/><F49/><W17/><G17/><T115/><D115/><U23/><REACH who="1" step="1"/><E74/><REACH who="1" ten="215,207,212,336" step="2"/><N who="2" m="43479" /><F40/><W117/><G117/><T13/><D73/><U60/><E60/><V65/><F65/><W119/><G119/><T116/><D72/><U64/><E64/><V34/><F34/><W29/><G111/><T131/><D116/><U77/><E77/><V120/><F120/><W75/><G43/><T2/><D131/><U16/><E16/><V24/><F24/><W45/><G29/><T123/><D67/><U66/><E66/><V121/><F121/><W37/><G81/><T53/><D123/><U15/><AGARI ba="1,3" hai="5,10,15,23,27,31,41,46,50,52,54,96,102,107" machi="15" ten="20,8000,1" yaku="1,1,0,1,7,1,54,1,53,1" doraHai="84" doraHaiUra="26" who="1" fromWho="1" sc="215,-21,207,113,212,-21,336,-41" /><INIT seed="4,0,0,4,3,5" ten="194,320,191,295" oya="0" hai0="96,71,63,4,77,32,107,18,70,49,50,13,131" hai1="64,0,85,15,113,115,133,94,129,120,14,95,36" hai2="44,69,82,109,3,53,81,104,41,106,23,102,101" hai3="24,121,31,27,91,97,111,87,127,76,125,43,90"/><T62/><D32/><U116/><E120/><V39/><F109/><W40/><G111/><T99/><D77/><U83/><E116/><V105/><F3/><W7/><G121/><T37/><D4/><U84/><E36/><V10/><F69/><W124/><G7/><T73/><D107/><U17/><E0/><V89/><F23/><N who="3" m="15775" /><G27/><T19/><D13/><U34/><E34/><V75/><F53/><W92/><G76/><T130/><REACH who="0" step="1"/><D37/><REACH who="0" ten="184,320,191,295" step="2"/><U134/><E15/><V54/><F39/><W123/><G123/><T100/><D100/><U26/><E14/><V80/><F101/><W20/><G20/><T47/><D47/><U112/><E112/><V122/><F102/><W119/><G119/><T2/><D2/><U22/><E115/><V88/><F122/><W9/><G9/><T1/><D1/><U8/><E8/><V52/><F10/><W48/><G127/><T93/><D93/><U60/><E95/><V21/><F21/><W35/><G35/><T11/><D11/><U79/><E113/><V6/><F6/><W55/><G125/><T78/><D78/><U28/><E94/><V12/><F12/><W56/><G124/><T98/><D98/><U57/><E79/><V103/><F103/><W16/><G97/><T29/><D29/><U38/><E28/><V126/><F126/><W67/><G16/><T114/><D114/><U128/><E38/><N who="2" m="21559" /><F75/><AGARI ba="0,1" hai="18,19,49,50,62,63,70,71,73,75,96,99,130,131" machi="75" ten="25,4800,0" yaku="1,1,22,2,53,0" doraHai="5" doraHaiUra="33" who="0" fromWho="2" sc="184,58,320,0,191,-48,295,0" /><INIT seed="4,1,0,5,2,57" ten="242,320,143,295" oya="0" hai0="68,113,28,17,20,124,63,23,4,46,47,14,130" hai1="56,0,54,40,88,126,115,127,34,116,103,117,18" hai2="60,2,94,77,22,78,99,1,31,13,87,79,15" hai3="38,65,45,53,29,5,108,96,59,82,72,61,42"/><T74/><D124/><N who="1" m="47659" /><E34/><V58/><F87/><W71/><G108/><T100/><D113/><U109/><E0/><V118/><F118/><W102/><G5/><T123/><D74/><U33/><E33/><V83/><F83/><W134/><G29/><T76/><D130/><U3/><E3/><V50/><F50/><W85/><G72/><T41/><D76/><U111/><E103/><N who="2" m="60919" /><F1/><W24/><G24/><N who="0" m="16415" /><D68/><U86/><E40/><V121/><F2/><W69/><G134/><T26/><D123/><U122/><E18/><V73/><F73/><W114/><G65/><T48/><D100/><U55/><E122/><V12/><F121/><W35/><G35/><T125/><D125/><U101/><E101/><V84/><F84/><W70/><G114/><T37/><D37/><U16/><E16/><N who="2" m="10503" /><F31/><W92/><REACH who="3" step="1"/><G69/><REACH who="3" ten="242,320,143,285" step="2"/><T110/><D110/><U9/><E115/><V89/><F89/><AGARI ba="1,1" hai="38,42,45,53,59,61,70,71,82,85,89,92,96,102" machi="89" ten="30,8000,1" yaku="1,1,2,1,7,1,52,1,53,1" doraHai="57" doraHaiUra="81" who="3" fromWho="2" sc="242,0,320,0,143,-83,285,93" /><INIT seed="5,0,0,0,3,51" ten="242,320,60,378" oya="1" hai0="82,30,63,106,131,89,132,29,104,44,102,22,119" hai1="67,49,8,19,40,59,99,4,11,0,87,72,17" hai2="126,9,53,81,133,10,95,70,36,20,7,15,111" hai3="6,120,71,21,110,84,114,57,94,121,28,43,97"/><U98/><E72/><V90/><F111/><W100/><G71/><T116/><D131/><U127/><E127/><V92/><F133/><W125/><G110/><T75/><D132/><U68/><E68/><V2/><F70/><W12/><G114/><T79/><D44/><U24/><E40/><V78/><F36/><W61/><G125/><T80/><D63/><U27/><E87/><V74/><F20/><W108/><G108/><T23/><D23/><U115/><E67/><V66/><F66/><N who="3" m="39215" /><G43/><T113/><D22/><U48/><E59/><V76/><F76/><W37/><G37/><T55/><D55/><U33/><E33/><V47/><F126/><W77/><G6/><T18/><D18/><U1/><REACH who="1" step="1"/><E4/><REACH who="1" ten="242,310,60,378" step="2"/><V109/><F109/><W107/><G84/><N who="0" m="50327" /><D119/><U52/><E52/><V135/><F53/><W93/><G121/><T123/><D116/><U25/><E25/><V91/><F135/><W13/><G120/><T130/><D123/><U38/><E38/><V50/><F74/><W60/><G28/><T31/><D130/><U45/><E45/><V101/><F47/><W83/><G60/><T73/><D73/><U103/><E103/><V122/><F101/><W39/><G39/><T69/><D69/><U134/><E134/><V86/><F122/><W5/><G5/><T129/><D129/><U3/><E3/><V14/><F2/><W118/><G118/><T16/><D102/><U105/><E105/><N who="0" m="40553" /><D113/><AGARI ba="0,1" hai="0,1,8,11,17,19,24,27,48,49,98,99,113,115" machi="113" ten="25,4800,0" yaku="1,1,22,2,53,0" doraHai="51" doraHaiUra="85" who="1" fromWho="0" sc="242,-48,310,58,60,0,378,0" /><INIT seed="5,1,0,0,4,20" ten="194,368,60,378" oya="1" hai0="126,118,82,16,72,115,26,112,86,5,111,19,108" hai1="84,85,104,129,80,1,6,9,61,58,107,43,83" hai2="68,128,95,39,71,114,91,70,40,37,62,124,106" hai3="64,3,127,23,17,102,11,97,132,28,55,92,4"/><U130/><E43/><V46/><F106/><W103/><G127/><T42/><D72/><U57/><E85/><V119/><F119/><W44/><G132/><T65/><D42/><U36/><E83/><V60/><F124/><W49/><G28/><T0/><D65/><U99/><E36/><N who="2" m="21767" /><F95/><W76/><G64/><T88/><D118/><U121/><E121/><V63/><F91/><W53/><G76/><T105/><D105/><U120/><E120/><V116/><F128/><N who="1" m="49257" /><E99/><V134/><F134/><W101/><REACH who="3" step="1"/><G53/><REACH who="3" ten="194,368,60,368" step="2"/><T56/><D126/><U24/><E107/><V69/><F116/><W51/><G51/><T133/><D133/><U48/><E104/><V123/><F123/><W89/><G89/><T12/><D108/><U7/><E48/><V74/><F74/><W73/><G73/><T54/><D111/><U87/><E61/><V131/><F131/><W34/><G34/><T100/><D100/><U93/><E80/><V27/><F114/><N who="0" m="43562" /><D0/><U113/><E1/><V110/><F110/><W2/><BYE who="2" /><G2/><UN n2="%E3%81%8D%E3%81%BF%E3%81%A9%E3%82%8A%E3%82%93" /><T96/><D96/><U18/><E113/><V31/><F31/><W81/><G81/><T125/><D125/><U79/><E79/><V67/><F27/><AGARI ba="1,1" hai="3,4,11,17,23,27,44,49,55,92,97,101,102,103" machi="27" ten="30,7700,0" yaku="1,1,7,1,52,1,53,1" doraHai="20" doraHaiUra="94" who="3" fromWho="2" sc="194,0,368,0,60,-80,368,90" owari="194,-21.0,368,17.0,-20,-52.0,458,56.0" /></mjloggm>