<mjloggm ver="2.3"><GO type="169" lobby="0"/><UN n0="%E3%81%B3%E3%82%8A%E3%81%B3%E3%82%8A%E2%98%86%E3%83%93%E3%83%AA%E3%83%BC" n1="%E3%81%8B%E3%81%A4%E3%81%A9%E3%82%93" n2="%E9%9B%AA%E6%9C%88%E9%A2%A8%E8%8A%B1" n3="%E3%82%AB%E3%83%B3%E3%83%81%E3%83%A3%E3%83%B3" dan="17,17,16,16" rate="2160.68,2244.72,2210.89,2069.95" sx="M,F,M,M"/><TAIKYOKU oya="0"/><INIT seed="0,0,0,0,4,125" ten="250,250,250,250" oya="0" hai0="45,134,68,104,12,59,89,133,39,110,1,5,23" hai1="26,30,35,36,7,63,67,55,118,34,122,80,90" hai2="108,98,17,31,6,77,37,101,32,69,71,95,9" hai3="62,25,21,99,79,38,48,109,117,51,58,52,42"/><T53/><D68/><U10/><E118/><V11/><F108/><W13/><G117/><T105/><D110/><U54/><E122/><V91/><F37/><W87/><G109/><T81/><D1/><U65/><E35/><V3/><F77/><W44/><G13/><T82/><D39/><U100/><E36/><V14/><F32/><W135/><G135/><N who="0" m="51723" /><D45/><U115/><E115/><V116/><F31/><W124/><G124/><T123/><D123/><U57/><E100/><V128/><F116/><W111/><G111/><T114/><D114/><U102/><E102/><V83/><F128/><W75/><G75/><T97/><D97/><U60/><E90/><V40/><F40/><W129/><G129/><T93/><D93/><U46/><E80/><N who="0" m="30825" /><D89/><U47/><E47/><V130/><REACH who="2" step="1"/><F130/><REACH who="2" ten="250,250,240,250" step="2"/><W49/><G79/><T15/><D5/><U2/><REACH who="1" step="1"/><E46/><REACH who="1" ten="250,240,240,250" step="2"/><V64/><F64/><W66/><G66/><T4/><D53/><U84/><E84/><AGARI ba="0,2" hai="3,6,9,11,14,17,69,71,83,84,91,95,98,101" machi="84" ten="40,1300,0" yaku="1,1,53,0" doraHai="125" doraHaiUra="131" who="2" fromWho="1" sc="250,0,240,-13,240,33,250,0" /><INIT seed="1,0,0,3,5,31" ten="250,227,273,250" oya="1" hai0="19,95,81,121,92,119,89,79,104,133,61,37,69" hai1="73,13,66,120,76,11,122,68,88,123,26,3,49" hai2="47,4,103,102,46,56,27,1,111,72,82,75,24" hai3="22,35,39,117,60,91,20,51,127,10,6,100,64"/><U58/><E3/><V57/><F82/><W77/><G39/><T83/><D37/><U70/><E26/><V132/><F1/><W115/><G115/><T52/><D119/><U45/><E73/><V98/><F98/><W32/><G100/><T28/><D104/><U34/><E76/><V8/><F8/><W118/><G77/><T44/><D28/><U107/><E107/><V38/><F38/><W21/><G51/><T53/><D133/><U86/><E34/><V30/><F30/><W74/><G91/><T85/><D121/><U112/><E58/><V124/><F4/><W87/><G127/><T129/><D129/><U106/><E106/><V42/><F42/><W128/><G87/><T93/><D19/><U96/><E96/><V130/><F132/><W40/><G40/><T110/><D110/><U17/><E66/><V134/><F134/><W59/><G74/><T71/><D44/><U101/><E101/><V108/><REACH who="2" step="1"/><F130/><REACH who="2" ten="250,227,263,250" step="2"/><W62/><G128/><T9/><D9/><U126/><E112/><V5/><F5/><W41/><G41/><T14/><D81/><N who="1" m="49231" /><E126/><AGARI ba="0,1" hai="24,27,46,47,56,57,72,75,102,103,108,111,124,126" machi="126" ten="25,3200,0" yaku="1,1,22,2,53,0" doraHai="31" doraHaiUra="90" who="2" fromWho="1" sc="250,0,227,-32,263,42,250,0" /><INIT seed="2,0,0,5,5,112" ten="250,195,305,250" oya="2" hai0="13,114,81,44,107,60,73,32,50,70,56,61,131" hai1="89,67,63,71,38,90,78,45,79,66,51,86,116" hai2="54,26,123,24,91,6,57,1,31,68,16,11,7" hai3="21,76,4,111,27,48,95,100,39,126,85,113,88"/><V0/><F68/><W129/><G39/><T40/><D32/><U12/><E38/><V75/><F75/><W29/><G111/><T36/><D107/><U17/><E67/><V35/><F91/><W134/><G126/><T109/><D73/><U94/><E90/><V127/><F57/><W98/><G134/><T122/><D81/><U128/><E128/><V110/><F54/><W18/><G129/><T58/><D13/><U10/><REACH who="1" step="1"/><E116/><REACH who="1" ten="250,185,305,250" step="2"/><V42/><F127/><W132/><G132/><T23/><D36/><U46/><E46/><V64/><F64/><W33/><G113/><T92/><D44/><U83/><E83/><V93/><F110/><W125/><G125/><T117/><D117/><U80/><E80/><V106/><F35/><W59/><G33/><T99/><D114/><U124/><E124/><V120/><F120/><W104/><G76/><T101/><D122/><U41/><AGARI ba="0,1" hai="10,12,17,41,45,51,63,66,71,78,79,86,89,94" machi="41" ten="20,2700,0" yaku="1,1,0,1,7,1,53,0" doraHai="112" doraHaiUra="55" who="1" fromWho="1" sc="250,-7,185,37,305,-13,250,-7" /><INIT seed="3,0,0,2,1,53" ten="243,222,292,243" oya="3" hai0="59,110,122,49,89,26,30,79,131,43,125,112,70" hai1="9,114,123,124,6,35,60,51,61,19,33,32,113" hai2="40,115,74,128,98,15,42,80,71,73,62,38,90" hai3="41,97,55,1,34,46,22,82,67,93,63,65,39"/><W16/><G34/><T84/><D122/><U106/><E123/><V2/><F2/><W130/><G1/><T76/><D70/><U118/><E106/><V119/><F119/><W50/><G82/><T94/><D110/><U31/><E118/><V127/><F115/><W95/><G130/><T88/><D131/><U0/><E124/><V25/><F128/><W44/><G95/><T77/><D125/><U78/><E31/><V23/><F15/><W29/><G29/><T72/><D112/><U101/><E101/><V69/><F69/><W27/><REACH who="3" step="1"/><G63/><REACH who="3" ten="243,222,292,233" step="2"/><T134/><D94/><U75/><E113/><V85/><F62/><W105/><G105/><T132/><D132/><U54/><E114/><V116/><F116/><W8/><G8/><T18/><D134/><U7/><E0/><V64/><F80/><W4/><G4/><T48/><D30/><U117/><E117/><V57/><F127/><W13/><G13/><T99/><D26/><U91/><E6/><V133/><F133/><W86/><G86/><T3/><D3/><U126/><E126/><V17/><F85/><W47/><G47/><N who="0" m="25727" /><D72/><U14/><E7/><V120/><F73/><W21/><G21/><T12/><D84/><U104/><E104/><V24/><F74/><W135/><G135/><T56/><D99/><U96/><E75/><V129/><F98/><W66/><G66/><T11/><D49/><U68/><E96/><V52/><F129/><W92/><G92/><T109/><D109/><U121/><E35/><V81/><F120/><W37/><G37/><T111/><D111/><U45/><E32/><RYUUKYOKU ba="0,1" sc="243,15,222,-15,292,-15,233,15" hai0="11,12,18,56,59,76,77,79,88,89" hai3="16,22,27,39,41,44,46,50,55,65,67,93,97" /><INIT seed="3,1,1,2,2,115" ten="258,207,277,248" oya="3" hai0="20,89,103,36,87,133,69,76,118,4,100,99,13" hai1="60,61,12,71,130,32,14,123,68,120,22,72,74" hai2="85,81,63,75,108,1,65,131,101,135,106,50,67" hai3="129,59,29,21,57,102,94,70,95,78,98,116,54"/><W40/><G70/><N who="1" m="26666" /><E22/><V35/><F1/><W112/><G112/><T38/><D69/><U97/><E97/><V43/><F75/><N who="1" m="28713" /><E32/><V45/><F35/><W64/><G78/><T24/><D76/><U3/><E3/><V132/><F63/><N who="1" m="24137" /><E130/><V90/><F131/><W15/><G129/><T125/><D99/><U105/><E105/><V52/><F106/><W49/><G98/><T8/><D36/><U124/><E124/><V104/><F104/><W47/><G21/><T82/><D38/><U56/><E56/><V110/><F43/><W44/><G59/><T0/><D0/><U92/><E92/><V42/><F42/><W27/><G57/><T9/><D125/><U34/><E34/><V86/><F86/><W109/><G95/><T83/><D87/><U51/><E51/><V16/><F85/><W53/><G94/><T23/><D23/><U96/><E96/><V79/><F50/><W28/><G49/><T80/><D20/><U111/><E111/><V107/><F110/><W73/><G109/><T88/><D80/><U37/><E37/><V91/><F81/><W25/><G40/><T48/><D48/><U128/><E128/><V31/><F108/><W7/><G44/><T26/><D82/><U30/><E30/><V58/><F31/><W10/><G47/><T114/><D83/><U19/><E19/><V117/><F16/><W41/><G73/><T55/><D114/><U119/><E119/><V127/><F127/><W33/><G116/><T134/><D118/><U77/><E77/><V11/><F117/><W46/><G41/><T93/><D93/><RYUUKYOKU ba="1,1" sc="258,-10,207,30,277,-10,248,-10" hai1="12,14,120,123" /><INIT seed="4,2,1,2,2,124" ten="248,237,267,238" oya="0" hai0="78,70,73,105,54,65,106,88,76,97,93,69,84" hai1="41,46,7,110,120,15,56,29,24,119,90,103,123" hai2="0,19,33,66,64,22,26,77,20,45,62,92,10" hai3="25,8,52,9,53,55,129,108,109,27,117,47,74"/><T43/><D43/><U67/><E110/><N who="3" m="42602" /><G74/><T23/><D54/><U132/><E119/><V101/><F77/><W107/><G47/><T128/><D128/><U42/><E132/><V28/><F45/><W57/><G57/><T18/><D76/><U122/><E103/><V11/><F33/><W49/><G49/><T130/><D130/><U38/><E42/><V102/><F0/><W13/><G13/><T36/><D36/><U30/><E90/><V86/><F102/><W82/><G82/><N who="0" m="45391" /><D65/><N who="2" m="25194" /><F62/><W111/><N who="3" m="42610" /><W114/><DORA hai="81" /><G129/><T51/><D51/><U68/><E68/><V95/><F95/><W118/><G114/><T115/><D106/><U121/><E121/><V71/><F71/><W135/><G107/><T72/><D72/><U85/><E67/><V96/><F86/><W112/><G135/><T131/><D115/><U63/><E85/><V87/><F87/><W99/><G112/><T1/><D1/><U3/><E3/><V31/><F31/><W34/><G99/><T35/><D131/><U89/><E30/><V6/><F6/><W50/><G50/><T127/><D69/><U113/><E113/><V133/><F133/><W58/><G58/><T75/><D75/><U40/><E40/><V2/><F2/><W39/><G39/><T79/><D70/><U60/><E56/><V44/><F44/><W16/><G117/><T17/><D105/><U5/><E89/><V59/><F59/><W91/><G91/><T21/><D88/><U134/><E134/><V100/><F100/><W12/><G118/><T80/><D79/><U48/><E38/><RYUUKYOKU ba="2,1" sc="248,-10,237,-10,267,30,238,-10" hai2="10,11,19,20,22,26,28,92,96,101" /><INIT seed="5,3,1,5,5,12" ten="238,227,297,228" oya="1" hai0="106,70,28,56,108,105,46,10,131,30,69,114,62" hai1="104,119,128,22,16,57,92,0,13,101,95,122,111" hai2="60,17,18,73,75,133,120,40,38,19,123,45,79" hai3="76,113,126,8,26,88,96,55,42,21,129,80,94"/><U64/><E119/><V32/><F133/><W82/><G113/><T74/><D74/><U4/><E122/><V86/><F32/><W85/><G126/><T134/><D114/><U6/><E128/><V112/><F112/><W59/><G129/><T115/><D115/><U127/><E127/><V100/><F100/><W34/><G34/><T91/><D131/><U54/><E111/><V118/><F118/><W41/><G8/><T44/><D10/><U87/><E64/><V29/><F29/><W71/><G82/><T83/><D83/><U20/><E0/><V23/><F23/><W110/><G71/><T98/><D56/><U65/><E65/><V77/><F60/><W67/><G67/><T102/><D62/><N who="1" m="36151" /><E104/><V58/><F58/><W37/><G37/><T14/><D134/><U81/><E22/><V90/><F73/><W36/><G36/><T2/><D2/><U31/><E31/><V132/><F132/><W49/><G110/><T9/><D106/><U33/><E33/><V53/><F53/><W27/><REACH who="3" step="1"/><G27/><REACH who="3" ten="238,227,297,218" step="2"/><T68/><D108/><U97/><E95/><V109/><F109/><W93/><G93/><T52/><D68/><U72/><E72/><V24/><F75/><W63/><G63/><T84/><D69/><U3/><E3/><V61/><F24/><W5/><G5/><T135/><D70/><U124/><E124/><V25/><F61/><W11/><G11/><T130/><D130/><U107/><E107/><V39/><F25/><W103/><G103/><T125/><D125/><U47/><E47/><N who="0" m="17961" /><D105/><U121/><E121/><N who="2" m="46667" /><F38/><W78/><G78/><AGARI ba="3,2" hai="4,6,13,16,20,78,81,87,92,97,101" m="36151" machi="78" ten="30,11600,0" yaku="6,1,8,1,52,1,54,1" doraHai="12" who="1" fromWho="3" sc="238,0,227,145,297,0,218,-125" /><INIT seed="5,4,0,0,0,72" ten="238,372,297,93" oya="1" hai0="133,114,70,80,0,21,85,14,131,52,102,20,68" hai1="35,69,59,118,78,83,22,100,126,7,50,3,16" hai2="115,75,87,12,103,109,53,19,116,44,93,8,123" hai3="97,37,74,32,1,25,56,63,99,60,58,104,17"/><U105/><E69/><V10/><F123/><W130/><G37/><T45/><D0/><U91/><E35/><V18/><F116/><W125/><G1/><T121/><D121/><U113/><E118/><V26/><F109/><W120/><G120/><T29/><D114/><U61/><E113/><V15/><F75/><W49/><G49/><T66/><D131/><U4/><E126/><V132/><F132/><W79/><G130/><T28/><D133/><U46/><E3/><V124/><F115/><W98/><G104/><T94/><D68/><U64/><E91/><V95/><F124/><W38/><G38/><T71/><D71/><U129/><E100/><V57/><F26/><W90/><G90/><T33/><D33/><U11/><E11/><V110/><F44/><W65/><G125/><T96/><D66/><U107/><E107/><V128/><F110/><W127/><G127/><T135/><D70/><U77/><E105/><V76/><F103/><W6/><G6/><N who="1" m="2090" /><E83/><N who="2" m="47591" /><F128/><W13/><G32/><T27/><D135/><U43/><E129/><V84/><F84/><W117/><G117/><T92/><D92/><U31/><E31/><V101/><F101/><W62/><G74/><T23/><D29/><U55/><E43/><V34/><F34/><W9/><G25/><AGARI ba="4,0" hai="16,22,25,46,50,55,59,61,64,77,78" m="2090" machi="25" ten="30,11600,0" yaku="8,1,52,2,54,1" doraHai="72" who="1" fromWho="3" sc="238,0,372,128,297,0,93,-128" owari="238,-16.0,500,60.0,297,10.0,-35,-54.0" /></mjloggm>