<mjloggm ver="2.3"><GO type="169" lobby="0"/><UN n0="%6F%63%69%6E%70%6F%70%6F" n1="%6C%65%6F%6E%6C%65%6F%6E" n2="%61%6E%6C%75%6E" n3="%E3%81%8B%E3%81%A3%E9%A3%9B%E3%81%B0%E3%81%9B%E5%85%A8%E9%83%A8" dan="16,16,16,16" rate="2114.49,2141.71,2119.05,2106.18" sx="F,M,M,M"/><TAIKYOKU oya="0"/><INIT seed="0,0,0,1,3,65" ten="250,250,250,250" oya="0" hai0="0,104,43,54,21,50,117,100,35,42,14,33,32" hai1="63,57,134,126,113,34,60,66,48,107,123,8,108" hai2="131,44,1,16,3,45,101,40,94,72,112,31,41" hai3="77,24,17,103,22,25,73,115,52,75,80,67,11"/><T129/><D117/><U116/><E116/><V127/><F112/><W133/><G115/><T56/><D0/><U23/><E34/><V10/><F72/><W29/><G133/><T26/><D129/><U135/><E113/><V91/><F131/><W89/><G67/><T20/><D104/><U47/><E107/><V27/><F101/><W102/><G75/><T118/><D100/><U18/><E123/><V106/><F106/><W68/><G68/><T62/><D118/><U79/><E108/><V69/><F69/><W19/><G89/><T49/><D14/><U53/><E126/><V82/><F82/><W55/><G19/><T76/><D76/><U37/><E79/><V97/><F3/><W111/><G111/><T39/><D39/><U4/><E37/><V132/><F132/><W98/><G11/><T13/><D13/><U125/><E63/><V70/><F70/><W93/><REACH who="3" step="1"/><G103/><REACH who="3" ten="250,250,250,240" step="2"/><T105/><D105/><U59/><E125/><V51/><F127/><W109/><G109/><T130/><D130/><U46/><E134/><V6/><F16/><W38/><G38/><T58/><D49/><U12/><REACH who="1" step="1"/><E135/><REACH who="1" ten="250,240,250,240" step="2"/><V87/><F51/><W84/><G84/><T83/><D50/><U124/><E124/><V64/><F87/><W5/><G5/><T110/><D110/><U30/><E30/><V9/><F6/><W119/><G119/><T36/><D36/><U61/><E61/><V7/><F7/><W78/><G78/><T81/><D62/><U28/><E28/><V86/><F31/><W114/><G114/><T2/><D2/><AGARI ba="0,2" hai="2,4,8,12,18,23,46,47,48,53,57,59,60,66" machi="2" ten="30,2000,0" yaku="1,1,7,1,53,0" doraHai="65" doraHaiUra="90" who="1" fromWho="0" sc="250,-20,240,40,250,0,240,0" /><INIT seed="1,0,0,0,3,127" ten="230,280,250,240" oya="1" hai0="15,100,55,87,28,135,85,26,117,29,37,22,18" hai1="121,80,56,0,25,73,50,134,115,4,90,41,5" hai2="59,67,60,27,93,102,53,70,114,104,52,16,6" hai3="9,99,38,2,1,48,105,98,82,124,51,66,120"/><U68/><E115/><V54/><F104/><W35/><G120/><T32/><D117/><U79/><E121/><V128/><F114/><W24/><G38/><T71/><D71/><U112/><E112/><V75/><F75/><W103/><G124/><T12/><D37/><U106/><E68/><V89/><F102/><W110/><G110/><T91/><D135/><U74/><E106/><V108/><F108/><W101/><G66/><T14/><D100/><U49/><E74/><V8/><F128/><W81/><G105/><T33/><D85/><U20/><E134/><V30/><F30/><W46/><G9/><T97/><D97/><U113/><E0/><V45/><F45/><W63/><G24/><T129/><D129/><U133/><E133/><V3/><F70/><W36/><G36/><T84/><D84/><U109/><E109/><V61/><F61/><W132/><G132/><T40/><D40/><U94/><E113/><V83/><F83/><W58/><G58/><T118/><D118/><U10/><E56/><V62/><F62/><W86/><G86/><T44/><D32/><U34/><E41/><V69/><F69/><W107/><G107/><T78/><D33/><U92/><E34/><V125/><F125/><W116/><G35/><T95/><REACH who="0" step="1"/><D78/><REACH who="0" ten="220,280,250,240" step="2"/><U43/><E43/><V77/><F77/><W119/><G116/><T65/><D65/><U122/><E79/><V72/><F72/><W131/><G119/><T31/><D31/><U126/><E73/><V11/><F89/><W57/><G131/><T23/><D23/><U64/><E90/><V76/><F76/><RYUUKYOKU ba="0,1" sc="220,30,280,-10,250,-10,240,-10" hai0="12,14,15,18,22,26,28,29,44,55,87,91,95" /><INIT seed="2,1,1,2,1,49" ten="250,270,240,230" oya="2" hai0="62,99,90,83,6,7,47,69,72,52,29,122,98" hai1="109,102,35,88,123,133,15,75,59,82,103,40,5" hai2="12,28,104,11,71,41,46,38,111,51,67,94,3" hai3="53,0,87,50,96,70,54,1,130,63,25,132,33"/><V58/><F104/><W107/><G132/><T73/><D69/><U14/><E35/><V32/><F3/><N who="3" m="1099" /><G50/><N who="0" m="28767" /><D72/><U125/><E133/><V45/><F111/><W60/><G60/><T85/><D73/><U97/><E109/><V74/><F74/><W44/><G44/><T64/><D122/><U119/><E123/><V116/><F116/><W10/><G10/><T91/><D64/><U113/><E119/><V115/><F115/><W108/><G87/><N who="0" m="50559" /><D29/><U101/><E113/><V56/><F28/><N who="3" m="19599" /><G130/><T121/><D62/><U86/><E75/><V84/><F32/><W134/><G134/><T26/><D26/><U110/><E110/><V78/><F71/><W95/><G108/><T24/><D24/><U19/><E40/><V2/><F2/><W77/><G63/><T118/><D118/><U89/><E59/><V27/><F27/><W124/><G70/><T22/><D22/><U31/><E31/><V129/><F129/><W37/><G107/><T39/><D39/><U76/><E15/><V18/><F67/><W13/><G13/><T42/><D42/><U17/><E14/><V135/><F135/><W114/><G37/><T36/><D36/><U23/><E23/><V9/><F9/><W61/><G61/><T80/><D121/><U112/><E112/><V68/><F68/><W92/><G53/><T21/><D21/><U128/><E128/><V34/><F34/><W8/><G54/><T20/><D20/><U66/><E66/><V81/><F94/><W16/><G114/><T55/><D55/><AGARI ba="1,1" hai="11,12,18,38,41,45,46,51,55,56,58,78,81,84" machi="55" ten="30,2900,0" yaku="7,1,52,1" doraHai="49" who="2" fromWho="0" sc="250,-32,270,0,240,42,230,0" /><INIT seed="2,2,0,0,5,16" ten="218,270,282,230" oya="2" hai0="63,58,27,73,106,118,96,29,33,97,67,11,54" hai1="101,74,111,122,135,47,60,8,77,83,32,129,86" hai2="114,110,22,98,78,53,26,24,107,12,80,128,62" hai3="75,127,117,64,50,121,19,130,82,103,120,38,30"/><V41/><F114/><W15/><G117/><T10/><D73/><U69/><E32/><V34/><F41/><W79/><G38/><T21/><D118/><U17/><E111/><V90/><F128/><W25/><G130/><T28/><D28/><U131/><E135/><V35/><F110/><W66/><G127/><T23/><D10/><U9/><E122/><V45/><F35/><W1/><G1/><T65/><D11/><U119/><E119/><V56/><F34/><W48/><G103/><T112/><D112/><U36/><E101/><V0/><F0/><W105/><G105/><T7/><D7/><U6/><E86/><V49/><F107/><W39/><G39/><T20/><REACH who="0" step="1"/><D106/><REACH who="0" ten="208,270,282,230" step="2"/><U104/><E104/><V85/><F78/><W51/><G121/><T3/><D3/><N who="1" m="95" /><E9/><V99/><F12/><W124/><G120/><T93/><D93/><U42/><E17/><V123/><F123/><W55/><G19/><T133/><D133/><U91/><E131/><V113/><F113/><W5/><G5/><T88/><D88/><U102/><E91/><V81/><F81/><W108/><G108/><T70/><D70/><U68/><E129/><V95/><F80/><W40/><G15/><T125/><D125/><U92/><E92/><V18/><F26/><W57/><G124/><T134/><D134/><U72/><E102/><V31/><F31/><W132/><G132/><T44/><D44/><U109/><E109/><V61/><F45/><N who="3" m="25639" /><G25/><T89/><D89/><U115/><E115/><V14/><F24/><W46/><G30/><T94/><D94/><U43/><E74/><RYUUKYOKU ba="2,1" sc="208,10,270,-30,282,10,230,10" hai0="20,21,23,27,29,33,54,58,63,65,67,96,97" hai2="14,18,22,49,53,56,61,62,85,90,95,98,99" hai3="46,50,51,55,57,64,66,75,79,82" /><INIT seed="2,3,1,4,1,81" ten="218,240,292,240" oya="2" hai0="87,42,37,98,63,29,23,109,39,74,54,51,12" hai1="30,116,32,20,76,10,72,27,111,21,129,11,132" hai2="48,131,61,13,70,99,36,6,92,79,68,34,93" hai3="80,49,114,47,17,86,107,16,46,101,77,119,58"/><V123/><F123/><W44/><G119/><T117/><D74/><U55/><E116/><V95/><F36/><W97/><REACH who="3" step="1"/><G114/><REACH who="3" ten="218,240,292,230" step="2"/><T120/><D117/><U78/><E111/><V25/><F131/><W103/><G103/><T121/><D109/><U113/><E113/><V33/><F33/><W122/><G122/><T94/><D120/><U0/><E129/><V4/><F34/><W125/><G125/><T22/><D121/><U110/><E32/><V14/><F99/><W88/><G88/><T7/><D98/><U2/><E110/><V69/><F79/><W18/><G18/><T38/><D7/><U91/><E91/><V118/><F118/><W85/><G85/><T60/><D87/><U52/><E72/><V124/><F124/><W73/><G73/><T115/><D115/><U67/><E30/><V5/><F48/><W105/><G105/><T89/><D89/><U8/><E76/><V133/><F133/><W112/><G112/><T75/><D75/><U71/><E78/><V62/><REACH who="2" step="1"/><F25/><REACH who="2" ten="218,240,282,230" step="2"/><W96/><G96/><T128/><D51/><U26/><E132/><V40/><F40/><W66/><G66/><T28/><D42/><U41/><E41/><V50/><F50/><W83/><G83/><T134/><D38/><U130/><E130/><V84/><F84/><W57/><G57/><T15/><D128/><U108/><E108/><V100/><F100/><W64/><G64/><T9/><D134/><U135/><E135/><V59/><F59/><W102/><G102/><T43/><D43/><U31/><E67/><V53/><F53/><AGARI ba="3,3" hai="16,17,44,46,47,49,53,58,77,80,86,97,101,107" machi="53" ten="40,5200,0" yaku="1,1,52,1,54,1,53,0" doraHai="81" doraHaiUra="3" who="3" fromWho="2" sc="218,0,240,0,282,-61,230,91" /><INIT seed="3,0,0,3,3,106" ten="218,240,221,321" oya="3" hai0="77,87,38,15,51,56,100,116,93,129,11,59,13" hai1="8,133,122,64,92,91,20,39,123,16,80,26,14" hai2="95,97,33,99,41,102,21,45,107,47,78,124,28" hai3="60,117,76,114,55,2,134,1,54,89,103,98,109"/><W88/><G114/><T70/><D70/><U128/><E128/><V85/><F33/><W31/><G117/><T62/><D38/><U58/><E133/><V35/><F35/><W113/><G113/><T61/><D116/><U126/><E39/><V50/><F124/><W135/><G31/><T74/><D51/><U94/><E126/><V19/><F28/><W111/><G76/><T36/><D36/><U90/><E80/><V127/><F127/><W12/><G12/><T7/><D74/><U42/><E42/><V115/><F115/><W0/><G135/><T69/><D69/><U10/><E10/><V40/><F99/><W105/><G134/><T118/><D129/><U57/><E122/><V53/><F47/><W73/><G73/><T67/><D100/><U30/><E123/><V48/><F48/><W82/><G82/><T49/><D49/><U24/><E64/><V130/><F130/><W63/><G63/><T121/><D118/><U44/><E44/><V37/><F37/><W3/><N who="3" m="0" /><DORA hai="65" /><W46/><G46/><T132/><D132/><U29/><E92/><V25/><F107/><W110/><G60/><T17/><D77/><U131/><E131/><V32/><REACH who="2" step="1"/><F32/><REACH who="2" ten="218,240,211,321" step="2"/><W66/><G66/><N who="0" m="39207" /><D121/><U22/><REACH who="1" step="1"/><E90/><AGARI ba="0,1" hai="54,55,88,89,90,98,103,105,109,110,111" m="0" machi="90" ten="80,12000,1" yaku="14,1,10,1,54,1" doraHai="106,65" who="3" fromWho="1" sc="218,0,240,-120,211,0,321,130" /><INIT seed="3,1,0,4,4,101" ten="218,120,211,451" oya="3" hai0="116,92,82,0,74,50,10,37,13,83,41,98,103" hai1="111,61,9,18,39,109,45,6,27,125,96,69,68" hai2="2,124,126,108,78,135,93,26,25,54,120,15,107" hai3="3,128,114,121,71,35,44,80,104,42,31,123,32"/><W119/><G80/><T19/><D37/><U70/><E125/><N who="2" m="48235" /><F2/><W34/><G31/><T122/><D116/><U87/><E87/><V110/><F78/><W23/><G23/><T33/><D33/><U130/><E130/><V36/><F36/><W55/><G55/><T51/><D122/><U81/><E81/><V105/><F120/><W8/><G8/><T21/><D74/><U99/><E61/><V4/><F135/><W75/><G44/><T132/><D132/><U95/><E18/><V38/><F38/><W20/><G20/><T24/><D0/><U14/><E27/><N who="2" m="10251" /><F54/><W22/><G35/><T16/><REACH who="0" step="1"/><D51/><REACH who="0" ten="208,120,211,451" step="2"/><U59/><E39/><V117/><F117/><W57/><G34/><T72/><D72/><U73/><E73/><V53/><F53/><W48/><G75/><T76/><D76/><U88/><E109/><N who="2" m="42091" /><F93/><W106/><G3/><T113/><D113/><U52/><E111/><V102/><F102/><W64/><G123/><T77/><D77/><U127/><E127/><V5/><F5/><W115/><G121/><T67/><D67/><U47/><REACH who="1" step="1"/><E96/><REACH who="1" ten="208,110,211,451" step="2"/><V29/><F29/><W62/><G115/><T85/><D85/><U129/><E129/><V28/><F28/><W49/><G128/><T58/><D58/><U56/><E56/><V112/><F112/><W40/><G114/><T97/><D97/><U60/><AGARI ba="1,2" hai="6,9,14,45,47,52,59,60,68,69,70,88,95,99" machi="60" ten="30,7900,0" yaku="1,1,0,1,54,2,53,0" doraHai="101" doraHaiUra="79" who="1" fromWho="1" sc="208,-21,110,102,211,-21,451,-40" /><INIT seed="4,0,0,0,4,106" ten="187,212,190,411" oya="0" hai0="13,43,109,86,73,75,78,117,23,62,54,11,14" hai1="97,6,72,104,67,27,37,130,51,82,83,49,92" hai2="115,80,99,22,25,113,29,101,133,102,134,10,15" hai3="126,12,0,68,88,84,103,38,135,79,18,36,9"/><T112/><D117/><U131/><E37/><V71/><F71/><W81/><G68/><T58/><D112/><N who="2" m="43082" /><F80/><W28/><G126/><T33/><D33/><U31/><E104/><V77/><F77/><W121/><G135/><N who="2" m="51721" /><F99/><W98/><G121/><T114/><D114/><U60/><E82/><V74/><F74/><W69/><G69/><T59/><D109/><U124/><E124/><V8/><F102/><W34/><G0/><T107/><D107/><U2/><E67/><V44/><F44/><W3/><G3/><T108/><D108/><U4/><E60/><V85/><F85/><W64/><G64/><T5/><D43/><U26/><E51/><V127/><F101/><W39/><G28/><T123/><D123/><U96/><E49/><V76/><F76/><W125/><G125/><T35/><D35/><U52/><E52/><V89/><F89/><W118/><G34/><T41/><D41/><U57/><E57/><V24/><F127/><W40/><G40/><T91/><D78/><U53/><E53/><V87/><F87/><W63/><G63/><T45/><D45/><U90/><E96/><V66/><F66/><W95/><REACH who="3" step="1"/><G79/><REACH who="3" ten="187,212,190,401" step="2"/><T7/><D58/><U119/><E119/><AGARI ba="0,1" hai="9,12,18,36,38,39,81,84,88,95,98,103,118,119" machi="119" ten="40,5200,0" yaku="1,1,2,1,54,1,53,0" doraHai="106" doraHaiUra="20" who="3" fromWho="1" sc="187,0,212,-52,190,0,401,62" /><INIT seed="5,0,0,2,5,93" ten="187,160,190,463" oya="1" hai0="87,26,118,95,135,23,73,42,76,60,83,53,48" hai1="131,130,99,126,2,8,66,46,84,121,10,4,77" hai2="127,31,35,45,120,61,24,9,3,74,6,110,14" hai3="59,68,132,115,106,98,128,12,88,122,78,129,15"/><U96/><E121/><V125/><F74/><W109/><G109/><T80/><D135/><U112/><E112/><V134/><F110/><W21/><G122/><T51/><D118/><U22/><E126/><N who="2" m="48139" /><F120/><W37/><G68/><T107/><D107/><U85/><E66/><V111/><F45/><W71/><G71/><T86/><D42/><U75/><E22/><V20/><F61/><W27/><G37/><T25/><D73/><U79/><E46/><V81/><F81/><W56/><G78/><N who="1" m="29706" /><E75/><V55/><F55/><W117/><G132/><T29/><D25/><U19/><E19/><N who="2" m="10359" /><F111/><W18/><G117/><T16/><D29/><U70/><E70/><V36/><F36/><W113/><G56/><N who="0" m="34831" /><D80/><U43/><E43/><V47/><F47/><W54/><G115/><T124/><D124/><U38/><E38/><V52/><F52/><W90/><G113/><T63/><D63/><U100/><E100/><V105/><F105/><W34/><G106/><T114/><D114/><U94/><E94/><V28/><F28/><W67/><G67/><T123/><D123/><U72/><E72/><V13/><F134/><W57/><G57/><T108/><D108/><U101/><E101/><V92/><F92/><W116/><G116/><T58/><D58/><U89/><E89/><AGARI ba="0,0" hai="16,23,26,48,51,76,83,86,87,89,95" m="34831" machi="89" ten="30,2000,0" yaku="8,1,54,1" doraHai="93" who="0" fromWho="1" sc="187,20,160,-20,190,0,463,0" /><INIT seed="6,0,0,4,0,108" ten="207,140,190,463" oya="2" hai0="6,114,77,69,32,65,66,63,37,74,28,124,91" hai1="46,29,115,83,60,101,18,111,103,95,99,93,104" hai2="51,3,106,43,123,2,97,72,94,128,45,81,132" hai3="56,98,82,40,36,21,61,58,7,116,119,87,112"/><V19/><F123/><W59/><G7/><T135/><D37/><U107/><E111/><V9/><F106/><W126/><G126/><T34/><D91/><U73/><E29/><V79/><F132/><W17/><G98/><T57/><D57/><U0/><E0/><V13/><REACH who="2" step="1"/><F128/><REACH who="2" ten="207,140,180,463" step="2"/><W62/><G119/><T39/><D135/><U78/><E104/><V130/><F130/><W121/><G116/><T100/><D124/><U26/><E107/><V14/><F14/><W5/><G121/><T105/><D105/><U90/><E26/><V122/><F122/><W70/><G62/><T41/><D63/><U88/><E73/><V117/><F117/><W89/><G61/><T80/><D74/><U31/><E60/><V120/><F120/><W134/><G134/><T109/><D109/><U127/><E127/><V8/><F8/><W38/><G70/><T53/><D69/><U55/><E101/><AGARI ba="0,1" hai="2,3,9,13,19,43,45,51,72,79,81,94,97,101" machi="101" ten="30,5800,0" yaku="1,1,7,1,53,1" doraHai="108" doraHaiUra="42" who="2" fromWho="1" sc="207,0,140,-58,180,68,463,0" /><INIT seed="6,1,0,3,0,55" ten="207,82,248,463" oya="2" hai0="59,73,20,93,120,79,94,32,22,25,13,67,8" hai1="69,87,121,29,109,43,36,107,34,127,129,101,57" hai2="86,90,74,111,24,27,62,6,31,35,134,119,112" hai3="51,72,16,70,71,47,3,102,54,81,46,39,115"/><V66/><F74/><W108/><G108/><T45/><D32/><U89/><E109/><V50/><F119/><W131/><G3/><T28/><D120/><U42/><E121/><V124/><F111/><W77/><G131/><T76/><D20/><U4/><E4/><V56/><F112/><W5/><G5/><T110/><D110/><U128/><E127/><V14/><F124/><W48/><G39/><T95/><D45/><U53/><E69/><V133/><F50/><W96/><G16/><N who="0" m="8231" /><D73/><U0/><E0/><V60/><F27/><W33/><G33/><T84/><D84/><U40/><E36/><V135/><F14/><W41/><G115/><T78/><D67/><U68/><E68/><V122/><F6/><W23/><G23/><T10/><D10/><U97/><E29/><V91/><F122/><W132/><G132/><T75/><D75/><U104/><E104/><AGARI ba="1,0" hai="41,46,47,48,51,54,70,71,72,77,81,96,102,104" machi="104" ten="30,1000,0" yaku="7,1" doraHai="55" who="3" fromWho="1" sc="207,0,82,-13,248,0,463,13" /><INIT seed="7,0,0,2,4,117" ten="207,69,248,476" oya="3" hai0="61,99,13,91,55,72,82,88,38,87,118,116,101" hai1="111,30,31,19,127,77,112,93,46,60,106,8,133" hai2="113,102,0,50,119,52,115,7,15,3,45,28,84" hai3="42,97,57,126,23,62,54,69,100,95,40,1,128"/><W79/><G1/><T131/><D38/><U66/><E106/><V94/><F119/><W109/><G126/><T65/><D131/><U114/><E111/><V104/><F104/><W9/><G128/><T75/><D75/><U81/><E127/><V21/><F102/><W33/><G33/><T44/><D72/><U86/><E133/><V48/><F48/><W107/><G79/><T108/><D108/><U63/><E114/><N who="2" m="43531" /><F28/><W34/><G100/><T70/><D91/><U27/><E112/><V29/><F29/><W17/><G107/><T130/><D130/><U47/><E93/><V59/><F59/><W35/><G57/><T49/><D13/><U85/><E8/><N who="2" m="4511" /><F21/><W10/><G23/><T53/><D53/><U134/><E77/><V56/><F45/><W73/><G9/><T6/><D6/><U2/><E19/><V135/><F135/><W22/><G10/><T5/><D5/><U67/><E134/><V36/><F36/><W103/><G103/><T14/><D14/><U105/><E105/><AGARI ba="0,0" hai="44,49,55,61,65,70,82,87,88,99,101,105,116,118" machi="105" ten="30,2000,0" yaku="7,1,54,1" doraHai="117" who="0" fromWho="1" sc="207,20,69,-20,248,0,476,0" owari="227,-17.0,49,-45.0,248,5.0,476,57.0" /></mjloggm>