<mjloggm ver="2.3"><GO type="169" lobby="0"/><UN n0="%E4%B8%AD%E5%B7%9D%E5%86%85%E9%9B%AA%E9%9F%B3" n1="%E3%81%96%E3%82%8A%E3%81%8C%E3%81%AB%E3%81%8F%E3%82%93" n2="%E8%B5%A4%E5%9F%8E%E3%81%BF%E3%82%8A%E3%81%82" n3="%E8%A5%BF%E5%B2%A1%E8%82%B2%E6%9C%AA%E2%99%AA" dan="16,17,16,16" rate="2128.41,2232.64,2117.12,2082.61" sx="F,M,F,F"/><TAIKYOKU oya="0"/><INIT seed="0,0,0,5,2,10" ten="250,250,250,250" oya="0" hai0="121,84,5,81,36,74,22,25,28,0,129,85,40" hai1="82,2,16,88,45,98,38,12,15,99,34,103,83" hai2="51,8,26,52,53,57,86,120,27,110,117,30,56" hai3="116,37,32,112,21,134,80,131,35,65,70,64,46"/><T76/><D121/><U114/><E2/><V72/><F120/><W111/><G116/><T66/><D66/><U75/><E34/><V55/><F72/><W105/><G105/><T107/><D107/><U41/><E114/><V43/><F117/><W4/><G37/><T17/><D129/><U3/><E3/><V122/><F122/><W50/><G4/><T108/><D108/><U71/><E71/><V124/><F110/><W7/><G7/><T87/><D5/><U92/><E75/><V14/><F124/><W62/><G65/><T133/><D0/><U1/><E1/><V49/><F86/><W48/><G131/><T79/><D133/><U33/><E33/><V9/><F43/><N who="3" m="24671" /><G134/><T47/><REACH who="0" step="1"/><D28/><REACH who="0" ten="240,250,250,250" step="2"/><U24/><E24/><N who="2" m="9259" /><F30/><W77/><G111/><T44/><D44/><U11/><REACH who="1" step="1"/><E15/><REACH who="1" ten="240,240,250,250" step="2"/><V63/><F14/><W60/><G112/><T29/><D29/><U113/><E113/><V115/><F115/><W104/><G70/><T130/><D130/><U128/><E128/><V68/><F68/><W58/><G35/><T59/><D59/><AGARI ba="0,2" hai="8,9,49,51,52,53,55,56,57,59,63" m="9259" machi="59" ten="30,2000,0" yaku="8,1,54,1" doraHai="10" who="2" fromWho="0" sc="240,-20,240,0,250,40,250,0" /><INIT seed="1,0,0,4,3,5" ten="220,240,290,250" oya="1" hai0="109,58,117,104,98,56,36,103,80,24,68,72,71" hai1="84,13,61,28,75,34,32,73,121,134,25,115,120" hai2="4,41,15,113,1,57,0,18,46,52,132,118,16" hai3="88,39,45,21,17,9,131,82,20,126,127,53,38"/><U106/><E106/><V133/><F118/><W69/><G69/><T43/><D117/><U70/><E115/><V31/><F113/><W97/><G131/><T49/><D109/><U85/><E134/><N who="2" m="51819" /><F31/><W130/><G130/><T74/><D36/><U8/><E34/><V37/><F4/><W40/><G39/><T14/><D56/><U30/><E30/><V105/><F105/><W96/><G53/><T6/><D24/><U26/><E26/><V51/><F18/><W101/><G20/><AGARI ba="0,0" hai="0,1,15,16,20,37,41,46,51,52,57" m="51819" machi="20" ten="30,3900,0" yaku="20,1,54,2" doraHai="5" who="2" fromWho="3" sc="220,0,240,0,290,39,250,-39" /><INIT seed="2,0,0,2,1,57" ten="220,240,329,211" oya="2" hai0="33,0,100,34,72,84,19,130,27,53,23,129,135" hai1="17,131,80,93,31,55,134,37,10,94,46,52,18" hai2="112,97,60,113,20,121,7,127,8,35,61,36,58" hai3="103,99,87,119,89,62,24,115,91,68,5,116,111"/><V105/><F121/><W77/><G5/><T122/><D72/><U45/><E134/><V32/><F36/><W25/><G77/><T104/><D122/><U82/><E131/><V98/><F127/><W11/><G11/><T6/><D135/><U88/><E37/><V125/><F125/><W65/><G111/><T126/><D126/><U74/><E74/><V106/><F58/><W120/><G120/><T123/><D123/><U96/><E31/><V13/><F20/><W9/><G9/><N who="0" m="2247" /><D84/><U56/><E94/><V75/><F8/><W41/><G115/><T83/><D83/><N who="1" m="31787" /><E55/><V26/><F7/><W108/><G41/><T110/><D53/><U132/><E132/><V4/><F4/><W73/><G73/><T51/><D104/><U47/><E10/><V71/><F75/><W117/><G108/><T69/><D69/><U85/><E85/><V44/><F13/><W14/><G14/><T12/><D110/><U42/><E42/><V109/><F109/><W48/><G48/><AGARI ba="0,0" hai="17,18,45,46,47,48,52,56,88,93,96" m="31787" machi="48" ten="30,3900,0" yaku="8,1,54,2" doraHai="57" who="1" fromWho="3" sc="220,0,240,39,329,0,211,-39" /><INIT seed="3,0,0,1,3,45" ten="220,279,329,172" oya="3" hai0="113,89,69,11,80,15,18,58,40,118,36,22,24" hai1="98,21,103,101,105,52,7,76,81,16,90,6,83" hai2="20,37,31,8,114,57,131,134,95,1,27,88,117" hai3="128,109,100,133,135,108,93,86,48,28,50,119,79"/><W120/><G119/><T111/><D118/><U0/><E0/><V59/><F117/><W87/><G120/><T54/><D69/><U132/><E132/><N who="3" m="50762" /><G28/><T123/><D123/><U14/><E103/><V47/><F114/><W65/><G65/><T112/><D111/><N who="3" m="42569" /><G128/><T13/><D36/><U62/><E90/><V73/><F37/><W96/><G79/><T68/><D40/><U130/><E83/><V104/><F31/><W17/><G17/><T46/><D68/><U102/><E102/><V127/><F131/><W92/><G92/><T44/><D112/><U51/><E62/><V129/><F95/><W34/><G34/><T78/><D113/><U106/><E106/><V60/><F104/><W55/><G50/><T122/><D122/><U63/><E63/><V66/><F60/><W99/><G99/><T94/><D78/><U77/><E77/><V30/><F66/><W110/><N who="3" m="42577" /><W56/><AGARI ba="0,0" hai="48,55,56,86,87,93,96,100" m="42577,50762" machi="56" ten="50,12000,1" yaku="4,1,20,1,14,1,10,1,52,1" doraHai="45" who="3" fromWho="3" sc="220,-40,279,-40,329,-40,172,120" /><INIT seed="3,1,0,3,3,36" ten="180,239,289,292" oya="3" hai0="80,127,124,113,48,91,95,17,82,6,134,15,43" hai1="16,84,13,0,47,72,63,112,118,31,120,39,81" hai2="52,10,54,34,4,105,29,62,60,56,66,94,117" hai3="9,123,87,30,89,53,74,12,109,116,49,64,32"/><W98/><G116/><T96/><D134/><U38/><E118/><V69/><F117/><W76/><G123/><T41/><D6/><U20/><E120/><V26/><F105/><W122/><G122/><T71/><D71/><U77/><E112/><V97/><F54/><W85/><G64/><T99/><D113/><U125/><E125/><N who="0" m="48201" /><D99/><U102/><E0/><V25/><F29/><W93/><G109/><T40/><D48/><U59/><E102/><V2/><REACH who="2" step="1"/><F34/><REACH who="2" ten="180,239,279,292" step="2"/><W104/><G30/><T83/><D82/><U27/><E47/><V23/><F23/><AGARI ba="1,1" hai="15,17,23,40,41,43,80,83,91,95,96" m="48201" machi="23" ten="30,7700,0" yaku="18,1,52,3" doraHai="36" who="0" fromWho="2" sc="180,90,239,0,279,-80,292,0" /><INIT seed="4,0,0,5,1,103" ten="270,239,199,292" oya="0" hai0="75,60,94,25,40,54,105,7,130,18,58,109,32" hai1="68,116,67,79,31,12,1,110,24,14,88,78,55" hai2="42,81,77,0,113,59,34,71,16,44,21,6,99" hai3="51,128,37,61,27,91,70,62,118,20,123,2,90"/><T39/><D130/><U104/><E116/><V26/><F71/><W29/><G37/><T28/><D109/><U127/><E1/><V52/><F113/><W66/><G118/><T121/><D121/><U17/><E110/><V64/><F64/><W129/><G2/><T65/><D75/><U115/><E127/><V98/><F34/><W97/><G123/><T96/><D7/><U83/><E104/><V120/><F6/><W4/><G4/><T125/><D125/><U23/><E68/><V114/><F114/><W85/><G62/><T86/><D18/><U9/><E67/><V48/><F0/><W132/><G132/><T82/><D65/><U10/><E115/><V36/><REACH who="2" step="1"/><F120/><REACH who="2" ten="270,239,189,292" step="2"/><W33/><G33/><T41/><D32/><U3/><E3/><V50/><F50/><W15/><G51/><T35/><D39/><U38/><E38/><V69/><F69/><W72/><G129/><T30/><D35/><U46/><E55/><V73/><AGARI ba="0,1" hai="16,21,26,36,42,44,48,52,59,73,77,81,98,99" machi="73" ten="20,12000,2" yaku="1,1,0,1,7,1,54,2,53,1" doraHai="103" doraHaiUra="53" who="2" fromWho="2" sc="270,-60,239,-30,189,130,292,-30" /><INIT seed="5,0,0,5,1,36" ten="210,209,319,262" oya="1" hai0="84,33,44,22,14,95,133,89,129,128,29,12,134" hai1="42,1,131,105,107,43,118,126,57,65,0,76,82" hai2="64,109,92,51,85,10,55,98,108,77,28,122,8" hai3="125,124,100,80,6,25,102,13,81,26,7,24,86"/><U87/><E118/><V9/><F122/><W58/><G58/><T114/><D44/><U119/><E119/><V32/><F64/><W38/><G38/><T19/><D84/><U106/><E131/><N who="0" m="50249" /><D95/><U35/><E35/><V91/><F28/><W72/><G13/><N who="0" m="9583" /><D89/><U49/><E126/><N who="3" m="48746" /><G72/><T103/><D103/><N who="3" m="39465" /><G86/><T74/><D74/><U66/><E49/><V61/><F32/><W75/><G75/><T56/><D56/><U115/><E115/><V11/><F61/><W34/><G34/><T68/><D68/><U45/><E45/><V116/><F116/><W135/><G135/><N who="0" m="51723" /><D114/><U69/><E69/><V53/><F85/><W90/><G90/><T27/><AGARI ba="0,0" hai="12,14,27,29,33" m="51723,9583,50249" machi="27" ten="40,8000,1" yaku="19,1,20,1,34,2" doraHai="36" who="0" fromWho="0" sc="210,80,209,-40,319,-20,262,-20" /><INIT seed="6,0,0,3,3,18" ten="290,169,299,242" oya="2" hai0="112,96,117,110,39,55,119,1,109,45,94,56,11" hai1="84,118,130,42,47,27,2,101,16,5,90,4,73" hai2="74,29,25,75,24,62,7,50,8,80,64,63,46" hai3="100,48,104,68,70,77,3,106,114,93,82,36,79"/><V51/><F80/><W14/><G36/><T54/><D112/><U134/><E118/><N who="0" m="45065" /><D1/><U44/><E73/><V58/><F63/><W23/><G3/><T121/><D11/><U69/><E134/><V98/><F98/><W92/><G48/><N who="0" m="28943" /><D39/><U28/><E130/><V0/><F25/><W88/><G14/><T91/><D121/><U133/><E69/><V38/><F38/><W52/><G114/><T59/><D59/><U113/><E133/><V22/><REACH who="2" step="1"/><F51/><AGARI ba="0,0" hai="51,55,56,91,94,96,109,110" m="28943,45065" machi="51" ten="30,1000,0" yaku="12,1" doraHai="18" who="0" fromWho="2" sc="290,10,169,0,299,-10,242,0" /><INIT seed="7,0,0,0,5,119" ten="300,169,289,242" oya="3" hai0="67,4,20,85,131,132,124,78,49,61,23,60,115" hai1="34,75,72,22,39,77,11,129,81,28,118,80,48" hai2="63,31,51,98,93,130,114,10,44,53,56,86,55" hai3="102,112,37,32,17,18,90,96,70,33,101,45,13"/><W24/><G70/><T83/><D124/><U12/><E129/><V88/><F130/><W110/><G112/><T103/><D131/><U15/><E118/><V30/><F114/><W9/><G110/><T71/><D115/><U89/><E39/><V79/><F10/><W19/><G90/><T74/><D132/><U134/><E134/><V113/><F113/><W29/><G32/><T7/><D103/><U127/><E127/><V100/><F79/><W36/><G102/><T123/><D123/><U26/><E89/><V108/><F108/><W47/><G45/><T8/><D4/><U109/><E109/><V5/><F5/><W43/><REACH who="3" step="1"/><G37/><REACH who="3" ten="300,169,289,232" step="2"/><T64/><D71/><U94/><E94/><AGARI ba="0,1" hai="30,31,44,51,53,55,56,63,86,88,93,94,98,100" machi="94" ten="30,3900,0" yaku="7,1,8,1,54,1" doraHai="119" who="2" fromWho="1" sc="300,0,169,-39,289,49,232,0" /><AGARI ba="0,0" hai="9,13,17,18,19,24,29,33,36,43,47,94,96,101" machi="94" ten="30,11600,0" yaku="1,1,2,1,7,1,53,1" doraHai="119" doraHaiUra="92" who="3" fromWho="1" sc="300,0,130,-116,338,0,232,116" owari="300,-10.0,14,-49.0,338,14.0,348,45.0" /></mjloggm>