<mjloggm ver="2.3"><GO type="169" lobby="0"/><UN n0="%E8%88%AC%E5%8D%93%E6%B0%91%E3%81%AE%E6%9C%9D%E3%81%AF%E6%97%A9%E3%81%84" n1="%E8%A5%BF%E5%B2%A1%E8%82%B2%E6%9C%AA%E2%99%AA" n2="%E3%81%96%E3%82%8A%E3%81%8C%E3%81%AB%E3%81%8F%E3%82%93" n3="%E3%82%B7%E3%83%B3%E3%83%95%E3%82%A9%E3%83%8B%E3%82%A2" dan="17,16,17,18" rate="2235.36,2090.99,2223.85,2246.46" sx="M,F,M,M"/><TAIKYOKU oya="0"/><INIT seed="0,0,0,2,0,86" ten="250,250,250,250" oya="0" hai0="2,40,107,97,0,10,124,11,105,3,76,38,15" hai1="129,117,14,78,135,49,102,65,87,59,91,27,134" hai2="69,60,72,55,24,101,39,68,64,33,112,92,93" hai3="120,50,5,125,75,99,23,63,61,98,45,57,116"/><T48/><D124/><U79/><E117/><V43/><F112/><W19/><G116/><T118/><D118/><U84/><E102/><V81/><F69/><W9/><G75/><T113/><D113/><U119/><E119/><V46/><F101/><W121/><G125/><T16/><D38/><U110/><E110/><V80/><F33/><W88/><G9/><T83/><D11/><U31/><E14/><V89/><F24/><W62/><G5/><T108/><D108/><U90/><E49/><V82/><F72/><W85/><G57/><T111/><D97/><U17/><E17/><V77/><F77/><N who="1" m="29193" /><E59/><V96/><F93/><N who="3" m="54415" /><G120/><T29/><D29/><U132/><E65/><V8/><F8/><W73/><G73/><T35/><D35/><N who="1" m="20991" /><E129/><V4/><F4/><W67/><G67/><T47/><REACH who="0" step="1"/><D111/><REACH who="0" ten="240,250,250,250" step="2"/><U20/><E20/><V26/><F39/><W12/><G121/><T44/><D44/><U131/><E131/><V18/><F46/><W54/><AGARI ba="0,1" hai="12,19,23,45,50,54,61,62,63,98,99" m="54415" machi="54" ten="30,4000,0" yaku="8,1,52,1,54,1" doraHai="86" who="3" fromWho="3" sc="240,-20,250,-10,250,-10,250,50" /><INIT seed="1,0,0,0,0,52" ten="220,240,240,300" oya="1" hai0="106,59,80,126,42,113,51,108,116,121,91,72,105" hai1="78,131,10,109,58,104,100,23,26,20,3,84,107" hai2="66,31,34,0,21,11,76,1,19,93,24,38,96" hai3="92,85,123,102,4,29,112,53,45,134,70,37,16"/><U6/><E131/><V119/><F119/><W77/><G123/><T13/><D116/><U65/><E109/><V61/><F76/><W47/><G112/><T110/><D113/><U32/><E32/><V94/><F38/><W130/><G70/><T115/><D115/><U69/><E69/><V120/><F120/><W132/><G4/><T27/><D121/><U39/><E39/><V73/><F73/><W74/><G29/><T43/><D126/><U124/><E124/><V90/><F94/><W118/><G118/><T62/><D13/><U97/><E107/><V103/><F90/><W71/><G71/><T55/><D27/><U87/><E78/><V125/><F125/><W88/><G130/><T33/><D33/><U22/><REACH who="1" step="1"/><E26/><REACH who="1" ten="220,230,240,300" step="2"/><V30/><F34/><W50/><G77/><T67/><D105/><U95/><E95/><V12/><REACH who="2" step="1"/><F31/><REACH who="2" ten="220,230,230,300" step="2"/><W127/><G74/><T114/><D114/><U35/><E35/><V46/><F46/><W56/><G127/><T68/><D106/><U54/><E54/><V48/><F48/><W7/><G47/><T5/><D72/><U81/><E81/><V83/><F83/><W60/><G37/><T135/><D80/><U128/><E128/><V98/><F98/><W101/><G45/><T75/><D75/><U18/><E18/><V129/><F129/><W89/><G50/><T133/><D51/><U122/><E122/><V82/><F82/><W14/><G92/><T57/><D55/><U86/><E86/><V64/><F64/><W36/><G85/><T40/><D67/><U25/><E25/><V17/><F17/><RYUUKYOKU ba="0,2" sc="220,-15,230,15,230,15,300,-15" hai1="3,6,10,20,22,23,58,65,84,87,97,100,104" hai2="0,1,11,12,19,21,24,30,61,66,93,96,103" /><INIT seed="1,1,2,5,3,116" ten="205,245,245,285" oya="1" hai0="47,41,34,51,9,30,101,113,123,57,94,62,88" hai1="106,129,121,28,85,77,72,61,108,12,99,1,107" hai2="52,71,130,39,117,19,46,3,63,8,38,80,84" hai3="70,73,81,5,24,35,110,96,65,21,25,126,75"/><U45/><E1/><V23/><F117/><W33/><G110/><T74/><D113/><U48/><E108/><V111/><F111/><W15/><G126/><T20/><D74/><U54/><E129/><V0/><F130/><W83/><G96/><T92/><D34/><U53/><E72/><V66/><F39/><W119/><G65/><T6/><D123/><U102/><E28/><V122/><F122/><W18/><G70/><T17/><D30/><U44/><E121/><V13/><F23/><W109/><G109/><T49/><D49/><U56/><E12/><V131/><F131/><W98/><G98/><N who="0" m="59607" /><D6/><U67/><E106/><V93/><F93/><W91/><G119/><T112/><D9/><U22/><E22/><V127/><F127/><W27/><G5/><T60/><D57/><U90/><E77/><V50/><REACH who="2" step="1"/><F38/><REACH who="2" ten="205,245,235,285" step="2"/><W134/><G33/><T11/><D112/><U42/><E44/><V69/><F69/><W135/><G35/><T7/><D11/><U58/><E56/><V115/><F115/><W105/><G105/><T125/><D125/><U114/><E114/><V43/><F43/><W16/><G21/><T32/><D32/><U97/><E97/><V95/><F95/><AGARI ba="1,3" hai="42,45,48,53,54,58,61,67,85,90,95,99,102,107" machi="95" ten="30,1500,0" yaku="7,1" doraHai="116" who="1" fromWho="2" sc="205,0,245,48,235,-18,285,0" /><INIT seed="1,2,0,0,4,114" ten="205,293,217,285" oya="1" hai0="131,92,102,99,87,110,26,64,38,25,20,49,108" hai1="51,39,118,54,9,129,14,86,75,95,40,61,43" hai2="37,74,28,66,52,79,55,8,69,135,94,76,24" hai3="80,113,130,112,72,133,62,60,34,41,59,107,120"/><U58/><E75/><V127/><F37/><W2/><G34/><T134/><D38/><U22/><E129/><V33/><F135/><W100/><G2/><T117/><D131/><U30/><E118/><V89/><F127/><W12/><G107/><T6/><D134/><U13/><E39/><V53/><F74/><W83/><G100/><T123/><D123/><U4/><E61/><V85/><REACH who="2" step="1"/><F8/><REACH who="2" ten="205,293,207,285" step="2"/><W36/><G133/><T132/><D132/><U122/><E122/><V124/><F124/><W17/><G120/><T7/><D117/><U103/><E103/><V84/><F84/><W35/><G72/><T70/><D87/><U45/><E86/><V65/><F65/><W125/><G36/><T128/><D128/><U19/><E95/><V96/><F96/><W82/><G130/><T68/><D64/><U42/><E30/><V119/><F119/><W32/><G125/><T73/><D73/><U0/><E0/><V77/><F77/><W16/><G112/><T56/><D99/><U105/><E105/><V23/><F23/><W1/><G1/><T31/><D102/><U47/><AGARI ba="2,1" hai="4,9,13,14,19,22,40,42,43,45,47,51,54,58" machi="47" ten="30,3000,0" yaku="0,1,8,1" doraHai="114" who="1" fromWho="1" sc="205,-12,293,46,207,-12,285,-12" /><INIT seed="1,3,0,4,3,28" ten="193,339,195,273" oya="1" hai0="11,62,48,49,9,3,60,87,132,71,21,75,105" hai1="70,83,101,116,76,30,131,39,42,7,107,134,80" hai2="57,37,115,92,10,25,129,100,104,51,130,121,77" hai3="89,120,14,127,63,50,64,46,108,97,72,31,45"/><U91/><E70/><V78/><F37/><W98/><G108/><T8/><D75/><N who="1" m="43039" /><E30/><V118/><F104/><W67/><G120/><T15/><D105/><U85/><E42/><V59/><F118/><W126/><G72/><T33/><D3/><U56/><E56/><V117/><F117/><W55/><G64/><T43/><D132/><U2/><E7/><V135/><F135/><W74/><G74/><T86/><D71/><U41/><E41/><V24/><F10/><N who="0" m="4202" /><D21/><U58/><E58/><N who="2" m="22027" /><F121/><W22/><G46/><N who="0" m="25695" /><D33/><U26/><E39/><V81/><F51/><W35/><G63/><N who="0" m="24107" /><D49/><U12/><E2/><V110/><F115/><W96/><G67/><T16/><AGARI ba="3,0" hai="11,15,16,86,87" m="24107,25695,4202" machi="16" ten="30,2000,0" yaku="8,1,54,1" doraHai="28" who="0" fromWho="0" sc="193,29,339,-13,195,-8,273,-8" /><INIT seed="2,0,0,4,0,16" ten="222,326,187,265" oya="2" hai0="19,121,116,73,134,89,14,113,99,110,42,125,96" hai1="126,130,80,17,82,101,114,103,127,111,40,56,36" hai2="12,57,26,46,25,37,135,60,78,30,86,79,32" hai3="107,119,95,43,7,4,41,90,92,55,39,21,31"/><V105/><F105/><W28/><G107/><T117/><D121/><U124/><E114/><V51/><F135/><W122/><G122/><T97/><D113/><U38/><E111/><V24/><F37/><N who="1" m="14441" /><E130/><V108/><F108/><W85/><G119/><T3/><D110/><U35/><E40/><N who="3" m="15434" /><G39/><T123/><D123/><U61/><E17/><V64/><F12/><W88/><G55/><T93/><D42/><U8/><E8/><V23/><F32/><W18/><G28/><T115/><D115/><U84/><E35/><V91/><F51/><W70/><G31/><T58/><D3/><U27/><E27/><N who="2" m="10315" /><F46/><W77/><G77/><T33/><D33/><U6/><E6/><V74/><F74/><W54/><G54/><T128/><D73/><U112/><E112/><V66/><F66/><W22/><G70/><T100/><D134/><U87/><E56/><V129/><F129/><W133/><G133/><T10/><D128/><U72/><E61/><V29/><F29/><W48/><G48/><T81/><D58/><U63/><E63/><V75/><F75/><W83/><G83/><AGARI ba="0,0" hai="23,26,30,57,60,64,78,79,83,86,91" m="10315" machi="83" ten="30,2900,0" yaku="8,1,52,1" doraHai="16" who="2" fromWho="3" sc="222,0,326,0,187,29,265,-29" /><INIT seed="2,1,0,5,2,134" ten="222,326,216,236" oya="2" hai0="71,7,87,63,126,91,9,74,135,73,106,39,94" hai1="43,110,96,109,56,131,84,67,111,98,35,70,129" hai2="120,64,127,42,118,13,60,45,37,102,10,79,53" hai3="72,69,22,50,19,122,125,89,57,58,85,88,86"/><V24/><F118/><W75/><G69/><T33/><D135/><U108/><E108/><V116/><F116/><W34/><G34/><T113/><D113/><U3/><E3/><V44/><F120/><W11/><G122/><T46/><D33/><U18/><E35/><V93/><F79/><W124/><G11/><T59/><D106/><U95/><E70/><V115/><F115/><W31/><G31/><T41/><D71/><U80/><E43/><V105/><F105/><W14/><G85/><T92/><D92/><U20/><E56/><V1/><F1/><W40/><G89/><T29/><D29/><U54/><E54/><V27/><F127/><N who="3" m="48715" /><G40/><T5/><D5/><U38/><E84/><V17/><F42/><W130/><G130/><T112/><D112/><U6/><E6/><V81/><F10/><W119/><G119/><T76/><D76/><U99/><E129/><V62/><F17/><W61/><G50/><T128/><D128/><U97/><E18/><V90/><F90/><W52/><G58/><T26/><D126/><U2/><E131/><V55/><F37/><W78/><G78/><T0/><D26/><U103/><E38/><V123/><F24/><W30/><G30/><T36/><D36/><U133/><E133/><V8/><F27/><W16/><G19/><T51/><D39/><U114/><E114/><V117/><F8/><W25/><G25/><T32/><D32/><U68/><E111/><V83/><F123/><W101/><G101/><T21/><D21/><U15/><E110/><V65/><F117/><W100/><G100/><T12/><D0/><RYUUKYOKU ba="1,0" sc="222,15,326,-15,216,-15,236,15" hai0="7,9,12,41,46,51,59,63,73,74,87,91,94" hai3="14,16,22,52,57,61,72,75,86,88" /><INIT seed="3,2,0,2,4,124" ten="237,311,201,251" oya="3" hai0="118,29,27,39,110,64,24,61,63,116,77,62,114" hai1="14,95,85,33,79,22,105,49,28,89,91,74,31" hai2="71,4,128,11,65,94,18,117,10,2,56,93,108" hai3="47,104,44,3,84,103,86,9,42,90,30,54,46"/><W38/><G30/><T45/><D77/><U129/><E105/><V78/><F117/><N who="0" m="45162" /><D29/><U92/><E33/><V13/><F108/><W133/><G133/><T83/><D83/><N who="1" m="47359" /><E129/><V16/><F128/><W60/><G86/><T7/><D7/><U8/><E74/><V37/><F37/><W107/><G3/><T57/><D27/><U111/><E111/><V1/><F71/><W123/><G123/><T130/><D24/><U43/><E22/><V80/><F2/><W75/><G75/><T15/><D15/><U106/><E106/><V102/><F18/><W121/><G9/><T88/><D88/><N who="1" m="33867" /><E43/><V134/><F102/><W55/><G121/><T125/><D110/><U40/><E92/><V70/><F70/><W135/><G135/><T6/><D6/><N who="1" m="3351" /><E95/><V52/><F65/><W132/><G132/><T72/><D72/><U120/><E120/><V119/><F134/><W26/><G26/><T82/><D114/><U127/><E127/><V48/><REACH who="2" step="1"/><F119/><REACH who="2" ten="237,311,191,251" step="2"/><W53/><G103/><T100/><D100/><U67/><E67/><V5/><F5/><W23/><G107/><T122/><D122/><U17/><E17/><V51/><F51/><W115/><G104/><T19/><D19/><U98/><E98/><V25/><F25/><W59/><G115/><T69/><D125/><U12/><E12/><V113/><F113/><W76/><G38/><T41/><D130/><U87/><E28/><V0/><F0/><W34/><G34/><T131/><D131/><U50/><E50/><V81/><F81/><W96/><G23/><T99/><D82/><U35/><E31/><RYUUKYOKU ba="2,1" sc="237,-10,311,-10,191,30,251,-10" hai2="1,4,10,11,13,16,48,52,56,78,80,93,94" /><INIT seed="4,3,1,4,2,85" ten="227,301,221,241" oya="0" hai0="49,111,21,26,109,35,16,135,37,132,19,105,72" hai1="133,113,102,6,91,120,12,9,114,68,93,88,5" hai2="60,117,25,98,99,125,56,34,46,122,2,100,86" hai3="57,41,4,70,31,13,77,8,69,107,52,64,89"/><T79/><D37/><U45/><E120/><V0/><F122/><W55/><G107/><T110/><D105/><U126/><E133/><N who="0" m="51273" /><D35/><U82/><E68/><V22/><F125/><W54/><G41/><T50/><D19/><N who="1" m="8591" /><E126/><V27/><F117/><W43/><G77/><T36/><D36/><U48/><E102/><V14/><F46/><W51/><G43/><T74/><D79/><U47/><E47/><V81/><F14/><W42/><G31/><T129/><D129/><U24/><E24/><V94/><F99/><W18/><G42/><T75/><AGARI ba="3,1" hai="16,21,26,49,50,72,74,75,109,110,111" m="51273" machi="75" ten="50,9600,0" yaku="10,1,20,1,54,1" doraHai="85" who="0" fromWho="0" sc="227,115,301,-35,221,-35,241,-35" /><INIT seed="4,4,0,0,1,36" ten="342,266,186,206" oya="0" hai0="78,135,99,17,43,94,76,107,134,112,41,56,67" hai1="27,123,25,5,75,84,32,101,87,70,39,46,114" hai2="126,13,61,44,115,77,74,124,102,19,82,89,92" hai3="86,8,47,79,111,28,64,106,54,90,81,73,103"/><T37/><D37/><U66/><E75/><V119/><F115/><W57/><G111/><T80/><D107/><U83/><E123/><V10/><F119/><W133/><G133/><N who="0" m="50699" /><D112/><U131/><E66/><V95/><F61/><W98/><G28/><T93/><D17/><U117/><E5/><V30/><F30/><W128/><G128/><T2/><D2/><U53/><E101/><V105/><F95/><N who="0" m="36362" /><D99/><U16/><E39/><V62/><F62/><W55/><G8/><T4/><D4/><U21/><E16/><V33/><F33/><W85/><G98/><T49/><D78/><U65/><E117/><V104/><F44/><W12/><G106/><T26/><D26/><U52/><E46/><V51/><F51/><W88/><G103/><T48/><D67/><U69/><E27/><V23/><F102/><W6/><G64/><T3/><D3/><U1/><E25/><V20/><F105/><W60/><G73/><N who="0" m="43023" /><D49/><U127/><E1/><V68/><F104/><W71/><G71/><T110/><D110/><U118/><E65/><V125/><REACH who="2" step="1"/><F68/><REACH who="2" ten="342,266,176,206" step="2"/><W116/><G116/><T63/><D63/><U22/><E69/><V11/><F11/><N who="3" m="4215" /><G86/><AGARI ba="4,1" hai="10,13,19,20,23,74,77,82,86,89,92,124,125,126" machi="86" ten="40,2600,0" yaku="1,1,18,1,53,0" doraHai="36" doraHaiUra="31" who="2" fromWho="3" sc="342,0,266,0,176,48,206,-38" /><INIT seed="5,0,0,0,0,41" ten="342,266,224,168" oya="1" hai0="51,135,104,102,96,24,39,34,56,133,16,60,80" hai1="66,10,81,105,26,19,21,11,48,9,0,4,28" hai2="53,36,90,73,113,91,47,67,92,98,54,109,27" hai3="101,44,74,84,97,120,37,125,38,117,57,72,110"/><U127/><E105/><V31/><F109/><W20/><G110/><T62/><D39/><U111/><E111/><V1/><F1/><W112/><G120/><T106/><D106/><U77/><E127/><V128/><F73/><W131/><G125/><T49/><D80/><U69/><E69/><V6/><F6/><W30/><G112/><T79/><D79/><U13/><E66/><V32/><F128/><W43/><G131/><T8/><D34/><U132/><E132/><N who="0" m="50761" /><D60/><U71/><E71/><V42/><F113/><W99/><G117/><T45/><D45/><U55/><E0/><V5/><F5/><W64/><G37/><T115/><D115/><U126/><E126/><V119/><F119/><W23/><G84/><T122/><D122/><U68/><E68/><V70/><F67/><W15/><G99/><T118/><D118/><U59/><REACH who="1" step="1"/><E4/><REACH who="1" ten="342,256,224,168" step="2"/><V108/><F70/><W130/><G130/><T12/><D24/><U58/><E58/><V89/><REACH who="2" step="1"/><F108/><REACH who="2" ten="342,256,214,168" step="2"/><W52/><G64/><AGARI ba="0,2" hai="8,12,16,49,51,56,62,64,96,102,104" m="50761" machi="64" ten="30,2000,0" yaku="20,1,54,1" doraHai="41" who="0" fromWho="3" sc="342,40,256,0,214,0,168,-20" /><INIT seed="6,0,0,5,0,30" ten="382,256,214,148" oya="2" hai0="80,50,58,33,14,6,85,103,104,36,40,38,106" hai1="88,112,119,129,113,8,134,133,11,101,73,45,111" hai2="17,75,27,56,123,51,82,5,22,79,122,37,105" hai3="91,66,24,2,72,28,89,130,32,63,41,35,102"/><V59/><F37/><W128/><G41/><T117/><D117/><U31/><E119/><V126/><F105/><W49/><G2/><T62/><D38/><U74/><E111/><V13/><F126/><W114/><G72/><N who="1" m="27754" /><E101/><V100/><F100/><W52/><G102/><T92/><D33/><U64/><E31/><V65/><F65/><W86/><G114/><N who="1" m="44138" /><E64/><V76/><F76/><W78/><G78/><T127/><D92/><U3/><E129/><N who="3" m="49770" /><G35/><T61/><D61/><U94/><E45/><V55/><F5/><W44/><G86/><T77/><D36/><U20/><E20/><V120/><REACH who="2" step="1"/><F59/><AGARI ba="0,0" hai="24,28,32,44,49,52,59,63,66,89,91" m="49770" machi="59" ten="30,3900,0" yaku="19,1,52,1,54,1" doraHai="30" who="3" fromWho="2" sc="382,0,256,0,214,-39,148,39" /><INIT seed="7,0,0,3,4,7" ten="382,256,175,187" oya="3" hai0="80,15,101,86,85,46,55,98,6,107,57,1,112" hai1="35,65,90,129,4,95,50,105,108,66,131,111,122" hai2="13,74,59,22,121,70,2,89,8,117,18,125,14" hai3="62,96,91,75,23,0,11,69,34,83,48,115,16"/><W134/><G34/><T39/><D1/><U67/><E35/><V49/><F117/><W133/><G115/><T132/><D112/><U44/><E105/><V36/><F70/><W79/><G48/><T64/><D132/><N who="3" m="50793" /><G0/><T32/><D32/><U43/><E4/><N who="2" m="3207" /><F74/><W10/><G91/><T93/><D107/><U68/><E122/><V87/><F36/><W71/><G96/><T123/><D123/><U54/><E68/><N who="3" m="26186" /><G62/><T113/><D113/><U25/><E43/><V28/><F2/><W61/><G61/><T92/><D39/><U27/><E111/><V19/><F125/><W99/><G99/><T78/><D98/><N who="1" m="57719" /><E108/><V88/><F121/><W21/><G21/><T76/><D101/><U82/><E82/><N who="2" m="49271" /><F89/><W30/><G30/><T94/><D80/><U127/><E127/><V12/><F28/><W3/><G3/><T118/><D93/><U60/><E60/><V40/><F40/><W84/><G75/><T126/><D126/><U77/><E67/><V37/><F37/><W45/><G45/><T5/><D46/><U53/><E66/><V104/><F104/><W130/><G130/><N who="1" m="49674" /><E65/><V109/><F109/><W103/><G103/><T102/><D102/><U51/><E51/><V106/><F106/><W56/><G56/><T58/><D57/><U52/><E50/><V135/><F135/><W38/><G38/><T31/><D58/><U63/><E63/><V73/><F73/><W116/><G116/><T26/><D118/><U24/><E44/><V9/><F59/><W119/><G119/><T81/><D64/><U20/><E20/><N who="2" m="11335" /><F49/><W120/><G120/><RYUUKYOKU ba="0,0" sc="382,-30,256,10,175,10,187,10" hai1="24,25,27,52,53,54,77" hai2="9,14,19,22" hai3="10,11,16,23,79,83,84" /><INIT seed="7,1,0,0,3,96" ten="352,266,185,197" oya="3" hai0="40,45,54,128,110,73,120,44,27,100,129,26,111" hai1="78,21,112,46,69,52,97,132,6,8,65,80,135" hai2="81,15,119,3,59,50,95,77,83,57,103,31,124" hai3="25,10,56,67,84,126,43,7,108,24,16,11,76"/><W20/><G126/><T98/><D73/><U125/><E125/><V79/><F3/><W89/><G108/><N who="0" m="41515" /><D54/><U48/><E112/><V36/><F36/><W121/><G121/><T68/><D68/><U39/><E39/><V28/><F119/><W72/><G43/><T107/><D120/><U33/><E33/><V94/><F124/><W71/><G71/><T105/><D105/><U74/><E21/><V102/><F15/><N who="3" m="9247" /><G76/><T53/><D53/><U1/><E97/><V99/><F99/><W61/><G72/><T122/><D122/><U34/><E34/><V70/><F70/><W35/><G35/><T117/><D117/><U38/><E38/><V104/><F50/><W101/><G101/><T109/><D109/><U115/><E115/><V64/><F64/><W19/><G7/><T75/><D75/><U32/><E32/><V82/><F82/><N who="3" m="49303" /><G19/><T47/><D40/><U2/><E2/><V14/><F14/><W93/><G93/><T18/><D18/><U51/><E51/><V22/><F22/><W131/><G131/><AGARI ba="1,0" hai="26,27,44,45,47,98,100,107,128,129,131" m="41515" machi="131" ten="40,2600,0" yaku="19,1,52,1" doraHai="96" who="0" fromWho="3" sc="352,29,266,0,185,0,197,-29" owari="381,47.0,266,7.0,185,-21.0,168,-33.0" /></mjloggm>