<mjloggm ver="2.3"><GO type="169" lobby="0"/><UN n0="%E6%9C%A8%E5%8E%9F%E8%B1%AA%E4%B8%80" n1="%E3%83%8B%E3%83%A3%E3%83%83%E3%83%94%E3%83%BC%E5%A4%8F%E7%9B%AE" n2="%6F%66" n3="%6F%75%74%E7%A5%AD%E3%82%8A" dan="17,18,16,17" rate="2211.91,2311.65,2181.26,2210.77" sx="M,M,M,M"/><TAIKYOKU oya="0"/><INIT seed="0,0,0,4,3,133" ten="250,250,250,250" oya="0" hai0="54,94,50,70,20,107,97,98,79,126,7,33,106" hai1="99,9,60,5,34,36,45,48,39,61,81,130,109" hai2="31,0,105,62,13,65,115,96,3,69,37,24,71" hai3="11,15,12,104,86,30,135,57,56,108,67,83,59"/><T88/><D33/><U117/><E117/><V41/><F115/><W64/><G104/><T124/><D70/><U92/><E109/><V121/><F13/><W73/><G108/><T32/><D32/><U10/><E130/><V16/><F121/><W110/><G73/><T42/><D42/><U129/><E129/><V53/><F53/><W18/><G135/><T120/><D120/><U128/><E128/><V47/><F16/><N who="3" m="8223" /><G30/><T25/><D79/><U95/><E34/><N who="2" m="20839" /><F71/><W28/><G28/><T4/><D4/><U87/><E36/><V40/><F40/><W52/><G110/><T114/><D7/><U6/><E6/><V75/><F75/><W21/><G52/><T63/><D63/><N who="1" m="24139" /><E39/><V127/><F127/><N who="0" m="48682" /><D114/><U46/><E46/><V100/><AGARI ba="0,0" hai="0,3,37,41,47,62,65,69,96,100,105" m="20839" machi="100" ten="30,4000,0" yaku="25,1,33,2" doraHai="133" who="2" fromWho="2" sc="250,-20,250,-10,250,40,250,-10" /><INIT seed="1,0,0,2,1,90" ten="230,240,290,240" oya="1" hai0="70,64,23,80,117,93,79,74,51,132,65,87,15" hai1="121,12,118,24,72,45,48,30,11,26,110,122,107" hai2="47,99,102,103,97,44,31,78,85,66,53,101,111" hai3="126,46,54,4,88,109,28,123,106,113,2,92,116"/><U128/><E118/><V84/><F66/><W20/><G106/><T57/><D132/><U61/><E107/><V75/><F31/><W108/><G123/><T94/><D117/><U81/><E128/><V105/><F53/><W104/><G104/><T129/><D129/><U68/><E110/><V43/><F44/><W32/><G116/><T89/><D70/><U135/><E135/><V35/><F35/><W33/><G126/><T17/><D94/><U9/><E9/><V62/><F62/><W8/><G113/><T96/><D96/><N who="2" m="36938" /><F47/><W25/><G46/><T115/><D115/><U56/><E68/><V5/><F43/><W95/><G54/><AGARI ba="0,0" hai="15,17,23,51,54,57,64,65,74,79,80,87,89,93" machi="54" ten="40,5200,0" yaku="25,2,52,1" doraHai="90" who="0" fromWho="3" sc="230,52,240,0,290,0,240,-52" /><INIT seed="2,0,0,3,5,135" ten="282,240,290,188" oya="2" hai0="69,73,76,65,131,102,62,15,19,127,4,22,60" hai1="49,64,95,81,47,80,96,26,82,50,117,122,25" hai2="20,0,68,86,24,78,125,52,11,63,44,43,33" hai3="88,89,48,27,72,58,45,105,41,113,5,120,36"/><V66/><F33/><W10/><G120/><T29/><D131/><U57/><E117/><V9/><F0/><W111/><G111/><T74/><D102/><U30/><E122/><V132/><F132/><W28/><G105/><T93/><D93/><U109/><E109/><V18/><F125/><W17/><G72/><T7/><D29/><U106/><E106/><V98/><F98/><W119/><G119/><T90/><D90/><U124/><E124/><V75/><F75/><W97/><G17/><T35/><D35/><U59/><E49/><V129/><F129/><W53/><G97/><T114/><D114/><U38/><E38/><V99/><F99/><W101/><G101/><T128/><D74/><U133/><E133/><V8/><F52/><W118/><G113/><T100/><D100/><N who="1" m="60447" /><E64/><V134/><F134/><W12/><REACH who="3" step="1"/><G118/><REACH who="3" ten="282,240,290,178" step="2"/><T46/><D19/><U42/><E30/><V34/><F86/><W51/><G51/><T110/><D73/><U54/><E42/><V121/><F121/><W115/><G115/><T3/><D110/><U104/><E104/><V92/><F43/><W16/><G16/><T70/><D128/><U85/><E85/><V14/><F18/><W108/><G108/><T39/><D39/><U56/><AGARI ba="0,1" hai="25,26,47,50,54,56,57,59,80,81,82" m="60447" machi="56" ten="30,1100,0" yaku="8,1" doraHai="135" who="1" fromWho="1" sc="282,-3,240,21,290,-5,178,-3" /><INIT seed="3,0,0,0,5,15" ten="279,261,285,175" oya="3" hai0="118,67,37,26,10,34,132,130,131,60,55,135,49" hai1="88,124,61,2,121,13,19,123,110,101,92,109,113" hai2="18,17,51,47,119,95,50,31,72,76,68,90,79" hai3="40,6,69,52,44,29,75,97,108,53,82,45,1"/><W11/><G69/><N who="0" m="42215" /><D34/><U111/><E2/><V117/><F68/><W35/><G45/><N who="0" m="28079" /><D26/><U78/><E113/><V42/><F117/><W32/><G97/><T56/><D10/><U71/><E124/><V116/><F116/><W14/><G14/><T112/><D118/><U80/><E101/><V12/><F119/><W63/><G108/><T84/><D84/><N who="1" m="52231" /><E61/><V48/><F31/><W36/><G63/><T73/><D73/><N who="1" m="43087" /><E71/><V43/><F72/><W8/><G8/><AGARI ba="0,0" hai="8,13,19,109,110,111,121,123" m="43087,52231" machi="8" ten="30,3900,0" yaku="14,1,52,1,54,1" doraHai="15" who="1" fromWho="3" sc="279,0,261,39,285,0,175,-39" /><INIT seed="4,0,0,5,5,74" ten="279,300,285,136" oya="0" hai0="60,2,93,118,31,128,16,36,108,18,40,112,84" hai1="75,77,33,79,5,87,8,123,52,116,24,42,22" hai2="104,25,29,35,130,7,81,28,103,23,94,63,27" hai3="125,1,15,110,111,89,14,68,122,59,83,13,86"/><T17/><D118/><U135/><E123/><V55/><F130/><W98/><G122/><T49/><D112/><U80/><E33/><V58/><F104/><W91/><G68/><T61/><D2/><U97/><E116/><V72/><F7/><W115/><G115/><T119/><D119/><U117/><E117/><V66/><F55/><W12/><G1/><T90/><D128/><U126/><E126/><V48/><F48/><W10/><G125/><T53/><D108/><U44/><E135/><V82/><REACH who="2" step="1"/><F72/><REACH who="2" ten="279,300,275,136" step="2"/><W45/><G111/><T105/><D105/><U95/><E75/><V39/><F39/><W113/><G110/><T76/><D36/><U70/><E52/><V9/><F9/><W96/><G113/><T134/><D134/><U65/><E8/><V109/><F109/><W132/><G132/><T131/><D131/><U47/><E5/><V71/><F71/><W69/><G69/><T51/><D51/><U57/><E70/><V11/><F11/><W99/><G45/><T37/><D37/><U114/><E114/><V129/><F129/><W41/><G41/><T133/><D40/><U43/><E43/><V46/><F46/><W120/><G59/><T100/><D133/><U73/><E73/><V127/><F127/><W6/><REACH who="3" step="1"/><G120/><REACH who="3" ten="279,300,275,126" step="2"/><T3/><D3/><U62/><E44/><V121/><F121/><W56/><G56/><T4/><D49/><U34/><E47/><V19/><F19/><W32/><G32/><T88/><D18/><N who="1" m="12375" /><E34/><V102/><F102/><W92/><AGARI ba="0,2" hai="6,10,12,13,14,15,83,86,89,91,92,96,98,99" machi="92" ten="30,7900,0" yaku="1,1,0,1,8,1,53,1" doraHai="74" doraHaiUra="78" who="3" fromWho="3" sc="279,-39,300,-20,275,-20,126,99" /><INIT seed="5,0,0,1,2,77" ten="240,280,255,225" oya="1" hai0="118,100,40,4,96,107,34,132,71,122,111,15,59" hai1="89,62,12,127,13,102,78,105,93,98,128,10,16" hai2="1,3,53,133,11,86,69,22,103,87,130,52,39" hai3="115,29,6,88,76,28,81,27,120,114,19,9,79"/><U109/><E128/><V48/><F39/><W97/><G120/><T41/><D118/><U57/><E127/><V7/><F3/><W33/><G19/><T135/><D111/><U113/><E113/><N who="3" m="43018" /><G29/><T124/><D71/><U35/><E109/><V84/><F130/><W99/><G79/><T47/><D124/><U31/><E78/><V125/><F133/><N who="0" m="51274" /><D34/><U91/><E105/><V0/><F0/><N who="3" m="199" /><G88/><T116/><D116/><U117/><E117/><V63/><F103/><W67/><G67/><T17/><D4/><N who="1" m="3143" /><E31/><V68/><F125/><W25/><G25/><T110/><D110/><U5/><E35/><V50/><F22/><W90/><G90/><T46/><D122/><U60/><E5/><V74/><F74/><AGARI ba="0,0" hai="27,28,33,74,76,81,97,99" m="199,43018" machi="74" ten="30,2000,0" yaku="15,1,52,1" doraHai="77" who="3" fromWho="2" sc="240,0,280,0,255,-20,225,20" /><INIT seed="6,0,0,2,2,84" ten="240,280,235,245" oya="2" hai0="79,14,103,57,20,129,64,4,22,48,130,16,60" hai1="44,28,109,71,1,121,45,113,88,92,53,41,134" hai2="15,70,89,25,127,6,73,105,108,135,86,98,110" hai3="61,123,68,75,131,117,7,30,37,122,74,51,31"/><V83/><F70/><W111/><G111/><N who="2" m="42537" /><F127/><W125/><G51/><T133/><D133/><U26/><E109/><V40/><F135/><W27/><G7/><T116/><D116/><U119/><E134/><V99/><F40/><W55/><G125/><T19/><D4/><U128/><E119/><V8/><F105/><W126/><G117/><T32/><D32/><U17/><E1/><V54/><F73/><W59/><G68/><T5/><D5/><U95/><E71/><V46/><F25/><W115/><G37/><T21/><D79/><U101/><E113/><V100/><F100/><W85/><G115/><T66/><D103/><U38/><E128/><N who="0" m="49257" /><D48/><AGARI ba="0,0" hai="6,8,15,46,48,54,83,86,89,98,99" m="42537" machi="48" ten="30,2900,0" yaku="10,1,52,1" doraHai="84" who="2" fromWho="0" sc="240,-29,280,0,235,29,245,0" /><INIT seed="6,1,0,1,4,13" ten="211,280,264,245" oya="2" hai0="98,105,79,126,2,29,94,133,38,109,58,125,52" hai1="128,113,50,10,0,28,54,129,62,86,134,9,23" hai2="123,132,34,96,63,81,40,49,61,17,6,64,39" hai3="82,103,35,87,15,5,20,33,106,32,116,119,130"/><V92/><F123/><W43/><G130/><N who="1" m="50282" /><E113/><V74/><F34/><W73/><G73/><T45/><D109/><U22/><E134/><V21/><F39/><W115/><G43/><T75/><D2/><U112/><E112/><V100/><F132/><W37/><G37/><T44/><D133/><U80/><E62/><V42/><F6/><W127/><G115/><T18/><D29/><U84/><E84/><V69/><F49/><W66/><G66/><T60/><D105/><U99/><E99/><V121/><F121/><W36/><G36/><T95/><D95/><U72/><E72/><V89/><F61/><W16/><G127/><N who="0" m="48651" /><D38/><U56/><E0/><V104/><F81/><W108/><G108/><T120/><D120/><U77/><E28/><V26/><F74/><W114/><G114/><T25/><D79/><U7/><E7/><V68/><F68/><W11/><G103/><N who="0" m="60887" /><D75/><U30/><E30/><V110/><REACH who="2" step="1"/><F110/><REACH who="2" ten="211,280,254,245" step="2"/><W117/><G106/><T78/><D78/><U47/><E80/><V53/><F53/><W57/><G35/><T83/><D83/><U118/><E77/><V65/><F65/><W12/><G33/><T55/><D55/><U31/><E54/><V41/><F41/><W3/><G32/><T51/><D60/><U93/><E50/><V71/><F71/><W48/><G119/><T122/><D122/><U67/><E67/><V124/><F124/><W88/><G3/><T90/><D90/><U14/><E118/><V24/><F24/><W107/><G107/><T76/><D76/><U91/><E91/><V135/><F135/><W131/><G131/><RYUUKYOKU ba="1,1" sc="211,10,280,-30,254,10,245,10" hai0="18,25,44,45,51,52,58" hai2="17,21,26,40,42,63,64,69,89,92,96,100,104" hai3="5,11,12,15,16,20,48,57,82,87,88,116,117" /><INIT seed="6,2,1,4,1,108" ten="221,250,264,255" oya="2" hai0="109,6,128,119,10,135,4,103,74,12,110,5,25" hai1="37,95,67,43,45,13,116,77,76,133,118,8,127" hai2="23,85,58,36,54,122,2,94,114,126,93,47,20" hai3="100,92,60,98,50,65,129,70,131,26,64,72,30"/><V42/><F122/><W55/><G72/><T68/><D68/><U82/><E133/><V105/><F105/><W112/><G112/><T19/><D74/><U89/><E127/><V40/><F126/><W7/><G7/><N who="0" m="2635" /><D103/><U134/><E134/><V107/><F2/><W130/><G60/><T81/><D81/><U56/><E56/><V62/><F107/><W51/><G70/><T39/><D39/><U113/><E67/><N who="3" m="25674" /><G55/><T41/><D41/><N who="2" m="15978" /><F114/><W48/><G48/><T101/><D101/><U124/><E124/><V80/><F47/><W86/><G86/><T9/><D135/><U1/><E113/><V73/><F73/><W117/><G117/><T63/><D63/><U32/><E32/><AGARI ba="2,1" hai="26,30,32,50,51,92,98,100,129,130,131" m="25674" machi="32" ten="30,1000,0" yaku="19,1" doraHai="108" who="3" fromWho="1" sc="221,0,250,-16,264,0,255,26" /><INIT seed="7,0,0,4,2,30" ten="221,234,264,281" oya="3" hai0="81,51,5,57,120,103,73,82,128,36,7,61,3" hai1="135,118,50,58,85,66,34,64,52,24,12,55,48" hai2="84,102,76,106,29,47,99,124,101,119,59,97,25" hai3="107,95,117,65,11,41,70,86,40,127,19,22,54"/><W44/><G107/><T116/><D120/><U133/><E12/><V111/><F119/><W26/><G117/><T28/><D36/><U68/><E85/><V43/><F111/><W17/><G127/><T32/><D116/><U93/><E118/><V113/><F113/><W83/><G70/><T94/><D73/><U4/><E4/><N who="0" m="1609" /><D3/><U126/><E93/><V69/><F69/><W60/><G95/><T115/><D32/><U45/><E126/><V132/><F124/><W105/><G65/><N who="1" m="25194" /><E24/><V31/><F59/><N who="3" m="34935" /><G44/><T96/><D128/><U33/><E68/><V74/><F74/><W121/><G105/><T56/><D115/><U38/><E38/><V89/><F76/><N who="3" m="46439" /><G121/><T78/><D78/><U13/><E13/><AGARI ba="0,0" hai="11,13,17,19,22,26,40,41" m="46439,34935" machi="13" ten="30,1500,0" yaku="8,1" doraHai="30" who="3" fromWho="1" sc="221,0,234,-15,264,0,281,15" /><INIT seed="7,1,0,0,2,65" ten="221,219,264,296" oya="3" hai0="38,127,91,44,70,33,63,32,111,9,26,54,42" hai1="16,131,90,8,87,77,129,122,21,58,31,128,113" hai2="97,22,74,100,61,71,37,64,45,120,19,81,47" hai3="89,114,13,102,27,109,40,116,66,15,20,18,107"/><W79/><G114/><T94/><D111/><U53/><E113/><V86/><F74/><W11/><G79/><T55/><D127/><U72/><E122/><V98/><F120/><W52/><G40/><T30/><D33/><U85/><E31/><V56/><F71/><W73/><G66/><T101/><D101/><U134/><E134/><V126/><F126/><W84/><G73/><T50/><D9/><U48/><E8/><V106/><F97/><W88/><G116/><T119/><D119/><U95/><E72/><V29/><F29/><W103/><G15/><T118/><D118/><U125/><E125/><V4/><F4/><W68/><G68/><T115/><D115/><U23/><REACH who="1" step="1"/><E16/><REACH who="1" ten="221,209,264,296" step="2"/><V24/><F19/><N who="3" m="12703" /><G109/><T14/><D14/><U41/><E41/><V99/><F24/><W35/><G18/><T46/><D30/><U123/><E123/><V59/><F22/><W10/><G13/><T0/><D26/><U6/><E6/><V49/><F37/><W75/><G75/><T25/><D25/><U7/><E7/><V110/><F110/><W57/><G11/><T108/><D108/><U130/><N who="1" m="32768" /><DORA hai="124" /><U105/><E105/><V92/><F106/><W112/><G107/><T62/><D32/><U132/><E132/><V2/><F2/><W12/><G35/><T80/><D38/><U67/><E67/><V69/><F64/><W117/><G112/><T51/><D42/><U76/><E76/><V60/><F69/><W133/><G133/><T17/><D70/><U121/><E121/><V5/><F5/><W78/><G10/><T3/><D17/><RYUUKYOKU ba="1,1" sc="221,-10,209,30,264,-10,296,-10" hai1="21,23,48,53,58,77,85,87,90,95" /><INIT seed="8,2,1,3,3,50" ten="211,239,254,286" oya="0" hai0="114,65,128,98,30,91,41,135,62,75,45,85,15" hai1="59,19,33,111,90,74,42,9,11,39,21,26,53" hai2="72,47,77,121,57,37,64,12,127,87,69,113,22" hai3="63,0,2,43,29,24,76,40,1,79,13,27,16"/><T82/><D114/><U101/><E111/><V10/><F121/><W78/><G63/><T118/><D118/><U68/><E74/><V18/><F113/><W103/><G103/><T49/><D135/><U46/><E68/><V80/><F69/><W7/><G7/><T119/><D119/><U107/><E33/><V71/><F71/><W58/><G58/><N who="0" m="37079" /><D75/><U97/><REACH who="1" step="1"/><E90/><REACH who="1" ten="211,229,254,286" step="2"/><V5/><F72/><W132/><G132/><T54/><D128/><U55/><E55/><V83/><F64/><W124/><G43/><T20/><D98/><U123/><E123/><V14/><F127/><W36/><G124/><T133/><D133/><U61/><AGARI ba="2,2" hai="9,11,19,21,26,39,42,46,53,59,61,97,101,107" machi="61" ten="20,5200,0" yaku="1,1,0,1,7,1,52,1,53,0" doraHai="50" doraHaiUra="122" who="1" fromWho="1" sc="211,-28,229,78,254,-15,286,-15" owari="183,-32.0,307,41.0,239,-16.0,271,7.0" /></mjloggm>