<mjloggm ver="2.3"><GO type="169" lobby="0"/><UN n0="%62%75%72%65%61%36" n1="%E3%82%AD%E3%83%B3%E3%82%B0%E3%81%82%E3%81%A4%E3%81%97" n2="%E3%83%88%E3%82%AD%E9%9B%80%E7%8B%82%E4%BA%BA%E6%88%A6%E4%BB%A3%E8%A1%A8" n3="%E3%82%AF%E3%83%AD%E3%83%99%E3%82%A8" dan="16,17,16,16" rate="2148.92,2192.31,2100.38,2139.79" sx="M,M,M,M"/><TAIKYOKU oya="0"/><INIT seed="0,0,0,4,1,132" ten="250,250,250,250" oya="0" hai0="69,72,91,108,0,31,121,96,11,67,95,115,47" hai1="23,28,86,65,2,130,50,26,106,73,55,85,20" hai2="131,133,109,134,101,53,66,38,63,92,21,127,111" hai3="1,14,88,7,32,124,9,42,93,44,64,90,61"/><T104/><D115/><U110/><E73/><V114/><F114/><W5/><G32/><T87/><D121/><U36/><E2/><V70/><F21/><W112/><G112/><T128/><D128/><U77/><E106/><V19/><F19/><W56/><G124/><T75/><D108/><N who="2" m="41546" /><F92/><W45/><G45/><T6/><D31/><U33/><E130/><V103/><F131/><W41/><G90/><T3/><D3/><U80/><E36/><V107/><F107/><W24/><G24/><T46/><D67/><U8/><E8/><V48/><F101/><W117/><G117/><T98/><D69/><U43/><E43/><V68/><F103/><W78/><G78/><T71/><D71/><U12/><E12/><V102/><F102/><W59/><G59/><T125/><D125/><U97/><E97/><V60/><F38/><W129/><G129/><T40/><D104/><U22/><E110/><V105/><F105/><W116/><G116/><T99/><REACH who="0" step="1"/><D47/><REACH who="0" ten="240,250,250,250" step="2"/><U126/><E126/><V113/><F113/><W74/><G1/><T39/><AGARI ba="0,1" hai="0,6,11,39,40,46,72,75,87,91,95,96,98,99" machi="39" ten="30,11700,0" yaku="1,1,2,1,0,1,53,1" doraHai="132" doraHaiUra="83" who="0" fromWho="0" sc="240,127,250,-39,250,-39,250,-39" /><INIT seed="0,1,0,4,2,93" ten="367,211,211,211" oya="0" hai0="60,103,89,42,111,116,23,109,84,87,82,14,0" hai1="74,26,31,66,79,75,37,77,81,134,34,99,100" hai2="76,127,132,114,97,107,4,13,30,131,61,16,10" hai3="85,68,73,58,62,63,69,52,49,80,55,119,25"/><T48/><D116/><U41/><E134/><V78/><F114/><W45/><G73/><T18/><D0/><U130/><E130/><V120/><F120/><W3/><G3/><T72/><D72/><N who="1" m="43175" /><E79/><V28/><F131/><W2/><G2/><T51/><D103/><U12/><E12/><V102/><F132/><W91/><G119/><T40/><D60/><U133/><E133/><V123/><F123/><W86/><G25/><T94/><D48/><U122/><E66/><V39/><F39/><W57/><REACH who="3" step="1"/><G85/><REACH who="3" ten="367,211,211,201" step="2"/><T126/><D126/><U11/><E122/><V56/><F127/><W33/><G33/><T83/><D87/><U104/><E11/><V35/><F35/><W44/><G44/><AGARI ba="1,1" hai="26,31,34,37,41,44,74,75,99,100,104" m="43175" machi="44" ten="30,3900,0" yaku="33,2,52,1" doraHai="93" who="1" fromWho="3" sc="367,0,211,52,211,0,201,-42" /><INIT seed="1,0,0,4,1,86" ten="367,263,211,159" oya="1" hai0="26,119,122,94,74,107,100,82,9,101,93,18,33" hai1="98,1,44,111,66,109,39,81,90,68,132,84,121" hai2="97,60,124,22,12,118,108,16,15,11,6,29,41" hai3="46,130,78,102,52,56,47,65,40,134,69,2,133"/><U53/><E121/><V91/><F118/><W131/><G2/><T79/><D119/><U87/><E1/><V113/><F113/><W30/><G30/><T19/><D122/><U71/><E132/><N who="3" m="50794" /><G78/><T99/><D101/><U105/><E66/><V110/><F41/><W8/><G8/><T17/><REACH who="0" step="1"/><D9/><REACH who="0" ten="357,263,211,159" step="2"/><U49/><E39/><V83/><F108/><N who="1" m="41545" /><E87/><V7/><F110/><W36/><G102/><AGARI ba="0,1" hai="44,49,53,68,71,81,84,90,98,102,105" m="41545" machi="102" ten="30,5800,0" yaku="14,1,10,1,52,1" doraHai="86" who="1" fromWho="3" sc="357,0,263,68,211,0,159,-58" /><INIT seed="1,1,0,5,3,18" ten="357,331,211,101" oya="1" hai0="13,31,128,51,68,32,118,20,115,4,120,11,114" hai1="85,91,15,129,127,35,22,37,26,96,41,95,3" hai2="78,36,17,28,16,72,122,8,60,73,116,82,125" hai3="103,99,53,71,25,12,65,67,61,94,113,21,42"/><U50/><E3/><V59/><F122/><W123/><G123/><T74/><D68/><U19/><E127/><V33/><F125/><W47/><G113/><T44/><D74/><U75/><E75/><V80/><F36/><W132/><G132/><T86/><D120/><U109/><E129/><V121/><F121/><W38/><G12/><T14/><D118/><U110/><E37/><V70/><F70/><W89/><G67/><T81/><D32/><U63/><E63/><V56/><F116/><W92/><G53/><T119/><D119/><U49/><E41/><V90/><F33/><W39/><G38/><T101/><D101/><U10/><E35/><V106/><F28/><W23/><REACH who="3" step="1"/><G25/><REACH who="3" ten="357,331,211,91" step="2"/><T46/><D14/><U43/><E43/><V64/><F64/><W135/><G135/><T87/><D13/><U0/><E0/><V76/><F8/><W134/><G134/><T6/><D11/><U30/><REACH who="1" step="1"/><E96/><AGARI ba="1,1" hai="21,23,39,42,47,61,65,71,89,92,94,96,99,103" machi="96" ten="30,12000,2" yaku="1,1,7,1,52,2,53,2" doraHai="18" doraHaiUra="88" who="3" fromWho="1" sc="357,0,331,-123,211,0,91,133" /><INIT seed="2,0,0,3,5,66" ten="357,208,211,224" oya="2" hai0="42,74,7,87,35,106,131,111,10,33,120,133,85" hai1="15,30,27,119,47,36,65,6,39,83,26,118,1" hai2="82,4,105,52,92,95,114,116,49,28,76,0,57" hai3="22,103,17,71,130,126,45,51,61,121,110,128,40"/><V11/><F116/><W63/><G121/><T132/><D120/><U62/><E15/><V58/><F114/><W5/><G5/><T86/><D111/><U96/><E27/><V2/><F105/><W109/><G103/><T69/><D131/><N who="3" m="50217" /><G126/><T125/><D125/><U24/><E24/><V32/><F32/><W19/><G19/><T25/><D74/><U91/><E6/><V134/><F28/><W23/><G23/><T100/><D42/><U50/><E1/><V101/><F134/><W117/><G117/><T90/><D25/><U9/><E9/><V20/><F0/><W34/><G34/><T93/><D100/><U102/><E91/><V79/><F20/><W38/><G38/><T75/><D35/><N who="1" m="20951" /><E83/><V113/><F113/><W64/><G63/><T41/><D33/><U8/><E8/><V108/><F108/><N who="3" m="41579" /><G22/><T70/><D10/><U14/><E14/><V115/><F115/><W21/><G21/><T16/><D132/><U97/><E39/><V43/><F101/><W104/><G17/><T55/><D16/><U78/><E36/><V72/><F2/><W73/><G73/><T84/><D75/><U129/><E129/><V80/><F11/><W37/><G37/><T124/><D133/><U60/><E102/><V123/><F4/><W53/><G104/><T3/><D106/><U99/><E62/><V107/><F107/><W81/><G81/><T94/><D7/><U18/><E18/><V31/><F123/><W12/><G12/><T127/><D124/><U122/><E122/><V89/><F72/><W77/><G77/><T29/><D127/><RYUUKYOKU ba="0,0" sc="357,-10,208,-10,211,-10,224,30" hai3="40,45,51,53,61,64,71" /><INIT seed="3,1,0,5,1,74" ten="347,198,201,254" oya="3" hai0="5,25,91,108,131,26,72,6,99,13,66,39,94" hai1="58,54,10,117,69,90,135,8,61,53,92,104,130" hai2="41,34,73,79,81,33,16,111,14,40,89,105,83" hai3="9,37,86,2,22,49,42,46,23,100,71,18,101"/><W48/><G71/><T109/><D131/><U107/><E69/><V35/><F105/><W106/><G37/><T32/><D39/><U19/><E130/><V21/><F111/><N who="0" m="42570" /><D72/><U29/><E29/><V112/><REACH who="2" step="1"/><F112/><REACH who="2" ten="347,198,191,254" step="2"/><W129/><G129/><T126/><D126/><U67/><E107/><V84/><AGARI ba="1,1" hai="14,16,21,33,34,35,40,41,73,79,81,83,84,89" machi="84" ten="40,8000,1" yaku="1,1,2,1,0,1,52,1,54,1,53,0" doraHai="74" doraHaiUra="63" who="2" fromWho="2" sc="347,-21,198,-21,191,93,254,-41" /><INIT seed="4,0,0,5,4,4" ten="326,177,284,213" oya="0" hai0="103,45,91,12,100,49,111,25,78,84,110,123,42" hai1="94,124,16,24,73,0,114,74,83,21,18,53,106" hai2="118,14,31,133,81,2,75,121,19,51,69,5,126" hai3="22,130,107,80,13,102,52,55,135,117,61,113,58"/><T70/><D123/><U82/><E106/><V11/><F121/><W115/><G117/><T99/><D70/><U29/><E0/><V96/><F69/><W28/><G130/><T34/><D78/><U128/><E128/><V68/><F68/><W63/><G135/><T66/><D66/><U77/><E124/><V131/><F126/><W101/><G80/><T67/><D67/><U89/><E114/><N who="3" m="43530" /><G107/><T56/><D56/><U90/><E90/><V36/><F36/><W64/><G28/><N who="0" m="19727" /><D12/><U59/><E83/><V60/><F118/><W109/><G109/><N who="0" m="41483" /><D99/><U43/><E43/><V35/><F131/><W54/><G63/><T37/><D37/><U65/><E65/><V125/><F125/><W23/><G13/><T108/><D108/><U134/><E134/><V119/><F133/><W76/><G76/><T10/><D10/><U44/><E44/><V47/><F119/><W105/><G64/><T3/><D3/><U71/><E74/><V120/><F75/><W132/><G132/><T46/><D46/><U20/><E71/><V87/><F2/><W41/><G41/><T93/><AGARI ba="0,0" hai="42,45,49,84,91,93,100,103" m="41483,19727" machi="93" ten="30,1500,0" yaku="10,1" doraHai="4" who="0" fromWho="0" sc="326,15,177,-5,284,-5,213,-5" /><INIT seed="4,1,0,3,4,124" ten="341,172,279,208" oya="0" hai0="76,99,74,82,63,54,130,34,39,21,52,110,133" hai1="80,112,56,128,96,113,81,65,41,8,70,9,19" hai2="107,18,4,42,88,38,92,7,126,134,73,1,68" hai3="66,71,72,20,118,6,117,49,15,16,33,87,5"/><T14/><D34/><U95/><E70/><V35/><F107/><W29/><G72/><T78/><D133/><U85/><E41/><V102/><F35/><W86/><G49/><T45/><D110/><U89/><E81/><V51/><F68/><W129/><G66/><T83/><D130/><U17/><E128/><V25/><F73/><W60/><G60/><T75/><D99/><U57/><E9/><V101/><F38/><W109/><G71/><T55/><D63/><N who="1" m="38119" /><E57/><V23/><F126/><W13/><G87/><T119/><D119/><N who="3" m="45577" /><G86/><T0/><D0/><U24/><E8/><V94/><F1/><W69/><G69/><T116/><D116/><U59/><E59/><V132/><F132/><W47/><G47/><T58/><D58/><U108/><E24/><V43/><F134/><W123/><G129/><T50/><D39/><U77/><E108/><V97/><F102/><W106/><G106/><T10/><REACH who="0" step="1"/><D21/><REACH who="0" ten="331,172,279,208" step="2"/><U53/><E96/><N who="2" m="57351" /><F51/><W40/><G109/><T3/><D3/><U104/><E113/><V32/><F32/><W90/><G33/><T67/><D67/><U125/><E112/><V115/><F115/><W127/><G127/><T36/><D36/><U30/><E125/><V27/><F23/><W122/><G20/><T114/><D114/><U120/><E120/><V46/><F97/><W121/><G122/><T61/><D61/><U62/><E62/><V26/><F101/><W105/><G123/><T135/><D135/><U44/><E44/><V2/><F46/><W84/><G121/><T91/><D91/><U79/><E89/><V37/><F2/><RYUUKYOKU ba="1,1" sc="331,30,172,-10,279,-10,208,-10" hai0="10,14,45,50,52,54,55,74,75,76,78,82,83" /><INIT seed="4,2,1,3,2,7" ten="361,162,269,198" oya="0" hai0="53,29,121,83,105,64,131,74,16,80,109,47,11" hai1="134,35,122,60,68,125,92,15,23,4,103,124,37" hai2="62,8,26,89,82,27,107,133,86,132,58,85,49" hai3="102,135,28,31,12,78,119,129,110,13,97,59,88"/><T72/><D121/><U41/><E122/><V18/><F107/><W108/><G119/><T87/><D105/><U57/><E35/><V33/><F33/><W113/><G135/><N who="2" m="51785" /><F49/><W104/><G129/><T94/><D131/><U45/><E134/><V44/><F44/><W77/><G113/><T20/><D109/><U69/><E103/><V0/><F85/><W43/><G43/><T50/><D64/><U63/><E92/><V1/><F1/><W130/><G130/><T51/><D29/><U73/><E73/><V9/><F0/><W48/><G28/><T71/><D71/><U32/><E32/><V123/><F123/><W75/><G31/><T111/><D111/><U96/><E96/><V54/><F18/><W17/><G12/><N who="0" m="7199" /><D74/><U79/><E79/><V24/><AGARI ba="2,1" hai="8,9,24,26,27,54,58,62,82,86,89" m="51785" machi="24" ten="30,4000,0" yaku="20,1,52,2" doraHai="7" who="2" fromWho="2" sc="361,-22,162,-12,269,56,198,-12" /><INIT seed="5,0,0,0,0,89" ten="339,150,325,186" oya="1" hai0="12,33,90,54,110,59,83,77,127,15,114,65,62" hai1="8,16,37,49,10,29,27,50,107,57,0,128,87" hai2="43,119,106,88,135,11,120,3,132,115,126,78,94" hai3="46,21,56,99,105,52,73,9,79,85,66,129,48"/><U84/><E37/><V101/><F120/><W116/><G129/><T58/><D110/><U13/><E107/><V2/><F119/><W45/><G116/><T130/><D114/><U109/><E128/><V24/><F115/><W117/><G117/><T75/><D130/><U81/><E109/><V63/><F126/><W6/><G73/><T36/><D33/><U26/><E0/><V91/><F43/><W40/><G66/><T5/><D36/><U82/><E57/><V22/><F78/><W98/><G105/><T103/><D103/><U74/><E74/><V4/><F2/><W53/><G21/><T23/><D5/><U122/><E122/><V93/><F63/><W51/><G85/><T104/><D104/><U96/><E96/><V31/><F106/><W7/><G79/><T97/><D23/><N who="1" m="15615" /><E26/><V113/><F101/><W32/><G32/><T55/><D127/><U41/><E10/><V71/><F71/><W124/><G124/><T68/><D68/><U76/><E41/><V39/><F39/><W1/><REACH who="3" step="1"/><G6/><REACH who="3" ten="339,150,325,176" step="2"/><T118/><D118/><U64/><E64/><V111/><F111/><W19/><G19/><T60/><D65/><U44/><E44/><V47/><F47/><W102/><G102/><T69/><D69/><U20/><E20/><V18/><F18/><W131/><G131/><T34/><D34/><U67/><E67/><V70/><F70/><W17/><G17/><T80/><D97/><U72/><E72/><V123/><F123/><W112/><G112/><T95/><D75/><U125/><E125/><V30/><F113/><W133/><G133/><RYUUKYOKU ba="0,1" sc="339,-15,150,15,325,-15,176,15" hai1="8,13,16,49,50,76,81,82,84,87" hai3="1,7,9,40,45,46,48,51,52,53,56,98,99" /><INIT seed="5,1,1,4,0,121" ten="324,165,310,191" oya="1" hai0="56,51,3,28,5,10,32,44,113,16,100,126,83" hai1="127,101,11,134,124,46,92,48,17,116,104,6,30" hai2="22,109,54,120,108,21,85,98,65,73,89,96,15" hai3="52,20,68,4,131,53,94,87,49,66,129,118,45"/><U115/><E116/><V90/><F73/><W70/><G118/><T25/><D113/><U38/><E115/><V72/><F72/><W55/><G4/><T23/><D126/><N who="1" m="48171" /><E134/><V112/><F112/><W103/><G20/><T105/><D83/><U1/><E30/><V84/><F65/><W122/><G122/><T33/><D56/><U67/><E67/><V64/><F64/><W95/><G103/><T78/><D78/><U62/><E62/><V99/><F54/><N who="3" m="21099" /><G87/><T8/><D8/><U43/><E17/><V86/><F120/><W97/><G97/><T71/><D71/><N who="3" m="27177" /><G66/><T125/><D125/><U35/><E35/><V79/><F79/><W39/><G95/><T60/><D32/><U34/><E34/><V102/><F102/><W37/><G94/><T61/><D100/><U110/><E110/><N who="2" m="42603" /><F15/><W75/><G75/><T58/><D105/><U7/><E7/><V123/><F123/><W19/><G19/><T107/><D107/><U69/><E69/><V80/><F80/><W42/><G37/><T9/><D33/><U47/><E92/><V82/><F82/><W18/><G18/><T41/><D28/><U13/><E101/><V130/><F21/><W40/><G40/><T57/><D10/><U31/><E104/><V133/><F22/><W12/><G12/><T88/><D9/><U29/><E13/><V63/><F99/><W27/><G27/><T74/><D25/><U81/><E81/><V91/><F98/><W2/><G2/><T111/><D111/><U24/><E24/><V114/><F96/><W77/><G77/><T50/><D3/><RYUUKYOKU ba="1,1" sc="324,-15,165,15,310,-15,191,15" hai1="1,6,11,29,31,38,43,46,47,48" hai3="39,42,45,49,55,129,131" /><INIT seed="5,2,1,0,5,46" ten="309,180,295,206" oya="1" hai0="6,78,4,100,90,52,49,87,88,117,122,24,17" hai1="73,92,12,131,133,109,76,108,0,118,127,113,9" hai2="16,69,103,134,130,40,114,81,15,23,31,30,10" hai3="128,19,121,115,33,102,125,35,94,105,22,45,123"/><U84/><E118/><V11/><F69/><W50/><G105/><T112/><D117/><U44/><E113/><V106/><F114/><W56/><G115/><T89/><D112/><U64/><E127/><V63/><F134/><W36/><G36/><T65/><D122/><U97/><E133/><V34/><F130/><W8/><G125/><T107/><D65/><U13/><E131/><V43/><F106/><W60/><G128/><T39/><D39/><U99/><E64/><V126/><F103/><W132/><G8/><T68/><D68/><U66/><E66/><V1/><F63/><W14/><G132/><T21/><D100/><U47/><E73/><V70/><F70/><W55/><G33/><T135/><D107/><U48/><E0/><V85/><F126/><W62/><G35/><T96/><D96/><N who="1" m="36939" /><E47/><V26/><F31/><W58/><G94/><T74/><D74/><U95/><E76/><V101/><F10/><W77/><G102/><T75/><D75/><U59/><E59/><V83/><F101/><W71/><G77/><T37/><D37/><U110/><E84/><V72/><F72/><W98/><G98/><T82/><D135/><U7/><E13/><V53/><F85/><W93/><G93/><T61/><D61/><N who="3" m="23657" /><G71/><T91/><N who="0" m="22528" /><DORA hai="2" /><T20/><D20/><U80/><E80/><N who="2" m="30795" /><F1/><W124/><G124/><T86/><D86/><U5/><E5/><V111/><F34/><W42/><G58/><AGARI ba="2,1" hai="4,6,17,21,24,49,52,58,78,82,87" m="22528" machi="58" ten="50,12000,2" yaku="8,1,52,3,54,2" doraHai="46,2" who="0" fromWho="3" sc="309,136,180,0,295,0,206,-126" /><INIT seed="6,0,0,4,1,63" ten="445,180,295,80" oya="2" hai0="123,43,118,66,111,71,65,100,31,135,72,117,34" hai1="11,130,38,36,126,27,24,56,82,53,70,59,76" hai2="29,51,17,109,115,62,119,28,105,2,48,110,37" hai3="133,42,32,90,20,60,39,30,49,40,35,80,33"/><V131/><F105/><W95/><G133/><T84/><D111/><N who="2" m="42506" /><F2/><W121/><G121/><T73/><D123/><U99/><E70/><V41/><F119/><N who="0" m="45578" /><D71/><U89/><E36/><V78/><F78/><W86/><G39/><T58/><D58/><U113/><E38/><V106/><F106/><W81/><G81/><T46/><D100/><U55/><E76/><V9/><F115/><W69/><G49/><N who="0" m="26847" /><D84/><U83/><E113/><V97/><F131/><W93/><G93/><T23/><D34/><U116/><E130/><V134/><F134/><W10/><G10/><T6/><D6/><U16/><E116/><V104/><F37/><W101/><G101/><T87/><D87/><U67/><E11/><V75/><F75/><N who="0" m="28746" /><D135/><U19/><E83/><V1/><F48/><W107/><G107/><T85/><D85/><U54/><E82/><V124/><F51/><W3/><G3/><T47/><D47/><U50/><E50/><V103/><F41/><W128/><G128/><T5/><D5/><U13/><E59/><V21/><F62/><W132/><G132/><T68/><D68/><U94/><E56/><V61/><F61/><W26/><REACH who="3" step="1"/><G80/><REACH who="3" ten="445,180,295,70" step="2"/><T122/><D122/><U14/><E94/><V52/><F1/><W91/><G91/><T4/><D4/><U79/><E89/><V12/><F9/><W44/><G44/><T18/><D31/><U96/><E79/><V120/><F120/><W57/><G57/><T129/><D129/><U127/><E19/><V102/><F102/><W112/><G112/><T98/><D98/><U92/><E96/><V15/><F97/><RYUUKYOKU ba="0,1" sc="445,15,180,-15,295,-15,70,15" hai0="18,23,65,66" hai3="20,26,30,32,33,35,40,42,60,69,86,90,95" /><INIT seed="7,1,1,1,2,17" ten="460,165,280,85" oya="3" hai0="63,46,59,104,52,130,42,77,68,91,71,106,126" hai1="43,80,135,101,117,25,113,29,82,41,86,97,57" hai2="6,5,93,1,128,12,36,127,134,61,22,111,98" hai3="21,16,20,85,62,84,74,37,19,49,83,23,28"/><W3/><G37/><T24/><D126/><U99/><E113/><V109/><F36/><W53/><G3/><T4/><D130/><U15/><E135/><V60/><F128/><W73/><G28/><T13/><D77/><U102/><E117/><V7/><F1/><W30/><G30/><T89/><D24/><U103/><E15/><V18/><F127/><W14/><G74/><T78/><D78/><N who="1" m="46359" /><E82/><V65/><F134/><W88/><G62/><T125/><D42/><N who="1" m="15883" /><E57/><V51/><F111/><W69/><G69/><T11/><D46/><U75/><E75/><V47/><F65/><W26/><G73/><T33/><D33/><U45/><E45/><V9/><F9/><N who="3" m="6607" /><G85/><T81/><D125/><U120/><E120/><V64/><F64/><W0/><G0/><T40/><D106/><U116/><E116/><V44/><F109/><W66/><G66/><T123/><D104/><U132/><E132/><V35/><F35/><W34/><G34/><T100/><D123/><U133/><E133/><V105/><F105/><W95/><G95/><T87/><D71/><U55/><E55/><N who="2" m="30183" /><F47/><AGARI ba="1,1" hai="16,20,21,23,26,47,49,53,83,84,88" m="6607" machi="47" ten="30,18000,2" yaku="25,1,8,1,52,3,54,2" doraHai="17" who="3" fromWho="2" sc="460,0,165,0,280,-183,85,193" /><INIT seed="7,2,0,2,1,95" ten="460,165,97,278" oya="3" hai0="22,19,36,132,110,26,74,85,17,91,53,11,62" hai1="79,118,20,42,64,108,93,112,77,128,23,4,101" hai2="18,96,116,8,67,46,10,102,99,133,123,90,97" hai3="54,37,57,87,111,122,31,94,28,80,50,125,107"/><W16/><G107/><T47/><D110/><U35/><E35/><V69/><F123/><W32/><G122/><T45/><D74/><U24/><E108/><V27/><F116/><W106/><G106/><T40/><D132/><U43/><E112/><V48/><F133/><W9/><G111/><T121/><D121/><U75/><E75/><V81/><F69/><W134/><G134/><T44/><D11/><U38/><E4/><V115/><F67/><W68/><G68/><T129/><D129/><U131/><E64/><V29/><F115/><W30/><G37/><T25/><D53/><U5/><E5/><V130/><F130/><W86/><G125/><T65/><D19/><U103/><E93/><V52/><F102/><W51/><G32/><T98/><D98/><U14/><E14/><N who="2" m="7495" /><F10/><W83/><G51/><T82/><D26/><U6/><E38/><V109/><F109/><W41/><G41/><T33/><D33/><U21/><E118/><V92/><F81/><N who="3" m="31307" /><G94/><T2/><D2/><U15/><E131/><V56/><F46/><W59/><G57/><AGARI ba="2,0" hai="17,22,25,36,40,44,45,47,57,62,65,82,85,91" machi="57" ten="30,1000,0" yaku="7,1" doraHai="95" who="0" fromWho="3" sc="460,16,165,0,97,0,278,-16" owari="476,57.0,165,-23.0,97,-40.0,262,6.0" /></mjloggm>