<mjloggm ver="2.3"><GO type="169" lobby="0"/><UN n0="%E3%81%A4%E3%82%89%E3%81%84%E3%80%82" n1="%E3%81%86%E3%82%8C%E3%81%97%E3%81%92%E3%81%8A" n2="%62%75%72%65%61%36" n3="%E3%83%88%E3%82%AD%E9%9B%80%E7%8B%82%E4%BA%BA%E6%88%A6%E4%BB%A3%E8%A1%A8" dan="16,16,16,16" rate="2105.57,2052.69,2155.18,2094.34" sx="M,M,M,M"/><TAIKYOKU oya="0"/><INIT seed="0,0,0,0,4,18" ten="250,250,250,250" oya="0" hai0="27,89,88,78,116,97,76,114,83,68,72,28,110" hai1="122,42,12,48,58,94,132,102,106,87,100,123,109" hai2="108,129,117,7,103,9,86,29,32,95,4,15,55" hai3="111,91,120,101,74,36,41,24,82,62,19,92,14"/><T10/><D114/><U50/><E109/><V90/><F108/><W77/><G111/><T131/><D110/><U3/><E3/><V39/><F129/><W121/><G101/><T124/><D131/><U130/><E130/><V11/><F117/><W115/><G115/><T104/><D116/><U81/><E132/><V105/><F39/><W64/><G41/><T135/><D135/><U31/><E106/><V71/><F71/><W46/><G46/><T54/><D78/><U66/><E31/><V23/><F32/><W8/><G24/><T0/><D68/><U5/><E102/><V113/><F113/><W17/><G17/><T75/><D75/><U127/><E127/><V79/><F79/><W56/><REACH who="3" step="1"/><G36/><REACH who="3" ten="250,250,250,240" step="2"/><T126/><D124/><U13/><E42/><V16/><F103/><W118/><G118/><T107/><D126/><U59/><E100/><V69/><F105/><W80/><G80/><T51/><D107/><U37/><E81/><V43/><F43/><W60/><G60/><T30/><D104/><U53/><E37/><V47/><F47/><W84/><AGARI ba="0,1" hai="8,14,19,56,62,64,74,77,82,84,91,92,120,121" machi="84" ten="30,2000,0" yaku="1,1,0,1,53,0" doraHai="18" doraHaiUra="65" who="3" fromWho="3" sc="250,-10,250,-5,250,-5,240,30" /><INIT seed="1,0,0,2,0,77" ten="240,245,245,270" oya="1" hai0="132,68,46,10,59,60,113,23,20,1,13,130,131" hai1="69,21,40,45,11,44,92,95,129,118,55,91,26" hai2="33,73,27,94,12,82,121,111,89,105,29,124,84" hai3="120,119,9,6,103,108,90,106,114,134,41,39,49"/><U32/><E118/><V22/><F111/><W61/><G119/><T62/><D113/><U99/><E129/><N who="0" m="49161" /><D1/><U102/><E69/><V57/><F124/><W28/><G120/><T123/><D123/><U97/><E32/><V58/><F121/><W93/><G114/><T8/><D8/><U100/><E11/><V71/><F71/><W104/><G39/><T38/><D68/><U17/><E40/><V110/><F110/><W101/><G28/><T76/><D76/><U30/><E30/><V37/><F37/><W4/><G134/><T7/><D62/><U56/><REACH who="1" step="1"/><E100/><REACH who="1" ten="240,235,245,270" step="2"/><V75/><F33/><W86/><G41/><N who="0" m="22839" /><D132/><U43/><E43/><V54/><F29/><W63/><G9/><T116/><D116/><U42/><E42/><V64/><F22/><W18/><G103/><T133/><D133/><U15/><E15/><V31/><F12/><W16/><G101/><T25/><D25/><U128/><E128/><V67/><F27/><W72/><G108/><T98/><D23/><U85/><E85/><V24/><F24/><W3/><G86/><T78/><D20/><U35/><E35/><V34/><F31/><W109/><G109/><T36/><D36/><U107/><E107/><V70/><F105/><W112/><G104/><T19/><D13/><U74/><E74/><V14/><F34/><W66/><G106/><T115/><D10/><U50/><AGARI ba="0,1" hai="17,21,26,44,45,50,55,56,91,92,95,97,99,102" machi="50" ten="20,7800,0" yaku="1,1,0,1,7,1,8,1,53,0" doraHai="77" doraHaiUra="80" who="1" fromWho="1" sc="240,-26,235,88,245,-26,270,-26" /><INIT seed="1,1,0,3,1,134" ten="214,323,219,244" oya="1" hai0="31,25,72,101,123,109,87,130,117,102,84,110,4" hai1="131,95,50,133,70,120,11,48,40,2,63,16,3" hai2="92,124,113,122,54,91,42,66,129,96,29,68,94" hai3="99,19,103,32,114,93,111,5,128,21,61,79,112"/><U55/><E120/><V127/><F122/><W89/><G32/><T90/><D123/><U76/><E133/><V125/><F129/><W27/><G128/><T59/><D72/><U78/><E131/><V12/><F113/><W107/><G111/><N who="0" m="42507" /><D130/><U75/><E3/><V20/><F42/><W82/><G5/><T65/><D4/><U28/><E28/><V132/><F132/><W56/><G103/><N who="0" m="39435" /><D90/><U88/><E75/><V18/><F54/><W116/><G107/><T9/><D9/><U46/><E2/><V15/><F92/><W57/><G57/><T83/><D83/><U35/><E35/><V7/><F29/><W73/><REACH who="3" step="1"/><G116/><REACH who="3" ten="214,323,219,234" step="2"/><T121/><D117/><U44/><E70/><V58/><F68/><W10/><G10/><T6/><D6/><U23/><E11/><N who="2" m="4223" /><F58/><W33/><G33/><N who="0" m="20719" /><D121/><U0/><E0/><V71/><F71/><W24/><G24/><T100/><D100/><U81/><E81/><V60/><F60/><AGARI ba="1,1" hai="59,60,65,84,87" m="20719,39435,42507" machi="60" ten="30,1000,0" yaku="14,1" doraHai="134" who="0" fromWho="2" sc="214,23,323,0,219,-13,234,0" /><INIT seed="2,0,0,0,3,64" ten="237,323,206,234" oya="2" hai0="36,21,34,35,95,77,25,131,2,132,96,0,124" hai1="68,89,56,38,86,120,123,93,10,128,42,32,61" hai2="98,121,23,49,80,125,45,55,112,117,107,106,12" hai3="103,115,43,8,70,3,88,51,28,134,67,118,16"/><V52/><F117/><W1/><G118/><T14/><D36/><U41/><E32/><V83/><F112/><W31/><G103/><T30/><D77/><U37/><E10/><V100/><F121/><N who="1" m="46665" /><E128/><V113/><F113/><W74/><G74/><T90/><D131/><U92/><E92/><V109/><F125/><W81/><G134/><T22/><D124/><U65/><E38/><V71/><F107/><W27/><G115/><T75/><D75/><U26/><E37/><V108/><F71/><W133/><G133/><T54/><D132/><U53/><E26/><V63/><F63/><AGARI ba="0,0" hai="41,42,53,56,61,63,65,68,86,89,93" m="46665" machi="63" ten="30,2000,0" yaku="13,1,52,1" doraHai="64" who="1" fromWho="2" sc="237,0,323,20,206,-20,234,0" /><INIT seed="3,0,0,1,5,131" ten="237,343,186,234" oya="3" hai0="56,82,117,106,88,116,5,87,104,55,68,110,28" hai1="18,118,33,120,23,134,52,38,94,77,124,53,34" hai2="31,125,9,13,26,19,59,24,93,92,81,75,35" hai3="119,65,36,20,16,14,95,47,62,46,51,61,67"/><W133/><G119/><T17/><D68/><U105/><E120/><V11/><F125/><W70/><G36/><T111/><D5/><U4/><E105/><N who="0" m="40553" /><D28/><U12/><E118/><V21/><F75/><W71/><G133/><T89/><D17/><U126/><E38/><V73/><F73/><W127/><G127/><T78/><D117/><U42/><E42/><V15/><F81/><W85/><G51/><T54/><D54/><U48/><E53/><V63/><F35/><W7/><G7/><T132/><D132/><U86/><E134/><V97/><F26/><W123/><G123/><T112/><D116/><U80/><E33/><V100/><F93/><W135/><G135/><T50/><D112/><U108/><E34/><V43/><F43/><W107/><G107/><T49/><D49/><U66/><E66/><V114/><F114/><W91/><AGARI ba="0,0" hai="14,16,20,46,47,61,62,65,67,70,71,85,91,95" machi="91" ten="30,6000,0" yaku="0,1,9,1,54,1" doraHai="131" who="3" fromWho="3" sc="237,-20,343,-20,186,-20,234,60" /><INIT seed="3,1,0,0,5,133" ten="217,323,166,294" oya="3" hai0="81,110,86,90,33,75,68,13,53,124,0,106,93" hai1="94,40,36,111,1,10,62,5,82,25,57,96,101" hai2="8,51,45,66,61,58,47,6,9,113,112,95,92" hai3="65,125,108,22,121,119,105,99,88,109,77,50,97"/><W16/><G121/><T131/><D0/><U80/><E111/><N who="3" m="42570" /><G119/><T27/><D110/><U44/><REACH who="1" step="1"/><E25/><REACH who="1" ten="217,313,166,294" step="2"/><V85/><F113/><W32/><G105/><T26/><D106/><U60/><E60/><V15/><F112/><W78/><G32/><T123/><D33/><U54/><AGARI ba="1,1" hai="1,5,10,36,40,44,54,57,62,80,82,94,96,101" machi="54" ten="20,2700,0" yaku="1,1,0,1,7,1,53,0" doraHai="133" doraHaiUra="31" who="1" fromWho="1" sc="217,-8,313,40,166,-8,294,-14" /><INIT seed="4,0,0,5,5,112" ten="209,353,158,280" oya="0" hai0="65,126,117,36,104,22,3,103,37,48,18,81,27" hai1="72,57,17,26,16,12,55,106,88,78,44,121,71" hai2="13,46,100,97,86,35,128,80,39,69,50,74,73" hai3="62,127,108,56,111,47,116,89,125,122,42,53,95"/><T123/><D123/><U67/><E121/><V15/><F35/><W41/><G122/><T40/><D3/><U54/><E106/><V66/><F39/><W49/><G95/><T119/><D65/><U1/><E1/><V5/><F128/><W43/><G89/><T10/><D126/><N who="3" m="48137" /><G116/><T82/><D37/><U7/><E7/><V34/><F34/><W58/><G58/><T21/><D36/><U115/><E115/><V102/><F66/><AGARI ba="0,0" hai="41,42,43,47,49,53,56,62,66,108,111" m="48137" machi="66" ten="30,3900,0" yaku="18,1,34,2" doraHai="112" who="3" fromWho="2" sc="209,0,353,0,158,-39,280,39" /><INIT seed="5,0,0,4,4,64" ten="209,353,119,319" oya="1" hai0="127,13,4,27,14,56,99,94,98,36,31,40,90" hai1="135,57,119,125,22,82,19,133,47,9,117,18,69" hai2="100,46,122,53,129,23,112,79,76,65,131,128,39" hai3="105,81,80,120,60,110,102,52,2,25,11,103,87"/><U37/><E125/><V6/><F122/><W58/><G120/><T32/><D127/><U107/><E107/><V124/><F124/><W54/><G110/><T44/><D4/><U101/><E101/><V49/><F112/><W83/><G105/><T1/><D1/><U108/><E108/><V50/><F39/><W86/><G2/><T3/><D3/><U88/><E57/><V118/><F118/><W93/><G11/><T113/><D113/><U17/><E9/><V55/><F65/><W5/><G5/><T33/><D33/><U68/><E22/><V0/><F100/><N who="3" m="38443" /><G25/><T75/><D75/><U66/><E66/><V111/><F111/><W77/><G54/><T70/><D70/><N who="1" m="27243" /><E47/><V48/><F23/><W73/><G73/><T12/><REACH who="0" step="1"/><D56/><REACH who="0" ten="199,353,119,319" step="2"/><U91/><E119/><V106/><F6/><W20/><G58/><T116/><D116/><U92/><E117/><V43/><F0/><W84/><G77/><T67/><D67/><U74/><E74/><V16/><F106/><W26/><G81/><T109/><D109/><U62/><E82/><V59/><F79/><W121/><G80/><T41/><D41/><U85/><E133/><V97/><F76/><W35/><G83/><T96/><AGARI ba="0,1" hai="12,13,14,27,31,32,36,40,44,90,94,96,98,99" machi="96" ten="30,2000,0" yaku="1,1,0,1,53,0" doraHai="64" doraHaiUra="132" who="0" fromWho="0" sc="199,30,353,-10,119,-5,319,-5" /><INIT seed="6,0,0,0,1,52" ten="229,343,114,314" oya="2" hai0="26,6,133,107,60,49,4,108,56,109,110,104,20" hai1="90,28,85,31,78,5,64,40,35,95,128,80,100" hai2="99,0,8,105,113,10,131,39,114,98,32,126,119" hai3="71,22,82,94,121,48,74,89,72,12,19,34,1"/><V81/><F119/><W11/><G71/><T120/><D120/><U41/><E128/><V25/><F39/><W91/><G121/><T83/><D133/><U132/><E132/><V115/><F131/><W79/><G34/><T14/><D49/><U101/><E5/><V37/><F37/><W135/><G135/><T21/><D83/><U122/><E122/><V47/><F126/><W88/><G74/><T38/><D38/><U16/><E64/><V36/><F81/><W69/><G69/><T17/><D4/><U44/><E101/><N who="2" m="62647" /><F0/><W33/><G33/><T92/><D92/><U75/><E35/><V59/><F99/><W84/><G1/><T24/><D6/><U118/><E118/><V116/><F116/><W130/><G130/><T73/><D73/><U54/><E100/><V9/><F59/><W111/><G111/><T117/><D117/><U63/><E75/><V112/><N who="2" m="28672" /><DORA hai="76" /><V57/><F57/><W96/><G72/><T29/><REACH who="0" step="1"/><D26/><REACH who="0" ten="219,343,114,314" step="2"/><U27/><E27/><V30/><F36/><W67/><G82/><T61/><D61/><U66/><E63/><V102/><F102/><W62/><G48/><T77/><D77/><U129/><E78/><V18/><F47/><W86/><G79/><T2/><D2/><U42/><E44/><V58/><F58/><W7/><G62/><T13/><D13/><AGARI ba="0,1" hai="8,9,10,13,18,25,30,32" m="28672,62647" machi="13" ten="60,2900,0" yaku="15,1" doraHai="52,76" who="2" fromWho="0" sc="219,-29,343,0,114,39,314,0" /><INIT seed="6,1,0,1,3,133" ten="190,343,153,314" oya="2" hai0="40,4,37,69,39,122,100,48,45,10,32,118,23" hai1="93,126,83,54,116,130,86,29,87,67,7,27,72" hai2="8,57,101,61,26,109,66,103,134,114,90,60,108" hai3="68,56,47,112,58,123,62,5,3,74,25,78,6"/><V22/><F134/><W18/><G123/><T117/><D122/><U95/><E116/><N who="0" m="44649" /><D32/><U111/><E111/><N who="2" m="42571" /><F114/><W28/><G68/><T42/><D69/><U31/><E67/><V41/><F41/><W104/><G104/><T124/><D100/><U128/><E7/><V9/><F61/><W125/><G112/><T106/><D106/><U135/><E135/><V80/><F90/><W20/><G74/><T17/><D42/><U110/><E110/><V96/><F80/><W63/><G78/><T92/><D92/><U55/><E83/><V129/><F129/><W113/><G113/><T121/><D121/><U84/><E128/><V102/><F96/><W21/><G47/><T71/><D71/><U46/><E46/><V13/><F13/><W34/><G3/><N who="0" m="287" /><D124/><U12/><E126/><V11/><F103/><W53/><G125/><T131/><D131/><U0/><E130/><V38/><F38/><W88/><G63/><T51/><D39/><U73/><E95/><V50/><F50/><W30/><G62/><T36/><D36/><U81/><E93/><V52/><F66/><W70/><G70/><T43/><D43/><U98/><E81/><V64/><F64/><W76/><G53/><T115/><D115/><U91/><E55/><V120/><F120/><W82/><G82/><T59/><D59/><U14/><E54/><V85/><F85/><W127/><G58/><T99/><D99/><U44/><E87/><V49/><F60/><W119/><G127/><T65/><D65/><U15/><E98/><V89/><F89/><W97/><G97/><T33/><D37/><RYUUKYOKU ba="1,0" sc="190,-10,343,-10,153,30,314,-10" hai2="8,9,11,22,26,49,52,57,101,102" /><INIT seed="6,2,0,5,3,47" ten="180,333,183,304" oya="2" hai0="16,17,11,64,107,92,88,18,129,108,76,117,32" hai1="110,14,103,126,46,100,45,114,120,37,60,6,57" hai2="33,13,66,94,10,31,30,124,21,74,104,69,132" hai3="118,19,7,113,20,71,96,12,58,73,93,79,23"/><V61/><F104/><W62/><G71/><T55/><D108/><U43/><E110/><V84/><F74/><W36/><G118/><T101/><D32/><U78/><E114/><V102/><F124/><W82/><G36/><T54/><D117/><U48/><E126/><V68/><F132/><W121/><G113/><T127/><D127/><U56/><E56/><V67/><F33/><W5/><G23/><T4/><D76/><U83/><E120/><V22/><F22/><W26/><G12/><N who="0" m="5223" /><D107/><U115/><E115/><V91/><F102/><W34/><G34/><T35/><D35/><U2/><E2/><V51/><F21/><W90/><REACH who="3" step="1"/><G121/><REACH who="3" ten="180,333,183,294" step="2"/><T27/><D129/><U116/><E116/><V75/><F13/><W97/><G97/><T50/><D27/><U123/><E123/><V24/><F68/><W77/><G77/><T28/><D28/><U122/><E122/><V8/><F30/><W15/><G15/><T25/><D25/><U80/><E14/><V72/><F24/><W53/><AGARI ba="2,1" hai="5,7,19,20,26,53,58,62,73,79,82,90,93,96" machi="53" ten="20,8000,1" yaku="1,1,0,1,7,1,25,2,53,0" doraHai="47" doraHaiUra="65" who="3" fromWho="3" sc="180,-22,333,-22,183,-42,294,96" /><INIT seed="7,0,0,2,3,55" ten="158,311,141,390" oya="3" hai0="70,0,127,5,31,133,38,62,34,135,44,82,17" hai1="87,79,118,45,89,3,68,110,7,11,59,125,114" hai2="71,104,116,18,67,42,81,32,69,36,86,6,85" hai3="102,117,49,132,37,9,91,108,97,47,41,14,16"/><W121/><G132/><N who="0" m="50763" /><D127/><U50/><E110/><V84/><F116/><W77/><G77/><T8/><D17/><U109/><E109/><V131/><F104/><W94/><G108/><T58/><D70/><U56/><E125/><V21/><F32/><W30/><G30/><T48/><D38/><U92/><E68/><V40/><F131/><W95/><G121/><T107/><D107/><U46/><E118/><V10/><F36/><W123/><G123/><T72/><D31/><U1/><E114/><V128/><F128/><W57/><G117/><T105/><D105/><U28/><E28/><V65/><F71/><W63/><G37/><T130/><D34/><U26/><E26/><V134/><F134/><W61/><G57/><T106/><D106/><U20/><E20/><V23/><F81/><W100/><G100/><T60/><D130/><U2/><E79/><V83/><F83/><W119/><G119/><T22/><D22/><N who="2" m="8202" /><F6/><W15/><G15/><T78/><D58/><U33/><E33/><V98/><F98/><AGARI ba="0,0" hai="9,14,16,41,47,49,61,63,91,94,95,97,98,102" machi="98" ten="30,5800,0" yaku="7,1,8,1,54,1" doraHai="55" who="3" fromWho="2" sc="158,0,311,0,141,-58,390,58" owari="158,-24.0,311,11.0,83,-42.0,448,55.0" /></mjloggm>