<mjloggm ver="2.3"><GO type="169" lobby="0"/><UN n0="%52%45%49%4E%E6%A3%AE%E4%B9%85%E4%BF%9D%50" n1="%6D%61%74%6F%30%36%30%33" n2="%E8%91%B5%E3%81%A1%E3%82%83%E3%82%93" n3="%E3%82%B7%E3%83%B3%E3%83%97%E3%83%AB%E3%81%AA%E3%83%AF%E3%82%AD%E3%82%AC" dan="16,18,16,18" rate="2146.22,2284.02,2149.00,2176.96" sx="M,M,F,M"/><TAIKYOKU oya="0"/><INIT seed="0,0,0,3,5,33" ten="250,250,250,250" oya="0" hai0="133,84,124,90,43,28,54,44,63,41,31,65,131" hai1="34,15,73,32,96,117,3,13,25,30,52,68,95" hai2="38,92,106,14,112,46,104,77,22,24,132,48,6" hai3="91,126,120,2,9,79,66,5,7,129,23,49,128"/><T16/><D131/><N who="3" m="50249" /><G79/><T110/><D133/><U78/><E117/><V85/><F112/><W88/><G126/><T35/><D110/><U37/><E37/><V114/><F114/><W97/><G66/><T67/><D124/><U74/><E68/><V100/><F132/><W86/><G120/><T107/><D107/><U123/><E123/><V108/><F38/><W103/><G86/><T94/><D54/><U50/><E34/><V59/><F59/><W8/><G23/><T11/><D65/><U57/><E3/><V80/><F100/><W134/><G49/><T20/><D11/><U102/><REACH who="1" step="1"/><E78/><REACH who="1" ten="250,240,250,250" step="2"/><V58/><F77/><W76/><G76/><T81/><D35/><U36/><E36/><V1/><F1/><N who="3" m="47" /><G134/><T17/><D43/><U18/><E18/><V101/><F6/><W10/><G10/><T61/><D17/><U130/><E130/><V113/><F113/><W83/><G83/><T40/><D81/><U29/><E29/><V99/><F80/><W27/><G27/><T119/><D41/><U70/><E70/><V12/><F24/><W21/><G21/><T75/><D119/><U26/><E26/><V115/><F22/><W116/><G116/><T47/><D40/><U64/><E64/><V69/><F115/><W45/><G45/><N who="0" m="17483" /><D75/><AGARI ba="0,1" hai="13,15,25,30,32,50,52,57,73,74,75,95,96,102" machi="75" ten="40,5200,0" yaku="1,1,54,1,53,1" doraHai="33" doraHaiUra="89" who="1" fromWho="0" sc="250,-52,240,62,250,0,250,0" /><INIT seed="1,0,0,1,0,119" ten="198,302,250,250" oya="1" hai0="20,86,38,134,46,40,3,90,102,31,111,73,26" hai1="80,67,98,125,132,88,76,22,24,120,135,115,85" hai2="53,117,91,83,10,54,47,123,2,17,65,95,57" hai3="29,121,13,93,1,105,58,41,94,112,23,27,34"/><U89/><E115/><V6/><F117/><W128/><G112/><T18/><D111/><U127/><E67/><V37/><F83/><W60/><G105/><T61/><D3/><U59/><E59/><V71/><F71/><W39/><G1/><T15/><D134/><N who="1" m="51243" /><E120/><V75/><F75/><W92/><G128/><T72/><D102/><U66/><E66/><V43/><F123/><W63/><G121/><T108/><D108/><U44/><E44/><V131/><F131/><W55/><G63/><T110/><D61/><U114/><E114/><V77/><F65/><W118/><G118/><T68/><D68/><U50/><E50/><V81/><F17/><W97/><G41/><T25/><D25/><U64/><E64/><V11/><F11/><W30/><G39/><T129/><D129/><U45/><E45/><V19/><F19/><W4/><G34/><T9/><REACH who="0" step="1"/><D110/><REACH who="0" ten="188,302,250,250" step="2"/><U74/><E24/><V70/><F70/><W16/><REACH who="3" step="1"/><G97/><REACH who="3" ten="188,302,250,240" step="2"/><T87/><D87/><U69/><E69/><V35/><F2/><W51/><G51/><T100/><D100/><U52/><E98/><V14/><F37/><W126/><G126/><T104/><D104/><U84/><E84/><V96/><F96/><W5/><G5/><T32/><D32/><U21/><E85/><V133/><F35/><W49/><G49/><T42/><D42/><U82/><E52/><V62/><F53/><W116/><G116/><T28/><D28/><U78/><E125/><V8/><F133/><W107/><G107/><T113/><D113/><U79/><E127/><V12/><F43/><W106/><G106/><RYUUKYOKU ba="0,2" sc="188,15,302,-15,250,-15,240,15" hai0="9,15,18,20,26,31,38,40,46,72,73,86,90" hai3="4,13,16,23,27,29,30,55,58,60,92,93,94" /><INIT seed="2,1,2,1,4,96" ten="203,287,235,255" oya="2" hai0="94,44,91,107,106,113,34,31,100,15,59,47,21" hai1="49,109,11,128,0,111,57,63,17,120,42,95,14" hai2="82,10,119,93,123,52,20,53,40,61,27,2,73" hai3="35,18,19,24,104,56,23,117,51,108,16,55,92"/><V129/><F119/><W114/><G117/><T97/><D113/><U46/><E128/><V115/><F123/><W86/><G104/><T76/><D107/><U126/><E120/><V58/><F115/><W124/><G114/><T87/><D34/><U101/><E0/><V12/><F2/><W90/><G108/><N who="1" m="41546" /><E126/><V81/><F129/><W3/><G124/><T4/><D4/><U102/><E95/><V74/><F40/><W9/><G3/><T85/><D85/><U88/><E88/><V30/><F53/><AGARI ba="1,2" hai="11,14,17,42,46,49,53,57,63,101,102" m="41546" machi="53" ten="30,3900,0" yaku="14,1,52,2" doraHai="96" who="1" fromWho="2" sc="203,0,287,62,235,-42,255,0" /><INIT seed="3,0,0,0,1,23" ten="203,349,193,255" oya="3" hai0="130,111,82,107,36,65,49,133,32,11,99,16,41" hai1="64,87,69,116,103,52,45,15,33,113,77,13,27" hai2="119,18,61,123,66,57,19,9,28,129,58,37,35" hai3="109,93,6,83,42,54,106,60,48,131,102,128,56"/><W8/><G106/><T5/><D32/><U127/><E113/><V91/><F119/><W55/><G83/><T76/><D111/><U89/><E116/><V38/><F123/><W0/><G42/><T104/><D133/><U31/><E127/><V101/><F129/><N who="3" m="49739" /><G109/><T59/><D130/><U26/><E77/><V134/><F101/><W40/><G40/><T1/><D99/><U108/><E108/><V117/><F134/><W70/><G70/><T51/><D51/><U53/><E103/><V84/><F117/><W47/><G102/><T17/><D104/><U2/><E2/><V71/><F38/><W97/><G97/><T79/><D79/><U63/><E27/><V25/><F37/><W34/><G34/><T120/><D107/><U43/><E13/><V135/><F135/><W74/><G93/><T132/><D132/><U118/><E15/><V73/><F73/><AGARI ba="0,0" hai="0,6,8,47,48,54,55,56,60,73,74" m="49739" machi="73" ten="30,1500,0" yaku="19,1" doraHai="23" who="3" fromWho="2" sc="203,0,349,0,193,-15,255,15" /><INIT seed="3,1,0,3,3,54" ten="203,349,178,270" oya="3" hai0="130,11,117,105,28,42,112,51,78,115,31,38,71" hai1="56,4,27,37,61,110,50,60,111,52,106,15,107" hai2="113,95,126,79,63,45,5,67,46,73,120,64,3" hai3="80,13,58,72,23,2,48,44,55,17,69,91,16"/><W29/><G69/><T35/><D71/><U32/><E37/><V82/><F113/><N who="0" m="43594" /><D105/><U132/><E132/><V53/><F126/><W127/><G127/><T83/><D35/><U101/><E4/><V30/><F120/><W41/><G2/><T10/><D117/><U21/><E32/><V122/><F122/><W118/><G118/><T92/><D38/><U40/><E15/><V20/><F53/><W129/><G129/><T1/><D92/><U81/><E81/><V86/><F5/><W88/><G29/><N who="0" m="11339" /><D1/><U87/><E87/><V65/><F3/><W133/><G133/><T14/><D14/><U89/><E89/><V47/><F95/><W103/><G103/><T123/><D130/><U74/><E74/><V7/><F7/><W93/><G93/><T22/><D22/><U121/><E40/><V9/><F9/><N who="0" m="3082" /><D123/><U85/><E85/><V25/><REACH who="2" step="1"/><F73/><REACH who="2" ten="203,349,168,270" step="2"/><W76/><REACH who="3" step="1"/><G17/><REACH who="3" ten="203,349,168,260" step="2"/><T100/><D100/><U96/><E121/><V57/><AGARI ba="1,2" hai="20,25,30,45,46,47,57,63,64,65,67,79,82,86" machi="57" ten="30,12000,2" yaku="1,1,2,1,0,1,8,1,52,1,53,1" doraHai="54" doraHaiUra="24" who="2" fromWho="2" sc="203,-31,349,-31,168,143,260,-61" /><INIT seed="4,0,0,5,0,22" ten="172,318,311,199" oya="0" hai0="40,89,82,113,70,50,24,1,7,48,128,116,132" hai1="88,6,52,66,96,8,94,36,12,59,54,121,16" hai2="25,20,65,23,86,62,41,2,29,27,122,28,135" hai3="127,17,67,115,0,84,106,114,118,111,103,78,105"/><T74/><D70/><U117/><E36/><V64/><F122/><W120/><G0/><T92/><D113/><U119/><E121/><V91/><F135/><W102/><G120/><T109/><D116/><U49/><E66/><V71/><F65/><W3/><G3/><T14/><D132/><U5/><E5/><V72/><F72/><W68/><G17/><T87/><D1/><U13/><E54/><V15/><F2/><W10/><G10/><AGARI ba="0,0" hai="6,8,10,12,13,16,49,52,59,88,94,96,117,119" machi="10" ten="30,7700,0" yaku="7,1,54,3" doraHai="22" who="1" fromWho="3" sc="172,0,318,77,311,0,199,-77" /><INIT seed="5,0,0,2,1,78" ten="172,395,311,122" oya="1" hai0="92,93,81,124,88,91,135,44,47,95,106,120,119" hai1="22,2,29,26,40,62,20,113,76,25,84,118,127" hai2="128,46,57,110,117,96,58,85,21,5,98,35,131" hai3="122,90,103,104,63,7,133,31,53,23,10,129,72"/><U9/><E118/><V82/><F35/><W79/><G122/><T132/><D106/><U17/><E113/><V34/><F117/><W134/><G129/><N who="2" m="49737" /><F34/><W41/><G41/><T126/><D119/><U33/><E127/><N who="0" m="48681" /><D120/><U49/><E62/><V87/><F87/><W115/><G115/><T67/><D67/><U112/><E112/><V70/><F70/><W55/><G104/><T80/><D47/><N who="1" m="25831" /><E2/><V100/><F5/><W37/><G133/><N who="0" m="51275" /><D44/><U114/><E33/><V52/><F110/><W15/><G134/><T109/><D109/><U4/><E4/><V13/><F46/><W43/><G43/><T12/><D12/><U107/><E107/><V38/><F58/><W18/><G7/><T71/><D71/><U73/><E114/><V6/><F38/><W45/><G37/><T48/><D48/><U28/><E26/><V56/><F56/><W16/><G63/><T50/><D50/><U65/><E25/><V32/><F57/><W121/><G121/><T0/><D0/><U94/><E65/><V59/><F59/><W68/><G68/><T11/><D11/><U83/><E9/><V125/><F13/><W42/><G15/><T14/><D14/><U51/><E51/><V60/><F60/><W24/><G42/><T99/><D95/><U108/><E108/><V116/><F125/><W8/><G8/><T97/><AGARI ba="0,0" hai="80,81,88,91,92,93,97,99" m="51275,48681" machi="97" ten="30,12000,2" yaku="18,1,20,1,34,2,52,2,54,1" doraHai="78" who="0" fromWho="0" sc="172,120,395,-60,311,-30,122,-30" /><INIT seed="6,0,0,0,3,95" ten="292,335,281,92" oya="2" hai0="86,88,102,54,83,65,109,90,82,41,8,29,116" hai1="15,122,98,100,57,39,53,75,21,62,114,118,55" hai2="87,130,22,46,42,2,113,73,106,71,63,9,72" hai3="58,26,47,1,67,36,43,94,32,79,107,103,117"/><V66/><F113/><W45/><G117/><T99/><D109/><U84/><E118/><V101/><F130/><W61/><G1/><T14/><D116/><U48/><E75/><V19/><F87/><W126/><G126/><T124/><D124/><U33/><E33/><V4/><F22/><W105/><G79/><T96/><D41/><U17/><E39/><N who="2" m="21855" /><F19/><W108/><G108/><T35/><D65/><N who="1" m="39119" /><E114/><V51/><F51/><W6/><G6/><T127/><D127/><U97/><E122/><V92/><F92/><W121/><G121/><T120/><D120/><U81/><E100/><V104/><F101/><W13/><G13/><T129/><D102/><U69/><E69/><V115/><F115/><W28/><REACH who="3" step="1"/><G47/><REACH who="3" ten="292,335,281,82" step="2"/><T56/><D129/><U16/><E15/><V128/><F128/><W12/><G12/><T85/><D14/><U123/><E123/><V5/><F4/><W76/><G76/><T77/><D8/><U34/><E34/><V30/><F73/><W89/><G89/><T112/><D112/><U18/><E21/><V80/><F72/><W131/><G131/><T135/><D77/><N who="1" m="46127" /><E53/><V52/><F52/><W44/><G44/><AGARI ba="0,1" hai="16,17,18,44,48,55,97,98" m="46127,39119" machi="44" ten="30,7700,0" yaku="8,1,52,2,54,1" doraHai="95" who="1" fromWho="3" sc="292,0,335,87,281,0,82,-77" /><INIT seed="7,0,0,5,3,135" ten="292,422,281,5" oya="3" hai0="56,59,119,133,86,93,131,67,116,80,94,70,40" hai1="15,88,126,120,62,90,10,79,128,33,34,20,81" hai2="39,2,106,54,38,27,14,87,97,113,118,57,105" hai3="21,123,98,95,111,1,72,4,91,19,6,104,49"/><W65/><G123/><T9/><D133/><U77/><E128/><V107/><F118/><W114/><G72/><T92/><D131/><U58/><E34/><V25/><F2/><W3/><G104/><T22/><D40/><U52/><E33/><V0/><F0/><W47/><G1/><T115/><D115/><U37/><E37/><V30/><F113/><W43/><G114/><T100/><D9/><U61/><E120/><V130/><F130/><W63/><G3/><T53/><D70/><U44/><E126/><V75/><F75/><W84/><G98/><T5/><D5/><N who="1" m="3535" /><E44/><V17/><F97/><W8/><G8/><T35/><D35/><U96/><E62/><V85/><F17/><W76/><G76/><T12/><D100/><U124/><E124/><V36/><F14/><N who="3" m="9463" /><G111/><T127/><D127/><U109/><E20/><V78/><F78/><W51/><G51/><T125/><D125/><U64/><E109/><V46/><F46/><W31/><G31/><T73/><D73/><U45/><E96/><V7/><F7/><W69/><G69/><T121/><D121/><U110/><E79/><V16/><F16/><W41/><G43/><T108/><D108/><U83/><E77/><V134/><F134/><W82/><G82/><N who="1" m="31242" /><E110/><V74/><F74/><W103/><G103/><T18/><D80/><U11/><E11/><V60/><F30/><W13/><G13/><T132/><D132/><U122/><E122/><V101/><REACH who="2" step="1"/><F101/><REACH who="2" ten="292,422,271,5" step="2"/><W129/><G129/><T89/><D119/><U26/><E26/><AGARI ba="0,1" hai="25,26,27,36,38,39,54,57,60,85,87,105,106,107" machi="26" ten="50,6400,0" yaku="1,1,2,1,53,1" doraHai="135" doraHaiUra="50" who="2" fromWho="1" sc="292,0,422,-64,271,74,5,0" owari="292,-11.0,358,45.0,345,15.0,5,-49.0" /></mjloggm>