<mjloggm ver="2.3"><GO type="169" lobby="0"/><UN n0="%4B%57" n1="%67%61%79%75%6E%79" n2="%E3%82%81%E3%82%93%E3%81%A9%E3%81%84" n3="%7A%65%52%6F" dan="16,16,16,18" rate="2041.58,2084.79,2059.89,2159.19" sx="M,M,M,M"/><TAIKYOKU oya="0"/><INIT seed="0,0,0,5,4,53" ten="250,250,250,250" oya="0" hai0="6,99,109,26,94,16,108,46,79,127,58,101,96" hai1="20,76,116,81,93,64,33,62,59,70,15,11,19" hai2="37,50,97,43,54,12,86,133,32,3,7,23,118" hai3="82,39,42,124,22,95,129,18,105,120,112,10,2"/><T128/><D128/><U83/><E116/><V130/><F133/><W27/><G112/><T45/><D127/><U87/><E33/><V115/><F32/><W71/><G105/><T117/><D117/><U38/><E38/><V110/><F110/><N who="0" m="42602" /><D6/><U47/><E83/><V28/><F115/><W84/><G124/><T72/><D99/><U123/><E123/><V36/><F86/><W91/><G71/><T104/><D104/><U98/><E47/><V49/><F43/><W113/><G113/><T51/><D79/><U74/><E70/><V132/><F97/><W122/><G129/><T103/><D103/><U40/><E40/><V106/><F3/><W44/><G2/><T125/><D72/><U80/><E80/><V119/><F7/><W56/><G10/><T52/><D125/><U135/><E135/><V89/><F106/><W34/><G34/><T69/><D69/><U25/><E74/><V107/><F107/><W85/><REACH who="3" step="1"/><G56/><REACH who="3" ten="250,250,250,240" step="2"/><T126/><D126/><U67/><E67/><V114/><F114/><W0/><G0/><T35/><D35/><U78/><E78/><AGARI ba="0,1" hai="18,22,27,39,42,44,78,82,84,85,91,95,120,122" machi="78" ten="40,1300,0" yaku="1,1,53,0" doraHai="53" doraHaiUra="131" who="3" fromWho="1" sc="250,0,250,-13,250,0,240,23" /><INIT seed="1,0,0,1,1,125" ten="250,237,250,263" oya="1" hai0="45,134,50,77,96,124,72,4,111,14,122,41,2" hai1="90,15,61,105,121,27,63,79,21,7,23,44,71" hai2="24,66,118,75,81,0,86,68,26,9,99,119,29" hai3="30,95,130,39,10,11,57,82,97,58,113,49,116"/><U3/><E121/><V117/><F75/><W106/><G113/><T78/><D124/><U34/><E105/><V92/><F68/><W110/><G39/><T53/><D122/><U128/><E34/><V101/><F66/><W64/><G106/><T5/><D111/><U114/><E3/><V38/><F38/><W16/><G110/><T80/><D134/><U37/><E114/><V115/><F115/><W40/><G116/><T42/><D2/><U31/><E79/><V87/><F0/><W6/><G30/><T73/><D96/><U127/><E71/><V19/><F9/><W32/><G32/><T120/><D120/><U18/><E7/><V129/><F129/><W55/><G40/><T102/><D102/><U62/><E127/><V60/><F60/><W67/><G6/><T108/><D108/><U17/><E128/><V69/><F69/><W112/><G112/><T74/><D5/><U100/><E100/><V89/><F86/><W52/><G82/><T65/><D65/><N who="3" m="25161" /><G16/><T51/><D77/><U36/><E44/><V98/><F98/><W135/><G135/><T103/><D103/><U1/><E1/><V8/><REACH who="2" step="1"/><F29/><REACH who="2" ten="250,237,240,263" step="2"/><W70/><G130/><T13/><D74/><U83/><E31/><V22/><F22/><W56/><G70/><T107/><D73/><U126/><E126/><V35/><F35/><W20/><G20/><T48/><D72/><U12/><E37/><V85/><F85/><W76/><G97/><T46/><D50/><U94/><E36/><V59/><F59/><W133/><G49/><T47/><D51/><U88/><E23/><RYUUKYOKU ba="0,1" sc="250,-10,237,-10,240,30,263,-10" hai2="8,19,24,26,81,87,89,92,99,101,117,118,119" /><INIT seed="2,1,1,1,1,71" ten="240,227,270,253" oya="2" hai0="15,108,90,93,56,58,101,111,33,41,39,123,125" hai1="104,99,26,53,31,128,81,82,55,20,49,87,72" hai2="109,103,47,21,89,38,34,84,126,85,8,52,11" hai3="75,17,110,86,70,60,106,1,121,116,92,54,119"/><V134/><F34/><W117/><G121/><T88/><D123/><U16/><E128/><V61/><F134/><W51/><G106/><T64/><D33/><U44/><E72/><V96/><F126/><W5/><G75/><T67/><D125/><U131/><E131/><V135/><F135/><W0/><G5/><T114/><D114/><U83/><E104/><V28/><F84/><W22/><G110/><N who="0" m="42027" /><D15/><U4/><E99/><V107/><F109/><W105/><G105/><T130/><D101/><U43/><E4/><V19/><F28/><W29/><G29/><T35/><D90/><U73/><E73/><V7/><F7/><W23/><G60/><T46/><D35/><U24/><REACH who="1" step="1"/><E87/><REACH who="1" ten="240,217,270,253" step="2"/><V18/><F19/><W63/><G17/><T98/><D130/><U97/><E97/><V102/><F103/><W127/><G127/><T6/><D6/><U45/><E45/><V48/><F102/><W42/><G86/><T14/><D14/><U30/><E30/><V76/><F96/><W74/><G74/><T59/><AGARI ba="1,2" hai="39,41,46,56,58,59,64,67,88,93,98" m="42027" machi="59" ten="30,4000,0" yaku="14,1,52,1,54,1" doraHai="71" who="0" fromWho="0" sc="240,63,217,-11,270,-21,253,-11" /><INIT seed="3,0,0,2,1,63" ten="303,206,249,242" oya="3" hai0="70,62,81,66,114,6,135,26,123,94,3,116,84" hai1="4,23,117,24,21,28,18,41,87,33,125,65,20" hai2="129,14,126,69,88,119,106,105,100,93,32,59,82" hai3="71,128,68,29,5,79,110,127,61,131,19,97,57"/><W48/><G29/><T17/><D116/><U112/><E112/><V108/><F69/><W39/><G5/><T109/><D123/><U92/><E117/><V121/><F32/><W124/><G79/><T130/><D114/><U83/><E125/><N who="3" m="48202" /><G19/><T122/><D122/><U75/><E75/><V45/><F14/><W134/><G97/><T25/><D130/><N who="3" m="49705" /><G39/><T60/><D17/><U72/><E72/><V44/><F121/><W7/><G7/><T95/><D6/><U115/><E4/><V49/><F119/><W9/><G9/><T1/><D1/><U43/><E92/><V118/><F93/><W120/><G120/><T55/><D3/><U91/><E115/><V77/><F118/><W89/><G89/><T104/><D95/><U36/><E36/><V37/><F88/><W73/><G73/><T85/><D94/><U107/><E107/><V50/><F77/><W111/><G48/><T80/><D104/><U74/><E74/><V46/><F50/><W86/><G86/><T53/><D84/><U78/><E78/><V99/><F49/><W27/><G27/><T103/><D85/><U76/><E76/><V101/><F99/><W31/><G31/><T133/><D25/><U58/><E18/><V52/><F105/><W0/><G0/><T56/><D26/><U34/><E34/><V98/><F98/><W12/><G12/><T35/><D35/><U51/><E51/><V16/><F106/><W10/><G10/><T67/><D80/><U47/><E33/><V113/><F126/><W96/><G96/><T40/><D81/><U102/><E83/><RYUUKYOKU ba="0,0" sc="303,0,206,0,249,0,242,0" /><INIT seed="4,1,0,3,4,135" ten="303,206,249,242" oya="0" hai0="100,73,106,3,122,116,132,43,129,55,52,84,44" hai1="40,85,16,13,24,82,23,39,17,15,9,57,33" hai2="10,127,105,14,81,128,89,126,51,37,88,12,113" hai3="56,110,67,45,53,114,42,65,117,95,99,93,27"/><T109/><D116/><U68/><E68/><V47/><F128/><W131/><G110/><T58/><D122/><U91/><E39/><V120/><F120/><W133/><G133/><T96/><D132/><U1/><E1/><V130/><F113/><W123/><G114/><T19/><D73/><U38/><E38/><V97/><F130/><W102/><G117/><T11/><D129/><U60/><E40/><V119/><F37/><W64/><G131/><T134/><D134/><U80/><E33/><V21/><F119/><W41/><G123/><T78/><D109/><U25/><REACH who="1" step="1"/><E82/><REACH who="1" ten="303,196,249,242" step="2"/><V87/><F81/><W124/><G41/><T4/><D43/><U35/><E35/><V7/><F12/><W50/><G27/><T66/><D3/><U29/><E29/><V34/><F34/><W77/><G95/><T108/><D108/><U59/><E59/><V31/><F31/><W18/><G93/><T36/><D58/><U111/><E111/><V63/><F14/><W76/><G56/><T71/><D71/><U92/><E92/><V70/><F70/><W101/><G42/><T104/><D36/><U26/><E26/><V49/><F47/><W20/><G45/><T5/><D44/><U62/><E62/><V90/><F63/><W69/><G69/><T98/><D106/><U32/><E32/><V6/><F105/><W72/><G50/><T61/><D61/><U125/><E125/><N who="2" m="47627" /><F51/><W2/><G2/><T0/><D0/><U48/><E48/><V75/><F49/><W74/><G124/><T107/><D107/><U79/><E79/><V8/><F6/><RYUUKYOKU ba="1,1" sc="303,-10,196,30,249,-10,242,-10" hai1="9,13,15,16,17,23,24,25,57,60,80,85,91" /><INIT seed="5,2,1,5,1,40" ten="293,226,239,232" oya="1" hai0="22,17,30,60,96,128,100,125,36,7,50,45,11" hai1="41,135,0,18,79,31,48,130,29,123,105,1,13" hai2="5,134,47,64,132,113,86,114,88,19,9,66,59" hai3="12,71,21,24,53,126,76,14,98,69,92,23,116"/><U102/><E123/><V117/><F117/><W37/><G126/><T15/><D125/><U115/><E115/><N who="2" m="44043" /><F19/><W84/><G37/><T16/><D128/><U55/><E130/><V109/><F59/><W67/><G116/><T38/><D60/><U129/><E129/><V63/><F63/><W49/><G71/><T85/><D85/><U39/><E135/><N who="2" m="51755" /><F47/><N who="3" m="27839" /><G67/><T97/><D30/><U87/><E41/><V54/><F54/><W20/><G24/><T74/><D74/><U82/><E39/><V131/><F131/><W99/><G69/><T26/><D97/><U121/><E121/><V106/><F106/><W93/><G99/><T61/><D61/><U6/><E6/><V101/><F101/><W107/><G107/><T34/><D17/><U35/><E102/><V83/><F109/><W44/><G44/><T65/><D65/><U72/><E105/><V68/><F68/><W42/><G42/><T32/><D38/><U81/><E31/><V127/><F127/><W51/><G51/><T25/><D36/><U94/><E29/><V95/><F83/><N who="3" m="47207" /><G93/><T91/><D26/><U112/><E94/><V89/><F89/><AGARI ba="2,1" hai="12,14,20,21,23,89,92,98" m="47207,27839" machi="89" ten="30,2000,0" yaku="8,1,52,1" doraHai="40" who="3" fromWho="2" sc="293,0,226,0,239,-26,232,36" /><INIT seed="6,0,0,2,3,58" ten="293,226,213,268" oya="2" hai0="123,11,104,36,118,84,94,10,66,52,46,17,109" hai1="125,113,111,128,50,23,105,31,2,81,133,69,9" hai2="3,4,76,86,13,92,21,131,89,54,72,132,40" hai3="116,80,110,35,59,62,96,127,98,75,101,61,85"/><V95/><F131/><W124/><G110/><T130/><D109/><U93/><E23/><V112/><F112/><W106/><G116/><T63/><D123/><U7/><E31/><V1/><F132/><W97/><G35/><T43/><D104/><U45/><E69/><V67/><F67/><W26/><G75/><T22/><D130/><U60/><E105/><V71/><F71/><W49/><G26/><T0/><D0/><U115/><E128/><V119/><F40/><W48/><G101/><T126/><D126/><N who="3" m="48169" /><G106/><T114/><D114/><N who="1" m="43531" /><E125/><V122/><F122/><W129/><G129/><T5/><D5/><U29/><E29/><V83/><F119/><W90/><G62/><T134/><D134/><U27/><E27/><V24/><F95/><W6/><G6/><T99/><D84/><U70/><E111/><V20/><F20/><W25/><G25/><T91/><D52/><AGARI ba="0,0" hai="48,49,52,59,61,80,85,90,96,97,98" m="48169" machi="52" ten="30,3900,0" yaku="18,1,52,1,54,1" doraHai="58" who="3" fromWho="0" sc="293,-39,226,0,213,0,268,39" /><INIT seed="7,0,0,3,1,7" ten="254,226,213,307" oya="3" hai0="61,101,43,53,51,0,1,62,120,109,80,73,68" hai1="135,124,57,66,111,94,72,50,89,114,20,13,45" hai2="98,6,130,63,131,16,67,112,69,26,108,93,71" hai3="38,56,129,22,79,70,4,128,29,115,76,133,83"/><W91/><G70/><T11/><D120/><U24/><E111/><V8/><F112/><W42/><G133/><T90/><D109/><U92/><E72/><V82/><F108/><W97/><G4/><T19/><D43/><U3/><E135/><V60/><F82/><W85/><G115/><T30/><D30/><U40/><E114/><V31/><F63/><W110/><G56/><T54/><D101/><U12/><E3/><V100/><F71/><W34/><G34/><T33/><D33/><U65/><E124/><V88/><F100/><W75/><G97/><T117/><D54/><U118/><E94/><V87/><F98/><W25/><G110/><T21/><D68/><U2/><E2/><V59/><F69/><W36/><G42/><T52/><D53/><U32/><E32/><V49/><F49/><W28/><G28/><T99/><D73/><U113/><E113/><V103/><F103/><W126/><G126/><T116/><D62/><N who="1" m="38095" /><E66/><V104/><F104/><W105/><G105/><T15/><D61/><U123/><E123/><V39/><F39/><N who="3" m="14891" /><G75/><T81/><D81/><U58/><E58/><V23/><REACH who="2" step="1"/><F31/><REACH who="2" ten="254,226,203,307" step="2"/><W78/><G29/><T121/><D121/><U5/><E118/><V107/><F107/><W125/><G125/><T46/><D117/><U106/><E106/><V44/><F44/><W102/><G102/><T77/><D46/><U122/><E122/><V47/><F47/><W132/><G132/><T95/><D116/><U10/><E45/><V64/><F64/><W84/><G84/><T18/><D99/><N who="1" m="57743" /><E50/><V35/><F35/><W14/><G83/><RYUUKYOKU ba="0,1" sc="254,-10,226,-10,203,30,307,-10" hai2="6,8,16,23,26,59,60,67,87,88,93,130,131" /><INIT seed="8,1,1,2,0,48" ten="244,216,233,297" oya="0" hai0="106,58,51,47,100,40,99,49,14,135,3,53,122" hai1="73,56,65,30,1,115,112,7,37,22,114,132,85" hai2="46,20,91,44,29,94,41,0,15,66,62,98,81" hai3="31,116,78,107,77,34,67,70,18,104,103,119,26"/><T109/><D122/><U24/><E132/><V88/><F0/><W36/><G36/><T80/><D135/><U83/><E73/><V63/><F29/><W105/><G103/><T111/><D3/><U113/><N who="1" m="28672" /><DORA hai="133" /><U89/><E37/><V8/><F20/><W4/><G18/><T33/><D33/><U110/><E110/><V57/><F63/><N who="3" m="40319" /><G4/><T39/><D80/><U61/><REACH who="1" step="1"/><E1/><REACH who="1" ten="244,206,233,297" step="2"/><V43/><F43/><W35/><G35/><T54/><REACH who="0" step="1"/><D14/><REACH who="0" ten="234,206,233,297" step="2"/><U71/><E71/><V21/><F41/><W68/><G68/><T6/><D6/><AGARI ba="1,3" hai="6,7,22,24,30,56,61,65,83,85,89" m="28672" machi="6" ten="70,8000,1" yaku="1,1,11,1,53,1" doraHai="48,133" doraHaiUra="16,129" who="1" fromWho="0" sc="234,-83,206,113,233,0,297,0" owari="151,-35.0,319,42.0,233,-17.0,297,10.0" /></mjloggm>