<mjloggm ver="2.3"><GO type="185" lobby="0"/><UN n0="%E3%83%84%E3%83%BC%E3%82%A2%E3%82%A6%E3%83%88" n1="%E3%81%97%E3%82%85%E3%81%B3%E8%81%B7%E4%BA%BA" n2="%E3%81%99%E3%81%9A%E3%82%81%E3%82%AF%E3%83%AC%E3%82%A4%E3%82%B8%E3%83%BC" n3="" dan="16,16,18,0" rate="2112.13,2132.32,2322.40,1500.00" sx="M,M,M,C"/><TAIKYOKU oya="0"/><INIT seed="0,0,0,1,0,116" ten="350,350,350,0" oya="0" hai0="60,78,37,32,105,125,48,3,79,112,103,129,42" hai1="124,135,34,66,50,0,104,123,45,55,71,91,101" hai2="134,58,52,53,121,118,132,56,51,35,1,97,63" hai3=""/><T49/><D3/><U119/><N who="1" m="31520" /><U99/><E0/><V69/><N who="2" m="31008" /><V94/><F1/><T98/><D32/><U70/><E119/><V109/><F35/><T102/><D112/><U62/><E34/><V122/><N who="2" m="31264" /><V93/><F118/><T67/><D129/><U38/><E124/><V84/><F109/><T33/><D33/><U77/><E135/><N who="2" m="51755" /><F69/><T64/><D125/><U90/><E77/><V59/><F84/><T44/><D103/><U41/><REACH who="1" step="1"/><E71/><REACH who="1" ten="350,340,350,0" step="2"/><V128/><F128/><T86/><D79/><U107/><E107/><V80/><F80/><T108/><D108/><U96/><E96/><V61/><F97/><T57/><D78/><U111/><E111/><V43/><F43/><T88/><REACH who="0" step="1"/><D67/><AGARI ba="0,1" hai="51,52,53,56,58,59,61,63,67,93,94" m="51755,31264,31008" machi="67" ten="30,12000,2" yaku="20,1,52,4,54,1" doraHai="116" who="2" fromWho="0" sc="350,-120,340,0,350,130,0,0" /><INIT seed="1,0,0,5,5,79" ten="230,340,480,0" oya="1" hai0="82,108,114,42,134,56,36,46,104,76,127,89,117" hai1="67,95,65,133,51,0,81,39,103,49,123,69,90" hai2="118,97,101,33,92,87,71,110,64,120,57,132,106" hai3=""/><U85/><N who="1" m="31520" /><U135/><E39/><V131/><F57/><T58/><D114/><U66/><E69/><V68/><F64/><T48/><D104/><U34/><E0/><V88/><N who="2" m="30752" /><V35/><F118/><T37/><D117/><U54/><E34/><V119/><F119/><T128/><D127/><U111/><E111/><V112/><F68/><T125/><D125/><U55/><E103/><V59/><F71/><T75/><D108/><U113/><E95/><V93/><F110/><T3/><D3/><U73/><E73/><V60/><F112/><T126/><D126/><U99/><E99/><V47/><F131/><T72/><D128/><U32/><E32/><V38/><F132/><N who="1" m="50761" /><E113/><V50/><F38/><T94/><D37/><U53/><AGARI ba="0,0" hai="49,51,53,54,55,65,66,67,81,85,90" m="50761,31520" machi="53" ten="40,5200,0" yaku="20,1,52,2" doraHai="79" who="1" fromWho="1" sc="230,-26,340,52,480,-26,0,0" /><INIT seed="1,1,0,4,4,121" ten="204,392,454,0" oya="1" hai0="38,3,62,93,51,100,57,126,56,66,40,54,43" hai1="113,106,32,45,76,112,82,131,53,97,116,96,128" hai2="85,73,81,124,58,120,122,48,80,39,132,2,119" hai3=""/><U117/><E45/><V114/><N who="2" m="30752" /><V110/><N who="2" m="31264" /><V49/><F119/><N who="1" m="45641" /><E53/><V130/><F39/><T75/><D75/><U118/><E32/><V64/><F2/><T94/><D3/><U71/><E71/><V60/><F114/><N who="1" m="44137" /><E118/><V107/><F49/><T46/><D100/><U36/><E36/><V42/><F48/><T103/><D103/><U34/><E34/><V102/><F102/><T41/><D126/><U101/><E96/><V68/><F42/><N who="0" m="16490" /><D94/><U98/><E97/><V91/><F68/><T88/><N who="0" m="16498" /><T67/><DORA hai="92" /><D38/><U72/><AGARI ba="1,0" hai="72,76,82,98,101,106,128,131" m="44137,45641" machi="72" ten="40,8000,1" yaku="23,1,34,2,52,1" doraHai="121,92" who="1" fromWho="1" sc="204,-41,392,82,454,-41,0,0" /><INIT seed="1,2,0,0,0,73" ten="163,474,413,0" oya="1" hai0="105,110,42,37,57,113,2,40,52,84,36,32,59" hai1="68,104,124,0,126,62,85,101,122,34,90,41,44" hai2="79,120,95,46,54,99,78,60,48,56,93,117,75" hai3=""/><U107/><N who="1" m="31264" /><U92/><E34/><V74/><N who="2" m="30752" /><V3/><F3/><T67/><D105/><U87/><E85/><V125/><F117/><T128/><D2/><U116/><E0/><V88/><F125/><N who="1" m="48233" /><E101/><V96/><F75/><T61/><D32/><U106/><E116/><V72/><F72/><T69/><D84/><U71/><E62/><V131/><F131/><T111/><D128/><U123/><N who="1" m="31520" /><U86/><E87/><V121/><N who="2" m="31008" /><V35/><F74/><T135/><D113/><U89/><E89/><V33/><F33/><T39/><D135/><U103/><E103/><V97/><F35/><T64/><D111/><U76/><E76/><N who="2" m="29227" /><F95/><T82/><D82/><U133/><E133/><V98/><F99/><T43/><D110/><U50/><AGARI ba="2,0" hai="41,44,50,68,71,86,90,92,104,106,107" m="31520,48233,31264" machi="50" ten="40,5200,0" yaku="18,1,52,2" doraHai="73" who="1" fromWho="1" sc="163,-28,474,56,413,-28,0,0" /><INIT seed="1,3,0,3,4,77" ten="135,530,385,0" oya="1" hai0="38,91,80,112,84,72,114,118,93,2,130,39,107" hai1="67,88,3,94,119,74,101,85,60,128,65,63,69" hai2="95,68,120,115,44,83,78,32,87,40,0,59,41" hai3=""/><U33/><E74/><V108/><N who="2" m="30752" /><V56/><F108/><T73/><D2/><U64/><E119/><V42/><F0/><T126/><D107/><U76/><E3/><V71/><F32/><T1/><D1/><U57/><E76/><V43/><F115/><T132/><D118/><U62/><E128/><V46/><F46/><T124/><D130/><U100/><REACH who="1" step="1"/><E33/><REACH who="1" ten="135,520,385,0" step="2"/><V122/><N who="2" m="31264" /><V127/><F127/><N who="0" m="48682" /><D132/><U125/><E125/><V34/><F34/><T102/><D39/><U61/><E61/><V55/><F71/><AGARI ba="3,1" hai="57,60,62,63,64,65,67,69,71,85,88,94,100,101" machi="71" ten="30,12000,1" yaku="1,1,7,1,9,1,54,1,53,1" doraHai="77" doraHaiUra="52" who="1" fromWho="2" sc="135,0,520,136,385,-126,0,0" /><INIT seed="1,4,0,5,5,101" ten="135,656,259,0" oya="1" hai0="51,78,48,132,62,115,102,39,89,76,96,130,121" hai1="104,116,50,99,135,73,63,77,107,93,118,88,67" hai2="84,70,64,86,79,68,125,87,106,1,56,109,119" hai3=""/><U100/><E50/><V128/><F1/><T42/><N who="0" m="31008" /><T61/><D115/><U97/><E135/><V111/><F119/><N who="1" m="45609" /><E63/><V117/><F117/><T134/><D130/><U34/><E67/><V80/><F128/><T41/><D39/><U131/><E34/><V105/><F125/><T113/><D113/><U108/><E131/><V94/><F94/><T37/><D37/><U127/><E127/><V90/><F90/><T126/><D89/><U69/><E69/><V58/><F64/><T95/><D126/><U53/><E53/><V92/><F92/><T75/><D75/><U33/><E33/><V82/><F86/><T112/><D112/><U110/><E107/><V43/><F43/><N who="0" m="16394" /><D134/><U35/><E35/><V3/><REACH who="2" step="1"/><F3/><REACH who="2" ten="135,656,249,0" step="2"/><T91/><D132/><U103/><E88/><V98/><F98/><T114/><D114/><U85/><E85/><V2/><F2/><T83/><D91/><U38/><E99/><V59/><F59/><T55/><D83/><U54/><E97/><V47/><F47/><T74/><D96/><U0/><E0/><V36/><F36/><T52/><D95/><U45/><E38/><V46/><F46/><T71/><D74/><U129/><E73/><V44/><F44/><T49/><D78/><AGARI ba="4,1" hai="56,58,68,70,78,79,80,82,84,87,105,106,109,111" machi="78" ten="25,16000,3" yaku="1,1,6,1,22,2,52,2,53,2" doraHai="101" doraHaiUra="81" who="2" fromWho="0" sc="135,-168,656,0,249,178,0,0" owari="-33,-63.0,656,60.0,427,3.0,0,0.0" /></mjloggm>