<mjloggm ver="2.3"><GO type="169" lobby="0"/><UN n0="%E3%83%93%E3%83%B3%E3%82%AB%E3%83%B3" n1="%E3%81%BE%E3%81%93%E3%81%A8%E3%81%95%E3%82%93" n2="%E3%82%8F%E3%81%A3%E3%81%97%E3%82%87%E3%81%84%E5%90%9B%32%E5%8F%B7" n3="%E5%AE%9F%E5%AD%98" dan="16,16,17,17" rate="2150.96,2119.86,2295.52,2159.18" sx="M,M,M,M"/><TAIKYOKU oya="0"/><INIT seed="0,0,0,1,1,114" ten="250,250,250,250" oya="0" hai0="105,106,120,111,70,1,28,20,62,54,99,76,81" hai1="8,123,113,64,47,27,109,92,44,77,134,131,97" hai2="73,13,15,69,93,29,71,0,130,33,74,83,4" hai3="135,35,60,126,86,40,49,63,17,80,9,90,26"/><T110/><D1/><U121/><E113/><V129/><F0/><W14/><G135/><T125/><D120/><U115/><E134/><V41/><F41/><W88/><G126/><T100/><D125/><U59/><E115/><V116/><F93/><W87/><G35/><T75/><D106/><U124/><E124/><V122/><F33/><W34/><G34/><T3/><D3/><U37/><E109/><N who="0" m="41481" /><D28/><U89/><E131/><V53/><F29/><W6/><G26/><T85/><D75/><U52/><E77/><V95/><F95/><W7/><G7/><T79/><D20/><U5/><E64/><V48/><F4/><W39/><G39/><T84/><D54/><U127/><E27/><V118/><F53/><W104/><G104/><T128/><D128/><U22/><E22/><V108/><F108/><W25/><G25/><T55/><D55/><U50/><E127/><V2/><F2/><W51/><G6/><T42/><D42/><U98/><E98/><V16/><F122/><W30/><G30/><T23/><D23/><U65/><E37/><V91/><F73/><W67/><G40/><T24/><D24/><U103/><E121/><V36/><F74/><W31/><G31/><T96/><D96/><U61/><E123/><V72/><F72/><W18/><G18/><T43/><D43/><U133/><E133/><V94/><F36/><W82/><G67/><N who="0" m="41335" /><D85/><U57/><REACH who="1" step="1"/><E103/><REACH who="1" ten="250,240,250,250" step="2"/><V46/><F130/><W66/><G66/><T10/><D10/><U21/><E21/><V19/><F129/><W78/><G78/><AGARI ba="0,1" hai="76,78,79,81,84,99,100,105" m="41335,41481" machi="78" ten="30,2900,0" yaku="14,1,10,1" doraHai="114" who="0" fromWho="3" sc="250,39,240,0,250,0,250,-29" /><INIT seed="0,1,0,4,1,78" ten="289,240,250,221" oya="0" hai0="37,58,69,2,42,65,85,51,62,0,132,87,75" hai1="103,13,54,82,73,30,67,95,55,108,61,107,124" hai2="99,22,74,86,11,106,92,24,4,118,102,38,53" hai3="71,46,72,64,50,129,9,121,15,34,59,83,6"/><T89/><D75/><U94/><E108/><V66/><F38/><W45/><G71/><T1/><D132/><U76/><E124/><V12/><F118/><W84/><G34/><T28/><D28/><U10/><E30/><V130/><F130/><W70/><G129/><T125/><D125/><U33/><E33/><V43/><F74/><W39/><G72/><T31/><D31/><U3/><E3/><V131/><F131/><W20/><G121/><T35/><D35/><U25/><E25/><V111/><F111/><W8/><G39/><T80/><D87/><U63/><E107/><V56/><F43/><W123/><G70/><T47/><D0/><U18/><E61/><V104/><F86/><W88/><G123/><T114/><D114/><U5/><E5/><V21/><F21/><W126/><G126/><T127/><D127/><U91/><E103/><V41/><F41/><W48/><G8/><T115/><D115/><U7/><E7/><V97/><F97/><W116/><G20/><T79/><D79/><U93/><REACH who="1" step="1"/><E91/><REACH who="1" ten="289,230,250,221" step="2"/><V81/><F102/><W90/><G90/><T109/><D109/><U135/><E135/><V128/><F104/><W57/><G116/><T105/><D105/><U49/><E49/><V26/><F106/><W101/><G101/><T29/><D29/><U119/><E119/><V17/><F4/><W68/><G48/><T52/><AGARI ba="1,1" hai="1,2,37,42,47,51,52,58,62,65,69,80,85,89" machi="52" ten="30,12000,1" yaku="0,1,24,2,52,1,54,1" doraHai="78" who="0" fromWho="0" sc="289,133,230,-41,250,-41,221,-41" /><INIT seed="0,2,0,4,0,85" ten="422,189,209,180" oya="0" hai0="65,6,68,1,60,49,52,24,53,35,127,86,44" hai1="14,2,100,82,78,19,123,83,59,46,106,77,21" hai2="92,22,105,93,110,61,111,128,88,37,112,57,114" hai3="9,31,72,36,98,28,11,63,117,125,10,132,38"/><T101/><D127/><U75/><E123/><V20/><F37/><W0/><G117/><T107/><D1/><U97/><E2/><V115/><F105/><W104/><G0/><T66/><D6/><U5/><E5/><V39/><F39/><W51/><G72/><T122/><D122/><U26/><E59/><V133/><F133/><W95/><G104/><T118/><D118/><U69/><E46/><V17/><F128/><W13/><G38/><T58/><D86/><U103/><E103/><V8/><F8/><W40/><G36/><T84/><D84/><U135/><E135/><V80/><F80/><W102/><G132/><T54/><D66/><U90/><E69/><V15/><F22/><W32/><G32/><T74/><D74/><U50/><E50/><V42/><F42/><W29/><G63/><T129/><D58/><U67/><E67/><V126/><F126/><W64/><G64/><T3/><D3/><U56/><E56/><V94/><F57/><W30/><N who="3" m="7168" /><DORA hai="108" /><W25/><G125/><T134/><D134/><U7/><E7/><V4/><F4/><W89/><G25/><T71/><D71/><U109/><E109/><N who="2" m="41483" /><F61/><W73/><G73/><T116/><D116/><U119/><E119/><V121/><F121/><W48/><G13/><T16/><D35/><U87/><REACH who="1" step="1"/><E14/><REACH who="1" ten="422,179,209,180" step="2"/><V113/><N who="2" m="28672" /><DORA hai="79" /><V33/><F33/><W12/><G12/><T55/><D68/><U91/><AGARI ba="2,1" hai="19,21,26,75,77,78,82,83,87,90,91,97,100,106" machi="91" ten="30,12000,2" yaku="1,1,0,1,52,4,53,0" doraHai="85,108,79" doraHaiUra="130,41,70" who="1" fromWho="1" sc="422,-62,179,136,209,-32,180,-32" /><INIT seed="1,0,0,3,3,33" ten="360,315,177,148" oya="1" hai0="62,56,113,32,6,71,132,131,28,99,76,7,102" hai1="97,1,81,65,4,18,54,130,36,106,49,86,84" hai2="72,110,10,120,100,98,52,128,135,42,44,124,105" hai3="93,133,92,12,73,39,109,59,27,3,75,31,101"/><U83/><E36/><V96/><F120/><W104/><G39/><T22/><D113/><U16/><E130/><V95/><F128/><W38/><G38/><T55/><D131/><U21/><E65/><V34/><F34/><W94/><G109/><T103/><D32/><U117/><E117/><V70/><F70/><W68/><G68/><T119/><D119/><U90/><E106/><V51/><F72/><W69/><G69/><T24/><D132/><U63/><E63/><V108/><F135/><W11/><G133/><T53/><D71/><U91/><E97/><V50/><F124/><W40/><G40/><T41/><D41/><U29/><E4/><V43/><F10/><W115/><G115/><T8/><D76/><U116/><E1/><V47/><REACH who="2" step="1"/><F42/><REACH who="2" ten="360,315,167,148" step="2"/><W45/><G11/><T0/><D7/><U26/><REACH who="1" step="1"/><E116/><REACH who="1" ten="360,305,167,148" step="2"/><V17/><F17/><W79/><G104/><T46/><D6/><U134/><E134/><V112/><F112/><W64/><G75/><T114/><D114/><U88/><E88/><AGARI ba="0,2" hai="43,44,47,50,51,52,88,95,96,98,100,105,108,110" machi="88" ten="40,5200,0" yaku="1,1,54,2,53,0" doraHai="33" doraHaiUra="58" who="2" fromWho="1" sc="360,0,305,-52,167,72,148,0" /><INIT seed="2,0,0,3,0,45" ten="360,253,239,148" oya="2" hai0="44,75,43,55,114,66,32,72,102,9,56,116,16" hai1="108,70,79,91,52,69,14,96,87,47,41,38,18" hai2="97,21,94,109,35,129,85,111,118,24,124,103,17" hai3="64,122,112,58,125,19,80,49,128,25,5,132,123"/><V120/><F120/><W131/><G5/><T126/><D32/><U93/><E108/><N who="2" m="41547" /><F118/><W68/><G80/><T81/><D66/><U67/><E67/><V8/><F35/><W134/><G19/><T60/><D114/><U71/><E79/><V31/><F124/><W62/><G25/><T59/><D59/><U30/><E30/><V113/><F113/><W15/><G15/><T90/><D102/><U0/><E0/><V4/><F129/><N who="3" m="49739" /><G112/><T63/><D63/><U86/><REACH who="1" step="1"/><E52/><REACH who="1" ten="360,243,239,148" step="2"/><V51/><F31/><W23/><G125/><T27/><D126/><U50/><E50/><V39/><F39/><W89/><G123/><T7/><D55/><U26/><E26/><V119/><F119/><W117/><G122/><T73/><D27/><U42/><E42/><V83/><F51/><W82/><G117/><T34/><D43/><U115/><E115/><V84/><F83/><W54/><G82/><T36/><D81/><U121/><E121/><V88/><F103/><W135/><G89/><T77/><D90/><U99/><E99/><V110/><N who="2" m="41555" /><V127/><DORA hai="92" /><F127/><W3/><G3/><AGARI ba="0,1" hai="3,4,8,17,21,24,84,85,88,94,97" m="41555" machi="3" ten="40,12000,1" yaku="14,1,10,1,52,1,54,1" doraHai="45,92" who="2" fromWho="3" sc="360,0,243,0,239,130,148,-120" /><INIT seed="2,1,0,2,5,15" ten="360,243,369,28" oya="2" hai0="61,63,87,129,35,16,40,10,27,56,45,58,39" hai1="104,120,111,70,41,34,132,94,126,80,90,55,69" hai2="38,52,92,96,113,103,30,17,36,133,91,23,117" hai3="84,68,124,29,125,73,82,7,93,43,77,62,31"/><V65/><F117/><W89/><G43/><T32/><D129/><U59/><E111/><V98/><F113/><W14/><G68/><T71/><D71/><U122/><E104/><V109/><F109/><W108/><G108/><T51/><D39/><U54/><E132/><V114/><F114/><W12/><G62/><T88/><D35/><U118/><E118/><V72/><F72/><W85/><G73/><T13/><D32/><U135/><E34/><V53/><F30/><N who="3" m="11275" /><G7/><T105/><D27/><U64/><E135/><V131/><F131/><W49/><G49/><T86/><D105/><U95/><E80/><V81/><F65/><W110/><G110/><T75/><D75/><U83/><E83/><V11/><F133/><W106/><G106/><T102/><D102/><U28/><E28/><V19/><F38/><W107/><G107/><T79/><D79/><U130/><E41/><V123/><F123/><W44/><G44/><T5/><D5/><U116/><E116/><V127/><F36/><W2/><G2/><T8/><D8/><U66/><E59/><N who="0" m="22569" /><D86/><U50/><E50/><V128/><F128/><W60/><G60/><T119/><D119/><U134/><E130/><V20/><F11/><W21/><G21/><T67/><D67/><U0/><E0/><V57/><F57/><W33/><G33/><T115/><D115/><U1/><E1/><V22/><F22/><W121/><G121/><T24/><D24/><U97/><E134/><V78/><F23/><W100/><G100/><T46/><D45/><U42/><E120/><V37/><F20/><W76/><G76/><RYUUKYOKU ba="1,0" sc="360,15,243,-15,369,-15,28,15" hai0="10,13,16,40,46,51,61,63,87,88" hai3="12,14,77,82,84,85,89,93,124,125" /><INIT seed="3,2,0,5,0,82" ten="375,228,354,43" oya="3" hai0="135,71,36,108,92,48,73,105,19,81,84,124,52" hai1="117,115,133,87,51,33,78,118,6,24,70,11,45" hai2="40,69,29,5,61,125,34,10,15,112,22,26,134" hai3="31,39,86,59,21,90,35,37,20,107,131,110,129"/><W46/><G107/><T88/><D36/><U27/><E115/><V104/><F112/><W79/><G79/><T100/><D71/><U16/><E70/><V55/><F125/><W0/><G0/><T62/><D124/><U130/><E130/><N who="3" m="49674" /><G35/><T13/><D135/><U50/><E133/><V99/><F134/><W23/><G110/><T96/><D108/><U89/><E78/><V102/><F40/><N who="3" m="22799" /><G39/><T111/><D111/><U7/><E51/><V83/><F55/><W49/><G49/><T109/><D109/><U97/><E97/><V53/><F53/><W65/><G59/><N who="0" m="33159" /><D62/><U47/><E47/><V57/><F57/><W54/><G54/><T93/><D73/><U64/><E64/><V25/><F61/><W114/><G65/><T17/><D105/><U9/><E33/><V14/><F69/><W28/><G114/><T122/><D122/><U63/><E63/><V121/><F121/><W123/><G123/><T98/><D13/><N who="1" m="7231" /><E50/><V101/><F104/><W18/><G18/><T127/><D127/><U38/><E38/><V43/><F43/><W4/><G4/><T72/><D72/><U94/><E6/><V67/><F67/><W80/><AGARI ba="2,0" hai="20,21,23,28,31,80,86,90" m="22799,49674" machi="80" ten="30,3000,0" yaku="19,1,52,1" doraHai="82" who="3" fromWho="3" sc="375,-12,228,-12,354,-12,43,36" /><INIT seed="3,3,0,2,1,21" ten="363,216,342,79" oya="3" hai0="46,103,93,67,37,94,0,15,110,79,29,39,19" hai1="89,58,16,118,51,30,113,91,65,28,84,66,49" hai2="20,3,111,135,52,71,102,128,108,112,33,134,60" hai3="117,35,80,13,121,17,87,25,47,44,56,127,125"/><W43/><G121/><T11/><D0/><U63/><E113/><V97/><F33/><W120/><G120/><T62/><D79/><U74/><E74/><V31/><F112/><W68/><G68/><T109/><D29/><N who="1" m="11371" /><E118/><V40/><F40/><W23/><G117/><T116/><D116/><U2/><E2/><V9/><F128/><W85/><G35/><T24/><D24/><U77/><E66/><V22/><F71/><W104/><G104/><T55/><D55/><U53/><E77/><V95/><F60/><W115/><G115/><T100/><D100/><U76/><E76/><V78/><F52/><W73/><G73/><T7/><D7/><U114/><E114/><V61/><F61/><W10/><G56/><T38/><D46/><U6/><E6/><N who="2" m="1247" /><F78/><W4/><G47/><T34/><D34/><U126/><E126/><N who="3" m="48138" /><G80/><T130/><D130/><U50/><E65/><V105/><F105/><W42/><G42/><T122/><D122/><U124/><E124/><V27/><F20/><W8/><G8/><T32/><D32/><U83/><E89/><V64/><F64/><W90/><G90/><T69/><D103/><U45/><E45/><V48/><F48/><AGARI ba="3,0" hai="4,10,13,17,23,25,43,44,48,85,87" m="48138" machi="48" ten="30,2900,0" yaku="18,1,52,1" doraHai="21" who="3" fromWho="2" sc="363,0,216,0,342,-38,79,38" /><INIT seed="3,4,0,1,2,100" ten="363,216,304,117" oya="3" hai0="48,75,134,126,67,112,95,51,46,56,11,69,133" hai1="3,66,135,17,106,70,120,43,25,91,1,84,14" hai2="72,125,121,99,53,38,119,60,57,114,42,78,116" hai3="28,63,32,123,94,117,68,76,40,81,45,55,58"/><W24/><G117/><T16/><D75/><U30/><E120/><V96/><F114/><W83/><G123/><T29/><D69/><U77/><E135/><N who="0" m="51721" /><D29/><U35/><E43/><V97/><F121/><W131/><G131/><T90/><D112/><U39/><E39/><V0/><F0/><W5/><G5/><T62/><D126/><U21/><E77/><V50/><F38/><W73/><G68/><T105/><D105/><U108/><E108/><V47/><F125/><W22/><G83/><T37/><D37/><U44/><E106/><V36/><F78/><W87/><G32/><T13/><D46/><U132/><E44/><V19/><F72/><W26/><G26/><T103/><D103/><U118/><E118/><V6/><F6/><W41/><REACH who="3" step="1"/><G45/><REACH who="3" ten="363,216,304,107" step="2"/><T80/><D80/><U8/><E132/><V59/><F116/><W2/><G2/><T86/><AGARI ba="4,1" hai="11,13,16,48,51,56,62,67,86,90,95" m="51721" machi="86" ten="30,2000,0" yaku="20,1,54,1" doraHai="100" who="0" fromWho="0" sc="363,42,216,-9,304,-9,107,-14" /><INIT seed="4,0,0,5,0,23" ten="405,207,295,93" oya="0" hai0="19,47,59,116,65,82,78,100,87,115,96,126,117" hai1="84,9,133,95,28,89,46,0,43,1,71,127,79" hai2="30,15,103,6,97,69,24,60,113,26,129,80,64" hai3="77,83,109,90,72,93,124,70,40,39,94,14,53"/><T13/><D126/><U130/><E71/><V54/><F113/><W91/><G124/><T104/><D115/><U20/><E127/><V45/><F129/><W11/><G109/><T68/><D68/><U42/><E130/><V67/><F67/><W12/><G70/><T101/><D101/><U135/><E79/><V34/><F80/><W25/><G39/><T31/><D31/><U122/><E122/><V121/><F121/><W102/><G40/><T66/><D47/><U5/><E1/><V73/><F73/><W3/><G102/><T85/><D85/><U16/><E28/><V119/><F119/><W111/><G111/><T8/><D66/><U128/><E128/><V48/><F26/><W118/><G118/><T131/><D131/><U35/><E35/><V92/><F15/><W56/><G3/><T105/><D104/><U58/><E58/><V21/><REACH who="2" step="1"/><F6/><REACH who="2" ten="405,207,285,93" step="2"/><W44/><G25/><T38/><D117/><U106/><E106/><V52/><F52/><W112/><G112/><T49/><D116/><U134/><REACH who="1" step="1"/><E46/><REACH who="1" ten="405,197,285,93" step="2"/><V4/><F4/><W37/><G44/><T86/><D105/><U99/><E99/><V10/><F10/><W51/><G11/><T76/><D96/><U88/><E88/><V29/><F29/><W22/><G90/><T125/><D125/><U61/><E61/><V57/><F57/><W33/><G91/><T108/><D59/><U55/><E55/><V63/><F63/><W110/><G53/><T107/><D8/><U62/><E62/><V2/><F2/><W27/><G56/><T74/><D108/><U120/><E120/><RYUUKYOKU ba="0,2" sc="405,-15,197,15,285,15,93,-15" hai1="0,5,9,16,20,42,43,84,89,95,133,134,135" hai2="21,24,30,34,45,48,54,60,64,69,92,97,103" /><INIT seed="5,1,2,4,5,41" ten="390,212,300,78" oya="1" hai0="67,133,51,102,48,119,112,28,13,34,95,47,100" hai1="65,72,23,26,7,9,12,104,99,74,78,93,64" hai2="59,6,128,46,39,45,57,81,120,82,25,129,110" hai3="134,21,56,61,96,105,40,63,54,52,123,87,106"/><U111/><E111/><V27/><F39/><W31/><G123/><T30/><D119/><U89/><E104/><V60/><F6/><W35/><G35/><T3/><D3/><U103/><E103/><V80/><F110/><W32/><G32/><T70/><D34/><U115/><E115/><V38/><F38/><W91/><G134/><T5/><D70/><U69/><E78/><V79/><F79/><W8/><G96/><T43/><D67/><U37/><E37/><V53/><F120/><W71/><G8/><T42/><D112/><U98/><E98/><V124/><F124/><W94/><G40/><T73/><D73/><U4/><E4/><V29/><F59/><W33/><G33/><T130/><D133/><U75/><REACH who="1" step="1"/><E69/><REACH who="1" ten="390,202,300,78" step="2"/><V10/><F129/><W55/><G71/><T49/><D102/><U44/><E44/><N who="2" m="17003" /><F128/><W18/><G31/><AGARI ba="1,3" hai="7,9,12,23,26,31,64,65,72,74,75,89,93,99" machi="31" ten="40,2000,0" yaku="1,1,53,0" doraHai="41" doraHaiUra="68" who="1" fromWho="3" sc="390,0,202,53,300,0,78,-23" /><INIT seed="5,2,0,2,1,76" ten="390,255,300,55" oya="1" hai0="30,7,31,122,34,48,83,71,43,74,85,127,116" hai1="68,72,60,133,95,78,109,14,22,5,55,47,3" hai2="39,128,96,120,98,111,88,97,121,4,107,73,59" hai3="134,63,38,125,28,61,44,118,8,130,100,132,101"/><U12/><E133/><V2/><F111/><W106/><G28/><T131/><D71/><U45/><E3/><V110/><F110/><W90/><G8/><T79/><D116/><U27/><E109/><V58/><F39/><W16/><G106/><T104/><D104/><U19/><E72/><V0/><F107/><W35/><G35/><T115/><D34/><U75/><E68/><V67/><F73/><W37/><G44/><N who="1" m="16970" /><E75/><V108/><F108/><W69/><G69/><T42/><D74/><U123/><E78/><V40/><F40/><W57/><G57/><T10/><D122/><U113/><E113/><V13/><F13/><N who="1" m="5225" /><E123/><V77/><F77/><W36/><G118/><T17/><D115/><U54/><E5/><V93/><F4/><W41/><G41/><T126/><D7/><U9/><E9/><V6/><F6/><W91/><G130/><T29/><D131/><U20/><E60/><V92/><F128/><W21/><G125/><N who="0" m="47627" /><D10/><U33/><E95/><V26/><F93/><W99/><G21/><N who="1" m="8298" /><E33/><V46/><F0/><W82/><G36/><T1/><D1/><U64/><E64/><V51/><F2/><W81/><G16/><T49/><D17/><U11/><E11/><V52/><F120/><W112/><G112/><T84/><D43/><U65/><E65/><V23/><F121/><W124/><G124/><T102/><D42/><U15/><N who="1" m="5233" /><U89/><DORA hai="70" /><E89/><V94/><F94/><W62/><G62/><T18/><D18/><U24/><E19/><N who="2" m="12671" /><F67/><W135/><G135/><T86/><D102/><U117/><E117/><V80/><F92/><RYUUKYOKU ba="2,0" sc="390,0,255,0,300,0,55,0" hai0="29,30,31,48,49,79,83,84,85,86" hai1="24,27,54,55" hai2="46,51,52,58,59,80,88,96,97,98" hai3="37,38,61,63,81,82,90,91,99,100,101,132,134" /><INIT seed="5,3,0,0,1,65" ten="390,255,300,55" oya="1" hai0="8,100,17,45,48,23,78,113,80,40,122,118,91" hai1="35,56,21,117,111,92,81,26,61,104,30,19,105" hai2="25,39,67,72,74,66,107,96,93,28,16,33,133" hai3="20,132,11,73,10,50,60,89,119,69,106,46,103"/><U88/><E117/><V34/><F39/><W36/><G119/><T109/><D118/><U108/><E81/><V97/><F34/><W4/><G132/><T14/><D109/><N who="1" m="42059" /><E35/><V2/><F133/><W53/><G73/><T31/><D122/><U12/><E12/><V79/><F2/><W130/><G130/><T86/><D113/><U99/><E30/><V29/><F29/><W121/><G121/><T54/><D100/><U70/><E70/><V13/><F107/><W120/><G120/><T102/><D102/><U55/><AGARI ba="3,0" hai="19,21,26,55,56,61,88,92,99,104,105" m="42059" machi="55" ten="30,6000,0" yaku="25,1,10,1,54,1" doraHai="65" who="1" fromWho="1" sc="390,-23,255,69,300,-23,55,-23" /><INIT seed="5,4,0,3,3,75" ten="367,324,277,32" oya="1" hai0="36,14,70,60,67,10,9,32,95,88,68,18,29" hai1="105,92,112,98,83,114,124,87,58,91,30,49,20" hai2="39,52,118,6,17,7,62,106,119,85,44,86,74" hai3="69,120,113,53,19,22,27,0,122,65,35,93,59"/><U127/><E49/><V51/><F106/><W34/><G0/><T40/><D70/><U71/><E58/><V117/><F39/><W55/><G113/><N who="1" m="43626" /><E71/><V1/><F17/><W121/><G55/><T102/><D102/><N who="1" m="62679" /><E20/><V84/><F1/><W77/><G65/><T90/><D9/><U47/><E47/><V12/><F12/><W37/><G37/><T103/><D32/><U126/><E30/><V50/><F62/><W25/><G69/><T72/><D29/><U8/><E8/><V116/><N who="2" m="29696" /><DORA hai="66" /><V33/><F33/><W5/><G5/><T16/><D18/><U45/><E45/><V135/><F135/><W38/><G38/><T4/><D4/><U64/><E64/><V108/><F108/><W11/><G11/><T131/><D40/><U31/><E31/><V76/><REACH who="2" step="1"/><F51/><REACH who="2" ten="367,324,267,32" step="2"/><W81/><G27/><T28/><D36/><U48/><E48/><V107/><F107/><W41/><G35/><T110/><D110/><U54/><E54/><V26/><F26/><W61/><G34/><T73/><D60/><U134/><E134/><V101/><F101/><W43/><G43/><T129/><D14/><U125/><E125/><V104/><F104/><W46/><G41/><T99/><D16/><U2/><E2/><V89/><F89/><W133/><G133/><T13/><D13/><U128/><E128/><V21/><F21/><W79/><G22/><T63/><D10/><U115/><E115/><V24/><F24/><W15/><G25/><T80/><D28/><U109/><E109/><V23/><F23/><W132/><G132/><T97/><D131/><RYUUKYOKU ba="4,1" sc="367,-15,324,15,267,15,32,-15" hai1="83,87,91,92,124,126,127" hai2="6,7,44,50,52,74,76,84,85,86" /><INIT seed="5,5,1,4,2,129" ten="352,339,282,17" oya="1" hai0="13,124,63,10,51,86,126,66,122,118,39,3,19" hai1="65,28,78,101,123,40,18,72,107,22,11,44,61" hai2="24,73,119,32,50,100,29,103,88,104,62,84,120" hai3="26,92,79,12,135,105,127,112,52,102,34,87,31"/><U30/><E123/><V2/><F120/><W121/><G121/><T48/><D39/><U60/><E72/><V90/><F119/><W0/><G0/><T64/><D118/><U9/><E78/><V125/><F125/><N who="0" m="48234" /><D122/><U17/><E107/><V7/><F73/><W35/><G127/><T94/><D3/><U6/><E101/><V133/><F90/><W134/><G112/><T81/><D94/><U130/><E130/><V5/><F50/><N who="0" m="18986" /><D63/><N who="1" m="24139" /><E44/><V114/><F62/><W93/><G35/><T77/><AGARI ba="5,1" hai="10,13,19,64,66,77,81,86" m="18986,48234" machi="77" ten="30,1100,0" yaku="18,1" doraHai="129" who="0" fromWho="0" sc="352,36,339,-10,282,-8,17,-8" /><INIT seed="6,0,0,4,2,27" ten="388,329,274,9" oya="2" hai0="21,107,8,28,42,76,81,101,16,94,134,25,52" hai1="123,38,41,131,53,127,33,117,111,77,23,32,54" hai2="129,72,59,50,91,61,65,56,71,118,6,86,44" hai3="14,67,74,7,130,20,128,26,83,113,79,120,82"/><V100/><F118/><W17/><G120/><T9/><D107/><U132/><E111/><V36/><F72/><W47/><G67/><T1/><D42/><U85/><E117/><V60/><F129/><N who="3" m="49771" /><G113/><T10/><D1/><U22/><E131/><V0/><F100/><W24/><G7/><T34/><D134/><U90/><E132/><V103/><F103/><W62/><G62/><T80/><D101/><U18/><E77/><V87/><F36/><W124/><G124/><T75/><D94/><U92/><E127/><V109/><F109/><W70/><G70/><T73/><D81/><U133/><E133/><V13/><F0/><W125/><G125/><T96/><D96/><U30/><E123/><V4/><F71/><W88/><G47/><T69/><D69/><U119/><E119/><V64/><F13/><W93/><G83/><T98/><D98/><AGARI ba="0,0" hai="14,17,20,24,26,74,79,82,88,93,98" m="49771" machi="98" ten="30,2000,0" yaku="19,1,54,1" doraHai="27" who="3" fromWho="0" sc="388,-20,329,0,274,0,9,20" /><INIT seed="7,0,0,5,1,96" ten="368,329,274,29" oya="3" hai0="98,42,124,54,12,63,74,28,102,85,47,22,30" hai1="44,24,99,43,36,114,33,21,134,62,39,106,67" hai2="93,123,5,92,128,122,81,51,129,100,60,38,80" hai3="45,9,118,105,26,17,75,120,110,78,89,64,69"/><W46/><G120/><N who="2" m="46121" /><F38/><W66/><G118/><T0/><D74/><U58/><E114/><V57/><F5/><W111/><G105/><T109/><D0/><U103/><E134/><V116/><F51/><W52/><G75/><T79/><D109/><N who="3" m="41481" /><G78/><T20/><D20/><U10/><E10/><V86/><F57/><W55/><G89/><T61/><D79/><U27/><E33/><V77/><F60/><N who="3" m="40071" /><G26/><T76/><D76/><U53/><E27/><V71/><F71/><W25/><G25/><T119/><D119/><U3/><E3/><V19/><F19/><W84/><G84/><T87/><D63/><U11/><E11/><V6/><F6/><W125/><G125/><T18/><D124/><U94/><E106/><V90/><F116/><W41/><G17/><T112/><D30/><U113/><E113/><V131/><F100/><W8/><G8/><T16/><D18/><U32/><E32/><V29/><F29/><W1/><G66/><T73/><D28/><N who="1" m="17423" /><E53/><N who="3" m="20554" /><G41/><T101/><D112/><U65/><E67/><V127/><F127/><W15/><G15/><T4/><D4/><AGARI ba="0,0" hai="1,4,9,45,46" m="20554,40071,41481" machi="4" ten="30,2900,0" yaku="10,1,54,1" doraHai="96" who="3" fromWho="0" sc="368,-29,329,0,274,0,29,29" /><INIT seed="7,1,0,0,0,1" ten="339,329,274,58" oya="3" hai0="61,42,67,55,80,40,115,8,72,78,124,79,26" hai1="109,5,127,129,68,125,10,2,97,82,46,52,51" hai2="94,65,121,23,76,30,130,81,86,103,15,74,126" hai3="48,98,69,19,117,22,18,6,83,89,14,114,60"/><W62/><G117/><T35/><D35/><U132/><E109/><V93/><F126/><N who="1" m="48137" /><E129/><V71/><F130/><W39/><G39/><T108/><D108/><U16/><E132/><V128/><F128/><W37/><G37/><T4/><D124/><U88/><E68/><V21/><F121/><W24/><G114/><T17/><D115/><U45/><E16/><V58/><F71/><W27/><G69/><T59/><D67/><U41/><E97/><V9/><F74/><W25/><G6/><T7/><D78/><U134/><E134/><V120/><F120/><W110/><G110/><T102/><D102/><U118/><E118/><V36/><F36/><W44/><G19/><T99/><D99/><U54/><E45/><V63/><F103/><W101/><G101/><T116/><D116/><U112/><E112/><V122/><F122/><W106/><G106/><T66/><D66/><U11/><E11/><V91/><F30/><W38/><G38/><T131/><D131/><U33/><E33/><V57/><F57/><W29/><G29/><T34/><D4/><U133/><E133/><V70/><F70/><W135/><G135/><T87/><D72/><U85/><AGARI ba="1,0" hai="2,5,10,41,46,51,52,54,82,85,88" m="48137" machi="85" ten="30,7900,0" yaku="18,1,52,1,54,2" doraHai="1" who="1" fromWho="1" sc="339,-21,329,82,274,-21,58,-40" owari="318,12.0,411,51.0,253,-15.0,18,-48.0" /></mjloggm>