<mjloggm ver="2.3"><GO type="169" lobby="0"/><UN n0="%E3%83%93%E3%83%B3%E3%82%AB%E3%83%B3" n1="%66%61%7A%65" n2="%E3%81%8F%E3%81%85%E3%81%A1%E3%82%83%E3%82%93%EF%BC%A0%50%45" n3="%E3%82%8F%E3%81%A3%E3%81%97%E3%82%87%E3%81%84%E5%90%9B%32%E5%8F%B7" dan="16,16,16,17" rate="2156.79,2125.39,2186.75,2290.02" sx="M,M,M,M"/><TAIKYOKU oya="0"/><INIT seed="0,0,0,4,4,54" ten="250,250,250,250" oya="0" hai0="33,128,2,6,75,32,90,73,105,133,93,110,76" hai1="5,116,106,74,43,121,94,67,11,53,46,131,69" hai2="8,57,55,17,28,120,127,56,124,0,4,10,59" hai3="77,88,114,50,100,49,24,62,13,44,109,85,21"/><T111/><D105/><U58/><E116/><V125/><F120/><W80/><G114/><T9/><D133/><U37/><E106/><V72/><F72/><W64/><G109/><N who="0" m="41483" /><D128/><U117/><E117/><V97/><F28/><W101/><G13/><T52/><D76/><U70/><E121/><V16/><F97/><W68/><G77/><T130/><D130/><U15/><E74/><V123/><F123/><W31/><REACH who="3" step="1"/><G50/><REACH who="3" ten="250,250,250,240" step="2"/><T66/><D75/><U115/><E131/><V61/><F10/><W27/><G27/><T83/><D73/><U20/><E115/><V12/><F0/><W84/><G84/><N who="0" m="52423" /><D83/><U98/><E11/><V82/><F82/><W134/><G134/><T102/><D102/><U1/><E1/><V95/><F95/><W107/><G107/><T60/><D66/><U81/><E67/><V22/><F4/><W42/><AGARI ba="0,1" hai="21,24,31,42,44,49,62,64,68,80,85,88,100,101" machi="42" ten="20,8000,1" yaku="1,1,0,1,7,1,54,1,53,1" doraHai="54" doraHaiUra="19" who="3" fromWho="3" sc="250,-40,250,-20,250,-20,240,90" /><INIT seed="1,0,0,4,3,106" ten="210,230,230,330" oya="1" hai0="86,118,77,70,10,53,50,95,76,26,27,124,99" hai1="85,100,4,19,91,128,37,122,59,15,117,96,78" hai2="135,54,66,1,22,111,83,17,61,39,119,0,101" hai3="113,9,29,46,28,56,25,21,43,104,11,47,23"/><U110/><E117/><V5/><F119/><W114/><G56/><T115/><D118/><U13/><E122/><V45/><F111/><W90/><G104/><T69/><D115/><U33/><E37/><V40/><F135/><W41/><G25/><T36/><D36/><U97/><E33/><V103/><F83/><W87/><G87/><T130/><D70/><U102/><E128/><V42/><F42/><W127/><G90/><T60/><D69/><U6/><E78/><N who="0" m="30313" /><D130/><U116/><E116/><V94/><F54/><W79/><G79/><T62/><D10/><U129/><E129/><V92/><F5/><W132/><G127/><T16/><D86/><U63/><E110/><V64/><F64/><W20/><G20/><N who="0" m="13575" /><D27/><U35/><E35/><V8/><F8/><W98/><G98/><N who="1" m="37994" /><E6/><V32/><F32/><W72/><G132/><T80/><D80/><N who="1" m="49575" /><E4/><V89/><F1/><W75/><AGARI ba="0,0" hai="9,11,21,23,28,29,41,43,46,47,72,75,113,114" machi="75" ten="25,8000,1" yaku="0,1,22,2,52,2" doraHai="106" who="3" fromWho="3" sc="210,-20,230,-40,230,-20,330,80" /><INIT seed="2,0,0,3,3,49" ten="190,190,210,410" oya="2" hai0="40,106,123,108,13,79,101,92,117,47,97,14,23" hai1="112,19,109,81,91,39,65,127,82,85,77,62,18" hai2="61,16,69,121,29,72,59,99,20,48,63,76,5" hai3="83,66,9,46,30,114,100,7,71,2,124,45,27"/><V88/><F121/><W134/><G134/><T95/><D123/><U31/><E112/><V0/><F69/><W28/><G114/><T42/><D42/><U35/><E109/><V58/><F0/><W22/><G124/><T21/><D108/><U86/><E39/><V60/><F5/><W87/><G100/><T38/><D79/><U105/><E105/><V130/><F130/><W57/><G71/><T129/><D129/><U44/><E127/><V94/><F29/><W119/><G119/><T135/><D135/><U102/><E102/><V1/><F1/><W37/><G37/><T70/><D70/><U41/><E31/><V33/><F33/><W24/><G57/><T93/><D117/><U104/><E104/><V131/><F131/><W98/><G98/><T26/><REACH who="0" step="1"/><D23/><REACH who="0" ten="180,190,210,410" step="2"/><U36/><E35/><V132/><F132/><W128/><G128/><T111/><D111/><U80/><E80/><V52/><F76/><W64/><G22/><T68/><D68/><AGARI ba="0,1" hai="18,19,36,41,44,62,65,68,77,81,82,85,86,91" machi="68" ten="30,1000,0" yaku="7,1" doraHai="49" who="1" fromWho="0" sc="180,-10,190,20,210,0,410,0" /><INIT seed="3,0,0,5,4,45" ten="170,210,210,410" oya="3" hai0="33,52,101,82,76,72,26,124,75,34,118,98,132" hai1="68,110,57,111,21,125,89,49,0,7,70,14,13" hai2="67,88,131,80,24,36,56,127,50,128,60,1,18" hai3="48,10,116,122,119,81,106,103,16,108,40,121,2"/><W19/><G106/><T109/><D118/><U84/><E0/><V69/><F36/><W73/><G103/><T54/><D75/><U20/><E125/><V32/><F1/><W112/><G73/><T35/><D124/><U65/><E13/><V51/><F127/><W64/><G64/><T30/><D132/><U100/><E100/><V95/><F80/><W22/><G81/><T99/><D99/><U37/><E37/><V59/><F59/><W38/><G38/><T85/><D72/><U91/><E91/><V61/><F32/><W3/><G40/><T5/><D5/><U15/><E15/><V28/><F28/><W133/><G48/><T87/><D87/><U42/><E20/><N who="2" m="13335" /><F60/><W71/><G71/><T63/><D63/><U86/><E86/><N who="2" m="52631" /><F69/><W55/><G22/><T27/><D27/><U79/><E21/><V92/><F92/><W8/><G133/><T53/><REACH who="0" step="1"/><D109/><REACH who="0" ten="160,210,210,410" step="2"/><U130/><E110/><V93/><F93/><AGARI ba="0,1" hai="26,30,33,34,35,52,53,54,76,82,85,93,98,101" machi="93" ten="40,5200,0" yaku="1,1,2,1,54,1,53,0" doraHai="45" doraHaiUra="113" who="0" fromWho="2" sc="160,62,210,0,210,-52,410,0" /><INIT seed="4,0,0,2,3,93" ten="222,210,158,410" oya="0" hai0="102,117,134,42,133,63,73,36,84,103,18,4,98" hai1="60,105,2,48,46,67,112,45,62,52,41,47,0" hai2="37,22,91,33,130,83,96,30,87,49,44,82,106" hai3="116,90,131,54,71,12,3,88,72,113,58,15,51"/><T124/><D73/><U107/><E112/><V7/><F130/><W127/><G116/><T123/><D117/><U8/><E8/><V122/><F37/><W110/><G3/><T50/><D36/><N who="1" m="21671" /><E107/><V34/><F122/><W55/><G71/><T97/><D123/><U66/><E105/><V86/><F7/><W126/><G110/><T10/><D18/><U129/><E0/><V128/><F128/><W25/><G25/><T35/><D35/><U85/><E85/><V74/><F74/><W20/><G20/><T95/><D84/><U38/><E2/><V5/><F5/><W70/><G70/><T13/><D124/><U94/><E94/><V77/><F30/><W65/><G113/><T125/><D125/><U64/><E129/><V135/><F22/><W119/><G119/><T99/><D63/><U6/><E6/><V1/><F1/><W32/><G12/><T23/><D23/><U19/><E19/><V24/><F24/><W89/><G15/><T104/><REACH who="0" step="1"/><D99/><REACH who="0" ten="212,210,158,410" step="2"/><U80/><E80/><V29/><F29/><W75/><G32/><T111/><D111/><U61/><E38/><V31/><F31/><W118/><G118/><T40/><D40/><U17/><E17/><V109/><F109/><W56/><G131/><T121/><D121/><U92/><E92/><V114/><F34/><W79/><G75/><T59/><D59/><AGARI ba="0,1" hai="46,47,48,52,59,60,61,62,64,66,67" m="21671" machi="59" ten="30,12000,2" yaku="35,5,54,1" doraHai="93" who="1" fromWho="0" sc="212,-120,210,130,158,0,410,0" /><INIT seed="5,0,0,4,5,48" ten="92,340,158,410" oya="1" hai0="79,63,32,121,37,21,26,134,75,1,115,109,93" hai1="52,90,105,2,57,130,108,60,47,129,77,120,118" hai2="40,97,10,72,127,14,132,70,66,3,71,25,45" hai3="87,38,101,19,106,126,59,33,122,34,69,42,13"/><U123/><E2/><V54/><F127/><W50/><G69/><T78/><D32/><U74/><E105/><V0/><F132/><W68/><G68/><T56/><D1/><U29/><E29/><V53/><F72/><W95/><G38/><T43/><D109/><U133/><E77/><V81/><F25/><W86/><G86/><T85/><D75/><U6/><E6/><V110/><F110/><W51/><G51/><T23/><D134/><U65/><E74/><V89/><F70/><W15/><G15/><T20/><D121/><N who="1" m="46667" /><E90/><V124/><F124/><W91/><G126/><T49/><D115/><U82/><E82/><V103/><F71/><W119/><G101/><T22/><D37/><U58/><E133/><V44/><F66/><W28/><G28/><T131/><D131/><N who="1" m="50187" /><E108/><V88/><F3/><W111/><G106/><T11/><D11/><U4/><E4/><N who="2" m="3399" /><F40/><W30/><G30/><T128/><D128/><U35/><E35/><V107/><F0/><W73/><G73/><T46/><D93/><U64/><E118/><V135/><F107/><W113/><G119/><T100/><D85/><U99/><E99/><V62/><F135/><W24/><G111/><T7/><D100/><U117/><E117/><V114/><F114/><W12/><G122/><T94/><D94/><U125/><E125/><V5/><F5/><W104/><G104/><T80/><D7/><U96/><E96/><V16/><F81/><W31/><G33/><T61/><D80/><U67/><E47/><V92/><F44/><N who="3" m="25879" /><G34/><T41/><D46/><U102/><E102/><V27/><F103/><RYUUKYOKU ba="0,0" sc="92,-10,340,30,158,-10,410,-10" hai1="52,57,58,60,64,65,67" /><INIT seed="5,1,0,3,2,83" ten="82,370,148,400" oya="1" hai0="123,58,56,124,61,33,104,44,96,110,24,85,119" hai1="86,30,26,133,126,20,91,72,14,100,122,113,7" hai2="39,5,21,66,40,53,79,84,18,45,15,2,128" hai3="109,114,120,81,121,28,47,127,111,78,31,67,59"/><U68/><E122/><V118/><F118/><W38/><G81/><T12/><D119/><U34/><E68/><V112/><F128/><W25/><G78/><T17/><D123/><U116/><E116/><V134/><F134/><W54/><G25/><T36/><D110/><U49/><E133/><V42/><F66/><W95/><G95/><T55/><D124/><U22/><E126/><V106/><F106/><W130/><G59/><T8/><D58/><U70/><E70/><V93/><F112/><W135/><G54/><T32/><D24/><U76/><E113/><V41/><F53/><W27/><G27/><T46/><D104/><U52/><E100/><V29/><F29/><W3/><G47/><T87/><D96/><U101/><E101/><V74/><F93/><W105/><G67/><T37/><D46/><N who="1" m="27703" /><E34/><V0/><F0/><W9/><G127/><T77/><D77/><U89/><E72/><V64/><F64/><W19/><G3/><T11/><D11/><N who="1" m="4479" /><E20/><V102/><F102/><W131/><G114/><T107/><D107/><U63/><E63/><V129/><F129/><W6/><G105/><T4/><D4/><U115/><E115/><V97/><F74/><W117/><G117/><T35/><REACH who="0" step="1"/><D37/><REACH who="0" ten="72,370,148,400" step="2"/><U60/><E60/><V51/><F39/><W43/><G38/><T50/><D50/><U92/><E76/><V57/><F79/><W62/><G62/><T90/><D90/><AGARI ba="1,1" hai="22,26,30,86,89,90,91,92" m="4479,27703" machi="90" ten="30,5800,0" yaku="8,1,52,1,54,1" doraHai="83" who="1" fromWho="0" sc="72,-61,370,71,148,0,400,0" /><INIT seed="5,2,0,2,2,57" ten="11,441,148,400" oya="1" hai0="43,45,79,23,87,3,120,7,21,44,123,82,33" hai1="12,71,114,124,55,68,128,38,119,32,117,98,40" hai2="52,135,112,70,8,24,25,59,34,60,103,30,6" hai3="5,121,75,90,9,84,134,100,115,67,46,17,51"/><U61/><E32/><V106/><F135/><W56/><G121/><N who="0" m="46667" /><D33/><U13/><E98/><V111/><F111/><W108/><G108/><T4/><D45/><N who="1" m="23703" /><E12/><V92/><F70/><N who="1" m="26665" /><E13/><V1/><F112/><W85/><G17/><T73/><D87/><U27/><E27/><V35/><F106/><W53/><G100/><T10/><D7/><U122/><E122/><V130/><F130/><W126/><G9/><T95/><D95/><U78/><E78/><V113/><F113/><W36/><G90/><T74/><D74/><U96/><E96/><V15/><F1/><W11/><G51/><AGARI ba="2,0" hai="3,4,10,21,23,43,44,51,73,79,82" m="46667" machi="51" ten="30,1000,0" yaku="13,1" doraHai="57" who="0" fromWho="3" sc="11,16,441,0,148,0,400,-16" /><INIT seed="6,0,0,5,1,74" ten="27,441,148,384" oya="2" hai0="44,21,64,108,45,89,30,40,57,123,101,128,12" hai1="131,46,31,78,93,82,71,104,33,10,86,99,129" hai2="106,127,77,135,107,53,22,72,76,120,54,59,92" hai3="58,28,23,4,134,67,38,42,19,126,85,132,14"/><V49/><F120/><W41/><G126/><T83/><D123/><U17/><E71/><V6/><F127/><W81/><G28/><T75/><D108/><U0/><E104/><V24/><F135/><N who="3" m="51755" /><G4/><T39/><D101/><U124/><E124/><V61/><F72/><W20/><G38/><T117/><D117/><U43/><E31/><V65/><F6/><W52/><G23/><T109/><D109/><U84/><E33/><V69/><F106/><W105/><G67/><T35/><D35/><U47/><E86/><V25/><F107/><W125/><G105/><T73/><D45/><U122/><E122/><V51/><F92/><W13/><G13/><T68/><D68/><U94/><E94/><V133/><F133/><W63/><G125/><T96/><D96/><U7/><E17/><V103/><F103/><W121/><G121/><T18/><D30/><U98/><E47/><V88/><F88/><AGARI ba="0,0" hai="14,19,20,41,42,52,58,63,81,85,88" m="51755" machi="88" ten="30,3900,0" yaku="20,1,54,2" doraHai="74" who="3" fromWho="2" sc="27,0,441,0,148,-39,384,39" /><INIT seed="7,0,0,4,2,30" ten="27,441,109,423" oya="3" hai0="61,103,86,14,8,66,64,56,29,53,74,130,89" hai1="115,22,44,106,105,13,111,46,59,7,80,62,37" hai2="97,1,52,84,63,54,76,77,100,60,24,108,15" hai3="134,19,12,42,48,57,101,41,71,47,25,81,123"/><W27/><G123/><T93/><D74/><U18/><E111/><V121/><F108/><W99/><G71/><T68/><D130/><U50/><E115/><V78/><F121/><W102/><G134/><T32/><D103/><N who="3" m="39433" /><G99/><T96/><D96/><U131/><E131/><V75/><F1/><W113/><G113/><T40/><D40/><U94/><E37/><V67/><F75/><W10/><G42/><T70/><D70/><U135/><E135/><V65/><F84/><W107/><G107/><T69/><D69/><U119/><E119/><V122/><F122/><W98/><G98/><T43/><D43/><U9/><E94/><N who="2" m="58423" /><F24/><N who="3" m="9291" /><G57/><T55/><D29/><U45/><E105/><V133/><F15/><W88/><G81/><T28/><D28/><U90/><E106/><V49/><F133/><W129/><G129/><T21/><D21/><U31/><E31/><V79/><F79/><W124/><G124/><T127/><D127/><U2/><E80/><V120/><F120/><W0/><G0/><T11/><D11/><U95/><E46/><N who="2" m="27703" /><F54/><W73/><G73/><T23/><D23/><U51/><E45/><V58/><F58/><W109/><G109/><T3/><D3/><U112/><E44/><V39/><F39/><W20/><G20/><T91/><D55/><U16/><E112/><V4/><F4/><W5/><G5/><T125/><D125/><U33/><E18/><V87/><F87/><W114/><G114/><T72/><D72/><U118/><E118/><V126/><F126/><W36/><G36/><T35/><D68/><U17/><E17/><V128/><F128/><RYUUKYOKU ba="0,0" sc="27,-15,441,-15,109,15,423,15" hai2="60,63,65,67,76,77,78" hai3="10,12,19,41,47,48,88" owari="12,-49.0,426,23.0,124,-28.0,438,54.0" /></mjloggm>