<mjloggm ver="2.3"><GO type="185" lobby="0"/><UN n0="%E3%83%A6%E3%82%A6%E3%83%8B%E3%83%A3" n1="%E3%81%99%E3%81%9A%E3%82%81%E3%82%AF%E3%83%AC%E3%82%A4%E3%82%B8%E3%83%BC" n2="%E8%8A%B1%E9%AD%81" n3="" dan="18,18,17,0" rate="2275.63,2321.74,2344.50,1500.00" sx="M,M,F,C"/><TAIKYOKU oya="0"/><INIT seed="0,0,0,0,1,46" ten="350,350,350,0" oya="0" hai0="90,86,93,68,33,130,0,62,47,112,109,95,123" hai1="135,63,80,49,113,2,85,119,76,126,120,41,74" hai2="48,77,101,78,87,42,115,71,65,98,132,34,118" hai3=""/><T128/><N who="0" m="31520" /><T117/><D112/><U37/><N who="1" m="30752" /><U111/><E119/><V104/><F115/><T53/><D117/><U125/><E2/><V1/><F34/><T3/><D33/><U55/><E113/><V66/><F1/><T102/><D109/><U107/><E107/><V36/><F118/><T59/><D68/><U84/><E111/><V35/><F35/><T32/><D32/><U122/><N who="1" m="31264" /><U60/><E135/><V64/><F71/><T73/><D73/><U110/><E41/><V133/><F36/><T67/><D3/><U79/><E37/><V106/><F104/><T56/><D47/><U54/><E110/><V38/><F38/><T75/><D75/><U51/><E80/><V39/><F39/><T70/><D70/><U40/><E40/><V129/><F129/><T96/><REACH who="0" step="1"/><D0/><REACH who="0" ten="340,350,350,0" step="2"/><U50/><E74/><V58/><F132/><T52/><D52/><N who="1" m="20011" /><E126/><V44/><F133/><T99/><D99/><U82/><E125/><V103/><F58/><T100/><D100/><U83/><AGARI ba="0,1" hai="49,50,51,60,63,76,79,82,83,84,85" m="20011,31264,30752" machi="83" ten="30,9000,2" yaku="8,1,52,5,54,1" doraHai="46" who="1" fromWho="1" sc="340,-60,350,100,350,-30,0,0" /><INIT seed="1,0,0,2,4,1" ten="280,450,320,0" oya="1" hai0="129,86,123,134,103,91,45,111,130,109,118,88,38" hai1="54,89,72,124,44,115,100,116,76,135,79,117,128" hai2="66,80,42,70,105,67,83,48,0,110,96,33,71" hai3=""/><U2/><E2/><V127/><F0/><T106/><N who="0" m="31520" /><T82/><D38/><U95/><E115/><V68/><F110/><N who="0" m="41994" /><D45/><U133/><E54/><V113/><F113/><T112/><D112/><U73/><E100/><V132/><F132/><N who="1" m="50761" /><E128/><N who="0" m="49257" /><D134/><U43/><E124/><V65/><F127/><T3/><D3/><U52/><E52/><V58/><F58/><T59/><D59/><U50/><E50/><V56/><F56/><T99/><D118/><N who="1" m="45675" /><E43/><V32/><F48/><T69/><D69/><U35/><E44/><V39/><F42/><T101/><D103/><U93/><E35/><N who="2" m="13387" /><F39/><T108/><N who="0" m="42002" /><T78/><AGARI ba="0,0" hai="78,82,86,88,91,99,101,106" m="49257,42002,31520" machi="78" ten="50,9000,2" yaku="4,1,14,1,19,1,34,2,52,1,54,1" doraHai="1" who="0" fromWho="0" sc="280,90,450,-60,320,-30,0,0" /><INIT seed="2,0,0,1,2,40" ten="370,390,290,0" oya="2" hai0="61,59,35,39,104,102,72,45,33,52,81,95,46" hai1="98,103,49,71,54,69,107,47,109,96,42,110,63" hai2="73,97,0,101,58,3,127,91,64,51,53,37,135" hai3=""/><V75/><F135/><T133/><D104/><U118/><E118/><V85/><F127/><T105/><D105/><U76/><E76/><V2/><F37/><T79/><D133/><U65/><E98/><V108/><F108/><T88/><D102/><U82/><E82/><V44/><F64/><T34/><REACH who="0" step="1"/><D39/><REACH who="0" ten="360,390,290,0" step="2"/><U80/><E110/><V48/><F101/><T56/><D56/><U67/><E109/><V41/><REACH who="2" step="1"/><F97/><AGARI ba="0,1" hai="33,34,35,45,46,52,59,61,72,79,81,88,95,97" machi="97" ten="40,8000,1" yaku="1,1,52,2,54,2,53,0" doraHai="40" doraHaiUra="100" who="0" fromWho="2" sc="360,90,390,0,290,-80,0,0" /><INIT seed="4,0,0,1,1,88" ten="450,390,210,0" oya="0" hai0="129,55,48,114,46,119,120,133,97,3,69,36,87" hai1="122,135,73,54,66,60,64,1,78,85,49,109,50" hai2="2,33,96,41,53,45,115,89,0,81,84,39,102" hai3=""/><T58/><N who="0" m="30752" /><T82/><D119/><U77/><N who="1" m="31264" /><U74/><E109/><V56/><F33/><T43/><D3/><U52/><E135/><V67/><F67/><T107/><D133/><U130/><E130/><V131/><F131/><T94/><D129/><U38/><E85/><V86/><F115/><T32/><D69/><U106/><E106/><V68/><F84/><T93/><D32/><U65/><E38/><V124/><F124/><T108/><D114/><U98/><E98/><V70/><F0/><T75/><D75/><U80/><E60/><V126/><F126/><T92/><D108/><U71/><E1/><V62/><REACH who="2" step="1"/><F2/><REACH who="2" ten="450,390,200,0" step="2"/><T118/><D118/><U113/><E113/><V95/><AGARI ba="0,1" hai="39,41,45,53,56,62,68,70,81,86,89,95,96,102" machi="95" ten="20,9000,2" yaku="1,1,2,1,0,1,7,1,52,1,53,1" doraHai="88" doraHaiUra="99" who="2" fromWho="2" sc="450,-60,390,-30,200,100,0,0" /><INIT seed="5,0,0,1,4,107" ten="390,360,300,0" oya="1" hai0="124,132,55,134,87,96,48,92,38,39,73,75,90" hai1="32,100,103,59,135,34,76,78,36,62,40,52,51" hai2="50,84,120,110,53,109,88,69,91,94,133,105,37" hai3=""/><U131/><E131/><V97/><N who="2" m="30752" /><V99/><F37/><N who="0" m="13834" /><D87/><U127/><E135/><N who="0" m="51753" /><D124/><U125/><E36/><V47/><F69/><T70/><D70/><U65/><E40/><V68/><F68/><T122/><N who="0" m="31264" /><T41/><D41/><U86/><E103/><V61/><F61/><T126/><D126/><N who="1" m="48139" /><E100/><V44/><F133/><T3/><D3/><U123/><N who="1" m="31520" /><U112/><E112/><V93/><F105/><T80/><D80/><U43/><E43/><V113/><F113/><T108/><D108/><U102/><E102/><V77/><REACH who="2" step="1"/><F44/><AGARI ba="0,0" hai="44,48,55,73,75,90,92,96" m="31264,51753,13834" machi="44" ten="30,7700,0" yaku="20,1,52,3" doraHai="107" who="0" fromWho="2" sc="390,77,360,0,300,-77,0,0" /><INIT seed="6,0,0,4,3,61" ten="467,360,223,0" oya="2" hai0="40,134,127,60,57,50,83,41,69,118,99,129,117" hai1="103,100,122,109,35,123,67,48,73,130,53,70,42" hai2="94,110,75,71,112,39,114,32,47,88,81,121,128" hai3=""/><V104/><RYUUKYOKU type="yao9" ba="0,0" sc="467,0,360,0,223,0,0,0" hai2="32,39,47,71,75,81,88,94,104,110,112,114,121,128" /><INIT seed="6,1,0,1,5,115" ten="467,360,223,0" oya="2" hai0="124,68,111,78,107,109,106,93,131,38,34,102,3" hai1="52,99,72,89,80,65,54,79,104,59,2,83,62" hai2="118,46,117,56,53,48,57,49,97,112,134,55,61" hai3=""/><V66/><F112/><T47/><D78/><U1/><E54/><V125/><F125/><T40/><D34/><U33/><E33/><V98/><F98/><T128/><D68/><U129/><E129/><N who="0" m="49737" /><D3/><U100/><E83/><V82/><F134/><T91/><D102/><U121/><N who="1" m="31008" /><U92/><REACH who="1" step="1"/><E65/><REACH who="1" ten="467,350,223,0" step="2"/><V41/><F82/><T42/><D124/><U63/><E63/><V51/><REACH who="2" step="1"/><F97/><AGARI ba="1,1" hai="1,2,52,59,62,72,79,80,89,92,97,99,100,104" m="31008" machi="97" ten="30,7700,0" yaku="1,1,7,1,52,1,54,1,53,0" doraHai="115" doraHaiUra="67" who="1" fromWho="2" sc="467,0,350,89,223,-79,0,0" owari="467,42.0,439,4.0,144,-46.0,0,0.0" /></mjloggm>