<mjloggm ver="2.3"><GO type="169" lobby="0"/><UN n0="%E3%81%86%E3%81%95%E3%81%8E%E3%83%95%E3%82%A1%E3%83%B3%E3%82%B7%E3%83%BC" n1="%E3%81%8B%E3%81%A5%E3%81%8D%EF%BC%B8%EF%BC%A9" n2="%73%68%6F%35%35%35%35%35" n3="%E3%81%8B%E3%82%8A%E3%82%93%E3%81%95%E3%82%93" dan="17,16,16,18" rate="2128.81,2085.02,2105.65,2200.30" sx="F,M,M,M"/><TAIKYOKU oya="0"/><INIT seed="0,0,0,3,4,17" ten="250,250,250,250" oya="0" hai0="34,67,97,129,85,33,98,104,63,60,43,99,95" hai1="84,62,116,135,110,81,65,46,6,71,44,92,49" hai2="91,131,75,13,119,112,126,8,35,115,108,36,88" hai3="93,82,58,118,7,70,127,12,117,96,30,125,123"/><T66/><D104/><U38/><E110/><V0/><RYUUKYOKU type="yao9" ba="0,0" sc="250,0,250,0,250,0,250,0" hai2="0,8,13,35,36,75,88,91,108,112,115,119,126,131" /><INIT seed="0,1,0,3,1,22" ten="250,250,250,250" oya="0" hai0="52,112,124,135,106,108,98,4,86,10,15,45,110" hai1="17,66,95,96,32,79,7,104,36,113,19,31,117" hai2="16,85,132,38,78,55,56,105,134,60,67,73,58" hai3="9,33,100,76,92,116,21,118,91,41,59,90,88"/><T61/><D112/><U39/><E117/><V20/><F105/><W62/><G33/><T30/><D135/><N who="2" m="51754" /><F38/><W131/><G131/><T130/><D130/><U126/><E7/><V99/><F73/><W57/><G41/><T89/><D124/><U129/><E104/><V3/><F3/><W119/><G76/><T75/><D75/><U82/><E126/><V12/><F99/><W43/><G43/><T23/><D106/><U83/><E66/><V114/><F114/><W18/><G9/><T24/><D98/><U28/><E129/><V87/><F78/><W35/><G35/><T94/><REACH who="0" step="1"/><D61/><AGARI ba="1,0" hai="12,16,20,55,56,58,60,61,67,85,87" m="51754" machi="61" ten="30,2000,0" yaku="20,1,54,1" doraHai="22" who="2" fromWho="0" sc="250,-23,250,0,250,23,250,0" /><INIT seed="1,0,0,1,1,129" ten="227,250,273,250" oya="1" hai0="80,103,94,26,126,87,49,15,121,133,16,92,2" hai1="85,100,72,93,60,25,95,70,48,120,101,67,71" hai2="1,65,50,105,57,96,55,61,88,119,77,98,79" hai3="4,106,52,64,89,128,122,0,36,9,114,20,41"/><U104/><E120/><V38/><F1/><W81/><G122/><T102/><D121/><U45/><E72/><V113/><F119/><W82/><G106/><T56/><D2/><U83/><E71/><V7/><F7/><W10/><G128/><T99/><D126/><U134/><E104/><V51/><F38/><W35/><G114/><T118/><D118/><U46/><E46/><V132/><F113/><W11/><G35/><T5/><D133/><U84/><E84/><V29/><F29/><W66/><G4/><T75/><D75/><U74/><E74/><V54/><F105/><W53/><G0/><T90/><D5/><U34/><E101/><V42/><F42/><W59/><G41/><T123/><D26/><U115/><E115/><V22/><F22/><W97/><G20/><N who="0" m="11295" /><D123/><U18/><E100/><N who="0" m="38441" /><D99/><U110/><E134/><V37/><F37/><W13/><G36/><T21/><D21/><N who="1" m="13495" /><E34/><V3/><F3/><W107/><G13/><T108/><D108/><U135/><E135/><V31/><F98/><W40/><G40/><T78/><D78/><N who="2" m="29706" /><F132/><W39/><G39/><T43/><D43/><N who="1" m="24639" /><E110/><V117/><F117/><W24/><G107/><T63/><D49/><N who="2" m="18442" /><F31/><W32/><G32/><T68/><D68/><U116/><E116/><V91/><F96/><W62/><G24/><T73/><D73/><U111/><E111/><V130/><F130/><W6/><G6/><T127/><D127/><U17/><E17/><V23/><F23/><W8/><N who="3" m="2048" /><DORA hai="112" /><W44/><G97/><T14/><D14/><U12/><E12/><V109/><F109/><W58/><G44/><RYUUKYOKU ba="0,0" sc="227,10,250,10,273,10,250,-30" hai0="56,63,80,87,90,92,94" hai1="60,67,70,83,85,93,95" hai2="54,55,57,61,65,88,91" /><INIT seed="1,1,0,3,1,44" ten="237,260,283,220" oya="1" hai0="134,60,43,86,36,68,107,23,99,106,116,129,55" hai1="66,26,92,63,89,77,24,57,72,124,21,115,78" hai2="5,32,49,47,42,109,105,125,56,103,25,111,76" hai3="88,80,108,35,22,18,122,16,14,37,82,121,94"/><U135/><E115/><V132/><F125/><W120/><G35/><T30/><D116/><U7/><E135/><V53/><F132/><W126/><G37/><T64/><D134/><U58/><E124/><V133/><F133/><W10/><G108/><N who="2" m="41545" /><F76/><W3/><G126/><T41/><D129/><U83/><E78/><V113/><F5/><W34/><G34/><T11/><D11/><U27/><E7/><V90/><F113/><W100/><G100/><T123/><D123/><U114/><E114/><V79/><F79/><W59/><G59/><T84/><D55/><U75/><E75/><V98/><F90/><W67/><G67/><T2/><D2/><U97/><REACH who="1" step="1"/><E58/><REACH who="1" ten="237,250,283,220" step="2"/><V69/><F69/><W1/><G1/><T13/><D68/><U51/><E51/><V74/><F74/><W31/><G3/><T81/><D36/><U71/><E71/><V20/><F56/><W38/><G38/><T12/><D60/><U6/><E6/><V93/><F49/><W0/><G0/><T73/><D73/><U9/><E9/><V65/><F65/><W96/><REACH who="3" step="1"/><G31/><AGARI ba="1,1" hai="21,24,26,27,31,57,63,66,72,77,83,89,92,97" machi="31" ten="30,5800,0" yaku="1,1,7,1,53,1" doraHai="44" doraHaiUra="62" who="1" fromWho="3" sc="237,0,250,71,283,0,220,-61" /><INIT seed="1,2,0,5,2,40" ten="237,321,283,159" oya="1" hai0="65,104,109,129,69,49,9,83,71,80,132,133,111" hai1="23,7,74,115,78,89,21,20,18,17,33,114,25" hai2="84,3,27,51,85,38,101,62,12,117,134,100,130" hai3="75,64,102,131,124,46,91,96,45,32,82,92,24"/><U95/><E33/><V120/><F3/><W113/><G113/><T47/><D9/><U88/><E7/><V81/><F38/><W58/><G131/><T103/><D103/><U90/><E95/><V60/><F120/><W76/><G124/><T135/><D104/><U123/><E123/><V19/><F117/><W30/><G64/><T116/><D116/><U43/><E43/><V57/><F134/><W29/><G29/><T127/><D127/><U35/><E35/><V6/><F27/><W68/><G68/><N who="0" m="26187" /><D129/><U59/><E59/><V31/><F31/><W36/><G36/><T99/><D99/><U55/><E55/><V73/><F73/><W93/><REACH who="3" step="1"/><G58/><REACH who="3" ten="237,321,283,149" step="2"/><T16/><D65/><U8/><E115/><V67/><F57/><W14/><G14/><T110/><D16/><U22/><E114/><V125/><F19/><W97/><AGARI ba="2,1" hai="24,30,32,45,46,75,76,82,91,92,93,96,97,102" machi="97" ten="20,8000,1" yaku="1,1,0,1,7,1,52,2,53,0" doraHai="40" doraHaiUra="39" who="3" fromWho="3" sc="237,-22,321,-42,283,-22,149,96" /><INIT seed="2,0,0,2,4,34" ten="215,279,261,245" oya="2" hai0="31,73,13,76,127,95,42,19,103,61,114,92,60" hai1="21,87,22,59,68,25,23,64,102,20,11,57,84" hai2="101,0,46,70,112,109,108,133,38,117,105,49,75" hai3="134,129,36,107,106,4,65,67,111,131,40,98,1"/><V130/><F49/><W79/><G111/><T128/><D114/><U83/><E102/><V9/><F101/><N who="3" m="62775" /><G107/><T29/><D127/><U48/><E68/><V118/><F46/><N who="3" m="23815" /><G79/><T135/><D128/><N who="3" m="49225" /><G134/><T122/><D135/><U50/><E64/><V26/><F108/><W14/><G14/><T37/><D76/><U17/><E11/><AGARI ba="0,0" hai="1,4,11,65,67" m="49225,23815,62775" machi="11" ten="30,2000,0" yaku="19,1,52,1" doraHai="34" who="3" fromWho="1" sc="215,0,279,-20,261,0,245,20" /><INIT seed="3,0,0,1,0,2" ten="215,259,261,265" oya="3" hai0="34,21,88,27,60,55,86,96,90,134,76,124,45" hai1="110,109,92,0,51,49,28,63,81,117,128,42,126" hai2="46,108,120,87,114,98,71,85,112,7,135,10,100" hai3="52,23,75,79,38,33,107,37,101,43,62,58,65"/><W56/><G33/><T95/><D124/><U72/><E126/><V133/><F71/><W57/><G79/><T125/><D125/><U18/><E0/><V119/><F119/><W132/><G75/><T91/><D134/><N who="2" m="51210" /><F108/><N who="1" m="41577" /><E28/><V83/><F46/><W69/><G132/><T73/><D34/><U59/><E128/><V16/><F16/><W123/><G123/><T122/><D122/><U104/><E104/><N who="2" m="63511" /><F120/><W5/><G5/><T111/><D73/><U47/><E117/><V131/><F131/><W61/><G23/><T113/><D113/><U80/><E51/><V29/><F29/><W8/><G8/><T31/><D111/><U40/><E40/><V130/><F130/><W103/><G107/><T9/><D9/><U4/><E18/><V13/><F85/><W22/><G22/><T44/><D44/><U99/><E4/><V32/><F32/><W36/><G103/><T24/><D24/><U115/><E72/><V121/><F121/><W106/><G101/><T66/><D45/><U84/><E84/><V82/><F83/><W68/><G106/><T102/><D55/><N who="1" m="34303" /><E115/><V94/><F94/><W53/><G43/><T20/><D20/><U50/><E47/><V25/><F25/><W127/><G127/><T54/><D54/><U19/><E42/><V74/><F74/><W35/><G35/><T77/><REACH who="0" step="1"/><D86/><REACH who="0" ten="205,259,261,265" step="2"/><U118/><E118/><V14/><F114/><W11/><G11/><T17/><D17/><U30/><E19/><V3/><F112/><W15/><G15/><T6/><D6/><U41/><E41/><V39/><F39/><W70/><G65/><RYUUKYOKU ba="0,1" sc="205,10,259,-30,261,10,265,10" hai0="21,27,31,60,66,76,77,88,90,91,95,96,102" hai2="3,7,10,13,14,82,87" hai3="36,37,38,52,53,56,57,58,61,62,68,69,70" /><INIT seed="3,1,1,0,5,53" ten="215,229,271,275" oya="3" hai0="74,81,66,18,93,111,86,78,39,84,67,98,56" hai1="35,57,115,127,95,85,100,17,90,3,45,133,54" hai2="49,71,48,34,13,121,21,58,108,28,96,126,83" hai3="73,4,55,88,119,102,37,14,2,25,104,69,70"/><W9/><G119/><T6/><D39/><U128/><E35/><V77/><F71/><W123/><G123/><T64/><D111/><U29/><E3/><V106/><F108/><W94/><G73/><T107/><D6/><U92/><E115/><V44/><F34/><W103/><G37/><T113/><D113/><U50/><E127/><V1/><F1/><W117/><G117/><T24/><D107/><U99/><E128/><V47/><F126/><W134/><G134/><T22/><REACH who="0" step="1"/><D56/><REACH who="0" ten="205,229,271,275" step="2"/><U7/><E133/><V12/><F58/><W105/><G105/><T42/><D42/><U114/><E7/><V109/><F106/><W122/><G104/><T11/><D11/><U10/><E114/><V110/><F110/><W91/><G4/><T31/><D31/><U26/><E29/><V23/><F28/><W51/><G9/><T19/><D19/><U80/><E10/><V32/><F109/><W16/><G16/><T65/><N who="0" m="16384" /><DORA hai="125" /><T97/><D97/><U120/><E120/><V15/><F96/><W87/><G70/><T33/><D33/><U40/><E17/><V27/><F32/><W5/><G69/><T68/><D68/><U43/><E43/><V116/><F121/><W129/><G5/><T63/><D63/><N who="1" m="36279" /><E26/><V101/><F27/><W52/><G122/><T124/><D124/><U89/><E100/><AGARI ba="1,2" hai="18,22,24,74,78,81,84,86,93,98,100" m="16384" machi="100" ten="50,8000,1" yaku="1,1,53,4" doraHai="53,125" doraHaiUra="46,62" who="0" fromWho="1" sc="205,103,229,-83,271,0,275,0" /><INIT seed="4,0,0,4,1,16" ten="308,146,271,275" oya="0" hai0="121,92,31,38,43,30,82,8,26,13,94,32,78" hai1="125,101,39,106,87,55,112,52,84,51,10,113,83" hai2="67,108,21,50,90,6,110,71,99,0,60,117,28" hai3="122,95,57,5,79,74,118,14,80,100,86,53,102"/><T4/><D121/><U49/><E39/><V34/><F117/><W134/><G118/><T27/><D43/><U126/><E101/><V3/><F34/><W66/><G66/><T56/><D56/><U9/><REACH who="1" step="1"/><E83/><REACH who="1" ten="308,136,271,275" step="2"/><V85/><F110/><W44/><G80/><T107/><D38/><U62/><E62/><V59/><F108/><W19/><G122/><T115/><D107/><AGARI ba="0,1" hai="9,10,49,51,52,55,84,87,106,107,112,113,125,126" machi="107" ten="25,6400,0" yaku="1,1,22,2,54,1,53,0" doraHai="16" doraHaiUra="105" who="1" fromWho="0" sc="308,-64,136,74,271,0,275,0" /><INIT seed="5,0,0,4,1,86" ten="244,210,271,275" oya="1" hai0="28,30,40,5,37,14,84,44,17,81,80,41,107" hai1="124,134,125,97,3,99,67,106,117,90,45,74,26" hai2="11,109,130,20,119,132,56,113,36,128,102,131,23" hai3="76,103,104,105,53,46,89,68,15,29,21,51,33"/><U129/><E3/><V98/><F36/><W62/><G76/><T47/><D107/><U101/><E67/><V13/><F109/><W8/><G33/><T10/><D5/><U16/><E117/><V9/><F119/><W54/><G103/><T72/><D72/><U63/><E74/><V2/><F132/><W118/><G118/><T73/><D73/><U133/><E45/><V49/><F2/><W112/><G112/><T59/><D59/><U34/><E63/><V25/><F113/><W70/><G70/><T93/><D93/><N who="1" m="56503" /><E129/><V61/><F49/><W4/><G89/><T116/><D81/><U7/><E7/><V100/><F20/><W82/><G82/><T135/><D135/><N who="1" m="51723" /><E34/><V48/><F48/><W60/><G60/><T12/><D116/><U57/><E57/><V123/><F102/><W43/><G54/><T96/><D44/><U22/><AGARI ba="0,0" hai="16,22,26,99,101,106,124,125" m="51723,56503" machi="22" ten="30,6000,0" yaku="20,1,52,1,54,1" doraHai="86" who="1" fromWho="1" sc="244,-20,210,60,271,-20,275,-20" /><INIT seed="5,1,0,4,5,6" ten="224,270,251,255" oya="1" hai0="105,57,23,82,73,80,46,26,9,79,103,56,72" hai1="84,75,22,126,41,14,119,3,86,87,2,68,89" hai2="113,101,18,106,133,117,53,54,5,95,112,121,8" hai3="111,66,107,98,122,51,44,0,92,20,78,24,83"/><U88/><E68/><V4/><F121/><W100/><G122/><T15/><D46/><U63/><E75/><V114/><F106/><W127/><G111/><T13/><D13/><U129/><E119/><V43/><F43/><W76/><G0/><T81/><D103/><U135/><E41/><V69/><F69/><W134/><G134/><T1/><D105/><U120/><E120/><V21/><F117/><W47/><G127/><T37/><D1/><U93/><E126/><V12/><F133/><W85/><G66/><T25/><D37/><U109/><E135/><V58/><F58/><W16/><G107/><T108/><D108/><U97/><E129/><V90/><F101/><W128/><G128/><T77/><D81/><U39/><E39/><V7/><REACH who="2" step="1"/><F21/><REACH who="2" ten="224,270,241,255" step="2"/><W116/><G116/><T96/><D96/><AGARI ba="1,1" hai="4,5,7,8,12,18,53,54,90,95,96,112,113,114" machi="96" ten="50,8000,1" yaku="1,1,2,1,15,1,11,1,52,1,53,0" doraHai="6" doraHaiUra="65" who="2" fromWho="0" sc="224,-83,270,0,241,93,255,0" /><INIT seed="6,0,0,4,1,52" ten="141,270,334,255" oya="2" hai0="93,118,87,31,48,59,11,13,64,107,109,26,76" hai1="124,0,92,101,84,68,132,24,85,133,114,1,102" hai2="8,72,123,10,33,74,19,60,103,38,88,40,81" hai3="79,44,16,117,43,71,119,62,130,67,77,4,83"/><V37/><F33/><W86/><G130/><T108/><D107/><U50/><E68/><V54/><F103/><N who="1" m="39433" /><E24/><V9/><F123/><W5/><G77/><T45/><D118/><U2/><E92/><V94/><F19/><W129/><G129/><T106/><D106/><U12/><E12/><V80/><F40/><W23/><G119/><T21/><D93/><U78/><E78/><V113/><F74/><W29/><G29/><T41/><D64/><U128/><E128/><V65/><F54/><W27/><REACH who="3" step="1"/><G117/><REACH who="3" ten="141,270,334,245" step="2"/><T110/><D76/><U69/><E124/><V57/><F72/><W104/><G104/><T99/><D99/><U73/><E73/><V15/><F80/><W135/><G135/><T122/><D87/><U66/><E85/><V7/><F81/><W116/><G116/><T100/><D122/><U30/><E84/><V96/><F113/><W55/><G55/><T39/><D100/><U131/><E131/><V25/><F96/><W115/><G115/><T32/><D32/><U51/><E114/><V47/><F94/><W53/><G53/><T3/><D3/><U17/><E1/><V49/><F65/><W90/><G90/><T36/><D110/><U42/><E2/><V70/><F88/><W125/><G125/><T56/><D109/><U63/><E0/><V112/><F112/><W91/><G91/><T127/><D127/><U121/><E121/><V22/><F38/><AGARI ba="0,1" hai="4,5,16,23,27,38,43,44,62,67,71,79,83,86" machi="38" ten="30,7700,0" yaku="1,1,7,1,54,1,53,1" doraHai="52" doraHaiUra="20" who="3" fromWho="2" sc="141,0,270,0,334,-77,245,87" /><INIT seed="7,0,0,3,1,36" ten="141,270,257,332" oya="3" hai0="112,4,74,119,25,53,3,108,104,27,131,14,99" hai1="13,60,77,45,92,95,40,55,50,118,121,11,21" hai2="72,70,30,5,123,69,109,31,38,56,68,88,42" hai3="47,16,37,86,98,107,100,134,124,85,80,117,126"/><W79/><G117/><T28/><D119/><U82/><E21/><V12/><F109/><W116/><G116/><T129/><D74/><U94/><E121/><V1/><F1/><W61/><G61/><T114/><D104/><U49/><E118/><V63/><F72/><N who="3" m="43111" /><G134/><T96/><D99/><U113/><E113/><N who="0" m="43625" /><D96/><U43/><E60/><V62/><F62/><W91/><G16/><T2/><D53/><U26/><E26/><N who="0" m="9737" /><D28/><U17/><E50/><V22/><F63/><W71/><G71/><T0/><D108/><U57/><E57/><V59/><F31/><W97/><G97/><T93/><D93/><U7/><E17/><V32/><F30/><W75/><G75/><T33/><D33/><U101/><E101/><V29/><F29/><W19/><G86/><AGARI ba="0,0" hai="7,11,13,40,43,45,49,55,77,82,86,92,94,95" machi="86" ten="40,5200,0" yaku="8,1,52,2" doraHai="36" who="1" fromWho="3" sc="141,0,270,52,257,0,332,-52" owari="141,-36.0,322,42.0,257,-14.0,280,8.0" /></mjloggm>