<mjloggm ver="2.3"><GO type="169" lobby="0"/><UN n0="%E8%91%B5%E3%81%A1%E3%82%83%E3%82%93" n1="%4B%57" n2="%73%41%67%61%E3%81%95%E3%82%93" n3="%E3%83%97%E3%83%AC%E3%82%B9%E3%83%97" dan="16,16,16,17" rate="2112.29,2043.30,2070.44,2163.17" sx="M,M,M,M"/><TAIKYOKU oya="0"/><INIT seed="0,0,0,2,1,26" ten="250,250,250,250" oya="0" hai0="1,83,68,94,130,78,7,10,47,97,66,122,101" hai1="12,27,79,16,31,56,107,33,86,18,28,80,119" hai2="42,44,126,46,49,90,108,128,6,99,131,112,41" hai3="82,13,115,92,75,50,52,132,104,111,93,110,129"/><T2/><D122/><U21/><E119/><V11/><F112/><W22/><G115/><T127/><D127/><U124/><E107/><V125/><F99/><W95/><G129/><N who="2" m="49737" /><F90/><W71/><G132/><T8/><D130/><U77/><E124/><N who="2" m="47723" /><F11/><W48/><G71/><T63/><D47/><U43/><E43/><V74/><F74/><W109/><G104/><T88/><D101/><U54/><E77/><V34/><F34/><W84/><G75/><T59/><D68/><U72/><E72/><V120/><F6/><W113/><G50/><T117/><D117/><U45/><E45/><V133/><F108/><W100/><G113/><T73/><REACH who="0" step="1"/><D10/><REACH who="0" ten="240,250,250,250" step="2"/><N who="1" m="6167" /><E33/><V81/><F120/><W116/><G116/><T106/><D106/><U65/><E65/><V40/><F40/><W60/><G100/><T64/><D64/><U5/><E5/><V17/><F46/><W57/><G109/><T76/><D76/><U53/><E53/><V39/><F42/><W35/><G52/><T67/><D67/><U121/><E121/><V14/><F39/><W25/><G110/><T19/><D19/><U30/><E18/><V114/><F114/><W20/><G111/><T9/><D9/><U103/><E103/><V37/><F37/><W15/><G57/><T70/><D70/><U3/><E3/><AGARI ba="0,1" hai="1,2,3,7,8,59,63,66,73,78,83,88,94,97" machi="3" ten="30,11600,0" yaku="1,1,7,1,54,1,53,1" doraHai="26" doraHaiUra="89" who="0" fromWho="1" sc="240,126,250,-116,250,0,250,0" /><INIT seed="0,1,0,2,0,118" ten="366,134,250,250" oya="0" hai0="33,45,131,58,41,134,77,87,60,74,3,81,63" hai1="48,129,123,94,93,111,116,27,28,20,47,102,31" hai2="46,95,72,9,88,113,97,50,2,59,68,32,44" hai3="101,127,21,83,89,19,56,92,86,29,76,38,35"/><T54/><D131/><U115/><E116/><V117/><F72/><W6/><G127/><T107/><D134/><U135/><E135/><V34/><F117/><W119/><G119/><T121/><D107/><U78/><E129/><V130/><F130/><W4/><G38/><T7/><D33/><U69/><E69/><V110/><F68/><W16/><G101/><T122/><D63/><U79/><E111/><V5/><F110/><W132/><G132/><T98/><D98/><U91/><E115/><V66/><F113/><W43/><G43/><T22/><D22/><U13/><E123/><V126/><F126/><W71/><G71/><T53/><D53/><U133/><E133/><V24/><F46/><W61/><G35/><T75/><D75/><U109/><E31/><V108/><F108/><W25/><G6/><T23/><D23/><U49/><E49/><V52/><REACH who="2" step="1"/><F24/><REACH who="2" ten="366,134,240,250" step="2"/><W90/><G4/><T8/><REACH who="0" step="1"/><D74/><REACH who="0" ten="356,134,240,250" step="2"/><U14/><E109/><V51/><F51/><AGARI ba="1,2" hai="3,7,8,41,45,51,54,58,60,77,81,87,121,122" machi="51" ten="30,12000,1" yaku="1,1,2,1,7,1,52,2,53,0" doraHai="118" doraHaiUra="12" who="0" fromWho="2" sc="356,143,134,0,240,-123,250,0" /><INIT seed="0,2,0,5,2,9" ten="499,134,117,250" oya="0" hai0="50,47,62,31,79,78,100,20,124,34,17,135,40" hai1="125,11,19,128,52,4,65,30,73,6,112,88,24" hai2="60,94,109,76,54,134,13,0,74,97,2,25,122" hai3="63,5,71,14,118,87,132,56,58,21,106,101,68"/><T130/><D124/><U84/><E125/><V105/><F122/><W38/><G118/><T29/><D130/><U26/><E128/><V61/><F105/><W83/><G132/><T45/><D135/><U119/><E119/><V46/><F134/><W37/><G58/><T32/><D100/><U36/><E73/><V103/><F109/><W23/><G23/><T3/><D3/><U93/><E36/><V117/><F117/><W66/><G71/><T33/><D62/><U81/><E112/><V131/><F131/><W116/><G116/><T91/><D91/><U99/><E65/><V10/><F25/><W90/><G68/><T27/><REACH who="0" step="1"/><D47/><REACH who="0" ten="489,134,117,250" step="2"/><U95/><E88/><V39/><F0/><W64/><G101/><T89/><D89/><U12/><E4/><V102/><F2/><W72/><G5/><T28/><AGARI ba="2,1" hai="17,20,27,28,29,31,32,33,34,40,45,50,78,79" machi="28" ten="40,3900,0" yaku="1,1,0,1,53,0" doraHai="9" doraHaiUra="55" who="0" fromWho="0" sc="489,55,134,-15,117,-15,250,-15" /><INIT seed="0,3,0,3,0,127" ten="544,119,102,235" oya="0" hai0="61,41,132,69,79,62,81,57,53,59,24,21,33" hai1="76,10,119,102,122,115,8,90,47,129,31,43,70" hai2="95,29,16,84,26,25,55,105,28,124,92,78,7" hai3="104,38,88,45,114,30,120,36,51,66,56,121,20"/><T135/><D33/><U130/><E119/><V93/><F105/><W4/><G104/><T48/><D69/><U73/><E122/><N who="3" m="47210" /><G4/><T2/><D2/><U72/><E70/><V9/><F124/><W1/><G1/><T107/><D107/><U126/><E126/><V35/><F55/><W32/><G32/><T37/><D37/><U14/><E102/><V77/><F84/><W99/><G114/><T128/><D128/><N who="1" m="49259" /><E31/><V75/><F75/><N who="1" m="28745" /><E76/><V131/><F131/><W87/><G99/><T94/><D94/><U117/><E117/><V110/><F110/><W125/><G125/><T27/><D81/><U64/><E64/><V11/><F29/><W98/><G98/><T46/><D79/><U83/><E115/><V50/><F50/><W39/><G66/><T12/><D132/><U67/><E67/><V60/><F60/><W49/><G49/><T71/><D71/><U133/><E133/><V5/><F78/><W23/><G30/><T89/><D89/><U109/><E109/><V6/><REACH who="2" step="1"/><F77/><REACH who="2" ten="544,119,92,235" step="2"/><W134/><G134/><T118/><D118/><U34/><E34/><V85/><F85/><W22/><G39/><T86/><D135/><U74/><E74/><V63/><F63/><W113/><G113/><T52/><D86/><N who="1" m="50527" /><E14/><V116/><F116/><W17/><G38/><AGARI ba="3,1" hai="8,10,38,43,47" m="50527,28745,49259" machi="38" ten="30,7700,0" yaku="19,1,52,3" doraHai="127" who="1" fromWho="3" sc="544,0,119,96,92,0,235,-86" /><INIT seed="1,0,0,2,1,12" ten="544,215,92,149" oya="1" hai0="128,42,47,37,29,88,4,32,51,87,69,43,3" hai1="117,33,23,75,118,40,100,112,19,7,20,89,134" hai2="77,60,115,91,65,131,5,6,114,81,126,95,104" hai3="90,99,41,68,120,101,74,35,133,45,119,70,61"/><U34/><E75/><V72/><F104/><W66/><G120/><T39/><D69/><U52/><E112/><N who="2" m="43051" /><F126/><W30/><G119/><T54/><D128/><U0/><E40/><V56/><F131/><W15/><G133/><T103/><D103/><U96/><E134/><V49/><F49/><W97/><G74/><T38/><D32/><U53/><E89/><V1/><F1/><W110/><G110/><T132/><D132/><U116/><E0/><V123/><F123/><W14/><G68/><T28/><D4/><U79/><E7/><V130/><F130/><W2/><G2/><T93/><D3/><U26/><E79/><V36/><F36/><W94/><G30/><T129/><D129/><U48/><E23/><V135/><F135/><W11/><G11/><T102/><D102/><U124/><E53/><V57/><F57/><W127/><G35/><T111/><D111/><U98/><E98/><AGARI ba="0,0" hai="5,6,56,60,65,72,77,81,91,95,98" m="43051" machi="98" ten="30,1000,0" yaku="11,1" doraHai="12" who="2" fromWho="1" sc="544,0,215,-10,92,10,149,0" /><INIT seed="2,0,0,0,0,91" ten="544,205,102,149" oya="2" hai0="101,87,2,84,108,99,125,49,107,90,63,11,70" hai1="19,97,51,42,68,67,6,64,77,104,78,45,34" hai2="131,130,112,120,20,106,113,118,37,134,102,66,111" hai3="44,17,133,12,74,4,95,115,9,128,55,0,88"/><V89/><F37/><W109/><G128/><N who="2" m="49193" /><F66/><W27/><G133/><T71/><D108/><U80/><E34/><V121/><F20/><N who="3" m="13711" /><G0/><T124/><D49/><U53/><E6/><V36/><F36/><W32/><G32/><T39/><D39/><U31/><E31/><V114/><F134/><W30/><G74/><T62/><D87/><U33/><E33/><V72/><F72/><W129/><G129/><T29/><D29/><U5/><E5/><V52/><F52/><W79/><G109/><T83/><D11/><U26/><E53/><V57/><F57/><W76/><G30/><T47/><D47/><U98/><E67/><V58/><F58/><W54/><G115/><T46/><D46/><U81/><E64/><V117/><F89/><W60/><G55/><T93/><D2/><U56/><E56/><V103/><F111/><W3/><G3/><T100/><D71/><U43/><E68/><V35/><F35/><W24/><G24/><T25/><D25/><U18/><E26/><V1/><F1/><W123/><G123/><N who="2" m="47177" /><F106/><W48/><G60/><T10/><D70/><U92/><E104/><V73/><F73/><W7/><G7/><T28/><D107/><U61/><E61/><V23/><F23/><W41/><G54/><T16/><D63/><U15/><E45/><V22/><F22/><W86/><AGARI ba="0,0" hai="4,9,12,41,44,48,76,79,86,88,95" m="13711" machi="86" ten="30,4000,0" yaku="8,1,52,1,54,1" doraHai="91" who="3" fromWho="3" sc="544,-10,205,-10,102,-20,149,40" /><INIT seed="3,0,0,0,0,133" ten="534,195,82,189" oya="3" hai0="21,129,36,17,101,66,8,31,92,108,16,46,34" hai1="130,3,107,59,28,102,81,115,104,11,4,83,38" hai2="15,110,27,26,37,86,40,91,61,75,74,89,72" hai3="6,12,70,42,119,20,47,24,114,121,50,113,48"/><W41/><G119/><T117/><D117/><U73/><E115/><V29/><F110/><W55/><G121/><T44/><D108/><U65/><E38/><V111/><F111/><W33/><G70/><T1/><D66/><U123/><E123/><V96/><F40/><W88/><G33/><T82/><D34/><U103/><E130/><V77/><F37/><W132/><G132/><T125/><D125/><U58/><E28/><V105/><F15/><W118/><G118/><T85/><D1/><U93/><E93/><V97/><F61/><W57/><G41/><T68/><D68/><U126/><E126/><V45/><F45/><W5/><G88/><N who="2" m="33865" /><F29/><W99/><G99/><N who="2" m="37961" /><F27/><W100/><G100/><T79/><D31/><U10/><E65/><V90/><F26/><W19/><G24/><T78/><D36/><U64/><E64/><V7/><F7/><W51/><G113/><T128/><D46/><U30/><E30/><V135/><F135/><W9/><G114/><T112/><D44/><U22/><E22/><V56/><F56/><W106/><G106/><T13/><D112/><U39/><E39/><V124/><F124/><W134/><G134/><T52/><D129/><U35/><E35/><V60/><F60/><N who="3" m="35903" /><G9/><T71/><D71/><U80/><E10/><V95/><F105/><W14/><G14/><N who="0" m="9399" /><D128/><U120/><E120/><V127/><F127/><W94/><G6/><T53/><D13/><U63/><E107/><V131/><F131/><W25/><G5/><T2/><D2/><U43/><E104/><V98/><N who="2" m="37969" /><V69/><DORA hai="109" /><F69/><W23/><G94/><RYUUKYOKU ba="0,0" sc="534,-15,195,-15,82,15,189,15" hai2="72,74,75,77,86,90,95" hai3="12,19,20,23,25,42,47,48,50,51" /><INIT seed="3,1,0,5,0,81" ten="519,180,97,204" oya="3" hai0="56,92,93,116,123,74,15,16,88,80,73,54,33" hai1="39,44,109,65,57,52,113,127,55,72,48,79,53" hai2="30,84,115,70,47,58,3,128,71,94,13,42,31" hai3="125,17,36,67,122,14,26,66,102,38,1,110,43"/><W121/><G1/><T129/><D123/><U87/><E72/><V117/><F3/><W108/><G102/><T124/><D116/><U50/><E79/><V12/><F117/><W98/><G98/><T61/><D33/><U120/><E87/><V5/><F115/><W20/><G125/><T91/><D124/><U41/><E127/><V27/><F5/><W107/><G107/><T40/><D40/><U29/><E29/><V105/><F105/><W104/><G104/><T0/><D0/><U60/><E120/><N who="3" m="46186" /><G26/><T89/><D129/><U19/><E19/><V45/><F128/><W85/><G85/><T76/><REACH who="0" step="1"/><D74/><REACH who="0" ten="509,180,97,204" step="2"/><U101/><E113/><V68/><F42/><W132/><G43/><T2/><D2/><U4/><E41/><V28/><F71/><W119/><G119/><T75/><D75/><U106/><E39/><N who="3" m="14890" /><G132/><T77/><D77/><U131/><E131/><V97/><F70/><W24/><G24/><T37/><D37/><U51/><E106/><V130/><F68/><W112/><G112/><T25/><D25/><U63/><E101/><V21/><F130/><W23/><G20/><AGARI ba="1,1" hai="15,16,20,54,56,61,73,76,80,88,89,91,92,93" machi="20" ten="40,5200,0" yaku="1,1,54,2,53,0" doraHai="81" doraHaiUra="34" who="0" fromWho="3" sc="509,65,180,0,97,0,204,-55" /><INIT seed="4,0,0,2,4,27" ten="574,180,97,149" oya="0" hai0="31,93,56,118,108,107,88,34,12,49,63,7,133" hai1="87,35,47,83,52,70,131,115,15,102,100,126,58" hai2="127,8,97,4,28,96,123,130,85,42,81,66,6" hai3="103,75,119,128,30,3,94,60,78,125,36,79,40"/><T33/><D118/><U19/><E131/><V111/><F123/><W105/><G119/><T86/><D107/><U54/><E126/><V5/><F127/><W122/><G3/><T80/><D133/><U59/><E70/><V24/><F130/><W113/><G125/><T61/><D108/><U91/><E35/><V99/><F111/><W64/><G113/><T116/><D116/><U76/><E47/><V53/><F66/><W0/><G94/><T117/><D117/><U11/><E115/><V135/><F42/><W67/><G67/><T10/><D34/><U84/><E54/><V29/><F24/><W134/><G122/><T38/><D38/><U21/><E11/><V22/><F22/><W82/><G78/><T95/><D49/><U71/><E59/><V32/><F32/><W23/><G0/><T18/><D7/><U46/><E46/><V1/><F135/><W98/><G134/><T124/><D124/><U57/><E57/><V55/><F8/><W104/><G104/><T90/><D90/><U121/><E71/><V73/><F73/><W44/><G128/><T20/><D33/><U101/><E121/><V43/><F43/><W41/><G40/><T106/><D106/><U92/><E102/><V25/><F25/><N who="3" m="16703" /><G60/><AGARI ba="0,0" hai="15,19,21,52,58,60,76,83,84,87,91,92,100,101" machi="60" ten="30,3900,0" yaku="7,1,8,1,54,1" doraHai="27" who="1" fromWho="3" sc="574,0,180,39,97,0,149,-39" /><INIT seed="5,0,0,5,1,135" ten="574,219,97,110" oya="1" hai0="60,85,56,82,22,88,35,26,30,57,128,110,72" hai1="100,70,42,38,14,62,122,15,89,10,114,117,129" hai2="29,96,131,90,127,84,68,1,6,113,28,65,45" hai3="132,46,19,116,21,67,75,23,5,9,97,109,76"/><U120/><E117/><V107/><F131/><W111/><G132/><T58/><D110/><U103/><E129/><V81/><F113/><W87/><G116/><T83/><D128/><U39/><E114/><V95/><F65/><W31/><G75/><T18/><D72/><U47/><E39/><V2/><F68/><W25/><G67/><T51/><D51/><U54/><E15/><V49/><F107/><W91/><G97/><T13/><D83/><U61/><E70/><V52/><F127/><W79/><G109/><T27/><D27/><U12/><E12/><V118/><F118/><W37/><G111/><T43/><D43/><U98/><E89/><V108/><F108/><W4/><G46/><T20/><D35/><U66/><E66/><AGARI ba="0,0" hai="13,18,20,22,26,30,56,57,58,60,66,82,85,88" machi="66" ten="30,3900,0" yaku="7,1,8,1,54,1" doraHai="135" who="0" fromWho="1" sc="574,39,219,-39,97,0,110,0" /><INIT seed="6,0,0,0,0,44" ten="613,180,97,110" oya="2" hai0="79,85,17,62,27,24,50,82,107,61,60,109,43" hai1="59,83,124,71,89,26,53,1,72,15,122,55,104" hai2="51,80,0,30,132,52,18,98,115,95,8,135,91" hai3="23,119,112,99,97,102,120,100,40,125,12,114,64"/><V66/><F66/><W65/><G120/><T88/><D107/><U39/><E1/><V3/><F30/><W94/><G119/><T67/><D109/><U19/><E122/><V45/><F115/><N who="3" m="44075" /><G125/><T92/><D17/><U58/><E104/><V16/><F80/><W46/><G23/><T6/><D6/><U103/><E71/><V2/><REACH who="2" step="1"/><F8/><REACH who="2" ten="613,180,87,110" step="2"/><W110/><G110/><T93/><D67/><U63/><E83/><V42/><F42/><W41/><G12/><T13/><D13/><U7/><E15/><V47/><F47/><W86/><G86/><T22/><D27/><U101/><E26/><V73/><F73/><W14/><G14/><T133/><D24/><U90/><E72/><V69/><F69/><W20/><G20/><T121/><D22/><U5/><E124/><V49/><F49/><N who="3" m="26823" /><G41/><T25/><D43/><U127/><E127/><V68/><F68/><W54/><G54/><T96/><D85/><U56/><E55/><V4/><F4/><W129/><G129/><T48/><D82/><U31/><E53/><V34/><F34/><W9/><G9/><T117/><D121/><U76/><E5/><V134/><AGARI ba="0,1" hai="0,2,3,16,18,45,51,52,91,95,98,132,134,135" machi="134" ten="40,18000,2" yaku="1,1,0,1,20,1,52,1,54,2,53,0" doraHai="44" doraHaiUra="75" who="2" fromWho="2" sc="613,-60,180,-60,87,190,110,-60" /><INIT seed="6,1,0,1,3,68" ten="553,120,277,50" oya="2" hai0="98,19,134,57,87,51,102,89,114,54,49,82,107" hai1="135,14,131,26,108,53,105,125,120,78,104,39,61" hai2="92,34,74,60,73,22,21,121,93,24,127,112,130" hai3="11,91,101,31,94,67,64,40,47,25,128,95,30"/><V3/><F3/><W12/><G128/><T50/><D114/><U66/><E108/><V117/><F121/><W115/><G115/><T113/><D113/><U99/><E131/><V88/><F112/><W62/><G101/><T111/><D111/><U109/><E109/><V6/><F130/><W126/><G126/><T1/><D1/><U100/><E120/><V65/><F6/><W15/><G94/><T42/><D42/><U29/><E125/><V7/><F7/><W56/><G64/><T75/><D75/><U18/><E39/><V83/><F127/><W106/><G106/><T28/><D28/><U97/><E78/><V103/><F103/><W90/><G91/><T84/><D134/><U35/><E135/><V16/><F34/><W5/><G15/><T48/><D48/><U4/><E4/><V69/><F117/><W76/><G25/><T118/><D118/><U133/><E133/><V86/><F74/><W20/><G20/><T10/><D87/><U123/><E123/><V129/><F129/><W63/><G63/><T0/><D0/><U45/><E99/><V80/><REACH who="2" step="1"/><F21/><REACH who="2" ten="553,120,267,50" step="2"/><W32/><G32/><T119/><D119/><U37/><E100/><V85/><F85/><W77/><G76/><AGARI ba="1,1" hai="16,22,24,60,65,69,73,76,80,83,86,88,92,93" machi="76" ten="40,7700,0" yaku="1,1,54,2,53,0" doraHai="68" doraHaiUra="70" who="2" fromWho="3" sc="553,0,120,0,267,90,50,-80" owari="553,65.0,120,-28.0,357,16.0,-30,-53.0" /></mjloggm>