<mjloggm ver="2.3"><GO type="225" lobby="0"/><UN n0="%E3%83%AD%E3%83%9C%E3%82%B3%E3%83%97" n1="%E8%A8%88%E7%AE%97%E6%A9%9F%E8%87%AA%E7%84%B6" n2="%E8%88%B9%E8%A6%8B%E7%B5%90%E8%A1%A3%E3%81%A1%E3%82%83%E3%82%93" n3="%E2%98%85%E3%83%9F%E3%83%BC%E3%82%B3%E2%98%85" dan="16,17,16,17" rate="2109.19,2259.93,2137.59,2222.12" sx="M,M,F,F"/><TAIKYOKU oya="0"/><INIT seed="0,0,0,3,3,133" ten="250,250,250,250" oya="0" hai0="11,117,47,42,125,97,94,8,128,15,67,126,81" hai1="89,108,134,40,20,27,7,99,112,51,131,19,72" hai2="102,63,83,80,44,52,9,13,3,41,70,23,129" hai3="30,105,65,36,78,2,111,38,37,16,96,60,91"/><T59/><D117/><U75/><E134/><V33/><F33/><W77/><G111/><T55/><D67/><U57/><E108/><V22/><F129/><W118/><G118/><T6/><D128/><U130/><E112/><V123/><F123/><W21/><G2/><T69/><D69/><U90/><E7/><V0/><F102/><W54/><G54/><T98/><D81/><U106/><E131/><V34/><F34/><W71/><G30/><T87/><D87/><U115/><E115/><V24/><F22/><W120/><G120/><T61/><D11/><U58/><E130/><V103/><F103/><W100/><REACH who="3" step="1"/><G91/><REACH who="3" ten="250,250,250,240" step="2"/><T82/><D82/><U132/><E89/><V79/><F80/><W14/><AGARI ba="0,1" hai="14,16,21,36,37,38,60,65,71,77,78,96,100,105" machi="14" ten="30,7900,0" yaku="1,1,2,1,0,1,54,1,53,0" doraHai="133" doraHaiUra="31" who="3" fromWho="3" sc="250,-39,250,-20,250,-20,240,89" /><INIT seed="1,0,0,4,3,32" ten="211,230,230,329" oya="1" hai0="37,14,30,109,124,84,45,69,38,92,21,91,129" hai1="0,108,4,27,74,116,98,96,33,59,9,31,20" hai2="26,87,120,34,97,25,88,94,103,123,93,22,63" hai3="133,118,90,13,56,11,126,119,62,68,81,55,71"/><U67/><E116/><N who="3" m="44586" /><G133/><T73/><D109/><U115/><E115/><V29/><REACH who="2" step="1"/><F63/><REACH who="2" ten="211,230,220,329" step="2"/><W54/><G126/><T117/><D124/><U15/><E108/><V128/><F128/><W86/><G55/><T102/><D129/><U114/><E114/><V60/><F60/><W113/><G113/><T1/><D117/><U23/><E74/><V46/><F46/><W112/><G112/><T24/><D73/><U78/><E78/><V70/><F70/><W53/><G53/><T72/><D72/><U47/><E47/><V89/><F89/><W107/><G107/><T3/><D69/><U110/><E110/><V106/><F106/><W130/><G130/><T5/><D45/><U76/><E76/><V95/><F95/><W134/><G134/><T43/><D102/><U65/><E59/><V85/><F85/><W36/><G36/><T39/><REACH who="0" step="1"/><D43/><REACH who="0" ten="201,230,220,329" step="2"/><U28/><E67/><V121/><F121/><W40/><G40/><T127/><D127/><U132/><E65/><V99/><F99/><W111/><G111/><T64/><D64/><U75/><E75/><V125/><F125/><W12/><G68/><T16/><D16/><AGARI ba="0,2" hai="16,22,25,26,29,34,87,88,93,94,97,103,120,123" machi="16" ten="30,7700,0" yaku="1,1,7,1,54,2,53,0" doraHai="32" doraHaiUra="41" who="2" fromWho="0" sc="201,-77,230,0,220,97,329,0" /><INIT seed="2,0,0,0,3,26" ten="124,230,317,329" oya="2" hai0="15,128,93,77,27,17,50,40,47,56,16,105,11" hai1="34,81,42,109,75,8,3,10,41,24,39,25,84" hai2="107,18,30,54,55,70,29,85,57,48,58,44,4" hai3="96,63,59,33,36,64,124,113,100,80,9,73,118"/><V122/><F122/><W22/><G33/><T132/><D105/><U53/><E109/><V86/><F107/><W1/><G118/><T71/><D71/><U43/><E39/><V62/><F70/><W69/><G36/><T119/><D119/><U131/><E75/><V61/><F4/><W46/><G113/><T76/><D128/><U82/><E131/><V103/><F103/><W130/><G130/><T32/><D132/><U21/><E3/><V13/><F85/><W20/><G124/><T117/><D117/><U79/><E25/><V125/><F86/><W68/><G46/><T108/><D108/><U123/><E34/><V28/><F125/><W127/><G127/><T92/><D56/><N who="2" m="21610" /><F55/><W135/><G135/><T104/><D104/><U6/><E6/><V95/><F95/><W133/><G133/><T89/><D93/><U31/><E123/><V129/><F129/><W116/><G116/><T91/><D91/><U66/><E66/><V111/><F111/><W5/><G69/><T112/><D112/><U106/><E82/><V35/><F35/><W19/><G68/><T110/><D110/><U52/><E106/><V49/><F49/><W101/><G101/><T87/><REACH who="0" step="1"/><D32/><REACH who="0" ten="114,230,317,329" step="2"/><U102/><E102/><V120/><F120/><W83/><G100/><T98/><D98/><U60/><E60/><V121/><F121/><W45/><G96/><T88/><D88/><U90/><E90/><V23/><AGARI ba="0,1" hai="13,18,23,28,29,30,44,48,54,61,62" m="21610" machi="23" ten="30,11700,0" yaku="8,1,52,3" doraHai="26" who="2" fromWho="2" sc="114,-39,230,-39,317,127,329,-39" /><INIT seed="2,1,0,3,5,15" ten="75,191,444,290" oya="2" hai0="79,78,64,116,122,98,41,54,84,12,19,51,16" hai1="100,92,58,23,10,47,36,29,53,13,119,34,66" hai2="70,61,126,130,37,40,20,102,107,42,105,129,68" hai3="33,123,83,8,82,9,77,133,2,134,25,48,55"/><V62/><F20/><W75/><G123/><T95/><D122/><U17/><E119/><V89/><F89/><W69/><G69/><T86/><D116/><U39/><E34/><V26/><F26/><W73/><G33/><T99/><D41/><U125/><E125/><V87/><F87/><N who="0" m="33322" /><D64/><U80/><E80/><V44/><F126/><W32/><G25/><T97/><D95/><U103/><E47/><V71/><F102/><W72/><G32/><T113/><D12/><U118/><E118/><V127/><F127/><W108/><G108/><T112/><D112/><U14/><E66/><V3/><F3/><W6/><G9/><T85/><D113/><U31/><E36/><V63/><REACH who="2" step="1"/><F42/><REACH who="2" ten="75,191,434,290" step="2"/><W45/><REACH who="3" step="1"/><G83/><REACH who="3" ten="75,191,434,280" step="2"/><N who="0" m="47351" /><D79/><U7/><E103/><V90/><F90/><W24/><G24/><T28/><D28/><U81/><E81/><V117/><F117/><W30/><G30/><T18/><D98/><U74/><E29/><V109/><F109/><W43/><G43/><T76/><D76/><U60/><E31/><V106/><AGARI ba="1,2" hai="37,40,44,61,62,63,68,70,71,105,106,107,129,130" machi="106" ten="50,12000,1" yaku="1,1,0,1,29,2,53,1" doraHai="15" doraHaiUra="38" who="2" fromWho="2" sc="75,-41,191,-41,434,143,280,-41" /><INIT seed="2,2,0,1,0,3" ten="34,150,577,239" oya="2" hai0="80,55,33,35,94,104,132,50,70,8,21,10,28" hai1="57,39,27,15,109,110,128,106,23,53,83,75,29" hai2="51,85,130,26,129,59,84,46,113,114,58,121,120" hai3="105,20,66,18,16,87,34,96,45,11,100,56,43"/><V72/><F26/><W73/><G73/><T86/><D104/><U12/><E39/><V116/><F72/><W133/><G34/><T63/><D94/><U93/><E106/><V123/><F85/><W112/><G133/><T47/><D132/><U101/><E128/><N who="2" m="49259" /><F84/><W4/><G112/><N who="2" m="43113" /><F116/><W74/><G74/><T117/><D117/><U19/><E101/><V91/><F91/><W119/><G87/><T79/><D35/><U24/><E93/><V88/><F88/><W36/><G119/><T48/><D33/><U37/><E37/><V5/><F5/><W13/><G20/><T64/><D21/><N who="1" m="15503" /><E75/><V97/><F97/><W44/><G18/><T61/><D28/><U6/><E83/><V127/><F127/><W98/><G98/><T52/><REACH who="0" step="1"/><D63/><REACH who="0" ten="24,150,577,239" step="2"/><N who="1" m="36271" /><E110/><V108/><F108/><W131/><G105/><T38/><D38/><U54/><E109/><V14/><F14/><W126/><G36/><T78/><D78/><U32/><E32/><V89/><F89/><W60/><G13/><T82/><D82/><U103/><E103/><V2/><F2/><W118/><G100/><T76/><D76/><U71/><E12/><V122/><F122/><W77/><G77/><T90/><D90/><U115/><E115/><V1/><F1/><W67/><G131/><T81/><D81/><U49/><E15/><V9/><F9/><W7/><G11/><T135/><D135/><U42/><E23/><V65/><F65/><W25/><G66/><T99/><D99/><U134/><E134/><V92/><F92/><W95/><G95/><T125/><D125/><U68/><E27/><RYUUKYOKU ba="2,1" sc="24,15,150,-15,577,15,239,-15" hai0="8,10,47,48,50,52,55,61,64,70,79,80,86" hai2="46,51,58,59,120,121,123" /><INIT seed="2,3,1,0,0,96" ten="39,135,592,224" oya="2" hai0="31,68,113,14,52,135,99,6,127,47,75,45,122" hai1="26,94,57,63,126,86,87,25,112,29,54,64,119" hai2="83,65,71,91,42,88,89,11,108,3,77,103,16" hai3="34,98,21,33,55,1,128,129,111,78,92,74,130"/><V44/><F108/><W90/><G111/><T114/><D122/><U104/><E119/><V84/><F71/><W116/><G116/><T81/><D68/><U4/><E104/><V8/><F65/><W59/><G1/><T9/><D135/><U76/><E112/><V100/><F3/><W17/><G78/><T56/><D127/><U131/><E126/><V40/><F40/><W82/><G82/><T132/><D132/><U107/><E107/><V125/><F125/><W19/><G74/><T51/><D31/><U117/><E117/><V115/><F115/><W24/><G17/><T0/><D0/><U85/><E131/><V27/><F8/><W102/><G90/><T46/><REACH who="0" step="1"/><D99/><REACH who="0" ten="29,135,592,224" step="2"/><U110/><E110/><V60/><F60/><AGARI ba="3,2" hai="19,21,24,33,34,55,59,60,92,98,102,128,129,130" machi="60" ten="40,2600,0" yaku="19,1,52,1" doraHai="96" who="3" fromWho="2" sc="29,0,135,0,592,-35,224,55" /><INIT seed="3,0,0,0,3,82" ten="29,135,557,279" oya="3" hai0="11,68,125,67,94,104,47,114,123,70,92,51,3" hai1="21,22,29,83,80,120,57,32,71,95,59,56,79" hai2="107,122,74,17,128,42,19,99,133,18,118,5,110" hai3="58,54,109,50,38,132,24,26,90,13,12,39,40"/><W105/><G105/><T34/><D123/><U48/><E71/><V27/><F74/><W100/><G100/><T131/><D104/><U89/><E120/><V53/><F118/><W97/><G40/><T127/><D34/><U85/><E32/><V16/><F122/><W103/><G39/><T55/><D3/><U15/><E48/><V65/><F110/><W52/><G38/><T30/><D30/><U87/><E29/><V119/><F119/><W101/><G132/><T0/><D0/><U135/><E135/><V126/><F126/><W91/><G50/><T73/><D73/><U33/><E33/><V108/><F108/><W115/><G109/><T88/><D11/><U75/><E15/><V43/><F5/><W77/><G58/><T2/><D2/><U66/><E66/><V9/><F65/><W23/><G77/><T69/><D67/><U64/><E64/><V25/><F128/><W44/><G97/><T46/><D131/><U37/><E37/><V36/><F36/><W96/><G96/><T31/><D31/><U49/><E49/><V60/><F133/><W1/><G1/><T112/><D47/><U98/><E75/><V86/><F107/><W106/><G106/><T121/><D92/><U78/><AGARI ba="0,0" hai="21,22,56,57,59,78,79,80,83,85,87,89,95,98" machi="78" ten="30,8000,1" yaku="0,1,9,1,8,1,52,2" doraHai="82" who="1" fromWho="1" sc="29,-20,135,80,557,-20,279,-40" owari="9,-49.0,215,-18.0,537,63.0,239,4.0" /></mjloggm>