<mjloggm ver="2.3"><GO type="169" lobby="0"/><UN n0="%6B%6B%6B%73%73%36%36%36" n1="%E2%98%85%E3%83%9B%E3%83%BC%E3%82%B9%E2%98%85" n2="%7A%6B%75%72%74" n3="%6F%74%73%75%72%75" dan="16,16,17,16" rate="2058.70,2158.83,2231.85,2061.03" sx="M,M,M,M"/><TAIKYOKU oya="0"/><INIT seed="0,0,0,5,0,3" ten="250,250,250,250" oya="0" hai0="130,73,99,82,111,11,72,31,86,14,9,81,92" hai1="78,119,7,90,44,114,87,101,85,95,66,40,75" hai2="60,26,0,110,25,47,74,77,80,29,97,30,45" hai3="2,54,103,122,76,43,124,89,68,131,52,22,15"/><T42/><D130/><U109/><E119/><V113/><F113/><W121/><G68/><T115/><D115/><U55/><E114/><V112/><F112/><W57/><G131/><T56/><D31/><U4/><E75/><V8/><F110/><W104/><G76/><T33/><D33/><U70/><E109/><V118/><F118/><W1/><G43/><T98/><D111/><U19/><E55/><V12/><F0/><W51/><G124/><T133/><D42/><U48/><E101/><V93/><F60/><W129/><G129/><T10/><D133/><U65/><E19/><V106/><F106/><W88/><G54/><T64/><D14/><U116/><E116/><V37/><F26/><W67/><G67/><N who="1" m="25610" /><E70/><V125/><F125/><W135/><G135/><T84/><D64/><U6/><E78/><V58/><F58/><W105/><G1/><T35/><D56/><U20/><E20/><V108/><F37/><W32/><G32/><T128/><D35/><U107/><E107/><N who="3" m="41034" /><G103/><T46/><D46/><U117/><E117/><V71/><F71/><W63/><G63/><T91/><D128/><U39/><E39/><V27/><F108/><W83/><G2/><T16/><D16/><U13/><E87/><V96/><F30/><W17/><G83/><T34/><D34/><U50/><E50/><V5/><F29/><W94/><G89/><T21/><D21/><U24/><E24/><N who="2" m="9291" /><F93/><W18/><G18/><T69/><D69/><U132/><E132/><V134/><F134/><W53/><G53/><T79/><D72/><U28/><E28/><V126/><F126/><RYUUKYOKU ba="0,0" sc="250,0,250,0,250,0,250,0" hai0="9,10,11,73,79,81,82,84,86,91,92,98,99" hai1="4,6,7,13,40,44,48,85,90,95" hai2="5,8,12,45,47,74,77,80,96,97" hai3="15,17,22,51,52,57,88,94,121,122" /><INIT seed="0,1,0,4,1,124" ten="250,250,250,250" oya="0" hai0="57,125,58,17,99,107,31,37,131,32,41,23,6" hai1="109,50,22,3,10,129,26,94,112,110,13,106,127" hai2="11,19,53,74,117,134,61,126,40,97,85,60,46" hai3="15,55,20,1,90,66,108,77,103,56,91,86,62"/><T14/><D125/><U21/><E106/><V42/><F74/><W128/><G1/><T52/><D37/><U24/><E127/><V44/><F126/><W135/><G135/><T28/><D41/><U73/><E73/><V43/><F134/><W133/><G103/><T35/><D107/><U79/><E79/><V111/><F111/><N who="1" m="42505" /><E94/><V16/><F117/><W7/><G133/><T2/><D99/><U114/><E3/><V18/><F97/><W36/><G36/><T88/><D58/><U100/><E100/><V93/><F11/><W0/><G0/><T25/><D88/><U47/><E50/><V98/><F85/><W78/><G91/><T89/><D89/><U95/><E95/><V59/><REACH who="2" step="1"/><F61/><REACH who="2" ten="250,250,240,250" step="2"/><W49/><G108/><T9/><D35/><U45/><E10/><V54/><F54/><W82/><G55/><T84/><D84/><U64/><E64/><V68/><F68/><W5/><G62/><N who="0" m="36135" /><D31/><U121/><E21/><V122/><F122/><W69/><G69/><T115/><D115/><U132/><E22/><V130/><F130/><AGARI ba="1,1" hai="2,6,9,14,17,23,25,28,32,130,131" m="36135" machi="130" ten="30,11600,0" yaku="24,1,52,2,54,1" doraHai="124" who="0" fromWho="2" sc="250,129,250,0,240,-119,250,0" /><INIT seed="0,2,0,4,1,76" ten="379,250,121,250" oya="0" hai0="37,134,117,102,31,74,92,133,36,90,55,120,83" hai1="122,105,72,46,115,41,62,82,108,87,59,135,129" hai2="35,49,67,34,101,103,27,38,121,32,85,16,13" hai3="68,130,127,0,84,58,95,11,89,5,104,30,14"/><T51/><D120/><U61/><E122/><V88/><F38/><W7/><G68/><T1/><D1/><U66/><E115/><V78/><F78/><W99/><G127/><T3/><D3/><U4/><E105/><V63/><F121/><W17/><G130/><T12/><D117/><U79/><E129/><V113/><F27/><W126/><G126/><T98/><D31/><U93/><E135/><N who="0" m="51721" /><D12/><U20/><E108/><V52/><F113/><W124/><G124/><T53/><D74/><U10/><E61/><V42/><F42/><W39/><G39/><N who="0" m="14923" /><D51/><U65/><E20/><V96/><F96/><W71/><G30/><T44/><D44/><U43/><E65/><V131/><F131/><W114/><G114/><T106/><D106/><U91/><E46/><V21/><F63/><W57/><G7/><T75/><D75/><U112/><E112/><V33/><N who="2" m="8192" /><DORA hai="60" /><V77/><F77/><W70/><G5/><T111/><D111/><U19/><REACH who="1" step="1"/><E19/><REACH who="1" ten="379,240,121,250" step="2"/><V64/><F64/><W15/><G17/><T9/><D9/><U69/><E69/><V123/><F67/><W80/><G11/><T47/><D47/><U24/><E24/><V40/><F123/><W23/><G71/><T50/><D50/><U73/><E73/><V118/><F40/><W109/><G70/><T107/><D107/><U56/><E56/><N who="2" m="32783" /><F118/><W54/><G104/><T8/><D8/><U81/><E81/><V28/><F28/><W18/><G109/><T110/><D110/><U45/><E45/><V94/><AGARI ba="2,1" hai="13,16,21,85,88,94,101,103" m="32783,8192" machi="94" ten="60,8000,1" yaku="25,1,54,3" doraHai="76,60" who="2" fromWho="2" sc="379,-42,240,-22,121,96,250,-22" /><INIT seed="1,0,0,1,0,22" ten="337,218,217,228" oya="1" hai0="131,113,134,128,46,51,71,97,50,66,17,53,45" hai1="3,18,70,78,6,108,19,13,39,126,133,120,85" hai2="29,26,130,33,44,105,61,10,129,99,58,100,38" hai3="98,11,83,72,124,20,125,25,74,84,49,106,67"/><U59/><E70/><V77/><F77/><W48/><G67/><T8/><D97/><U107/><E39/><V112/><F112/><W31/><G11/><T21/><D8/><U104/><E120/><V117/><F117/><W109/><G109/><T91/><D91/><U23/><E108/><V135/><F135/><W93/><G106/><T118/><D118/><U95/><E133/><V76/><F76/><N who="3" m="46183" /><G49/><T32/><D32/><U47/><E126/><N who="3" m="48746" /><G48/><T63/><D113/><U116/><E116/><V103/><F103/><AGARI ba="0,0" hai="20,25,31,72,74,93,98,103" m="48746,46183" machi="103" ten="30,2000,0" yaku="18,1,52,1" doraHai="22" who="3" fromWho="2" sc="337,0,218,0,217,-20,228,20" /><INIT seed="2,0,0,0,5,10" ten="337,218,197,248" oya="2" hai0="80,28,117,82,110,14,76,13,60,94,122,45,33" hai1="44,47,64,88,114,59,57,112,17,90,62,68,36" hai2="69,21,116,108,26,39,103,133,0,37,23,25,134" hai3="65,12,132,96,11,2,7,41,55,78,125,40,81"/><V16/><F116/><W15/><G125/><T97/><D122/><U79/><E112/><V105/><F0/><W49/><G132/><N who="2" m="50793" /><F69/><W31/><G31/><T120/><D120/><U119/><E119/><V35/><F35/><W101/><G65/><T98/><D117/><U3/><E114/><V100/><F108/><W66/><G66/><T53/><D110/><U20/><E79/><V70/><F70/><W127/><G127/><T32/><D28/><U111/><E3/><V83/><F83/><W1/><G1/><T24/><D24/><U135/><E135/><V51/><F51/><W91/><G91/><N who="1" m="34858" /><E68/><V30/><F105/><W42/><G96/><T61/><D76/><U85/><E36/><AGARI ba="0,0" hai="16,21,23,25,26,30,36,37,39,100,103" m="50793" machi="36" ten="30,2900,0" yaku="20,1,54,1" doraHai="10" who="2" fromWho="1" sc="337,0,218,-29,197,29,248,0" /><INIT seed="2,1,0,1,0,133" ten="337,189,226,248" oya="2" hai0="127,86,117,121,59,108,41,65,52,0,3,93,35" hai1="83,69,97,120,66,77,44,38,51,1,103,73,123" hai2="96,64,130,20,40,27,11,18,60,58,87,33,105" hai3="122,9,50,31,89,14,4,74,116,23,82,49,47"/><V24/><F130/><W22/><G122/><N who="1" m="46634" /><E51/><V80/><F40/><W135/><G135/><T119/><D108/><U46/><E38/><V94/><F105/><W13/><G116/><T85/><D35/><U42/><E42/><V129/><F129/><W30/><G74/><T2/><D121/><U124/><E1/><V67/><F11/><W54/><G50/><T12/><D41/><U78/><E77/><V36/><F36/><W131/><G131/><T8/><D65/><U34/><E34/><V104/><F104/><W15/><G15/><T62/><D127/><U28/><E28/><N who="3" m="10794" /><G14/><T6/><REACH who="0" step="1"/><D93/><REACH who="0" ten="327,189,226,248" step="2"/><N who="1" m="58799" /><E124/><V126/><F126/><W55/><G55/><T106/><D106/><U10/><E10/><V118/><F118/><AGARI ba="1,1" hai="0,2,3,6,8,12,52,59,62,85,86,117,118,119" machi="118" ten="50,6400,0" yaku="1,1,12,1,54,1,53,0" doraHai="133" doraHaiUra="75" who="0" fromWho="2" sc="327,77,189,0,226,-67,248,0" /><INIT seed="3,0,0,2,4,27" ten="404,189,159,248" oya="3" hai0="81,122,50,40,108,86,10,89,11,128,90,100,79" hai1="94,7,110,43,5,74,6,20,115,15,91,34,126" hai2="49,118,98,105,133,66,59,114,9,117,84,58,77" hai3="18,67,33,23,106,121,119,116,107,28,92,80,2"/><W127/><G121/><T39/><D108/><U52/><E115/><V70/><F114/><W83/><G92/><T64/><D128/><U75/><E34/><V96/><F133/><W13/><G67/><T24/><D122/><U103/><E110/><V73/><F73/><W99/><G127/><T135/><D39/><U48/><E43/><V57/><F49/><W14/><G2/><T54/><D64/><U93/><E126/><V22/><F9/><W45/><G45/><T72/><D100/><U123/><E123/><V112/><F112/><W78/><G83/><T36/><D36/><U111/><E111/><V30/><F84/><W69/><G69/><T113/><D135/><U17/><E103/><V129/><F77/><W12/><G33/><T25/><D40/><U42/><E42/><V44/><F44/><W38/><G38/><T97/><D97/><U71/><E71/><V4/><F4/><W87/><G18/><T63/><D63/><U26/><E94/><V21/><F129/><W124/><G124/><T134/><D134/><U102/><E102/><V29/><F70/><W109/><G99/><N who="2" m="37929" /><F105/><W60/><G60/><T101/><D101/><U76/><E76/><V47/><F47/><W120/><G120/><T95/><D89/><U132/><E132/><V32/><F32/><W1/><G1/><T16/><D113/><U35/><E93/><V19/><F66/><W125/><G109/><T46/><D10/><N who="1" m="6391" /><E91/><V8/><F8/><W37/><G125/><T68/><D68/><U88/><E88/><V53/><F53/><W55/><G107/><T65/><D65/><RYUUKYOKU ba="0,0" sc="404,30,189,-10,159,-10,248,-10" hai0="11,16,24,25,46,50,54,72,79,81,86,90,95" /><INIT seed="4,1,0,4,0,133" ten="434,179,149,238" oya="0" hai0="134,77,20,19,91,58,47,93,116,105,7,72,24" hai1="45,9,11,51,66,10,35,13,81,111,128,88,135" hai2="48,49,129,34,112,109,63,97,42,100,38,113,94" hai3="16,92,27,117,59,108,14,23,22,26,6,25,122"/><T65/><D116/><U118/><E135/><V114/><F109/><W2/><G108/><T12/><D105/><U95/><E118/><V119/><F119/><W87/><G117/><T56/><D72/><U55/><E111/><V61/><F34/><W110/><G110/><T68/><D77/><U86/><E35/><V107/><F129/><W5/><G122/><T73/><D73/><U82/><E128/><V99/><F38/><W18/><G59/><T37/><D68/><U0/><E0/><V90/><REACH who="2" step="1"/><F48/><REACH who="2" ten="434,179,139,238" step="2"/><W96/><G2/><T41/><D134/><U44/><E66/><V46/><AGARI ba="1,1" hai="42,46,49,61,63,90,94,97,99,100,107,112,113,114" machi="46" ten="40,8000,1" yaku="1,1,2,1,0,1,15,1,53,0" doraHai="133" doraHaiUra="1" who="2" fromWho="2" sc="434,-41,179,-21,139,93,238,-21" /><INIT seed="5,0,0,5,5,48" ten="393,158,232,217" oya="1" hai0="94,70,39,110,53,8,128,97,42,10,108,16,59" hai1="82,44,74,118,36,12,29,95,58,116,4,46,101" hai2="125,30,126,96,63,18,65,123,117,56,43,26,28" hai3="135,102,60,83,64,133,1,19,5,54,122,68,111"/><U38/><E29/><V85/><F123/><W80/><G122/><T72/><D72/><U17/><E4/><V89/><F117/><W134/><G111/><T52/><D70/><U86/><E38/><V120/><F120/><W109/><G109/><T21/><D128/><U121/><E121/><V93/><F43/><W91/><G102/><T99/><D39/><U31/><E31/><V7/><F7/><W81/><G19/><T106/><D42/><U92/><E74/><V87/><F18/><W41/><G41/><T107/><D16/><U27/><E27/><V49/><F28/><W104/><G104/><T73/><D73/><U130/><E130/><V14/><F14/><W6/><G91/><T124/><D94/><N who="1" m="35883" /><E101/><V2/><F2/><W24/><G24/><T20/><REACH who="0" step="1"/><D59/><REACH who="0" ten="383,158,232,217" step="2"/><U84/><E36/><V119/><F119/><W112/><G1/><T98/><D98/><U50/><E118/><V90/><F96/><W127/><G5/><T35/><D35/><U76/><E116/><V9/><F9/><W77/><G6/><T33/><D33/><U131/><E131/><V25/><F30/><W0/><G0/><T114/><D114/><U34/><E34/><V23/><F23/><W40/><G40/><T55/><D55/><N who="1" m="32119" /><E86/><V62/><F25/><W100/><G112/><T13/><D13/><U57/><E57/><V78/><F26/><W75/><G75/><T69/><D69/><U88/><E76/><V32/><F78/><W129/><G77/><T45/><D45/><U105/><E105/><V47/><F32/><W66/><G68/><T113/><D113/><RYUUKYOKU ba="0,1" sc="383,15,158,15,232,-15,217,-15" hai0="8,10,20,21,52,53,97,99,106,107,108,110,124" hai1="12,17,44,46,82,84,88" /><INIT seed="5,1,1,0,1,111" ten="398,173,217,202" oya="1" hai0="131,10,33,81,39,127,12,38,94,74,106,105,70" hai1="42,65,59,50,103,78,79,7,28,125,69,83,91" hai2="34,55,98,37,101,26,1,32,92,118,107,68,109" hai3="47,21,113,108,77,17,52,61,129,123,30,31,100"/><U97/><E69/><V122/><F109/><W13/><G108/><T72/><D94/><U5/><E125/><V104/><F122/><W44/><G123/><T76/><D131/><U75/><E78/><V40/><F118/><W6/><G129/><T15/><D33/><U27/><E91/><V36/><F1/><W23/><G100/><T41/><D41/><U66/><E66/><V112/><F68/><W64/><G77/><T89/><D89/><U95/><E42/><V60/><F40/><W114/><G6/><T19/><D70/><U133/><E133/><V20/><F34/><W46/><G64/><T43/><D43/><U116/><E116/><V110/><F32/><W63/><G63/><T14/><D72/><U71/><E71/><V53/><F110/><W88/><G88/><T130/><D130/><U126/><E126/><V119/><F119/><W54/><G61/><T11/><D14/><U25/><E25/><V90/><F104/><W132/><G132/><T87/><D127/><U35/><REACH who="1" step="1"/><E65/><REACH who="1" ten="398,163,217,202" step="2"/><V2/><F90/><W85/><G54/><AGARI ba="1,2" hai="5,7,27,28,35,50,54,59,75,79,83,95,97,103" machi="54" ten="40,3900,0" yaku="1,1,2,1,53,0" doraHai="111" doraHaiUra="8" who="1" fromWho="3" sc="398,0,163,62,217,0,202,-42" /><INIT seed="5,2,0,4,5,119" ten="398,225,217,160" oya="1" hai0="84,59,131,26,130,93,134,105,86,121,31,2,56" hai1="33,6,8,57,66,135,10,62,55,65,97,53,123" hai2="7,9,113,109,118,103,20,37,15,77,87,54,106" hai3="49,71,13,23,122,110,38,0,35,48,125,74,68"/><U41/><E123/><V129/><F109/><W58/><G74/><T82/><D105/><U94/><E33/><V19/><F118/><W12/><G35/><T88/><D134/><U25/><E135/><V67/><F37/><W3/><G23/><N who="0" m="15839" /><D2/><U95/><E25/><V70/><F129/><N who="0" m="49162" /><D121/><U46/><E65/><V27/><F113/><W91/><G91/><AGARI ba="2,0" hai="56,59,82,84,86,88,91,93" m="49162,15839" machi="91" ten="30,2000,0" yaku="19,1,54,1" doraHai="119" who="0" fromWho="3" sc="398,26,225,0,217,0,160,-26" /><INIT seed="6,0,0,2,0,33" ten="424,225,217,134" oya="2" hai0="132,50,49,12,121,92,100,40,78,90,134,47,102" hai1="10,91,52,117,123,22,36,18,37,95,15,98,99" hai2="122,3,128,32,55,135,34,103,42,118,4,112,41" hai3="16,17,39,97,81,84,80,5,8,53,108,14,116"/><V71/><F118/><W6/><G116/><T13/><D121/><U89/><E117/><V54/><F122/><W2/><G108/><T29/><D29/><U73/><E73/><V68/><F112/><W115/><G115/><T27/><D27/><U111/><E111/><V125/><F103/><N who="0" m="39466" /><D78/><U106/><E123/><V110/><F110/><W101/><G39/><T31/><D31/><U126/><E126/><V19/><F125/><W120/><G120/><T11/><D50/><U85/><E106/><V104/><F104/><W109/><G109/><T57/><D57/><U77/><E77/><V124/><F124/><W60/><G17/><T114/><D11/><U26/><E99/><V69/><F19/><W63/><G6/><T46/><D46/><U56/><E85/><V131/><F4/><W24/><G24/><T96/><D114/><U38/><E89/><V59/><F59/><W127/><G127/><T107/><D107/><U1/><E1/><V25/><F25/><W105/><G53/><N who="2" m="19977" /><F3/><W75/><G75/><T7/><D7/><U66/><E66/><V28/><F28/><W64/><G64/><T113/><D113/><U129/><E37/><V48/><F48/><W58/><G58/><T88/><D90/><U21/><E38/><V76/><F76/><W83/><REACH who="3" step="1"/><G84/><REACH who="3" ten="424,225,217,124" step="2"/><T35/><D35/><N who="2" m="13354" /><F135/><AGARI ba="0,1" hai="12,13,40,47,49,88,92,96,132,134,135" m="39466" machi="135" ten="30,2000,0" yaku="20,1,54,1" doraHai="33" who="0" fromWho="2" sc="424,30,225,0,217,-20,124,0" /><INIT seed="7,0,0,2,4,45" ten="454,225,197,124" oya="3" hai0="98,67,76,47,54,127,132,6,68,114,86,115,27" hai1="69,35,135,58,130,85,94,60,29,89,129,96,79" hai2="80,51,26,39,112,1,9,81,66,56,3,11,102" hai3="74,82,24,48,104,10,61,97,33,15,109,12,88"/><W122/><G122/><T128/><D128/><N who="1" m="49259" /><E135/><V116/><F39/><W14/><G109/><T43/><D127/><U13/><E69/><V72/><F116/><W4/><G61/><T103/><D132/><U84/><E79/><V99/><F112/><W36/><G36/><T21/><D54/><N who="1" m="33879" /><E13/><V83/><F72/><W78/><G48/><T110/><D98/><U38/><E38/><V117/><F117/><W120/><G120/><T131/><D103/><U63/><E63/><V57/><F1/><W46/><G46/><T65/><D86/><N who="1" m="33387" /><E29/><V0/><F0/><W17/><G104/><T93/><D93/><U34/><AGARI ba="0,0" hai="34,35,89,94,96" m="33387,33879,49259" machi="34" ten="30,1100,0" yaku="19,1" doraHai="45" who="1" fromWho="1" sc="454,-3,225,11,197,-3,124,-5" owari="451,55.0,236,4.0,194,-21.0,119,-38.0" /></mjloggm>