<mjloggm ver="2.3"><GO type="169" lobby="0"/><UN n0="%E3%83%99%E3%82%B8%E2%80%95%E3%82%BF" n1="%47%2E%4B%2E" n2="%E3%81%B4%E3%82%8C" n3="%70%69%72%62%79" dan="16,17,16,16" rate="2136.24,2201.43,2098.90,2072.99" sx="M,M,M,M"/><TAIKYOKU oya="0"/><INIT seed="0,0,0,0,2,30" ten="250,250,250,250" oya="0" hai0="119,16,71,12,95,14,23,53,33,126,92,98,84" hai1="48,45,122,69,114,101,5,1,17,79,31,15,25" hai2="77,46,36,65,116,47,131,32,34,132,91,56,85" hai3="37,61,70,123,21,64,111,83,44,10,125,59,22"/><T3/><D119/><U129/><E122/><V9/><F77/><W67/><G123/><T120/><D120/><U26/><E69/><V103/><F116/><W51/><G111/><T108/><D3/><U135/><E129/><V35/><F131/><W27/><G125/><T73/><D73/><U121/><E121/><V8/><F132/><W49/><G64/><T43/><D126/><U82/><E135/><V118/><F118/><W106/><G106/><T76/><D71/><U127/><E101/><V42/><F103/><W89/><G21/><T28/><D43/><U68/><E68/><V109/><F109/><W39/><G49/><T100/><D108/><U133/><E133/><V2/><F2/><W41/><G10/><T117/><D117/><U99/><E99/><V40/><F56/><W6/><G6/><T38/><D38/><U104/><E104/><V0/><F65/><W50/><G50/><T97/><D12/><U134/><E5/><V115/><F115/><W90/><G83/><N who="0" m="47207" /><D33/><U124/><E1/><V60/><F60/><W94/><G70/><T19/><D53/><U93/><E134/><V4/><F9/><W66/><G67/><T130/><D130/><U13/><E114/><V55/><F55/><W105/><G105/><T20/><D28/><U74/><E124/><V107/><F107/><W63/><G39/><T29/><D29/><U78/><E31/><V87/><REACH who="2" step="1"/><F91/><REACH who="2" ten="250,250,240,250" step="2"/><W7/><G89/><T96/><D100/><U81/><E127/><V86/><F86/><W88/><G90/><T18/><D14/><N who="1" m="5131" /><E78/><V54/><F54/><W113/><G113/><RYUUKYOKU ba="0,1" sc="250,15,250,-15,240,15,250,-15" hai0="16,18,19,20,23,92,95,96,97,98" hai2="0,4,8,32,34,35,36,40,42,46,47,85,87" /><INIT seed="0,1,1,3,3,119" ten="265,235,255,235" oya="0" hai0="59,85,51,15,97,38,2,13,122,105,112,19,42" hai1="92,133,120,76,58,28,40,67,22,101,79,3,0" hai2="100,102,125,35,43,87,52,49,32,34,86,80,1" hai3="103,83,74,12,73,104,9,24,17,77,31,114,48"/><T29/><D112/><U11/><E40/><V69/><F69/><W98/><G114/><T56/><D2/><U44/><E44/><V46/><F125/><W37/><G48/><T88/><D38/><U126/><E133/><V60/><F1/><W14/><G14/><T25/><D122/><U57/><E126/><V106/><F106/><W54/><G37/><T26/><D105/><U68/><E68/><V121/><F121/><W65/><G65/><T16/><D97/><N who="1" m="59559" /><E57/><N who="0" m="22089" /><D29/><U41/><E41/><V23/><F60/><W45/><G74/><T91/><D42/><U5/><E3/><V135/><F135/><W117/><G117/><T115/><D51/><U109/><E109/><V131/><F131/><W8/><G54/><T72/><D72/><U71/><E71/><V7/><F43/><W30/><G45/><T66/><D66/><U6/><E6/><V62/><F62/><W110/><G110/><T108/><D108/><U53/><E53/><V134/><F134/><W50/><G50/><T127/><D115/><U39/><E39/><V10/><F23/><W33/><G31/><T116/><D116/><U95/><E67/><V107/><F107/><W113/><G113/><T36/><D36/><U78/><E120/><V129/><F129/><W111/><G111/><T21/><D127/><U47/><E47/><V27/><F27/><N who="0" m="10250" /><D85/><U89/><E58/><V93/><F86/><W99/><G98/><T90/><D21/><AGARI ba="1,1" hai="8,9,12,17,21,24,30,33,73,77,83,99,103,104" machi="21" ten="30,1000,0" yaku="7,1" doraHai="119" who="3" fromWho="0" sc="265,-13,235,0,255,0,235,23" /><INIT seed="1,0,0,1,4,83" ten="252,235,255,258" oya="1" hai0="20,118,71,4,124,96,132,68,15,49,12,43,54" hai1="50,123,66,90,2,58,106,99,131,101,75,130,37" hai2="116,35,0,21,64,113,38,76,16,91,52,105,48" hai3="135,29,51,103,40,53,108,41,18,81,119,85,23"/><U120/><E37/><V3/><F116/><W34/><G108/><T9/><D118/><U126/><E2/><V56/><F113/><W115/><G115/><T14/><D43/><U1/><E1/><V42/><F35/><W19/><G119/><T80/><D124/><U8/><E8/><V70/><F105/><W79/><G135/><T86/><D132/><U114/><E114/><V82/><F91/><W6/><G6/><T39/><D39/><U7/><E7/><V13/><F70/><W32/><G19/><T26/><D96/><U62/><E75/><V78/><F64/><W128/><G103/><T125/><D125/><U45/><E90/><V129/><F78/><W67/><G67/><T17/><D71/><U77/><E77/><V10/><F129/><N who="1" m="49161" /><E126/><V73/><REACH who="2" step="1"/><F10/><REACH who="2" ten="252,235,245,258" step="2"/><W36/><G128/><T57/><D68/><U127/><E127/><V74/><F74/><W46/><G32/><T111/><D111/><U44/><E123/><V102/><F102/><W89/><G79/><AGARI ba="0,1" hai="4,9,12,14,15,17,20,26,49,54,57,79,80,86" machi="79" ten="30,3900,0" yaku="7,1,8,1,52,1" doraHai="83" who="0" fromWho="3" sc="252,49,235,0,245,0,258,-39" /><INIT seed="2,0,0,5,2,52" ten="301,235,245,219" oya="2" hai0="98,51,54,53,125,70,119,114,82,23,73,127,122" hai1="37,45,64,69,108,83,93,134,10,0,24,18,40" hai2="55,90,9,60,78,12,102,41,133,49,89,26,27" hai3="61,22,13,46,65,84,58,120,81,77,106,15,128"/><V25/><F133/><W105/><G128/><T92/><D122/><U19/><E108/><V8/><F102/><W79/><G120/><T39/><D39/><U74/><E134/><V32/><F32/><W3/><G3/><T5/><D114/><U94/><E69/><V95/><F78/><W67/><G77/><N who="0" m="44335" /><D70/><U121/><E64/><V111/><F111/><W38/><G65/><T34/><D34/><U14/><E121/><V66/><F41/><W33/><G33/><T126/><D119/><U107/><E107/><V132/><F132/><W109/><G109/><T43/><D5/><U130/><E130/><V129/><F129/><W7/><G15/><T96/><D23/><U2/><E19/><V135/><F135/><W112/><G112/><T100/><D98/><U48/><E37/><V86/><F89/><W47/><G38/><T63/><D63/><U97/><E24/><V80/><F80/><W104/><REACH who="3" step="1"/><G22/><REACH who="3" ten="301,235,245,209" step="2"/><T29/><D126/><U72/><E72/><V87/><F12/><W91/><G91/><T57/><D127/><U6/><E74/><V76/><F76/><W17/><G17/><T16/><D16/><U75/><E18/><V101/><F101/><W1/><G1/><T31/><D125/><U21/><E0/><V116/><F116/><W4/><G4/><T42/><D29/><U44/><E2/><V103/><F103/><W99/><G99/><T110/><D31/><U30/><E97/><N who="2" m="57591" /><F9/><AGARI ba="0,1" hai="7,9,13,46,47,58,61,67,79,81,84,104,105,106" machi="9" ten="40,2600,0" yaku="1,1,52,1,53,0" doraHai="52" doraHaiUra="123" who="3" fromWho="2" sc="301,0,235,0,245,-26,209,36" /><INIT seed="3,0,0,2,5,23" ten="301,235,219,245" oya="3" hai0="88,78,44,57,108,116,96,102,8,74,7,84,121" hai1="107,126,135,55,80,2,95,26,79,97,62,56,134" hai2="10,81,86,1,3,16,51,124,131,71,58,64,104" hai3="9,4,77,36,118,91,12,69,109,30,113,59,60"/><W25/><G113/><T72/><D116/><U103/><E2/><V94/><F104/><W6/><G118/><T42/><D121/><U130/><E130/><V70/><F124/><W22/><G69/><T20/><D108/><U67/><E126/><V128/><F94/><W29/><G36/><T119/><D119/><U50/><E107/><V68/><F64/><W32/><G77/><T35/><D35/><U111/><E111/><V19/><F58/><W33/><G109/><T92/><D57/><U106/><E106/><V127/><F51/><W37/><G37/><T49/><D78/><U61/><E61/><V133/><F133/><W27/><G22/><T129/><D129/><N who="2" m="49738" /><F127/><W52/><G91/><T54/><D42/><U46/><E134/><V47/><F47/><W132/><G132/><T105/><REACH who="0" step="1"/><D20/><REACH who="0" ten="291,235,219,245" step="2"/><U18/><E135/><V73/><F73/><W13/><REACH who="3" step="1"/><G4/><REACH who="3" ten="291,235,219,235" step="2"/><T63/><D63/><U15/><E79/><V101/><F71/><W123/><G123/><T120/><D120/><U90/><E62/><V66/><F70/><W115/><G115/><T43/><D43/><U40/><E40/><V45/><F68/><W14/><AGARI ba="0,2" hai="6,9,12,13,14,25,27,29,30,32,33,52,59,60" machi="14" ten="20,18000,2" yaku="1,1,0,1,7,1,9,1,52,2,54,1,53,0" doraHai="23" doraHaiUra="125" who="3" fromWho="3" sc="291,-60,235,-60,219,-60,235,200" /><INIT seed="3,1,0,1,3,61" ten="231,175,159,435" oya="3" hai0="8,90,35,17,59,129,102,116,109,111,44,40,62" hai1="60,66,86,71,48,24,117,77,46,98,132,1,119" hai2="56,83,99,131,23,16,26,12,69,15,97,73,47" hai3="68,88,27,10,108,105,65,72,39,14,74,113,0"/><W41/><G0/><T106/><D116/><N who="1" m="44619" /><E1/><V67/><F69/><W80/><G105/><T125/><D35/><U93/><E24/><V84/><F131/><W37/><G113/><T28/><D28/><U133/><E86/><V95/><F73/><W135/><G27/><T100/><D129/><U104/><E77/><N who="2" m="46191" /><F47/><N who="3" m="23983" /><G88/><T110/><D125/><U45/><E104/><V82/><F82/><W112/><G80/><T42/><D90/><N who="1" m="55607" /><E46/><V121/><F121/><W126/><G74/><T130/><D130/><U49/><E49/><V127/><F127/><W79/><G126/><T57/><D106/><U120/><E120/><V19/><F19/><W21/><G39/><T81/><D81/><U33/><E33/><V96/><F95/><W54/><G54/><AGARI ba="1,0" hai="45,48,54,60,66,71,132,133" m="55607,44619" machi="54" ten="30,2000,0" yaku="12,1,52,1" doraHai="61" who="1" fromWho="3" sc="231,0,175,23,159,0,435,-23" /><INIT seed="4,0,0,1,2,35" ten="231,198,159,412" oya="0" hai0="40,110,104,45,12,126,34,96,7,85,23,50,86" hai1="72,44,43,38,88,95,9,114,58,116,91,131,6" hai2="54,108,75,5,90,89,62,33,15,21,27,31,128" hai3="20,112,111,121,135,19,102,83,17,129,70,101,99"/><T66/><D34/><U52/><E116/><V57/><F108/><W26/><G121/><T55/><D110/><U117/><E117/><V134/><F128/><W36/><G102/><T61/><D126/><U93/><E131/><V48/><F134/><W119/><G119/><T122/><D122/><U56/><E72/><V84/><F75/><W59/><G70/><T10/><D23/><U79/><E79/><V53/><F84/><W18/><G129/><T11/><D40/><U49/><E114/><V94/><F94/><W124/><G36/><T2/><D96/><U4/><E56/><V100/><F100/><W3/><G3/><T13/><D104/><U109/><E109/><V123/><F123/><W25/><G25/><T30/><D30/><U106/><E106/><V51/><F62/><W68/><G68/><T73/><D73/><U1/><E6/><V118/><F118/><W24/><G112/><T41/><D41/><U76/><E76/><V87/><F87/><W32/><G99/><T8/><D8/><U71/><E71/><V107/><F107/><W42/><G124/><T125/><D125/><U113/><E113/><V92/><F92/><W115/><G115/><T127/><D127/><U120/><E120/><V80/><F80/><W81/><G81/><T16/><D2/><U105/><E105/><V130/><F130/><W133/><G133/><T65/><D65/><U0/><E0/><V39/><F39/><W63/><G135/><T14/><D14/><U22/><E22/><V82/><F33/><W46/><G32/><T60/><D66/><U69/><E69/><RYUUKYOKU ba="0,0" sc="231,15,198,15,159,-15,412,-15" hai0="7,10,11,12,13,16,45,50,55,60,61,85,86" hai1="1,4,9,38,43,44,49,52,58,88,91,93,95" /><INIT seed="4,1,0,0,1,23" ten="246,213,144,397" oya="0" hai0="30,20,117,15,125,131,1,98,31,113,87,134,18" hai1="78,50,24,14,75,110,71,61,112,81,43,127,97" hai2="66,54,126,68,76,129,92,51,89,96,55,67,12" hai3="25,62,101,36,33,57,28,4,27,93,103,45,104"/><T114/><D117/><U64/><E110/><V7/><F129/><W83/><G104/><T70/><D70/><U118/><E118/><V26/><F126/><W133/><G133/><T11/><D125/><U41/><E127/><V69/><F69/><W21/><G93/><T124/><D124/><U34/><E112/><N who="0" m="43113" /><D131/><U80/><E14/><V106/><F106/><W0/><G83/><T73/><D73/><U3/><E3/><V109/><F109/><W85/><G85/><T32/><D134/><U53/><E80/><V86/><F68/><W52/><G4/><N who="0" m="1423" /><D87/><U37/><E37/><V5/><F55/><W48/><G0/><T90/><D98/><U6/><E6/><V44/><F86/><W95/><G36/><T108/><D90/><U9/><E9/><N who="2" m="4143" /><F7/><W72/><G95/><T22/><D108/><U135/><E97/><V74/><F74/><W132/><G72/><T94/><D94/><U91/><E91/><V122/><F76/><W79/><G79/><T40/><D40/><U46/><E135/><V121/><F121/><W38/><G38/><T115/><N who="0" m="43121" /><T82/><DORA hai="39" /><D82/><U19/><REACH who="1" step="1"/><E19/><REACH who="1" ten="246,203,144,397" step="2"/><V105/><F122/><W102/><G132/><T42/><D42/><U2/><E2/><V10/><F10/><W100/><G100/><T77/><D77/><U107/><E107/><V16/><F105/><W111/><G111/><T123/><D123/><U88/><E88/><V59/><F89/><W29/><G103/><T58/><D18/><U13/><E13/><V120/><F120/><W84/><G84/><T65/><D15/><U8/><E8/><RYUUKYOKU ba="1,1" sc="246,-15,203,15,144,-15,397,15" hai1="24,34,41,43,46,50,53,61,64,71,75,78,81" hai3="21,25,27,28,29,33,45,48,52,57,62,101,102" /><INIT seed="5,2,1,1,2,113" ten="231,218,129,412" oya="1" hai0="30,52,21,59,60,40,81,125,121,91,84,22,119" hai1="47,71,61,82,1,42,9,0,19,39,57,16,70" hai2="135,134,120,3,55,79,25,50,69,14,7,37,41" hai3="94,31,88,73,90,104,108,112,28,2,8,46,5"/><U114/><E114/><V32/><F120/><W58/><G108/><T10/><D121/><U67/><E82/><V6/><F69/><W131/><G104/><T29/><D125/><U44/><E44/><V18/><F79/><W34/><G34/><T116/><D40/><U86/><E86/><V115/><F41/><W36/><G36/><T26/><D10/><U45/><E45/><V117/><F37/><W129/><G73/><T68/><D68/><U75/><E75/><V102/><F115/><W20/><G46/><T127/><D127/><U122/><E122/><V107/><F107/><W93/><G112/><T124/><D124/><U43/><E43/><V87/><F102/><W74/><G74/><T130/><D130/><N who="3" m="49673" /><G58/><T103/><D103/><U35/><E35/><V111/><F111/><W123/><G20/><T110/><D110/><U56/><E70/><V66/><F66/><W99/><G123/><T33/><D33/><U106/><E106/><V128/><F128/><W48/><G48/><T64/><D64/><U118/><E71/><V78/><F3/><W96/><AGARI ba="2,1" hai="2,5,8,28,31,88,90,93,94,96,99" m="49673" machi="96" ten="30,2000,0" yaku="19,1,54,1" doraHai="113" who="3" fromWho="3" sc="231,-7,218,-12,129,-7,412,36" /><INIT seed="6,0,0,3,1,134" ten="224,206,122,448" oya="2" hai0="100,32,68,104,62,7,118,17,37,49,115,41,80" hai1="44,60,69,129,36,126,27,52,38,59,43,90,4" hai2="82,124,114,127,135,14,42,112,93,66,94,0,15" hai3="78,122,96,34,20,51,105,65,125,46,2,8,79"/><V109/><F0/><W123/><G125/><N who="2" m="48201" /><F109/><W133/><G20/><T103/><D49/><U74/><E74/><V128/><F128/><W108/><G51/><T131/><D62/><U97/><E4/><V47/><F135/><W86/><G96/><T45/><D17/><U40/><E69/><V98/><F82/><W1/><G86/><T71/><D100/><U75/><E75/><V120/><F120/><W130/><G2/><T11/><D115/><N who="2" m="44074" /><F66/><W101/><G65/><T102/><D80/><U26/><E129/><V16/><F98/><W99/><G99/><T67/><D67/><U132/><E132/><V48/><F15/><W64/><G1/><T107/><D71/><U33/><E126/><V5/><F5/><W61/><G108/><T87/><D68/><U13/><E13/><V73/><F73/><W39/><G64/><T10/><D7/><U88/><E97/><V3/><F3/><W110/><G110/><T24/><D131/><U29/><E26/><V54/><F42/><W117/><G123/><T76/><D24/><U106/><E106/><V116/><F116/><W12/><G117/><T95/><D107/><U35/><E35/><V58/><F58/><W53/><G12/><T23/><D32/><U84/><E84/><V119/><F119/><W21/><G122/><T30/><D118/><U28/><E27/><V57/><F57/><W92/><G130/><T25/><D104/><U83/><E33/><V89/><F89/><N who="1" m="34409" /><E83/><V63/><F63/><W70/><G61/><T77/><D25/><U50/><E43/><V111/><F111/><W81/><G133/><RYUUKYOKU ba="0,0" sc="224,-15,206,15,122,15,448,-15" hai1="28,29,36,38,40,44,50,52,59,60" hai2="14,16,47,48,54,93,94" /><INIT seed="6,1,0,3,2,1" ten="209,221,137,433" oya="2" hai0="5,97,113,58,108,0,63,32,110,53,68,119,29" hai1="2,101,75,116,127,129,102,43,3,42,114,28,94" hai2="21,124,65,35,81,60,107,89,87,66,15,46,37" hai3="111,99,106,62,16,51,9,78,41,8,47,56,27"/><V135/><F35/><W125/><G111/><T54/><D68/><U59/><E116/><V10/><F107/><W61/><G125/><T17/><D119/><U67/><E75/><V39/><F135/><W49/><G78/><T69/><D69/><U76/><E76/><V73/><F73/><W6/><G6/><T12/><D113/><U18/><E28/><V98/><F124/><W80/><G80/><T24/><D97/><U120/><E18/><V72/><F72/><W84/><G84/><T70/><D70/><U79/><E79/><V130/><F130/><W92/><G106/><T121/><D54/><U134/><E114/><V123/><F123/><W38/><G51/><T71/><D71/><U77/><E77/><V31/><F60/><W23/><G38/><T93/><D93/><U33/><E33/><V96/><F39/><W45/><G45/><T95/><D95/><U118/><E118/><V105/><F46/><W85/><G85/><T25/><D25/><U90/><E120/><V91/><F37/><W22/><G23/><N who="0" m="11687" /><D121/><U26/><E134/><V30/><F105/><W115/><G115/><T11/><AGARI ba="1,0" hai="0,5,11,24,29,32,53,58,63,108,110" m="11687" machi="11" ten="30,2000,0" yaku="24,1,52,1" doraHai="1" who="0" fromWho="0" sc="209,23,221,-6,137,-11,433,-6" /><INIT seed="7,0,0,0,2,71" ten="232,215,126,427" oya="3" hai0="27,102,133,64,114,57,5,48,88,56,53,17,111" hai1="89,9,97,129,22,121,46,26,16,40,86,109,74" hai2="70,126,76,117,123,92,11,68,96,108,119,61,116" hai3="104,45,80,49,44,10,112,95,51,91,13,90,15"/><W101/><G104/><T99/><D111/><U110/><E74/><V30/><F108/><W31/><G31/><T14/><D133/><U115/><E121/><V34/><F123/><W55/><G101/><T94/><D114/><U63/><E129/><V7/><F126/><W0/><G0/><T118/><D118/><U42/><E115/><V12/><F76/><W38/><G38/><T130/><D130/><U93/><E63/><V107/><F61/><W24/><G24/><T58/><D64/><U36/><E40/><V35/><F30/><W3/><G3/><T33/><D33/><U78/><E9/><V81/><F81/><W21/><G21/><N who="0" m="13743" /><D102/><U19/><E19/><V6/><F6/><W59/><G80/><T50/><D50/><U87/><E78/><V131/><F131/><W47/><G51/><T73/><D73/><U98/><E109/><V125/><F125/><W66/><G66/><T72/><D72/><U122/><E122/><V128/><F128/><W106/><G106/><T25/><D25/><U29/><E110/><V135/><F135/><W120/><G120/><T62/><D62/><U28/><E28/><V37/><F37/><W67/><G67/><T83/><D83/><U69/><E69/><V84/><F84/><W75/><G75/><T103/><D103/><U2/><E2/><V79/><F79/><W20/><G95/><T1/><D1/><U43/><E29/><V113/><F113/><W23/><G112/><T124/><D124/><U39/><E87/><V77/><F77/><W82/><G10/><AGARI ba="0,0" hai="5,10,14,48,53,56,57,58,88,94,99" m="13743" machi="10" ten="30,2000,0" yaku="8,1,54,1" doraHai="71" who="0" fromWho="3" sc="232,20,215,0,126,0,427,-20" owari="252,5.0,215,-18.0,126,-37.0,407,50.0" /></mjloggm>