<mjloggm ver="2.3"><GO type="225" lobby="0"/><UN n0="%47%2E%4B%2E" n1="%E5%BE%80%E5%B9%B4%E3%81%AE%E3%82%B4%E3%83%AA%E3%83%A9" n2="%E3%83%B4%E3%83%A0%EF%BC%99%E3%81%A6" n3="%E8%A8%88%E7%AE%97%E6%A9%9F%E8%87%AA%E7%84%B6" dan="17,16,17,17" rate="2205.96,2078.96,2216.87,2288.75" sx="M,M,M,M"/><TAIKYOKU oya="0"/><INIT seed="0,0,0,0,3,9" ten="250,250,250,250" oya="0" hai0="14,11,32,105,56,12,2,128,126,99,50,95,46" hai1="28,77,119,103,8,98,78,116,24,31,18,109,114" hai2="35,115,134,96,15,86,104,16,80,54,117,41,36" hai3="88,1,92,6,122,37,51,82,27,97,10,65,127"/><T84/><D32/><U19/><E109/><V89/><F115/><W118/><G118/><T121/><D121/><U90/><E114/><V70/><F35/><W120/><G37/><T38/><D38/><U20/><E90/><V74/><F117/><W73/><G127/><T49/><D128/><U45/><E45/><V26/><F70/><W102/><G65/><T110/><D110/><U107/><E119/><V113/><F113/><W111/><G111/><T66/><D105/><U52/><E52/><V5/><F74/><W23/><G51/><T71/><D71/><U135/><E135/><V101/><F134/><W44/><G44/><T69/><D69/><U87/><E116/><V47/><F54/><W55/><G55/><N who="0" m="31855" /><D2/><U81/><REACH who="1" step="1"/><E78/><REACH who="1" ten="250,240,250,250" step="2"/><V53/><F53/><W72/><G122/><T67/><D126/><U63/><E63/><V34/><F5/><W29/><G120/><T76/><D46/><U93/><E93/><V58/><F58/><W125/><G125/><T68/><D68/><U39/><E39/><V7/><F7/><W40/><G40/><T62/><D62/><U133/><E133/><V59/><F59/><W61/><G61/><T132/><D132/><U64/><E64/><V0/><F47/><W21/><G88/><N who="0" m="55783" /><D66/><U106/><E106/><V60/><F36/><W48/><G48/><T42/><D67/><U130/><E130/><V112/><F60/><W100/><G100/><T25/><D50/><U13/><AGARI ba="0,1" hai="8,13,18,19,20,24,28,31,77,81,87,98,103,107" machi="13" ten="30,4000,0" yaku="1,1,0,1,52,1,53,0" doraHai="9" doraHaiUra="108" who="1" fromWho="1" sc="250,-20,240,50,250,-10,250,-10" /><INIT seed="1,0,0,5,1,112" ten="230,290,240,240" oya="1" hai0="73,57,40,13,14,86,81,62,26,74,80,88,123" hai1="64,0,49,122,38,19,89,124,68,56,37,7,69" hai2="104,34,39,125,109,8,6,35,133,120,113,32,83" hai3="103,58,66,94,36,116,3,131,102,47,33,1,111"/><U29/><E29/><V96/><F83/><W126/><G33/><T41/><D123/><U11/><E122/><V121/><F113/><W70/><G70/><T105/><D105/><U115/><E115/><V60/><F60/><W132/><G111/><T67/><D74/><U93/><E124/><V82/><F82/><W45/><G126/><T5/><D26/><U28/><E28/><V25/><F125/><W107/><G107/><T72/><D72/><U54/><E19/><V78/><F78/><W30/><G30/><T42/><REACH who="0" step="1"/><D5/><REACH who="0" ten="220,290,240,240" step="2"/><U18/><E7/><V92/><F25/><W55/><G132/><T46/><D46/><U63/><E38/><V10/><F133/><W130/><G47/><T31/><D31/><U91/><E37/><V128/><F39/><W51/><G36/><T127/><D127/><U75/><E75/><V90/><F104/><W20/><G45/><T79/><AGARI ba="0,1" hai="13,14,40,41,42,57,62,67,73,79,80,81,86,88" machi="79" ten="30,4000,0" yaku="1,1,0,1,54,1,53,0" doraHai="112" doraHaiUra="134" who="0" fromWho="0" sc="220,50,290,-20,240,-10,240,-10" /><INIT seed="2,0,0,3,3,52" ten="270,270,230,230" oya="2" hai0="11,45,88,122,27,128,134,64,110,107,0,4,58" hai1="55,96,16,85,23,121,130,101,48,57,53,26,118" hai2="47,20,93,24,114,102,111,46,133,14,34,59,3" hai3="116,67,83,113,98,5,120,109,81,84,126,61,124"/><V117/><F114/><W62/><G116/><T90/><D122/><U31/><E118/><V49/><F117/><W86/><G120/><T112/><D112/><U72/><E72/><V68/><F68/><W9/><G113/><T36/><D107/><U43/><E121/><V65/><F3/><W89/><G109/><T87/><D110/><U91/><E130/><V6/><F133/><W125/><G98/><T77/><D128/><U32/><E43/><V105/><F105/><W119/><G119/><T92/><D134/><U66/><E66/><V131/><F131/><W29/><G29/><T103/><D27/><U22/><E55/><N who="2" m="32239" /><F65/><W82/><G86/><T106/><D77/><U7/><E7/><V60/><F60/><W97/><G97/><T123/><D123/><U13/><E96/><N who="2" m="59663" /><F34/><W76/><G76/><T104/><D103/><U78/><E78/><V79/><F79/><W75/><G75/><T21/><D106/><U129/><E129/><V28/><F111/><W8/><G62/><N who="0" m="37975" /><D104/><U25/><E101/><V35/><F35/><W1/><REACH who="3" step="1"/><G8/><AGARI ba="0,0" hai="6,8,14,20,24,28,46,47" m="59663,32239" machi="8" ten="30,2900,0" yaku="8,1,52,1" doraHai="52" who="2" fromWho="3" sc="270,0,270,0,230,29,230,-29" /><INIT seed="2,1,0,5,0,120" ten="270,270,259,201" oya="2" hai0="112,110,18,135,57,42,34,123,98,84,76,100,14" hai1="94,65,55,3,72,111,106,117,43,49,102,129,23" hai2="85,7,83,31,47,121,13,107,53,21,61,115,11" hai3="38,118,40,0,48,17,130,8,5,109,90,22,1"/><V101/><F121/><W64/><G38/><T105/><D112/><U80/><E3/><N who="3" m="1098" /><G64/><T10/><D123/><U28/><E106/><V26/><F115/><W35/><G90/><T54/><D34/><U125/><E117/><V19/><F107/><W113/><G48/><T77/><D42/><U44/><E65/><V89/><F101/><W70/><G40/><T9/><D135/><U131/><E125/><V39/><F39/><W108/><G70/><T104/><D10/><U114/><E114/><V128/><F128/><W91/><G113/><T74/><D74/><U132/><E132/><V71/><F71/><W52/><G52/><T69/><D69/><U119/><E119/><V75/><F75/><W50/><G50/><T99/><D84/><U36/><E72/><V32/><F32/><W29/><G91/><T20/><D9/><U15/><E43/><V116/><F116/><W12/><G118/><T134/><D134/><U45/><E36/><V93/><F93/><W63/><G63/><T4/><D104/><U126/><E94/><V66/><F66/><W124/><G124/><T33/><D105/><U78/><E102/><V68/><F68/><W46/><G46/><T30/><D100/><U103/><E103/><V127/><F127/><W2/><G130/><T37/><D37/><U82/><E126/><V92/><F92/><W81/><G81/><T59/><D77/><U73/><E73/><V25/><F47/><W96/><G96/><T51/><D76/><U87/><E44/><V58/><F7/><W95/><G95/><T56/><D99/><U16/><E45/><RYUUKYOKU ba="1,0" sc="270,-15,270,-15,259,15,201,15" hai2="11,13,19,21,25,26,31,53,58,61,83,85,89" hai3="2,5,8,12,17,22,29,35,108,109" /><INIT seed="2,2,0,4,0,6" ten="255,255,274,216" oya="2" hai0="129,37,119,80,52,71,101,90,77,15,55,20,50" hai1="13,14,29,62,4,87,45,118,81,19,131,30,79" hai2="58,48,85,38,74,86,31,57,84,0,59,104,28" hai3="125,127,67,1,111,35,132,43,63,17,47,9,99"/><V76/><F104/><W134/><G35/><T113/><D37/><U120/><E118/><V130/><F38/><N who="3" m="22007" /><G99/><T5/><D113/><U36/><E131/><V61/><F130/><W124/><G111/><T103/><D119/><U8/><E120/><V69/><F0/><W53/><G53/><T65/><D65/><U105/><E105/><V107/><F107/><W42/><G42/><T7/><D71/><U41/><REACH who="1" step="1"/><E62/><REACH who="1" ten="255,245,274,216" step="2"/><V21/><F61/><W60/><G63/><T91/><D129/><U95/><E95/><V39/><F39/><W73/><G73/><T2/><D80/><U98/><E98/><V133/><F74/><W40/><G40/><T46/><D2/><U126/><E126/><V100/><F48/><W114/><G114/><T121/><D121/><U23/><AGARI ba="2,1" hai="4,8,13,14,19,23,29,30,36,41,45,79,81,87" machi="23" ten="20,5200,0" yaku="1,1,0,1,7,1,52,1,53,0" doraHai="6" doraHaiUra="22" who="1" fromWho="1" sc="255,-15,245,68,274,-28,216,-15" /><INIT seed="3,0,0,3,5,16" ten="240,313,246,201" oya="3" hai0="54,134,30,81,86,12,79,103,11,61,83,0,60" hai1="52,73,84,77,123,95,135,132,71,113,126,38,92" hai2="46,18,69,24,66,10,3,21,45,119,74,20,102" hai3="114,100,37,64,51,47,36,75,41,82,115,8,26"/><W2/><G100/><T70/><D134/><U128/><E38/><V127/><F74/><W98/><G98/><T55/><D0/><U9/><E71/><V89/><F119/><W14/><G64/><T1/><D1/><U32/><E32/><V76/><F76/><N who="3" m="44319" /><G37/><T90/><D103/><U59/><E113/><N who="3" m="43018" /><G14/><T110/><D30/><U63/><E123/><V53/><F102/><W97/><G97/><T80/><D70/><U35/><E35/><V58/><F66/><W94/><G51/><T117/><D117/><U27/><E73/><V109/><F89/><W15/><G15/><T125/><D125/><U33/><E126/><V67/><F67/><W105/><G94/><N who="0" m="54615" /><D79/><U93/><E93/><V96/><F69/><W78/><G78/><T56/><D55/><U62/><E95/><V88/><F96/><W44/><G44/><T65/><D65/><U34/><E92/><V121/><F88/><W50/><G50/><N who="0" m="30807" /><D110/><U7/><E77/><V99/><F109/><W116/><G116/><T91/><D91/><U133/><E133/><V111/><F111/><W39/><G39/><T129/><D129/><U85/><E128/><V23/><F99/><W130/><G130/><T118/><D118/><U122/><E135/><V87/><F127/><W131/><G131/><T42/><D42/><U5/><E132/><V17/><F87/><W28/><G105/><T4/><AGARI ba="0,0" hai="4,11,12,60,61,80,81,83" m="30807,54615" machi="4" ten="30,1100,0" yaku="8,1" doraHai="16" who="0" fromWho="0" sc="240,11,313,-3,246,-3,201,-5" owari="251,5.0,310,41.0,243,-16.0,196,-30.0" /></mjloggm>