<mjloggm ver="2.3"><GO type="169" lobby="0"/><UN n0="%E5%8F%A4%E6%9C%AC" n1="%E5%B0%8F%E6%B1%A0%E7%BE%8E%E6%B3%A2%E2%8A%BF" n2="%E3%81%8A%E3%82%8A%E3%81%BE%E3%81%A4" n3="%EF%BC%A9%EF%BC%A3%EF%BC%A8%EF%BC%A9" dan="16,16,16,17" rate="2076.52,2123.36,2085.51,2108.10" sx="M,F,M,M"/><TAIKYOKU oya="0"/><INIT seed="0,0,0,0,2,54" ten="250,250,250,250" oya="0" hai0="44,86,72,129,4,83,120,18,119,20,13,110,52" hai1="89,81,38,57,60,90,33,113,50,108,1,27,71" hai2="15,0,34,67,36,28,10,41,104,35,106,85,7" hai3="39,95,87,37,114,123,130,64,127,100,102,103,68"/><T48/><D120/><U40/><E1/><V96/><F36/><W17/><G114/><T11/><D119/><U43/><E108/><V51/><F85/><W26/><G123/><T69/><D110/><U25/><E38/><V55/><F41/><W107/><G107/><T126/><D126/><U12/><E71/><V42/><F42/><W77/><G127/><T66/><D129/><U22/><E113/><V49/><F67/><W84/><G130/><T2/><D72/><U134/><E33/><V112/><F112/><W32/><G32/><T47/><D66/><U56/><E60/><V63/><F104/><W74/><G74/><T79/><REACH who="0" step="1"/><D69/><REACH who="0" ten="240,250,250,250" step="2"/><U93/><E134/><V46/><F63/><W125/><G125/><T115/><D115/><U135/><E50/><V98/><F106/><W16/><G68/><T30/><D30/><U80/><E135/><V3/><F51/><W124/><G64/><T118/><D118/><U121/><E121/><V24/><F35/><W82/><G124/><T59/><AGARI ba="0,1" hai="2,4,11,13,18,20,44,47,48,52,59,79,83,86" machi="59" ten="20,18000,2" yaku="1,1,0,1,7,1,52,1,54,1,53,1" doraHai="54" doraHaiUra="14" who="0" fromWho="0" sc="240,190,250,-60,250,-60,250,-60" /><INIT seed="0,1,0,5,1,114" ten="430,190,190,190" oya="0" hai0="121,6,64,103,51,75,101,87,2,55,131,66,132" hai1="119,111,52,84,90,56,106,118,1,117,73,108,86" hai2="80,18,31,50,61,70,123,5,43,68,3,79,93" hai3="88,30,82,81,36,34,29,32,124,45,42,16,74"/><T109/><D121/><U110/><E1/><V15/><F123/><W89/><G124/><T53/><D75/><U78/><E106/><V20/><F31/><W60/><G60/><T19/><D131/><U27/><E27/><V126/><F126/><W100/><G100/><T95/><D132/><U128/><E128/><V37/><F37/><W22/><G30/><T13/><D6/><U57/><E57/><V65/><F93/><W133/><G133/><T105/><D2/><U67/><E67/><N who="0" m="25641" /><D105/><U129/><E129/><V112/><F112/><W94/><G29/><T120/><D109/><U99/><E99/><V122/><F122/><W76/><G82/><T83/><D95/><U7/><E7/><V69/><F43/><W54/><G54/><N who="0" m="20491" /><D51/><N who="1" m="30751" /><E90/><V125/><F50/><W58/><G58/><T23/><D120/><U44/><E44/><V130/><F130/><W63/><G63/><T28/><D28/><U49/><E49/><V9/><REACH who="2" step="1"/><F125/><REACH who="2" ten="430,190,180,190" step="2"/><W91/><REACH who="3" step="1"/><G94/><REACH who="3" ten="430,190,180,180" step="2"/><T48/><D48/><U92/><E92/><V71/><F71/><W33/><G33/><T115/><D115/><U107/><E107/><V21/><F21/><W116/><G116/><T135/><D135/><U85/><E73/><AGARI ba="1,2" hai="3,5,9,15,18,20,61,65,68,69,70,73,79,80" machi="73" ten="30,2000,0" yaku="1,1,7,1,53,0" doraHai="114" doraHaiUra="40" who="2" fromWho="1" sc="430,0,190,-23,180,43,180,0" /><INIT seed="1,0,0,1,4,66" ten="430,167,223,180" oya="1" hai0="17,109,48,112,0,117,12,99,122,55,125,60,113" hai1="42,24,76,97,121,119,9,8,44,27,45,70,16" hai2="36,83,13,69,130,43,110,52,57,134,96,133,92" hai3="33,105,90,58,114,30,91,79,72,10,98,80,81"/><U132/><E119/><V34/><F34/><W84/><G10/><T49/><D117/><U115/><E115/><V118/><F118/><W124/><G58/><T31/><D0/><U85/><E121/><V71/><F110/><W5/><G5/><T62/><D31/><U93/><E132/><N who="2" m="50795" /><F83/><N who="3" m="45543" /><G30/><T7/><D7/><U53/><E70/><N who="2" m="26635" /><F130/><W28/><G28/><T51/><D109/><U32/><E32/><V94/><F96/><W23/><G23/><T22/><D122/><U128/><E128/><V26/><F26/><W1/><G1/><T135/><D113/><U4/><E27/><V107/><F107/><W104/><G33/><T68/><D112/><U131/><E97/><V15/><F43/><W56/><G114/><T54/><D99/><U100/><E42/><V67/><F67/><W78/><G124/><T61/><D125/><U77/><E24/><V103/><F36/><W35/><G35/><T101/><D135/><U59/><E77/><V3/><F3/><W41/><G41/><T129/><D129/><U74/><E76/><V40/><F40/><W108/><G108/><T73/><D68/><U18/><E131/><V63/><F103/><N who="3" m="62583" /><G105/><T19/><D12/><AGARI ba="0,0" hai="12,13,15,52,57,63,92,94" m="26635,50795" machi="12" ten="30,8000,1" yaku="20,1,52,3,54,1" doraHai="66" who="2" fromWho="0" sc="430,-80,167,0,223,80,180,0" /><INIT seed="2,0,0,2,3,58" ten="350,167,303,180" oya="2" hai0="63,105,41,94,39,43,116,66,111,36,102,72,83" hai1="2,87,123,130,37,42,26,32,127,106,133,51,53" hai2="61,110,33,55,65,3,76,124,17,125,84,0,104" hai3="112,6,89,119,107,12,44,31,79,49,103,85,128"/><V56/><F104/><W109/><G119/><T120/><D120/><U46/><E106/><V60/><F33/><W38/><G38/><T78/><D105/><U40/><E2/><V20/><F110/><W92/><G109/><T118/><D111/><U25/><E25/><V117/><F117/><N who="0" m="45162" /><D94/><U115/><E26/><V74/><F74/><W52/><G128/><T28/><D102/><U67/><E87/><V59/><F76/><W34/><G112/><T97/><D97/><U70/><E32/><V100/><F100/><W30/><G34/><T54/><D54/><U135/><E115/><V35/><F35/><W101/><G79/><T95/><D95/><U75/><E75/><V22/><F84/><W134/><G134/><N who="1" m="51210" /><E130/><V129/><F129/><W15/><G103/><T48/><D28/><U88/><E88/><V98/><F98/><N who="3" m="59591" /><G107/><T57/><D43/><N who="1" m="22895" /><E127/><N who="2" m="48715" /><F20/><W73/><G73/><T4/><D4/><U7/><E7/><V24/><AGARI ba="0,0" hai="0,3,17,22,24,55,56,59,60,61,65" m="48715" machi="24" ten="30,6000,0" yaku="18,1,52,2" doraHai="58" who="2" fromWho="2" sc="350,-20,167,-20,303,60,180,-20" /><INIT seed="2,1,0,3,0,95" ten="330,147,363,160" oya="2" hai0="82,16,14,124,24,50,46,103,88,56,51,32,30" hai1="125,57,52,43,1,54,35,31,65,59,76,39,117" hai2="83,96,85,69,116,79,100,99,48,23,68,127,118" hai3="74,9,22,133,0,98,132,42,107,66,110,84,91"/><V108/><F127/><W115/><G74/><T111/><D124/><U106/><E1/><V20/><F48/><W62/><G42/><T40/><D111/><U77/><E117/><N who="2" m="45163" /><F100/><W72/><G72/><T64/><D103/><U89/><E106/><V15/><F15/><W80/><G110/><T47/><D64/><U18/><E65/><V7/><F7/><W44/><G44/><T121/><D56/><U49/><E18/><V38/><F85/><W71/><G115/><T28/><D28/><U120/><E125/><V34/><F34/><W92/><G107/><T55/><D121/><U122/><E31/><V10/><F10/><W53/><G22/><N who="2" m="8233" /><F83/><W19/><G19/><T36/><D82/><U4/><E35/><V129/><F108/><W6/><REACH who="3" step="1"/><G53/><REACH who="3" ten="330,147,363,150" step="2"/><T63/><D55/><U17/><E17/><V2/><F38/><W58/><G58/><T60/><D36/><U86/><E39/><V101/><F69/><W135/><G135/><T130/><D16/><U29/><E43/><V113/><F68/><W37/><G37/><T87/><D40/><U3/><E29/><V81/><F113/><W27/><G27/><T109/><D24/><U102/><E54/><V41/><F41/><W11/><G11/><T126/><D30/><U45/><E59/><V12/><F129/><W75/><G75/><T128/><D130/><U70/><E57/><V21/><F21/><W25/><G25/><T131/><D128/><U94/><E70/><V78/><F12/><W105/><G105/><T61/><D131/><U114/><E114/><V123/><F2/><W5/><G5/><RYUUKYOKU ba="1,1" sc="330,-10,147,-10,363,-10,150,30" hai3="0,6,9,62,66,71,80,84,91,92,98,132,133" /><INIT seed="3,2,1,1,3,131" ten="320,137,353,180" oya="3" hai0="85,33,25,100,122,128,61,66,64,2,118,19,96" hai1="58,119,98,7,84,124,109,99,56,31,103,57,48" hai2="30,46,50,11,104,29,5,86,101,111,26,49,20" hai3="113,120,17,35,82,42,105,67,27,83,94,32,95"/><W59/><G105/><T52/><D118/><U102/><E109/><V18/><F111/><W114/><G42/><T70/><D122/><U126/><E119/><V127/><F127/><N who="1" m="48681" /><E31/><V36/><F36/><W1/><G1/><T80/><D2/><U40/><E7/><V34/><F86/><W79/><G120/><T123/><D123/><U62/><E84/><V87/><F87/><W125/><G125/><T90/><D128/><U22/><E22/><V38/><F38/><W6/><G6/><T41/><D41/><U4/><E4/><V135/><F49/><W51/><G51/><T23/><D33/><U0/><E62/><V108/><F101/><N who="1" m="38409" /><E0/><V73/><F104/><W44/><G35/><T89/><D90/><U28/><E28/><V134/><F30/><W13/><G32/><T69/><D70/><U24/><E24/><V74/><F108/><W45/><G27/><T9/><D9/><U93/><E93/><V15/><F74/><W133/><G95/><N who="0" m="58399" /><D69/><U107/><E107/><V14/><REACH who="2" step="1"/><F73/><REACH who="2" ten="320,137,343,180" step="2"/><W43/><G94/><T97/><D97/><N who="1" m="36875" /><E40/><AGARI ba="2,2" hai="5,11,14,15,18,20,26,29,34,40,46,50,134,135" machi="40" ten="40,8000,1" yaku="1,1,52,2,53,1" doraHai="131" doraHaiUra="47" who="2" fromWho="1" sc="320,0,137,-86,343,106,180,0" /><INIT seed="4,0,0,2,4,127" ten="320,51,449,180" oya="0" hai0="97,81,38,73,129,131,128,61,69,51,98,123,133" hai1="91,34,0,113,33,54,102,56,109,84,119,30,36" hai2="6,50,70,67,68,26,120,135,125,82,59,13,72" hai3="111,53,112,20,71,87,118,89,96,55,2,86,134"/><T4/><D123/><U15/><E119/><V19/><F125/><W28/><G111/><T14/><D133/><U23/><E0/><V80/><F120/><W31/><G118/><T115/><D115/><U49/><E109/><V100/><F6/><W116/><G116/><T3/><D3/><U25/><E36/><V18/><F100/><W60/><G2/><T8/><D38/><U17/><E113/><V92/><F92/><W62/><G112/><T46/><D69/><U5/><E102/><V45/><F19/><W74/><G74/><T108/><D61/><U11/><REACH who="1" step="1"/><E5/><REACH who="1" ten="320,41,449,180" step="2"/><V90/><F135/><W65/><G134/><T114/><D114/><U44/><E44/><V12/><F45/><W130/><G71/><T93/><D108/><U104/><E104/><V83/><F70/><W79/><G65/><T77/><D93/><AGARI ba="0,1" hai="11,15,17,23,25,30,33,34,49,54,56,84,91,93" machi="93" ten="30,7700,0" yaku="1,1,7,1,53,2" doraHai="127" doraHaiUra="29" who="1" fromWho="0" sc="320,-77,41,87,449,0,180,0" /><INIT seed="5,0,0,1,3,112" ten="243,128,449,180" oya="1" hai0="4,42,29,116,46,120,33,125,123,107,8,87,54" hai1="127,15,34,128,88,69,56,23,74,43,37,39,114" hai2="126,86,53,81,28,64,104,130,40,117,68,102,45" hai3="106,122,131,50,51,111,110,17,35,52,16,47,21"/><U60/><E34/><V31/><F130/><W11/><G122/><N who="0" m="46635" /><D125/><U124/><E74/><V91/><F53/><W66/><G106/><T115/><D107/><U18/><E128/><V94/><F104/><W70/><G131/><T3/><D115/><U103/><E114/><V109/><F109/><W44/><G35/><T89/><D54/><U83/><E103/><V98/><F126/><N who="1" m="48169" /><E69/><V113/><F113/><W25/><G66/><T133/><D133/><U84/><E43/><V62/><F117/><W30/><G70/><T61/><D33/><U6/><E6/><V92/><F92/><W10/><G111/><T119/><D61/><U105/><E105/><V58/><F68/><W96/><G96/><T82/><D29/><U13/><E15/><V100/><F102/><W73/><G73/><T80/><D82/><U57/><E57/><V135/><F135/><W49/><G110/><T2/><D2/><U67/><AGARI ba="0,0" hai="13,18,23,37,39,56,60,67,83,84,88" m="48169" machi="67" ten="30,3000,0" yaku="18,1,54,1" doraHai="112" who="1" fromWho="1" sc="243,-10,128,30,449,-10,180,-10" /><INIT seed="5,1,0,5,2,87" ten="233,158,439,170" oya="1" hai0="53,46,80,2,10,67,72,95,102,37,1,44,38" hai1="69,36,33,103,105,58,115,98,107,109,50,35,77" hai2="94,118,125,8,99,49,122,39,55,65,43,131,128" hai3="60,56,106,113,111,45,91,40,76,100,19,120,135"/><U18/><E36/><V64/><F118/><W21/><G111/><T79/><D67/><U71/><E107/><V34/><F122/><W110/><G110/><T11/><D53/><U119/><E119/><V114/><F114/><W85/><G120/><T68/><D68/><U24/><E109/><V59/><F34/><W81/><G113/><T130/><D130/><N who="2" m="49706" /><F125/><W4/><G4/><T90/><D102/><U25/><E77/><V48/><F8/><W133/><G100/><T61/><D61/><U13/><E115/><V97/><F99/><W84/><G106/><T123/><D123/><U54/><E33/><V27/><F27/><W75/><G75/><T57/><D57/><U52/><E24/><V78/><F78/><W112/><G112/><T104/><D104/><U3/><E3/><V132/><F132/><W47/><G40/><T124/><D124/><U51/><E25/><V108/><F108/><W5/><G5/><T116/><D116/><U129/><E129/><V117/><F117/><W126/><G126/><T28/><D28/><U70/><E35/><V20/><F20/><W23/><G23/><T66/><D66/><U42/><E42/><V82/><F82/><N who="3" m="49559" /><G133/><T29/><D29/><U101/><E101/><N who="2" m="60599" /><F43/><W134/><G134/><T73/><D79/><U83/><E83/><V22/><F22/><W121/><G121/><T7/><D80/><U41/><E41/><V16/><F39/><W127/><G127/><T74/><D38/><U30/><E30/><V63/><F16/><W9/><G135/><T32/><D37/><U62/><E54/><V89/><F55/><RYUUKYOKU ba="1,0" sc="233,-10,158,30,439,-10,170,-10" hai1="13,18,50,51,52,58,62,69,70,71,98,103,105" /><INIT seed="5,2,0,2,4,15" ten="223,188,429,160" oya="1" hai0="9,77,46,67,124,12,65,88,18,37,126,103,120" hai1="47,57,32,94,4,109,89,130,28,14,31,121,112" hai2="107,72,45,8,75,84,30,69,3,66,127,44,13" hai3="111,123,60,10,90,83,56,119,48,7,79,49,6"/><U33/><E121/><V101/><F3/><W51/><G111/><T73/><D120/><U58/><E33/><V27/><F127/><N who="0" m="48682" /><D103/><U20/><E130/><V54/><F66/><W102/><G123/><T105/><D105/><U128/><E128/><V132/><F69/><W35/><G119/><T108/><D108/><U135/><E109/><V43/><F54/><W24/><G102/><T104/><D104/><U0/><E112/><V91/><F101/><W125/><G90/><T39/><D88/><U81/><E81/><V99/><F99/><W122/><G122/><T42/><D39/><U64/><E0/><V63/><F45/><W59/><G59/><N who="1" m="22538" /><E32/><V113/><F63/><W25/><G35/><T50/><D37/><U38/><E64/><N who="0" m="24649" /><D77/><U21/><E38/><V118/><F113/><W78/><G125/><T68/><D68/><U55/><E135/><V96/><F132/><W93/><G79/><T61/><D61/><U71/><E71/><V2/><F2/><W131/><G131/><T106/><D106/><U114/><E114/><V86/><F107/><W87/><G60/><T80/><D80/><U53/><E53/><V1/><F1/><W92/><G78/><T82/><D82/><U17/><E55/><V116/><F118/><W95/><G83/><T16/><D73/><U41/><E41/><V22/><F75/><W5/><G56/><T85/><D85/><N who="1" m="52527" /><E47/><V36/><F44/><W19/><G87/><T34/><D34/><U52/><E52/><V100/><F86/><W23/><G51/><T70/><D70/><U40/><E40/><V26/><F43/><RYUUKYOKU ba="2,0" sc="223,30,188,-10,429,-10,160,-10" hai0="9,12,16,18,42,46,50" /><INIT seed="6,3,0,5,1,132" ten="253,178,419,150" oya="2" hai0="86,93,48,38,92,123,98,7,49,35,18,79,88" hai1="58,26,59,39,19,20,64,100,1,4,37,3,11" hai2="114,9,97,68,80,131,85,69,16,73,83,8,77" hai3="74,76,29,130,12,81,66,108,2,105,67,84,23"/><V30/><F114/><W118/><G108/><T52/><D38/><U60/><E3/><V75/><F131/><W117/><G130/><T13/><D123/><U125/><E125/><V120/><F120/><W51/><G2/><T128/><D35/><U28/><E59/><V65/><F30/><W126/><G105/><T25/><D128/><U33/><REACH who="1" step="1"/><E100/><REACH who="1" ten="253,168,419,150" step="2"/><V47/><F47/><W121/><G121/><T10/><D25/><AGARI ba="3,1" hai="1,4,11,19,20,25,26,28,33,37,39,58,60,64" machi="25" ten="30,3900,0" yaku="1,1,2,1,7,1,53,0" doraHai="132" doraHaiUra="109" who="1" fromWho="0" sc="253,-48,168,58,419,0,150,0" /><INIT seed="7,0,0,1,2,77" ten="205,226,419,150" oya="3" hai0="16,53,102,29,130,65,51,115,96,119,14,71,25" hai1="122,118,2,11,15,40,132,28,121,91,59,124,103" hai2="97,117,66,47,21,62,110,58,104,111,125,88,105" hai3="4,26,86,57,127,126,79,64,10,20,41,135,74"/><W101/><G135/><T22/><D119/><U128/><E103/><V44/><F117/><W100/><G74/><T48/><D115/><U63/><E2/><V39/><F21/><W7/><G41/><T35/><D130/><U108/><E108/><V0/><F0/><W50/><G101/><T56/><D65/><U87/><E118/><V98/><F125/><N who="3" m="47627" /><G100/><T90/><D90/><U8/><E8/><V106/><F88/><W93/><G10/><T38/><D71/><U84/><E84/><V24/><F24/><W49/><G50/><T46/><D38/><U45/><E28/><V94/><F39/><W43/><G43/><T129/><D129/><U113/><E113/><V83/><F94/><W33/><G33/><T60/><D46/><U73/><E132/><V54/><F44/><W52/><G64/><T107/><AGARI ba="0,0" hai="14,16,22,25,29,35,48,51,53,56,60,96,102,107" machi="107" ten="20,2700,0" yaku="0,1,7,1,54,1" doraHai="77" who="0" fromWho="0" sc="205,27,226,-7,419,-7,150,-13" owari="232,3.0,219,-18.0,412,51.0,137,-36.0" /></mjloggm>