<mjloggm ver="2.3"><GO type="169" lobby="0"/><UN n0="%E3%81%BE%E3%81%99%E3%81%9E%E3%81%88" n1="%4E%45%4F%E3%81%B5%E3%81%A3%E3%81%8F%E3%82%93" n2="%E3%81%9F%E3%81%8B%E3%81%A3%E3%81%A6%E3%81%83%E3%83%BC" n3="%E9%87%8E%E8%89%AF%E7%8C%AB%E3%83%AD%E3%83%83%E3%82%AF" dan="16,16,17,16" rate="2109.14,2079.21,2213.25,2207.81" sx="M,M,F,M"/><TAIKYOKU oya="0"/><INIT seed="0,0,0,1,5,90" ten="250,250,250,250" oya="0" hai0="38,9,24,63,43,134,128,76,111,108,16,46,15" hai1="65,45,26,11,17,68,129,86,18,104,12,32,54" hai2="13,60,47,20,52,127,23,40,14,22,120,123,44" hai3="84,35,58,39,7,97,31,132,4,106,48,62,102"/><T100/><D128/><U30/><E129/><V110/><F110/><N who="0" m="42026" /><D134/><U116/><E116/><V77/><F127/><W96/><G39/><T87/><D100/><U131/><E131/><V42/><F77/><W80/><G132/><T64/><D76/><U53/><E104/><V93/><F123/><W133/><G133/><T99/><D87/><U105/><E105/><V57/><F120/><W3/><G3/><T56/><D99/><U82/><E17/><V49/><REACH who="2" step="1"/><F93/><REACH who="2" ten="250,250,240,250" step="2"/><W117/><G117/><T126/><D24/><U41/><E68/><V27/><F27/><W25/><G96/><T36/><D36/><AGARI ba="0,1" hai="13,14,20,22,23,36,40,42,44,47,49,52,57,60" machi="36" ten="40,8000,1" yaku="1,1,54,1,53,3" doraHai="90" doraHaiUra="19" who="2" fromWho="0" sc="250,-80,250,0,240,90,250,0" /><INIT seed="1,0,0,0,4,48" ten="170,250,330,250" oya="1" hai0="82,104,95,49,23,27,91,33,64,117,51,54,125" hai1="79,30,53,85,58,11,29,68,15,81,105,55,127" hai2="3,36,39,84,100,75,60,131,74,116,86,88,108" hai3="66,124,7,107,37,43,12,6,73,19,113,122,0"/><U80/><E105/><V69/><F116/><W83/><G122/><T94/><D117/><U56/><E127/><V118/><F3/><W4/><G107/><T47/><D125/><U1/><E1/><V65/><F118/><W98/><G113/><T129/><D33/><U72/><E68/><V2/><F2/><W101/><G66/><T90/><D104/><U134/><E134/><V46/><F100/><W9/><G124/><T57/><D129/><U10/><E72/><V133/><F131/><W99/><G101/><T35/><D35/><U111/><E111/><V25/><F108/><W22/><G4/><T123/><D123/><U44/><E44/><V5/><F5/><W112/><G6/><T130/><D130/><U26/><E26/><V132/><F25/><W16/><G19/><T87/><D90/><U61/><E81/><N who="2" m="49167" /><F86/><W8/><G9/><N who="1" m="3082" /><E15/><V120/><F120/><W103/><G103/><T17/><REACH who="0" step="1"/><D64/><REACH who="0" ten="160,250,330,250" step="2"/><U110/><E110/><V41/><F39/><W21/><G37/><T128/><D128/><U62/><AGARI ba="0,1" hai="29,30,53,55,56,58,61,62,79,80,85" m="3082" machi="62" ten="30,6000,0" yaku="8,1,52,2" doraHai="48" who="1" fromWho="1" sc="160,-20,250,70,330,-20,250,-20" /><INIT seed="1,1,0,5,1,95" ten="140,320,310,230" oya="1" hai0="86,34,61,14,129,41,130,121,35,33,16,29,123" hai1="4,94,80,44,68,126,127,12,54,60,99,21,125" hai2="55,51,38,92,101,93,18,62,48,40,85,131,107" hai3="119,83,22,116,74,17,24,7,50,89,90,134,122"/><U19/><E4/><V135/><F131/><N who="0" m="50186" /><D41/><U31/><E31/><V28/><F135/><W96/><G122/><N who="0" m="46603" /><D61/><U52/><E80/><V15/><F28/><W13/><G134/><T69/><D69/><U27/><E27/><V66/><F38/><W37/><G37/><T124/><D124/><U70/><E44/><V20/><F40/><W45/><G7/><T108/><D108/><U59/><REACH who="1" step="1"/><E54/><REACH who="1" ten="140,310,310,230" step="2"/><V6/><F6/><W9/><G24/><N who="0" m="18599" /><D86/><U110/><E110/><V64/><F85/><W46/><G46/><T77/><D77/><U104/><E104/><V58/><F107/><W84/><G74/><T11/><AGARI ba="1,1" hai="11,14,16,34,35" m="18599,46603,50186" machi="11" ten="30,8000,1" yaku="19,1,13,1,34,2,54,1" doraHai="95" who="0" fromWho="0" sc="140,93,310,-41,310,-21,230,-21" /><INIT seed="2,0,0,2,4,70" ten="233,269,289,209" oya="2" hai0="49,92,53,26,78,21,33,135,12,31,94,128,132" hai1="65,64,67,55,82,16,27,71,8,42,28,105,41" hai2="36,58,131,38,10,0,121,5,29,114,98,118,100" hai3="24,133,73,93,75,72,81,130,80,129,51,112,126"/><V63/><F114/><W30/><G126/><T2/><D2/><U39/><E105/><V60/><F118/><W103/><G133/><N who="0" m="51275" /><D128/><N who="3" m="49257" /><G51/><T45/><D78/><U66/><E55/><V6/><F121/><W32/><G112/><T122/><D122/><U91/><E39/><V20/><F131/><W134/><G134/><T127/><D127/><U25/><E71/><V86/><F6/><W23/><G32/><T17/><AGARI ba="0,0" hai="12,17,21,26,31,33,45,49,53,92,94" m="51275" machi="17" ten="30,1100,0" yaku="20,1" doraHai="70" who="0" fromWho="0" sc="233,11,269,-3,289,-5,209,-3" /><INIT seed="3,0,0,4,2,124" ten="244,266,284,206" oya="3" hai0="105,96,65,119,39,62,29,86,14,121,66,35,31" hai1="7,98,128,41,113,90,116,91,19,83,118,1,78" hai2="123,79,53,3,15,120,2,70,24,81,110,69,122" hai3="102,12,101,43,106,50,5,34,129,73,100,26,38"/><W67/><G73/><T16/><D119/><N who="1" m="45611" /><E113/><V42/><F110/><W75/><G75/><T58/><D121/><U133/><E133/><V37/><F15/><W21/><G38/><T57/><D39/><U9/><E41/><V63/><F24/><W94/><G106/><T48/><D35/><U54/><E54/><V89/><F89/><N who="1" m="33801" /><E19/><V55/><F42/><W32/><G129/><T33/><D33/><U107/><E98/><V23/><F23/><W130/><G130/><T135/><D135/><U97/><E97/><V0/><F37/><W45/><G67/><T28/><D86/><N who="1" m="48503" /><E107/><V80/><F63/><W74/><G74/><T49/><D96/><U71/><E71/><N who="2" m="27147" /><F80/><W18/><REACH who="3" step="1"/><G94/><REACH who="3" ten="244,266,284,196" step="2"/><T76/><D105/><U56/><E56/><V109/><F109/><W114/><G114/><T10/><D58/><U108/><E108/><V134/><F134/><W87/><G87/><AGARI ba="0,1" hai="0,2,3,53,55,79,81,87,120,122,123" m="27147" machi="87" ten="40,1300,0" yaku="13,1" doraHai="124" who="2" fromWho="3" sc="244,0,266,0,284,23,196,-13" /><INIT seed="4,0,0,5,0,8" ten="244,266,307,183" oya="0" hai0="91,76,110,10,26,68,24,125,12,101,122,64,41" hai1="11,7,73,114,119,23,117,82,81,25,127,35,134" hai2="22,132,39,71,30,84,70,16,94,21,20,60,53" hai3="58,90,75,1,89,14,36,4,95,116,13,78,59"/><T111/><D122/><U47/><E114/><V6/><F39/><W28/><G116/><T63/><D125/><U124/><E134/><V72/><F72/><W44/><G28/><T65/><D65/><U128/><E35/><V45/><F132/><W27/><G27/><T121/><D121/><U48/><E73/><V98/><F6/><W40/><G58/><T113/><D113/><U104/><E104/><V133/><F133/><W67/><G59/><T46/><D91/><U86/><E128/><V34/><F84/><W62/><G62/><T19/><D101/><U38/><E38/><V100/><F34/><W31/><G31/><T103/><D103/><U135/><E135/><V129/><F30/><W51/><G51/><N who="0" m="27087" /><D76/><U85/><E119/><V77/><F77/><W96/><G89/><T69/><D69/><U115/><E117/><V120/><F120/><W131/><G67/><T74/><D74/><U79/><E115/><V108/><F129/><W37/><G37/><T57/><D68/><U50/><E127/><V105/><F105/><W43/><G43/><T0/><D0/><U5/><E124/><V130/><F130/><W18/><G18/><T32/><D32/><U55/><E79/><V126/><F126/><W66/><G66/><T2/><D2/><U61/><E5/><V42/><F16/><W9/><G131/><T15/><D15/><U107/><E7/><V123/><F123/><W97/><G97/><T92/><D92/><U87/><E107/><V49/><F108/><AGARI ba="0,0" hai="10,12,19,24,26,57,63,64,108,110,111" m="27087" machi="108" ten="30,2900,0" yaku="10,1,52,1" doraHai="8" who="0" fromWho="2" sc="244,29,266,0,307,-29,183,0" /><INIT seed="4,1,0,3,4,125" ten="273,266,278,183" oya="0" hai0="133,97,96,75,95,130,111,88,87,9,31,54,19" hai1="18,23,117,49,127,69,7,1,16,45,60,61,93" hai2="135,39,104,78,74,72,129,113,112,120,107,52,115" hai3="76,121,56,106,102,46,35,67,55,119,29,83,28"/><T14/><D130/><U114/><E117/><V90/><F39/><W43/><G119/><T98/><D133/><U122/><E127/><V20/><F120/><W59/><G121/><T0/><D75/><N who="2" m="28714" /><F78/><W105/><G67/><T36/><D36/><U108/><E122/><V71/><F71/><W89/><G89/><T116/><D116/><U70/><E114/><V3/><F3/><W82/><G102/><T64/><D64/><U80/><E108/><V44/><F135/><W94/><G94/><N who="0" m="54559" /><D0/><U13/><E70/><V15/><F90/><W27/><G29/><T109/><D31/><U6/><E69/><V30/><F129/><W37/><G83/><T8/><D54/><U91/><E80/><V40/><F40/><W77/><G76/><T81/><D81/><U65/><E65/><V58/><F44/><W25/><G56/><T62/><D62/><N who="1" m="24171" /><E1/><V12/><F30/><W124/><G124/><T103/><D8/><U92/><E18/><N who="2" m="10311" /><F15/><W11/><G25/><T33/><D33/><U41/><E93/><V22/><F22/><W51/><REACH who="3" step="1"/><G11/><REACH who="3" ten="273,266,278,173" step="2"/><T86/><D86/><AGARI ba="1,1" hai="6,7,13,16,23,41,45,49,86,91,92" m="24171" machi="86" ten="30,2000,0" yaku="8,1,54,1" doraHai="125" who="1" fromWho="0" sc="273,-23,266,33,278,0,173,0" /><AGARI ba="1,0" hai="27,28,35,37,43,46,51,55,59,77,82,86,105,106" machi="86" ten="30,7700,0" yaku="1,1,2,1,7,1,53,1" doraHai="125" doraHaiUra="42" who="3" fromWho="0" sc="250,-77,299,0,278,0,173,77" /><INIT seed="5,0,0,1,5,66" ten="173,299,278,250" oya="1" hai0="54,99,96,86,77,2,119,69,31,62,107,85,129" hai1="116,29,40,94,17,13,59,38,113,110,133,23,12" hai2="35,97,22,51,64,114,15,47,74,45,49,79,68" hai3="134,61,57,84,102,127,92,87,7,33,56,106,76"/><U24/><E116/><V130/><F35/><W121/><G121/><T108/><D2/><U25/><E110/><V81/><F130/><W48/><G33/><T10/><D108/><U32/><E133/><V42/><F114/><W9/><G127/><T118/><D129/><U90/><E113/><V75/><F97/><W98/><G134/><T39/><D39/><U63/><E40/><V124/><F124/><W5/><G106/><T55/><D107/><U44/><E44/><V128/><F128/><W103/><G103/><T27/><D10/><U115/><E38/><V65/><F74/><W34/><G34/><T91/><D77/><U14/><E115/><V1/><F1/><W36/><G36/><T30/><D27/><U3/><E12/><V21/><F15/><N who="3" m="5551" /><G7/><T43/><D62/><U131/><E131/><V82/><F82/><W37/><G37/><T67/><D67/><U0/><E0/><V78/><F78/><W101/><G101/><T20/><D20/><U8/><E3/><V120/><F120/><W46/><G61/><T70/><D91/><U60/><E60/><V4/><F4/><W100/><G100/><T28/><D28/><U117/><E117/><V72/><F72/><W126/><G76/><T104/><D104/><U80/><E32/><V88/><F88/><W123/><G123/><T122/><D122/><U18/><E90/><V125/><F125/><W19/><G19/><T58/><D58/><N who="3" m="22633" /><G126/><T6/><D6/><U132/><E17/><V89/><F89/><W83/><G83/><T52/><D55/><AGARI ba="0,0" hai="46,48,55,84,87,92,98,102" m="22633,5551" machi="55" ten="30,1000,0" yaku="8,1" doraHai="66" who="3" fromWho="0" sc="173,-10,299,0,278,0,250,10" /><INIT seed="6,0,0,4,1,15" ten="163,299,278,260" oya="2" hai0="101,131,80,64,125,54,126,48,14,92,62,57,121" hai1="30,61,79,91,135,59,124,117,70,132,45,106,83" hai2="17,6,113,38,103,127,66,24,109,85,28,32,13" hai3="89,29,120,94,134,2,65,39,77,129,84,58,34"/><V95/><F38/><W111/><G120/><T81/><D121/><U49/><E117/><V99/><F113/><W93/><G111/><T20/><D131/><U110/><E110/><V19/><F109/><W96/><G2/><T0/><D0/><U43/><E70/><V44/><F127/><W22/><G39/><T5/><D125/><U31/><E124/><V119/><F119/><W42/><G134/><N who="1" m="51242" /><E91/><V26/><F66/><W123/><G123/><T10/><D126/><U51/><E51/><V56/><F56/><W3/><G3/><T72/><D72/><N who="1" m="43495" /><E106/><V4/><F44/><W105/><G105/><T21/><D101/><U97/><E97/><V50/><F50/><W27/><G129/><T112/><D92/><U107/><E107/><V100/><F100/><W9/><G42/><T75/><D112/><U23/><E23/><V12/><F85/><W90/><G77/><T116/><D116/><U133/><N who="1" m="51250" /><U16/><DORA hai="11" /><E16/><N who="2" m="6219" /><F32/><W114/><G34/><T36/><D36/><U35/><E35/><V122/><F122/><W52/><G114/><T40/><D40/><U118/><E118/><V74/><F74/><W108/><G108/><T60/><D60/><U67/><AGARI ba="0,0" hai="30,31,43,45,49,59,61,67" m="43495,51250" machi="67" ten="40,1500,0" yaku="20,1" doraHai="15,11" who="1" fromWho="1" sc="163,-4,299,15,278,-7,260,-4" /><INIT seed="7,0,0,4,1,20" ten="159,314,271,256" oya="3" hai0="29,109,89,88,100,84,44,95,131,74,27,7,40" hai1="33,128,6,38,57,36,125,96,52,92,61,55,60" hai2="77,90,17,3,0,68,47,13,12,91,102,11,75" hai3="121,119,65,82,42,46,103,71,112,64,76,113,25"/><W72/><G119/><T8/><D109/><U30/><E128/><V49/><F68/><W123/><G103/><T85/><D131/><U48/><E125/><V106/><F75/><W23/><G71/><T15/><D74/><U31/><E6/><V127/><F77/><W56/><G56/><T21/><D100/><U105/><E105/><V118/><F118/><W28/><G64/><T116/><D116/><U99/><E33/><V130/><F130/><W111/><G65/><T67/><D67/><U43/><E38/><V24/><F127/><W5/><G5/><T133/><D133/><U58/><E36/><V63/><F63/><W97/><G97/><N who="1" m="37450" /><E92/><V59/><F106/><W83/><G83/><T94/><D44/><AGARI ba="0,0" hai="30,31,43,44,48,52,55,57,58,60,61" m="37450" machi="44" ten="30,2000,0" yaku="8,1,54,1" doraHai="20" who="1" fromWho="0" sc="159,-20,314,20,271,0,256,0" owari="139,-36.0,334,43.0,271,7.0,256,-14.0" /></mjloggm>