<mjloggm ver="2.3"><GO type="225" lobby="0"/><UN n0="%E3%81%95%E3%81%8D%E3%81%9F%E3%81%BE%E6%9E%97%E6%AA%8E" n1="%E3%82%B3%E3%83%9E%E3%83%84%E3%81%AE%E9%85%92" n2="%E9%81%85%E5%88%BB%E3%81%AE%E3%83%97%E3%83%AA%E3%83%B3%E3%82%B9%E2%99%AA" n3="%E9%BA%BB%E9%9B%80%E5%A4%AA%E9%83%8E" dan="16,16,16,17" rate="2135.03,2116.96,2156.37,2193.11" sx="M,M,F,M"/><TAIKYOKU oya="0"/><INIT seed="0,0,0,5,5,5" ten="250,250,250,250" oya="0" hai0="15,129,114,82,17,28,111,124,90,43,26,99,135" hai1="22,21,72,36,104,119,48,4,11,19,47,94,61" hai2="100,95,10,29,102,86,73,35,40,88,122,38,127" hai3="24,25,46,63,53,7,2,56,115,109,16,79,45"/><T96/><D114/><U62/><E104/><V74/><F122/><W126/><G115/><T128/><D124/><U92/><E72/><V0/><F127/><W12/><G126/><T91/><D135/><U1/><E36/><V81/><F29/><W20/><G109/><T30/><D43/><U134/><E134/><V125/><F35/><W39/><G79/><T68/><D68/><U67/><E22/><V34/><F34/><W107/><G107/><T54/><D54/><U3/><E3/><V37/><F37/><W121/><G121/><T70/><D70/><U116/><E119/><V66/><F66/><W93/><G93/><T64/><D64/><U103/><E103/><V14/><F125/><W69/><G69/><T110/><D26/><U6/><E6/><N who="2" m="1351" /><F14/><W23/><G39/><T101/><D101/><U106/><E106/><V59/><F59/><W130/><G130/><N who="0" m="50283" /><D82/><U87/><E67/><V80/><F74/><W58/><G58/><T83/><D30/><U118/><E116/><V27/><F27/><W97/><G2/><T33/><D33/><U41/><E118/><V13/><F13/><W50/><G12/><T113/><D28/><U65/><E65/><V52/><F52/><W133/><G53/><T105/><D113/><U44/><E44/><N who="2" m="23575" /><F81/><W131/><G24/><T51/><D51/><U112/><E112/><V49/><F49/><W84/><G50/><T98/><D83/><U71/><E71/><V32/><F32/><W77/><G25/><T55/><D55/><U57/><E48/><V120/><F120/><W31/><G131/><T9/><D105/><RYUUKYOKU ba="0,0" sc="250,15,250,-15,250,15,250,-15" hai0="9,15,17,90,91,96,98,99,110,111" hai2="73,80,86,88,95,100,102" /><INIT seed="0,1,0,0,1,121" ten="265,235,265,235" oya="0" hai0="7,78,115,11,40,28,76,112,49,102,83,74,114" hai1="64,77,8,116,91,130,80,47,81,23,56,85,113" hai2="35,34,82,26,124,62,71,93,79,33,17,15,31" hai3="55,133,44,109,27,16,125,70,103,127,60,30,20"/><T105/><D28/><U52/><E116/><V67/><F124/><N who="3" m="47691" /><G133/><T9/><D49/><U132/><E130/><V117/><F93/><W66/><G103/><T131/><D131/><U2/><E132/><V111/><F111/><W13/><G109/><T48/><D78/><U58/><E113/><V0/><F0/><W18/><G13/><T90/><D90/><U98/><E64/><V106/><F106/><W119/><G119/><T10/><D105/><U65/><E65/><V120/><F120/><W38/><G55/><T6/><REACH who="0" step="1"/><D102/><REACH who="0" ten="255,235,265,235" step="2"/><U72/><E77/><V97/><F117/><W122/><G122/><T51/><D51/><U42/><E91/><V96/><F35/><W129/><G129/><T50/><D50/><U4/><E72/><V21/><F34/><W12/><G30/><T100/><D100/><U43/><E43/><V32/><F33/><W87/><G38/><T126/><D126/><U63/><E42/><V1/><F1/><W29/><G29/><T99/><D99/><U19/><E98/><V25/><REACH who="2" step="1"/><F15/><REACH who="2" ten="255,235,255,235" step="2"/><W39/><G12/><T37/><D37/><U123/><E2/><V68/><F68/><W84/><G70/><T41/><D41/><U57/><E123/><V36/><F36/><W73/><G39/><T88/><D88/><U86/><E81/><V61/><F61/><W101/><G60/><T92/><D92/><U59/><E80/><V14/><F14/><W69/><G69/><T45/><AGARI ba="1,2" hai="6,7,9,10,11,40,45,48,74,76,83,112,114,115" machi="45" ten="40,12000,1" yaku="1,1,0,1,53,3" doraHai="121" doraHaiUra="110" who="0" fromWho="0" sc="255,143,235,-41,255,-41,235,-41" /><INIT seed="0,2,0,3,2,48" ten="398,194,214,194" oya="0" hai0="40,44,82,16,25,89,55,23,132,95,110,58,96" hai1="31,30,88,5,64,11,59,21,92,66,129,114,127" hai2="109,134,113,90,107,122,41,112,20,100,80,39,46" hai3="3,98,83,85,12,54,71,102,117,119,34,74,22"/><T93/><D110/><U116/><E116/><V105/><F122/><W111/><G3/><T13/><D132/><U61/><E127/><V69/><F69/><W81/><G34/><T0/><D0/><U101/><E129/><V7/><F134/><W135/><G135/><T84/><D96/><U19/><E101/><V37/><F37/><W15/><G71/><T91/><D40/><U62/><E11/><V104/><F109/><W131/><G131/><T35/><D44/><U53/><E5/><V79/><F100/><W63/><G74/><T123/><D123/><U67/><E62/><V29/><F90/><W32/><G32/><T17/><D91/><U60/><E60/><V27/><REACH who="2" step="1"/><F7/><REACH who="2" ten="398,194,204,194" step="2"/><W42/><G102/><T121/><D121/><U4/><E4/><V125/><F125/><W115/><G111/><T108/><D108/><U99/><REACH who="1" step="1"/><E114/><REACH who="1" ten="398,184,204,194" step="2"/><V75/><AGARI ba="2,2" hai="20,27,29,39,41,46,75,79,80,104,105,107,112,113" machi="75" ten="30,4000,0" yaku="1,1,0,1,53,1" doraHai="48" doraHaiUra="38" who="2" fromWho="2" sc="398,-22,184,-12,204,66,194,-12" /><INIT seed="1,0,0,1,3,91" ten="376,172,270,182" oya="1" hai0="127,32,103,101,97,65,63,59,33,62,120,16,37" hai1="115,68,77,69,112,43,40,113,56,90,19,58,61" hai2="95,35,108,27,22,126,47,67,117,66,119,39,38" hai3="110,53,20,116,30,73,4,129,114,48,86,41,45"/><U42/><E77/><V0/><F35/><W46/><G114/><T135/><D37/><U132/><E90/><V52/><F0/><W29/><G73/><T130/><D130/><U10/><E132/><V51/><F108/><W64/><G129/><T93/><D135/><U1/><E19/><V21/><F126/><W118/><G110/><T57/><D127/><U94/><E94/><V102/><F39/><W50/><G64/><T109/><D109/><U128/><E128/><V123/><F38/><W5/><G86/><T99/><D120/><U83/><E83/><V131/><F123/><W31/><REACH who="3" step="1"/><G20/><REACH who="3" ten="376,172,270,172" step="2"/><T80/><D33/><U76/><E76/><V26/><F131/><W34/><G34/><T24/><D32/><U28/><E28/><V92/><F22/><W36/><G36/><T55/><D80/><U78/><E78/><V44/><F21/><W14/><G14/><T121/><D121/><U133/><E133/><V8/><F27/><W18/><G18/><T12/><D24/><U25/><E25/><V79/><F26/><W49/><G49/><T70/><D16/><U17/><E17/><V134/><F79/><W15/><G15/><T9/><D12/><U72/><E72/><V96/><F134/><W13/><G13/><T100/><D9/><U6/><REACH who="1" step="1"/><E61/><REACH who="1" ten="376,162,270,172" step="2"/><V7/><F8/><W104/><G104/><T60/><D60/><U122/><E122/><V88/><F7/><AGARI ba="0,2" hai="4,5,7,29,30,31,41,45,46,48,50,53,116,118" machi="7" ten="40,1300,0" yaku="1,1,53,0" doraHai="91" doraHaiUra="125" who="3" fromWho="2" sc="376,0,162,0,270,-13,172,33" /><INIT seed="2,0,0,5,3,29" ten="376,162,257,205" oya="2" hai0="116,44,103,90,70,87,5,78,43,9,74,49,93" hai1="80,28,36,2,69,39,108,120,4,75,96,10,25" hai2="81,104,100,124,134,63,18,19,15,114,23,130,41" hai3="99,68,126,37,92,34,102,115,48,89,40,131,62"/><V106/><F114/><W98/><G115/><T11/><D70/><U79/><E108/><V117/><F117/><W84/><G131/><T16/><D116/><U22/><E120/><V122/><F122/><W76/><G126/><T47/><D103/><U107/><E22/><V56/><F130/><W82/><G37/><T17/><D74/><U83/><E69/><V6/><F6/><W30/><G40/><T91/><D78/><U72/><E80/><V51/><F124/><W14/><G48/><T85/><D47/><U33/><E72/><V101/><F81/><W42/><G14/><N who="0" m="5423" /><D11/><U64/><E64/><V121/><F134/><W50/><G50/><T61/><D61/><U1/><E1/><V31/><F31/><W7/><G7/><T86/><D86/><U3/><E3/><V123/><F106/><W45/><G45/><T53/><D53/><U38/><E38/><V32/><F104/><W71/><G42/><T0/><D0/><U57/><E57/><V125/><F125/><W54/><G54/><T133/><D133/><U24/><E24/><V88/><F56/><W20/><G62/><T46/><D46/><U66/><E66/><V8/><F63/><W110/><G110/><T97/><D97/><U129/><E129/><V95/><F121/><W132/><G132/><T67/><D67/><U58/><E58/><V13/><F41/><W109/><G109/><T26/><D26/><U59/><E59/><V112/><F123/><W60/><G71/><T35/><D35/><U73/><E73/><V55/><F112/><W94/><G68/><T21/><D21/><RYUUKYOKU ba="0,0" sc="376,15,162,15,257,-15,205,-15" hai0="16,17,43,44,49,85,87,90,91,93" hai1="2,4,10,25,28,33,36,39,75,79,83,96,107" /><INIT seed="3,1,0,0,2,111" ten="391,177,242,190" oya="3" hai0="93,83,72,116,75,107,69,1,127,129,44,71,66" hai1="29,62,63,123,134,31,20,7,48,120,85,13,125" hai2="92,11,16,105,18,39,98,90,81,101,0,59,76" hai3="74,55,89,38,61,82,53,126,4,88,37,2,97"/><W132/><G132/><T22/><D116/><U112/><E134/><V25/><F39/><W113/><G126/><T104/><D93/><U118/><E125/><V30/><F0/><W32/><G32/><T56/><D56/><U80/><E118/><V34/><F59/><W96/><G74/><T122/><D22/><U99/><E112/><V50/><F50/><W94/><G4/><T95/><D122/><U65/><E99/><V35/><F35/><W114/><G94/><T54/><D54/><U115/><E115/><V33/><F11/><W45/><G45/><T15/><D15/><U60/><E65/><V79/><F79/><W24/><G24/><T41/><D41/><U86/><E48/><V77/><F76/><W9/><G82/><T121/><D121/><U8/><E86/><N who="2" m="52311" /><F34/><W43/><G9/><T106/><D106/><U135/><E135/><V49/><F49/><W67/><G67/><T73/><D73/><AGARI ba="1,0" hai="16,18,25,30,33,73,77,81,98,101,105" m="52311" machi="73" ten="30,2000,0" yaku="24,1,54,1" doraHai="111" who="2" fromWho="0" sc="391,-23,177,0,242,23,190,0" owari="368,46.0,177,-32.0,265,7.0,190,-21.0" /></mjloggm>