<mjloggm ver="2.3"><GO type="169" lobby="0"/><UN n0="%CE%BC%E3%81%97%E3%82%82%E3%81%A7" n1="%E3%81%98%E3%81%98%E3%81%84%E3%81%8C%E5%91%BC%E3%82%93%E3%81%A0" n2="%E3%81%8A%E7%9F%A5%E3%82%89%E3%81%9B" n3="%E3%81%95%E3%81%AE%E3%81%99%E3%81%91" dan="17,16,19,17" rate="2146.32,2096.05,2309.86,2142.23" sx="M,M,M,M"/><TAIKYOKU oya="0"/><INIT seed="0,0,0,2,4,132" ten="250,250,250,250" oya="0" hai0="46,1,16,76,68,10,82,48,78,49,45,66,121" hai1="38,30,64,5,122,133,62,125,8,26,54,108,120" hai2="102,15,105,84,77,11,110,98,21,58,116,47,67" hai3="93,13,81,65,20,59,25,17,123,60,0,73,74"/><T51/><D121/><U61/><E133/><V135/><F135/><W36/><G0/><T57/><D68/><U89/><E108/><V103/><F110/><W119/><G119/><T112/><D112/><U9/><E38/><V92/><F116/><W72/><G36/><T63/><D1/><U86/><E54/><V100/><F47/><N who="0" m="17930" /><D82/><U42/><E42/><V24/><F77/><W39/><G39/><T79/><D10/><U80/><E9/><V117/><F117/><W126/><G123/><T40/><D40/><U50/><E8/><V56/><F84/><W55/><G93/><T14/><D14/><U28/><E86/><V96/><F102/><W97/><G97/><T44/><D44/><U128/><E80/><V75/><F67/><W12/><G81/><T71/><D71/><U87/><E87/><V131/><F75/><W134/><G134/><T41/><D41/><U2/><E64/><V70/><F70/><W104/><G104/><T34/><D34/><U6/><E2/><V106/><F92/><W124/><REACH who="3" step="1"/><G65/><REACH who="3" ten="250,250,250,240" step="2"/><T113/><D113/><U114/><E114/><V31/><REACH who="2" step="1"/><F131/><REACH who="2" ten="250,250,240,240" step="2"/><W19/><G19/><AGARI ba="0,2" hai="16,19,48,49,51,57,63,66,76,78,79" m="17930" machi="19" ten="40,3900,0" yaku="8,1,54,1" doraHai="132" who="0" fromWho="3" sc="250,59,250,0,240,0,240,-39" /><AGARI ba="0,0" hai="11,15,19,21,24,31,56,58,96,98,100,103,105,106" machi="19" ten="30,7700,0" yaku="1,1,2,1,7,1,9,1,53,0" doraHai="132" doraHaiUra="29" who="2" fromWho="3" sc="309,0,250,0,240,77,201,-77" /><INIT seed="0,1,0,4,5,8" ten="309,250,317,124" oya="0" hai0="84,50,24,101,40,103,115,65,122,47,95,126,30" hai1="2,25,72,112,117,11,111,80,120,134,116,12,42" hai2="131,81,35,54,97,73,89,43,17,104,107,66,0" hai3="82,51,10,38,6,75,15,45,16,83,85,28,4"/><T102/><D122/><U124/><E120/><V3/><F35/><W119/><G119/><T93/><D115/><U118/><E112/><V27/><F131/><W48/><G38/><T60/><D126/><U113/><E113/><V68/><F43/><W76/><G28/><T5/><D5/><U110/><E42/><V98/><F68/><W46/><G46/><T63/><D84/><U127/><E72/><V130/><F66/><W32/><G32/><T108/><D108/><N who="1" m="41515" /><E80/><V53/><F130/><W67/><G67/><T20/><REACH who="0" step="1"/><D60/><REACH who="0" ten="299,250,317,124" step="2"/><U59/><E127/><V132/><F73/><W13/><G75/><T36/><D36/><U125/><E125/><V41/><F0/><W121/><G121/><T52/><D52/><U57/><E2/><V86/><F3/><W70/><G85/><T96/><D96/><U21/><E124/><V79/><F97/><W26/><G4/><T56/><AGARI ba="1,1" hai="20,24,30,40,47,50,56,63,65,93,95,101,102,103" machi="56" ten="30,12000,1" yaku="1,1,0,1,8,1,53,2" doraHai="8" doraHaiUra="88" who="0" fromWho="0" sc="299,133,250,-41,317,-41,124,-41" /><INIT seed="0,2,0,4,2,114" ten="432,209,276,83" oya="0" hai0="52,10,89,125,122,25,16,49,103,87,120,39,102" hai1="119,14,113,93,94,106,75,34,66,38,48,55,132" hai2="111,44,41,74,108,100,7,112,57,81,4,79,134" hai3="121,67,18,124,110,21,24,60,64,35,42,70,13"/><T61/><D39/><U118/><E106/><V96/><F112/><W36/><G121/><T12/><D125/><U101/><E38/><V77/><F77/><W31/><G110/><N who="2" m="42025" /><F57/><W76/><G124/><T133/><D133/><U72/><E113/><V15/><F15/><W68/><G76/><T95/><D61/><U20/><E132/><V107/><F134/><W90/><G90/><T46/><REACH who="0" step="1"/><D25/><REACH who="0" ten="422,209,276,83" step="2"/><U50/><E119/><V83/><F83/><W63/><G36/><AGARI ba="2,1" hai="4,7,36,41,44,74,79,81,96,100,107" m="42025" machi="36" ten="30,1000,0" yaku="14,1" doraHai="114" who="2" fromWho="3" sc="422,0,209,0,276,26,83,-16" /><INIT seed="1,0,0,0,0,65" ten="422,209,302,67" oya="1" hai0="123,35,115,84,108,113,71,55,89,31,73,134,8" hai1="64,19,107,119,106,88,72,63,4,80,45,103,0" hai2="52,29,23,1,53,124,110,14,59,17,85,34,62" hai3="40,104,49,54,129,33,91,30,76,111,67,92,97"/><U105/><E119/><V127/><F110/><W118/><G111/><T70/><D73/><U3/><E103/><V7/><F85/><W130/><G118/><T69/><D108/><U101/><E101/><V42/><F42/><W16/><G104/><T135/><D123/><U99/><E4/><V60/><F53/><W90/><G76/><T112/><D55/><U132/><E132/><N who="0" m="50729" /><D8/><U57/><E72/><V6/><F60/><W32/><G40/><T114/><D114/><U44/><E19/><V77/><F77/><W13/><G90/><T47/><D47/><U28/><E28/><V9/><F7/><W86/><G97/><T87/><D89/><U122/><E122/><V5/><F6/><W24/><G33/><T131/><D131/><U36/><E36/><V78/><F78/><W50/><G67/><T83/><D83/><U93/><REACH who="1" step="1"/><E80/><REACH who="1" ten="422,199,302,67" step="2"/><V75/><F75/><W66/><G129/><T43/><D31/><U41/><E41/><V37/><F37/><W11/><G130/><T2/><D43/><U21/><E21/><V126/><F29/><W74/><G74/><T27/><D35/><AGARI ba="0,1" hai="1,5,9,14,17,23,34,35,52,59,62,124,126,127" machi="35" ten="40,2600,0" yaku="18,1,54,1" doraHai="65" who="2" fromWho="0" sc="422,-26,199,0,302,36,67,0" /><INIT seed="2,0,0,4,5,127" ten="396,199,338,67" oya="2" hai0="32,110,75,26,104,65,4,16,42,6,62,122,119" hai1="36,35,52,98,85,34,131,78,79,57,55,60,51" hai2="128,103,12,126,24,30,21,25,133,135,96,129,64" hai3="17,61,5,19,114,81,77,83,124,102,113,108,117"/><V15/><F64/><W97/><G5/><T58/><D122/><U49/><E36/><V88/><F126/><W107/><G124/><T46/><D119/><U134/><E134/><N who="2" m="51211" /><F25/><W118/><G61/><T10/><D104/><U72/><E72/><V95/><F103/><W7/><G7/><T67/><D75/><U91/><E98/><V37/><F37/><W53/><G53/><T120/><D120/><U71/><E71/><V87/><F96/><W80/><G77/><T123/><D123/><U125/><E125/><V59/><F59/><W38/><G38/><T29/><D67/><U90/><E85/><V82/><F95/><W43/><G43/><T115/><D115/><N who="3" m="44041" /><G108/><T121/><D110/><U11/><E57/><V54/><F54/><W76/><G76/><T20/><D121/><U130/><E11/><V101/><F101/><W39/><G39/><T105/><D105/><U116/><E60/><V112/><F112/><W40/><G40/><T109/><D109/><U69/><E69/><V31/><F30/><W47/><G47/><T132/><D132/><U66/><E66/><V100/><F100/><W111/><G111/><T86/><D10/><U99/><E99/><V74/><F74/><W33/><G33/><T50/><D86/><U22/><E22/><V44/><F44/><W41/><G41/><T73/><D73/><U23/><E23/><V106/><F106/><W84/><G84/><T9/><D9/><U94/><E94/><V28/><F28/><W0/><G0/><T2/><D2/><U89/><E89/><V3/><F3/><W92/><G107/><RYUUKYOKU ba="0,0" sc="396,0,199,0,338,0,67,0" hai0="4,6,16,20,26,29,32,42,46,50,58,62,65" hai1="34,35,49,51,52,55,78,79,90,91,116,130,131" hai2="12,15,21,24,31,82,87,88,128,129" hai3="17,19,80,81,83,92,97,102,117,118" /><INIT seed="2,1,0,3,4,19" ten="396,199,338,67" oya="2" hai0="100,17,85,45,22,12,48,4,130,119,39,20,80" hai1="120,23,108,70,90,77,107,2,79,42,86,1,117" hai2="87,123,82,115,73,13,36,127,55,27,116,129,24" hai3="52,109,40,95,68,78,126,98,3,105,93,38,62"/><V53/><F123/><W124/><G3/><T29/><D39/><U0/><E117/><V16/><F116/><W63/><G109/><T121/><D119/><U10/><E108/><V61/><F115/><W125/><G78/><T111/><D121/><U76/><E120/><V28/><F36/><W32/><G32/><T74/><D74/><U54/><E70/><V44/><F73/><W15/><G105/><T47/><D111/><U26/><E107/><V60/><F129/><W43/><G15/><T35/><D35/><U33/><E33/><V114/><F127/><W71/><G38/><T106/><D130/><U99/><E99/><V122/><F114/><W46/><G98/><T25/><D106/><U75/><E42/><N who="3" m="15914" /><G95/><T7/><D100/><U72/><E54/><N who="2" m="20491" /><F44/><N who="0" m="16970" /><D48/><U11/><E75/><V14/><F14/><W58/><G93/><T30/><D29/><U118/><E72/><V88/><F122/><W18/><G18/><T132/><D132/><U67/><E118/><V113/><F113/><W96/><G96/><T9/><D9/><U101/><E101/><V57/><F57/><N who="3" m="35111" /><G46/><T21/><D21/><U59/><E23/><N who="2" m="15487" /><F24/><W133/><G133/><T112/><D112/><U41/><E26/><V6/><F6/><W37/><G37/><T56/><D56/><U128/><E128/><V131/><F131/><W50/><G50/><T89/><AGARI ba="1,0" hai="4,7,12,17,20,22,25,30,80,85,89" m="16970" machi="89" ten="30,4000,0" yaku="8,1,52,2" doraHai="19" who="0" fromWho="0" sc="396,43,199,-11,338,-21,67,-11" /><INIT seed="3,0,0,2,3,126" ten="439,188,317,56" oya="3" hai0="90,135,69,30,96,13,34,61,121,1,5,77,66" hai1="91,24,19,4,64,78,111,105,84,36,51,42,87" hai2="31,57,124,10,98,46,43,93,16,123,117,131,40" hai3="70,104,127,71,22,37,107,114,134,53,54,103,17"/><W33/><G33/><T49/><D121/><U45/><E111/><V81/><F117/><W132/><G37/><T92/><D135/><N who="3" m="51753" /><G127/><T108/><D108/><U15/><E105/><N who="3" m="40522" /><G103/><T27/><D77/><U18/><E64/><V133/><F31/><W97/><G97/><T99/><D1/><U7/><E36/><V25/><F123/><W74/><G74/><T75/><D75/><U62/><E62/><V106/><F106/><W23/><G114/><T115/><D115/><U2/><E2/><V129/><F124/><W130/><G130/><N who="2" m="49673" /><F133/><W3/><G3/><T125/><D49/><U82/><E24/><V110/><F110/><W63/><G63/><T122/><D99/><U109/><E109/><V67/><F81/><W14/><G23/><T48/><D48/><U39/><E39/><V88/><F46/><W60/><G71/><T79/><D125/><U118/><E118/><V86/><F98/><W100/><G100/><T44/><D44/><U59/><E59/><V102/><F102/><W52/><G70/><T26/><D69/><U116/><E116/><V11/><F57/><W113/><G113/><T21/><D96/><U55/><E42/><N who="2" m="15915" /><F67/><W47/><G60/><T20/><D61/><U50/><E50/><AGARI ba="0,0" hai="14,17,22,47,50,52,53,54" m="40522,51753" machi="50" ten="30,2900,0" yaku="20,1,54,1" doraHai="126" who="3" fromWho="1" sc="439,0,188,-29,317,0,56,29" /><INIT seed="3,1,0,1,1,63" ten="439,159,317,85" oya="3" hai0="62,10,90,53,71,82,47,132,91,50,60,23,13" hai1="113,3,119,92,75,66,35,28,83,70,89,31,43" hai2="98,54,49,58,2,122,96,84,87,99,55,111,5" hai3="110,88,121,118,51,134,45,24,18,109,25,15,64"/><W34/><G118/><T124/><D132/><U17/><E113/><V101/><F111/><N who="3" m="42507" /><G121/><T8/><D124/><U21/><E119/><V48/><F122/><W57/><G134/><T14/><D23/><U37/><E3/><V38/><F38/><W19/><G34/><T97/><D71/><U93/><E35/><V115/><F115/><W95/><G45/><T123/><D123/><U105/><E105/><V106/><F2/><W94/><G94/><N who="0" m="56535" /><D91/><U130/><E89/><V33/><F33/><W114/><G114/><T9/><D82/><U103/><E83/><V26/><F5/><W100/><G100/><T27/><D27/><N who="3" m="10313" /><G15/><AGARI ba="1,0" hai="8,9,10,13,14,15,47,50,53,60,62" m="56535" machi="15" ten="30,1000,0" yaku="8,1" doraHai="63" who="0" fromWho="3" sc="439,13,159,0,317,0,85,-13" /><INIT seed="4,0,0,2,2,32" ten="452,159,317,72" oya="0" hai0="123,104,129,111,68,70,134,108,69,105,97,62,128" hai1="37,16,5,3,94,125,117,59,74,60,56,65,51" hai2="22,89,118,63,114,85,101,78,57,29,79,73,34" hai3="41,43,95,15,91,67,102,80,45,87,8,93,83"/><T127/><D123/><U98/><E117/><V23/><F114/><W30/><G30/><T21/><D21/><U13/><E37/><V99/><F34/><W35/><G35/><T135/><D62/><U18/><E74/><V72/><F72/><W50/><G67/><T77/><D77/><U49/><E125/><V92/><F118/><W53/><G83/><T26/><D26/><U27/><E3/><V44/><F44/><W64/><G64/><T36/><D36/><U81/><E81/><V9/><F9/><W106/><G106/><N who="0" m="41067" /><D97/><U55/><E27/><V88/><F73/><W76/><G102/><T47/><D47/><U131/><E131/><N who="0" m="50249" /><D127/><U1/><E51/><V82/><F79/><W103/><G103/><T48/><D48/><U33/><E33/><V7/><F23/><W0/><G76/><T100/><D100/><N who="1" m="60503" /><E1/><V119/><F119/><W42/><REACH who="3" step="1"/><G0/><REACH who="3" ten="452,159,317,62" step="2"/><T12/><D12/><U25/><E25/><V121/><F101/><W86/><G86/><T28/><D28/><U115/><E115/><V17/><F29/><W126/><G126/><T66/><D66/><U24/><E24/><V130/><F130/><W14/><G14/><T90/><D90/><U109/><E13/><V75/><F89/><W40/><N who="3" m="10240" /><DORA hai="10" /><W31/><G31/><T132/><AGARI ba="0,1" hai="68,69,70,108,111,132,134,135" m="50249,41067" machi="132" ten="50,18000,2" yaku="28,2,20,1,19,1,31,2" doraHai="32,10" who="0" fromWho="0" sc="452,190,159,-60,317,-60,62,-60" /><INIT seed="4,1,0,2,2,107" ten="642,99,257,2" oya="0" hai0="100,90,9,77,36,75,19,125,132,127,68,76,57" hai1="96,64,40,30,105,55,110,112,117,99,66,58,37" hai2="61,69,74,115,23,109,81,108,111,11,4,39,27" hai3="89,135,83,94,71,101,88,104,45,78,134,10,80"/><T26/><D68/><U102/><E110/><V131/><F39/><W16/><G71/><T31/><D36/><U129/><E117/><V48/><F115/><W106/><G45/><T18/><D100/><U52/><E129/><V85/><F131/><W133/><G10/><T128/><D128/><U32/><E112/><V53/><F74/><N who="3" m="43095" /><G16/><N who="0" m="6187" /><D75/><U65/><E99/><V14/><F69/><W86/><G101/><T29/><D90/><U59/><E30/><N who="0" m="11273" /><D57/><U70/><E32/><V118/><F109/><W20/><G20/><T98/><D98/><AGARI ba="1,0" hai="83,86,88,89,94,98,104,106,133,134,135" m="43095" machi="98" ten="30,8000,1" yaku="20,1,34,2,52,1,54,1" doraHai="107" who="3" fromWho="0" sc="642,-83,99,0,257,0,2,83" /><INIT seed="5,0,0,0,2,89" ten="559,99,257,85" oya="1" hai0="72,96,22,87,6,54,16,119,58,37,4,28,49" hai1="132,20,62,52,107,118,128,90,36,77,26,130,73" hai2="88,63,81,12,108,13,40,10,106,99,116,44,95" hai3="129,8,71,91,14,114,126,78,23,48,85,21,115"/><U42/><E118/><V9/><F108/><W34/><G34/><T120/><D72/><U111/><E107/><V117/><F106/><W50/><G71/><T7/><D119/><U125/><E111/><V45/><F63/><W110/><G78/><T33/><D37/><U18/><E125/><V60/><F60/><W57/><G110/><T83/><D120/><U79/><E132/><V30/><F30/><W1/><G129/><N who="1" m="49770" /><E73/><V2/><F2/><W127/><G1/><T131/><D131/><U38/><E90/><V122/><F122/><W32/><G32/><T39/><D33/><U93/><E93/><V101/><F81/><W98/><G98/><T121/><D39/><N who="1" m="14891" /><E42/><V41/><F101/><W86/><G91/><T70/><D121/><U76/><E79/><V109/><F109/><W55/><G127/><T24/><D70/><U5/><E5/><N who="2" m="3119" /><F117/><W31/><G126/><T43/><D96/><U25/><E26/><V82/><F82/><W64/><G86/><T123/><D123/><U100/><E100/><V134/><F134/><W103/><G85/><T97/><D97/><U124/><E124/><V3/><F116/><W0/><G103/><T113/><D43/><N who="2" m="16458" /><F3/><W80/><G0/><T75/><D75/><U112/><E112/><V94/><F94/><W92/><G92/><T61/><D113/><U65/><E65/><V67/><F67/><W27/><G80/><T84/><D83/><U105/><E105/><V74/><F74/><W69/><G114/><T29/><D29/><U56/><AGARI ba="0,0" hai="18,20,25,52,56,62,76,77" m="14891,49770" machi="56" ten="40,3900,0" yaku="19,1,54,1" doraHai="89" who="1" fromWho="1" sc="559,-13,99,39,257,-13,85,-13" /><INIT seed="5,1,0,2,3,129" ten="546,138,244,72" oya="1" hai0="95,28,2,66,62,74,54,118,94,104,34,70,55" hai1="99,130,11,3,89,7,37,119,92,45,117,113,90" hai2="105,96,110,108,6,33,123,67,125,77,115,134,122" hai3="71,41,88,50,120,81,26,86,107,58,20,135,91"/><U101/><E130/><V100/><F33/><W8/><G120/><T131/><D118/><U53/><E113/><V51/><F6/><W40/><G71/><T112/><D131/><U68/><E68/><V35/><F35/><W82/><G107/><T47/><D112/><U19/><E19/><V0/><F0/><W116/><G116/><T111/><D74/><U23/><E23/><V87/><F115/><W102/><G102/><T93/><D111/><U128/><E128/><V69/><F51/><W27/><G135/><T38/><D2/><U98/><E90/><V121/><F134/><W1/><G1/><T85/><D104/><U14/><E3/><V15/><F15/><W79/><G8/><T56/><D34/><U64/><E64/><V75/><F87/><W124/><G124/><T109/><D28/><U16/><E7/><V48/><F48/><W5/><G5/><T57/><D109/><N who="2" m="42090" /><F125/><W106/><G106/><T63/><D70/><U76/><E76/><V114/><F114/><W84/><G79/><T127/><D127/><U52/><E119/><V32/><F32/><W78/><G78/><T30/><D30/><U10/><E10/><V97/><F97/><W29/><G26/><T80/><D38/><U18/><E18/><V13/><F13/><W36/><G36/><T46/><D66/><U43/><E117/><V39/><F39/><W44/><G58/><T24/><D24/><U17/><E17/><V133/><F133/><W25/><G25/><T21/><D21/><U83/><E99/><V126/><F126/><W72/><G72/><T59/><D59/><RYUUKYOKU ba="1,0" sc="546,10,138,10,244,-30,72,10" hai0="46,47,54,55,56,57,62,63,80,85,93,94,95" hai1="11,14,16,37,43,45,52,53,83,89,92,98,101" hai3="20,27,29,40,41,44,50,81,82,84,86,88,91" /><INIT seed="5,2,0,0,5,112" ten="556,148,214,82" oya="1" hai0="124,123,79,89,24,39,73,96,126,129,13,107,86" hai1="111,6,69,103,128,82,44,14,34,29,37,15,119" hai2="27,47,65,116,40,106,127,100,77,26,53,60,32" hai3="88,132,68,110,1,63,20,117,42,125,74,66,94"/><U76/><E119/><V5/><F116/><W45/><G110/><T33/><D39/><U17/><E69/><V4/><F53/><W98/><G117/><T70/><D70/><U30/><E111/><V90/><F90/><W36/><G132/><T50/><D123/><U135/><E135/><V28/><F27/><W58/><G125/><T71/><D71/><U91/><E103/><V104/><F77/><W0/><G74/><T130/><D13/><U3/><E3/><V54/><F54/><W52/><REACH who="3" step="1"/><G20/><REACH who="3" ten="556,148,214,72" step="2"/><T35/><D124/><U67/><E34/><V93/><F127/><W64/><G64/><T48/><D35/><U133/><E67/><V38/><F65/><W43/><G43/><T84/><D73/><U19/><E133/><V78/><F40/><W102/><G102/><T85/><D126/><U120/><E120/><V59/><F100/><W25/><G25/><T109/><D24/><U55/><E55/><V115/><F26/><W57/><G57/><T21/><D33/><U10/><E44/><V49/><F59/><W121/><G121/><T41/><D41/><U113/><E37/><V80/><F47/><W83/><G83/><T92/><D109/><U101/><E101/><V75/><F80/><W11/><G11/><T8/><D8/><U131/><E10/><V72/><F38/><W97/><G97/><N who="0" m="57487" /><D21/><U95/><E82/><V51/><F32/><W87/><G87/><N who="0" m="33355" /><D96/><U99/><E99/><V46/><F72/><W9/><G9/><T62/><D107/><U61/><E15/><V81/><F81/><W108/><G108/><T122/><D122/><RYUUKYOKU ba="2,1" sc="556,-10,148,-10,214,-10,72,30" hai3="0,1,36,42,45,52,58,63,66,68,88,94,98" /><INIT seed="6,3,1,2,2,31" ten="546,138,204,102" oya="2" hai0="121,30,48,91,133,64,98,96,114,23,59,135,0" hai1="68,13,52,46,62,54,117,37,83,63,57,67,94" hai2="66,5,40,131,129,103,7,122,127,14,26,35,39" hai3="15,134,22,123,77,43,82,55,18,101,126,113,84"/><V3/><F66/><W19/><G123/><T33/><D0/><U9/><E117/><V4/><F103/><W102/><G134/><T118/><D121/><U87/><E94/><V74/><F74/><W90/><G126/><T47/><D118/><U105/><E105/><V89/><F89/><W38/><G113/><T11/><D114/><U42/><E54/><V116/><F40/><W97/><G38/><T49/><D11/><U70/><E70/><V85/><F85/><W92/><G43/><T50/><D47/><U32/><E32/><V41/><F41/><W60/><REACH who="3" step="1"/><G18/><REACH who="3" ten="546,138,204,92" step="2"/><T53/><D135/><U75/><E75/><V99/><F39/><W104/><G104/><T58/><D133/><U25/><E25/><V27/><F127/><W132/><G132/><T69/><D69/><U100/><E100/><V80/><F122/><W61/><G61/><T124/><D124/><U1/><E1/><V20/><F3/><W120/><G120/><T76/><D49/><U78/><E63/><V112/><F112/><W10/><G10/><T72/><D48/><U115/><E115/><V108/><F26/><W107/><G107/><T128/><D50/><N who="1" m="30871" /><E9/><V2/><F27/><W79/><G79/><T81/><D76/><U125/><E125/><V73/><F2/><W34/><G34/><T109/><D33/><U21/><E13/><V110/><F35/><W130/><G130/><T106/><D128/><U71/><E71/><V17/><F131/><W12/><G12/><T24/><D106/><U93/><E21/><V86/><F129/><W29/><G29/><T6/><D30/><RYUUKYOKU ba="3,2" sc="546,-15,138,15,204,-15,92,15" hai1="37,42,46,62,67,68,78,83,87,93" hai3="15,19,22,55,60,77,82,84,90,92,97,101,102" /><INIT seed="7,4,2,3,2,20" ten="531,153,189,107" oya="3" hai0="59,110,91,62,101,107,102,56,45,29,30,134,113" hai1="115,4,112,129,76,5,58,33,108,100,81,88,66" hai2="63,26,3,128,74,120,31,118,2,126,89,133,124" hai3="94,48,121,61,1,42,69,114,41,64,96,95,135"/><W71/><G121/><T75/><D110/><U52/><E108/><V54/><F118/><W27/><G1/><T37/><D75/><N who="1" m="43167" /><E100/><V85/><F74/><W13/><G135/><T131/><D113/><N who="1" m="43595" /><E129/><V60/><F133/><W46/><G114/><T10/><D45/><U12/><E33/><N who="2" m="20727" /><F128/><W34/><G69/><T6/><D29/><U103/><E103/><V28/><F28/><W50/><G13/><T125/><D56/><U82/><E66/><V106/><F106/><W9/><G9/><T39/><D62/><N who="2" m="23594" /><F54/><W0/><G0/><T116/><D10/><U18/><E88/><V53/><F53/><W87/><G87/><T104/><D30/><U23/><E82/><N who="2" m="49335" /><F120/><W122/><G122/><T24/><D125/><AGARI ba="4,2" hai="2,3,124,125,126" m="49335,23594,20727" machi="125" ten="30,2000,0" yaku="18,1,52,1" doraHai="20" who="2" fromWho="0" sc="531,-32,153,0,189,52,107,0" owari="499,60.0,153,-25.0,241,4.0,107,-39.0" /></mjloggm>