<mjloggm ver="2.3"><GO type="169" lobby="0"/><UN n0="%E3%81%8B%E3%82%8A%E3%82%93%E3%81%95%E3%82%93" n1="%70%69%6E%63%65%72%73" n2="%6E%79%61%73%75%76%69" n3="%E3%83%95%E3%83%84%E3%82%A6%E3%81%AE%E6%81%8B%E3%81%AE%E7%B5%90%E6%9C%AB" dan="18,16,18,17" rate="2208.88,2139.86,2203.68,2186.63" sx="M,M,M,M"/><TAIKYOKU oya="0"/><INIT seed="0,0,0,1,1,88" ten="250,250,250,250" oya="0" hai0="4,89,72,36,21,2,31,39,86,117,97,26,132" hai1="55,99,20,3,43,103,100,102,64,48,85,30,57" hai2="50,19,95,17,96,67,56,133,66,61,74,112,32" hai3="118,28,53,123,15,25,130,7,60,109,58,75,93"/><T5/><D117/><U11/><E43/><V120/><F120/><W107/><G118/><T113/><D113/><U108/><E108/><V46/><F112/><W134/><G107/><T65/><D72/><U23/><E64/><V51/><F133/><W110/><G75/><T94/><D132/><U121/><E121/><V127/><F127/><W82/><G134/><T91/><D65/><U59/><E59/><V34/><F74/><W115/><G115/><T71/><D71/><U83/><E30/><V73/><F73/><W68/><G123/><T16/><D2/><U37/><E37/><V104/><F104/><W54/><G82/><T128/><D128/><U114/><E114/><V10/><F10/><N who="3" m="4575" /><G68/><T45/><D39/><U38/><E38/><V47/><F96/><W116/><G116/><T22/><D45/><U101/><E11/><V84/><F84/><W98/><G130/><T90/><D36/><U29/><E3/><V125/><F56/><W70/><G70/><T81/><D89/><U131/><E131/><V12/><F12/><AGARI ba="0,0" hai="4,5,12,16,21,22,26,31,81,86,90,91,94,97" machi="12" ten="30,11600,0" yaku="7,1,8,1,52,1,54,1" doraHai="88" who="0" fromWho="2" sc="250,116,250,0,250,-116,250,0" /><INIT seed="0,1,0,5,1,126" ten="366,250,134,250" oya="0" hai0="118,49,10,21,121,122,100,67,123,26,117,127,134" hai1="36,116,47,38,104,82,111,50,101,19,95,97,108" hai2="124,85,72,113,25,45,15,58,61,39,99,112,132" hai3="110,30,41,27,131,96,1,74,54,73,128,55,94"/><T22/><D100/><U3/><E116/><N who="0" m="44649" /><D49/><U64/><E3/><V35/><F132/><W5/><G110/><N who="1" m="42026" /><E64/><V12/><F124/><W17/><G41/><T125/><D67/><U51/><E19/><V70/><F25/><W130/><G17/><N who="0" m="12591" /><D134/><U65/><E65/><V75/><F35/><N who="3" m="20959" /><G5/><T93/><D93/><U33/><E33/><V102/><F85/><W13/><G13/><T92/><D92/><U8/><E95/><V28/><F28/><W84/><G84/><T66/><D66/><U62/><E51/><V52/><F99/><W2/><G2/><T71/><D71/><U20/><E82/><V57/><F70/><W91/><G1/><T129/><D10/><U80/><E8/><V16/><F61/><W53/><AGARI ba="1,0" hai="53,54,55,73,74,91,94,96,128,130,131" m="20959" machi="53" ten="40,8000,1" yaku="19,1,52,3" doraHai="126" who="3" fromWho="3" sc="366,-41,250,-21,134,-21,250,83" /><INIT seed="1,0,0,0,3,52" ten="325,229,113,333" oya="1" hai0="123,29,126,127,21,78,26,55,90,38,87,135,5" hai1="111,37,94,56,32,35,16,109,99,100,121,31,95" hai2="133,69,25,27,7,76,108,49,86,8,106,107,36" hai3="40,79,48,134,57,65,120,41,33,53,75,117,80"/><U63/><E37/><V47/><F108/><N who="1" m="41545" /><E121/><V3/><F133/><W104/><G120/><T118/><D123/><U110/><N who="1" m="41553" /><U9/><DORA hai="6" /><E31/><V115/><F69/><W128/><G104/><T67/><D118/><U59/><E94/><V18/><F36/><W64/><G33/><N who="1" m="12874" /><E63/><V124/><F124/><W97/><G117/><T105/><D38/><U13/><AGARI ba="0,0" hai="9,13,16,56,59,95,99,100" m="12874,41553" machi="13" ten="50,18000,2" yaku="14,1,10,1,52,3,54,1" doraHai="52,6" who="1" fromWho="1" sc="325,-60,229,180,113,-60,333,-60" /><INIT seed="1,1,0,4,2,47" ten="265,409,53,273" oya="1" hai0="30,78,110,100,37,98,133,75,16,60,122,119,65" hai1="36,1,0,61,91,135,49,71,131,40,31,14,84" hai2="94,28,82,63,10,64,8,20,127,88,96,113,103" hai3="56,67,86,69,3,62,45,51,44,38,132,87,21"/><U68/><E36/><V115/><F127/><W79/><G3/><T121/><D119/><U25/><E131/><V116/><F116/><W46/><G132/><T32/><D37/><U27/><E135/><V39/><F39/><W118/><G118/><T59/><D133/><U93/><E14/><V111/><F111/><W29/><G79/><T125/><D110/><U42/><E25/><V48/><F113/><W7/><G7/><T117/><D117/><U109/><E109/><V89/><F115/><W53/><REACH who="3" step="1"/><G38/><REACH who="3" ten="265,409,53,263" step="2"/><T58/><D125/><U114/><E0/><V18/><F28/><W126/><G126/><T70/><D122/><U13/><E1/><V24/><F48/><W73/><G73/><T11/><D121/><U4/><E49/><V35/><F35/><W90/><G90/><T85/><D75/><U80/><E91/><V101/><F89/><W34/><G34/><T23/><D32/><U41/><E4/><V9/><REACH who="2" step="1"/><F82/><REACH who="2" ten="265,409,43,263" step="2"/><W81/><G81/><T83/><D30/><U112/><E80/><V107/><F107/><W43/><G43/><T99/><D100/><U26/><E41/><V19/><F19/><W130/><G130/><T95/><D95/><U108/><E40/><V15/><F15/><W5/><G5/><T52/><D83/><U128/><E42/><V12/><F12/><W105/><G105/><T97/><D16/><U76/><E31/><V50/><F50/><W120/><G120/><T104/><D104/><U102/><E114/><V17/><F17/><W74/><G74/><T6/><D6/><U22/><E112/><V33/><F33/><RYUUKYOKU ba="1,2" sc="265,-15,409,-15,43,15,263,15" hai2="8,9,10,18,20,24,63,64,88,94,96,101,103" hai3="21,29,44,45,46,51,53,56,62,67,69,86,87" /><INIT seed="2,2,2,3,1,51" ten="250,394,58,278" oya="2" hai0="96,25,15,107,130,53,5,133,26,32,118,60,89" hai1="92,90,110,6,7,8,59,27,74,19,49,94,111" hai2="36,124,56,105,72,50,58,135,95,99,97,104,9" hai3="34,47,64,86,117,112,30,38,82,128,31,131,77"/><V2/><F36/><W100/><G117/><T55/><D118/><U57/><E74/><V68/><F72/><W21/><G34/><T98/><D133/><U67/><E57/><V41/><F68/><W3/><G3/><T61/><D130/><N who="3" m="49705" /><G112/><T65/><D32/><U62/><E49/><V13/><F2/><W75/><G100/><T113/><D113/><U18/><E27/><N who="0" m="10249" /><D107/><U4/><E92/><V106/><F135/><W85/><G64/><T120/><D120/><U116/><E116/><V122/><F122/><W108/><G108/><N who="1" m="41514" /><E8/><V0/><F106/><W93/><G21/><T127/><D127/><U115/><E115/><V10/><F105/><W78/><G78/><T12/><D65/><U69/><E69/><V52/><F124/><W63/><G63/><N who="0" m="24139" /><D5/><U11/><E11/><V134/><F9/><W22/><G22/><T16/><D89/><U20/><E20/><V91/><F0/><W87/><G93/><T114/><D114/><U24/><E24/><V102/><F134/><W40/><AGARI ba="2,2" hai="30,31,38,40,47,75,77,82,85,86,87" m="49705" machi="40" ten="40,1500,0" yaku="19,1" doraHai="51" who="3" fromWho="3" sc="250,-6,394,-6,58,-9,278,41" /><INIT seed="3,0,0,0,4,6" ten="244,388,49,319" oya="3" hai0="70,45,42,50,116,25,121,92,24,102,54,40,131" hai1="51,78,103,84,127,130,13,120,48,61,18,15,86" hai2="27,43,31,60,79,113,37,119,74,63,110,96,55" hai3="132,3,47,38,8,105,83,111,107,22,62,35,80"/><W49/><G35/><T10/><D121/><U14/><E120/><V108/><F74/><W135/><G38/><T95/><D116/><U88/><E130/><V33/><F79/><W76/><G62/><T44/><D70/><U90/><E127/><V128/><F119/><W81/><G76/><T134/><D134/><N who="3" m="51241" /><G22/><T77/><D77/><U91/><E103/><V133/><F37/><W5/><G111/><T87/><D131/><U16/><E61/><V32/><F128/><W36/><G36/><T82/><D82/><N who="3" m="20993" /><W124/><DORA hai="39" /><G124/><T68/><D68/><U67/><E67/><V30/><F133/><W101/><G101/><T118/><D118/><U34/><E34/><V99/><F113/><W104/><G104/><T94/><D102/><U71/><E71/><V85/><F27/><N who="0" m="10314" /><D87/><N who="1" m="33323" /><E78/><V21/><F85/><W29/><G29/><T17/><D45/><U112/><E112/><V75/><F21/><W52/><AGARI ba="0,0" hai="3,5,8,47,49,52,105,107" m="20993,51241" machi="52" ten="40,7800,0" yaku="20,1,52,1,54,1" doraHai="6,39" who="3" fromWho="3" sc="244,-26,388,-26,49,-26,319,78" /><INIT seed="3,1,0,2,3,75" ten="218,362,23,397" oya="3" hai0="48,125,101,109,103,46,25,88,50,53,111,105,15" hai1="5,20,110,16,83,61,107,80,6,115,42,124,0" hai2="3,35,33,52,87,36,133,30,76,94,45,127,55" hai3="85,84,69,28,113,131,70,63,71,64,49,38,40"/><W114/><G28/><T122/><D122/><U97/><E110/><N who="0" m="41993" /><D125/><U26/><E115/><N who="3" m="44042" /><G85/><T81/><D105/><U23/><E124/><V120/><F3/><W17/><G84/><N who="0" m="50191" /><D25/><N who="1" m="14471" /><E0/><V129/><F30/><W56/><G17/><T95/><D95/><U12/><E107/><V18/><F94/><W51/><G131/><T91/><D91/><U100/><E42/><N who="2" m="22727" /><F18/><W19/><G19/><T27/><D50/><U11/><E6/><V43/><F43/><W39/><G51/><T92/><D92/><N who="1" m="58407" /><E61/><V116/><F127/><W134/><G134/><T79/><D15/><U93/><E93/><V119/><F133/><W37/><G49/><T65/><D27/><U13/><E13/><V66/><F129/><W128/><G128/><T24/><D24/><U72/><E72/><V117/><F117/><W31/><G31/><AGARI ba="1,0" hai="5,11,12,23,26,31,80,83" m="58407,14471" machi="31" ten="30,2000,0" yaku="8,1,54,1" doraHai="75" who="1" fromWho="3" sc="218,0,362,23,23,0,397,-23" /><INIT seed="4,0,0,2,3,28" ten="218,385,23,374" oya="0" hai0="31,7,41,94,34,89,8,99,29,23,62,100,134" hai1="98,101,64,71,55,39,128,24,42,58,80,104,83" hai2="65,86,113,116,22,112,122,77,81,84,52,70,126" hai3="4,54,114,129,88,33,17,5,91,67,0,48,2"/><T45/><D134/><U30/><E128/><V97/><F70/><W14/><G67/><T82/><D23/><U69/><E69/><V35/><F65/><W127/><G129/><T85/><D62/><N who="1" m="40343" /><E42/><V19/><F126/><W132/><G132/><T111/><D111/><U50/><E39/><V125/><F125/><W73/><G73/><T1/><REACH who="0" step="1"/><D34/><AGARI ba="0,0" hai="24,30,34,50,55,58,80,83,98,101,104" m="40343" machi="34" ten="30,2000,0" yaku="25,1,52,1" doraHai="28" who="1" fromWho="0" sc="218,-20,385,20,23,0,374,0" /><INIT seed="5,0,0,5,5,135" ten="198,405,23,374" oya="1" hai0="28,112,72,68,50,0,29,119,11,10,38,85,100" hai1="104,54,55,86,47,82,97,37,66,107,87,39,67" hai2="45,56,102,9,33,21,126,95,7,91,6,15,84" hai3="101,93,78,121,89,88,1,25,111,4,75,115,80"/><U96/><REACH who="1" step="1"/><E47/><REACH who="1" ten="198,395,23,374" step="2"/><V60/><F33/><W62/><G121/><T16/><D119/><U103/><E103/><V48/><F126/><W20/><G101/><T118/><D100/><U35/><E35/><V98/><F21/><W63/><G20/><T51/><D118/><U17/><E17/><V18/><F56/><W123/><G123/><T130/><D16/><U92/><E92/><V69/><F69/><W8/><G93/><T59/><D59/><U79/><E79/><V117/><F117/><W27/><G78/><T41/><D68/><U113/><E113/><V116/><F116/><W131/><G115/><T108/><D112/><U13/><E13/><V34/><F34/><W74/><G1/><T71/><D0/><U90/><E90/><V12/><F12/><W127/><G89/><T43/><D71/><U65/><E65/><V61/><F6/><W52/><G4/><T64/><D64/><U106/><E106/><V81/><REACH who="2" step="1"/><F7/><REACH who="2" ten="198,395,13,374" step="2"/><W3/><G127/><T31/><D10/><U129/><E129/><V124/><F124/><W46/><G131/><T122/><D11/><U2/><E2/><V133/><F133/><W83/><G8/><T73/><D130/><U58/><E58/><V57/><F57/><W40/><G3/><T14/><D14/><U49/><E49/><V53/><AGARI ba="0,2" hai="9,15,18,45,48,53,60,61,81,84,91,95,98,102" machi="53" ten="20,12000,2" yaku="1,1,0,1,7,1,25,2,8,1,53,0" doraHai="135" doraHaiUra="30" who="2" fromWho="2" sc="198,-30,395,-60,13,140,374,-30" /><INIT seed="6,0,0,4,2,59" ten="168,335,153,344" oya="2" hai0="24,73,41,14,114,121,86,88,84,69,37,13,89" hai1="48,53,106,25,26,65,63,93,39,104,70,67,132" hai2="2,80,117,60,124,75,101,83,95,111,72,129,23" hai3="15,18,0,7,74,123,107,38,47,8,12,5,30"/><V134/><F2/><W115/><G107/><T16/><D73/><N who="2" m="28234" /><F23/><W11/><G74/><T130/><D121/><U28/><E39/><V108/><F60/><W112/><G47/><T62/><D130/><U22/><E65/><V43/><F43/><W58/><G38/><T81/><D114/><N who="3" m="43561" /><G58/><T109/><D109/><N who="2" m="42058" /><F117/><W1/><G123/><T6/><D37/><U120/><E120/><V17/><F17/><N who="3" m="8327" /><G30/><T21/><D41/><U125/><E125/><V99/><F129/><W100/><G100/><T32/><D32/><U126/><E126/><V71/><F71/><W78/><G78/><T82/><D6/><AGARI ba="0,0" hai="0,1,5,6,7,11,15,18" m="8327,43561" machi="6" ten="30,7700,0" yaku="15,1,11,1,34,2" doraHai="59" who="3" fromWho="0" sc="168,-77,335,0,153,0,344,77" /><INIT seed="7,0,0,1,3,46" ten="91,335,153,421" oya="3" hai0="126,103,101,86,130,125,1,23,17,80,94,98,57" hai1="116,14,127,0,39,18,32,96,9,2,16,12,58" hai2="70,93,50,42,41,63,85,61,34,6,124,7,44" hai3="26,110,59,91,27,73,123,69,111,11,108,8,62"/><W74/><G123/><T113/><D1/><U134/><E39/><V29/><F34/><W115/><G69/><T33/><D33/><U118/><E96/><V20/><F124/><W83/><G115/><T55/><D130/><U106/><E106/><V129/><F129/><W99/><G99/><T64/><D113/><U30/><E58/><V135/><F135/><W75/><G91/><T66/><D103/><U112/><E112/><V107/><F42/><W84/><G83/><T72/><D72/><U51/><E51/><V81/><F93/><W3/><G84/><T132/><D132/><U65/><E65/><V35/><F35/><W102/><G102/><T56/><D126/><U120/><E127/><V105/><F70/><W21/><G3/><N who="1" m="1066" /><E134/><V10/><F10/><N who="3" m="3627" /><G21/><T45/><D125/><U52/><E52/><AGARI ba="0,0" hai="26,27,52,59,62,73,74,75,108,110,111" m="3627" machi="52" ten="40,3900,0" yaku="10,1,54,1" doraHai="46" who="3" fromWho="1" sc="91,0,335,-39,153,0,421,39" owari="91,-41.0,296,10.0,153,-25.0,460,56.0" /></mjloggm>