<mjloggm ver="2.3"><GO type="185" lobby="0"/><UN n0="%E6%B0%B7%E3%81%AE%4B" n1="%E3%81%BF%E3%83%BC%E3%82%8F" n2="%41%2E%4B%39%6D%65%63" n3="" dan="16,17,18,0" rate="2102.96,2219.34,2374.37,1500.00" sx="M,M,M,C"/><TAIKYOKU oya="0"/><INIT seed="0,0,0,5,0,60" ten="350,350,350,0" oya="0" hai0="103,105,112,81,132,59,102,106,40,96,129,133,42" hai1="32,46,98,50,90,68,67,62,63,135,66,111,54" hai2="130,36,108,44,92,77,100,97,114,113,119,76,35" hai3=""/><T126/><D112/><U87/><E32/><V128/><F35/><T65/><D129/><N who="2" m="49770" /><F108/><T34/><D34/><U37/><E111/><V127/><F127/><T122/><N who="0" m="31264" /><T51/><D126/><U69/><E135/><N who="0" m="51785" /><D81/><U55/><E98/><V75/><F119/><T131/><D131/><U38/><REACH who="1" step="1"/><E55/><REACH who="1" ten="350,340,350,0" step="2"/><V84/><F114/><T0/><D0/><U110/><E110/><V116/><F113/><T121/><N who="0" m="31008" /><T48/><D40/><U107/><E107/><N who="0" m="40969" /><D42/><U73/><E73/><V64/><F75/><T120/><N who="0" m="30752" /><T95/><D103/><U79/><E79/><V86/><F77/><T72/><D72/><U118/><E118/><V39/><F76/><T49/><D65/><U88/><E88/><V41/><F116/><T45/><D45/><U94/><AGARI ba="0,1" hai="37,38,46,50,54,62,63,66,67,68,69,87,90,94" machi="94" ten="20,9000,2" yaku="1,1,0,1,7,1,9,1,52,2,53,0" doraHai="60" doraHaiUra="2" who="1" fromWho="1" sc="350,-60,340,100,350,-30,0,0" /><INIT seed="1,0,0,4,0,38" ten="290,440,320,0" oya="1" hai0="94,32,55,0,39,64,89,121,118,102,120,83,111" hai1="2,84,63,101,66,79,116,81,98,126,122,51,40" hai2="65,1,54,77,58,127,41,119,50,115,96,62,87" hai3=""/><U71/><N who="1" m="31264" /><U110/><E116/><V34/><F119/><T93/><N who="0" m="30752" /><T124/><N who="0" m="31008" /><T88/><D118/><U117/><E117/><V128/><F34/><T75/><D0/><U100/><E2/><V37/><F1/><T70/><D32/><U36/><E126/><V74/><F74/><T95/><D39/><U3/><E3/><V33/><F33/><T42/><D124/><U82/><E110/><V104/><F115/><T114/><D114/><U44/><E98/><V109/><F109/><T108/><D42/><U45/><REACH who="1" step="1"/><E82/><REACH who="1" ten="290,430,320,0" step="2"/><V125/><F96/><T46/><D111/><U61/><E61/><V76/><F62/><T103/><D108/><U80/><E80/><V112/><F125/><T72/><D83/><U85/><E85/><V60/><F87/><T48/><D72/><U91/><E91/><V53/><BYE who="0" /><F127/><T131/><D131/><U67/><E67/><V86/><F128/><T69/><D69/><U52/><AGARI ba="0,1" hai="36,40,44,45,51,52,63,66,71,79,81,84,100,101" m="31264" machi="52" ten="20,12000,2" yaku="1,1,0,1,7,1,52,2,54,1,53,0" doraHai="38" doraHaiUra="133" who="1" fromWho="1" sc="290,-60,430,130,320,-60,0,0" /><INIT seed="1,1,0,0,5,99" ten="230,560,260,0" oya="1" hai0="34,117,132,61,75,83,100,106,60,92,98,108,46" hai1="127,97,104,47,42,36,73,123,102,85,130,3,56" hai2="129,119,54,87,62,32,120,133,81,35,66,52,37" hai3=""/><U91/><N who="1" m="31520" /><U125/><E3/><V113/><N who="2" m="30752" /><V82/><F119/><T118/><D118/><U68/><E73/><V109/><F109/><T45/><D45/><U126/><E68/><V44/><F129/><T1/><D1/><U101/><E130/><V88/><F133/><T86/><D86/><U121/><N who="1" m="31008" /><U59/><REACH who="1" step="1"/><E101/><REACH who="1" ten="230,550,260,0" step="2"/><UN n0="%E6%B0%B7%E3%81%AE%4B" /><V96/><F32/><T77/><D34/><U110/><E110/><V76/><F35/><T93/><D108/><U103/><E103/><V2/><F2/><T94/><D117/><U57/><E57/><V112/><F112/><T63/><D46/><U40/><E40/><V111/><F113/><T89/><REACH who="0" step="1"/><D132/><REACH who="0" ten="220,550,260,0" step="2"/><U65/><E65/><V0/><F0/><T79/><D79/><U69/><E69/><V105/><F111/><T74/><D74/><U38/><E38/><V50/><F37/><T70/><D70/><U48/><E48/><V135/><F135/><T64/><D64/><U128/><E128/><V71/><F71/><T122/><N who="0" m="31264" /><T131/><D131/><U115/><E115/><V33/><F33/><T55/><D55/><U39/><E39/><V84/><F66/><T41/><D41/><U51/><E51/><V67/><F67/><T58/><D58/><RYUUKYOKU ba="1,2" sc="220,10,550,10,260,-20,0,0" hai0="60,61,63,75,77,83,89,92,93,94,98,100,106" hai1="36,42,47,56,59,85,91,97,102,104,125,126,127" /><INIT seed="1,2,2,1,1,62" ten="230,560,240,0" oya="1" hai0="65,43,72,101,118,95,86,74,34,3,35,132,98" hai1="99,133,66,92,42,39,32,100,70,135,50,88,104" hai2="110,69,44,114,93,56,55,107,91,73,63,77,116" hai3=""/><U64/><E32/><V78/><F107/><T54/><D3/><U121/><N who="1" m="31008" /><U81/><E39/><V126/><F116/><T97/><D118/><U68/><E81/><V58/><F110/><T94/><D132/><N who="1" m="50763" /><E42/><V60/><F126/><T40/><D54/><U131/><E131/><V103/><F103/><T127/><D127/><U36/><E36/><V47/><F69/><N who="1" m="26729" /><E50/><V59/><F114/><T102/><REACH who="0" step="1"/><D86/><AGARI ba="2,2" hai="64,66,86,88,92,99,100,104" m="26729,50763,31008" machi="86" ten="30,12000,1" yaku="20,1,52,3,54,1" doraHai="62" who="1" fromWho="0" sc="230,-124,560,144,240,0,0,0" /><INIT seed="1,3,0,3,3,133" ten="106,704,240,0" oya="1" hai0="105,71,76,114,106,60,66,36,89,134,128,101,86" hai1="80,56,84,70,88,65,45,68,74,112,83,47,92" hai2="107,75,59,42,62,95,90,41,132,111,119,127,113" hai3=""/><U73/><E112/><V33/><F33/><T125/><D134/><U46/><E56/><V54/><F119/><T72/><D114/><U124/><E124/><V57/><F107/><T135/><D135/><U120/><N who="1" m="30752" /><U102/><E83/><V81/><F111/><T82/><D125/><U51/><E51/><V69/><F69/><T91/><D128/><U103/><E74/><V93/><F113/><T87/><D36/><U0/><E0/><V117/><F117/><T48/><D48/><U108/><E108/><V52/><F127/><T43/><D43/><U32/><E32/><V97/><F132/><T115/><D115/><U94/><E70/><V85/><F75/><T121/><N who="0" m="31008" /><T39/><D39/><U40/><E40/><V130/><F130/><T96/><REACH who="0" step="1"/><D106/><REACH who="0" ten="96,704,240,0" step="2"/><U123/><N who="1" m="31520" /><U3/><E3/><V2/><F2/><T64/><D64/><U67/><E67/><V78/><F42/><T110/><D110/><U99/><E65/><V53/><F41/><T38/><D38/><U44/><E44/><V131/><F131/><T100/><D100/><U116/><E103/><V126/><F126/><T122/><N who="0" m="31264" /><T129/><D129/><U49/><E102/><V55/><F55/><T63/><D63/><RYUUKYOKU ba="3,1" sc="96,20,704,-10,240,-10,0,0" hai0="60,66,71,72,76,82,86,87,89,91,96,101,105" /><INIT seed="2,4,1,5,0,32" ten="116,694,230,0" oya="2" hai0="36,95,62,49,38,102,92,82,133,53,107,126,41" hai1="39,44,56,106,134,105,135,73,112,119,108,60,64" hai2="98,110,57,55,50,86,99,116,97,84,46,71,132" hai3=""/><V72/><F116/><T87/><D133/><N who="1" m="50699" /><E112/><V1/><F132/><T69/><D126/><U52/><E108/><V121/><N who="2" m="31008" /><V68/><F72/><T118/><D118/><U61/><E73/><V113/><F113/><T104/><D69/><U115/><E115/><V120/><N who="2" m="30752" /><V66/><F110/><T129/><D62/><U47/><E119/><V42/><F1/><T94/><D129/><U91/><E91/><V75/><F75/><T124/><D124/><U79/><E79/><V3/><F3/><T81/><D102/><U40/><E47/><V127/><F127/><T51/><D41/><U54/><E54/><V67/><F68/><AGARI ba="4,1" hai="39,40,44,52,56,60,61,64,68,105,106" m="50699" machi="68" ten="30,2000,0" yaku="20,1,54,1" doraHai="32" who="1" fromWho="2" sc="116,0,694,38,230,-28,0,0" /><INIT seed="4,0,0,1,4,99" ten="116,732,202,0" oya="0" hai0="51,42,89,63,80,52,78,38,110,117,76,68,119" hai1="36,3,84,54,57,125,53,130,56,93,123,33,59" hai2="105,128,67,50,134,91,112,102,118,126,98,37,0" hai3=""/><T86/><D110/><U44/><N who="1" m="31520" /><U85/><E3/><V104/><F0/><T60/><D38/><U35/><E125/><V65/><F37/><T69/><D42/><U83/><E130/><V70/><F128/><T64/><D76/><U58/><E35/><V122/><N who="2" m="31264" /><V73/><F73/><T121/><N who="0" m="31008" /><T95/><D63/><U94/><E58/><V49/><F112/><T2/><D69/><U74/><E74/><V46/><F134/><T77/><D2/><U88/><E33/><V87/><F105/><T101/><D78/><U131/><E131/><V90/><F126/><T45/><REACH who="0" step="1"/><D101/><REACH who="0" ten="106,732,202,0" step="2"/><U66/><E36/><V120/><N who="2" m="30752" /><V92/><F70/><T129/><D129/><U40/><E40/><V79/><F79/><T71/><D71/><U109/><E109/><V47/><F91/><T96/><AGARI ba="0,1" hai="45,51,52,60,64,68,77,80,86,89,95,96,117,119" m="31008" machi="96" ten="20,12000,2" yaku="1,1,0,1,7,1,52,1,54,1,53,1" doraHai="99" doraHaiUra="72" who="0" fromWho="0" sc="106,130,732,-60,202,-60,0,0" /><INIT seed="4,1,0,0,4,74" ten="236,672,142,0" oya="0" hai0="89,67,125,32,128,65,105,94,131,98,107,93,122" hai1="53,56,79,33,123,37,62,51,44,120,88,69,36" hai2="110,132,68,134,1,104,48,60,54,71,82,133,117" hai3=""/><T41/><N who="0" m="31264" /><T85/><D32/><U39/><N who="1" m="30752" /><U70/><N who="1" m="31520" /><U45/><E88/><V90/><F1/><T99/><D41/><U40/><E79/><V73/><F110/><T96/><D125/><U57/><E33/><V95/><F104/><N who="0" m="40010" /><D65/><U108/><E108/><V46/><F117/><T0/><D67/><U72/><E72/><V43/><F73/><T66/><D66/><U135/><E135/><V97/><F82/><T127/><D0/><U42/><E36/><V3/><F3/><T109/><D109/><U92/><E92/><N who="0" m="35433" /><D127/><U2/><E2/><V63/><F43/><T112/><D112/><U52/><AGARI ba="1,0" hai="37,39,40,42,44,45,51,52,53,56,57,62,69,70" m="31520,30752" machi="52" ten="20,18000,4" yaku="0,1,7,1,9,1,35,6,52,2,54,1" doraHai="74" who="1" fromWho="1" sc="236,-121,672,182,142,-61,0,0" /><INIT seed="5,0,0,5,1,38" ten="115,854,81,0" oya="1" hai0="93,47,71,101,67,66,49,0,59,76,104,118,103" hai1="122,65,57,50,62,113,33,60,106,34,79,95,125" hai2="55,117,111,130,128,78,131,70,121,119,68,97,98" hai3=""/><U39/><N who="1" m="31264" /><U75/><E106/><V123/><N who="2" m="31008" /><V44/><N who="2" m="31520" /><V3/><F111/><T58/><D0/><U52/><E113/><V99/><F78/><T109/><D118/><N who="2" m="45066" /><F3/><T96/><D109/><U69/><E125/><V127/><F127/><T83/><D103/><U90/><E39/><V114/><F114/><T134/><D104/><U42/><E42/><V32/><F32/><T115/><D115/><U120/><N who="1" m="30752" /><U41/><E41/><V36/><F36/><T126/><D126/><U100/><E100/><V102/><F102/><T2/><D2/><U35/><E62/><V73/><F73/><T61/><D134/><U110/><E110/><V48/><AGARI ba="0,0" hai="44,48,55,68,70,97,98,99,128,130,131" m="45066,31520,31008" machi="48" ten="40,3900,0" yaku="19,1,52,2" doraHai="38" who="2" fromWho="2" sc="115,-13,854,-26,81,39,0,0" /><INIT seed="6,0,0,4,1,43" ten="102,828,120,0" oya="2" hai0="73,87,94,95,53,57,38,124,113,131,84,0,106" hai1="92,35,44,59,47,69,122,37,85,90,133,55,86" hai2="97,127,118,126,104,98,107,54,116,132,36,49,42" hai3=""/><V63/><F63/><T70/><D0/><U100/><N who="1" m="31264" /><U128/><E69/><V80/><F42/><T88/><D70/><U134/><E128/><V93/><F36/><T1/><D1/><U114/><E114/><V3/><F3/><T101/><D131/><U33/><E100/><V64/><F64/><T40/><D113/><U119/><E119/><N who="2" m="45611" /><F132/><N who="1" m="50793" /><E85/><V50/><F98/><T120/><N who="0" m="30752" /><T32/><D32/><N who="1" m="12363" /><E37/><V81/><F97/><T83/><D73/><U39/><E39/><V115/><F115/><T72/><D72/><U89/><E89/><V108/><F126/><T109/><D124/><U110/><E110/><V58/><F108/><T105/><D109/><U111/><E111/><V117/><F127/><T99/><D87/><U34/><N who="1" m="12371" /><U41/><DORA hai="61" /><E41/><V2/><F2/><T78/><D40/><U82/><E82/><V71/><F71/><T60/><D38/><U103/><E103/><V77/><F81/><T74/><AGARI ba="0,0" hai="53,57,60,74,78,83,84,88,94,95,99,101,105,106" m="30752" machi="74" ten="20,3900,0" yaku="0,1,7,1,52,1,54,1" doraHai="43,61" who="0" fromWho="0" sc="102,39,828,-13,120,-26,0,0" owari="141,-26.0,815,77.0,94,-51.0,0,0.0" /></mjloggm>