<mjloggm ver="2.3"><GO type="185" lobby="0"/><UN n0="%68%69%72%6F%6E%6E%32%30" n1="%E3%82%B3%E3%82%B3%E3%82%A2%E3%81%AF%E4%BF%BA%E3%81%AE%E5%AB%81" n2="%63%61%6C%63%2E" n3="" dan="17,17,19,0" rate="2202.77,2208.29,2352.35,1500.00" sx="M,F,M,C"/><TAIKYOKU oya="0"/><INIT seed="0,0,0,0,5,67" ten="350,350,350,0" oya="0" hai0="46,123,112,84,48,97,37,86,49,132,76,36,62" hai1="99,105,95,109,38,120,72,55,61,117,34,45,66" hai2="78,103,77,41,32,51,0,96,116,106,35,119,111" hai3=""/><T92/><N who="0" m="31520" /><T125/><D112/><U128/><N who="1" m="30752" /><U98/><E117/><N who="2" m="45131" /><F111/><T81/><D132/><U93/><E34/><N who="2" m="12843" /><F0/><T115/><D125/><U56/><E109/><V57/><F57/><T33/><D33/><U118/><E118/><V135/><F135/><T64/><D115/><U121/><N who="1" m="31008" /><U75/><E128/><V40/><F51/><T52/><D84/><U131/><E131/><V101/><F103/><T2/><D49/><U65/><E105/><V47/><F47/><T63/><D63/><U91/><E65/><V42/><AGARI ba="0,0" hai="40,41,42,77,78,96,101,106" m="12843,45131" machi="42" ten="40,1100,0" yaku="12,1" doraHai="67" who="2" fromWho="2" sc="350,-7,350,-4,350,11,0,0" /><INIT seed="1,0,0,1,0,84" ten="343,346,361,0" oya="1" hai0="75,123,49,115,107,104,95,1,33,89,122,105,45" hai1="39,96,3,46,108,79,82,37,112,98,128,55,91" hai2="87,102,71,100,97,110,99,54,93,60,41,69,127" hai3=""/><U109/><E3/><V61/><F110/><N who="1" m="42601" /><E112/><V62/><F127/><T36/><N who="0" m="31264" /><T133/><N who="0" m="31520" /><T94/><D115/><U77/><E128/><V51/><F41/><T129/><D33/><U63/><E77/><V72/><F72/><T120/><N who="0" m="30752" /><T58/><D75/><U42/><E37/><V85/><F71/><T121/><N who="0" m="31008" /><T117/><D1/><U50/><E63/><V116/><F69/><T44/><D129/><U70/><E70/><V106/><REACH who="2" step="1"/><F116/><REACH who="2" ten="343,346,351,0" step="2"/><T88/><D117/><U131/><E131/><V40/><F40/><T125/><D125/><U52/><E55/><V134/><F134/><T38/><D133/><U111/><E111/><V64/><F64/><T124/><D124/><U48/><E39/><V80/><F80/><T119/><D119/><U65/><E65/><V2/><F2/><T47/><D36/><U132/><E132/><V59/><AGARI ba="0,1" hai="51,54,59,60,61,62,85,87,93,97,99,100,102,106" machi="59" ten="30,5900,0" yaku="1,1,0,1,53,2" doraHai="84" doraHaiUra="81" who="2" fromWho="2" sc="343,-20,346,-39,351,69,0,0" /><INIT seed="2,0,0,2,5,63" ten="323,307,420,0" oya="2" hai0="1,124,104,56,39,118,43,86,91,50,53,92,37" hai1="125,41,45,83,110,61,66,82,114,97,123,121,73" hai2="95,54,68,126,77,57,48,75,44,116,2,105,81" hai3=""/><V80/><F105/><T93/><D118/><U67/><N who="1" m="31008" /><U120/><N who="1" m="30752" /><U84/><N who="1" m="31520" /><U101/><E114/><V99/><F116/><T79/><D1/><U134/><E110/><V47/><F2/><T35/><D124/><U38/><E125/><V58/><F68/><T119/><D119/><U89/><E134/><V85/><F126/><T69/><D35/><U106/><REACH who="1" step="1"/><E61/><REACH who="1" ten="323,297,420,0" step="2"/><V100/><REACH who="2" step="1"/><F44/><REACH who="2" ten="323,297,410,0" step="2"/><T62/><D104/><U76/><AGARI ba="0,2" hai="38,41,45,66,67,73,76,82,83,84,89,97,101,106" m="31520,30752,31008" machi="76" ten="30,12000,3" yaku="1,1,2,1,0,1,52,5,53,0" doraHai="63" doraHaiUra="128" who="1" fromWho="1" sc="323,-40,297,140,410,-80,0,0" /><INIT seed="4,0,0,2,0,134" ten="283,437,330,0" oya="0" hai0="43,67,119,59,95,34,88,87,48,124,102,135,71" hai1="33,44,57,74,40,101,45,104,112,54,133,90,3" hai2="91,55,81,51,50,84,123,96,38,41,94,1,89" hai3=""/><T132/><D119/><U100/><E3/><V110/><N who="2" m="31520" /><V49/><F1/><T113/><D34/><U129/><E33/><V42/><F110/><T75/><D75/><U0/><E0/><V61/><F38/><T35/><D35/><U52/><E133/><V60/><REACH who="2" step="1"/><F55/><REACH who="2" ten="283,437,320,0" step="2"/><T63/><D135/><U70/><E54/><V128/><F128/><T116/><D132/><U68/><E129/><V69/><F69/><T73/><D116/><U130/><E130/><V78/><F78/><T131/><D131/><U97/><E68/><V98/><F98/><T53/><D113/><U107/><E97/><V115/><F115/><T108/><D108/><U82/><E112/><V120/><N who="2" m="30752" /><V36/><F36/><T79/><D102/><U83/><E70/><V66/><F66/><T76/><D76/><U2/><E2/><V103/><F103/><T121/><N who="0" m="31008" /><T47/><D79/><U85/><E101/><V126/><F126/><T114/><D114/><U99/><E100/><V86/><F86/><T32/><D32/><U65/><E85/><V109/><F109/><T80/><D124/><U122/><E99/><V39/><F39/><T93/><D73/><U127/><E74/><V77/><F77/><T46/><D71/><RYUUKYOKU ba="0,1" sc="283,10,437,-20,320,10,0,0" hai0="43,46,47,48,53,59,63,67,80,87,88,93,95" hai2="41,42,49,50,51,60,61,81,84,89,91,94,96" /><INIT seed="4,1,1,4,0,80" ten="293,417,330,0" oya="0" hai0="109,85,133,49,81,86,102,134,54,123,44,115,76" hai1="125,51,59,103,72,98,130,104,101,2,113,94,64" hai2="69,122,131,83,63,117,112,65,39,47,118,67,38" hai3=""/><T52/><N who="0" m="31520" /><T70/><D115/><U34/><E113/><V129/><N who="2" m="31264" /><V99/><F112/><T108/><D70/><U62/><E2/><V119/><F99/><T33/><D102/><U58/><E34/><V60/><F83/><T90/><D54/><U111/><E72/><V46/><F118/><T35/><D35/><U87/><E111/><N who="0" m="42569" /><D33/><U105/><E130/><V42/><F42/><T41/><D41/><U114/><E114/><V56/><F56/><T126/><D126/><U61/><E125/><V92/><F92/><AGARI ba="1,1" hai="44,49,52,76,81,85,86,90,92,133,134" m="42569,31520" machi="92" ten="30,12000,1" yaku="10,1,52,3,54,1" doraHai="80" who="0" fromWho="2" sc="293,132,417,0,330,-122,0,0" /><INIT seed="4,2,0,5,5,0" ten="425,417,208,0" oya="0" hai0="92,58,131,130,52,45,126,120,79,46,133,85,72" hai1="93,125,63,66,83,96,114,50,35,70,76,32,124" hai2="62,64,134,88,101,60,121,41,113,74,54,47,99" hai3=""/><T127/><N who="0" m="30752" /><T94/><D72/><U87/><E114/><V36/><N who="2" m="31008" /><V38/><F113/><T33/><D33/><U89/><REACH who="1" step="1"/><E50/><REACH who="1" ten="425,407,208,0" step="2"/><V108/><F36/><T110/><D110/><U122/><N who="1" m="31264" /><U1/><E1/><V90/><F108/><T56/><D133/><U67/><E67/><V95/><F134/><T37/><D37/><U132/><E132/><V49/><F74/><T3/><D3/><U39/><E39/><V97/><F64/><T98/><D127/><AGARI ba="2,1" hai="32,35,63,66,70,76,83,87,89,93,96,124,125,127" m="31264" machi="127" ten="40,8000,1" yaku="1,1,18,1,52,3,53,0" doraHai="0" doraHaiUra="34" who="1" fromWho="0" sc="425,-84,407,94,208,0,0,0" /><INIT seed="5,0,0,1,2,47" ten="341,501,208,0" oya="1" hai0="51,81,135,69,118,88,110,108,64,56,79,78,1" hai1="127,34,3,52,48,57,54,33,85,122,50,55,60" hai2="38,35,129,95,97,128,2,37,58,124,80,67,39" hai3=""/><U91/><N who="1" m="31264" /><U41/><E3/><V131/><F2/><T68/><D1/><U87/><E127/><V75/><F35/><T134/><D118/><U83/><E41/><V89/><F124/><T96/><D64/><U86/><E33/><V120/><N who="2" m="30752" /><V98/><F97/><T45/><D56/><U42/><E34/><V121/><N who="2" m="31008" /><V46/><F75/><T105/><D105/><U104/><E104/><V84/><F67/><T114/><D114/><U43/><E43/><V40/><REACH who="2" step="1"/><F58/><REACH who="2" ten="341,501,198,0" step="2"/><T102/><D69/><U70/><E70/><V130/><N who="2" m="32768" /><DORA hai="117" /><V123/><N who="2" m="31520" /><V116/><F116/><T115/><D68/><U72/><E72/><V36/><F36/><T32/><D32/><U99/><E99/><V106/><F106/><T103/><D115/><U65/><E42/><V109/><F109/><T63/><D108/><U62/><E65/><V74/><F74/><T53/><D110/><U93/><E57/><V111/><F111/><T66/><D66/><U119/><E119/><V107/><F107/><T92/><D96/><U44/><E86/><V133/><F133/><T126/><D126/><U94/><E87/><V125/><F125/><T112/><D135/><U101/><E85/><V100/><AGARI ba="0,1" hai="37,38,39,40,46,80,84,89,95,98,100" m="31520,32768,31008,30752" machi="100" ten="60,24000,5" yaku="1,1,5,1,0,1,19,1,52,6,53,3" doraHai="47,117" doraHaiUra="132,71" who="2" fromWho="2" sc="341,-80,501,-160,198,250,0,0" /><INIT seed="6,0,0,0,3,62" ten="261,341,448,0" oya="2" hai0="38,56,106,70,100,84,82,107,75,39,119,32,105" hai1="93,58,111,44,63,128,85,80,42,97,130,118,112" hai2="64,88,37,95,61,46,113,92,86,79,40,77,36" hai3=""/><V45/><F113/><T131/><D119/><U55/><E118/><V101/><F101/><T47/><D32/><U135/><E111/><V115/><F115/><T35/><D35/><U81/><E112/><V66/><F92/><T99/><D131/><U124/><E124/><V49/><F64/><T65/><D56/><U1/><E1/><V133/><F133/><T132/><D84/><U57/><E135/><V43/><F36/><T90/><D90/><U87/><E128/><V126/><F126/><T127/><D127/><U78/><E130/><V125/><F125/><T72/><D132/><U34/><E34/><V102/><F102/><T41/><D38/><U33/><E33/><V109/><F109/><T2/><D2/><U54/><E44/><V74/><F74/><T98/><D98/><U114/><E42/><V69/><AGARI ba="0,0" hai="37,40,43,45,46,49,61,66,69,77,79,86,88,95" machi="69" ten="20,5200,0" yaku="0,1,7,1,52,1,54,1" doraHai="62" who="2" fromWho="2" sc="261,-26,341,-26,448,52,0,0" owari="235,-36.0,315,-8.0,500,44.0,0,0.0" /></mjloggm>