<mjloggm ver="2.3"><GO type="225" lobby="0"/><UN n0="%E3%82%B7%E3%83%B3%E3%83%95%E3%82%A9%E3%83%8B%E3%82%A2" n1="%E8%A8%88%E7%AE%97%E6%A9%9F%E8%87%AA%E7%84%B6" n2="%E3%82%AB%E3%83%9C%E3%83%81%E3%83%A3%E3%82%BF%E3%83%8D" n3="%E8%91%B5%E3%81%A1%E3%82%83%E3%82%93" dan="18,17,16,16" rate="2235.04,2282.30,2079.44,2142.62" sx="M,M,M,F"/><TAIKYOKU oya="0"/><INIT seed="0,0,0,1,2,119" ten="250,250,250,250" oya="0" hai0="106,63,64,22,109,120,135,91,29,104,0,20,110" hai1="59,134,122,2,27,99,111,8,36,62,18,129,50" hai2="68,48,83,70,41,88,132,34,44,77,71,6,58" hai3="9,74,96,43,24,94,81,37,128,84,103,114,60"/><T125/><D0/><U101/><E36/><V76/><F34/><W25/><G128/><T130/><D130/><U30/><E129/><V35/><F35/><W107/><G114/><T87/><D135/><U117/><E117/><V80/><F132/><W5/><G60/><T100/><D125/><U65/><E134/><V85/><F6/><W38/><G107/><T131/><D131/><U56/><E111/><N who="0" m="42505" /><D120/><U79/><E79/><V45/><F58/><W133/><G133/><T69/><D100/><U51/><E56/><V33/><F33/><W40/><G74/><T12/><D29/><U15/><E2/><V32/><F32/><W7/><G38/><T121/><D121/><U10/><E8/><V75/><F76/><W13/><G7/><T21/><D12/><U17/><E17/><V112/><REACH who="2" step="1"/><F45/><REACH who="2" ten="250,250,240,250" step="2"/><W73/><G5/><T78/><D78/><U126/><E126/><V89/><F89/><W3/><G3/><T127/><D127/><U46/><E46/><V67/><F67/><W72/><G72/><T42/><D42/><U55/><E65/><V108/><F108/><W82/><G73/><T124/><D124/><U57/><E101/><V26/><F26/><W90/><G103/><T1/><D1/><U93/><E27/><N who="3" m="10314" /><G40/><T123/><D123/><U4/><E4/><V52/><F52/><W66/><G66/><T97/><D97/><U118/><E122/><V47/><F47/><N who="3" m="24047" /><G96/><T19/><D19/><U98/><E98/><V54/><F54/><W61/><G90/><T115/><D115/><AGARI ba="0,1" hai="41,44,48,68,70,71,75,77,80,83,85,88,112,115" machi="115" ten="40,2600,0" yaku="1,1,54,1,53,0" doraHai="119" doraHaiUra="16" who="2" fromWho="0" sc="250,-26,250,0,240,36,250,0" /><INIT seed="1,0,0,4,0,37" ten="224,250,276,250" oya="1" hai0="97,56,3,32,9,120,17,90,15,80,94,76,92" hai1="73,128,130,66,35,86,22,119,103,126,112,102,30" hai2="57,65,101,68,31,75,25,131,14,77,60,70,36" hai3="26,8,44,38,117,108,53,48,72,51,28,93,123"/><U5/><E73/><V2/><F131/><N who="1" m="50217" /><E112/><V106/><F2/><W121/><G72/><T132/><D132/><U62/><E119/><V87/><F87/><W133/><G38/><T19/><D120/><U78/><E35/><V16/><F36/><W0/><G133/><T43/><D32/><U88/><E78/><V59/><F70/><W129/><G108/><T118/><D118/><U82/><E126/><V74/><F77/><W20/><G117/><T1/><D43/><U95/><E5/><V98/><F59/><W61/><G61/><T6/><D6/><U50/><E50/><V115/><F57/><W46/><G129/><T64/><D17/><U122/><E122/><V134/><F115/><W10/><G0/><T79/><D79/><N who="1" m="46431" /><E22/><N who="2" m="11543" /><F134/><W52/><G123/><T39/><D39/><U99/><E30/><V24/><F24/><W55/><G121/><T11/><D1/><U58/><AGARI ba="0,0" hai="58,62,66,88,95,99,102,103" m="46431,50217" machi="58" ten="30,3000,0" yaku="19,1,54,1" doraHai="37" who="1" fromWho="1" sc="224,-10,250,30,276,-10,250,-10" /><INIT seed="1,1,0,2,4,22" ten="214,280,266,240" oya="1" hai0="46,32,6,63,31,45,12,68,1,117,47,11,134" hai1="87,59,109,94,64,133,104,116,20,55,58,65,17" hai2="108,24,107,26,56,80,21,131,0,77,39,125,50" hai3="74,53,122,36,52,135,9,44,105,110,85,23,90"/><U97/><E116/><V29/><F39/><W33/><G74/><T99/><D117/><U37/><E37/><V7/><F107/><W88/><G33/><T129/><D129/><U34/><E34/><V101/><F101/><W86/><G122/><T30/><D134/><U35/><E35/><V60/><F108/><W25/><G105/><T119/><D119/><U95/><E133/><V70/><F125/><W127/><G127/><T61/><D99/><U81/><E104/><V73/><F131/><W38/><G110/><T18/><D68/><U4/><E4/><V98/><F98/><W89/><G9/><T19/><D1/><U57/><E55/><V111/><F111/><W79/><G38/><T71/><D71/><U128/><E128/><V43/><F70/><W67/><G67/><N who="1" m="25674" /><E109/><V130/><F130/><W40/><G135/><T114/><D114/><U76/><E97/><V28/><F60/><N who="0" m="23114" /><D32/><U41/><E41/><V78/><F78/><W75/><G75/><T120/><D120/><U3/><E3/><V62/><F62/><W15/><G79/><T72/><D72/><U54/><E54/><V84/><F73/><W14/><G53/><T103/><D103/><U112/><E112/><V8/><F56/><W121/><G121/><T132/><D132/><U106/><E106/><V118/><F118/><W51/><G36/><T115/><D115/><U49/><E49/><V92/><F50/><W82/><G40/><T91/><D91/><N who="3" m="34889" /><G86/><T66/><D66/><U126/><E126/><V2/><F43/><W93/><G93/><T123/><D123/><U83/><E83/><RYUUKYOKU ba="1,0" sc="214,10,280,10,266,-30,240,10" hai0="6,11,12,18,19,30,31,45,46,47" hai1="17,20,57,58,59,76,81,87,94,95" hai3="14,15,23,25,44,51,52,82,85,90" /><INIT seed="1,2,0,4,2,34" ten="224,290,236,250" oya="1" hai0="30,105,8,45,98,10,71,15,80,66,0,82,7" hai1="135,96,4,31,128,63,79,47,55,37,62,123,109" hai2="58,68,49,76,130,64,87,88,133,26,132,111,16" hai3="75,60,53,101,20,9,131,127,89,122,65,95,59"/><U14/><E123/><V5/><F111/><W90/><G122/><T33/><D45/><U39/><E128/><V25/><F130/><W57/><G131/><T1/><D71/><U118/><E118/><V116/><F116/><W113/><G113/><T6/><D66/><U41/><E37/><V124/><F76/><W112/><G75/><T42/><D42/><U70/><E135/><N who="2" m="51787" /><F5/><W44/><G44/><T43/><D43/><U121/><E121/><V125/><F68/><W86/><G127/><N who="2" m="48713" /><F16/><W13/><G20/><T103/><D15/><U36/><E36/><V92/><F49/><W120/><G120/><T78/><D78/><U85/><E109/><V81/><F92/><W19/><G112/><T29/><D29/><U56/><E31/><V108/><F108/><W24/><G24/><AGARI ba="2,0" hai="0,1,6,7,8,10,24,30,33,80,82,98,103,105" machi="24" ten="40,5200,0" yaku="9,1,52,2" doraHai="34" who="0" fromWho="3" sc="224,58,290,0,236,0,250,-58" /><INIT seed="2,0,0,5,1,109" ten="282,290,236,192" oya="2" hai0="8,36,20,21,65,120,41,59,67,24,68,13,135" hai1="14,95,88,114,107,26,104,30,6,52,54,134,79" hai2="98,5,43,45,15,116,31,50,75,61,83,22,29" hai3="131,62,69,115,18,73,4,72,128,11,32,102,123"/><V34/><F116/><W70/><G123/><T130/><D120/><U124/><E114/><V7/><F34/><W121/><G121/><T17/><D130/><N who="3" m="49705" /><G18/><T113/><D135/><U127/><E79/><V37/><F37/><W76/><G102/><T3/><D113/><U129/><E129/><V81/><F98/><W39/><G39/><T35/><D68/><N who="3" m="26217" /><G62/><T66/><D36/><U85/><E134/><V9/><F5/><W91/><G91/><T51/><D3/><U100/><E14/><V16/><F61/><W63/><G63/><N who="0" m="38143" /><D35/><N who="1" m="20951" /><E6/><V12/><REACH who="2" step="1"/><F75/><REACH who="2" ten="282,290,226,192" step="2"/><W105/><G115/><T78/><D51/><U44/><E107/><V111/><F111/><W122/><G122/><T132/><D132/><U97/><E104/><V119/><F119/><W47/><G105/><T48/><D48/><U118/><E118/><V49/><F49/><W80/><G32/><T10/><D66/><U133/><E133/><V56/><F56/><W106/><G106/><T108/><D67/><U25/><E100/><V42/><F42/><W53/><G53/><T82/><D41/><U46/><E97/><V33/><F33/><W55/><G55/><T84/><D108/><U86/><E54/><V1/><F1/><N who="3" m="399" /><G47/><T112/><D112/><U74/><E44/><V110/><F110/><W94/><G73/><T90/><D90/><N who="1" m="53711" /><E74/><V27/><F27/><W89/><G89/><T77/><D77/><U60/><E25/><V93/><F93/><AGARI ba="0,1" hai="72,76,80,93,94" m="399,26217,49705" machi="93" ten="30,1000,0" yaku="19,1" doraHai="109" who="3" fromWho="2" sc="282,0,290,0,226,-10,192,20" /><INIT seed="3,0,0,5,2,89" ten="282,290,216,212" oya="3" hai0="76,38,26,85,36,45,129,7,57,61,22,52,124" hai1="47,98,12,119,14,9,51,113,106,121,23,125,120" hai2="1,46,6,114,69,43,99,77,122,131,0,49,112" hai3="101,24,42,102,100,41,93,10,13,39,64,28,44"/><W96/><G42/><T110/><D110/><U109/><E113/><V80/><F69/><W29/><G64/><T4/><D129/><U65/><E65/><V56/><F131/><W31/><REACH who="3" step="1"/><G24/><REACH who="3" ten="282,290,216,202" step="2"/><T108/><D26/><U104/><E121/><V88/><F122/><W81/><G81/><T21/><D108/><U135/><E120/><V48/><F114/><W34/><G34/><T25/><D25/><U92/><E109/><V54/><F112/><W50/><G50/><T53/><D38/><U123/><E51/><V67/><F67/><W86/><G86/><T105/><D85/><U27/><E27/><V68/><F68/><W82/><G82/><T134/><D36/><U18/><E123/><V15/><F99/><W115/><G115/><T130/><D61/><U30/><E119/><V62/><F62/><W40/><G40/><T95/><D130/><U16/><E135/><V127/><F127/><W75/><G75/><T87/><D134/><U117/><E117/><V19/><F48/><W59/><G59/><T91/><D57/><U55/><E125/><V79/><F56/><W78/><G78/><T17/><D76/><U111/><E111/><V116/><F116/><W35/><G35/><T74/><D87/><U84/><E84/><N who="2" m="50183" /><F43/><W97/><G97/><T71/><D74/><U58/><E58/><V11/><F6/><AGARI ba="0,1" hai="6,10,13,28,29,31,39,41,44,93,96,100,101,102" machi="6" ten="40,3900,0" yaku="1,1,52,1,53,0" doraHai="89" doraHaiUra="73" who="3" fromWho="2" sc="282,0,290,0,216,-39,202,49" /><INIT seed="3,1,0,4,5,86" ten="282,290,177,251" oya="3" hai0="53,127,72,20,33,21,116,88,134,102,56,111,43" hai1="48,108,10,55,129,133,23,124,32,65,18,64,120" hai2="99,50,106,98,52,125,30,8,75,4,0,2,90" hai3="121,15,27,47,35,115,41,104,97,91,6,40,131"/><W28/><G121/><T82/><D33/><U119/><E120/><V36/><F36/><W66/><G115/><T107/><D116/><U61/><E32/><V122/><F122/><W95/><G131/><T31/><D111/><U1/><E108/><V71/><F71/><W110/><G110/><T3/><D3/><U16/><E129/><V46/><F125/><W112/><G112/><T93/><D127/><U85/><E124/><V26/><F0/><W11/><G104/><T74/><D74/><U130/><E130/><V70/><F70/><W117/><G117/><T81/><D134/><U39/><E39/><V19/><F75/><W63/><REACH who="3" step="1"/><G47/><REACH who="3" ten="282,290,177,241" step="2"/><T80/><D107/><U73/><E119/><V67/><F106/><W34/><G34/><T13/><D72/><U25/><E73/><V109/><F109/><W126/><G126/><T59/><D102/><U79/><E133/><V17/><F67/><W96/><G96/><N who="0" m="57383" /><D43/><U49/><E65/><V101/><F99/><W37/><G37/><T60/><D31/><U51/><E64/><V113/><F113/><W29/><G29/><T57/><D13/><U68/><E1/><V103/><F103/><W94/><G94/><T135/><D135/><U14/><E14/><V78/><F101/><W54/><G54/><N who="0" m="33815" /><D57/><AGARI ba="1,1" hai="6,11,15,27,28,35,40,41,57,63,66,91,95,97" machi="57" ten="30,5800,0" yaku="1,1,7,1,52,1,53,0" doraHai="86" doraHaiUra="123" who="3" fromWho="0" sc="282,-61,290,0,177,0,241,71" owari="221,-18.0,290,9.0,177,-32.0,312,41.0" /></mjloggm>