<mjloggm ver="2.3"><GO type="169" lobby="0"/><UN n0="%E9%9B%B6%E7%95%AA%E9%9A%8A%E9%9A%8A%E9%95%B7" n1="%E4%B8%BB%E5%B8%AD" n2="%40%6D%40" n3="%E3%83%8D%E3%83%B2%E3%81%92%E3%82%8D%E3%81%A3%E3%83%94" dan="18,16,16,16" rate="2270.61,2149.62,2047.39,2020.85" sx="M,M,M,M"/><TAIKYOKU oya="0"/><INIT seed="0,0,0,5,1,43" ten="250,250,250,250" oya="0" hai0="134,103,34,94,135,115,62,24,112,35,29,52,121" hai1="90,1,88,55,113,99,46,30,47,87,116,114,27" hai2="41,51,61,76,10,100,70,131,78,44,105,49,68" hai3="97,82,85,20,18,38,71,14,45,12,129,84,101"/><T124/><D121/><U96/><E116/><V15/><F131/><W73/><G129/><T108/><D103/><U109/><E1/><V48/><F100/><W22/><G71/><T19/><D94/><N who="1" m="56407" /><E99/><V0/><F0/><W21/><G73/><T93/><D93/><N who="1" m="54431" /><E55/><V56/><F105/><W117/><G117/><T111/><D124/><U53/><E53/><N who="2" m="33935" /><F68/><W79/><G84/><T126/><D126/><U133/><E109/><N who="0" m="42057" /><D35/><N who="1" m="20959" /><E133/><N who="0" m="50697" /><D19/><U6/><E6/><N who="2" m="3543" /><F70/><W107/><REACH who="3" step="1"/><G18/><REACH who="3" ten="250,250,250,240" step="2"/><T5/><D5/><U132/><E132/><V4/><F4/><W37/><G37/><T74/><D74/><U23/><E23/><V127/><F127/><W7/><G7/><T26/><D26/><U80/><E80/><V77/><AGARI ba="0,1" hai="41,44,48,49,51,76,77,78" m="3543,33935" machi="77" ten="30,2000,0" yaku="8,1,52,1" doraHai="43" who="2" fromWho="2" sc="250,-10,250,-5,250,30,240,-5" /><INIT seed="1,0,0,1,4,96" ten="240,245,280,235" oya="1" hai0="3,29,31,7,38,84,28,129,76,24,103,16,53" hai1="65,57,112,2,23,116,132,104,5,85,49,33,89" hai2="120,42,52,110,63,99,88,6,58,101,91,102,111" hai3="121,25,71,44,95,67,68,135,77,70,126,81,0"/><U30/><E33/><V61/><F120/><W22/><G121/><T134/><D38/><U124/><E104/><V100/><F42/><W56/><G135/><T8/><D134/><U78/><E132/><V60/><F6/><W54/><G0/><T4/><D129/><U113/><E116/><V34/><F34/><W92/><G44/><T47/><D76/><U48/><E78/><V9/><F9/><W105/><G67/><T107/><D84/><U80/><E124/><V66/><F99/><W109/><G109/><N who="2" m="41481" /><F61/><W64/><G64/><T27/><D7/><U18/><E5/><V86/><F86/><W123/><G105/><T114/><D114/><U115/><E2/><V97/><F97/><W35/><G35/><T43/><D43/><U46/><E113/><V127/><F127/><W45/><G123/><T62/><D62/><N who="1" m="38095" /><E115/><V118/><F118/><W98/><G126/><T122/><D122/><U130/><E130/><V55/><F55/><W72/><G98/><T32/><D32/><U51/><E112/><V74/><F74/><W59/><G72/><T13/><D3/><U1/><E1/><V94/><F94/><W117/><G117/><T19/><D107/><U41/><E30/><V73/><F73/><N who="3" m="43183" /><G92/><T12/><D4/><U20/><E20/><V131/><F131/><W11/><G95/><T36/><D29/><U90/><E23/><V17/><F17/><N who="0" m="6730" /><D28/><U26/><E18/><V108/><N who="2" m="41489" /><V10/><DORA hai="21" /><F10/><W69/><N who="3" m="17408" /><DORA hai="82" /><W87/><G11/><T93/><D8/><U119/><E119/><V15/><F15/><W133/><G133/><RYUUKYOKU ba="0,0" sc="240,-10,245,-10,280,30,235,-10" hai2="52,58,60,63,66,88,91,100,101,102" /><INIT seed="2,1,0,2,5,72" ten="230,235,310,225" oya="2" hai0="94,119,101,116,2,10,134,41,79,78,31,71,97" hai1="99,83,126,75,54,5,132,3,52,11,104,65,43" hai2="22,118,95,133,68,8,27,100,60,110,84,57,88" hai3="131,9,23,45,76,19,87,85,6,82,48,105,32"/><V117/><F133/><W66/><G105/><T128/><D134/><U30/><E132/><V103/><F68/><W14/><G131/><T130/><D71/><U58/><E126/><V26/><F110/><W129/><G129/><N who="0" m="49771" /><D31/><U113/><E113/><V37/><F37/><W20/><G32/><T56/><D41/><U121/><E121/><V61/><F8/><W77/><G66/><T63/><D2/><U15/><E30/><V33/><F33/><W50/><G20/><T70/><D10/><U29/><E29/><V21/><F118/><N who="0" m="45098" /><D70/><U46/><E65/><AGARI ba="1,0" hai="56,63,65,78,79,94,97,101" m="45098,49771" machi="65" ten="30,7700,0" yaku="19,1,12,1,52,2" doraHai="72" who="0" fromWho="1" sc="230,80,235,-80,310,0,225,0" /><INIT seed="3,0,0,4,4,79" ten="310,155,310,225" oya="3" hai0="72,9,4,108,51,34,76,89,56,62,75,52,120" hai1="83,119,92,122,25,22,68,93,118,96,21,65,43" hai2="33,0,26,20,102,81,125,19,30,59,47,31,64" hai3="40,57,117,110,16,98,17,105,53,112,70,73,95"/><W55/><G117/><N who="1" m="44554" /><E122/><V61/><F0/><W3/><G112/><T7/><D120/><U85/><E43/><V100/><F125/><W8/><G105/><T58/><D108/><U99/><E65/><V127/><F127/><W123/><G123/><T124/><D34/><U12/><E68/><V111/><F111/><W32/><G110/><T11/><D124/><U113/><E113/><V87/><F47/><W107/><G107/><T6/><D89/><N who="1" m="55311" /><E12/><V115/><F115/><W91/><G70/><T44/><D58/><U27/><E27/><V78/><F31/><W135/><G135/><T13/><D76/><N who="1" m="46311" /><E25/><AGARI ba="0,0" hai="19,20,25,26,30,33,59,61,64,78,81,87,100,102" machi="25" ten="30,2000,0" yaku="7,1,52,1" doraHai="79" who="2" fromWho="1" sc="310,0,155,-20,310,20,225,0" /><INIT seed="4,0,0,4,4,134" ten="310,135,330,225" oya="0" hai0="68,60,103,97,118,45,128,116,113,135,119,16,6" hai1="49,35,15,55,27,84,34,8,73,23,17,79,70" hai2="48,52,104,83,29,9,10,5,40,32,24,67,124" hai3="91,69,126,3,12,96,121,92,130,76,105,66,11"/><T88/><D135/><U102/><E73/><V43/><F104/><W51/><G130/><T125/><D6/><U28/><E70/><V50/><F124/><W89/><G3/><T71/><D128/><U4/><E102/><V61/><F83/><W108/><G108/><T57/><D125/><U7/><E79/><V112/><F50/><W64/><G121/><T80/><D113/><U78/><E78/><V65/><F10/><W37/><G37/><T2/><D2/><N who="1" m="23" /><E84/><V53/><F53/><W1/><G1/><T26/><D45/><U22/><E49/><V90/><F90/><W117/><G105/><T75/><D75/><U85/><E85/><V93/><F93/><W127/><G117/><T120/><D120/><U81/><E55/><V63/><F63/><W131/><G131/><T47/><D47/><U59/><E59/><V132/><F67/><W94/><G76/><T44/><D44/><U46/><E46/><V38/><F38/><W62/><G51/><T114/><D114/><U20/><E81/><V77/><F112/><W21/><G21/><N who="1" m="8298" /><E7/><V98/><F77/><W13/><G66/><T30/><D116/><U100/><E100/><V54/><F65/><W25/><G25/><T42/><D103/><U106/><E106/><V0/><F132/><W18/><REACH who="3" step="1"/><G13/><REACH who="3" ten="310,135,330,215" step="2"/><T99/><D118/><U19/><E28/><V122/><F29/><W72/><G72/><T111/><D30/><N who="1" m="17791" /><E15/><V31/><F31/><W87/><AGARI ba="0,1" hai="11,12,18,62,64,69,87,89,91,92,94,96,126,127" machi="87" ten="30,7900,0" yaku="1,1,0,1,52,2,53,0" doraHai="134" doraHaiUra="39" who="3" fromWho="3" sc="310,-39,135,-20,330,-20,215,89" /><INIT seed="5,0,0,0,5,15" ten="271,115,310,304" oya="1" hai0="54,63,119,98,134,49,82,103,24,84,32,107,110" hai1="19,59,58,27,123,4,105,8,124,70,12,77,14" hai2="23,1,118,62,68,133,22,29,127,116,36,79,104" hai3="102,122,132,81,21,7,30,47,2,130,10,71,108"/><U66/><E123/><V37/><F1/><W83/><G122/><T80/><D110/><U75/><E105/><V121/><F121/><W34/><G108/><T50/><D134/><U18/><E124/><V61/><F104/><W67/><G132/><T69/><D119/><U17/><E70/><V120/><F120/><W90/><G130/><T92/><D92/><U43/><E75/><V135/><F79/><W20/><G102/><T3/><D3/><U109/><E77/><V112/><F29/><W13/><G67/><N who="0" m="41215" /><D84/><U51/><E109/><V40/><F68/><W96/><G71/><T25/><D25/><U129/><E129/><V5/><F5/><W126/><G126/><T55/><D50/><U131/><E131/><V76/><F76/><W74/><G47/><N who="0" m="27967" /><D55/><N who="1" m="32127" /><E27/><V94/><F94/><W52/><G2/><T78/><D78/><U89/><E89/><V85/><F127/><W60/><G90/><T99/><D99/><U113/><E113/><V97/><F85/><W87/><G96/><T115/><D115/><U9/><E43/><V35/><F97/><W39/><G87/><T31/><AGARI ba="0,0" hai="24,31,32,80,82,98,103,107" m="27967,41215" machi="31" ten="30,1100,0" yaku="25,1" doraHai="15" who="0" fromWho="0" sc="271,11,115,-5,310,-3,304,-3" /><INIT seed="6,0,0,1,4,19" ten="282,110,307,301" oya="2" hai0="132,83,47,122,94,75,21,56,59,35,54,129,31" hai1="98,71,111,74,48,32,102,40,5,125,100,72,73" hai2="112,67,11,60,42,17,93,37,22,7,34,9,121" hai3="117,99,115,87,110,135,36,124,28,6,88,63,44"/><V109/><F112/><W78/><G117/><T131/><D122/><U46/><E111/><V30/><F121/><W66/><G110/><T107/><D107/><U58/><E71/><V86/><F109/><W38/><G115/><T103/><D35/><U128/><E128/><N who="0" m="49225" /><D132/><U130/><E130/><V65/><F34/><W15/><G135/><T114/><D114/><U96/><E125/><V85/><F30/><W45/><G124/><T12/><D47/><U108/><E108/><V14/><F11/><W27/><G78/><N who="0" m="44511" /><D12/><U8/><E32/><V104/><F104/><W123/><G123/><T18/><D18/><U62/><E102/><V29/><F29/><W90/><G99/><N who="0" m="59895" /><D54/><U105/><E98/><V97/><F37/><W82/><G15/><T61/><D61/><U106/><E106/><V3/><F42/><W41/><G6/><T133/><D133/><U69/><E69/><V95/><F95/><W33/><G90/><T76/><D76/><U81/><E81/><V2/><F2/><W79/><G79/><T24/><AGARI ba="0,0" hai="21,24,31,56,59" m="59895,44511,49225" machi="24" ten="30,2000,0" yaku="19,1,52,1" doraHai="19" who="0" fromWho="0" sc="282,20,110,-5,307,-10,301,-5" /><INIT seed="7,0,0,3,4,124" ten="302,105,297,296" oya="3" hai0="49,111,45,127,0,5,88,24,125,117,4,118,18" hai1="80,63,30,3,113,94,66,67,41,14,54,102,132" hai2="22,26,62,44,123,108,42,16,104,95,82,133,75" hai3="59,70,46,89,29,58,21,86,65,13,73,2,53"/><W72/><G2/><T35/><D111/><U20/><E3/><V122/><F108/><W6/><G70/><T10/><D5/><U11/><E41/><V79/><F104/><W50/><G73/><T37/><D88/><U128/><E80/><V15/><F133/><W23/><G72/><T130/><D130/><U90/><E132/><V129/><F129/><W91/><G91/><T32/><D18/><U84/><E128/><V101/><F62/><N who="3" m="38103" /><G29/><N who="0" m="19495" /><D35/><U119/><E119/><N who="0" m="45577" /><D49/><U61/><E113/><V51/><REACH who="2" step="1"/><F26/><REACH who="2" ten="302,105,287,296" step="2"/><W28/><G28/><T134/><D134/><U52/><E102/><V76/><F76/><W1/><G1/><T87/><D0/><U25/><E63/><V131/><F131/><W97/><G97/><AGARI ba="0,1" hai="15,16,22,42,44,51,75,79,82,95,97,101,122,123" machi="97" ten="40,2600,0" yaku="1,1,54,1,53,0" doraHai="124" doraHaiUra="60" who="2" fromWho="3" sc="302,0,105,0,287,36,296,-26" owari="302,10.0,105,-39.0,323,42.0,270,-13.0" /></mjloggm>