<mjloggm ver="2.3"><GO type="225" lobby="0"/><UN n0="%E3%81%8B%E3%82%8A%E3%82%93%E3%81%95%E3%82%93" n1="%E3%82%A4%E3%83%8A%E3%82%BA%E3%83%9E%E8%91%AC%E5%84%80" n2="%E6%84%9B%E3%81%A8%E5%B9%B3%E5%92%8C%E3%81%A8%E5%83%95" n3="%E3%81%BF%E3%81%BF%E3%81%9A" dan="18,17,17,16" rate="2202.76,2211.09,2193.95,2166.72" sx="M,F,M,M"/><TAIKYOKU oya="0"/><INIT seed="0,0,0,4,0,124" ten="250,250,250,250" oya="0" hai0="57,54,120,61,91,71,72,18,0,87,74,11,2" hai1="109,96,15,35,128,83,92,68,64,101,132,12,85" hai2="14,60,25,130,80,33,98,122,50,135,29,26,76" hai3="117,100,75,121,58,89,69,3,24,65,42,28,106"/><T6/><D120/><U107/><E109/><V123/><F135/><W27/><G117/><T38/><D38/><U94/><E132/><V63/><F14/><W99/><G121/><T45/><D0/><U9/><E35/><V113/><F113/><W131/><G3/><T7/><D7/><U86/><E68/><V73/><F50/><W43/><G75/><T77/><D71/><U55/><E64/><V95/><F25/><W51/><G24/><T19/><D77/><U108/><E108/><V78/><F78/><W30/><G30/><T52/><D72/><U10/><E55/><V90/><F123/><W97/><G131/><T31/><D31/><U48/><E128/><V20/><F122/><W23/><G69/><T118/><D74/><U32/><E48/><V13/><REACH who="2" step="1"/><F130/><REACH who="2" ten="250,250,240,250" step="2"/><W5/><G51/><N who="0" m="28783" /><D2/><U79/><E15/><V111/><F111/><W1/><G1/><T114/><D114/><U40/><E12/><V126/><F126/><W8/><G5/><T4/><D118/><U44/><E79/><V133/><F133/><W112/><G112/><T129/><D129/><U16/><E32/><V105/><F105/><W56/><G8/><T62/><D61/><U41/><E9/><V119/><F119/><W22/><G22/><T110/><D110/><U125/><E10/><V134/><F134/><W46/><G23/><T53/><D11/><U47/><E107/><V81/><F81/><W84/><G27/><T66/><D6/><U104/><E104/><V21/><F21/><W49/><G106/><T17/><D4/><U67/><E125/><V116/><F116/><RYUUKYOKU ba="0,1" sc="250,15,250,-15,240,15,250,-15" hai0="17,18,19,53,54,57,62,66,87,91" hai2="13,20,26,29,33,60,63,73,76,80,90,95,98" /><INIT seed="0,1,1,1,1,117" ten="265,235,255,235" oya="0" hai0="111,65,133,48,118,3,76,107,80,109,4,88,31" hai1="14,74,96,72,0,36,12,91,127,67,50,25,124" hai2="39,20,6,24,82,51,63,2,84,42,60,9,102" hai3="41,89,98,55,103,132,86,93,35,134,121,100,13"/><T15/><D118/><U115/><E36/><V81/><F39/><W10/><G35/><T83/><D107/><U37/><E37/><V113/><F113/><W17/><G41/><T106/><D106/><U125/><E115/><V29/><F102/><W99/><G121/><T52/><D133/><N who="3" m="51305" /><G55/><T110/><D3/><U87/><E0/><V59/><F82/><N who="3" m="49367" /><G99/><T128/><D128/><U78/><E67/><V131/><F131/><W56/><G56/><N who="0" m="32775" /><D31/><U119/><E119/><V11/><F11/><W21/><G103/><T64/><D88/><U44/><E96/><V33/><F33/><W54/><G54/><T94/><D94/><N who="1" m="54655" /><E25/><V108/><F108/><W92/><G10/><N who="0" m="4551" /><D80/><N who="1" m="45127" /><E74/><AGARI ba="1,1" hai="64,65,74,76,83,109,110,111" m="4551,32775" machi="74" ten="30,5800,0" yaku="14,1,10,1,54,1" doraHai="117" who="0" fromWho="1" sc="265,71,235,-61,255,0,235,0" /><INIT seed="0,2,0,3,5,9" ten="336,174,255,235" oya="0" hai0="122,112,123,36,2,92,22,11,68,8,93,124,89" hai1="45,70,129,80,117,85,55,99,7,32,105,86,38" hai2="62,103,81,108,42,67,24,1,64,83,72,98,114" hai3="47,59,87,0,116,21,16,75,74,113,14,51,3"/><T91/><D68/><U52/><E117/><V40/><F114/><W61/><G113/><T56/><D36/><U58/><E129/><V57/><F108/><W31/><G116/><T26/><D112/><U128/><E128/><V23/><F1/><W18/><G31/><T35/><D35/><U125/><E125/><V131/><F131/><W19/><G0/><T48/><D124/><U25/><E70/><V39/><F67/><N who="3" m="39359" /><G3/><T73/><D73/><U29/><E7/><V28/><F39/><W60/><G74/><T119/><D119/><U44/><E38/><V41/><REACH who="2" step="1"/><F72/><REACH who="2" ten="336,174,245,235" step="2"/><W65/><G75/><T20/><D2/><U111/><E111/><V54/><F54/><N who="3" m="30079" /><G87/><T49/><D123/><U104/><E86/><V30/><F30/><W132/><G132/><T27/><D122/><U84/><E85/><V37/><F37/><W71/><G71/><T69/><D69/><U50/><E99/><V126/><F126/><W15/><G65/><T12/><D56/><U76/><REACH who="1" step="1"/><E44/><REACH who="1" ten="336,164,245,235" step="2"/><V6/><F6/><W97/><G97/><T120/><D120/><U101/><E101/><V134/><F134/><W66/><G66/><T5/><D5/><U95/><E95/><AGARI ba="2,2" hai="23,24,28,40,41,42,57,62,64,81,83,95,98,103" machi="95" ten="40,8000,1" yaku="1,1,25,2,8,1,53,0" doraHai="9" doraHaiUra="107" who="2" fromWho="1" sc="336,0,164,-86,245,106,235,0" /><INIT seed="1,0,0,1,0,36" ten="336,78,351,235" oya="1" hai0="86,95,37,52,3,109,31,116,120,75,74,7,113" hai1="33,15,94,30,70,114,80,125,134,110,90,103,72" hai2="25,32,12,130,84,124,34,9,81,2,135,57,23" hai3="64,14,99,17,50,28,88,73,43,6,48,1,117"/><U76/><E114/><V102/><F2/><W55/><G73/><T46/><D113/><U67/><E125/><V77/><F124/><W42/><G1/><T40/><D116/><U54/><E134/><V56/><F135/><W119/><G28/><T49/><D120/><U85/><E110/><V44/><F130/><W82/><G6/><T131/><D131/><U45/><E103/><V16/><F102/><W100/><G64/><T111/><D31/><U133/><E133/><V104/><F104/><W71/><G71/><T96/><D86/><U53/><E15/><V93/><F93/><N who="3" m="56743" /><G82/><T121/><D121/><U4/><E4/><V11/><F11/><N who="3" m="6367" /><G100/><N who="0" m="60447" /><D7/><U112/><E112/><V115/><F115/><W118/><G50/><T65/><D65/><U38/><E67/><V61/><F34/><W22/><G22/><T89/><D89/><U24/><REACH who="1" step="1"/><E70/><REACH who="1" ten="336,68,351,235" step="2"/><V79/><F12/><W51/><G51/><T58/><D3/><U97/><E97/><V98/><F98/><W59/><AGARI ba="0,1" hai="42,43,48,55,59,117,118,119" m="6367,56743" machi="59" ten="30,7900,0" yaku="12,1,52,2,54,1" doraHai="36" who="3" fromWho="3" sc="336,-20,68,-39,351,-20,235,89" /><INIT seed="2,0,0,3,4,70" ten="316,29,331,324" oya="2" hai0="82,134,121,38,28,72,93,118,98,62,66,58,94" hai1="85,129,135,87,130,48,2,125,3,45,27,103,92" hai2="55,102,29,24,116,110,73,127,91,114,80,119,16" hai3="76,35,5,99,120,53,33,107,105,7,37,13,117"/><V6/><F114/><W97/><G117/><T112/><D121/><U23/><E48/><V77/><F127/><W0/><G13/><T4/><D112/><U132/><E45/><V17/><F6/><N who="3" m="2059" /><G53/><T122/><D122/><U36/><E103/><V31/><F102/><W124/><G120/><T104/><D118/><U30/><E92/><V12/><F110/><W123/><G123/><T14/><D134/><N who="1" m="51243" /><E87/><V56/><F91/><W88/><G124/><T111/><D28/><U57/><E57/><V15/><F119/><W1/><G88/><T83/><D4/><U47/><E85/><V40/><F40/><W51/><G51/><T8/><D14/><U41/><E47/><V65/><F65/><W10/><G10/><T43/><D8/><U108/><E41/><V74/><F74/><W79/><G37/><T25/><D25/><U19/><E36/><V22/><F116/><W89/><G89/><T54/><D111/><U46/><E46/><V115/><F115/><W101/><G33/><T84/><D54/><U60/><E60/><V113/><F113/><W109/><G35/><T39/><D43/><U131/><E108/><V90/><F90/><W32/><G32/><T49/><D49/><U71/><E71/><V106/><F106/><N who="3" m="40459" /><G109/><T64/><D104/><U44/><E44/><V86/><F73/><W61/><G61/><N who="0" m="37943" /><D72/><U20/><E125/><V67/><F67/><W50/><G50/><T63/><D63/><U42/><E42/><V21/><F24/><AGARI ba="0,0" hai="2,3,19,20,23,24,27,30,129,130,131" m="51243" machi="24" ten="40,8000,1" yaku="19,1,20,1,34,2" doraHai="70" who="1" fromWho="2" sc="316,0,29,80,331,-80,324,0" /><INIT seed="3,0,0,0,1,39" ten="316,109,251,324" oya="3" hai0="43,111,126,79,121,132,25,1,56,12,101,109,62" hai1="116,83,60,51,113,11,7,15,104,84,129,63,67" hai2="24,64,16,29,100,119,45,27,13,50,95,131,68" hai3="98,85,90,134,99,105,53,94,22,135,58,4,110"/><W40/><G40/><T73/><D121/><U106/><E116/><V82/><F119/><W38/><G38/><T18/><D1/><U23/><E129/><V72/><F131/><W74/><G110/><N who="0" m="41995" /><D132/><N who="3" m="50729" /><G74/><T26/><D126/><U42/><E113/><V120/><F120/><W9/><G22/><N who="0" m="11591" /><D43/><U49/><E49/><V17/><F72/><W59/><G105/><T54/><D101/><U6/><E6/><V48/><F68/><W0/><G58/><T30/><D30/><U69/><E63/><AGARI ba="0,0" hai="0,4,9,53,59,63,85,90,94,98,99" m="50729" machi="63" ten="30,1500,0" yaku="20,1" doraHai="39" who="3" fromWho="1" sc="316,0,109,-15,251,0,324,15" owari="316,12.0,94,-41.0,251,-15.0,339,44.0" /></mjloggm>