<mjloggm ver="2.3"><GO type="169" lobby="0"/><UN n0="%E9%9B%AA%E6%9C%88%E9%A2%A8%E8%8A%B1" n1="%4E%65%67%69%74%6F%72%6F" n2="%41%2E%4B%39%6D%65%63" n3="%40%7A%61%6B%75%72%6F%40" dan="16,16,17,16" rate="2225.88,2144.22,2278.23,2157.60" sx="F,M,M,M"/><TAIKYOKU oya="0"/><INIT seed="0,0,0,4,0,37" ten="250,250,250,250" oya="0" hai0="92,113,13,124,111,88,130,11,47,69,134,103,46" hai1="68,41,132,127,123,29,51,76,53,57,98,61,18" hai2="7,65,67,20,84,120,100,73,55,33,70,52,14" hai3="54,82,8,28,17,39,99,2,104,133,58,26,45"/><T5/><D103/><U62/><E123/><V25/><F73/><W71/><G71/><T106/><D113/><U64/><E127/><V42/><F120/><W9/><G2/><T72/><D106/><U102/><E132/><V83/><F100/><W105/><G82/><T31/><D134/><U48/><E29/><V0/><F0/><W34/><G133/><T36/><D47/><U19/><E76/><V85/><F33/><W49/><G99/><T131/><D69/><U24/><E41/><V107/><F107/><W126/><G126/><T108/><D31/><U117/><E117/><V94/><F94/><W81/><G105/><T6/><D6/><U86/><E86/><V22/><F70/><W10/><G104/><T78/><D78/><U80/><E80/><V110/><F110/><N who="0" m="42026" /><D72/><U66/><E66/><V15/><F7/><W79/><G17/><T96/><D124/><U90/><E102/><V43/><F83/><W114/><G114/><T59/><D59/><U121/><E121/><V93/><F93/><W101/><G101/><T40/><AGARI ba="0,0" hai="5,11,13,36,40,46,88,92,96,130,131" m="42026" machi="40" ten="30,11700,0" yaku="14,1,10,1,52,1,54,1" doraHai="37" who="0" fromWho="0" sc="250,117,250,-39,250,-39,250,-39" /><INIT seed="0,1,0,2,0,104" ten="367,211,211,211" oya="0" hai0="43,50,112,92,125,39,134,98,97,133,65,118,0" hai1="91,29,69,47,16,74,66,59,2,123,122,40,5" hai2="36,53,62,103,120,10,18,21,27,128,75,85,23" hai3="56,45,114,115,35,73,95,67,87,102,51,129,24"/><T30/><D118/><U1/><E69/><V82/><F120/><W107/><G107/><T8/><D39/><U70/><E70/><V26/><F128/><W4/><G4/><T15/><D0/><U42/><E29/><V58/><F103/><W46/><G46/><T126/><D30/><U109/><E109/><V130/><F130/><W63/><G73/><T99/><D65/><U31/><E31/><V64/><F36/><W33/><G24/><T89/><D50/><U41/><E74/><V68/><F75/><W108/><G129/><T32/><D43/><U116/><E47/><V132/><F10/><W76/><G76/><T38/><D38/><U48/><E116/><V12/><F132/><N who="0" m="50794" /><D32/><U131/><E131/><V55/><F23/><W90/><G102/><T110/><D112/><U83/><E1/><V77/><REACH who="2" step="1"/><F55/><REACH who="2" ten="367,211,201,211" step="2"/><W80/><G114/><T127/><D110/><U101/><E101/><V13/><F13/><W17/><G108/><T9/><D9/><U28/><E40/><V22/><F22/><W37/><G37/><T96/><D8/><U86/><E41/><V6/><F6/><W20/><G115/><T113/><D113/><U81/><E5/><V93/><F93/><W119/><G119/><T111/><D111/><U121/><E42/><V88/><F88/><W49/><G95/><N who="0" m="56431" /><D15/><U3/><E3/><V79/><F79/><W61/><G33/><T14/><D14/><U25/><E2/><V71/><F71/><W34/><G35/><T106/><D106/><U135/><E122/><V117/><F117/><W60/><G34/><T11/><D11/><RYUUKYOKU ba="1,1" sc="367,15,211,-15,201,15,211,-15" hai0="92,97,98,99,125,126,127" hai2="12,18,21,26,27,53,58,62,64,68,77,82,85" /><INIT seed="0,2,1,2,1,89" ten="382,196,216,196" oya="0" hai0="108,43,96,90,101,113,30,32,59,40,107,54,76" hai1="0,129,57,20,82,78,21,46,17,61,9,102,7" hai2="93,135,124,86,71,33,127,132,24,8,97,87,41" hai3="19,91,27,118,6,45,65,58,13,51,49,122,62"/><T15/><D113/><U115/><E115/><V10/><F71/><W99/><G118/><T100/><D100/><U42/><E129/><V83/><F41/><W106/><G6/><T70/><D70/><U23/><E102/><N who="2" m="60719" /><F33/><W56/><G106/><T95/><D76/><U134/><E134/><N who="2" m="51243" /><F24/><W18/><G18/><T109/><D15/><U104/><E104/><V77/><F86/><W72/><G27/><T94/><D30/><U117/><E117/><V11/><AGARI ba="2,1" hai="8,10,11,77,83,87,124,127" m="51243,60719" machi="11" ten="40,2700,0" yaku="20,1,52,1" doraHai="89" who="2" fromWho="2" sc="382,-15,196,-9,216,43,196,-9" /><INIT seed="1,0,0,4,3,80" ten="367,187,259,187" oya="1" hai0="46,18,73,76,12,27,0,70,8,97,133,5,40" hai1="16,57,134,25,63,104,9,54,125,42,93,53,32" hai2="66,131,55,37,69,67,96,11,82,28,106,127,13" hai3="31,2,20,75,94,108,50,35,114,41,15,84,92"/><U36/><E104/><V62/><F37/><W86/><G75/><T77/><D70/><U26/><E125/><V91/><F127/><W1/><G114/><T101/><D133/><U60/><E134/><V130/><F28/><W39/><G35/><T122/><D122/><U51/><E36/><V95/><F67/><W121/><G39/><T103/><D27/><N who="1" m="10251" /><E32/><V44/><F106/><W83/><G83/><T24/><D24/><U47/><E93/><V88/><F55/><N who="1" m="21001" /><E57/><V128/><F44/><W30/><G121/><T33/><D33/><U71/><E71/><V126/><F126/><W19/><G1/><T21/><D73/><U72/><E72/><V111/><F111/><W112/><G108/><T98/><D46/><U117/><E117/><V17/><REACH who="2" step="1"/><F82/><REACH who="2" ten="367,187,249,187" step="2"/><W3/><G31/><T89/><D0/><U78/><E78/><V119/><F119/><W85/><G30/><T118/><D76/><U107/><E107/><V102/><AGARI ba="0,1" hai="11,13,17,62,66,69,88,91,95,96,102,128,130,131" machi="102" ten="30,8000,1" yaku="1,1,0,1,19,1,54,1,53,1" doraHai="80" doraHaiUra="58" who="2" fromWho="2" sc="367,-20,187,-40,249,90,187,-20" /><INIT seed="2,0,0,1,3,13" ten="347,147,339,167" oya="2" hai0="86,49,48,113,37,105,63,41,71,93,82,102,42" hai1="109,12,47,125,6,126,35,131,89,122,34,25,104" hai2="64,88,87,58,43,15,30,129,99,130,101,44,16" hai3="39,27,76,20,123,92,117,33,8,127,38,46,5"/><V60/><F30/><W98/><G117/><T128/><D105/><U118/><E104/><V28/><F28/><W108/><G123/><T52/><D113/><U116/><E89/><V66/><F66/><W132/><G33/><N who="1" m="12298" /><E47/><V24/><F24/><W110/><G127/><N who="1" m="48650" /><E122/><V106/><F44/><W70/><G132/><T55/><D93/><U59/><E59/><V61/><F43/><W9/><G9/><T115/><D102/><U22/><E109/><N who="3" m="42090" /><G46/><T103/><D115/><U31/><E131/><V14/><F14/><N who="3" m="5391" /><G70/><T121/><D128/><U11/><AGARI ba="0,0" hai="6,11,12,22,25,31,116,118" m="48650,12298" machi="11" ten="40,5200,0" yaku="18,1,34,2" doraHai="13" who="1" fromWho="1" sc="347,-13,147,52,339,-26,167,-13" /><INIT seed="3,0,0,5,2,105" ten="334,199,313,154" oya="3" hai0="12,125,55,120,66,104,91,23,43,111,118,13,37" hai1="27,58,92,22,131,95,64,117,81,69,52,21,6" hai2="11,62,65,78,9,121,123,10,83,34,130,54,75" hai3="67,127,41,79,72,45,112,98,59,46,71,129,132"/><W116/><G112/><T102/><D118/><U87/><E131/><V103/><F130/><W86/><G116/><T25/><D120/><N who="2" m="46154" /><F103/><W39/><G129/><T53/><D111/><U84/><E6/><V42/><F42/><W36/><G86/><T3/><D3/><U5/><E5/><V126/><F126/><W133/><G59/><T135/><D66/><U16/><E64/><V89/><F89/><W44/><G98/><T38/><D91/><N who="1" m="51599" /><E69/><N who="2" m="42167" /><F54/><W74/><G127/><T18/><D43/><U108/><E108/><V35/><AGARI ba="0,0" hai="9,10,11,34,35,75,78,83" m="42167,46154" machi="35" ten="40,2700,0" yaku="13,1,52,1" doraHai="105" who="2" fromWho="2" sc="334,-7,199,-7,313,27,154,-13" /><INIT seed="4,0,0,3,1,75" ten="327,192,340,141" oya="0" hai0="58,34,95,67,54,16,27,32,78,48,42,120,3" hai1="74,15,85,52,60,36,94,72,90,106,98,111,113" hai2="46,100,77,135,92,73,81,23,28,87,117,43,89" hai3="0,38,125,22,79,10,47,62,49,37,133,115,76"/><T132/><D120/><U25/><E36/><V131/><F131/><W44/><G38/><T1/><D132/><U68/><E111/><V29/><F135/><W14/><G0/><T9/><D32/><U19/><E25/><V30/><F117/><W66/><G133/><T129/><D129/><U53/><E68/><V57/><F57/><N who="3" m="37199" /><G37/><T82/><D42/><U121/><E121/><V123/><F123/><W13/><G115/><T91/><D67/><U7/><E7/><V4/><F4/><N who="3" m="3271" /><G125/><T97/><D34/><U102/><E113/><V24/><REACH who="2" step="1"/><F100/><REACH who="2" ten="327,192,330,141" step="2"/><W127/><G127/><T105/><D105/><U33/><E102/><V134/><F134/><W101/><G101/><T17/><D1/><U70/><E106/><V118/><F118/><W63/><G63/><T122/><D122/><U99/><E60/><V86/><F86/><W26/><G47/><T83/><D3/><U51/><E85/><V103/><F103/><W11/><G44/><T126/><D126/><U130/><E130/><V56/><F56/><W55/><G49/><AGARI ba="0,1" hai="23,24,28,29,30,43,46,49,73,77,81,87,89,92" machi="49" ten="30,7700,0" yaku="1,1,7,1,52,1,53,1" doraHai="75" doraHaiUra="21" who="2" fromWho="3" sc="327,0,192,0,330,87,141,-77" /><INIT seed="5,0,0,3,5,133" ten="327,192,417,64" oya="1" hai0="96,119,81,87,105,91,71,12,40,64,25,104,115" hai1="118,30,86,124,43,36,129,1,42,0,28,54,41" hai2="123,17,79,125,98,99,94,65,134,132,103,9,108" hai3="121,24,77,70,107,69,59,126,14,5,58,127,44"/><U34/><E86/><V90/><F65/><W50/><G107/><T130/><D119/><U100/><E118/><V113/><F108/><W110/><G121/><T26/><D115/><U56/><E100/><V68/><F68/><W112/><G110/><T52/><D104/><U74/><E74/><V37/><F37/><W32/><G77/><T73/><D73/><U16/><E36/><V76/><F123/><W62/><G32/><T19/><D40/><U135/><E135/><N who="2" m="51755" /><F113/><W45/><G24/><T15/><D15/><U117/><E117/><V83/><F17/><W35/><G35/><T131/><D64/><U49/><E34/><V10/><F79/><W57/><G62/><T33/><D71/><N who="3" m="27145" /><G50/><T120/><D33/><U39/><E39/><V67/><F67/><W111/><G111/><T46/><D120/><U85/><E0/><V128/><F128/><W20/><G5/><T88/><D130/><U13/><E1/><V61/><F61/><W75/><G75/><T23/><D131/><U2/><E2/><V93/><F76/><W51/><G51/><N who="0" m="28791" /><D105/><U3/><E3/><V72/><F72/><W78/><G78/><T122/><D122/><U29/><E129/><V22/><F10/><W7/><G112/><T92/><AGARI ba="0,0" hai="12,19,23,25,26,81,87,88,91,92,96" m="28791" machi="92" ten="30,4000,0" yaku="8,1,54,2" doraHai="133" who="0" fromWho="0" sc="327,40,192,-20,417,-10,64,-10" /><INIT seed="6,0,0,1,0,24" ten="367,172,407,54" oya="2" hai0="30,126,77,5,8,103,54,82,25,114,70,39,4" hai1="76,16,95,63,1,87,116,96,100,83,14,105,92" hai2="130,91,127,134,35,97,38,86,20,117,57,84,113" hai3="33,121,18,123,51,93,60,19,104,13,42,122,34"/><V62/><F117/><W108/><G104/><T72/><D114/><U133/><E1/><V129/><F113/><W65/><G108/><T102/><D126/><U49/><E133/><V59/><F127/><W124/><G124/><T52/><D70/><U74/><E116/><V23/><F35/><W50/><G93/><T81/><D39/><U109/><E109/><V48/><F38/><W31/><G19/><T44/><D81/><U68/><E74/><V58/><F134/><W73/><G73/><T29/><D5/><U89/><E76/><V125/><F125/><W9/><G42/><T55/><D44/><U15/><E15/><V115/><F115/><W132/><G132/><T120/><D120/><U98/><E98/><V0/><F0/><W128/><G128/><N who="2" m="49257" /><F48/><W80/><G80/><T12/><REACH who="0" step="1"/><D30/><REACH who="0" ten="357,172,407,54" step="2"/><U21/><E68/><V36/><F36/><W88/><G31/><T2/><D2/><U37/><E37/><V111/><F111/><W69/><G34/><AGARI ba="0,1" hai="4,8,12,25,29,34,52,54,55,72,77,82,102,103" machi="34" ten="40,5200,0" yaku="1,1,52,1,54,1,53,0" doraHai="24" doraHaiUra="41" who="0" fromWho="3" sc="357,62,172,0,407,0,54,-52" /><INIT seed="7,0,0,2,0,93" ten="419,172,407,2" oya="3" hai0="31,39,13,15,71,49,32,66,130,47,8,96,21" hai1="81,27,37,46,94,68,26,92,83,116,74,62,19" hai2="56,88,59,75,73,112,129,128,95,18,23,117,79" hai3="132,25,107,69,52,24,55,57,29,134,3,105,41"/><W101/><G69/><T111/><D39/><U33/><E37/><V65/><F117/><W16/><G41/><N who="0" m="24815" /><D32/><U44/><E33/><V76/><F112/><W103/><G3/><T104/><D104/><U14/><E74/><N who="2" m="28171" /><F65/><W120/><G120/><T125/><D71/><U1/><E1/><V108/><F108/><W63/><G16/><N who="0" m="10399" /><D111/><U0/><E0/><V123/><F123/><W115/><G115/><T100/><D130/><N who="2" m="50282" /><F76/><W40/><G40/><T98/><D125/><U50/><E62/><V97/><F79/><W121/><G121/><T7/><D100/><U11/><E68/><V127/><F127/><W131/><G131/><T70/><D70/><U48/><E116/><V114/><F114/><W106/><G55/><T45/><D66/><U38/><E92/><V109/><F109/><W89/><G89/><T67/><D67/><U118/><E48/><V36/><F36/><W54/><G54/><T82/><D31/><U58/><E19/><V35/><F35/><W60/><G60/><T102/><D102/><N who="3" m="38921" /><G29/><T2/><D2/><U10/><E38/><V22/><F22/><W4/><G4/><T9/><D9/><U133/><E10/><V64/><F64/><W91/><G91/><T122/><D122/><U34/><E118/><V86/><F86/><W77/><G77/><T124/><D124/><U28/><E28/><V42/><F42/><W84/><G84/><T110/><D110/><U119/><E119/><V99/><F99/><N who="0" m="37930" /><D45/><U135/><E50/><V17/><F17/><W43/><G43/><T72/><D72/><U61/><E44/><V53/><F53/><RYUUKYOKU ba="0,0" sc="419,10,172,-30,407,10,2,10" hai0="7,8,13,82" hai2="18,23,56,59,88,95,97" hai3="24,25,52,57,63,105,106,107,132,134" /><INIT seed="7,1,0,2,1,94" ten="429,142,417,12" oya="3" hai0="8,96,124,10,122,127,126,110,89,28,105,83,72" hai1="65,40,63,29,78,70,60,66,19,120,23,77,4" hai2="131,74,125,100,49,103,9,98,108,13,82,71,99" hai3="111,90,85,26,52,45,61,134,64,3,67,112,76"/><W34/><G3/><T79/><D110/><U18/><E120/><V21/><F108/><W56/><G111/><T58/><D122/><U32/><E32/><V37/><F37/><W93/><G112/><T7/><D28/><U51/><E4/><V69/><F21/><W88/><G34/><T30/><D30/><U5/><E5/><V14/><F49/><W101/><G134/><T84/><D58/><U55/><E40/><V39/><F39/><W48/><G76/><T54/><D54/><U116/><E29/><V73/><F82/><W50/><G101/><N who="0" m="62631" /><D7/><U86/><E86/><V106/><F131/><W11/><G11/><T16/><D16/><U43/><E43/><V95/><F125/><W59/><G90/><T53/><D53/><U115/><E115/><V81/><F81/><AGARI ba="1,0" hai="8,10,72,79,81,83,84,89,124,126,127" m="62631" machi="81" ten="30,2000,0" yaku="18,1,52,1" doraHai="94" who="0" fromWho="2" sc="429,23,142,0,417,-23,12,0" owari="452,56.0,142,-26.0,394,19.0,12,-49.0" /></mjloggm>