<mjloggm ver="2.3"><GO type="169" lobby="0"/><UN n0="%E5%8D%97%E6%96%97%E3%81%AE%E3%83%AC%E3%82%A4" n1="%47%2E%4B%2E" n2="%75%72%61%74%61%6D%61" n3="%E3%83%84%E3%83%B3%E2%98%86%E3%83%89%E3%83%A9%E3%82%AD%E3%83%BC" dan="16,17,16,16" rate="2117.55,2207.92,2072.67,2041.32" sx="M,M,M,F"/><TAIKYOKU oya="0"/><INIT seed="0,0,0,1,1,60" ten="250,250,250,250" oya="0" hai0="128,6,99,25,51,108,122,26,12,112,134,39,43" hai1="66,13,40,47,94,132,73,95,35,75,74,117,46" hai2="0,109,45,21,78,28,15,80,50,93,127,42,17" hai3="44,118,31,59,61,85,106,30,130,86,4,105,19"/><T16/><D122/><U71/><E117/><V101/><F109/><W87/><G130/><T100/><D39/><U27/><E132/><V5/><F127/><W67/><G118/><T56/><D112/><U123/><E123/><V55/><F28/><W14/><G4/><T107/><D6/><U90/><E13/><V82/><F0/><W32/><G32/><T125/><D134/><U24/><E35/><V36/><F5/><W129/><G129/><T49/><D128/><U38/><E47/><V18/><F78/><W77/><G77/><T70/><D70/><U11/><E11/><V64/><F18/><W126/><G126/><T96/><D125/><U135/><E135/><V20/><F20/><W89/><G89/><T120/><D120/><U33/><E33/><V57/><F101/><W92/><G92/><T116/><D116/><U63/><REACH who="1" step="1"/><E95/><REACH who="1" ten="250,240,250,250" step="2"/><V110/><F93/><W2/><G2/><T84/><D12/><U62/><E62/><V121/><F121/><W79/><G79/><T97/><D108/><U37/><E37/><V119/><F119/><W7/><G7/><T10/><D10/><U88/><E88/><V98/><F110/><W69/><G44/><N who="0" m="25759" /><D100/><U115/><E115/><V91/><F36/><W102/><G106/><T65/><D107/><U29/><E29/><V53/><F45/><W3/><G3/><T52/><D26/><U133/><E133/><V48/><F15/><W9/><G102/><T8/><D8/><U34/><E34/><V68/><F21/><W76/><G105/><T58/><D25/><U54/><E54/><V131/><F55/><RYUUKYOKU ba="0,1" sc="250,-10,240,30,250,-10,250,-10" hai1="24,27,38,40,46,63,66,71,73,74,75,90,94" /><INIT seed="1,1,1,2,3,19" ten="240,270,240,240" oya="1" hai0="40,125,23,90,37,8,78,18,95,113,34,4,134" hai1="123,132,15,93,129,88,122,94,61,65,107,44,29" hai2="48,116,117,85,43,71,79,53,42,98,114,55,120" hai3="2,126,63,47,13,59,6,31,0,135,64,92,58"/><U45/><E129/><V124/><F98/><W35/><G135/><T102/><D34/><U89/><E107/><V56/><F85/><W96/><G126/><T128/><D102/><U106/><E106/><V70/><F79/><W22/><G35/><T33/><D33/><U3/><E3/><V17/><F17/><W66/><G47/><T109/><D78/><U27/><E132/><V121/><F114/><W57/><G6/><T91/><D91/><U9/><E122/><V131/><F48/><W115/><G115/><T12/><D134/><U11/><E123/><V1/><F1/><W80/><G80/><T86/><D113/><U76/><E76/><V67/><F56/><W127/><G127/><T74/><D74/><U110/><E110/><V46/><F124/><W32/><G32/><T73/><D73/><U133/><E133/><V52/><F46/><N who="1" m="18025" /><E61/><N who="2" m="40303" /><F71/><W101/><G66/><T62/><D125/><U104/><E65/><V100/><F100/><W103/><G103/><T105/><D62/><U60/><E60/><V81/><F81/><W99/><G0/><T84/><D109/><U38/><E38/><V118/><F131/><W41/><G2/><N who="0" m="23" /><D105/><U36/><E36/><V10/><F10/><N who="1" m="3593" /><E15/><V28/><F28/><W87/><G13/><T82/><D128/><U50/><E50/><V68/><F68/><W24/><G41/><AGARI ba="1,1" hai="41,42,43,52,53,55,116,117,118,120,121" m="40303" machi="41" ten="40,5200,0" yaku="34,2,54,1" doraHai="19" who="2" fromWho="3" sc="240,0,270,0,240,65,240,-55" /><INIT seed="2,0,0,2,5,37" ten="240,270,305,185" oya="2" hai0="97,52,16,62,8,25,35,84,30,71,75,115,41" hai1="46,15,128,110,68,99,53,106,26,111,54,18,43" hai2="70,103,2,14,65,117,29,114,33,100,12,123,130" hai3="44,64,74,10,92,0,66,36,34,86,119,32,126"/><V95/><F2/><W124/><G119/><T50/><D75/><U91/><E68/><V6/><F117/><W51/><G74/><T17/><D115/><U94/><E106/><V134/><F114/><W40/><G36/><T107/><D84/><U27/><E128/><V104/><F95/><W20/><G20/><T125/><D8/><U129/><E129/><V98/><F103/><W57/><G10/><T5/><D5/><U108/><E26/><N who="2" m="18615" /><F130/><W19/><G19/><T67/><D125/><N who="3" m="48233" /><G0/><T118/><D118/><U38/><REACH who="1" step="1"/><E27/><REACH who="1" ten="240,260,305,185" step="2"/><V122/><F134/><W23/><G34/><T7/><D107/><U63/><E63/><N who="2" m="40255" /><F6/><W82/><G32/><T13/><D7/><U58/><E58/><V72/><F72/><W133/><G57/><T81/><D35/><U116/><E116/><V135/><F135/><W121/><G133/><T69/><D71/><U61/><E61/><V127/><F127/><W76/><G121/><AGARI ba="0,1" hai="12,14,98,100,104,121,122,123" m="40255,18615" machi="121" ten="30,1500,0" yaku="25,1" doraHai="37" who="2" fromWho="3" sc="240,0,260,0,305,25,185,-15" /><INIT seed="2,1,0,3,4,84" ten="240,260,330,170" oya="2" hai0="81,32,68,128,133,0,92,30,87,115,1,18,109" hai1="48,114,35,125,113,3,29,76,24,34,55,28,49" hai2="26,44,60,9,112,88,106,23,105,95,110,33,83" hai3="101,70,67,58,97,5,53,111,117,21,27,80,25"/><V131/><F112/><W31/><G111/><T46/><D68/><U107/><E107/><V45/><F131/><W54/><G117/><T73/><D73/><U2/><E76/><V7/><F33/><W78/><G5/><T38/><D115/><U72/><E72/><V15/><F110/><W75/><G70/><T93/><D93/><U98/><E98/><V59/><F83/><W119/><G119/><T104/><D104/><U123/><E55/><N who="2" m="33919" /><F105/><W86/><G75/><T74/><D0/><U79/><E79/><V43/><F43/><W122/><G122/><T71/><D1/><U130/><E24/><V96/><F106/><W37/><G37/><T42/><D71/><U100/><E100/><V17/><AGARI ba="1,0" hai="7,9,15,17,23,26,44,45,88,95,96" m="33919" machi="17" ten="30,11700,0" yaku="25,1,8,1,52,1,54,1" doraHai="84" who="2" fromWho="2" sc="240,-40,260,-40,330,120,170,-40" /><INIT seed="2,2,0,2,1,87" ten="200,220,450,130" oya="2" hai0="44,37,10,134,116,90,109,54,17,27,2,82,63" hai1="107,120,36,101,80,123,72,128,68,115,91,32,49" hai2="65,114,35,119,5,69,84,126,30,60,85,50,21" hai3="41,106,86,92,38,8,19,105,75,34,104,25,81"/><V102/><F119/><W76/><G34/><T23/><D116/><U133/><RYUUKYOKU type="yao9" ba="2,0" sc="200,0,220,0,450,0,130,0" hai1="32,36,49,68,72,80,91,101,107,115,120,123,128,133" /><INIT seed="2,3,0,5,0,77" ten="200,220,450,130" oya="2" hai0="113,29,38,57,21,135,126,122,105,72,95,118,71" hai1="67,64,97,110,83,35,128,42,70,103,59,86,89" hai2="92,46,4,26,39,130,41,47,91,62,93,5,82" hai3="50,51,107,79,0,27,108,98,11,124,58,133,88"/><V45/><F130/><W134/><G108/><T63/><RYUUKYOKU type="yao9" ba="3,0" sc="200,0,220,0,450,0,130,0" hai0="21,29,38,57,63,71,72,95,105,113,118,122,126,135" /><INIT seed="2,4,0,1,2,29" ten="200,220,450,130" oya="2" hai0="114,108,61,44,67,66,101,81,2,124,42,117,102" hai1="116,99,64,51,103,121,19,74,10,31,34,88,129" hai2="56,75,9,55,60,53,131,62,48,95,70,0,11" hai3="113,20,38,23,7,115,79,123,68,104,47,96,77"/><V33/><F131/><W28/><G68/><T15/><D2/><U46/><E116/><V65/><F75/><W13/><G123/><T24/><D114/><N who="3" m="43529" /><G104/><T6/><D67/><U49/><E74/><V85/><F33/><W92/><G38/><T127/><D117/><U107/><E129/><V37/><F37/><W41/><G47/><T14/><D108/><U86/><E64/><V8/><F85/><W109/><G109/><T35/><D81/><U27/><E121/><V17/><F95/><W130/><G41/><T54/><D54/><U5/><E19/><V16/><REACH who="2" step="1"/><F0/><REACH who="2" ten="200,220,440,130" step="2"/><W87/><G87/><T63/><D35/><U12/><E46/><AGARI ba="4,1" hai="8,9,11,16,17,46,48,53,55,56,60,62,65,70" machi="46" ten="40,7700,0" yaku="1,1,2,1,54,1,53,0" doraHai="29" doraHaiUra="22" who="2" fromWho="1" sc="200,0,220,-89,440,99,130,0" /><INIT seed="2,5,0,4,3,1" ten="200,131,539,130" oya="2" hai0="125,24,82,73,86,122,121,61,9,69,127,94,23" hai1="10,30,85,6,126,13,98,88,102,118,79,58,0" hai2="4,43,72,123,92,95,104,12,2,128,48,87,113" hai3="77,42,115,68,124,28,7,64,17,131,45,120,91"/><V97/><F72/><W11/><G124/><N who="0" m="47691" /><D73/><U96/><E126/><V117/><F2/><W32/><G131/><T50/><D94/><U33/><E118/><V106/><F113/><W100/><G120/><T135/><D135/><U101/><E79/><V119/><F43/><W55/><G55/><T37/><D37/><U54/><E13/><V109/><F48/><W15/><G100/><T52/><D9/><U67/><E67/><V89/><F12/><W41/><G77/><N who="0" m="46415" /><D69/><U78/><E78/><V40/><F40/><W62/><G115/><T116/><D61/><U27/><E101/><V108/><F4/><W90/><G41/><T111/><D111/><N who="2" m="42570" /><F128/><W110/><G110/><T46/><D116/><N who="2" m="44618" /><F123/><W47/><G47/><T59/><D46/><U22/><E102/><AGARI ba="5,0" hai="87,89,92,95,97,102,104,106" m="44618,42570" machi="102" ten="30,11600,0" yaku="14,1,10,1,34,2" doraHai="1" who="2" fromWho="1" sc="200,0,131,-131,539,131,130,0" /><INIT seed="2,6,0,3,3,129" ten="200,0,670,130" oya="2" hai0="18,49,75,104,45,63,21,40,116,84,134,33,89" hai1="95,30,108,107,88,93,51,43,121,103,112,82,113" hai2="105,73,124,3,86,79,55,24,111,126,117,102,42" hai3="19,17,9,0,44,52,58,39,13,115,96,48,77"/><V59/><F3/><W28/><G28/><T76/><D33/><U68/><E68/><V123/><F123/><W114/><G0/><T110/><D104/><U4/><E4/><V119/><F42/><W78/><G96/><T83/><D110/><U16/><E30/><V66/><F66/><W72/><G19/><T70/><D116/><U100/><E51/><V127/><F73/><W41/><G72/><T46/><D46/><U132/><E43/><V35/><F102/><N who="1" m="38953" /><E16/><V50/><F105/><W60/><G39/><T6/><D6/><U57/><E57/><V2/><F2/><W120/><G120/><T91/><D70/><U64/><E64/><V32/><F111/><W53/><G53/><T61/><D63/><U8/><E8/><V71/><F71/><W65/><G65/><T36/><D61/><U14/><E14/><V92/><F24/><W85/><G85/><T29/><D36/><U81/><E121/><V1/><F1/><W106/><G106/><T97/><D45/><U15/><E15/><V11/><F11/><W69/><G69/><T22/><D49/><U7/><E7/><V25/><F25/><W98/><G98/><T80/><D40/><U131/><E131/><V125/><F125/><W135/><G115/><N who="1" m="44106" /><E108/><V5/><F5/><W38/><G114/><T54/><D54/><U109/><E109/><V20/><F127/><W94/><G38/><T62/><D62/><U47/><E47/><V122/><F126/><W90/><G41/><T87/><D29/><U74/><E107/><V34/><F124/><W101/><G44/><T31/><D31/><RYUUKYOKU ba="6,0" sc="200,0,0,0,670,0,130,0" /><INIT seed="3,7,0,4,1,111" ten="200,0,670,130" oya="3" hai0="109,64,29,125,52,47,38,9,7,30,74,66,113" hai1="88,102,62,46,104,39,98,55,60,97,37,127,94" hai2="31,123,99,27,134,78,85,53,73,124,122,84,45" hai3="36,57,58,128,32,25,3,81,116,20,65,13,5"/><W19/><G128/><T112/><D74/><U11/><E127/><V132/><F53/><W80/><G116/><T33/><D109/><U118/><E118/><V135/><F45/><W4/><G36/><T6/><D125/><U101/><E11/><V35/><F124/><W133/><G133/><T115/><D6/><U26/><E26/><V15/><F15/><W48/><G3/><N who="0" m="255" /><D33/><U8/><E8/><V100/><F73/><W41/><G32/><T126/><D126/><U22/><E22/><V107/><F78/><W77/><G4/><T54/><D54/><U61/><E101/><V50/><F50/><W103/><G103/><T92/><D92/><U10/><E10/><V117/><F117/><W44/><G65/><N who="0" m="25195" /><D52/><U130/><E130/><V71/><F71/><W120/><G120/><AGARI ba="7,0" hai="27,31,35,84,85,99,100,107,120,122,123,132,134,135" machi="120" ten="50,3200,0" yaku="13,1,20,1" doraHai="111" who="2" fromWho="3" sc="200,0,0,0,670,53,130,-53" /><INIT seed="4,0,0,3,4,80" ten="200,0,723,77" oya="0" hai0="44,15,120,20,65,59,53,127,131,122,97,123,58" hai1="37,86,81,12,36,68,90,45,55,38,35,98,117" hai2="46,107,121,119,41,26,51,11,106,34,75,50,87" hai3="77,1,40,72,126,118,23,105,103,56,4,91,113"/><T32/><D32/><U6/><E68/><V48/><F75/><W134/><G113/><T17/><D65/><U0/><E35/><V9/><F121/><W89/><G134/><T66/><D66/><U82/><E117/><V8/><F119/><W49/><G126/><T93/><D127/><U10/><E98/><V25/><F87/><W85/><G118/><T18/><D131/><U47/><E55/><V112/><F34/><W21/><G72/><T13/><D44/><U101/><E101/><V73/><F73/><W94/><G105/><T74/><D74/><U60/><E60/><V76/><F76/><W54/><G77/><T30/><D30/><U128/><E128/><V2/><F2/><W62/><G103/><T135/><D135/><U5/><E81/><V96/><F96/><N who="3" m="57423" /><G4/><T67/><D67/><U28/><E28/><V132/><F132/><W57/><G1/><T99/><D99/><U109/><E109/><V22/><F112/><W95/><G40/><T102/><REACH who="0" step="1"/><D53/><AGARI ba="0,0" hai="21,23,49,53,54,56,57,62,85,91,95" m="57423" machi="53" ten="30,2000,0" yaku="8,1,52,1" doraHai="80" who="3" fromWho="0" sc="200,-20,0,0,723,0,77,20" /><INIT seed="5,0,0,5,1,3" ten="180,0,723,97" oya="1" hai0="84,6,118,34,15,50,108,130,55,65,110,23,132" hai1="29,94,123,93,100,47,52,59,48,22,131,114,64" hai2="77,74,35,38,68,124,119,128,70,45,43,91,54" hai3="106,32,7,28,0,19,60,31,13,85,1,126,8"/><U17/><E123/><V56/><F119/><W82/><G106/><T115/><D34/><U27/><E131/><V18/><F128/><W67/><G126/><T127/><D118/><U107/><E114/><V102/><F102/><W66/><G0/><T24/><D130/><U121/><E121/><V96/><F35/><W2/><G2/><T11/><D127/><U83/><E107/><V105/><F105/><W62/><G32/><T109/><D65/><U72/><E72/><V88/><F77/><W134/><G134/><T12/><D12/><U63/><E83/><V20/><F74/><W86/><G86/><T125/><D125/><U104/><E17/><V80/><F91/><W46/><G46/><T61/><D132/><U57/><E104/><V44/><F44/><W133/><G133/><T33/><D33/><U69/><E100/><V16/><F18/><W39/><G39/><T10/><D115/><U37/><E59/><V92/><F80/><W14/><G1/><T78/><D110/><U98/><E98/><V135/><F135/><W76/><G31/><T89/><D78/><U111/><E111/><V116/><F124/><W5/><G28/><T113/><D113/><U103/><E103/><V49/><F116/><W97/><G97/><T36/><D109/><U73/><E73/><V129/><F129/><W79/><G79/><T58/><D108/><U75/><E75/><V25/><AGARI ba="0,0" hai="16,20,25,38,43,45,49,54,56,68,70,88,92,96" machi="25" ten="20,5200,0" yaku="0,1,7,1,54,2" doraHai="3" who="2" fromWho="2" sc="180,-13,0,-26,723,52,97,-13" owari="167,-3.0,-26,-53.0,775,88.0,84,-32.0" /></mjloggm>