<mjloggm ver="2.3"><GO type="169" lobby="0"/><UN n0="%6F%66" n1="%E8%8B%B1%E5%9B%BD%E5%A3%B2%E5%8D%B4" n2="%4E%4F%2E%E2%85%A0" n3="%51%6F%6F%E5%9D%8A" dan="16,18,16,16" rate="2173.77,2237.60,2200.02,2128.46" sx="M,M,M,M"/><TAIKYOKU oya="0"/><INIT seed="0,0,0,0,5,5" ten="250,250,250,250" oya="0" hai0="134,131,16,36,110,59,75,130,3,37,90,123,135" hai1="43,77,58,66,69,57,48,96,122,126,132,11,12" hai2="29,125,79,20,74,97,108,127,35,49,22,89,80" hai3="73,60,14,107,8,17,70,65,113,50,78,52,39"/><T93/><D75/><U102/><E122/><V71/><F108/><W72/><G113/><T61/><D3/><U41/><E126/><N who="2" m="48139" /><F71/><W4/><G107/><T54/><D123/><U128/><E128/><N who="0" m="49193" /><D93/><U95/><E132/><N who="0" m="50729" /><D90/><U111/><E111/><V120/><F120/><W31/><G31/><T23/><D110/><U100/><E77/><V109/><F109/><W63/><G63/><T46/><D46/><U55/><E69/><V15/><F89/><W87/><G78/><T83/><D83/><U27/><E27/><AGARI ba="0,0" hai="16,23,27,36,37,54,59,61" m="50729,49193" machi="27" ten="30,5800,0" yaku="19,1,20,1,54,1" doraHai="5" who="0" fromWho="1" sc="250,58,250,-58,250,0,250,0" /><INIT seed="0,1,0,3,3,112" ten="308,192,250,250" oya="0" hai0="79,19,28,117,129,0,16,18,33,39,90,15,69" hai1="29,56,10,30,116,1,52,135,102,58,125,25,131" hai2="7,127,31,103,99,41,53,77,134,82,12,107,48" hai3="75,66,115,94,111,101,43,65,128,130,89,97,68"/><T104/><D39/><U59/><E125/><V27/><F127/><W44/><G115/><T121/><D69/><U50/><E131/><V123/><F134/><W9/><G75/><T17/><D121/><U55/><E135/><V76/><F41/><W67/><G68/><T64/><D64/><U23/><E102/><V2/><F2/><W24/><G111/><T14/><D104/><U126/><E126/><V109/><F109/><W62/><G62/><T114/><D114/><U49/><E116/><V84/><F123/><W113/><G113/><T110/><D110/><U93/><E93/><V61/><F61/><W106/><G24/><N who="0" m="18567" /><D90/><U6/><REACH who="1" step="1"/><E30/><REACH who="1" ten="308,182,250,250" step="2"/><V122/><F31/><W78/><G130/><T3/><D129/><U35/><E35/><V108/><F103/><W74/><G128/><T133/><D133/><U40/><E40/><V37/><F122/><W22/><G101/><T92/><D92/><U70/><E70/><V132/><F132/><W73/><G94/><T46/><D79/><U80/><E80/><V57/><F76/><W42/><G78/><T95/><D95/><U71/><E71/><V34/><F108/><W36/><G43/><T63/><D117/><U118/><E118/><V91/><F77/><W32/><G42/><T54/><D0/><U83/><E83/><V21/><F82/><W120/><G73/><T5/><D3/><U124/><E124/><V60/><F99/><W47/><G97/><T88/><D15/><U87/><E87/><V26/><F84/><W20/><G74/><T98/><D98/><U96/><E96/><V86/><F86/><RYUUKYOKU ba="1,1" sc="308,-10,182,30,250,-10,250,-10" hai1="1,6,10,23,25,29,49,50,52,55,56,58,59" /><INIT seed="1,2,1,4,5,73" ten="298,212,240,240" oya="1" hai0="114,115,29,98,30,32,39,57,27,104,10,126,54" hai1="20,74,113,125,91,79,107,84,121,23,78,18,133" hai2="12,117,3,24,38,44,127,49,53,135,110,106,101" hai3="0,112,22,42,81,80,50,67,131,118,60,41,63"/><U97/><E121/><V1/><F110/><W94/><G112/><T108/><D108/><U55/><E113/><V46/><F135/><W58/><G0/><T26/><D39/><U47/><E74/><V129/><F129/><W34/><G34/><T83/><D126/><U70/><E70/><V33/><F117/><W13/><G118/><T9/><D9/><U134/><E97/><V90/><F127/><W36/><G36/><T48/><D10/><U116/><E107/><V68/><F68/><W105/><G105/><T8/><D8/><U35/><E35/><V124/><F124/><W11/><G22/><N who="1" m="8234" /><E18/><V4/><F106/><W85/><G81/><T109/><D109/><U65/><E65/><V95/><F33/><W52/><G94/><T100/><D27/><U51/><E116/><V66/><F101/><W64/><G131/><T99/><D30/><U21/><N who="1" m="8242" /><U6/><DORA hai="71" /><E6/><V102/><F102/><W77/><G64/><T45/><D99/><U111/><E125/><V87/><F66/><W19/><G63/><T17/><D17/><U132/><E111/><V89/><F24/><W59/><AGARI ba="2,1" hai="11,13,19,41,42,50,52,58,59,60,67,77,80,85" machi="59" ten="20,8000,1" yaku="0,1,7,1,8,1,52,1,54,1" doraHai="73,71" who="3" fromWho="3" sc="298,-22,212,-42,240,-22,240,96" /><INIT seed="2,0,0,0,3,2" ten="276,170,218,336" oya="2" hai0="3,92,40,12,135,73,95,118,134,129,89,53,124" hai1="99,14,117,91,66,71,24,106,4,33,28,1,90" hai2="104,11,10,113,16,122,110,55,126,79,128,100,78" hai3="6,34,80,94,61,9,47,22,85,116,112,60,68"/><V105/><F122/><W32/><G116/><T29/><D3/><U74/><E117/><V72/><F113/><W63/><G68/><T37/><D118/><U132/><E132/><V67/><F128/><W30/><G94/><T102/><D73/><U20/><E74/><V125/><F67/><W38/><G22/><T39/><D29/><U86/><E86/><V54/><F72/><W65/><G65/><T59/><D40/><U133/><E133/><N who="0" m="50697" /><D12/><U35/><E35/><V97/><F110/><W42/><G30/><T83/><D83/><U5/><E1/><V103/><REACH who="2" step="1"/><F97/><REACH who="2" ten="276,170,208,336" step="2"/><W101/><G112/><T43/><D129/><U108/><E108/><V69/><F69/><W7/><G101/><T111/><D111/><U84/><E66/><V93/><F93/><W127/><G127/><T52/><D95/><N who="1" m="56823" /><E71/><V15/><F15/><W76/><G80/><T121/><D102/><U18/><E106/><V0/><F0/><W120/><G120/><T114/><D121/><U17/><E33/><V64/><F64/><W75/><G34/><T50/><D124/><U131/><E131/><V8/><F8/><W81/><G9/><T96/><D114/><U31/><E31/><V51/><F51/><W88/><G32/><T130/><D130/><U56/><E28/><V36/><F36/><W46/><G38/><T87/><D96/><U13/><E13/><V123/><F123/><W62/><N who="3" m="15360" /><DORA hai="49" /><W23/><G75/><T98/><D98/><U119/><E119/><V58/><F58/><W44/><G81/><T115/><D115/><U27/><E56/><V109/><F109/><RYUUKYOKU ba="0,1" sc="276,-10,170,-10,208,30,336,-10" hai2="10,11,16,54,55,78,79,100,103,104,105,125,126" /><INIT seed="2,1,1,4,3,120" ten="266,160,238,326" oya="2" hai0="65,53,59,13,107,130,40,44,21,30,122,0,12" hai1="33,118,72,48,27,96,32,79,81,88,104,110,25" hai2="124,54,116,8,109,86,89,34,125,64,63,38,68" hai3="123,73,114,83,29,126,77,42,100,102,4,23,82"/><V112/><F116/><W6/><G123/><T37/><D122/><U135/><E118/><V20/><F34/><W60/><G42/><T56/><D0/><U67/><E135/><V9/><F112/><W117/><G117/><T28/><D107/><U55/><E67/><V85/><F38/><W15/><G60/><T90/><D130/><U35/><E110/><V134/><F134/><W18/><G29/><T105/><D105/><U61/><E61/><V91/><F20/><W78/><G126/><N who="2" m="48745" /><F54/><W47/><G47/><T41/><D90/><N who="2" m="34314" /><F109/><W51/><G114/><T92/><D53/><U108/><E108/><V70/><F70/><W76/><G51/><T98/><D21/><U36/><E36/><V57/><F68/><W115/><G115/><T17/><D44/><U99/><E99/><V49/><F49/><W95/><G23/><T121/><D98/><U26/><E104/><V132/><F132/><W24/><G6/><T16/><D37/><U128/><E128/><V93/><F93/><W5/><G95/><T58/><D121/><U22/><E22/><V94/><F94/><W131/><G131/><T7/><D92/><N who="1" m="56327" /><E35/><V46/><F46/><W66/><G4/><T75/><D7/><U52/><E55/><V10/><AGARI ba="1,1" hai="8,9,10,57,63,64,85,86" m="34314,48745" machi="10" ten="40,2100,0" yaku="18,1" doraHai="120" who="2" fromWho="2" sc="266,-8,160,-8,238,34,326,-8" /><INIT seed="2,2,0,0,2,120" ten="258,152,272,318" oya="2" hai0="71,31,55,106,129,44,67,49,6,75,116,104,126" hai1="81,84,34,94,127,98,46,89,123,39,52,72,17" hai2="112,99,122,15,42,64,59,58,53,128,77,47,16" hai3="37,100,54,30,33,80,83,79,108,88,66,74,111"/><V73/><F112/><W12/><G37/><T103/><D75/><U10/><E123/><V92/><F122/><W131/><G66/><T5/><D126/><U87/><E127/><V23/><F128/><W24/><G131/><T51/><D129/><U11/><E34/><V82/><F53/><W85/><G100/><T13/><D116/><U97/><E72/><V22/><F22/><W43/><G43/><T8/><D31/><U107/><E39/><V109/><F64/><W4/><G4/><T32/><D32/><U26/><E107/><V2/><F2/><W28/><G28/><T40/><D103/><U1/><E1/><V50/><REACH who="2" step="1"/><F109/><REACH who="2" ten="258,152,262,318" step="2"/><N who="3" m="42059" /><G12/><T130/><D130/><U115/><E115/><V62/><F62/><W124/><G124/><T86/><D67/><U90/><E26/><V76/><F76/><N who="3" m="44055" /><G54/><T119/><D55/><U41/><E41/><V61/><F61/><W56/><G56/><T134/><D13/><N who="1" m="7351" /><E11/><V0/><F0/><W117/><G117/><T14/><D119/><U114/><E114/><V95/><F95/><W3/><G3/><T69/><D8/><U36/><E52/><V20/><F20/><W19/><G19/><T110/><D110/><U125/><E125/><V68/><F68/><W113/><G113/><T9/><D9/><U57/><E57/><V60/><F60/><W105/><G105/><T91/><D71/><U65/><E65/><V7/><F7/><W45/><G45/><T18/><D69/><U29/><E29/><V48/><F48/><W21/><G33/><T101/><D104/><U27/><E27/><V133/><F133/><RYUUKYOKU ba="2,1" sc="258,-30,152,10,262,10,318,10" hai1="36,46,81,84,87,89,90,94,97,98" hai2="15,16,23,42,47,50,58,59,73,77,82,92,99" hai3="21,24,30,79,83,85,88" /><INIT seed="2,3,1,3,2,5" ten="228,162,272,328" oya="2" hai0="79,85,125,43,59,52,3,126,110,128,24,115,107" hai1="23,58,32,42,83,90,100,21,38,40,27,49,109" hai2="68,18,44,36,64,47,82,30,55,2,98,20,70" hai3="87,118,14,80,131,119,95,10,13,94,117,50,106"/><V67/><F2/><W99/><G131/><T46/><D115/><U73/><E32/><V104/><F30/><W34/><G34/><T112/><D112/><U33/><E33/><V39/><F82/><W77/><G14/><T60/><D107/><U74/><E23/><V9/><F98/><W6/><G106/><T71/><D3/><U102/><E38/><N who="2" m="14379" /><F18/><W69/><G69/><N who="2" m="26729" /><F9/><W8/><G8/><T66/><D128/><U81/><E81/><V57/><F20/><W133/><G133/><T121/><D121/><U92/><E83/><V101/><F101/><W124/><G124/><N who="0" m="47723" /><D85/><U28/><E100/><V91/><F91/><W76/><G76/><T37/><D79/><U114/><E102/><V56/><F104/><W41/><G99/><T63/><D24/><U62/><E114/><V132/><F132/><W120/><G120/><T51/><D110/><U17/><E109/><V35/><F35/><W127/><G127/><T88/><D88/><U72/><E28/><V75/><F75/><W61/><G95/><T111/><D111/><U0/><E0/><V135/><F135/><W116/><G94/><T129/><D129/><U1/><E1/><V22/><F22/><W45/><G118/><T26/><D26/><U15/><E27/><V65/><F57/><W53/><G117/><T54/><D37/><U16/><E74/><V97/><F97/><W89/><G89/><T108/><D108/><U48/><E73/><V123/><F123/><W113/><G113/><T84/><D84/><N who="1" m="52295" /><E72/><V130/><F130/><W19/><G19/><T4/><D4/><U12/><E17/><RYUUKYOKU ba="3,1" sc="228,10,162,-30,272,10,328,10" hai0="43,46,51,52,54,59,60,63,66,71" hai2="44,47,55,56,64,65,67" hai3="6,10,13,41,45,50,53,61,77,80,87,116,119" /><INIT seed="2,4,1,3,1,85" ten="238,132,282,338" oya="2" hai0="74,30,13,90,17,115,135,63,113,64,56,35,99" hai1="95,6,27,128,11,14,93,4,65,122,121,34,59" hai2="96,12,104,9,53,97,71,57,105,94,66,0,114" hai3="37,26,107,109,60,91,126,76,101,116,132,58,43"/><V3/><F114/><W124/><G116/><T52/><D74/><U61/><E128/><V129/><F129/><W82/><G37/><T92/><D135/><U110/><E110/><V134/><F134/><W88/><G43/><T72/><D72/><U25/><E6/><V112/><F112/><W77/><G132/><T22/><D35/><U111/><E111/><V87/><F87/><N who="3" m="48583" /><G109/><T118/><D118/><U86/><E34/><V20/><F66/><N who="3" m="39191" /><G77/><T83/><D30/><U21/><E27/><V50/><F20/><W80/><G80/><T33/><D33/><U10/><E10/><V31/><F31/><W19/><G101/><T68/><REACH who="0" step="1"/><D83/><REACH who="0" ten="228,132,282,338" step="2"/><U46/><E122/><V84/><F105/><W48/><G107/><T125/><D125/><N who="3" m="48233" /><G48/><AGARI ba="4,2" hai="13,17,22,48,52,56,63,64,68,90,92,99,113,115" machi="48" ten="30,7700,0" yaku="1,1,7,1,52,1,54,1,53,0" doraHai="85" doraHaiUra="38" who="0" fromWho="3" sc="228,109,132,0,282,0,338,-89" /><INIT seed="3,0,0,4,1,126" ten="337,132,282,249" oya="3" hai0="36,5,90,54,69,42,17,87,84,49,53,114,57" hai1="32,75,130,22,67,128,20,55,107,66,10,77,118" hai2="125,35,16,4,7,31,60,46,132,43,24,88,133" hai3="28,13,58,111,65,108,64,122,68,45,110,120,11"/><W0/><G0/><T103/><D114/><U124/><E124/><V95/><F125/><W38/><G28/><T34/><D69/><U1/><E32/><V25/><F60/><N who="3" m="39943" /><G13/><T89/><D34/><U86/><E55/><V26/><F4/><W15/><G15/><T121/><D121/><N who="3" m="46697" /><G11/><T14/><D42/><U134/><E118/><V2/><F7/><W3/><G3/><T123/><D36/><U37/><E37/><V73/><F73/><W109/><G111/><T47/><D103/><U21/><E134/><N who="2" m="51819" /><F16/><W9/><G9/><T112/><D112/><U63/><E75/><V74/><F74/><W117/><G117/><T119/><D5/><U116/><E116/><V115/><F2/><W91/><G91/><N who="0" m="34827" /><D119/><U8/><E107/><V62/><F115/><W19/><G19/><T81/><D123/><U93/><E1/><V59/><F88/><W52/><G65/><N who="1" m="24586" /><E63/><V23/><F35/><W27/><G27/><T48/><D81/><N who="1" m="47407" /><E93/><V29/><F95/><W131/><G38/><T113/><D113/><U102/><E102/><V101/><F101/><W78/><G78/><T100/><D100/><U41/><E41/><V50/><F29/><W82/><G82/><T96/><D96/><U72/><E72/><V79/><F79/><W39/><G39/><T70/><D70/><U44/><E44/><V94/><F94/><W6/><G45/><T61/><D87/><U104/><E104/><V51/><F62/><N who="3" m="36167" /><G6/><T12/><D84/><U106/><E106/><V40/><F40/><W105/><G105/><T97/><D97/><U129/><AGARI ba="0,0" hai="8,10,20,21,22,128,129,130" m="47407,24586" machi="129" ten="40,8000,1" yaku="19,1,52,3" doraHai="126" who="1" fromWho="1" sc="337,-20,132,80,282,-20,249,-40" /><INIT seed="4,0,0,2,2,86" ten="317,212,262,209" oya="0" hai0="38,134,40,97,64,83,56,112,92,104,59,60,21" hai1="23,19,75,69,118,33,1,62,54,44,57,123,63" hai2="73,58,28,128,51,61,120,22,95,106,67,101,5" hai3="24,34,88,25,135,107,8,14,76,79,29,47,91"/><T49/><D112/><U46/><E118/><V129/><F106/><W12/><G107/><T17/><D134/><U66/><E33/><V82/><F5/><W115/><G115/><T45/><D104/><U124/><E123/><V42/><F120/><W114/><G114/><T15/><D83/><U39/><E1/><V80/><F51/><W16/><G135/><T117/><D117/><U41/><E46/><V93/><F42/><W121/><G121/><T6/><D6/><U70/><E75/><V116/><F116/><W105/><G105/><T108/><D108/><U37/><E23/><V2/><F2/><W43/><G14/><T122/><D122/><U10/><E19/><V131/><F73/><W126/><G25/><T113/><D113/><U90/><E10/><V85/><F101/><W18/><G18/><T50/><REACH who="0" step="1"/><D56/><REACH who="0" ten="307,212,262,209" step="2"/><U111/><E111/><V110/><F82/><W3/><G3/><T53/><D53/><U68/><E124/><V11/><F110/><W132/><G126/><T81/><D81/><U0/><E0/><V99/><F80/><W48/><REACH who="3" step="1"/><G132/><REACH who="3" ten="307,212,262,199" step="2"/><T65/><D65/><U78/><E78/><AGARI ba="0,2" hai="8,12,16,24,29,34,43,47,48,76,78,79,88,91" machi="78" ten="40,12000,2" yaku="1,1,2,1,52,2,54,2,53,1" doraHai="86" doraHaiUra="9" who="3" fromWho="1" sc="307,0,212,-120,262,0,199,140" /><INIT seed="5,0,0,1,3,49" ten="307,92,262,339" oya="1" hai0="97,45,29,120,67,106,35,133,99,41,43,19,52" hai1="4,88,108,6,95,110,39,91,82,14,107,30,79" hai2="21,105,37,115,46,28,103,76,20,101,63,98,34" hai3="57,31,119,18,96,128,62,0,10,24,116,13,59"/><U125/><E39/><V5/><F115/><W126/><G128/><T72/><D72/><U89/><E107/><V117/><F117/><W25/><G126/><T36/><D133/><U64/><E64/><V15/><F101/><W135/><G135/><T84/><D120/><U48/><E125/><V61/><F76/><W104/><G0/><T69/><D41/><U90/><E30/><V70/><F5/><W93/><G104/><T16/><D67/><U42/><N who="1" m="22528" /><DORA hai="74" /><U122/><E95/><V38/><F15/><W54/><G59/><T129/><D69/><U127/><E122/><V66/><F63/><W2/><G2/><T102/><D84/><N who="1" m="48223" /><E127/><V27/><F37/><W123/><G123/><T58/><D97/><U9/><E6/><V112/><F112/><W22/><G25/><T124/><D124/><U111/><E48/><V71/><F71/><W51/><G51/><T81/><D81/><U33/><E42/><AGARI ba="0,0" hai="20,21,27,28,34,38,42,46,61,66,70,98,103,105" machi="42" ten="40,2600,0" yaku="25,2" doraHai="49,74" who="2" fromWho="1" sc="307,0,92,-26,262,26,339,0" /><INIT seed="6,0,0,4,5,134" ten="307,66,288,339" oya="2" hai0="114,39,15,85,130,49,131,91,126,29,74,40,68" hai1="69,129,57,60,78,112,6,104,58,97,8,46,109" hai2="24,71,11,20,30,128,125,0,79,56,127,93,86" hai3="103,34,72,98,13,133,41,121,90,59,21,1,64"/><V120/><F71/><W14/><G1/><T7/><D74/><U84/><E112/><V33/><F120/><W89/><G34/><T44/><D114/><U61/><E109/><V123/><F123/><W27/><G72/><T76/><D68/><U4/><E69/><V9/><F128/><N who="0" m="49194" /><D29/><U110/><E110/><V80/><F33/><W28/><G41/><T111/><D111/><U10/><E129/><V36/><F36/><W5/><G121/><T108/><D108/><U116/><E116/><V53/><F93/><W118/><G118/><T102/><D102/><U83/><E104/><V54/><F54/><W23/><G14/><T135/><D76/><U63/><E97/><V106/><F106/><W2/><G2/><T18/><D7/><U55/><E46/><V48/><REACH who="2" step="1"/><F0/><REACH who="2" ten="307,66,278,339" step="2"/><W101/><G133/><T115/><D115/><U51/><REACH who="1" step="1"/><E58/><REACH who="1" ten="307,56,278,339" step="2"/><V73/><F73/><W12/><G59/><T31/><D135/><U96/><E96/><V77/><F77/><W22/><G98/><T113/><D113/><U47/><E47/><V43/><F43/><W16/><G103/><T87/><D44/><U37/><E37/><V119/><F119/><W107/><G101/><T81/><D40/><U67/><E67/><V75/><F75/><W100/><G64/><T52/><D39/><U122/><E122/><V94/><F94/><W38/><G100/><T132/><D132/><U45/><E45/><V117/><F117/><W26/><G107/><T50/><D87/><U82/><E82/><V88/><F88/><W95/><G38/><T65/><D91/><N who="3" m="34825" /><G95/><T66/><D81/><RYUUKYOKU ba="0,2" sc="307,-15,56,15,278,15,339,-15" hai1="4,6,8,10,51,55,57,60,61,63,78,83,84" hai2="9,11,20,24,30,48,53,56,79,80,86,125,127" /><INIT seed="6,1,2,4,1,12" ten="292,71,293,324" oya="2" hai0="64,134,61,25,35,135,113,31,87,133,104,102,37" hai1="108,52,82,93,9,129,57,44,6,106,23,98,50" hai2="126,81,18,109,114,112,5,70,22,20,128,101,124" hai3="85,2,65,94,34,103,47,26,45,30,72,67,60"/><V79/><F70/><W127/><G72/><T132/><N who="0" m="33792" /><DORA hai="99" /><T118/><D113/><N who="2" m="43626" /><F128/><W125/><G2/><T122/><D122/><U42/><E108/><V117/><F117/><W24/><G67/><T63/><D118/><U38/><E129/><V48/><F5/><W123/><G26/><T92/><D37/><U55/><E106/><V28/><F109/><W89/><G103/><T68/><D61/><U86/><E23/><V21/><F28/><W75/><G75/><T4/><D4/><U90/><E57/><V43/><F101/><W111/><G123/><T58/><D58/><U88/><REACH who="1" step="1"/><E38/><REACH who="1" ten="292,61,293,324" step="2"/><V13/><F21/><W100/><G111/><T66/><D104/><U8/><E8/><V19/><F20/><W76/><G127/><T91/><D66/><U10/><E10/><V73/><F124/><W119/><G125/><T53/><D64/><U71/><E71/><V120/><F126/><W16/><G119/><T105/><D68/><U7/><E7/><V14/><F120/><W130/><G65/><T49/><D105/><U1/><AGARI ba="1,3" hai="1,6,9,42,44,50,52,55,82,86,88,90,93,98" machi="1" ten="20,12000,2" yaku="1,1,0,1,7,1,54,2,53,1" doraHai="12,99" doraHaiUra="69,77" who="1" fromWho="1" sc="292,-31,61,153,293,-61,324,-31" /><INIT seed="7,0,0,4,3,96" ten="261,214,232,293" oya="3" hai0="81,85,130,100,118,51,33,41,80,67,53,50,123" hai1="56,38,128,22,25,121,72,0,88,102,90,37,91" hai2="131,115,129,69,135,28,61,116,92,18,9,98,48" hai3="89,23,39,62,57,12,125,71,76,99,105,15,79"/><W65/><G39/><T46/><D118/><U111/><E121/><V97/><F116/><W1/><G1/><T29/><D123/><U21/><E111/><V5/><F115/><W77/><G125/><T103/><D130/><N who="2" m="49674" /><F135/><W19/><G71/><T63/><D29/><U82/><E0/><N who="2" m="167" /><F28/><W75/><G75/><T7/><D33/><U113/><E128/><V30/><F30/><W45/><G45/><N who="0" m="27855" /><D7/><U106/><E113/><V32/><F32/><W24/><G105/><T42/><D42/><U73/><E56/><V14/><F48/><W114/><G114/><T36/><D36/><U34/><E34/><V107/><F107/><W126/><G126/><T119/><D119/><U94/><E106/><V59/><F92/><AGARI ba="0,0" hai="12,15,19,23,24,57,62,65,76,77,79,89,92,99" machi="92" ten="40,2000,0" yaku="8,1" doraHai="96" who="3" fromWho="2" sc="261,0,214,0,232,-20,293,20" owari="261,6.0,214,-19.0,212,-29.0,313,42.0" /></mjloggm>