<mjloggm ver="2.3"><GO type="185" lobby="0"/><UN n0="%E2%99%AA%E5%A4%A2%E5%85%88%E6%A1%88%E5%86%85%E4%BA%BA" n1="%54%61%6B%61%52%6F%6E" n2="%E9%AC%BC" n3="" dan="17,17,17,0" rate="2276.21,2201.74,2269.33,1500.00" sx="F,M,F,C"/><TAIKYOKU oya="0"/><INIT seed="0,0,0,2,3,123" ten="350,350,350,0" oya="0" hai0="113,43,57,35,37,124,115,32,45,34,74,48,69" hai1="87,51,135,118,108,77,125,85,133,61,116,95,121" hai2="122,101,92,53,98,50,94,1,86,72,111,100,89" hai3=""/><T41/><D74/><U44/><N who="1" m="31008" /><U60/><E125/><V70/><N who="2" m="31264" /><V112/><F1/><T128/><D124/><U78/><E95/><V71/><F112/><T126/><D126/><U40/><E51/><V82/><F111/><T58/><D69/><U81/><E44/><V106/><F101/><T2/><D2/><U88/><E40/><V90/><F94/><T68/><D68/><U99/><E99/><V91/><F91/><T129/><D37/><U80/><REACH who="1" step="1"/><E88/><REACH who="1" ten="350,340,350,0" step="2"/><V42/><F42/><T119/><D41/><U59/><E59/><V83/><F83/><T46/><D46/><U75/><E75/><V79/><F90/><T76/><D57/><AGARI ba="0,1" hai="50,53,57,70,71,72,79,82,86,89,92,98,100,106" m="31264" machi="57" ten="30,7700,0" yaku="7,1,24,2,52,1" doraHai="123" who="2" fromWho="0" sc="350,-77,340,0,350,87,0,0" /><INIT seed="1,0,0,1,2,34" ten="273,340,437,0" oya="1" hai0="59,68,100,35,78,106,1,95,49,101,64,79,56" hai1="88,97,107,48,2,108,133,32,135,124,55,92,45" hai2="91,81,73,61,93,62,102,60,42,53,103,123,109" hai3=""/><U114/><E32/><V89/><N who="2" m="31520" /><V46/><F109/><T77/><D35/><U51/><E2/><V126/><F126/><T40/><D106/><U130/><E124/><V134/><F134/><N who="1" m="51209" /><E114/><V115/><F53/><T43/><D1/><U58/><E108/><V113/><F113/><T116/><D116/><U131/><E107/><V128/><F128/><T125/><D125/><U117/><E117/><V90/><F93/><T33/><D33/><U65/><E65/><V39/><REACH who="2" step="1"/><F115/><REACH who="2" ten="273,340,427,0" step="2"/><T86/><D95/><U87/><E97/><V41/><F41/><AGARI ba="0,1" hai="41,45,48,51,55,58,87,88,92,130,131" m="51209" machi="41" ten="30,2900,0" yaku="20,1,54,1" doraHai="34" who="1" fromWho="2" sc="273,0,340,39,427,-29,0,0" /><INIT seed="1,1,0,3,2,50" ten="273,379,398,0" oya="1" hai0="81,119,35,75,45,82,34,129,87,61,49,113,133" hai1="63,47,70,80,62,99,103,90,107,96,3,0,105" hai2="126,89,104,41,43,97,130,135,72,54,111,122,58" hai3=""/><U120/><N who="1" m="30752" /><U95/><E105/><V48/><N who="2" m="31264" /><V60/><F126/><T77/><D113/><U118/><E118/><V117/><F117/><T134/><D119/><U65/><E80/><V125/><F125/><T78/><D129/><U56/><REACH who="1" step="1"/><E47/><REACH who="1" ten="273,369,398,0" step="2"/><V132/><F104/><T44/><D44/><U73/><E73/><V64/><F72/><T114/><D114/><U32/><E32/><V94/><F130/><T55/><D34/><U101/><E101/><V121/><N who="2" m="31008" /><V69/><F111/><T39/><D35/><U128/><E128/><V102/><F102/><T37/><D134/><AGARI ba="1,1" hai="41,43,48,54,58,60,64,69,89,94,97,132,134,135" m="31008,31264" machi="134" ten="40,8000,1" yaku="20,1,52,3" doraHai="50" who="2" fromWho="0" sc="273,-82,369,0,398,92,0,0" /><INIT seed="2,0,0,4,3,79" ten="191,369,490,0" oya="2" hai0="46,49,100,68,83,92,87,33,52,61,125,47,78" hai1="72,65,96,34,118,35,132,113,93,55,69,99,122" hai2="76,67,128,123,109,53,56,97,42,94,116,41,124" hai3=""/><V0/><N who="2" m="31520" /><V38/><F116/><T75/><D33/><U32/><N who="1" m="31264" /><U71/><E113/><V44/><F124/><T98/><D125/><U37/><E118/><V70/><F128/><T90/><D68/><U134/><E37/><V107/><F42/><T131/><D61/><U57/><E72/><V119/><F119/><T80/><D131/><U73/><E73/><V77/><F107/><T88/><REACH who="0" step="1"/><D46/><REACH who="0" ten="181,369,490,0" step="2"/><U62/><E71/><V102/><F0/><T43/><D43/><U84/><E32/><V111/><F70/><T51/><D51/><U89/><E34/><V115/><F115/><T95/><D95/><U130/><E130/><V40/><F40/><T110/><D110/><N who="2" m="41994" /><F67/><T60/><D60/><AGARI ba="0,1" hai="38,41,44,53,56,60,76,77,94,97,102" m="41994,31520" machi="60" ten="30,5800,0" yaku="14,1,10,1,52,1" doraHai="79" who="2" fromWho="0" sc="181,-58,369,0,490,68,0,0" /><INIT seed="2,1,0,2,4,54" ten="123,369,558,0" oya="2" hai0="46,47,129,87,35,135,124,92,53,111,130,71,116" hai1="80,38,55,73,77,101,41,100,120,96,107,0,97" hai2="132,36,34,128,75,65,106,123,115,69,91,40,67" hai3=""/><V37/><RYUUKYOKU type="yao9" ba="1,0" sc="123,0,369,0,558,0,0,0" hai2="34,36,37,40,65,67,69,75,91,106,115,123,128,132" /><INIT seed="2,2,0,5,5,132" ten="123,369,558,0" oya="2" hai0="133,109,105,131,55,49,42,37,45,66,59,73,135" hai1="67,81,84,85,125,57,35,36,34,110,51,75,47" hai2="121,94,99,115,1,92,39,72,33,95,77,106,104" hai3=""/><V128/><N who="2" m="31008" /><V117/><F33/><T61/><D105/><U127/><E110/><V102/><F39/><T82/><D109/><U93/><E36/><V89/><F1/><T58/><D73/><U100/><E75/><V87/><F128/><T90/><D82/><U88/><E67/><V74/><F117/><T53/><D90/><U46/><E57/><V126/><F126/><N who="1" m="48137" /><E100/><V52/><F52/><T129/><REACH who="0" step="1"/><D55/><REACH who="0" ten="113,369,558,0" step="2"/><U111/><E111/><V64/><F72/><T120/><N who="0" m="30752" /><T76/><D76/><U40/><E34/><V43/><F106/><T38/><D38/><U54/><E35/><V107/><F107/><T41/><D41/><U79/><E40/><V69/><F43/><T65/><D65/><U103/><E103/><V116/><F77/><T63/><D63/><U134/><E79/><V62/><F74/><T96/><D96/><U122/><N who="1" m="31264" /><U2/><E81/><V48/><F62/><T123/><N who="0" m="31520" /><T71/><D71/><U83/><E83/><V32/><F69/><T91/><D91/><U113/><E54/><V68/><F64/><T112/><D112/><U108/><E113/><V60/><F32/><T98/><D98/><U56/><E108/><V86/><F115/><T70/><D70/><RYUUKYOKU ba="2,1" sc="113,20,369,-10,558,-10,0,0" hai0="37,42,45,49,53,58,59,61,66,129,131,133,135" /><INIT seed="4,3,1,2,5,45" ten="133,359,548,0" oya="0" hai0="105,1,101,51,54,34,81,131,87,117,134,95,118" hai1="91,65,133,107,63,57,100,114,79,106,128,130,69" hai2="113,75,49,80,33,71,39,103,55,129,62,94,97" hai3=""/><T119/><D1/><U120/><N who="1" m="30752" /><U89/><E133/><V60/><F39/><T99/><D34/><U115/><E79/><V37/><F37/><T44/><D134/><U124/><E124/><V52/><F129/><N who="1" m="49769" /><E100/><V90/><F33/><T98/><D131/><U122/><N who="1" m="31264" /><U0/><E0/><V36/><F36/><T46/><D46/><U116/><E116/><V68/><F68/><T43/><D43/><U67/><E67/><V64/><F62/><T108/><D108/><U58/><E58/><V104/><F71/><T83/><REACH who="0" step="1"/><D87/><REACH who="0" ten="123,359,548,0" step="2"/><U86/><E86/><V56/><F75/><T73/><D73/><U96/><E96/><V42/><F42/><T77/><D77/><U132/><E132/><V76/><F76/><T102/><AGARI ba="3,2" hai="44,51,54,81,83,95,98,99,101,102,105,117,118,119" machi="102" ten="40,5200,0" yaku="1,1,0,1,52,1,53,0" doraHai="45" doraHaiUra="82" who="0" fromWho="0" sc="123,78,359,-29,548,-29,0,0" /><INIT seed="4,4,0,3,0,74" ten="201,330,519,0" oya="0" hai0="39,57,38,135,93,127,86,83,111,113,132,53,65" hai1="118,62,107,115,85,59,67,134,44,133,71,66,73" hai2="104,52,114,42,95,47,33,90,102,60,124,36,100" hai3=""/><T110/><D113/><U40/><E73/><V126/><F33/><T58/><D93/><U105/><E118/><V97/><F114/><T41/><D127/><N who="2" m="48682" /><F104/><T2/><D2/><U51/><E115/><V61/><F52/><T69/><D69/><U63/><REACH who="1" step="1"/><E85/><REACH who="1" ten="201,320,519,0" step="2"/><V72/><F72/><T98/><D98/><U108/><E108/><N who="0" m="41513" /><D65/><U76/><E76/><V3/><F3/><T34/><D34/><U81/><E81/><V91/><F91/><T64/><D86/><U106/><AGARI ba="4,1" hai="40,44,51,59,62,63,66,67,71,105,106,107,133,134" machi="106" ten="40,2000,0" yaku="1,1,0,1,53,0" doraHai="74" doraHaiUra="32" who="1" fromWho="1" sc="201,-17,320,38,519,-11,0,0" /><INIT seed="5,0,0,0,3,120" ten="184,358,508,0" oya="1" hai0="113,1,131,2,101,105,124,108,57,56,121,111,40" hai1="126,123,84,90,0,134,72,81,33,104,82,99,96" hai2="125,106,39,88,36,47,37,55,110,107,112,35,65" hai3=""/><U54/><N who="1" m="31520" /><U49/><E0/><V3/><F3/><T67/><N who="0" m="31008" /><T76/><D113/><U119/><E33/><V59/><F112/><T128/><D76/><U73/><E119/><V60/><F125/><T91/><D124/><U114/><E134/><V66/><F88/><T80/><D40/><U115/><E126/><V43/><F35/><T129/><D1/><U133/><E133/><V87/><F87/><T132/><D132/><U83/><E115/><V62/><F110/><N who="0" m="42026" /><D67/><N who="2" m="25610" /><F106/><T97/><D2/><U46/><E114/><V53/><F107/><T78/><D91/><U63/><E73/><AGARI ba="0,0" hai="56,57,73,78,80,97,101,105,128,129,131" m="42026,31008" machi="73" ten="40,8000,1" yaku="19,1,52,4" doraHai="120" who="0" fromWho="1" sc="184,80,358,-80,508,0,0,0" /><INIT seed="6,0,0,5,2,92" ten="264,278,508,0" oya="2" hai0="63,69,85,110,109,53,129,112,122,35,77,39,81" hai1="107,134,117,102,47,42,124,86,84,66,43,41,135" hai2="128,51,57,119,116,105,58,2,98,111,32,118,90" hai3=""/><V44/><F128/><T54/><N who="0" m="31264" /><T127/><D35/><U88/><E117/><V71/><F2/><T125/><D39/><U68/><E124/><N who="0" m="47689" /><D129/><U59/><E68/><V74/><F32/><T64/><D112/><U49/><E86/><V62/><F111/><AGARI ba="0,0" hai="53,54,63,64,69,77,81,85,109,110,111" m="47689,31264" machi="111" ten="30,2000,0" yaku="18,1,52,1" doraHai="92" who="0" fromWho="2" sc="264,20,278,0,508,-20,0,0" owari="284,-12.0,278,-32.0,488,44.0,0,0.0" /></mjloggm>