<mjloggm ver="2.3"><GO type="169" lobby="0"/><UN n0="%61%6E%6C%75%6E" n1="%E3%82%B3%E3%82%AB%E3%83%A9%E3%82%A4%E3%82%A2" n2="%E6%9C%A8%E6%BC%8F%E3%82%8C%E6%97%A5" n3="%52%45%49%4E%E6%A3%AE%E4%B9%85%E4%BF%9D%50" dan="16,17,17,16" rate="2102.58,2154.37,2210.51,2135.77" sx="M,M,M,M"/><TAIKYOKU oya="0"/><INIT seed="0,0,0,1,0,28" ten="250,250,250,250" oya="0" hai0="118,4,26,122,66,19,64,3,111,96,86,113,94" hai1="120,58,15,52,79,65,93,72,62,29,121,13,17" hai2="32,131,102,45,125,92,25,42,67,75,108,41,129" hai3="76,2,103,68,128,8,56,55,87,99,83,43,57"/><T71/><D113/><U35/><E72/><V23/><F75/><W77/><G68/><T10/><D118/><U123/><E79/><V5/><F108/><W112/><G112/><T12/><D122/><U24/><E93/><V80/><F125/><W9/><G128/><T18/><D111/><U70/><REACH who="1" step="1"/><E17/><REACH who="1" ten="250,240,250,250" step="2"/><V107/><F92/><W20/><G77/><T117/><D117/><U130/><E130/><V106/><F131/><W37/><G76/><T110/><D110/><U85/><E85/><V39/><F129/><W81/><G87/><T95/><D86/><U11/><E11/><V7/><F80/><W22/><G9/><T98/><D71/><U14/><E14/><V63/><F107/><W34/><G8/><T82/><D3/><U132/><E132/><V124/><F106/><W47/><G83/><T54/><D82/><U1/><E1/><V50/><F124/><W101/><G81/><T115/><D115/><U88/><E88/><V40/><F7/><W0/><G2/><T133/><D133/><U38/><E38/><V61/><F5/><W91/><G0/><T97/><D95/><U78/><E78/><V74/><F39/><W51/><G91/><T46/><D94/><U44/><E44/><V53/><F74/><W134/><G47/><T69/><D69/><U33/><E33/><V31/><F32/><W114/><G37/><T36/><D36/><U109/><E109/><V73/><F73/><W27/><G34/><T90/><D90/><U6/><E6/><V60/><F102/><W116/><G134/><T59/><D46/><U84/><E84/><RYUUKYOKU ba="0,1" sc="250,-15,240,15,250,15,250,-15" hai1="13,15,24,29,35,52,58,62,65,70,120,121,123" hai2="23,25,31,40,41,42,45,50,53,60,61,63,67" /><INIT seed="1,1,1,1,5,57" ten="235,255,265,235" oya="1" hai0="93,48,117,92,3,28,23,30,21,0,35,43,124" hai1="122,11,66,115,63,112,9,18,47,72,19,33,37" hai2="58,96,49,125,45,34,129,36,135,22,100,40,83" hai3="26,67,88,62,60,12,70,98,78,89,79,127,107"/><U10/><E72/><V56/><F34/><W61/><G127/><T99/><D117/><U50/><E122/><V1/><F1/><W132/><G132/><T52/><D124/><U65/><E33/><V17/><F125/><W90/><G26/><T123/><D43/><U20/><E37/><V84/><F129/><W68/><G12/><T95/><D35/><U109/><E109/><V14/><F36/><W55/><G55/><T41/><D41/><U75/><E75/><V46/><F46/><W101/><REACH who="3" step="1"/><G67/><REACH who="3" ten="235,255,265,225" step="2"/><T59/><D123/><U64/><E65/><V134/><F134/><W31/><G31/><N who="0" m="11819" /><D3/><U7/><E66/><V8/><F135/><W108/><G108/><T24/><D0/><U32/><E64/><V85/><F22/><N who="0" m="8202" /><D24/><U2/><E2/><V4/><F17/><W121/><G121/><T69/><D69/><AGARI ba="1,2" hai="60,61,62,68,69,70,78,79,88,89,90,98,101,107" machi="69" ten="50,8000,1" yaku="1,1,52,3,54,1,53,0" doraHai="57" doraHaiUra="15" who="3" fromWho="0" sc="235,-83,255,0,265,0,225,103" /><INIT seed="2,0,0,3,3,34" ten="152,255,265,328" oya="2" hai0="2,48,68,65,5,58,74,23,80,107,89,7,84" hai1="130,41,62,118,133,129,49,103,67,40,1,30,126" hai2="0,93,135,106,19,16,125,105,3,54,43,94,79" hai3="116,63,120,22,50,128,10,91,78,14,104,17,113"/><V108/><F43/><N who="1" m="16457" /><E103/><V102/><F79/><W42/><G104/><T37/><D37/><U73/><E73/><V45/><F102/><W59/><G116/><T127/><D127/><U35/><E118/><V31/><F31/><W71/><G120/><T69/><D107/><U99/><E99/><V9/><F9/><W83/><G113/><T86/><D74/><U15/><E15/><V33/><F54/><W6/><G91/><T12/><D68/><U85/><E85/><V76/><F76/><W101/><G101/><T119/><D69/><U114/><E114/><V20/><F45/><W25/><G71/><T121/><D119/><U47/><E30/><V26/><F33/><W18/><G128/><N who="1" m="49258" /><E35/><V111/><F20/><W53/><G42/><T4/><D121/><U124/><E1/><V36/><F26/><W61/><G6/><T52/><D65/><U32/><E32/><V96/><F96/><W24/><REACH who="3" step="1"/><G24/><REACH who="3" ten="152,255,265,318" step="2"/><T46/><D2/><U11/><E126/><V27/><F27/><W8/><G8/><T66/><D89/><U112/><E11/><V98/><F125/><W29/><G29/><T97/><D7/><U28/><E28/><V60/><F106/><W64/><G64/><T110/><D5/><U122/><E124/><V44/><F105/><W117/><G117/><T70/><D4/><U134/><E112/><V21/><F3/><W51/><G51/><T92/><D66/><U57/><E122/><V109/><F0/><W95/><G95/><T39/><D92/><U131/><E131/><V87/><F98/><W81/><G81/><T38/><D97/><RYUUKYOKU ba="0,1" sc="152,-15,255,15,265,-15,318,15" hai1="47,49,57,62,67,133,134" hai3="10,14,17,18,22,25,50,53,59,61,63,78,83" /><INIT seed="3,1,1,1,3,120" ten="137,270,250,333" oya="3" hai0="10,75,43,1,57,5,131,2,85,9,18,87,39" hai1="88,24,62,80,49,104,0,91,17,79,26,113,28" hai2="38,7,27,90,19,105,58,74,33,69,123,84,15" hai3="60,73,82,116,54,125,22,8,95,71,133,93,30"/><W16/><G116/><T46/><D131/><U128/><E113/><V121/><F69/><W14/><G133/><T86/><D57/><U65/><E128/><V115/><F74/><W51/><G125/><T66/><D66/><U13/><E0/><V42/><F105/><W94/><G73/><T130/><D130/><U124/><E104/><V132/><F115/><W122/><G122/><N who="2" m="46601" /><F7/><W100/><G82/><T97/><D97/><U118/><E124/><V45/><F58/><W101/><G71/><T29/><D29/><U52/><E118/><V35/><F27/><N who="3" m="16759" /><G60/><T12/><D75/><U23/><E62/><V126/><F132/><W63/><G63/><T36/><D36/><U40/><E40/><V77/><F77/><W25/><G25/><T102/><D102/><U76/><E65/><V56/><F56/><AGARI ba="1,1" hai="8,14,16,51,54,56,93,94,95,100,101" m="16759" machi="56" ten="30,2900,0" yaku="8,1,54,1" doraHai="120" who="3" fromWho="2" sc="137,0,270,0,250,-32,333,42" /><INIT seed="3,2,0,0,4,128" ten="137,270,218,375" oya="3" hai0="38,112,131,130,127,29,85,97,25,67,60,2,32" hai1="15,91,86,111,106,74,55,6,68,105,104,88,82" hai2="135,62,9,41,36,89,71,11,77,73,22,27,80" hai3="1,23,58,117,107,63,95,61,114,132,37,83,33"/><W79/><G107/><T134/><D2/><U126/><E68/><V12/><F36/><W72/><G33/><T59/><D127/><U57/><E126/><V24/><F41/><W125/><G1/><T70/><D38/><U21/><E111/><V93/><F135/><W116/><G125/><T118/><D118/><U14/><E74/><V20/><F71/><W129/><G37/><T115/><D134/><U4/><E91/><V45/><F45/><W102/><G132/><T39/><D39/><U90/><E90/><V87/><F62/><W10/><G129/><N who="0" m="49163" /><D85/><U48/><REACH who="1" step="1"/><E21/><REACH who="1" ten="137,260,218,375" step="2"/><V100/><F22/><W124/><G23/><T75/><D75/><U31/><E31/><V49/><F20/><W17/><G124/><T16/><D70/><U94/><E94/><V99/><F11/><W133/><G95/><T0/><D97/><U26/><E26/><V98/><F98/><W19/><G10/><T53/><D115/><U35/><E35/><V108/><F108/><W110/><G133/><T64/><D112/><U7/><AGARI ba="2,1" hai="4,6,7,14,15,48,55,57,82,86,88,104,105,106" machi="7" ten="40,5200,0" yaku="1,1,0,1,54,1,53,0" doraHai="128" doraHaiUra="123" who="1" fromWho="1" sc="137,-15,260,68,218,-15,375,-28" /><INIT seed="4,0,0,4,5,132" ten="122,328,203,347" oya="0" hai0="59,92,56,5,14,97,7,123,129,100,133,58,21" hai1="52,9,82,126,120,20,68,62,89,37,122,51,69" hai2="98,65,55,40,131,36,114,15,127,31,30,34,4" hai3="41,71,85,117,44,88,115,128,27,72,73,43,95"/><T110/><D123/><U135/><E135/><V99/><F65/><W124/><G117/><T107/><D133/><U130/><E130/><V26/><F131/><W87/><G128/><T84/><D129/><U29/><E9/><V10/><F114/><W77/><G71/><T66/><D110/><U118/><E37/><V22/><F40/><W121/><G115/><T102/><D102/><U11/><E11/><V76/><F36/><W125/><G121/><T81/><D107/><U1/><E118/><V74/><F31/><W101/><G101/><T64/><D7/><U13/><E1/><V46/><F76/><W96/><G27/><T6/><D6/><U109/><E29/><V18/><F74/><N who="3" m="28779" /><G43/><T113/><D113/><U108/><E13/><V23/><F127/><N who="3" m="48715" /><G77/><T33/><D33/><U24/><E24/><N who="2" m="14423" /><F34/><W61/><G61/><T3/><D3/><U91/><E62/><V83/><F26/><W49/><AGARI ba="0,0" hai="41,44,49,85,87,88,95,96" m="48715,28779" machi="49" ten="30,8000,1" yaku="18,1,52,3,54,1" doraHai="132" who="3" fromWho="3" sc="122,-40,328,-20,203,-20,347,80" /><INIT seed="5,0,0,0,3,31" ten="82,308,183,427" oya="1" hai0="109,90,6,117,17,127,99,119,42,113,25,52,135" hai1="45,37,34,79,74,118,68,22,101,85,18,40,124" hai2="46,24,104,7,16,86,60,47,54,15,32,133,77" hai3="72,62,39,26,134,112,96,64,43,61,100,57,3"/><U97/><E124/><V71/><F104/><W63/><G112/><T125/><D109/><U106/><E118/><V83/><F133/><W116/><G72/><T9/><D42/><U95/><E68/><V8/><F71/><W2/><G116/><N who="0" m="44619" /><D135/><U98/><E34/><V80/><F80/><W11/><G134/><T30/><D99/><U20/><E74/><V122/><F122/><W82/><G82/><T130/><D90/><U103/><E79/><V73/><F73/><W5/><G2/><N who="0" m="215" /><D52/><U12/><REACH who="1" step="1"/><E85/><REACH who="1" ten="82,298,183,427" step="2"/><V44/><F32/><W29/><G39/><T89/><D113/><U50/><E50/><N who="2" m="28999" /><F60/><W55/><G43/><T128/><D17/><U41/><E41/><V75/><F75/><W4/><G62/><T105/><D105/><U58/><E58/><V49/><F49/><W35/><G63/><T48/><D48/><U131/><E131/><N who="0" m="50217" /><D89/><U69/><E69/><V10/><F47/><W21/><G35/><AGARI ba="0,1" hai="25,30,35,125,127" m="50217,215,44619" machi="35" ten="30,8000,1" yaku="19,1,23,1,34,2,52,1" doraHai="31" who="0" fromWho="3" sc="82,90,298,0,183,0,427,-80" /><INIT seed="6,0,0,5,1,12" ten="172,298,183,347" oya="2" hai0="95,43,120,52,94,111,56,77,53,62,46,38,96" hai1="85,88,42,72,54,131,33,130,47,5,8,64,80" hai2="6,75,40,1,103,91,135,28,92,124,15,123,29" hai3="74,13,133,0,63,76,126,121,97,31,27,51,66"/><V48/><F123/><W83/><G121/><T117/><D111/><U98/><E33/><V68/><F1/><W65/><G133/><T45/><D120/><U14/><E64/><V37/><F37/><W113/><G0/><T87/><D117/><U99/><E54/><V81/><F68/><W114/><G126/><T9/><D9/><U119/><E72/><V36/><F36/><W132/><G132/><T18/><D77/><U127/><E127/><V21/><F135/><W32/><G51/><T20/><D87/><U22/><E22/><V70/><F70/><W3/><G3/><T34/><D34/><U16/><E5/><V26/><F124/><W59/><G65/><T73/><D73/><U125/><E119/><V25/><F103/><W102/><REACH who="3" step="1"/><G13/><REACH who="3" ten="172,298,183,337" step="2"/><T110/><D110/><U93/><E125/><V17/><F48/><W23/><G23/><T78/><D20/><U4/><E131/><V50/><F50/><W108/><G108/><T115/><D38/><U79/><E130/><V10/><F26/><W100/><G100/><T39/><D39/><U128/><E128/><V106/><F25/><W118/><G118/><T19/><D43/><U49/><E4/><V30/><F40/><W55/><G55/><T61/><D56/><U129/><E129/><V84/><F21/><W107/><AGARI ba="0,1" hai="27,31,32,59,63,66,74,76,83,97,102,107,113,114" machi="107" ten="30,7900,0" yaku="1,1,0,1,53,2" doraHai="12" doraHaiUra="109" who="3" fromWho="3" sc="172,-20,298,-20,183,-39,337,89" /><INIT seed="7,0,0,4,5,32" ten="152,278,144,426" oya="3" hai0="23,103,99,59,120,41,123,68,46,4,135,119,108" hai1="82,102,65,100,93,101,76,40,96,134,27,70,90" hai2="133,53,116,95,66,97,105,127,44,62,22,58,42" hai3="75,72,31,98,25,16,104,21,39,9,3,50,77"/><W64/><G39/><T28/><D119/><U121/><E134/><V126/><F105/><W84/><G64/><T33/><D108/><U92/><E121/><V8/><F116/><W80/><G50/><T19/><D68/><U106/><E27/><V24/><F133/><W13/><G104/><T83/><D135/><U117/><E40/><V57/><F8/><W112/><G112/><T63/><D4/><U45/><E45/><V43/><F44/><W73/><G98/><T79/><D28/><U10/><E10/><V107/><F107/><W6/><G72/><T34/><D34/><AGARI ba="0,0" hai="3,6,9,13,16,21,25,31,34,73,75,77,80,84" machi="34" ten="30,12000,1" yaku="7,1,24,2,52,1,54,1" doraHai="32" who="3" fromWho="0" sc="152,-120,278,0,144,0,426,120" owari="32,-47.0,278,8.0,144,-26.0,546,65.0" /></mjloggm>