<mjloggm ver="2.3"><GO type="169" lobby="0"/><UN n0="%E3%83%95%E3%82%B5%E3%82%A6%E3%83%9F%E3%82%B3%E3%83%83%E3%83%97" n1="%E3%81%A6%E3%82%93%E3%81%A6%E3%81%93%E7%8B%90" n2="%E5%BD%A9%E4%BA%AC" n3="%E7%89%8C%E6%B5%81%E5%AE%9A%E7%9F%B3%E6%9C%80%E9%AB%98" dan="17,16,17,16" rate="2230.21,2171.86,2202.04,2127.48" sx="M,M,M,M"/><TAIKYOKU oya="0"/><INIT seed="0,0,0,1,0,116" ten="250,250,250,250" oya="0" hai0="104,45,99,0,65,56,102,106,92,75,66,95,118" hai1="33,121,34,71,68,8,100,22,37,120,57,115,88" hai2="3,40,90,78,59,132,46,30,98,29,80,77,4" hai3="47,110,16,48,119,60,35,96,6,122,20,91,52"/><T51/><D118/><U113/><E100/><V97/><F132/><W55/><G119/><T114/><D114/><N who="1" m="43531" /><E37/><V43/><F59/><N who="3" m="34943" /><G35/><N who="1" m="13322" /><E22/><V87/><F3/><W83/><G110/><T25/><D0/><U135/><E135/><V125/><F4/><W107/><G107/><T38/><D75/><U7/><E57/><V42/><F46/><W111/><G111/><T103/><D38/><U123/><E88/><V81/><F90/><W63/><G63/><T86/><D56/><U10/><E10/><V53/><F53/><W127/><G127/><T17/><D106/><U70/><E70/><V21/><F125/><W9/><G9/><T128/><D104/><U1/><AGARI ba="0,0" hai="1,7,8,68,71,120,121,123" m="13322,43531" machi="1" ten="40,8000,1" yaku="11,1,23,1,52,3" doraHai="116" who="1" fromWho="1" sc="250,-40,250,80,250,-20,250,-20" /><INIT seed="1,0,0,4,2,11" ten="210,330,230,230" oya="1" hai0="23,81,40,67,84,55,49,91,54,105,7,104,4" hai1="19,109,52,21,16,124,132,68,123,88,63,6,28" hai2="48,39,78,83,72,125,98,127,61,31,107,62,34" hai3="45,20,12,87,101,57,3,29,96,112,51,35,133"/><U103/><E103/><N who="2" m="62967" /><F39/><W79/><G112/><T41/><D67/><U82/><E123/><V53/><F31/><W9/><G133/><T38/><D38/><U15/><E132/><V128/><F34/><W2/><G57/><T86/><D23/><U97/><E124/><N who="2" m="47691" /><F128/><W56/><G56/><AGARI ba="0,0" hai="48,53,56,61,62,72,78,83" m="47691,62967" machi="56" ten="30,1000,0" yaku="18,1" doraHai="11" who="2" fromWho="3" sc="210,0,330,0,230,10,230,-10" /><INIT seed="2,0,0,4,4,128" ten="210,330,240,220" oya="2" hai0="36,59,127,68,110,65,7,41,11,102,2,124,57" hai1="95,76,64,89,12,21,50,22,114,112,34,87,72" hai2="116,82,20,126,117,94,48,27,17,5,84,131,70" hai3="54,121,115,96,51,6,88,4,46,86,37,43,79"/><V26/><F70/><W107/><G121/><T53/><D102/><U103/><E34/><V135/><F131/><W67/><G115/><T98/><D98/><U45/><E64/><V119/><F126/><W123/><G123/><T9/><D110/><U55/><E103/><V122/><F122/><W134/><G134/><T63/><D11/><U83/><REACH who="1" step="1"/><E12/><REACH who="1" ten="210,320,240,220" step="2"/><V16/><F119/><W118/><G67/><T75/><D127/><U62/><E62/><V52/><F117/><W125/><G125/><T47/><D124/><U106/><E106/><V30/><F116/><W71/><G118/><T66/><D65/><U18/><E18/><V133/><F17/><W28/><G71/><T120/><D120/><U44/><E44/><V29/><F5/><W31/><G4/><T3/><D2/><U130/><E130/><V13/><F13/><W99/><G6/><T111/><D111/><U91/><E91/><N who="2" m="51607" /><F27/><W129/><G129/><T85/><D57/><U49/><E49/><V25/><F25/><W0/><G0/><T19/><D19/><U69/><E69/><V97/><F135/><W105/><G105/><T109/><D109/><U80/><E80/><V33/><F133/><W90/><G107/><T56/><D56/><U132/><E132/><V61/><F33/><W15/><G15/><T92/><D68/><U39/><E39/><V24/><F61/><W42/><G90/><N who="0" m="53327" /><D66/><U100/><E100/><N who="2" m="60471" /><F26/><W108/><G108/><T8/><D3/><U38/><E38/><V73/><F73/><W101/><G37/><T10/><D7/><U35/><E35/><V104/><F104/><RYUUKYOKU ba="0,1" sc="210,10,320,10,240,10,220,-30" hai0="8,9,10,36,41,47,53,59,63,75" hai1="21,22,45,50,55,72,76,83,87,89,95,112,114" hai2="16,20,24,29,30,48,52" /><INIT seed="2,1,1,4,4,62" ten="220,330,250,190" oya="2" hai0="14,34,78,21,130,9,75,116,123,37,77,127,89" hai1="27,29,42,114,1,48,50,58,7,56,85,33,82" hai2="60,22,43,88,94,0,91,115,80,120,24,10,25" hai3="98,106,6,8,97,96,20,113,67,39,122,64,12"/><V26/><F120/><W57/><G113/><T41/><D123/><U59/><E114/><V79/><F115/><W40/><G106/><T53/><D34/><U124/><E124/><V52/><F43/><W128/><G122/><T101/><D127/><U49/><E1/><V18/><F0/><W119/><G119/><T118/><D101/><U70/><E70/><V110/><F110/><W133/><G128/><T35/><D35/><U107/><E7/><V117/><F117/><W84/><G133/><T16/><D130/><U38/><E38/><V13/><F94/><W121/><G57/><T15/><D77/><U105/><REACH who="1" step="1"/><E42/><REACH who="1" ten="220,320,250,190" step="2"/><V11/><F91/><AGARI ba="1,2" hai="27,29,33,48,49,50,56,58,59,82,85,91,105,107" machi="91" ten="40,2600,0" yaku="1,1,2,1,53,0" doraHai="62" doraHaiUra="99" who="1" fromWho="2" sc="220,0,320,49,250,-29,190,0" /><INIT seed="3,0,0,5,5,115" ten="220,369,221,190" oya="3" hai0="106,3,58,2,29,96,40,51,30,113,119,68,124" hai1="81,67,118,120,133,62,74,122,111,15,63,93,41" hai2="27,66,71,43,104,57,44,128,80,18,36,31,55" hai3="52,94,90,116,37,17,13,123,48,134,83,77,34"/><W107/><G123/><T88/><D68/><U10/><E41/><V129/><F104/><W89/><G134/><T45/><D113/><U8/><E133/><V92/><F18/><W39/><G107/><T103/><D124/><U4/><E111/><V9/><F9/><W97/><G34/><T42/><D42/><U76/><E118/><V23/><F80/><W87/><G116/><T78/><D78/><U33/><E33/><V16/><F31/><W49/><G49/><T14/><D119/><U61/><E67/><V82/><F82/><W64/><G64/><T131/><D131/><N who="2" m="50250" /><F92/><W6/><G6/><T110/><D110/><U50/><E50/><N who="2" m="30967" /><F66/><W22/><REACH who="3" step="1"/><G77/><REACH who="3" ten="220,369,221,180" step="2"/><T56/><D106/><U1/><E122/><V79/><F79/><W73/><G73/><T130/><D130/><U53/><E120/><V69/><AGARI ba="0,1" hai="16,23,27,36,43,44,69,71" m="30967,50250" machi="69" ten="30,2000,0" yaku="19,1,54,1" doraHai="115" who="2" fromWho="2" sc="220,-5,369,-5,221,30,180,-10" /><INIT seed="4,0,0,5,5,62" ten="215,364,251,170" oya="0" hai0="65,56,19,3,51,129,58,12,74,63,135,27,70" hai1="20,30,54,4,72,94,43,50,48,9,133,87,81" hai2="96,26,13,66,23,77,117,18,1,75,76,95,16" hai3="53,89,84,34,121,32,90,97,61,47,0,46,55"/><T17/><D3/><U11/><E133/><V98/><F1/><W33/><G121/><T59/><D74/><U127/><E127/><V126/><F117/><W57/><G0/><T21/><D135/><U104/><E104/><V15/><F126/><W128/><G128/><T123/><D123/><U80/><E72/><V29/><F75/><W45/><G97/><N who="2" m="37481" /><F95/><W114/><G114/><T44/><D129/><U42/><E30/><V24/><F66/><W2/><G2/><T106/><D106/><U108/><E94/><V118/><F118/><W83/><REACH who="3" step="1"/><G89/><REACH who="3" ten="215,364,251,160" step="2"/><T52/><REACH who="0" step="1"/><D70/><REACH who="0" ten="205,364,251,160" step="2"/><U28/><E108/><V39/><F77/><W10/><G10/><AGARI ba="0,2" hai="10,12,17,19,21,27,44,51,52,56,58,59,63,65" machi="10" ten="30,18000,2" yaku="1,1,2,1,7,1,8,1,52,1,54,1,53,0" doraHai="62" doraHaiUra="25" who="0" fromWho="3" sc="205,200,364,0,251,0,160,-180" owari="405,51.0,364,16.0,251,-15.0,-20,-52.0" /></mjloggm>