<mjloggm ver="2.3"><GO type="169" lobby="0"/><UN n0="%E7%83%8F%E8%B3%8A%E4%B9%8B%E8%BC%94" n1="%E7%89%8C%E6%B5%81%E5%AE%9A%E7%9F%B3%E6%9C%80%E9%AB%98" n2="%E3%81%AE%E3%81%93%E3%81%8D%E3%81%AE%E3%81%93" n3="%E3%81%A6%E3%82%93%E3%81%A6%E3%81%93%E7%8B%90" dan="17,16,16,16" rate="2222.62,2121.76,2130.99,2173.92" sx="M,M,M,M"/><TAIKYOKU oya="0"/><INIT seed="0,0,0,3,2,111" ten="250,250,250,250" oya="0" hai0="73,79,126,40,80,94,114,72,92,12,2,123,78" hai1="109,135,63,15,69,85,131,36,26,0,25,130,108" hai2="44,10,103,118,45,29,95,34,96,62,22,106,86" hai3="88,113,30,120,7,47,5,122,59,55,1,90,41"/><T125/><D2/><U61/><E36/><V110/><F110/><N who="1" m="42601" /><E0/><V50/><F118/><W67/><G30/><T13/><D80/><U20/><E69/><V132/><F132/><W19/><G67/><T52/><D123/><N who="3" m="47145" /><G19/><T99/><D99/><U82/><E15/><V105/><F34/><W97/><G113/><T24/><D52/><U115/><E115/><V121/><F45/><W51/><G97/><T48/><D114/><U58/><E58/><V76/><F10/><N who="3" m="2351" /><G7/><T101/><D48/><AGARI ba="0,0" hai="41,47,48,51,55,59,88,90" m="2351,47145" machi="48" ten="30,2000,0" yaku="13,1,54,1" doraHai="111" who="3" fromWho="0" sc="250,-20,250,0,250,0,250,20" /><INIT seed="1,0,0,0,2,18" ten="230,250,250,270" oya="1" hai0="131,52,63,68,10,108,106,48,51,39,126,112,62" hai1="21,109,85,31,118,15,74,81,20,120,92,65,75" hai2="124,80,99,103,57,29,89,102,61,11,33,97,60" hai3="43,64,117,114,8,25,53,133,77,27,5,71,110"/><U119/><E120/><V115/><F124/><W23/><G114/><T24/><D106/><U46/><E109/><V22/><F33/><W26/><G43/><T41/><D10/><U132/><E132/><V83/><F115/><W107/><G107/><T66/><D112/><U0/><E0/><V94/><F11/><W123/><G77/><T67/><D24/><N who="3" m="9321" /><G71/><T42/><D108/><U84/><E46/><V45/><F45/><W28/><G110/><T82/><D82/><U91/><E65/><V135/><F29/><W121/><G53/><T122/><D131/><U105/><E105/><V69/><F89/><W9/><G64/><T13/><D13/><U36/><E36/><V16/><F69/><W76/><G76/><T6/><D6/><U54/><E54/><V19/><F135/><W47/><G47/><N who="0" m="23999" /><D126/><U56/><E56/><V128/><F128/><W2/><G133/><T3/><D3/><U59/><E59/><V14/><F19/><W78/><G78/><T55/><D122/><N who="3" m="46601" /><G8/><T90/><D90/><U34/><E91/><V98/><F60/><W129/><G129/><T130/><D130/><U30/><E34/><V37/><F37/><W111/><G111/><T116/><D42/><U1/><E1/><V40/><F40/><W100/><G100/><N who="2" m="38441" /><F94/><W88/><G88/><T38/><D38/><U79/><E79/><V32/><F32/><W72/><G72/><T50/><D55/><AGARI ba="0,0" hai="14,16,22,55,57,61,80,83,97,98,99" m="38441" machi="55" ten="30,3900,0" yaku="8,1,52,1,54,1" doraHai="18" who="2" fromWho="0" sc="230,-39,250,0,250,39,270,0" /><INIT seed="2,0,0,2,4,66" ten="191,250,289,270" oya="2" hai0="20,87,18,24,27,7,99,19,39,86,106,55,0" hai1="81,42,37,129,1,95,76,103,17,101,85,109,128" hai2="134,3,23,43,45,83,120,97,40,75,46,115,47" hai3="50,6,89,90,67,108,82,132,12,77,91,54,56"/><V118/><F115/><W105/><G108/><T123/><D39/><U133/><E1/><V126/><F118/><W114/><G132/><T5/><D123/><U112/><E112/><V57/><F120/><W93/><G93/><T79/><BYE who="3" /><D0/><U121/><E17/><V113/><F113/><W131/><G131/><N who="1" m="50250" /><E42/><V33/><F33/><W25/><G25/><T11/><D79/><U94/><E37/><V26/><F134/><W58/><G58/><T63/><D106/><U53/><E53/><V107/><F57/><W130/><G130/><T44/><D99/><U135/><E121/><V38/><F43/><W84/><G84/><N who="0" m="32299" /><D63/><U70/><E70/><V111/><F126/><W71/><G71/><T73/><D73/><U52/><E52/><V30/><F3/><W15/><G15/><N who="0" m="7551" /><D24/><U14/><E14/><V31/><F31/><UN n3="%E3%81%A6%E3%82%93%E3%81%A6%E3%81%93%E7%8B%90" /><W74/><G105/><T104/><D104/><U28/><E109/><V21/><F21/><W78/><G114/><T96/><D96/><N who="1" m="59543" /><E28/><V13/><F13/><W35/><G67/><T102/><D55/><U92/><E92/><V49/><F38/><W59/><G78/><T65/><D65/><U88/><E103/><N who="2" m="62959" /><F111/><W48/><G59/><T98/><D44/><U8/><E8/><V4/><F4/><W110/><G110/><T68/><BYE who="3" /><D68/><U60/><E60/><V62/><F62/><W69/><G69/><T41/><D41/><U16/><E16/><V9/><F9/><W32/><G32/><T2/><D2/><U116/><E116/><V80/><F80/><W125/><G125/><T122/><D122/><U64/><E64/><RYUUKYOKU ba="0,0" sc="191,10,250,10,289,10,270,-30" hai0="5,7,19,20,27,98,102" hai1="76,81,85,88,95,133,135" hai2="23,26,30,40,45,46,47,49,75,83" /><INIT seed="2,1,0,2,0,77" ten="201,260,299,240" oya="2" hai0="88,55,132,94,6,32,62,73,45,69,108,96,0" hai1="89,87,104,7,36,90,68,35,115,2,1,5,95" hai2="13,124,67,72,130,43,125,4,15,98,102,116,30" hai3="74,31,21,76,117,119,46,66,93,97,128,24,80"/><V20/><F116/><UN n3="%E3%81%A6%E3%82%93%E3%81%A6%E3%81%93%E7%8B%90" /><W126/><G126/><BYE who="3" /><T135/><D32/><U42/><E115/><V41/><F72/><W114/><G114/><T118/><D118/><U12/><E104/><V52/><F67/><W110/><G110/><T10/><D108/><U26/><E68/><V16/><F30/><W40/><G40/><T134/><D73/><U14/><E36/><V53/><F130/><W47/><G47/><T9/><D9/><U56/><E42/><N who="2" m="15883" /><F125/><UN n3="%E3%81%A6%E3%82%93%E3%81%A6%E3%81%93%E7%8B%90" /><W19/><G128/><T75/><D75/><U112/><E112/><V48/><F124/><W123/><G123/><T91/><D91/><U3/><E56/><V79/><F79/><W18/><G46/><T131/><D131/><U107/><E107/><V120/><F53/><W65/><G119/><T34/><D34/><U111/><E111/><V17/><F4/><W50/><G50/><T105/><D105/><U49/><E49/><V61/><F61/><W99/><G99/><T57/><D45/><U39/><E39/><V29/><F29/><W92/><G92/><T44/><D44/><U54/><E54/><V63/><F63/><W59/><G117/><T84/><D96/><N who="1" m="57455" /><E7/><V64/><F64/><W70/><G70/><AGARI ba="1,0" hai="0,6,10,55,57,62,69,70,84,88,94,132,134,135" machi="70" ten="40,2600,0" yaku="20,1,54,1" doraHai="77" who="0" fromWho="3" sc="201,29,260,0,299,0,240,-29" /><INIT seed="3,0,0,5,1,61" ten="230,260,299,211" oya="3" hai0="72,68,54,77,43,44,113,122,65,121,71,11,117" hai1="31,42,33,91,118,81,2,19,8,101,27,51,46" hai2="35,123,100,41,87,127,110,67,106,47,56,16,66" hai3="55,9,109,93,13,60,38,21,14,133,6,105,52"/><W119/><G105/><T64/><D77/><U114/><E114/><V90/><F110/><W7/><G119/><T98/><D72/><U26/><E118/><V36/><F35/><W96/><G38/><N who="0" m="21623" /><D11/><U24/><E101/><V116/><F116/><W128/><G133/><T50/><D98/><U92/><E81/><V63/><F127/><W45/><G128/><T70/><D117/><U83/><E83/><V29/><F29/><W15/><G109/><T131/><D131/><U129/><E129/><V88/><F123/><N who="0" m="47114" /><D113/><U107/><E107/><V28/><F28/><W126/><G126/><T85/><D85/><U18/><E18/><V79/><F79/><W112/><G112/><T62/><D62/><U108/><E108/><V69/><F90/><W75/><G75/><T135/><D135/><U111/><E111/><V74/><F74/><W40/><G21/><T3/><D3/><U78/><E78/><V134/><F134/><W30/><G30/><T57/><AGARI ba="0,0" hai="50,54,57,64,65,68,70,71" m="47114,21623" machi="57" ten="40,8000,1" yaku="34,2,52,2" doraHai="61" who="0" fromWho="0" sc="230,80,260,-20,299,-20,211,-40" /><INIT seed="4,0,0,5,0,74" ten="310,240,279,171" oya="0" hai0="35,50,7,40,63,34,48,84,52,114,42,43,37" hai1="101,15,0,123,134,2,111,38,119,78,68,97,85" hai2="55,108,72,90,95,10,71,57,56,132,65,12,45" hai3="30,131,110,61,13,88,44,127,14,82,23,67,135"/><T26/><D37/><U19/><E119/><V9/><F108/><W25/><G110/><T121/><D121/><U99/><E38/><V77/><F132/><W100/><G135/><T104/><D104/><U94/><E123/><V22/><F22/><W32/><G127/><T91/><D114/><U6/><E68/><V133/><F133/><W122/><G131/><T47/><D7/><U8/><E111/><V126/><F71/><W124/><G124/><T24/><D63/><U31/><E31/><V89/><F89/><W115/><G115/><T106/><D106/><U33/><E33/><V36/><F10/><W73/><G100/><T58/><D35/><U83/><E134/><V64/><F57/><W27/><G44/><T112/><D112/><U20/><REACH who="1" step="1"/><E97/><REACH who="1" ten="310,230,279,171" step="2"/><V79/><F36/><W87/><G122/><T120/><D120/><U109/><E109/><V86/><F126/><W49/><G73/><T98/><D98/><U18/><E18/><V102/><F72/><W41/><G32/><T66/><D34/><U92/><E92/><V116/><F116/><W93/><G93/><N who="0" m="54503" /><D66/><U76/><E76/><N who="2" m="29259" /><F102/><W53/><G30/><T117/><D117/><U129/><E129/><V11/><F45/><W118/><G118/><T128/><D128/><U17/><E17/><N who="2" m="8335" /><F11/><W54/><G23/><T69/><D69/><U96/><E96/><V51/><AGARI ba="0,1" hai="51,55,56,64,65,86,90,95" m="8335,29259" machi="51" ten="30,7900,0" yaku="8,1,52,3" doraHai="74" who="2" fromWho="2" sc="310,-39,230,-20,279,89,171,-20" /><INIT seed="5,0,0,4,3,97" ten="271,210,368,151" oya="1" hai0="20,0,57,60,76,28,84,96,54,73,77,91,133" hai1="67,39,36,19,63,115,134,41,7,2,30,83,38" hai2="125,15,61,109,72,71,110,24,3,101,112,68,47" hai3="25,34,100,45,55,124,40,64,106,131,51,17,22"/><U105/><E115/><V95/><F72/><W88/><G131/><T69/><D0/><U135/><E41/><V14/><F3/><W58/><G124/><T66/><D133/><N who="1" m="50699" /><E19/><V85/><F125/><W32/><G64/><T86/><D73/><U52/><E30/><V128/><F128/><W111/><G111/><T102/><D84/><U78/><E105/><V48/><F112/><W81/><G81/><T113/><D113/><U23/><E23/><V129/><F129/><W103/><G106/><T116/><D116/><U35/><E35/><V89/><F24/><W123/><G123/><T10/><D10/><N who="1" m="2423" /><E52/><V26/><F26/><W8/><G8/><T122/><D122/><U65/><E63/><V44/><F61/><W46/><G46/><T79/><D28/><U99/><E99/><V98/><F44/><W75/><G75/><AGARI ba="0,0" hai="36,38,39,65,67,75,78,83" m="2423,50699" machi="75" ten="40,2000,0" yaku="20,1" doraHai="97" who="1" fromWho="3" sc="271,0,210,20,368,0,151,-20" /><INIT seed="5,1,0,2,0,31" ten="271,230,368,131" oya="1" hai0="44,102,123,117,32,120,132,133,80,113,9,92,79" hai1="128,118,73,50,15,36,27,48,114,77,10,21,20" hai2="64,100,74,65,105,89,26,108,103,72,43,122,126" hai3="45,60,110,29,3,109,91,69,49,97,13,134,111"/><U14/><E118/><V76/><F122/><N who="0" m="46634" /><D117/><U94/><E114/><V18/><F126/><W78/><G3/><T106/><D44/><U4/><E36/><V0/><F0/><W87/><G134/><N who="0" m="51819" /><D9/><U61/><E128/><V34/><F43/><W84/><G29/><T6/><D6/><U135/><E135/><V16/><F89/><W40/><G13/><T5/><D5/><U23/><E94/><V39/><F76/><W19/><G19/><T47/><D47/><U46/><E15/><V107/><F26/><W35/><G78/><T67/><D67/><U30/><E61/><V54/><F54/><W1/><G1/><T11/><D32/><U115/><E115/><V83/><F83/><W57/><G35/><T112/><D11/><U68/><E68/><V63/><F63/><W12/><G12/><T42/><D42/><U52/><REACH who="1" step="1"/><E50/><REACH who="1" ten="271,220,368,131" step="2"/><V62/><F62/><W7/><G69/><T24/><D92/><U127/><E127/><V129/><F39/><W116/><G116/><T51/><D51/><U104/><E104/><V33/><F129/><W41/><G110/><AGARI ba="1,1" hai="16,18,33,34,64,65,72,74,100,103,105,107,108,110" machi="110" ten="25,8000,1" yaku="22,2,52,2,54,1" doraHai="31" who="2" fromWho="3" sc="271,0,220,0,368,93,131,-83" /><INIT seed="6,0,0,2,4,79" ten="271,220,461,48" oya="2" hai0="69,36,27,51,64,123,3,134,7,49,127,61,120" hai1="32,39,50,128,66,107,1,62,25,54,21,80,70" hai2="93,96,116,135,26,110,99,75,71,132,5,103,6" hai3="102,91,20,11,55,28,9,59,13,14,58,67,40"/><V76/><F71/><W95/><G40/><T56/><D3/><U100/><E128/><V124/><F116/><W30/><G102/><T53/><D7/><U109/><E109/><V68/><F68/><W0/><G0/><T105/><D27/><U38/><E1/><V112/><F110/><W130/><G130/><T129/><D105/><U2/><E2/><V86/><F26/><W97/><G67/><T92/><D92/><U83/><E32/><V33/><F33/><W65/><G65/><T88/><D88/><U119/><E119/><V41/><F41/><W72/><G72/><T118/><D118/><U115/><E115/><V8/><F8/><W42/><G42/><T94/><D94/><U90/><E90/><V63/><F63/><W47/><G47/><T16/><D129/><U48/><E39/><V84/><F6/><W77/><G77/><T73/><D73/><U98/><E38/><V15/><F15/><W126/><G59/><T81/><D36/><U45/><REACH who="1" step="1"/><E48/><REACH who="1" ten="271,210,461,48" step="2"/><V44/><F112/><W114/><G114/><T121/><D51/><U78/><E78/><V113/><F76/><W117/><G117/><T18/><D127/><U37/><E37/><V87/><F124/><W101/><G126/><T46/><D121/><U89/><E89/><V31/><F113/><W106/><G91/><T12/><D120/><U111/><E111/><V17/><F99/><W29/><G106/><T133/><D123/><U19/><AGARI ba="0,1" hai="19,21,25,45,50,54,62,66,70,80,83,98,100,107" machi="19" ten="20,12000,2" yaku="1,1,0,1,7,1,52,2,53,1" doraHai="79" doraHaiUra="60" who="1" fromWho="1" sc="271,-30,210,130,461,-60,48,-30" /><INIT seed="7,0,0,2,2,115" ten="241,340,401,18" oya="3" hai0="122,69,83,48,61,0,82,135,121,116,42,22,125" hai1="81,99,75,96,94,35,49,55,85,20,73,131,26" hai2="127,102,79,59,88,103,30,111,40,47,10,31,87" hai3="109,25,118,34,84,71,14,27,129,39,16,120,80"/><W23/><G39/><T132/><D0/><U119/><E35/><V70/><F70/><W114/><G120/><T92/><D92/><U62/><E131/><V101/><F111/><W12/><G71/><T38/><D82/><U117/><E62/><V15/><F127/><W89/><G114/><T86/><D22/><U100/><E99/><V134/><F79/><W7/><G129/><T11/><D11/><U54/><E54/><V32/><F32/><W37/><G37/><T112/><D112/><U63/><E63/><V128/><F59/><W76/><G109/><T90/><D125/><U46/><E85/><V28/><F134/><N who="0" m="51242" /><D38/><U17/><E81/><N who="2" m="49263" /><F128/><W29/><G118/><AGARI ba="0,0" hai="17,20,26,46,49,55,73,75,94,96,100,117,118,119" machi="118" ten="40,8000,1" yaku="12,1,52,3" doraHai="115" who="1" fromWho="3" sc="241,0,340,80,401,0,18,-80" owari="241,-16.0,420,52.0,401,20.0,-62,-56.0" /></mjloggm>