<mjloggm ver="2.3"><GO type="185" lobby="0"/><UN n0="%EF%BC%AA%EF%BD%95%EF%BD%87%EF%BD%8F" n1="%E9%96%A2%E8%A5%BF%E9%9B%80%E5%A3%AB%E4%BC%9A" n2="%E6%96%B0%E4%B8%96%E7%95%8C%E3%81%AE%E7%B4%99" n3="" dan="16,16,17,0" rate="2205.14,2120.74,2280.66,1500.00" sx="M,M,F,C"/><TAIKYOKU oya="0"/><INIT seed="0,0,0,5,4,63" ten="350,350,350,0" oya="0" hai0="87,133,93,131,120,66,68,129,64,74,124,46,84" hai1="34,102,116,119,99,123,127,103,3,52,51,59,85" hai2="86,75,118,83,125,62,97,67,41,2,96,108,98" hai3=""/><T73/><N who="0" m="30752" /><T71/><D46/><U37/><N who="1" m="31520" /><U109/><E34/><V78/><F2/><T114/><D114/><U121/><N who="1" m="31008" /><U113/><E37/><V92/><F108/><T80/><D93/><U50/><E109/><V58/><F125/><T117/><D117/><U47/><E113/><V122/><N who="2" m="31264" /><V106/><F118/><T132/><REACH who="0" step="1"/><D80/><REACH who="0" ten="340,350,350,0" step="2"/><U111/><E111/><V33/><F33/><T110/><D110/><U112/><E112/><V44/><F106/><T134/><D134/><U45/><E119/><V48/><REACH who="2" step="1"/><F75/><REACH who="2" ten="340,350,340,0" step="2"/><T43/><D43/><U57/><E116/><V105/><F105/><T101/><D101/><AGARI ba="0,2" hai="41,44,48,58,62,67,78,83,86,92,96,97,98,101" m="31264" machi="101" ten="30,12000,2" yaku="1,1,7,1,8,1,52,2,53,1" doraHai="63" doraHaiUra="55" who="2" fromWho="0" sc="340,-120,350,0,340,140,0,0" /><INIT seed="1,0,0,5,3,104" ten="220,350,480,0" oya="1" hai0="44,55,1,99,35,68,131,54,49,94,70,108,48" hai1="58,69,116,133,102,33,75,112,34,92,0,103,118" hai2="101,52,66,73,57,41,91,124,61,95,125,93,105" hai3=""/><U71/><E0/><V77/><F105/><T32/><D1/><U59/><E112/><V65/><F101/><T87/><D108/><U114/><E114/><V42/><F77/><T134/><D134/><U37/><E133/><V135/><F135/><T67/><D131/><U107/><E37/><V51/><F66/><T121/><N who="0" m="31008" /><T96/><D87/><U84/><E107/><V80/><F80/><T79/><D79/><U60/><E84/><V39/><F73/><T132/><D132/><U56/><E60/><V86/><F93/><T74/><D74/><U90/><E92/><V128/><F128/><T126/><D126/><N who="2" m="48746" /><F39/><T46/><D94/><U119/><E90/><V50/><F50/><T82/><REACH who="0" step="1"/><D67/><REACH who="0" ten="210,350,480,0" step="2"/><U127/><E127/><V53/><F53/><T76/><D76/><U38/><E75/><V106/><F106/><T40/><D40/><U123/><N who="1" m="31520" /><U81/><E81/><AGARI ba="0,1" hai="32,35,44,46,48,49,54,55,68,70,81,82,96,99" m="31008" machi="81" ten="25,12000,2" yaku="1,1,22,2,52,1,53,2" doraHai="104" doraHaiUra="3" who="0" fromWho="1" sc="210,130,350,-120,480,0,0,0" /><INIT seed="2,0,0,1,0,99" ten="340,230,480,0" oya="2" hai0="124,95,41,129,35,111,123,117,71,81,86,126,100" hai1="135,73,84,105,59,80,75,132,114,57,109,119,94" hai2="48,125,45,121,130,96,55,85,61,91,101,72,118" hai3=""/><V110/><N who="2" m="31008" /><V38/><F118/><T44/><N who="0" m="31520" /><T88/><D35/><U52/><E114/><V122/><N who="2" m="31264" /><V113/><F113/><T69/><D117/><U83/><E119/><V78/><F125/><N who="0" m="48234" /><D111/><U116/><E116/><V60/><F110/><T104/><D104/><U93/><E105/><V70/><F130/><T63/><D63/><U82/><E109/><V108/><F108/><T62/><D62/><U128/><E84/><V67/><F61/><T3/><D129/><U97/><E97/><V76/><F72/><T40/><D3/><U65/><E65/><V2/><F38/><T32/><D32/><U33/><E33/><V1/><F1/><T37/><D41/><U49/><E128/><V79/><F2/><T68/><D95/><U134/><REACH who="1" step="1"/><E59/><REACH who="1" ten="340,220,480,0" step="2"/><V115/><F115/><T90/><D71/><U133/><N who="1" m="33792" /><DORA hai="103" /><U51/><E51/><V127/><F127/><T54/><D69/><U102/><E102/><V77/><F101/><T39/><D68/><U0/><E0/><V47/><F96/><T98/><D39/><U74/><AGARI ba="0,1" hai="49,52,57,73,74,75,80,82,83,93,94" m="33792" machi="74" ten="70,9000,2" yaku="1,1,0,1,29,2,20,1,54,1,53,0" doraHai="99,103" doraHaiUra="64,120" who="1" fromWho="1" sc="340,-30,220,100,480,-60,0,0" /><INIT seed="4,0,0,1,4,34" ten="310,320,420,0" oya="0" hai0="92,68,47,58,65,0,117,91,36,90,125,35,69" hai1="76,79,102,88,135,109,98,51,49,128,114,71,132" hai2="133,83,73,56,61,67,122,101,115,2,54,126,123" hai3=""/><T124/><D35/><U119/><E119/><V40/><N who="2" m="31264" /><V43/><N who="2" m="31520" /><V110/><F110/><T111/><D117/><U3/><E109/><V104/><F115/><T33/><D33/><U32/><E32/><V108/><F108/><T66/><D111/><U48/><E71/><N who="0" m="27209" /><D58/><U39/><E39/><V45/><F126/><N who="0" m="48746" /><D0/><U87/><E114/><V89/><F133/><N who="1" m="51273" /><E128/><V93/><F2/><T59/><D59/><U84/><E84/><V103/><F104/><T105/><D105/><U38/><E38/><V99/><F67/><N who="0" m="25610" /><D92/><U63/><E3/><V82/><F43/><AGARI ba="0,0" hai="36,43,47,90,91" m="25610,48746,27209" machi="43" ten="40,2000,0" yaku="18,1" doraHai="34" who="0" fromWho="2" sc="310,20,320,0,420,-20,0,0" /><INIT seed="4,1,0,2,3,72" ten="330,320,400,0" oya="0" hai0="78,131,133,63,129,130,56,95,35,66,65,61,42" hai1="38,62,99,90,92,87,124,51,82,134,36,67,122" hai2="80,109,97,37,34,57,128,83,86,1,132,55,58" hai3=""/><T60/><D35/><U75/><N who="1" m="31264" /><U79/><E134/><V52/><F34/><T41/><D133/><U110/><E110/><V117/><F109/><T127/><D127/><U135/><E135/><V45/><F132/><T32/><D32/><U2/><E2/><V47/><F1/><T48/><D95/><U44/><E124/><V116/><F97/><T100/><D100/><U94/><E94/><V77/><F128/><T71/><D78/><U76/><E62/><V88/><F37/><T120/><N who="0" m="30752" /><T49/><D63/><U105/><E67/><V108/><F108/><T59/><D71/><U68/><E68/><V114/><F114/><T43/><AGARI ba="1,0" hai="41,42,43,48,49,56,59,60,61,65,66,129,130,131" m="30752" machi="43" ten="40,12000,2" yaku="0,1,9,1,19,1,34,3,52,1" doraHai="72" who="0" fromWho="0" sc="330,122,320,-61,400,-61,0,0" /><INIT seed="4,2,0,0,0,56" ten="452,259,339,0" oya="0" hai0="34,86,102,46,85,88,62,51,40,114,129,47,77" hai1="94,107,59,124,43,89,42,75,63,39,38,72,54" hai2="68,73,84,127,123,131,112,79,119,70,55,64,61" hai3=""/><T78/><D34/><U53/><E107/><V120/><N who="2" m="30752" /><V50/><N who="2" m="31520" /><V118/><F112/><T134/><D114/><U104/><E104/><V110/><F110/><T105/><D129/><U87/><E124/><V74/><F131/><T99/><D134/><U80/><E54/><V3/><F3/><T117/><D117/><N who="2" m="44554" /><F70/><T82/><D86/><U32/><E32/><V93/><F127/><T71/><REACH who="0" step="1"/><D47/><REACH who="0" ten="442,259,339,0" step="2"/><U57/><E75/><V111/><F111/><T108/><D108/><U37/><E72/><V76/><F74/><T52/><D52/><U44/><E44/><V90/><F73/><T130/><D130/><U91/><REACH who="1" step="1"/><E59/><AGARI ba="2,1" hai="50,55,59,61,64,68,76,79,84,90,93" m="44554,31520,30752" machi="59" ten="30,7700,0" yaku="12,1,52,3" doraHai="56" who="2" fromWho="1" sc="442,0,259,-81,339,91,0,0" /><INIT seed="5,0,0,0,2,33" ten="442,178,430,0" oya="1" hai0="58,82,62,95,107,117,63,65,78,106,88,66,74" hai1="135,67,64,1,55,79,40,120,60,100,37,87,105" hai2="118,116,113,35,98,51,81,124,108,90,119,61,73" hai3=""/><U70/><N who="1" m="30752" /><U32/><E32/><V93/><F35/><T89/><D117/><U128/><E135/><V56/><F108/><T47/><D47/><U44/><E128/><V52/><F124/><T3/><D3/><U109/><E109/><V80/><F113/><T91/><REACH who="0" step="1"/><D95/><REACH who="0" ten="432,178,430,0" step="2"/><U112/><E112/><V96/><F73/><T46/><D46/><U110/><E110/><V59/><REACH who="2" step="1"/><F98/><REACH who="2" ten="432,178,420,0" step="2"/><T122/><N who="0" m="31264" /><T76/><D76/><U97/><E79/><V127/><F127/><T132/><D132/><U103/><E87/><V121/><N who="2" m="31008" /><V133/><F133/><T75/><D75/><U72/><E72/><V114/><F114/><T85/><D85/><U77/><E77/><V86/><F86/><T53/><D53/><AGARI ba="0,2" hai="51,52,53,56,59,61,80,81,90,93,96,116,118,119" m="31008" machi="53" ten="40,5200,0" yaku="1,1,52,1,54,1,53,0" doraHai="33" doraHaiUra="99" who="2" fromWho="0" sc="432,-52,178,0,420,72,0,0" /><INIT seed="6,0,0,1,0,95" ten="380,178,492,0" oya="2" hai0="118,91,61,64,89,121,114,45,3,85,94,1,75" hai1="42,96,99,104,72,40,36,57,63,129,60,76,0" hai2="134,62,46,112,69,127,83,58,111,35,55,2,32" hai3=""/><V93/><F2/><T47/><N who="0" m="31008" /><T130/><D75/><U59/><E129/><V132/><F112/><T106/><D106/><U39/><E104/><V38/><F127/><T115/><D118/><U98/><E76/><V52/><F111/><T70/><D130/><U84/><E84/><V44/><F69/><T133/><D133/><N who="2" m="51306" /><F93/><T125/><D125/><U109/><E109/><V90/><F38/><T107/><D107/><U128/><E128/><V54/><F90/><T77/><D77/><U50/><E50/><V103/><F103/><T105/><D105/><U37/><E72/><V87/><F83/><T88/><D91/><U73/><E73/><V74/><F87/><T41/><D89/><U119/><E119/><V108/><F108/><T80/><D80/><U67/><E0/><V81/><F81/><T100/><D100/><U79/><E79/><V48/><F74/><T68/><D68/><U113/><E113/><N who="0" m="43017" /><D45/><U43/><REACH who="1" step="1"/><E67/><REACH who="1" ten="380,168,492,0" step="2"/><V123/><N who="2" m="31520" /><V92/><F35/><T122/><N who="0" m="31264" /><T82/><D82/><U66/><E66/><V56/><F32/><T33/><D33/><U110/><E110/><V135/><F92/><T34/><D34/><U120/><N who="1" m="30752" /><U51/><E51/><AGARI ba="0,1" hai="1,3,41,47,51,61,64,70,85,88,94" m="31264,43017,31008" machi="51" ten="30,8000,1" yaku="15,1,11,1,52,2,54,1" doraHai="95" who="0" fromWho="1" sc="380,90,168,-80,492,0,0,0" owari="470,7.0,88,-51.0,492,44.0,0,0.0" /></mjloggm>