<mjloggm ver="2.3"><GO type="169" lobby="0"/><UN n0="%E3%81%86%E3%81%95%E3%81%8E%E3%83%95%E3%82%A1%E3%83%B3%E3%82%B7%E3%83%BC" n1="%52%45%49%4E%E6%A3%AE%E4%B9%85%E4%BF%9D%50" n2="%E9%87%8C%E6%9C%A8%E4%BB%81" n3="%E3%83%95%E3%82%B5%E3%82%A6%E3%83%9F%E3%82%B3%E3%83%83%E3%83%97" dan="17,16,16,17" rate="2129.00,2141.85,2116.26,2235.98" sx="F,M,M,M"/><TAIKYOKU oya="0"/><INIT seed="0,0,0,3,1,1" ten="250,250,250,250" oya="0" hai0="55,22,19,34,23,65,69,2,73,135,131,56,72" hai1="83,96,112,71,31,120,32,12,75,80,35,14,51" hai2="11,119,97,91,59,52,114,85,3,28,78,33,47" hai3="30,15,29,42,63,81,17,99,61,38,125,66,67"/><T105/><D34/><U88/><E120/><V10/><F114/><W49/><G125/><T94/><D105/><U84/><E71/><V57/><F119/><W48/><G38/><T87/><D135/><U24/><E112/><V116/><F116/><W62/><G99/><T64/><D131/><U5/><E35/><V41/><F3/><W26/><G81/><T113/><D113/><U110/><E110/><V92/><F33/><W77/><G77/><T37/><D37/><U7/><E96/><V68/><F68/><W25/><G42/><T102/><D2/><U103/><E103/><V50/><F28/><W104/><G104/><T130/><D130/><U54/><E75/><V76/><F59/><W128/><G128/><T127/><D23/><N who="1" m="15775" /><E83/><N who="2" m="47351" /><F76/><W70/><G62/><AGARI ba="0,0" hai="10,11,41,47,50,52,57,62,91,92,97" m="47351" machi="62" ten="30,2000,0" yaku="8,1,54,1" doraHai="1" who="2" fromWho="3" sc="250,0,250,0,250,20,250,-20" /><INIT seed="1,0,0,2,2,37" ten="250,250,270,230" oya="1" hai0="135,62,52,19,36,48,76,63,121,43,124,33,64" hai1="71,45,107,134,4,13,27,41,85,104,116,20,125" hai2="51,54,29,15,1,74,77,106,94,40,30,16,91" hai3="17,72,79,39,34,90,22,87,95,57,123,109,32"/><U60/><E116/><V28/><F106/><W89/><G123/><T75/><D121/><U66/><E134/><V83/><F1/><W100/><G109/><T114/><D114/><U131/><E131/><V2/><F2/><W70/><G70/><T96/><D135/><U78/><E125/><V67/><F67/><W14/><G100/><T97/><D33/><U82/><E13/><V3/><F3/><W8/><G39/><T58/><D124/><U133/><E4/><V103/><F103/><W86/><G79/><T113/><D113/><U118/><E118/><V84/><F40/><W35/><G72/><T59/><D48/><U6/><E6/><V56/><REACH who="2" step="1"/><F30/><REACH who="2" ten="250,250,260,230" step="2"/><W61/><G8/><AGARI ba="0,1" hai="8,15,16,28,29,51,54,56,74,77,83,84,91,94" machi="8" ten="30,7700,0" yaku="1,1,2,1,7,1,54,1,53,0" doraHai="37" doraHaiUra="69" who="2" fromWho="3" sc="250,0,250,0,260,87,230,-77" /><INIT seed="2,0,0,3,3,69" ten="250,250,347,153" oya="2" hai0="7,23,26,88,87,70,90,129,121,1,40,98,114" hai1="0,55,115,9,133,96,131,48,127,24,102,42,73" hai2="77,32,36,109,108,135,93,60,3,76,46,111,119" hai3="125,39,116,27,65,122,112,84,80,85,34,59,92"/><V78/><F119/><W61/><G116/><T11/><D129/><U71/><E73/><V101/><F135/><W66/><G122/><T35/><D121/><U20/><E71/><V19/><F32/><W94/><G125/><T22/><D114/><U128/><E115/><V58/><F3/><W12/><G112/><T31/><D70/><U5/><E42/><N who="2" m="22855" /><F19/><W41/><G12/><T45/><D98/><U107/><E127/><V50/><F50/><W18/><G66/><T74/><D74/><U33/><E33/><V79/><N who="2" m="19456" /><DORA hai="132" /><V81/><F81/><W64/><G64/><T110/><D110/><U134/><E133/><V13/><F13/><W124/><G124/><T67/><D67/><U4/><E4/><V68/><F68/><W29/><G18/><T72/><D72/><U126/><E126/><V16/><F16/><W47/><REACH who="3" step="1"/><G80/><REACH who="3" ten="250,250,347,143" step="2"/><T118/><D118/><U44/><REACH who="1" step="1"/><E134/><REACH who="1" ten="250,240,347,143" step="2"/><V75/><F75/><W62/><G62/><T106/><D7/><U105/><E105/><V113/><F113/><W63/><G63/><T53/><D106/><U130/><E130/><V2/><F60/><W117/><G117/><T89/><D1/><U97/><E97/><N who="2" m="59567" /><F2/><W54/><G54/><T30/><D53/><U8/><E8/><V21/><F21/><W6/><G6/><T43/><D11/><U56/><E56/><AGARI ba="0,2" hai="56,58,108,109,111" m="59567,19456,22855" machi="56" ten="50,9600,0" yaku="14,1,10,1,52,1" doraHai="69,132" who="2" fromWho="1" sc="250,0,240,-96,347,116,143,0" /><INIT seed="2,1,0,5,0,115" ten="250,144,463,143" oya="2" hai0="75,66,52,125,82,83,116,8,128,59,134,6,36" hai1="5,42,102,73,87,132,81,2,127,98,105,18,20" hai2="111,65,129,88,57,44,74,49,58,112,24,126,79" hai3="56,117,84,39,51,53,45,94,69,14,99,25,93"/><V97/><F112/><W33/><G69/><T43/><D125/><U34/><E34/><V122/><F122/><W119/><G14/><T26/><D128/><U12/><E132/><V133/><F126/><W31/><G84/><T77/><D134/><U131/><E131/><V13/><F133/><W54/><G93/><T85/><D66/><U95/><E127/><V7/><F129/><W62/><REACH who="3" step="1"/><G39/><REACH who="3" ten="250,144,463,133" step="2"/><T92/><D92/><U38/><E95/><V9/><F111/><W101/><AGARI ba="1,1" hai="25,31,33,45,51,53,54,56,62,94,99,101,117,119" machi="101" ten="20,12000,2" yaku="1,1,2,1,0,1,7,1,52,2,53,1" doraHai="115" doraHaiUra="91" who="3" fromWho="3" sc="250,-31,144,-31,463,-61,133,133" /><INIT seed="3,0,0,0,5,61" ten="219,113,402,266" oya="3" hai0="40,27,81,124,63,48,123,101,12,106,54,110,133" hai1="5,29,4,92,77,104,134,107,37,1,90,41,129" hai2="65,58,43,39,127,99,91,16,117,35,44,96,66" hai3="45,105,22,78,10,23,70,130,131,69,31,79,87"/><W83/><G105/><T135/><D123/><U7/><E129/><N who="3" m="49162" /><G10/><T9/><D110/><U71/><E134/><N who="0" m="51209" /><D124/><U108/><E108/><V15/><F117/><W62/><G45/><T60/><D40/><U14/><E71/><N who="3" m="27146" /><G62/><T88/><D27/><U114/><E114/><V6/><F127/><W0/><G0/><T120/><D101/><U97/><E77/><N who="3" m="29194" /><G31/><T24/><D120/><U98/><E29/><V102/><F44/><W82/><G87/><N who="0" m="50287" /><D24/><U86/><E1/><V59/><F102/><W118/><G118/><T67/><D106/><U18/><E41/><V8/><F43/><W80/><AGARI ba="0,0" hai="22,23,80,82,83" m="29194,27146,49162" machi="80" ten="40,7800,0" yaku="28,2,19,1" doraHai="61" who="3" fromWho="3" sc="219,-26,113,-26,402,-26,266,78" /><INIT seed="3,1,0,3,1,116" ten="193,87,376,344" oya="3" hai0="36,37,121,46,35,135,0,105,107,13,25,29,87" hai1="7,42,55,129,97,94,81,128,82,76,130,124,16" hai2="70,125,90,32,118,123,134,69,49,122,117,80,28" hai3="86,17,51,21,96,31,111,44,11,9,63,34,68"/><W75/><G75/><T133/><D0/><U112/><E42/><V45/><F134/><N who="0" m="51210" /><D13/><U89/><E7/><V64/><F125/><W24/><G111/><T4/><D4/><U62/><E124/><V106/><F106/><N who="0" m="40458" /><D87/><U53/><E112/><V20/><F32/><W52/><G96/><T38/><D46/><U127/><E127/><V47/><F80/><W113/><G113/><T10/><D10/><U73/><E62/><V14/><F90/><W132/><G132/><T110/><D110/><U100/><E81/><V57/><F14/><W60/><G86/><T22/><D22/><U131/><N who="1" m="32768" /><DORA hai="5" /><U77/><E77/><V66/><F20/><W39/><G39/><T6/><D6/><U78/><E78/><V54/><F28/><W61/><REACH who="3" step="1"/><G68/><REACH who="3" ten="193,87,376,334" step="2"/><T120/><AGARI ba="1,1" hai="25,29,35,36,37,38,120,121" m="40458,51210" machi="120" ten="40,8000,1" yaku="20,1,23,1,52,2" doraHai="116,5" who="0" fromWho="0" sc="193,93,87,-21,376,-21,334,-41" /><INIT seed="4,0,0,0,0,63" ten="286,66,355,293" oya="0" hai0="115,42,70,12,15,71,133,20,32,19,24,109,60" hai1="30,3,90,102,84,38,54,43,48,58,78,98,131" hai2="52,91,45,68,8,46,21,86,126,18,79,10,27" hai3="106,17,41,65,51,118,127,73,50,92,83,25,22"/><T23/><D115/><U76/><E3/><V26/><F126/><W7/><G118/><T74/><D74/><U125/><E131/><V39/><F79/><W128/><G106/><T122/><D122/><U95/><E125/><V110/><F110/><W129/><G127/><T9/><D133/><U47/><REACH who="1" step="1"/><E30/><REACH who="1" ten="286,56,355,293" step="2"/><V0/><F0/><W13/><G129/><T113/><D113/><U114/><E114/><V61/><F39/><W100/><G128/><T80/><D109/><U81/><AGARI ba="0,1" hai="38,43,47,48,54,58,76,78,81,84,90,95,98,102" machi="81" ten="20,2700,0" yaku="1,1,0,1,7,1,53,0" doraHai="63" doraHaiUra="121" who="1" fromWho="1" sc="286,-13,56,37,355,-7,293,-7" /><INIT seed="5,0,0,2,1,91" ten="273,93,348,286" oya="1" hai0="61,20,21,75,121,68,3,48,134,9,35,95,28" hai1="123,24,101,126,72,103,51,77,2,30,135,128,131" hai2="50,31,45,46,36,80,44,97,23,18,78,67,11" hai3="93,19,94,108,5,98,69,56,14,25,58,85,90"/><U62/><E2/><V111/><F111/><W81/><G69/><T7/><D75/><U29/><E123/><V88/><F36/><W100/><G108/><T49/><D121/><U63/><E126/><V73/><F31/><N who="1" m="11785" /><E24/><V4/><F67/><W125/><G125/><T105/><D105/><U13/><E13/><V27/><F50/><W22/><REACH who="3" step="1"/><G81/><REACH who="3" ten="273,93,348,276" step="2"/><T12/><D68/><U52/><E135/><V33/><F33/><W1/><G1/><T124/><D134/><U92/><E72/><V32/><F32/><W83/><G83/><T15/><D124/><U38/><E77/><V87/><F73/><W113/><G113/><T26/><D3/><U70/><E38/><V37/><F37/><W127/><G127/><T119/><D35/><U112/><E70/><V99/><REACH who="2" step="1"/><F78/><REACH who="2" ten="273,93,338,276" step="2"/><W118/><G118/><T42/><D119/><U39/><E39/><V34/><F34/><W74/><G74/><T65/><D21/><U120/><E112/><V89/><F89/><W40/><G40/><T96/><D42/><U116/><E120/><V41/><F41/><W76/><G76/><T86/><D20/><U16/><E116/><V109/><F109/><W71/><G71/><T110/><D110/><U129/><E16/><V53/><F53/><W55/><G55/><T132/><D28/><U59/><E103/><V106/><F106/><W43/><G43/><T0/><D9/><AGARI ba="0,2" hai="5,9,14,19,22,25,56,58,85,90,93,94,98,100" machi="9" ten="40,8000,1" yaku="1,1,8,1,52,2,53,0" doraHai="91" doraHaiUra="117" who="3" fromWho="0" sc="273,-80,93,0,338,0,276,100" /><INIT seed="6,0,0,0,4,46" ten="193,93,338,376" oya="2" hai0="13,12,80,40,66,132,124,35,108,6,133,127,92" hai1="20,93,11,135,56,72,68,111,104,22,5,121,102" hai2="39,25,44,79,32,23,119,94,50,82,3,9,64" hai3="0,24,73,31,53,17,75,109,18,65,128,123,84"/><V114/><F119/><W125/><G109/><T15/><D66/><U100/><E72/><V116/><F116/><W28/><G123/><T37/><D37/><U99/><E68/><V54/><F114/><W62/><G0/><T1/><D40/><U43/><E121/><V55/><F32/><W78/><G128/><T110/><D80/><U8/><E111/><N who="0" m="42537" /><D92/><U107/><E135/><N who="0" m="51785" /><D35/><U113/><E43/><V59/><F64/><W126/><G65/><T87/><D87/><U76/><E76/><V36/><F94/><W19/><G84/><T27/><D27/><U103/><E113/><V112/><F112/><W14/><G24/><T101/><D101/><U115/><E115/><V90/><F90/><W2/><G78/><T118/><D118/><U97/><E56/><V86/><F3/><W51/><G2/><T77/><D77/><U30/><E30/><V42/><F42/><W21/><G31/><T105/><D105/><U91/><E91/><V41/><F55/><W57/><G28/><T130/><D130/><U98/><E5/><V71/><F71/><W70/><G70/><T129/><D129/><U106/><REACH who="1" step="1"/><E93/><REACH who="1" ten="193,83,338,376" step="2"/><V4/><F4/><W60/><G75/><T95/><D95/><U10/><AGARI ba="0,1" hai="8,10,11,20,22,97,98,99,100,102,103,104,106,107" machi="10" ten="50,32000,5" yakuman="40" doraHai="46" doraHaiUra="88" who="1" fromWho="1" sc="193,-80,83,330,338,-160,376,-80" /><INIT seed="7,0,0,1,5,46" ten="113,413,178,296" oya="3" hai0="40,58,78,29,122,100,84,91,126,15,80,111,104" hai1="117,0,129,106,105,79,90,103,93,74,8,76,118" hai2="27,18,24,57,35,61,67,95,60,45,107,65,89" hai3="48,36,123,23,99,47,113,70,19,34,71,75,132"/><W133/><G123/><T102/><D122/><U31/><E31/><V33/><F107/><W25/><G113/><T82/><D29/><U116/><E8/><V2/><F2/><W109/><G36/><T50/><D111/><U6/><E6/><V121/><F121/><W62/><G34/><T63/><D126/><U110/><E0/><V119/><F119/><W12/><G75/><T11/><D104/><U32/><E32/><V49/><F35/><W59/><G109/><T4/><D40/><U85/><E110/><V39/><F39/><W83/><G83/><T26/><D26/><U1/><E1/><V5/><F5/><W38/><G12/><T125/><D125/><U56/><E56/><N who="2" m="37031" /><F18/><W52/><G99/><T98/><D98/><N who="1" m="61687" /><E129/><V43/><F33/><W13/><G25/><T53/><REACH who="0" step="1"/><D63/><REACH who="0" ten="103,413,178,296" step="2"/><U66/><E106/><V112/><F112/><W72/><G72/><AGARI ba="0,1" hai="4,11,15,50,53,58,72,78,80,82,84,91,100,102" machi="72" ten="30,8000,1" yaku="1,1,2,1,7,1,52,1,53,1" doraHai="46" doraHaiUra="44" who="0" fromWho="3" sc="103,90,413,0,178,0,296,-80" owari="193,-21.0,413,51.0,178,-32.0,216,2.0" /></mjloggm>