<mjloggm ver="2.3"><GO type="169" lobby="0"/><UN n0="%72%61%69%32%31%31" n1="%4E%6F%6D%65%72%63%79" n2="%E3%82%82%E3%83%BC%E3%82%8A%E3%83%BC" n3="%E7%B4%85%E8%89%B2%E3%81%BF%E3%81%8B%E3%82%93" dan="16,16,16,16" rate="2095.53,2163.65,2186.49,2136.63" sx="M,F,M,M"/><TAIKYOKU oya="0"/><INIT seed="0,0,0,4,1,109" ten="250,250,250,250" oya="0" hai0="62,74,38,23,32,107,55,69,15,60,35,94,21" hai1="125,27,87,12,33,3,131,22,122,101,104,18,65" hai2="51,86,72,19,57,37,127,77,7,98,90,13,129" hai3="61,115,4,96,110,120,52,43,105,128,47,36,80"/><T123/><D123/><U41/><E122/><V58/><F37/><W81/><G120/><T16/><D107/><U117/><E117/><V44/><F129/><W29/><G110/><T92/><D74/><U121/><E121/><V20/><F127/><W108/><G108/><T112/><D38/><U68/><E125/><V0/><F77/><W111/><G111/><T48/><D112/><U135/><E3/><V91/><F72/><W9/><G115/><T53/><D15/><U1/><E1/><V70/><F70/><W42/><G128/><T119/><D48/><U106/><E135/><V45/><F45/><W133/><G133/><T75/><D75/><U97/><E131/><V93/><F7/><W132/><G29/><T84/><D84/><U54/><E41/><V83/><REACH who="2" step="1"/><F0/><REACH who="2" ten="250,250,240,250" step="2"/><W130/><G130/><T79/><D79/><U113/><E113/><V63/><F63/><W40/><G132/><T64/><D69/><U8/><E68/><V114/><F114/><W76/><G76/><T126/><D126/><U50/><E65/><V28/><F28/><W59/><G47/><T73/><D73/><U31/><E87/><V14/><F14/><W67/><G36/><T34/><D64/><U78/><E78/><V85/><F85/><W10/><G67/><T116/><D34/><U88/><E33/><V102/><F102/><W49/><G61/><T118/><D119/><U56/><E88/><V26/><F26/><W95/><G4/><T82/><D118/><U30/><E31/><V103/><F103/><W99/><G49/><T66/><D116/><U39/><E39/><RYUUKYOKU ba="0,1" sc="250,-15,250,15,240,15,250,-15" hai1="8,12,18,22,27,30,50,54,56,97,101,104,106" hai2="13,19,20,44,51,57,58,83,86,90,91,93,98" /><INIT seed="1,1,1,0,2,40" ten="235,265,255,235" oya="1" hai0="111,72,117,50,22,45,78,21,47,38,125,29,55" hai1="92,129,69,44,23,76,42,86,12,104,123,17,63" hai2="109,82,124,48,31,120,128,53,37,114,83,88,19" hai3="121,96,58,39,7,30,126,6,115,15,66,57,134"/><U65/><E123/><V36/><F120/><W108/><G121/><T49/><D117/><U71/><E104/><V33/><F128/><W67/><G115/><T51/><D38/><U73/><E129/><V113/><F109/><W107/><G108/><T70/><D111/><U110/><E110/><V62/><F62/><W84/><G39/><T89/><D70/><U95/><E73/><V85/><F124/><W9/><G134/><T133/><D133/><U46/><E71/><V100/><F100/><W74/><G74/><T127/><D89/><U27/><E27/><V59/><F83/><W98/><G107/><T64/><D64/><N who="3" m="24617" /><G30/><T90/><D90/><U79/><E46/><N who="0" m="17417" /><D55/><U105/><E105/><V135/><F135/><W87/><G126/><N who="0" m="48139" /><D29/><U32/><E79/><V61/><F36/><W52/><G7/><T97/><D97/><N who="3" m="37481" /><G57/><T91/><D91/><U13/><E76/><V4/><F37/><W5/><G5/><T26/><D26/><U101/><E69/><V60/><F4/><W116/><G116/><T80/><AGARI ba="1,1" hai="21,22,49,50,51,72,78,80" m="48139,17417" machi="80" ten="40,8000,1" yaku="18,1,52,3" doraHai="40" who="0" fromWho="0" sc="235,93,265,-41,255,-21,235,-21" /><INIT seed="2,0,0,1,5,81" ten="328,224,234,214" oya="2" hai0="119,12,96,42,39,113,104,62,110,65,6,30,93" hai1="17,9,44,82,118,35,68,126,102,4,132,128,38" hai2="95,111,18,117,90,133,114,29,123,46,45,70,2" hai3="94,22,130,67,58,134,103,109,64,54,75,41,27"/><V115/><F70/><W77/><G109/><T76/><D113/><U13/><E118/><V53/><F2/><W79/><G130/><T116/><D110/><U69/><E128/><V72/><F72/><W48/><G134/><T63/><D104/><U71/><E132/><V3/><F3/><W124/><G124/><T88/><D30/><U74/><E35/><V47/><F111/><W57/><G75/><T25/><D25/><U37/><E126/><V100/><F100/><W10/><G10/><N who="0" m="4183" /><D76/><N who="3" m="29257" /><G41/><T91/><D65/><U106/><E82/><V127/><F29/><N who="3" m="17655" /><G58/><T80/><D42/><U5/><E74/><V121/><F117/><N who="0" m="45130" /><D39/><U52/><E38/><V98/><F127/><W50/><G50/><T24/><D24/><U86/><E37/><V51/><F133/><W33/><G33/><T1/><D1/><U14/><E14/><V83/><F114/><W61/><G48/><T99/><D99/><AGARI ba="0,0" hai="54,57,61,64,67,94,99,103" m="17655,29257" machi="99" ten="30,1000,0" yaku="8,1" doraHai="81" who="3" fromWho="0" sc="328,-10,224,0,234,0,214,10" /><INIT seed="3,0,0,1,3,7" ten="318,224,234,224" oya="3" hai0="44,72,51,132,126,46,1,94,87,85,49,22,12" hai1="57,41,123,99,2,14,34,35,43,115,27,52,73" hai2="6,20,0,77,106,113,56,32,102,96,90,13,103" hai3="38,98,42,83,101,91,122,109,23,74,3,92,61"/><W128/><G122/><T121/><D121/><U125/><E123/><V131/><F113/><W40/><G109/><T25/><D1/><U112/><E2/><V71/><F32/><W26/><G128/><T9/><D72/><U24/><E73/><V11/><F71/><W100/><G3/><T60/><D132/><U82/><E82/><V55/><F131/><W18/><G61/><T30/><D60/><U134/><E125/><V93/><F77/><W4/><G4/><N who="0" m="3111" /><D126/><U15/><E99/><V117/><F117/><W21/><G38/><T104/><D104/><U10/><E57/><V65/><F65/><W97/><G74/><T118/><D118/><U29/><E29/><V17/><F106/><W119/><G119/><T64/><D64/><U8/><E52/><V95/><F95/><N who="3" m="58463" /><G23/><T28/><D28/><U66/><E66/><V75/><REACH who="2" step="1"/><F75/><REACH who="2" ten="318,224,224,224" step="2"/><W127/><G127/><T78/><D94/><U120/><REACH who="1" step="1"/><E120/><REACH who="1" ten="318,214,224,224" step="2"/><V107/><F107/><W80/><G80/><N who="0" m="47255" /><D87/><AGARI ba="0,2" hai="18,21,26,40,42,83,87,91,92,97,101" m="58463" machi="87" ten="30,1500,0" yaku="8,1" doraHai="7" who="3" fromWho="0" sc="318,-15,214,0,224,0,224,35" /><INIT seed="3,1,0,1,3,108" ten="303,214,224,259" oya="3" hai0="65,38,98,118,117,32,77,22,57,120,84,37,42" hai1="45,69,46,11,124,79,52,6,47,24,115,9,12" hai2="0,62,7,80,127,100,101,123,33,88,96,76,18" hai3="81,91,48,31,113,27,36,106,71,23,1,68,19"/><W15/><G106/><T59/><D32/><U39/><E69/><V82/><F33/><W135/><G36/><T2/><D2/><U51/><E124/><V5/><F127/><W25/><G135/><T67/><D22/><U99/><E115/><V26/><F123/><W21/><G1/><T133/><D84/><U78/><E24/><V89/><F62/><W107/><G113/><T40/><D98/><U8/><E6/><V3/><F26/><W94/><G107/><T109/><D77/><U72/><E12/><V105/><F105/><W74/><G48/><T87/><D87/><U43/><E72/><V20/><F20/><W86/><G15/><T10/><D10/><U4/><E4/><V34/><F34/><W55/><G55/><T16/><D16/><U54/><E99/><V49/><F49/><AGARI ba="1,0" hai="8,9,11,39,43,45,46,47,49,51,52,54,78,79" machi="49" ten="40,2600,0" yaku="9,1,54,1" doraHai="108" who="1" fromWho="2" sc="303,0,214,29,224,-29,259,0" /><INIT seed="4,0,0,0,5,41" ten="303,243,195,259" oya="0" hai0="73,122,59,125,105,65,76,133,55,33,46,69,82" hai1="100,90,81,17,128,48,104,52,37,9,35,74,110" hai2="64,66,58,91,83,54,21,89,15,95,126,36,93" hai3="107,25,115,18,130,50,98,19,2,70,117,99,60"/><T32/><D122/><U96/><E110/><V121/><F36/><W103/><G117/><T42/><D133/><U111/><E111/><V0/><F0/><W34/><G2/><T10/><D105/><U4/><E37/><V39/><F39/><W75/><G75/><T123/><D123/><U106/><E35/><V68/><F68/><W12/><G115/><T20/><D125/><U38/><E38/><V88/><F126/><W120/><G130/><T85/><D73/><U71/><E71/><V29/><F83/><W87/><G120/><T135/><D135/><U80/><E128/><V109/><F109/><W77/><G12/><T57/><D10/><U23/><E104/><V108/><F108/><W127/><G98/><T14/><D69/><U79/><E90/><V47/><F58/><W113/><G113/><T11/><D20/><U102/><E102/><V129/><F129/><W92/><G50/><N who="0" m="26967" /><D65/><N who="2" m="25194" /><F121/><W51/><G127/><T118/><D118/><U49/><E81/><V86/><F15/><W43/><G70/><T94/><D94/><N who="2" m="35850" /><F86/><W3/><G87/><T30/><D33/><U16/><E23/><V131/><F131/><W84/><G84/><T134/><D134/><U112/><E112/><V13/><F13/><W53/><G92/><T72/><D72/><U31/><E9/><V124/><F124/><W6/><G3/><T119/><D119/><U5/><E106/><V24/><F91/><W101/><G34/><T97/><D32/><U45/><E74/><V44/><F44/><W61/><G107/><T56/><D56/><U132/><E132/><V22/><F22/><RYUUKYOKU ba="0,0" sc="303,-10,243,-10,195,30,259,-10" hai2="21,24,29,47,54,88,89" /><INIT seed="5,1,0,5,3,62" ten="293,233,225,249" oya="1" hai0="3,7,80,12,81,74,48,52,50,121,82,13,25" hai1="4,98,102,53,42,67,113,40,70,54,101,34,23" hai2="124,104,68,94,69,22,33,61,21,47,24,16,49" hai3="89,100,109,0,86,19,55,59,63,83,78,2,135"/><U65/><E34/><V26/><F104/><W131/><G109/><T20/><D121/><U51/><E113/><V37/><F33/><W134/><G131/><T120/><D120/><U41/><E70/><V46/><F124/><W107/><G107/><T93/><D74/><U112/><E112/><V45/><F37/><W9/><G100/><T31/><D48/><U35/><E35/><V96/><F61/><W117/><G117/><T15/><D3/><U122/><E122/><V105/><F105/><W123/><G123/><T29/><D93/><U114/><E114/><V90/><F69/><W71/><G71/><T8/><REACH who="0" step="1"/><D29/><REACH who="0" ten="283,233,225,249" step="2"/><U125/><E125/><V57/><F68/><W99/><G2/><T111/><D111/><U84/><E4/><V10/><F10/><W58/><G0/><T32/><D32/><U5/><E5/><V14/><REACH who="2" step="1"/><F22/><REACH who="2" ten="283,233,215,249" step="2"/><W6/><G9/><T118/><D118/><U92/><E23/><V110/><F110/><W44/><G135/><T85/><D85/><U18/><E84/><V130/><F130/><W119/><G86/><T75/><D75/><U64/><E51/><V1/><F1/><W132/><G119/><T11/><D11/><U28/><E28/><V129/><F129/><W27/><G132/><T30/><D30/><U17/><E17/><V106/><F106/><W127/><G19/><T60/><D60/><U88/><REACH who="1" step="1"/><E18/><REACH who="1" ten="283,223,215,249" step="2"/><V115/><F115/><W95/><G134/><T108/><D108/><U76/><E76/><V91/><F91/><W103/><G89/><T38/><D38/><U126/><E126/><V36/><F36/><RYUUKYOKU ba="1,3" sc="283,10,223,10,215,10,249,-30" hai0="7,8,12,13,15,20,25,31,50,52,80,81,82" hai1="40,41,42,53,54,64,65,67,88,92,98,101,102" hai2="14,16,21,24,26,45,46,47,49,57,90,94,96" /><INIT seed="5,2,3,3,0,107" ten="293,233,225,219" oya="1" hai0="112,2,66,95,101,33,116,89,86,96,79,83,111" hai1="92,88,84,128,74,4,104,55,15,78,80,129,57" hai2="46,26,25,17,1,42,64,59,37,51,102,62,36" hai3="106,22,3,121,119,10,123,63,93,69,27,58,135"/><U81/><E104/><V97/><F1/><W82/><G106/><N who="0" m="63783" /><D33/><U85/><E15/><V54/><F17/><W73/><G69/><T67/><D2/><U9/><E9/><V40/><F97/><W24/><G119/><T127/><D116/><U122/><E4/><V38/><F102/><W31/><G135/><T21/><D111/><U132/><E132/><V5/><F5/><W94/><G3/><T133/><D133/><U14/><E14/><V130/><F25/><W6/><G6/><T71/><D71/><U65/><E65/><V77/><F77/><W114/><G10/><T44/><D44/><U124/><E124/><V16/><REACH who="2" step="1"/><F130/><REACH who="2" ten="293,233,215,219" step="2"/><N who="1" m="50281" /><E122/><V56/><F56/><W117/><G114/><T76/><D112/><U19/><E19/><V41/><F41/><W39/><G117/><T113/><D113/><U72/><E80/><V30/><F30/><W134/><G134/><T118/><D118/><U23/><E23/><AGARI ba="2,4" hai="16,23,26,36,37,38,40,42,46,51,54,59,62,64" machi="23" ten="40,5200,0" yaku="1,1,54,1,53,1" doraHai="107" doraHaiUra="52" who="2" fromWho="1" sc="293,0,233,-58,215,98,219,0" /><INIT seed="6,0,0,1,2,102" ten="293,175,313,219" oya="2" hai0="133,27,36,17,1,90,31,107,61,59,60,23,119" hai1="103,28,63,78,44,3,105,88,30,109,93,40,64" hai2="29,80,92,72,55,58,43,75,79,10,95,132,81" hai3="113,37,26,13,54,104,7,41,2,0,122,46,5"/><V110/><F110/><W67/><G122/><T6/><D36/><U123/><E109/><V134/><F29/><W131/><G67/><T87/><D133/><N who="2" m="51306" /><F43/><W20/><G131/><T114/><D114/><U16/><E123/><V70/><F70/><W125/><G125/><T130/><D130/><U53/><E3/><V50/><F10/><W120/><G120/><T4/><D107/><U117/><E117/><V11/><F11/><W112/><G54/><T76/><D76/><AGARI ba="0,0" hai="50,55,58,72,75,76,79,80,81,92,95" m="51306" machi="76" ten="30,1500,0" yaku="20,1" doraHai="102" who="2" fromWho="0" sc="293,-15,175,0,313,15,219,0" /><INIT seed="6,1,0,3,4,2" ten="278,175,328,219" oya="2" hai0="12,47,55,119,129,118,65,29,50,89,40,21,135" hai1="84,3,20,107,102,116,60,11,51,52,15,54,101" hai2="80,13,23,36,58,91,86,33,77,56,28,94,34" hai3="105,96,85,126,83,75,24,9,112,121,87,1,59"/><V17/><F36/><W132/><G121/><T16/><D129/><U31/><E116/><N who="0" m="44585" /><D135/><U22/><E3/><V110/><F110/><W53/><G132/><T130/><D130/><U79/><E60/><V0/><F0/><W27/><G126/><T46/><D65/><U134/><E134/><V82/><F82/><W41/><G41/><T133/><D133/><U57/><E54/><V64/><F64/><W7/><G112/><T35/><D89/><U63/><E63/><V44/><F44/><W90/><G75/><T69/><D69/><U120/><E120/><V70/><F70/><W88/><G96/><T25/><D47/><U26/><E107/><V72/><REACH who="2" step="1"/><F28/><REACH who="2" ten="278,175,318,219" step="2"/><W97/><G59/><AGARI ba="1,1" hai="13,17,23,33,34,56,58,59,72,77,80,86,91,94" machi="59" ten="40,3900,0" yaku="1,1,2,1,53,0" doraHai="2" doraHaiUra="111" who="2" fromWho="3" sc="278,0,175,0,318,52,219,-42" /><INIT seed="6,2,0,0,0,125" ten="278,175,370,177" oya="2" hai0="68,82,6,46,10,64,52,43,51,61,79,57,26" hai1="98,2,74,99,39,106,121,115,18,7,41,75,86" hai2="94,53,42,15,47,21,117,5,38,118,45,49,76" hai3="116,27,55,90,31,40,123,23,130,120,17,30,92"/><V102/><F76/><W36/><G116/><T124/><D124/><U44/><E115/><V29/><F29/><W114/><G114/><T69/><D26/><U85/><E121/><V128/><F5/><W9/><G55/><T87/><D64/><U20/><E86/><V22/><F22/><W14/><G31/><T132/><D132/><U25/><E85/><V108/><F108/><W88/><G90/><T28/><D28/><U16/><E18/><V66/><F66/><W8/><G8/><T3/><AGARI ba="2,0" hai="3,6,10,43,46,51,52,57,61,68,69,79,82,87" machi="3" ten="20,2700,0" yaku="0,1,7,1,54,1" doraHai="125" who="0" fromWho="0" sc="278,33,175,-9,370,-15,177,-9" /><INIT seed="7,0,0,5,0,130" ten="311,166,355,168" oya="3" hai0="122,81,25,117,58,121,34,55,18,37,5,54,83" hai1="64,69,74,40,97,132,95,91,98,78,87,26,36" hai2="27,56,67,112,3,52,23,43,128,124,1,85,57" hai3="120,94,101,12,135,19,108,100,46,29,41,17,16"/><W92/><G120/><T106/><D117/><U96/><E132/><V0/><F128/><W119/><G119/><T123/><D106/><U35/><E36/><V126/><F112/><W93/><G135/><T7/><D37/><U60/><E40/><V68/><F43/><W103/><G108/><T21/><D34/><U62/><E62/><N who="2" m="40055" /><F52/><W48/><REACH who="3" step="1"/><G29/><REACH who="3" ten="311,166,355,158" step="2"/><T38/><D38/><U70/><E70/><V90/><F126/><W44/><G44/><T110/><D110/><U99/><E74/><V39/><F124/><W63/><G63/><T2/><D2/><U14/><E14/><AGARI ba="0,1" hai="12,14,16,17,19,41,46,48,92,93,94,100,101,103" machi="14" ten="50,12000,1" yaku="1,1,29,2,8,1,54,1,53,0" doraHai="130" doraHaiUra="22" who="3" fromWho="1" sc="311,0,166,-120,355,0,158,130" /><INIT seed="7,1,0,1,4,5" ten="311,46,355,288" oya="3" hai0="90,91,82,49,132,120,103,81,93,41,4,130,114" hai1="61,77,1,17,18,34,85,40,107,6,119,110,97" hai2="11,46,100,125,59,76,13,8,60,73,2,33,63" hai3="25,84,21,116,64,118,3,96,0,51,89,52,124"/><W72/><G72/><T83/><D120/><U134/><E110/><V54/><F33/><W92/><G124/><T14/><D130/><U122/><E6/><V86/><F73/><W56/><G64/><T44/><D132/><U32/><E85/><V115/><F125/><W58/><G58/><T62/><D114/><U109/><E61/><N who="2" m="36087" /><F2/><W15/><G15/><T45/><D62/><N who="2" m="23594" /><F115/><W36/><G36/><T80/><N who="0" m="20480" /><DORA hai="38" /><T78/><D78/><U113/><E77/><V10/><F76/><W43/><G43/><T71/><D71/><U29/><E97/><V75/><F75/><W74/><G74/><T87/><D45/><U101/><E113/><V128/><F128/><W27/><G96/><N who="0" m="59791" /><D87/><U66/><E66/><V79/><F79/><W57/><G57/><T31/><D31/><U95/><E29/><V68/><F68/><W9/><G27/><T7/><D7/><U16/><E40/><V102/><F86/><W65/><G65/><T35/><D35/><U117/><E95/><V30/><F30/><W55/><G55/><T23/><D23/><U104/><E101/><N who="2" m="39019" /><F46/><W88/><G89/><T50/><D50/><U112/><E112/><V67/><F67/><W106/><G106/><T20/><D20/><U37/><E37/><V129/><F129/><W123/><G123/><T28/><D28/><U22/><E22/><V94/><F94/><W26/><G26/><T47/><D47/><U99/><E122/><V131/><F131/><W12/><G25/><T105/><D105/><U19/><E107/><V24/><F24/><W108/><G108/><T133/><D133/><RYUUKYOKU ba="1,0" sc="311,15,46,-15,355,15,288,-15" hai0="4,14,41,44,49,90,91" hai2="8,10,11,13" owari="326,13.0,31,-47.0,370,47.0,273,-13.0" /></mjloggm>