<mjloggm ver="2.3"><GO type="185" lobby="0"/><UN n0="%E4%BD%90%E8%97%A4%E7%BE%8E%E5%92%8C%E5%AD%90" n1="%63%61%6C%63%2E" n2="%E3%81%B5%E3%81%BF%E3%81%9F%E3%82%93%EF%BC%8A" n3="" dan="16,19,16,0" rate="2141.55,2397.97,2121.57,1500.00" sx="M,M,M,C"/><TAIKYOKU oya="0"/><INIT seed="0,0,0,2,3,127" ten="350,350,350,0" oya="0" hai0="37,64,104,72,48,52,33,95,59,73,91,45,133" hai1="62,132,42,96,99,60,46,92,0,77,101,115,119" hai2="61,79,40,86,128,118,58,131,53,108,36,78,102" hai3=""/><T85/><D33/><U38/><E119/><V55/><F118/><T134/><D104/><U105/><E0/><V44/><F108/><T32/><D32/><U113/><E77/><V94/><F55/><T43/><REACH who="0" step="1"/><D64/><REACH who="0" ten="340,350,350,0" step="2"/><U125/><E125/><V57/><F57/><T87/><D87/><U49/><E132/><AGARI ba="0,1" hai="37,43,45,48,52,59,72,73,85,91,95,132,133,134" machi="132" ten="40,18000,2" yaku="1,1,20,1,54,1,53,3" doraHai="127" doraHaiUra="130" who="0" fromWho="1" sc="340,190,350,-180,350,0,0,0" /><INIT seed="0,1,0,1,2,122" ten="530,170,350,0" oya="0" hai0="133,99,37,105,59,73,55,101,75,109,51,106,52" hai1="87,107,68,94,34,46,44,45,97,78,134,57,111" hai2="62,121,66,65,126,90,61,67,103,56,125,63,70" hai3=""/><T80/><D133/><U47/><E68/><V129/><N who="2" m="31008" /><V135/><F103/><T36/><D106/><U40/><E34/><V76/><F76/><T108/><D80/><U91/><E134/><V93/><F135/><T54/><D54/><U115/><E115/><V48/><F129/><T119/><D119/><U79/><E57/><V124/><F48/><T112/><D112/><U50/><E107/><V72/><F72/><N who="0" m="27722" /><D55/><U110/><REACH who="1" step="1"/><E97/><REACH who="1" ten="530,160,350,0" step="2"/><V84/><REACH who="2" step="1"/><F56/><REACH who="2" ten="530,160,340,0" step="2"/><T86/><D59/><U104/><E104/><V83/><F83/><T92/><D105/><U120/><N who="1" m="30752" /><U81/><E81/><V39/><F39/><T117/><D36/><U41/><E41/><V1/><F1/><T102/><D37/><U43/><E43/><V127/><N who="2" m="31744" /><DORA hai="33" /><V128/><F128/><T132/><D132/><U35/><E35/><V0/><F0/><T69/><D69/><AGARI ba="1,2" hai="61,62,63,65,66,67,69,70,84,90,93" m="31744,31008" machi="69" ten="80,12000,2" yaku="1,1,29,2,18,1,52,1,53,1" doraHai="122,33" doraHaiUra="2,82" who="2" fromWho="0" sc="530,-122,160,0,340,142,0,0" /><INIT seed="1,0,0,2,5,32" ten="408,160,482,0" oya="1" hai0="127,76,68,71,131,107,98,135,57,59,66,91,79" hai1="62,110,75,122,88,92,65,46,114,45,96,82,86" hai2="40,37,128,106,34,93,109,117,133,58,83,3,55" hai3=""/><U108/><N who="1" m="31264" /><U51/><E75/><V119/><F40/><T77/><D131/><U56/><E114/><V64/><F64/><T70/><D135/><U125/><E125/><V89/><F58/><T121/><N who="0" m="31008" /><T100/><D127/><U41/><REACH who="1" step="1"/><E46/><REACH who="1" ten="408,150,482,0" step="2"/><V111/><F34/><T120/><N who="0" m="30752" /><T63/><D59/><U39/><E39/><V36/><F37/><T112/><D112/><U95/><E95/><V124/><F93/><T118/><D118/><U130/><E130/><V38/><F124/><T123/><N who="0" m="31520" /><T0/><D57/><U105/><E105/><V115/><F128/><T48/><D71/><U113/><E113/><V87/><F115/><T129/><D70/><U72/><E72/><V102/><F106/><T80/><D129/><U52/><E52/><V47/><F55/><T84/><D68/><U74/><E74/><V103/><F47/><T97/><D107/><U132/><E132/><V73/><F73/><T2/><D66/><U134/><E134/><V54/><F133/><T104/><D104/><U101/><AGARI ba="0,1" hai="41,45,51,56,62,65,82,86,88,92,96,101,108,110" m="31264" machi="101" ten="30,8000,1" yaku="1,1,0,1,52,1,54,1,53,1" doraHai="32" doraHaiUra="42" who="1" fromWho="1" sc="408,-40,150,90,482,-40,0,0" /><INIT seed="1,1,0,4,2,63" ten="368,240,442,0" oya="1" hai0="76,113,96,60,65,116,61,108,53,102,119,66,100" hai1="77,71,49,129,86,46,2,128,85,88,32,75,104" hai2="67,74,97,51,81,42,73,72,109,126,101,79,62" hai3=""/><U43/><E32/><V68/><F126/><T36/><D113/><U58/><E71/><V114/><F114/><T44/><D76/><U35/><E35/><V41/><F109/><T38/><D108/><U115/><E115/><V125/><F125/><T50/><D96/><U90/><E2/><V89/><F89/><T40/><D53/><U94/><E104/><V98/><F98/><T127/><D127/><U39/><E75/><V47/><REACH who="2" step="1"/><F41/><REACH who="2" ten="368,240,432,0" step="2"/><T93/><D40/><U91/><E77/><V134/><F134/><T124/><D124/><U118/><E118/><V83/><F83/><T3/><D3/><U80/><E90/><V95/><AGARI ba="1,1" hai="42,47,51,62,67,68,72,73,74,79,81,95,97,101" machi="95" ten="20,3900,0" yaku="1,1,0,1,7,1,52,1,53,0" doraHai="63" doraHaiUra="52" who="2" fromWho="2" sc="368,-14,240,-27,432,51,0,0" /><INIT seed="2,0,0,0,0,125" ten="354,213,483,0" oya="2" hai0="129,34,44,72,68,52,88,59,130,84,123,91,103" hai1="96,33,73,37,60,2,101,102,61,85,106,46,62" hai2="127,78,66,76,51,58,74,132,119,124,128,69,3" hai3=""/><V43/><F3/><T97/><N who="0" m="31520" /><T42/><D34/><U77/><E33/><V100/><F119/><T75/><D68/><U50/><E2/><V56/><F100/><T41/><D75/><U63/><N who="1" m="15360" /><DORA hai="93" /><U36/><E73/><V117/><F66/><T115/><D72/><U49/><E101/><V121/><F69/><T126/><D115/><U80/><REACH who="1" step="1"/><E50/><REACH who="1" ten="354,203,483,0" step="2"/><V83/><F74/><T71/><D103/><U99/><E99/><V94/><F51/><T47/><D97/><U122/><N who="1" m="31264" /><U118/><E118/><V92/><F117/><T131/><D71/><U110/><E110/><V48/><F48/><T95/><D126/><U35/><E35/><V116/><F116/><T40/><D130/><U104/><E104/><V90/><F128/><T135/><D131/><U98/><E98/><V64/><F121/><T32/><D129/><U81/><E81/><V65/><F83/><T133/><D32/><U107/><E107/><V87/><F127/><T70/><D70/><U86/><E86/><V113/><F87/><T57/><D84/><U120/><N who="1" m="30752" /><U67/><E67/><V54/><F65/><T0/><D0/><U109/><E109/><V39/><F64/><T53/><D95/><U111/><E111/><RYUUKYOKU ba="0,1" sc="354,-10,203,20,483,-10,0,0" hai1="36,37,46,49,77,80,85,96,102,106" /><INIT seed="4,1,1,5,5,48" ten="344,223,473,0" oya="0" hai0="129,87,74,94,79,44,92,124,130,95,60,78,109" hai1="132,134,38,68,133,43,117,47,114,128,99,123,64" hai2="39,104,115,86,127,108,37,58,101,135,80,69,110" hai3=""/><T34/><D34/><U53/><N who="1" m="31520" /><U121/><N who="1" m="31008" /><U120/><N who="1" m="30752" /><U51/><E128/><N who="0" m="49257" /><D124/><U63/><E117/><V57/><F69/><T35/><D35/><U84/><E99/><V62/><F127/><T72/><D44/><U65/><E65/><V32/><F58/><T102/><D109/><U42/><E114/><V126/><F32/><T97/><D60/><U89/><REACH who="1" step="1"/><E38/><REACH who="1" ten="344,213,473,0" step="2"/><V98/><F115/><T90/><D97/><U119/><E119/><V96/><F98/><T131/><D131/><U36/><E36/><V111/><F126/><T106/><D106/><U118/><E118/><V61/><F37/><T100/><D100/><U40/><E40/><V113/><F39/><T76/><D102/><U2/><E2/><V93/><F113/><T85/><D85/><U77/><E77/><V73/><F108/><T122/><N who="0" m="31264" /><T116/><D116/><U45/><E45/><V91/><F110/><T103/><D103/><U50/><E50/><V46/><F111/><T52/><D52/><U66/><E66/><V56/><F46/><T88/><D87/><U105/><E105/><V125/><F125/><T83/><D78/><U107/><E107/><V3/><F104/><T67/><D67/><U1/><E1/><RYUUKYOKU ba="1,2" sc="344,10,213,10,473,-20,0,0" hai0="72,74,76,79,83,88,90,92,94,95" hai1="42,43,47,51,53,63,64,68,84,89,132,133,134" /><INIT seed="4,2,2,4,2,61" ten="354,223,453,0" oya="0" hai0="37,86,92,135,90,102,93,63,98,129,58,82,100" hai1="127,47,65,80,132,110,67,114,91,123,88,103,105" hai2="44,71,84,0,133,109,50,99,54,53,2,43,38" hai3=""/><T64/><D129/><U66/><N who="1" m="31520" /><U111/><E132/><V85/><F109/><T126/><D135/><U46/><E127/><V62/><F133/><T75/><D126/><U96/><E114/><V116/><F54/><T81/><D37/><U69/><E69/><V125/><F116/><T41/><D41/><U94/><E80/><V35/><F35/><T121/><N who="0" m="31008" /><T118/><D118/><U95/><E105/><V78/><F99/><T42/><D42/><U52/><E103/><V56/><F125/><T36/><D36/><U117/><E117/><V120/><N who="2" m="30752" /><V72/><F72/><T59/><D75/><U134/><E134/><V55/><F55/><T124/><D124/><U119/><E119/><V87/><F78/><T112/><D112/><U101/><E101/><V70/><F71/><T33/><D33/><U48/><REACH who="1" step="1"/><E47/><REACH who="1" ten="354,213,453,0" step="2"/><V89/><F89/><T39/><D102/><U32/><E32/><V57/><F56/><T60/><D59/><U130/><E130/><V1/><F70/><T97/><D58/><U76/><E76/><V104/><F104/><T79/><D79/><U40/><E40/><V73/><F73/><T131/><D131/><U34/><E34/><V113/><F113/><T49/><D90/><RYUUKYOKU ba="2,3" sc="354,-20,213,10,453,10,0,0" hai1="46,48,52,65,66,67,88,91,94,95,96,110,111" hai2="0,1,2,38,43,44,50,53,57,62,84,85,87" /><INIT seed="5,3,3,4,2,95" ten="334,223,463,0" oya="1" hai0="85,104,96,63,97,122,112,89,2,67,128,41,135" hai1="111,132,54,55,94,52,32,35,90,47,103,130,98" hai2="100,74,64,53,83,107,133,56,73,126,51,40,57" hai3=""/><U66/><E130/><V115/><F133/><T50/><N who="0" m="31264" /><T106/><D2/><U77/><E132/><V75/><F126/><T69/><D135/><U1/><E1/><V124/><F40/><T72/><D72/><U123/><N who="1" m="31520" /><U101/><E111/><V44/><F124/><T43/><D128/><U93/><E77/><V68/><F115/><T91/><D112/><U81/><E66/><V80/><F68/><T60/><D50/><U116/><E116/><V110/><F110/><T134/><D134/><U121/><N who="1" m="31008" /><U61/><E61/><V99/><F57/><T38/><D38/><U127/><E127/><V105/><F105/><T117/><D117/><U108/><E108/><V39/><F39/><T78/><D69/><U48/><E81/><V70/><F70/><T114/><D114/><U49/><E101/><V34/><F34/><T118/><D118/><U102/><E102/><V71/><F71/><T45/><D67/><U58/><REACH who="1" step="1"/><E55/><REACH who="1" ten="334,213,463,0" step="2"/><V125/><F125/><T119/><D119/><U42/><E42/><V84/><F64/><T79/><D43/><U109/><E109/><V0/><F0/><T33/><D41/><U87/><AGARI ba="3,4" hai="32,35,47,48,49,52,54,58,87,90,93,94,98,103" m="31008,31520" machi="87" ten="20,12000,2" yaku="1,1,0,1,7,1,52,3,54,1,53,0" doraHai="95" doraHaiUra="36" who="1" fromWho="1" sc="334,-63,213,166,463,-63,0,0" /><INIT seed="5,4,0,0,1,91" ten="271,379,400,0" oya="1" hai0="101,86,107,97,102,73,72,111,76,48,93,38,3" hai1="103,126,118,35,123,66,64,92,98,34,104,95,69" hai2="100,49,130,39,121,87,71,59,74,40,61,45,96" hai3=""/><U135/><N who="1" m="31520" /><U33/><E118/><V68/><N who="2" m="31008" /><V110/><F74/><N who="0" m="28778" /><D48/><U84/><E126/><V60/><F110/><T90/><D38/><U58/><E135/><V114/><F87/><T124/><D3/><U81/><E69/><V83/><F83/><T119/><D124/><U56/><E58/><V0/><F0/><T127/><D127/><U47/><E47/><V44/><F130/><T82/><D111/><U77/><REACH who="1" step="1"/><E66/><REACH who="1" ten="271,369,400,0" step="2"/><V32/><F59/><T88/><D119/><U80/><E80/><V105/><F71/><T115/><D115/><U113/><E113/><V85/><F68/><T79/><D107/><U99/><E99/><V120/><N who="2" m="30752" /><V54/><F114/><T109/><D109/><U117/><E117/><V57/><F57/><T94/><D82/><U129/><E129/><V106/><F45/><T131/><D131/><U67/><E67/><V53/><F44/><T133/><D133/><U1/><E1/><V37/><F96/><T65/><D65/><U75/><E75/><V89/><F39/><T36/><D36/><U116/><E116/><V122/><F37/><T55/><D55/><U43/><E43/><V42/><F40/><T63/><D63/><AGARI ba="4,1" hai="33,34,35,56,63,64,77,81,84,92,95,98,103,104" m="31520" machi="63" ten="40,18000,2" yaku="1,1,52,3,53,3" doraHai="91" doraHaiUra="2" who="1" fromWho="0" sc="271,-188,369,198,400,0,0,0" /><INIT seed="5,5,0,2,0,68" ten="83,567,400,0" oya="1" hai0="41,64,100,111,133,110,33,39,38,67,135,93,118" hai1="102,42,98,108,99,82,36,91,112,101,32,106,3" hai2="90,86,80,57,74,125,124,85,107,113,69,97,48" hai3=""/><U45/><E32/><V89/><F69/><T40/><D33/><U92/><E3/><V1/><F1/><T123/><D100/><U116/><E116/><V65/><F74/><T132/><D93/><U127/><E112/><V62/><F113/><T88/><D88/><U76/><E127/><V96/><F48/><T75/><D75/><U61/><E108/><V34/><F34/><T77/><D77/><U115/><E115/><V122/><N who="2" m="31264" /><V134/><F134/><T78/><D78/><U103/><REACH who="1" step="1"/><E61/><REACH who="1" ten="83,557,400,0" step="2"/><V81/><F107/><T126/><N who="0" m="31520" /><T130/><D133/><U109/><E109/><V54/><F65/><T51/><D126/><AGARI ba="5,1" hai="54,57,62,80,81,85,86,89,90,96,97,124,125,126" m="31264" machi="126" ten="40,5200,0" yaku="9,1,18,1,52,1" doraHai="68" who="2" fromWho="0" sc="83,-62,557,0,400,72,0,0" /><INIT seed="6,0,0,4,2,124" ten="21,557,472,0" oya="2" hai0="131,52,46,47,57,40,32,3,82,119,64,88,132" hai1="74,56,118,128,103,43,41,101,87,62,84,86,59" hai2="106,58,85,33,108,92,49,36,78,134,99,51,109" hai3=""/><V121/><N who="2" m="31008" /><V66/><F33/><T44/><D32/><U120/><N who="1" m="30752" /><U53/><E128/><V38/><F106/><T89/><D3/><U65/><E74/><V110/><F134/><T126/><D119/><U48/><E118/><V133/><F133/><T122/><N who="0" m="31264" /><T42/><D82/><U63/><E48/><V135/><F135/><T94/><D94/><U68/><E68/><V61/><F85/><T95/><D95/><U111/><E111/><V79/><F49/><T104/><D132/><U67/><E53/><V76/><REACH who="2" step="1"/><F51/><REACH who="2" ten="21,557,462,0" step="2"/><T129/><D104/><U37/><E37/><V113/><F113/><T116/><D116/><U127/><E127/><V70/><F70/><T73/><D126/><U125/><E125/><V75/><F75/><T130/><D73/><U98/><E86/><V55/><F55/><T50/><D89/><AGARI ba="0,1" hai="36,38,58,61,66,76,78,79,89,92,99,108,109,110" m="31008" machi="89" ten="50,9600,0" yaku="1,1,10,1,52,1,53,0" doraHai="124" doraHaiUra="114" who="2" fromWho="0" sc="21,-96,557,0,462,106,0,0" owari="-75,-68.0,557,16.0,568,52.0,0,0.0" /></mjloggm>