<mjloggm ver="2.3"><GO type="169" lobby="0"/><UN n0="%E3%81%A1%E3%82%87%E3%82%8A%E3%81%8A" n1="%64%61%7A%61%69" n2="%E8%8D%92%E5%B7%9D%E5%95%93%E5%90%BE" n3="%E9%9B%80%E5%B8%AB%E3%82%88%E3%83%BC" dan="18,16,18,16" rate="2205.96,2093.57,2287.24,2093.04" sx="M,M,M,M"/><TAIKYOKU oya="0"/><INIT seed="0,0,0,3,1,21" ten="250,250,250,250" oya="0" hai0="25,51,6,45,102,31,76,132,110,0,12,95,2" hai1="122,3,87,5,24,130,68,118,112,13,120,115,117" hai2="50,86,27,1,41,40,32,88,114,92,72,96,37" hai3="109,108,104,66,101,70,53,126,93,111,78,73,124"/><T77/><D132/><U128/><E68/><V22/><F72/><W54/><G70/><T103/><D0/><U9/><E13/><V56/><F37/><W63/><G66/><T18/><D6/><U30/><E87/><V116/><F32/><W48/><G63/><T28/><D28/><U113/><E30/><V107/><F1/><W83/><G104/><T90/><D2/><U19/><E19/><V35/><F35/><W59/><REACH who="3" step="1"/><G53/><REACH who="3" ten="250,250,250,240" step="2"/><N who="0" m="29935" /><D110/><U52/><E52/><N who="2" m="31767" /><F107/><W71/><G71/><T7/><D7/><U33/><E33/><V42/><F114/><W26/><G26/><T60/><D60/><U11/><E24/><V15/><F116/><N who="1" m="44649" /><E11/><V61/><F61/><W80/><G80/><T82/><D82/><U38/><E38/><V94/><F15/><W46/><G46/><T20/><D76/><U62/><E62/><V29/><F94/><W129/><G129/><AGARI ba="0,1" hai="3,5,9,112,113,115,120,122,128,129,130" m="44649" machi="129" ten="40,8000,1" yaku="11,1,19,1,23,1,34,2" doraHai="21" who="1" fromWho="3" sc="250,0,250,90,250,0,240,-80" /><INIT seed="1,0,0,1,3,132" ten="250,340,250,160" oya="1" hai0="77,116,79,31,125,66,129,46,70,0,84,51,55" hai1="32,56,88,12,45,105,9,93,57,37,76,44,50" hai2="41,122,78,85,86,64,89,59,19,18,8,33,98" hai3="16,111,74,114,119,103,95,34,82,15,48,30,47"/><U38/><E105/><V25/><F122/><W71/><G114/><T135/><D116/><U63/><E32/><V81/><F41/><W133/><G71/><T52/><D0/><U104/><E104/><V49/><F33/><W61/><G133/><T26/><D135/><U36/><E76/><V53/><F64/><W10/><G119/><T67/><D129/><U123/><E123/><V73/><F73/><W60/><G111/><T107/><D107/><U58/><E63/><V29/><F29/><W11/><G11/><T121/><D121/><U40/><E45/><V13/><F98/><W6/><G103/><T39/><D39/><U4/><REACH who="1" step="1"/><E37/><REACH who="1" ten="250,330,250,160" step="2"/><V75/><F75/><W117/><G117/><T1/><D77/><U20/><E20/><V108/><F108/><W2/><G34/><T102/><D79/><U115/><E115/><V14/><F25/><W27/><G27/><T127/><D26/><U42/><E42/><V97/><F97/><AGARI ba="0,1" hai="4,9,12,36,38,40,44,50,56,57,58,88,93,97" machi="97" ten="40,7700,0" yaku="1,1,54,1,53,1" doraHai="132" doraHaiUra="90" who="1" fromWho="2" sc="250,0,330,87,250,-77,160,0" /><INIT seed="1,1,0,4,0,38" ten="250,417,173,160" oya="1" hai0="69,54,34,71,90,33,53,47,50,92,39,112,67" hai1="114,125,55,48,24,56,70,130,0,132,106,68,58" hai2="14,116,111,85,122,113,108,78,44,79,134,42,76" hai3="118,82,105,120,31,87,127,23,20,1,95,81,96"/><U101/><E0/><V57/><F116/><W46/><G1/><T72/><D72/><U84/><E106/><V28/><F122/><W40/><G120/><T19/><D112/><U98/><E114/><V117/><F113/><W99/><G127/><T110/><D110/><U129/><E125/><V2/><F2/><W123/><G123/><T7/><D7/><U41/><E132/><V60/><F117/><W12/><G118/><T43/><D54/><U128/><E84/><V66/><F134/><W37/><G105/><T100/><D100/><U61/><E24/><V45/><F45/><W9/><G31/><T18/><D33/><U119/><E119/><V49/><F28/><W25/><G25/><T89/><D34/><U91/><E91/><V109/><REACH who="2" step="1"/><F14/><REACH who="2" ten="250,417,163,160" step="2"/><W30/><G30/><T102/><D102/><U29/><E29/><V115/><F115/><W11/><G12/><T36/><D19/><U94/><E58/><V51/><F51/><W10/><G46/><AGARI ba="1,1" hai="41,46,48,55,56,61,68,70,94,98,101,128,129,130" machi="46" ten="40,3900,0" yaku="19,1,52,1" doraHai="38" who="1" fromWho="3" sc="250,0,417,52,163,0,160,-42" /><INIT seed="1,2,0,0,1,107" ten="250,469,163,118" oya="1" hai0="68,20,125,13,9,45,78,69,36,130,115,10,92" hai1="122,79,27,4,40,126,84,39,52,61,22,87,32" hai2="50,77,31,49,112,21,35,70,117,34,94,108,82" hai3="100,18,81,104,99,44,6,65,97,135,38,66,11"/><U47/><E122/><V83/><F70/><W131/><G131/><T57/><D115/><U19/><E126/><V96/><F112/><W8/><G135/><T88/><D130/><U71/><E32/><V0/><F0/><W53/><G97/><T5/><D125/><U43/><E43/><V93/><F117/><W73/><G18/><T74/><D57/><U62/><E62/><V129/><F129/><W16/><G16/><T29/><D29/><U15/><E79/><V86/><F108/><W75/><G11/><T41/><D20/><U89/><E87/><V118/><F118/><W106/><G106/><T120/><D120/><U48/><E61/><V28/><F35/><W128/><G128/><T56/><D56/><U24/><E71/><V113/><F34/><W3/><G53/><T101/><D101/><U98/><E98/><V134/><F134/><W123/><G123/><T119/><D10/><U58/><REACH who="1" step="1"/><E4/><REACH who="1" ten="250,459,163,118" step="2"/><V51/><F113/><W133/><G133/><T60/><D60/><U103/><E103/><V26/><F96/><W46/><G44/><T30/><D119/><U63/><E63/><V95/><F82/><AGARI ba="2,1" hai="15,19,22,24,27,39,40,47,48,52,58,82,84,89" machi="82" ten="30,11600,0" yaku="1,1,7,1,54,1,53,1" doraHai="107" doraHaiUra="54" who="1" fromWho="2" sc="250,0,459,132,163,-122,118,0" /><INIT seed="1,3,0,1,1,84" ten="250,591,41,118" oya="1" hai0="44,77,26,27,110,130,106,119,9,24,40,38,61" hai1="6,107,115,37,50,4,103,108,51,39,13,33,75" hai2="67,66,43,10,62,64,129,76,22,59,2,36,123" hai3="131,70,34,19,48,8,81,128,85,117,46,91,42"/><U92/><E115/><V20/><F123/><W135/><G70/><T28/><D119/><U80/><E107/><V99/><F129/><N who="3" m="49739" /><G34/><T16/><D130/><U124/><E33/><V132/><F132/><W86/><G135/><T5/><D106/><U104/><E104/><V101/><F76/><W21/><G86/><T120/><D120/><U97/><E124/><V57/><F43/><W0/><G117/><T93/><D110/><U125/><E125/><V60/><F36/><W15/><G0/><T78/><D28/><U29/><E29/><V58/><F2/><W65/><G65/><T98/><D61/><U96/><E96/><V113/><F113/><W63/><G63/><N who="2" m="24105" /><F10/><AGARI ba="3,0" hai="8,10,15,19,21,42,46,48,81,85,91" m="49739" machi="10" ten="30,2000,0" yaku="19,1,52,1" doraHai="84" who="3" fromWho="2" sc="250,0,591,0,41,-29,118,29" /><INIT seed="2,0,0,5,3,91" ten="250,591,12,147" oya="2" hai0="75,3,20,63,68,101,38,28,88,8,49,0,106" hai1="48,47,133,80,2,113,58,61,6,126,119,34,84" hai2="26,96,21,11,78,95,114,94,128,105,132,131,127" hai3="12,29,71,59,89,33,72,100,53,116,86,118,19"/><V79/><F114/><W15/><G71/><T5/><D38/><U44/><E113/><V16/><F127/><W54/><G72/><T1/><D75/><U117/><E34/><V25/><F132/><W62/><G100/><T97/><D49/><U66/><E126/><V55/><F11/><W43/><G43/><T37/><D37/><U99/><E6/><V56/><F105/><W110/><G110/><T67/><D20/><U121/><E2/><V107/><F107/><W83/><G12/><T108/><D108/><U17/><E133/><V24/><F128/><W10/><REACH who="3" step="1"/><G54/><REACH who="3" ten="250,591,12,137" step="2"/><T130/><D130/><U73/><E73/><V39/><F131/><W103/><G103/><T32/><D88/><U35/><E119/><V109/><F109/><W36/><G36/><T70/><D68/><U87/><E117/><V81/><F39/><W124/><G124/><T76/><D76/><N who="2" m="29226" /><F81/><W123/><G123/><T13/><D13/><U14/><E80/><V85/><F85/><W134/><G134/><T64/><D64/><U46/><E87/><V92/><F96/><W60/><G60/><AGARI ba="0,1" hai="16,21,24,25,26,55,56,60,92,94,95" m="29226" machi="60" ten="30,12000,1" yaku="8,1,52,3,54,1" doraHai="91" who="2" fromWho="3" sc="250,0,591,0,12,130,137,-120" /><INIT seed="2,1,0,1,3,59" ten="250,591,142,17" oya="2" hai0="52,96,22,2,95,80,57,99,11,3,1,70,129" hai1="89,119,27,84,104,62,47,10,106,56,55,67,125" hai2="75,82,92,115,98,120,91,114,35,90,118,60,134" hai3="23,15,63,116,41,66,20,28,32,68,0,103,42"/><V131/><F35/><W51/><G116/><T37/><D37/><U117/><E125/><V16/><F118/><W124/><G0/><T111/><D70/><U86/><E106/><V54/><F120/><W29/><G124/><T108/><D129/><U14/><E104/><V101/><F131/><W18/><G32/><T36/><D36/><U87/><E89/><V113/><F134/><W72/><G72/><T58/><D58/><U130/><E130/><V128/><F128/><W43/><G103/><T19/><D11/><U49/><REACH who="1" step="1"/><E27/><REACH who="1" ten="250,581,142,17" step="2"/><V9/><F82/><W73/><G73/><T83/><D80/><U31/><E31/><V93/><F75/><W38/><G38/><T34/><D83/><U77/><E77/><V53/><F93/><W7/><G7/><AGARI ba="1,1" hai="7,10,14,47,49,55,56,62,67,84,86,87,117,119" machi="7" ten="40,8000,1" yaku="1,1,52,1,53,2" doraHai="59" doraHaiUra="112" who="1" fromWho="3" sc="250,0,581,93,142,0,17,-83" owari="250,5.0,674,78.0,142,-26.0,-66,-57.0" /></mjloggm>