<mjloggm ver="2.3"><GO type="169" lobby="0"/><UN n0="%E8%8B%A5%E5%AE%AE%E6%98%8E%E6%97%A5%E9%A6%99" n1="%E8%88%9E%E8%8C%B8" n2="%E4%B9%BE%E5%9D%A4%E5%8D%81%E4%BA%94%E6%93%B2" n3="%E3%81%B5%E3%81%81%E3%82%93%E3%81%A7%E3%82%8B%E3%81%95%E3%83%BC%E3%82%8B" dan="17,18,16,16" rate="2220.99,2192.16,2128.32,2153.33" sx="F,M,M,M"/><TAIKYOKU oya="0"/><INIT seed="0,0,0,1,2,50" ten="250,250,250,250" oya="0" hai0="21,107,96,131,16,69,124,11,90,89,72,48,17" hai1="15,99,59,36,113,77,92,121,75,9,65,130,24" hai2="129,49,81,23,51,115,112,41,84,78,119,80,10" hai3="98,83,37,3,1,106,97,126,60,30,38,33,134"/><T5/><D72/><U34/><E121/><V25/><F129/><W13/><G13/><T117/><D117/><U45/><E130/><V27/><F119/><W61/><G83/><T116/><D116/><U12/><E113/><V39/><F39/><W133/><G30/><T102/><D131/><U70/><E70/><V66/><F66/><W95/><G95/><T56/><D69/><U40/><E34/><V103/><F103/><W123/><G33/><T47/><D56/><U0/><E24/><V67/><F67/><W93/><G93/><T7/><D124/><U135/><E135/><V128/><F128/><W122/><REACH who="3" step="1"/><G126/><REACH who="3" ten="250,250,250,240" step="2"/><T22/><D22/><U79/><E15/><V31/><F81/><W54/><G54/><T63/><D17/><U20/><E12/><V110/><F115/><W18/><G18/><T132/><D132/><U28/><E28/><V125/><F112/><W43/><G43/><T104/><D104/><AGARI ba="0,1" hai="1,3,37,38,60,61,97,98,104,106,122,123,133,134" machi="104" ten="25,3200,0" yaku="1,1,22,2,53,0" doraHai="50" doraHaiUra="82" who="3" fromWho="0" sc="250,-32,250,0,250,0,240,42" /><INIT seed="1,0,0,2,3,44" ten="218,250,250,282" oya="1" hai0="96,10,100,77,3,62,52,99,92,46,132,111,71" hai1="2,97,57,82,76,106,95,23,5,126,7,35,75" hai2="117,134,83,64,43,36,88,29,129,11,47,130,84" hai3="121,79,8,37,28,125,89,40,90,81,63,24,51"/><U45/><E126/><V54/><F117/><W128/><G37/><T65/><D77/><U61/><E35/><V112/><F112/><W115/><G121/><T66/><D66/><U39/><E106/><V105/><F105/><W25/><G115/><T122/><D122/><U56/><E2/><V73/><F134/><W114/><G114/><T116/><D116/><U135/><E135/><V70/><F29/><W31/><G128/><T4/><D132/><U14/><E56/><V33/><F33/><W113/><G63/><T53/><D111/><U41/><E23/><V12/><F73/><W0/><G8/><T22/><D22/><U108/><E14/><V119/><F119/><W13/><G13/><T68/><D68/><U93/><E93/><V133/><F133/><W59/><G0/><T87/><D87/><U131/><E131/><N who="2" m="50187" /><F70/><W58/><G125/><T109/><D109/><U80/><E80/><V91/><F64/><W107/><G107/><T98/><REACH who="0" step="1"/><D53/><REACH who="0" ten="208,250,250,282" step="2"/><U74/><E75/><V124/><F54/><W48/><G113/><T60/><D60/><U27/><E108/><V102/><F124/><W127/><G127/><T38/><D38/><U17/><E39/><V67/><F67/><W16/><G79/><T101/><D101/><U50/><E74/><V69/><F102/><W34/><G34/><T20/><D20/><U110/><E76/><N who="2" m="46183" /><F69/><W85/><G85/><T9/><D9/><U118/><E110/><V55/><F55/><W86/><G86/><T123/><D123/><U32/><E118/><V72/><F72/><W6/><G81/><T120/><D120/><RYUUKYOKU ba="0,1" sc="208,15,250,-15,250,15,282,-15" hai0="3,4,10,46,52,62,65,71,92,96,98,99,100" hai2="11,12,36,43,47,88,91" /><INIT seed="2,1,1,5,4,121" ten="223,235,265,267" oya="2" hai0="101,115,118,92,71,10,64,122,108,22,113,46,85" hai1="28,5,9,1,107,87,3,119,8,13,54,24,20" hai2="135,27,12,41,40,45,124,74,130,91,70,57,48" hai3="98,95,32,117,23,52,97,66,133,7,89,62,134"/><V60/><F74/><W96/><G32/><T33/><D122/><U112/><E107/><V129/><F27/><W65/><G117/><T59/><D118/><U114/><E119/><V93/><F124/><W76/><G76/><T25/><D33/><U82/><E54/><V94/><F135/><N who="3" m="51723" /><G7/><T110/><D71/><U78/><REACH who="1" step="1"/><E1/><REACH who="1" ten="223,225,265,267" step="2"/><V104/><F104/><W4/><G52/><T127/><D127/><U26/><E26/><V79/><F130/><W120/><G120/><T15/><D115/><U49/><E49/><V86/><F129/><W43/><G43/><T102/><D113/><U103/><E103/><V69/><F40/><W29/><G62/><T132/><D132/><U38/><E38/><V75/><F12/><W47/><G66/><T11/><D102/><U99/><E99/><V72/><F60/><W90/><G97/><T123/><D123/><U80/><E80/><V63/><F63/><W35/><G98/><T14/><D64/><U50/><E50/><V51/><F51/><W42/><G96/><T2/><D101/><U128/><E128/><V109/><F48/><W61/><G61/><T73/><D2/><U16/><AGARI ba="1,2" hai="3,5,8,9,13,16,20,24,28,78,82,87,112,114" machi="16" ten="20,5200,0" yaku="1,1,0,1,7,1,54,1,53,0" doraHai="121" doraHaiUra="44" who="1" fromWho="1" sc="223,-14,225,75,265,-27,267,-14" /><INIT seed="3,0,0,5,4,35" ten="209,300,238,253" oya="3" hai0="6,127,46,33,53,65,86,104,120,93,17,96,94" hai1="115,131,79,9,32,124,4,38,99,34,31,71,8" hai2="13,62,68,24,85,73,130,28,111,26,64,87,20" hai3="128,109,107,30,44,90,36,11,114,51,10,95,50"/><W110/><G107/><T0/><D120/><U5/><E115/><V77/><F111/><N who="3" m="42507" /><G114/><T101/><D33/><U63/><E38/><V45/><F130/><W80/><G128/><T39/><D65/><U60/><E131/><V48/><F73/><W52/><G36/><T75/><D75/><U112/><E112/><V12/><F77/><W134/><G80/><T117/><D117/><U74/><E99/><V7/><F26/><W1/><G30/><T135/><D135/><U70/><E31/><V88/><F87/><N who="3" m="52703" /><G134/><T2/><D127/><U43/><E74/><V133/><F7/><N who="3" m="1391" /><G50/><T118/><D118/><U54/><E79/><V121/><F121/><W37/><G37/><T103/><D104/><U122/><E122/><V105/><F105/><W56/><G11/><T23/><D39/><U59/><E9/><V98/><F133/><W27/><G27/><T40/><D94/><U91/><E8/><V102/><F102/><W29/><G29/><T106/><D6/><U15/><E5/><V129/><F129/><W19/><G19/><T123/><D123/><U21/><E4/><V83/><REACH who="2" step="1"/><F98/><REACH who="2" ten="209,300,228,253" step="2"/><W92/><G92/><T58/><D103/><U116/><E116/><V49/><F49/><W81/><G81/><T69/><D106/><U76/><E76/><V125/><F125/><W42/><G42/><AGARI ba="0,1" hai="12,13,20,24,28,42,45,48,62,64,68,83,85,88" machi="42" ten="30,7700,0" yaku="1,1,7,1,54,1,53,1" doraHai="35" doraHaiUra="82" who="2" fromWho="3" sc="209,0,300,0,228,87,253,-77" /><INIT seed="4,0,0,4,1,95" ten="209,300,315,176" oya="0" hai0="0,28,91,120,123,27,118,134,108,52,25,117,62" hai1="32,77,12,15,88,79,51,3,100,16,66,67,13" hai2="124,135,76,121,55,1,107,68,35,122,84,128,97" hai3="45,112,127,69,102,94,5,30,72,14,92,20,87"/><T125/><D0/><U44/><E3/><V56/><F35/><W115/><G72/><T86/><D25/><U89/><E32/><V48/><F68/><W22/><G69/><T11/><D134/><U31/><E31/><V98/><F135/><W90/><G127/><T59/><D125/><U29/><E29/><V113/><F113/><N who="3" m="43595" /><G30/><T23/><D11/><U17/><E100/><V96/><F128/><W101/><G45/><T65/><D108/><U81/><E81/><V42/><F1/><W58/><G58/><T114/><D114/><U119/><E119/><V109/><F109/><W39/><G39/><T93/><REACH who="0" step="1"/><D65/><REACH who="0" ten="199,300,315,176" step="2"/><U46/><E13/><V78/><F124/><W34/><G34/><T6/><D6/><U7/><E7/><V33/><F33/><W73/><G73/><T2/><D2/><U61/><E66/><V99/><F122/><AGARI ba="0,1" hai="23,27,28,52,59,62,86,91,93,117,118,120,122,123" machi="122" ten="40,7700,0" yaku="1,1,54,1,53,1" doraHai="95" doraHaiUra="24" who="0" fromWho="2" sc="199,87,300,0,315,-77,176,0" /><INIT seed="4,1,0,2,0,4" ten="286,300,238,176" oya="0" hai0="41,45,14,75,127,81,83,36,52,29,40,67,100" hai1="63,104,18,120,130,76,126,27,65,108,50,39,22" hai2="64,111,13,20,38,17,94,2,106,85,0,121,99" hai3="134,68,31,90,12,48,128,91,1,57,23,92,58"/><T59/><D40/><U135/><E108/><V80/><F121/><W30/><G1/><T109/><D109/><U125/><E120/><V33/><F111/><W61/><G68/><T42/><D42/><U101/><E39/><V6/><F33/><W88/><G134/><T98/><D127/><U49/><E135/><V44/><F106/><W133/><G128/><T37/><D37/><U123/><E123/><V102/><F64/><W84/><G133/><T114/><D114/><U113/><E76/><V116/><F116/><W19/><G58/><T119/><D119/><U89/><E89/><N who="3" m="33802" /><G48/><T112/><D112/><U32/><E32/><V69/><F69/><W77/><G77/><T122/><D122/><U103/><E130/><V117/><F117/><W8/><G23/><T105/><D67/><AGARI ba="1,0" hai="8,12,19,30,31,57,61,67,84,88,92" m="33802" machi="67" ten="30,3900,0" yaku="8,1,52,1,54,1" doraHai="4" who="3" fromWho="0" sc="286,-42,300,0,238,0,176,42" /><INIT seed="5,0,0,1,0,10" ten="244,300,238,218" oya="1" hai0="46,120,122,69,25,60,106,11,21,126,86,87,75" hai1="95,36,37,18,116,107,30,100,131,99,90,49,132" hai2="3,17,83,134,78,133,58,42,6,88,43,102,135" hai3="124,73,130,61,28,56,27,40,35,65,85,59,98"/><U51/><E116/><V29/><F102/><W74/><G124/><T91/><D75/><U80/><E131/><V20/><F29/><W44/><G130/><T32/><D32/><U19/><E132/><V127/><F127/><W129/><G129/><T114/><D126/><U0/><E0/><V5/><F58/><W72/><G85/><T70/><D106/><U118/><E118/><V97/><F43/><W57/><REACH who="3" step="1"/><G98/><REACH who="3" ten="244,300,238,208" step="2"/><T109/><D87/><U113/><E99/><V119/><F119/><W39/><AGARI ba="0,1" hai="27,28,35,39,40,44,56,57,59,61,65,72,73,74" machi="39" ten="30,4000,0" yaku="1,1,2,1,0,1,53,0" doraHai="10" doraHaiUra="117" who="3" fromWho="3" sc="244,-10,300,-20,238,-10,208,50" /><INIT seed="6,0,0,2,0,79" ten="234,280,228,258" oya="2" hai0="77,29,34,43,124,68,92,114,93,75,122,100,103" hai1="127,19,16,70,123,119,112,47,38,14,78,101,130" hai2="57,41,95,86,62,31,120,63,22,107,66,118,0" hai3="9,83,108,10,121,97,104,113,116,30,87,91,131"/><V111/><F120/><W26/><G108/><T58/><D68/><U4/><E70/><V74/><F118/><W106/><G121/><T132/><D122/><U59/><E123/><V64/><F74/><W84/><G116/><T134/><D114/><U46/><E119/><V89/><F107/><W18/><G131/><T105/><D124/><U44/><E112/><V8/><F41/><W82/><G113/><T73/><D43/><U27/><E38/><V24/><F0/><W11/><G18/><T72/><D58/><U115/><E115/><V42/><F42/><W90/><G97/><N who="0" m="61679" /><D34/><AGARI ba="0,0" hai="9,10,11,26,30,34,82,83,84,87,90,91,104,106" machi="34" ten="40,5200,0" yaku="9,1,52,2" doraHai="79" who="3" fromWho="0" sc="234,-52,280,0,228,0,258,52" /><INIT seed="7,0,0,2,0,101" ten="182,280,228,310" oya="3" hai0="98,94,5,60,41,0,22,68,27,69,100,62,117" hai1="105,132,115,31,30,57,121,87,133,81,104,135,51" hai2="120,55,99,86,38,109,123,70,75,96,102,40,129" hai3="72,3,90,17,9,35,91,67,18,43,12,58,103"/><W14/><G3/><T37/><D117/><U108/><E108/><V128/><F55/><W29/><G72/><T50/><D37/><U49/><E115/><V93/><F70/><W10/><G103/><T76/><D69/><U34/><E121/><N who="2" m="46667" /><F40/><W15/><G43/><T82/><D68/><U73/><E73/><V113/><F38/><W56/><G15/><T95/><D95/><U53/><E49/><V111/><F75/><W66/><G29/><N who="1" m="10762" /><E34/><AGARI ba="0,0" hai="9,10,12,14,17,18,34,35,56,58,66,67,90,91" machi="34" ten="25,2400,0" yaku="22,2" doraHai="101" who="3" fromWho="1" sc="182,0,280,-24,228,0,310,24" owari="182,-32.0,256,6.0,228,-17.0,334,43.0" /></mjloggm>