<mjloggm ver="2.3"><GO type="169" lobby="0"/><UN n0="%E3%81%8D%E3%81%BF%E3%81%A9%E3%82%8A%E3%82%93" n1="%E3%82%8F%E3%81%9F%E3%81%B4%E3%82%93" n2="%E3%82%AD%E3%83%B3%E3%82%B0%E3%81%82%E3%81%A4%E3%81%97" n3="%48%2E%4D%65%74%61%6C" dan="17,17,17,16" rate="2193.54,2242.16,2188.76,2019.75" sx="F,M,M,M"/><TAIKYOKU oya="0"/><INIT seed="0,0,0,4,4,18" ten="250,250,250,250" oya="0" hai0="25,64,85,13,123,4,55,96,127,125,47,12,89" hai1="3,66,51,37,73,84,65,103,116,121,82,97,100" hai2="80,129,61,106,15,68,24,50,75,131,46,79,21" hai3="72,7,109,34,27,70,26,83,95,36,74,11,130"/><T23/><D123/><U115/><E116/><V42/><F106/><W5/><G70/><T0/><D64/><U114/><E37/><V45/><F15/><W133/><G36/><T118/><D118/><U135/><E3/><V8/><F8/><W86/><G109/><T111/><D96/><U112/><E121/><V93/><F93/><W60/><G95/><T90/><D47/><U67/><E135/><V117/><F117/><W31/><G130/><N who="2" m="49673" /><F46/><W29/><G60/><T40/><D40/><U120/><E120/><V28/><F61/><W14/><G5/><T2/><D55/><U122/><E122/><V58/><F58/><W30/><G30/><N who="0" m="17727" /><D111/><U17/><E73/><V110/><F110/><W126/><G126/><N who="0" m="48139" /><D90/><U91/><E97/><V16/><F68/><W128/><G133/><T63/><D63/><U87/><E51/><V108/><F108/><W43/><G43/><T10/><D2/><U102/><E87/><V81/><F81/><AGARI ba="0,0" hai="0,4,10,12,13,81,85,89" m="48139,17727" machi="81" ten="30,2900,0" yaku="18,1,52,1" doraHai="18" who="0" fromWho="2" sc="250,29,250,0,250,-29,250,0" /><INIT seed="0,1,0,5,5,23" ten="279,250,221,250" oya="0" hai0="69,80,22,65,117,13,76,2,74,12,134,11,82" hai1="4,58,108,20,112,106,42,37,9,45,38,47,67" hai2="102,8,135,73,28,90,39,131,33,6,72,88,3" hai3="56,127,85,87,10,24,62,60,71,93,133,96,103"/><T49/><D117/><U35/><E35/><V59/><F39/><W34/><G133/><T86/><D134/><U116/><E116/><V75/><F131/><W126/><G71/><T111/><D111/><U123/><E106/><V53/><F135/><W1/><G62/><T25/><D69/><U40/><E123/><V124/><F102/><W109/><G109/><T100/><D65/><U101/><E108/><V48/><REACH who="2" step="1"/><F124/><REACH who="2" ten="279,250,211,250" step="2"/><W125/><G126/><T30/><D100/><U36/><E101/><V31/><F31/><W44/><G127/><T77/><REACH who="0" step="1"/><D49/><REACH who="0" ten="269,250,211,250" step="2"/><U94/><E38/><V5/><F5/><AGARI ba="1,2" hai="2,5,11,12,13,22,25,30,74,76,77,80,82,86" machi="5" ten="40,7700,0" yaku="1,1,2,1,52,1,53,0" doraHai="23" doraHaiUra="99" who="0" fromWho="2" sc="269,100,250,0,211,-80,250,0" /><INIT seed="0,2,0,3,4,106" ten="369,250,131,250" oya="0" hai0="38,125,39,82,72,7,97,4,103,24,0,124,110" hai1="101,18,131,64,26,21,90,23,47,74,40,70,15" hai2="119,75,129,16,78,86,17,45,120,53,113,85,36" hai3="10,102,105,61,127,104,128,65,115,34,135,50,126"/><T96/><D110/><U123/><E123/><V122/><F113/><W93/><G115/><T133/><D24/><U33/><E131/><V19/><F129/><W91/><G34/><T55/><D133/><U9/><E101/><V31/><F31/><W130/><G50/><T20/><D55/><U51/><E90/><V43/><F119/><W132/><G10/><N who="0" m="2311" /><D20/><U2/><E2/><V30/><F30/><W54/><G54/><T48/><D48/><U13/><E74/><V3/><F3/><W56/><G102/><T1/><D7/><U117/><E117/><V58/><F75/><W29/><G29/><T111/><D1/><U28/><E70/><V108/><F108/><W32/><G32/><T114/><D114/><U11/><REACH who="1" step="1"/><E64/><REACH who="1" ten="369,240,131,250" step="2"/><V60/><REACH who="2" step="1"/><F78/><REACH who="2" ten="369,240,121,250" step="2"/><W134/><G130/><T94/><D111/><U83/><E83/><V25/><F25/><W57/><G128/><T5/><D82/><U99/><E99/><V8/><F8/><W107/><REACH who="3" step="1"/><G57/><REACH who="3" ten="369,240,121,240" step="2"/><T95/><D103/><U14/><E14/><V42/><F42/><W49/><G49/><T76/><D39/><U87/><E87/><AGARI ba="2,3" hai="16,17,19,36,43,45,53,58,60,85,86,87,120,122" machi="87" ten="40,2600,0" yaku="1,1,54,1,53,0" doraHai="106" doraHaiUra="88" who="2" fromWho="1" sc="369,0,240,-32,121,62,240,0" /><AGARI ba="2,0" hai="56,61,65,87,91,93,104,105,107,126,127,132,134,135" machi="87" ten="50,6400,0" yaku="1,1,20,1,53,1" doraHai="106" doraHaiUra="88" who="3" fromWho="1" sc="369,0,208,-64,183,0,240,64" /><INIT seed="1,0,0,4,0,72" ten="369,144,183,304" oya="1" hai0="77,0,135,55,62,129,61,20,25,22,65,67,53" hai1="119,95,81,8,97,32,34,38,14,127,80,122,112" hai2="133,87,107,63,56,19,90,79,85,116,21,108,66" hai3="118,132,96,51,18,11,82,24,43,94,12,59,40"/><U7/><E112/><V2/><F116/><W9/><G118/><T10/><D135/><U54/><E119/><V121/><F121/><W41/><G132/><T98/><D98/><U71/><E122/><V88/><F2/><W13/><G24/><T42/><D42/><U99/><E127/><V103/><F133/><W45/><G82/><T124/><D124/><U101/><E71/><V113/><F108/><W31/><G31/><T50/><D129/><U44/><E97/><V111/><F111/><W115/><G59/><T48/><D10/><U130/><E130/><V110/><F110/><W52/><G115/><T3/><D25/><U5/><E5/><V73/><F107/><W106/><G106/><T17/><D17/><U30/><E30/><V74/><F103/><W60/><G60/><T70/><D77/><U49/><REACH who="1" step="1"/><E38/><REACH who="1" ten="369,134,183,304" step="2"/><V86/><F113/><W117/><G117/><T100/><D100/><U4/><E4/><V1/><F1/><W26/><G96/><T105/><D105/><U57/><E57/><V39/><F39/><W69/><G69/><AGARI ba="0,1" hai="0,3,20,22,48,50,53,55,61,62,65,67,69,70" machi="69" ten="25,1600,0" yaku="22,2" doraHai="72" who="0" fromWho="3" sc="369,26,134,0,183,0,304,-16" /><INIT seed="2,0,0,5,4,29" ten="395,134,183,288" oya="2" hai0="66,86,130,15,38,88,3,106,32,19,82,101,102" hai1="133,119,65,72,89,123,118,62,59,43,99,30,63" hai2="124,95,50,103,8,105,2,120,125,112,78,40,5" hai3="42,17,116,132,80,27,96,9,98,110,127,35,109"/><V10/><F112/><W79/><G116/><T37/><D32/><U47/><E133/><V0/><F120/><W51/><G132/><T75/><D3/><U117/><E123/><V87/><F105/><W129/><G129/><T134/><D130/><U56/><E72/><V39/><F39/><W20/><G127/><N who="2" m="48713" /><F103/><W64/><G64/><T21/><D66/><U44/><E89/><N who="2" m="53695" /><F78/><W74/><G9/><N who="2" m="3689" /><F5/><W48/><G48/><T26/><D102/><U6/><E6/><V14/><F14/><W31/><G51/><T91/><D91/><U25/><E99/><V69/><F69/><W114/><G42/><T84/><D84/><U28/><E43/><V68/><F68/><W77/><G79/><T58/><D15/><U13/><E13/><V57/><F57/><W90/><G114/><T126/><D58/><U23/><REACH who="1" step="1"/><E30/><REACH who="1" ten="395,124,183,288" step="2"/><V83/><F83/><W12/><G98/><T41/><D41/><U11/><E11/><V104/><F104/><W67/><G96/><T121/><D126/><U93/><E93/><V107/><F107/><W52/><G90/><T7/><D7/><U53/><AGARI ba="0,1" hai="23,25,28,44,47,53,56,59,62,63,65,117,118,119" machi="53" ten="30,2000,0" yaku="1,1,0,1,53,0" doraHai="29" doraHaiUra="4" who="1" fromWho="1" sc="395,-5,124,30,183,-10,288,-5" /><INIT seed="3,0,0,3,1,20" ten="390,154,173,283" oya="3" hai0="15,115,39,124,54,92,19,44,108,3,5,37,129" hai1="33,66,57,72,119,98,70,12,49,69,9,77,114" hai2="63,4,36,110,73,45,103,85,107,121,43,46,86" hai3="90,100,40,30,1,38,56,52,60,67,50,80,117"/><W47/><G117/><T104/><D104/><U78/><E114/><V134/><F73/><W11/><G100/><T55/><D108/><U25/><E119/><V122/><F110/><W26/><G1/><T14/><D129/><U101/><E72/><V62/><F134/><W21/><G11/><T102/><D3/><U58/><E58/><V125/><F125/><W31/><G80/><T96/><D124/><U120/><E120/><N who="2" m="46187" /><F4/><W118/><G118/><T41/><D39/><U75/><E75/><V87/><F46/><W126/><G126/><T89/><D115/><U48/><E48/><V123/><N who="2" m="46195" /><V127/><DORA hai="93" /><F127/><W0/><G0/><T74/><D74/><U76/><E49/><V29/><F29/><W133/><G133/><T88/><D14/><U35/><E57/><V18/><F18/><W135/><G135/><T22/><D5/><U64/><E69/><V105/><F105/><W59/><G90/><T8/><D8/><U61/><E66/><V83/><F83/><W94/><G94/><T2/><D2/><U6/><REACH who="1" step="1"/><E25/><REACH who="1" ten="390,144,173,283" step="2"/><V23/><F23/><W82/><G82/><T116/><D116/><U112/><E112/><V130/><F130/><W95/><G95/><AGARI ba="0,1" hai="6,9,12,33,35,61,64,70,76,77,78,95,98,101" machi="95" ten="40,2600,0" yaku="1,1,52,1,53,0" doraHai="20,93" doraHaiUra="13,68" who="1" fromWho="3" sc="390,0,144,36,173,0,283,-26" /><INIT seed="4,0,0,4,4,41" ten="390,180,173,257" oya="0" hai0="99,122,131,57,103,93,36,68,4,84,20,105,7" hai1="15,108,56,102,2,47,126,79,109,67,128,27,97" hai2="53,73,72,30,37,133,110,78,52,39,11,120,5" hai3="98,48,55,61,1,51,38,17,104,116,74,34,117"/><T87/><D122/><U112/><E2/><V91/><F110/><W6/><G74/><T85/><D68/><U9/><E126/><V81/><F120/><W54/><G34/><T60/><D36/><U77/><E128/><V22/><F133/><W28/><G28/><T119/><D119/><U89/><E112/><V121/><F121/><W24/><G38/><T10/><D131/><U123/><E123/><V76/><F91/><W88/><G61/><T129/><D105/><U3/><E3/><V0/><F39/><W106/><G1/><T69/><D69/><U49/><E89/><V29/><F37/><W111/><G6/><T59/><D57/><U35/><E108/><V58/><F22/><W13/><G24/><T114/><D10/><U40/><E109/><V42/><F42/><W82/><G111/><T107/><D107/><U113/><E113/><V64/><F64/><W71/><G71/><T125/><D125/><U70/><E70/><V63/><REACH who="2" step="1"/><F53/><REACH who="2" ten="390,180,163,257" step="2"/><W80/><G88/><N who="0" m="55719" /><D114/><U65/><E35/><V124/><F124/><W96/><G117/><T32/><D32/><U31/><E67/><V45/><F45/><W100/><G116/><T43/><D43/><U18/><E65/><V95/><F95/><W86/><G54/><N who="0" m="33911" /><D129/><U46/><E46/><V62/><F62/><W134/><G106/><T75/><D103/><U66/><E66/><V25/><F25/><W130/><G130/><T44/><D44/><U19/><E56/><V50/><F50/><W14/><G104/><T127/><D127/><U33/><E33/><V118/><F118/><W16/><G100/><RYUUKYOKU ba="0,1" sc="390,-10,180,-10,163,30,257,-10" hai2="0,5,11,29,30,52,58,63,72,73,76,78,81" /><INIT seed="5,1,1,1,1,80" ten="380,170,193,247" oya="1" hai0="120,85,126,73,21,97,68,54,64,74,40,129,134" hai1="92,55,76,18,101,63,98,45,57,84,124,95,2" hai2="69,6,82,53,23,33,56,131,93,19,77,71,36" hai3="62,10,110,27,28,119,29,25,127,125,75,4,108"/><U58/><E124/><N who="3" m="47690" /><G75/><T44/><D134/><U72/><E2/><V107/><F107/><W116/><G27/><T133/><D129/><U94/><E72/><V39/><F33/><N who="3" m="20623" /><G62/><T91/><D54/><U5/><E5/><V111/><F111/><N who="3" m="42539" /><G29/><T104/><D97/><U66/><E18/><V0/><F131/><W78/><G78/><T17/><D133/><U59/><E45/><V37/><F0/><AGARI ba="1,1" hai="0,4,10,116,119" m="42539,20623,47690" machi="0" ten="30,7700,0" yaku="18,1,23,1,34,2" doraHai="80" who="3" fromWho="2" sc="380,0,170,0,193,-80,247,90" /><INIT seed="6,0,0,4,3,51" ten="380,170,113,337" oya="2" hai0="27,31,23,16,102,61,104,71,67,81,50,36,101" hai1="19,59,66,78,126,82,86,123,30,128,73,98,18" hai2="93,132,84,125,92,4,130,68,37,74,54,57,90" hai3="131,75,114,13,44,39,76,34,122,58,15,43,38"/><V112/><F74/><W8/><G122/><T99/><D36/><U52/><E126/><V48/><F125/><W35/><G131/><T95/><D81/><U33/><E128/><V2/><F130/><W12/><G39/><T1/><D1/><U127/><E127/><V9/><F112/><W11/><G114/><T116/><D116/><U91/><E123/><V26/><F132/><W49/><G75/><T134/><D134/><U88/><E66/><V89/><F68/><W85/><G35/><T121/><D121/><U20/><E33/><V87/><F37/><W65/><G34/><T46/><D104/><U3/><E3/><V6/><F26/><W113/><G113/><T56/><D71/><U17/><E98/><V80/><REACH who="2" step="1"/><F6/><REACH who="2" ten="380,170,103,337" step="2"/><W62/><G38/><T21/><D31/><U129/><E129/><V25/><F25/><W41/><G41/><T79/><D27/><N who="1" m="16743" /><E73/><V45/><F45/><W115/><G115/><T24/><D46/><U111/><E111/><V103/><F103/><W120/><G120/><T105/><D102/><U14/><E14/><V110/><F110/><W7/><G7/><T28/><D28/><U106/><E106/><V83/><AGARI ba="0,1" hai="2,4,9,48,54,57,80,83,84,87,89,90,92,93" machi="83" ten="20,12000,1" yaku="1,1,0,1,7,1,9,1,52,1,53,0" doraHai="51" doraHaiUra="96" who="2" fromWho="2" sc="380,-40,170,-40,103,130,337,-40" /><INIT seed="6,1,0,4,1,109" ten="340,130,233,297" oya="2" hai0="120,33,118,40,88,43,102,15,28,73,6,133,38" hai1="126,55,72,68,113,69,9,78,25,59,41,50,74" hai2="108,61,31,123,124,52,27,101,64,57,37,29,46" hai3="13,58,0,119,103,35,127,82,131,1,105,7,39"/><V56/><F123/><W121/><G119/><T71/><D120/><U107/><E107/><V32/><F124/><W70/><G121/><T76/><D71/><N who="1" m="27211" /><E25/><V21/><F108/><W36/><G70/><T42/><D133/><U53/><E9/><V87/><F101/><W98/><G35/><T97/><D43/><U30/><E30/><V54/><F32/><W67/><G39/><T112/><D42/><U93/><E93/><V125/><F125/><W81/><G36/><T19/><D40/><U129/><E78/><V14/><F37/><W75/><G75/><T20/><D38/><U8/><E8/><V128/><F46/><W106/><G0/><T111/><D88/><U86/><E86/><V110/><F110/><W92/><G1/><T12/><D12/><U80/><E80/><V60/><F64/><W63/><G106/><T45/><D118/><U89/><E89/><V47/><F47/><W62/><G105/><T22/><D45/><N who="1" m="25903" /><E74/><V4/><F87/><W100/><G127/><T5/><D76/><U66/><E72/><V24/><F14/><W117/><G117/><T23/><D15/><U44/><E126/><V48/><F4/><W77/><G7/><T116/><D6/><U34/><E34/><V10/><F10/><W65/><G13/><T90/><D5/><U79/><E79/><V51/><F21/><W18/><G103/><T115/><D102/><U130/><E113/><N who="0" m="43593" /><D23/><U122/><E122/><V26/><F26/><W16/><G77/><T104/><D111/><U132/><E132/><V95/><F95/><W85/><G100/><T91/><D116/><RYUUKYOKU ba="1,0" sc="340,-10,130,-10,233,30,297,-10" hai2="24,27,29,31,48,51,52,54,56,57,60,61,128" /><INIT seed="6,2,0,2,4,56" ten="330,120,263,287" oya="2" hai0="2,28,84,134,103,131,69,92,3,111,4,83,22" hai1="71,63,14,52,64,88,76,118,130,16,39,91,32" hai2="117,68,35,13,94,15,114,61,81,98,93,49,132" hai3="119,34,48,27,102,70,10,67,6,25,30,79,45"/><V43/><F117/><W78/><G119/><T80/><D69/><U60/><E118/><V120/><F120/><W11/><G11/><T108/><D131/><U90/><E39/><V44/><F35/><W47/><G47/><T129/><D129/><U7/><E130/><V36/><F114/><W42/><G27/><T12/><D134/><U123/><E32/><V73/><F132/><W89/><G102/><T41/><D83/><U62/><E123/><V110/><F110/><W99/><G99/><T19/><D28/><U75/><E7/><V37/><F93/><W105/><G105/><T74/><D41/><U115/><E115/><V26/><F26/><W24/><G89/><T122/><D74/><U66/><E71/><V46/><F73/><W31/><G67/><T101/><D3/><U87/><E75/><V17/><F81/><W126/><G126/><T29/><D29/><U53/><E87/><V109/><F109/><W38/><G38/><T104/><D103/><U18/><E76/><V107/><F107/><W5/><G70/><T54/><D104/><U113/><E113/><V21/><F13/><W97/><G5/><T9/><D92/><U65/><E14/><V116/><F116/><W0/><REACH who="3" step="1"/><G97/><REACH who="3" ten="330,120,263,277" step="2"/><T1/><D101/><U85/><E85/><V124/><F124/><W33/><AGARI ba="2,1" hai="0,6,10,24,25,30,31,33,34,42,45,48,78,79" machi="33" ten="20,12000,2" yaku="1,1,2,1,0,1,7,1,9,1,53,2" doraHai="56" doraHaiUra="72" who="3" fromWho="3" sc="330,-32,120,-32,263,-62,277,136" /><INIT seed="7,0,0,4,3,38" ten="298,88,201,413" oya="3" hai0="90,65,121,105,93,13,37,79,114,50,74,40,64" hai1="27,20,54,118,47,61,55,120,129,0,72,63,42" hai2="3,107,19,7,45,51,73,34,130,98,32,11,134" hai3="80,68,1,2,18,81,5,15,135,78,6,95,116"/><W91/><G116/><T85/><D105/><U24/><E72/><V70/><F70/><W35/><G68/><T41/><D121/><U119/><E0/><V83/><F130/><W87/><G35/><T103/><D37/><U124/><E20/><V12/><F134/><W21/><G135/><T77/><D114/><U100/><E100/><V8/><F107/><W125/><G125/><T52/><D103/><U67/><E47/><V36/><F98/><W106/><G106/><T86/><D74/><U46/><E46/><V60/><F60/><W82/><G78/><N who="0" m="29707" /><D85/><U111/><E67/><N who="0" m="25673" /><D13/><U113/><E129/><V22/><F36/><W69/><G69/><T94/><D94/><U71/><E71/><V62/><F62/><W14/><G15/><T17/><D17/><U123/><E111/><V28/><F83/><W9/><G81/><T39/><D39/><U59/><E59/><AGARI ba="0,0" hai="40,41,50,52,59,86,90,93" m="25673,29707" machi="59" ten="30,7700,0" yaku="8,1,52,2,54,1" doraHai="38" who="0" fromWho="1" sc="298,77,88,-77,201,0,413,0" owari="375,18.0,11,-49.0,201,-20.0,413,51.0" /></mjloggm>