<mjloggm ver="2.3"><GO type="169" lobby="0"/><UN n0="%69%70%73%E6%88%A6%E5%A3%AB" n1="%E3%82%BB%E3%83%B3%E3%83%88%E3%82%A2%E3%83%AA%E3%82%B7%E3%82%A2" n2="%E3%81%A6%E3%82%93%E3%81%A6%E3%81%93%E7%8B%90" n3="%E3%81%94%E3%81%AB%E3%82%87" dan="16,17,16,17" rate="2067.15,2074.20,2190.05,2174.52" sx="M,F,M,M"/><TAIKYOKU oya="0"/><INIT seed="0,0,0,5,1,119" ten="250,250,250,250" oya="0" hai0="58,13,104,74,105,77,83,133,81,28,110,46,18" hai1="44,22,10,8,27,127,112,50,73,42,33,31,92" hai2="115,21,11,24,111,82,109,108,39,118,25,60,89" hai3="37,5,97,64,7,0,69,100,54,122,32,38,48"/><T72/><D133/><U40/><E127/><V78/><F115/><W116/><G32/><T43/><D28/><U57/><E112/><V117/><F39/><W106/><G116/><N who="2" m="44649" /><F60/><W93/><G106/><T56/><D110/><U3/><E73/><N who="2" m="43343" /><F11/><W103/><G103/><T128/><D128/><U124/><E124/><V6/><F6/><W90/><G100/><T75/><D105/><U95/><E33/><V135/><F135/><W35/><G35/><T63/><D104/><U17/><E42/><V36/><F36/><W68/><G7/><T51/><D81/><U84/><E3/><V123/><F123/><W59/><G69/><T120/><D120/><U52/><E84/><V76/><F76/><W101/><G101/><T86/><REACH who="0" step="1"/><D63/><REACH who="0" ten="240,250,250,250" step="2"/><N who="1" m="36263" /><E31/><V71/><F111/><W98/><G122/><T99/><D99/><U113/><E113/><V96/><F109/><W20/><G98/><T55/><D55/><U125/><E125/><V85/><F96/><W2/><G97/><T87/><D87/><U12/><E95/><V132/><F108/><W15/><G93/><T102/><D102/><U67/><E92/><V70/><F132/><W88/><G54/><T14/><D14/><U134/><E134/><V114/><F114/><W79/><G15/><T121/><D121/><U9/><E12/><V53/><F53/><W107/><G0/><T45/><D45/><U30/><E30/><N who="2" m="17679" /><F25/><W126/><G2/><T91/><D91/><U19/><E67/><V66/><F66/><W29/><G64/><T80/><D80/><AGARI ba="0,1" hai="70,71,80,85,89" m="17679,43343,44649" machi="80" ten="30,1000,0" yaku="12,1" doraHai="119" who="2" fromWho="0" sc="240,-10,250,0,250,20,250,0" /><INIT seed="1,0,0,5,0,78" ten="230,250,270,250" oya="1" hai0="120,73,56,67,108,54,133,107,61,84,10,80,51" hai1="60,126,63,4,35,125,130,48,116,39,101,118,6" hai2="129,69,25,30,36,91,3,121,71,110,132,19,53" hai3="11,79,97,59,131,14,72,17,38,113,27,7,46"/><U22/><E35/><V5/><F121/><W20/><G113/><T65/><D120/><U28/><E39/><V93/><F110/><W41/><G131/><T88/><D108/><U58/><E101/><V0/><F129/><W34/><G97/><T82/><D107/><U90/><E130/><V75/><F132/><W95/><G95/><N who="0" m="54663" /><D133/><U114/><E114/><V29/><F75/><W135/><G135/><T85/><D73/><U9/><E48/><V45/><F19/><W112/><G112/><T115/><D115/><U62/><E58/><V55/><F30/><W119/><G119/><N who="1" m="45610" /><E90/><V12/><F12/><W33/><REACH who="3" step="1"/><G59/><REACH who="3" ten="230,250,270,240" step="2"/><N who="0" m="33247" /><D67/><U103/><E103/><V40/><F71/><W86/><G86/><T99/><D99/><U96/><E96/><V123/><F69/><W102/><G102/><T70/><D70/><U124/><E124/><V18/><F123/><W87/><G87/><T76/><D10/><U21/><E9/><V37/><F93/><W105/><G105/><T100/><D100/><U94/><E126/><V92/><F92/><W134/><G134/><T68/><D68/><U44/><E94/><V127/><F127/><W16/><G16/><T1/><D1/><U47/><E125/><V32/><F18/><W74/><G74/><T49/><D82/><AGARI ba="0,1" hai="7,11,14,17,20,27,33,34,38,41,46,72,79,82" machi="82" ten="40,2600,0" yaku="1,1,52,1,53,0" doraHai="78" doraHaiUra="83" who="3" fromWho="0" sc="230,-26,250,0,270,0,240,36" /><INIT seed="2,0,0,1,4,135" ten="204,250,270,276" oya="2" hai0="131,82,58,48,79,89,42,59,49,24,101,125,2" hai1="108,6,1,9,23,98,53,12,115,76,133,129,95" hai2="54,38,91,10,67,121,32,71,74,19,124,25,96" hai3="100,106,47,93,46,117,16,81,13,94,105,36,114"/><V83/><F38/><W116/><G114/><T86/><D2/><U35/><E115/><V112/><F71/><W3/><G3/><T75/><D131/><U30/><E108/><V87/><F74/><W55/><G81/><T27/><D101/><U37/><E37/><V63/><F32/><W40/><G100/><T45/><D125/><U34/><E76/><V77/><F121/><W119/><G55/><T127/><D127/><U97/><E133/><V102/><F112/><W120/><G46/><T84/><D75/><U73/><E73/><V60/><F124/><W28/><G28/><T80/><D49/><U92/><E53/><V123/><F123/><W70/><G70/><T126/><D126/><U62/><E62/><V44/><F67/><W122/><G122/><T33/><D33/><U99/><E129/><V22/><F10/><W64/><G64/><T31/><D31/><U134/><E134/><V109/><F77/><W50/><G36/><T20/><D20/><U61/><E61/><V130/><F109/><W118/><G120/><T56/><AGARI ba="0,0" hai="24,27,42,45,48,56,58,59,79,80,82,84,86,89" machi="56" ten="30,2000,0" yaku="0,1,8,1" doraHai="135" who="0" fromWho="0" sc="204,20,250,-5,270,-10,276,-5" /><INIT seed="3,0,0,3,5,130" ten="224,245,260,271" oya="3" hai0="133,55,60,28,7,62,14,0,115,20,80,88,120" hai1="49,39,8,106,98,99,129,101,5,12,68,121,103" hai2="92,24,63,71,11,1,65,47,126,15,82,83,51" hai3="93,128,2,54,124,89,110,46,52,108,111,31,70"/><W19/><G128/><T86/><D120/><U9/><E129/><V117/><F117/><W135/><G2/><T18/><D115/><U132/><E121/><V64/><F126/><W13/><G124/><T6/><D28/><U81/><E39/><V122/><F122/><W112/><G112/><T113/><D113/><U59/><E68/><V25/><F1/><W72/><G72/><T85/><D0/><U73/><E132/><V114/><F114/><W48/><G31/><T58/><D133/><U21/><E59/><V4/><F92/><W127/><G70/><T75/><D75/><U119/><E49/><V17/><F65/><W109/><G127/><T74/><D74/><U3/><E119/><V35/><F35/><W26/><G26/><T107/><D107/><U100/><E21/><V69/><F69/><W79/><G79/><T78/><REACH who="0" step="1"/><D62/><REACH who="0" ten="214,245,260,271" step="2"/><U87/><E73/><V30/><F30/><W66/><G135/><T102/><D102/><U91/><REACH who="1" step="1"/><E106/><REACH who="1" ten="214,235,260,271" step="2"/><V50/><F63/><W96/><G111/><T34/><D34/><U23/><E23/><V84/><F11/><N who="3" m="6591" /><G66/><T16/><D16/><AGARI ba="0,2" hai="3,5,8,9,12,16,81,87,91,98,99,100,101,103" machi="16" ten="40,2600,0" yaku="1,1,54,1,53,0" doraHai="130" doraHaiUra="38" who="1" fromWho="0" sc="214,-26,235,46,260,0,271,0" /><INIT seed="4,0,0,1,0,57" ten="188,281,260,271" oya="0" hai0="39,120,72,134,117,56,75,83,64,78,110,45,124" hai1="32,24,118,79,100,80,35,121,96,116,44,105,70" hai2="26,49,52,107,2,93,88,125,131,47,33,68,103" hai3="60,40,50,92,114,7,122,84,27,104,59,55,82"/><T42/><D120/><U89/><E121/><V86/><F2/><W95/><G104/><T90/><D117/><U61/><E89/><V19/><F131/><W30/><G114/><T54/><D110/><U21/><E44/><V43/><F125/><W29/><G7/><T126/><D64/><N who="1" m="41231" /><E21/><V6/><F68/><W85/><G29/><T87/><D134/><U132/><E132/><V18/><F6/><W128/><G85/><T4/><D4/><U112/><E112/><V102/><F107/><W53/><G40/><T11/><D11/><U127/><E127/><N who="0" m="48681" /><D78/><U76/><E76/><V46/><F33/><N who="1" m="12873" /><E24/><V23/><REACH who="2" step="1"/><F18/><REACH who="2" ten="188,281,250,271" step="2"/><W3/><G3/><T69/><D69/><U16/><E16/><V111/><F111/><W94/><G128/><T63/><AGARI ba="0,1" hai="39,42,45,54,56,63,72,75,83,87,90" m="48681" machi="63" ten="30,3000,0" yaku="18,1,52,1" doraHai="57" who="0" fromWho="0" sc="188,40,281,-10,250,-10,271,-10" /><INIT seed="4,1,0,4,1,85" ten="228,271,240,261" oya="0" hai0="75,16,15,113,31,10,73,60,4,80,76,11,72" hai1="23,37,128,88,41,112,126,39,111,33,117,87,71" hai2="14,103,51,53,28,66,78,74,109,129,81,69,106" hai3="43,24,8,49,134,40,21,17,65,124,89,108,101"/><T94/><D113/><U114/><E111/><V115/><F109/><W59/><G108/><T25/><D60/><U122/><E117/><V63/><F115/><N who="1" m="44073" /><E122/><V120/><F120/><W119/><G119/><T44/><D44/><U46/><E126/><V47/><F129/><W96/><G134/><T92/><D73/><U35/><E128/><V68/><F28/><W56/><G124/><T127/><D72/><U132/><E132/><V79/><F79/><W30/><G101/><T2/><REACH who="0" step="1"/><D127/><REACH who="0" ten="218,271,240,261" step="2"/><U18/><E71/><V26/><F69/><W93/><G59/><T48/><D48/><U13/><E39/><V110/><F110/><W130/><G130/><T70/><D70/><U38/><E37/><V97/><F14/><N who="3" m="7367" /><G49/><T100/><D100/><U62/><E62/><AGARI ba="1,1" hai="21,24,30,40,43,56,62,65,89,93,96" m="7367" machi="62" ten="30,2000,0" yaku="8,1,52,1" doraHai="85" who="3" fromWho="1" sc="218,0,271,-23,240,0,261,33" /><INIT seed="5,0,0,3,0,121" ten="218,248,240,294" oya="1" hai0="10,111,116,98,61,51,39,27,109,124,80,97,63" hai1="30,35,52,134,54,78,105,55,123,135,26,84,6" hai2="107,114,62,60,91,44,37,117,8,20,127,81,34" hai3="33,133,13,70,93,129,94,18,5,132,49,12,96"/><U46/><E123/><V57/><F34/><W59/><G70/><T22/><D39/><U43/><E105/><V122/><F107/><W3/><G33/><T76/><D116/><U90/><E78/><V32/><F32/><W45/><G59/><T28/><D124/><U16/><E6/><V64/><F122/><W25/><G93/><T89/><D51/><U112/><E112/><V40/><F117/><W38/><G38/><T58/><D10/><U131/><E131/><V17/><F127/><W2/><G25/><T11/><D63/><U88/><E16/><V65/><F114/><W48/><G48/><T102/><D11/><U128/><E128/><V53/><F8/><N who="3" m="6407" /><G13/><T14/><D14/><U115/><E115/><V106/><F106/><W120/><G5/><T119/><D89/><U75/><E75/><V71/><F53/><N who="3" m="29871" /><G129/><T23/><D23/><U118/><E118/><V83/><F91/><N who="3" m="55391" /><G120/><T68/><D68/><U92/><REACH who="1" step="1"/><E90/><REACH who="1" ten="218,238,240,294" step="2"/><V110/><F17/><W86/><G2/><T41/><D119/><U130/><E130/><V29/><F29/><W77/><G3/><T4/><D4/><U74/><E74/><V24/><F24/><W82/><G132/><T85/><D102/><U56/><E56/><V79/><F79/><W1/><G1/><T126/><D126/><U21/><E21/><V101/><F20/><W104/><G133/><T72/><D72/><U69/><E69/><V9/><F9/><W73/><G73/><T67/><REACH who="0" step="1"/><D41/><REACH who="0" ten="208,238,240,294" step="2"/><U95/><E95/><V50/><F101/><W108/><G104/><T87/><D87/><U0/><E0/><RYUUKYOKU ba="0,2" sc="208,10,238,10,240,-30,294,10" hai0="22,27,28,58,61,67,76,80,85,97,98,109,111" hai1="26,30,35,43,46,52,54,55,84,88,92,134,135" hai3="77,82,86,108" /><INIT seed="5,1,2,2,5,69" ten="218,248,210,304" oya="1" hai0="4,27,19,80,34,40,125,56,116,20,64,94,128" hai1="123,22,65,99,93,59,103,90,43,18,87,76,11" hai2="16,60,129,111,46,72,124,41,91,135,96,105,83" hai3="67,36,47,102,75,118,84,57,131,32,66,110,120"/><U107/><E123/><V54/><F111/><W63/><G32/><T15/><D116/><U77/><E43/><V88/><F135/><W92/><G75/><T1/><D125/><U33/><E33/><V108/><F108/><W81/><G110/><T132/><D132/><U39/><E39/><V82/><F124/><W104/><G104/><T126/><D126/><U17/><E11/><V62/><F129/><W30/><G30/><N who="0" m="19807" /><D128/><U85/><E85/><V55/><F105/><W73/><G73/><T10/><D94/><U26/><REACH who="1" step="1"/><E18/><REACH who="1" ten="218,238,210,304" step="2"/><V113/><F72/><W38/><G38/><T6/><D40/><U112/><E112/><V53/><F113/><W42/><G120/><T35/><D35/><U86/><E86/><N who="2" m="50263" /><F16/><W115/><G115/><T127/><D127/><U3/><E3/><V74/><F74/><W98/><G131/><T109/><D109/><U133/><E133/><V114/><F114/><W134/><G134/><T45/><D6/><U51/><E51/><N who="2" m="27087" /><F96/><W12/><G118/><T122/><D122/><U49/><E49/><V37/><F37/><W48/><G36/><T8/><D8/><U23/><E23/><V119/><F119/><W61/><G98/><T29/><D29/><U7/><E7/><V21/><F21/><W5/><G5/><T79/><D1/><U70/><E70/><V71/><F71/><W78/><G84/><AGARI ba="1,3" hai="53,54,55,60,62,83,84,91" m="27087,50263" machi="84" ten="30,2000,0" yaku="8,1,54,1" doraHai="69" who="2" fromWho="3" sc="218,0,238,0,210,53,304,-23" /><INIT seed="6,0,0,0,0,133" ten="218,238,263,281" oya="2" hai0="26,74,63,65,8,104,126,73,93,59,72,23,21" hai1="60,78,108,86,80,92,57,68,75,37,129,121,34" hai2="55,47,81,79,127,67,77,97,102,19,106,85,91" hai3="95,123,20,6,109,71,117,33,51,49,0,114,44"/><V94/><F67/><W69/><G33/><T89/><D104/><U128/><E108/><V15/><F127/><W119/><G20/><T98/><D8/><U101/><E121/><V83/><F83/><W52/><G95/><T10/><D10/><U107/><E37/><V87/><F87/><W84/><G84/><T38/><D38/><U113/><E34/><V18/><F18/><W118/><G6/><T12/><D12/><U45/><E45/><V100/><F100/><W112/><G0/><T42/><D42/><U116/><E116/><V134/><F134/><W35/><G35/><T13/><D13/><U82/><E68/><N who="3" m="26186" /><G109/><T14/><D126/><U56/><E107/><V25/><F25/><W11/><G11/><T64/><D14/><U1/><E1/><V124/><F124/><W41/><G123/><T131/><D131/><U22/><E22/><N who="2" m="11647" /><F106/><W76/><G76/><T58/><REACH who="0" step="1"/><D26/><REACH who="0" ten="208,238,263,281" step="2"/><U5/><E129/><V48/><AGARI ba="0,1" hai="47,48,55,77,79,81,85,91,94,97,102" m="11647" machi="48" ten="30,1500,0" yaku="8,1" doraHai="133" who="2" fromWho="2" sc="208,-5,238,-5,263,25,281,-5" /><INIT seed="6,1,0,2,0,37" ten="203,233,288,276" oya="2" hai0="84,52,127,119,56,97,47,104,96,25,135,87,109" hai1="43,12,1,120,23,86,11,61,112,30,116,67,107" hai2="63,123,19,49,105,24,34,80,106,91,32,66,48" hai3="46,75,42,16,111,45,20,95,51,88,4,134,74"/><V102/><F123/><W5/><G134/><T77/><D109/><U0/><E116/><V14/><F91/><W89/><G89/><T101/><D135/><U72/><E72/><V2/><F2/><W70/><G70/><T62/><D119/><U6/><E107/><V27/><F80/><W99/><G111/><T124/><D77/><U65/><E65/><V128/><F128/><W35/><G35/><T28/><D97/><U13/><E112/><V113/><F113/><W73/><REACH who="3" step="1"/><G46/><REACH who="3" ten="203,233,288,266" step="2"/><T44/><D44/><U81/><E120/><V114/><F114/><W121/><G121/><T7/><D47/><U69/><E69/><V10/><F34/><W100/><G100/><T21/><REACH who="0" step="1"/><D7/><REACH who="0" ten="193,233,288,266" step="2"/><U85/><E6/><N who="2" m="3415" /><F102/><W22/><G22/><T40/><D40/><U33/><E43/><V71/><F32/><W130/><G130/><T3/><D3/><U55/><E33/><V110/><F110/><W108/><G108/><T29/><D29/><U31/><E31/><V53/><F19/><W79/><G79/><T118/><D118/><U54/><E30/><V17/><F17/><W94/><G94/><T8/><D8/><U103/><E0/><V122/><F122/><W125/><G125/><AGARI ba="1,2" hai="21,25,28,52,56,62,84,87,96,101,104,124,125,127" machi="125" ten="40,5200,0" yaku="1,1,18,1,54,1,53,0" doraHai="37" doraHaiUra="115" who="0" fromWho="3" sc="193,75,233,0,288,0,266,-55" /><INIT seed="7,0,0,5,3,99" ten="268,233,288,211" oya="3" hai0="130,109,48,121,118,66,46,98,32,62,28,71,1" hai1="35,96,16,49,21,116,85,88,105,14,13,102,9" hai2="51,7,20,6,83,22,131,33,27,44,103,8,10" hai3="75,125,34,101,18,74,69,23,39,42,41,108,107"/><W70/><G34/><T19/><D121/><U81/><E116/><V45/><F131/><W72/><G125/><T106/><D118/><U111/><E111/><V82/><F33/><W17/><G108/><T54/><D1/><U86/><E35/><V53/><F103/><W4/><G4/><T63/><D109/><U80/><E49/><V91/><F91/><W134/><G134/><T15/><D63/><U100/><E96/><V65/><F65/><W38/><G107/><T2/><D2/><U120/><E105/><V36/><F36/><N who="3" m="13867" /><G23/><T90/><D130/><U67/><E67/><V3/><F45/><W92/><G92/><T76/><D76/><N who="1" m="46215" /><E120/><V31/><F20/><W126/><G126/><T25/><D90/><U50/><E50/><V122/><F122/><W117/><G117/><T77/><D77/><U5/><AGARI ba="0,0" hai="5,9,13,14,16,21,81,86,88,100,102" m="46215" machi="5" ten="30,8000,1" yaku="8,1,52,2,54,2" doraHai="99" who="1" fromWho="1" sc="268,-20,233,80,288,-20,211,-40" owari="248,-15.0,313,41.0,268,7.0,171,-33.0" /></mjloggm>