<mjloggm ver="2.3"><GO type="225" lobby="0"/><UN n0="%E3%81%95%E3%81%8D%E3%81%9F%E3%81%BE%E6%9E%97%E6%AA%8E" n1="%E3%82%AD%E3%83%A0%E3%82%AB%E3%83%83%E3%83%95%E3%82%A1%E3%83%B3" n2="%E5%B7%A5%E8%97%A4%E6%96%B0%E4%B8%80" n3="%62%69%67%6D%6F%75%74%68" dan="16,16,16,16" rate="2128.87,2113.30,2088.26,2111.60" sx="M,M,M,M"/><TAIKYOKU oya="0"/><INIT seed="0,0,0,3,4,70" ten="250,250,250,250" oya="0" hai0="126,88,59,90,26,78,48,23,61,76,127,105,114" hai1="128,113,96,15,46,0,1,125,7,119,131,57,64" hai2="17,10,103,72,124,56,13,104,69,47,82,29,63" hai3="11,30,18,132,4,38,58,44,27,2,102,36,99"/><T83/><D114/><U80/><E119/><V112/><F124/><N who="0" m="47658" /><D105/><U109/><E125/><V73/><F112/><W14/><G132/><T111/><D48/><U84/><E109/><V74/><F69/><W91/><G91/><N who="0" m="34859" /><D83/><U35/><E35/><V81/><F29/><W67/><G44/><T95/><D95/><U16/><E7/><V32/><F32/><W130/><G130/><N who="1" m="49706" /><E46/><V41/><F103/><W39/><G67/><N who="0" m="39359" /><D111/><U53/><E64/><V21/><F104/><W116/><G116/><T89/><N who="0" m="34867" /><T115/><DORA hai="5" /><D115/><U12/><E96/><V71/><F71/><W120/><G120/><T52/><D52/><U37/><E113/><V40/><F40/><W110/><G110/><T86/><D86/><U101/><E101/><V3/><F47/><W24/><G58/><T31/><AGARI ba="0,0" hai="23,26,31,76,78" m="39359,34867,47658" machi="31" ten="40,3900,0" yaku="18,1,54,1" doraHai="70,5" who="0" fromWho="0" sc="250,39,250,-13,250,-13,250,-13" /><INIT seed="0,1,0,5,0,4" ten="289,237,237,237" oya="0" hai0="23,51,73,8,78,46,49,47,3,12,124,1,120" hai1="99,131,96,76,2,134,91,28,111,61,102,16,79" hai2="55,112,108,114,92,40,126,62,132,24,123,9,10" hai3="75,36,101,113,110,89,33,72,68,25,84,100,109"/><T122/><D23/><U52/><E2/><V13/><F108/><N who="3" m="41579" /><G113/><T44/><D124/><U6/><E6/><V88/><F123/><W60/><G36/><T58/><D58/><N who="1" m="35015" /><E111/><V70/><F132/><W30/><G68/><T5/><D73/><N who="3" m="28233" /><G60/><T21/><D78/><N who="1" m="29739" /><E134/><V11/><F126/><W45/><G45/><T39/><D39/><U135/><E28/><V19/><F40/><W32/><G32/><T34/><D34/><U59/><E131/><V90/><F24/><W56/><G56/><T119/><D119/><U54/><E135/><V38/><F38/><W71/><G71/><T118/><D118/><U93/><E16/><V7/><F7/><W95/><AGARI ba="1,0" hai="25,30,33,84,89,95,100,101" m="28233,41579" machi="95" ten="30,1100,0" yaku="14,1" doraHai="4" who="3" fromWho="3" sc="289,-6,237,-4,237,-4,237,14" /><INIT seed="1,0,0,1,4,92" ten="283,233,233,251" oya="1" hai0="53,97,77,104,100,107,88,129,45,63,82,76,2" hai1="123,28,78,7,15,121,70,59,120,81,108,98,1" hai2="4,112,132,33,103,17,35,18,27,39,109,22,9" hai3="11,133,66,93,67,126,101,49,29,42,43,111,16"/><U102/><E70/><V56/><F56/><W135/><G111/><T110/><D2/><U21/><E1/><N who="2" m="143" /><F103/><W23/><G126/><T5/><D5/><U122/><E108/><V87/><F87/><W14/><G43/><T125/><D110/><U48/><N who="1" m="30720" /><DORA hai="0" /><U62/><E48/><V96/><F96/><N who="3" m="59535" /><G135/><T47/><D125/><U64/><E7/><V99/><F99/><W24/><G133/><T127/><D127/><U116/><E116/><V12/><F39/><W71/><G71/><T94/><D107/><U34/><E34/><N who="2" m="12811" /><F132/><W83/><G83/><T44/><D129/><U130/><E130/><V6/><F112/><W73/><G73/><T118/><D118/><U105/><E15/><V85/><F85/><W134/><G134/><T54/><D63/><U114/><E114/><V37/><F37/><W3/><G3/><T113/><D113/><U41/><E41/><V52/><F52/><N who="0" m="20074" /><D104/><U68/><E68/><V95/><F95/><W117/><G117/><T31/><D31/><U72/><REACH who="1" step="1"/><E28/><REACH who="1" ten="283,223,233,251" step="2"/><N who="2" m="17527" /><F109/><W13/><G13/><T89/><D100/><U40/><E40/><V30/><F30/><W25/><G42/><T115/><D115/><U80/><E80/><V90/><F90/><W131/><G131/><T86/><AGARI ba="0,1" hai="44,45,47,76,77,82,86,88,89,94,97" m="20074" machi="86" ten="30,7900,0" yaku="8,1,52,1,54,2" doraHai="92,0" who="0" fromWho="0" sc="283,89,223,-39,233,-20,251,-20" /><INIT seed="2,0,0,5,3,58" ten="372,184,213,231" oya="2" hai0="88,2,111,63,105,123,4,60,133,33,31,28,121" hai1="103,95,122,135,91,41,120,67,59,82,53,118,55" hai2="66,119,101,42,109,115,100,76,97,124,30,77,25" hai3="78,94,84,56,50,131,51,17,127,37,3,64,74"/><V43/><F124/><W6/><G37/><T113/><D113/><U16/><E118/><V125/><F125/><W5/><G127/><T73/><D73/><U126/><E126/><V38/><F115/><W106/><G106/><T20/><D33/><U114/><E114/><V134/><F134/><W116/><G116/><T61/><D105/><U68/><E68/><V15/><F119/><W19/><G74/><T21/><D133/><U98/><E135/><V0/><F0/><W81/><G131/><T35/><D35/><U72/><E41/><V71/><F109/><W80/><G94/><T62/><N who="0" m="15360" /><DORA hai="57" /><T32/><D32/><U75/><E67/><V48/><F38/><W18/><G64/><T54/><D54/><N who="1" m="20491" /><E59/><V14/><F66/><W49/><G56/><T108/><D88/><N who="1" m="55655" /><E16/><V12/><F71/><W96/><G3/><T130/><D130/><U7/><E7/><V47/><F42/><W8/><G8/><N who="0" m="2071" /><D123/><N who="1" m="47147" /><E103/><V45/><F100/><W104/><G6/><T93/><D121/><U90/><E72/><V46/><F101/><W79/><G5/><T9/><D9/><U36/><E36/><V132/><F132/><W83/><G104/><T52/><D52/><U107/><E107/><V128/><F128/><W26/><G18/><T23/><D93/><U29/><E29/><V65/><F30/><W24/><G19/><T102/><D102/><U11/><E11/><V99/><F65/><W70/><G70/><T112/><D112/><U86/><E75/><V129/><F129/><W27/><G17/><T39/><D39/><U89/><AGARI ba="0,0" hai="82,86,89,90,91" m="47147,55655,20491" machi="89" ten="30,2000,0" yaku="13,1,54,1" doraHai="58,57" who="1" fromWho="1" sc="372,-5,184,20,213,-10,231,-5" /><INIT seed="3,0,0,5,4,79" ten="367,204,203,226" oya="3" hai0="129,34,61,108,45,8,67,104,115,72,38,135,68" hai1="84,53,39,22,56,121,31,117,132,89,26,2,13" hai2="55,118,54,119,106,65,50,82,19,80,27,52,23" hai3="30,33,112,35,111,42,128,6,83,92,90,97,49"/><W44/><G112/><T58/><RYUUKYOKU type="yao9" ba="0,0" sc="367,0,204,0,203,0,226,0" hai0="8,34,38,45,58,61,67,68,72,104,108,115,129,135" /><INIT seed="3,1,0,4,4,72" ten="367,204,203,226" oya="3" hai0="37,3,87,113,112,75,122,8,70,34,32,48,10" hai1="25,128,106,116,35,42,73,92,5,45,24,33,117" hai2="79,86,69,15,107,90,108,98,18,11,76,71,55" hai3="132,97,16,58,4,110,99,109,77,13,127,66,63"/><W129/><G129/><T28/><D37/><N who="1" m="21711" /><E106/><V74/><F108/><N who="3" m="41579" /><G127/><T19/><D70/><U12/><E92/><V2/><F2/><W120/><G120/><T65/><D75/><U9/><E73/><V82/><F76/><W115/><G115/><N who="0" m="44107" /><D65/><U54/><E54/><V105/><F55/><W83/><G132/><T88/><D122/><U103/><E103/><N who="2" m="62711" /><F107/><W125/><G4/><N who="0" m="1055" /><D28/><U96/><E96/><V124/><F124/><W49/><G49/><T102/><D102/><U84/><E84/><V101/><F101/><W20/><G125/><T100/><D100/><U50/><E50/><V81/><F81/><W60/><G60/><T57/><D57/><U23/><E128/><V27/><F27/><N who="1" m="10313" /><E23/><V134/><F134/><W114/><G114/><T39/><D39/><U94/><E94/><N who="2" m="54615" /><F69/><W104/><G104/><T126/><D126/><U53/><E53/><V119/><F71/><W44/><G44/><T59/><D59/><U14/><E14/><V64/><F64/><W130/><G130/><T7/><D48/><U17/><E5/><V111/><F111/><W41/><G41/><T89/><D7/><U43/><E43/><V80/><F80/><W21/><G21/><T40/><D40/><U85/><E85/><AGARI ba="1,0" hai="13,16,20,58,63,66,77,83,85,97,99" m="41579" machi="85" ten="30,11600,0" yaku="14,1,10,1,52,1,54,1" doraHai="72" who="3" fromWho="1" sc="367,0,204,-119,203,0,226,119" /><INIT seed="3,2,0,4,3,1" ten="367,85,203,345" oya="3" hai0="17,83,87,14,57,107,47,56,34,5,24,102,75" hai1="64,55,44,95,100,71,8,51,6,91,121,125,23" hai2="89,70,117,54,13,94,108,16,134,99,19,110,48" hai3="115,79,21,129,45,15,113,101,68,27,127,109,122"/><W52/><G122/><T36/><D75/><U42/><E100/><V31/><F117/><W82/><G68/><T29/><D5/><U111/><E121/><V93/><F134/><W119/><G119/><T72/><D72/><U116/><E116/><V59/><F70/><W77/><G129/><T18/><D18/><U81/><E125/><V32/><F94/><W97/><G127/><T35/><D35/><U78/><E111/><N who="2" m="42539" /><F13/><W114/><G109/><T22/><D102/><U86/><E23/><V40/><F40/><W84/><G15/><T7/><D7/><U80/><E55/><V118/><F118/><W133/><G133/><T103/><D103/><U65/><E71/><V67/><F67/><W53/><G45/><T25/><D14/><U69/><E69/><V58/><F58/><W3/><G79/><T126/><D126/><U106/><E106/><V88/><F89/><W12/><G12/><T0/><D107/><U61/><E61/><V46/><F46/><W104/><REACH who="3" step="1"/><G3/><REACH who="3" ten="367,85,203,335" step="2"/><T128/><D128/><U30/><E30/><AGARI ba="2,1" hai="21,27,30,52,53,77,82,84,97,101,104,113,114,115" machi="30" ten="40,7700,0" yaku="1,1,2,1,54,1,53,0" doraHai="1" doraHaiUra="90" who="3" fromWho="1" sc="367,0,85,-83,203,0,335,93" owari="367,17.0,2,-50.0,203,-20.0,428,53.0" /></mjloggm>