<mjloggm ver="2.3"><GO type="225" lobby="0"/><UN n0="%E3%83%A2%E3%82%B0%E3%83%9E%E3%83%AA%E3%83%A2" n1="%E5%B7%A5%E8%97%A4%E6%96%B0%E4%B8%80" n2="%E5%AE%89%E8%97%A4%E3%82%AB%E3%82%B1%E3%83%AB" n3="%E5%BE%80%E5%B9%B4%E3%81%AE%E3%82%B4%E3%83%AA%E3%83%A9" dan="16,16,16,16" rate="2148.10,2086.38,2042.05,2105.48" sx="M,M,M,M"/><TAIKYOKU oya="0"/><INIT seed="0,0,0,5,0,72" ten="250,250,250,250" oya="0" hai0="29,73,77,108,89,47,82,19,60,42,74,79,39" hai1="21,94,119,68,14,38,27,125,55,25,106,126,109" hai2="6,128,83,18,97,11,105,101,33,16,41,37,45" hai3="50,85,13,70,117,1,61,113,98,28,115,132,12"/><T57/><D108/><U69/><E109/><V36/><F33/><W46/><G1/><T104/><D29/><U123/><E119/><V24/><F128/><W15/><G117/><T129/><D129/><U111/><E111/><V71/><F71/><W120/><G132/><T8/><D104/><U96/><E106/><V26/><F37/><W80/><G120/><T134/><D134/><U67/><E123/><V48/><F36/><W131/><G98/><T30/><D30/><U121/><E38/><V65/><F65/><W23/><G131/><T91/><D19/><N who="1" m="10487" /><E55/><V34/><F83/><W88/><G70/><N who="1" m="27242" /><E67/><V116/><F116/><W9/><G9/><T31/><D31/><U40/><E40/><V0/><REACH who="2" step="1"/><F34/><REACH who="2" ten="250,250,240,250" step="2"/><W2/><G80/><T51/><D39/><U4/><E121/><V17/><AGARI ba="0,1" hai="0,6,11,16,17,18,24,26,41,45,48,97,101,105" machi="17" ten="30,7900,0" yaku="1,1,2,1,0,1,54,1,53,0" doraHai="72" doraHaiUra="64" who="2" fromWho="2" sc="250,-39,250,-20,240,89,250,-20" /><INIT seed="1,0,0,3,4,84" ten="211,230,329,230" oya="1" hai0="133,67,113,106,63,134,40,111,73,5,100,110,1" hai1="39,16,128,41,56,54,60,80,86,26,9,96,101" hai2="74,15,122,53,32,115,52,124,25,29,35,130,107" hai3="112,30,78,55,57,102,76,61,43,38,6,23,105"/><U0/><E128/><V97/><F74/><W18/><G112/><T132/><D113/><U10/><E41/><V59/><F115/><W20/><G6/><T31/><D31/><U131/><E39/><V114/><F114/><W62/><G105/><T45/><D73/><U33/><E131/><V42/><F130/><W58/><G102/><T12/><D12/><U82/><E0/><V69/><F69/><W127/><G127/><T51/><D100/><U34/><E34/><V120/><F124/><W77/><G38/><T98/><D98/><U83/><E86/><V17/><F35/><W3/><G3/><T49/><D106/><U7/><E7/><V64/><F64/><W92/><G92/><T24/><D24/><U94/><REACH who="1" step="1"/><E33/><REACH who="1" ten="211,220,329,230" step="2"/><V13/><F42/><W14/><G43/><T66/><D5/><U125/><E125/><V121/><F32/><W108/><G108/><N who="0" m="41515" /><D1/><U44/><E44/><V85/><F121/><W123/><G123/><T116/><D116/><U71/><E71/><V46/><F120/><W48/><G57/><N who="0" m="37231" /><D67/><U72/><E72/><V93/><F122/><W87/><G87/><T118/><D118/><U135/><E135/><V28/><F85/><W27/><AGARI ba="0,1" hai="14,18,20,23,27,30,48,55,58,61,62,76,77,78" machi="27" ten="30,2000,0" yaku="0,1,8,1" doraHai="84" who="3" fromWho="3" sc="211,-5,220,-10,329,-5,230,30" /><INIT seed="2,0,0,3,5,124" ten="206,210,324,260" oya="2" hai0="68,20,99,88,39,73,40,33,83,76,117,55,106" hai1="29,100,19,24,91,98,115,111,93,43,74,72,11" hai2="103,34,89,65,128,118,27,58,23,51,37,63,102" hai3="114,92,4,113,52,15,56,127,5,69,31,44,131"/><V36/><F34/><W13/><G69/><T7/><D33/><U95/><E111/><V135/><F118/><W119/><G127/><T96/><D117/><U133/><E133/><V3/><F3/><W79/><G119/><T14/><D68/><U61/><E115/><N who="3" m="44042" /><G31/><T122/><D122/><U105/><E105/><V134/><F51/><W59/><G79/><T6/><D55/><U8/><E43/><V97/><F89/><W70/><G70/><T48/><D39/><U78/><E61/><V42/><F103/><W101/><G44/><N who="0" m="25607" /><D73/><U21/><E78/><V77/><F77/><W90/><G101/><T38/><D38/><U116/><E116/><V130/><F37/><W108/><G59/><T62/><D62/><U10/><REACH who="1" step="1"/><E29/><REACH who="1" ten="206,200,324,260" step="2"/><V104/><F42/><W75/><G108/><T110/><D106/><U18/><E18/><N who="2" m="12791" /><F36/><W22/><G75/><T46/><D76/><U47/><E47/><V57/><F57/><W60/><G60/><T123/><D46/><U9/><N who="1" m="2048" /><DORA hai="28" /><U54/><E54/><V30/><F30/><W120/><G52/><T109/><D109/><U94/><E94/><V80/><F80/><W26/><G56/><T25/><D110/><U66/><E66/><V87/><F135/><W16/><G120/><T0/><D123/><U45/><E45/><V81/><F134/><W41/><G41/><T85/><D0/><U2/><E2/><V121/><F121/><W12/><G4/><T107/><D107/><U64/><E64/><V82/><F82/><W84/><G5/><N who="0" m="1547" /><D14/><U67/><E67/><V132/><F132/><W112/><G112/><RYUUKYOKU ba="0,1" sc="206,0,200,0,324,0,260,0" hai0="20,25,83,85,88,96,99" hai1="19,21,24,72,74,91,93,95,98,100" hai2="58,63,65,81,87,97,102,104,128,130" hai3="12,13,15,16,22,26,84,90,92,131" /><INIT seed="2,1,1,0,5,47" ten="206,200,324,260" oya="2" hai0="66,45,95,135,11,40,20,22,80,75,119,84,105" hai1="118,31,38,32,59,6,122,27,19,37,15,89,36" hai2="7,53,98,23,131,100,3,96,104,90,57,121,86" hai3="29,33,120,112,87,117,0,30,48,21,101,25,127"/><V2/><F121/><W16/><G0/><T56/><D105/><U4/><E118/><V125/><F131/><W14/><G117/><T72/><D119/><U81/><E122/><V65/><F125/><W115/><G127/><T13/><D135/><U83/><E59/><V52/><F65/><W82/><G120/><T50/><D95/><U92/><E6/><V8/><F98/><W128/><G128/><T18/><D75/><U111/><E111/><V71/><F71/><W129/><G101/><T5/><D72/><U114/><E4/><V51/><F23/><W109/><G109/><T110/><D18/><U97/><REACH who="1" step="1"/><E114/><REACH who="1" ten="206,190,324,260" step="2"/><V54/><REACH who="2" step="1"/><F2/><REACH who="2" ten="206,190,314,260" step="2"/><W102/><G129/><T74/><D110/><U49/><E49/><V35/><F35/><W94/><G33/><T67/><D50/><U76/><E76/><V69/><F69/><W10/><G48/><T39/><D39/><U73/><E73/><V107/><F107/><W134/><G134/><T132/><D74/><U9/><AGARI ba="1,3" hai="9,15,19,27,31,32,36,37,38,81,83,89,92,97" machi="9" ten="30,2000,0" yaku="1,1,0,1,53,0" doraHai="47" doraHaiUra="123" who="1" fromWho="1" sc="206,-6,190,53,314,-11,260,-6" /><INIT seed="3,0,0,3,0,75" ten="200,243,303,254" oya="3" hai0="42,32,10,86,61,37,2,112,47,66,130,90,15" hai1="94,19,79,70,65,83,18,110,128,119,116,92,3" hai2="77,97,102,100,72,25,17,118,106,51,14,50,1" hai3="38,8,55,111,71,132,108,127,67,49,34,93,4"/><W69/><G34/><T91/><D130/><U12/><E110/><N who="3" m="42026" /><G38/><T11/><D112/><U81/><E3/><V101/><F1/><W73/><G132/><T39/><D32/><U57/><E70/><V6/><F118/><N who="1" m="45097" /><E128/><V28/><F6/><W44/><G127/><T88/><D37/><U121/><E121/><V33/><F106/><W78/><G93/><N who="1" m="35946" /><E79/><V87/><F97/><W124/><G67/><T84/><D2/><U27/><E27/><V45/><F72/><W122/><G122/><T80/><D84/><U98/><E98/><V52/><F51/><W9/><G124/><T58/><REACH who="0" step="1"/><D11/><REACH who="0" ten="190,243,303,254" step="2"/><N who="3" m="4169" /><G4/><AGARI ba="0,1" hai="4,10,15,39,42,47,58,61,66,80,86,88,90,91" machi="4" ten="30,7700,0" yaku="1,1,7,1,54,1,53,1" doraHai="75" doraHaiUra="76" who="0" fromWho="3" sc="190,87,243,0,303,0,254,-77" owari="277,8.0,243,-16.0,303,40.0,177,-32.0" /></mjloggm>