<mjloggm ver="2.3"><GO type="169" lobby="0"/><UN n0="%6E%69%73%69%35%30%32%38" n1="%E8%B1%9A%E3%81%AE%E7%8E%8B" n2="%E3%81%8A%E3%81%8A%E3%81%8F%E3%81%95" n3="%E3%81%86%E3%81%87%E3%81%A3%E3%81%B8%E3%81%A3%E3%81%B8%77" dan="16,16,17,16" rate="2141.41,2148.41,2209.54,2122.65" sx="M,M,M,M"/><TAIKYOKU oya="0"/><INIT seed="0,0,0,5,2,69" ten="250,250,250,250" oya="0" hai0="119,92,75,93,65,111,61,39,89,115,37,122,74" hai1="96,113,103,124,24,82,57,49,116,44,29,117,60" hai2="51,3,64,10,47,48,71,110,109,72,8,19,1" hai3="63,54,7,18,85,43,66,79,46,121,105,130,6"/><T73/><D115/><U88/><E124/><V26/><F72/><W107/><G130/><T98/><D119/><U32/><E113/><V120/><F120/><W59/><G121/><T91/><D111/><U118/><E82/><V90/><F71/><W22/><G107/><T25/><D25/><U83/><E83/><V87/><F64/><W50/><G105/><T30/><D30/><U56/><E60/><V131/><F131/><W55/><G79/><T2/><D2/><U62/><E62/><V81/><F48/><W4/><REACH who="3" step="1"/><G85/><REACH who="3" ten="250,250,250,240" step="2"/><T68/><REACH who="0" step="1"/><D122/><REACH who="0" ten="240,250,250,240" step="2"/><U16/><E118/><V112/><F112/><W134/><G134/><T99/><AGARI ba="0,2" hai="37,39,61,65,68,73,74,75,89,91,92,93,98,99" machi="99" ten="30,18000,2" yaku="1,1,2,1,0,1,9,1,52,2,53,1" doraHai="69" doraHaiUra="67" who="0" fromWho="0" sc="240,200,250,-60,250,-60,240,-60" /><INIT seed="0,1,0,0,2,98" ten="440,190,190,180" oya="0" hai0="45,40,51,20,18,127,119,63,100,16,11,60,7" hai1="32,121,24,130,43,56,101,5,107,123,19,34,68" hai2="111,22,10,126,116,129,95,17,80,114,82,66,9" hai3="33,48,106,69,122,26,115,57,102,65,131,74,79"/><T120/><D119/><U4/><E68/><V64/><F114/><W38/><G38/><T35/><D120/><N who="1" m="46155" /><E56/><V81/><F111/><W109/><G115/><T59/><D35/><N who="1" m="13355" /><E43/><V12/><F129/><W44/><G131/><T42/><D127/><U92/><E92/><V128/><F116/><W55/><G109/><T28/><D42/><U108/><E107/><V2/><F2/><W134/><G134/><T6/><D28/><U61/><E61/><V71/><F126/><W105/><G122/><T125/><D125/><U14/><E101/><V25/><F128/><W117/><G117/><T58/><D100/><U118/><E118/><V135/><F135/><W36/><G74/><T72/><D72/><U73/><E73/><V90/><F10/><W96/><G79/><T21/><D40/><U49/><E49/><V110/><F71/><W3/><G3/><T99/><D51/><U13/><E108/><V85/><REACH who="2" step="1"/><F110/><REACH who="2" ten="440,190,180,180" step="2"/><W47/><G106/><T52/><D11/><U1/><E130/><V76/><F76/><W70/><G70/><T75/><D75/><U133/><E133/><V46/><F46/><W23/><G36/><T88/><D45/><U112/><E112/><V91/><F91/><W77/><G77/><T132/><D132/><U41/><E1/><V53/><F53/><W84/><G69/><T39/><D39/><U37/><E37/><V50/><F50/><W124/><G124/><T31/><D88/><U97/><E41/><V27/><F27/><W0/><G0/><T87/><D52/><U103/><E24/><V29/><AGARI ba="1,1" hai="9,12,17,22,25,29,64,66,80,81,82,85,90,95" machi="29" ten="30,4000,0" yaku="1,1,0,1,8,1,53,0" doraHai="98" doraHaiUra="104" who="2" fromWho="2" sc="440,-21,190,-11,180,53,180,-11" /><INIT seed="1,0,0,5,1,12" ten="419,179,233,169" oya="1" hai0="105,48,122,54,93,62,43,82,8,90,97,30,86" hai1="77,57,75,110,87,125,65,91,37,58,119,96,44" hai2="9,69,59,81,83,131,88,27,108,45,40,29,111" hai3="28,32,134,78,124,50,95,17,67,42,20,114,11"/><U1/><E119/><V53/><F69/><W13/><G114/><T101/><D30/><U41/><E125/><V0/><F131/><W89/><G124/><T61/><D122/><U85/><E1/><V126/><F126/><W35/><G134/><T103/><D43/><U4/><E4/><V128/><F128/><W46/><G67/><T33/><D33/><U123/><E123/><V74/><F88/><W133/><G78/><T49/><D49/><U127/><E127/><V6/><F74/><W15/><G133/><T109/><D109/><N who="2" m="42058" /><F59/><W118/><G118/><T135/><D135/><U25/><E110/><V39/><F53/><W16/><G28/><T38/><D38/><U10/><E65/><V60/><F60/><W5/><G5/><T76/><D8/><U113/><E113/><V36/><F39/><W84/><AGARI ba="0,0" hai="11,13,15,16,17,20,32,35,42,46,50,84,89,95" machi="84" ten="20,8000,1" yaku="0,1,7,1,52,2,54,1" doraHai="12" who="3" fromWho="3" sc="419,-20,179,-40,233,-20,169,80" /><INIT seed="2,0,0,2,2,11" ten="399,139,213,249" oya="2" hai0="67,89,105,125,99,74,131,76,47,2,4,38,90" hai1="12,0,133,130,100,32,108,119,37,72,81,44,24" hai2="51,79,50,86,31,117,127,71,7,111,65,8,23" hai3="102,88,80,107,58,68,114,92,122,26,14,82,110"/><V97/><F117/><W103/><G68/><T22/><D67/><U112/><RYUUKYOKU type="yao9" ba="0,0" sc="399,0,139,0,213,0,249,0" hai1="0,12,24,32,37,44,72,81,100,108,112,119,130,133" /><INIT seed="2,1,0,3,2,49" ten="399,139,213,249" oya="2" hai0="84,51,128,75,119,88,113,59,66,10,104,71,61" hai1="78,42,52,1,101,34,4,126,28,25,50,79,56" hai2="111,60,44,14,94,24,35,112,72,132,46,23,9" hai3="62,93,124,58,130,57,106,17,92,36,129,85,54"/><V135/><F72/><W131/><G106/><T47/><D113/><U8/><E126/><V29/><F112/><W38/><G124/><T13/><D75/><U116/><E116/><V33/><F94/><W118/><G118/><T69/><D104/><U64/><E42/><V95/><F95/><W74/><G74/><T80/><D128/><U27/><E101/><V123/><F60/><W19/><G93/><T55/><D119/><U102/><E102/><V109/><F46/><W114/><G114/><T7/><AGARI ba="1,0" hai="7,10,13,47,51,55,59,61,66,69,71,80,84,88" machi="7" ten="20,5200,0" yaku="0,1,7,1,52,1,54,1" doraHai="49" who="0" fromWho="0" sc="399,55,139,-14,213,-27,249,-14" /><INIT seed="3,0,0,4,2,124" ten="454,125,186,235" oya="3" hai0="105,58,39,25,32,65,93,68,8,11,48,29,9" hai1="1,23,133,10,51,88,76,116,57,56,94,67,96" hai2="91,54,31,107,119,16,59,71,18,78,19,89,90" hai3="45,118,121,114,30,109,131,74,125,2,60,4,130"/><W6/><G114/><T61/><D39/><U0/><E133/><V134/><F134/><W37/><G118/><T103/><D93/><U127/><E127/><V80/><F119/><W38/><G121/><T13/><D48/><U117/><E117/><V135/><F135/><W14/><G125/><T75/><D75/><U63/><E116/><V99/><F71/><W47/><G74/><T64/><D64/><U53/><E76/><V26/><F107/><W83/><G83/><T84/><D84/><U42/><E10/><V129/><F129/><N who="3" m="49163" /><G109/><T106/><D58/><U34/><E34/><V86/><F99/><W100/><G100/><T113/><D113/><U98/><E42/><V33/><REACH who="2" step="1"/><F78/><REACH who="2" ten="454,125,176,235" step="2"/><W22/><G2/><T77/><D77/><U126/><E126/><V73/><F73/><W27/><G60/><AGARI ba="0,1" hai="16,18,19,26,31,33,54,59,60,80,86,89,90,91" machi="60" ten="40,2600,0" yaku="1,1,54,1,53,0" doraHai="124" doraHaiUra="66" who="2" fromWho="3" sc="454,0,125,0,176,36,235,-26" /><INIT seed="4,0,0,5,4,103" ten="454,125,212,209" oya="0" hai0="40,10,101,126,1,94,50,47,3,52,62,49,79" hai1="102,106,81,84,48,61,4,20,82,97,89,92,28" hai2="69,123,19,80,88,67,34,16,131,130,87,109,117" hai3="18,6,13,54,7,36,121,100,74,77,29,58,45"/><T51/><D126/><U98/><E4/><V105/><F109/><W65/><G121/><T134/><D134/><U64/><E48/><V21/><F34/><W128/><G128/><N who="2" m="49193" /><F123/><W90/><G100/><T83/><D62/><U76/><E28/><V118/><F105/><W107/><G107/><T125/><D125/><U46/><E46/><V37/><F37/><W115/><G115/><T32/><D32/><U42/><E42/><V35/><F35/><W44/><G29/><T33/><D33/><U122/><E20/><V27/><F19/><W91/><G65/><T114/><D114/><U112/><E122/><V133/><F133/><W120/><G120/><T135/><D135/><U43/><E43/><V71/><F67/><W26/><G77/><T39/><D10/><U31/><E31/><V22/><F21/><N who="3" m="13623" /><G74/><T17/><D17/><U57/><E112/><V96/><F96/><W68/><G68/><AGARI ba="0,0" hai="16,22,27,68,69,71,80,87,88,117,118" m="49193" machi="68" ten="30,3900,0" yaku="19,1,54,2" doraHai="103" who="2" fromWho="3" sc="454,0,125,0,212,39,209,-39" /><INIT seed="5,0,0,0,5,106" ten="454,125,251,170" oya="1" hai0="51,132,41,124,20,135,70,83,89,63,123,24,113" hai1="85,116,108,37,46,64,5,52,112,84,54,13,32" hai2="14,15,0,109,38,98,45,57,94,65,43,128,17" hai3="35,82,11,114,44,100,7,23,33,118,103,95,3"/><U129/><E116/><V125/><F109/><W122/><G122/><T19/><D123/><U22/><E32/><V67/><F0/><W39/><G118/><T99/><D113/><U49/><E108/><V90/><F128/><W130/><G130/><T40/><D124/><U88/><E129/><V104/><F125/><W117/><G117/><T50/><D70/><U87/><E112/><V81/><F104/><W21/><G114/><T121/><D63/><U58/><E37/><V10/><F57/><W4/><G82/><T76/><D121/><U34/><E64/><V102/><F102/><W131/><G131/><T9/><D9/><U96/><E34/><V69/><F69/><W91/><G91/><T97/><D89/><U80/><E96/><V92/><F92/><W1/><G44/><T6/><D6/><U77/><E77/><V56/><F81/><W31/><G39/><T29/><D29/><U30/><E5/><V48/><F15/><W16/><G95/><T115/><D115/><U101/><E101/><V72/><F72/><W12/><G103/><T111/><D97/><U110/><E110/><V25/><F25/><N who="3" m="16831" /><G100/><T26/><D99/><U134/><E134/><N who="0" m="51241" /><D26/><N who="1" m="16727" /><E13/><V59/><F38/><W73/><G73/><N who="0" m="43407" /><D111/><U42/><E42/><AGARI ba="0,0" hai="19,20,24,40,41,42,50,51" m="43407,51241" machi="42" ten="30,2000,0" yaku="20,1,52,1" doraHai="106" who="0" fromWho="1" sc="454,20,125,-20,251,0,170,0" /><INIT seed="6,0,0,4,2,18" ten="474,105,251,170" oya="2" hai0="52,65,123,86,46,87,125,8,112,116,115,29,105" hai1="66,37,94,119,81,124,53,85,131,117,92,128,4" hai2="54,11,98,25,7,68,135,19,61,76,42,95,106" hai3="36,127,20,113,31,114,88,14,34,32,10,70,33"/><V103/><F135/><W90/><G36/><T48/><D105/><U59/><E4/><V2/><F42/><W16/><G70/><T26/><D123/><U130/><E37/><V57/><F68/><W49/><G127/><T97/><D125/><U69/><E66/><V84/><F76/><W74/><G74/><T28/><D65/><U110/><E69/><V64/><F64/><W71/><G71/><T24/><D97/><U30/><E124/><V133/><F133/><W55/><G31/><N who="0" m="11851" /><D116/><U47/><E47/><V35/><F35/><W38/><G38/><T45/><D45/><U56/><E110/><V3/><F84/><N who="0" m="32298" /><D8/><U22/><E117/><V126/><F126/><W108/><G10/><T134/><D134/><U41/><E41/><V17/><F106/><W100/><G100/><T109/><D109/><U93/><E119/><V78/><F78/><W12/><G12/><T43/><D43/><U50/><E56/><V99/><F99/><W80/><G108/><T72/><D72/><U96/><E96/><V83/><F83/><W73/><G80/><T129/><D129/><U40/><E40/><V67/><F67/><W6/><G6/><T60/><D60/><U91/><REACH who="1" step="1"/><E81/><REACH who="1" ten="474,95,251,170" step="2"/><V15/><F7/><W120/><G120/><T27/><D115/><N who="3" m="44041" /><G73/><T118/><D112/><U58/><E58/><AGARI ba="0,1" hai="14,16,20,32,33,34,49,55,58,88,90" m="44041" machi="58" ten="40,8000,1" yaku="15,1,11,1,52,1,54,2" doraHai="18" who="3" fromWho="1" sc="474,0,95,-80,251,0,170,90" /><INIT seed="7,0,0,3,5,65" ten="474,15,251,260" oya="3" hai0="123,36,4,81,14,72,96,97,77,39,19,60,86" hai1="91,76,101,35,29,80,93,8,128,2,94,108,98" hai2="33,132,90,127,69,59,62,105,17,126,45,53,47" hai3="75,28,3,44,23,54,42,73,13,7,67,16,124"/><W131/><G131/><T99/><D4/><U26/><E128/><V30/><F132/><W5/><G124/><N who="2" m="47657" /><F105/><W34/><G67/><T113/><D123/><U58/><E108/><V121/><F121/><W92/><G92/><T119/><D119/><U114/><E114/><V27/><F69/><W110/><G110/><T64/><D72/><U102/><E58/><V109/><F109/><W106/><G106/><T129/><D129/><U117/><E117/><V78/><F17/><W20/><G54/><T66/><D66/><U21/><E35/><V9/><F9/><N who="3" m="2239" /><G20/><T0/><D0/><U87/><E2/><V111/><F111/><W115/><G7/><T100/><D100/><U118/><E118/><V134/><F134/><W89/><G89/><T25/><D25/><U46/><E8/><V133/><F133/><W83/><G115/><T104/><D104/><U41/><E94/><V112/><F112/><W125/><G125/><T18/><D113/><U122/><E122/><V95/><F78/><W82/><G75/><T6/><D6/><U135/><E135/><V84/><AGARI ba="0,0" hai="27,30,33,45,47,53,59,62,84,90,95" m="47657" machi="84" ten="30,1100,0" yaku="18,1" doraHai="65" who="2" fromWho="2" sc="474,-3,15,-3,251,11,260,-5" owari="471,57.0,12,-49.0,262,6.0,255,-14.0" /></mjloggm>