<mjloggm ver="2.3"><GO type="225" lobby="0"/><UN n0="%E3%81%A1%E3%82%83%E3%81%BE" n1="%E5%B1%B1%E8%B6%8A" n2="%62%69%67%6D%6F%75%74%68" n3="%E5%AE%89%E8%97%A4%E3%82%AB%E3%82%B1%E3%83%AB" dan="16,18,16,16" rate="2086.18,2226.45,2117.60,2048.32" sx="M,M,M,M"/><TAIKYOKU oya="0"/><INIT seed="0,0,0,3,0,31" ten="250,250,250,250" oya="0" hai0="86,72,123,29,105,114,89,11,38,55,116,119,61" hai1="56,65,15,115,43,126,135,79,94,9,0,92,14" hai2="36,33,12,23,99,107,124,64,83,59,57,5,42" hai3="34,95,81,62,98,46,4,108,129,51,120,104,122"/><T67/><D114/><U40/><E135/><V112/><F112/><W37/><G104/><T17/><D123/><U77/><E0/><V74/><F124/><W27/><G37/><T78/><D38/><U110/><E110/><V121/><F121/><W125/><G108/><T48/><D105/><U68/><E68/><V35/><F42/><N who="1" m="15913" /><E126/><V111/><F36/><W8/><G125/><T103/><D103/><U54/><E65/><V66/><F111/><W50/><G129/><T93/><D29/><U41/><N who="1" m="15921" /><U96/><DORA hai="21" /><E115/><V134/><F134/><W131/><G131/><T91/><D91/><N who="1" m="55327" /><E94/><V109/><F109/><W130/><G95/><T80/><D17/><N who="1" m="8399" /><E15/><V24/><F66/><W71/><G71/><T75/><D11/><U30/><E30/><V69/><F69/><W60/><G8/><T26/><D72/><U128/><E128/><V28/><F64/><W47/><G130/><T117/><D26/><U6/><E6/><V10/><F74/><W85/><G4/><T73/><D73/><U18/><E18/><V87/><F107/><W13/><G122/><T39/><D39/><U16/><E16/><V52/><F99/><W133/><G98/><T19/><D19/><U49/><AGARI ba="0,0" hai="49,54,56,77,79" m="8399,55327,15921" machi="49" ten="30,1100,0" yaku="8,1" doraHai="31,21" who="1" fromWho="1" sc="250,-5,250,11,250,-3,250,-3" /><INIT seed="1,0,0,0,0,22" ten="245,261,247,247" oya="1" hai0="68,85,112,79,108,76,91,34,130,84,107,63,122" hai1="88,23,32,16,103,58,6,104,37,57,86,45,20" hai2="93,80,36,60,115,24,82,117,124,59,40,12,123" hai3="50,53,110,2,69,105,67,73,74,78,62,10,114"/><U11/><E32/><V31/><F123/><W135/><G105/><T95/><D112/><U56/><E103/><V19/><F117/><W49/><G114/><T17/><D122/><U65/><E104/><V81/><F115/><W21/><G135/><T30/><D107/><U25/><E23/><V47/><F124/><W131/><G131/><T39/><D39/><U75/><E75/><V8/><F93/><W35/><G35/><T38/><D38/><U127/><E127/><V106/><F106/><W132/><G132/><T1/><D1/><U116/><E116/><V51/><F36/><W118/><G118/><T77/><D130/><U113/><E113/><V9/><F9/><W52/><G110/><T90/><D108/><U7/><E65/><V97/><F97/><W125/><G125/><T120/><D17/><U66/><E66/><V71/><F71/><W4/><G78/><T72/><D120/><U101/><E101/><V61/><REACH who="2" step="1"/><F59/><REACH who="2" ten="245,261,237,247" step="2"/><W13/><G69/><T128/><D128/><U126/><E126/><V15/><F15/><W134/><G13/><T102/><D68/><U92/><REACH who="1" step="1"/><E11/><REACH who="1" ten="245,251,237,247" step="2"/><V96/><F96/><W99/><G99/><T98/><D98/><U14/><E14/><V100/><F100/><W33/><G10/><T26/><D102/><U83/><E83/><V41/><F41/><AGARI ba="0,2" hai="6,7,16,20,25,37,41,45,56,57,58,86,88,92" machi="41" ten="40,12000,1" yaku="1,1,52,1,54,2,53,0" doraHai="22" doraHaiUra="29" who="1" fromWho="2" sc="245,0,251,140,237,-120,247,0" /><INIT seed="1,1,0,4,3,130" ten="245,391,117,247" oya="1" hai0="54,97,15,85,9,12,105,121,100,16,33,94,111" hai1="57,84,47,128,27,90,48,5,26,62,127,60,69" hai2="87,59,131,102,14,55,40,22,119,91,10,52,50" hai3="98,125,86,49,75,65,13,0,11,19,114,79,3"/><U96/><E128/><V63/><F131/><W46/><G75/><T113/><D111/><U116/><E127/><V101/><F119/><W58/><G114/><T76/><D113/><U29/><E116/><V42/><F22/><W122/><G122/><T20/><D121/><U78/><E69/><V88/><F102/><W53/><G125/><T68/><D68/><U74/><E74/><V51/><F101/><W24/><G98/><T67/><D67/><U73/><E73/><V80/><F91/><W109/><G109/><T104/><D33/><U21/><E5/><V41/><REACH who="2" step="1"/><F55/><REACH who="2" ten="245,391,107,247" step="2"/><W89/><G89/><T82/><REACH who="0" step="1"/><D54/><REACH who="0" ten="235,391,107,247" step="2"/><U99/><E96/><V72/><F72/><W126/><G53/><T18/><AGARI ba="1,2" hai="9,12,15,16,18,20,76,82,85,94,97,100,104,105" machi="18" ten="20,8000,1" yaku="1,1,2,1,0,1,7,1,54,1,53,0" doraHai="130" doraHaiUra="124" who="0" fromWho="0" sc="235,103,391,-41,107,-21,247,-21" /><INIT seed="2,0,0,0,1,66" ten="338,350,86,226" oya="2" hai0="72,40,17,132,42,33,107,93,126,38,112,62,63" hai1="4,64,15,75,12,128,5,35,57,125,60,95,26" hai2="11,28,56,131,83,133,113,70,87,134,65,81,16" hai3="114,110,30,108,104,76,39,89,48,50,22,68,122"/><V101/><F113/><W51/><G39/><T52/><D107/><U67/><E128/><V45/><F131/><W111/><G104/><T94/><D72/><U61/><E75/><V98/><F56/><W121/><G114/><T135/><D33/><U32/><E95/><V44/><F28/><W24/><G76/><T88/><D112/><U10/><E125/><V6/><F83/><W34/><G68/><T129/><D126/><U13/><E26/><V59/><F59/><W78/><G78/><T43/><D38/><U77/><E77/><V8/><F101/><W9/><G34/><T99/><D129/><U84/><E84/><V2/><F98/><W71/><G71/><T47/><D17/><U116/><E116/><V115/><F115/><W118/><G118/><T90/><D47/><U20/><E20/><V41/><F87/><W86/><REACH who="3" step="1"/><G9/><REACH who="3" ten="338,350,86,216" step="2"/><T79/><D79/><U53/><E32/><V120/><F120/><W58/><G58/><N who="0" m="35143" /><D135/><N who="2" m="51722" /><F81/><AGARI ba="0,1" hai="22,24,30,48,50,51,81,86,89,108,110,111,121,122" machi="81" ten="50,3200,0" yaku="1,1,14,1,53,0" doraHai="66" doraHaiUra="96" who="3" fromWho="2" sc="338,0,350,0,86,-32,216,42" /><INIT seed="3,0,0,0,4,54" ten="338,350,54,258" oya="3" hai0="86,43,35,3,23,83,116,47,111,32,11,63,31" hai1="80,28,82,49,78,60,94,56,4,102,122,62,133" hai2="91,129,93,61,119,50,92,42,98,10,131,76,34" hai3="20,100,71,53,8,107,7,84,106,14,66,103,12"/><W16/><G71/><T89/><D116/><U126/><E122/><V29/><F119/><W59/><G66/><T74/><D111/><U0/><E133/><V21/><F34/><W99/><G84/><T17/><D31/><U37/><E37/><V36/><F36/><W124/><G124/><T65/><D74/><U128/><E126/><V52/><F131/><W1/><G103/><T135/><D135/><U96/><E128/><V97/><F129/><W121/><G121/><T105/><D105/><U69/><E28/><V73/><F73/><W5/><G107/><T30/><D30/><U88/><E0/><V125/><F125/><W25/><REACH who="3" step="1"/><G7/><REACH who="3" ten="338,350,54,248" step="2"/><T27/><D3/><U130/><E4/><V95/><F76/><W15/><G15/><T13/><D13/><U45/><E102/><V46/><F10/><W112/><G112/><T132/><D132/><U9/><E9/><V123/><F123/><W48/><AGARI ba="0,1" hai="1,5,8,12,14,16,20,25,48,53,59,99,100,106" machi="48" ten="20,12000,1" yaku="1,1,0,1,7,1,52,1,54,1,53,0" doraHai="54" doraHaiUra="108" who="3" fromWho="3" sc="338,-40,350,-40,54,-40,248,130" owari="298,-10.0,310,11.0,14,-49.0,378,48.0" /></mjloggm>