<mjloggm ver="2.3"><GO type="169" lobby="0"/><UN n0="%E8%91%B5%E3%81%A1%E3%82%83%E3%82%93" n1="%E3%81%A6%E3%82%93%E3%81%BD%E3%81%84%E3%82%93%E3%81%A8" n2="%E3%81%B5%E3%81%98%E3%81%8B%E3%81%A4" n3="%E8%8F%8A%E7%94%B0%E5%84%AA%E4%B8%80%E9%83%8E" dan="16,17,16,16" rate="2123.33,2215.26,2104.69,2027.48" sx="M,F,M,M"/><TAIKYOKU oya="0"/><INIT seed="0,0,0,1,0,65" ten="250,250,250,250" oya="0" hai0="28,75,44,62,37,35,54,91,29,70,30,107,61" hai1="26,100,72,132,131,10,92,112,133,39,38,15,64" hai2="103,121,48,69,34,80,110,128,119,135,68,78,114" hai3="124,109,117,0,33,19,105,27,16,115,76,122,43"/><T126/><D126/><U2/><E72/><V106/><F103/><W94/><G105/><T123/><D123/><U1/><E92/><V9/><F48/><W31/><G117/><T99/><D75/><U102/><E64/><V97/><F9/><W120/><G115/><T20/><D35/><U85/><E85/><V95/><F95/><W108/><G0/><N who="1" m="106" /><E26/><V93/><F93/><W8/><G43/><T96/><D37/><N who="1" m="13835" /><E10/><V111/><F121/><N who="3" m="46699" /><G76/><T49/><D20/><U113/><E15/><V116/><F114/><N who="1" m="44137" /><E131/><V18/><F128/><W77/><G77/><T14/><D14/><U90/><E90/><V134/><F18/><N who="3" m="6699" /><G94/><T71/><D91/><U73/><E73/><N who="2" m="43087" /><F34/><W74/><G74/><T25/><D25/><U57/><E57/><V36/><F36/><W17/><G124/><T55/><D55/><U127/><E127/><V129/><F129/><W88/><G88/><T59/><D61/><U81/><E81/><V60/><F60/><W87/><G87/><T82/><D82/><U89/><E89/><V22/><F22/><W5/><G5/><T47/><D47/><U40/><E40/><V32/><F32/><W58/><G58/><T24/><D24/><U56/><E56/><V41/><F41/><W12/><AGARI ba="0,0" hai="8,12,17,27,31,33,108,109" m="6699,46699" machi="12" ten="40,8000,1" yaku="13,1,34,2,54,1" doraHai="65" who="3" fromWho="3" sc="250,-40,250,-20,250,-20,250,80" /><INIT seed="1,0,0,3,1,11" ten="210,230,230,330" oya="1" hai0="55,125,42,14,65,132,68,37,130,126,26,76,10" hai1="80,109,62,19,2,35,133,113,13,89,135,1,9" hai2="54,53,58,77,86,96,43,105,48,122,74,94,44" hai3="69,129,33,25,117,66,88,91,47,71,5,90,40"/><U24/><E62/><V3/><F122/><W97/><G129/><T131/><D76/><U34/><E80/><V12/><F3/><N who="1" m="1033" /><E89/><V64/><F64/><W16/><G117/><T119/><D119/><U32/><E113/><V81/><F105/><W106/><G5/><T72/><D72/><U83/><E83/><V82/><F58/><W120/><G120/><T60/><D132/><N who="1" m="50763" /><E109/><V46/><F46/><W73/><G73/><T127/><D55/><U67/><E67/><V101/><F82/><W31/><G66/><T56/><D68/><U28/><AGARI ba="0,0" hai="9,13,19,24,28,32,34,35" m="50763,1033" machi="28" ten="40,12000,1" yaku="20,1,34,2,52,1" doraHai="11" who="1" fromWho="1" sc="210,-40,230,120,230,-40,330,-40" /><INIT seed="1,1,0,3,3,45" ten="170,350,190,290" oya="1" hai0="104,18,30,52,62,22,80,20,66,102,27,12,21" hai1="50,103,15,48,113,3,54,41,26,129,63,125,39" hai2="42,92,19,14,8,116,87,110,123,118,81,67,90" hai3="78,7,60,115,114,130,2,100,47,24,4,82,71"/><U59/><E3/><V69/><F123/><W58/><G130/><T23/><D104/><U122/><E113/><V25/><F110/><W31/><G100/><T93/><D80/><U28/><E122/><V32/><F42/><W17/><G17/><T57/><REACH who="0" step="1"/><D52/><REACH who="0" ten="160,350,190,290" step="2"/><U98/><E129/><V44/><F118/><W70/><G115/><T1/><D1/><U120/><E120/><V108/><F116/><W126/><G2/><T95/><D95/><U43/><E125/><V89/><F108/><W5/><G126/><T75/><D75/><U84/><E54/><V64/><F44/><W11/><G47/><T127/><D127/><U106/><E106/><V119/><F119/><W56/><G114/><T36/><D36/><U9/><E39/><V34/><F92/><W35/><G60/><T61/><D61/><U79/><E63/><V73/><F81/><W133/><G82/><T97/><AGARI ba="1,1" hai="12,18,20,21,22,23,27,30,57,62,66,93,97,102" machi="97" ten="30,16000,3" yaku="1,1,0,1,25,2,8,1,53,4" doraHai="45" doraHaiUra="16" who="0" fromWho="0" sc="160,173,350,-81,190,-41,290,-41" /><INIT seed="2,0,0,1,0,23" ten="333,269,149,249" oya="2" hai0="81,54,66,38,116,37,42,84,16,25,133,19,32" hai1="111,62,20,129,34,68,117,51,114,59,92,87,112" hai2="131,94,124,55,123,14,50,119,24,41,134,85,27" hai3="101,36,52,46,49,47,70,90,8,83,9,106,97"/><V7/><F123/><W43/><REACH who="3" step="1"/><G70/><REACH who="3" ten="333,269,149,239" step="2"/><T89/><D116/><U74/><E68/><V67/><F119/><W39/><G39/><T35/><D37/><U91/><E117/><V71/><F134/><W104/><G104/><T26/><D133/><U109/><E112/><V105/><F124/><W118/><G118/><T96/><D38/><U95/><E114/><V57/><F131/><W78/><G78/><T115/><D115/><U103/><E129/><V122/><F122/><W30/><G30/><T63/><D42/><U61/><E109/><V130/><F105/><W88/><G88/><T65/><D89/><U126/><E91/><N who="2" m="53615" /><F130/><W120/><G120/><T28/><D66/><U107/><E111/><V15/><F71/><W48/><G48/><T93/><D65/><U60/><E51/><N who="2" m="30975" /><F67/><W73/><G73/><T135/><D135/><U75/><E74/><V127/><F127/><W100/><G100/><T64/><D64/><U2/><E103/><V132/><F132/><W10/><G10/><T21/><D63/><U5/><E75/><V121/><F121/><W1/><G1/><T72/><D72/><U56/><E2/><V79/><F79/><W102/><G102/><T6/><D54/><U98/><E107/><V58/><F41/><W17/><G17/><T110/><D19/><U82/><E126/><V108/><F108/><W22/><G22/><T31/><D16/><U113/><E113/><V125/><F125/><W128/><G128/><T3/><D110/><U18/><E62/><V29/><F29/><W12/><G12/><N who="2" m="4649" /><F7/><W0/><G0/><T11/><D3/><RYUUKYOKU ba="0,1" sc="333,-15,269,-15,149,15,239,15" hai2="24,27,50,58" hai3="8,9,36,43,46,47,49,52,83,90,97,101,106" /><INIT seed="2,1,1,0,0,134" ten="318,254,164,254" oya="2" hai0="85,58,26,112,39,9,2,21,61,113,43,107,116" hai1="124,135,108,37,69,88,15,28,53,80,63,45,8" hai2="57,96,11,99,77,114,105,50,16,103,131,13,10" hai3="70,132,32,92,123,20,94,106,93,119,71,102,76"/><V42/><F131/><W29/><G123/><T81/><D107/><U115/><E115/><V33/><F33/><W7/><G119/><T47/><D116/><U49/><E28/><V14/><F114/><W59/><G132/><T128/><D128/><U95/><E108/><V83/><F99/><W31/><G76/><T111/><D111/><U127/><E37/><V82/><F77/><W100/><G7/><T51/><D39/><U74/><E74/><V87/><F87/><W125/><G125/><N who="1" m="48202" /><E80/><V133/><F133/><W55/><G32/><T34/><D34/><U40/><E69/><V24/><F24/><W118/><G71/><T84/><D81/><U110/><E135/><V54/><REACH who="2" step="1"/><F42/><REACH who="2" ten="318,254,154,254" step="2"/><W126/><G126/><T62/><D43/><U68/><E40/><V4/><AGARI ba="1,2" hai="4,10,11,13,14,16,50,54,57,82,83,96,103,105" machi="4" ten="20,12000,1" yaku="1,1,2,1,0,1,7,1,54,1,53,0" doraHai="134" doraHaiUra="64" who="2" fromWho="2" sc="318,-41,254,-41,154,143,254,-41" /><INIT seed="2,2,0,5,3,70" ten="277,213,297,213" oya="2" hai0="20,123,96,69,121,86,71,50,24,29,0,127,101" hai1="54,59,32,51,19,58,68,23,2,57,27,135,124" hai2="11,118,110,36,75,9,30,85,104,72,46,22,115" hai3="53,43,65,112,128,4,17,63,125,111,5,92,117"/><V99/><F118/><W81/><G128/><T44/><D0/><U77/><E68/><V106/><F115/><W79/><G125/><T122/><D127/><U83/><E2/><V1/><F110/><W31/><G111/><T3/><D3/><U61/><E32/><V97/><F85/><W55/><G117/><T33/><D33/><U34/><E34/><V76/><F30/><W38/><G31/><T90/><D86/><U80/><E135/><V82/><F22/><W103/><G112/><T67/><D67/><U89/><E77/><V6/><F11/><W15/><G92/><T107/><REACH who="0" step="1"/><D90/><REACH who="0" ten="267,213,297,213" step="2"/><U14/><E89/><V26/><F72/><W64/><G65/><T41/><AGARI ba="2,1" hai="20,24,29,41,44,50,69,71,96,101,107,121,122,123" machi="41" ten="30,4000,0" yaku="1,1,2,1,0,1,53,0" doraHai="70" doraHaiUra="73" who="0" fromWho="0" sc="267,56,213,-12,297,-22,213,-12" /><INIT seed="3,0,0,0,3,49" ten="323,201,275,201" oya="3" hai0="117,70,73,121,71,110,129,7,18,122,53,27,108" hai1="97,88,92,102,114,26,83,128,16,54,106,22,1" hai2="14,72,77,111,66,74,84,94,21,100,5,50,64" hai3="55,104,32,23,99,124,107,36,30,20,8,78,81"/><W42/><G124/><T3/><D73/><U2/><E114/><V59/><F111/><N who="0" m="42538" /><D117/><U96/><E128/><V9/><F72/><W46/><G32/><T80/><D80/><U37/><E37/><V65/><F74/><W98/><G98/><T133/><D133/><U28/><E83/><N who="2" m="47215" /><F21/><W4/><G30/><T125/><D125/><U31/><REACH who="1" step="1"/><E54/><REACH who="1" ten="323,191,275,201" step="2"/><N who="2" m="32215" /><F66/><W34/><G55/><T103/><D53/><U69/><E69/><V51/><F51/><W132/><G132/><T135/><D70/><U0/><AGARI ba="0,1" hai="0,1,2,16,22,26,28,31,88,92,96,97,102,106" machi="0" ten="30,7900,0" yaku="1,1,0,1,54,2,53,0" doraHai="49" doraHaiUra="52" who="1" fromWho="1" sc="323,-20,191,89,275,-20,201,-39" /><INIT seed="4,0,0,3,1,17" ten="303,280,255,162" oya="0" hai0="54,130,67,134,113,1,121,78,4,46,88,5,91" hai1="94,28,22,106,116,103,122,59,81,85,33,75,111" hai2="117,82,107,20,74,87,39,36,89,38,84,41,104" hai3="125,68,44,27,57,90,115,51,79,118,100,32,98"/><T58/><D121/><U2/><E111/><V15/><F117/><W48/><G125/><T56/><D113/><U40/><E2/><V64/><F64/><W10/><G118/><T69/><D130/><U120/><E33/><V18/><F74/><W26/><G115/><T11/><D134/><U65/><E40/><V61/><F61/><W71/><G79/><T108/><D108/><U109/><E106/><V133/><F133/><W62/><G90/><T52/><D69/><U77/><E109/><V24/><F41/><W70/><G10/><T12/><D78/><U135/><E116/><V47/><F47/><W119/><G119/><T110/><D46/><U43/><E43/><V80/><REACH who="2" step="1"/><F24/><REACH who="2" ten="303,280,245,162" step="2"/><W55/><G32/><T129/><D67/><U126/><E75/><V101/><F101/><W97/><G51/><T7/><D110/><U49/><E49/><V127/><F127/><W63/><G63/><N who="0" m="36231" /><D129/><U95/><E126/><V93/><F93/><W30/><G30/><T128/><D128/><U83/><E95/><V124/><F124/><W72/><G72/><T131/><D131/><U0/><E135/><V31/><F31/><W123/><G123/><T102/><D102/><U29/><E29/><V73/><F73/><W76/><G100/><T45/><D45/><U23/><E28/><V37/><N who="2" m="9216" /><DORA hai="13" /><V19/><F19/><W96/><REACH who="3" step="1"/><G76/><AGARI ba="0,1" hai="15,18,20,76,80,82,84,87,89,104,107" m="9216" machi="76" ten="70,8000,1" yaku="1,1,52,2,53,0" doraHai="17,13" doraHaiUra="42,105" who="2" fromWho="3" sc="303,0,280,0,245,90,162,-80" /><INIT seed="5,0,0,0,1,53" ten="303,280,335,82" oya="1" hai0="81,66,4,51,6,41,15,1,89,129,0,80,98" hai1="35,60,20,102,83,86,124,16,34,49,58,113,126" hai2="8,116,31,105,17,18,121,128,45,26,14,119,130" hai3="69,103,37,24,125,42,118,73,90,78,135,28,54"/><U88/><E49/><V107/><F121/><W75/><G135/><T120/><D120/><U104/><E113/><V29/><F45/><W132/><G125/><N who="1" m="48234" /><E102/><V12/><F107/><W77/><G132/><T33/><D51/><U40/><E40/><V112/><F105/><W82/><G118/><T63/><D41/><U22/><E22/><V25/><REACH who="2" step="1"/><F8/><REACH who="2" ten="303,280,325,82" step="2"/><W30/><G69/><T99/><D129/><U94/><E104/><V109/><F109/><W55/><G103/><T67/><D0/><U93/><E35/><V110/><F110/><W79/><G90/><T52/><D1/><U5/><E34/><V74/><F74/><N who="3" m="28171" /><G82/><T100/><D33/><U70/><E70/><V11/><F11/><W23/><G23/><T111/><D80/><U7/><E94/><V32/><F32/><W96/><G96/><T9/><D81/><U71/><E71/><V101/><F101/><W3/><G3/><T59/><D111/><U27/><E83/><V106/><F106/><W131/><G131/><T117/><D117/><U76/><E76/><N who="3" m="19458" /><W62/><DORA hai="61" /><G62/><T10/><D100/><U38/><E38/><V57/><F57/><W133/><G133/><T19/><D99/><U21/><E21/><V44/><F44/><N who="3" m="23631" /><G24/><T39/><D39/><U114/><E114/><AGARI ba="0,1" hai="12,14,17,18,25,26,29,31,112,114,116,119,128,130" machi="114" ten="25,16000,3" yaku="1,1,22,2,34,3,53,2" doraHai="53,61" doraHaiUra="127,91" who="2" fromWho="1" sc="303,0,280,-160,325,170,82,0" /><INIT seed="6,0,0,4,3,126" ten="303,120,495,82" oya="2" hai0="74,40,29,33,69,80,118,35,22,27,109,64,57" hai1="113,51,78,72,71,14,37,86,3,65,32,63,95" hai2="28,39,101,68,31,90,38,88,70,79,89,119,82" hai3="5,93,134,85,45,92,114,115,121,11,49,127,48"/><V104/><F119/><W133/><G121/><T61/><D118/><U91/><E3/><V34/><F104/><W16/><G127/><T105/><D105/><U116/><E37/><V23/><F101/><W52/><G49/><T94/><D109/><U123/><E32/><V20/><F34/><W44/><G44/><T66/><D40/><U58/><E72/><V107/><F107/><W96/><G85/><T59/><D69/><N who="2" m="26730" /><F82/><W135/><G16/><T128/><D94/><U120/><E113/><N who="3" m="43018" /><G96/><T125/><D80/><U4/><E78/><V97/><F97/><W0/><AGARI ba="0,0" hai="0,5,11,45,48,52,92,93,133,134,135" m="43018" machi="0" ten="40,8000,1" yaku="20,1,15,1,11,1,54,1" doraHai="126" who="3" fromWho="3" sc="303,-20,120,-20,495,-40,82,80" /><INIT seed="7,0,0,2,1,58" ten="283,100,455,162" oya="3" hai0="98,35,3,31,27,93,86,5,34,101,97,48,15" hai1="8,71,99,104,117,39,62,6,105,66,12,130,63" hai2="77,112,111,131,80,24,85,1,127,72,30,107,123" hai3="108,79,116,14,128,17,28,54,95,133,60,20,32"/><W61/><G116/><T121/><D121/><U46/><E117/><V16/><F123/><W84/><G133/><T47/><D3/><U18/><E130/><V25/><F112/><W91/><G128/><T73/><D73/><U75/><E75/><V51/><F111/><W53/><G108/><T22/><D86/><U122/><E122/><V57/><F107/><W11/><G32/><T26/><D26/><U38/><E46/><V81/><F1/><W96/><G53/><T65/><D65/><U21/><E104/><V68/><F131/><W43/><G54/><T82/><D82/><U76/><E76/><V40/><F68/><W134/><G43/><T92/><D15/><U119/><E119/><V115/><F115/><W70/><G70/><T19/><D5/><U37/><E66/><V89/><F127/><W69/><G69/><T135/><D31/><U23/><E71/><V100/><F100/><N who="3" m="60447" /><G79/><T59/><D59/><U83/><E83/><V7/><F7/><N who="3" m="3455" /><G28/><T126/><D126/><U33/><E33/><V45/><F30/><W129/><G129/><T78/><D78/><U102/><REACH who="1" step="1"/><E23/><REACH who="1" ten="283,90,455,162" step="2"/><V52/><F16/><W87/><G134/><T113/><D135/><U67/><E67/><V13/><F13/><AGARI ba="0,1" hai="6,8,12,13,18,21,37,38,39,62,63,99,102,105" machi="13" ten="40,5200,0" yaku="1,1,52,2,53,0" doraHai="58" doraHaiUra="118" who="1" fromWho="2" sc="283,0,90,62,455,-52,162,0" owari="283,8.0,152,-35.0,403,51.0,162,-24.0" /></mjloggm>