<mjloggm ver="2.3"><GO type="169" lobby="0"/><UN n0="%E3%81%82%E3%81%8A%E3%81%8D%E3%82%93%E3%81%90" n1="%E4%B9%BE%E5%9D%A4%E5%8D%81%E4%BA%94%E6%93%B2" n2="%E6%82%A0%E3%80%85%2E" n3="%E6%96%87%E5%9B%9B%E9%83%8E" dan="16,16,17,16" rate="2100.21,2130.25,2176.99,2161.88" sx="M,M,M,M"/><TAIKYOKU oya="0"/><INIT seed="0,0,0,3,5,96" ten="250,250,250,250" oya="0" hai0="38,76,5,134,3,121,40,93,89,25,27,101,116" hai1="124,59,68,63,16,14,113,58,20,37,77,6,19" hai2="29,86,50,82,80,127,57,128,100,83,11,123,7" hai3="78,4,32,52,88,60,94,23,13,10,106,21,118"/><T67/><D116/><U132/><E37/><V109/><F123/><W64/><G106/><T12/><D121/><U33/><E33/><V51/><F109/><W122/><G118/><T31/><D134/><U129/><E132/><V66/><F128/><W54/><G122/><T71/><D76/><U26/><E129/><V102/><F127/><W56/><G32/><T111/><D3/><U81/><E124/><V126/><F29/><W24/><G78/><T115/><D115/><U125/><E113/><V105/><F105/><W42/><G42/><T114/><D114/><U112/><E112/><V70/><F70/><W65/><G54/><T117/><D117/><U85/><E125/><V30/><F30/><N who="3" m="17679" /><G23/><T79/><D79/><U45/><E6/><V75/><F75/><W46/><G46/><T28/><D28/><U84/><E45/><V1/><F86/><AGARI ba="0,0" hai="4,10,13,52,56,60,64,65,86,88,94" m="17679" machi="86" ten="30,3900,0" yaku="8,1,54,2" doraHai="96" who="3" fromWho="2" sc="250,0,250,0,250,-39,250,39" /><INIT seed="1,0,0,2,3,36" ten="250,250,211,289" oya="1" hai0="75,46,98,31,126,0,69,32,111,49,135,22,81" hai1="28,25,114,99,74,30,87,124,8,128,20,66,76" hai2="116,77,85,95,48,104,70,60,72,100,1,50,103" hai3="65,2,131,19,33,61,101,97,37,23,82,94,57"/><U5/><E114/><V10/><F116/><W107/><G33/><T80/><D69/><U41/><E124/><V123/><F103/><W11/><G131/><T64/><D64/><U102/><E128/><V93/><F93/><W134/><G134/><T90/><D0/><U63/><E74/><V117/><F123/><W14/><G37/><T9/><D9/><U118/><E118/><V130/><F104/><W115/><G115/><T4/><D4/><U12/><E87/><V112/><F72/><W92/><G2/><T21/><D80/><U54/><E76/><V88/><F112/><W44/><G82/><T17/><D21/><U13/><E54/><V18/><F100/><W73/><G73/><T127/><D22/><U83/><E83/><V108/><F77/><W125/><G44/><T47/><D47/><U67/><E30/><V119/><F108/><W16/><REACH who="3" step="1"/><G125/><REACH who="3" ten="250,250,211,279" step="2"/><T62/><D32/><U38/><E38/><V51/><F130/><W110/><G110/><T3/><D81/><U86/><E28/><V109/><F109/><W129/><G129/><T105/><D31/><U39/><E39/><V91/><F119/><W56/><G56/><T58/><D111/><U79/><E79/><V78/><F78/><W132/><G132/><T89/><D135/><U59/><E59/><V120/><F117/><W71/><G71/><T52/><D75/><U42/><E42/><V26/><F70/><W96/><G96/><T106/><D126/><U29/><E41/><V121/><F121/><W6/><G6/><T68/><D127/><U15/><E99/><V113/><F120/><RYUUKYOKU ba="0,1" sc="250,-10,250,-10,211,-10,279,30" hai3="11,14,16,19,23,57,61,65,92,94,97,101,107" /><INIT seed="2,1,1,1,2,47" ten="240,240,201,309" oya="2" hai0="50,20,38,99,49,22,131,66,57,79,81,112,105" hai1="11,98,72,76,82,93,116,60,23,129,124,91,16" hai2="65,134,88,128,77,102,19,3,2,67,135,122,29" hai3="101,6,83,89,28,126,32,51,114,94,62,40,33"/><V21/><F122/><W75/><G101/><T97/><D38/><U86/><E116/><V90/><F77/><W113/><G6/><T15/><D112/><N who="3" m="43113" /><G126/><T24/><D131/><U80/><E129/><V42/><F29/><W121/><G121/><T48/><D105/><U73/><E124/><V39/><F102/><W13/><G13/><T52/><D66/><N who="2" m="25098" /><F39/><W45/><G62/><T117/><D117/><U71/><E71/><V8/><F42/><W10/><G10/><T36/><D36/><U69/><E69/><V85/><F90/><W34/><G83/><T68/><D68/><U70/><E70/><V37/><F8/><W133/><G75/><T30/><D15/><U78/><E11/><V14/><F37/><W12/><G12/><T84/><D22/><U43/><E43/><V120/><F120/><W87/><G28/><T64/><D64/><U0/><E0/><V35/><F128/><W96/><G133/><N who="2" m="50697" /><F35/><W100/><G100/><T58/><D58/><U132/><E132/><V7/><F7/><W103/><G103/><T5/><D5/><U56/><E78/><V108/><F108/><W1/><G1/><T54/><D57/><U95/><E56/><V123/><F123/><W107/><G107/><T130/><D130/><U111/><E111/><V125/><F125/><W55/><G40/><T115/><D115/><U17/><E76/><V92/><AGARI ba="1,1" hai="2,3,14,19,21,85,88,92" m="50697,25098" machi="92" ten="30,3000,0" yaku="20,1,54,1" doraHai="47" who="2" fromWho="2" sc="240,-11,240,-11,201,43,309,-11" /><INIT seed="2,2,0,3,4,89" ten="229,229,244,298" oya="2" hai0="98,55,73,99,105,50,106,77,21,11,117,10,135" hai1="130,116,109,20,56,97,70,61,5,37,63,53,0" hai2="23,134,111,3,107,30,54,68,57,49,39,48,14" hai3="66,124,131,16,76,108,15,25,51,95,43,113,86"/><V26/><F3/><W87/><G66/><T91/><D135/><U34/><E34/><V59/><F134/><W41/><G25/><T4/><D117/><U103/><E116/><V80/><F107/><W13/><G108/><T110/><D110/><U78/><E37/><V46/><F68/><W126/><G15/><T101/><D21/><U88/><E109/><V71/><F71/><W102/><G131/><T64/><D64/><U36/><E36/><V84/><F111/><W7/><G7/><T114/><D114/><U75/><E130/><V85/><F39/><W1/><G1/><T112/><D112/><U22/><E0/><V32/><F59/><W58/><G113/><T67/><D67/><U69/><E5/><V28/><F80/><W40/><G76/><T52/><D55/><U119/><E119/><V104/><F104/><W19/><G19/><T83/><D4/><U18/><E70/><V121/><F121/><W120/><G120/><T38/><D38/><U132/><E132/><V125/><F125/><N who="3" m="48235" /><G58/><T115/><D115/><U8/><E69/><V118/><F118/><W133/><G51/><T79/><D79/><U12/><E78/><V6/><F32/><W100/><G133/><T81/><D11/><U129/><E129/><V27/><F30/><W82/><G82/><T123/><D10/><U65/><E8/><N who="2" m="4375" /><F27/><W9/><G102/><N who="0" m="62679" /><D123/><U128/><E128/><V29/><F29/><W2/><G2/><T72/><D73/><U31/><E75/><V45/><F57/><W62/><G62/><T74/><D72/><U90/><E63/><V92/><F28/><RYUUKYOKU ba="2,0" sc="229,-10,229,-10,244,-10,298,30" hai3="9,13,16,40,41,43,86,87,95,100" /><INIT seed="3,3,0,4,4,6" ten="219,219,234,328" oya="3" hai0="124,13,54,99,62,91,69,135,127,109,133,75,49" hai1="112,100,82,73,45,79,84,52,80,126,93,3,85" hai2="121,116,36,18,39,134,74,44,64,23,9,20,28" hai3="88,24,72,57,56,76,48,89,16,123,60,92,51"/><W132/><G123/><T14/><D75/><U122/><E122/><V43/><F116/><W129/><G132/><N who="0" m="50763" /><D91/><U131/><E112/><V2/><F121/><W101/><G129/><T30/><D99/><U96/><E131/><V25/><F64/><W0/><G0/><T77/><D77/><U67/><E67/><V83/><F39/><W59/><G60/><T38/><D30/><U7/><E126/><N who="0" m="48169" /><D14/><U22/><E22/><N who="2" m="13527" /><F28/><W87/><G72/><T103/><D13/><U4/><E73/><V71/><F134/><W102/><G76/><T40/><D103/><N who="3" m="39433" /><G89/><T61/><D69/><U1/><E1/><V47/><F71/><W42/><G24/><T90/><D90/><N who="1" m="51479" /><E3/><V78/><F2/><W19/><G19/><T108/><D40/><U70/><E70/><V26/><F43/><W15/><G42/><T8/><D8/><AGARI ba="3,0" hai="8,15,16,48,51,56,57,59,87,88,92" m="39433" machi="8" ten="30,11600,0" yaku="8,1,52,1,54,2" doraHai="6" who="3" fromWho="0" sc="219,-125,219,0,234,0,328,125" /><INIT seed="3,4,0,2,0,69" ten="94,219,234,453" oya="3" hai0="4,72,104,116,36,120,90,14,44,99,91,7,73" hai1="64,108,124,122,58,131,34,31,92,126,43,57,1" hai2="119,54,20,13,62,21,55,49,38,33,96,130,88" hai3="112,26,80,8,61,0,79,75,127,97,45,28,102"/><W11/><G112/><T16/><D116/><U30/><E122/><V94/><F130/><W93/><G127/><N who="1" m="48682" /><E1/><V9/><F33/><W68/><G0/><T106/><D120/><U76/><E131/><V63/><F38/><W40/><G68/><T12/><D44/><U25/><E108/><V85/><F119/><W5/><G61/><T111/><D99/><U89/><E76/><V110/><F110/><W53/><G53/><T125/><D125/><U70/><E31/><V59/><F85/><W121/><G5/><T115/><D111/><U65/><E43/><V114/><F63/><W66/><G66/><N who="1" m="25706" /><E70/><V2/><F2/><W95/><G93/><T48/><D48/><U47/><E47/><N who="2" m="27967" /><F114/><W39/><REACH who="3" step="1"/><G121/><REACH who="3" ten="94,219,234,443" step="2"/><T35/><D115/><U67/><E67/><V86/><F62/><W117/><G117/><T132/><D7/><U27/><E92/><V118/><F118/><W3/><G3/><T107/><D4/><U105/><E105/><V101/><F55/><W56/><G56/><T32/><D106/><U22/><E58/><V82/><F59/><W42/><G42/><T135/><REACH who="0" step="1"/><D16/><AGARI ba="4,1" hai="9,13,16,20,21,82,86,88,94,96,101" m="27967" machi="16" ten="30,7700,0" yaku="25,1,8,1,54,2" doraHai="69" who="2" fromWho="0" sc="94,-89,219,0,234,99,443,0" /><INIT seed="4,0,0,2,2,82" ten="5,219,333,443" oya="0" hai0="46,45,88,27,101,24,7,83,54,13,110,126,121" hai1="93,16,106,123,111,33,6,42,5,1,85,68,114" hai2="44,30,71,130,31,59,100,52,77,134,118,97,60" hai3="102,108,135,73,90,78,47,89,37,129,9,34,105"/><T69/><D121/><U10/><E106/><V133/><F130/><W75/><G108/><T53/><D69/><U58/><E68/><V115/><F115/><W32/><G129/><T81/><D101/><U36/><E123/><V14/><F118/><W20/><G135/><N who="2" m="51721" /><F77/><W86/><G9/><N who="0" m="4287" /><D126/><U107/><E107/><N who="2" m="63887" /><F71/><W11/><G102/><T84/><D110/><U87/><E111/><V64/><F14/><W94/><G105/><T72/><D72/><U65/><E33/><V66/><F44/><N who="0" m="17002" /><D83/><U122/><E122/><V19/><F19/><W112/><G34/><T120/><D120/><U17/><E114/><V125/><F125/><W21/><G32/><T98/><D98/><U40/><E36/><V95/><F95/><W18/><G37/><T29/><D29/><AGARI ba="0,0" hai="29,30,31,52,59,60,64,66" m="63887,51721" machi="29" ten="30,2000,0" yaku="20,1,54,1" doraHai="82" who="2" fromWho="0" sc="5,-20,219,0,333,20,443,0" owari="-15,-52.0,219,-18.0,353,15.0,443,55.0" /></mjloggm>