<mjloggm ver="2.3"><GO type="185" lobby="0"/><UN n0="%E3%81%82%E3%81%96%E3%81%B6" n1="%68%69%72%6F%6E%6E%32%30" n2="%E3%83%9D%E3%82%B1%E3%83%83%E3%83%88" n3="" dan="17,16,16,0" rate="2250.60,2194.04,2206.31,1500.00" sx="M,M,M,C"/><TAIKYOKU oya="0"/><INIT seed="0,0,0,3,4,119" ten="350,350,350,0" oya="0" hai0="59,108,87,48,58,0,131,39,36,54,67,44,63" hai1="93,96,43,114,45,37,124,78,113,103,35,85,42" hai2="120,32,2,111,97,55,86,112,79,52,74,1,82" hai3=""/><T106/><D0/><U128/><E35/><V123/><N who="2" m="30752" /><V127/><N who="2" m="31520" /><V88/><F32/><T95/><D106/><U116/><E116/><V73/><F112/><N who="1" m="43113" /><E43/><V80/><F111/><T102/><D108/><U132/><E124/><V71/><F71/><T109/><D109/><U104/><E128/><V64/><F64/><T33/><D33/><U121/><N who="1" m="31008" /><U34/><E34/><V89/><F127/><T99/><D131/><U61/><E61/><V115/><F115/><T84/><D87/><U72/><E72/><V125/><F125/><T135/><D135/><U105/><E132/><V107/><F107/><T68/><D68/><U133/><E133/><V101/><F101/><T3/><D3/><U126/><E126/><V41/><F41/><T129/><D129/><U40/><E40/><V77/><F86/><T53/><D84/><U50/><E37/><V117/><F97/><T70/><D70/><U66/><E66/><V65/><F65/><T38/><D38/><U122/><N who="1" m="31264" /><U130/><E130/><V134/><F134/><T75/><D75/><U94/><E105/><V110/><F110/><T69/><D69/><U92/><E104/><V91/><F91/><T118/><D118/><AGARI ba="0,0" hai="1,2,52,55,73,74,77,79,80,82,88,89,117,118" m="31520,30752" machi="118" ten="25,16000,3" yaku="22,2,52,4,54,2" doraHai="119" who="2" fromWho="0" sc="350,-160,350,0,350,160,0,0" /><INIT seed="1,0,0,3,5,118" ten="190,350,510,0" oya="1" hai0="57,125,110,132,86,56,62,71,120,82,48,128,103" hai1="32,107,35,68,87,55,53,114,112,98,50,64,94" hai2="123,3,91,67,42,0,113,122,39,81,101,58,96" hai3=""/><U80/><E107/><V106/><N who="2" m="31264" /><V72/><N who="2" m="31520" /><V49/><F113/><T65/><N who="0" m="30752" /><T37/><D128/><U111/><E111/><V78/><F39/><T76/><D110/><U95/><E68/><V104/><F104/><T45/><D125/><U79/><E64/><V38/><F38/><T46/><D132/><U133/><E133/><V1/><F42/><T105/><D37/><U108/><E108/><V33/><F33/><T117/><D117/><U2/><E2/><V84/><F49/><T63/><D71/><U93/><E114/><V74/><REACH who="2" step="1"/><F78/><REACH who="2" ten="190,350,500,0" step="2"/><T75/><D48/><U99/><E112/><V129/><F129/><T40/><D40/><U90/><E32/><V100/><F100/><T34/><D34/><U60/><E79/><V127/><F127/><T66/><D103/><U44/><E35/><V97/><F97/><T51/><D105/><U69/><E99/><V36/><F36/><T92/><D51/><U135/><E98/><V61/><AGARI ba="0,1" hai="0,1,3,58,61,67,72,74,81,84,91,96,101,106" m="31520,31264" machi="61" ten="40,9000,2" yaku="1,1,0,1,52,4,53,0" doraHai="118" doraHaiUra="126" who="2" fromWho="2" sc="190,-30,350,-60,500,100,0,0" /><INIT seed="2,0,0,5,5,93" ten="160,290,600,0" oya="2" hai0="35,89,0,111,118,98,91,127,133,65,51,95,47" hai1="77,57,134,59,83,75,90,101,115,1,130,125,97" hai2="135,119,63,40,105,103,123,76,129,2,34,126,68" hai3=""/><V42/><RYUUKYOKU type="yao9" ba="0,0" sc="160,0,290,0,600,0,0,0" hai2="2,34,40,42,63,68,76,103,105,119,123,126,129,135" /><INIT seed="2,1,0,3,4,80" ten="160,290,600,0" oya="2" hai0="76,35,128,106,65,83,94,108,2,116,132,133,129" hai1="117,123,74,84,64,63,100,70,109,3,33,39,36" hai2="82,37,66,118,55,40,92,47,135,91,71,61,58" hai3=""/><V54/><F118/><T99/><D35/><U59/><N who="1" m="31520" /><U98/><E33/><V34/><F34/><T131/><D2/><U86/><E74/><V96/><F135/><N who="0" m="51786" /><D116/><U49/><E117/><V57/><F82/><T85/><D65/><U60/><E109/><V102/><F102/><T87/><D108/><U115/><E115/><V101/><F101/><T125/><D106/><U130/><E130/><V113/><F113/><T126/><D87/><U120/><N who="1" m="30752" /><U42/><E3/><V73/><F73/><T41/><D41/><U95/><E49/><V68/><F66/><T1/><D1/><U52/><REACH who="1" step="1"/><E42/><REACH who="1" ten="160,280,600,0" step="2"/><V104/><F40/><T56/><D56/><U81/><E81/><V67/><F58/><T122/><N who="0" m="31264" /><T89/><AGARI ba="1,1" hai="76,83,85,89,94,99,125,126,128,129,131" m="31264,51786" machi="89" ten="40,12000,3" yaku="4,1,30,2,19,1,20,1,34,2,52,2" doraHai="80" who="0" fromWho="0" sc="160,132,280,-41,600,-81,0,0" /><INIT seed="4,0,0,5,4,127" ten="292,239,519,0" oya="0" hai0="53,97,51,124,61,74,102,113,57,126,80,42,73" hai1="116,81,85,78,35,47,105,70,54,120,2,44,94" hai2="34,69,71,84,132,39,64,110,92,52,0,128,121" hai3=""/><T55/><D113/><U122/><N who="1" m="30752" /><U3/><N who="1" m="31264" /><U48/><E116/><V123/><N who="2" m="31008" /><V88/><N who="2" m="31520" /><V65/><F110/><T59/><D42/><U50/><E35/><V72/><F34/><T104/><REACH who="0" step="1"/><D80/><REACH who="0" ten="282,239,519,0" step="2"/><U40/><E2/><V41/><F0/><T63/><D63/><U100/><E3/><V90/><F41/><T93/><D93/><U89/><E70/><V99/><F92/><T135/><D135/><U95/><E105/><V134/><F132/><T1/><D1/><U119/><E119/><V67/><F134/><T106/><D106/><U111/><E111/><V60/><F60/><T56/><D56/><U76/><E95/><V125/><F69/><T107/><D107/><U75/><E75/><AGARI ba="0,1" hai="51,53,55,57,59,61,73,74,75,97,102,104,124,126" machi="75" ten="40,2000,0" yaku="1,1,53,0" doraHai="127" doraHaiUra="33" who="0" fromWho="1" sc="282,30,239,-20,519,0,0,0" /><INIT seed="4,1,0,4,5,135" ten="312,219,519,0" oya="0" hai0="80,128,70,43,115,109,35,85,34,68,76,86,122" hai1="87,117,100,66,37,132,55,54,58,134,74,127,45" hai2="83,75,105,93,52,62,129,126,63,108,111,3,0" hai3=""/><T118/><N who="0" m="31264" /><T95/><D118/><U57/><E74/><V46/><F105/><T133/><D133/><N who="1" m="51307" /><E100/><V64/><F93/><T67/><D115/><U119/><E87/><V110/><F129/><T48/><D128/><U60/><E127/><V72/><F126/><T56/><D109/><U106/><E106/><V32/><F32/><T59/><D43/><U89/><E89/><V53/><F46/><T47/><D47/><U101/><E101/><V77/><F72/><T82/><D95/><U40/><E55/><V112/><F112/><T65/><D76/><U2/><E2/><V107/><F107/><T33/><D33/><U90/><E90/><V124/><F124/><T39/><REACH who="0" step="1"/><D48/><AGARI ba="1,0" hai="37,40,45,48,54,57,58,60,66,117,119" m="51307" machi="48" ten="30,3900,0" yaku="20,1,34,2" doraHai="135" who="1" fromWho="0" sc="312,-41,219,41,519,0,0,0" /><INIT seed="5,0,0,5,5,122" ten="271,260,519,0" oya="1" hai0="32,121,127,123,37,39,61,124,69,85,33,73,76" hai1="60,103,108,35,44,105,87,77,56,68,43,74,42" hai2="58,78,55,117,112,91,101,89,126,128,0,59,95" hai3=""/><U106/><E35/><V93/><F0/><T83/><N who="0" m="31008" /><T118/><N who="0" m="31520" /><T70/><D118/><U54/><E74/><V1/><F1/><T90/><D33/><U130/><E130/><V50/><F117/><T98/><D98/><U99/><E68/><V80/><F128/><T96/><D96/><U102/><E102/><V116/><F126/><N who="0" m="48170" /><D32/><U114/><E114/><V49/><F112/><T133/><D133/><U82/><E106/><V3/><F3/><T48/><D48/><U129/><E129/><V71/><F49/><T67/><D69/><U2/><E2/><V65/><F71/><T84/><D73/><U53/><E42/><V40/><F40/><T97/><D97/><U109/><REACH who="1" step="1"/><E54/><REACH who="1" ten="271,250,519,0" step="2"/><V45/><F55/><T66/><D66/><U79/><E79/><V47/><F78/><T110/><D110/><U72/><E72/><V36/><F65/><T111/><D111/><U131/><E131/><V132/><F116/><T34/><D34/><U107/><E107/><V51/><F101/><T119/><D119/><U88/><E88/><V104/><F91/><T62/><D62/><U64/><E64/><V134/><F89/><T38/><D76/><U41/><E41/><V92/><F104/><T57/><D70/><RYUUKYOKU ba="0,1" sc="271,10,250,10,519,-20,0,0" hai0="37,38,39,57,61,67,83,84,85,90" hai1="43,44,53,56,60,77,82,87,99,103,105,108,109" /><INIT seed="5,1,1,0,4,103" ten="281,260,499,0" oya="1" hai0="89,58,101,69,55,84,53,80,82,111,121,2,68" hai1="54,88,97,50,40,52,106,125,108,71,114,129,67" hai2="46,0,72,56,126,3,102,37,33,93,42,78,92" hai3=""/><U57/><E114/><V83/><F33/><T61/><N who="0" m="31008" /><T70/><D111/><U41/><E108/><V76/><F126/><T99/><D2/><U59/><E125/><V128/><F128/><T133/><D133/><U132/><E129/><V117/><F117/><T45/><D80/><U130/><E130/><V120/><N who="2" m="30752" /><V74/><F56/><T112/><D112/><U64/><E132/><V109/><F109/><T119/><D119/><U36/><E36/><V95/><F102/><T94/><REACH who="0" step="1"/><D45/><REACH who="0" ten="271,260,499,0" step="2"/><U51/><E106/><V124/><F124/><T123/><N who="0" m="31520" /><T38/><D38/><U1/><E1/><V79/><F83/><T65/><AGARI ba="1,2" hai="53,55,58,61,65,68,69,70,82,84,89,94,99,101" m="31520,31008" machi="65" ten="30,5900,0" yaku="1,1,0,1,52,2,53,0" doraHai="103" doraHaiUra="35" who="0" fromWho="0" sc="271,81,260,-40,499,-21,0,0" /><INIT seed="6,0,0,5,1,85" ten="352,220,478,0" oya="2" hai0="126,81,32,48,42,39,57,64,102,36,121,45,67" hai1="41,52,75,54,63,101,61,74,46,117,79,55,100" hai2="62,97,38,119,0,83,2,1,122,80,37,125,129" hai3=""/><V43/><N who="2" m="31264" /><V34/><F119/><T65/><N who="0" m="31008" /><T95/><D32/><U98/><E117/><V128/><F34/><T120/><N who="0" m="30752" /><T106/><D126/><U127/><E79/><V82/><F125/><T56/><D106/><U135/><E127/><V72/><F72/><T49/><D81/><U66/><E135/><V90/><F62/><T110/><D110/><U40/><E98/><V73/><F73/><T130/><D130/><N who="2" m="50282" /><F43/><T87/><D102/><U111/><E55/><V113/><F113/><T123/><N who="0" m="31520" /><T108/><D108/><U112/><E112/><V118/><F118/><T115/><D115/><U53/><E53/><V86/><F97/><T91/><REACH who="0" step="1"/><D49/><REACH who="0" ten="342,220,478,0" step="2"/><U134/><E134/><V132/><F132/><T94/><D94/><AGARI ba="0,1" hai="0,1,2,37,38,80,82,83,86,90,94" m="50282,31264" machi="94" ten="40,7700,0" yaku="19,1,52,2" doraHai="85" who="2" fromWho="0" sc="342,-77,220,0,478,87,0,0" owari="265,-13.0,220,-38.0,565,51.0,0,0.0" /></mjloggm>