<mjloggm ver="2.3"><GO type="169" lobby="0"/><UN n0="%72%61%69%32%31%31" n1="%E3%81%B8%E3%82%80%E3%81%B8%E3%82%80%EF%BC%92%E5%8F%B7" n2="%E3%81%A6%E3%82%93%E3%81%BD%E3%81%84%E3%82%93%E3%81%A8" n3="%E3%81%A8%E3%81%B3%E3%81%BE%E3%81%93" dan="16,16,17,16" rate="2097.79,2065.38,2208.78,2083.32" sx="M,M,F,M"/><TAIKYOKU oya="0"/><INIT seed="0,0,0,3,1,96" ten="250,250,250,250" oya="0" hai0="101,23,89,74,113,114,31,67,75,8,81,5,53" hai1="112,1,71,25,46,79,37,64,127,39,0,42,10" hai2="45,33,51,124,111,130,3,133,78,72,43,119,34" hai3="12,125,92,29,2,44,85,65,103,126,131,63,18"/><T55/><D67/><U73/><E127/><N who="3" m="48650" /><G2/><T88/><D23/><U118/><E118/><V123/><F123/><W129/><G44/><T102/><D8/><U100/><E112/><V117/><F124/><W58/><G29/><T93/><D31/><U62/><E25/><V77/><F3/><W14/><G85/><T57/><D57/><U107/><E39/><V48/><F45/><W115/><G115/><T76/><D5/><N who="1" m="1319" /><E1/><V70/><F70/><W120/><G120/><T132/><D132/><U128/><E128/><N who="3" m="49226" /><G18/><T94/><D81/><N who="1" m="45295" /><E107/><V108/><F130/><W105/><G92/><T15/><D15/><U26/><E26/><V21/><F34/><W40/><G40/><T16/><D76/><U104/><E104/><V121/><F33/><W66/><G66/><T106/><D106/><U27/><E27/><V32/><F32/><W59/><G59/><T69/><D16/><U11/><E11/><V47/><F121/><W20/><G20/><T116/><D69/><U56/><E56/><V4/><F21/><W135/><G135/><T68/><D68/><U90/><E71/><V28/><F133/><W19/><G19/><T6/><D6/><U97/><E64/><V82/><F4/><W35/><G35/><T22/><D22/><U80/><E42/><V9/><F9/><W60/><G60/><T52/><D53/><U86/><E62/><V95/><F28/><W13/><G105/><T30/><D30/><U7/><E7/><V109/><F43/><W84/><G84/><T110/><D116/><U17/><E17/><V134/><F117/><W50/><G50/><RYUUKYOKU ba="0,0" sc="250,15,250,-15,250,-15,250,15" hai0="52,55,74,75,88,89,93,94,101,102,110,113,114" hai3="12,13,14,58,63,65,103" /><INIT seed="0,1,0,3,4,60" ten="265,235,235,265" oya="0" hai0="26,51,3,126,124,97,115,9,65,1,104,67,22" hai1="14,83,73,72,11,52,118,42,88,76,66,62,37" hai2="50,92,17,107,23,57,125,117,80,102,112,16,36" hai3="95,0,120,31,113,41,5,123,134,53,98,132,122"/><T61/><D115/><U71/><E118/><V69/><F112/><W2/><G113/><T63/><D51/><U70/><E70/><V99/><F125/><N who="0" m="48234" /><D97/><U109/><E109/><V79/><F117/><W40/><G31/><N who="0" m="17879" /><D104/><U131/><E131/><V20/><F36/><W94/><G5/><N who="0" m="1199" /><D3/><N who="3" m="1065" /><G53/><T19/><D19/><U38/><E72/><V106/><F106/><W121/><G121/><T30/><D30/><U127/><E52/><N who="2" m="31895" /><F107/><W68/><G68/><T39/><D39/><U74/><E74/><V108/><F69/><W78/><G78/><T130/><D130/><U133/><E127/><V18/><F108/><W84/><G84/><AGARI ba="1,0" hai="16,17,18,20,23,79,80,84,92,99,102" m="31895" machi="84" ten="30,3900,0" yaku="8,1,54,2" doraHai="60" who="2" fromWho="3" sc="265,0,235,0,235,42,265,-42" /><INIT seed="1,0,0,4,4,50" ten="265,235,277,223" oya="1" hai0="102,58,129,30,47,83,99,66,77,23,71,72,25" hai1="4,37,28,13,86,114,52,26,2,24,93,54,7" hai2="22,34,117,32,107,17,44,85,38,39,106,115,45" hai3="49,57,29,133,101,112,95,15,108,33,55,105,27"/><U88/><E114/><V42/><F85/><W118/><G108/><T63/><D129/><U131/><E37/><V90/><F90/><W46/><G112/><T76/><D76/><U16/><E131/><V135/><F117/><W41/><G118/><T5/><D5/><N who="1" m="2123" /><E2/><V56/><F56/><W70/><G133/><T125/><D125/><U94/><E28/><V0/><F0/><W10/><G70/><T104/><D47/><U78/><E78/><V132/><F115/><W130/><G130/><T89/><D89/><N who="1" m="53431" /><E24/><V64/><F42/><W100/><G95/><T97/><D97/><N who="1" m="57543" /><E26/><V12/><F39/><W84/><G84/><T96/><D96/><U60/><E60/><V3/><F38/><W11/><G105/><T82/><D82/><U91/><E91/><V18/><F3/><W103/><REACH who="3" step="1"/><G15/><REACH who="3" ten="265,235,277,213" step="2"/><T19/><REACH who="0" step="1"/><D71/><REACH who="0" ten="255,235,277,213" step="2"/><U122/><E122/><V119/><F119/><W81/><G81/><T61/><D61/><AGARI ba="0,2" hai="10,11,27,29,33,41,46,49,55,57,61,100,101,103" machi="61" ten="40,5200,0" yaku="1,1,52,1,53,1" doraHai="50" doraHaiUra="40" who="3" fromWho="0" sc="255,-52,235,0,277,0,213,72" /><INIT seed="2,0,0,1,0,133" ten="203,235,277,285" oya="2" hai0="52,96,112,83,106,75,94,89,22,86,2,98,11" hai1="54,37,131,85,97,62,118,53,51,41,72,36,14" hai2="20,45,110,64,87,69,92,12,58,84,79,108,129" hai3="55,71,124,80,3,127,88,21,38,132,7,61,47"/><V90/><F69/><W105/><G105/><T126/><D2/><U78/><E118/><V116/><F45/><W100/><G100/><N who="0" m="62743" /><D22/><U68/><E131/><V29/><F64/><W63/><G132/><T34/><D11/><U81/><E97/><V46/><F46/><W82/><G21/><T4/><D4/><U101/><E101/><V122/><F58/><W77/><G7/><T123/><D34/><U111/><E111/><N who="2" m="42539" /><F29/><W13/><G13/><T128/><D52/><U23/><E41/><V60/><F60/><W114/><G3/><T9/><D9/><U18/><E72/><V24/><F24/><W49/><G114/><T73/><D112/><U121/><E121/><V31/><F31/><W109/><G109/><T70/><D70/><U26/><E26/><V6/><F6/><W50/><G50/><T25/><D25/><U117/><E117/><V39/><F116/><W57/><G61/><T44/><D44/><U102/><E68/><V91/><F39/><W104/><G104/><T42/><D42/><U130/><E62/><V103/><F122/><W134/><G134/><T43/><D43/><U0/><E0/><V95/><F20/><W59/><G71/><T5/><D123/><U119/><E54/><V115/><F12/><W33/><G33/><T10/><D5/><U76/><E119/><V15/><F15/><W93/><G38/><T74/><D10/><U8/><E8/><V135/><F115/><W30/><G30/><T16/><D16/><U56/><E36/><V19/><F19/><W48/><G59/><T120/><D120/><U1/><E37/><RYUUKYOKU ba="0,0" sc="203,0,235,0,277,0,285,0" /><INIT seed="3,1,0,1,0,38" ten="203,235,277,285" oya="3" hai0="81,1,118,115,67,73,17,8,61,104,84,112,78" hai1="86,52,28,24,44,18,0,20,101,71,48,41,117" hai2="100,13,76,123,93,122,107,39,129,87,49,119,63" hai3="103,79,110,108,116,46,99,130,124,66,32,27,89"/><W64/><G116/><T5/><D118/><U90/><E0/><V50/><F39/><W29/><G124/><T109/><D109/><N who="3" m="42089" /><G130/><T85/><D104/><U135/><E135/><V127/><F107/><N who="3" m="63999" /><G79/><T58/><REACH who="0" step="1"/><D17/><REACH who="0" ten="193,235,277,285" step="2"/><U12/><E117/><V26/><F119/><W2/><G2/><T53/><D53/><U54/><E71/><V31/><F129/><W95/><G46/><T72/><D72/><U4/><E4/><V40/><F127/><W114/><G114/><AGARI ba="1,1" hai="1,5,8,58,61,67,73,78,81,84,85,112,114,115" machi="114" ten="40,2600,0" yaku="1,1,11,1,53,0" doraHai="38" doraHaiUra="15" who="0" fromWho="3" sc="193,39,235,0,277,0,285,-29" /><INIT seed="4,0,0,5,5,64" ten="232,235,277,256" oya="0" hai0="114,97,115,26,133,41,31,8,86,73,110,126,119" hai1="118,98,101,35,108,135,78,25,27,80,34,19,75" hai2="11,49,5,17,113,42,39,93,57,120,76,130,52" hai3="81,10,131,68,109,72,134,96,16,111,107,56,87"/><T33/><D119/><U63/><E118/><V7/><F120/><W59/><G72/><T4/><D73/><U0/><E108/><V67/><F113/><N who="0" m="43018" /><D110/><U20/><E135/><V92/><F130/><W102/><G68/><T69/><D133/><U127/><E0/><V13/><F76/><W100/><G134/><T121/><D121/><U103/><E127/><V124/><F124/><W112/><G112/><T9/><D126/><U99/><E63/><V74/><F74/><W71/><G71/><T58/><D69/><U14/><E14/><V79/><F79/><W65/><G131/><T50/><D86/><U53/><E27/><V60/><F42/><W51/><G59/><T45/><D4/><N who="2" m="1610" /><F39/><W116/><G116/><T132/><D132/><U1/><E1/><V3/><F3/><W29/><G29/><T6/><D6/><U106/><REACH who="1" step="1"/><E53/><REACH who="1" ten="232,225,277,256" step="2"/><V66/><F66/><W24/><G65/><T18/><D26/><U129/><E129/><V21/><F11/><W23/><G10/><T82/><D8/><U70/><E70/><V22/><F21/><W15/><G24/><T95/><D9/><U128/><E128/><V125/><F125/><W85/><G111/><T32/><D32/><U104/><AGARI ba="0,1" hai="19,20,25,34,35,75,78,80,98,99,101,103,104,106" machi="104" ten="20,5200,0" yaku="1,1,0,1,7,1,9,1,53,0" doraHai="64" doraHaiUra="122" who="1" fromWho="1" sc="232,-26,225,62,277,-13,256,-13" /><INIT seed="5,0,0,3,3,25" ten="206,287,264,243" oya="1" hai0="7,101,4,75,27,119,52,47,90,24,123,120,36" hai1="10,127,0,45,92,133,43,71,77,124,33,93,80" hai2="28,72,86,60,116,73,46,15,34,56,103,40,102" hai3="49,23,131,51,70,117,69,37,59,53,108,54,50"/><U81/><E133/><V9/><F116/><W91/><G91/><T13/><D75/><U129/><E71/><N who="3" m="27146" /><G23/><T41/><D119/><U48/><E33/><V78/><F73/><W11/><G11/><T2/><D2/><U122/><E80/><V12/><F12/><W39/><G117/><T68/><D68/><U1/><E129/><V58/><F60/><N who="3" m="35951" /><G108/><T55/><D101/><U66/><E66/><V121/><F102/><W95/><G95/><T128/><D128/><U110/><E122/><N who="0" m="46633" /><D90/><U130/><E110/><V42/><F103/><W114/><G114/><T16/><D27/><U17/><E130/><V21/><F72/><W82/><G82/><T57/><D24/><U18/><E93/><V8/><F34/><W88/><G88/><T135/><D135/><U74/><E92/><V31/><F78/><W22/><G22/><N who="0" m="11535" /><D55/><U100/><E100/><V3/><F3/><W94/><G94/><T115/><D115/><U104/><E104/><V87/><F21/><W107/><G107/><T111/><D111/><U125/><E0/><V32/><F121/><W89/><G89/><T14/><D14/><U63/><E63/><AGARI ba="0,0" hai="4,7,36,41,47,52,57,63" m="11535,46633" machi="63" ten="30,3900,0" yaku="13,1,54,2" doraHai="25" who="0" fromWho="1" sc="206,39,287,-39,264,0,243,0" /><INIT seed="6,0,0,1,1,9" ten="245,248,264,243" oya="2" hai0="116,127,105,44,89,70,17,45,41,128,19,47,42" hai1="27,21,118,26,91,101,103,97,46,79,107,90,13" hai2="77,111,43,11,57,61,81,2,22,54,20,6,80" hai3="72,37,117,87,25,67,92,71,63,135,98,23,29"/><V86/><F111/><W124/><G72/><T100/><D70/><U24/><E118/><V14/><F2/><W48/><G117/><T94/><D116/><U133/><E133/><V108/><F108/><W28/><G135/><T58/><D128/><U52/><E79/><V51/><F81/><W113/><G37/><T50/><D105/><U78/><E78/><V49/><F49/><W33/><G124/><T1/><D100/><N who="1" m="38475" /><E107/><V134/><F134/><W39/><G39/><T8/><D1/><U131/><E131/><V104/><F104/><W73/><G73/><T10/><D127/><U15/><E97/><V65/><REACH who="2" step="1"/><F43/><REACH who="2" ten="245,248,254,243" step="2"/><W4/><G48/><T122/><D42/><U132/><E132/><V34/><F34/><W3/><G33/><T38/><D38/><U115/><E115/><V16/><F16/><N who="0" m="6218" /><D41/><U126/><E126/><V130/><F130/><W18/><G113/><T56/><D122/><U99/><E21/><V32/><F32/><W123/><G123/><T114/><D50/><N who="1" m="28759" /><E99/><V69/><AGARI ba="0,1" hai="6,11,14,20,22,51,54,57,61,65,69,77,80,86" machi="69" ten="20,7800,0" yaku="1,1,0,1,7,1,52,1,53,0" doraHai="9" doraHaiUra="88" who="2" fromWho="2" sc="245,-26,248,-26,254,88,243,-26" /><INIT seed="6,1,0,5,1,105" ten="219,222,342,217" oya="2" hai0="19,70,106,14,9,0,25,58,111,124,102,7,4" hai1="93,107,103,41,95,115,1,29,89,47,45,43,59" hai2="15,57,28,20,101,55,51,30,80,31,86,49,118" hai3="108,128,123,87,21,46,79,84,60,71,72,16,17"/><V73/><F118/><W6/><G123/><T78/><D70/><U126/><E115/><V33/><F33/><W98/><G108/><T90/><D111/><U64/><E1/><V5/><F73/><W131/><G6/><T63/><D124/><U88/><E126/><V44/><F101/><W68/><G98/><T32/><D78/><U81/><E107/><V129/><F129/><N who="3" m="49739" /><G46/><N who="1" m="17418" /><E103/><V10/><F20/><W35/><G35/><T48/><D48/><U26/><E81/><V66/><F66/><N who="3" m="41031" /><G71/><T24/><D32/><U36/><E36/><V100/><F100/><W61/><G61/><T121/><D121/><U39/><E39/><V77/><REACH who="2" step="1"/><F31/><REACH who="2" ten="219,222,332,217" step="2"/><W42/><G21/><T85/><D102/><U112/><E29/><V122/><F122/><W11/><G42/><AGARI ba="1,1" hai="5,10,15,28,30,42,44,49,51,55,57,77,80,86" machi="42" ten="30,12000,1" yaku="1,1,7,1,25,2,8,1,53,0" doraHai="105" doraHaiUra="120" who="2" fromWho="3" sc="219,0,222,0,332,133,217,-123" /><INIT seed="6,2,0,2,3,118" ten="219,222,465,94" oya="2" hai0="64,76,19,17,124,87,131,66,25,90,10,122,128" hai1="18,121,62,74,54,23,134,89,65,72,16,103,63" hai2="40,14,93,44,110,97,77,75,55,80,60,69,52" hai3="58,114,7,81,101,27,34,51,56,100,84,6,120"/><V102/><F110/><W49/><G120/><T50/><D124/><U35/><E35/><V98/><F14/><W3/><G3/><T115/><D115/><U86/><E134/><V68/><F97/><W57/><G34/><T78/><D122/><U22/><E103/><V26/><F26/><W38/><G38/><T88/><D50/><U79/><E121/><V15/><F15/><W104/><G104/><T129/><D25/><N who="1" m="14535" /><E72/><V39/><REACH who="2" step="1"/><F60/><REACH who="2" ten="219,222,455,94" step="2"/><W91/><G27/><T125/><D125/><U126/><E62/><V41/><F41/><W113/><G7/><T42/><D131/><U61/><E63/><V105/><F105/><W30/><G6/><T107/><D42/><U36/><E61/><V82/><F82/><W11/><G11/><T32/><D107/><U111/><E111/><V132/><F132/><W20/><G20/><T5/><D32/><U43/><E23/><V99/><F99/><W70/><G30/><T116/><D5/><U109/><E43/><V48/><F48/><N who="3" m="18507" /><G70/><AGARI ba="2,1" hai="39,40,44,52,55,68,69,70,75,77,80,93,98,102" machi="70" ten="40,3900,0" yaku="1,1,54,1,53,0" doraHai="118" doraHaiUra="112" who="2" fromWho="3" sc="219,0,222,0,455,55,94,-45" /><INIT seed="6,3,0,3,4,118" ten="219,222,510,49" oya="2" hai0="130,85,69,112,57,22,13,132,26,60,114,56,98" hai1="6,107,106,103,77,73,47,34,16,109,122,66,46" hai2="20,14,10,120,43,110,134,89,115,128,23,94,5" hai3="95,84,119,48,113,104,131,50,2,123,58,36,78"/><V80/><F115/><N who="0" m="44074" /><D130/><U105/><E109/><V17/><F128/><W135/><G131/><T86/><D132/><U75/><E34/><V9/><F134/><W3/><G135/><T38/><D38/><U108/><E108/><V111/><F23/><W125/><G119/><T83/><D98/><U52/><E103/><V44/><F10/><W12/><G104/><T8/><D69/><U90/><E66/><V63/><F63/><W55/><G36/><T93/><D93/><U82/><E6/><V37/><F80/><W70/><G70/><T11/><D57/><U1/><E75/><V124/><F124/><W40/><G113/><T71/><D71/><U65/><E82/><V127/><F127/><W33/><G125/><T41/><D41/><U61/><E105/><V99/><REACH who="2" step="1"/><F120/><REACH who="2" ten="219,222,500,49" step="2"/><W42/><G123/><T25/><D83/><U67/><E122/><V126/><F126/><W74/><G33/><T129/><D8/><U28/><E61/><V21/><F21/><W68/><G68/><T31/><D129/><U102/><E65/><V39/><F39/><W97/><G50/><T101/><D11/><U32/><E67/><V121/><F121/><W4/><G48/><T100/><D22/><U30/><E32/><V24/><AGARI ba="3,1" hai="5,9,14,17,20,24,37,43,44,89,94,99,110,111" machi="24" ten="30,3000,0" yaku="1,1,0,1,53,0" doraHai="118" doraHaiUra="53" who="2" fromWho="2" sc="219,-13,222,-13,500,49,49,-13" /><INIT seed="6,4,0,0,4,128" ten="206,209,549,36" oya="2" hai0="61,14,41,10,74,42,101,18,105,98,6,79,107" hai1="43,108,54,35,59,71,132,99,103,106,47,12,13" hai2="97,65,117,69,24,83,134,135,66,56,8,21,51" hai3="92,119,63,126,67,131,52,3,30,90,17,116,49"/><V9/><F117/><W33/><G131/><T77/><D107/><U78/><E108/><V32/><F32/><W82/><G3/><T118/><D118/><U27/><E71/><V70/><F83/><W57/><G126/><T104/><D104/><U121/><E78/><V64/><F97/><W120/><G120/><T19/><D74/><U127/><E121/><V16/><F70/><W113/><G113/><T37/><D18/><U46/><E127/><V91/><F91/><W72/><G17/><T112/><D112/><U85/><E85/><V53/><F69/><W87/><G33/><T93/><D105/><U29/><E47/><V26/><F26/><W20/><G20/><T122/><D122/><U130/><E130/><V129/><F129/><W86/><G72/><T44/><D42/><U96/><E96/><V68/><F68/><W36/><G30/><T4/><D61/><U23/><E35/><V1/><F1/><W100/><G36/><T31/><D31/><U62/><E132/><AGARI ba="4,0" hai="8,9,16,21,24,51,53,56,64,65,66,132,134,135" machi="132" ten="40,12000,1" yaku="20,1,52,3,54,1" doraHai="128" who="2" fromWho="1" sc="206,0,209,-132,549,132,36,0" /><INIT seed="6,5,0,3,3,116" ten="206,77,681,36" oya="2" hai0="12,119,71,14,81,74,29,19,107,69,56,2,60" hai1="22,24,33,117,75,1,105,52,80,92,0,54,103" hai2="11,130,131,27,50,5,25,13,76,17,9,122,39" hai3="4,91,134,66,124,70,98,93,44,67,100,68,41"/><V86/><F39/><W16/><G124/><T28/><D2/><U72/><E33/><V135/><F50/><W84/><G134/><T26/><D107/><U88/><E117/><V15/><F76/><W85/><G4/><T7/><D7/><U102/><E0/><N who="2" m="167" /><F86/><W112/><G112/><T113/><D119/><U55/><E1/><V62/><F62/><W37/><G85/><T95/><D113/><U45/><E45/><V53/><F53/><W101/><G101/><T97/><D81/><U65/><E65/><V18/><F135/><W8/><G66/><T99/><D74/><U83/><E75/><V120/><F25/><W118/><G118/><T23/><D71/><U61/><E61/><V38/><F27/><W73/><G67/><N who="0" m="39303" /><D69/><U123/><E72/><V90/><F90/><W133/><G133/><T43/><D43/><U128/><E128/><N who="2" m="49195" /><F38/><W40/><G40/><T46/><D46/><U111/><E105/><V21/><AGARI ba="5,0" hai="11,13,15,17,18,21,120,122" m="49195,167" machi="21" ten="30,12000,1" yaku="19,1,34,2,52,2" doraHai="116" who="2" fromWho="2" sc="206,-45,77,-45,681,135,36,-45" owari="161,-4.0,32,-37.0,816,92.0,-9,-51.0" /></mjloggm>