<mjloggm ver="2.3"><GO type="169" lobby="0"/><UN n0="%E3%81%86%E3%81%95%E3%81%8E%E3%83%95%E3%82%A1%E3%83%B3%E3%82%B7%E3%83%BC" n1="%E8%B0%B7%E5%8F%A3%E3%81%93%E3%81%86%E3%81%B8%E3%81%84" n2="%E6%AD%A6%E5%89%87%E8%BC%9D%E6%B5%B7" n3="%64%61%7A%61%69" dan="16,17,16,16" rate="2093.16,2209.54,2095.59,2099.96" sx="F,M,M,M"/><TAIKYOKU oya="0"/><INIT seed="0,0,0,5,0,50" ten="250,250,250,250" oya="0" hai0="97,48,78,105,111,47,9,86,33,61,130,118,73" hai1="75,10,85,25,41,43,68,4,18,120,119,104,0" hai2="45,114,70,24,56,108,109,66,54,103,90,40,124" hai3="89,107,112,87,19,57,27,82,46,67,100,39,31"/><T94/><D118/><U76/><E119/><V117/><F103/><W79/><G112/><T122/><D122/><U65/><E120/><V60/><F117/><W101/><G19/><T55/><D33/><U30/><E104/><V99/><F24/><W131/><G131/><T121/><D121/><U113/><E113/><V26/><F26/><W11/><G11/><T84/><D130/><U3/><E3/><V23/><F23/><W59/><G107/><T28/><D111/><N who="2" m="42570" /><F114/><W96/><G46/><T17/><D105/><U91/><E76/><V2/><F2/><W63/><G39/><T132/><D132/><U92/><E75/><V95/><F124/><W106/><G59/><N who="0" m="35071" /><D73/><U37/><E37/><N who="2" m="21647" /><F70/><W123/><G123/><T102/><D28/><U21/><E68/><V134/><F66/><W29/><G101/><T98/><D98/><U80/><E65/><V58/><F58/><W15/><G15/><N who="0" m="7407" /><D78/><U129/><E129/><V34/><F34/><W74/><REACH who="3" step="1"/><G27/><REACH who="3" ten="250,250,250,240" step="2"/><T8/><D8/><U13/><E0/><V51/><F134/><W72/><G72/><T49/><D49/><AGARI ba="0,1" hai="49,51,54,56,60,90,95,99" m="21647,42570" machi="49" ten="30,2000,0" yaku="14,1,52,1" doraHai="50" who="2" fromWho="0" sc="250,-20,250,0,250,30,240,0" /><INIT seed="1,0,0,3,2,81" ten="230,250,280,240" oya="1" hai0="77,56,50,95,79,67,19,21,38,114,4,135,92" hai1="27,54,22,98,88,31,33,3,14,59,52,87,124" hai2="80,129,71,130,39,104,109,128,111,106,85,126,15" hai3="55,83,99,117,35,6,61,24,93,13,43,70,90"/><U17/><E124/><V127/><F39/><W0/><G117/><T11/><D114/><U84/><E3/><V5/><F71/><W82/><G0/><T105/><D105/><N who="2" m="40554" /><F5/><W63/><G43/><T86/><D38/><U101/><E54/><V120/><F15/><W16/><G70/><T75/><D75/><U45/><E45/><V26/><F26/><W131/><G131/><T36/><D36/><U66/><E66/><V10/><F10/><N who="3" m="4311" /><G35/><T100/><D135/><U40/><E40/><V91/><F120/><W47/><G63/><T44/><D100/><U62/><E88/><V42/><F42/><W51/><G61/><N who="0" m="38311" /><D11/><U58/><E58/><V103/><F103/><W72/><G72/><T34/><D34/><U132/><E132/><V118/><F118/><W23/><AGARI ba="0,0" hai="16,23,24,47,51,55,82,83,90,93,99" m="4311" machi="23" ten="30,2000,0" yaku="8,1,54,1" doraHai="81" who="3" fromWho="3" sc="230,-5,250,-10,280,-5,240,20" /><INIT seed="2,0,0,0,0,56" ten="225,240,275,260" oya="2" hai0="80,22,116,42,132,93,12,100,18,35,94,1,66" hai1="17,108,3,65,129,61,111,32,82,25,13,128,68" hai2="21,16,0,89,46,26,67,110,45,102,127,126,73" hai3="98,5,10,135,83,77,109,101,37,74,30,44,115"/><V38/><F0/><W40/><G109/><N who="1" m="42058" /><E3/><V76/><F110/><W15/><G135/><T7/><D132/><U47/><E82/><N who="2" m="45327" /><F38/><W8/><G115/><T99/><D116/><U70/><E47/><V51/><F102/><W105/><G30/><T43/><D35/><U41/><E41/><V122/><F122/><W27/><G27/><T71/><D80/><U131/><E32/><V50/><F89/><W113/><G113/><T53/><D53/><U2/><E2/><V114/><F114/><W130/><G130/><T87/><D7/><U133/><E133/><V33/><F33/><W24/><G24/><T55/><D1/><U14/><E68/><V84/><F84/><W97/><G97/><T59/><D71/><U81/><E81/><V23/><F67/><W49/><G10/><T63/><D66/><U19/><E25/><N who="2" m="14503" /><F45/><W117/><G117/><T119/><D119/><U29/><E29/><N who="2" m="17631" /><F46/><W20/><G20/><T112/><D112/><U75/><E75/><V72/><F72/><W69/><G69/><T118/><D118/><U92/><E92/><V104/><F104/><W90/><G90/><AGARI ba="0,0" hai="12,18,22,42,43,55,59,63,87,90,93,94,99,100" machi="90" ten="40,2600,0" yaku="8,1,52,1" doraHai="56" who="0" fromWho="3" sc="225,26,240,0,275,0,260,-26" /><INIT seed="3,0,0,2,2,129" ten="251,240,275,234" oya="3" hai0="88,20,18,78,68,127,96,133,52,53,89,2,95" hai1="19,70,71,94,91,121,22,54,108,44,83,104,4" hai2="77,124,128,100,16,3,122,45,116,85,6,110,14" hai3="118,135,38,112,59,86,7,56,64,23,9,119,46"/><W134/><G112/><T87/><D2/><U10/><E108/><V40/><F110/><W41/><G86/><T109/><D109/><U21/><E104/><V101/><F116/><W120/><G23/><T76/><D68/><U48/><E121/><V57/><F128/><W0/><G120/><T35/><D35/><U47/><E83/><V103/><F122/><W81/><G81/><N who="0" m="49263" /><D133/><N who="3" m="50697" /><G64/><T30/><D30/><U17/><E21/><V125/><F85/><W113/><G113/><T1/><D1/><U39/><E17/><V36/><F77/><N who="0" m="29802" /><D127/><U126/><E126/><V25/><F25/><AGARI ba="0,0" hai="18,20,25,52,53,89,95,96" m="29802,49263" machi="25" ten="30,3900,0" yaku="8,1,54,2" doraHai="129" who="0" fromWho="2" sc="251,39,240,0,275,-39,234,0" /><INIT seed="4,0,0,1,1,120" ten="290,240,236,234" oya="0" hai0="134,18,54,0,25,57,74,28,99,121,132,5,32" hai1="83,112,31,97,96,128,60,35,102,113,9,36,81" hai2="106,126,26,68,37,48,44,77,49,92,67,21,20" hai3="93,110,38,101,16,90,98,12,131,55,80,64,65"/><T45/><D121/><U135/><E36/><V111/><F106/><W108/><G131/><T62/><D74/><U27/><E128/><V82/><F126/><W69/><G38/><T71/><D71/><U3/><E135/><V115/><F115/><N who="1" m="44105" /><E97/><V76/><F37/><W43/><G43/><T10/><D99/><U130/><E130/><V129/><F129/><W53/><G80/><T4/><D4/><N who="1" m="1183" /><E60/><V46/><F92/><AGARI ba="0,0" hai="27,31,35,81,83,92,96,102" m="1183,44105" machi="92" ten="30,2000,0" yaku="15,1,11,1" doraHai="120" who="1" fromWho="2" sc="290,0,240,20,236,-20,234,0" /><INIT seed="5,0,0,5,4,80" ten="290,260,216,234" oya="1" hai0="107,22,95,5,62,36,14,28,21,45,89,42,2" hai1="13,127,52,103,133,120,26,19,35,102,130,128,90" hai2="58,74,30,39,110,55,108,48,47,84,11,98,105" hai3="81,12,116,1,29,56,25,61,79,38,37,97,41"/><U87/><E120/><V16/><F74/><W86/><G1/><T119/><D119/><U135/><E35/><V27/><F105/><W123/><G123/><T6/><D107/><U17/><E26/><V92/><F39/><W0/><G0/><T131/><D131/><N who="1" m="50219" /><E17/><V53/><F110/><W78/><G116/><T83/><D2/><U23/><E127/><V46/><F108/><W104/><G79/><T73/><D62/><U115/><E52/><N who="2" m="32007" /><F30/><W60/><G60/><T111/><D111/><U94/><E115/><V10/><F55/><W65/><G41/><T3/><D28/><U117/><E117/><V101/><F84/><W124/><G12/><T7/><D14/><U33/><E33/><V69/><F69/><W8/><G8/><N who="2" m="3113" /><F53/><W32/><G124/><T34/><D34/><U40/><E40/><V99/><F99/><W63/><G63/><T132/><D3/><U54/><E54/><V68/><F68/><W57/><G57/><T114/><D114/><U64/><E64/><V72/><F72/><W15/><G15/><T20/><D73/><U122/><E122/><V70/><F70/><W125/><G125/><T31/><D31/><U75/><E75/><V43/><F43/><W67/><G67/><T126/><D126/><U88/><E135/><V106/><F106/><W121/><G121/><T44/><D132/><U118/><E133/><V113/><F113/><W91/><G104/><T109/><D109/><U77/><E118/><V24/><F24/><W112/><G112/><T9/><D42/><U93/><E77/><V50/><F50/><W85/><G85/><AGARI ba="0,0" hai="13,19,23,85,87,88,90,93,94,102,103" m="50219" machi="85" ten="30,12000,1" yaku="6,1,19,1,52,2,54,1" doraHai="80" who="1" fromWho="3" sc="290,0,260,120,216,0,234,-120" /><INIT seed="5,1,0,5,3,19" ten="290,380,216,114" oya="1" hai0="10,134,58,72,2,66,132,124,128,35,110,69,123" hai1="24,54,22,14,108,111,0,125,13,92,126,40,76" hai2="113,21,67,56,7,73,8,88,43,104,63,116,96" hai3="16,17,57,53,71,106,117,39,44,48,118,97,130"/><U4/><E40/><V9/><F73/><W27/><G130/><T103/><RYUUKYOKU type="yao9" ba="1,0" sc="290,0,380,0,216,0,114,0" hai0="2,10,35,58,66,69,72,103,110,123,124,128,132,134" /><INIT seed="5,2,0,4,1,108" ten="290,380,216,114" oya="1" hai0="124,113,72,3,19,43,4,77,89,70,27,53,126" hai1="114,36,74,31,26,14,55,6,1,93,66,57,18" hai2="106,33,68,13,22,78,49,116,15,73,131,12,125" hai3="97,25,69,133,75,117,129,7,121,51,34,32,56"/><U48/><E74/><V103/><F68/><W21/><G121/><T30/><D70/><U16/><E36/><V107/><F33/><W122/><G122/><T0/><D53/><U92/><E114/><V64/><F64/><W8/><G69/><T102/><D102/><U98/><E92/><V115/><F115/><W65/><G129/><T10/><D113/><U109/><E109/><V17/><F131/><W81/><G133/><T84/><D3/><U5/><E66/><V87/><F116/><W132/><G132/><T61/><D61/><U37/><E37/><V59/><F73/><W35/><G117/><T24/><D43/><U2/><E2/><V123/><F125/><W82/><G97/><T41/><D41/><U52/><E55/><N who="2" m="32239" /><F123/><W130/><G130/><T46/><D46/><U47/><E47/><V104/><F103/><W112/><G112/><T58/><D58/><U91/><E1/><V127/><F127/><W101/><G101/><T79/><D72/><U118/><E118/><V94/><F78/><W20/><G20/><T80/><D126/><U60/><E48/><V29/><F29/><N who="3" m="17583" /><G75/><T83/><D124/><U39/><E39/><V44/><F44/><W9/><G9/><T120/><D10/><N who="1" m="4431" /><E6/><V76/><F76/><W85/><G85/><T50/><D4/><U128/><E128/><V38/><F38/><W134/><G134/><T62/><D120/><U95/><E95/><V11/><F11/><W71/><G71/><T45/><D45/><U110/><E110/><V119/><F119/><W105/><G105/><T40/><D40/><U67/><E67/><RYUUKYOKU ba="2,0" sc="290,-15,380,15,216,15,114,-15" hai1="16,18,26,31,52,57,60,91,93,98" hai2="12,13,15,17,22,87,94,104,106,107" /><INIT seed="5,3,0,0,0,91" ten="275,395,231,99" oya="1" hai0="45,131,75,29,110,115,57,49,61,74,62,46,93" hai1="33,117,125,12,100,60,107,106,90,51,134,58,66" hai2="25,120,9,40,11,111,133,102,113,21,7,13,43" hai3="41,50,37,99,103,31,35,88,2,48,132,130,54"/><U15/><E117/><V26/><F111/><W79/><G2/><T44/><D110/><U64/><E33/><V129/><F120/><W98/><G132/><T95/><D115/><U70/><E134/><V22/><F133/><W59/><G130/><T122/><D131/><U10/><E125/><V108/><F108/><W114/><G114/><T8/><D122/><U1/><E1/><V85/><F113/><W118/><G118/><T86/><D29/><U94/><E100/><V84/><F102/><W123/><G123/><T23/><D23/><U105/><E10/><V87/><F129/><W97/><G37/><T14/><D86/><U16/><E16/><V24/><F11/><W67/><G79/><T0/><D0/><U104/><N who="1" m="26624" /><DORA hai="4" /><U112/><E112/><V81/><F81/><W30/><G67/><T127/><D127/><U19/><E19/><V69/><F69/><W65/><G65/><T42/><D75/><U17/><E17/><V56/><F56/><W126/><G126/><T36/><D74/><U20/><E20/><AGARI ba="3,0" hai="7,9,13,20,21,22,24,25,26,40,43,84,85,87" machi="20" ten="40,2600,0" yaku="8,1,52,1" doraHai="91,4" who="2" fromWho="1" sc="275,0,395,-35,231,35,99,0" /><INIT seed="6,0,0,0,5,62" ten="275,360,266,99" oya="2" hai0="79,19,93,66,38,123,96,110,71,23,64,43,20" hai1="33,67,1,90,134,97,28,132,42,70,44,121,16" hai2="36,61,127,12,120,83,119,10,14,21,49,48,104" hai3="24,54,109,31,39,6,101,68,59,117,69,82,7"/><V84/><F36/><W85/><G109/><T65/><D110/><U41/><E1/><V73/><F104/><W94/><G117/><T72/><D123/><U50/><E121/><V124/><F73/><W25/><G39/><T56/><D71/><U47/><E28/><V52/><F119/><W107/><G107/><T40/><D72/><U81/><E33/><V125/><F120/><W98/><G69/><T27/><D79/><U86/><E97/><V8/><F21/><W99/><G68/><T46/><D43/><U51/><E16/><N who="2" m="8199" /><F61/><AGARI ba="0,0" hai="41,42,44,47,50,51,61,67,70,81,86,90,132,134" machi="61" ten="40,2600,0" yaku="9,1,52,1" doraHai="62" who="1" fromWho="2" sc="275,0,360,26,266,-26,99,0" /><INIT seed="7,0,0,5,0,54" ten="275,386,240,99" oya="3" hai0="44,89,97,34,16,51,88,12,47,86,28,105,107" hai1="52,131,122,18,6,126,71,109,99,77,56,79,108" hai2="101,4,45,15,62,63,117,55,102,72,10,128,26" hai3="41,116,87,123,19,90,38,42,120,84,114,5,69"/><W113/><G69/><T133/><D133/><U100/><E122/><N who="3" m="46634" /><G38/><T93/><D34/><U132/><E71/><V7/><F72/><W40/><G5/><T104/><D28/><U9/><E132/><V53/><F117/><W50/><G50/><T0/><D0/><U13/><E79/><V17/><F128/><W75/><G116/><T135/><D135/><U48/><E131/><V119/><F119/><W66/><G66/><T23/><REACH who="0" step="1"/><D51/><REACH who="0" ten="265,386,240,99" step="2"/><U80/><E108/><V14/><F26/><W57/><G75/><T68/><D68/><U43/><E109/><V24/><F24/><W11/><G57/><T67/><D67/><U96/><E48/><V64/><F64/><W115/><G90/><T8/><D8/><U29/><E56/><V21/><F45/><W65/><G65/><T124/><D124/><U95/><E126/><V31/><F31/><W78/><G78/><T59/><D59/><U85/><E29/><V36/><F36/><W32/><G32/><T127/><D127/><U60/><E9/><V70/><F70/><W20/><G11/><T94/><AGARI ba="0,1" hai="12,16,23,44,47,86,88,89,93,94,97,104,105,107" machi="94" ten="40,8000,1" yaku="1,1,0,1,54,2,53,0" doraHai="54" doraHaiUra="106" who="0" fromWho="0" sc="265,90,386,-20,240,-20,99,-40" owari="355,16.0,366,46.0,220,-18.0,59,-44.0" /></mjloggm>