<mjloggm ver="2.3"><GO type="169" lobby="0"/><UN n0="%72%61%6E%75%2D" n1="%E7%B4%A0%E6%8C%AF%E3%82%8A%E7%8C%AB" n2="%E7%88%86%E5%BC%BE%E4%BA%94%E9%83%8E%EF%BC%92" n3="%6B%5F%6D%5F%62" dan="16,17,16,16" rate="2131.80,2144.37,2093.16,2161.22" sx="M,M,M,M"/><TAIKYOKU oya="0"/><INIT seed="0,0,0,1,3,29" ten="250,250,250,250" oya="0" hai0="126,103,18,13,117,77,46,132,36,98,48,104,50" hai1="52,130,90,94,70,110,3,75,97,43,71,135,80" hai2="133,69,34,14,127,89,26,55,11,15,53,4,83" hai3="30,9,39,63,32,44,95,16,51,96,60,119,88"/><T68/><D117/><U58/><E3/><V7/><F69/><W73/><G119/><T99/><D126/><U124/><E110/><V107/><F107/><W28/><G73/><T131/><D131/><U21/><E135/><V35/><F26/><W114/><G114/><T66/><D132/><U106/><E43/><V128/><F133/><W64/><G39/><T102/><D77/><U105/><E124/><V17/><F127/><W49/><G49/><T81/><D81/><U25/><E130/><V8/><F17/><W82/><G82/><T125/><D125/><U67/><E106/><V76/><F89/><W72/><G72/><T108/><D108/><U41/><E41/><V2/><F2/><W61/><G32/><T122/><D122/><U40/><E40/><V27/><F27/><W74/><G74/><T92/><D36/><U101/><E67/><V37/><F37/><W62/><G64/><T84/><D84/><U113/><E113/><V56/><F128/><W118/><N who="3" m="15360" /><DORA hai="65" /><W129/><G118/><T5/><D66/><U134/><E134/><V31/><F31/><W123/><G123/><T23/><D68/><U91/><E80/><V24/><F24/><W22/><G9/><T57/><D57/><U109/><E75/><V19/><F19/><W10/><G10/><T47/><REACH who="0" step="1"/><D5/><REACH who="0" ten="240,250,250,250" step="2"/><U33/><E71/><V100/><F83/><W86/><G129/><T87/><D87/><U59/><E70/><V0/><F56/><W85/><G85/><T38/><D38/><U112/><E59/><V54/><F76/><W111/><G86/><T42/><D42/><RYUUKYOKU ba="0,1" sc="240,30,250,-10,250,-10,250,-10" hai0="13,18,23,46,47,48,50,92,98,99,102,103,104" /><INIT seed="0,1,1,3,2,17" ten="270,240,240,240" oya="0" hai0="12,134,103,97,119,16,92,1,111,133,40,98,120" hai1="109,102,64,106,68,10,26,29,45,57,66,73,49" hai2="104,80,0,107,54,18,112,99,77,52,15,122,100" hai3="105,3,125,41,35,5,91,84,114,117,131,74,62"/><T67/><D120/><U86/><E73/><V24/><F0/><W129/><G114/><T124/><D119/><U23/><E109/><V95/><F112/><W72/><G125/><T78/><D124/><U14/><E68/><V87/><F122/><W21/><G117/><T63/><D1/><U79/><E57/><V65/><F65/><W130/><G35/><T70/><D111/><U113/><E113/><V118/><F118/><W71/><G105/><T9/><D78/><U127/><E127/><V110/><F110/><W121/><G121/><T7/><D40/><U88/><E79/><V56/><F24/><W36/><G36/><T135/><REACH who="0" step="1"/><D98/><REACH who="0" ten="260,240,240,240" step="2"/><U128/><E128/><V126/><F126/><W32/><G41/><T11/><D11/><U19/><E106/><V90/><F104/><W47/><G3/><T60/><D60/><U83/><E102/><V89/><F107/><W69/><G62/><T25/><D25/><U30/><E29/><V55/><F56/><W6/><G129/><T34/><D34/><U58/><E58/><V2/><F2/><W115/><G32/><T61/><D61/><U31/><REACH who="1" step="1"/><E30/><REACH who="1" ten="260,230,240,240" step="2"/><V28/><REACH who="2" step="1"/><F28/><REACH who="2" ten="260,230,230,240" step="2"/><W132/><G115/><T93/><D93/><U59/><E59/><V81/><F81/><W123/><G130/><T96/><D96/><U75/><E75/><V37/><F37/><W44/><G131/><T108/><D108/><U33/><E33/><V39/><F39/><W22/><G74/><T116/><D116/><U38/><E38/><V13/><F13/><W46/><G72/><T50/><D50/><U4/><E4/><AGARI ba="1,4" hai="4,7,9,12,16,63,67,70,92,97,103,133,134,135" machi="4" ten="40,12000,1" yaku="1,1,6,1,20,1,54,1,53,1" doraHai="17" doraHaiUra="8" who="0" fromWho="1" sc="260,163,230,-123,230,0,240,0" /><INIT seed="0,2,0,2,1,93" ten="423,107,230,240" oya="0" hai0="129,119,25,5,28,130,128,82,125,11,89,120,29" hai1="12,64,86,107,94,109,102,8,132,22,49,19,127" hai2="42,97,3,31,61,52,60,75,73,41,10,87,131" hai3="30,100,48,27,0,18,23,16,17,84,95,118,81"/><T39/><D39/><U126/><E109/><V9/><F31/><W67/><G118/><T96/><D119/><U77/><E132/><V6/><F87/><W80/><G0/><T53/><D120/><U133/><E107/><V1/><F131/><W14/><G67/><T37/><D37/><U112/><E133/><V104/><F104/><W33/><G48/><T56/><D125/><U113/><E64/><V24/><F24/><W78/><REACH who="3" step="1"/><G81/><REACH who="3" ten="423,107,230,230" step="2"/><T36/><D36/><U15/><E49/><V40/><F1/><W21/><G21/><T70/><D82/><U103/><E22/><V50/><F10/><W114/><G114/><T121/><D121/><U135/><E135/><V69/><F69/><W91/><G91/><T115/><D70/><U44/><E113/><V35/><F35/><W101/><G101/><T72/><D115/><U58/><E112/><V108/><F108/><W99/><AGARI ba="2,1" hai="14,16,17,18,23,27,30,33,78,80,84,95,99,100" machi="99" ten="30,7900,0" yaku="1,1,0,1,52,1,54,1,53,0" doraHai="93" doraHaiUra="34" who="3" fromWho="3" sc="423,-41,107,-22,230,-22,230,95" /><INIT seed="1,0,0,4,5,26" ten="382,85,208,325" oya="1" hai0="30,38,68,11,110,86,114,92,116,48,74,14,73" hai1="69,104,45,77,7,78,60,119,100,90,93,29,85" hai2="118,37,130,49,65,36,13,46,80,97,96,101,71" hai3="82,99,121,107,24,87,33,108,67,120,123,6,56"/><U22/><E119/><V132/><F118/><W15/><G108/><T126/><D116/><U76/><E69/><V28/><F130/><W10/><G67/><T41/><D114/><U84/><E104/><V102/><F13/><W79/><G56/><T129/><D68/><U89/><E100/><V133/><F80/><W105/><REACH who="3" step="1"/><G99/><REACH who="3" ten="382,85,208,315" step="2"/><T131/><D110/><U63/><E7/><V88/><F65/><W17/><G17/><T19/><D19/><U91/><E45/><V124/><F96/><W125/><G125/><T66/><D66/><U8/><E8/><V53/><F124/><W113/><G113/><T103/><D126/><U47/><E47/><V12/><F97/><W72/><G72/><T35/><D74/><U0/><E0/><V2/><F2/><W62/><G62/><N who="1" m="23594" /><E93/><V112/><F112/><W127/><G127/><T3/><D92/><U54/><E54/><V128/><F53/><W61/><G61/><T25/><D3/><U44/><E44/><V18/><F46/><W109/><G109/><T83/><D129/><U135/><E135/><V21/><F128/><W34/><G34/><T50/><D35/><U20/><E20/><V58/><F133/><W23/><G23/><T94/><D11/><U4/><E4/><V5/><F132/><W42/><G42/><T32/><D94/><U115/><E115/><V95/><F5/><W111/><G111/><T9/><D32/><U70/><E70/><V134/><F134/><W27/><G27/><AGARI ba="0,1" hai="22,27,29,76,77,78,84,85,89,90,91" m="23594" machi="27" ten="40,3900,0" yaku="8,1,52,1" doraHai="26" who="1" fromWho="3" sc="382,0,85,49,208,0,315,-39" /><INIT seed="1,1,0,4,0,20" ten="382,134,208,276" oya="1" hai0="103,81,118,15,2,67,123,19,4,13,0,70,64" hai1="109,49,8,90,37,120,53,30,1,26,116,47,135" hai2="29,95,16,124,72,101,17,130,23,119,38,21,117" hai3="125,128,131,71,79,97,107,3,35,56,34,102,94"/><U89/><E120/><V85/><F72/><W73/><G125/><T115/><D118/><U18/><E116/><V132/><F38/><W75/><G3/><T91/><D103/><U133/><E37/><V61/><F124/><W113/><G113/><T51/><D51/><U39/><E39/><V127/><F127/><W66/><G56/><T36/><D36/><U121/><E121/><V48/><F61/><N who="3" m="40399" /><G94/><T59/><D59/><U96/><E96/><V84/><F29/><W58/><G58/><T54/><D54/><U41/><E41/><V98/><F132/><N who="1" m="50761" /><E109/><V63/><F63/><W105/><G105/><T52/><D70/><U6/><E18/><V24/><F48/><W43/><G43/><T93/><D19/><U14/><E1/><V31/><F31/><W55/><G55/><T44/><D2/><U122/><E122/><V92/><F130/><N who="3" m="49707" /><G79/><T112/><D0/><U57/><E57/><V88/><F85/><W77/><G77/><T25/><D123/><U60/><E60/><V129/><REACH who="2" step="1"/><F129/><REACH who="2" ten="382,134,198,276" step="2"/><W134/><G134/><T45/><D112/><U76/><E76/><V68/><F68/><W114/><G114/><T86/><D86/><U126/><E126/><V5/><F5/><W9/><G73/><T46/><D4/><U33/><AGARI ba="1,1" hai="6,8,14,26,30,33,47,49,53,89,90" m="50761" machi="33" ten="30,3000,0" yaku="20,1,52,1" doraHai="20" who="1" fromWho="1" sc="382,-11,134,43,198,-11,276,-11" /><INIT seed="1,2,0,4,5,51" ten="371,177,187,265" oya="1" hai0="70,76,124,45,132,131,47,135,26,71,75,105,46" hai1="50,111,32,93,13,8,128,86,117,101,79,119,85" hai2="112,16,22,82,81,31,73,59,113,126,130,30,7" hai3="62,14,34,121,98,118,66,122,80,15,127,100,107"/><U104/><E32/><V33/><F7/><W96/><G118/><T25/><D105/><U94/><E128/><V67/><F130/><W5/><G127/><T134/><D131/><U77/><E50/><V95/><F126/><W74/><G96/><T63/><D124/><U18/><E13/><V114/><F95/><N who="1" m="36361" /><E18/><V88/><F81/><W78/><G15/><T0/><D0/><U69/><E69/><N who="0" m="26121" /><D63/><U35/><E8/><V40/><F40/><W17/><G5/><T27/><D76/><N who="1" m="29259" /><E35/><V64/><F73/><AGARI ba="2,0" hai="25,26,27,45,46,47,73,75,132,134,135" m="26121" machi="73" ten="50,8000,1" yaku="29,2,28,2,20,1" doraHai="51" who="0" fromWho="2" sc="371,86,177,0,187,-86,265,0" /><INIT seed="2,0,0,4,5,21" ten="457,177,101,265" oya="2" hai0="62,74,49,40,16,111,22,65,84,96,79,116,61" hai1="106,76,87,95,69,82,97,0,19,121,8,31,32" hai2="108,109,126,5,67,101,86,114,66,124,125,30,10" hai3="94,98,78,39,24,134,44,133,128,113,80,117,33"/><V35/><F101/><W13/><G117/><T90/><D116/><U56/><E69/><V34/><F86/><N who="3" m="48407" /><G128/><T47/><D111/><N who="2" m="42570" /><F114/><W27/><G113/><T43/><D96/><U60/><E106/><V92/><F92/><W29/><G29/><T89/><D74/><U4/><E95/><V132/><F132/><N who="3" m="50795" /><G33/><N who="2" m="12297" /><F30/><W105/><G13/><AGARI ba="0,0" hai="5,10,13,66,67,124,125,126" m="12297,42570" machi="13" ten="40,7700,0" yaku="18,1,14,1,10,1" doraHai="21" who="2" fromWho="3" sc="457,0,177,0,101,77,265,-77" /><INIT seed="2,1,0,4,4,90" ten="457,177,178,188" oya="2" hai0="114,95,67,117,36,88,125,68,54,93,135,74,89" hai1="133,110,44,78,40,81,62,45,24,4,108,50,20" hai2="16,13,101,130,32,28,106,34,107,123,92,37,115" hai3="116,25,84,30,120,76,39,79,43,12,14,77,97"/><V65/><F37/><W87/><G116/><T83/><D114/><U71/><E133/><V61/><F115/><W56/><G120/><T112/><D112/><U55/><E4/><V38/><F38/><W57/><G43/><T105/><D105/><U47/><E71/><V11/><F123/><W9/><G39/><T51/><D36/><U8/><E8/><V118/><F118/><W129/><G129/><T0/><D0/><U75/><E62/><V3/><F3/><W73/><G73/><T46/><D117/><U122/><E122/><V63/><F63/><W103/><G25/><T7/><D7/><U2/><E2/><V52/><F130/><W17/><G30/><T86/><D125/><U58/><REACH who="1" step="1"/><E40/><REACH who="1" ten="457,167,178,188" step="2"/><V94/><F52/><W10/><G10/><T60/><D135/><U113/><E113/><V82/><F61/><W111/><G111/><T23/><D68/><U5/><E5/><V53/><F53/><W91/><G9/><T22/><D67/><U124/><E124/><V35/><F65/><W100/><G57/><T121/><D60/><U48/><E48/><V96/><F28/><AGARI ba="1,1" hai="20,24,28,44,45,47,50,55,58,75,78,81,108,110" machi="28" ten="40,1300,0" yaku="1,1,53,0" doraHai="90" doraHaiUra="99" who="1" fromWho="2" sc="457,0,167,26,178,-16,188,0" /><INIT seed="3,0,0,4,2,56" ten="457,193,162,188" oya="3" hai0="101,81,84,75,130,113,64,58,89,36,96,14,118" hai1="82,20,105,60,54,31,18,86,39,53,16,123,48" hai2="126,72,55,65,79,128,107,25,119,43,87,95,67" hai3="85,28,132,51,45,76,41,73,108,3,9,103,121"/><W98/><G121/><T80/><D36/><U66/><E105/><V49/><F119/><W111/><G132/><T0/><D0/><U34/><E39/><V90/><F107/><W70/><G70/><T115/><D118/><U59/><E34/><V1/><F1/><W94/><G28/><T114/><D130/><U32/><E32/><V50/><F126/><W133/><G133/><T99/><D14/><U112/><E112/><V35/><F128/><W40/><G73/><T68/><D68/><U13/><E123/><V77/><F43/><N who="3" m="25023" /><G76/><N who="0" m="44063" /><D64/><U4/><E4/><V46/><F50/><W91/><G9/><T83/><D58/><U27/><E48/><V44/><F44/><W5/><G5/><T134/><D134/><U129/><E129/><V21/><F35/><W19/><G19/><N who="1" m="7210" /><E13/><V12/><F12/><W109/><G3/><T74/><D101/><U78/><AGARI ba="0,0" hai="20,27,31,53,54,59,60,66,78,82,86" m="7210" machi="78" ten="30,4000,0" yaku="8,1,52,1,54,1" doraHai="56" who="1" fromWho="1" sc="457,-10,193,40,162,-10,188,-20" /><INIT seed="4,0,0,3,0,56" ten="447,233,152,168" oya="0" hai0="111,41,118,32,25,93,17,13,39,16,3,2,35" hai1="99,109,113,100,49,37,120,59,9,91,31,55,4" hai2="50,131,34,82,117,105,54,19,104,46,74,57,121" hai3="23,127,76,95,60,87,88,36,89,92,63,7,112"/><T129/><D41/><U77/><E109/><V125/><F121/><W69/><G112/><T80/><D39/><U62/><E37/><V10/><F34/><W40/><G127/><T0/><D93/><U58/><E77/><V45/><F125/><W119/><G119/><T103/><D103/><U5/><E120/><V61/><F117/><W64/><G7/><T130/><D80/><U44/><E31/><V68/><F131/><N who="0" m="50186" /><D111/><U11/><E113/><V81/><F46/><W132/><G132/><T78/><D78/><U134/><E59/><V85/><F68/><W124/><G124/><T20/><D118/><U8/><E134/><V43/><F74/><W90/><G23/><AGARI ba="0,0" hai="0,2,3,13,16,17,20,23,25,32,35" m="50186" machi="23" ten="40,12000,1" yaku="19,1,34,2,54,1" doraHai="56" who="0" fromWho="3" sc="447,120,233,0,152,0,168,-120" /><INIT seed="4,1,0,1,5,58" ten="567,233,152,48" oya="0" hai0="72,91,86,97,41,104,64,5,78,49,19,84,45" hai1="35,132,16,53,48,117,127,114,98,105,99,44,12" hai2="124,74,121,92,88,55,15,73,116,46,23,8,77" hai3="9,133,87,27,52,69,119,43,37,24,68,93,83"/><T21/><D5/><U90/><E117/><V61/><F121/><W31/><G119/><T80/><D64/><U47/><E127/><V123/><F123/><W109/><G109/><T130/><D130/><U89/><E132/><V14/><F124/><W32/><G133/><T11/><D11/><U39/><E35/><V36/><F116/><W29/><G93/><T33/><D33/><U129/><E114/><V102/><F102/><W76/><G9/><T120/><D120/><U62/><E39/><V63/><F77/><W79/><G79/><T113/><D113/><U30/><E30/><V107/><F107/><W122/><G122/><T82/><D104/><U13/><E129/><V110/><F110/><W94/><G94/><T17/><D97/><U125/><E125/><V95/><F36/><W126/><G126/><T34/><D34/><U75/><E75/><V70/><F70/><W2/><G2/><T3/><D3/><U131/><E131/><V96/><F95/><W10/><G10/><T51/><D72/><U115/><E99/><V56/><F46/><W111/><G111/><T38/><D19/><U101/><E16/><N who="2" m="10655" /><F73/><W65/><G65/><T54/><D54/><N who="1" m="29959" /><E115/><V112/><F74/><W0/><G0/><T85/><D85/><U60/><E98/><V134/><F134/><W66/><G66/><T4/><D4/><U25/><E101/><V118/><F118/><W108/><G108/><T71/><D71/><U7/><E7/><N who="2" m="3359" /><F112/><W128/><G128/><T42/><D42/><U40/><E105/><V135/><F135/><W28/><G28/><T57/><D57/><RYUUKYOKU ba="1,0" sc="567,15,233,-15,152,15,48,-15" hai0="17,21,38,41,45,49,51,78,80,82,84,86,91" hai2="55,56,61,63,88,92,96" /><INIT seed="4,2,0,4,4,58" ten="582,218,167,33" oya="0" hai0="112,18,47,135,127,50,128,2,29,101,34,82,99" hai1="64,78,26,63,68,21,6,73,61,72,103,45,115" hai2="118,132,43,5,98,109,28,88,83,119,23,15,1" hai3="134,48,12,110,39,66,31,67,79,7,46,24,116"/><T114/><D2/><U62/><E103/><V117/><F109/><W65/><G110/><T33/><D127/><U121/><E121/><V27/><F43/><W123/><G116/><T10/><D82/><U105/><E105/><V59/><F1/><W107/><G134/><T14/><D128/><U32/><E32/><V92/><F132/><W9/><G123/><T35/><D29/><U42/><E68/><V86/><F59/><W91/><G107/><T36/><D36/><U54/><E64/><V56/><F56/><W90/><G39/><T104/><REACH who="0" step="1"/><D135/><REACH who="0" ten="572,218,167,33" step="2"/><U122/><E122/><V44/><F118/><W80/><G24/><T124/><D124/><U19/><E26/><V89/><F117/><W76/><G31/><T95/><D95/><U77/><E72/><V85/><F119/><W75/><G79/><T129/><D129/><U25/><E73/><V38/><F28/><W30/><G30/><T49/><D49/><U84/><E77/><V3/><F3/><W133/><G133/><T102/><D102/><U81/><E25/><V94/><F27/><W57/><REACH who="3" step="1"/><G57/><REACH who="3" ten="572,218,167,23" step="2"/><T130/><D130/><U40/><E78/><N who="2" m="46327" /><F38/><W0/><G0/><T37/><D37/><U108/><E108/><V93/><F89/><W17/><G17/><T60/><D60/><U106/><E62/><V125/><F125/><W52/><AGARI ba="2,2" hai="7,9,12,46,48,52,65,66,67,75,76,80,90,91" machi="52" ten="30,7900,0" yaku="1,1,0,1,54,1,53,1" doraHai="58" doraHaiUra="4" who="3" fromWho="3" sc="572,-41,218,-22,167,-22,23,105" /><INIT seed="5,0,0,3,0,76" ten="531,196,145,128" oya="1" hai0="36,85,116,74,3,79,44,84,40,18,92,106,105" hai1="118,33,71,25,129,126,135,113,17,45,6,93,21" hai2="87,72,34,46,7,0,94,9,53,31,22,124,115" hai3="35,15,91,77,97,131,4,69,103,37,23,112,70"/><U2/><E71/><V132/><F124/><W122/><G112/><T78/><D116/><U109/><E118/><V49/><F115/><W32/><G122/><T61/><D3/><U108/><E113/><V120/><F120/><W127/><G131/><T66/><D74/><U80/><E126/><V14/><F72/><W90/><G37/><T27/><D79/><U58/><E129/><V75/><F75/><W102/><G35/><T29/><D18/><U41/><E93/><V96/><F132/><W54/><G32/><T130/><D84/><U134/><E58/><V16/><F87/><W86/><G70/><T83/><D92/><U48/><E33/><V28/><REACH who="2" step="1"/><F34/><REACH who="2" ten="531,196,135,128" step="2"/><W59/><G86/><T60/><D130/><U89/><E135/><V62/><F62/><W104/><G127/><T57/><D61/><U38/><E134/><V19/><F19/><W100/><G97/><T88/><D78/><U128/><E128/><V5/><F5/><W12/><G77/><T10/><D60/><U39/><E6/><V64/><F64/><W65/><G4/><T52/><D66/><U20/><E17/><V107/><F107/><W1/><G104/><T63/><D10/><U51/><E21/><AGARI ba="0,1" hai="21,27,29,36,40,44,52,57,63,83,85,88,105,106" machi="21" ten="30,7700,0" yaku="7,1,52,1,54,2" doraHai="76" who="0" fromWho="1" sc="531,87,196,-77,135,0,128,0" /><INIT seed="6,0,0,1,2,87" ten="618,119,135,128" oya="2" hai0="77,132,127,57,109,133,107,11,100,75,35,106,96" hai1="2,22,79,129,101,31,25,120,76,131,45,51,134" hai2="52,118,34,14,105,33,114,73,3,50,94,69,85" hai3="56,36,23,40,70,78,24,12,64,67,37,5,128"/><V121/><F69/><W110/><G110/><T97/><D109/><U58/><E2/><V86/><F73/><W119/><G119/><T92/><D127/><U7/><E134/><N who="0" m="51817" /><D35/><U63/><E120/><V47/><F105/><W53/><G128/><N who="1" m="49226" /><E101/><V124/><F85/><W126/><G78/><N who="1" m="29738" /><E7/><V90/><F3/><W0/><G0/><T82/><D11/><U27/><E27/><V83/><F121/><W93/><G126/><T103/><D57/><U21/><E51/><V80/><F118/><W116/><G116/><T49/><D49/><U39/><E45/><V46/><F124/><W43/><G70/><T15/><D15/><U20/><E39/><V13/><F114/><W88/><G37/><T108/><D108/><U95/><E95/><AGARI ba="0,0" hai="75,77,82,92,95,96,97,100,103,106,107" m="51817" machi="95" ten="30,3900,0" yaku="20,1,34,2" doraHai="87" who="0" fromWho="1" sc="618,39,119,-39,135,0,128,0" /><INIT seed="7,0,0,3,3,130" ten="657,80,135,128" oya="3" hai0="84,48,115,122,90,9,2,133,0,75,62,33,6" hai1="131,61,52,41,49,23,54,20,26,92,67,107,69" hai2="1,43,19,73,76,85,101,3,32,31,15,86,57" hai3="94,71,65,64,40,68,47,105,80,89,111,29,5"/><W46/><G111/><T42/><D75/><U4/><E107/><V97/><F43/><W108/><G108/><T93/><D122/><U36/><E131/><V95/><F73/><W74/><G105/><T106/><D106/><U63/><E4/><V100/><F100/><W7/><G29/><T17/><D33/><U8/><E8/><V117/><F85/><W110/><G110/><T124/><D62/><U91/><E23/><V82/><F117/><W25/><G25/><T98/><D17/><U87/><E63/><V34/><F34/><W113/><G113/><T11/><D124/><U14/><E36/><V114/><F114/><W70/><G7/><T53/><D42/><U72/><E72/><V22/><F31/><W37/><G5/><T78/><D9/><U103/><E103/><V16/><F32/><W135/><G47/><T99/><D115/><U27/><E41/><V59/><F19/><W112/><G112/><T96/><D2/><U24/><REACH who="1" step="1"/><E49/><REACH who="1" ten="657,70,135,128" step="2"/><V39/><F39/><W51/><G37/><T50/><D50/><U66/><E66/><V45/><F22/><W119/><G65/><T81/><D133/><U30/><E30/><V28/><F101/><W10/><G135/><T104/><D104/><U21/><E21/><V44/><F28/><W128/><G64/><T116/><D116/><U77/><E77/><V123/><F76/><W60/><G119/><T55/><D48/><U118/><E118/><V109/><F109/><W58/><G128/><T121/><D121/><U12/><E12/><V129/><F129/><W134/><G134/><T56/><D78/><RYUUKYOKU ba="0,1" sc="657,-10,70,30,135,-10,128,-10" hai1="14,20,24,26,27,52,54,61,67,69,87,91,92" owari="657,75.0,100,-40.0,125,-7.0,118,-28.0" /></mjloggm>