<mjloggm ver="2.3"><GO type="169" lobby="0"/><UN n0="%E9%9B%80%E5%B8%AB%E3%82%88%E3%83%BC" n1="%64%75%72%72%72%72%72" n2="%77%61%77%61%33%30%33%30" n3="%E3%81%A1%E3%82%87%E3%82%8A%E3%81%8A" dan="16,18,17,18" rate="2087.43,2282.44,2190.54,2207.79" sx="M,M,M,M"/><TAIKYOKU oya="0"/><INIT seed="0,0,0,3,2,79" ten="250,250,250,250" oya="0" hai0="73,68,129,30,133,16,41,135,95,32,110,70,120" hai1="10,46,91,111,60,1,54,61,56,87,83,81,57" hai2="101,42,51,103,23,94,64,13,8,4,117,125,126" hai3="37,119,65,0,58,124,40,3,121,17,45,22,98"/><T49/><D120/><U59/><E111/><V31/><F64/><W67/><G119/><T107/><D107/><U19/><E1/><V21/><F117/><W77/><G124/><N who="2" m="47721" /><F94/><W78/><G98/><T5/><D5/><U71/><E71/><V99/><F31/><W104/><G104/><T113/><D113/><U53/><E46/><N who="2" m="26071" /><F99/><W55/><G3/><T72/><D110/><U74/><E59/><V38/><F38/><W115/><G0/><T100/><D129/><U25/><E74/><N who="0" m="28777" /><D30/><U33/><E33/><V11/><F8/><W93/><G115/><T28/><D28/><U24/><E83/><V47/><F47/><W89/><G67/><T114/><D32/><U7/><E7/><V134/><F134/><N who="0" m="51210" /><D114/><U96/><E96/><V97/><F97/><W39/><G65/><T88/><D100/><AGARI ba="0,0" hai="4,11,13,21,23,100,101,103" m="26071,47721" machi="100" ten="30,1000,0" yaku="18,1" doraHai="79" who="2" fromWho="0" sc="250,-10,250,0,250,10,250,0" /><INIT seed="1,0,0,1,4,71" ten="240,250,260,250" oya="1" hai0="9,111,94,101,97,100,131,26,79,23,114,78,16" hai1="116,17,28,36,74,39,53,75,82,59,73,61,45" hai2="108,22,110,93,55,21,98,128,24,129,57,65,44" hai3="96,124,125,30,118,50,60,70,31,81,25,133,102"/><U11/><E116/><V66/><F44/><W87/><G118/><T38/><D114/><U90/><E36/><V6/><F6/><W43/><G133/><T10/><D111/><N who="2" m="42538" /><F65/><W115/><G115/><T42/><D131/><N who="2" m="50250" /><F66/><N who="3" m="41287" /><G50/><T123/><D123/><U68/><E68/><V134/><F24/><W34/><G43/><T105/><D105/><U52/><E28/><V29/><F29/><W117/><G31/><T51/><D38/><U109/><E109/><V56/><F56/><W119/><G119/><T33/><D101/><U86/><E39/><V5/><F5/><W1/><G1/><T27/><D33/><U20/><E11/><N who="0" m="4105" /><D27/><U46/><REACH who="1" step="1"/><E53/><REACH who="1" ten="240,240,260,250" step="2"/><V92/><F134/><W49/><G117/><T88/><D100/><U72/><N who="1" m="18432" /><DORA hai="103" /><U130/><E130/><V80/><F22/><W35/><G35/><T8/><D8/><U12/><AGARI ba="0,1" hai="12,17,20,45,46,52,59,61,82,86,90" m="18432" machi="12" ten="60,18000,2" yaku="1,1,0,1,54,1,53,4" doraHai="71,103" doraHaiUra="106,63" who="1" fromWho="1" sc="240,-60,240,190,260,-60,250,-60" /><INIT seed="1,1,0,3,4,8" ten="180,430,200,190" oya="1" hai0="2,28,76,0,48,129,118,128,53,6,17,11,58" hai1="69,12,31,125,111,112,86,106,91,51,19,9,71" hai2="42,7,62,21,135,20,23,85,114,130,37,107,110" hai3="73,97,38,98,50,49,105,32,124,83,24,116,81"/><U82/><E106/><V33/><F33/><W133/><G38/><T47/><D118/><U27/><E112/><V65/><F107/><W44/><G116/><T113/><D113/><U36/><E36/><V30/><F30/><W74/><G133/><T54/><D28/><U29/><E125/><V95/><F114/><W57/><G32/><T46/><D76/><U10/><E111/><V64/><F110/><W90/><G24/><T96/><D0/><U43/><E10/><V109/><F109/><W56/><G44/><T3/><D3/><U92/><E31/><V35/><F35/><W119/><G105/><T126/><D126/><U22/><E43/><V16/><F7/><W39/><G39/><T75/><D75/><U40/><REACH who="1" step="1"/><E82/><REACH who="1" ten="180,420,200,190" step="2"/><V117/><F42/><W18/><G124/><T13/><D129/><U122/><E122/><V100/><F37/><W121/><G119/><T1/><D128/><U80/><E80/><V26/><F130/><W60/><G81/><T70/><D1/><U78/><E78/><V14/><F117/><W102/><G83/><T94/><D2/><U88/><E88/><V131/><F131/><W134/><G90/><T99/><D11/><U34/><E34/><V101/><F135/><W87/><G121/><T45/><D94/><U89/><E89/><V59/><F95/><W55/><G134/><T41/><D41/><U61/><E61/><V5/><F62/><W120/><G120/><T93/><D93/><U25/><E25/><V77/><F26/><W66/><G60/><T115/><D115/><U15/><E15/><V108/><F14/><RYUUKYOKU ba="1,1" sc="180,-10,420,30,200,-10,190,-10" hai1="9,12,19,22,27,29,40,51,69,71,86,91,92" /><INIT seed="1,2,1,1,2,36" ten="170,450,190,180" oya="1" hai0="6,74,132,117,78,11,60,125,24,2,40,89,105" hai1="69,98,64,3,86,26,73,14,76,116,17,96,101" hai2="79,118,56,115,94,85,8,91,10,38,5,25,70" hai3="104,62,88,41,61,63,1,124,134,19,44,32,27"/><U114/><E3/><V72/><F70/><W29/><G104/><T46/><D117/><U106/><E26/><V100/><F118/><W15/><G1/><T59/><D132/><U7/><E116/><V81/><F115/><W120/><G120/><T92/><D125/><U53/><E98/><V84/><F38/><W127/><G134/><T42/><D105/><U49/><E7/><V121/><F121/><W39/><REACH who="3" step="1"/><G88/><REACH who="3" ten="170,450,190,170" step="2"/><T77/><D24/><U66/><E106/><V103/><F25/><W99/><G99/><T21/><D21/><AGARI ba="2,2" hai="15,19,21,27,29,32,39,41,44,61,62,63,124,127" machi="21" ten="40,5200,0" yaku="1,1,52,1,53,1" doraHai="36" doraHaiUra="16" who="3" fromWho="0" sc="170,-58,450,0,190,0,170,78" /><INIT seed="2,0,0,3,2,26" ten="112,450,190,248" oya="2" hai0="7,62,18,33,5,34,46,24,64,92,37,35,11" hai1="112,27,78,125,109,124,2,106,65,104,54,52,84" hai2="107,14,15,76,91,66,121,30,6,129,111,115,97" hai3="73,38,132,56,69,133,95,41,98,13,47,81,31"/><V20/><F121/><W87/><G69/><T127/><D127/><U23/><E2/><V83/><F115/><W74/><G13/><T61/><D37/><U134/><E112/><V94/><F129/><W80/><G56/><T108/><D108/><U130/><E65/><V42/><F111/><W1/><G1/><T85/><D46/><U77/><E109/><V117/><F117/><W22/><G80/><T135/><D135/><N who="3" m="51785" /><G22/><T9/><D92/><U82/><E134/><V60/><F42/><W17/><G17/><T79/><D85/><U48/><E78/><V68/><F107/><N who="1" m="41001" /><E48/><V50/><F50/><W101/><G31/><N who="0" m="19687" /><D79/><AGARI ba="0,0" hai="38,41,47,73,74,79,81,87,95,98,101" m="51785" machi="79" ten="30,1000,0" yaku="20,1" doraHai="26" who="3" fromWho="0" sc="112,-10,450,0,190,0,248,10" /><INIT seed="3,0,0,4,3,43" ten="102,450,190,258" oya="3" hai0="105,47,16,21,71,22,108,65,6,51,98,116,117" hai1="81,24,86,0,99,133,23,39,18,120,45,38,106" hai2="29,97,40,35,33,31,49,90,63,26,84,60,54" hai3="44,64,110,127,46,73,109,19,2,135,115,27,66"/><W125/><G73/><T103/><D108/><N who="3" m="41577" /><G115/><T100/><D6/><U122/><E0/><V17/><F40/><W56/><G2/><T128/><D128/><U69/><E69/><V11/><F97/><W101/><G101/><T55/><D103/><U4/><E4/><V77/><F77/><W8/><G135/><T3/><D3/><U30/><E133/><V129/><F129/><W12/><G27/><T111/><D22/><U130/><E130/><V124/><F124/><N who="3" m="47691" /><G56/><T92/><D111/><U70/><E70/><V114/><F114/><W79/><G79/><T34/><D34/><U25/><E99/><V75/><F75/><W104/><G104/><T78/><D78/><U82/><E106/><V85/><F31/><W67/><AGARI ba="0,0" hai="8,12,19,44,46,64,66,67" m="47691,41577" machi="67" ten="40,12000,1" yaku="14,1,10,1,18,1,52,2" doraHai="43" who="3" fromWho="3" sc="102,-40,450,-40,190,-40,258,120" /><INIT seed="3,1,0,5,2,86" ten="62,410,150,378" oya="3" hai0="72,135,82,76,110,84,64,120,106,31,33,124,16" hai1="15,3,128,50,10,129,25,70,123,23,51,109,92" hai2="21,99,12,112,68,132,7,113,104,6,8,118,119" hai3="74,42,22,36,102,58,88,122,126,81,79,39,133"/><W54/><G122/><T117/><D120/><U87/><E70/><V37/><F68/><W71/><G71/><T103/><D117/><U47/><E123/><V52/><F37/><W5/><G102/><T20/><D110/><U96/><E3/><V29/><F104/><W0/><G22/><T18/><D135/><U38/><E38/><V11/><F99/><W75/><G75/><T67/><D124/><U24/><E87/><V53/><F132/><W57/><G133/><T19/><D33/><U61/><E61/><V2/><F53/><W1/><G1/><T115/><D115/><U134/><E134/><V107/><F52/><W78/><G78/><T127/><D127/><U28/><E25/><N who="2" m="16559" /><F107/><W130/><G39/><T63/><D63/><U32/><E32/><V131/><F131/><N who="1" m="50249" /><E47/><V30/><F30/><W121/><G121/><T40/><D40/><U44/><E44/><V55/><F55/><W73/><G73/><T34/><D34/><U9/><E109/><V26/><F26/><W45/><G126/><T114/><D114/><AGARI ba="1,0" hai="2,6,7,8,11,12,112,113,114,118,119" m="16559" machi="114" ten="30,2000,0" yaku="34,2" doraHai="86" who="2" fromWho="0" sc="62,-23,410,0,150,23,378,0" /><INIT seed="4,0,0,2,1,79" ten="39,410,173,378" oya="0" hai0="70,12,120,127,28,126,89,51,101,33,122,47,4" hai1="113,14,100,132,121,36,25,27,123,99,57,8,105" hai2="75,7,95,109,73,61,13,40,94,6,96,78,35" hai3="62,88,52,3,129,2,10,32,16,125,55,108,84"/><T102/><D70/><U71/><E36/><V104/><F35/><W130/><G108/><T117/><D33/><U115/><E71/><V90/><F109/><W74/><G74/><T1/><D1/><U5/><E57/><V15/><F104/><W63/><G32/><T22/><D117/><U37/><E37/><V34/><F34/><W66/><G125/><N who="0" m="47627" /><D28/><U69/><E69/><V81/><F75/><W17/><G66/><T107/><D107/><U80/><E80/><V24/><F24/><N who="1" m="9289" /><E132/><V85/><F40/><W68/><G68/><T134/><D134/><U106/><E106/><V97/><F61/><W114/><G114/><AGARI ba="0,0" hai="5,8,14,99,100,105,113,114,115,121,123" m="9289" machi="114" ten="30,2000,0" yaku="15,1,11,1" doraHai="79" who="1" fromWho="3" sc="39,0,410,20,173,0,378,-20" /><INIT seed="5,0,0,2,1,135" ten="39,430,173,358" oya="1" hai0="87,101,78,88,95,77,51,113,126,34,102,98,127" hai1="62,133,91,27,72,29,33,21,50,38,2,121,132" hai2="31,83,56,122,81,123,45,30,70,71,110,109,18" hai3="36,46,66,89,131,92,84,93,43,9,114,15,104"/><U53/><E38/><V54/><F45/><W59/><G114/><T58/><D34/><U25/><E72/><V23/><F56/><W99/><G104/><T12/><D12/><U85/><E62/><V16/><F23/><W120/><G120/><T63/><D51/><U100/><E100/><N who="0" m="38505" /><D113/><U39/><E39/><V117/><REACH who="2" step="1"/><F54/><REACH who="2" ten="39,430,163,358" step="2"/><W11/><G59/><T3/><D3/><U40/><E53/><V75/><F75/><W90/><G66/><T49/><D49/><U14/><E21/><V97/><F97/><W26/><G131/><T6/><D6/><U79/><E50/><V118/><AGARI ba="0,1" hai="16,18,30,31,70,71,81,83,109,110,117,118,122,123" machi="118" ten="25,8000,1" yaku="1,1,0,1,22,2,54,1,53,0" doraHai="135" doraHaiUra="42" who="2" fromWho="2" sc="39,-20,430,-40,163,90,358,-20" /><INIT seed="6,0,0,4,0,34" ten="19,390,253,338" oya="2" hai0="88,38,73,113,60,27,47,15,51,108,48,98,9" hai1="85,63,135,2,66,86,96,126,26,29,21,49,13" hai2="131,119,82,16,64,101,112,117,4,70,105,3,128" hai3="52,45,120,67,84,58,81,72,99,11,91,102,121"/><V103/><F70/><W115/><G67/><T23/><D108/><U109/><E2/><V37/><F64/><W124/><G124/><T62/><D113/><U74/><E109/><V17/><F37/><W39/><G115/><T92/><D73/><U94/><E74/><V32/><F32/><W65/><G65/><T0/><D38/><U7/><E126/><V54/><F112/><W118/><G118/><N who="2" m="45065" /><F82/><W28/><G28/><T125/><D125/><U132/><E49/><V104/><F54/><W56/><G56/><T53/><D48/><U122/><E122/><V97/><F4/><W36/><G72/><T116/><D0/><U55/><E55/><V10/><F10/><W18/><G36/><T114/><D116/><U75/><E75/><V89/><F89/><W8/><G8/><T5/><REACH who="0" step="1"/><D114/><REACH who="0" ten="9,390,253,338" step="2"/><U69/><E63/><V123/><F3/><W71/><G39/><T134/><D134/><U61/><E135/><V95/><F123/><W83/><G120/><T110/><D110/><U78/><E132/><V41/><F41/><W42/><G42/><T19/><AGARI ba="0,1" hai="5,9,15,19,23,27,47,51,53,60,62,88,92,98" machi="19" ten="20,8000,1" yaku="1,1,0,1,7,1,8,1,54,1,53,0" doraHai="34" doraHaiUra="79" who="0" fromWho="0" sc="9,90,390,-20,253,-40,338,-20" /><INIT seed="7,0,0,5,4,66" ten="99,370,213,318" oya="3" hai0="5,76,88,58,23,54,128,93,115,0,38,10,65" hai1="71,111,7,120,84,4,113,79,118,3,12,40,78" hai2="56,134,25,22,117,29,52,87,112,30,124,107,18" hai3="47,81,61,13,126,89,114,99,92,39,96,135,100"/><W133/><G114/><T63/><D128/><U94/><E111/><V132/><F112/><W44/><G126/><T86/><D115/><U33/><E71/><V1/><F117/><W125/><G125/><T60/><D38/><U101/><E33/><V110/><F107/><W68/><G39/><T74/><D74/><U35/><E3/><V106/><F106/><W50/><G13/><T49/><D76/><N who="1" m="29227" /><E35/><V98/><F1/><W43/><G47/><T48/><REACH who="0" step="1"/><D23/><REACH who="0" ten="89,370,213,318" step="2"/><U73/><E73/><V6/><F124/><W46/><G46/><T103/><D103/><U36/><E36/><V131/><F131/><W31/><G31/><T59/><AGARI ba="0,1" hai="0,5,10,48,49,54,58,59,60,63,65,86,88,93" machi="59" ten="20,5200,0" yaku="1,1,0,1,7,1,54,1,53,0" doraHai="66" doraHaiUra="121" who="0" fromWho="0" sc="89,62,370,-13,213,-13,318,-26" owari="151,-35.0,357,46.0,200,-20.0,292,9.0" /></mjloggm>