<mjloggm ver="2.3"><GO type="185" lobby="0"/><UN n0="%E3%81%B5%E3%81%BF%E3%81%9F%E3%82%93%EF%BC%8A" n1="%63%61%6C%63%2E" n2="%E3%81%BA%E3%82%93%E3%81%8E%E3%82%93%E3%81%95%E3%82%93" n3="" dan="16,19,16,0" rate="2128.07,2397.09,2112.23,1500.00" sx="M,M,F,C"/><TAIKYOKU oya="0"/><INIT seed="0,0,0,4,4,51" ten="350,350,350,0" oya="0" hai0="48,49,84,86,44,59,77,80,119,83,69,135,33" hai1="3,90,126,55,70,120,100,91,92,123,52,124,105" hai2="75,130,71,53,65,118,115,107,113,78,73,88,79" hai3=""/><T36/><D33/><U38/><N who="1" m="30752" /><U116/><N who="1" m="31520" /><U103/><E116/><V46/><F107/><T82/><D69/><U128/><E3/><V56/><F118/><T39/><D119/><U76/><E38/><V95/><F130/><T37/><D135/><U40/><E40/><V34/><F46/><T102/><D102/><U99/><E70/><V110/><F110/><T117/><D117/><U109/><E76/><V1/><F1/><T35/><D35/><U129/><E92/><V122/><N who="2" m="31264" /><V81/><F34/><T93/><D59/><U66/><E66/><V32/><F32/><T127/><D49/><U134/><E99/><V54/><F71/><T108/><D127/><U87/><E87/><V85/><F79/><T45/><D45/><U42/><E42/><V50/><F75/><T64/><D64/><U61/><E61/><V114/><F65/><T94/><D83/><U43/><E43/><V41/><F41/><T111/><D48/><U47/><E47/><V2/><F2/><T63/><D44/><U72/><E134/><V96/><F73/><T131/><D63/><U132/><E132/><V89/><F78/><T0/><D0/><U67/><E67/><V68/><F68/><T74/><D77/><RYUUKYOKU ba="0,0" sc="350,-10,350,-10,350,20,0,0" hai2="50,53,54,56,81,85,88,89,95,96,113,114,115" /><INIT seed="1,1,0,0,4,88" ten="340,340,370,0" oya="1" hai0="55,40,91,64,70,76,99,50,125,86,108,80,60" hai1="112,78,93,32,126,56,117,66,82,116,53,107,44" hai2="37,2,114,92,84,90,94,72,105,3,69,133,83" hai3=""/><U130/><E107/><V38/><F69/><T67/><D125/><U96/><E112/><V128/><F105/><T74/><D108/><U111/><E32/><V81/><F114/><T77/><D64/><U131/><E44/><V49/><F128/><N who="1" m="49193" /><E66/><V1/><F133/><T58/><D99/><U62/><E126/><V104/><F104/><T123/><N who="0" m="31520" /><T85/><D74/><U46/><E46/><V95/><REACH who="2" step="1"/><F49/><REACH who="2" ten="340,340,360,0" step="2"/><T39/><D86/><U51/><E51/><V97/><F97/><T79/><D40/><U121/><N who="1" m="31008" /><U61/><E111/><V102/><F102/><T120/><N who="0" m="30752" /><T71/><D70/><U106/><E106/><V68/><F68/><T48/><D50/><U124/><E124/><V75/><F75/><T115/><D115/><U87/><E62/><V0/><N who="2" m="0" /><DORA hai="118" /><V43/><F43/><T101/><D101/><AGARI ba="1,1" hai="53,56,61,78,82,87,93,96,101,116,117" m="31008,49193" machi="101" ten="30,11600,0" yaku="19,1,52,3" doraHai="88,118" who="1" fromWho="0" sc="340,-118,340,128,360,0,0,0" /><INIT seed="1,2,0,3,4,70" ten="222,468,360,0" oya="1" hai0="91,65,64,59,130,87,121,78,85,134,118,96,60" hai1="33,133,43,55,46,38,34,128,37,123,124,52,105" hai2="117,3,108,107,109,127,67,39,36,125,82,120,62" hai3=""/><U119/><N who="1" m="31520" /><U79/><E119/><V92/><N who="2" m="30752" /><V103/><F3/><T100/><N who="0" m="31008" /><T84/><D118/><U77/><E105/><V42/><F117/><T40/><D134/><U81/><E133/><V73/><F42/><T104/><D130/><U95/><E128/><V35/><F35/><T63/><D40/><U71/><E71/><V129/><F129/><T76/><REACH who="0" step="1"/><D91/><REACH who="0" ten="212,468,360,0" step="2"/><U32/><E43/><V113/><F108/><T50/><D50/><U90/><E33/><V2/><F109/><T53/><D53/><U93/><E90/><V44/><F2/><T45/><D45/><U94/><E46/><V122/><N who="2" m="31264" /><V41/><F44/><T132/><D132/><U48/><E48/><V1/><F41/><T99/><D99/><U86/><E34/><V66/><F1/><T56/><AGARI ba="2,1" hai="56,59,60,63,64,65,76,78,84,85,87,96,100,104" m="31008" machi="56" ten="30,9000,2" yaku="1,1,0,1,9,1,52,1,53,3" doraHai="70" doraHaiUra="83" who="0" fromWho="0" sc="212,104,468,-62,360,-32,0,0" /><INIT seed="2,0,0,5,0,70" ten="316,406,328,0" oya="2" hai0="72,60,33,62,1,47,127,102,44,110,37,91,56" hai1="109,113,53,51,55,107,84,134,90,86,94,129,40" hai2="57,118,3,76,124,108,87,105,121,0,135,43,103" hai3=""/><V68/><N who="2" m="31008" /><V123/><N who="2" m="31520" /><V106/><F118/><T131/><D33/><U116/><E113/><V59/><F68/><T41/><D1/><U39/><E107/><V79/><F135/><T104/><D72/><U120/><N who="1" m="30752" /><U52/><E134/><V48/><F124/><T83/><D127/><U97/><E116/><V58/><F103/><T69/><D131/><U67/><E129/><V133/><F133/><T112/><D62/><U77/><E109/><V49/><F58/><T117/><D69/><U92/><E67/><V64/><F43/><T89/><D47/><U100/><E39/><V111/><F87/><T128/><D112/><U122/><N who="1" m="31264" /><U63/><E63/><V99/><F99/><T93/><D110/><U38/><E38/><V50/><F49/><T85/><D128/><U61/><E61/><V114/><F114/><T2/><D2/><U82/><E40/><V126/><F126/><T73/><D73/><U95/><REACH who="1" step="1"/><E92/><REACH who="1" ten="316,396,328,0" step="2"/><V32/><F32/><T34/><D34/><U66/><E66/><AGARI ba="0,1" hai="0,3,48,50,57,59,64,66,76,79,105,106,108,111" m="31520,31008" machi="66" ten="25,9600,0" yaku="22,2,52,2" doraHai="70" who="2" fromWho="1" sc="316,0,396,-96,328,106,0,0" /><INIT seed="2,1,0,2,0,45" ten="316,300,434,0" oya="2" hai0="128,93,40,49,113,0,118,102,135,86,117,120,85" hai1="83,56,67,69,111,81,82,70,68,91,119,109,47" hai2="110,96,88,92,37,41,43,73,106,80,1,95,65" hai3=""/><V90/><F1/><T122/><N who="0" m="30752" /><T36/><N who="0" m="31264" /><T74/><D0/><U101/><E119/><V62/><F106/><T105/><D36/><U60/><E101/><V44/><F41/><T125/><D74/><U78/><E78/><V76/><F110/><N who="1" m="41993" /><E47/><V99/><F62/><T124/><D105/><U32/><E32/><V87/><REACH who="2" step="1"/><F65/><REACH who="2" ten="316,300,424,0" step="2"/><T55/><D40/><U34/><E34/><V35/><F35/><T97/><D118/><U131/><E131/><V126/><F126/><T134/><D117/><U3/><E3/><V58/><F58/><T63/><D128/><U133/><E133/><V108/><F108/><T107/><D107/><U54/><E67/><V66/><F66/><T48/><D125/><U33/><E33/><V121/><N who="2" m="31008" /><V116/><F116/><T51/><D124/><U104/><E104/><V129/><F129/><T75/><D135/><U84/><AGARI ba="1,1" hai="54,56,60,68,69,70,81,82,83,84,91" m="41993" machi="84" ten="40,1100,0" yaku="14,1" doraHai="45" who="1" fromWho="1" sc="316,-5,300,23,424,-8,0,0" /><INIT seed="4,0,0,2,1,77" ten="311,323,416,0" oya="0" hai0="72,54,81,3,44,34,96,56,102,59,112,128,82" hai1="127,120,108,69,129,125,92,2,74,46,95,101,105" hai2="50,135,58,61,99,97,90,68,63,130,1,100,36" hai3=""/><T124/><D34/><U107/><N who="1" m="30752" /><U126/><E2/><V66/><F36/><T64/><D3/><U32/><E32/><V0/><F135/><T33/><D33/><U83/><E69/><V84/><F130/><T80/><D72/><U98/><E129/><V47/><F99/><T73/><D73/><U122/><N who="1" m="31264" /><U118/><E108/><V109/><F109/><T79/><D79/><U93/><E118/><V40/><F63/><T51/><D128/><U48/><E105/><V42/><F68/><T38/><D124/><U65/><E65/><V119/><F42/><T117/><D112/><U132/><E132/><V75/><F75/><T85/><D85/><U41/><E74/><V115/><F119/><T116/><D59/><U91/><REACH who="1" step="1"/><E83/><REACH who="1" ten="311,313,416,0" step="2"/><V111/><F111/><T106/><REACH who="0" step="1"/><D64/><REACH who="0" ten="301,313,416,0" step="2"/><U131/><E131/><V110/><F110/><T62/><D62/><U113/><E113/><V70/><F115/><T55/><D55/><U52/><E52/><V71/><F1/><T60/><D60/><U57/><E57/><V94/><REACH who="2" step="1"/><F0/><REACH who="2" ten="301,313,406,0" step="2"/><T67/><D67/><U88/><AGARI ba="0,3" hai="41,46,48,88,91,92,93,95,98,101,107,125,126,127" m="31264,30752" machi="88" ten="40,12000,3" yaku="1,1,0,1,18,1,52,2,54,1,53,3" doraHai="77" doraHaiUra="134" who="1" fromWho="1" sc="301,-80,313,150,406,-40,0,0" /><INIT seed="5,0,0,0,3,113" ten="221,463,366,0" oya="1" hai0="103,0,49,105,115,44,52,57,128,70,95,101,3" hai1="90,34,41,83,133,132,108,50,127,69,104,65,36" hai2="1,2,61,99,32,109,59,33,37,131,77,72,110" hai3=""/><U68/><E104/><V39/><F99/><T47/><D105/><U85/><E34/><V78/><F59/><T122/><N who="0" m="31264" /><T53/><D70/><U116/><E127/><V120/><N who="2" m="30752" /><V88/><F61/><T66/><D128/><U96/><E36/><V114/><F114/><T130/><D130/><U119/><E108/><V126/><F131/><T112/><D66/><U84/><E96/><V118/><F88/><T125/><D95/><U106/><E106/><V40/><F40/><T43/><D57/><U42/><E50/><V107/><F107/><T81/><D49/><U121/><N who="1" m="31008" /><U135/><E65/><V86/><F86/><T54/><D53/><U98/><E98/><V100/><F72/><T79/><D43/><N who="1" m="16395" /><E85/><V93/><F126/><T75/><D75/><U89/><E89/><V87/><F87/><T60/><D60/><U55/><E55/><V111/><F111/><T80/><REACH who="0" step="1"/><D79/><REACH who="0" ten="211,463,366,0" step="2"/><U67/><E67/><V124/><F124/><AGARI ba="0,1" hai="0,3,44,47,52,54,80,81,101,103,112,115,124,125" m="31264" machi="124" ten="25,16000,3" yaku="1,1,2,1,22,2,52,1,54,1,53,2" doraHai="113" doraHaiUra="97" who="0" fromWho="2" sc="211,170,463,0,366,-160,0,0" /><INIT seed="6,0,0,3,0,134" ten="381,463,206,0" oya="2" hai0="60,91,1,132,133,43,51,37,85,98,94,2,53" hai1="65,89,56,114,63,115,103,90,36,106,100,42,86" hai2="124,126,67,0,54,121,102,3,40,32,95,117,46" hai3=""/><V69/><N who="2" m="31008" /><V83/><F117/><T108/><D37/><U119/><E119/><V107/><F32/><T81/><D60/><U47/><E90/><V38/><F107/><T77/><D43/><U84/><E86/><V109/><F109/><T52/><D53/><U110/><E110/><V113/><F113/><N who="1" m="43017" /><E106/><V55/><F83/><AGARI ba="0,0" hai="36,42,47,56,63,65,83,84,89,100,103" m="43017" machi="83" ten="30,1000,0" yaku="15,1" doraHai="134" who="1" fromWho="2" sc="381,0,463,10,206,-10,0,0" owari="381,-2.0,473,42.0,196,-40.0,0,0.0" /></mjloggm>