<mjloggm ver="2.3"><GO type="169" lobby="0"/><UN n0="%E9%BA%BB%E9%9B%80%49%51%31%32%30" n1="%E3%83%92%E3%83%AD%E3%82%B7%E3%81%A7%E3%81%99%E3%80%82" n2="%75%63%63%68%69%2D%30%32" n3="%E6%96%87%E5%9B%9B%E9%83%8E" dan="17,17,16,16" rate="2108.65,2068.11,2199.36,2167.79" sx="M,M,M,M"/><TAIKYOKU oya="0"/><INIT seed="0,0,0,3,3,39" ten="250,250,250,250" oya="0" hai0="130,2,109,94,81,9,106,14,24,46,19,48,101" hai1="44,95,77,74,90,3,16,121,42,131,133,135,134" hai2="43,98,50,60,47,92,21,67,100,129,55,65,78" hai3="26,51,128,93,30,107,79,62,86,40,114,97,87"/><T75/><D130/><U82/><E131/><V11/><F129/><W32/><G128/><T27/><D106/><U91/><E121/><V12/><F78/><W117/><G114/><T127/><D2/><U6/><E95/><V0/><F0/><W15/><G117/><T53/><D127/><U103/><E103/><V64/><F21/><W34/><G107/><T23/><D109/><U73/><E74/><V66/><F66/><W70/><G34/><T80/><D75/><U20/><E6/><V33/><F33/><W68/><G15/><T118/><D118/><U38/><REACH who="1" step="1"/><E3/><REACH who="1" ten="250,240,250,250" step="2"/><V22/><F22/><W52/><G93/><T119/><D119/><U124/><E124/><V96/><F96/><W108/><G97/><N who="0" m="59575" /><D27/><AGARI ba="0,1" hai="16,20,27,38,42,44,73,77,82,90,91,133,134,135" machi="27" ten="40,8000,1" yaku="1,1,20,1,52,1,54,1,53,1" doraHai="39" doraHaiUra="105" who="1" fromWho="0" sc="250,-80,240,90,250,0,250,0" /><INIT seed="1,0,0,1,5,130" ten="170,330,250,250" oya="1" hai0="28,122,124,96,57,41,49,13,109,55,25,100,93" hai1="50,119,64,18,0,10,81,80,117,115,77,39,105" hai2="123,69,98,5,48,121,60,21,132,91,114,20,36" hai3="76,15,90,68,78,31,116,89,87,53,113,112,17"/><U56/><E39/><V27/><F36/><W131/><G68/><T125/><D109/><U99/><E115/><V83/><F114/><W8/><G31/><T34/><D122/><U65/><E81/><V52/><F5/><W74/><G74/><T110/><D110/><U92/><E105/><V29/><F21/><W26/><G26/><T101/><D41/><U97/><E99/><V88/><F132/><W94/><G113/><T61/><D13/><U108/><E65/><V75/><F123/><W44/><G112/><T40/><D101/><U73/><E108/><V79/><F98/><W62/><G131/><T30/><D30/><U85/><E85/><V2/><F2/><W45/><G116/><T63/><D40/><U70/><E70/><V51/><F51/><W127/><G127/><AGARI ba="0,0" hai="25,28,34,49,55,57,61,63,93,96,100,124,125,127" machi="127" ten="40,1300,0" yaku="18,1" doraHai="130" who="0" fromWho="3" sc="170,13,330,0,250,0,250,-13" /><INIT seed="2,0,0,1,1,24" ten="183,330,250,237" oya="2" hai0="56,67,12,6,34,120,64,119,88,91,3,52,36" hai1="97,50,132,66,30,78,95,27,4,107,13,75,20" hai2="61,82,123,60,18,74,63,99,118,15,114,101,31" hai3="98,70,23,54,2,110,10,124,72,55,46,122,84"/><V93/><F114/><W48/><G122/><T16/><D36/><U25/><E107/><V113/><F113/><W21/><G72/><T112/><D120/><U128/><E128/><V104/><F123/><W65/><G110/><T85/><D112/><U134/><E66/><V105/><F118/><W8/><G124/><T1/><D34/><U44/><E78/><V79/><REACH who="2" step="1"/><F31/><REACH who="2" ten="183,330,240,237" step="2"/><W28/><G28/><T121/><D121/><U32/><E30/><V14/><F14/><W38/><G2/><T111/><D3/><U43/><E13/><V92/><F92/><W9/><G38/><T35/><D119/><U62/><E95/><V7/><F7/><W26/><G26/><T81/><D111/><U17/><E4/><V41/><F41/><W131/><G131/><T33/><D6/><U127/><E27/><V45/><F45/><W125/><G125/><T108/><D1/><U90/><E127/><V69/><F69/><W117/><G117/><T73/><D108/><U133/><E32/><V59/><F59/><W116/><G116/><T40/><D40/><U53/><E134/><V129/><F129/><W51/><G70/><T77/><D35/><U86/><E133/><V94/><F94/><W106/><G46/><T71/><D71/><U76/><E44/><V22/><AGARI ba="0,1" hai="15,18,22,60,61,63,74,79,82,93,99,101,104,105" machi="22" ten="30,3000,0" yaku="1,1,0,1,53,0" doraHai="24" doraHaiUra="83" who="2" fromWho="2" sc="183,-10,330,-10,240,40,237,-10" /><INIT seed="2,1,0,4,3,45" ten="173,320,280,227" oya="2" hai0="18,13,46,57,60,37,27,20,108,113,25,15,66" hai1="119,131,111,76,64,109,88,21,61,65,71,16,32" hai2="68,86,35,85,117,36,9,79,2,8,106,50,110" hai3="52,116,124,123,120,130,30,5,87,17,19,81,62"/><V67/><F36/><W70/><G116/><T6/><D113/><U112/><E32/><V39/><F117/><W103/><G5/><T33/><D108/><N who="1" m="41547" /><E76/><V23/><F39/><W98/><G30/><T42/><D33/><U28/><E28/><V127/><F35/><W77/><G124/><T31/><D31/><U54/><E131/><V78/><F127/><W107/><G130/><T56/><D56/><N who="1" m="34967" /><E71/><V55/><F110/><W74/><G74/><T59/><D59/><U90/><E119/><V26/><F106/><W73/><G73/><T41/><D41/><U135/><E135/><V91/><F2/><W114/><G114/><T115/><D115/><U118/><E118/><V51/><F67/><N who="1" m="25673" /><E112/><V43/><F79/><W49/><G70/><T126/><D126/><U82/><E82/><V12/><F85/><W72/><G62/><T96/><D96/><U93/><E93/><V132/><F132/><W100/><G72/><T24/><D6/><U99/><E99/><V122/><F78/><W95/><G107/><T104/><D104/><U4/><E4/><V38/><F12/><AGARI ba="1,0" hai="12,16,21,88,90" m="25673,34967,41547" machi="12" ten="30,3900,0" yaku="14,1,54,2" doraHai="45" who="1" fromWho="2" sc="173,0,320,42,280,-42,227,0" /><INIT seed="3,0,0,0,0,98" ten="173,362,238,227" oya="3" hai0="82,62,103,119,135,69,47,93,58,6,13,116,26" hai1="46,24,15,60,88,132,35,76,89,42,61,96,83" hai2="71,73,27,23,4,94,66,67,2,10,21,72,7" hai3="99,29,25,121,100,65,39,92,74,112,105,108,45"/><W95/><G112/><T53/><D135/><U80/><E132/><V128/><F128/><W31/><G121/><T40/><D69/><U79/><E15/><V133/><F133/><W109/><G74/><T120/><D120/><U91/><E35/><V90/><F7/><W86/><G65/><T59/><D59/><U43/><E24/><V51/><F67/><W38/><G31/><T102/><D26/><U77/><E96/><V33/><F33/><W11/><G11/><T3/><D3/><U16/><E16/><V50/><F23/><N who="3" m="15551" /><G45/><T48/><D93/><N who="3" m="35913" /><G86/><T125/><D125/><U78/><N who="1" m="19456" /><DORA hai="17" /><U63/><E46/><V70/><F70/><W130/><G130/><T41/><D82/><AGARI ba="0,0" hai="42,43,60,61,63,80,82,83,88,89,91" m="19456" machi="82" ten="60,12000,2" yaku="29,2,28,2,8,1,54,1" doraHai="98,17" who="1" fromWho="0" sc="173,-120,362,120,238,0,227,0" /><INIT seed="4,0,0,4,3,21" ten="53,482,238,227" oya="0" hai0="1,30,123,51,19,129,110,96,72,115,106,113,24" hai1="134,70,25,42,63,114,124,29,45,4,54,36,97" hai2="135,74,6,49,94,73,100,10,12,92,5,35,31" hai3="43,14,99,78,47,125,55,28,39,2,64,16,32"/><T23/><D72/><U122/><E122/><V98/><F135/><W81/><G2/><T77/><D77/><U116/><E116/><V58/><F6/><W109/><G64/><T48/><D123/><U61/><E134/><V87/><F35/><W126/><G109/><T62/><D110/><U22/><E124/><N who="3" m="47722" /><G99/><T101/><D1/><U105/><E4/><V68/><F68/><W85/><G55/><T41/><D129/><U13/><E13/><V107/><F31/><W38/><G39/><T80/><D80/><U26/><E54/><V117/><F117/><W132/><G132/><T0/><D0/><U84/><E84/><V46/><F58/><W86/><G85/><T131/><D131/><U102/><E70/><V128/><F128/><W71/><G71/><T57/><D30/><U133/><E133/><V44/><F44/><W120/><G120/><T75/><D75/><U67/><E67/><V119/><F119/><W76/><G78/><T95/><D106/><U93/><E93/><V11/><F107/><W50/><G38/><T53/><REACH who="0" step="1"/><D41/><REACH who="0" ten="43,482,238,227" step="2"/><U15/><E105/><V56/><F94/><W40/><G43/><T108/><D108/><U20/><E42/><V103/><F74/><W127/><G127/><T9/><D9/><U60/><E29/><V130/><F11/><N who="3" m="6239" /><G28/><T27/><D27/><U34/><E26/><V104/><F130/><W89/><G76/><T3/><D3/><U66/><E25/><V69/><F73/><W82/><G81/><T33/><D33/><AGARI ba="0,1" hai="32,33,40,47,50,82,86,89" m="6239,47722" machi="33" ten="30,2000,0" yaku="18,1,54,1" doraHai="21" who="3" fromWho="0" sc="43,-20,482,0,238,0,227,30" /><INIT seed="5,0,0,0,3,63" ten="23,482,238,257" oya="1" hai0="24,59,86,52,81,39,19,127,122,84,4,132,55" hai1="27,2,16,1,7,94,115,28,105,87,71,89,33" hai2="38,113,130,17,88,37,8,34,67,9,56,135,26" hai3="114,98,90,69,20,47,57,128,64,120,74,65,35"/><U123/><E123/><V45/><F135/><W70/><G120/><T80/><D122/><U62/><E115/><V125/><F113/><W76/><G114/><T36/><D4/><U83/><E7/><V93/><F130/><W32/><G128/><T85/><D132/><U99/><E16/><V3/><F125/><W117/><G117/><T97/><D127/><U54/><E54/><V124/><F124/><W10/><G57/><T30/><D19/><U60/><E60/><N who="2" m="38279" /><F37/><W92/><G10/><T91/><D39/><U6/><E6/><V41/><F38/><W21/><G47/><T73/><D36/><U79/><REACH who="1" step="1"/><E105/><REACH who="1" ten="23,472,238,257" step="2"/><V116/><F3/><W50/><G32/><T111/><D55/><U109/><E109/><V96/><F34/><W129/><G35/><T68/><D111/><U78/><E78/><V25/><F116/><W22/><G76/><T102/><D68/><U14/><E14/><N who="2" m="7367" /><F9/><W131/><G70/><T134/><D134/><U82/><E82/><V58/><F58/><W42/><G69/><T103/><D24/><U51/><E51/><N who="2" m="27055" /><F26/><W108/><G108/><T107/><D52/><U75/><E75/><V106/><F106/><W13/><G74/><T15/><D59/><U43/><E43/><V121/><F121/><W118/><G13/><T126/><D15/><U61/><E61/><V5/><F5/><W133/><G133/><T12/><D12/><U48/><E48/><V23/><F25/><W31/><G118/><T77/><D126/><U46/><E46/><V110/><F110/><W95/><G131/><T104/><D30/><U112/><E112/><RYUUKYOKU ba="0,1" sc="23,10,472,10,238,10,257,-30" hai0="73,77,80,81,84,85,86,91,97,102,103,104,107" hai1="1,2,27,28,33,62,71,79,83,87,89,94,99" hai2="23,88,93,96" /><INIT seed="5,1,1,2,5,74" ten="33,482,248,227" oya="1" hai0="25,38,42,43,103,71,32,66,48,106,45,8,68" hai1="96,52,88,11,65,16,126,80,15,124,102,14,109" hai2="4,39,70,5,47,72,62,3,113,119,58,127,123" hai3="61,95,92,83,30,9,46,51,12,19,57,130,40"/><U26/><E65/><V22/><F119/><W54/><G30/><T35/><D43/><U69/><E69/><V79/><F123/><W85/><REACH who="3" step="1"/><G130/><REACH who="3" ten="33,482,248,217" step="2"/><T111/><D111/><U93/><E109/><V132/><F132/><W6/><G6/><T110/><D110/><U116/><E116/><V129/><F5/><W82/><G82/><T99/><D35/><U1/><E126/><V133/><F127/><W10/><G10/><T2/><D8/><U122/><E124/><V108/><F133/><W7/><G7/><T24/><D32/><U125/><E125/><V59/><F129/><W114/><G114/><T131/><D131/><U64/><E122/><V53/><F113/><W20/><G20/><T118/><D118/><U37/><E1/><V34/><F22/><W87/><G87/><T97/><D2/><U112/><E112/><V36/><F34/><W67/><G67/><T44/><D66/><U56/><E64/><V86/><F108/><W17/><G17/><T90/><D71/><U134/><E134/><V23/><F86/><W91/><AGARI ba="1,2" hai="9,12,19,40,46,51,54,57,61,83,85,91,92,95" machi="91" ten="20,8000,1" yaku="1,1,0,1,7,1,8,1,53,1" doraHai="74" doraHaiUra="84" who="3" fromWho="3" sc="33,-21,482,-41,248,-21,217,103" /><INIT seed="6,0,0,5,0,73" ten="12,441,227,320" oya="2" hai0="76,99,23,81,39,90,68,122,132,116,108,45,123" hai1="131,48,66,119,14,113,106,33,58,52,42,10,12" hai2="97,34,70,26,5,41,61,16,89,120,9,22,1" hai3="75,57,130,105,20,82,114,109,101,6,15,67,43"/><V53/><F120/><W40/><G109/><T0/><D23/><U93/><E106/><V2/><F41/><W79/><G130/><T11/><D108/><U13/><E119/><V121/><F121/><W71/><G71/><T38/><D68/><U55/><E33/><V69/><F2/><W110/><G110/><T118/><D90/><U124/><E124/><V104/><F34/><W88/><G114/><T17/><D99/><U54/><E113/><V134/><F134/><W4/><G6/><T129/><D129/><U7/><E131/><V62/><F62/><W115/><G115/><T100/><D100/><U83/><E93/><N who="2" m="56495" /><F104/><W77/><G101/><T63/><D63/><N who="1" m="38263" /><E83/><V135/><F135/><W125/><G105/><T3/><D132/><U29/><E29/><V98/><F98/><W56/><G125/><T94/><D94/><U87/><E87/><V32/><F32/><W49/><G75/><T46/><D81/><U103/><E103/><V102/><F102/><W86/><G67/><T35/><D35/><U117/><E117/><V50/><F50/><W112/><G112/><T37/><D37/><U21/><E21/><V85/><F85/><W47/><G43/><T96/><D96/><U126/><E126/><V59/><AGARI ba="0,0" hai="1,5,9,16,22,26,53,59,61,69,70" m="56495" machi="59" ten="30,3000,0" yaku="25,1,54,1" doraHai="73" who="2" fromWho="2" sc="12,-10,441,-10,227,30,320,-10" /><INIT seed="6,1,0,4,2,106" ten="2,431,257,310" oya="2" hai0="127,4,35,0,78,51,95,85,79,108,1,41,97" hai1="5,59,26,47,29,24,93,84,7,109,39,103,56" hai2="100,131,87,104,121,18,71,49,14,102,61,6,62" hai3="28,3,40,81,72,111,122,129,86,135,124,126,133"/><V53/><F121/><W13/><G3/><T66/><D35/><U31/><E109/><V34/><F34/><W32/><G40/><T48/><D108/><U38/><E47/><V9/><F131/><W60/><G111/><T89/><D0/><U90/><E103/><N who="2" m="39467" /><F104/><W69/><G122/><T25/><D25/><U42/><E42/><V94/><F71/><W20/><G32/><T128/><D66/><U64/><E64/><V63/><F94/><W116/><G116/><T105/><D105/><U58/><E39/><V82/><F6/><W46/><G46/><T11/><D41/><U50/><E50/><V91/><F63/><W117/><G117/><T21/><D51/><U114/><E114/><V75/><F75/><W10/><G60/><T120/><D48/><U132/><E132/><N who="3" m="50762" /><G69/><T43/><D43/><U77/><E38/><V17/><F17/><N who="3" m="8375" /><G72/><T98/><D120/><U119/><E119/><V88/><F91/><N who="3" m="51663" /><G129/><T123/><D128/><U68/><E68/><V57/><F62/><W30/><G20/><T101/><D21/><N who="1" m="15503" /><E77/><N who="0" m="29193" /><D123/><U76/><E76/><V22/><F61/><W112/><G112/><T134/><D134/><U54/><E7/><V118/><F118/><W19/><G19/><T107/><D98/><U65/><E5/><V125/><F125/><AGARI ba="1,0" hai="28,30,124,125,126" m="51663,8375,50762" machi="125" ten="30,2000,0" yaku="18,1,20,1" doraHai="106" who="3" fromWho="2" sc="2,0,431,0,257,-23,310,23" /><INIT seed="7,0,0,4,0,64" ten="2,431,234,333" oya="3" hai0="130,128,29,133,87,60,24,21,73,27,16,33,79" hai1="44,104,15,43,115,126,69,25,41,63,120,35,111" hai2="106,65,62,7,96,91,57,78,55,53,109,0,22" hai3="122,46,54,105,132,75,74,42,117,100,113,32,6"/><W88/><G117/><T103/><D73/><U121/><E111/><V66/><F109/><W13/><G122/><T17/><D79/><U37/><E43/><V14/><F78/><W58/><G32/><T98/><D87/><U119/><E15/><V30/><F0/><W12/><G113/><T135/><D60/><U40/><E40/><V10/><F106/><W85/><G132/><T76/><D76/><U77/><E126/><V114/><F114/><W45/><G75/><T67/><D67/><N who="1" m="41215" /><E77/><V129/><F129/><W1/><G74/><T102/><D98/><U52/><E52/><V5/><F5/><W127/><G127/><T107/><D103/><U20/><E20/><V23/><F23/><W81/><G1/><T89/><D102/><U92/><E92/><N who="2" m="56351" /><F66/><W125/><G125/><T123/><D89/><U3/><E3/><V84/><F84/><W86/><G85/><T108/><D107/><U101/><E115/><V72/><F72/><W9/><G42/><T110/><D21/><U28/><E119/><V38/><F38/><W50/><G100/><T93/><D93/><U31/><E28/><V68/><F68/><W124/><G105/><T56/><D56/><U83/><E83/><V99/><F99/><AGARI ba="0,0" hai="25,31,35,37,41,44,99,101,104,120,121" m="41215" machi="99" ten="30,3900,0" yaku="25,1,23,1,52,1" doraHai="64" who="1" fromWho="2" sc="2,0,431,39,234,-39,333,0" owari="2,-50.0,470,57.0,195,-20.0,333,13.0" /></mjloggm>