<mjloggm ver="2.3"><GO type="169" lobby="0"/><UN n0="%69%6E%61%7A%6F" n1="%E3%83%81%E3%83%A7%E3%82%B3%E3%83%AD%E3%83%9C%E5%90%9B" n2="%E4%B9%9D%E4%B8%88%E8%8A%B1%E9%9F%B3" n3="%4B%57" dan="16,17,16,16" rate="2130.95,2197.59,2173.58,2016.10" sx="M,M,F,M"/><TAIKYOKU oya="0"/><INIT seed="0,0,0,3,3,51" ten="250,250,250,250" oya="0" hai0="48,29,111,11,18,94,126,42,114,89,135,122,99" hai1="64,115,62,110,25,41,125,7,37,118,32,0,59" hai2="28,47,34,96,39,54,66,81,17,22,80,88,108" hai3="128,74,19,130,50,107,58,78,65,14,109,46,79"/><T36/><D114/><U116/><E115/><V10/><F108/><W24/><G107/><T72/><D36/><U2/><E110/><V40/><F66/><W91/><G109/><T121/><D72/><U15/><E125/><V100/><F10/><W56/><G24/><T60/><D126/><U95/><E15/><V103/><F34/><W45/><G91/><T101/><D135/><U129/><E129/><N who="3" m="49770" /><G46/><N who="0" m="25687" /><D111/><U6/><E95/><N who="2" m="56423" /><F39/><W27/><G27/><T49/><D29/><U98/><E37/><V55/><F28/><W92/><G92/><T30/><D30/><U35/><E35/><V102/><F40/><N who="3" m="24871" /><G74/><T93/><D122/><U124/><E41/><V73/><F47/><W21/><G65/><T20/><D94/><U87/><E64/><V86/><F73/><W43/><G43/><T134/><D134/><U106/><E124/><V120/><F120/><W52/><G58/><T84/><D121/><U9/><E59/><V57/><F57/><W83/><G83/><N who="2" m="31817" /><F86/><W23/><G21/><T13/><D84/><U16/><E32/><V44/><F44/><W132/><G132/><T123/><D123/><U5/><E87/><V97/><F97/><W8/><G23/><T61/><D89/><U70/><E98/><V68/><F68/><W33/><G33/><T4/><D49/><AGARI ba="0,0" hai="8,14,19,49,52,56,78,79" m="24871,49770" machi="49" ten="30,3900,0" yaku="19,1,52,1,54,1" doraHai="51" who="3" fromWho="0" sc="250,-39,250,0,250,0,250,39" /><INIT seed="1,0,0,3,4,86" ten="211,250,250,289" oya="1" hai0="100,75,68,47,29,76,130,91,115,20,49,4,32" hai1="89,67,80,50,46,9,12,54,132,22,73,31,21" hai2="90,42,37,123,88,39,114,24,71,8,52,28,133" hai3="64,11,131,74,7,40,117,33,63,104,110,96,135"/><U34/><E132/><V125/><F123/><W35/><G135/><T13/><D115/><U0/><E0/><V55/><F133/><W59/><G110/><T6/><D68/><U10/><E67/><V44/><F71/><W83/><G131/><T98/><D32/><U129/><E129/><V87/><F39/><W38/><G117/><T134/><D76/><U1/><E1/><V103/><F114/><W16/><G16/><N who="0" m="10255" /><D75/><U25/><E10/><V72/><F72/><W85/><G74/><T121/><D130/><U106/><E106/><V84/><F103/><W82/><G38/><T95/><D29/><U27/><E27/><V61/><F8/><W97/><G40/><N who="0" m="24807" /><D134/><U58/><E58/><V69/><F69/><W5/><G104/><T79/><D79/><U30/><E30/><V92/><F61/><W45/><G35/><T66/><D66/><U81/><E73/><V43/><F125/><W36/><G33/><T18/><D121/><U70/><E70/><V112/><F42/><W51/><G36/><T53/><D53/><U122/><E122/><V65/><F65/><W94/><G64/><T119/><D119/><U41/><E41/><V127/><F127/><W62/><G62/><T17/><D100/><U107/><E107/><V56/><F56/><W128/><G63/><T15/><D18/><U102/><E102/><V60/><F60/><W111/><G128/><T108/><D108/><U2/><E2/><V3/><F3/><W99/><G5/><T126/><D126/><U77/><E34/><N who="2" m="20743" /><F112/><W78/><G111/><T23/><AGARI ba="0,0" hai="4,6,15,17,23,91,95,98" m="24807,10255" machi="23" ten="30,4000,0" yaku="8,1,52,1,54,1" doraHai="86" who="0" fromWho="0" sc="211,40,250,-20,250,-10,289,-10" /><INIT seed="2,0,0,5,0,2" ten="251,230,240,279" oya="2" hai0="22,75,43,51,124,21,111,54,72,100,11,116,33" hai1="126,10,67,79,127,113,60,129,40,70,57,115,44" hai2="80,98,25,119,92,90,103,135,122,99,56,128,123" hai3="130,134,14,95,120,58,24,85,84,18,29,66,125"/><V0/><F0/><W42/><G120/><T114/><D33/><U32/><E32/><V107/><F119/><W30/><G130/><T74/><D114/><U63/><E79/><V89/><F128/><W82/><G134/><T61/><D111/><U102/><E102/><V86/><F135/><W78/><G125/><N who="1" m="47626" /><E129/><V5/><F5/><W41/><G66/><T59/><D100/><U131/><E10/><V76/><F56/><W121/><G121/><T109/><D109/><U68/><E131/><V45/><F25/><W16/><G58/><T77/><D77/><U93/><E93/><V49/><REACH who="2" step="1"/><F76/><REACH who="2" ten="251,230,230,279" step="2"/><W17/><G24/><T62/><D116/><U132/><E132/><V83/><F83/><W88/><G14/><T37/><D124/><U53/><E70/><V110/><F110/><W13/><REACH who="3" step="1"/><G13/><REACH who="3" ten="251,230,230,269" step="2"/><T104/><D59/><U117/><E117/><V31/><F31/><AGARI ba="0,2" hai="16,17,18,29,30,31,41,42,78,82,84,85,88,95" machi="31" ten="40,8000,1" yaku="1,1,2,1,8,1,54,2,53,0" doraHai="2" doraHaiUra="19" who="3" fromWho="2" sc="251,0,230,0,230,-80,269,100" /><INIT seed="3,0,0,4,1,110" ten="251,230,150,369" oya="3" hai0="23,105,57,134,87,62,64,129,21,30,25,69,66" hai1="103,61,58,28,79,83,34,65,36,121,4,93,78" hai2="45,33,12,102,32,132,20,120,31,37,86,29,42" hai3="92,44,2,63,53,14,130,27,48,99,109,9,16"/><W19/><G109/><T123/><D105/><U108/><E121/><V84/><F120/><W124/><G124/><T97/><D123/><U71/><E36/><V35/><F132/><W3/><G130/><T59/><D134/><U106/><E108/><V94/><F102/><W85/><G85/><T116/><D116/><U7/><E106/><V119/><F119/><W41/><G27/><T26/><D97/><U95/><E34/><V118/><F118/><W112/><G112/><T0/><D0/><U17/><E28/><V133/><F133/><W77/><G77/><T18/><D66/><U100/><E71/><V117/><F117/><W104/><G104/><T43/><D43/><U127/><E127/><V52/><F52/><W91/><G19/><T54/><D129/><U49/><E17/><V68/><F68/><W39/><REACH who="3" step="1"/><G63/><REACH who="3" ten="251,230,150,359" step="2"/><T88/><REACH who="0" step="1"/><D54/><REACH who="0" ten="241,230,150,359" step="2"/><U13/><E65/><V10/><F86/><W51/><G51/><T107/><D107/><U80/><E49/><V73/><F84/><W81/><G81/><AGARI ba="0,2" hai="18,21,23,25,26,30,57,59,62,64,69,81,87,88" machi="81" ten="30,3900,0" yaku="1,1,7,1,54,1,53,0" doraHai="110" doraHaiUra="135" who="0" fromWho="3" sc="241,59,230,0,150,0,359,-39" /><INIT seed="4,0,0,5,4,122" ten="300,230,150,320" oya="0" hai0="64,4,56,66,115,17,52,50,32,123,132,116,127" hai1="85,12,114,62,130,110,60,134,91,92,28,128,102" hai2="111,88,2,101,1,86,36,51,96,124,44,119,106" hai3="49,33,40,29,43,9,30,129,34,48,77,80,76"/><T75/><D116/><U78/><E28/><N who="3" m="10858" /><G9/><T57/><D32/><N who="3" m="12393" /><G80/><T13/><D123/><U74/><E12/><V0/><F119/><W126/><G126/><T98/><D75/><U37/><E37/><V35/><F35/><W135/><G135/><T38/><D115/><U71/><E71/><V45/><F124/><W18/><G18/><T83/><D38/><U93/><E62/><V97/><F97/><W105/><G105/><T69/><D69/><U24/><E24/><V15/><F36/><W131/><G49/><T46/><D4/><U61/><E61/><V26/><F26/><W53/><G53/><T108/><D127/><U67/><E60/><V63/><F63/><W39/><G48/><T133/><D98/><U94/><E134/><N who="0" m="51817" /><D83/><U3/><E94/><V54/><F15/><W41/><G39/><T6/><D6/><U19/><E93/><V84/><F84/><W27/><G27/><T72/><D72/><U21/><E92/><V7/><F7/><W112/><G112/><T23/><D108/><U47/><E110/><V25/><F25/><W16/><G16/><T20/><D23/><U58/><E21/><V59/><REACH who="2" step="1"/><F111/><REACH who="2" ten="300,230,140,320" step="2"/><W95/><G95/><AGARI ba="0,1" hai="0,1,2,44,45,51,54,59,86,88,95,96,101,106" machi="95" ten="40,5200,0" yaku="1,1,2,1,54,1,53,0" doraHai="122" doraHaiUra="107" who="2" fromWho="3" sc="300,0,230,0,140,62,320,-52" /><INIT seed="5,0,0,3,0,13" ten="300,230,202,268" oya="1" hai0="47,61,44,53,83,56,38,75,2,1,133,116,76" hai1="112,72,123,74,30,110,84,69,100,99,45,40,37" hai2="52,128,65,21,130,106,124,8,25,129,82,93,5" hai3="34,55,95,7,88,24,41,118,135,18,66,26,85"/><U12/><E123/><V87/><F124/><W60/><G135/><T62/><D116/><U32/><E69/><V131/><F106/><W78/><G118/><T122/><D133/><U111/><E112/><V105/><F105/><W20/><G7/><T91/><D122/><U3/><E3/><V63/><F93/><W4/><G4/><T103/><D103/><U92/><E84/><V90/><F65/><W50/><G41/><T96/><D61/><U28/><E12/><V10/><N who="2" m="32768" /><DORA hai="58" /><V104/><F104/><W102/><G78/><T134/><D47/><U43/><E43/><V117/><F117/><W31/><G102/><T17/><D96/><U81/><E81/><V39/><F39/><W94/><G94/><T101/><D91/><U22/><E32/><V115/><F115/><W27/><G27/><T49/><D101/><U127/><E127/><V23/><F23/><W36/><G36/><T71/><D71/><U114/><E114/><V77/><F90/><W0/><G0/><T107/><D107/><U29/><REACH who="1" step="1"/><E22/><REACH who="1" ten="300,220,202,268" step="2"/><V64/><F5/><W57/><REACH who="3" step="1"/><G66/><REACH who="3" ten="300,220,202,258" step="2"/><T125/><D125/><U16/><E16/><N who="2" m="12455" /><F52/><W33/><G33/><T121/><D121/><U70/><E70/><AGARI ba="0,2" hai="8,10,63,64,70,77,82,87" m="12455,32768" machi="70" ten="60,8000,1" yaku="19,1,52,2,54,1" doraHai="13,58" who="2" fromWho="1" sc="300,0,220,-80,202,100,258,0" /><INIT seed="6,0,0,4,1,42" ten="300,140,302,258" oya="2" hai0="74,80,98,11,68,36,124,1,106,5,75,65,93" hai1="10,96,13,46,87,7,131,95,4,97,102,44,57" hai2="31,54,58,52,17,8,72,126,135,128,91,88,90" hai3="64,6,21,61,116,3,104,23,19,78,32,67,20"/><V18/><F72/><W129/><G116/><T51/><D124/><U85/><E131/><V73/><F73/><W53/><G104/><T83/><D51/><U37/><E37/><V112/><F126/><W76/><G32/><T63/><D83/><U15/><E57/><V89/><F128/><W115/><G129/><T101/><D93/><U50/><E96/><V84/><F112/><W82/><G115/><T121/><D121/><U119/><E119/><V120/><F135/><W70/><G67/><T86/><D36/><U105/><E105/><V130/><F120/><W41/><G41/><T77/><AGARI ba="0,0" hai="1,5,11,63,65,68,74,75,77,80,86,98,101,106" machi="77" ten="20,1500,0" yaku="0,1,7,1" doraHai="42" who="0" fromWho="0" sc="300,15,140,-4,302,-7,258,-4" /><INIT seed="7,0,0,0,1,116" ten="315,136,295,254" oya="3" hai0="82,45,31,15,77,65,123,94,110,118,98,51,29" hai1="42,40,129,52,72,7,62,50,111,87,8,56,34" hai2="125,21,33,128,109,104,126,79,39,36,9,54,85" hai3="27,26,113,112,103,78,16,95,107,2,38,4,134"/><W83/><G134/><T122/><D110/><U37/><E72/><V69/><F109/><W25/><G78/><T35/><D118/><U121/><E111/><V93/><F33/><W19/><G38/><T66/><D31/><U14/><E129/><V11/><F104/><W3/><G107/><T124/><D124/><U115/><E115/><N who="3" m="44106" /><G83/><T20/><D35/><U96/><E34/><V0/><F69/><W97/><G4/><T13/><D13/><U1/><E37/><V64/><F64/><W55/><G55/><T81/><D122/><U114/><E114/><V90/><F128/><W86/><G86/><N who="0" m="48431" /><D82/><U92/><E1/><AGARI ba="0,0" hai="1,2,3,16,19,25,26,27,95,97,103" m="44106" machi="1" ten="40,3900,0" yaku="15,1,54,1" doraHai="116" who="3" fromWho="1" sc="315,0,136,-39,295,0,254,39" /><INIT seed="7,1,0,5,5,100" ten="315,97,295,293" oya="3" hai0="101,120,92,105,60,48,69,6,124,3,89,122,29" hai1="8,52,116,65,21,129,19,46,121,81,108,39,86" hai2="91,103,87,38,25,5,36,111,51,83,88,33,20" hai3="95,90,99,57,80,125,7,82,13,27,14,72,75"/><W126/><G27/><T45/><D6/><U119/><E108/><V63/><F111/><W34/><G34/><T44/><D3/><U112/><E121/><V58/><F33/><W68/><G68/><T117/><D117/><U85/><E112/><V64/><F103/><N who="3" m="60927" /><G57/><T94/><D105/><U9/><E129/><V102/><F102/><W104/><G7/><T4/><D45/><U70/><E70/><V134/><F134/><W66/><G66/><T55/><D4/><U56/><E65/><V22/><F5/><W35/><G35/><T43/><D124/><N who="3" m="47721" /><G104/><T110/><D110/><U47/><E39/><V135/><F135/><W49/><G49/><T12/><D29/><U96/><E96/><V131/><F131/><W133/><G133/><T59/><D69/><U37/><E37/><V30/><F22/><W67/><G67/><T113/><D113/><U42/><E116/><V114/><F114/><W76/><G72/><T0/><D0/><U41/><E119/><V97/><REACH who="2" step="1"/><F51/><REACH who="2" ten="315,97,285,293" step="2"/><W78/><G76/><T54/><D122/><U127/><E127/><V10/><F10/><W123/><G123/><T31/><D120/><U130/><E130/><V18/><F18/><W26/><G26/><T107/><D101/><U98/><E98/><V1/><F1/><W61/><G61/><T50/><D107/><U128/><E128/><V106/><F106/><W53/><G53/><T71/><D54/><U77/><E85/><AGARI ba="1,1" hai="13,14,75,78,80,82,85,90" m="47721,60927" machi="85" ten="30,1500,0" yaku="18,1" doraHai="100" who="3" fromWho="1" sc="315,0,97,-18,285,0,293,28" owari="315,12.0,79,-42.0,285,-11.0,321,41.0" /></mjloggm>