<mjloggm ver="2.3"><GO type="185" lobby="0"/><UN n0="%E3%82%B3%E3%82%B3%E3%82%A2%E3%81%AF%E4%BF%BA%E3%81%AE%E5%AB%81" n1="%E3%81%97%E3%81%8B%E3%81%BE%E3%82%81" n2="%E3%81%82%E3%81%B9%E3%81%97%E3%81%A3%E3%81%A3" n3="" dan="17,16,17,0" rate="2249.71,2110.66,2261.24,1500.00" sx="F,M,M,C"/><TAIKYOKU oya="0"/><INIT seed="0,0,0,3,1,92" ten="350,350,350,0" oya="0" hai0="44,87,41,39,62,114,58,33,49,106,73,129,118" hai1="93,40,60,86,84,126,80,78,91,131,95,59,127" hai2="76,53,36,42,51,77,52,71,32,122,121,100,1" hai3=""/><T120/><N who="0" m="30752" /><T61/><D118/><U130/><E40/><V102/><N who="2" m="31008" /><V85/><N who="2" m="31264" /><V103/><F1/><T107/><D33/><U113/><E113/><V112/><F32/><T57/><D114/><U99/><E59/><V0/><F0/><T98/><D73/><U72/><E60/><V133/><F112/><T2/><D2/><U47/><E47/><V110/><F110/><T115/><D115/><U104/><E104/><V101/><F133/><T63/><D129/><N who="1" m="49163" /><E86/><V119/><F53/><T111/><D111/><U70/><E70/><V125/><F71/><T128/><D128/><U35/><E35/><V46/><F119/><T48/><D87/><U74/><E74/><V66/><F66/><T64/><D107/><U34/><E34/><V117/><F117/><T43/><D43/><U82/><E93/><V50/><F85/><T45/><D45/><U65/><E65/><V96/><F46/><T38/><D64/><U105/><E105/><V132/><F42/><T54/><D58/><U68/><E68/><V37/><F51/><T88/><D106/><U123/><N who="1" m="31520" /><U134/><E134/><V69/><F69/><T124/><D48/><U89/><AGARI ba="0,0" hai="72,78,80,82,84,89,91,95,99,126,127" m="31520,49163" machi="89" ten="30,6000,1" yaku="19,1,34,2,52,2" doraHai="92" who="1" fromWho="1" sc="350,-40,350,60,350,-20,0,0" /><INIT seed="1,0,0,3,2,58" ten="310,410,330,0" oya="1" hai0="115,36,101,0,122,128,134,80,47,87,132,88,3" hai1="100,102,129,126,111,78,70,74,135,54,66,119,114" hai2="34,79,65,95,91,89,73,32,41,104,59,72,108" hai3=""/><U44/><E119/><V99/><F108/><T38/><N who="0" m="31264" /><T84/><D115/><U103/><E114/><V2/><F2/><T68/><D128/><U106/><E129/><V51/><F91/><T133/><D68/><U130/><E130/><V40/><F104/><T107/><D84/><U116/><E116/><V131/><F131/><T112/><D112/><U62/><E111/><V52/><F65/><T125/><D125/><U42/><E126/><V117/><F117/><T55/><D55/><U45/><E135/><V94/><F95/><T105/><D38/><U35/><E35/><V75/><REACH who="2" step="1"/><F79/><REACH who="2" ten="310,410,320,0" step="2"/><T90/><D90/><U56/><E106/><N who="0" m="40457" /><D101/><U39/><E78/><V67/><F67/><T43/><AGARI ba="0,1" hai="0,3,36,43,47,80,87,88,132,133,134" m="40457,31264" machi="43" ten="40,3900,0" yaku="20,1,52,1,54,1" doraHai="58" who="0" fromWho="0" sc="310,49,410,-26,320,-13,0,0" /><INIT seed="2,0,0,2,3,93" ten="359,384,307,0" oya="2" hai0="72,108,107,90,42,135,73,1,52,129,75,99,37" hai1="133,121,83,46,41,53,128,102,122,59,61,74,35" hai2="117,116,92,111,94,58,123,69,132,88,127,115,124" hai3=""/><V98/><N who="2" m="31520" /><V113/><F69/><T85/><D1/><U103/><N who="1" m="31008" /><U134/><N who="1" m="31264" /><U49/><E35/><V78/><F58/><T77/><D108/><U79/><REACH who="1" step="1"/><E128/><REACH who="1" ten="359,374,307,0" step="2"/><V71/><F111/><T40/><D129/><U33/><E33/><V82/><F132/><AGARI ba="0,1" hai="41,46,49,53,59,61,74,79,83,102,103,132,133,134" m="31264,31008" machi="132" ten="40,12000,2" yaku="1,1,20,1,52,2,53,2" doraHai="93" doraHaiUra="96" who="1" fromWho="2" sc="359,0,374,130,307,-120,0,0" /><INIT seed="4,0,0,0,2,51" ten="359,504,187,0" oya="0" hai0="55,58,106,89,45,71,110,85,76,132,120,37,59" hai1="131,83,87,74,124,121,65,78,46,2,94,115,116" hai2="126,97,49,52,105,101,33,39,44,67,57,118,130" hai3=""/><T127/><N who="0" m="30752" /><T34/><D34/><U48/><N who="1" m="31008" /><U47/><E116/><V41/><F118/><T40/><D127/><U107/><E107/><V60/><F126/><T35/><D35/><U98/><E124/><V95/><F33/><T96/><D132/><U117/><E2/><V79/><F130/><T68/><D110/><U93/><E117/><V3/><F79/><T88/><D59/><U75/><E131/><V90/><F3/><T133/><D133/><U112/><E65/><V103/><REACH who="2" step="1"/><F105/><REACH who="2" ten="359,504,177,0" step="2"/><T72/><D76/><U119/><E119/><V62/><F62/><T135/><D135/><U99/><E78/><V38/><F38/><T70/><D72/><U129/><E75/><V63/><F63/><T109/><D109/><U80/><E74/><V50/><F50/><T69/><N who="0" m="17408" /><DORA hai="123" /><T0/><D0/><U56/><E48/><V64/><F64/><T66/><D66/><U128/><E56/><AGARI ba="0,1" hai="39,41,44,49,52,56,57,60,67,90,95,97,101,103" machi="56" ten="30,12000,2" yaku="1,1,7,1,52,1,54,1,53,2" doraHai="51,123" doraHaiUra="82,54" who="2" fromWho="1" sc="359,0,504,-120,177,130,0,0" /><INIT seed="5,0,0,1,1,120" ten="359,384,307,0" oya="1" hai0="102,34,112,96,132,47,56,133,60,41,127,48,88" hai1="66,71,3,125,36,39,57,134,54,97,121,101,105" hai2="61,91,122,75,38,83,49,44,130,131,123,85,124" hai3=""/><U43/><N who="1" m="31008" /><U104/><E3/><V89/><N who="2" m="31264" /><V111/><N who="2" m="31520" /><V114/><F38/><T77/><D112/><U107/><E125/><V78/><F124/><T115/><D115/><U95/><E134/><N who="0" m="51817" /><D34/><U51/><REACH who="1" step="1"/><E43/><REACH who="1" ten="359,374,307,0" step="2"/><V76/><F114/><T42/><D127/><U40/><E40/><V108/><F131/><T65/><D41/><U2/><E2/><V64/><F130/><T79/><D88/><U110/><E110/><V70/><F91/><T90/><D90/><U0/><E0/><V32/><F32/><T62/><D62/><AGARI ba="0,1" hai="36,39,51,54,57,62,66,71,95,97,101,104,105,107" m="31008" machi="62" ten="40,7700,0" yaku="1,1,52,1,53,1" doraHai="120" doraHaiUra="119" who="1" fromWho="0" sc="359,-77,374,87,307,0,0,0" /><INIT seed="5,1,0,1,0,39" ten="282,461,307,0" oya="1" hai0="99,67,82,73,90,95,74,133,46,92,3,69,122" hai1="66,129,111,88,93,89,36,128,37,105,94,49,2" hai2="62,80,65,58,96,0,51,48,70,115,87,78,42" hai3=""/><U117/><E2/><V126/><F0/><T47/><N who="0" m="31264" /><T125/><D3/><U44/><E105/><V85/><F126/><T41/><D125/><U119/><E66/><V53/><F115/><T72/><D133/><U34/><E49/><V97/><REACH who="2" step="1"/><F85/><REACH who="2" ten="282,461,297,0" step="2"/><T98/><D73/><U116/><E116/><V64/><F64/><T130/><D72/><U127/><E127/><V81/><F81/><T59/><D74/><U135/><E135/><V75/><F75/><T40/><D82/><U120/><N who="1" m="30752" /><U77/><E34/><V106/><F106/><T45/><D130/><U118/><E118/><V109/><F109/><T108/><D108/><U38/><E111/><V86/><F86/><T124/><D124/><U32/><E32/><V114/><F114/><T71/><D67/><U83/><E117/><V102/><F102/><T50/><D59/><U121/><E119/><V84/><F84/><T56/><D56/><U76/><E128/><V134/><F134/><T63/><D71/><U55/><E129/><V100/><F100/><T103/><D69/><U33/><E33/><V132/><F132/><T91/><D103/><U1/><E1/><V52/><F52/><T123/><N who="0" m="31520" /><T61/><D46/><AGARI ba="1,1" hai="42,46,48,51,53,58,62,65,70,78,80,87,96,97" machi="46" ten="40,5200,0" yaku="1,1,52,1,53,1" doraHai="39" doraHaiUra="60" who="2" fromWho="0" sc="282,-54,461,0,297,64,0,0" /><INIT seed="6,0,0,5,0,95" ten="228,461,361,0" oya="2" hai0="3,111,131,103,1,121,68,55,100,54,82,109,105" hai1="53,130,118,58,79,128,38,94,125,106,102,76,35" hai2="45,36,62,132,59,49,88,67,60,87,134,41,71" hai3=""/><V73/><F73/><T43/><N who="0" m="31008" /><T99/><D68/><U123/><N who="1" m="31520" /><U107/><E35/><V34/><F34/><T92/><D131/><N who="1" m="50219" /><E118/><V120/><N who="2" m="30752" /><V72/><F72/><T89/><D82/><U129/><E129/><V51/><F87/><T61/><D43/><U74/><E38/><V56/><F88/><T113/><D113/><U84/><E125/><V77/><F77/><N who="1" m="29769" /><E74/><V63/><F63/><T108/><D103/><U66/><E66/><V70/><F71/><T37/><D37/><U127/><E127/><V135/><F70/><T104/><D104/><U44/><E44/><V90/><F90/><T80/><D80/><U115/><E115/><V117/><F117/><T32/><D32/><U101/><E84/><V40/><F40/><T83/><D83/><U110/><E110/><V91/><F91/><T52/><REACH who="0" step="1"/><D61/><REACH who="0" ten="218,461,361,0" step="2"/><U124/><E124/><V112/><F112/><T122/><N who="0" m="31264" /><T57/><D57/><U116/><E116/><V86/><F86/><AGARI ba="0,1" hai="1,3,52,54,55,86,89,92,99,100,105,108,109,111" m="31264,31008" machi="86" ten="50,12000,2" yaku="1,1,52,3,54,1,53,2" doraHai="95" doraHaiUra="119" who="0" fromWho="2" sc="218,130,461,0,361,-120,0,0" owari="348,-5.0,461,41.0,241,-36.0,0,0.0" /></mjloggm>