<mjloggm ver="2.3"><GO type="169" lobby="0"/><UN n0="%E3%82%AA%E3%83%AA%E5%A7%AB%E5%A5%B3%E5%AD%90" n1="%6B%6F%7A%61%6B%69%6E%67" n2="%77%72%77%72%77%72%77%72" n3="%E3%81%BF%E3%81%A3%E3%81%8D%E3%83%BC" dan="16,16,17,17" rate="2064.92,2084.51,2182.88,2213.46" sx="F,M,M,M"/><TAIKYOKU oya="0"/><INIT seed="0,0,0,0,1,5" ten="250,250,250,250" oya="0" hai0="12,30,129,112,106,71,79,108,89,51,90,58,119" hai1="60,131,114,22,103,41,35,50,45,25,9,66,65" hai2="84,1,59,81,68,109,118,121,100,31,94,18,91" hai3="43,63,46,82,42,28,123,107,93,125,122,95,11"/><T29/><D112/><U34/><E114/><V26/><F121/><N who="3" m="46091" /><G107/><T67/><D129/><U7/><E131/><V40/><F109/><W135/><G125/><T20/><D119/><U49/><E103/><V85/><F68/><W72/><G43/><T78/><D108/><U111/><E111/><V52/><F40/><W120/><G135/><T19/><D71/><U24/><E50/><V47/><F47/><W83/><G28/><N who="0" m="10859" /><D106/><U96/><E96/><V55/><F1/><W0/><G63/><N who="0" m="38391" /><D51/><U113/><E113/><V23/><F100/><W16/><G120/><T14/><D14/><U27/><E22/><N who="2" m="15831" /><F59/><W102/><G0/><T75/><D75/><U80/><E80/><N who="3" m="30762" /><G102/><T3/><D3/><U73/><E73/><V2/><F2/><W53/><G53/><T128/><D128/><U37/><E37/><V33/><F33/><W130/><G72/><T38/><D38/><U101/><E101/><V124/><F124/><W87/><G130/><T86/><D90/><U133/><E133/><V4/><F118/><W116/><G116/><T70/><D70/><U54/><E35/><V36/><F36/><W39/><G87/><T132/><D132/><U13/><REACH who="1" step="1"/><E34/><REACH who="1" ten="250,240,250,250" step="2"/><V62/><F81/><AGARI ba="0,1" hai="12,19,20,78,79,81,86,89" m="38391,10859" machi="81" ten="30,1500,0" yaku="8,1" doraHai="5" who="0" fromWho="2" sc="250,25,240,0,250,-15,250,0" /><INIT seed="0,1,0,4,2,120" ten="275,240,235,250" oya="0" hai0="100,108,25,6,32,58,33,83,42,123,104,70,52" hai1="16,133,67,45,34,74,41,71,17,99,65,93,64" hai2="51,46,22,124,26,115,13,97,101,63,112,57,20" hai3="98,126,75,86,77,48,122,5,49,14,94,68,89"/><T105/><D123/><U53/><E74/><V62/><F124/><W30/><G122/><T117/><D117/><U31/><E133/><V113/><F13/><W21/><G68/><T92/><D70/><U23/><E71/><V40/><F62/><W95/><G126/><T116/><D116/><U125/><E125/><V131/><F131/><W27/><G75/><T82/><D42/><U103/><E53/><V55/><REACH who="2" step="1"/><F26/><REACH who="2" ten="275,240,225,250" step="2"/><W50/><G77/><T121/><D25/><U24/><REACH who="1" step="1"/><E34/><REACH who="1" ten="275,230,225,250" step="2"/><V0/><F0/><W132/><G132/><T54/><D32/><U106/><E106/><AGARI ba="1,2" hai="20,22,40,46,51,55,57,63,97,101,106,112,113,115" machi="106" ten="40,1300,0" yaku="1,1,53,0" doraHai="120" doraHaiUra="80" who="2" fromWho="1" sc="275,0,230,-16,225,36,250,0" /><INIT seed="1,0,0,3,5,74" ten="275,214,261,250" oya="1" hai0="130,21,86,60,47,105,20,132,40,110,115,63,6" hai1="62,28,45,9,34,53,27,119,126,3,118,75,98" hai2="123,92,72,59,127,69,29,32,133,52,25,24,15" hai3="103,39,13,54,88,56,128,55,95,111,83,19,23"/><U0/><E126/><V18/><F123/><W58/><G111/><T106/><D110/><U112/><E112/><V96/><F127/><W50/><G39/><T5/><D130/><U120/><E120/><V79/><F133/><W49/><G128/><T97/><D132/><U66/><E75/><V64/><F69/><W80/><G103/><T14/><D115/><U99/><E99/><AGARI ba="0,0" hai="13,19,23,49,50,54,55,56,58,80,83,88,95,99" machi="99" ten="30,7700,0" yaku="7,1,9,1,8,1,54,1" doraHai="74" who="3" fromWho="1" sc="275,0,214,-77,261,0,250,77" /><INIT seed="2,0,0,3,2,25" ten="275,137,261,327" oya="2" hai0="85,110,3,94,29,117,75,16,10,1,33,43,131" hai1="47,86,74,100,69,12,13,103,96,124,102,35,21" hai2="0,65,8,26,52,79,134,50,67,76,78,104,84" hai3="72,57,90,7,55,128,92,129,49,68,34,38,135"/><V83/><F134/><W123/><G123/><T51/><D110/><U122/><E74/><V89/><F104/><W20/><G34/><T106/><D131/><N who="3" m="50249" /><G68/><T19/><D106/><U56/><E35/><V70/><F70/><W99/><G38/><T121/><D121/><U64/><E122/><V107/><F107/><W115/><G135/><T17/><D75/><U24/><E69/><V109/><F109/><W9/><G72/><T120/><D117/><U95/><E124/><V101/><F101/><W91/><G20/><T61/><D120/><U133/><E133/><V36/><F36/><W118/><G118/><T14/><D61/><U130/><E47/><V54/><F26/><W93/><G115/><T46/><D1/><U114/><E114/><V98/><F98/><N who="3" m="57623" /><G9/><T44/><D3/><U73/><E73/><V32/><F32/><W132/><G132/><T23/><D33/><U81/><E130/><V63/><F8/><W4/><AGARI ba="0,0" hai="4,7,49,55,57,91,93,99" m="57623,50249" machi="4" ten="30,1100,0" yaku="19,1" doraHai="25" who="3" fromWho="3" sc="275,-3,137,-3,261,-5,327,11" /><INIT seed="3,0,0,5,3,7" ten="272,134,256,338" oya="3" hai0="1,55,16,95,100,93,120,38,62,111,47,57,97" hai1="56,104,20,58,79,50,8,102,40,26,67,117,34" hai2="53,23,128,84,61,59,76,107,77,32,5,18,86" hai3="21,101,45,66,69,126,9,73,27,2,89,46,28"/><W41/><G126/><T3/><D111/><U115/><E115/><V78/><F32/><W132/><G132/><T123/><D93/><U91/><E34/><V39/><F39/><W131/><G131/><T12/><D123/><U114/><E117/><V4/><F107/><W29/><G101/><T112/><D112/><U130/><E114/><V17/><F17/><W124/><G46/><T43/><REACH who="0" step="1"/><D120/><REACH who="0" ten="262,134,256,338" step="2"/><U80/><E130/><V88/><F128/><W122/><G122/><T22/><AGARI ba="0,1" hai="1,3,12,16,22,38,43,47,55,57,62,95,97,100" machi="22" ten="20,12000,2" yaku="1,1,2,1,0,1,7,1,54,1,53,1" doraHai="7" doraHaiUra="10" who="0" fromWho="0" sc="262,130,134,-30,256,-30,338,-60" /><INIT seed="4,0,0,0,1,134" ten="392,104,226,278" oya="0" hai0="125,31,124,58,45,22,65,71,74,55,110,42,23" hai1="120,62,114,57,28,66,69,113,129,26,104,127,47" hai2="82,107,81,6,79,92,5,75,52,85,2,15,20" hai3="83,18,64,93,32,115,3,135,63,44,101,91,13"/><T8/><D74/><U123/><E104/><V78/><F107/><W49/><G3/><T87/><D110/><U68/><E26/><V111/><F111/><W100/><G115/><N who="1" m="44042" /><E28/><V105/><F2/><W34/><G32/><T97/><D8/><U132/><E132/><V27/><F15/><W36/><G36/><T35/><D35/><U0/><E0/><V30/><F105/><W112/><G34/><T14/><D14/><U53/><E129/><V43/><F43/><W29/><G83/><T1/><D1/><U51/><E127/><N who="0" m="48713" /><D97/><U59/><E59/><V41/><F41/><W11/><G13/><T70/><D87/><U38/><E38/><V12/><F12/><W116/><G135/><T84/><D84/><U33/><E33/><V9/><F9/><W77/><G11/><T117/><D117/><U128/><E128/><V94/><F6/><W108/><G116/><T50/><D31/><U121/><AGARI ba="0,0" hai="47,51,53,57,62,66,68,69,120,121,123" m="44042" machi="121" ten="40,8000,1" yaku="15,1,11,1,34,2" doraHai="134" who="1" fromWho="1" sc="392,-40,104,80,226,-20,278,-20" /><INIT seed="5,0,0,5,2,21" ten="352,184,206,258" oya="1" hai0="42,64,24,90,43,49,112,8,19,29,27,45,109" hai1="126,118,87,9,78,68,89,85,120,48,83,97,3" hai2="110,25,50,108,39,72,5,32,106,92,81,37,80" hai3="130,14,38,23,95,12,63,114,100,15,66,73,94"/><U104/><E120/><V18/><F106/><W59/><G114/><T69/><D109/><U52/><E68/><V102/><F5/><W34/><G34/><T55/><D112/><U96/><E118/><V11/><F50/><W20/><G130/><T36/><D42/><U57/><E126/><V115/><F115/><W74/><G38/><T35/><D90/><U88/><E104/><V30/><F37/><W10/><G73/><T16/><D69/><U70/><E70/><V93/><F39/><W91/><G74/><T41/><D64/><U22/><E3/><V86/><F80/><W84/><REACH who="3" step="1"/><G10/><REACH who="3" ten="352,184,206,248" step="2"/><T51/><D36/><U103/><E9/><V107/><F11/><W98/><AGARI ba="0,1" hai="12,14,15,20,23,59,63,66,84,91,94,95,98,100" machi="98" ten="30,7900,0" yaku="1,1,2,1,0,1,8,1,53,0" doraHai="21" doraHaiUra="132" who="3" fromWho="3" sc="352,-20,184,-39,206,-20,248,89" /><INIT seed="6,0,0,5,1,29" ten="332,145,186,337" oya="2" hai0="117,37,64,33,109,65,71,5,135,9,124,107,76" hai1="129,104,2,130,134,69,114,110,103,86,32,126,56" hai2="62,18,20,34,72,74,25,50,51,49,83,78,30" hai3="16,75,70,85,77,44,46,3,35,48,43,115,118"/><V52/><F62/><W122/><G118/><T98/><D109/><U12/><RYUUKYOKU type="yao9" ba="0,0" sc="332,0,145,0,186,0,337,0" hai1="2,12,32,56,69,86,103,104,110,114,126,129,130,134" /><INIT seed="6,1,0,1,5,66" ten="332,145,186,337" oya="2" hai0="99,120,125,92,93,84,86,79,128,105,109,54,81" hai1="130,25,55,114,134,30,20,100,67,8,39,78,89" hai2="29,49,83,129,7,59,123,26,115,82,76,119,0" hai3="46,80,36,118,127,112,1,64,22,101,96,124,97"/><V74/><F119/><W4/><G118/><T69/><D69/><U43/><E114/><V91/><F123/><W21/><G64/><T117/><D54/><U95/><E130/><V51/><F115/><W16/><G96/><T38/><D38/><U23/><E134/><V50/><F129/><W94/><G112/><T104/><D117/><U113/><E113/><V106/><F106/><N who="0" m="41066" /><D128/><U133/><E133/><V90/><F82/><W122/><G122/><T98/><D120/><U73/><E100/><V3/><F59/><W58/><G80/><N who="0" m="47135" /><D125/><N who="3" m="48201" /><G58/><T10/><D10/><U5/><E67/><V15/><F90/><W24/><G21/><T6/><D6/><U42/><E55/><V33/><F91/><W85/><G85/><T71/><D71/><U57/><E57/><V70/><F70/><W2/><G4/><T135/><D109/><U110/><E110/><V35/><REACH who="2" step="1"/><F33/><REACH who="2" ten="332,145,176,337" step="2"/><W103/><G103/><T116/><D116/><U14/><E78/><V61/><F61/><W126/><G126/><T37/><D135/><U48/><E89/><V132/><F132/><W17/><G101/><T88/><D37/><U65/><E39/><V44/><F44/><W11/><G46/><T56/><D56/><U41/><E73/><V75/><F75/><W72/><G72/><T32/><D32/><U68/><E68/><V53/><F53/><W77/><G36/><T121/><D121/><U9/><E65/><V131/><F131/><W62/><G62/><T87/><D87/><U13/><E48/><V28/><F28/><W63/><G63/><T111/><D111/><U12/><E43/><RYUUKYOKU ba="1,1" sc="332,15,145,-15,176,15,337,-15" hai0="81,86,88,92,93,98,99" hai2="0,3,7,15,26,29,35,49,50,51,74,76,83" /><INIT seed="6,2,1,3,2,89" ten="347,130,191,322" oya="2" hai0="63,116,70,60,119,45,109,31,9,112,21,18,96" hai1="8,17,130,87,32,7,64,133,42,118,132,120,128" hai2="20,10,86,127,97,23,115,68,62,6,129,126,117" hai3="93,105,91,123,114,51,35,36,113,103,16,92,44"/><V88/><F115/><N who="3" m="44043" /><G123/><T12/><D109/><U71/><E42/><V69/><F129/><N who="1" m="49769" /><E87/><V40/><F97/><N who="3" m="61679" /><G35/><T78/><D112/><U104/><E104/><V11/><F40/><N who="3" m="22535" /><G91/><T65/><D78/><U14/><E118/><N who="0" m="45097" /><D60/><N who="1" m="40327" /><E120/><V77/><F62/><W82/><G82/><T73/><D73/><U2/><E32/><V124/><F77/><W24/><G51/><T94/><D45/><U72/><E72/><V58/><F117/><W76/><G76/><T83/><D83/><U66/><E66/><V28/><F124/><W98/><G98/><T41/><D41/><U108/><E108/><V125/><F125/><W101/><G101/><N who="0" m="60567" /><D31/><U134/><E17/><V55/><F28/><W135/><G135/><N who="1" m="34562" /><U49/><DORA hai="50" /><E49/><V0/><F126/><W39/><G39/><T38/><D38/><U53/><E53/><V22/><F55/><W54/><G54/><T48/><D48/><U102/><E102/><V121/><F121/><W59/><G59/><T4/><D65/><U26/><E26/><V95/><F58/><W99/><G99/><T90/><D70/><U111/><E111/><V85/><F127/><W37/><G37/><T47/><D47/><U100/><E100/><V122/><F122/><W81/><G81/><T80/><D80/><U3/><AGARI ba="2,1" hai="2,3,7,8,14" m="34562,40327,49769" machi="3" ten="50,3200,0" yaku="19,1,20,1" doraHai="89,50" who="1" fromWho="1" sc="347,-10,130,48,191,-18,322,-10" /><INIT seed="7,0,0,3,0,50" ten="337,178,173,312" oya="3" hai0="67,112,4,36,82,96,44,0,34,97,88,25,39" hai1="77,84,56,45,127,40,99,75,59,134,16,72,121" hai2="71,114,31,37,103,90,46,15,107,130,22,48,104" hai3="33,11,113,35,109,54,83,86,47,28,133,118,2"/><W70/><G118/><T24/><D112/><U76/><E121/><V110/><F110/><W108/><G70/><T10/><D67/><U52/><E134/><V95/><F71/><W131/><G133/><T18/><D25/><U66/><E127/><V129/><F114/><W92/><G131/><N who="2" m="50185" /><F103/><W74/><G74/><T124/><D124/><U120/><E120/><V21/><F37/><W101/><G28/><T51/><D82/><U69/><E69/><V85/><F15/><W23/><G23/><N who="2" m="8713" /><F31/><W8/><G113/><T73/><D73/><U116/><E116/><V89/><F90/><N who="3" m="51551" /><G2/><T43/><D88/><U30/><E30/><V125/><F125/><W9/><G92/><T60/><D18/><U122/><E122/><V7/><F7/><W98/><G98/><T29/><D60/><N who="1" m="38175" /><E76/><V58/><F58/><W128/><G101/><T53/><D36/><N who="1" m="21639" /><E99/><V78/><F78/><W132/><G132/><T100/><D100/><U111/><E111/><N who="3" m="42570" /><G128/><T135/><D135/><U3/><E3/><V80/><F95/><W20/><G20/><T55/><D55/><AGARI ba="0,0" hai="46,48,55,80,85,89,104,107" m="8713,50185" machi="55" ten="30,2000,0" yaku="19,1,52,1" doraHai="50" who="2" fromWho="0" sc="337,-20,178,0,173,20,312,0" owari="317,42.0,178,-32.0,193,-21.0,312,11.0" /></mjloggm>