<mjloggm ver="2.3"><GO type="185" lobby="0"/><UN n0="%E9%96%A2%E8%A5%BF%E9%9B%80%E5%A3%AB%E4%BC%9A" n1="%E3%83%86%E3%82%A4%E3%83%A9%E3%83%BC%E3%83%92%E3%83%AB" n2="%E5%A4%9A%E6%9E%97%E6%99%8B" n3="" dan="16,16,16,0" rate="2102.54,2188.15,2204.78,1500.00" sx="M,F,M,C"/><TAIKYOKU oya="0"/><INIT seed="0,0,0,3,3,70" ten="350,350,350,0" oya="0" hai0="44,69,87,102,32,67,43,92,77,68,41,124,127" hai1="133,126,101,81,45,38,66,80,113,134,86,36,64" hai2="54,82,98,116,118,89,1,109,62,63,91,73,88" hai3=""/><T104/><D32/><U103/><E45/><V135/><F1/><T84/><D104/><U42/><E42/><V35/><F35/><T59/><D102/><U121/><E86/><V0/><F0/><T47/><D77/><U75/><E75/><V37/><F135/><T55/><D92/><U3/><E3/><V105/><F37/><T79/><D79/><U53/><E53/><V78/><F109/><T131/><D131/><U130/><E130/><V52/><F62/><T123/><N who="0" m="31520" /><T56/><D67/><U61/><E61/><V46/><F54/><AGARI ba="0,0" hai="41,43,44,47,54,55,56,59,68,69,84,87,124,127" m="31520" machi="54" ten="25,4800,0" yaku="22,2,52,1" doraHai="70" who="0" fromWho="2" sc="350,48,350,0,350,-48,0,0" /><INIT seed="0,1,0,1,2,65" ten="398,350,302,0" oya="0" hai0="109,50,99,47,118,102,111,86,117,36,106,92,107" hai1="48,110,2,57,58,77,119,37,130,116,96,71,105" hai2="94,66,33,112,72,114,35,1,64,127,39,52,93" hai3=""/><T115/><D36/><U131/><E2/><V40/><F1/><T75/><D75/><U120/><N who="1" m="30752" /><U44/><E37/><V89/><F72/><T122/><N who="0" m="31264" /><T129/><D115/><U43/><E77/><V88/><F39/><T85/><D129/><N who="1" m="49163" /><E110/><N who="0" m="41993" /><D50/><U124/><E124/><V101/><F40/><T98/><D47/><U78/><E78/><V3/><F3/><T125/><D125/><U83/><E83/><V87/><F127/><T41/><D41/><U103/><E71/><V82/><F82/><T62/><D62/><U69/><E69/><V55/><F101/><T97/><D107/><U123/><N who="1" m="31520" /><U42/><E43/><V74/><F74/><T34/><D34/><U38/><E38/><V128/><F128/><T134/><D134/><U70/><E70/><V104/><F104/><T0/><D0/><U73/><E73/><V135/><REACH who="2" step="1"/><F87/><REACH who="2" ten="398,350,292,0" step="2"/><N who="0" m="33290" /><D106/><U32/><E32/><V108/><F108/><T67/><D67/><U90/><E42/><V56/><F56/><T54/><D54/><U113/><E57/><V126/><F126/><T51/><D51/><U49/><E58/><V46/><F46/><T80/><D80/><U61/><E48/><V45/><F45/><T68/><D68/><U100/><E49/><RYUUKYOKU ba="1,1" sc="398,10,350,-20,292,10,0,0" hai0="92,97,98,99,102,117,118" hai2="33,35,52,55,64,66,88,89,93,94,112,114,135" /><INIT seed="0,2,1,3,2,109" ten="408,330,302,0" oya="0" hai0="130,47,108,76,66,55,113,74,32,78,46,61,90" hai1="36,87,81,45,49,44,41,79,2,42,106,54,135" hai2="68,57,39,70,63,72,107,53,99,115,75,50,98" hai3=""/><T89/><D32/><U132/><E2/><V100/><F39/><T125/><D130/><U110/><E106/><V114/><F99/><T33/><D33/><U43/><E110/><V71/><REACH who="2" step="1"/><F63/><REACH who="2" ten="408,330,292,0" step="2"/><T80/><D108/><U64/><E64/><V0/><F0/><T112/><D125/><U93/><E36/><V65/><F65/><T101/><D66/><U51/><REACH who="1" step="1"/><E93/><REACH who="1" ten="408,320,292,0" step="2"/><V37/><F37/><T86/><D61/><U123/><N who="1" m="31520" /><U102/><E102/><V48/><F48/><T35/><D101/><U134/><AGARI ba="2,3" hai="41,42,43,44,45,49,51,54,79,81,87,132,134,135" m="31520" machi="134" ten="30,5900,0" yaku="1,1,0,1,20,1,52,1,53,0" doraHai="109" doraHaiUra="60" who="1" fromWho="1" sc="408,-41,320,93,292,-22,0,0" /><INIT seed="1,0,0,5,5,67" ten="367,413,270,0" oya="1" hai0="41,100,106,70,57,48,84,66,54,87,50,98,83" hai1="99,59,32,96,127,45,75,43,133,125,104,113,77" hai2="0,62,56,117,74,76,122,42,81,86,1,116,63" hai3=""/><U111/><E32/><V60/><N who="2" m="31264" /><V65/><F42/><T40/><D87/><U36/><E113/><V89/><F60/><T44/><D41/><U112/><E112/><V71/><F117/><T79/><D66/><U35/><E35/><V85/><F116/><T101/><REACH who="0" step="1"/><D100/><REACH who="0" ten="357,413,270,0" step="2"/><U126/><E125/><V105/><F86/><T80/><D80/><U39/><E126/><V37/><F37/><T52/><D52/><U118/><E127/><V93/><F105/><T131/><D131/><U128/><E128/><V33/><F33/><T95/><D95/><U49/><E104/><V88/><F89/><T72/><D72/><U78/><E75/><V94/><F93/><T109/><D109/><U119/><E111/><V92/><F94/><T51/><D51/><U129/><E129/><V3/><REACH who="2" step="1"/><F62/><REACH who="2" ten="357,413,260,0" step="2"/><T90/><D90/><U121/><E118/><V46/><F46/><T69/><AGARI ba="0,2" hai="40,44,48,50,54,57,69,70,79,83,84,98,101,106" machi="69" ten="30,6000,1" yaku="1,1,0,1,52,2,53,1" doraHai="67" doraHaiUra="73" who="0" fromWho="0" sc="357,80,413,-40,260,-20,0,0" /><INIT seed="2,0,0,2,4,54" ten="437,373,240,0" oya="2" hai0="103,126,33,1,35,131,111,89,71,92,74,85,130" hai1="114,82,83,43,75,45,57,55,66,104,34,56,110" hai2="38,112,2,84,76,121,125,70,127,128,73,41,113" hai3=""/><V87/><N who="2" m="31008" /><V123/><N who="2" m="31520" /><V97/><F2/><T120/><N who="0" m="30752" /><T79/><D71/><U93/><E34/><V3/><F3/><T129/><D1/><U96/><E104/><V48/><F70/><T47/><D126/><N who="2" m="48138" /><F38/><T78/><D111/><U77/><E110/><V67/><F67/><T37/><D103/><U102/><E82/><V72/><F128/><T61/><D61/><U109/><E109/><V36/><F36/><T100/><D100/><U64/><E56/><V115/><F97/><T133/><D133/><U0/><E114/><V58/><F76/><N who="0" m="29226" /><D74/><N who="2" m="28778" /><F41/><AGARI ba="0,0" hai="33,35,37,41,47,85,89,92,129,130,131" m="29226,30752" machi="41" ten="40,2600,0" yaku="19,1,52,1" doraHai="54" who="0" fromWho="2" sc="437,26,373,0,240,-26,0,0" /><INIT seed="4,0,0,1,4,93" ten="463,373,214,0" oya="0" hai0="101,57,99,107,49,43,62,42,69,1,112,55,100" hai1="76,66,65,2,77,96,85,60,75,110,128,121,68" hai2="52,50,94,117,81,36,130,113,127,115,32,129,53" hai3=""/><T120/><N who="0" m="30752" /><T67/><D1/><U48/><N who="1" m="31008" /><U46/><E2/><V116/><F32/><T84/><D112/><N who="2" m="43082" /><F36/><T61/><D101/><U44/><E128/><N who="2" m="49259" /><F81/><T98/><D98/><U79/><E85/><V133/><F133/><T105/><D105/><U59/><E75/><V38/><F38/><T41/><REACH who="0" step="1"/><D84/><REACH who="0" ten="453,373,214,0" step="2"/><U82/><E96/><V34/><F34/><T73/><D73/><U135/><E135/><V95/><F127/><T122/><N who="0" m="31264" /><T102/><D102/><U114/><E114/><V35/><F35/><T123/><N who="0" m="31520" /><T103/><D103/><U86/><E86/><V0/><F0/><T92/><D92/><N who="2" m="35370" /><F53/><T72/><D72/><U63/><E82/><V87/><F87/><T132/><D132/><U104/><E77/><V111/><F111/><T88/><D88/><U37/><E110/><V40/><F40/><T134/><D134/><U70/><E76/><V33/><F33/><T45/><AGARI ba="0,1" hai="41,42,43,45,49,55,57,61,62,67,69,99,100,107" m="31520,31264,30752" machi="45" ten="30,12000,2" yaku="1,1,0,1,52,4,53,0" doraHai="93" doraHaiUra="3" who="0" fromWho="0" sc="453,130,373,-60,214,-60,0,0" /><INIT seed="4,1,0,2,3,113" ten="583,313,154,0" oya="0" hai0="64,115,35,111,103,38,117,120,99,134,91,68,39" hai1="69,34,127,59,40,45,37,108,122,61,95,76,66" hai2="46,70,3,106,90,80,104,51,84,77,118,43,47" hai3=""/><T83/><N who="0" m="30752" /><T0/><D35/><U74/><N who="1" m="31264" /><U97/><E34/><V100/><F3/><T87/><D0/><U55/><E108/><V1/><F1/><T123/><N who="0" m="31520" /><T53/><D111/><U89/><E127/><V44/><F70/><T132/><D115/><U126/><E126/><V71/><F71/><T41/><D53/><U101/><E76/><V102/><F118/><T133/><D41/><U86/><E74/><V135/><F135/><T58/><D68/><U48/><E86/><V32/><F32/><T107/><D117/><U36/><REACH who="1" step="1"/><E101/><REACH who="1" ten="583,303,154,0" step="2"/><V78/><F102/><T96/><D96/><U33/><E33/><V109/><F100/><T56/><D64/><U42/><E42/><V125/><F109/><T130/><D130/><U92/><E92/><V52/><F125/><T75/><D75/><U88/><E88/><V121/><N who="2" m="31008" /><V114/><F77/><T131/><D131/><U50/><AGARI ba="1,1" hai="36,37,40,45,48,50,55,59,61,66,69,89,95,97" m="31264" machi="50" ten="20,3900,0" yaku="1,1,0,1,7,1,52,1,53,0" doraHai="113" doraHaiUra="72" who="1" fromWho="1" sc="583,-27,303,51,154,-14,0,0" /><INIT seed="5,0,0,2,1,75" ten="556,354,140,0" oya="1" hai0="124,118,79,74,112,48,41,103,127,109,90,78,34" hai1="56,116,2,105,82,134,38,101,119,65,111,60,45" hai2="104,96,57,106,70,98,91,83,46,42,108,121,62" hai3=""/><U49/><E2/><V59/><N who="2" m="31008" /><V37/><F108/><T66/><D34/><U36/><E105/><V126/><F126/><N who="0" m="48170" /><D74/><U99/><E111/><V123/><N who="2" m="31520" /><V129/><F129/><T86/><D109/><U84/><E134/><V44/><F70/><T35/><D112/><U117/><E99/><V128/><F128/><T115/><D115/><U135/><E101/><V51/><F106/><T64/><D35/><U97/><E97/><V76/><F57/><T1/><D1/><U68/><E135/><V55/><F91/><T32/><D103/><U52/><REACH who="1" step="1"/><E68/><REACH who="1" ten="556,344,140,0" step="2"/><V114/><F104/><T89/><D32/><U113/><E113/><V40/><REACH who="2" step="1"/><F114/><REACH who="2" ten="556,344,130,0" step="2"/><T93/><D118/><U87/><E87/><AGARI ba="0,2" hai="37,40,42,44,46,51,55,59,62,76,83,87,96,98" m="31520,31008" machi="87" ten="30,12000,2" yaku="1,1,2,1,7,1,52,3,53,0" doraHai="75" doraHaiUra="132" who="2" fromWho="1" sc="556,0,344,-120,130,140,0,0" /><INIT seed="6,0,0,4,4,49" ten="556,224,270,0" oya="2" hai0="93,65,92,131,40,109,117,71,103,124,101,59,44" hai1="127,95,88,45,130,79,118,128,55,111,74,82,120" hai2="58,114,63,129,107,102,90,134,87,37,60,56,81" hai3=""/><V32/><F32/><T112/><D117/><U70/><N who="1" m="30752" /><U38/><E70/><V84/><F37/><T94/><D109/><U43/><E111/><V33/><F33/><T72/><D71/><U66/><E66/><V50/><F129/><N who="1" m="49769" /><E118/><V91/><F50/><T80/><D124/><U123/><N who="1" m="31520" /><U113/><E113/><V51/><F51/><T68/><D112/><U76/><E127/><V119/><F119/><T116/><D68/><U35/><E35/><V73/><F114/><T53/><D65/><U52/><E79/><V48/><F134/><T96/><D116/><U57/><E57/><V122/><N who="2" m="31264" /><V46/><F56/><T2/><D2/><U36/><E38/><V115/><F115/><T75/><D131/><U100/><E100/><V77/><F58/><T39/><D103/><U62/><E62/><V89/><F60/><T34/><D34/><U0/><E0/><V135/><F135/><T108/><D108/><U106/><E106/><V61/><F61/><T104/><D80/><U69/><E69/><V83/><F63/><T41/><D41/><U3/><E3/><V54/><F81/><T67/><D67/><U47/><E47/><V1/><F1/><T86/><D86/><AGARI ba="0,0" hai="36,43,45,52,55,74,76,82,86,88,95" m="31520,49769,30752" machi="86" ten="30,12000,2" yaku="19,1,52,4,54,2" doraHai="49" who="1" fromWho="0" sc="556,-120,224,120,270,0,0,0" owari="436,39.0,344,-6.0,270,-33.0,0,0.0" /></mjloggm>