<mjloggm ver="2.3"><GO type="225" lobby="0"/><UN n0="%E5%A4%A9%E3%83%8E%E5%B7%9D%E6%B2%99%E5%A4%9C" n1="%E8%A8%88%E7%AE%97%E6%A9%9F%E8%87%AA%E7%84%B6" n2="%E3%83%98%E3%82%AF%E3%82%B5%E3%83%BC" n3="%E3%83%AD%E3%83%9C%E3%82%B3%E3%83%97" dan="16,18,16,16" rate="2190.19,2273.78,2111.26,2125.53" sx="F,M,M,M"/><TAIKYOKU oya="0"/><INIT seed="0,0,0,0,3,14" ten="250,250,250,250" oya="0" hai0="120,86,34,77,128,122,11,93,61,37,116,130,22" hai1="80,106,64,114,74,83,30,9,105,25,69,23,32" hai2="53,51,26,129,41,96,48,62,104,118,2,127,98" hai3="33,47,10,20,117,131,79,17,103,60,46,133,87"/><T100/><D37/><U1/><E83/><V108/><F127/><W63/><G117/><T36/><D36/><U121/><E121/><V39/><F129/><N who="0" m="49770" /><D34/><U8/><E8/><V113/><F113/><W134/><G131/><T84/><D116/><U97/><E114/><V112/><F112/><W45/><G33/><T27/><D11/><U124/><E124/><V6/><F118/><W72/><G10/><T66/><D100/><U75/><E23/><V49/><F108/><W65/><G103/><T81/><D93/><U85/><E85/><V24/><F104/><N who="1" m="40041" /><E97/><V82/><F82/><N who="3" m="47583" /><G72/><T132/><D84/><U21/><E21/><V42/><F39/><W29/><G29/><N who="0" m="17655" /><D132/><N who="3" m="50793" /><G65/><T54/><D54/><U126/><E126/><V88/><F53/><W28/><G28/><T99/><D99/><U73/><E80/><V38/><F96/><W68/><G68/><AGARI ba="0,0" hai="61,66,68,77,81,86,120,122" m="17655,49770" machi="68" ten="30,1500,0" yaku="19,1" doraHai="14" who="0" fromWho="3" sc="250,15,250,0,250,0,250,-15" /><INIT seed="0,1,0,3,3,67" ten="265,250,250,235" oya="0" hai0="61,44,25,7,110,33,90,14,100,70,77,6,120" hai1="134,45,94,65,113,99,131,31,42,40,59,126,5" hai2="91,95,57,68,74,123,85,86,116,98,69,108,0" hai3="125,82,2,58,11,51,128,12,43,79,37,101,9"/><T48/><D120/><U71/><E126/><V19/><F123/><W117/><G117/><T22/><D33/><U76/><E131/><V114/><F114/><W109/><G128/><T23/><D77/><U26/><E113/><V133/><F74/><W55/><G125/><T41/><D100/><U124/><E124/><V92/><F108/><W96/><G109/><T49/><D110/><U89/><E134/><V62/><F133/><W18/><G37/><T104/><D104/><U47/><E5/><V39/><F116/><W15/><G43/><N who="1" m="16426" /><E71/><V10/><F39/><W107/><G2/><T81/><D49/><U119/><E76/><V118/><F118/><W135/><G135/><T63/><D70/><U105/><E105/><V72/><F72/><W3/><G3/><T75/><D75/><U127/><E119/><V17/><F0/><W73/><REACH who="3" step="1"/><G15/><REACH who="3" ten="265,250,250,225" step="2"/><T102/><D14/><U50/><E127/><V78/><F78/><W16/><G16/><T80/><D41/><U28/><E28/><V56/><F17/><W103/><G103/><T24/><D102/><U8/><E31/><V111/><F111/><W53/><G53/><T93/><D7/><U106/><E106/><V121/><F19/><W97/><G97/><T130/><D6/><U64/><E99/><V83/><F98/><W30/><G30/><T115/><D130/><U1/><E1/><V132/><F132/><W35/><G35/><T20/><D115/><U54/><E54/><V21/><F121/><W87/><G87/><T84/><D84/><U52/><E52/><N who="2" m="34055" /><F85/><W4/><G4/><T112/><D112/><RYUUKYOKU ba="1,1" sc="265,-10,250,-10,250,-10,225,30" hai3="9,11,12,18,51,55,58,73,79,82,96,101,107" /><INIT seed="1,2,1,4,4,113" ten="255,240,240,255" oya="1" hai0="16,22,38,43,81,132,115,31,71,105,66,36,92" hai1="45,86,41,40,103,24,68,57,96,33,108,37,27" hai2="70,130,123,98,112,29,8,2,125,111,74,87,34" hai3="64,47,55,23,109,120,110,19,131,62,78,60,7"/><U102/><E68/><V116/><F87/><W15/><G120/><T25/><D105/><U5/><E5/><V4/><F98/><W94/><G131/><T83/><D115/><U93/><E108/><N who="3" m="41578" /><G78/><T72/><D132/><U134/><E134/><V117/><F8/><W99/><G7/><T10/><D43/><U69/><E69/><V97/><F97/><W65/><G47/><T135/><D135/><U107/><E40/><V84/><F84/><W106/><G106/><T114/><D114/><U101/><E57/><V76/><F76/><W88/><G55/><T80/><D72/><U82/><E107/><V53/><F29/><W73/><G73/><T51/><D51/><U90/><REACH who="1" step="1"/><E33/><REACH who="1" ten="255,230,240,255" step="2"/><V6/><F6/><W89/><G89/><AGARI ba="2,2" hai="24,27,37,41,45,82,86,89,90,93,96,101,102,103" machi="89" ten="40,3900,0" yaku="1,1,2,1,53,0" doraHai="113" doraHaiUra="126" who="1" fromWho="3" sc="255,0,230,65,240,0,255,-45" /><INIT seed="1,3,0,3,4,14" ten="255,295,240,210" oya="1" hai0="83,108,106,90,22,133,53,98,113,81,82,3,6" hai1="87,80,48,71,130,42,73,10,85,97,134,12,131" hai2="77,4,0,122,2,31,103,56,64,39,19,93,63" hai3="44,112,18,24,60,51,29,8,69,11,100,41,62"/><U116/><E116/><V59/><F122/><W95/><G112/><T114/><D108/><U50/><E71/><V120/><F120/><W43/><G43/><T9/><D133/><U104/><E134/><V118/><F118/><W45/><G45/><T46/><D22/><U107/><E73/><V124/><F124/><W110/><G110/><T96/><D96/><U70/><E70/><V30/><F39/><W34/><G69/><T109/><D109/><U7/><E85/><V94/><F77/><W123/><G123/><T32/><D32/><U35/><E35/><V21/><F4/><W57/><G62/><T36/><D90/><U125/><E125/><V66/><F103/><W55/><G100/><T84/><D84/><U20/><E20/><V13/><F0/><W54/><G95/><N who="2" m="36361" /><F2/><W15/><REACH who="3" step="1"/><G11/><REACH who="3" ten="255,295,240,200" step="2"/><T117/><D117/><U47/><E48/><V129/><F129/><N who="1" m="49161" /><E97/><V91/><F91/><AGARI ba="3,1" hai="7,10,12,42,47,50,80,87,91,104,107" m="49161" machi="91" ten="30,1500,0" yaku="19,1" doraHai="14" who="1" fromWho="2" sc="255,0,295,34,240,-24,200,0" /><INIT seed="1,4,0,4,5,96" ten="255,329,216,200" oya="1" hai0="29,68,105,39,126,40,62,24,135,59,66,106,79" hai1="12,130,46,54,112,52,95,72,115,2,32,25,3" hai2="45,18,82,63,71,108,0,65,84,83,22,64,14" hai3="116,28,7,47,76,74,114,33,94,60,5,16,124"/><U119/><E119/><V21/><F108/><W101/><G114/><T97/><D126/><U90/><E72/><V129/><F129/><W20/><G116/><T88/><D135/><U123/><E123/><V17/><F0/><W56/><G124/><T38/><D79/><U104/><E104/><V113/><F113/><W111/><G111/><T15/><D15/><U67/><E67/><V122/><F122/><W98/><G47/><T37/><D40/><U91/><E12/><V86/><F64/><W80/><G28/><T58/><D105/><U81/><E95/><V128/><F128/><W120/><G33/><T132/><D132/><U19/><E46/><V99/><F99/><W26/><REACH who="3" step="1"/><G120/><REACH who="3" ten="255,329,216,190" step="2"/><T134/><D134/><U103/><E32/><V41/><F83/><W11/><G11/><T50/><D29/><U23/><E81/><V4/><F82/><W107/><G107/><T43/><D106/><U73/><E130/><V49/><REACH who="2" step="1"/><F4/><REACH who="2" ten="255,329,206,190" step="2"/><W85/><G85/><T31/><D97/><U48/><E115/><V69/><F69/><W131/><G131/><T100/><D68/><U109/><E112/><V44/><F44/><W1/><G1/><T10/><D58/><U125/><E2/><V34/><F34/><W117/><G117/><T127/><D59/><U110/><E3/><V55/><F55/><AGARI ba="4,2" hai="5,7,16,20,26,55,56,60,74,76,80,94,98,101" machi="55" ten="30,7700,0" yaku="1,1,7,1,52,1,54,1,53,0" doraHai="96" doraHaiUra="118" who="3" fromWho="2" sc="255,0,329,0,206,-89,190,109" /><INIT seed="2,0,0,4,3,20" ten="255,329,117,299" oya="2" hai0="116,81,68,64,42,95,33,99,134,121,70,113,54" hai1="56,75,15,2,69,131,52,0,49,57,90,129,135" hai2="114,92,32,67,7,115,124,112,13,110,66,12,71" hai3="74,103,1,18,102,25,82,72,89,85,19,122,100"/><V93/><F124/><W63/><G122/><T127/><D121/><U27/><E69/><V87/><F110/><W40/><G1/><T132/><D33/><U24/><E75/><V21/><F32/><W91/><G40/><T96/><D113/><U76/><E76/><V34/><F34/><W119/><G119/><T73/><D42/><U62/><E135/><N who="0" m="51753" /><D127/><U77/><E77/><V125/><F125/><W98/><G63/><N who="0" m="39967" /><D70/><U78/><E78/><V133/><F133/><W50/><G50/><T94/><D116/><U65/><E15/><V128/><F71/><W58/><G58/><T51/><D81/><U16/><E90/><V17/><F128/><N who="1" m="49225" /><E16/><V86/><F115/><W48/><G48/><T118/><D73/><U130/><E130/><V108/><F108/><W88/><G18/><T107/><D118/><U31/><E31/><V3/><F3/><AGARI ba="0,0" hai="0,2,3,24,27,49,52,56,57,62,65" m="49225" machi="3" ten="30,7700,0" yaku="19,1,52,2,54,1" doraHai="20" who="1" fromWho="2" sc="255,0,329,77,117,-77,299,0" /><INIT seed="3,0,0,4,2,91" ten="255,406,40,299" oya="3" hai0="14,81,29,129,92,108,22,109,118,8,31,122,94" hai1="7,46,21,114,70,57,77,26,1,19,61,59,75" hai2="32,123,53,131,83,6,16,130,43,99,48,49,60" hai3="39,65,125,24,74,25,62,90,100,98,127,44,82"/><W17/><G39/><T18/><D118/><U106/><E106/><V55/><F32/><W95/><G44/><T88/><D122/><U121/><E121/><V79/><F123/><W107/><G17/><T58/><D129/><U105/><E105/><V68/><F6/><W134/><G134/><T117/><D117/><U135/><E114/><V35/><F35/><W34/><G34/><T63/><D8/><U133/><E70/><V38/><F99/><W30/><G30/><N who="0" m="11275" /><D109/><U73/><E46/><V0/><F0/><W102/><G102/><T115/><D115/><U128/><E128/><V120/><F120/><W50/><G50/><T72/><D72/><U2/><E57/><V67/><F83/><W66/><G66/><N who="0" m="39287" /><D108/><U5/><E5/><V119/><F16/><W12/><G12/><T96/><D96/><U132/><E7/><V54/><F79/><W20/><G20/><T45/><D45/><U3/><E77/><V76/><F76/><W37/><G37/><T80/><D80/><U124/><E124/><V36/><F119/><W10/><G10/><T93/><D93/><U103/><E103/><V13/><F13/><W101/><G101/><T27/><D14/><U15/><E15/><V4/><F4/><W104/><G104/><T85/><AGARI ba="0,0" hai="18,22,27,81,85,88,92,94" m="39287,11275" machi="85" ten="30,7900,0" yaku="8,1,52,2,54,1" doraHai="91" who="0" fromWho="0" sc="255,79,406,-20,40,-20,299,-39" owari="334,13.0,386,49.0,20,-48.0,260,-14.0" /></mjloggm>