<mjloggm ver="2.3"><GO type="169" lobby="0"/><UN n0="%E9%B4%A8%E8%91%B1%E5%A4%AA%E9%83%8E" n1="%E8%88%9E%E8%8C%B8" n2="%E9%9B%AA%E6%9C%88%E9%A2%A8%E8%8A%B1" n3="%E3%83%97%E3%83%AC%E3%82%B9%E3%83%97" dan="17,18,17,17" rate="2173.02,2190.18,2234.52,2144.76" sx="M,M,F,M"/><TAIKYOKU oya="0"/><INIT seed="0,0,0,4,4,40" ten="250,250,250,250" oya="0" hai0="68,0,39,57,106,93,2,67,114,6,79,89,118" hai1="131,78,29,58,76,1,100,26,25,90,99,50,97" hai2="101,73,119,125,48,113,24,38,28,14,134,56,116" hai3="66,17,85,23,127,104,63,122,22,105,59,54,77"/><T129/><D106/><U111/><E1/><V98/><F113/><W74/><G74/><T123/><D39/><U42/><E111/><V9/><F38/><W32/><G32/><T70/><D118/><U94/><E131/><V51/><F73/><W84/><G127/><T49/><D129/><U112/><E112/><V102/><F134/><W19/><G122/><T4/><D79/><U36/><E36/><V7/><F125/><W121/><G121/><T133/><D123/><U72/><E72/><V33/><F56/><W15/><G66/><T44/><D133/><U41/><E41/><V13/><F14/><W109/><G109/><T8/><D114/><U31/><E31/><V124/><F124/><W86/><REACH who="3" step="1"/><G77/><REACH who="3" ten="250,250,250,240" step="2"/><T69/><D67/><U88/><E78/><V47/><F116/><W117/><G117/><T126/><D126/><U46/><E76/><V61/><F119/><W18/><G18/><T91/><D57/><U20/><E58/><V43/><F33/><W81/><G81/><T80/><D80/><U120/><E120/><V115/><F115/><W107/><G107/><T21/><D93/><U65/><E65/><V130/><F130/><W75/><G75/><T5/><D21/><U45/><E20/><V37/><F9/><W103/><G103/><T92/><D92/><U62/><E100/><V110/><F101/><W87/><N who="3" m="21504" /><DORA hai="64" /><W83/><G83/><T10/><D5/><U82/><E82/><V71/><F102/><W128/><G128/><T11/><D10/><U108/><E108/><V55/><F7/><W52/><G52/><AGARI ba="0,1" hai="0,2,4,6,8,11,44,49,52,68,69,70,89,91" machi="52" ten="40,18000,2" yaku="9,1,52,4,54,1" doraHai="40,64" who="0" fromWho="3" sc="250,190,250,0,250,0,240,-180" /><INIT seed="0,1,0,1,1,126" ten="440,250,250,60" oya="0" hai0="131,40,86,132,41,52,88,13,69,65,108,85,95" hai1="22,55,135,124,105,71,109,10,98,106,79,54,111" hai2="33,32,45,34,114,3,16,121,92,51,125,36,67" hai3="103,91,127,11,107,23,77,73,89,113,66,99,61"/><T7/><D132/><U60/><E135/><V81/><F125/><W74/><G127/><T0/><D0/><U119/><E119/><V115/><F3/><W6/><G113/><T27/><D69/><U80/><E124/><V123/><F36/><W9/><G23/><T14/><D65/><U19/><E10/><V44/><F67/><W15/><G11/><T59/><D108/><U31/><E31/><V18/><F92/><W49/><G49/><T57/><D27/><U75/><E55/><V8/><F81/><W28/><G28/><T4/><D59/><U48/><E60/><V87/><F87/><W101/><G101/><T58/><D57/><U35/><E35/><V37/><F37/><W118/><G118/><T64/><D64/><U122/><E122/><N who="2" m="46603" /><F51/><W70/><REACH who="3" step="1"/><G77/><REACH who="3" ten="440,250,250,50" step="2"/><T63/><D63/><U102/><E48/><V90/><F8/><W38/><G38/><T24/><D41/><U50/><E109/><V72/><F114/><W29/><G29/><T21/><D40/><U117/><E111/><V133/><F115/><W94/><G94/><T93/><D95/><U84/><E117/><V128/><F32/><W129/><G129/><T46/><D131/><U100/><E100/><V116/><F33/><W1/><G1/><T78/><D78/><U110/><E110/><V76/><F128/><W97/><G97/><T53/><D93/><U26/><E98/><V120/><F116/><W68/><G68/><T62/><D62/><U134/><E71/><V12/><F120/><W104/><G104/><T130/><D130/><U82/><E102/><V42/><F34/><RYUUKYOKU ba="1,1" sc="440,-10,250,-10,250,-10,50,30" hai3="6,9,15,61,66,70,73,74,89,91,99,103,107" /><INIT seed="1,2,1,0,4,66" ten="430,240,240,80" oya="1" hai0="24,82,109,130,101,124,94,75,85,76,27,5,63" hai1="90,119,39,95,122,99,120,116,108,46,98,113,79" hai2="114,106,28,59,117,21,0,8,37,3,74,126,31" hai3="67,80,54,128,70,23,35,129,30,71,22,103,29"/><U88/><E39/><V9/><F37/><W131/><G103/><T41/><D130/><U72/><E113/><V43/><F59/><W16/><G67/><T77/><D5/><U20/><E20/><N who="3" m="7722" /><G80/><T55/><D41/><U6/><E6/><V104/><F114/><W48/><G16/><T125/><D76/><U14/><E14/><V92/><F21/><W115/><G115/><T18/><D18/><U15/><E15/><V127/><F92/><W56/><G35/><T2/><D2/><U69/><E46/><V10/><F10/><W60/><G60/><T86/><D86/><U91/><E108/><V47/><F47/><W38/><G38/><T25/><D109/><U36/><E36/><V58/><F58/><W50/><G50/><T132/><D55/><U51/><E51/><V7/><F7/><W44/><G56/><T111/><D63/><U40/><E91/><V64/><F64/><W112/><G112/><T135/><D111/><U102/><E102/><V34/><F34/><W61/><G61/><T107/><D107/><U121/><E121/><V96/><F43/><W134/><G134/><N who="0" m="51243" /><D101/><U87/><E40/><V123/><F123/><W89/><G89/><AGARI ba="2,1" hai="24,25,27,75,77,82,85,89,94,124,125" m="51243" machi="89" ten="40,1300,0" yaku="20,1" doraHai="66" who="0" fromWho="3" sc="430,29,240,0,240,0,80,-19" /><INIT seed="2,0,0,5,2,3" ten="459,240,240,61" oya="2" hai0="115,122,63,78,61,38,55,29,68,128,53,107,28" hai1="26,88,48,11,2,91,49,32,31,47,135,4,43" hai2="132,18,114,1,133,108,5,54,92,102,30,13,123" hai3="121,39,124,67,42,120,7,109,21,96,25,60,118"/><V64/><F123/><W81/><G118/><T101/><D122/><U87/><E135/><V110/><F64/><W74/><G109/><N who="2" m="42089" /><F54/><W73/><G124/><T111/><D38/><U57/><E57/><V6/><F1/><W20/><G96/><T8/><D78/><U65/><E65/><V40/><F40/><W126/><G126/><T34/><D34/><U103/><E103/><V27/><F92/><W12/><G73/><T129/><D101/><U99/><E99/><V106/><F102/><W127/><G127/><T45/><D8/><U24/><E24/><V125/><F114/><W100/><G100/><T93/><D93/><U113/><E113/><V62/><F62/><W131/><G131/><T36/><D111/><U83/><REACH who="1" step="1"/><E91/><REACH who="1" ten="459,230,240,61" step="2"/><V119/><F125/><W75/><G120/><T95/><D115/><U51/><AGARI ba="0,1" hai="2,4,11,26,31,32,43,47,48,49,51,83,87,88" machi="51" ten="20,12000,2" yaku="1,1,2,1,0,1,7,1,52,1,54,1,53,0" doraHai="3" doraHaiUra="94" who="1" fromWho="1" sc="459,-30,230,130,240,-60,61,-30" /><INIT seed="3,0,0,0,0,124" ten="429,360,180,31" oya="3" hai0="135,31,115,51,129,13,15,53,18,36,64,1,88" hai1="39,37,17,63,58,100,30,95,19,77,86,131,32" hai2="70,28,35,43,126,26,54,60,82,68,52,92,96" hai3="87,111,14,101,44,117,9,127,113,21,16,41,89"/><W65/><G117/><T112/><D36/><U76/><E32/><V119/><F126/><W75/><G113/><T78/><D78/><U42/><E30/><V48/><F119/><W6/><G127/><T73/><D73/><U83/><E77/><V99/><F43/><W61/><G75/><T125/><D1/><U118/><E19/><V102/><F82/><W69/><G111/><T22/><D64/><U33/><E33/><V40/><F40/><W120/><G120/><T57/><D125/><U110/><E110/><V7/><F7/><W104/><G101/><T121/><D121/><U59/><E59/><V0/><F0/><W2/><G104/><T114/><D135/><U20/><E95/><V107/><F60/><W106/><G106/><T71/><D71/><U91/><E91/><V80/><F80/><W11/><G11/><T55/><D31/><U24/><E42/><V4/><F54/><W74/><G74/><T105/><D105/><U130/><E100/><V134/><F4/><W12/><G44/><T23/><D53/><U132/><E132/><V56/><F134/><W81/><REACH who="3" step="1"/><G41/><REACH who="3" ten="429,360,180,21" step="2"/><T25/><D112/><U84/><E118/><V98/><F98/><W133/><G133/><T79/><D114/><U50/><E39/><V108/><F108/><W128/><G128/><T67/><D129/><U103/><E37/><V62/><REACH who="2" step="1"/><F48/><REACH who="2" ten="429,360,170,21" step="2"/><W109/><G109/><T38/><D51/><U46/><E50/><V123/><F123/><W45/><G45/><T94/><D38/><U5/><E130/><V27/><F27/><AGARI ba="0,2" hai="2,6,9,12,14,16,21,27,61,65,69,81,87,89" machi="27" ten="30,5800,0" yaku="1,1,7,1,54,1,53,0" doraHai="124" doraHaiUra="29" who="3" fromWho="2" sc="429,0,360,0,170,-58,21,78" /><INIT seed="3,1,0,1,2,25" ten="429,360,112,99" oya="3" hai0="98,50,87,121,75,69,102,63,76,78,32,19,28" hai1="24,71,73,122,95,130,3,34,53,105,27,83,129" hai2="66,89,101,5,44,135,4,124,0,10,49,100,14" hai3="33,21,134,31,2,114,77,8,52,48,68,67,99"/><W88/><G114/><T79/><D121/><U125/><E122/><V56/><F135/><W15/><G134/><T61/><D75/><U47/><E105/><V128/><F124/><W38/><G38/><T40/><D87/><U131/><E125/><V45/><F128/><W119/><G119/><T127/><D127/><U82/><E71/><V18/><F89/><W86/><G33/><T7/><D7/><N who="2" m="2634" /><F0/><W16/><G2/><T113/><D19/><U1/><E95/><V96/><F96/><W72/><G72/><T91/><D91/><U80/><E73/><V103/><F66/><W12/><G67/><T46/><D69/><U112/><E112/><V51/><F51/><W116/><G68/><T104/><D113/><U74/><E74/><V22/><F10/><W17/><G116/><T35/><D35/><U30/><E27/><V42/><F45/><N who="3" m="27663" /><G31/><T60/><D28/><U133/><E133/><V111/><F111/><W94/><G77/><T81/><D32/><U109/><E109/><V123/><F123/><W62/><G62/><T41/><D41/><U97/><E97/><AGARI ba="1,0" hai="8,12,15,16,17,21,86,88,94,97,99" m="27663" machi="97" ten="30,11600,0" yaku="8,1,54,3" doraHai="25" who="3" fromWho="1" sc="429,0,360,-119,112,0,99,119" /><INIT seed="3,2,0,1,2,128" ten="429,241,112,218" oya="3" hai0="132,21,32,90,65,66,134,13,113,115,75,109,72" hai1="27,111,79,73,8,106,100,125,39,51,0,29,52" hai2="92,93,42,53,110,44,117,74,121,11,64,20,50" hai3="2,104,33,1,26,102,119,30,89,112,15,71,70"/><W24/><G119/><T3/><D3/><U62/><E111/><V46/><F117/><W94/><G112/><N who="0" m="43083" /><D32/><U41/><E125/><V12/><F74/><N who="0" m="28202" /><D109/><U77/><E106/><V135/><F110/><W34/><G104/><T95/><D21/><U101/><E62/><V45/><F121/><W9/><G102/><T84/><D13/><U14/><E0/><V47/><F64/><AGARI ba="2,0" hai="64,65,66,84,90,95,132,134" m="28202,43083" machi="64" ten="40,5200,0" yaku="11,1,52,2" doraHai="128" who="0" fromWho="2" sc="429,58,241,0,112,-58,218,0" /><INIT seed="4,0,0,0,1,38" ten="487,241,54,218" oya="0" hai0="85,56,135,35,53,68,28,6,75,134,102,58,21" hai1="4,126,2,118,5,12,131,130,51,70,20,87,115" hai2="67,77,22,29,80,60,109,129,79,124,117,34,46" hai3="13,94,43,23,48,26,64,119,37,92,74,52,103"/><T99/><D75/><U27/><E70/><V1/><F109/><W113/><G119/><T3/><D68/><U41/><E118/><V69/><F117/><W78/><G113/><T105/><D35/><U90/><E2/><V114/><F114/><W104/><G64/><T18/><D28/><U10/><E115/><V15/><F124/><W63/><G37/><T106/><D106/><U128/><E126/><V86/><F129/><W57/><G104/><T65/><D65/><U110/><E4/><V17/><F1/><W121/><G121/><T59/><D85/><U88/><E110/><V76/><F34/><W54/><G13/><T47/><D6/><U30/><E87/><V111/><F111/><W107/><G107/><T45/><D3/><U108/><E108/><V89/><F29/><W132/><G132/><N who="0" m="50731" /><D53/><U101/><E101/><V91/><REACH who="2" step="1"/><F46/><AGARI ba="0,0" hai="5,10,12,20,27,30,41,46,51,88,90,128,130,131" machi="46" ten="40,5200,0" yaku="19,1,52,1,54,1" doraHai="38" who="1" fromWho="2" sc="487,0,241,52,54,-52,218,0" /><INIT seed="5,0,0,4,1,31" ten="487,293,2,218" oya="1" hai0="79,19,29,109,32,94,92,14,34,90,118,43,89" hai1="84,21,47,83,107,16,113,0,13,4,100,93,18" hai2="130,101,111,25,24,95,124,65,17,38,103,41,28" hai3="67,36,1,81,37,86,40,78,112,110,127,35,98"/><U68/><E113/><V54/><F111/><W104/><G67/><T122/><D79/><U70/><E107/><V99/><F124/><W105/><G40/><T134/><D43/><U23/><E47/><V135/><F130/><W131/><G37/><T88/><D118/><U61/><E61/><V44/><F135/><W85/><G36/><T52/><D109/><U128/><E128/><V116/><F116/><W62/><G62/><T26/><D34/><U11/><E93/><V129/><F129/><W73/><G1/><T27/><D27/><U33/><E33/><V133/><F133/><W132/><G35/><T121/><D134/><U15/><REACH who="1" step="1"/><E100/><REACH who="1" ten="487,283,2,218" step="2"/><V51/><F65/><W82/><G132/><T60/><D94/><U22/><E22/><V10/><F101/><W9/><G131/><T119/><D92/><U57/><E57/><V75/><F75/><W69/><G112/><T63/><D119/><U97/><E97/><V115/><F115/><W125/><G98/><T53/><D63/><U7/><E7/><V108/><F108/><W2/><G73/><T71/><D60/><U64/><E64/><V77/><F28/><W49/><G110/><T5/><D5/><U50/><E50/><V55/><F38/><W80/><G49/><T102/><D102/><U106/><E106/><V120/><F120/><N who="0" m="46186" /><D71/><U74/><E74/><V126/><F126/><N who="3" m="48139" /><G69/><T46/><D46/><U6/><E6/><V20/><F10/><AGARI ba="0,1" hai="10,14,19,26,29,32,52,53,88,89,90" m="46186" machi="10" ten="30,7700,0" yaku="13,1,52,1,54,2" doraHai="31" who="0" fromWho="2" sc="487,87,283,0,2,-77,218,0" owari="574,68.0,283,8.0,-75,-58.0,218,-18.0" /></mjloggm>