<mjloggm ver="2.3"><GO type="185" lobby="0"/><UN n0="%E9%AC%BC" n1="%E4%BD%90%E8%97%A4%E7%BE%8E%E5%92%8C%E5%AD%90" n2="%E9%BE%8D%E5%B9%B3" n3="" dan="17,16,16,0" rate="2274.32,2141.27,2172.47,1500.00" sx="F,M,M,C"/><TAIKYOKU oya="0"/><INIT seed="0,0,0,4,4,84" ten="350,350,350,0" oya="0" hai0="135,55,59,132,122,92,80,32,35,117,127,34,62" hai1="97,73,69,98,79,89,123,86,113,72,85,106,103" hai2="66,131,47,133,37,0,100,58,2,78,119,70,88" hai3=""/><T67/><N who="0" m="31264" /><T120/><N who="0" m="30752" /><T57/><D117/><U110/><N who="1" m="31520" /><U56/><E69/><V102/><F119/><T75/><D127/><U60/><E110/><V111/><F111/><T41/><D41/><U61/><E113/><V94/><F78/><T99/><D80/><U36/><E36/><V104/><F104/><T40/><D40/><U3/><E3/><V112/><F112/><T91/><REACH who="0" step="1"/><D75/><REACH who="0" ten="340,350,350,0" step="2"/><U49/><E73/><V71/><F2/><T108/><D108/><U81/><E72/><V95/><F0/><T87/><D87/><U77/><E86/><V76/><F37/><T43/><D43/><U83/><E83/><V65/><F76/><T114/><D114/><U68/><E79/><V44/><F131/><T109/><D109/><U105/><E77/><V115/><F115/><T74/><D74/><U64/><E81/><V130/><F130/><T50/><AGARI ba="0,1" hai="32,34,35,50,55,57,59,62,67,91,92,99,132,135" m="30752,31264" machi="50" ten="40,8000,1" yaku="1,1,0,1,52,3,53,0" doraHai="84" doraHaiUra="101" who="0" fromWho="0" sc="340,90,350,-40,350,-40,0,0" /><INIT seed="0,1,0,4,1,35" ten="430,310,310,0" oya="0" hai0="110,121,131,69,54,44,40,133,66,112,64,2,114" hai1="83,93,88,55,74,80,50,107,39,57,1,119,82" hai2="126,98,95,33,128,52,92,60,37,0,63,58,103" hai3=""/><T56/><N who="0" m="31008" /><T67/><D131/><U111/><E119/><V59/><F33/><T102/><D102/><U116/><E116/><V87/><F37/><T68/><D133/><U134/><E134/><V75/><F75/><T41/><D2/><U90/><E107/><V34/><F34/><T120/><N who="0" m="30752" /><T51/><D40/><U89/><E111/><V117/><F117/><T123/><N who="0" m="31520" /><T32/><D32/><U99/><E1/><V115/><F115/><N who="0" m="44074" /><D110/><U43/><E74/><V46/><F128/><T76/><D76/><U113/><E113/><V118/><F118/><T48/><AGARI ba="1,0" hai="41,44,48,51,54,56,64,66,67,68,69" m="44074,31520,30752,31008" machi="48" ten="30,8000,1" yaku="34,2,52,3" doraHai="35" who="0" fromWho="0" sc="430,82,310,-41,310,-41,0,0" /><INIT seed="0,2,0,1,4,117" ten="512,269,269,0" oya="0" hai0="87,109,80,96,86,52,2,134,120,60,50,129,89" hai1="58,118,44,111,42,71,36,75,99,115,69,78,41" hai2="33,107,128,104,85,67,46,62,47,40,126,113,112" hai3=""/><T65/><N who="0" m="30752" /><T97/><D129/><U95/><E118/><V127/><F33/><T100/><D134/><U61/><E111/><V84/><F62/><T135/><D135/><U56/><E115/><V83/><F67/><T37/><D37/><U98/><E78/><V57/><F57/><T130/><D130/><U121/><N who="1" m="31008" /><U77/><E77/><V81/><F128/><T124/><D124/><U108/><E75/><V0/><REACH who="2" step="1"/><F40/><REACH who="2" ten="512,269,259,0" step="2"/><T90/><D109/><U74/><E41/><V92/><F92/><T53/><D60/><U32/><E32/><V70/><F70/><T38/><D65/><U132/><E95/><V54/><F54/><T94/><D53/><U93/><E93/><V59/><F59/><T39/><D52/><U102/><E71/><V48/><F48/><T43/><D50/><U91/><E69/><V103/><F103/><T64/><D64/><U88/><E58/><V131/><F131/><T72/><D43/><U123/><E56/><V105/><F105/><T68/><D68/><U66/><E61/><V116/><F116/><T119/><D119/><U106/><E66/><V45/><F45/><T35/><D35/><U3/><N who="1" m="31520" /><U125/><E42/><V122/><N who="2" m="31264" /><V34/><F34/><RYUUKYOKU ba="2,1" sc="512,-10,269,-10,259,20,0,0" hai2="0,46,47,81,83,84,85,104,107,112,113,126,127" /><INIT seed="1,3,1,2,5,123" ten="502,259,279,0" oya="1" hai0="105,112,63,132,74,122,101,115,68,32,36,82,96" hai1="100,3,37,130,109,88,118,106,117,56,128,131,94" hai2="66,133,44,62,89,79,52,67,90,84,76,104,134" hai3=""/><U47/><E3/><V125/><F104/><T83/><N who="0" m="31264" /><T99/><D32/><U46/><E109/><V33/><F33/><T69/><D132/><U53/><E100/><V135/><F125/><T70/><D36/><U75/><E75/><V57/><F90/><T35/><D35/><U60/><E106/><V124/><F124/><T72/><D63/><U39/><E39/><V102/><F102/><T87/><D87/><U111/><E111/><V50/><REACH who="2" step="1"/><F66/><REACH who="2" ten="502,259,269,0" step="2"/><T58/><D101/><U98/><REACH who="1" step="1"/><E37/><REACH who="1" ten="502,249,269,0" step="2"/><V43/><F43/><T78/><D105/><U114/><E114/><V59/><F59/><T65/><D115/><U129/><N who="1" m="32768" /><DORA hai="64" /><U40/><E40/><V93/><AGARI ba="3,3" hai="44,50,52,57,62,67,76,79,84,89,93,133,134,135" machi="93" ten="30,5900,0" yaku="1,1,0,1,20,1,54,1,53,0" doraHai="123,64" doraHaiUra="77,108" who="2" fromWho="2" sc="502,-23,249,-42,269,95,0,0" /><INIT seed="2,0,0,5,3,111" ten="479,207,364,0" oya="2" hai0="76,59,62,125,88,103,82,109,58,33,92,54,108" hai1="42,107,32,2,133,106,113,38,129,117,55,84,124" hai2="100,101,83,89,48,46,34,67,112,51,68,120,81" hai3=""/><V90/><N who="2" m="30752" /><V72/><F34/><T85/><D125/><U37/><E55/><V66/><F112/><T98/><D33/><U93/><E42/><V132/><F132/><T77/><D59/><U110/><E93/><V94/><F94/><T80/><REACH who="0" step="1"/><D103/><REACH who="0" ten="469,207,364,0" step="2"/><U115/><E124/><V52/><F68/><T45/><D45/><U57/><E57/><V69/><F69/><T97/><D97/><U116/><E32/><V118/><F118/><T135/><D135/><U0/><E133/><V41/><F66/><T122/><N who="0" m="31264" /><T87/><AGARI ba="0,1" hai="54,58,62,76,77,80,82,85,87,88,92,98,108,109" m="31264" machi="87" ten="30,9000,2" yaku="1,1,4,1,0,1,9,1,52,1,54,1,53,0" doraHai="111" doraHaiUra="40" who="0" fromWho="0" sc="469,100,207,-30,364,-60,0,0" /><INIT seed="4,0,0,0,3,75" ten="569,177,304,0" oya="0" hai0="82,126,0,45,3,49,71,2,130,88,69,56,53" hai1="111,114,123,36,41,42,94,85,96,95,1,81,43" hai2="113,120,37,106,135,84,121,59,118,90,58,66,50" hai3=""/><T38/><D126/><U92/><N who="1" m="31520" /><U67/><E111/><V101/><N who="2" m="30752" /><V77/><N who="2" m="31008" /><V93/><F37/><T72/><D130/><U115/><E1/><V34/><F34/><T80/><D80/><U109/><E109/><V122/><N who="2" m="31264" /><V128/><F128/><T91/><D91/><U110/><E110/><V32/><F32/><T133/><D133/><U46/><E96/><V74/><F135/><T76/><D88/><U68/><E67/><V98/><F118/><T100/><D100/><U60/><E60/><V47/><F66/><T104/><D104/><U63/><E63/><V52/><F113/><N who="1" m="43017" /><E68/><V107/><F107/><T87/><D69/><U40/><E95/><V99/><F99/><T124/><D71/><U112/><N who="1" m="43025" /><U117/><DORA hai="64" /><E117/><V79/><F74/><T86/><D124/><U119/><E119/><V127/><F127/><T61/><REACH who="0" step="1"/><D38/><REACH who="0" ten="559,177,304,0" step="2"/><U48/><E36/><V131/><F131/><T116/><D116/><U83/><E83/><V39/><F39/><T57/><D57/><U78/><AGARI ba="0,1" hai="40,41,42,43,46,48,78,81,85,92,94" m="43025,31520" machi="78" ten="50,6000,1" yaku="15,1,11,1,52,2" doraHai="75,64" who="1" fromWho="1" sc="559,-40,177,70,304,-20,0,0" /><INIT seed="5,0,0,0,5,132" ten="519,247,284,0" oya="1" hai0="131,50,78,54,69,2,92,34,119,74,110,82,38" hai1="35,39,96,111,91,112,56,98,129,124,68,61,47" hai2="126,94,1,90,80,40,32,79,88,58,67,123,63" hai3=""/><U76/><E35/><V130/><N who="2" m="31520" /><V45/><F32/><T135/><D110/><U60/><E111/><V116/><F116/><T55/><D38/><U44/><E76/><V0/><F130/><T114/><D114/><U87/><E129/><V46/><F46/><T59/><D2/><U83/><E112/><V81/><F126/><T71/><D135/><U77/><E124/><V75/><F81/><T84/><D131/><U93/><E39/><V100/><F100/><T3/><D3/><U122/><N who="1" m="31264" /><U101/><E68/><V95/><F95/><T41/><D41/><U118/><E118/><V128/><F128/><T48/><D119/><U121/><N who="1" m="31008" /><U89/><E61/><V115/><F90/><N who="1" m="34313" /><E98/><V53/><F67/><AGARI ba="0,0" hai="44,47,56,60,67,77,83,87,93,96,101" m="34313,31008,31264" machi="67" ten="30,5800,0" yaku="8,1,52,2" doraHai="132" who="1" fromWho="2" sc="519,0,247,58,284,-58,0,0" /><INIT seed="5,1,0,2,2,111" ten="519,305,226,0" oya="1" hai0="58,129,55,39,109,88,56,87,89,122,131,116,57" hai1="123,68,60,47,67,121,97,2,98,70,45,59,120" hai2="50,77,126,85,118,65,103,35,95,36,105,112,117" hai3=""/><U73/><N who="1" m="30752" /><U127/><N who="1" m="31008" /><U69/><N who="1" m="31520" /><U94/><E2/><V96/><F36/><T113/><N who="0" m="31264" /><T81/><D39/><U114/><E114/><V101/><F35/><T90/><D109/><U53/><E127/><V32/><F32/><T51/><D113/><U46/><E73/><V34/><F34/><T42/><D42/><U37/><E37/><V102/><F65/><T134/><D134/><U61/><REACH who="1" step="1"/><E98/><REACH who="1" ten="519,295,226,0" step="2"/><V54/><F112/><T84/><D116/><U33/><E33/><V83/><F126/><T79/><D131/><U100/><AGARI ba="1,1" hai="45,46,47,53,59,60,61,67,68,69,70,94,97,100" m="31520,31008,30752" machi="100" ten="30,8000,1" yaku="1,1,0,1,52,3,53,0" doraHai="111" doraHaiUra="128" who="1" fromWho="1" sc="519,-41,295,92,226,-41,0,0" /><INIT seed="5,2,0,0,3,93" ten="478,387,185,0" oya="1" hai0="98,48,32,131,44,60,92,126,120,81,95,43,87" hai1="70,65,37,1,113,85,129,84,61,47,66,77,112" hai2="115,135,128,118,69,33,101,130,117,75,125,109,96" hai3=""/><U46/><E1/><V106/><F96/><T57/><N who="0" m="30752" /><T71/><D126/><U64/><E129/><V132/><F101/><T53/><D131/><U123/><N who="1" m="31520" /><U90/><E65/><V121/><F130/><T2/><D2/><U124/><E124/><V51/><F51/><T108/><D108/><U103/><E103/><V34/><F135/><T63/><D32/><U62/><E77/><V79/><F79/><T88/><D71/><U55/><E55/><V94/><F94/><T41/><D92/><U116/><E116/><V58/><F58/><T99/><D99/><U40/><E47/><V49/><F49/><T72/><D72/><U122/><N who="1" m="31264" /><U67/><E67/><V50/><F50/><T36/><D43/><U68/><E85/><V78/><F78/><AGARI ba="2,0" hai="36,41,44,48,53,57,60,63,78,81,87,88,95,98" m="30752" machi="78" ten="30,7700,0" yaku="7,1,52,2,54,1" doraHai="93" who="0" fromWho="2" sc="478,81,387,0,185,-81,0,0" /><INIT seed="6,0,0,3,5,122" ten="559,387,104,0" oya="2" hai0="89,126,54,91,52,119,133,53,47,39,116,48,34" hai1="99,2,105,66,70,100,108,3,59,43,88,113,98" hai2="72,69,131,56,94,125,76,115,92,62,120,84,38" hai3=""/><V81/><N who="2" m="30752" /><V87/><F38/><T132/><D34/><U114/><E108/><V73/><F125/><T83/><D126/><U123/><N who="1" m="31520" /><U55/><E43/><V97/><F69/><T118/><D39/><U32/><E32/><V68/><F68/><T80/><D48/><U33/><E33/><V129/><F115/><N who="1" m="44041" /><E66/><V64/><F94/><T0/><D0/><U46/><E46/><V50/><F50/><T45/><D45/><U107/><E70/><V85/><REACH who="2" step="1"/><F73/><REACH who="2" ten="559,387,94,0" step="2"/><T82/><D47/><U40/><E107/><V44/><F44/><T74/><D74/><U106/><E105/><V35/><F35/><T104/><D104/><U103/><E106/><V37/><F37/><T60/><D60/><U124/><E124/><V63/><F63/><T130/><D118/><U135/><E3/><V111/><F111/><T49/><D49/><U65/><E2/><V86/><N who="2" m="21504" /><DORA hai="67" /><V58/><F58/><T109/><D109/><U95/><E59/><V36/><F36/><T61/><D61/><U79/><E95/><V101/><AGARI ba="0,1" hai="56,62,64,72,76,81,92,97,101,129,131" m="21504,30752" machi="101" ten="40,5200,0" yaku="1,1,0,1,52,1,53,0" doraHai="122,67" doraHaiUra="121,110" who="2" fromWho="2" sc="559,-26,387,-26,94,62,0,0" /><INIT seed="6,1,0,5,0,117" ten="533,361,156,0" oya="2" hai0="119,34,53,81,131,52,56,49,33,98,94,47,0" hai1="59,84,74,129,112,42,70,120,68,99,38,95,91" hai2="100,40,54,80,41,71,93,86,37,55,48,67,50" hai3=""/><V124/><F124/><T58/><D119/><U79/><N who="1" m="30752" /><U135/><E74/><V125/><F125/><T102/><D0/><U65/><E112/><V92/><F37/><T78/><D131/><U61/><E129/><V108/><F108/><T83/><D83/><U66/><E135/><V111/><F111/><T128/><D128/><U2/><E2/><V73/><F73/><T45/><D34/><U114/><E114/><V77/><F71/><T96/><D96/><U51/><E38/><V36/><F36/><T122/><D33/><U39/><E39/><V132/><F67/><T63/><N who="0" m="31264" /><T105/><D105/><U57/><E79/><V113/><F113/><T75/><AGARI ba="1,0" hai="45,47,49,52,53,56,58,63,75,78,81,94,98,102" m="31264" machi="75" ten="20,6000,1" yaku="0,1,7,1,52,2,54,1" doraHai="117" who="0" fromWho="0" sc="533,62,361,-21,156,-41,0,0" owari="595,54.0,340,-6.0,115,-48.0,0,0.0" /></mjloggm>