<mjloggm ver="2.3"><GO type="225" lobby="0"/><UN n0="%E5%A4%A9%E3%83%8E%E5%B7%9D%E6%B2%99%E5%A4%9C" n1="%E3%81%95%E3%81%8D%E3%81%9F%E3%81%BE%E6%9E%97%E6%AA%8E" n2="%E3%83%98%E3%82%AF%E3%82%B5%E3%83%BC" n3="%E3%83%AD%E3%83%9C%E3%82%B3%E3%83%97" dan="16,16,16,16" rate="2184.41,2134.84,2113.13,2123.45" sx="F,M,M,M"/><TAIKYOKU oya="0"/><INIT seed="0,0,0,1,5,122" ten="250,250,250,250" oya="0" hai0="39,14,47,135,98,77,116,114,60,102,67,8,115" hai1="30,6,120,92,3,20,131,124,52,15,104,10,53" hai2="127,101,1,19,0,46,34,69,99,68,23,61,18" hai3="121,26,89,118,126,103,133,125,7,21,82,119,91"/><T49/><BYE who="1" /><D116/><U55/><E55/><V85/><F34/><W32/><G121/><T38/><D135/><U110/><E110/><V16/><F127/><N who="3" m="48651" /><G32/><T33/><D33/><U31/><E31/><V54/><F23/><W95/><G133/><T22/><D22/><U48/><E48/><V100/><F85/><W117/><G7/><T74/><D77/><U130/><E130/><V24/><F24/><W107/><G107/><T80/><D80/><U79/><E79/><V108/><F108/><W134/><G134/><T4/><D74/><U36/><E36/><V83/><F83/><W17/><G82/><T132/><D38/><U88/><E88/><N who="3" m="33866" /><G95/><T44/><D39/><U72/><E72/><V87/><F87/><W40/><G40/><T73/><D73/><U76/><E76/><V81/><F81/><W63/><G63/><T93/><D132/><U37/><E37/><V71/><F61/><W50/><G50/><T58/><REACH who="0" step="1"/><D49/><REACH who="0" ten="240,250,250,250" step="2"/><U75/><E75/><V96/><F99/><W51/><G51/><T123/><D123/><U12/><E12/><V5/><F96/><W9/><G118/><T66/><D66/><U59/><E59/><V113/><F0/><UN n1="%E3%81%95%E3%81%8D%E3%81%9F%E3%81%BE%E6%9E%97%E6%AA%8E" /><W27/><G119/><T13/><D13/><U97/><E15/><V43/><F1/><W84/><G117/><T111/><D111/><U106/><E124/><V11/><F54/><W29/><G21/><T86/><D86/><U128/><E20/><V62/><F46/><AGARI ba="0,1" hai="4,8,14,44,46,47,58,60,67,93,98,102,114,115" machi="46" ten="40,12000,1" yaku="1,1,53,3" doraHai="122" doraHaiUra="41" who="0" fromWho="2" sc="240,130,250,0,250,-120,250,0" /><INIT seed="0,1,0,1,1,28" ten="370,250,130,250" oya="0" hai0="64,120,129,117,98,87,43,32,94,84,52,58,126" hai1="107,75,40,115,68,39,9,90,12,119,67,34,33" hai2="48,16,77,53,23,8,86,72,135,108,11,128,45" hai3="130,14,66,70,49,62,5,127,82,15,105,37,76"/><T36/><D117/><U63/><E119/><V109/><F128/><W74/><G37/><T55/><D120/><U18/><E107/><V13/><F135/><W35/><G130/><T123/><D123/><U54/><E75/><V133/><F133/><W4/><G105/><T3/><D3/><U10/><E115/><V134/><F134/><W7/><G127/><T19/><D129/><U92/><E54/><V17/><F72/><W22/><G35/><T56/><D126/><U0/><E40/><V60/><F60/><W97/><G97/><T26/><D64/><U1/><E39/><V51/><F8/><W114/><G114/><T2/><D2/><U47/><E47/><V95/><F51/><W113/><G113/><T116/><D116/><U110/><E110/><V101/><F77/><W79/><G79/><T100/><D43/><U121/><E121/><V111/><F86/><W112/><G112/><T25/><D25/><U46/><E46/><V96/><REACH who="2" step="1"/><F23/><REACH who="2" ten="370,250,120,250" step="2"/><W99/><G22/><N who="0" m="13663" /><D36/><U20/><E20/><V104/><F104/><W102/><G49/><N who="0" m="30735" /><D32/><U89/><E34/><V124/><F124/><W103/><G62/><AGARI ba="1,1" hai="55,58,62,84,87,94,98,100" m="30735,13663" machi="62" ten="30,2900,0" yaku="8,1,54,1" doraHai="28" who="0" fromWho="3" sc="370,42,250,0,120,0,250,-32" /><INIT seed="0,2,0,1,5,76" ten="412,250,120,218" oya="0" hai0="110,98,111,80,52,16,100,124,101,55,62,83,70" hai1="108,91,1,93,88,46,85,73,74,27,94,104,28" hai2="109,39,4,25,114,99,13,24,68,123,132,3,128" hai3="54,79,11,26,65,37,81,61,12,21,38,43,118"/><T45/><D124/><U97/><E1/><V60/><F123/><W117/><G54/><N who="0" m="20523" /><D45/><U87/><E108/><N who="0" m="41513" /><D16/><U121/><E121/><V17/><F109/><W112/><G112/><T66/><D100/><U51/><E104/><AGARI ba="2,0" hai="62,66,70,80,83,98,101,104" m="41513,20523" machi="104" ten="30,12000,1" yaku="14,1,10,1,52,2,54,1" doraHai="76" who="0" fromWho="1" sc="412,126,250,-126,120,0,218,0" /><INIT seed="0,3,0,2,3,127" ten="538,124,120,218" oya="0" hai0="18,131,130,97,29,26,7,86,22,101,48,45,19" hai1="115,8,24,16,116,96,27,6,40,41,93,52,70" hai2="73,46,14,132,124,1,102,9,75,21,25,110,118" hai3="135,119,104,114,23,98,11,35,69,117,91,20,78"/><T37/><D37/><U60/><E116/><V88/><F110/><W67/><G114/><T105/><D7/><U64/><E115/><V3/><F124/><W4/><G35/><T58/><D58/><U126/><E126/><V87/><F132/><W34/><G34/><T133/><D86/><U0/><E27/><V129/><F102/><W50/><G135/><T74/><D74/><U68/><E68/><V72/><F118/><W62/><G78/><T65/><D65/><U90/><E64/><V10/><F46/><W66/><G66/><T120/><D120/><U59/><E70/><V36/><F36/><W81/><G50/><T128/><D133/><U82/><E82/><V47/><F47/><W71/><G71/><T28/><D28/><U95/><E95/><V112/><F112/><W100/><G117/><T76/><D76/><U79/><E79/><V83/><F129/><W108/><G119/><T111/><D111/><U12/><E24/><V38/><F38/><W122/><G108/><T57/><D57/><U43/><E43/><AGARI ba="3,0" hai="18,19,22,26,29,43,45,48,97,101,105,128,130,131" machi="43" ten="40,12000,1" yaku="19,1,52,3" doraHai="127" who="0" fromWho="1" sc="538,129,124,-129,120,0,218,0" owari="667,77.0,-5,-51.0,120,-28.0,218,2.0" /></mjloggm>