<mjloggm ver="2.3"><GO type="169" lobby="0"/><UN n0="%E5%8F%A4%E6%9C%AC" n1="%52%45%49%4E%E6%A3%AE%E4%B9%85%E4%BF%9D%50" n2="%E5%8D%83%E7%BE%BD%E9%B4%89" n3="%E3%81%A1%E3%82%83%E3%81%93%E3%81%93" dan="16,16,17,16" rate="2054.80,2121.87,2213.65,2177.81" sx="M,M,F,F"/><TAIKYOKU oya="0"/><INIT seed="0,0,0,1,5,124" ten="250,250,250,250" oya="0" hai0="64,76,115,67,105,103,112,93,107,110,38,86,9" hai1="132,73,17,65,8,117,102,80,70,97,34,2,22" hai2="56,1,100,41,31,39,79,106,122,83,43,33,25" hai3="4,71,66,30,13,98,55,32,78,10,90,68,35"/><T53/><D38/><U99/><E117/><V44/><F43/><W87/><G78/><T21/><D107/><U91/><E34/><V125/><F56/><W113/><G113/><T69/><D105/><U36/><E36/><V114/><F114/><W50/><G35/><T29/><D69/><U45/><E45/><V51/><F51/><W24/><G98/><N who="0" m="59855" /><D115/><U59/><E70/><V42/><F42/><W118/><G66/><T128/><D112/><U89/><E132/><V119/><F125/><W94/><REACH who="3" step="1"/><G118/><REACH who="3" ten="250,250,250,240" step="2"/><T82/><D67/><U27/><E65/><V57/><F119/><W19/><G19/><T96/><D64/><U26/><E17/><V58/><F122/><W116/><G116/><T133/><D76/><U84/><E73/><V61/><F33/><W28/><G28/><T72/><D133/><U130/><E97/><V12/><F31/><W127/><G127/><T120/><D72/><U54/><E99/><V135/><F135/><W77/><G77/><T109/><D29/><U92/><E102/><V63/><F100/><W108/><G108/><T75/><D120/><U7/><E91/><V129/><F79/><W101/><G101/><T74/><D75/><U111/><E111/><V11/><F106/><W0/><G0/><T131/><D74/><U48/><E89/><V126/><F1/><W14/><G14/><T134/><D110/><U62/><E2/><V104/><F12/><W3/><G3/><T81/><D109/><U6/><E27/><V85/><F25/><W46/><AGARI ba="0,1" hai="4,10,13,24,30,32,46,50,55,68,71,87,90,94" machi="46" ten="20,2700,0" yaku="1,1,0,1,7,1,53,0" doraHai="124" doraHaiUra="15" who="3" fromWho="3" sc="250,-13,250,-7,250,-7,240,37" /><INIT seed="1,0,0,0,4,23" ten="237,243,243,277" oya="1" hai0="99,46,121,111,72,31,122,25,119,98,115,108,103" hai1="86,27,94,125,65,117,57,35,92,129,12,73,105" hai2="135,0,58,93,17,87,101,102,85,40,53,8,10" hai3="88,126,76,50,63,90,51,127,110,64,30,45,44"/><U43/><E105/><V120/><F135/><W118/><G110/><N who="0" m="42027" /><D119/><U78/><E73/><V16/><F40/><N who="3" m="24839" /><G76/><T13/><D115/><U42/><E117/><V114/><F120/><N who="0" m="46186" /><D72/><U14/><E129/><V48/><F114/><W74/><G74/><T80/><D80/><N who="1" m="47383" /><E35/><V20/><F17/><W34/><G118/><T1/><D1/><U100/><E125/><N who="3" m="47626" /><G34/><N who="0" m="20847" /><D46/><U66/><E43/><V97/><F101/><W3/><G3/><T112/><D112/><U134/><E42/><V133/><F133/><W54/><G30/><T91/><D103/><U56/><E134/><V128/><F128/><W9/><G9/><N who="2" m="3689" /><F0/><W52/><G54/><T33/><D33/><U81/><E100/><V29/><F29/><W83/><G83/><T21/><D91/><U22/><E81/><V4/><F4/><W49/><G49/><T15/><D21/><U59/><E66/><V95/><F95/><N who="1" m="36393" /><E65/><V89/><F102/><W123/><G123/><T113/><D113/><U38/><E38/><V39/><F39/><W84/><G84/><T71/><D71/><AGARI ba="0,0" hai="45,51,52,63,64,71,88,90" m="47626,24839" machi="71" ten="30,3900,0" yaku="18,1,54,2" doraHai="23" who="3" fromWho="0" sc="237,-39,243,0,243,0,277,39" /><INIT seed="2,0,0,3,5,72" ten="198,243,243,316" oya="2" hai0="54,109,32,111,98,66,94,75,100,65,116,5,8" hai1="68,64,0,114,16,17,27,6,15,76,115,51,108" hai2="121,131,130,40,61,9,14,71,38,84,99,77,24" hai3="133,36,74,107,1,33,30,7,123,55,83,97,91"/><V126/><F121/><W31/><G123/><T28/><D116/><U96/><E108/><N who="0" m="41545" /><D75/><U60/><E96/><V2/><F2/><W34/><G133/><T39/><D39/><U113/><E51/><V132/><F132/><W29/><G55/><T85/><D54/><U120/><E120/><V104/><F24/><W69/><G69/><T79/><D28/><U95/><E95/><V117/><F117/><W12/><G12/><N who="0" m="5135" /><D32/><U78/><E0/><V128/><F126/><W89/><G36/><T43/><D43/><U56/><E68/><V59/><F71/><W19/><G31/><T58/><D58/><U67/><E67/><V82/><F40/><W122/><G122/><T124/><D124/><U119/><E119/><V106/><F38/><W41/><G41/><T135/><D135/><U80/><E80/><AGARI ba="0,0" hai="65,66,79,80,85,94,98,100" m="5135,41545" machi="80" ten="30,2000,0" yaku="14,1,52,1" doraHai="72" who="0" fromWho="1" sc="198,20,243,-20,243,0,316,0" /><INIT seed="3,0,0,5,2,83" ten="218,223,243,316" oya="3" hai0="44,109,62,117,3,97,65,11,92,52,91,105,68" hai1="66,58,54,42,0,45,113,10,36,75,26,25,15" hai2="84,86,61,77,9,43,100,110,34,80,90,104,82" hai3="8,128,20,116,17,22,131,69,87,5,2,93,48"/><W31/><G69/><T108/><D117/><U114/><E75/><V13/><F110/><N who="0" m="42602" /><D105/><U79/><E79/><V24/><F43/><W89/><G116/><T94/><D92/><U120/><E66/><V39/><F39/><W132/><G132/><T119/><D119/><U41/><E41/><V29/><F61/><W124/><G124/><T115/><D115/><U129/><E129/><N who="3" m="49738" /><G31/><T63/><D3/><U4/><E120/><V12/><REACH who="2" step="1"/><F9/><REACH who="2" ten="218,223,233,316" step="2"/><N who="3" m="2231" /><G48/><N who="0" m="28679" /><D11/><U88/><E114/><V64/><F64/><W101/><G101/><T70/><D62/><U37/><E113/><V18/><F18/><W133/><G133/><T14/><D70/><U46/><E36/><V122/><F122/><W53/><G53/><T56/><D68/><U32/><E0/><V57/><F57/><W74/><G8/><T7/><D7/><U96/><E45/><V23/><F23/><W106/><G20/><T126/><D126/><U55/><E55/><V19/><F19/><W78/><G22/><T118/><D118/><U21/><E21/><V112/><F112/><W121/><G17/><T130/><D130/><U103/><E32/><V71/><F71/><W49/><G49/><T111/><D111/><U123/><E123/><V30/><F30/><W134/><G134/><T16/><D16/><U67/><E67/><V73/><F73/><W1/><G121/><T35/><D35/><U81/><E54/><V95/><F95/><W50/><G50/><T33/><D33/><U98/><E58/><V76/><F76/><W99/><G1/><T40/><D40/><U28/><E42/><V125/><F125/><RYUUKYOKU ba="0,1" sc="218,15,223,-15,233,15,316,-15" hai0="14,56,63,65,91,94,97" hai2="12,13,24,29,34,77,80,82,84,86,90,100,104" /><INIT seed="4,1,1,0,2,99" ten="233,208,248,301" oya="0" hai0="40,131,66,49,53,115,129,86,120,134,5,130,89" hai1="119,34,96,106,25,118,92,21,43,0,18,117,62" hai2="91,74,15,50,35,24,58,108,41,61,80,48,112" hai3="81,79,125,56,111,3,75,132,42,46,100,4,33"/><T121/><D115/><U70/><E0/><V85/><F112/><W12/><G111/><T126/><D126/><U59/><E106/><V123/><F123/><W72/><G132/><T67/><D134/><U22/><E43/><V128/><F128/><N who="0" m="32770" /><T55/><DORA hai="13" /><D5/><U16/><E70/><V109/><F74/><W29/><G125/><T90/><D40/><U113/><E34/><V2/><F2/><W98/><G56/><N who="0" m="32815" /><D55/><U11/><E11/><V8/><F41/><W60/><G3/><T122/><D89/><U9/><E9/><V104/><F108/><W52/><G52/><T93/><AGARI ba="1,1" hai="66,67,86,90,93,120,121,122" m="32815,32770" machi="93" ten="50,2400,0" yaku="19,1" doraHai="99,13" who="0" fromWho="0" sc="233,37,208,-9,248,-9,301,-9" /><INIT seed="4,2,0,3,5,12" ten="270,199,239,292" oya="0" hai0="59,61,42,99,29,97,49,23,111,45,85,30,92" hai1="6,28,131,68,18,34,84,121,43,94,125,39,73" hai2="38,134,33,105,63,0,100,26,25,115,65,56,96" hai3="123,112,135,62,64,55,53,7,107,132,83,81,41"/><T80/><D111/><U24/><E73/><V3/><F38/><W16/><G107/><T89/><D23/><U67/><E121/><V60/><F115/><W51/><G7/><T122/><D122/><U69/><E6/><V70/><F134/><N who="3" m="51243" /><G41/><T11/><D11/><U119/><E119/><V106/><F106/><W10/><G112/><T117/><D117/><U108/><E108/><V66/><REACH who="2" step="1"/><F26/><REACH who="2" ten="270,199,229,292" step="2"/><W36/><G36/><T76/><REACH who="0" step="1"/><D99/><REACH who="0" ten="260,199,229,292" step="2"/><U79/><E131/><V54/><F54/><AGARI ba="2,2" hai="29,30,42,45,49,54,59,61,76,80,85,89,92,97" machi="54" ten="30,11600,0" yaku="1,1,2,1,7,1,8,1,53,0" doraHai="12" doraHaiUra="128" who="0" fromWho="2" sc="260,142,199,0,229,-122,292,0" /><INIT seed="4,3,0,2,5,45" ten="402,199,107,292" oya="0" hai0="59,14,93,95,2,76,107,132,16,28,111,50,54" hai1="26,105,3,112,118,101,83,47,69,108,123,114,91" hai2="129,57,22,18,7,82,134,98,90,133,24,32,66" hai3="12,116,122,96,43,89,128,109,27,68,52,127,15"/><T35/><D2/><U131/><E26/><V104/><F7/><W103/><G116/><T40/><D107/><U6/><E47/><V1/><F1/><W44/><G109/><T58/><D111/><U79/><E6/><V84/><F129/><W63/><G127/><T39/><D39/><U106/><E69/><V77/><F32/><W110/><G110/><T124/><D124/><U117/><E3/><V36/><F36/><W31/><G89/><T75/><D75/><U37/><E37/><V33/><F33/><W17/><G17/><T100/><D132/><U102/><E108/><V97/><F104/><N who="1" m="40041" /><E91/><V23/><F23/><N who="3" m="15871" /><G68/><T92/><D35/><U49/><E49/><V130/><F130/><W20/><G20/><T67/><D28/><U81/><E123/><V11/><F11/><W62/><G122/><T55/><D40/><U48/><E48/><V135/><REACH who="2" step="1"/><F90/><REACH who="2" ten="402,199,97,292" step="2"/><W56/><G128/><T73/><D14/><U60/><E131/><V8/><F8/><W46/><G15/><T74/><D16/><U99/><E60/><AGARI ba="3,1" hai="18,22,24,57,60,66,77,82,84,97,98,133,134,135" machi="60" ten="40,2600,0" yaku="1,1,20,1,53,0" doraHai="45" doraHaiUra="126" who="2" fromWho="1" sc="402,0,199,-35,97,45,292,0" /><INIT seed="5,0,0,2,5,27" ten="402,164,142,292" oya="1" hai0="53,44,135,73,82,76,87,6,36,70,128,86,96" hai1="14,26,114,65,94,134,33,3,54,77,52,9,35" hai2="11,101,90,12,46,93,8,112,2,126,7,119,74" hai3="42,22,97,25,29,18,88,102,127,89,109,67,40"/><U72/><E3/><V130/><F74/><W56/><G109/><T55/><D70/><U124/><E114/><V107/><F112/><W100/><G127/><T108/><D108/><U106/><E124/><V39/><F126/><W125/><G125/><T111/><D111/><U84/><E106/><V59/><F119/><W104/><G102/><T99/><D135/><U120/><E134/><V105/><F101/><W30/><G42/><N who="0" m="22599" /><D128/><U64/><E33/><V1/><F130/><W118/><G40/><T117/><D117/><U50/><E120/><V81/><F81/><W69/><G69/><T91/><D87/><U17/><E54/><V79/><F79/><W85/><G89/><T43/><D43/><U21/><E35/><V123/><F123/><W23/><G23/><T121/><D96/><U92/><E72/><V4/><F39/><W48/><G118/><T63/><D63/><U71/><E71/><V16/><F59/><W68/><G68/><T41/><D41/><U122/><E122/><V61/><F61/><W51/><G67/><N who="1" m="25674" /><E84/><V0/><F46/><W19/><G19/><T15/><D121/><U113/><E77/><V66/><F66/><W13/><G25/><T57/><D55/><U78/><E78/><V115/><F115/><W80/><REACH who="3" step="1"/><G56/><REACH who="3" ten="402,164,142,282" step="2"/><T47/><D57/><N who="1" m="32919" /><E113/><V83/><F4/><AGARI ba="0,1" hai="4,9,14,17,21,26,92,94" m="32919,25674" machi="4" ten="30,2900,0" yaku="8,1,54,1" doraHai="27" who="1" fromWho="2" sc="402,0,164,39,142,-29,282,0" /><INIT seed="5,1,0,5,1,34" ten="402,203,113,282" oya="1" hai0="89,5,42,134,35,133,21,19,85,92,79,13,4" hai1="24,50,112,9,78,41,62,43,6,100,45,67,65" hai2="32,28,66,55,121,95,91,118,72,122,64,31,44" hai3="96,114,25,84,129,17,7,57,61,116,103,124,33"/><U29/><E112/><V38/><F118/><W18/><G114/><T30/><D42/><U10/><E43/><V94/><F72/><W63/><G124/><T131/><D131/><U69/><E67/><V87/><F38/><W58/><G7/><T115/><D115/><U59/><E69/><V36/><F36/><W48/><G48/><T26/><D79/><U37/><E37/><V71/><F122/><W110/><G110/><T117/><D117/><U75/><E100/><V83/><F121/><W70/><G84/><T46/><D46/><U56/><E56/><V60/><F66/><W99/><G25/><T3/><D4/><U47/><E47/><V101/><F32/><W73/><G33/><T22/><D22/><U54/><E78/><V113/><F113/><W40/><G116/><T77/><D77/><U49/><E75/><V102/><F102/><W107/><G40/><T80/><D80/><U90/><E90/><V1/><F1/><W14/><G73/><T105/><D105/><U11/><E50/><V135/><F135/><W2/><G103/><T12/><D12/><U97/><E97/><V98/><REACH who="2" step="1"/><F83/><REACH who="2" ten="402,203,103,282" step="2"/><W0/><G129/><T20/><D134/><U81/><E81/><V23/><F23/><W108/><G108/><T68/><D133/><U82/><E82/><V86/><F86/><W126/><G126/><T74/><D21/><N who="1" m="15503" /><E65/><V111/><F111/><W39/><G39/><T27/><D74/><U16/><E6/><V127/><F127/><W109/><G109/><T52/><D5/><U53/><E41/><V15/><F15/><AGARI ba="1,1" hai="9,10,11,15,16,45,49,53,54,59,62" m="15503" machi="15" ten="30,2900,0" yaku="8,1,54,1" doraHai="34" who="1" fromWho="2" sc="402,0,203,42,103,-32,282,0" /><INIT seed="5,2,0,5,4,50" ten="402,245,71,282" oya="1" hai0="98,10,124,8,117,29,25,23,93,36,96,13,3" hai1="26,5,37,101,88,68,40,70,2,30,77,83,7" hai2="108,127,115,71,114,91,128,46,18,53,125,32,20" hai3="105,49,34,44,102,31,12,109,35,100,110,17,16"/><U74/><E101/><V78/><F32/><W52/><G17/><T0/><D117/><U67/><E88/><V82/><F71/><W89/><G35/><T86/><D36/><U69/><E7/><V41/><F108/><W95/><G31/><T15/><D124/><N who="2" m="47690" /><F91/><W106/><G34/><T97/><D3/><U55/><E55/><V131/><F82/><W48/><G100/><T39/><D0/><U27/><E67/><V72/><F72/><W85/><G102/><T47/><D47/><N who="1" m="23951" /><E30/><V119/><F119/><W19/><G19/><T87/><D39/><U51/><E51/><N who="2" m="28919" /><F78/><W84/><G84/><N who="0" m="32299" /><D93/><U42/><E42/><V81/><F81/><W134/><G48/><T62/><D62/><U14/><E14/><AGARI ba="2,0" hai="8,10,13,14,15,23,25,29,96,97,98" m="32299" machi="14" ten="30,1000,0" yaku="8,1" doraHai="50" who="0" fromWho="1" sc="402,16,245,-16,71,0,282,0" /><INIT seed="6,0,0,5,5,22" ten="418,229,71,282" oya="2" hai0="49,107,33,12,106,114,110,131,78,16,91,108,68" hai1="30,94,74,60,111,81,37,32,112,55,120,28,126" hai2="13,73,87,15,116,3,47,31,72,54,113,7,130" hai3="0,132,124,41,90,96,85,23,10,11,20,45,95"/><V17/><F3/><W102/><G124/><T52/><D68/><U21/><E111/><V51/><F116/><W89/><G132/><T46/><D33/><U43/><E120/><V117/><F117/><W80/><G90/><T6/><D6/><U42/><E112/><V18/><F113/><W135/><G135/><T133/><D114/><U118/><E118/><V97/><F130/><W65/><G65/><T121/><D133/><U61/><E126/><V25/><F97/><W70/><G70/><T44/><D121/><U101/><E32/><V103/><F103/><W109/><G109/><T127/><D127/><U100/><E21/><N who="3" m="8266" /><G0/><T93/><D78/><U39/><E94/><V29/><F87/><W86/><G85/><T79/><D79/><U129/><E55/><V92/><F92/><W27/><G27/><T75/><D75/><U57/><E57/><V83/><F83/><W77/><G89/><T99/><D131/><U76/><E76/><V24/><F54/><W19/><G19/><T58/><D110/><U128/><REACH who="1" step="1"/><E81/><REACH who="1" ten="418,219,71,282" step="2"/><V84/><F84/><W104/><G104/><T9/><D108/><U105/><E105/><V1/><F47/><N who="0" m="17962" /><D107/><U34/><E34/><V53/><F53/><W26/><G45/><T35/><D35/><U66/><E66/><V115/><F115/><W69/><G77/><T36/><D106/><U50/><E50/><V71/><F71/><W63/><G80/><T123/><D123/><U122/><E122/><V134/><F134/><W2/><G69/><T62/><D49/><U59/><E59/><V88/><F51/><W56/><G56/><RYUUKYOKU ba="0,1" sc="418,15,219,15,71,-15,282,-15" hai0="9,12,16,36,52,58,62,91,93,99" hai1="28,30,37,39,42,43,60,61,74,100,101,128,129" /><INIT seed="7,1,1,3,3,46" ten="433,234,56,267" oya="3" hai0="61,30,2,121,85,89,131,15,84,124,48,79,87" hai1="8,38,90,29,127,72,93,94,117,126,28,49,97" hai2="25,91,132,108,129,0,10,96,63,36,83,69,55" hai3="21,92,40,98,125,27,115,6,32,5,56,80,18"/><W130/><G130/><T99/><D2/><U42/><E38/><V41/><F91/><N who="3" m="55583" /><G32/><T76/><D131/><U105/><E72/><V113/><F96/><W45/><G125/><N who="1" m="47626" /><E105/><V73/><F25/><W68/><G68/><T135/><D124/><U114/><E114/><V106/><F55/><W12/><G115/><T109/><D121/><U13/><E93/><V35/><F113/><W71/><G71/><T111/><D135/><U81/><E81/><V7/><F129/><W24/><G56/><T23/><D111/><U66/><E66/><V101/><F132/><W128/><G128/><T74/><D109/><U110/><E110/><V104/><F101/><W11/><G80/><T119/><D119/><U82/><E82/><V64/><F35/><W53/><G40/><T19/><D74/><U59/><E117/><V116/><F116/><W133/><G133/><T57/><D57/><U22/><E22/><V88/><F88/><W17/><G24/><T75/><D75/><U107/><E107/><V43/><F43/><W70/><G70/><T123/><D123/><U9/><E9/><V65/><F65/><W47/><G47/><T31/><D89/><U102/><E102/><V118/><F118/><W3/><G3/><T86/><D79/><U77/><E77/><N who="2" m="44463" /><F108/><W14/><G27/><T103/><D103/><U1/><E1/><V50/><F36/><W20/><G20/><T100/><D23/><U16/><E42/><V95/><F95/><W78/><G78/><T26/><D76/><U54/><AGARI ba="1,1" hai="8,13,16,28,29,49,54,59,90,94,97" m="47626" machi="54" ten="30,4000,0" yaku="18,1,52,1,54,1" doraHai="46" who="1" fromWho="1" sc="433,-11,234,53,56,-11,267,-21" owari="422,51.0,287,9.0,45,-45.0,246,-15.0" /></mjloggm>