<mjloggm ver="2.3"><GO type="169" lobby="0"/><UN n0="%E7%8F%BE%E5%A4%A7%E7%9C%9F%E9%BE%8D%E5%B0%86" n1="%42%72%42%61" n2="%E3%81%B4%E3%81%AE%E3%81%93" n3="%E3%82%A4%E3%83%B3%E3%83%87%E3%82%A3%E3%82%B4%E3%83%96%E3%83%AB%E3%83%BC" dan="16,16,17,16" rate="2038.36,2166.18,2234.97,2151.11" sx="M,M,M,M"/><TAIKYOKU oya="0"/><INIT seed="0,0,0,4,3,116" ten="250,250,250,250" oya="0" hai0="6,120,16,58,59,40,92,71,84,2,134,56,96" hai1="81,87,9,101,15,123,26,24,51,53,118,23,99" hai2="129,132,20,108,5,117,22,43,76,88,7,95,48" hai3="75,31,90,98,44,21,109,12,60,46,29,35,8"/><T28/><D71/><U128/><E118/><V122/><F117/><W57/><G109/><T49/><D28/><N who="3" m="10825" /><G75/><T72/><D72/><U54/><E128/><V47/><F122/><W135/><G21/><N who="2" m="8297" /><F132/><W67/><G35/><T80/><D120/><U102/><E123/><V70/><F108/><W74/><G74/><T69/><D69/><U107/><E101/><V27/><F129/><W37/><G37/><T50/><D134/><U34/><E23/><V13/><F70/><W86/><G98/><T94/><D16/><U125/><E125/><V1/><F1/><W78/><G78/><T97/><D6/><N who="2" m="2058" /><F13/><W55/><G67/><T14/><D14/><U25/><E34/><V85/><F76/><W104/><G104/><T65/><D2/><U114/><E114/><V112/><F112/><W115/><G115/><T110/><D65/><U73/><E73/><V3/><F3/><W32/><G32/><T17/><D17/><U10/><E15/><V30/><F30/><W106/><G106/><T113/><D110/><U100/><E107/><V119/><F119/><W68/><G68/><T77/><D113/><U0/><E0/><V41/><F41/><W83/><G135/><T61/><D40/><U33/><E33/><V63/><F63/><W36/><G36/><T91/><REACH who="0" step="1"/><D61/><REACH who="0" ten="240,250,250,250" step="2"/><U79/><E9/><V130/><F130/><W64/><G64/><T133/><D133/><U18/><E10/><V124/><F124/><W52/><G55/><T121/><D121/><U38/><E54/><V127/><F127/><W93/><G12/><T42/><D42/><U105/><E53/><RYUUKYOKU ba="0,1" sc="240,15,250,-15,250,15,250,-15" hai0="49,50,56,58,59,77,80,84,91,92,94,96,97" hai2="27,43,47,48,85,88,95" /><INIT seed="0,1,1,2,5,69" ten="255,235,265,235" oya="0" hai0="67,90,66,79,106,120,93,131,110,117,92,17,55" hai1="37,122,14,30,50,77,128,105,58,9,0,74,126" hai2="57,118,132,107,116,10,4,83,97,94,6,115,47" hai3="44,124,68,33,3,88,51,43,24,86,109,8,62"/><T18/><D106/><U82/><E122/><V65/><F115/><W101/><G109/><T20/><D120/><U35/><E128/><V11/><F107/><W121/><G124/><T130/><D117/><U134/><E126/><V129/><F83/><W98/><G121/><T81/><D110/><U71/><E134/><V112/><F112/><W76/><G76/><T108/><D108/><U12/><E71/><V38/><F65/><W21/><G33/><T91/><D20/><U63/><E105/><V73/><F57/><W15/><G3/><T28/><D28/><U26/><E50/><V72/><F94/><N who="3" m="54551" /><G62/><T89/><D91/><U25/><E25/><V48/><F48/><W96/><G101/><T61/><D61/><U27/><E27/><V99/><F47/><W87/><G87/><T113/><D113/><U125/><E125/><V60/><F60/><W84/><G84/><T42/><D81/><U133/><E133/><V75/><F132/><W111/><G68/><T7/><D79/><U41/><E0/><V114/><F114/><W78/><G78/><T102/><D102/><U29/><E29/><V54/><F75/><W5/><G111/><T135/><D135/><U59/><E63/><V1/><F1/><W49/><G51/><T13/><D131/><U104/><E104/><V64/><F64/><W56/><G56/><N who="1" m="21546" /><E9/><V52/><REACH who="2" step="1"/><F38/><REACH who="2" ten="255,235,255,235" step="2"/><W45/><G45/><T34/><D130/><AGARI ba="1,2" hai="4,6,10,11,52,54,72,73,97,99,116,118,129,130" machi="130" ten="25,8000,1" yaku="1,1,2,1,22,2,54,1,53,0" doraHai="69" doraHaiUra="36" who="2" fromWho="0" sc="255,-83,235,0,255,103,235,0" /><INIT seed="1,0,0,0,2,112" ten="172,235,358,235" oya="1" hai0="15,93,27,20,127,113,49,38,86,117,19,26,88" hai1="121,67,59,23,103,6,28,81,25,126,91,119,51" hai2="21,39,7,30,10,104,57,62,24,102,4,78,132" hai3="96,22,9,48,3,33,56,37,129,110,100,65,66"/><U128/><E121/><V123/><F132/><W130/><G110/><T118/><D38/><U92/><E128/><N who="3" m="49258" /><G33/><T94/><D113/><U50/><E126/><V111/><F111/><W133/><G37/><T12/><D127/><U97/><E6/><V2/><F123/><W115/><G115/><T101/><D49/><U35/><E35/><V11/><F39/><W125/><G133/><T98/><REACH who="0" step="1"/><D12/><REACH who="0" ten="162,235,358,235" step="2"/><U107/><E51/><V77/><F104/><W42/><G125/><T53/><D53/><U18/><E50/><V63/><F102/><W13/><G48/><T90/><D90/><U83/><E107/><V134/><F134/><W69/><G42/><T32/><D32/><U76/><E91/><V58/><F63/><W74/><G13/><T0/><D0/><U5/><E103/><V14/><F58/><W61/><G3/><T75/><D75/><U89/><E59/><V47/><F47/><W82/><G74/><T71/><D71/><U55/><E55/><AGARI ba="0,1" hai="2,4,7,10,11,14,21,24,30,55,57,62,77,78" machi="55" ten="30,1000,0" yaku="7,1" doraHai="112" who="2" fromWho="1" sc="162,0,235,-10,358,20,235,0" /><INIT seed="2,0,0,5,3,86" ten="162,225,378,235" oya="2" hai0="64,66,32,60,10,22,119,132,121,44,27,106,110" hai1="69,92,131,56,76,14,26,38,9,95,57,8,35" hai2="17,7,100,78,39,34,115,36,84,15,128,42,135" hai3="12,2,3,1,74,130,93,85,54,50,126,70,112"/><V133/><F115/><W98/><G74/><T40/><D32/><U114/><E114/><V116/><F116/><W71/><G112/><T109/><D121/><U45/><E131/><V104/><F104/><W123/><G123/><T23/><D106/><U25/><E69/><V49/><F100/><W72/><G72/><T31/><D119/><U28/><E76/><V107/><F107/><W65/><G126/><T88/><D22/><U30/><E38/><V94/><F7/><W29/><G29/><T81/><D10/><U129/><E45/><V103/><F103/><W91/><G65/><T41/><D132/><U134/><E129/><V59/><F78/><W99/><G130/><T0/><D0/><U21/><E134/><V124/><F34/><W63/><G63/><T37/><D40/><U20/><E14/><V96/><F39/><W52/><G54/><T122/><D122/><U79/><E79/><V6/><F36/><W43/><G43/><T87/><REACH who="0" step="1"/><D66/><REACH who="0" ten="152,225,378,235" step="2"/><U125/><REACH who="1" step="1"/><E35/><REACH who="1" ten="152,215,378,235" step="2"/><V90/><F133/><W108/><G2/><T55/><D55/><U51/><E51/><V46/><F135/><W118/><G52/><T117/><D117/><U5/><E5/><V67/><F6/><W53/><G53/><T101/><D101/><U4/><E4/><V13/><F128/><W111/><G50/><T83/><D83/><U113/><E113/><V75/><F49/><W24/><G118/><T62/><D62/><U58/><E58/><AGARI ba="0,2" hai="23,27,31,37,41,44,58,60,64,81,87,88,109,110" machi="58" ten="40,8000,1" yaku="1,1,52,1,54,1,53,1" doraHai="86" doraHaiUra="18" who="0" fromWho="1" sc="152,100,215,-80,378,0,235,0" /><INIT seed="3,0,0,2,0,98" ten="252,135,378,235" oya="3" hai0="59,0,48,109,101,34,134,84,120,44,115,24,127" hai1="122,123,52,35,28,125,51,15,26,124,11,67,94" hai2="65,91,39,5,108,43,93,106,114,8,133,63,56" hai3="29,100,131,110,68,27,6,95,53,86,23,50,111"/><W92/><G68/><T69/><D69/><U3/><E67/><V55/><F114/><W36/><G36/><T9/><D120/><U74/><E74/><V47/><F108/><N who="3" m="41515" /><G6/><T121/><D109/><U135/><E135/><V21/><F106/><W77/><G131/><T78/><D121/><U76/><E76/><V46/><F133/><W58/><G100/><T96/><D134/><U49/><E3/><V25/><F65/><W118/><G118/><T79/><D59/><U12/><E94/><N who="3" m="35882" /><G86/><T22/><D115/><U2/><E123/><V62/><F93/><W10/><G10/><T1/><D84/><U66/><E122/><V75/><F75/><W14/><G14/><T45/><D9/><U20/><E2/><V99/><F8/><W82/><G82/><T83/><D0/><U31/><E15/><V16/><F5/><W57/><G77/><T117/><D1/><U116/><E12/><V40/><F99/><W105/><G105/><T32/><D83/><U119/><E11/><V128/><F128/><W80/><G80/><T7/><D79/><U89/><E119/><V130/><F130/><W73/><G73/><T41/><D78/><U72/><E116/><V107/><F107/><W88/><G88/><T38/><D7/><U102/><E89/><V4/><F91/><W97/><G97/><T19/><D117/><U70/><E72/><V30/><F4/><W126/><G126/><T60/><D127/><U71/><E71/><V113/><F39/><W104/><G104/><T13/><D38/><U132/><E125/><V37/><F37/><W112/><G112/><RYUUKYOKU ba="0,0" sc="252,-10,135,-10,378,-10,235,30" hai3="23,27,29,50,53,57,58" /><INIT seed="3,1,0,2,2,38" ten="242,125,368,265" oya="3" hai0="9,34,78,97,106,129,87,83,19,121,36,31,18" hai1="11,91,80,66,114,45,134,92,59,88,4,112,74" hai2="122,13,70,90,24,116,25,100,21,6,0,84,115" hai3="41,124,123,42,125,69,8,119,55,12,64,30,99"/><W96/><G119/><T35/><D121/><U15/><E134/><V27/><F115/><W68/><G123/><T40/><D129/><U37/><E66/><V95/><F116/><W71/><G64/><T86/><D87/><U135/><E135/><V131/><F131/><W130/><G30/><T108/><D108/><U128/><E128/><V14/><F0/><W94/><G55/><T47/><D31/><U33/><E33/><V111/><F70/><W43/><G94/><T113/><D113/><U54/><E74/><V17/><F111/><W117/><G117/><T52/><D52/><U76/><E76/><V107/><F122/><W126/><REACH who="3" step="1"/><G130/><REACH who="3" ten="242,125,368,255" step="2"/><T85/><D106/><U101/><E114/><V81/><F107/><W22/><G22/><T104/><D104/><U133/><E112/><V51/><F100/><W10/><G10/><T1/><D9/><U103/><E133/><V72/><F95/><W110/><G110/><T20/><D20/><U73/><E54/><V79/><F21/><W82/><G82/><T77/><D83/><U28/><E80/><V46/><F81/><W48/><G48/><T7/><D34/><U127/><E103/><V53/><F51/><W56/><G56/><T63/><D35/><U60/><E101/><V62/><F53/><W109/><G109/><T67/><D67/><N who="1" m="39327" /><E92/><V32/><F32/><W120/><G120/><T75/><D75/><U23/><E73/><V98/><F72/><W3/><G3/><T16/><D1/><U58/><E58/><V44/><F62/><W105/><G105/><T29/><D63/><U61/><E61/><RYUUKYOKU ba="1,1" sc="242,-10,125,-10,368,-10,255,30" hai3="8,12,41,42,43,68,69,71,96,99,124,125,126" /><INIT seed="3,2,1,4,0,11" ten="232,115,358,285" oya="3" hai0="128,40,52,66,55,112,106,94,57,92,32,105,91" hai1="65,95,127,23,16,88,7,67,41,15,126,114,71" hai2="116,39,130,8,99,98,131,30,9,0,6,82,63" hai3="90,3,37,45,70,93,80,73,101,135,29,12,134"/><W84/><G70/><T48/><D32/><U31/><E114/><V122/><F116/><W97/><G29/><T102/><D66/><U27/><E41/><V117/><F117/><W86/><G3/><T121/><D121/><U85/><E7/><V26/><F122/><W21/><G73/><T42/><D112/><U113/><E113/><V10/><F39/><W104/><G45/><T119/><D119/><U47/><E47/><V43/><F43/><W109/><G37/><T4/><D4/><U64/><REACH who="1" step="1"/><E71/><REACH who="1" ten="232,105,358,285" step="2"/><V124/><F6/><W58/><G109/><T107/><D128/><U77/><E77/><V51/><F130/><W34/><G58/><T36/><D36/><U49/><E49/><V60/><F51/><W2/><G2/><T133/><D40/><U132/><E132/><V14/><F0/><W28/><G134/><T123/><D42/><U115/><E115/><V111/><F131/><W74/><G135/><T13/><D133/><U110/><E110/><V35/><F111/><W22/><G74/><T79/><D123/><U72/><E72/><V125/><F60/><W96/><G86/><T25/><D79/><U24/><E24/><V61/><F61/><W68/><G68/><T118/><D25/><U56/><E56/><V59/><F63/><W53/><G12/><T103/><D118/><U1/><E1/><V18/><F59/><W44/><G44/><T19/><D57/><U75/><E75/><V54/><F14/><W83/><G53/><T108/><D52/><U87/><E87/><V50/><F54/><W81/><G84/><T38/><D55/><RYUUKYOKU ba="2,2" sc="232,-15,105,15,358,-15,285,15" hai1="15,16,23,27,31,64,65,67,85,88,95,126,127" hai3="21,22,28,34,80,81,83,90,93,96,97,101,104" /><INIT seed="3,3,2,3,0,13" ten="217,120,343,300" oya="3" hai0="57,91,32,62,45,9,16,12,78,31,113,79,68" hai1="100,67,98,41,65,115,108,101,38,107,74,34,1" hai2="40,121,72,106,59,15,117,134,70,93,119,88,73" hai3="2,36,116,10,18,104,37,105,42,109,86,19,58"/><W97/><G116/><T118/><D68/><U28/><E115/><V17/><F70/><W95/><G109/><T7/><D118/><U135/><E108/><V56/><F106/><W47/><G37/><T53/><D113/><U126/><E126/><V35/><F35/><W123/><G123/><T120/><D120/><U30/><E135/><V80/><F73/><W27/><G58/><T49/><D32/><U63/><E1/><V111/><F121/><W133/><G86/><T54/><D31/><U39/><E67/><V20/><F111/><W84/><G84/><T25/><D91/><U64/><E64/><V112/><F112/><W103/><G133/><T83/><D83/><U24/><E28/><V128/><F134/><W94/><G94/><T48/><D62/><U125/><E101/><V90/><F72/><W8/><G27/><T22/><AGARI ba="3,2" hai="7,9,12,16,22,25,45,48,49,53,54,57,78,79" machi="22" ten="30,7900,0" yaku="0,1,8,1,52,1,54,1" doraHai="13" who="0" fromWho="0" sc="217,108,120,-23,343,-23,300,-42" /><INIT seed="4,0,0,4,5,52" ten="325,97,320,258" oya="0" hai0="11,55,64,59,135,71,0,127,57,122,45,33,46" hai1="125,119,19,58,41,74,112,104,133,2,95,10,69" hai2="27,97,37,70,24,65,35,85,128,14,9,110,84" hai3="114,17,77,6,94,86,109,50,102,130,61,73,107"/><T111/><D71/><U92/><E119/><V44/><F97/><W26/><G109/><T62/><D33/><U78/><E125/><V66/><F44/><W72/><G114/><T56/><D122/><U75/><E133/><V134/><F14/><W117/><G117/><T25/><D127/><U90/><E104/><V82/><F9/><W67/><G6/><T91/><D135/><U34/><E69/><V15/><F15/><W68/><G130/><T39/><D111/><U63/><E34/><V16/><F82/><W31/><G17/><T124/><D124/><U105/><E105/><V36/><F70/><W49/><G94/><T131/><D131/><U47/><E112/><V42/><F35/><N who="3" m="20983" /><G86/><T7/><D25/><U13/><E2/><V1/><F42/><W60/><G60/><T88/><D57/><U4/><E4/><V22/><F22/><W12/><G12/><T20/><D20/><U132/><E132/><V115/><F134/><W106/><G106/><T28/><D28/><U129/><E129/><V21/><F128/><W43/><G77/><T8/><D8/><U83/><E75/><N who="3" m="28746" /><G43/><T101/><D101/><U3/><E90/><V29/><F21/><W108/><G108/><T126/><D126/><U89/><E89/><N who="0" m="34377" /><D39/><U48/><REACH who="1" step="1"/><E3/><REACH who="1" ten="325,87,320,258" step="2"/><V38/><F1/><W79/><G79/><T30/><D30/><U23/><E23/><N who="2" m="13415" /><F110/><W98/><AGARI ba="0,1" hai="49,50,61,67,68,98,102,107" m="28746,20983" machi="98" ten="30,1100,0" yaku="25,1" doraHai="52" who="3" fromWho="3" sc="325,-5,87,-3,320,-3,258,21" /><INIT seed="5,0,0,1,3,77" ten="320,84,317,279" oya="1" hai0="25,58,34,36,107,83,6,120,48,45,123,51,110" hai1="30,22,24,133,97,85,112,23,38,87,84,54,59" hai2="71,125,50,114,68,119,72,10,98,134,5,67,61" hai3="124,14,129,20,29,16,43,128,75,92,3,102,17"/><U9/><E112/><V63/><F50/><W90/><G3/><T70/><D70/><U21/><E133/><V126/><F98/><N who="3" m="59719" /><G75/><T26/><D36/><U62/><E38/><V28/><F28/><W1/><G1/><T122/><D110/><U106/><E106/><V41/><F10/><W46/><G124/><N who="2" m="47721" /><F5/><W18/><G90/><T2/><D107/><U33/><E97/><V88/><F72/><W117/><G117/><T111/><D111/><U74/><E74/><V60/><F134/><W89/><G89/><T99/><D99/><U108/><E108/><V96/><F119/><W35/><G35/><T12/><D2/><U95/><REACH who="1" step="1"/><E9/><REACH who="1" ten="320,74,317,279" step="2"/><V118/><F114/><W53/><G128/><T42/><D123/><U44/><E44/><V113/><F118/><W101/><G129/><T82/><D122/><U104/><E104/><V13/><F113/><W135/><G135/><T19/><D120/><U4/><E4/><V121/><F96/><W49/><G101/><T78/><D6/><U94/><AGARI ba="0,1" hai="21,22,23,24,30,33,54,59,62,84,85,87,94,95" machi="94" ten="40,3900,0" yaku="1,1,0,1,53,0" doraHai="77" doraHaiUra="115" who="1" fromWho="1" sc="320,-13,74,49,317,-13,279,-13" /><INIT seed="5,1,0,2,5,89" ten="307,123,304,266" oya="1" hai0="123,18,38,99,118,115,91,126,54,105,48,84,104" hai1="80,5,83,69,19,72,57,76,127,129,42,133,12" hai2="74,46,9,86,0,43,81,124,125,107,61,132,37" hai3="90,135,30,36,67,94,23,60,22,45,49,51,65"/><U27/><E133/><V24/><F86/><W109/><G109/><T97/><D38/><U7/><E129/><V17/><F17/><W2/><G2/><T113/><D118/><U73/><E127/><N who="2" m="48715" /><F24/><W87/><G135/><T119/><D119/><U40/><E69/><V79/><F61/><W3/><G3/><T71/><D71/><U44/><E57/><V111/><F132/><W98/><G65/><T29/><D29/><U96/><E96/><N who="0" m="36937" /><D18/><U92/><E27/><V78/><F78/><W131/><G131/><T100/><D100/><U32/><E32/><V75/><F75/><W47/><G36/><T58/><D126/><U39/><E42/><V56/><F56/><N who="3" m="37255" /><G30/><T35/><D35/><U15/><E92/><V21/><F21/><N who="3" m="7691" /><G98/><T116/><D116/><U14/><REACH who="1" step="1"/><E19/><REACH who="1" ten="307,113,304,266" step="2"/><V63/><F63/><W106/><G106/><T108/><D104/><U70/><E70/><V66/><F107/><W13/><G47/><T16/><D105/><U117/><E117/><V102/><F66/><W25/><G45/><T134/><D134/><U50/><E50/><V103/><F111/><W55/><G51/><T6/><D108/><U122/><E122/><V95/><F95/><W128/><G25/><T34/><D123/><U11/><E11/><V68/><F68/><W8/><G128/><T77/><D34/><U110/><E110/><V62/><F62/><W33/><G33/><T4/><D48/><U26/><E26/><V41/><F41/><W59/><G8/><T130/><D130/><U31/><E31/><V114/><F114/><W121/><G121/><T28/><D113/><RYUUKYOKU ba="1,1" sc="307,-30,113,10,304,10,266,10" hai1="5,7,12,14,15,39,40,44,72,73,76,80,83" hai2="0,9,37,43,46,74,79,81,102,103" hai3="13,49,55,59,87,90,94" /><INIT seed="5,2,1,3,5,50" ten="277,123,314,276" oya="1" hai0="28,83,8,133,13,61,111,129,114,23,64,40,5" hai1="45,82,115,27,106,47,65,25,130,33,79,128,107" hai2="38,98,132,73,34,37,43,94,62,16,9,86,41" hai3="22,21,100,24,127,4,52,80,71,3,14,18,0"/><U99/><E115/><V20/><F73/><W120/><G120/><T15/><D111/><U31/><E65/><V17/><F34/><W126/><G71/><T46/><D114/><U84/><E25/><V78/><F38/><W110/><G110/><T76/><D129/><N who="1" m="49771" /><E99/><V122/><F37/><W113/><G100/><T30/><D133/><U72/><E72/><V53/><F122/><W54/><G80/><T121/><D121/><U109/><E109/><V77/><F9/><N who="3" m="4391" /><G22/><T123/><D123/><U1/><E1/><N who="3" m="586" /><G113/><T105/><D105/><AGARI ba="2,1" hai="27,31,33,45,47,79,82,84,105,106,107" m="49771" machi="105" ten="30,1500,0" yaku="19,1" doraHai="50" who="1" fromWho="0" sc="277,-21,123,31,314,0,276,0" /><INIT seed="5,3,0,4,2,24" ten="256,154,314,276" oya="1" hai0="108,72,20,48,98,69,9,124,26,127,126,38,104" hai1="47,10,42,21,66,88,22,86,17,1,116,11,50" hai2="113,114,32,103,30,53,89,51,27,19,29,77,56" hai3="36,8,45,120,102,125,83,100,43,123,82,121,15"/><U87/><E116/><V117/><F117/><W130/><G125/><T85/><D38/><U63/><E1/><V7/><F32/><W92/><G130/><T14/><D72/><U84/><E22/><N who="2" m="13791" /><F77/><W133/><G133/><T6/><D69/><U71/><REACH who="1" step="1"/><E88/><REACH who="1" ten="256,144,314,276" step="2"/><V23/><F23/><W13/><G100/><T18/><D127/><U111/><E111/><V107/><F89/><W95/><G102/><T0/><D108/><U54/><E54/><V61/><F103/><W74/><G8/><T118/><D118/><U81/><E81/><V16/><F107/><W60/><G82/><T106/><D126/><U35/><E35/><V135/><F135/><W62/><G83/><T12/><D124/><U112/><E112/><V78/><F78/><W79/><G79/><T101/><D106/><U76/><E76/><V59/><F114/><W33/><G33/><T58/><D85/><U90/><E90/><V28/><F113/><W132/><G132/><T64/><REACH who="0" step="1"/><D48/><REACH who="0" ten="246,144,314,276" step="2"/><U25/><AGARI ba="3,2" hai="10,11,17,21,25,42,47,50,63,66,71,84,86,87" machi="25" ten="30,3000,0" yaku="1,1,0,1,53,0" doraHai="24" doraHaiUra="91" who="1" fromWho="1" sc="246,-13,144,59,314,-13,276,-13" /><INIT seed="5,4,0,3,0,80" ten="233,203,301,263" oya="1" hai0="24,107,0,50,70,9,49,30,1,23,29,75,48" hai1="67,90,116,81,86,26,111,54,11,55,74,53,101" hai2="129,113,28,66,125,31,73,8,85,60,133,99,21" hai3="17,97,13,135,34,64,105,87,45,68,32,132,14"/><U41/><E116/><V134/><F73/><W93/><G45/><T69/><D75/><U20/><E111/><V36/><F36/><W82/><G105/><T109/><D107/><U84/><E74/><V5/><F99/><W44/><G44/><T42/><D109/><U83/><E101/><V22/><F60/><W37/><G37/><T40/><D9/><U63/><E41/><N who="0" m="15977" /><D23/><N who="2" m="8714" /><F66/><W4/><G4/><T128/><D24/><U3/><E3/><N who="0" m="1097" /><D128/><U77/><E11/><V15/><F85/><W104/><G104/><T65/><D65/><U12/><E12/><N who="3" m="4714" /><G17/><T100/><D100/><U121/><E121/><V94/><F94/><W16/><G16/><T10/><D10/><U78/><E90/><V46/><F46/><W92/><G64/><T123/><D123/><U118/><E118/><V72/><F72/><W89/><G68/><AGARI ba="4,0" hai="29,30,48,49,50,68,69,70" m="1097,15977" machi="68" ten="40,2600,0" yaku="28,2" doraHai="80" who="0" fromWho="3" sc="233,38,203,0,301,0,263,-38" /><INIT seed="6,0,0,1,2,79" ten="271,203,301,225" oya="2" hai0="92,68,40,43,20,121,126,12,129,81,133,93,23" hai1="9,16,115,106,37,103,24,134,135,104,5,122,76" hai2="67,0,77,82,30,28,91,69,21,58,63,100,36" hai3="131,99,86,62,130,94,19,108,65,97,49,127,75"/><V96/><F36/><W109/><G75/><T90/><D68/><U4/><E37/><V61/><F0/><W85/><G49/><T2/><D2/><U64/><E64/><V48/><F91/><N who="3" m="53623" /><G19/><T56/><D121/><U124/><E122/><V13/><F48/><W33/><G33/><T57/><D126/><U32/><E124/><V15/><F69/><W7/><G7/><N who="1" m="2634" /><E32/><V39/><F39/><W59/><G85/><N who="0" m="50479" /><D129/><N who="3" m="49161" /><G127/><T51/><D133/><N who="1" m="50699" /><E115/><V110/><F63/><W107/><G107/><N who="1" m="41002" /><E103/><V1/><F1/><W117/><G117/><T83/><D51/><U72/><E76/><V52/><F77/><W66/><G66/><T22/><D92/><U54/><E54/><V29/><F67/><W17/><G17/><T123/><D93/><U50/><E50/><V31/><F100/><W120/><G120/><T14/><D123/><U119/><E119/><V98/><F30/><W6/><G6/><T38/><D38/><U44/><E44/><V10/><F29/><W27/><G27/><T11/><D43/><U102/><E102/><V60/><F31/><W114/><G114/><T46/><D46/><U18/><E72/><V26/><F28/><W105/><G105/><T125/><D40/><U88/><E88/><V118/><F26/><W71/><G71/><T113/><D125/><U70/><E70/><V87/><F118/><W41/><G41/><T84/><D113/><U47/><E47/><V35/><F35/><W53/><G65/><T34/><D34/><U74/><E74/><V95/><F52/><W116/><G116/><T128/><D128/><U42/><E42/><RYUUKYOKU ba="0,0" sc="271,-10,203,-10,301,-10,225,30" hai3="53,59,62,97,99,108,109" /><INIT seed="7,1,0,3,3,52" ten="261,193,291,255" oya="3" hai0="78,128,123,26,74,112,107,47,91,23,127,63,50" hai1="30,36,80,90,34,31,13,133,99,87,62,102,59" hai2="35,60,45,15,117,83,130,17,96,77,37,111,81" hai3="132,29,48,55,124,32,27,70,120,5,58,1,126"/><W49/><G120/><T97/><D123/><U119/><E133/><V95/><F117/><W114/><G114/><T129/><D112/><U122/><E122/><V86/><F111/><W116/><G116/><T109/><D109/><U71/><E119/><V89/><F35/><W8/><G70/><T118/><D118/><U104/><E36/><V9/><F130/><W125/><REACH who="3" step="1"/><G48/><REACH who="3" ten="261,193,291,245" step="2"/><T21/><D129/><U100/><E71/><V94/><F37/><W135/><AGARI ba="1,1" hai="1,5,8,27,29,32,49,55,58,124,125,126,132,135" machi="135" ten="40,18000,2" yaku="1,1,2,1,0,1,18,1,52,1,53,1" doraHai="52" doraHaiUra="22" who="3" fromWho="3" sc="261,-61,193,-61,291,-61,245,193" owari="200,-20.0,132,-37.0,230,3.0,438,54.0" /></mjloggm>