<mjloggm ver="2.3"><GO type="169" lobby="0"/><UN n0="%73%68%6F%35%35%35%35%35" n1="%42%72%42%61" n2="%E3%83%99%E3%82%B8%E2%80%95%E3%82%BF" n3="%E3%81%8B%E3%82%8A%E3%82%93%E3%81%95%E3%82%93" dan="16,16,16,18" rate="2112.58,2136.25,2138.48,2210.38" sx="M,M,M,M"/><TAIKYOKU oya="0"/><INIT seed="0,0,0,2,2,7" ten="250,250,250,250" oya="0" hai0="69,51,99,9,67,72,132,58,103,22,116,126,131" hai1="105,125,61,3,121,95,44,108,93,35,59,60,63" hai2="128,91,98,75,104,13,57,12,31,47,102,32,123" hai3="17,66,25,110,23,100,90,113,111,106,33,135,14"/><T89/><D116/><U6/><E121/><V55/><F123/><W1/><G113/><T54/><D72/><U49/><E108/><N who="3" m="41514" /><G1/><T53/><D131/><U130/><E130/><V112/><F128/><W65/><G135/><T85/><D132/><U115/><E115/><V16/><F75/><W92/><G100/><T94/><D126/><U50/><E125/><V97/><F47/><W0/><G0/><T79/><D79/><U73/><E105/><V8/><F112/><W117/><G106/><T24/><D54/><U36/><E35/><V109/><F109/><W70/><G70/><T96/><D69/><U87/><E73/><V62/><F13/><W101/><G101/><T2/><D67/><U82/><E36/><V120/><F120/><W48/><G48/><T34/><D34/><U68/><E68/><V71/><F71/><W76/><G76/><T26/><D22/><U80/><E59/><V28/><REACH who="2" step="1"/><F32/><REACH who="2" ten="250,250,240,250" step="2"/><W21/><G33/><T77/><D26/><U122/><E44/><V64/><F64/><W119/><G65/><T78/><D24/><U37/><E3/><V42/><F42/><W124/><G66/><T133/><D133/><U134/><E134/><V4/><F4/><W114/><G114/><T81/><REACH who="0" step="1"/><D99/><REACH who="0" ten="240,250,240,250" step="2"/><U20/><E122/><V30/><F30/><N who="3" m="17711" /><G124/><T127/><D127/><U11/><E20/><V52/><F52/><W43/><G43/><T27/><D27/><U19/><E19/><V107/><F107/><W29/><G29/><T10/><D10/><U118/><E11/><V41/><F41/><W46/><G46/><T74/><D74/><RYUUKYOKU ba="0,2" sc="240,10,250,-30,240,10,250,10" hai0="2,9,51,53,58,77,78,81,85,89,94,96,103" hai2="8,12,16,28,31,55,57,62,91,97,98,102,104" hai3="14,17,23,90,92,117,119" /><INIT seed="0,1,2,3,5,47" ten="250,220,250,260" oya="0" hai0="7,10,28,131,85,12,116,86,94,105,82,65,71" hai1="60,8,67,15,68,18,113,98,104,129,112,43,45" hai2="76,27,39,122,101,9,57,52,93,79,42,124,87" hai3="73,127,11,95,49,37,38,23,50,29,83,21,80"/><T110/><D105/><U51/><REACH who="1" step="1"/><E129/><REACH who="1" ten="250,210,250,260" step="2"/><V14/><F122/><W2/><G127/><T22/><D131/><U100/><AGARI ba="1,3" hai="8,15,18,43,45,51,60,67,68,98,100,104,112,113" machi="100" ten="30,12000,2" yaku="21,2,2,1,0,1,52,1,53,1" doraHai="47" doraHaiUra="62" who="1" fromWho="1" sc="250,-61,210,153,250,-31,260,-31" /><INIT seed="1,0,0,4,4,42" ten="189,363,219,229" oya="1" hai0="41,40,15,80,123,56,95,49,60,116,27,59,96" hai1="32,135,134,35,63,92,46,124,22,2,132,37,111" hai2="21,55,0,83,93,39,70,125,91,62,120,130,128" hai3="82,14,112,57,100,1,79,5,131,61,53,113,31"/><U121/><E92/><V52/><F120/><W89/><G131/><N who="2" m="50217" /><F0/><W117/><G117/><T25/><D116/><U11/><E121/><V17/><F125/><W8/><G100/><T18/><D123/><U65/><E124/><V115/><F39/><W133/><G133/><T64/><D80/><U43/><E111/><V119/><F119/><W34/><G89/><T102/><D41/><U26/><E2/><V44/><F83/><W20/><G82/><T77/><D77/><U36/><E11/><V30/><F30/><W4/><G79/><T10/><REACH who="0" step="1"/><D59/><REACH who="0" ten="179,363,219,229" step="2"/><N who="1" m="37119" /><E37/><V90/><F115/><W94/><G112/><T127/><D127/><U99/><E99/><V24/><F70/><W118/><G113/><T54/><D54/><U48/><E36/><V87/><F55/><W16/><G118/><T86/><D86/><U126/><E126/><V103/><F87/><W19/><G94/><T85/><D85/><U106/><E106/><V69/><F69/><W3/><G53/><T28/><D28/><AGARI ba="0,1" hai="22,26,28,32,35,43,46,48,132,134,135" m="37119" machi="28" ten="30,2900,0" yaku="20,1,52,1" doraHai="42" who="1" fromWho="0" sc="179,-29,363,39,219,0,229,0" /><INIT seed="1,1,0,2,5,9" ten="150,402,219,229" oya="1" hai0="17,128,81,72,86,74,58,107,28,71,45,105,53" hai1="59,67,66,56,1,42,18,40,0,108,130,7,31" hai2="2,118,38,102,25,89,37,6,20,111,109,30,120" hai3="43,129,95,55,116,41,114,49,64,4,65,51,3"/><U27/><E130/><V84/><F118/><W106/><G106/><T33/><D71/><U103/><E103/><V16/><F120/><W21/><G114/><T11/><D33/><U62/><E18/><V83/><F102/><W14/><G116/><T113/><D28/><U34/><E108/><N who="2" m="41547" /><F6/><W131/><G3/><T90/><D113/><U121/><E121/><V122/><F2/><W70/><G95/><T124/><D128/><N who="3" m="49225" /><G51/><T132/><D74/><U22/><E34/><N who="2" m="20815" /><F122/><W110/><G110/><T75/><D105/><U23/><E23/><V127/><F127/><W10/><G21/><T63/><D124/><U46/><E7/><V80/><F80/><W85/><G85/><T115/><D107/><U134/><E0/><V125/><F125/><W97/><G97/><T73/><D115/><U92/><E92/><V61/><F61/><N who="3" m="40207" /><G65/><T112/><D112/><U12/><E1/><V19/><F19/><W100/><G100/><T47/><REACH who="0" step="1"/><D132/><REACH who="0" ten="140,402,219,229" step="2"/><U68/><E134/><V60/><F60/><W104/><G104/><T26/><D26/><AGARI ba="1,1" hai="16,20,26,37,38,83,84,89" m="20815,41547" machi="26" ten="30,2000,0" yaku="14,1,54,1" doraHai="9" who="2" fromWho="0" sc="140,-23,402,0,219,33,229,0" /><INIT seed="2,0,0,5,1,130" ten="117,402,252,229" oya="2" hai0="99,56,75,74,125,66,129,5,72,6,4,51,97" hai1="110,49,95,9,27,60,106,64,118,50,100,68,104" hai2="107,82,124,17,40,28,133,71,92,93,70,85,83" hai3="131,67,114,65,26,22,109,132,123,37,0,84,126"/><V24/><F107/><W34/><RYUUKYOKU type="yao9" ba="0,0" sc="117,0,402,0,252,0,229,0" hai3="0,22,26,34,37,65,67,84,109,114,123,126,131,132" /><INIT seed="2,1,0,2,4,45" ten="117,402,252,229" oya="2" hai0="103,135,71,56,119,88,73,9,32,34,78,77,130" hai1="22,87,83,128,68,127,72,111,118,85,120,107,24" hai2="14,53,20,28,50,79,46,25,35,131,40,121,39" hai3="43,17,134,2,84,4,89,74,101,21,66,86,52"/><V38/><F121/><W48/><G74/><T41/><D71/><U81/><E120/><V59/><F131/><W3/><G134/><T99/><D135/><U93/><E118/><V69/><F69/><W61/><G43/><T7/><D119/><U49/><E128/><V47/><F79/><W30/><G30/><T117/><D130/><U116/><E111/><V94/><F94/><W18/><G101/><T126/><D117/><U8/><E127/><V90/><F90/><W26/><G18/><T12/><D126/><U65/><E116/><V92/><F92/><W82/><G4/><T95/><D41/><U60/><E107/><V11/><F35/><W55/><G55/><T123/><D123/><U23/><E8/><V51/><REACH who="2" step="1"/><F47/><REACH who="2" ten="117,402,242,229" step="2"/><W113/><G113/><T109/><D78/><U106/><E93/><V105/><F105/><W36/><G89/><T102/><D32/><U10/><E106/><V29/><F29/><W96/><G82/><T91/><D34/><U64/><E83/><V98/><F98/><W70/><G96/><T16/><D91/><U132/><E81/><V125/><F125/><W57/><G84/><T44/><D77/><U129/><E129/><V0/><F0/><W37/><REACH who="3" step="1"/><G86/><REACH who="3" ten="117,402,242,219" step="2"/><T62/><D88/><U6/><E87/><V124/><F124/><W97/><G97/><T63/><D99/><U112/><E85/><V110/><F110/><W67/><G67/><T100/><D109/><U80/><E65/><V133/><F133/><W104/><G104/><T15/><D103/><U58/><E132/><V76/><F76/><W19/><G19/><AGARI ba="1,2" hai="11,14,19,20,25,28,38,39,40,46,50,51,53,59" machi="19" ten="30,18000,2" yaku="1,1,6,1,7,1,52,2,53,1" doraHai="45" doraHaiUra="42" who="2" fromWho="3" sc="117,0,402,0,242,203,219,-183" /><INIT seed="2,2,0,5,0,42" ten="117,402,445,36" oya="2" hai0="21,5,45,85,16,111,70,116,134,84,3,23,78" hai1="87,114,99,30,59,56,128,26,118,17,19,106,103" hai2="29,20,123,67,117,43,51,34,109,107,77,132,57" hai3="4,131,64,54,36,8,86,71,110,105,73,82,9"/><V10/><F117/><W12/><G105/><T113/><D113/><U129/><E114/><V88/><F123/><W115/><G115/><T18/><D70/><U95/><E118/><V100/><F34/><W112/><G112/><T127/><D116/><U6/><E6/><V55/><F77/><W79/><G110/><T39/><D111/><U60/><E106/><V124/><F109/><W41/><G131/><N who="1" m="50250" /><E87/><V0/><F124/><W7/><G54/><T50/><D39/><U69/><E69/><V65/><F132/><W90/><G64/><T68/><D68/><U108/><E108/><V130/><F130/><W63/><G63/><T24/><D127/><U37/><E37/><V122/><F122/><W121/><G71/><T11/><D78/><U91/><E91/><V32/><F32/><W47/><G121/><T22/><D134/><U61/><E59/><V98/><F43/><W83/><REACH who="3" step="1"/><G8/><REACH who="3" ten="117,402,445,26" step="2"/><T89/><D11/><U62/><E56/><V58/><F58/><W1/><G1/><T53/><D3/><U75/><E75/><V74/><F74/><W2/><G2/><T125/><D125/><U38/><E62/><V35/><F10/><W119/><G119/><T135/><D135/><U133/><E133/><V28/><F0/><W81/><G81/><T80/><D80/><U13/><E61/><V102/><F67/><W101/><G101/><T120/><D53/><U15/><E60/><V94/><F65/><W31/><G31/><T92/><D120/><U46/><E30/><V25/><F107/><W33/><G33/><T76/><D23/><N who="1" m="13679" /><E103/><N who="2" m="39467" /><F35/><W104/><G104/><RYUUKYOKU ba="2,1" sc="117,-15,402,-15,445,15,26,15" hai2="20,25,28,29,51,55,57,88,94,98" hai3="4,7,9,12,36,41,47,73,79,82,83,86,90" /><INIT seed="2,3,1,1,5,13" ten="102,387,460,41" oya="2" hai0="48,17,22,43,134,64,102,61,80,31,49,96,85" hai1="129,71,100,15,128,111,42,115,135,23,9,28,25" hai2="57,38,130,6,77,97,30,104,70,93,108,12,24" hai3="2,81,65,14,45,103,47,36,37,5,113,55,127"/><V51/><F104/><W92/><G127/><T94/><D134/><U124/><E71/><V86/><F70/><W114/><G2/><T7/><D7/><U53/><E42/><V11/><F38/><N who="3" m="14955" /><G81/><T8/><D8/><U58/><E100/><V76/><F108/><W66/><G92/><T63/><D31/><U19/><E115/><N who="3" m="44042" /><G103/><T0/><D0/><U39/><E135/><V16/><F130/><N who="1" m="50281" /><E39/><V18/><F86/><W98/><G98/><T109/><D109/><U20/><E111/><V10/><F10/><N who="3" m="4431" /><G55/><T91/><D43/><U40/><E124/><V73/><F73/><W95/><G95/><T82/><D82/><U118/><E40/><V110/><F110/><W132/><G132/><T131/><D131/><U84/><E84/><V99/><F99/><W67/><AGARI ba="3,1" hai="45,47,65,66,67" m="4431,44042,14955" machi="67" ten="40,1500,0" yaku="11,1" doraHai="13" who="3" fromWho="3" sc="102,-7,387,-7,460,-10,41,34" /><INIT seed="3,0,0,0,4,92" ten="95,380,450,75" oya="3" hai0="40,38,59,37,17,34,87,83,24,12,10,99,97" hai1="69,126,67,134,131,31,47,43,116,19,71,33,79" hai2="100,112,127,122,66,108,95,94,25,42,15,98,20" hai3="62,106,109,76,102,72,51,64,45,50,78,8,86"/><W60/><G72/><T1/><D1/><U27/><E134/><V82/><F112/><W21/><G109/><T65/><D37/><U105/><E126/><V129/><F108/><W96/><G60/><N who="0" m="38047" /><D38/><U80/><E131/><V110/><F110/><W113/><G113/><T18/><D34/><U93/><E116/><V77/><F127/><W28/><G8/><T74/><D40/><U57/><E105/><V13/><F42/><W124/><G124/><T130/><D74/><U7/><E7/><V135/><F135/><W84/><G76/><N who="0" m="46567" /><D130/><U123/><E123/><V0/><F0/><W88/><G78/><T119/><D119/><U5/><E5/><V91/><F66/><W85/><G45/><T54/><D54/><U70/><E57/><V133/><F129/><W55/><G55/><T26/><D17/><U41/><E19/><V44/><F44/><W14/><G51/><T103/><D103/><U120/><E120/><V35/><F35/><W111/><G50/><T107/><D107/><U104/><E104/><V16/><F122/><W32/><G111/><T52/><D52/><U114/><E114/><V4/><F4/><W68/><G32/><T53/><D53/><U56/><E56/><V58/><F58/><W49/><G49/><T48/><D48/><N who="1" m="26735" /><E43/><V22/><F133/><W125/><G125/><T115/><D115/><U61/><E69/><V3/><F3/><W75/><G75/><T63/><D63/><U6/><E6/><V89/><F16/><N who="3" m="10391" /><G28/><T128/><D128/><U118/><E71/><V90/><F20/><W81/><G68/><T73/><D73/><RYUUKYOKU ba="0,0" sc="95,15,380,-15,450,-15,75,15" hai0="10,12,18,24,26,97,99" hai3="62,64,81,84,85,86,88,96,102,106" /><INIT seed="3,1,0,5,3,70" ten="110,365,435,90" oya="3" hai0="75,60,118,56,77,8,108,41,106,48,14,11,102" hai1="78,63,37,83,127,133,125,26,64,4,79,47,27" hai2="89,25,58,104,6,131,134,1,98,28,85,135,90" hai3="44,129,128,111,115,18,126,87,105,13,99,121,88"/><W30/><G121/><T132/><D108/><U16/><E133/><N who="2" m="50699" /><F131/><N who="3" m="50251" /><G115/><T34/><D34/><U3/><E3/><V119/><F119/><W103/><G30/><T36/><D118/><U9/><E4/><V29/><F6/><W95/><G44/><T10/><D48/><U124/><E9/><V52/><F1/><W80/><G126/><T100/><D132/><U31/><E31/><N who="2" m="11851" /><F25/><N who="1" m="9225" /><E16/><V96/><F104/><W59/><G59/><T43/><D14/><U67/><E79/><V2/><F2/><W81/><G111/><T23/><D23/><AGARI ba="1,0" hai="13,18,23,80,81,87,88,95,99,103,105" m="50251" machi="23" ten="30,2900,0" yaku="19,1,54,1" doraHai="70" who="3" fromWho="0" sc="110,-32,365,0,435,0,90,32" /><INIT seed="3,2,0,1,0,16" ten="78,365,435,122" oya="3" hai0="131,9,135,77,97,46,92,31,104,113,62,99,66" hai1="78,119,44,50,17,94,35,10,3,15,7,43,52" hai2="73,132,56,76,53,8,114,74,1,5,89,109,126" hai3="107,130,57,6,121,128,33,85,47,93,82,106,34"/><W11/><G121/><T95/><D131/><N who="3" m="50217" /><G93/><T67/><D104/><N who="3" m="39977" /><G47/><T21/><D77/><U100/><E119/><V86/><F76/><N who="3" m="46279" /><G57/><T116/><D116/><U64/><E94/><V91/><F56/><W90/><G90/><N who="0" m="55447" /><D135/><U26/><E100/><V72/><F91/><W42/><G42/><T120/><D120/><U84/><E43/><V71/><F89/><W81/><G81/><T2/><D113/><U59/><E84/><V65/><F86/><W75/><G75/><T88/><D46/><U98/><E78/><V103/><F73/><W41/><G41/><T13/><D62/><U19/><E98/><V111/><F74/><W123/><G123/><T30/><D2/><AGARI ba="2,0" hai="2,6,11,33,34" m="46279,39977,50217" machi="2" ten="30,1500,0" yaku="19,1" doraHai="16" who="3" fromWho="0" sc="78,-21,365,0,435,0,122,21" /><INIT seed="3,3,0,3,2,105" ten="57,365,435,143" oya="3" hai0="56,73,80,19,54,93,70,110,108,112,75,21,134" hai1="120,100,53,7,103,22,2,43,61,88,25,24,41" hai2="37,29,40,0,122,85,89,8,83,90,121,55,92" hai3="74,129,27,69,67,46,11,52,114,135,117,91,116"/><W109/><G114/><T107/><D70/><U60/><E120/><N who="2" m="46187" /><F29/><W119/><G129/><T18/><D107/><U17/><E25/><V1/><F8/><W128/><G128/><T84/><D112/><U33/><E33/><V97/><F55/><W64/><G69/><T26/><D134/><U50/><E2/><V59/><F59/><W81/><G135/><T39/><D39/><U94/><E7/><V45/><AGARI ba="3,0" hai="0,1,37,40,45,83,85,89,90,92,97" m="46187" machi="45" ten="30,1100,0" yaku="13,1" doraHai="105" who="2" fromWho="2" sc="57,-6,365,-6,435,20,143,-8" /><INIT seed="4,0,0,0,5,12" ten="51,359,455,135" oya="0" hai0="123,91,69,52,55,23,1,129,15,11,103,113,80" hai1="24,46,59,78,10,122,119,41,77,84,33,45,50" hai2="121,32,101,79,117,132,105,61,18,116,3,38,131" hai3="43,35,100,89,75,83,87,112,72,130,120,36,88"/><T30/><D123/><U115/><E122/><V93/><F93/><W48/><G120/><T22/><D69/><U65/><E119/><V4/><F79/><W13/><G35/><T96/><D1/><U51/><E115/><V37/><F4/><W109/><G36/><T2/><D2/><U29/><E10/><V97/><F61/><W118/><G118/><T70/><D70/><U31/><E84/><V111/><F97/><W49/><G109/><T102/><D113/><U54/><E31/><V28/><F28/><W73/><G112/><T5/><D129/><U99/><E99/><V7/><F7/><W63/><G100/><N who="0" m="38443" /><D30/><U21/><E33/><V125/><F101/><W86/><G130/><T66/><D66/><U106/><E106/><V25/><F38/><W8/><G43/><T81/><D96/><U90/><E90/><V128/><F117/><W57/><G86/><N who="0" m="50631" /><D81/><U26/><E26/><V94/><F128/><W44/><G89/><T16/><D5/><U68/><E68/><V60/><F3/><W42/><G73/><T92/><D92/><U107/><E107/><V47/><F94/><W134/><G75/><T133/><D133/><U104/><E104/><V0/><F105/><W27/><G72/><T62/><D62/><AGARI ba="0,0" hai="21,24,29,41,45,46,50,51,54,59,62,65,77,78" machi="62" ten="40,1300,0" yaku="8,1" doraHai="12" who="1" fromWho="0" sc="51,-13,359,13,455,0,135,0" /><INIT seed="5,0,0,3,3,37" ten="38,372,455,135" oya="1" hai0="2,78,122,127,117,90,68,7,114,111,22,71,10" hai1="133,49,34,74,79,12,16,128,101,64,104,21,25" hai2="48,4,105,80,91,58,3,120,59,50,18,126,35" hai3="134,132,107,40,36,119,38,106,41,83,52,33,84"/><U39/><E133/><N who="3" m="51306" /><G33/><T19/><D78/><U76/><E128/><V42/><F59/><W11/><G119/><T55/><D117/><U115/><E115/><V86/><F50/><W54/><G11/><T66/><D66/><U129/><E129/><V121/><F18/><W69/><G69/><T45/><D111/><U17/><E39/><N who="3" m="14890" /><G106/><T88/><D114/><U118/><E118/><V96/><F86/><W31/><G31/><T131/><D131/><U60/><E49/><V67/><F48/><W124/><G107/><T1/><D122/><U75/><E34/><V93/><F91/><N who="3" m="51615" /><G124/><T9/><D127/><U61/><E104/><V26/><F35/><W15/><G15/><T23/><D19/><U32/><E75/><V24/><F105/><W100/><G100/><T92/><D92/><U28/><E101/><V6/><F93/><W14/><G14/><T73/><D73/><U109/><E17/><V98/><F126/><W112/><G112/><T72/><D72/><U125/><E125/><V102/><F102/><W27/><G27/><T0/><D0/><U94/><E109/><V82/><F3/><W13/><G13/><T103/><D103/><U47/><E94/><V62/><F24/><W110/><G110/><T65/><D7/><U43/><E74/><V85/><F4/><W95/><G95/><T56/><D1/><U108/><E108/><V46/><F6/><W135/><N who="3" m="51314" /><W99/><DORA hai="30" /><G99/><T44/><D2/><U87/><E87/><V116/><F85/><W81/><G81/><T70/><D71/><N who="1" m="42375" /><E61/><V113/><F62/><W20/><G20/><RYUUKYOKU ba="0,0" sc="38,-15,372,15,455,-15,135,15" hai1="12,16,21,25,28,32,43,47,76,79" hai3="40,41,52,54" /><INIT seed="5,1,0,4,2,108" ten="23,387,440,150" oya="1" hai0="62,58,120,126,118,51,121,1,5,104,101,116,56" hai1="48,0,76,63,111,84,49,122,24,28,65,12,8" hai2="98,43,66,82,87,29,97,44,33,39,90,91,72" hai3="50,60,38,55,3,16,40,41,23,75,30,102,31"/><U96/><E122/><V99/><F72/><W19/><G75/><T26/><D104/><U105/><E111/><V100/><F66/><W93/><G3/><T129/><D101/><U53/><E0/><V69/><F69/><W34/><G34/><T13/><D1/><U109/><E109/><V110/><F110/><W115/><G115/><T54/><D26/><U64/><E105/><V88/><F29/><N who="3" m="10763" /><G60/><T7/><D13/><U81/><E96/><V52/><F33/><W4/><G4/><T18/><D18/><N who="3" m="6697" /><G38/><T92/><D92/><U124/><E124/><V9/><F9/><W135/><G23/><T106/><D106/><U132/><E132/><V6/><F6/><W80/><G80/><T94/><D94/><U2/><E2/><V36/><F36/><W125/><G135/><T67/><D5/><N who="1" m="3087" /><E63/><V45/><REACH who="2" step="1"/><F100/><REACH who="2" ten="23,387,430,150" step="2"/><W71/><G71/><T123/><D7/><U112/><E112/><V86/><F86/><W114/><G114/><T11/><D11/><U95/><E65/><V22/><F22/><W73/><G73/><T128/><D126/><U103/><E64/><V15/><F15/><W130/><G125/><T17/><D17/><U68/><E68/><V42/><F42/><W74/><G74/><T57/><D57/><U47/><E28/><V27/><F27/><W46/><G102/><T32/><REACH who="0" step="1"/><D32/><REACH who="0" ten="13,387,430,150" step="2"/><U59/><E24/><V119/><F119/><AGARI ba="1,2" hai="51,54,56,58,62,67,116,118,119,120,121,123,128,129" machi="119" ten="50,12000,2" yaku="1,1,2,1,13,1,34,3,53,0" doraHai="108" doraHaiUra="133" who="0" fromWho="2" sc="13,143,387,0,430,-123,150,0" /><INIT seed="6,0,0,3,5,1" ten="156,387,307,150" oya="2" hai0="76,118,58,29,34,44,43,110,60,133,71,13,17" hai1="54,37,112,102,74,123,128,51,85,25,109,40,73" hai2="66,122,55,57,108,11,14,121,90,132,26,49,47" hai3="39,48,87,41,27,20,93,111,0,5,42,131,9"/><V81/><F132/><W31/><G111/><T68/><D110/><U63/><E109/><V105/><F105/><W50/><G131/><T98/><D133/><U23/><E128/><V61/><F108/><W70/><G70/><T52/><D118/><U30/><E112/><V7/><REACH who="2" step="1"/><F26/><REACH who="2" ten="156,387,297,150" step="2"/><W6/><G27/><T15/><D71/><U3/><E25/><V113/><F113/><W83/><G31/><T53/><D68/><U125/><E30/><V65/><F65/><W130/><G130/><T33/><D29/><U62/><E123/><V69/><F69/><W8/><G20/><T18/><D34/><U12/><E23/><V19/><F19/><W126/><G126/><T64/><D33/><U24/><E125/><V82/><F82/><W104/><G104/><T116/><D18/><U96/><E24/><V127/><F127/><W124/><G124/><T97/><D116/><U95/><E95/><V99/><F99/><W94/><G83/><T88/><D98/><U67/><E96/><V75/><F75/><W16/><G16/><T22/><D17/><U45/><E67/><V120/><F120/><W80/><G80/><T114/><D22/><U117/><E74/><V129/><F129/><W46/><G87/><AGARI ba="0,1" hai="7,11,14,47,49,55,57,61,66,81,87,90,121,122" machi="87" ten="40,7700,0" yaku="1,1,52,1,53,1" doraHai="1" doraHaiUra="56" who="2" fromWho="3" sc="156,0,387,0,297,87,150,-77" /><INIT seed="6,1,0,3,5,108" ten="156,387,384,73" oya="2" hai0="24,130,68,21,53,66,119,40,129,87,56,64,102" hai1="91,89,99,103,61,11,134,90,109,57,51,13,32" hai2="0,74,114,9,54,15,63,10,93,36,124,28,47" hai3="29,101,62,26,95,19,118,1,126,71,20,17,22"/><V14/><F74/><W117/><G71/><T116/><D40/><U76/><E109/><V125/><F0/><W8/><G62/><T72/><D72/><U75/><E134/><V34/><F93/><W86/><G126/><N who="2" m="48745" /><F36/><W107/><G107/><T112/><D102/><U2/><E2/><V30/><F114/><W77/><G77/><T81/><D112/><U49/><E32/><V69/><F34/><W48/><G48/><N who="0" m="30759" /><D68/><U35/><E35/><V39/><F39/><W18/><G101/><T7/><D7/><U115/><E115/><V5/><F47/><W27/><G95/><T113/><D113/><U25/><E75/><V131/><F131/><N who="0" m="50186" /><D119/><U106/><E106/><V135/><F135/><W133/><G86/><T84/><D84/><U110/><E110/><V82/><F82/><W43/><G43/><T52/><D116/><N who="3" m="44649" /><G133/><T60/><D87/><U83/><E83/><V70/><F70/><W45/><G45/><T16/><D81/><U132/><E132/><V105/><F105/><W4/><AGARI ba="1,0" hai="1,4,8,17,18,19,20,22,26,27,29" m="44649" machi="4" ten="30,2000,0" yaku="34,2" doraHai="108" who="3" fromWho="3" sc="156,-6,387,-6,384,-11,73,23" /><INIT seed="7,0,0,4,1,57" ten="150,381,373,96" oya="3" hai0="113,135,101,133,29,4,23,99,1,49,130,54,134" hai1="11,94,52,79,103,2,55,48,15,102,109,81,46" hai2="115,98,5,106,124,72,92,116,59,128,93,110,100" hai3="131,63,65,117,120,68,80,73,70,3,121,96,60"/><W10/><G117/><T122/><D130/><U47/><E109/><V112/><F110/><W61/><G131/><T50/><D113/><N who="2" m="43594" /><F128/><W43/><G96/><T20/><D122/><U78/><E2/><V13/><F116/><W34/><G34/><T51/><D54/><N who="1" m="20523" /><E81/><V86/><F72/><W19/><G43/><T9/><D29/><U62/><E62/><V7/><F59/><W127/><G127/><T66/><D66/><U26/><E26/><V14/><F124/><W53/><G53/><T39/><D39/><U12/><E48/><V69/><F69/><W31/><G31/><T75/><D75/><U35/><E35/><V108/><F108/><W44/><G44/><N who="1" m="16938" /><E15/><N who="2" m="5643" /><F86/><W33/><G33/><T38/><D38/><U28/><E28/><V104/><F93/><AGARI ba="0,0" hai="1,4,9,20,23,49,50,51,93,99,101,133,134,135" machi="93" ten="50,1600,0" yaku="20,1" doraHai="57" who="0" fromWho="2" sc="150,16,381,0,373,-16,96,0" owari="166,-23.0,381,47.0,357,16.0,96,-40.0" /></mjloggm>