<mjloggm ver="2.3"><GO type="169" lobby="0"/><UN n0="%72%52%66%44%79%55%66" n1="%E9%8A%80%E8%89%B2%E3%81%84%E3%81%8C%E3%81%90%E3%82%8A" n2="%CE%BC%E3%81%97%E3%82%82%E3%81%A7" n3="%E9%BB%92%E7%8A%AC%40%E3%81%A6%E3%82%93%E3%81%BB%E3%83%BC" dan="16,18,17,16" rate="2118.62,2289.05,2156.29,2097.43" sx="M,M,M,F"/><TAIKYOKU oya="0"/><INIT seed="0,0,0,4,4,93" ten="250,250,250,250" oya="0" hai0="135,1,123,108,50,72,79,43,81,4,42,22,68" hai1="2,132,56,62,30,80,85,16,76,33,55,12,28" hai2="24,58,105,75,51,17,98,67,133,110,70,53,57" hai3="21,114,121,14,84,83,86,15,19,107,47,54,44"/><T35/><D123/><U46/><E132/><V82/><F133/><W119/><G114/><T45/><D135/><U118/><E2/><V7/><F110/><W88/><G119/><T97/><D35/><U49/><E33/><V34/><F7/><W60/><G121/><T101/><D68/><U64/><REACH who="1" step="1"/><E118/><REACH who="1" ten="250,240,250,250" step="2"/><V100/><F34/><W91/><G107/><T127/><D108/><U122/><E122/><V6/><F6/><W77/><G77/><T109/><D109/><U116/><E116/><V115/><F115/><W104/><G104/><T9/><D127/><U99/><E99/><V128/><F128/><W66/><G54/><T134/><D134/><U61/><E61/><V87/><F75/><W65/><G65/><T130/><D130/><U69/><E69/><V13/><F70/><W129/><G129/><T36/><D22/><AGARI ba="0,1" hai="12,16,22,28,30,46,49,55,56,62,64,76,80,85" machi="22" ten="30,7700,0" yaku="1,1,7,1,8,1,54,1,53,0" doraHai="93" doraHaiUra="0" who="1" fromWho="0" sc="250,-77,240,87,250,0,250,0" /><INIT seed="1,0,0,4,1,108" ten="173,327,250,250" oya="1" hai0="83,57,77,37,101,40,133,17,22,82,63,54,124" hai1="55,75,93,130,100,18,114,117,3,121,109,76,52" hai2="28,61,64,116,132,10,127,84,107,14,59,12,87" hai3="5,23,11,78,88,128,81,51,90,34,60,46,33"/><U99/><E121/><V2/><F116/><W1/><G128/><T69/><D124/><U102/><E117/><V94/><F107/><W135/><G135/><T30/><D133/><U80/><E130/><V97/><F127/><W53/><G23/><T13/><D101/><U95/><E3/><V110/><F110/><W62/><G62/><T9/><D69/><U27/><E109/><V65/><F2/><W74/><REACH who="3" step="1"/><G60/><REACH who="3" ten="173,327,250,240" step="2"/><T35/><D35/><AGARI ba="0,1" hai="1,5,11,33,34,35,46,51,53,74,78,81,88,90" machi="35" ten="40,5200,0" yaku="1,1,2,1,54,1,53,0" doraHai="108" doraHaiUra="92" who="3" fromWho="0" sc="173,-52,327,0,250,0,240,62" /><INIT seed="2,0,0,2,2,2" ten="121,327,250,302" oya="2" hai0="126,131,24,14,114,87,75,51,53,107,66,78,80" hai1="33,44,11,38,16,76,96,18,50,120,79,1,42" hai2="104,110,115,62,89,52,61,36,106,69,4,132,90" hai3="57,49,37,109,40,8,60,105,58,125,112,23,15"/><V118/><F118/><W27/><G105/><T116/><D126/><U31/><E120/><V119/><F119/><W46/><G112/><T34/><D131/><U117/><E117/><V100/><F115/><W30/><G109/><T20/><D114/><U68/><E68/><V65/><F36/><W35/><G125/><T22/><D116/><U93/><E38/><V39/><F39/><W108/><G108/><T13/><D107/><U97/><E97/><V122/><F110/><W135/><G135/><T123/><D123/><U5/><E31/><V77/><F122/><W21/><G37/><T56/><D66/><U74/><E33/><V71/><F132/><W3/><G3/><T134/><D134/><U98/><E98/><V32/><F32/><W29/><G29/><T91/><D34/><U17/><REACH who="1" step="1"/><E74/><REACH who="1" ten="121,317,250,302" step="2"/><V45/><F71/><W55/><REACH who="3" step="1"/><G58/><REACH who="3" ten="121,317,250,292" step="2"/><T127/><D127/><U95/><E95/><V67/><F69/><W128/><G128/><T103/><D56/><U124/><E124/><V121/><F106/><W94/><G94/><T54/><D80/><U88/><AGARI ba="0,2" hai="1,5,11,16,17,18,42,44,50,76,79,88,93,96" machi="88" ten="30,12000,2" yaku="1,1,0,1,52,1,54,2,53,1" doraHai="2" doraHaiUra="86" who="1" fromWho="1" sc="121,-30,317,140,250,-60,292,-30" /><INIT seed="3,0,0,3,4,116" ten="91,457,190,262" oya="3" hai0="14,59,115,31,105,29,11,80,128,34,83,77,99" hai1="130,54,44,95,97,26,87,55,1,125,90,23,52" hai2="92,6,89,98,4,19,135,49,16,76,113,133,124" hai3="72,85,9,126,28,75,15,57,35,71,22,94,129"/><W62/><G71/><T33/><D128/><U30/><E1/><V24/><F113/><W68/><G68/><T93/><D115/><U101/><E130/><V66/><F66/><W61/><G129/><T102/><D31/><U100/><E125/><V20/><F124/><W103/><G126/><T122/><D122/><U91/><REACH who="1" step="1"/><E44/><REACH who="1" ten="91,447,190,262" step="2"/><V111/><F111/><W134/><G134/><T41/><D34/><U18/><E18/><N who="2" m="12311" /><F135/><W53/><G35/><T79/><D29/><U45/><E45/><V40/><F133/><W42/><G28/><T64/><D33/><U88/><E88/><V10/><F76/><W60/><G103/><T131/><D131/><U96/><E96/><V50/><F19/><W123/><G57/><T38/><D79/><U109/><E109/><V21/><F4/><W43/><G75/><T65/><D59/><U108/><E108/><V51/><F6/><W70/><G72/><T46/><D77/><U58/><E58/><V39/><F10/><W5/><G70/><T12/><D11/><U106/><E106/><V7/><F7/><W117/><G117/><T37/><D105/><U114/><E114/><V32/><F32/><W74/><G74/><T73/><D73/><U112/><E112/><V132/><F132/><W3/><G3/><T48/><D46/><U84/><E84/><V27/><F39/><W121/><G22/><T104/><D38/><U36/><E36/><V25/><F40/><W107/><G107/><N who="0" m="63967" /><D41/><U8/><E8/><V82/><F25/><W17/><G43/><T81/><D37/><U47/><E47/><V110/><F110/><RYUUKYOKU ba="0,1" sc="91,-15,447,15,190,15,262,-15" hai1="23,26,30,52,54,55,87,90,91,95,97,100,101" hai2="16,21,27,49,50,51,82,89,92,98" /><INIT seed="4,1,1,4,2,30" ten="76,462,205,247" oya="0" hai0="46,4,50,61,43,22,122,11,62,133,10,99,1" hai1="98,3,97,120,2,52,9,25,96,80,126,84,23" hai2="42,19,91,103,75,59,90,95,134,35,41,92,71" hai3="73,7,12,108,118,119,13,20,128,70,94,33,64"/><T110/><D133/><U40/><E120/><V131/><F71/><W45/><G73/><T51/><D122/><U26/><E126/><V32/><F75/><W27/><G108/><T53/><D110/><U102/><E40/><V112/><F103/><W107/><G107/><T58/><D11/><U117/><E117/><V49/><F19/><W115/><G115/><T48/><D22/><U5/><E3/><V79/><F79/><W65/><G128/><T74/><D74/><U18/><E26/><V81/><F81/><W113/><G33/><N who="2" m="12873" /><F49/><W28/><G113/><T68/><REACH who="0" step="1"/><D99/><REACH who="0" ten="66,462,205,247" step="2"/><U130/><E130/><V114/><F131/><W29/><G20/><T76/><D76/><U17/><E97/><V135/><F112/><W69/><G7/><T116/><D116/><U24/><E96/><V82/><F114/><W38/><G119/><T31/><D31/><U15/><E98/><V93/><F91/><W34/><G118/><T66/><AGARI ba="1,2" hai="1,4,10,43,46,48,50,51,53,58,61,62,66,68" machi="66" ten="30,3000,0" yaku="1,1,0,1,53,0" doraHai="30" doraHaiUra="16" who="0" fromWho="0" sc="66,53,462,-11,205,-11,247,-11" /><INIT seed="4,2,0,2,1,135" ten="119,451,194,236" oya="0" hai0="131,99,78,5,92,102,45,18,36,134,68,115,6" hai1="0,126,63,27,59,125,127,17,94,52,11,69,7" hai2="98,119,71,122,39,109,95,34,32,74,65,54,132" hai3="117,96,121,26,37,75,25,64,9,133,113,103,30"/><T72/><D134/><U111/><E111/><V19/><F54/><W57/><G75/><T77/><D68/><U90/><E69/><V38/><F19/><W15/><G37/><T62/><D115/><U22/><E90/><V89/><F89/><W86/><G117/><T116/><D116/><U14/><E94/><V43/><F95/><W35/><G113/><T58/><D131/><U60/><E60/><V49/><F49/><W110/><G110/><T129/><D129/><U12/><AGARI ba="2,0" hai="0,7,11,12,14,17,22,27,52,59,63,125,126,127" machi="12" ten="40,12000,2" yaku="0,1,18,1,52,3,54,1" doraHai="135" who="1" fromWho="1" sc="119,-62,451,126,194,-32,236,-32" /><INIT seed="5,0,0,2,2,61" ten="57,577,162,204" oya="1" hai0="36,40,107,114,90,126,84,115,92,12,0,24,65" hai1="121,122,127,72,29,43,20,132,68,63,2,8,130" hai2="55,96,19,120,45,111,85,37,124,71,135,110,54" hai3="100,82,69,3,1,134,18,116,14,49,117,86,28"/><U99/><E72/><V35/><F85/><W88/><G28/><T47/><D107/><U75/><E75/><V57/><F19/><W15/><G100/><T93/><D0/><U74/><E74/><V32/><F96/><W133/><G49/><T6/><D126/><U77/><E68/><V22/><F22/><W41/><G41/><T23/><D93/><U50/><E2/><N who="3" m="522" /><G69/><T83/><D92/><U53/><E50/><V56/><F71/><W9/><G15/><T17/><D6/><U81/><E43/><V38/><F45/><W48/><G48/><T106/><D106/><U51/><E51/><V11/><F11/><W89/><G89/><T102/><D102/><U42/><E8/><V31/><F31/><W59/><G59/><N who="2" m="22601" /><F120/><W87/><G87/><T108/><D108/><N who="2" m="41514" /><F124/><W70/><G70/><T7/><D7/><U60/><E29/><V39/><F135/><AGARI ba="0,0" hai="9,14,18,82,86,88,116,117,133,134,135" m="522" machi="135" ten="30,2000,0" yaku="20,1,54,1" doraHai="61" who="3" fromWho="2" sc="57,0,577,0,162,-20,204,20" /><INIT seed="6,0,0,5,5,66" ten="57,577,142,224" oya="2" hai0="63,11,121,113,127,49,14,93,107,42,78,23,37" hai1="124,24,39,106,47,77,89,0,116,97,6,51,22" hai2="56,40,61,58,117,110,118,33,5,132,125,27,126" hai3="75,108,7,104,54,102,64,28,135,95,65,76,19"/><V9/><F110/><W44/><G104/><T17/><D121/><U46/><E116/><V71/><F33/><W45/><G108/><T82/><D107/><U69/><E124/><N who="2" m="47723" /><F27/><W41/><G7/><T31/><D113/><U83/><E69/><V50/><F9/><W62/><G28/><T105/><D105/><U98/><E106/><V114/><F5/><W112/><G75/><T119/><D127/><U10/><E89/><V109/><F109/><W20/><G76/><T52/><D119/><N who="2" m="45578" /><F132/><W15/><G112/><T43/><D37/><U90/><E90/><V86/><F86/><W74/><G74/><T4/><D31/><U16/><E39/><V84/><F84/><W88/><G102/><T96/><D63/><U21/><E21/><V34/><F34/><W35/><G35/><T29/><D29/><U100/><E100/><V103/><F103/><W1/><G1/><T73/><D93/><U18/><E18/><V120/><F114/><W99/><G135/><T36/><D36/><U92/><E92/><V67/><F120/><W91/><G91/><T122/><D96/><U13/><E97/><V38/><F38/><W111/><G111/><T128/><D128/><U8/><E98/><V25/><F25/><W72/><G72/><T94/><D94/><U70/><E10/><V32/><F32/><W85/><G85/><T134/><D134/><U12/><E0/><V101/><F101/><W55/><G99/><T30/><D30/><U57/><E24/><V87/><F87/><W129/><G95/><T53/><D122/><U26/><E26/><V133/><F133/><RYUUKYOKU ba="0,0" sc="57,-10,577,-10,142,30,224,-10" hai2="40,50,56,58,61,67,71" /><INIT seed="6,1,0,4,2,81" ten="47,567,172,214" oya="2" hai0="70,19,31,52,108,78,89,26,77,112,40,98,55" hai1="38,91,39,123,101,4,130,37,121,85,68,102,93" hai2="28,74,50,134,60,79,87,64,82,114,125,16,24" hai3="100,71,124,110,75,67,41,129,132,119,127,59,66"/><V15/><F114/><W107/><G75/><T9/><D108/><U72/><E130/><V73/><F134/><W47/><G110/><T65/><D112/><U3/><E68/><V8/><F125/><N who="3" m="48203" /><G119/><T13/><D70/><U96/><E72/><V103/><F103/><W54/><G129/><T57/><D65/><U131/><E131/><V18/><F50/><W45/><G132/><T69/><D69/><U126/><E126/><V92/><F18/><W88/><G71/><T61/><D40/><U29/><E29/><V116/><F116/><W62/><G100/><T90/><D55/><U20/><E20/><V21/><F92/><W122/><G107/><T97/><D98/><U53/><E53/><V7/><F60/><W36/><G122/><N who="1" m="46602" /><E3/><V51/><F64/><N who="3" m="39007" /><G88/><N who="0" m="33899" /><D97/><U106/><E101/><V118/><F118/><W1/><G1/><T58/><D58/><U43/><E4/><V48/><F48/><AGARI ba="1,0" hai="36,41,45,47,48,54,66,67" m="39007,48203" machi="48" ten="30,3900,0" yaku="18,1,34,2" doraHai="81" who="3" fromWho="2" sc="47,0,567,0,172,-42,214,42" /><INIT seed="7,0,0,0,3,55" ten="47,567,130,256" oya="3" hai0="6,16,68,49,126,64,115,71,111,127,103,78,97" hai1="26,100,66,90,108,73,11,50,27,45,87,17,15" hai2="13,46,121,74,42,24,0,125,40,48,91,25,5" hai3="84,116,21,37,18,120,54,8,92,104,1,57,22"/><W95/><G37/><T93/><D111/><U76/><E108/><V109/><F0/><W34/><G104/><T7/><D78/><U23/><E73/><V53/><F74/><W58/><G34/><T61/><D71/><U80/><E100/><V122/><F125/><W98/><G120/><N who="2" m="46185" /><F109/><W85/><G116/><T86/><D86/><N who="3" m="33385" /><G1/><T132/><D132/><U2/><E66/><V47/><F91/><W36/><G36/><T102/><D102/><U38/><E38/><N who="2" m="21783" /><F42/><W70/><G70/><T14/><D49/><U62/><E62/><V113/><F113/><W79/><G79/><T128/><D128/><U51/><E51/><V44/><F44/><W134/><G54/><T75/><D75/><U67/><E67/><V59/><F47/><W41/><G41/><T77/><D77/><U83/><E76/><V30/><F30/><W106/><G106/><T82/><D82/><N who="1" m="49527" /><E2/><V4/><F13/><N who="3" m="7463" /><G134/><T89/><D103/><U43/><E26/><AGARI ba="0,0" hai="4,5,24,25,26,48,53,59" m="21783,46185" machi="26" ten="30,2000,0" yaku="13,1,52,1" doraHai="55" who="2" fromWho="1" sc="47,0,567,-20,130,20,256,0" owari="47,-45.0,547,64.0,150,-25.0,256,6.0" /></mjloggm>