<mjloggm ver="2.3"><GO type="169" lobby="0"/><UN n0="%E3%81%A4%E3%82%80%E3%81%90" n1="%E3%83%AC%E3%82%A4%E3%83%88%E3%83%B3%E5%87%86%E6%95%99%E6%8E%88" n2="%E8%A5%BF%E5%B2%A1%E8%82%B2%E6%9C%AA%E2%99%AA" n3="%6E%79%61%73%75%76%69" dan="16,16,16,18" rate="2065.39,2100.79,2124.48,2206.79" sx="M,M,F,M"/><TAIKYOKU oya="0"/><INIT seed="0,0,0,2,3,11" ten="250,250,250,250" oya="0" hai0="60,5,127,25,86,29,123,104,33,65,71,18,133" hai1="112,122,113,115,59,130,101,56,49,116,22,109,46" hai2="73,67,80,39,30,45,69,17,34,3,75,52,58" hai3="28,32,48,129,68,132,70,107,51,88,97,95,23"/><T117/><D123/><U102/><E116/><V55/><F3/><W103/><G32/><T63/><D117/><U64/><E122/><V99/><F30/><W20/><G129/><T119/><D119/><U93/><E130/><V84/><F34/><W37/><G37/><T81/><D5/><U9/><E109/><V54/><F69/><W2/><G2/><T15/><D63/><U50/><E22/><V124/><F124/><W79/><G132/><T131/><D131/><U31/><E31/><V44/><F73/><W14/><G79/><T38/><D38/><U96/><E102/><V36/><F75/><W120/><G120/><T7/><D7/><U74/><E74/><V106/><F106/><W111/><G111/><T12/><D127/><U100/><E100/><V92/><F39/><W27/><G70/><T78/><D133/><U118/><E64/><V76/><F17/><N who="3" m="10295" /><G107/><T66/><D66/><U10/><E118/><V16/><F16/><N who="3" m="12775" /><G68/><T87/><D18/><U94/><E113/><V41/><F41/><W47/><G28/><T43/><D43/><U90/><E101/><N who="2" m="60647" /><F36/><W135/><G135/><T114/><D114/><U98/><E90/><V0/><F0/><W85/><G47/><AGARI ba="0,0" hai="9,10,46,47,49,50,56,59,93,94,96,98,112,115" machi="47" ten="25,1600,0" yaku="22,2" doraHai="11" who="1" fromWho="3" sc="250,0,250,16,250,0,250,-16" /><INIT seed="1,0,0,0,5,87" ten="250,266,250,234" oya="1" hai0="74,120,70,102,35,108,126,80,125,49,98,46,5" hai1="47,45,40,124,93,39,27,90,57,127,26,121,9" hai2="29,105,81,67,25,44,99,50,96,85,65,82,34" hai3="58,91,107,12,133,115,1,135,113,53,132,7,79"/><U112/><E112/><V119/><F119/><W21/><G107/><T104/><D35/><U36/><E121/><V42/><F82/><W2/><G79/><T18/><D70/><U116/><E116/><V100/><REACH who="2" step="1"/><F99/><REACH who="2" ten="250,266,240,234" step="2"/><W51/><G113/><T123/><D80/><U94/><E124/><V4/><F4/><W56/><G115/><T33/><D5/><U17/><E127/><V103/><F103/><W6/><G7/><T84/><D125/><U37/><E39/><V111/><F111/><W86/><G6/><T52/><D108/><U101/><E101/><V68/><F68/><W16/><REACH who="3" step="1"/><G58/><REACH who="3" ten="250,266,240,224" step="2"/><T114/><D114/><U118/><E57/><V71/><F71/><W109/><G109/><T73/><D126/><U106/><E118/><V59/><F59/><W75/><G75/><T23/><D74/><U54/><E106/><V60/><F60/><W10/><G10/><T131/><D73/><U134/><E9/><V129/><F129/><W78/><G78/><AGARI ba="0,2" hai="25,29,34,42,44,50,65,67,78,81,85,96,100,105" machi="78" ten="30,2000,0" yaku="1,1,7,1,53,0" doraHai="87" doraHaiUra="48" who="2" fromWho="3" sc="250,0,266,0,240,40,224,-20" /><INIT seed="2,0,0,0,4,50" ten="250,266,280,204" oya="2" hai0="0,98,5,67,95,17,123,1,55,106,102,27,112" hai1="129,128,121,9,83,72,40,135,76,44,43,120,37" hai2="101,130,100,6,126,20,34,29,56,16,49,131,46" hai3="103,96,15,110,64,62,92,65,116,36,58,104,97"/><V79/><F126/><W33/><G116/><T26/><D112/><U99/><E43/><V119/><F119/><W53/><G110/><T41/><D41/><U7/><E99/><V22/><F6/><W125/><G125/><T89/><D67/><U115/><E135/><V118/><F118/><W42/><G33/><T109/><D123/><N who="1" m="47179" /><E115/><V8/><F79/><W14/><G65/><T66/><D66/><U28/><E28/><V57/><F8/><W48/><G42/><T127/><D109/><U114/><E114/><V84/><F22/><W69/><REACH who="3" step="1"/><G36/><REACH who="3" ten="250,266,280,194" step="2"/><T133/><D127/><U35/><E35/><V105/><F34/><W59/><G59/><T23/><D133/><U52/><E52/><N who="2" m="29751" /><F57/><W122/><G122/><T88/><D55/><U93/><E37/><V86/><F56/><W4/><G4/><T13/><D5/><U73/><E7/><V91/><F131/><W21/><G21/><T45/><D45/><U61/><E44/><V24/><F130/><W10/><G10/><T19/><D1/><U54/><E9/><V25/><F29/><W32/><G32/><T124/><D0/><U113/><E113/><V94/><F25/><W71/><G71/><T75/><D124/><U30/><E30/><V74/><F24/><W77/><G77/><T78/><D27/><U117/><E117/><V132/><F20/><W11/><G11/><T80/><D106/><U39/><E129/><V12/><F132/><W47/><G47/><T134/><D134/><U51/><E128/><V107/><F12/><W111/><G111/><T82/><D26/><U2/><E2/><RYUUKYOKU ba="0,1" sc="250,-10,266,-10,280,-10,194,30" hai3="14,15,48,53,58,62,64,69,92,96,97,103,104" /><BYE who="1" /><INIT seed="3,1,1,5,2,8" ten="240,256,270,224" oya="3" hai0="19,5,68,83,104,78,9,75,18,123,67,120,112" hai1="72,66,128,61,10,49,126,76,0,115,42,31,14" hai2="64,51,99,59,101,1,36,43,130,70,117,102,92" hai3="85,125,56,131,132,135,44,100,90,54,46,98,52"/><W121/><G121/><T108/><D104/><UN n1="%E3%83%AC%E3%82%A4%E3%83%88%E3%83%B3%E5%87%86%E6%95%99%E6%8E%88" /><U65/><E115/><V89/><F1/><W105/><G125/><T25/><D112/><U122/><E122/><V81/><F117/><W23/><G131/><T20/><D108/><U4/><E128/><V6/><F6/><W77/><G77/><T21/><D67/><U26/><E126/><V80/><F36/><W69/><G69/><T88/><D68/><U93/><E0/><V41/><F70/><W74/><G74/><T127/><D127/><U91/><E76/><V27/><F27/><W106/><G105/><T63/><D63/><U109/><E109/><V133/><F133/><N who="3" m="51275" /><G23/><T119/><D119/><U113/><E72/><V30/><F30/><W86/><G86/><T97/><D19/><U87/><E61/><N who="2" m="37951" /><F130/><W57/><G56/><T7/><D7/><U60/><E113/><V33/><F33/><W48/><G54/><T34/><D21/><N who="1" m="15823" /><E60/><V22/><F22/><W62/><G62/><T82/><D34/><U116/><E116/><V40/><F51/><W55/><G55/><T2/><D120/><U84/><E87/><V17/><F80/><AGARI ba="1,1" hai="44,46,48,52,57,80,85,90,98,100,106" m="51275" machi="80" ten="30,2900,0" yaku="20,1,54,1" doraHai="8" who="3" fromWho="2" sc="240,0,256,0,270,-32,224,42" /><INIT seed="3,2,0,2,5,31" ten="240,256,238,266" oya="3" hai0="92,27,119,59,86,32,105,99,104,124,89,16,30" hai1="64,126,94,7,127,44,118,50,110,100,71,2,0" hai2="130,101,114,68,98,24,108,74,49,4,132,97,18" hai3="123,38,67,19,131,113,41,5,93,61,54,103,85"/><W1/><G113/><T122/><D119/><U60/><E110/><V111/><F68/><W48/><G123/><T133/><D122/><U13/><E118/><V51/><F74/><W40/><G131/><T52/><D124/><N who="1" m="47659" /><E7/><V106/><F114/><W21/><G38/><T10/><D133/><U116/><E116/><V29/><F130/><W28/><G1/><T112/><D112/><U39/><E39/><V120/><F132/><W14/><G5/><T6/><D6/><U88/><E13/><V73/><F73/><W70/><G28/><T84/><D84/><N who="1" m="52487" /><E100/><N who="2" m="62735" /><F18/><W8/><G103/><T63/><D10/><U134/><E134/><V83/><F83/><W82/><G93/><T87/><D87/><U47/><E47/><V42/><F4/><W34/><G21/><N who="0" m="13735" /><D86/><U25/><E25/><AGARI ba="2,0" hai="25,30,32,52,59,63,89,92,99,104,105" m="13735" machi="25" ten="30,7700,0" yaku="25,1,52,1,54,2" doraHai="31" who="0" fromWho="1" sc="240,83,256,-83,238,0,266,0" /><INIT seed="4,0,0,1,2,18" ten="323,173,238,266" oya="0" hai0="132,130,115,100,116,78,91,70,39,47,0,34,84" hai1="99,82,97,40,62,98,3,5,79,52,101,27,37" hai2="21,109,11,94,51,19,26,86,38,131,124,56,72" hai3="65,134,20,120,81,28,96,53,111,87,41,44,15"/><T125/><RYUUKYOKU type="yao9" ba="0,0" sc="323,0,173,0,238,0,266,0" hai0="0,34,39,47,70,78,84,91,100,115,116,125,130,132" /><INIT seed="4,1,0,2,1,106" ten="323,173,238,266" oya="0" hai0="35,41,75,56,32,104,64,51,4,98,31,108,1" hai1="15,39,133,112,76,86,77,11,116,107,9,44,132" hai2="114,123,127,68,115,78,21,30,19,131,120,118,12" hai3="102,124,89,94,28,67,117,97,7,5,6,121,57"/><T88/><D56/><U72/><E107/><V82/><F68/><W45/><G117/><T113/><D51/><U103/><E116/><V80/><F118/><W52/><G124/><T69/><D88/><U37/><E103/><V3/><F127/><W16/><G28/><T100/><D113/><N who="2" m="43018" /><F3/><W109/><G109/><T53/><D53/><U61/><E112/><V40/><F131/><W47/><G67/><T55/><D55/><U59/><E86/><V62/><F62/><W17/><G121/><T26/><D108/><U25/><E25/><N who="2" m="16687" /><F40/><W23/><G102/><T90/><D90/><U66/><E44/><N who="3" m="16970" /><G23/><T60/><D41/><U81/><E76/><V134/><F134/><N who="1" m="51817" /><E11/><N who="2" m="6559" /><F80/><W54/><G54/><T20/><D20/><U49/><E49/><AGARI ba="1,0" hai="5,6,7,16,17,49,52,57,89,94,97" m="16970" machi="49" ten="30,3900,0" yaku="8,1,54,2" doraHai="106" who="3" fromWho="1" sc="323,0,173,-42,238,0,266,42" /><INIT seed="5,0,0,3,5,47" ten="323,131,238,308" oya="1" hai0="128,83,57,75,87,93,126,110,97,125,92,17,4" hai1="127,63,113,7,109,96,64,60,74,134,130,119,61" hai2="32,25,79,116,52,68,50,106,101,45,112,120,124" hai3="48,84,54,29,34,30,67,59,36,111,99,10,105"/><U95/><E119/><V33/><F120/><W16/><G111/><T5/><D110/><U13/><E109/><V117/><F124/><W81/><G36/><T9/><D75/><U19/><E127/><V103/><F68/><W114/><G114/><T91/><D128/><U35/><E130/><V78/><F106/><W90/><G34/><T41/><D41/><U88/><E113/><V28/><F112/><W55/><G67/><T21/><D125/><U26/><E74/><V107/><F33/><W135/><G135/><T86/><D9/><U129/><E134/><V51/><F107/><W80/><G80/><T70/><D70/><U40/><E40/><V132/><F132/><W58/><G99/><T85/><D93/><U108/><E108/><V76/><REACH who="2" step="1"/><F50/><REACH who="2" ten="323,131,228,308" step="2"/><N who="3" m="31063" /><G105/><T118/><D126/><U122/><E122/><V73/><F73/><W12/><AGARI ba="0,1" hai="10,12,16,29,30,48,55,59,81,84,90" m="31063" machi="12" ten="30,7900,0" yaku="8,1,52,2,54,1" doraHai="47" who="3" fromWho="3" sc="323,-20,131,-39,228,-20,308,89" /><INIT seed="6,0,0,0,3,129" ten="303,92,208,397" oya="2" hai0="120,0,16,44,31,93,74,73,88,124,3,23,78" hai1="99,98,79,51,11,113,100,114,64,76,102,1,133" hai2="56,116,106,104,83,65,36,48,57,75,12,92,39" hai3="84,29,43,103,69,95,86,68,32,80,135,13,82"/><V47/><F116/><W118/><G118/><T26/><D120/><U101/><E64/><V27/><F75/><W112/><G43/><T37/><D124/><U42/><E42/><V55/><F104/><W45/><G45/><T134/><D74/><U123/><E51/><V19/><F106/><W7/><G7/><T89/><D89/><U21/><E21/><V62/><F27/><W85/><G13/><T34/><D37/><U6/><E123/><V25/><F25/><W87/><G29/><T9/><D44/><U72/><E72/><V58/><F92/><W110/><G32/><T17/><D17/><U128/><E128/><V15/><F15/><W22/><G22/><T131/><D131/><U77/><REACH who="1" step="1"/><E133/><REACH who="1" ten="303,82,208,397" step="2"/><V52/><F39/><W53/><G135/><T59/><D134/><U66/><E66/><V14/><F36/><W54/><G82/><T122/><D122/><U10/><E10/><N who="2" m="6551" /><F83/><W91/><G80/><T90/><D73/><U4/><E4/><V61/><F65/><W81/><G81/><T30/><D9/><U35/><E35/><V107/><F62/><W121/><G121/><T28/><D34/><U67/><E67/><V38/><F38/><W105/><G69/><T132/><D132/><U41/><E41/><V127/><F127/><W119/><G68/><T24/><D23/><U40/><E40/><V18/><F61/><W117/><G117/><T60/><D60/><U96/><AGARI ba="0,1" hai="1,6,11,76,77,79,96,98,99,100,101,102,113,114" machi="96" ten="40,12000,2" yaku="1,1,0,1,29,2,53,3" doraHai="129" doraHaiUra="94" who="1" fromWho="1" sc="303,-30,82,130,208,-60,397,-30" /><INIT seed="7,0,0,2,0,67" ten="273,212,148,367" oya="3" hai0="102,23,93,16,42,66,78,62,106,119,8,60,68" hai1="130,92,89,34,56,75,82,121,65,120,132,41,104" hai2="81,113,94,1,99,98,31,76,103,22,45,117,44" hai3="116,122,128,101,29,108,38,58,134,125,6,20,64"/><W28/><G38/><T12/><D119/><U50/><E104/><V123/><F1/><W90/><G122/><T129/><D106/><U72/><E34/><V54/><F117/><W55/><G101/><T14/><D129/><U46/><E132/><V135/><F123/><W118/><G134/><T79/><D42/><U47/><E130/><V100/><F113/><W84/><G128/><T27/><D14/><U71/><E56/><V131/><F131/><W133/><G6/><T80/><D62/><U83/><E83/><V57/><F135/><W39/><G64/><T0/><D0/><U30/><E30/><V111/><F111/><W126/><G39/><T70/><D70/><U26/><E26/><V86/><F22/><W91/><G20/><T73/><D79/><U33/><E46/><V77/><F31/><W43/><G108/><T10/><D10/><U115/><E115/><V4/><F4/><W19/><G125/><T105/><D105/><U32/><E75/><V97/><F76/><W51/><G126/><T59/><D93/><U13/><E82/><V109/><F109/><W74/><G74/><T11/><D11/><U107/><E72/><V114/><F114/><W5/><G118/><T7/><D102/><U52/><E32/><V24/><F24/><W53/><G116/><T2/><D2/><U3/><E33/><V95/><F99/><W61/><G43/><T37/><D37/><U18/><E120/><V17/><F17/><W15/><G19/><T124/><D59/><U63/><E121/><V127/><F127/><W69/><G133/><T35/><D124/><RYUUKYOKU ba="0,0" sc="273,15,212,-15,148,15,367,-15" hai0="7,8,12,16,23,27,35,60,66,68,73,78,80" hai2="44,45,54,57,77,81,86,94,95,97,98,100,103" owari="288,9.0,197,-20.0,163,-34.0,352,45.0" /></mjloggm>