<mjloggm ver="2.3"><GO type="185" lobby="0"/><UN n0="%E3%83%A1%E3%83%95%E3%82%A3%E3%82%B9%E3%83%88%E2%85%A1" n1="%E3%81%AE%E3%83%BC%E3%81%97" n2="%68%6F%70%70%6F%31%32%33" n3="" dan="16,18,16,0" rate="2139.09,2266.94,2092.81,1500.00" sx="M,M,M,C"/><TAIKYOKU oya="0"/><INIT seed="0,0,0,0,4,76" ten="350,350,350,0" oya="0" hai0="101,50,127,35,124,116,85,95,129,106,126,120,39" hai1="40,80,47,96,134,58,104,45,115,64,100,90,82" hai2="131,87,44,79,107,123,74,113,53,48,38,93,108" hai3=""/><T88/><N who="0" m="30752" /><T84/><D39/><U43/><E115/><V119/><N who="2" m="31520" /><V37/><F108/><T109/><D35/><U78/><E134/><V32/><F32/><T73/><D73/><U86/><E58/><V71/><F113/><T56/><D116/><U111/><E64/><V46/><F107/><T92/><D109/><U41/><E111/><V49/><F71/><T0/><D0/><U110/><REACH who="1" step="1"/><E110/><REACH who="1" ten="350,340,350,0" step="2"/><V75/><F119/><T118/><D118/><U59/><E59/><V70/><F70/><T117/><D117/><U91/><E91/><V114/><F114/><T128/><D56/><U57/><E57/><V62/><F131/><N who="0" m="50250" /><D50/><U65/><E65/><V94/><F62/><T135/><D135/><U36/><E36/><V2/><F2/><T77/><D77/><U97/><E97/><V51/><F79/><T125/><D125/><U81/><E81/><V68/><F68/><T3/><D3/><U63/><E63/><V67/><F67/><T54/><D88/><U33/><E33/><V1/><F1/><T99/><D54/><U89/><E89/><V60/><F60/><T61/><D61/><U69/><E69/><V132/><F132/><T122/><N who="0" m="31264" /><T133/><D133/><U66/><E66/><RYUUKYOKU ba="0,1" sc="350,10,340,10,350,-20,0,0" hai0="84,85,92,95,99,101,106,124,126,127" hai1="40,41,43,45,47,78,80,82,86,90,96,100,104" /><INIT seed="0,1,1,4,3,42" ten="360,350,330,0" oya="0" hai0="133,63,36,73,87,48,106,98,75,125,135,95,56" hai1="83,58,39,35,93,108,109,113,94,44,99,38,118" hai2="131,41,65,76,89,84,119,59,111,45,74,114,49" hai3=""/><T100/><D36/><U88/><E35/><V55/><F111/><N who="1" m="42569" /><E118/><V124/><F114/><T129/><D129/><U132/><E113/><V121/><N who="2" m="31008" /><V37/><F124/><T91/><D48/><U82/><E132/><N who="0" m="50761" /><D125/><U32/><E32/><V102/><F131/><T52/><AGARI ba="1,1" hai="52,56,63,73,75,87,91,95,98,100,106" m="50761" machi="52" ten="30,2000,0" yaku="20,1,54,1" doraHai="42" who="0" fromWho="0" sc="360,32,350,-11,330,-11,0,0" /><INIT seed="0,2,0,3,2,116" ten="392,339,319,0" oya="0" hai0="113,35,57,69,94,46,131,90,38,55,32,73,85" hai1="34,3,110,52,79,105,1,76,100,125,93,68,127" hai2="49,92,101,115,112,97,62,37,104,58,61,123,59" hai3=""/><T91/><D113/><U133/><E34/><V135/><N who="2" m="31520" /><V78/><F37/><T43/><D131/><U63/><E105/><V118/><F135/><T66/><D73/><U36/><E36/><V121/><N who="2" m="31008" /><V109/><F109/><T47/><D47/><U51/><E110/><V60/><F118/><T134/><D134/><U86/><E133/><V2/><F2/><T99/><D66/><U70/><E1/><V87/><F49/><T132/><D69/><U129/><E3/><V98/><F78/><T48/><D132/><U130/><E100/><V80/><F80/><AGARI ba="2,0" hai="32,35,38,43,46,48,55,57,80,85,90,91,94,99" machi="80" ten="30,1500,0" yaku="7,1" doraHai="116" who="0" fromWho="2" sc="392,19,339,0,319,-19,0,0" /><INIT seed="0,3,0,1,0,79" ten="411,339,300,0" oya="0" hai0="104,87,121,106,93,66,46,127,58,128,84,69,60" hai1="61,105,0,49,95,38,86,120,123,110,116,2,32" hai2="135,3,65,75,42,94,89,39,98,130,115,82,131" hai3=""/><T96/><N who="0" m="31008" /><T125/><D128/><N who="2" m="49194" /><F115/><T54/><D46/><U67/><N who="1" m="30752" /><U81/><N who="1" m="31520" /><U41/><E32/><V33/><F3/><T43/><D43/><U55/><E105/><V103/><F135/><T37/><D37/><U114/><E116/><V72/><F65/><T77/><D104/><U34/><E34/><V35/><F42/><T119/><D106/><U133/><E133/><V102/><F39/><T92/><D119/><U52/><E95/><V56/><F56/><T62/><D93/><U99/><E38/><V91/><F35/><T1/><D1/><U100/><E114/><V122/><N who="2" m="31264" /><V101/><F33/><T90/><REACH who="0" step="1"/><D87/><AGARI ba="3,0" hai="72,75,82,87,89,91,94,98,101,102,103" m="31264,49194" machi="87" ten="30,8000,1" yaku="19,1,34,2,52,2" doraHai="79" who="2" fromWho="0" sc="411,-86,339,0,300,86,0,0" /><INIT seed="1,0,0,1,1,90" ten="325,339,386,0" oya="1" hai0="44,58,37,66,91,63,127,77,55,128,65,82,49" hai1="33,134,125,42,74,79,123,51,45,110,32,120,64" hai2="130,88,92,132,3,43,119,122,69,84,71,105,98" hai3=""/><U81/><N who="1" m="30752" /><U2/><N who="1" m="31520" /><U118/><E2/><V41/><N who="2" m="31264" /><V102/><F119/><T114/><D114/><U124/><E118/><V67/><F132/><T76/><D128/><U62/><E134/><V86/><F130/><T73/><D127/><N who="1" m="48715" /><E110/><V1/><F84/><T94/><D77/><U61/><E61/><V70/><REACH who="2" step="1"/><F67/><REACH who="2" ten="325,339,376,0" step="2"/><T78/><D66/><U95/><E95/><V111/><F111/><T38/><REACH who="0" step="1"/><D78/><REACH who="0" ten="315,339,376,0" step="2"/><U54/><E54/><V99/><F99/><AGARI ba="0,2" hai="37,38,44,49,55,58,63,65,73,76,82,91,94,99" machi="99" ten="30,8000,1" yaku="1,1,2,1,7,1,52,1,53,1" doraHai="90" doraHaiUra="57" who="0" fromWho="2" sc="315,100,339,0,376,-80,0,0" /><INIT seed="2,0,0,4,4,81" ten="415,339,296,0" oya="2" hai0="75,63,41,110,126,124,57,102,83,45,108,100,106" hai1="1,33,114,99,95,39,123,120,84,85,44,69,60" hai2="74,47,38,103,125,121,86,115,112,65,55,58,43" hai3=""/><V119/><N who="2" m="31008" /><V78/><F125/><N who="0" m="48234" /><D75/><U133/><N who="1" m="30752" /><U34/><N who="1" m="31520" /><U94/><E1/><V89/><F119/><T77/><D77/><U76/><E114/><V56/><F103/><N who="0" m="39466" /><D83/><U50/><E133/><V64/><F78/><T111/><D106/><U92/><E99/><V90/><F74/><T67/><D111/><U3/><E3/><V0/><F0/><T48/><AGARI ba="0,0" hai="41,45,48,57,63,67,108,110" m="39466,48234" machi="48" ten="30,800,0" yaku="18,1" doraHai="81" who="0" fromWho="0" sc="415,8,339,-3,296,-5,0,0" /><INIT seed="4,0,0,5,1,50" ten="423,336,291,0" oya="0" hai0="101,118,113,43,79,73,103,68,78,40,126,41,123" hai1="1,109,75,48,134,39,35,83,53,64,120,52,99" hai2="77,2,82,57,106,116,80,94,115,87,44,42,128" hai3=""/><T3/><N who="0" m="31520" /><T135/><D118/><U49/><N who="1" m="30752" /><U36/><E35/><V131/><F115/><T92/><D3/><U107/><E1/><V112/><F106/><T67/><D113/><U130/><E64/><V37/><F112/><T61/><D135/><U88/><E134/><V60/><F94/><T86/><D126/><U65/><E65/><V71/><F71/><T84/><D73/><U102/><E130/><N who="2" m="49707" /><F2/><T72/><D72/><U121/><N who="1" m="31008" /><U32/><E32/><V56/><F116/><T133/><D133/><U111/><E111/><V70/><F70/><T122/><N who="0" m="31264" /><T76/><REACH who="0" step="1"/><D92/><REACH who="0" ten="413,336,291,0" step="2"/><U129/><E129/><V105/><F105/><T100/><AGARI ba="0,1" hai="40,41,43,61,67,68,76,78,79,84,86,100,101,103" m="31264,31520" machi="100" ten="40,12000,2" yaku="1,1,2,1,0,1,29,2,52,2,53,0" doraHai="50" doraHaiUra="69" who="0" fromWho="0" sc="413,130,336,-60,291,-60,0,0" /><INIT seed="4,1,0,0,1,75" ten="543,276,231,0" oya="0" hai0="104,51,35,77,129,111,110,68,119,73,69,64,97" hai1="45,132,79,55,47,105,83,106,37,93,131,99,88" hai2="103,44,63,70,120,82,43,133,33,117,59,46,2" hai3=""/><T42/><D119/><U95/><E132/><V56/><N who="2" m="30752" /><V36/><F33/><T61/><D35/><U85/><E131/><V57/><F2/><T102/><D69/><U81/><E37/><V66/><F133/><T72/><D129/><U108/><E108/><V101/><F117/><T127/><D127/><U53/><E106/><V58/><N who="2" m="14336" /><DORA hai="86" /><V39/><REACH who="2" step="1"/><F82/><REACH who="2" ten="543,276,221,0" step="2"/><T122/><N who="0" m="31264" /><T84/><D111/><U54/><E105/><V123/><N who="2" m="31520" /><V115/><F115/><T98/><D110/><U49/><E49/><V52/><F52/><T62/><D51/><U100/><REACH who="1" step="1"/><E83/><REACH who="1" ten="543,266,221,0" step="2"/><V89/><F89/><T116/><D104/><U125/><E125/><V114/><F114/><T71/><D116/><U96/><AGARI ba="1,2" hai="45,47,53,54,55,79,81,85,88,93,95,96,99,100" machi="96" ten="30,12000,3" yaku="1,1,0,1,8,1,52,2,54,1,53,2" doraHai="75,86" doraHaiUra="87,74" who="1" fromWho="1" sc="543,-81,266,142,221,-41,0,0" /><INIT seed="5,0,0,0,4,73" ten="462,408,180,0" oya="1" hai0="1,2,49,35,126,44,58,119,101,78,50,94,103" hai1="98,57,116,53,81,61,32,64,3,42,79,80,89" hai2="59,131,134,65,76,123,48,87,52,91,70,115,86" hai3=""/><U106/><E3/><V74/><N who="2" m="31520" /><V41/><F134/><T55/><D35/><U54/><E32/><V111/><F111/><T46/><D126/><U72/><E116/><V82/><F131/><T104/><D104/><U69/><E42/><V120/><N who="2" m="30752" /><V66/><F115/><T67/><D67/><U39/><E39/><V90/><F70/><T84/><D58/><U68/><E106/><V130/><F130/><T85/><D94/><U133/><E133/><V92/><REACH who="2" step="1"/><F41/><REACH who="2" ten="462,408,170,0" step="2"/><T95/><D119/><U47/><E69/><V109/><F109/><T121/><D1/><U83/><E68/><V45/><F45/><T114/><D46/><U117/><E117/><V100/><F100/><T99/><D44/><U77/><E47/><V38/><F38/><T33/><D2/><U43/><E43/><V105/><F105/><T108/><D108/><U40/><E40/><V63/><F63/><T110/><D110/><U102/><E102/><V97/><F97/><T125/><D99/><U51/><E98/><V36/><F36/><T127/><D103/><U0/><E0/><V71/><F71/><T128/><D101/><U129/><E129/><V124/><F124/><T60/><D128/><U122/><N who="1" m="31264" /><U112/><E112/><RYUUKYOKU ba="0,1" sc="462,-10,408,-10,170,20,0,0" hai2="48,52,59,65,66,74,76,82,86,87,90,91,92" /><INIT seed="6,1,1,2,0,98" ten="452,398,190,0" oya="2" hai0="105,107,122,62,55,59,71,126,95,35,39,129,75" hai1="53,132,32,89,72,46,101,41,50,119,121,40,104" hai2="0,52,109,81,116,56,88,37,124,77,49,91,111" hai3=""/><V58/><F116/><T96/><N who="0" m="31264" /><T117/><D117/><U94/><N who="1" m="31008" /><U1/><E1/><V130/><F0/><T73/><D35/><U76/><E119/><V34/><F34/><T42/><D71/><U97/><E32/><V68/><F68/><T113/><D113/><U54/><E132/><V60/><F37/><T103/><D129/><U82/><E54/><V108/><F124/><T112/><D112/><U115/><REACH who="1" step="1"/><E115/><REACH who="1" ten="452,388,190,0" step="2"/><V131/><F130/><T106/><REACH who="0" step="1"/><D126/><REACH who="0" ten="442,388,190,0" step="2"/><U102/><E102/><V93/><F131/><T92/><D92/><U114/><E114/><V38/><F93/><T70/><D70/><U43/><E43/><V36/><F38/><T128/><D128/><U125/><E125/><V83/><F36/><T99/><D99/><AGARI ba="1,3" hai="40,41,46,50,53,72,76,82,89,94,97,99,101,104" m="31008" machi="99" ten="30,8000,1" yaku="1,1,7,1,52,2,53,1" doraHai="98" doraHaiUra="44" who="1" fromWho="0" sc="442,-82,388,112,190,0,0,0" owari="360,-4.0,500,45.0,190,-41.0,0,0.0" /></mjloggm>