<mjloggm ver="2.3"><GO type="169" lobby="0"/><UN n0="%E9%95%B7%E5%B2%A1" n1="%E3%83%93%E3%82%BF%E3%83%9F%E3%83%B3%E3%81%AE%E5%A4%8F%56%32" n2="%E3%81%8A%E7%9F%A5%E3%82%89%E3%81%9B" n3="%E7%B6%BE%E7%80%AC%E5%B8%82%E6%B0%91" dan="17,16,19,17" rate="2196.62,2100.03,2311.18,2127.11" sx="M,M,M,M"/><TAIKYOKU oya="0"/><INIT seed="0,0,0,5,2,19" ten="250,250,250,250" oya="0" hai0="53,13,81,116,76,54,43,134,64,97,6,10,107" hai1="87,26,123,106,69,45,102,99,34,75,115,23,51" hai2="100,85,44,52,38,2,121,108,83,30,61,65,32" hai3="27,17,90,25,124,95,88,101,0,120,15,56,12"/><T71/><D116/><U132/><E75/><V112/><F121/><W33/><G0/><T55/><D134/><U62/><E123/><V20/><F2/><W73/><G120/><T133/><D133/><U14/><E115/><V109/><F32/><W9/><G73/><T129/><D129/><U103/><E103/><V50/><F112/><W4/><G124/><T128/><D128/><U104/><E87/><V58/><F100/><W125/><G125/><T59/><D43/><U68/><E106/><V22/><F38/><W77/><G77/><T66/><D71/><U126/><E126/><V5/><F5/><W39/><G39/><T118/><D118/><U11/><E62/><V114/><F114/><W8/><G56/><T82/><D107/><U96/><E96/><V117/><F117/><W84/><G33/><T79/><D97/><U111/><E111/><N who="2" m="42571" /><F30/><W48/><G48/><T3/><D3/><U35/><E35/><V80/><F80/><N who="0" m="30826" /><D59/><U119/><E34/><V131/><F131/><W46/><G90/><AGARI ba="0,0" hai="20,22,44,50,52,58,61,65,83,85,90" m="42571" machi="90" ten="30,7700,0" yaku="14,1,52,2,54,1" doraHai="19" who="2" fromWho="3" sc="250,0,250,0,250,77,250,-77" /><INIT seed="1,0,0,3,3,95" ten="250,250,327,173" oya="1" hai0="125,63,79,131,109,34,135,2,48,85,113,81,67" hai1="76,56,129,96,50,110,91,104,99,55,59,18,4" hai2="98,33,11,126,77,122,88,17,130,58,64,80,116" hai3="89,46,20,53,51,24,26,9,84,69,29,105,21"/><U36/><E36/><V30/><F122/><W132/><G132/><T31/><D113/><U49/><E104/><V75/><F116/><W44/><G69/><T54/><D135/><U108/><E129/><V37/><F37/><W83/><G105/><T117/><D117/><U10/><E76/><V112/><F112/><W123/><G123/><T68/><D131/><U120/><E18/><V65/><F130/><W25/><G9/><T92/><D109/><N who="1" m="42091" /><E91/><V66/><F126/><W124/><G124/><T134/><D134/><U111/><E120/><V101/><F17/><W1/><G1/><T61/><D125/><U16/><E16/><V5/><F88/><W128/><G128/><T42/><D2/><U47/><E111/><V0/><F30/><W39/><G39/><T94/><D31/><U103/><E103/><V73/><F73/><W107/><G107/><T35/><D79/><U78/><E78/><V121/><F121/><W114/><G114/><T19/><D19/><U86/><E86/><V45/><F101/><W115/><G115/><T41/><D85/><U57/><E50/><V82/><F75/><W90/><G29/><T93/><D48/><U38/><E38/><V133/><F77/><W28/><G28/><T32/><D81/><U13/><AGARI ba="0,0" hai="4,10,13,47,49,55,56,57,59,96,99" m="42091" machi="13" ten="30,11700,0" yaku="14,1,10,1,52,2" doraHai="95" who="1" fromWho="1" sc="250,-39,250,117,327,-39,173,-39" /><INIT seed="1,1,0,3,1,60" ten="211,367,288,134" oya="1" hai0="36,130,108,120,38,8,123,53,84,83,70,94,105" hai1="37,110,42,71,85,93,96,0,14,69,16,75,5" hai2="101,28,20,44,86,134,103,88,118,95,97,135,41" hai3="125,72,73,127,30,126,22,9,76,87,7,55,19"/><U128/><E75/><V124/><F118/><W3/><G30/><T121/><D105/><U81/><E128/><V6/><F124/><W51/><G87/><T13/><D130/><U113/><E113/><V117/><F117/><W65/><G76/><T45/><D108/><U61/><E5/><V92/><F6/><W131/><G131/><T112/><D94/><U99/><E0/><V58/><F101/><W32/><G32/><T43/><D70/><U77/><E110/><V29/><F58/><W89/><G89/><T107/><D107/><U1/><E1/><V133/><REACH who="2" step="1"/><F20/><REACH who="2" ten="211,367,278,134" step="2"/><W49/><G73/><T64/><D112/><U82/><E69/><V23/><F23/><W24/><G72/><T79/><D53/><U27/><E71/><V90/><F90/><W59/><REACH who="3" step="1"/><G65/><REACH who="3" ten="211,367,278,124" step="2"/><T10/><D64/><U100/><E77/><V50/><AGARI ba="1,2" hai="28,29,41,44,50,86,88,92,95,97,103,133,134,135" machi="50" ten="30,7900,0" yaku="1,1,0,1,20,1,54,1,53,0" doraHai="60" doraHaiUra="35" who="2" fromWho="2" sc="211,-21,367,-40,278,102,124,-21" /><INIT seed="2,0,0,2,2,117" ten="190,327,380,103" oya="2" hai0="20,135,47,1,48,14,67,2,31,24,61,15,3" hai1="100,57,40,115,35,0,93,21,27,83,23,107,10" hai2="87,119,125,111,131,108,92,81,98,37,73,133,90" hai3="16,124,28,104,39,82,130,71,25,96,6,19,22"/><V114/><F37/><W123/><G39/><T77/><D135/><U63/><E107/><V56/><F56/><W85/><G124/><T59/><REACH who="0" step="1"/><D77/><REACH who="0" ten="180,327,380,103" step="2"/><U103/><E115/><V49/><F133/><W34/><G130/><T45/><D45/><U29/><E0/><V72/><F114/><W109/><G109/><T41/><AGARI ba="0,1" hai="1,2,3,14,15,20,24,31,41,47,48,59,61,67" machi="41" ten="30,2000,0" yaku="1,1,0,1,53,0" doraHai="117" doraHaiUra="94" who="0" fromWho="0" sc="180,30,327,-5,380,-10,103,-5" /><INIT seed="3,0,0,1,4,111" ten="210,322,370,98" oya="3" hai0="121,110,127,97,27,16,79,54,113,64,128,129,69" hai1="52,67,7,73,132,123,70,56,94,81,72,46,35" hai2="118,4,29,106,51,11,101,119,1,102,3,84,68" hai3="90,112,57,77,135,26,88,107,83,44,103,133,75"/><W130/><G44/><T95/><D121/><U34/><E123/><V20/><F68/><W71/><G71/><T39/><D110/><U19/><E67/><V36/><F36/><W98/><G57/><T49/><D39/><U122/><E70/><V37/><F37/><W78/><G26/><T32/><D79/><U58/><E132/><N who="3" m="50762" /><G130/><N who="0" m="50283" /><D127/><U59/><E46/><V85/><F29/><W50/><G50/><T2/><D2/><U33/><E52/><V93/><F51/><W24/><G24/><T53/><D49/><U92/><E122/><V28/><F28/><W120/><G120/><T126/><D126/><U41/><E7/><V47/><F47/><W38/><G38/><T42/><D42/><U15/><E41/><V114/><F4/><W14/><G14/><T10/><D32/><U125/><E125/><V6/><F6/><W18/><G18/><T8/><D8/><U21/><E81/><V124/><F11/><W45/><G45/><T134/><D134/><U65/><E65/><V0/><F20/><W91/><G78/><T66/><D66/><U74/><AGARI ba="0,0" hai="15,19,21,33,34,35,56,58,59,72,73,74,92,94" machi="74" ten="50,6400,0" yaku="0,1,29,2" doraHai="111" who="1" fromWho="1" sc="210,-16,322,64,370,-16,98,-32" /><INIT seed="4,0,0,3,1,90" ten="194,386,354,66" oya="0" hai0="50,135,25,120,48,124,56,58,23,78,43,111,94" hai1="100,99,62,41,45,44,52,131,21,72,116,80,82" hai2="127,32,118,133,42,53,113,27,81,15,87,77,126" hai3="103,123,117,110,30,97,65,26,75,7,74,13,122"/><T12/><D120/><N who="3" m="46121" /><G65/><T64/><D124/><U70/><E116/><V5/><F118/><W104/><G13/><T36/><D135/><U68/><E131/><V8/><F133/><W107/><G7/><T98/><D111/><U61/><E72/><N who="3" m="27690" /><G26/><T14/><D78/><U51/><E21/><V55/><F42/><W125/><G30/><N who="0" m="17727" /><D36/><U89/><E89/><V112/><F53/><W106/><G110/><T67/><D43/><U35/><E35/><V54/><F54/><W101/><G117/><T11/><D58/><U9/><E9/><V60/><F55/><W1/><G1/><T93/><D14/><U66/><E70/><V88/><F127/><W19/><G19/><N who="0" m="8607" /><D93/><U83/><E61/><V37/><F126/><W129/><G125/><T59/><D59/><U39/><E82/><V10/><F37/><W34/><G34/><T92/><D92/><AGARI ba="0,0" hai="39,41,44,45,51,52,62,66,68,80,83,92,99,100" machi="92" ten="30,3900,0" yaku="7,1,52,1,54,1" doraHai="90" who="1" fromWho="0" sc="194,-39,386,39,354,0,66,0" /><INIT seed="5,0,0,3,4,91" ten="155,425,354,66" oya="1" hai0="107,81,115,9,31,83,55,58,60,90,54,127,66" hai1="110,94,39,32,19,88,72,42,24,30,134,44,97" hai2="46,23,98,129,34,48,52,74,113,100,99,112,36" hai3="7,71,59,43,45,18,63,76,70,22,117,77,132"/><U103/><E72/><V128/><F34/><W15/><G132/><T57/><D107/><U69/><E69/><V124/><F124/><W5/><G70/><T11/><D127/><U41/><E134/><V93/><F74/><W109/><G71/><T130/><D115/><N who="2" m="44106" /><F36/><W108/><G117/><T65/><D130/><N who="2" m="50282" /><F99/><W73/><G109/><T102/><D31/><U85/><E42/><V92/><F23/><W64/><G108/><T49/><D102/><U121/><E110/><V68/><F68/><W51/><REACH who="3" step="1"/><G73/><REACH who="3" ten="155,425,354,56" step="2"/><T17/><D90/><U131/><E131/><V20/><F20/><W125/><G125/><T114/><D114/><U10/><E121/><V75/><F75/><W111/><G111/><T2/><D11/><U126/><E10/><V118/><F118/><W105/><G105/><AGARI ba="0,1" hai="46,48,52,92,93,98,100,105" m="50282,44106" machi="105" ten="30,12000,2" yaku="15,1,11,1,19,1,52,2,54,1" doraHai="91" who="2" fromWho="3" sc="155,0,425,0,354,130,56,-120" owari="155,-24.0,425,23.0,484,57.0,-64,-56.0" /></mjloggm>