<mjloggm ver="2.3"><GO type="169" lobby="0"/><UN n0="%E3%81%B5%E3%81%98%E3%81%8B%E3%81%A4" n1="%6E%65%6B%6F%6E%65%6B%6F" n2="%E3%81%94%E3%81%AB%E3%82%87" n3="%75%63%63%68%69%2D%30%32" dan="16,16,17,16" rate="2191.73,2113.21,2169.37,2190.47" sx="M,M,M,M"/><TAIKYOKU oya="0"/><INIT seed="0,0,0,4,0,121" ten="250,250,250,250" oya="0" hai0="19,55,86,104,17,61,89,119,98,59,10,16,15" hai1="81,126,130,46,85,71,128,66,125,95,43,36,97" hai2="8,78,26,99,100,120,133,54,57,13,129,134,33" hai3="122,12,1,47,74,115,92,45,30,88,53,108,24"/><T91/><D119/><U94/><E71/><V14/><F120/><W105/><G122/><T44/><D104/><U2/><E66/><V83/><F129/><N who="1" m="49769" /><E2/><V18/><F14/><W27/><G1/><T79/><D79/><N who="1" m="46271" /><E94/><V3/><F3/><W22/><G115/><T56/><D56/><U124/><E95/><V96/><F26/><W37/><G74/><T39/><D98/><AGARI ba="0,0" hai="36,43,46,97,98,124,125,126" m="46271,49769" machi="98" ten="40,2600,0" yaku="18,1,19,1" doraHai="121" who="1" fromWho="0" sc="250,-26,250,26,250,0,250,0" /><INIT seed="1,0,0,0,5,9" ten="224,276,250,250" oya="1" hai0="75,99,61,50,106,68,109,42,3,53,113,48,27" hai1="10,59,15,24,79,135,108,118,60,63,104,124,67" hai2="35,129,122,90,126,58,19,115,52,30,82,117,55" hai3="83,43,116,36,70,26,120,6,65,101,39,40,86"/><U54/><E104/><V133/><F117/><W119/><G120/><T95/><D109/><U80/><E118/><N who="3" m="45098" /><G101/><T7/><D113/><U89/><E108/><V100/><F122/><W51/><G6/><T81/><D106/><U44/><E135/><V66/><F129/><W8/><G8/><T1/><D68/><U105/><E105/><V69/><F126/><W47/><G43/><T128/><D128/><U12/><E124/><V49/><F100/><W4/><G4/><T110/><D110/><U97/><E24/><V32/><F30/><W78/><G26/><T71/><D71/><U25/><E25/><V73/><F55/><W29/><G29/><T94/><D75/><U0/><E0/><V22/><F133/><W125/><G125/><T87/><D27/><U76/><E10/><V37/><F73/><W21/><G21/><T96/><D61/><AGARI ba="0,0" hai="36,39,40,47,51,61,65,70,78,83,86" m="45098" machi="61" ten="30,1000,0" yaku="12,1" doraHai="9" who="3" fromWho="0" sc="224,-10,276,0,250,0,250,10" /><INIT seed="2,0,0,5,0,132" ten="214,276,250,260" oya="2" hai0="48,15,45,56,133,25,103,79,114,1,19,65,94" hai1="31,80,115,20,37,126,36,39,89,105,110,11,130" hai2="28,54,52,71,24,106,109,98,43,13,33,113,2" hai3="57,74,68,69,61,93,59,124,123,27,116,119,32"/><V46/><F113/><W95/><G74/><T100/><D133/><U47/><E115/><V18/><F2/><W42/><G27/><T81/><D114/><U44/><E105/><V85/><F71/><W111/><G61/><T77/><D1/><U35/><E110/><V87/><F109/><W99/><G111/><T112/><D112/><U125/><E130/><V135/><F135/><W90/><G99/><T96/><D25/><N who="1" m="16807" /><E35/><V78/><F98/><W72/><G42/><T107/><D107/><U53/><E11/><V127/><F127/><N who="1" m="48649" /><E53/><V3/><F106/><W83/><G32/><T12/><D65/><U128/><E128/><V91/><F54/><W51/><G124/><T92/><D103/><U82/><E89/><V75/><F91/><W64/><G90/><T17/><D100/><U104/><E104/><V129/><F52/><W97/><G64/><T38/><D79/><U63/><E63/><V55/><F55/><W76/><G97/><T88/><D92/><U102/><E102/><V73/><F78/><W67/><G67/><T14/><D56/><U84/><E84/><V7/><F87/><W101/><G95/><T16/><D38/><U9/><E9/><N who="2" m="2303" /><F85/><W6/><G59/><T49/><D45/><AGARI ba="0,0" hai="36,37,39,44,45,47,80,82" m="48649,16807" machi="45" ten="40,8000,1" yaku="18,1,52,3" doraHai="132" who="1" fromWho="0" sc="214,-80,276,80,250,0,260,0" /><INIT seed="3,0,0,4,5,79" ten="134,356,250,260" oya="3" hai0="94,98,9,93,35,18,76,16,127,44,118,100,3" hai1="116,48,126,103,73,56,121,96,111,131,24,70,27" hai2="50,38,130,32,58,69,12,92,95,105,34,20,67" hai3="6,86,60,10,49,26,80,85,13,71,112,119,37"/><W45/><G37/><T123/><D118/><U89/><E70/><V15/><F105/><W43/><G119/><T135/><D123/><U59/><E73/><V8/><F69/><W2/><G112/><T47/><D135/><U17/><E111/><V53/><F130/><W5/><G86/><T113/><D113/><U110/><E110/><V14/><F67/><W68/><G26/><T28/><D127/><U107/><E131/><V29/><F8/><N who="3" m="2103" /><G60/><T31/><D76/><AGARI ba="0,0" hai="6,10,13,43,45,49,68,71,76,80,85" m="2103" machi="76" ten="30,2900,0" yaku="25,1,52,1" doraHai="79" who="3" fromWho="0" sc="134,-29,356,0,250,0,260,29" /><INIT seed="3,1,0,3,5,4" ten="105,356,250,289" oya="3" hai0="37,89,59,79,119,68,130,114,82,120,116,46,42" hai1="118,132,78,62,126,105,40,110,53,22,121,50,117" hai2="2,76,88,39,71,99,60,128,72,85,75,16,54" hai3="67,131,14,97,25,45,52,5,106,113,12,69,77"/><W70/><G113/><T65/><D120/><U19/><E105/><V91/><F39/><W92/><G131/><T87/><D114/><U134/><E78/><V48/><F2/><W47/><G106/><T56/><D130/><U35/><E35/><V58/><F128/><W36/><G77/><T112/><D112/><U41/><E121/><V15/><F99/><W98/><G98/><T104/><D104/><U61/><E22/><V74/><F71/><W63/><G70/><T26/><D68/><U133/><E19/><V49/><F76/><W3/><G25/><T90/><D90/><U129/><E126/><V29/><F29/><W17/><G45/><T1/><D1/><U86/><E86/><V101/><F101/><W109/><G36/><T8/><D26/><U55/><E110/><V94/><REACH who="2" step="1"/><F91/><REACH who="2" ten="105,356,240,289" step="2"/><W30/><G30/><T44/><D79/><U108/><E108/><V125/><F125/><W96/><G96/><T32/><D119/><N who="1" m="45579" /><E129/><V66/><F66/><W80/><G67/><T84/><D116/><U20/><E133/><V11/><AGARI ba="1,1" hai="11,15,16,48,49,54,58,60,72,74,75,85,88,94" machi="11" ten="30,8000,1" yaku="1,1,0,1,52,1,54,2,53,0" doraHai="4" doraHaiUra="64" who="2" fromWho="2" sc="105,-21,356,-21,240,93,289,-41" /><INIT seed="4,0,0,2,1,82" ten="84,335,333,248" oya="0" hai0="123,121,1,132,41,118,62,52,125,120,22,101,81" hai1="7,80,5,2,54,78,24,11,69,122,104,31,88" hai2="94,9,59,21,25,126,117,28,119,15,6,56,133" hai3="111,75,127,76,70,83,105,109,26,66,135,73,53"/><T27/><D118/><N who="2" m="45066" /><F126/><W45/><G127/><T90/><D1/><U99/><E69/><V74/><F133/><W93/><G135/><T49/><D125/><U114/><E122/><V108/><F108/><W100/><G105/><T4/><D132/><U60/><E114/><V42/><F74/><W51/><G73/><T113/><D113/><U86/><E7/><V131/><F131/><W103/><G103/><T43/><D101/><U46/><E104/><V106/><F106/><W67/><G67/><T38/><D4/><U18/><E18/><N who="2" m="10463" /><F94/><W97/><G66/><T68/><D68/><U116/><E116/><V16/><F42/><W44/><G70/><T107/><D107/><U77/><E99/><V55/><F55/><W34/><G45/><T98/><D62/><U64/><E64/><V17/><F59/><W130/><G130/><T50/><D38/><U40/><E54/><V39/><F56/><W129/><G129/><T89/><D49/><U13/><E2/><N who="2" m="215" /><F39/><W3/><G3/><T61/><D61/><U71/><E60/><V47/><F47/><W128/><G128/><T0/><D0/><U20/><E71/><V48/><F48/><AGARI ba="0,0" hai="5,11,13,20,24,31,40,46,48,77,78,80,86,88" machi="48" ten="30,7700,0" yaku="7,1,8,1,52,1,54,1" doraHai="82" who="1" fromWho="2" sc="84,0,335,77,333,-77,248,0" /><INIT seed="5,0,0,4,1,57" ten="84,412,256,248" oya="1" hai0="78,67,29,104,105,115,128,20,117,76,70,37,91" hai1="13,86,69,133,110,47,42,99,114,81,60,58,2" hai2="12,132,71,87,22,24,102,108,100,106,84,89,8" hai3="74,55,15,113,17,32,48,90,83,72,59,40,43"/><U134/><E2/><V11/><F132/><N who="1" m="50793" /><E99/><V107/><F71/><W63/><G32/><T79/><D37/><U93/><E93/><V51/><F108/><W122/><G122/><T92/><D117/><U0/><E0/><V33/><F87/><N who="3" m="50559" /><G74/><T97/><D115/><U34/><E34/><V116/><F33/><W10/><G72/><T131/><D29/><U65/><E110/><V41/><F107/><W135/><G135/><T96/><D20/><U73/><E73/><V25/><F25/><W27/><G113/><T127/><D127/><U31/><E31/><V85/><F85/><W130/><G130/><N who="0" m="49707" /><D67/><U44/><E13/><V38/><F12/><W26/><G43/><T9/><D9/><U88/><E114/><V82/><F8/><W28/><G28/><T66/><D70/><U4/><E4/><V126/><F11/><W80/><G80/><T124/><D66/><U3/><E3/><V95/><F126/><W98/><G98/><N who="0" m="57631" /><D124/><U61/><E42/><V45/><F116/><W109/><G109/><T118/><D118/><U56/><E69/><V119/><F119/><W68/><G68/><T94/><D94/><U54/><AGARI ba="0,0" hai="44,47,54,56,58,60,61,65,81,86,88" m="50793" machi="54" ten="30,11700,0" yaku="20,1,52,2,54,1" doraHai="57" who="1" fromWho="1" sc="84,-39,412,117,256,-39,248,-39" /><INIT seed="5,1,0,4,0,104" ten="45,529,217,209" oya="1" hai0="135,54,101,63,124,64,57,71,96,66,67,52,132" hai1="56,121,36,43,39,27,51,115,8,3,119,81,30" hai2="103,42,28,128,85,4,55,88,109,38,2,53,106" hai3="70,129,15,24,14,73,80,50,134,29,40,68,125"/><U34/><E119/><V37/><F109/><W31/><G134/><N who="0" m="51243" /><D96/><U112/><E121/><V89/><F28/><W20/><G125/><T74/><D101/><U17/><E81/><V94/><F128/><W83/><G129/><T122/><D124/><U23/><E56/><V62/><F89/><W78/><G83/><T11/><D11/><U0/><E51/><V127/><F4/><W61/><G31/><T22/><D22/><U35/><E43/><V105/><F2/><N who="1" m="553" /><E39/><V72/><F42/><W133/><G133/><T1/><D1/><U113/><E36/><V110/><F37/><W116/><G116/><T92/><D92/><U117/><E117/><V13/><F38/><W58/><G70/><N who="0" m="42271" /><D74/><U9/><E35/><V12/><F72/><W95/><G68/><T99/><D99/><U118/><E118/><V123/><F127/><W107/><G95/><T47/><D122/><U100/><E100/><V114/><F123/><W120/><G107/><T48/><D71/><U49/><E49/><AGARI ba="1,0" hai="47,48,49,52,54,57,66,67" m="42271,51243" machi="49" ten="30,7700,0" yaku="20,1,34,2,54,1" doraHai="104" who="0" fromWho="1" sc="45,80,529,-80,217,0,209,0" /><INIT seed="6,0,0,5,5,14" ten="125,449,217,209" oya="2" hai0="36,19,57,105,120,38,89,83,106,18,22,61,87" hai1="23,37,80,104,64,74,1,126,123,47,0,41,35" hai2="133,70,11,68,44,4,109,67,125,25,113,78,69" hai3="71,114,66,9,111,3,7,98,110,90,58,24,132"/><V31/><F113/><W102/><G114/><T32/><D120/><U30/><E23/><V79/><F125/><W84/><G132/><T53/><D32/><U76/><E123/><V15/><F133/><W28/><G71/><T116/><D116/><U46/><E126/><V124/><F124/><W50/><G66/><T115/><D115/><U45/><E64/><V26/><F109/><W12/><G3/><N who="1" m="1098" /><E46/><V51/><F67/><W117/><G117/><T8/><D38/><U33/><E45/><V60/><F60/><W73/><G73/><T101/><D36/><U48/><E48/><V62/><F62/><W81/><G58/><T119/><D119/><U77/><E30/><V55/><F26/><W13/><G13/><N who="0" m="7463" /><D106/><U10/><E10/><V92/><F92/><W65/><G65/><T96/><D105/><U27/><E27/><V5/><REACH who="2" step="1"/><F4/><REACH who="2" ten="125,449,207,209" step="2"/><W40/><G24/><N who="0" m="14431" /><D101/><U93/><E93/><V88/><F88/><W49/><G111/><T16/><D96/><U6/><E6/><V127/><F127/><W91/><G110/><T100/><D100/><U122/><E122/><V82/><F82/><W72/><G91/><T130/><D130/><U17/><E80/><V21/><AGARI ba="0,1" hai="5,11,15,21,25,31,44,51,55,68,69,70,78,79" machi="21" ten="30,3000,0" yaku="1,1,0,1,53,0" doraHai="14" doraHaiUra="112" who="2" fromWho="2" sc="125,-10,449,-10,207,40,209,-10" /><INIT seed="6,1,0,2,5,63" ten="115,439,247,199" oya="2" hai0="56,15,31,32,75,82,58,18,44,28,76,26,5" hai1="122,81,117,43,51,87,53,68,8,128,121,17,112" hai2="116,57,3,123,23,86,91,30,4,119,27,49,97" hai3="95,46,118,96,66,25,120,33,103,80,10,9,115"/><V12/><F123/><N who="1" m="47113" /><E117/><V65/><F3/><W102/><G118/><T125/><D125/><U52/><E68/><V45/><F97/><W24/><G120/><T79/><D31/><U19/><E112/><V20/><F4/><W78/><G115/><T72/><D5/><U106/><E128/><V36/><F36/><W132/><G132/><T105/><D105/><U135/><E106/><V39/><F39/><W111/><G111/><T109/><D109/><U110/><E135/><V0/><F0/><W64/><G103/><T35/><D35/><U55/><E110/><V113/><F113/><W127/><G127/><T73/><D44/><N who="1" m="26015" /><E8/><N who="3" m="3178" /><G33/><T67/><D58/><U22/><E22/><V92/><F20/><W41/><G80/><T134/><D134/><U42/><E42/><V90/><F12/><W40/><G78/><AGARI ba="1,0" hai="17,19,52,53,55,78,81,87" m="26015,47113" machi="78" ten="30,2000,0" yaku="13,1,54,1" doraHai="63" who="1" fromWho="3" sc="115,0,439,23,247,0,199,-23" /><INIT seed="7,0,0,3,4,26" ten="115,462,247,176" oya="3" hai0="134,93,28,116,18,115,15,60,51,16,0,80,119" hai1="8,9,43,91,36,108,79,53,3,92,75,12,41" hai2="133,77,102,62,61,45,40,21,97,63,124,19,105" hai3="34,98,112,120,38,81,94,23,25,110,69,2,10"/><W104/><G69/><T88/><D0/><U82/><E108/><V33/><F33/><W121/><G38/><T46/><D134/><U14/><E36/><V89/><F77/><W64/><G64/><T129/><D129/><U66/><E66/><V127/><F89/><W87/><G104/><T31/><D115/><U126/><E126/><N who="2" m="48171" /><F133/><W132/><G34/><T122/><D122/><U95/><E95/><V78/><F78/><W65/><G65/><T22/><D119/><U58/><E12/><N who="2" m="9447" /><F62/><W55/><G132/><T47/><D116/><U49/><E3/><V111/><F111/><W27/><G27/><N who="0" m="14807" /><D80/><U30/><E30/><N who="0" m="11305" /><D60/><U44/><E82/><V5/><F63/><W52/><G112/><T83/><D83/><U130/><E75/><V114/><F61/><W74/><G74/><T107/><D107/><U113/><E79/><V1/><F1/><W131/><G131/><T100/><D100/><U50/><E130/><V84/><F102/><N who="3" m="60759" /><G110/><T101/><D101/><U20/><E113/><V128/><F128/><W6/><G121/><T4/><D51/><U42/><E92/><V86/><F114/><W90/><G120/><T85/><D4/><U17/><E91/><V103/><F5/><W96/><G2/><T68/><D68/><U71/><E71/><V118/><F118/><W117/><G117/><T35/><D35/><U24/><E49/><AGARI ba="0,0" hai="40,45,49,84,86,97,103,105" m="9447,48171" machi="49" ten="30,1000,0" yaku="18,1" doraHai="26" who="2" fromWho="1" sc="115,0,462,-10,247,10,176,0" owari="115,-38.0,452,54.0,257,6.0,176,-22.0" /></mjloggm>