<mjloggm ver="2.3"><GO type="225" lobby="0"/><UN n0="%E5%A4%A7%E5%AE%AE%E5%BF%8D%76" n1="%E8%A8%88%E7%AE%97%E6%A9%9F%E8%87%AA%E7%84%B6" n2="%E3%82%A4%E3%83%8A%E3%82%BA%E3%83%9E%E8%91%AC%E5%84%80" n3="%E3%81%BF%E3%81%BF%E3%81%9A" dan="17,17,17,16" rate="2201.47,2295.52,2210.29,2176.32" sx="M,M,F,M"/><TAIKYOKU oya="0"/><INIT seed="0,0,0,3,5,100" ten="250,250,250,250" oya="0" hai0="2,50,59,134,13,18,133,34,86,121,27,57,25" hai1="52,3,12,0,49,44,123,88,36,82,77,128,63" hai2="19,92,112,119,102,73,53,68,9,15,4,7,95" hai3="115,61,85,29,124,110,65,41,1,101,105,99,20"/><T122/><D86/><U22/><E123/><N who="0" m="47113" /><D50/><U117/><E128/><V126/><F112/><W80/><G115/><T103/><D103/><U40/><E117/><V83/><F119/><W48/><G110/><T17/><D57/><U104/><E104/><V66/><F126/><W87/><G124/><T31/><D59/><U21/><E63/><V51/><F68/><W47/><G1/><T91/><D91/><U76/><E0/><V46/><F66/><W93/><G80/><T129/><D2/><U114/><E3/><V6/><REACH who="2" step="1"/><F102/><REACH who="2" ten="250,250,240,250" step="2"/><W33/><G93/><T120/><D120/><U69/><E69/><V56/><F56/><W113/><G113/><T84/><D129/><U127/><E114/><V131/><F131/><W94/><G94/><T89/><D89/><U38/><E127/><V32/><F32/><W24/><G20/><N who="0" m="13463" /><D84/><U97/><E88/><V16/><F16/><W98/><G99/><T64/><D64/><U30/><E97/><V78/><AGARI ba="0,1" hai="4,6,7,9,15,19,46,51,53,73,78,83,92,95" machi="78" ten="30,4000,0" yaku="1,1,0,1,53,1" doraHai="100" doraHaiUra="42" who="2" fromWho="2" sc="250,-20,250,-10,240,50,250,-10" /><INIT seed="1,0,0,1,4,69" ten="230,240,290,240" oya="1" hai0="104,78,135,40,30,68,94,3,125,83,75,111,113" hai1="85,12,57,101,117,133,82,55,102,97,7,132,81" hai2="88,29,19,48,36,96,8,15,106,114,49,100,119" hai3="123,130,4,60,24,10,51,11,112,13,33,120,5"/><U2/><E2/><V44/><F119/><W9/><G60/><T17/><D113/><U107/><E117/><V25/><F114/><W103/><G103/><T63/><D104/><U95/><E7/><N who="3" m="2634" /><G51/><T47/><D3/><U35/><E35/><V28/><F28/><N who="3" m="19591" /><G112/><T110/><D30/><U121/><E12/><V0/><F0/><W61/><G61/><T14/><D135/><N who="1" m="51787" /><E121/><N who="3" m="46666" /><G130/><T32/><D32/><U72/><E72/><V45/><F88/><W131/><G131/><T6/><D6/><AGARI ba="0,0" hai="6,9,10,11,13" m="46666,19591,2634" machi="6" ten="30,2000,0" yaku="34,2" doraHai="69" who="3" fromWho="0" sc="230,-20,240,0,290,0,240,20" /><INIT seed="2,0,0,2,3,29" ten="210,240,290,260" oya="2" hai0="64,13,83,18,98,31,75,121,44,38,1,130,94" hai1="8,10,35,6,115,95,87,47,30,53,39,114,36" hai2="109,84,101,85,56,111,74,54,112,73,113,15,52" hai3="131,22,5,82,128,12,51,11,40,16,37,21,120"/><V106/><F15/><W32/><G120/><T135/><D121/><U108/><E108/><N who="2" m="41547" /><F101/><W27/><G37/><T34/><D1/><U126/><E126/><V66/><F66/><W76/><G32/><T134/><D64/><U104/><E104/><V119/><F106/><W20/><G40/><T103/><D130/><N who="3" m="49705" /><G51/><T49/><D38/><U129/><E39/><V116/><F54/><W19/><G27/><T41/><D83/><U118/><E53/><V55/><F55/><W23/><N who="3" m="5120" /><DORA hai="42" /><W97/><G97/><T80/><D80/><U14/><E129/><V125/><F125/><W9/><G11/><T28/><D75/><AGARI ba="0,0" hai="5,9,12,16,19,75,76,82" m="5120,49705" machi="75" ten="40,2600,0" yaku="19,1,54,1" doraHai="29,42" who="3" fromWho="0" sc="210,-26,240,0,290,0,260,26" /><INIT seed="3,0,0,3,1,81" ten="184,240,290,286" oya="3" hai0="56,121,100,55,59,113,94,40,24,18,127,103,115" hai1="126,49,27,68,61,50,128,106,31,108,74,134,34" hai2="73,88,75,112,118,51,60,77,89,26,65,28,8" hai3="83,131,95,84,124,110,91,93,107,46,21,35,101"/><W72/><G35/><T82/><D121/><U122/><RYUUKYOKU type="yao9" ba="0,0" sc="184,0,240,0,290,0,286,0" hai1="27,31,34,49,50,61,68,74,106,108,122,126,128,134" /><INIT seed="3,1,0,2,3,33" ten="184,240,290,286" oya="3" hai0="7,68,82,135,34,27,53,8,13,35,39,50,12" hai1="132,31,115,38,19,5,24,1,71,116,118,11,70" hai2="122,80,10,14,103,124,58,69,15,134,0,21,28" hai3="120,54,51,97,55,106,96,86,101,130,129,100,72"/><W125/><G120/><T123/><D123/><U95/><E38/><V117/><F117/><N who="1" m="45161" /><E115/><V84/><F69/><W105/><G72/><T76/><D68/><U47/><E132/><V46/><F124/><W74/><G74/><T89/><D39/><U64/><E47/><V56/><F0/><W18/><G125/><T119/><D119/><U9/><E64/><V3/><F3/><W16/><G86/><T99/><D135/><U128/><E95/><V40/><F103/><W102/><G102/><T29/><D99/><U133/><E133/><V26/><F15/><W57/><G55/><T83/><D89/><U37/><E37/><V104/><F104/><W41/><G41/><T61/><D61/><U32/><E128/><AGARI ba="1,0" hai="16,18,51,54,57,96,97,100,101,105,106,128,129,130" machi="128" ten="40,7700,0" yaku="9,1,19,1,54,1" doraHai="33" who="3" fromWho="1" sc="184,0,240,-80,290,0,286,80" owari="184,-22.0,160,-34.0,290,9.0,366,47.0" /></mjloggm>