<mjloggm ver="2.3"><GO type="185" lobby="0"/><UN n0="%6D%28%E3%81%AE%5F%E3%81%AE%29%6D%E2%99%AA" n1="%E3%81%82%E3%81%96%E3%81%B6" n2="%E7%B6%BE%E7%80%AC%E7%A9%82%E4%B9%83%E9%A6%99" n3="" dan="16,17,17,0" rate="2168.52,2252.45,2299.30,1500.00" sx="M,M,F,C"/><TAIKYOKU oya="0"/><INIT seed="0,0,0,5,5,111" ten="350,350,350,0" oya="0" hai0="113,120,121,56,132,0,48,70,92,100,86,87,83" hai1="85,90,33,135,77,38,112,74,102,59,98,72,61" hai2="130,125,58,89,68,40,52,43,32,67,54,104,57" hai3=""/><T64/><N who="0" m="30752" /><T124/><N who="0" m="31008" /><T62/><D0/><U44/><E33/><V51/><F104/><T76/><D132/><U36/><E135/><V122/><N who="2" m="31264" /><V47/><F32/><T39/><D39/><U37/><E77/><V99/><F125/><T75/><D124/><U96/><E44/><V53/><F130/><T97/><D113/><U133/><E133/><V80/><F80/><T82/><D82/><U101/><E98/><V60/><F89/><T126/><D126/><U65/><E112/><V107/><REACH who="2" step="1"/><F43/><REACH who="2" ten="350,350,340,0" step="2"/><T69/><REACH who="0" step="1"/><D70/><REACH who="0" ten="340,350,340,0" step="2"/><U123/><N who="1" m="31520" /><U3/><E3/><V106/><F106/><T94/><D94/><U2/><E2/><V88/><F88/><T117/><D117/><U128/><E90/><V91/><F91/><T46/><D46/><U116/><E116/><V129/><F129/><T118/><D118/><U78/><E128/><V114/><F114/><T108/><D108/><U41/><E101/><AGARI ba="0,2" hai="40,47,51,52,53,54,57,58,60,67,68,99,101,107" m="31264" machi="101" ten="40,5200,0" yaku="1,1,52,1,54,1,53,0" doraHai="111" doraHaiUra="131" who="2" fromWho="1" sc="340,0,350,-52,340,72,0,0" /><INIT seed="1,0,0,1,2,34" ten="340,298,412,0" oya="1" hai0="121,82,57,60,108,74,125,70,101,67,73,48,87" hai1="44,131,76,86,71,52,109,78,98,94,45,114,50" hai2="122,115,132,1,105,46,85,118,2,38,79,51,68" hai3=""/><U42/><E114/><V111/><RYUUKYOKU type="yao9" ba="0,0" sc="340,0,298,0,412,0,0,0" hai2="1,2,38,46,51,68,79,85,105,111,115,118,122,132" /><INIT seed="1,1,0,0,1,92" ten="340,298,412,0" oya="1" hai0="41,131,81,109,75,111,84,72,67,77,0,33,89" hai1="86,43,32,115,51,36,128,134,88,126,73,120,117" hai2="34,94,101,63,129,85,105,45,106,47,76,125,3" hai3=""/><U99/><RYUUKYOKU type="yao9" ba="1,0" sc="340,0,298,0,412,0,0,0" hai1="32,36,43,51,73,86,88,99,115,117,120,126,128,134" /><INIT seed="1,2,0,2,5,41" ten="340,298,412,0" oya="1" hai0="60,72,97,94,59,91,3,2,106,84,76,130,56" hai1="46,105,36,124,77,135,66,116,89,92,0,86,33" hai2="83,103,100,67,1,58,42,51,81,109,74,43,99" hai3=""/><U118/><E33/><V50/><F1/><T123/><N who="0" m="31520" /><T121/><N who="0" m="31008" /><T48/><D130/><U120/><N who="1" m="30752" /><U40/><E0/><V125/><F109/><T129/><D129/><U80/><E135/><V110/><F110/><T64/><D59/><U98/><E124/><V111/><F111/><T65/><D65/><U82/><E105/><V79/><F67/><T88/><D48/><U112/><E112/><V78/><F58/><T39/><D39/><U126/><E126/><V95/><F125/><T55/><D64/><U45/><E66/><V113/><F113/><T57/><D57/><U49/><E82/><V37/><F37/><T108/><D108/><U104/><E104/><V133/><F133/><T69/><D69/><U101/><E101/><V85/><F100/><T127/><D127/><U53/><AGARI ba="2,0" hai="36,40,45,46,49,53,77,80,86,89,92,98,116,118" m="30752" machi="53" ten="20,8000,1" yaku="0,1,7,1,52,3" doraHai="41" who="1" fromWho="1" sc="340,-42,298,84,412,-42,0,0" /><INIT seed="1,3,0,4,3,134" ten="298,382,370,0" oya="1" hai0="124,60,113,125,44,68,63,93,1,90,61,115,105" hai1="66,131,79,81,88,108,33,89,85,126,97,54,119" hai2="83,102,37,43,100,46,117,67,74,112,123,94,58" hai3=""/><U70/><E119/><V129/><N who="2" m="31520" /><V41/><F117/><T2/><D105/><U104/><E33/><V62/><F129/><T114/><D44/><U78/><E131/><V40/><F112/><T135/><D68/><U57/><E108/><V47/><F94/><T103/><D103/><U106/><E79/><V111/><F41/><T118/><D135/><U107/><E97/><V38/><F111/><T84/><REACH who="0" step="1"/><D118/><REACH who="0" ten="288,382,370,0" step="2"/><U72/><E70/><V32/><F32/><T101/><D101/><U132/><E132/><V109/><F109/><T51/><D51/><U0/><E104/><V128/><F128/><T69/><D69/><U82/><E106/><V59/><F59/><T36/><D36/><U39/><E39/><V77/><AGARI ba="3,1" hai="37,38,40,43,46,47,58,62,67,74,77,83,100,102" m="31520" machi="77" ten="30,3000,0" yaku="0,1,9,1,52,1" doraHai="134" who="2" fromWho="2" sc="288,-13,382,-23,370,46,0,0" /><INIT seed="2,0,0,2,5,54" ten="275,359,416,0" oya="2" hai0="107,41,103,110,113,101,112,45,63,48,114,85,90" hai1="53,75,57,122,69,126,95,120,105,118,37,33,135" hai2="132,108,61,46,123,55,109,131,44,92,66,72,111" hai3=""/><V36/><N who="2" m="31520" /><V0/><F0/><T88/><D110/><U43/><N who="1" m="30752" /><U38/><N who="1" m="31264" /><U134/><E33/><V97/><F131/><T84/><D107/><U116/><E105/><V91/><F132/><N who="1" m="50729" /><E75/><V51/><F72/><T47/><D45/><U50/><E126/><V119/><F119/><N who="1" m="45609" /><E69/><V127/><F127/><T40/><D40/><U100/><E43/><V80/><F109/><T115/><N who="0" m="28672" /><DORA hai="79" /><T56/><D85/><U128/><E128/><V78/><F108/><T133/><D133/><U81/><E81/><V125/><F80/><T71/><D71/><U62/><E50/><V3/><F51/><T39/><D39/><U1/><E1/><V94/><F3/><T96/><D96/><AGARI ba="0,0" hai="37,38,53,57,62,95,96,100" m="45609,50729,31264,30752" machi="96" ten="30,8000,1" yaku="20,1,12,1,52,3" doraHai="54,79" who="1" fromWho="0" sc="275,-80,359,80,416,0,0,0" /><INIT seed="4,0,0,4,4,91" ten="195,439,416,0" oya="0" hai0="96,94,74,66,102,129,58,46,75,120,42,0,86" hai1="89,78,118,110,36,44,104,131,71,92,34,132,108" hai2="119,49,126,32,35,57,113,134,76,98,123,63,73" hai3=""/><T77/><N who="0" m="30752" /><T85/><D0/><U61/><E118/><V82/><N who="2" m="31520" /><V109/><F109/><T79/><D129/><U59/><E34/><V37/><F37/><T95/><D74/><U40/><E131/><V53/><F119/><T133/><D133/><U80/><E104/><V2/><F113/><T60/><D75/><U112/><E71/><V3/><F126/><T125/><D125/><U111/><E112/><V105/><F134/><T130/><D130/><U135/><E80/><V65/><F2/><T116/><D116/><U55/><REACH who="1" step="1"/><E78/><REACH who="1" ten="195,429,416,0" step="2"/><N who="0" m="29705" /><D94/><U114/><E114/><V127/><F127/><T122/><N who="0" m="31264" /><T124/><D124/><U69/><E69/><V48/><F3/><T101/><D101/><U100/><E100/><V39/><F32/><T72/><D72/><U70/><E70/><V33/><F33/><T38/><D38/><U99/><AGARI ba="0,1" hai="36,40,44,55,59,61,89,92,99,108,110,111,132,135" machi="99" ten="40,6000,1" yaku="1,1,0,1,52,1,53,1" doraHai="91" doraHaiUra="56" who="1" fromWho="1" sc="195,-40,429,70,416,-20,0,0" /><INIT seed="5,0,0,3,4,79" ten="155,499,396,0" oya="1" hai0="0,72,101,38,59,41,121,115,117,87,54,53,63" hai1="126,81,47,61,67,99,112,78,111,83,3,93,85" hai2="118,106,98,40,64,45,57,51,132,102,34,95,104" hai3=""/><U44/><E3/><V65/><F118/><T49/><D115/><U33/><E33/><V36/><F34/><T46/><D72/><U125/><E112/><V120/><N who="2" m="30752" /><V82/><F132/><T100/><D101/><U110/><E47/><V133/><F133/><T39/><D87/><U60/><E44/><V135/><F135/><T35/><D100/><U48/><E48/><V52/><REACH who="2" step="1"/><F82/><REACH who="2" ten="155,499,386,0" step="2"/><T76/><N who="0" m="31008" /><T131/><D117/><U122/><N who="1" m="31264" /><U103/><E81/><V127/><F127/><N who="1" m="48649" /><E61/><V107/><AGARI ba="0,1" hai="36,40,45,51,52,57,64,65,95,98,102,104,106,107" m="30752" machi="107" ten="30,6000,1" yaku="1,1,0,1,52,1,54,1,53,1" doraHai="79" doraHaiUra="94" who="2" fromWho="2" sc="155,-20,499,-40,386,70,0,0" /><INIT seed="6,0,0,2,2,104" ten="135,459,456,0" oya="2" hai0="35,120,55,34,3,128,113,68,54,73,59,74,56" hai1="110,46,91,108,85,109,92,61,115,99,94,50,129" hai2="48,76,42,86,125,122,41,37,135,95,38,83,89" hai3=""/><V32/><N who="2" m="31264" /><V82/><F32/><T33/><N who="0" m="30752" /><T123/><N who="0" m="31520" /><T131/><D3/><U106/><E115/><V93/><F135/><T49/><D68/><U102/><E129/><N who="0" m="49737" /><D113/><U100/><E61/><V105/><F105/><T133/><D133/><U130/><E130/><V63/><F125/><T77/><D77/><U60/><E60/><V88/><F63/><T121/><N who="0" m="31008" /><T119/><D119/><U53/><REACH who="1" step="1"/><E100/><REACH who="1" ten="135,449,456,0" step="2"/><V126/><F126/><T81/><D81/><AGARI ba="0,1" hai="46,50,53,81,85,91,92,94,99,102,106,108,109,110" machi="81" ten="40,2600,0" yaku="1,1,2,1,53,0" doraHai="104" doraHaiUra="124" who="1" fromWho="0" sc="135,-26,449,36,456,0,0,0" owari="109,-49.0,485,43.0,456,6.0,0,0.0" /></mjloggm>