<mjloggm ver="2.3"><GO type="169" lobby="0"/><UN n0="%E9%89%84%E7%A8%9A%E9%AD%9A%E3%82%AB%E3%83%A2%E9%A4%8A%E5%88%86" n1="%4E%4F%2E%E2%85%A0" n2="%E7%B6%BE%E7%80%AC%E5%B8%82%E6%B0%91" n3="%E3%81%96%E3%82%8A%E3%81%8C%E3%81%AB%E3%81%8F%E3%82%93" dan="18,16,17,17" rate="2211.27,2198.68,2121.40,2217.60" sx="F,M,M,M"/><TAIKYOKU oya="0"/><INIT seed="0,0,0,3,1,80" ten="250,250,250,250" oya="0" hai0="63,118,11,21,16,117,30,89,67,5,71,101,13" hai1="3,114,100,73,36,82,48,112,53,50,110,84,85" hai2="27,51,92,78,68,15,123,1,34,132,116,94,8" hai3="66,55,57,39,2,31,45,69,129,95,22,38,20"/><T28/><D101/><U91/><E110/><V62/><F123/><W121/><G2/><T86/><D118/><U105/><E36/><V96/><F132/><W47/><G31/><T106/><D106/><U65/><E73/><V54/><F116/><W124/><G95/><T56/><D71/><U77/><E3/><V134/><F134/><W90/><G90/><T33/><D33/><U111/><E111/><V44/><F1/><W26/><G20/><T75/><D75/><U37/><E37/><N who="3" m="13834" /><G22/><T87/><D117/><U41/><E65/><V76/><F68/><W125/><G26/><N who="0" m="14631" /><D87/><N who="1" m="48591" /><E41/><V9/><F27/><W60/><G129/><T74/><D74/><U99/><E53/><V109/><F34/><W6/><G6/><T40/><D40/><U7/><E7/><V59/><F109/><W128/><G128/><T46/><D46/><N who="3" m="17417" /><G121/><T64/><D67/><U52/><E52/><V4/><F54/><W72/><G72/><T83/><AGARI ba="0,0" hai="5,11,13,28,30,56,63,64,83,86,89" m="14631" machi="83" ten="30,6000,0" yaku="8,1,52,1,54,1" doraHai="80" who="0" fromWho="0" sc="250,60,250,-20,250,-20,250,-20" /><INIT seed="0,1,0,0,1,82" ten="310,230,230,230" oya="0" hai0="49,84,94,81,45,117,21,53,103,11,83,58,78" hai1="48,19,0,36,131,47,125,106,7,31,4,135,16" hai2="85,108,96,65,132,59,2,95,37,127,33,120,114" hai3="51,44,71,25,23,80,35,90,87,128,57,12,107"/><T75/><D117/><U134/><E36/><V133/><F33/><W112/><G128/><T116/><D116/><U56/><E106/><V29/><F29/><W64/><G107/><T39/><D21/><U113/><E56/><V92/><F2/><W115/><G71/><T13/><D39/><U67/><E67/><V55/><F37/><W129/><G129/><T1/><D1/><U88/><E131/><V76/><F65/><W3/><G3/><T126/><D126/><U91/><E31/><V100/><F120/><W26/><G35/><T86/><D58/><U69/><E69/><V42/><F42/><W46/><G112/><T10/><D75/><U63/><E63/><V18/><F114/><W40/><G46/><T24/><D24/><U97/><E125/><V77/><F127/><W70/><G70/><T9/><D94/><N who="1" m="56519" /><E91/><N who="2" m="53359" /><F108/><W72/><G72/><T27/><D27/><U68/><E68/><V8/><F133/><N who="1" m="50697" /><E113/><V14/><F132/><W61/><REACH who="3" step="1"/><G115/><REACH who="3" ten="310,230,230,220" step="2"/><T118/><D118/><U34/><E34/><V74/><F74/><W111/><G111/><T99/><D45/><U105/><E105/><V17/><F17/><AGARI ba="1,1" hai="12,17,23,25,26,40,44,51,57,61,64,80,87,90" machi="17" ten="40,8000,1" yaku="1,1,8,1,52,1,53,1" doraHai="82" doraHaiUra="62" who="3" fromWho="2" sc="310,0,230,0,230,-83,220,93" /><INIT seed="1,0,0,1,1,109" ten="310,230,147,313" oya="1" hai0="73,28,72,24,120,118,112,10,79,31,53,4,78" hai1="6,34,135,96,23,90,86,47,85,93,68,61,64" hai2="60,113,97,74,69,115,83,121,33,56,82,13,0" hai3="1,38,5,36,124,49,45,114,17,35,111,50,71"/><U41/><E34/><V108/><F121/><W67/><G35/><T11/><D118/><U128/><E128/><V21/><F33/><W44/><G5/><T117/><D117/><U65/><E135/><V40/><F0/><W89/><G1/><T133/><D133/><U131/><E131/><V37/><F108/><W101/><G101/><T3/><D120/><U62/><E23/><V129/><F69/><W77/><G111/><T87/><D87/><U119/><E6/><V94/><F129/><W42/><G77/><T29/><D53/><U92/><E119/><V95/><F40/><W123/><G123/><T102/><D102/><U76/><E76/><V27/><F13/><W127/><G89/><T107/><D107/><U75/><E75/><V126/><F37/><N who="3" m="14443" /><G17/><T134/><D134/><U99/><E47/><N who="3" m="17994" /><G42/><T132/><D132/><U66/><E41/><V55/><F95/><W2/><G2/><T39/><D39/><U15/><E15/><V70/><F74/><W106/><G106/><T125/><D29/><U32/><E32/><V20/><F20/><W84/><G84/><N who="1" m="32362" /><E68/><V52/><F70/><W130/><G130/><T104/><D3/><U16/><E16/><V80/><F21/><W100/><G124/><T26/><D104/><U43/><E43/><V105/><F105/><W48/><G127/><T59/><D125/><U12/><E12/><V19/><F126/><W22/><G22/><T98/><D73/><U54/><E54/><N who="2" m="33815" /><F19/><W30/><G30/><T8/><D4/><U91/><AGARI ba="0,0" hai="61,62,64,65,66,90,91,92,93,96,99" m="32362" machi="91" ten="30,1500,0" yaku="8,1" doraHai="109" who="1" fromWho="1" sc="310,-5,230,15,147,-5,313,-5" /><INIT seed="1,1,0,0,2,23" ten="305,245,142,308" oya="1" hai0="30,41,31,82,111,86,120,89,128,90,62,115,34" hai1="124,64,118,71,96,10,6,0,101,135,19,8,27" hai2="58,14,105,9,107,16,97,92,91,12,132,84,52" hai3="110,2,59,100,44,56,122,65,11,45,50,55,66"/><U74/><E118/><V4/><F132/><W106/><G122/><T38/><D115/><U26/><E74/><V36/><F36/><W7/><G110/><T85/><D111/><U21/><E135/><V57/><F57/><W47/><G106/><T75/><D128/><U83/><E124/><V87/><F105/><W1/><G100/><T3/><D3/><U67/><E83/><V13/><F107/><W113/><G113/><T103/><D75/><U60/><E8/><V49/><REACH who="2" step="1"/><F14/><REACH who="2" ten="305,245,132,308" step="2"/><W18/><G1/><T68/><D38/><U77/><E64/><V102/><F102/><W99/><G59/><T123/><D103/><U125/><E125/><V73/><F73/><W24/><G65/><T20/><D123/><U95/><E77/><V80/><F80/><W117/><G66/><T88/><D82/><U70/><E70/><V76/><F76/><W46/><G56/><T33/><D120/><U42/><E42/><V61/><F61/><W79/><G79/><T116/><D62/><U112/><E112/><V104/><F104/><W51/><G117/><T32/><D41/><U133/><E133/><V109/><F109/><W39/><G39/><T15/><D116/><U22/><E22/><AGARI ba="1,1" hai="4,9,12,13,16,22,49,52,58,84,87,91,92,97" machi="22" ten="30,8000,1" yaku="1,1,7,1,8,1,54,2,53,0" doraHai="23" doraHaiUra="126" who="2" fromWho="1" sc="305,0,245,-83,132,93,308,0" /><INIT seed="2,0,0,5,5,61" ten="305,162,225,308" oya="2" hai0="91,21,94,33,42,134,4,24,75,86,67,63,9" hai1="109,26,73,53,16,78,44,31,114,119,19,104,60" hai2="64,105,32,35,39,65,103,120,97,125,30,99,43" hai3="122,11,128,49,80,106,117,111,70,76,13,88,82"/><V34/><F120/><W27/><G122/><T110/><D110/><U93/><E104/><V132/><F125/><W83/><G111/><T92/><D134/><U5/><E109/><V101/><F132/><W81/><G117/><T8/><D75/><U96/><E119/><V121/><F121/><W100/><G70/><T135/><D135/><U23/><E114/><V41/><F30/><W102/><G128/><T57/><D33/><U20/><E5/><V6/><F6/><W62/><G106/><T25/><D42/><U74/><E78/><V48/><F39/><W71/><G27/><T1/><D9/><U72/><E20/><V59/><F59/><W129/><G129/><T133/><D133/><U85/><E85/><V84/><F84/><W90/><G49/><T66/><D94/><U79/><E79/><V12/><F12/><W56/><G71/><T46/><D46/><U7/><E7/><V36/><F36/><W131/><G131/><T108/><D108/><U69/><E44/><V127/><F127/><W130/><G130/><T15/><D1/><U124/><E124/><V116/><F116/><W3/><G3/><T126/><D126/><U37/><E37/><V123/><F123/><W0/><G0/><T118/><D118/><U98/><E53/><V54/><F54/><N who="3" m="34071" /><G76/><T87/><D86/><U51/><E51/><V95/><REACH who="2" step="1"/><F48/><REACH who="2" ten="305,162,215,308" step="2"/><W40/><G40/><AGARI ba="0,1" hai="32,34,35,40,41,43,64,65,95,97,99,101,103,105" machi="40" ten="40,12000,1" yaku="1,1,2,1,52,2,53,0" doraHai="61" doraHaiUra="68" who="2" fromWho="3" sc="305,0,162,0,215,130,308,-120" /><INIT seed="2,1,0,5,0,79" ten="305,162,345,188" oya="2" hai0="22,5,55,100,42,91,62,28,114,32,119,14,33" hai1="101,78,10,66,117,102,81,45,82,41,56,73,106" hai2="113,104,93,35,8,115,111,50,49,12,39,25,23" hai3="57,52,135,80,126,4,64,65,134,67,17,63,13"/><V97/><F104/><W0/><G126/><T72/><D114/><U3/><E117/><V34/><F39/><W131/><G131/><T121/><D121/><U53/><E66/><V71/><F71/><W7/><G0/><T129/><D100/><U24/><E24/><V109/><F50/><W15/><G15/><T86/><D72/><U6/><E81/><V75/><F75/><W128/><G128/><T122/><D42/><U87/><E87/><V31/><F49/><W60/><G60/><T74/><D74/><U99/><E101/><V118/><F118/><W88/><G135/><T110/><D110/><N who="2" m="41994" /><F93/><W96/><G134/><T30/><D129/><U2/><E2/><V38/><F38/><W70/><G70/><T47/><D122/><U89/><E89/><V83/><F83/><W19/><G19/><T27/><D30/><U26/><E26/><V116/><F97/><W108/><G108/><T127/><D119/><U95/><E95/><V125/><F116/><W1/><G1/><T40/><D127/><U107/><E107/><V123/><F125/><W9/><G96/><T76/><D76/><U48/><REACH who="1" step="1"/><E56/><REACH who="1" ten="305,152,345,188" step="2"/><V132/><F132/><W54/><G54/><AGARI ba="1,1" hai="3,6,10,41,45,48,53,54,73,78,82,99,102,106" machi="54" ten="40,8000,1" yaku="1,1,2,1,52,1,53,1" doraHai="79" doraHaiUra="37" who="1" fromWho="3" sc="305,0,152,93,345,0,188,-83" /><INIT seed="3,0,0,0,1,48" ten="305,245,345,105" oya="3" hai0="89,45,10,120,135,81,129,28,128,26,9,78,30" hai1="46,133,47,95,11,91,108,131,68,50,130,103,34" hai2="0,2,35,100,57,125,39,126,93,52,96,49,132" hai3="66,90,19,1,85,94,83,36,63,87,31,124,115"/><W7/><G115/><T80/><D120/><U59/><E108/><V61/><F35/><W76/><G124/><N who="2" m="47721" /><F39/><W77/><G36/><T73/><D135/><U86/><E68/><V64/><F132/><W105/><G105/><T56/><D45/><AGARI ba="0,0" hai="0,2,45,49,52,57,61,64,93,96,100" m="47721" machi="45" ten="30,3900,0" yaku="18,1,52,1,54,1" doraHai="48" who="2" fromWho="0" sc="305,-39,245,0,345,39,105,0" /><INIT seed="4,0,0,2,3,40" ten="266,245,384,105" oya="0" hai0="38,76,17,1,123,97,65,135,27,29,99,33,39" hai1="106,111,94,62,82,75,110,89,78,98,130,69,108" hai2="31,63,95,96,117,28,114,6,7,80,42,61,47" hai3="131,20,11,132,101,66,34,77,116,70,87,112,118"/><T51/><D123/><U3/><E3/><V71/><F114/><W83/><G34/><T44/><D135/><U22/><E22/><V102/><F117/><W23/><G112/><T54/><D1/><U127/><E62/><V59/><F71/><W32/><G32/><T113/><D113/><U86/><E69/><V19/><F19/><W9/><G131/><T122/><D122/><U134/><E127/><V92/><F80/><W4/><G132/><T13/><D76/><U100/><REACH who="1" step="1"/><E130/><REACH who="1" ten="266,235,384,105" step="2"/><V30/><F61/><W104/><G20/><T48/><D65/><U26/><E26/><V37/><REACH who="2" step="1"/><F95/><REACH who="2" ten="266,235,374,105" step="2"/><W43/><G70/><T107/><D107/><U56/><E56/><V119/><F119/><W16/><G104/><T72/><D29/><U5/><E5/><V88/><F88/><W79/><G4/><T74/><D17/><U41/><E41/><V52/><AGARI ba="0,2" hai="6,7,28,30,31,37,42,47,52,59,63,92,96,102" machi="52" ten="30,7900,0" yaku="1,1,0,1,52,1,54,1,53,0" doraHai="40" doraHaiUra="14" who="2" fromWho="2" sc="266,-39,235,-20,374,99,105,-20" /><INIT seed="5,0,0,5,2,20" ten="227,215,473,85" oya="1" hai0="118,4,13,82,92,70,19,120,15,39,89,78,36" hai1="111,7,75,87,119,14,91,126,51,47,2,95,73" hai2="105,131,81,121,127,107,46,3,40,10,44,122,93" hai3="135,11,27,45,62,125,98,22,129,72,29,99,83"/><U130/><E119/><V74/><F46/><W9/><G135/><T117/><D70/><U31/><E130/><V76/><F127/><W94/><G125/><T48/><D120/><U90/><E126/><V96/><F131/><W84/><G72/><T113/><D113/><U35/><E2/><V116/><F116/><W30/><G129/><T18/><D4/><U59/><E111/><V1/><F1/><W58/><G45/><T25/><D48/><U50/><E90/><V66/><F66/><W61/><G30/><T28/><D39/><U12/><E59/><V100/><F121/><W79/><G99/><T80/><D36/><U77/><E50/><V60/><F60/><W68/><G68/><T32/><D13/><U106/><E106/><V69/><F69/><W102/><REACH who="3" step="1"/><G62/><REACH who="3" ten="227,215,473,75" step="2"/><T103/><D118/><U63/><E63/><V33/><F122/><W64/><AGARI ba="0,1" hai="9,11,22,27,29,58,61,64,79,83,84,94,98,102" machi="64" ten="20,16000,3" yaku="1,1,2,1,0,1,7,1,25,2,8,1,52,1,53,0" doraHai="20" doraHaiUra="85" who="3" fromWho="3" sc="227,-40,215,-80,473,-40,75,170" /><INIT seed="6,0,0,1,0,1" ten="187,135,433,245" oya="2" hai0="52,69,47,124,0,64,110,108,107,76,117,109,2" hai1="16,23,6,115,67,118,126,57,112,120,46,123,38" hai2="90,65,12,4,62,26,77,100,93,3,101,25,50" hai3="102,129,56,51,39,10,71,96,43,122,21,60,84"/><V34/><F3/><W59/><G122/><N who="1" m="46634" /><E118/><V19/><F77/><W103/><G39/><T104/><D117/><U11/><E126/><V33/><F33/><W125/><G129/><T58/><D124/><U28/><E67/><V85/><F50/><W132/><G132/><T45/><D64/><U79/><E57/><V88/><F90/><W53/><G71/><T68/><D58/><U49/><E28/><V133/><F133/><W17/><G125/><T130/><D130/><U22/><E79/><V42/><F42/><W40/><G10/><T41/><D76/><U81/><E81/><V48/><F48/><W121/><G84/><T15/><D109/><U37/><E37/><V73/><F34/><W63/><G121/><T35/><D35/><U61/><E61/><N who="3" m="23626" /><G59/><T44/><D44/><U74/><E74/><V82/><F62/><W127/><G127/><T7/><D41/><N who="3" m="15945" /><G96/><T70/><D70/><U5/><E38/><V75/><F73/><W9/><G9/><T13/><D7/><N who="1" m="2571" /><E49/><V27/><F75/><W116/><G116/><T72/><D72/><U80/><E80/><V111/><F111/><W78/><G78/><T97/><D52/><U83/><E83/><V131/><F65/><W135/><G135/><T98/><AGARI ba="0,0" hai="0,2,13,15,45,47,68,69,97,98,104,107,108,110" machi="98" ten="25,3200,0" yaku="0,1,22,2" doraHai="1" who="0" fromWho="0" sc="187,32,135,-8,433,-16,245,-8" /><INIT seed="7,0,0,3,0,127" ten="219,127,417,237" oya="3" hai0="71,115,30,133,33,49,135,1,39,90,111,80,109" hai1="93,65,61,43,100,29,124,104,75,87,119,105,103" hai2="74,10,51,128,91,107,15,123,36,46,12,67,120" hai3="7,4,84,106,38,82,99,0,8,116,42,98,86"/><W56/><G116/><T78/><D39/><U102/><E43/><V21/><F128/><W96/><G106/><N who="1" m="41066" /><E61/><V40/><F74/><W101/><G101/><N who="1" m="39018" /><E65/><V28/><F107/><W108/><G108/><T122/><D71/><U25/><E25/><V47/><F91/><W3/><G82/><T92/><D1/><U83/><E29/><V59/><F67/><W113/><G113/><T76/><D49/><U22/><E22/><V41/><F59/><W55/><G42/><T23/><D23/><U85/><E124/><V69/><F69/><W16/><G38/><T52/><D30/><U37/><E37/><V66/><F66/><W94/><G94/><T125/><D33/><U11/><E11/><V112/><F112/><W27/><G3/><T5/><D115/><U63/><E63/><V53/><F53/><W60/><G7/><T34/><D52/><U24/><E24/><N who="2" m="16399" /><F10/><W131/><G4/><T64/><D64/><U57/><E57/><V50/><F36/><W117/><G27/><T2/><D5/><U32/><E32/><V114/><F114/><W88/><G0/><T121/><D34/><U72/><E119/><V18/><F18/><W77/><G16/><T48/><D125/><U129/><E129/><V118/><F118/><W62/><G8/><T17/><D17/><U130/><E130/><V70/><F70/><W6/><G131/><T132/><D2/><U95/><N who="1" m="39026" /><U97/><DORA hai="54" /><E97/><V81/><F41/><W89/><G62/><T58/><D58/><U126/><E126/><V35/><F35/><W73/><G117/><T110/><D110/><RYUUKYOKU ba="0,0" sc="219,0,127,0,417,0,237,0" owari="219,-18.0,127,-37.0,417,51.0,237,4.0" /></mjloggm>