<mjloggm ver="2.3"><GO type="185" lobby="0"/><UN n0="%E3%81%B6%E3%82%8B%E3%81%AF%E3%81%A4" n1="%44%75%73%6B" n2="%E3%82%B3%E3%82%B3%E3%82%A2%E3%81%AF%E4%BF%BA%E3%81%AE%E5%AB%81" n3="" dan="16,16,17,0" rate="2141.90,2190.29,2196.32,1500.00" sx="M,M,F,C"/><TAIKYOKU oya="0"/><INIT seed="0,0,0,5,1,38" ten="350,350,350,0" oya="0" hai0="55,129,115,107,108,57,3,2,62,68,61,75,60" hai1="95,126,56,47,125,87,50,93,131,122,66,35,121" hai2="96,80,33,32,94,70,105,135,89,0,109,104,127" hai3=""/><T116/><D115/><U43/><N who="1" m="31008" /><U69/><N who="1" m="31264" /><U42/><E35/><V52/><F109/><T103/><D116/><U49/><E131/><V110/><F110/><T76/><D108/><U92/><E69/><V128/><F0/><T91/><D129/><U63/><E87/><V39/><F128/><T132/><D132/><U101/><E101/><V58/><F135/><T106/><D91/><U51/><E47/><V34/><F127/><AGARI ba="0,0" hai="42,43,49,50,51,56,63,66,92,93,95,125,126,127" m="31264,31008" machi="127" ten="50,8000,1" yaku="18,1,52,4" doraHai="38" who="1" fromWho="2" sc="350,0,350,80,350,-80,0,0" /><INIT seed="1,0,0,0,1,127" ten="350,430,270,0" oya="1" hai0="46,88,37,100,36,45,81,132,79,82,74,53,43" hai1="108,52,99,126,112,114,118,33,55,111,77,64,50" hai2="73,72,116,65,101,42,87,69,85,105,125,3,92" hai3=""/><U93/><E118/><V96/><F116/><T124/><D124/><U103/><E126/><V39/><F125/><T59/><D132/><U49/><E64/><V0/><F85/><T68/><D68/><U113/><E77/><V54/><F54/><N who="1" m="20521" /><E33/><V1/><F87/><T123/><N who="0" m="31520" /><T44/><D100/><U130/><E130/><V98/><F92/><T40/><D82/><U109/><AGARI ba="0,0" hai="49,50,93,99,103,108,109,111,112,113,114" m="20521" machi="109" ten="40,5200,0" yaku="14,1,10,1,54,1" doraHai="127" who="1" fromWho="1" sc="350,-26,430,52,270,-26,0,0" /><INIT seed="1,1,0,3,4,38" ten="324,482,244,0" oya="1" hai0="51,54,3,47,72,127,123,67,1,82,44,113,121" hai1="93,92,101,128,34,68,61,94,88,129,134,40,91" hai2="89,114,108,85,56,74,90,105,99,111,59,83,78" hai3=""/><U55/><E34/><V43/><F114/><T41/><N who="0" m="31008" /><T46/><N who="0" m="31520" /><T53/><D113/><U50/><E134/><V76/><F56/><T77/><D127/><U79/><E79/><V124/><F124/><T49/><D67/><U97/><E68/><V112/><F112/><T57/><D57/><U103/><E61/><V132/><F132/><T109/><D109/><N who="2" m="42058" /><F59/><T52/><D54/><U66/><E66/><V125/><F43/><T69/><D69/><U2/><E2/><V104/><F125/><T73/><D72/><U70/><E70/><V62/><F62/><T0/><D0/><U64/><E64/><V107/><F74/><T65/><D65/><U98/><E40/><V110/><N who="2" m="42066" /><V120/><N who="2" m="30752" /><DORA hai="80" /><V117/><F117/><T115/><D115/><U135/><E135/><V45/><F45/><T32/><D32/><U87/><E55/><V130/><F130/><N who="1" m="50281" /><E50/><AGARI ba="1,0" hai="1,3,41,44,46,47,49,50,51,52,53,73,77,82" m="31520,31008" machi="50" ten="30,12000,2" yaku="7,1,9,1,52,3,54,1" doraHai="38,80" who="0" fromWho="1" sc="324,122,482,-122,244,0,0,0" /><INIT seed="2,0,0,4,4,96" ten="446,360,244,0" oya="2" hai0="45,106,81,70,59,130,89,61,131,63,72,53,103" hai1="57,68,127,41,47,110,120,129,66,75,80,114,74" hai2="94,83,115,85,35,76,36,49,105,118,48,33,97" hai3=""/><V42/><F118/><T73/><D45/><U38/><N who="1" m="30752" /><U60/><E114/><V91/><F115/><T3/><D3/><U121/><N who="1" m="31008" /><U107/><E110/><V1/><F1/><T92/><D106/><U101/><E129/><N who="0" m="49161" /><D81/><U54/><E127/><V88/><F36/><T62/><D103/><U124/><E80/><V65/><F65/><T40/><D40/><U43/><E43/><V58/><F105/><T104/><D104/><U69/><E124/><V126/><F126/><T98/><D70/><U132/><E132/><V119/><F119/><T77/><D77/><U46/><E46/><V87/><F42/><T34/><D34/><U37/><E37/><V52/><REACH who="2" step="1"/><F49/><AGARI ba="0,0" hai="49,53,59,61,62,63,72,73,89,92,98" m="49161" machi="49" ten="30,1000,0" yaku="19,1" doraHai="96" who="0" fromWho="2" sc="446,10,360,0,244,-10,0,0" /><INIT seed="4,0,0,1,0,97" ten="456,360,234,0" oya="0" hai0="81,125,59,3,78,116,80,63,90,86,124,55,131" hai1="46,127,37,91,114,132,82,128,77,123,65,71,40" hai2="119,76,48,105,121,69,115,1,64,72,42,98,134" hai3=""/><T87/><D3/><U120/><N who="1" m="30752" /><U45/><N who="1" m="31520" /><U118/><E118/><V85/><N who="2" m="31008" /><V83/><F1/><T38/><D116/><U95/><E128/><V135/><F119/><T99/><D131/><U94/><E132/><N who="2" m="50731" /><F115/><T117/><D117/><U50/><E127/><N who="0" m="48713" /><D99/><U133/><E133/><V102/><F48/><T62/><D38/><U51/><E114/><V130/><F42/><T89/><D63/><U34/><E34/><V79/><F130/><T0/><D0/><U100/><E37/><V2/><F2/><T73/><D73/><U88/><E65/><V70/><F64/><T36/><D36/><U106/><E106/><V122/><N who="2" m="31264" /><V43/><F43/><T47/><D47/><U44/><E71/><N who="2" m="27147" /><F72/><T101/><D101/><U35/><E35/><V61/><F61/><T68/><D68/><U103/><E45/><V74/><F74/><T49/><D62/><U113/><E113/><V39/><F39/><T58/><D58/><U32/><E32/><V52/><F52/><T129/><D129/><U75/><E50/><V41/><F41/><T126/><D126/><U93/><E46/><V107/><F107/><T57/><D57/><U60/><E60/><V104/><F104/><T108/><D78/><AGARI ba="0,0" hai="76,78,79,83,85,98,102,105" m="27147,31264,50731,31008" machi="78" ten="30,8000,1" yaku="6,1,20,1,52,3" doraHai="97" who="2" fromWho="0" sc="456,-80,360,0,234,80,0,0" /><INIT seed="5,0,0,0,0,48" ten="376,360,314,0" oya="1" hai0="68,72,110,46,105,59,3,91,56,52,130,123,119" hai1="102,89,117,132,34,35,106,95,80,134,54,94,103" hai2="47,78,49,112,131,50,60,42,87,122,125,83,73" hai3=""/><U135/><E117/><V116/><N who="2" m="31264" /><V127/><F116/><T53/><N who="0" m="31520" /><T63/><D119/><U36/><E36/><V58/><F131/><T43/><D3/><U133/><E106/><V114/><F50/><T65/><D72/><U55/><E80/><V86/><F86/><T38/><D105/><U99/><N who="1" m="34304" /><DORA hai="107" /><U104/><E104/><V40/><F87/><T64/><D130/><U1/><E1/><V121/><N who="2" m="31008" /><V100/><F100/><N who="1" m="38441" /><E95/><V111/><F40/><T88/><D110/><U82/><E82/><V77/><F77/><T90/><REACH who="0" step="1"/><D68/><REACH who="0" ten="366,360,314,0" step="2"/><U120/><N who="1" m="30752" /><U67/><E67/><V0/><F111/><T96/><D96/><U37/><E37/><V97/><F97/><T51/><AGARI ba="0,1" hai="38,43,46,51,52,53,56,59,63,64,65,88,90,91" m="31520" machi="51" ten="30,9000,2" yaku="1,1,0,1,52,3,54,2,53,0" doraHai="48,107" doraHaiUra="74,108" who="0" fromWho="0" sc="366,100,360,-60,314,-30,0,0" /><INIT seed="6,0,0,1,5,128" ten="466,300,284,0" oya="2" hai0="91,89,41,134,70,1,47,123,124,2,38,33,129" hai1="133,46,3,66,113,130,64,80,100,125,52,42,111" hai2="103,67,101,109,77,83,53,60,96,78,56,69,43" hai3=""/><V50/><F109/><T99/><N who="0" m="31520" /><T115/><D33/><U85/><E130/><V117/><F117/><T94/><D129/><U34/><E34/><V97/><F43/><T90/><D124/><U120/><N who="1" m="30752" /><U68/><E113/><V132/><F132/><T121/><N who="0" m="31008" /><T40/><D70/><U36/><E3/><V135/><F135/><T57/><D134/><U39/><E125/><V107/><REACH who="2" step="1"/><F83/><REACH who="2" ten="466,300,274,0" step="2"/><T0/><D40/><U81/><E133/><V72/><F72/><T86/><D115/><U88/><E111/><V95/><AGARI ba="0,1" hai="50,53,56,60,67,69,77,78,95,96,97,101,103,107" machi="95" ten="20,2600,0" yaku="1,1,0,1,7,1,53,0" doraHai="128" doraHaiUra="84" who="2" fromWho="2" sc="466,-13,300,-13,274,36,0,0" /><INIT seed="6,1,0,3,0,98" ten="453,287,310,0" oya="2" hai0="47,53,123,90,45,104,80,72,83,35,133,126,100" hai1="120,103,101,122,128,93,114,33,61,79,99,129,64" hai2="46,85,34,132,87,112,124,111,2,125,107,76,65" hai3=""/><V134/><F2/><T43/><N who="0" m="31520" /><T63/><D35/><U108/><N who="1" m="30752" /><U118/><N who="1" m="31264" /><U73/><E108/><V102/><F34/><T67/><D126/><N who="2" m="48746" /><F111/><T39/><D133/><N who="2" m="51306" /><F112/><T60/><D60/><U105/><E33/><V84/><F65/><T75/><D53/><U131/><E118/><V81/><F46/><T121/><N who="0" m="31008" /><T38/><D45/><U42/><E114/><V57/><F57/><T91/><D38/><U130/><E42/><V82/><F82/><T86/><D63/><U68/><N who="1" m="33280" /><DORA hai="78" /><U54/><E54/><V119/><F119/><T48/><D67/><U56/><E56/><V41/><F41/><T127/><D127/><U49/><E49/><V97/><AGARI ba="1,0" hai="76,81,84,85,87,97,102,107" m="51306,48746" machi="97" ten="40,12000,2" yaku="18,1,20,1,34,2,52,2" doraHai="98,78" who="2" fromWho="2" sc="453,-61,287,-61,310,122,0,0" owari="392,-1.0,226,-37.0,432,38.0,0,0.0" /></mjloggm>