<mjloggm ver="2.3"><GO type="225" lobby="0"/><UN n0="%E8%A8%88%E7%AE%97%E6%A9%9F%E8%87%AA%E7%84%B6" n1="%E3%83%8A%E3%83%99%E3%83%AA%E3%83%B3" n2="%E3%82%A4%E3%83%8A%E3%82%BA%E3%83%9E%E8%91%AC%E5%84%80" n3="%E5%A4%A7%E5%AE%AE%E5%BF%8D%76" dan="17,16,17,17" rate="2289.96,2091.12,2212.35,2207.50" sx="M,M,F,M"/><TAIKYOKU oya="0"/><INIT seed="0,0,0,4,2,112" ten="250,250,250,250" oya="0" hai0="70,53,89,43,5,134,106,109,84,23,71,3,67" hai1="95,33,64,113,102,123,69,17,50,40,7,57,6" hai2="11,103,66,28,88,44,31,48,1,100,58,110,76" hai3="90,130,0,29,68,21,2,97,56,105,121,91,52"/><T55/><D106/><U111/><E123/><V42/><F110/><W24/><G68/><T135/><D43/><U122/><E122/><V72/><F72/><W13/><G121/><T39/><D39/><U63/><E33/><V115/><F115/><W131/><G13/><T104/><D104/><U18/><E111/><V4/><F76/><W77/><G77/><T114/><D114/><U65/><E65/><V78/><F78/><W19/><G29/><T62/><D71/><U30/><E30/><N who="2" m="11307" /><F1/><W8/><G105/><T80/><D23/><U96/><E113/><V120/><F120/><W16/><G19/><N who="1" m="7178" /><E69/><V99/><F11/><W85/><G85/><T22/><D22/><U34/><E34/><V25/><F25/><W108/><G108/><T119/><D109/><U35/><E35/><V32/><F32/><W132/><G132/><N who="0" m="50731" /><D119/><U133/><E133/><V54/><F4/><N who="3" m="1031" /><G2/><T10/><AGARI ba="0,0" hai="3,5,10,53,55,62,67,70,80,84,89" m="50731" machi="10" ten="30,1500,0" yaku="20,1" doraHai="112" who="0" fromWho="0" sc="250,15,250,-5,250,-5,250,-5" /><INIT seed="0,1,0,3,5,126" ten="265,245,245,245" oya="0" hai0="31,98,104,35,2,71,66,101,49,60,9,58,8" hai1="92,65,55,20,127,25,11,34,16,24,86,41,103" hai2="3,132,88,38,105,129,80,21,79,107,72,10,51" hai3="91,6,39,56,123,59,99,37,5,64,36,27,77"/><T118/><D118/><U54/><E127/><V82/><F38/><W33/><G77/><T120/><D120/><U46/><E65/><V28/><F132/><W85/><G99/><T12/><D2/><U83/><E11/><V7/><F129/><W102/><G102/><T43/><D12/><U53/><E34/><V17/><F28/><W57/><G64/><T106/><D106/><U96/><E25/><V45/><F82/><W119/><G119/><T131/><D131/><U61/><E61/><V87/><F79/><W109/><G109/><T73/><D73/><U100/><E100/><V90/><F90/><W70/><G70/><T130/><D130/><U47/><REACH who="1" step="1"/><E41/><REACH who="1" ten="265,235,245,245" step="2"/><V134/><F134/><W112/><G123/><T52/><D43/><U121/><E121/><V32/><F32/><W18/><G33/><T95/><D95/><U29/><E29/><V133/><F133/><W78/><G112/><T69/><D71/><U108/><E108/><V110/><F110/><W74/><G27/><AGARI ba="1,1" hai="8,9,27,31,35,49,52,58,60,66,69,98,101,104" machi="27" ten="40,7700,0" yaku="25,2,54,1" doraHai="126" who="0" fromWho="3" sc="265,90,235,0,245,0,245,-80" /><INIT seed="0,2,0,1,4,88" ten="355,235,245,165" oya="0" hai0="21,43,31,39,72,83,128,84,56,132,126,49,76" hai1="135,10,69,5,42,100,24,77,81,82,67,17,12" hai2="129,19,78,104,85,40,97,125,51,48,109,0,110" hai3="107,91,60,45,92,20,35,99,73,114,120,98,29"/><T79/><D126/><U108/><E108/><V112/><F112/><W66/><G114/><T2/><D2/><U33/><E135/><V57/><F125/><W74/><G20/><T121/><D121/><U63/><E42/><V71/><F71/><W123/><G45/><T80/><D132/><U130/><E130/><V111/><F129/><W36/><G36/><T106/><D106/><U61/><E61/><V94/><F0/><W93/><G107/><T65/><D128/><U52/><E52/><N who="2" m="31879" /><F104/><W102/><G29/><T70/><D70/><U6/><E100/><N who="2" m="60471" /><F19/><W14/><G14/><T122/><D122/><N who="3" m="46633" /><G35/><T55/><D65/><U90/><E90/><V131/><F131/><W119/><G119/><T47/><D31/><U116/><E116/><V64/><F64/><W22/><G22/><T16/><D21/><U23/><E33/><V37/><F37/><W15/><G15/><T103/><D103/><U28/><E82/><N who="2" m="47319" /><F40/><W30/><G30/><T68/><D68/><AGARI ba="2,0" hai="60,66,68,73,74,91,92,93,98,99,102" m="46633" machi="68" ten="30,3900,0" yaku="13,1,52,2" doraHai="88" who="3" fromWho="0" sc="355,-45,235,0,245,0,165,45" /><INIT seed="1,0,0,4,0,132" ten="310,235,245,210" oya="1" hai0="101,124,56,78,23,85,117,129,114,25,38,41,71" hai1="59,12,89,1,3,2,94,31,0,92,79,60,76" hai2="42,98,10,119,99,77,127,14,33,22,21,109,49" hai3="62,7,128,63,133,17,28,5,81,108,6,19,93"/><U24/><N who="1" m="0" /><DORA hai="26" /><U37/><E37/><V73/><F109/><W4/><N who="3" m="1024" /><DORA hai="70" /><W126/><G108/><T68/><D114/><U121/><E12/><V16/><F33/><W8/><G133/><T87/><D117/><U125/><E125/><V27/><F127/><W51/><G126/><T106/><D124/><U53/><E121/><V110/><F110/><W13/><G128/><T96/><D129/><U30/><E94/><V105/><F119/><W29/><G81/><T44/><D56/><U104/><E104/><V72/><F77/><W84/><G51/><T64/><D64/><U95/><E95/><V122/><F122/><W82/><G93/><T69/><REACH who="0" step="1"/><D78/><REACH who="0" ten="300,235,245,210" step="2"/><U102/><E102/><V80/><F73/><W43/><G43/><T83/><D83/><U11/><E11/><V86/><F72/><W39/><G39/><T55/><D55/><U112/><E112/><V97/><F10/><W74/><G74/><T116/><D116/><U46/><E46/><V47/><F80/><W18/><G63/><T115/><D115/><U113/><E113/><V131/><F131/><W40/><G62/><T130/><D130/><U75/><E75/><V91/><F47/><W61/><G61/><T34/><D34/><U50/><E76/><V118/><F42/><W48/><G40/><T58/><D58/><U45/><E79/><V103/><F118/><W111/><G111/><T88/><D88/><U9/><E9/><V135/><F135/><W52/><G52/><T35/><D35/><N who="1" m="20935" /><E60/><V66/><F66/><W100/><G100/><T67/><D67/><U90/><E59/><RYUUKYOKU ba="0,1" sc="300,30,235,-10,245,-10,210,-10" hai0="23,25,38,41,44,68,69,71,85,87,96,101,106" /><INIT seed="2,1,1,4,4,81" ten="330,225,235,200" oya="2" hai0="46,47,106,115,45,31,95,26,20,96,16,100,30" hai1="89,134,70,22,52,8,129,0,62,94,40,71,44" hai2="68,33,117,43,107,56,49,113,36,34,126,124,3" hai3="116,128,39,42,59,112,102,86,6,19,38,67,48"/><V32/><F113/><W28/><G116/><T77/><D115/><U11/><E129/><V54/><F117/><W69/><G112/><T23/><D77/><U131/><E131/><V97/><F3/><W7/><G102/><T61/><D106/><U27/><E134/><V84/><F68/><W82/><G128/><T12/><D61/><U13/><E0/><V105/><F97/><W135/><G28/><AGARI ba="1,1" hai="12,16,20,23,26,28,30,31,45,46,47,95,96,100" machi="28" ten="40,2600,0" yaku="8,1,54,1" doraHai="81" who="0" fromWho="3" sc="330,39,225,0,235,0,200,-29" /><INIT seed="3,0,0,2,1,22" ten="369,225,235,171" oya="3" hai0="110,35,49,77,104,42,75,90,70,135,117,59,64" hai1="87,96,125,48,89,131,120,23,129,102,19,91,3" hai2="37,65,2,128,47,13,28,71,67,1,7,99,92" hai3="112,72,97,122,79,109,55,54,39,114,20,6,116"/><W132/><G116/><T105/><D117/><U76/><E120/><V94/><F28/><W58/><G122/><T31/><D110/><U81/><E3/><V16/><F128/><N who="1" m="49225" /><E48/><V115/><F115/><W98/><G39/><T26/><D90/><U34/><E34/><V121/><F121/><W60/><G109/><T17/><D17/><U95/><E125/><V25/><F25/><AGARI ba="0,0" hai="19,23,25,76,81,87,89,91,95,96,102" m="49225" machi="25" ten="30,2000,0" yaku="19,1,52,1" doraHai="22" who="1" fromWho="2" sc="369,0,225,20,235,-20,171,0" owari="369,46.0,245,5.0,215,-18.0,171,-33.0" /></mjloggm>