<mjloggm ver="2.3"><GO type="169" lobby="0"/><UN n0="%E3%83%8E%E3%82%AA%E3%83%81%E3%83%A3%E3%83%99%E3%82%B9" n1="%61%6E%6C%75%6E" n2="%E9%B4%A8%E8%91%B1%E5%A4%AA%E9%83%8E" n3="%61%70%70%6C%61%75%73%65" dan="16,16,17,16" rate="2091.07,2109.06,2166.29,2127.14" sx="M,M,M,F"/><TAIKYOKU oya="0"/><INIT seed="0,0,0,5,2,37" ten="250,250,250,250" oya="0" hai0="11,114,91,28,76,122,63,26,95,13,12,88,80" hai1="36,128,69,32,4,43,133,108,78,24,93,25,67" hai2="75,94,64,38,53,65,14,1,81,2,39,40,41" hai3="103,27,45,110,107,10,130,85,83,100,51,48,115"/><T116/><D114/><U135/><E78/><V56/><F75/><W112/><G110/><T131/><D116/><U117/><E117/><V62/><F81/><W127/><G127/><T0/><D122/><U132/><E108/><V92/><F14/><W98/><G130/><T106/><D106/><U55/><E128/><V3/><F53/><W61/><G100/><T15/><D131/><U86/><E55/><V59/><F3/><W129/><G129/><T84/><D63/><AGARI ba="0,0" hai="1,2,38,39,40,41,56,59,62,63,64,65,92,94" machi="63" ten="25,6400,0" yaku="22,2,52,2" doraHai="37" who="2" fromWho="0" sc="250,-64,250,0,250,64,250,0" /><BYE who="0" /><INIT seed="1,0,0,2,5,117" ten="186,250,314,250" oya="1" hai0="63,77,88,29,38,24,74,79,8,58,126,85,44" hai1="115,121,114,4,72,57,102,100,93,26,0,73,23" hai2="40,20,22,120,54,110,106,96,128,62,13,113,82" hai3="25,60,47,130,48,80,65,18,98,17,92,94,91"/><U68/><E68/><V34/><F34/><UN n0="%E3%83%8E%E3%82%AA%E3%83%81%E3%83%A3%E3%83%99%E3%82%B9" /><W124/><G130/><T32/><D126/><U116/><E116/><V84/><F128/><W16/><G124/><T76/><D74/><U3/><E4/><V2/><F2/><W104/><G104/><T12/><D38/><U10/><E10/><V78/><F113/><W59/><G80/><T11/><D44/><U107/><E107/><V86/><F40/><W66/><G92/><T28/><D29/><U132/><E132/><V15/><F106/><W70/><G70/><T90/><D11/><U46/><E46/><V14/><F96/><W118/><G118/><T103/><D103/><U53/><E3/><V49/><F110/><W89/><G66/><T41/><D41/><U83/><E0/><V55/><F84/><W71/><G71/><T122/><D85/><U127/><E127/><V42/><F42/><W97/><G97/><T5/><REACH who="0" step="1"/><D122/><REACH who="0" ten="176,250,314,250" step="2"/><U61/><E121/><V9/><F120/><W101/><REACH who="3" step="1"/><G25/><REACH who="3" ten="176,250,314,240" step="2"/><T56/><D56/><U43/><E115/><V50/><F82/><W95/><G95/><T1/><D1/><U36/><E114/><V45/><F45/><W6/><G6/><T69/><D69/><U30/><E83/><V105/><F105/><W87/><G87/><T119/><D119/><U81/><E93/><V33/><F86/><W109/><G109/><T37/><D37/><U39/><E39/><V31/><F78/><W75/><G75/><N who="1" m="28746" /><E81/><V111/><F111/><W35/><G35/><T7/><D7/><U125/><E125/><V133/><F33/><W67/><G67/><AGARI ba="0,2" hai="5,8,12,24,28,32,58,63,67,76,77,79,88,90" machi="67" ten="40,2600,0" yaku="1,1,54,1,53,0" doraHai="117" doraHaiUra="64" who="0" fromWho="3" sc="176,46,250,0,314,0,240,-26" /><INIT seed="2,0,0,1,5,73" ten="222,250,314,214" oya="2" hai0="32,15,34,59,134,53,122,88,67,87,70,63,103" hai1="13,108,107,3,12,47,102,52,56,82,7,92,123" hai2="121,26,104,83,127,124,93,16,120,50,129,105,28" hai3="11,66,100,51,1,0,95,112,130,77,116,72,86"/><V18/><F129/><W117/><G72/><T115/><D122/><U80/><E107/><V101/><F93/><W96/><G66/><T125/><D115/><U49/><E123/><N who="2" m="47179" /><F50/><W110/><G112/><T69/><D69/><U89/><E3/><V21/><F101/><W84/><G130/><T20/><D103/><U91/><E108/><V58/><F58/><W78/><G51/><T97/><D97/><U17/><E102/><V39/><F39/><W2/><G11/><T36/><D36/><U133/><E133/><V46/><F46/><W31/><G110/><T43/><D134/><U9/><E47/><V81/><F104/><W68/><G68/><T29/><D43/><U33/><E91/><V44/><F44/><W61/><G61/><T60/><D125/><N who="2" m="48202" /><F105/><W38/><G38/><T109/><D109/><U113/><E113/><V30/><F83/><W90/><G84/><T24/><D15/><U54/><E54/><V135/><F81/><AGARI ba="0,0" hai="20,24,29,32,34,53,59,60,63,67,70,81,87,88" machi="81" ten="30,2000,0" yaku="7,1,54,1" doraHai="73" who="0" fromWho="2" sc="222,20,250,0,314,-20,214,0" /><INIT seed="3,0,0,2,1,43" ten="242,250,294,214" oya="3" hai0="89,126,131,9,10,15,104,63,41,120,87,90,11" hai1="78,60,103,69,44,84,121,83,71,98,95,112,101" hai2="4,75,67,76,99,129,17,57,34,42,33,40,39" hai3="128,106,65,72,85,133,7,86,54,70,29,88,94"/><W92/><G72/><T18/><D120/><U47/><E121/><V51/><F39/><W108/><G106/><T31/><D104/><U122/><E122/><V110/><F129/><W127/><G128/><T53/><D131/><U28/><E112/><V50/><F4/><W79/><G7/><T2/><D126/><U73/><E28/><V111/><F99/><W35/><G127/><T13/><D41/><U80/><E101/><V19/><F57/><W66/><G133/><T55/><D31/><U12/><E12/><V77/><F67/><W93/><G70/><T81/><D2/><U135/><E135/><V105/><F105/><W68/><G68/><T117/><D117/><U8/><E69/><V20/><F20/><W62/><G35/><T23/><D13/><U24/><E24/><V27/><F27/><W5/><G5/><T118/><D118/><U119/><E119/><V16/><F19/><W116/><G29/><T115/><D115/><U26/><E26/><V125/><REACH who="2" step="1"/><F75/><REACH who="2" ten="242,250,284,214" step="2"/><W0/><G116/><T37/><D37/><U102/><E102/><V22/><F22/><W38/><G38/><T45/><D23/><U59/><E71/><V130/><F130/><W114/><G114/><T36/><D36/><U56/><E8/><V14/><F14/><W97/><G0/><T134/><D15/><U109/><E59/><V61/><F61/><W100/><G65/><T124/><D18/><U48/><E60/><V6/><F6/><W49/><G62/><T64/><D63/><U82/><E73/><V1/><F1/><W91/><G66/><T123/><D64/><RYUUKYOKU ba="0,1" sc="242,-10,250,-10,284,30,214,-10" hai2="16,17,33,34,40,42,50,51,76,77,110,111,125" /><INIT seed="4,1,1,0,3,16" ten="232,240,314,204" oya="0" hai0="15,37,93,76,13,91,49,122,120,9,124,35,128" hai1="40,134,103,130,111,101,115,63,57,78,30,132,133" hai2="42,95,85,99,8,2,106,44,58,24,39,19,3" hai3="100,79,119,92,117,67,109,41,38,97,11,121,61"/><T72/><D37/><U69/><E111/><V110/><F106/><W66/><G109/><T59/><D35/><U0/><E0/><V80/><F110/><W88/><G79/><T10/><D128/><U4/><E4/><V113/><F58/><W53/><G67/><T71/><D71/><U84/><E69/><V83/><F83/><W62/><G62/><T64/><D124/><U54/><E130/><V21/><F8/><W29/><G53/><T50/><D72/><U36/><E115/><V107/><F107/><W34/><G121/><T18/><D76/><U46/><E30/><V17/><F17/><W14/><G41/><T31/><D31/><U1/><REACH who="1" step="1"/><E1/><REACH who="1" ten="232,230,314,204" step="2"/><V7/><F7/><W98/><G29/><T87/><D122/><U89/><E89/><V129/><F113/><W47/><G119/><T33/><D120/><U104/><E104/><V96/><F129/><W68/><G117/><T81/><D33/><U126/><E126/><V82/><F3/><W43/><G34/><T23/><D81/><AGARI ba="1,2" hai="36,40,46,54,57,63,78,81,84,101,103,132,133,134" machi="81" ten="40,5200,0" yaku="1,1,20,1,53,1" doraHai="16" doraHaiUra="51" who="1" fromWho="0" sc="232,-55,230,75,314,0,204,0" /><INIT seed="5,0,0,2,3,13" ten="177,305,314,204" oya="1" hai0="71,93,112,67,53,10,80,66,77,79,51,15,74" hai1="46,25,40,121,38,95,54,17,76,8,37,130,118" hai2="122,83,65,45,119,105,42,62,23,101,110,69,44" hai3="127,32,108,19,113,29,85,27,91,92,5,114,72"/><U109/><E118/><V86/><F122/><W60/><G108/><T43/><D112/><N who="3" m="43113" /><G5/><T111/><D111/><U59/><E121/><V129/><F110/><W3/><G3/><T103/><D71/><U30/><E109/><V50/><F129/><W128/><G128/><T11/><D43/><U63/><E76/><V57/><F101/><W84/><G127/><T12/><D103/><U2/><E130/><V7/><F105/><W16/><G72/><T96/><D79/><U125/><E125/><V48/><F7/><W9/><G9/><T6/><D93/><U94/><E38/><V134/><F134/><W123/><G123/><T28/><D96/><U24/><E2/><V97/><F97/><N who="3" m="57503" /><G60/><T18/><REACH who="0" step="1"/><D28/><REACH who="0" ten="167,305,314,204" step="2"/><U52/><E95/><V132/><F119/><W78/><G85/><T117/><D117/><U41/><E94/><V68/><F132/><W106/><G106/><T98/><D98/><U89/><E89/><V124/><F124/><W81/><AGARI ba="0,1" hai="16,19,27,29,32,78,81,84" m="57503,43113" machi="81" ten="30,7900,0" yaku="15,1,52,2,54,1" doraHai="13" who="3" fromWho="3" sc="167,-20,305,-39,314,-20,204,89" /><INIT seed="6,0,0,2,2,54" ten="147,266,294,293" oya="2" hai0="95,99,6,121,81,37,34,112,110,122,101,126,67" hai1="73,98,28,51,13,123,87,47,53,132,62,52,125" hai2="15,25,92,61,17,119,14,120,43,83,133,26,75" hai3="12,116,117,76,89,74,118,108,94,45,72,33,84"/><V114/><F119/><W104/><G33/><T18/><D110/><U65/><E73/><N who="3" m="28266" /><G45/><T66/><D37/><U9/><E125/><V11/><F120/><W107/><G12/><T70/><D126/><U82/><E123/><V102/><F43/><W2/><G2/><T10/><D34/><U1/><E1/><V131/><F131/><W63/><G63/><T106/><D81/><U27/><E98/><V38/><F38/><W129/><G129/><T35/><D35/><U64/><E132/><V85/><F133/><W115/><G115/><T30/><D30/><U80/><E80/><V32/><F32/><W55/><G55/><T77/><D77/><U42/><E27/><V23/><F61/><W50/><G50/><T127/><D127/><U3/><E28/><V48/><F48/><W113/><G113/><T134/><D134/><U46/><E3/><V68/><F68/><W21/><G21/><T100/><D18/><U7/><E47/><V29/><F114/><W39/><G39/><T49/><D49/><U88/><E65/><V109/><F109/><W79/><G108/><T8/><D112/><U128/><REACH who="1" step="1"/><E128/><REACH who="1" ten="147,256,294,293" step="2"/><V91/><F29/><W56/><G76/><T59/><D67/><U40/><E40/><V0/><F0/><W78/><G79/><T19/><D121/><U130/><E130/><V105/><F75/><W90/><G78/><T93/><D122/><U36/><E36/><V22/><F26/><W135/><G135/><T69/><D66/><U4/><E4/><N who="2" m="3431" /><F25/><W5/><G5/><T96/><D6/><U124/><E124/><V103/><F83/><RYUUKYOKU ba="0,1" sc="147,-10,256,30,294,-10,293,-10" hai1="7,9,13,42,46,51,52,53,62,64,82,87,88" /><INIT seed="7,1,1,5,4,30" ten="137,286,284,283" oya="3" hai0="53,102,55,116,71,84,62,33,91,69,0,131,111" hai1="73,16,110,104,83,68,98,134,52,18,14,115,65" hai2="70,37,24,27,86,34,57,87,5,42,127,47,31" hai3="89,135,6,67,82,25,79,128,94,9,54,113,90"/><W107/><G107/><T60/><D116/><U130/><E110/><V32/><F70/><W101/><G101/><T117/><D117/><U49/><E65/><V13/><F127/><W44/><G113/><T51/><D102/><U105/><E68/><V81/><F57/><W108/><G108/><T40/><D111/><U132/><E115/><V75/><F75/><W95/><G67/><T123/><D0/><U48/><E130/><V26/><F86/><N who="3" m="48479" /><G128/><T92/><D131/><U85/><E73/><V39/><F39/><W106/><G106/><T103/><D103/><N who="1" m="62583" /><E105/><V22/><F34/><W118/><G25/><T61/><D71/><U58/><E49/><N who="2" m="26871" /><F32/><W78/><G78/><T93/><D69/><U88/><E14/><V112/><F37/><W10/><G118/><T120/><D33/><U80/><E83/><V77/><F112/><W122/><G122/><T15/><D123/><U20/><E20/><V129/><F129/><W74/><G74/><T23/><D120/><U17/><E17/><V43/><F43/><W3/><G9/><AGARI ba="1,1" hai="5,9,13,22,24,26,27,31,77,81,87" m="26871" machi="9" ten="30,2000,0" yaku="25,1,8,1" doraHai="30" who="2" fromWho="3" sc="137,0,286,0,284,33,283,-23" owari="137,-36.0,286,9.0,317,41.0,260,-14.0" /></mjloggm>