<mjloggm ver="2.3"><GO type="225" lobby="0"/><UN n0="%5C%E3%81%AF%E3%81%A1%E3%81%8D%E3%82%87%E3%81%86%2F" n1="%E8%88%B9%E8%A6%8B%E7%B5%90%E8%A1%A3%E3%81%A1%E3%82%83%E3%82%93" n2="%E3%83%8A%E3%83%99%E3%83%AA%E3%83%B3" n3="%E7%90%B4%E8%91%89%E8%91%B5" dan="16,16,16,16" rate="2112.06,2151.83,2093.67,2075.79" sx="M,F,M,F"/><TAIKYOKU oya="0"/><INIT seed="0,0,0,1,1,72" ten="250,250,250,250" oya="0" hai0="132,98,16,14,111,58,12,28,68,24,120,69,83" hai1="106,2,18,125,124,46,22,51,101,99,74,67,131" hai2="27,10,57,105,128,17,34,44,100,84,36,52,119" hai3="73,42,35,88,61,5,122,38,80,54,49,126,77"/><T53/><D120/><U127/><E131/><V86/><F128/><W33/><G122/><T107/><D111/><U75/><E67/><V65/><F65/><W96/><G126/><T103/><D132/><U37/><E37/><V95/><F119/><W91/><G5/><T130/><D130/><U110/><E2/><V108/><F105/><W94/><G61/><T118/><D118/><U109/><E75/><V112/><F112/><W15/><G15/><T50/><D12/><N who="1" m="9543" /><E74/><V23/><F34/><W121/><G121/><T7/><D7/><U32/><E32/><V114/><F114/><W79/><G79/><T29/><D83/><U78/><E78/><V123/><F108/><N who="1" m="41577" /><E51/><V48/><F10/><W64/><G64/><T63/><D63/><U115/><E46/><V81/><F123/><W41/><G91/><T113/><D113/><AGARI ba="0,0" hai="99,101,106,113,115,124,125,127" m="41577,9543" machi="113" ten="40,2600,0" yaku="18,1,14,1" doraHai="72" who="1" fromWho="0" sc="250,-26,250,26,250,0,250,0" /><INIT seed="1,0,0,4,0,85" ten="224,276,250,250" oya="1" hai0="96,82,130,114,75,2,78,132,95,54,25,34,68" hai1="42,90,51,118,33,83,53,79,84,0,44,108,11" hai2="128,12,89,91,3,121,73,16,80,71,22,65,86" hai3="115,76,66,9,111,56,81,129,61,63,26,4,72"/><U77/><E118/><V105/><F121/><W23/><G129/><T45/><D130/><U43/><E33/><V125/><F128/><W112/><G111/><T106/><D114/><U98/><E108/><V8/><F105/><W39/><G39/><T60/><D2/><U113/><E113/><V102/><F102/><W69/><G69/><T74/><D74/><U117/><E117/><V116/><F116/><W10/><G63/><T21/><D34/><U50/><E0/><V119/><F119/><W93/><G93/><T6/><D6/><U135/><E135/><V27/><F3/><W55/><G66/><T41/><D132/><U29/><E29/><V109/><F109/><W37/><G37/><T7/><D7/><U31/><E31/><V52/><F73/><W123/><G123/><T40/><D106/><U99/><E11/><V59/><F71/><W62/><G62/><T67/><D54/><U46/><E53/><V24/><F125/><W48/><G61/><T124/><D45/><U17/><E17/><N who="2" m="8327" /><F65/><W49/><G115/><T18/><REACH who="0" step="1"/><D124/><REACH who="0" ten="214,276,250,250" step="2"/><U70/><E70/><V58/><F52/><N who="3" m="31751" /><G112/><T134/><D134/><U100/><E100/><AGARI ba="0,1" hai="18,21,25,40,41,60,67,68,75,78,82,95,96,100" machi="100" ten="30,3900,0" yaku="1,1,7,1,53,1" doraHai="85" doraHaiUra="88" who="0" fromWho="1" sc="214,49,276,-39,250,0,250,0" /><INIT seed="2,0,0,1,5,114" ten="263,237,250,250" oya="2" hai0="37,99,110,27,132,100,75,25,70,92,131,84,63" hai1="36,86,134,121,29,95,4,98,73,66,111,12,124" hai2="107,113,88,51,31,81,116,32,10,93,28,102,69" hai3="3,61,19,128,21,127,79,55,47,14,96,80,106"/><V126/><F113/><W17/><G3/><T104/><D110/><U5/><E36/><V77/><F69/><W0/><G0/><T56/><D70/><U112/><E73/><V11/><F116/><W120/><G120/><T45/><D131/><U129/><E121/><V52/><F107/><W24/><G128/><T44/><D132/><U41/><E112/><V6/><F102/><W91/><G127/><T58/><D75/><U85/><E124/><V119/><F119/><W23/><G106/><T40/><D45/><U50/><E134/><V42/><F42/><W20/><G79/><T72/><D72/><U54/><E129/><V108/><F108/><W115/><G115/><T94/><D58/><N who="1" m="33111" /><E111/><V7/><F32/><W90/><G21/><T125/><D125/><U71/><E71/><V16/><F81/><W22/><G22/><T135/><D135/><U35/><E35/><V87/><F77/><W46/><G80/><T68/><D68/><U130/><E130/><V123/><F123/><W2/><G2/><T122/><D122/><U8/><E66/><V33/><F33/><W67/><G67/><T64/><D104/><U103/><E29/><N who="2" m="11339" /><F126/><W62/><G90/><T18/><D18/><N who="1" m="8455" /><E41/><V117/><F117/><W9/><G9/><N who="2" m="3081" /><F16/><W89/><G89/><T78/><D78/><U109/><E109/><V133/><F133/><W49/><G62/><T34/><D34/><U101/><E103/><V1/><F1/><W105/><G61/><T74/><D74/><U65/><E65/><V97/><F97/><W38/><G105/><T26/><D92/><U83/><E83/><RYUUKYOKU ba="0,0" sc="263,10,237,10,250,10,250,-30" hai0="25,26,27,37,40,44,56,63,64,84,94,99,100" hai1="4,5,85,86,95,98,101" hai2="6,7,51,52,87,88,93" /><INIT seed="2,1,0,2,0,108" ten="273,247,260,220" oya="2" hai0="94,78,14,32,95,135,97,45,5,48,44,64,17" hai1="77,120,61,86,26,50,49,107,69,121,10,123,39" hai2="16,29,27,127,111,99,43,0,20,132,9,75,89" hai3="37,24,82,11,13,15,41,28,80,114,63,68,98"/><V122/><F122/><N who="1" m="31233" /><U112/><DORA hai="96" /><E112/><V110/><F75/><W87/><G41/><T125/><D32/><U47/><E107/><V106/><F127/><W4/><G37/><T31/><D125/><U109/><E109/><N who="2" m="41483" /><F132/><W91/><G114/><T131/><D31/><U85/><E10/><V22/><F43/><W84/><G98/><T116/><D5/><U88/><E39/><V92/><F106/><W34/><G63/><T8/><D135/><U66/><E26/><V72/><F72/><W19/><G68/><T126/><D126/><U103/><E103/><V7/><F22/><W46/><G46/><T117/><D64/><U93/><E47/><V101/><F89/><W54/><G54/><T119/><D45/><U56/><E69/><V130/><F130/><W81/><REACH who="3" step="1"/><G91/><REACH who="3" ten="273,247,260,210" step="2"/><T128/><D44/><U42/><E42/><V124/><F124/><W23/><AGARI ba="1,1" hai="4,11,13,15,19,23,24,28,34,80,81,82,84,87" machi="23" ten="30,7900,0" yaku="1,1,2,1,0,1,53,1" doraHai="108,96" doraHaiUra="35,6" who="3" fromWho="3" sc="273,-21,247,-21,260,-40,210,92" /><INIT seed="3,0,0,3,3,56" ten="252,226,220,302" oya="3" hai0="9,35,103,43,87,131,37,60,97,29,81,57,122" hai1="17,50,1,95,128,45,46,15,66,67,84,116,100" hai2="4,127,91,86,83,119,80,99,117,59,28,75,108" hai3="68,51,55,101,90,88,19,129,22,69,118,132,2"/><W40/><G118/><T41/><D122/><U111/><E1/><V121/><F4/><W92/><G2/><T82/><D131/><U107/><E128/><V134/><F28/><W20/><G129/><T71/><D71/><U49/><E116/><N who="2" m="44619" /><F59/><W130/><G130/><T44/><D43/><N who="1" m="24799" /><E107/><V18/><F18/><W89/><G40/><T32/><D9/><N who="1" m="6383" /><E111/><V133/><F108/><W113/><G113/><T34/><D29/><U31/><E31/><V115/><F115/><W64/><G69/><T74/><D74/><U78/><E78/><N who="2" m="44127" /><F121/><W0/><G0/><T63/><D57/><U27/><E27/><V135/><F99/><W47/><G68/><T126/><D126/><AGARI ba="0,0" hai="83,86,91,126,127,133,134,135" m="44127,44619" machi="126" ten="40,5200,0" yaku="20,1,34,2" doraHai="56" who="2" fromWho="0" sc="252,-52,226,0,220,52,302,0" owari="200,-30.0,226,-17.0,272,7.0,302,40.0" /></mjloggm>