<mjloggm ver="2.3"><GO type="169" lobby="0"/><UN n0="%E6%B3%A2%E7%91%A0" n1="%E3%81%8F%E3%81%86%E3%81%9F%E3%82%8D" n2="%73%61%6E%64%69%72%69%73" n3="%E9%BA%BB%E9%9B%80%E7%A0%94%E7%A9%B6%E9%83%A8" dan="16,17,17,16" rate="2163.95,2177.40,2221.97,2178.64" sx="F,M,M,F"/><TAIKYOKU oya="0"/><INIT seed="0,0,0,0,1,130" ten="250,250,250,250" oya="0" hai0="57,102,32,124,14,90,97,1,80,94,9,86,95" hai1="84,66,120,20,28,69,92,109,129,99,101,30,33" hai2="78,88,82,71,5,125,41,8,61,50,45,108,75" hai3="79,113,34,29,132,7,114,36,93,68,128,122,31"/><T10/><D32/><U74/><E109/><V44/><F108/><W65/><G122/><T15/><D1/><U25/><E74/><V26/><F125/><W12/><G93/><T2/><D2/><U42/><E120/><V37/><F26/><N who="3" m="18743" /><G12/><N who="0" m="4651" /><D124/><U83/><E129/><V100/><F100/><W59/><G31/><T119/><D119/><U105/><E42/><V56/><F71/><W18/><G59/><T64/><D95/><U107/><E30/><V104/><F104/><W49/><G49/><T19/><D19/><U39/><E39/><V3/><F88/><W62/><G36/><T103/><D103/><U117/><E117/><V58/><REACH who="2" step="1"/><F61/><AGARI ba="0,0" hai="9,10,57,61,64,80,86,90,94,97,102" m="4651" machi="61" ten="30,1500,0" yaku="8,1" doraHai="130" who="0" fromWho="2" sc="250,15,250,0,250,-15,250,0" /><INIT seed="0,1,0,0,0,59" ten="265,250,235,250" oya="0" hai0="39,31,72,103,86,48,10,81,132,99,15,14,91" hai1="102,65,89,46,9,110,73,104,36,66,17,61,57" hai2="55,16,111,131,27,130,2,128,119,79,50,5,106" hai3="8,101,51,93,11,35,135,76,1,112,4,29,64"/><T84/><D72/><U45/><E110/><V95/><F106/><W24/><G135/><T126/><D39/><U85/><E73/><V92/><F111/><W58/><G112/><T88/><D132/><U82/><E36/><V83/><F119/><W22/><G76/><T74/><D74/><U94/><E104/><V49/><F5/><W52/><G8/><T113/><D113/><U67/><E102/><V133/><F2/><W32/><REACH who="3" step="1"/><G64/><REACH who="3" ten="265,250,235,240" step="2"/><T122/><D10/><U80/><E67/><V43/><F133/><W33/><G33/><T60/><D122/><U0/><E66/><V25/><F79/><W19/><G19/><T77/><D77/><U38/><E17/><V47/><F16/><W134/><G134/><T56/><D31/><U100/><E9/><V30/><F30/><W62/><G62/><T116/><D116/><U97/><E61/><V54/><F131/><W75/><G75/><T115/><D115/><U28/><E65/><V90/><F130/><W12/><G12/><T40/><D14/><U129/><E129/><V120/><F120/><W123/><G123/><T42/><D15/><U37/><E28/><V105/><F128/><W127/><G127/><T98/><D126/><U21/><E0/><V121/><F121/><W7/><G7/><T34/><D34/><U78/><E78/><V68/><F68/><W44/><G44/><T41/><D60/><U70/><E70/><V26/><F47/><W3/><G3/><T117/><D117/><U6/><E46/><V20/><F20/><W118/><G118/><T107/><D48/><U125/><E125/><RYUUKYOKU ba="1,1" sc="265,-10,250,-10,235,-10,240,30" hai3="1,4,11,22,24,29,32,35,51,52,58,93,101" /><INIT seed="1,2,1,0,0,131" ten="255,240,225,270" oya="1" hai0="41,111,32,40,85,22,36,91,61,17,116,18,96" hai1="92,20,59,98,93,53,57,14,101,129,60,68,119" hai2="47,73,67,74,26,112,43,54,49,50,48,83,102" hai3="135,86,114,81,100,34,117,87,70,89,130,84,13"/><U115/><E129/><V103/><F112/><W12/><G130/><T38/><D32/><U110/><E115/><V63/><F26/><W31/><G114/><T19/><D116/><U62/><E119/><V56/><F50/><W79/><G70/><T29/><D96/><U55/><E110/><V113/><F113/><W30/><G100/><T95/><D111/><U121/><E68/><V123/><F123/><W71/><G71/><T10/><D10/><U1/><E1/><V3/><F3/><W105/><G105/><T28/><D61/><U80/><E121/><V66/><F66/><W6/><G34/><T77/><D77/><U76/><E93/><V94/><F83/><W58/><G12/><T46/><D22/><U109/><E109/><V7/><F7/><W132/><G58/><T42/><REACH who="0" step="1"/><D46/><REACH who="0" ten="245,240,225,270" step="2"/><U106/><E106/><V24/><F63/><W107/><G117/><T134/><D134/><N who="3" m="51241" /><G107/><T122/><D122/><U27/><E20/><V21/><F21/><W125/><G125/><T51/><D51/><U75/><E14/><V99/><F49/><W65/><G65/><T97/><D97/><U39/><E27/><V23/><F23/><W120/><G120/><T108/><D108/><U44/><E44/><V72/><F24/><W35/><G35/><T0/><D0/><U33/><E33/><V11/><F67/><W4/><G13/><T69/><D69/><U127/><E127/><V52/><F11/><W25/><G79/><T15/><D15/><U128/><E128/><V16/><F47/><W118/><G118/><T78/><D78/><U126/><E126/><RYUUKYOKU ba="2,2" sc="245,15,240,15,225,-15,270,-15" hai0="17,18,19,28,29,36,38,40,41,42,85,91,95" hai1="39,53,55,57,59,60,62,75,76,80,92,98,101" /><INIT seed="1,3,2,3,3,126" ten="260,255,210,255" oya="1" hai0="11,72,121,14,75,18,70,50,24,100,12,74,90" hai1="21,115,104,129,76,83,25,132,106,125,68,64,6" hai2="4,114,111,95,94,84,109,116,27,60,103,10,80" hai3="23,93,119,92,1,45,123,91,41,57,16,82,107"/><U118/><E115/><V2/><F116/><W15/><G123/><T42/><D70/><U85/><E118/><V46/><F114/><W63/><G119/><T122/><D100/><U69/><E125/><V51/><F60/><W128/><G107/><N who="1" m="41002" /><E6/><V20/><F103/><W135/><G1/><T96/><D24/><U79/><E79/><V26/><F95/><W56/><G135/><T127/><D127/><U86/><E86/><V5/><F94/><W108/><G108/><N who="2" m="41545" /><F20/><W39/><G128/><T52/><D42/><U8/><E8/><V77/><F5/><W38/><G38/><T66/><D66/><U73/><E73/><V88/><F77/><W112/><G112/><T124/><D124/><U71/><E64/><V53/><AGARI ba="3,2" hai="2,4,10,26,27,46,51,53,80,84,88" m="41545" machi="53" ten="30,2000,0" yaku="14,1,54,1" doraHai="126" who="2" fromWho="2" sc="260,-8,255,-13,210,49,255,-8" /><INIT seed="2,0,0,4,1,107" ten="252,242,259,247" oya="2" hai0="132,9,81,18,14,13,80,29,71,4,51,97,78" hai1="129,66,45,75,15,21,68,1,64,69,30,91,76" hai2="104,33,37,49,55,48,77,133,100,41,79,90,115" hai3="117,105,120,94,131,58,74,2,113,128,38,39,119"/><V43/><F115/><W65/><G2/><T42/><D71/><U59/><E1/><V22/><F33/><W26/><G105/><T121/><D121/><U53/><E129/><N who="3" m="49738" /><G26/><T46/><D132/><U62/><E91/><V47/><F133/><W95/><G113/><T0/><D29/><U24/><E64/><V27/><F37/><N who="3" m="13835" /><G58/><T40/><D0/><U34/><E34/><V87/><F100/><W70/><G65/><T82/><D97/><U23/><E45/><V127/><F104/><W102/><G102/><T3/><D3/><U31/><E66/><V16/><F127/><W111/><G70/><T126/><D126/><U114/><E114/><V12/><F27/><W123/><G74/><T116/><D116/><N who="3" m="44617" /><G111/><T10/><REACH who="0" step="1"/><D42/><REACH who="0" ten="242,242,259,247" step="2"/><U122/><E31/><V5/><F43/><W50/><G50/><T103/><D103/><U98/><E68/><V99/><F99/><W130/><G130/><T88/><D88/><U106/><E69/><V19/><F49/><W20/><G123/><T56/><D56/><U73/><E122/><V72/><F41/><W112/><G120/><T109/><D109/><U124/><E124/><V60/><F48/><W36/><G36/><T52/><D52/><U28/><E28/><V61/><F55/><W6/><G112/><T35/><D35/><U86/><E98/><V110/><F90/><W118/><G118/><T108/><D108/><U57/><E57/><V44/><F110/><W63/><G63/><T7/><D7/><U134/><E62/><V92/><F61/><W93/><G6/><T85/><AGARI ba="0,1" hai="4,9,10,13,14,18,40,46,51,78,80,81,82,85" machi="85" ten="20,16000,3" yaku="1,1,0,1,7,1,25,2,8,1,53,2" doraHai="107" doraHaiUra="8" who="0" fromWho="0" sc="242,170,242,-40,259,-80,247,-40" /><INIT seed="3,0,0,4,2,101" ten="412,202,179,207" oya="3" hai0="131,33,106,25,15,45,99,73,12,126,120,0,92" hai1="21,111,123,84,7,66,50,59,3,104,122,68,118" hai2="124,24,71,22,14,79,82,89,53,19,30,20,75" hai3="8,41,48,94,127,105,107,80,10,133,121,35,135"/><W44/><G121/><T77/><D0/><U37/><E37/><V87/><F124/><W76/><G35/><T125/><D120/><U134/><E111/><V81/><F71/><W90/><G127/><T70/><D70/><U86/><E134/><N who="3" m="51210" /><G8/><T27/><D131/><U36/><E36/><V95/><F53/><W49/><G48/><T39/><D39/><U103/><E118/><V113/><F113/><W63/><G10/><T98/><D33/><U9/><E84/><V38/><F38/><W51/><G49/><T1/><D1/><U18/><E86/><V42/><F42/><W43/><G63/><T47/><D45/><U23/><E23/><V55/><F55/><W110/><G41/><T17/><D47/><U58/><E58/><V4/><F4/><W100/><G100/><T85/><D126/><U56/><E56/><V78/><F75/><N who="3" m="43039" /><G110/><T52/><D52/><N who="1" m="32151" /><E66/><V132/><F132/><W72/><G72/><T91/><D73/><U60/><E60/><V69/><F69/><W93/><G93/><T54/><D92/><U67/><E67/><V34/><F34/><W115/><G115/><T108/><D54/><U6/><E6/><V32/><F32/><W96/><AGARI ba="0,0" hai="43,44,51,90,94,96,105,107" m="43039,51210" machi="96" ten="30,6000,0" yaku="20,1,52,2" doraHai="101" who="3" fromWho="3" sc="412,-20,202,-20,179,-20,207,60" /><INIT seed="3,1,0,2,5,68" ten="392,182,159,267" oya="3" hai0="54,74,6,46,134,29,108,126,19,23,90,127,36" hai1="107,5,104,115,112,79,17,14,30,50,95,10,84" hai2="58,25,105,22,53,133,128,60,102,55,21,82,39" hai3="44,85,45,12,117,64,18,62,94,124,67,31,111"/><W35/><G124/><T63/><D74/><U26/><E107/><V75/><F133/><W56/><G117/><T61/><D29/><U83/><E104/><V73/><F128/><W49/><G111/><T70/><D6/><U93/><E112/><V91/><F102/><W103/><G64/><T109/><D90/><U89/><E115/><V113/><F105/><W92/><G92/><T34/><D34/><U8/><E89/><V42/><F113/><W9/><G31/><T57/><D63/><U41/><E17/><V130/><F130/><W33/><G45/><T48/><D70/><U129/><E10/><V116/><F22/><W32/><G85/><T114/><D114/><U20/><E129/><V4/><F4/><W51/><REACH who="3" step="1"/><G44/><AGARI ba="1,0" hai="5,8,14,20,26,30,41,44,50,79,83,84,93,95" machi="44" ten="40,5200,0" yaku="25,2,8,1" doraHai="68" who="1" fromWho="3" sc="392,0,182,55,159,0,267,-55" /><INIT seed="4,0,0,4,2,42" ten="392,237,159,212" oya="0" hai0="81,86,7,32,39,10,82,77,40,53,55,89,64" hai1="101,75,116,63,8,47,16,68,50,93,121,21,51" hai2="104,71,88,2,74,52,115,57,43,130,25,59,85" hai3="28,12,70,41,73,58,114,91,96,69,72,67,62"/><T35/><D64/><U56/><E116/><V19/><F74/><W98/><G114/><T132/><D132/><U103/><E121/><V11/><F115/><W112/><G112/><T131/><D131/><U36/><E75/><V54/><F104/><W95/><G28/><T65/><D65/><N who="1" m="39143" /><E36/><V15/><F71/><W127/><G127/><T100/><D100/><U18/><E51/><V60/><F130/><W26/><G12/><T108/><D108/><U123/><E68/><V44/><F2/><W111/><G111/><T84/><D35/><U128/><E93/><V124/><F124/><W133/><G26/><T120/><D32/><U33/><E33/><V31/><F25/><W14/><G72/><T83/><D83/><U107/><E107/><V37/><F31/><W106/><G73/><T117/><D117/><U66/><E66/><V119/><F119/><W0/><G0/><T23/><D120/><U118/><E123/><V17/><F17/><W46/><G14/><T126/><D126/><U135/><E135/><V122/><F122/><W129/><G133/><T22/><D55/><N who="1" m="30175" /><E128/><V79/><F79/><W92/><G106/><T29/><D53/><U45/><E118/><V61/><F85/><W49/><REACH who="3" step="1"/><G129/><REACH who="3" ten="392,237,159,202" step="2"/><T80/><D77/><U38/><E18/><V13/><F13/><W105/><G105/><T134/><D134/><U76/><E16/><V34/><F34/><W113/><G113/><T3/><D3/><U125/><E125/><V102/><F102/><AGARI ba="0,1" hai="41,46,49,58,62,67,69,70,91,92,95,96,98,102" machi="102" ten="30,8000,1" yaku="1,1,7,1,52,1,53,2" doraHai="42" doraHaiUra="94" who="3" fromWho="2" sc="392,0,237,0,159,-80,202,90" /><INIT seed="5,0,0,5,4,55" ten="392,237,79,292" oya="1" hai0="81,92,95,32,107,26,89,66,99,118,36,103,12" hai1="35,54,48,121,40,19,72,110,7,94,6,44,38" hai2="80,24,29,57,112,84,51,87,101,68,33,85,49" hai3="69,14,116,25,109,131,50,58,90,27,134,133,82"/><U130/><E121/><V108/><F68/><W37/><G109/><T119/><D36/><U15/><E72/><V70/><F70/><W132/><G69/><T128/><D66/><U91/><E35/><V78/><F108/><W126/><G131/><T74/><D12/><U111/><E130/><V73/><F101/><W60/><G126/><T21/><D32/><U98/><E111/><V43/><F43/><W46/><G37/><T62/><D62/><U10/><REACH who="1" step="1"/><E110/><REACH who="1" ten="392,227,79,292" step="2"/><V1/><F112/><W28/><G132/><T117/><D128/><U102/><E102/><V71/><F71/><W20/><G133/><T76/><D117/><U129/><E129/><V135/><F135/><W18/><G116/><T53/><D118/><U114/><E114/><V42/><F1/><W127/><G134/><T124/><D119/><U13/><E13/><V105/><F73/><W104/><G14/><T0/><D0/><U59/><AGARI ba="0,1" hai="6,7,10,15,19,38,40,44,48,54,59,91,94,98" machi="59" ten="20,7800,0" yaku="1,1,0,1,7,1,52,1,53,0" doraHai="55" doraHaiUra="83" who="1" fromWho="1" sc="392,-26,227,88,79,-26,292,-26" /><INIT seed="5,1,0,2,4,132" ten="366,315,53,266" oya="1" hai0="121,24,77,105,22,96,104,4,21,98,43,39,75" hai1="6,86,126,64,100,51,115,63,91,134,80,17,131" hai2="5,15,94,82,23,41,69,112,118,36,60,106,120" hai3="70,72,10,113,97,44,87,92,108,81,30,125,88"/><U73/><E115/><V56/><F120/><W48/><G108/><T11/><D121/><U76/><E134/><V67/><F118/><W33/><G113/><T83/><D105/><U116/><E116/><V47/><F112/><W90/><G70/><T114/><D114/><U65/><E131/><V1/><F106/><W119/><G119/><T110/><D110/><U66/><E6/><V42/><F42/><W8/><G72/><T46/><D104/><U122/><E100/><V7/><F1/><W50/><G50/><T37/><D39/><U111/><E122/><V79/><F94/><W74/><G74/><T55/><D55/><U71/><E111/><V20/><F69/><W13/><G30/><T133/><D133/><U53/><E17/><V38/><F38/><W27/><G33/><T135/><D135/><U127/><E63/><V49/><F36/><W85/><G27/><T107/><D107/><U2/><E2/><V117/><F117/><W95/><G13/><T84/><D84/><U18/><E18/><V26/><F15/><W16/><G16/><N who="0" m="12327" /><D22/><N who="2" m="8234" /><F26/><W129/><G129/><T128/><D128/><U109/><E71/><V40/><F40/><W59/><G8/><T9/><D9/><U93/><REACH who="1" step="1"/><E109/><REACH who="1" ten="366,305,53,266" step="2"/><V14/><F14/><W102/><G102/><T58/><D4/><U130/><E130/><V54/><F67/><W99/><G90/><T31/><D11/><U25/><E25/><V62/><F62/><W0/><G88/><T52/><D31/><U32/><E32/><V3/><F3/><W29/><G0/><T19/><D19/><U57/><AGARI ba="1,1" hai="51,53,57,64,65,66,73,76,80,86,91,93,126,127" machi="57" ten="30,12000,1" yaku="1,1,5,1,0,1,52,2,53,0" doraHai="132" doraHaiUra="34" who="1" fromWho="1" sc="366,-41,305,133,53,-41,266,-41" /><INIT seed="5,2,0,0,1,51" ten="325,438,12,225" oya="1" hai0="36,84,60,14,56,66,57,59,42,129,55,31,15" hai1="116,124,94,6,73,123,100,71,24,70,113,49,111" hai2="23,50,28,102,16,44,4,77,9,27,69,35,68" hai3="39,93,132,11,21,83,37,125,2,43,114,81,25"/><U20/><E116/><V135/><F135/><W5/><G125/><T98/><D129/><U126/><E123/><V8/><F102/><W104/><G104/><T76/><D98/><N who="1" m="59479" /><E73/><V22/><F77/><W86/><G132/><T89/><D76/><U80/><E80/><V103/><F103/><W105/><G105/><T7/><D31/><N who="1" m="17799" /><E113/><V133/><F133/><W99/><G81/><T33/><D33/><U101/><E101/><V40/><F23/><W34/><G34/><T41/><D36/><U87/><E87/><V52/><F40/><N who="0" m="15466" /><D66/><U112/><E112/><V74/><F74/><W85/><G83/><N who="0" m="49311" /><D7/><U18/><E6/><V10/><REACH who="2" step="1"/><F4/><REACH who="2" ten="325,438,2,225" step="2"/><W53/><G5/><T32/><D32/><U26/><E126/><V79/><F79/><W75/><G75/><T110/><D110/><U91/><E111/><V120/><F120/><W122/><G122/><T128/><D128/><U61/><E124/><V130/><F130/><W12/><G43/><T46/><D60/><U48/><E61/><V121/><F121/><W88/><G114/><T134/><D134/><U115/><E115/><V78/><F78/><W29/><G21/><T107/><D107/><U65/><E91/><V1/><F1/><W19/><G88/><T131/><D131/><U0/><E0/><V97/><F97/><W109/><G99/><T127/><D127/><U64/><E71/><V106/><F106/><W96/><G96/><T117/><D117/><U72/><E70/><V54/><F54/><W38/><G39/><T95/><D95/><U119/><E119/><V17/><F17/><N who="3" m="8351" /><G37/><T108/><D108/><RYUUKYOKU ba="2,1" sc="325,15,438,-15,2,15,225,-15" hai0="14,15,46,55,56,57,59" hai2="8,9,10,16,22,27,28,35,44,50,52,68,69" /><INIT seed="6,3,1,1,1,12" ten="340,423,17,210" oya="2" hai0="89,127,128,114,75,88,134,46,70,71,7,119,84" hai1="82,77,50,83,5,57,53,2,19,94,69,91,98" hai2="6,40,31,73,8,17,108,67,36,125,107,24,58" hai3="10,32,100,16,55,56,26,30,120,64,115,116,14"/><V121/><F121/><W132/><G120/><T0/><D75/><U97/><E69/><V27/><F107/><W9/><G116/><T54/><D119/><U66/><E66/><V43/><F73/><W131/><G131/><T11/><D128/><U105/><E2/><V49/><F36/><W80/><G132/><T51/><D114/><U47/><E5/><V81/><F125/><W25/><G64/><T117/><D134/><U103/><E77/><V1/><F108/><W122/><G122/><T52/><D127/><U112/><E112/><V99/><F81/><W13/><G100/><T109/><D117/><U18/><E82/><V44/><F99/><W21/><G80/><T59/><D89/><U4/><E83/><V45/><F31/><N who="3" m="19567" /><G55/><T60/><REACH who="0" step="1"/><D109/><REACH who="0" ten="330,423,17,210" step="2"/><U118/><E118/><V37/><REACH who="2" step="1"/><F17/><REACH who="2" ten="330,423,7,210" step="2"/><W111/><G111/><T23/><D23/><U90/><E18/><V20/><F20/><W126/><G126/><T15/><D15/><U39/><E19/><V102/><F102/><W22/><G115/><T34/><D34/><U48/><E39/><V95/><F95/><AGARI ba="3,3" hai="0,7,11,46,51,52,54,59,60,70,71,84,88,95" machi="95" ten="30,7700,0" yaku="1,1,7,1,54,2,53,0" doraHai="12" doraHaiUra="101" who="0" fromWho="2" sc="330,116,423,0,7,-86,210,0" owari="446,55.0,423,22.0,-79,-58.0,210,-19.0" /></mjloggm>