<mjloggm ver="2.3"><GO type="169" lobby="0"/><UN n0="%52%45%49%4E%E6%A3%AE%E4%B9%85%E4%BF%9D%50" n1="%E3%81%BE%E3%81%99%E3%81%9E%E3%81%88" n2="%E6%9D%91%E6%9D%BE%E3%80%90%E6%9C%AC%E7%89%A9%E3%80%91" n3="%E3%81%A6%E3%82%93%E3%81%A6%E3%81%93%E7%8B%90" dan="16,16,16,16" rate="2137.70,2104.18,2113.41,2169.73" sx="M,M,M,M"/><TAIKYOKU oya="0"/><INIT seed="0,0,0,0,5,109" ten="250,250,250,250" oya="0" hai0="43,127,65,94,25,7,101,42,124,3,118,97,32" hai1="120,119,15,37,107,69,64,92,53,66,62,84,6" hai2="13,98,108,40,48,91,49,93,52,90,58,17,100" hai3="82,88,0,61,19,104,68,80,22,95,73,89,34"/><T130/><D118/><U45/><E107/><V9/><REACH who="2" step="1"/><F108/><REACH who="2" ten="250,250,240,250" step="2"/><W111/><G111/><T132/><D130/><U129/><E119/><V77/><F77/><W81/><G73/><T31/><D132/><U56/><E129/><V33/><F33/><W131/><G34/><T35/><D35/><U59/><E120/><V125/><F125/><N who="0" m="48202" /><D65/><U67/><E6/><V36/><F36/><W30/><G131/><T105/><D105/><U46/><E15/><V71/><F71/><W55/><G104/><T134/><D134/><U76/><E76/><V54/><F54/><W99/><G0/><T38/><D38/><U29/><E92/><V74/><F74/><W117/><G117/><T10/><AGARI ba="0,1" hai="3,7,10,25,31,32,42,43,94,97,101" m="48202" machi="10" ten="30,1500,0" yaku="18,1" doraHai="109" who="0" fromWho="0" sc="250,25,250,-5,240,-5,250,-5" /><INIT seed="0,1,0,4,3,110" ten="275,245,235,245" oya="0" hai0="90,106,15,21,78,47,96,98,3,29,113,45,99" hai1="83,18,127,17,126,53,30,16,79,56,26,24,112" hai2="134,9,66,68,91,57,31,82,58,116,39,63,73" hai3="33,72,135,40,23,133,119,77,35,22,7,59,36"/><T12/><D3/><U130/><E130/><V38/><F134/><N who="3" m="51211" /><G59/><T109/><D113/><U43/><E43/><V93/><F116/><W51/><G51/><T81/><D109/><U128/><E128/><V103/><F103/><W2/><G119/><T94/><D106/><U117/><E117/><V61/><F9/><N who="3" m="2295" /><G22/><T60/><D60/><U121/><E121/><V120/><F120/><W1/><G23/><T10/><D29/><U14/><E112/><V102/><F31/><W64/><G64/><T86/><D21/><N who="1" m="15631" /><E26/><V13/><F68/><W75/><G1/><T48/><D15/><U104/><E104/><V124/><F13/><W20/><G20/><T89/><D89/><U27/><E27/><V125/><F38/><W5/><G5/><T34/><D34/><N who="3" m="12809" /><G77/><T71/><D71/><U37/><E37/><V74/><F39/><W97/><G97/><T107/><D107/><U87/><E56/><V129/><F129/><W65/><G65/><T62/><D62/><U115/><E115/><V32/><F57/><W41/><G41/><T52/><REACH who="0" step="1"/><D47/><AGARI ba="1,0" hai="36,40,47,72,75" m="12809,2295,51211" machi="47" ten="30,2000,0" yaku="20,1,23,1" doraHai="110" who="3" fromWho="0" sc="275,-23,245,0,235,0,245,23" /><INIT seed="1,0,0,5,1,20" ten="252,245,235,268" oya="1" hai0="104,101,40,110,73,39,17,130,54,90,75,72,122" hai1="47,71,16,114,48,38,41,126,121,123,0,53,7" hai2="23,55,82,19,26,51,9,62,86,125,45,116,22" hai3="95,63,57,112,106,107,32,127,83,133,74,25,13"/><U135/><E71/><V56/><F125/><W99/><G112/><T92/><D39/><U76/><E126/><V33/><F116/><W61/><G127/><T3/><D40/><U49/><E114/><V115/><F115/><W120/><G120/><T24/><D3/><U30/><E135/><V118/><F118/><W80/><G133/><T105/><D122/><U65/><E65/><V134/><F134/><W131/><G131/><T113/><D113/><U15/><E76/><V29/><F9/><W66/><G13/><T1/><D1/><U102/><E102/><V43/><REACH who="2" step="1"/><F19/><REACH who="2" ten="252,245,225,268" step="2"/><W21/><G107/><T129/><D105/><U77/><E123/><V124/><F124/><W46/><G106/><T109/><D17/><U84/><E121/><V60/><F60/><W79/><G61/><T98/><D130/><U31/><E7/><V100/><F100/><W28/><G32/><T5/><D129/><U35/><E35/><V18/><F18/><W59/><G63/><T69/><D5/><U67/><E0/><V91/><AGARI ba="0,1" hai="22,23,26,29,33,43,45,51,55,56,62,82,86,91" machi="91" ten="20,8000,1" yaku="1,1,0,1,7,1,52,1,53,1" doraHai="20" doraHaiUra="50" who="2" fromWho="2" sc="252,-20,245,-40,225,90,268,-20" /><INIT seed="2,0,0,5,1,10" ten="232,205,315,248" oya="2" hai0="24,30,34,37,13,111,47,88,4,51,61,35,44" hai1="12,48,134,27,86,82,20,41,2,14,85,96,112" hai2="109,113,17,76,81,31,90,123,124,15,125,105,84" hai3="53,80,103,126,63,29,8,78,83,60,130,45,64"/><V108/><F105/><W66/><G130/><T57/><D111/><N who="2" m="42570" /><F31/><W118/><G118/><T95/><D35/><U42/><E2/><V32/><F32/><W49/><G126/><N who="2" m="48745" /><F123/><W39/><G39/><T117/><D37/><U89/><E134/><V104/><F104/><W93/><G29/><T43/><D44/><U52/><E112/><V22/><F113/><W75/><G75/><T94/><D117/><U132/><E132/><V59/><F59/><W65/><G78/><AGARI ba="0,0" hai="15,17,22,76,78,81,84,90" m="48745,42570" machi="78" ten="30,11600,0" yaku="14,1,10,1,18,1,52,1" doraHai="10" who="2" fromWho="3" sc="232,0,205,0,315,116,248,-116" /><INIT seed="2,1,0,0,4,91" ten="232,205,431,132" oya="2" hai0="84,70,2,93,112,62,25,19,44,38,135,88,50" hai1="48,3,94,47,0,90,64,4,79,104,39,35,8" hai2="29,81,73,132,130,7,133,72,124,129,107,16,55" hai3="134,12,36,15,87,122,95,68,10,96,111,123,118"/><V103/><F7/><W40/><G118/><T23/><D135/><N who="2" m="51786" /><F29/><W80/><G134/><T82/><D112/><U97/><E104/><V41/><F41/><W85/><G111/><T98/><D38/><U31/><E39/><V131/><F55/><W127/><G127/><T76/><D2/><U11/><E64/><V65/><F65/><W59/><G68/><T43/><D70/><U106/><E106/><V119/><F119/><W120/><G59/><T32/><D32/><U33/><E79/><V52/><F52/><W51/><G80/><T42/><D62/><U20/><E20/><V49/><F49/><W126/><G126/><T99/><REACH who="0" step="1"/><D43/><REACH who="0" ten="222,205,431,132" step="2"/><U113/><E113/><V105/><F124/><W14/><G36/><T77/><D77/><U5/><REACH who="1" step="1"/><E31/><REACH who="1" ten="222,195,431,132" step="2"/><V102/><F130/><W109/><G109/><T53/><D53/><AGARI ba="1,2" hai="0,3,4,5,8,11,33,35,47,48,53,90,94,97" machi="53" ten="30,8000,1" yaku="1,1,2,1,7,1,9,1,52,1,53,0" doraHai="91" doraHaiUra="117" who="1" fromWho="0" sc="222,-83,195,103,431,0,132,0" /><INIT seed="3,0,0,2,1,99" ten="139,298,431,132" oya="3" hai0="64,49,88,81,72,135,71,3,77,25,97,7,65" hai1="13,75,87,12,58,63,74,114,83,38,82,86,126" hai2="121,125,15,105,94,59,56,9,120,33,113,100,89" hai3="28,130,21,61,10,66,69,57,45,52,67,118,18"/><W80/><G118/><T76/><D135/><U2/><E2/><V110/><F33/><W47/><G130/><T107/><D77/><U4/><E114/><V112/><F110/><W106/><G106/><T43/><D25/><U122/><E122/><N who="2" m="47211" /><F105/><W127/><G127/><T123/><D123/><U54/><E126/><V37/><F37/><W30/><G80/><T119/><D119/><U23/><E38/><V11/><F11/><W51/><G10/><T53/><D43/><U116/><E116/><V40/><F40/><W103/><G103/><T6/><D3/><U111/><E111/><V5/><F100/><W84/><G84/><T108/><D108/><U46/><E46/><N who="3" m="17418" /><G69/><T85/><D71/><U8/><E75/><V34/><F34/><W60/><G60/><T27/><D27/><U48/><E74/><V115/><F125/><W1/><G1/><T95/><D7/><U92/><E63/><V50/><F50/><W14/><G61/><T0/><D6/><U109/><E109/><V39/><F39/><W70/><G70/><T31/><D31/><AGARI ba="0,0" hai="14,18,21,28,30,31,51,52,57,66,67" m="17418" machi="31" ten="30,2900,0" yaku="8,1,54,1" doraHai="99" who="3" fromWho="0" sc="139,-29,298,0,431,0,132,29" /><INIT seed="3,1,0,5,1,67" ten="110,298,431,161" oya="3" hai0="42,116,58,98,47,84,36,91,135,124,45,122,14" hai1="7,15,87,25,32,20,30,90,95,1,48,63,40" hai2="114,59,27,28,74,24,76,29,12,13,11,108,10" hai3="113,0,71,115,39,69,55,126,8,9,105,131,120"/><W62/><G62/><T123/><D116/><U31/><E63/><V68/><F59/><W73/><G55/><T109/><D109/><U34/><E34/><V101/><F101/><W118/><G9/><T33/><D33/><U54/><E40/><V26/><F76/><W103/><G8/><N who="2" m="3113" /><F74/><W79/><G0/><T121/><D14/><N who="2" m="5738" /><F114/><W93/><G93/><T82/><D124/><U38/><E38/><V21/><F68/><N who="3" m="26187" /><G118/><T60/><D47/><N who="1" m="27935" /><E1/><V61/><F61/><W133/><G120/><T3/><D3/><U102/><E7/><V57/><F57/><W92/><G92/><T83/><D135/><U37/><E90/><V64/><F64/><W128/><G126/><T78/><D98/><U110/><E87/><V125/><F125/><W19/><G19/><T75/><REACH who="0" step="1"/><D122/><REACH who="0" ten="100,298,431,161" step="2"/><U66/><E102/><V117/><F117/><W46/><G133/><T18/><D18/><U94/><E32/><V52/><F108/><W132/><G132/><T23/><D23/><U111/><E20/><V50/><F21/><W88/><G115/><T106/><D106/><U16/><E111/><V51/><F28/><W99/><G113/><T43/><D43/><U100/><E110/><V85/><F29/><W49/><G99/><T70/><D70/><U107/><E31/><V2/><F2/><W77/><G105/><T119/><D119/><U65/><E30/><V89/><F27/><W130/><G46/><T127/><D127/><U5/><E25/><V41/><F24/><W80/><G131/><T104/><D104/><U112/><E107/><V17/><F26/><W81/><G130/><RYUUKYOKU ba="1,1" sc="100,30,298,-10,431,-10,161,-10" hai0="36,42,45,58,60,75,78,82,83,84,91,121,123" /><INIT seed="4,2,1,5,4,4" ten="130,288,421,151" oya="0" hai0="99,135,101,116,39,69,0,93,67,13,121,118,18" hai1="85,128,33,31,55,109,46,19,16,37,25,52,12" hai2="124,56,96,29,3,64,36,5,94,84,43,70,45" hai3="97,81,91,74,134,27,102,131,2,48,42,6,113"/><T7/><D121/><U59/><E109/><V51/><F124/><W119/><G119/><T24/><D39/><U54/><E128/><V50/><F29/><W11/><G131/><T82/><D135/><U76/><E37/><V44/><F84/><W57/><G113/><T100/><D24/><U73/><E73/><V123/><F123/><W80/><G134/><T132/><D132/><U83/><E46/><V60/><F5/><W34/><G91/><T88/><D67/><U111/><E111/><V104/><F3/><W66/><G74/><T79/><D69/><U58/><REACH who="1" step="1"/><E19/><REACH who="1" ten="130,278,421,151" step="2"/><V87/><F36/><W77/><G77/><T62/><D118/><U14/><E14/><V65/><F44/><W47/><G27/><T40/><D116/><U106/><E106/><V30/><F104/><W20/><G2/><T120/><D120/><U53/><N who="1" m="13312" /><DORA hai="72" /><U114/><E114/><V117/><F45/><W86/><G47/><T129/><D40/><U71/><E71/><V61/><F70/><W63/><G42/><T133/><D129/><U105/><E105/><V108/><F43/><W28/><G57/><T126/><D133/><U92/><E92/><V38/><F56/><W22/><G48/><T127/><D0/><U75/><E75/><V68/><F50/><W115/><G115/><T9/><D18/><U110/><E110/><V98/><F51/><W26/><G26/><T130/><D130/><U21/><AGARI ba="2,2" hai="12,16,21,25,31,33,58,59,76,83,85" m="13312" machi="21" ten="40,8000,1" yaku="1,1,0,1,52,1,54,2,53,0" doraHai="4,72" doraHaiUra="90,107" who="1" fromWho="1" sc="130,-42,278,106,421,-22,151,-22" /><INIT seed="5,0,0,4,0,100" ten="88,384,399,129" oya="1" hai0="99,14,45,73,63,112,13,71,55,69,116,65,34" hai1="47,81,113,94,104,79,33,121,114,56,78,77,70" hai2="0,62,12,74,49,72,106,108,17,48,126,110,130" hai3="19,10,125,22,53,61,4,103,132,87,115,9,26"/><U20/><E70/><V76/><F0/><W40/><G115/><N who="1" m="44042" /><E121/><V21/><F130/><W2/><G132/><T127/><D116/><U31/><E33/><V42/><F126/><W134/><G134/><T64/><D73/><U23/><E31/><V25/><F106/><W90/><G125/><T30/><D127/><U43/><E104/><V16/><F62/><W88/><G40/><T50/><D112/><U39/><E94/><V109/><F76/><N who="1" m="29289" /><E56/><V24/><F42/><W128/><G128/><T6/><D6/><U1/><E1/><V41/><F41/><W8/><G103/><T131/><D131/><U5/><E5/><V86/><F86/><AGARI ba="0,0" hai="20,23,39,43,47,79,81,86" m="29289,44042" machi="86" ten="30,1500,0" yaku="15,1" doraHai="100" who="1" fromWho="2" sc="88,0,384,15,399,-15,129,0" /><INIT seed="5,1,0,5,4,133" ten="88,399,384,129" oya="1" hai0="71,106,67,10,33,50,95,80,122,22,84,111,4" hai1="75,125,38,119,107,24,43,65,31,92,97,72,115" hai2="11,27,13,134,129,131,102,54,127,123,60,49,101" hai3="35,98,19,3,8,29,69,61,17,14,37,99,87"/><U116/><E107/><V120/><F60/><W73/><G73/><T15/><D33/><U44/><E125/><V118/><F118/><W88/><G37/><T62/><D106/><U124/><E124/><V7/><F127/><W55/><G3/><T18/><D122/><U23/><E115/><V53/><F27/><W110/><G110/><T48/><D95/><U109/><E109/><V41/><F41/><W114/><G114/><T2/><REACH who="0" step="1"/><D111/><REACH who="0" ten="78,399,384,129" step="2"/><U32/><E32/><V104/><F104/><W20/><G35/><T51/><D51/><U117/><REACH who="1" step="1"/><E65/><REACH who="1" ten="78,389,384,129" step="2"/><V52/><F134/><W16/><G99/><T12/><D12/><U5/><E5/><V91/><F123/><W25/><G98/><T135/><D135/><U9/><E9/><V81/><F120/><W47/><G69/><T94/><D94/><U46/><E46/><V42/><F11/><W0/><G0/><T126/><D126/><U78/><E78/><AGARI ba="1,2" hai="2,4,10,15,18,22,48,50,62,67,71,78,80,84" machi="78" ten="30,2000,0" yaku="1,1,7,1,53,0" doraHai="133" doraHaiUra="36" who="0" fromWho="1" sc="78,43,389,-23,384,0,129,0" /><INIT seed="6,0,0,2,4,53" ten="121,366,384,129" oya="2" hai0="88,84,15,18,96,124,55,2,75,17,112,114,7" hai1="70,25,72,49,16,24,90,87,10,41,69,99,113" hai2="116,38,4,60,77,37,57,109,98,30,85,5,63" hai3="101,129,36,132,1,6,130,45,110,65,74,8,123"/><V115/><F116/><W33/><G110/><T28/><D75/><U80/><E113/><N who="0" m="43625" /><D124/><U11/><E72/><V42/><F115/><W22/><G123/><T35/><D96/><U31/><E70/><V71/><F109/><W47/><G132/><T13/><D2/><U122/><E69/><V93/><F71/><W95/><G33/><T59/><D35/><U58/><E122/><V14/><F30/><W79/><G65/><T20/><D28/><U94/><E31/><V135/><F135/><W9/><G22/><T117/><D117/><U111/><E111/><V54/><F38/><W81/><G9/><N who="0" m="4287" /><D15/><N who="1" m="7287" /><E11/><V89/><F14/><W0/><G0/><T126/><D20/><U107/><E107/><V68/><F68/><W106/><G106/><T76/><D76/><N who="1" m="46471" /><E41/><V46/><F77/><W62/><G36/><T52/><D55/><AGARI ba="0,0" hai="24,25,49,55,58,90,94,99" m="46471,7287" machi="55" ten="30,3900,0" yaku="8,1,52,1,54,1" doraHai="53" who="1" fromWho="0" sc="121,-39,366,39,384,0,129,0" /><INIT seed="7,0,0,2,5,20" ten="82,405,384,129" oya="3" hai0="108,37,62,15,54,90,34,107,122,71,97,73,88" hai1="115,105,33,120,25,5,64,82,36,6,121,106,19" hai2="7,39,92,130,70,13,113,124,93,59,110,79,119" hai3="111,102,14,112,65,50,94,69,78,17,84,11,81"/><W60/><G112/><T116/><D122/><U101/><E36/><V77/><F70/><W38/><G38/><T47/><D108/><U68/><E115/><V99/><F39/><W89/><G111/><T12/><D116/><U4/><E82/><V125/><F110/><W49/><REACH who="3" step="1"/><G102/><REACH who="3" ten="82,405,384,119" step="2"/><T74/><D34/><U132/><E121/><V95/><F113/><W55/><G55/><T28/><D28/><U23/><E120/><V8/><F119/><W45/><G45/><T76/><D37/><U21/><E101/><V96/><F130/><W41/><G41/><T103/><D47/><U26/><E132/><V3/><F124/><W46/><G46/><T9/><D15/><U18/><E64/><V80/><F125/><W135/><G135/><T16/><D76/><U86/><E106/><V126/><F126/><W127/><G127/><T63/><D63/><U98/><E105/><V2/><F79/><W31/><G31/><T128/><D128/><U24/><E33/><V83/><F77/><W58/><G58/><T123/><D123/><U100/><E68/><V48/><F2/><W114/><G114/><T67/><REACH who="0" step="1"/><D54/><REACH who="0" ten="72,405,384,119" step="2"/><U75/><E100/><V42/><F3/><W85/><AGARI ba="0,2" hai="11,14,17,49,50,60,65,69,78,81,84,85,89,94" machi="85" ten="20,7800,0" yaku="1,1,0,1,7,1,53,1" doraHai="20" doraHaiUra="57" who="3" fromWho="3" sc="72,-26,405,-26,384,-26,119,98" /><INIT seed="7,1,0,3,3,114" ten="46,379,358,217" oya="3" hai0="64,27,69,120,89,50,93,10,63,39,18,59,79" hai1="121,37,135,0,100,20,124,92,11,75,76,108,22" hai2="73,13,132,70,19,65,23,67,113,103,57,81,68" hai3="112,127,119,109,35,1,123,87,24,115,110,52,28"/><W122/><G87/><T129/><D39/><U71/><E108/><N who="3" m="41578" /><G52/><T36/><D36/><U62/><E121/><N who="3" m="46090" /><G127/><T118/><D118/><U101/><E124/><V95/><F113/><N who="3" m="43595" /><G1/><T98/><D129/><U53/><E135/><V58/><F132/><W130/><G130/><T14/><D120/><U84/><E71/><V85/><F68/><W60/><G60/><T104/><D104/><U44/><E0/><V45/><F70/><W8/><G8/><T77/><D69/><U26/><E11/><V17/><F85/><W80/><G80/><T2/><D2/><U31/><E53/><V90/><F81/><W41/><G41/><T56/><D50/><U82/><E62/><V97/><F65/><W6/><G6/><T4/><D56/><U51/><E84/><V46/><F67/><W9/><G9/><T72/><D72/><U40/><E75/><V12/><F73/><W29/><G29/><T99/><D99/><U102/><E31/><V32/><F57/><W34/><G34/><T66/><D66/><U86/><E40/><V61/><F32/><W111/><N who="3" m="41586" /><W49/><DORA hai="55" /><G49/><T15/><REACH who="0" step="1"/><D27/><REACH who="0" ten="36,379,358,217" step="2"/><U3/><E51/><V25/><F25/><W43/><G43/><T134/><D134/><U38/><E26/><V105/><F58/><W88/><G119/><T47/><D47/><U83/><E44/><V30/><F61/><W5/><G24/><T74/><D74/><U125/><E3/><V96/><F30/><W131/><G35/><T33/><D33/><U16/><E37/><V91/><F97/><W78/><G131/><T117/><D117/><RYUUKYOKU ba="1,1" sc="36,30,379,-10,358,-10,217,-10" hai0="4,10,14,15,18,59,63,64,77,79,89,93,98" owari="66,-43.0,379,47.0,348,15.0,207,-19.0" /></mjloggm>