<mjloggm ver="2.3"><GO type="225" lobby="0"/><UN n0="%5C%E3%81%AF%E3%81%A1%E3%81%8D%E3%82%87%E3%81%86%2F" n1="%E3%81%BF%E3%81%BF%E3%81%9A" n2="%E9%9F%93%E8%A1%9B%E9%9D%92" n3="%E8%88%B9%E8%A6%8B%E7%B5%90%E8%A1%A3%E3%81%A1%E3%82%83%E3%82%93" dan="16,16,16,16" rate="2100.30,2188.56,2187.54,2149.62" sx="M,M,F,F"/><TAIKYOKU oya="0"/><INIT seed="0,0,0,5,5,50" ten="250,250,250,250" oya="0" hai0="80,82,71,97,69,55,7,90,18,88,128,96,31" hai1="29,17,124,79,47,116,16,38,61,21,6,72,56" hai2="62,105,93,37,120,118,66,20,115,51,83,98,121" hai3="109,15,25,9,3,5,86,64,133,78,129,42,23"/><T2/><D128/><U11/><E116/><V99/><F37/><W22/><G129/><T76/><D31/><U119/><E119/><V13/><F118/><W103/><G109/><T24/><D71/><U92/><E124/><V77/><F115/><W130/><G133/><T85/><D69/><U43/><E92/><V113/><F113/><W34/><G130/><T111/><D111/><U0/><E21/><V41/><F105/><W14/><G64/><T87/><D2/><U63/><E29/><V73/><F99/><N who="0" m="37962" /><D7/><U57/><E57/><V58/><F41/><W60/><G60/><T10/><D76/><U114/><E114/><V74/><F74/><W123/><G103/><T12/><D24/><U112/><E112/><V39/><F39/><W65/><G65/><T135/><D135/><U68/><E68/><V84/><F73/><W44/><G123/><T89/><D89/><U108/><E108/><V125/><F125/><W106/><G106/><T52/><AGARI ba="0,0" hai="10,12,18,52,55,80,82,85,87,88,90" m="37962" machi="52" ten="30,12000,1" yaku="8,1,52,2,54,2" doraHai="50" who="0" fromWho="0" sc="250,120,250,-40,250,-40,250,-40" /><INIT seed="0,1,0,2,5,12" ten="370,210,210,210" oya="0" hai0="99,113,73,10,87,4,22,135,55,16,91,40,106" hai1="115,100,93,74,34,17,15,114,47,92,41,128,6" hai2="18,1,134,52,78,89,9,49,24,103,57,3,68" hai3="23,27,26,70,117,51,96,54,81,13,105,108,98"/><T111/><D113/><N who="1" m="43019" /><E128/><V43/><F68/><W127/><G117/><T72/><D135/><U45/><E74/><V123/><F123/><W66/><G108/><T119/><D119/><U132/><E132/><V39/><F134/><W60/><G127/><T44/><D55/><U112/><N who="1" m="43027" /><U28/><DORA hai="94" /><E6/><V69/><F78/><W50/><G105/><T32/><D32/><U122/><E122/><V7/><F69/><W11/><G81/><T35/><D35/><U101/><E28/><V90/><F103/><N who="1" m="39497" /><E34/><V31/><F3/><W126/><G126/><T133/><D106/><U36/><E47/><V77/><F77/><W14/><G51/><T53/><D53/><U76/><E76/><V71/><F71/><W59/><G27/><T20/><D4/><U125/><E125/><V116/><F116/><W67/><G67/><T61/><D44/><U2/><E2/><V97/><F31/><W58/><G70/><T63/><D111/><U0/><E0/><V33/><F33/><W62/><G62/><T8/><D63/><U75/><E75/><V120/><F120/><W56/><G56/><T121/><D61/><U65/><E65/><V85/><F1/><W82/><G60/><T29/><D29/><U104/><E104/><V129/><F7/><N who="3" m="3327" /><G66/><T25/><D133/><U38/><E38/><V46/><F129/><W19/><G58/><T79/><D79/><U118/><E118/><V80/><F39/><W88/><G26/><T42/><D73/><U131/><E131/><V83/><F24/><W84/><AGARI ba="1,0" hai="14,19,23,50,54,59,82,84,88,96,98" m="3327" machi="84" ten="30,8000,1" yaku="8,1,52,3,54,1" doraHai="12,94" who="3" fromWho="3" sc="370,-41,210,-21,210,-21,210,83" /><INIT seed="1,0,0,2,0,128" ten="329,189,189,293" oya="1" hai0="82,67,129,41,4,103,42,123,38,94,30,53,109" hai1="47,21,61,87,77,125,22,63,111,60,102,81,28" hai2="16,50,40,27,11,69,18,36,58,115,35,75,59" hai3="108,132,134,73,90,116,118,17,29,14,62,3,23"/><U95/><E125/><V104/><F75/><W33/><G73/><T97/><D109/><U52/><E111/><V76/><F115/><W25/><G108/><T135/><D129/><U80/><E80/><V70/><F104/><W84/><G62/><T55/><D123/><U34/><E34/><V6/><F76/><W15/><G15/><T8/><D67/><U24/><E21/><V93/><F36/><W100/><G100/><T106/><D106/><U107/><E107/><V83/><F83/><N who="3" m="49439" /><G3/><T66/><D66/><U88/><E102/><V2/><F59/><W45/><G45/><T96/><D30/><U122/><E122/><V78/><F78/><W54/><G54/><T130/><D130/><U98/><E47/><V86/><F35/><W74/><G74/><T64/><D64/><U121/><E121/><V1/><F1/><W85/><G85/><T126/><D126/><U39/><E39/><V110/><F110/><W127/><G127/><T99/><D38/><U91/><E77/><V79/><F79/><W7/><G7/><T19/><D4/><U51/><E51/><V119/><F69/><W105/><G105/><T56/><D103/><U32/><E32/><V0/><F70/><W120/><G120/><T131/><D131/><U9/><REACH who="1" step="1"/><E9/><REACH who="1" ten="329,179,189,293" step="2"/><V68/><F11/><N who="3" m="6367" /><G33/><T49/><D8/><U43/><E43/><V72/><F40/><W113/><G113/><T13/><D42/><U57/><AGARI ba="0,1" hai="22,24,28,52,57,60,61,63,81,87,88,91,95,98" machi="57" ten="30,12000,1" yaku="1,1,0,1,8,1,54,2,53,0" doraHai="128" doraHaiUra="133" who="1" fromWho="1" sc="329,-40,179,130,189,-40,293,-40" /><INIT seed="1,1,0,3,2,115" ten="289,309,149,253" oya="1" hai0="53,132,99,76,24,36,55,43,106,16,56,84,75" hai1="19,74,2,131,89,45,22,64,1,60,31,35,33" hai2="113,57,103,121,79,67,65,124,23,20,102,62,126" hai3="39,90,109,70,77,85,110,18,98,128,130,28,51"/><U48/><E74/><V5/><F121/><W134/><G39/><T73/><D132/><U21/><E131/><N who="3" m="50218" /><G70/><T92/><D106/><U32/><E31/><V13/><F113/><W97/><G28/><T3/><D3/><U12/><E22/><V101/><F79/><W47/><G18/><T59/><D84/><U118/><E89/><V95/><F95/><N who="3" m="54735" /><G134/><T87/><D87/><U4/><E4/><V129/><F129/><W7/><G7/><T8/><D43/><U34/><N who="1" m="8192" /><DORA hai="116" /><U86/><E86/><V69/><F69/><W111/><G77/><T81/><D36/><U68/><REACH who="1" step="1"/><E118/><REACH who="1" ten="289,299,149,253" step="2"/><V107/><F107/><W25/><G25/><T26/><D75/><U127/><E127/><V38/><F126/><W49/><G97/><T58/><D26/><U122/><E122/><V100/><F124/><W96/><G98/><T94/><D24/><U135/><E135/><V11/><N who="2" m="25600" /><DORA hai="40" /><V37/><F23/><W120/><G96/><T46/><D99/><U15/><E15/><V80/><F80/><W83/><G83/><T17/><D81/><U54/><AGARI ba="1,1" hai="1,2,12,19,21,45,48,54,60,64,68" m="8192" machi="54" ten="60,11700,0" yaku="1,1,0,1,52,1,53,0" doraHai="115,116,40" doraHaiUra="125,119,78" who="1" fromWho="1" sc="289,-40,299,130,149,-40,253,-40" /><INIT seed="1,2,0,1,2,16" ten="249,429,109,213" oya="1" hai0="48,58,101,30,95,92,82,4,111,99,100,42,56" hai1="45,107,114,125,96,91,120,102,5,21,113,74,85" hai2="2,69,28,34,44,46,123,65,20,38,121,57,106" hai3="59,97,24,43,79,70,13,53,73,78,27,134,64"/><U108/><E5/><V76/><F106/><W88/><G134/><T117/><D117/><U35/><E35/><V84/><F2/><W52/><G73/><T90/><D111/><U19/><E120/><V94/><F34/><W122/><G122/><T93/><D4/><U63/><E108/><V8/><F69/><W129/><G129/><T50/><D30/><U41/><E74/><V68/><F68/><W132/><G132/><T72/><D72/><U23/><E63/><V133/><F133/><W130/><G130/><T14/><D14/><U98/><E98/><V11/><F123/><W124/><G124/><T22/><D22/><U0/><E0/><V126/><F126/><W104/><G104/><T10/><D10/><N who="2" m="3626" /><F121/><W67/><G70/><T3/><D3/><U66/><E66/><N who="3" m="25130" /><G13/><T17/><D17/><U112/><E19/><V1/><F1/><W33/><G33/><T103/><D99/><U18/><E18/><V62/><F38/><W89/><G43/><T39/><D39/><U127/><E125/><V15/><F76/><N who="3" m="29227" /><G97/><T25/><D25/><N who="3" m="9801" /><G59/><N who="0" m="22571" /><D42/><U75/><E75/><V55/><F15/><W81/><G81/><T119/><D119/><U26/><E26/><N who="2" m="16455" /><F65/><W83/><G83/><T116/><D116/><U32/><E32/><V105/><F105/><W40/><G40/><T86/><AGARI ba="2,0" hai="48,50,82,86,90,92,93,95,100,101,103" m="22571" machi="86" ten="40,1500,0" yaku="8,1" doraHai="16" who="0" fromWho="0" sc="249,21,429,-9,109,-6,213,-6" /><INIT seed="2,0,0,2,5,102" ten="270,420,103,207" oya="2" hai0="72,38,73,60,75,45,56,89,6,92,85,9,11" hai1="109,4,25,116,39,3,23,91,127,2,17,12,14" hai2="120,20,119,69,114,115,63,76,124,53,50,27,42" hai3="10,7,54,117,19,98,30,95,67,118,47,79,122"/><V52/><F119/><W33/><G122/><T31/><D31/><U58/><E39/><V82/><F120/><W84/><G67/><T57/><D11/><U81/><E116/><V83/><F124/><W87/><G19/><T94/><D94/><U70/><E70/><V104/><F104/><W24/><G117/><T107/><D107/><U36/><E36/><V28/><F83/><W74/><G118/><T113/><D113/><U21/><E127/><V105/><F105/><W88/><G74/><T78/><D78/><U65/><E109/><V41/><F53/><W61/><G79/><T129/><D129/><U125/><E125/><V48/><F69/><W59/><REACH who="3" step="1"/><G47/><REACH who="3" ten="270,420,103,197" step="2"/><T8/><D45/><U77/><E17/><V18/><F18/><W51/><G51/><N who="2" m="19497" /><F115/><W22/><G22/><T32/><D38/><U0/><E65/><V134/><F114/><W5/><G5/><T111/><D6/><U35/><E4/><V101/><F134/><W130/><G130/><T37/><D37/><U46/><E77/><V135/><F135/><W29/><G29/><T131/><D131/><U43/><E46/><V64/><F64/><W40/><G40/><T80/><D75/><U126/><E43/><V34/><F34/><W68/><G68/><T90/><D73/><U62/><E35/><V66/><F66/><W128/><G128/><T26/><D72/><U108/><E126/><V15/><F41/><W49/><G49/><T123/><D123/><U13/><E108/><V55/><F42/><W103/><G103/><T1/><D111/><U132/><E132/><V121/><F101/><RYUUKYOKU ba="0,1" sc="270,-10,420,-10,103,-10,197,30" hai3="7,10,24,30,33,54,59,61,84,87,88,95,98" /><INIT seed="3,1,1,3,4,28" ten="260,410,93,227" oya="3" hai0="71,62,90,75,106,125,52,67,16,31,60,84,38" hai1="134,88,99,96,11,6,12,45,128,85,37,117,24" hai2="4,47,42,109,81,111,101,26,34,83,50,92,108" hai3="22,3,66,18,119,68,129,133,33,116,58,123,49"/><W21/><G123/><T77/><D38/><U72/><E72/><V97/><REACH who="2" step="1"/><F4/><REACH who="2" ten="260,410,83,227" step="2"/><W118/><G129/><T130/><D130/><U69/><E128/><V78/><F78/><W102/><G119/><T82/><D77/><U104/><E117/><V113/><F113/><W1/><G118/><T105/><D125/><U46/><E69/><V87/><F87/><W41/><G68/><T20/><D75/><U95/><E134/><V73/><F73/><W39/><G133/><T48/><D31/><AGARI ba="1,2" hai="26,31,34,42,47,50,81,83,92,97,101,108,109,111" machi="31" ten="40,8000,1" yaku="21,2,14,1,52,1,53,0" doraHai="28" doraHaiUra="54" who="2" fromWho="0" sc="260,-83,410,0,83,103,227,0" owari="177,-32.0,410,50.0,186,-21.0,227,3.0" /></mjloggm>