<mjloggm ver="2.3"><GO type="225" lobby="0"/><UN n0="%E6%9D%A5%E9%80%B1%E3%81%AE%E7%B3%B8%E4%BA%95" n1="%E5%A4%A7%E5%AE%AE%E5%BF%8D%76" n2="%E5%A4%A9%E7%A9%BA%73%61%79%61" n3="%E3%82%A4%E3%83%8A%E3%82%BA%E3%83%9E%E8%91%AC%E5%84%80" dan="16,17,17,17" rate="2138.19,2193.50,2152.52,2214.21" sx="M,M,M,F"/><TAIKYOKU oya="0"/><INIT seed="0,0,0,2,2,106" ten="250,250,250,250" oya="0" hai0="83,110,49,39,29,4,6,128,35,105,93,43,108" hai1="59,74,36,65,92,66,134,114,9,69,102,78,26" hai2="111,95,126,85,23,12,16,2,115,47,68,60,64" hai3="50,132,42,57,100,7,96,3,77,38,44,98,31"/><T124/><D105/><U32/><E59/><V135/><F115/><W22/><G132/><T11/><D128/><U21/><E21/><V8/><F135/><W97/><G31/><T55/><D124/><U118/><E92/><V75/><F75/><W54/><G22/><T62/><D62/><U99/><E65/><V28/><F126/><W76/><REACH who="3" step="1"/><G100/><REACH who="3" ten="250,250,250,240" step="2"/><T103/><D103/><U70/><E102/><V17/><F28/><W41/><G41/><T122/><D43/><U45/><E134/><V30/><F23/><W81/><G81/><T117/><D83/><U80/><E80/><V24/><F30/><W84/><G84/><T46/><D29/><U133/><E133/><V121/><F121/><W109/><G109/><T19/><D110/><U123/><E123/><V58/><F111/><W10/><AGARI ba="0,1" hai="3,7,10,38,42,44,50,54,57,76,77,96,97,98" machi="10" ten="30,2000,0" yaku="1,1,0,1,53,0" doraHai="106" doraHaiUra="116" who="3" fromWho="3" sc="250,-10,250,-5,250,-5,240,30" /><INIT seed="1,0,0,3,0,76" ten="240,245,245,270" oya="1" hai0="32,123,67,50,95,36,91,81,18,80,111,120,2" hai1="60,56,128,70,8,61,9,107,3,135,40,121,47" hai2="5,72,10,7,106,62,65,115,37,108,127,134,14" hai3="68,104,55,124,54,26,4,112,19,29,45,69,1"/><U102/><E121/><N who="0" m="46665" /><D36/><U44/><E128/><V24/><F106/><W114/><G104/><T15/><D32/><U100/><E135/><V103/><F37/><W89/><G124/><T132/><D132/><U63/><E70/><V49/><F103/><N who="1" m="39465" /><E107/><V75/><F127/><W12/><G4/><T28/><D28/><U48/><E3/><V23/><F108/><W46/><G1/><T86/><D111/><U79/><E79/><V83/><F115/><W41/><G26/><T105/><D2/><U58/><E40/><V116/><F5/><W109/><G29/><T125/><D125/><U130/><E48/><V59/><F116/><W73/><G73/><T53/><D67/><U118/><E130/><V82/><F49/><W30/><G41/><T25/><D25/><U71/><E71/><V88/><F134/><W6/><G69/><T117/><D117/><U77/><E77/><V74/><REACH who="2" step="1"/><F88/><REACH who="2" ten="240,245,235,270" step="2"/><W113/><G89/><T27/><D105/><U0/><E118/><V97/><F97/><W34/><G109/><T133/><D133/><U57/><E0/><V51/><F51/><W90/><G114/><T64/><D50/><U101/><E101/><V92/><F92/><W93/><G93/><T39/><D95/><U43/><E43/><V22/><F22/><W98/><G113/><T110/><D110/><U35/><E35/><V84/><F84/><W94/><G94/><T16/><D86/><U131/><E131/><V126/><F126/><W85/><G112/><T13/><D39/><U122/><E122/><V31/><AGARI ba="0,1" hai="7,10,14,23,24,31,59,62,65,72,74,75,82,83" machi="31" ten="30,7900,0" yaku="1,1,0,1,52,2,53,0" doraHai="76" doraHaiUra="33" who="2" fromWho="2" sc="240,-20,245,-39,235,89,270,-20" /><INIT seed="2,0,0,0,5,129" ten="220,206,324,250" oya="2" hai0="6,53,108,17,58,107,91,41,13,51,127,18,68" hai1="130,121,65,123,103,55,46,88,70,8,84,28,24" hai2="76,111,50,26,67,114,81,10,135,104,1,95,56" hai3="80,133,21,134,61,60,86,132,36,33,31,92,106"/><V20/><F114/><W97/><G106/><T39/><D108/><U40/><E130/><V71/><F104/><W11/><G36/><T42/><D127/><U125/><E125/><V98/><F71/><W75/><G33/><T44/><D107/><U34/><E103/><V22/><F135/><W77/><G75/><T27/><D42/><U128/><E128/><V99/><F111/><W124/><G11/><T89/><D6/><U126/><E126/><V78/><F81/><W45/><G45/><T94/><D68/><U90/><E55/><V109/><F98/><W14/><G124/><T35/><D94/><U30/><E30/><V37/><F37/><W9/><G21/><T119/><D119/><U73/><E73/><V72/><F22/><W79/><G77/><T64/><D64/><U115/><E115/><V118/><F76/><W52/><G52/><T38/><D38/><N who="1" m="21783" /><E8/><V96/><F72/><W15/><G31/><T87/><D87/><U5/><E5/><V23/><F10/><W29/><G29/><T93/><D93/><U63/><E84/><V117/><F95/><W102/><G15/><T82/><D82/><U116/><E116/><V19/><F117/><W105/><G105/><T122/><D13/><U59/><E70/><V85/><F118/><W4/><AGARI ba="0,0" hai="4,9,14,60,61,79,80,86,92,97,102,132,133,134" machi="4" ten="30,8000,1" yaku="0,1,20,1,52,3" doraHai="129" who="3" fromWho="3" sc="220,-20,206,-20,324,-40,250,80" /><INIT seed="3,0,0,2,5,113" ten="200,186,284,330" oya="3" hai0="20,52,45,95,46,4,36,35,92,22,65,100,67" hai1="124,87,123,125,33,76,135,63,82,39,117,51,101" hai2="103,6,84,90,23,129,44,118,108,19,14,96,38" hai3="93,121,3,57,25,120,128,114,30,54,15,27,0"/><W59/><G114/><T73/><D35/><U71/><E123/><V119/><F108/><W89/><G15/><T131/><D73/><U10/><E39/><V26/><F129/><W126/><G126/><N who="1" m="48746" /><E135/><V43/><F6/><W31/><G93/><N who="0" m="35915" /><D36/><U61/><E33/><V102/><F26/><W50/><G50/><N who="0" m="28751" /><D131/><U24/><E117/><V109/><F109/><W64/><G64/><N who="0" m="24651" /><D100/><U99/><E71/><V81/><REACH who="2" step="1"/><F103/><REACH who="2" ten="200,186,274,330" step="2"/><W9/><G27/><T48/><D4/><U2/><E24/><V7/><F7/><W85/><G25/><T79/><D79/><U28/><E28/><V111/><F111/><W72/><G31/><T47/><D47/><U58/><E2/><V41/><F41/><AGARI ba="0,1" hai="20,22,41,46,48" m="24651,28751,35915" machi="41" ten="30,2000,0" yaku="8,1,54,1" doraHai="113" who="0" fromWho="2" sc="200,30,186,0,274,-20,330,0" owari="230,-17.0,186,-31.0,254,5.0,330,43.0" /></mjloggm>