<mjloggm ver="2.3"><GO type="169" lobby="0"/><UN n0="%6B%61%74%65%72%69%6E%61" n1="%4B%45%4E%2D%4F%47%41%53" n2="%6D%69%6B%65%69%6E%75" n3="%E3%82%AA%E3%83%AA%E5%A7%AB%E5%A5%B3%E5%AD%90" dan="17,16,16,16" rate="2157.49,2128.84,2173.19,2056.56" sx="M,M,M,F"/><TAIKYOKU oya="0"/><INIT seed="0,0,0,0,5,21" ten="250,250,250,250" oya="0" hai0="32,96,19,113,0,58,121,95,111,43,130,135,26" hai1="62,102,80,79,117,46,3,92,84,122,50,54,23" hai2="124,128,90,83,112,42,101,108,114,45,74,10,40" hai3="61,5,9,44,51,119,86,103,39,12,57,22,38"/><T125/><D43/><U37/><E122/><V7/><F42/><W70/><G119/><T29/><D121/><U67/><E117/><V48/><F128/><W77/><G70/><T28/><D113/><U36/><E3/><V110/><F101/><W18/><G103/><T123/><D123/><U53/><E53/><V106/><F106/><W115/><G115/><T60/><D125/><U69/><E102/><V52/><F124/><W131/><G131/><T81/><D130/><U100/><E100/><V94/><F40/><W13/><G86/><T49/><D135/><U56/><E92/><V35/><F35/><W64/><REACH who="3" step="1"/><G77/><REACH who="3" ten="250,250,250,240" step="2"/><T76/><D76/><U24/><REACH who="1" step="1"/><E69/><REACH who="1" ten="250,240,250,240" step="2"/><V107/><F114/><W30/><G30/><AGARI ba="0,2" hai="23,24,30,36,37,46,50,54,56,62,67,79,80,84" machi="30" ten="30,7700,0" yaku="1,1,2,1,7,1,52,1,53,0" doraHai="21" doraHaiUra="14" who="1" fromWho="3" sc="250,0,240,97,250,0,240,-77" /><INIT seed="1,0,0,5,2,88" ten="250,337,250,163" oya="1" hai0="132,98,42,81,21,19,120,7,87,24,12,133,86" hai1="95,103,30,48,109,27,64,71,125,29,40,1,115" hai2="50,72,70,25,82,39,58,3,92,6,53,36,123" hai3="46,0,31,90,105,104,22,76,2,80,107,112,129"/><U78/><E115/><V56/><F70/><W33/><G129/><T111/><D120/><U45/><E1/><V15/><F3/><W69/><G112/><T23/><D111/><U106/><E109/><V32/><F123/><W16/><G69/><T10/><D42/><U60/><E78/><V121/><F121/><W41/><G90/><T124/><D124/><U61/><E61/><V110/><F110/><W54/><G54/><T62/><D62/><U97/><E125/><V26/><F82/><W13/><G31/><T94/><D23/><U28/><REACH who="1" step="1"/><E95/><REACH who="1" ten="250,327,250,163" step="2"/><V20/><F92/><W130/><G130/><T79/><REACH who="0" step="1"/><D87/><REACH who="0" ten="240,327,250,163" step="2"/><U84/><E84/><V113/><F113/><W89/><G33/><AGARI ba="0,2" hai="27,28,29,30,33,40,45,48,60,64,71,97,103,106" machi="33" ten="30,11600,0" yaku="1,1,7,1,25,2,53,0" doraHai="88" doraHaiUra="17" who="1" fromWho="3" sc="240,0,327,136,250,0,163,-116" /><INIT seed="1,1,0,0,4,68" ten="240,463,250,47" oya="1" hai0="88,85,36,130,127,133,104,103,63,10,49,126,24" hai1="90,34,93,80,65,32,2,66,72,53,78,33,70" hai2="118,119,44,125,39,28,19,81,22,132,117,86,29" hai3="14,48,116,91,82,107,76,62,113,87,35,5,94"/><U45/><E2/><V69/><F69/><W74/><G113/><T38/><D130/><U95/><E93/><V67/><F67/><W121/><G121/><T111/><D111/><U109/><E109/><V30/><F132/><W105/><G35/><T23/><D133/><U115/><E115/><V89/><F125/><N who="0" m="47626" /><D63/><U52/><E53/><V46/><REACH who="2" step="1"/><F39/><REACH who="2" ten="240,463,240,47" step="2"/><W106/><G116/><T71/><D71/><U20/><E70/><V11/><F11/><W55/><G62/><T57/><D10/><U26/><E66/><V9/><F9/><W16/><G5/><T8/><D8/><U37/><E65/><V98/><F98/><W114/><G114/><T120/><D120/><U50/><E37/><V43/><F43/><W31/><G31/><T99/><D57/><U13/><E13/><AGARI ba="1,1" hai="13,19,22,28,29,30,44,46,81,86,89,117,118,119" machi="13" ten="50,1600,0" yaku="1,1,53,0" doraHai="68" doraHaiUra="100" who="2" fromWho="1" sc="240,0,463,-19,240,29,47,0" /><INIT seed="2,0,0,5,5,56" ten="240,444,269,47" oya="2" hai0="88,43,9,135,108,55,113,64,67,48,40,3,23" hai1="100,34,57,20,19,110,41,36,126,129,25,127,42" hai2="99,104,45,81,101,13,120,107,105,49,134,46,109" hai3="44,18,94,72,70,84,39,17,74,7,133,78,77"/><V103/><F120/><W61/><G133/><T93/><D135/><U117/><E117/><V12/><F134/><W59/><G70/><T5/><D113/><U71/><E71/><V97/><F109/><W63/><G7/><T11/><D108/><U96/><E110/><V87/><F107/><W60/><G59/><T121/><D121/><U91/><E129/><V53/><REACH who="2" step="1"/><F45/><REACH who="2" ten="240,444,259,47" step="2"/><W30/><G44/><T90/><D43/><U86/><E42/><V106/><F106/><W98/><G39/><T27/><D40/><U29/><E41/><V1/><F1/><W0/><G0/><T115/><D3/><U114/><E36/><V31/><F31/><W82/><G30/><T111/><D111/><U21/><E114/><V52/><F52/><W50/><G50/><T95/><D48/><U26/><E127/><V33/><F33/><W28/><G28/><T69/><D55/><U85/><E126/><V37/><F37/><W38/><G38/><T119/><D115/><U118/><E34/><V6/><F6/><W54/><G54/><T14/><D5/><U102/><E118/><V2/><F2/><W8/><G8/><T132/><D9/><U16/><E29/><V80/><F80/><W65/><G65/><T92/><D67/><U122/><E122/><V68/><F68/><W32/><G32/><T131/><D119/><U47/><E47/><V76/><AGARI ba="0,1" hai="12,13,46,49,53,76,81,87,97,99,101,103,104,105" machi="76" ten="20,7800,0" yaku="1,1,0,1,7,1,9,1,53,0" doraHai="56" doraHaiUra="24" who="2" fromWho="2" sc="240,-26,444,-26,259,88,47,-26" /><INIT seed="2,1,0,0,3,122" ten="214,418,347,21" oya="2" hai0="50,27,84,114,70,69,30,38,131,49,68,100,14" hai1="47,22,53,78,66,113,45,134,72,133,12,112,26" hai2="35,79,21,51,125,3,29,8,130,99,102,61,73" hai3="127,82,1,98,109,80,9,17,126,124,108,107,119"/><V111/><F130/><W44/><G44/><T46/><D131/><U87/><E72/><V13/><F125/><W62/><G62/><T28/><D114/><U24/><E66/><V132/><F132/><N who="1" m="50793" /><E12/><V40/><F61/><W59/><G59/><T105/><D105/><U41/><E53/><V75/><F51/><W15/><G1/><T58/><D100/><U60/><E60/><V135/><F40/><W117/><G98/><T93/><D14/><U5/><E5/><N who="2" m="1087" /><F135/><W43/><G107/><T37/><D30/><N who="1" m="17687" /><E26/><N who="2" m="18871" /><F79/><W76/><G43/><T85/><D50/><N who="1" m="26927" /><E47/><V0/><F0/><W54/><G54/><T55/><D46/><U123/><E123/><V11/><F11/><W34/><G34/><T110/><D38/><U18/><E18/><N who="2" m="10447" /><F111/><N who="3" m="42571" /><G80/><AGARI ba="1,0" hai="78,80,87,112,113" m="26927,17687,50793" machi="80" ten="30,1000,0" yaku="20,1" doraHai="122" who="1" fromWho="3" sc="214,0,418,13,347,0,21,-13" /><INIT seed="3,0,0,2,1,33" ten="214,431,347,8" oya="3" hai0="80,67,28,12,104,2,0,112,87,4,6,86,11" hai1="81,84,51,48,1,55,46,116,21,127,10,75,15" hai2="19,40,16,66,101,118,88,17,77,53,99,45,8" hai3="24,108,91,26,50,73,49,85,25,43,47,37,126"/><W133/><G73/><T125/><D104/><U71/><E71/><V58/><F118/><W20/><G126/><T65/><D125/><U120/><E127/><V34/><F34/><W35/><G35/><T18/><D112/><U105/><E105/><V132/><F77/><W23/><G133/><T130/><D130/><U5/><E120/><V44/><F132/><W39/><G108/><T32/><D87/><U61/><E116/><V129/><F129/><W95/><G39/><T56/><D56/><U79/><E61/><V27/><F101/><W89/><G37/><T135/><D135/><U113/><E113/><V38/><F66/><W124/><G124/><T134/><D134/><U31/><E31/><V83/><F8/><W111/><G111/><T102/><D102/><U29/><E21/><N who="3" m="8266" /><G49/><T123/><D123/><U70/><E70/><V82/><F27/><N who="3" m="6915" /><W57/><DORA hai="98" /><G91/><T119/><D28/><U41/><E29/><V128/><F128/><W62/><G57/><T115/><D32/><U63/><E63/><AGARI ba="0,0" hai="43,47,50,62,63,85,89,95" m="6915,8266" machi="63" ten="40,2000,0" yaku="8,1" doraHai="33,98" who="3" fromWho="1" sc="214,0,431,-20,347,0,8,20" /><INIT seed="3,1,0,2,4,30" ten="214,411,347,28" oya="3" hai0="111,134,116,101,78,24,33,25,35,102,86,17,124" hai1="119,113,59,34,103,67,94,49,36,19,44,31,2" hai2="10,131,60,45,126,74,97,15,112,84,29,98,109" hai3="4,65,61,79,40,53,125,11,52,0,73,51,77"/><W39/><G125/><T20/><D116/><U23/><E113/><V68/><F74/><W130/><G130/><T63/><D124/><U64/><E2/><V129/><F112/><W9/><G9/><T117/><D117/><U81/><E81/><V121/><F121/><W46/><G73/><T3/><D3/><U54/><E119/><V28/><F84/><W22/><G22/><T114/><D114/><U41/><E34/><V90/><F45/><W16/><G16/><T108/><D134/><U110/><E110/><N who="0" m="42025" /><D25/><U133/><E31/><N who="2" m="11851" /><F90/><W55/><REACH who="3" step="1"/><G39/><REACH who="3" ten="214,411,347,18" step="2"/><T99/><D17/><U82/><E133/><V7/><F109/><W105/><G105/><T69/><D20/><U88/><E23/><V13/><F126/><W87/><G87/><T100/><D24/><U56/><E19/><V8/><F131/><W27/><G27/><T75/><D75/><U89/><E36/><V120/><F129/><W38/><G38/><T62/><D99/><U26/><E26/><V1/><F98/><W5/><G5/><T95/><D86/><U92/><E103/><V107/><F8/><W123/><G123/><T118/><D102/><U21/><E21/><V80/><F120/><W70/><AGARI ba="1,1" hai="0,4,11,40,46,51,52,53,55,61,65,70,77,79" machi="70" ten="30,6000,0" yaku="1,1,0,1,54,1,53,0" doraHai="30" doraHaiUra="115" who="3" fromWho="3" sc="214,-21,411,-21,347,-21,18,73" /><INIT seed="3,2,0,4,4,52" ten="193,390,326,91" oya="3" hai0="23,107,7,129,9,130,37,78,88,34,102,22,106" hai1="2,3,40,30,118,89,51,54,82,86,79,68,39" hai2="31,81,70,84,128,108,91,65,24,53,48,41,38" hai3="35,58,49,44,92,99,120,98,62,19,80,28,55"/><W26/><G120/><T93/><D34/><U5/><E118/><V67/><F128/><N who="0" m="49258" /><D78/><U61/><E30/><V119/><F119/><W12/><G80/><T87/><D37/><U103/><E103/><V18/><F70/><W11/><REACH who="3" step="1"/><G92/><REACH who="3" ten="193,390,326,81" step="2"/><T60/><D107/><U43/><E82/><V85/><F81/><W76/><G76/><T109/><D106/><U21/><E79/><V47/><F91/><W75/><G75/><T32/><D102/><U0/><E89/><V1/><F85/><W20/><G20/><T66/><D32/><U69/><E21/><V4/><F84/><W73/><G73/><T27/><D27/><U45/><E86/><V90/><F90/><W101/><G101/><T113/><D113/><U29/><E69/><V110/><F24/><W104/><G104/><T94/><D94/><U72/><E72/><V50/><F31/><W83/><G83/><T111/><D23/><U135/><E29/><V121/><F121/><W112/><G112/><T57/><D22/><U97/><E68/><V127/><F127/><W125/><G125/><T133/><D133/><U96/><E135/><V74/><F74/><W64/><AGARI ba="2,1" hai="11,12,19,26,28,35,44,49,55,58,62,64,98,99" machi="64" ten="20,7800,0" yaku="1,1,0,1,7,1,52,1,53,0" doraHai="52" doraHaiUra="126" who="3" fromWho="3" sc="193,-28,390,-28,326,-28,81,94" /><INIT seed="3,3,0,2,3,91" ten="165,362,298,175" oya="3" hai0="101,48,6,123,114,57,42,86,16,124,58,2,106" hai1="130,34,71,69,1,85,92,35,90,19,0,64,77" hai2="53,128,72,65,28,94,81,96,113,52,135,73,23" hai3="133,68,112,74,134,49,121,24,30,9,117,38,102"/><W88/><G112/><T127/><D123/><U103/><E130/><V62/><F128/><W15/><G121/><T46/><D114/><U104/><E19/><V47/><F113/><W82/><G117/><T61/><D86/><U17/><E17/><V31/><F135/><N who="3" m="51723" /><G38/><T36/><D6/><U105/><E77/><V125/><F125/><N who="0" m="48202" /><D2/><U12/><E12/><V43/><F73/><W56/><G68/><N who="1" m="26186" /><E64/><V108/><F81/><W22/><G102/><T20/><D61/><U51/><E51/><N who="2" m="27135" /><F72/><W98/><G74/><T59/><D101/><U37/><E103/><N who="2" m="60823" /><F31/><W25/><G25/><N who="0" m="14471" /><D106/><N who="1" m="41067" /><E37/><AGARI ba="3,0" hai="36,37,42,46,48,57,58,59" m="14471,48202" machi="37" ten="30,2000,0" yaku="18,1,54,1" doraHai="91" who="0" fromWho="1" sc="165,29,362,-29,298,0,175,0" /><INIT seed="4,0,0,4,5,116" ten="194,333,298,175" oya="0" hai0="54,24,76,0,44,66,127,71,45,61,83,120,89" hai1="115,47,100,125,62,2,59,135,56,35,91,11,131" hai2="60,119,97,75,68,28,12,31,134,46,78,7,50" hai3="55,18,94,84,29,129,43,21,79,121,36,106,25"/><T19/><D120/><U70/><E35/><V107/><F119/><W67/><G129/><T95/><D127/><U102/><E70/><V108/><F108/><W52/><G106/><T4/><D54/><U99/><E2/><V57/><F68/><W39/><G121/><T93/><D93/><U6/><E47/><V113/><F134/><W86/><G67/><T73/><D4/><U41/><E41/><V33/><F33/><W3/><G3/><T38/><D38/><U22/><E22/><V103/><F78/><W37/><G43/><T26/><D0/><U10/><E91/><V27/><F27/><W123/><G123/><T48/><D19/><U20/><E20/><V118/><F118/><W14/><G94/><T13/><D13/><U74/><E74/><V58/><F75/><W132/><G132/><T88/><D89/><U1/><E1/><V110/><F12/><W81/><REACH who="3" step="1"/><G86/><REACH who="3" ten="194,333,298,165" step="2"/><T112/><D112/><U72/><E135/><V15/><F113/><W34/><AGARI ba="0,1" hai="14,18,21,25,29,34,36,37,39,52,55,79,81,84" machi="34" ten="30,8000,1" yaku="1,1,2,1,0,1,54,1,53,1" doraHai="116" doraHaiUra="9" who="3" fromWho="3" sc="194,-40,333,-20,298,-20,165,90" /><INIT seed="5,0,0,2,5,114" ten="154,313,278,255" oya="1" hai0="109,11,80,13,135,24,98,72,37,65,3,19,60" hai1="54,34,115,48,87,43,129,41,83,38,101,126,105" hai2="33,46,9,50,104,100,70,120,96,22,133,2,103" hai3="108,75,57,47,10,99,67,130,31,88,125,85,134"/><U39/><E34/><V116/><F103/><W56/><G108/><T123/><D109/><U90/><E115/><V45/><F45/><W30/><G130/><T4/><D123/><U111/><E111/><V5/><F120/><W81/><G125/><T8/><D135/><U29/><E29/><V32/><F133/><W23/><G134/><T92/><D37/><U131/><E126/><V84/><F70/><W36/><G75/><T76/><D24/><U106/><E101/><V113/><F113/><W128/><G128/><N who="1" m="49226" /><E43/><V132/><F132/><W110/><G110/><T7/><D3/><U25/><E25/><V63/><F63/><W78/><G10/><T28/><D28/><U89/><E89/><V117/><F84/><W122/><G122/><T21/><D4/><U79/><E90/><V27/><F33/><W35/><G35/><T127/><D127/><U15/><E15/><V12/><F2/><W94/><G23/><T69/><REACH who="0" step="1"/><D7/><REACH who="0" ten="144,313,278,255" step="2"/><U52/><E39/><V17/><REACH who="2" step="1"/><F32/><REACH who="2" ten="144,313,268,255" step="2"/><W6/><G36/><T40/><D40/><AGARI ba="0,2" hai="5,9,12,17,22,27,40,46,50,96,100,104,116,117" machi="40" ten="30,8000,1" yaku="1,1,2,1,7,1,52,2,53,0" doraHai="114" doraHaiUra="91" who="2" fromWho="0" sc="144,-80,313,0,268,100,255,0" /><INIT seed="6,0,0,2,4,7" ten="64,313,368,255" oya="2" hai0="113,122,20,89,8,128,55,95,83,92,87,133,19" hai1="32,90,38,59,48,116,23,76,117,64,2,84,51" hai2="0,49,31,39,42,73,21,115,11,65,62,29,94" hai3="66,6,26,45,109,135,101,16,52,61,119,47,17"/><V14/><F73/><W4/><G109/><T13/><D122/><U36/><E32/><V79/><F0/><W15/><G135/><T60/><D133/><U103/><E103/><V129/><F39/><W121/><G119/><T50/><D128/><U110/><E76/><V67/><F129/><W126/><G126/><T132/><D132/><U74/><E74/><V111/><F111/><W100/><G121/><T134/><D134/><U35/><E35/><V124/><F79/><W82/><G82/><T5/><D113/><U104/><E104/><V22/><F115/><W96/><G26/><T41/><D60/><U30/><E110/><V130/><F124/><W78/><G78/><T43/><D95/><U72/><E72/><V37/><F37/><W9/><G4/><T69/><D83/><U1/><E64/><N who="2" m="24651" /><F62/><W125/><G125/><T93/><D93/><U123/><E123/><V24/><F94/><N who="3" m="58391" /><G101/><T77/><D77/><U102/><E102/><V10/><F130/><W53/><G66/><T68/><D68/><U12/><E90/><V107/><F107/><W97/><G97/><T27/><REACH who="0" step="1"/><D69/><REACH who="0" ten="54,313,368,255" step="2"/><U63/><E63/><V86/><F86/><W91/><G61/><T28/><D28/><U57/><E30/><V120/><F120/><W54/><G91/><T75/><D75/><U58/><E84/><V105/><F105/><W3/><G3/><N who="1" m="1034" /><E117/><V99/><F31/><W127/><G127/><T114/><D114/><U98/><E98/><V70/><F99/><W40/><G40/><T25/><D25/><U88/><E116/><V81/><F70/><W80/><G80/><RYUUKYOKU ba="0,1" sc="54,15,313,-15,368,-15,255,15" hai0="5,8,13,19,20,27,41,43,50,55,87,89,92" hai3="6,9,15,16,17,45,47,52,53,54" /><INIT seed="7,1,1,0,1,38" ten="69,298,353,270" oya="3" hai0="20,35,12,41,69,21,34,46,19,61,2,133,86" hai1="95,101,76,134,23,120,135,124,18,97,74,84,26" hai2="98,116,117,60,64,6,102,11,5,130,94,103,32" hai3="57,0,25,75,10,67,33,63,87,106,29,8,55"/><W85/><G75/><T109/><D133/><N who="1" m="50699" /><E124/><V16/><F32/><W15/><G106/><T68/><D109/><U17/><E120/><V66/><F130/><W70/><G0/><T128/><D128/><U24/><E74/><V45/><F45/><W118/><G118/><T83/><D2/><U112/><E112/><V51/><F51/><W119/><G119/><T111/><D111/><U22/><E84/><V108/><F108/><W47/><G47/><T43/><D46/><U81/><E81/><V88/><F117/><W89/><G89/><T42/><D35/><U39/><E39/><V31/><F31/><W4/><REACH who="3" step="1"/><G8/><REACH who="3" ten="69,298,353,260" step="2"/><T73/><D73/><U80/><E80/><V91/><F116/><W27/><G27/><T37/><D37/><U110/><E110/><V13/><F91/><W115/><G115/><T123/><D123/><U54/><E76/><V44/><F44/><W71/><G71/><T129/><D129/><U114/><E114/><V14/><F5/><W77/><G77/><T56/><D34/><U127/><E127/><V62/><F103/><W78/><G78/><T121/><D121/><U122/><E122/><V107/><F102/><W30/><G30/><T59/><D21/><U7/><E7/><V96/><F107/><W36/><G36/><T72/><D72/><U104/><E104/><V48/><F6/><W99/><G99/><T132/><D132/><U79/><E79/><V3/><F98/><W92/><G92/><T9/><D9/><U1/><E1/><V49/><F3/><W58/><G58/><N who="0" m="22059" /><D61/><AGARI ba="1,2" hai="4,10,15,25,29,33,55,57,61,63,67,70,85,87" machi="61" ten="30,2900,0" yaku="1,1,7,1,53,0" doraHai="38" doraHaiUra="131" who="3" fromWho="0" sc="69,-32,298,0,353,0,260,52" /><INIT seed="7,2,0,1,5,78" ten="37,298,353,312" oya="3" hai0="68,42,123,47,117,130,29,112,82,5,89,4,65" hai1="39,113,56,61,93,63,87,60,116,50,135,19,103" hai2="83,80,125,17,20,1,73,74,76,28,70,18,2" hai3="58,75,26,111,0,121,16,32,43,90,7,11,49"/><W84/><G121/><T104/><D89/><U3/><E3/><V88/><F70/><W15/><G75/><T94/><D82/><U127/><E113/><V79/><F125/><W115/><G115/><T119/><D94/><U98/><E39/><V44/><F44/><W120/><G120/><T72/><D29/><U71/><E71/><V110/><F110/><W55/><G111/><T114/><D5/><U36/><E36/><V129/><F129/><W54/><G43/><T128/><D4/><U118/><E135/><V92/><F28/><W100/><G100/><T57/><D57/><U24/><E87/><V133/><F133/><W86/><G32/><T96/><D65/><U45/><E127/><V106/><F106/><W14/><G0/><T124/><D47/><U95/><E95/><V35/><F35/><W102/><G102/><T107/><D42/><N who="1" m="24887" /><E19/><V85/><F18/><W122/><G122/><T23/><D23/><U69/><E69/><V34/><F34/><W67/><G26/><AGARI ba="2,0" hai="1,2,17,20,26,73,74,76,79,80,83,85,88,92" machi="26" ten="30,8000,1" yaku="7,1,9,1,52,2,54,1" doraHai="78" who="2" fromWho="3" sc="37,0,298,0,353,86,312,-86" owari="37,-46.0,298,10.0,439,53.0,226,-17.0" /></mjloggm>