<mjloggm ver="2.3"><GO type="169" lobby="0"/><UN n0="%E9%87%8C%E6%9C%A8%E4%BB%81" n1="%52%45%49%4E%E6%A3%AE%E4%B9%85%E4%BF%9D%50" n2="%E3%82%AA%E3%82%AC%E3%83%8E%E3%83%AB%E3%83%BC%E3%83%88" n3="%E6%AD%A6%E5%89%87%E8%BC%9D%E6%B5%B7" dan="16,16,16,16" rate="2108.60,2143.95,2015.82,2100.39" sx="M,M,M,M"/><TAIKYOKU oya="0"/><INIT seed="0,0,0,2,0,132" ten="250,250,250,250" oya="0" hai0="95,15,73,17,21,123,62,16,86,124,0,91,101" hai1="58,105,24,68,76,19,11,130,25,92,59,107,43" hai2="110,115,12,52,34,106,121,66,27,117,32,89,61" hai3="128,104,50,38,82,80,30,47,119,31,65,127,54"/><T23/><D123/><U18/><E68/><V125/><F121/><W36/><G104/><T85/><D73/><U116/><E76/><V1/><F115/><W133/><G119/><T90/><D124/><U46/><E116/><V51/><F1/><W88/><G133/><T20/><D0/><U60/><E92/><V8/><F117/><W118/><G118/><T44/><D101/><U75/><E75/><V122/><F122/><W29/><G128/><T41/><D62/><U22/><E130/><V94/><F125/><W72/><G65/><T134/><D17/><U74/><E74/><V113/><F110/><W56/><G127/><T10/><D134/><U26/><E11/><V102/><F102/><W108/><G108/><T55/><D55/><U87/><E87/><V64/><F106/><W114/><G114/><T53/><D53/><U70/><E70/><V81/><F81/><W112/><G112/><T63/><D63/><U79/><E79/><V67/><F27/><W99/><G47/><T109/><D109/><U39/><E59/><V77/><F61/><W71/><G71/><T45/><REACH who="0" step="1"/><D41/><REACH who="0" ten="240,250,250,250" step="2"/><U111/><E111/><V49/><F113/><W103/><G72/><T100/><D100/><U9/><E19/><V42/><F42/><W84/><G103/><T48/><D48/><U40/><E40/><V78/><F49/><W131/><G131/><T37/><D37/><U14/><REACH who="1" step="1"/><E9/><REACH who="1" ten="240,240,250,250" step="2"/><V135/><F8/><W4/><G56/><T7/><D7/><U57/><E57/><V96/><F135/><W69/><G4/><T35/><D35/><U28/><E28/><RYUUKYOKU ba="0,2" sc="240,15,240,15,250,-15,250,-15" hai0="10,15,16,20,21,23,44,45,85,86,90,91,95" hai1="14,18,22,24,25,26,39,43,46,58,60,105,107" /><INIT seed="0,1,2,2,5,128" ten="255,255,235,235" oya="0" hai0="81,89,78,66,72,64,98,104,33,121,24,48,30" hai1="16,124,22,88,122,37,102,15,42,46,110,65,12" hai2="58,32,103,105,5,47,68,116,97,53,120,114,69" hai3="129,94,3,35,75,62,36,73,131,10,93,19,70"/><T56/><D121/><U57/><E110/><V20/><F114/><W49/><G36/><T77/><D77/><U28/><E122/><V45/><F120/><W54/><G35/><T63/><D48/><U113/><E113/><V60/><F116/><W6/><G19/><T123/><D123/><U34/><E102/><V95/><F5/><W26/><G26/><T18/><D18/><U2/><E2/><V39/><F32/><W29/><G29/><T85/><D104/><U9/><E124/><V111/><F111/><W43/><G43/><T117/><D117/><U107/><E107/><V132/><F132/><W96/><G62/><T50/><D50/><U31/><E34/><V108/><F108/><W67/><G67/><T99/><REACH who="0" step="1"/><D66/><REACH who="0" ten="245,255,235,235" step="2"/><U17/><E65/><V90/><F39/><W115/><G49/><T101/><D101/><U135/><E135/><V126/><F126/><W134/><G134/><T23/><D23/><U91/><E57/><V59/><F20/><W119/><G115/><T61/><D61/><U106/><E106/><V21/><F21/><W82/><G119/><T79/><D79/><U8/><E22/><V71/><REACH who="2" step="1"/><F59/><REACH who="2" ten="245,255,225,235" step="2"/><W86/><G131/><T87/><D87/><AGARI ba="1,4" hai="45,47,53,58,60,68,69,71,87,90,95,97,103,105" machi="87" ten="40,5200,0" yaku="1,1,2,1,53,1" doraHai="128" doraHaiUra="92" who="2" fromWho="0" sc="245,-55,255,0,225,95,235,0" /><INIT seed="1,0,0,3,1,133" ten="190,255,320,235" oya="1" hai0="55,34,79,39,121,32,87,94,123,8,11,115,15" hai1="68,75,21,103,19,35,80,96,109,52,54,70,64" hai2="44,61,1,93,101,117,119,128,116,84,66,110,134" hai3="53,22,49,13,23,63,16,113,82,31,50,91,118"/><U58/><E35/><N who="0" m="13353" /><D115/><U99/><E109/><V69/><F134/><W130/><G113/><T27/><D39/><U125/><E125/><V72/><F72/><W124/><G130/><T12/><D55/><U78/><E54/><V62/><F1/><W98/><G124/><T40/><D40/><U36/><E36/><V104/><F110/><W30/><G118/><T92/><D27/><U10/><E10/><N who="0" m="3625" /><D79/><U107/><E99/><V106/><F128/><W67/><G23/><T65/><D65/><U112/><E64/><V120/><F120/><N who="0" m="46154" /><D87/><U5/><E5/><V122/><F122/><W17/><G50/><T105/><D105/><U37/><E37/><V127/><F127/><W85/><G98/><T3/><D3/><U25/><REACH who="1" step="1"/><E112/><REACH who="1" ten="190,245,320,235" step="2"/><V42/><F119/><W108/><G108/><T28/><D28/><U38/><E38/><V90/><F117/><W71/><REACH who="3" step="1"/><G17/><REACH who="3" ten="190,245,320,225" step="2"/><T89/><D89/><U7/><E7/><V29/><F116/><W74/><G74/><T97/><D97/><U14/><E14/><AGARI ba="0,2" hai="12,14,15,92,94" m="46154,3625,13353" machi="14" ten="40,5200,0" yaku="28,2,13,1" doraHai="133" who="0" fromWho="1" sc="190,72,245,-52,320,0,225,0" /><INIT seed="2,0,0,5,4,75" ten="262,193,320,225" oya="2" hai0="40,49,109,98,101,30,72,97,104,83,105,48,99" hai1="65,74,102,54,20,81,119,38,127,19,52,96,126" hai2="42,58,24,41,125,68,115,62,71,17,15,85,124" hai3="90,57,116,69,70,100,89,88,117,29,76,36,91"/><V21/><F115/><W122/><G36/><T44/><D109/><U43/><E65/><V113/><F113/><W110/><G122/><T63/><D30/><U32/><E32/><V3/><F3/><W9/><G110/><T73/><D63/><U111/><E119/><V133/><F85/><W92/><G100/><T26/><D26/><U93/><E111/><V25/><F133/><W103/><G103/><T22/><D22/><U55/><E43/><V87/><F87/><W1/><G29/><T46/><D104/><U82/><E38/><V61/><F58/><W4/><G57/><T77/><REACH who="0" step="1"/><D72/><REACH who="0" ten="252,193,320,225" step="2"/><U114/><E114/><V135/><F135/><W129/><G117/><T18/><D18/><U12/><REACH who="1" step="1"/><E74/><REACH who="1" ten="252,183,320,225" step="2"/><V51/><F41/><AGARI ba="0,2" hai="40,41,44,46,48,49,73,77,83,97,98,99,101,105" machi="41" ten="30,12000,2" yaku="1,1,7,1,9,1,52,1,53,2" doraHai="75" doraHaiUra="39" who="0" fromWho="2" sc="252,140,183,0,320,-120,225,0" /><INIT seed="3,0,0,1,2,108" ten="392,183,200,225" oya="3" hai0="91,27,65,37,109,3,28,104,115,19,21,50,97" hai1="89,66,119,0,59,44,33,83,54,17,81,64,61" hai2="84,99,103,12,131,90,10,101,29,40,9,82,126" hai3="111,132,127,135,95,16,73,36,60,85,5,88,74"/><W102/><G36/><T123/><D123/><U133/><E0/><V6/><F126/><W75/><G5/><T11/><D37/><U69/><E33/><V4/><F131/><W78/><G127/><T43/><D104/><U49/><E133/><N who="3" m="51274" /><G60/><T32/><D3/><U52/><E119/><V100/><F40/><W42/><G42/><T56/><D109/><U7/><E7/><V120/><F120/><W45/><G45/><N who="0" m="25919" /><D32/><U114/><E114/><V30/><REACH who="2" step="1"/><F99/><REACH who="2" ten="392,183,190,225" step="2"/><N who="3" m="59775" /><G111/><T35/><D115/><U15/><E69/><V38/><F38/><W130/><G130/><T51/><D97/><U18/><E18/><V124/><F124/><W53/><G16/><T71/><D19/><U77/><E77/><V93/><F93/><N who="3" m="54415" /><G53/><T20/><D71/><U87/><REACH who="1" step="1"/><E83/><AGARI ba="0,1" hai="73,74,75,78,83" m="54415,59775,51274" machi="83" ten="30,11600,0" yaku="20,1,34,2,54,1" doraHai="108" who="3" fromWho="1" sc="392,0,183,-116,190,0,225,126" /><INIT seed="3,1,0,5,1,109" ten="392,67,190,351" oya="3" hai0="70,76,92,77,123,122,66,113,51,67,13,1,82" hai1="104,4,133,24,20,120,94,90,44,100,16,10,45" hai2="124,8,41,93,101,21,80,22,130,78,26,39,108" hai3="3,27,47,83,135,87,110,57,55,61,81,107,29"/><W35/><G107/><T71/><D1/><U75/><E75/><V18/><F108/><W79/><G110/><T128/><D13/><U0/><E133/><V19/><F124/><W6/><G135/><T9/><D9/><U105/><E120/><N who="0" m="46121" /><D51/><U31/><E100/><V56/><F130/><W33/><G3/><T131/><D92/><U7/><E7/><V59/><F39/><W38/><G6/><T114/><D66/><U85/><E45/><V52/><F41/><W72/><G38/><T36/><D36/><U42/><REACH who="1" step="1"/><E31/><REACH who="1" ten="392,57,190,351" step="2"/><V65/><F101/><W73/><G47/><T14/><D71/><U60/><E60/><V102/><F102/><W89/><REACH who="3" step="1"/><G72/><REACH who="3" ten="392,57,190,341" step="2"/><T103/><D131/><U62/><E62/><V125/><F125/><W134/><G134/><T54/><D128/><U126/><E126/><V40/><F65/><W112/><G112/><T32/><D67/><U34/><E34/><AGARI ba="1,2" hai="27,29,33,34,35,55,57,61,73,79,81,83,87,89" machi="34" ten="30,5800,0" yaku="1,1,7,1,53,1" doraHai="109" doraHaiUra="49" who="3" fromWho="1" sc="392,0,57,-61,190,0,341,81" owari="392,19.0,-4,-50.0,190,-21.0,422,52.0" /></mjloggm>