<mjloggm ver="2.3"><GO type="169" lobby="0"/><UN n0="%6E%79%61%73%75%76%69" n1="%E7%94%9F%E3%81%97%E3%82%89%E3%81%99" n2="%E6%B2%96%E3%83%92%E3%82%AB%E3%83%AB%EF%BC%88%E6%9C%AC%E7%89%A9%EF%BC%89" n3="%E5%8F%A4%E6%9C%AC" dan="18,16,16,16" rate="2201.25,2078.28,2073.50,2078.63" sx="M,M,F,M"/><TAIKYOKU oya="0"/><INIT seed="0,0,0,1,5,102" ten="250,250,250,250" oya="0" hai0="34,97,74,77,114,73,94,18,62,19,66,30,0" hai1="91,9,133,53,49,88,134,44,51,107,127,104,118" hai2="122,40,61,43,80,71,63,50,120,35,59,55,28" hai3="85,20,31,90,52,130,12,6,116,81,83,11,86"/><T129/><D114/><U124/><E118/><V54/><F35/><W2/><G130/><T46/><D0/><U26/><E9/><V98/><F28/><W68/><G68/><T8/><D129/><U65/><E26/><V125/><F80/><W87/><G116/><T16/><D8/><U45/><E53/><V78/><F78/><W13/><G86/><T128/><D128/><U75/><E65/><N who="2" m="41391" /><F98/><W56/><G31/><T42/><D34/><U89/><E89/><V41/><F125/><W17/><G2/><T10/><D10/><U57/><E57/><AGARI ba="0,0" hai="40,41,43,50,54,55,57,59,63,120,122" m="41391" machi="57" ten="30,2000,0" yaku="34,2" doraHai="102" who="2" fromWho="1" sc="250,0,250,-20,250,20,250,0" /><INIT seed="1,0,0,3,2,55" ten="250,230,270,250" oya="1" hai0="40,100,76,93,78,96,20,130,72,16,4,112,81" hai1="21,43,37,29,11,132,50,120,25,131,56,77,7" hai2="23,28,126,123,13,128,66,45,60,83,64,18,38" hai3="3,54,62,114,31,8,6,124,108,122,27,5,26"/><U42/><E120/><V71/><F123/><W53/><G122/><T15/><D130/><U49/><E132/><V103/><F128/><W44/><G114/><T97/><D112/><U9/><E131/><V69/><F126/><W58/><G124/><T89/><D40/><U34/><E34/><V88/><F103/><W17/><G108/><T105/><D4/><U51/><E77/><V0/><F0/><W32/><G27/><T118/><REACH who="0" step="1"/><D78/><REACH who="0" ten="240,230,270,250" step="2"/><U127/><E127/><V57/><F28/><W125/><G125/><T99/><D99/><U33/><E37/><V80/><F38/><W24/><G6/><T119/><AGARI ba="0,1" hai="15,16,20,72,76,81,89,93,96,97,100,105,118,119" machi="119" ten="30,4000,0" yaku="1,1,0,1,54,1,53,0" doraHai="55" doraHaiUra="36" who="0" fromWho="0" sc="240,50,230,-20,270,-10,250,-10" /><INIT seed="2,0,0,2,3,3" ten="290,210,260,240" oya="2" hai0="86,78,72,71,85,88,32,125,2,97,47,26,130" hai1="117,55,4,18,92,37,57,118,121,112,19,98,74" hai2="83,34,13,108,24,60,6,28,63,105,50,75,30" hai3="49,82,8,126,131,36,116,77,62,99,14,135,103"/><V41/><F105/><W40/><G116/><T33/><D71/><U43/><E112/><V15/><F108/><W21/><G36/><T102/><D125/><U35/><E74/><V113/><F113/><W104/><G126/><T79/><D2/><U45/><E35/><V129/><F129/><W120/><G120/><T64/><D64/><U81/><E121/><V5/><F75/><W39/><G39/><T124/><D124/><U90/><E81/><V65/><F83/><W12/><G131/><T89/><D47/><U69/><E69/><V114/><F114/><W59/><G135/><T128/><D72/><U54/><E54/><V80/><F80/><W44/><G21/><T122/><D26/><U22/><E4/><N who="2" m="1643" /><F34/><W94/><G104/><T123/><D97/><U84/><E18/><V1/><F1/><W101/><G103/><AGARI ba="0,0" hai="32,33,78,79,85,86,88,89,102,103,122,123,128,130" machi="103" ten="25,3200,0" yaku="22,2,54,1" doraHai="3" who="0" fromWho="3" sc="290,32,210,0,260,0,240,-32" /><INIT seed="3,0,0,3,3,65" ten="322,210,260,208" oya="3" hai0="56,129,17,125,93,43,109,101,87,32,73,13,7" hai1="96,98,47,91,106,33,102,131,68,62,1,74,90" hai2="107,29,122,114,21,117,23,72,89,50,84,64,9" hai3="128,59,104,39,78,34,121,6,41,55,42,30,53"/><W112/><G121/><T127/><D73/><U76/><E1/><V82/><F114/><W11/><G112/><T63/><D32/><U69/><E33/><V94/><F117/><W4/><G104/><T2/><D109/><U19/><E47/><V134/><F134/><W118/><G78/><T79/><D129/><U45/><E131/><V49/><F107/><W97/><G97/><T95/><D43/><U5/><E5/><V108/><F108/><W31/><G128/><T25/><D25/><U38/><E96/><V14/><F64/><W85/><G34/><T46/><D46/><U22/><E76/><V61/><F61/><W115/><G115/><T99/><D7/><U86/><E74/><V120/><F50/><W35/><G35/><T20/><D2/><U15/><E62/><V100/><F49/><W44/><G44/><T83/><REACH who="0" step="1"/><D95/><REACH who="0" ten="312,210,260,208" step="2"/><U51/><E38/><V58/><F72/><W113/><G39/><T88/><D88/><U0/><E0/><V18/><F122/><W80/><G4/><T126/><D126/><U12/><E12/><V57/><F120/><W116/><G6/><T81/><D81/><U70/><REACH who="1" step="1"/><E86/><REACH who="1" ten="312,200,260,208" step="2"/><V124/><F84/><W135/><G85/><T67/><AGARI ba="0,2" hai="13,17,20,56,63,67,79,83,87,93,99,101,125,127" machi="67" ten="30,2000,0" yaku="1,1,0,1,53,0" doraHai="65" doraHaiUra="40" who="0" fromWho="0" sc="312,40,200,-5,260,-5,208,-10" /><INIT seed="4,0,0,1,1,11" ten="352,195,255,198" oya="0" hai0="82,112,42,38,123,9,66,27,5,76,40,86,75" hai1="132,18,35,36,13,117,33,96,93,99,59,20,129" hai2="130,31,121,26,24,44,54,118,133,22,30,1,50" hai3="81,63,21,61,85,16,119,23,103,32,122,89,14"/><T15/><D123/><U71/><E117/><V45/><F121/><W55/><G122/><T94/><D112/><U77/><E71/><V8/><F118/><W73/><G119/><T105/><D38/><U57/><E36/><V64/><F133/><W37/><G32/><T102/><D66/><U17/><E129/><V131/><F64/><W67/><G37/><T43/><D105/><U91/><E77/><V39/><F1/><W106/><G73/><T97/><REACH who="0" step="1"/><D27/><REACH who="0" ten="342,195,255,198" step="2"/><U120/><E120/><V134/><F134/><W127/><G106/><T101/><D101/><U84/><E132/><V128/><F8/><W125/><G103/><T56/><D56/><N who="1" m="21579" /><E35/><N who="2" m="20935" /><F39/><W110/><G67/><T69/><D69/><U90/><E33/><V53/><F45/><W7/><G23/><T10/><D10/><N who="1" m="6327" /><E90/><V29/><F29/><W6/><G89/><T34/><D34/><U80/><E80/><V95/><F95/><W48/><G81/><T92/><D92/><U114/><E114/><V62/><F62/><W12/><G63/><T72/><AGARI ba="0,1" hai="5,9,15,40,42,43,72,75,76,82,86,94,97,102" machi="72" ten="30,6000,0" yaku="1,1,0,1,52,1,53,0" doraHai="11" doraHaiUra="46" who="0" fromWho="0" sc="342,70,195,-20,255,-20,198,-20" /><INIT seed="4,1,0,2,4,63" ten="412,175,235,178" oya="0" hai0="26,73,93,109,122,14,8,3,123,114,124,89,6" hai1="70,38,53,7,85,56,24,126,46,37,134,129,9" hai2="115,29,20,41,87,62,99,132,5,82,2,71,27" hai3="107,80,40,0,64,92,54,125,4,86,91,77,90"/><T69/><D73/><U47/><E70/><V13/><F115/><W52/><G107/><T39/><D39/><U110/><E110/><V96/><F2/><W106/><G106/><T66/><D114/><U97/><E97/><V84/><F84/><W102/><G125/><T120/><D124/><U65/><E126/><V33/><F41/><W127/><G40/><T118/><D118/><U117/><E37/><V31/><F31/><W30/><G30/><T45/><D45/><U35/><E38/><V75/><F75/><W16/><G127/><T59/><D69/><U79/><E134/><V11/><F33/><W113/><G4/><T98/><D109/><U49/><E65/><V131/><F131/><W18/><G64/><T116/><D26/><U12/><E117/><V108/><F132/><W15/><G18/><T111/><D111/><U81/><E129/><V32/><F32/><W55/><G0/><T121/><D116/><U105/><E105/><V57/><F71/><W119/><G113/><T25/><D25/><U50/><E35/><V44/><F44/><W100/><G119/><T130/><D130/><U72/><E24/><V101/><F101/><N who="3" m="39019" /><G92/><T48/><D3/><U60/><E72/><V95/><F95/><W23/><AGARI ba="1,0" hai="15,16,23,52,54,55,77,80,86,90,91" m="39019" machi="23" ten="30,4000,0" yaku="8,1,54,2" doraHai="63" who="3" fromWho="3" sc="412,-21,175,-11,235,-11,178,43" /><INIT seed="5,0,0,0,0,127" ten="391,164,224,221" oya="1" hai0="69,82,135,51,125,37,132,49,16,115,100,45,23" hai1="19,52,126,27,80,119,8,124,75,61,33,48,79" hai2="88,72,9,99,15,131,83,87,93,53,5,120,6" hai3="20,54,85,55,28,123,74,14,3,86,105,64,57"/><U36/><E119/><V42/><F120/><W116/><G123/><T39/><D69/><U133/><E36/><V11/><F72/><W29/><G74/><T84/><D100/><U43/><E133/><N who="0" m="51273" /><D115/><U68/><E43/><V25/><F25/><W18/><G3/><T71/><D71/><U50/><E33/><V102/><F131/><W111/><G105/><T97/><D97/><U30/><E8/><V94/><F53/><N who="3" m="19979" /><G111/><T70/><D70/><U34/><E19/><V12/><REACH who="2" step="1"/><F42/><REACH who="2" ten="391,164,214,221" step="2"/><W77/><G116/><T117/><D117/><U17/><E17/><V7/><F7/><W108/><G108/><T46/><D16/><U35/><E35/><V1/><F1/><W81/><G18/><T103/><D125/><N who="1" m="48235" /><E52/><V76/><F76/><W21/><G77/><T32/><D32/><U129/><E129/><V98/><F98/><W31/><G29/><T134/><D134/><U118/><E118/><V101/><F101/><W106/><G31/><T0/><D0/><U89/><E89/><V56/><F56/><W65/><G57/><T38/><D103/><U47/><E47/><V128/><F128/><W109/><G28/><T26/><D46/><U122/><E122/><V41/><F41/><W113/><G109/><T10/><D45/><U78/><E78/><V114/><F114/><W24/><G113/><T22/><D26/><U90/><E90/><V96/><F96/><W67/><G24/><T107/><D51/><U91/><E91/><V44/><F44/><W59/><G59/><T92/><D49/><U63/><E68/><V2/><F2/><W40/><G40/><RYUUKYOKU ba="0,1" sc="391,-15,164,15,214,15,221,-15" hai1="27,30,34,48,50,61,63,75,79,80" hai2="5,6,9,11,12,15,83,87,88,93,94,99,102" /><INIT seed="5,1,1,5,1,110" ten="376,179,229,206" oya="1" hai0="31,12,128,99,125,43,129,127,109,60,74,56,30" hai1="75,21,6,18,19,123,58,1,59,4,53,117,69" hai2="89,44,29,92,83,7,96,105,14,102,133,67,45" hai3="87,114,22,37,108,48,72,46,101,79,116,107,106"/><U49/><E117/><V2/><F2/><W121/><G108/><T66/><D109/><U40/><E69/><V97/><F133/><W113/><G121/><T54/><D74/><U51/><E75/><V10/><F67/><W64/><G37/><T55/><D43/><U86/><E1/><V3/><F3/><W24/><G72/><T73/><D73/><U85/><E123/><V50/><F29/><N who="0" m="10762" /><D12/><N who="1" m="9415" /><E19/><V42/><F45/><W100/><G116/><T81/><D81/><U93/><E93/><V104/><F83/><N who="3" m="47615" /><G107/><AGARI ba="1,1" hai="7,10,14,42,44,50,89,92,96,97,102,104,105,107" machi="107" ten="30,1000,0" yaku="7,1" doraHai="110" who="2" fromWho="3" sc="376,0,179,0,229,23,206,-13" /><INIT seed="6,0,0,1,0,74" ten="376,179,252,193" oya="2" hai0="131,66,24,130,108,35,58,76,16,14,54,7,20" hai1="44,105,71,99,68,0,92,91,127,129,43,51,102" hai2="11,104,13,10,117,64,123,86,5,6,55,4,132" hai3="103,50,21,1,28,19,100,126,107,73,52,118,120"/><V113/><F104/><W90/><G120/><T83/><D108/><U134/><E129/><N who="0" m="49161" /><D66/><U18/><E134/><V9/><F123/><W88/><G118/><T82/><D76/><U94/><E127/><V78/><F117/><W111/><G73/><T75/><D75/><U60/><E0/><V27/><F64/><W61/><G1/><T97/><D97/><U25/><E105/><V112/><F132/><W79/><G111/><T106/><D106/><U119/><E119/><V12/><F55/><W135/><G135/><T84/><D84/><U47/><E60/><V98/><F98/><W56/><G79/><T39/><D39/><U95/><E95/><V22/><F86/><W81/><G107/><T57/><D57/><U122/><E122/><V110/><F78/><W17/><G126/><T77/><D77/><U72/><E72/><V96/><F96/><W46/><G81/><T8/><D35/><U89/><E102/><N who="3" m="38954" /><G28/><T34/><D34/><U40/><E18/><N who="3" m="6666" /><G21/><T42/><D42/><AGARI ba="0,0" hai="42,46,50,52,56,61,88,90" m="6666,38954" machi="42" ten="30,3900,0" yaku="8,1,54,2" doraHai="74" who="3" fromWho="0" sc="376,-39,179,0,252,0,193,39" /><INIT seed="7,0,0,3,0,5" ten="337,179,252,232" oya="3" hai0="101,32,73,24,36,4,40,90,69,50,57,54,123" hai1="110,8,116,104,45,38,107,41,122,129,86,93,131" hai2="6,112,67,21,2,28,95,103,3,13,125,79,11" hai3="115,127,30,31,22,83,82,105,75,96,132,128,35"/><W78/><G35/><T7/><D73/><U33/><E110/><V48/><F112/><W56/><G115/><T34/><D123/><U102/><E122/><V59/><F79/><W12/><G127/><T15/><D101/><U27/><E116/><V74/><F74/><W61/><G83/><T134/><D134/><U76/><E33/><V58/><F58/><W98/><G132/><T44/><D34/><U0/><E27/><N who="2" m="16495" /><F48/><W72/><G72/><T77/><D77/><U109/><E109/><V124/><F3/><W99/><G105/><T49/><D15/><U23/><E23/><V100/><F13/><W91/><G91/><T94/><D69/><U68/><E68/><V88/><F88/><W97/><G97/><T135/><D36/><U87/><E93/><V29/><F29/><W62/><G62/><T9/><D32/><U16/><E87/><V14/><F2/><W46/><G46/><T85/><D135/><U10/><E0/><V121/><F121/><W42/><G42/><T60/><D49/><U52/><E52/><V71/><F71/><W19/><REACH who="3" step="1"/><G128/><REACH who="3" ten="337,179,252,222" step="2"/><N who="1" m="49226" /><E16/><V106/><F106/><N who="1" m="40489" /><E102/><V113/><F113/><W47/><G47/><T108/><D44/><U18/><E18/><V120/><F120/><W119/><G119/><T118/><D118/><U37/><E37/><V133/><F133/><W20/><G20/><T89/><D89/><U63/><E63/><N who="2" m="38399" /><F103/><W80/><G80/><AGARI ba="0,1" hai="8,10,38,41,45,76,80,86" m="40489,49226" machi="80" ten="30,3900,0" yaku="19,1,52,2" doraHai="5" who="1" fromWho="3" sc="337,0,179,49,252,0,222,-39" owari="337,44.0,228,-17.0,252,5.0,183,-32.0" /></mjloggm>