<mjloggm ver="2.3"><GO type="169" lobby="0"/><UN n0="%E3%81%B4%E3%82%8C" n1="%E8%A5%BF%E6%9D%91%E9%9B%84%E4%B8%80%E9%83%8E" n2="%74%6E%66%73%68%32%30%34" n3="%E7%AB%8B%E7%9B%B4%E5%BE%8C%E5%8D%B3%E6%94%BE%E9%8A%83" dan="16,18,17,16" rate="2093.05,2341.57,2150.83,2093.58" sx="M,M,M,F"/><TAIKYOKU oya="0"/><INIT seed="0,0,0,2,3,73" ten="250,250,250,250" oya="0" hai0="110,80,12,25,112,115,71,83,118,8,75,10,5" hai1="6,62,41,50,84,88,70,65,27,45,91,9,99" hai2="108,127,81,111,2,74,0,66,95,116,135,123,92" hai3="11,17,85,22,96,37,34,114,35,133,90,58,100"/><T63/><D118/><U18/><E99/><V89/><F123/><W101/><G133/><T106/><D106/><U94/><E91/><V77/><F135/><W64/><G114/><T28/><D110/><N who="2" m="42026" /><F116/><W86/><G37/><T120/><D120/><U43/><E27/><V39/><F39/><W14/><G35/><T24/><D80/><U105/><E18/><V78/><F66/><W4/><G34/><T57/><D71/><U32/><E32/><V98/><F127/><W69/><G69/><T56/><D56/><U42/><REACH who="1" step="1"/><E105/><REACH who="1" ten="250,240,250,250" step="2"/><V51/><F98/><W119/><G96/><T121/><D24/><U49/><E49/><V102/><F51/><W124/><G124/><T29/><D121/><U31/><E31/><V104/><F104/><W128/><G119/><T1/><D29/><U15/><AGARI ba="0,1" hai="6,9,15,41,42,43,45,50,62,65,70,84,88,94" machi="15" ten="20,8000,1" yaku="1,1,0,1,7,1,54,1,53,1" doraHai="73" doraHaiUra="60" who="1" fromWho="1" sc="250,-40,240,90,250,-20,250,-20" /><INIT seed="1,0,0,3,1,74" ten="210,330,230,230" oya="1" hai0="65,44,111,35,6,23,69,79,0,34,103,72,135" hai1="73,116,110,29,55,101,106,122,105,59,21,45,109" hai2="36,37,112,49,113,104,43,95,42,40,87,16,39" hai3="133,67,41,30,123,26,94,99,131,56,13,129,128"/><U90/><E116/><V134/><F104/><W15/><G123/><T78/><D111/><N who="1" m="42507" /><E122/><V33/><F33/><W54/><G133/><T108/><D108/><U48/><E73/><V57/><F95/><W32/><G67/><T10/><D135/><U51/><E90/><V4/><F4/><W76/><G76/><T62/><D23/><U80/><E80/><V14/><F87/><W19/><G41/><T24/><D103/><U121/><E121/><V12/><F134/><W89/><REACH who="3" step="1"/><G19/><REACH who="3" ten="210,330,230,220" step="2"/><T66/><D65/><U124/><E124/><V20/><F113/><W114/><G114/><T125/><D125/><U28/><E101/><V127/><F112/><W46/><G46/><T132/><D132/><U126/><E126/><V27/><F127/><W83/><G83/><T63/><D78/><U52/><E29/><V81/><F81/><W96/><G96/><T85/><D44/><U9/><E9/><V70/><F70/><W71/><G71/><T47/><D47/><U5/><E5/><V107/><REACH who="2" step="1"/><F107/><REACH who="2" ten="210,330,220,220" step="2"/><W53/><G53/><AGARI ba="0,2" hai="12,14,16,20,27,36,37,39,40,42,43,49,53,57" machi="53" ten="50,8000,1" yaku="1,1,2,1,54,1,53,1" doraHai="74" doraHaiUra="17" who="2" fromWho="3" sc="210,0,330,0,220,100,220,-80" /><INIT seed="2,0,0,2,0,36" ten="210,330,320,140" oya="2" hai0="97,87,46,49,110,91,90,75,53,14,129,96,64" hai1="115,55,25,135,19,125,111,84,113,132,57,22,33" hai2="131,99,34,43,120,93,39,23,5,67,38,123,70" hai3="83,11,1,35,37,121,66,12,107,82,29,80,44"/><V45/><F34/><W3/><G121/><T78/><D110/><U98/><E111/><V52/><F5/><W51/><G107/><T42/><D129/><U15/><E125/><V109/><F109/><W8/><G37/><T20/><D75/><U126/><E126/><V127/><F127/><W59/><G35/><T116/><D116/><U69/><E69/><V86/><F39/><W118/><G118/><T7/><D64/><U71/><E71/><V88/><F131/><W79/><G29/><T81/><D53/><U10/><E84/><V106/><F23/><W40/><G79/><T61/><D61/><N who="1" m="36031" /><E98/><N who="0" m="37993" /><D20/><U65/><E65/><V28/><F28/><W26/><G26/><T50/><D50/><U9/><E9/><AGARI ba="0,0" hai="7,9,14,42,46,49,78,81,87,90,91" m="37993" machi="9" ten="30,3900,0" yaku="25,1,8,1,52,1" doraHai="36" who="0" fromWho="1" sc="210,39,330,-39,320,0,140,0" /><INIT seed="3,0,0,5,0,59" ten="249,291,320,140" oya="3" hai0="57,26,83,77,46,53,111,16,20,39,50,130,4" hai1="32,31,81,72,95,84,17,126,71,64,105,106,120" hai2="18,12,21,86,93,76,88,11,73,56,113,30,6" hai3="38,131,68,62,55,121,51,52,125,98,1,110,97"/><W40/><G121/><T44/><D111/><U70/><E120/><V128/><F113/><W129/><G110/><T103/><D130/><N who="3" m="49673" /><G125/><T14/><D39/><U117/><E72/><V15/><F128/><W41/><G1/><T65/><D103/><U42/><E42/><N who="3" m="16490" /><G38/><T47/><D4/><U28/><E95/><V80/><F56/><N who="3" m="35103" /><G68/><T112/><D112/><U96/><E71/><V75/><REACH who="2" step="1"/><F30/><REACH who="2" ten="249,291,310,140" step="2"/><W100/><G100/><T69/><D69/><U36/><E31/><V58/><F58/><AGARI ba="0,1" hai="51,52,58,97,98" m="35103,16490,49673" machi="58" ten="30,5800,0" yaku="19,1,52,1,54,1" doraHai="59" who="3" fromWho="2" sc="249,0,291,0,310,-58,140,68" /><INIT seed="3,1,0,4,2,109" ten="249,291,252,208" oya="3" hai0="67,43,37,32,102,59,80,17,123,64,25,97,28" hai1="125,111,92,94,81,86,30,128,11,114,24,13,105" hai2="115,44,62,93,61,90,79,110,9,113,40,78,83" hai3="131,120,82,14,116,4,77,18,45,71,63,132,6"/><W48/><G116/><T87/><D123/><U69/><E105/><V3/><F110/><W74/><G120/><T89/><D37/><U21/><E69/><V47/><F47/><W58/><G131/><T121/><D121/><U50/><E111/><V73/><F79/><W72/><G132/><T99/><D43/><U55/><E114/><N who="2" m="43531" /><F93/><W70/><G74/><T39/><D39/><U56/><E128/><V96/><F96/><W130/><G130/><T118/><D118/><U22/><E22/><V16/><F16/><W76/><G76/><T122/><D122/><U65/><E65/><V68/><F90/><W23/><G71/><T33/><D33/><U54/><E54/><V133/><F133/><W0/><G0/><T106/><D97/><U84/><E84/><V57/><F57/><W27/><G27/><T88/><D89/><U129/><E129/><V51/><F51/><W108/><G108/><T60/><D17/><U52/><E55/><AGARI ba="1,0" hai="25,28,32,55,59,60,64,67,80,87,88,99,102,106" machi="55" ten="30,2000,0" yaku="7,1,54,1" doraHai="109" who="0" fromWho="1" sc="249,23,291,-23,252,0,208,0" /><INIT seed="4,0,0,0,3,72" ten="272,268,252,208" oya="0" hai0="70,111,92,67,80,11,106,55,7,132,85,77,118" hai1="62,40,78,115,60,83,133,89,73,130,50,96,52" hai2="30,18,22,63,127,134,59,119,128,64,0,113,99" hai3="5,24,36,2,81,32,21,34,82,48,94,90,95"/><T107/><D118/><U41/><E130/><V13/><F128/><W104/><G36/><T10/><D132/><U51/><E133/><V17/><F134/><W33/><G104/><T49/><D111/><U86/><E115/><V129/><F129/><W109/><G109/><T98/><D67/><U25/><E25/><V54/><F0/><W102/><G48/><T38/><D38/><U69/><E51/><V19/><F113/><W26/><G5/><T45/><D70/><U4/><E4/><V65/><F127/><W53/><G2/><T126/><D126/><U3/><E3/><V125/><F125/><W42/><G53/><T93/><D93/><N who="1" m="56367" /><E73/><V57/><F119/><W35/><G42/><N who="1" m="16490" /><E69/><V58/><F54/><W114/><G114/><T116/><D116/><U12/><E12/><V101/><F65/><W103/><G35/><T135/><D135/><U16/><E16/><V56/><REACH who="2" step="1"/><F30/><REACH who="2" ten="272,268,242,208" step="2"/><W37/><G34/><T47/><D47/><AGARI ba="0,1" hai="47,50,52,60,62,78,83,86" m="16490,56367" machi="47" ten="30,3900,0" yaku="8,1,52,1,54,1" doraHai="72" who="1" fromWho="0" sc="272,-39,268,49,242,0,208,0" /><INIT seed="5,0,0,4,2,22" ten="233,317,242,208" oya="1" hai0="107,83,92,19,52,66,78,49,56,1,5,125,97" hai1="45,65,36,29,12,14,35,62,86,82,85,89,91" hai2="94,99,133,47,117,59,71,109,95,123,87,4,37" hai3="26,130,76,38,79,16,54,80,30,61,72,18,102"/><U129/><E129/><V15/><F123/><W13/><G130/><T103/><D125/><U128/><E128/><V60/><F117/><W100/><G38/><T105/><D1/><U28/><E36/><V10/><F109/><W53/><G18/><T135/><D135/><U2/><E2/><V25/><F133/><W110/><G110/><T112/><D112/><U51/><E35/><V55/><F71/><W44/><G79/><T98/><D5/><U48/><E62/><V0/><F0/><W50/><G54/><T121/><D121/><U11/><E65/><V77/><F37/><W88/><G88/><T31/><D31/><N who="1" m="11851" /><E11/><V116/><F116/><W74/><G72/><T111/><D111/><U3/><E3/><V69/><F69/><W84/><G74/><T67/><D105/><U131/><E48/><V63/><F63/><W17/><G17/><T101/><REACH who="0" step="1"/><D19/><REACH who="0" ten="223,317,242,208" step="2"/><U104/><E104/><V57/><F4/><W8/><REACH who="3" step="1"/><G61/><REACH who="3" ten="223,317,242,198" step="2"/><T32/><D32/><AGARI ba="0,2" hai="8,13,16,26,30,32,44,50,53,76,80,84,100,102" machi="32" ten="30,8000,1" yaku="1,1,2,1,7,1,52,1,54,1,53,0" doraHai="22" doraHaiUra="58" who="3" fromWho="0" sc="223,-80,317,0,242,0,198,100" /><INIT seed="6,0,0,2,4,101" ten="143,317,242,298" oya="2" hai0="62,68,115,135,96,89,81,42,7,55,0,39,126" hai1="113,102,82,122,84,21,77,27,63,4,11,116,61" hai2="118,111,69,108,17,28,51,65,83,129,124,134,37" hai3="93,100,10,58,88,35,59,73,127,67,85,92,123"/><V5/><F118/><W50/><G123/><T79/><D115/><U86/><E116/><V15/><F37/><W78/><G127/><T132/><D126/><U104/><E113/><V19/><F124/><W47/><G35/><T74/><D89/><U56/><E122/><V131/><F51/><W26/><G73/><T98/><D55/><U43/><E43/><V32/><F83/><W94/><G26/><T29/><D29/><U117/><E102/><V75/><F75/><W20/><G20/><T31/><D31/><U9/><E104/><V46/><F46/><W18/><G78/><T66/><D96/><U64/><E117/><V112/><F65/><W71/><G71/><T45/><D98/><U57/><E86/><V120/><F69/><W125/><G100/><T25/><D25/><U87/><E84/><V1/><F120/><W110/><G110/><N who="2" m="42025" /><F112/><W121/><G125/><T38/><D39/><U72/><E72/><V70/><F70/><W52/><G67/><T60/><D62/><U54/><E4/><V80/><F80/><N who="3" m="49191" /><G121/><T30/><D30/><AGARI ba="0,0" hai="9,11,21,27,30,54,56,57,61,63,64,77,82,87" machi="30" ten="30,2000,0" yaku="7,1,8,1" doraHai="101" who="1" fromWho="0" sc="143,-20,317,20,242,0,298,0" /><INIT seed="7,0,0,2,2,89" ten="123,337,242,298" oya="3" hai0="21,127,74,25,82,8,98,80,43,6,53,92,13" hai1="30,52,40,50,103,48,31,101,11,106,114,66,118" hai2="29,133,76,12,125,97,111,86,33,51,88,15,64" hai3="129,70,104,96,61,72,90,78,87,79,1,5,130"/><W58/><G70/><T68/><D68/><U42/><E106/><V19/><F111/><W83/><G1/><T134/><D134/><U38/><E38/><V63/><F133/><W116/><G116/><T23/><D127/><U45/><E118/><V131/><F125/><W128/><G5/><T109/><D109/><U65/><E11/><V36/><F36/><W108/><G108/><T73/><D73/><U59/><E114/><V18/><F131/><W123/><G123/><T27/><D74/><U28/><E40/><V77/><F97/><W24/><G24/><T39/><D39/><U34/><E34/><V117/><F117/><W0/><G0/><T26/><D53/><U10/><E10/><V99/><F99/><W69/><G69/><T57/><D57/><U121/><E121/><V124/><F51/><W44/><G44/><T132/><D132/><U37/><E37/><V4/><F29/><W47/><G47/><T20/><D43/><U115/><E115/><V46/><F46/><W105/><G78/><N who="2" m="30313" /><F33/><W60/><G60/><T107/><D107/><U94/><E103/><V126/><F126/><W22/><G22/><T81/><D98/><AGARI ba="0,0" hai="28,30,31,42,45,48,50,52,59,65,66,94,98,101" machi="98" ten="40,5200,0" yaku="8,1,52,1,54,1" doraHai="89" who="1" fromWho="0" sc="123,-52,337,52,242,0,298,0" owari="71,-43.0,389,49.0,242,-16.0,298,10.0" /></mjloggm>