<mjloggm ver="2.3"><GO type="185" lobby="0"/><UN n0="%44%75%73%6B" n1="%E3%82%B3%E3%82%B3%E3%82%A2%E3%81%AF%E4%BF%BA%E3%81%AE%E5%AB%81" n2="%6D%28%E3%81%AE%5F%E3%81%AE%29%6D%E2%99%AA" n3="" dan="16,17,16,0" rate="2184.28,2202.40,2168.43,1500.00" sx="M,F,M,C"/><TAIKYOKU oya="0"/><INIT seed="0,0,0,1,2,90" ten="350,350,350,0" oya="0" hai0="124,43,108,71,84,86,102,80,63,72,94,64,118" hai1="107,117,34,69,103,3,112,105,60,33,82,101,70" hai2="1,113,135,77,122,66,68,109,111,53,75,58,115" hai3=""/><T38/><D118/><U133/><E117/><V73/><N who="2" m="31264" /><V78/><F1/><T40/><D124/><U127/><E3/><V37/><F37/><T97/><D108/><N who="2" m="41546" /><F135/><T119/><D119/><U62/><E127/><V55/><F68/><N who="1" m="26217" /><E133/><V79/><F66/><T93/><D38/><U123/><N who="1" m="31520" /><U0/><E0/><V46/><F46/><T47/><D47/><U74/><E112/><N who="2" m="43083" /><F58/><T50/><D50/><U120/><N who="1" m="30752" /><U67/><E82/><V45/><F45/><T48/><D48/><U98/><E74/><AGARI ba="0,0" hai="53,55,73,74,75,77,78,79" m="43083,41546,31264" machi="74" ten="40,8000,1" yaku="28,2,14,1,52,1" doraHai="90" who="2" fromWho="1" sc="350,0,350,-80,350,80,0,0" /><INIT seed="1,0,0,3,2,132" ten="350,270,430,0" oya="1" hai0="64,40,76,135,123,121,130,134,63,45,111,91,37" hai1="82,39,69,92,124,62,68,75,115,80,105,106,108" hai2="102,50,107,122,1,41,95,74,85,36,51,96,65" hai3=""/><U0/><E115/><V3/><N who="2" m="31264" /><V86/><F74/><T104/><N who="0" m="31008" /><T103/><N who="0" m="31520" /><T60/><D111/><U78/><E108/><V101/><F65/><T73/><D130/><U133/><E133/><N who="0" m="50697" /><D91/><U67/><E0/><V90/><F101/><T33/><D33/><U47/><E124/><V117/><F117/><T99/><D64/><U125/><E125/><V110/><F110/><T112/><D112/><U46/><E92/><V77/><F36/><T72/><D72/><U52/><E69/><V100/><F100/><T88/><D88/><U61/><E82/><AGARI ba="0,0" hai="37,40,45,60,63,73,76,82,99,103,104" m="50697,31520,31008" machi="82" ten="30,3900,0" yaku="20,1,52,2" doraHai="132" who="0" fromWho="1" sc="350,39,270,-39,430,0,0,0" /><INIT seed="2,0,0,1,4,98" ten="389,231,430,0" oya="2" hai0="77,49,128,114,76,122,130,70,61,129,68,85,38" hai1="97,107,121,46,48,64,81,40,56,69,71,118,100" hai2="74,50,37,110,133,32,106,51,60,62,86,105,42" hai3=""/><V47/><F32/><T78/><N who="0" m="31264" /><T82/><D38/><U35/><N who="1" m="31008" /><U67/><E35/><V41/><F74/><T101/><D114/><U135/><E135/><V1/><F1/><T55/><D101/><U43/><E118/><V87/><F133/><T88/><REACH who="0" step="1"/><D61/><REACH who="0" ten="379,231,430,0" step="2"/><U0/><E0/><V89/><F37/><T45/><AGARI ba="0,1" hai="45,49,55,68,70,76,77,78,82,85,88,128,129,130" m="31264" machi="45" ten="40,9000,2" yaku="1,1,2,1,0,1,19,1,52,1,54,1,53,0" doraHai="98" doraHaiUra="39" who="0" fromWho="0" sc="379,100,231,-30,430,-60,0,0" /><INIT seed="4,0,0,2,0,124" ten="479,201,370,0" oya="0" hai0="115,92,84,132,75,58,66,72,106,78,34,50,85" hai1="33,120,64,117,119,47,113,48,44,35,93,71,107" hai2="125,61,126,99,101,88,123,129,74,65,0,127,1" hai3=""/><T133/><D106/><U77/><N who="1" m="30752" /><U3/><E107/><V128/><N who="2" m="31520" /><V59/><F74/><T69/><D34/><U116/><E3/><N who="2" m="1099" /><F88/><T67/><D69/><U130/><E130/><N who="2" m="50283" /><F127/><T81/><D115/><U39/><E113/><V100/><F100/><T135/><D75/><U70/><E77/><V42/><F42/><T104/><D104/><AGARI ba="0,0" hai="59,61,65,99,101,104,125,126" m="50283,1099,31520" machi="104" ten="30,8000,1" yaku="19,1,52,4" doraHai="124" who="2" fromWho="0" sc="479,-80,201,0,370,80,0,0" /><INIT seed="5,0,0,4,1,134" ten="399,201,450,0" oya="1" hai0="109,52,50,131,105,118,99,58,102,66,135,123,54" hai1="127,116,96,35,81,77,114,108,45,132,111,90,128" hai2="87,33,98,37,78,126,103,122,65,70,91,49,107" hai3=""/><U46/><E35/><V36/><N who="2" m="31264" /><V120/><N who="2" m="30752" /><V72/><F33/><T104/><N who="0" m="31520" /><T74/><D109/><N who="1" m="42059" /><E116/><V41/><F126/><T83/><D135/><U39/><E132/><V56/><F70/><T47/><D131/><U75/><E128/><V40/><F40/><T76/><D118/><U55/><E114/><V124/><F124/><T64/><REACH who="0" step="1"/><D105/><REACH who="0" ten="389,201,450,0" step="2"/><U133/><E133/><V88/><F107/><T42/><D42/><U125/><E125/><V112/><F41/><T130/><D130/><U85/><E127/><V68/><F112/><T95/><D95/><U67/><E39/><V48/><F36/><T82/><D82/><U2/><E2/><V3/><F37/><T101/><D101/><U51/><E67/><V84/><F103/><T92/><D92/><U34/><E34/><V73/><F3/><T79/><D79/><U89/><E96/><V32/><F78/><T86/><D86/><U119/><E119/><V115/><F65/><T43/><D43/><U63/><E63/><AGARI ba="0,1" hai="47,50,52,54,58,63,64,66,74,76,83,99,102,104" m="31520" machi="63" ten="30,8000,1" yaku="1,1,7,1,52,1,54,1,53,1" doraHai="134" doraHaiUra="44" who="0" fromWho="1" sc="389,90,201,-80,450,0,0,0" /><INIT seed="6,0,0,0,5,85" ten="479,121,450,0" oya="2" hai0="36,94,61,43,3,70,69,73,117,124,49,134,92" hai1="74,116,135,101,32,45,53,58,51,44,46,95,81" hai2="112,109,99,40,65,57,131,2,48,55,103,80,127" hai3=""/><V115/><F2/><T75/><D117/><U121/><N who="1" m="31008" /><U77/><E32/><V129/><F109/><T133/><D3/><U68/><E116/><V41/><F80/><T93/><D36/><U120/><N who="1" m="30752" /><U108/><E108/><V102/><F65/><T79/><D124/><U63/><E135/><N who="0" m="51721" /><D79/><U90/><E101/><N who="2" m="38411" /><F99/><T88/><D88/><U111/><E111/><V100/><F100/><T123/><N who="0" m="31520" /><T33/><D33/><U66/><E90/><V37/><F127/><T62/><D49/><U132/><E132/><V1/><F1/><T52/><D43/><N who="2" m="16458" /><F37/><T67/><D69/><U128/><E95/><V83/><F83/><T56/><AGARI ba="0,0" hai="52,56,61,62,67,70,73,75,92,93,94" m="31520,51721" machi="56" ten="40,3900,0" yaku="20,1,52,1,54,1" doraHai="85" who="0" fromWho="0" sc="479,39,121,-13,450,-26,0,0" owari="518,47.0,108,-49.0,424,2.0,0,0.0" /></mjloggm>