<mjloggm ver="2.3"><GO type="169" lobby="0"/><UN n0="%E3%83%8E%E3%82%AA%E3%83%81%E3%83%A3%E3%83%99%E3%82%B9" n1="%4C%69%53%41" n2="%E3%81%84%E3%81%AE%E3%81%91%E3%82%93" n3="%E9%81%8A%E3%81%B3%E5%BF%83" dan="16,16,17,18" rate="2096.70,2178.85,2200.26,2200.71" sx="M,F,F,M"/><TAIKYOKU oya="0"/><INIT seed="0,0,0,0,2,130" ten="250,250,250,250" oya="0" hai0="128,102,97,51,119,12,95,113,71,82,7,135,104" hai1="68,134,10,48,87,112,58,69,115,11,122,78,26" hai2="27,129,76,101,6,127,74,21,57,96,23,18,108" hai3="25,110,84,32,114,106,109,131,53,13,52,92,67"/><T9/><D113/><N who="1" m="43595" /><E122/><V86/><F129/><W29/><G114/><T37/><D128/><U20/><E78/><V45/><F108/><N who="3" m="41579" /><G131/><T5/><D119/><U3/><E87/><V120/><F120/><W34/><G106/><T118/><D118/><U94/><E94/><V8/><F127/><W83/><G92/><T0/><D71/><N who="1" m="27211" /><E3/><V66/><F74/><W75/><G67/><T132/><D37/><U93/><E93/><V123/><F123/><W72/><G34/><T24/><D24/><U88/><E88/><V28/><F96/><W91/><G13/><T61/><D61/><U42/><E134/><N who="0" m="51241" /><D51/><U56/><E56/><V62/><F101/><W85/><G85/><T116/><D116/><U17/><E58/><V40/><F86/><W80/><G80/><T22/><D82/><U121/><E121/><V36/><F76/><W47/><G47/><AGARI ba="0,0" hai="10,11,17,20,26,42,47,48" m="27211,43595" machi="47" ten="30,1000,0" yaku="11,1" doraHai="130" who="1" fromWho="3" sc="250,0,250,10,250,0,250,-10" /><INIT seed="1,0,0,4,3,122" ten="250,260,250,240" oya="1" hai0="82,18,101,116,103,8,88,111,125,132,36,108,12" hai1="81,131,2,109,85,66,10,76,68,99,5,63,123" hai2="7,38,78,49,96,33,3,115,87,65,27,135,40" hai3="21,41,93,100,31,19,86,97,47,126,129,56,51"/><U124/><E123/><V26/><F135/><W34/><G129/><T14/><D36/><U28/><E131/><V70/><F38/><W4/><G126/><T112/><D112/><U35/><E124/><V102/><F115/><W23/><G34/><T42/><D125/><U37/><E37/><V110/><F33/><W44/><G4/><T104/><D116/><U50/><E50/><V46/><F3/><W127/><G127/><T45/><D132/><U83/><E83/><V59/><F70/><W128/><G44/><T11/><D104/><U48/><E48/><V98/><F7/><W53/><G128/><T106/><D106/><U79/><E99/><V39/><F98/><W57/><G86/><N who="0" m="50263" /><D45/><U90/><E28/><V9/><F9/><W77/><G77/><T71/><D71/><U117/><E117/><V29/><F29/><W15/><G41/><T84/><D84/><U67/><E35/><V16/><F87/><W22/><REACH who="3" step="1"/><G31/><REACH who="3" ten="250,260,250,230" step="2"/><T95/><D42/><U69/><E79/><V30/><F78/><W119/><G119/><T64/><D64/><U0/><E76/><V72/><F65/><W1/><G1/><T74/><D74/><U58/><E0/><V80/><F30/><W91/><G91/><T133/><D133/><U62/><E58/><AGARI ba="0,1" hai="15,19,21,22,23,47,51,53,56,57,58,93,97,100" machi="58" ten="40,5200,0" yaku="1,1,8,1,53,1" doraHai="122" doraHaiUra="13" who="3" fromWho="1" sc="250,0,260,-52,250,0,230,62" /><INIT seed="2,0,0,3,0,130" ten="250,208,250,292" oya="2" hai0="75,127,14,88,36,19,74,64,73,91,15,123,25" hai1="96,94,116,63,135,44,42,95,100,122,40,61,78" hai2="23,129,107,32,66,58,5,68,101,102,46,119,26" hai3="9,1,131,62,106,17,103,13,134,52,57,16,125"/><V97/><F119/><W109/><G131/><T56/><D36/><U28/><E116/><V110/><F129/><W77/><G109/><T39/><D39/><U69/><E122/><V86/><F110/><W60/><G1/><T2/><D2/><U20/><E78/><V27/><F102/><W35/><G35/><T117/><D117/><U79/><E79/><V41/><F5/><W18/><G125/><T108/><D108/><U90/><E69/><V76/><F68/><W0/><G0/><T105/><D105/><U43/><E44/><V114/><F32/><W55/><G77/><T11/><D123/><U54/><E54/><V8/><F8/><W113/><G113/><T70/><D70/><U82/><E82/><V4/><F4/><W24/><G24/><T33/><D127/><U67/><E67/><V30/><F114/><W12/><G12/><T118/><D15/><U47/><E47/><V72/><F72/><W59/><G134/><T85/><D85/><U132/><E28/><V49/><F27/><W112/><G112/><T81/><D81/><U71/><E20/><V98/><F107/><W37/><G37/><T124/><D124/><U34/><E34/><V45/><F45/><W51/><G51/><T92/><D92/><U7/><E7/><V48/><F101/><W50/><G50/><T80/><D80/><U111/><E71/><V21/><F21/><W126/><G126/><T104/><D104/><U120/><E120/><V84/><F76/><W3/><G3/><T65/><D118/><U31/><E111/><V53/><F66/><N who="0" m="25706" /><D56/><U10/><E100/><RYUUKYOKU ba="0,0" sc="250,10,208,-30,250,10,292,10" hai0="11,14,19,25,33,73,74,75,88,91" hai2="23,26,30,41,46,48,49,53,58,84,86,97,98" hai3="9,13,16,17,18,52,55,57,59,60,62,103,106" /><INIT seed="2,1,0,1,0,66" ten="260,178,260,302" oya="2" hai0="36,112,127,125,46,27,130,126,47,78,25,14,17" hai1="41,88,58,24,4,59,26,81,67,132,101,76,95" hai2="52,111,106,42,34,73,134,39,80,83,31,131,87" hai3="60,21,94,53,49,45,63,37,62,114,0,56,85"/><V1/><F1/><W15/><G0/><T116/><D112/><U54/><E132/><V98/><F134/><W110/><G110/><T128/><D78/><U22/><E101/><V120/><F120/><W16/><G114/><T123/><D123/><U44/><E4/><V92/><F111/><W122/><G122/><T99/><D99/><U10/><E10/><V82/><F131/><N who="0" m="50218" /><D116/><U72/><E67/><V86/><F73/><W118/><G118/><T13/><D36/><U108/><E108/><V70/><F70/><W28/><G28/><T57/><D57/><U64/><E64/><V89/><F106/><W135/><G135/><T33/><D47/><U3/><E3/><V20/><F34/><W90/><REACH who="3" step="1"/><G37/><REACH who="3" ten="260,178,260,292" step="2"/><T35/><D46/><AGARI ba="1,1" hai="15,16,21,45,46,49,53,56,60,62,63,85,90,94" machi="46" ten="40,12000,2" yaku="1,1,2,1,25,2,8,1,54,1,53,0" doraHai="66" doraHaiUra="93" who="3" fromWho="0" sc="260,-123,178,0,260,0,292,133" /><INIT seed="3,0,0,3,1,126" ten="137,178,260,425" oya="3" hai0="123,48,104,133,64,125,108,38,67,86,14,78,128" hai1="75,12,42,111,53,96,31,97,115,81,109,91,99" hai2="23,20,98,74,87,47,61,9,69,121,10,26,120" hai3="82,114,127,6,0,35,34,71,135,101,95,13,50"/><W3/><G71/><T117/><D14/><U54/><E115/><V18/><F74/><W131/><G114/><T15/><D15/><U59/><E42/><V41/><F87/><W16/><G82/><T24/><D24/><U85/><E75/><V11/><F98/><W45/><G127/><T66/><D86/><U107/><E107/><V116/><F116/><W132/><G95/><T55/><D78/><U40/><E40/><V62/><F20/><W112/><G101/><T134/><D104/><U110/><E59/><V72/><F72/><W32/><G112/><T80/><D80/><U63/><E63/><V8/><N who="2" m="2048" /><DORA hai="103" /><V70/><F70/><W2/><G6/><T49/><D125/><U90/><E12/><V89/><F89/><W68/><G68/><T79/><D79/><U105/><E105/><V124/><F124/><W92/><G92/><T100/><D100/><U4/><E4/><V73/><F73/><W28/><G28/><T44/><D117/><U51/><E51/><V29/><F29/><W33/><G35/><T1/><D1/><U129/><E31/><V65/><REACH who="2" step="1"/><F62/><REACH who="2" ten="137,178,250,425" step="2"/><W130/><G0/><T25/><D25/><U113/><E91/><V118/><F118/><W7/><G7/><T122/><D108/><U52/><E113/><V37/><AGARI ba="0,1" hai="18,23,26,37,41,47,61,65,69,120,121" m="2048" machi="37" ten="40,8000,1" yaku="1,1,0,1,53,2" doraHai="126,103" doraHaiUra="93,119" who="2" fromWho="2" sc="137,-20,178,-20,250,90,425,-40" /><INIT seed="4,0,0,0,2,12" ten="117,158,340,385" oya="0" hai0="106,114,22,133,88,40,120,35,20,31,75,94,14" hai1="78,45,54,121,112,65,64,67,79,66,50,125,81" hai2="116,130,128,42,68,10,93,98,124,76,111,51,71" hai3="97,92,69,135,107,32,73,77,4,13,82,104,0"/><T11/><D120/><U105/><E121/><V46/><F111/><W113/><G69/><T44/><D106/><U58/><E125/><V103/><F124/><W5/><G32/><T7/><D75/><U91/><E105/><V101/><F116/><W26/><G0/><T38/><D114/><U8/><E112/><V83/><F101/><W55/><G5/><T117/><D117/><U62/><E8/><V43/><F43/><W34/><G135/><T131/><D133/><U102/><E102/><V96/><F96/><W119/><G119/><T28/><D131/><N who="2" m="50218" /><F10/><W129/><G129/><T56/><D56/><U39/><E39/><V108/><F108/><W89/><G55/><T21/><REACH who="0" step="1"/><D35/><REACH who="0" ten="107,158,340,385" step="2"/><U85/><AGARI ba="0,1" hai="45,50,54,58,62,64,65,66,67,78,79,81,85,91" machi="85" ten="30,2000,0" yaku="0,1,8,1" doraHai="12" who="1" fromWho="1" sc="107,-10,158,30,340,-5,385,-5" /><INIT seed="5,0,0,4,0,59" ten="97,188,335,380" oya="1" hai0="19,20,106,48,126,72,64,61,8,10,74,68,127" hai1="123,108,9,109,77,99,133,134,44,122,116,82,110" hai2="54,2,130,66,92,89,52,63,107,1,13,43,28" hai3="16,67,45,85,73,118,34,29,24,129,102,112,51"/><U6/><E44/><V37/><F107/><W105/><G73/><T56/><D106/><U79/><E9/><V83/><F130/><W80/><G129/><T26/><D72/><N who="1" m="43303" /><E6/><V3/><F83/><W17/><G112/><T11/><D74/><U55/><E55/><V21/><F43/><W12/><G118/><T86/><D86/><U98/><E79/><V22/><F37/><W38/><G38/><T32/><D32/><U132/><E116/><V91/><F28/><W114/><G114/><T69/><REACH who="0" step="1"/><D48/><REACH who="0" ten="87,188,335,380" step="2"/><U60/><E60/><V111/><F111/><W58/><G105/><T101/><D101/><U84/><E84/><V31/><F63/><W120/><G102/><T81/><D81/><U36/><E36/><V25/><F92/><W40/><G80/><T53/><D53/><U131/><E131/><V117/><F52/><W100/><G100/><T46/><D46/><U49/><E49/><V87/><F54/><W104/><G104/><T0/><D0/><U30/><E30/><V27/><F87/><W93/><G85/><T96/><D96/><AGARI ba="0,1" hai="96,98,99,108,109,110,122,123,132,133,134" m="43303" machi="96" ten="40,12000,1" yaku="10,1,20,1,34,2" doraHai="59" who="1" fromWho="0" sc="87,-120,188,130,335,0,380,0" owari="-33,-53.0,318,-8.0,335,14.0,380,47.0" /></mjloggm>