<mjloggm ver="2.3"><GO type="225" lobby="0"/><UN n0="%E9%9F%93%E8%A1%9B%E9%9D%92" n1="%EF%BC%AE%EF%BC%AF%EF%BD%90%EF%BD%90%EF%BC%AF" n2="%5C%E3%81%AF%E3%81%A1%E3%81%8D%E3%82%87%E3%81%86%2F" n3="%E3%83%B4%E3%83%A0%EF%BC%99%E3%81%A6" dan="16,16,16,17" rate="2185.69,2105.80,2106.05,2220.22" sx="F,M,M,M"/><TAIKYOKU oya="0"/><INIT seed="0,0,0,3,2,6" ten="250,250,250,250" oya="0" hai0="78,47,83,120,52,53,134,7,94,129,63,23,88" hai1="69,122,30,117,33,14,111,2,41,17,43,42,97" hai2="9,112,12,102,16,35,130,95,92,89,119,44,50" hai3="85,19,128,110,81,51,79,90,99,55,75,58,91"/><T8/><D120/><U84/><E122/><V98/><F112/><W4/><G110/><T65/><D129/><U123/><E117/><V21/><F130/><W56/><G128/><T115/><D115/><U86/><E111/><V1/><F119/><W11/><G19/><T104/><D104/><U48/><E2/><V31/><F35/><W71/><G71/><T105/><D105/><U113/><E69/><V68/><F68/><W66/><G99/><T3/><D23/><U101/><E123/><V135/><F135/><W59/><G75/><T38/><D134/><U13/><E13/><V29/><F1/><W133/><G133/><T45/><D65/><U70/><E70/><V57/><F57/><W132/><G132/><T25/><D25/><U40/><E30/><V73/><F73/><W62/><REACH who="3" step="1"/><G58/><REACH who="3" ten="250,250,250,240" step="2"/><T118/><D118/><U28/><E113/><V26/><F31/><W64/><G64/><T124/><D124/><U93/><E28/><V24/><F24/><W60/><G60/><T39/><D63/><U74/><E74/><V32/><F32/><W49/><G49/><T5/><D39/><U131/><E33/><V116/><F116/><W34/><G34/><T103/><D7/><U114/><E131/><V76/><F50/><W126/><G126/><T18/><D18/><U108/><E108/><V82/><F29/><W46/><G46/><N who="0" m="17419" /><D38/><U87/><E114/><V61/><F44/><W67/><G67/><T27/><D27/><U80/><E42/><V77/><F61/><W72/><G72/><N who="0" m="43463" /><D103/><U100/><E41/><V125/><F125/><W37/><G37/><RYUUKYOKU ba="0,1" sc="250,15,250,-15,250,-15,240,15" hai0="3,5,8,52,53,88,94" hai3="4,11,51,55,56,59,62,66,79,81,85,90,91" /><INIT seed="0,1,1,3,2,37" ten="265,235,235,255" oya="0" hai0="73,100,40,28,91,60,79,23,32,117,29,121,127" hai1="24,65,58,119,92,77,8,113,62,83,84,44,76" hai2="67,126,125,49,66,27,80,4,74,110,124,118,75" hai3="72,1,57,120,31,14,81,129,85,21,93,25,116"/><T51/><D117/><U48/><E119/><V108/><F118/><W112/><G116/><RYUUKYOKU type="kaze4" ba="1,1" sc="265,0,235,0,235,0,255,0" /><INIT seed="0,2,1,3,5,62" ten="265,235,235,255" oya="0" hai0="58,130,4,59,17,72,6,123,89,65,79,0,57" hai1="43,107,31,26,94,10,32,101,84,98,119,115,27" hai2="42,82,21,95,28,41,8,87,121,73,118,110,29" hai3="52,128,105,92,102,54,132,53,16,50,120,20,14"/><T104/><D123/><U113/><E119/><V39/><F118/><W5/><G120/><T46/><D104/><U48/><E26/><V9/><F121/><W74/><G74/><T111/><D130/><U40/><E10/><N who="2" m="4203" /><F73/><W68/><G68/><T25/><D111/><U2/><E2/><V81/><F39/><W49/><G128/><T124/><D124/><U15/><E15/><V131/><F131/><W71/><G71/><T116/><D116/><U133/><E133/><V56/><F56/><N who="3" m="32783" /><G105/><T11/><D72/><U60/><E48/><V112/><F112/><N who="1" m="43081" /><E60/><V78/><F110/><W55/><G132/><T37/><D79/><U33/><E33/><V36/><F36/><W108/><G108/><T61/><D0/><U45/><E45/><V77/><F95/><W67/><G67/><T47/><D89/><AGARI ba="2,1" hai="27,31,32,40,43,84,89,94,98,101,107" m="43081" machi="89" ten="30,1000,0" yaku="11,1" doraHai="62" who="1" fromWho="0" sc="265,-16,235,26,235,0,255,0" /><INIT seed="1,0,0,0,4,3" ten="249,261,235,255" oya="1" hai0="133,111,13,96,8,50,22,78,0,125,14,82,128" hai1="6,37,24,43,104,69,39,42,135,100,36,76,131" hai2="29,23,102,110,126,26,48,130,124,4,58,49,40" hai3="41,91,55,59,116,97,74,108,61,83,99,92,117"/><U46/><E131/><V25/><F130/><W134/><G108/><T27/><D128/><U115/><E115/><V90/><F110/><W132/><G41/><T18/><D111/><U20/><E135/><N who="3" m="51754" /><G97/><T15/><D133/><U64/><E76/><AGARI ba="0,0" hai="55,59,61,74,76,83,91,92,99,116,117" m="51754" machi="76" ten="30,1000,0" yaku="20,1" doraHai="3" who="3" fromWho="1" sc="249,0,261,-10,235,0,255,10" /><INIT seed="2,0,0,0,1,122" ten="249,251,235,265" oya="2" hai0="65,7,119,60,27,52,34,91,125,133,40,38,116" hai1="90,64,75,3,30,26,80,41,47,69,105,14,81" hai2="68,45,23,84,55,2,112,39,106,110,37,114,43" hai3="113,86,10,19,101,129,115,35,54,124,102,58,67"/><V29/><F2/><W11/><G35/><T120/><D120/><U103/><E3/><V57/><F106/><W24/><G67/><T59/><D133/><U53/><E53/><V99/><F68/><W1/><G129/><T107/><D107/><U74/><E14/><V85/><F99/><W94/><G124/><T9/><D125/><U97/><E81/><V123/><F123/><W49/><G86/><N who="2" m="33385" /><F37/><W28/><G19/><T78/><D78/><U100/><E100/><N who="3" m="38506" /><G94/><T121/><D121/><U17/><E90/><V72/><F72/><W130/><G1/><T5/><D91/><U77/><E17/><V117/><F23/><N who="3" m="15391" /><G130/><T31/><D65/><U82/><E82/><V36/><F29/><W21/><G21/><T104/><D104/><U44/><E75/><V135/><F117/><N who="0" m="45130" /><D9/><U20/><REACH who="1" step="1"/><E41/><REACH who="1" ten="249,241,235,265" step="2"/><V132/><F43/><W42/><G42/><T6/><D40/><U48/><E48/><V89/><F135/><W134/><G134/><T61/><D38/><U87/><E87/><V127/><F39/><W51/><G49/><AGARI ba="0,1" hai="5,6,7,27,31,34,49,52,59,60,61" m="45130" machi="49" ten="30,2000,0" yaku="12,1,54,1" doraHai="122" who="0" fromWho="3" sc="249,30,241,0,235,0,265,-20" /><INIT seed="3,0,0,0,1,122" ten="279,241,235,245" oya="3" hai0="104,61,101,24,29,67,109,28,84,123,71,4,32" hai1="68,52,80,126,94,26,10,23,120,60,30,129,90" hai2="38,106,88,105,57,110,37,9,83,39,40,62,17" hai3="47,77,98,107,53,118,102,56,63,6,85,66,51"/><W116/><REACH who="3" step="1"/><G6/><REACH who="3" ten="279,241,235,235" step="2"/><T13/><D4/><U132/><E120/><V36/><F110/><W91/><G91/><T135/><D109/><U79/><E132/><V43/><N who="2" m="9216" /><DORA hai="45" /><V133/><F133/><W127/><G127/><T58/><D135/><U14/><E126/><V124/><F124/><W95/><G95/><T2/><D123/><U35/><E94/><V96/><F106/><W103/><G103/><T16/><D101/><U72/><E90/><V97/><F105/><W76/><G76/><T48/><D104/><U75/><E129/><V114/><F114/><W74/><G74/><T134/><D134/><U12/><E75/><V121/><F121/><W69/><G69/><T113/><D113/><U21/><E68/><V34/><F34/><W46/><G46/><T125/><D125/><U89/><E89/><V0/><F97/><W117/><G117/><T8/><D71/><U42/><E79/><V119/><F119/><W111/><G111/><T20/><D32/><U73/><E73/><V115/><F115/><W81/><AGARI ba="0,1" hai="47,51,53,56,63,66,77,81,85,98,102,107,116,118" machi="81" ten="30,11700,0" yaku="21,2,0,1,52,1,53,0" doraHai="122,45" doraHaiUra="7,27" who="3" fromWho="3" sc="279,-39,241,-39,235,-39,235,127" owari="240,4.0,202,-20.0,196,-30.0,362,46.0" /></mjloggm>