<mjloggm ver="2.3"><GO type="185" lobby="0"/><UN n0="%E9%96%A2%E8%A5%BF%E9%9B%80%E5%A3%AB%E4%BC%9A" n1="%E3%83%AA%E3%82%B3%E3%83%BB%E3%83%90%E3%83%B3%E3%83%87%E3%83%A9%E3%82%B9" n2="%E3%81%9F%E3%82%93%E3%82%86%E3%81%86" n3="" dan="16,16,16,0" rate="2116.08,2193.45,2213.29,1500.00" sx="M,M,F,C"/><TAIKYOKU oya="0"/><INIT seed="0,0,0,0,5,41" ten="350,350,350,0" oya="0" hai0="1,97,84,0,60,111,39,103,44,65,36,34,106" hai1="117,61,93,131,118,63,79,99,129,120,64,109,73" hai2="72,89,32,78,133,86,113,42,49,108,110,105,66" hai3=""/><T50/><D34/><U38/><N who="1" m="30752" /><U62/><E38/><V122/><N who="2" m="31264" /><V51/><F32/><T67/><D111/><N who="2" m="42538" /><F105/><T94/><D67/><U82/><E64/><V121/><N who="2" m="31008" /><V69/><F133/><T59/><D39/><U100/><REACH who="1" step="1"/><E109/><REACH who="1" ten="350,340,350,0" step="2"/><V57/><F113/><T90/><REACH who="0" step="1"/><D36/><REACH who="0" ten="340,340,350,0" step="2"/><U33/><E33/><V107/><F66/><T115/><D115/><U55/><E55/><AGARI ba="0,2" hai="0,1,44,50,55,59,60,65,84,90,94,97,103,106" machi="55" ten="30,12000,1" yaku="1,1,7,1,52,1,53,2" doraHai="41" doraHaiUra="35" who="0" fromWho="1" sc="340,140,340,-120,350,0,0,0" /><INIT seed="0,1,0,3,2,37" ten="480,220,350,0" oya="0" hai0="62,123,116,101,63,39,58,97,68,125,105,80,76" hai1="36,65,44,132,72,47,70,52,122,75,109,79,124" hai2="128,59,99,32,74,73,94,115,50,2,64,117,92" hai3=""/><T34/><N who="0" m="31520" /><T1/><D34/><U56/><N who="1" m="31264" /><U67/><E109/><V0/><F32/><T35/><D35/><U81/><E132/><V84/><F115/><T45/><D116/><U46/><E124/><V127/><F127/><T60/><D125/><U40/><E75/><V104/><F117/><T77/><D1/><U100/><E100/><V91/><F104/><T89/><D68/><U53/><E53/><V42/><F128/><T130/><D130/><U49/><E67/><V82/><F2/><T90/><D76/><U86/><E72/><V38/><F0/><T112/><D112/><U114/><E114/><V48/><F38/><T43/><REACH who="0" step="1"/><D58/><REACH who="0" ten="470,220,350,0" step="2"/><U106/><E106/><V3/><F3/><T102/><D102/><U96/><E96/><V83/><F59/><T71/><D71/><U33/><E33/><V113/><F113/><T93/><D93/><U66/><E70/><V110/><F99/><T135/><D135/><U126/><E126/><V111/><F111/><T95/><D95/><U85/><E56/><V55/><F94/><T61/><N who="0" m="15360" /><DORA hai="87" /><T51/><D51/><U131/><E131/><V120/><F92/><T107/><D107/><U69/><E69/><V119/><N who="2" m="30752" /><V133/><F110/><RYUUKYOKU ba="1,1" sc="470,20,220,-10,350,-10,0,0" hai0="39,43,45,77,80,89,90,97,101,105" /><INIT seed="0,2,1,2,5,74" ten="490,210,340,0" oya="0" hai0="48,3,88,104,114,128,33,99,127,122,50,93,100" hai1="125,92,36,132,57,72,67,71,135,121,94,109,83" hai2="52,68,129,123,89,49,118,65,110,98,97,51,2" hai3=""/><T34/><N who="0" m="31264" /><T77/><D3/><U73/><N who="1" m="31008" /><U38/><E71/><V39/><N who="2" m="31520" /><V117/><F2/><T107/><D114/><U91/><E109/><V90/><F39/><T44/><D128/><U78/><E73/><V115/><F115/><T66/><D127/><U53/><E125/><V40/><F110/><T112/><D66/><U41/><E67/><V111/><F111/><T1/><D1/><U95/><E91/><V101/><F129/><T134/><D134/><N who="1" m="51243" /><E41/><V120/><N who="2" m="30752" /><V59/><F65/><T82/><D112/><U106/><E106/><V37/><F37/><T102/><D107/><U130/><E130/><V80/><F68/><T81/><D81/><U124/><E124/><V113/><F113/><T35/><D104/><U61/><AGARI ba="2,1" hai="36,38,53,57,61,72,78,83,92,94,95" m="51243,31008" machi="61" ten="30,3000,0" yaku="20,1,52,2" doraHai="74" who="1" fromWho="1" sc="490,-22,210,44,340,-12,0,0" /><INIT seed="1,0,0,3,1,89" ten="468,254,328,0" oya="1" hai0="121,42,77,113,88,114,52,54,56,63,115,57,80" hai1="120,58,55,36,53,101,2,35,82,92,110,87,1" hai2="86,108,45,100,125,94,98,70,61,33,81,66,131" hai3=""/><U38/><N who="1" m="30752" /><U107/><E35/><V102/><F33/><T74/><N who="0" m="31008" /><T135/><D135/><U79/><E107/><V72/><F72/><T39/><D39/><U109/><E38/><V3/><F3/><T73/><D42/><U0/><E36/><V40/><F108/><N who="1" m="41577" /><E58/><V93/><F125/><T134/><D134/><U46/><E46/><V65/><F65/><T62/><D77/><U97/><AGARI ba="0,0" hai="0,1,2,53,55,79,82,87,92,97,101" m="41577,30752" machi="97" ten="40,8000,1" yaku="14,1,10,1,52,2" doraHai="89" who="1" fromWho="1" sc="468,-40,254,80,328,-40,0,0" /><INIT seed="1,1,0,2,3,124" ten="428,334,288,0" oya="1" hai0="106,105,84,64,42,62,123,122,57,111,109,129,56" hai1="38,81,66,0,79,99,34,3,35,53,110,86,1" hai2="39,130,134,83,72,82,2,54,63,70,127,107,133" hai3=""/><U116/><E116/><V120/><RYUUKYOKU type="yao9" ba="1,0" sc="428,0,334,0,288,0,0,0" hai2="2,39,54,63,70,72,82,83,107,120,127,130,133,134" /><INIT seed="1,2,0,1,4,92" ten="428,334,288,0" oya="1" hai0="79,33,95,83,102,44,104,62,75,48,38,60,108" hai1="57,116,126,86,107,128,67,97,84,71,50,3,70" hai2="101,0,61,41,135,1,131,85,118,63,73,91,42" hai3=""/><U94/><E3/><V65/><F73/><T52/><D108/><U134/><E116/><V130/><F118/><T100/><D33/><U55/><E134/><V87/><F101/><T132/><D38/><U35/><E35/><V34/><F34/><T110/><D110/><U127/><E107/><V81/><F81/><T54/><D132/><U89/><E128/><V51/><F51/><T109/><D109/><U111/><E111/><V121/><N who="2" m="31008" /><V93/><F93/><T72/><D72/><U32/><E32/><V105/><F91/><T69/><D69/><U64/><E71/><V133/><REACH who="2" step="1"/><F65/><REACH who="2" ten="428,334,278,0" step="2"/><T88/><D104/><AGARI ba="2,1" hai="0,1,41,42,61,63,85,87,104,105,130,131,133,135" m="31008" machi="104" ten="25,8000,1" yaku="1,1,2,1,22,2,52,1,53,0" doraHai="92" doraHaiUra="114" who="2" fromWho="0" sc="428,-84,334,0,278,94,0,0" /><INIT seed="2,0,0,5,2,77" ten="344,334,372,0" oya="2" hai0="34,92,76,115,89,86,102,111,116,112,46,45,37" hai1="36,87,55,58,53,126,83,88,60,47,100,85,128" hai2="74,64,62,122,66,132,110,39,73,68,67,108,65" hai3=""/><V134/><N who="2" m="31264" /><V40/><F74/><T125/><D34/><U101/><E128/><V33/><F33/><T133/><D116/><U105/><E126/><V98/><F98/><T94/><D111/><N who="2" m="42538" /><F73/><T69/><D69/><U49/><E105/><V129/><F129/><T59/><D133/><N who="2" m="51306" /><F40/><T52/><D125/><U2/><E2/><V93/><F93/><T121/><N who="0" m="31008" /><T90/><D102/><U82/><E36/><AGARI ba="0,0" hai="36,39,62,64,65,66,67,68" m="51306,42538,31264" machi="36" ten="40,18000,2" yaku="14,1,10,1,20,1,34,2,52,1" doraHai="77" who="2" fromWho="1" sc="344,0,334,-180,372,180,0,0" /><INIT seed="2,1,0,1,5,75" ten="344,154,552,0" oya="2" hai0="46,82,126,76,133,65,86,95,91,99,58,47,127" hai1="80,48,100,135,118,42,92,37,39,125,124,68,128" hai2="132,41,71,38,131,123,93,121,110,122,98,83,84" hai3=""/><V129/><N who="2" m="31008" /><V85/><N who="2" m="31264" /><V77/><N who="2" m="31520" /><V54/><F71/><T113/><D133/><U1/><E1/><V120/><N who="2" m="30752" /><V134/><F54/><T40/><D113/><U103/><E135/><N who="2" m="51755" /><F110/><T60/><REACH who="0" step="1"/><D47/><REACH who="0" ten="334,154,552,0" step="2"/><U62/><E124/><V107/><F107/><T35/><D35/><U44/><E125/><V61/><F61/><T101/><D101/><U81/><E100/><V51/><F38/><AGARI ba="1,1" hai="38,40,46,58,60,65,76,82,86,91,95,99,126,127" machi="38" ten="40,2600,0" yaku="1,1,52,1,53,0" doraHai="75" doraHaiUra="45" who="0" fromWho="2" sc="334,38,154,0,552,-28,0,0" /><INIT seed="4,0,0,5,0,2" ten="372,154,524,0" oya="0" hai0="61,104,91,111,132,99,62,67,120,81,90,82,113" hai1="88,83,84,108,93,40,100,127,72,51,38,59,102" hai2="119,57,41,86,0,134,118,46,49,95,117,42,48" hai3=""/><T53/><N who="0" m="30752" /><T78/><D132/><U109/><E38/><V47/><F0/><T45/><D113/><U92/><E127/><V1/><F1/><T65/><D111/><U66/><E66/><V96/><F86/><T58/><D104/><U126/><E126/><V112/><F112/><T135/><D135/><U107/><E107/><V68/><F68/><T114/><D114/><U128/><E128/><V75/><F75/><T123/><N who="0" m="31520" /><T52/><D99/><U77/><E40/><V79/><F79/><T43/><D43/><U60/><E51/><V76/><F76/><T106/><D106/><U39/><E39/><V125/><F125/><T98/><D98/><U89/><E59/><V115/><F115/><T116/><D116/><U85/><E60/><V71/><F71/><T129/><D129/><U70/><E70/><V64/><F134/><T87/><D45/><U56/><E56/><V97/><F95/><T32/><D32/><U69/><E69/><V80/><F80/><T37/><D37/><U130/><E130/><V94/><F94/><T73/><D91/><U124/><E124/><V44/><F44/><T110/><D110/><AGARI ba="0,0" hai="72,77,83,84,85,88,89,92,93,100,102,108,109,110" machi="110" ten="40,8000,1" yaku="9,1,34,3,54,1" doraHai="2" who="1" fromWho="0" sc="372,-80,154,80,524,0,0,0" /><INIT seed="5,0,0,2,5,42" ten="292,234,524,0" oya="1" hai0="89,107,32,39,97,74,63,56,112,126,45,113,52" hai1="85,115,95,75,57,38,114,103,105,82,104,72,110" hai2="71,68,58,1,79,81,93,117,33,80,61,60,102" hai3=""/><U34/><E34/><V111/><F33/><T59/><D32/><U67/><E38/><V47/><F1/><T70/><D74/><N who="1" m="28203" /><E57/><V129/><F117/><T3/><D3/><U91/><E67/><V124/><F80/><T78/><D78/><U131/><E110/><V108/><F81/><T53/><D126/><U122/><N who="1" m="31264" /><U77/><E131/><V0/><F79/><T125/><D125/><U116/><E116/><V76/><F76/><T86/><D70/><U94/><E94/><V123/><N who="2" m="31520" /><V92/><F0/><T73/><D73/><U109/><E103/><V88/><F58/><T36/><D97/><U37/><E37/><V55/><F102/><T132/><D107/><N who="1" m="41035" /><E109/><V48/><F71/><T118/><D118/><U2/><E2/><V35/><F68/><T101/><D101/><U134/><E134/><V84/><F35/><T62/><D132/><U98/><AGARI ba="0,0" hai="77,82,85,91,95,98,114,115" m="41035,31264,28203" machi="98" ten="40,5200,0" yaku="34,2,52,1" doraHai="42" who="1" fromWho="1" sc="292,-26,234,52,524,-26,0,0" /><INIT seed="5,1,0,0,1,114" ten="266,286,498,0" oya="1" hai0="117,132,120,55,108,72,68,88,53,73,56,75,0" hai1="130,43,87,63,71,81,99,90,60,113,74,97,79" hai2="100,85,125,77,84,1,128,59,50,123,115,107,102" hai3=""/><U121/><N who="1" m="31008" /><U37/><E113/><V110/><N who="2" m="31520" /><V122/><N who="2" m="31264" /><V36/><F1/><T51/><N who="0" m="30752" /><T54/><D108/><U65/><E130/><V61/><F36/><T83/><D0/><U49/><E37/><V78/><F110/><T89/><D68/><U46/><REACH who="1" step="1"/><E63/><REACH who="1" ten="266,276,498,0" step="2"/><V39/><F39/><T111/><D111/><U98/><E98/><V3/><F3/><T86/><D132/><U38/><E38/><V58/><F128/><T119/><REACH who="0" step="1"/><D89/><REACH who="0" ten="256,276,498,0" step="2"/><U134/><E134/><V105/><F115/><T135/><D135/><U93/><AGARI ba="1,2" hai="43,46,49,60,65,71,74,79,81,87,90,93,97,99" m="31008" machi="93" ten="20,8000,1" yaku="1,1,0,1,7,1,52,1,53,1" doraHai="114" doraHaiUra="82" who="1" fromWho="1" sc="256,-41,276,102,498,-41,0,0" /><INIT seed="5,2,0,0,0,104" ten="215,378,457,0" oya="1" hai0="57,100,69,67,82,110,1,91,62,99,53,65,127" hai1="94,37,79,46,68,93,116,106,122,59,123,38,105" hai2="88,47,117,97,111,113,114,108,76,34,112,63,40" hai3=""/><U96/><N who="1" m="31264" /><U74/><N who="1" m="31520" /><U41/><E68/><V130/><F34/><T64/><D110/><U35/><E35/><V125/><F117/><T107/><D1/><U58/><E116/><V118/><F118/><T45/><D127/><U3/><E3/><V119/><F119/><T44/><D91/><U71/><E71/><V84/><F125/><T32/><D32/><U36/><E93/><V135/><F63/><T89/><D69/><U51/><E106/><V90/><F135/><T134/><D134/><U80/><REACH who="1" step="1"/><E105/><REACH who="1" ten="215,368,457,0" step="2"/><V50/><F130/><T102/><D102/><AGARI ba="2,1" hai="36,37,38,41,46,51,58,59,74,79,80,94,96,102" m="31520,31264" machi="102" ten="40,12000,1" yaku="1,1,2,1,52,3,53,0" doraHai="104" doraHaiUra="126" who="1" fromWho="0" sc="215,-124,368,134,457,0,0,0" /><INIT seed="5,3,0,2,0,93" ten="91,502,457,0" oya="1" hai0="36,78,51,95,61,38,72,75,73,122,124,1,80" hai1="126,108,50,2,67,113,98,89,66,96,41,71,94" hai2="104,112,33,102,70,116,123,109,37,34,92,68,88" hai3=""/><U129/><E2/><V82/><N who="2" m="31520" /><V133/><F116/><T111/><N who="0" m="31264" /><T119/><D1/><U118/><E118/><V100/><F109/><T58/><D111/><U125/><E108/><V84/><F37/><T42/><D124/><N who="1" m="47723" /><E113/><V39/><F39/><T128/><D119/><U74/><E74/><V62/><F112/><T54/><D128/><U103/><E71/><V44/><F44/><T131/><D131/><U91/><E129/><V64/><F70/><T56/><D36/><U107/><E91/><V0/><F0/><T46/><D58/><U117/><E117/><V53/><F53/><T79/><D79/><U86/><E86/><V90/><F104/><T106/><D106/><U114/><E114/><V101/><REACH who="2" step="1"/><F133/><REACH who="2" ten="91,502,447,0" step="2"/><T127/><D127/><U97/><E97/><AGARI ba="3,1" hai="33,34,62,64,68,82,84,88,90,92,97,100,101,102" m="31520" machi="97" ten="40,8000,1" yaku="1,1,2,1,52,2,54,1,53,0" doraHai="93" doraHaiUra="55" who="2" fromWho="1" sc="91,0,502,-86,447,96,0,0" /><INIT seed="6,0,0,5,0,91" ten="91,416,543,0" oya="2" hai0="64,61,121,88,84,34,77,74,120,42,58,69,124" hai1="103,71,100,85,51,36,50,113,116,41,111,132,133" hai2="114,97,101,47,83,60,48,65,110,68,99,102,92" hai3=""/><V109/><F83/><T106/><N who="0" m="30752" /><T75/><N who="0" m="31008" /><T95/><D34/><U66/><E111/><N who="2" m="42507" /><F114/><T87/><D124/><U123/><N who="1" m="31520" /><U105/><E113/><V40/><F99/><T94/><D106/><U115/><E115/><V67/><F67/><T112/><D112/><U56/><E105/><V63/><F63/><T44/><D69/><U93/><E71/><V33/><F102/><T46/><D46/><U135/><E36/><V38/><F33/><T122/><N who="0" m="31264" /><T117/><D117/><U86/><E116/><V131/><F131/><T57/><D57/><U62/><E50/><AGARI ba="0,0" hai="38,40,47,48,50,60,65,68,92,97,101" m="42507" machi="50" ten="30,2900,0" yaku="10,1,52,1" doraHai="91" who="2" fromWho="1" sc="91,0,416,-29,543,29,0,0" owari="91,-51.0,387,-1.0,572,52.0,0,0.0" /></mjloggm>