<mjloggm ver="2.3"><GO type="169" lobby="0"/><UN n0="%E3%81%98%E3%81%98%E3%81%84%E3%81%8C%E5%91%BC%E3%82%93%E3%81%A0" n1="%E3%81%9F%E3%82%93%E3%82%86%E3%81%86" n2="%E5%A4%95%E5%87%AA" n3="%E4%B8%83%E3%83%84%E6%98%9F%E3%83%9B%E3%82%AF%E3%82%B5%E3%82%A4" dan="16,16,18,17" rate="2101.39,2141.96,2210.23,2205.09" sx="M,F,M,M"/><TAIKYOKU oya="0"/><INIT seed="0,0,0,3,5,123" ten="250,250,250,250" oya="0" hai0="12,34,76,81,117,33,122,118,90,21,115,89,28" hai1="35,96,66,42,129,4,73,10,78,80,58,37,101" hai2="86,92,17,109,82,11,18,61,31,68,72,5,59" hai3="1,27,85,8,47,106,124,50,87,94,132,14,29"/><T16/><D122/><U111/><E35/><V75/><F68/><W22/><G106/><T9/><D115/><U15/><E129/><V134/><F31/><W97/><G132/><T62/><D118/><U24/><E24/><V2/><F134/><W119/><G1/><T44/><D117/><U43/><E37/><V121/><F121/><W71/><G71/><T0/><D62/><U39/><E39/><V133/><F92/><W57/><G124/><T54/><D54/><U26/><E26/><V40/><F40/><W93/><G57/><T113/><D113/><U20/><E20/><V114/><F114/><W127/><G127/><T74/><D44/><U30/><E30/><V3/><F3/><W32/><G32/><T53/><D53/><U45/><E45/><V56/><F56/><W51/><G94/><T70/><D70/><U112/><E112/><V55/><F133/><W107/><G107/><T100/><D100/><U25/><E25/><V128/><F128/><W110/><G119/><T108/><D34/><U19/><E4/><V116/><F55/><N who="3" m="30175" /><G51/><T104/><D104/><U13/><E13/><V7/><F2/><W98/><G110/><T135/><D108/><U60/><REACH who="1" step="1"/><E111/><REACH who="1" ten="250,240,250,250" step="2"/><V131/><F131/><W91/><G98/><T84/><D135/><U38/><E38/><V67/><F116/><W95/><G93/><AGARI ba="0,1" hai="10,15,19,42,43,58,60,66,73,78,80,93,96,101" machi="93" ten="30,2000,0" yaku="1,1,7,1,53,0" doraHai="123" doraHaiUra="46" who="1" fromWho="3" sc="250,0,240,30,250,0,250,-20" /><INIT seed="1,0,0,3,4,94" ten="250,270,250,230" oya="1" hai0="92,112,128,124,135,134,53,24,32,133,76,47,29" hai1="26,15,109,70,54,56,123,129,113,78,82,27,57" hai2="10,91,95,107,116,50,55,80,8,52,37,64,86" hai3="115,61,88,105,102,2,31,36,118,77,84,74,73"/><U68/><E113/><V99/><F116/><W83/><G115/><T103/><D112/><U13/><E123/><V122/><F122/><W22/><G118/><T63/><D76/><U65/><E129/><V90/><F37/><W25/><G2/><T49/><D128/><U28/><E109/><V20/><F107/><W81/><G36/><T79/><D79/><U59/><E54/><V100/><F64/><W97/><REACH who="3" step="1"/><G61/><REACH who="3" ten="250,270,250,220" step="2"/><T110/><D63/><U48/><E48/><V89/><F50/><W1/><G1/><T85/><D110/><U30/><E65/><V3/><F3/><W121/><G121/><T75/><D75/><AGARI ba="0,1" hai="22,25,31,73,74,75,77,81,83,84,88,97,102,105" machi="75" ten="30,7700,0" yaku="1,1,7,1,52,1,54,1,53,0" doraHai="94" doraHaiUra="114" who="3" fromWho="0" sc="250,-77,270,0,250,0,220,87" /><INIT seed="2,0,0,4,0,130" ten="173,270,250,307" oya="2" hai0="57,105,121,116,21,127,120,49,123,132,50,109,91" hai1="102,1,108,117,29,95,115,86,45,34,9,97,44" hai2="110,89,73,30,98,32,107,20,54,31,60,125,40" hai3="56,92,58,41,6,61,19,99,131,88,27,52,79"/><V62/><F125/><W122/><G131/><T83/><D105/><U26/><E115/><V93/><F73/><W13/><G122/><T42/><D127/><U33/><E33/><V87/><F32/><W85/><G41/><T65/><D109/><U39/><E117/><V124/><F124/><W118/><G118/><T2/><D116/><U66/><E108/><V36/><F110/><W15/><G6/><T4/><D42/><U71/><E39/><V134/><F36/><W28/><G58/><T119/><D119/><U16/><E1/><V72/><F72/><W106/><G106/><T48/><D21/><U84/><E66/><V76/><F40/><W78/><G28/><T64/><D57/><U80/><E71/><V38/><F38/><W37/><G37/><T111/><D111/><U55/><E55/><V94/><F107/><W90/><G27/><T103/><D103/><U53/><E53/><V18/><F76/><N who="3" m="29227" /><G19/><T63/><D63/><N who="2" m="24106" /><F54/><W59/><G56/><T35/><D35/><U22/><E34/><V114/><F114/><W104/><G104/><T43/><D43/><U8/><E8/><V96/><F31/><W51/><G61/><T25/><D25/><U17/><E29/><V10/><F10/><W75/><G75/><T133/><D2/><U100/><E100/><N who="2" m="60431" /><F30/><W70/><G70/><T101/><D101/><U7/><E7/><V126/><F126/><W12/><G90/><T74/><D4/><U81/><E9/><V67/><F67/><N who="0" m="25674" /><D74/><U69/><E69/><V3/><F3/><W23/><G23/><T68/><D68/><U82/><E17/><RYUUKYOKU ba="0,0" sc="173,10,270,10,250,-30,307,10" hai0="48,49,50,83,91,120,121,123,132,133" hai1="16,22,26,44,45,80,81,82,84,86,95,97,102" hai3="12,13,15,51,52,59,85,88,92,99" /><INIT seed="3,1,0,1,2,123" ten="183,280,220,317" oya="3" hai0="55,1,75,29,56,14,3,102,66,34,5,109,129" hai1="67,103,72,48,57,88,74,16,26,77,0,89,70" hai2="11,99,106,35,47,53,23,83,33,42,49,95,65" hai3="30,82,37,101,128,32,108,17,81,27,12,69,114"/><W119/><G119/><T41/><D75/><U86/><E0/><V6/><F106/><W111/><G114/><T107/><D129/><U133/><E133/><V22/><F65/><W93/><G37/><T113/><D113/><U59/><E103/><V62/><F35/><W135/><G69/><T131/><D131/><U63/><E70/><V92/><F33/><W13/><G128/><T125/><D125/><U73/><E77/><V60/><F95/><W18/><G135/><T91/><D66/><U20/><REACH who="1" step="1"/><E86/><REACH who="1" ten="183,270,220,317" step="2"/><V24/><F99/><W46/><G101/><T76/><D76/><U31/><E31/><V96/><F83/><W39/><G82/><T80/><D1/><U54/><AGARI ba="1,1" hai="16,20,26,48,54,57,59,63,67,72,73,74,88,89" machi="54" ten="40,8000,1" yaku="1,1,0,1,54,2,53,0" doraHai="123" doraHaiUra="25" who="1" fromWho="1" sc="183,-21,270,93,220,-21,317,-41" /><INIT seed="4,0,0,1,0,2" ten="162,363,199,276" oya="0" hai0="95,36,115,76,133,27,113,65,25,3,41,125,83" hai1="103,44,126,10,74,80,122,16,91,114,31,67,120" hai2="24,72,119,14,85,106,57,71,9,54,29,68,112" hai3="42,39,22,100,88,50,135,104,82,61,45,79,47"/><T77/><D125/><U73/><E126/><V53/><F72/><W118/><G118/><T116/><D116/><U108/><E108/><V69/><F119/><W18/><G135/><T11/><D133/><U84/><E103/><V0/><F106/><W62/><G100/><T37/><D65/><U101/><E101/><V117/><F117/><W81/><G104/><T94/><D41/><U124/><E124/><V7/><F112/><N who="0" m="43082" /><D11/><U92/><E31/><V34/><F85/><W107/><G107/><T128/><D3/><U129/><E114/><V26/><F26/><N who="0" m="9738" /><D128/><U105/><E105/><V33/><F33/><W132/><G132/><T134/><D134/><U46/><E67/><V66/><F0/><W99/><G62/><T20/><D20/><U86/><E129/><V64/><REACH who="2" step="1"/><F54/><REACH who="2" ten="162,363,189,276" step="2"/><W13/><G79/><N who="0" m="30283" /><D83/><U121/><E74/><V23/><F23/><W48/><G81/><T17/><D17/><U90/><E73/><V131/><F131/><W70/><G82/><T60/><D60/><AGARI ba="0,1" hai="7,9,14,24,29,34,53,57,60,64,66,68,69,71" machi="60" ten="40,2600,0" yaku="1,1,52,1,53,0" doraHai="2" doraHaiUra="97" who="2" fromWho="0" sc="162,-26,363,0,189,36,276,0" /><INIT seed="5,0,0,0,3,65" ten="136,363,225,276" oya="1" hai0="26,76,125,62,134,113,93,73,57,63,130,132,77" hai1="104,45,16,116,44,30,64,67,129,102,23,101,70" hai2="15,60,19,22,31,98,80,84,100,117,25,81,51" hai3="21,112,97,17,14,36,39,29,85,2,12,38,133"/><U48/><E116/><V13/><F117/><W131/><G112/><T78/><D113/><U59/><E129/><V94/><F51/><W66/><G131/><T96/><D130/><U74/><E74/><V75/><F75/><W5/><G133/><N who="0" m="51307" /><D125/><U110/><E30/><V92/><F60/><N who="0" m="23082" /><D57/><U72/><E72/><V103/><F13/><W108/><G108/><T9/><D26/><U127/><E70/><V24/><F24/><W47/><G66/><N who="1" m="25130" /><E104/><V10/><F103/><N who="1" m="39433" /><E127/><V68/><F68/><W124/><G124/><T52/><D9/><U55/><E110/><V122/><F122/><W46/><G29/><T88/><D73/><U3/><E3/><V83/><REACH who="2" step="1"/><F94/><REACH who="2" ten="136,363,215,276" step="2"/><W4/><G12/><AGARI ba="0,1" hai="12,16,23,44,45,48,55,59" m="39433,25130" machi="12" ten="30,2900,0" yaku="8,1,54,1" doraHai="65" who="1" fromWho="3" sc="136,0,363,39,215,0,276,-29" /><INIT seed="5,1,0,4,0,26" ten="136,402,215,247" oya="1" hai0="72,28,133,122,121,76,71,33,7,17,62,79,4" hai1="94,91,109,60,129,77,93,82,116,50,105,38,80" hai2="67,66,24,102,0,81,61,35,123,31,1,74,59" hai3="111,100,87,51,104,69,75,25,128,88,27,42,89"/><U52/><E116/><V126/><F123/><N who="0" m="47114" /><D133/><U5/><E38/><V124/><F67/><W63/><G111/><T3/><D17/><U46/><E105/><V64/><F64/><W90/><G75/><T20/><D33/><U14/><E109/><V6/><F102/><W117/><G117/><T48/><D48/><U73/><E60/><V29/><F6/><N who="0" m="2090" /><D3/><U70/><E70/><V39/><F39/><W97/><G69/><T103/><D103/><U108/><E108/><V78/><F31/><W36/><G63/><T34/><D34/><U114/><E129/><V135/><F135/><W55/><G128/><T85/><D72/><U120/><E120/><V118/><F118/><W101/><G101/><T112/><D85/><U115/><E5/><V32/><F32/><W8/><G8/><T22/><D28/><U21/><E14/><V95/><F95/><W18/><G87/><T96/><D96/><U132/><E21/><N who="0" m="8297" /><D112/><N who="1" m="43051" /><E132/><V11/><F11/><W57/><G18/><T53/><D71/><U43/><E93/><V125/><AGARI ba="1,0" hai="0,1,24,29,35,59,61,66,74,78,81,124,125,126" machi="125" ten="30,4000,0" yaku="0,1,18,1,52,1" doraHai="26" who="2" fromWho="2" sc="136,-11,402,-21,215,43,247,-11" /><INIT seed="6,0,0,3,2,52" ten="125,381,258,236" oya="2" hai0="112,124,100,24,117,0,37,111,39,118,34,81,80" hai1="26,57,41,107,130,11,89,105,20,91,49,43,19" hai2="75,82,25,65,68,12,78,30,101,87,18,129,60" hai3="8,84,31,10,67,93,104,69,47,73,92,3,97"/><V127/><F127/><W15/><G73/><T23/><D111/><U22/><E130/><V85/><F129/><W16/><G104/><T5/><D124/><U115/><E115/><V90/><F90/><N who="1" m="34313" /><E105/><V45/><F45/><W48/><G84/><T94/><D112/><U35/><E35/><V72/><F87/><W134/><G134/><T110/><D110/><U40/><E107/><V59/><F101/><W95/><G31/><N who="0" m="17823" /><D34/><U133/><E133/><V2/><F2/><W64/><G69/><T126/><D126/><U98/><E98/><V14/><F14/><N who="3" m="7239" /><G97/><N who="0" m="59447" /><D5/><U114/><E114/><V42/><F42/><N who="3" m="24695" /><G3/><T17/><D0/><U79/><E20/><V88/><F68/><W120/><G120/><T13/><D39/><U83/><E11/><V119/><F78/><W4/><AGARI ba="0,0" hai="4,10,15,64,67,92,93,95" m="24695,7239" machi="4" ten="30,2000,0" yaku="8,1,54,1" doraHai="52" who="3" fromWho="3" sc="125,-5,381,-5,258,-10,236,20" /><INIT seed="7,0,0,4,3,118" ten="120,376,248,256" oya="3" hai0="116,21,27,41,26,83,73,42,55,113,58,14,10" hai1="36,74,65,40,31,47,72,131,0,71,54,48,69" hai2="57,109,22,127,123,30,78,107,114,12,37,96,99" hai3="17,8,49,6,133,32,23,44,81,28,4,35,95"/><W77/><G133/><T24/><D116/><U61/><E69/><V126/><F109/><W129/><G129/><T132/><D132/><U1/><E131/><V101/><F37/><W110/><G110/><T122/><D113/><U13/><E31/><V115/><F123/><W130/><G130/><T39/><D73/><N who="1" m="28267" /><E13/><V93/><F78/><W121/><G121/><T43/><D39/><U80/><E80/><V67/><F67/><W97/><G28/><T108/><D108/><U84/><E84/><V19/><F57/><AGARI ba="0,0" hai="0,1,36,40,47,48,54,57,61,65,71" m="28267" machi="57" ten="30,1000,0" yaku="24,1" doraHai="118" who="1" fromWho="2" sc="120,0,376,10,248,-10,256,0" owari="120,-38.0,386,48.0,238,-16.0,256,6.0" /></mjloggm>