<mjloggm ver="2.3"><GO type="169" lobby="0"/><UN n0="%E5%BD%BC%E5%A5%B3%E6%AC%B2%E3%81%97%E3%81%84%E3%82%88" n1="%E7%83%8F%E8%B3%8A%E4%B9%8B%E8%BC%94" n2="%E3%81%98%E3%81%98%E3%81%84%E3%81%8C%E5%91%BC%E3%82%93%E3%81%A0" n3="%E4%B8%83%E3%83%84%E6%98%9F%E3%83%9B%E3%82%AF%E3%82%B5%E3%82%A4" dan="16,17,16,17" rate="2151.64,2225.91,2090.15,2208.77" sx="M,M,M,M"/><TAIKYOKU oya="0"/><INIT seed="0,0,0,0,4,94" ten="250,250,250,250" oya="0" hai0="100,84,98,123,42,118,102,31,126,17,9,10,58" hai1="54,61,57,72,22,95,60,0,114,44,8,113,78" hai2="51,117,63,48,111,92,129,99,47,87,46,39,82" hai3="83,120,59,96,55,77,101,49,85,80,52,130,25"/><T112/><D118/><U103/><E72/><V23/><F111/><W32/><G130/><T37/><D112/><N who="1" m="43115" /><E78/><N who="2" m="46551" /><F39/><W90/><G120/><T132/><D123/><U45/><E60/><V134/><F134/><W88/><G32/><T41/><D132/><U2/><E22/><V73/><F73/><W110/><G110/><T91/><D126/><U68/><E68/><V21/><F63/><W13/><G25/><T121/><D121/><U86/><E8/><V40/><F129/><W69/><G69/><T79/><D79/><U6/><E6/><V105/><F105/><W64/><G64/><T35/><D35/><U131/><E131/><V43/><F117/><W128/><G128/><T66/><D9/><U20/><E20/><V27/><F27/><W7/><G83/><T24/><D24/><U93/><E93/><V65/><F65/><W4/><G55/><T133/><D10/><U97/><E86/><V135/><F135/><W89/><REACH who="3" step="1"/><G13/><REACH who="3" ten="250,250,250,240" step="2"/><T74/><D66/><U75/><E75/><V104/><F104/><AGARI ba="0,1" hai="4,7,49,52,59,77,80,85,88,89,90,96,101,104" machi="104" ten="40,8000,1" yaku="1,1,2,1,52,1,54,2,53,0" doraHai="94" doraHaiUra="115" who="3" fromWho="2" sc="250,0,250,0,250,-80,240,90" /><INIT seed="1,0,0,2,1,13" ten="250,250,170,330" oya="1" hai0="32,99,80,115,110,92,85,39,59,135,5,105,33" hai1="125,87,79,34,69,46,3,82,19,51,0,41,67" hai2="65,132,77,1,95,73,17,18,20,86,90,126,94" hai3="127,48,66,78,64,50,4,44,31,70,113,124,57"/><U129/><E34/><V30/><F1/><W29/><G70/><T104/><D115/><U74/><E125/><V88/><F126/><W12/><G113/><T61/><D135/><U37/><E129/><V10/><F132/><W130/><G78/><T84/><D110/><U53/><E74/><V106/><F106/><W97/><G97/><T47/><D5/><U91/><E79/><V118/><F118/><W49/><G130/><T98/><D39/><U93/><E82/><V72/><F77/><W28/><G124/><T54/><D47/><U112/><E112/><V40/><F40/><W42/><G127/><T131/><D131/><U24/><E67/><N who="3" m="25642" /><G57/><T120/><D120/><U81/><E81/><V25/><F65/><W58/><G58/><T116/><D116/><U56/><REACH who="1" step="1"/><E69/><REACH who="1" ten="250,240,170,330" step="2"/><V117/><F117/><W15/><G4/><T22/><D32/><U16/><E16/><N who="2" m="6251" /><F73/><W121/><G121/><T6/><D33/><U8/><E8/><V9/><F72/><W7/><G7/><T11/><D6/><U36/><E36/><V23/><F23/><AGARI ba="0,1" hai="0,3,19,23,24,37,41,46,51,53,56,87,91,93" machi="23" ten="40,3900,0" yaku="1,1,52,1,53,0" doraHai="13" doraHaiUra="114" who="1" fromWho="2" sc="250,0,240,49,170,-39,330,0" /><INIT seed="1,1,0,5,3,26" ten="250,289,131,330" oya="1" hai0="18,45,3,129,92,109,0,65,10,9,88,6,89" hai1="81,29,61,103,51,2,75,58,44,38,22,131,114" hai2="82,122,59,40,100,55,35,11,28,132,7,42,77" hai3="56,80,49,36,15,54,73,13,21,31,98,39,57"/><U104/><E114/><V93/><F122/><W120/><G120/><T124/><D109/><U85/><E2/><V48/><F132/><W87/><G73/><T76/><D129/><U110/><E38/><V95/><F35/><W115/><G115/><T30/><D124/><U66/><E75/><V27/><F95/><W134/><G134/><T72/><D65/><U97/><E131/><V4/><F93/><W108/><G108/><T50/><D72/><U74/><E74/><V91/><F100/><W112/><G112/><T43/><D76/><U83/><E110/><V78/><F91/><W84/><G98/><T17/><D30/><U63/><E63/><V117/><F117/><W69/><G69/><T46/><D46/><U33/><E33/><V107/><F107/><W130/><G130/><T12/><D18/><U71/><E71/><V111/><F111/><W16/><G39/><T105/><D105/><U41/><REACH who="1" step="1"/><E85/><REACH who="1" ten="250,279,131,330" step="2"/><N who="2" m="48335" /><F78/><W79/><G36/><T5/><REACH who="0" step="1"/><D92/><REACH who="0" ten="240,279,131,330" step="2"/><U135/><E135/><V53/><F53/><W68/><G54/><T94/><D94/><U14/><E14/><N who="2" m="5479" /><F7/><W8/><G13/><T20/><AGARI ba="1,2" hai="0,3,5,6,9,10,12,17,20,43,45,50,88,89" machi="20" ten="20,8000,1" yaku="1,1,0,1,7,1,9,1,54,1,53,0" doraHai="26" doraHaiUra="64" who="0" fromWho="0" sc="240,103,279,-41,131,-21,330,-21" /><INIT seed="2,0,0,4,5,94" ten="343,238,110,309" oya="2" hai0="130,109,87,7,46,63,6,66,111,73,61,14,33" hai1="118,36,82,38,105,100,98,133,117,72,11,112,52" hai2="131,43,34,85,12,5,45,88,47,37,42,35,26" hai3="59,50,116,89,53,69,97,65,81,58,102,99,114"/><V90/><F131/><W75/><G116/><T76/><D130/><U30/><E112/><V39/><F26/><W3/><G69/><T93/><D33/><U80/><E133/><V104/><F104/><W25/><G3/><T106/><D106/><U134/><E134/><V40/><F40/><W17/><G114/><T129/><D129/><U55/><E11/><V120/><F120/><W48/><G102/><T10/><D73/><U24/><E82/><V56/><F56/><W79/><G89/><T44/><D6/><U60/><E60/><V2/><F2/><W19/><G65/><T29/><D29/><U77/><E55/><V121/><F121/><W22/><G17/><T70/><D61/><U103/><E52/><AGARI ba="0,0" hai="19,22,25,48,50,52,53,58,59,75,79,81,97,99" machi="52" ten="40,8000,1" yaku="9,1,52,2,54,1" doraHai="94" who="3" fromWho="1" sc="343,0,238,-80,110,0,309,80" /><INIT seed="3,0,0,5,2,79" ten="343,158,110,389" oya="3" hai0="82,53,22,87,62,126,61,95,68,128,76,47,132" hai1="2,34,94,29,125,107,41,133,101,23,49,37,10" hai2="26,51,90,28,102,69,117,1,64,40,38,50,116" hai3="6,9,115,123,32,30,108,103,27,75,109,17,77"/><W39/><G123/><T55/><D132/><U7/><E107/><V4/><F102/><W31/><G115/><T91/><D128/><U0/><E37/><V46/><F1/><W104/><G39/><T66/><D126/><U119/><E125/><V16/><F4/><W113/><G113/><T118/><D118/><U70/><E70/><V129/><F129/><W56/><G56/><T127/><D127/><U83/><E133/><V35/><F117/><W15/><G103/><T20/><D55/><U71/><E34/><V131/><F116/><W96/><G96/><T124/><D124/><U44/><E119/><V36/><F36/><W74/><G104/><T54/><D53/><U14/><E29/><V57/><F69/><W84/><G31/><T21/><D61/><U89/><E23/><V73/><F73/><W80/><G74/><T48/><REACH who="0" step="1"/><D20/><REACH who="0" ten="333,158,110,389" step="2"/><U97/><E71/><V78/><F131/><W122/><G122/><T85/><AGARI ba="0,1" hai="21,22,47,48,54,62,66,68,76,82,85,87,91,95" machi="85" ten="20,8000,1" yaku="1,1,2,1,0,1,7,1,52,1,53,0" doraHai="79" doraHaiUra="110" who="0" fromWho="0" sc="333,90,158,-20,110,-20,389,-40" /><INIT seed="4,0,0,4,3,17" ten="423,138,90,349" oya="0" hai0="110,127,47,71,12,114,113,49,61,5,134,67,91" hai1="66,90,130,14,126,108,111,86,60,27,16,97,133" hai2="32,39,70,43,73,0,98,36,128,57,112,124,81" hai3="2,1,88,64,119,96,59,68,9,23,62,19,65"/><T125/><D91/><U53/><E126/><N who="0" m="48137" /><D5/><U10/><E133/><V69/><F57/><W51/><G119/><T93/><D93/><U121/><E130/><V79/><F43/><W35/><G35/><T15/><D15/><U48/><E121/><V34/><F81/><W120/><G120/><T55/><D12/><U56/><E27/><V106/><F79/><W13/><G2/><T82/><D82/><U105/><E105/><V58/><F58/><W52/><G1/><T11/><D11/><U104/><E104/><V50/><F50/><W99/><G9/><T8/><D8/><U74/><E97/><V102/><F98/><W26/><G26/><T103/><D103/><U122/><E122/><V44/><F44/><W100/><G100/><T89/><D89/><U45/><REACH who="1" step="1"/><E74/><REACH who="1" ten="423,128,90,349" step="2"/><V38/><F102/><W131/><G131/><T115/><D110/><U30/><E30/><V72/><F72/><W83/><REACH who="3" step="1"/><G65/><REACH who="3" ten="423,128,90,339" step="2"/><T78/><D134/><U29/><E29/><V25/><F25/><W31/><G31/><T6/><D67/><U7/><E7/><V46/><F128/><W123/><G123/><T107/><D115/><U129/><E129/><V76/><F112/><W87/><AGARI ba="0,2" hai="13,19,23,51,52,59,62,64,68,83,87,88,96,99" machi="87" ten="30,8000,1" yaku="1,1,0,1,52,1,54,2,53,0" doraHai="17" doraHaiUra="42" who="3" fromWho="3" sc="423,-40,128,-20,90,-20,339,100" /><INIT seed="5,0,0,1,5,0" ten="383,108,70,439" oya="1" hai0="18,28,31,73,114,55,8,98,51,42,7,41,1" hai1="15,121,56,112,80,108,101,34,131,57,10,43,84" hai2="115,122,102,90,3,23,46,6,17,71,123,27,77" hai3="99,74,75,118,48,54,30,39,11,87,63,128,116"/><U35/><E121/><V126/><F126/><W20/><G39/><T49/><D114/><U117/><E117/><N who="3" m="45162" /><G128/><T89/><D73/><U9/><E112/><V70/><F115/><W53/><G99/><T110/><D110/><U81/><E131/><V67/><F102/><W105/><G105/><T69/><D69/><U60/><E108/><V50/><F77/><W120/><G120/><T40/><D18/><U5/><E43/><V64/><F123/><W44/><G11/><T130/><D130/><U26/><E57/><V21/><F122/><W124/><G124/><T4/><D49/><U135/><E135/><V95/><F71/><W38/><G38/><T107/><D107/><U92/><E81/><V47/><F70/><W134/><G134/><T113/><D113/><U78/><E26/><N who="2" m="14639" /><F3/><W2/><G2/><T62/><D62/><U72/><E10/><V83/><F83/><W96/><G96/><T68/><D68/><U94/><E101/><V32/><F32/><W13/><G87/><T76/><D76/><U125/><E125/><V66/><F50/><W65/><G74/><T82/><D98/><U97/><E97/><N who="2" m="57591" /><F6/><N who="0" m="2090" /><D8/><U61/><E72/><V93/><F93/><W59/><G75/><T86/><D1/><U132/><E132/><V103/><F103/><W104/><G104/><T109/><D109/><U88/><E78/><V33/><F33/><N who="1" m="12297" /><E61/><V79/><F79/><W19/><G30/><AGARI ba="0,0" hai="23,27,30,46,47,64,66,67" m="57591,14639" machi="30" ten="30,1000,0" yaku="8,1" doraHai="0" who="2" fromWho="3" sc="383,0,108,0,70,10,439,-10" /><INIT seed="6,0,0,3,3,103" ten="383,108,80,429" oya="2" hai0="127,83,109,101,3,49,64,75,119,73,10,112,45" hai1="31,62,65,102,38,8,56,16,6,48,70,5,94" hai2="92,0,88,41,17,121,23,104,108,27,84,85,105" hai3="53,34,52,47,134,22,66,2,133,33,72,74,14"/><V67/><F121/><W122/><G2/><T29/><D112/><U40/><E31/><V87/><F0/><W59/><G66/><T32/><D109/><U129/><E129/><V78/><F108/><W42/><G122/><T120/><D120/><U107/><E107/><V46/><F67/><W7/><G7/><T26/><D127/><U86/><E38/><V81/><F85/><W90/><G90/><T50/><D119/><U36/><E36/><AGARI ba="0,0" hai="17,23,27,36,41,46,78,81,84,87,88,92,104,105" machi="36" ten="30,11600,0" yaku="7,1,52,2,54,1" doraHai="103" who="2" fromWho="1" sc="383,0,108,-116,80,116,429,0" owari="383,18.0,-8,-51.0,196,-20.0,429,53.0" /></mjloggm>