<mjloggm ver="2.3"><GO type="185" lobby="0"/><UN n0="%E3%81%82%E3%81%9F%E3%82%89%E3%81%AA%E3%81%84%E3%81%A7%EF%BC%81" n1="%70%6F%6E%5F%6B%61%73%75" n2="%E3%82%86%E3%81%8D%E3%81%86%E3%81%95%E3%81%8E%E2%98%86" n3="" dan="17,16,16,0" rate="2183.84,2147.10,2171.12,1500.00" sx="M,M,F,C"/><TAIKYOKU oya="0"/><INIT seed="0,0,0,3,2,34" ten="350,350,350,0" oya="0" hai0="37,120,125,85,129,38,103,95,94,131,3,52,74" hai1="66,49,46,91,78,56,108,62,128,57,75,113,53" hai2="82,65,69,135,92,81,117,124,93,105,98,2,33" hai3=""/><T64/><N who="0" m="30752" /><T71/><D74/><U130/><E75/><V48/><F33/><T80/><D125/><U59/><E91/><V112/><F124/><T111/><D3/><U45/><E78/><V121/><N who="2" m="31008" /><V76/><F117/><T39/><D111/><U97/><E97/><V44/><F2/><T90/><D71/><U42/><E108/><V61/><F112/><T101/><D52/><U122/><N who="1" m="31264" /><U134/><E134/><V58/><F135/><T50/><D50/><U60/><E113/><V51/><F81/><T89/><D64/><U84/><E84/><V77/><F76/><T41/><D41/><U104/><E104/><V55/><F105/><T119/><D119/><U107/><E107/><V79/><F79/><T123/><N who="0" m="31520" /><T102/><D80/><U47/><E42/><V88/><F93/><T67/><REACH who="0" step="1"/><D67/><AGARI ba="0,0" hai="45,46,47,49,53,56,57,59,60,62,66,67,128,130" m="31264" machi="67" ten="40,8000,1" yaku="9,1,34,3,52,1" doraHai="34" who="1" fromWho="0" sc="350,-80,350,80,350,0,0,0" /><INIT seed="1,0,0,0,2,115" ten="270,430,350,0" oya="1" hai0="84,59,55,72,116,58,122,75,69,53,95,85,39" hai1="42,52,76,63,49,57,64,2,65,46,106,117,87" hai2="124,132,90,77,62,70,82,40,71,127,66,79,102" hai3=""/><U98/><E2/><V111/><F111/><T99/><N who="0" m="31264" /><T56/><D69/><U133/><E133/><V130/><F70/><T48/><D39/><U88/><E117/><V37/><F132/><T110/><D110/><U54/><E76/><V113/><F113/><T112/><D112/><U33/><E33/><V83/><F130/><T93/><D59/><U80/><E106/><V44/><F102/><T78/><D78/><U101/><E101/><V129/><F129/><T109/><D109/><U128/><E98/><V131/><F131/><T81/><D48/><U86/><E128/><V126/><F90/><T96/><REACH who="0" step="1"/><D81/><AGARI ba="0,0" hai="37,40,44,62,66,71,77,79,81,82,83,124,126,127" machi="81" ten="40,1300,0" yaku="18,1" doraHai="115" who="2" fromWho="0" sc="270,-13,430,0,350,13,0,0" /><INIT seed="2,0,0,1,3,104" ten="257,430,363,0" oya="2" hai0="33,134,97,68,131,123,99,79,36,85,124,72,46" hai1="135,62,113,0,86,129,118,1,121,126,70,39,51" hai2="87,35,32,64,40,122,120,43,95,60,84,128,92" hai3=""/><V48/><N who="2" m="30752" /><V88/><N who="2" m="31264" /><V67/><F128/><T127/><D46/><U96/><E86/><V61/><F48/><T49/><D49/><U77/><E96/><V45/><F45/><T38/><D38/><U73/><E77/><V93/><F93/><T114/><D85/><U54/><E54/><V53/><F53/><T83/><D97/><U103/><E103/><V101/><F101/><T47/><D99/><U130/><E62/><V90/><AGARI ba="0,0" hai="32,35,40,43,60,61,64,67,84,87,88,90,92,95" m="31264,30752" machi="90" ten="25,12000,2" yaku="0,1,22,2,52,2,54,1" doraHai="104" who="2" fromWho="2" sc="257,-60,430,-60,363,120,0,0" /><INIT seed="2,1,0,3,1,134" ten="197,370,483,0" oya="2" hai0="83,122,91,51,94,65,55,118,45,125,84,33,93" hai1="62,80,106,64,48,1,82,78,56,128,74,102,40" hai2="37,133,120,117,104,110,127,71,111,116,32,113,86" hai3=""/><V61/><F86/><T130/><N who="0" m="31264" /><T47/><D118/><U123/><N who="1" m="31520" /><U36/><E128/><V114/><F61/><T52/><D33/><U79/><E1/><V44/><F44/><T43/><D130/><U124/><E124/><V112/><F112/><T34/><D34/><U76/><E76/><V75/><F114/><T63/><D125/><U69/><E102/><V87/><F87/><T59/><REACH who="0" step="1"/><D55/><REACH who="0" ten="187,370,483,0" step="2"/><U88/><E74/><V81/><F116/><T107/><D107/><U108/><E106/><V95/><F81/><T105/><D105/><U3/><E82/><V70/><F95/><T92/><D92/><U72/><E80/><V66/><F111/><T49/><AGARI ba="1,1" hai="43,45,47,49,51,52,59,63,65,83,84,91,93,94" m="31264" machi="49" ten="20,9000,2" yaku="1,1,0,1,7,1,8,1,52,1,54,1,53,1" doraHai="134" doraHaiUra="50" who="0" fromWho="0" sc="187,102,370,-31,483,-61,0,0" /><INIT seed="4,0,0,0,4,64" ten="289,339,422,0" oya="0" hai0="78,134,43,120,135,60,82,94,87,3,67,57,119" hai1="41,107,54,37,55,70,73,71,52,65,77,59,2" hai2="0,105,34,128,62,95,51,116,88,90,102,98,80" hai3=""/><T48/><N who="0" m="30752" /><T113/><D119/><U112/><E107/><V99/><F116/><T114/><D3/><U117/><E2/><V66/><F0/><T111/><D111/><U32/><E32/><V110/><F110/><T40/><D94/><U75/><E117/><V103/><F34/><T118/><D118/><U84/><E112/><N who="0" m="43113" /><D48/><U85/><E41/><AGARI ba="0,0" hai="40,41,43,57,60,67,78,82,87,134,135" m="43113,30752" machi="41" ten="30,2900,0" yaku="15,1,52,1" doraHai="64" who="0" fromWho="1" sc="289,29,339,-29,422,0,0,0" /><INIT seed="4,1,0,3,4,100" ten="318,310,422,0" oya="0" hai0="51,74,82,121,57,122,106,34,115,103,132,42,45" hai1="117,54,105,61,46,110,118,102,85,56,124,92,109" hai2="37,101,63,52,107,32,135,49,83,75,84,78,134" hai3=""/><T112/><N who="0" m="31008" /><T88/><N who="0" m="31264" /><T133/><D34/><U125/><E92/><V130/><F32/><T99/><D57/><U80/><E105/><V96/><F37/><T71/><D71/><U120/><N who="1" m="30752" /><U41/><E85/><V114/><F114/><N who="0" m="43562" /><D88/><U126/><E80/><V43/><F130/><T87/><D87/><U65/><E102/><V76/><F76/><AGARI ba="1,0" hai="42,45,51,74,76,82,99,103,106,132,133" m="43562,31264,31008" machi="76" ten="30,11600,0" yaku="15,1,52,3" doraHai="100" who="0" fromWho="2" sc="318,118,310,0,422,-118,0,0" /><INIT seed="4,2,0,3,5,121" ten="436,310,304,0" oya="0" hai0="35,117,135,60,32,38,112,82,48,3,78,87,66" hai1="61,2,125,109,55,120,1,105,114,75,62,96,63" hai2="77,86,45,49,40,36,0,115,56,122,73,111,80" hai3=""/><T133/><D38/><U107/><N who="1" m="30752" /><U134/><E75/><V72/><N who="2" m="31264" /><V57/><F0/><T34/><D3/><U42/><E109/><V116/><F116/><T127/><D117/><U76/><E76/><V104/><F111/><T53/><D127/><U84/><E125/><V47/><F104/><T88/><D78/><U52/><E84/><V132/><F132/><T118/><D112/><U131/><E134/><V67/><F115/><T119/><D119/><U70/><E70/><V90/><F67/><T65/><D65/><U91/><E114/><V106/><F106/><T98/><D98/><U41/><E63/><V128/><F128/><T95/><D82/><U99/><REACH who="1" step="1"/><E91/><REACH who="1" ten="436,300,304,0" step="2"/><V100/><F72/><T59/><REACH who="0" step="1"/><D118/><REACH who="0" ten="426,300,304,0" step="2"/><U113/><E113/><V93/><REACH who="2" step="1"/><F100/><REACH who="2" ten="426,300,294,0" step="2"/><T33/><N who="0" m="8192" /><DORA hai="110" /><T54/><D54/><AGARI ba="2,3" hai="36,40,45,47,49,54,56,57,73,77,80,86,90,93" m="31264" machi="54" ten="30,8000,1" yaku="1,1,7,1,52,1,53,2" doraHai="121,110" doraHaiUra="69,83" who="2" fromWho="0" sc="426,-84,300,0,294,114,0,0" /><INIT seed="5,0,0,1,3,56" ten="342,300,408,0" oya="1" hai0="57,104,119,68,0,109,120,129,95,80,83,70,132" hai1="45,128,131,98,126,118,52,133,79,91,48,134,100" hai2="3,103,74,111,96,73,93,99,44,101,67,47,62" hai3=""/><U127/><E118/><V116/><F3/><T75/><RYUUKYOKU type="yao9" ba="0,0" sc="342,0,300,0,408,0,0,0" hai0="0,57,68,70,75,80,83,95,104,109,119,120,129,132" /><INIT seed="5,1,0,5,2,60" ten="342,300,408,0" oya="1" hai0="37,115,52,80,104,100,126,64,89,109,90,68,99" hai1="128,122,91,110,118,98,77,130,45,67,59,75,63" hai2="0,106,93,1,92,101,3,125,112,55,66,95,39" hai3=""/><U40/><N who="1" m="31264" /><U56/><E118/><V58/><F125/><T114/><D109/><U117/><E117/><V2/><F112/><N who="0" m="43050" /><D126/><U73/><E110/><V86/><F39/><T132/><D132/><U123/><N who="1" m="31520" /><U50/><E59/><V134/><F134/><T82/><D37/><U72/><REACH who="1" step="1"/><E77/><REACH who="1" ten="342,290,408,0" step="2"/><V44/><F0/><T129/><D129/><U120/><N who="1" m="30752" /><U42/><E42/><V81/><F1/><T83/><D68/><U131/><E131/><V127/><F2/><T62/><D64/><U119/><E119/><V121/><F3/><T51/><D62/><U49/><E49/><V61/><F121/><T43/><D43/><U111/><E111/><V78/><F127/><T79/><D79/><U88/><E88/><V124/><F124/><T105/><D51/><U113/><E113/><V33/><F66/><T47/><D90/><U84/><E84/><V94/><F61/><T46/><D89/><U38/><E38/><V74/><F78/><T34/><D46/><U41/><E41/><V70/><F44/><T108/><D47/><U87/><E87/><V85/><F86/><T36/><D36/><U76/><E76/><V97/><F85/><T57/><D108/><U53/><E53/><V71/><F55/><RYUUKYOKU ba="1,1" sc="342,-10,290,20,408,-10,0,0" hai1="40,45,50,56,63,67,72,73,75,91,98,128,130" /><INIT seed="5,2,1,4,5,122" ten="332,310,398,0" oya="1" hai0="116,73,133,110,75,39,66,38,82,84,80,36,72" hai1="98,91,90,93,42,69,2,134,49,92,131,89,123" hai2="112,128,83,105,3,54,57,34,96,41,119,45,86" hai3=""/><U56/><N who="1" m="31520" /><U78/><E2/><V61/><F3/><T32/><D32/><U59/><E69/><V101/><F34/><T132/><D116/><U71/><E71/><V125/><F119/><T94/><D66/><U108/><E108/><V99/><F128/><T46/><D46/><U115/><E131/><V52/><F125/><T65/><D65/><U48/><E78/><V103/><F112/><T44/><D44/><U67/><E115/><V102/><F54/><T121/><N who="0" m="31008" /><T55/><D55/><U0/><E0/><V126/><F126/><T100/><D110/><U77/><E77/><V74/><F74/><T124/><D124/><U33/><E33/><V37/><F99/><T40/><D40/><U70/><E70/><V79/><AGARI ba="2,1" hai="37,41,45,52,57,61,79,83,86,96,101,102,103,105" machi="79" ten="20,2000,0" yaku="0,1,7,1,54,1" doraHai="122" who="2" fromWho="2" sc="332,-9,310,-15,398,34,0,0" /><INIT seed="6,0,0,3,0,67" ten="323,295,432,0" oya="2" hai0="80,48,37,98,122,117,3,94,62,55,47,60,72" hai1="114,95,44,135,133,50,124,45,123,127,119,82,96" hai2="0,69,41,40,120,59,97,33,88,132,134,38,103" hai3=""/><V74/><N who="2" m="30752" /><V87/><F33/><T52/><N who="0" m="31264" /><T129/><D3/><U89/><N who="1" m="31520" /><U65/><E114/><V106/><F0/><T73/><D117/><U63/><E119/><V71/><F74/><T58/><D129/><U91/><E89/><V118/><F118/><T108/><D108/><U61/><E82/><V107/><F107/><T113/><D113/><U76/><E76/><V101/><F101/><T85/><D37/><U105/><E105/><V46/><F40/><T78/><REACH who="0" step="1"/><D62/><REACH who="0" ten="313,295,432,0" step="2"/><N who="1" m="23563" /><E65/><V92/><REACH who="2" step="1"/><F59/><REACH who="2" ten="313,295,422,0" step="2"/><T131/><D131/><U115/><E115/><V83/><F83/><T68/><D68/><AGARI ba="0,2" hai="38,41,46,68,69,71,87,88,92,97,103,106,132,134" m="30752" machi="68" ten="40,18000,2" yaku="1,1,52,4,54,1,53,0" doraHai="67" doraHaiUra="53" who="2" fromWho="0" sc="313,-180,295,0,422,200,0,0" owari="133,-47.0,295,-10.0,622,57.0,0,0.0" /></mjloggm>