<mjloggm ver="2.3"><GO type="185" lobby="0"/><UN n0="%E2%99%AA%E5%A4%A2%E5%85%88%E6%A1%88%E5%86%85%E4%BA%BA" n1="%70%6F%6E%5F%6B%61%73%75" n2="%E3%81%82%E3%81%9F%E3%82%89%E3%81%AA%E3%81%84%E3%81%A7%EF%BC%81" n3="" dan="17,16,17,0" rate="2280.82,2152.84,2177.57,1500.00" sx="F,M,M,C"/><TAIKYOKU oya="0"/><INIT seed="0,0,0,0,4,42" ten="350,350,350,0" oya="0" hai0="0,76,82,109,111,94,81,95,75,43,103,119,116" hai1="63,98,107,50,60,102,74,72,114,78,46,93,87" hai2="89,57,134,130,52,132,120,71,83,38,117,135,121" hai3=""/><T58/><D0/><U90/><E114/><V69/><N who="2" m="30752" /><V110/><N who="2" m="31008" /><V59/><F110/><N who="0" m="41994" /><D43/><U126/><E126/><V77/><F117/><N who="0" m="45130" /><D58/><U44/><E74/><V35/><F35/><T85/><D103/><U131/><E131/><V99/><F38/><T92/><D81/><U65/><E50/><V39/><F39/><T80/><D82/><U97/><E63/><V96/><F130/><T61/><D61/><U91/><E60/><V104/><F57/><T105/><D105/><U101/><E65/><V64/><F64/><T53/><D53/><U36/><E36/><V62/><F104/><T73/><AGARI ba="0,0" hai="73,75,76,80,85,92,94,95" m="45130,41994" machi="73" ten="40,8000,1" yaku="14,1,10,1,34,2" doraHai="42" who="0" fromWho="0" sc="350,80,350,-40,350,-40,0,0" /><INIT seed="0,1,0,1,3,133" ten="430,310,310,0" oya="0" hai0="40,69,121,123,119,86,48,37,111,96,130,53,129" hai1="105,66,1,78,74,33,128,88,102,41,104,0,76" hai2="80,65,77,64,82,46,126,85,93,115,107,89,73" hai3=""/><T35/><N who="0" m="31008" /><T71/><N who="0" m="31520" /><T112/><D35/><U60/><E128/><N who="0" m="49257" /><D112/><U61/><E41/><V43/><F115/><T72/><D72/><U100/><E66/><V109/><F109/><T99/><D119/><U106/><E106/><V81/><F107/><T42/><D86/><U108/><E88/><V38/><F126/><T114/><D114/><U124/><E108/><V98/><F82/><T51/><D111/><U135/><E135/><V68/><F68/><N who="0" m="26186" /><D48/><U49/><E49/><V91/><AGARI ba="1,0" hai="38,43,46,64,65,73,77,80,81,85,89,91,93,98" machi="91" ten="20,1100,0" yaku="0,1,7,1" doraHai="133" who="2" fromWho="2" sc="430,-8,310,-5,310,13,0,0" /><INIT seed="1,0,0,3,3,132" ten="422,305,323,0" oya="1" hai0="41,121,46,57,59,123,129,130,55,79,88,116,93" hai1="48,1,39,3,61,111,72,91,53,114,115,51,99" hai2="65,84,86,103,90,85,66,106,45,36,32,134,52" hai3=""/><U58/><E39/><V98/><F32/><T75/><N who="0" m="31008" /><T117/><N who="0" m="31520" /><T78/><D75/><U73/><E111/><V95/><F134/><T127/><D127/><U64/><E51/><V100/><F100/><T133/><D133/><U118/><E118/><N who="0" m="45673" /><D78/><U54/><E54/><V43/><REACH who="2" step="1"/><F52/><REACH who="2" ten="422,305,313,0" step="2"/><T62/><D57/><U40/><E58/><V35/><F35/><T125/><D125/><U126/><E126/><V112/><F112/><T104/><D104/><U56/><E115/><V80/><F80/><T34/><D34/><U74/><E114/><V89/><F89/><T108/><D79/><U97/><E91/><V94/><F94/><T33/><D33/><U42/><E1/><V38/><F38/><T71/><D71/><U131/><E3/><V135/><F135/><T47/><D108/><U76/><E76/><V67/><AGARI ba="0,1" hai="36,43,45,65,66,67,84,85,86,90,95,98,103,106" machi="67" ten="30,3000,0" yaku="1,1,0,1,53,1" doraHai="132" doraHaiUra="37" who="2" fromWho="2" sc="422,-10,305,-20,313,40,0,0" /><INIT seed="2,0,0,5,5,105" ten="412,285,353,0" oya="2" hai0="113,128,103,119,114,88,135,61,63,120,118,127,89" hai1="73,41,46,56,36,98,70,82,129,49,34,0,126" hai2="84,51,97,72,94,42,124,86,62,3,66,122,102" hai3=""/><V125/><N who="2" m="31264" /><V90/><F3/><T87/><N who="0" m="30752" /><T69/><D127/><U35/><E0/><V32/><F32/><T130/><D103/><U83/><E126/><V99/><F124/><T96/><D96/><U131/><E70/><V60/><F125/><T50/><D50/><U76/><E98/><V116/><F116/><N who="0" m="44586" /><D135/><U100/><E100/><V58/><F62/><N who="0" m="23562" /><D69/><U77/><E56/><V111/><F111/><T48/><D48/><U109/><E49/><V65/><F65/><T74/><D74/><U106/><E106/><V37/><F72/><T121/><N who="0" m="31008" /><T80/><D89/><U54/><E109/><V1/><F1/><T110/><D110/><U38/><E73/><V44/><REACH who="2" step="1"/><F51/><REACH who="2" ten="412,285,343,0" step="2"/><T67/><D67/><U33/><E33/><V45/><F45/><T71/><D71/><U85/><E46/><V93/><AGARI ba="0,1" hai="37,42,44,58,60,66,84,86,90,93,94,97,99,102" m="31264" machi="93" ten="20,5200,0" yaku="1,1,0,1,7,1,52,1,53,0" doraHai="105" doraHaiUra="123" who="2" fromWho="2" sc="412,-26,285,-26,343,62,0,0" /><INIT seed="2,1,0,0,2,101" ten="386,259,405,0" oya="2" hai0="50,96,87,123,66,33,113,34,129,59,125,122,36" hai1="35,90,40,3,74,64,104,46,109,124,1,82,76" hai2="81,2,116,41,105,65,79,48,72,98,73,56,118" hai3=""/><V80/><F2/><T131/><N who="0" m="31264" /><T94/><N who="0" m="31520" /><T69/><D36/><U49/><E35/><V91/><F41/><T86/><D125/><U126/><E109/><V62/><F48/><T108/><D108/><U120/><N who="1" m="30752" /><U58/><E90/><V54/><F65/><T95/><D113/><U128/><E104/><V68/><F68/><T114/><D114/><U53/><E64/><V71/><F71/><T57/><D69/><U99/><E99/><V37/><F37/><T60/><D96/><U103/><E103/><V38/><F38/><T92/><D50/><U45/><E45/><V52/><F54/><T51/><D51/><U121/><N who="1" m="31008" /><U106/><E106/><V32/><F32/><T47/><D94/><U132/><E132/><V0/><F105/><T127/><D127/><N who="1" m="48683" /><E128/><V111/><F111/><T39/><D39/><AGARI ba="1,0" hai="1,3,39,40,46,49,53,58,74,76,82" m="48683,31008,30752" machi="39" ten="30,3900,0" yaku="18,1,52,2" doraHai="101" who="1" fromWho="0" sc="386,-41,259,41,405,0,0,0" /><INIT seed="4,0,0,5,4,107" ten="345,300,405,0" oya="0" hai0="132,0,45,123,91,115,87,101,121,32,111,129,112" hai1="128,133,80,41,66,130,77,53,56,49,108,105,47" hai2="67,125,68,40,52,83,134,63,38,37,113,76,84" hai3=""/><T117/><N who="0" m="31008" /><T99/><N who="0" m="31520" /><T61/><D0/><U100/><E108/><V42/><F113/><N who="0" m="43594" /><D32/><U106/><E133/><V104/><F104/><T82/><D117/><U119/><E66/><V48/><F125/><T50/><D132/><U1/><E119/><V62/><F62/><T33/><D33/><U74/><E1/><V36/><REACH who="2" step="1"/><F134/><REACH who="2" ten="345,300,395,0" step="2"/><T79/><D111/><U122/><N who="1" m="31264" /><U86/><E106/><V96/><F96/><T95/><D61/><U65/><E105/><V118/><F118/><T35/><D35/><U73/><E65/><V55/><F55/><T98/><D129/><N who="1" m="49771" /><E100/><V90/><F90/><T120/><N who="0" m="30752" /><T127/><D127/><U58/><E58/><AGARI ba="0,1" hai="36,37,38,40,42,48,52,58,63,67,68,76,83,84" machi="58" ten="40,2600,0" yaku="1,1,54,1,53,0" doraHai="107" doraHaiUra="93" who="2" fromWho="1" sc="345,0,300,-26,395,36,0,0" /><INIT seed="5,0,0,3,0,86" ten="345,274,431,0" oya="1" hai0="74,100,56,130,83,65,45,106,80,66,126,39,91" hai1="2,108,76,121,103,1,90,44,41,122,48,85,115" hai2="43,50,93,64,55,42,51,97,53,105,37,36,87" hai3=""/><U117/><N who="1" m="31008" /><U99/><N who="1" m="31264" /><U104/><E117/><V75/><F75/><T84/><D126/><U94/><E115/><V113/><F87/><T68/><D68/><U82/><REACH who="1" step="1"/><E108/><REACH who="1" ten="345,264,431,0" step="2"/><V124/><F113/><T67/><D130/><U135/><E135/><V49/><F124/><T92/><D80/><U63/><E63/><V95/><F42/><T33/><D83/><U81/><E81/><V101/><F43/><T60/><D33/><U54/><E54/><V57/><F64/><T119/><D119/><U40/><E40/><V111/><F111/><T120/><D66/><U34/><E34/><V96/><F55/><T78/><D65/><U107/><E107/><V52/><F105/><T116/><D116/><U125/><E125/><V61/><REACH who="2" step="1"/><F53/><REACH who="2" ten="345,264,421,0" step="2"/><T58/><D106/><U114/><E114/><V123/><N who="2" m="31520" /><V77/><F77/><T46/><D78/><U35/><E35/><V59/><F59/><T129/><D56/><U118/><E118/><V0/><F0/><T98/><D67/><U89/><E89/><AGARI ba="0,2" hai="36,37,49,50,51,52,57,61,89,93,95,96,97,101" m="31520" machi="89" ten="40,8000,1" yaku="1,1,52,2,54,1,53,0" doraHai="86" doraHaiUra="62" who="2" fromWho="1" sc="345,0,264,-80,421,100,0,0" /><INIT seed="6,0,0,0,5,118" ten="345,184,521,0" oya="2" hai0="127,36,43,39,135,52,51,85,101,112,76,107,80" hai1="65,57,93,66,134,54,42,37,69,125,123,105,45" hai2="49,47,44,114,95,96,109,90,1,68,100,73,56" hai3=""/><V129/><F68/><T41/><D127/><U115/><N who="1" m="31520" /><U94/><E105/><V78/><F1/><T119/><D119/><U103/><E94/><V38/><F109/><T46/><D135/><U83/><E93/><V122/><F129/><T81/><D112/><U104/><E83/><V98/><F114/><T2/><D2/><U55/><E104/><V79/><F73/><T110/><D110/><U97/><E97/><V89/><F89/><T87/><D41/><U71/><E103/><V91/><F91/><T124/><D124/><U40/><E125/><V130/><F38/><T72/><D72/><U61/><E115/><V113/><F113/><T3/><D3/><U84/><E84/><V106/><F79/><T62/><D62/><U126/><E126/><V32/><F78/><T102/><D36/><U67/><E134/><V117/><F117/><T77/><D107/><U131/><E131/><V48/><F130/><T120/><N who="0" m="30752" /><T116/><D116/><U59/><E40/><V0/><F0/><T75/><D75/><U82/><E82/><V99/><F106/><T70/><D102/><U50/><REACH who="1" step="1"/><E71/><REACH who="1" ten="345,174,521,0" step="2"/><V86/><N who="2" m="31264" /><V108/><F108/><T60/><D101/><U111/><E111/><V74/><F100/><RYUUKYOKU ba="0,1" sc="345,-10,174,20,521,-10,0,0" hai1="37,42,45,50,54,55,57,59,61,65,66,67,69" owari="335,-6.0,194,-41.0,521,47.0,0,0.0" /></mjloggm>