<mjloggm ver="2.3"><GO type="169" lobby="0"/><UN n0="%62%65%61%74%72%69%63%65" n1="%E3%83%8F%E3%82%BF%E3%83%A2%E3%83%88%E3%83%92%E3%83%AD" n2="%4A%65%74%2E%42" n3="%E5%A4%95%E5%87%AA" dan="16,17,18,18" rate="2118.31,2143.29,2211.30,2208.01" sx="F,M,M,M"/><TAIKYOKU oya="0"/><INIT seed="0,0,0,1,1,115" ten="250,250,250,250" oya="0" hai0="65,105,42,86,32,125,47,10,25,22,36,88,82" hai1="109,71,101,120,127,21,95,51,92,119,16,83,72" hai2="34,102,1,14,41,66,73,9,50,117,45,81,108" hai3="30,28,103,69,44,74,57,43,55,78,110,126,61"/><T48/><D105/><U107/><E120/><V40/><F34/><W114/><G110/><T75/><D125/><U37/><E37/><V19/><F108/><W79/><G114/><T24/><D75/><U15/><E119/><V132/><F132/><W54/><G126/><T49/><D65/><U33/><E33/><V90/><F102/><W123/><G103/><T20/><D32/><U5/><E71/><V91/><F40/><W58/><G69/><T39/><D39/><U100/><E109/><V3/><F66/><W8/><G8/><T18/><REACH who="0" step="1"/><D10/><REACH who="0" ten="240,250,250,250" step="2"/><N who="1" m="4559" /><E107/><V63/><F73/><W70/><G74/><T122/><D122/><U99/><E72/><V121/><F121/><W129/><G123/><T135/><D135/><U84/><E127/><V68/><F9/><W60/><G70/><T106/><D106/><U13/><E100/><V38/><F68/><W4/><G129/><T87/><D87/><U93/><E51/><V76/><F50/><W27/><G61/><T77/><D77/><AGARI ba="0,1" hai="13,16,21,77,83,84,92,93,95,99,101" m="4559" machi="77" ten="30,2000,0" yaku="8,1,54,1" doraHai="115" who="1" fromWho="0" sc="240,-20,250,30,250,0,250,0" /><INIT seed="1,0,0,5,5,10" ten="220,280,250,250" oya="1" hai0="73,58,77,127,32,70,17,49,110,51,75,78,90" hai1="60,93,97,61,21,16,130,69,18,56,104,128,25" hai2="88,71,125,5,57,83,122,42,24,109,14,27,53" hai3="2,26,121,12,66,94,134,37,111,84,108,38,112"/><U82/><E104/><V102/><F122/><W47/><G2/><T103/><D32/><U9/><E69/><V132/><F71/><W85/><G26/><T107/><D70/><U63/><E82/><V74/><F109/><W11/><G121/><T91/><D58/><U115/><E115/><V99/><F132/><W0/><G0/><T46/><D110/><N who="3" m="42025" /><G66/><T124/><D17/><U28/><E56/><V119/><F42/><W118/><G112/><T126/><D46/><U34/><E9/><N who="2" m="4399" /><F125/><W101/><G118/><T48/><D103/><U6/><E6/><V65/><F65/><W55/><G134/><T106/><D90/><N who="1" m="55479" /><E34/><V100/><F74/><N who="0" m="28170" /><D91/><U89/><E89/><V76/><F76/><AGARI ba="0,0" hai="48,49,51,76,77,78,106,107,124,126,127" m="28170" machi="76" ten="40,5200,0" yaku="28,2,18,1" doraHai="10" who="0" fromWho="2" sc="220,52,280,0,250,-52,250,0" /><INIT seed="2,0,0,3,0,51" ten="272,280,198,250" oya="2" hai0="56,128,86,62,49,115,22,44,18,63,111,79,85" hai1="84,98,57,81,113,25,36,102,27,35,95,7,78" hai2="121,29,32,114,70,75,89,94,17,9,10,34,26" hai3="6,19,3,50,71,67,48,11,15,39,21,54,60"/><V132/><F121/><W23/><G39/><T55/><D115/><U90/><E36/><V64/><F114/><W12/><G50/><T28/><D128/><U87/><E113/><V13/><F132/><W53/><G48/><T112/><D112/><U101/><E35/><V119/><F119/><W123/><G123/><T47/><D111/><U1/><E57/><V93/><F75/><W66/><G66/><T135/><D135/><U30/><E102/><V106/><F106/><W42/><G42/><T127/><D28/><U104/><E30/><V129/><F129/><W46/><G46/><N who="0" m="17451" /><D127/><U72/><E84/><N who="0" m="32361" /><D79/><U122/><E122/><V24/><F10/><AGARI ba="0,0" hai="1,7,10,25,27,72,78,81,87,90,95,98,101,104" machi="10" ten="40,2600,0" yaku="24,2" doraHai="51" who="1" fromWho="2" sc="272,0,280,26,198,-26,250,0" /><INIT seed="3,0,0,3,2,54" ten="272,306,172,250" oya="3" hai0="23,80,50,31,12,32,109,41,27,121,107,68,59" hai1="72,101,90,106,13,0,126,30,58,64,29,123,85" hai2="117,82,16,55,52,75,5,34,15,25,8,10,24" hai3="118,98,132,100,46,92,37,89,9,116,111,22,122"/><W1/><G122/><T124/><D107/><U108/><E0/><V66/><F117/><W17/><G132/><T40/><D121/><U81/><E126/><V88/><F66/><W18/><G111/><T47/><D68/><U36/><E36/><V102/><F102/><W84/><G37/><T87/><D109/><U38/><E38/><V43/><F43/><W78/><G46/><T125/><D41/><U129/><E129/><V103/><F103/><W69/><G69/><T119/><D119/><U57/><E64/><V76/><F88/><W39/><G39/><T73/><D73/><U56/><E108/><V42/><F42/><W91/><G91/><T28/><D28/><N who="1" m="10859" /><E72/><V53/><REACH who="2" step="1"/><F34/><REACH who="2" ten="272,306,162,250" step="2"/><W21/><G118/><T62/><D32/><U99/><E106/><V6/><F6/><W110/><G116/><T7/><D125/><U48/><E123/><V79/><F79/><W3/><G78/><T67/><D124/><U115/><E115/><V61/><F61/><W113/><G113/><T95/><D7/><U26/><E101/><V11/><F11/><W70/><G9/><T44/><D40/><U97/><E48/><V134/><F134/><W14/><G110/><T60/><D50/><U49/><E49/><V96/><F96/><N who="1" m="36937" /><E13/><AGARI ba="0,1" hai="5,8,10,13,15,16,24,25,52,53,55,75,76,82" machi="13" ten="40,5200,0" yaku="1,1,54,2,53,0" doraHai="54" doraHaiUra="94" who="2" fromWho="1" sc="272,0,306,-52,162,62,250,0" /><INIT seed="4,0,0,5,2,63" ten="272,254,224,250" oya="0" hai0="115,7,54,113,19,3,99,102,42,22,39,40,104" hai1="106,103,49,118,33,68,130,46,18,26,8,17,5" hai2="75,53,91,9,89,133,107,117,27,0,66,21,96" hai3="47,88,110,74,15,37,36,128,32,56,65,73,132"/><T70/><D70/><U121/><E118/><V67/><F75/><W2/><G2/><T134/><D134/><U76/><E121/><V71/><F71/><W131/><G32/><T11/><D54/><U112/><E112/><N who="0" m="43081" /><D39/><U59/><E68/><V108/><F108/><W25/><G110/><T23/><D23/><U35/><E106/><V94/><F107/><W77/><G132/><T123/><D123/><U6/><E103/><V126/><F133/><W44/><G25/><AGARI ba="0,0" hai="3,7,11,19,22,25,40,42,99,102,104" m="43081" machi="25" ten="30,1500,0" yaku="15,1" doraHai="63" who="0" fromWho="3" sc="272,15,254,0,224,0,250,-15" /><INIT seed="4,1,0,4,2,129" ten="287,254,224,235" oya="0" hai0="85,126,60,87,28,12,27,6,40,3,91,103,20" hai1="64,31,22,116,102,119,131,7,124,41,128,57,82" hai2="130,81,8,25,45,21,30,62,115,117,66,49,122" hai3="35,68,24,101,76,10,107,98,90,80,110,42,120"/><T14/><D126/><U29/><E41/><V67/><F122/><W73/><G110/><T37/><D103/><U125/><E82/><V13/><F115/><W79/><G120/><T33/><D37/><U56/><E102/><V86/><F130/><N who="1" m="49705" /><E64/><V15/><F117/><N who="1" m="45129" /><E22/><V77/><F15/><W113/><G42/><T50/><D60/><U9/><E56/><V39/><F62/><W2/><G79/><T70/><D70/><U44/><E44/><V23/><F23/><W134/><G90/><T95/><D40/><U1/><E57/><V63/><F63/><W47/><G47/><T97/><D50/><U46/><E46/><V88/><F77/><W51/><G51/><T114/><D87/><U4/><E4/><V0/><F39/><W106/><G68/><T96/><D85/><U65/><E65/><V89/><F89/><W59/><G59/><T109/><D91/><U132/><E132/><V69/><F69/><W121/><G134/><T38/><D6/><U55/><E55/><N who="2" m="30127" /><F66/><W34/><G121/><T118/><D118/><U52/><E52/><V18/><F67/><W111/><G76/><T17/><D38/><U43/><E43/><V108/><F88/><W71/><G71/><T26/><D20/><U36/><E36/><V133/><F133/><W16/><G101/><T94/><D96/><U19/><E19/><V32/><F86/><W84/><G84/><T48/><D17/><U78/><E78/><V74/><F81/><W100/><G80/><T104/><D97/><U61/><E61/><V135/><F135/><W123/><G123/><T72/><D48/><RYUUKYOKU ba="1,0" sc="287,-10,254,30,224,-10,235,-10" hai1="1,7,9,29,31,124,125" /><INIT seed="5,2,0,4,3,79" ten="277,284,214,225" oya="1" hai0="114,2,88,20,58,32,49,81,62,83,92,76,110" hai1="14,113,80,63,123,70,93,121,53,71,44,134,36" hai2="5,29,12,57,100,127,11,126,25,28,97,73,30" hai3="69,78,91,131,101,55,84,99,74,61,21,10,133"/><U128/><E93/><V26/><F73/><W48/><G131/><T22/><D32/><U72/><E14/><V95/><REACH who="2" step="1"/><F57/><REACH who="2" ten="277,284,204,225" step="2"/><W130/><G74/><T96/><D110/><U23/><E72/><V47/><F47/><W66/><G130/><T115/><D2/><U3/><E3/><V6/><F6/><W33/><G69/><T117/><D117/><U120/><E71/><V103/><F103/><W17/><G101/><T116/><D116/><U41/><E128/><V27/><AGARI ba="2,1" hai="5,11,12,25,26,27,28,29,30,95,97,100,126,127" machi="27" ten="40,2700,0" yaku="1,1,0,1,53,0" doraHai="79" doraHaiUra="107" who="2" fromWho="2" sc="277,-9,284,-15,204,43,225,-9" /><INIT seed="6,0,0,0,4,29" ten="268,269,247,216" oya="2" hai0="120,64,2,110,108,131,59,41,84,95,90,44,36" hai1="74,52,63,34,0,128,86,45,31,67,102,116,75" hai2="106,24,5,38,103,73,57,33,118,49,47,121,46" hai3="101,71,123,83,6,30,117,133,87,18,129,122,109"/><V91/><F121/><W39/><G117/><T77/><D120/><U40/><E0/><V56/><F118/><W50/><G39/><T111/><D131/><U28/><E28/><V13/><F73/><W60/><G109/><T126/><D126/><U132/><E128/><V23/><F33/><W3/><G129/><T43/><D2/><U27/><E132/><V53/><F106/><W35/><G18/><T61/><D43/><U7/><E7/><V134/><F103/><W115/><G50/><T21/><D21/><U80/><E102/><V10/><F134/><W4/><G4/><T25/><D25/><U51/><E40/><V125/><F125/><W93/><G133/><T119/><D119/><U76/><E116/><V37/><F91/><N who="3" m="51711" /><G6/><T97/><D77/><U55/><REACH who="1" step="1"/><E55/><REACH who="1" ten="268,259,247,216" step="2"/><N who="2" m="31855" /><F38/><W9/><G123/><T32/><D110/><U19/><E19/><N who="2" m="12415" /><F37/><W98/><G122/><T135/><D135/><U105/><E105/><V62/><AGARI ba="0,1" hai="5,10,13,46,47,53,57,62" m="12415,31855" machi="62" ten="30,1500,0" yaku="8,1" doraHai="29" who="2" fromWho="2" sc="268,-5,259,-5,247,25,216,-5" /><INIT seed="6,1,0,5,3,51" ten="263,254,272,211" oya="2" hai0="61,54,95,73,34,129,37,125,119,71,20,97,74" hai1="64,108,126,81,128,50,69,120,41,85,42,4,115" hai2="5,79,45,103,91,48,17,8,68,99,93,82,27" hai3="76,9,67,104,130,16,90,26,100,98,131,87,32"/><V86/><F68/><W29/><G76/><T57/><D34/><U55/><E108/><V117/><F117/><W83/><REACH who="3" step="1"/><G67/><REACH who="3" ten="263,254,272,201" step="2"/><T65/><D119/><U78/><E64/><V35/><F79/><W1/><G1/><T110/><D65/><U113/><E120/><V105/><F105/><W60/><G60/><T15/><D61/><U12/><E69/><V25/><F35/><W52/><G52/><T33/><D54/><U21/><E41/><V84/><F27/><W124/><G124/><T39/><D71/><U89/><E126/><V133/><F25/><W132/><G132/><T10/><D125/><U80/><E42/><V112/><F133/><W70/><G70/><T111/><D111/><U134/><E134/><V58/><F82/><W38/><G38/><T11/><D39/><U62/><E62/><V102/><F48/><W6/><G6/><T101/><D37/><U3/><E3/><V96/><F5/><W24/><G24/><T114/><D110/><U63/><E63/><V46/><F103/><W30/><G30/><T22/><D101/><U107/><E107/><V18/><F102/><W122/><G122/><T14/><D74/><U43/><E43/><V116/><F116/><W77/><G77/><T44/><D73/><U121/><E121/><V59/><F18/><W49/><G49/><T94/><D33/><U47/><E4/><V28/><F17/><W40/><G40/><T53/><D53/><U118/><E118/><V135/><F28/><W2/><G2/><T88/><D15/><AGARI ba="1,1" hai="9,15,16,26,29,32,83,87,90,98,100,104,130,131" machi="15" ten="40,8000,1" yaku="1,1,54,1,53,2" doraHai="51" doraHaiUra="127" who="3" fromWho="0" sc="263,-83,254,0,272,0,201,93" /><INIT seed="7,0,0,2,5,63" ten="180,254,272,294" oya="3" hai0="57,94,25,58,11,75,83,67,106,21,118,65,126" hai1="48,62,44,125,133,6,46,28,84,52,129,40,32" hai2="99,26,54,76,30,82,122,7,64,35,132,36,80" hai3="101,60,12,19,1,104,59,53,24,90,86,43,119"/><W109/><G119/><T17/><D106/><U87/><E133/><V110/><F110/><W13/><G1/><T95/><D126/><U72/><E72/><V79/><F132/><W42/><G109/><T14/><D118/><U103/><E129/><V116/><F36/><W66/><G53/><T120/><D120/><U93/><E32/><V69/><F116/><W73/><G73/><T37/><D37/><U98/><E28/><V123/><F7/><W31/><G101/><T97/><D83/><U89/><E6/><V9/><F9/><W2/><G2/><T23/><D75/><U121/><E125/><V108/><F54/><W115/><G104/><T71/><D71/><U134/><E103/><V27/><F27/><W88/><G90/><N who="0" m="55511" /><D95/><U130/><E130/><V8/><F108/><W81/><G115/><T4/><D23/><U68/><E121/><V113/><F113/><W41/><G19/><T124/><D124/><U78/><E78/><V105/><F79/><W20/><AGARI ba="0,0" hai="12,13,20,24,31,41,42,43,59,60,66,81,86,88" machi="20" ten="30,11700,0" yaku="0,1,8,1,52,1,54,1" doraHai="63" who="3" fromWho="3" sc="180,-39,254,-39,272,-39,294,117" owari="141,-36.0,215,-18.0,233,3.0,411,51.0" /></mjloggm>