<mjloggm ver="2.3"><GO type="169" lobby="0"/><UN n0="%E3%81%A4%E3%82%89%E3%81%84%E3%80%82" n1="%E9%BA%BB%E9%9B%80%E7%A0%94%E7%A9%B6%E9%83%A8" n2="%E3%83%AD%E3%83%83%E3%82%BD" n3="%6B%6F%62%6F%7A" dan="16,16,17,18" rate="2097.18,2168.27,2147.10,2217.64" sx="M,F,F,M"/><TAIKYOKU oya="0"/><INIT seed="0,0,0,0,4,14" ten="250,250,250,250" oya="0" hai0="130,11,77,8,25,98,15,56,67,114,122,21,71" hai1="105,26,28,85,27,116,132,37,68,5,45,104,66" hai2="125,12,127,91,121,53,57,65,32,89,51,54,82" hai3="72,126,123,75,43,9,111,42,80,52,86,17,107"/><T20/><D114/><U0/><E132/><V101/><F32/><W64/><G107/><T22/><D122/><U30/><E0/><V88/><F121/><W48/><G123/><T40/><D130/><U29/><E5/><V95/><F65/><W59/><G111/><T2/><D71/><U134/><E134/><V70/><F70/><W47/><G126/><N who="2" m="48137" /><F82/><W115/><G115/><T109/><D109/><U69/><E66/><V79/><F79/><W1/><G1/><T36/><D77/><U113/><E85/><N who="2" m="52623" /><F101/><W13/><G64/><T38/><D2/><U87/><E68/><V44/><F12/><W118/><G43/><T94/><D25/><U55/><E26/><V7/><F7/><W131/><G118/><T73/><D73/><U6/><E27/><V99/><F99/><W83/><G83/><T102/><D40/><U78/><E6/><V3/><F3/><W108/><G131/><T39/><REACH who="0" step="1"/><D15/><REACH who="0" ten="240,250,250,250" step="2"/><U133/><E113/><V4/><F4/><W18/><G108/><T129/><D129/><U93/><E69/><V33/><F33/><W84/><G75/><T124/><D124/><U10/><E78/><V103/><F103/><W81/><G72/><T76/><D76/><U16/><E133/><V19/><F19/><W58/><G18/><T92/><D92/><U90/><E16/><V100/><F100/><W60/><G80/><T63/><AGARI ba="0,1" hai="8,11,20,21,22,36,38,39,56,63,67,94,98,102" machi="63" ten="40,3900,0" yaku="1,1,0,1,53,0" doraHai="14" doraHaiUra="106" who="0" fromWho="0" sc="240,49,250,-13,250,-13,250,-13" /><INIT seed="0,1,0,2,4,20" ten="289,237,237,237" oya="0" hai0="54,11,23,116,102,41,110,134,19,77,96,27,65" hai1="64,49,47,124,33,39,113,38,132,129,86,89,18" hai2="57,8,59,83,76,73,60,5,46,30,94,40,119" hai3="12,103,85,61,24,50,21,22,121,130,35,78,1"/><T122/><D116/><U3/><E124/><V2/><F119/><W72/><G72/><T81/><D122/><U126/><E129/><V107/><F107/><W66/><G1/><T128/><D128/><U52/><E126/><V108/><F108/><W99/><G130/><T37/><D134/><U91/><E132/><V131/><F131/><W92/><G121/><T55/><D110/><U82/><E113/><V68/><F30/><W6/><G50/><T71/><D37/><U7/><E33/><V100/><F100/><W9/><G78/><T75/><D41/><U15/><E64/><V70/><F94/><W101/><G85/><T84/><D11/><U25/><E3/><V67/><REACH who="2" step="1"/><F70/><REACH who="2" ten="289,237,227,237" step="2"/><W58/><G103/><T112/><D112/><U0/><E82/><V105/><F105/><W32/><G22/><T62/><D75/><U123/><E123/><V53/><F53/><W13/><REACH who="3" step="1"/><G12/><REACH who="3" ten="289,237,227,227" step="2"/><T135/><D135/><U44/><E15/><V48/><AGARI ba="1,2" hai="2,5,8,40,46,48,57,59,60,67,68,73,76,83" machi="48" ten="20,5200,0" yaku="1,1,0,1,7,1,53,1" doraHai="20" doraHaiUra="45" who="2" fromWho="2" sc="289,-27,237,-14,227,75,227,-14" /><INIT seed="1,0,0,1,3,69" ten="262,223,302,213" oya="1" hai0="3,108,73,68,20,71,107,89,113,119,84,97,79" hai1="131,77,135,23,90,102,98,85,19,4,38,51,124" hai2="64,39,18,103,120,29,28,7,87,66,5,72,54" hai3="86,81,55,121,130,2,8,50,31,63,11,35,41"/><U104/><E131/><V110/><F120/><W32/><G121/><T13/><D113/><U67/><E135/><V109/><F72/><W6/><G130/><T61/><D3/><U30/><E124/><V1/><F103/><W74/><G74/><T114/><D114/><U75/><E67/><N who="2" m="25643" /><F18/><W14/><G31/><N who="2" m="11849" /><F1/><W122/><G63/><T127/><D61/><U105/><E4/><V82/><F54/><W43/><G122/><T25/><D127/><U40/><E105/><V91/><F39/><W101/><G101/><T53/><D53/><U65/><E65/><V21/><F21/><W15/><G2/><T134/><D107/><U78/><E30/><V17/><F17/><N who="3" m="8391" /><G35/><T22/><D71/><U94/><E75/><V42/><F42/><W93/><G93/><T56/><D68/><U33/><E33/><V125/><F125/><W99/><G99/><T52/><D97/><U49/><E51/><V100/><F100/><W106/><G106/><T96/><D96/><U80/><E104/><V27/><F27/><W57/><G32/><T0/><D0/><U45/><REACH who="1" step="1"/><E49/><REACH who="1" ten="262,213,302,213" step="2"/><V128/><F128/><W126/><G126/><T70/><D73/><U95/><E95/><V47/><F47/><W16/><G6/><T129/><D129/><U111/><E111/><V88/><F7/><W12/><G12/><AGARI ba="0,1" hai="12,19,23,38,40,45,77,78,80,85,90,94,98,102" machi="12" ten="30,5800,0" yaku="1,1,7,1,52,1,53,0" doraHai="69" doraHaiUra="117" who="1" fromWho="3" sc="262,0,213,68,302,0,213,-58" /><INIT seed="1,1,0,5,2,106" ten="262,281,302,155" oya="1" hai0="32,111,30,72,13,71,113,70,128,66,129,10,48" hai1="98,115,8,101,15,130,55,112,116,49,47,17,53" hai2="64,5,100,79,120,131,81,133,62,108,96,44,114" hai3="87,61,74,88,46,134,93,122,124,121,85,99,73"/><U135/><E130/><N who="0" m="50281" /><D66/><U36/><E135/><V69/><F131/><W11/><G46/><T41/><D113/><U27/><E116/><V35/><F120/><N who="3" m="46187" /><G61/><T67/><D67/><U57/><E36/><V119/><F119/><W86/><G11/><T58/><D72/><N who="3" m="27753" /><G124/><T77/><D77/><U0/><E27/><V19/><F133/><AGARI ba="1,0" hai="85,86,87,88,93,99,133,134" m="27753,46187" machi="133" ten="40,12000,2" yaku="34,2,52,3,54,1" doraHai="106" who="3" fromWho="2" sc="262,0,281,0,302,-123,155,123" /><INIT seed="2,0,0,5,2,128" ten="262,281,179,278" oya="2" hai0="88,71,94,63,40,20,121,10,7,104,41,87,132" hai1="86,24,29,49,78,124,51,11,27,131,119,14,130" hai2="37,31,44,50,6,122,72,4,118,135,109,2,5" hai3="125,28,45,47,74,69,38,19,30,114,81,89,83"/><V26/><F122/><W15/><G69/><T48/><D121/><U96/><E119/><V32/><F118/><W123/><G123/><T18/><D104/><U23/><E124/><V60/><F72/><W1/><G1/><T134/><D71/><U93/><E78/><V42/><F109/><W70/><G70/><T34/><D34/><U33/><E86/><V9/><F60/><W79/><G125/><T58/><D48/><U92/><E24/><V67/><F67/><W99/><G114/><T16/><D41/><U25/><E25/><V97/><F135/><N who="0" m="51754" /><D40/><U56/><E33/><V120/><F120/><W85/><G38/><T66/><D20/><U95/><E96/><V53/><REACH who="2" step="1"/><F97/><REACH who="2" ten="262,281,169,278" step="2"/><W111/><G99/><T36/><D36/><U77/><E131/><V82/><F82/><W107/><G111/><T80/><D80/><U59/><E130/><V21/><F21/><W100/><G83/><T91/><D91/><U110/><E110/><V55/><F55/><W98/><G74/><T75/><D75/><U54/><E54/><V126/><F126/><W68/><G89/><T62/><D62/><U57/><E77/><V52/><F52/><W101/><G81/><T35/><D35/><U12/><E49/><V113/><F113/><W61/><G61/><T115/><D115/><U43/><E51/><V17/><F17/><W64/><G79/><T103/><D103/><U112/><E112/><V90/><F90/><W117/><G101/><T133/><D133/><U129/><E129/><V22/><F22/><W108/><G100/><T0/><AGARI ba="0,1" hai="0,7,10,16,18,58,63,66,87,88,94" m="51754" machi="0" ten="30,12000,2" yaku="20,1,52,3,54,2" doraHai="128" who="0" fromWho="0" sc="262,130,281,-30,169,-60,278,-30" /><INIT seed="3,0,0,2,1,132" ten="392,251,109,248" oya="3" hai0="106,11,42,62,127,69,101,10,52,81,104,120,18" hai1="80,71,134,44,21,91,103,118,115,121,32,108,8" hai2="6,63,99,68,37,28,112,24,133,113,87,4,34" hai3="122,45,51,1,22,19,40,59,119,93,78,65,23"/><W107/><G122/><T43/><D120/><U67/><E121/><V61/><F133/><W74/><G119/><T56/><D127/><U128/><E103/><V0/><F61/><W135/><G135/><T94/><D69/><U14/><E91/><V96/><F96/><W95/><G107/><T31/><D31/><U88/><E21/><V83/><F37/><W58/><G1/><T114/><D114/><U15/><E88/><V48/><F48/><W130/><G23/><T33/><D33/><U125/><E15/><V126/><F126/><W100/><G130/><T66/><D81/><U54/><E14/><V75/><F75/><W105/><G105/><T35/><D35/><U77/><E32/><V55/><F55/><W39/><G100/><T116/><D116/><U17/><E54/><V89/><F4/><W7/><G7/><T73/><D73/><U117/><E117/><V41/><F41/><W90/><G39/><T92/><D43/><U79/><E134/><V97/><F97/><W110/><G110/><T46/><D66/><U86/><E67/><V53/><F99/><N who="3" m="57783" /><G65/><T36/><D101/><U124/><E118/><V26/><F26/><N who="3" m="14687" /><G95/><N who="0" m="36395" /><D10/><U20/><E128/><V12/><F0/><W129/><G129/><T3/><D3/><U109/><E108/><V30/><F30/><W49/><G49/><T82/><D82/><N who="1" m="47439" /><E109/><V72/><F72/><W131/><G131/><T50/><D36/><U111/><E111/><V84/><F84/><W57/><G74/><T9/><D9/><U64/><E125/><V47/><F68/><W29/><G29/><T70/><D70/><RYUUKYOKU ba="0,0" sc="392,15,251,-15,109,-15,248,15" hai0="11,18,42,46,50,52,56,62,104,106" hai3="40,45,51,57,58,59,78" /><INIT seed="3,1,0,0,4,126" ten="407,236,94,263" oya="3" hai0="47,105,13,66,75,6,35,50,115,26,134,119,8" hai1="32,116,67,78,133,31,1,118,74,103,110,53,100" hai2="22,92,27,25,60,132,71,30,108,57,45,36,18" hai3="48,129,28,4,93,112,130,38,117,131,73,52,128"/><W54/><G117/><T107/><D119/><N who="1" m="45611" /><E110/><V91/><F108/><W62/><G112/><T95/><D75/><U98/><E1/><V122/><F132/><W83/><G38/><T43/><D134/><U56/><E67/><V81/><F71/><W120/><G120/><T58/><D115/><U85/><E74/><V0/><F0/><W102/><G130/><T19/><D95/><U135/><E85/><V59/><F122/><W3/><G28/><T65/><D65/><U104/><E78/><V97/><F81/><W72/><G62/><T82/><D82/><U68/><E100/><V10/><F10/><N who="3" m="2335" /><G83/><T14/><D35/><U61/><E68/><V123/><F123/><W37/><G37/><T94/><D94/><U49/><E61/><V113/><F113/><W84/><G54/><T90/><D90/><U21/><E32/><V23/><F36/><W96/><G84/><T7/><D26/><AGARI ba="1,0" hai="21,26,31,49,53,56,98,103,104,133,135" m="45611" machi="26" ten="30,1000,0" yaku="12,1" doraHai="126" who="1" fromWho="0" sc="407,-13,236,13,94,0,263,0" /><INIT seed="4,0,0,4,4,39" ten="394,249,94,263" oya="0" hai0="113,112,68,98,33,13,49,76,118,17,22,132,36" hai1="61,21,89,84,10,99,0,101,81,91,32,72,103" hai2="97,102,96,88,77,124,9,73,2,34,123,128,78" hai3="59,24,82,6,37,25,62,47,27,19,16,5,95"/><T105/><D36/><U116/><E32/><V40/><F123/><W58/><G82/><T120/><D120/><U75/><E116/><V122/><F122/><W87/><G37/><T66/><D118/><U28/><E61/><V41/><F34/><W134/><G47/><T23/><D33/><U18/><E28/><V42/><F73/><W45/><G45/><T11/><D76/><U79/><E10/><V51/><F128/><W15/><G19/><T109/><D132/><U74/><E0/><V125/><F51/><W46/><G46/><T50/><D68/><U65/><E18/><V38/><F38/><W110/><G110/><T130/><D66/><U131/><E21/><V85/><F9/><W67/><G58/><T43/><D43/><U7/><E7/><V20/><F20/><N who="3" m="11295" /><G134/><T129/><D109/><U135/><E65/><V3/><F3/><W119/><G119/><T90/><D50/><U114/><E131/><N who="0" m="50185" /><D49/><U108/><E108/><V107/><F97/><W1/><G1/><T64/><D64/><U106/><E135/><V93/><REACH who="2" step="1"/><F2/><REACH who="2" ten="394,249,84,263" step="2"/><W83/><G62/><T111/><D111/><U4/><E99/><V94/><F94/><W54/><G95/><N who="0" m="56695" /><D105/><U26/><E106/><V121/><F121/><W35/><G35/><T127/><D23/><U31/><E72/><V44/><F44/><W56/><G87/><T8/><D8/><U115/><E74/><V48/><F48/><W12/><G59/><T69/><D69/><U86/><E75/><V57/><F57/><W52/><G56/><T53/><D11/><U126/><E84/><V71/><F71/><RYUUKYOKU ba="0,1" sc="394,-10,249,-10,84,30,263,-10" hai2="40,41,42,77,78,85,88,93,96,102,107,124,125" /><INIT seed="5,1,1,1,0,132" ten="384,239,114,253" oya="1" hai0="87,78,44,65,79,117,35,16,81,55,32,64,129" hai1="52,20,6,63,106,2,27,61,72,56,48,105,68" hai2="57,5,135,88,124,110,121,109,18,119,118,0,93" hai3="34,128,134,51,100,131,46,30,36,38,4,28,11"/><U80/><E2/><V1/><F121/><W49/><G134/><T77/><D117/><U25/><E6/><V114/><F135/><W94/><G100/><T29/><D129/><N who="3" m="49737" /><G94/><T14/><D29/><N who="3" m="11369" /><G34/><T126/><D126/><U92/><E92/><V54/><F114/><W127/><G127/><T75/><D35/><U50/><E105/><V26/><F124/><W7/><G7/><T45/><D32/><U53/><E106/><V96/><F119/><W89/><G89/><T101/><D101/><U9/><E9/><V125/><F118/><W102/><G102/><T111/><D111/><U67/><E20/><V40/><F125/><W122/><G122/><T85/><D75/><U69/><E80/><V21/><F40/><N who="3" m="24775" /><G51/><N who="0" m="29159" /><D45/><U120/><E120/><V98/><F98/><W74/><G74/><T107/><D107/><U91/><E72/><V15/><F110/><W17/><G17/><T37/><D37/><U13/><E91/><V90/><F90/><W66/><G66/><N who="0" m="25707" /><D81/><U62/><E68/><V43/><F43/><W33/><G33/><T12/><D16/><U8/><E67/><V83/><F83/><W31/><G31/><T112/><D112/><U99/><E69/><V42/><F42/><W84/><G84/><AGARI ba="1,1" hai="12,14,77,78,79,84,85,87" m="25707,29159" machi="84" ten="30,1000,0" yaku="8,1" doraHai="132" who="0" fromWho="3" sc="384,23,239,0,114,0,253,-13" /><INIT seed="6,0,0,2,1,14" ten="407,239,114,240" oya="2" hai0="132,0,70,61,56,22,126,49,119,66,15,29,134" hai1="62,123,21,85,46,31,43,30,17,95,96,110,33" hai2="76,5,50,59,79,24,133,117,131,130,124,114,25" hai3="8,20,107,71,18,3,45,88,115,109,36,40,72"/><V28/><F117/><W127/><G109/><T100/><D0/><U55/><E110/><V11/><F114/><W90/><G107/><T12/><D100/><U80/><E123/><V103/><F103/><W2/><G71/><T16/><D29/><U19/><E33/><V67/><F133/><N who="0" m="51306" /><D126/><U35/><E35/><V91/><F91/><W37/><G37/><T87/><D87/><U108/><E108/><V57/><F124/><W129/><G127/><T97/><D97/><U78/><E62/><V135/><F135/><W121/><G121/><T27/><D119/><U122/><E55/><AGARI ba="0,0" hai="12,15,16,22,27,49,55,56,61,66,70" m="51306" machi="55" ten="30,3900,0" yaku="20,1,52,1,54,1" doraHai="14" who="0" fromWho="1" sc="407,39,239,-39,114,0,240,0" /><INIT seed="7,0,0,2,3,36" ten="446,200,114,240" oya="3" hai0="59,70,25,15,13,88,51,107,27,68,113,39,121" hai1="85,53,91,124,22,24,32,67,44,79,58,60,127" hai2="71,122,50,92,31,123,45,6,134,52,69,38,86" hai3="17,114,4,46,128,93,87,103,23,33,77,75,82"/><W94/><G33/><T3/><D3/><U0/><E0/><V130/><F6/><W83/><G128/><T102/><D39/><U117/><E117/><V43/><F31/><W115/><G4/><T1/><D1/><U29/><E79/><V11/><F11/><W132/><G46/><T7/><D107/><U80/><E44/><N who="2" m="23671" /><F86/><W119/><G119/><T99/><D121/><N who="2" m="46090" /><F92/><W61/><G61/><T105/><D113/><N who="3" m="43017" /><G132/><T78/><D78/><U66/><REACH who="1" step="1"/><E32/><REACH who="1" ten="446,190,114,240" step="2"/><V47/><F130/><W54/><G103/><T62/><D102/><U81/><E81/><V35/><F35/><W90/><G54/><T41/><D70/><N who="2" m="26634" /><F134/><W42/><G83/><T135/><D135/><U110/><E110/><V28/><F28/><W65/><G82/><T104/><D104/><U125/><AGARI ba="0,1" hai="22,24,29,53,58,60,66,67,80,85,91,124,125,127" machi="125" ten="30,4000,0" yaku="1,1,0,1,18,1,53,0" doraHai="36" doraHaiUra="112" who="1" fromWho="1" sc="446,-10,190,50,114,-10,240,-20" owari="436,54.0,240,4.0,104,-40.0,220,-18.0" /></mjloggm>