<mjloggm ver="2.3"><GO type="169" lobby="0"/><UN n0="%E3%81%98%E3%81%98%E3%81%84%E3%81%8C%E5%91%BC%E3%82%93%E3%81%A0" n1="%4D%73%75%7A%75%74%6F" n2="%E5%AE%89%E9%81%94%E3%81%95%E3%81%8F%E3%82%89" n3="%E4%B8%83%E3%83%84%E6%98%9F%E3%83%9B%E3%82%AF%E3%82%B5%E3%82%A4" dan="16,18,17,17" rate="2095.71,2227.63,2196.77,2206.89" sx="M,M,M,M"/><TAIKYOKU oya="0"/><INIT seed="0,0,0,5,1,46" ten="250,250,250,250" oya="0" hai0="85,128,112,123,118,19,0,62,80,93,73,45,100" hai1="131,83,69,68,113,11,124,25,119,22,66,53,77" hai2="20,4,41,10,127,97,71,101,134,102,108,126,48" hai3="135,55,12,110,63,74,54,16,89,24,42,84,76"/><T64/><D112/><U40/><E119/><V34/><F34/><W107/><G107/><T38/><D118/><U3/><E131/><V9/><F71/><W1/><G1/><T109/><D123/><U120/><E120/><V95/><F108/><W130/><G110/><T36/><D109/><U99/><E124/><N who="2" m="47659" /><F134/><W103/><G130/><T7/><D128/><U5/><E40/><V65/><F65/><W51/><G103/><T106/><D106/><U23/><E23/><V58/><F20/><W86/><G74/><T88/><D19/><U8/><E8/><V15/><F10/><N who="3" m="6167" /><G135/><T133/><D133/><U96/><E113/><V78/><F78/><W59/><G24/><T70/><D0/><U105/><E105/><V31/><F31/><W56/><G76/><T117/><D117/><U2/><E2/><V28/><F28/><W37/><G37/><T116/><D116/><U104/><E104/><V13/><F13/><W75/><G75/><T94/><D7/><U33/><E33/><V29/><F29/><W129/><G129/><T61/><D73/><U43/><E43/><V21/><F21/><W121/><G121/><T32/><D32/><U6/><E6/><V27/><F27/><W132/><G132/><T92/><D36/><U81/><E25/><V39/><F39/><W47/><G89/><T52/><D38/><U91/><E22/><V82/><F102/><W60/><AGARI ba="0,0" hai="42,47,51,54,55,56,59,60,63,84,86" m="6167" machi="60" ten="30,4000,0" yaku="8,1,52,1,54,1" doraHai="46" who="3" fromWho="3" sc="250,-20,250,-10,250,-10,250,40" /><INIT seed="1,0,0,0,5,98" ten="230,240,240,290" oya="1" hai0="121,7,69,134,80,81,23,82,17,25,11,45,97" hai1="114,116,63,104,120,61,133,1,51,132,13,131,12" hai2="14,135,9,44,94,79,35,124,117,100,16,33,102" hai3="91,3,38,32,84,129,72,115,46,128,19,40,5"/><U125/><E120/><V58/><F117/><W36/><G115/><T96/><D121/><U50/><E116/><V103/><F135/><N who="1" m="51785" /><E1/><V26/><F124/><W99/><G72/><T55/><D134/><U60/><E104/><V49/><F79/><W92/><G32/><T119/><D69/><U24/><E24/><V34/><F58/><W70/><G70/><T41/><D55/><U89/><E131/><N who="3" m="50250" /><G19/><T83/><N who="0" m="20480" /><DORA hai="109" /><T86/><D86/><U54/><E114/><V6/><F94/><W59/><G59/><T122/><D122/><U53/><E89/><V68/><F68/><W73/><G73/><T10/><D119/><U77/><E77/><V18/><REACH who="2" step="1"/><F26/><REACH who="2" ten="230,240,230,290" step="2"/><W113/><G113/><T118/><D118/><U85/><E125/><V65/><F65/><W64/><G64/><T22/><D22/><U48/><E85/><V127/><F127/><W110/><G84/><T37/><REACH who="0" step="1"/><D11/><REACH who="0" ten="220,240,230,290" step="2"/><U71/><E71/><V29/><F29/><W74/><G74/><T62/><D62/><U28/><E28/><V87/><F87/><W0/><G110/><T108/><D108/><U2/><E63/><V111/><F111/><W78/><G78/><T76/><D76/><U27/><E61/><V52/><AGARI ba="0,2" hai="6,9,14,16,18,33,34,35,44,49,52,100,102,103" machi="52" ten="40,12000,2" yaku="1,1,0,1,52,3,54,2,53,0" doraHai="98,109" doraHaiUra="130,88" who="2" fromWho="2" sc="220,-30,240,-60,230,140,290,-30" /><INIT seed="2,0,0,5,0,68" ten="190,180,370,260" oya="2" hai0="20,105,38,55,130,61,134,8,89,113,27,42,32" hai1="2,30,117,87,56,65,128,22,78,0,40,47,60" hai2="19,127,11,15,92,80,12,50,25,23,43,67,37" hai3="51,126,88,52,120,103,101,44,135,17,106,39,118"/><V132/><F127/><W115/><G120/><T69/><D113/><U83/><E128/><V28/><F132/><W70/><G118/><T123/><D123/><U111/><E111/><V77/><F67/><W107/><G70/><T49/><D130/><U85/><E117/><V124/><F124/><W82/><G126/><T46/><D134/><U45/><E45/><V63/><F63/><W1/><G135/><T24/><D105/><U109/><E109/><V10/><F92/><W66/><G66/><T100/><D100/><U35/><E35/><V91/><F91/><W59/><G1/><T76/><D76/><U9/><E9/><V98/><F98/><W133/><G133/><T62/><D8/><U104/><E104/><V58/><F37/><W95/><G107/><T71/><D32/><U14/><E87/><V125/><F125/><W131/><G131/><T73/><D73/><U116/><E116/><V4/><F43/><W57/><G82/><T114/><D27/><U102/><E102/><N who="3" m="38922" /><G39/><T34/><D34/><U5/><E5/><V72/><F58/><W94/><G106/><T54/><D114/><U48/><REACH who="1" step="1"/><E30/><REACH who="1" ten="190,170,370,260" step="2"/><V74/><F74/><W64/><G115/><T90/><D38/><U79/><E79/><V108/><F108/><W112/><G112/><T21/><D21/><U110/><E110/><V3/><F3/><W26/><G44/><T122/><D122/><U96/><E96/><V84/><F72/><W121/><G121/><T13/><D46/><U6/><E6/><V7/><F7/><W129/><G129/><T81/><D90/><U33/><E33/><RYUUKYOKU ba="0,1" sc="190,-15,170,15,370,15,260,-15" hai1="0,2,14,22,40,47,48,56,60,65,78,83,85" hai2="4,10,11,12,15,19,23,25,28,50,77,80,84" /><INIT seed="2,1,1,0,4,22" ten="175,185,385,245" oya="2" hai0="78,57,7,5,89,102,41,63,132,30,13,107,12" hai1="103,38,61,113,125,33,111,59,55,90,1,81,77" hai2="56,123,11,2,25,80,50,87,116,128,72,122,94" hai3="117,97,91,35,86,82,118,100,29,34,84,101,95"/><V43/><F116/><W69/><G69/><T32/><D132/><U37/><E113/><V88/><F128/><W71/><G71/><T67/><D78/><U70/><E1/><V127/><F127/><W112/><G29/><T62/><D41/><U31/><E111/><V64/><F64/><W53/><G34/><T15/><D89/><U124/><E103/><V47/><F56/><W119/><G35/><T40/><D40/><U58/><E70/><V106/><F106/><W96/><G53/><T92/><D107/><U98/><E90/><V126/><F126/><N who="1" m="48745" /><E98/><N who="3" m="37994" /><G112/><T79/><D79/><AGARI ba="1,1" hai="79,82,84,86,91,95,100,101,117,118,119" m="37994" machi="79" ten="30,2000,0" yaku="34,2" doraHai="22" who="3" fromWho="0" sc="175,-23,185,0,385,0,245,33" /><INIT seed="3,0,0,1,5,11" ten="152,185,385,278" oya="3" hai0="43,62,90,36,54,123,85,25,58,103,107,93,14" hai1="16,41,34,51,2,120,126,63,115,18,7,113,4" hai2="32,17,106,117,100,49,84,44,89,38,108,48,72" hai3="122,104,125,95,45,110,67,87,5,10,133,124,75"/><W39/><G122/><T96/><D123/><U27/><E63/><V105/><F117/><W128/><G104/><T6/><D25/><U86/><E51/><V8/><F72/><W80/><G67/><T132/><D132/><U91/><E41/><V129/><F32/><W26/><G133/><T42/><D36/><U52/><E52/><V73/><F73/><W24/><G95/><N who="0" m="54735" /><D107/><U22/><E91/><V13/><F108/><W56/><G56/><T109/><D109/><U46/><E46/><V21/><F129/><W134/><G134/><T119/><D119/><U70/><E86/><V74/><F74/><W88/><G110/><T99/><D99/><U3/><E70/><V77/><F77/><W1/><G128/><T50/><D50/><U114/><E34/><V92/><F38/><W68/><G68/><T35/><D35/><U116/><E120/><V131/><F131/><W59/><G59/><T61/><D61/><U118/><E126/><N who="3" m="48746" /><G75/><T30/><D30/><U135/><E18/><V94/><F106/><W121/><G121/><T20/><D6/><N who="1" m="2091" /><E135/><V40/><F105/><W112/><G112/><N who="1" m="28674" /><U60/><DORA hai="111" /><E60/><V47/><F100/><W130/><G130/><T76/><D76/><U53/><E53/><V64/><F47/><W82/><G80/><T97/><D97/><U102/><E102/><V65/><F44/><W98/><G98/><T83/><D83/><U79/><E79/><V127/><F127/><W57/><G57/><T0/><D0/><AGARI ba="0,0" hai="0,2,3,16,22,27,116,118" m="28674,2091" machi="0" ten="50,12000,2" yaku="34,2,52,4,54,1" doraHai="11,111" who="1" fromWho="0" sc="152,-120,185,120,385,0,278,0" /><INIT seed="4,0,0,5,4,15" ten="32,305,385,278" oya="0" hai0="7,115,119,106,83,96,58,124,91,5,59,109,17" hai1="118,99,45,6,123,14,27,42,101,89,84,0,34" hai2="107,4,135,48,131,86,16,100,90,40,10,108,31" hai3="92,112,66,35,85,32,122,127,43,55,74,73,114"/><T56/><D115/><N who="3" m="44073" /><G127/><T21/><D119/><U51/><E123/><V37/><F108/><W19/><G122/><T20/><D124/><U50/><E118/><V113/><F113/><W95/><G66/><T28/><D109/><U117/><E117/><V46/><F131/><W30/><G43/><T98/><D106/><U24/><E0/><V72/><F72/><N who="3" m="27755" /><G55/><T116/><D116/><U132/><E132/><V103/><F135/><W68/><G68/><T130/><D130/><U128/><E128/><V120/><F120/><W44/><G44/><T61/><D61/><U9/><E34/><N who="3" m="12842" /><G30/><T33/><D33/><U1/><E1/><V49/><F31/><W3/><G3/><T97/><D28/><U102/><E102/><V18/><F103/><W41/><G41/><T53/><D53/><U2/><E2/><V39/><F100/><W29/><G29/><T110/><D110/><U76/><E101/><V75/><F75/><W71/><G71/><T13/><REACH who="0" step="1"/><D21/><REACH who="0" ten="22,305,385,278" step="2"/><U79/><E42/><V63/><F107/><W36/><G36/><T26/><D26/><U104/><E27/><V12/><F63/><W94/><G19/><T77/><D77/><U88/><E76/><V38/><REACH who="2" step="1"/><F49/><REACH who="2" ten="22,305,375,278" step="2"/><W121/><G121/><T8/><D8/><U82/><E9/><V78/><F78/><W70/><G70/><T87/><AGARI ba="0,2" hai="5,7,13,17,20,56,58,59,83,87,91,96,97,98" machi="87" ten="40,12000,1" yaku="1,1,0,1,8,1,52,1,53,0" doraHai="15" doraHaiUra="22" who="0" fromWho="0" sc="22,140,305,-40,375,-40,278,-40" /><INIT seed="4,1,0,3,1,47" ten="162,265,335,238" oya="0" hai0="83,113,121,92,133,48,114,54,40,134,130,119,112" hai1="4,84,59,122,117,21,35,103,25,44,82,28,85" hai2="87,41,118,80,127,31,27,131,120,105,86,76,116" hai3="62,26,129,9,94,93,17,39,42,45,2,128,89"/><T64/><D119/><N who="2" m="45610" /><F120/><W75/><G62/><T99/><D121/><U115/><E122/><V77/><F105/><W95/><G75/><T5/><D5/><U98/><E117/><V53/><F131/><N who="3" m="50251" /><G2/><T109/><D130/><U79/><E115/><N who="0" m="29441" /><T74/><DORA hai="23" /><D64/><U69/><E69/><V43/><F127/><W55/><G55/><T125/><D125/><U97/><E4/><V104/><F104/><W52/><G52/><T50/><D109/><U111/><E111/><V38/><F38/><W123/><G123/><T126/><D126/><U91/><E103/><V73/><F53/><W13/><G26/><T36/><D36/><U72/><E72/><V16/><F73/><W101/><G101/><N who="0" m="60647" /><D40/><U12/><E59/><V7/><F43/><W19/><G17/><T65/><D65/><U71/><E71/><V33/><F41/><W15/><G13/><T32/><D32/><U88/><E44/><V0/><F0/><W24/><G24/><T6/><D6/><U66/><E66/><V124/><F7/><W106/><G106/><T34/><D34/><U61/><E61/><V96/><F124/><W108/><G108/><T67/><D67/><U135/><E35/><V8/><F16/><W18/><G19/><T60/><D60/><U22/><E12/><V70/><F70/><W102/><G102/><T10/><D10/><U57/><E57/><V68/><F8/><W30/><G30/><T3/><D3/><U37/><E28/><V46/><F68/><W63/><G63/><T132/><D54/><U90/><E37/><V107/><F107/><W11/><G9/><RYUUKYOKU ba="1,0" sc="162,15,265,-15,335,-15,238,15" hai0="48,50,74,83,132,133,134" hai3="11,15,18,39,42,45,89,93,94,95" /><INIT seed="4,2,0,1,3,28" ten="177,250,320,253" oya="0" hai0="105,100,39,118,3,12,133,116,56,72,126,11,10" hai1="95,35,64,75,125,124,18,37,119,42,5,46,85" hai2="26,67,58,117,122,2,82,107,23,34,114,15,54" hai3="47,81,127,83,7,63,40,16,38,57,27,130,76"/><T131/><D126/><N who="1" m="48747" /><E75/><V113/><F122/><W9/><G127/><T55/><D131/><U92/><E119/><V79/><F2/><W104/><G104/><T48/><D133/><U65/><E5/><V129/><F129/><W50/><G130/><T78/><D39/><U30/><E18/><V62/><F107/><W66/><G38/><T102/><D3/><U4/><E4/><V20/><F117/><W69/><G69/><T108/><D108/><U61/><E85/><V32/><F15/><N who="3" m="5567" /><G76/><T123/><D123/><U135/><E135/><V51/><F20/><AGARI ba="2,0" hai="16,20,27,40,47,50,57,63,66,81,83" m="5567" machi="20" ten="30,2000,0" yaku="8,1,54,1" doraHai="28" who="3" fromWho="2" sc="177,0,250,0,320,-26,253,26" /><INIT seed="5,0,0,2,2,5" ten="177,250,294,279" oya="1" hai0="89,29,74,14,71,96,86,36,46,128,64,69,77" hai1="57,135,13,49,41,116,15,22,120,61,108,24,44" hai2="100,115,109,87,31,79,67,132,124,2,127,125,18" hai3="92,117,104,35,3,53,21,90,70,88,1,54,119"/><U12/><E116/><N who="3" m="44618" /><G104/><T40/><D128/><U38/><E135/><V9/><F109/><W105/><G105/><T60/><D96/><U84/><E120/><V81/><F132/><W4/><G35/><T114/><D114/><U123/><E123/><V10/><F115/><W63/><G21/><T113/><D113/><U37/><E108/><V48/><F100/><W112/><G112/><T51/><D29/><U85/><E38/><V122/><F122/><W80/><G80/><T97/><D97/><U50/><E50/><V28/><F67/><N who="3" m="41343" /><G90/><T25/><D25/><U82/><E82/><V121/><F121/><W83/><G83/><T23/><D77/><U75/><E37/><V43/><F2/><N who="3" m="523" /><G4/><T65/><D74/><U6/><E6/><V0/><F0/><W98/><AGARI ba="0,0" hai="53,54,88,92,98" m="523,41343,44618" machi="98" ten="30,2000,0" yaku="12,1,54,1" doraHai="5" who="3" fromWho="3" sc="177,-5,250,-10,294,-5,279,20" /><INIT seed="6,0,0,5,4,106" ten="172,240,289,299" oya="2" hai0="130,132,129,110,104,64,84,28,48,25,128,108,114" hai1="32,45,74,27,102,35,93,86,85,127,12,62,65" hai2="51,61,115,23,113,119,17,40,125,36,89,50,75" hai3="52,33,112,43,88,77,82,54,87,101,105,135,14"/><V97/><F119/><W42/><G33/><T79/><D104/><U92/><E127/><V73/><F125/><W41/><G135/><T122/><D122/><U19/><E74/><N who="2" m="28171" /><F61/><W111/><G111/><T66/><D132/><U3/><E3/><V95/><F36/><W6/><G112/><N who="2" m="43081" /><F40/><W15/><G105/><T46/><D114/><U67/><E62/><V124/><F124/><W69/><G69/><T2/><D2/><U109/><E109/><N who="0" m="42089" /><D84/><U117/><E117/><V11/><F11/><W100/><G42/><N who="0" m="24663" /><D79/><U55/><E35/><AGARI ba="0,0" hai="25,28,35,64,66,128,129,130" m="24663,42089" machi="35" ten="40,1300,0" yaku="19,1" doraHai="106" who="0" fromWho="1" sc="172,13,240,-13,289,0,299,0" /><INIT seed="7,0,0,0,0,82" ten="185,227,289,299" oya="3" hai0="132,54,122,99,121,46,62,13,37,33,69,101,4" hai1="20,130,133,135,85,65,45,25,68,100,77,53,114" hai2="43,131,75,11,5,129,88,8,84,81,55,80,110" hai3="31,47,92,39,41,35,111,29,21,126,97,23,9"/><W105/><G35/><T58/><D132/><N who="1" m="50763" /><E114/><V19/><F110/><W42/><G105/><T38/><D33/><U109/><E109/><V89/><F43/><W59/><G111/><T91/><D69/><U50/><E130/><N who="2" m="49675" /><F55/><W96/><G126/><T79/><D79/><U86/><E77/><N who="2" m="44095" /><F19/><W63/><G9/><N who="2" m="3657" /><F89/><W7/><G7/><AGARI ba="0,0" hai="5,7,81,84,88" m="3657,44095,49675" machi="7" ten="30,3900,0" yaku="19,1,52,1,54,1" doraHai="82" who="2" fromWho="3" sc="185,0,227,0,289,39,299,-39" owari="185,-31.0,227,-17.0,328,42.0,260,6.0" /></mjloggm>