<mjloggm ver="2.3"><GO type="169" lobby="0"/><UN n0="%E8%88%AC%E5%8D%93%E6%B0%91%E3%81%AE%E6%9C%9D%E3%81%AF%E6%97%A9%E3%81%84" n1="%E6%81%A9%E7%94%B0%E5%B8%8C" n2="%75%72%61%74%61%6D%61" n3="%E3%81%BE%E3%81%99%E3%81%9E%E3%81%88" dan="17,16,16,16" rate="2252.40,2147.09,2079.34,2095.87" sx="M,F,M,M"/><TAIKYOKU oya="0"/><INIT seed="0,0,0,2,1,106" ten="250,250,250,250" oya="0" hai0="121,7,92,55,31,45,65,123,6,74,115,80,84" hai1="112,21,129,76,110,53,98,29,103,95,66,126,118" hai2="135,86,38,104,125,27,57,42,82,88,48,96,62" hai3="18,108,3,58,68,134,28,33,60,56,54,109,124"/><T59/><D115/><U127/><E118/><V11/><F38/><W91/><G134/><T128/><D128/><U93/><E129/><V5/><F125/><W75/><G124/><T8/><D31/><U77/><E112/><V1/><F135/><W133/><G133/><T22/><D22/><U116/><E116/><V70/><F70/><W37/><G3/><T36/><D7/><U71/><E71/><V35/><F48/><W23/><G37/><T52/><D55/><U40/><E40/><V13/><F42/><W17/><G68/><T113/><D113/><U44/><E66/><V49/><F49/><W9/><G33/><T101/><D65/><U122/><E44/><V78/><F1/><W63/><G75/><T100/><D100/><N who="1" m="60495" /><E53/><V73/><F62/><W97/><G9/><T69/><D69/><U111/><E21/><V34/><F57/><W51/><G51/><T131/><D131/><U105/><E29/><V117/><F27/><N who="3" m="14831" /><G18/><T89/><D45/><U130/><E105/><V47/><F47/><W16/><G16/><T85/><D36/><U61/><E61/><V41/><F41/><W90/><G28/><T107/><D107/><U87/><E130/><V99/><F117/><W46/><G46/><T83/><D74/><U26/><E26/><V14/><F14/><W20/><G20/><T67/><D67/><U43/><E43/><V120/><F104/><W15/><G58/><T32/><D32/><U81/><E126/><V119/><F119/><W72/><G63/><T0/><D59/><U2/><E127/><V39/><F35/><W30/><G56/><RYUUKYOKU ba="0,0" sc="250,0,250,0,250,0,250,0" /><INIT seed="1,1,0,1,2,31" ten="250,250,250,250" oya="1" hai0="79,98,48,130,7,82,77,13,70,121,30,124,2" hai1="68,95,58,112,78,38,44,132,63,83,114,131,19" hai2="85,115,37,119,65,133,50,116,135,24,9,88,71" hai3="33,12,22,127,94,109,60,16,29,25,11,80,66"/><U108/><E132/><N who="2" m="50763" /><F37/><W47/><G127/><T117/><D70/><U113/><E131/><V104/><F104/><W1/><G109/><T69/><D69/><U43/><E68/><V110/><F115/><W52/><G1/><T76/><D2/><U20/><E95/><V100/><F100/><W67/><G80/><T56/><D117/><U96/><E96/><V89/><F89/><W105/><G105/><T101/><D130/><U36/><E36/><V123/><F123/><W40/><G94/><T87/><D124/><U122/><E122/><V6/><F24/><W102/><G102/><T129/><D129/><U73/><E108/><V45/><F65/><W86/><G86/><T26/><D121/><U10/><E10/><V39/><F39/><W118/><G118/><T27/><D27/><U106/><E106/><V99/><F99/><W57/><G11/><N who="0" m="4351" /><D98/><U91/><E91/><V17/><F17/><W18/><REACH who="3" step="1"/><G18/><REACH who="3" ten="250,250,250,240" step="2"/><T103/><D103/><U93/><E93/><N who="2" m="54415" /><F110/><W111/><G111/><T53/><D101/><U21/><REACH who="1" step="1"/><E19/><REACH who="1" ten="250,240,250,240" step="2"/><V8/><F116/><W107/><G107/><T81/><D81/><U42/><E42/><V128/><F119/><W54/><G54/><AGARI ba="1,2" hai="20,21,38,43,44,54,58,63,73,78,83,112,113,114" machi="54" ten="40,2000,0" yaku="1,1,53,0" doraHai="31" doraHaiUra="97" who="1" fromWho="3" sc="250,0,240,43,250,0,240,-23" /><INIT seed="1,2,0,3,2,16" ten="250,283,250,217" oya="1" hai0="48,8,11,120,89,92,19,110,124,66,83,34,106" hai1="0,47,104,5,4,114,14,25,62,68,57,35,18" hai2="102,49,37,78,91,107,90,82,31,85,20,118,60" hai3="113,130,117,41,112,79,80,61,135,17,64,84,24"/><U99/><E114/><V131/><F37/><W121/><G121/><T26/><D106/><U119/><E119/><V81/><F118/><W44/><G130/><T76/><D120/><U70/><E47/><V22/><F131/><W52/><G135/><T109/><D66/><U58/><E58/><V129/><F129/><W54/><G117/><T97/><D48/><U21/><E104/><V9/><F60/><W43/><G113/><T108/><D124/><U53/><E99/><V63/><F63/><W33/><G112/><T42/><D42/><U134/><E134/><V32/><F32/><W45/><G33/><T71/><D71/><U72/><E72/><V23/><F9/><W10/><G45/><T50/><D50/><U12/><E12/><V111/><F111/><W67/><G67/><T133/><D133/><U74/><E74/><V125/><F125/><W103/><G103/><T46/><D46/><U59/><E59/><V13/><F90/><W127/><G127/><T51/><D51/><U87/><E87/><N who="2" m="48567" /><F107/><W95/><G95/><T29/><D19/><U122/><E4/><V36/><F36/><N who="3" m="21543" /><G43/><T39/><D39/><U115/><E115/><V88/><F102/><W2/><G2/><T15/><D15/><U55/><E122/><V100/><F100/><W1/><G1/><T105/><D105/><U77/><E68/><V132/><F132/><W128/><G128/><T30/><D30/><N who="1" m="19919" /><E77/><N who="2" m="46287" /><F31/><W73/><G73/><AGARI ba="2,0" hai="8,11,26,29,34,73,76,83,89,92,97,108,109,110" machi="73" ten="40,1300,0" yaku="14,1" doraHai="16" who="0" fromWho="3" sc="250,19,283,0,250,0,217,-19" /><INIT seed="2,0,0,5,5,86" ten="269,283,250,198" oya="2" hai0="43,50,23,134,81,45,94,105,13,47,25,37,76" hai1="88,69,118,108,64,73,100,3,127,61,95,120,77" hai2="22,52,36,132,14,16,42,62,106,30,6,60,44" hai3="59,48,109,54,26,85,131,21,99,78,113,18,135"/><V103/><F132/><W125/><G135/><T119/><D105/><U102/><E118/><V82/><F30/><W35/><G109/><T39/><D134/><U96/><E108/><V20/><F6/><W38/><G131/><T114/><D114/><U75/><E127/><V53/><F22/><W15/><G125/><T34/><D119/><U1/><E120/><V97/><REACH who="2" step="1"/><F82/><REACH who="2" ten="269,283,240,198" step="2"/><W84/><G113/><T9/><D23/><U65/><E1/><V79/><F79/><W116/><G78/><T2/><D81/><U19/><E3/><V80/><F80/><W128/><G116/><T74/><D2/><U67/><E77/><V111/><F111/><W11/><G128/><T124/><D76/><U117/><E117/><V70/><F70/><W8/><G35/><T121/><D124/><U87/><E19/><V130/><F130/><W133/><G133/><T31/><D121/><U58/><E69/><V32/><F32/><W0/><G0/><T68/><D68/><U51/><E75/><V93/><F93/><W27/><G11/><T91/><D74/><U46/><E73/><V101/><F101/><W89/><G21/><T40/><D9/><U83/><E102/><V17/><F17/><W5/><G18/><T57/><D34/><U63/><E100/><V92/><F92/><W49/><G8/><T110/><D110/><U10/><E10/><V72/><F72/><W129/><G129/><T112/><D31/><U12/><E83/><V123/><F123/><W7/><G7/><T24/><D94/><U4/><E4/><V98/><F98/><W41/><G99/><RYUUKYOKU ba="0,1" sc="269,-10,283,-10,240,30,198,-10" hai2="14,16,20,36,42,44,52,53,60,62,97,103,106" /><INIT seed="2,1,1,5,3,89" ten="259,273,270,188" oya="2" hai0="114,54,15,107,56,102,55,37,117,82,36,126,35" hai1="61,91,90,132,62,12,51,25,26,118,68,58,95" hai2="11,135,72,63,101,45,133,49,14,30,64,98,105" hai3="16,42,116,130,22,70,66,8,13,129,104,10,86"/><V97/><F72/><W19/><G104/><T127/><D114/><U77/><E118/><V60/><F98/><W0/><G116/><T43/><D117/><U40/><E68/><V128/><F128/><W74/><G74/><T110/><D35/><U75/><E77/><V93/><F105/><W71/><G42/><T32/><D32/><U99/><E75/><V3/><F30/><W112/><G112/><T87/><D110/><U41/><E12/><V125/><F3/><W53/><G53/><T33/><D33/><U84/><E62/><V131/><F131/><N who="3" m="50187" /><G66/><T81/><D43/><N who="1" m="16459" /><E51/><V34/><F34/><W111/><G86/><T79/><D55/><N who="1" m="34015" /><E132/><N who="2" m="50763" /><F125/><W48/><G48/><T80/><D126/><U134/><E134/><V57/><F60/><W119/><G111/><T85/><D127/><U113/><E113/><V73/><F73/><W4/><G119/><T67/><D67/><U39/><E39/><V27/><F49/><W124/><G124/><T115/><D115/><U44/><E44/><V103/><F45/><W83/><G83/><AGARI ba="1,1" hai="25,26,83,84,90,91,95,99" m="34015,16459" machi="83" ten="30,2000,0" yaku="8,1,52,1" doraHai="89" who="1" fromWho="3" sc="259,0,273,33,270,0,188,-23" /><INIT seed="3,0,0,3,4,62" ten="259,306,270,165" oya="3" hai0="47,44,52,119,43,63,129,69,90,108,64,31,123" hai1="114,5,39,35,21,72,40,133,53,49,75,118,112" hai2="12,42,85,91,68,60,107,2,8,98,55,126,131" hai3="45,76,86,110,125,13,105,20,130,10,99,0,117"/><W84/><G117/><T27/><D108/><U48/><E35/><V94/><F2/><W22/><G110/><T38/><D119/><U74/><E118/><V78/><F131/><W30/><G130/><T34/><D129/><U6/><E39/><V23/><F23/><W15/><G125/><T109/><D109/><U67/><E40/><V89/><F42/><W83/><G0/><T120/><REACH who="0" step="1"/><D90/><REACH who="0" ten="249,306,270,165" step="2"/><U113/><E133/><V104/><F126/><W41/><G30/><T7/><D7/><U71/><E6/><V70/><F91/><W14/><G10/><T17/><D17/><U95/><E5/><V54/><F8/><W24/><G24/><T57/><D57/><U32/><E112/><V79/><F89/><W65/><G45/><T101/><D101/><U103/><E103/><V97/><F68/><W82/><G41/><T121/><D121/><U77/><E71/><V124/><F70/><W51/><G15/><T100/><D100/><U61/><E113/><V132/><F12/><W73/><G13/><T3/><D3/><U11/><E11/><V102/><F102/><W56/><G14/><T9/><D9/><U37/><E37/><V58/><F58/><W4/><G56/><T106/><D106/><U19/><E19/><V28/><F107/><W87/><G4/><T16/><D16/><U88/><E88/><V116/><F104/><W96/><G105/><T81/><D81/><U29/><E29/><V128/><F128/><W50/><G82/><T127/><D127/><U122/><E114/><V115/><F115/><W92/><G83/><T46/><D46/><RYUUKYOKU ba="0,1" sc="249,30,306,-10,270,-10,165,-10" hai0="27,31,34,38,43,44,47,52,63,64,69,120,123" /><INIT seed="4,1,1,3,5,76" ten="279,296,260,155" oya="0" hai0="99,93,20,124,65,134,107,26,53,79,11,72,35" hai1="80,125,70,31,49,60,13,18,5,84,32,97,19" hai2="3,131,116,96,120,94,28,0,129,23,43,86,102" hai3="71,63,30,55,56,113,10,115,58,132,109,8,81"/><T44/><D124/><U89/><E125/><V54/><F120/><W98/><G109/><T118/><D118/><U77/><E32/><V46/><F54/><W73/><G71/><T36/><D134/><U135/><E31/><V22/><F116/><W133/><G30/><T41/><D35/><U21/><E49/><V15/><F23/><W52/><G98/><T121/><D121/><U17/><E135/><N who="3" m="51786" /><G73/><T105/><D53/><U24/><E70/><V51/><F86/><W104/><G104/><T75/><D75/><U48/><E48/><V110/><F110/><W127/><G127/><T47/><D47/><U66/><E60/><V68/><F68/><W114/><G81/><T100/><D11/><N who="1" m="4335" /><E66/><V67/><F67/><W29/><G29/><T12/><D65/><U40/><E40/><V92/><F92/><AGARI ba="1,1" hai="17,18,19,21,24,77,80,84,89,92,97" m="4335" machi="92" ten="30,2000,0" yaku="8,1,52,1" doraHai="76" who="1" fromWho="2" sc="279,0,296,33,260,-23,155,0" /><INIT seed="5,0,0,4,5,67" ten="279,329,237,155" oya="1" hai0="18,84,47,105,24,61,90,98,5,79,99,29,63" hai1="13,0,125,73,64,103,25,33,120,112,21,80,122" hai2="65,96,39,51,89,19,85,119,57,130,42,9,2" hai3="54,118,62,95,53,55,34,83,31,46,41,94,133"/><U124/><E103/><V110/><F119/><W74/><G133/><T68/><D5/><U20/><E80/><V104/><F130/><W52/><G118/><T135/><D135/><U59/><E73/><V10/><F39/><W26/><G62/><T114/><D79/><U1/><E59/><V88/><F65/><W49/><N who="3" m="13312" /><DORA hai="72" /><W8/><REACH who="3" step="1"/><G8/><REACH who="3" ten="279,329,237,145" step="2"/><T115/><D63/><U102/><E64/><V97/><F10/><W43/><G43/><T129/><D61/><U132/><E132/><V81/><F42/><W107/><G107/><T111/><D105/><U91/><E122/><V76/><F104/><W92/><G92/><T15/><D129/><U126/><E120/><V117/><F117/><W131/><G131/><T75/><D114/><U38/><E112/><V17/><F9/><W35/><G35/><T127/><D115/><U14/><E33/><V11/><F11/><W60/><G60/><T134/><D134/><U44/><E124/><V108/><F2/><W4/><G4/><T58/><D127/><U113/><E113/><V37/><F110/><W77/><AGARI ba="0,1" hai="26,31,34,41,46,49,74,77,83,94,95" m="13312" machi="77" ten="40,8000,1" yaku="1,1,0,1,52,1,54,1,53,0" doraHai="67,72" doraHaiUra="116,70" who="3" fromWho="3" sc="279,-20,329,-40,237,-20,145,90" /><INIT seed="6,0,0,3,5,35" ten="259,289,217,235" oya="2" hai0="26,41,114,66,81,7,5,20,111,27,22,98,135" hai1="65,99,128,48,72,79,95,12,97,63,42,3,60" hai2="39,38,0,64,94,129,88,67,82,15,70,10,37" hai3="123,109,9,121,57,116,14,6,16,100,17,50,44"/><V53/><F129/><W101/><G109/><T103/><D111/><U1/><E128/><V11/><F82/><W19/><G116/><T74/><D41/><U110/><E72/><V118/><F118/><W122/><REACH who="3" step="1"/><G57/><REACH who="3" ten="259,289,217,225" step="2"/><T107/><D135/><U59/><E110/><V56/><F70/><W13/><G13/><T61/><D114/><U47/><E12/><V45/><F15/><W49/><G49/><T71/><D26/><U108/><E59/><V120/><F120/><W112/><G112/><T21/><D27/><U25/><E25/><V32/><F38/><W69/><G69/><T55/><D71/><U62/><E48/><V33/><F37/><W28/><G28/><T46/><D61/><U23/><E62/><V106/><F56/><W68/><G68/><T119/><D119/><U90/><E63/><V89/><F39/><W105/><G105/><T131/><D107/><U133/><E60/><V43/><F106/><W93/><G93/><T132/><D131/><U102/><E95/><V104/><F104/><W117/><G117/><T58/><D58/><U134/><E133/><V86/><F94/><W78/><G78/><T92/><D92/><N who="1" m="56471" /><E79/><V31/><F31/><W40/><AGARI ba="0,1" hai="6,9,14,16,17,19,40,44,50,100,101,121,122,123" machi="40" ten="40,5200,0" yaku="1,1,0,1,54,1,53,0" doraHai="35" doraHaiUra="87" who="3" fromWho="3" sc="259,-13,289,-13,217,-26,225,62" /><INIT seed="7,0,0,4,3,50" ten="246,276,191,287" oya="3" hai0="127,82,70,67,113,63,12,86,80,120,98,1,26" hai1="54,58,88,93,96,74,134,9,25,64,23,19,83" hai2="125,38,41,55,11,22,133,111,16,109,49,129,33" hai3="52,117,135,30,6,103,123,132,42,97,73,21,130"/><W118/><G73/><T99/><D120/><U90/><E134/><N who="3" m="51242" /><G130/><T81/><D1/><U59/><E74/><V17/><F133/><W45/><G123/><T56/><D127/><U3/><E64/><V53/><F33/><W66/><G66/><T44/><D70/><U27/><E59/><V119/><F119/><W29/><G52/><N who="2" m="20041" /><F125/><W76/><G6/><T78/><D44/><U75/><E75/><V14/><F38/><N who="3" m="21719" /><G76/><T102/><D67/><U79/><E79/><V92/><F129/><W89/><G89/><T60/><D56/><U91/><E83/><V48/><F111/><W31/><G21/><T101/><D80/><U104/><E104/><AGARI ba="0,0" hai="29,30,31,97,103,104,117,118" m="21719,51242" machi="104" ten="30,1500,0" yaku="20,1" doraHai="50" who="3" fromWho="1" sc="246,0,276,-15,191,0,287,15" owari="246,-15.0,261,6.0,191,-31.0,302,40.0" /></mjloggm>