<mjloggm ver="2.3"><GO type="185" lobby="0"/><UN n0="%E2%99%AA%E5%A4%A2%E5%85%88%E6%A1%88%E5%86%85%E4%BA%BA" n1="%E3%82%86%E3%81%8D%E3%81%86%E3%81%95%E3%81%8E%E2%98%86" n2="%E3%81%82%E3%81%9F%E3%82%89%E3%81%AA%E3%81%84%E3%81%A7%EF%BC%81" n3="" dan="17,16,17,0" rate="2280.44,2164.89,2183.71,1500.00" sx="F,F,M,C"/><TAIKYOKU oya="0"/><INIT seed="0,0,0,3,1,40" ten="350,350,350,0" oya="0" hai0="72,110,50,1,106,98,34,87,131,105,43,41,67" hai1="112,111,88,33,48,124,62,46,108,71,55,121,95" hai2="76,73,45,63,59,83,56,53,52,96,2,94,35" hai3=""/><T60/><D1/><U120/><N who="1" m="30752" /><U129/><N who="1" m="31008" /><U103/><E33/><V84/><F35/><T86/><D34/><U115/><E129/><V123/><N who="2" m="31520" /><V36/><F2/><T49/><D72/><U119/><E124/><V75/><F36/><T70/><D131/><U42/><E103/><V116/><F116/><T80/><D110/><N who="1" m="42027" /><E119/><V3/><F45/><T128/><D128/><U93/><E93/><V91/><REACH who="2" step="1"/><F3/><REACH who="2" ten="350,350,340,0" step="2"/><T117/><D117/><U118/><E118/><V0/><F0/><T109/><D109/><U99/><E71/><V65/><F65/><T58/><D67/><U82/><E82/><V39/><F39/><T77/><D70/><U130/><E130/><V122/><N who="2" m="31264" /><V79/><F79/><T104/><D77/><U102/><E102/><V44/><F44/><T38/><D80/><U97/><E97/><V125/><F125/><T37/><D98/><U107/><E107/><V134/><F134/><T32/><D32/><U68/><E68/><V78/><F78/><T101/><D105/><U74/><E74/><V66/><F66/><T69/><D69/><U61/><E42/><V132/><F132/><T114/><D101/><U57/><E46/><V51/><AGARI ba="0,1" hai="51,52,53,56,59,63,73,75,76,83,84,91,94,96" m="31264,31520" machi="51" ten="20,9000,2" yaku="1,1,0,1,7,1,52,2,54,1,53,1" doraHai="40" doraHaiUra="47" who="2" fromWho="2" sc="350,-60,350,-30,340,100,0,0" /><INIT seed="1,0,0,2,5,98" ten="290,320,440,0" oya="1" hai0="79,48,72,116,126,46,1,75,57,92,125,64,63" hai1="81,54,38,109,120,59,67,83,96,40,108,68,124" hai2="71,94,53,85,76,0,89,127,132,131,36,105,111" hai3=""/><U60/><N who="1" m="30752" /><U129/><E129/><V47/><F0/><T122/><N who="0" m="31264" /><T32/><D1/><U43/><E124/><N who="0" m="47721" /><D32/><U33/><E33/><V114/><F127/><T112/><D112/><U50/><E96/><V110/><F114/><T117/><D92/><U34/><E34/><V118/><F71/><T37/><D37/><U100/><E100/><V58/><F105/><T115/><D115/><U52/><E54/><V106/><F106/><T88/><D88/><U134/><E134/><V90/><F90/><T55/><D79/><U97/><E97/><V74/><F132/><T51/><D48/><U99/><E99/><V128/><F76/><T62/><D63/><U93/><E93/><V119/><F89/><T135/><D135/><U95/><E95/><V121/><F94/><T77/><D77/><U66/><E38/><V41/><N who="2" m="31008" /><V70/><F36/><T104/><D104/><U78/><E78/><V3/><F3/><T82/><D82/><N who="1" m="31243" /><E66/><V45/><F131/><T101/><D101/><U87/><E87/><V39/><F85/><T2/><D2/><U44/><E40/><V86/><F86/><T80/><D80/><U56/><E43/><V91/><F41/><T42/><D42/><U103/><E103/><RYUUKYOKU ba="0,0" sc="290,10,320,10,440,-20,0,0" hai0="46,51,55,57,62,64,72,75,116,117" hai1="44,50,52,56,59,60,67,68,108,109" /><INIT seed="1,1,0,3,4,84" ten="300,330,420,0" oya="1" hai0="34,77,121,112,44,75,122,116,130,110,64,90,108" hai1="87,94,129,72,70,113,82,71,92,83,124,63,123" hai2="109,102,2,52,79,43,118,37,50,49,35,56,111" hai3=""/><U128/><N who="1" m="31520" /><U93/><E113/><V68/><F2/><T41/><N who="0" m="31008" /><T133/><N who="0" m="31264" /><T88/><D112/><U101/><E124/><V45/><F35/><T47/><D34/><U115/><E115/><V76/><F68/><T67/><D130/><N who="1" m="50283" /><E63/><V46/><F102/><T119/><D77/><U103/><E72/><V95/><F95/><T65/><D75/><U78/><E70/><V107/><F107/><T57/><D57/><U100/><E71/><V91/><F118/><N who="0" m="45098" /><D133/><U106/><E106/><V69/><F69/><T117/><N who="0" m="45106" /><T80/><DORA hai="1" /><D80/><AGARI ba="1,0" hai="78,80,82,83,87,92,93,94,100,101,103" m="50283,31520" machi="80" ten="40,48000,5" yakuman="43" doraHai="84,1" who="1" fromWho="0" sc="300,-482,330,482,420,0,0,0" owari="-182,-78.0,812,76.0,420,2.0,0,0.0" /></mjloggm>