<mjloggm ver="2.3"><GO type="169" lobby="0"/><UN n0="%E2%98%85%E3%83%9B%E3%83%BC%E3%82%B9%E2%98%85" n1="%E6%87%90%E3%81%8F%E5%AE%B6%E7%95%9C" n2="%64%75%72%72%72%72%72" n3="%7A%6F%6F%31%39%36%34" dan="16,16,18,18" rate="2155.89,2103.12,2271.92,2226.52" sx="M,M,M,M"/><TAIKYOKU oya="0"/><INIT seed="0,0,0,4,2,105" ten="250,250,250,250" oya="0" hai0="22,122,97,84,123,110,38,86,47,61,62,60,35" hai1="109,26,40,55,54,77,31,118,43,39,133,76,11" hai2="19,3,48,128,100,8,78,36,9,32,91,72,112" hai3="95,94,93,121,5,27,126,119,6,131,4,70,89"/><T83/><D35/><U7/><E118/><V104/><F112/><W73/><G119/><T85/><D110/><U20/><E109/><V2/><F48/><W50/><G70/><T52/><D83/><U117/><E117/><V16/><F32/><W92/><G131/><T63/><D97/><U87/><E133/><V42/><F42/><W88/><G126/><T30/><D38/><U107/><E107/><V130/><F104/><W79/><G121/><T120/><N who="0" m="15360" /><DORA hai="108" /><T80/><D80/><U66/><E66/><V58/><F36/><W65/><G65/><T113/><D113/><U29/><E29/><V25/><F25/><W114/><G50/><T125/><D125/><U18/><E31/><V21/><F21/><W67/><G67/><T132/><D132/><U17/><E39/><V69/><F58/><W127/><G114/><T59/><D59/><U57/><E55/><V102/><F78/><N who="1" m="30313" /><E87/><V24/><F24/><W33/><N who="3" m="23552" /><DORA hai="14" /><W75/><G127/><T106/><D106/><U15/><E7/><V12/><F12/><W116/><G79/><T74/><D74/><N who="3" m="28169" /><G116/><T99/><D99/><U96/><E96/><V124/><F124/><W111/><G111/><T1/><D1/><N who="2" m="10" /><F72/><W90/><G27/><N who="0" m="16759" /><D47/><U64/><E64/><V51/><F51/><AGARI ba="0,0" hai="11,15,17,18,20,26,40,43,51,54,57" m="30313" machi="51" ten="30,3900,0" yaku="8,1,52,2" doraHai="105,108,14" who="1" fromWho="2" sc="250,0,250,39,250,-39,250,0" /><INIT seed="1,0,0,2,2,116" ten="250,289,211,250" oya="1" hai0="33,76,93,117,132,22,54,130,57,127,17,114,115" hai1="75,103,53,0,133,99,79,10,129,37,92,44,82" hai2="19,68,38,111,35,60,126,78,36,72,46,40,20" hai3="94,28,102,123,43,131,98,135,49,100,108,122,73"/><U105/><E133/><V64/><F35/><W45/><G135/><T15/><D132/><U110/><E129/><V86/><F111/><W29/><G108/><T31/><D130/><U5/><E110/><V55/><F126/><W112/><G112/><T106/><D106/><U4/><E4/><V42/><F72/><W62/><G131/><T67/><D117/><U6/><E6/><V118/><F118/><W32/><G73/><T104/><D104/><U25/><E53/><V109/><F109/><W83/><G83/><T85/><D127/><U61/><E61/><V119/><F119/><W107/><G32/><T80/><D67/><U24/><REACH who="1" step="1"/><E105/><REACH who="1" ten="250,279,211,250" step="2"/><V128/><F55/><W8/><G62/><T59/><D114/><U58/><E58/><V52/><F128/><W134/><G134/><T96/><D115/><U120/><E120/><V91/><F52/><W2/><G2/><T69/><D69/><U63/><E63/><V18/><F60/><W50/><G107/><T77/><D54/><U97/><E97/><V125/><F125/><W88/><G123/><T11/><D57/><U41/><AGARI ba="0,1" hai="0,5,10,24,25,37,41,44,75,79,82,92,99,103" machi="41" ten="30,11700,0" yaku="1,1,0,1,25,2,53,0" doraHai="116" doraHaiUra="12" who="1" fromWho="1" sc="250,-39,279,127,211,-39,250,-39" /><INIT seed="1,1,0,1,1,63" ten="211,406,172,211" oya="1" hai0="118,72,21,105,127,23,69,46,62,10,129,106,48" hai1="42,53,134,43,71,4,107,9,19,12,49,83,102" hai2="93,124,44,16,33,74,100,3,75,8,96,64,40" hai3="58,28,67,116,37,86,27,50,41,133,104,95,97"/><U99/><E134/><V5/><F33/><W132/><G104/><T1/><D118/><U59/><E71/><V66/><F124/><W88/><G116/><T130/><D72/><U52/><E83/><V11/><F75/><W79/><G37/><T29/><D127/><U89/><E89/><V60/><F60/><N who="3" m="38295" /><G41/><T13/><D1/><U112/><E112/><V70/><F70/><W36/><G36/><T117/><D117/><U22/><REACH who="1" step="1"/><E53/><REACH who="1" ten="211,396,172,211" step="2"/><V51/><REACH who="2" step="1"/><F74/><REACH who="2" ten="211,396,162,211" step="2"/><W135/><G133/><T30/><D69/><U25/><AGARI ba="1,2" hai="4,9,12,19,22,25,42,43,49,52,59,99,102,107" machi="25" ten="20,18000,2" yaku="1,1,2,1,0,1,7,1,54,1,53,1" doraHai="63" doraHaiUra="15" who="1" fromWho="1" sc="211,-61,396,203,162,-61,211,-61" /><INIT seed="1,2,0,4,0,25" ten="150,599,101,150" oya="1" hai0="91,69,17,35,77,27,49,131,16,115,118,129,81" hai1="108,2,126,103,80,109,84,48,47,110,12,92,96" hai2="54,133,10,66,23,112,117,113,36,11,58,87,8" hai3="59,1,90,24,19,98,132,122,56,40,130,39,124"/><U61/><E2/><V15/><F36/><W0/><G122/><T79/><D69/><U67/><E126/><V93/><F117/><W42/><G124/><T22/><D118/><U63/><E12/><V45/><F66/><W53/><G132/><T21/><D115/><N who="2" m="44106" /><F45/><W7/><G130/><N who="0" m="49675" /><D49/><U114/><E114/><V75/><F75/><W89/><G7/><T18/><D91/><N who="1" m="51591" /><E67/><V38/><F38/><W127/><G127/><T111/><D111/><U105/><E105/><V116/><F116/><W14/><G39/><T76/><D81/><U44/><E44/><V3/><F3/><W9/><G0/><T5/><D5/><U85/><E85/><V99/><F87/><W28/><G1/><T101/><D101/><U30/><E47/><V55/><F58/><W68/><G68/><T70/><D70/><U37/><E37/><V62/><F62/><N who="1" m="23561" /><E48/><V88/><F133/><W78/><G78/><T4/><D4/><U102/><E102/><V95/><F95/><N who="3" m="56687" /><G90/><T31/><AGARI ba="2,0" hai="16,17,18,21,22,27,31,35,76,77,79" m="49675" machi="31" ten="40,5200,0" yaku="19,1,52,1,54,1" doraHai="25" who="0" fromWho="0" sc="150,58,599,-28,101,-15,150,-15" /><INIT seed="2,0,0,2,1,64" ten="208,571,86,135" oya="2" hai0="107,98,122,41,58,37,52,7,49,21,131,106,72" hai1="53,135,90,63,20,111,45,44,22,103,46,19,33" hai2="80,95,128,68,11,133,87,116,60,61,123,71,15" hai3="30,29,115,117,13,109,5,18,91,38,118,82,67"/><V104/><F104/><W102/><G38/><T8/><D122/><U126/><E33/><V31/><F123/><W88/><G109/><T89/><D72/><U10/><E111/><V113/><F116/><W73/><G115/><T35/><D35/><U48/><E126/><V1/><F113/><W69/><G102/><T24/><D131/><U17/><E135/><V99/><F1/><W92/><G5/><T2/><D37/><U32/><E32/><V56/><F31/><W79/><G91/><T51/><D89/><U54/><E103/><V93/><F133/><W130/><G130/><T70/><D70/><U16/><E10/><V124/><F128/><W27/><G30/><T112/><D112/><U101/><E101/><V125/><F99/><W28/><G28/><T132/><D98/><U59/><E90/><N who="2" m="53471" /><F95/><W76/><G76/><T134/><D41/><U127/><E127/><N who="2" m="48715" /><F80/><W57/><G118/><T4/><D134/><U9/><E9/><V40/><F40/><W129/><G129/><T83/><D83/><U77/><E77/><V26/><F26/><W39/><G117/><T12/><D132/><U114/><E114/><V105/><F105/><W94/><G94/><T50/><D107/><U78/><E78/><V23/><F23/><AGARI ba="0,0" hai="16,17,19,20,22,23,44,45,46,48,53,54,59,63" machi="23" ten="40,2600,0" yaku="8,1,54,1" doraHai="64" who="1" fromWho="2" sc="208,0,571,26,86,-26,135,0" /><INIT seed="3,0,0,3,3,67" ten="208,597,60,135" oya="3" hai0="17,112,28,110,54,116,119,0,27,106,8,74,118" hai1="68,29,123,103,19,20,50,128,89,131,107,34,41" hai2="4,73,15,90,109,102,14,124,66,80,23,108,71" hai3="70,100,82,115,129,120,76,113,94,16,99,42,60"/><W93/><G120/><T105/><D74/><U52/><E123/><V7/><F102/><W1/><G1/><T55/><D112/><U10/><E41/><V31/><F73/><W2/><G2/><T21/><D110/><N who="2" m="42602" /><F80/><W65/><G129/><T98/><D98/><U84/><E103/><V57/><F57/><W134/><G134/><T45/><D45/><U92/><E107/><V5/><F90/><W81/><G81/><T133/><D133/><U75/><E75/><V91/><F91/><W9/><G42/><T53/><REACH who="0" step="1"/><D17/><REACH who="0" ten="198,597,60,135" step="2"/><U37/><E19/><V61/><F124/><W64/><G115/><T24/><D24/><AGARI ba="0,1" hai="4,5,7,14,15,23,24,31,61,66,71" m="42602" machi="24" ten="30,2000,0" yaku="14,1,52,1" doraHai="67" who="2" fromWho="0" sc="198,-20,597,0,60,30,135,0" /><INIT seed="4,0,0,2,0,108" ten="178,597,90,135" oya="0" hai0="67,2,94,104,42,30,134,55,128,121,118,31,14" hai1="114,9,11,66,64,29,135,131,69,116,111,82,44" hai2="110,48,117,75,119,59,85,46,83,43,100,28,133" hai3="35,102,96,70,95,34,125,6,26,23,126,123,12"/><T47/><D121/><U60/><E66/><V97/><F110/><W37/><G37/><T76/><D104/><U15/><E29/><V33/><F75/><W129/><G70/><T103/><D2/><U105/><E11/><V49/><F133/><W99/><G123/><T51/><D118/><U112/><E105/><V132/><F132/><W87/><G129/><T24/><D128/><U86/><E111/><V21/><F33/><W25/><G87/><T88/><D103/><U22/><E131/><V106/><F28/><W41/><G41/><T84/><D67/><U20/><E116/><N who="2" m="44619" /><F21/><W45/><G45/><T130/><D130/><U65/><E65/><V38/><F59/><W18/><G99/><T79/><D31/><U7/><E44/><V19/><F19/><W16/><G6/><T53/><D134/><U58/><E58/><V71/><F71/><W10/><REACH who="3" step="1"/><G26/><REACH who="3" ten="178,597,90,125" step="2"/><T113/><D42/><U27/><E135/><V89/><AGARI ba="0,1" hai="38,43,46,48,49,83,85,89,97,100,106" m="44619" machi="89" ten="30,1100,0" yaku="12,1" doraHai="108" who="2" fromWho="2" sc="178,-5,597,-3,90,21,125,-3" /><INIT seed="5,0,0,5,2,114" ten="173,594,111,122" oya="1" hai0="124,26,64,76,73,22,99,0,15,14,27,48,89" hai1="101,45,21,117,10,43,95,67,96,61,90,128,6" hai2="52,5,84,86,116,62,79,81,37,122,131,102,25" hai3="115,118,33,59,100,31,66,77,83,29,135,69,103"/><U98/><E117/><V78/><F37/><W97/><G115/><T18/><D0/><U82/><E128/><V9/><F122/><W49/><G135/><T119/><D119/><U125/><E125/><V126/><F126/><W47/><G69/><T75/><D75/><U40/><E21/><V8/><F131/><W46/><G118/><T44/><D124/><U65/><E82/><N who="2" m="47191" /><F116/><W74/><G103/><T32/><D64/><U134/><E134/><V123/><F123/><W130/><G130/><T23/><D32/><U1/><E45/><V42/><F42/><W127/><G127/><T19/><D76/><U38/><E38/><V13/><F8/><W94/><G33/><T113/><D73/><U51/><E51/><V57/><F102/><W104/><G47/><T85/><D99/><U11/><E11/><V56/><F57/><W106/><G59/><T105/><D105/><U109/><E109/><V110/><F110/><W107/><REACH who="3" step="1"/><G66/><REACH who="3" ten="173,594,111,112" step="2"/><T54/><REACH who="0" step="1"/><D113/><REACH who="0" ten="163,594,111,112" step="2"/><U120/><E67/><V108/><F108/><W91/><G91/><T60/><D60/><U132/><E132/><V4/><F62/><W63/><G63/><T53/><D53/><AGARI ba="0,2" hai="29,31,46,49,53,74,77,83,94,97,100,104,106,107" machi="53" ten="40,2600,0" yaku="1,1,53,1" doraHai="114" doraHaiUra="88" who="3" fromWho="0" sc="163,-26,594,0,111,0,112,46" /><INIT seed="6,0,0,2,3,60" ten="137,594,111,158" oya="2" hai0="44,85,29,35,14,31,65,129,45,94,106,102,59" hai1="2,62,117,26,12,41,57,24,122,75,86,115,89" hai2="103,68,109,97,104,121,21,37,6,67,52,71,33" hai3="1,80,114,90,42,32,88,10,107,112,0,22,125"/><V63/><F121/><W54/><G32/><T73/><D73/><U78/><E2/><V100/><F6/><W113/><G125/><T34/><D106/><U126/><E126/><V30/><F103/><W132/><G132/><T72/><D72/><U39/><E117/><V58/><F21/><W4/><G107/><T92/><D129/><U48/><E39/><V40/><F109/><W76/><G0/><T93/><D102/><U47/><E122/><V7/><F7/><W127/><G127/><T99/><D99/><U101/><E101/><V95/><F95/><W27/><G54/><T133/><D133/><U55/><E115/><V82/><F82/><W79/><G42/><T96/><D96/><U51/><E78/><N who="3" m="29738" /><G80/><T135/><D135/><U3/><E75/><V84/><F84/><W119/><G119/><T105/><D105/><U120/><E3/><V87/><F87/><W43/><G43/><T64/><D85/><U5/><E120/><V50/><F71/><W38/><G38/><T118/><D118/><U77/><E77/><V23/><F33/><W20/><G20/><T111/><D111/><U46/><E5/><V123/><F123/><W134/><G134/><T53/><D34/><U8/><E8/><V116/><F116/><W130/><G130/><T81/><D81/><N who="1" m="49359" /><E12/><V74/><F74/><W66/><G22/><T9/><D35/><U17/><E17/><V56/><F68/><W36/><G27/><T69/><D69/><U13/><E13/><V98/><F98/><W16/><G36/><T15/><D15/><U91/><E91/><N who="3" m="34858" /><G16/><T128/><D128/><RYUUKYOKU ba="0,0" sc="137,-15,594,15,111,-15,158,15" hai1="24,26,41,46,47,48,51,55,57,62" hai3="1,4,10,66,112,113,114" /><INIT seed="7,1,0,1,5,77" ten="122,609,96,173" oya="3" hai0="84,13,39,117,1,48,75,73,55,14,35,103,36" hai1="11,124,58,91,109,113,120,45,60,89,106,107,78" hai2="67,95,105,24,87,47,74,118,81,121,128,65,40" hai3="31,2,92,22,112,25,9,80,21,6,130,104,18"/><W62/><G104/><T61/><D1/><U23/><E78/><V16/><F118/><W101/><G112/><T100/><D35/><U99/><E120/><V70/><F105/><W108/><G130/><T131/><D117/><U3/><E109/><V27/><F74/><W114/><G62/><T33/><D33/><U76/><E76/><N who="2" m="46503" /><F70/><W83/><G114/><T90/><D39/><U126/><E113/><V26/><F128/><W68/><G68/><T12/><D36/><U115/><E115/><V132/><F121/><W63/><G63/><T93/><D131/><U135/><E60/><V129/><F129/><W29/><G29/><T71/><D73/><U82/><E135/><V66/><F132/><W20/><G20/><T119/><D75/><U34/><E23/><N who="2" m="13415" /><F95/><W64/><G92/><T122/><D122/><U88/><E106/><V59/><F59/><W79/><G2/><T125/><D119/><U116/><E107/><V5/><F5/><W28/><G6/><T123/><D123/><U127/><E116/><V41/><F47/><W42/><G108/><T51/><D125/><U94/><E34/><V134/><F134/><W30/><G30/><T86/><D86/><U15/><E3/><V72/><F72/><W49/><G31/><T57/><D71/><U69/><E69/><V52/><F52/><W50/><G28/><T32/><D32/><U19/><E45/><V37/><F37/><W133/><G133/><T8/><D8/><U97/><E58/><V102/><F102/><AGARI ba="1,0" hai="12,13,14,48,51,55,57,61,84,90,93,100,102,103" machi="102" ten="40,1300,0" yaku="8,1" doraHai="77" who="0" fromWho="2" sc="122,16,609,0,96,-16,173,0" owari="138,-26.0,609,71.0,80,-42.0,173,-3.0" /></mjloggm>