<mjloggm ver="2.3"><GO type="169" lobby="0"/><UN n0="%62%75%72%65%61%36" n1="%45%7A%61%6B%69" n2="%E3%82%B4%E3%83%83%E3%82%B5%E3%83%A0" n3="%E7%A7%8B%E6%9C%88%36%31" dan="16,16,16,17" rate="2106.42,2106.24,2054.43,2112.93" sx="M,M,M,M"/><TAIKYOKU oya="0"/><INIT seed="0,0,0,3,3,58" ten="250,250,250,250" oya="0" hai0="134,59,50,12,4,8,76,114,40,128,105,107,44" hai1="69,120,49,24,74,68,93,57,23,53,131,117,110" hai2="63,64,91,87,124,113,79,9,77,11,89,97,47" hai3="29,6,33,130,56,103,98,2,20,52,111,84,86"/><T36/><D114/><U88/><E120/><V72/><F124/><W16/><G111/><T38/><D128/><U99/><E110/><V108/><F108/><W121/><G130/><T5/><D134/><U27/><E117/><V3/><F113/><W32/><G121/><T48/><D4/><U75/><E131/><V14/><F3/><W116/><G116/><T70/><D70/><U30/><E69/><V106/><F47/><W55/><G55/><T7/><D7/><U28/><REACH who="1" step="1"/><E68/><REACH who="1" ten="250,240,250,250" step="2"/><V1/><F1/><W125/><G125/><T101/><D76/><U115/><E115/><V132/><F77/><W92/><G2/><T133/><D133/><U66/><E66/><V26/><F132/><W18/><G6/><T80/><D5/><U90/><E90/><V39/><F91/><W67/><G67/><T41/><D101/><U126/><E126/><V42/><F79/><W21/><G33/><AGARI ba="0,1" hai="23,24,27,28,30,33,49,53,57,74,75,88,93,99" machi="33" ten="30,7700,0" yaku="1,1,7,1,54,1,53,1" doraHai="58" doraHaiUra="45" who="1" fromWho="3" sc="250,0,240,87,250,0,250,-77" /><INIT seed="1,0,0,1,3,31" ten="250,327,250,173" oya="1" hai0="55,74,17,4,87,66,130,57,86,52,82,125,123" hai1="133,2,75,12,68,110,37,24,76,40,134,129,132" hai2="32,20,83,96,85,27,77,45,88,29,58,15,44" hai3="18,95,62,35,116,78,94,28,99,65,23,50,34"/><U127/><E12/><V73/><F58/><W36/><G36/><T56/><D125/><U11/><E127/><V98/><F98/><W113/><G113/><T51/><D130/><U118/><E118/><V48/><F96/><W101/><G116/><T38/><D38/><U69/><E129/><V22/><F15/><W104/><G78/><T105/><D123/><U47/><E24/><V120/><F44/><W92/><G28/><T126/><D126/><U93/><E93/><V117/><F117/><W41/><G50/><T7/><D105/><U91/><E91/><V103/><F103/><W3/><G41/><T46/><D74/><U42/><E110/><V60/><F60/><W71/><REACH who="3" step="1"/><G3/><REACH who="3" ten="250,327,250,163" step="2"/><T33/><D51/><U135/><E42/><V0/><F0/><W49/><G49/><T114/><D114/><U1/><E135/><V90/><F120/><W43/><G43/><T25/><D46/><U61/><E1/><V80/><F90/><W6/><G6/><T81/><D4/><N who="1" m="1431" /><E61/><V112/><F112/><W5/><G5/><T64/><D7/><U121/><E121/><V14/><F14/><AGARI ba="0,1" hai="14,18,23,34,35,62,65,71,92,94,95,99,101,104" machi="14" ten="40,8000,1" yaku="1,1,52,2,53,1" doraHai="31" doraHaiUra="100" who="3" fromWho="2" sc="250,0,327,0,250,-80,163,90" /><INIT seed="2,0,0,1,2,8" ten="250,327,170,253" oya="2" hai0="5,14,127,69,4,63,130,47,84,35,105,80,116" hai1="9,18,97,2,29,70,75,115,52,66,40,126,113" hai2="82,129,108,92,109,100,95,73,50,77,103,61,89" hai3="121,67,87,91,15,58,72,118,12,28,102,45,79"/><V19/><F50/><W54/><G121/><T0/><D105/><U31/><E75/><V101/><F61/><W10/><G118/><T88/><D35/><U44/><E126/><V25/><F25/><W38/><G72/><T27/><D127/><U135/><E135/><V46/><F46/><W117/><G117/><T120/><D120/><U6/><E70/><V34/><F34/><W111/><G79/><T48/><D0/><U30/><E66/><V104/><F95/><W26/><G102/><T32/><D116/><U65/><E65/><V123/><F123/><W99/><G99/><T112/><D112/><U125/><E125/><V134/><F134/><W20/><G111/><N who="2" m="42569" /><F19/><W86/><G86/><T110/><D69/><U83/><E18/><V131/><F104/><W1/><G67/><T13/><D63/><U3/><E115/><V78/><F78/><W94/><G1/><T55/><D110/><U133/><E133/><V114/><F114/><W90/><G10/><T53/><D53/><U119/><E119/><V68/><F68/><W36/><G36/><T64/><D64/><U132/><E132/><V59/><F59/><W49/><G38/><T57/><D57/><U51/><E113/><V74/><F74/><W43/><G58/><T22/><D32/><U56/><E2/><V124/><F124/><W16/><G54/><T98/><D55/><U128/><E83/><V33/><F33/><W62/><G62/><T106/><D80/><U17/><E56/><V39/><F39/><W96/><G28/><N who="0" m="17527" /><D47/><U76/><E44/><V107/><F107/><W11/><G45/><RYUUKYOKU ba="0,0" sc="250,-10,327,-10,170,30,253,-10" hai2="73,77,82,89,92,100,101,103,129,131" /><INIT seed="2,1,0,2,2,120" ten="240,317,200,243" oya="2" hai0="82,9,83,84,61,52,112,86,110,121,69,58,87" hai1="94,76,72,118,66,126,48,89,42,74,91,34,13" hai2="55,131,59,127,113,104,6,33,95,75,73,101,46" hai3="117,25,60,32,128,70,36,15,44,56,122,40,5"/><V0/><F113/><W16/><G122/><T116/><D112/><U20/><E34/><V129/><F104/><W19/><G117/><T4/><D121/><U26/><E126/><V29/><F46/><W57/><G128/><T68/><D116/><U114/><E114/><V27/><F127/><W102/><G102/><T65/><D110/><U14/><E118/><V49/><F6/><W115/><G115/><T124/><D124/><U30/><E74/><V106/><F95/><W71/><G5/><T93/><D93/><U18/><E72/><V134/><F0/><W85/><G85/><T97/><D97/><U109/><E109/><V130/><REACH who="2" step="1"/><F134/><REACH who="2" ten="240,317,190,243" step="2"/><W54/><G44/><T62/><REACH who="0" step="1"/><D68/><REACH who="0" ten="230,317,190,243" step="2"/><U125/><E125/><V31/><F31/><W53/><G71/><T81/><D81/><U8/><E30/><V78/><F78/><W123/><G70/><T23/><D23/><U24/><E76/><V37/><F37/><W119/><G36/><T35/><D35/><U3/><E20/><V39/><F39/><W21/><G32/><T50/><D50/><U79/><E48/><V133/><F133/><W92/><G123/><T43/><D43/><U111/><E42/><V103/><F103/><W77/><G40/><T22/><D22/><U108/><E79/><V67/><F67/><W88/><G77/><T38/><D38/><U1/><E66/><V41/><F41/><W98/><G119/><T45/><D45/><U132/><E111/><V17/><F17/><W96/><G19/><T107/><D107/><U90/><E108/><V2/><F2/><AGARI ba="1,2" hai="2,4,9,52,58,61,62,65,69,82,83,84,86,87" machi="2" ten="40,5200,0" yaku="1,1,54,1,53,1" doraHai="120" doraHaiUra="51" who="0" fromWho="2" sc="230,75,317,0,190,-55,243,0" /><INIT seed="3,0,0,2,4,57" ten="305,317,135,243" oya="3" hai0="105,44,48,4,24,92,69,135,3,45,16,12,111" hai1="112,130,29,101,10,127,36,84,96,118,85,40,35" hai2="94,89,63,76,110,124,81,59,107,25,95,65,71" hai3="37,106,34,100,23,113,60,132,99,50,97,18,58"/><W78/><G113/><T83/><D105/><U13/><E112/><V1/><F107/><W0/><G37/><T47/><D69/><U93/><E130/><V121/><F1/><W46/><G34/><T86/><D111/><U82/><E127/><V43/><F124/><W73/><G0/><T88/><D135/><U119/><E36/><V27/><F110/><W131/><G132/><T70/><D70/><U51/><E35/><V6/><F6/><W11/><G11/><N who="0" m="6175" /><D3/><U122/><E29/><V123/><F43/><W19/><G131/><T116/><D4/><N who="1" m="3271" /><E122/><N who="2" m="46603" /><F71/><W62/><G99/><N who="0" m="57735" /><D24/><N who="2" m="9290" /><F89/><W64/><G73/><AGARI ba="0,0" hai="59,63,65,73,76,81,94,95" m="9290,46603" machi="73" ten="30,2000,0" yaku="13,1,52,1" doraHai="57" who="2" fromWho="3" sc="305,0,317,0,135,20,243,-20" /><INIT seed="4,0,0,0,2,20" ten="305,317,155,223" oya="0" hai0="79,62,113,112,29,10,96,67,118,71,65,45,26" hai1="123,54,49,80,6,116,53,91,39,22,1,69,3" hai2="134,43,42,95,124,5,115,73,38,25,126,60,33" hai3="16,131,68,76,85,122,111,8,50,59,17,98,28"/><T117/><D79/><U93/><E123/><V61/><F73/><W125/><G111/><T15/><D67/><U30/><E116/><V47/><F5/><W51/><G122/><T108/><D45/><U72/><E69/><V31/><F115/><N who="0" m="44106" /><D96/><U41/><E39/><V90/><F43/><W97/><G68/><T106/><D106/><U81/><E72/><V44/><F44/><W57/><G76/><T121/><D121/><U74/><E74/><V66/><F134/><W64/><G85/><T27/><D108/><U52/><E6/><V40/><F40/><W114/><G114/><T56/><D56/><U99/><E3/><V105/><F105/><W103/><G64/><T107/><D107/><U82/><E1/><V86/><REACH who="2" step="1"/><F66/><REACH who="2" ten="305,317,145,223" step="2"/><W23/><G59/><T109/><D109/><U94/><E41/><V78/><F78/><W37/><G57/><T32/><D118/><U18/><E49/><V14/><F14/><W132/><G51/><T135/><D135/><U12/><E54/><V11/><F11/><W127/><G50/><T119/><D119/><U36/><E36/><V88/><F88/><W24/><G37/><T58/><D117/><U77/><E77/><V9/><F9/><W21/><G132/><T89/><D89/><N who="1" m="55727" /><E53/><V19/><F19/><W120/><G120/><T70/><D71/><U133/><E133/><V35/><F35/><W13/><G103/><T87/><D70/><U55/><E30/><V110/><F110/><W2/><G2/><T101/><D29/><U92/><E91/><V83/><F83/><W100/><G28/><N who="0" m="19479" /><D101/><U130/><E55/><RYUUKYOKU ba="0,1" sc="305,-10,317,-10,145,30,223,-10" hai2="25,31,33,38,42,47,60,61,86,90,95,124,126" /><INIT seed="5,1,1,1,4,101" ten="295,307,175,213" oya="1" hai0="0,36,18,86,68,38,118,84,88,71,33,74,126" hai1="103,66,123,100,27,85,83,87,69,128,94,32,43" hai2="114,4,13,93,54,96,107,89,35,31,75,72,57" hai3="42,15,116,21,48,55,47,29,132,102,52,78,133"/><U92/><E123/><V63/><F114/><W60/><G116/><T28/><D18/><U44/><E128/><V22/><F35/><W127/><G78/><T76/><D0/><U115/><E115/><V59/><F4/><W98/><G127/><T130/><D28/><U58/><E69/><V91/><F91/><W61/><G61/><T19/><D19/><U62/><E32/><V10/><F57/><W65/><G15/><T24/><D24/><U2/><E2/><V82/><F82/><W9/><G9/><T17/><D17/><U41/><E27/><V106/><F31/><W108/><G108/><T135/><D33/><U105/><E105/><V53/><F22/><W50/><G21/><T37/><D76/><N who="1" m="46311" /><E44/><V73/><REACH who="2" step="1"/><F53/><REACH who="2" ten="295,307,165,213" step="2"/><W30/><G30/><T6/><D6/><U23/><E23/><V26/><F26/><W64/><G29/><T25/><D25/><U134/><E58/><V125/><F125/><W95/><G55/><T79/><D126/><U51/><E100/><V131/><F131/><W117/><G117/><T97/><D130/><U14/><E103/><V121/><F121/><W129/><G129/><T104/><D118/><U46/><E14/><V80/><F80/><W3/><G3/><T12/><D12/><U40/><E46/><V120/><F120/><W99/><G52/><T49/><D88/><U16/><E16/><V5/><AGARI ba="1,2" hai="5,10,13,54,59,63,72,73,75,89,93,96,106,107" machi="5" ten="30,7900,0" yaku="1,1,0,1,52,2,53,0" doraHai="101" doraHaiUra="77" who="2" fromWho="2" sc="295,-21,307,-40,165,102,213,-21" /><INIT seed="6,0,0,5,4,77" ten="274,267,267,192" oya="2" hai0="130,122,127,78,65,102,119,111,82,7,48,60,57" hai1="17,124,118,73,10,28,41,22,80,1,81,24,74" hai2="84,58,66,128,6,132,3,62,47,83,34,61,42" hai3="116,46,0,49,86,107,133,126,131,72,134,21,39"/><V64/><F34/><W4/><G116/><T93/><D122/><U20/><E118/><V105/><F105/><W51/><G107/><T12/><D119/><U37/><E124/><V26/><F128/><W99/><G126/><T25/><D127/><U85/><E37/><V54/><F132/><W106/><G72/><T40/><D111/><U36/><E36/><V94/><F94/><W31/><G131/><T19/><D130/><U76/><E41/><V38/><F26/><W92/><G39/><T70/><D25/><U114/><E114/><V88/><REACH who="2" step="1"/><F62/><REACH who="2" ten="274,267,257,192" step="2"/><W35/><G106/><T15/><D93/><U115/><E115/><V50/><F50/><W11/><G35/><T109/><D48/><U69/><E24/><V5/><F5/><W56/><G51/><T96/><D7/><U8/><E28/><V71/><F71/><W108/><G31/><T112/><D70/><U53/><E69/><V120/><F120/><W121/><G49/><T91/><D60/><U110/><E110/><V100/><F100/><W29/><G29/><T104/><D102/><U123/><E17/><V117/><F117/><W18/><G18/><T16/><D16/><U113/><E123/><V87/><F87/><W75/><G86/><T90/><D19/><U27/><E113/><V2/><F2/><W32/><G0/><T55/><D112/><U97/><E27/><V95/><F95/><W9/><G92/><T67/><D104/><U79/><E1/><V33/><F33/><W59/><G108/><T103/><D109/><U135/><E85/><V13/><F13/><W23/><G121/><RYUUKYOKU ba="0,1" sc="274,-10,267,-10,257,30,192,-10" hai2="3,6,38,42,47,54,58,61,64,66,83,84,88" /><INIT seed="6,1,1,3,0,101" ten="264,257,287,182" oya="2" hai0="60,67,102,55,94,89,48,59,65,98,41,39,123" hai1="18,108,132,109,129,49,46,62,77,31,21,95,53" hai2="118,44,124,63,90,22,135,85,91,106,112,92,54" hai3="105,97,115,24,34,130,37,38,11,83,122,29,74"/><V6/><F118/><W68/><G122/><T47/><D123/><U2/><E2/><V131/><F112/><W12/><G130/><T23/><D39/><U36/><E129/><V4/><F106/><W70/><G12/><T51/><D51/><U99/><E132/><V28/><F135/><W40/><G11/><T121/><D121/><U81/><E31/><V56/><F124/><W58/><G58/><T15/><D15/><U8/><E8/><V19/><F28/><W126/><G126/><T100/><D23/><U33/><E33/><V57/><F44/><N who="3" m="23567" /><G38/><T120/><D120/><U16/><E36/><V20/><F20/><W3/><G3/><T79/><D79/><U133/><E133/><V119/><F119/><W14/><G14/><T103/><AGARI ba="1,1" hai="41,47,48,55,59,60,65,67,89,94,98,100,102,103" machi="103" ten="30,2000,0" yaku="0,1,8,1" doraHai="101" who="0" fromWho="0" sc="264,33,257,-6,287,-11,182,-6" /><INIT seed="7,0,0,4,5,102" ten="297,251,276,176" oya="3" hai0="35,85,130,60,125,104,15,38,37,54,82,118,70" hai1="86,55,34,6,31,27,45,9,61,24,73,58,52" hai2="28,76,116,21,110,89,66,51,53,135,77,123,49" hai3="33,36,47,112,72,20,19,17,64,16,1,8,42"/><W80/><G112/><T109/><D109/><U83/><E73/><V87/><F110/><W129/><G129/><T13/><D118/><U101/><E24/><N who="2" m="16399" /><F116/><W29/><G64/><T114/><D130/><U30/><E30/><V63/><F135/><W2/><G33/><T95/><D35/><U78/><E101/><V43/><F43/><W103/><G103/><T90/><D104/><U92/><E92/><V14/><F14/><W75/><G75/><T134/><D134/><U22/><E34/><V131/><F131/><W96/><G96/><T46/><D114/><U124/><E124/><V128/><F128/><W115/><G115/><T10/><D15/><U93/><E93/><N who="2" m="54463" /><F123/><W44/><G44/><T26/><D26/><U62/><E45/><N who="2" m="27823" /><F51/><W94/><G94/><T50/><D125/><U119/><E119/><V0/><F0/><W74/><G74/><T84/><D60/><U4/><E9/><V25/><F25/><W97/><G97/><T71/><D70/><U48/><E48/><V108/><F108/><W65/><G65/><T68/><D71/><U100/><E100/><V98/><F98/><W3/><G29/><T122/><D68/><U121/><E121/><V106/><F106/><W81/><G20/><T40/><D122/><U5/><E62/><V41/><F41/><W127/><G127/><T107/><D107/><U91/><E55/><V18/><F18/><N who="3" m="7275" /><G72/><T133/><D133/><U99/><E99/><V11/><F11/><W12/><G8/><T111/><D111/><U67/><E67/><V88/><F66/><W7/><G19/><N who="0" m="8631" /><D40/><U69/><E69/><RYUUKYOKU ba="0,0" sc="297,10,251,10,276,-30,176,10" hai0="37,38,46,50,54,82,84,85,90,95" hai1="4,5,6,22,27,31,52,58,61,78,83,86,91" hai3="1,2,3,7,12,36,42,47,80,81" /><INIT seed="7,1,0,5,2,101" ten="307,261,246,186" oya="3" hai0="13,113,99,18,52,133,72,104,0,74,93,40,47" hai1="1,36,21,118,135,106,102,109,5,35,63,15,67" hai2="60,54,81,27,90,49,73,98,56,20,112,85,29" hai3="44,10,103,121,111,11,117,45,66,2,8,75,7"/><W84/><G121/><T39/><D0/><U38/><E109/><V100/><F112/><W25/><G117/><T65/><D104/><U57/><E35/><V69/><F73/><W32/><G111/><T59/><D65/><U4/><E1/><V86/><F86/><W53/><G75/><T3/><D3/><U61/><E135/><V82/><F82/><W70/><G84/><T88/><D113/><U114/><E114/><V115/><F115/><W62/><G103/><T79/><D79/><U34/><E34/><V134/><F134/><W108/><G108/><T43/><D43/><U119/><E63/><V16/><F69/><W78/><G78/><T31/><D31/><U87/><E87/><V126/><F126/><W91/><G91/><T22/><D133/><U129/><E38/><V55/><F29/><W19/><G45/><T51/><AGARI ba="1,0" hai="13,18,22,39,40,47,51,52,59,72,74,88,93,99" machi="51" ten="20,5200,0" yaku="0,1,7,1,54,2" doraHai="101" who="0" fromWho="0" sc="307,55,261,-14,246,-14,186,-27" owari="362,46.0,247,5.0,232,-17.0,159,-34.0" /></mjloggm>