<mjloggm ver="2.3"><GO type="169" lobby="0"/><UN n0="%72%52%66%44%79%55%66" n1="%E6%9C%A8%E6%BC%8F%E3%82%8C%E6%97%A5" n2="%E6%B2%B3%E5%B6%8B%4B%4B" n3="%E2%80%A0%E6%B0%B4%E9%8A%80%E7%87%88%E2%80%A0" dan="16,17,19,16" rate="2110.03,2190.11,2288.75,2154.16" sx="M,M,M,F"/><TAIKYOKU oya="0"/><INIT seed="0,0,0,4,1,30" ten="250,250,250,250" oya="0" hai0="52,81,115,103,134,19,40,60,111,55,15,62,49" hai1="86,16,106,135,102,67,26,105,88,112,125,80,41" hai2="54,113,108,48,77,38,3,70,94,5,59,107,124" hai3="65,61,85,119,101,20,37,46,93,10,132,78,27"/><T130/><D130/><U12/><E125/><V6/><F107/><W69/><G119/><T21/><D134/><U35/><E135/><V72/><F113/><W17/><G132/><T91/><D115/><U14/><E112/><V126/><F108/><W100/><G10/><T43/><D111/><U31/><E41/><N who="0" m="15945" /><D103/><U2/><E2/><V9/><F38/><W33/><G37/><T53/><D49/><U90/><E14/><V51/><F70/><W39/><G39/><T79/><D79/><U118/><E118/><V1/><F72/><W32/><G46/><T50/><D50/><U28/><E28/><V120/><F77/><W110/><G110/><T95/><D81/><U116/><E116/><V127/><F120/><W133/><G133/><T121/><D121/><U45/><E45/><V71/><F71/><W75/><G75/><T82/><D82/><U7/><E7/><V47/><F94/><W18/><G18/><T34/><D34/><U23/><E102/><V96/><F96/><AGARI ba="0,0" hai="15,19,21,52,53,55,60,62,91,95,96" m="15945" machi="96" ten="30,2900,0" yaku="8,1,54,1" doraHai="30" who="0" fromWho="2" sc="250,29,250,0,250,-29,250,0" /><INIT seed="0,1,0,0,1,47" ten="279,250,221,250" oya="0" hai0="57,2,99,90,117,38,132,96,18,15,53,86,8" hai1="29,104,87,89,11,30,31,123,121,108,54,114,69" hai2="128,83,48,1,0,9,50,63,124,112,26,78,77" hai3="94,66,16,129,7,28,122,21,59,135,12,116,97"/><T133/><D117/><U113/><E69/><V79/><F112/><N who="1" m="43113" /><E104/><V85/><F124/><W125/><G116/><T126/><D38/><U56/><E11/><V35/><F128/><W19/><G129/><T5/><D126/><U17/><E17/><V107/><F107/><W115/><G125/><T91/><D91/><U60/><E108/><V24/><F35/><W45/><G135/><N who="0" m="51787" /><D5/><U14/><E14/><V58/><F1/><W46/><G122/><T98/><D2/><U44/><E44/><V23/><F9/><N who="3" m="4159" /><G28/><N who="1" m="7170" /><U119/><DORA hai="100" /><E119/><V127/><F0/><W67/><G19/><T76/><D76/><N who="2" m="29290" /><F23/><W13/><G115/><T55/><D57/><U75/><E75/><V72/><F72/><W105/><G105/><T106/><D106/><U43/><E43/><V111/><F111/><W95/><G59/><T61/><D61/><U134/><E134/><V39/><F127/><W102/><G45/><T65/><D65/><U40/><E40/><V37/><F37/><W93/><G46/><T80/><AGARI ba="1,0" hai="8,15,18,53,55,80,86,90,96,98,99" m="51787" machi="80" ten="30,1500,0" yaku="20,1" doraHai="47,100" who="0" fromWho="0" sc="279,18,250,-6,221,-6,250,-6" /><INIT seed="0,2,0,3,2,110" ten="297,244,215,244" oya="0" hai0="49,131,116,94,109,34,113,65,133,57,130,18,77" hai1="3,13,123,93,69,64,97,121,31,14,98,83,75" hai2="17,122,76,95,82,47,114,21,44,90,104,29,54" hai3="15,27,45,72,74,66,50,1,16,89,79,25,59"/><T71/><D34/><U68/><E3/><V80/><F122/><W99/><G1/><T12/><D116/><U70/><E64/><V111/><F104/><W48/><G79/><T100/><D71/><U53/><E31/><V117/><F111/><W92/><G72/><T91/><D109/><U101/><E53/><V67/><F29/><W4/><G74/><T85/><D113/><U6/><E6/><V132/><F132/><W107/><G4/><T5/><D5/><U127/><E127/><V81/><F117/><W61/><G107/><T62/><D133/><U26/><E26/><V120/><F120/><W108/><G108/><T33/><D33/><U124/><E124/><V115/><F67/><W10/><REACH who="3" step="1"/><G50/><REACH who="3" ten="297,244,215,234" step="2"/><T9/><D77/><U0/><E0/><V56/><F76/><W84/><G84/><T24/><D49/><U19/><E75/><V73/><F73/><W88/><G88/><T7/><REACH who="0" step="1"/><D100/><REACH who="0" ten="287,244,215,234" step="2"/><U134/><E123/><V41/><F115/><W36/><G36/><T135/><D135/><U51/><E121/><V20/><F114/><W129/><G129/><T35/><D35/><U11/><E134/><V60/><F90/><W52/><AGARI ba="2,2" hai="10,15,16,25,27,45,48,52,59,61,66,89,92,99" machi="52" ten="20,12000,2" yaku="1,1,0,1,7,1,8,1,54,2,53,1" doraHai="110" doraHaiUra="43" who="3" fromWho="3" sc="287,-62,244,-32,215,-32,234,146" /><INIT seed="1,0,0,0,5,112" ten="225,212,183,380" oya="1" hai0="128,69,13,107,66,70,104,131,67,85,102,91,37" hai1="82,10,36,60,6,73,120,52,46,110,5,26,63" hai2="49,58,114,80,1,34,39,123,106,74,30,25,21" hai3="77,132,45,23,129,33,24,89,17,64,78,100,88"/><U72/><E120/><V32/><F123/><W0/><G0/><T44/><D13/><U54/><E26/><V79/><F114/><W90/><G132/><T126/><D126/><U134/><E134/><V2/><F39/><W101/><G129/><N who="0" m="49739" /><D102/><N who="3" m="39529" /><G33/><T113/><D113/><U96/><E96/><V108/><F106/><N who="0" m="40490" /><D44/><U35/><E35/><V50/><F108/><W41/><G64/><N who="0" m="24619" /><D37/><U28/><E36/><V65/><F2/><W7/><G7/><T135/><D135/><U12/><E46/><V105/><F1/><W98/><G98/><T84/><D91/><U130/><E130/><V3/><F3/><W122/><G122/><T81/><D81/><U47/><E82/><V29/><F105/><W125/><G125/><T71/><AGARI ba="0,0" hai="69,70,71,84,85" m="24619,40490,49739" machi="71" ten="40,5200,0" yaku="28,2,19,1" doraHai="112" who="0" fromWho="0" sc="225,52,212,-26,183,-13,380,-13" /><INIT seed="2,0,0,4,3,87" ten="277,186,170,367" oya="2" hai0="53,121,102,10,83,63,94,131,119,30,81,57,17" hai1="124,38,90,125,118,68,21,51,47,111,58,132,35" hai2="84,39,116,4,6,133,43,11,112,19,7,114,28" hai3="109,74,78,44,135,42,48,97,104,96,24,16,54"/><V12/><F116/><W72/><G109/><T14/><D131/><U66/><E35/><V5/><F133/><W105/><G135/><T15/><D121/><U34/><E34/><V82/><F28/><W67/><G67/><T45/><D119/><U80/><E132/><V36/><N who="2" m="1024" /><DORA hai="120" /><V77/><REACH who="2" step="1"/><F43/><REACH who="2" ten="277,186,160,367" step="2"/><W23/><G42/><T49/><D30/><U9/><E118/><V110/><F110/><W22/><G16/><T108/><D108/><U117/><E117/><V122/><F122/><W46/><G104/><T113/><D113/><AGARI ba="0,1" hai="11,12,19,36,39,77,82,84,112,113,114" m="1024" machi="113" ten="50,2400,0" yaku="1,1,53,0" doraHai="87,120" doraHaiUra="52,98" who="2" fromWho="0" sc="277,-24,186,0,160,34,367,0" /><INIT seed="2,1,0,2,0,121" ten="253,186,194,367" oya="2" hai0="45,44,89,3,123,27,38,111,130,71,70,56,24" hai1="9,74,84,30,69,114,81,105,80,41,83,86,54" hai2="18,102,103,129,1,75,20,98,126,108,109,85,62" hai3="122,66,77,112,16,133,91,93,36,22,119,110,19"/><V65/><F75/><W37/><G122/><T116/><D89/><U13/><E114/><V118/><F118/><W61/><G119/><T135/><D116/><U49/><E69/><N who="0" m="26121" /><D56/><U113/><E113/><V63/><F1/><W50/><G112/><T79/><D123/><U23/><E105/><V96/><F85/><W8/><G77/><T106/><D79/><U52/><E74/><V32/><F32/><W46/><G8/><T31/><D3/><U5/><E41/><V60/><F65/><W88/><G91/><T4/><D31/><U127/><E127/><V34/><F34/><W115/><G19/><T95/><D95/><U17/><E30/><V134/><F126/><W120/><G120/><T14/><D14/><U58/><REACH who="1" step="1"/><E54/><REACH who="1" ten="253,176,194,367" step="2"/><V26/><F134/><W40/><G133/><T100/><D135/><U64/><E64/><V73/><F73/><W107/><G107/><T125/><D125/><U47/><E47/><V12/><F129/><W53/><G53/><T57/><D45/><U117/><E117/><V104/><REACH who="2" step="1"/><F26/><AGARI ba="1,1" hai="5,9,13,17,23,26,49,52,58,80,81,83,84,86" machi="26" ten="40,5200,0" yaku="1,1,8,1,54,1,53,0" doraHai="121" doraHaiUra="99" who="1" fromWho="2" sc="253,0,176,65,194,-55,367,0" /><INIT seed="3,0,0,3,3,81" ten="253,241,139,367" oya="3" hai0="7,116,122,49,102,117,46,13,113,111,40,0,82" hai1="60,68,14,42,3,98,18,118,47,57,69,106,121" hai2="34,133,33,89,75,48,20,1,31,107,124,50,61" hai3="54,27,110,74,92,52,24,86,93,90,99,63,51"/><W72/><G110/><T115/><D111/><U100/><E3/><V78/><F1/><W29/><G63/><T73/><D122/><U77/><E121/><V2/><F2/><W4/><G4/><T119/><D0/><U35/><E35/><V84/><F107/><W45/><G54/><T25/><D102/><U65/><E77/><V97/><F97/><W88/><REACH who="3" step="1"/><G27/><REACH who="3" ten="253,241,139,357" step="2"/><T38/><D25/><U30/><E60/><V15/><F61/><W41/><G41/><T76/><REACH who="0" step="1"/><D38/><REACH who="0" ten="243,241,139,357" step="2"/><U105/><E118/><V87/><F133/><W129/><G129/><T10/><AGARI ba="0,2" hai="7,10,13,40,46,49,73,76,82,113,115,116,117,119" machi="10" ten="40,5200,0" yaku="1,1,2,1,0,1,53,0" doraHai="81" doraHaiUra="59" who="0" fromWho="0" sc="243,72,241,-13,139,-13,357,-26" /><INIT seed="4,0,0,2,4,91" ten="315,228,126,331" oya="0" hai0="125,63,14,121,52,131,115,119,30,58,104,19,64" hai1="130,99,33,51,120,16,25,23,18,31,101,96,93" hai2="114,92,70,110,27,46,83,79,116,57,129,28,105" hai3="86,49,21,127,11,1,133,107,44,98,0,6,103"/><T59/><D119/><U37/><E37/><V45/><F70/><W100/><G127/><T42/><D121/><U48/><E120/><V24/><F105/><W36/><G133/><T80/><D115/><U126/><E126/><V40/><F110/><W54/><G36/><T66/><D131/><U111/><E111/><V77/><F114/><W89/><G100/><T5/><D125/><U84/><E130/><V47/><F129/><W123/><G123/><T134/><D104/><U124/><E124/><V67/><F116/><W135/><G135/><T41/><D5/><U97/><E18/><V122/><F122/><W50/><G21/><T17/><D30/><U128/><E128/><V39/><F79/><W60/><G60/><N who="0" m="37911" /><D134/><U132/><E132/><V75/><F27/><W61/><G61/><N who="0" m="36071" /><D80/><U76/><E33/><V53/><F67/><W12/><REACH who="3" step="1"/><G50/><REACH who="3" ten="315,228,126,321" step="2"/><N who="1" m="18986" /><E31/><V78/><F39/><W10/><G10/><T68/><D63/><U2/><E2/><V56/><F53/><W109/><G109/><T55/><D55/><U112/><E112/><V73/><F40/><W32/><G32/><T8/><D66/><U118/><E118/><V81/><F28/><W88/><G88/><T102/><D102/><U72/><E101/><V20/><F20/><W71/><G71/><T106/><D68/><U15/><E23/><V117/><F117/><W113/><G113/><T43/><D106/><U94/><E25/><V90/><REACH who="2" step="1"/><F24/><REACH who="2" ten="315,228,116,321" step="2"/><W108/><G108/><T3/><D3/><U87/><E76/><V82/><F82/><AGARI ba="0,2" hai="0,1,6,11,12,44,49,54,82,86,89,98,103,107" machi="82" ten="30,2000,0" yaku="1,1,7,1,53,0" doraHai="91" doraHaiUra="13" who="3" fromWho="2" sc="315,0,228,0,116,-20,321,40" /><INIT seed="5,0,0,1,3,99" ten="315,228,96,361" oya="1" hai0="45,116,70,46,117,24,19,124,115,29,56,3,62" hai1="90,50,11,135,23,9,76,104,6,30,38,26,121" hai2="97,66,16,111,129,35,2,42,22,132,67,113,44" hai3="127,101,52,80,130,102,91,94,25,53,54,5,36"/><U13/><E38/><V63/><F111/><W110/><G110/><T133/><D115/><U8/><E121/><V10/><F35/><W69/><G69/><T7/><D70/><U79/><E135/><V126/><F132/><W43/><G127/><T92/><D133/><U88/><E104/><V48/><F126/><W128/><G5/><T60/><D124/><U114/><E114/><V64/><F113/><W103/><G80/><T34/><D19/><U28/><E28/><V59/><F129/><N who="3" m="49771" /><G25/><T112/><D112/><U41/><E6/><V18/><F2/><W39/><G43/><T32/><D32/><U89/><E13/><V100/><F10/><W93/><G93/><T72/><D72/><U49/><REACH who="1" step="1"/><E41/><REACH who="1" ten="315,218,96,361" step="2"/><V58/><F58/><W123/><G123/><T15/><D15/><U98/><E98/><AGARI ba="0,1" hai="36,39,52,53,54,91,94,98,101,102,103" m="49771" machi="98" ten="40,8000,1" yaku="19,1,52,3,54,1" doraHai="99" who="3" fromWho="1" sc="315,0,218,-80,96,0,361,90" /><INIT seed="6,0,0,1,2,60" ten="315,138,96,451" oya="2" hai0="129,11,48,117,66,30,70,81,80,131,102,64,108" hai1="43,88,94,126,89,0,31,24,99,19,134,79,39" hai2="10,61,97,93,95,8,65,49,115,5,44,71,12" hai3="100,82,91,27,1,76,67,7,58,13,9,51,46"/><V98/><F115/><W130/><G130/><N who="0" m="49675" /><D108/><U32/><E0/><V59/><F71/><W110/><G110/><T62/><D117/><U77/><E126/><V116/><F116/><W125/><G125/><T16/><D30/><U3/><E3/><V26/><F10/><W133/><G133/><T40/><D102/><U37/><E134/><V84/><F26/><W106/><G91/><T113/><D113/><U22/><E89/><V127/><F127/><W104/><G100/><T111/><D111/><U41/><E39/><V47/><F84/><W25/><G1/><T121/><D121/><U14/><REACH who="1" step="1"/><E37/><REACH who="1" ten="315,128,96,451" step="2"/><V15/><F15/><W135/><G135/><T74/><D74/><U78/><AGARI ba="0,1" hai="14,19,22,24,31,32,41,43,77,78,79,88,94,99" machi="78" ten="30,8000,1" yaku="1,1,2,1,0,1,54,1,53,1" doraHai="60" doraHaiUra="92" who="1" fromWho="1" sc="315,-20,128,90,96,-40,451,-20" /><INIT seed="7,0,0,4,5,118" ten="295,218,56,431" oya="3" hai0="14,24,60,53,117,63,73,135,58,8,38,67,40" hai1="120,32,99,6,84,26,104,95,36,69,13,111,15" hai2="16,47,112,85,59,106,17,7,43,94,33,76,79" hai3="48,97,0,3,57,101,30,37,124,122,121,123,77"/><W134/><G37/><T65/><D117/><U71/><E36/><V23/><F33/><W88/><G77/><T9/><D73/><U87/><E104/><V51/><F112/><W1/><G134/><T109/><D109/><U20/><E32/><V114/><F114/><W74/><G74/><T64/><D135/><U93/><E111/><V72/><F106/><W98/><G30/><T52/><D24/><U90/><E120/><V107/><F107/><W89/><G124/><T133/><D133/><U83/><E71/><V66/><F72/><W29/><G29/><T21/><D40/><U49/><E69/><V55/><F66/><W80/><G80/><T110/><D38/><U81/><E49/><V54/><F54/><W78/><G78/><T31/><D110/><U56/><E56/><V34/><F34/><W27/><G27/><N who="0" m="16879" /><D14/><U61/><E61/><V2/><F7/><W115/><G115/><T108/><D108/><U132/><E6/><V113/><F2/><W45/><G57/><AGARI ba="0,0" hai="8,9,52,53,57,58,60,63,64,65,67" m="16879" machi="57" ten="30,2000,0" yaku="8,1,54,1" doraHai="118" who="0" fromWho="3" sc="295,20,218,0,56,0,431,-20" owari="315,12.0,218,-18.0,56,-44.0,411,50.0" /></mjloggm>