<mjloggm ver="2.3"><GO type="225" lobby="0"/><UN n0="%5C%E3%81%AF%E3%81%A1%E3%81%8D%E3%82%87%E3%81%86%2F" n1="%E6%9D%A5%E9%80%B1%E3%81%AE%E7%B3%B8%E4%BA%95" n2="%E3%81%82%E3%81%9A%E3%81%8D%E3%81%82%E3%81%9A%E3%81%95" n3="%E5%A4%A7%E5%AE%AE%E5%BF%8D%76" dan="16,16,16,17" rate="2088.82,2149.03,2120.33,2212.50" sx="M,M,M,M"/><TAIKYOKU oya="0"/><INIT seed="0,0,0,0,5,98" ten="250,250,250,250" oya="0" hai0="28,130,33,25,81,56,24,128,135,100,93,39,83" hai1="91,110,15,5,76,119,4,111,66,20,19,121,72" hai2="26,95,7,55,86,122,90,120,115,70,114,77,45" hai3="105,1,127,32,42,78,65,49,68,84,38,131,12"/><T8/><D39/><U113/><E119/><V61/><F7/><W2/><G32/><T30/><D135/><U64/><E121/><V132/><F132/><W13/><G38/><T54/><D8/><U129/><E129/><V75/><F70/><W102/><G65/><N who="1" m="25194" /><E113/><V134/><F134/><W17/><G68/><T48/><D128/><U16/><E91/><V107/><F107/><W125/><G131/><T97/><REACH who="0" step="1"/><D130/><REACH who="0" ten="240,250,250,250" step="2"/><U57/><E5/><V46/><F115/><W44/><G1/><T89/><D89/><U43/><E4/><V79/><F90/><W117/><G2/><T53/><D53/><U126/><E111/><V18/><F55/><W123/><G117/><T62/><D62/><U60/><E60/><V67/><F61/><W35/><G123/><T69/><D69/><U27/><E110/><V50/><F114/><W47/><G125/><T133/><D133/><U109/><E126/><V101/><F120/><W116/><G127/><T85/><D85/><U52/><E109/><V92/><F86/><W10/><G116/><T99/><D99/><U34/><E72/><V58/><F75/><W37/><G84/><T6/><D6/><U23/><E43/><V40/><F40/><W22/><G37/><T63/><D63/><U9/><E9/><V80/><F122/><W71/><G71/><T104/><D104/><U96/><E96/><V103/><F67/><W31/><G105/><T3/><D3/><U73/><E73/><V14/><F50/><W11/><G49/><T41/><D41/><U112/><E112/><V87/><F87/><W74/><G42/><RYUUKYOKU ba="0,1" sc="240,30,250,-10,250,-10,250,-10" hai0="24,25,28,30,33,48,54,56,81,83,93,97,100" /><INIT seed="0,1,1,5,4,132" ten="270,240,240,240" oya="0" hai0="11,42,40,124,18,6,61,54,12,71,112,33,10" hai1="102,27,135,94,123,99,85,53,80,66,93,86,56" hai2="122,106,104,77,15,0,48,72,36,97,125,3,79" hai3="65,25,75,4,67,64,38,50,43,87,46,109,84"/><T130/><D112/><U92/><E135/><V121/><F36/><W91/><G75/><T28/><D130/><U119/><E123/><V45/><F15/><W76/><G109/><T59/><D71/><U5/><E119/><V1/><F72/><W8/><G25/><T74/><D74/><U95/><E5/><V63/><F63/><W70/><G70/><T133/><D133/><U19/><E66/><V49/><F45/><W31/><G31/><T30/><D33/><U134/><E134/><V100/><F1/><W96/><G38/><T69/><D69/><U41/><E41/><N who="0" m="15977" /><D124/><U20/><REACH who="1" step="1"/><E80/><REACH who="1" ten="270,230,240,240" step="2"/><V88/><F121/><W16/><G4/><T9/><D6/><U98/><E98/><V115/><F97/><W90/><G96/><T128/><D128/><U116/><E116/><V101/><F122/><W108/><G108/><T32/><D32/><U68/><E68/><V26/><F115/><W129/><G129/><T13/><D12/><U39/><E39/><V37/><F37/><W127/><G127/><T126/><D126/><U117/><E117/><V2/><F125/><W44/><G43/><T73/><D73/><U22/><E22/><AGARI ba="1,2" hai="9,10,11,13,18,22,28,30,54,59,61" m="15977" machi="22" ten="30,1500,0" yaku="8,1" doraHai="132" who="0" fromWho="1" sc="270,38,230,-18,240,0,240,0" /><INIT seed="0,2,0,0,5,112" ten="308,212,240,240" oya="0" hai0="15,48,5,118,74,3,46,34,49,21,75,8,13" hai1="98,124,57,84,38,127,68,50,113,71,32,22,129" hai2="4,85,90,135,104,62,23,26,11,17,72,55,14" hai3="6,1,114,101,12,87,60,33,65,70,108,89,58"/><T105/><D105/><U86/><E32/><V122/><F135/><W2/><G114/><T119/><D34/><U121/><E38/><V103/><F122/><W39/><G39/><T79/><D49/><U36/><E36/><V44/><F72/><W116/><G116/><T95/><D95/><U78/><E121/><V63/><F103/><W42/><G42/><T54/><D3/><U51/><E129/><V77/><F77/><W59/><G33/><T9/><D21/><U27/><E98/><V16/><F104/><W29/><G29/><T67/><D67/><U80/><E113/><V109/><F4/><W53/><G101/><T115/><D115/><U37/><E37/><V41/><F109/><W40/><G40/><T25/><D25/><U128/><E128/><V0/><F41/><W81/><G108/><T35/><D35/><U18/><E86/><V76/><F76/><W43/><G43/><T111/><D111/><U94/><E94/><N who="2" m="54607" /><F0/><W131/><G131/><T130/><D130/><U30/><E30/><V24/><F24/><W99/><G99/><T73/><REACH who="0" step="1"/><D79/><REACH who="0" ten="298,212,240,240" step="2"/><U83/><E78/><V7/><F62/><N who="3" m="36175" /><G1/><T91/><D91/><U69/><E51/><N who="2" m="29159" /><F63/><W10/><G2/><T97/><D97/><U19/><E50/><V52/><F26/><W123/><G123/><T126/><D126/><U96/><E127/><V28/><F23/><W31/><G31/><T107/><D107/><U93/><E22/><V88/><F88/><W61/><G61/><T100/><D100/><U45/><E124/><V20/><F28/><W117/><G70/><N who="1" m="17922" /><U133/><DORA hai="120" /><E27/><RYUUKYOKU ba="2,1" sc="298,15,212,-15,240,-15,240,15" hai0="5,8,9,13,15,46,48,54,73,74,75,118,119" hai3="6,10,12,59,60,65,81,87,89,117" /><INIT seed="0,3,1,1,1,91" ten="313,197,225,255" oya="0" hai0="71,82,114,93,85,37,32,125,64,4,63,58,131" hai1="45,121,97,95,38,61,36,86,55,103,11,113,94" hai2="22,135,128,62,16,127,20,44,78,46,130,119,120" hai3="70,59,69,81,27,104,19,56,7,72,9,80,43"/><T2/><D114/><U8/><E121/><V10/><F120/><W47/><G104/><T15/><D32/><U109/><E113/><V67/><F127/><W101/><G101/><T116/><D116/><U87/><E109/><V54/><F119/><W126/><G126/><T17/><D125/><U90/><E38/><V88/><F78/><W14/><G69/><T41/><D131/><N who="2" m="50218" /><F135/><W83/><G70/><T24/><D71/><U25/><E36/><V107/><F107/><W134/><G134/><T99/><D2/><U40/><E40/><V76/><F76/><W26/><G72/><T98/><D37/><U53/><E25/><N who="3" m="9226" /><G19/><T110/><D110/><U52/><E45/><N who="2" m="17515" /><F54/><N who="1" m="21097" /><E86/><V118/><F118/><W129/><G129/><T74/><D41/><U106/><E106/><V35/><F35/><W42/><G42/><T111/><D74/><U6/><E6/><V79/><F79/><W13/><G13/><T124/><D111/><U117/><E117/><V51/><F51/><AGARI ba="3,1" hai="7,9,14,43,47,51,56,59,80,81,83" m="9226" machi="51" ten="30,1000,0" yaku="8,1" doraHai="91" who="3" fromWho="2" sc="313,0,197,0,225,-19,255,29" /><INIT seed="1,0,0,5,2,122" ten="313,197,206,284" oya="1" hai0="17,108,67,29,46,80,25,109,3,119,74,11,44" hai1="13,114,88,102,92,124,59,12,18,9,36,117,96" hai2="7,134,58,28,61,6,48,53,56,52,5,20,41" hai3="30,98,132,27,10,112,128,97,33,65,123,21,110"/><U111/><E117/><V113/><F134/><W131/><G112/><T57/><D119/><U23/><E114/><V94/><F113/><W14/><G123/><T87/><D74/><U116/><E116/><V1/><F1/><W72/><G72/><T60/><D3/><U47/><E124/><V107/><F107/><W54/><G132/><T19/><D44/><U99/><E111/><N who="0" m="42569" /><D46/><U115/><E115/><V75/><F75/><W121/><G121/><T100/><D11/><U77/><E77/><V95/><REACH who="2" step="1"/><F41/><REACH who="2" ten="313,197,196,284" step="2"/><W51/><G110/><T130/><D130/><U62/><E36/><V69/><F69/><W120/><G120/><T70/><D70/><U85/><E47/><V40/><F40/><W126/><G131/><T73/><D73/><U32/><E32/><V90/><F90/><W49/><G33/><N who="0" m="20655" /><D100/><U22/><E102/><V63/><F63/><W8/><G128/><T55/><D67/><N who="1" m="39391" /><E23/><V127/><F127/><W4/><G126/><T71/><D71/><U79/><E79/><AGARI ba="0,1" hai="17,19,55,57,60,79,80,87" m="20655,42569" machi="79" ten="30,7700,0" yaku="14,1,52,3" doraHai="122" who="0" fromWho="1" sc="313,87,197,-77,196,0,284,0" /><INIT seed="2,0,0,0,5,102" ten="400,120,196,284" oya="2" hai0="81,58,64,25,109,134,121,99,92,113,65,72,133" hai1="33,4,114,3,77,56,54,122,100,93,69,62,95" hai2="34,38,53,118,30,10,41,29,123,47,35,73,89" hai3="103,74,22,117,12,55,43,67,119,1,97,52,16"/><V125/><F118/><W115/><G74/><T76/><D113/><U86/><E114/><V14/><F123/><W31/><G115/><T124/><D121/><U101/><E33/><V19/><F125/><W2/><G43/><T129/><D124/><U106/><E122/><V60/><F73/><W45/><G1/><T44/><D109/><U94/><E69/><V8/><F8/><W63/><G2/><T0/><D0/><U70/><E70/><V68/><F89/><W57/><G117/><T66/><D129/><U28/><E28/><V21/><F21/><W98/><G98/><T130/><D130/><U39/><E39/><V50/><F34/><W37/><G119/><T79/><D79/><U71/><E71/><V9/><F9/><W127/><G127/><T23/><D44/><U135/><E135/><N who="0" m="51721" /><D58/><U5/><E3/><V131/><F35/><W104/><G37/><T85/><D72/><U18/><E18/><V6/><F6/><W83/><G45/><T84/><D84/><U126/><E126/><V105/><F47/><W46/><G46/><T128/><D128/><U51/><E51/><V82/><F50/><W90/><REACH who="3" step="1"/><G31/><REACH who="3" ten="400,120,196,274" step="2"/><N who="0" m="17855" /><D66/><U78/><E86/><AGARI ba="0,1" hai="12,16,22,52,55,57,63,67,83,86,90,97,103,104" machi="86" ten="40,8000,1" yaku="1,1,52,1,54,2,53,1" doraHai="102" doraHaiUra="61" who="3" fromWho="1" sc="400,0,120,-80,196,0,274,90" /><INIT seed="3,0,0,3,3,107" ten="400,40,196,364" oya="3" hai0="95,88,30,89,56,22,67,43,130,0,82,97,47" hai1="14,96,53,29,75,114,17,28,61,9,36,6,25" hai2="12,93,33,38,108,78,120,71,112,23,10,131,65" hai3="87,121,98,68,127,79,66,113,48,1,57,83,35"/><W31/><G113/><T40/><D0/><U110/><E36/><V2/><F93/><W90/><G121/><T77/><D130/><U18/><E114/><V51/><F51/><W73/><G1/><T76/><D30/><U45/><E110/><V41/><F41/><N who="0" m="15946" /><D22/><U115/><E115/><V135/><F23/><W85/><G68/><T134/><D134/><U21/><E75/><V70/><F10/><W32/><G127/><T34/><D34/><U125/><E125/><V13/><F12/><W37/><G37/><T74/><D74/><U117/><E117/><V81/><F13/><W11/><G11/><T20/><D20/><U39/><E39/><V50/><F50/><W84/><G31/><T124/><D124/><U7/><E45/><V118/><F81/><W116/><G116/><T62/><D47/><U109/><E109/><V60/><F38/><W100/><G90/><T119/><D119/><U105/><E105/><V63/><F108/><W129/><G129/><T15/><D15/><U5/><E96/><V4/><F112/><W8/><G8/><T44/><D44/><U58/><E29/><V122/><F122/><W111/><G111/><T104/><D104/><U99/><E99/><V46/><F46/><W72/><G72/><T24/><D24/><U3/><REACH who="1" step="1"/><E18/><REACH who="1" ten="400,30,196,364" step="2"/><V54/><F120/><W86/><G73/><T26/><D97/><U55/><E55/><V91/><F54/><N who="3" m="31943" /><G66/><T27/><D67/><U49/><E49/><V42/><F65/><W69/><G69/><T94/><D76/><U59/><E59/><V102/><F71/><W80/><G80/><RYUUKYOKU ba="0,1" sc="400,-15,30,15,196,-15,364,15" hai1="3,5,6,7,9,14,17,21,25,28,53,58,61" hai3="32,35,79,83,84,85,86,87,98,100" /><INIT seed="3,1,1,3,3,94" ten="385,45,181,379" oya="3" hai0="88,124,34,135,102,59,120,69,86,58,0,14,113" hai1="101,15,22,16,68,52,12,74,111,35,29,105,118" hai2="62,90,119,131,26,70,123,56,10,106,126,49,45" hai3="89,97,48,125,121,116,129,134,95,40,27,18,80"/><W84/><G116/><T112/><D0/><U17/><E74/><V38/><F90/><W107/><G121/><T13/><D120/><U53/><E68/><V50/><F26/><W117/><G117/><T47/><D135/><U37/><E118/><V99/><F10/><W82/><G134/><T4/><D124/><U46/><E111/><V55/><F99/><W1/><G1/><T25/><D69/><U110/><E110/><V23/><F23/><N who="3" m="13815" /><G107/><T43/><D102/><U115/><E115/><N who="0" m="44105" /><D25/><U91/><E29/><V77/><F77/><W3/><G3/><T104/><D34/><U100/><E35/><V127/><F106/><W21/><G125/><T31/><D31/><U87/><E37/><V73/><F73/><W2/><G2/><T128/><D128/><U19/><E19/><V32/><F32/><W92/><G129/><T79/><D79/><U64/><E64/><V33/><F33/><W54/><G40/><T133/><D104/><U72/><E72/><V36/><F131/><W11/><G11/><N who="0" m="4327" /><D14/><U93/><E105/><V63/><F123/><W7/><G7/><T75/><D75/><U122/><E122/><V108/><F108/><W98/><G21/><T60/><D60/><U57/><E46/><V20/><F20/><W76/><G76/><T67/><D67/><U6/><E6/><V78/><F78/><W81/><G95/><N who="0" m="54679" /><D133/><U114/><E114/><V44/><F119/><W65/><G65/><T71/><D71/><U8/><REACH who="1" step="1"/><E53/><REACH who="1" ten="385,35,181,379" step="2"/><N who="2" m="31799" /><F70/><W103/><G103/><T51/><AGARI ba="1,2" hai="43,47,51,58,59" m="54679,4327,44105" machi="51" ten="30,2000,0" yaku="11,1,54,1" doraHai="94" who="0" fromWho="0" sc="385,43,35,-6,181,-6,379,-11" owari="428,52.0,29,-47.0,175,-22.0,368,17.0" /></mjloggm>