<mjloggm ver="2.3"><GO type="169" lobby="0"/><UN n0="%E3%82%8F%E3%81%A3%E3%81%97%E3%82%87%E3%81%84%E5%90%9B%32%E5%8F%B7" n1="%E5%AE%89%E8%89%AF%E5%B2%A1%E8%8A%B1%E7%81%AB" n2="%E6%9C%A8%E6%BC%8F%E3%82%8C%E6%97%A5" n3="%E3%81%8B%E3%81%A4%E3%81%A9%E3%82%93" dan="17,16,17,17" rate="2238.62,2085.89,2188.09,2248.45" sx="M,M,M,F"/><TAIKYOKU oya="0"/><INIT seed="0,0,0,3,5,45" ten="250,250,250,250" oya="0" hai0="100,102,16,87,54,63,97,17,60,32,34,111,3" hai1="48,44,112,62,82,115,38,77,22,29,94,59,88" hai2="78,116,128,55,69,83,7,96,5,49,113,56,15" hai3="81,28,24,73,107,65,104,84,127,135,30,33,58"/><T108/><D3/><U131/><E131/><V36/><F113/><N who="1" m="43593" /><E29/><V23/><F36/><W61/><G135/><T20/><D87/><N who="1" m="52511" /><E22/><V6/><F69/><W91/><G127/><T8/><D20/><U76/><E38/><V121/><F121/><W0/><G0/><T133/><D97/><U129/><E129/><V68/><F68/><W86/><G73/><T10/><REACH who="0" step="1"/><D54/><REACH who="0" ten="240,250,250,250" step="2"/><N who="1" m="29959" /><E82/><V26/><F128/><W31/><G81/><T12/><D12/><U110/><E110/><V120/><F15/><W72/><G33/><T134/><AGARI ba="0,1" hai="8,10,16,17,32,34,60,63,100,102,108,111,133,134" machi="134" ten="25,12000,1" yaku="1,1,0,1,22,2,54,1,53,0" doraHai="45" doraHaiUra="101" who="0" fromWho="0" sc="240,130,250,-40,250,-40,250,-40" /><INIT seed="0,1,0,2,2,20" ten="370,210,210,210" oya="0" hai0="68,132,22,61,113,50,65,121,32,134,14,97,120" hai1="112,135,118,80,73,98,1,11,111,51,34,87,2" hai2="49,63,89,93,0,9,5,94,115,127,4,66,58" hai3="41,88,76,106,62,54,42,100,43,126,81,25,95"/><T84/><D113/><U92/><E118/><V86/><F115/><W30/><G126/><T44/><D32/><U7/><E112/><V47/><F127/><W37/><G106/><T39/><D97/><U101/><E111/><V70/><F5/><W77/><G100/><T125/><D84/><U69/><E69/><V38/><F38/><W110/><G37/><T102/><D102/><U31/><E73/><V8/><F8/><W72/><G77/><T55/><D14/><U67/><E135/><N who="0" m="51753" /><D22/><U27/><E67/><V21/><F21/><W15/><G15/><T85/><D85/><U129/><E129/><V124/><F124/><W91/><G110/><T3/><D3/><U79/><REACH who="1" step="1"/><E51/><REACH who="1" ten="370,200,210,210" step="2"/><V45/><F49/><W107/><G72/><T10/><D125/><U131/><E131/><V23/><F70/><W90/><G62/><T56/><D10/><U57/><E57/><V105/><F58/><W122/><G122/><T24/><D24/><U104/><E104/><V130/><F105/><W40/><G107/><T116/><D116/><U52/><E52/><V28/><F130/><W17/><G54/><T103/><D39/><U82/><E82/><V13/><F63/><W36/><G36/><T114/><D114/><U117/><E117/><V19/><F66/><W46/><G81/><T35/><D68/><U133/><E133/><V6/><F9/><W53/><G25/><T83/><D121/><U18/><E18/><V12/><F19/><W59/><G17/><T60/><D120/><U48/><E48/><V26/><F26/><W99/><G95/><T78/><D61/><RYUUKYOKU ba="1,1" sc="370,-10,200,30,210,-10,210,-10" hai1="1,2,7,11,27,31,34,79,80,87,92,98,101" /><INIT seed="1,2,1,5,5,128" ten="360,230,200,200" oya="1" hai0="118,30,11,70,49,89,60,130,28,20,34,78,65" hai1="97,21,87,31,26,71,17,27,101,73,111,37,85" hai2="48,56,29,10,94,110,1,24,91,32,41,122,25" hai3="127,18,95,13,14,124,54,83,6,90,59,131,38"/><U120/><E120/><V135/><F122/><W116/><G131/><T45/><D130/><U63/><E73/><V5/><F110/><W121/><G121/><T64/><D118/><U23/><E37/><V82/><F82/><W0/><G116/><T52/><D34/><U133/><E133/><V58/><F25/><W80/><G38/><T108/><D108/><U53/><E111/><V113/><F113/><W129/><G0/><T92/><D78/><U43/><E43/><V42/><F135/><W22/><G129/><T36/><D65/><U123/><E123/><V55/><REACH who="2" step="1"/><F58/><REACH who="2" ten="360,230,190,200" step="2"/><W39/><G83/><T117/><D117/><U96/><E71/><V115/><F115/><W93/><G80/><T3/><D70/><U102/><E102/><V51/><F51/><W12/><G39/><T44/><D49/><U114/><E114/><V106/><F106/><W19/><G124/><T46/><D36/><U107/><REACH who="1" step="1"/><E97/><AGARI ba="2,2" hai="1,5,10,24,29,32,41,42,48,55,56,91,94,97" machi="97" ten="30,2000,0" yaku="1,1,7,1,53,0" doraHai="128" doraHaiUra="75" who="2" fromWho="1" sc="360,0,230,-26,190,46,200,0" /><INIT seed="2,0,0,4,5,68" ten="360,204,236,200" oya="2" hai0="51,100,110,11,88,91,133,4,131,20,30,129,102" hai1="93,9,99,27,63,89,127,106,62,95,21,135,12" hai2="114,15,86,70,7,108,39,113,84,32,43,56,16" hai3="92,121,18,46,34,118,94,87,77,104,1,65,5"/><V25/><F70/><W23/><G118/><T116/><D116/><U0/><E0/><V98/><F7/><W128/><G104/><T132/><D30/><U36/><E135/><N who="0" m="51785" /><D20/><U8/><E127/><V90/><F108/><W97/><G34/><T57/><D110/><U2/><E106/><V52/><F98/><W29/><G29/><T14/><D51/><U13/><E2/><V125/><F125/><W24/><G121/><T80/><D57/><U3/><E3/><V26/><F86/><W130/><G65/><T33/><D33/><U60/><E36/><V126/><F126/><W72/><G72/><T48/><D48/><U85/><E8/><V45/><F32/><W35/><G35/><T73/><D73/><U107/><E107/><V41/><F41/><W101/><G46/><T123/><D80/><U54/><E54/><V124/><F124/><W40/><G40/><T134/><D134/><U109/><E9/><V119/><F119/><W82/><G1/><T96/><D123/><U105/><E105/><V38/><F38/><W47/><G47/><T28/><D28/><N who="1" m="17519" /><E109/><V17/><F114/><W42/><G42/><T55/><D55/><U59/><E59/><V103/><F113/><W49/><G49/><T44/><D44/><U66/><E66/><V50/><F17/><W6/><G6/><T31/><D31/><U115/><E115/><V79/><F39/><W111/><G111/><T71/><D71/><U74/><E74/><V61/><F43/><W112/><G112/><T19/><D4/><U120/><E120/><V76/><F45/><W122/><G122/><RYUUKYOKU ba="0,0" sc="360,-10,204,30,236,-10,200,-10" hai1="12,13,60,62,63,85,89,93,95,99" /><INIT seed="3,1,0,3,2,94" ten="350,234,226,190" oya="3" hai0="71,18,119,89,36,20,51,26,64,101,104,123,124" hai1="93,33,2,73,111,83,48,45,3,115,78,43,52" hai2="13,126,116,113,1,100,59,19,86,66,90,24,16" hai3="122,99,32,56,0,6,65,106,128,15,37,97,53"/><W125/><G122/><T114/><D123/><U85/><E115/><V60/><F1/><W7/><G0/><T44/><D119/><U130/><E111/><V79/><F113/><W112/><G112/><T30/><D124/><U105/><E130/><V131/><F116/><W88/><G32/><T135/><D135/><U17/><E105/><V4/><F126/><W81/><G125/><T77/><D77/><U47/><E33/><V14/><F79/><W92/><G37/><T80/><D36/><U109/><E109/><V70/><F131/><W72/><G128/><T34/><D71/><U22/><E73/><V75/><F75/><W49/><G65/><T121/><D64/><U67/><E93/><V55/><F100/><W46/><G72/><T103/><D104/><U62/><E62/><V110/><F110/><W25/><G25/><T108/><D108/><U98/><E98/><V38/><F38/><W118/><G118/><T61/><D61/><U68/><E68/><V12/><F4/><N who="3" m="1579" /><G106/><T35/><D35/><U50/><REACH who="1" step="1"/><E67/><REACH who="1" ten="350,224,226,190" step="2"/><V21/><F70/><W87/><G92/><T29/><D114/><U41/><E41/><V10/><F66/><W120/><G120/><T133/><D121/><U69/><E69/><V31/><F10/><W134/><G134/><T42/><D133/><U27/><AGARI ba="1,1" hai="2,3,17,22,27,43,45,47,48,50,52,78,83,85" machi="27" ten="20,5200,0" yaku="1,1,0,1,7,1,54,1,53,0" doraHai="94" doraHaiUra="9" who="1" fromWho="1" sc="350,-14,224,65,226,-14,190,-27" /><INIT seed="4,0,0,1,3,92" ten="336,289,212,163" oya="0" hai0="106,45,85,114,86,130,79,73,101,19,112,62,10" hai1="80,14,111,31,61,42,57,82,72,121,28,123,27" hai2="26,132,122,18,108,83,75,4,133,96,46,7,15" hai3="44,25,104,113,63,77,117,35,98,6,67,51,8"/><T119/><D119/><U60/><E111/><V100/><F108/><W102/><G117/><T33/><D33/><U84/><E72/><V124/><F122/><W52/><G113/><T49/><D130/><U9/><E42/><V23/><F124/><W99/><G77/><T76/><D62/><U128/><E128/><V88/><F46/><W71/><G99/><N who="0" m="61759" /><D19/><U74/><E74/><V17/><F75/><W64/><G64/><T20/><D20/><U47/><E47/><V5/><F83/><W22/><G35/><T11/><D11/><U65/><E61/><V126/><F126/><W110/><G110/><T90/><D10/><U56/><E56/><V0/><F0/><W3/><G25/><T59/><D59/><U91/><E80/><V68/><F68/><W78/><G78/><T40/><D86/><U1/><E1/><V115/><F115/><N who="0" m="44074" /><D73/><U125/><E125/><V48/><F18/><W43/><REACH who="3" step="1"/><G22/><REACH who="3" ten="336,289,212,153" step="2"/><T105/><D105/><U24/><E24/><V120/><F26/><W2/><G2/><T53/><D76/><U30/><E27/><V135/><F135/><W127/><G127/><T12/><D79/><U55/><E65/><V109/><F109/><W118/><G118/><T66/><D66/><U116/><E116/><V134/><F134/><W97/><G97/><T37/><D12/><U38/><E123/><V129/><F133/><W54/><AGARI ba="0,1" hai="3,6,8,43,44,51,52,54,63,67,71,98,102,104" machi="54" ten="30,8000,1" yaku="1,1,0,1,52,1,54,1,53,1" doraHai="92" doraHaiUra="93" who="3" fromWho="3" sc="336,-40,289,-20,212,-20,153,90" /><INIT seed="5,0,0,3,0,33" ten="296,269,192,243" oya="1" hai0="120,0,102,32,62,86,19,91,105,93,107,64,17" hai1="1,103,59,133,10,126,67,24,134,6,82,89,122" hai2="79,81,44,52,77,57,28,85,46,3,11,75,114" hai3="76,100,70,72,118,54,113,61,42,80,38,48,51"/><U43/><E122/><V2/><F28/><W20/><G113/><T27/><D120/><U40/><E126/><V124/><F124/><W90/><G118/><T23/><D32/><U45/><E103/><V115/><F11/><W63/><G100/><T127/><D127/><U56/><E24/><V39/><F75/><W112/><G112/><N who="2" m="43049" /><F79/><W129/><G129/><T111/><D111/><U71/><E71/><V4/><F4/><W55/><G38/><T125/><D125/><U74/><E67/><V25/><F25/><W123/><G42/><N who="1" m="15914" /><E45/><N who="2" m="17515" /><F39/><W119/><G123/><T95/><D27/><U130/><E130/><V87/><F87/><W108/><G108/><T98/><D86/><N who="1" m="50391" /><E74/><V131/><F131/><W36/><G36/><T7/><D64/><U50/><E50/><AGARI ba="0,0" hai="2,3,50,52,57,77,81,85" m="17515,43049" machi="50" ten="30,8000,1" yaku="15,1,11,1,52,2,54,1" doraHai="33" who="2" fromWho="1" sc="296,0,269,-80,192,80,243,0" /><INIT seed="6,0,0,5,0,43" ten="296,189,272,243" oya="2" hai0="114,30,27,1,97,127,76,50,101,6,41,116,64" hai1="25,61,12,100,47,36,109,20,130,93,33,54,119" hai2="134,120,95,2,42,55,57,125,9,83,115,79,39" hai3="122,53,21,11,87,37,8,14,132,94,35,107,69"/><V129/><F120/><W108/><G35/><T73/><D114/><U110/><E119/><V112/><F125/><W131/><G108/><T48/><D64/><U46/><E130/><V121/><F121/><W59/><G107/><T16/><D6/><U5/><E33/><V96/><F134/><W111/><G122/><T126/><D1/><U91/><E100/><V56/><F129/><W123/><G123/><T31/><D76/><U44/><E36/><V135/><F135/><W58/><G69/><T32/><D73/><U118/><E118/><V13/><F2/><W3/><G37/><T10/><D31/><N who="1" m="17831" /><E110/><V17/><F42/><W75/><G75/><T0/><D0/><U98/><E109/><V18/><F39/><W90/><G111/><T99/><D99/><U103/><E103/><V4/><F57/><W77/><G132/><T40/><D40/><U62/><E54/><V74/><F115/><W22/><G131/><T86/><D41/><U82/><E82/><V60/><REACH who="2" step="1"/><F112/><REACH who="2" ten="296,189,262,243" step="2"/><W105/><G3/><T19/><D126/><U34/><E34/><V88/><AGARI ba="0,1" hai="4,9,13,17,18,55,56,60,74,79,83,88,95,96" machi="88" ten="20,18000,2" yaku="1,1,2,1,0,1,7,1,54,1,53,1" doraHai="43" doraHaiUra="72" who="2" fromWho="2" sc="296,-60,189,-60,262,190,243,-60" /><INIT seed="6,1,0,3,5,102" ten="236,129,452,183" oya="2" hai0="32,8,14,74,7,58,120,88,108,30,117,114,60" hai1="78,63,37,126,86,85,84,107,132,12,19,17,128" hai2="24,127,52,23,104,76,75,13,109,4,71,97,51" hai3="15,92,110,48,99,18,106,121,113,44,124,38,65"/><V62/><F127/><W133/><G110/><T98/><D120/><U21/><E126/><V6/><F76/><W40/><G121/><T93/><D108/><U119/><E119/><V72/><F13/><W122/><G124/><T116/><D114/><U55/><E37/><V91/><F51/><W77/><G122/><T81/><D32/><U112/><E112/><V131/><F91/><W83/><G133/><T118/><D30/><U5/><E132/><V50/><F23/><W20/><G113/><T79/><REACH who="0" step="1"/><D117/><REACH who="0" ten="226,129,452,183" step="2"/><U57/><E128/><V42/><F109/><W33/><G33/><T66/><AGARI ba="1,1" hai="7,8,14,58,60,66,74,79,81,88,93,98,116,118" machi="66" ten="30,7900,0" yaku="1,1,2,1,0,1,54,1,53,0" doraHai="102" doraHaiUra="22" who="0" fromWho="0" sc="226,92,129,-21,452,-40,183,-21" /><INIT seed="7,0,0,2,5,118" ten="318,108,412,162" oya="3" hai0="62,27,35,52,23,132,75,124,25,33,116,81,88" hai1="115,15,61,92,8,64,131,13,129,10,56,66,46" hai2="55,127,95,49,48,50,30,108,16,44,72,18,5" hai3="60,128,14,58,6,74,86,90,91,82,87,98,76"/><W41/><G128/><T73/><D116/><U24/><E115/><V68/><F68/><W121/><G121/><T12/><D124/><U1/><E1/><V43/><F72/><W9/><G41/><T26/><D132/><U100/><E46/><V29/><F5/><W19/><G6/><T126/><D126/><U89/><E100/><V109/><F127/><W59/><G98/><T54/><D73/><U21/><E66/><V107/><F107/><W2/><G2/><T111/><D111/><U53/><E64/><V114/><F114/><W135/><G135/><T125/><D125/><U70/><E70/><V45/><F50/><W134/><G134/><T120/><D120/><U32/><E32/><V37/><F37/><W57/><G60/><T11/><D75/><U93/><E131/><V112/><F112/><W47/><G47/><T20/><D35/><U110/><E110/><V17/><F109/><W105/><G105/><T84/><D33/><U40/><E40/><V3/><F3/><W36/><G36/><T99/><D99/><U77/><E77/><V63/><F108/><W119/><G119/><T31/><D62/><U97/><E129/><V22/><F63/><W78/><G74/><T42/><D42/><U39/><E39/><V71/><F71/><W96/><G96/><T130/><D130/><U103/><E8/><V123/><F123/><W67/><G9/><T7/><REACH who="0" step="1"/><D26/><REACH who="0" ten="308,108,412,162" step="2"/><U0/><E0/><V113/><F113/><W104/><G86/><T28/><AGARI ba="0,1" hai="7,11,12,20,23,25,27,28,31,52,54,81,84,88" machi="28" ten="20,16000,3" yaku="1,1,2,1,0,1,7,1,9,1,8,1,54,2,53,0" doraHai="118" doraHaiUra="94" who="0" fromWho="0" sc="308,170,108,-40,412,-40,162,-80" owari="478,58.0,68,-43.0,372,17.0,82,-32.0" /></mjloggm>