<mjloggm ver="2.3"><GO type="169" lobby="0"/><UN n0="%E3%82%B7%E3%83%B3%E3%83%95%E3%82%A9%E3%83%8B%E3%82%A2" n1="%6B%75%72%69%6D%75" n2="%E5%8D%83%E7%BE%BD%E9%B4%89" n3="%40%7A%61%6B%75%72%6F%40" dan="18,18,17,16" rate="2231.72,2262.02,2222.50,2146.98" sx="M,M,F,M"/><TAIKYOKU oya="0"/><INIT seed="0,0,0,1,0,24" ten="250,250,250,250" oya="0" hai0="0,129,23,66,75,108,69,109,15,19,127,100,125" hai1="107,1,89,3,25,116,98,132,82,68,6,67,83" hai2="51,99,110,131,117,7,120,54,111,65,8,36,42" hai3="105,91,12,130,86,119,29,79,80,62,14,90,96"/><T102/><D0/><U47/><E132/><V35/><F120/><W11/><G119/><T115/><D75/><U37/><E67/><V28/><F99/><W49/><G130/><T74/><D74/><U123/><E68/><V45/><F131/><W55/><G62/><N who="0" m="40151" /><D115/><U113/><E116/><V53/><F117/><W114/><G14/><T61/><D61/><U50/><E37/><V4/><F65/><W76/><G76/><T32/><D32/><U48/><E123/><V71/><F71/><W63/><G63/><T59/><D59/><U124/><E6/><V84/><F84/><W22/><G96/><T60/><D60/><U103/><E124/><N who="0" m="47689" /><D129/><U41/><E50/><V16/><F36/><W30/><G22/><T112/><D112/><U40/><E40/><V122/><F42/><W78/><G78/><T46/><D46/><U20/><E113/><V94/><F54/><W121/><G121/><T34/><D34/><U58/><E58/><V39/><F39/><W95/><G114/><T9/><D9/><U73/><E73/><V72/><F72/><W38/><G38/><T126/><D126/><U87/><REACH who="1" step="1"/><E82/><REACH who="1" ten="250,240,250,250" step="2"/><V52/><F122/><W33/><G49/><T13/><D109/><U57/><E57/><V106/><F110/><W77/><G55/><T70/><D70/><U135/><E135/><V2/><F53/><W88/><G80/><T17/><D108/><U97/><E97/><V104/><F111/><W56/><G56/><T26/><D100/><U101/><E101/><V118/><F118/><W134/><G134/><T43/><D102/><U133/><E133/><RYUUKYOKU ba="0,1" sc="250,-10,240,30,250,-10,250,-10" hai1="1,3,20,25,41,47,48,83,87,89,98,103,107" /><INIT seed="1,1,1,4,3,65" ten="240,270,240,240" oya="1" hai0="74,24,6,109,53,126,45,29,28,92,128,78,121" hai1="97,82,91,40,98,2,30,59,124,94,31,36,73" hai2="17,9,44,62,90,11,25,14,67,105,112,4,5" hai3="107,60,117,56,127,41,20,8,21,49,15,85,77"/><U61/><E2/><V38/><F105/><W80/><G127/><T81/><D126/><U23/><E124/><V43/><F112/><W88/><G107/><T35/><D109/><U100/><E40/><V115/><F115/><W76/><G117/><T84/><D128/><U114/><E36/><V12/><F90/><W32/><G32/><T104/><D121/><U16/><E73/><V133/><F133/><W119/><G119/><T132/><D132/><U89/><E89/><V122/><F122/><W19/><G77/><T123/><D123/><U93/><E82/><V27/><REACH who="2" step="1"/><F17/><REACH who="2" ten="240,270,230,240" step="2"/><W0/><G76/><T113/><D104/><U54/><REACH who="1" step="1"/><E114/><REACH who="1" ten="240,260,230,240" step="2"/><V99/><F99/><W75/><G75/><T26/><D113/><U48/><E48/><V116/><F116/><W118/><G118/><T46/><D74/><U22/><E22/><V18/><F18/><W130/><G130/><T58/><D78/><U47/><E47/><V55/><F55/><N who="3" m="33823" /><G0/><T57/><D45/><AGARI ba="1,3" hai="8,15,19,20,21,41,45,49,80,85,88" m="33823" machi="45" ten="30,2000,0" yaku="8,1,54,1" doraHai="65" who="3" fromWho="0" sc="240,-23,260,0,230,0,240,53" /><INIT seed="2,0,0,3,4,71" ten="217,260,230,293" oya="2" hai0="64,78,17,56,63,52,38,28,36,93,135,18,73" hai1="46,106,22,45,90,97,107,13,112,21,88,47,87" hai2="74,42,118,48,111,8,7,32,24,61,26,25,79" hai3="115,35,60,101,57,43,49,124,123,19,20,85,82"/><V98/><F118/><W105/><G123/><T23/><D135/><U2/><E2/><V15/><F111/><W34/><G124/><T94/><D28/><U121/><E112/><V119/><F119/><W72/><G72/><T86/><D73/><U84/><E97/><V16/><F61/><W5/><G5/><T120/><D120/><U59/><E59/><V95/><F42/><W116/><G116/><T27/><D78/><U31/><E121/><V76/><F32/><W54/><G101/><T41/><D41/><U33/><E33/><V99/><F48/><W37/><G105/><T91/><D93/><U44/><N who="1" m="11264" /><DORA hai="83" /><U77/><E77/><N who="2" m="29771" /><F74/><W103/><G49/><T89/><D89/><N who="1" m="34411" /><E13/><N who="2" m="5279" /><F95/><W108/><G43/><T62/><D18/><U10/><E10/><AGARI ba="0,0" hai="10,15,16,24,25,26,98,99" m="5279,29771" machi="10" ten="30,2900,0" yaku="8,1,54,1" doraHai="71,83" who="2" fromWho="1" sc="217,0,260,-29,230,29,293,0" /><INIT seed="2,1,0,5,1,96" ten="217,231,259,293" oya="2" hai0="26,25,73,77,47,78,114,101,29,61,108,128,113" hai1="12,121,11,98,41,82,55,72,85,58,105,100,36" hai2="45,120,68,92,89,86,16,66,112,35,80,87,117" hai3="17,102,8,84,118,43,0,28,30,124,65,7,103"/><V60/><F35/><W51/><G118/><T39/><D61/><U46/><E121/><V54/><F117/><W31/><G65/><T71/><D71/><U74/><E58/><V99/><F120/><W127/><G84/><T62/><D62/><U93/><E55/><V95/><F112/><W110/><G17/><T79/><D73/><U42/><E42/><V131/><F131/><W22/><G22/><T64/><D64/><U109/><E93/><V126/><F126/><N who="3" m="48171" /><G110/><T88/><D128/><U135/><E135/><V1/><F1/><W10/><G8/><T115/><D108/><U44/><E44/><AGARI ba="1,0" hai="0,7,10,28,30,31,43,44,51,102,103" m="48171" machi="44" ten="30,3900,0" yaku="18,1,52,2" doraHai="96" who="3" fromWho="1" sc="217,0,231,-42,259,0,293,42" /><INIT seed="3,0,0,5,0,12" ten="217,189,259,335" oya="3" hai0="53,17,10,80,87,3,124,50,6,23,8,103,4" hai1="18,9,15,123,14,30,89,68,119,76,51,19,131" hai2="7,46,48,85,107,113,71,93,117,49,122,70,59" hai3="133,32,96,43,0,77,27,115,67,126,60,57,64"/><W74/><G115/><T81/><D124/><U16/><E68/><V52/><F113/><W97/><G0/><T2/><D103/><U82/><E123/><V98/><F117/><W35/><G43/><T54/><D50/><U58/><E119/><V63/><F122/><W111/><G77/><T95/><D95/><U24/><E131/><V34/><F34/><W29/><G74/><T88/><REACH who="0" step="1"/><D81/><REACH who="0" ten="207,189,259,335" step="2"/><U104/><E104/><V75/><F107/><W99/><G126/><T61/><D61/><U129/><E129/><V128/><F128/><W92/><G92/><T86/><D86/><N who="1" m="48455" /><E89/><V94/><F75/><W65/><G133/><T40/><D40/><U106/><E106/><V13/><F85/><W130/><G130/><T31/><D31/><U83/><E83/><V45/><F94/><W78/><G78/><T39/><D39/><U105/><E105/><V5/><F93/><W69/><G69/><T11/><D11/><U90/><E90/><V109/><F71/><W134/><G134/><T132/><D132/><U55/><E9/><V120/><F70/><W33/><REACH who="3" step="1"/><G111/><REACH who="3" ten="207,189,259,325" step="2"/><T22/><D22/><AGARI ba="0,2" hai="14,15,16,18,19,22,24,30,51,55,58" m="48455" machi="22" ten="30,8000,1" yaku="8,1,52,3,54,1" doraHai="12" who="1" fromWho="0" sc="207,-80,189,100,259,0,325,0" /><AGARI ba="0,0" hai="22,27,29,32,33,35,57,60,64,65,67,96,97,99" machi="22" ten="50,9600,0" yaku="1,1,2,1,53,1" doraHai="12" doraHaiUra="25" who="3" fromWho="0" sc="127,-96,289,0,259,0,325,96" /><INIT seed="3,1,0,1,4,86" ten="31,289,259,421" oya="3" hai0="70,129,107,106,85,14,17,108,20,12,67,65,15" hai1="48,74,117,123,130,93,8,9,102,21,0,53,69" hai2="103,83,92,64,1,120,6,51,135,18,81,43,35" hai3="104,87,128,133,50,131,116,4,26,125,73,58,99"/><W96/><G73/><T42/><D108/><U101/><E69/><V100/><F35/><W38/><G38/><T91/><D42/><U126/><E74/><V27/><F64/><W7/><G116/><T79/><D79/><U30/><E130/><N who="3" m="49706" /><G26/><T31/><D31/><U32/><E32/><V113/><F92/><W112/><G112/><T75/><D75/><U37/><E37/><V16/><F51/><W47/><G58/><T57/><D70/><U119/><E126/><V56/><F43/><W77/><G104/><T118/><D118/><N who="1" m="45067" /><E0/><V10/><F1/><W44/><G44/><T22/><D129/><U90/><E21/><N who="0" m="8297" /><D107/><U115/><E30/><V97/><F120/><W111/><G133/><T121/><D106/><U2/><E123/><V84/><F135/><W11/><G125/><T23/><D121/><U54/><E54/><V80/><F27/><W45/><G45/><T55/><D65/><U95/><E95/><V41/><F113/><W98/><G11/><N who="1" m="4170" /><E2/><V25/><F25/><W52/><G111/><T66/><D66/><U3/><E3/><V72/><F72/><W5/><G4/><T13/><D67/><U82/><E82/><AGARI ba="1,0" hai="5,7,47,50,52,77,82,87,96,98,99" m="49706" machi="82" ten="30,2900,0" yaku="19,1,54,1" doraHai="86" who="3" fromWho="1" sc="31,0,289,-32,259,0,421,32" /><INIT seed="3,2,0,4,1,81" ten="31,257,259,453" oya="3" hai0="110,42,111,79,39,41,74,85,128,96,120,8,10" hai1="73,108,93,16,71,15,76,89,14,86,133,29,124" hai2="38,59,62,63,61,26,105,103,75,5,48,107,78" hai3="106,50,72,90,129,95,112,68,66,56,52,131,9"/><W70/><G106/><T37/><D74/><U123/><E71/><V43/><F103/><W51/><G72/><T17/><D120/><U64/><E108/><N who="0" m="41513" /><D96/><U36/><E64/><V88/><F26/><W19/><G19/><T33/><D33/><U35/><E36/><N who="0" m="13897" /><D128/><N who="3" m="49225" /><G66/><T67/><D67/><U116/><E133/><V102/><F38/><W21/><G51/><T135/><D135/><U1/><E124/><V57/><F48/><W80/><G80/><N who="0" m="47263" /><D17/><U44/><E123/><V99/><F75/><W92/><G92/><T45/><D45/><U77/><E73/><V60/><F105/><W127/><G127/><T40/><AGARI ba="2,0" hai="8,10,40,41,42" m="47263,13897,41513" machi="40" ten="40,2700,0" yaku="14,1,52,1" doraHai="81" who="0" fromWho="0" sc="31,33,257,-9,259,-9,453,-15" /><INIT seed="4,0,0,3,4,95" ten="64,248,250,438" oya="0" hai0="26,60,83,129,61,45,89,81,50,11,18,55,28" hai1="91,53,77,128,85,36,7,126,59,69,90,49,41" hai2="93,132,20,24,43,12,76,38,46,13,106,72,66" hai3="2,37,103,48,29,88,73,92,58,71,67,17,86"/><T115/><D115/><U39/><E126/><V1/><F106/><W4/><G71/><T47/><D129/><U130/><E69/><V16/><F132/><W9/><G29/><T14/><D47/><U22/><E7/><V99/><F1/><W82/><G37/><T52/><D55/><U79/><E22/><V62/><F76/><N who="1" m="29257" /><E41/><V122/><F72/><W42/><G73/><T116/><D116/><U25/><E25/><V68/><F122/><W84/><G67/><T105/><D105/><U111/><E111/><V21/><F21/><W19/><G103/><AGARI ba="0,0" hai="12,13,16,20,24,38,43,46,62,66,68,93,99,103" machi="103" ten="30,3900,0" yaku="7,1,52,1,54,1" doraHai="95" who="2" fromWho="3" sc="64,0,248,0,250,39,438,-39" /><INIT seed="5,0,0,5,1,108" ten="64,248,289,399" oya="1" hai0="129,83,133,130,135,46,67,95,69,63,82,120,28" hai1="4,45,48,56,70,35,58,19,125,104,107,132,97" hai2="1,77,62,99,79,65,98,7,42,60,103,84,6" hai3="76,109,61,73,5,94,122,10,49,92,81,111,38"/><U91/><E70/><V40/><F1/><W88/><G38/><T131/><D28/><U117/><E35/><V90/><F84/><W44/><G122/><T24/><D24/><U37/><E37/><V74/><F74/><W93/><G61/><T29/><D29/><U2/><E117/><V59/><F59/><W55/><REACH who="3" step="1"/><G88/><REACH who="3" ten="64,248,289,389" step="2"/><T119/><D120/><U102/><E91/><V13/><F90/><W100/><G100/><T20/><D119/><U31/><E102/><V126/><F103/><W50/><G50/><T89/><D20/><U15/><E48/><V39/><F39/><W12/><AGARI ba="0,1" hai="5,10,12,44,49,55,73,76,81,92,93,94,109,111" machi="12" ten="30,2000,0" yaku="1,1,0,1,53,0" doraHai="108" doraHaiUra="16" who="3" fromWho="3" sc="64,-5,248,-10,289,-5,389,30" /><INIT seed="6,0,0,3,1,86" ten="59,238,284,419" oya="2" hai0="15,77,103,94,38,129,28,58,29,87,16,60,110" hai1="19,1,115,23,33,132,123,26,80,30,3,96,44" hai2="120,35,97,101,68,89,72,4,46,21,73,67,126" hai3="88,75,54,25,65,63,32,64,131,27,48,45,2"/><V5/><F120/><W76/><G2/><T81/><D129/><U99/><E123/><V91/><F72/><W111/><G111/><T134/><D134/><U78/><E132/><V124/><F73/><W41/><G75/><T6/><D38/><U108/><E115/><V52/><F35/><W84/><G76/><T113/><D113/><U98/><E108/><V71/><F21/><W50/><G131/><T112/><D112/><U127/><E127/><N who="2" m="48683" /><F67/><N who="3" m="25675" /><G63/><T102/><D6/><N who="2" m="2666" /><F71/><W36/><G36/><T20/><D110/><U53/><E80/><V31/><F31/><W119/><G119/><T121/><D121/><U133/><E78/><V22/><F22/><W69/><G32/><T24/><D94/><U105/><E105/><N who="2" m="63663" /><F68/><W37/><G37/><T79/><D79/><U95/><E95/><V18/><F18/><W57/><G69/><T128/><D128/><U74/><E74/><V14/><F14/><W83/><AGARI ba="0,0" hai="25,27,41,45,48,50,54,57,83,84,88" m="25675" machi="83" ten="30,4000,0" yaku="8,1,52,1,54,1" doraHai="86" who="3" fromWho="3" sc="59,-10,238,-10,284,-20,419,40" /><INIT seed="7,0,0,2,5,98" ten="49,228,264,459" oya="3" hai0="69,126,59,44,34,103,60,107,108,67,93,1,10" hai1="78,121,128,118,81,116,125,96,50,11,31,54,42" hai2="61,23,28,24,115,47,13,113,30,95,77,119,87" hai3="82,21,22,57,62,124,104,76,18,16,127,130,86"/><W15/><G104/><T105/><D108/><U53/><E121/><V29/><F119/><W19/><G130/><T41/><D126/><N who="3" m="48169" /><G15/><T64/><D93/><U52/><E125/><V7/><F61/><W72/><G72/><T49/><D10/><U94/><E31/><N who="2" m="11851" /><F47/><W20/><G19/><T58/><D34/><U26/><E128/><V85/><F95/><W92/><G92/><T33/><D33/><U110/><E26/><V17/><F7/><W74/><G74/><T132/><D1/><U79/><E110/><V70/><F77/><W114/><G114/><N who="2" m="43529" /><F70/><W120/><G120/><T91/><D91/><U73/><E78/><V66/><F66/><AGARI ba="0,0" hai="16,18,20,21,22,57,62,66,76,82,86" m="48169" machi="66" ten="30,2900,0" yaku="18,1,54,1" doraHai="98" who="3" fromWho="2" sc="49,0,228,0,264,-29,459,29" owari="49,-45.0,228,-17.0,235,4.0,488,58.0" /></mjloggm>