<mjloggm ver="2.3"><GO type="169" lobby="0"/><UN n0="%62%6F%79%61%74%65%74%75" n1="%79%6F%74%65%72%75" n2="%E6%B9%98%E5%8C%97%E2%91%AD%E4%B8%89%E4%BA%95%E5%AF%BF" n3="%E3%83%A1%E3%83%A9%E3%82%BE%E3%83%BC%E3%83%9E" dan="16,18,17,16" rate="2118.03,2244.85,2152.13,2127.05" sx="M,F,M,F"/><TAIKYOKU oya="0"/><INIT seed="0,0,0,5,4,70" ten="250,250,250,250" oya="0" hai0="47,35,119,125,27,81,67,96,46,77,0,68,117" hai1="13,111,84,126,11,4,112,18,25,33,132,40,74" hai2="115,20,34,52,72,30,6,64,75,62,50,39,80" hai3="51,104,98,95,9,42,101,5,108,100,71,124,48"/><T31/><D125/><U60/><E74/><V23/><F115/><W113/><G113/><T53/><D0/><U32/><E112/><V43/><F6/><W66/><G108/><T44/><D53/><U28/><E40/><V57/><F34/><W114/><G124/><T109/><D109/><U73/><E73/><V17/><F30/><W93/><G114/><T99/><D67/><U118/><E118/><V65/><F65/><W45/><G51/><T59/><D59/><U94/><E33/><V122/><F122/><W63/><REACH who="3" step="1"/><G100/><REACH who="3" ten="250,250,250,240" step="2"/><T49/><D49/><U24/><E126/><V130/><F50/><W116/><G116/><T106/><D117/><U78/><E111/><V85/><F43/><W69/><G69/><T19/><D68/><U129/><E129/><V123/><F130/><W103/><G103/><T86/><D119/><U61/><E132/><V3/><F123/><W1/><AGARI ba="0,1" hai="1,5,9,42,45,48,63,66,71,93,95,98,101,104" machi="1" ten="20,2700,0" yaku="1,1,0,1,7,1,53,0" doraHai="70" doraHaiUra="127" who="3" fromWho="3" sc="250,-13,250,-7,250,-7,240,37" /><INIT seed="1,0,0,0,1,38" ten="237,243,243,277" oya="1" hai0="101,96,81,44,31,18,104,0,54,52,25,45,57" hai1="132,17,22,1,7,82,74,134,24,86,80,76,11" hai2="105,131,27,119,53,114,100,103,33,60,14,130,77" hai3="71,12,102,42,128,118,97,66,58,5,93,88,117"/><U37/><REACH who="1" step="1"/><E37/><REACH who="1" ten="237,233,243,277" step="2"/><V16/><F130/><W47/><G128/><T113/><D113/><U50/><E50/><V4/><F131/><W65/><G117/><T78/><D0/><U29/><E29/><V63/><F114/><W83/><G118/><T55/><D57/><U43/><E43/><V84/><F119/><W115/><G115/><T46/><D18/><U26/><E26/><V61/><F27/><W124/><G58/><T30/><REACH who="0" step="1"/><D25/><REACH who="0" ten="227,233,243,277" step="2"/><U34/><E34/><V127/><F33/><W87/><G71/><T109/><D109/><U21/><E21/><V41/><F16/><W120/><G120/><T106/><D106/><U126/><E126/><V94/><F105/><W125/><G124/><T79/><D79/><AGARI ba="0,2" hai="1,7,11,17,22,24,74,76,79,80,82,86,132,134" machi="79" ten="40,3900,0" yaku="21,2,53,0" doraHai="38" doraHaiUra="70" who="1" fromWho="0" sc="227,-39,233,59,243,0,277,0" /><INIT seed="1,1,0,0,4,83" ten="188,292,243,277" oya="1" hai0="108,25,80,49,65,27,26,68,94,41,115,12,70" hai1="66,128,19,105,2,48,29,7,42,43,114,17,71" hai2="63,57,44,64,76,21,124,78,11,36,52,67,89" hai3="84,133,102,88,45,93,56,125,103,129,106,104,117"/><U24/><E105/><N who="3" m="40554" /><G56/><T30/><D115/><U3/><E114/><V130/><F124/><W5/><G45/><T47/><D108/><U74/><E74/><V135/><F130/><W127/><G5/><T123/><D123/><U13/><E128/><V118/><F135/><W109/><G129/><T86/><D30/><U32/><E19/><V81/><F118/><W77/><G109/><T101/><D65/><N who="2" m="25162" /><F36/><W8/><G8/><T113/><D113/><U33/><E33/><V75/><F75/><W131/><G131/><T20/><D94/><U50/><E3/><V126/><F126/><N who="3" m="48139" /><G133/><T16/><REACH who="0" step="1"/><D101/><REACH who="0" ten="178,292,243,277" step="2"/><N who="3" m="38409" /><G77/><AGARI ba="1,1" hai="12,16,20,25,26,27,41,47,49,68,70,77,80,86" machi="77" ten="40,5200,0" yaku="1,1,52,1,54,1,53,0" doraHai="83" doraHaiUra="0" who="0" fromWho="3" sc="178,65,292,0,243,0,277,-55" /><INIT seed="2,0,0,3,2,122" ten="243,292,243,222" oya="2" hai0="12,72,70,73,24,13,65,128,133,66,14,62,57" hai1="63,25,116,98,127,117,119,21,33,44,77,126,23" hai2="121,106,46,75,19,27,42,101,41,64,61,9,11" hai3="71,103,49,81,135,28,50,1,20,114,95,107,54"/><V10/><F75/><W0/><G107/><T34/><D128/><U97/><E77/><V45/><F121/><W67/><G114/><T36/><D36/><U79/><E79/><V48/><F106/><W120/><G120/><T31/><REACH who="0" step="1"/><D133/><REACH who="0" ten="233,292,243,222" step="2"/><U129/><E129/><V22/><F101/><W38/><G135/><T99/><D99/><U35/><E98/><V89/><F89/><W29/><G38/><T39/><D39/><U2/><E97/><V58/><F46/><W132/><G132/><T6/><D6/><U43/><E44/><V55/><AGARI ba="0,1" hai="9,10,11,19,22,27,41,42,45,48,55,58,61,64" machi="55" ten="30,3000,0" yaku="0,1,8,1" doraHai="122" who="2" fromWho="2" sc="233,-10,292,-10,243,40,222,-10" /><INIT seed="2,1,0,1,0,1" ten="223,282,283,212" oya="2" hai0="2,134,91,36,66,61,114,60,16,47,29,28,25" hai1="24,27,52,56,7,62,106,4,125,5,105,96,44" hai2="86,22,80,93,13,8,54,42,55,104,98,108,99" hai3="94,120,19,110,103,85,35,112,64,65,84,121,78"/><V41/><F108/><W31/><G31/><T109/><D114/><U79/><E125/><V88/><F104/><W21/><G35/><T39/><D109/><U69/><E69/><V90/><F22/><W100/><G110/><T118/><D134/><U87/><E105/><V126/><F126/><W89/><G112/><T46/><D118/><U117/><E117/><V73/><F73/><W75/><G75/><T20/><D2/><U68/><E68/><V51/><F99/><W18/><G94/><T131/><D131/><U124/><E124/><V9/><F9/><W10/><G10/><T33/><D91/><U107/><E107/><V26/><F26/><W11/><G11/><T127/><D127/><U34/><E34/><V81/><F81/><W133/><G89/><T132/><D132/><U23/><E23/><V135/><F135/><W12/><G133/><T58/><D61/><U30/><E30/><V119/><F119/><W101/><G78/><T0/><D0/><U123/><E123/><V32/><F32/><W102/><G102/><T77/><D77/><U130/><E130/><V76/><F76/><W45/><G101/><T67/><D67/><N who="1" m="39367" /><E96/><V97/><F97/><W14/><REACH who="3" step="1"/><G21/><REACH who="3" ten="223,282,283,202" step="2"/><T49/><D29/><U113/><E106/><V63/><F90/><W95/><G95/><T128/><D128/><U59/><E113/><V37/><F93/><W72/><G72/><T3/><D33/><U15/><E79/><V6/><F98/><W83/><G83/><T116/><D28/><U82/><E82/><V43/><F80/><W38/><G38/><N who="0" m="14379" /><D116/><U115/><E115/><RYUUKYOKU ba="1,1" sc="223,-10,282,-10,283,-10,202,30" hai3="12,14,18,19,45,64,65,84,85,100,103,120,121" /><INIT seed="3,2,1,5,0,64" ten="213,272,273,232" oya="3" hai0="70,69,40,9,122,62,117,119,33,19,124,29,10" hai1="68,125,14,95,52,101,60,84,133,45,53,105,132" hai2="18,4,42,12,13,110,46,128,22,131,72,38,55" hai3="129,121,43,111,0,63,15,109,71,103,59,27,16"/><W1/><G121/><T104/><D122/><U98/><E125/><V114/><F72/><W8/><G129/><N who="2" m="49737" /><F110/><N who="3" m="41995" /><G43/><T112/><D124/><U44/><E14/><V116/><F116/><W26/><G103/><T74/><D74/><U115/><E115/><V107/><F107/><W67/><G59/><T102/><D112/><U61/><E44/><V80/><F114/><W87/><G87/><T123/><D40/><U81/><E105/><V86/><F55/><N who="1" m="21065" /><E45/><V41/><F42/><W76/><G76/><T92/><D104/><U2/><E2/><AGARI ba="2,1" hai="0,1,2,8,15,16,26,27,63,67,71" m="41995" machi="2" ten="30,11600,0" yaku="14,1,10,1,52,1,54,1" doraHai="64" who="3" fromWho="1" sc="213,0,272,-122,273,0,232,132" /><INIT seed="3,3,0,4,5,20" ten="213,150,273,364" oya="3" hai0="92,67,90,22,24,13,74,86,112,39,125,34,56" hai1="85,44,29,63,7,95,55,18,61,110,135,57,48" hai2="99,97,71,131,21,88,16,47,52,40,8,82,59" hai3="38,117,36,105,70,81,28,15,78,51,27,73,124"/><W58/><G117/><T41/><D125/><U1/><E110/><V3/><F71/><W111/><G70/><T130/><D130/><U102/><E135/><V80/><F131/><W46/><G105/><T101/><D74/><U106/><E106/><V54/><F8/><W94/><G111/><T77/><D112/><U89/><E29/><V35/><F35/><W17/><G58/><T107/><D77/><U53/><E1/><V128/><F3/><W32/><G94/><T66/><D56/><U45/><E7/><V126/><F126/><W121/><G121/><T119/><D119/><U5/><E5/><V91/><F40/><W108/><G108/><T25/><D13/><U103/><E63/><N who="2" m="36327" /><F128/><W62/><G62/><T6/><D6/><U104/><E104/><V76/><F76/><W26/><G124/><T2/><D2/><U43/><REACH who="1" step="1"/><E18/><REACH who="1" ten="213,140,273,364" step="2"/><V75/><F75/><W127/><G127/><T114/><D107/><U120/><E120/><V42/><F42/><W37/><G28/><T12/><D41/><U60/><E60/><V19/><F19/><W31/><G31/><T33/><D33/><U116/><E116/><V72/><F72/><W64/><G32/><T50/><D34/><U96/><E96/><V100/><F99/><W132/><G132/><T87/><D114/><U10/><E10/><V69/><F97/><W83/><G73/><T14/><D22/><U93/><E93/><V4/><F4/><W123/><G17/><T79/><D92/><U84/><E84/><V133/><F133/><W49/><G123/><T0/><D86/><U122/><E122/><RYUUKYOKU ba="3,1" sc="213,-10,140,30,273,-10,364,-10" hai1="43,44,45,48,53,55,57,61,85,89,95,102,103" /><INIT seed="4,4,1,3,2,124" ten="203,170,263,354" oya="0" hai0="114,80,119,122,59,43,7,78,50,117,53,97,82" hai1="99,19,67,94,131,118,17,64,120,46,83,95,116" hai2="22,16,21,33,71,87,96,84,39,134,73,61,25" hai3="102,45,111,79,76,77,0,107,66,100,15,23,34"/><T93/><D122/><U70/><E120/><V74/><F39/><W36/><G111/><T75/><D114/><U98/><E83/><V123/><F123/><W8/><G66/><T104/><D104/><U30/><E30/><V126/><F33/><W89/><G89/><T4/><D82/><U13/><E13/><V92/><F126/><W48/><G36/><T65/><D65/><U56/><E56/><V63/><F134/><W85/><G85/><N who="2" m="32841" /><F71/><W24/><G0/><T90/><REACH who="0" step="1"/><D43/><REACH who="0" ten="193,170,263,354" step="2"/><U110/><E110/><V121/><F121/><W2/><G107/><T38/><D38/><U26/><E70/><V113/><F113/><W42/><G42/><T58/><D58/><U47/><REACH who="1" step="1"/><E26/><REACH who="1" ten="193,160,263,354" step="2"/><N who="2" m="14631" /><F74/><W6/><G24/><T81/><D81/><U101/><E101/><N who="2" m="60551" /><F73/><W128/><G100/><T135/><D135/><U10/><E10/><V91/><F91/><W1/><G8/><T68/><D68/><U57/><E57/><V130/><F130/><AGARI ba="4,3" hai="17,19,46,47,64,67,94,95,98,99,116,118,130,131" machi="130" ten="25,8000,1" yaku="1,1,22,2,52,2,53,0" doraHai="124" doraHaiUra="106" who="1" fromWho="2" sc="193,0,160,122,263,-92,354,0" /><INIT seed="5,0,0,5,3,51" ten="193,282,171,354" oya="1" hai0="126,2,124,40,34,70,47,13,8,6,103,24,83" hai1="64,57,15,93,108,97,11,53,129,135,72,130,25" hai2="95,74,85,52,116,61,76,121,37,78,9,28,35" hai3="118,105,84,20,14,132,68,45,115,50,5,125,99"/><U12/><E72/><V19/><F37/><W71/><G115/><T106/><D83/><U69/><E135/><V63/><F74/><W112/><G112/><T127/><D13/><U58/><E69/><V48/><F35/><W62/><G132/><T91/><D91/><U92/><E64/><V65/><F28/><W122/><G122/><T10/><D10/><U49/><E108/><V29/><F29/><W89/><G125/><T123/><D123/><U90/><E15/><N who="2" m="7663" /><F116/><W22/><G118/><T56/><D56/><U117/><E117/><V33/><F33/><W86/><G68/><T41/><D41/><U113/><E113/><V3/><F3/><W54/><G105/><T73/><D73/><U38/><E38/><V7/><F7/><W131/><G5/><T55/><D70/><U1/><E1/><V94/><F121/><W88/><G14/><T100/><D106/><U77/><E77/><N who="2" m="29803" /><F65/><W79/><G79/><T101/><D40/><U30/><E93/><N who="2" m="35339" /><F85/><W110/><G86/><T87/><D87/><U39/><E39/><V26/><F26/><W4/><G84/><T102/><N who="0" m="25600" /><DORA hai="17" /><T119/><D119/><U134/><E134/><V82/><F82/><W31/><G4/><T16/><D34/><U21/><E11/><V59/><AGARI ba="0,0" hai="48,52,59,61,63" m="35339,29803,7663" machi="59" ten="30,4000,0" yaku="8,1,52,1,54,1" doraHai="51,17" who="2" fromWho="2" sc="193,-10,282,-20,171,40,354,-10" /><INIT seed="6,0,0,2,3,132" ten="183,262,211,344" oya="2" hai0="31,93,75,129,67,113,82,42,83,97,107,98,74" hai1="69,127,10,20,110,80,84,103,101,131,128,134,123" hai2="38,19,133,14,32,60,121,61,57,24,122,45,7" hai3="91,77,118,6,52,119,48,13,104,1,50,16,34"/><V47/><F133/><W33/><G104/><T39/><D67/><U53/><E69/><V130/><F130/><W71/><G71/><T62/><D62/><U88/><E110/><V65/><F7/><W87/><G77/><T114/><D31/><U89/><E134/><V9/><F60/><W92/><G6/><T8/><D8/><U106/><E10/><V85/><F85/><W17/><G1/><T25/><D25/><U112/><E112/><N who="0" m="43113" /><D42/><U0/><E0/><V4/><F38/><W116/><G50/><T135/><D39/><U26/><E106/><V105/><F105/><W40/><G40/><T70/><D70/><U124/><E89/><V36/><F36/><W66/><G66/><T15/><D15/><U27/><E27/><V76/><F76/><W12/><G17/><T21/><D21/><U44/><E123/><V55/><F65/><W73/><G13/><T126/><D135/><U22/><E22/><N who="2" m="13407" /><F32/><W68/><G68/><T46/><D129/><N who="1" m="49739" /><E101/><V100/><F100/><W49/><G34/><T111/><D111/><U43/><E103/><V29/><F29/><W117/><G33/><T115/><N who="0" m="43121" /><T95/><DORA hai="90" /><D107/><U35/><E35/><V109/><F109/><W30/><G30/><T81/><D46/><N who="2" m="17418" /><F122/><W64/><G64/><T86/><D86/><U54/><E43/><V120/><F121/><W59/><G116/><T5/><D5/><U99/><E84/><V79/><F120/><W11/><G49/><T58/><D58/><U102/><E53/><V51/><F61/><W56/><G56/><T37/><D37/><U2/><E44/><RYUUKYOKU ba="0,0" sc="183,-15,262,-15,211,15,344,15" hai2="4,9,14,51,55,57,79" hai3="11,12,16,48,52,59,73,87,91,92,117,118,119" /><INIT seed="6,1,0,4,4,25" ten="168,247,226,359" oya="2" hai0="121,56,44,117,40,17,39,9,53,13,30,93,31" hai1="19,134,108,16,7,55,83,66,54,64,80,28,70" hai2="49,78,129,131,120,41,29,82,122,68,116,130,81" hai3="75,42,0,94,95,26,58,133,60,52,115,74,22"/><V69/><F116/><W11/><G133/><T1/><D117/><U90/><E108/><V48/><F29/><W24/><G24/><T92/><D121/><N who="2" m="46698" /><F41/><W57/><G115/><T119/><D119/><U135/><E7/><V125/><F125/><W99/><G94/><T96/><D1/><U47/><E28/><V85/><F82/><N who="1" m="31273" /><E90/><V45/><F45/><W34/><G34/><T112/><D112/><U63/><E64/><V23/><F23/><W127/><G127/><T33/><D33/><U91/><E91/><V106/><F106/><W111/><G111/><T88/><D92/><U101/><E101/><V65/><F65/><W100/><G58/><T10/><D10/><U43/><E55/><V109/><F109/><W86/><G42/><T6/><D6/><U32/><E54/><V67/><F67/><W46/><G46/><T124/><D124/><U38/><E32/><V128/><N who="2" m="32768" /><DORA hai="110" /><V79/><F79/><W76/><G76/><T132/><D132/><AGARI ba="1,0" hai="16,19,38,43,47,63,66,70,132,134,135" m="31273" machi="132" ten="30,2000,0" yaku="20,1,54,1" doraHai="25,110" who="1" fromWho="0" sc="168,-23,247,23,226,0,359,0" /><INIT seed="7,0,0,1,5,5" ten="145,270,226,359" oya="3" hai0="13,62,30,102,57,4,72,132,1,86,93,21,101" hai1="23,20,84,77,88,123,98,6,18,114,51,22,119" hai2="116,100,16,8,87,33,122,29,7,0,17,79,92" hai3="125,28,95,118,131,12,34,67,71,44,105,54,121"/><W26/><G118/><T52/><D72/><U41/><E123/><V90/><F122/><W83/><G95/><T129/><D1/><U39/><E39/><V9/><F116/><W66/><G121/><T35/><D35/><U135/><E114/><V63/><F63/><W11/><G105/><T2/><D2/><U65/><E6/><V49/><F100/><W75/><G71/><T69/><D69/><U74/><E65/><V36/><F36/><W115/><G115/><T56/><D129/><U50/><E98/><V42/><F79/><W15/><G15/><T55/><D132/><U61/><E61/><V134/><F134/><W109/><G131/><T133/><D133/><U60/><E60/><V80/><F29/><W76/><G109/><T37/><D37/><U48/><E77/><N who="2" m="46479" /><F33/><W126/><G44/><T10/><D30/><U3/><E3/><V99/><F7/><N who="3" m="3199" /><G54/><T97/><D21/><U117/><E74/><V104/><F104/><W19/><G19/><N who="2" m="7241" /><F0/><W124/><AGARI ba="0,0" hai="26,28,34,66,67,75,76,83,124,125,126" m="3199" machi="124" ten="30,3000,0" yaku="18,1,52,1" doraHai="5" who="3" fromWho="3" sc="145,-10,270,-10,226,-10,359,30" owari="135,-36.0,260,6.0,216,-18.0,389,48.0" /></mjloggm>