<mjloggm ver="2.3"><GO type="169" lobby="0"/><UN n0="%E7%B4%94%E7%B1%B3%E3%83%95%E3%83%AC%E3%83%B3%E3%82%BA" n1="%E3%83%AB%E3%83%AB%E5%8F%82%E4%B8%8A" n2="%E5%BD%A9%E4%BA%AC" n3="%E3%82%B7%E3%83%A9%E3%80%82" dan="17,17,17,17" rate="2162.90,2172.88,2225.48,2163.93" sx="M,F,M,M"/><TAIKYOKU oya="0"/><INIT seed="0,0,0,0,5,120" ten="250,250,250,250" oya="0" hai0="63,33,77,95,78,128,17,15,124,0,135,37,4" hai1="99,7,117,14,89,41,76,60,70,12,111,69,115" hai2="119,65,127,105,31,32,71,102,96,72,66,47,21" hai3="23,90,87,94,67,44,80,112,52,73,36,106,53"/><T45/><D124/><U85/><E117/><V98/><F119/><W118/><G118/><T123/><D123/><U64/><E69/><V5/><F72/><W1/><G112/><T84/><D128/><U103/><E115/><V27/><F127/><W6/><G106/><T101/><D33/><U54/><E41/><V116/><F116/><W114/><G114/><T46/><D135/><U97/><E76/><V68/><F5/><W62/><G23/><T74/><D74/><U9/><E54/><V122/><F122/><W92/><G36/><T59/><D4/><U20/><E20/><V125/><F125/><W48/><G73/><T104/><D104/><U29/><E29/><V22/><F98/><W131/><G131/><T50/><D0/><U129/><E14/><V61/><F47/><N who="0" m="17930" /><D50/><U8/><E8/><V39/><F39/><W121/><G53/><T56/><D37/><U51/><E51/><V18/><F18/><W75/><G75/><T58/><D63/><AGARI ba="0,0" hai="21,22,27,31,32,61,63,65,66,68,71,96,102,105" machi="63" ten="40,5200,0" yaku="9,1,25,2" doraHai="120" who="2" fromWho="0" sc="250,-52,250,0,250,52,250,0" /><INIT seed="1,0,0,5,1,111" ten="198,250,302,250" oya="1" hai0="42,92,100,101,29,24,93,135,127,3,86,121,108" hai1="74,48,134,13,31,96,9,114,79,106,122,39,123" hai2="66,107,109,8,20,64,62,45,94,38,25,73,131" hai3="125,124,61,102,19,78,10,46,23,21,82,110,41"/><U104/><E39/><V84/><F107/><W40/><G110/><T16/><D108/><U14/><E134/><V36/><F73/><W81/><G102/><T2/><D135/><U112/><E31/><V57/><F109/><W70/><G10/><T30/><D127/><N who="3" m="48713" /><G41/><T113/><D121/><U68/><E68/><V88/><F131/><W129/><G129/><T105/><D86/><U53/><E79/><V128/><F128/><W115/><G115/><T54/><D54/><U130/><E74/><V91/><F66/><N who="3" m="41295" /><G78/><T1/><D42/><U71/><E71/><V103/><F103/><W37/><G23/><T97/><D113/><U5/><E130/><V0/><F91/><W63/><G63/><T51/><D51/><U17/><E96/><V133/><F133/><W126/><N who="3" m="48721" /><W32/><DORA hai="85" /><G32/><T59/><D100/><U69/><E69/><V119/><F119/><W49/><G37/><T60/><D105/><U26/><E106/><V67/><F67/><W76/><G76/><T65/><REACH who="0" step="1"/><D92/><REACH who="0" ten="188,250,302,250" step="2"/><U87/><E104/><V35/><F94/><W83/><G82/><T116/><D116/><U18/><E122/><V28/><F38/><W80/><G83/><T12/><D12/><AGARI ba="0,1" hai="12,19,21,40,46,49,80,81" m="41295,48721" machi="12" ten="40,1300,0" yaku="18,1" doraHai="111,85" who="3" fromWho="0" sc="188,-13,250,0,302,0,250,23" /><INIT seed="2,0,0,3,4,120" ten="175,250,302,273" oya="2" hai0="125,34,115,73,19,90,128,10,76,113,83,135,112" hai1="32,20,52,55,107,74,4,79,84,24,27,1,98" hai2="12,36,28,95,106,72,48,56,108,64,42,118,30" hai3="9,61,45,6,129,59,29,133,68,25,38,82,33"/><V40/><F118/><W119/><G119/><T57/><D135/><U65/><E74/><V105/><F72/><W123/><G129/><T16/><D128/><U121/><E121/><V3/><F95/><W104/><G133/><T60/><D125/><U69/><E1/><V43/><F3/><W58/><G123/><T70/><D70/><U100/><E4/><V22/><F36/><W39/><G104/><T75/><D75/><U134/><E134/><V2/><F2/><W14/><G68/><T78/><D34/><U53/><E79/><V130/><F43/><W7/><G7/><T86/><D10/><U11/><E84/><V97/><F97/><W85/><G45/><T63/><D63/><N who="1" m="40127" /><E11/><V71/><F71/><W17/><G59/><T109/><D109/><U23/><E24/><V49/><F108/><W87/><G6/><T127/><D127/><U94/><E94/><V35/><F12/><W110/><G87/><T89/><D76/><U114/><E114/><V26/><F26/><W77/><G110/><T81/><REACH who="0" step="1"/><D89/><REACH who="0" ten="165,250,302,273" step="2"/><U13/><E13/><V67/><F130/><W5/><REACH who="3" step="1"/><G5/><REACH who="3" ten="165,250,302,263" step="2"/><T54/><AGARI ba="0,2" hai="16,19,54,57,60,73,78,81,83,86,90,112,113,115" machi="54" ten="30,7900,0" yaku="1,1,2,1,0,1,54,1,53,0" doraHai="120" doraHaiUra="91" who="0" fromWho="0" sc="165,99,250,-20,302,-39,263,-20" /><INIT seed="3,0,0,1,5,69" ten="264,230,263,243" oya="3" hai0="122,20,21,56,72,64,59,124,57,44,68,33,38" hai1="28,37,112,67,110,121,85,94,2,15,114,71,43" hai2="48,9,53,45,18,10,111,1,4,81,93,78,89" hai3="82,75,17,39,97,19,77,104,130,134,54,7,32"/><W128/><G134/><T106/><D33/><U95/><E2/><V107/><F107/><W65/><G32/><T88/><D122/><U51/><E121/><V11/><F111/><W24/><G65/><T101/><D124/><U119/><E110/><V76/><F18/><W12/><G7/><T118/><D118/><U102/><E28/><V41/><F78/><W135/><G135/><T63/><D72/><U70/><E67/><V120/><F120/><W62/><G39/><T3/><D3/><U46/><E119/><V131/><F53/><W113/><G113/><T80/><D101/><U87/><E51/><V66/><F66/><W100/><G24/><T5/><D106/><U29/><E29/><V61/><F61/><W27/><G27/><T86/><REACH who="0" step="1"/><D5/><REACH who="0" ten="254,230,263,243" step="2"/><U105/><E105/><V40/><F131/><W42/><G130/><T73/><D73/><U129/><E102/><V50/><F4/><W60/><G128/><T22/><D22/><U25/><E129/><V30/><F1/><W35/><G35/><T6/><D6/><U8/><E8/><V103/><F103/><W31/><G100/><T132/><D132/><U90/><E114/><V36/><F11/><W47/><G104/><T99/><D99/><U83/><E87/><V109/><F10/><W55/><G97/><T125/><D125/><U84/><E84/><N who="2" m="52391" /><F9/><W74/><G74/><T91/><D91/><U127/><E127/><V133/><F133/><W116/><G116/><T96/><D96/><N who="1" m="57431" /><E112/><V126/><F126/><W108/><G75/><T52/><D52/><U115/><E115/><V117/><F117/><RYUUKYOKU ba="0,1" sc="254,30,230,-10,263,-10,243,-10" hai0="20,21,38,44,56,57,59,63,64,68,80,86,88" /><INIT seed="4,1,1,3,0,14" ten="284,220,253,233" oya="0" hai0="62,50,37,18,105,89,3,45,42,11,77,64,24" hai1="12,97,65,128,125,86,54,130,46,113,126,98,71" hai2="43,103,81,124,101,104,57,82,27,116,48,7,134" hai3="39,96,70,36,67,61,38,26,107,88,59,94,76"/><T6/><D105/><U55/><E113/><V60/><F124/><N who="1" m="47721" /><E71/><V15/><F134/><W31/><G76/><T20/><D89/><U35/><E65/><V28/><F104/><W32/><REACH who="3" step="1"/><G107/><REACH who="3" ten="284,220,253,223" step="2"/><T119/><D77/><U78/><E78/><V51/><F116/><W72/><G72/><T22/><D119/><U53/><E128/><V49/><F43/><W85/><G85/><T4/><D4/><U122/><E86/><V108/><F108/><W16/><G16/><T79/><D79/><U13/><E130/><V25/><F82/><W95/><G95/><T110/><D110/><U117/><E117/><V5/><F81/><W102/><G102/><T8/><D8/><U33/><E122/><V73/><F7/><W109/><G109/><T112/><D112/><U121/><E121/><V135/><F73/><W34/><G34/><T68/><REACH who="0" step="1"/><D20/><REACH who="0" ten="274,220,253,223" step="2"/><U114/><E114/><V84/><F5/><W63/><G63/><T29/><D29/><U127/><E127/><V99/><F60/><W93/><G93/><T123/><D123/><U118/><E118/><V21/><F21/><W2/><G2/><T69/><D69/><AGARI ba="1,3" hai="26,31,32,36,38,39,59,61,67,69,70,88,94,96" machi="69" ten="40,5200,0" yaku="1,1,54,1,53,1" doraHai="14" doraHaiUra="23" who="3" fromWho="0" sc="274,-55,220,0,253,0,223,85" /><INIT seed="5,0,0,3,1,50" ten="219,220,253,308" oya="1" hai0="108,130,109,75,47,2,1,46,30,87,80,134,6" hai1="74,44,8,34,57,23,15,25,89,131,90,67,123" hai2="22,110,45,49,0,48,104,105,94,59,10,60,83" hai3="97,61,71,43,28,14,66,58,119,29,41,121,112"/><U72/><E123/><V68/><F110/><W76/><G121/><T133/><D75/><U127/><E34/><V31/><F68/><W63/><G112/><T7/><D87/><U82/><E131/><V64/><F49/><W102/><G119/><T52/><D30/><U73/><E127/><V27/><F83/><W33/><G76/><T116/><D80/><U79/><E44/><V40/><F0/><W85/><G14/><T13/><D13/><U12/><E12/><V88/><REACH who="2" step="1"/><F10/><REACH who="2" ten="219,220,243,308" step="2"/><W18/><G71/><T56/><D2/><U78/><E82/><V129/><F129/><W111/><G111/><N who="0" m="42571" /><D130/><U65/><E79/><V3/><F3/><W86/><G63/><T21/><D116/><U62/><E78/><V54/><F54/><W69/><G61/><N who="0" m="35975" /><D1/><U101/><E65/><V103/><F103/><W118/><G66/><T42/><D42/><U107/><E101/><V100/><F100/><W98/><G102/><T39/><D39/><U128/><E128/><V117/><F117/><W77/><G43/><T92/><D134/><U55/><E67/><V38/><F38/><W113/><G41/><T106/><D133/><U35/><E107/><V5/><F5/><W126/><G118/><T37/><D106/><U122/><E122/><V84/><AGARI ba="0,1" hai="22,27,31,40,45,48,59,60,64,84,88,94,104,105" machi="84" ten="20,5200,0" yaku="1,1,0,1,7,1,54,1,53,0" doraHai="50" doraHaiUra="125" who="2" fromWho="2" sc="219,-13,220,-26,243,62,308,-13" /><INIT seed="6,0,0,3,4,99" ten="206,194,305,295" oya="2" hai0="79,67,73,121,71,35,103,53,52,119,8,7,1" hai1="129,109,66,94,3,6,36,82,130,58,22,108,23" hai2="10,63,65,57,115,113,95,116,11,80,126,74,21" hai3="43,101,90,31,131,49,81,39,27,117,34,16,30"/><V77/><F116/><W13/><G117/><T78/><D121/><U14/><E36/><V18/><F126/><W38/><G131/><N who="1" m="50186" /><E3/><V56/><F56/><W59/><G31/><T125/><D119/><U25/><E82/><V24/><REACH who="2" step="1"/><F95/><REACH who="2" ten="206,194,295,295" step="2"/><W64/><G59/><T111/><D125/><U20/><E94/><V107/><F107/><W86/><G64/><T91/><D67/><U32/><E58/><V72/><F72/><W19/><G19/><T37/><D73/><U26/><E66/><V60/><F60/><W92/><G92/><T61/><D61/><U120/><E120/><V17/><F17/><W68/><G68/><T12/><D71/><U135/><E135/><V5/><F5/><W70/><G70/><T29/><D7/><U55/><E6/><V110/><F110/><W33/><G16/><T89/><D111/><U87/><E108/><V112/><AGARI ba="0,1" hai="10,11,18,21,24,57,63,65,74,77,80,112,113,115" machi="112" ten="30,6000,0" yaku="1,1,0,1,15,1,53,0" doraHai="99" doraHaiUra="93" who="2" fromWho="2" sc="206,-20,194,-20,295,70,295,-20" /><INIT seed="6,1,0,3,1,104" ten="186,174,365,275" oya="2" hai0="76,97,96,40,73,122,131,91,71,115,18,70,0" hai1="108,113,116,85,17,101,1,46,14,9,120,118,31" hai2="13,77,58,51,128,32,65,127,81,89,125,66,83" hai3="75,69,129,67,93,92,63,38,99,88,55,105,135"/><V22/><F32/><W134/><G129/><T43/><D122/><U5/><E101/><V110/><F89/><W80/><G38/><T95/><D131/><U133/><E46/><V61/><F128/><W45/><G105/><T24/><D0/><U132/><E85/><V23/><F51/><W100/><G45/><T94/><D115/><U59/><E59/><V10/><F110/><W103/><G55/><T37/><D37/><U15/><E108/><V39/><F39/><W6/><G6/><T30/><D18/><U47/><E47/><V11/><F58/><W50/><G50/><T62/><D76/><U111/><E111/><V49/><F77/><N who="3" m="44095" /><G93/><T53/><D73/><U84/><E84/><V90/><F49/><W2/><G2/><T87/><D53/><U34/><E113/><V16/><F90/><W112/><G112/><T124/><D124/><U29/><E120/><V109/><F109/><W86/><G86/><T44/><D44/><U41/><E41/><V35/><F61/><W19/><G19/><T72/><D72/><U4/><E1/><V82/><F127/><W52/><G52/><T126/><D126/><U68/><E68/><N who="0" m="26153" /><D62/><U78/><E78/><V123/><F123/><W21/><G21/><N who="0" m="15631" /><D97/><U117/><E4/><V25/><F125/><W57/><G69/><T8/><D8/><N who="2" m="3114" /><F35/><W36/><G36/><T74/><D74/><U56/><E56/><V48/><F48/><W130/><G130/><T119/><D119/><U114/><E114/><V42/><F42/><W54/><G54/><T102/><D43/><U106/><E34/><V27/><F66/><RYUUKYOKU ba="1,0" sc="186,15,174,-15,365,-15,275,15" hai0="40,87,91,94,95,96,102" hai3="57,63,67,88,92,99,100,103,134,135" /><INIT seed="7,2,0,0,1,113" ten="201,159,350,290" oya="3" hai0="19,26,122,3,61,118,71,79,30,51,69,28,126" hai1="119,96,13,39,37,24,134,16,33,87,42,117,106" hai2="82,132,25,6,38,101,49,48,0,63,14,110,59" hai3="1,88,20,102,67,22,80,8,35,135,112,131,83"/><W121/><G121/><T108/><D108/><U77/><E134/><V75/><F38/><W93/><G112/><T58/><D122/><U85/><E33/><V41/><F41/><W125/><G35/><T81/><D3/><U47/><E37/><V103/><F0/><W66/><G135/><T60/><D126/><U98/><E24/><V45/><F45/><W31/><G125/><T91/><D51/><U114/><E114/><V68/><F25/><N who="3" m="16807" /><G131/><T29/><D91/><U72/><E72/><V10/><F68/><W76/><G1/><T129/><D129/><U9/><E77/><V46/><F46/><W86/><G8/><T12/><D26/><U115/><E115/><V52/><F10/><W74/><G74/><T120/><D61/><U55/><E55/><V50/><F75/><W84/><G22/><T57/><D57/><U62/><E62/><V18/><F63/><W40/><G40/><T107/><D107/><U127/><E127/><V123/><F123/><W2/><G2/><T99/><D120/><U73/><E73/><V54/><F59/><W94/><G102/><T53/><D118/><N who="1" m="45067" /><E106/><V104/><F104/><W34/><G34/><T92/><D79/><U23/><E9/><V7/><F54/><W65/><AGARI ba="2,0" hai="65,66,67,76,80,83,84,86,88,93,94" m="16807" machi="65" ten="30,3000,0" yaku="8,1,54,1" doraHai="113" who="3" fromWho="3" sc="201,-12,159,-12,350,-12,290,36" /><INIT seed="7,3,0,2,2,82" ten="189,147,338,326" oya="3" hai0="31,66,4,25,81,23,30,97,33,49,75,78,28" hai1="34,44,94,32,110,21,107,127,112,62,89,39,20" hai2="38,61,126,104,129,100,57,71,26,99,114,113,9" hai3="93,133,76,109,80,7,134,42,15,40,11,116,29"/><W95/><G116/><T86/><D75/><U24/><E110/><V58/><F38/><W125/><G109/><T74/><D74/><U101/><E112/><N who="2" m="43115" /><F129/><W10/><G125/><T108/><D108/><U106/><E127/><V103/><F103/><W22/><G11/><T3/><D33/><U72/><E72/><V131/><F131/><W73/><G29/><N who="0" m="17599" /><D3/><U0/><E0/><V96/><F96/><W83/><G83/><T2/><D2/><U69/><E101/><V120/><F9/><W132/><G22/><T48/><D4/><U88/><E21/><V46/><F126/><W117/><G117/><T53/><D66/><U105/><E89/><V36/><F26/><W121/><G121/><T60/><D97/><U52/><E39/><V115/><F120/><W17/><G7/><T90/><D90/><U37/><E37/><V59/><F115/><W35/><G35/><T67/><D67/><U5/><E5/><V79/><F79/><W135/><G135/><T70/><D70/><U45/><E69/><V118/><F118/><W130/><G130/><T102/><D102/><U98/><E34/><V18/><F71/><W64/><G64/><T77/><D78/><U63/><E32/><V50/><F36/><W68/><G68/><T122/><D122/><U65/><E65/><N who="2" m="39087" /><F18/><W84/><G73/><T123/><D123/><U128/><E128/><V92/><F104/><W13/><G13/><T111/><D111/><U119/><E119/><V91/><F100/><W27/><G27/><T43/><D77/><U87/><E24/><V19/><F19/><W54/><G54/><AGARI ba="3,0" hai="46,50,54,58,59,91,92,99" m="39087,43115" machi="54" ten="30,2000,0" yaku="6,1,15,1" doraHai="82" who="2" fromWho="3" sc="189,0,147,0,338,29,326,-29" owari="189,-21.0,147,-35.0,367,46.0,297,10.0" /></mjloggm>