<mjloggm ver="2.3"><GO type="169" lobby="0"/><UN n0="%E7%89%8C%E6%B5%81%E5%AE%9A%E7%9F%B3%E6%9C%80%E9%AB%98" n1="%4E%4F%2E%E2%85%A0" n2="%E6%88%91%E9%81%93" n3="%E3%83%AB%E3%83%AB%E5%8F%82%E4%B8%8A" dan="16,16,16,17" rate="2130.87,2185.32,2076.21,2166.93" sx="M,M,M,F"/><TAIKYOKU oya="0"/><INIT seed="0,0,0,1,5,28" ten="250,250,250,250" oya="0" hai0="64,66,13,121,135,87,101,30,26,97,44,65,73" hai1="94,58,111,133,91,79,129,29,11,17,117,42,86" hai2="56,61,126,92,25,112,18,40,88,15,71,46,123" hai3="104,31,115,1,84,70,93,20,100,12,113,76,81"/><T39/><D121/><U45/><E111/><V33/><F123/><W22/><G1/><T32/><D73/><U130/><E117/><V122/><F122/><W48/><G70/><T82/><D135/><U2/><E29/><V52/><F112/><W67/><G67/><T69/><D13/><U59/><E79/><V47/><F126/><W68/><G68/><T83/><D87/><U107/><E107/><V14/><F71/><W19/><G104/><T74/><D74/><U127/><E127/><V118/><F118/><W98/><G31/><T37/><D69/><U110/><E110/><V108/><F108/><W5/><G5/><T54/><D54/><U34/><E34/><V105/><F105/><W62/><G62/><T43/><REACH who="0" step="1"/><D39/><REACH who="0" ten="240,250,250,250" step="2"/><N who="1" m="21727" /><E133/><V8/><F14/><W72/><G72/><T21/><D21/><U96/><E86/><V60/><F8/><W131/><G22/><T102/><D102/><U10/><E10/><V103/><F103/><W134/><G134/><T6/><D6/><U124/><E124/><V78/><F15/><W125/><G125/><T63/><D63/><U3/><E3/><V57/><F61/><W36/><G36/><T23/><D23/><U106/><E2/><V77/><F25/><W119/><G119/><T53/><D53/><U55/><E55/><V4/><F60/><W85/><G48/><T0/><D0/><U89/><E11/><V7/><F52/><W9/><G9/><T35/><D35/><U109/><E109/><V51/><F33/><W90/><G131/><T38/><D38/><U114/><E129/><V24/><F51/><RYUUKYOKU ba="0,1" sc="240,15,250,-15,250,-15,250,15" hai0="26,30,32,37,43,44,64,65,66,82,83,97,101" hai3="12,19,20,76,81,84,85,90,93,98,100,113,115" /><INIT seed="0,1,1,2,1,48" ten="255,235,235,265" oya="0" hai0="94,52,6,22,65,72,89,102,2,103,118,126,13" hai1="51,59,21,104,84,85,61,129,3,23,96,92,34" hai2="49,41,75,31,74,121,37,109,100,81,82,0,29" hai3="119,128,101,8,127,5,46,135,66,77,11,93,16"/><T123/><D118/><U111/><E111/><V42/><F121/><W9/><G119/><T114/><D114/><U97/><E34/><V63/><F37/><W45/><G5/><T87/><D123/><U44/><E3/><V54/><F0/><W90/><G77/><T106/><D65/><N who="1" m="39103" /><E104/><V91/><F109/><W113/><G113/><T30/><D126/><U108/><E129/><V73/><F100/><W86/><G128/><T112/><D72/><U131/><E108/><V105/><F105/><W116/><G135/><T134/><D106/><U62/><E62/><V15/><F63/><W99/><G66/><T40/><D40/><N who="1" m="24967" /><E131/><V10/><F42/><W79/><G79/><T117/><D134/><U64/><E97/><V32/><F41/><W20/><G127/><T18/><D117/><U4/><E4/><V133/><F133/><W115/><G116/><T107/><D107/><U24/><E64/><V17/><F32/><W38/><G38/><T124/><D124/><U47/><E47/><N who="3" m="17930" /><G115/><T69/><D112/><U76/><E76/><V19/><F19/><W25/><G86/><N who="1" m="33386" /><E24/><V60/><F60/><W35/><G35/><T110/><D110/><U53/><E53/><V36/><F36/><W26/><G26/><N who="0" m="16727" /><D52/><U57/><E57/><V58/><REACH who="2" step="1"/><F91/><AGARI ba="1,1" hai="8,9,11,16,20,25,90,91,93,99,101" m="17930" machi="91" ten="30,2000,0" yaku="8,1,54,1" doraHai="48" who="3" fromWho="2" sc="255,0,235,0,235,-23,265,33" /><AGARI ba="1,0" hai="21,23,91,92,96" m="33386,24967,39103" machi="91" ten="30,1000,0" yaku="8,1" doraHai="48" who="1" fromWho="2" sc="255,0,235,10,212,-10,298,0" /><INIT seed="1,0,0,0,1,27" ten="255,245,202,298" oya="1" hai0="34,67,120,96,32,70,105,115,97,58,74,1,73" hai1="37,126,64,95,124,94,99,110,93,133,20,29,24" hai2="125,30,113,55,101,33,114,5,122,87,118,41,108" hai3="40,111,71,13,62,2,10,103,49,53,60,89,69"/><U104/><E37/><V35/><F118/><W17/><G111/><T100/><D115/><N who="2" m="44042" /><F122/><W38/><G2/><T112/><D112/><U18/><E110/><V22/><F108/><W127/><G127/><N who="1" m="48682" /><E133/><V65/><F125/><W134/><G103/><T98/><D120/><U50/><E64/><V23/><F41/><W123/><G134/><T106/><D1/><U56/><E104/><V121/><F121/><W85/><G40/><T51/><D51/><U92/><E56/><V16/><F65/><W31/><G38/><T116/><D58/><U21/><E50/><V52/><F101/><W4/><G4/><T54/><D54/><N who="2" m="20522" /><F5/><W91/><G123/><T25/><D116/><U81/><E81/><V48/><F48/><W3/><G3/><T12/><D106/><U130/><E130/><V14/><F87/><W0/><G0/><T80/><D100/><N who="1" m="60519" /><E18/><V15/><F15/><W88/><G71/><T107/><D12/><U9/><E9/><V66/><F66/><W79/><G69/><T83/><D107/><U131/><E131/><V42/><F42/><W78/><G62/><T8/><D8/><U76/><E76/><N who="3" m="29226" /><G60/><T19/><D105/><U132/><E132/><V36/><F36/><W84/><G85/><T6/><D67/><U129/><E129/><V11/><F11/><W63/><G84/><T77/><D70/><U47/><E47/><V72/><F72/><N who="0" m="27754" /><D77/><U90/><E90/><V26/><AGARI ba="0,0" hai="14,16,22,23,26,30,33,35" m="20522,44042" machi="26" ten="30,7900,0" yaku="11,1,52,1,54,2" doraHai="27" who="2" fromWho="2" sc="255,-20,245,-39,202,79,298,-20" /><INIT seed="2,0,0,4,4,38" ten="235,206,281,278" oya="2" hai0="127,64,53,20,43,58,55,126,81,71,129,45,51" hai1="75,18,76,6,48,14,72,24,90,40,107,86,66" hai2="12,32,23,47,83,68,118,120,34,50,74,31,2" hai3="97,80,36,73,92,46,101,49,7,11,54,85,42"/><V104/><F118/><W91/><G73/><T56/><D81/><U84/><E107/><V88/><F120/><W135/><G135/><T57/><D129/><U1/><E1/><V89/><F2/><W110/><G110/><T59/><D20/><U39/><E39/><V4/><F68/><W17/><G17/><T69/><D64/><U130/><E130/><V131/><F104/><W100/><G100/><T99/><D99/><U123/><E66/><V15/><F131/><W98/><G98/><T41/><D58/><U63/><E63/><V0/><F0/><W78/><G101/><T62/><D127/><U33/><E6/><V95/><F34/><W13/><G36/><T30/><D30/><U113/><E113/><V29/><F32/><W28/><G28/><N who="2" m="10825" /><F74/><W3/><G3/><T114/><D114/><U8/><E24/><V25/><F4/><W27/><G27/><T21/><D21/><U115/><E123/><V133/><F133/><W79/><G79/><T117/><D126/><U108/><E108/><V65/><F65/><W124/><G124/><T9/><D117/><U105/><E105/><V93/><F83/><W26/><G26/><T16/><D71/><U128/><E115/><V106/><F106/><W19/><G19/><T103/><D69/><U61/><E128/><V10/><F25/><W5/><G5/><T82/><D82/><N who="1" m="47175" /><E33/><V35/><F35/><W44/><G44/><T87/><D103/><U94/><E61/><V70/><F70/><W132/><G132/><T111/><D111/><U125/><E125/><V67/><F67/><W52/><AGARI ba="0,0" hai="7,11,13,42,46,49,52,54,78,80,85,91,92,97" machi="52" ten="30,12000,2" yaku="5,1,0,1,25,2,8,1,52,1,54,1" doraHai="38" who="3" fromWho="3" sc="235,-30,206,-30,281,-60,278,120" /><INIT seed="3,0,0,4,4,17" ten="205,176,221,398" oya="3" hai0="116,36,82,40,25,98,23,88,26,43,60,27,41" hai1="134,8,51,132,91,106,112,100,119,16,86,123,69" hai2="67,32,103,131,31,89,79,92,130,120,94,72,24" hai3="48,102,38,11,13,62,64,3,122,128,34,108,84"/><W37/><G122/><T70/><D116/><U78/><E123/><V57/><F120/><W53/><G34/><T114/><D114/><U56/><E112/><V10/><F103/><W50/><G3/><T4/><D4/><U2/><E69/><V109/><F109/><W77/><G128/><N who="2" m="49193" /><F10/><W42/><G102/><T55/><D36/><U5/><E78/><V96/><F94/><W87/><G87/><N who="0" m="50295" /><D70/><U101/><E119/><V15/><F15/><W99/><G99/><T0/><D98/><U19/><E100/><V63/><F79/><W30/><G30/><N who="0" m="17727" /><D0/><U125/><E101/><V58/><F72/><W61/><G38/><T39/><D39/><U107/><E125/><V129/><N who="2" m="49201" /><V90/><DORA hai="33" /><F89/><W85/><G37/><T49/><D60/><U66/><E107/><V74/><F74/><W110/><G61/><T111/><D111/><U81/><E106/><V68/><AGARI ba="0,0" hai="24,31,32,57,58,63,67,68,90,92,96" m="49201" machi="68" ten="40,1500,0" yaku="19,1" doraHai="17,33" who="2" fromWho="2" sc="205,-4,176,-4,221,15,398,-7" /><INIT seed="4,0,0,4,2,35" ten="201,172,236,391" oya="0" hai0="120,58,7,123,91,103,70,135,102,116,14,122,132" hai1="57,79,42,112,13,56,133,61,17,16,33,94,96" hai2="64,74,134,88,3,92,113,87,1,124,52,100,106" hai3="95,76,23,111,72,81,53,101,97,121,105,62,50"/><T37/><D70/><U19/><E133/><N who="0" m="51273" /><D37/><U45/><E33/><V18/><F134/><W9/><G111/><T73/><D73/><U83/><E112/><V108/><F108/><W8/><G121/><T12/><D116/><U127/><E127/><V86/><F124/><W24/><G62/><T36/><D36/><U110/><E110/><V5/><F113/><W107/><G107/><T66/><D91/><U4/><E4/><V43/><F43/><W67/><G67/><T21/><D21/><U38/><E13/><N who="0" m="5225" /><D7/><U25/><E25/><V128/><F5/><W27/><G27/><T75/><D75/><U115/><E115/><V99/><F64/><W22/><G22/><T54/><D66/><U2/><E2/><V126/><F126/><W69/><G69/><T41/><D41/><U34/><E34/><V30/><F74/><W28/><G105/><T130/><D130/><U82/><E79/><V39/><F128/><W98/><G98/><T85/><D85/><U55/><REACH who="1" step="1"/><E56/><AGARI ba="0,0" hai="8,9,23,24,28,50,53,56,72,76,81,95,97,101" machi="56" ten="30,1000,0" yaku="7,1" doraHai="35" who="3" fromWho="1" sc="201,0,172,-10,236,0,391,10" /><INIT seed="5,0,0,2,4,5" ten="201,162,236,401" oya="1" hai0="104,107,24,79,94,15,134,100,101,75,40,135,47" hai1="20,119,92,84,108,83,62,131,60,129,65,126,61" hai2="113,114,112,59,82,95,9,102,76,128,33,72,44" hai3="2,116,118,125,58,32,19,25,111,122,34,110,22"/><U132/><E119/><N who="3" m="45610" /><G58/><T31/><D15/><U57/><E132/><N who="0" m="50729" /><D79/><U120/><E120/><V86/><F128/><N who="1" m="49225" /><E126/><V124/><F124/><W38/><G38/><N who="0" m="21911" /><D75/><U68/><E108/><N who="3" m="41514" /><G125/><T43/><D43/><U69/><E92/><V89/><F33/><N who="3" m="12907" /><G2/><T53/><D53/><U41/><E41/><V133/><F133/><W29/><G122/><T49/><D49/><U70/><E20/><V36/><F59/><W91/><G91/><AGARI ba="0,0" hai="57,60,61,62,65,68,69,70,83,84,91" m="49225" machi="91" ten="40,2000,0" yaku="19,1" doraHai="5" who="1" fromWho="3" sc="201,0,162,20,236,0,401,-20" /><INIT seed="5,1,0,2,4,50" ten="201,182,236,381" oya="1" hai0="39,114,90,21,83,102,37,118,12,126,6,72,112" hai1="47,79,4,101,63,85,122,82,15,19,109,22,92" hai2="10,23,24,123,59,78,58,81,128,89,84,8,32" hai3="121,3,88,54,111,95,44,56,20,36,45,104,5"/><U51/><E122/><V103/><F123/><W52/><G104/><T132/><D118/><U65/><E109/><V17/><F128/><W67/><G111/><T134/><D102/><U73/><E4/><V106/><F32/><W77/><G36/><N who="0" m="13899" /><D90/><U66/><E63/><V130/><F130/><W64/><G77/><N who="0" m="44455" /><D21/><U25/><E15/><V60/><F106/><W46/><G121/><T93/><D93/><U91/><REACH who="1" step="1"/><E101/><REACH who="1" ten="201,172,236,381" step="2"/><V38/><F103/><W43/><G5/><T117/><D117/><U0/><E0/><V86/><F38/><W133/><G3/><T124/><D12/><U129/><E129/><V97/><F60/><N who="3" m="35847" /><G133/><N who="0" m="51307" /><D6/><U131/><E131/><V61/><F61/><W42/><G42/><AGARI ba="1,1" hai="19,22,25,42,47,51,65,66,73,79,82,85,91,92" machi="42" ten="30,5800,0" yaku="1,1,7,1,53,1" doraHai="50" doraHaiUra="14" who="1" fromWho="3" sc="201,0,172,71,236,0,381,-61" /><INIT seed="5,2,0,4,5,17" ten="201,243,236,320" oya="1" hai0="88,53,95,2,73,112,39,37,116,40,85,38,107" hai1="11,134,30,0,26,114,74,81,104,110,61,82,1" hai2="48,43,71,49,83,58,122,35,56,16,68,57,98" hai3="70,113,9,14,46,31,119,64,12,66,118,101,132"/><U7/><E114/><V86/><F35/><W52/><G113/><T121/><D112/><U5/><E134/><V65/><F122/><W93/><G132/><T94/><D116/><N who="3" m="44585" /><G31/><T27/><D107/><U105/><E110/><V127/><F98/><N who="3" m="59599" /><G70/><T100/><D121/><U89/><E61/><V131/><F131/><W103/><G103/><T124/><D73/><U133/><E133/><V96/><F96/><W36/><G12/><T126/><D2/><U23/><E81/><V28/><F28/><W67/><G36/><T4/><D4/><U125/><E125/><N who="0" m="48233" /><D53/><U55/><E55/><V47/><F127/><W25/><G25/><T79/><D79/><U62/><E62/><V18/><F49/><N who="3" m="28727" /><G67/><T92/><D100/><U97/><E97/><V32/><F32/><W76/><G76/><T77/><D77/><U29/><E29/><V84/><F65/><W78/><G78/><T60/><D27/><U117/><E117/><V129/><F129/><W90/><G90/><T15/><D15/><U34/><E34/><V111/><F111/><W130/><G130/><T87/><D88/><U59/><E74/><V10/><F83/><W13/><G13/><T75/><D75/><U21/><E89/><V20/><F71/><W54/><G54/><T24/><D24/><N who="1" m="16655" /><E82/><V3/><F68/><W91/><G91/><T106/><D106/><N who="1" m="41067" /><E0/><V135/><F135/><W115/><G115/><T99/><D99/><U63/><E7/><AGARI ba="2,0" hai="7,9,14,64,66" m="28727,59599,44585" machi="7" ten="30,2000,0" yaku="12,1,54,1" doraHai="17" who="3" fromWho="1" sc="201,0,243,-26,236,0,320,26" /><INIT seed="6,0,0,1,2,88" ten="201,217,236,346" oya="2" hai0="22,60,49,84,73,45,134,17,135,37,123,1,95" hai1="52,67,27,55,21,98,44,32,46,107,101,82,102" hai2="111,24,63,7,74,29,109,86,124,13,66,70,57" hai3="119,120,5,53,23,115,36,42,64,87,16,129,61"/><V128/><F74/><W4/><G119/><T15/><D123/><U126/><E32/><V78/><F128/><W68/><G120/><T85/><D73/><U43/><E126/><V8/><F124/><W96/><G129/><T31/><D1/><U90/><E101/><V50/><F70/><W127/><G42/><T94/><D37/><U125/><E67/><V130/><F130/><W0/><G36/><T122/><D122/><U14/><E14/><V62/><F63/><W69/><G69/><T58/><D31/><U19/><E125/><V118/><F118/><W80/><G0/><T25/><D25/><U28/><E28/><V104/><F104/><W34/><G34/><T81/><D135/><U30/><E30/><V76/><F50/><W91/><G115/><T2/><D2/><U38/><REACH who="1" step="1"/><E44/><REACH who="1" ten="201,207,236,346" step="2"/><V72/><F72/><W71/><G127/><T9/><D134/><U79/><E79/><V110/><REACH who="2" step="1"/><F86/><AGARI ba="0,1" hai="19,21,27,38,43,46,52,55,82,86,90,98,102,107" machi="86" ten="40,2600,0" yaku="1,1,54,1,53,0" doraHai="88" doraHaiUra="6" who="1" fromWho="2" sc="201,0,207,36,236,-26,346,0" /><INIT seed="7,0,0,4,4,91" ten="201,243,210,346" oya="3" hai0="7,19,115,100,60,5,25,56,42,109,74,13,118" hai1="76,52,12,122,94,88,121,64,24,23,31,63,107" hai2="59,39,130,77,72,102,9,36,6,126,29,58,84" hai3="67,48,134,0,125,18,41,44,129,128,26,62,68"/><W111/><G0/><T135/><D118/><U40/><E107/><V65/><F102/><W96/><G96/><T80/><D109/><U75/><E40/><V30/><F72/><W54/><G26/><T93/><D135/><U113/><E113/><V8/><F130/><W28/><G28/><T49/><D115/><U119/><E119/><V47/><F126/><W89/><G18/><T98/><D25/><U99/><E52/><V73/><F84/><W27/><G27/><T81/><D74/><U14/><E75/><V79/><F79/><W4/><G4/><N who="0" m="1611" /><D49/><U17/><E76/><V51/><F9/><W69/><G89/><T34/><D34/><U35/><E12/><V123/><F123/><W15/><G15/><T132/><D42/><U57/><AGARI ba="0,0" hai="14,17,23,24,31,35,57,63,64,88,94,99,121,122" machi="57" ten="20,5200,0" yaku="0,1,7,1,52,1,54,1" doraHai="91" who="1" fromWho="1" sc="201,-13,243,52,210,-13,346,-26" owari="188,-31.0,295,10.0,197,-20.0,320,41.0" /></mjloggm>