<mjloggm ver="2.3"><GO type="185" lobby="0"/><UN n0="%E6%96%B0%E5%AE%BF%E6%96%B9%E9%9D%A2%E3%80%82" n1="%E6%B5%81%E7%9F%B3%E4%B8%80%E6%97%8F" n2="%E5%86%AC%E6%A8%B9%E3%82%A4%E3%83%B4" n3="" dan="16,16,16,0" rate="2076.87,2179.52,2161.19,1500.00" sx="M,M,F,C"/><TAIKYOKU oya="0"/><INIT seed="0,0,0,2,4,85" ten="350,350,350,0" oya="0" hai0="116,49,112,71,64,122,65,84,54,92,127,57,115" hai1="81,1,50,44,119,89,96,45,109,48,106,37,63" hai2="42,123,0,72,133,91,62,83,118,99,32,117,102" hai3=""/><T66/><N who="0" m="31264" /><T130/><D116/><N who="2" m="44650" /><F0/><T129/><D92/><U46/><E119/><V121/><N who="2" m="31008" /><V75/><N who="2" m="31520" /><V125/><F32/><T113/><D84/><U124/><E37/><V59/><F42/><T87/><D87/><U101/><E1/><V47/><F47/><T52/><D127/><U79/><E124/><V97/><F133/><T43/><D43/><U94/><E63/><V51/><F51/><T38/><D38/><U82/><E109/><V120/><N who="2" m="30752" /><V131/><F131/><N who="0" m="50186" /><D54/><U3/><E3/><V76/><F125/><T104/><D104/><U74/><REACH who="1" step="1"/><E82/><REACH who="1" ten="350,340,350,0" step="2"/><V90/><F62/><AGARI ba="0,1" hai="49,52,57,62,64,65,66,71,112,113,115" m="50186,31264" machi="62" ten="40,12000,1" yaku="19,1,34,2,52,1,54,1" doraHai="85" who="0" fromWho="2" sc="350,130,340,0,350,-120,0,0" /><INIT seed="0,1,0,5,2,42" ten="480,340,230,0" oya="0" hai0="76,109,68,87,91,99,92,88,61,35,89,62,104" hai1="58,1,53,122,52,124,101,97,79,65,127,36,133" hai2="102,117,135,131,82,86,115,0,37,74,75,39,85" hai3=""/><T118/><D118/><U123/><N who="1" m="31264" /><U38/><N who="1" m="31520" /><U66/><E79/><V78/><F117/><T57/><D35/><U33/><E33/><V111/><F115/><T106/><D109/><U119/><E1/><V107/><F111/><T44/><D68/><U130/><E133/><V2/><F135/><T121/><N who="0" m="31008" /><T69/><D69/><U71/><E53/><V77/><F131/><T125/><D125/><N who="1" m="48203" /><E130/><V72/><F107/><T90/><D61/><U112/><E112/><V56/><F56/><T96/><D62/><U45/><E71/><V50/><F77/><T49/><D57/><U95/><E119/><V43/><F2/><T114/><D114/><U129/><E129/><V100/><F0/><T46/><D99/><U59/><E59/><V3/><F3/><T80/><REACH who="0" step="1"/><D44/><REACH who="0" ten="470,340,230,0" step="2"/><U55/><E45/><V105/><F105/><T113/><D113/><U41/><E58/><V116/><F116/><T73/><D73/><U98/><E97/><V128/><F74/><T32/><D32/><U94/><E98/><V40/><F75/><T67/><D67/><U60/><E65/><V93/><F72/><T63/><D63/><U81/><E60/><V83/><F128/><T126/><D126/><U48/><E66/><RYUUKYOKU ba="1,1" sc="470,20,340,-10,230,-10,0,0" hai0="46,49,76,80,87,88,89,90,91,92,96,104,106" /><INIT seed="0,2,1,2,3,65" ten="490,330,220,0" oya="0" hai0="39,96,91,50,56,107,101,74,2,33,81,64,38" hai1="87,66,68,67,113,59,62,75,1,79,123,35,114" hai2="46,115,61,111,83,45,120,126,42,77,121,51,48" hai3=""/><T36/><D2/><U99/><N who="1" m="31520" /><U85/><E1/><V78/><N who="2" m="30752" /><V37/><N who="2" m="31008" /><V93/><F115/><N who="1" m="44041" /><E35/><V94/><F111/><T71/><D33/><U84/><E99/><V49/><F126/><T92/><D50/><U34/><E34/><V134/><F134/><T129/><D56/><U3/><E3/><V82/><F61/><T69/><D64/><U70/><E66/><V135/><F135/><T119/><D119/><U0/><E0/><V98/><F98/><T97/><REACH who="0" step="1"/><D129/><REACH who="0" ten="480,330,220,0" step="2"/><U63/><E62/><V95/><REACH who="2" step="1"/><F46/><REACH who="2" ten="480,330,210,0" step="2"/><T118/><D118/><U110/><E110/><V133/><F133/><T58/><D58/><U60/><E60/><V53/><F53/><T103/><D103/><U124/><E124/><V55/><F55/><T73/><D73/><U86/><E75/><V132/><F132/><T130/><D130/><U43/><E43/><V76/><AGARI ba="2,3" hai="37,42,45,48,49,51,76,77,78,82,83,93,94,95" m="31008,30752" machi="76" ten="40,9000,2" yaku="1,1,0,1,29,2,52,2,53,0" doraHai="65" doraHaiUra="131" who="2" fromWho="2" sc="480,-62,330,-32,210,124,0,0" /><INIT seed="1,0,0,2,0,49" ten="418,298,334,0" oya="1" hai0="129,107,85,66,2,62,76,88,98,56,32,82,1" hai1="110,37,120,44,101,41,123,79,115,46,92,126,71" hai2="114,55,59,57,36,118,93,91,64,109,60,116,112" hai3=""/><U81/><N who="1" m="30752" /><U34/><N who="1" m="31520" /><U128/><E34/><V67/><F109/><T52/><D32/><U108/><E115/><N who="2" m="44075" /><F36/><T84/><D129/><U74/><E128/><V121/><N who="2" m="31008" /><V58/><F93/><T103/><D66/><N who="2" m="25130" /><F91/><T70/><D70/><U125/><E71/><V102/><F102/><T133/><D133/><U61/><E61/><V97/><F97/><T106/><D107/><U40/><E92/><AGARI ba="0,0" hai="1,2,52,56,62,76,82,84,85,88,92,98,103,106" machi="92" ten="30,7700,0" yaku="7,1,52,1,54,2" doraHai="49" who="0" fromWho="1" sc="418,77,298,-77,334,0,0,0" /><INIT seed="2,0,0,1,0,40" ten="495,221,334,0" oya="2" hai0="93,1,78,67,80,3,55,71,115,133,74,68,104" hai1="108,89,76,81,95,77,98,47,38,52,127,42,113" hai2="85,124,32,99,39,82,123,45,61,54,135,44,2" hai3=""/><V34/><N who="2" m="31520" /><V86/><F2/><T59/><D104/><U79/><E108/><V103/><F124/><T130/><D93/><U134/><E134/><V41/><F135/><T50/><D133/><U46/><E113/><V84/><F82/><T63/><D115/><U110/><E110/><V121/><N who="2" m="31008" /><V114/><F114/><T56/><REACH who="0" step="1"/><D130/><REACH who="0" ten="485,221,334,0" step="2"/><U109/><E109/><V101/><F32/><T105/><D105/><U57/><E127/><V120/><N who="2" m="30752" /><V83/><F34/><T62/><D62/><U100/><E46/><V60/><F83/><T65/><D65/><U128/><E128/><V112/><F112/><T69/><AGARI ba="0,1" hai="1,3,50,55,56,59,63,67,68,69,71,74,78,80" machi="69" ten="30,1500,0" yaku="1,1,0,1,53,0" doraHai="40" doraHaiUra="117" who="0" fromWho="0" sc="485,25,221,-5,334,-10,0,0" /><INIT seed="4,0,0,1,5,43" ten="510,216,324,0" oya="0" hai0="41,74,85,112,70,75,105,84,98,32,39,76,80" hai1="132,109,71,65,49,77,108,126,120,111,121,131,90" hai2="124,81,86,64,103,58,60,96,107,40,129,3,56" hai3=""/><T62/><D32/><U135/><N who="1" m="30752" /><U114/><N who="1" m="31008" /><U83/><E126/><V2/><F124/><T95/><D112/><U66/><E131/><V63/><F129/><T54/><D105/><U92/><E114/><V91/><REACH who="2" step="1"/><F40/><REACH who="2" ten="510,216,314,0" step="2"/><T45/><D75/><U46/><E135/><V87/><F87/><T38/><D85/><U72/><E132/><V78/><F78/><T133/><D74/><U73/><E73/><V34/><F34/><T33/><D33/><U97/><REACH who="1" step="1"/><E71/><REACH who="1" ten="510,206,314,0" step="2"/><V50/><F50/><T79/><D70/><U101/><E101/><V44/><F44/><T1/><D133/><U128/><E128/><V0/><F0/><T116/><D1/><U67/><E67/><AGARI ba="0,2" hai="2,3,56,58,60,63,64,67,81,86,91,96,103,107" machi="67" ten="30,8000,1" yaku="1,1,7,1,9,1,53,2" doraHai="43" doraHaiUra="52" who="2" fromWho="1" sc="510,0,206,-80,314,100,0,0" /><INIT seed="5,0,0,0,3,68" ten="510,126,414,0" oya="1" hai0="79,75,85,54,133,93,65,55,123,132,67,80,47" hai1="82,91,105,77,3,44,83,2,81,104,35,103,53" hai2="1,66,69,87,64,41,76,48,107,111,60,86,119" hai3=""/><U99/><E35/><V114/><F1/><T0/><N who="0" m="31520" /><T97/><D0/><U46/><E3/><V120/><N who="2" m="30752" /><V109/><F119/><T96/><D75/><U63/><E2/><V32/><F32/><T102/><D97/><U106/><E44/><V78/><F48/><T61/><D47/><U42/><E91/><V49/><F49/><T34/><D34/><U95/><E63/><V125/><F60/><T134/><D67/><U128/><E53/><V45/><F45/><T101/><D102/><U112/><E128/><V122/><N who="2" m="31264" /><V59/><F59/><AGARI ba="0,0" hai="54,55,59,61,65,79,80,85,93,96,101,132,133,134" m="31520" machi="59" ten="40,2600,0" yaku="20,1,52,1" doraHai="68" who="0" fromWho="2" sc="510,26,126,0,414,-26,0,0" /><INIT seed="6,0,0,1,2,62" ten="536,126,388,0" oya="2" hai0="121,84,93,80,126,61,106,54,81,59,75,92,100" hai1="39,50,48,125,87,43,36,72,73,32,122,41,88" hai2="107,119,98,104,127,86,124,113,70,110,134,67,120" hai3=""/><V105/><N who="2" m="30752" /><V69/><F119/><T78/><N who="0" m="31008" /><T108/><D108/><U85/><N who="1" m="31264" /><U130/><E32/><V47/><F110/><T79/><D126/><N who="2" m="48170" /><F113/><T1/><D1/><U34/><E34/><V101/><F134/><T112/><D112/><U66/><E130/><V111/><F111/><T94/><REACH who="0" step="1"/><D106/><REACH who="0" ten="526,126,388,0" step="2"/><U44/><E125/><V115/><F115/><T56/><D56/><U95/><E44/><V109/><F47/><T89/><D89/><U133/><E133/><V52/><F86/><T2/><D2/><U65/><REACH who="1" step="1"/><E88/><REACH who="1" ten="526,116,388,0" step="2"/><V37/><F109/><T0/><D0/><U68/><E68/><V33/><F69/><T131/><D131/><U40/><E40/><V114/><F33/><T135/><D135/><U49/><E49/><V82/><F114/><T118/><D118/><U74/><E74/><V38/><F70/><T53/><D53/><U3/><E3/><V117/><F52/><T77/><D77/><U116/><E116/><V128/><F117/><T57/><D57/><U63/><E63/><V58/><F58/><T129/><D129/><U97/><E97/><AGARI ba="0,2" hai="54,59,61,75,78,79,80,81,84,92,93,94,97,100" m="31008" machi="97" ten="40,2600,0" yaku="1,1,52,1,53,0" doraHai="62" doraHaiUra="42" who="0" fromWho="1" sc="526,46,116,-26,388,0,0,0" owari="572,52.0,90,-51.0,388,-1.0,0,0.0" /></mjloggm>