<mjloggm ver="2.3"><GO type="169" lobby="0"/><UN n0="%E5%BC%B7%E6%89%93%E6%84%9B%E5%A5%BD%E5%AE%B6" n1="%E4%BF%A1%E6%BF%83%E3%81%AE%E8%8D%92%E6%B3%95%E5%B8%AB" n2="%E5%85%AD%E9%83%A8%E5%9C%AD" n3="%E6%84%9B%E5%AA%9B%E7%9C%8C%E7%94%A3%E3%81%BF%E3%81%8B%E3%82%93" dan="16,18,16,17" rate="2144.26,2237.92,2102.87,2230.24" sx="M,M,M,F"/><TAIKYOKU oya="0"/><INIT seed="0,0,0,4,0,19" ten="250,250,250,250" oya="0" hai0="76,29,68,84,15,127,132,35,3,100,23,116,124" hai1="18,31,74,79,12,66,5,63,44,92,62,2,95" hai2="69,72,47,0,77,99,101,54,111,112,39,70,108" hai3="37,71,60,78,40,20,22,36,133,16,114,75,33"/><T52/><D116/><U107/><E107/><V87/><F0/><W93/><G33/><T24/><D68/><U64/><E31/><V38/><F112/><W17/><G114/><T56/><D100/><U59/><E2/><V103/><F72/><W13/><G40/><T110/><D3/><U28/><E5/><V122/><F122/><W131/><G131/><T30/><D132/><U27/><E44/><V4/><F4/><W120/><G133/><T128/><D128/><U49/><E49/><N who="2" m="28991" /><F87/><W41/><G41/><T119/><D119/><U73/><E79/><V25/><F77/><W48/><G48/><N who="0" m="30727" /><D110/><N who="2" m="42026" /><F25/><W106/><G120/><T113/><D113/><U42/><E42/><V82/><F82/><W14/><G106/><T97/><D97/><U6/><E6/><V129/><F129/><W8/><G93/><T123/><D123/><U90/><E92/><N who="2" m="58599" /><F103/><W81/><G8/><T43/><D43/><U135/><E135/><V126/><F126/><N who="0" m="48170" /><D15/><U9/><E95/><V50/><F38/><W94/><G94/><T115/><D115/><U125/><E125/><V7/><F39/><W45/><G45/><T134/><D134/><U117/><E117/><V83/><F70/><W55/><G71/><T32/><D30/><U91/><E74/><V85/><F69/><W86/><G75/><T26/><D26/><U105/><E73/><V11/><F85/><W53/><G53/><T104/><D104/><U58/><E105/><V46/><F83/><AGARI ba="0,0" hai="23,24,29,32,35,76,83,84" m="48170,30727" machi="83" ten="30,5800,0" yaku="18,1,52,1,54,1" doraHai="19" who="0" fromWho="2" sc="250,58,250,0,250,-58,250,0" /><INIT seed="0,1,0,3,1,76" ten="308,250,192,250" oya="0" hai0="119,50,90,79,2,32,66,130,74,116,109,131,103" hai1="58,15,51,100,33,134,23,61,45,47,52,14,0" hai2="40,13,108,35,26,12,42,24,70,94,48,113,121" hai3="93,91,133,111,41,92,38,62,30,31,112,107,53"/><T49/><D2/><U9/><E33/><V68/><F121/><W77/><G112/><T57/><D32/><U88/><E134/><V20/><F35/><W73/><G107/><T72/><D90/><U95/><E100/><V34/><F34/><W120/><G120/><T39/><D103/><U125/><E125/><V63/><F48/><N who="0" m="18538" /><D39/><U5/><E23/><V129/><F63/><W16/><G38/><T123/><D123/><U80/><E80/><V105/><F94/><W25/><G92/><T78/><D57/><U96/><REACH who="1" step="1"/><E47/><REACH who="1" ten="308,240,192,250" step="2"/><V98/><F20/><W46/><G46/><T104/><D72/><U29/><E29/><V83/><F83/><W3/><G31/><T55/><D74/><U126/><E126/><V6/><F113/><W43/><G30/><T117/><D78/><U114/><E114/><V1/><F129/><W87/><G77/><T36/><D79/><U85/><E85/><V64/><F98/><W22/><G73/><T102/><D131/><U44/><E44/><V27/><F108/><W99/><G111/><T21/><D21/><U10/><E10/><V127/><F127/><W110/><G110/><T18/><D109/><U54/><AGARI ba="1,1" hai="0,5,9,14,15,45,51,52,54,58,61,88,95,96" machi="54" ten="20,8000,1" yaku="1,1,0,1,7,1,54,2,53,0" doraHai="76" doraHaiUra="128" who="1" fromWho="1" sc="308,-41,240,93,192,-21,250,-21" /><INIT seed="1,0,0,2,3,53" ten="267,333,171,229" oya="1" hai0="24,75,134,17,94,31,30,48,72,16,97,26,127" hai1="105,58,90,121,131,126,35,29,88,51,27,34,81" hai2="39,68,10,37,74,43,70,9,5,82,14,114,91" hai3="99,122,119,1,118,79,132,49,128,25,19,92,102"/><U84/><E121/><V54/><F114/><W107/><G122/><T125/><D48/><U71/><E71/><V23/><F39/><W86/><G1/><T21/><D134/><U133/><E105/><V85/><F74/><N who="0" m="28202" /><D94/><U36/><E36/><V123/><F123/><W64/><G64/><T22/><D97/><U15/><E133/><V116/><F116/><W3/><G3/><T76/><D76/><U112/><E112/><V6/><F23/><N who="0" m="8714" /><D24/><U110/><E35/><V78/><F91/><W93/><G49/><T115/><D26/><U67/><E90/><V50/><F37/><W33/><G25/><T52/><D52/><U120/><E120/><V130/><F130/><W124/><G93/><T47/><D47/><U95/><E131/><V66/><F66/><W111/><G92/><T59/><D59/><U8/><E95/><V32/><F32/><W77/><G77/><T135/><D135/><U87/><E51/><V61/><F61/><W28/><G79/><T13/><D13/><U113/><E113/><V83/><F83/><W0/><G128/><T103/><D103/><U42/><E58/><V41/><F41/><W101/><G101/><T4/><D4/><N who="1" m="3463" /><E42/><V7/><F7/><W104/><G132/><T117/><D115/><U100/><E100/><V18/><F5/><W63/><G102/><T109/><D117/><U11/><E67/><V98/><F43/><W80/><G119/><T44/><D44/><U2/><E2/><N who="2" m="215" /><F98/><W46/><G0/><T69/><D69/><N who="2" m="26730" /><F50/><W129/><G118/><T12/><D12/><U65/><E65/><V38/><F38/><RYUUKYOKU ba="0,0" sc="267,-10,333,-10,171,30,229,-10" hai2="10,14,18,54,78,82,85" /><INIT seed="2,1,0,0,2,5" ten="257,323,201,219" oya="2" hai0="8,45,22,133,3,27,25,115,99,21,0,82,57" hai1="54,64,17,85,48,10,63,52,128,59,124,125,67" hai2="12,93,39,23,28,79,100,114,15,92,87,108,42" hai3="111,34,81,62,56,103,14,9,113,88,6,110,38"/><V31/><F114/><W73/><G113/><T84/><D115/><U112/><E128/><V46/><F108/><N who="3" m="41515" /><G38/><T123/><D123/><U107/><E107/><V37/><F37/><W24/><G103/><T121/><D121/><U77/><E112/><V80/><F100/><W68/><G68/><T102/><D57/><U78/><E54/><V41/><F41/><W96/><G73/><T33/><D45/><U18/><E67/><V44/><F44/><W65/><G34/><T116/><D133/><U104/><E104/><V70/><F70/><W119/><G24/><T134/><D134/><U16/><E10/><V127/><F127/><N who="1" m="48713" /><E85/><V98/><F92/><N who="3" m="56327" /><G81/><T74/><D74/><U120/><E120/><V117/><F117/><AGARI ba="1,0" hai="6,9,14,56,62,65,117,119" m="56327,41515" machi="117" ten="30,3900,0" yaku="14,1,52,1,54,1" doraHai="5" who="3" fromWho="2" sc="257,0,323,0,201,-42,219,42" /><INIT seed="3,0,0,4,1,120" ten="257,323,159,261" oya="3" hai0="85,38,77,67,108,51,127,11,104,28,8,46,78" hai1="71,36,74,97,20,94,110,52,12,92,37,99,18" hai2="23,87,81,57,54,65,69,84,47,100,116,95,102" hai3="7,64,134,124,42,15,125,48,27,79,41,126,90"/><W111/><G134/><T49/><D104/><U135/><E74/><V132/><F116/><W56/><G79/><T40/><D127/><U33/><E33/><V128/><F132/><W119/><G119/><T115/><D115/><U93/><E135/><V129/><F47/><W5/><G27/><T26/><D67/><U10/><E71/><V2/><F2/><W17/><G90/><T103/><D103/><U118/><E118/><V34/><F34/><W114/><G114/><T58/><D38/><U45/><E110/><V30/><F65/><W82/><G82/><T53/><D108/><U68/><E68/><V35/><F69/><W24/><G24/><T63/><D63/><U3/><E37/><V117/><F35/><W25/><G25/><T73/><D73/><U76/><E76/><N who="0" m="29289" /><D85/><N who="2" m="32842" /><F81/><W19/><G111/><T31/><D26/><N who="1" m="14615" /><E3/><V9/><F23/><N who="3" m="11711" /><G19/><T131/><D131/><N who="2" m="50250" /><F30/><AGARI ba="0,0" hai="8,11,28,30,31,40,46,49,51,53,58" m="29289" machi="30" ten="30,1000,0" yaku="8,1" doraHai="120" who="0" fromWho="2" sc="257,10,323,0,159,-10,261,0" /><INIT seed="4,0,0,1,5,79" ten="267,323,149,261" oya="0" hai0="37,1,122,12,128,81,105,34,77,55,17,94,39" hai1="44,61,40,80,54,29,60,9,56,100,74,72,49" hai2="96,110,5,21,89,7,135,83,25,16,38,45,75" hai3="101,95,119,78,93,22,99,92,82,124,3,0,107"/><T11/><D122/><U52/><E100/><V134/><F110/><W20/><G119/><T13/><D1/><U111/><E111/><V51/><F38/><W117/><G117/><T26/><D105/><U62/><E29/><V120/><F120/><W131/><G124/><T76/><D76/><U4/><E80/><V116/><F116/><W42/><G42/><T129/><D94/><U23/><E23/><V108/><F108/><W106/><G106/><T70/><D70/><U33/><E33/><V84/><F75/><W67/><G67/><T50/><D13/><U57/><REACH who="1" step="1"/><E61/><REACH who="1" ten="267,313,149,261" step="2"/><V90/><F134/><W112/><G22/><T10/><D34/><U130/><E130/><N who="0" m="50281" /><D11/><U125/><E125/><V36/><F135/><W65/><G20/><T113/><D26/><U32/><E32/><V133/><F133/><W104/><G104/><T68/><D10/><U18/><E18/><V127/><F127/><W30/><G30/><T14/><D17/><U73/><E73/><V98/><F36/><W28/><G28/><T59/><D37/><U87/><E87/><V97/><REACH who="2" step="1"/><F90/><REACH who="2" ten="267,313,139,261" step="2"/><W114/><G131/><T103/><D39/><U102/><E102/><V35/><F35/><W24/><G101/><T126/><D103/><U63/><E63/><V43/><AGARI ba="0,2" hai="5,7,16,21,25,43,45,51,83,84,89,96,97,98" machi="43" ten="30,12000,2" yaku="1,1,0,1,8,1,52,1,54,1,53,1" doraHai="79" doraHaiUra="86" who="2" fromWho="2" sc="267,-60,313,-30,139,140,261,-30" /><INIT seed="5,0,0,2,4,69" ten="207,283,279,231" oya="1" hai0="32,77,26,38,119,96,25,120,129,124,121,24,127" hai1="134,104,84,133,73,118,14,93,98,68,15,74,55" hai2="101,66,113,29,108,41,86,59,64,21,102,70,99" hai3="78,63,17,27,87,91,117,116,43,12,105,48,28"/><U103/><E68/><V100/><F108/><W75/><G105/><T130/><D77/><U122/><E55/><V126/><F70/><W88/><G75/><N who="1" m="28682" /><E122/><N who="0" m="47209" /><D96/><N who="1" m="61543" /><E118/><N who="3" m="45674" /><G63/><T40/><D119/><U9/><E9/><V49/><F99/><W135/><G78/><T92/><D92/><U54/><E54/><V114/><F86/><W90/><G48/><T4/><D4/><U6/><E6/><V109/><F64/><W56/><G56/><T20/><D20/><U65/><E65/><V42/><F66/><W80/><G43/><T11/><D11/><U8/><E8/><V107/><F42/><W60/><G60/><T44/><D32/><U35/><E35/><V33/><F33/><N who="3" m="20639" /><G135/><N who="1" m="51722" /><E84/><V45/><F107/><W5/><G5/><T30/><D30/><U115/><E115/><N who="2" m="44043" /><F59/><W52/><G52/><T10/><D10/><AGARI ba="0,0" hai="10,12,17,80,87,88,90,91" m="20639,45674" machi="10" ten="30,2000,0" yaku="12,1,54,1" doraHai="69" who="3" fromWho="0" sc="207,-20,283,0,279,0,231,20" /><INIT seed="6,0,0,2,0,19" ten="187,283,279,251" oya="2" hai0="16,123,134,72,95,2,122,94,90,10,70,34,44" hai1="63,18,80,107,105,81,13,14,103,37,0,39,113" hai2="26,56,98,33,58,49,128,87,28,36,119,48,45" hai3="7,65,40,112,53,77,93,47,42,3,46,132,74"/><V121/><F119/><W88/><G65/><T115/><D70/><U118/><E0/><V11/><F121/><W117/><G117/><T78/><D34/><U133/><E118/><V99/><F36/><W89/><G132/><T22/><D134/><U110/><E133/><V50/><F45/><W64/><G64/><T73/><D115/><U131/><E18/><V55/><F128/><W52/><G74/><T124/><D124/><U96/><E96/><V41/><F41/><N who="3" m="15979" /><G3/><T71/><D44/><N who="3" m="16937" /><G77/><T86/><D71/><U67/><E67/><V116/><F116/><W27/><G7/><T15/><D95/><U111/><E103/><V75/><F75/><W51/><G51/><T69/><D69/><U61/><REACH who="1" step="1"/><E131/><REACH who="1" ten="187,273,279,251" step="2"/><V83/><F98/><W4/><G4/><T9/><D122/><U108/><E108/><V68/><F99/><W8/><G112/><AGARI ba="0,1" hai="13,14,37,39,61,63,80,81,105,107,110,111,112,113" machi="112" ten="25,3200,0" yaku="1,1,22,2,53,0" doraHai="19" doraHaiUra="35" who="1" fromWho="3" sc="187,0,273,42,279,0,251,-32" /><INIT seed="7,0,0,0,2,15" ten="187,315,279,219" oya="3" hai0="131,129,135,24,34,116,39,117,89,109,69,5,22" hai1="83,26,72,23,113,13,17,53,25,33,0,37,61" hai2="91,126,103,11,127,30,84,47,75,118,104,100,106" hai3="50,115,65,105,40,16,10,102,76,8,71,32,87"/><W68/><G32/><T55/><D69/><U29/><E0/><V48/><F30/><W94/><G105/><N who="2" m="40553" /><F11/><W78/><G71/><T49/><D39/><U85/><E37/><V133/><F48/><W95/><G65/><T19/><D109/><U96/><E26/><V57/><F57/><W132/><G68/><T111/><D111/><U63/><E53/><V36/><F47/><N who="3" m="25959" /><G115/><T43/><D43/><U73/><E113/><V81/><F36/><W97/><G132/><T90/><D135/><U92/><E63/><V6/><F6/><W98/><G87/><T93/><D5/><U88/><E61/><V67/><F67/><W28/><G28/><T70/><D34/><U2/><E2/><V58/><F58/><W82/><G82/><T7/><D7/><U121/><E121/><V107/><F133/><W99/><G8/><T122/><D122/><U54/><E54/><V124/><F118/><N who="0" m="45674" /><D93/><N who="3" m="35337" /><G102/><AGARI ba="0,0" hai="13,17,23,25,29,33,72,73,83,85,88,92,96,102" machi="102" ten="30,3900,0" yaku="7,1,52,1,54,1" doraHai="15" who="1" fromWho="3" sc="187,0,315,39,279,0,219,-39" owari="187,-21.0,354,45.0,279,8.0,180,-32.0" /></mjloggm>