<mjloggm ver="2.3"><GO type="169" lobby="0"/><UN n0="%6B%75%72%69%6D%75" n1="%79%6A%69%72%6F" n2="%E3%81%B5%E3%81%96%E3%81%91%E3%82%8B%E3%83%9F%EF%BC%81" n3="%E3%83%89%E3%83%B3%E3%83%9E%E3%83%AB%E3%82%BF%E3%83%B3" dan="18,17,17,16" rate="2259.79,2216.10,2105.61,2042.11" sx="M,M,M,M"/><TAIKYOKU oya="0"/><INIT seed="0,0,0,4,2,74" ten="250,250,250,250" oya="0" hai0="59,91,82,14,1,117,10,33,35,81,45,129,30" hai1="70,5,134,118,28,89,86,60,76,43,94,100,44" hai2="88,116,4,19,7,42,54,77,132,71,125,13,107" hai3="31,20,109,46,29,41,25,112,96,3,61,99,114"/><T67/><D1/><U92/><E118/><V73/><F107/><W16/><G3/><T93/><D117/><U21/><E134/><V101/><F116/><W97/><G109/><T68/><D68/><U64/><E5/><V38/><F101/><W83/><G61/><T124/><D124/><U84/><E100/><V40/><F71/><W57/><G57/><T79/><D30/><U56/><E70/><V122/><F122/><W108/><G108/><T52/><D82/><N who="1" m="47175" /><E43/><V123/><F123/><W98/><N who="3" m="24576" /><DORA hai="0" /><W85/><G112/><T34/><D67/><U26/><E44/><V32/><F32/><W128/><G128/><T48/><D129/><U36/><E36/><V6/><F38/><W111/><G111/><T113/><D113/><U130/><E130/><V69/><F69/><W66/><G66/><T106/><D106/><U51/><E51/><V18/><F125/><W119/><G114/><T126/><D126/><U104/><E104/><V90/><F132/><W103/><G103/><T131/><D131/><U133/><E133/><V23/><F54/><W50/><REACH who="3" step="1"/><G119/><REACH who="3" ten="250,250,250,240" step="2"/><T17/><D59/><U115/><E115/><V135/><F135/><W63/><G63/><T95/><REACH who="0" step="1"/><D91/><AGARI ba="0,1" hai="16,20,25,29,31,41,46,50,83,85,91" m="24576" machi="91" ten="50,8000,1" yaku="1,1,8,1,54,1,53,1" doraHai="74,0" doraHaiUra="58,87" who="3" fromWho="0" sc="250,-80,250,0,250,0,240,90" /><INIT seed="1,0,0,3,5,8" ten="170,250,250,330" oya="1" hai0="22,100,126,4,79,80,116,67,33,0,63,52,44" hai1="115,14,125,93,82,107,45,122,70,103,10,114,91" hai2="17,24,2,60,59,19,54,78,121,13,75,90,69" hai3="23,53,95,135,35,6,108,12,105,128,76,42,1"/><U133/><E122/><V83/><F2/><W16/><G105/><T132/><D33/><U71/><E133/><V21/><F121/><W112/><G112/><T25/><D132/><U11/><E125/><V49/><F90/><W73/><G135/><T39/><D126/><U64/><E10/><V94/><F94/><W37/><G35/><T47/><D100/><U92/><E82/><V120/><F120/><W81/><G128/><T101/><D101/><U56/><E45/><V129/><F129/><W96/><G108/><T68/><D116/><U9/><E11/><V34/><F34/><W104/><G104/><T31/><D4/><U46/><E46/><V109/><F109/><W50/><G37/><T51/><D0/><U99/><E56/><V118/><F118/><W111/><G42/><T65/><D65/><U102/><E102/><V88/><F88/><W124/><G124/><T87/><D39/><U38/><E38/><V27/><F69/><W29/><G6/><T86/><REACH who="0" step="1"/><D47/><REACH who="0" ten="160,250,250,330" step="2"/><U3/><E3/><V77/><F77/><W85/><G1/><T119/><D119/><U89/><E107/><V28/><F78/><W97/><G111/><T117/><D117/><U106/><E106/><V134/><F134/><W127/><G127/><T15/><D15/><U84/><E103/><V98/><F13/><W72/><G12/><T7/><D7/><N who="1" m="3391" /><E64/><V5/><F5/><W40/><G76/><T48/><D48/><U66/><E66/><V18/><F49/><W41/><G50/><T57/><D57/><U55/><E114/><V43/><F59/><W30/><G23/><RYUUKYOKU ba="0,1" sc="160,30,250,-10,250,-10,330,-10" hai0="22,25,31,44,51,52,63,67,68,79,80,86,87" /><INIT seed="2,1,1,0,4,129" ten="190,240,240,320" oya="2" hai0="53,56,71,44,63,102,82,20,73,84,108,103,117" hai1="96,54,65,4,116,127,122,29,109,49,134,114,2" hai2="89,39,18,23,115,135,16,15,105,83,45,81,62" hai3="91,47,55,126,31,36,13,120,50,24,95,6,80"/><V41/><F115/><W106/><G126/><T59/><D108/><U76/><E116/><V0/><F0/><W32/><G120/><T48/><D73/><U26/><E76/><V90/><F105/><W97/><G106/><T79/><D71/><U60/><E4/><V1/><F1/><W28/><G36/><T27/><D56/><U104/><E2/><V98/><F135/><W121/><G121/><T110/><D110/><U94/><E104/><V22/><F62/><W37/><G37/><T113/><D117/><U46/><E60/><V64/><F64/><W52/><G31/><T66/><REACH who="0" step="1"/><D113/><REACH who="0" ten="180,240,240,320" step="2"/><U88/><E114/><V10/><F10/><W93/><G47/><T25/><D25/><U35/><E46/><V34/><F34/><W123/><G24/><T8/><D8/><U74/><E26/><V69/><F69/><W70/><G70/><T72/><D72/><U99/><E74/><V132/><F132/><W33/><G32/><T7/><D7/><U125/><E35/><V133/><F133/><W124/><G6/><T78/><D78/><U92/><E134/><V3/><F3/><W19/><G33/><T118/><D118/><U128/><E125/><V85/><F45/><W14/><G124/><T38/><D38/><U130/><E127/><V77/><F39/><W107/><G123/><T40/><D40/><U101/><E128/><V131/><F41/><W75/><G75/><T51/><D51/><U42/><E42/><V21/><F131/><W86/><G50/><T119/><D119/><U112/><E130/><V12/><F77/><W68/><G68/><RYUUKYOKU ba="1,2" sc="180,30,240,-10,240,-10,320,-10" hai0="20,27,44,48,53,59,63,66,79,82,84,102,103" /><INIT seed="3,2,2,1,4,26" ten="210,230,230,310" oya="3" hai0="47,69,75,118,72,73,52,84,99,5,95,114,105" hai1="42,51,113,125,91,117,59,18,111,62,4,106,3" hai2="56,98,66,108,70,130,45,63,74,54,33,126,64" hai3="119,110,15,48,67,43,128,39,10,25,0,129,40"/><W11/><G119/><T122/><D69/><U96/><E113/><V116/><F74/><W2/><G39/><T115/><D5/><U34/><E117/><V88/><F116/><W28/><G67/><T120/><D118/><U29/><E111/><V87/><F108/><W46/><G43/><T38/><D38/><U132/><E125/><V133/><F33/><W35/><G110/><T8/><D8/><U89/><E132/><V102/><F133/><W85/><G85/><T19/><D19/><U103/><E18/><V16/><F130/><N who="3" m="50283" /><G11/><T77/><D52/><U107/><E107/><V17/><F45/><W71/><G71/><T109/><D47/><U12/><E42/><V41/><F41/><W76/><G76/><T44/><D44/><U90/><E106/><V1/><F126/><W123/><G123/><N who="0" m="47147" /><D105/><U112/><E112/><N who="0" m="43049" /><D109/><U24/><E59/><V7/><F70/><W22/><G35/><T14/><D14/><U13/><E12/><V65/><F1/><W124/><G124/><T100/><D84/><U86/><E13/><V68/><F68/><W6/><AGARI ba="2,2" hai="0,2,6,10,15,22,25,28,40,46,48" m="50283" machi="6" ten="30,3000,0" yaku="19,1,52,1" doraHai="26" who="3" fromWho="3" sc="210,-12,230,-12,230,-12,310,56" /><INIT seed="3,3,0,2,5,27" ten="198,218,218,366" oya="3" hai0="15,59,89,58,37,102,43,44,3,84,97,64,57" hai1="13,48,127,20,122,93,120,56,110,25,130,54,63" hai2="101,68,61,71,18,35,128,65,66,72,69,112,87" hai3="134,117,34,125,116,29,10,114,78,23,90,74,50"/><W81/><G114/><T31/><D3/><U123/><E110/><V51/><F112/><W22/><G125/><T85/><D15/><U52/><E127/><V12/><F72/><W6/><G134/><T17/><D17/><U55/><E130/><V135/><F35/><W45/><G34/><T126/><D126/><U113/><E113/><V60/><F135/><W36/><G90/><T42/><D42/><U67/><E13/><V49/><F101/><W76/><G76/><T124/><D124/><U32/><E93/><V100/><F128/><W11/><G11/><T21/><D64/><U75/><E75/><V131/><F131/><W62/><G62/><T107/><REACH who="0" step="1"/><D89/><REACH who="0" ten="188,218,218,366" step="2"/><U86/><E122/><V92/><F12/><W88/><G88/><T53/><D53/><U95/><E123/><V39/><F18/><W104/><G117/><T0/><D0/><U83/><E120/><V103/><F66/><W96/><G116/><T47/><D47/><U16/><E55/><V77/><F65/><W98/><G45/><T80/><D80/><U106/><E54/><V41/><F41/><W109/><G81/><T91/><D91/><N who="1" m="53751" /><E83/><V133/><F133/><W33/><G109/><T8/><D8/><U79/><E67/><V73/><F69/><W5/><G10/><T70/><D70/><U121/><E52/><V28/><F68/><W99/><G5/><T108/><D108/><U119/><E121/><V132/><F71/><W24/><G6/><T40/><D40/><U115/><E119/><V30/><F132/><W9/><G9/><T2/><D2/><U19/><E115/><RYUUKYOKU ba="3,1" sc="188,30,218,-10,218,-10,366,-10" hai0="21,31,37,43,44,57,58,59,84,85,97,102,107" /><INIT seed="4,4,1,4,0,85" ten="218,208,208,356" oya="0" hai0="97,7,117,42,28,98,49,52,111,80,73,121,25" hai1="131,68,133,9,81,1,87,61,20,59,116,72,10" hai2="114,27,94,43,69,75,33,76,90,46,13,12,79" hai3="14,70,104,66,24,130,123,86,78,106,48,99,127"/><T132/><D117/><U89/><E116/><V11/><F114/><W29/><G70/><T23/><D121/><U105/><E105/><V74/><F69/><W125/><G66/><T113/><D113/><U64/><E131/><V53/><F53/><W107/><G130/><T0/><D111/><U109/><E109/><V65/><F65/><W21/><G123/><T55/><D132/><U118/><E118/><V83/><F33/><W71/><G71/><T22/><D7/><U93/><E133/><V63/><F63/><W8/><G48/><T58/><D0/><U110/><E110/><V92/><F27/><W96/><G86/><T100/><D42/><U26/><E68/><V41/><F11/><W47/><G47/><T15/><D100/><U124/><E124/><N who="3" m="47690" /><G78/><T126/><D126/><U19/><REACH who="1" step="1"/><E1/><REACH who="1" ten="218,198,208,356" step="2"/><V112/><F112/><W6/><AGARI ba="4,2" hai="6,8,14,21,24,29,96,99,104,106,107" m="47690" machi="6" ten="40,1500,0" yaku="18,1" doraHai="85" who="3" fromWho="3" sc="218,-11,198,-8,208,-8,356,47" /><INIT seed="5,0,0,1,0,129" ten="207,190,200,403" oya="1" hai0="15,75,72,36,131,7,126,41,38,93,51,80,70" hai1="104,68,102,88,56,92,89,132,62,19,23,134,29" hai2="84,18,53,21,108,37,82,17,117,31,3,90,67" hai3="94,124,114,86,133,5,39,52,13,44,76,58,110"/><U8/><E68/><V11/><F108/><W121/><G110/><T27/><D126/><U85/><E29/><V45/><F117/><W42/><G121/><T103/><D27/><U112/><E112/><V4/><F67/><W60/><G124/><T34/><D34/><U55/><E8/><V30/><F18/><W106/><G106/><T33/><D33/><U64/><E64/><V123/><F123/><W83/><G114/><T59/><D38/><U95/><E102/><V119/><F119/><W46/><G46/><T0/><D15/><U107/><E104/><V2/><F2/><W10/><G94/><T40/><D40/><U122/><E107/><V98/><F98/><W135/><AGARI ba="0,0" hai="5,10,13,39,42,44,52,58,60,76,83,86,133,135" machi="135" ten="30,7900,0" yaku="0,1,52,2,54,1" doraHai="129" who="3" fromWho="3" sc="207,-20,190,-39,200,-20,403,79" /><INIT seed="6,0,0,1,2,52" ten="187,151,180,482" oya="2" hai0="68,65,132,117,99,108,125,97,103,131,61,94,129" hai1="6,33,39,55,85,53,72,25,47,49,27,38,1" hai2="51,24,46,15,84,59,37,36,77,17,56,86,134" hai3="35,123,22,26,19,78,4,5,43,75,115,11,95"/><V112/><F112/><W105/><G105/><T109/><D125/><U44/><E72/><V69/><F69/><W81/><G123/><T91/><D132/><U111/><E111/><V18/><F134/><W63/><G43/><T122/><D122/><U98/><E98/><V124/><F124/><W92/><G35/><T40/><D40/><U96/><E96/><V60/><F36/><W80/><G5/><T102/><D91/><U23/><E85/><N who="2" m="32875" /><F37/><W126/><G81/><T42/><D42/><U74/><E74/><V31/><F60/><W88/><G88/><T114/><D114/><U0/><E33/><V66/><F66/><W16/><G19/><N who="2" m="7177" /><F15/><W120/><G120/><T58/><D117/><U28/><E27/><V67/><F67/><W87/><G75/><T71/><D68/><U30/><E30/><V50/><F77/><W100/><G126/><T104/><REACH who="0" step="1"/><D71/><REACH who="0" ten="177,151,180,482" step="2"/><U32/><E39/><V116/><F116/><W133/><G133/><T70/><D70/><U106/><E38/><V90/><F90/><W9/><G115/><T2/><D2/><U121/><E121/><V82/><F82/><W110/><G80/><T93/><D93/><U34/><E106/><V130/><F130/><AGARI ba="0,1" hai="58,61,65,94,97,99,102,103,104,108,109,129,130,131" machi="130" ten="40,8000,1" yaku="1,1,19,1,52,1,53,1" doraHai="52" doraHaiUra="54" who="0" fromWho="2" sc="177,90,151,0,180,-80,482,0" /><INIT seed="7,0,0,1,5,43" ten="267,151,100,482" oya="3" hai0="35,71,114,75,99,15,79,19,89,117,46,107,93" hai1="9,1,45,76,48,122,24,59,116,57,128,119,33" hai2="100,25,53,64,104,0,102,74,133,51,123,22,12" hai3="69,131,44,118,63,11,27,95,87,17,78,83,90"/><W103/><G118/><N who="1" m="45098" /><E122/><V61/><F0/><W56/><G131/><T135/><D71/><U8/><E128/><V36/><F133/><W26/><G69/><T80/><D135/><U124/><E124/><V82/><F123/><W120/><G103/><T29/><D114/><U16/><E76/><V14/><F36/><W7/><G17/><T58/><D58/><N who="1" m="22027" /><E1/><V92/><F61/><W18/><G18/><T134/><D107/><U38/><E38/><V60/><F64/><W55/><G120/><T68/><D68/><U113/><E113/><V42/><F60/><W101/><G101/><T72/><D134/><U50/><E50/><V13/><F42/><W6/><G6/><T65/><D65/><U39/><E39/><V129/><F104/><W110/><G110/><T121/><D121/><U98/><E98/><V130/><F82/><W54/><G11/><T111/><D99/><U32/><E9/><V2/><F74/><W77/><G7/><T81/><D75/><U23/><E8/><V125/><F2/><W127/><G127/><T40/><D79/><U5/><E5/><V20/><F125/><W73/><G78/><T84/><D111/><U66/><E66/><V10/><F10/><W49/><AGARI ba="0,0" hai="26,27,44,49,54,55,56,63,73,77,83,87,90,95" machi="49" ten="30,3000,0" yaku="0,1,52,1" doraHai="43" who="3" fromWho="3" sc="267,-10,151,-10,100,-10,482,30" owari="257,6.0,141,-26.0,90,-41.0,512,61.0" /></mjloggm>