<mjloggm ver="2.3"><GO type="169" lobby="0"/><UN n0="%E3%82%84%E3%81%8F%E3%81%97%E3%81%BE%E3%82%8B%E3%81%88%E3%81%A4%E3%81%93" n1="%E3%81%8B%E3%81%8B%E3%81%8B%E3%81%8B" n2="%70%69%6E%63%65%72%73" n3="%4D%61%74%75%75%72%61" dan="16,16,16,17" rate="2064.51,2102.89,2161.08,2191.17" sx="F,M,M,M"/><TAIKYOKU oya="0"/><INIT seed="0,0,0,4,3,84" ten="250,250,250,250" oya="0" hai0="96,29,89,99,111,49,77,26,40,31,103,44,78" hai1="132,21,80,129,30,69,83,13,90,66,55,76,124" hai2="42,24,119,115,75,53,107,6,92,134,50,110,46" hai3="2,17,120,52,100,43,97,27,45,58,108,11,16"/><T36/><D36/><U19/><E124/><V5/><F107/><W14/><G108/><T128/><D128/><U114/><E132/><V67/><F75/><W54/><G120/><T131/><D131/><U3/><E3/><V95/><F110/><W122/><G122/><T106/><D111/><U123/><E123/><V87/><F115/><W73/><G73/><T61/><D61/><U39/><E39/><V12/><F67/><W74/><G74/><T63/><D63/><U7/><E7/><V35/><F134/><W105/><G2/><T37/><D37/><U117/><E117/><V64/><F64/><W113/><G113/><T22/><REACH who="0" step="1"/><D29/><REACH who="0" ten="240,250,250,250" step="2"/><U72/><E30/><V34/><F119/><W81/><G54/><T18/><D18/><U101/><E55/><V0/><F53/><W112/><G17/><T47/><D47/><U116/><E129/><V8/><F46/><W33/><G112/><T102/><D102/><U109/><E116/><V65/><F65/><W28/><G45/><T88/><D88/><U130/><E109/><V91/><F91/><W59/><G43/><T86/><D86/><N who="1" m="50503" /><E130/><V71/><F87/><W56/><REACH who="3" step="1"/><G81/><REACH who="3" ten="240,250,250,240" step="2"/><T68/><D68/><U20/><E114/><V10/><F71/><W104/><G104/><T121/><D121/><U57/><E69/><V32/><F42/><W70/><G70/><T23/><D23/><U85/><E72/><V4/><F0/><W98/><G98/><T25/><D25/><U15/><E66/><V135/><F24/><W60/><AGARI ba="0,2" hai="11,14,16,27,28,33,52,56,58,59,60,97,100,105" machi="60" ten="20,8000,1" yaku="1,1,0,1,7,1,54,2,53,0" doraHai="84" doraHaiUra="41" who="3" fromWho="3" sc="240,-40,250,-20,250,-20,240,100" /><INIT seed="1,0,0,0,5,14" ten="200,230,230,340" oya="1" hai0="109,62,46,131,45,56,87,60,106,24,123,18,4" hai1="70,66,32,93,74,38,91,98,80,61,49,0,125" hai2="8,130,71,118,47,44,51,13,23,135,113,1,53" hai3="114,117,11,42,94,20,85,54,88,29,25,35,34"/><U10/><E38/><V108/><F118/><W17/><G114/><T76/><D106/><U57/><E32/><V21/><F113/><W69/><G117/><T12/><D131/><U33/><E33/><V50/><F71/><W81/><G69/><T111/><D123/><U75/><E125/><V83/><F130/><W48/><G42/><T89/><D76/><U132/><E132/><V31/><F1/><W90/><G11/><T134/><D24/><U27/><E27/><V5/><F108/><N who="0" m="41546" /><D4/><U41/><E80/><V105/><F105/><W112/><G112/><T128/><D134/><U122/><E122/><V72/><F135/><W22/><G22/><N who="0" m="11591" /><D128/><U127/><E127/><V15/><F31/><W37/><G37/><T58/><D58/><U19/><E70/><V55/><F13/><W64/><G64/><N who="0" m="38919" /><D62/><U92/><E61/><V7/><F7/><W116/><G116/><T124/><D124/><U133/><E66/><V86/><REACH who="2" step="1"/><F72/><REACH who="2" ten="200,230,220,340" step="2"/><W78/><G29/><T3/><D3/><U26/><E133/><V82/><F82/><AGARI ba="0,1" hai="45,46,82,87,89" m="38919,11591,41546" machi="82" ten="30,2000,0" yaku="14,1,52,1" doraHai="14" who="0" fromWho="2" sc="200,30,230,0,220,-20,340,0" /><INIT seed="2,0,0,4,4,98" ten="230,230,200,340" oya="2" hai0="94,25,68,2,19,15,51,24,54,85,23,56,8" hai1="59,84,110,103,126,48,115,119,28,44,5,60,72" hai2="80,67,73,75,81,9,79,0,90,65,101,18,29" hai3="109,31,95,10,27,70,41,113,16,1,129,12,32"/><V52/><F29/><W4/><G70/><T104/><D104/><U66/><E72/><V50/><F101/><W125/><G41/><T55/><D68/><U120/><E115/><V130/><F130/><W71/><G71/><T124/><D124/><U57/><E119/><V91/><F91/><W83/><G83/><T122/><D122/><U40/><E110/><V63/><F63/><W11/><G95/><T78/><D2/><U26/><E120/><V6/><F18/><W96/><G96/><T121/><D121/><U97/><E57/><V111/><F111/><W47/><G47/><T42/><D42/><U117/><E84/><V112/><F112/><W74/><G74/><T99/><D8/><U3/><E3/><V123/><F123/><W105/><G105/><T38/><D38/><U134/><E5/><V46/><REACH who="2" step="1"/><F90/><REACH who="2" ten="230,230,190,340" step="2"/><W76/><G109/><T132/><D132/><U43/><E134/><V86/><F86/><W61/><G61/><N who="0" m="35991" /><D85/><U64/><E126/><V35/><F35/><W127/><G113/><T7/><D7/><U102/><E117/><V89/><F89/><W33/><G129/><T128/><D128/><U87/><E87/><V131/><F131/><W36/><G32/><T34/><D34/><U82/><E60/><V133/><F133/><W13/><G125/><T93/><D93/><U30/><E64/><V49/><F49/><W69/><G127/><T116/><D116/><U107/><E66/><V106/><F106/><W62/><G4/><T39/><D39/><U114/><E48/><V22/><F22/><N who="3" m="11535" /><G36/><T58/><D78/><AGARI ba="0,1" hai="0,6,9,46,50,52,65,67,73,75,78,79,80,81" machi="78" ten="40,7700,0" yaku="1,1,9,1,54,1,53,0" doraHai="98" doraHaiUra="118" who="2" fromWho="0" sc="230,-77,230,0,190,87,340,0" /><INIT seed="2,1,0,0,4,60" ten="153,230,277,340" oya="2" hai0="93,65,42,32,103,84,133,114,51,108,48,109,85" hai1="95,123,94,0,17,27,117,73,40,10,77,18,100" hai2="80,22,76,8,46,74,43,115,35,124,88,28,4" hai3="55,44,105,29,68,6,30,37,3,125,75,52,5"/><V23/><F115/><W107/><G75/><T12/><D32/><U58/><E117/><V20/><F124/><W83/><G125/><T121/><D114/><U101/><E40/><V24/><F88/><W132/><G68/><T92/><D121/><U102/><E123/><V90/><F90/><W34/><G34/><T66/><D42/><U16/><E27/><V13/><REACH who="2" step="1"/><F35/><REACH who="2" ten="153,230,267,340" step="2"/><W97/><G97/><T79/><D79/><U119/><E77/><V104/><F104/><W21/><G107/><T130/><D103/><U106/><E106/><V63/><F63/><W72/><G105/><T11/><D130/><U33/><E33/><V81/><F81/><W49/><G83/><T82/><D82/><U71/><E101/><V99/><F99/><W26/><G72/><T38/><D133/><U19/><E73/><V134/><F134/><W53/><G132/><T39/><REACH who="0" step="1"/><D12/><REACH who="0" ten="143,230,267,340" step="2"/><U120/><E100/><V96/><F96/><W56/><G3/><T7/><D7/><U50/><E102/><V131/><F131/><W126/><G6/><T91/><D91/><U15/><E0/><V2/><F2/><W87/><G5/><T25/><D25/><U110/><E15/><V9/><F9/><AGARI ba="1,2" hai="9,11,38,39,48,51,65,66,84,85,92,93,108,109" machi="9" ten="25,8000,1" yaku="1,1,22,2,52,2,53,0" doraHai="60" doraHaiUra="129" who="0" fromWho="2" sc="143,103,230,0,267,-83,340,0" /><INIT seed="3,0,0,3,1,34" ten="246,230,184,340" oya="3" hai0="40,105,127,102,33,78,2,77,64,70,75,29,42" hai1="39,9,60,89,129,135,1,116,106,134,25,47,80" hai2="16,24,56,124,74,13,6,119,7,3,23,110,125" hai3="54,14,73,11,0,55,84,62,17,15,28,51,12"/><W98/><G73/><T26/><D77/><U66/><E106/><V35/><F74/><W132/><G132/><N who="1" m="50730" /><E129/><V93/><F93/><W22/><G98/><N who="0" m="61655" /><D127/><N who="2" m="48714" /><F56/><W71/><G84/><T90/><D90/><U18/><E116/><V69/><F69/><W45/><G28/><T79/><D79/><U58/><E47/><V94/><F94/><W100/><G100/><T133/><D133/><U8/><E39/><V49/><F49/><W114/><G114/><T88/><D88/><U53/><E53/><V20/><F119/><W99/><G99/><T27/><D27/><U121/><E80/><V104/><F104/><W107/><G107/><T97/><D97/><U115/><E115/><V30/><F110/><W52/><G0/><T85/><D2/><U81/><E81/><V126/><N who="2" m="48722" /><V122/><DORA hai="31" /><F122/><W41/><REACH who="3" step="1"/><G11/><REACH who="3" ten="246,230,184,330" step="2"/><T96/><D96/><U92/><E1/><V19/><F3/><W44/><G44/><T10/><D10/><U128/><E121/><V5/><F19/><W117/><G117/><T95/><D75/><U4/><E18/><V131/><F131/><W63/><G63/><N who="0" m="40223" /><D95/><U76/><E128/><V123/><F123/><W101/><G101/><T113/><D113/><U32/><E92/><V83/><F83/><AGARI ba="0,1" hai="26,29,33,40,42,78,83,85" m="40223,61655" machi="83" ten="30,2000,0" yaku="25,1,52,1" doraHai="34,31" who="0" fromWho="2" sc="246,30,230,0,184,-20,330,0" /><INIT seed="4,0,0,0,5,48" ten="276,230,164,330" oya="0" hai0="41,6,121,55,5,22,119,39,37,0,79,42,85" hai1="2,49,117,70,78,16,61,87,81,27,66,68,8" hai2="10,76,88,50,34,104,127,44,20,128,80,111,53" hai3="135,108,15,33,125,105,130,45,72,98,95,47,21"/><T32/><D32/><U110/><E117/><V123/><F34/><W91/><G33/><T102/><D119/><U100/><E110/><V19/><F111/><W133/><G72/><T17/><D121/><U46/><E100/><V52/><F123/><W35/><G35/><T122/><D122/><U38/><E38/><V112/><F104/><W36/><G108/><T13/><D39/><U134/><E134/><V86/><F112/><W92/><G105/><T59/><D102/><U69/><E2/><V57/><F128/><W29/><G130/><T73/><D73/><U67/><E67/><V132/><F132/><W96/><G125/><T77/><D0/><U24/><E8/><V82/><F127/><W93/><G93/><T23/><D23/><U63/><E63/><N who="2" m="36263" /><F10/><W129/><G129/><T83/><D77/><U3/><E3/><V56/><F44/><W30/><G36/><T12/><D37/><U103/><E103/><V7/><F7/><N who="0" m="2570" /><D13/><U114/><E114/><V89/><F80/><W131/><G131/><T18/><D18/><U115/><E115/><V28/><F28/><W90/><G133/><T75/><D75/><U60/><E69/><V109/><F109/><W124/><G124/><T43/><D43/><U116/><E116/><V9/><F9/><W120/><G120/><T1/><D1/><U25/><E70/><V71/><F71/><W74/><G74/><T64/><D64/><U31/><E31/><N who="3" m="11786" /><G135/><T65/><D65/><U94/><E68/><V126/><F126/><W118/><G118/><T11/><D11/><U40/><E66/><V51/><F51/><AGARI ba="0,0" hai="12,17,22,41,42,51,55,59,79,83,85" m="2570" machi="51" ten="30,5800,0" yaku="6,1,8,1,52,1" doraHai="48" who="0" fromWho="2" sc="276,58,230,0,164,-58,330,0" /><INIT seed="4,1,0,5,4,38" ten="334,230,106,330" oya="0" hai0="32,88,85,13,127,63,113,75,107,77,26,51,118" hai1="130,4,100,29,59,65,102,122,52,134,35,70,28" hai2="99,94,103,44,95,96,117,116,48,42,24,109,21" hai3="121,126,36,16,50,76,61,98,101,108,67,66,123"/><T40/><D118/><U104/><E122/><N who="3" m="46602" /><G36/><T110/><D107/><U128/><E134/><V106/><F109/><W17/><G76/><T27/><D110/><U80/><E65/><V72/><F72/><W62/><G108/><T20/><D32/><U46/><E70/><V78/><F78/><W43/><G126/><T3/><D3/><U69/><E69/><V18/><REACH who="2" step="1"/><F106/><REACH who="2" ten="334,230,96,330" step="2"/><N who="3" m="63799" /><G66/><T82/><D127/><U83/><E104/><V22/><F22/><W2/><G2/><T58/><D77/><U73/><E73/><V8/><F8/><W0/><G0/><T49/><D75/><U31/><E35/><V132/><F132/><W5/><G5/><T14/><D20/><U91/><E4/><V120/><F120/><W45/><G62/><T92/><D63/><U55/><E128/><V97/><F97/><W112/><G112/><T57/><D113/><U53/><E130/><V74/><F74/><W12/><G12/><T56/><D13/><U23/><E23/><V124/><F124/><W93/><G93/><T33/><D14/><U7/><E7/><V86/><F86/><W1/><G1/><T90/><D33/><U71/><E83/><V64/><F64/><W133/><G133/><T10/><D10/><U87/><E80/><V19/><F19/><W81/><G81/><T37/><D27/><U34/><E87/><V30/><F30/><W111/><G111/><T9/><D26/><U84/><E34/><V6/><F6/><W79/><G79/><T47/><REACH who="0" step="1"/><D9/><REACH who="0" ten="324,230,96,330" step="2"/><U54/><N who="1" m="13312" /><DORA hai="41" /><U11/><E11/><V125/><F125/><W115/><G115/><RYUUKYOKU ba="1,2" sc="324,10,230,-30,96,10,330,10" hai0="37,40,47,49,51,56,57,58,82,85,88,90,92" hai2="18,21,24,42,44,48,94,95,96,99,103,116,117" hai3="16,17,43,45,50,61,67" /><INIT seed="4,2,2,2,0,21" ten="334,200,106,340" oya="0" hai0="65,39,46,24,98,45,95,68,49,55,6,9,102" hai1="35,112,60,88,89,67,116,93,5,0,130,40,27" hai2="62,32,8,104,64,59,61,58,72,4,82,127,100" hai3="3,108,71,86,52,85,56,131,36,74,90,81,91"/><T30/><D65/><U105/><E116/><V110/><F110/><W133/><G108/><T12/><D68/><U37/><E105/><V107/><F127/><W25/><G71/><T73/><D73/><U70/><E130/><V99/><F32/><W23/><G74/><T103/><D39/><U134/><E134/><V50/><F50/><W121/><G3/><T53/><D102/><U125/><E125/><V11/><F104/><W41/><G121/><T114/><D114/><U20/><E35/><V26/><F4/><W31/><G131/><T19/><D6/><U13/><E0/><V17/><F82/><W77/><G133/><T118/><D118/><U135/><E135/><V94/><F72/><W84/><G41/><T47/><REACH who="0" step="1"/><D55/><REACH who="0" ten="324,200,106,340" step="2"/><U66/><E66/><N who="2" m="39223" /><F107/><W113/><G113/><T124/><D124/><U76/><E112/><V115/><F115/><W87/><G36/><T132/><D132/><U92/><E37/><V75/><F75/><W111/><G111/><T22/><AGARI ba="2,3" hai="9,12,19,22,24,30,45,46,47,49,53,95,98,103" machi="22" ten="20,18000,2" yaku="1,1,0,1,7,1,8,1,52,1,53,1" doraHai="21" doraHaiUra="18" who="0" fromWho="0" sc="324,216,200,-62,106,-62,340,-62" /><INIT seed="4,3,0,0,4,102" ten="540,138,44,278" oya="0" hai0="122,103,52,98,40,60,50,84,78,16,81,58,112" hai1="28,93,90,62,10,19,76,43,115,131,117,88,9" hai2="36,105,83,51,127,111,20,27,31,87,11,65,108" hai3="70,72,30,56,54,38,6,124,86,47,113,69,97"/><T48/><D112/><U24/><E117/><V45/><F36/><W77/><G113/><T3/><D122/><U25/><E115/><V26/><F127/><W7/><G124/><T134/><D134/><U114/><E76/><V55/><F65/><W96/><G72/><T21/><D3/><U89/><E114/><V42/><F11/><W79/><G30/><T75/><D40/><U80/><E80/><V64/><F64/><W14/><G47/><T92/><D75/><U104/><E104/><V4/><F4/><W35/><G35/><T34/><D34/><U44/><E62/><V101/><F42/><W120/><G38/><T22/><D22/><N who="1" m="15383" /><E131/><V95/><F95/><W73/><G73/><T116/><D116/><U0/><E93/><V8/><F8/><N who="1" m="3177" /><E0/><V107/><F27/><AGARI ba="3,0" hai="16,21,27,48,50,52,58,60,78,81,84,92,98,103" machi="27" ten="30,11600,0" yaku="7,1,8,1,54,2" doraHai="102" who="0" fromWho="2" sc="540,125,138,0,44,-125,278,0" owari="665,76.0,138,-26.0,-81,-58.0,278,8.0" /></mjloggm>