<mjloggm ver="2.3"><GO type="169" lobby="0"/><UN n0="%E5%90%89%E6%BE%A4%E2%98%86%E7%91%A0%E5%81%89" n1="%E3%83%93%E3%82%BF%E3%83%9F%E3%83%B3%E3%81%AE%E5%A4%8F%56%32" n2="%E3%81%B5%E3%81%8F%E3%82%8D%E3%81%86%E3%81%95%E3%82%93" n3="%E3%81%BE%E3%81%99%E3%81%9E%E3%81%88" dan="16,16,18,16" rate="2099.69,2101.09,2201.18,2121.93" sx="M,M,F,M"/><TAIKYOKU oya="0"/><INIT seed="0,0,0,3,2,75" ten="250,250,250,250" oya="0" hai0="118,15,77,1,111,100,135,65,101,120,97,63,83" hai1="105,31,33,51,48,104,110,91,121,125,26,9,72" hai2="25,39,86,3,58,16,80,116,24,19,56,90,123" hai3="28,14,54,127,76,108,130,22,124,42,102,94,23"/><T55/><D1/><U134/><E121/><V103/><F123/><W34/><G108/><T43/><D120/><U106/><E110/><V99/><F3/><W129/><G42/><T59/><D118/><U45/><E134/><V81/><F39/><W18/><G34/><T79/><D135/><U115/><E125/><N who="3" m="48202" /><G54/><T95/><D111/><U8/><E72/><V5/><F5/><W69/><G69/><T109/><D109/><U113/><E91/><V53/><F116/><W30/><G76/><N who="0" m="29259" /><D83/><U17/><E51/><N who="2" m="30783" /><F58/><W96/><G23/><T132/><D132/><U47/><E48/><V73/><F81/><W27/><G27/><N who="2" m="10313" /><F73/><W117/><G117/><T38/><D38/><U62/><E115/><V74/><F74/><W122/><G122/><T66/><D43/><U71/><E113/><V87/><F87/><W0/><G0/><T10/><D101/><U41/><E41/><V112/><F112/><W49/><G49/><T64/><D64/><U114/><E114/><V35/><F35/><W40/><G40/><T128/><D128/><AGARI ba="0,0" hai="14,18,22,28,30,94,96,102,128,129,130" m="48202" machi="128" ten="30,2000,0" yaku="19,1,18,1" doraHai="75" who="3" fromWho="0" sc="250,-20,250,0,250,0,250,20" /><INIT seed="1,0,0,5,0,40" ten="230,250,250,270" oya="1" hai0="79,118,75,59,11,101,93,119,42,32,81,116,85" hai1="132,37,80,61,67,123,77,128,53,94,109,74,1" hai2="97,120,124,10,64,3,25,113,76,98,52,51,19" hai3="122,6,99,29,7,131,17,50,88,91,135,47,69"/><U83/><E123/><V0/><F120/><W60/><G69/><T27/><D11/><U35/><E35/><V125/><F113/><W49/><G122/><T73/><D59/><U56/><E1/><N who="2" m="587" /><F64/><W62/><G131/><T107/><D27/><U8/><E128/><V108/><F76/><W106/><G135/><T57/><D57/><U63/><E132/><V78/><F78/><W38/><G38/><T68/><D32/><U117/><E117/><V134/><F134/><W46/><G29/><T24/><D24/><U16/><E37/><V84/><F84/><W111/><G17/><T121/><D68/><U55/><E109/><V48/><F48/><W26/><G26/><T2/><D2/><U90/><E83/><V105/><F105/><W18/><G18/><T34/><D34/><U15/><REACH who="1" step="1"/><E63/><REACH who="1" ten="230,240,250,270" step="2"/><V114/><F108/><W70/><G111/><T130/><D121/><U112/><E112/><V31/><F114/><W96/><G106/><T12/><D130/><U4/><E4/><V30/><F125/><W126/><G70/><T89/><D75/><U43/><E43/><V23/><F124/><AGARI ba="0,1" hai="6,7,46,47,49,50,60,62,88,91,96,99,124,126" machi="124" ten="25,8000,1" yaku="22,2,52,2,54,1" doraHai="40" who="3" fromWho="2" sc="230,0,240,0,250,-80,270,90" /><INIT seed="2,0,0,2,4,130" ten="230,240,170,360" oya="2" hai0="7,16,36,111,95,10,8,28,112,41,22,46,99" hai1="78,25,2,103,14,88,123,81,122,93,89,29,105" hai2="75,100,91,3,37,83,76,121,116,64,90,45,51" hai3="134,126,20,12,73,87,43,4,97,131,98,113,107"/><V0/><F116/><W44/><G73/><T38/><D112/><U33/><E2/><V133/><F121/><N who="1" m="46089" /><E105/><V9/><F100/><W49/><G134/><T17/><D38/><U77/><E14/><V1/><F64/><W62/><G126/><T109/><D28/><U34/><E34/><V60/><F60/><W66/><G131/><T119/><D119/><U115/><E115/><V11/><F37/><W92/><G107/><T15/><D17/><U82/><E103/><V69/><F69/><W54/><G113/><T72/><D72/><N who="1" m="43207" /><E93/><V27/><F27/><W104/><G4/><T135/><D135/><U57/><E57/><V48/><F133/><W19/><G12/><T101/><REACH who="0" step="1"/><D10/><REACH who="0" ten="220,240,170,360" step="2"/><U63/><E63/><V124/><F124/><W129/><G62/><T85/><D85/><AGARI ba="0,1" hai="25,29,33,77,82,85,88,89" m="43207,46089" machi="85" ten="30,2000,0" yaku="13,1,54,1" doraHai="130" who="1" fromWho="0" sc="220,-20,240,30,170,0,360,0" /><INIT seed="3,0,0,2,3,57" ten="200,270,170,360" oya="3" hai0="59,130,51,100,103,79,70,112,14,43,38,10,74" hai1="87,64,33,98,128,76,121,82,4,45,30,77,55" hai2="65,94,50,96,107,1,80,69,89,41,49,54,131" hai3="13,40,31,118,52,66,62,115,23,60,36,46,37"/><W16/><G115/><T95/><D112/><U99/><E121/><V104/><F1/><W126/><G126/><T67/><D130/><U0/><E64/><V12/><F131/><W120/><G120/><T63/><D79/><U20/><E33/><V91/><F41/><W17/><G118/><T5/><D74/><U8/><E77/><V44/><F50/><W78/><G78/><T92/><D38/><U21/><E128/><V42/><F42/><W56/><G31/><T93/><D70/><U133/><E133/><V132/><F132/><W34/><G34/><T48/><REACH who="0" step="1"/><D51/><REACH who="0" ten="190,270,170,360" step="2"/><N who="1" m="29167" /><E76/><V61/><REACH who="2" step="1"/><F12/><REACH who="2" ten="190,270,160,360" step="2"/><W123/><G37/><T117/><D117/><U58/><E0/><V6/><F6/><W71/><G123/><T9/><D9/><U39/><E4/><V135/><F135/><W111/><G111/><T134/><D134/><U116/><E39/><V97/><F97/><W105/><G36/><T26/><D26/><U3/><E99/><V127/><F127/><W2/><G13/><T72/><D72/><U75/><E98/><V28/><F28/><W53/><G2/><T81/><D81/><U102/><E82/><V29/><F29/><W110/><G110/><T124/><D124/><U32/><E30/><V11/><F11/><W122/><G122/><T90/><D90/><U83/><E8/><V35/><F35/><W24/><G17/><T119/><D119/><U101/><E116/><V47/><F47/><AGARI ba="0,2" hai="5,10,14,43,47,48,59,63,67,92,93,95,100,103" machi="47" ten="40,5200,0" yaku="1,1,8,1,52,1,53,0" doraHai="57" doraHaiUra="68" who="0" fromWho="2" sc="190,72,270,0,160,-52,360,0" /><INIT seed="4,0,0,2,3,132" ten="262,270,108,360" oya="0" hai0="67,4,122,36,56,105,93,40,107,78,16,30,33" hai1="19,63,110,1,8,73,57,24,0,10,126,114,101" hai2="32,59,29,86,62,82,41,49,84,60,42,3,90" hai3="51,46,11,106,103,23,6,68,115,69,97,53,14"/><T127/><D122/><U135/><E110/><V27/><F3/><W85/><G115/><T124/><D4/><U45/><E73/><V21/><F32/><W43/><G85/><T96/><D78/><U54/><E135/><V20/><F60/><W74/><G74/><T38/><D30/><U71/><E101/><V91/><F20/><W118/><G118/><T7/><D33/><U15/><E71/><V92/><REACH who="2" step="1"/><F49/><REACH who="2" ten="262,270,98,360" step="2"/><W47/><G23/><T100/><D38/><AGARI ba="0,1" hai="6,11,14,38,43,46,47,51,53,68,69,97,103,106" machi="38" ten="30,1000,0" yaku="7,1" doraHai="132" who="3" fromWho="0" sc="262,-10,270,0,98,0,360,20" /><INIT seed="5,0,0,1,3,82" ten="252,270,98,380" oya="1" hai0="20,109,120,56,123,12,107,37,29,22,85,61,32" hai1="42,84,57,91,24,129,89,111,17,92,7,68,94" hai2="43,27,67,69,115,119,0,34,127,41,21,93,9" hai3="126,47,66,79,133,62,8,98,65,95,46,90,135"/><U30/><E68/><V71/><F119/><W114/><G114/><T74/><D74/><U63/><E129/><V77/><F115/><W15/><G126/><T81/><D107/><U33/><E7/><V101/><F127/><W36/><G79/><T54/><D37/><U99/><E17/><V2/><F34/><W96/><G96/><T86/><D109/><U100/><E42/><V104/><F104/><W88/><G90/><T102/><D102/><U26/><E26/><V75/><F75/><W128/><G128/><T72/><D32/><U5/><E5/><V53/><F77/><W103/><G103/><T110/><D110/><U106/><E111/><V58/><F69/><N who="3" m="42167" /><G66/><T6/><D81/><U132/><E132/><N who="3" m="50762" /><G36/><T117/><D72/><U113/><E113/><V31/><F71/><W97/><G97/><T13/><D117/><U11/><E11/><V51/><F9/><W50/><G50/><T134/><D6/><AGARI ba="0,0" hai="6,8,15,46,47,88,95,98" m="50762,42167" machi="6" ten="30,2000,0" yaku="20,1,54,1" doraHai="82" who="3" fromWho="0" sc="252,-20,270,0,98,0,380,20" /><INIT seed="6,0,0,5,4,39" ten="232,270,98,400" oya="2" hai0="55,16,45,102,115,6,7,81,29,14,22,120,30" hai1="125,34,51,93,47,122,71,100,78,0,85,21,5" hai2="37,68,3,18,40,98,4,13,135,75,10,52,134" hai3="118,82,91,31,104,86,133,109,19,89,129,49,35"/><V53/><F68/><W56/><G109/><T8/><D120/><U36/><E34/><V67/><F67/><W12/><G104/><T63/><D115/><U62/><E71/><V101/><F75/><W59/><G129/><T117/><D117/><U131/><E36/><V103/><F103/><W41/><G118/><T94/><D7/><U2/><E62/><V32/><F32/><W124/><G124/><T64/><D81/><U60/><E60/><V27/><F27/><W95/><G31/><T57/><D102/><U46/><E100/><V24/><F24/><W74/><G133/><N who="2" m="50697" /><F4/><W113/><G113/><T25/><D94/><U110/><E93/><N who="2" m="58575" /><F3/><W92/><G35/><T112/><D112/><U96/><E5/><V106/><F106/><W69/><G69/><T132/><D132/><U23/><E0/><V87/><F87/><N who="3" m="52287" /><G74/><T38/><D38/><U79/><E2/><V26/><F26/><W42/><G82/><T70/><D45/><AGARI ba="0,0" hai="10,13,18,37,40,45,52,53" m="58575,50697" machi="45" ten="30,5800,0" yaku="20,1,52,1,54,1" doraHai="39" who="2" fromWho="0" sc="232,-58,270,0,98,58,400,0" /><INIT seed="6,1,0,0,0,84" ten="174,270,156,400" oya="2" hai0="38,99,71,51,67,70,92,29,14,4,40,63,27" hai1="77,49,13,115,52,48,123,119,17,1,32,132,112" hai2="75,85,2,64,46,105,60,72,0,15,133,20,28" hai3="94,36,62,11,128,89,7,31,8,100,90,76,23"/><V39/><F105/><W120/><G36/><T37/><D70/><U97/><E119/><V87/><F133/><W106/><G120/><T93/><D93/><U95/><E132/><V65/><F0/><W86/><G106/><T113/><D113/><N who="1" m="43595" /><E123/><V54/><F2/><W130/><G76/><T57/><D4/><U73/><E32/><V96/><F75/><W118/><G100/><T45/><D14/><U16/><E1/><V109/><F72/><W34/><G34/><T134/><D134/><U78/><E73/><V3/><F3/><W6/><G90/><T22/><REACH who="0" step="1"/><D71/><REACH who="0" ten="164,270,156,400" step="2"/><U116/><E116/><V47/><F109/><W5/><G7/><T91/><AGARI ba="1,1" hai="22,27,29,37,38,40,45,51,57,63,67,91,92,99" machi="91" ten="20,12000,2" yaku="1,1,2,1,0,1,7,1,52,1,53,1" doraHai="84" doraHaiUra="25" who="0" fromWho="0" sc="164,133,270,-31,156,-61,400,-31" /><INIT seed="7,0,0,0,4,74" ten="297,239,95,369" oya="3" hai0="57,59,93,75,104,13,31,41,69,71,123,125,39" hai1="56,87,68,109,89,49,128,92,81,126,62,10,32" hai2="52,84,0,120,99,45,80,51,58,114,108,12,50" hai3="67,6,132,112,60,35,85,98,63,2,11,135,110"/><W18/><G112/><T115/><D104/><U97/><E109/><V46/><F108/><W22/><G110/><T1/><D1/><U73/><E73/><V26/><F114/><W9/><G35/><T131/><D115/><U44/><E32/><V83/><F0/><W37/><G85/><T30/><D123/><U25/><E126/><V4/><F120/><W48/><G37/><T47/><D125/><U28/><E68/><V38/><F38/><W29/><G29/><T86/><D131/><U133/><E10/><V117/><F117/><W111/><G111/><T134/><D75/><U72/><E72/><V102/><F26/><N who="3" m="14679" /><G11/><T100/><D134/><N who="3" m="51241" /><G67/><T19/><D69/><U33/><E128/><V40/><F58/><W91/><G48/><T20/><D71/><U55/><E133/><V79/><F80/><W124/><G124/><T42/><D41/><U88/><E33/><V94/><F4/><W27/><G27/><T24/><D31/><U54/><E25/><V119/><F119/><W113/><G113/><T130/><D130/><U116/><E116/><V122/><F122/><W96/><G96/><T101/><D101/><U103/><E28/><V105/><F12/><W17/><G17/><T61/><D61/><U14/><E14/><V3/><F3/><W5/><G63/><T77/><D100/><AGARI ba="0,0" hai="44,49,54,55,56,62,81,87,88,89,92,97,100,103" machi="100" ten="40,2600,0" yaku="8,1,54,1" doraHai="74" who="1" fromWho="0" sc="297,-26,239,26,95,0,369,0" owari="271,7.0,265,-13.0,95,-40.0,369,46.0" /></mjloggm>