<mjloggm ver="2.3"><GO type="185" lobby="0"/><UN n0="%E3%81%B7%E3%82%8A%E3%81%B7%E3%82%8A%EF%BC%92%EF%BC%90%EF%BC%90%EF%BC%91" n1="%E9%96%A2%E8%A5%BF%E9%9B%80%E5%A3%AB%E4%BC%9A" n2="%E3%81%BE%E3%81%A3%E3%81%97%E3%83%BC" n3="" dan="16,16,17,0" rate="2121.21,2095.03,2260.10,1500.00" sx="M,M,F,C"/><TAIKYOKU oya="0"/><INIT seed="0,0,0,2,1,1" ten="350,350,350,0" oya="0" hai0="124,2,32,110,87,80,133,126,74,96,99,52,121" hai1="38,56,104,61,69,77,63,34,128,0,89,116,82" hai2="98,70,105,37,92,93,113,55,97,48,119,135,79" hai3=""/><T109/><N who="0" m="31008" /><T47/><D2/><U102/><E0/><V62/><F113/><T41/><D74/><U101/><E116/><V108/><F37/><T54/><D32/><U60/><E69/><V122/><N who="2" m="31264" /><V84/><F119/><T86/><D133/><U103/><E38/><V132/><F108/><N who="0" m="41578" /><D86/><U67/><E104/><V95/><F105/><T35/><D35/><U50/><E128/><V72/><F72/><T51/><D96/><U49/><E89/><V42/><F42/><T33/><D99/><U57/><E34/><V127/><F127/><N who="0" m="48682" /><D33/><U3/><E3/><V78/><F97/><T45/><D45/><U59/><REACH who="1" step="1"/><E67/><REACH who="1" ten="350,340,350,0" step="2"/><V71/><F135/><T46/><D47/><U106/><E106/><V66/><F132/><T75/><D75/><AGARI ba="0,1" hai="49,50,56,57,59,60,61,63,75,77,82,101,102,103" machi="75" ten="50,6400,0" yaku="1,1,29,2,53,0" doraHai="1" doraHaiUra="43" who="1" fromWho="0" sc="350,-64,340,74,350,0,0,0" /><INIT seed="1,0,0,4,1,83" ten="286,414,350,0" oya="1" hai0="112,124,42,94,87,103,99,126,92,59,128,115,71" hai1="106,113,80,67,117,38,51,127,66,79,96,55,3" hai2="48,130,75,45,131,85,119,102,93,134,61,44,123" hai3=""/><U90/><E3/><V65/><N who="2" m="31520" /><V105/><F75/><T86/><D71/><U133/><E117/><V40/><F105/><T122/><N who="0" m="31264" /><T43/><D59/><U70/><E38/><V129/><F119/><T116/><D116/><U39/><E39/><V34/><F34/><T64/><D64/><U1/><E1/><V37/><F134/><T114/><D128/><U36/><E113/><V78/><F78/><T132/><D132/><U77/><E36/><V109/><F109/><T73/><D73/><U0/><E133/><V60/><F65/><T52/><D52/><U63/><E67/><V91/><F102/><T74/><D74/><U56/><E127/><N who="0" m="48681" /><D92/><U57/><E0/><V35/><F35/><T41/><AGARI ba="0,0" hai="41,42,43,86,87,94,99,103,112,114,115" m="48681,31264" machi="41" ten="40,6000,1" yaku="18,1,52,3" doraHai="83" who="0" fromWho="0" sc="286,60,414,-40,350,-20,0,0" /><INIT seed="2,0,0,1,2,115" ten="346,374,330,0" oya="2" hai0="3,78,124,97,119,39,46,113,131,76,35,47,89" hai1="132,75,77,106,57,51,112,108,98,133,60,93,101" hai2="74,45,126,114,33,48,64,135,80,87,82,62,85" hai3=""/><V38/><F33/><T0/><D35/><U91/><E112/><V109/><F114/><T63/><D63/><U79/><E108/><V67/><F38/><T81/><D131/><U1/><E51/><V55/><F109/><T110/><D110/><U54/><E1/><V130/><F74/><T84/><D124/><U41/><E41/><V103/><F130/><T53/><D113/><U50/><E60/><V44/><F126/><T65/><D65/><U83/><REACH who="1" step="1"/><E77/><REACH who="1" ten="346,364,330,0" step="2"/><V71/><F62/><T92/><D78/><U127/><E127/><V107/><F48/><T134/><D0/><U42/><E42/><V123/><N who="2" m="31520" /><V73/><F71/><T58/><D3/><U120/><N who="1" m="30752" /><U111/><E111/><V49/><F49/><T40/><D76/><U90/><E90/><V59/><F45/><T121/><D46/><U105/><E105/><V129/><F44/><T68/><D68/><U100/><E100/><V104/><F103/><T96/><D47/><U116/><E116/><V128/><F59/><T34/><D58/><U52/><E52/><V56/><F56/><T118/><D40/><U36/><E36/><V69/><F69/><T125/><D39/><U37/><E37/><V43/><F43/><T99/><D125/><RYUUKYOKU ba="0,1" sc="346,-10,364,20,330,-10,0,0" hai1="50,54,57,75,79,83,91,93,98,101,106,132,133" /><INIT seed="4,1,1,0,3,115" ten="336,384,320,0" oya="0" hai0="109,76,113,62,133,48,36,42,107,37,78,52,53" hai1="75,34,73,82,46,100,33,126,71,96,90,135,134" hai2="114,47,102,88,3,66,64,132,79,98,50,120,121" hai3=""/><T81/><D113/><U83/><E71/><V97/><N who="2" m="30752" /><V39/><N who="2" m="31008" /><V85/><F3/><T123/><N who="0" m="31520" /><T110/><D107/><U127/><E34/><V58/><F114/><T0/><D0/><U72/><E46/><V41/><F132/><N who="1" m="50729" /><E33/><V68/><F68/><T38/><D133/><U45/><E45/><V101/><F79/><T116/><D116/><U63/><E63/><V86/><F86/><T87/><D76/><U55/><E55/><V43/><F39/><T61/><D42/><U67/><E67/><N who="2" m="25643" /><F58/><T130/><D130/><U32/><E32/><V104/><F104/><T93/><D93/><U65/><E65/><V44/><F44/><T84/><D84/><U119/><E119/><V106/><F106/><T128/><D128/><U60/><E60/><V103/><F43/><T69/><D69/><U105/><E90/><V1/><F1/><T80/><D36/><U2/><E2/><V124/><F124/><AGARI ba="1,1" hai="72,73,75,82,83,96,100,105,124,126,127" m="50729" machi="124" ten="40,8000,1" yaku="18,1,20,1,34,2" doraHai="115" who="1" fromWho="2" sc="336,0,384,92,320,-82,0,0" /><INIT seed="5,0,0,5,3,61" ten="336,476,238,0" oya="1" hai0="105,73,98,92,70,64,50,108,124,88,87,43,101" hai1="123,48,89,94,60,58,135,1,96,103,75,35,32" hai2="104,113,112,84,68,117,115,97,93,57,79,56,74" hai3=""/><U63/><N who="1" m="31520" /><U119/><E1/><V118/><F68/><T106/><D108/><U114/><E119/><N who="2" m="45579" /><F74/><T107/><D73/><U62/><E75/><V52/><F104/><T69/><D69/><U109/><E109/><V110/><F110/><T131/><D43/><U54/><E135/><V76/><F84/><T86/><D50/><U3/><E114/><N who="2" m="29187" /><V46/><DORA hai="95" /><F46/><T71/><D86/><U41/><E3/><V126/><F126/><T37/><D124/><U85/><REACH who="1" step="1"/><E41/><REACH who="1" ten="336,466,238,0" step="2"/><V120/><N who="2" m="30752" /><V99/><F99/><T111/><D98/><U127/><E127/><V77/><F52/><T122/><D111/><U130/><E130/><V36/><F36/><T125/><D131/><U81/><AGARI ba="0,1" hai="32,35,48,54,58,60,62,63,81,85,89,94,96,103" m="31520" machi="81" ten="30,7800,0" yaku="1,1,0,1,52,2,53,0" doraHai="61,95" doraHaiUra="39,128" who="1" fromWho="1" sc="336,-39,466,88,238,-39,0,0" /><INIT seed="5,1,0,0,2,46" ten="297,554,199,0" oya="1" hai0="87,35,63,65,34,72,53,117,126,83,0,37,85" hai1="76,121,64,73,109,116,108,47,2,78,80,122,129" hai2="96,131,66,1,102,110,43,69,97,99,51,62,106" hai3=""/><U103/><N who="1" m="31008" /><U90/><N who="1" m="31264" /><U74/><E2/><V101/><F1/><T107/><D0/><U49/><E116/><V84/><F110/><N who="1" m="42601" /><E64/><V86/><F131/><T61/><D37/><U57/><E57/><V71/><F71/><T82/><D107/><U98/><E129/><V133/><F133/><T56/><D117/><U127/><E90/><V94/><F99/><T132/><D132/><U44/><E127/><V52/><REACH who="2" step="1"/><F43/><REACH who="2" ten="297,554,189,0" step="2"/><T42/><D42/><U134/><E134/><V124/><F124/><T48/><D126/><U67/><E98/><V115/><F115/><T114/><D114/><U33/><E33/><V92/><F92/><T60/><D34/><U125/><E125/><V45/><AGARI ba="1,1" hai="45,51,52,62,66,69,84,86,94,96,97,101,102,106" machi="45" ten="20,9000,2" yaku="1,1,0,1,7,1,52,1,54,1,53,2" doraHai="46" doraHaiUra="93" who="2" fromWho="2" sc="297,-31,554,-61,189,102,0,0" /><INIT seed="6,0,0,1,0,32" ten="266,493,291,0" oya="2" hai0="98,57,54,134,45,46,58,97,70,81,114,56,0" hai1="110,101,108,103,44,131,130,86,112,127,83,40,105" hai2="65,33,74,60,61,39,99,106,117,100,37,133,102" hai3=""/><V48/><F33/><T82/><D70/><U120/><N who="1" m="30752" /><U92/><E112/><V88/><F117/><T132/><D114/><U95/><E127/><V55/><F74/><T109/><D109/><N who="1" m="42091" /><E44/><N who="0" m="17001" /><D0/><U107/><E40/><V66/><F133/><N who="0" m="51306" /><D54/><U53/><E53/><V62/><F102/><N who="1" m="38921" /><E95/><V35/><F35/><T73/><D73/><U59/><E59/><N who="0" m="15105" /><T104/><DORA hai="84" /><D104/><N who="1" m="40011" /><E92/><V124/><F124/><T67/><D67/><U125/><E125/><V47/><F66/><T68/><D68/><U50/><E50/><V93/><REACH who="2" step="1"/><F65/><REACH who="2" ten="266,493,281,0" step="2"/><T80/><AGARI ba="0,1" hai="80,81,82,97,98" m="15105,51306,17001" machi="80" ten="40,3900,0" yaku="28,2,20,1" doraHai="32,84" who="0" fromWho="0" sc="266,49,493,-13,281,-26,0,0" owari="315,-8.0,480,42.0,255,-34.0,0,0.0" /></mjloggm>