<mjloggm ver="2.3"><GO type="169" lobby="0"/><UN n0="%E3%81%A6%E3%82%93%E3%81%A6%E3%81%93%E7%8B%90" n1="%E3%81%96%E3%82%8A%E3%81%8C%E3%81%AB%E3%81%8F%E3%82%93" n2="%E4%BA%BA%E7%94%9F%E3%83%95%E3%83%AB%E3%82%BC%E3%83%B3%E3%83%84" n3="%E7%A5%9E%E9%A2%A8%E3%81%A6%E3%81%83%E3%81%A3%E3%81%97%E3%82%85" dan="16,17,18,16" rate="2181.46,2218.75,2179.86,2123.22" sx="M,M,M,M"/><TAIKYOKU oya="0"/><INIT seed="0,0,0,0,0,22" ten="250,250,250,250" oya="0" hai0="69,60,57,29,15,105,94,86,89,13,32,92,10" hai1="126,120,27,80,38,41,49,129,47,101,68,55,24" hai2="20,63,52,116,48,82,132,109,95,28,128,102,107" hai3="14,125,124,133,84,44,5,90,110,1,64,61,112"/><T42/><D105/><U54/><E120/><V46/><F109/><W106/><G106/><T79/><D69/><U91/><E68/><V43/><F128/><W66/><G112/><T16/><D42/><U40/><E129/><V58/><F132/><W130/><G1/><T30/><D79/><U73/><E126/><V39/><F116/><W51/><G130/><T26/><D29/><U62/><E101/><V53/><F82/><W56/><G66/><T6/><D94/><U81/><E73/><V12/><F107/><W83/><G110/><T85/><D85/><N who="1" m="50599" /><E38/><V17/><F28/><W67/><G67/><T115/><D115/><U134/><E134/><V113/><F113/><W88/><G133/><T135/><D135/><U36/><E36/><V131/><F131/><W4/><G124/><T31/><D31/><U70/><E70/><V103/><REACH who="2" step="1"/><F95/><REACH who="2" ten="250,250,240,250" step="2"/><W98/><G125/><T93/><D93/><U117/><E117/><V104/><F104/><W100/><G90/><T87/><D87/><U18/><E81/><V111/><F111/><W99/><G100/><T72/><D72/><U33/><E33/><V123/><F123/><W76/><G76/><T50/><D92/><U25/><E18/><V19/><F19/><W127/><G127/><T96/><D86/><U119/><E119/><V21/><F21/><W65/><G98/><T45/><D89/><U34/><E34/><V114/><F114/><W3/><G99/><T118/><D96/><U2/><E2/><V59/><AGARI ba="0,1" hai="12,17,20,39,43,46,48,52,53,58,59,63,102,103" machi="59" ten="20,5200,0" yaku="1,1,0,1,7,1,54,1,53,0" doraHai="22" doraHaiUra="108" who="2" fromWho="2" sc="250,-26,250,-13,240,62,250,-13" /><INIT seed="1,0,0,2,4,118" ten="224,237,302,237" oya="1" hai0="22,33,129,68,8,20,92,64,0,101,45,90,55" hai1="39,114,44,41,130,83,74,56,69,81,42,82,99" hai2="25,96,76,135,34,13,78,3,51,40,94,12,133" hai3="91,57,124,115,98,5,70,95,97,54,61,79,24"/><U31/><E114/><V52/><F40/><W49/><G115/><T88/><D33/><U111/><E130/><V108/><F3/><W29/><G124/><T77/><D77/><N who="2" m="29802" /><F25/><W125/><G125/><T26/><D90/><U105/><E74/><V132/><F34/><W112/><G112/><T87/><D129/><U62/><E111/><V48/><F108/><W107/><G79/><T27/><D101/><U10/><E69/><V72/><F72/><W113/><G113/><T11/><D0/><U60/><E31/><V84/><F84/><W86/><G5/><T109/><D109/><U19/><E42/><V32/><F32/><W100/><G70/><T73/><D73/><U119/><E41/><V117/><F117/><W35/><G86/><T2/><D2/><U89/><E39/><V127/><F127/><W110/><G110/><T15/><D64/><U53/><E53/><V30/><F30/><W103/><G49/><N who="2" m="19017" /><F52/><W122/><REACH who="3" step="1"/><G103/><AGARI ba="0,0" hai="12,13,94,96,103,132,133,135" m="19017,29802" machi="103" ten="40,1300,0" yaku="20,1" doraHai="118" who="2" fromWho="3" sc="224,0,237,0,302,13,237,-13" /><INIT seed="2,0,0,4,2,70" ten="224,237,315,224" oya="2" hai0="133,85,76,7,15,46,73,36,78,58,10,41,112" hai1="1,38,53,89,109,80,54,130,4,66,79,114,91" hai2="57,45,83,75,103,18,132,100,6,105,33,48,67" hai3="115,120,16,5,26,51,74,11,17,61,106,84,126"/><V35/><F6/><W72/><G120/><T77/><D112/><U56/><E114/><V107/><F132/><W97/><G126/><T94/><D133/><U124/><E124/><V23/><F75/><W135/><G135/><T8/><D73/><U22/><E109/><V86/><F107/><W0/><G115/><T125/><D125/><U2/><E130/><V29/><F29/><W102/><G61/><T82/><D94/><U108/><E108/><V111/><F35/><W24/><G84/><T101/><D101/><U50/><E38/><V63/><F33/><W119/><G119/><T19/><REACH who="0" step="1"/><D58/><REACH who="0" ten="214,237,315,224" step="2"/><U116/><E56/><V131/><F111/><W52/><G74/><T37/><D37/><U96/><E116/><V20/><F105/><W27/><REACH who="3" step="1"/><G72/><REACH who="3" ten="214,237,315,214" step="2"/><T117/><D117/><U60/><E96/><V93/><F131/><W92/><G92/><T127/><D127/><U28/><E80/><V121/><F93/><W47/><AGARI ba="0,2" hai="0,5,11,16,17,24,26,27,47,51,52,97,102,106" machi="47" ten="30,8000,1" yaku="1,1,0,1,54,2,53,1" doraHai="70" doraHaiUra="3" who="3" fromWho="3" sc="214,-20,237,-20,315,-40,214,100" /><INIT seed="3,0,0,0,3,6" ten="194,217,275,314" oya="3" hai0="78,66,94,44,54,43,15,88,97,77,61,127,20" hai1="74,76,98,62,49,102,52,112,45,100,4,47,128" hai2="1,35,123,110,37,106,72,86,125,107,126,26,48" hai3="50,42,104,129,29,116,5,95,92,70,27,83,117"/><W53/><G104/><T46/><D127/><U122/><E112/><V73/><F48/><W24/><G70/><T33/><D33/><U67/><E122/><V13/><F13/><W132/><G132/><T89/><D89/><U133/><E128/><V90/><F26/><W131/><G42/><T3/><D3/><U41/><E133/><V64/><F64/><W69/><G69/><T0/><D0/><U16/><E4/><V31/><F31/><W10/><G83/><T39/><D46/><U105/><E102/><V7/><F35/><W99/><G99/><T23/><D54/><U114/><E114/><V21/><F21/><W109/><G109/><T121/><D121/><U22/><E76/><V118/><F37/><W19/><G5/><T60/><D60/><U103/><E103/><V28/><F28/><W40/><G40/><T79/><REACH who="0" step="1"/><D15/><REACH who="0" ten="184,217,275,314" step="2"/><U101/><E101/><V32/><F123/><W34/><G117/><T82/><D82/><U124/><E124/><V119/><F125/><W17/><G116/><T65/><D65/><U130/><E130/><V38/><F126/><W134/><G134/><T8/><D8/><U14/><E74/><N who="2" m="28779" /><F32/><W71/><G34/><T111/><D111/><U2/><E2/><V81/><F110/><W135/><G135/><T56/><AGARI ba="0,1" hai="20,23,39,43,44,56,61,66,77,78,79,88,94,97" machi="56" ten="30,4000,0" yaku="1,1,0,1,54,1,53,0" doraHai="6" doraHaiUra="96" who="0" fromWho="0" sc="184,50,217,-10,275,-10,314,-20" /><INIT seed="4,0,0,1,2,118" ten="234,207,265,294" oya="0" hai0="95,8,54,44,60,105,31,7,52,97,128,115,99" hai1="36,107,67,1,106,93,10,100,19,76,129,21,11" hai2="40,79,109,27,119,77,5,92,26,125,123,110,15" hai3="47,4,116,71,126,89,113,32,103,91,69,108,13"/><T51/><D115/><U127/><E36/><V114/><F114/><W84/><G113/><T33/><D128/><U41/><E41/><V16/><F123/><W58/><G32/><T131/><D131/><U64/><E129/><V20/><F125/><W49/><G103/><T9/><D33/><U111/><E111/><V101/><F119/><W94/><G126/><T63/><D31/><U57/><E127/><V35/><F40/><W48/><G108/><T82/><D105/><U22/><E76/><V2/><F79/><W102/><G102/><T25/><D25/><U39/><E39/><V122/><F77/><W29/><G29/><T86/><D82/><U23/><E1/><V70/><F122/><W78/><G78/><T3/><D9/><N who="1" m="3083" /><E106/><V55/><F70/><W38/><G4/><T65/><D86/><U124/><E107/><V46/><F5/><W59/><G38/><T120/><D120/><U98/><E124/><V117/><F2/><W18/><G116/><T50/><D65/><N who="1" m="25163" /><E57/><V72/><F117/><W121/><G121/><T75/><D75/><U130/><E130/><V17/><F72/><W6/><G6/><T80/><D80/><U135/><E135/><V68/><F35/><W37/><G37/><T74/><D74/><U104/><E104/><V53/><F109/><W30/><G71/><T85/><D85/><U43/><E43/><V112/><F68/><W24/><G69/><T83/><D83/><U62/><E62/><N who="0" m="23593" /><D95/><U61/><E61/><V134/><F110/><W56/><G94/><T34/><D34/><U66/><N who="1" m="25171" /><U133/><DORA hai="96" /><E133/><RYUUKYOKU ba="0,0" sc="234,15,207,15,265,-15,294,-15" hai0="3,7,8,44,50,51,52,54,97,99" hai1="19,21,22,23,93,98,100" /><INIT seed="4,1,0,2,4,116" ten="249,222,250,279" oya="0" hai0="87,101,25,32,133,115,35,31,43,120,121,44,90" hai1="18,112,109,123,13,48,58,100,2,40,71,76,27" hai2="47,38,129,3,34,50,105,110,19,8,4,61,14" hai3="83,75,55,30,106,98,41,124,113,82,80,46,24"/><T12/><D101/><U39/><E109/><V28/><F110/><W54/><G75/><T79/><D79/><U66/><E2/><V89/><F129/><W64/><G113/><T73/><D73/><U88/><E123/><V118/><F118/><W125/><G64/><T69/><D69/><U11/><E39/><V26/><F105/><W62/><G98/><T135/><D35/><U15/><E71/><V97/><F38/><N who="3" m="21815" /><G62/><T23/><D115/><U7/><E112/><V59/><F89/><W86/><G86/><T122/><D12/><U93/><E76/><V78/><F97/><W131/><G131/><T6/><D6/><U126/><E126/><N who="3" m="48746" /><G106/><T77/><D32/><AGARI ba="1,0" hai="24,30,32,54,55,80,82,83" m="48746,21815" machi="32" ten="30,1000,0" yaku="18,1" doraHai="116" who="3" fromWho="0" sc="249,-13,222,0,250,0,279,13" /><INIT seed="5,0,0,5,1,64" ten="236,222,250,292" oya="1" hai0="60,44,122,81,94,46,85,128,47,43,110,59,108" hai1="134,84,66,36,18,83,72,104,126,93,103,116,7" hai2="54,37,82,109,27,129,107,89,34,3,69,88,40" hai3="50,111,29,14,121,106,101,11,52,23,133,70,10"/><U16/><E116/><V32/><F109/><W53/><G111/><N who="0" m="42539" /><D94/><U49/><E36/><V13/><F129/><W58/><G121/><T0/><D0/><U57/><E134/><V135/><F69/><W74/><G74/><T87/><D81/><U123/><E126/><V124/><F3/><W71/><G133/><T39/><D87/><U48/><E123/><V25/><F34/><W130/><G130/><T1/><D85/><U97/><E7/><V12/><F32/><W120/><G120/><T2/><D1/><U105/><E105/><V79/><F37/><W61/><G11/><T77/><D2/><U65/><E72/><V8/><F82/><W35/><G35/><T78/><D77/><U117/><E104/><V45/><F79/><W86/><G86/><T42/><D78/><N who="1" m="46199" /><E117/><V9/><F124/><W38/><G38/><T76/><D76/><U90/><E103/><V113/><F107/><W55/><G23/><T75/><D75/><U125/><E125/><V132/><F8/><W63/><G29/><T98/><D98/><U30/><E30/><V20/><F9/><W33/><G33/><T21/><D21/><U91/><E91/><V24/><F20/><W119/><G119/><T127/><D122/><U96/><E96/><V118/><F89/><W22/><G22/><T6/><D6/><U31/><E31/><V100/><F88/><W131/><G131/><T41/><D127/><U28/><E28/><V51/><F118/><W17/><G101/><T114/><D128/><U15/><E18/><V4/><F100/><W62/><G106/><T19/><D39/><RYUUKYOKU ba="0,0" sc="236,-10,222,-10,250,-10,292,30" hai3="10,14,17,50,52,53,55,58,61,62,63,70,71" /><INIT seed="6,1,0,5,4,62" ten="226,212,240,322" oya="2" hai0="107,23,46,125,110,76,41,123,97,78,63,59,30" hai1="29,67,132,72,7,111,106,81,82,9,0,122,105" hai2="99,26,12,24,34,31,40,6,131,20,87,17,85" hai3="16,79,57,1,135,112,39,21,98,44,134,15,96"/><V124/><F124/><W80/><G1/><T11/><D110/><U42/><E111/><V3/><F131/><W88/><G112/><T64/><D123/><U49/><E132/><N who="3" m="50730" /><G39/><T10/><D125/><U90/><E122/><V69/><F69/><W91/><G44/><T27/><D107/><U70/><E82/><V5/><F40/><W108/><G108/><T121/><D121/><U4/><E49/><V54/><F99/><N who="3" m="37931" /><G57/><T60/><D60/><N who="1" m="40295" /><E90/><V66/><F66/><W94/><G94/><T68/><D68/><U117/><E117/><V84/><F3/><W95/><G95/><T8/><REACH who="0" step="1"/><D97/><REACH who="0" ten="216,212,240,322" step="2"/><U18/><E105/><V52/><F54/><W127/><G127/><T129/><D129/><U126/><E106/><V47/><F52/><W33/><G33/><T74/><D74/><AGARI ba="1,1" hai="15,16,21,74,79,80,88,91" m="37931,50730" machi="74" ten="30,3900,0" yaku="20,1,54,2" doraHai="62" who="3" fromWho="0" sc="216,-42,212,0,240,0,322,52" /><INIT seed="7,0,0,5,2,95" ten="174,212,240,374" oya="3" hai0="15,107,108,57,128,103,89,118,61,72,26,63,53" hai1="132,101,19,85,115,87,36,18,46,82,77,120,121" hai2="70,58,41,34,110,134,133,69,78,3,33,96,39" hai3="73,47,23,80,84,30,67,65,43,100,129,94,27"/><W21/><G129/><T31/><D128/><U37/><E115/><V117/><F117/><W50/><G73/><T135/><D135/><N who="2" m="51722" /><F110/><W42/><G42/><T93/><D108/><U64/><E132/><V74/><F3/><W2/><G2/><T111/><D111/><U24/><E101/><V11/><F96/><N who="3" m="59415" /><G23/><T14/><D118/><U92/><E64/><V127/><F127/><W86/><G86/><T22/><D72/><U81/><E92/><V124/><F124/><W75/><G75/><T60/><D103/><U112/><E46/><N who="2" m="23871" /><F11/><W130/><G130/><T113/><D107/><U76/><E24/><V123/><F123/><W48/><G48/><T4/><D113/><U56/><E56/><V40/><F40/><W109/><G109/><T116/><D116/><U97/><E112/><V83/><F58/><W1/><G1/><T45/><D45/><U105/><E97/><V119/><F119/><W9/><G9/><T12/><REACH who="0" step="1"/><D4/><REACH who="0" ten="164,212,240,374" step="2"/><U90/><E90/><AGARI ba="0,1" hai="21,27,30,43,47,50,65,67,80,84,90" m="59415" machi="90" ten="30,2900,0" yaku="8,1,52,1" doraHai="95" who="3" fromWho="1" sc="164,0,212,-29,240,0,374,39" owari="164,-34.0,183,-22.0,240,4.0,413,52.0" /></mjloggm>