<mjloggm ver="2.3"><GO type="169" lobby="0"/><UN n0="%E8%91%B5%E3%81%A1%E3%82%83%E3%82%93" n1="%72%61%69%32%31%31" n2="%E6%87%90%E3%81%8F%E5%AE%B6%E7%95%9C" n3="%E3%83%9D%E3%83%B3%E3%83%89%E3%83%AB" dan="16,16,16,16" rate="2113.31,2084.99,2113.33,2037.81" sx="M,M,M,M"/><TAIKYOKU oya="0"/><INIT seed="0,0,0,0,0,50" ten="250,250,250,250" oya="0" hai0="79,53,128,51,96,66,117,98,119,91,25,2,130" hai1="26,88,65,100,115,104,52,64,45,61,38,89,101" hai2="71,122,13,17,4,57,116,135,132,31,127,24,95" hai3="81,63,32,3,18,83,27,20,75,92,42,93,30"/><T107/><D2/><U47/><E115/><V102/><F122/><W110/><G3/><T35/><D66/><N who="1" m="25707" /><E104/><V86/><F116/><W108/><G42/><T97/><D107/><U37/><E38/><V112/><F71/><W72/><G63/><T10/><D79/><U5/><E37/><V67/><F112/><W54/><G54/><T59/><D91/><N who="1" m="34891" /><E5/><V78/><F4/><W70/><G70/><T48/><D10/><U82/><E82/><N who="3" m="31242" /><G72/><T111/><D111/><N who="3" m="42537" /><G75/><T6/><D6/><U33/><E33/><V22/><F78/><W68/><G68/><T105/><D105/><U126/><E126/><V19/><F127/><W12/><AGARI ba="0,0" hai="12,18,20,27,30,32,92,93" m="42537,31242" machi="12" ten="30,1100,0" yaku="14,1" doraHai="50" who="3" fromWho="3" sc="250,-5,250,-3,250,-3,250,11" /><INIT seed="1,0,0,3,1,18" ten="245,247,247,261" oya="1" hai0="7,66,73,117,33,133,131,78,37,76,79,113,64" hai1="88,91,51,92,53,52,124,9,54,22,110,129,36" hai2="97,126,100,68,87,114,25,82,128,125,39,112,10" hai3="32,24,71,72,62,108,4,15,109,26,47,57,84"/><U0/><E129/><V44/><F68/><W14/><G72/><T23/><D117/><U48/><E124/><N who="2" m="47723" /><F128/><W2/><G71/><T132/><D113/><N who="2" m="43626" /><F10/><N who="3" m="2327" /><G47/><T3/><D33/><U40/><E110/><N who="3" m="42602" /><G84/><T27/><D73/><U90/><E92/><V81/><F25/><N who="3" m="9835" /><G32/><T106/><D37/><U123/><E123/><V49/><F39/><W46/><G46/><T13/><D131/><U29/><E36/><V20/><F87/><W96/><G96/><T31/><D106/><U28/><E40/><N who="2" m="24711" /><F20/><W30/><G30/><T122/><D122/><U119/><E22/><V127/><N who="2" m="47731" /><V45/><DORA hai="118" /><F45/><W1/><G1/><T130/><D3/><U61/><E119/><V101/><F101/><W104/><G104/><AGARI ba="0,0" hai="81,82,97,100,104" m="24711,43626,47731" machi="104" ten="40,2600,0" yaku="18,1,11,1" doraHai="18,118" who="2" fromWho="3" sc="245,0,247,0,247,26,261,-26" /><INIT seed="2,0,0,0,1,95" ten="245,247,273,235" oya="2" hai0="26,86,61,127,12,46,13,31,58,7,122,17,55" hai1="3,107,71,101,108,76,129,25,1,120,41,69,109" hai2="44,83,82,23,114,32,106,9,102,100,16,15,11" hai3="88,63,110,89,5,125,70,47,0,112,30,22,50"/><V21/><F114/><W53/><G0/><N who="1" m="74" /><E25/><V117/><F117/><W81/><G5/><T85/><D127/><U126/><E76/><V115/><F115/><W91/><G125/><T118/><D118/><U74/><E126/><V84/><F32/><W40/><G112/><T19/><D7/><U121/><E41/><V80/><F106/><W98/><G110/><N who="1" m="42602" /><E129/><V35/><F35/><W60/><G70/><N who="1" m="26634" /><E74/><V132/><F132/><W56/><G81/><N who="2" m="31337" /><F44/><W133/><G133/><T65/><D26/><U43/><E43/><V18/><F9/><W113/><G113/><T119/><D31/><U124/><E124/><V105/><F105/><W90/><G30/><T93/><D119/><U42/><E42/><V34/><F34/><W59/><G22/><N who="2" m="8201" /><F18/><W66/><N who="3" m="22528" /><DORA hai="75" /><W94/><G94/><T38/><D93/><U131/><E131/><V48/><F48/><W134/><G134/><T116/><D116/><U28/><E28/><V135/><F135/><W49/><REACH who="3" step="1"/><G98/><AGARI ba="0,0" hai="98,101,107,120,121" m="26634,42602,74" machi="98" ten="40,5200,0" yaku="14,1,23,1,52,1" doraHai="95,75" who="1" fromWho="3" sc="245,0,247,52,273,0,235,-52" /><INIT seed="3,0,0,0,2,18" ten="245,299,273,183" oya="3" hai0="32,130,90,101,29,122,4,37,76,83,94,13,105" hai1="55,84,47,17,87,80,114,121,39,51,10,23,6" hai2="40,98,75,12,64,95,44,123,69,79,9,125,59" hai3="41,25,45,127,1,132,131,26,128,11,67,14,116"/><W57/><G1/><T60/><D122/><U2/><E121/><V104/><F123/><W56/><G116/><T33/><D37/><U52/><E114/><V50/><F125/><W124/><G67/><T91/><D130/><N who="3" m="49705" /><G26/><T49/><D29/><U81/><E39/><V88/><F104/><W111/><G25/><T119/><D119/><U48/><E80/><V73/><F69/><W92/><G92/><T93/><D49/><U30/><E30/><V126/><F126/><N who="3" m="48171" /><G111/><T102/><D105/><U19/><E19/><V42/><F75/><W3/><G3/><T89/><D94/><U110/><E81/><V38/><F73/><W118/><G118/><T133/><D93/><U108/><E110/><V63/><F79/><W78/><G78/><T31/><D32/><U70/><E108/><V36/><F40/><W134/><G14/><T86/><D33/><U24/><REACH who="1" step="1"/><E70/><REACH who="1" ten="245,289,273,183" step="2"/><V58/><REACH who="2" step="1"/><F58/><AGARI ba="0,1" hai="2,6,10,17,23,24,47,48,51,52,55,58,84,87" machi="58" ten="30,8000,1" yaku="1,1,2,1,7,1,52,1,54,1,53,0" doraHai="18" doraHaiUra="106" who="1" fromWho="2" sc="245,0,289,90,273,-80,183,0" /><INIT seed="4,0,0,3,5,122" ten="245,379,193,183" oya="0" hai0="85,123,78,46,71,80,114,115,98,72,49,34,68" hai1="134,43,100,133,13,131,22,40,52,38,16,15,97" hai2="121,96,83,37,118,129,112,87,103,50,12,62,108" hai3="56,128,28,70,30,111,102,44,18,19,74,58,59"/><T101/><D123/><U33/><E131/><V92/><F121/><W89/><G70/><T119/><D119/><U8/><E33/><V120/><F120/><W57/><G74/><T32/><D71/><U135/><E38/><V84/><F118/><W35/><G128/><T45/><D68/><U7/><REACH who="1" step="1"/><E52/><REACH who="1" ten="245,369,193,183" step="2"/><V54/><F129/><W4/><G35/><T91/><D32/><U36/><E36/><V105/><F37/><W21/><G30/><T81/><D34/><U6/><E6/><V1/><F108/><W77/><G4/><T86/><D49/><U106/><AGARI ba="0,1" hai="7,8,13,15,16,22,40,43,97,100,106,133,134,135" machi="106" ten="30,7900,0" yaku="1,1,0,1,20,1,54,1,53,0" doraHai="122" doraHaiUra="53" who="1" fromWho="1" sc="245,-39,369,89,193,-20,183,-20" /><INIT seed="5,0,0,0,4,61" ten="206,458,173,163" oya="1" hai0="27,98,130,43,95,108,114,15,90,70,123,47,76" hai1="82,26,50,107,11,93,38,2,20,45,100,73,49" hai2="56,106,116,7,60,57,25,19,23,74,103,13,85" hai3="97,52,125,36,51,29,24,113,120,75,1,0,126"/><U131/><E131/><V59/><F116/><W115/><G75/><T80/><D108/><U30/><E107/><V72/><F106/><W41/><G41/><T31/><D130/><U35/><E35/><V69/><F103/><W94/><G36/><T104/><D114/><N who="3" m="43529" /><G120/><T67/><D123/><U55/><E38/><V112/><F112/><W46/><G94/><T64/><D15/><U87/><E73/><V12/><F12/><W62/><G97/><T9/><D9/><U44/><E2/><N who="3" m="1130" /><G62/><T16/><D104/><U96/><E11/><V124/><F74/><W86/><G86/><N who="0" m="48391" /><D70/><U99/><E99/><V22/><F72/><W54/><G54/><T118/><D31/><U53/><E87/><V4/><F85/><W48/><G51/><N who="0" m="27135" /><D118/><U6/><E6/><V121/><F121/><W34/><AGARI ba="0,0" hai="24,29,34,46,48,52,125,126" m="1130,43529" machi="34" ten="40,2700,0" yaku="15,1,54,1" doraHai="61" who="3" fromWho="3" sc="206,-7,458,-13,173,-7,163,27" /><INIT seed="6,0,0,2,4,11" ten="199,445,166,190" oya="2" hai0="108,120,33,127,52,16,14,79,54,97,3,2,101" hai1="31,45,95,24,118,113,21,59,71,32,57,51,48" hai2="122,112,29,1,89,34,8,93,58,132,37,53,128" hai3="73,4,114,41,111,43,126,117,129,5,40,61,96"/><V72/><F122/><W130/><G73/><T74/><D120/><U77/><E71/><V38/><F72/><W22/><G111/><T47/><D33/><U80/><E118/><V123/><F123/><W42/><G117/><T92/><D108/><U26/><E113/><V85/><F112/><W39/><G114/><T67/><D67/><U91/><E32/><V12/><F1/><W15/><N who="3" m="10240" /><DORA hai="0" /><W90/><G39/><T69/><D69/><U56/><E26/><V68/><F68/><W115/><G115/><T50/><D127/><U55/><E48/><V19/><F132/><W98/><G61/><T66/><D66/><U106/><E106/><V27/><F128/><N who="3" m="49259" /><G126/><T125/><D54/><U6/><E6/><N who="3" m="2666" /><G90/><T70/><D125/><U105/><E105/><V99/><F99/><N who="3" m="37931" /><G22/><T30/><D70/><U124/><E124/><V94/><REACH who="2" step="1"/><F94/><REACH who="2" ten="199,445,156,190" step="2"/><W64/><G64/><T23/><D74/><U100/><E95/><V109/><F109/><W82/><G82/><T36/><D36/><U62/><E80/><V7/><F7/><W133/><G133/><T107/><D92/><U18/><E91/><V76/><F76/><W65/><G65/><T104/><D104/><U103/><E77/><V102/><F102/><W81/><G81/><T83/><D83/><U28/><E103/><V25/><F25/><W87/><G87/><T116/><D116/><U78/><E100/><V86/><F86/><W88/><G88/><T135/><D135/><U60/><E78/><V119/><F119/><W35/><G35/><T9/><D79/><U134/><E134/><V10/><F10/><RYUUKYOKU ba="0,1" sc="199,0,445,0,156,0,190,0" hai0="2,3,9,14,16,23,30,47,50,52,97,101,107" hai1="18,21,24,28,31,45,51,55,56,57,59,60,62" hai2="8,12,19,27,29,34,37,38,53,58,85,89,93" hai3="15" /><INIT seed="6,1,1,3,4,126" ten="199,445,156,190" oya="2" hai0="14,73,68,20,116,53,110,122,71,84,56,52,130" hai1="112,22,12,38,94,18,43,97,50,37,121,99,23" hai2="6,63,101,60,16,105,67,8,31,132,44,109,95" hai3="108,1,128,133,46,57,55,32,36,124,11,51,129"/><V41/><F109/><W120/><G108/><T27/><D122/><U49/><E112/><V85/><F132/><W59/><G120/><T58/><D110/><U134/><E121/><V81/><F105/><W83/><G124/><T98/><D73/><U115/><E115/><V65/><F31/><W107/><G107/><T3/><D3/><U102/><E134/><V15/><F67/><W17/><G32/><T5/><D116/><U106/><E37/><V42/><F60/><W119/><G119/><T92/><D84/><U80/><E80/><V2/><F44/><W90/><G133/><T104/><D130/><N who="3" m="50281" /><G36/><T75/><D75/><U10/><E38/><V40/><F101/><W21/><G11/><N who="0" m="4463" /><D71/><U114/><E114/><V48/><F95/><W4/><G4/><T62/><D68/><U54/><E43/><V66/><F48/><W100/><G1/><T69/><D69/><U79/><E49/><V93/><F93/><W35/><G35/><T45/><D45/><U82/><E106/><V70/><F66/><W74/><G74/><T113/><D113/><U29/><E99/><V30/><F30/><W118/><G118/><T61/><D92/><U72/><E29/><V7/><REACH who="2" step="1"/><F2/><REACH who="2" ten="199,445,146,190" step="2"/><W96/><G100/><T19/><D104/><U117/><E117/><V39/><F39/><W76/><G96/><AGARI ba="1,2" hai="19,20,27,52,53,56,58,61,62,96,98" m="4463" machi="96" ten="30,2000,0" yaku="8,1,54,1" doraHai="126" who="0" fromWho="3" sc="199,43,445,0,146,0,190,-23" /><INIT seed="7,0,0,5,5,124" ten="242,445,146,167" oya="3" hai0="120,61,88,95,131,82,1,135,31,16,45,23,6" hai1="87,39,36,127,103,54,53,9,97,118,40,48,51" hai2="52,73,37,99,134,18,66,90,121,42,112,106,0" hai3="58,81,113,76,43,27,80,70,78,22,29,10,20"/><W46/><G70/><T50/><D120/><U94/><E127/><V100/><F73/><W101/><G101/><T2/><D131/><U5/><E118/><V115/><F0/><W79/><G113/><N who="2" m="43593" /><F121/><W71/><G71/><T89/><D31/><U25/><E25/><V47/><F134/><W114/><G114/><T41/><D6/><U111/><E111/><V91/><F66/><W133/><G133/><T44/><D61/><U55/><E87/><V92/><F18/><W77/><G58/><T86/><D45/><U68/><E68/><V32/><F32/><W85/><G10/><T38/><D38/><U122/><E122/><V8/><F8/><W83/><REACH who="3" step="1"/><G20/><REACH who="3" ten="242,445,146,157" step="2"/><T110/><D135/><U64/><E103/><V123/><F123/><W98/><G98/><T12/><D110/><U117/><E9/><V24/><F24/><W35/><G35/><T102/><D102/><U60/><E117/><V130/><F130/><W14/><G14/><T96/><AGARI ba="0,1" hai="1,2,12,16,23,41,44,50,82,86,88,89,95,96" machi="96" ten="20,5200,0" yaku="0,1,7,1,54,2" doraHai="124" who="0" fromWho="0" sc="242,62,445,-13,146,-13,157,-26" owari="304,10.0,432,54.0,133,-27.0,131,-37.0" /></mjloggm>