<mjloggm ver="2.3"><GO type="169" lobby="0"/><UN n0="%73%65%61%73%74%6F%72%79" n1="%E5%A4%A7%E6%A5%A0%E5%85%AC" n2="%E3%83%89%E3%83%A9%EF%BC%91%EF%BC%92%EF%BC%90%EF%BC%85" n3="%E4%B8%89%E5%86%A0%E7%8E%8B%E3%83%BB%E5%B1%B1%E7%94%B0%E5%93%B2%E4%BA%BA" dan="16,16,17,17" rate="2112.87,2163.51,2246.94,2198.41" sx="M,M,M,M"/><TAIKYOKU oya="0"/><INIT seed="0,0,0,5,2,118" ten="250,250,250,250" oya="0" hai0="5,129,0,33,117,55,2,77,22,4,7,15,44" hai1="16,126,111,53,90,78,116,47,29,135,107,96,73" hai2="113,102,3,132,65,108,40,56,75,100,62,38,93" hai3="120,43,91,92,104,110,105,85,60,88,133,20,109"/><T97/><D117/><U8/><E116/><V26/><F75/><W54/><G43/><T98/><D33/><U19/><E111/><N who="3" m="42506" /><G133/><T70/><D70/><U74/><E135/><V123/><F108/><W114/><G114/><T66/><D129/><U32/><E126/><V131/><F3/><W46/><G20/><T82/><D66/><U25/><E78/><V101/><F113/><W31/><G31/><T6/><D0/><U121/><E121/><V14/><F132/><W79/><G79/><T95/><D2/><U81/><E107/><N who="3" m="41034" /><G91/><T68/><D68/><U134/><E134/><V67/><F40/><W122/><G60/><T94/><D82/><U23/><E8/><V99/><F38/><W59/><G59/><T13/><D77/><U71/><E71/><V130/><F26/><W69/><G69/><T17/><D13/><U1/><E1/><V11/><F67/><W76/><G76/><T24/><D24/><U72/><E32/><V27/><F27/><W41/><G54/><T124/><D124/><U89/><E53/><V84/><F130/><W87/><G85/><T34/><D34/><U37/><E47/><V112/><F131/><W18/><G18/><T103/><N who="0" m="1024" /><DORA hai="106" /><T48/><D103/><U127/><E37/><AGARI ba="0,0" hai="37,41,46,87,88,92,120,122" m="41034,42506" machi="37" ten="30,7700,0" yaku="14,1,52,2,54,1" doraHai="118,106" who="3" fromWho="1" sc="250,0,250,-77,250,0,250,77" /><INIT seed="1,0,0,5,0,65" ten="250,173,250,327" oya="1" hai0="130,119,134,112,41,104,55,84,83,95,93,15,97" hai1="116,51,88,27,0,77,26,109,91,118,39,79,129" hai2="67,44,28,8,113,36,21,64,1,106,16,128,101" hai3="32,10,20,18,110,80,73,33,122,25,60,68,108"/><U125/><E39/><V117/><F117/><W54/><G122/><T61/><D119/><U127/><E51/><V86/><F128/><W74/><G10/><T49/><D130/><U53/><E53/><V115/><F28/><W37/><G37/><T3/><D3/><U59/><E59/><V45/><F101/><W120/><G120/><T42/><D112/><N who="2" m="43082" /><F106/><W107/><G107/><T24/><D134/><U71/><E129/><V22/><F22/><W40/><G40/><T89/><D104/><U70/><E0/><V31/><F31/><W43/><G43/><T133/><D133/><U50/><E50/><V81/><F8/><W98/><G20/><T62/><D24/><U132/><E132/><V2/><F64/><W38/><G25/><T96/><D15/><U90/><REACH who="1" step="1"/><E91/><REACH who="1" ten="250,163,250,327" step="2"/><N who="2" m="51663" /><F67/><W29/><G54/><T30/><D42/><U131/><E131/><V75/><F36/><W9/><G38/><T126/><D41/><U58/><E58/><V85/><F1/><W66/><G66/><T4/><D55/><U92/><E92/><V13/><F2/><W78/><G78/><T102/><D49/><U114/><E114/><V82/><F75/><W19/><G74/><T111/><D93/><U76/><E76/><AGARI ba="0,1" hai="13,16,21,44,45,76,82,85" m="51663,43082" machi="76" ten="30,2000,0" yaku="11,1,54,1" doraHai="65" who="2" fromWho="1" sc="250,0,163,-20,250,30,327,0" /><INIT seed="2,0,0,3,5,134" ten="250,143,280,327" oya="2" hai0="102,133,45,27,18,58,91,127,97,48,13,36,75" hai1="21,3,12,61,16,1,7,81,106,0,86,38,93" hai2="94,34,88,116,41,107,132,95,55,135,33,57,60" hai3="70,35,80,62,67,82,103,108,26,40,44,126,78"/><V59/><F107/><W28/><G108/><T112/><D133/><N who="2" m="51274" /><F116/><W124/><G103/><T89/><D112/><U14/><E106/><V65/><F41/><W22/><G22/><T5/><D75/><U54/><E38/><V84/><F95/><W90/><G90/><T23/><D36/><U87/><E93/><V118/><F118/><W69/><G69/><T10/><D58/><U117/><E117/><V125/><F125/><N who="3" m="48235" /><G78/><T98/><D127/><U49/><E61/><AGARI ba="0,0" hai="33,34,55,57,59,60,61,65,84,88,94" m="51274" machi="61" ten="30,2900,0" yaku="20,1,54,1" doraHai="134" who="2" fromWho="1" sc="250,0,143,-29,280,29,327,0" /><INIT seed="2,1,0,3,1,124" ten="250,114,309,327" oya="2" hai0="24,13,131,115,102,134,65,34,11,106,111,1,38" hai1="114,47,135,16,130,74,19,20,126,108,132,42,2" hai2="7,116,22,59,123,37,43,95,55,0,61,58,87" hai3="26,29,53,25,68,103,127,62,92,75,83,76,107"/><V121/><F116/><W125/><G53/><T90/><D115/><U60/><E74/><V89/><F37/><W64/><G92/><T28/><D38/><U113/><E60/><V48/><F0/><W32/><G25/><T70/><D134/><N who="1" m="51243" /><E47/><V100/><F7/><W39/><G39/><T81/><D111/><U17/><E42/><V33/><F33/><W6/><G6/><T112/><D112/><N who="1" m="43115" /><E108/><V14/><F100/><W4/><G4/><T15/><D1/><U56/><E56/><V12/><F43/><W18/><G18/><N who="1" m="7274" /><E2/><V23/><F123/><W21/><G21/><N who="2" m="7689" /><F121/><W63/><G63/><T80/><D70/><U31/><E126/><V27/><F59/><W133/><G133/><T99/><D65/><U101/><E101/><V96/><F61/><W36/><G36/><T49/><D49/><U3/><E3/><V118/><F55/><W52/><G52/><T117/><D102/><U88/><E88/><V91/><F89/><W44/><G44/><T86/><D90/><U105/><E105/><V51/><F91/><W97/><AGARI ba="1,0" hai="26,29,32,62,64,68,75,76,83,97,103,107,125,127" machi="97" ten="30,8000,1" yaku="0,1,25,2,23,2" doraHai="124" who="3" fromWho="3" sc="250,-21,114,-21,309,-41,327,83" /><INIT seed="3,0,0,1,4,85" ten="229,93,268,410" oya="3" hai0="89,42,100,97,130,115,98,81,66,129,52,71,80" hai1="72,65,43,55,0,118,83,18,27,8,20,106,131" hai2="133,120,92,102,70,7,107,76,99,35,123,116,36" hai3="56,29,31,51,91,6,90,11,1,69,113,50,49"/><W19/><G69/><T46/><D66/><U15/><E106/><V37/><F70/><W101/><G113/><T61/><D71/><U60/><E118/><V44/><F35/><W63/><G101/><T128/><D115/><U127/><E131/><V39/><F116/><W124/><G124/><T34/><D34/><U95/><E127/><V40/><F7/><W103/><G103/><T9/><D9/><U5/><E43/><V32/><F32/><W47/><G47/><T74/><D74/><U62/><E65/><V84/><F133/><W59/><G19/><T54/><D61/><U86/><E72/><V122/><F76/><W57/><REACH who="3" step="1"/><G63/><REACH who="3" ten="229,93,268,400" step="2"/><T38/><D100/><U126/><E126/><V121/><F121/><W58/><N who="3" m="14336" /><DORA hai="53" /><W125/><G125/><T14/><D46/><U64/><E64/><V134/><F134/><W22/><G22/><T2/><D130/><U26/><E60/><V132/><F132/><W96/><G96/><T117/><D98/><U23/><E62/><V75/><F44/><W33/><G33/><T16/><D97/><U105/><E105/><V28/><F107/><W108/><G108/><T78/><D16/><N who="1" m="12679" /><E0/><V4/><F123/><W110/><G110/><T13/><D2/><U88/><E55/><V104/><F104/><W77/><G77/><T94/><D52/><U25/><E25/><V17/><F122/><W45/><G45/><T3/><D54/><U112/><E112/><V24/><F120/><W111/><G111/><T48/><D3/><U109/><E109/><V68/><F68/><W114/><G114/><T12/><D129/><RYUUKYOKU ba="0,1" sc="229,-15,93,15,268,-15,400,15" hai1="5,8,15,18,23,26,83,86,88,95" hai3="1,6,11,29,31,49,50,51,90,91" /><INIT seed="3,1,1,0,0,22" ten="214,108,253,415" oya="3" hai0="25,4,30,111,5,105,52,65,10,86,98,48,133" hai1="82,33,94,74,54,38,99,56,62,9,83,66,37" hai2="75,95,107,80,35,73,7,92,119,122,115,26,114" hai3="72,55,43,42,34,118,58,124,27,110,135,127,8"/><W67/><G118/><T79/><D133/><U89/><E33/><V101/><F7/><W51/><G135/><T2/><D111/><U39/><E74/><V18/><F119/><W64/><G72/><T61/><D5/><U71/><REACH who="1" step="1"/><E9/><REACH who="1" ten="214,98,253,415" step="2"/><V20/><F35/><W87/><G8/><T70/><D10/><U123/><E123/><V15/><F122/><W21/><G34/><T12/><D2/><U85/><E85/><V96/><F73/><W109/><G87/><T19/><D86/><U78/><E78/><V36/><F75/><W40/><G110/><T69/><D79/><U59/><E59/><V49/><F115/><W28/><REACH who="3" step="1"/><G109/><REACH who="3" ten="214,98,253,405" step="2"/><T50/><D4/><U14/><E14/><V126/><F15/><W57/><G57/><T81/><D12/><U76/><E76/><V77/><F77/><W44/><G44/><T117/><D117/><U129/><E129/><V3/><F114/><W53/><G53/><T112/><D52/><U125/><E125/><AGARI ba="1,3" hai="21,27,28,40,42,43,51,55,58,64,67,124,125,127" machi="125" ten="40,7700,0" yaku="1,1,18,1,52,1,53,0" doraHai="22" doraHaiUra="29" who="3" fromWho="1" sc="214,0,98,-80,253,0,405,110" /><INIT seed="3,2,0,5,0,70" ten="214,18,253,515" oya="3" hai0="10,17,31,4,88,81,118,36,102,28,90,55,114" hai1="106,57,112,80,82,22,86,89,74,1,42,30,49" hai2="63,76,98,123,13,54,14,68,18,8,77,119,67" hai3="92,66,103,61,120,6,126,65,20,99,43,78,122"/><W58/><G126/><T59/><D118/><U97/><E112/><V113/><F119/><W0/><G78/><T105/><D114/><U12/><E1/><V85/><F113/><W23/><G0/><T117/><D117/><U21/><E74/><V48/><F123/><W72/><G6/><T2/><D17/><U47/><E106/><V84/><F98/><W71/><G72/><T135/><D135/><U53/><E97/><V109/><F109/><W41/><G20/><T3/><D3/><U50/><E30/><V5/><F77/><W38/><G43/><T127/><D127/><U93/><REACH who="1" step="1"/><E22/><REACH who="1" ten="214,8,253,515" step="2"/><V73/><F73/><W108/><G23/><T125/><D125/><U133/><E133/><V107/><F107/><W34/><G99/><T51/><D31/><U26/><E26/><V29/><F29/><W62/><G122/><T129/><D28/><U111/><E111/><V16/><F85/><W44/><G120/><T94/><D105/><U24/><E24/><V15/><F84/><W64/><G108/><T7/><D2/><U91/><E91/><V11/><F76/><W9/><G103/><T52/><D88/><U128/><E128/><V32/><F32/><W35/><G34/><T27/><D90/><U37/><E37/><V69/><F15/><W104/><G35/><T95/><D36/><U46/><E46/><V132/><F132/><W110/><G38/><T19/><D102/><U33/><E33/><V39/><F39/><W45/><G110/><T40/><D27/><U56/><E56/><N who="2" m="32839" /><F68/><N who="3" m="41999" /><G104/><T115/><D129/><U25/><E25/><V79/><F79/><RYUUKYOKU ba="2,1" sc="214,-15,8,15,253,15,515,-15" hai1="12,21,42,47,49,50,53,57,80,82,86,89,93" hai2="5,8,11,13,14,16,18,63,67,69" /><INIT seed="4,3,1,5,4,34" ten="199,23,268,500" oya="0" hai0="116,104,12,127,125,75,61,26,70,66,89,58,24" hai1="99,65,62,77,73,85,117,63,45,44,93,14,131" hai2="105,46,120,4,52,133,38,121,47,57,13,122,21" hai3="97,78,60,102,19,84,51,36,3,80,50,18,115"/><T7/><D116/><U49/><E117/><V71/><F105/><W109/><G36/><T132/><D104/><U67/><E131/><V37/><F71/><W100/><G100/><T129/><D129/><U28/><E73/><V96/><F96/><W119/><G19/><T31/><D75/><U135/><E135/><V42/><F21/><W81/><G60/><N who="1" m="23082" /><E28/><V83/><F83/><W35/><G51/><T111/><D132/><U118/><E118/><V79/><F79/><W88/><G50/><T53/><D70/><U87/><E14/><V134/><F13/><W9/><G18/><T103/><D103/><N who="1" m="60911" /><E45/><V20/><F20/><W27/><G27/><T11/><D66/><N who="1" m="25099" /><E77/><V41/><F4/><W68/><G9/><T90/><D26/><U39/><E39/><V29/><F29/><W123/><G123/><T82/><D111/><U2/><E2/><V126/><F126/><N who="0" m="48138" /><D82/><U56/><E56/><V54/><F122/><W40/><G102/><T6/><D6/><U23/><E23/><AGARI ba="3,1" hai="7,11,12,23,24,31,53,58,61,89,90" m="48138" machi="23" ten="30,1500,0" yaku="18,1" doraHai="34" who="0" fromWho="1" sc="199,34,23,-24,268,0,500,0" owari="233,-17.0,-1,-50.0,268,7.0,500,60.0" /></mjloggm>