<mjloggm ver="2.3"><GO type="169" lobby="0"/><UN n0="%EF%BC%BC%28%EF%BC%BE%6F%EF%BC%BE%29%EF%BC%8F%E2%98%85" n1="%E7%89%A7%E5%A0%B4%E3%81%AE%E5%B0%91%E5%A5%B3" n2="%E8%8A%B1%E6%BE%A4%E3%83%91%E3%82%AF%E3%83%81%E3%83%BC" n3="%E6%82%A0%E3%80%85%2E" dan="17,16,17,17" rate="2236.77,2112.88,2198.14,2198.71" sx="M,M,M,M"/><TAIKYOKU oya="0"/><INIT seed="0,0,0,3,2,23" ten="250,250,250,250" oya="0" hai0="84,119,106,94,61,37,17,118,11,100,22,47,63" hai1="131,68,10,95,83,92,56,13,55,5,112,14,25" hai2="3,62,88,36,79,127,58,57,12,7,18,9,30" hai3="124,49,35,97,34,31,28,38,29,123,50,93,81"/><T115/><D115/><U80/><E68/><V59/><F127/><W82/><G38/><T64/><D106/><U135/><E135/><V71/><F36/><W99/><G123/><T44/><D11/><U48/><E131/><V1/><F79/><W90/><G124/><T91/><D100/><U87/><E112/><V128/><F128/><W89/><G29/><T129/><D129/><U98/><E95/><AGARI ba="0,0" hai="28,31,34,35,49,50,81,82,89,90,93,95,97,99" machi="95" ten="25,1600,0" yaku="22,2" doraHai="23" who="3" fromWho="1" sc="250,0,250,-16,250,0,250,16" /><INIT seed="1,0,0,5,3,68" ten="250,234,250,266" oya="1" hai0="4,82,91,92,14,47,80,61,107,86,109,84,2" hai1="108,103,60,67,133,120,79,119,6,94,72,132,15" hai2="97,1,110,32,125,18,129,59,26,39,99,101,87" hai3="124,77,100,111,117,135,28,44,41,52,134,22,85"/><U11/><E119/><V116/><F1/><W25/><G111/><T66/><D109/><U75/><E108/><V43/><F116/><W95/><G124/><T45/><D2/><U128/><E120/><V53/><F110/><W19/><G117/><T71/><D107/><U56/><E128/><V55/><F125/><W112/><G112/><T76/><D4/><U69/><E69/><V27/><F129/><W90/><G100/><T49/><D14/><U88/><E103/><V105/><F97/><W3/><G3/><T113/><D113/><U57/><E56/><V9/><F87/><W81/><G52/><T36/><D36/><U73/><REACH who="1" step="1"/><E79/><REACH who="1" ten="250,224,250,266" step="2"/><V130/><F130/><W122/><G122/><T5/><D71/><U24/><E24/><V42/><F27/><W7/><G77/><T102/><D76/><U121/><E121/><V46/><F59/><W114/><G114/><T30/><D102/><U17/><E17/><V104/><F105/><W50/><G7/><T37/><D5/><U74/><N who="1" m="18432" /><DORA hai="118" /><U83/><E83/><V123/><F123/><W0/><G81/><T106/><D106/><U29/><E29/><V31/><F18/><W33/><REACH who="3" step="1"/><G0/><REACH who="3" ten="250,224,250,256" step="2"/><T115/><D82/><U64/><E64/><V51/><F101/><W78/><G78/><T65/><D65/><U98/><AGARI ba="0,2" hai="6,11,15,57,60,67,88,94,98,132,133" m="18432" machi="98" ten="60,12000,1" yaku="1,1,0,1,54,1,53,1" doraHai="68,118" doraHaiUra="54,13" who="1" fromWho="1" sc="250,-40,224,140,250,-40,256,-40" /><INIT seed="1,1,0,1,5,116" ten="210,364,210,216" oya="1" hai0="9,21,80,65,129,112,63,42,126,57,114,43,53" hai1="108,118,4,131,134,89,135,60,28,105,39,110,78" hai2="56,18,7,54,76,72,71,86,97,13,40,90,101" hai3="16,127,70,51,109,121,55,5,64,34,125,119,68"/><U25/><E118/><V46/><F71/><W62/><G119/><T14/><D21/><U59/><E105/><V82/><F7/><W36/><G34/><T75/><D75/><U17/><E39/><V83/><F40/><W44/><G5/><T77/><D126/><N who="3" m="48137" /><G109/><N who="1" m="42090" /><E131/><V11/><F46/><N who="3" m="28151" /><G16/><N who="0" m="8271" /><D114/><U29/><E78/><V15/><F15/><W8/><G8/><T1/><D1/><U32/><E89/><V50/><F72/><W99/><G99/><T85/><D112/><U104/><E104/><V132/><F132/><N who="1" m="50729" /><E4/><V23/><F82/><W10/><G10/><T3/><D129/><U98/><E98/><V45/><F56/><N who="3" m="36935" /><G121/><T37/><D37/><U66/><E28/><V102/><F23/><W74/><G74/><T128/><D128/><U100/><E17/><V41/><F41/><AGARI ba="1,0" hai="36,41,44,68,70" m="36935,28151,48137" machi="41" ten="30,3900,0" yaku="18,1,34,2" doraHai="116" who="3" fromWho="2" sc="210,0,364,0,210,-42,216,42" /><INIT seed="2,0,0,2,5,72" ten="210,364,168,258" oya="2" hai0="47,117,40,78,69,13,114,25,29,20,88,127,64" hai1="33,31,1,70,101,81,39,24,55,50,12,106,53" hai2="129,97,27,9,36,52,125,99,35,32,93,92,132" hai3="91,82,37,59,14,4,45,6,126,89,46,90,108"/><V42/><F132/><W63/><G108/><T21/><D114/><U65/><E39/><V123/><F123/><W23/><G126/><T80/><D127/><U48/><E1/><V5/><F125/><W67/><G37/><T7/><D117/><U17/><E81/><V105/><F105/><W51/><G82/><T76/><D69/><U102/><E50/><V11/><F129/><W85/><G85/><N who="0" m="50215" /><D64/><U110/><E48/><V34/><F27/><W115/><G115/><T54/><D40/><U116/><E101/><V41/><F36/><W86/><G86/><T19/><D7/><N who="3" m="2601" /><G51/><AGARI ba="0,0" hai="13,19,20,21,25,29,47,51,54,76,78" m="50215" machi="51" ten="30,7700,0" yaku="8,1,52,2,54,1" doraHai="72" who="0" fromWho="3" sc="210,77,364,0,168,0,258,-77" /><INIT seed="3,0,0,5,3,40" ten="287,364,168,181" oya="3" hai0="94,10,5,98,69,80,124,19,130,39,72,14,93" hai1="96,1,42,3,24,27,84,78,29,66,91,114,7" hai2="106,109,52,35,50,133,22,28,71,132,85,92,16" hai3="11,0,30,70,103,87,117,56,9,34,120,37,123"/><W107/><G117/><T47/><D69/><U89/><E114/><V79/><F106/><W116/><G116/><T62/><D124/><U121/><E121/><V90/><F71/><W60/><G87/><T20/><D130/><U15/><E78/><V32/><F109/><W100/><G37/><T2/><D62/><U64/><E42/><V25/><F79/><W46/><G0/><T68/><D68/><U105/><E24/><V73/><F73/><W41/><G100/><T49/><D98/><U131/><E1/><V58/><REACH who="2" step="1"/><F35/><REACH who="2" ten="287,364,158,181" step="2"/><W21/><G34/><T53/><D72/><U95/><E105/><V36/><F36/><W43/><G70/><T31/><D39/><U8/><E131/><V55/><F55/><W33/><G33/><T119/><D119/><U81/><E3/><V23/><F23/><AGARI ba="0,1" hai="7,8,15,23,27,29,64,66,81,84,89,91,95,96" machi="23" ten="30,2000,0" yaku="7,1,8,1" doraHai="40" who="1" fromWho="2" sc="287,0,364,30,158,-20,181,0" /><INIT seed="4,0,0,4,2,115" ten="287,394,138,181" oya="0" hai0="105,74,34,135,21,38,81,54,14,67,55,19,103" hai1="2,86,66,127,92,46,130,43,58,18,28,99,53" hai2="133,78,73,29,51,30,100,22,84,23,64,42,108" hai3="117,91,6,102,80,93,16,1,119,25,89,12,11"/><T31/><D38/><U27/><E2/><V39/><F108/><W61/><G61/><T122/><D122/><U128/><E127/><V116/><F73/><W40/><G40/><T62/><D135/><U33/><E66/><V57/><F100/><W104/><G104/><T68/><D81/><U87/><E18/><V60/><F133/><W88/><G25/><N who="0" m="18799" /><D74/><U101/><E58/><V5/><F5/><W111/><G111/><T8/><D21/><N who="2" m="7690" /><F39/><W75/><G102/><T32/><D32/><U97/><E97/><AGARI ba="0,0" hai="8,14,19,54,55,62,67,68,97,103,105" m="18799" machi="97" ten="30,1500,0" yaku="25,1" doraHai="115" who="0" fromWho="1" sc="287,15,394,-15,138,0,181,0" /><INIT seed="4,1,0,0,3,90" ten="302,379,138,181" oya="0" hai0="24,80,97,58,77,112,122,91,89,39,38,25,2" hai1="15,76,34,11,106,12,100,78,3,49,9,104,103" hai2="23,55,51,125,75,29,31,95,27,16,124,61,54" hai3="132,10,107,133,121,71,7,92,64,19,115,111,41"/><T93/><D122/><U35/><REACH who="1" step="1"/><E49/><REACH who="1" ten="302,369,138,181" step="2"/><V37/><F37/><W62/><G132/><T28/><D38/><U87/><E87/><V21/><F75/><W79/><G133/><T128/><D39/><U14/><E14/><V42/><F42/><W59/><G41/><T73/><D2/><AGARI ba="1,1" hai="2,3,9,11,12,15,34,35,76,78,100,103,104,106" machi="2" ten="25,6400,0" yaku="21,2,22,2,53,0" doraHai="90" doraHaiUra="130" who="1" fromWho="0" sc="302,-67,369,77,138,0,181,0" /><INIT seed="5,0,0,3,5,9" ten="235,446,138,181" oya="1" hai0="123,16,132,68,37,46,92,43,30,117,24,60,83" hai1="93,26,28,130,108,127,122,88,106,51,129,116,71" hai2="128,40,18,57,49,31,32,80,6,101,85,44,29" hai3="115,1,45,113,103,21,17,38,0,33,19,53,3"/><U104/><E122/><V64/><F128/><W7/><G103/><T120/><D117/><U94/><E116/><V91/><F32/><W52/><G33/><T134/><D92/><U58/><E71/><V20/><F101/><W41/><G17/><T102/><D83/><U36/><E36/><V23/><F23/><W75/><G75/><T125/><D102/><U133/><E127/><V47/><F6/><W70/><G70/><T131/><D131/><U96/><E133/><N who="0" m="51305" /><D125/><U95/><E95/><V65/><F47/><W99/><G7/><T112/><D112/><N who="3" m="43081" /><G99/><T56/><D68/><U98/><E108/><V97/><F97/><W89/><G89/><T73/><D73/><U67/><E130/><V118/><F118/><W126/><G126/><T42/><D43/><U86/><E96/><V63/><REACH who="2" step="1"/><F65/><REACH who="2" ten="235,446,128,181" step="2"/><W5/><G5/><T82/><D120/><U72/><E129/><V79/><F79/><W107/><G107/><T35/><D123/><U11/><E106/><V22/><F22/><W110/><G110/><T76/><D35/><U119/><E104/><V100/><F100/><W69/><G69/><T48/><D76/><U34/><E119/><V124/><F124/><W105/><G105/><T4/><D4/><U61/><E67/><V55/><F55/><N who="3" m="21067" /><G0/><T54/><D54/><U111/><E98/><V135/><F135/><W2/><G2/><T59/><D59/><U13/><E58/><V27/><AGARI ba="0,1" hai="18,20,27,29,31,40,44,49,57,63,64,80,85,91" machi="27" ten="20,8000,1" yaku="1,1,0,1,7,1,8,1,53,1" doraHai="9" doraHaiUra="12" who="2" fromWho="2" sc="235,-20,446,-40,128,90,181,-20" /><INIT seed="6,0,0,4,1,126" ten="215,406,218,161" oya="2" hai0="16,123,69,67,27,5,45,18,20,44,90,60,17" hai1="86,42,38,14,9,51,55,1,71,13,41,8,31" hai2="72,34,23,125,93,39,48,130,59,15,63,121,110" hai3="96,74,33,58,95,66,77,49,43,91,40,98,117"/><V83/><F121/><W104/><G117/><T82/><D123/><U73/><E73/><V54/><F125/><W26/><G74/><T99/><D5/><N who="1" m="3247" /><E71/><V129/><F34/><W87/><G77/><T52/><D45/><N who="1" m="28143" /><E38/><V80/><F39/><W88/><G33/><T113/><D113/><U101/><E1/><V100/><F110/><W65/><G104/><T105/><D105/><U75/><E75/><V10/><F23/><W6/><G6/><T35/><D35/><U119/><E101/><V111/><F111/><W12/><G12/><T135/><D135/><U21/><E86/><V70/><F100/><W7/><G7/><T29/><D82/><N who="2" m="31274" /><F93/><W36/><G36/><T128/><D99/><U32/><E32/><V3/><F3/><W30/><G87/><T47/><D90/><U112/><E112/><V11/><F72/><W2/><G2/><T22/><D22/><U25/><E119/><V53/><F70/><W109/><G109/><T131/><REACH who="0" step="1"/><D47/><REACH who="0" ten="205,406,218,161" step="2"/><U78/><E78/><V114/><F114/><W115/><G115/><T106/><D106/><U50/><E21/><V0/><F11/><W81/><G81/><T84/><D84/><U19/><E8/><V92/><F92/><W56/><G95/><T107/><D107/><U108/><E108/><V120/><F120/><W37/><G98/><T46/><D46/><U94/><E94/><V116/><F116/><W57/><G96/><T103/><D103/><U4/><E4/><N who="2" m="3527" /><F0/><W62/><G91/><T133/><D133/><U68/><E68/><V132/><F132/><W24/><G88/><T89/><D89/><RYUUKYOKU ba="0,1" sc="205,15,406,-15,218,15,161,-15" hai0="16,17,18,20,27,29,44,52,60,67,69,128,131" hai2="48,53,54,59,63,129,130" /><INIT seed="6,1,1,5,4,119" ten="220,391,233,146" oya="2" hai0="25,3,132,74,106,130,126,9,129,45,110,27,22" hai1="59,98,66,23,21,56,26,104,86,38,134,50,93" hai2="20,53,90,14,85,77,135,24,87,35,88,113,68" hai3="84,111,8,82,30,28,65,47,101,81,102,103,83"/><V54/><F113/><W120/><G111/><T80/><D106/><U128/><E38/><V131/><F131/><N who="0" m="50186" /><D110/><U52/><E128/><V39/><F39/><W121/><G65/><T99/><D99/><U5/><E134/><V34/><F135/><W108/><G108/><T6/><D132/><U122/><E122/><N who="3" m="47210" /><G8/><T37/><D126/><U71/><E71/><V97/><F68/><W62/><G84/><T95/><D95/><U12/><E104/><V118/><F118/><W19/><G19/><T29/><D27/><U72/><E72/><V40/><F40/><W36/><G62/><T51/><D37/><U1/><E1/><V105/><F77/><W79/><G36/><T73/><D80/><N who="3" m="20481" /><W123/><N who="3" m="47218" /><DORA hai="46" /><W107/><DORA hai="133" /><G47/><T100/><D100/><N who="3" m="25601" /><W48/><DORA hai="127" /><G48/><T33/><D22/><U60/><E86/><V13/><F24/><W112/><G107/><T69/><D69/><U117/><E117/><V41/><F105/><W75/><G112/><T63/><D63/><U91/><E26/><V114/><F114/><W124/><G124/><T32/><D32/><U55/><E66/><V18/><F18/><W11/><G11/><AGARI ba="1,1" hai="5,11,12,21,23,50,52,55,56,59,60,91,93,98" machi="11" ten="40,5200,0" yaku="8,1,52,1,54,1" doraHai="119,46,133,127" who="1" fromWho="3" sc="220,0,391,65,233,0,146,-55" /><INIT seed="7,0,0,2,0,123" ten="220,456,233,91" oya="3" hai0="53,18,83,15,24,48,34,36,33,119,27,41,47" hai1="10,113,106,72,7,67,30,25,115,77,98,21,79" hai2="68,75,56,130,99,9,117,49,3,69,112,97,125" hai3="8,96,73,105,131,114,116,108,14,74,46,127,124"/><W55/><G116/><T61/><D119/><U85/><E72/><V13/><F117/><W5/><G114/><N who="1" m="43530" /><E67/><V35/><F35/><W120/><G120/><T95/><D34/><U43/><E43/><V60/><F75/><W81/><G131/><T12/><D33/><U133/><E133/><V31/><F3/><W111/><G73/><T66/><D83/><U64/><E64/><V0/><F0/><W45/><G105/><T84/><D12/><N who="1" m="5215" /><E85/><V4/><F31/><W57/><G96/><T122/><D122/><U71/><E71/><V91/><F112/><W54/><G54/><T101/><D101/><AGARI ba="0,0" hai="21,25,30,77,79,98,101,106" m="5215,43530" machi="101" ten="30,1000,0" yaku="15,1" doraHai="123" who="1" fromWho="0" sc="220,-10,456,10,233,0,91,0" owari="210,-19.0,466,57.0,233,3.0,91,-41.0" /></mjloggm>