<mjloggm ver="2.3"><GO type="185" lobby="0"/><UN n0="%E3%81%B7%E3%82%8A%E3%81%B7%E3%82%8A%EF%BC%92%EF%BC%90%EF%BC%90%EF%BC%91" n1="%E9%96%A2%E8%A5%BF%E9%9B%80%E5%A3%AB%E4%BC%9A" n2="%E3%81%BE%E3%81%A3%E3%81%97%E3%83%BC" n3="" dan="16,16,17,0" rate="2127.05,2094.70,2254.57,1500.00" sx="M,M,F,C"/><TAIKYOKU oya="0"/><INIT seed="0,0,0,5,3,117" ten="350,350,350,0" oya="0" hai0="78,131,40,107,51,57,126,53,125,80,90,65,83" hai1="106,3,67,59,58,56,96,82,122,91,103,100,62" hai2="133,70,86,73,134,85,116,2,66,46,94,121,38" hai3=""/><T77/><D107/><U63/><N who="1" m="31264" /><U76/><E3/><V44/><N who="2" m="31008" /><V74/><F2/><T45/><D131/><U92/><E103/><V52/><F116/><T87/><D65/><U61/><E67/><V88/><F85/><T99/><D99/><U43/><E43/><V113/><F113/><T32/><D32/><U105/><REACH who="1" step="1"/><E100/><REACH who="1" ten="350,340,350,0" step="2"/><V1/><F1/><T48/><D40/><U69/><E69/><V109/><F66/><T102/><D102/><U124/><E124/><V68/><F70/><T55/><D126/><U64/><E64/><V98/><F68/><T97/><D125/><U118/><E118/><V130/><F130/><T95/><REACH who="0" step="1"/><D77/><REACH who="0" ten="340,340,350,0" step="2"/><U47/><E47/><V60/><F46/><T49/><D49/><U42/><E42/><V129/><F129/><T37/><D37/><U135/><E135/><V72/><F134/><T34/><D34/><U128/><E128/><V39/><F133/><T115/><D115/><U71/><E71/><V114/><F114/><T36/><D36/><N who="2" m="13866" /><F44/><T0/><D0/><U108/><E108/><V89/><F109/><T110/><D110/><U123/><N who="1" m="31520" /><U112/><E112/><V81/><F60/><T101/><D101/><U79/><E79/><V119/><F119/><RYUUKYOKU ba="0,2" sc="340,0,340,0,350,0,0,0" hai0="45,48,51,53,55,57,78,80,83,87,90,95,97" hai1="56,58,59,61,62,63,76,82,91,92,96,105,106" hai2="52,72,73,74,81,86,88,89,94,98" /><INIT seed="0,1,2,3,3,118" ten="340,340,350,0" oya="0" hai0="73,0,76,78,110,85,74,104,70,123,132,89,66" hai1="124,37,90,49,46,54,1,96,108,57,115,38,60" hai2="122,75,47,3,92,2,100,41,84,129,119,33,59" hai3=""/><T121/><N who="0" m="31008" /><T68/><N who="0" m="31520" /><T36/><D0/><U64/><E1/><V106/><N who="2" m="31264" /><V98/><F33/><T91/><D36/><U51/><E108/><V94/><F119/><T117/><D117/><U88/><E124/><V80/><F129/><T79/><D104/><U71/><E115/><V105/><F105/><T50/><D132/><U109/><E109/><V34/><F34/><T133/><D110/><U95/><REACH who="1" step="1"/><E90/><REACH who="1" ten="340,330,350,0" step="2"/><V114/><F114/><T82/><D91/><U126/><E126/><V83/><F2/><T69/><D133/><U56/><E56/><V130/><F3/><T131/><D131/><U52/><AGARI ba="1,3" hai="37,38,46,49,51,52,54,57,60,64,71,88,95,96" machi="52" ten="20,9000,2" yaku="1,1,0,1,7,1,54,2,53,1" doraHai="118" doraHaiUra="61" who="1" fromWho="1" sc="340,-61,330,122,350,-31,0,0" /><INIT seed="1,0,0,5,0,91" ten="279,452,319,0" oya="1" hai0="54,73,122,77,112,85,36,35,105,135,62,58,87" hai1="45,59,78,116,117,102,60,119,104,68,126,63,99" hai2="89,40,86,115,47,79,129,43,38,127,34,64,94" hai3=""/><U46/><E126/><V67/><F34/><T76/><N who="0" m="31264" /><T109/><D35/><U70/><E78/><V107/><F107/><T66/><D36/><U93/><E104/><V84/><F127/><T92/><D112/><U134/><E134/><V98/><F115/><T121/><N who="0" m="31008" /><T82/><D105/><U131/><E131/><V39/><F129/><T132/><D109/><U74/><E74/><V2/><F2/><T124/><D124/><U113/><E113/><V95/><F79/><T61/><D73/><U65/><REACH who="1" step="1"/><E70/><REACH who="1" ten="279,442,319,0" step="2"/><V106/><F106/><T3/><D3/><U114/><E114/><V50/><F39/><T88/><REACH who="0" step="1"/><D77/><REACH who="0" ten="269,442,319,0" step="2"/><U97/><E97/><V1/><F1/><T130/><D130/><U90/><E90/><V133/><F133/><T128/><D128/><U0/><E0/><V32/><F32/><T100/><D100/><U48/><E48/><V81/><F38/><T55/><D55/><AGARI ba="0,2" hai="45,46,55,59,60,63,65,68,93,99,102,116,117,119" machi="55" ten="40,12000,1" yaku="1,1,52,1,53,2" doraHai="91" doraHaiUra="42" who="1" fromWho="0" sc="269,-120,442,140,319,0,0,0" /><INIT seed="1,1,0,4,3,123" ten="149,582,319,0" oya="1" hai0="2,1,96,81,57,113,34,53,0,67,101,92,62" hai1="132,50,49,100,88,125,122,70,133,52,89,43,124" hai2="87,107,135,115,130,102,94,103,86,69,68,131,98" hai3=""/><U104/><N who="1" m="31264" /><U55/><E70/><V106/><F68/><T71/><D113/><U45/><E100/><N who="2" m="38443" /><F69/><T82/><REACH who="0" step="1"/><D34/><REACH who="0" ten="139,582,319,0" step="2"/><U93/><E104/><N who="2" m="39979" /><F115/><T74/><D74/><U95/><E43/><V90/><F135/><T80/><D80/><U129/><REACH who="1" step="1"/><E45/><REACH who="1" ten="139,572,319,0" step="2"/><V112/><F112/><T37/><D37/><U126/><E126/><V105/><F105/><T3/><N who="0" m="512" /><DORA hai="114" /><T109/><D109/><U121/><N who="1" m="31008" /><U117/><E117/><V110/><F110/><T119/><D119/><U91/><E91/><V120/><N who="2" m="30752" /><V47/><F47/><T39/><D39/><U116/><E116/><V61/><F90/><T42/><D42/><U134/><E134/><V40/><F40/><T64/><D64/><U33/><E33/><V77/><F77/><T118/><D118/><U72/><E72/><V111/><F111/><T35/><D35/><U75/><E75/><V44/><F44/><T76/><D76/><U83/><E83/><V48/><F94/><T63/><AGARI ba="1,2" hai="53,57,62,63,67,71,81,82,92,96,101" m="512" machi="63" ten="60,6000,1" yaku="1,1,0,1,53,2" doraHai="123,114" doraHaiUra="41,59" who="0" fromWho="0" sc="139,82,572,-41,319,-21,0,0" /><INIT seed="2,0,0,4,3,127" ten="221,531,298,0" oya="2" hai0="82,88,85,104,60,123,3,114,101,133,128,78,55" hai1="129,72,80,111,45,70,102,63,33,61,105,32,117" hai2="35,1,69,87,56,90,132,2,96,46,124,50,93" hai3=""/><V118/><F35/><T38/><N who="0" m="31520" /><T76/><D3/><U77/><E111/><V42/><F69/><T131/><D38/><U116/><E45/><V51/><F118/><N who="1" m="45673" /><E102/><V97/><F124/><T54/><D133/><U112/><E112/><V47/><F132/><T62/><D114/><U134/><E105/><V65/><F65/><T122/><N who="0" m="31264" /><T0/><D0/><U44/><E44/><V58/><F1/><T115/><D115/><U86/><E134/><V107/><F2/><T59/><D101/><U68/><E72/><V40/><F107/><T89/><D104/><U109/><E109/><V98/><AGARI ba="0,0" hai="40,42,46,47,50,51,56,58,87,90,93,96,97,98" machi="98" ten="30,4000,0" yaku="0,1,9,1,8,1" doraHai="127" who="2" fromWho="2" sc="221,-20,531,-20,298,40,0,0" /><INIT seed="2,1,0,3,0,53" ten="201,511,338,0" oya="2" hai0="110,129,34,65,70,3,122,40,57,36,134,89,96" hai1="102,119,66,68,132,125,106,43,55,90,112,46,50" hai2="111,32,67,56,64,113,121,80,97,83,130,99,78" hai3=""/><V74/><N who="2" m="31008" /><V107/><F32/><T35/><D89/><U127/><E112/><V45/><F113/><T135/><D96/><U52/><E132/><V62/><F130/><T69/><D40/><U47/><E90/><V91/><F111/><T41/><D41/><U133/><E133/><N who="0" m="50697" /><D3/><U42/><E119/><V117/><F117/><T120/><N who="0" m="30752" /><T37/><N who="0" m="31264" /><T1/><D1/><U115/><E115/><V124/><F124/><N who="1" m="47689" /><E102/><V72/><F45/><T101/><D101/><U38/><E106/><V100/><F67/><T85/><D110/><U71/><E71/><N who="0" m="27145" /><D85/><U98/><E98/><V118/><F118/><T79/><D79/><U82/><E82/><V61/><F99/><T114/><D114/><U103/><E103/><V104/><F104/><T73/><D73/><U93/><E93/><V60/><F91/><T49/><D129/><U44/><E44/><V105/><F107/><T128/><D128/><U75/><E75/><V88/><F88/><T126/><D126/><U54/><E42/><V58/><F72/><T87/><D87/><U86/><E86/><V81/><F64/><T2/><D2/><U51/><E38/><N who="0" m="14953" /><D65/><U131/><E131/><V59/><AGARI ba="1,0" hai="56,58,59,60,61,62,74,78,80,81,83,97,100,105" m="31008" machi="59" ten="30,8000,1" yaku="0,1,52,4" doraHai="53" who="2" fromWho="2" sc="201,-41,511,-41,338,82,0,0" /><INIT seed="2,2,0,4,3,48" ten="160,470,420,0" oya="2" hai0="73,90,97,110,33,85,117,119,102,108,44,68,111" hai1="129,71,77,54,46,51,88,124,53,91,83,115,64" hai2="66,121,63,37,135,47,104,81,34,86,41,67,55" hai3=""/><V89/><N who="2" m="31008" /><V36/><F34/><T131/><D33/><U94/><E115/><V95/><F104/><T126/><D68/><U133/><E133/><V35/><F35/><T62/><D62/><U38/><E38/><V59/><F135/><T42/><D73/><U76/><E129/><V107/><F107/><T134/><D134/><U96/><E124/><V130/><F130/><T99/><D126/><U61/><E91/><V58/><F36/><T92/><D99/><U3/><E3/><V49/><F95/><T112/><D131/><U56/><E83/><V79/><F79/><N who="1" m="30281" /><E71/><V1/><F1/><T106/><REACH who="0" step="1"/><D112/><REACH who="0" ten="150,470,420,0" step="2"/><U69/><E69/><V127/><F127/><T70/><D70/><U40/><AGARI ba="2,1" hai="40,46,51,53,54,56,61,64,88,94,96" m="30281" machi="40" ten="30,5900,0" yaku="8,1,52,2,54,1" doraHai="48" who="1" fromWho="1" sc="150,-22,470,73,420,-41,0,0" /><INIT seed="4,0,0,2,2,99" ten="128,543,379,0" oya="0" hai0="78,51,48,133,125,118,120,89,100,72,32,42,59" hai1="93,96,129,75,116,117,52,60,85,53,111,84,115" hai2="119,49,57,66,81,47,61,95,74,70,69,46,1" hai3=""/><T80/><N who="0" m="30752" /><T108/><D32/><U131/><E111/><V45/><F1/><T134/><D118/><U41/><E75/><V35/><F35/><T33/><D33/><U92/><E41/><V0/><F0/><T64/><D108/><U105/><E105/><V65/><F119/><T110/><D110/><U128/><E115/><V124/><F124/><T126/><D89/><U109/><E109/><V43/><F95/><T40/><D100/><U2/><E2/><V113/><F81/><T91/><D91/><U73/><E73/><V58/><F74/><T123/><N who="0" m="31520" /><T55/><D64/><U98/><E129/><V44/><F113/><T101/><D101/><U94/><E94/><V63/><AGARI ba="0,0" hai="43,44,45,46,47,49,57,58,61,63,65,66,69,70" machi="63" ten="30,12000,3" yaku="0,1,9,1,35,6" doraHai="99" who="2" fromWho="2" sc="128,-80,543,-40,379,120,0,0" /><INIT seed="5,0,0,0,4,116" ten="48,503,499,0" oya="1" hai0="41,56,59,104,40,97,87,33,83,114,79,75,64" hai1="94,50,113,135,63,53,80,128,36,115,58,85,96" hai2="45,71,78,57,52,95,100,92,93,110,68,103,99" hai3=""/><U51/><E36/><V66/><F110/><T91/><D33/><U2/><E135/><V124/><F124/><T133/><D133/><U32/><E32/><V119/><F119/><T42/><D114/><N who="1" m="43531" /><E128/><V47/><F78/><T43/><N who="0" m="10752" /><DORA hai="0" /><T98/><D98/><U48/><E2/><V60/><F71/><T134/><D64/><U107/><E107/><V127/><F127/><T123/><N who="0" m="31520" /><T67/><D67/><U34/><E34/><V88/><F103/><T101/><REACH who="0" step="1"/><D134/><REACH who="0" ten="38,503,499,0" step="2"/><U109/><E109/><V77/><F66/><T84/><D84/><U117/><E117/><V44/><F68/><T81/><AGARI ba="0,1" hai="56,59,75,79,81,83,87,91,97,101,104" m="31520,10752" machi="81" ten="40,12000,3" yaku="1,1,0,1,52,2,53,4" doraHai="116,0" doraHaiUra="65,39" who="0" fromWho="0" sc="38,130,503,-80,499,-40,0,0" /><INIT seed="6,0,0,2,1,116" ten="168,423,459,0" oya="2" hai0="134,32,131,45,125,38,108,112,106,129,82,118,50" hai1="55,79,133,51,74,135,63,61,102,128,76,92,126" hai2="67,58,100,85,46,93,110,0,3,68,87,114,90" hai3=""/><V104/><F68/><T80/><RYUUKYOKU type="yao9" ba="0,0" sc="168,0,423,0,459,0,0,0" hai0="32,38,45,50,80,82,106,108,112,118,125,129,131,134" /><INIT seed="6,1,0,0,2,84" ten="168,423,459,0" oya="2" hai0="134,135,72,124,66,52,121,68,79,51,117,96,109" hai1="71,81,86,69,108,43,93,88,122,103,123,67,32" hai2="133,112,129,61,53,128,82,120,94,90,3,113,92" hai3=""/><V87/><N who="2" m="30752" /><V83/><F3/><T97/><N who="0" m="31008" /><T106/><D106/><U110/><N who="1" m="31264" /><U0/><N who="1" m="31520" /><U2/><E32/><V118/><F133/><T64/><D79/><U47/><E2/><V101/><F118/><T85/><D85/><U49/><E0/><V76/><F61/><T126/><D72/><U58/><E58/><V91/><F53/><T35/><D35/><U1/><E1/><V105/><F105/><T36/><D97/><U45/><E45/><V33/><F33/><T55/><D96/><U102/><E67/><V80/><F101/><T46/><D117/><U50/><E50/><V41/><F41/><T40/><D109/><U75/><E103/><V78/><F83/><T104/><D104/><U130/><E130/><V107/><F107/><T37/><D40/><U100/><E100/><V59/><F78/><T56/><D46/><U70/><E102/><V132/><F76/><T42/><D42/><U127/><E75/><V54/><F82/><T89/><D89/><U39/><E39/><V44/><F91/><T99/><D99/><U57/><E81/><V60/><F80/><T62/><D56/><U119/><E119/><V131/><F59/><T48/><D62/><U116/><E116/><RYUUKYOKU ba="1,0" sc="168,20,423,-10,459,-10,0,0" hai0="36,37,48,51,52,55,64,66,68,124,126,134,135" owari="188,-41.0,413,1.0,449,40.0,0,0.0" /></mjloggm>