<mjloggm ver="2.3"><GO type="225" lobby="0"/><UN n0="%E5%AE%89%E8%97%A4%E3%82%AB%E3%82%B1%E3%83%AB" n1="%63%61%74%6D%65%56%47%43" n2="%E3%81%AB%E3%82%83%EF%BD%9E%E3%81%8A" n3="%E8%A8%88%E7%AE%97%E6%A9%9F%E8%87%AA%E7%84%B6" dan="16,16,16,17" rate="2061.72,2216.53,2144.54,2265.30" sx="M,M,M,M"/><TAIKYOKU oya="0"/><INIT seed="0,0,0,0,4,54" ten="250,250,250,250" oya="0" hai0="17,131,49,84,72,104,76,125,18,101,57,50,24" hai1="87,109,8,33,94,103,73,77,23,85,112,70,97" hai2="71,52,86,83,91,132,5,98,117,39,59,82,30" hai3="89,47,35,111,25,44,74,113,124,45,9,46,32"/><T26/><D72/><U41/><E33/><V0/><F71/><W37/><G113/><T63/><D125/><U29/><E70/><V133/><F39/><W81/><G124/><T21/><D131/><U134/><E112/><V102/><F117/><W114/><G114/><T61/><D104/><U67/><E67/><V10/><F30/><W15/><G111/><T90/><D101/><U110/><E134/><V56/><F83/><W19/><G25/><T16/><D76/><U6/><E41/><V96/><F96/><W55/><G74/><T36/><D36/><U95/><E95/><V116/><F116/><W105/><G105/><T108/><D108/><N who="1" m="41579" /><E73/><V128/><F128/><W107/><G107/><T119/><D119/><U118/><E77/><V79/><F79/><W88/><G89/><T78/><D78/><U1/><E118/><V51/><REACH who="2" step="1"/><F59/><REACH who="2" ten="250,250,240,250" step="2"/><W28/><G28/><T127/><D57/><U14/><E29/><V135/><F135/><W75/><G75/><T20/><D127/><U66/><E87/><V80/><F80/><W64/><G37/><T58/><D84/><U93/><E85/><V129/><F129/><W12/><G81/><T69/><D69/><U115/><E115/><V100/><F100/><W48/><G88/><T3/><D90/><U92/><E103/><V11/><F11/><W22/><REACH who="3" step="1"/><G64/><REACH who="3" ten="250,250,240,240" step="2"/><T34/><D34/><U106/><E66/><V7/><F7/><AGARI ba="0,2" hai="7,9,12,15,19,22,32,35,44,45,46,47,48,55" machi="7" ten="40,2600,0" yaku="1,1,2,1,53,0" doraHai="54" doraHaiUra="68" who="3" fromWho="2" sc="250,0,250,0,240,-26,240,46" /><INIT seed="1,0,0,2,0,65" ten="250,250,214,286" oya="1" hai0="90,73,17,72,0,59,2,118,68,84,52,58,96" hai1="133,20,121,134,8,67,87,109,117,86,98,1,71" hai2="88,132,56,79,21,19,91,102,114,70,14,38,80" hai3="124,48,43,13,34,57,99,92,105,41,62,22,120"/><U28/><E117/><V129/><F70/><W46/><G120/><T83/><D118/><U111/><E121/><V135/><F38/><W25/><G105/><T128/><D128/><U97/><E1/><V30/><F129/><W125/><G34/><T74/><D68/><U64/><E8/><V18/><F114/><W26/><G41/><T69/><D69/><U123/><E123/><V103/><F30/><W115/><G115/><T29/><D29/><U35/><E35/><V116/><F116/><W40/><G40/><T110/><D110/><N who="1" m="41995" /><E28/><V6/><F6/><W23/><G13/><T104/><D59/><U81/><E87/><V15/><F56/><W77/><G77/><T100/><REACH who="0" step="1"/><D17/><REACH who="0" ten="240,250,214,286" step="2"/><U31/><E71/><V7/><F7/><W16/><G26/><T10/><D10/><U42/><E133/><V108/><F108/><W11/><G11/><T32/><D32/><U27/><E134/><V113/><F113/><W4/><G23/><T95/><D95/><U5/><E5/><V101/><F132/><W44/><G4/><T107/><D107/><U66/><E42/><V93/><F93/><W63/><G44/><T60/><AGARI ba="0,1" hai="0,2,52,58,60,72,73,74,83,84,90,96,100,104" machi="60" ten="30,12000,2" yaku="1,1,0,1,54,1,53,3" doraHai="65" doraHaiUra="106" who="0" fromWho="0" sc="240,130,250,-60,214,-30,286,-30" /><INIT seed="2,0,0,1,0,92" ten="370,190,184,256" oya="2" hai0="46,20,116,22,44,12,126,97,77,120,53,124,117" hai1="19,65,59,131,114,133,71,29,21,54,5,130,118" hai2="40,57,63,105,28,41,66,4,79,14,60,104,74" hai3="115,25,2,55,37,9,39,45,108,84,99,129,64"/><V24/><F74/><W101/><G64/><T13/><D77/><U33/><E118/><V128/><F79/><W38/><G108/><T75/><D75/><U67/><E114/><V95/><F128/><N who="1" m="49193" /><E133/><V31/><F104/><W7/><G129/><T47/><D53/><U23/><E5/><V113/><F105/><W100/><G115/><T30/><D120/><U32/><E71/><V15/><F113/><W109/><G109/><T103/><D30/><N who="2" m="11306" /><F24/><W90/><G25/><T94/><D12/><N who="2" m="4650" /><F4/><W88/><G101/><T36/><D36/><U69/><E23/><N who="0" m="8745" /><D13/><N who="1" m="9455" /><E69/><V51/><F63/><W119/><G119/><AGARI ba="0,0" hai="44,46,47,94,97,103,116,117,119,124,126" m="8745" machi="119" ten="40,2600,0" yaku="12,1,52,1" doraHai="92" who="0" fromWho="3" sc="370,26,190,0,184,0,256,-26" /><INIT seed="3,0,0,3,2,97" ten="396,190,184,230" oya="3" hai0="61,108,14,100,131,21,71,118,111,67,90,114,16" hai1="120,81,45,55,25,89,78,105,93,82,92,46,26" hai2="122,79,96,6,20,98,24,40,37,47,60,3,13" hai3="126,59,128,42,127,51,17,35,69,74,134,103,132"/><W8/><G69/><T86/><D118/><U72/><E120/><V123/><F3/><W70/><G70/><T28/><D114/><U94/><E105/><V65/><F79/><W99/><G35/><T9/><D131/><U41/><E55/><V19/><F6/><W33/><G33/><T95/><D100/><U34/><E46/><V101/><F24/><W52/><G74/><T53/><D53/><U7/><E7/><V124/><F124/><N who="3" m="47659" /><G42/><T64/><D64/><U75/><E34/><V48/><F37/><W135/><G128/><T66/><D66/><U36/><REACH who="1" step="1"/><E75/><REACH who="1" ten="396,180,184,230" step="2"/><V43/><F43/><W39/><G134/><T18/><D28/><U68/><E68/><V63/><F96/><W62/><G62/><T121/><D121/><N who="2" m="46090" /><F65/><W88/><G135/><T12/><AGARI ba="0,1" hai="9,12,14,16,18,21,61,67,71,86,90,95,108,111" machi="12" ten="30,2000,0" yaku="0,1,54,1" doraHai="97" who="0" fromWho="0" sc="396,30,180,-5,184,-5,230,-10" owari="426,52.0,175,-32.0,179,-22.0,220,2.0" /></mjloggm>