<mjloggm ver="2.3"><GO type="185" lobby="0"/><UN n0="%E6%96%B0%E5%AE%BF%E6%96%B9%E9%9D%A2%E3%80%82" n1="%E3%81%97%E3%82%87%E3%81%86%E3%81%90%E3%82%93%EF%BC%94" n2="%E9%BE%8D%E5%B9%B3" n3="" dan="16,17,16,0" rate="2093.42,2224.02,2189.50,1500.00" sx="M,M,M,C"/><TAIKYOKU oya="0"/><INIT seed="0,0,0,5,3,35" ten="350,350,350,0" oya="0" hai0="92,124,69,106,109,39,71,112,47,91,68,105,84" hai1="118,130,45,115,129,94,95,134,131,102,34,121,32" hai2="76,120,87,48,49,57,86,98,80,101,108,37,79" hai3=""/><T70/><D112/><U132/><N who="1" m="31008" /><U114/><E118/><V110/><N who="2" m="30752" /><V65/><F37/><T96/><D124/><U88/><E102/><V81/><F65/><T75/><D75/><U2/><E45/><V126/><F126/><T51/><D39/><U111/><E111/><N who="2" m="42539" /><F57/><T33/><D33/><N who="1" m="12907" /><E2/><V64/><F64/><T116/><D116/><U40/><E40/><V44/><F44/><T77/><D109/><U36/><E95/><AGARI ba="0,0" hai="48,49,76,79,80,81,86,87,95,98,101" m="42539,30752" machi="95" ten="30,2000,0" yaku="14,1,52,1" doraHai="35" who="2" fromWho="1" sc="350,0,350,-20,350,20,0,0" /><INIT seed="1,0,0,3,5,100" ten="350,330,370,0" oya="1" hai0="104,46,51,118,120,103,47,93,66,65,60,127,116" hai1="3,86,64,41,70,76,125,130,88,102,68,79,117" hai2="87,40,135,62,54,0,97,90,39,43,107,48,114" hai3=""/><U74/><E117/><N who="0" m="45161" /><D93/><U59/><E3/><V96/><F114/><T124/><N who="0" m="30752" /><T110/><D110/><U122/><N who="1" m="31264" /><U44/><E130/><V73/><F73/><T78/><D78/><U49/><E125/><N who="0" m="48201" /><D60/><U91/><E102/><V37/><F62/><T109/><D109/><U53/><E74/><V84/><F0/><T85/><D85/><U57/><E91/><V35/><F35/><T42/><D47/><U82/><E79/><V123/><N who="2" m="31520" /><V71/><F90/><T121/><N who="0" m="31008" /><T69/><D69/><U126/><E126/><V119/><F71/><T36/><D36/><U131/><E76/><V67/><F119/><T92/><D92/><U111/><E111/><V32/><F32/><T56/><D56/><U55/><E70/><V63/><F39/><T129/><D129/><U99/><E131/><V128/><F37/><T98/><AGARI ba="0,0" hai="42,46,51,65,66,98,103,104" m="31008,48201,30752,45161" machi="98" ten="40,6000,1" yaku="12,1,18,1,52,3" doraHai="100" who="0" fromWho="0" sc="350,60,330,-40,370,-20,0,0" /><INIT seed="2,0,0,2,2,128" ten="410,290,350,0" oya="2" hai0="103,121,36,39,131,77,122,88,73,49,120,92,98" hai1="40,62,43,71,69,61,86,53,54,2,78,59,50" hai2="108,99,48,51,95,134,97,1,38,81,68,58,114" hai3=""/><V41/><F1/><T105/><N who="0" m="30752" /><T57/><N who="0" m="31008" /><T93/><N who="0" m="31264" /><T102/><D131/><U3/><E78/><V67/><F108/><T100/><D105/><U83/><E83/><V80/><F114/><T94/><D98/><U75/><E86/><V115/><F115/><T55/><REACH who="0" step="1"/><D88/><REACH who="0" ten="400,290,350,0" step="2"/><U44/><E2/><V37/><F97/><T82/><AGARI ba="0,1" hai="36,39,49,55,57,73,77,82,92,93,94,100,102,103" m="31264,31008,30752" machi="82" ten="40,9000,2" yaku="1,1,2,1,0,1,52,3,53,0" doraHai="128" doraHaiUra="34" who="0" fromWho="0" sc="400,100,290,-30,350,-60,0,0" /><INIT seed="4,0,0,4,3,78" ten="500,260,290,0" oya="0" hai0="83,88,98,38,68,55,2,126,111,49,52,39,106" hai1="95,71,117,1,69,75,35,82,65,59,40,54,90" hai2="61,63,125,77,96,110,119,45,79,124,64,127,131" hai3=""/><T0/><D68/><U89/><E117/><V123/><N who="2" m="31520" /><V36/><F110/><T72/><D111/><U81/><E1/><V109/><F109/><T103/><D126/><U60/><E35/><V62/><F119/><T104/><D72/><U66/><E75/><V41/><F131/><T114/><D114/><U32/><E32/><V86/><F64/><N who="1" m="24681" /><E69/><V76/><REACH who="2" step="1"/><F96/><REACH who="2" ten="500,260,280,0" step="2"/><T85/><D0/><U50/><E71/><V46/><F46/><T53/><D2/><U105/><E105/><V37/><F37/><T91/><D106/><U58/><E58/><V135/><F135/><T129/><D129/><U101/><E101/><V102/><F102/><T84/><REACH who="0" step="1"/><D49/><REACH who="0" ten="490,260,280,0" step="2"/><U118/><E118/><V3/><F3/><T73/><D73/><U47/><E50/><V107/><F107/><T51/><D51/><U112/><E112/><V100/><F100/><T34/><D34/><U57/><E60/><V87/><AGARI ba="0,2" hai="36,41,45,61,62,63,76,77,79,86,87,124,125,127" m="31520" machi="87" ten="40,9000,2" yaku="1,1,0,1,29,2,18,1,52,1,53,1" doraHai="78" doraHaiUra="42" who="2" fromWho="2" sc="490,-60,260,-30,280,110,0,0" /><INIT seed="5,0,0,5,0,49" ten="430,230,390,0" oya="1" hai0="134,78,111,45,57,121,115,108,99,106,32,110,72" hai1="46,41,82,63,3,104,133,50,56,127,48,124,93" hai2="107,116,59,35,117,89,91,33,83,66,79,38,130" hai3=""/><U53/><E104/><V128/><F38/><T129/><N who="0" m="31008" /><T68/><D32/><U2/><E133/><V84/><F66/><T75/><D68/><U86/><E93/><V54/><F107/><T114/><D134/><U135/><E135/><V34/><F79/><T90/><D129/><N who="2" m="49770" /><F91/><T126/><D126/><N who="1" m="48171" /><E63/><AGARI ba="0,0" hai="33,34,35,54,59,63,83,84,89,116,117" m="49770" machi="63" ten="40,2600,0" yaku="19,1,52,1" doraHai="49" who="2" fromWho="1" sc="430,0,230,-26,390,26,0,0" /><INIT seed="6,0,0,3,4,87" ten="430,204,416,0" oya="2" hai0="118,78,102,58,101,63,57,95,62,96,86,125,33" hai1="73,46,41,48,83,32,127,65,80,100,3,128,97" hai2="34,88,108,85,109,93,0,40,47,56,122,120,68" hai3=""/><V99/><N who="2" m="30752" /><V66/><N who="2" m="31264" /><V37/><F34/><T59/><D33/><U38/><E3/><V67/><F0/><T45/><D118/><U129/><E32/><V53/><F68/><T2/><D2/><U131/><E65/><V112/><F112/><T124/><D102/><U133/><E48/><V115/><F115/><T135/><D45/><U60/><E60/><V111/><F99/><T35/><D35/><U42/><E41/><V1/><F1/><T94/><D135/><U69/><E69/><V130/><F130/><T134/><D134/><U117/><E117/><V110/><F110/><T44/><D44/><U126/><E83/><V64/><F64/><T105/><D62/><AGARI ba="0,0" hai="37,40,47,53,56,62,66,67,85,88,93,108,109,111" m="31264,30752" machi="62" ten="40,12000,1" yaku="10,1,52,3,54,1" doraHai="87" who="2" fromWho="0" sc="430,-120,204,0,416,120,0,0" owari="310,-9.0,204,-40.0,536,49.0,0,0.0" /></mjloggm>