<mjloggm ver="2.3"><GO type="169" lobby="0"/><UN n0="%E4%BA%BA%E7%94%9F%E3%83%95%E3%83%AB%E3%82%BC%E3%83%B3%E3%83%84" n1="%E5%85%AC%E5%8B%99%E5%93%A1%E3%81%8F%E3%82%93" n2="%E9%BA%BB%E9%9B%80%E3%81%9F%E3%81%AE%E3%81%97" n3="%E3%81%B5%E3%81%8F%E3%82%8D%E3%81%86%E3%81%95%E3%82%93" dan="18,16,16,18" rate="2173.87,2152.65,2152.73,2203.34" sx="M,F,F,F"/><TAIKYOKU oya="0"/><INIT seed="0,0,0,0,1,7" ten="250,250,250,250" oya="0" hai0="15,74,5,92,54,107,2,1,27,48,0,77,62" hai1="61,103,117,46,53,128,121,119,33,89,132,16,123" hai2="59,82,99,25,129,80,115,31,44,9,68,73,8" hai3="49,65,29,104,134,75,45,22,120,37,108,64,88"/><T10/><D107/><U41/><E33/><V17/><F68/><W85/><G75/><T14/><D27/><U95/><E103/><V113/><F129/><W114/><G37/><T42/><D62/><U20/><E128/><V23/><F73/><W70/><G104/><T83/><D92/><U71/><E132/><V98/><F113/><W69/><G114/><T93/><D93/><U3/><E3/><V135/><F135/><W125/><G134/><T32/><D32/><U72/><E72/><V101/><F115/><W76/><G76/><T102/><D102/><U51/><E119/><V86/><F31/><W106/><G106/><T21/><D42/><U38/><E117/><V116/><F116/><W67/><G108/><T26/><D15/><U6/><E6/><V12/><F12/><W97/><G97/><N who="2" m="36873" /><F101/><W40/><G125/><T81/><D81/><N who="2" m="31338" /><F86/><W131/><G131/><T84/><D74/><U47/><E89/><V35/><F35/><W52/><G120/><T50/><REACH who="0" step="1"/><D54/><REACH who="0" ten="240,250,250,250" step="2"/><U133/><E95/><V91/><F91/><W58/><G88/><T118/><D118/><U105/><E105/><V56/><F44/><W43/><G85/><T63/><D63/><U109/><E133/><V19/><F19/><AGARI ba="0,1" hai="0,1,2,5,10,14,19,21,26,48,50,77,83,84" machi="19" ten="40,3900,0" yaku="1,1,52,1,53,0" doraHai="7" doraHaiUra="126" who="0" fromWho="2" sc="240,49,250,0,250,-39,250,0" /><INIT seed="0,1,0,5,5,124" ten="289,250,211,250" oya="0" hai0="131,44,81,68,110,20,96,61,121,123,127,11,26" hai1="72,113,33,5,25,135,19,51,106,84,114,66,128" hai2="104,34,30,100,73,94,134,97,21,86,92,46,67" hai3="85,75,74,89,15,116,120,63,118,126,29,87,6"/><T41/><D127/><U133/><E72/><V101/><F34/><W28/><G126/><T119/><D119/><U9/><E106/><V50/><F67/><W65/><G120/><T88/><D110/><U79/><E66/><V1/><F1/><W35/><G35/><T117/><D117/><U108/><E51/><V56/><F56/><W62/><G65/><T49/><D68/><U52/><E52/><V43/><F73/><W111/><G15/><T82/><D61/><U38/><E84/><V64/><F64/><W70/><G6/><T122/><D11/><U76/><E38/><V53/><F134/><N who="1" m="51209" /><E108/><V39/><F39/><W10/><G10/><T107/><D107/><U37/><E37/><V132/><F132/><W0/><G111/><T78/><D78/><U54/><E54/><V129/><F129/><W103/><G103/><T24/><D131/><U12/><E128/><V109/><F109/><W125/><G125/><T14/><D82/><U13/><E79/><V3/><F3/><W47/><G47/><T93/><REACH who="0" step="1"/><D81/><REACH who="0" ten="279,250,211,250" step="2"/><U7/><E76/><V59/><F104/><W80/><G80/><T91/><D91/><U90/><E90/><V45/><F101/><W23/><G89/><T112/><D112/><N who="1" m="43115" /><E13/><V18/><F100/><W32/><G0/><T40/><D40/><U48/><E48/><V31/><F43/><W83/><G83/><T17/><AGARI ba="1,1" hai="14,17,20,24,26,41,44,49,88,93,96,121,122,123" machi="17" ten="40,12000,1" yaku="1,1,0,1,54,1,53,1" doraHai="124" doraHaiUra="95" who="0" fromWho="0" sc="279,133,250,-41,211,-41,250,-41" /><INIT seed="0,2,0,1,2,56" ten="412,209,170,209" oya="0" hai0="133,102,97,114,57,43,29,26,63,7,39,74,81" hai1="70,47,13,54,118,98,121,123,36,53,76,119,5" hai2="117,86,79,61,23,38,73,82,68,108,107,72,25" hai3="126,120,14,90,91,95,41,80,3,49,124,11,59"/><T66/><D114/><U45/><E76/><V20/><F38/><W109/><G3/><T116/><D116/><U18/><E98/><V27/><F108/><W24/><G109/><T77/><D133/><U69/><E5/><V52/><F107/><W4/><G120/><N who="1" m="46154" /><E18/><V96/><F117/><N who="1" m="44553" /><E13/><V22/><F96/><W84/><G24/><T46/><D7/><U94/><E94/><V132/><F132/><W106/><G106/><T62/><D97/><U8/><E8/><V105/><F105/><W17/><G17/><T35/><D102/><U42/><E47/><V93/><F93/><W30/><G30/><T99/><D99/><U100/><E100/><V10/><F10/><W78/><G91/><T110/><D110/><U127/><E127/><V122/><F122/><W1/><G1/><T71/><D26/><U130/><E130/><V85/><F73/><W134/><G134/><T34/><D29/><U31/><E31/><V67/><REACH who="2" step="1"/><F52/><AGARI ba="2,0" hai="34,35,39,43,46,52,57,62,63,66,71,74,77,81" machi="52" ten="30,11600,0" yaku="7,1,52,2,54,1" doraHai="56" who="0" fromWho="2" sc="412,122,209,0,170,-122,209,0" /><AGARI ba="2,0" hai="36,42,45,52,53,54,69,70" m="44553,46154" machi="52" ten="30,3900,0" yaku="34,2,54,1" doraHai="56" who="1" fromWho="2" sc="534,0,209,39,48,-39,209,0" /><INIT seed="0,3,0,3,2,99" ten="534,248,9,209" oya="0" hai0="20,117,1,58,10,39,80,78,12,50,13,85,90" hai1="26,68,65,76,135,23,11,121,57,120,107,14,54" hai2="4,86,55,132,118,38,115,93,29,33,47,108,66" hai3="3,123,116,7,114,34,49,19,104,60,133,134,52"/><T37/><D117/><U56/><E107/><V53/><F115/><W122/><G34/><T27/><D1/><U24/><E68/><V110/><F132/><N who="3" m="50795" /><G104/><T22/><D39/><U89/><E135/><V15/><F118/><W61/><G19/><N who="0" m="10351" /><D37/><U46/><E120/><N who="3" m="46122" /><G116/><T111/><D111/><N who="2" m="42538" /><F66/><W82/><G82/><T59/><D50/><N who="1" m="29015" /><E121/><V97/><F86/><W130/><G130/><T62/><D62/><N who="3" m="24169" /><G7/><N who="0" m="3167" /><D78/><U18/><E76/><V45/><F33/><W103/><G103/><T71/><D71/><U92/><E65/><V102/><F29/><AGARI ba="3,0" hai="22,27,29,58,59,80,85,90" m="3167,10351" machi="29" ten="30,1500,0" yaku="8,1" doraHai="99" who="0" fromWho="2" sc="534,24,248,0,9,-24,209,0" owari="558,66.0,248,5.0,-15,-52.0,209,-19.0" /></mjloggm>