<mjloggm ver="2.3"><GO type="169" lobby="0"/><UN n0="%62%69%67%6D%6F%75%74%68" n1="%E6%9C%A8%E5%8E%9F%E8%B1%AA%E4%B8%80" n2="%E4%B8%AD%E5%B7%9D%E5%86%85%E9%9B%AA%E9%9F%B3" n3="%E3%83%9E%E3%83%8A%E3%83%96%E9%9B%B6" dan="16,17,16,16" rate="2098.98,2215.38,2132.74,2156.46" sx="M,M,F,M"/><TAIKYOKU oya="0"/><INIT seed="0,0,0,4,4,31" ten="250,250,250,250" oya="0" hai0="54,16,0,108,13,78,2,63,90,123,93,47,69" hai1="84,36,114,39,127,97,91,68,8,9,62,131,129" hai2="104,44,74,45,18,94,100,120,5,117,115,6,59" hai3="79,1,21,122,3,72,132,7,83,65,55,19,128"/><T30/><D123/><U66/><E97/><V118/><F120/><W34/><G122/><T102/><D102/><U75/><E75/><V99/><F115/><W80/><G132/><T57/><D69/><U133/><E133/><V4/><F74/><W101/><G128/><N who="1" m="49226" /><E127/><V43/><F104/><W119/><G119/><N who="2" m="45577" /><F43/><W124/><G124/><T23/><D108/><U106/><E106/><V12/><F59/><W51/><G83/><T32/><D78/><U107/><E107/><V98/><F98/><W113/><G101/><T64/><D47/><U86/><E86/><V95/><F95/><W10/><G113/><T81/><D81/><N who="1" m="49551" /><E114/><V121/><F121/><W77/><G77/><T88/><D64/><U126/><E126/><V15/><F15/><W38/><G65/><T56/><D90/><U103/><E103/><V105/><F105/><W112/><G3/><T40/><D2/><U14/><E9/><AGARI ba="0,0" hai="4,5,6,9,12,18,44,45,94,99,100" m="45577" machi="9" ten="30,1000,0" yaku="12,1" doraHai="31" who="2" fromWho="1" sc="250,0,250,-10,250,10,250,0" /><INIT seed="1,0,0,2,3,104" ten="250,240,260,250" oya="1" hai0="9,70,72,45,62,54,21,86,35,25,106,113,89" hai1="6,27,26,91,57,111,49,17,19,31,16,33,2" hai2="37,20,13,124,110,41,12,8,95,123,101,48,53" hai3="103,127,133,107,99,97,32,82,76,126,23,132,96"/><U63/><E49/><V59/><F123/><W77/><G32/><T134/><D113/><U24/><E91/><V61/><F110/><W120/><G120/><T100/><D35/><U74/><E74/><V14/><F124/><N who="3" m="47659" /><G23/><T47/><D134/><N who="3" m="51817" /><G76/><T60/><D9/><U84/><E84/><AGARI ba="0,0" hai="77,82,84,96,97,99,103,107" m="51817,47659" machi="84" ten="30,7700,0" yaku="18,1,20,1,34,2" doraHai="104" who="3" fromWho="1" sc="250,0,240,-77,260,0,250,77" /><INIT seed="2,0,0,2,1,38" ten="250,163,260,327" oya="2" hai0="58,115,94,127,91,62,13,28,53,52,63,39,29" hai1="117,119,23,129,99,40,122,102,25,34,36,45,120" hai2="98,21,18,71,86,70,106,7,87,121,77,88,27" hai3="6,11,16,104,83,118,82,93,80,9,12,60,134"/><V123/><F7/><W64/><G104/><T46/><D115/><U100/><E129/><V15/><F77/><W72/><G134/><T131/><D131/><U31/><E23/><V37/><F87/><W133/><G133/><T33/><D127/><U74/><E74/><V69/><F37/><W79/><G118/><T92/><D33/><U95/><REACH who="1" step="1"/><E102/><REACH who="1" ten="250,153,260,327" step="2"/><V132/><F132/><W22/><G11/><T56/><D39/><U124/><E124/><V76/><F121/><AGARI ba="0,1" hai="25,31,34,36,40,45,95,99,100,117,119,120,121,122" machi="121" ten="40,5200,0" yaku="1,1,13,1,52,1,53,0" doraHai="38" doraHaiUra="1" who="1" fromWho="2" sc="250,0,153,62,260,-52,327,0" /><INIT seed="3,0,0,1,3,109" ten="250,215,208,327" oya="3" hai0="131,64,118,16,43,44,25,114,49,36,94,47,77" hai1="121,29,117,83,127,5,15,126,69,88,33,11,10" hai2="76,21,58,110,14,53,65,135,60,125,41,13,75" hai3="124,8,101,85,112,113,56,128,30,95,17,72,67"/><W89/><G72/><T115/><D118/><U86/><E121/><V51/><F110/><W105/><G30/><T116/><D116/><U73/><E117/><V90/><F135/><W1/><G128/><T123/><D123/><U78/><E69/><V37/><F125/><W79/><G124/><T107/><D107/><U130/><E130/><V68/><F90/><W82/><G67/><T54/><D131/><U97/><E97/><V74/><F76/><W84/><G56/><T0/><D0/><U6/><E33/><V26/><F75/><N who="3" m="43391" /><G17/><T63/><D77/><U46/><E46/><V23/><F74/><W3/><G8/><T19/><D94/><U42/><E42/><V22/><REACH who="2" step="1"/><F26/><REACH who="2" ten="250,215,198,327" step="2"/><W12/><G85/><T93/><D25/><U111/><E111/><V106/><F106/><W120/><G120/><T2/><D93/><U122/><E122/><V48/><F48/><W100/><G100/><T96/><D96/><U91/><E91/><V132/><F132/><W129/><G129/><T32/><D32/><U7/><E127/><V55/><F55/><W28/><G101/><T52/><D54/><U104/><E104/><V45/><AGARI ba="0,1" hai="13,14,21,22,23,37,41,45,51,53,58,60,65,68" machi="45" ten="30,7900,0" yaku="1,1,0,1,24,2,53,0" doraHai="109" doraHaiUra="80" who="2" fromWho="2" sc="250,-20,215,-20,198,89,327,-39" /><INIT seed="4,0,0,3,5,86" ten="230,195,287,288" oya="0" hai0="68,38,24,61,71,34,132,46,124,5,8,79,78" hai1="0,67,33,75,54,130,31,51,9,66,91,106,111" hai2="70,126,44,39,57,69,94,4,62,36,92,56,72" hai3="110,95,102,131,15,80,11,18,74,1,45,120,17"/><T10/><D132/><U99/><E111/><V77/><F4/><W84/><G110/><T50/><D38/><U101/><E75/><V116/><F77/><W133/><G1/><T53/><D124/><U97/><E130/><V29/><F72/><W41/><G133/><T3/><D10/><U55/><E55/><V128/><F29/><W114/><G114/><T123/><D123/><U88/><E33/><V65/><F94/><W52/><G74/><T47/><D47/><U113/><E113/><V12/><F12/><W7/><G131/><T81/><D61/><U64/><E31/><V89/><F128/><W93/><G120/><T23/><D34/><U100/><E9/><V108/><F108/><W20/><G102/><T87/><REACH who="0" step="1"/><D78/><REACH who="0" ten="220,195,287,288" step="2"/><U105/><E0/><V134/><F126/><W115/><G115/><T25/><D25/><U104/><E106/><V13/><F134/><W73/><G7/><T14/><D14/><U40/><E40/><V58/><F13/><N who="3" m="9263" /><G41/><T21/><D21/><U121/><E121/><V42/><F36/><W118/><G118/><T32/><D32/><U83/><E83/><V2/><F116/><W43/><G43/><T22/><D22/><U26/><E26/><V63/><F2/><W129/><G129/><T90/><D90/><U85/><E85/><V122/><F122/><W19/><G73/><T96/><D96/><U27/><E27/><V119/><F119/><W135/><G135/><T30/><AGARI ba="0,1" hai="3,5,8,23,24,30,46,50,53,68,71,79,81,87" machi="30" ten="20,7800,0" yaku="1,1,0,1,7,1,53,1" doraHai="86" doraHaiUra="48" who="0" fromWho="0" sc="220,88,195,-26,287,-26,288,-26" /><INIT seed="4,1,0,4,1,16" ten="308,169,261,262" oya="0" hai0="81,95,60,49,104,54,40,106,107,66,15,59,20" hai1="117,36,62,116,69,127,13,14,24,50,99,67,113" hai2="39,51,82,22,108,77,79,1,114,26,100,90,109" hai3="125,23,58,128,91,72,37,5,61,25,78,110,75"/><T44/><D81/><U18/><E36/><V84/><F39/><W80/><G110/><T122/><D122/><U46/><E127/><V105/><F1/><W43/><G125/><T19/><REACH who="0" step="1"/><D95/><REACH who="0" ten="298,169,261,262" step="2"/><U126/><E126/><V12/><F109/><W115/><G80/><T97/><D97/><U47/><E99/><V135/><F108/><W3/><G128/><T119/><D119/><U27/><E117/><V31/><F82/><W2/><G115/><T103/><D103/><U30/><E116/><V86/><F114/><W121/><G121/><T88/><D88/><U93/><E93/><V10/><F90/><W34/><G91/><T33/><D33/><U85/><E113/><V53/><F79/><W132/><G34/><T98/><D98/><U96/><E96/><V131/><F77/><W112/><G112/><T56/><D56/><U41/><E85/><V94/><F131/><W73/><G78/><T28/><D28/><U123/><E123/><V29/><F29/><W21/><G75/><T48/><D48/><U38/><E30/><V17/><F94/><W0/><G58/><T9/><D9/><U133/><E38/><V55/><F86/><W6/><G37/><T45/><D45/><U120/><E120/><V87/><F84/><W35/><G35/><T42/><AGARI ba="1,1" hai="15,19,20,40,42,44,49,54,59,60,66,104,106,107" machi="42" ten="40,7800,0" yaku="1,1,0,1,52,1,53,0" doraHai="16" doraHaiUra="134" who="0" fromWho="0" sc="298,91,169,-27,261,-27,262,-27" /><INIT seed="4,2,0,4,5,69" ten="389,142,234,235" oya="0" hai0="122,29,21,48,100,123,14,37,3,113,74,133,50" hai1="63,94,110,71,0,127,42,82,18,118,119,98,117" hai2="70,65,88,99,57,106,85,61,60,121,66,76,58" hai3="96,134,80,126,91,44,78,53,24,77,1,2,73"/><T111/><D3/><U8/><E110/><V101/><F121/><W46/><G134/><T31/><D74/><U124/><E82/><V102/><F102/><W52/><G126/><N who="1" m="48170" /><E42/><V5/><F5/><W39/><G24/><T47/><D111/><U103/><E18/><V68/><REACH who="2" step="1"/><F76/><REACH who="2" ten="389,142,224,235" step="2"/><W32/><G78/><T115/><D100/><U132/><E132/><V11/><F11/><W17/><G77/><T89/><D133/><U135/><E135/><V27/><F27/><W112/><G91/><T93/><D123/><U41/><E8/><V95/><AGARI ba="2,1" hai="57,58,60,61,65,66,68,70,85,88,95,99,101,106" machi="95" ten="20,12000,2" yaku="1,1,0,1,7,1,9,1,54,1,53,2" doraHai="69" doraHaiUra="55" who="2" fromWho="2" sc="389,-62,142,-32,224,136,235,-32" /><INIT seed="5,0,0,0,2,62" ten="327,110,360,203" oya="1" hai0="135,91,27,72,111,6,90,134,84,63,40,19,12" hai1="127,55,123,73,51,24,78,124,110,83,107,25,101" hai2="41,114,131,81,70,26,117,130,31,54,43,119,69" hai3="23,8,86,53,13,10,32,34,21,4,1,61,95"/><U33/><E123/><V29/><F81/><W64/><G53/><T108/><D72/><U16/><E110/><V67/><F54/><W128/><G128/><N who="2" m="49193" /><F114/><W17/><G34/><T0/><D40/><N who="2" m="15434" /><F67/><W30/><G30/><N who="2" m="11273" /><F26/><W22/><G32/><T79/><D27/><U57/><E33/><V68/><AGARI ba="0,0" hai="68,69,70,117,119" m="11273,15434,49193" machi="68" ten="40,5200,0" yaku="28,2,19,1" doraHai="62" who="2" fromWho="2" sc="327,-13,110,-26,360,52,203,-13" /><INIT seed="6,0,0,4,3,29" ten="314,84,412,190" oya="2" hai0="66,23,103,120,122,52,124,93,8,12,91,135,48" hai1="72,98,5,83,9,32,119,44,88,42,56,82,132" hai2="131,79,58,69,14,13,104,21,57,45,123,53,2" hai3="100,39,11,86,106,50,125,19,90,3,109,64,43"/><V71/><F123/><W118/><G118/><T27/><D135/><U112/><E119/><V126/><F2/><W121/><G121/><T55/><D124/><U115/><E132/><V62/><F126/><W76/><G109/><T10/><D66/><U1/><E56/><V51/><F104/><W35/><G76/><T101/><D10/><U92/><E32/><V133/><F133/><W54/><G64/><T30/><D55/><U80/><REACH who="1" step="1"/><E72/><REACH who="1" ten="314,74,412,190" step="2"/><V6/><F58/><W67/><G35/><T7/><D122/><U4/><E4/><V22/><F6/><W24/><G125/><T38/><D120/><U74/><E74/><V15/><F71/><W78/><G67/><T34/><D34/><U63/><E63/><V97/><F69/><W111/><G111/><T77/><D7/><U89/><E89/><V117/><F117/><W102/><G90/><T99/><D77/><U105/><E105/><V36/><F62/><W17/><G106/><T128/><D91/><U37/><AGARI ba="0,1" hai="1,5,9,37,42,44,80,82,83,88,92,98,112,115" machi="37" ten="30,4000,0" yaku="1,1,0,1,54,1,53,0" doraHai="29" doraHaiUra="114" who="1" fromWho="1" sc="314,-10,74,50,412,-20,190,-10" /><INIT seed="7,0,0,3,5,37" ten="304,124,392,180" oya="3" hai0="58,69,79,90,87,53,64,130,119,22,72,118,65" hai1="88,1,101,33,84,70,76,60,7,13,66,48,112" hai2="35,120,73,131,17,39,41,54,92,86,43,83,10" hai3="34,12,124,32,30,115,62,29,128,61,9,45,109"/><W82/><G115/><T47/><D130/><U125/><E112/><V97/><F73/><W104/><G104/><T67/><D72/><U105/><E125/><V8/><F39/><W27/><G124/><T98/><D69/><U129/><E129/><V26/><F120/><W28/><G128/><T133/><D133/><U100/><E33/><V126/><F35/><W4/><G109/><T56/><D79/><U14/><E76/><N who="2" m="46439" /><F126/><W63/><G82/><T85/><D22/><U116/><E116/><V19/><F131/><W25/><G30/><T93/><D47/><AGARI ba="0,0" hai="4,9,12,25,27,28,29,32,34,45,47,61,62,63" machi="47" ten="40,2000,0" yaku="9,1" doraHai="37" who="3" fromWho="0" sc="304,-20,124,0,392,0,180,20" /><INIT seed="7,1,0,2,0,75" ten="284,124,392,200" oya="3" hai0="4,135,31,103,11,118,45,55,73,95,37,63,18" hai1="38,33,88,104,127,83,91,77,49,86,44,28,121" hai2="7,9,35,129,81,78,87,39,41,51,24,74,93" hai3="30,12,107,3,21,25,29,68,80,92,134,76,117"/><W2/><G107/><T36/><D118/><U48/><E121/><V58/><F129/><W108/><G117/><T52/><D73/><U69/><E69/><V42/><F35/><W122/><G122/><T32/><D135/><U105/><E38/><V94/><F24/><W120/><G120/><T47/><D18/><U100/><E127/><V26/><F26/><W71/><G134/><T102/><D31/><U90/><E100/><V119/><F119/><W113/><G30/><T97/><D32/><U65/><E65/><V79/><F58/><W130/><G130/><T112/><D112/><U10/><E49/><V50/><F50/><W131/><G131/><T72/><D72/><U22/><E33/><V70/><F70/><W57/><G57/><T15/><D103/><U111/><E111/><V133/><F51/><W101/><G113/><T89/><D102/><U132/><E132/><V106/><F42/><W59/><G59/><T60/><D37/><U27/><REACH who="1" step="1"/><E10/><REACH who="1" ten="284,114,392,200" step="2"/><V19/><F133/><W62/><G108/><T82/><D36/><U34/><E34/><V99/><F19/><W125/><G71/><T54/><D11/><U17/><E17/><V46/><F106/><W43/><G125/><T16/><D16/><U126/><E126/><V13/><F99/><W40/><G68/><T116/><D116/><U53/><AGARI ba="1,1" hai="22,27,28,44,48,53,77,83,86,88,90,91,104,105" machi="53" ten="30,7900,0" yaku="1,1,0,1,52,1,54,1,53,0" doraHai="75" doraHaiUra="98" who="1" fromWho="1" sc="284,-21,114,92,392,-21,200,-40" owari="263,6.0,206,-19.0,371,47.0,160,-34.0" /></mjloggm>