<mjloggm ver="2.3"><GO type="169" lobby="0"/><UN n0="%E5%90%89%E6%BE%A4%E2%98%86%E7%91%A0%E5%81%89" n1="%E8%A5%BF%E5%B2%A1%E8%82%B2%E6%9C%AA%E2%99%AA" n2="%E9%88%B4%E4%BE%8D" n3="%E3%81%8B%E3%81%8B%E3%81%8B%E3%81%8B" dan="16,16,18,16" rate="2101.85,2109.36,2258.83,2161.46" sx="M,F,M,M"/><TAIKYOKU oya="0"/><INIT seed="0,0,0,4,0,81" ten="250,250,250,250" oya="0" hai0="38,3,131,25,76,17,80,16,84,82,0,55,2" hai1="135,20,46,92,39,51,130,8,123,35,12,90,32" hai2="108,60,112,36,66,1,19,96,106,102,107,120,98" hai3="4,103,9,57,43,21,110,26,30,5,71,50,101"/><T94/><D38/><U34/><E123/><V70/><F120/><W99/><G71/><T122/><D122/><U58/><E135/><V79/><F112/><W14/><G110/><T6/><D6/><U132/><E132/><V115/><F115/><W7/><G103/><T111/><D131/><U78/><E78/><V40/><F108/><W104/><G43/><T62/><D111/><U52/><E20/><V134/><F134/><W72/><G72/><T11/><D94/><U18/><E130/><V22/><F1/><W91/><G50/><T53/><D11/><U73/><E73/><V129/><F79/><W127/><G57/><T24/><D80/><U27/><E39/><V54/><F129/><W85/><REACH who="3" step="1"/><G127/><REACH who="3" ten="250,250,250,240" step="2"/><T105/><D105/><U95/><E58/><V88/><F106/><W48/><G48/><T75/><D75/><U83/><E27/><V44/><F102/><W37/><G37/><T100/><D100/><U29/><E29/><V87/><F107/><W49/><G49/><T41/><D41/><U67/><E67/><V126/><F54/><W33/><G33/><T68/><D25/><U45/><E45/><V31/><F31/><W121/><G121/><T56/><D68/><U124/><E124/><V97/><F126/><W64/><G64/><T77/><D24/><U65/><E65/><V61/><F66/><W23/><G23/><T89/><D55/><U59/><E59/><V93/><REACH who="2" step="1"/><F70/><REACH who="2" ten="250,250,240,240" step="2"/><W116/><G116/><T114/><D114/><U28/><E28/><V118/><F118/><W74/><G74/><T113/><D113/><U119/><E119/><RYUUKYOKU ba="0,2" sc="250,0,250,0,240,0,240,0" hai0="0,2,3,16,17,53,56,62,76,77,82,84,89" hai1="8,12,18,32,34,35,46,51,52,83,90,92,95" hai2="19,22,36,40,44,60,61,87,88,93,96,97,98" hai3="4,5,7,9,14,21,26,30,85,91,99,101,104" /><INIT seed="0,1,2,4,5,119" ten="250,250,240,240" oya="0" hai0="76,93,34,41,39,46,42,5,85,59,27,61,45" hai1="83,89,100,81,1,65,68,11,75,134,109,77,79" hai2="37,48,14,101,74,122,43,94,84,124,40,72,7" hai3="91,70,20,126,50,90,38,125,62,0,115,117,128"/><T121/><D5/><N who="1" m="1455" /><E89/><V9/><F37/><W55/><G0/><T57/><D34/><U15/><E100/><V130/><F122/><W22/><G38/><T35/><D35/><U60/><E15/><V8/><F130/><W33/><G33/><T113/><D27/><U21/><E21/><N who="3" m="8298" /><G115/><T86/><D113/><U36/><E36/><V116/><F116/><W58/><G117/><T114/><D114/><U129/><E129/><V105/><F105/><W88/><G70/><T32/><D32/><U23/><E23/><V56/><F124/><N who="3" m="47723" /><G128/><T44/><D39/><U24/><E24/><V71/><F71/><W12/><G12/><T133/><D121/><U102/><E102/><V2/><F74/><W63/><AGARI ba="1,2" hai="50,55,58,62,63,88,90,91" m="47723,8298" machi="63" ten="40,2700,0" yaku="18,1,54,1" doraHai="119" who="3" fromWho="3" sc="250,-14,250,-8,240,-8,240,50" /><INIT seed="1,0,0,0,2,74" ten="236,242,232,290" oya="1" hai0="93,52,110,98,20,26,1,80,67,112,130,54,34" hai1="77,22,97,47,8,23,73,48,84,104,119,86,115" hai2="111,58,117,41,102,53,135,57,105,45,126,90,30" hai3="113,107,120,25,101,13,87,88,129,60,17,65,71"/><U43/><E115/><V96/><F117/><W118/><G113/><T78/><D1/><U134/><E119/><V40/><F111/><W81/><G118/><T131/><D34/><U49/><E134/><V46/><F135/><W61/><G120/><T133/><D133/><U94/><E104/><V39/><F126/><W75/><G129/><N who="0" m="49163" /><D67/><U37/><E73/><V114/><F114/><W109/><G109/><T33/><D33/><U82/><E8/><V79/><F30/><W35/><G61/><T21/><D112/><U51/><REACH who="1" step="1"/><E86/><REACH who="1" ten="236,232,232,290" step="2"/><V59/><F90/><AGARI ba="0,1" hai="22,23,37,43,47,48,49,51,77,82,84,90,94,97" machi="90" ten="40,7700,0" yaku="1,1,2,1,52,1,53,0" doraHai="74" doraHaiUra="106" who="1" fromWho="2" sc="236,0,232,87,232,-77,290,0" /><INIT seed="1,1,0,2,5,1" ten="236,319,155,290" oya="1" hai0="127,77,62,36,41,50,3,11,81,70,42,40,31" hai1="9,29,79,51,34,32,67,133,37,94,125,71,52" hai2="8,124,44,75,6,90,102,64,104,25,103,26,10" hai3="115,123,80,17,21,96,91,22,97,4,134,108,0"/><U59/><E133/><V35/><F124/><W76/><G115/><T18/><D127/><U69/><E125/><V30/><F75/><W95/><G123/><T55/><D31/><U128/><E128/><V60/><F25/><W23/><G108/><T112/><D112/><U98/><E79/><V135/><F135/><W56/><G134/><T105/><D105/><U45/><E29/><V46/><F10/><W100/><G56/><T126/><D126/><U131/><E131/><V120/><F90/><W47/><G47/><T78/><D36/><U39/><E9/><V101/><F120/><W114/><G114/><T65/><D18/><U117/><E39/><V121/><F121/><W130/><G0/><T118/><D118/><U122/><E117/><V24/><F24/><W109/><G109/><T54/><D50/><U84/><E84/><V33/><F33/><W48/><G48/><T110/><D78/><U116/><E71/><V82/><F82/><W12/><G4/><T28/><D28/><U119/><E122/><V86/><F86/><W74/><REACH who="3" step="1"/><G130/><REACH who="3" ten="236,319,155,280" step="2"/><T87/><REACH who="0" step="1"/><D110/><REACH who="0" ten="226,319,155,280" step="2"/><U61/><E119/><V66/><F104/><AGARI ba="1,2" hai="12,17,21,22,23,74,76,80,91,95,96,97,100,104" machi="104" ten="30,7700,0" yaku="1,1,2,1,7,1,53,1" doraHai="1" doraHaiUra="99" who="3" fromWho="2" sc="226,0,319,0,155,-80,280,100" /><INIT seed="2,0,0,5,2,107" ten="226,319,75,380" oya="2" hai0="134,81,132,96,64,32,45,10,109,82,54,77,19" hai1="111,135,29,94,119,112,38,89,114,42,17,87,56" hai2="71,74,106,4,86,85,91,59,115,52,36,34,131" hai3="63,78,110,15,58,84,50,61,116,113,49,20,18"/><V75/><F115/><W51/><G116/><T128/><D32/><U12/><E119/><V93/><F34/><W118/><G118/><T105/><D64/><U70/><E70/><V9/><F106/><W46/><G63/><T90/><D128/><U65/><E111/><V25/><F131/><W39/><G110/><T133/><D109/><U76/><E135/><V57/><F71/><W104/><G104/><T97/><D105/><U122/><E122/><V16/><F36/><W35/><G35/><T126/><D126/><U102/><E29/><V48/><F59/><W120/><G120/><T124/><D124/><U127/><E127/><V0/><REACH who="2" step="1"/><F85/><REACH who="2" ten="226,319,65,380" step="2"/><W27/><G113/><T14/><D133/><U13/><E56/><V108/><F108/><W125/><G39/><T55/><D134/><U67/><E114/><V121/><F121/><W24/><G125/><T129/><D132/><U101/><E112/><V30/><F30/><W83/><REACH who="3" step="1"/><G46/><REACH who="3" ten="226,319,65,370" step="2"/><T68/><D129/><U31/><E38/><V22/><AGARI ba="0,2" hai="0,4,9,16,22,25,48,52,57,74,75,86,91,93" machi="22" ten="30,18000,2" yaku="1,1,0,1,52,2,54,2,53,0" doraHai="107" doraHaiUra="40" who="2" fromWho="2" sc="226,-60,319,-60,65,200,370,-60" /><INIT seed="2,1,0,3,2,70" ten="166,259,265,310" oya="2" hai0="123,16,107,0,90,23,3,119,51,86,46,29,59" hai1="133,53,98,65,45,127,2,130,113,84,111,85,39" hai2="87,8,135,120,5,77,40,22,88,6,34,104,112" hai3="18,20,21,131,92,82,100,89,35,56,10,83,134"/><V61/><F120/><W128/><G35/><T69/><D69/><U54/><E2/><V129/><F112/><W38/><G100/><T48/><D123/><U109/><E113/><V27/><F34/><W95/><G134/><T117/><D29/><U78/><E133/><V7/><F104/><W76/><G10/><T62/><D107/><U79/><E65/><V64/><F77/><N who="1" m="29193" /><E127/><V43/><F129/><N who="3" m="49739" /><G21/><T105/><D105/><U94/><E130/><V11/><F135/><W71/><G71/><T52/><D48/><N who="1" m="28815" /><E39/><V132/><F132/><W14/><G38/><T12/><D119/><U124/><E54/><V115/><F115/><W91/><G56/><T17/><D17/><U102/><E124/><V68/><F43/><W121/><G121/><T73/><D73/><U47/><E47/><V37/><F37/><W108/><G108/><AGARI ba="1,0" hai="84,85,94,98,102,108,109,111" m="28815,29193" machi="108" ten="30,1000,0" yaku="14,1" doraHai="70" who="1" fromWho="3" sc="166,0,259,13,265,0,310,-13" /><INIT seed="3,0,0,5,0,58" ten="166,272,265,297" oya="3" hai0="109,123,115,48,95,65,53,40,96,71,120,134,30" hai1="124,54,1,5,77,35,46,101,59,18,36,38,67" hai2="62,131,61,119,27,28,15,114,105,33,41,57,107" hai3="68,90,130,110,80,133,63,76,116,108,17,121,42"/><W103/><G121/><T64/><D109/><N who="3" m="42089" /><G133/><T37/><D134/><U72/><E35/><V83/><F119/><W45/><G130/><T89/><D115/><U75/><E18/><V135/><F114/><W113/><G113/><T78/><D65/><U69/><E101/><V91/><F131/><W21/><G103/><T4/><D4/><U20/><E20/><V87/><F135/><W60/><G90/><T7/><D7/><U26/><E26/><V34/><F34/><W92/><G68/><T106/><D78/><U84/><E84/><V19/><F41/><W97/><G92/><T13/><D13/><U74/><E77/><V3/><F3/><W23/><G97/><T99/><D30/><U49/><E1/><V93/><F83/><W25/><G21/><T12/><D12/><U85/><E69/><V125/><F125/><W29/><G29/><T94/><D106/><U14/><E124/><V50/><F105/><W0/><G116/><T127/><D127/><U122/><E122/><V132/><F107/><W112/><G112/><T8/><D8/><U118/><E118/><V117/><F117/><W11/><G11/><T9/><D9/><U56/><E5/><V24/><F24/><W73/><G0/><T86/><D120/><U44/><E14/><V88/><F91/><W79/><G79/><T16/><D89/><U104/><E104/><V70/><F70/><W111/><N who="3" m="42097" /><W81/><DORA hai="43" /><G81/><T55/><D71/><U39/><E85/><V129/><F132/><W128/><G128/><T32/><D123/><U22/><E22/><N who="2" m="11647" /><F129/><W98/><G98/><RYUUKYOKU ba="0,0" sc="166,-30,272,10,265,10,297,10" hai1="36,38,39,44,46,49,54,56,59,67,72,74,75" hai2="27,28,33,50,57,61,62,87,88,93" hai3="17,23,25,42,45,60,63,73,76,80" /><INIT seed="3,1,0,1,3,22" ten="136,282,275,307" oya="3" hai0="134,1,132,106,47,80,120,107,77,2,39,15,133" hai1="12,42,103,24,50,38,122,32,105,129,40,8,9" hai2="5,48,6,25,74,49,84,99,23,53,98,88,111" hai3="73,104,46,59,75,13,30,31,64,92,118,10,128"/><W115/><G104/><T14/><D120/><U33/><E38/><V62/><F111/><W26/><G115/><T21/><D15/><U123/><E105/><N who="0" m="39945" /><D14/><U67/><E103/><V82/><F74/><W65/><G118/><T58/><D58/><U93/><E93/><V79/><F62/><W35/><G31/><T52/><D21/><U112/><E112/><V11/><F79/><W56/><G56/><T108/><D108/><U17/><E129/><V124/><F124/><W44/><G128/><T51/><D39/><U29/><E67/><V95/><F49/><W113/><G113/><T57/><D57/><U36/><E36/><V125/><F125/><W114/><G114/><T69/><D69/><U45/><E42/><V81/><F81/><W18/><G75/><AGARI ba="1,0" hai="1,2,47,51,52,75,77,80,132,133,134" m="39945" machi="75" ten="40,2600,0" yaku="20,1,54,1" doraHai="22" who="0" fromWho="3" sc="136,29,282,0,275,0,307,-29" /><INIT seed="4,0,0,2,3,45" ten="165,282,275,278" oya="0" hai0="119,6,63,28,92,126,50,80,60,78,130,4,42" hai1="29,24,107,57,116,89,96,16,87,9,12,11,47" hai2="108,123,0,134,65,3,67,38,32,84,70,14,19" hai3="21,64,85,31,54,128,135,79,27,106,94,1,129"/><T58/><D119/><U2/><E116/><V114/><F108/><W120/><G106/><T66/><D130/><N who="3" m="50281" /><G135/><T95/><D126/><U122/><E122/><V68/><F123/><W43/><G43/><T113/><D113/><U133/><E133/><V8/><F32/><W39/><G39/><T82/><D28/><U49/><E57/><V103/><F38/><W76/><G64/><T111/><D111/><U44/><E44/><V75/><F75/><W124/><G1/><T33/><D33/><U35/><E96/><V112/><F134/><W40/><G40/><T115/><D115/><N who="2" m="44074" /><F103/><W61/><G124/><T93/><D63/><U30/><E30/><V20/><F84/><W99/><G85/><N who="0" m="48279" /><D82/><U121/><E107/><V34/><F34/><W72/><G72/><T23/><D23/><U83/><E121/><V110/><F110/><W73/><G73/><T100/><D100/><U77/><E2/><N who="2" m="555" /><F20/><W10/><G120/><T117/><D117/><U26/><E77/><V36/><F36/><W74/><G74/><T88/><D88/><U118/><E118/><V86/><F86/><W105/><G105/><T81/><D81/><U101/><E101/><V17/><F67/><W59/><G79/><T52/><D66/><U132/><E132/><V55/><F55/><W51/><G76/><T71/><D71/><N who="2" m="27178" /><F65/><W125/><G125/><T98/><D98/><U131/><E131/><V56/><F56/><W15/><G99/><T91/><D91/><U104/><E104/><V41/><F41/><W37/><G37/><T22/><D22/><N who="1" m="11527" /><E26/><V109/><F109/><W97/><G97/><RYUUKYOKU ba="0,0" sc="165,10,282,10,275,10,278,-30" hai0="4,6,42,50,52,58,60,92,93,95" hai1="9,11,24,29,35,47,49,83,87,89" hai2="8,14,17,19" /><INIT seed="4,1,0,2,2,100" ten="175,292,285,248" oya="0" hai0="127,63,53,96,40,109,76,88,15,65,77,4,72" hai1="91,14,66,103,125,89,117,30,104,110,71,12,41" hai2="57,59,86,69,24,27,70,61,123,87,54,105,34" hai3="113,26,119,93,130,37,25,50,74,84,116,73,49"/><T31/><D127/><U95/><E110/><V131/><F123/><W83/><G37/><T78/><D72/><U3/><E3/><V18/><F131/><W44/><G130/><T7/><D109/><U135/><E117/><V102/><F70/><W98/><G113/><T52/><D40/><U35/><E41/><V81/><F69/><W11/><G74/><T132/><D31/><U122/><E91/><V33/><F33/><W75/><G75/><T56/><D132/><U62/><E122/><V19/><F102/><N who="3" m="60751" /><G73/><T23/><D4/><U55/><E55/><N who="2" m="33983" /><F105/><W47/><G11/><N who="0" m="4607" /><D23/><U133/><E125/><V128/><F87/><W106/><G106/><T42/><D42/><U9/><E9/><V90/><F34/><W16/><G119/><T0/><D0/><U21/><E21/><V67/><F67/><W115/><G115/><T5/><D5/><U1/><E1/><V112/><F128/><W97/><G97/><T17/><D17/><N who="2" m="6154" /><F112/><W111/><G116/><T48/><D48/><AGARI ba="1,0" hai="24,27,48,54,59,81,86,90" m="6154,33983" machi="48" ten="30,1000,0" yaku="8,1" doraHai="100" who="2" fromWho="0" sc="175,-13,292,0,285,13,248,0" /><INIT seed="5,0,0,0,2,8" ten="162,292,298,248" oya="1" hai0="96,117,30,46,103,13,42,71,75,135,91,48,69" hai1="67,15,61,120,4,59,11,73,113,125,45,114,131" hai2="43,60,108,97,72,32,41,99,87,106,49,38,89" hai3="34,119,94,50,78,68,25,105,17,116,115,58,110"/><U118/><E118/><N who="3" m="45098" /><G105/><T70/><D75/><U98/><E120/><V92/><F108/><W52/><G68/><T21/><D117/><U134/><E134/><V107/><F38/><W93/><G110/><T7/><D135/><U29/><E131/><V62/><F72/><W44/><G115/><N who="1" m="44042" /><E73/><V35/><F87/><W133/><G78/><T40/><D91/><U2/><E29/><V3/><F89/><W95/><G133/><T18/><D30/><U14/><E125/><V56/><F49/><W109/><G109/><T77/><D7/><U6/><E6/><V20/><F20/><N who="3" m="13455" /><G34/><T12/><D42/><U132/><E132/><V26/><F26/><W57/><AGARI ba="0,0" hai="44,50,52,57,58,93,94,95" m="13455,45098" machi="57" ten="40,2700,0" yaku="12,1,54,1" doraHai="8" who="3" fromWho="3" sc="162,-7,292,-13,298,-7,248,27" /><INIT seed="6,0,0,3,4,29" ten="155,279,291,275" oya="2" hai0="87,130,4,51,15,44,127,16,58,122,18,3,85" hai1="104,96,14,68,43,70,83,36,84,20,12,95,35" hai2="38,105,119,23,101,52,24,109,25,108,26,48,80" hai3="91,30,22,11,125,106,123,124,9,92,94,27,120"/><V98/><F119/><W10/><G106/><T110/><D122/><U90/><E35/><V37/><F23/><W128/><G94/><T114/><D110/><N who="2" m="42602" /><F80/><W6/><G128/><T102/><D130/><U132/><E132/><V54/><F54/><W61/><G61/><T31/><D3/><U131/><E104/><V118/><F118/><W55/><G55/><T89/><D102/><U41/><E36/><V126/><F126/><N who="3" m="48747" /><G6/><T129/><D127/><U21/><E68/><V19/><F19/><W65/><G65/><T62/><D31/><U135/><E70/><V78/><F78/><W93/><G93/><T74/><D74/><U2/><E2/><V79/><F79/><W77/><G77/><T67/><D129/><U66/><E66/><V5/><F5/><W50/><G50/><T97/><D97/><AGARI ba="0,0" hai="9,10,11,22,27,30,91,92,97,120,123" m="48747" machi="97" ten="30,1000,0" yaku="18,1" doraHai="29" who="3" fromWho="0" sc="155,-10,279,0,291,0,275,10" /><INIT seed="7,0,0,5,4,3" ten="145,279,291,285" oya="3" hai0="108,76,42,125,93,13,74,82,72,34,124,60,120" hai1="64,31,121,26,77,75,50,43,122,71,27,23,51" hai2="79,55,69,56,49,92,45,84,81,113,48,109,35" hai3="36,112,5,12,40,24,68,9,39,59,116,7,80"/><W95/><G68/><T83/><D34/><U57/><E75/><V37/><F109/><W98/><G116/><T52/><D108/><U58/><E71/><V132/><F35/><W110/><G110/><T61/><D42/><U65/><E77/><V105/><F105/><W30/><G112/><T135/><D120/><U130/><E43/><V10/><F37/><W107/><G107/><T118/><D118/><U28/><REACH who="1" step="1"/><E23/><REACH who="1" ten="145,269,291,285" step="2"/><V33/><F69/><W44/><G80/><T101/><D135/><U134/><E134/><V2/><F113/><W89/><G59/><T25/><D25/><U99/><E99/><V117/><F117/><W114/><G114/><T62/><D13/><U128/><AGARI ba="0,1" hai="26,27,28,31,50,51,57,58,64,65,121,122,128,130" machi="128" ten="25,6400,0" yaku="1,1,0,1,22,2,53,0" doraHai="3" doraHaiUra="86" who="1" fromWho="1" sc="145,-16,269,74,291,-16,285,-32" owari="129,-37.0,343,44.0,275,8.0,253,-15.0" /></mjloggm>