<mjloggm ver="2.3"><GO type="225" lobby="0"/><UN n0="%63%61%74%6D%65%56%47%43" n1="%E8%A8%88%E7%AE%97%E6%A9%9F%E8%87%AA%E7%84%B6" n2="%E5%AE%89%E8%97%A4%E3%82%AB%E3%82%B1%E3%83%AB" n3="%62%69%67%6D%6F%75%74%68" dan="16,17,16,16" rate="2210.31,2266.84,2068.28,2101.24" sx="M,M,M,M"/><TAIKYOKU oya="0"/><INIT seed="0,0,0,1,5,95" ten="250,250,250,250" oya="0" hai0="79,87,13,69,89,29,1,34,129,114,125,9,72" hai1="25,109,71,37,48,83,82,35,49,21,0,78,7" hai2="33,100,94,32,44,96,52,50,98,2,64,73,77" hai3="65,51,63,30,24,55,47,19,99,70,43,101,97"/><T135/><D114/><U66/><E37/><V133/><F2/><W22/><G101/><T128/><D69/><U5/><E35/><V124/><F124/><W74/><G74/><T85/><D1/><U90/><E109/><V40/><F133/><W39/><REACH who="3" step="1"/><G30/><REACH who="3" ten="250,250,250,240" step="2"/><T132/><D72/><U59/><E5/><V120/><F73/><W123/><G123/><T3/><D125/><U93/><E7/><V6/><F120/><W11/><G11/><T18/><D3/><U76/><E0/><V112/><F6/><W111/><G111/><T88/><D29/><U80/><E76/><V134/><F77/><W27/><G27/><T84/><D79/><U110/><E78/><V118/><F112/><W81/><G81/><T54/><D34/><U121/><E110/><V53/><F134/><N who="0" m="51242" /><D54/><U126/><E126/><V36/><F32/><W23/><G23/><T117/><D117/><U92/><E21/><V130/><F33/><W56/><AGARI ba="0,1" hai="19,22,24,39,43,47,51,55,56,63,65,70,97,99" machi="56" ten="20,12000,2" yaku="1,1,0,1,7,1,24,2,52,2,53,0" doraHai="95" doraHaiUra="104" who="3" fromWho="3" sc="250,-60,250,-30,250,-30,240,130" /><INIT seed="1,0,0,5,0,104" ten="190,220,220,370" oya="1" hai0="81,93,98,57,116,5,47,80,28,1,32,40,74" hai1="61,49,26,122,90,52,95,125,53,100,18,111,51" hai2="6,31,29,63,106,114,92,42,68,12,105,9,15" hai3="107,54,59,118,50,117,2,108,101,21,82,44,41"/><U71/><E122/><V131/><F114/><W22/><G2/><T4/><D116/><N who="3" m="44649" /><G108/><T70/><D70/><U76/><E125/><V46/><F131/><W56/><G82/><T37/><D81/><U69/><E76/><V64/><F106/><W23/><G54/><T102/><D57/><N who="3" m="22089" /><G107/><T126/><D126/><U10/><E111/><V67/><F105/><W48/><G101/><T112/><D112/><U120/><E100/><V24/><F67/><W133/><G133/><T129/><D129/><U128/><E128/><V78/><F78/><W85/><G85/><T65/><D65/><U94/><E120/><V96/><F15/><W38/><AGARI ba="0,0" hai="21,22,23,38,41,44,48,50" m="22089,44649" machi="38" ten="40,1500,0" yaku="12,1" doraHai="104" who="3" fromWho="3" sc="190,-4,220,-7,220,-4,370,15" /><INIT seed="2,0,0,1,2,26" ten="186,213,216,385" oya="2" hai0="114,8,18,84,67,0,36,23,65,109,118,79,100" hai1="95,121,106,70,86,131,77,33,111,133,112,78,28" hai2="31,35,80,49,99,104,58,20,60,39,96,122,105" hai3="43,50,125,132,53,45,82,15,38,40,25,76,6"/><V54/><F39/><W135/><G125/><T75/><D114/><U113/><E70/><V14/><F35/><W41/><G25/><T5/><D36/><U55/><E33/><V7/><F122/><W97/><G97/><T37/><D109/><U110/><E28/><V88/><F105/><W34/><G34/><T130/><D130/><U124/><E106/><V21/><F104/><W1/><G1/><T115/><D115/><N who="1" m="44107" /><E55/><V11/><F31/><W102/><G102/><T119/><D100/><U27/><E27/><V83/><F99/><W92/><G92/><T19/><D19/><U87/><E124/><V24/><F24/><W62/><G62/><T123/><D123/><U44/><E44/><N who="2" m="27943" /><F83/><W42/><G6/><T94/><D75/><U63/><E63/><V126/><F126/><W30/><G30/><T52/><D37/><U71/><E71/><V22/><F96/><W59/><G15/><N who="0" m="9695" /><D94/><U61/><E61/><V16/><F7/><W108/><G108/><N who="1" m="41514" /><E121/><V68/><F68/><W107/><G107/><T56/><D79/><N who="1" m="30219" /><E131/><V9/><F9/><W32/><G32/><T120/><D120/><U51/><E51/><V101/><F101/><W66/><G66/><T46/><D46/><U98/><E133/><V57/><F60/><W128/><G128/><T72/><D67/><U48/><E48/><V12/><F12/><W74/><AGARI ba="0,0" hai="38,40,41,42,43,45,50,53,59,74,76,82,132,135" machi="74" ten="30,1100,0" yaku="0,1" doraHai="26" who="3" fromWho="3" sc="186,-3,213,-3,216,-5,385,11" /><INIT seed="3,0,0,1,4,74" ten="183,210,211,396" oya="3" hai0="9,107,80,113,67,106,44,35,61,115,54,85,26" hai1="105,101,89,104,75,70,116,130,91,78,102,56,68" hai2="15,65,134,24,96,71,14,77,131,95,5,52,37" hai3="132,2,92,13,82,45,17,28,19,23,76,118,34"/><W72/><G118/><T0/><D35/><U112/><E56/><V125/><F37/><W69/><G69/><N who="1" m="26730" /><E75/><V29/><F71/><W38/><G2/><T135/><D135/><U53/><E53/><V94/><F65/><W6/><G6/><N who="0" m="1223" /><D26/><U18/><E78/><V39/><F39/><W12/><G132/><T103/><D67/><U41/><E41/><V59/><F77/><W27/><G92/><T123/><D123/><U114/><E18/><V83/><F134/><W46/><G38/><T66/><D66/><U1/><E1/><V48/><F5/><W57/><G57/><N who="0" m="34999" /><D44/><U16/><E16/><V90/><F83/><W120/><G120/><T20/><D20/><AGARI ba="0,0" hai="12,13,17,19,20,23,27,28,34,45,46,72,76,82" machi="20" ten="30,5800,0" yaku="7,1,9,1,52,1" doraHai="74" who="3" fromWho="0" sc="183,-58,210,0,211,0,396,58" owari="125,-37.0,210,-19.0,211,1.0,454,55.0" /></mjloggm>