<mjloggm ver="2.3"><GO type="169" lobby="0"/><UN n0="%E6%B2%B3%E5%B6%8B%4B%4B" n1="%64%75%72%72%72%72%72" n2="%E5%BC%B7%E6%89%93%E6%84%9B%E5%A5%BD%E5%AE%B6" n3="%E8%BD%9F%E9%8B%BC%E9%89%84" dan="19,18,16,16" rate="2289.25,2255.50,2147.95,2208.69" sx="M,M,M,M"/><TAIKYOKU oya="0"/><INIT seed="0,0,0,2,1,71" ten="250,250,250,250" oya="0" hai0="65,64,28,14,95,112,110,18,80,41,36,22,135" hai1="125,90,77,92,120,61,128,73,109,96,79,10,84" hai2="85,31,89,88,39,47,0,21,81,17,104,99,119" hai3="37,45,130,4,117,25,8,35,34,16,49,51,42"/><T19/><D112/><U52/><E73/><V75/><F0/><W118/><G130/><T86/><D135/><U102/><E120/><V27/><F119/><W106/><G106/><T7/><D28/><U105/><E128/><V111/><F111/><W50/><G118/><T67/><D110/><U126/><E10/><V97/><F75/><W70/><G70/><T43/><D7/><U13/><E13/><V6/><F6/><W122/><G117/><T46/><D43/><U72/><E109/><V32/><F89/><W94/><G94/><T124/><D95/><U66/><E52/><V131/><F131/><W76/><G76/><T12/><D124/><N who="1" m="47723" /><E72/><V91/><F91/><W62/><G62/><T24/><REACH who="0" step="1"/><D19/><REACH who="0" ten="240,250,250,250" step="2"/><U115/><E115/><V3/><F104/><W15/><G122/><T74/><D74/><U53/><E53/><V113/><F113/><W98/><G98/><T129/><D129/><U58/><AGARI ba="0,1" hai="58,61,66,77,79,84,90,92,96,102,105" m="47723" machi="58" ten="30,1100,0" yaku="18,1" doraHai="71" who="1" fromWho="1" sc="240,-5,250,21,250,-3,250,-3" /><INIT seed="1,0,0,3,3,45" ten="235,271,247,247" oya="1" hai0="94,119,93,13,29,46,5,108,9,80,122,17,90" hai1="129,130,123,31,135,35,20,57,97,88,66,15,101" hai2="51,118,52,74,65,89,116,7,112,11,109,84,100" hai3="33,50,43,41,126,77,110,121,92,26,75,3,127"/><U27/><E123/><V124/><F109/><W69/><G110/><T86/><D108/><U21/><E135/><V18/><F124/><W47/><G69/><T12/><D119/><U81/><E66/><V53/><F112/><W2/><G43/><T78/><D122/><U79/><E57/><V68/><F100/><W64/><G64/><T98/><D29/><U120/><E120/><V42/><F74/><W63/><G63/><T99/><D46/><U16/><E35/><V133/><F133/><W113/><G113/><T76/><D76/><U59/><E59/><V54/><F18/><W34/><G92/><T28/><D28/><U48/><E48/><V56/><F68/><W72/><G26/><T38/><D38/><U24/><E15/><V30/><F30/><W0/><G121/><T125/><D125/><N who="3" m="47625" /><G77/><T40/><D40/><U49/><E49/><V83/><F42/><W73/><AGARI ba="0,0" hai="0,2,3,33,34,41,47,50,72,73,75" m="47625" machi="73" ten="50,3200,0" yaku="18,1,52,1" doraHai="45" who="3" fromWho="3" sc="235,-8,271,-16,247,-8,247,32" /><INIT seed="2,0,0,3,1,134" ten="227,255,239,279" oya="2" hai0="1,76,67,63,74,5,91,69,85,123,11,130,34" hai1="26,89,7,99,72,21,90,112,0,44,128,52,77" hai2="125,126,27,4,104,23,60,121,17,79,25,97,131" hai3="127,58,119,14,31,65,3,41,36,61,103,29,110"/><V122/><F79/><W111/><G3/><T18/><D123/><N who="2" m="47114" /><F97/><W96/><G119/><T53/><D130/><U37/><E112/><V43/><F104/><W120/><G120/><T118/><D118/><U49/><E128/><V45/><F131/><W38/><G14/><T98/><D34/><U116/><E116/><V80/><F80/><W8/><G8/><T42/><D98/><U82/><E37/><V73/><F73/><W87/><G87/><T95/><D42/><U101/><E7/><V109/><F43/><W33/><G41/><T64/><D64/><U129/><E0/><V68/><F68/><W132/><G33/><T84/><D53/><U133/><E133/><V40/><F60/><W105/><G29/><T15/><D74/><U108/><E108/><V19/><F45/><W75/><G111/><T124/><D76/><U71/><E71/><V51/><F51/><W57/><G110/><T78/><D78/><U54/><E54/><V46/><F4/><W48/><G38/><T113/><D113/><U22/><E129/><V55/><F55/><W70/><G70/><T88/><D91/><U50/><E50/><N who="2" m="26951" /><F109/><W12/><G48/><T20/><REACH who="0" step="1"/><D85/><REACH who="0" ten="217,255,239,279" step="2"/><U2/><E90/><V117/><F117/><W62/><G75/><T59/><D59/><U35/><E89/><V115/><F115/><W83/><G57/><T24/><D24/><U9/><E99/><V135/><F135/><W28/><G96/><T32/><D32/><U56/><E56/><V106/><F106/><W66/><G105/><T93/><D93/><U47/><E72/><V92/><F92/><RYUUKYOKU ba="0,1" sc="217,15,255,-15,239,15,279,-15" hai0="1,5,11,15,18,20,63,67,69,84,88,95,124" hai2="17,19,23,25,27,125,126" /><INIT seed="2,1,1,3,4,75" ten="232,240,254,264" oya="2" hai0="28,11,124,1,32,22,111,78,13,125,84,109,14" hai1="112,10,24,119,3,77,65,44,8,18,19,49,121" hai2="89,92,36,131,97,40,118,15,76,67,35,113,82" hai3="81,80,51,64,69,114,100,56,61,33,104,41,63"/><V4/><F113/><W43/><G114/><T117/><D117/><U134/><E112/><V53/><F118/><W126/><G33/><T6/><D84/><U42/><E119/><V94/><F35/><W116/><G126/><N who="0" m="48747" /><D78/><U68/><E134/><V129/><F67/><W5/><G5/><T133/><D133/><U71/><E121/><V27/><F27/><W132/><G132/><T7/><D7/><U103/><E3/><V54/><F92/><W46/><G116/><T34/><D34/><U45/><E103/><V70/><F70/><W23/><G41/><T47/><D47/><U48/><E65/><V135/><F135/><W9/><G9/><T122/><D122/><U123/><E24/><V58/><F36/><W128/><G23/><T20/><D32/><U107/><E123/><V0/><F40/><W38/><G128/><N who="2" m="49225" /><F0/><W17/><G38/><T21/><D28/><U127/><E127/><V98/><F97/><W79/><G17/><T115/><D115/><U50/><E42/><V120/><F120/><W16/><G16/><N who="1" m="6186" /><E8/><N who="2" m="4487" /><F58/><W91/><G69/><N who="1" m="26698" /><E10/><V101/><F101/><W57/><G100/><T39/><D39/><U96/><E96/><V93/><F93/><W73/><G64/><T108/><AGARI ba="1,1" hai="1,6,11,13,14,20,21,22,108,109,111" m="48747" machi="108" ten="40,8000,1" yaku="14,1,18,1,34,2" doraHai="75" who="0" fromWho="0" sc="232,93,240,-21,254,-41,264,-21" /><INIT seed="3,0,0,1,1,65" ten="325,219,213,243" oya="3" hai0="74,78,126,21,108,68,114,102,94,49,62,66,15" hai1="130,36,117,107,53,17,116,24,57,96,134,90,37" hai2="88,41,58,19,104,115,132,59,8,109,28,101,83" hai3="51,63,72,54,44,75,85,111,26,86,47,105,52"/><W97/><G111/><T98/><D108/><U6/><E6/><V35/><F115/><W118/><G118/><T131/><D126/><U113/><E113/><V48/><F109/><W30/><G105/><T55/><D131/><U64/><E64/><V82/><F132/><W127/><G127/><T34/><D34/><U16/><E134/><V32/><F101/><W5/><G5/><T56/><D114/><U124/><E124/><V119/><F104/><W43/><G97/><T22/><D74/><U122/><E122/><V100/><F100/><W14/><G14/><T84/><D78/><U67/><E67/><V40/><F28/><W45/><G63/><T95/><D84/><U13/><E24/><V73/><F19/><W18/><G18/><T25/><D15/><U3/><E3/><V135/><F8/><W60/><G60/><T29/><REACH who="0" step="1"/><D22/><REACH who="0" ten="315,219,213,243" step="2"/><N who="1" m="11535" /><E130/><V125/><F135/><W70/><G75/><T80/><D80/><U81/><E81/><V11/><F73/><W76/><G72/><T110/><D110/><U42/><E116/><V38/><F125/><W12/><G12/><T71/><D71/><U92/><E117/><V0/><F82/><W27/><G70/><T112/><D112/><U33/><E33/><V121/><F35/><W61/><G76/><T4/><D4/><U99/><E99/><V9/><F119/><W93/><G86/><T50/><D50/><U128/><E128/><V7/><F83/><W77/><G77/><T1/><D1/><U87/><E87/><V69/><F0/><W103/><G85/><T39/><D39/><U129/><E129/><RYUUKYOKU ba="0,1" sc="315,30,219,-10,213,-10,243,-10" hai0="21,25,29,49,55,56,62,66,68,94,95,98,102" /><INIT seed="4,1,1,5,5,2" ten="345,209,203,233" oya="0" hai0="27,5,43,22,89,118,79,100,72,8,60,19,33" hai1="68,56,113,86,61,73,108,71,83,7,106,48,32" hai2="94,134,85,53,88,114,47,50,40,54,77,55,119" hai3="17,39,127,129,81,23,107,16,31,62,103,34,102"/><T93/><D118/><U128/><E108/><V74/><F119/><W38/><G34/><T105/><D105/><U9/><E32/><V42/><F114/><W45/><G31/><T29/><D100/><U116/><E116/><V3/><F3/><W11/><G129/><T57/><D43/><U10/><E106/><V44/><F134/><W59/><G127/><T92/><D79/><U18/><E73/><V133/><F133/><W28/><G28/><T13/><D72/><U109/><E109/><V84/><F74/><W126/><G126/><T63/><D63/><U135/><E135/><V124/><F124/><W78/><G45/><T122/><D122/><U70/><E48/><V112/><F112/><W0/><G39/><T15/><REACH who="0" step="1"/><D89/><REACH who="0" ten="335,209,203,233" step="2"/><U51/><E61/><V1/><F40/><W25/><G107/><T104/><D104/><U95/><E113/><V91/><F77/><W20/><G103/><T12/><D12/><U41/><E41/><V123/><F1/><W125/><G102/><T46/><D46/><U115/><E115/><V64/><F123/><W26/><G125/><T76/><D76/><U82/><E128/><V97/><F47/><W21/><G0/><T58/><D58/><U35/><E68/><V49/><F44/><W90/><G90/><T75/><D75/><U130/><E71/><V65/><F42/><W101/><G101/><T111/><D111/><U69/><E70/><V66/><F91/><W96/><G59/><T30/><D30/><U24/><E69/><V14/><F14/><W87/><G62/><T67/><AGARI ba="1,2" hai="5,8,13,15,19,22,27,29,33,57,60,67,92,93" machi="67" ten="20,7800,0" yaku="1,1,0,1,7,1,52,1,53,0" doraHai="2" doraHaiUra="36" who="0" fromWho="0" sc="335,101,209,-27,203,-27,233,-27" /><INIT seed="4,2,0,2,2,64" ten="436,182,176,206" oya="0" hai0="53,36,57,3,74,32,61,40,87,54,85,135,8" hai1="118,98,26,113,93,23,70,121,122,50,99,51,123" hai2="102,45,56,65,129,1,4,78,108,115,72,21,114" hai3="124,31,76,96,11,17,119,58,41,133,101,88,7"/><T39/><D74/><U75/><E75/><V34/><F34/><W83/><G119/><T42/><D32/><U131/><E118/><V77/><F108/><W107/><G124/><T125/><D8/><U2/><E2/><V68/><F129/><W94/><G31/><T60/><D3/><U92/><E131/><V109/><F109/><W33/><G17/><T49/><D135/><U52/><E70/><V46/><F56/><W71/><G71/><T126/><D49/><U6/><E6/><V95/><F21/><W59/><G41/><T127/><D127/><U105/><E105/><V62/><F95/><W97/><G33/><T73/><D73/><U106/><E106/><V90/><F90/><W0/><G133/><T30/><D57/><U110/><E110/><V81/><F78/><W13/><REACH who="3" step="1"/><G0/><REACH who="3" ten="436,182,176,196" step="2"/><T9/><D30/><N who="1" m="17759" /><E123/><V37/><F1/><W104/><G104/><T16/><D9/><U18/><E18/><AGARI ba="2,1" hai="16,18,36,39,40,42,53,54,60,61,85,87,125,126" machi="18" ten="25,4800,0" yaku="22,2,54,1" doraHai="64" who="0" fromWho="1" sc="436,64,182,-54,176,0,196,0" /><INIT seed="4,3,0,3,4,23" ten="500,128,176,196" oya="0" hai0="60,12,71,68,82,133,117,10,78,123,51,35,70" hai1="116,65,120,11,87,18,66,44,43,114,15,56,130" hai2="55,122,48,0,39,22,14,47,50,69,110,58,119" hai3="67,49,106,6,20,129,127,86,105,93,37,108,34"/><T32/><D123/><U52/><E120/><V38/><F0/><W62/><G34/><T103/><D117/><U63/><E116/><V59/><F14/><W30/><G37/><N who="2" m="13833" /><F22/><W112/><G6/><T99/><D133/><U57/><E130/><V27/><F27/><W5/><G49/><T92/><D51/><N who="1" m="27039" /><E114/><V13/><F13/><W125/><G5/><T2/><D60/><N who="1" m="38031" /><E87/><V42/><F122/><W21/><G86/><T126/><D126/><U102/><E102/><V29/><F29/><W77/><G30/><T53/><D53/><AGARI ba="3,0" hai="11,15,18,52,53,56,63,66" m="38031,27039" machi="53" ten="30,2000,0" yaku="8,1,54,1" doraHai="23" who="1" fromWho="0" sc="500,-29,128,29,176,0,196,0" /><INIT seed="5,0,0,4,5,85" ten="471,157,176,196" oya="1" hai0="44,133,16,36,119,25,43,59,113,79,64,24,107" hai1="23,66,56,38,68,33,58,0,92,134,80,4,26" hai2="73,31,95,120,22,110,55,101,97,82,32,98,126" hai3="124,78,15,91,111,34,5,96,11,29,10,108,30"/><U39/><E33/><V116/><F32/><W28/><G78/><T90/><D119/><U132/><E68/><V62/><F116/><W3/><G96/><T70/><D113/><U57/><E66/><V123/><F110/><W27/><G91/><T104/><D70/><U8/><E80/><V130/><F130/><W99/><G99/><T109/><D109/><N who="3" m="42057" /><G124/><T61/><D133/><N who="1" m="51307" /><E92/><V102/><F126/><W72/><G72/><T60/><D79/><U7/><E7/><AGARI ba="0,0" hai="3,5,7,10,11,15,27,28,29,30,34" m="42057" machi="7" ten="30,2000,0" yaku="34,2" doraHai="85" who="3" fromWho="1" sc="471,0,157,-20,176,0,196,20" /><INIT seed="6,0,0,2,4,31" ten="471,137,176,216" oya="2" hai0="106,66,91,134,17,0,36,76,63,133,131,65,21" hai1="109,62,14,20,92,116,7,86,45,16,44,9,58" hai2="57,68,40,47,89,59,112,34,115,98,32,30,97" hai3="67,83,123,94,12,33,37,87,27,1,18,5,19"/><V77/><F68/><W120/><G37/><T129/><D36/><U82/><E109/><V105/><F77/><W75/><G75/><T71/><D0/><U61/><E92/><N who="2" m="56463" /><F30/><W3/><G67/><T81/><D91/><U39/><E116/><V84/><F84/><W26/><G94/><T55/><D55/><U48/><E39/><V23/><F23/><W93/><G93/><T4/><D4/><U73/><E73/><V90/><F90/><W42/><G42/><T54/><D54/><U6/><E6/><V135/><F135/><N who="0" m="51722" /><D65/><U69/><E69/><V124/><F124/><W114/><G12/><N who="0" m="9383" /><D106/><U119/><E119/><V72/><F40/><W80/><G5/><T38/><D38/><U25/><E58/><N who="2" m="22027" /><F47/><N who="1" m="17993" /><E48/><V56/><F56/><W85/><G1/><T70/><D70/><U13/><E13/><V52/><F52/><W99/><G3/><T130/><D130/><U110/><E110/><V104/><F104/><W49/><G49/><T78/><D78/><AGARI ba="0,0" hai="7,9,14,16,20,25,61,62,78,82,86" m="17993" machi="78" ten="30,2000,0" yaku="8,1,54,1" doraHai="31" who="1" fromWho="0" sc="471,-20,137,20,176,0,216,0" /><INIT seed="7,0,0,4,3,120" ten="451,157,176,216" oya="3" hai0="125,77,116,20,61,41,82,66,19,37,67,76,106" hai1="31,52,117,46,65,27,129,47,133,39,9,98,36" hai2="108,100,14,23,15,13,124,42,25,99,71,86,24" hai3="80,105,119,101,57,21,134,12,28,55,8,110,96"/><W50/><G119/><T53/><D106/><U48/><E117/><V58/><F108/><W38/><G38/><T130/><D125/><U102/><E133/><V90/><F71/><W94/><G80/><T6/><D6/><U92/><E129/><V10/><F124/><W45/><G134/><T127/><D130/><U30/><E65/><V40/><F58/><W5/><G110/><T75/><D41/><N who="2" m="15978" /><F99/><W135/><G135/><T128/><D76/><U68/><E68/><V113/><F100/><W62/><G105/><T51/><D61/><U32/><E31/><N who="2" m="17823" /><F25/><W35/><G35/><T44/><D82/><U1/><REACH who="1" step="1"/><E47/><REACH who="1" ten="451,147,176,216" step="2"/><V69/><F69/><W81/><G28/><T104/><D44/><U118/><E118/><V11/><F113/><W63/><G45/><T34/><D116/><U56/><E56/><V33/><F33/><W89/><G57/><T88/><D34/><U83/><E83/><AGARI ba="0,1" hai="10,11,13,14,15,83,86,90" m="17823,15978" machi="83" ten="30,1000,0" yaku="8,1" doraHai="120" who="2" fromWho="1" sc="451,0,147,-10,176,20,216,0" owari="451,54.0,137,-36.0,196,-20.0,216,2.0" /></mjloggm>