<mjloggm ver="2.3"><GO type="169" lobby="0"/><UN n0="%73%65%61%73%74%6F%72%79" n1="%E2%80%A0%E6%B0%B4%E9%8A%80%E7%87%88%E2%80%A0" n2="%E6%81%A9%E7%94%B0%E5%B8%8C" n3="%E5%8D%83%E7%BE%BD%E9%B4%89" dan="16,16,16,17" rate="2075.60,2160.25,2107.59,2224.91" sx="M,F,F,F"/><TAIKYOKU oya="0"/><INIT seed="0,0,0,4,1,90" ten="250,250,250,250" oya="0" hai0="100,64,25,119,74,70,43,3,135,9,31,132,123" hai1="107,104,21,73,66,80,29,126,109,40,1,89,93" hai2="63,15,87,35,12,105,24,65,14,83,91,57,10" hai3="13,113,39,117,58,41,50,23,85,86,2,115,77"/><T78/><D123/><U45/><E1/><V84/><F105/><W8/><G117/><T48/><D119/><U32/><E32/><V36/><F36/><W4/><G39/><T42/><D100/><U130/><E109/><V59/><F59/><W18/><G58/><T34/><D78/><U61/><E130/><V101/><F101/><W92/><G92/><T72/><D64/><U108/><E126/><V38/><F38/><W16/><G18/><T26/><D70/><U134/><E134/><N who="0" m="51241" /><D26/><U37/><E108/><V128/><F128/><W7/><G7/><N who="0" m="1279" /><D48/><U99/><E29/><V19/><F35/><W6/><G6/><T62/><D62/><U106/><E21/><N who="2" m="13375" /><F84/><W114/><REACH who="3" step="1"/><G77/><REACH who="3" ten="250,250,250,240" step="2"/><T129/><D129/><U88/><E73/><AGARI ba="0,1" hai="25,31,34,42,43,72,73,74" m="1279,51241" machi="73" ten="30,1500,0" yaku="20,1" doraHai="90" who="0" fromWho="1" sc="250,25,250,-15,250,0,240,0" /><INIT seed="0,1,0,0,3,16" ten="275,235,250,240" oya="0" hai0="64,80,21,31,100,51,75,39,125,29,81,102,49" hai1="28,123,72,68,17,63,104,94,65,130,119,4,61" hai2="27,34,43,1,121,95,105,103,3,66,79,69,15" hai3="97,84,52,10,113,18,133,93,57,62,36,108,101"/><T129/><D39/><U110/><E119/><V96/><F121/><W106/><G36/><T25/><D129/><U0/><E104/><V42/><F79/><W124/><G108/><T132/><D125/><U122/><E72/><V35/><F35/><W47/><G124/><T109/><D132/><U32/><E110/><V60/><F95/><W54/><G133/><T67/><D109/><U91/><E130/><V74/><F74/><W118/><G113/><T83/><D75/><U120/><E4/><V82/><F82/><W112/><G112/><T126/><D126/><U7/><E7/><V11/><F15/><N who="3" m="7543" /><G106/><T6/><D6/><U85/><E0/><N who="2" m="75" /><F11/><W99/><G118/><T90/><D90/><U59/><E28/><AGARI ba="1,0" hai="27,28,34,42,43,60,66,69,96,103,105" m="75" machi="28" ten="30,1000,0" yaku="25,1" doraHai="16" who="2" fromWho="1" sc="275,0,235,-13,250,13,240,0" /><INIT seed="1,0,0,4,0,54" ten="275,222,263,240" oya="1" hai0="8,87,132,95,60,9,131,24,42,7,107,105,86" hai1="123,93,79,84,92,130,135,47,94,11,75,56,44" hai2="37,111,43,65,53,108,121,5,128,57,50,103,17" hai3="101,27,15,25,122,10,38,6,127,55,77,99,76"/><U113/><E113/><V32/><F5/><W41/><G127/><T73/><D73/><U134/><E123/><V34/><F17/><W68/><G68/><T98/><D132/><N who="1" m="50731" /><E130/><V40/><F103/><W109/><G109/><N who="2" m="42057" /><F121/><W46/><G122/><T20/><D131/><U48/><E75/><V1/><F1/><W115/><G115/><T71/><D42/><N who="2" m="15914" /><F128/><W64/><G64/><T31/><D107/><U33/><E33/><N who="2" m="12907" /><F65/><W52/><G27/><T35/><D105/><U80/><E11/><V12/><F12/><W114/><G25/><T129/><D35/><U91/><E79/><V85/><F85/><W21/><G21/><T126/><D126/><U29/><E29/><V19/><F19/><W124/><G124/><T16/><D129/><U4/><E4/><V112/><F112/><W14/><G114/><T22/><D71/><U118/><E118/><V39/><AGARI ba="0,0" hai="37,39,50,53,57" m="12907,15914,42057" machi="39" ten="40,2700,0" yaku="14,1,52,1" doraHai="54" who="2" fromWho="2" sc="275,-7,222,-13,263,27,240,-7" /><INIT seed="2,0,0,4,1,35" ten="268,209,290,233" oya="2" hai0="41,69,0,9,10,115,14,58,128,123,96,105,109" hai1="26,45,80,52,126,110,107,77,81,55,12,42,70" hai2="60,51,43,124,38,93,48,89,87,75,67,7,72" hai3="33,100,85,1,56,131,37,132,20,82,122,63,17"/><V101/><F124/><W18/><G122/><T102/><D123/><U78/><E70/><V24/><F38/><W103/><G33/><T16/><D115/><U59/><E107/><V117/><F117/><W54/><G132/><T91/><D69/><U135/><E135/><V22/><F101/><W25/><G37/><T30/><D30/><U49/><E110/><V79/><F7/><W68/><G131/><T66/><D109/><U94/><E126/><V50/><F79/><W127/><G127/><T125/><D125/><U19/><E26/><V65/><F43/><W13/><G1/><T6/><D41/><U39/><E94/><V8/><F8/><W23/><REACH who="3" step="1"/><G68/><REACH who="3" ten="268,209,290,223" step="2"/><T34/><D34/><U28/><E28/><V4/><F67/><W61/><G61/><T46/><D128/><U134/><E134/><V112/><F65/><W92/><G92/><T119/><D119/><U3/><E3/><V113/><F60/><W97/><G97/><T84/><D66/><U15/><E55/><V31/><REACH who="2" step="1"/><F4/><REACH who="2" ten="268,209,280,223" step="2"/><W116/><G116/><T64/><D64/><U36/><E36/><V29/><F29/><W99/><G99/><T40/><D6/><U111/><E111/><V73/><AGARI ba="0,2" hai="22,24,31,48,50,51,72,73,75,87,89,93,112,113" machi="73" ten="40,7800,0" yaku="1,1,0,1,53,1" doraHai="35" doraHaiUra="88" who="2" fromWho="2" sc="268,-26,209,-26,280,98,223,-26" /><INIT seed="2,1,0,3,4,1" ten="242,183,378,197" oya="2" hai0="114,76,84,23,122,129,130,60,39,105,111,15,21" hai1="86,58,120,124,118,132,107,78,50,17,102,79,128" hai2="116,110,126,49,123,96,99,24,56,101,12,109,54" hai3="5,93,66,35,41,16,55,18,57,32,27,47,87"/><V4/><F123/><W113/><G66/><T34/><D122/><U8/><E120/><V103/><F116/><W68/><G68/><T71/><D114/><U70/><E70/><V108/><F24/><W36/><G113/><T74/><D105/><U48/><E118/><V10/><F126/><W29/><G32/><T62/><D39/><U9/><E124/><V63/><REACH who="2" step="1"/><F49/><REACH who="2" ten="242,183,368,197" step="2"/><W83/><G27/><T53/><D130/><U7/><E48/><V115/><F115/><W51/><G51/><T43/><D129/><U31/><E50/><V88/><F88/><W61/><G36/><T20/><D76/><U95/><E79/><V89/><F89/><W100/><G100/><AGARI ba="1,1" hai="4,10,12,54,56,63,96,99,100,101,103,108,109,110" machi="100" ten="40,12000,1" yaku="1,1,14,1,10,1,52,1,53,0" doraHai="1" doraHaiUra="90" who="2" fromWho="3" sc="242,0,183,0,368,133,197,-123" /><INIT seed="2,2,0,2,1,118" ten="242,183,501,74" oya="2" hai0="21,33,89,72,38,24,29,86,53,69,101,125,4" hai1="20,35,104,23,14,13,8,7,62,79,107,88,129" hai2="41,82,3,73,122,61,83,87,112,76,50,71,120" hai3="126,30,15,64,6,12,70,121,111,116,55,57,113"/><V2/><F112/><W77/><G116/><T34/><D72/><U59/><E35/><V75/><F75/><W32/><G113/><T103/><D69/><U100/><E129/><V22/><F2/><W127/><G111/><T93/><D38/><U18/><E79/><V27/><F3/><W131/><G131/><T134/><D125/><N who="3" m="47625" /><G6/><T37/><D37/><U16/><E100/><V36/><F36/><W117/><G117/><T106/><D134/><U124/><E88/><V119/><F119/><W17/><G77/><T51/><D4/><U63/><E124/><V31/><F83/><W11/><G12/><T102/><REACH who="0" step="1"/><D106/><REACH who="0" ten="232,183,501,74" step="2"/><U105/><REACH who="1" step="1"/><E59/><AGARI ba="2,1" hai="21,24,29,33,34,51,53,59,86,89,93,101,102,103" machi="59" ten="40,5200,0" yaku="1,1,2,1,53,1" doraHai="118" doraHaiUra="26" who="0" fromWho="1" sc="232,68,183,-58,501,0,74,0" /><INIT seed="3,0,0,5,0,60" ten="300,125,501,74" oya="3" hai0="8,20,85,50,113,33,107,56,129,45,124,16,68" hai1="131,83,21,87,74,119,66,90,10,34,114,123,23" hai2="41,121,2,116,118,96,98,0,6,18,128,133,79" hai3="46,112,126,71,26,14,31,25,100,24,15,70,127"/><W69/><G31/><T72/><D72/><U19/><E123/><V75/><F121/><W88/><G100/><T59/><D68/><U27/><E114/><V48/><F18/><W64/><G112/><T93/><D113/><U52/><E131/><V39/><F48/><W30/><G30/><T9/><D33/><U61/><E119/><V92/><F0/><W122/><G122/><T101/><D107/><U42/><E42/><V28/><F28/><W35/><G35/><T125/><D129/><U132/><E132/><V32/><F96/><W91/><G64/><T44/><D101/><U94/><E34/><V43/><F43/><W5/><G46/><N who="0" m="18027" /><D93/><U67/><E10/><N who="0" m="4201" /><D85/><N who="1" m="52559" /><E23/><V13/><F39/><W49/><G49/><T95/><D95/><U73/><E73/><V104/><F2/><W55/><G55/><T57/><D50/><U1/><E74/><V134/><F75/><W106/><G106/><T117/><D117/><U77/><E1/><V65/><F41/><W51/><G51/><T4/><D4/><U99/><E99/><V3/><F104/><W115/><G115/><T38/><D38/><U110/><E110/><V17/><F3/><W86/><G5/><T11/><D11/><U78/><E77/><V130/><F6/><W111/><G111/><T76/><D76/><U47/><E47/><V97/><F32/><W103/><G103/><T29/><D29/><U81/><E81/><V84/><F128/><W89/><G86/><T36/><D36/><U102/><E102/><N who="2" m="60711" /><F130/><W53/><G53/><T37/><D37/><U109/><E109/><V54/><F116/><RYUUKYOKU ba="0,0" sc="300,10,125,10,501,-30,74,10" hai0="16,20,56,57,59,124,125" hai1="19,21,27,52,61,66,67,78,83,87" hai3="14,15,24,25,26,69,70,71,88,89,91,126,127" /><INIT seed="3,1,0,5,4,64" ten="310,135,471,84" oya="3" hai0="43,87,37,53,22,73,75,74,20,18,121,86,62" hai1="16,102,78,36,8,42,133,128,12,61,48,101,99" hai2="97,25,95,124,103,126,82,45,131,9,123,71,46" hai3="29,34,30,125,21,85,113,32,7,134,4,68,35"/><W84/><G113/><T28/><D121/><U127/><E36/><V77/><F131/><W14/><G68/><T6/><D6/><N who="3" m="2089" /><G84/><T100/><D100/><U47/><E128/><V41/><F71/><W54/><G54/><T49/><D28/><N who="3" m="10857" /><G85/><T1/><D1/><U93/><E133/><V58/><F58/><W107/><G107/><T118/><D20/><U11/><E127/><V117/><F41/><W65/><G65/><T109/><D118/><U81/><E8/><V57/><F57/><W132/><G125/><T116/><D116/><U130/><E130/><V26/><F82/><W13/><G21/><T31/><D62/><U129/><E129/><V2/><F77/><W76/><G76/><T60/><D60/><U111/><E61/><V114/><F114/><W110/><G110/><T51/><D109/><U108/><REACH who="1" step="1"/><E102/><REACH who="1" ten="310,125,471,84" step="2"/><V115/><F103/><W88/><G88/><T92/><D37/><U120/><E120/><V135/><F123/><W98/><G98/><T23/><D43/><U89/><E89/><V94/><F115/><W90/><G90/><T39/><D39/><U70/><E70/><V55/><F97/><W5/><N who="3" m="2097" /><W56/><DORA hai="83" /><G56/><T72/><D92/><U67/><E67/><V10/><F117/><W79/><G79/><T66/><D66/><U15/><E15/><AGARI ba="1,1" hai="13,14,15,32,34,35,132,134" m="10857,2097" machi="15" ten="50,12000,1" yaku="28,2,34,2" doraHai="64,83" who="3" fromWho="1" sc="310,0,125,-123,471,0,84,133" /><INIT seed="3,2,0,5,1,85" ten="310,2,471,217" oya="3" hai0="22,50,135,128,43,13,47,110,122,104,17,120,98" hai1="113,51,91,2,107,121,105,77,65,133,46,49,84" hai2="82,53,94,102,7,66,38,59,125,11,127,4,116" hai3="108,97,36,37,40,86,99,95,9,54,75,70,134"/><W10/><G75/><T8/><D135/><U33/><E121/><V89/><F38/><W6/><G70/><T103/><D128/><U26/><E113/><V62/><F116/><W72/><G72/><T63/><D110/><U28/><E2/><V18/><F102/><W52/><G86/><T5/><REACH who="0" step="1"/><D63/><REACH who="0" ten="300,2,471,217" step="2"/><U24/><E133/><V79/><F62/><W131/><G134/><T90/><D90/><U44/><E77/><V14/><F89/><W123/><G108/><T67/><D67/><U48/><E65/><V71/><F66/><W20/><G131/><T12/><AGARI ba="2,1" hai="5,8,12,13,17,22,43,47,50,98,103,104,120,122" machi="12" ten="20,2700,0" yaku="1,1,0,1,7,1,53,0" doraHai="85" doraHaiUra="109" who="0" fromWho="0" sc="300,43,2,-9,471,-9,217,-15" owari="343,14.0,-7,-51.0,462,57.0,202,-20.0" /></mjloggm>