<mjloggm ver="2.3"><GO type="169" lobby="0"/><UN n0="%E5%85%AD%E9%83%A8%E5%9C%AD" n1="%E6%9C%A8%E6%BC%8F%E3%82%8C%E6%97%A5" n2="%E3%81%BF%E3%81%A3%E3%81%8D%E3%83%BC" n3="%72%52%66%44%79%55%66" dan="16,17,17,16" rate="2100.60,2196.32,2204.08,2111.82" sx="M,M,M,M"/><TAIKYOKU oya="0"/><INIT seed="0,0,0,2,1,123" ten="250,250,250,250" oya="0" hai0="15,65,125,62,40,2,132,121,95,12,41,83,7" hai1="108,126,106,117,17,96,114,60,39,4,72,59,11" hai2="98,124,43,97,27,53,92,49,64,29,16,120,115" hai3="70,130,22,110,74,24,18,94,102,0,69,54,82"/><T109/><D121/><U58/><E117/><V112/><F120/><W37/><G0/><T5/><D132/><U35/><E39/><V61/><F43/><W134/><G130/><T105/><D105/><U131/><E72/><V3/><F3/><W135/><G37/><T89/><D125/><U36/><E36/><V46/><F124/><W100/><G110/><T51/><D83/><U50/><E35/><V88/><F97/><N who="3" m="59447" /><G102/><T77/><D77/><U6/><E108/><V8/><F29/><W67/><G67/><T118/><D118/><U34/><E126/><V19/><F19/><W111/><G111/><T14/><D109/><U63/><E17/><V116/><F116/><W56/><G82/><T20/><D20/><U91/><E34/><V79/><F79/><W85/><G85/><T133/><D133/><N who="3" m="50697" /><G74/><T26/><D2/><U122/><E122/><V23/><REACH who="2" step="1"/><F8/><REACH who="2" ten="250,250,240,250" step="2"/><W10/><G10/><T73/><D41/><U101/><E11/><V45/><F45/><W113/><G113/><T87/><D40/><U129/><E114/><V68/><AGARI ba="0,1" hai="16,23,27,46,49,53,61,64,68,88,92,98,112,115" machi="68" ten="20,8000,1" yaku="1,1,0,1,7,1,54,2,53,0" doraHai="123" doraHaiUra="119" who="2" fromWho="2" sc="250,-40,250,-20,240,90,250,-20" /><INIT seed="1,0,0,1,0,62" ten="210,230,330,230" oya="1" hai0="129,100,37,18,133,77,91,125,36,89,113,22,9" hai1="7,54,80,126,116,32,103,0,11,127,40,56,5" hai2="64,88,16,84,83,120,104,95,39,74,114,55,93" hai3="81,31,69,121,68,82,13,75,44,50,123,59,115"/><U61/><E116/><V20/><F120/><W132/><G115/><T63/><D113/><U35/><E103/><V25/><F114/><W106/><G106/><T85/><D100/><U70/><E7/><V14/><F39/><W27/><G132/><T58/><D133/><U6/><E6/><V101/><F104/><W119/><G119/><T48/><D129/><U118/><E118/><V57/><F74/><W65/><G13/><T117/><D117/><U2/><E2/><V97/><F64/><W94/><G94/><T110/><D77/><U131/><E131/><V38/><F38/><W79/><G82/><T17/><D48/><U108/><E40/><V10/><F83/><W124/><G124/><N who="1" m="47658" /><E80/><V105/><F105/><W134/><G134/><T73/><D73/><U135/><E135/><V21/><REACH who="2" step="1"/><F25/><REACH who="2" ten="210,230,320,230" step="2"/><W109/><G121/><T111/><D125/><U86/><E70/><V42/><F42/><W49/><G123/><T34/><D37/><U78/><E108/><V102/><F102/><W3/><G109/><T60/><D36/><U130/><E130/><V30/><F30/><W47/><G31/><T33/><D111/><U53/><E53/><V66/><F66/><W28/><G28/><T4/><D110/><U112/><E112/><V12/><F12/><W67/><G27/><T76/><D33/><U96/><E35/><V90/><F90/><W19/><G68/><T122/><D91/><U99/><E32/><V1/><F1/><W92/><G3/><N who="0" m="159" /><D34/><U72/><E72/><V43/><F43/><W46/><G75/><T128/><D122/><U51/><E51/><AGARI ba="0,1" hai="10,14,16,20,21,51,55,57,84,88,93,95,97,101" machi="51" ten="30,12000,2" yaku="1,1,6,1,7,1,8,1,54,2,53,1" doraHai="62" doraHaiUra="52" who="2" fromWho="1" sc="210,0,230,-120,320,130,230,0" /><INIT seed="2,0,0,0,2,92" ten="210,110,450,230" oya="2" hai0="44,110,84,55,41,16,107,67,124,135,76,2,82" hai1="111,91,8,50,69,71,52,106,130,43,31,7,15" hai2="24,21,74,0,6,120,62,126,97,37,131,93,128" hai3="36,94,26,118,53,121,102,30,63,114,22,99,98"/><V32/><F120/><W104/><G118/><T28/><D2/><U39/><E111/><V95/><F37/><W125/><G121/><T68/><D28/><U90/><E130/><V60/><F74/><W19/><G125/><T49/><D107/><U54/><E106/><V38/><F38/><W10/><G36/><T132/><D110/><U88/><E31/><V112/><F32/><W77/><G114/><T17/><D124/><U79/><E79/><V35/><F35/><W122/><G122/><T87/><D87/><U29/><E29/><V12/><F0/><W113/><G113/><T33/><D33/><U129/><E129/><V116/><F116/><W47/><G77/><T48/><D67/><U59/><REACH who="1" step="1"/><E54/><REACH who="1" ten="210,100,450,230" step="2"/><V42/><F112/><W103/><G30/><T117/><D117/><U51/><E51/><V73/><F126/><W27/><G63/><T14/><D48/><U75/><E75/><V89/><F73/><W20/><G53/><T13/><D55/><U40/><E40/><V25/><F128/><W83/><G104/><T109/><D109/><U85/><E85/><V1/><F131/><W133/><G133/><N who="0" m="51275" /><D68/><U11/><E11/><N who="2" m="2511" /><F42/><W64/><G10/><T61/><D61/><U81/><E81/><V4/><F60/><W46/><G83/><T108/><D108/><U134/><E134/><V72/><F62/><W56/><G64/><T65/><D65/><U9/><E9/><N who="2" m="4135" /><F72/><W66/><G66/><T18/><AGARI ba="0,1" hai="13,14,16,17,18,41,44,49,76,82,84" m="51275" machi="18" ten="30,2000,0" yaku="20,1,54,1" doraHai="92" who="0" fromWho="0" sc="210,30,100,-5,450,-10,230,-5" /><INIT seed="3,0,0,5,1,24" ten="240,95,440,225" oya="3" hai0="46,73,89,100,67,65,126,26,81,6,124,58,33" hai1="1,71,7,62,20,55,25,103,94,84,69,27,45" hai2="4,36,80,8,13,119,60,117,52,3,96,75,118" hai3="34,41,125,114,66,72,115,59,134,77,85,120,74"/><W132/><G34/><T19/><D6/><U78/><E27/><V68/><F36/><W51/><G85/><T101/><D46/><U49/><E1/><V130/><F130/><W17/><G17/><T95/><D81/><U111/><E7/><V86/><F75/><N who="3" m="28715" /><G77/><T87/><D73/><U102/><E111/><V122/><F122/><W50/><G120/><T97/><D100/><U43/><E71/><V93/><F3/><W70/><G70/><T90/><D90/><U107/><E107/><V11/><F11/><W61/><G125/><N who="0" m="48235" /><D58/><U31/><E69/><V82/><F68/><W116/><G116/><T121/><D121/><U35/><E35/><V38/><F38/><W135/><G41/><T63/><D63/><U29/><E29/><V79/><F80/><W99/><G99/><T129/><D129/><U5/><E5/><V128/><F128/><W10/><G10/><T106/><D19/><U113/><E113/><AGARI ba="0,0" hai="50,51,59,61,66,113,114,115,132,134,135" m="28715" machi="113" ten="40,2000,0" yaku="20,1" doraHai="24" who="3" fromWho="1" sc="240,0,95,-20,440,0,225,20" /><INIT seed="3,1,0,4,1,81" ten="240,75,440,245" oya="3" hai0="109,57,1,72,3,42,120,101,135,78,60,26,11" hai1="16,96,43,107,53,117,100,52,93,94,130,122,89" hai2="0,68,7,110,127,106,13,115,79,91,27,6,25" hai3="132,86,108,82,40,35,131,133,39,51,54,92,30"/><W63/><G131/><T88/><D120/><U36/><E122/><V14/><F68/><W129/><G129/><T73/><D101/><U111/><E130/><V124/><F106/><W23/><G35/><T123/><D123/><U56/><E111/><V118/><F79/><W112/><G112/><T103/><D109/><U31/><E117/><V10/><F91/><W80/><G108/><T28/><D103/><U48/><E31/><V19/><F110/><W83/><G63/><T67/><D42/><U8/><E36/><V59/><F59/><W21/><G40/><T121/><D135/><N who="3" m="51785" /><G39/><T116/><D116/><U95/><E43/><V62/><F62/><W114/><G114/><T76/><D76/><U46/><E53/><V29/><F115/><W71/><G30/><T41/><D41/><U75/><E75/><V22/><F118/><W49/><G71/><T24/><D121/><U33/><E33/><N who="2" m="20655" /><F6/><W105/><G105/><T64/><D78/><U102/><E102/><V74/><F74/><W18/><G23/><T69/><D60/><U90/><REACH who="1" step="1"/><E56/><REACH who="1" ten="240,65,440,245" step="2"/><V98/><F124/><W38/><G54/><T84/><D57/><U47/><E47/><V45/><F45/><W134/><G38/><T20/><D72/><U125/><E125/><V97/><F127/><W113/><G134/><T2/><D73/><U34/><E34/><V32/><F32/><W119/><G119/><T66/><D69/><U17/><E17/><V5/><F7/><W4/><G4/><T50/><D67/><U37/><E37/><V61/><F5/><W85/><G113/><T128/><D128/><RYUUKYOKU ba="1,1" sc="240,-10,65,30,440,-10,245,-10" hai1="8,16,46,48,52,89,90,93,94,95,96,100,107" /><INIT seed="4,2,1,1,1,104" ten="230,95,430,235" oya="0" hai0="11,39,114,66,128,108,22,32,109,23,101,97,3" hai1="7,46,10,115,77,29,132,88,123,55,9,62,53" hai2="125,12,92,68,119,26,130,44,60,64,19,122,117" hai3="86,57,63,93,110,78,116,72,113,35,91,4,47"/><T102/><D32/><U31/><E123/><V56/><F122/><W100/><G110/><N who="0" m="42603" /><D39/><U1/><E132/><V70/><F125/><W50/><G113/><T51/><D114/><U131/><E115/><V82/><F130/><W33/><G116/><N who="2" m="44617" /><F26/><W8/><G100/><T65/><D128/><U105/><E105/><V28/><F28/><W73/><G78/><T45/><D3/><U49/><E131/><V27/><F27/><W124/><G124/><T103/><D11/><U54/><E77/><V48/><F92/><W133/><G133/><T41/><D97/><U0/><E62/><V2/><F82/><W52/><G35/><T121/><D121/><U81/><E31/><V69/><F2/><W79/><G79/><T34/><D34/><U134/><E29/><V43/><F12/><W20/><G20/><AGARI ba="2,1" hai="20,22,23,41,45,51,65,66,101,102,103" m="42603" machi="20" ten="30,1500,0" yaku="10,1" doraHai="104" who="0" fromWho="3" sc="230,31,95,0,430,0,235,-21" /><INIT seed="4,3,0,2,0,107" ten="261,95,430,214" oya="0" hai0="62,50,63,47,61,115,23,101,114,103,121,69,87" hai1="70,44,51,17,83,38,33,78,52,113,41,90,27" hai2="127,99,129,100,122,104,45,30,124,10,15,98,18" hai3="67,2,133,56,79,39,13,123,96,58,21,118,34"/><T40/><D121/><U125/><E70/><V5/><F122/><W25/><G133/><T102/><D69/><U4/><E125/><N who="2" m="48203" /><F129/><W80/><G118/><T95/><D23/><U65/><E65/><V37/><F30/><W93/><G123/><T117/><D117/><U3/><E113/><N who="0" m="43017" /><D87/><U68/><E68/><V31/><F31/><W57/><G2/><T81/><D81/><U126/><E126/><V74/><F74/><W49/><G39/><T60/><N who="0" m="15360" /><DORA hai="29" /><T73/><D95/><U135/><E135/><V75/><F75/><AGARI ba="3,0" hai="40,47,50,73,75,101,102,103" m="15360,43017" machi="75" ten="50,9600,0" yaku="15,1,52,2" doraHai="107,29" who="0" fromWho="2" sc="261,105,95,0,430,-105,214,0" /><INIT seed="4,4,0,3,0,64" ten="366,95,325,214" oya="0" hai0="28,23,55,22,46,53,92,41,36,118,25,105,62" hai1="57,102,5,91,56,88,8,132,21,86,15,74,108" hai2="49,117,31,51,95,90,87,0,35,72,33,50,126" hai3="70,19,17,65,69,128,78,43,130,40,73,114,24"/><T7/><D105/><U76/><E108/><V134/><F0/><W34/><G65/><T27/><D118/><U10/><E132/><V13/><F72/><W110/><G110/><T77/><D7/><U135/><E135/><V39/><F39/><W79/><G24/><T93/><D77/><N who="3" m="29193" /><G34/><T44/><D53/><U121/><E121/><V68/><F134/><W37/><G37/><T18/><D62/><U100/><E74/><V127/><F117/><W26/><G26/><T101/><D101/><N who="1" m="39019" /><E10/><V9/><F31/><W123/><G73/><T99/><D99/><U6/><E6/><V82/><F82/><W112/><G123/><T115/><D115/><N who="3" m="44073" /><G17/><T120/><D120/><U59/><E21/><V94/><F94/><W3/><G19/><T52/><D36/><U119/><E119/><V75/><F75/><W29/><G29/><T81/><D28/><U32/><E32/><V103/><F35/><W84/><G84/><T12/><D18/><U111/><E111/><V98/><F33/><W63/><G63/><T47/><D47/><U16/><E5/><V4/><F68/><N who="3" m="26219" /><G3/><T129/><D25/><U11/><E11/><V106/><AGARI ba="4,0" hai="4,9,13,49,50,51,87,90,95,98,103,106,126,127" machi="106" ten="30,1100,0" yaku="0,1" doraHai="64" who="2" fromWho="2" sc="366,-9,95,-7,325,23,214,-7" /><INIT seed="5,0,0,4,4,12" ten="357,88,348,207" oya="1" hai0="97,26,8,130,99,40,23,81,72,58,56,93,121" hai1="33,87,92,61,20,125,28,64,39,88,82,103,38" hai2="3,54,79,48,18,57,7,86,90,29,123,62,37" hai3="108,35,115,5,94,31,45,126,68,71,65,44,113"/><U52/><E33/><V66/><F123/><W116/><G108/><T105/><D121/><U77/><E125/><V4/><F37/><W84/><G126/><T129/><D40/><U53/><E103/><V78/><F29/><W95/><G5/><N who="2" m="2121" /><F3/><W133/><G133/><T131/><D8/><U89/><E39/><V76/><F18/><W51/><G116/><T43/><D43/><U117/><E38/><V69/><F69/><N who="3" m="26699" /><G65/><T41/><D41/><U16/><E28/><V50/><F66/><W14/><G14/><T22/><D105/><U128/><E128/><V127/><F127/><W49/><G31/><T124/><D124/><U100/><E100/><V47/><F47/><N who="3" m="17995" /><G35/><T55/><D22/><U106/><E106/><V2/><F2/><W21/><G21/><T59/><D55/><N who="1" m="21067" /><E117/><V114/><F114/><N who="3" m="43531" /><G84/><T132/><D132/><U83/><E77/><V25/><F25/><W120/><G120/><T1/><D1/><U67/><E61/><V63/><F62/><W17/><G17/><N who="0" m="12655" /><D93/><AGARI ba="0,0" hai="48,50,54,57,63,76,78,79,86,90,93" m="2121" machi="93" ten="30,1000,0" yaku="8,1" doraHai="12" who="2" fromWho="0" sc="357,-10,88,0,348,10,207,0" /><AGARI ba="0,0" hai="49,51,93,94,95" m="43531,17995,26699" machi="93" ten="40,5200,0" yaku="28,2,15,1" doraHai="12" who="3" fromWho="0" sc="347,-52,88,0,358,0,207,52" /><INIT seed="6,0,0,2,3,42" ten="295,88,358,259" oya="2" hai0="9,12,121,134,21,27,38,102,85,70,51,6,84" hai1="87,23,79,91,95,118,43,107,88,49,67,81,89" hai2="37,73,14,75,93,30,119,90,31,78,45,68,98" hai3="19,111,65,127,1,62,103,20,116,50,96,41,24"/><V133/><F68/><W86/><G127/><T22/><D121/><U35/><E35/><V100/><F119/><W32/><G111/><T130/><D38/><U135/><E118/><V61/><F61/><W8/><G116/><T16/><D70/><U92/><E67/><V56/><F56/><W74/><G74/><T132/><D130/><U58/><E107/><V26/><F133/><N who="0" m="51306" /><D102/><U80/><E135/><V99/><F31/><W124/><G124/><T25/><D51/><U101/><E23/><V129/><F129/><W76/><G32/><T63/><D63/><U57/><E81/><V64/><F64/><W123/><G123/><T110/><D110/><U55/><E43/><V112/><F112/><W3/><G8/><T34/><D34/><U83/><E83/><V33/><F78/><W97/><G86/><T13/><D13/><U60/><REACH who="1" step="1"/><E101/><REACH who="1" ten="295,78,358,259" step="2"/><V108/><F100/><W113/><G20/><T29/><AGARI ba="0,1" hai="6,9,12,16,21,22,25,27,29,84,85" m="51306" machi="29" ten="30,2000,0" yaku="20,1,54,1" doraHai="42" who="0" fromWho="0" sc="295,30,78,-5,358,-10,259,-5" /><INIT seed="7,0,0,1,2,86" ten="325,73,348,254" oya="3" hai0="78,105,41,24,93,29,53,35,83,125,20,52,56" hai1="33,121,18,129,110,49,101,60,80,50,46,84,9" hai2="8,81,65,28,15,10,79,16,32,34,113,106,1" hai3="48,112,111,118,44,31,126,25,7,108,109,2,102"/><W57/><G118/><T119/><D105/><U64/><E110/><V88/><F106/><W62/><G112/><T77/><D119/><U66/><E121/><V58/><F28/><W3/><G126/><T12/><D125/><U61/><E33/><V63/><F113/><W76/><G102/><T30/><D41/><U47/><E101/><V26/><F26/><W104/><G104/><T4/><D93/><U132/><E129/><V103/><F103/><W14/><G76/><T73/><D78/><U99/><E99/><V39/><F39/><W71/><G71/><T89/><D89/><U128/><E132/><V6/><F88/><W40/><G14/><T75/><D75/><AGARI ba="0,0" hai="1,6,8,10,15,16,32,34,58,63,65,75,79,81" machi="75" ten="30,2000,0" yaku="7,1,54,1" doraHai="86" who="2" fromWho="0" sc="325,-20,73,0,348,20,254,0" owari="305,11.0,73,-43.0,368,47.0,254,-15.0" /></mjloggm>