<mjloggm ver="2.3"><GO type="185" lobby="0"/><UN n0="%E3%81%9F%E3%82%93%E3%82%86%E3%81%86" n1="%E9%96%A2%E8%A5%BF%E9%9B%80%E5%A3%AB%E4%BC%9A" n2="%E3%81%B6%E3%82%8B%E3%81%AF%E3%81%A4" n3="" dan="16,16,16,0" rate="2233.32,2114.09,2144.52,1500.00" sx="F,M,M,C"/><TAIKYOKU oya="0"/><INIT seed="0,0,0,4,0,113" ten="350,350,350,0" oya="0" hai0="94,57,63,38,82,114,89,88,73,115,58,100,64" hai1="130,3,42,120,104,67,62,103,101,55,83,111,0" hai2="41,106,105,90,35,36,134,124,65,80,131,99,1" hai3=""/><T40/><D100/><U117/><N who="1" m="30752" /><U60/><E111/><V61/><F61/><T50/><D38/><U84/><E130/><V45/><F45/><T79/><D89/><U133/><E133/><V32/><F32/><T43/><D43/><U96/><E103/><V91/><F124/><T97/><REACH who="0" step="1"/><D58/><REACH who="0" ten="340,350,350,0" step="2"/><U59/><E42/><V95/><F41/><T86/><D86/><U52/><E3/><V112/><F1/><T39/><D39/><U93/><E0/><V53/><F36/><T71/><D71/><U66/><E104/><V77/><F106/><T70/><D70/><U119/><E67/><V75/><F105/><T49/><D49/><U34/><E34/><V108/><F35/><T74/><D74/><U107/><E107/><V85/><F75/><T51/><D51/><U118/><REACH who="1" step="1"/><E62/><REACH who="1" ten="340,340,350,0" step="2"/><V128/><F128/><T87/><D87/><U109/><E109/><V37/><F85/><T54/><D54/><U48/><E48/><V56/><F53/><T68/><D68/><U81/><E81/><V76/><F80/><T127/><D127/><U121/><N who="1" m="31008" /><U72/><E72/><V129/><F131/><T98/><D98/><U33/><E33/><V126/><F129/><T69/><D69/><U92/><E92/><RYUUKYOKU ba="0,2" sc="340,10,340,10,350,-20,0,0" hai0="40,50,57,63,64,73,79,82,88,94,97,114,115" hai1="52,55,59,60,66,83,84,93,96,101,117,118,119" /><INIT seed="0,1,2,4,1,74" ten="350,350,330,0" oya="0" hai0="46,58,68,124,107,34,79,49,98,127,112,57,56" hai1="96,103,82,67,50,123,117,78,114,115,36,37,84" hai2="106,88,104,38,72,85,120,121,89,53,0,52,109" hai3=""/><T91/><D34/><U110/><N who="1" m="31520" /><U54/><E117/><V125/><N who="2" m="30752" /><V126/><N who="2" m="31008" /><V100/><F0/><T62/><D112/><N who="1" m="43051" /><E67/><V93/><F72/><T55/><D107/><N who="2" m="41002" /><F38/><T41/><D98/><U118/><E118/><V51/><F109/><T90/><D91/><U134/><E134/><V40/><F100/><T83/><D90/><U2/><E2/><V39/><F39/><T92/><D92/><U48/><E110/><V132/><F132/><T108/><D108/><U119/><E119/><V47/><F89/><T102/><D102/><U66/><E66/><V97/><F97/><T87/><D68/><U94/><E50/><V122/><N who="2" m="31264" /><V131/><F131/><T77/><D62/><U80/><E80/><V95/><F93/><T130/><D130/><U81/><E81/><V71/><F71/><T129/><D129/><U116/><E116/><V101/><F101/><T69/><D69/><U1/><E1/><V33/><F33/><T60/><D60/><U59/><AGARI ba="1,2" hai="36,37,48,54,59,78,82,84,94,96,103" m="43051,31520" machi="59" ten="30,3000,0" yaku="11,1,52,2" doraHai="74" who="1" fromWho="1" sc="350,-21,350,52,330,-11,0,0" /><INIT seed="1,0,0,0,1,88" ten="329,402,319,0" oya="1" hai0="100,34,42,107,36,47,78,118,43,62,72,99,59" hai1="67,53,37,50,49,111,46,84,57,61,1,96,112" hai2="106,40,113,98,35,101,103,110,39,60,69,130,128" hai3=""/><U92/><E1/><V97/><F35/><T121/><N who="0" m="31008" /><T133/><D34/><U68/><E112/><V125/><F113/><T85/><D118/><U127/><E127/><V56/><F125/><T82/><D43/><U41/><E111/><V132/><F110/><T94/><D133/><U51/><REACH who="1" step="1"/><E84/><REACH who="1" ten="329,392,319,0" step="2"/><V83/><F132/><T123/><N who="0" m="31520" /><T48/><D85/><U65/><E65/><V104/><F130/><T119/><D119/><U76/><E76/><V2/><F128/><T74/><D74/><U66/><E66/><V55/><F2/><T64/><REACH who="0" step="1"/><D36/><REACH who="0" ten="319,392,319,0" step="2"/><U80/><E80/><V93/><F83/><T73/><D73/><U79/><E79/><V44/><REACH who="2" step="1"/><F69/><REACH who="2" ten="319,392,309,0" step="2"/><T114/><D114/><U38/><E38/><V124/><F124/><T3/><D3/><U87/><E87/><V117/><F117/><T58/><D58/><U108/><E108/><V89/><F89/><AGARI ba="0,3" hai="37,41,46,49,50,51,53,57,61,67,68,89,92,96" machi="89" ten="30,18000,2" yaku="1,1,7,1,24,2,52,1,53,1" doraHai="88" doraHaiUra="91" who="1" fromWho="2" sc="319,0,392,210,309,-180,0,0" /><INIT seed="1,1,0,0,2,68" ten="319,602,129,0" oya="1" hai0="133,127,87,116,1,70,84,48,82,56,93,121,47" hai1="40,57,71,37,102,135,42,64,134,33,58,69,89" hai2="63,35,128,51,59,50,124,106,65,108,130,119,104" hai3=""/><U67/><E33/><V62/><F35/><T85/><N who="0" m="31008" /><T95/><D70/><U92/><E102/><V81/><F119/><T38/><D1/><U78/><E78/><V75/><F124/><T73/><D127/><U66/><E92/><V77/><F108/><T36/><D116/><U100/><E100/><V54/><F50/><T72/><D56/><U105/><E89/><V76/><F76/><T99/><D95/><U80/><E80/><V114/><F114/><T110/><D110/><U3/><E3/><V101/><F62/><T117/><D117/><U91/><E91/><V94/><F94/><T83/><D83/><U98/><E98/><V111/><F111/><T123/><N who="0" m="31520" /><T90/><D133/><U112/><E112/><V61/><F61/><T46/><D46/><U53/><E105/><V79/><F79/><T49/><D49/><U96/><E96/><V0/><F0/><T45/><D45/><U109/><E109/><V122/><N who="2" m="31264" /><V132/><F101/><T43/><REACH who="0" step="1"/><D82/><REACH who="0" ten="309,602,129,0" step="2"/><U34/><E34/><V52/><F104/><T126/><D126/><U44/><E71/><V131/><F106/><T118/><D118/><U88/><E69/><V103/><F103/><T32/><D32/><U86/><E44/><RYUUKYOKU ba="1,1" sc="309,20,602,-10,129,-10,0,0" hai0="36,38,43,47,48,72,73,84,85,87,90,93,99" /><INIT seed="2,2,1,5,1,106" ten="329,592,119,0" oya="2" hai0="104,131,132,43,64,72,102,57,100,95,135,2,55" hai1="52,41,82,83,71,108,76,92,94,126,36,45,48" hai2="34,119,81,115,0,124,39,97,91,130,85,113,105" hai3=""/><V59/><F0/><T99/><D2/><U3/><E108/><V98/><F34/><T74/><D64/><U127/><E3/><V112/><F39/><T128/><D43/><U120/><N who="1" m="30752" /><U114/><E71/><V90/><F119/><T73/><D55/><U107/><E107/><V70/><F70/><T61/><D57/><U101/><E83/><V78/><F130/><N who="0" m="49706" /><D61/><U89/><E101/><V116/><F116/><T66/><D66/><U79/><E79/><V69/><F69/><T134/><D102/><U133/><E133/><V67/><F124/><N who="1" m="47657" /><E89/><N who="2" m="33803" /><F59/><T103/><D103/><U68/><E114/><V87/><F67/><T33/><D33/><U65/><E65/><V40/><F40/><T42/><D42/><U44/><E68/><V32/><F32/><T51/><D104/><U123/><N who="1" m="31520" /><U86/><AGARI ba="2,1" hai="36,41,44,45,48,52,76,82,86,92,94" m="31520,47657,30752" machi="86" ten="30,6000,1" yaku="4,1,18,1,52,2,54,1" doraHai="106" who="1" fromWho="1" sc="329,-22,592,74,119,-42,0,0" /><INIT seed="4,0,0,1,5,39" ten="307,666,77,0" oya="0" hai0="43,57,58,60,96,48,120,2,118,44,99,82,91" hai1="135,121,134,112,32,76,72,107,132,66,73,125,78" hai2="0,110,41,45,124,64,87,108,133,90,63,67,113" hai3=""/><T109/><N who="0" m="30752" /><T84/><D2/><U119/><N who="1" m="31008" /><U47/><E32/><V123/><N who="2" m="31520" /><V54/><F0/><T98/><D118/><U106/><E66/><V104/><F104/><N who="1" m="39977" /><E119/><V130/><F113/><T92/><D109/><U52/><E125/><V116/><F124/><T49/><D49/><U81/><E112/><V83/><F116/><T69/><D69/><U46/><E52/><V65/><F130/><T127/><D127/><U55/><E55/><V53/><F133/><T105/><D105/><U97/><E97/><N who="0" m="37481" /><D60/><U88/><E88/><AGARI ba="0,0" hai="43,44,48,57,58,82,84,88,91,92,99" m="37481,30752" machi="88" ten="30,11600,0" yaku="8,1,52,2,54,1" doraHai="39" who="0" fromWho="1" sc="307,116,666,-116,77,0,0,0" /><INIT seed="4,1,0,2,5,131" ten="423,550,77,0" oya="0" hai0="106,107,59,51,133,71,87,95,72,60,64,126,134" hai1="33,0,88,81,61,100,119,65,83,98,103,129,74" hai2="92,91,73,43,89,94,55,121,37,120,2,132,1" hai3=""/><T99/><D72/><U53/><E119/><V58/><N who="2" m="30752" /><V114/><N who="2" m="31008" /><V35/><F35/><T105/><D87/><U34/><E0/><V56/><F73/><T128/><D128/><U112/><E129/><V41/><F55/><T124/><D51/><U118/><E118/><V32/><F32/><T123/><N who="0" m="31520" /><T36/><D36/><U78/><E112/><V68/><F37/><T45/><D45/><U115/><E115/><V130/><F130/><T111/><D71/><U66/><E53/><V86/><F68/><T79/><D79/><U102/><E66/><V90/><F90/><T48/><D48/><U84/><REACH who="1" step="1"/><E98/><REACH who="1" ten="423,540,77,0" step="2"/><V44/><F114/><T39/><D111/><U69/><AGARI ba="1,1" hai="33,34,61,65,69,74,78,81,83,84,88,100,102,103" machi="69" ten="30,5900,0" yaku="1,1,2,1,0,1,54,1,53,0" doraHai="131" doraHaiUra="40" who="1" fromWho="1" sc="423,-40,540,71,77,-21,0,0" /><INIT seed="5,0,0,0,5,66" ten="383,611,56,0" oya="1" hai0="100,107,89,44,130,83,134,34,122,106,54,59,33" hai1="120,103,62,110,104,111,97,117,119,121,60,87,124" hai2="135,55,52,86,91,79,113,37,56,69,57,88,133" hai3=""/><U45/><N who="1" m="30752" /><U114/><N who="1" m="31008" /><U132/><E132/><N who="2" m="50763" /><F37/><T61/><N who="0" m="31264" /><T67/><D134/><U38/><E124/><V84/><F113/><T72/><D130/><U101/><E114/><V73/><F73/><T2/><D2/><U65/><E103/><V85/><F79/><T102/><D102/><U35/><E35/><V49/><F69/><T0/><D0/><U40/><E87/><V76/><F76/><T126/><D126/><U68/><E60/><AGARI ba="0,0" hai="49,52,55,56,57,60,84,85,86,88,91" m="50763" machi="60" ten="30,3900,0" yaku="20,1,54,2" doraHai="66" who="2" fromWho="1" sc="383,0,611,-39,56,39,0,0" /><INIT seed="6,0,0,0,4,3" ten="383,572,95,0" oya="2" hai0="131,120,73,81,95,126,56,37,135,69,104,102,79" hai1="132,49,97,103,118,80,134,87,121,124,105,90,47" hai2="106,42,62,92,117,45,128,111,67,129,96,2,89" hai3=""/><V100/><F2/><T77/><N who="0" m="30752" /><T39/><D69/><U110/><N who="1" m="31008" /><U53/><E110/><V88/><F117/><T54/><D79/><U63/><E118/><V34/><F34/><T68/><D68/><U1/><E1/><V71/><F111/><T43/><D126/><U64/><REACH who="1" step="1"/><E124/><REACH who="1" ten="383,562,95,0" step="2"/><V78/><F78/><T52/><D54/><U83/><E83/><V93/><F106/><T33/><D33/><U123/><N who="1" m="31520" /><U58/><AGARI ba="0,1" hai="47,49,53,58,63,64,80,87,90,97,103,105,132,134" m="31520,31008" machi="58" ten="30,9000,2" yaku="1,1,4,1,0,1,52,2,53,1" doraHai="3" doraHaiUra="84" who="1" fromWho="1" sc="383,-30,562,100,95,-60,0,0" owari="353,-5.0,662,61.0,35,-56.0,0,0.0" /></mjloggm>