<mjloggm ver="2.3"><GO type="169" lobby="0"/><UN n0="%4D%61%74%75%75%72%61" n1="%E3%83%A4%E3%83%9E%E3%83%80%E3%81%95%E3%82%93" n2="%E5%BC%B7%E6%89%93%E6%84%9B%E5%A5%BD%E5%AE%B6" n3="%E3%82%84%E3%81%8F%E3%81%97%E3%81%BE%E3%82%8B%E3%81%88%E3%81%A4%E3%81%93" dan="17,16,16,16" rate="2191.79,2102.44,2146.34,2075.94" sx="M,M,M,F"/><TAIKYOKU oya="0"/><INIT seed="0,0,0,0,5,89" ten="250,250,250,250" oya="0" hai0="90,70,45,132,54,101,44,42,30,19,126,88,46" hai1="32,134,82,49,135,73,100,5,61,48,15,76,33" hai2="52,102,114,93,119,120,104,75,27,86,2,55,108" hai3="8,121,0,98,118,62,112,36,127,18,13,74,80"/><T68/><D126/><U34/><E100/><V72/><F2/><W77/><G112/><T60/><D30/><U41/><E61/><V84/><F120/><W65/><G118/><T24/><D132/><N who="1" m="50731" /><E41/><V97/><F114/><W116/><G116/><T57/><D42/><U9/><AGARI ba="0,0" hai="5,9,15,32,33,34,48,49,73,76,82" m="50731" machi="9" ten="40,1500,0" yaku="20,1" doraHai="89" who="1" fromWho="1" sc="250,-7,250,15,250,-4,250,-4" /><INIT seed="1,0,0,4,5,28" ten="243,265,246,246" oya="1" hai0="118,120,19,60,53,50,112,44,11,56,75,64,12" hai1="82,46,16,0,90,1,20,99,114,18,36,102,83" hai2="31,85,47,66,128,3,91,115,26,57,43,2,10" hai3="73,124,129,14,104,61,38,72,113,59,97,86,130"/><U109/><E114/><V121/><F121/><W29/><G38/><T39/><D112/><U68/><E68/><V58/><F115/><W79/><G113/><T42/><D75/><U27/><E109/><V32/><F128/><W131/><G14/><T70/><REACH who="0" step="1"/><D120/><REACH who="0" ten="233,265,246,246" step="2"/><U71/><E0/><V132/><F2/><W125/><G72/><T49/><D49/><U122/><E1/><V23/><F3/><W110/><G73/><T74/><D74/><U30/><E122/><V98/><F132/><W84/><G110/><T88/><D88/><U4/><E90/><V45/><F91/><W40/><G130/><T6/><D6/><U126/><E4/><V87/><F98/><W80/><G131/><T95/><D95/><U123/><E123/><V33/><F66/><W81/><G129/><T76/><D76/><U22/><E36/><V9/><F43/><W63/><G40/><T135/><D135/><U48/><E99/><V134/><F134/><W101/><G63/><T117/><AGARI ba="0,1" hai="11,12,19,39,42,44,50,53,56,60,64,70,117,118" machi="117" ten="30,7900,0" yaku="1,1,0,1,24,2,53,0" doraHai="28" doraHaiUra="133" who="0" fromWho="0" sc="233,89,265,-39,246,-20,246,-20" /><INIT seed="2,0,0,3,5,49" ten="322,226,226,226" oya="2" hai0="53,28,129,103,5,82,112,130,25,61,94,58,116" hai1="124,114,51,44,99,45,2,67,48,33,133,20,22" hai2="54,13,119,8,98,85,12,16,113,90,56,68,104" hai3="23,57,127,31,1,78,32,128,34,83,88,43,77"/><V131/><F113/><W11/><G127/><T92/><D112/><U91/><E33/><V120/><F131/><N who="0" m="50186" /><D116/><U64/><E2/><V115/><F115/><W65/><G128/><T106/><D5/><U42/><E124/><V72/><F72/><W79/><G43/><T55/><D82/><U70/><E133/><V10/><F68/><W97/><G1/><T123/><D123/><U118/><E118/><V84/><F119/><W30/><G11/><T60/><D106/><U87/><E99/><V126/><F126/><W21/><G32/><N who="0" m="20495" /><D103/><U122/><E122/><V132/><F132/><W4/><G4/><T29/><D29/><N who="3" m="10761" /><G34/><T38/><D38/><U39/><E39/><V105/><F120/><W40/><G40/><T95/><D61/><U108/><E114/><V15/><F105/><W81/><G81/><T69/><D69/><U19/><E70/><V14/><F8/><W135/><G135/><T107/><D107/><U62/><E62/><N who="2" m="36119" /><F104/><W59/><G83/><T111/><D111/><U134/><E108/><V0/><F0/><W52/><G23/><T6/><D6/><U46/><E22/><V100/><F100/><W96/><G21/><T110/><D110/><U3/><E3/><V73/><F73/><W89/><G89/><T86/><D86/><U93/><E134/><V37/><F37/><W71/><G88/><T18/><D18/><U74/><E74/><V75/><F75/><W17/><G17/><T66/><AGARI ba="0,0" hai="53,55,58,60,66,92,94,95" m="20495,50186" machi="66" ten="30,4000,0" yaku="19,1,52,2" doraHai="49" who="0" fromWho="0" sc="322,40,226,-10,226,-20,226,-10" /><INIT seed="3,0,0,5,2,32" ten="362,216,206,216" oya="3" hai0="18,37,100,80,58,42,23,5,6,44,38,131,123" hai1="97,119,110,25,125,1,82,78,31,135,98,33,9" hai2="49,133,35,3,93,64,91,74,106,90,69,16,94" hai3="36,111,13,12,132,7,103,75,47,79,2,21,124"/><W40/><G124/><T46/><D123/><U126/><E110/><V51/><F74/><W61/><G111/><T43/><D131/><U116/><E135/><V66/><F35/><W11/><G132/><T53/><D100/><U76/><E97/><V30/><F106/><W45/><G103/><T96/><D96/><U87/><E98/><V99/><F30/><W88/><G47/><T128/><D80/><U95/><E95/><V4/><F133/><W15/><G61/><T63/><D128/><U48/><E48/><V34/><F34/><W84/><G21/><T107/><D107/><U112/><E78/><V102/><F16/><W129/><G129/><T60/><D63/><U108/><E112/><V117/><F102/><W120/><G120/><T101/><D101/><U14/><E108/><V81/><F81/><N who="3" m="45311" /><G15/><AGARI ba="0,0" hai="5,6,15,18,23,37,38,42,43,44,46,53,58,60" machi="15" ten="30,2000,0" yaku="7,1,9,1" doraHai="32" who="0" fromWho="3" sc="362,20,216,0,206,0,216,-20" /><INIT seed="4,0,0,1,5,64" ten="382,216,206,196" oya="0" hai0="124,123,16,31,46,103,121,41,14,130,118,54,18" hai1="2,32,49,120,126,87,34,67,5,78,128,127,71" hai2="26,8,93,62,85,104,27,113,77,25,42,89,76" hai3="43,13,50,114,98,44,22,19,94,52,11,47,116"/><T90/><D118/><U58/><E120/><V65/><F113/><W70/><G114/><T79/><D103/><U125/><E128/><V17/><F42/><W102/><G116/><T28/><D130/><U83/><E2/><V135/><F104/><W45/><G70/><T73/><D124/><U80/><E5/><V106/><F106/><W12/><REACH who="3" step="1"/><G43/><REACH who="3" ten="382,216,206,186" step="2"/><T122/><D41/><U33/><E71/><V23/><F135/><W51/><G51/><T39/><D121/><U84/><E49/><V38/><F38/><W109/><G109/><T108/><D39/><U35/><N who="1" m="8192" /><DORA hai="37" /><U129/><E129/><V21/><F8/><W82/><G82/><T117/><D108/><U133/><E133/><V86/><F21/><W132/><G132/><T60/><D117/><U111/><E111/><V72/><F23/><W53/><G53/><T36/><D54/><U30/><E83/><V6/><F65/><W57/><G57/><T20/><D20/><U15/><E58/><V63/><F62/><W97/><G97/><T112/><D60/><U29/><E67/><V1/><F63/><W9/><G9/><T119/><D112/><U48/><E48/><V40/><F40/><W61/><G61/><T115/><D115/><U10/><E80/><V75/><F75/><W81/><G81/><T59/><D73/><U7/><REACH who="1" step="1"/><E78/><REACH who="1" ten="382,206,206,186" step="2"/><V131/><F77/><W101/><G101/><T4/><D79/><U56/><E56/><V68/><F76/><W96/><G96/><T24/><D59/><U134/><E134/><V100/><F131/><W88/><G88/><T91/><D90/><RYUUKYOKU ba="0,2" sc="382,-15,206,15,206,-15,186,15" hai1="7,10,15,29,30,84,87,125,126,127" hai3="11,12,13,19,22,44,45,47,50,52,94,98,102" /><INIT seed="5,1,2,4,4,20" ten="367,221,191,201" oya="1" hai0="45,16,83,3,95,24,12,94,107,99,92,78,2" hai1="81,123,87,73,134,53,85,66,97,69,9,113,50" hai2="122,86,34,41,71,11,102,110,105,44,129,59,135" hai3="35,38,125,124,58,49,96,25,46,36,98,109,15"/><U115/><E123/><V77/><F86/><W84/><G109/><T128/><D128/><U40/><E134/><V21/><F59/><W19/><G58/><T60/><D60/><N who="1" m="40135" /><E97/><N who="3" m="37482" /><G84/><T127/><D107/><U67/><E67/><V1/><F34/><W74/><G74/><T111/><D111/><U88/><E9/><V108/><F135/><W56/><G56/><T13/><D99/><U89/><E40/><V101/><F129/><W33/><G33/><T39/><D13/><U26/><E50/><V43/><F71/><W130/><G130/><T91/><D3/><U103/><E53/><V75/><F122/><W116/><G116/><T104/><D2/><U57/><E103/><N who="2" m="39435" /><F41/><N who="3" m="24783" /><G35/><T121/><D104/><U100/><E100/><V126/><F105/><W37/><G37/><T114/><D39/><U63/><E57/><V51/><F1/><W90/><G90/><T62/><D91/><U30/><E73/><V4/><F75/><W5/><G5/><T52/><D121/><U32/><E63/><V8/><F4/><W0/><G0/><T133/><D62/><U17/><E87/><V7/><F7/><W82/><G15/><T27/><D12/><U93/><E89/><V48/><F108/><W54/><G54/><T29/><D52/><U76/><E88/><V79/><F110/><W10/><G82/><T14/><D14/><U64/><E64/><V65/><F65/><W23/><G10/><N who="2" m="3625" /><F51/><W47/><G36/><T55/><D83/><U112/><E93/><V31/><F77/><W120/><G120/><T68/><D68/><U80/><E81/><V70/><F79/><RYUUKYOKU ba="1,2" sc="367,-15,221,15,191,-15,201,15" hai1="17,26,30,32,76,80,85,112,113,115" hai3="19,23,25,38,47,124,125" /><INIT seed="5,2,2,0,5,130" ten="352,236,176,216" oya="1" hai0="35,1,57,135,89,120,81,91,46,17,124,48,26" hai1="25,22,76,85,24,34,49,5,116,99,104,80,0" hai2="45,114,68,71,9,97,23,128,29,33,92,115,88" hai3="38,6,109,110,103,101,127,8,131,105,78,133,98"/><U79/><E116/><V82/><F33/><W67/><G131/><T58/><D1/><U19/><E104/><V61/><F128/><W95/><G127/><T54/><D124/><U53/><E99/><V32/><F32/><W59/><G38/><T93/><D120/><U102/><E102/><V87/><F45/><W107/><G78/><T112/><D112/><N who="2" m="43050" /><F61/><W31/><G31/><T74/><D74/><U96/><E34/><V28/><F9/><W72/><G72/><T55/><D57/><U119/><E119/><V12/><F12/><W69/><G59/><T94/><D35/><U111/><E111/><V70/><F23/><W106/><G103/><AGARI ba="2,2" hai="28,29,68,70,71,82,87,88,92,97,103" m="43050" machi="103" ten="40,5200,0" yaku="15,1,11,1,54,1" doraHai="130" who="2" fromWho="3" sc="352,0,236,0,176,78,216,-58" /><INIT seed="6,0,0,5,0,15" ten="352,236,254,158" oya="2" hai0="104,35,100,89,65,18,12,45,107,132,21,121,70" hai1="98,96,79,27,3,97,43,63,0,34,23,64,59" hai2="60,135,127,5,94,77,62,78,71,118,134,7,114" hai3="85,73,49,126,87,6,67,106,124,42,131,93,29"/><V4/><F118/><W38/><G106/><T80/><D121/><U92/><E34/><V17/><F114/><W52/><G73/><T33/><D132/><N who="2" m="50730" /><F127/><W2/><G131/><T109/><D109/><U113/><E113/><V83/><F71/><W90/><G67/><T95/><D104/><U50/><E79/><N who="2" m="30219" /><F83/><W32/><G42/><T76/><D65/><U68/><E0/><V99/><F17/><W84/><G38/><T1/><D1/><U125/><E3/><V46/><F46/><W54/><G2/><T48/><D70/><U103/><E125/><V25/><F25/><W37/><G37/><T120/><D120/><U44/><REACH who="1" step="1"/><E68/><REACH who="1" ten="352,226,254,158" step="2"/><V24/><F24/><W88/><G126/><T28/><D76/><U110/><E110/><V26/><F26/><W22/><G124/><T129/><D33/><U115/><E115/><V123/><F123/><W19/><G32/><T56/><D35/><U69/><E69/><V8/><F8/><W82/><G29/><AGARI ba="0,1" hai="23,27,29,43,44,50,59,63,64,92,96,97,98,103" machi="29" ten="30,8000,1" yaku="1,1,7,1,25,2,8,1,53,0" doraHai="15" doraHaiUra="31" who="1" fromWho="3" sc="352,0,226,90,254,0,158,-80" /><INIT seed="7,0,0,1,4,109" ten="352,316,254,78" oya="3" hai0="95,99,30,22,68,24,123,17,51,64,71,38,54" hai1="115,1,44,65,130,23,63,73,90,4,55,104,33" hai2="82,10,42,101,96,113,14,116,35,133,6,76,31" hai3="58,8,43,129,70,37,0,81,62,93,28,97,16"/><W126/><G126/><T7/><D123/><U98/><E73/><V75/><F116/><W87/><G129/><T13/><D38/><U41/><E33/><V69/><F133/><W83/><G70/><T100/><D64/><U111/><E111/><V20/><F35/><W118/><G118/><T89/><D7/><U85/><E1/><V132/><F69/><W102/><G28/><T117/><D117/><U103/><E4/><V78/><F78/><W57/><G0/><T105/><D105/><U53/><E23/><V79/><F79/><W52/><G87/><T91/><D68/><U56/><E115/><V128/><F132/><W121/><G121/><T49/><D71/><U94/><REACH who="1" step="1"/><E130/><REACH who="1" ten="352,306,254,78" step="2"/><V60/><F128/><W110/><G110/><T119/><D119/><U61/><E61/><V45/><F60/><W9/><G58/><N who="0" m="33103" /><D51/><AGARI ba="0,1" hai="41,44,51,53,55,56,63,65,85,90,94,98,103,104" machi="51" ten="30,3900,0" yaku="1,1,7,1,53,1" doraHai="109" doraHaiUra="47" who="1" fromWho="0" sc="352,-39,306,49,254,0,78,0" owari="313,11.0,355,46.0,254,-15.0,78,-42.0" /></mjloggm>