<mjloggm ver="2.3"><GO type="169" lobby="0"/><UN n0="%E6%AD%A6%E5%A8%81" n1="%E5%8D%83%E7%BE%BD%E9%B4%89" n2="%E3%81%A9%E3%83%BC%E3%82%82%E5%83%95%E3%81%A7%E3%81%99" n3="%52%45%49%4E%E6%A3%AE%E4%B9%85%E4%BF%9D%50" dan="17,17,16,16" rate="2146.75,2219.14,2191.50,2132.54" sx="M,F,F,M"/><TAIKYOKU oya="0"/><INIT seed="0,0,0,5,5,117" ten="250,250,250,250" oya="0" hai0="69,63,81,44,78,114,131,102,89,53,99,3,47" hai1="119,108,61,15,133,87,58,91,64,65,66,96,57" hai2="35,86,13,31,84,94,60,23,37,93,109,5,103" hai3="135,7,95,68,51,75,8,80,54,104,32,67,115"/><T17/><D114/><U123/><E119/><V0/><F37/><W40/><G104/><T125/><D125/><U122/><E108/><V49/><F109/><W30/><G115/><T50/><D131/><U100/><E15/><V62/><F0/><W128/><G40/><T2/><D89/><U129/><E129/><V34/><F34/><W12/><G135/><T6/><D6/><U46/><E46/><V52/><F35/><W124/><G124/><T9/><D47/><U22/><E22/><V83/><F103/><W121/><G128/><T28/><D28/><U134/><E57/><V11/><F23/><W59/><G95/><N who="2" m="36361" /><F31/><W111/><G111/><T10/><D10/><U74/><E74/><V107/><F107/><W72/><G80/><T76/><D99/><U77/><E77/><N who="2" m="46191" /><F86/><W90/><G90/><T16/><D102/><U43/><E87/><V14/><F14/><W41/><G30/><T132/><D132/><N who="1" m="50795" /><E91/><V36/><F36/><W1/><G32/><T82/><D76/><U92/><E43/><V70/><F70/><W39/><G1/><T18/><D9/><U79/><E79/><V116/><F116/><W110/><G110/><T88/><D88/><U25/><E25/><V127/><F127/><W101/><G101/><T48/><D78/><U113/><E113/><V42/><F42/><W33/><G41/><N who="0" m="24591" /><D2/><U20/><E20/><V130/><F130/><W24/><G75/><T71/><D3/><U98/><E98/><V112/><F112/><W97/><G97/><T73/><D73/><U19/><E19/><V38/><F38/><W29/><G72/><RYUUKYOKU ba="0,0" sc="250,-15,250,15,250,15,250,-15" hai1="58,61,64,65,66,92,96,100,122,123" hai2="5,11,13,49,52,60,62" /><INIT seed="1,1,0,1,5,1" ten="235,265,265,235" oya="1" hai0="91,48,39,52,98,124,69,108,130,100,74,82,120" hai1="66,51,64,114,49,34,125,47,87,86,9,67,20" hai2="78,43,134,22,53,99,127,46,68,119,81,93,3" hai3="105,44,56,13,79,70,107,23,61,40,18,80,128"/><U24/><E114/><V38/><F119/><W6/><G70/><T122/><D39/><U92/><E34/><V71/><F134/><W101/><G101/><T77/><D69/><U94/><E125/><V126/><F53/><W123/><G128/><T2/><D130/><U19/><E9/><V117/><F117/><W35/><G35/><T54/><D108/><U30/><E30/><V15/><F3/><W95/><G95/><N who="1" m="36394" /><E51/><V37/><F37/><W17/><G17/><T65/><D91/><U96/><E96/><V31/><F126/><W76/><G76/><T21/><D65/><N who="1" m="16643" /><U133/><DORA hai="75" /><E133/><V50/><F38/><W0/><G123/><N who="0" m="47147" /><D124/><U12/><E24/><V55/><F127/><W85/><G56/><T45/><D2/><U28/><E28/><V104/><F55/><AGARI ba="1,0" hai="12,19,20,47,49,55,86,87" m="16643,36394" machi="55" ten="30,1500,0" yaku="8,1" doraHai="1,75" who="1" fromWho="2" sc="235,0,265,18,265,-18,235,0" /><INIT seed="1,2,0,3,1,36" ten="235,283,247,235" oya="1" hai0="14,57,64,73,15,83,65,60,32,12,82,67,10" hai1="45,56,104,135,8,62,40,23,77,120,19,125,49" hai2="84,91,41,9,81,50,17,107,100,24,108,61,111" hai3="86,124,21,55,74,123,93,22,11,33,109,13,95"/><U48/><E120/><V34/><F107/><W85/><G74/><T5/><D32/><U131/><E131/><V101/><F61/><W30/><G33/><T1/><REACH who="0" step="1"/><D73/><REACH who="0" ten="225,283,247,235" step="2"/><U47/><E135/><V115/><F34/><W78/><G123/><T110/><D110/><U133/><E133/><V94/><F108/><W72/><G72/><T42/><D42/><N who="1" m="24631" /><E125/><V28/><F111/><W51/><G109/><T127/><D127/><U117/><E117/><V98/><F41/><W66/><G124/><T118/><D118/><U29/><E104/><V44/><F115/><W27/><G66/><AGARI ba="2,1" hai="1,5,10,12,14,15,57,60,64,65,66,67,82,83" machi="66" ten="40,1300,0" yaku="1,1,53,0" doraHai="36" doraHaiUra="38" who="0" fromWho="3" sc="225,29,283,0,247,0,235,-19" /><INIT seed="2,0,0,4,0,78" ten="254,283,247,216" oya="2" hai0="18,19,100,54,43,134,15,116,65,5,37,129,133" hai1="87,57,12,52,101,86,70,21,120,13,45,126,97" hai2="90,92,96,33,1,11,75,66,31,123,3,114,110" hai3="94,48,2,67,28,99,47,127,107,109,88,62,20"/><V16/><F114/><W59/><G109/><T106/><D116/><U35/><E35/><V24/><F123/><W69/><G2/><T44/><D129/><U95/><E70/><V0/><F75/><W80/><G127/><T121/><D121/><U131/><E131/><V4/><F110/><W17/><G107/><T6/><D65/><U83/><E126/><V9/><REACH who="2" step="1"/><F66/><REACH who="2" ten="254,283,237,216" step="2"/><W117/><G117/><T130/><D130/><U30/><E120/><V64/><F64/><W74/><G69/><T89/><D133/><U68/><E68/><V55/><F55/><W112/><G112/><T7/><D134/><U122/><E122/><V113/><F113/><W42/><G74/><T93/><D54/><U38/><E45/><V98/><F98/><W77/><G28/><T85/><D44/><U36/><E30/><V105/><F105/><W72/><G17/><T119/><D19/><U8/><E97/><V81/><F81/><W34/><REACH who="3" step="1"/><G20/><REACH who="3" ten="254,283,237,206" step="2"/><T63/><D106/><U58/><E21/><V79/><F79/><W53/><G53/><T23/><D23/><U102/><E52/><V22/><F22/><W46/><G46/><T26/><D18/><U103/><E58/><V91/><F91/><W51/><G51/><T111/><D111/><U27/><E57/><V104/><F104/><W49/><G49/><T132/><D89/><U60/><E102/><V73/><F73/><W56/><G56/><T118/><D100/><U41/><E103/><V50/><F50/><W39/><G39/><T135/><D37/><U25/><E101/><V14/><AGARI ba="0,2" hai="0,1,3,4,9,11,14,16,24,31,33,90,92,96" machi="14" ten="30,6000,0" yaku="1,1,0,1,54,1,53,0" doraHai="78" doraHaiUra="128" who="2" fromWho="2" sc="254,-20,283,-20,237,80,206,-20" /><INIT seed="2,1,0,2,0,99" ten="234,263,317,186" oya="2" hai0="108,79,67,69,37,71,34,21,46,84,98,81,127" hai1="87,56,17,18,96,33,25,119,5,30,131,52,112" hai2="39,121,42,24,16,55,78,66,92,28,10,50,103" hai3="86,114,123,74,104,133,116,53,59,51,102,27,65"/><V72/><F121/><W4/><G116/><T124/><D34/><U9/><E131/><V2/><F66/><W134/><G74/><T100/><D108/><U129/><E129/><V49/><F39/><W38/><G38/><T15/><D67/><U83/><E96/><V43/><F72/><W132/><G123/><T0/><D0/><U68/><E68/><V117/><F78/><W106/><G114/><T54/><D21/><U97/><E97/><N who="2" m="59815" /><F2/><W40/><G40/><N who="2" m="15401" /><F117/><W26/><G4/><T47/><D15/><U122/><E112/><V110/><F110/><W101/><G86/><T62/><D37/><U35/><E35/><V13/><F55/><W130/><G130/><T14/><D69/><U111/><E111/><V125/><F125/><W70/><G65/><T19/><D71/><U7/><E119/><V77/><F77/><W89/><G89/><T105/><D124/><U118/><E118/><V29/><F24/><N who="3" m="9259" /><G70/><T23/><D127/><U75/><E75/><V95/><F95/><W36/><G36/><T3/><D3/><U60/><E122/><V120/><F120/><W6/><G6/><T113/><D113/><U44/><E5/><V12/><F12/><W58/><G58/><N who="0" m="35159" /><D105/><AGARI ba="1,0" hai="51,53,59,101,102,104,105,106,132,133,134" m="9259" machi="105" ten="40,5200,0" yaku="20,1,52,2" doraHai="99" who="3" fromWho="0" sc="234,-55,263,0,317,0,186,55" /><INIT seed="3,0,0,5,0,116" ten="179,263,317,241" oya="3" hai0="35,120,44,126,112,37,121,27,104,82,55,16,61" hai1="87,113,19,14,69,47,38,127,10,93,51,105,74" hai2="28,95,23,63,81,13,22,129,15,9,134,40,32" hai3="31,26,77,122,114,100,70,72,3,90,68,88,132"/><W123/><G3/><T84/><D104/><U75/><E38/><V124/><F40/><W25/><G114/><T107/><D107/><U17/><E105/><V130/><F81/><W34/><G100/><T135/><D35/><U11/><E69/><V98/><F63/><W46/><G46/><T106/><D106/><U92/><E127/><V41/><F41/><W43/><G43/><T36/><D126/><U133/><E133/><V1/><F124/><W2/><G2/><T20/><D135/><U4/><E113/><V56/><F56/><W48/><G48/><T67/><D112/><U91/><E93/><V65/><F65/><W102/><G102/><T97/><D97/><U115/><E115/><V30/><F1/><W99/><G132/><T18/><D18/><U73/><REACH who="1" step="1"/><E10/><REACH who="1" ten="179,253,317,241" step="2"/><V110/><F9/><W39/><G39/><T119/><D37/><U78/><E78/><V49/><F95/><W101/><G77/><T62/><D36/><U125/><E125/><V85/><F134/><W94/><G72/><T103/><D82/><U79/><E79/><V109/><F129/><W66/><G70/><T0/><D119/><U42/><AGARI ba="0,1" hai="4,11,14,17,19,42,47,51,73,74,75,87,91,92" machi="42" ten="30,2000,0" yaku="1,1,0,1,53,0" doraHai="116" doraHaiUra="24" who="1" fromWho="1" sc="179,-5,253,30,317,-5,241,-10" /><INIT seed="4,0,0,4,4,54" ten="174,283,312,231" oya="0" hai0="7,63,1,113,50,123,81,126,86,24,74,97,0" hai1="111,122,13,18,53,135,41,6,15,83,72,103,134" hai2="94,100,132,77,35,90,65,69,119,130,89,114,28" hai3="133,5,42,70,60,101,61,10,21,124,22,4,33"/><T125/><D123/><U14/><E111/><V9/><F114/><W23/><G33/><T46/><D113/><U25/><E122/><V12/><F130/><W68/><G124/><N who="0" m="47723" /><D74/><U127/><E127/><V95/><F132/><N who="1" m="50729" /><E103/><V30/><F77/><W43/><G133/><T36/><D36/><U112/><E112/><V91/><F119/><W52/><G101/><T47/><D7/><U88/><E41/><V131/><F131/><W56/><G5/><T116/><D116/><U49/><E6/><V66/><F69/><W2/><REACH who="3" step="1"/><G70/><REACH who="3" ten="174,283,312,221" step="2"/><T20/><D1/><U102/><E102/><V57/><F35/><W80/><G80/><T29/><D0/><U26/><E83/><V105/><F100/><W115/><G115/><T76/><D97/><U117/><E117/><V17/><F105/><W39/><G39/><T67/><D50/><U108/><E49/><V71/><F94/><W19/><G19/><T16/><D29/><U32/><E18/><V64/><F95/><W82/><G82/><T79/><D76/><U96/><E96/><V34/><F71/><AGARI ba="0,1" hai="16,20,24,46,47,63,67,71,79,81,86" m="47723" machi="71" ten="30,2900,0" yaku="18,1,54,1" doraHai="54" who="0" fromWho="2" sc="174,39,283,0,312,-29,221,0" /><INIT seed="4,1,0,3,3,130" ten="213,283,283,221" oya="0" hai0="123,79,38,52,88,82,18,62,15,98,60,34,91" hai1="23,5,21,124,4,75,109,28,43,13,121,16,11" hai2="111,26,125,1,49,54,114,133,22,63,95,105,90" hai3="64,80,66,74,85,97,46,6,117,86,37,10,129"/><T56/><D123/><U9/><E75/><V100/><F111/><W112/><G112/><T40/><D34/><U17/><E43/><V94/><F1/><W14/><G129/><T73/><D62/><U20/><E124/><V81/><F114/><W24/><G117/><T101/><D40/><U30/><E109/><V27/><F125/><W78/><G97/><T87/><D38/><U89/><E89/><V103/><F105/><W44/><G37/><T55/><D55/><U39/><E39/><V42/><F81/><W70/><G70/><T41/><D41/><U7/><E121/><V0/><F0/><W29/><G74/><T134/><D134/><U93/><E93/><V2/><F2/><W57/><G86/><T127/><D73/><U25/><E30/><V47/><F94/><W110/><G110/><T65/><D65/><U120/><E120/><V76/><F76/><W107/><G107/><T67/><D67/><U83/><E83/><V50/><F63/><W92/><G92/><N who="0" m="58567" /><D127/><U68/><E68/><V118/><F133/><W102/><G102/><N who="2" m="38953" /><F22/><AGARI ba="1,0" hai="15,18,22,52,56,60,79,82,87,88,91" m="58567" machi="22" ten="30,5800,0" yaku="8,1,54,2" doraHai="130" who="0" fromWho="2" sc="213,61,283,0,283,-61,221,0" /><INIT seed="4,2,0,5,3,36" ten="274,283,222,221" oya="0" hai0="91,11,53,35,128,43,125,60,50,131,3,103,27" hai1="66,71,81,18,30,85,124,68,10,54,28,74,114" hai2="96,4,104,14,46,120,49,84,89,107,70,33,44" hai3="87,93,9,6,64,92,69,97,82,109,77,67,80"/><T62/><D125/><U31/><E74/><V90/><F120/><W47/><G109/><T78/><D78/><U13/><E124/><V118/><F33/><W25/><G69/><T16/><D103/><U88/><E114/><V7/><F70/><W58/><G82/><T132/><D132/><U76/><E66/><V119/><F96/><W100/><G92/><T83/><D35/><U15/><E76/><V55/><F44/><W2/><G58/><T22/><D3/><U48/><REACH who="1" step="1"/><E15/><REACH who="1" ten="274,273,222,221" step="2"/><V86/><F14/><W113/><G113/><T34/><D128/><U40/><E40/><V29/><F118/><W51/><G25/><T1/><D43/><AGARI ba="2,1" hai="2,6,9,43,47,51,64,67,77,80,87,93,97,100" machi="43" ten="30,2000,0" yaku="7,1,52,1" doraHai="36" who="3" fromWho="0" sc="274,-26,273,0,222,0,221,36" /><INIT seed="5,0,0,0,5,128" ten="248,273,222,257" oya="1" hai0="125,80,102,66,121,78,49,116,118,5,131,110,37" hai1="35,9,84,82,60,122,120,52,90,107,10,98,100" hai2="65,56,73,38,63,17,127,115,36,117,114,88,47" hai3="57,12,126,69,8,99,39,43,13,55,91,45,41"/><U86/><E35/><V3/><F73/><W29/><G69/><T34/><D37/><U23/><E23/><V54/><F3/><W16/><G41/><T19/><D34/><U62/><E62/><V68/><F17/><W28/><G126/><T33/><D33/><U7/><E10/><V97/><F117/><W48/><G13/><T108/><D5/><U71/><E84/><V14/><F14/><W106/><REACH who="3" step="1"/><G91/><REACH who="3" ten="248,273,222,247" step="2"/><T1/><D125/><U94/><E71/><V27/><F127/><W58/><G58/><T61/><D1/><U129/><E122/><V119/><F119/><W85/><G85/><T133/><D121/><U2/><E120/><V89/><F27/><W21/><G21/><T31/><D118/><U46/><E129/><V111/><F111/><W0/><G0/><T79/><D131/><U83/><REACH who="1" step="1"/><E46/><REACH who="1" ten="248,263,222,247" step="2"/><V134/><F47/><W59/><G59/><AGARI ba="0,2" hai="2,7,9,52,59,60,82,83,86,90,94,98,100,107" machi="59" ten="40,12000,1" yaku="1,1,2,1,54,1,53,1" doraHai="128" doraHaiUra="53" who="1" fromWho="3" sc="248,0,263,140,222,0,247,-120" /><INIT seed="5,1,0,0,3,59" ten="248,403,222,127" oya="1" hai0="129,115,123,69,25,0,127,84,7,79,104,78,33" hai1="36,62,80,110,40,82,56,66,134,42,93,102,61" hai2="18,74,46,22,21,128,5,119,57,60,19,135,125" hai3="48,75,4,34,15,55,13,30,105,97,92,91,53"/><U107/><E107/><V96/><F119/><W108/><G75/><T124/><D115/><U131/><E134/><V58/><F135/><W109/><G105/><T113/><D113/><U51/><E36/><V39/><F74/><W63/><G34/><T85/><D104/><U68/><E131/><V6/><F128/><W1/><G30/><N who="0" m="19663" /><D129/><U90/><E102/><V94/><F125/><N who="0" m="48202" /><D69/><U71/><E110/><V99/><F46/><W37/><G37/><T121/><D7/><U133/><E133/><V47/><F47/><W45/><G1/><T10/><D10/><U111/><E111/><V114/><F39/><W116/><G116/><T67/><D67/><U54/><E51/><V29/><F29/><W87/><G4/><T83/><D0/><U70/><E71/><V8/><F8/><W31/><G31/><T28/><D28/><U120/><E70/><V89/><F114/><W132/><G132/><T16/><D16/><N who="2" m="6186" /><F58/><N who="3" m="35295" /><G109/><T38/><D38/><U100/><E120/><V101/><F5/><W52/><G53/><T81/><AGARI ba="1,0" hai="78,79,81,83,84,85,121,123" m="48202,19663" machi="81" ten="30,1100,0" yaku="18,1" doraHai="59" who="0" fromWho="0" sc="248,14,403,-6,222,-4,127,-4" /><INIT seed="6,0,0,5,0,104" ten="262,397,218,123" oya="2" hai0="101,95,68,106,34,126,129,22,91,1,29,59,73" hai1="99,122,108,47,102,115,88,79,7,90,92,31,67" hai2="12,9,39,121,113,111,124,84,78,44,133,135,66" hai3="80,54,76,4,30,41,14,72,74,8,15,64,71"/><V109/><F121/><W58/><G41/><T32/><D68/><U45/><E108/><N who="2" m="41547" /><F66/><W60/><G30/><T132/><D1/><U127/><E115/><V85/><F113/><W107/><G107/><T123/><D123/><U98/><E127/><V62/><F62/><W116/><G116/><T69/><D69/><U117/><E117/><V24/><F24/><W10/><G71/><T89/><D89/><U27/><E122/><V57/><F57/><W125/><G64/><T56/><D101/><U86/><E7/><V21/><F21/><W134/><G134/><N who="2" m="51209" /><F78/><W0/><G125/><T128/><D22/><N who="1" m="15863" /><E79/><V75/><F75/><W40/><G40/><T49/><D73/><U55/><E67/><V119/><F124/><W118/><G0/><T35/><D59/><U16/><E55/><V17/><F119/><W28/><G28/><T96/><D29/><U81/><E16/><V46/><F46/><W83/><G118/><T112/><D112/><U120/><E120/><V93/><F93/><AGARI ba="0,0" hai="45,47,81,86,88,90,92,93,98,99,102" m="15863" machi="93" ten="30,2000,0" yaku="8,1,54,1" doraHai="104" who="1" fromWho="2" sc="262,0,397,20,218,-20,123,0" /><INIT seed="7,0,0,2,4,31" ten="262,417,198,123" oya="3" hai0="0,114,132,67,126,61,81,35,42,133,60,49,84" hai1="28,41,14,44,111,66,36,38,50,123,106,27,9" hai2="40,26,7,101,102,25,69,134,10,98,125,20,74" hai3="22,32,82,91,46,117,85,105,12,93,34,16,70"/><W4/><G70/><T18/><D35/><U77/><E111/><V15/><F69/><W68/><G68/><T96/><D0/><U109/><E109/><V5/><F74/><W97/><G117/><T21/><D126/><U130/><E106/><V8/><F125/><W127/><G127/><T87/><D96/><U73/><E66/><V71/><F71/><W113/><G113/><T54/><D42/><U55/><E130/><V33/><F40/><W104/><G4/><T75/><D75/><U45/><E77/><V99/><F20/><W122/><G122/><T52/><D87/><U135/><E73/><V2/><F134/><N who="0" m="51818" /><D67/><U92/><E92/><V62/><F62/><N who="0" m="24170" /><D49/><U88/><E123/><V103/><REACH who="2" step="1"/><F26/><REACH who="2" ten="262,417,188,123" step="2"/><W59/><G59/><T80/><D114/><U110/><E27/><V128/><F128/><W95/><G46/><T121/><D121/><U19/><E45/><V63/><F63/><W119/><G119/><T43/><D43/><U23/><E41/><V65/><F65/><W3/><G3/><T83/><D84/><U64/><E64/><V6/><F6/><W131/><G131/><T13/><AGARI ba="0,1" hai="13,18,21,52,54,80,81,83" m="24170,51818" machi="13" ten="40,2700,0" yaku="20,1,54,1" doraHai="31" who="0" fromWho="0" sc="262,37,417,-7,188,-7,123,-13" owari="299,10.0,410,51.0,181,-22.0,110,-39.0" /></mjloggm>