<mjloggm ver="2.3"><GO type="169" lobby="0"/><UN n0="%E3%81%8D%E3%81%BE%E3%81%99" n1="%33%72%64%73%74%61%67%65" n2="%6D%61%74%6F%30%36%30%33" n3="%E6%84%9B%E5%86%85%E9%87%8C%E8%8F%9C" dan="17,18,18,18" rate="2205.86,2217.46,2290.64,2181.22" sx="M,M,M,F"/><TAIKYOKU oya="0"/><INIT seed="0,0,0,3,5,6" ten="250,250,250,250" oya="0" hai0="114,74,38,79,96,87,84,69,39,90,19,112,123" hai1="97,72,75,106,34,40,55,120,103,98,27,113,61" hai2="42,8,127,118,47,121,67,125,53,116,128,12,124" hai3="85,14,86,46,33,41,3,58,92,126,117,10,13"/><T15/><D123/><U9/><E120/><V109/><F109/><W43/><G117/><N who="2" m="45161" /><F121/><W70/><G70/><T44/><D69/><U83/><E113/><V24/><F24/><W59/><G33/><T132/><D132/><U131/><E131/><V73/><F73/><W0/><G92/><T21/><D74/><U82/><E40/><V37/><F128/><W108/><G108/><T93/><D84/><U89/><E34/><V134/><F134/><W20/><G20/><T22/><D22/><U35/><E75/><V130/><F130/><W11/><REACH who="3" step="1"/><G46/><REACH who="3" ten="250,250,250,240" step="2"/><T88/><D114/><U45/><E45/><V17/><F67/><W7/><G7/><T18/><D112/><U129/><E129/><V50/><F37/><W102/><G102/><T36/><D44/><U133/><E103/><V111/><F111/><W80/><G80/><T49/><D38/><U4/><E83/><V32/><F32/><W105/><G105/><T26/><D39/><U100/><E133/><V2/><F2/><W107/><G107/><T63/><D36/><U57/><E106/><V29/><F29/><W64/><G64/><T54/><D93/><U68/><E100/><V51/><F42/><W66/><G66/><T81/><D81/><U104/><E35/><V78/><F47/><W99/><G99/><T25/><D96/><U95/><E104/><V115/><F115/><W76/><G76/><T65/><D79/><N who="1" m="44391" /><E98/><V56/><F78/><W62/><G62/><AGARI ba="0,1" hai="8,12,17,50,51,53,56,62,124,125,127" m="45161" machi="62" ten="40,5200,0" yaku="18,1,12,1,52,1" doraHai="6" who="2" fromWho="3" sc="250,0,250,0,250,62,240,-52" /><INIT seed="1,0,0,0,2,74" ten="250,250,312,188" oya="1" hai0="33,30,133,109,44,86,16,83,119,73,28,6,124" hai1="76,104,85,36,35,71,117,134,62,14,115,103,60" hai2="59,13,82,122,131,68,37,123,54,92,53,22,4" hai3="46,19,70,32,110,94,17,128,107,106,9,61,90"/><U7/><E117/><V97/><F68/><W52/><G32/><T72/><D109/><U26/><E115/><V20/><F37/><W101/><G110/><T1/><D133/><U57/><E36/><V10/><F131/><W48/><G128/><T51/><D119/><U39/><E39/><V99/><F123/><W108/><G108/><T112/><D112/><U121/><E121/><V91/><F122/><W130/><G130/><T126/><D6/><U96/><E134/><V56/><F82/><W24/><G101/><T81/><D1/><U18/><E7/><V45/><F45/><W2/><G2/><T88/><D81/><U69/><E62/><V78/><F78/><W38/><G38/><T120/><D16/><U64/><E85/><V118/><F118/><W116/><G17/><T11/><D11/><U98/><E98/><V75/><F75/><N who="0" m="28746" /><D33/><U25/><E76/><V55/><F99/><W67/><G116/><T15/><D15/><U102/><E102/><V27/><REACH who="2" step="1"/><F22/><REACH who="2" ten="250,250,302,188" step="2"/><W63/><G70/><T66/><D120/><U95/><E35/><V23/><F23/><W40/><G46/><T105/><D44/><U50/><E71/><V8/><F8/><W5/><G9/><T42/><D83/><U41/><E69/><V77/><F77/><W79/><G79/><T21/><D21/><N who="1" m="11479" /><E104/><V135/><F135/><W127/><G106/><T12/><D105/><U125/><E125/><V84/><F84/><W129/><G127/><T113/><D124/><U31/><E96/><V111/><F111/><W100/><G129/><T29/><D126/><U87/><E87/><RYUUKYOKU ba="0,1" sc="250,-10,250,-10,302,30,188,-10" hai2="4,10,13,20,27,53,54,55,56,59,91,92,97" /><INIT seed="2,1,1,3,0,123" ten="240,240,332,178" oya="2" hai0="88,51,30,17,45,98,37,35,26,86,78,57,102" hai1="11,77,69,116,16,23,81,134,120,84,113,12,130" hai2="6,121,93,53,62,132,27,42,73,46,38,34,103" hai3="8,85,79,125,67,4,117,24,126,108,109,44,76"/><V58/><F121/><W74/><G117/><T89/><D37/><U94/><E120/><V83/><F132/><W15/><G74/><T133/><D133/><U95/><E134/><V112/><F112/><W2/><G67/><T97/><D17/><U56/><E69/><V96/><F6/><W63/><G63/><T43/><D57/><U25/><E113/><V41/><F41/><W10/><G24/><T55/><D43/><U106/><E106/><V68/><F68/><W90/><G44/><T59/><D59/><U18/><E116/><V33/><REACH who="2" step="1"/><F27/><REACH who="2" ten="240,240,322,178" step="2"/><W110/><G126/><T72/><D26/><U122/><E122/><V91/><F91/><W47/><G125/><T71/><D89/><U40/><E40/><V29/><F29/><W66/><G66/><T119/><D30/><U75/><E130/><V39/><F39/><W60/><G60/><T49/><D119/><U127/><E127/><V0/><F0/><W118/><G118/><T124/><D71/><U128/><E128/><V14/><F14/><W36/><G36/><T107/><D124/><U3/><E3/><V52/><F52/><W61/><G61/><T21/><D55/><U99/><E12/><V135/><F135/><W9/><G2/><T114/><D88/><N who="1" m="53511" /><E18/><V80/><F80/><N who="3" m="49447" /><G15/><T82/><D114/><U54/><E54/><V70/><F70/><W28/><G28/><T64/><D64/><U1/><E1/><V131/><F131/><W100/><G4/><T115/><D115/><U101/><E11/><V31/><F31/><W32/><G8/><T105/><D82/><U13/><E13/><RYUUKYOKU ba="1,2" sc="240,-15,240,15,322,15,178,-15" hai1="16,23,25,56,75,77,81,95,99,101" hai2="33,34,38,42,46,53,58,62,73,83,93,96,103" /><INIT seed="2,2,2,3,4,66" ten="225,255,337,163" oya="2" hai0="46,28,118,79,135,122,50,107,31,24,105,12,86" hai1="51,100,9,21,63,113,94,101,68,14,91,109,37" hai2="67,27,16,70,36,73,71,99,19,78,56,128,129" hai3="114,76,48,43,75,72,131,125,89,11,58,117,85"/><V123/><F36/><W62/><G117/><T6/><D122/><U52/><E37/><V98/><F123/><W61/><G76/><T35/><D135/><U84/><E113/><V26/><F56/><W30/><G114/><T40/><D31/><U5/><E109/><V104/><F104/><W121/><G121/><T53/><D53/><U103/><E21/><V18/><F78/><W7/><G30/><T32/><D32/><U119/><E119/><V57/><F57/><W33/><G33/><T81/><REACH who="0" step="1"/><D118/><REACH who="0" ten="215,255,337,163" step="2"/><U47/><REACH who="1" step="1"/><E63/><REACH who="1" ten="215,245,337,163" step="2"/><V3/><F129/><W29/><G131/><T124/><D124/><U88/><E88/><V134/><F128/><W95/><G125/><T115/><D115/><U120/><E120/><V39/><F134/><W87/><G61/><T92/><D92/><U2/><E2/><V4/><F3/><W77/><G62/><T108/><D108/><U133/><E133/><V59/><F27/><W44/><G29/><T15/><D15/><U38/><E38/><V102/><F39/><W93/><G93/><T82/><D82/><U34/><E34/><V83/><F83/><W60/><G60/><T22/><D22/><U112/><E112/><V132/><F26/><W65/><G65/><T20/><D20/><U96/><E96/><V17/><F67/><W106/><G106/><T126/><D126/><U55/><E55/><V127/><F127/><W74/><G95/><T42/><D42/><U23/><E23/><V110/><F110/><W116/><G116/><T1/><D1/><U41/><E41/><V13/><N who="2" m="4096" /><DORA hai="8" /><V64/><F132/><RYUUKYOKU ba="2,4" sc="215,15,245,15,337,-15,163,-15" hai0="6,12,24,28,35,40,46,50,79,81,86,105,107" hai1="5,9,14,47,51,52,68,84,91,94,100,101,103" /><INIT seed="3,3,4,3,2,42" ten="230,260,322,148" oya="3" hai0="121,127,15,132,92,35,116,29,28,37,0,30,31" hai1="90,133,134,59,115,54,41,45,111,40,93,12,94" hai2="119,48,131,67,102,130,100,128,13,126,52,113,95" hai3="64,26,11,1,33,16,71,106,86,123,76,22,14"/><W20/><G123/><T8/><D37/><U2/><E115/><V124/><F113/><W57/><G106/><T118/><D92/><U98/><E2/><V36/><F119/><N who="0" m="45610" /><D121/><U58/><E111/><V75/><F75/><W5/><G71/><T62/><D62/><U56/><E12/><V101/><F36/><W55/><G64/><T117/><N who="0" m="45618" /><T97/><DORA hai="120" /><D97/><N who="1" m="57527" /><E134/><V85/><F67/><W17/><G33/><T53/><D53/><U50/><E133/><V4/><F85/><W108/><G108/><T88/><D88/><AGARI ba="3,4" hai="40,41,45,50,54,56,58,59,88,94,98" m="57527" machi="88" ten="30,3900,0" yaku="8,1,52,1,54,1" doraHai="42,120" who="1" fromWho="0" sc="230,-48,260,88,322,0,148,0" /><INIT seed="4,0,0,5,4,67" ten="182,348,322,148" oya="0" hai0="15,34,41,2,21,3,78,126,19,29,24,117,35" hai1="20,18,62,23,110,39,71,7,42,119,85,118,70" hai2="59,102,11,73,66,82,30,53,55,108,45,6,26" hai3="14,87,74,48,56,90,103,93,97,81,111,60,64"/><T25/><D41/><U114/><E110/><V27/><F108/><W31/><G111/><T105/><D78/><U121/><E121/><V116/><F116/><W92/><G74/><T36/><D105/><U13/><E114/><V123/><F123/><W69/><G31/><N who="0" m="19823" /><D36/><U98/><E7/><V16/><F102/><W124/><G124/><T95/><D95/><U109/><E109/><V115/><F115/><W61/><G14/><T120/><D120/><U28/><E62/><N who="2" m="38239" /><F6/><W131/><G131/><T100/><D100/><U76/><E98/><V63/><F30/><W40/><G61/><T134/><D134/><U10/><E118/><V129/><F129/><W38/><G38/><T12/><D126/><U50/><E39/><V77/><F73/><W122/><G122/><T47/><D47/><U68/><E28/><V101/><F101/><W107/><REACH who="3" step="1"/><G56/><REACH who="3" ten="182,348,322,138" step="2"/><T133/><D117/><U89/><E119/><V1/><F63/><W84/><G84/><T17/><D133/><U9/><E9/><AGARI ba="0,1" hai="2,3,9,12,15,17,19,21,24,29,35" m="19823" machi="9" ten="30,12000,1" yaku="35,5" doraHai="67" who="0" fromWho="1" sc="182,130,348,-120,322,0,138,0" /><INIT seed="4,1,0,0,2,104" ten="312,228,322,138" oya="0" hai0="114,53,60,95,85,100,45,127,58,130,71,105,94" hai1="92,119,135,51,27,50,40,109,10,97,59,3,56" hai2="70,36,35,12,131,113,24,57,42,116,68,108,28" hai3="20,77,112,21,29,115,124,17,98,22,32,34,54"/><T126/><D114/><N who="3" m="43561" /><G98/><N who="0" m="61591" /><D130/><U99/><E3/><V69/><F108/><W91/><G77/><T15/><D71/><U87/><E109/><V8/><F113/><W2/><G91/><N who="0" m="53615" /><D95/><U134/><E10/><V14/><F57/><W19/><G54/><T13/><D45/><U89/><E119/><V41/><F116/><W132/><G132/><N who="1" m="50730" /><E27/><V52/><F131/><W128/><G128/><T16/><D16/><N who="3" m="6217" /><G124/><AGARI ba="1,0" hai="13,15,53,58,60,124,126,127" m="53615,61591" machi="124" ten="30,1500,0" yaku="18,1" doraHai="104" who="0" fromWho="3" sc="312,18,228,0,322,0,138,-18" /><INIT seed="4,2,0,1,3,77" ten="330,228,322,120" oya="0" hai0="110,5,13,71,44,28,53,82,133,74,54,34,91" hai1="46,124,78,105,99,19,9,0,30,31,119,97,20" hai2="10,92,67,17,109,64,48,81,61,65,83,51,89" hai3="56,132,62,84,16,134,72,125,87,69,96,107,23"/><T7/><D110/><U80/><E119/><V93/><F109/><W104/><G69/><T122/><D71/><U47/><E124/><V36/><F36/><W27/><G72/><T106/><D106/><U100/><E99/><N who="2" m="57743" /><F61/><W131/><G125/><T59/><D133/><U43/><E0/><V68/><F68/><W115/><G107/><T88/><D122/><U118/><E9/><V116/><F116/><W18/><G87/><T112/><D112/><U12/><E118/><V101/><F93/><W117/><G115/><T49/><D28/><U114/><E47/><V6/><F6/><W135/><G117/><T75/><D34/><U24/><E12/><N who="2" m="7319" /><F101/><W95/><G104/><T113/><D113/><U79/><E79/><V58/><F58/><W128/><G18/><T102/><D102/><U2/><E2/><V14/><F14/><W130/><G84/><T3/><D3/><U120/><E120/><V127/><F127/><W11/><G11/><T108/><D108/><U21/><E21/><V57/><F57/><W76/><G76/><T4/><D13/><U25/><E25/><V129/><F129/><W85/><G85/><T50/><REACH who="0" step="1"/><D91/><REACH who="0" ten="320,228,322,120" step="2"/><U42/><E114/><V29/><F29/><W66/><REACH who="3" step="1"/><G135/><REACH who="3" ten="320,228,322,110" step="2"/><T52/><D52/><U35/><E105/><V63/><F67/><W8/><G8/><T86/><AGARI ba="2,2" hai="4,5,7,44,49,50,53,54,59,74,75,82,86,88" machi="86" ten="30,18000,2" yaku="1,1,0,1,52,1,54,1,53,3" doraHai="77" doraHaiUra="1" who="0" fromWho="0" sc="320,206,228,-62,322,-62,110,-62" /><INIT seed="4,3,0,4,2,0" ten="526,166,260,48" oya="0" hai0="114,109,42,25,73,28,124,22,16,3,20,5,71" hai1="76,64,101,66,55,60,107,54,133,82,87,44,111" hai2="135,41,84,63,94,119,72,15,49,99,113,19,131" hai3="128,18,108,130,17,2,32,27,23,121,78,122,91"/><T125/><D71/><U95/><E111/><V85/><F72/><W106/><G106/><T126/><D42/><U43/><E107/><V112/><F131/><N who="3" m="50219" /><G91/><T36/><D36/><U48/><E133/><V92/><F135/><W105/><G78/><T74/><D109/><U118/><E118/><V120/><F120/><N who="3" m="46187" /><G105/><T116/><D114/><U69/><E69/><V33/><F119/><W123/><N who="3" m="46195" /><W90/><DORA hai="59" /><G90/><T93/><D116/><U81/><E81/><V56/><F113/><W58/><G58/><T30/><D93/><U89/><E101/><V7/><F56/><W38/><G38/><T31/><D74/><U88/><E76/><V34/><F112/><W10/><G108/><T80/><D80/><U40/><E40/><V14/><F94/><W8/><G32/><T9/><D73/><U98/><REACH who="1" step="1"/><E60/><REACH who="1" ten="526,156,260,48" step="2"/><V68/><F63/><W4/><G10/><T77/><D77/><U52/><AGARI ba="3,1" hai="43,44,48,52,54,55,64,66,82,87,88,89,95,98" machi="52" ten="30,12000,2" yaku="1,1,2,1,0,1,8,1,54,2,53,0" doraHai="0,59" doraHaiUra="35,21" who="1" fromWho="1" sc="526,-63,156,139,260,-33,48,-33" /><INIT seed="5,0,0,1,3,19" ten="463,295,227,15" oya="1" hai0="5,12,35,55,71,83,122,118,114,43,88,92,31" hai1="73,99,112,68,94,98,61,134,75,29,64,30,42" hai2="72,11,0,103,128,113,106,123,85,70,51,23,125" hai3="46,110,57,15,105,130,84,80,101,90,81,27,79"/><U33/><E112/><V82/><F123/><W107/><G130/><T67/><D114/><U20/><E33/><V132/><F70/><W13/><G110/><T17/><D122/><U66/><E42/><V109/><F51/><W120/><G120/><T26/><D5/><U111/><E134/><V2/><F11/><W62/><G46/><T135/><D43/><U131/><E111/><V69/><F69/><W76/><G27/><T116/><D83/><U108/><E108/><V91/><F0/><W9/><G101/><T104/><D55/><U8/><E68/><V49/><F49/><W86/><G90/><T7/><D104/><U97/><E97/><V95/><F2/><W14/><REACH who="3" step="1"/><G9/><REACH who="3" ten="463,295,227,5" step="2"/><T10/><D118/><U38/><E8/><V58/><F91/><W89/><G89/><T24/><D116/><U47/><E47/><V52/><F103/><W93/><G93/><T126/><D26/><U65/><E94/><V50/><F95/><W44/><G44/><T6/><D88/><U77/><E131/><V41/><F128/><W96/><G96/><T45/><D92/><U87/><E99/><V124/><F109/><W100/><G100/><T129/><D45/><U39/><E98/><V102/><F102/><W56/><G56/><T28/><D129/><U54/><E39/><V1/><F58/><W63/><G63/><T3/><D71/><U127/><E38/><V22/><F113/><W25/><G25/><T60/><D24/><N who="1" m="16519" /><E30/><V74/><F41/><W34/><G34/><T37/><D31/><U115/><E115/><V4/><F106/><W18/><G18/><RYUUKYOKU ba="0,1" sc="463,-10,295,-10,227,-10,5,30" hai3="13,14,15,57,62,76,79,80,81,84,86,105,107" /><INIT seed="6,1,1,0,3,99" ten="453,285,217,35" oya="2" hai0="132,46,87,42,125,23,84,124,94,120,21,65,35" hai1="5,96,28,112,7,6,128,134,52,108,44,97,119" hai2="127,92,11,55,2,135,66,126,16,67,13,1,72" hai3="61,106,45,113,129,101,37,91,54,95,62,57,90"/><V9/><F72/><W48/><G129/><T102/><D35/><U118/><E108/><V69/><F135/><W107/><G113/><T60/><D132/><U19/><E134/><V31/><F31/><W24/><G107/><T20/><D102/><U15/><E112/><V121/><F121/><W93/><G106/><T88/><D84/><U14/><E28/><V85/><F55/><W105/><G105/><T89/><D89/><U73/><E73/><V0/><F69/><W27/><G37/><T98/><D87/><U71/><E71/><V38/><F38/><W123/><G123/><T22/><D22/><U111/><E111/><V115/><F115/><W36/><G36/><N who="0" m="21831" /><D120/><U50/><E128/><V77/><F11/><W75/><G75/><T29/><D29/><U110/><E110/><V8/><F8/><W74/><G74/><T18/><D60/><U80/><E80/><N who="2" m="47247" /><F92/><W49/><G45/><T39/><D65/><U47/><E47/><V3/><F3/><W53/><REACH who="3" step="1"/><G57/><REACH who="3" ten="453,285,217,25" step="2"/><T78/><D39/><U10/><E44/><V34/><F34/><W33/><G33/><T32/><D32/><U12/><E119/><V122/><F122/><W104/><G104/><T116/><D116/><U43/><E118/><V30/><F127/><W59/><G59/><T131/><D125/><U63/><E43/><V25/><F126/><W103/><AGARI ba="1,2" hai="24,27,48,49,53,54,61,62,90,91,93,95,101,103" machi="103" ten="25,12000,2" yaku="1,1,0,1,22,2,8,1,52,2,53,0" doraHai="99" doraHaiUra="133" who="3" fromWho="3" sc="453,-31,285,-31,217,-61,25,143" /><INIT seed="7,0,0,3,4,134" ten="422,254,156,168" oya="3" hai0="61,54,127,18,71,27,106,59,117,100,112,1,90" hai1="108,99,116,69,23,60,93,85,56,58,3,16,0" hai2="83,30,128,12,24,51,80,47,82,125,119,78,49" hai3="81,13,11,42,101,64,25,4,50,43,55,121,115"/><W132/><G121/><T135/><D1/><U94/><E108/><V118/><F118/><W52/><G132/><T32/><D27/><U36/><E36/><V28/><F119/><W103/><G115/><T35/><D18/><U89/><E69/><V111/><F111/><W22/><G64/><T48/><D35/><U124/><E124/><V96/><F125/><W33/><G33/><T95/><D95/><U46/><E46/><V76/><F128/><W72/><G81/><T88/><D88/><N who="1" m="53391" /><E56/><V66/><F66/><W122/><G72/><T84/><D84/><U20/><E20/><N who="2" m="15367" /><F30/><N who="3" m="17719" /><G122/><T45/><D90/><U129/><E129/><V114/><F114/><W5/><G5/><T126/><D100/><N who="3" m="38473" /><G55/><N who="0" m="30095" /><D106/><U8/><E116/><V110/><F110/><W34/><G34/><T131/><D32/><U73/><E73/><V102/><F102/><W38/><G38/><T9/><D131/><U87/><E3/><V68/><F68/><W86/><G86/><T6/><D112/><U37/><E37/><V79/><F96/><W77/><G77/><T107/><D6/><U98/><E0/><V123/><F123/><W62/><G62/><N who="0" m="36215" /><D107/><U75/><E75/><V17/><F47/><AGARI ba="0,0" hai="4,11,13,42,43,47,50,52" m="38473,17719" machi="47" ten="30,2900,0" yaku="8,1,54,1" doraHai="134" who="3" fromWho="2" sc="422,0,254,0,156,-29,168,29" /><INIT seed="7,1,0,2,3,127" ten="422,254,127,197" oya="3" hai0="45,122,80,51,59,84,2,118,128,87,4,61,113" hai1="28,103,109,100,125,32,65,91,76,10,11,14,64" hai2="42,115,0,48,72,52,74,85,58,97,132,81,112" hai3="23,43,101,121,67,111,131,57,62,8,53,19,78"/><W126/><G121/><T135/><D135/><U38/><E38/><V41/><F0/><W15/><G126/><T20/><D87/><U120/><E120/><V102/><F132/><W12/><G111/><T79/><D113/><U44/><E76/><V16/><F41/><W94/><G78/><T21/><D4/><U55/><E109/><V9/><F42/><W110/><G110/><T106/><D20/><U71/><E32/><V114/><F85/><W46/><G101/><T37/><D21/><U98/><E28/><V13/><F81/><W90/><G67/><T17/><D17/><U63/><E11/><V47/><F47/><W108/><G108/><T6/><D6/><U88/><E65/><V99/><F99/><W33/><G33/><T129/><D2/><U40/><E55/><V70/><F70/><W73/><G73/><T50/><D37/><U134/><E125/><V117/><F117/><W119/><G119/><T49/><D122/><U116/><E116/><V104/><AGARI ba="1,0" hai="9,13,16,48,52,58,72,74,97,102,104,112,114,115" machi="104" ten="30,7900,0" yaku="0,1,15,1,54,2" doraHai="127" who="2" fromWho="2" sc="422,-21,254,-21,127,82,197,-40" owari="401,50.0,233,3.0,209,-19.0,157,-34.0" /></mjloggm>