<mjloggm ver="2.3"><GO type="185" lobby="0"/><UN n0="%E3%81%B6%E3%82%8B%E3%81%AF%E3%81%A4" n1="%E4%BC%8F%E5%B1%8B" n2="%E3%81%82%E3%81%9F%E3%82%89%E3%81%AA%E3%81%84%E3%81%A7%EF%BC%81" n3="" dan="16,16,17,0" rate="2138.62,2164.99,2226.57,1500.00" sx="M,M,M,C"/><TAIKYOKU oya="0"/><INIT seed="0,0,0,3,0,87" ten="350,350,350,0" oya="0" hai0="88,63,46,99,95,105,113,94,3,80,70,102,53" hai1="127,36,52,76,75,51,40,128,66,73,85,91,123" hai2="67,54,129,82,89,72,50,97,56,126,2,34,71" hai3=""/><T78/><D3/><U98/><N who="1" m="31520" /><U84/><E128/><V106/><F2/><T125/><D113/><U101/><E127/><V41/><F34/><T43/><D125/><U44/><E66/><V115/><F126/><T47/><D70/><U114/><E114/><V124/><F115/><T116/><D116/><U92/><E76/><V0/><F124/><T117/><D117/><U61/><E61/><V122/><N who="2" m="31264" /><V109/><F0/><T45/><D43/><U49/><E36/><V104/><F129/><T33/><D33/><U57/><REACH who="1" step="1"/><E85/><REACH who="1" ten="350,340,350,0" step="2"/><V133/><F67/><T48/><D63/><U35/><E35/><V110/><F72/><T62/><D62/><U131/><E131/><V119/><F119/><T83/><D78/><U58/><E58/><V93/><F71/><T118/><D118/><U132/><E132/><V135/><F135/><T64/><D64/><U55/><E55/><V60/><F133/><T86/><REACH who="0" step="1"/><D105/><AGARI ba="0,1" hai="40,44,49,51,52,57,73,75,84,91,92,98,101,105" m="31520" machi="105" ten="30,12000,2" yaku="1,1,7,1,52,2,54,1,53,2" doraHai="87" doraHaiUra="107" who="1" fromWho="0" sc="350,-120,340,130,350,0,0,0" /><INIT seed="1,0,0,5,4,72" ten="230,470,350,0" oya="1" hai0="50,84,113,64,51,47,78,41,68,60,109,111,53" hai1="75,127,49,124,135,96,39,121,76,81,85,102,117" hai2="32,67,79,105,42,71,95,65,86,115,112,106,34" hai3=""/><U125/><N who="1" m="31008" /><U97/><E39/><V43/><F95/><T69/><D78/><U123/><N who="1" m="31520" /><U73/><E117/><V129/><F86/><T66/><D84/><U91/><E49/><V54/><F54/><T101/><D101/><U59/><E59/><V83/><F83/><T77/><D77/><U55/><E55/><V94/><F94/><T88/><D88/><U116/><E116/><V133/><F79/><T89/><D89/><U48/><E48/><V36/><F36/><T33/><D33/><U63/><E63/><V119/><F119/><T57/><REACH who="0" step="1"/><D113/><REACH who="0" ten="220,470,350,0" step="2"/><U104/><E135/><V3/><F133/><T114/><D114/><U120/><N who="1" m="30752" /><U132/><E132/><V110/><F112/><T46/><D46/><U122/><N who="1" m="31264" /><U93/><AGARI ba="0,1" hai="73,75,76,81,85,91,93,96,97,102,104,124,125,127" m="31264,30752,31520,31008" machi="93" ten="40,24000,4" yaku="4,1,0,1,18,1,34,3,52,5" doraHai="72" who="1" fromWho="1" sc="220,-120,470,250,350,-120,0,0" /><INIT seed="1,1,0,1,1,134" ten="100,720,230,0" oya="1" hai0="129,100,95,121,66,62,123,37,79,53,112,60,110" hai1="42,113,116,128,80,1,133,92,43,88,122,106,40" hai2="117,78,108,82,74,81,93,49,132,104,109,107,68" hai3=""/><U99/><N who="1" m="31264" /><U85/><E116/><V111/><F68/><T125/><N who="0" m="31008" /><T50/><N who="0" m="31520" /><T70/><D112/><U94/><E113/><V48/><F117/><T119/><D119/><U126/><E1/><V102/><F132/><T61/><D129/><U77/><E133/><V2/><F2/><T52/><D110/><U3/><E3/><V44/><F49/><T115/><D115/><U46/><E106/><V131/><F131/><T101/><D79/><U69/><E69/><V127/><F82/><T32/><D32/><U120/><N who="1" m="30752" /><U33/><E33/><V71/><F71/><T76/><D76/><U73/><E128/><V84/><F127/><T105/><D105/><U34/><E126/><V63/><F63/><T86/><D125/><U57/><E34/><V55/><F84/><T97/><D37/><U103/><E57/><V54/><F54/><T135/><D135/><U64/><E64/><V130/><F130/><T51/><D86/><U83/><REACH who="1" step="1"/><E80/><REACH who="1" ten="100,710,230,0" step="2"/><V98/><AGARI ba="1,1" hai="44,48,55,74,78,81,93,98,102,104,107,108,109,111" machi="98" ten="40,2000,0" yaku="0,1,14,1" doraHai="134" who="2" fromWho="2" sc="100,-8,710,-14,230,32,0,0" /><INIT seed="2,0,0,2,2,93" ten="92,696,262,0" oya="2" hai0="62,33,118,64,53,35,89,32,95,97,88,42,38" hai1="0,91,103,46,75,65,58,60,1,41,59,130,54" hai2="115,94,85,87,111,92,134,135,44,56,79,66,104" hai3=""/><V34/><F34/><T70/><D118/><U98/><E130/><V120/><N who="2" m="30752" /><V76/><F104/><T61/><D42/><U110/><E75/><V49/><F115/><T125/><D125/><U51/><E91/><V3/><F3/><T121/><N who="0" m="31008" /><T36/><REACH who="0" step="1"/><D89/><REACH who="0" ten="82,696,262,0" step="2"/><U123/><N who="1" m="31520" /><U82/><E110/><V80/><F111/><T99/><D99/><U68/><E1/><V72/><F134/><T100/><D100/><U43/><E0/><V131/><F135/><T2/><D2/><U52/><E41/><V37/><F131/><T133/><D133/><U105/><E82/><V107/><F107/><T119/><D119/><U117/><E117/><V40/><F76/><T101/><D101/><U63/><E43/><V132/><F132/><T113/><D113/><U69/><AGARI ba="0,1" hai="46,51,52,54,58,59,60,63,65,68,69,98,103,105" m="31520" machi="69" ten="30,5900,0" yaku="0,1,52,2,54,1" doraHai="93" who="1" fromWho="1" sc="82,-20,696,69,262,-39,0,0" /><INIT seed="4,0,0,2,2,67" ten="62,765,223,0" oya="0" hai0="89,107,37,76,87,64,115,123,51,80,100,54,56" hai1="41,66,32,70,110,81,35,114,33,127,113,112,84" hai2="49,88,109,132,101,47,116,90,78,117,42,57,111" hai3=""/><T130/><N who="0" m="31520" /><T99/><D37/><U43/><E110/><V103/><F132/><T135/><D135/><U36/><E127/><V131/><F131/><T85/><D130/><U129/><E129/><V118/><F78/><T71/><D115/><U74/><E74/><V39/><F103/><T55/><D55/><U122/><N who="1" m="31264" /><U45/><E43/><V79/><F79/><T102/><D102/><U94/><E94/><V105/><F101/><T106/><D64/><U52/><E52/><V40/><F105/><T92/><REACH who="0" step="1"/><D71/><REACH who="0" ten="52,765,223,0" step="2"/><U0/><E0/><V120/><N who="2" m="30752" /><V62/><F39/><T134/><D134/><U96/><E66/><V50/><F118/><T128/><D128/><U34/><E34/><V108/><F117/><T1/><D1/><U97/><E70/><V121/><F116/><T61/><D61/><U68/><E68/><V44/><N who="2" m="31008" /><V119/><F119/><T77/><D77/><AGARI ba="0,1" hai="32,33,35,36,41,45,77,81,84,96,97,112,113,114" m="31264" machi="77" ten="50,6400,0" yaku="15,1,11,1,52,1" doraHai="67" who="1" fromWho="0" sc="52,-64,765,74,223,0,0,0" owari="-12,-61.0,839,79.0,223,-18.0,0,0.0" /></mjloggm>