<mjloggm ver="2.3"><GO type="225" lobby="0"/><UN n0="%E5%B6%BA%E4%B8%8A%E5%92%B2" n1="%47%2E%4B%2E" n2="%E9%81%85%E5%88%BB%E3%81%AE%E3%83%97%E3%83%AA%E3%83%B3%E3%82%B9%E2%99%AA" n3="%E3%82%8F%E3%81%A3%E3%81%97%E3%82%87%E3%81%84%E5%90%9B%32%E5%8F%B7" dan="17,17,16,17" rate="2216.42,2217.32,2148.13,2229.19" sx="M,M,F,M"/><TAIKYOKU oya="0"/><INIT seed="0,0,0,0,1,17" ten="250,250,250,250" oya="0" hai0="25,7,60,49,75,57,98,70,135,14,128,73,101" hai1="18,46,65,67,112,40,99,41,22,12,91,15,132" hai2="134,6,100,74,95,80,120,10,129,8,26,121,66" hai3="11,81,21,23,117,118,126,47,5,97,61,44,82"/><T108/><D128/><U35/><E132/><V63/><F134/><W131/><G131/><T106/><D135/><U30/><E112/><V37/><F129/><W9/><G97/><T105/><D105/><U28/><E15/><V72/><F37/><W0/><G61/><T59/><D70/><U38/><E40/><V130/><F130/><W32/><G5/><T68/><D68/><U123/><E123/><V124/><F124/><W42/><G42/><T52/><D108/><U84/><E99/><V127/><F127/><W92/><G92/><T56/><D25/><U36/><E36/><V113/><F113/><W76/><G126/><T13/><D57/><U62/><E35/><V104/><F104/><W55/><G55/><T1/><D1/><U77/><E77/><V87/><F26/><W83/><G76/><T115/><D115/><U20/><E20/><N who="3" m="7754" /><G32/><T90/><D7/><U45/><E45/><N who="3" m="17482" /><G0/><T3/><D3/><U88/><E65/><V64/><F64/><W110/><G110/><T107/><D107/><U48/><E38/><V34/><F34/><W71/><G71/><T96/><D75/><U50/><E50/><V89/><F6/><W51/><G51/><T53/><D73/><N who="2" m="28266" /><F121/><W122/><G122/><T114/><D114/><U125/><E125/><V58/><F120/><W93/><G93/><T94/><AGARI ba="0,0" hai="13,14,49,52,53,56,59,60,90,94,96,98,101,106" machi="94" ten="30,3000,0" yaku="0,1,54,1" doraHai="17" who="0" fromWho="0" sc="250,30,250,-10,250,-10,250,-10" /><INIT seed="0,1,0,5,4,13" ten="280,240,240,240" oya="0" hai0="124,121,73,44,86,36,30,101,70,135,65,25,2" hai1="27,60,29,63,106,69,8,74,108,32,130,67,66" hai2="131,53,120,94,51,16,132,38,71,111,127,113,45" hai3="119,83,126,80,91,93,41,40,118,10,81,100,58"/><T34/><D121/><U64/><E108/><V35/><F120/><W129/><G126/><T112/><D112/><U115/><E130/><V90/><F113/><W92/><G129/><T12/><D73/><U75/><E115/><V56/><F131/><W43/><G58/><T89/><D2/><U15/><E106/><V31/><F127/><W104/><G10/><T47/><D135/><U48/><E48/><V52/><F111/><W72/><G72/><T54/><D101/><U125/><E125/><V33/><F71/><W82/><N who="3" m="20480" /><DORA hai="24" /><W39/><G39/><T84/><D36/><U42/><E42/><V6/><F6/><W18/><G18/><T98/><D65/><U3/><E66/><V122/><F122/><W87/><REACH who="3" step="1"/><G93/><REACH who="3" ten="280,240,240,230" step="2"/><N who="0" m="56623" /><D124/><U109/><E109/><V88/><F38/><W133/><G133/><T79/><D70/><U4/><E15/><V105/><F132/><W110/><G110/><T96/><D12/><U99/><E99/><AGARI ba="1,1" hai="40,41,43,87,91,92,99,100,104,118,119" m="20480" machi="99" ten="60,2000,0" yaku="1,1,53,0" doraHai="13,24" doraHaiUra="134,9" who="3" fromWho="1" sc="280,0,240,-23,240,0,230,33" /><INIT seed="1,0,0,0,1,1" ten="280,217,240,263" oya="1" hai0="130,122,127,59,14,6,64,63,87,3,109,114,8" hai1="117,41,79,98,135,78,54,116,68,19,95,71,0" hai2="103,104,60,69,29,107,126,27,113,9,35,38,25" hai3="28,88,30,100,67,49,90,129,57,101,121,105,52"/><U47/><E135/><V31/><F126/><W128/><G121/><T106/><D114/><U70/><E0/><V85/><F113/><W111/><G111/><T97/><D122/><U4/><E54/><V99/><F38/><W124/><G124/><T110/><D130/><N who="3" m="50281" /><G67/><T83/><D127/><U18/><E4/><V15/><F85/><W53/><G53/><T77/><D3/><U32/><E32/><V86/><F86/><W112/><G112/><T61/><D61/><U10/><E78/><V46/><F46/><W11/><G11/><T26/><D26/><U20/><E10/><V17/><F60/><W131/><N who="3" m="50289" /><W120/><DORA hai="39" /><G120/><T96/><REACH who="0" step="1"/><D106/><REACH who="0" ten="270,217,240,263" step="2"/><U16/><E20/><V42/><F107/><W5/><G105/><T91/><D91/><U55/><E79/><V34/><F69/><W82/><G90/><T74/><D74/><U133/><E133/><V23/><REACH who="2" step="1"/><F23/><REACH who="2" ten="270,217,230,263" step="2"/><W123/><G123/><T92/><D92/><U13/><E95/><V50/><F50/><W93/><G49/><T40/><D40/><AGARI ba="0,2" hai="9,15,17,25,27,29,31,34,35,40,42,99,103,104" machi="40" ten="40,8000,1" yaku="1,1,9,1,52,2,53,0" doraHai="1,39" doraHaiUra="72,45" who="2" fromWho="0" sc="270,-80,217,0,230,100,263,0" /><INIT seed="2,0,0,2,1,29" ten="190,217,330,263" oya="2" hai0="50,47,86,76,91,35,90,13,60,32,12,67,103" hai1="77,115,1,126,37,102,16,23,6,116,58,43,107" hai2="97,93,81,74,73,15,87,66,64,26,20,53,131" hai3="89,55,105,52,88,78,17,14,85,128,39,48,0"/><V117/><F117/><W108/><G39/><T3/><D3/><U25/><E115/><V4/><F131/><W11/><G128/><T57/><D103/><U135/><E116/><V100/><F73/><W9/><G105/><T118/><D118/><U111/><E111/><V82/><F74/><W109/><G78/><T18/><D76/><U80/><E135/><V38/><F38/><W110/><G55/><T44/><D44/><N who="1" m="23663" /><E58/><V129/><F129/><W30/><G30/><T133/><D133/><U106/><E102/><V34/><F53/><W63/><G63/><T127/><D127/><U22/><E22/><V92/><F92/><W65/><G65/><T45/><D45/><U114/><E114/><V96/><F96/><W56/><G85/><T71/><D71/><U27/><E27/><V70/><F70/><W31/><G31/><T7/><D7/><AGARI ba="0,0" hai="0,7,9,11,14,17,48,52,56,88,89,108,109,110" machi="7" ten="40,5200,0" yaku="14,1,54,2" doraHai="29" who="3" fromWho="0" sc="190,-52,217,0,330,0,263,52" /><INIT seed="3,0,0,3,0,26" ten="138,217,330,315" oya="3" hai0="24,127,2,46,5,31,20,77,58,28,102,59,79" hai1="122,32,66,11,22,128,133,67,135,63,43,88,130" hai2="125,61,3,93,69,117,72,25,29,68,129,49,91" hai3="124,97,16,89,119,21,83,114,113,115,6,110,73"/><W71/><G119/><T103/><D5/><U95/><E32/><V126/><F117/><W41/><G71/><T107/><D2/><U44/><E22/><V65/><F129/><N who="1" m="49769" /><E11/><V53/><F72/><W80/><G124/><N who="2" m="47721" /><F3/><W134/><G134/><N who="1" m="51210" /><E63/><V36/><F36/><W104/><G6/><T17/><D127/><U98/><E122/><V100/><F100/><N who="0" m="38442" /><D46/><U116/><E116/><V120/><F120/><W96/><G110/><T13/><D107/><U54/><E54/><V48/><F53/><W47/><G104/><T27/><D59/><U12/><E12/><V55/><F55/><W90/><G47/><T106/><D106/><U39/><AGARI ba="0,0" hai="39,43,44,66,67,88,95,98" m="51210,49769" machi="39" ten="30,4000,0" yaku="19,1,20,1,54,1" doraHai="26" who="1" fromWho="1" sc="138,-10,217,40,330,-10,315,-20" owari="128,-37.0,257,-14.0,320,41.0,295,10.0" /></mjloggm>