<mjloggm ver="2.3"><GO type="169" lobby="0"/><UN n0="%E9%B4%A8%E8%91%B1%E5%A4%AA%E9%83%8E" n1="%E5%AE%89%E8%89%AF%E5%B2%A1%E8%8A%B1%E7%81%AB" n2="%E3%83%8F%E3%82%BF%E3%83%A2%E3%83%88%E3%83%92%E3%83%AD" n3="%75%63%63%68%69%2D%30%32" dan="17,16,17,16" rate="2156.63,2087.61,2144.37,2181.48" sx="M,M,M,M"/><TAIKYOKU oya="0"/><INIT seed="0,0,0,2,1,37" ten="250,250,250,250" oya="0" hai0="15,79,14,17,66,65,84,70,29,126,108,117,114" hai1="46,60,42,48,125,47,22,85,24,55,44,4,121" hai2="80,91,98,13,99,123,130,101,112,7,86,61,88" hai3="87,82,54,18,40,116,32,34,72,83,68,5,113"/><T127/><D117/><U89/><E121/><V45/><F123/><W0/><G116/><T1/><D1/><U81/><E125/><V95/><F112/><W16/><G113/><T19/><D114/><U96/><E4/><V12/><F130/><W11/><G72/><T57/><D29/><U102/><E60/><V28/><F28/><W133/><G68/><T94/><D70/><U120/><E120/><V2/><F61/><W52/><G133/><T6/><D6/><U35/><E35/><V63/><F63/><W10/><G5/><T56/><D94/><U75/><E75/><V92/><REACH who="2" step="1"/><F45/><REACH who="2" ten="250,250,240,250" step="2"/><W3/><G87/><T100/><D84/><U74/><E74/><V62/><F62/><W97/><REACH who="3" step="1"/><G97/><REACH who="3" ten="250,250,240,240" step="2"/><T49/><D126/><U77/><E96/><V134/><F134/><W104/><G104/><T33/><D127/><U122/><E122/><V38/><F38/><W106/><G106/><T93/><D66/><U132/><E132/><V110/><F110/><W25/><G25/><T118/><D65/><U109/><E109/><V129/><F129/><W23/><G23/><T111/><D111/><U73/><E24/><V58/><F58/><W30/><G30/><T31/><D108/><U124/><E22/><V131/><F131/><W26/><G26/><T67/><D67/><U105/><E124/><V43/><F43/><AGARI ba="0,2" hai="0,3,10,11,16,18,32,34,40,43,52,54,82,83" machi="43" ten="25,12000,2" yaku="1,1,22,2,52,2,54,2,53,0" doraHai="37" doraHaiUra="90" who="3" fromWho="2" sc="250,0,250,0,240,-120,240,140" /><INIT seed="1,0,0,4,3,68" ten="250,250,120,380" oya="1" hai0="107,104,126,30,133,128,111,58,6,60,61,103,99" hai1="90,51,114,57,33,16,110,23,35,84,59,109,14" hai2="48,72,129,69,112,50,44,18,64,120,17,11,76" hai3="28,86,12,42,78,85,106,123,29,47,41,62,80"/><U1/><E114/><V92/><F120/><W63/><G106/><T40/><D128/><U9/><E35/><V115/><F129/><W89/><G123/><T34/><D133/><U91/><E33/><V38/><F92/><W45/><G12/><T125/><D107/><U19/><E1/><V130/><F11/><W121/><G121/><T10/><D40/><U81/><E91/><V0/><F0/><W65/><G65/><T124/><D111/><N who="1" m="42507" /><E51/><V5/><F50/><W119/><G119/><T7/><D61/><U77/><E77/><V108/><F48/><W2/><G2/><T36/><D36/><U75/><E75/><V122/><F122/><W37/><G63/><T93/><D104/><U96/><E96/><V46/><F130/><W83/><G62/><T22/><D34/><U134/><E134/><V20/><F76/><W3/><G3/><T71/><D71/><U101/><E101/><V94/><F72/><W31/><G31/><T70/><D70/><U116/><E116/><V100/><F108/><W55/><G55/><T4/><D30/><U52/><E52/><V135/><F64/><W32/><G32/><T13/><D22/><U97/><E97/><N who="2" m="59447" /><F69/><W27/><G27/><AGARI ba="0,0" hai="9,14,16,19,23,27,57,59,81,84,90" m="42507" machi="27" ten="30,5800,0" yaku="14,1,10,1,54,1" doraHai="68" who="1" fromWho="3" sc="250,0,250,58,120,0,380,-58" /><INIT seed="1,1,0,3,3,47" ten="250,308,120,322" oya="1" hai0="130,42,46,120,38,135,127,11,119,60,54,55,111" hai1="19,73,59,100,74,62,85,64,9,91,20,110,71" hai2="81,133,2,124,96,22,114,63,31,65,79,6,66" hai3="115,26,1,17,5,92,118,4,113,105,52,101,121"/><U44/><E110/><V40/><F133/><W128/><G121/><T33/><D33/><U69/><E9/><V122/><F124/><W61/><G128/><T87/><D119/><U99/><E44/><V58/><F114/><W109/><G109/><T37/><D111/><U32/><E32/><V104/><F66/><W35/><G118/><T12/><D38/><U23/><E74/><V98/><F104/><W93/><G105/><T106/><D106/><U45/><E73/><V97/><F40/><W24/><G35/><T117/><D120/><U86/><E23/><V14/><F2/><W21/><G26/><T18/><D135/><U67/><E45/><V80/><F79/><W83/><G83/><T70/><D130/><U43/><E43/><V68/><F68/><W123/><G93/><T28/><D28/><U51/><E71/><V78/><F78/><W16/><G17/><T72/><D72/><U103/><E99/><V0/><F0/><W75/><G75/><T27/><D27/><U88/><E85/><V39/><F39/><W36/><G36/><T76/><D127/><U29/><E29/><V112/><F112/><W125/><G125/><T132/><D132/><U13/><E67/><V50/><F31/><W82/><G123/><T94/><D117/><U90/><REACH who="1" step="1"/><E86/><REACH who="1" ten="250,298,120,322" step="2"/><V95/><F65/><W56/><G115/><T48/><D37/><U7/><E7/><V34/><F6/><W102/><G5/><T41/><D70/><U49/><E49/><V126/><F50/><W131/><G113/><T77/><D42/><U8/><E8/><V84/><F126/><RYUUKYOKU ba="1,1" sc="250,-10,298,30,120,-10,322,-10" hai1="13,19,20,51,59,62,64,69,88,90,91,100,103" /><INIT seed="1,2,1,2,4,13" ten="240,328,110,312" oya="1" hai0="130,115,4,57,98,89,43,45,32,77,19,21,36" hai1="68,95,3,122,48,31,73,93,83,106,56,76,59" hai2="49,109,133,110,117,25,74,90,94,12,9,84,35" hai3="85,46,16,92,104,23,132,8,70,103,34,41,51"/><U91/><E122/><V26/><F117/><W128/><G34/><T53/><D32/><U107/><E68/><V66/><F133/><W124/><G132/><T86/><D115/><U99/><E3/><V81/><F66/><W116/><G116/><T20/><D20/><U11/><E31/><V55/><F35/><W101/><G70/><T30/><D30/><U118/><E118/><V79/><F110/><W126/><G128/><T60/><D4/><U39/><E39/><V80/><F94/><W102/><G8/><T10/><D10/><U72/><E72/><V62/><F62/><W75/><G75/><T114/><D77/><U111/><E111/><V38/><F38/><W47/><G47/><T27/><D130/><U63/><E11/><V5/><F109/><W7/><G7/><T0/><D114/><U37/><E37/><V14/><F12/><N who="3" m="9607" /><G104/><T22/><D22/><U112/><E112/><V97/><F97/><N who="3" m="59559" /><G85/><T123/><D0/><U69/><E69/><V40/><F40/><W71/><G71/><T17/><D98/><U78/><E107/><V127/><F127/><AGARI ba="2,1" hai="41,46,51,102,103,124,126,127" m="59559,9607" machi="127" ten="30,3900,0" yaku="18,1,52,1,54,1" doraHai="13" who="3" fromWho="2" sc="240,0,328,0,110,-45,312,55" /><INIT seed="2,0,0,1,0,104" ten="240,328,65,367" oya="2" hai0="92,73,10,83,69,65,86,16,4,2,134,84,58" hai1="112,131,117,18,63,19,81,0,70,17,72,119,89" hai2="26,62,64,38,23,102,39,93,29,128,99,78,30" hai3="76,111,67,45,42,21,57,122,71,87,96,36,127"/><V121/><F128/><W109/><G122/><T12/><D69/><U25/><E112/><V135/><F135/><W34/><G34/><T125/><D125/><U28/><E131/><V124/><F121/><W98/><G127/><T115/><D115/><U40/><E0/><V133/><F133/><W50/><G21/><T80/><D134/><U24/><E40/><V129/><F124/><W37/><G37/><T95/><D65/><U108/><E108/><N who="3" m="41546" /><G76/><T105/><D58/><U61/><E25/><V9/><F129/><W118/><G87/><T66/><D66/><U114/><E114/><V35/><F78/><W82/><G82/><T113/><D105/><U32/><E70/><V101/><F9/><W130/><G118/><T106/><D106/><U59/><E63/><V47/><F102/><W15/><G15/><T120/><D120/><U100/><E100/><V103/><F101/><W20/><G20/><T126/><D126/><U5/><E5/><V46/><F39/><W110/><G130/><T6/><D113/><U123/><E123/><V132/><F38/><W85/><G85/><T8/><D16/><U107/><E107/><V91/><F103/><W13/><G110/><T44/><D44/><N who="2" m="16938" /><F132/><W97/><G36/><T53/><D53/><N who="1" m="34031" /><E89/><V7/><F7/><W52/><G71/><T11/><D11/><U3/><E3/><V33/><F29/><W77/><G42/><T74/><D2/><U27/><E27/><V49/><F49/><W90/><G90/><T75/><D75/><U55/><E55/><V43/><F43/><W94/><G52/><T60/><D60/><RYUUKYOKU ba="0,0" sc="240,10,328,10,65,10,367,-30" hai0="4,6,8,10,12,73,74,80,83,84,86,92,95" hai1="17,18,19,24,28,32,72,81,117,119" hai2="23,26,30,33,35,62,64,91,93,99" /><INIT seed="2,1,0,2,0,14" ten="250,338,75,337" oya="2" hai0="12,18,85,135,49,57,107,35,101,126,45,77,25" hai1="117,65,134,82,32,112,5,56,53,33,38,115,7" hai2="31,121,69,127,111,108,125,114,68,96,118,15,30" hai3="73,133,84,3,66,110,67,4,132,29,89,13,104"/><V52/><F114/><W50/><G73/><T99/><D135/><N who="3" m="51785" /><G104/><T79/><D126/><N who="2" m="48138" /><F118/><W93/><G3/><T97/><D97/><U24/><E134/><V102/><F121/><W28/><G110/><N who="2" m="42025" /><F15/><W42/><G4/><T75/><D85/><U103/><E117/><V61/><F69/><W98/><G13/><T37/><D37/><U22/><E38/><V76/><F76/><W116/><G116/><T58/><D75/><U123/><E123/><V17/><F17/><W48/><G98/><T21/><D79/><U119/><E119/><V109/><N who="2" m="42033" /><V47/><DORA hai="27" /><F68/><W100/><G100/><T128/><D77/><U131/><E103/><V86/><F86/><W122/><G122/><T2/><D2/><U130/><E115/><V64/><F64/><N who="3" m="24619" /><G42/><T44/><D12/><U51/><E112/><V105/><F61/><W83/><G83/><T62/><D62/><U90/><E82/><V23/><F23/><W94/><G94/><T9/><D21/><U55/><E22/><V120/><F120/><W91/><G91/><T81/><D81/><U60/><E90/><V70/><F70/><W40/><G40/><T87/><D87/><U39/><E60/><V74/><F74/><W20/><G20/><T1/><D1/><U72/><E72/><V54/><F54/><W71/><G71/><T78/><D78/><U46/><E55/><V34/><F34/><W19/><G19/><T10/><D35/><U6/><E33/><V59/><F59/><W41/><G41/><T113/><D18/><U63/><E32/><V26/><F26/><W106/><G106/><RYUUKYOKU ba="1,0" sc="250,-15,338,-15,75,15,337,15" hai2="30,31,47,52,96,102,105" hai3="28,29,48,50,84,89,93" /><INIT seed="2,2,0,1,4,37" ten="235,323,90,352" oya="2" hai0="20,128,69,115,67,46,47,22,6,18,124,95,62" hai1="51,65,123,59,70,108,99,54,42,25,3,96,7" hai2="119,102,30,112,39,110,68,64,44,86,82,76,118" hai3="114,92,48,85,81,129,35,75,134,49,71,103,14"/><V98/><F112/><W111/><G114/><T104/><D115/><U88/><E108/><V5/><F110/><W100/><G111/><T12/><D104/><U127/><E127/><V11/><F30/><W29/><G71/><T121/><D124/><U130/><E130/><V23/><F23/><W89/><G129/><T77/><D121/><U32/><E3/><V19/><F19/><W94/><G134/><T58/><D77/><U56/><E7/><V83/><F64/><W109/><G109/><T60/><D6/><U116/><E116/><V43/><F68/><W120/><G120/><T36/><D128/><U132/><E132/><V113/><F82/><W4/><G75/><T1/><D1/><U97/><E123/><V135/><F113/><W50/><G29/><T93/><D22/><U101/><E101/><N who="3" m="38986" /><G35/><T84/><D84/><U52/><E42/><V133/><F133/><W57/><G57/><T90/><D36/><U53/><E88/><V41/><F43/><W17/><G4/><T27/><D12/><U107/><E107/><V105/><REACH who="2" step="1"/><F135/><REACH who="2" ten="235,323,80,352" step="2"/><W10/><AGARI ba="2,1" hai="10,14,17,48,49,50,81,85,89,92,94" m="38986" machi="10" ten="30,1100,0" yaku="8,1" doraHai="37" who="3" fromWho="3" sc="235,-5,323,-5,80,-7,352,27" /><INIT seed="3,0,0,2,5,80" ten="230,318,73,379" oya="3" hai0="130,60,24,20,83,127,0,34,107,25,22,120,88" hai1="98,68,133,134,32,37,43,39,16,1,78,99,125" hai2="82,31,45,50,62,64,3,101,10,44,13,114,79" hai3="26,6,118,81,8,56,93,36,71,135,89,46,12"/><W66/><G118/><T96/><D0/><U11/><E68/><V103/><F3/><W69/><G135/><N who="1" m="51722" /><E32/><V87/><F31/><W92/><G71/><T72/><D120/><U123/><E123/><V65/><F45/><W86/><G69/><T77/><D130/><U40/><E125/><V111/><F111/><W70/><G70/><T48/><D127/><U108/><E108/><V14/><F14/><W41/><G66/><N who="2" m="25705" /><F62/><W55/><G26/><T15/><D60/><AGARI ba="0,0" hai="6,8,12,36,41,46,55,56,60,81,86,89,92,93" machi="60" ten="30,2900,0" yaku="7,1,52,1" doraHai="80" who="3" fromWho="0" sc="230,-29,318,0,73,0,379,29" /><INIT seed="3,1,0,2,5,48" ten="201,318,73,408" oya="3" hai0="62,66,88,116,89,117,79,4,86,87,19,112,20" hai1="122,13,92,47,65,75,2,58,35,105,121,118,103" hai2="85,56,123,45,37,110,16,78,40,22,64,59,54" hai3="46,90,99,128,127,49,1,42,109,68,111,28,73"/><W26/><G73/><T15/><D79/><U43/><E2/><V107/><F110/><N who="3" m="41995" /><G1/><T71/><D112/><U69/><E75/><V67/><F107/><W0/><G0/><T53/><D4/><U126/><E126/><V130/><F130/><W57/><G68/><T81/><REACH who="0" step="1"/><D53/><REACH who="0" ten="191,318,73,408" step="2"/><U3/><E122/><V133/><F123/><W25/><G127/><T31/><D31/><U106/><E121/><V129/><F129/><W134/><G28/><T125/><D125/><U51/><E106/><V61/><F133/><W115/><G134/><T77/><D77/><U11/><E105/><V95/><F56/><W32/><G115/><T38/><D38/><U23/><E58/><V55/><F64/><W131/><G131/><T29/><D29/><U83/><E65/><V120/><F120/><W17/><G128/><T7/><D7/><U132/><E132/><V39/><F39/><W97/><G17/><T34/><D34/><U113/><E35/><V12/><REACH who="2" step="1"/><F95/><AGARI ba="1,1" hai="15,19,20,62,66,71,81,86,87,88,89,95,116,117" machi="95" ten="30,3900,0" yaku="1,1,7,1,54,1,53,0" doraHai="48" doraHaiUra="52" who="0" fromWho="2" sc="191,52,318,0,73,-42,408,0" /><INIT seed="4,0,0,4,2,1" ten="243,318,31,408" oya="0" hai0="123,84,47,135,86,57,58,109,88,74,43,130,95" hai1="75,55,49,68,5,28,59,33,64,8,51,97,40" hai2="34,115,81,131,60,103,80,38,50,30,3,2,56" hai3="134,90,112,41,73,122,87,45,108,83,114,19,23"/><T9/><D74/><U98/><E75/><V54/><F38/><W128/><G108/><T62/><D123/><U15/><E33/><V129/><F115/><N who="3" m="44075" /><G122/><T92/><D109/><U17/><E28/><V117/><F117/><W93/><G134/><T48/><D135/><U96/><E68/><V4/><F3/><W100/><G128/><T53/><D130/><U120/><E64/><V61/><F131/><W111/><G111/><T46/><D9/><U70/><E70/><V20/><F20/><W25/><G100/><T39/><D62/><U32/><E32/><V107/><F129/><W78/><G45/><T36/><D36/><U35/><E35/><V79/><F81/><W106/><G106/><T7/><D7/><U89/><E120/><V132/><F132/><W82/><G41/><T63/><D63/><U72/><E72/><V18/><F18/><W99/><G83/><T29/><D29/><U24/><E89/><AGARI ba="0,0" hai="39,43,46,47,48,53,57,58,84,86,88,89,92,95" machi="89" ten="40,3900,0" yaku="9,1,54,1" doraHai="1" who="0" fromWho="1" sc="243,39,318,-39,31,0,408,0" /><INIT seed="4,1,0,4,3,95" ten="282,279,31,408" oya="0" hai0="65,26,22,13,120,1,101,87,42,53,39,62,69" hai1="80,103,127,99,104,31,73,78,94,79,112,129,14" hai2="81,121,55,16,96,23,49,92,115,17,24,18,11" hai3="20,89,38,128,10,132,110,88,35,63,126,15,72"/><T8/><D1/><U61/><E129/><V36/><F121/><W7/><G128/><T12/><D120/><U56/><E127/><V68/><F68/><W114/><G35/><T9/><D39/><U29/><E112/><V125/><F115/><W75/><G114/><T2/><D42/><U67/><E79/><V117/><F36/><W106/><G126/><T83/><D101/><U48/><E14/><V113/><F113/><W47/><G110/><T134/><D134/><U85/><E48/><V19/><F125/><W30/><G106/><T25/><D53/><U51/><E51/><V66/><F117/><W97/><G132/><T44/><D44/><U111/><E111/><V46/><F81/><W105/><G63/><T71/><D2/><U77/><E77/><V58/><F11/><W90/><G38/><T107/><D107/><U4/><E4/><V0/><F0/><W32/><G47/><T102/><D102/><U131/><E131/><V119/><F119/><W27/><G32/><T52/><D52/><U45/><E45/><V37/><F37/><W41/><G41/><T122/><D122/><U43/><E43/><V82/><F82/><W50/><G50/><T34/><D34/><U59/><E59/><V135/><F135/><W118/><G118/><T130/><D69/><U6/><E6/><V84/><F84/><W86/><G86/><T98/><D130/><U100/><E100/><N who="2" m="60423" /><F46/><W116/><G116/><T93/><D9/><U124/><E124/><V109/><F109/><W33/><G33/><T5/><D8/><U70/><E70/><V21/><F66/><RYUUKYOKU ba="1,0" sc="282,-30,279,10,31,10,408,10" hai1="29,31,56,61,67,73,78,80,85,94,99,103,104" hai2="16,17,18,19,21,23,24,49,55,58" hai3="7,10,15,20,27,30,72,75,88,89,90,97,105" /><INIT seed="5,2,0,2,3,44" ten="252,289,41,418" oya="1" hai0="126,27,92,89,117,66,28,96,105,40,86,10,79" hai1="85,123,124,82,9,8,108,60,69,122,56,64,132" hai2="31,12,62,48,50,70,90,107,43,3,13,116,111" hai3="114,65,112,37,72,11,23,95,33,0,17,78,109"/><U97/><E132/><V1/><F111/><W94/><G109/><T71/><D117/><U121/><E108/><V41/><F62/><W120/><G120/><T63/><D40/><U127/><E97/><V6/><F90/><W21/><G33/><T83/><D126/><N who="1" m="48171" /><E69/><V100/><F6/><W24/><G23/><T57/><D10/><U49/><E49/><V133/><F70/><W129/><G37/><T103/><D71/><U47/><E47/><V98/><F31/><W32/><G32/><T39/><D39/><U59/><E59/><V119/><F98/><W55/><G65/><T22/><REACH who="0" step="1"/><D105/><REACH who="0" ten="242,289,41,418" step="2"/><U20/><E20/><V51/><F51/><W76/><G21/><T5/><D5/><U61/><E60/><V131/><F131/><W46/><G129/><T110/><D110/><U54/><E64/><V115/><F115/><W29/><G114/><T30/><D30/><U18/><E18/><V38/><F38/><W26/><G17/><T58/><D58/><U75/><E75/><V73/><F73/><W118/><G72/><T2/><D2/><U106/><E106/><V99/><F99/><W128/><G128/><T134/><D134/><U74/><E74/><V93/><F107/><W88/><G29/><T42/><D42/><U67/><E67/><V125/><F125/><W113/><G113/><T36/><D36/><U104/><E104/><V14/><F133/><W4/><G112/><T25/><D25/><U135/><E135/><V101/><REACH who="2" step="1"/><F14/><REACH who="2" ten="242,289,31,418" step="2"/><W34/><G26/><T19/><D19/><U102/><E102/><AGARI ba="2,2" hai="22,27,28,57,63,66,79,83,86,89,92,96,102,103" machi="102" ten="40,2600,0" yaku="1,1,8,1,53,0" doraHai="44" doraHaiUra="35" who="0" fromWho="1" sc="242,52,289,-32,31,0,418,0" /><INIT seed="6,0,0,5,0,88" ten="294,257,31,418" oya="2" hai0="128,21,72,5,130,56,129,70,82,102,117,85,111" hai1="34,41,11,84,127,17,115,101,64,45,76,100,26" hai2="125,44,24,48,20,112,8,67,31,97,43,75,52" hai3="3,77,36,61,27,95,118,135,81,51,12,15,14"/><V96/><F75/><W40/><G118/><T93/><D70/><U65/><E34/><V37/><F125/><W19/><G3/><T133/><D5/><U38/><E127/><V126/><F126/><W30/><G135/><T71/><D71/><U33/><E33/><V7/><F67/><W103/><G36/><T113/><D117/><U9/><E115/><V116/><F112/><W66/><G40/><T25/><D113/><U57/><E9/><V80/><F80/><W119/><G51/><T86/><D111/><U89/><E76/><V74/><F74/><W78/><G78/><T99/><D56/><U18/><E18/><V107/><F107/><W63/><G19/><T13/><D13/><U42/><E42/><V109/><F109/><W104/><G104/><T32/><D32/><U46/><E46/><V22/><F20/><W90/><G103/><T131/><N who="0" m="32768" /><DORA hai="124" /><T16/><D133/><U4/><E4/><V106/><F106/><W0/><G0/><T49/><D49/><U79/><E79/><AGARI ba="0,0" hai="16,21,25,72,79,82,85,86,93,99,102" m="32768" machi="79" ten="70,12000,2" yaku="19,1,52,5,54,1" doraHai="88,124" who="0" fromWho="1" sc="294,120,257,-120,31,0,418,0" /><INIT seed="7,0,0,5,0,72" ten="414,137,31,418" oya="3" hai0="52,120,124,116,5,105,90,38,26,0,81,45,133" hai1="57,54,31,12,28,56,58,126,108,21,77,61,99" hai2="7,67,37,1,3,134,87,135,127,8,29,68,74" hai3="11,95,125,16,129,115,85,71,49,86,102,84,50"/><W42/><G71/><T78/><D105/><U75/><E108/><V27/><F87/><W51/><G115/><T88/><D120/><U36/><E58/><V9/><F37/><W30/><G30/><T121/><D121/><U25/><E57/><V33/><F74/><W82/><G129/><T44/><D116/><U107/><E75/><V92/><F92/><W128/><G125/><T48/><D124/><U76/><E36/><V60/><REACH who="2" step="1"/><F127/><REACH who="2" ten="414,137,21,418" step="2"/><W20/><G128/><T111/><D111/><U79/><E126/><V14/><F14/><N who="3" m="7263" /><G95/><T122/><D122/><U97/><E12/><V112/><F112/><W91/><G102/><T63/><D133/><U132/><E132/><V103/><F103/><W34/><G42/><T69/><D0/><U106/><E106/><V47/><F47/><W40/><G40/><T131/><D131/><U35/><E107/><V65/><F65/><W22/><G34/><T114/><D114/><U6/><E35/><V4/><AGARI ba="0,1" hai="1,3,4,7,8,9,27,29,33,60,67,68,134,135" machi="4" ten="30,8000,1" yaku="1,1,0,1,9,1,23,2,53,0" doraHai="72" doraHaiUra="46" who="2" fromWho="2" sc="414,-20,137,-20,21,90,418,-40" owari="394,49.0,117,-28.0,111,-39.0,378,18.0" /></mjloggm>