<mjloggm ver="2.3"><GO type="169" lobby="0"/><UN n0="%64%75%72%72%72%72%72" n1="%E6%B2%B3%E5%B6%8B%4B%4B" n2="%6B%75%72%69%6D%75" n3="%79%6A%69%72%6F" dan="18,19,18,17" rate="2249.35,2294.94,2264.06,2213.89" sx="M,M,M,M"/><TAIKYOKU oya="0"/><INIT seed="0,0,0,5,3,114" ten="250,250,250,250" oya="0" hai0="107,68,135,10,56,134,65,3,11,83,109,92,113" hai1="84,57,112,0,28,48,32,6,1,128,119,124,24" hai2="34,106,14,17,22,49,77,30,132,99,7,16,71" hai3="39,63,66,76,105,129,131,93,87,58,127,130,108"/><T62/><D113/><U59/><E112/><V80/><F71/><W13/><G105/><T125/><D107/><U64/><E124/><V69/><F69/><W38/><G127/><T133/><D125/><U67/><E128/><V118/><F132/><W88/><G108/><T70/><D109/><U120/><E120/><V85/><F7/><W100/><G100/><T72/><D92/><U33/><E6/><V43/><F34/><W18/><REACH who="3" step="1"/><G76/><REACH who="3" ten="250,250,250,240" step="2"/><N who="0" m="44423" /><D3/><U117/><E0/><V29/><F106/><W45/><G45/><T90/><D90/><U60/><E1/><V123/><F77/><W110/><G110/><T96/><D96/><U79/><E79/><V4/><F99/><W23/><AGARI ba="0,1" hai="13,18,23,38,39,58,63,66,87,88,93,129,130,131" machi="23" ten="30,7900,0" yaku="1,1,0,1,19,1,54,1,53,0" doraHai="114" doraHaiUra="78" who="3" fromWho="3" sc="250,-39,250,-20,250,-20,240,89" /><INIT seed="1,0,0,4,3,19" ten="211,230,230,329" oya="1" hai0="22,112,135,120,130,42,34,48,62,89,46,97,36" hai1="31,35,6,78,64,12,75,113,51,41,129,80,28" hai2="92,122,74,53,18,70,108,73,40,94,72,24,102" hai3="114,4,107,124,128,69,32,118,50,116,63,115,110"/><U85/><E113/><V105/><F70/><W119/><G107/><T58/><D112/><N who="3" m="43049" /><G32/><T29/><D34/><U59/><E129/><V15/><F108/><W7/><G110/><T86/><D130/><U109/><E109/><V10/><F122/><W56/><G128/><T49/><D120/><U44/><E75/><V121/><F40/><W65/><G124/><T84/><D135/><U87/><E35/><V0/><F105/><W79/><G79/><T26/><D97/><U23/><E87/><V117/><F117/><W9/><G9/><T125/><D86/><U99/><E99/><V123/><F0/><W100/><G100/><T61/><D125/><U134/><E134/><V106/><F106/><W132/><G132/><T98/><D98/><U57/><E64/><V60/><F102/><W5/><G50/><T82/><REACH who="0" step="1"/><D62/><REACH who="0" ten="201,230,230,329" step="2"/><U17/><E6/><V77/><F60/><N who="3" m="40103" /><G7/><T101/><D101/><U83/><E80/><V43/><F74/><W93/><G93/><T45/><D45/><U11/><E31/><V3/><F92/><W33/><G33/><T71/><D71/><U95/><E95/><V2/><F94/><W14/><G5/><T30/><D30/><U104/><E104/><V27/><F73/><W38/><G4/><T91/><D91/><U66/><E66/><AGARI ba="0,1" hai="22,26,29,36,42,46,48,49,58,61,66,82,84,89" machi="66" ten="30,3900,0" yaku="1,1,7,1,52,1,53,0" doraHai="19" doraHaiUra="111" who="0" fromWho="1" sc="201,49,230,-39,230,0,329,0" /><INIT seed="2,0,0,5,4,127" ten="250,191,230,329" oya="2" hai0="131,118,40,1,20,65,46,36,75,3,73,37,106" hai1="21,24,23,17,52,78,26,63,43,35,130,116,70" hai2="96,111,39,117,29,55,74,129,15,82,98,88,66" hai3="50,93,124,135,71,114,18,6,103,45,41,107,28"/><V12/><F39/><W27/><G71/><T11/><D20/><U87/><E116/><V94/><F117/><W99/><G124/><T34/><D118/><U56/><E35/><V10/><F66/><W86/><G135/><T90/><D90/><U0/><E0/><N who="0" m="73" /><D11/><U112/><E112/><V8/><F29/><W125/><G6/><T123/><D65/><U67/><E43/><V81/><F111/><W85/><G125/><T31/><D123/><U108/><E108/><V83/><F74/><N who="0" m="28170" /><D40/><U68/><E67/><V51/><F98/><W48/><G114/><T132/><D46/><U84/><E84/><V92/><F92/><W76/><G18/><T33/><D31/><U14/><E14/><V91/><F91/><W7/><G7/><T2/><D2/><U102/><E102/><V59/><F12/><W109/><G109/><T16/><D16/><U100/><E100/><V133/><F133/><W64/><G64/><T72/><D72/><U77/><E87/><V128/><REACH who="2" step="1"/><F10/><REACH who="2" ten="250,191,220,329" step="2"/><W30/><G30/><T54/><D132/><U9/><E9/><V120/><F120/><W19/><G28/><T60/><D106/><U47/><E70/><V101/><F101/><W134/><G134/><T97/><D97/><U80/><E68/><V113/><F113/><W22/><G107/><T115/><D115/><U69/><E69/><V38/><F38/><N who="0" m="14954" /><D131/><U42/><E130/><V126/><F126/><W79/><G86/><T105/><D105/><U57/><E26/><V58/><F58/><AGARI ba="0,1" hai="33,34,54,58,60" m="14954,28170,73" machi="58" ten="40,2600,0" yaku="26,2" doraHai="127" who="0" fromWho="2" sc="250,36,191,0,220,-26,329,0" /><INIT seed="3,0,0,1,2,78" ten="286,191,194,329" oya="3" hai0="5,115,46,18,22,58,2,10,125,91,122,34,65" hai1="8,11,27,57,134,63,129,21,72,16,54,70,17" hai2="64,20,6,81,79,135,39,42,82,76,77,33,131" hai3="49,31,48,9,121,73,99,98,41,109,45,71,101"/><W51/><G121/><T50/><D122/><U108/><E108/><V66/><F33/><W110/><G71/><T85/><D34/><U15/><E129/><V28/><F39/><W96/><G73/><T97/><D97/><U92/><E134/><V114/><F114/><W124/><G124/><T32/><D32/><U87/><E72/><V0/><F0/><W119/><G119/><T94/><D125/><U56/><E70/><V106/><F106/><W38/><G31/><T112/><D65/><N who="2" m="25194" /><F131/><W74/><G74/><T75/><D75/><U133/><E133/><V105/><F105/><W44/><G101/><T12/><REACH who="0" step="1"/><D58/><REACH who="0" ten="276,191,194,329" step="2"/><U67/><E57/><V24/><F135/><W107/><G107/><T40/><AGARI ba="0,1" hai="2,5,10,12,18,22,40,46,50,85,91,94,112,115" machi="40" ten="30,4000,0" yaku="1,1,2,1,0,1,53,0" doraHai="78" doraHaiUra="95" who="0" fromWho="0" sc="276,50,191,-10,194,-10,329,-20" /><INIT seed="4,0,0,0,3,78" ten="326,181,184,309" oya="0" hai0="134,90,65,63,93,5,115,109,34,83,59,16,82" hai1="62,32,94,114,92,23,45,85,107,9,88,101,24" hai2="105,77,13,91,129,22,26,1,118,57,43,111,86" hai3="119,120,36,37,95,135,80,46,12,64,52,125,47"/><T19/><D34/><U44/><E32/><V84/><F111/><W128/><G119/><T79/><D109/><U35/><E35/><V11/><F105/><W60/><G95/><T130/><D115/><U112/><E107/><V103/><F103/><W81/><G125/><T110/><D110/><U73/><E73/><V99/><F1/><W15/><G128/><T33/><D33/><U123/><E123/><V0/><F0/><W98/><G98/><T14/><D130/><U38/><E9/><V68/><F68/><W124/><G124/><T116/><D134/><U108/><E108/><V2/><F2/><W53/><G120/><T76/><D76/><U28/><E38/><V4/><F43/><W25/><G64/><T127/><D116/><U42/><E42/><V72/><F118/><W58/><G58/><T17/><D79/><U133/><E62/><V97/><F57/><W132/><G25/><T96/><D127/><U21/><E21/><V29/><F72/><W3/><G3/><T70/><D70/><U67/><E67/><V55/><F55/><W40/><G40/><T131/><D131/><U71/><E71/><V30/><F30/><W31/><G60/><T74/><D74/><U41/><E133/><V27/><F27/><W49/><G31/><T113/><D113/><N who="1" m="43627" /><E41/><V104/><F104/><W122/><G122/><T8/><AGARI ba="0,0" hai="5,8,14,16,17,19,59,63,65,82,83,90,93,96" machi="8" ten="30,12000,1" yaku="0,1,8,1,52,2,54,1" doraHai="78" who="0" fromWho="0" sc="326,120,181,-40,184,-40,309,-40" /><INIT seed="4,1,0,4,0,68" ten="446,141,144,269" oya="0" hai0="132,6,124,51,50,70,85,23,22,2,43,54,28" hai1="20,94,109,73,25,99,116,11,97,66,57,113,76" hai2="45,30,98,120,133,86,106,14,81,0,101,48,47" hai3="122,61,46,21,96,44,39,135,27,4,37,40,121"/><T75/><D75/><U38/><E109/><V80/><F0/><W84/><G135/><T105/><D105/><U58/><E116/><V16/><F133/><W29/><G4/><T64/><D132/><U15/><E113/><V69/><F69/><W3/><G3/><T110/><D124/><U131/><E131/><V87/><F30/><W10/><G10/><T5/><D110/><U126/><E126/><V83/><F120/><N who="3" m="46187" /><G96/><T127/><D64/><U102/><E38/><N who="3" m="14346" /><G40/><T42/><D43/><U36/><E36/><V59/><F59/><W112/><G112/><T62/><D42/><U34/><E99/><V92/><F106/><W67/><G84/><N who="2" m="32297" /><F48/><N who="0" m="18474" /><D70/><AGARI ba="1,0" hai="21,27,29,44,46,61,67,70" m="14346,46187" machi="70" ten="30,7700,0" yaku="13,1,52,3" doraHai="68" who="3" fromWho="0" sc="446,-80,141,0,144,0,269,80" /><INIT seed="5,0,0,3,1,32" ten="366,141,144,349" oya="1" hai0="97,121,102,23,74,120,25,27,79,8,87,7,50" hai1="53,10,62,5,114,66,12,18,108,11,129,48,36" hai2="68,82,104,56,101,123,55,49,2,80,34,75,47" hai3="113,20,128,61,84,89,30,125,112,88,64,122,43"/><U118/><E118/><V40/><F68/><W107/><G122/><T35/><D74/><U70/><E114/><V15/><F123/><N who="0" m="47178" /><D35/><U67/><E129/><V95/><F34/><W134/><G107/><N who="0" m="63951" /><D50/><U46/><E108/><V52/><F2/><W130/><G125/><T106/><D106/><U29/><E29/><V119/><F119/><W37/><G134/><T21/><D87/><U100/><E100/><V3/><F3/><W109/><G109/><T76/><D23/><U117/><E117/><V78/><F104/><W13/><G43/><T58/><D58/><U90/><E36/><V19/><F78/><N who="0" m="29738" /><D21/><U44/><E90/><N who="3" m="34922" /><G84/><T1/><AGARI ba="0,0" hai="1,7,8,25,27" m="29738,63951,47178" machi="1" ten="30,2000,0" yaku="13,1,52,1" doraHai="32" who="0" fromWho="0" sc="366,20,141,-10,144,-5,349,-5" /><INIT seed="6,0,0,3,3,74" ten="386,131,139,344" oya="2" hai0="108,113,116,50,44,117,35,65,70,129,27,46,86" hai1="69,115,14,24,112,126,103,21,66,83,47,119,25" hai2="109,75,31,85,97,73,132,84,63,89,58,99,12" hai3="68,133,100,92,45,19,131,37,16,13,43,110,51"/><V55/><F109/><W82/><G110/><T53/><D108/><U102/><E119/><N who="0" m="45641" /><D113/><N who="1" m="43595" /><E126/><V7/><F75/><W56/><G68/><T130/><D86/><U0/><E0/><V1/><F73/><W88/><G133/><T71/><D27/><N who="1" m="10315" /><E83/><N who="2" m="49311" /><F132/><W114/><G114/><T57/><D35/><U49/><E66/><V80/><F31/><W59/><G131/><N who="0" m="50187" /><D44/><U61/><E61/><AGARI ba="0,0" hai="46,50,53,57,61,65,70,71" m="50187,45641" machi="61" ten="30,7700,0" yaku="12,1,19,1,34,2" doraHai="74" who="0" fromWho="1" sc="386,77,131,-77,139,0,344,0" /><INIT seed="7,0,0,2,5,94" ten="463,54,139,344" oya="3" hai0="45,5,123,100,18,10,55,41,50,91,95,75,79" hai1="60,73,125,126,103,59,85,117,7,21,124,26,3" hai2="131,122,108,115,47,67,13,120,81,16,84,134,83" hai3="38,77,46,104,66,36,68,102,112,49,88,89,105"/><W71/><G112/><T48/><D123/><N who="2" m="47146" /><F115/><W92/><G77/><T63/><D75/><U90/><E73/><V72/><F67/><W17/><G102/><T119/><D119/><U28/><E117/><V0/><F134/><W127/><G127/><T118/><D118/><U76/><E76/><N who="2" m="44167" /><F131/><W9/><G89/><T53/><D79/><U130/><E130/><V8/><F47/><W121/><G121/><T99/><D18/><U98/><E7/><V58/><F58/><W27/><G104/><T22/><D22/><U23/><E3/><V116/><F116/><W14/><G105/><T32/><D32/><U80/><E23/><V111/><F0/><W57/><G27/><T106/><D63/><U33/><E33/><V2/><F2/><W11/><G11/><T15/><D50/><U69/><E69/><V87/><F83/><W24/><G57/><T35/><D35/><U82/><E82/><V107/><F107/><W6/><G66/><T86/><AGARI ba="0,0" hai="5,10,15,41,45,48,53,55,86,91,95,99,100,106" machi="86" ten="20,2700,0" yaku="0,1,7,1,52,1" doraHai="94" who="0" fromWho="0" sc="463,27,54,-7,139,-7,344,-13" owari="490,59.0,47,-45.0,132,-27.0,331,13.0" /></mjloggm>