<mjloggm ver="2.3"><GO type="169" lobby="0"/><UN n0="%E3%81%BF%E3%81%8B%E3%82%82%E3%82%81" n1="%E5%BD%A9%E4%BA%AC" n2="%E3%81%8F%E3%81%86%E3%81%9F%E3%82%8D" n3="%E8%91%B5%E3%81%A1%E3%82%83%E3%82%93" dan="17,17,17,16" rate="2195.26,2219.66,2163.25,2151.12" sx="M,M,M,F"/><TAIKYOKU oya="0"/><INIT seed="0,0,0,3,5,125" ten="250,250,250,250" oya="0" hai0="117,103,48,9,70,16,54,21,112,65,116,61,95" hai1="0,1,133,122,62,92,43,46,135,12,40,108,49" hai2="127,3,120,93,96,4,80,82,73,71,99,28,101" hai3="123,67,89,72,121,130,30,114,79,74,60,76,44"/><T32/><D112/><U53/><E122/><V78/><F120/><N who="3" m="46155" /><G114/><T90/><D32/><U85/><E108/><V22/><F71/><W39/><G30/><T75/><D75/><N who="3" m="28713" /><G89/><T19/><D103/><U91/><E12/><V97/><F127/><W33/><G33/><T10/><D116/><U52/><E62/><V8/><F80/><W77/><G39/><T38/><D38/><U86/><E86/><V2/><F28/><W20/><G20/><T36/><D36/><U17/><E17/><V119/><F119/><W14/><G14/><T18/><D21/><U29/><E29/><V68/><F68/><N who="3" m="42087" /><G44/><T124/><D124/><U94/><E94/><V6/><REACH who="2" step="1"/><F22/><REACH who="2" ten="250,250,240,250" step="2"/><W69/><G69/><T110/><D117/><U56/><E135/><V66/><F66/><W26/><G26/><T5/><D110/><U42/><E133/><V126/><F126/><W23/><G23/><T118/><D118/><U88/><E1/><V27/><F27/><W104/><G104/><T24/><D24/><U81/><E0/><V109/><F109/><W84/><G84/><T113/><D113/><U100/><E81/><V31/><F31/><W57/><G77/><T134/><D134/><U35/><E85/><V37/><F37/><W7/><G79/><T102/><D5/><U13/><E35/><V129/><F129/><W105/><G7/><T15/><D9/><AGARI ba="0,1" hai="2,3,4,6,8,9,73,78,82,93,96,97,99,101" machi="9" ten="40,2600,0" yaku="1,1,9,1,53,0" doraHai="125" doraHaiUra="41" who="2" fromWho="0" sc="250,-26,250,0,240,36,250,0" /><INIT seed="1,0,0,3,3,135" ten="224,250,276,250" oya="1" hai0="39,118,3,77,58,6,22,100,104,5,95,72,84" hai1="53,52,98,33,70,82,48,38,73,87,23,88,11" hai2="63,90,131,62,46,10,28,16,57,83,97,66,44" hai3="117,108,78,14,94,43,64,18,112,65,59,109,12"/><U68/><E38/><V99/><F131/><W124/><G112/><T79/><D39/><U60/><E33/><V51/><F28/><W76/><G43/><T45/><D118/><U121/><E121/><V128/><F128/><W91/><G117/><T86/><D45/><U130/><E130/><V85/><F62/><N who="3" m="37983" /><G14/><T49/><D3/><U9/><E70/><V102/><F102/><W71/><G65/><T93/><D104/><U20/><E73/><V110/><F110/><N who="3" m="42603" /><G71/><T19/><D72/><U115/><E115/><V74/><F46/><W96/><G124/><T122/><D122/><U67/><E53/><N who="2" m="29927" /><F74/><W119/><G119/><T54/><D95/><U41/><E41/><V36/><F36/><W129/><G129/><T89/><D100/><U106/><E11/><AGARI ba="0,0" hai="11,12,18,76,78,91,94,96" m="42603,37983" machi="11" ten="30,1000,0" yaku="14,1" doraHai="135" who="3" fromWho="1" sc="224,0,250,-10,276,0,250,10" /><INIT seed="2,0,0,0,1,1" ten="224,240,276,260" oya="2" hai0="8,47,30,107,34,38,62,26,67,124,72,111,12" hai1="86,78,24,58,51,22,56,118,109,0,13,93,3" hai2="59,125,121,101,80,96,102,17,45,74,83,95,7" hai3="89,53,117,115,65,131,129,114,127,52,41,88,20"/><V71/><F121/><W99/><G117/><T60/><D111/><U91/><E118/><V113/><F71/><W133/><G133/><T90/><D124/><U33/><E109/><V130/><F113/><N who="3" m="43019" /><G127/><T31/><D107/><U134/><E134/><V54/><F125/><W36/><G65/><T6/><D72/><U29/><E78/><V68/><F68/><W97/><G41/><T23/><D31/><U112/><E112/><V76/><F130/><N who="3" m="49675" /><G36/><T73/><D73/><U42/><E58/><V21/><F45/><W63/><G20/><T55/><D34/><U128/><E128/><V70/><F70/><W10/><G10/><T9/><D38/><U100/><E42/><V5/><F101/><W105/><G63/><T35/><D35/><U48/><E100/><V15/><REACH who="2" step="1"/><F83/><REACH who="2" ten="224,240,266,260" step="2"/><W106/><G106/><T110/><D110/><U64/><E56/><V40/><F40/><W28/><G105/><T132/><D132/><U82/><E82/><V37/><F37/><W98/><G28/><T119/><D119/><U49/><E29/><V103/><F103/><W69/><G69/><T44/><D47/><U11/><E51/><AGARI ba="0,1" hai="5,7,15,17,21,51,54,59,74,76,80,95,96,102" machi="51" ten="30,12000,1" yaku="1,1,7,1,52,2,53,1" doraHai="1" doraHaiUra="92" who="2" fromWho="1" sc="224,0,240,-120,266,130,260,0" /><INIT seed="2,1,0,4,2,105" ten="224,120,396,260" oya="2" hai0="112,47,135,74,53,58,6,31,127,119,35,91,68" hai1="49,109,82,76,44,80,75,94,32,3,130,90,10" hai2="7,36,30,17,57,115,79,110,43,93,86,39,64" hai3="0,121,38,62,11,69,123,24,72,27,4,98,42"/><V21/><F115/><W66/><G98/><T51/><D6/><U59/><E109/><V122/><F122/><W29/><G27/><T129/><D91/><U67/><E130/><V73/><F30/><W101/><G101/><T63/><D31/><U114/><E114/><V88/><F7/><W77/><G42/><T37/><D35/><U96/><E32/><V40/><F110/><W133/><G38/><T107/><D107/><U126/><E126/><V46/><F64/><W118/><G118/><T48/><D112/><U34/><E34/><V89/><F57/><W23/><REACH who="3" step="1"/><G133/><REACH who="3" ten="224,120,396,250" step="2"/><T26/><D119/><U41/><E96/><V9/><F43/><W102/><G102/><T2/><D26/><U92/><E41/><V131/><F40/><W100/><G100/><T71/><D135/><U16/><E44/><V128/><F46/><W132/><G132/><T50/><D37/><U8/><E59/><V99/><F39/><W13/><G13/><T124/><D2/><U95/><E3/><V117/><F36/><W45/><G45/><T108/><D108/><U14/><E14/><V125/><F117/><W85/><G85/><T83/><D129/><U87/><E87/><V60/><F86/><W52/><G52/><T84/><D84/><U55/><E55/><V134/><F99/><W28/><G28/><T116/><D116/><U104/><E104/><V1/><F134/><W106/><G106/><T12/><D12/><U113/><E113/><V22/><F131/><W65/><G65/><T103/><D103/><U78/><E67/><V54/><F128/><W97/><G97/><RYUUKYOKU ba="1,1" sc="224,-10,120,-10,396,-10,250,30" hai3="0,4,11,23,24,29,62,66,69,72,77,121,123" /><INIT seed="3,2,1,5,4,17" ten="214,110,386,280" oya="3" hai0="31,22,67,122,33,70,25,5,109,105,4,56,68" hai1="57,98,20,76,121,50,125,41,90,120,116,32,35" hai2="83,127,71,8,63,15,97,27,49,55,79,11,29" hai3="26,86,124,102,38,51,75,103,108,45,111,94,7"/><W37/><G75/><T89/><D122/><U24/><E125/><V44/><F127/><W61/><G124/><T69/><D109/><N who="3" m="42057" /><G7/><T40/><D105/><U84/><E116/><V48/><F97/><N who="3" m="59703" /><G103/><T23/><D40/><U96/><E120/><V128/><F128/><W3/><G3/><T117/><D117/><U78/><E121/><V99/><F99/><N who="1" m="37929" /><E35/><V104/><F104/><W9/><G9/><T14/><D89/><U52/><E41/><V133/><F11/><W6/><G6/><T77/><D77/><U28/><E32/><V39/><F133/><W100/><G100/><T114/><D114/><U131/><E131/><V16/><F39/><W130/><G130/><T54/><D67/><U66/><E66/><V73/><F71/><W47/><G61/><T118/><D118/><U13/><E13/><V80/><F63/><W123/><G123/><T12/><D12/><U42/><E42/><V135/><F135/><W43/><G47/><T65/><D65/><U82/><AGARI ba="2,1" hai="20,24,28,50,52,57,76,78,82,84,90" m="37929" machi="82" ten="30,4000,0" yaku="8,1,52,1,54,1" doraHai="17" who="1" fromWho="1" sc="214,-12,110,56,386,-12,280,-22" /><INIT seed="4,0,0,1,3,99" ten="202,166,374,258" oya="0" hai0="7,5,131,112,91,109,14,113,25,84,15,124,26" hai1="3,87,115,134,56,46,76,98,114,6,68,40,94" hai2="80,59,11,125,53,78,79,41,70,128,44,47,105" hai3="119,29,13,50,103,130,104,38,2,132,58,106,85"/><T43/><D43/><U111/><E68/><V117/><F70/><W118/><G2/><T120/><D120/><U135/><E111/><V71/><F71/><W73/><G73/><T108/><D84/><U34/><E34/><V10/><F105/><W27/><G38/><T100/><D100/><U122/><E122/><V8/><F125/><W83/><G130/><T77/><D77/><U61/><E6/><N who="0" m="2057" /><D91/><U63/><E3/><V51/><F128/><W57/><G106/><T74/><D74/><U69/><E69/><V90/><F117/><W35/><G118/><T30/><D131/><U107/><E107/><V37/><F37/><W89/><G50/><T45/><D45/><N who="2" m="17482" /><F41/><W93/><G104/><T81/><D81/><N who="1" m="47527" /><E56/><V133/><F133/><N who="1" m="50697" /><E115/><N who="0" m="44105" /><D124/><U62/><E114/><V36/><F36/><W20/><G119/><T65/><D65/><U123/><E123/><V116/><F116/><W60/><G132/><T19/><D19/><U67/><E67/><V4/><F4/><W42/><G58/><T17/><D17/><U96/><E94/><V1/><F1/><W21/><G57/><T64/><D64/><U18/><E18/><V88/><F80/><W66/><G83/><T12/><D26/><U129/><E129/><V110/><F59/><W52/><G27/><T126/><D126/><U102/><E102/><V9/><F78/><W82/><G66/><T31/><D31/><U39/><AGARI ba="0,0" hai="39,40,46,61,62,63,96,98" m="50697,47527" machi="39" ten="30,1100,0" yaku="20,1" doraHai="99" who="1" fromWho="1" sc="202,-5,166,11,374,-3,258,-3" /><INIT seed="5,0,0,0,2,72" ten="197,177,371,255" oya="1" hai0="31,7,98,100,107,9,56,120,73,76,108,13,70" hai1="24,10,11,36,127,2,85,6,64,47,52,57,121" hai2="92,34,3,129,21,43,93,74,15,77,88,123,90" hai3="69,20,41,105,33,35,82,28,110,131,83,104,0"/><U84/><E121/><V94/><F123/><W114/><G110/><T133/><D108/><U101/><E127/><V115/><F34/><W29/><G69/><T8/><D133/><U17/><E64/><V16/><F3/><W113/><G0/><T1/><D70/><U53/><E101/><V68/><F68/><W54/><G54/><T49/><D120/><U60/><E53/><V126/><F126/><W40/><REACH who="3" step="1"/><G20/><REACH who="3" ten="197,177,371,245" step="2"/><T89/><D1/><U87/><E11/><V42/><F21/><W109/><G109/><T71/><D9/><U12/><E24/><V66/><F66/><W55/><G55/><T22/><D71/><U112/><E112/><V86/><F43/><W125/><G125/><T132/><D22/><U25/><E25/><V46/><F115/><W18/><G18/><T119/><D31/><U5/><REACH who="1" step="1"/><E2/><REACH who="1" ten="197,167,371,245" step="2"/><V58/><F42/><AGARI ba="0,2" hai="5,6,10,12,17,36,42,47,52,57,60,84,85,87" machi="42" ten="40,7700,0" yaku="1,1,2,1,54,1,53,0" doraHai="72" doraHaiUra="26" who="1" fromWho="2" sc="197,0,167,97,371,-77,245,0" /><INIT seed="5,1,0,3,5,23" ten="197,264,294,245" oya="1" hai0="53,101,22,92,100,111,79,68,65,106,39,26,80" hai1="130,44,116,50,16,54,94,60,31,7,17,9,70" hai2="42,132,15,123,88,113,19,125,4,52,134,1,13" hai3="117,33,121,36,35,82,28,77,10,95,64,37,118"/><U112/><E116/><N who="3" m="44650" /><G121/><T20/><D39/><N who="3" m="14921" /><G64/><T85/><D111/><U115/><E130/><V109/><F109/><W56/><G28/><T86/><D106/><U105/><E94/><V73/><F123/><W74/><G56/><T97/><D68/><U89/><E89/><V48/><F42/><W8/><G95/><T99/><D65/><N who="1" m="41255" /><E105/><V127/><F73/><W108/><G108/><T87/><D53/><U63/><E63/><V67/><F67/><W133/><G133/><N who="2" m="51305" /><F1/><W58/><G58/><T5/><D5/><U91/><E91/><V12/><F4/><W107/><G107/><T66/><D66/><U34/><E31/><V55/><F88/><W119/><N who="3" m="44658" /><W110/><DORA hai="62" /><G110/><T25/><D99/><U96/><E96/><V93/><F93/><W103/><G103/><T114/><D114/><N who="1" m="43563" /><E34/><AGARI ba="1,0" hai="8,10,33,34,35,74,77,82" m="14921,44658" machi="34" ten="50,1600,0" yaku="12,1" doraHai="23,62" who="3" fromWho="1" sc="197,0,264,-19,294,0,245,19" /><INIT seed="6,0,0,1,3,17" ten="197,245,294,264" oya="2" hai0="13,1,104,114,73,112,25,14,3,131,37,57,122" hai1="90,59,61,46,27,128,111,2,32,12,117,7,66" hai2="16,105,76,53,51,65,102,86,91,43,123,67,50" hai3="8,0,69,18,108,20,58,15,89,62,80,29,79"/><V6/><F123/><W72/><G108/><T88/><D73/><U19/><E117/><V121/><F76/><W107/><G107/><T34/><D122/><U81/><E111/><V94/><F6/><W78/><G69/><T84/><D104/><U100/><E100/><V23/><F121/><W125/><G125/><T130/><D37/><U115/><E115/><N who="0" m="44073" /><D57/><U68/><E68/><V119/><F119/><W70/><G70/><T118/><D118/><U48/><E128/><N who="0" m="49193" /><D84/><N who="1" m="50447" /><E32/><V116/><F116/><W54/><G0/><N who="0" m="75" /><D88/><U41/><E2/><V42/><F102/><W35/><G72/><T135/><D135/><U134/><E134/><V33/><F105/><W83/><G79/><T47/><D47/><U39/><E39/><V113/><F113/><W124/><G89/><T71/><D71/><U44/><E44/><N who="2" m="25887" /><F42/><W120/><G78/><T10/><D10/><U22/><E7/><V75/><F75/><W63/><G8/><T24/><D34/><U55/><E41/><V49/><F33/><W38/><G38/><T9/><D13/><AGARI ba="0,0" hai="12,13,19,22,27,46,48,55,59,61,66" m="50447" machi="13" ten="30,2000,0" yaku="8,1,52,1" doraHai="17" who="1" fromWho="0" sc="197,-20,245,20,294,0,264,0" /><INIT seed="7,0,0,0,3,18" ten="177,265,294,264" oya="3" hai0="40,115,15,33,34,8,63,119,95,69,52,127,102" hai1="114,49,87,92,118,26,11,68,21,2,113,81,17" hai2="28,48,7,74,97,31,54,3,77,9,55,107,64" hai3="67,56,116,96,129,121,75,128,53,20,12,130,30"/><W106/><G116/><T50/><D119/><U89/><E68/><V46/><F64/><W43/><G121/><T51/><D127/><U79/><E118/><V84/><F74/><W123/><G123/><T72/><D72/><U80/><E2/><V39/><F39/><W109/><G109/><T110/><D110/><U104/><E104/><V5/><F107/><W44/><G75/><T131/><D131/><U122/><E122/><V120/><F97/><W71/><G71/><T94/><D115/><N who="1" m="44043" /><E11/><V85/><F120/><W24/><G12/><T47/><D69/><U57/><E79/><V112/><F7/><W41/><G67/><T66/><D102/><U93/><E93/><V16/><F112/><W78/><G44/><T124/><D124/><U14/><E26/><V22/><F55/><AGARI ba="0,0" hai="14,17,21,49,55,57,80,81,87,89,92" m="44043" machi="55" ten="30,3900,0" yaku="25,1,15,1,52,1" doraHai="18" who="1" fromWho="2" sc="177,0,265,39,294,-39,264,0" owari="177,-32.0,304,40.0,255,-14.0,264,6.0" /></mjloggm>