<mjloggm ver="2.3"><GO type="185" lobby="0"/><UN n0="%E9%BE%8D%E5%B9%B3" n1="%E3%81%B7%E3%82%8A%E3%81%B7%E3%82%8A%EF%BC%92%EF%BC%90%EF%BC%90%EF%BC%91" n2="%E3%81%97%E3%82%87%E3%81%86%E3%81%90%E3%82%93%EF%BC%94" n3="" dan="16,16,17,0" rate="2189.35,2121.40,2217.59,1500.00" sx="M,M,M,C"/><TAIKYOKU oya="0"/><BYE who="2" /><UN n2="%E3%81%97%E3%82%87%E3%81%86%E3%81%90%E3%82%93%EF%BC%94" /><INIT seed="0,0,0,1,5,65" ten="350,350,350,0" oya="0" hai0="73,60,69,94,33,86,45,36,134,125,89,133,95" hai1="117,75,47,67,121,72,38,34,1,123,132,113,105" hai2="111,50,90,131,100,122,79,96,61,42,135,101,126" hai3=""/><T98/><D98/><U35/><BYE who="0" /><RYUUKYOKU type="yao9" ba="0,0" sc="350,0,350,0,350,0,0,0" hai1="1,34,35,38,47,67,72,75,105,113,117,121,123,132" /><UN n0="%E9%BE%8D%E5%B9%B3" /><INIT seed="0,1,0,5,4,132" ten="350,350,350,0" oya="0" hai0="122,89,37,80,0,86,66,124,133,91,58,119,118" hai1="61,55,62,114,84,63,90,74,128,54,117,65,88" hai2="47,115,83,110,113,57,73,135,33,92,93,98,130" hai3=""/><T48/><N who="0" m="31264" /><T41/><D0/><U39/><E117/><V81/><F33/><T36/><D133/><U116/><E116/><V127/><F135/><T103/><D119/><U68/><E74/><V104/><F47/><T71/><D118/><U34/><E34/><V38/><F38/><T134/><D134/><U101/><E128/><V1/><F57/><T53/><D103/><U40/><E114/><V2/><F104/><T44/><D124/><U76/><E101/><V56/><F56/><T67/><D36/><U75/><E75/><V108/><F73/><T51/><D37/><U125/><E125/><V35/><F35/><T87/><D71/><U111/><E39/><V49/><F49/><T64/><D64/><U95/><E65/><V52/><F130/><T59/><D58/><U107/><E68/><V109/><F127/><T131/><D131/><U43/><E107/><V102/><F102/><T96/><D96/><U94/><E62/><V106/><F1/><T112/><D112/><U121/><N who="1" m="31008" /><U45/><E45/><V123/><F2/><T46/><D59/><U78/><E84/><V99/><N who="2" m="31520" /><V120/><N who="2" m="30752" /><V79/><F115/><T105/><D105/><U70/><E70/><V77/><F106/><RYUUKYOKU ba="1,0" sc="350,10,350,10,350,-20,0,0" hai0="41,44,46,48,51,53,66,67,80,86,87,89,91" hai1="40,43,54,55,61,63,76,78,88,90,94,95,111" /><INIT seed="0,2,0,2,2,64" ten="360,360,330,0" oya="0" hai0="128,49,62,3,120,59,54,71,118,1,43,108,129" hai1="110,33,107,82,113,101,74,44,42,89,130,99,45" hai2="93,65,119,127,135,78,52,77,40,92,105,81,73" hai3=""/><T126/><N who="0" m="30752" /><T94/><D118/><U36/><E33/><V100/><F119/><T114/><D114/><U134/><E134/><V63/><F135/><T2/><D126/><U47/><E130/><N who="0" m="50281" /><D108/><U75/><E113/><V106/><F40/><T61/><D71/><U131/><E131/><V50/><F78/><T53/><D43/><U124/><E124/><V85/><F127/><T60/><D94/><U0/><E0/><N who="0" m="1" /><T96/><DORA hai="57" /><D96/><U111/><E42/><V66/><F93/><T91/><D91/><U117/><E117/><V48/><F92/><T98/><D98/><U68/><E68/><V102/><F106/><T112/><D112/><U76/><E89/><V95/><F105/><T38/><D38/><U80/><E36/><V121/><F95/><T115/><D115/><U55/><E80/><V88/><F81/><T116/><D116/><U97/><E97/><V84/><F88/><T104/><D104/><U122/><N who="1" m="31264" /><U39/><E39/><V132/><F132/><T51/><D51/><U41/><E41/><V70/><F70/><T133/><D133/><U125/><E125/><V90/><F90/><T123/><N who="0" m="31520" /><T34/><D34/><U32/><E32/><V86/><N who="2" m="31008" /><V72/><F48/><RYUUKYOKU ba="2,0" sc="360,20,360,-10,330,-10,0,0" hai0="49,53,54,59,60,61,62" /><INIT seed="0,3,0,0,3,90" ten="380,350,320,0" oya="0" hai0="93,67,134,2,63,132,82,85,113,106,71,44,76" hai1="131,126,56,86,91,73,53,107,65,59,45,57,47" hai2="39,36,120,48,114,38,133,72,49,43,80,87,77" hai3=""/><T60/><D106/><U97/><E73/><V135/><N who="2" m="30752" /><V110/><F114/><T127/><D2/><U66/><E131/><V125/><F125/><T79/><D127/><U42/><E126/><V130/><F130/><T33/><D33/><U92/><E107/><V94/><F110/><T99/><D113/><U32/><E32/><V101/><F43/><T68/><D79/><U123/><N who="1" m="31520" /><U83/><E53/><V109/><F109/><T98/><D44/><N who="1" m="16971" /><E42/><V75/><F72/><T115/><D115/><U41/><E41/><V96/><REACH who="2" step="1"/><F75/><REACH who="2" ten="380,350,310,0" step="2"/><T78/><D134/><AGARI ba="3,1" hai="36,38,39,48,49,77,80,87,94,96,101,133,134,135" m="30752" machi="134" ten="50,8000,1" yaku="1,1,2,1,20,1,52,2,53,0" doraHai="90" doraHaiUra="37" who="2" fromWho="0" sc="380,-86,350,0,310,96,0,0" /><INIT seed="1,0,0,2,4,61" ten="294,350,406,0" oya="1" hai0="75,135,94,54,66,99,95,57,56,101,65,118,103" hai1="81,97,44,93,125,0,67,42,55,37,98,86,91" hai2="76,116,127,131,77,134,82,92,123,96,71,45,114" hai3=""/><U108/><E0/><V102/><N who="2" m="31520" /><V124/><F116/><T80/><D118/><U35/><E35/><V132/><F71/><T130/><D130/><U70/><E125/><N who="2" m="48203" /><F45/><T72/><D135/><N who="2" m="51754" /><F114/><T50/><D80/><U2/><E2/><V87/><F131/><T78/><D78/><AGARI ba="0,0" hai="76,77,78,82,87,92,96,102" m="51754,48203,31520" machi="78" ten="30,8000,1" yaku="18,1,20,1,34,2,52,1" doraHai="61" who="2" fromWho="0" sc="294,-80,350,0,406,80,0,0" /><INIT seed="2,0,0,2,3,38" ten="214,350,486,0" oya="2" hai0="107,54,45,73,104,94,36,76,47,101,42,81,61" hai1="63,126,56,87,44,83,33,34,86,35,128,99,114" hai2="116,69,131,1,88,68,48,40,112,102,119,74,79" hai3=""/><V62/><F112/><T64/><D101/><U127/><E114/><V135/><F1/><T109/><D109/><U37/><E128/><V49/><F131/><T118/><D118/><U120/><N who="1" m="30752" /><U3/><E3/><V115/><F115/><T2/><D2/><U129/><E129/><V92/><F102/><T111/><D111/><U113/><E113/><V117/><F135/><T65/><D94/><U78/><E99/><V43/><F62/><T51/><REACH who="0" step="1"/><D64/><REACH who="0" ten="204,350,486,0" step="2"/><U110/><E110/><V108/><F108/><T96/><D96/><U130/><E130/><V89/><F92/><T125/><D125/><U98/><E98/><V60/><F119/><T90/><D90/><U75/><E127/><V121/><N who="2" m="31008" /><V106/><F106/><T53/><D53/><U72/><E126/><V67/><F67/><T80/><D80/><U0/><E0/><V122/><N who="2" m="31264" /><V100/><F100/><T105/><D105/><U103/><E83/><V85/><F117/><T93/><D93/><U32/><E103/><V59/><F116/><T134/><D134/><U124/><E124/><V84/><F89/><T71/><AGARI ba="0,1" hai="36,42,45,47,51,54,61,65,71,73,76,81,104,107" machi="71" ten="20,3900,0" yaku="1,1,0,1,7,1,52,1,53,0" doraHai="38" doraHaiUra="132" who="0" fromWho="0" sc="204,49,350,-13,486,-26,0,0" /><INIT seed="4,0,0,4,4,103" ten="253,337,460,0" oya="0" hai0="111,129,0,127,121,118,93,48,42,62,68,98,54" hai1="91,74,80,79,92,122,99,45,114,109,60,89,133" hai2="39,95,81,97,73,132,130,112,126,35,135,71,82" hai3=""/><T94/><N who="0" m="31008" /><T46/><D0/><U32/><N who="1" m="31264" /><U86/><E32/><V63/><F39/><T66/><D118/><U52/><E109/><V37/><F37/><T123/><N who="0" m="31520" /><T57/><D111/><U76/><E133/><V83/><F35/><T61/><D129/><U134/><E134/><N who="2" m="51243" /><F130/><T70/><D127/><U41/><E114/><V87/><F112/><T105/><D70/><U43/><E43/><V51/><F73/><T56/><D68/><U120/><N who="1" m="30752" /><U44/><E74/><V90/><F51/><T65/><D42/><U34/><E34/><V64/><F126/><T58/><D46/><N who="1" m="18027" /><E41/><V3/><F3/><T107/><D94/><U102/><E102/><AGARI ba="0,0" hai="63,64,71,81,82,83,87,90,95,97,102" m="51243" machi="102" ten="30,1000,0" yaku="20,1" doraHai="103" who="2" fromWho="1" sc="253,0,337,-10,460,10,0,0" /><AGARI ba="0,0" hai="48,54,56,57,58,61,62,65,66,93,98,102,105,107" m="31520,31008" machi="102" ten="30,18000,2" yaku="7,1,9,1,52,4" doraHai="103" who="0" fromWho="1" sc="253,180,327,-180,470,0,0,0" /><INIT seed="4,1,0,1,2,135" ten="433,147,470,0" oya="0" hai0="104,102,54,122,94,38,119,59,64,118,45,76,48" hai1="127,105,98,124,91,3,95,58,72,2,80,36,112" hai2="129,47,125,85,32,52,116,93,103,34,35,83,96" hai3=""/><T130/><N who="0" m="31264" /><T82/><D104/><U53/><E36/><V42/><F129/><T0/><D0/><U81/><E112/><V39/><F116/><T50/><D130/><U84/><E80/><V49/><F125/><N who="1" m="48201" /><E105/><V106/><F106/><T99/><D38/><U77/><E72/><V120/><N who="2" m="30752" /><V89/><REACH who="2" step="1"/><F32/><REACH who="2" ten="433,147,460,0" step="2"/><T126/><D126/><U110/><E110/><V109/><F109/><T108/><D108/><U132/><E132/><V101/><F101/><T67/><D119/><U100/><E100/><V66/><F66/><T107/><D118/><U41/><E41/><V55/><F55/><T40/><REACH who="0" step="1"/><D107/><REACH who="0" ten="423,147,460,0" step="2"/><U61/><AGARI ba="1,2" hai="2,3,53,58,61,77,81,84,91,95,98" m="48201" machi="61" ten="30,5900,0" yaku="18,1,52,3" doraHai="135" who="1" fromWho="1" sc="423,-40,147,81,460,-21,0,0" /><INIT seed="5,0,0,3,1,93" ten="383,228,439,0" oya="1" hai0="43,116,85,120,46,95,71,78,40,59,94,101,55" hai1="76,69,89,50,99,80,56,1,90,45,132,63,64" hai2="41,114,73,131,87,49,105,2,106,84,65,109,115" hai3=""/><U124/><E1/><V70/><F73/><T134/><N who="0" m="30752" /><T48/><D71/><U75/><E124/><V110/><F2/><T135/><D116/><U32/><E32/><V68/><F49/><T86/><D43/><U122/><N who="1" m="31264" /><U52/><E132/><N who="0" m="50729" /><D78/><U38/><E99/><V127/><F131/><T92/><D101/><U44/><E44/><V102/><F102/><T33/><D33/><U54/><REACH who="1" step="1"/><E38/><AGARI ba="0,0" hai="38,40,46,48,55,59,85,86,92,94,95" m="50729,30752" machi="38" ten="30,2000,0" yaku="20,1,52,1" doraHai="93" who="0" fromWho="1" sc="383,20,228,-20,439,0,0,0" /><INIT seed="6,0,0,4,4,104" ten="403,208,439,0" oya="2" hai0="132,54,43,89,95,108,94,52,134,42,63,46,40" hai1="33,2,65,1,135,102,106,117,127,61,0,39,37" hai2="71,3,72,115,83,84,128,47,45,114,113,86,35" hai3=""/><V130/><F3/><T133/><D108/><U124/><E135/><V112/><F35/><T99/><D46/><N who="2" m="17418" /><F71/><T121/><N who="0" m="31008" /><T120/><N who="0" m="30752" /><T68/><D95/><U109/><E109/><V126/><F126/><T70/><D68/><U62/><E117/><V96/><F96/><T53/><D70/><U64/><E33/><V129/><N who="2" m="29184" /><DORA hai="82" /><V85/><F72/><T125/><REACH who="0" step="1"/><D125/><REACH who="0" ten="393,208,439,0" step="2"/><U74/><E127/><V57/><F57/><AGARI ba="0,1" hai="40,42,43,52,53,54,57,63,89,94,99,132,133,134" m="30752,31008" machi="57" ten="50,12000,2" yaku="1,1,2,1,20,1,52,2,54,1,53,1" doraHai="104,82" doraHaiUra="41,92" who="0" fromWho="2" sc="393,130,208,0,439,-120,0,0" owari="523,47.0,208,-39.0,319,-8.0,0,0.0" /></mjloggm>