<mjloggm ver="2.3"><GO type="225" lobby="0"/><UN n0="%63%61%74%6D%65%56%47%43" n1="%E5%AE%89%E8%97%A4%E3%82%AB%E3%82%B1%E3%83%AB" n2="%E9%9F%93%E8%A1%9B%E9%9D%92" n3="%E8%A8%88%E7%AE%97%E6%A9%9F%E8%87%AA%E7%84%B6" dan="16,16,16,17" rate="2205.83,2069.18,2202.95,2269.78" sx="M,M,F,M"/><TAIKYOKU oya="0"/><INIT seed="0,0,0,1,2,73" ten="250,250,250,250" oya="0" hai0="74,72,32,35,44,2,94,78,10,40,110,66,109" hai1="25,106,80,31,99,134,69,45,92,105,87,91,90" hai2="6,88,41,47,135,50,70,61,54,122,55,120,42" hai3="46,15,100,97,8,28,39,119,22,95,132,112,85"/><T96/><D66/><U104/><E69/><V71/><F6/><W116/><G112/><T115/><D115/><U75/><E134/><V43/><F135/><W113/><G113/><T30/><D74/><U84/><E45/><V76/><F76/><W128/><G132/><T67/><D67/><U133/><E133/><V125/><F88/><W18/><G128/><T48/><D30/><U63/><E63/><V21/><F21/><W29/><G85/><T5/><D72/><U111/><E111/><N who="0" m="42505" /><D78/><N who="1" m="44127" /><E25/><V98/><F98/><W57/><G28/><T93/><D93/><N who="1" m="54495" /><E31/><V58/><F125/><W121/><G29/><T13/><D2/><U20/><E20/><V52/><F55/><W86/><G22/><T103/><AGARI ba="0,0" hai="5,10,13,32,35,40,44,48,94,96,103" m="42505" machi="103" ten="30,3000,0" yaku="14,1,10,1" doraHai="73" who="0" fromWho="0" sc="250,30,250,-10,250,-10,250,-10" /><INIT seed="0,1,0,3,3,37" ten="280,240,240,240" oya="0" hai0="116,53,79,88,4,50,70,64,78,60,94,114,30" hai1="111,132,81,16,61,95,100,129,63,76,3,93,92" hai2="87,39,118,7,57,71,123,89,115,91,105,35,127" hai3="6,73,80,119,85,65,11,5,126,36,101,108,99"/><T40/><D116/><U55/><E3/><V113/><F71/><W51/><G119/><T28/><D114/><U17/><E129/><V117/><F35/><W82/><G36/><T2/><D40/><U46/><E132/><V59/><F39/><W24/><G108/><T72/><D2/><U15/><E111/><V86/><F7/><W47/><G126/><T25/><D4/><U9/><E100/><V38/><F38/><W54/><G65/><T43/><D43/><U12/><E46/><V22/><F22/><W23/><G73/><T68/><D68/><U121/><E121/><V106/><REACH who="2" step="1"/><F127/><REACH who="2" ten="280,240,230,240" step="2"/><W48/><G5/><T45/><D72/><U18/><E9/><V27/><F27/><W32/><G32/><T131/><D131/><U0/><E0/><V67/><F67/><W21/><G21/><T33/><REACH who="0" step="1"/><D30/><REACH who="0" ten="270,240,230,240" step="2"/><U58/><REACH who="1" step="1"/><E63/><REACH who="1" ten="270,230,230,240" step="2"/><V77/><F77/><W8/><G6/><T124/><D124/><U104/><E104/><V110/><F110/><W69/><G8/><T75/><D75/><AGARI ba="1,3" hai="12,15,16,17,18,55,58,61,75,76,81,92,93,95" machi="75" ten="40,2600,0" yaku="1,1,54,1,53,0" doraHai="37" doraHaiUra="96" who="1" fromWho="0" sc="270,-29,230,59,230,0,240,0" /><INIT seed="1,0,0,4,3,75" ten="241,289,230,240" oya="1" hai0="67,111,3,80,50,91,8,70,121,9,113,76,98" hai1="44,92,31,60,61,90,134,56,107,18,38,55,101" hai2="23,126,58,122,15,47,102,41,95,83,69,2,14" hai3="124,131,13,104,63,59,17,82,66,132,105,84,7"/><U129/><E129/><V48/><F122/><W100/><G131/><T10/><D113/><U71/><E134/><V0/><F126/><W78/><G132/><T28/><D3/><U19/><E31/><V127/><F127/><W12/><G124/><T62/><D111/><U89/><E107/><V25/><F69/><W33/><G33/><T42/><D121/><U117/><E117/><V114/><F114/><W118/><G118/><T51/><D28/><U86/><E101/><V125/><F125/><W110/><G110/><T115/><D115/><U5/><E5/><V54/><F0/><W73/><G100/><T46/><D51/><N who="1" m="29159" /><E71/><V108/><F108/><W1/><G1/><T128/><D128/><U52/><E38/><V30/><F2/><W43/><G43/><T64/><D64/><U116/><E116/><V103/><F83/><W35/><G35/><T39/><D39/><U11/><E11/><V36/><F103/><W34/><G34/><T16/><D98/><N who="1" m="57615" /><E60/><V96/><AGARI ba="0,0" hai="14,15,23,25,30,36,41,47,48,54,58,95,96,102" machi="96" ten="30,1100,0" yaku="0,1" doraHai="75" who="2" fromWho="2" sc="241,-3,289,-5,230,11,240,-3" /><INIT seed="2,0,0,2,2,19" ten="238,284,241,237" oya="2" hai0="132,61,58,86,96,57,62,112,50,126,100,37,48" hai1="59,125,36,127,23,39,20,68,40,3,120,43,91" hai2="69,115,4,71,92,87,105,13,55,26,8,77,56" hai3="34,118,51,83,108,121,131,133,74,90,119,1,75"/><V6/><F105/><W52/><G121/><T113/><D37/><N who="1" m="14411" /><E3/><V54/><F115/><N who="0" m="44106" /><D86/><U82/><E68/><V66/><F71/><W94/><G1/><T72/><D72/><U103/><E103/><V102/><F69/><W12/><G34/><T114/><N who="0" m="44114" /><T79/><DORA hai="5" /><D79/><U70/><E70/><V0/><F0/><W44/><G108/><T46/><D96/><U28/><E28/><V53/><F26/><W88/><G133/><T41/><D100/><U63/><E91/><V9/><F77/><W32/><G32/><T42/><D132/><U128/><E82/><V110/><F110/><W84/><G131/><T7/><D7/><N who="2" m="2602" /><F13/><W111/><G111/><T116/><D126/><N who="1" m="48139" /><E128/><V67/><F56/><N who="0" m="21610" /><D116/><U107/><E107/><V104/><F104/><W35/><G35/><T15/><D15/><U85/><E85/><V80/><F80/><W122/><G12/><T134/><D134/><U89/><E89/><N who="2" m="53311" /><F102/><W38/><G38/><T101/><D101/><U97/><E97/><V124/><F124/><W117/><REACH who="3" step="1"/><G122/><REACH who="3" ten="238,284,241,227" step="2"/><T25/><D25/><U2/><E2/><V45/><F45/><AGARI ba="0,1" hai="41,42,45,46,48,50,61,62" m="21610,44114" machi="45" ten="40,2600,0" yaku="34,2" doraHai="19,5" who="0" fromWho="2" sc="238,36,284,0,241,-26,227,0" /><INIT seed="3,0,0,4,5,114" ten="274,284,215,227" oya="3" hai0="10,103,36,61,88,132,1,100,123,134,33,128,40" hai1="101,11,66,96,65,53,95,26,6,16,79,73,93" hai2="83,82,39,133,37,59,122,17,127,124,108,28,23" hai3="22,14,4,131,58,115,70,68,109,106,44,25,129"/><W15/><G115/><T2/><D123/><U60/><E73/><V47/><F122/><W84/><G106/><T72/><D72/><U76/><E53/><V117/><F28/><W27/><G58/><T43/><D33/><U125/><E125/><N who="2" m="48203" /><F108/><W24/><G109/><T75/><D75/><U85/><E6/><V107/><F107/><W41/><G84/><T9/><D61/><U113/><E113/><V42/><F133/><W62/><G22/><T46/><D128/><N who="3" m="49225" /><G4/><T20/><D20/><N who="1" m="13575" /><E11/><V54/><F39/><N who="3" m="21567" /><G62/><T71/><D71/><AGARI ba="0,0" hai="14,15,24,25,27,68,70,71" m="21567,49225" machi="71" ten="40,2000,0" yaku="19,1" doraHai="114" who="3" fromWho="0" sc="274,-20,284,0,215,0,227,20" /><INIT seed="3,1,0,3,1,64" ten="254,284,215,247" oya="3" hai0="76,87,1,134,49,61,122,124,88,99,57,14,75" hai1="90,83,78,74,26,108,98,132,92,67,127,70,45" hai2="29,112,23,84,109,22,133,3,4,113,104,101,85" hai3="66,54,28,51,100,116,91,47,69,52,79,80,48"/><W114/><G114/><T121/><D1/><U129/><E127/><V10/><F109/><W25/><G116/><T17/><D124/><U111/><E129/><V34/><F23/><W11/><G100/><T62/><D134/><U55/><E132/><V63/><F133/><W123/><G123/><T36/><D36/><U128/><E128/><V94/><F84/><W110/><G91/><T96/><D49/><U2/><E2/><V103/><F103/><W115/><G115/><T56/><D75/><U9/><E9/><V30/><F30/><W43/><G110/><N who="1" m="42026" /><E26/><V107/><F85/><W82/><G11/><N who="0" m="6367" /><D76/><U95/><E95/><V58/><F34/><W77/><G77/><T65/><D122/><U38/><E55/><V89/><F112/><W6/><G6/><T135/><D135/><U27/><E27/><N who="2" m="16631" /><F89/><W15/><G15/><T102/><D102/><U41/><E67/><N who="2" m="39415" /><F113/><W33/><G79/><T24/><D24/><U126/><E126/><V105/><F105/><W81/><G48/><T0/><D0/><U21/><E21/><V46/><F46/><W93/><G93/><N who="0" m="54431" /><D121/><U86/><E74/><V130/><F130/><W37/><G37/><T72/><D72/><U7/><E7/><V31/><F31/><W125/><G125/><T120/><D120/><U117/><E117/><V73/><F73/><W97/><G97/><AGARI ba="1,0" hai="3,4,10,94,97,101,104,107" m="39415,16631" machi="97" ten="30,1000,0" yaku="25,1" doraHai="64" who="2" fromWho="3" sc="254,0,284,0,215,13,247,-13" /><INIT seed="4,0,0,3,3,20" ten="254,284,228,234" oya="0" hai0="33,124,84,86,28,128,96,40,103,24,74,125,41" hai1="44,66,73,98,132,54,14,67,126,65,0,80,109" hai2="107,69,88,122,4,75,5,85,92,89,116,95,94" hai3="79,99,46,104,2,51,23,56,117,32,15,48,134"/><T63/><D74/><U6/><E0/><V135/><F69/><W62/><G117/><T18/><D128/><U13/><E109/><V7/><F122/><W21/><G2/><T17/><D63/><U19/><E126/><N who="0" m="48745" /><D17/><U87/><E73/><V30/><F116/><W10/><G32/><T127/><N who="0" m="48753" /><T119/><DORA hai="131" /><D119/><U31/><E132/><V78/><F107/><W82/><G104/><N who="0" m="63591" /><D18/><U115/><E19/><V11/><F135/><W42/><G99/><T106/><D106/><U55/><E98/><V50/><F75/><W27/><G134/><T123/><D123/><U22/><E6/><V59/><F30/><N who="3" m="17775" /><G23/><T93/><D93/><U8/><E22/><V121/><F121/><W36/><G62/><T102/><D102/><U57/><E8/><V113/><F11/><W60/><G60/><T37/><D37/><U58/><E31/><V133/><F133/><W112/><G36/><T76/><D76/><U29/><E29/><V110/><F110/><W26/><G79/><T81/><D81/><U101/><E80/><N who="2" m="47255" /><F113/><W77/><G112/><T111/><D111/><U91/><E115/><V61/><F50/><W34/><G34/><T129/><D129/><U35/><E35/><V83/><F83/><W70/><G82/><T72/><D72/><U38/><E38/><V12/><F12/><W16/><G77/><T118/><D118/><U97/><E13/><V90/><F61/><W45/><G70/><T105/><D105/><N who="1" m="63663" /><E67/><V68/><F68/><W9/><G9/><T53/><D53/><U47/><E66/><V71/><F71/><W43/><G26/><RYUUKYOKU ba="0,0" sc="254,10,284,-30,228,10,234,10" hai0="24,28,33,40,41,84,86" hai2="4,5,7,59,88,89,90,92,94,95" hai3="10,15,16,42,43,45,46,48,51,56" /><INIT seed="4,1,0,3,5,84" ten="264,254,238,244" oya="0" hai0="135,5,12,88,89,92,13,113,117,30,43,128,2" hai1="115,23,17,125,74,8,120,123,35,19,18,126,45" hai2="96,64,10,59,67,3,51,80,100,108,112,121,72" hai3="79,34,129,75,134,106,86,105,53,57,33,50,98"/><T76/><D117/><U16/><E74/><V65/><F108/><W21/><G75/><T58/><D113/><U0/><E45/><V99/><F121/><N who="1" m="46665" /><E35/><V95/><F112/><W36/><G134/><T103/><D135/><U20/><E115/><V122/><F122/><W38/><G129/><T56/><D128/><U6/><E23/><V118/><F118/><W25/><G34/><T114/><D114/><U102/><E102/><V109/><F109/><W1/><G1/><T7/><D2/><U110/><E110/><V48/><F3/><W52/><G33/><T28/><D76/><U81/><E81/><V9/><F72/><W27/><G27/><AGARI ba="1,0" hai="0,6,8,16,17,18,19,20,27,125,126" m="46665" machi="27" ten="30,3900,0" yaku="34,2,54,1" doraHai="84" who="1" fromWho="3" sc="264,0,254,42,238,0,244,-42" /><INIT seed="5,0,0,1,5,85" ten="264,296,238,202" oya="1" hai0="88,100,123,53,25,109,87,111,49,57,98,0,90" hai1="37,30,20,5,75,60,56,12,11,83,114,119,121" hai2="55,81,26,66,102,131,47,1,125,4,134,99,62" hai3="34,33,133,110,24,117,52,6,78,103,65,126,36"/><U39/><E119/><V70/><F131/><W129/><G110/><T73/><D73/><U79/><E121/><V105/><F134/><W127/><G36/><T91/><D0/><U67/><E114/><V76/><F125/><N who="3" m="47627" /><G65/><T94/><D123/><U40/><E40/><V96/><F96/><W86/><G129/><T43/><D43/><U59/><E59/><V84/><F47/><W58/><G133/><T63/><D111/><U108/><E108/><V27/><F55/><W112/><G112/><T122/><D109/><U71/><E71/><V74/><F1/><W32/><G117/><T21/><D122/><U92/><E92/><V116/><F4/><W128/><G128/><T95/><D49/><U35/><E35/><V135/><F116/><W15/><G103/><T124/><D124/><U101/><E101/><V54/><F135/><W46/><G46/><T7/><D7/><U42/><E42/><V72/><F54/><W48/><G24/><T93/><D93/><U118/><E118/><V17/><F17/><AGARI ba="0,0" hai="17,21,25,53,57,63,87,88,90,91,94,95,98,100" machi="17" ten="30,12000,2" yaku="7,1,8,1,52,3,54,1" doraHai="85" who="0" fromWho="2" sc="264,120,296,0,238,-120,202,0" owari="384,48.0,296,10.0,118,-38.0,202,-20.0" /></mjloggm>