<mjloggm ver="2.3"><GO type="169" lobby="0"/><UN n0="%4A%57%49%4C%4C" n1="%6D%61%73%79" n2="%70%6C%61%7A%61" n3="%E8%B0%B7%E5%8F%A3%E3%81%93%E3%81%86%E3%81%B8%E3%81%84" dan="16,16,16,17" rate="2116.66,2066.67,2052.94,2222.63" sx="M,M,M,M"/><TAIKYOKU oya="0"/><INIT seed="0,0,0,2,0,29" ten="250,250,250,250" oya="0" hai0="17,97,44,13,15,98,41,90,106,78,112,123,65" hai1="86,48,10,30,11,133,5,117,40,74,135,111,91" hai2="75,19,50,134,25,0,81,69,35,23,72,120,80" hai3="121,107,22,108,109,31,94,93,129,49,4,95,61"/><T102/><D123/><U118/><E74/><V43/><F120/><W76/><G121/><T46/><D112/><U7/><E30/><V6/><F69/><W68/><G107/><T8/><D78/><U1/><E40/><V130/><F130/><W132/><G4/><T73/><D73/><U18/><E48/><V119/><F72/><W27/><G129/><T104/><D65/><U12/><E111/><N who="3" m="42570" /><G132/><N who="1" m="50762" /><E18/><V103/><F134/><W77/><G49/><T28/><D28/><U126/><E126/><V101/><F119/><W47/><G47/><T37/><D46/><U24/><E24/><V3/><F6/><W124/><G124/><T59/><D59/><U36/><E36/><V33/><F50/><W84/><G84/><T92/><D15/><U113/><E113/><V125/><F75/><W39/><G39/><T114/><D114/><U66/><E66/><AGARI ba="0,0" hai="22,27,31,61,66,68,76,77,93,94,95" m="42570" machi="66" ten="30,1000,0" yaku="14,1" doraHai="29" who="3" fromWho="1" sc="250,0,250,-10,250,0,250,10" /><INIT seed="1,0,0,4,2,120" ten="250,240,250,260" oya="1" hai0="133,106,108,29,118,40,61,103,13,56,114,22,125" hai1="62,47,78,130,126,82,42,27,96,10,93,80,25" hai2="132,16,81,66,99,2,68,59,123,87,128,26,4" hai3="46,8,31,110,111,135,43,67,115,24,83,7,52"/><U20/><E130/><V45/><F123/><W5/><G115/><T127/><D114/><U3/><E126/><N who="0" m="48137" /><D118/><U69/><E3/><V9/><F128/><W107/><G107/><T38/><D133/><U35/><E10/><V63/><F132/><W49/><G135/><T102/><D40/><U28/><E69/><V90/><F68/><W98/><G67/><T104/><D38/><U124/><E124/><V79/><F45/><W44/><G98/><T86/><D86/><U11/><E11/><V57/><F57/><W113/><G83/><T131/><D131/><U39/><E62/><V134/><F134/><W109/><G113/><T55/><D104/><U119/><E119/><V12/><F99/><W116/><G116/><T92/><D92/><U85/><E80/><V112/><F112/><W17/><G17/><N who="0" m="10543" /><D29/><U70/><E70/><V60/><F26/><W1/><G5/><T71/><D71/><U21/><REACH who="1" step="1"/><E27/><REACH who="1" ten="250,230,250,260" step="2"/><V0/><F0/><W48/><REACH who="3" step="1"/><G109/><REACH who="3" ten="250,230,250,250" step="2"/><T18/><D108/><U91/><AGARI ba="0,2" hai="20,21,25,28,35,39,42,47,78,82,85,91,93,96" machi="91" ten="20,7800,0" yaku="1,1,2,1,0,1,7,1,53,0" doraHai="120" doraHaiUra="105" who="1" fromWho="1" sc="250,-26,230,98,250,-26,250,-26" /><INIT seed="1,1,0,1,3,38" ten="224,328,224,224" oya="1" hai0="23,55,27,34,99,4,50,24,18,57,35,132,36" hai1="56,51,123,94,65,122,115,112,6,44,64,59,67" hai2="133,58,86,106,124,89,17,104,125,110,98,72,48" hai3="3,116,30,114,39,54,69,118,70,102,0,2,117"/><U75/><E75/><V31/><F31/><W49/><G39/><T108/><D108/><U121/><E6/><V73/><F17/><W79/><G114/><N who="1" m="43562" /><E94/><V16/><F58/><W91/><G79/><T8/><D132/><U52/><AGARI ba="1,0" hai="44,51,52,56,59,64,65,67,121,122,123" m="43562" machi="52" ten="40,7800,0" yaku="34,2,54,1" doraHai="38" who="1" fromWho="1" sc="224,-27,328,81,224,-27,224,-27" /><INIT seed="1,2,0,2,3,77" ten="197,409,197,197" oya="1" hai0="131,15,124,52,59,20,2,13,66,68,86,5,114" hai1="70,110,130,12,26,3,32,97,65,79,1,107,67" hai2="112,7,16,120,94,95,101,21,128,39,40,116,61" hai3="98,43,84,96,126,75,111,57,11,81,19,25,118"/><U38/><E38/><V14/><F116/><W8/><G75/><T121/><D114/><U46/><E79/><V122/><F112/><W54/><G111/><T109/><D109/><U89/><E89/><V42/><F39/><W102/><G43/><T93/><D131/><U117/><E12/><V105/><F128/><W17/><G126/><T56/><D124/><U99/><E46/><V76/><F105/><W72/><G72/><T106/><D106/><U115/><E115/><V34/><F34/><W83/><G84/><T36/><D36/><U49/><E49/><V55/><F120/><W82/><G118/><T129/><D68/><U134/><E110/><V53/><F7/><W62/><G98/><T80/><D129/><U10/><E130/><V104/><F104/><W71/><G71/><T37/><D37/><U30/><E107/><V58/><F76/><W24/><G17/><T100/><D121/><U18/><E70/><V127/><F122/><W132/><G132/><T60/><D2/><U103/><E1/><V113/><F127/><W22/><G24/><T73/><D73/><U50/><E26/><V0/><F0/><W9/><G9/><T23/><D93/><AGARI ba="2,0" hai="8,11,19,22,25,54,57,62,81,82,83,93,96,102" machi="93" ten="40,8000,1" yaku="8,1,52,3" doraHai="77" who="3" fromWho="0" sc="197,-86,409,0,197,0,197,86" /><INIT seed="2,0,0,1,4,3" ten="111,409,197,283" oya="2" hai0="36,33,87,49,104,12,132,71,44,113,135,126,76" hai1="80,112,45,124,82,9,73,66,90,122,29,42,43" hai2="70,52,105,72,101,5,21,16,81,51,50,129,134" hai3="10,1,18,54,67,95,84,121,62,64,61,116,34"/><V39/><F39/><W8/><G116/><T74/><D12/><U107/><E112/><V130/><F70/><W78/><G34/><T127/><D33/><U48/><E107/><V31/><F31/><W115/><G121/><T63/><D87/><U98/><E124/><N who="0" m="47657" /><D104/><U24/><E66/><V65/><F65/><W14/><G115/><T40/><D76/><U77/><E122/><V120/><F120/><W108/><G78/><T133/><D74/><U96/><E9/><V123/><F134/><W6/><G108/><T99/><D99/><U37/><E96/><N who="2" m="61607" /><F123/><W32/><G32/><T86/><D86/><U53/><E37/><V102/><F102/><W128/><G84/><T35/><D35/><U2/><E2/><V75/><F81/><W109/><G109/><T91/><D91/><U38/><E82/><V26/><F50/><W30/><G30/><T17/><D17/><U4/><E38/><V22/><F5/><W103/><G103/><T83/><D83/><U125/><E4/><V100/><F22/><W27/><G95/><T117/><D113/><U119/><E125/><V57/><F100/><W56/><G27/><T111/><D111/><U0/><E0/><V97/><F97/><W85/><G85/><T60/><D117/><U114/><E119/><V25/><F25/><W55/><G128/><AGARI ba="0,0" hai="16,21,26,51,52,57,72,75,128,129,130" m="61607" machi="128" ten="30,5800,0" yaku="19,1,54,2" doraHai="3" who="2" fromWho="3" sc="111,0,409,0,197,58,283,-58" /><INIT seed="2,1,0,5,4,104" ten="111,409,255,225" oya="2" hai0="33,77,20,25,91,133,14,71,81,87,120,128,12" hai1="70,126,82,27,85,107,102,97,58,56,114,1,90" hai2="43,84,48,30,113,118,64,11,66,46,45,88,108" hai3="72,7,39,80,101,17,55,99,134,121,47,8,0"/><V78/><F113/><W15/><G134/><T106/><D120/><U5/><E114/><V35/><F118/><W24/><G121/><T89/><D133/><U18/><E126/><V31/><F35/><W42/><G55/><T23/><D33/><U132/><E132/><V83/><F108/><W49/><G24/><T73/><D71/><U60/><E1/><V116/><F116/><W95/><G49/><T131/><D106/><U22/><E5/><V110/><F110/><W119/><G119/><T40/><D40/><U50/><E50/><N who="2" m="26943" /><F11/><W135/><G135/><T51/><D51/><U125/><E125/><V122/><F122/><W92/><G92/><T29/><D89/><U79/><E70/><V53/><F78/><N who="3" m="44103" /><G15/><T32/><D14/><U52/><E58/><V94/><F94/><W124/><G17/><T34/><D34/><U6/><REACH who="1" step="1"/><E6/><REACH who="1" ten="111,399,255,225" step="2"/><V21/><F30/><W75/><G124/><T100/><D29/><U3/><E3/><V38/><F38/><W41/><G41/><T105/><D128/><U68/><E68/><V54/><F54/><W76/><G76/><AGARI ba="1,1" hai="18,22,27,52,56,60,76,79,82,85,90,97,102,107" machi="76" ten="40,2600,0" yaku="1,1,54,1,53,0" doraHai="104" doraHaiUra="44" who="1" fromWho="3" sc="111,0,399,39,255,0,225,-29" /><INIT seed="3,0,0,2,4,40" ten="111,438,255,196" oya="3" hai0="63,55,122,36,46,13,43,20,133,96,23,75,15" hai1="49,112,107,66,1,21,9,57,12,18,14,58,11" hai2="76,118,109,125,56,2,70,121,91,101,41,80,87" hai3="106,135,25,17,72,73,31,44,69,71,98,28,117"/><W4/><G117/><T3/><D122/><U83/><E107/><V113/><F118/><W105/><G4/><T26/><D3/><U48/><E112/><V59/><F113/><W94/><G17/><T119/><D119/><U102/><E102/><V116/><F116/><W60/><G94/><T115/><D115/><U131/><E131/><V5/><F70/><W16/><G16/><T45/><D75/><U79/><E1/><V120/><F109/><W30/><G25/><T7/><D133/><U129/><E129/><V62/><F125/><W90/><G90/><T29/><D7/><U8/><E14/><N who="0" m="5129" /><D36/><U38/><E38/><V35/><F35/><W67/><G135/><T127/><D127/><U61/><REACH who="1" step="1"/><E57/><REACH who="1" ten="111,428,255,196" step="2"/><V114/><F59/><W128/><G128/><T19/><D43/><U132/><E132/><V108/><F114/><W64/><G105/><T85/><D96/><U68/><E68/><V103/><F120/><W88/><G106/><T78/><D78/><U130/><E130/><V10/><F76/><W33/><G98/><T110/><D110/><U111/><E111/><V51/><F108/><W6/><G71/><T77/><D77/><U104/><E104/><V34/><F121/><W22/><G69/><T24/><D85/><AGARI ba="0,1" hai="8,9,11,12,18,21,48,49,58,61,66,79,83,85" machi="85" ten="40,2600,0" yaku="1,1,8,1,53,0" doraHai="40" doraHaiUra="93" who="1" fromWho="0" sc="111,-26,428,36,255,0,196,0" /><INIT seed="4,0,0,2,2,10" ten="85,464,255,196" oya="0" hai0="22,24,42,34,100,132,64,130,99,41,60,36,134" hai1="111,74,79,119,75,47,126,86,71,116,44,12,112" hai2="133,48,98,39,14,27,117,46,16,66,97,82,90" hai3="61,45,20,115,2,72,113,62,87,28,128,5,70"/><T131/><D22/><U1/><E71/><V9/><F39/><W120/><G72/><T83/><D83/><U108/><E1/><V85/><F133/><N who="0" m="51306" /><D24/><U37/><E86/><V63/><F117/><W73/><G73/><T52/><D34/><U23/><E37/><V69/><REACH who="2" step="1"/><F27/><REACH who="2" ten="85,464,245,196" step="2"/><W29/><G115/><T135/><D135/><U0/><E112/><V40/><AGARI ba="0,1" hai="9,14,16,40,46,48,63,66,69,82,85,90,97,98" machi="40" ten="20,12000,2" yaku="1,1,2,1,0,1,7,1,52,1,54,1,53,1" doraHai="10" doraHaiUra="84" who="2" fromWho="2" sc="85,-60,464,-30,245,130,196,-30" /><INIT seed="5,0,0,0,4,94" ten="25,434,375,166" oya="1" hai0="8,47,87,23,32,135,128,43,7,41,21,14,27" hai1="92,112,29,88,75,46,56,118,113,85,102,44,65" hai2="67,124,93,114,71,37,125,123,26,24,131,2,51" hai3="107,69,52,72,9,84,19,40,60,62,39,12,103"/><U126/><E118/><V25/><F123/><W133/><G72/><T83/><D128/><U81/><E126/><N who="2" m="48747" /><F37/><W0/><G133/><T64/><D135/><U11/><E29/><V34/><F2/><W63/><G69/><T97/><D64/><U78/><E11/><V28/><F131/><W132/><G132/><T100/><D32/><U121/><E121/><V53/><F114/><N who="1" m="44137" /><E102/><V49/><F93/><W104/><G0/><T109/><D109/><U101/><E101/><V95/><F95/><W134/><G134/><T120/><D120/><U74/><E74/><V31/><F53/><W122/><G122/><T110/><D110/><U106/><E106/><V10/><F10/><W80/><G40/><T13/><D13/><U129/><E129/><V5/><F5/><W61/><G39/><T16/><D23/><U130/><E130/><V1/><F1/><W79/><G103/><T99/><D100/><U68/><E68/><V57/><F71/><W77/><G107/><T55/><D55/><U73/><E73/><V6/><F6/><W105/><G105/><T89/><REACH who="0" step="1"/><D43/><REACH who="0" ten="15,434,375,166" step="2"/><U116/><E116/><V38/><F34/><W58/><G104/><T119/><D119/><U70/><E70/><V54/><F67/><W48/><N who="3" m="15360" /><DORA hai="111" /><W33/><G33/><T30/><D30/><U17/><E17/><V90/><F31/><W117/><G117/><T86/><D86/><U59/><E65/><V42/><F28/><W18/><G18/><T96/><D96/><N who="1" m="57351" /><E75/><V115/><F26/><W36/><G19/><T22/><D22/><U108/><E108/><V50/><F25/><RYUUKYOKU ba="0,1" sc="15,15,434,15,375,-15,166,-15" hai0="7,8,14,16,21,27,41,47,83,87,89,97,99" hai1="44,46,56,59,78,81,85" /><INIT seed="5,1,1,1,4,46" ten="30,449,360,151" oya="1" hai0="133,39,55,79,85,5,97,44,59,33,40,123,78" hai1="13,105,96,37,12,17,56,124,6,24,108,14,19" hai2="36,0,66,111,48,74,3,87,43,31,49,132,86" hai3="7,106,57,52,121,102,28,95,93,63,118,113,27"/><U10/><E37/><V120/><F111/><W68/><G121/><T61/><D123/><U62/><E108/><V50/><F74/><W77/><G113/><T76/><D33/><U125/><E105/><V90/><F120/><W84/><G118/><T41/><D133/><U38/><E38/><V2/><F132/><W103/><G7/><T109/><D109/><U20/><E96/><V73/><F73/><W94/><G68/><T110/><D110/><U60/><E56/><V83/><F66/><W82/><REACH who="3" step="1"/><G106/><REACH who="3" ten="30,449,360,141" step="2"/><T100/><D5/><U18/><E60/><V22/><F36/><W30/><G30/><T119/><D119/><U11/><E62/><V130/><F130/><W134/><G134/><T98/><D41/><U117/><E117/><V42/><REACH who="2" step="1"/><F87/><REACH who="2" ten="30,449,350,141" step="2"/><W71/><G71/><T67/><D85/><U16/><E10/><V35/><F35/><AGARI ba="1,3" hai="27,28,35,52,57,63,77,82,84,93,94,95,102,103" machi="35" ten="40,5200,0" yaku="1,1,54,1,53,1" doraHai="46" doraHaiUra="75" who="3" fromWho="2" sc="30,0,449,0,350,-55,141,85" /><INIT seed="6,0,0,2,0,66" ten="30,449,295,226" oya="2" hai0="84,47,93,28,114,115,33,124,10,29,81,112,39" hai1="92,111,118,104,79,24,110,131,94,16,36,113,48" hai2="135,19,85,4,38,37,32,54,127,15,2,25,53" hai3="17,107,87,62,3,65,108,82,89,21,67,86,68"/><V44/><F127/><W63/><G107/><T6/><D124/><U117/><E104/><V64/><F135/><W80/><G3/><T119/><D93/><U7/><E36/><V13/><F64/><W11/><G11/><T95/><D95/><U23/><E131/><V83/><F2/><W45/><G45/><T50/><D39/><U26/><E113/><V0/><F0/><W75/><G75/><T73/><D73/><U58/><E79/><V105/><F105/><W59/><G108/><T35/><D119/><U91/><E7/><V61/><F4/><W132/><G132/><T121/><D121/><U60/><E111/><V30/><F13/><W9/><G9/><T126/><D126/><U125/><E125/><V72/><F72/><W122/><G122/><T5/><D33/><U12/><E110/><V70/><F54/><W31/><G31/><T106/><D106/><U97/><E48/><N who="2" m="28807" /><F70/><W34/><G34/><T71/><D71/><U18/><E26/><V20/><F61/><W8/><G8/><T116/><D116/><U103/><E94/><V123/><F123/><W88/><G17/><T42/><D35/><U76/><E76/><V40/><F40/><W129/><G129/><T98/><D98/><U51/><E51/><V69/><F69/><W99/><G99/><T74/><D74/><U90/><E118/><V134/><F134/><W14/><G14/><N who="0" m="5455" /><D6/><U133/><E117/><V77/><F38/><W22/><AGARI ba="0,0" hai="21,22,59,62,63,65,67,68,80,82,86,87,88,89" machi="22" ten="30,7900,0" yaku="0,1,9,1,52,1,54,1" doraHai="66" who="3" fromWho="3" sc="30,-20,449,-20,295,-39,226,79" /><INIT seed="7,0,0,5,0,32" ten="10,429,256,305" oya="3" hai0="23,65,107,22,25,31,56,122,61,48,83,114,24" hai1="8,90,128,15,134,127,10,2,57,95,104,119,78" hai2="120,125,71,18,76,103,75,77,97,26,93,91,123" hai3="63,52,64,112,108,43,58,118,79,67,20,0,85"/><W14/><G118/><T109/><D109/><U116/><E104/><N who="2" m="63599" /><F71/><W121/><G121/><N who="2" m="46665" /><F18/><N who="3" m="10327" /><G0/><T11/><D122/><U49/><E2/><V92/><F26/><W131/><G131/><T53/><D114/><U80/><E127/><V30/><F30/><W46/><G112/><T106/><D83/><U19/><E134/><V81/><F125/><W29/><G108/><T5/><D106/><U98/><E128/><V100/><F100/><W17/><G29/><T70/><D107/><U33/><E33/><V87/><F77/><W37/><G17/><T74/><D74/><U41/><E8/><V40/><F40/><W6/><G6/><T89/><D89/><U101/><E90/><V129/><F129/><W54/><G37/><T16/><D70/><U1/><E1/><V86/><F93/><W9/><G9/><T69/><D11/><U60/><E49/><V3/><F3/><W62/><G43/><T99/><D99/><U113/><E41/><V28/><F28/><W39/><G39/><T72/><D72/><U4/><E4/><V38/><F38/><W88/><G79/><T13/><D5/><U12/><E113/><V102/><F102/><W47/><G62/><T50/><D13/><U21/><E12/><V27/><F27/><W36/><G36/><T133/><D133/><U105/><E10/><V111/><F111/><W59/><G59/><T68/><D68/><U66/><E105/><V34/><F34/><W130/><G130/><T117/><D117/><N who="1" m="45131" /><E78/><V44/><F44/><W42/><G46/><T73/><D50/><U51/><E51/><V135/><F135/><RYUUKYOKU ba="0,0" sc="10,10,429,10,256,10,305,-30" hai0="16,22,23,24,25,31,48,53,56,61,65,69,73" hai1="15,19,21,57,60,66,80,95,98,101" hai2="75,76,81,86,87,91,92" owari="20,-48.0,439,53.0,266,-13.0,275,8.0" /></mjloggm>