<mjloggm ver="2.3"><GO type="185" lobby="0"/><UN n0="%E9%BE%8D%E5%B9%B3" n1="%E3%81%97%E3%82%87%E3%81%86%E3%81%90%E3%82%93%EF%BC%94" n2="%74%69%65%66%62%6C%61%75" n3="" dan="16,17,16,0" rate="2195.40,2217.75,2139.47,1500.00" sx="M,M,M,C"/><TAIKYOKU oya="0"/><INIT seed="0,0,0,3,3,84" ten="350,350,350,0" oya="0" hai0="124,72,1,62,110,39,43,73,128,115,130,74,88" hai1="59,98,125,94,66,48,61,52,109,3,97,129,68" hai2="93,92,87,37,44,111,100,107,108,135,45,99,122" hai3=""/><T112/><D1/><U82/><E3/><V77/><N who="2" m="31264" /><V69/><F69/><T90/><D124/><U102/><E125/><V0/><F0/><T133/><D133/><U54/><E129/><N who="0" m="49769" /><D110/><N who="2" m="42026" /><F135/><T75/><D62/><U32/><E109/><V123/><N who="2" m="31520" /><V76/><F37/><T121/><N who="0" m="31008" /><T131/><N who="0" m="18432" /><DORA hai="60" /><T46/><N who="0" m="49777" /><T85/><DORA hai="101" /><D85/><U83/><E32/><V81/><F77/><T105/><D105/><U34/><E34/><V80/><F80/><T134/><D134/><U120/><N who="1" m="30752" /><U117/><E117/><V114/><F114/><AGARI ba="0,0" hai="39,43,46,88,90,112,114,115" m="18432,31008,49777" machi="114" ten="80,12000,1" yaku="19,1,52,3,54,1" doraHai="84,60,101" who="0" fromWho="2" sc="350,120,350,0,350,-120,0,0" /><INIT seed="0,1,0,2,0,48" ten="470,350,230,0" oya="0" hai0="117,123,133,116,73,1,76,56,35,75,51,130,114" hai1="109,77,131,91,121,64,101,49,110,40,113,54,70" hai2="100,127,61,120,81,94,65,33,125,90,106,57,105" hai3=""/><T79/><N who="0" m="31520" /><T83/><D35/><U44/><N who="1" m="31008" /><U118/><E118/><V108/><N who="2" m="30752" /><V86/><F33/><T122/><N who="0" m="31264" /><T128/><D1/><U69/><E77/><V96/><REACH who="2" step="1"/><F108/><REACH who="2" ten="470,350,220,0" step="2"/><T34/><D34/><U93/><E110/><V85/><F85/><T63/><D114/><U0/><E109/><V67/><F67/><T2/><D2/><U58/><E113/><V92/><F92/><T55/><D117/><U32/><E0/><V88/><F88/><T111/><D116/><U134/><E64/><V72/><F72/><T112/><D112/><U78/><E32/><V68/><F68/><T104/><D111/><U98/><E70/><V43/><F43/><T124/><D104/><AGARI ba="1,1" hai="57,61,65,81,86,90,94,96,100,104,105,106,125,127" m="30752" machi="104" ten="40,5200,0" yaku="1,1,52,1,53,1" doraHai="48" doraHaiUra="53" who="2" fromWho="0" sc="470,-54,350,0,220,64,0,0" /><INIT seed="1,0,0,0,4,35" ten="416,350,284,0" oya="1" hai0="54,75,48,85,95,113,69,42,2,93,73,65,106" hai1="50,38,97,57,118,40,134,119,47,66,34,52,107" hai2="33,3,49,59,64,76,80,122,101,51,103,111,127" hai3=""/><U130/><E34/><V116/><N who="2" m="31264" /><V82/><F33/><T41/><D106/><U32/><E32/><V39/><F116/><T74/><D2/><U43/><E134/><V94/><F39/><T108/><D108/><U121/><N who="1" m="31008" /><U72/><E72/><V0/><F111/><T133/><D133/><U79/><E79/><V87/><F127/><T126/><D126/><U98/><E130/><V92/><F64/><T58/><D113/><U129/><E129/><V81/><F59/><T123/><N who="0" m="31520" /><T88/><REACH who="0" step="1"/><D95/><REACH who="0" ten="406,350,284,0" step="2"/><U86/><E119/><V44/><F81/><T105/><D105/><U1/><E107/><V83/><F83/><T45/><D45/><U53/><E118/><V68/><F44/><T135/><D135/><U37/><E1/><V132/><F132/><T104/><D104/><U84/><E47/><V120/><N who="2" m="30752" /><V96/><F82/><T60/><AGARI ba="0,1" hai="41,42,48,54,58,60,65,69,73,74,75,85,88,93" m="31520" machi="60" ten="40,6000,1" yaku="1,1,0,1,52,1,54,1,53,0" doraHai="35" doraHaiUra="70" who="0" fromWho="0" sc="406,70,350,-40,284,-20,0,0" /><INIT seed="2,0,0,4,4,117" ten="476,310,264,0" oya="2" hai0="94,118,130,36,52,45,95,87,51,2,38,60,113" hai1="128,84,79,69,135,124,80,75,98,131,46,89,49" hai2="114,50,32,91,59,40,61,83,70,53,41,1,76" hai3=""/><V97/><F1/><T34/><D34/><U116/><E69/><V67/><F32/><T96/><D2/><U110/><E116/><V72/><F114/><T35/><D35/><U104/><E135/><V64/><F64/><T123/><N who="0" m="31520" /><T77/><D118/><U81/><E124/><V44/><F40/><T33/><D33/><U48/><E110/><V101/><F91/><T66/><D130/><N who="1" m="49707" /><E46/><V105/><REACH who="2" step="1"/><F41/><REACH who="2" ten="476,310,254,0" step="2"/><T119/><D113/><U133/><E133/><V109/><F109/><T54/><D119/><U126/><E126/><V129/><F129/><T103/><D54/><U37/><E37/><V74/><F74/><T100/><D36/><U55/><E55/><V42/><F42/><T39/><D39/><U65/><E65/><V78/><F78/><T85/><D77/><U86/><E75/><V112/><F112/><T73/><D73/><U0/><E0/><V122/><N who="2" m="31264" /><V93/><F93/><T62/><D38/><U99/><E104/><V58/><AGARI ba="0,1" hai="44,50,53,58,59,61,67,70,72,76,83,97,101,105" m="31264" machi="58" ten="30,7800,0" yaku="1,1,0,1,52,2,53,0" doraHai="117" doraHaiUra="121" who="2" fromWho="2" sc="476,-39,310,-39,254,88,0,0" /><INIT seed="2,1,0,5,4,88" ten="437,271,342,0" oya="2" hai0="54,126,106,65,43,123,116,51,75,71,127,134,107" hai1="73,97,86,79,32,113,84,115,109,53,1,104,35" hai2="87,91,103,118,74,105,135,93,78,39,85,99,92" hai3=""/><V38/><F118/><T44/><N who="0" m="31520" /><T64/><D75/><U125/><E1/><V95/><F135/><T129/><D116/><U57/><E73/><V83/><F38/><T69/><D106/><U52/><E125/><V121/><N who="2" m="31008" /><V98/><F39/><T70/><D107/><U55/><E57/><V119/><F119/><T114/><D134/><U0/><E0/><V48/><F48/><T94/><D94/><AGARI ba="1,0" hai="74,78,83,85,87,91,92,93,94,95,98,99,103,105" m="31008" machi="94" ten="40,36000,4" yaku="35,6,52,5" doraHai="88" who="2" fromWho="0" sc="437,-362,271,0,342,362,0,0" /><INIT seed="2,2,0,2,3,120" ten="75,271,704,0" oya="2" hai0="49,81,53,116,121,107,112,88,89,50,70,115,68" hai1="126,61,133,131,135,134,87,94,67,69,132,42,111" hai2="102,104,84,51,90,36,101,3,83,108,119,58,130" hai3=""/><V2/><F119/><T48/><N who="0" m="31008" /><T79/><D107/><U44/><E131/><V125/><F36/><T35/><D35/><U93/><E126/><V75/><F125/><T64/><D116/><U47/><E111/><V95/><F130/><T118/><D118/><U1/><E1/><V128/><F128/><T60/><D70/><U97/><E135/><V71/><F71/><T103/><D103/><U96/><E87/><V129/><F129/><T80/><D53/><U37/><E47/><V38/><F38/><T39/><D39/><U109/><E109/><V54/><F108/><T76/><D81/><U91/><E133/><V65/><F65/><T106/><D106/><U110/><E110/><V40/><F40/><T98/><D79/><U82/><E82/><V32/><F32/><T59/><D68/><U72/><E72/><V86/><F75/><T57/><D57/><U77/><E77/><V99/><F101/><T0/><D0/><U123/><N who="1" m="31520" /><U78/><E78/><AGARI ba="2,0" hai="2,3,51,54,58,78,83,84,86,90,95,99,102,104" machi="78" ten="30,1500,0" yaku="7,1" doraHai="120" who="2" fromWho="1" sc="75,0,271,-19,704,19,0,0" /><INIT seed="2,3,0,1,3,121" ten="75,252,723,0" oya="2" hai0="39,117,1,34,96,85,73,134,61,0,67,77,82" hai1="66,128,86,47,100,38,43,60,59,90,72,50,132" hai2="97,64,98,2,124,123,111,54,32,130,103,35,106" hai3=""/><V79/><F2/><T78/><D34/><U89/><E72/><V46/><N who="2" m="31520" /><V127/><F130/><T80/><D39/><U63/><E128/><V75/><F64/><T3/><D117/><U107/><E132/><V92/><F79/><T112/><D112/><U68/><E38/><V104/><F75/><T110/><D110/><U58/><E68/><V45/><F111/><T55/><D134/><U113/><E113/><V122/><N who="2" m="31264" /><V41/><F54/><T44/><D96/><U99/><E86/><V65/><F65/><AGARI ba="3,0" hai="43,47,50,58,59,60,63,65,66,89,90,99,100,107" machi="65" ten="30,2000,0" yaku="7,1,9,1" doraHai="121" who="1" fromWho="2" sc="75,0,252,26,723,-26,0,0" /><INIT seed="4,0,0,4,5,77" ten="75,278,697,0" oya="0" hai0="41,58,3,99,1,107,95,68,87,81,104,109,133" hai1="79,123,49,122,126,80,56,84,108,112,106,88,43" hai2="32,96,130,39,120,67,36,127,63,125,110,128,61" hai3=""/><T86/><D68/><U75/><N who="1" m="31264" /><U83/><N who="1" m="31520" /><U33/><E33/><V59/><N who="2" m="30752" /><V46/><F32/><T51/><D133/><U70/><E70/><V89/><F110/><T55/><D109/><U115/><E108/><V71/><F89/><T135/><D135/><U45/><E106/><V50/><F96/><T103/><D41/><U97/><E126/><N who="2" m="48139" /><F50/><T90/><REACH who="0" step="1"/><D107/><REACH who="0" ten="65,278,697,0" step="2"/><U121/><N who="1" m="31008" /><U0/><E0/><V34/><F34/><T47/><D47/><U74/><E75/><V94/><F46/><T92/><D92/><U65/><E97/><V42/><F94/><T102/><D102/><U82/><E56/><V105/><F105/><T76/><AGARI ba="0,1" hai="1,3,51,55,58,76,81,86,87,90,95,99,103,104" machi="76" ten="20,5200,0" yaku="1,1,0,1,7,1,52,1,53,0" doraHai="77" doraHaiUra="111" who="0" fromWho="0" sc="65,62,278,-26,697,-26,0,0" /><INIT seed="4,1,0,5,2,84" ten="127,252,671,0" oya="0" hai0="102,65,32,0,86,62,90,73,57,81,135,64,48" hai1="131,122,99,79,59,41,133,85,35,134,50,112,94" hai2="3,120,70,116,109,44,124,58,83,87,91,49,36" hai3=""/><T119/><D32/><U95/><N who="1" m="31264" /><U68/><E68/><V45/><N who="2" m="30752" /><V106/><F3/><T104/><D0/><U53/><E35/><V126/><F109/><T117/><D135/><U98/><E131/><V101/><F70/><T130/><D130/><U108/><E108/><V114/><F114/><T46/><D65/><U66/><E66/><V118/><F101/><T74/><D102/><U69/><E69/><V33/><F106/><T100/><D100/><U2/><E112/><V132/><F33/><T1/><D104/><U76/><E41/><V43/><F58/><T34/><D34/><U78/><E85/><V71/><F71/><T88/><D1/><U128/><E128/><V115/><F115/><T61/><D61/><U92/><REACH who="1" step="1"/><E2/><REACH who="1" ten="127,242,671,0" step="2"/><V63/><F132/><AGARI ba="1,1" hai="50,53,59,76,78,79,92,94,95,98,99,132,133,134" m="31264" machi="132" ten="50,12000,2" yaku="1,1,2,1,20,1,52,1,53,3" doraHai="84" doraHaiUra="75" who="1" fromWho="2" sc="127,0,242,132,671,-122,0,0" /><INIT seed="5,0,0,0,5,61" ten="127,374,549,0" oya="1" hai0="77,57,84,131,51,71,53,123,100,67,104,103,101" hai1="34,82,124,116,48,46,134,117,56,65,80,47,127" hai2="62,109,37,126,43,59,45,121,1,87,69,83,72" hai3=""/><U85/><E34/><V79/><N who="2" m="31008" /><V108/><F1/><T41/><N who="0" m="31520" /><T36/><D104/><U54/><E134/><V132/><F132/><T70/><D131/><U38/><E82/><V102/><F126/><N who="1" m="48169" /><E85/><V49/><F102/><T128/><D128/><U105/><E80/><V115/><F115/><T68/><D77/><U55/><E105/><V42/><F69/><T86/><D86/><U58/><E65/><V66/><F43/><T122/><N who="0" m="31264" /><T113/><D84/><U99/><E99/><V95/><F37/><T129/><D129/><U92/><E92/><V2/><F2/><T94/><D94/><U114/><E114/><V111/><REACH who="2" step="1"/><F95/><REACH who="2" ten="127,374,539,0" step="2"/><T96/><D113/><U63/><E38/><V0/><F0/><T120/><N who="0" m="30752" /><T40/><D96/><U112/><E112/><V52/><F52/><T125/><D125/><U110/><E110/><V93/><F93/><T50/><D36/><U135/><E135/><V90/><F90/><T33/><D33/><U35/><E35/><V78/><F78/><T106/><D106/><U88/><E88/><V89/><F89/><T32/><D32/><U44/><AGARI ba="0,1" hai="44,46,47,48,54,55,56,58,63,116,117" m="48169" machi="44" ten="30,4000,0" yaku="18,1,34,2" doraHai="61" who="1" fromWho="1" sc="127,-20,374,50,539,-20,0,0" /><INIT seed="5,1,0,2,2,85" ten="107,424,519,0" oya="1" hai0="97,91,67,117,93,92,40,47,58,104,121,132,52" hai1="51,127,55,130,59,32,61,56,60,99,101,64,42" hai2="118,120,81,105,125,43,124,66,38,79,129,131,0" hai3=""/><U108/><E32/><V94/><N who="2" m="30752" /><V109/><F0/><T102/><N who="0" m="31008" /><T33/><D33/><U57/><E130/><N who="2" m="49675" /><F109/><T88/><D117/><U68/><E108/><V78/><F105/><T53/><D132/><U98/><E127/><N who="2" m="48715" /><F118/><T72/><D72/><U77/><E77/><V39/><F66/><T100/><D67/><U34/><E34/><V49/><F78/><T71/><D71/><U80/><E80/><V75/><F94/><T48/><D104/><U86/><E86/><V106/><F106/><T2/><D2/><U76/><E76/><V135/><F135/><T65/><D65/><U50/><E99/><V111/><F111/><T82/><D82/><U89/><E101/><N who="0" m="39017" /><D58/><N who="1" m="22635" /><E98/><AGARI ba="1,0" hai="40,47,48,52,53,88,91,92,93,97,98" m="39017,31008" machi="98" ten="30,12000,2" yaku="8,1,52,3,54,2" doraHai="85" who="0" fromWho="1" sc="107,122,424,-122,519,0,0,0" /><INIT seed="6,0,0,2,2,36" ten="229,302,519,0" oya="2" hai0="46,101,132,112,88,73,87,44,110,50,109,92,47" hai1="1,60,99,75,57,114,106,116,126,55,49,129,115" hai2="40,79,123,113,130,53,78,52,82,77,103,71,98" hai3=""/><V118/><N who="2" m="31520" /><V127/><F118/><T37/><D73/><U91/><E75/><V59/><F71/><T107/><D132/><U69/><E1/><V65/><F127/><T34/><D34/><U32/><E32/><V3/><F3/><T94/><D107/><U133/><E126/><V0/><F0/><T117/><D117/><U111/><E111/><V41/><F130/><T89/><D101/><U74/><E74/><V128/><F128/><T125/><D125/><U90/><E129/><V67/><F113/><N who="1" m="43017" /><E133/><V39/><F39/><T84/><D112/><U93/><E106/><V54/><F82/><T83/><D83/><U124/><E116/><V68/><F68/><T76/><D76/><U81/><E124/><V45/><F59/><T102/><D102/><U48/><E69/><V122/><N who="2" m="31264" /><V95/><F45/><T58/><REACH who="0" step="1"/><D37/><REACH who="0" ten="219,302,519,0" step="2"/><U104/><E104/><V134/><F134/><T61/><D61/><U72/><E91/><V131/><F131/><T96/><D96/><U119/><E119/><V70/><F79/><AGARI ba="0,1" hai="48,49,55,57,60,72,79,81,90,93,99" m="43017" machi="79" ten="30,1000,0" yaku="15,1" doraHai="36" who="1" fromWho="2" sc="219,0,302,20,519,-10,0,0" owari="219,-38.0,322,-8.0,509,46.0,0,0.0" /></mjloggm>