<mjloggm ver="2.3"><GO type="185" lobby="0"/><UN n0="%30%30%73%61%69" n1="%44%75%73%6B" n2="%E3%81%BF%E3%83%BC%E3%82%8F" n3="" dan="16,16,17,0" rate="2228.76,2190.17,2272.34,1500.00" sx="M,M,M,C"/><TAIKYOKU oya="0"/><INIT seed="0,0,0,2,0,76" ten="350,350,350,0" oya="0" hai0="78,122,72,1,126,125,65,121,0,47,41,37,83" hai1="68,127,82,36,61,79,34,38,129,110,106,119,74" hai2="71,60,93,95,92,57,32,128,73,103,48,104,56" hai3=""/><T39/><N who="0" m="31008" /><T49/><N who="0" m="31264" /><T2/><REACH who="0" step="1"/><D65/><REACH who="0" ten="340,350,350,0" step="2"/><U96/><E119/><V42/><F32/><T64/><D64/><U46/><E34/><V108/><F128/><T62/><D62/><U52/><E61/><V58/><F60/><T100/><D100/><U107/><E129/><V84/><F103/><T113/><D113/><U99/><E127/><AGARI ba="0,1" hai="0,1,2,37,39,41,47,49,72,78,83,125,126,127" m="31264,31008" machi="127" ten="50,12000,1" yaku="1,1,18,1,52,3,53,0" doraHai="76" doraHaiUra="101" who="0" fromWho="1" sc="340,130,350,-120,350,0,0,0" /><INIT seed="0,1,0,5,3,55" ten="470,230,350,0" oya="0" hai0="78,106,40,127,84,86,115,133,104,38,71,97,63" hai1="51,111,34,47,62,44,33,107,60,57,125,82,53" hai2="122,45,109,95,96,66,3,87,42,65,93,75,77" hai3=""/><T37/><D115/><U0/><E107/><V134/><N who="2" m="31264" /><V128/><F3/><T1/><D1/><U103/><E103/><V119/><F109/><T69/><D40/><U129/><E0/><V120/><N who="2" m="30752" /><V48/><F128/><T72/><D78/><U100/><E100/><V58/><F134/><T90/><D63/><U110/><E129/><V56/><F75/><T102/><D102/><U76/><E125/><V121/><N who="2" m="31008" /><V46/><F119/><T88/><D97/><U35/><E60/><V113/><F113/><T108/><D72/><U94/><E94/><N who="2" m="35851" /><F45/><T101/><D101/><U123/><N who="1" m="31520" /><U132/><E132/><V124/><F96/><T130/><D130/><U79/><E47/><V74/><F74/><T89/><D133/><U99/><E99/><V43/><F43/><T59/><D108/><N who="1" m="41515" /><E82/><V114/><F114/><T80/><D80/><U81/><E81/><V98/><F98/><T92/><D92/><U118/><E118/><V83/><F124/><T73/><D73/><U70/><E70/><V126/><F126/><T68/><D127/><U135/><E135/><V91/><F77/><T61/><D104/><U2/><E2/><V67/><AGARI ba="1,0" hai="42,46,48,56,58,65,66,67,83,87,91" m="35851,31008,30752,31264" machi="67" ten="30,9000,2" yaku="8,1,52,5" doraHai="55" who="2" fromWho="2" sc="470,-61,230,-31,350,92,0,0" /><INIT seed="1,0,0,0,2,91" ten="409,199,442,0" oya="1" hai0="90,113,114,66,71,123,106,61,46,60,79,62,80" hai1="65,51,67,35,42,50,33,58,128,75,49,119,78" hai2="132,76,39,34,126,120,63,107,2,127,41,99,135" hai3=""/><U54/><E119/><V117/><N who="2" m="30752" /><V105/><F117/><T86/><N who="0" m="31520" /><T93/><D106/><U68/><E128/><V59/><F2/><T88/><D90/><U36/><E75/><V125/><F34/><T74/><REACH who="0" step="1"/><D46/><REACH who="0" ten="399,199,442,0" step="2"/><U47/><E78/><V115/><F107/><T43/><D43/><U56/><E33/><V0/><F41/><T96/><D96/><U84/><E35/><V72/><F105/><T44/><D44/><U130/><E130/><V3/><F3/><T55/><D55/><U112/><E112/><AGARI ba="0,1" hai="60,61,62,66,71,74,79,80,86,88,93,112,113,114" m="31520" machi="112" ten="40,12000,2" yaku="1,1,52,2,54,1,53,3" doraHai="91" doraHaiUra="57" who="0" fromWho="1" sc="399,130,199,-120,442,0,0,0" /><INIT seed="2,0,0,5,1,42" ten="529,79,442,0" oya="2" hai0="54,66,130,36,123,93,85,118,74,110,70,135,83" hai1="102,80,38,43,46,3,108,97,71,94,133,82,90" hai2="134,114,103,39,72,92,124,128,132,40,101,64,67" hai3=""/><V63/><F114/><T81/><N who="0" m="31520" /><T41/><D118/><U60/><E133/><N who="2" m="51307" /><F128/><T75/><D130/><U35/><E35/><V122/><N who="2" m="31264" /><V49/><F124/><T96/><D135/><U121/><N who="1" m="31008" /><U116/><E116/><V56/><F72/><T119/><D119/><U115/><E115/><V113/><F113/><T86/><D86/><U44/><E108/><V2/><F2/><T33/><D85/><U109/><E109/><V53/><F92/><T65/><D93/><U87/><E3/><V37/><F67/><T61/><D66/><U95/><REACH who="1" step="1"/><E46/><REACH who="1" ten="529,69,442,0" step="2"/><V105/><F37/><T120/><N who="0" m="30752" /><T125/><D36/><U45/><E45/><V52/><F39/><T78/><D110/><U112/><E112/><V126/><F126/><T0/><D125/><U111/><E111/><V91/><F40/><T62/><D41/><U55/><E55/><V58/><F53/><T88/><D0/><U77/><E77/><V84/><F105/><T79/><D33/><U32/><E32/><V48/><F52/><T127/><D127/><U50/><E50/><V1/><F48/><T76/><D76/><U47/><E47/><V98/><F1/><T68/><D54/><U129/><E129/><V34/><F34/><RYUUKYOKU ba="0,1" sc="529,-10,69,20,442,-10,0,0" hai1="38,43,44,60,71,80,82,87,90,94,95,97,102" /><INIT seed="4,1,1,2,1,102" ten="519,89,432,0" oya="0" hai0="89,34,94,48,82,3,74,106,107,75,67,91,121" hai1="117,38,64,52,130,132,49,104,58,103,76,40,85" hai2="98,133,77,109,100,50,127,32,110,129,86,51,37" hai3=""/><T84/><N who="0" m="31008" /><T113/><D3/><U47/><E117/><V60/><F32/><T33/><D67/><U88/><E130/><V119/><F129/><T83/><D48/><U87/><E132/><V80/><F37/><T63/><D63/><U71/><E76/><V96/><F133/><T125/><D113/><U68/><E64/><V128/><F128/><T62/><D62/><U44/><E87/><V97/><F119/><T111/><D125/><U56/><E56/><V55/><F127/><T45/><D45/><U39/><E47/><V135/><F135/><T108/><D94/><U53/><E53/><V36/><F36/><T43/><D84/><U120/><N who="1" m="30752" /><U122/><N who="1" m="31264" /><U57/><E57/><V35/><F35/><T118/><D118/><U131/><E39/><V81/><F60/><T123/><N who="0" m="31520" /><T126/><D126/><U95/><REACH who="1" step="1"/><E131/><REACH who="1" ten="519,79,432,0" step="2"/><V112/><F86/><T41/><AGARI ba="1,2" hai="33,34,41,43,74,75,82,83,89,91,106,107,108,111" m="31520,31008" machi="41" ten="25,12000,2" yaku="0,1,22,2,52,4" doraHai="102" who="0" fromWho="0" sc="519,142,79,-61,432,-61,0,0" /><INIT seed="4,2,0,2,5,129" ten="661,18,371,0" oya="0" hai0="59,51,111,117,56,55,61,32,125,130,79,126,80" hai1="70,3,62,49,112,104,82,76,50,131,135,94,67" hai2="100,107,99,118,121,81,122,54,68,65,95,115,72" hai3=""/><T63/><D32/><U90/><E131/><V133/><N who="2" m="31008" /><V73/><N who="2" m="31264" /><V34/><F34/><T89/><D130/><U103/><E135/><V105/><F115/><T83/><D117/><U1/><E112/><V132/><F54/><T93/><D111/><U53/><E103/><V124/><F118/><T96/><D83/><U119/><E104/><N who="2" m="40011" /><F124/><N who="0" m="47722" /><D59/><U106/><E106/><V64/><F68/><T2/><D2/><U114/><E114/><V116/><F116/><T45/><D56/><U91/><E91/><V42/><F42/><T58/><D58/><U110/><E50/><V113/><F113/><T134/><D134/><N who="2" m="51818" /><F81/><T92/><D55/><U37/><E37/><V74/><AGARI ba="2,0" hai="64,65,72,73,74,95,99,100" m="51818,40011,31264,31008" machi="74" ten="40,9000,2" yaku="20,1,52,5" doraHai="129" who="2" fromWho="2" sc="661,-62,18,-32,371,94,0,0" owari="599,54.0,-14,-61.0,465,7.0,0,0.0" /></mjloggm>