<mjloggm ver="2.3"><GO type="169" lobby="0"/><UN n0="%E7%99%BD%E9%AB%AA%E9%AC%BC" n1="%4C%69%53%41" n2="%E3%83%9C%E3%83%9E%E3%83%BC" n3="%E4%B8%83%E3%83%84%E6%98%9F%E3%83%9B%E3%82%AF%E3%82%B5%E3%82%A4" dan="17,16,16,17" rate="2166.14,2170.02,2168.58,2207.00" sx="M,F,M,M"/><TAIKYOKU oya="0"/><INIT seed="0,0,0,4,4,108" ten="250,250,250,250" oya="0" hai0="4,41,26,112,21,6,25,106,86,121,129,95,80" hai1="126,135,133,5,81,111,75,10,90,132,71,88,131" hai2="42,118,98,24,31,45,123,37,97,50,22,43,94" hai3="39,49,18,54,109,103,7,104,14,17,66,134,76"/><T13/><D106/><U70/><E111/><V59/><F123/><W82/><G109/><T117/><D121/><U87/><E131/><V36/><F118/><W96/><G39/><T23/><D117/><U85/><E75/><V127/><F127/><W84/><G134/><T2/><D2/><U100/><E100/><V77/><F77/><W9/><REACH who="3" step="1"/><G66/><REACH who="3" ten="250,250,250,240" step="2"/><T46/><D129/><U92/><REACH who="1" step="1"/><E126/><REACH who="1" ten="250,240,250,240" step="2"/><V52/><REACH who="2" step="1"/><F94/><REACH who="2" ten="250,240,240,240" step="2"/><W58/><AGARI ba="0,3" hai="7,9,14,17,18,49,54,58,76,82,84,96,103,104" machi="58" ten="20,8000,1" yaku="1,1,2,1,0,1,7,1,53,1" doraHai="108" doraHaiUra="73" who="3" fromWho="3" sc="250,-40,240,-20,240,-20,240,110" /><INIT seed="1,0,0,2,2,1" ten="210,220,220,350" oya="1" hai0="40,95,69,28,44,24,29,26,125,16,128,30,60" hai1="135,54,70,48,82,103,38,123,23,3,5,37,81" hai2="14,112,10,86,77,34,53,73,124,91,102,61,84" hai3="92,12,19,83,35,93,94,49,39,104,6,132,64"/><U97/><E123/><V4/><F34/><W42/><G104/><T71/><D125/><U57/><E70/><V65/><F112/><W130/><G35/><T58/><D128/><U107/><E135/><V56/><F124/><W109/><G39/><T43/><D71/><U41/><E23/><V134/><F134/><W99/><G132/><T116/><D69/><U126/><E126/><V13/><F102/><W117/><G130/><T46/><D116/><U50/><E50/><V31/><F31/><W90/><G109/><T47/><D95/><U133/><E133/><V62/><F73/><W51/><G117/><T106/><D106/><U105/><E107/><V27/><F27/><W32/><G32/><T20/><REACH who="0" step="1"/><D24/><REACH who="0" ten="200,220,220,350" step="2"/><U15/><E3/><V18/><F77/><W100/><G93/><T118/><D118/><U21/><E38/><V59/><REACH who="2" step="1"/><F91/><REACH who="2" ten="200,220,210,350" step="2"/><W75/><G90/><T63/><D63/><U79/><E79/><V25/><F25/><W55/><G100/><T9/><D9/><AGARI ba="0,2" hai="4,9,10,13,14,18,53,56,59,61,62,65,84,86" machi="9" ten="30,7700,0" yaku="1,1,7,1,8,1,52,1,53,0" doraHai="1" doraHaiUra="120" who="2" fromWho="0" sc="200,-77,220,0,210,97,350,0" /><INIT seed="2,0,0,4,1,49" ten="123,220,307,350" oya="2" hai0="21,104,118,127,51,99,102,0,11,108,8,58,75" hai1="121,68,23,79,109,69,62,64,92,112,28,63,131" hai2="13,2,45,76,27,124,35,126,67,114,70,130,93" hai3="86,56,50,119,78,107,1,88,46,85,18,129,31"/><V125/><F2/><W94/><G119/><T40/><D118/><U20/><E112/><V24/><F114/><W103/><G129/><T101/><D75/><U43/><E109/><V15/><F76/><W37/><G1/><T110/><D127/><U4/><E131/><V10/><F70/><W55/><G31/><T98/><D0/><U12/><E43/><V52/><F67/><W90/><G78/><T71/><D71/><U91/><E79/><V65/><F65/><W77/><G77/><T60/><D21/><U117/><E117/><V32/><F93/><W106/><G103/><T36/><D36/><U122/><E63/><V44/><F130/><W132/><G132/><T26/><D26/><N who="2" m="9770" /><F52/><W19/><G37/><T53/><D40/><U59/><E69/><V97/><F97/><W105/><REACH who="3" step="1"/><G46/><REACH who="3" ten="123,220,307,340" step="2"/><N who="2" m="18025" /><F10/><W73/><G73/><T82/><D8/><U14/><E121/><V111/><F111/><W72/><G72/><T7/><D110/><U57/><E122/><V38/><F38/><W135/><G135/><T29/><D108/><U89/><E28/><V113/><F113/><W74/><G74/><T9/><D29/><U25/><E68/><V120/><F120/><W123/><G123/><T95/><D7/><U30/><E4/><V115/><F115/><W80/><AGARI ba="0,1" hai="18,19,50,55,56,80,85,86,88,90,94,105,106,107" machi="80" ten="30,7900,0" yaku="1,1,0,1,52,1,54,1,53,0" doraHai="49" doraHaiUra="5" who="3" fromWho="3" sc="123,-20,220,-20,307,-39,340,89" /><INIT seed="3,0,0,1,0,31" ten="103,200,268,429" oya="3" hai0="18,46,116,88,16,4,30,52,40,33,1,66,129" hai1="117,37,120,19,131,54,111,71,48,50,121,35,89" hai2="92,25,32,128,135,85,38,96,58,44,70,134,99" hai3="72,69,83,118,101,106,126,5,47,22,29,26,114"/><W108/><G118/><T27/><D129/><U28/><E37/><V13/><F70/><W65/><G114/><T130/><D116/><U15/><E117/><V74/><F74/><W82/><G126/><T51/><D130/><U107/><E107/><V80/><F128/><W59/><G108/><T42/><D66/><U43/><E71/><V68/><F68/><W41/><G5/><T104/><D104/><U63/><E131/><V122/><F122/><W11/><G11/><T56/><D42/><U127/><E63/><V73/><F73/><W93/><G106/><T57/><D57/><U90/><E127/><V6/><F58/><W55/><G69/><T8/><REACH who="0" step="1"/><D88/><REACH who="0" ten="93,200,268,429" step="2"/><U17/><E120/><V79/><F79/><W103/><G103/><T105/><D105/><U84/><E90/><V14/><F134/><W62/><G72/><T0/><D0/><U10/><E121/><V60/><F135/><W110/><G110/><T94/><D94/><U34/><E111/><V77/><F92/><W7/><G55/><T124/><D124/><U97/><E43/><V39/><F77/><W2/><G41/><T113/><D113/><U75/><E75/><V81/><F39/><AGARI ba="0,1" hai="1,4,8,16,18,27,30,33,39,40,46,51,52,56" machi="39" ten="30,12000,2" yaku="1,1,7,1,52,1,54,2,53,2" doraHai="31" doraHaiUra="12" who="0" fromWho="2" sc="93,130,200,0,268,-120,429,0" /><INIT seed="4,0,0,4,4,35" ten="223,200,148,429" oya="0" hai0="27,16,83,95,96,59,55,121,17,125,58,41,81" hai1="63,77,32,105,12,74,43,75,99,127,54,122,8" hai2="76,66,109,26,129,103,120,108,60,29,87,123,133" hai3="132,42,45,111,48,67,89,22,30,3,36,106,71"/><T97/><D121/><U52/><E122/><V10/><F10/><W37/><G111/><T113/><D125/><U117/><E117/><V110/><F103/><W6/><G132/><T118/><D118/><U84/><E32/><V46/><F46/><W28/><G106/><T92/><D113/><U130/><E127/><V101/><F101/><W68/><G89/><T131/><D131/><U40/><E130/><V24/><F129/><W15/><G15/><T112/><D112/><U0/><E99/><V104/><F104/><W49/><G22/><T47/><D27/><U38/><E105/><V19/><F133/><W79/><G79/><T94/><D47/><U69/><E84/><V98/><F98/><N who="0" m="37994" /><D41/><U64/><E12/><V39/><F39/><W57/><G45/><T31/><D31/><U128/><E128/><V82/><F19/><N who="0" m="7242" /><D55/><U23/><E23/><V5/><F5/><W7/><G42/><T124/><D124/><U116/><E116/><V11/><F11/><W100/><G100/><T73/><D73/><U18/><E18/><V14/><F14/><W4/><G4/><T65/><D65/><U33/><E33/><V91/><F76/><W13/><G13/><T21/><D21/><U34/><E34/><V88/><F91/><W126/><G126/><T9/><D9/><U80/><E74/><V51/><F51/><W78/><G78/><T20/><D20/><U70/><E70/><N who="2" m="42311" /><F26/><W62/><G67/><T25/><D25/><U50/><E38/><V90/><F90/><W85/><G7/><T119/><D119/><U134/><E134/><V61/><F61/><RYUUKYOKU ba="0,0" sc="223,15,200,-15,148,15,429,-15" hai0="58,59,81,83,92,94,95" hai2="24,29,82,87,88,108,109,110,120,123" /><INIT seed="4,1,0,2,5,25" ten="238,185,163,414" oya="0" hai0="40,46,127,130,114,117,22,13,30,6,20,116,12" hai1="94,16,7,98,66,47,82,34,14,64,51,110,81" hai2="69,28,96,134,41,80,52,122,67,113,119,133,62" hai3="44,70,31,72,129,123,87,104,11,105,1,37,106"/><T78/><D78/><U103/><E110/><V5/><F5/><W53/><G129/><T97/><D130/><U60/><E34/><V68/><F122/><W42/><G123/><T21/><D127/><U32/><E32/><V76/><F113/><W102/><G53/><T18/><D114/><U90/><E7/><V26/><F41/><W0/><G87/><T83/><D83/><U23/><E103/><V75/><F96/><W58/><G58/><T43/><D97/><U65/><REACH who="1" step="1"/><E60/><REACH who="1" ten="238,175,163,414" step="2"/><V38/><F119/><W36/><G102/><T92/><D117/><U29/><E29/><V59/><F38/><W8/><G31/><T74/><D116/><U77/><E77/><V132/><REACH who="2" step="1"/><F67/><REACH who="2" ten="238,175,153,414" step="2"/><W107/><G36/><T89/><D6/><U95/><E95/><V100/><F100/><W125/><G106/><T57/><D92/><U39/><E39/><V54/><F54/><AGARI ba="1,2" hai="14,16,23,47,51,54,64,65,66,81,82,90,94,98" machi="54" ten="40,5200,0" yaku="1,1,8,1,54,1,53,0" doraHai="25" doraHaiUra="120" who="1" fromWho="2" sc="238,0,175,75,153,-55,414,0" /><INIT seed="5,0,0,1,4,46" ten="238,250,98,414" oya="1" hai0="98,25,108,58,40,3,83,75,37,41,12,33,13" hai1="115,96,87,60,0,68,111,49,54,130,36,135,28" hai2="134,20,38,74,84,51,116,79,10,63,31,39,34" hai3="132,128,7,55,117,62,72,59,69,24,32,101,114"/><U105/><E0/><V21/><F116/><W78/><G114/><T22/><D33/><U50/><E36/><V92/><F74/><W65/><G132/><T18/><D3/><U66/><E115/><V109/><F109/><W4/><G128/><T47/><D108/><U43/><E111/><V73/><F73/><W42/><G117/><T64/><D40/><U85/><E135/><V104/><F104/><W118/><G118/><T70/><D70/><U15/><E130/><V35/><F134/><W57/><G42/><T129/><D129/><U91/><E15/><V76/><F63/><W125/><G125/><T89/><D75/><U124/><E124/><V81/><F10/><W122/><G122/><T48/><D37/><U88/><E43/><V45/><F92/><W56/><G101/><T80/><D80/><U126/><E126/><V131/><F131/><W61/><G78/><T29/><D13/><U113/><E113/><V14/><F14/><W5/><REACH who="3" step="1"/><G72/><REACH who="3" ten="238,250,98,404" step="2"/><T6/><D41/><U77/><E77/><V99/><F79/><W121/><G121/><T112/><D112/><U95/><E91/><V9/><F76/><W8/><G8/><T110/><D110/><U103/><E103/><V52/><F9/><W17/><G17/><T30/><D18/><U133/><E133/><V120/><F120/><W123/><G123/><T100/><D100/><U106/><E88/><V127/><F127/><W16/><G16/><T26/><D89/><U102/><E102/><V107/><F31/><AGARI ba="0,1" hai="4,5,7,24,31,32,55,56,57,59,61,62,65,69" machi="31" ten="40,1300,0" yaku="1,1,53,0" doraHai="46" doraHaiUra="19" who="3" fromWho="2" sc="238,0,250,0,98,-13,404,23" /><INIT seed="6,0,0,2,4,92" ten="238,250,85,427" oya="2" hai0="106,94,49,19,73,51,17,113,13,123,131,107,44" hai1="90,83,125,89,129,104,0,45,132,75,99,30,63" hai2="35,122,56,11,15,77,74,68,55,124,67,97,126" hai3="115,8,80,82,119,130,103,78,101,9,6,127,40"/><V112/><F122/><W24/><G119/><T47/><D73/><U135/><E0/><V39/><F35/><W134/><G127/><T21/><D123/><U10/><E30/><V52/><F39/><W64/><G130/><T27/><D113/><U121/><E121/><V43/><F112/><W71/><G134/><T61/><D131/><U79/><E129/><V7/><F43/><W93/><G115/><T36/><D36/><U87/><E10/><V108/><F68/><W128/><G128/><T41/><D61/><U95/><E125/><N who="2" m="48235" /><F108/><W85/><G40/><T2/><D2/><U116/><E116/><V50/><F55/><W28/><G64/><T16/><D94/><N who="1" m="54591" /><E45/><V3/><F67/><W111/><G71/><T65/><D65/><U91/><E63/><V59/><F3/><W60/><G60/><T58/><D58/><U100/><E91/><V102/><F59/><W84/><G111/><T14/><D107/><U23/><E23/><V69/><F69/><W109/><G109/><T76/><D76/><U5/><E5/><V42/><F42/><W32/><G8/><T25/><D106/><U54/><E54/><V133/><F133/><W62/><G62/><T98/><D41/><U26/><E26/><V120/><F120/><W18/><G32/><T4/><D4/><U81/><E81/><N who="3" m="31338" /><G6/><T72/><D25/><U12/><E12/><V66/><F66/><W22/><G78/><T46/><D27/><U88/><E90/><V114/><F114/><W37/><G37/><T20/><D13/><U29/><E29/><V53/><F77/><W48/><G24/><RYUUKYOKU ba="0,0" sc="238,-10,250,30,85,-10,427,-10" hai1="75,79,83,88,95,99,100,104,132,135" /><INIT seed="7,1,0,4,2,112" ten="228,280,75,417" oya="3" hai0="66,67,102,19,106,86,81,118,125,53,85,42,39" hai1="38,59,64,33,107,105,3,79,122,128,58,115,63" hai2="88,20,8,47,134,37,131,123,29,121,129,1,71" hai3="55,119,84,52,5,130,48,92,120,36,127,22,61"/><W124/><G120/><N who="2" m="46153" /><F71/><W78/><G36/><T89/><D39/><U90/><E33/><V73/><F73/><W82/><G5/><T30/><D42/><U110/><E3/><V69/><F69/><W60/><G130/><N who="2" m="49673" /><F47/><W91/><G22/><T23/><D30/><U21/><E110/><V12/><F37/><W35/><G35/><T57/><D66/><U40/><E21/><V97/><F97/><W41/><G41/><T94/><D67/><U100/><E115/><V93/><F93/><W13/><G13/><T103/><D106/><U104/><E104/><V126/><F88/><W15/><G15/><T116/><D102/><U72/><E90/><V114/><F114/><W77/><G77/><T2/><D103/><U133/><E79/><V18/><F134/><W51/><G61/><T132/><D132/><U32/><E63/><V111/><F126/><N who="3" m="48171" /><G60/><T25/><D125/><U10/><E133/><V70/><F70/><W49/><G55/><T83/><D94/><U26/><E105/><V56/><F56/><W109/><G52/><T14/><D57/><U135/><E40/><V117/><F117/><W50/><G119/><T87/><D118/><U95/><E59/><V65/><F65/><W54/><G54/><T108/><D53/><U80/><E135/><V113/><F113/><W16/><G49/><T0/><D116/><U28/><E38/><V98/><F98/><W96/><G50/><T62/><D89/><U74/><E122/><V9/><F111/><W68/><G48/><T24/><D108/><U99/><E128/><V34/><F1/><W17/><G109/><RYUUKYOKU ba="1,0" sc="228,-10,280,-10,75,30,417,-10" hai2="8,9,12,18,20,29,34" owari="218,-18.0,270,7.0,105,-39.0,407,50.0" /></mjloggm>