<mjloggm ver="2.3"><GO type="169" lobby="0"/><UN n0="%E6%9C%A8%E5%8E%9F%E8%B1%AA%E4%B8%80" n1="%73%61%6E%64%69%72%69%73" n2="%E6%87%90%E3%81%8F%E5%AE%B6%E7%95%9C" n3="%E6%88%B0%E8%89%A6%E3%83%AC%E7%B4%9A" dan="17,17,16,16" rate="2210.43,2204.44,2111.59,2111.18" sx="M,M,M,F"/><TAIKYOKU oya="0"/><INIT seed="0,0,0,1,4,4" ten="250,250,250,250" oya="0" hai0="132,12,15,74,39,51,83,120,34,129,50,42,59" hai1="60,90,101,82,130,104,123,22,75,18,70,122,53" hai2="114,23,58,54,61,67,5,73,115,95,26,87,30" hai3="96,36,84,11,68,14,9,121,7,98,16,108,88"/><T48/><D120/><U1/><E1/><V133/><F133/><W52/><G68/><T109/><D34/><U40/><E40/><V41/><F73/><W126/><G36/><T118/><D118/><U128/><E101/><V21/><F115/><W106/><G106/><T28/><D28/><U55/><E104/><V27/><F114/><W107/><G107/><T89/><D132/><U46/><E90/><V113/><F113/><W17/><G121/><T69/><D69/><U77/><E123/><V0/><F41/><W35/><G35/><T6/><D129/><N who="1" m="49771" /><E46/><V94/><F87/><W56/><G108/><T31/><D31/><U63/><E122/><V92/><F0/><W37/><G126/><T72/><D59/><U64/><E63/><V81/><F81/><N who="3" m="49167" /><G37/><T124/><D124/><U47/><E47/><V116/><F116/><W100/><G100/><T65/><D109/><U43/><E43/><V10/><F5/><W117/><G117/><T71/><D42/><U44/><E44/><V32/><F32/><W112/><G112/><T119/><D119/><U66/><E66/><V25/><F67/><W24/><G24/><AGARI ba="0,0" hai="18,22,24,53,55,60,64,70,75,77,82" m="49771" machi="24" ten="30,1000,0" yaku="19,1" doraHai="4" who="1" fromWho="3" sc="250,0,250,10,250,0,250,-10" /><INIT seed="1,0,0,1,0,116" ten="250,260,250,240" oya="1" hai0="30,85,103,98,46,61,65,77,129,16,96,49,62" hai1="29,13,10,88,20,37,50,31,47,78,42,84,57" hai2="40,125,101,51,107,19,93,22,18,73,70,23,111" hai3="4,75,69,127,97,32,52,25,94,39,134,126,38"/><U7/><E78/><V11/><F73/><W115/><G115/><T120/><D129/><U130/><E130/><V54/><F70/><W132/><G75/><T41/><D30/><U124/><E124/><N who="3" m="47658" /><G4/><T118/><D118/><U3/><E3/><V123/><F125/><W44/><G69/><T8/><D120/><U56/><E37/><V12/><F111/><W121/><G121/><T128/><D128/><U21/><E31/><V9/><F123/><W35/><G25/><T108/><D108/><U26/><REACH who="1" step="1"/><E21/><REACH who="1" ten="250,250,250,240" step="2"/><V87/><F23/><W64/><G39/><T71/><D77/><U45/><E45/><V63/><F22/><W74/><G38/><T28/><D28/><U1/><E1/><V24/><F107/><W33/><G74/><T60/><D46/><U59/><E59/><V0/><F0/><W72/><G72/><T67/><D71/><U106/><E106/><V100/><F9/><W43/><G35/><T15/><D8/><U119/><E119/><V105/><F105/><W76/><G76/><T58/><D58/><U92/><AGARI ba="0,1" hai="7,10,13,20,26,29,42,47,50,56,57,84,88,92" machi="92" ten="20,18000,2" yaku="1,1,0,1,7,1,8,1,54,1,53,1" doraHai="116" doraHaiUra="80" who="1" fromWho="1" sc="250,-60,250,190,250,-60,240,-60" /><INIT seed="1,1,0,3,3,4" ten="190,440,190,180" oya="1" hai0="78,2,41,85,115,75,130,60,8,68,133,84,128" hai1="79,104,33,48,24,1,80,52,6,97,11,7,114" hai2="27,3,93,62,51,103,34,22,50,87,113,74,117" hai3="72,58,122,124,21,45,135,119,134,18,61,0,42"/><U121/><E121/><V17/><F117/><W82/><G0/><T94/><D115/><U38/><E114/><V9/><F113/><W47/><G122/><T44/><D133/><U25/><E38/><V57/><F74/><W54/><G119/><T59/><D68/><U92/><E104/><V90/><F103/><W105/><G105/><T66/><D94/><U16/><E33/><V15/><F3/><W67/><G67/><T76/><D76/><U131/><E131/><N who="0" m="50217" /><D78/><U110/><E110/><V120/><F34/><W43/><G72/><T63/><D63/><U88/><E7/><V95/><F95/><W81/><G82/><T107/><D75/><U132/><E132/><N who="3" m="50730" /><G81/><T86/><D107/><U5/><E5/><N who="2" m="3503" /><F120/><W65/><G65/><AGARI ba="1,0" hai="17,22,27,50,51,57,62,65,87,90,93" m="3503" machi="65" ten="30,2000,0" yaku="8,1,52,1" doraHai="4" who="2" fromWho="3" sc="190,0,440,0,190,23,180,-23" /><INIT seed="2,0,0,4,5,110" ten="190,440,213,157" oya="2" hai0="22,14,73,2,9,76,112,111,54,107,40,4,95" hai1="27,115,108,127,86,34,15,33,60,75,113,104,52" hai2="32,38,20,101,26,103,46,106,121,100,45,90,31" hai3="64,7,37,116,131,24,16,6,58,94,66,47,12"/><V51/><F121/><W124/><G116/><T83/><D107/><U78/><E75/><V92/><F38/><W1/><G124/><T89/><D111/><U74/><E108/><V28/><F106/><W132/><G131/><T21/><D112/><U35/><E74/><V71/><F71/><W126/><G126/><T129/><D129/><U65/><E127/><V17/><F32/><W122/><G122/><T133/><D133/><U117/><E117/><V39/><F39/><W43/><G132/><T135/><D135/><U48/><E27/><V68/><F68/><W91/><G24/><T105/><D105/><U80/><E15/><V36/><F36/><W93/><G93/><T42/><D54/><U72/><E72/><V13/><F26/><W59/><G59/><T97/><REACH who="0" step="1"/><D2/><REACH who="0" ten="180,440,213,157" step="2"/><U130/><E130/><V63/><F63/><W3/><G3/><T44/><D44/><N who="2" m="17002" /><F51/><W25/><G1/><T18/><D18/><U84/><E104/><V77/><F77/><W70/><G37/><T62/><D62/><U82/><E60/><V29/><F31/><W99/><G16/><T69/><D69/><U118/><E118/><V109/><F109/><W50/><G70/><T67/><D67/><U87/><E65/><V10/><F10/><W8/><G64/><T30/><D30/><U119/><E119/><V61/><F61/><N who="3" m="38199" /><G8/><T53/><D53/><U23/><E78/><V57/><F57/><W49/><G49/><T98/><D98/><AGARI ba="0,1" hai="13,17,20,28,29,90,92,98,100,101,103" m="17002" machi="98" ten="30,1500,0" yaku="8,1" doraHai="110" who="2" fromWho="0" sc="180,-15,440,0,213,25,157,0" /><INIT seed="2,1,0,1,2,3" ten="165,440,238,157" oya="2" hai0="62,84,125,57,59,7,93,107,128,135,30,27,21" hai1="15,11,119,112,44,25,95,70,120,50,129,66,41" hai2="73,10,72,40,71,79,134,5,67,48,124,132,29" hai3="63,1,97,17,86,58,23,43,87,56,38,65,78"/><V22/><F124/><W28/><G1/><T31/><D107/><U102/><E119/><V19/><F29/><W80/><G28/><T14/><D125/><U37/><E112/><V4/><F10/><W34/><G34/><T85/><D135/><N who="2" m="51754" /><F67/><W74/><G58/><T99/><D128/><U133/><E129/><V101/><F101/><W54/><G65/><N who="0" m="39119" /><D31/><U116/><E116/><V117/><F71/><W77/><G77/><T68/><D59/><U26/><E120/><V32/><F32/><W69/><G69/><T91/><D68/><U53/><E133/><V130/><F130/><W61/><G61/><T92/><D93/><U106/><E106/><V46/><F117/><W110/><G110/><T104/><D104/><U45/><E66/><V18/><F18/><W105/><G105/><T126/><D126/><U39/><E70/><V55/><F40/><W108/><G108/><T81/><D81/><U24/><E102/><V113/><F113/><W123/><G123/><T75/><D75/><N who="2" m="28746" /><F79/><W13/><REACH who="3" step="1"/><G97/><REACH who="3" ten="165,440,238,147" step="2"/><T96/><D99/><U49/><REACH who="1" step="1"/><E95/><REACH who="1" ten="165,430,238,147" step="2"/><V16/><F19/><AGARI ba="1,2" hai="11,15,19,24,25,26,37,39,41,44,45,49,50,53" machi="19" ten="40,2600,0" yaku="1,1,2,1,53,0" doraHai="3" doraHaiUra="127" who="1" fromWho="2" sc="165,0,430,49,238,-29,147,0" /><INIT seed="3,0,0,1,5,36" ten="165,479,209,147" oya="3" hai0="32,71,121,123,101,133,87,70,63,126,51,64,127" hai1="42,93,50,19,23,8,29,52,66,76,131,27,130" hai2="116,4,97,26,49,100,15,11,5,62,75,57,82" hai3="12,30,35,117,38,109,107,81,34,112,77,65,46"/><W61/><G112/><T39/><D32/><U47/><E66/><V118/><F4/><W91/><G117/><T37/><D101/><U99/><E76/><V98/><F98/><W59/><G107/><T48/><D87/><U16/><E8/><V111/><F111/><W114/><G114/><T60/><D64/><U104/><E104/><V17/><F49/><W7/><G30/><T0/><REACH who="0" step="1"/><D0/><REACH who="0" ten="155,479,209,147" step="2"/><U54/><E131/><V92/><F75/><W86/><G109/><T21/><D21/><U9/><E130/><V106/><F118/><W10/><REACH who="3" step="1"/><G77/><REACH who="3" ten="155,479,209,137" step="2"/><T67/><D67/><U80/><E29/><V45/><F116/><W69/><G69/><T74/><D74/><U83/><E83/><V25/><F82/><W103/><G103/><T40/><D40/><AGARI ba="0,2" hai="7,10,12,34,35,38,40,46,59,61,65,81,86,91" machi="40" ten="40,7700,0" yaku="1,1,52,1,53,1" doraHai="36" doraHaiUra="85" who="3" fromWho="0" sc="155,-77,479,0,209,0,137,97" /><INIT seed="3,1,0,3,3,62" ten="78,479,209,234" oya="3" hai0="58,123,40,82,60,105,79,92,7,42,88,14,93" hai1="49,16,120,124,46,13,73,36,91,110,59,12,52" hai2="80,94,103,131,84,2,20,111,108,122,96,29,104" hai3="3,67,113,5,43,53,121,25,101,126,26,76,125"/><W109/><G113/><T134/><D123/><U97/><E110/><N who="2" m="42027" /><F2/><W77/><G109/><T64/><D105/><U54/><E124/><V98/><F20/><W45/><G121/><T81/><D134/><U34/><E73/><V106/><F29/><W27/><G101/><T10/><D93/><N who="1" m="56511" /><E34/><V69/><F69/><W4/><G53/><T119/><D119/><U114/><E36/><V129/><F122/><W68/><G76/><T51/><D51/><N who="1" m="31135" /><E114/><V117/><F117/><W11/><G77/><T15/><D15/><U21/><E120/><V90/><F98/><W65/><G4/><T100/><D100/><U89/><E89/><V24/><F24/><AGARI ba="1,0" hai="12,13,16,21,24,46,49,54" m="31135,56511" machi="24" ten="30,3900,0" yaku="8,1,54,2" doraHai="62" who="1" fromWho="2" sc="78,0,479,42,209,-42,234,0" /><INIT seed="4,0,0,4,2,64" ten="78,521,167,234" oya="0" hai0="50,124,92,10,107,67,70,93,28,5,132,13,65" hai1="120,108,55,16,42,126,30,54,56,116,76,24,84" hai2="114,80,46,4,118,36,125,26,134,128,52,8,98" hai3="37,74,127,131,7,122,111,129,77,40,103,35,2"/><T97/><D124/><U105/><E108/><V48/><F125/><W34/><G127/><T1/><D132/><U96/><E126/><V71/><F71/><W78/><G77/><T57/><D107/><U117/><E120/><V79/><F118/><W41/><G40/><T33/><D93/><U123/><E42/><V31/><F134/><W21/><G21/><T18/><D70/><U91/><E123/><V51/><F36/><W17/><G17/><T75/><D75/><U47/><E47/><V32/><F128/><W89/><G89/><T100/><D57/><U87/><E55/><V113/><F98/><W112/><G122/><T66/><D50/><U60/><E87/><V19/><F19/><W95/><G95/><T109/><D109/><U83/><E16/><V43/><F48/><W39/><G103/><T119/><D119/><U20/><E76/><V23/><F32/><N who="3" m="12331" /><G111/><T49/><D49/><U135/><E135/><V130/><F130/><N who="3" m="49675" /><G41/><T121/><D121/><U88/><E91/><V44/><F43/><W45/><G45/><T0/><REACH who="0" step="1"/><D18/><REACH who="0" ten="68,521,167,234" step="2"/><U9/><E105/><V25/><F44/><W81/><G112/><T38/><D38/><U69/><E69/><V58/><F114/><W63/><G63/><T6/><D6/><U59/><E59/><V3/><F113/><W62/><G62/><T61/><D61/><U101/><E56/><V104/><F104/><W110/><G110/><T27/><AGARI ba="0,1" hai="0,1,5,10,13,27,28,33,65,66,67,92,97,100" machi="27" ten="30,3000,0" yaku="1,1,0,1,53,0" doraHai="64" doraHaiUra="106" who="0" fromWho="0" sc="68,40,521,-10,167,-10,234,-10" /><INIT seed="4,1,0,3,2,124" ten="108,511,157,224" oya="0" hai0="25,61,65,33,3,129,125,50,46,47,114,48,58" hai1="54,10,67,39,30,56,51,31,122,103,0,119,2" hai2="80,88,49,87,32,121,72,41,97,15,76,81,18" hai3="4,69,79,95,118,5,102,29,86,104,14,78,73"/><T11/><D33/><U128/><E122/><V64/><F32/><W106/><G118/><T110/><D3/><U27/><E119/><V57/><F121/><W21/><G69/><T62/><D25/><U36/><E31/><V111/><F111/><W74/><G29/><T96/><D11/><U68/><E128/><V45/><F97/><W24/><G14/><T37/><D96/><U6/><E103/><V44/><F64/><W34/><G86/><T92/><D92/><U109/><E109/><V99/><F99/><W127/><G95/><T115/><D125/><U71/><E0/><V53/><REACH who="2" step="1"/><F41/><REACH who="2" ten="108,511,147,224" step="2"/><W60/><G34/><T91/><D110/><U77/><E67/><V1/><F1/><W82/><G127/><T131/><D91/><U108/><E108/><V116/><F116/><W63/><G102/><T26/><D26/><U112/><E27/><V59/><F59/><W42/><G42/><N who="0" m="22863" /><D61/><U12/><E2/><V16/><F16/><W89/><G60/><T22/><D22/><AGARI ba="1,1" hai="15,18,22,44,45,49,53,57,72,76,80,81,87,88" machi="22" ten="30,3900,0" yaku="1,1,7,1,54,1,53,0" doraHai="124" doraHaiUra="134" who="2" fromWho="0" sc="108,-42,511,0,147,52,224,0" /><INIT seed="5,0,0,0,4,125" ten="66,511,199,224" oya="1" hai0="34,49,11,118,73,15,27,75,32,88,69,55,90" hai1="134,99,65,119,17,78,44,64,0,98,26,42,40" hai2="132,9,63,24,18,29,92,112,7,6,50,53,33" hai3="83,30,62,135,51,45,113,67,1,14,106,60,66"/><U129/><E119/><V35/><F132/><W126/><G1/><T5/><D118/><U70/><E0/><V38/><F38/><W10/><G106/><T84/><D69/><U8/><E134/><V86/><F112/><W91/><G135/><T95/><D32/><U12/><E70/><V93/><F35/><W46/><G113/><T54/><D54/><U87/><E129/><V130/><F130/><W120/><G120/><T115/><D115/><U20/><E65/><V96/><F63/><W41/><G30/><T117/><D117/><U107/><E64/><V80/><F18/><W58/><G46/><T124/><D124/><U104/><E104/><V111/><F111/><W3/><G3/><T2/><D2/><U31/><E107/><V61/><F61/><W133/><G126/><T82/><D34/><U109/><E109/><V22/><F33/><W122/><G122/><T101/><D27/><U43/><REACH who="1" step="1"/><E44/><REACH who="1" ten="66,501,199,224" step="2"/><N who="2" m="27847" /><F9/><W52/><G133/><T74/><D101/><U76/><E76/><N who="2" m="46343" /><F93/><W56/><G66/><T114/><D114/><U103/><E103/><AGARI ba="0,1" hai="6,7,22,24,29,92,96,103" m="46343,27847" machi="103" ten="30,1000,0" yaku="8,1" doraHai="125" who="2" fromWho="1" sc="66,0,501,-10,199,20,224,0" /><INIT seed="6,0,0,3,0,92" ten="66,491,219,224" oya="2" hai0="81,40,75,102,5,31,4,71,134,7,114,45,131" hai1="85,88,113,106,73,108,70,101,78,119,65,49,56" hai2="26,35,33,55,2,100,94,62,42,93,21,80,79" hai3="60,68,30,50,129,109,120,67,95,27,127,132,72"/><V126/><F2/><W6/><G109/><T19/><D114/><U135/><E108/><V64/><F126/><W84/><G120/><T76/><D134/><U18/><E119/><V12/><F42/><W46/><G72/><T48/><D131/><U11/><E113/><V38/><F38/><W59/><G129/><T99/><D71/><U54/><E135/><V111/><F111/><W69/><G132/><T17/><REACH who="0" step="1"/><D31/><REACH who="0" ten="56,491,219,224" step="2"/><U82/><E70/><N who="2" m="42263" /><F35/><W104/><G30/><T15/><D15/><U0/><E0/><V10/><F12/><W8/><G69/><T61/><D61/><U44/><E73/><V23/><F33/><W63/><G60/><T97/><D97/><U110/><E110/><V90/><F26/><W1/><G27/><T98/><D98/><U58/><E85/><V96/><F96/><W24/><G68/><T47/><D47/><U74/><E74/><V118/><F118/><W22/><G24/><T52/><D52/><U37/><E54/><V112/><F55/><W66/><G46/><T25/><D25/><U103/><E44/><V3/><F112/><W77/><G63/><T124/><D124/><U83/><E65/><V123/><F3/><W28/><G127/><T41/><D41/><U14/><E14/><V105/><F123/><W13/><G1/><T133/><D133/><U117/><E117/><V107/><F107/><AGARI ba="0,1" hai="4,5,7,17,19,40,45,48,75,76,81,99,102,107" machi="107" ten="40,2600,0" yaku="1,1,52,1,53,0" doraHai="92" doraHaiUra="9" who="0" fromWho="2" sc="56,36,491,0,219,-26,224,0" /><INIT seed="7,0,0,3,4,125" ten="92,491,193,224" oya="3" hai0="130,92,49,8,73,74,61,111,121,115,7,21,25" hai1="40,39,57,43,56,113,72,116,93,95,83,91,65" hai2="10,20,3,103,35,104,101,46,54,26,80,96,44" hai3="94,38,14,59,107,120,62,13,122,90,50,5,123"/><W108/><G38/><T131/><D111/><U117/><E113/><V0/><F35/><W114/><G114/><T67/><D115/><U1/><E1/><V119/><F119/><N who="1" m="45641" /><E65/><V53/><F80/><W69/><G108/><T97/><D121/><U29/><E29/><V81/><F81/><W63/><G107/><T6/><D49/><U132/><E132/><V18/><F103/><W27/><G69/><T109/><D109/><U28/><E28/><V37/><F37/><W126/><G126/><T32/><D32/><U78/><E95/><V79/><F79/><W51/><G27/><T60/><D74/><U70/><E70/><V100/><F100/><W76/><G76/><T85/><D73/><U75/><E75/><V66/><F66/><W22/><G62/><T2/><D85/><N who="1" m="52463" /><E43/><V19/><F3/><W9/><G22/><T86/><D86/><U87/><E87/><V99/><F0/><W98/><G13/><T133/><D7/><U88/><E88/><V127/><F127/><W11/><G11/><T16/><D133/><U89/><E89/><V24/><F10/><W58/><G63/><T30/><D30/><U42/><E42/><V129/><F104/><W68/><G5/><T33/><D33/><U17/><E17/><V118/><F118/><W15/><G120/><T105/><D105/><U45/><AGARI ba="0,0" hai="39,40,45,56,57,72,78,83" m="52463,45641" machi="45" ten="30,1100,0" yaku="12,1" doraHai="125" who="1" fromWho="1" sc="92,-3,491,11,193,-3,224,-5" owari="89,-41.0,502,60.0,190,-21.0,219,2.0" /></mjloggm>