<mjloggm ver="2.3"><GO type="169" lobby="0"/><UN n0="%E7%A5%9E%E9%A2%A8%E3%81%A6%E3%81%83%E3%81%A3%E3%81%97%E3%82%85" n1="%59%61%6E%67%6E%75%6D" n2="%2D%E2%98%85%E7%8B%AC%E7%9C%BC%E9%89%84%E2%98%85%2D" n3="%E5%AE%88%E6%9D%91%E6%A1%9C%E5%BC%A5" dan="16,16,16,17" rate="2129.78,2174.68,2049.91,2151.26" sx="M,M,M,M"/><TAIKYOKU oya="0"/><INIT seed="0,0,0,2,4,87" ten="250,250,250,250" oya="0" hai0="88,53,11,135,13,99,12,77,100,111,119,93,79" hai1="21,92,102,70,73,132,126,75,30,28,65,54,26" hai2="2,47,10,134,50,15,105,4,43,16,95,112,57" hai3="129,22,42,39,18,32,97,27,62,110,5,34,0"/><T59/><D119/><U101/><E132/><V84/><F134/><W24/><G110/><T35/><D35/><U106/><E126/><V45/><F112/><W116/><G116/><T19/><D135/><U130/><E130/><V80/><F105/><W61/><G129/><T44/><D111/><U69/><E106/><V64/><F95/><W94/><G42/><T55/><D100/><U60/><E70/><V41/><F64/><W82/><G82/><T104/><D104/><U83/><E28/><V56/><F47/><W48/><G48/><N who="0" m="28807" /><D13/><U67/><E67/><V127/><F43/><W23/><G39/><T20/><D11/><U68/><E68/><V133/><F127/><W51/><G51/><AGARI ba="0,0" hai="12,19,20,51,55,59,77,79,88,93,99" m="28807" machi="51" ten="30,5800,0" yaku="8,1,52,1,54,1" doraHai="87" who="0" fromWho="3" sc="250,58,250,0,250,0,250,-58" /><INIT seed="0,1,0,1,0,106" ten="308,250,250,192" oya="0" hai0="28,38,11,119,60,118,86,133,107,27,108,97,126" hai1="1,13,9,129,99,20,59,115,37,82,52,98,49" hai2="18,4,61,75,130,42,40,74,89,92,23,113,50" hai3="26,25,5,134,116,12,127,45,112,124,22,83,46"/><T48/><D38/><U33/><E33/><V24/><F113/><W132/><G112/><T80/><D133/><N who="3" m="51305" /><G116/><T88/><D126/><N who="3" m="48169" /><G26/><T73/><D108/><U34/><E129/><V72/><F130/><W21/><G21/><T32/><D48/><U123/><E123/><V44/><F4/><W6/><G83/><T51/><D51/><U54/><E37/><V78/><F61/><W58/><G58/><T63/><D63/><U122/><E122/><V87/><REACH who="2" step="1"/><F78/><REACH who="2" ten="308,250,240,192" step="2"/><W105/><G105/><T17/><D60/><U70/><E115/><V120/><F120/><W128/><G128/><T101/><REACH who="0" step="1"/><D73/><REACH who="0" ten="298,250,240,192" step="2"/><U103/><E49/><V76/><F76/><W39/><G39/><T53/><D53/><AGARI ba="1,2" hai="18,23,24,40,42,44,50,53,72,74,75,87,89,92" machi="53" ten="40,8000,1" yaku="1,1,52,3,53,0" doraHai="106" doraHaiUra="102" who="2" fromWho="0" sc="298,-83,250,0,240,103,192,0" /><INIT seed="1,0,0,4,4,17" ten="215,250,343,192" oya="1" hai0="72,123,103,38,121,116,37,95,3,46,107,128,98" hai1="4,45,109,99,66,64,48,81,1,11,35,68,10" hai2="127,124,6,132,120,104,60,65,43,130,69,26,86" hai3="114,0,18,63,118,8,83,93,90,32,135,129,111"/><U75/><E35/><V74/><F120/><N who="0" m="46154" /><D46/><U89/><E109/><V53/><F74/><W34/><G114/><T19/><D19/><U20/><E68/><V41/><F104/><W134/><G111/><T42/><D42/><U13/><E75/><V22/><F132/><W59/><G118/><T97/><D3/><U7/><E81/><V117/><F117/><W88/><G129/><T52/><D52/><U73/><E73/><V105/><F105/><W49/><G49/><T126/><D116/><U119/><E119/><V79/><F130/><W44/><G44/><T100/><D72/><U31/><E64/><V96/><F53/><W131/><G131/><T102/><D128/><U67/><E67/><V50/><F50/><W92/><G32/><T54/><D126/><N who="2" m="48170" /><F96/><W94/><G135/><T87/><D102/><U30/><E66/><V33/><F6/><W61/><G134/><T24/><D54/><U78/><E7/><V28/><F33/><W21/><G34/><T84/><D38/><U108/><E4/><V113/><F113/><W133/><G133/><T23/><D37/><U47/><E48/><V110/><F110/><W70/><G63/><T57/><D57/><U56/><E56/><V25/><F25/><W85/><G70/><T82/><D24/><U27/><E27/><V51/><F51/><W5/><G59/><T112/><D112/><U115/><E115/><V106/><F106/><W16/><G61/><T101/><D107/><U125/><E125/><V9/><F9/><N who="1" m="3081" /><E99/><V58/><F69/><W76/><G18/><T40/><D98/><U71/><E71/><RYUUKYOKU ba="0,0" sc="215,-15,250,-15,343,15,192,15" hai2="22,26,28,41,43,58,60,65,79,86" hai3="0,5,8,16,21,76,83,85,88,90,92,93,94" /><INIT seed="2,1,0,3,2,1" ten="200,235,358,207" oya="2" hai0="6,133,118,63,88,74,99,23,65,124,81,61,98" hai1="122,102,45,62,130,13,2,73,112,113,69,18,115" hai2="24,43,10,11,100,60,127,27,70,55,93,68,66" hai3="48,20,34,33,96,28,40,8,19,82,83,29,109"/><V58/><F127/><W38/><G38/><T107/><D133/><U12/><E2/><V41/><F70/><W42/><G109/><T37/><D37/><U114/><E130/><V119/><F119/><W131/><G131/><T94/><D124/><U87/><E73/><V9/><F100/><W26/><G96/><T57/><D118/><U101/><E122/><V132/><F132/><W49/><G8/><T84/><D23/><U5/><E45/><V106/><F106/><W64/><G64/><T103/><D63/><U16/><E87/><V128/><F128/><W3/><G3/><T75/><REACH who="0" step="1"/><D6/><REACH who="0" ten="190,235,358,207" step="2"/><U78/><E5/><V123/><F60/><W110/><G110/><T50/><D50/><U51/><E51/><V129/><F129/><W80/><G34/><T77/><AGARI ba="1,1" hai="57,61,65,74,75,77,81,84,88,94,98,99,103,107" machi="77" ten="20,5200,0" yaku="1,1,0,1,7,1,54,1,53,0" doraHai="1" doraHaiUra="47" who="0" fromWho="0" sc="190,65,235,-14,358,-27,207,-14" /><INIT seed="3,0,0,3,1,39" ten="255,221,331,193" oya="3" hai0="88,128,11,48,59,93,102,8,19,71,87,16,127" hai1="62,79,12,103,121,45,120,75,82,119,91,0,84" hai2="34,63,56,10,20,58,113,24,107,36,66,98,22" hai3="108,47,72,2,94,99,38,109,114,33,105,54,53"/><W78/><G114/><T52/><D128/><U68/><E0/><V125/><F113/><W89/><G33/><T42/><D127/><U26/><E119/><V50/><F125/><W85/><G2/><T31/><D31/><U116/><E116/><V106/><F36/><W115/><G115/><T126/><D126/><U101/><E121/><V29/><F10/><N who="0" m="3626" /><D71/><U95/><E12/><V18/><F20/><W104/><G104/><T25/><D25/><U131/><E131/><V130/><F130/><W134/><G134/><T40/><D102/><U32/><E120/><V27/><F98/><W110/><G72/><T92/><D92/><U60/><E60/><V86/><F86/><W69/><G69/><T81/><D81/><U83/><E82/><V49/><REACH who="2" step="1"/><F58/><REACH who="2" ten="255,221,321,193" step="2"/><W64/><G78/><T124/><D124/><U96/><E75/><V80/><F80/><W23/><G23/><T73/><D73/><U133/><E83/><V30/><F30/><W111/><G111/><T15/><D19/><U4/><E32/><V43/><F43/><N who="3" m="23031" /><G64/><T6/><D6/><U57/><E4/><V123/><F123/><W70/><G70/><T122/><D122/><U1/><E79/><V74/><F74/><W117/><G117/><T132/><D132/><U13/><E133/><V21/><F21/><AGARI ba="0,1" hai="15,16,21,40,42,48,52,59,87,88,93" m="3626" machi="21" ten="30,12000,2" yaku="25,1,8,1,52,2,54,3" doraHai="39" who="0" fromWho="2" sc="255,130,221,0,321,-120,193,0" /><INIT seed="4,0,0,0,1,44" ten="385,221,201,193" oya="0" hai0="33,42,2,39,128,105,19,106,68,112,69,32,58" hai1="38,85,16,82,122,51,86,135,117,133,17,46,111" hai2="41,31,107,115,37,87,30,88,52,71,129,49,40" hai3="94,98,102,123,96,92,76,118,21,131,100,20,18"/><T126/><D58/><U108/><E38/><V114/><F107/><N who="0" m="40970" /><D19/><N who="1" m="7243" /><E117/><V9/><F129/><W6/><G131/><T89/><D128/><U56/><E122/><V84/><F71/><N who="0" m="27210" /><D112/><N who="2" m="43050" /><F87/><W36/><G123/><T101/><D101/><U67/><E86/><V55/><F9/><W127/><G127/><T12/><D126/><U119/><E119/><V43/><F55/><W95/><G118/><T79/><D89/><N who="1" m="51383" /><E56/><N who="2" m="32783" /><F37/><W121/><G121/><T116/><D116/><U60/><E60/><V93/><AGARI ba="0,0" hai="30,31,40,41,43,84,88,93" m="32783,43050" machi="93" ten="30,7900,0" yaku="15,1,52,1,54,2" doraHai="44" who="2" fromWho="2" sc="385,-39,221,-20,201,79,193,-20" /><INIT seed="5,0,0,0,4,6" ten="346,201,280,173" oya="1" hai0="56,54,128,1,62,10,53,103,11,89,7,45,57" hai1="24,15,69,125,134,111,116,34,83,17,117,50,121" hai2="9,91,87,43,33,0,126,31,113,110,36,95,100" hai3="93,114,13,52,99,70,30,86,41,80,122,135,98"/><U16/><E69/><V77/><F110/><W28/><G122/><T5/><D128/><U48/><E121/><V38/><F126/><W82/><G114/><T130/><D130/><U127/><E83/><V119/><F119/><N who="1" m="45641" /><E48/><V26/><F43/><W46/><G135/><T27/><D103/><U68/><E50/><V66/><F66/><W74/><G70/><T85/><D45/><U123/><E68/><V3/><F3/><W20/><G74/><T118/><D118/><U55/><E55/><V14/><F0/><W64/><G64/><T42/><D42/><U19/><E123/><V112/><F77/><N who="3" m="46351" /><G82/><T2/><D27/><U92/><E92/><V51/><F51/><N who="3" m="28791" /><G41/><T40/><D40/><U131/><E131/><V12/><F12/><W32/><G99/><T72/><D72/><U84/><E84/><V75/><F100/><N who="3" m="60495" /><G32/><T71/><D71/><U22/><E134/><V39/><F75/><W101/><G101/><T90/><D85/><U65/><E65/><V44/><F44/><W18/><AGARI ba="0,0" hai="13,18,20,28,30" m="60495,28791,46351" machi="18" ten="30,2000,0" yaku="8,1,54,1" doraHai="6" who="3" fromWho="3" sc="346,-5,201,-10,280,-5,173,20" /><INIT seed="6,0,0,0,4,56" ten="341,191,275,193" oya="2" hai0="37,10,69,116,51,57,112,18,117,25,80,83,7" hai1="122,78,107,135,49,42,60,3,102,118,41,68,17" hai2="100,125,103,63,110,96,98,126,5,84,124,66,74" hai3="39,111,1,93,9,0,92,113,29,114,121,67,28"/><V73/><F5/><W105/><G9/><T89/><D69/><U20/><E118/><N who="0" m="45673" /><D37/><U43/><E3/><N who="3" m="1098" /><G39/><T97/><D7/><U32/><E135/><V47/><F47/><W70/><G105/><T72/><D72/><N who="2" m="27754" /><F110/><W52/><G111/><T64/><D112/><N who="3" m="43113" /><G121/><T31/><D97/><N who="2" m="37482" /><F84/><W88/><G52/><N who="0" m="31903" /><D64/><U55/><E55/><V27/><F27/><W87/><G93/><T16/><D10/><U59/><E43/><V75/><F75/><W133/><G133/><T4/><D4/><U131/><E42/><V108/><F108/><W33/><G33/><T62/><D18/><U104/><E17/><V34/><F34/><W2/><G2/><T6/><D16/><U30/><E32/><V12/><F12/><W85/><G87/><T19/><D19/><U26/><E41/><V81/><F81/><W119/><G119/><T101/><D6/><U86/><E86/><V22/><F22/><W65/><G65/><T50/><D83/><U48/><E20/><V79/><F79/><W21/><G21/><T130/><D80/><U40/><E78/><V14/><F14/><W44/><G44/><T91/><D89/><U77/><E77/><V115/><F115/><W13/><G13/><T95/><D91/><U71/><E40/><V35/><F35/><W99/><G85/><T23/><D95/><U132/><E107/><V45/><F45/><W106/><G106/><T109/><D109/><U8/><E104/><V76/><F76/><W58/><G58/><AGARI ba="0,0" hai="58,63,66,100,103,124,125,126" m="37482,27754" machi="58" ten="40,3900,0" yaku="18,1,52,1" doraHai="56" who="2" fromWho="3" sc="341,0,191,0,275,39,193,-39" /><INIT seed="6,1,0,1,1,135" ten="341,191,314,154" oya="2" hai0="9,120,83,28,129,113,125,12,29,11,110,36,43" hai1="82,23,2,61,16,131,49,81,128,67,38,134,119" hai2="14,109,40,124,26,103,108,79,99,123,17,1,130" hai3="5,117,114,19,55,47,50,116,71,52,80,35,65"/><V106/><F123/><W6/><G35/><T58/><D36/><U60/><E134/><V89/><F130/><N who="1" m="49705" /><E38/><V98/><F1/><W77/><G114/><T24/><D43/><U88/><E2/><V30/><F40/><W126/><G55/><T94/><D83/><U72/><E72/><V13/><F79/><W74/><G126/><T97/><D129/><U10/><E10/><V78/><F124/><W3/><G19/><T86/><D125/><U127/><E119/><V104/><F78/><W59/><G71/><T45/><D28/><U101/><E101/><N who="2" m="62519" /><F89/><W33/><G33/><T31/><D45/><U20/><E20/><V92/><F92/><W34/><G34/><T39/><D94/><U100/><E100/><V111/><F17/><W87/><G74/><T62/><D31/><U112/><E112/><V91/><F91/><W133/><G133/><T118/><D29/><U66/><E49/><V68/><F68/><W21/><G21/><AGARI ba="1,0" hai="13,14,21,26,30,99,103,106,108,109,111" m="62519" machi="21" ten="30,1500,0" yaku="10,1" doraHai="135" who="2" fromWho="3" sc="341,0,191,0,314,18,154,-18" /><INIT seed="6,2,0,5,1,46" ten="341,191,332,136" oya="2" hai0="62,58,41,6,134,94,92,4,118,110,20,47,68" hai1="85,81,40,10,18,34,12,66,107,8,69,32,49" hai2="88,21,79,64,75,23,44,117,72,50,55,74,112" hai3="76,108,116,130,96,24,100,38,73,125,25,1,89"/><V113/><F117/><W97/><G1/><T48/><D110/><U70/><E107/><V106/><F64/><W14/><G108/><T65/><D134/><U135/><E135/><V127/><F79/><W56/><G38/><T16/><D118/><U109/><E109/><V87/><F106/><W53/><G116/><T93/><REACH who="0" step="1"/><D68/><REACH who="0" ten="331,191,332,136" step="2"/><U9/><E70/><V15/><F127/><W28/><G125/><T11/><D11/><U5/><E9/><V30/><F30/><W95/><G28/><T78/><D78/><U133/><E10/><V19/><REACH who="2" step="1"/><F23/><REACH who="2" ten="331,191,322,136" step="2"/><W114/><G76/><T129/><D129/><U77/><E77/><V27/><F27/><AGARI ba="2,2" hai="4,6,16,20,27,41,47,48,58,62,65,92,93,94" machi="27" ten="40,8000,1" yaku="1,1,8,1,52,1,54,1,53,1" doraHai="46" doraHaiUra="52" who="0" fromWho="2" sc="331,106,191,0,322,-86,136,0" /><INIT seed="7,0,0,0,0,127" ten="437,191,236,136" oya="3" hai0="102,103,77,57,58,88,49,6,111,0,81,53,108" hai1="29,100,131,115,92,87,120,94,22,107,36,66,122" hai2="32,132,128,67,114,51,35,93,60,38,25,52,104" hai3="74,59,4,37,13,39,42,10,28,69,11,75,23"/><W118/><G69/><T70/><D70/><U85/><E36/><V1/><F104/><W86/><G118/><T26/><D0/><U63/><E107/><V14/><F38/><W109/><G109/><T24/><D6/><U117/><E117/><V65/><F1/><W45/><G39/><T133/><D133/><U64/><E115/><V80/><F80/><W76/><G59/><T50/><D88/><U20/><E63/><V31/><F35/><W91/><G76/><T113/><D113/><U99/><E29/><V34/><F34/><W48/><G37/><T124/><D124/><U129/><E99/><V135/><F67/><W130/><G130/><T17/><D17/><U105/><E105/><V116/><F128/><W27/><REACH who="3" step="1"/><G11/><REACH who="3" ten="437,191,236,126" step="2"/><T8/><D77/><U40/><E131/><V68/><F116/><W89/><G89/><T47/><D8/><U97/><E129/><V15/><F114/><W12/><G12/><T2/><D2/><U112/><E112/><V121/><F135/><W43/><G43/><T55/><D47/><U82/><E40/><V61/><F132/><W56/><G56/><T18/><D111/><U119/><E119/><V101/><F14/><W134/><G134/><T9/><D108/><U95/><E100/><V62/><F15/><W90/><G90/><T73/><D9/><U123/><E122/><V54/><F121/><W84/><G84/><T5/><D102/><U71/><E123/><V110/><F110/><W96/><G96/><T19/><D103/><U41/><E120/><V21/><F68/><W106/><G106/><T7/><D73/><RYUUKYOKU ba="0,1" sc="437,15,191,-15,236,-15,126,15" hai0="5,7,18,19,24,26,49,50,53,55,57,58,81" hai3="4,10,13,23,27,28,42,45,48,74,75,86,91" /><INIT seed="7,1,1,3,0,8" ten="452,176,221,141" oya="3" hai0="111,39,121,6,73,118,50,126,14,58,95,84,125" hai1="65,13,79,72,54,7,130,37,35,30,2,33,120" hai2="109,66,105,16,132,20,0,17,59,85,93,67,15" hai3="81,123,42,10,51,3,41,99,107,68,92,75,96"/><W32/><G123/><T133/><D111/><U115/><E120/><V52/><F109/><W40/><G68/><T61/><D73/><U25/><E37/><V114/><F105/><W94/><G107/><T119/><D39/><U4/><E115/><V31/><F31/><W102/><G32/><T113/><D113/><U76/><E130/><V91/><F0/><W129/><G129/><T9/><D133/><U21/><E65/><V57/><F57/><W45/><G75/><T47/><D84/><U128/><E128/><V101/><F101/><W131/><G131/><T69/><D95/><U127/><E127/><N who="0" m="48649" /><D69/><U56/><E2/><V1/><F1/><W11/><G81/><T83/><D83/><U135/><E4/><V134/><F114/><W110/><G110/><T26/><D26/><U46/><E72/><V71/><F71/><W38/><G38/><T124/><D121/><U106/><E106/><V27/><F134/><W117/><G117/><T29/><D29/><U49/><E135/><V19/><F19/><W63/><G63/><T22/><D22/><U97/><E33/><V44/><F44/><W89/><REACH who="3" step="1"/><G3/><REACH who="3" ten="452,176,221,131" step="2"/><T53/><D124/><U108/><E108/><V55/><F132/><W104/><G104/><T62/><D61/><U64/><E35/><V78/><F78/><W86/><G86/><T90/><D90/><U98/><E79/><V60/><F67/><AGARI ba="1,2" hai="6,9,14,47,50,53,58,62,67,118,119" m="48649" machi="67" ten="30,2000,0" yaku="18,1,52,1" doraHai="8" who="0" fromWho="2" sc="452,43,176,0,221,-23,131,0" owari="495,59.0,176,-22.0,198,0.0,131,-37.0" /></mjloggm>