<mjloggm ver="2.3"><GO type="169" lobby="0"/><UN n0="%E3%83%93%E3%82%BF%E3%83%9F%E3%83%B3%E3%81%AE%E5%A4%8F%56%32" n1="%E3%81%99%E3%81%8D%E3%81%BE%E5%A6%96%E6%80%AA" n2="%E3%82%AA%E3%83%AA%E5%A7%AB%E5%A5%B3%E5%AD%90" n3="%E4%BC%8A%E8%97%A4%E4%B8%87%E7%90%86%E8%8F%AF" dan="16,16,16,16" rate="2099.24,2128.91,2072.87,2143.12" sx="M,M,F,F"/><TAIKYOKU oya="0"/><INIT seed="0,0,0,5,3,111" ten="250,250,250,250" oya="0" hai0="36,121,82,120,16,23,17,96,35,114,130,92,24" hai1="113,31,131,83,64,112,6,5,72,46,90,58,21" hai2="18,85,32,95,76,102,4,62,25,106,98,80,73" hai3="19,2,40,74,12,45,118,91,124,43,75,61,67"/><T123/><D36/><U84/><E72/><V117/><F4/><W38/><G118/><T53/><D35/><U94/><E131/><V28/><F117/><W126/><G2/><T116/><D116/><U55/><E64/><V27/><F62/><W135/><G43/><T133/><D133/><U59/><E83/><V39/><F39/><W132/><G91/><T103/><D130/><U7/><E46/><V44/><F44/><W63/><G75/><T47/><D82/><U49/><REACH who="1" step="1"/><E59/><REACH who="1" ten="250,240,250,250" step="2"/><V108/><F108/><W20/><G74/><T128/><D128/><U33/><E33/><V48/><F73/><W54/><G67/><T60/><D47/><U71/><E71/><V78/><F32/><W129/><G129/><T1/><D121/><U87/><E87/><V110/><F85/><W66/><G66/><T134/><D134/><N who="3" m="51241" /><G54/><T86/><D53/><U115/><E115/><V41/><F80/><W15/><G124/><T119/><D120/><U99/><E99/><V29/><F98/><W125/><G126/><T97/><D114/><U9/><E9/><V3/><F110/><W100/><G125/><T8/><D123/><U50/><E50/><V79/><F48/><W56/><G56/><T68/><D119/><U81/><E81/><V101/><F41/><W105/><G61/><T122/><D122/><U109/><E109/><V93/><F78/><W34/><G63/><T22/><D60/><U69/><E69/><V104/><F79/><W14/><G34/><T70/><D68/><U107/><E107/><V42/><F76/><W127/><G127/><T13/><D70/><RYUUKYOKU ba="0,1" sc="250,-15,240,15,250,-15,250,15" hai1="5,6,7,21,31,49,55,58,84,90,94,112,113" hai3="12,14,15,19,20,38,40,45,100,105" /><INIT seed="1,1,1,1,2,128" ten="235,255,235,265" oya="1" hai0="9,58,71,132,76,57,4,131,3,106,10,16,103" hai1="8,39,109,14,43,40,20,98,75,127,85,37,2" hai2="64,66,31,24,36,130,32,118,117,121,61,108,91" hai3="81,7,86,114,99,94,34,33,41,90,100,38,21"/><U124/><E75/><V65/><F108/><W17/><G114/><T11/><D131/><U51/><E2/><V27/><F130/><W18/><G7/><T62/><D76/><U45/><E20/><V54/><F121/><W1/><G1/><T123/><D123/><U119/><E119/><V26/><F36/><W113/><G113/><T22/><D71/><U125/><E109/><V101/><F101/><W93/><G18/><T104/><D132/><U96/><E85/><V63/><F91/><W12/><G38/><N who="1" m="14346" /><E43/><V25/><REACH who="2" step="1"/><F54/><REACH who="2" ten="235,255,225,265" step="2"/><W56/><G41/><T74/><D103/><U115/><E115/><V126/><F126/><W59/><G34/><T79/><D79/><U112/><E112/><V133/><F133/><W72/><G33/><T82/><D106/><U48/><E48/><V89/><F89/><N who="3" m="51407" /><G72/><T47/><D74/><U102/><E102/><V73/><F73/><W88/><G100/><T13/><D104/><U134/><E134/><V77/><F77/><W78/><G78/><T95/><D95/><U42/><E42/><V29/><F29/><W87/><AGARI ba="1,2" hai="12,17,21,56,59,87,88,90,93,94,99" m="51407" machi="87" ten="30,2000,0" yaku="8,1,54,1" doraHai="128" who="3" fromWho="3" sc="235,-6,255,-11,225,-6,265,43" /><INIT seed="2,0,0,0,5,51" ten="229,244,219,308" oya="2" hai0="98,57,7,135,128,105,60,119,112,134,12,59,31" hai1="9,125,37,70,80,28,52,93,74,87,126,33,86" hai2="50,53,103,73,111,6,79,117,75,32,115,29,25" hai3="63,39,123,8,48,127,82,101,5,2,96,118,49"/><V104/><F115/><W100/><G118/><T23/><D112/><U124/><E37/><V116/><F111/><W97/><G123/><T42/><D119/><U47/><E70/><V122/><F122/><W81/><G39/><T18/><D128/><U83/><E9/><V106/><F6/><W102/><G127/><T121/><D121/><U21/><E33/><V131/><F131/><W34/><G34/><T22/><D42/><U0/><E0/><V90/><F90/><W54/><G63/><T44/><D44/><U92/><E74/><V4/><F4/><W14/><G2/><T58/><D7/><U84/><E28/><V11/><F11/><W46/><REACH who="3" step="1"/><G48/><REACH who="3" ten="229,244,219,298" step="2"/><T27/><D60/><U55/><E21/><V30/><F32/><W76/><G76/><T35/><D35/><U16/><E16/><V91/><F79/><W24/><G24/><T15/><D27/><U62/><E62/><V36/><F25/><W43/><G43/><T3/><D3/><U95/><REACH who="1" step="1"/><E47/><REACH who="1" ten="229,234,219,298" step="2"/><V13/><F36/><W107/><G107/><T113/><D105/><U56/><E56/><V41/><F106/><W85/><G85/><T26/><D58/><U20/><E20/><V1/><F1/><W132/><G132/><T69/><D59/><U94/><N who="1" m="24064" /><DORA hai="110" /><U19/><E19/><V99/><F116/><W71/><G71/><T66/><D57/><U114/><E114/><V17/><F117/><W10/><G10/><T130/><D69/><U129/><E129/><V64/><F104/><W45/><G45/><T67/><D113/><U108/><E108/><V72/><F17/><RYUUKYOKU ba="0,2" sc="229,-15,234,15,219,-15,298,15" hai1="52,55,80,83,84,86,87,124,125,126" hai3="5,8,14,46,49,54,81,82,96,97,100,101,102" /><INIT seed="3,1,2,5,2,41" ten="214,249,204,313" oya="3" hai0="74,98,104,36,6,76,108,31,58,12,60,1,70" hai1="0,16,125,126,57,119,24,29,103,72,120,134,66" hai2="109,116,43,54,97,2,62,27,101,45,17,11,23" hai3="100,33,35,78,133,111,91,131,7,5,61,112,10"/><W73/><G112/><T9/><D12/><U106/><E0/><V81/><F109/><W77/><G100/><N who="0" m="62487" /><D58/><U84/><E72/><V85/><F116/><W99/><G5/><T40/><D31/><U118/><E120/><V128/><F128/><W53/><G131/><T14/><D14/><U15/><E84/><V93/><F2/><W25/><G111/><T47/><D108/><U55/><E134/><V28/><F11/><W3/><G25/><T127/><D127/><N who="1" m="48651" /><E66/><V117/><F117/><W8/><G8/><T75/><D76/><U51/><E103/><V87/><F54/><W124/><G77/><T22/><D22/><N who="1" m="15511" /><E106/><V132/><F132/><W44/><G78/><T18/><D18/><U86/><E86/><V52/><F28/><W26/><G133/><T92/><D92/><U95/><E95/><V114/><F52/><W79/><G53/><T30/><D30/><U21/><AGARI ba="1,2" hai="15,16,21,51,55,57,118,119" m="15511,48651" machi="21" ten="30,2000,0" yaku="18,1,54,1" doraHai="41" who="1" fromWho="1" sc="214,-6,249,43,204,-6,313,-11" /><INIT seed="4,0,0,0,5,20" ten="208,292,198,302" oya="0" hai0="24,113,131,93,60,102,19,86,10,87,119,55,78" hai1="0,105,90,110,129,134,67,89,16,135,83,132,71" hai2="38,79,69,108,64,14,33,39,5,109,115,118,130" hai3="91,29,123,46,23,58,21,41,28,8,43,36,25"/><T52/><D119/><U99/><E110/><N who="2" m="42603" /><F118/><W114/><G123/><T74/><D74/><U31/><E0/><V104/><F115/><W4/><G114/><T122/><D122/><U81/><E31/><V107/><F130/><W18/><G43/><T70/><D113/><U101/><E16/><V77/><F33/><W103/><G103/><T49/><D131/><U15/><E15/><V32/><F32/><W42/><G42/><T1/><D70/><U63/><E129/><V30/><F30/><W65/><G91/><AGARI ba="0,0" hai="63,67,71,81,83,89,90,91,99,101,105,132,134,135" machi="91" ten="40,1300,0" yaku="20,1" doraHai="20" who="1" fromWho="3" sc="208,0,292,13,198,0,302,-13" /><INIT seed="5,0,0,0,4,64" ten="208,305,198,289" oya="1" hai0="135,63,102,26,90,42,22,55,75,46,107,101,29" hai1="127,118,116,2,38,100,105,35,123,113,68,129,73" hai2="41,53,12,94,126,95,109,50,122,71,130,69,110" hai3="115,82,40,9,0,45,3,1,60,58,92,96,15"/><U21/><E21/><V23/><F130/><W79/><G115/><T133/><D75/><U4/><E4/><V67/><F122/><W16/><G58/><N who="0" m="35295" /><D90/><U59/><E59/><V47/><F126/><W44/><G60/><T93/><D93/><U33/><E100/><V65/><F23/><W111/><G111/><N who="2" m="42505" /><F12/><W108/><G108/><T89/><D89/><U97/><E97/><V103/><F103/><W77/><G77/><T121/><D107/><U19/><E19/><V20/><F20/><W62/><G62/><T49/><D121/><U7/><E105/><V76/><F76/><W31/><G31/><T25/><D25/><U48/><E73/><V10/><F10/><W91/><REACH who="3" step="1"/><G40/><REACH who="3" ten="208,305,198,279" step="2"/><T98/><D42/><U86/><E113/><V119/><F119/><W132/><G132/><T14/><D135/><U84/><E118/><V24/><F24/><W32/><G32/><T88/><D26/><U128/><E116/><V61/><F95/><W120/><G120/><T131/><D133/><U57/><E123/><V54/><F94/><W8/><G8/><T72/><D72/><AGARI ba="0,1" hai="0,1,3,9,15,16,44,45,72,79,82,91,92,96" machi="72" ten="40,2600,0" yaku="1,1,54,1,53,0" doraHai="64" doraHaiUra="17" who="3" fromWho="0" sc="208,-26,305,0,198,0,279,36" /><INIT seed="6,0,0,1,5,71" ten="182,305,198,315" oya="2" hai0="42,128,87,95,90,28,44,55,36,5,14,119,84" hai1="121,61,46,56,101,130,2,81,70,17,131,60,114" hai2="18,106,76,13,66,103,120,0,109,113,79,33,48" hai3="112,134,32,16,47,126,83,45,75,39,29,64,82"/><V41/><F120/><W93/><G64/><T62/><D119/><U68/><E2/><V104/><F113/><W52/><G29/><T108/><D108/><U135/><E101/><V49/><F0/><W63/><G32/><T111/><D111/><U57/><E81/><V21/><F109/><W94/><G75/><T40/><D40/><U118/><E17/><V100/><F33/><W12/><G126/><T37/><D128/><N who="1" m="49195" /><E118/><V125/><F125/><W19/><G39/><T38/><D28/><U98/><E98/><V133/><F133/><W105/><G105/><T77/><D55/><N who="1" m="33823" /><E114/><V54/><F66/><W23/><G112/><T85/><D62/><U8/><E8/><V20/><F41/><W50/><G19/><T72/><D72/><U35/><E35/><V43/><F43/><W116/><G63/><T69/><D69/><U102/><E102/><V80/><F18/><W97/><G94/><T59/><D59/><U78/><E78/><V122/><F122/><W3/><G3/><T132/><D132/><U58/><E135/><V107/><F107/><W53/><G116/><T22/><D77/><U65/><E121/><V9/><F9/><W86/><G86/><T6/><D22/><U26/><E57/><V110/><F110/><W51/><G134/><T31/><D31/><U30/><E46/><V34/><F34/><W123/><G123/><T88/><D90/><AGARI ba="0,0" hai="12,16,23,45,47,50,51,52,53,82,83,90,93,97" machi="90" ten="30,8000,1" yaku="7,1,9,1,8,1,54,2" doraHai="71" who="3" fromWho="0" sc="182,-80,305,0,198,0,315,80" /><INIT seed="7,0,0,5,5,26" ten="102,305,198,395" oya="3" hai0="74,51,110,36,107,82,98,39,88,37,19,127,55" hai1="50,43,96,59,25,87,47,52,83,99,97,126,80" hai2="134,6,53,76,90,78,115,119,131,117,129,2,112" hai3="111,14,67,10,64,56,73,17,100,77,135,84,15"/><W5/><G73/><T35/><D110/><U9/><E126/><V48/><F6/><W116/><G116/><N who="2" m="44617" /><F2/><W63/><G135/><T101/><D127/><U118/><E118/><V86/><F53/><W104/><G111/><T22/><D35/><U71/><E71/><V133/><F48/><W16/><G104/><T70/><D70/><U0/><E0/><V24/><F24/><W40/><G100/><T102/><D102/><U121/><E121/><V41/><F41/><W114/><G114/><N who="2" m="43561" /><F90/><W28/><G40/><T1/><D1/><U21/><E9/><V91/><F91/><W130/><G5/><T72/><D19/><U132/><E132/><N who="2" m="50795" /><F86/><W49/><G84/><T66/><D66/><U13/><E13/><V27/><F27/><W44/><G64/><T85/><REACH who="0" step="1"/><D22/><REACH who="0" ten="92,305,198,395" step="2"/><U65/><E65/><V75/><F75/><W95/><G67/><T58/><AGARI ba="0,1" hai="36,37,39,51,55,58,72,74,82,85,88,98,101,107" machi="58" ten="30,7900,0" yaku="1,1,2,1,0,1,54,1,53,0" doraHai="26" doraHaiUra="108" who="0" fromWho="0" sc="92,89,305,-20,198,-20,395,-39" owari="181,-22.0,285,9.0,178,-32.0,356,45.0" /></mjloggm>