<mjloggm ver="2.3"><GO type="169" lobby="0"/><UN n0="%E3%83%89%E3%83%A9%E6%AC%A1%E9%83%8E" n1="%E3%82%A4%E3%82%AB%E3%81%AB%E3%82%82%E6%9D%B1%E5%8C%97" n2="%4E%41%4E%4F%48%41" n3="%E3%81%86%E3%81%95%E3%81%8E%E3%83%95%E3%82%A1%E3%83%B3%E3%82%B7%E3%83%BC" dan="17,16,16,16" rate="2156.51,2084.13,2081.90,2111.67" sx="M,M,M,F"/><TAIKYOKU oya="0"/><INIT seed="0,0,0,5,1,28" ten="250,250,250,250" oya="0" hai0="89,109,130,32,134,1,65,38,10,39,51,119,112" hai1="0,117,20,34,43,72,29,105,108,81,59,94,56" hai2="118,132,25,54,85,83,107,52,44,58,40,86,116" hai3="17,124,37,49,68,55,129,87,14,114,46,102,45"/><T6/><D119/><U82/><E117/><N who="2" m="45163" /><F107/><W115/><G129/><T78/><D112/><U61/><E105/><V64/><F132/><W33/><G124/><T135/><D130/><U30/><E0/><V16/><F64/><W121/><G121/><T110/><D78/><U31/><E43/><V11/><F58/><W96/><G68/><T53/><D65/><U23/><E108/><N who="0" m="41577" /><D89/><U126/><E94/><V73/><F73/><W99/><G87/><N who="2" m="33289" /><F83/><W70/><G70/><T76/><D76/><U95/><E95/><V101/><F101/><W62/><G102/><T19/><D19/><U7/><E72/><V50/><F11/><W2/><G114/><T120/><D32/><U57/><E34/><V127/><F127/><W122/><G33/><T98/><D98/><U36/><E126/><V47/><F47/><W133/><G115/><T128/><D128/><U22/><E61/><V80/><F80/><N who="1" m="30825" /><E7/><V15/><F15/><W42/><G62/><T79/><D79/><U111/><E111/><V90/><F90/><W75/><G75/><T106/><D106/><U18/><E18/><V13/><F13/><W91/><G99/><T24/><D24/><U92/><E92/><V71/><F71/><W41/><G96/><T123/><D123/><U4/><E4/><V67/><F67/><W63/><G122/><T8/><D8/><U84/><E84/><V60/><F60/><W113/><G113/><T69/><D69/><U9/><E9/><V97/><F97/><W26/><G63/><T104/><D104/><U48/><E36/><N who="0" m="13865" /><D120/><U93/><E93/><V77/><F77/><RYUUKYOKU ba="0,0" sc="250,10,250,10,250,10,250,-30" hai0="1,6,10,51,53,134,135" hai1="20,22,23,29,30,31,48,56,57,59" hai2="16,25,40,44,50,52,54" /><INIT seed="0,1,0,4,2,97" ten="260,260,260,220" oya="0" hai0="91,50,25,68,1,62,3,125,80,106,83,108,44" hai1="103,66,43,88,124,82,45,4,34,87,2,129,105" hai2="70,32,5,114,118,78,41,99,101,18,38,67,10" hai3="23,52,47,40,100,0,69,37,30,36,85,84,31"/><T90/><D125/><U132/><E124/><V65/><F114/><W86/><G69/><T135/><D135/><U6/><E132/><V58/><F70/><W19/><G0/><T120/><D120/><U12/><E129/><V33/><F78/><W53/><G37/><T56/><D68/><U107/><E34/><V59/><F18/><W130/><G130/><T7/><D108/><U64/><E107/><V26/><F118/><W48/><G100/><T61/><D106/><U13/><E13/><V51/><F26/><W49/><G36/><T63/><D56/><U21/><E2/><V116/><F116/><W89/><G89/><T111/><D111/><U122/><E122/><V131/><F131/><W55/><REACH who="3" step="1"/><G48/><REACH who="3" ten="260,260,260,210" step="2"/><T57/><D3/><U104/><E103/><V113/><F51/><W126/><G126/><T60/><D91/><U133/><E133/><V46/><F113/><W20/><G20/><T14/><D1/><U11/><E21/><V73/><F33/><W79/><G79/><T134/><D134/><U127/><E127/><V27/><F32/><W28/><G28/><T123/><D123/><U72/><E88/><V24/><F38/><W75/><G75/><T98/><D98/><U15/><E72/><V22/><F73/><W29/><G29/><T77/><D77/><U96/><E96/><V81/><F99/><W74/><G74/><T110/><D110/><U115/><E115/><V102/><F102/><W17/><G17/><T112/><D112/><U92/><E105/><V9/><F101/><W42/><G42/><N who="0" m="24855" /><D90/><U39/><E104/><V76/><F76/><RYUUKYOKU ba="1,1" sc="260,-10,260,-10,260,-10,210,30" hai3="19,23,30,31,40,47,49,52,53,55,84,85,86" /><INIT seed="1,2,1,0,3,123" ten="250,250,250,240" oya="1" hai0="71,52,124,133,43,45,86,87,28,96,127,18,103" hai1="135,24,106,46,65,44,41,102,97,132,88,23,34" hai2="19,83,49,57,70,119,118,32,55,94,113,99,3" hai3="64,107,90,108,60,76,74,125,10,92,67,9,112"/><U39/><E34/><V59/><F70/><W115/><G107/><T27/><D133/><U109/><E65/><V16/><F32/><W50/><G125/><N who="0" m="48203" /><D18/><U73/><E73/><V89/><F3/><W20/><G74/><T42/><D71/><U4/><E4/><V61/><F113/><W98/><G76/><T84/><D45/><U130/><E130/><V51/><F51/><W5/><G108/><T12/><D12/><U40/><E88/><N who="2" m="55751" /><F119/><W0/><G20/><N who="0" m="15463" /><D52/><U134/><E109/><V47/><F118/><W72/><G72/><T69/><D69/><U56/><E56/><N who="2" m="21579" /><F61/><W78/><G60/><T126/><N who="0" m="48211" /><T110/><DORA hai="11" /><D110/><U85/><E85/><AGARI ba="2,1" hai="16,19,47,49,55,83,85,89" m="21579,55751" machi="85" ten="30,3900,0" yaku="8,1,54,2" doraHai="123,11" who="2" fromWho="1" sc="250,0,250,-45,250,55,240,0" /><INIT seed="2,0,0,5,3,25" ten="250,205,305,240" oya="2" hai0="84,19,6,120,7,62,135,121,71,125,43,78,64" hai1="129,26,83,77,18,5,60,114,47,74,95,101,37" hai2="96,98,87,24,61,69,94,102,79,2,123,86,11" hai3="44,58,29,46,38,72,17,55,92,48,0,85,105"/><V54/><F123/><W49/><G72/><T89/><D135/><U65/><E114/><V70/><F70/><W16/><G105/><T35/><D125/><U73/><E129/><V27/><F98/><W32/><G0/><T117/><D117/><U116/><E116/><V113/><F113/><W42/><G32/><T104/><D104/><U93/><E74/><V115/><F115/><W127/><G127/><T132/><D132/><U75/><E75/><V56/><F69/><W21/><G29/><T112/><D78/><U63/><E5/><V109/><F109/><W108/><G108/><T13/><D112/><U8/><E63/><V100/><F100/><W23/><G92/><T110/><D35/><U81/><E81/><N who="2" m="47423" /><F2/><W111/><G111/><T4/><D43/><U34/><E101/><V99/><F99/><W53/><G85/><T122/><D110/><U1/><E1/><V50/><F11/><W15/><REACH who="3" step="1"/><G17/><REACH who="3" ten="250,205,305,230" step="2"/><T14/><REACH who="0" step="1"/><D19/><REACH who="0" ten="240,205,305,230" step="2"/><U91/><E18/><V57/><F87/><W41/><G41/><T119/><D119/><U20/><E34/><V103/><F103/><W3/><G3/><T30/><D30/><U134/><E134/><V28/><F28/><W126/><G126/><T68/><D68/><U45/><E73/><V66/><AGARI ba="0,2" hai="24,27,50,54,56,57,61,66,94,96,102" m="47423" machi="66" ten="30,1500,0" yaku="8,1" doraHai="25" who="2" fromWho="2" sc="240,-5,205,-5,305,35,230,-5" /><INIT seed="2,1,0,3,5,20" ten="235,200,340,225" oya="2" hai0="32,23,39,48,55,56,69,6,114,108,121,2,22" hai1="14,53,44,99,83,36,72,70,81,119,127,19,92" hai2="135,5,1,60,10,84,71,29,77,103,73,54,34" hai3="116,8,126,129,85,3,82,46,63,15,96,18,42"/><V4/><F135/><W68/><G129/><T78/><D32/><U51/><E119/><V124/><F124/><W43/><G116/><T26/><D121/><U64/><E127/><V89/><F5/><W9/><G126/><T74/><D114/><U113/><E113/><V30/><F103/><W75/><G75/><T132/><D108/><U33/><E33/><V16/><F73/><W100/><G3/><T122/><D132/><U28/><E28/><V35/><F77/><W111/><G111/><T106/><D122/><U105/><E105/><V27/><F54/><W31/><G31/><T97/><D69/><U128/><E128/><V130/><F130/><W123/><G123/><T87/><D39/><U118/><E118/><V49/><F49/><W21/><G63/><T98/><D23/><U67/><E36/><V134/><F134/><W66/><G66/><N who="1" m="25130" /><E70/><V112/><F60/><W80/><G68/><T125/><D74/><U76/><E76/><V41/><F112/><W107/><G82/><N who="0" m="47575" /><D2/><U17/><E17/><V95/><F71/><W86/><G86/><T50/><D106/><U52/><E53/><V61/><F61/><W65/><G65/><T47/><D6/><U24/><E72/><V91/><F16/><W57/><G43/><N who="0" m="24703" /><D125/><U45/><E45/><V12/><F1/><W88/><REACH who="3" step="1"/><G57/><REACH who="3" ten="235,200,340,215" step="2"/><T133/><D133/><U102/><E14/><N who="2" m="5447" /><F34/><W13/><G13/><T109/><D109/><U0/><E0/><V7/><F41/><W94/><G94/><T58/><D58/><U110/><E110/><V59/><F59/><W90/><G90/><T120/><D120/><RYUUKYOKU ba="1,1" sc="235,10,200,10,340,-30,215,10" hai0="22,26,50,55,56,97,98" hai1="19,24,44,51,52,81,83,92,99,102" hai3="8,9,15,18,21,42,46,80,85,88,96,100,107" /><INIT seed="3,2,1,4,2,87" ten="245,210,310,225" oya="3" hai0="48,56,36,55,54,121,112,34,80,76,75,132,17" hai1="106,2,37,78,44,97,79,89,24,9,117,25,129" hai2="111,100,3,47,16,88,98,116,13,110,109,6,69" hai3="122,23,11,67,40,0,127,105,96,84,131,52,126"/><W50/><G122/><T72/><D121/><U20/><E129/><V5/><F116/><W1/><G131/><T135/><D112/><U57/><E117/><V41/><F69/><W21/><G40/><T83/><D36/><U114/><E114/><V45/><F3/><W28/><G67/><T32/><D17/><U65/><E25/><V59/><F59/><W107/><G84/><T49/><D56/><U71/><E71/><V108/><F47/><W14/><G1/><T99/><D99/><U102/><E2/><V8/><F111/><W103/><G0/><T43/><D43/><U130/><E9/><V35/><F35/><W58/><G107/><T26/><D26/><U101/><E44/><V27/><F27/><W7/><REACH who="3" step="1"/><G28/><REACH who="3" ten="245,210,310,215" step="2"/><T22/><D75/><U10/><E130/><V51/><F110/><W128/><G128/><T30/><D72/><U60/><E106/><V39/><F109/><W18/><G18/><T19/><D19/><U120/><E120/><V124/><F108/><W53/><G53/><T63/><D30/><U94/><E65/><V42/><F42/><W12/><G12/><T123/><D55/><U38/><E38/><V134/><F39/><W86/><G86/><T90/><D54/><U119/><E37/><V118/><F13/><W77/><G77/><T81/><D76/><U64/><E78/><V61/><F41/><W29/><G29/><T68/><D123/><U92/><E79/><V113/><F118/><W73/><G73/><T15/><D15/><U62/><E119/><V91/><F16/><W33/><G33/><T66/><D34/><RYUUKYOKU ba="2,2" sc="245,-10,210,-10,310,-10,215,30" hai3="7,11,14,21,23,50,52,58,96,103,105,126,127" /><INIT seed="3,3,2,2,1,21" ten="235,200,300,245" oya="3" hai0="19,66,32,100,38,0,40,105,104,125,80,16,103" hai1="6,75,93,22,12,10,18,94,57,84,116,59,65" hai2="90,86,82,115,24,47,102,48,110,37,4,49,87" hai3="67,2,70,56,20,89,108,68,44,120,134,111,41"/><W107/><G2/><T98/><D125/><U126/><E126/><V25/><F110/><N who="3" m="42027" /><G120/><T15/><D0/><U106/><E116/><V117/><F117/><W11/><G134/><T72/><D32/><U64/><E75/><V96/><F115/><W45/><G107/><T23/><D66/><N who="1" m="25707" /><E106/><V42/><F87/><W13/><G20/><T77/><D40/><U114/><E114/><V54/><F4/><N who="3" m="3303" /><G89/><T61/><D61/><U8/><E8/><V14/><F14/><W83/><G83/><T55/><D55/><U28/><E28/><V122/><F122/><W34/><G34/><T91/><D38/><U121/><E121/><V133/><F37/><N who="3" m="21551" /><G45/><T130/><D130/><U58/><E84/><V36/><F36/><W30/><G30/><T1/><D1/><U127/><E127/><V69/><F133/><W7/><G7/><T95/><D105/><U92/><E92/><N who="2" m="58631" /><F69/><W74/><G74/><T9/><REACH who="0" step="1"/><D104/><REACH who="0" ten="225,200,300,245" step="2"/><U118/><E118/><V128/><F128/><W62/><AGARI ba="3,3" hai="56,62,67,68,70" m="21551,3303,42027" machi="62" ten="30,3000,0" yaku="14,1,10,1" doraHai="21" who="3" fromWho="3" sc="225,-13,200,-13,300,-13,245,69" /><INIT seed="3,4,0,0,1,85" ten="212,187,287,314" oya="3" hai0="41,126,10,30,16,124,8,87,86,104,80,78,52" hai1="53,100,59,66,116,70,48,92,68,11,79,67,81" hai2="33,108,75,134,19,21,9,117,39,83,24,34,71" hai3="115,47,2,7,13,123,17,58,118,69,89,15,23"/><W14/><G118/><T18/><D104/><U60/><E116/><V128/><F117/><W55/><G115/><T76/><D41/><U102/><E11/><V37/><F71/><W40/><G123/><T64/><D64/><U133/><E133/><V99/><F134/><W113/><G113/><T135/><D135/><U109/><E109/><V29/><F108/><W106/><G106/><T62/><D30/><U121/><E121/><V90/><F128/><W96/><G69/><T22/><D62/><U88/><E67/><V31/><F75/><W57/><G2/><T45/><D45/><U56/><E70/><V82/><F9/><W107/><G107/><T91/><D52/><U43/><E43/><V28/><F83/><W32/><G32/><T25/><D78/><U74/><REACH who="1" step="1"/><E68/><REACH who="1" ten="212,177,287,314" step="2"/><V46/><F39/><W120/><G120/><T65/><D65/><U77/><E77/><V6/><F37/><W12/><G7/><T114/><D114/><U103/><E103/><V95/><F6/><W119/><G119/><T93/><REACH who="0" step="1"/><D8/><REACH who="0" ten="202,177,287,314" step="2"/><U35/><E35/><V129/><F33/><W20/><G40/><T112/><D112/><U4/><E4/><V27/><F34/><W49/><G20/><T51/><D51/><U122/><E122/><V110/><F21/><W42/><G42/><T72/><D72/><U26/><E26/><V1/><F24/><W127/><G23/><T54/><D54/><U0/><E0/><V61/><F27/><W50/><G50/><T131/><D131/><U130/><E130/><V98/><F1/><W101/><G49/><T63/><D63/><RYUUKYOKU ba="4,2" sc="202,15,177,15,287,-15,314,-15" hai0="10,16,18,22,25,76,80,86,87,91,93,124,126" hai1="48,53,56,59,60,66,74,79,81,88,92,100,102" /><INIT seed="4,5,2,5,0,67" ten="217,192,272,299" oya="0" hai0="114,103,35,60,133,59,61,93,85,55,23,8,84" hai1="98,48,110,32,0,2,17,28,14,122,47,129,81" hai2="77,12,101,125,116,65,106,134,113,73,66,68,33" hai3="58,99,89,78,74,69,130,41,56,39,124,6,27"/><T54/><D35/><U24/><E122/><V64/><F12/><W49/><G124/><T9/><D133/><U80/><E110/><V82/><F134/><W4/><G69/><T16/><D114/><U63/><E129/><V20/><F125/><W57/><G130/><T132/><D132/><U119/><E119/><V121/><F113/><W107/><G39/><T123/><D123/><U30/><E98/><N who="2" m="61751" /><F20/><W5/><G74/><T75/><D75/><U83/><E28/><V11/><F11/><N who="0" m="4170" /><D103/><U52/><REACH who="1" step="1"/><E63/><REACH who="1" ten="217,182,272,299" step="2"/><N who="2" m="39967" /><F116/><W117/><G117/><T76/><D61/><U88/><E88/><V42/><F121/><W71/><G99/><T26/><D76/><U62/><E62/><V108/><F108/><W91/><G78/><T104/><D104/><U38/><E38/><V70/><F70/><W18/><G71/><T3/><D3/><U72/><E72/><V128/><F128/><W96/><G107/><T44/><D93/><U109/><E109/><V51/><F73/><W86/><G96/><T112/><D112/><U118/><E118/><V90/><F90/><W13/><G91/><T40/><D85/><U92/><E92/><V45/><F77/><W100/><G100/><T102/><D84/><U115/><E115/><V79/><F79/><W21/><G86/><T1/><D1/><U95/><E95/><V87/><F87/><W34/><G89/><T7/><D102/><U31/><E31/><V43/><F82/><W37/><G37/><N who="0" m="21519" /><D7/><U126/><E126/><V29/><F43/><W135/><G135/><T120/><D120/><U94/><E94/><V53/><F42/><RYUUKYOKU ba="5,3" sc="217,10,182,10,272,10,299,-30" hai0="16,23,26,54,55,59,60" hai1="0,2,14,17,24,30,32,47,48,52,80,81,83" hai2="29,33,45,51,53,65,66" /><INIT seed="4,6,3,0,2,130" ten="227,192,282,269" oya="0" hai0="28,33,34,85,91,3,40,88,23,109,135,69,98" hai1="71,46,55,97,122,15,93,59,67,64,11,96,49" hai2="51,121,60,116,72,5,24,123,16,25,26,44,81" hai3="9,1,31,63,101,113,133,20,95,8,37,125,90"/><T82/><D69/><U50/><E122/><V7/><F116/><W22/><G37/><T0/><D135/><U104/><E104/><V70/><F123/><W29/><G133/><T68/><D68/><U127/><E127/><V100/><F100/><W102/><G125/><T17/><D109/><U114/><E114/><V86/><F72/><W48/><G113/><T27/><D40/><N who="1" m="24775" /><E71/><V57/><F70/><W76/><G76/><T78/><D34/><U105/><E105/><V94/><F94/><W92/><G48/><T62/><D62/><U134/><E134/><V52/><F121/><W111/><G63/><T6/><D6/><N who="1" m="3575" /><E97/><V32/><F32/><W83/><G1/><T99/><D99/><U61/><E50/><V119/><F119/><W2/><G2/><T19/><D19/><U42/><E42/><N who="2" m="24983" /><F16/><W103/><G111/><T41/><D41/><U30/><E30/><N who="3" m="11274" /><G9/><T118/><D118/><U65/><E65/><V75/><F75/><W66/><G66/><T4/><D98/><U38/><E38/><V128/><F128/><W35/><G8/><N who="0" m="2055" /><D3/><U54/><E67/><V45/><F45/><W43/><G43/><T106/><D106/><U10/><E10/><V117/><F117/><W87/><G35/><T47/><D47/><U80/><E80/><V110/><F110/><W73/><G73/><T115/><D115/><U12/><E12/><AGARI ba="6,3" hai="12,17,23,27,28,33,78,82,85,88,91" m="2055" machi="12" ten="30,2900,0" yaku="24,1,54,1" doraHai="130" who="0" fromWho="1" sc="227,77,192,-47,282,0,269,0" /><INIT seed="4,7,0,4,4,79" ten="304,145,282,269" oya="0" hai0="51,66,109,100,21,45,7,64,97,35,113,38,104" hai1="48,73,22,54,67,15,99,9,26,129,55,105,122" hai2="135,74,25,41,68,81,3,49,77,36,69,16,8" hai3="72,78,101,102,125,5,17,96,42,87,89,114,88"/><T120/><D120/><U93/><E129/><V75/><F135/><W53/><G5/><T117/><D117/><U86/><E122/><V13/><F74/><W103/><G42/><T19/><D35/><U124/><E124/><V71/><F49/><W98/><G17/><T84/><D38/><U108/><E108/><V126/><F126/><W128/><G125/><T127/><D127/><U82/><E67/><V11/><F25/><W112/><G53/><T29/><D29/><N who="1" m="17623" /><E48/><V14/><F3/><W2/><G2/><T58/><D109/><U28/><E73/><V134/><F134/><W27/><G27/><T130/><D130/><U92/><E92/><V110/><F110/><W18/><G18/><T32/><D32/><U107/><E107/><V70/><F70/><W1/><G1/><T85/><D7/><N who="1" m="3519" /><E105/><V61/><F61/><W133/><G133/><T43/><D113/><N who="3" m="43625" /><G128/><T44/><D44/><U56/><E56/><V39/><REACH who="2" step="1"/><F41/><REACH who="2" ten="304,145,272,269" step="2"/><W23/><G72/><T111/><D111/><U119/><E28/><V123/><F123/><W47/><G47/><T118/><D43/><U106/><E119/><V60/><F60/><W30/><G30/><T52/><D118/><U31/><E31/><V95/><F95/><W33/><G33/><T24/><D66/><U40/><E40/><V65/><F65/><W94/><G94/><T131/><D131/><U46/><E46/><V80/><F80/><N who="3" m="47511" /><G23/><T6/><D64/><U116/><E116/><V76/><F76/><W57/><G57/><T10/><D58/><U83/><E106/><V62/><F62/><W50/><G50/><RYUUKYOKU ba="7,1" sc="304,10,145,-30,272,10,269,10" hai0="6,10,19,21,24,45,51,52,84,85,97,100,104" hai2="8,11,13,14,16,36,39,68,69,71,75,77,81" hai3="88,89,96,98,101,102,103" /><INIT seed="4,8,1,1,4,114" ten="314,115,282,279" oya="0" hai0="7,78,125,56,133,105,27,106,128,127,131,135,80" hai1="79,8,118,64,83,12,30,29,94,60,82,66,112" hai2="42,109,53,20,134,18,121,45,3,46,32,14,126" hai3="110,49,129,36,37,61,16,73,41,98,33,85,93"/><T70/><D70/><U74/><E112/><V57/><F109/><W6/><G73/><N who="0" m="43087" /><D56/><U4/><E118/><V69/><F121/><W86/><G110/><T65/><D65/><U99/><E82/><V13/><F3/><W51/><G33/><T76/><D27/><U101/><REACH who="1" step="1"/><E66/><REACH who="1" ten="314,105,282,279" step="2"/><V23/><F134/><N who="0" m="51210" /><D76/><U95/><E95/><V68/><F68/><AGARI ba="8,2" hai="4,8,12,29,30,60,64,68,74,79,83,94,99,101" machi="68" ten="30,2000,0" yaku="1,1,7,1,53,0" doraHai="114" doraHaiUra="100" who="1" fromWho="2" sc="314,0,105,64,282,-44,279,0" /><INIT seed="5,0,0,5,1,6" ten="314,169,238,279" oya="1" hai0="95,93,21,126,78,122,88,1,58,99,35,19,102" hai1="86,87,14,104,31,33,108,48,106,129,131,12,111" hai2="89,70,47,112,3,4,80,46,13,38,66,24,98" hai3="65,72,121,73,22,71,124,75,55,29,63,27,132"/><U42/><E33/><V117/><F117/><W107/><G121/><T16/><D35/><U110/><E31/><V60/><F112/><W115/><G115/><T57/><D122/><U81/><E42/><V130/><F3/><W76/><G124/><T69/><D69/><U15/><E48/><V39/><F130/><N who="1" m="49673" /><E81/><V28/><F46/><W0/><G107/><AGARI ba="0,0" hai="12,14,15,86,87,104,106,107,108,110,111" m="49673" machi="107" ten="40,12000,1" yaku="28,2,10,1,19,1" doraHai="6" who="1" fromWho="3" sc="314,0,169,120,238,0,279,-120" /><INIT seed="5,1,0,2,3,112" ten="314,289,238,159" oya="1" hai0="63,46,118,90,59,123,10,92,29,12,15,124,13" hai1="11,80,25,68,8,91,40,82,120,32,114,126,37" hai2="99,85,1,119,132,6,87,109,71,111,7,106,117" hai3="83,0,74,48,72,55,86,31,79,121,76,101,78"/><U5/><E120/><V28/><F71/><W19/><G121/><T116/><D123/><U30/><E114/><V49/><F49/><W44/><G0/><T88/><D124/><U94/><E126/><V52/><F52/><W27/><G101/><T96/><D29/><U61/><E8/><V128/><F28/><W127/><G127/><T69/><D69/><U77/><E77/><V75/><F1/><W125/><G125/><T24/><D24/><U135/><E135/><V54/><F54/><W43/><G19/><T60/><D10/><U53/><E37/><V33/><F33/><W98/><G98/><T22/><D22/><U81/><E40/><V93/><F75/><W20/><G74/><T50/><D90/><U47/><E47/><V129/><F99/><W113/><G113/><T16/><D16/><U97/><E53/><V104/><F93/><W84/><G72/><T56/><D56/><U131/><E131/><V14/><F132/><W36/><REACH who="3" step="1"/><G84/><REACH who="3" ten="314,289,238,149" step="2"/><T134/><D134/><U3/><E97/><V130/><F129/><W35/><G35/><T34/><D34/><U89/><E32/><V102/><F102/><W18/><G18/><T67/><REACH who="0" step="1"/><D63/><REACH who="0" ten="304,289,238,149" step="2"/><U108/><E61/><V133/><F133/><W45/><AGARI ba="1,2" hai="20,27,31,36,43,44,45,48,55,76,78,79,83,86" machi="45" ten="20,2700,0" yaku="1,1,0,1,7,1,53,0" doraHai="112" doraHaiUra="64" who="3" fromWho="3" sc="304,-8,289,-14,238,-8,149,50" /><INIT seed="6,0,0,4,0,113" ten="296,275,230,199" oya="2" hai0="3,1,93,11,0,95,24,5,46,54,41,40,29" hai1="49,94,55,72,28,76,107,125,132,23,110,31,84" hai2="116,6,56,63,108,121,86,122,58,115,18,87,25" hai3="114,42,73,88,67,32,99,92,62,119,120,112,78"/><V26/><F115/><N who="3" m="44075" /><G120/><T15/><D54/><U50/><E110/><V27/><F108/><W80/><G32/><T45/><D45/><U68/><E68/><V57/><F18/><W10/><G42/><T117/><D117/><U131/><E107/><V38/><F38/><W60/><G119/><T105/><D105/><U127/><E72/><V123/><F116/><W35/><G35/><T4/><D4/><U129/><E132/><V8/><REACH who="2" step="1"/><F63/><REACH who="2" ten="296,275,220,199" step="2"/><N who="3" m="24107" /><G10/><T16/><D5/><U100/><E131/><V96/><F96/><W97/><G67/><T91/><D16/><U12/><E129/><V39/><F39/><W59/><G59/><T51/><D29/><U53/><E31/><V66/><F66/><W98/><AGARI ba="0,1" hai="73,78,80,88,92,97,98,99" m="24107,44075" machi="98" ten="30,4000,0" yaku="15,1,11,1,54,1" doraHai="113" who="3" fromWho="3" sc="296,-10,275,-10,220,-20,199,50" /><INIT seed="7,0,0,0,4,126" ten="286,265,200,249" oya="3" hai0="116,125,130,41,123,94,118,12,60,3,106,70,90" hai1="24,83,71,112,75,63,33,9,74,128,68,69,7" hai2="85,98,35,78,134,55,36,27,103,58,67,18,8" hai3="84,54,13,11,97,119,57,20,73,122,72,40,92"/><W121/><G119/><T1/><D123/><U30/><E112/><V53/><F36/><W120/><G40/><T23/><D125/><U32/><E32/><V28/><F134/><W43/><G43/><T93/><D106/><U107/><E63/><V16/><F67/><W117/><G117/><T2/><D41/><U135/><E135/><V105/><F8/><W113/><G84/><T14/><D90/><U102/><E83/><V131/><F131/><W127/><G20/><T108/><D108/><U99/><REACH who="1" step="1"/><E128/><REACH who="1" ten="286,255,200,249" step="2"/><V29/><F29/><W52/><G113/><T46/><D130/><U111/><E111/><V65/><F65/><W39/><G127/><T48/><D118/><U88/><E88/><V31/><F31/><W5/><G120/><T82/><D116/><U0/><AGARI ba="0,1" hai="0,7,9,24,30,33,68,69,71,74,75,99,102,107" machi="0" ten="30,12000,2" yaku="1,1,0,1,33,3,53,1" doraHai="126" doraHaiUra="101" who="1" fromWho="1" sc="286,-30,255,130,200,-30,249,-60" owari="256,6.0,385,48.0,170,-33.0,189,-21.0" /></mjloggm>