<mjloggm ver="2.3"><GO type="169" lobby="0"/><UN n0="%63%6C%75%74%63%68%37%33" n1="%E7%A5%9E%E9%A2%A8%E3%81%A6%E3%81%83%E3%81%A3%E3%81%97%E3%82%85" n2="%E4%B8%89%E5%86%A0%E7%8E%8B%E3%83%BB%E5%B1%B1%E7%94%B0%E5%93%B2%E4%BA%BA" n3="%75%72%61%74%61%6D%61" dan="17,16,17,16" rate="2177.45,2129.49,2204.33,2062.36" sx="M,M,M,M"/><TAIKYOKU oya="0"/><INIT seed="0,0,0,0,5,0" ten="250,250,250,250" oya="0" hai0="51,132,56,65,90,4,112,71,2,13,28,67,102" hai1="53,14,95,75,25,37,52,60,36,66,87,3,101" hai2="94,38,30,24,61,34,111,115,54,12,42,83,133" hai3="59,44,86,84,103,58,116,118,97,39,47,7,108"/><T9/><D112/><U27/><E3/><V104/><F104/><W21/><G108/><T110/><D132/><U68/><E75/><V5/><F115/><W26/><G116/><T125/><D125/><U62/><E14/><V82/><F111/><W105/><G118/><T17/><D110/><U109/><E109/><V41/><F133/><W72/><G72/><T91/><D102/><U78/><E78/><V31/><F31/><W88/><G84/><T55/><D28/><U79/><E79/><V92/><F83/><W85/><G86/><T70/><D67/><U48/><E87/><V76/><F82/><W43/><G44/><T128/><D128/><U10/><E10/><V114/><F76/><W99/><G7/><T80/><D80/><U23/><E23/><N who="2" m="15647" /><F38/><W93/><REACH who="3" step="1"/><G99/><REACH who="3" ten="250,250,250,240" step="2"/><T40/><D40/><U77/><E77/><V129/><F5/><W124/><G124/><T11/><REACH who="0" step="1"/><D65/><REACH who="0" ten="240,250,250,240" step="2"/><U107/><E66/><V123/><F42/><W73/><G73/><T126/><D126/><U74/><E74/><V6/><F41/><W130/><G130/><T69/><AGARI ba="0,2" hai="2,4,9,11,13,17,51,55,56,69,70,71,90,91" machi="69" ten="30,6000,0" yaku="1,1,0,1,52,1,53,0" doraHai="0" doraHaiUra="119" who="0" fromWho="0" sc="240,80,250,-20,250,-20,240,-20" /><INIT seed="0,1,0,4,4,73" ten="320,230,230,220" oya="0" hai0="124,89,26,69,117,130,108,46,87,88,3,119,118" hai1="70,7,90,51,78,10,83,120,125,104,38,59,81" hai2="66,74,50,53,2,91,43,134,102,115,67,52,15" hai3="96,23,68,30,20,12,99,100,19,86,98,112,18"/><T29/><D130/><U37/><E120/><V57/><F2/><W97/><G68/><T80/><D124/><U65/><E104/><V0/><F0/><W35/><G112/><T77/><D3/><U16/><E70/><V33/><F115/><W62/><G35/><T127/><D127/><U84/><E125/><V121/><F121/><W110/><G30/><T31/><D31/><U5/><E38/><V41/><F33/><W60/><G86/><T11/><D69/><U82/><E37/><V126/><F126/><W45/><G45/><T49/><D11/><U71/><E71/><V101/><F134/><W113/><G113/><T8/><D8/><U32/><E32/><V129/><F129/><W92/><REACH who="3" step="1"/><G110/><REACH who="3" ten="320,230,230,210" step="2"/><T24/><D108/><U135/><E135/><V25/><F74/><W85/><G85/><T105/><D29/><U42/><E42/><V4/><F43/><W63/><G63/><T106/><D46/><U39/><E39/><V132/><F41/><W116/><G116/><T61/><D61/><N who="1" m="38079" /><E51/><V9/><F132/><W123/><G123/><T122/><D49/><U27/><E90/><V131/><F91/><W14/><AGARI ba="1,1" hai="12,14,18,19,20,23,60,62,92,96,97,98,99,100" machi="14" ten="30,7900,0" yaku="1,1,0,1,9,1,8,1,53,0" doraHai="73" doraHaiUra="22" who="3" fromWho="3" sc="320,-40,230,-21,230,-21,210,92" /><INIT seed="1,0,0,4,5,69" ten="280,209,209,302" oya="1" hai0="28,55,26,2,92,25,3,41,135,128,106,80,131" hai1="43,124,125,71,111,22,64,46,119,13,30,116,91" hai2="4,63,21,33,107,9,78,89,58,15,16,7,97" hai3="83,40,52,104,1,20,68,56,54,132,8,66,49"/><U6/><E91/><V65/><F33/><W99/><G132/><T27/><D106/><U133/><E30/><V12/><F78/><W108/><G83/><T57/><D135/><U59/><E22/><V62/><F62/><W130/><G20/><T94/><D28/><U101/><E13/><V14/><F107/><W100/><G130/><N who="0" m="49707" /><D80/><U102/><E6/><N who="2" m="3127" /><F14/><W70/><G66/><T88/><D92/><AGARI ba="0,0" hai="4,7,15,16,21,58,63,65,89,92,97" m="3127" machi="92" ten="30,2000,0" yaku="8,1,54,1" doraHai="69" who="2" fromWho="0" sc="280,-20,209,0,209,20,302,0" /><INIT seed="2,0,0,3,5,41" ten="260,209,229,302" oya="2" hai0="62,104,122,21,95,105,84,61,112,101,106,91,89" hai1="97,134,40,54,118,128,13,29,60,114,99,120,63" hai2="129,48,69,109,121,45,57,3,6,108,68,58,65" hai3="25,74,90,100,59,46,24,67,72,39,125,2,55"/><V127/><F3/><W31/><G125/><T50/><D112/><U9/><E118/><V135/><F6/><W56/><G2/><T71/><D122/><U10/><E114/><V11/><F11/><W35/><G100/><T126/><D126/><U123/><E40/><N who="2" m="24615" /><F127/><W79/><G67/><T0/><D0/><U38/><E38/><V17/><F17/><W28/><G90/><T22/><D101/><U47/><E128/><V116/><F116/><W119/><G119/><T80/><D71/><N who="2" m="27210" /><F121/><N who="1" m="46665" /><E29/><V82/><F82/><W111/><G79/><T19/><D50/><N who="1" m="29023" /><E134/><V75/><F75/><W131/><G131/><T42/><D42/><U124/><E124/><V66/><F129/><W36/><G35/><T78/><D91/><U107/><E10/><V49/><F135/><W26/><G72/><T88/><D89/><U133/><E133/><V37/><F37/><W73/><G73/><T43/><D22/><U4/><E99/><V53/><F58/><W15/><G59/><T85/><REACH who="0" step="1"/><D43/><REACH who="0" ten="250,209,229,302" step="2"/><U14/><E14/><AGARI ba="0,1" hai="14,19,21,61,62,78,80,84,85,88,95,104,105,106" machi="14" ten="40,8000,1" yaku="1,1,2,1,54,1,53,1" doraHai="41" doraHaiUra="12" who="0" fromWho="1" sc="250,90,209,-80,229,0,302,0" /><INIT seed="3,0,0,4,3,8" ten="340,129,229,302" oya="3" hai0="87,11,101,120,25,22,76,91,44,35,52,14,126" hai1="124,114,74,117,73,21,75,46,33,78,116,53,93" hai2="109,108,4,15,86,16,28,97,61,123,118,85,69" hai3="56,107,45,79,59,133,30,90,94,32,134,106,122"/><W5/><G122/><T31/><D120/><U24/><E33/><V62/><F123/><W7/><G79/><T6/><D126/><U38/><E114/><V66/><F118/><W65/><G45/><T112/><D112/><U81/><E124/><V119/><F119/><N who="1" m="45641" /><E93/><V115/><F115/><W68/><G30/><T27/><D101/><U70/><E70/><V104/><F4/><N who="3" m="1611" /><G32/><T39/><D39/><U128/><E128/><V63/><F28/><W17/><G17/><T135/><D135/><N who="3" m="51721" /><G68/><T48/><D76/><U95/><E95/><V98/><F69/><W36/><G36/><T72/><D72/><U67/><E67/><V55/><F66/><W42/><G42/><T127/><D127/><U20/><E53/><V40/><F55/><W34/><G34/><T2/><D27/><U102/><E46/><V9/><F40/><W111/><G65/><T130/><D130/><U47/><E47/><V41/><F41/><W83/><G83/><T3/><D35/><U0/><E38/><V57/><F57/><N who="3" m="22091" /><G111/><T89/><D89/><U82/><E78/><V129/><F129/><W29/><G29/><T64/><D64/><U19/><E81/><AGARI ba="0,0" hai="2,3,6,11,14,22,25,31,44,48,52,81,87,91" machi="81" ten="30,3900,0" yaku="7,1,52,1,54,1" doraHai="8" who="0" fromWho="1" sc="340,39,129,-39,229,0,302,0" /><INIT seed="4,0,0,0,4,110" ten="379,90,229,302" oya="0" hai0="26,67,121,74,39,96,135,47,19,4,84,57,52" hai1="85,28,91,63,16,131,31,60,79,10,68,108,75" hai2="117,120,35,3,105,99,101,77,124,95,92,27,109" hai3="8,88,50,132,104,103,11,123,100,25,111,89,32"/><T133/><D74/><U116/><E116/><V40/><F40/><W119/><G119/><T90/><D121/><U13/><E108/><V14/><F14/><W129/><G111/><T62/><D4/><U43/><E131/><V41/><F41/><W82/><G132/><N who="0" m="50763" /><D96/><U102/><E102/><V45/><F3/><W18/><G123/><T2/><D2/><U94/><E43/><V58/><F99/><W36/><G36/><T37/><D47/><U106/><E106/><V33/><F45/><W86/><G104/><T127/><D127/><U130/><E130/><V83/><F105/><W1/><G89/><T20/><D67/><U70/><E70/><V42/><F124/><W9/><G1/><T93/><AGARI ba="0,0" hai="19,20,26,37,39,52,57,62,84,90,93" m="50763" machi="93" ten="30,3000,0" yaku="20,1,54,1" doraHai="110" who="0" fromWho="0" sc="379,30,90,-10,229,-10,302,-10" /><INIT seed="4,1,0,2,3,20" ten="409,80,219,292" oya="0" hai0="7,65,56,11,13,10,59,37,96,81,38,132,31" hai1="3,102,94,67,93,52,128,123,86,114,21,44,40" hai2="91,122,87,17,43,115,108,70,32,131,107,88,105" hai3="126,99,54,98,76,39,89,111,79,25,74,120,12"/><T48/><D132/><U51/><E123/><V8/><F70/><W23/><G111/><T95/><D81/><U24/><E128/><V15/><F108/><W134/><G39/><T129/><D129/><U90/><E3/><V58/><F122/><W77/><G120/><T68/><D68/><U130/><E130/><V6/><F115/><W47/><G74/><T9/><D37/><U36/><E67/><V124/><F124/><W72/><G72/><T45/><D38/><U104/><E114/><V46/><F32/><W29/><G126/><T2/><D31/><U103/><E104/><V49/><F131/><W0/><G0/><T28/><D28/><U80/><E36/><V78/><F58/><W41/><G41/><T83/><D83/><U66/><E66/><V19/><F107/><W100/><G100/><N who="1" m="38442" /><E40/><V4/><F105/><W92/><G12/><T1/><D1/><U82/><E82/><N who="2" m="47575" /><F4/><W16/><G134/><T106/><D106/><U27/><E21/><V22/><F19/><W71/><G71/><T127/><D127/><U42/><E42/><V63/><F63/><W117/><G117/><T53/><D2/><U118/><E118/><V64/><F64/><W50/><G29/><T112/><D112/><U33/><E33/><V109/><F109/><W97/><AGARI ba="1,0" hai="16,23,25,47,50,54,76,77,79,89,92,97,98,99" machi="97" ten="30,7900,0" yaku="0,1,8,1,52,1,54,1" doraHai="20" who="3" fromWho="3" sc="409,-40,80,-21,219,-21,292,82" /><INIT seed="5,0,0,1,5,61" ten="369,59,198,374" oya="1" hai0="131,82,128,57,76,49,8,69,112,70,119,25,104" hai1="29,44,20,63,91,42,115,5,60,96,103,3,79" hai2="101,124,55,4,134,75,135,11,22,36,120,100,65" hai3="117,33,37,6,121,129,10,71,56,59,47,78,80"/><U113/><E79/><V2/><F120/><W97/><G121/><T99/><D112/><N who="1" m="43083" /><E91/><V58/><F124/><W108/><G71/><T85/><D119/><U32/><E20/><V51/><F36/><W62/><G33/><T48/><D25/><N who="1" m="18479" /><E5/><V93/><F75/><W118/><G97/><T28/><D28/><U66/><E3/><V24/><F65/><W84/><G129/><N who="0" m="49739" /><D8/><U73/><E73/><V23/><F23/><W21/><G21/><T74/><D74/><U46/><E42/><V7/><F7/><W68/><G68/><N who="0" m="26219" /><D57/><N who="1" m="37135" /><E63/><V31/><REACH who="2" step="1"/><F93/><AGARI ba="0,0" hai="44,46,93,96,103" m="37135,18479,43083" machi="93" ten="30,2900,0" yaku="15,1,52,1" doraHai="61" who="1" fromWho="2" sc="369,0,59,29,198,-29,374,0" /><INIT seed="5,1,0,1,0,28" ten="369,88,169,374" oya="1" hai0="51,44,110,38,77,82,71,34,1,12,78,118,29" hai1="76,100,63,81,108,96,56,70,114,109,42,116,72" hai2="2,87,48,129,112,67,21,105,69,40,24,85,64" hai3="13,54,4,20,49,43,83,58,89,73,33,26,35"/><U14/><E116/><V36/><F36/><W74/><G74/><T95/><D110/><N who="1" m="42603" /><E70/><V123/><F105/><W121/><G121/><T60/><D38/><U45/><E114/><V113/><F2/><W97/><G43/><T19/><D1/><U122/><E122/><V41/><F123/><W133/><G133/><T66/><D118/><U61/><E14/><V6/><F6/><W128/><G128/><T7/><D7/><U10/><E10/><V62/><F129/><W94/><G73/><T98/><D82/><U84/><E72/><V127/><F127/><W68/><G68/><T91/><D29/><U11/><E11/><V130/><F130/><W126/><G126/><T16/><D19/><U3/><E3/><V132/><F132/><W107/><G107/><T120/><D120/><U102/><E56/><V31/><F112/><W22/><G83/><T88/><D91/><U80/><E81/><V39/><F69/><W86/><G97/><T90/><D90/><U0/><E0/><V104/><F31/><N who="3" m="17863" /><G4/><T59/><D71/><U9/><E9/><V125/><F113/><W18/><AGARI ba="1,0" hai="13,18,22,33,35,49,54,58,86,89,94" m="17863" machi="18" ten="30,4000,0" yaku="25,1,52,2" doraHai="28" who="3" fromWho="3" sc="369,-11,88,-21,169,-11,374,43" /><INIT seed="6,0,0,2,0,28" ten="358,67,158,417" oya="2" hai0="128,97,69,73,95,94,129,96,18,109,85,75,25" hai1="74,15,40,106,62,2,1,50,21,5,3,101,7" hai2="13,60,99,8,14,115,12,0,33,91,42,52,122" hai3="36,19,59,4,39,51,90,71,35,132,38,121,92"/><V70/><F122/><W104/><G104/><T114/><D69/><U67/><E74/><N who="0" m="28169" /><D18/><U130/><E130/><N who="0" m="50281" /><D25/><U65/><E106/><V84/><F42/><W87/><G121/><T107/><D109/><U6/><E101/><V72/><F72/><W27/><G132/><T49/><D49/><U17/><E40/><V93/><F70/><W64/><G71/><T63/><D63/><U82/><E62/><V32/><F115/><W23/><G35/><T103/><D114/><U61/><E61/><V24/><F24/><W29/><G64/><T112/><D112/><U54/><REACH who="1" step="1"/><E82/><REACH who="1" ten="358,57,158,417" step="2"/><V83/><F8/><W98/><G36/><T110/><D110/><U105/><E105/><V34/><F0/><W89/><G38/><T44/><D44/><AGARI ba="0,1" hai="1,2,3,5,6,7,15,17,21,44,50,54,65,67" machi="44" ten="50,1600,0" yaku="1,1,53,0" doraHai="28" doraHaiUra="133" who="1" fromWho="0" sc="358,-16,57,26,158,0,417,0" /><INIT seed="7,0,0,5,5,10" ten="342,83,158,417" oya="3" hai0="49,26,48,71,109,32,69,105,108,34,93,54,126" hai1="96,41,29,19,116,86,123,56,113,133,121,47,76" hai2="95,134,127,66,91,15,73,74,31,13,132,112,38" hai3="11,135,50,103,68,131,82,92,125,8,107,98,129"/><W65/><G125/><T120/><D105/><U99/><E121/><V12/><F127/><W45/><G135/><N who="2" m="51753" /><F112/><W97/><G82/><T115/><D126/><U67/><E123/><V89/><F38/><W27/><G27/><T118/><D120/><U3/><E133/><V30/><F66/><W72/><G72/><N who="2" m="27753" /><F89/><W23/><G23/><T117/><D115/><U28/><E113/><V63/><F63/><W43/><G65/><T110/><D110/><U106/><E3/><V2/><F2/><W39/><G68/><T18/><D26/><U128/><E128/><N who="3" m="49226" /><G39/><T101/><D93/><U84/><E116/><V60/><F60/><W59/><G59/><T36/><D36/><U64/><E106/><V57/><F57/><W51/><G51/><T70/><D70/><U25/><E56/><V53/><F53/><W22/><G22/><T44/><D54/><U17/><E25/><V52/><F52/><W114/><G114/><T58/><D58/><U0/><E0/><V102/><F102/><AGARI ba="0,0" hai="8,11,43,45,50,92,97,98,102,103,107" m="49226" machi="102" ten="30,1500,0" yaku="19,1" doraHai="10" who="3" fromWho="2" sc="342,0,83,0,158,-15,417,15" owari="342,14.0,83,-42.0,143,-26.0,432,54.0" /></mjloggm>