<mjloggm ver="2.3"><GO type="169" lobby="0"/><UN n0="%4C%69%53%41" n1="%E3%83%AB%E3%82%A2%E3%82%B4%E3%82%A4%E3%83%95" n2="%6B%69%79%6F%70%69%6E" n3="%E8%A1%9B%E8%97%A4%E7%BE%8E%E5%BD%A9" dan="16,17,16,16" rate="2172.22,2096.73,2130.21,2123.60" sx="F,M,M,M"/><TAIKYOKU oya="0"/><BYE who="3" /><UN n3="%E8%A1%9B%E8%97%A4%E7%BE%8E%E5%BD%A9" /><INIT seed="0,0,0,0,1,43" ten="250,250,250,250" oya="0" hai0="87,82,102,119,33,64,27,2,80,18,115,8,94" hai1="108,25,62,133,22,130,47,60,11,29,57,4,123" hai2="135,95,6,85,39,98,83,26,34,15,114,31,38" hai3="20,53,134,9,46,54,74,75,106,16,76,5,65"/><T97/><D115/><U107/><E123/><V59/><F114/><W86/><G106/><T124/><D119/><U23/><E108/><V40/><F135/><W67/><G75/><T116/><D116/><U3/><E133/><V79/><F59/><W28/><G28/><T61/><D124/><U129/><E107/><V73/><F73/><W117/><G74/><T125/><D125/><U101/><E101/><V45/><F6/><W1/><G134/><T32/><D2/><U81/><E81/><V113/><F113/><W84/><G117/><T13/><D27/><U110/><E110/><V78/><F15/><W36/><G54/><T35/><REACH who="0" step="1"/><D87/><REACH who="0" ten="240,250,250,250" step="2"/><U51/><E129/><V72/><F72/><W63/><G86/><T104/><D104/><U56/><E130/><V49/><REACH who="2" step="1"/><F79/><REACH who="2" ten="240,250,240,250" step="2"/><W48/><G76/><T77/><D77/><U105/><E25/><V92/><F92/><W24/><G84/><T111/><D111/><U12/><E105/><V88/><AGARI ba="0,2" hai="26,31,34,38,39,40,45,49,78,83,85,88,95,98" machi="88" ten="20,8000,1" yaku="1,1,0,1,7,1,52,1,54,1,53,0" doraHai="43" doraHaiUra="10" who="2" fromWho="2" sc="240,-40,250,-20,240,100,250,-20" /><INIT seed="1,0,0,5,5,61" ten="200,230,340,230" oya="1" hai0="51,43,0,11,81,56,76,49,34,121,22,73,96" hai1="23,24,25,105,30,102,4,80,26,15,86,134,29" hai2="99,125,84,82,122,68,98,20,62,41,48,87,114" hai3="6,77,126,97,32,14,106,8,88,27,13,16,123"/><U9/><E134/><V18/><F122/><W64/><G123/><T46/><D121/><U60/><E105/><V12/><F125/><W42/><G126/><T35/><D22/><U3/><E102/><V59/><F114/><W113/><G113/><T7/><REACH who="0" step="1"/><D96/><REACH who="0" ten="190,230,340,230" step="2"/><U95/><E23/><V67/><F87/><W47/><G32/><T85/><D85/><U92/><E29/><V66/><F99/><W10/><G27/><T118/><D118/><U79/><E30/><V78/><F98/><W65/><G77/><T5/><D5/><U130/><E130/><V91/><F78/><W39/><REACH who="3" step="1"/><G106/><REACH who="3" ten="190,230,340,220" step="2"/><T112/><D112/><U107/><E107/><V108/><F84/><W2/><G2/><T53/><AGARI ba="0,2" hai="0,7,11,34,35,43,46,49,51,53,56,73,76,81" machi="53" ten="30,2000,0" yaku="1,1,0,1,53,0" doraHai="61" doraHaiUra="101" who="0" fromWho="0" sc="190,40,230,-10,340,-5,220,-5" /><INIT seed="2,0,0,0,4,74" ten="230,220,335,215" oya="2" hai0="53,36,32,2,117,27,38,104,115,25,16,19,96" hai1="97,22,34,20,7,59,114,105,12,61,60,14,106" hai2="83,76,67,135,24,111,11,110,42,21,3,72,47" hai3="121,48,75,109,120,44,51,50,39,73,4,113,55"/><V134/><F67/><W49/><G109/><N who="2" m="41481" /><F11/><W84/><G39/><T128/><D2/><U131/><E131/><V79/><F3/><W10/><G113/><T133/><D96/><U70/><E34/><V58/><F58/><W87/><G75/><T102/><D102/><U52/><E114/><V6/><F6/><W81/><G73/><T122/><D104/><U40/><E40/><V26/><F79/><W85/><REACH who="3" step="1"/><G81/><REACH who="3" ten="230,220,335,205" step="2"/><T23/><D38/><U112/><E112/><V37/><F26/><W65/><G65/><T91/><D27/><U124/><E124/><V95/><F95/><W93/><G93/><T80/><D25/><U77/><E77/><V18/><AGARI ba="0,1" hai="18,21,24,37,42,47,72,76,83,134,135" m="41481" machi="18" ten="30,6000,0" yaku="14,1,10,1,52,1" doraHai="74" who="2" fromWho="2" sc="230,-20,220,-20,335,70,205,-20" /><INIT seed="2,1,0,1,1,23" ten="210,200,405,185" oya="2" hai0="127,19,0,35,71,133,33,66,108,64,78,88,86" hai1="109,17,1,63,4,50,57,104,65,96,11,70,99" hai2="85,5,34,118,2,59,67,103,25,7,77,125,94" hai3="31,134,100,112,38,56,14,68,123,32,122,46,8"/><V116/><F77/><W132/><G68/><T54/><D0/><U58/><E109/><V115/><F115/><W53/><G100/><T113/><D113/><U44/><E17/><V72/><F72/><W62/><G112/><T89/><D108/><U131/><E131/><V52/><F67/><W92/><G92/><T39/><D39/><U28/><E28/><N who="2" m="19727" /><F103/><W117/><G117/><T87/><D78/><U111/><E111/><V27/><F27/><N who="3" m="18559" /><G46/><T79/><D79/><U101/><REACH who="1" step="1"/><E96/><REACH who="1" ten="210,190,405,185" step="2"/><V30/><F30/><W55/><G122/><T80/><D19/><U48/><E48/><V102/><F118/><W42/><G38/><T81/><D127/><U60/><E60/><V119/><F125/><W105/><G123/><T22/><D133/><N who="3" m="51305" /><G42/><AGARI ba="1,1" hai="1,4,11,42,44,50,57,58,63,65,70,99,101,104" machi="42" ten="30,3900,0" yaku="1,1,7,1,53,1" doraHai="23" doraHaiUra="47" who="1" fromWho="3" sc="210,0,190,52,405,0,185,-42" /><INIT seed="3,0,0,3,5,48" ten="210,242,405,143" oya="3" hai0="84,85,89,11,71,28,53,134,87,18,77,124,25" hai1="36,65,102,112,43,113,44,24,31,10,59,62,37" hai2="125,127,4,5,129,122,79,105,66,103,49,52,30" hai3="45,80,115,116,55,75,111,67,106,118,15,47,110"/><W34/><G106/><T0/><D71/><U128/><E102/><V46/><F129/><W131/><G115/><T70/><D70/><U16/><E128/><V42/><F122/><W96/><G131/><T6/><D134/><U114/><E36/><V40/><F79/><N who="3" m="44159" /><G67/><T90/><D77/><U73/><E73/><V83/><F66/><W50/><G34/><T121/><D121/><U135/><E135/><V76/><F103/><W19/><G96/><T3/><D18/><U95/><E95/><V107/><F30/><W29/><G29/><T68/><D68/><U35/><REACH who="1" step="1"/><E112/><REACH who="1" ten="210,232,405,143" step="2"/><V94/><F94/><W119/><G119/><T74/><D74/><U12/><AGARI ba="0,1" hai="10,12,16,24,31,35,37,43,44,59,62,65,113,114" machi="12" ten="30,8000,1" yaku="1,1,2,1,0,1,54,1,53,1" doraHai="48" doraHaiUra="41" who="1" fromWho="1" sc="210,-20,232,90,405,-20,143,-40" /><INIT seed="4,0,0,5,4,106" ten="190,322,385,103" oya="0" hai0="108,85,82,30,16,39,135,121,17,3,125,28,90" hai1="99,38,124,131,102,20,54,27,22,24,61,72,113" hai2="44,112,83,8,74,55,129,80,25,51,12,103,127" hai3="9,62,56,52,117,5,132,73,97,32,94,10,26"/><T4/><D121/><U35/><E38/><V78/><F112/><W122/><G122/><T111/><D39/><U77/><E113/><V18/><F129/><W133/><G117/><T126/><D135/><N who="3" m="51785" /><G32/><T86/><D4/><U114/><E114/><V89/><F127/><N who="0" m="48650" /><D3/><U0/><E0/><V128/><F128/><W118/><G26/><T69/><D69/><U2/><E2/><V63/><F103/><N who="3" m="60855" /><G118/><T23/><D86/><U7/><E7/><V87/><F63/><W100/><G100/><T13/><D17/><U43/><E35/><V57/><F57/><W84/><G84/><T68/><D68/><U21/><E131/><V65/><F65/><W95/><G95/><T70/><D70/><U81/><E124/><V59/><F59/><W75/><G10/><T109/><AGARI ba="0,0" hai="13,16,23,28,30,82,85,90,108,109,111" m="48650" machi="109" ten="40,7800,0" yaku="10,1,18,1,54,1" doraHai="106" who="0" fromWho="0" sc="190,78,322,-26,385,-26,103,-26" /><INIT seed="4,1,0,2,3,46" ten="268,296,359,77" oya="0" hai0="106,39,92,85,3,29,45,40,128,27,115,30,77" hai1="28,127,11,19,110,80,113,1,118,120,100,37,62" hai2="82,129,9,134,84,96,15,122,109,31,51,50,108" hai3="81,131,6,123,67,14,90,8,89,34,60,66,13"/><T56/><D115/><U5/><E37/><V135/><F122/><W58/><G123/><T73/><D106/><U18/><E100/><V64/><F31/><W71/><G34/><T75/><D128/><U22/><E80/><V44/><F64/><W119/><G119/><T121/><D121/><U35/><E62/><V87/><F96/><W114/><G114/><T70/><D70/><U48/><E48/><N who="2" m="18475" /><F44/><W59/><G131/><T133/><D3/><U12/><E113/><V23/><F23/><W72/><G71/><T52/><D30/><U32/><E120/><V21/><F21/><W33/><G33/><N who="1" m="12874" /><E118/><V117/><F117/><W126/><G126/><T43/><D43/><U0/><E127/><V55/><F55/><W10/><G72/><T111/><D111/><N who="2" m="42570" /><F82/><W41/><G41/><T63/><D29/><U124/><E124/><V47/><F47/><W112/><G112/><T54/><D54/><U69/><E69/><V130/><F130/><W99/><G81/><T105/><D105/><U91/><E110/><V97/><F97/><W132/><G99/><T57/><D57/><U103/><E103/><V94/><F94/><W61/><REACH who="3" step="1"/><G132/><REACH who="3" ten="268,296,359,67" step="2"/><N who="2" m="50729" /><F129/><W98/><G98/><T116/><D116/><U2/><E28/><V107/><F107/><W24/><G24/><T76/><D27/><U79/><E0/><V26/><F26/><W78/><G78/><N who="0" m="30315" /><D133/><U65/><E79/><V36/><F36/><W17/><AGARI ba="1,1" hai="6,8,10,13,14,17,58,59,60,61,66,67,89,90" machi="17" ten="20,12000,2" yaku="1,1,0,1,7,1,9,1,8,1,53,2" doraHai="46" doraHaiUra="86" who="3" fromWho="3" sc="268,-61,296,-31,359,-31,67,133" /><INIT seed="5,0,0,2,1,36" ten="207,265,328,200" oya="1" hai0="2,96,35,134,53,4,58,89,63,78,7,12,125" hai1="112,3,113,1,135,41,91,95,81,25,29,72,51" hai2="70,9,110,57,43,10,62,5,8,60,115,93,32" hai3="111,109,46,133,79,131,68,34,83,82,98,45,56"/><U132/><E72/><V87/><F110/><W71/><G34/><T127/><D35/><U88/><E81/><V64/><F115/><N who="1" m="44105" /><E1/><V0/><F32/><W65/><G56/><T18/><D134/><N who="1" m="51243" /><E3/><V121/><F121/><W24/><G133/><T33/><D33/><N who="1" m="20655" /><E95/><V84/><F93/><W86/><G98/><T52/><D78/><U44/><AGARI ba="0,0" hai="41,44,51,88,91" m="20655,51243,44105" machi="44" ten="40,12000,1" yaku="15,1,20,1,52,1,54,1" doraHai="36" who="1" fromWho="1" sc="207,-40,265,120,328,-40,200,-40" /><INIT seed="5,1,0,5,3,51" ten="167,385,288,160" oya="1" hai0="97,131,44,10,24,54,16,93,48,71,122,80,7" hai1="75,113,102,76,78,50,69,20,18,73,11,57,85" hai2="68,22,43,42,111,112,114,79,40,108,0,135,15" hai3="38,134,1,5,86,104,12,74,46,47,62,83,41"/><U81/><E69/><V125/><F0/><W119/><G134/><T132/><D132/><U49/><E113/><N who="2" m="43627" /><F79/><W84/><G104/><T91/><D131/><U25/><E102/><V26/><F135/><W87/><G119/><T14/><D71/><U72/><E11/><V45/><F15/><W67/><G12/><T123/><REACH who="0" step="1"/><D80/><REACH who="0" ten="157,385,288,160" step="2"/><U130/><E130/><V6/><F68/><W117/><G117/><T60/><D60/><U126/><E81/><V21/><F111/><W35/><G83/><T9/><D9/><U98/><E126/><V52/><F108/><W116/><G116/><T105/><D105/><U120/><E120/><V8/><F125/><W23/><G74/><T92/><D92/><U32/><E73/><V115/><F115/><W82/><G82/><T94/><D94/><U55/><E75/><V70/><F70/><W19/><G62/><T33/><D33/><U128/><E32/><V124/><F124/><W121/><G35/><T64/><D64/><U53/><E72/><V100/><F8/><N who="3" m="2095" /><G67/><T103/><D103/><U34/><E34/><V59/><F100/><W96/><G121/><T17/><D17/><U127/><E128/><V88/><F21/><AGARI ba="1,1" hai="7,10,14,16,21,24,44,48,54,91,93,97,122,123" machi="21" ten="40,5200,0" yaku="1,1,52,1,54,1,53,0" doraHai="51" doraHaiUra="29" who="0" fromWho="2" sc="157,65,385,0,288,-55,160,0" /><INIT seed="6,0,0,5,1,22" ten="222,385,233,160" oya="2" hai0="17,1,28,32,70,8,59,27,107,23,78,0,103" hai1="125,79,43,73,100,46,120,66,15,119,95,31,65" hai2="45,132,116,131,134,5,76,67,75,14,101,62,89" hai3="135,57,104,113,50,110,18,38,26,99,7,49,87"/><V74/><F116/><W6/><G110/><T30/><D70/><U24/><E119/><V108/><F101/><W93/><G38/><T64/><D78/><U129/><E129/><V80/><F131/><W123/><G123/><T13/><D107/><U54/><E120/><V91/><F74/><W35/><G135/><N who="2" m="51753" /><F45/><W83/><G104/><T4/><D103/><U109/><E109/><V42/><F42/><W81/><G113/><T11/><D59/><U98/><E125/><V58/><F108/><W25/><G35/><T102/><D64/><U47/><E43/><V36/><F36/><W53/><G49/><T10/><D102/><U121/><E46/><V68/><F68/><W29/><G29/><N who="0" m="11371" /><D32/><U111/><E47/><V85/><F75/><W105/><G105/><T12/><D10/><AGARI ba="0,0" hai="5,10,14,58,62,67,76,80,85,89,91" m="51753" machi="10" ten="30,1500,0" yaku="20,1" doraHai="22" who="2" fromWho="0" sc="222,-15,385,0,233,15,160,0" /><INIT seed="6,1,0,1,1,63" ten="207,385,248,160" oya="2" hai0="102,56,39,70,3,65,112,42,35,127,19,107,13" hai1="15,115,81,53,36,73,101,31,47,108,34,2,122" hai2="29,64,99,21,22,94,41,86,78,1,61,11,114" hai3="23,52,10,37,38,84,97,110,54,7,106,40,28"/><V89/><F114/><W4/><G110/><T121/><D3/><U45/><E108/><V111/><F111/><W55/><G7/><T132/><D35/><U51/><E2/><V120/><F120/><W100/><G40/><T20/><D121/><U98/><E122/><V14/><F41/><W9/><G9/><T118/><D112/><U18/><E115/><V117/><F1/><W82/><G28/><T66/><D70/><U123/><E123/><V95/><F117/><W72/><G23/><T96/><D118/><U129/><E129/><V103/><F78/><W6/><G6/><T75/><D75/><U91/><E91/><V59/><REACH who="2" step="1"/><F29/><REACH who="2" ten="207,385,238,160" step="2"/><W124/><G124/><T105/><D127/><U69/><E31/><V0/><F0/><W30/><G30/><T92/><D132/><U43/><E43/><V32/><F32/><W104/><G72/><T17/><D42/><U133/><E133/><V49/><F49/><W5/><G38/><T48/><D39/><U83/><E51/><V79/><F79/><W130/><G37/><T128/><D128/><U58/><E73/><V68/><F68/><W12/><G130/><T77/><D77/><U125/><E69/><V113/><F113/><W57/><G106/><T50/><D105/><U67/><E34/><V71/><F71/><W33/><G33/><T44/><D107/><U134/><E134/><V90/><F90/><W76/><REACH who="3" step="1"/><G4/><AGARI ba="1,1" hai="4,11,14,21,22,59,61,64,86,89,94,95,99,103" machi="4" ten="30,12000,1" yaku="1,1,7,1,8,1,52,1,53,1" doraHai="63" doraHaiUra="85" who="2" fromWho="3" sc="207,0,385,0,238,133,160,-123" /><INIT seed="6,2,0,3,5,93" ten="207,385,371,37" oya="2" hai0="61,31,38,126,76,111,21,102,67,66,20,2,135" hai1="55,63,28,74,4,83,57,1,127,15,133,16,64" hai2="56,124,134,87,114,51,33,86,24,11,89,69,42" hai3="68,60,50,72,97,12,100,71,80,70,49,96,75"/><V128/><F69/><W95/><G60/><T27/><D2/><U131/><E131/><V14/><F114/><W3/><G3/><T13/><D38/><U77/><E133/><V130/><F124/><W65/><G65/><T105/><D111/><U113/><E113/><V94/><F134/><W73/><G80/><T84/><D135/><U37/><E127/><V110/><F110/><W101/><REACH who="3" step="1"/><G12/><REACH who="3" ten="207,385,371,27" step="2"/><T112/><D66/><U17/><E1/><V0/><F0/><W121/><G121/><T98/><D126/><U30/><E64/><V34/><F14/><W19/><G19/><T29/><D112/><U116/><E17/><V26/><F130/><W103/><G103/><T104/><D13/><U10/><E16/><V43/><F128/><W115/><G115/><T59/><D67/><U6/><E15/><V99/><F11/><W118/><G118/><T78/><D61/><U36/><E116/><V48/><F26/><W46/><G46/><T18/><D18/><U90/><E10/><V7/><F24/><W9/><G9/><T119/><D119/><U35/><E83/><V54/><F7/><W82/><G82/><T108/><D108/><U62/><E4/><V123/><F123/><W85/><G85/><T23/><D84/><U129/><E6/><V41/><F87/><W53/><G53/><T52/><D27/><U58/><E129/><V25/><F25/><W122/><G122/><T117/><D117/><U39/><E63/><N who="2" m="36247" /><F86/><W92/><AGARI ba="2,1" hai="49,50,68,70,71,72,73,75,92,95,96,97,100,101" machi="92" ten="40,8000,1" yaku="1,1,0,1,9,1,52,2,53,0" doraHai="93" doraHaiUra="8" who="3" fromWho="3" sc="207,-22,385,-22,371,-42,27,96" /><INIT seed="7,0,0,4,2,6" ten="185,363,329,123" oya="3" hai0="10,103,102,49,116,108,114,120,87,118,83,23,112" hai1="28,125,135,95,7,121,88,68,57,105,27,104,132" hai2="70,94,11,56,61,73,97,60,53,3,25,32,101" hai3="47,71,124,72,18,0,117,89,93,34,4,123,29"/><W109/><G123/><T40/><D23/><U107/><E121/><V1/><F73/><W17/><G117/><T131/><D120/><U130/><E68/><V119/><F119/><N who="0" m="45610" /><D49/><U15/><E130/><V69/><F3/><W37/><G124/><T30/><D30/><U67/><E125/><V113/><F113/><N who="0" m="43626" /><D40/><U90/><E90/><V91/><F61/><W65/><G72/><T96/><D131/><U2/><E2/><V81/><F32/><W98/><G109/><T63/><D63/><N who="1" m="38383" /><E15/><V115/><F115/><W74/><G74/><T133/><D108/><U51/><E51/><V100/><F25/><W41/><G71/><T86/><D133/><U59/><E7/><V55/><F55/><W129/><G129/><T39/><D39/><U82/><E27/><V54/><F54/><W77/><G77/><N who="0" m="46447" /><D10/><U22/><E22/><V43/><F43/><W99/><G65/><T58/><D58/><U31/><E59/><V110/><F110/><W16/><G34/><T45/><D45/><U111/><E111/><V76/><F1/><W44/><G44/><T48/><D48/><U24/><E132/><V126/><F126/><W14/><G29/><T92/><D87/><U66/><E31/><V8/><F70/><W127/><G127/><T52/><D52/><U64/><E135/><V21/><F21/><W33/><G33/><T84/><D84/><U62/><E66/><V5/><F69/><W35/><G35/><T38/><D38/><U12/><E64/><V75/><REACH who="2" step="1"/><F5/><REACH who="2" ten="185,363,319,123" step="2"/><W78/><G0/><T26/><D26/><U50/><E24/><V80/><F80/><RYUUKYOKU ba="0,1" sc="185,15,363,-15,319,15,123,-15" hai0="92,96,102,103" hai2="8,11,53,56,60,75,76,81,91,94,97,100,101" owari="200,-20.0,358,46.0,334,13.0,108,-39.0" /></mjloggm>