<mjloggm ver="2.3"><GO type="169" lobby="0"/><UN n0="%E3%81%BF%E3%82%86%E3%82%8D%E3%82%93" n1="%E3%81%97%E3%81%AA%E3%81%A1%E3%81%8F" n2="%E3%81%8B%E3%81%8B%E3%81%8B%E3%81%8B" n3="%54%65%61%33" dan="17,17,16,17" rate="2181.23,2128.66,2159.45,2118.26" sx="M,F,M,M"/><TAIKYOKU oya="0"/><INIT seed="0,0,0,1,3,5" ten="250,250,250,250" oya="0" hai0="60,9,108,119,76,99,0,15,49,65,50,56,87" hai1="37,58,135,81,59,30,20,46,80,83,120,122,33" hai2="19,32,23,68,6,123,7,67,18,118,129,94,104" hai3="88,3,55,97,112,132,90,86,109,45,4,38,17"/><T52/><D119/><U16/><E135/><V53/><F32/><W24/><G112/><T111/><D0/><U96/><E33/><V91/><F104/><W116/><G116/><T34/><D34/><U21/><E30/><V8/><F123/><W110/><G132/><T126/><D126/><U74/><E74/><V103/><F103/><W63/><G97/><T128/><D128/><U71/><E71/><V114/><F114/><W106/><G106/><T35/><D35/><U125/><E125/><V78/><F78/><W10/><G38/><T2/><D2/><U133/><E133/><V25/><F129/><W62/><G90/><T43/><D99/><U84/><E84/><N who="2" m="52583" /><F67/><W12/><G24/><T127/><D127/><U93/><E21/><V102/><F68/><W130/><G130/><T105/><D105/><U70/><E70/><V29/><F102/><W26/><G26/><T51/><D43/><U73/><E73/><V14/><F118/><W113/><G113/><T42/><D42/><U107/><E107/><V28/><F53/><W82/><G45/><N who="0" m="27695" /><D108/><N who="3" m="41577" /><G55/><T77/><D111/><U66/><E66/><V92/><F92/><W117/><G117/><T85/><D76/><U69/><E69/><V101/><F101/><W61/><G3/><T79/><D77/><U100/><E46/><V11/><F29/><W64/><G64/><T121/><D121/><N who="1" m="46699" /><E37/><V36/><F36/><W75/><G75/><T40/><D40/><U39/><E39/><V89/><F89/><W98/><G98/><T44/><D44/><U48/><E48/><N who="0" m="18473" /><D79/><U1/><E1/><V22/><F28/><RYUUKYOKU ba="0,0" sc="250,0,250,0,250,0,250,0" hai0="9,15,56,60,65,85,87" hai1="16,20,58,59,80,81,83,93,96,100" hai2="6,7,8,11,14,18,19,22,23,25" hai3="4,10,12,17,61,62,63,82,86,88" /><INIT seed="0,1,0,3,0,41" ten="250,250,250,250" oya="0" hai0="75,78,36,38,107,87,128,90,108,31,97,30,33" hai1="53,71,54,127,116,35,26,117,27,21,58,79,76" hai2="0,124,7,50,40,86,45,37,80,95,112,56,34" hai3="59,8,133,85,6,69,42,16,132,101,61,19,32"/><T121/><D121/><U1/><E1/><V81/><F34/><W98/><G32/><T17/><D128/><U73/><E71/><V94/><F112/><W18/><G42/><T135/><D135/><N who="3" m="51785" /><G85/><T113/><D113/><U118/><E127/><V60/><F37/><W62/><G69/><T10/><D108/><U4/><E4/><V103/><F124/><W68/><G68/><T43/><D38/><U51/><E73/><V77/><F103/><W2/><G59/><T74/><D74/><U104/><E104/><AGARI ba="1,0" hai="2,6,8,16,18,19,61,62,98,101,104" m="51785" machi="104" ten="30,2000,0" yaku="20,1,54,1" doraHai="41" who="3" fromWho="1" sc="250,0,250,-23,250,0,250,23" /><INIT seed="1,0,0,3,5,135" ten="250,227,250,273" oya="1" hai0="118,47,87,22,129,81,132,95,67,125,9,64,36" hai1="40,45,55,108,24,49,124,10,57,4,74,86,28" hai2="89,39,100,3,110,32,21,93,70,63,48,78,65" hai3="14,115,114,69,42,11,17,79,131,25,51,29,101"/><U106/><E106/><V12/><F32/><W26/><G69/><T126/><D118/><U7/><E74/><V41/><F3/><W68/><G68/><T27/><D132/><U30/><E108/><V84/><F39/><W80/><G131/><T5/><D129/><U18/><E124/><N who="0" m="47721" /><D95/><U75/><E75/><V16/><F78/><W98/><G26/><T120/><D120/><U43/><E86/><V60/><F60/><W92/><G51/><T105/><D105/><U104/><E104/><V133/><F133/><W56/><G56/><T99/><D99/><U35/><E30/><V0/><F0/><W62/><G62/><T94/><D94/><U122/><E122/><V73/><F73/><W46/><G46/><T34/><D34/><U113/><E113/><V121/><F121/><W54/><G54/><T33/><D33/><U37/><E43/><V76/><F76/><W103/><G42/><N who="0" m="22983" /><D9/><U82/><E82/><V6/><F100/><W13/><G101/><T111/><D5/><U58/><E58/><V52/><F41/><W96/><G96/><T109/><D109/><U112/><E112/><V71/><F71/><W1/><G1/><T50/><D50/><U85/><E10/><V102/><F102/><W44/><G114/><T91/><D111/><U61/><E49/><V15/><F110/><W107/><G107/><T134/><D134/><U53/><E4/><V23/><F6/><W119/><G119/><T88/><D91/><U128/><E7/><V59/><F23/><W127/><G127/><T116/><D116/><U117/><E117/><V83/><F93/><RYUUKYOKU ba="0,0" sc="250,15,227,-15,250,15,273,-15" hai0="22,27,64,67,81,87,88" hai2="12,15,16,21,48,52,59,63,65,70,83,84,89" /><INIT seed="2,1,0,1,5,54" ten="265,212,265,258" oya="2" hai0="0,3,5,11,120,51,78,10,110,4,14,6,93" hai1="85,44,75,127,111,37,101,40,65,49,97,130,92" hai2="102,109,121,99,94,70,77,61,33,27,38,81,52" hai3="26,28,132,131,84,87,29,115,66,20,108,125,113"/><V64/><F121/><W106/><G106/><T68/><D68/><U69/><E111/><V50/><F38/><W62/><G108/><T17/><D110/><U63/><E127/><V32/><F27/><W30/><G125/><T60/><D51/><U126/><E126/><V42/><F42/><W135/><G131/><T117/><D78/><U35/><E130/><V7/><F7/><N who="0" m="2634" /><D60/><U8/><E75/><V67/><F67/><W73/><G73/><T16/><D93/><U76/><E8/><V25/><F25/><W1/><G1/><N who="0" m="587" /><D120/><U34/><REACH who="1" step="1"/><E37/><REACH who="1" ten="265,202,265,258" step="2"/><V129/><F129/><W2/><G2/><N who="0" m="343" /><D117/><U55/><E55/><V134/><F109/><W103/><G113/><T57/><D57/><U46/><E46/><V119/><F119/><W45/><G45/><T95/><D95/><U91/><E91/><V123/><F123/><W96/><G115/><T31/><D31/><U58/><E58/><V116/><F116/><W89/><G30/><T112/><D112/><U74/><E74/><V122/><F122/><W86/><G29/><T18/><AGARI ba="1,1" hai="11,14,16,17,18" m="343,587,2634" machi="18" ten="30,12000,2" yaku="35,5,54,1" doraHai="54" who="0" fromWho="0" sc="265,133,202,-31,265,-61,258,-31" /><INIT seed="3,0,0,4,2,71" ten="398,171,204,227" oya="3" hai0="25,47,49,6,9,27,16,3,114,24,92,46,70" hai1="8,40,54,36,77,74,28,99,62,48,32,61,41" hai2="113,29,60,90,21,127,108,7,76,44,86,83,65" hai3="1,11,56,117,134,126,94,19,107,103,55,69,22"/><W97/><G117/><T85/><D70/><U17/><E74/><V89/><F113/><W59/><G69/><T118/><D118/><U129/><E77/><V110/><F7/><W111/><G134/><T93/><D114/><U98/><E129/><V132/><F127/><W64/><G126/><T39/><D85/><U15/><E32/><V57/><F132/><W105/><G111/><N who="2" m="42537" /><F44/><W45/><G45/><T87/><D87/><U34/><E28/><V18/><F29/><W123/><G123/><T10/><D46/><U26/><E34/><V88/><F89/><W128/><G128/><T106/><D106/><U37/><E26/><AGARI ba="0,0" hai="18,21,26,57,60,65,76,83,86,88,90" m="42537" machi="26" ten="30,2000,0" yaku="14,1,54,1" doraHai="71" who="2" fromWho="1" sc="398,0,171,-20,204,20,227,0" /><INIT seed="4,0,0,5,1,101" ten="398,151,224,227" oya="0" hai0="93,20,107,130,97,86,84,132,72,96,32,2,64" hai1="134,13,119,123,52,77,102,73,3,27,19,104,92" hai2="47,70,83,88,7,39,124,58,125,65,10,9,50" hai3="126,95,60,82,34,128,36,31,53,91,29,26,103"/><T79/><D32/><U105/><E123/><V48/><F70/><W23/><G36/><T0/><D132/><U114/><E119/><V106/><F39/><W110/><G110/><T30/><D130/><U56/><E3/><V80/><F106/><W135/><G128/><T35/><D35/><U129/><E129/><V57/><F65/><W109/><G109/><T25/><D64/><U4/><E4/><V37/><F37/><W131/><G131/><T115/><D115/><U100/><E134/><V38/><F38/><W66/><G126/><T89/><D97/><U17/><E114/><V99/><F99/><W116/><G103/><N who="0" m="62951" /><D86/><U41/><E41/><V6/><REACH who="2" step="1"/><F47/><REACH who="2" ten="398,151,214,227" step="2"/><W63/><G135/><T74/><D74/><U49/><E73/><V43/><F43/><W15/><G66/><T76/><D76/><U113/><E77/><V133/><F133/><W108/><G108/><T54/><D54/><U68/><E68/><V71/><F71/><W122/><G53/><T40/><D40/><U1/><E113/><V94/><F94/><W61/><G95/><T16/><D79/><U22/><E92/><V111/><F111/><W59/><G122/><T85/><D72/><U28/><E104/><V62/><F62/><W12/><G60/><T98/><D98/><U67/><E67/><V24/><F24/><W87/><G61/><T121/><D121/><U55/><E55/><V42/><F42/><W14/><G63/><T18/><D85/><U75/><E75/><V44/><F44/><W78/><G78/><T117/><D117/><U69/><E105/><V120/><F120/><RYUUKYOKU ba="0,1" sc="398,15,151,-15,214,15,227,-15" hai0="0,2,16,18,20,25,30,84,89,93" hai2="6,7,9,10,48,50,57,58,80,83,88,124,125" /><INIT seed="4,1,1,4,0,67" ten="413,136,229,212" oya="0" hai0="80,92,111,103,4,16,33,1,58,32,97,89,122" hai1="120,91,72,61,110,70,65,41,130,47,30,100,123" hai2="105,35,133,127,51,12,62,34,68,106,124,24,7" hai3="66,83,59,60,131,94,55,26,118,99,56,15,42"/><T46/><D122/><U76/><E110/><V87/><F133/><W73/><G118/><T115/><D115/><U43/><E130/><V10/><F51/><W54/><G131/><T77/><D111/><U57/><E100/><V84/><F84/><W108/><G42/><T36/><D58/><U45/><E30/><V134/><F87/><W53/><G108/><T27/><D36/><N who="1" m="21671" /><E76/><V75/><F75/><W11/><G26/><T86/><D46/><U2/><E91/><V121/><F121/><N who="1" m="46665" /><E2/><V117/><F117/><W126/><G126/><N who="2" m="48169" /><F134/><W48/><G73/><N who="0" m="43055" /><D4/><U81/><E81/><V0/><F12/><W101/><REACH who="3" step="1"/><G83/><REACH who="3" ten="413,136,229,202" step="2"/><T9/><D27/><U71/><E72/><V39/><F24/><W107/><G107/><N who="2" m="40969" /><F39/><AGARI ba="1,2" hai="39,43,47,57,61,65,70,71" m="46665,21671" machi="39" ten="30,7700,0" yaku="34,2,52,2" doraHai="67" who="1" fromWho="2" sc="413,0,136,100,229,-80,202,0" /><INIT seed="5,0,0,4,2,75" ten="413,236,149,202" oya="1" hai0="13,45,111,112,60,134,80,26,43,93,125,79,11" hai1="54,20,30,61,110,49,57,67,102,108,81,48,3" hai2="25,128,84,37,27,98,73,5,103,126,130,117,34" hai3="91,65,116,109,46,6,15,52,78,76,28,120,40"/><U127/><E3/><V122/><F73/><W77/><G120/><T96/><D111/><N who="1" m="42539" /><E127/><V132/><F37/><W32/><G65/><T95/><D125/><U82/><E102/><V123/><F126/><W129/><G109/><T106/><D112/><U114/><E114/><V56/><F5/><W92/><G129/><N who="2" m="49769" /><F56/><W64/><G64/><T50/><D134/><U16/><E30/><V58/><F58/><W113/><G113/><T17/><D60/><U74/><E74/><V21/><F34/><W104/><G104/><T94/><D26/><N who="2" m="9738" /><F21/><W97/><G116/><T35/><D35/><U2/><E2/><V88/><F117/><W90/><G32/><T85/><D106/><U87/><E67/><V118/><F132/><W121/><G121/><T18/><D18/><U55/><E55/><V8/><F8/><N who="3" m="4503" /><G28/><T10/><D10/><U86/><E61/><V105/><F118/><W131/><G131/><T29/><D29/><U53/><E53/><V9/><F9/><W4/><G4/><T1/><D1/><U39/><E39/><V12/><F12/><W47/><G40/><T7/><D17/><U135/><E135/><V59/><F59/><W68/><G68/><T0/><D0/><U124/><E124/><V107/><F107/><W44/><G52/><T31/><D31/><U62/><E62/><V41/><F41/><W36/><G36/><T133/><D133/><U100/><E57/><V115/><F115/><W66/><G66/><T14/><D14/><U70/><E70/><V24/><N who="2" m="9746" /><V23/><DORA hai="19" /><F23/><W38/><G38/><T51/><D51/><RYUUKYOKU ba="0,0" sc="413,10,236,-30,149,10,202,10" hai0="7,11,13,43,45,50,79,80,85,93,94,95,96" hai2="84,88,98,103,105,122,123" hai3="44,46,47,76,77,78,90,91,92,97" /><INIT seed="6,1,0,4,5,95" ten="423,206,159,212" oya="2" hai0="50,45,41,35,97,17,121,73,67,56,43,89,92" hai1="11,119,118,39,84,64,133,54,55,30,6,103,96" hai2="57,134,82,42,26,94,130,27,102,3,81,79,34" hai3="21,87,62,5,109,76,101,52,115,20,113,88,74"/><V24/><F130/><W80/><G109/><T0/><D121/><U72/><E39/><V129/><F129/><W117/><G117/><T15/><D0/><U131/><E72/><V124/><F124/><W7/><G101/><T126/><D35/><U127/><E131/><V93/><F134/><W44/><G20/><N who="0" m="11327" /><D73/><U61/><E127/><V100/><F34/><W86/><G21/><T111/><D111/><U70/><E133/><V28/><F28/><W59/><G44/><T31/><D31/><U32/><E84/><V120/><F3/><W132/><G132/><T13/><D13/><U112/><E112/><N who="3" m="43082" /><G74/><T91/><D126/><U53/><E30/><V77/><F24/><W33/><G33/><T123/><D123/><U18/><E32/><V58/><REACH who="2" step="1"/><F42/><REACH who="2" ten="423,206,149,212" step="2"/><W104/><G104/><T8/><D43/><U4/><E118/><V40/><F40/><W135/><G135/><T98/><D41/><U25/><E119/><V66/><F66/><W114/><G114/><T14/><D67/><U38/><E25/><V2/><F2/><W69/><G69/><T60/><D14/><U9/><E70/><V110/><F110/><W71/><G71/><T12/><D12/><U16/><E64/><V65/><F65/><W128/><G128/><T23/><D8/><U116/><E116/><V22/><F22/><W105/><G105/><T75/><D23/><U49/><E11/><V10/><F10/><W46/><G46/><T47/><D45/><U19/><E9/><V85/><F85/><W83/><AGARI ba="1,1" hai="5,7,52,59,62,76,80,83,86,87,88" m="43082" machi="83" ten="30,7900,0" yaku="15,1,11,1,54,2" doraHai="95" who="3" fromWho="3" sc="423,-21,206,-21,149,-40,212,92" /><INIT seed="7,0,0,2,5,42" ten="402,185,109,304" oya="3" hai0="12,22,76,75,62,100,109,125,29,133,83,89,101" hai1="92,45,87,135,103,11,126,93,49,25,2,36,111" hai2="33,94,48,70,46,5,122,119,0,68,1,132,14" hai3="61,23,35,110,72,38,47,117,18,10,28,56,60"/><W20/><G117/><T131/><D109/><U54/><E111/><V82/><F119/><W43/><G110/><T91/><D133/><U112/><E36/><V44/><F33/><W128/><G128/><T121/><D125/><U85/><E135/><V4/><F132/><W59/><G72/><T24/><D121/><U65/><E112/><V34/><F34/><W129/><G129/><T31/><D131/><U52/><E65/><V53/><F122/><W120/><G120/><T90/><D31/><U106/><E106/><V118/><F118/><W80/><G35/><T26/><D26/><U98/><E25/><V115/><F115/><W78/><G28/><T13/><REACH who="0" step="1"/><D62/><REACH who="0" ten="392,185,109,304" step="2"/><U84/><E126/><V40/><F14/><AGARI ba="0,1" hai="12,13,14,22,24,29,75,76,83,89,90,91,100,101" machi="14" ten="40,2600,0" yaku="1,1,2,1,53,0" doraHai="42" doraHaiUra="55" who="0" fromWho="2" sc="392,36,185,0,109,-26,304,0" owari="428,53.0,185,-21.0,83,-42.0,304,10.0" /></mjloggm>