<mjloggm ver="2.3"><GO type="169" lobby="0"/><UN n0="%E8%A5%BF%E5%B2%A1%E8%82%B2%E6%9C%AA%E2%99%AA" n1="%E3%81%A6%E3%82%93%E3%81%A6%E3%81%93%E7%8B%90" n2="%E3%81%B2%E3%81%90%E3%81%A1" n3="%4E%4F%2E%E2%85%A0" dan="16,16,17,16" rate="2115.61,2173.14,2239.35,2237.11" sx="F,M,M,M"/><TAIKYOKU oya="0"/><INIT seed="0,0,0,2,5,117" ten="250,250,250,250" oya="0" hai0="19,131,132,62,122,41,73,8,124,134,4,126,27" hai1="65,36,38,67,50,128,1,75,92,69,31,119,11" hai2="85,125,123,76,104,15,0,21,26,59,43,98,83" hai3="86,33,77,3,37,114,55,72,80,44,13,89,74"/><T113/><D73/><U129/><E75/><V103/><F0/><W56/><G114/><T23/><D41/><U106/><E106/><V90/><F125/><N who="0" m="48234" /><D62/><U51/><E119/><V68/><F68/><W29/><G3/><N who="0" m="31" /><D113/><U30/><E92/><V46/><F15/><W95/><G13/><T9/><D9/><U66/><E11/><V12/><F12/><W116/><G116/><T87/><D87/><U6/><E1/><V53/><F76/><W115/><G115/><T52/><D52/><U78/><E78/><V40/><F46/><W91/><G72/><T110/><D122/><U28/><E6/><V39/><F39/><W84/><G44/><T127/><N who="0" m="48242" /><T61/><DORA hai="107" /><D61/><U101/><E101/><V42/><F123/><W58/><G37/><N who="1" m="14442" /><E69/><V108/><F53/><W99/><G55/><T102/><D102/><U63/><E63/><V25/><F42/><W81/><REACH who="3" step="1"/><G86/><REACH who="3" ten="250,250,250,240" step="2"/><T22/><D110/><U105/><E105/><V60/><F108/><W109/><G109/><T7/><D7/><U14/><E14/><V49/><F43/><W82/><G82/><T5/><D5/><U121/><E121/><V130/><F40/><W70/><G70/><T118/><D118/><U54/><E54/><V34/><F85/><W18/><G18/><N who="0" m="12759" /><D131/><AGARI ba="0,1" hai="28,30,31,50,51,65,66,67,128,129,131" m="14442" machi="131" ten="40,5200,0" yaku="28,2,19,1" doraHai="117,107" who="1" fromWho="0" sc="250,-52,250,62,250,0,240,0" /><INIT seed="1,0,0,5,5,92" ten="198,312,250,240" oya="1" hai0="53,98,85,0,107,131,77,40,4,132,30,42,5" hai1="104,45,128,99,18,8,133,88,51,82,123,119,25" hai2="118,90,24,79,103,71,101,91,72,28,9,86,94" hai3="15,31,84,41,81,1,78,102,62,105,127,46,75"/><U114/><E114/><V95/><F71/><W111/><G111/><T32/><D131/><U26/><E119/><V135/><F118/><W3/><G127/><T68/><D68/><U64/><E123/><V115/><F115/><W59/><G31/><T129/><D129/><U54/><E128/><V100/><F9/><W70/><G70/><T76/><D53/><U19/><E133/><V49/><F49/><W57/><G75/><T27/><D132/><U122/><E122/><V126/><F135/><W43/><G15/><T17/><D17/><U12/><E64/><V112/><F112/><W56/><G62/><T14/><D0/><U83/><E19/><V29/><F29/><W20/><G20/><T16/><D42/><U109/><E109/><V130/><F130/><W55/><G55/><T67/><D40/><U13/><E13/><V65/><F65/><W74/><G74/><T125/><D125/><U89/><E82/><N who="2" m="45415" /><F24/><W134/><G41/><T22/><D77/><U63/><E63/><V33/><F33/><W39/><REACH who="3" step="1"/><G134/><REACH who="3" ten="198,312,250,230" step="2"/><T120/><D67/><U106/><E25/><V52/><F52/><W7/><G7/><T73/><D73/><U108/><E26/><V124/><F28/><W38/><G38/><T21/><D120/><U37/><E37/><V10/><F10/><W35/><G35/><T2/><D32/><U11/><E11/><V121/><F121/><W6/><G6/><T58/><D2/><U44/><E108/><V97/><AGARI ba="0,1" hai="86,90,91,94,95,97,100,101,103,124,126" m="45415" machi="97" ten="30,4000,0" yaku="34,2,52,1" doraHai="92" who="2" fromWho="2" sc="198,-10,312,-20,250,50,230,-10" /><INIT seed="2,0,0,2,5,22" ten="188,292,300,220" oya="2" hai0="81,17,59,97,82,67,61,48,7,12,86,28,63" hai1="78,42,32,40,117,65,11,62,2,120,54,15,9" hai2="68,87,25,0,128,109,115,69,118,58,123,106,119" hai3="126,19,89,73,85,91,76,110,21,5,124,116,105"/><V134/><RYUUKYOKU type="yao9" ba="0,0" sc="188,0,292,0,300,0,220,0" hai2="0,25,58,68,69,87,106,109,115,118,119,123,128,134" /><INIT seed="2,1,0,2,3,46" ten="188,292,300,220" oya="2" hai0="126,116,68,59,125,70,5,115,38,60,96,39,56" hai1="3,76,65,6,21,83,74,69,55,7,67,106,84" hai2="98,114,128,99,77,117,28,0,2,15,44,113,37" hai3="79,82,51,104,52,112,23,134,64,81,129,53,123"/><V132/><F117/><W100/><G123/><T80/><D80/><U63/><E106/><V25/><F128/><W95/><G129/><T31/><D96/><U131/><E131/><V133/><F77/><W29/><G134/><N who="2" m="51817" /><F98/><N who="3" m="59487" /><G104/><T122/><D5/><U12/><E3/><N who="2" m="1067" /><F99/><W27/><G64/><N who="0" m="38919" /><D31/><U24/><E67/><V102/><F102/><W109/><G109/><T108/><D122/><U97/><E97/><V88/><F88/><W47/><G112/><T1/><D1/><U49/><E12/><V58/><F58/><N who="3" m="33055" /><G79/><T33/><D33/><U120/><E120/><V85/><F85/><W16/><G29/><T36/><D108/><U87/><E84/><V72/><F72/><W40/><G40/><T10/><D115/><U66/><E87/><V32/><F15/><W107/><G107/><T78/><D78/><U86/><E86/><V57/><F57/><W73/><G73/><T93/><D93/><U89/><E89/><V26/><F26/><W94/><G94/><T30/><D116/><U48/><E76/><V61/><F61/><W54/><G54/><T121/><D121/><U20/><E74/><V124/><F124/><N who="0" m="47722" /><D59/><U62/><E24/><V17/><F32/><W101/><G101/><T13/><D30/><U110/><E110/><V71/><F71/><W35/><G35/><T118/><D118/><U119/><E69/><V41/><F28/><W103/><G103/><T45/><D45/><U91/><E91/><V75/><F75/><W22/><G23/><AGARI ba="1,0" hai="17,23,25,37,41,44,113,114" m="1067,51817" machi="23" ten="30,1500,0" yaku="20,1" doraHai="46" who="2" fromWho="3" sc="188,0,292,0,300,18,220,-18" /><INIT seed="2,2,0,4,2,81" ten="188,292,318,202" oya="2" hai0="82,135,1,126,68,89,88,36,83,53,111,64,51" hai1="117,113,116,98,72,50,18,62,41,92,102,24,100" hai2="96,90,122,2,33,26,69,12,58,114,76,134,16" hai3="84,30,10,52,129,23,34,19,39,77,115,25,38"/><V4/><F69/><W63/><G129/><T74/><D36/><U127/><E113/><V97/><F122/><W8/><G115/><T119/><D1/><U132/><E72/><V6/><F114/><W78/><G39/><T47/><D111/><U31/><E132/><V73/><F134/><W9/><G38/><T105/><D105/><U125/><E18/><V87/><F73/><W20/><G34/><T123/><D123/><U0/><E0/><V70/><F70/><W67/><G84/><N who="0" m="50199" /><D74/><U93/><E62/><V32/><F76/><W45/><G67/><T5/><D5/><U99/><E50/><V27/><F2/><W55/><G45/><T118/><D135/><U128/><E41/><V29/><F4/><W7/><G7/><T131/><D126/><U86/><E128/><V35/><F6/><W3/><G3/><T48/><D51/><U130/><E130/><V21/><F58/><N who="3" m="35271" /><G55/><T59/><D68/><U17/><E17/><V42/><F42/><W106/><G106/><T46/><D64/><U60/><E60/><V28/><F35/><W44/><G44/><T43/><D131/><U56/><E56/><V91/><F91/><W66/><G66/><T15/><D46/><U121/><E121/><V124/><F124/><W109/><G109/><T110/><D110/><U101/><E127/><V107/><F107/><W65/><G65/><T49/><D89/><N who="1" m="53303" /><E125/><V37/><F37/><W104/><G104/><T13/><D83/><AGARI ba="2,0" hai="12,16,21,26,27,28,29,32,33,83,87,90,96,97" machi="83" ten="30,11600,0" yaku="7,1,9,1,52,1,54,1" doraHai="81" who="2" fromWho="0" sc="188,-122,292,0,318,122,202,0" /><INIT seed="2,3,0,4,1,116" ten="66,292,440,202" oya="2" hai0="51,108,79,56,66,131,50,102,47,30,109,95,118" hai1="78,86,101,46,100,121,73,133,104,134,128,17,103" hai2="74,72,21,117,97,71,6,122,130,52,55,24,94" hai3="23,113,111,5,96,120,37,38,106,85,75,135,119"/><V35/><F117/><W76/><G23/><T16/><D118/><U65/><E65/><V59/><F71/><W25/><G25/><T12/><D131/><U92/><E46/><V64/><F35/><W70/><G85/><T123/><D30/><U60/><E60/><V19/><F130/><W114/><G96/><N who="0" m="59679" /><D79/><U32/><E17/><V82/><F6/><W98/><G98/><T49/><D123/><U44/><E44/><V54/><F122/><W126/><G76/><T53/><D109/><U132/><E32/><V22/><F82/><W127/><G5/><T58/><D108/><U20/><E20/><V10/><F10/><W91/><G91/><T57/><D66/><U69/><E69/><V28/><F64/><W14/><G14/><T42/><D42/><U18/><E18/><V83/><F83/><W26/><G26/><T67/><D67/><U61/><E61/><V105/><F105/><W27/><G27/><T3/><D3/><U39/><E39/><V110/><F110/><W29/><G29/><T90/><D90/><N who="1" m="53335" /><E128/><V115/><F115/><W2/><G37/><T84/><D84/><U7/><E7/><V31/><F59/><N who="0" m="15106" /><T99/><DORA hai="48" /><D99/><N who="1" m="61471" /><E121/><V1/><F1/><W11/><G11/><AGARI ba="3,0" hai="11,12,16,47,49,50,51,53" m="15106,59679" machi="11" ten="30,3900,0" yaku="8,1,52,1,54,1" doraHai="116,48" who="0" fromWho="3" sc="66,48,292,0,440,0,202,-48" /><INIT seed="3,0,0,0,1,43" ten="114,292,440,154" oya="3" hai0="66,60,53,129,37,123,99,134,46,132,107,26,133" hai1="100,62,1,88,69,96,101,59,7,20,19,49,47" hai2="18,4,74,114,81,120,28,2,33,79,92,8,122" hai3="17,24,45,14,22,109,105,29,21,58,116,94,54"/><W63/><G116/><T10/><D123/><N who="2" m="47146" /><F114/><W121/><G105/><T75/><D75/><U48/><E48/><V27/><F92/><W102/><G121/><T124/><D124/><U41/><E69/><V127/><F18/><W57/><G109/><T11/><D129/><U5/><E88/><V89/><F89/><W84/><G84/><T12/><D26/><U64/><E1/><V70/><F70/><W72/><G72/><T83/><D83/><U108/><E108/><V51/><F51/><N who="3" m="29039" /><G63/><T91/><D12/><U119/><E119/><V117/><F117/><W78/><G78/><T35/><D35/><U68/><E68/><V126/><AGARI ba="0,0" hai="2,4,8,27,28,33,74,79,81,126,127" m="47146" machi="126" ten="30,2000,0" yaku="13,1,23,1" doraHai="43" who="2" fromWho="2" sc="114,-5,292,-5,440,20,154,-10" /><INIT seed="4,0,0,3,2,45" ten="109,287,460,144" oya="0" hai0="1,117,124,25,10,81,46,51,97,105,87,50,120" hai1="62,101,64,104,35,93,102,96,54,77,131,5,73" hai2="28,26,84,114,41,122,48,44,7,14,33,20,112" hai3="65,126,75,82,32,19,38,16,116,134,39,127,4"/><T125/><D117/><U42/><E131/><V118/><F122/><W130/><G116/><T6/><D120/><U90/><E35/><V61/><F118/><W58/><G32/><T67/><D67/><U111/><E111/><V69/><F84/><W76/><G4/><T30/><D97/><U24/><E42/><V133/><F133/><W23/><G130/><T34/><D105/><U37/><E37/><V21/><F7/><W3/><G3/><T0/><D0/><U66/><E24/><V15/><F69/><W108/><G108/><T85/><D85/><N who="1" m="52431" /><E5/><V9/><F61/><N who="3" m="38071" /><G134/><T89/><REACH who="0" step="1"/><D46/><REACH who="0" ten="99,287,460,144" step="2"/><U106/><E106/><V74/><F44/><W110/><G110/><T99/><D99/><U109/><E109/><V91/><F112/><W57/><G57/><T43/><D43/><U49/><E102/><V103/><F41/><W83/><G39/><T22/><D22/><U13/><E66/><V80/><F21/><W17/><G38/><T27/><D27/><U98/><E98/><V59/><F103/><W56/><G56/><T88/><D88/><U115/><E115/><V94/><F91/><W11/><G23/><T79/><D79/><U129/><E129/><V119/><F20/><W55/><G82/><T70/><D70/><N who="1" m="42263" /><E13/><V36/><F26/><W132/><G132/><T100/><D100/><U31/><E96/><V47/><F59/><W8/><G55/><T52/><D52/><U29/><E101/><V60/><F47/><W68/><G68/><T128/><D128/><U18/><E104/><V71/><F119/><W40/><G40/><T92/><D92/><RYUUKYOKU ba="0,1" sc="99,15,287,-15,460,-15,144,15" hai0="1,6,10,25,30,34,50,51,81,87,89,124,125" hai3="8,11,16,17,19,75,76,83,126,127" /><INIT seed="4,1,1,5,0,31" ten="114,272,445,159" oya="0" hai0="49,13,12,58,59,68,39,101,62,130,53,47,73" hai1="107,34,113,95,18,10,9,41,87,21,60,57,45" hai2="20,90,80,114,66,112,40,37,103,7,121,123,122" hai3="126,108,28,88,96,61,25,74,110,14,92,120,44"/><T27/><D73/><U125/><E107/><V76/><F103/><W97/><G126/><T36/><D130/><U72/><E72/><V50/><F66/><W16/><G120/><T75/><D75/><U102/><E34/><V128/><F128/><W117/><G117/><T124/><D124/><U115/><E125/><V84/><F37/><W33/><G74/><T11/><D68/><U48/><E102/><V100/><F100/><W51/><G61/><T8/><D101/><U26/><E95/><V91/><F7/><W89/><G89/><T78/><D78/><U111/><E87/><V17/><F40/><W133/><G97/><T46/><D27/><U93/><E93/><V0/><F50/><W64/><G64/><T85/><D85/><U56/><E111/><V30/><F30/><W2/><G2/><T98/><D98/><U5/><E9/><N who="0" m="3657" /><D36/><U77/><E77/><V79/><F0/><W43/><REACH who="3" step="1"/><G133/><REACH who="3" ten="114,272,445,149" step="2"/><T6/><D6/><U135/><E135/><V54/><F79/><W86/><G86/><T71/><D71/><U94/><E60/><V118/><F90/><W106/><G106/><T42/><D62/><U63/><E63/><V81/><F91/><W24/><G24/><T83/><D83/><U38/><E94/><V119/><F81/><W1/><G1/><T127/><D127/><U52/><E5/><V70/><F70/><W129/><G129/><T132/><D132/><U134/><E134/><V4/><F122/><W104/><G104/><T99/><D99/><U23/><E26/><V22/><F123/><W35/><G35/><T3/><D3/><RYUUKYOKU ba="1,2" sc="114,15,272,-15,445,-15,149,15" hai0="12,13,39,42,46,47,49,53,58,59" hai3="14,16,25,28,33,43,44,51,88,92,96,108,110" /><INIT seed="4,2,2,4,4,52" ten="129,257,430,164" oya="0" hai0="90,75,73,79,65,7,61,17,86,128,134,131,113" hai1="45,37,70,33,83,8,64,124,80,66,130,74,35" hai2="1,93,104,41,105,82,36,19,32,59,58,55,76" hai3="109,85,12,108,110,11,21,50,121,39,30,117,10"/><T119/><D119/><U2/><E83/><V51/><F32/><W125/><G39/><T126/><D113/><U106/><E106/><V88/><F1/><W135/><G117/><T14/><D7/><U20/><E20/><V15/><F58/><W133/><G85/><T62/><D126/><U53/><E130/><N who="0" m="49705" /><D134/><N who="3" m="51209" /><G50/><T129/><N who="0" m="49713" /><T114/><DORA hai="103" /><D114/><U5/><E53/><V60/><F36/><W91/><G91/><T48/><D48/><U97/><E97/><V99/><F41/><W25/><G125/><T42/><D42/><N who="1" m="22735" /><E124/><V132/><F51/><W116/><G116/><T89/><D89/><U122/><E122/><V57/><F57/><W9/><G121/><T27/><D27/><U115/><E115/><V63/><F63/><N who="0" m="24074" /><D65/><N who="1" m="25195" /><E70/><V47/><F47/><W127/><G127/><T96/><D96/><U98/><E98/><V40/><F40/><W101/><G101/><T68/><D68/><U44/><E44/><V43/><F43/><W34/><G34/><T29/><D29/><U92/><E33/><V84/><F132/><W26/><G25/><T78/><D90/><U46/><E35/><V87/><F99/><W0/><G0/><T49/><D49/><U4/><E46/><V112/><F112/><W94/><G94/><T102/><D102/><U6/><E92/><V24/><F24/><W3/><G3/><T77/><D86/><U22/><E2/><V69/><F69/><W28/><G30/><T56/><D56/><U18/><E4/><AGARI ba="2,2" hai="4,9,10,11,12,21,26,28,108,109,110" m="51209" machi="4" ten="40,5200,0" yaku="20,1,34,2" doraHai="52,103" who="3" fromWho="1" sc="129,0,257,-58,430,0,164,78" /><INIT seed="5,0,0,4,3,94" ten="129,199,430,242" oya="1" hai0="74,63,3,86,0,110,70,89,29,56,21,51,18" hai1="7,102,47,81,95,24,38,44,8,43,129,112,84" hai2="73,65,34,130,25,128,126,77,72,46,64,92,88" hai3="115,118,2,107,134,79,23,123,42,30,76,108,39"/><U99/><E112/><V31/><F126/><W75/><G23/><T52/><D74/><N who="2" m="28778" /><F46/><W80/><G80/><T117/><D110/><U19/><E129/><N who="2" m="49771" /><F77/><W58/><G58/><T68/><D29/><U131/><E131/><V40/><F40/><W61/><G42/><T35/><D35/><U119/><E119/><V132/><F132/><W22/><G30/><T45/><D117/><U133/><E133/><V12/><F12/><W66/><G79/><T127/><D127/><U20/><E38/><V87/><AGARI ba="0,0" hai="25,31,34,64,65,87,88,92" m="49771,28778" machi="87" ten="30,2000,0" yaku="19,1,54,1" doraHai="94" who="2" fromWho="2" sc="129,-5,199,-10,430,20,242,-5" /><INIT seed="6,0,0,4,2,88" ten="124,189,450,237" oya="2" hai0="74,130,70,80,64,36,46,56,123,59,117,35,10" hai1="30,8,13,91,4,63,51,94,121,122,50,34,53" hai2="20,125,21,116,41,92,27,131,118,73,108,126,76" hai3="15,133,12,114,113,38,128,39,107,96,11,129,66"/><V86/><F41/><W134/><G66/><T17/><D35/><U77/><E77/><V111/><F73/><W3/><G96/><T109/><D109/><N who="2" m="42058" /><F76/><W48/><G48/><T14/><D123/><U44/><E63/><V98/><F86/><W71/><G107/><T9/><D130/><N who="3" m="50281" /><G71/><T101/><D117/><U24/><REACH who="1" step="1"/><E51/><REACH who="1" ten="124,179,450,237" step="2"/><V127/><F116/><W120/><G120/><T68/><D74/><U95/><E95/><V23/><F118/><W82/><G82/><T42/><D80/><U37/><E37/><V89/><F131/><W26/><G38/><T84/><D68/><U104/><E104/><V112/><F112/><N who="3" m="43115" /><G39/><T78/><D70/><U57/><E57/><V102/><F102/><W62/><G62/><T28/><D101/><U54/><E54/><V32/><F32/><W0/><G134/><T7/><D59/><U83/><E83/><V55/><F55/><W87/><G133/><T110/><D56/><U85/><AGARI ba="0,1" hai="4,8,13,24,30,34,44,50,53,85,91,94,121,122" machi="85" ten="30,7900,0" yaku="1,1,0,1,52,1,53,1" doraHai="88" doraHaiUra="31" who="1" fromWho="1" sc="124,-20,179,89,450,-39,237,-20" /><INIT seed="7,0,0,0,0,52" ten="104,268,411,217" oya="3" hai0="101,43,25,35,42,30,66,10,14,50,116,109,78" hai1="122,64,39,37,41,28,97,126,91,133,135,87,36" hai2="48,110,33,103,83,86,90,88,18,82,5,130,123" hai3="77,68,134,38,108,99,6,72,1,79,63,100,115"/><W32/><G115/><T117/><D109/><U20/><E122/><V74/><F110/><W49/><G134/><N who="1" m="51210" /><E126/><V61/><F33/><W34/><G49/><T125/><D125/><U57/><E97/><V128/><F5/><W76/><G38/><T129/><D129/><U23/><E41/><V94/><F123/><W46/><G46/><T0/><D101/><U15/><E28/><V105/><F48/><W89/><G89/><T93/><D93/><N who="1" m="54527" /><E15/><V80/><F18/><W55/><G72/><T81/><D0/><U112/><E112/><V47/><F47/><W19/><G55/><T104/><D104/><U40/><E40/><V124/><F61/><AGARI ba="0,0" hai="20,23,36,37,39,57,61,64" m="54527,51210" machi="61" ten="40,2600,0" yaku="20,1,52,1" doraHai="52" who="1" fromWho="2" sc="104,0,268,26,411,-26,217,0" owari="104,-40.0,294,9.0,385,49.0,217,-18.0" /></mjloggm>