<mjloggm ver="2.3"><GO type="185" lobby="0"/><UN n0="%E6%B5%81%E7%9F%B3%E4%B8%80%E6%97%8F" n1="%E4%B8%96%E7%9B%B4%E3%81%97%E4%BA%BA" n2="%E3%81%B7%E3%82%8A%E3%81%B7%E3%82%8A%EF%BC%92%EF%BC%90%EF%BC%90%EF%BC%91" n3="" dan="16,17,16,0" rate="2189.75,2261.97,2115.68,1500.00" sx="M,M,M,C"/><TAIKYOKU oya="0"/><INIT seed="0,0,0,4,3,47" ten="350,350,350,0" oya="0" hai0="132,48,61,83,135,51,40,59,124,56,134,0,126" hai1="81,105,76,123,41,33,86,130,67,119,111,125,57" hai2="94,45,117,1,92,107,74,49,109,127,80,98,112" hai3=""/><T70/><D0/><U106/><N who="1" m="31520" /><U89/><E33/><V78/><F1/><T90/><D40/><U58/><E119/><V91/><F112/><T97/><D70/><U65/><E111/><V34/><F34/><T84/><D97/><U118/><E118/><V39/><F39/><T35/><D56/><U95/><E41/><V131/><F109/><T3/><D3/><U85/><E130/><V88/><F117/><T72/><D72/><U108/><E108/><V63/><F131/><T133/><D133/><U64/><REACH who="1" step="1"/><E125/><REACH who="1" ten="350,340,350,0" step="2"/><N who="0" m="48233" /><D35/><U32/><E32/><V87/><F127/><T120/><N who="0" m="30752" /><T36/><D36/><U43/><E43/><V50/><F107/><AGARI ba="0,1" hai="57,58,64,65,67,76,81,85,86,89,95,105,106,107" m="31520" machi="107" ten="40,8000,1" yaku="1,1,52,1,53,2" doraHai="47" doraHaiUra="53" who="1" fromWho="2" sc="350,0,340,90,350,-80,0,0" /><INIT seed="1,0,0,3,2,116" ten="350,430,270,0" oya="1" hai0="63,86,40,120,113,66,91,56,2,76,123,110,32" hai1="58,83,50,73,82,60,69,84,3,1,49,99,55" hai2="121,108,92,101,77,128,115,125,100,54,33,132,124" hai3=""/><U35/><E35/><V111/><N who="2" m="31008" /><V78/><F33/><T131/><N who="0" m="30752" /><T103/><N who="0" m="31520" /><T102/><D32/><U46/><E99/><V122/><N who="2" m="31264" /><V127/><F115/><T126/><D113/><U42/><E73/><V114/><F114/><T134/><D2/><U130/><E130/><V62/><F132/><T135/><D131/><U95/><E95/><V70/><F128/><T45/><D76/><N who="2" m="29290" /><F70/><T107/><D126/><U81/><E81/><V79/><BYE who="1" /><N who="2" m="29298" /><V43/><DORA hai="64" /><F43/><T41/><D110/><N who="2" m="42026" /><F92/><T38/><D40/><UN n1="%E4%B8%96%E7%9B%B4%E3%81%97%E4%BA%BA" /><U61/><E83/><V53/><F62/><T34/><D107/><U67/><REACH who="1" step="1"/><E61/><REACH who="1" ten="350,420,270,0" step="2"/><V97/><F97/><T75/><D34/><U37/><E37/><V133/><F133/><N who="0" m="50698" /><D75/><U93/><E93/><AGARI ba="0,1" hai="38,41,45,56,63,66,86,91,93,102,103" m="50698,31520,30752" machi="93" ten="30,8000,1" yaku="20,1,52,4" doraHai="116,64" who="0" fromWho="1" sc="350,90,420,-80,270,0,0,0" /><INIT seed="2,0,0,2,5,53" ten="440,340,270,0" oya="2" hai0="77,43,69,0,96,127,87,2,117,51,118,134,67" hai1="76,36,66,84,44,74,135,54,95,56,105,33,37" hai2="61,130,41,106,116,98,82,109,103,47,122,102,92" hai3=""/><V108/><N who="2" m="31264" /><V115/><F116/><T52/><D134/><U86/><E105/><V46/><F130/><T58/><D127/><U39/><E33/><V3/><F3/><T60/><D2/><U114/><E114/><V50/><F115/><T90/><D0/><U85/><E135/><V34/><F34/><T83/><REACH who="0" step="1"/><D43/><REACH who="0" ten="430,340,270,0" step="2"/><U70/><E37/><V73/><F41/><T120/><N who="0" m="30752" /><T48/><D48/><U93/><E39/><V72/><F50/><T111/><D111/><U101/><E36/><V40/><F40/><T88/><D88/><U97/><E44/><V110/><F46/><T119/><D119/><U42/><E42/><V64/><F47/><T91/><D91/><U38/><E38/><V121/><N who="2" m="31008" /><V71/><F82/><T133/><D133/><U131/><E131/><V107/><F102/><T62/><D62/><U45/><E45/><V78/><F78/><T94/><AGARI ba="0,1" hai="51,52,58,60,67,69,77,83,87,90,94,96,117,118" m="30752" machi="94" ten="30,6000,1" yaku="1,1,0,1,52,2,54,1,53,0" doraHai="53" doraHaiUra="100" who="0" fromWho="0" sc="430,70,340,-20,270,-40,0,0" /><INIT seed="4,0,0,2,2,66" ten="500,320,230,0" oya="0" hai0="104,44,74,59,42,40,0,131,130,70,107,100,81" hai1="76,119,94,126,98,125,134,73,38,91,135,35,121" hai2="87,97,132,61,124,1,2,57,56,48,85,78,127" hai3=""/><T89/><D0/><U72/><N who="1" m="31008" /><U54/><E35/><V32/><F32/><T79/><D59/><U99/><E38/><V3/><F132/><N who="1" m="50729" /><E54/><V49/><F97/><N who="1" m="36873" /><E119/><V36/><F36/><T114/><D40/><U122/><N who="1" m="31264" /><U128/><E76/><V129/><F78/><T33/><D33/><U52/><E52/><V53/><F129/><T120/><N who="0" m="30752" /><T103/><D130/><U113/><E128/><V55/><F61/><T133/><D131/><U58/><E58/><V116/><REACH who="2" step="1"/><F116/><REACH who="2" ten="500,320,220,0" step="2"/><T82/><D133/><U68/><E113/><V43/><F43/><T71/><D114/><U101/><E101/><V69/><F69/><T50/><D103/><U45/><E68/><V115/><F115/><T67/><D100/><U77/><E77/><V90/><F90/><T86/><REACH who="0" step="1"/><D70/><REACH who="0" ten="490,320,220,0" step="2"/><U102/><E102/><V112/><F112/><T118/><D118/><U46/><E46/><V117/><F117/><T39/><D39/><U92/><E45/><V84/><AGARI ba="0,2" hai="1,2,3,48,49,53,55,56,57,84,85,87,124,127" machi="84" ten="40,9000,2" yaku="1,1,0,1,9,1,53,3" doraHai="66" doraHaiUra="34" who="2" fromWho="2" sc="490,-60,320,-30,220,110,0,0" /><INIT seed="5,0,0,4,5,33" ten="430,290,330,0" oya="1" hai0="65,45,43,70,88,86,40,53,111,79,110,0,37" hai1="133,107,90,46,81,104,84,50,96,80,91,102,75" hai2="99,126,63,124,125,78,118,85,129,59,108,67,60" hai3=""/><U47/><E133/><V62/><F118/><T52/><D0/><U112/><E112/><V103/><F108/><T71/><D79/><U130/><E130/><V122/><N who="2" m="31264" /><V41/><F41/><T74/><D74/><U51/><E75/><V54/><F67/><T128/><D128/><U119/><E119/><V115/><F115/><T109/><D43/><U113/><E113/><V117/><F117/><T38/><D37/><U73/><E73/><V87/><F129/><T95/><REACH who="0" step="1"/><D65/><REACH who="0" ten="420,290,330,0" step="2"/><U83/><E107/><V131/><F131/><T114/><D114/><U101/><E101/><V32/><F32/><T36/><D36/><U2/><E2/><V76/><F76/><T92/><D92/><U66/><E66/><V44/><F78/><T93/><D93/><U58/><E58/><V55/><F59/><T3/><D3/><U89/><REACH who="1" step="1"/><E84/><REACH who="1" ten="420,280,330,0" step="2"/><N who="2" m="32331" /><F126/><T39/><D39/><U105/><E105/><V94/><F125/><T56/><D56/><U116/><E116/><V72/><F124/><T48/><D48/><AGARI ba="0,2" hai="46,47,48,50,51,80,81,83,89,90,91,96,102,104" machi="48" ten="40,2000,0" yaku="1,1,53,0" doraHai="33" doraHaiUra="64" who="1" fromWho="0" sc="420,-20,280,40,330,0,0,0" /><INIT seed="5,1,0,2,5,124" ten="400,320,330,0" oya="1" hai0="108,51,98,123,118,70,104,75,112,48,72,34,39" hai1="47,2,96,113,125,106,35,134,83,59,49,131,91" hai2="52,73,114,3,129,74,94,79,120,45,121,126,107" hai3=""/><U133/><E35/><V76/><N who="2" m="30752" /><V77/><N who="2" m="31008" /><V119/><F3/><T130/><D98/><U67/><E2/><V88/><F107/><T36/><D51/><U115/><E125/><V54/><F119/><T97/><D48/><U68/><E68/><V66/><F126/><T90/><D97/><U32/><E32/><V65/><F114/><N who="1" m="43529" /><E131/><V122/><N who="2" m="31264" /><V44/><F129/><T38/><D90/><U37/><E37/><V110/><F110/><T50/><D50/><U102/><E59/><V92/><F77/><T127/><D39/><U85/><E67/><V95/><F95/><T87/><D38/><U82/><E82/><V63/><F63/><T128/><D128/><U99/><E99/><V111/><F111/><T40/><D34/><U55/><AGARI ba="1,0" hai="47,49,55,83,85,91,96,102,106,133,134" m="43529" machi="55" ten="30,1000,0" yaku="15,1" doraHai="124" who="1" fromWho="1" sc="400,-6,320,12,330,-6,0,0" /><INIT seed="5,2,0,1,3,32" ten="394,332,324,0" oya="1" hai0="61,129,72,77,41,80,36,38,62,2,101,118,60" hai1="107,33,79,42,67,48,64,81,114,78,75,103,54" hai2="126,66,119,68,93,109,108,112,98,85,35,86,43" hai3=""/><U124/><E33/><V100/><F119/><T59/><D118/><U89/><E42/><V87/><F35/><T95/><D2/><U3/><E114/><V82/><F43/><T44/><D129/><U34/><E34/><V47/><F47/><T121/><N who="0" m="31008" /><T104/><D104/><U39/><E39/><V133/><F133/><T111/><D111/><U83/><E124/><V128/><F128/><T50/><D101/><U127/><E127/><V96/><F66/><T122/><N who="0" m="31264" /><T56/><D95/><U0/><E89/><V63/><F63/><T135/><D135/><U106/><E48/><V116/><F68/><T69/><D69/><U84/><E54/><V123/><N who="2" m="31520" /><V97/><F116/><T53/><D62/><U55/><E55/><AGARI ba="2,0" hai="36,38,41,44,50,53,55,56,59,60,61,72,77,80" m="31264,31008" machi="55" ten="30,7700,0" yaku="7,1,9,1,52,2" doraHai="32" who="0" fromWho="1" sc="394,81,332,-81,324,0,0,0" /><INIT seed="6,0,0,4,5,97" ten="475,251,324,0" oya="2" hai0="94,40,69,61,134,118,83,82,33,2,54,115,32" hai1="121,103,72,133,93,38,71,116,124,129,107,46,102" hai2="59,79,70,112,63,128,35,84,67,123,119,52,114" hai3=""/><V126/><N who="2" m="31520" /><V120/><N who="2" m="30752" /><V65/><F35/><T109/><D118/><U130/><N who="1" m="31008" /><U57/><E71/><V62/><F119/><T122/><N who="0" m="31264" /><T39/><D109/><U1/><E116/><V74/><F74/><T85/><D2/><U53/><E1/><V92/><F128/><N who="1" m="49257" /><E72/><V80/><F126/><T90/><D134/><U37/><E133/><V96/><REACH who="2" step="1"/><F67/><REACH who="2" ten="475,251,314,0" step="2"/><T0/><D0/><U58/><E124/><V131/><F131/><T76/><D32/><U111/><E111/><V60/><F60/><T56/><D33/><U44/><E38/><V108/><F108/><T135/><D135/><U47/><E37/><V49/><F49/><T105/><D61/><U45/><E107/><V50/><F50/><T64/><D64/><U100/><E93/><V110/><F110/><T87/><D39/><U127/><E127/><V43/><F43/><T3/><D40/><U36/><E36/><V125/><F125/><T106/><D3/><U55/><N who="1" m="11264" /><DORA hai="89" /><U51/><E51/><V117/><F117/><T75/><D106/><U99/><E99/><V95/><F95/><T91/><D105/><U48/><E48/><V132/><F132/><T86/><D94/><U98/><E98/><V41/><F41/><RYUUKYOKU ba="0,1" sc="475,-20,251,10,314,10,0,0" hai1="53,55,57,58,100,102,103" hai2="52,59,62,63,65,70,79,80,84,92,96,112,114" /><INIT seed="6,1,1,4,0,99" ten="455,261,324,0" oya="2" hai0="108,32,53,34,59,41,61,79,81,76,65,48,89" hai1="134,114,38,118,71,1,64,54,115,102,111,113,36" hai2="73,0,127,95,55,104,50,105,91,135,44,58,86" hai3=""/><V116/><F116/><T131/><D108/><U124/><E1/><V84/><F0/><T121/><N who="0" m="31008" /><T96/><D131/><U80/><E111/><V39/><F73/><T94/><D41/><U62/><E118/><V132/><F127/><T97/><D96/><U106/><E124/><V109/><F109/><T72/><REACH who="0" step="1"/><D76/><REACH who="0" ten="445,261,324,0" step="2"/><U35/><E35/><V2/><F2/><T119/><D119/><U74/><E134/><V103/><F135/><T112/><D112/><U47/><E106/><V130/><F130/><T85/><D85/><U66/><E66/><V93/><F86/><T98/><D98/><U92/><E92/><V67/><F95/><T123/><N who="0" m="31520" /><T51/><D51/><U101/><E54/><V33/><F55/><T57/><AGARI ba="1,2" hai="32,34,48,53,57,59,61,65,72,79,81,89,94,97" m="31520,31008" machi="57" ten="20,6000,1" yaku="1,1,0,1,7,1,52,2,53,0" doraHai="99" doraHaiUra="128" who="0" fromWho="0" sc="445,82,261,-21,324,-41,0,0" owari="527,48.0,240,-36.0,283,-12.0,0,0.0" /></mjloggm>