<mjloggm ver="2.3"><GO type="169" lobby="0"/><UN n0="%E4%B8%BB%E5%B8%AD" n1="%E3%81%B5%E3%81%98%E3%81%8B%E3%81%A4" n2="%E3%82%88%E3%81%93%40%63" n3="%64%75%72%72%72%72%72" dan="16,16,17,18" rate="2147.76,2150.72,2129.98,2266.48" sx="M,M,F,M"/><TAIKYOKU oya="0"/><INIT seed="0,0,0,5,4,47" ten="250,250,250,250" oya="0" hai0="95,60,88,105,36,44,24,29,120,82,99,27,20" hai1="6,65,131,3,80,4,92,10,32,111,71,56,134" hai2="83,93,16,8,77,89,0,50,25,86,17,69,57" hai3="100,74,61,14,110,28,2,124,102,41,11,58,78"/><T72/><D120/><U37/><E37/><V52/><F69/><W76/><G2/><T53/><D105/><U23/><E71/><V68/><F68/><W130/><G110/><T48/><D36/><U94/><E111/><V31/><F0/><W51/><G124/><T59/><D72/><U122/><E122/><V12/><F17/><W15/><G28/><T106/><D106/><U81/><E32/><V114/><F114/><W49/><G41/><T112/><D112/><U66/><E134/><V55/><F55/><W9/><G74/><T19/><D82/><U96/><E131/><V40/><F40/><W97/><G97/><T135/><D135/><U33/><E33/><V13/><F13/><N who="3" m="4619" /><G130/><T117/><D117/><U73/><E73/><V116/><F116/><W39/><G39/><T125/><D125/><U101/><E23/><N who="2" m="15807" /><F93/><W107/><G107/><T84/><D84/><U34/><E34/><V128/><F128/><W35/><G35/><T21/><D44/><U22/><E22/><V119/><F119/><W91/><G91/><AGARI ba="0,0" hai="8,12,16,50,52,57,77,83,86,89,91" m="15807" machi="91" ten="30,7700,0" yaku="8,1,52,1,54,2" doraHai="47" who="2" fromWho="3" sc="250,0,250,0,250,77,250,-77" /><INIT seed="1,0,0,4,4,13" ten="250,250,327,173" oya="1" hai0="46,80,89,47,91,8,68,9,116,31,86,69,97" hai1="45,92,67,131,19,11,102,133,114,73,58,76,117" hai2="48,1,30,39,54,2,125,74,14,109,79,119,101" hai3="26,32,118,25,59,52,113,63,42,40,100,77,7"/><U132/><E117/><V24/><F39/><W72/><G113/><T134/><D116/><U20/><E114/><V33/><F119/><W61/><G118/><T49/><D134/><U90/><E45/><V10/><F101/><W4/><G100/><T41/><D31/><U28/><E102/><V12/><F12/><W37/><G37/><T110/><D110/><U99/><E28/><V3/><F125/><W15/><G32/><T87/><D97/><U120/><E120/><V130/><F109/><W88/><G72/><T111/><D111/><U98/><E11/><V124/><F124/><W29/><G77/><T53/><D69/><U5/><E5/><N who="3" m="2122" /><G15/><T34/><D68/><U108/><E108/><V18/><F79/><W106/><G63/><T62/><D34/><U126/><E126/><V135/><F74/><W81/><G106/><T94/><REACH who="0" step="1"/><D62/><REACH who="0" ten="240,250,327,173" step="2"/><N who="1" m="38359" /><E98/><V66/><F135/><N who="1" m="51785" /><E73/><V128/><REACH who="2" step="1"/><F66/><REACH who="2" ten="240,250,317,173" step="2"/><W127/><G127/><T22/><D22/><U44/><E20/><V27/><F27/><N who="3" m="10251" /><G29/><T35/><D35/><U57/><E76/><V103/><F103/><W71/><G71/><T82/><D82/><U122/><E122/><V115/><F115/><W21/><G21/><T60/><D60/><U83/><E83/><V70/><F70/><W0/><G0/><T23/><D23/><U85/><E90/><V38/><F38/><AGARI ba="0,2" hai="8,9,38,41,46,47,49,53,80,86,87,89,91,94" machi="38" ten="30,3900,0" yaku="1,1,7,1,53,1" doraHai="13" doraHaiUra="78" who="0" fromWho="2" sc="240,59,250,0,317,-39,173,0" /><INIT seed="2,0,0,2,3,9" ten="299,250,278,173" oya="2" hai0="54,93,118,25,84,39,35,8,131,112,103,102,120" hai1="119,46,23,113,68,99,126,24,90,111,20,127,4" hai2="51,115,116,125,96,47,91,130,76,75,12,107,69" hai3="64,43,63,60,77,19,55,78,88,34,70,13,122"/><V30/><F116/><W72/><G122/><T6/><D112/><U42/><E119/><V109/><F115/><W105/><G34/><T66/><D118/><U29/><E113/><V58/><F69/><W74/><G105/><T62/><D120/><U33/><E68/><V101/><F130/><W67/><G43/><T59/><D39/><U79/><E79/><V50/><F30/><W16/><G70/><T36/><D36/><U26/><E99/><V94/><F125/><W132/><G55/><T15/><D131/><U129/><E90/><V0/><F0/><W17/><G132/><T49/><D35/><U133/><E129/><V45/><F58/><W123/><G123/><T85/><D25/><N who="1" m="18607" /><E42/><V65/><F65/><N who="3" m="25163" /><G13/><T53/><D53/><U106/><E106/><V57/><F12/><W104/><G88/><N who="0" m="53383" /><D85/><U124/><E46/><AGARI ba="0,0" hai="6,8,15,46,49,54,59,62,66,102,103" m="53383" machi="46" ten="30,3900,0" yaku="8,1,52,1,54,1" doraHai="9" who="0" fromWho="1" sc="299,39,250,-39,278,0,173,0" /><INIT seed="3,0,0,0,1,73" ten="338,211,278,173" oya="3" hai0="5,82,88,21,96,86,43,12,20,26,83,65,121" hai1="105,4,33,129,22,101,133,67,111,39,85,103,81" hai2="24,109,78,94,30,125,99,16,118,92,29,102,127" hai3="63,0,61,79,130,68,107,123,23,1,71,72,55"/><W13/><G123/><T47/><D121/><U28/><E39/><V80/><F118/><W134/><G107/><T124/><D65/><U126/><E111/><V98/><F109/><W66/><G134/><T50/><D124/><N who="2" m="47690" /><F16/><W58/><G71/><T45/><D96/><U25/><E126/><V108/><F24/><W74/><G130/><T51/><D26/><U62/><E133/><V32/><F32/><W64/><G55/><N who="0" m="30159" /><D82/><U37/><E37/><V8/><F8/><AGARI ba="0,0" hai="5,8,12,20,21,43,47,51,83,86,88" m="30159" machi="8" ten="30,2000,0" yaku="8,1,54,1" doraHai="73" who="0" fromWho="2" sc="338,20,211,0,278,-20,173,0" /><INIT seed="4,0,0,3,2,111" ten="358,211,258,173" oya="0" hai0="69,104,134,127,119,67,100,70,23,55,43,80,48" hai1="124,38,92,86,114,4,16,22,29,1,107,63,51" hai2="36,19,17,117,72,135,24,113,106,90,75,95,52" hai3="76,14,118,50,102,74,8,129,99,27,105,78,132"/><T41/><D119/><U123/><E107/><V131/><F117/><W112/><G118/><T60/><D134/><U71/><E123/><V110/><F106/><W122/><G132/><T7/><D127/><U40/><E29/><V56/><F36/><W45/><G122/><T96/><D70/><U91/><E124/><V65/><F65/><W10/><G129/><T39/><D39/><U125/><E125/><V128/><F135/><W81/><G78/><T34/><D34/><U21/><E38/><V85/><F110/><W88/><G112/><T44/><D7/><U53/><E40/><V18/><F113/><W87/><G14/><T109/><D109/><U59/><E114/><V2/><F2/><W93/><G27/><T47/><D47/><U5/><E22/><V89/><F89/><W49/><G49/><T9/><D9/><U126/><E1/><V28/><F28/><W35/><G35/><T54/><D41/><AGARI ba="0,0" hai="8,10,41,45,50,74,76,81,87,88,93,99,102,105" machi="41" ten="30,7700,0" yaku="7,1,24,2,54,1" doraHai="111" who="3" fromWho="0" sc="358,-77,211,0,258,0,173,77" /><INIT seed="5,0,0,0,3,51" ten="281,211,258,250" oya="1" hai0="99,90,95,126,50,71,21,52,46,82,123,10,49" hai1="11,64,70,31,69,63,32,0,36,48,25,61,108" hai2="100,39,109,57,122,91,15,35,118,66,14,92,77" hai3="37,65,43,16,110,83,1,41,38,106,102,24,78"/><U85/><E36/><V22/><F35/><W81/><G110/><T42/><D126/><U131/><E108/><V104/><F39/><W115/><G1/><T62/><D123/><U73/><E131/><V76/><F109/><W58/><G102/><T111/><D111/><U132/><E132/><V30/><F122/><W121/><G106/><T44/><D10/><U116/><E85/><V89/><F104/><W40/><G121/><T112/><D112/><U18/><E116/><V127/><F100/><W56/><G115/><T120/><D120/><U20/><E73/><V72/><F72/><W3/><G3/><T135/><D135/><U9/><E0/><V2/><F2/><W88/><G37/><T86/><D21/><U113/><E113/><V54/><F66/><W7/><G7/><T101/><D71/><U45/><E63/><AGARI ba="0,0" hai="42,44,46,49,50,52,62,63,82,86,90,95,99,101" machi="63" ten="40,5200,0" yaku="8,1,52,1,54,1" doraHai="51" who="0" fromWho="1" sc="281,52,211,-52,258,0,250,0" /><INIT seed="6,0,0,2,2,72" ten="333,159,258,250" oya="2" hai0="73,108,21,58,29,87,15,62,42,23,129,17,79" hai1="6,52,135,94,64,19,107,68,104,97,81,60,24" hai2="106,77,131,117,3,44,88,36,46,102,37,114,95" hai3="122,41,7,90,33,69,32,86,112,9,83,47,65"/><V13/><F117/><W22/><G122/><T110/><D73/><U53/><E135/><V35/><F35/><W89/><G112/><T18/><D129/><U126/><E6/><V93/><F3/><W78/><G22/><T134/><D29/><U34/><E126/><V12/><F106/><W121/><G121/><T49/><D134/><U105/><E81/><V75/><F75/><W1/><G90/><T56/><D110/><U99/><E19/><V119/><F119/><W71/><G89/><T26/><D108/><U74/><E74/><V113/><F88/><W11/><G11/><T59/><D62/><U8/><E8/><V124/><F102/><W123/><G123/><T98/><D98/><U43/><E43/><V25/><F25/><W91/><G91/><T76/><D87/><U128/><E128/><V16/><F16/><W125/><G125/><T57/><D42/><U20/><E20/><V127/><F131/><W48/><G65/><T14/><D26/><U82/><E82/><V31/><F31/><W84/><G84/><T0/><D0/><U51/><E94/><V61/><F61/><W67/><G67/><T38/><D38/><U115/><E115/><V66/><F66/><W4/><G4/><T28/><D28/><N who="1" m="19719" /><E53/><AGARI ba="0,0" hai="14,15,17,18,21,23,49,53,56,57,58,59,76,79" machi="53" ten="40,8000,1" yaku="9,1,8,1,52,2" doraHai="72" who="0" fromWho="1" sc="333,80,159,-80,258,0,250,0" /><INIT seed="7,0,0,4,2,51" ten="413,79,258,250" oya="3" hai0="94,44,102,0,103,20,4,120,22,134,19,91,11" hai1="110,92,29,34,48,1,81,119,116,28,90,101,106" hai2="32,114,132,37,79,86,60,7,23,3,36,65,64" hai3="121,40,47,100,95,55,80,18,33,123,104,83,50"/><W10/><G33/><T133/><D120/><U54/><E81/><N who="3" m="31306" /><G104/><T61/><D44/><U68/><E48/><V85/><F32/><W88/><G123/><T82/><D82/><U99/><E34/><V30/><F3/><W71/><G71/><T109/><D109/><U58/><E110/><V70/><F7/><W78/><G121/><T45/><D45/><U12/><E1/><V93/><F79/><W16/><G78/><T128/><D61/><U129/><E129/><V117/><F117/><W43/><G100/><N who="0" m="38443" /><D19/><N who="3" m="7209" /><G10/><T113/><D128/><U105/><E105/><V72/><F72/><W31/><G31/><T96/><D113/><U41/><E41/><V26/><F114/><W124/><G124/><T73/><D73/><U111/><E111/><V112/><F112/><W52/><G40/><T57/><D57/><U53/><E68/><V66/><F70/><W125/><G125/><T13/><D0/><U62/><E12/><V5/><F5/><W15/><G15/><T98/><D98/><AGARI ba="0,0" hai="43,47,50,52,55,88,95,98" m="7209,31306" machi="98" ten="30,18000,2" yaku="8,1,52,2,54,3" doraHai="51" who="3" fromWho="0" sc="413,-180,79,0,258,0,250,180" owari="233,-17.0,79,-42.0,258,6.0,430,53.0" /></mjloggm>