<mjloggm ver="2.3"><GO type="169" lobby="0"/><UN n0="%E3%81%96%E3%82%8A%E3%81%8C%E3%81%AB%E3%81%8F%E3%82%93" n1="%E6%9C%A8%E6%BC%8F%E3%82%8C%E6%97%A5" n2="%E7%99%BD%E7%8C%AB%E3%82%A8%E3%83%AB" n3="%E4%B8%83%E3%83%84%E6%98%9F%E3%83%9B%E3%82%AF%E3%82%B5%E3%82%A4" dan="17,17,16,17" rate="2216.54,2207.09,2138.58,2207.11" sx="M,M,M,M"/><TAIKYOKU oya="0"/><INIT seed="0,0,0,4,5,110" ten="250,250,250,250" oya="0" hai0="25,94,57,105,68,6,48,83,19,10,81,13,129" hai1="45,109,78,126,88,56,60,8,43,24,85,130,50" hai2="0,20,121,12,36,58,128,17,107,82,44,97,39" hai3="134,37,96,28,27,14,32,135,119,113,99,61,92"/><T132/><D105/><U55/><E109/><V34/><F121/><W53/><G119/><T106/><D106/><U120/><E120/><V16/><F34/><W41/><G14/><T108/><D68/><U1/><E130/><V76/><F0/><W38/><G41/><T15/><D108/><U127/><E78/><V49/><F128/><W54/><G61/><T118/><D132/><U104/><E104/><V40/><F58/><W77/><G77/><T79/><D129/><U80/><REACH who="1" step="1"/><E24/><REACH who="1" ten="250,240,250,250" step="2"/><V70/><F107/><W65/><G27/><T125/><D25/><U111/><E111/><V47/><F39/><W35/><G28/><T103/><D79/><U93/><E93/><V102/><F36/><W122/><G92/><T98/><D118/><U74/><E74/><V42/><F70/><W51/><G122/><T123/><D123/><U117/><E117/><V73/><F73/><W23/><G135/><T67/><D125/><U69/><E69/><V100/><F76/><W62/><G134/><T7/><D83/><U33/><E33/><V2/><F82/><W5/><G32/><T11/><D81/><U46/><E46/><V18/><F47/><W22/><G35/><T72/><D72/><U87/><E87/><V66/><F44/><W29/><G37/><T124/><D124/><U131/><E131/><V63/><F97/><W86/><G38/><T3/><D94/><U116/><E116/><V71/><F71/><W52/><G99/><T114/><D98/><U101/><E101/><V31/><F102/><W26/><G96/><T30/><D103/><U115/><E115/><RYUUKYOKU ba="0,1" sc="250,-10,240,30,250,-10,250,-10" hai1="1,8,43,45,50,55,56,60,80,85,88,126,127" /><INIT seed="1,1,1,0,4,101" ten="240,270,240,240" oya="1" hai0="88,35,60,42,53,67,49,78,72,30,39,10,64" hai1="73,3,81,24,85,27,19,125,66,89,87,45,93" hai2="4,109,129,7,83,31,84,104,5,6,54,28,98" hai3="65,90,62,91,102,13,16,96,58,44,26,40,79"/><U29/><E3/><V112/><N who="2" m="1024" /><DORA hai="17" /><V132/><F129/><W25/><G79/><T80/><D10/><U50/><E73/><V9/><F132/><W1/><G1/><T94/><D42/><U103/><E125/><V134/><F134/><W43/><G26/><T97/><D39/><U130/><E130/><V77/><F9/><W2/><G25/><T34/><D30/><U92/><E66/><V115/><F54/><W75/><G75/><T111/><D111/><U33/><E103/><V133/><F133/><W20/><G2/><T120/><D120/><U55/><REACH who="1" step="1"/><E87/><REACH who="1" ten="240,260,240,240" step="2"/><V108/><F108/><W38/><REACH who="3" step="1"/><G43/><REACH who="3" ten="240,260,240,230" step="2"/><T15/><D72/><U126/><E126/><V22/><F109/><W122/><G122/><T127/><D127/><U86/><E86/><V46/><F115/><W110/><G110/><T100/><D67/><U48/><E48/><V56/><F112/><W51/><G51/><T135/><D49/><U117/><E117/><V12/><F84/><W74/><G74/><T123/><D64/><U11/><E11/><V118/><F118/><W124/><G124/><T21/><D123/><U114/><E114/><V18/><F77/><W23/><G23/><AGARI ba="1,3" hai="19,23,24,27,29,33,45,50,55,81,85,89,92,93" machi="23" ten="40,3900,0" yaku="1,1,52,1,53,0" doraHai="101,17" doraHaiUra="131,99" who="1" fromWho="3" sc="240,0,260,72,240,0,230,-42" /><INIT seed="1,2,0,0,3,8" ten="240,332,240,188" oya="1" hai0="62,125,49,63,103,72,22,59,127,80,129,17,39" hai1="52,3,24,78,97,7,85,68,57,47,113,115,27" hai2="75,110,118,21,15,114,87,26,116,121,23,102,40" hai3="4,79,74,83,54,30,108,131,14,123,112,133,19"/><U126/><E68/><V66/><F121/><W94/><G123/><T10/><D39/><U70/><E70/><V32/><F75/><W6/><G131/><T37/><D37/><U120/><E120/><V111/><F66/><W69/><G112/><T117/><D117/><U104/><E47/><V92/><F40/><W134/><G69/><T64/><D103/><U86/><E126/><N who="0" m="48137" /><D129/><U41/><E41/><V29/><F102/><W93/><G30/><T50/><D10/><U36/><E36/><V9/><F92/><N who="3" m="35435" /><G54/><T132/><D62/><U84/><E78/><V56/><F87/><W107/><G107/><T11/><D11/><U128/><E128/><V124/><F56/><W91/><G91/><T67/><D67/><U42/><E104/><V48/><F48/><W44/><G44/><T58/><D58/><U100/><E115/><V98/><F98/><W95/><N who="3" m="35443" /><W71/><DORA hai="55" /><G71/><T31/><D31/><U16/><E113/><V33/><F114/><W25/><G25/><N who="0" m="14543" /><D132/><N who="3" m="50793" /><G108/><N who="2" m="41513" /><F124/><W135/><N who="3" m="50801" /><W61/><DORA hai="105" /><G61/><T130/><D130/><U51/><E100/><V65/><F65/><W81/><G83/><T122/><D122/><U0/><E97/><V77/><F33/><W46/><G46/><T38/><D38/><U12/><E42/><V53/><F118/><W18/><G14/><T109/><D109/><U45/><E45/><V35/><F35/><W82/><G81/><T101/><D101/><U34/><E34/><V89/><F116/><W99/><G99/><T88/><D88/><U20/><E27/><V1/><F89/><W60/><G60/><RYUUKYOKU ba="2,0" sc="240,10,332,10,240,-30,188,10" hai0="49,50,59,63,64,72,80" hai1="0,3,7,12,16,20,24,51,52,57,84,85,86" hai3="4,6,18,19,74,79,82" /><INIT seed="1,3,0,0,2,73" ten="250,342,210,198" oya="1" hai0="36,102,38,3,81,41,62,39,72,49,126,4,27" hai1="95,67,90,8,57,89,64,50,56,82,97,128,54" hai2="43,58,123,106,26,28,14,118,22,115,119,55,84" hai3="61,129,114,85,78,52,10,132,131,34,16,18,66"/><U92/><E128/><N who="3" m="49226" /><G114/><T33/><D49/><U45/><E82/><V99/><F123/><W86/><G132/><T9/><D102/><U20/><E8/><V53/><F43/><W83/><G34/><T77/><D62/><U25/><E57/><V0/><F0/><W42/><G42/><T37/><D126/><U101/><E45/><V31/><F115/><W17/><G10/><T111/><D111/><U91/><REACH who="1" step="1"/><E95/><REACH who="1" ten="250,332,210,198" step="2"/><V60/><F119/><W98/><G66/><T121/><D121/><U127/><E127/><V11/><F118/><W109/><G109/><T15/><D15/><U46/><E46/><V80/><F106/><W6/><G6/><T47/><D27/><U65/><E65/><V88/><F99/><W122/><G122/><T134/><D134/><U30/><AGARI ba="3,1" hai="20,25,30,50,54,56,64,67,89,90,91,92,97,101" machi="30" ten="30,6000,0" yaku="1,1,0,1,8,1,53,0" doraHai="73" doraHaiUra="29" who="1" fromWho="1" sc="250,-23,332,79,210,-23,198,-23" /><INIT seed="1,4,0,4,4,83" ten="227,411,187,175" oya="1" hai0="77,51,46,72,102,64,131,85,98,111,90,108,100" hai1="56,37,70,129,10,126,79,33,86,49,109,127,55" hai2="18,39,67,23,44,54,73,6,30,132,125,80,0" hai3="78,48,26,38,106,31,3,50,110,22,95,87,105"/><U75/><E75/><V27/><F125/><N who="1" m="47625" /><E33/><V117/><F117/><W40/><G110/><N who="0" m="42027" /><D64/><U9/><E109/><V60/><F132/><W43/><G3/><T107/><D51/><N who="3" m="19497" /><G38/><T93/><D46/><U128/><E70/><V20/><F54/><W103/><G106/><T32/><D32/><U52/><E55/><V61/><F67/><W134/><G105/><T99/><D131/><N who="1" m="50251" /><E37/><V63/><F39/><W15/><G134/><T101/><D107/><U94/><E79/><V92/><F44/><W1/><G1/><T29/><D29/><U133/><E133/><V120/><F73/><W16/><G103/><T53/><D53/><U13/><E13/><V41/><F41/><W24/><G78/><T36/><D36/><U76/><E76/><V97/><F0/><W82/><G26/><T4/><D4/><U88/><AGARI ba="4,0" hai="9,10,49,52,56,86,88,94" m="50251,47625" machi="88" ten="40,12000,1" yaku="18,1,19,1,52,1,54,2" doraHai="83" who="1" fromWho="1" sc="227,-44,411,132,187,-44,175,-44" /><INIT seed="1,5,0,4,2,106" ten="183,543,143,131" oya="1" hai0="123,94,23,81,38,61,30,65,114,35,130,64,51" hai1="102,37,29,39,11,80,100,4,97,129,47,43,56" hai2="118,55,82,73,57,5,113,132,83,115,26,1,79" hai3="68,66,111,27,116,89,133,16,49,50,34,104,32"/><U103/><E129/><V24/><F118/><W95/><G104/><T22/><D123/><U33/><E39/><V112/><F132/><W119/><G66/><T121/><D114/><U135/><E135/><V124/><F124/><W63/><G63/><T44/><D121/><U134/><E134/><V8/><REACH who="2" step="1"/><F83/><REACH who="2" ten="183,543,133,131" step="2"/><W71/><G133/><T126/><D81/><U21/><E80/><V59/><F59/><W125/><G125/><T18/><D126/><U46/><E56/><V52/><F52/><W12/><G119/><T122/><D122/><U108/><E47/><V41/><F41/><W7/><G116/><T131/><D44/><U14/><E46/><V85/><F85/><W17/><G71/><T88/><D130/><U96/><E43/><V58/><F58/><W53/><G68/><T2/><D131/><U9/><E97/><V72/><F72/><W93/><G53/><T70/><D70/><U42/><E42/><V120/><F120/><W76/><G111/><T62/><D64/><U127/><E108/><V110/><F110/><W28/><G50/><AGARI ba="5,1" hai="1,5,8,24,26,50,55,57,73,79,82,112,113,115" machi="50" ten="40,8000,1" yaku="1,1,11,1,52,1,53,1" doraHai="106" doraHaiUra="48" who="2" fromWho="3" sc="183,0,543,0,133,105,131,-95" /><INIT seed="2,0,0,4,2,70" ten="183,543,238,36" oya="2" hai0="80,104,31,108,83,35,67,38,100,60,28,39,18" hai1="72,105,61,106,17,135,36,65,53,85,78,3,68" hai2="82,133,96,45,90,77,118,134,64,86,99,71,75" hai3="127,2,131,49,89,117,57,15,113,52,7,20,58"/><V111/><F118/><W87/><G117/><T41/><D108/><U47/><E3/><V54/><F71/><W116/><G116/><T10/><D41/><U79/><E72/><V55/><F64/><W59/><G131/><T27/><D31/><U30/><E135/><N who="2" m="51723" /><F111/><W56/><G127/><T95/><D95/><U81/><E65/><V120/><F120/><W0/><G113/><T110/><D110/><U109/><E68/><V101/><F45/><W44/><N who="3" m="14336" /><DORA hai="26" /><W48/><G48/><T14/><D60/><U84/><E61/><V37/><F37/><W112/><G112/><T92/><D104/><U119/><E109/><V50/><F50/><W11/><REACH who="3" step="1"/><G20/><REACH who="3" ten="183,543,238,26" step="2"/><T69/><D67/><U19/><E119/><V115/><F115/><W103/><G103/><T129/><D129/><U74/><E36/><V91/><F101/><W51/><G51/><T21/><D69/><U98/><E53/><N who="2" m="19979" /><F91/><W13/><G13/><T25/><D39/><U128/><E128/><V130/><F130/><W62/><G62/><T73/><D38/><U42/><E42/><V66/><F66/><W121/><G121/><T34/><D100/><U124/><E124/><V107/><F107/><W16/><G16/><T132/><D18/><U114/><E114/><V43/><F43/><W126/><G126/><T8/><D132/><U93/><E19/><V76/><F76/><W12/><G12/><T88/><D14/><U97/><E17/><V6/><F6/><W5/><G5/><T29/><D88/><U122/><E122/><V33/><F33/><N who="0" m="12298" /><D21/><U63/><E63/><V22/><F22/><RYUUKYOKU ba="0,1" sc="183,-15,543,-15,238,15,26,15" hai2="75,77,82,86,90,96,99" hai3="0,2,7,11,15,44,49,52,87,89" /><INIT seed="2,1,1,2,4,132" ten="168,528,253,41" oya="2" hai0="46,116,7,42,92,57,48,36,90,107,65,21,33" hai1="91,114,25,68,45,41,16,1,23,8,4,83,115" hai2="54,97,37,79,55,50,95,71,75,112,113,110,94" hai3="87,124,52,39,106,34,131,85,22,40,5,118,84"/><V12/><F37/><W81/><G118/><T135/><D33/><U99/><E68/><V104/><F71/><W2/><G34/><T56/><D107/><U31/><E31/><V82/><F104/><W111/><G106/><T98/><D135/><U96/><E96/><V61/><F110/><W9/><G111/><T108/><D108/><U59/><E59/><V76/><F76/><W86/><G131/><T24/><D116/><U100/><E91/><V49/><F95/><W117/><G117/><T63/><D7/><U127/><E83/><V43/><F43/><W13/><G124/><T103/><D57/><U32/><E127/><V58/><F12/><W105/><G105/><T30/><REACH who="0" step="1"/><D36/><REACH who="0" ten="158,528,253,41" step="2"/><U130/><E32/><V73/><F112/><W119/><G119/><T123/><D123/><U66/><E115/><V128/><F113/><W80/><N who="3" m="21504" /><DORA hai="47" /><W67/><G67/><T134/><D134/><U120/><E114/><V70/><F128/><W28/><G39/><T6/><D6/><U78/><E130/><V38/><F38/><W69/><G69/><T20/><D20/><U27/><E4/><V64/><F79/><W72/><G2/><T74/><D74/><U26/><E1/><V15/><F82/><N who="3" m="31851" /><G72/><T19/><D19/><U51/><E78/><V18/><F70/><W122/><G122/><T89/><AGARI ba="1,2" hai="21,24,30,42,46,48,56,63,65,89,90,92,98,103" machi="89" ten="30,12000,2" yaku="1,1,0,1,25,2,8,1,52,1,53,1" doraHai="132,47" doraHaiUra="29,17" who="0" fromWho="0" sc="158,143,528,-31,253,-61,41,-31" /><INIT seed="3,0,0,3,1,7" ten="301,497,192,10" oya="3" hai0="76,70,83,114,104,102,1,57,62,131,30,116,73" hai1="134,54,26,2,118,43,17,88,40,49,64,29,110" hai2="93,55,51,22,9,120,111,32,56,10,68,105,107" hai3="92,3,74,106,28,115,21,109,53,18,91,113,13"/><W58/><G106/><T4/><D116/><U39/><E2/><V126/><F68/><W124/><G124/><T66/><D131/><U12/><E39/><V63/><F32/><W19/><G3/><T77/><D114/><U25/><E110/><V11/><F111/><W78/><G109/><T98/><D77/><U37/><E37/><V117/><F117/><W127/><G127/><T27/><D57/><U36/><E36/><V6/><F126/><W100/><G100/><T8/><D27/><U81/><E64/><V34/><F34/><W41/><G41/><T132/><REACH who="0" step="1"/><D30/><REACH who="0" ten="291,497,192,10" step="2"/><U71/><E29/><V31/><F120/><W67/><G28/><T47/><D47/><U84/><E26/><N who="2" m="16855" /><F107/><W65/><G115/><T46/><D46/><U123/><E118/><V97/><F105/><W87/><G113/><T94/><D94/><U112/><E112/><V23/><F6/><W15/><G78/><T5/><D5/><U69/><E123/><V14/><F14/><W119/><G119/><T42/><D42/><U60/><E43/><V99/><F93/><W128/><G128/><T90/><D90/><U89/><E25/><V96/><F23/><W44/><G44/><T125/><D125/><U52/><E12/><V101/><F101/><W20/><REACH who="3" step="1"/><G74/><REACH who="3" ten="291,497,192,0" step="2"/><T82/><D82/><U133/><E81/><V48/><AGARI ba="0,2" hai="9,10,11,48,51,55,56,63,96,97,99" m="16855" machi="48" ten="40,8000,1" yaku="8,1,52,3" doraHai="7" who="2" fromWho="2" sc="291,-20,497,-20,192,100,0,-40" owari="271,-13.0,477,58.0,292,9.0,-40,-54.0" /></mjloggm>