<mjloggm ver="2.3"><GO type="169" lobby="0"/><UN n0="%E6%A5%BD%E3%81%97%E3%82%93%E3%81%94" n1="%E6%9C%A8%E5%8E%9F%E8%B1%AA%E4%B8%80" n2="%73%6F%63%63%68%79" n3="%6F%74%73%75%72%75" dan="16,17,17,16" rate="2019.50,2196.08,2236.86,2055.37" sx="M,M,M,F"/><TAIKYOKU oya="0"/><INIT seed="0,0,0,2,0,131" ten="250,250,250,250" oya="0" hai0="71,67,46,111,96,29,83,25,6,18,122,129,21" hai1="59,117,22,120,101,7,66,72,34,33,60,100,28" hai2="8,3,52,37,40,44,116,132,109,1,57,124,70" hai3="64,93,128,69,36,27,95,134,19,91,135,114,53"/><T20/><D129/><U42/><E117/><V82/><F116/><W133/><G128/><T130/><D130/><U4/><E120/><V115/><F115/><W76/><G114/><T13/><D122/><U47/><E72/><V121/><F121/><W97/><G36/><T118/><D118/><U9/><E34/><V94/><F109/><W5/><G5/><T38/><D111/><U104/><E33/><V108/><F108/><W0/><G0/><T14/><D96/><U77/><E77/><V126/><F70/><W106/><G76/><T58/><D71/><U32/><E32/><V31/><F31/><W55/><G106/><T102/><D102/><U54/><E54/><V51/><F132/><W68/><G95/><T2/><D2/><U125/><E7/><V73/><F94/><W86/><G86/><T85/><D38/><U123/><E125/><N who="2" m="48235" /><F8/><W23/><G69/><T75/><D75/><U16/><E28/><V10/><F10/><W81/><G81/><T24/><D46/><U87/><E104/><V79/><AGARI ba="0,0" hai="1,3,37,40,44,51,52,57,73,79,82" m="48235" machi="79" ten="30,2000,0" yaku="18,1,54,1" doraHai="131" who="2" fromWho="2" sc="250,-10,250,-5,250,20,250,-5" /><INIT seed="1,0,0,0,0,13" ten="240,245,270,245" oya="1" hai0="60,44,53,11,99,113,107,89,111,88,97,0,116" hai1="75,100,57,21,23,4,83,114,43,72,49,56,73" hai2="28,15,95,84,127,39,94,103,82,38,17,124,76" hai3="81,129,22,54,86,91,52,14,102,36,122,50,46"/><U40/><E114/><V87/><F28/><W9/><G129/><T27/><D113/><U2/><E100/><V45/><F103/><W93/><G36/><T10/><D116/><U119/><E119/><V8/><F39/><W64/><G64/><T41/><D111/><U74/><E4/><V18/><F38/><W7/><G122/><T101/><D0/><U70/><E2/><V125/><F45/><W68/><G68/><T67/><D53/><U109/><E70/><V61/><F61/><W35/><G35/><T126/><D126/><U63/><E75/><V130/><F130/><W71/><G71/><T66/><D66/><U92/><E92/><N who="2" m="35371" /><F87/><W106/><G106/><T121/><D121/><U118/><E83/><V26/><F26/><W34/><G34/><T120/><D27/><U108/><E118/><V48/><F48/><W131/><G131/><T47/><D120/><U16/><E49/><V33/><F33/><W24/><G102/><T85/><D97/><U69/><E69/><V80/><F80/><W55/><REACH who="3" step="1"/><G81/><REACH who="3" ten="240,245,270,235" step="2"/><T31/><D107/><U123/><E123/><V96/><F96/><W79/><G79/><T78/><D99/><U65/><E109/><V104/><F104/><W6/><G6/><AGARI ba="0,1" hai="6,8,15,17,18,76,82,84,124,125,127" m="35371" machi="6" ten="30,3900,0" yaku="18,1,52,2" doraHai="13" who="2" fromWho="3" sc="240,0,245,0,270,49,235,-39" /><INIT seed="2,0,0,0,0,16" ten="240,245,319,196" oya="2" hai0="40,83,109,134,124,133,129,17,22,99,0,28,25" hai1="98,118,30,51,93,123,76,9,61,60,34,117,56" hai2="35,1,33,48,130,101,58,4,69,59,19,97,126" hai3="41,105,135,70,89,114,75,113,3,111,46,18,2"/><V88/><F69/><W11/><G111/><T64/><D109/><U127/><E123/><V42/><F130/><W86/><G70/><T94/><D0/><U81/><E127/><V122/><F122/><W84/><G105/><T36/><D124/><U5/><E51/><V8/><F126/><W13/><G75/><T54/><D129/><U90/><E30/><V53/><F42/><W74/><G74/><T96/><D64/><U128/><E34/><V108/><F108/><W7/><G135/><T20/><D83/><U63/><E128/><V125/><F125/><W65/><G65/><T106/><D54/><U119/><E56/><V71/><F71/><W43/><G86/><T104/><D40/><N who="3" m="15433" /><G46/><T87/><D36/><U6/><REACH who="1" step="1"/><E9/><REACH who="1" ten="240,235,319,196" step="2"/><V73/><F59/><W50/><G50/><T100/><D133/><U12/><E12/><V132/><F132/><W79/><G3/><T103/><D134/><U121/><E121/><V67/><F35/><W29/><G29/><T27/><REACH who="0" step="1"/><D87/><AGARI ba="0,1" hai="5,6,60,61,63,76,81,87,90,93,98,117,118,119" machi="87" ten="50,3200,0" yaku="1,1,53,1" doraHai="16" doraHaiUra="91" who="1" fromWho="0" sc="240,-32,235,42,319,0,196,0" /><INIT seed="3,0,0,1,4,40" ten="208,277,319,196" oya="3" hai0="130,64,42,57,18,54,71,4,121,69,23,134,24" hai1="109,99,14,68,89,43,104,107,31,86,22,119,88" hai2="65,96,17,80,135,15,47,113,36,6,3,0,111" hai3="62,102,123,91,55,98,33,28,93,53,49,63,19"/><W1/><G1/><T61/><D121/><U35/><E68/><V20/><F113/><W30/><G123/><T101/><D130/><U85/><E35/><V126/><F111/><W103/><G19/><T87/><D134/><U70/><E70/><V50/><F36/><W44/><G33/><T16/><D4/><U108/><E43/><V94/><F135/><W25/><G25/><T131/><D131/><U56/><E56/><V2/><F80/><W115/><G115/><T38/><D101/><N who="3" m="38409" /><G55/><T32/><D32/><U92/><E119/><V127/><F65/><W100/><N who="3" m="38417" /><W105/><DORA hai="90" /><G105/><T81/><D18/><N who="1" m="10583" /><E85/><V10/><F96/><W78/><G78/><T79/><REACH who="0" step="1"/><D64/><REACH who="0" ten="198,277,319,196" step="2"/><U66/><E66/><V97/><F127/><W114/><G114/><T21/><D21/><U84/><E31/><AGARI ba="0,1" hai="28,30,31,44,49,53,62,63,91,93,98" m="38417" machi="31" ten="30,5800,0" yaku="8,1,52,2" doraHai="40,90" who="3" fromWho="1" sc="198,0,277,-58,319,0,196,68" /><INIT seed="3,1,0,3,1,35" ten="198,219,319,264" oya="3" hai0="112,7,123,117,107,126,4,96,24,74,127,125,26" hai1="66,55,116,97,88,83,37,68,129,28,49,56,5" hai2="65,40,51,76,132,59,53,0,95,34,60,38,20" hai3="33,128,6,10,45,39,131,42,118,25,3,2,31"/><W27/><G118/><T62/><D117/><U100/><E129/><N who="3" m="49738" /><G27/><N who="0" m="10283" /><D123/><U93/><E116/><V102/><F34/><W29/><G31/><T14/><D112/><U133/><E133/><V19/><F132/><W115/><G115/><T32/><D32/><U41/><E28/><V91/><F76/><W87/><G87/><T22/><D62/><U120/><E120/><V109/><F102/><W81/><G81/><T1/><D74/><U52/><E55/><V18/><F109/><W98/><G98/><T54/><D54/><U134/><E5/><N who="0" m="2121" /><D96/><U122/><E122/><V101/><F101/><W70/><G70/><T13/><D107/><U23/><E134/><V130/><F130/><W86/><G86/><T82/><D82/><U11/><E83/><V113/><F113/><W89/><G89/><T106/><D106/><U57/><E68/><V63/><F0/><AGARI ba="1,0" hai="0,2,3,6,10,25,29,33,39,42,45" m="49738" machi="0" ten="30,12000,1" yaku="19,1,23,1,52,3" doraHai="35" who="3" fromWho="2" sc="198,0,219,0,319,-123,264,123" /><INIT seed="3,2,0,2,3,11" ten="198,219,196,387" oya="3" hai0="85,74,99,69,12,29,32,125,40,3,65,110,129" hai1="112,4,68,126,122,123,45,98,43,114,23,133,89" hai2="46,21,79,17,55,27,9,19,88,106,124,48,20" hai3="44,118,81,50,102,84,64,90,15,1,115,8,6"/><W66/><G118/><T7/><D74/><U22/><E68/><V104/><F124/><W131/><G115/><T107/><D40/><U28/><E126/><V26/><F79/><W49/><G131/><T18/><D125/><U97/><E4/><V83/><REACH who="2" step="1"/><F9/><REACH who="2" ten="198,219,186,387" step="2"/><W33/><G1/><T116/><D129/><U108/><E114/><V62/><F62/><W82/><G33/><T31/><D116/><U56/><E112/><V0/><F0/><W30/><G30/><T132/><D32/><U130/><E130/><V13/><F13/><W135/><G135/><T61/><D132/><U103/><E133/><V80/><F80/><W63/><G63/><T134/><D134/><U101/><E22/><V127/><F127/><W105/><G82/><T73/><D3/><U76/><E23/><V38/><F38/><W2/><G2/><T16/><D29/><U51/><E28/><V53/><F53/><W93/><G15/><T14/><D31/><U60/><E76/><V39/><F39/><W5/><G8/><T24/><D7/><U95/><E60/><V109/><F109/><W25/><G81/><T54/><D110/><U77/><E77/><V59/><F59/><W47/><G5/><T78/><D73/><U41/><E56/><V119/><F119/><W34/><G6/><T121/><D54/><U113/><E108/><V10/><F10/><W92/><G34/><T71/><D61/><U86/><E113/><V57/><F57/><W91/><G25/><T75/><D78/><U87/><E43/><V42/><F42/><W117/><G117/><T35/><D75/><RYUUKYOKU ba="2,1" sc="198,-10,219,-10,186,30,387,-10" hai2="17,19,20,21,26,27,46,48,55,83,88,104,106" /><INIT seed="4,3,1,4,4,74" ten="188,209,216,377" oya="0" hai0="93,135,57,22,100,106,21,107,71,14,65,3,11" hai1="9,109,112,113,56,114,2,85,41,119,77,132,86" hai2="128,37,8,69,23,5,43,88,24,66,7,127,111" hai3="29,59,17,105,35,99,27,16,13,122,130,108,101"/><T49/><D135/><U38/><E109/><V120/><F111/><W83/><G108/><T15/><D3/><U51/><E132/><V25/><F120/><W90/><G130/><T34/><D34/><U50/><E119/><V40/><F128/><W58/><G122/><T95/><D71/><U63/><E38/><V52/><F127/><W36/><G36/><T104/><D15/><U44/><E51/><V47/><F43/><W1/><G1/><T19/><D100/><U12/><E2/><V97/><F66/><W64/><G17/><T46/><D65/><N who="1" m="39143" /><E77/><V33/><F69/><W73/><G64/><T79/><D57/><U6/><AGARI ba="3,1" hai="6,9,12,41,44,50,85,86,112,113,114" m="39143" machi="6" ten="30,2000,0" yaku="15,1,11,1" doraHai="74" who="1" fromWho="1" sc="188,-13,209,39,216,-8,377,-8" /><INIT seed="5,0,0,2,4,41" ten="175,248,208,369" oya="1" hai0="30,4,90,61,10,135,115,103,17,107,18,57,104" hai1="33,65,98,26,95,96,48,39,37,109,27,116,123" hai2="79,122,58,13,82,106,53,76,86,108,75,36,47" hai3="40,49,77,72,21,132,19,7,62,35,121,129,25"/><U102/><E123/><V9/><F122/><W11/><G121/><T120/><D120/><RYUUKYOKU type="kaze4" ba="0,0" sc="175,0,248,0,208,0,369,0" /><INIT seed="5,1,0,5,5,132" ten="175,248,208,369" oya="1" hai0="33,4,62,27,14,24,116,118,51,21,41,81,8" hai1="90,13,0,36,86,11,37,64,127,119,124,71,84" hai2="104,134,101,47,128,92,20,10,42,19,60,50,69" hai3="102,65,34,94,95,28,79,111,88,83,32,61,72"/><U29/><E119/><V80/><F134/><W82/><G111/><T15/><D62/><N who="1" m="40343" /><E0/><V135/><F135/><W110/><G110/><T87/><D33/><U26/><E26/><V54/><F128/><W63/><G28/><T123/><D123/><U12/><E29/><V59/><F104/><W113/><G113/><T93/><D93/><U22/><E22/><V96/><F69/><W39/><G39/><N who="1" m="14922" /><E90/><V74/><F74/><W2/><G2/><T75/><D75/><U105/><E105/><V25/><F80/><W58/><G83/><T6/><D116/><U66/><E66/><V5/><F10/><W115/><G115/><T3/><D118/><U117/><E117/><V67/><F5/><W103/><G95/><T52/><D3/><U125/><E13/><V130/><REACH who="2" step="1"/><F130/><REACH who="2" ten="175,248,198,369" step="2"/><W45/><G82/><T55/><D4/><AGARI ba="1,1" hai="4,11,12,84,86,124,125,127" m="14922,40343" machi="4" ten="40,12000,1" yaku="18,1,52,3" doraHai="132" who="1" fromWho="0" sc="175,-123,248,133,198,0,369,0" /><INIT seed="5,2,0,3,1,135" ten="52,381,198,369" oya="1" hai0="129,106,68,35,77,57,0,42,4,6,71,79,122" hai1="101,48,8,84,99,115,28,123,34,112,76,72,102" hai2="56,46,70,117,10,118,127,41,47,59,91,55,74" hai3="132,62,114,19,33,73,32,78,110,124,95,36,85"/><U108/><E123/><V120/><F74/><W89/><G110/><T14/><D122/><U65/><E65/><V51/><F120/><W20/><G132/><T37/><D0/><U128/><E108/><V66/><F91/><W121/><G121/><T2/><D2/><U11/><E72/><V107/><F10/><W40/><G114/><N who="1" m="43562" /><E102/><V116/><F107/><W63/><G36/><T9/><D35/><U45/><E28/><V119/><N who="2" m="29696" /><DORA hai="13" /><V67/><F127/><W80/><G40/><T86/><D106/><U52/><E34/><V113/><F113/><W1/><G1/><T134/><D134/><U64/><E64/><N who="2" m="24619" /><F70/><W5/><G124/><T30/><D129/><U21/><E21/><V44/><F59/><W111/><G111/><T58/><D30/><U54/><E128/><V94/><F94/><W25/><G33/><T104/><D104/><N who="1" m="63551" /><E84/><V125/><F125/><W92/><G32/><T43/><D86/><U93/><E93/><V97/><F97/><W82/><G92/><T126/><D126/><U18/><E76/><V87/><F87/><W27/><G95/><T24/><D9/><U12/><E11/><V22/><F22/><W75/><G20/><T26/><REACH who="0" step="1"/><D37/><AGARI ba="2,0" hai="37,41,44,46,47,51,55,56" m="24619,29696" machi="37" ten="60,3900,0" yaku="34,2" doraHai="135,13" who="2" fromWho="0" sc="52,-45,381,0,198,45,369,0" /><INIT seed="6,0,0,0,3,23" ten="7,381,243,369" oya="2" hai0="9,18,119,104,117,126,62,85,12,122,112,121,97" hai1="103,54,83,82,129,49,69,31,17,91,6,14,81" hai2="1,20,52,25,5,21,84,108,61,55,44,43,70" hai3="13,101,118,77,46,114,90,132,41,65,24,38,100"/><V110/><F21/><W59/><G118/><N who="0" m="45067" /><D104/><U7/><E69/><V135/><F135/><W95/><G132/><T74/><D74/><U35/><E129/><V76/><F1/><W42/><G77/><T75/><D75/><U96/><E91/><V58/><F5/><W15/><G42/><T94/><D62/><U2/><E2/><V30/><F70/><W93/><G93/><T33/><D85/><U72/><E72/><V39/><REACH who="2" step="1"/><F55/><REACH who="2" ten="7,381,233,369" step="2"/><W78/><G114/><T3/><D94/><U131/><E7/><V86/><F86/><W36/><G36/><T29/><D97/><U105/><E6/><V88/><F88/><W71/><G71/><T124/><D112/><U79/><E54/><V102/><F102/><W87/><G78/><T92/><D92/><U47/><E79/><V19/><F19/><W127/><G100/><T107/><D107/><U64/><E17/><V4/><F4/><W113/><G113/><T123/><D3/><U111/><E103/><V51/><F51/><W63/><G101/><T68/><D68/><U106/><E49/><V133/><F133/><W115/><G115/><T45/><D45/><U48/><E47/><V73/><F73/><W67/><G87/><T50/><D50/><U34/><E48/><V27/><F27/><AGARI ba="0,1" hai="9,12,18,27,29,33,121,122,123,124,126" m="45067" machi="27" ten="40,8000,1" yaku="12,1,34,2,52,1" doraHai="23" who="0" fromWho="2" sc="7,90,381,0,233,-80,369,0" /><INIT seed="7,0,0,2,5,22" ten="97,381,153,369" oya="3" hai0="50,74,28,109,107,73,133,123,89,120,66,117,14" hai1="13,127,29,76,85,3,132,23,84,129,75,90,65" hai2="9,98,59,78,36,91,15,115,96,16,105,128,57" hai3="35,130,32,42,80,125,79,118,12,21,62,24,111"/><W33/><G118/><T4/><D117/><U134/><E3/><V113/><F36/><W46/><G125/><T47/><D109/><U56/><E127/><V99/><F128/><W102/><G130/><T93/><D107/><U39/><E39/><V48/><F105/><W52/><G111/><T30/><D133/><N who="1" m="51307" /><E129/><V81/><F91/><W55/><G12/><T53/><D66/><U26/><E13/><V70/><F70/><W94/><G94/><T34/><D120/><U41/><E41/><V121/><F121/><W20/><G20/><T100/><D123/><U126/><E126/><V5/><F5/><W10/><G10/><T108/><D108/><U18/><E18/><V106/><F106/><W17/><G102/><T44/><D100/><U77/><E75/><N who="2" m="43231" /><F48/><W67/><G42/><T51/><D4/><U43/><E43/><V61/><F61/><W2/><G2/><T68/><D14/><U0/><E0/><V101/><F101/><W131/><G46/><T95/><D68/><U112/><E85/><V86/><F86/><W38/><G38/><T31/><D34/><U37/><E37/><V1/><F1/><W92/><G92/><T72/><REACH who="0" step="1"/><D89/><REACH who="0" ten="87,381,153,369" step="2"/><U116/><E116/><V97/><F15/><W60/><G131/><T40/><AGARI ba="0,1" hai="28,30,31,40,44,47,50,51,53,72,73,74,93,95" machi="40" ten="40,5200,0" yaku="1,1,2,1,0,1,53,0" doraHai="22" doraHaiUra="11" who="0" fromWho="0" sc="87,62,381,-13,153,-13,369,-26" owari="149,-25.0,368,47.0,140,-36.0,343,14.0" /></mjloggm>