<mjloggm ver="2.3"><GO type="169" lobby="0"/><UN n0="%E8%8B%A5%E5%AE%AE%E6%98%8E%E6%97%A5%E9%A6%99" n1="%4A%65%74%2E%42" n2="%49%63%65%6D%61%6E" n3="%E6%B6%88%E8%B2%BB%E7%A8%8E%E3%82%AD%E3%83%AA%E3%83%B3" dan="17,18,16,16" rate="2216.62,2194.05,2105.97,2078.01" sx="F,M,M,M"/><TAIKYOKU oya="0"/><INIT seed="0,0,0,5,1,99" ten="250,250,250,250" oya="0" hai0="65,17,134,8,60,7,49,10,57,59,31,14,1" hai1="51,109,67,89,23,30,15,18,21,55,3,2,79" hai2="38,61,82,50,4,116,120,118,27,87,26,127,111" hai3="130,36,106,121,103,0,105,90,29,37,9,5,40"/><T117/><D117/><N who="2" m="45162" /><F111/><W69/><G90/><T22/><D134/><U73/><E109/><V47/><F120/><W24/><G121/><T11/><REACH who="0" step="1"/><D31/><REACH who="0" ten="240,250,250,250" step="2"/><U114/><E30/><V95/><F127/><W71/><G130/><T133/><D133/><U101/><E114/><V124/><F124/><W63/><G40/><T48/><D48/><U122/><E51/><V56/><F38/><W32/><G106/><T119/><D119/><U78/><E122/><V39/><F39/><N who="3" m="14923" /><G63/><T41/><D41/><U125/><E125/><V112/><F112/><W44/><G44/><T115/><D115/><U135/><E135/><V126/><F126/><W28/><G28/><T108/><D108/><U92/><E3/><V42/><F42/><W102/><G102/><T113/><D113/><U62/><E101/><V25/><F47/><W66/><G66/><T128/><D128/><U77/><E2/><V107/><F107/><W34/><G34/><T58/><D58/><U93/><E67/><V20/><F50/><W86/><G86/><T68/><D68/><U81/><E62/><V96/><F61/><W6/><G71/><T84/><D84/><N who="1" m="50319" /><E55/><AGARI ba="0,1" hai="1,7,8,10,11,14,17,22,49,55,57,59,60,65" machi="55" ten="40,2000,0" yaku="1,1,53,0" doraHai="99" doraHaiUra="80" who="0" fromWho="1" sc="240,30,250,-20,250,0,250,0" /><INIT seed="0,1,0,1,3,20" ten="270,230,250,250" oya="0" hai0="54,0,15,35,84,6,129,93,30,52,73,102,13" hai1="23,79,111,8,133,26,121,88,75,14,124,134,81" hai2="16,108,128,95,110,63,125,17,118,21,68,76,109" hai3="7,10,113,61,78,89,62,22,55,48,106,83,4"/><T56/><D73/><U119/><E119/><V91/><F125/><W80/><G106/><T46/><D0/><U57/><E121/><V3/><F128/><W90/><G113/><T25/><D129/><U101/><E124/><V60/><F3/><W36/><G36/><T116/><D116/><U87/><E101/><V11/><F76/><W65/><G48/><T18/><D6/><U51/><E111/><V12/><F118/><W24/><G55/><T41/><D13/><U39/><E39/><V85/><REACH who="2" step="1"/><F68/><REACH who="2" ten="270,230,240,250" step="2"/><W135/><G135/><T105/><D105/><U27/><E79/><V123/><F123/><W32/><G78/><T71/><D71/><U40/><E75/><V37/><F37/><W122/><G122/><T49/><D56/><U42/><E134/><V59/><F59/><N who="3" m="37055" /><G32/><T66/><D66/><U131/><E131/><V64/><F64/><W38/><G38/><T132/><D132/><U86/><E133/><V117/><F117/><W50/><G62/><T2/><D2/><U28/><E57/><V126/><F126/><W19/><G50/><T53/><D53/><U96/><E51/><V99/><F99/><W58/><G58/><T9/><REACH who="0" step="1"/><D84/><REACH who="0" ten="260,230,240,250" step="2"/><U74/><E74/><V47/><F47/><W5/><G10/><T43/><D43/><U70/><E70/><V29/><F29/><W45/><G45/><T69/><D69/><U120/><E120/><V98/><F98/><AGARI ba="1,2" hai="9,15,18,25,30,35,41,46,49,52,54,93,98,102" machi="98" ten="40,7700,0" yaku="1,1,52,1,54,1,53,0" doraHai="20" doraHaiUra="100" who="0" fromWho="2" sc="260,100,230,0,240,-80,250,0" /><INIT seed="0,2,0,3,2,6" ten="360,230,160,250" oya="0" hai0="96,60,17,77,121,26,63,82,9,134,69,125,124" hai1="114,62,5,14,75,46,21,34,115,52,58,130,33" hai2="86,131,22,89,119,135,56,91,65,31,85,99,23" hai3="40,41,48,93,109,44,70,108,123,83,79,18,90"/><T117/><D121/><U66/><E75/><V118/><F131/><W127/><G70/><T113/><D117/><U94/><E130/><V47/><F135/><W81/><G123/><T104/><D113/><N who="1" m="43019" /><E94/><V80/><F99/><W87/><G127/><N who="0" m="48715" /><D134/><U78/><E78/><V133/><F133/><W12/><G40/><T122/><D122/><U120/><E120/><V8/><F47/><W128/><G128/><T72/><D69/><N who="1" m="42199" /><E46/><V13/><F31/><W1/><G1/><T129/><D129/><U29/><E29/><V105/><F105/><W101/><G101/><N who="0" m="62503" /><D26/><U38/><E38/><V15/><F15/><AGARI ba="2,0" hai="9,15,17,60,63,72,77,82" m="62503,48715" machi="15" ten="30,2900,0" yaku="18,1,52,1" doraHai="6" who="0" fromWho="2" sc="360,35,230,0,160,-35,250,0" /><INIT seed="0,3,0,5,4,69" ten="395,230,125,250" oya="0" hai0="116,108,86,103,79,39,110,52,24,68,105,56,63" hai1="127,41,111,25,33,83,38,48,88,35,14,92,124" hai2="67,114,96,70,125,89,133,22,80,23,74,27,6" hai3="21,10,20,50,59,130,11,32,85,84,45,101,78"/><T36/><D116/><U40/><E111/><N who="0" m="42537" /><D68/><U73/><E48/><V55/><F114/><W81/><G32/><T37/><D24/><U115/><E115/><V9/><F125/><N who="1" m="48201" /><E14/><V2/><F133/><W97/><G130/><T54/><D105/><U120/><E120/><V134/><F67/><W65/><G85/><T51/><D103/><U123/><E123/><V0/><F70/><W104/><G65/><N who="0" m="39143" /><D51/><U66/><E66/><V62/><F27/><W93/><G59/><T129/><D129/><U47/><E25/><V72/><F62/><W12/><G10/><T18/><D18/><U57/><E57/><V122/><F9/><W113/><G104/><T91/><D79/><N who="1" m="44527" /><E41/><V44/><F122/><W60/><G60/><T13/><D13/><U15/><E15/><V95/><F2/><W118/><G118/><T90/><D90/><U7/><E7/><V119/><F6/><W106/><G106/><T99/><D99/><AGARI ba="3,0" hai="33,35,38,40,47,88,92,99" m="44527,48201" machi="99" ten="30,3900,0" yaku="18,1,52,1,54,1" doraHai="69" who="1" fromWho="0" sc="395,-48,230,48,125,0,250,0" /><INIT seed="1,0,0,2,4,77" ten="347,278,125,250" oya="1" hai0="76,40,10,124,87,62,9,3,1,112,8,95,84" hai1="128,107,56,14,108,51,52,65,0,28,94,53,32" hai2="111,106,42,29,50,131,33,86,66,67,120,46,123" hai3="16,74,25,48,93,24,109,55,71,59,39,6,41"/><U7/><E107/><V44/><F106/><W133/><G6/><T78/><D112/><U103/><E128/><V26/><F111/><W102/><G109/><T100/><D124/><U99/><E0/><V79/><F131/><W68/><G133/><T72/><D40/><U117/><E108/><V12/><F12/><W34/><G74/><T60/><D72/><U118/><E65/><V63/><F66/><W110/><G110/><T61/><D100/><U96/><E96/><V54/><F79/><N who="0" m="30250" /><D95/><U116/><E53/><V64/><F86/><AGARI ba="0,0" hai="1,3,8,9,10,60,61,62,84,86,87" m="30250" machi="86" ten="40,2600,0" yaku="28,2" doraHai="77" who="0" fromWho="2" sc="347,26,278,0,125,-26,250,0" /><INIT seed="2,0,0,0,3,71" ten="373,278,99,250" oya="2" hai0="48,127,128,30,92,31,65,85,51,46,38,26,36" hai1="89,61,0,14,126,33,84,103,123,45,124,121,97" hai2="133,131,130,95,132,20,66,9,41,15,69,76,117" hai3="70,135,86,109,40,63,57,29,4,39,114,19,49"/><V108/><F117/><W115/><G29/><T27/><D65/><U52/><E0/><V7/><F76/><W47/><G4/><T34/><D128/><N who="2" m="49194" /><F95/><W11/><G11/><T21/><D127/><N who="1" m="48683" /><E33/><V1/><F41/><W42/><G19/><T67/><D67/><U59/><E45/><V77/><F77/><W110/><G86/><T74/><D74/><U73/><E14/><V78/><F78/><W87/><G87/><T68/><D68/><U22/><E22/><V2/><F66/><N who="3" m="41311" /><G40/><T106/><D106/><N who="1" m="63855" /><E73/><V102/><F102/><W104/><G104/><T99/><D85/><U53/><E84/><V88/><F69/><W50/><G135/><N who="2" m="51785" /><F88/><W13/><G13/><T32/><D51/><N who="3" m="19465" /><G57/><T111/><D21/><U35/><E89/><V43/><F43/><W28/><G28/><T16/><D16/><U72/><E72/><V10/><F20/><W3/><G3/><N who="2" m="1033" /><F10/><W116/><G116/><T62/><D92/><U79/><E79/><V105/><F105/><W24/><G24/><T91/><D91/><U120/><E120/><V122/><F122/><W55/><G55/><T94/><D94/><U98/><E53/><V18/><F18/><W5/><G5/><T134/><D134/><U129/><E129/><V25/><F25/><W56/><G56/><T81/><D26/><U64/><E123/><V100/><F100/><W112/><AGARI ba="0,0" hai="39,42,47,109,110,112,114,115" m="19465,41311" machi="112" ten="40,8000,1" yaku="11,1,34,2,52,1" doraHai="71" who="3" fromWho="3" sc="373,-20,278,-20,99,-40,250,80" /><INIT seed="3,0,0,2,3,46" ten="353,258,59,330" oya="3" hai0="51,14,96,12,99,71,18,120,32,78,20,37,111" hai1="117,23,66,135,98,115,77,27,31,61,128,67,45" hai2="0,91,47,34,2,95,81,114,93,103,55,33,36" hai3="19,112,87,80,64,132,76,74,40,83,52,72,134"/><W41/><G64/><T121/><D32/><U50/><E115/><V119/><F119/><W88/><G112/><T63/><D37/><U126/><E117/><V104/><F114/><W58/><G19/><T92/><D78/><U38/><E38/><V1/><F104/><W69/><G69/><T131/><D111/><U100/><E126/><V13/><F81/><W89/><G72/><T56/><D71/><U11/><E135/><N who="3" m="51754" /><G89/><T94/><D131/><U35/><E128/><V84/><F36/><W28/><G28/><T24/><D120/><U6/><E77/><V29/><F29/><W44/><G44/><T26/><D121/><U8/><E35/><V102/><F102/><W130/><G130/><T10/><D94/><U82/><E82/><V113/><F113/><W107/><G107/><T49/><D26/><U17/><E17/><V116/><F116/><W79/><G79/><T15/><D10/><U4/><E11/><V30/><F30/><W57/><G57/><T106/><D106/><U125/><E66/><V109/><F109/><W3/><G3/><T21/><D21/><U22/><E22/><V25/><F25/><W124/><G124/><T68/><D68/><N who="1" m="42095" /><E8/><V39/><F39/><W70/><G70/><T54/><D99/><U53/><E125/><V127/><F127/><W85/><G74/><T110/><D110/><U118/><E118/><V133/><F133/><W97/><G97/><T65/><D65/><U48/><E98/><N who="2" m="59871" /><F13/><W9/><G9/><T123/><D123/><U5/><E100/><AGARI ba="0,0" hai="12,14,15,18,20,24,49,51,54,56,63,92,96,100" machi="100" ten="40,5200,0" yaku="8,1,52,2" doraHai="46" who="0" fromWho="1" sc="353,52,258,-52,59,0,330,0" /><INIT seed="4,0,0,3,2,78" ten="405,206,59,330" oya="0" hai0="73,60,3,84,88,8,82,15,90,80,52,120,81" hai1="77,133,67,38,104,130,107,103,75,37,62,113,21" hai2="65,125,41,46,118,0,44,126,100,13,116,10,59" hai3="66,5,132,47,72,96,114,14,1,71,119,53,128"/><T106/><D106/><N who="1" m="40491" /><E21/><V134/><F100/><W50/><G96/><T43/><D120/><U27/><E27/><V17/><F0/><W99/><G99/><T7/><D73/><U42/><E103/><V28/><F28/><W76/><G14/><T9/><D43/><U35/><E133/><V129/><F134/><W48/><G132/><T55/><D90/><U4/><E130/><V89/><F89/><W135/><G135/><T58/><D55/><U23/><E23/><V74/><F74/><W29/><G29/><T117/><D117/><N who="2" m="45162" /><F129/><W33/><G33/><T57/><D57/><U6/><E6/><AGARI ba="0,0" hai="3,6,7,8,9,15,52,58,60,80,81,82,84,88" machi="6" ten="30,18000,2" yaku="7,1,52,3,54,2" doraHai="78" who="0" fromWho="1" sc="405,180,206,-180,59,0,330,0" /><INIT seed="4,1,0,2,4,105" ten="585,26,59,330" oya="0" hai0="130,135,40,66,78,8,52,7,124,54,114,62,91" hai1="4,27,51,17,120,116,89,49,21,19,99,33,122" hai2="35,111,110,50,74,64,104,107,56,123,46,77,100" hai3="93,38,25,69,82,9,22,29,61,112,6,92,119"/><T108/><D114/><U1/><E116/><V55/><F123/><W43/><G119/><T127/><D78/><U109/><E109/><V23/><F35/><W96/><G112/><T128/><D108/><U79/><E79/><V45/><F104/><W67/><G82/><T75/><D75/><U71/><E71/><V95/><F107/><W42/><G38/><T97/><D40/><U101/><E89/><V126/><F64/><W3/><G93/><N who="0" m="56511" /><D135/><U133/><E19/><V72/><F77/><W10/><G10/><T98/><D98/><U16/><E17/><V14/><F95/><W13/><G3/><T131/><D8/><N who="1" m="2063" /><E133/><V113/><F110/><W47/><G47/><T76/><D7/><U2/><E2/><V5/><F5/><W90/><AGARI ba="1,0" hai="6,9,13,22,25,29,42,43,61,67,69,90,92,96" machi="90" ten="20,1500,0" yaku="0,1,7,1" doraHai="105" who="3" fromWho="3" sc="585,-8,26,-5,59,-5,330,18" /><INIT seed="5,0,0,5,5,133" ten="577,21,54,348" oya="1" hai0="34,64,8,6,23,71,112,63,131,106,122,32,80" hai1="30,18,16,22,76,38,82,1,65,46,27,61,90" hai2="17,128,78,130,114,132,87,96,92,93,43,134,14" hai3="75,31,70,67,15,85,60,62,97,135,81,83,108"/><U104/><E104/><V113/><F14/><W126/><G135/><N who="2" m="51753" /><F17/><W57/><G57/><T68/><D23/><U109/><E1/><V36/><F43/><W103/><G108/><T3/><D112/><N who="2" m="43114" /><F36/><W125/><G60/><T51/><D51/><U100/><E109/><V4/><F4/><W13/><G75/><T94/><D94/><N who="2" m="36458" /><F96/><W129/><G31/><T95/><D6/><U56/><E100/><V89/><F78/><W98/><G129/><T69/><D131/><U86/><REACH who="1" step="1"/><E76/><REACH who="1" ten="577,11,54,348" step="2"/><V10/><F10/><W58/><G103/><T45/><D8/><U2/><E2/><V5/><F5/><W7/><G7/><T121/><D3/><U29/><E29/><V50/><F50/><W55/><G98/><T99/><D99/><U52/><E52/><V35/><F35/><W53/><G97/><T26/><D32/><U48/><E48/><V88/><F89/><W19/><G53/><T116/><D34/><U123/><E123/><V66/><F66/><W9/><G83/><AGARI ba="0,1" hai="83,87,88,128,130" m="36458,43114,51753" machi="83" ten="40,12000,2" yaku="20,1,15,1,11,1,34,2,54,1" doraHai="133" who="2" fromWho="3" sc="577,0,11,0,54,130,348,-120" /><INIT seed="6,0,0,3,2,65" ten="577,11,184,228" oya="2" hai0="135,102,106,111,80,35,83,40,73,133,58,92,16" hai1="98,85,8,109,41,14,46,61,31,86,11,122,30" hai2="132,34,67,82,78,104,90,88,134,89,94,103,71" hai3="52,108,128,125,15,3,57,123,21,48,75,6,27"/><V91/><F34/><W43/><G75/><T87/><D35/><U127/><E109/><V129/><F129/><W62/><G3/><T66/><D40/><U118/><E118/><V19/><F19/><W18/><G108/><T47/><D47/><U112/><E112/><V7/><F7/><W101/><G128/><T5/><D58/><U22/><E127/><V97/><F67/><W53/><G125/><T113/><D92/><U107/><E122/><V23/><F23/><W105/><G123/><T84/><D87/><U44/><E61/><V77/><F71/><W0/><G43/><T45/><D45/><U26/><E107/><V100/><F100/><W59/><G0/><T25/><D113/><U4/><E98/><N who="2" m="57695" /><F82/><W20/><G105/><T70/><D83/><U50/><E44/><V24/><F24/><W13/><G101/><T130/><D102/><U117/><E117/><V110/><F110/><W10/><G27/><T49/><D25/><U33/><E33/><V121/><F121/><W63/><G48/><T79/><D49/><U120/><E120/><V76/><AGARI ba="0,0" hai="76,77,78,88,89,90,97,103,104,132,134" m="57695" machi="76" ten="40,7800,0" yaku="34,2,54,1" doraHai="65" who="2" fromWho="2" sc="577,-26,11,-26,184,78,228,-26" owari="551,66.0,-15,-52.0,262,6.0,202,-20.0" /></mjloggm>