<mjloggm ver="2.3"><GO type="169" lobby="0"/><UN n0="%6D%61%6B%6F%74%61" n1="%4B%57" n2="%E3%81%A8%E3%81%B3%E3%81%BE%E3%81%93" n3="%E3%81%A4%E3%82%89%E3%81%84%E3%80%82" dan="16,16,16,16" rate="2045.10,2016.87,2115.46,2083.14" sx="M,M,M,M"/><TAIKYOKU oya="0"/><INIT seed="0,0,0,1,0,77" ten="250,250,250,250" oya="0" hai0="97,68,86,17,80,1,57,47,106,5,75,89,93" hai1="87,39,21,9,133,70,67,62,69,96,104,30,118" hai2="124,109,26,51,56,108,40,126,15,117,29,122,120" hai3="46,111,129,132,58,112,115,0,66,37,73,36,44"/><T43/><D68/><U125/><E118/><V105/><F105/><W3/><G73/><T74/><D5/><U33/><E39/><N who="3" m="14922" /><G0/><T127/><D1/><U45/><E133/><V53/><F40/><W119/><G3/><T60/><D106/><U27/><E45/><N who="3" m="17514" /><G119/><T55/><D127/><N who="2" m="48682" /><F15/><W10/><G10/><T4/><D4/><U116/><E116/><V90/><F90/><W35/><G35/><T11/><D11/><U131/><E125/><V121/><F117/><W103/><G103/><T18/><D74/><U82/><E9/><V85/><F85/><W41/><G41/><T24/><D24/><U113/><E27/><V83/><F83/><W25/><G25/><T8/><D8/><U14/><E82/><V88/><F88/><W13/><G13/><T61/><D61/><U98/><E14/><V81/><F81/><W6/><G6/><T78/><REACH who="0" step="1"/><D75/><REACH who="0" ten="240,250,250,250" step="2"/><U114/><E62/><V72/><F72/><W20/><G132/><T128/><D128/><U71/><E131/><V130/><F130/><W31/><G129/><T102/><D102/><U7/><E7/><V63/><F63/><N who="3" m="38263" /><G111/><T65/><D65/><U100/><E67/><V91/><F109/><W50/><G50/><AGARI ba="0,1" hai="17,18,43,47,50,55,57,60,78,80,86,89,93,97" machi="50" ten="30,11600,0" yaku="1,1,7,1,8,1,52,1,53,0" doraHai="77" doraHaiUra="28" who="0" fromWho="3" sc="240,126,250,0,250,0,250,-116" /><INIT seed="0,1,0,1,5,41" ten="366,250,250,134" oya="0" hai0="125,122,74,85,31,44,30,42,10,109,67,38,50" hai1="131,134,65,63,112,100,6,33,124,49,9,128,23" hai2="22,113,95,21,93,80,43,60,8,98,105,66,126" hai3="54,62,64,106,91,76,104,36,2,24,132,1,114"/><T111/><D74/><U97/><E33/><V81/><F126/><W130/><G114/><T127/><D122/><U71/><E112/><V53/><F105/><W135/><G36/><T56/><D10/><U73/><E73/><V89/><F113/><W0/><G76/><T129/><D129/><N who="1" m="49739" /><E124/><N who="0" m="47689" /><D85/><U37/><E37/><V103/><F43/><W35/><G91/><T27/><D67/><U121/><E23/><V28/><F53/><W55/><G130/><T86/><D86/><U70/><E134/><N who="3" m="51242" /><G55/><N who="0" m="31863" /><D31/><U88/><E121/><V78/><F8/><W17/><G54/><T11/><D11/><U77/><E9/><V117/><F117/><W29/><G17/><T83/><D83/><N who="2" m="31818" /><F28/><W90/><G90/><T57/><D57/><AGARI ba="1,0" hai="0,1,2,24,29,35,57,62,64,104,106" m="51242" machi="57" ten="40,1300,0" yaku="20,1" doraHai="41" who="3" fromWho="0" sc="366,-16,250,0,250,0,134,16" /><INIT seed="1,0,0,0,0,14" ten="350,250,250,150" oya="1" hai0="22,4,63,78,90,28,66,134,57,107,8,34,76" hai1="101,21,89,25,91,18,31,12,73,118,75,52,62" hai2="29,84,71,113,17,122,36,19,93,38,97,70,3" hai3="48,88,11,0,117,65,109,68,56,49,41,80,105"/><U43/><E118/><V92/><F122/><W128/><G105/><T6/><D34/><U115/><E115/><V50/><F3/><W72/><G117/><T16/><D107/><U94/><E43/><V133/><F29/><W40/><G68/><T126/><D28/><U135/><E135/><V44/><F133/><W24/><G109/><T129/><D129/><U124/><E124/><V2/><F2/><W106/><G106/><T103/><D103/><U120/><E120/><V104/><F104/><W86/><G72/><T125/><D134/><U47/><E101/><V74/><F74/><W5/><G128/><T45/><D45/><U111/><E91/><V85/><F44/><W27/><G65/><T26/><D6/><U1/><E1/><V83/><F50/><W112/><G112/><T82/><D125/><U132/><E111/><V7/><F113/><W61/><G49/><T123/><D123/><U131/><E131/><V32/><F7/><W81/><G81/><T55/><D66/><U121/><E132/><V9/><F9/><W59/><G48/><T33/><D33/><N who="1" m="20719" /><E47/><V54/><F32/><W23/><G27/><T108/><D108/><U98/><E121/><V10/><F10/><W58/><REACH who="3" step="1"/><G61/><REACH who="3" ten="350,250,250,140" step="2"/><T127/><D127/><U39/><E39/><V77/><F83/><W79/><G79/><T110/><D110/><U46/><E62/><V114/><F114/><W64/><G64/><T42/><D126/><U67/><E67/><V119/><F77/><W20/><G20/><T15/><D42/><U95/><E94/><V87/><F93/><W51/><G51/><AGARI ba="0,1" hai="12,18,21,46,51,52,73,75,89,95,98" m="20719" machi="51" ten="30,5800,0" yaku="6,1,52,1,54,1" doraHai="14" who="1" fromWho="3" sc="350,0,250,68,250,0,140,-58" /><INIT seed="1,1,0,2,5,14" ten="350,318,250,82" oya="1" hai0="8,32,113,26,117,133,118,80,9,82,29,94,21" hai1="90,22,92,99,10,110,131,109,50,55,37,5,83" hai2="54,77,67,2,38,60,43,84,3,6,126,112,57" hai3="1,124,40,116,24,46,56,27,51,65,73,107,89"/><U97/><E131/><V16/><F126/><W49/><G124/><T111/><D113/><U93/><E37/><V64/><F112/><W86/><G107/><T66/><D111/><N who="1" m="42507" /><E22/><V33/><F33/><W70/><G73/><T72/><D133/><U105/><E83/><V36/><F77/><W12/><G1/><T39/><D39/><U125/><E105/><V62/><F84/><W74/><G74/><T134/><D134/><U102/><E125/><V123/><F123/><W100/><G100/><T85/><D72/><U17/><E17/><V120/><F120/><W68/><G116/><T91/><D66/><U30/><E30/><V28/><F28/><W13/><G70/><T76/><D82/><U48/><E55/><V108/><F108/><W59/><G68/><T130/><D130/><U79/><E79/><V34/><F34/><W103/><G103/><T129/><D129/><U96/><E99/><V31/><F31/><W71/><G71/><T81/><D81/><U41/><E41/><V0/><F6/><W18/><G65/><T128/><D128/><U98/><E98/><V87/><F87/><W75/><G75/><T135/><D135/><U7/><E7/><V20/><F43/><W61/><G18/><T104/><D104/><U45/><E45/><V53/><F38/><W35/><G35/><T106/><D106/><U44/><E44/><V23/><F36/><W58/><G61/><T47/><D47/><U19/><E19/><V25/><F20/><W121/><G121/><T114/><D114/><U11/><E5/><V95/><F95/><N who="3" m="54711" /><G51/><AGARI ba="1,0" hai="10,11,48,50,51,90,92,93,96,97,102" m="42507" machi="51" ten="30,2900,0" yaku="14,1,10,1" doraHai="14" who="1" fromWho="3" sc="350,0,318,32,250,0,82,-32" /><INIT seed="1,2,0,4,2,132" ten="350,350,250,50" oya="1" hai0="118,135,106,48,98,28,101,117,108,65,18,103,23" hai1="102,2,37,6,99,53,86,21,79,19,34,130,61" hai2="112,75,7,84,40,57,134,64,5,44,10,50,55" hai3="46,124,95,35,109,113,11,59,85,87,88,42,25"/><U119/><E119/><V123/><F75/><W126/><G113/><T114/><D114/><U120/><E120/><V74/><F74/><W100/><G100/><T41/><D135/><U63/><E34/><V94/><F134/><W68/><G68/><T97/><D108/><U52/><E37/><V30/><F123/><W80/><G59/><T47/><D65/><U1/><E130/><V76/><F112/><W105/><G105/><T67/><D67/><U83/><E61/><V91/><F76/><W36/><G11/><T60/><D60/><U43/><E43/><V24/><F64/><W33/><G109/><T15/><REACH who="0" step="1"/><D28/><REACH who="0" ten="340,350,250,50" step="2"/><U54/><E63/><V77/><F77/><W71/><G71/><T58/><D58/><U121/><E121/><V16/><F30/><W4/><G25/><T13/><D13/><U12/><REACH who="1" step="1"/><E6/><REACH who="1" ten="340,340,250,50" step="2"/><V31/><F7/><W62/><G4/><T133/><D133/><U72/><E72/><V110/><F5/><W107/><G62/><T116/><D116/><U66/><E66/><V90/><F110/><W92/><G33/><T17/><D17/><U104/><AGARI ba="2,2" hai="1,2,12,19,21,52,53,54,79,83,86,99,102,104" machi="104" ten="30,11700,0" yaku="1,1,0,1,54,1,53,1" doraHai="132" doraHaiUra="93" who="1" fromWho="1" sc="340,-41,340,143,250,-41,50,-41" /><INIT seed="1,3,0,0,3,18" ten="299,483,209,9" oya="1" hai0="7,37,55,78,75,44,83,53,103,30,42,59,58" hai1="61,36,19,127,71,115,24,111,93,97,47,9,52" hai2="21,54,1,27,62,108,105,8,46,114,35,23,98" hai3="94,14,109,125,16,77,66,64,5,79,124,118,87"/><U130/><E115/><V4/><F108/><W31/><G109/><T99/><D30/><U40/><E111/><V38/><F114/><W20/><G118/><T60/><D7/><U69/><E130/><V73/><F73/><W104/><G104/><T91/><D91/><N who="1" m="55487" /><E9/><V10/><F10/><N who="3" m="4431" /><G31/><T13/><D13/><U128/><E127/><N who="3" m="48714" /><G94/><T15/><D15/><U74/><E74/><V101/><F38/><W34/><G34/><T41/><D41/><U110/><E128/><V45/><F35/><W0/><G0/><T3/><D3/><U80/><E80/><V131/><F131/><W135/><G135/><T92/><REACH who="0" step="1"/><D59/><REACH who="0" ten="289,483,209,9" step="2"/><N who="1" m="35047" /><E110/><V33/><F33/><W65/><G87/><T67/><AGARI ba="3,1" hai="37,42,44,53,55,58,60,67,75,78,83,92,99,103" machi="67" ten="20,2700,0" yaku="1,1,0,1,7,1,53,0" doraHai="18" doraHaiUra="12" who="0" fromWho="0" sc="289,46,483,-16,209,-10,9,-10" owari="335,14.0,467,56.0,199,-20.0,-1,-50.0" /></mjloggm>