<mjloggm ver="2.3"><GO type="225" lobby="0"/><UN n0="%E3%81%BE%E3%82%8A%E3%81%B7%E3%81%85%E3%81%AE%E3%83%95%E3%82%A1%E3%83%B3" n1="%E3%82%8F%E3%81%A3%E3%81%97%E3%82%87%E3%81%84%E5%90%9B%32%E5%8F%B7" n2="%E5%AE%89%E8%97%A4%E3%82%AB%E3%82%B1%E3%83%AB" n3="%E3%83%AD%E3%83%9C%E3%82%B3%E3%83%97" dan="16,18,16,16" rate="2124.72,2284.46,2061.44,2138.07" sx="M,M,M,M"/><TAIKYOKU oya="0"/><INIT seed="0,0,0,4,2,10" ten="250,250,250,250" oya="0" hai0="11,13,55,72,91,125,2,131,134,82,92,128,45" hai1="95,26,73,110,20,19,38,114,37,96,44,113,117" hai2="121,132,79,133,99,61,103,118,101,17,22,63,8" hai3="90,42,62,84,67,58,51,32,28,107,43,5,94"/><T65/><D2/><U81/><E110/><V50/><F121/><W46/><G107/><T27/><D65/><U0/><E0/><V70/><F118/><W12/><G32/><T116/><D116/><U14/><E117/><V18/><F79/><W88/><G28/><T35/><D125/><U89/><E44/><V120/><F120/><W74/><G74/><T135/><D35/><U4/><E4/><V126/><F126/><W104/><G104/><T78/><D27/><U25/><E25/><V86/><F86/><W77/><G77/><T83/><D45/><U102/><E26/><V29/><F29/><W76/><G76/><N who="0" m="44295" /><D55/><U68/><E68/><V39/><F39/><W24/><G24/><T71/><D71/><U40/><E40/><V59/><F50/><W6/><G43/><T31/><D31/><U109/><E73/><V48/><F48/><W41/><G41/><T115/><D115/><N who="1" m="44043" /><E109/><V130/><F70/><W49/><G49/><T16/><D83/><U87/><AGARI ba="0,0" hai="14,19,20,37,38,81,87,89,95,96,102" m="44043" machi="87" ten="30,2000,0" yaku="11,1,52,1" doraHai="10" who="1" fromWho="1" sc="250,-10,250,20,250,-5,250,-5" /><INIT seed="1,0,0,3,3,73" ten="240,270,245,245" oya="1" hai0="93,99,121,18,128,32,19,20,7,3,16,108,37" hai1="5,31,124,114,8,89,13,53,33,78,80,109,88" hai2="10,69,70,41,30,123,29,107,58,52,85,118,92" hai3="57,14,79,134,46,23,45,61,67,50,83,43,86"/><U82/><E114/><V119/><F107/><W26/><G134/><T100/><D108/><U105/><E105/><V4/><F123/><W111/><G111/><T59/><D121/><U49/><E109/><V87/><F41/><W38/><G14/><T15/><D128/><U56/><E124/><V66/><F118/><W48/><REACH who="3" step="1"/><G46/><REACH who="3" ten="240,270,245,235" step="2"/><T74/><D3/><U129/><E129/><V68/><F119/><W127/><G127/><T34/><D15/><U95/><E13/><V117/><F117/><W12/><G12/><T35/><D7/><U84/><E5/><V6/><F4/><W47/><G47/><T97/><D74/><U64/><E8/><V42/><F10/><W28/><AGARI ba="0,1" hai="23,26,28,38,43,45,48,50,57,61,67,79,83,86" machi="28" ten="20,5200,0" yaku="1,1,0,1,7,1,52,1,53,0" doraHai="73" doraHaiUra="90" who="3" fromWho="3" sc="240,-13,270,-26,245,-13,235,62" /><INIT seed="2,0,0,3,4,20" ten="227,244,232,297" oya="2" hai0="50,96,0,13,6,44,24,47,75,132,11,3,72" hai1="10,36,22,123,56,115,99,19,27,8,59,42,5" hai2="65,81,107,4,66,28,76,31,134,79,30,113,114" hai3="124,14,125,48,129,87,103,35,118,95,105,26,58"/><V71/><F107/><W2/><G2/><T88/><D132/><U54/><E115/><V29/><F134/><W1/><G1/><T74/><D44/><U51/><E123/><V17/><N who="2" m="7168" /><DORA hai="86" /><V82/><F4/><W119/><G35/><T69/><D69/><U38/><E42/><V40/><F40/><W108/><G105/><T91/><D24/><U117/><E117/><V53/><F53/><W126/><G26/><T100/><D0/><U128/><E128/><V133/><F133/><W70/><G70/><T106/><REACH who="0" step="1"/><D3/><REACH who="0" ten="217,244,232,297" step="2"/><U55/><E27/><V62/><F71/><W41/><G119/><T110/><D110/><U63/><E56/><V34/><F34/><W131/><G108/><T46/><D46/><U84/><E59/><V68/><F68/><W130/><G118/><T64/><D64/><U45/><E45/><V97/><F66/><W109/><G109/><T92/><D92/><U67/><E67/><V116/><F65/><W104/><G58/><T16/><D16/><U61/><E19/><V7/><F17/><W89/><G130/><T60/><D60/><U111/><E111/><V18/><F62/><W121/><G131/><T127/><D127/><U101/><E63/><V12/><F18/><W73/><G129/><T112/><D112/><U94/><E61/><V102/><F116/><W83/><G125/><T120/><D120/><U23/><E94/><N who="2" m="58679" /><F113/><W25/><G126/><T80/><D80/><N who="2" m="30826" /><F114/><W85/><G124/><T90/><D90/><U78/><E5/><V77/><F7/><W122/><G121/><T9/><D9/><U49/><E8/><RYUUKYOKU ba="0,1" sc="217,15,244,-15,232,15,297,-15" hai0="6,11,13,47,50,72,74,75,88,91,96,100,106" hai2="12,76,77,79" /><INIT seed="2,1,1,4,3,31" ten="232,229,247,282" oya="2" hai0="6,38,111,116,122,89,134,29,59,10,120,45,0" hai1="75,25,79,92,83,114,93,110,69,27,55,119,23" hai2="86,18,28,49,24,80,112,127,96,41,135,88,104" hai3="81,62,5,47,16,99,107,2,72,129,58,117,19"/><V132/><F112/><W95/><G117/><T108/><D116/><U125/><E119/><V22/><F127/><W101/><G129/><T54/><D134/><U100/><E114/><V130/><F130/><W121/><G121/><T85/><D29/><U43/><E125/><V13/><F41/><W70/><G70/><T50/><D38/><U65/><E110/><N who="0" m="42025" /><D45/><U73/><E43/><V15/><F49/><W44/><G2/><T57/><D57/><U3/><E3/><V21/><REACH who="2" step="1"/><F15/><REACH who="2" ten="232,229,237,282" step="2"/><W32/><G47/><T64/><D64/><U87/><E65/><V40/><F40/><W133/><G44/><T46/><D46/><U106/><E55/><V14/><F14/><W56/><G133/><T105/><D105/><U126/><E106/><V98/><F98/><W103/><G99/><T8/><D8/><U68/><E126/><V97/><F97/><W48/><G107/><T109/><D109/><U35/><E69/><V20/><F20/><W113/><G48/><T63/><D50/><U115/><E68/><V74/><F74/><W128/><G72/><T102/><D122/><U71/><E71/><V9/><F9/><W39/><G113/><T11/><D120/><U78/><E115/><V53/><F53/><W76/><G128/><T66/><D10/><U84/><E23/><V94/><F94/><W34/><G95/><N who="0" m="54703" /><D54/><U67/><E67/><V12/><F12/><W91/><G39/><T1/><D1/><U124/><E124/><V17/><F17/><W42/><G19/><T90/><D0/><U61/><E92/><V118/><F118/><W33/><G42/><RYUUKYOKU ba="1,2" sc="232,-10,229,-10,237,30,282,-10" hai2="13,18,21,22,24,28,80,86,88,96,104,132,135" /><INIT seed="2,2,2,4,4,10" ten="222,219,267,272" oya="2" hai0="95,29,108,69,85,59,56,25,47,19,88,93,117" hai1="91,44,5,45,78,105,90,77,92,119,84,2,134" hai2="15,27,94,52,123,42,80,43,4,66,107,24,7" hai3="120,31,112,8,12,111,103,50,68,82,102,104,61"/><V39/><F107/><W135/><G120/><T1/><D69/><U3/><E119/><V114/><F123/><W62/><G111/><T109/><D117/><U60/><E105/><V70/><F114/><W89/><G112/><T51/><D1/><U132/><E60/><V97/><F66/><W23/><G135/><N who="1" m="51754" /><E90/><V113/><F70/><W21/><G68/><T48/><D19/><U128/><E128/><V81/><F113/><W64/><G62/><T33/><D95/><U133/><N who="1" m="51762" /><U98/><DORA hai="49" /><E5/><V126/><F126/><W74/><G61/><T121/><D121/><U38/><E45/><V36/><F94/><W125/><G64/><T58/><REACH who="0" step="1"/><D51/><REACH who="0" ten="212,219,267,272" step="2"/><U87/><E2/><V26/><F36/><W131/><G50/><T17/><D17/><U67/><E3/><V122/><F39/><W130/><G130/><T11/><D11/><U30/><E30/><V110/><F122/><W37/><G31/><T32/><D32/><U57/><E38/><V106/><F106/><W46/><G37/><T22/><D22/><U65/><E92/><V96/><F7/><W71/><G104/><T35/><D35/><U53/><E65/><V79/><F4/><W41/><G71/><T34/><D34/><U115/><E67/><V14/><F110/><W72/><G131/><T129/><D129/><U83/><E115/><V20/><F20/><W100/><G23/><T6/><D6/><U55/><E83/><V116/><F81/><W0/><G82/><T16/><D16/><U40/><E98/><V76/><F116/><W99/><G0/><T28/><D28/><RYUUKYOKU ba="2,3" sc="212,30,219,-10,267,-10,272,-10" hai0="25,29,33,47,48,56,58,59,85,88,93,108,109" /><INIT seed="3,3,3,2,0,102" ten="242,209,257,262" oya="3" hai0="46,78,109,35,107,59,101,112,127,5,73,95,51" hai1="3,119,6,31,129,25,120,92,52,81,128,94,28" hai2="133,10,84,125,40,99,116,110,66,22,47,16,15" hai3="21,64,2,34,54,39,23,118,65,61,17,69,85"/><W20/><G118/><T111/><D35/><U67/><E119/><V7/><F116/><W62/><G34/><T1/><D127/><U49/><E120/><V14/><F125/><W131/><G131/><N who="1" m="50250" /><E67/><V29/><F133/><W115/><G115/><T82/><D59/><N who="1" m="33167" /><E81/><V122/><F122/><W104/><G39/><T79/><D79/><U41/><E41/><V44/><F110/><N who="0" m="41994" /><D95/><N who="1" m="36395" /><E25/><V8/><F66/><W45/><G2/><T93/><D93/><U74/><E74/><V98/><F40/><W56/><G104/><T63/><D112/><U87/><E87/><V90/><F44/><W53/><G85/><T12/><D1/><U83/><E83/><N who="2" m="49439" /><F47/><W18/><REACH who="3" step="1"/><G45/><REACH who="3" ten="242,209,257,252" step="2"/><T130/><D130/><U71/><E71/><V75/><F75/><W38/><G38/><T57/><D73/><U33/><E33/><V126/><F126/><W76/><G76/><T30/><D78/><U37/><E37/><V103/><F103/><W68/><G68/><T89/><D101/><U4/><E3/><V134/><F134/><W113/><G113/><T13/><D46/><U48/><E48/><V36/><F36/><W72/><G72/><T9/><D51/><U114/><E114/><V135/><F135/><W88/><G88/><T96/><D89/><U0/><E0/><V86/><F86/><W91/><G91/><T50/><D50/><U77/><E77/><V124/><F124/><W123/><G123/><T80/><D107/><U60/><E60/><V132/><F132/><W19/><AGARI ba="3,4" hai="17,18,19,20,21,23,53,54,56,61,62,64,65,69" machi="19" ten="30,11700,0" yaku="1,1,0,1,53,2" doraHai="102" doraHaiUra="58" who="3" fromWho="3" sc="242,-42,209,-42,257,-42,252,166" owari="200,-20.0,167,-33.0,215,2.0,418,51.0" /></mjloggm>