<mjloggm ver="2.3"><GO type="185" lobby="0"/><UN n0="%E6%A2%B6%E9%9A%86%E8%87%A3" n1="%E5%A4%9A%E6%9E%97%E6%99%8B" n2="%E3%82%86%E3%81%8D%E3%81%86%E3%81%95%E3%81%8E%E2%98%86" n3="" dan="17,16,16,0" rate="2269.38,2192.80,2170.61,1500.00" sx="M,M,F,C"/><TAIKYOKU oya="0"/><INIT seed="0,0,0,1,3,130" ten="350,350,350,0" oya="0" hai0="52,91,108,36,115,68,100,126,92,114,32,1,46" hai1="77,83,50,80,95,54,78,105,75,97,37,3,135" hai2="48,113,131,38,104,41,43,98,88,84,93,0,39" hai3=""/><T116/><D116/><U109/><E3/><V96/><F0/><T2/><D32/><U72/><E37/><V70/><F131/><T33/><D33/><U99/><E109/><V64/><F113/><T122/><N who="0" m="31264" /><T69/><D126/><U55/><E135/><V82/><F104/><T107/><D68/><U127/><E127/><V86/><F38/><T35/><D69/><U117/><E117/><V90/><F39/><T47/><D107/><U73/><E72/><V59/><F70/><T42/><D108/><U134/><E134/><V61/><F48/><T49/><D35/><U66/><E66/><V40/><AGARI ba="0,0" hai="40,41,43,59,61,64,82,84,86,88,90,93,96,98" machi="40" ten="30,3000,0" yaku="0,1,8,1,54,1" doraHai="130" who="2" fromWho="2" sc="350,-20,350,-10,350,30,0,0" /><INIT seed="1,0,0,5,3,61" ten="330,340,380,0" oya="1" hai0="123,131,91,94,1,55,117,71,46,75,93,106,34" hai1="101,96,99,127,52,74,60,0,57,107,118,104,49" hai2="110,42,125,33,51,37,84,53,89,40,39,129,66" hai3=""/><U130/><E0/><V82/><F33/><T87/><N who="0" m="31520" /><T115/><D115/><U68/><E118/><V77/><F110/><T70/><D34/><U132/><E74/><V98/><F129/><T78/><D117/><U56/><E130/><V95/><F125/><T134/><D106/><U112/><E112/><V47/><F37/><T72/><D1/><U133/><E127/><V2/><F2/><T64/><D134/><U32/><E32/><V86/><F39/><T59/><D71/><U79/><E79/><V67/><F98/><T126/><D70/><U83/><E83/><V41/><AGARI ba="0,0" hai="40,41,42,47,51,53,66,67,77,82,84,86,89,95" machi="41" ten="30,5900,0" yaku="0,1,8,1,52,2" doraHai="61" who="2" fromWho="2" sc="330,-20,340,-39,380,59,0,0" /><INIT seed="2,0,0,0,4,68" ten="310,301,439,0" oya="2" hai0="63,117,53,85,42,1,133,40,98,114,54,61,57" hai1="94,106,70,125,103,81,3,46,33,126,127,95,71" hai2="135,60,37,74,107,113,66,128,67,129,58,134,45" hai3=""/><V47/><F74/><T115/><D1/><U62/><E3/><V87/><F107/><T93/><D85/><U69/><E33/><V104/><F104/><T96/><D117/><U109/><E109/><V59/><F87/><T92/><REACH who="0" step="1"/><D57/><REACH who="0" ten="300,301,439,0" step="2"/><U122/><N who="1" m="31264" /><U55/><E81/><V132/><F113/><T100/><D100/><U0/><E0/><V43/><F47/><T121/><N who="0" m="31008" /><T82/><D82/><U64/><E46/><V49/><F59/><T105/><D105/><U65/><E106/><V86/><F86/><T97/><D97/><U89/><E103/><V111/><F111/><T118/><D118/><U79/><E69/><V84/><F84/><T123/><N who="0" m="31520" /><T112/><D112/><U130/><E70/><V50/><REACH who="2" step="1"/><F66/><REACH who="2" ten="300,301,429,0" step="2"/><T108/><D108/><U119/><E65/><V51/><AGARI ba="0,2" hai="37,43,45,49,50,51,58,60,67,128,129,132,134,135" machi="51" ten="40,16000,3" yaku="1,1,2,1,0,1,20,1,34,3,52,1,53,1" doraHai="68" doraHaiUra="36" who="2" fromWho="2" sc="300,-80,301,-80,429,180,0,0" /><INIT seed="2,1,0,2,0,120" ten="220,221,609,0" oya="2" hai0="78,90,61,64,40,41,132,101,86,48,110,70,111" hai1="126,117,131,87,1,69,66,65,67,108,134,119,112" hai2="100,77,107,59,43,3,92,47,34,0,51,102,84" hai3=""/><V91/><F34/><T75/><D101/><U113/><E1/><V128/><F128/><T96/><D96/><U130/><E87/><V106/><F77/><T118/><D118/><N who="1" m="45067" /><E134/><V54/><F100/><T74/><D132/><U68/><E108/><N who="0" m="41513" /><D78/><U133/><E133/><V73/><F73/><N who="0" m="27658" /><D48/><U129/><E126/><V53/><F53/><T93/><AGARI ba="1,0" hai="40,41,61,64,70,86,90,93" m="27658,41513" machi="93" ten="30,5900,0" yaku="14,1,52,3" doraHai="120" who="0" fromWho="0" sc="220,61,221,-21,609,-40,0,0" /><INIT seed="4,0,0,2,3,88" ten="281,200,569,0" oya="0" hai0="39,62,38,133,91,94,55,54,127,121,114,89,74" hai1="104,131,37,130,116,85,3,97,52,129,48,41,61" hai2="71,119,90,111,109,76,84,2,59,63,95,47,108" hai3=""/><T67/><N who="0" m="31008" /><T58/><D127/><U110/><E3/><V72/><F2/><T75/><D114/><U56/><E110/><V87/><F119/><T92/><D67/><U64/><E116/><V99/><F47/><T51/><D133/><U70/><E85/><V113/><F71/><T120/><N who="0" m="30752" /><T44/><D91/><U112/><E112/><V1/><F1/><T34/><D34/><U93/><E104/><V68/><F68/><T69/><D69/><U33/><E33/><V60/><F113/><T40/><D39/><U122/><N who="1" m="31264" /><U101/><E130/><V49/><F111/><T106/><D106/><U79/><E79/><V124/><F109/><T32/><D32/><U107/><E107/><V132/><F108/><T134/><D134/><U53/><E53/><V66/><F132/><T36/><D38/><U103/><REACH who="1" step="1"/><E101/><REACH who="1" ten="281,190,569,0" step="2"/><V77/><F77/><T65/><D65/><U123/><N who="1" m="31520" /><U135/><E135/><V86/><F66/><T57/><REACH who="0" step="1"/><D89/><REACH who="0" ten="271,190,569,0" step="2"/><U115/><E115/><V96/><F90/><T98/><D98/><U128/><E128/><V105/><F96/><T78/><D78/><U100/><E100/><V118/><F76/><T43/><D43/><U80/><E80/><V42/><F99/><RYUUKYOKU ba="0,2" sc="271,10,190,10,569,-20,0,0" hai0="36,40,44,51,54,55,57,58,62,74,75,92,94" hai1="37,41,48,52,56,61,64,70,93,97,103,129,131" /><INIT seed="4,1,2,4,5,72" ten="281,200,549,0" oya="0" hai0="134,55,128,68,47,98,34,131,84,92,80,58,100" hai1="95,85,67,119,93,59,114,99,60,118,63,130,78" hai2="56,52,61,116,104,64,70,0,117,96,88,33,32" hai3=""/><T135/><D34/><U86/><E130/><N who="0" m="49705" /><D68/><U106/><E114/><V81/><F0/><T62/><D47/><U38/><E106/><V42/><F42/><T129/><N who="0" m="49713" /><T83/><DORA hai="1" /><D83/><U122/><N who="1" m="31264" /><U105/><E105/><V89/><F104/><T35/><D35/><N who="2" m="13386" /><F96/><T103/><D100/><U41/><E119/><N who="2" m="45643" /><F81/><T94/><D92/><U126/><E95/><V127/><F127/><T36/><D36/><U65/><E126/><V123/><N who="2" m="31520" /><V77/><F77/><AGARI ba="1,2" hai="55,58,62,77,80,84,94,98,103,134,135" m="49713" machi="77" ten="40,3900,0" yaku="19,1,52,1" doraHai="72,1" who="0" fromWho="2" sc="281,61,200,0,549,-41,0,0" /><INIT seed="4,2,0,3,0,121" ten="342,200,508,0" oya="0" hai0="134,50,64,47,62,34,69,73,85,83,118,123,99" hai1="101,124,77,100,56,61,0,97,36,74,93,33,90" hai2="94,107,63,49,104,84,120,45,105,3,129,114,66" hai3=""/><T81/><N who="0" m="31520" /><T68/><D118/><U126/><E0/><V80/><N who="2" m="30752" /><V2/><F114/><T1/><D1/><U116/><E33/><V40/><F129/><T113/><D34/><U76/><E36/><V42/><F42/><T130/><D113/><U108/><E116/><V135/><F94/><T55/><D134/><U46/><E46/><V32/><F135/><T48/><D130/><U86/><E101/><V119/><F119/><T70/><D99/><U110/><E56/><V58/><REACH who="2" step="1"/><F32/><REACH who="2" ten="342,200,498,0" step="2"/><T131/><D131/><U125/><E61/><V109/><F109/><N who="1" m="42089" /><E74/><V106/><N who="2" m="26624" /><DORA hai="128" /><V103/><F103/><T102/><D102/><U89/><E100/><V35/><F35/><T115/><D115/><U117/><E117/><V75/><F75/><T71/><D73/><U96/><E96/><V41/><F41/><T44/><REACH who="0" step="1"/><D85/><REACH who="0" ten="332,200,498,0" step="2"/><U92/><AGARI ba="2,2" hai="76,77,86,89,90,92,93,97,124,125,126" m="42089" machi="92" ten="40,9000,2" yaku="18,1,34,2,52,3" doraHai="121,128" who="1" fromWho="1" sc="332,-62,200,114,498,-32,0,0" /><INIT seed="5,0,0,0,0,104" ten="270,314,466,0" oya="1" hai0="54,111,65,46,68,75,77,128,38,48,63,118,69" hai1="59,1,50,73,130,106,103,82,71,47,96,125,35" hai2="92,44,133,72,52,2,76,93,113,56,80,60,49" hai3=""/><U129/><E1/><V108/><F2/><T105/><D105/><U87/><E35/><V67/><F108/><T43/><D111/><U85/><E71/><V123/><N who="2" m="31520" /><V45/><F133/><T122/><N who="0" m="31264" /><T34/><D34/><U97/><E59/><V55/><F113/><T110/><D110/><U57/><E57/><V70/><F45/><T74/><D69/><U95/><E73/><V86/><F86/><T109/><D109/><U120/><N who="1" m="30752" /><U121/><N who="1" m="31008" /><U66/><E66/><V132/><F132/><T83/><D128/><N who="1" m="49259" /><E82/><V58/><F70/><T62/><D118/><U107/><E106/><V102/><F102/><T51/><D63/><AGARI ba="0,0" hai="44,49,52,55,56,58,60,63,67,72,76,80,92,93" m="31520" machi="63" ten="30,7700,0" yaku="7,1,52,2,54,1" doraHai="104" who="2" fromWho="0" sc="270,-77,314,0,466,77,0,0" /><INIT seed="6,0,0,4,3,119" ten="193,314,543,0" oya="2" hai0="43,70,66,37,82,123,38,120,110,67,40,109,0" hai1="53,73,34,47,105,72,46,79,69,81,112,56,114" hai2="52,77,113,41,64,102,107,97,33,78,94,42,48" hai3=""/><V51/><F33/><T60/><D0/><U58/><E69/><V35/><F35/><T116/><D82/><U45/><E34/><V93/><F113/><N who="1" m="43625" /><E105/><V106/><F64/><T54/><D54/><U103/><E103/><V108/><F108/><T1/><D1/><U83/><E53/><V115/><F115/><T89/><D89/><U92/><E92/><V74/><F52/><T95/><D95/><U84/><E72/><V117/><F74/><T61/><D70/><U76/><AGARI ba="0,0" hai="45,46,47,56,58,73,76,79,81,83,84" m="43625" machi="76" ten="40,1100,0" yaku="15,1" doraHai="119" who="1" fromWho="1" sc="193,-4,314,11,543,-7,0,0" owari="189,-41.0,325,-7.0,536,48.0,0,0.0" /></mjloggm>