<mjloggm ver="2.3"><GO type="169" lobby="0"/><UN n0="%E3%81%A8%E3%81%B3%E3%81%BE%E3%81%93" n1="%E3%81%98%E3%81%98%E3%81%84%E3%81%8C%E5%91%BC%E3%82%93%E3%81%A0" n2="%E8%8F%8A%E7%94%B0%E5%84%AA%E4%B8%80%E9%83%8E" n3="%4B%57" dan="16,16,16,16" rate="2113.71,2063.40,2048.28,2022.67" sx="M,M,M,M"/><TAIKYOKU oya="0"/><INIT seed="0,0,0,1,0,3" ten="250,250,250,250" oya="0" hai0="103,90,82,55,86,105,60,69,54,98,114,31,65" hai1="36,121,132,49,4,78,72,61,43,97,104,75,92" hai2="119,106,21,74,76,115,47,40,8,73,111,10,48" hai3="0,112,123,56,96,109,125,58,6,59,51,124,7"/><T64/><D114/><U134/><E121/><V71/><F119/><W79/><G112/><T23/><D23/><U25/><E104/><V39/><F115/><W44/><G123/><T108/><D65/><U63/><E36/><V35/><F35/><W24/><G109/><T53/><REACH who="0" step="1"/><D31/><REACH who="0" ten="240,250,250,250" step="2"/><U77/><E134/><V5/><F111/><AGARI ba="0,1" hai="53,54,55,60,64,69,82,86,90,98,103,105,108,111" machi="111" ten="40,3900,0" yaku="1,1,2,1,53,0" doraHai="3" doraHaiUra="52" who="0" fromWho="2" sc="240,49,250,0,250,-39,250,0" /><INIT seed="0,1,0,1,4,2" ten="289,250,211,250" oya="0" hai0="116,73,60,24,56,95,83,15,133,117,104,129,68" hai1="86,134,1,18,14,34,29,92,10,74,100,13,33" hai2="64,105,81,125,43,22,77,25,39,63,98,107,109" hai3="135,16,4,94,65,67,53,99,93,113,127,111,71"/><T48/><D104/><U31/><E74/><V70/><F125/><W37/><G113/><T62/><D129/><U132/><E100/><V6/><F109/><W88/><G111/><T51/><D133/><N who="1" m="51307" /><E92/><V23/><F23/><W3/><G135/><T112/><D112/><U44/><E86/><V103/><F107/><W118/><G118/><T26/><D95/><U123/><E1/><V108/><F108/><W52/><G37/><T119/><D68/><U89/><E89/><V126/><F126/><W19/><G71/><T32/><D32/><N who="1" m="12395" /><E44/><V41/><F6/><W49/><G4/><T101/><D101/><U120/><E14/><V85/><REACH who="2" step="1"/><F39/><REACH who="2" ten="289,250,201,250" step="2"/><W131/><G127/><T110/><D110/><U58/><E58/><V124/><F124/><W75/><G131/><T128/><D56/><U61/><E61/><V78/><F78/><W57/><G57/><T96/><D128/><U69/><E69/><V28/><AGARI ba="1,1" hai="22,25,28,41,43,63,64,70,77,81,85,98,103,105" machi="28" ten="20,5200,0" yaku="1,1,0,1,7,1,53,1" doraHai="2" doraHaiUra="17" who="2" fromWho="2" sc="289,-27,250,-14,201,65,250,-14" /><INIT seed="1,0,0,0,0,61" ten="262,236,266,236" oya="1" hai0="29,10,103,105,1,58,84,32,62,59,69,3,114" hai1="109,96,81,113,36,135,124,6,87,116,48,131,122" hai2="85,64,128,56,79,39,70,45,68,27,80,4,22" hai3="24,91,102,111,92,25,83,100,15,95,134,76,20"/><U52/><E113/><V72/><F128/><W33/><G111/><T31/><D84/><U37/><E116/><V44/><F4/><W49/><G134/><T117/><D114/><U47/><E122/><V88/><F70/><W55/><G33/><T53/><D117/><U71/><E131/><V14/><F14/><W99/><G92/><T129/><D129/><U120/><E120/><V60/><F39/><W101/><G15/><T43/><D43/><U82/><E135/><V132/><F68/><W21/><G21/><T16/><D69/><U0/><E71/><V89/><F89/><W75/><REACH who="3" step="1"/><G20/><REACH who="3" ten="262,236,266,226" step="2"/><T67/><D32/><U125/><E109/><V54/><F132/><W63/><G63/><N who="0" m="38391" /><D3/><U17/><E0/><V118/><F118/><W98/><G98/><T42/><D105/><U93/><E125/><V12/><F12/><W127/><G127/><T86/><D1/><U40/><E124/><V8/><F8/><W57/><AGARI ba="0,1" hai="24,25,49,55,57,75,76,83,91,95,99,100,101,102" machi="57" ten="30,7900,0" yaku="1,1,0,1,53,2" doraHai="61" doraHaiUra="23" who="3" fromWho="3" sc="262,-20,236,-39,266,-20,226,89" /><INIT seed="2,0,0,2,0,65" ten="242,197,246,315" oya="2" hai0="129,19,100,82,132,72,18,47,2,96,107,29,122" hai1="22,75,123,39,23,128,102,79,1,105,35,45,115" hai2="33,98,10,112,24,90,15,66,125,91,40,95,81" hai3="16,87,106,111,71,130,25,70,6,28,27,110,51"/><V120/><F112/><W103/><G130/><T134/><D122/><U84/><E84/><V48/><F120/><W117/><G117/><T93/><D129/><U83/><E23/><V55/><F125/><W85/><G6/><T92/><D2/><U54/><E22/><V64/><F40/><W74/><G74/><T7/><D7/><U38/><E54/><V119/><F24/><W56/><G106/><T41/><D29/><U78/><E78/><V46/><F33/><W109/><G103/><T126/><D126/><U118/><E45/><V14/><F14/><W20/><G56/><T3/><D3/><U53/><E53/><V88/><F119/><W131/><G51/><N who="0" m="27119" /><D72/><U133/><E83/><V68/><F68/><N who="3" m="26155" /><G131/><T57/><D57/><U58/><E79/><V62/><F62/><W89/><G89/><N who="2" m="34409" /><F81/><W36/><G36/><T127/><D127/><U4/><E102/><V13/><F13/><W5/><G5/><AGARI ba="0,0" hai="5,10,15,46,48,55,64,66,91,95,98" m="34409" machi="5" ten="30,2900,0" yaku="8,1,54,1" doraHai="65" who="2" fromWho="3" sc="242,0,197,0,246,29,315,-29" /><INIT seed="2,1,0,5,0,127" ten="242,197,275,286" oya="2" hai0="31,49,40,64,16,94,85,73,82,114,92,119,68" hai1="132,129,63,1,81,39,5,9,21,112,86,91,118" hai2="61,84,134,6,99,50,52,130,62,25,128,124,29" hai3="0,23,22,126,97,43,54,80,87,72,70,100,35"/><V105/><F124/><W69/><G126/><T57/><D114/><U4/><E112/><V26/><F134/><W89/><G35/><T17/><D119/><U83/><E118/><V93/><F6/><W19/><G0/><T45/><D68/><U3/><E132/><V32/><F25/><W59/><G43/><T135/><D73/><U116/><E116/><V131/><F84/><W96/><G23/><T8/><D31/><U10/><E39/><V24/><F24/><W55/><G55/><T90/><D135/><U133/><E133/><V33/><F105/><W74/><G74/><T75/><D75/><U122/><E122/><V103/><F33/><W67/><G67/><T46/><D46/><AGARI ba="1,0" hai="26,29,32,46,50,52,61,62,93,99,103,128,130,131" machi="46" ten="40,12000,1" yaku="19,1,52,3,54,1" doraHai="127" who="2" fromWho="0" sc="242,-123,197,0,275,123,286,0" /><INIT seed="2,2,0,3,2,95" ten="119,197,398,286" oya="2" hai0="10,22,86,113,79,135,78,12,107,42,67,131,105" hai1="99,50,9,92,80,77,16,116,0,109,21,33,39" hai2="72,62,91,63,64,100,69,75,27,35,122,89,132" hai3="59,34,6,60,65,30,81,66,14,36,20,24,71"/><V28/><F122/><W87/><G36/><T102/><D113/><U19/><E109/><V101/><F132/><W115/><G115/><T123/><D123/><U8/><E33/><V1/><F1/><W130/><G130/><T118/><D135/><U58/><E39/><V104/><F63/><W26/><G6/><T54/><D131/><U61/><E50/><V133/><F101/><W40/><G40/><T46/><D67/><U29/><E29/><V47/><F47/><W119/><G14/><T68/><D68/><U51/><E51/><V49/><F49/><W96/><G119/><T84/><D54/><U82/><E116/><V23/><F23/><W94/><G66/><T111/><D22/><U25/><E0/><V74/><F133/><W52/><G87/><N who="0" m="33323" /><D111/><U90/><E77/><N who="0" m="29193" /><D102/><U3/><E3/><V110/><F110/><W98/><G81/><N who="1" m="31338" /><E19/><V18/><F18/><W88/><G71/><T56/><D56/><U76/><E76/><V106/><F106/><W13/><G13/><T85/><N who="0" m="33331" /><T103/><DORA hai="53" /><D103/><U31/><E31/><V4/><F4/><W108/><G108/><T125/><D125/><U37/><E37/><V5/><F5/><W44/><G44/><T70/><D70/><U117/><E117/><V112/><F112/><W17/><G65/><AGARI ba="2,0" hai="8,9,16,21,25,58,61,65,90,92,99" m="31338" machi="65" ten="30,7700,0" yaku="8,1,52,2,54,1" doraHai="95,53" who="1" fromWho="3" sc="119,0,197,83,398,0,286,-83" /><INIT seed="3,0,0,1,2,97" ten="119,280,398,203" oya="3" hai0="14,69,52,72,117,90,67,96,13,49,62,106,93" hai1="91,99,22,84,2,89,68,102,53,3,11,123,66" hai2="107,73,81,86,98,121,10,0,47,120,29,50,27" hai3="7,23,26,63,127,51,82,80,20,71,75,33,24"/><W130/><G130/><T132/><D132/><U48/><E123/><N who="2" m="47179" /><F73/><W109/><G127/><T25/><D117/><U8/><E22/><N who="2" m="15607" /><F10/><W103/><G109/><T21/><D106/><U77/><E77/><N who="2" m="46383" /><F0/><W133/><G75/><T43/><D43/><U40/><E40/><V135/><F135/><W5/><G133/><T134/><D72/><U122/><E11/><V104/><F98/><W95/><G7/><T78/><D78/><U6/><E2/><V44/><F44/><W128/><G5/><T1/><D1/><U42/><E42/><AGARI ba="0,0" hai="42,47,50,104,107" m="46383,15607,47179" machi="42" ten="30,1000,0" yaku="13,1" doraHai="97" who="2" fromWho="1" sc="119,0,280,-10,398,10,203,0" /><INIT seed="4,0,0,2,2,118" ten="119,270,408,203" oya="0" hai0="5,64,127,40,51,119,57,91,63,82,122,74,23" hai1="103,31,102,92,35,96,9,131,85,46,94,77,2" hai2="20,7,18,68,27,70,71,79,125,62,112,126,133" hai3="111,65,15,95,48,43,26,108,6,61,0,24,38"/><T14/><D119/><U49/><E131/><V1/><F112/><W86/><G38/><T83/><D122/><U113/><E113/><V19/><F133/><W21/><G0/><T101/><D127/><N who="2" m="48650" /><F79/><W34/><G34/><T28/><D101/><U121/><E35/><V73/><F73/><W93/><G6/><T104/><D104/><U107/><E31/><N who="2" m="17895" /><F62/><W97/><G15/><T88/><D74/><U72/><E72/><V45/><F45/><W67/><G61/><T78/><D28/><U30/><E30/><V32/><F32/><W134/><G134/><T87/><D83/><U124/><E124/><V25/><F25/><W116/><G26/><T16/><D5/><U98/><E107/><V10/><AGARI ba="0,0" hai="1,7,10,18,19,68,70,71" m="17895,48650" machi="10" ten="40,1500,0" yaku="18,1" doraHai="118" who="2" fromWho="2" sc="119,-7,270,-4,408,15,203,-4" /><INIT seed="5,0,0,5,5,21" ten="112,266,423,199" oya="1" hai0="27,37,75,57,93,130,33,94,4,25,82,100,90" hai1="16,113,50,7,52,116,3,19,8,125,118,66,36" hai2="79,34,96,131,20,95,1,112,10,53,56,127,42" hai3="132,120,2,24,67,17,117,6,119,111,88,59,28"/><U68/><E36/><V61/><F131/><W29/><G111/><T91/><D33/><U26/><E113/><V71/><F127/><W84/><G120/><T18/><D37/><U72/><E72/><V41/><F34/><W55/><G67/><T101/><D75/><U124/><E66/><V65/><F112/><W78/><G78/><T11/><D4/><U115/><E68/><V86/><F10/><N who="3" m="2391" /><G17/><N who="1" m="6730" /><E26/><N who="0" m="9737" /><D57/><N who="1" m="32919" /><E115/><V99/><F20/><W123/><G123/><T39/><D39/><U40/><E40/><N who="2" m="15467" /><F65/><W54/><G59/><T32/><D32/><U81/><E81/><N who="2" m="47423" /><F1/><W13/><G132/><T83/><D83/><U98/><E98/><N who="2" m="37419" /><F71/><W77/><G119/><T97/><D82/><U134/><E134/><V105/><F105/><W109/><G117/><T103/><D130/><U44/><E44/><V12/><F12/><W0/><G13/><N who="0" m="7487" /><D97/><U89/><E118/><V47/><F47/><W51/><G0/><T73/><D73/><U30/><E116/><V31/><F56/><W38/><G38/><T87/><D87/><U129/><E129/><V85/><F53/><W63/><G84/><T135/><D135/><U69/><E69/><V9/><F85/><W107/><G55/><T80/><D80/><U58/><E58/><V23/><F23/><W14/><G54/><T122/><D122/><U110/><E110/><V60/><F9/><W74/><G109/><T114/><D114/><U128/><E128/><V43/><F43/><W46/><G74/><T62/><D62/><U106/><E106/><V126/><F61/><W48/><G63/><T104/><D104/><U22/><E124/><RYUUKYOKU ba="0,0" sc="112,30,266,-10,423,-10,199,-10" hai0="90,91,93,94,100,101,103" /><INIT seed="6,1,0,5,0,121" ten="142,256,413,189" oya="2" hai0="117,44,86,76,87,124,27,49,91,123,98,10,112" hai1="94,4,96,21,122,95,88,85,75,62,106,37,84" hai2="41,42,71,1,125,61,34,25,19,134,17,78,68" hai3="28,56,3,105,53,70,119,5,12,23,73,45,100"/><V48/><F134/><W7/><G119/><T135/><D123/><U132/><E37/><V109/><F125/><W31/><G73/><T90/><D124/><U33/><E33/><V102/><F48/><W108/><G70/><T101/><D117/><U0/><E122/><V74/><F25/><W104/><G108/><T65/><D65/><U8/><E132/><V131/><F109/><W107/><G100/><T120/><D135/><U80/><E106/><V16/><F19/><W110/><G110/><T43/><D120/><U52/><E75/><V2/><F78/><W15/><G45/><T32/><D10/><U20/><E84/><V57/><F61/><W93/><G93/><T128/><D128/><U114/><E95/><V50/><F57/><W92/><G92/><T22/><D32/><U60/><E60/><V59/><F59/><W129/><G129/><T30/><D112/><U127/><E114/><V51/><F102/><W29/><G3/><T67/><D67/><U40/><E40/><V47/><F74/><W116/><G116/><T14/><D14/><N who="1" m="5383" /><E127/><V126/><F126/><W24/><G7/><T89/><REACH who="0" step="1"/><D76/><REACH who="0" ten="132,256,413,189" step="2"/><N who="1" m="46215" /><E0/><V35/><F131/><W36/><G15/><T63/><D63/><U64/><E64/><V79/><F79/><W103/><G12/><T113/><D113/><U46/><E62/><V54/><F35/><W66/><G66/><T13/><D13/><U118/><E118/><V111/><F34/><W9/><G9/><T77/><D77/><U99/><E20/><V82/><F2/><W26/><G23/><T6/><D6/><U39/><E21/><RYUUKYOKU ba="1,1" sc="132,30,256,-10,413,-10,189,-10" hai0="22,27,30,43,44,49,86,87,89,90,91,98,101" /><INIT seed="7,2,1,4,2,49" ten="162,246,403,179" oya="3" hai0="103,54,57,10,16,121,96,47,61,1,55,123,105" hai1="13,82,127,52,125,114,89,45,62,68,95,106,93" hai2="15,112,25,29,7,64,128,26,63,40,116,38,39" hai3="37,50,86,117,72,108,85,104,20,94,31,35,92"/><W23/><G117/><T60/><D47/><U6/><E106/><V9/><F116/><W76/><G37/><T0/><D16/><U109/><E109/><V110/><F112/><W80/><G108/><T18/><D18/><U87/><E114/><V5/><F128/><W4/><G104/><T129/><D129/><U132/><E132/><V88/><F40/><W8/><G35/><T91/><D91/><U118/><E118/><V21/><F26/><W65/><G65/><T77/><D77/><U70/><E95/><N who="3" m="36394" /><G72/><T78/><D78/><U34/><E34/><V124/><F39/><W14/><G31/><T120/><D10/><N who="1" m="4311" /><E93/><V17/><F64/><W97/><G97/><T84/><D84/><U81/><E81/><V75/><F38/><W19/><G86/><T11/><D11/><U126/><E45/><V2/><F75/><W33/><G33/><T30/><D30/><U83/><E83/><V69/><F29/><W53/><G4/><T133/><D133/><U51/><E51/><V12/><F7/><W22/><G8/><T48/><D48/><U99/><E99/><V135/><F9/><W74/><G74/><T90/><D90/><U66/><E82/><V46/><F5/><W131/><G131/><T56/><AGARI ba="2,1" hai="0,1,54,55,56,57,60,61,96,103,105,120,121,123" machi="56" ten="40,8000,1" yaku="0,1,9,1,52,2" doraHai="49" who="0" fromWho="0" sc="162,96,246,-22,403,-22,179,-42" owari="258,6.0,224,-18.0,381,48.0,137,-36.0" /></mjloggm>