<mjloggm ver="2.3"><GO type="169" lobby="0"/><UN n0="%E6%A5%BD%E3%81%97%E3%82%93%E3%81%94" n1="%6D%61%6B%6F%74%61" n2="%E3%81%A4%E3%82%89%E3%81%84%E3%80%82" n3="%E3%83%94%E3%83%A8%E3%81%A3%E3%81%99" dan="16,16,16,17" rate="2025.23,2038.89,2085.17,2167.43" sx="M,M,M,M"/><TAIKYOKU oya="0"/><INIT seed="0,0,0,3,3,3" ten="250,250,250,250" oya="0" hai0="6,100,97,69,27,28,2,129,43,87,45,39,26" hai1="17,63,54,117,75,15,109,84,101,60,16,114,32" hai2="31,11,131,78,0,89,30,66,88,82,59,81,24" hai3="71,40,134,51,133,19,105,67,115,8,135,61,12"/><T55/><D129/><U49/><E75/><V48/><F131/><W23/><G105/><T56/><D69/><U25/><E117/><V91/><F31/><W4/><G115/><T110/><D110/><U121/><E121/><V130/><F130/><W65/><G65/><T29/><D87/><U103/><E109/><V35/><F0/><W83/><G83/><T72/><D72/><U122/><E122/><V126/><F11/><W42/><REACH who="3" step="1"/><G51/><REACH who="3" ten="250,250,250,240" step="2"/><T70/><D39/><U20/><E114/><V58/><F82/><W22/><G22/><T92/><D70/><U98/><E32/><V95/><F66/><W79/><G79/><T37/><D37/><U96/><E20/><V99/><F126/><W44/><G44/><T46/><D46/><U118/><E49/><V7/><F48/><W102/><G102/><T77/><D77/><U124/><E103/><V120/><F120/><W80/><G80/><T13/><D45/><U111/><E101/><V104/><F104/><W41/><G41/><T123/><D43/><U116/><E124/><V125/><F125/><W90/><G90/><T106/><D106/><U119/><E116/><V9/><F91/><W113/><G113/><T86/><D123/><U74/><E118/><V1/><REACH who="2" step="1"/><F89/><REACH who="2" ten="250,250,240,240" step="2"/><W14/><AGARI ba="0,2" hai="4,8,12,14,19,23,40,42,61,67,71,133,134,135" machi="14" ten="30,8000,1" yaku="1,1,0,1,20,1,52,1,53,1" doraHai="3" doraHaiUra="62" who="3" fromWho="3" sc="250,-40,250,-20,240,-20,240,100" /><INIT seed="1,0,0,3,2,5" ten="210,230,220,340" oya="1" hai0="26,99,89,124,76,3,71,31,12,1,133,21,83" hai1="100,87,46,118,122,36,126,114,96,66,37,104,38" hai2="72,0,127,63,78,79,81,57,77,45,132,103,113" hai3="84,10,56,30,34,85,80,27,123,7,86,59,18"/><U75/><E122/><V19/><F0/><W112/><G123/><T35/><D71/><U16/><E75/><V120/><F120/><W82/><G112/><T98/><D133/><U129/><E114/><V67/><F113/><W117/><G117/><T90/><D124/><U40/><E118/><V128/><F127/><W121/><G121/><T50/><D50/><U23/><E126/><V115/><F115/><W130/><G130/><T49/><D49/><U39/><E129/><V97/><F128/><W68/><G68/><T65/><D65/><U93/><E66/><V6/><F132/><W42/><G42/><T48/><D48/><U125/><E125/><V64/><F64/><W11/><G18/><T116/><D35/><U108/><E108/><V32/><F32/><W134/><G134/><T91/><D116/><U41/><E41/><V69/><F45/><W106/><G106/><T25/><D25/><U111/><E111/><V74/><F6/><W2/><REACH who="3" step="1"/><G11/><REACH who="3" ten="210,230,220,330" step="2"/><T107/><D107/><U61/><E61/><V22/><F69/><W9/><G9/><T101/><D3/><U110/><E110/><V54/><F74/><W44/><G44/><T58/><D1/><U28/><E28/><V20/><F19/><W4/><G4/><T29/><D29/><U88/><REACH who="1" step="1"/><E39/><REACH who="1" ten="210,220,220,330" step="2"/><V94/><F72/><W8/><G8/><T55/><D31/><U24/><AGARI ba="0,2" hai="16,23,24,36,37,38,40,46,87,88,93,96,100,104" machi="24" ten="20,18000,2" yaku="1,1,2,1,0,1,7,1,54,2,53,0" doraHai="5" doraHaiUra="131" who="1" fromWho="1" sc="210,-60,220,200,220,-60,330,-60" /><INIT seed="1,1,0,4,1,101" ten="150,420,160,270" oya="1" hai0="72,56,117,10,107,33,12,73,7,17,23,0,50" hai1="76,134,31,135,79,102,20,113,84,85,91,30,81" hai2="29,55,122,132,4,43,87,83,67,2,82,105,21" hai3="19,133,22,59,93,110,27,70,123,129,61,44,8"/><U15/><E113/><V125/><F122/><W48/><G123/><T1/><D117/><U127/><E102/><V98/><F125/><W11/><G70/><T57/><D33/><U40/><E127/><V112/><F112/><W131/><G110/><T106/><D0/><U36/><E36/><V124/><F124/><W108/><G108/><T118/><D118/><U121/><E40/><V92/><F43/><W18/><G133/><N who="1" m="50698" /><E79/><V28/><F67/><W88/><G18/><T104/><REACH who="0" step="1"/><D50/><REACH who="0" ten="140,420,160,270" step="2"/><U99/><E121/><V68/><F2/><W63/><G131/><T111/><D111/><U95/><E99/><V38/><F98/><W47/><G129/><T9/><D9/><U115/><E115/><V25/><F132/><W74/><G8/><T53/><D53/><U71/><E71/><V26/><F68/><W14/><G48/><T128/><D128/><U116/><E116/><V60/><F55/><W39/><G39/><T94/><D94/><U32/><E32/><V100/><F92/><W46/><G93/><T109/><D109/><U130/><E130/><V16/><F38/><W90/><G11/><T45/><D45/><U52/><E52/><V78/><F83/><W54/><G47/><T77/><D77/><U120/><E120/><V6/><F82/><W42/><G44/><T66/><D66/><U34/><E34/><V126/><F78/><W69/><G69/><T96/><D96/><U114/><E114/><V51/><F126/><W64/><G64/><T5/><D5/><U86/><E86/><V119/><F4/><W103/><G46/><T24/><D24/><RYUUKYOKU ba="1,1" sc="140,15,420,15,160,-15,270,-15" hai0="1,7,10,12,17,23,56,57,72,73,104,106,107" hai1="15,20,30,31,76,81,84,85,91,95" /><INIT seed="1,2,1,1,0,63" ten="155,435,145,255" oya="1" hai0="119,24,27,104,12,72,37,108,128,61,71,60,100" hai1="4,131,81,26,84,19,89,121,23,67,52,69,80" hai2="39,7,90,68,79,88,102,106,110,55,31,58,5" hai3="115,112,32,70,75,53,135,0,129,95,54,11,47"/><U43/><E121/><V74/><F39/><W49/><G75/><T48/><D119/><U116/><E116/><V83/><F68/><W122/><G122/><T120/><D120/><U82/><E43/><V86/><F31/><W36/><G32/><T51/><D37/><U64/><E69/><V56/><F90/><W125/><G36/><T107/><D12/><U114/><E114/><V28/><F28/><W62/><G125/><T96/><D72/><U133/><E133/><V134/><F134/><W66/><G135/><T76/><D76/><U29/><E4/><V127/><F127/><W99/><G129/><T93/><D128/><U123/><E123/><V13/><F13/><W3/><G54/><T59/><D71/><U118/><E118/><V46/><F46/><W97/><G97/><T25/><D108/><U14/><E131/><V124/><F110/><W77/><G77/><T111/><D111/><U92/><REACH who="1" step="1"/><E52/><REACH who="1" ten="155,425,145,255" step="2"/><V78/><F124/><W94/><G115/><T38/><D38/><U101/><E101/><V33/><F58/><W20/><G112/><T16/><D59/><U85/><E85/><V109/><F109/><W18/><G99/><T30/><D51/><U6/><E6/><V8/><F5/><W105/><G49/><T44/><D48/><U132/><E132/><V9/><F7/><W91/><G53/><T65/><D100/><U130/><E130/><V21/><F55/><W22/><G70/><T10/><D96/><U17/><E17/><V87/><F56/><W103/><G18/><T50/><D16/><U1/><E1/><V35/><F74/><RYUUKYOKU ba="2,2" sc="155,-10,425,30,145,-10,255,-10" hai1="14,19,23,26,29,64,67,80,81,82,84,89,92" /><INIT seed="1,3,2,5,3,133" ten="145,455,135,245" oya="1" hai0="53,10,13,24,66,40,41,56,117,95,72,92,114" hai1="110,102,99,78,9,108,11,22,123,46,52,17,106" hai2="63,127,6,98,64,75,2,103,118,23,101,135,70" hai3="21,128,62,85,0,25,48,120,74,45,36,15,131"/><U96/><E123/><V51/><F118/><W20/><G74/><T80/><D117/><U43/><E78/><V119/><F119/><W126/><G0/><T49/><D114/><U115/><E96/><V39/><F39/><W113/><G120/><T8/><D66/><U94/><E106/><V124/><F75/><W59/><G36/><T86/><D72/><U44/><E115/><V65/><F23/><W121/><G121/><T132/><D24/><U26/><E46/><V60/><F51/><W87/><G15/><T81/><D8/><U42/><E42/><N who="0" m="16489" /><D132/><U31/><E31/><V88/><F135/><W12/><G12/><T109/><D109/><N who="1" m="42091" /><E52/><V73/><F73/><W4/><G113/><T33/><D33/><U29/><E29/><V91/><F6/><W116/><G116/><T5/><D80/><U130/><E130/><V129/><F2/><W111/><G111/><T134/><D134/><U79/><E79/><AGARI ba="3,2" hai="5,10,13,49,53,56,79,81,86,92,95" m="16489" machi="79" ten="30,1000,0" yaku="8,1" doraHai="133" who="0" fromWho="1" sc="145,39,455,-19,135,0,245,0" /><INIT seed="2,0,0,5,3,58" ten="184,436,135,245" oya="2" hai0="109,128,5,105,47,49,92,72,88,69,60,12,83" hai1="45,20,36,35,125,73,131,55,133,19,101,103,86" hai2="2,30,42,117,118,18,95,24,3,7,31,1,123" hai3="53,44,17,89,120,134,113,4,77,79,119,22,34"/><V15/><F42/><W21/><G34/><T87/><D109/><U61/><E73/><V76/><F76/><W43/><G119/><N who="2" m="45577" /><F95/><W14/><G120/><T51/><D128/><U40/><E35/><N who="2" m="20935" /><F31/><W116/><G116/><T38/><D38/><U130/><E125/><V78/><F78/><W48/><G79/><T0/><D0/><U27/><E133/><V16/><F123/><W99/><G134/><T57/><D105/><U102/><E86/><V127/><F127/><W33/><G77/><N who="0" m="46575" /><D69/><U70/><E55/><V132/><F132/><W41/><G53/><N who="0" m="33839" /><D47/><U115/><E115/><V106/><F106/><W64/><G44/><T13/><D72/><U46/><E46/><V111/><F111/><W122/><G113/><T107/><D107/><U63/><E70/><V59/><F59/><W91/><G122/><T129/><D129/><AGARI ba="0,0" hai="19,20,27,36,40,45,61,63,101,102,103,129,130,131" machi="129" ten="40,5200,0" yaku="19,1,52,2" doraHai="58" who="1" fromWho="0" sc="184,-52,436,52,135,0,245,0" /><INIT seed="3,0,0,0,0,62" ten="132,488,135,245" oya="3" hai0="51,30,131,48,91,59,96,8,120,0,108,5,46" hai1="90,10,4,84,82,134,110,98,75,23,78,85,67" hai2="122,81,128,69,39,26,50,56,41,126,65,55,43" hai3="44,94,53,49,112,9,129,93,99,12,72,22,47"/><W97/><G112/><T107/><D120/><U45/><E110/><V42/><F122/><W66/><G129/><T61/><D131/><U60/><E98/><V15/><F128/><W88/><G72/><T54/><D108/><U64/><E134/><V100/><F100/><W24/><G66/><T87/><D30/><U105/><E105/><V11/><F126/><W116/><G116/><T57/><D107/><U29/><E45/><N who="2" m="23743" /><F81/><W73/><G73/><T68/><D96/><U86/><E90/><V118/><F26/><W33/><G33/><T79/><D79/><U125/><E125/><V121/><F118/><W6/><G47/><T13/><D0/><U2/><E60/><N who="2" m="40103" /><F121/><W28/><G94/><T135/><D135/><U3/><E3/><V38/><F38/><W14/><REACH who="3" step="1"/><G99/><REACH who="3" ten="132,488,135,235" step="2"/><T111/><D111/><U104/><E104/><V19/><AGARI ba="0,1" hai="11,15,19,42,43,50,55,56" m="40103,23743" machi="19" ten="30,2000,0" yaku="24,1,52,1" doraHai="62" who="2" fromWho="2" sc="132,-5,488,-5,135,30,235,-10" /><INIT seed="4,0,0,1,2,70" ten="127,483,165,225" oya="0" hai0="9,130,62,34,92,123,12,18,99,134,24,114,118" hai1="52,40,50,122,58,72,97,116,64,108,6,57,19" hai2="15,43,85,103,7,90,112,42,65,110,33,87,93" hai3="133,23,41,46,91,16,29,89,73,5,8,95,0"/><T109/><D123/><U20/><E72/><V11/><F110/><W124/><G124/><T63/><D118/><U60/><E116/><V131/><F33/><W132/><G73/><T61/><D109/><U27/><E108/><V117/><F117/><W86/><G29/><T75/><D134/><U111/><E122/><V84/><F112/><W10/><G91/><T74/><D114/><U67/><E111/><V66/><F103/><W68/><G68/><T31/><REACH who="0" step="1"/><D130/><REACH who="0" ten="117,483,165,225" step="2"/><U26/><E6/><V56/><F131/><W14/><REACH who="3" step="1"/><G8/><REACH who="3" ten="117,483,165,215" step="2"/><T106/><D106/><U96/><E40/><V83/><F43/><W1/><G1/><T53/><D53/><U22/><E67/><V47/><F66/><W35/><G35/><T45/><D45/><U48/><E64/><V4/><F47/><W107/><G107/><T44/><D44/><U3/><E3/><V127/><F42/><W38/><AGARI ba="0,2" hai="0,5,10,14,16,23,38,41,46,86,89,95,132,133" machi="38" ten="30,7900,0" yaku="1,1,0,1,52,1,54,1,53,0" doraHai="70" doraHaiUra="77" who="3" fromWho="3" sc="117,-39,483,-20,165,-20,215,99" /><INIT seed="5,0,0,1,3,112" ten="78,463,145,314" oya="1" hai0="72,81,10,16,42,65,101,45,124,71,41,32,130" hai1="55,14,105,91,100,119,44,27,103,47,133,96,13" hai2="121,59,126,102,21,123,107,88,48,84,135,5,99" hai3="82,26,76,38,115,66,69,60,89,9,53,52,68"/><U75/><E119/><V34/><F34/><W31/><G115/><T116/><D32/><U36/><E75/><V23/><F135/><W74/><G38/><T125/><D101/><U62/><E103/><V19/><F5/><W70/><G89/><T39/><D130/><U17/><E27/><V54/><F126/><W46/><G9/><T4/><D41/><U110/><E110/><V30/><F30/><W0/><G0/><T25/><D25/><U111/><E111/><V77/><F77/><W108/><G108/><T129/><D129/><U97/><E14/><V64/><F64/><W128/><G128/><T134/><D134/><U43/><E44/><V7/><F7/><W122/><G122/><T24/><D65/><U87/><E97/><V127/><F23/><W22/><REACH who="3" step="1"/><G46/><REACH who="3" ten="78,463,145,304" step="2"/><T57/><D124/><U15/><E133/><V58/><F127/><W94/><G94/><T33/><D125/><U35/><E91/><V113/><F113/><W114/><G114/><T56/><D39/><U28/><E47/><N who="2" m="27935" /><F123/><W51/><G51/><T37/><D45/><U106/><E36/><V11/><F11/><W6/><G6/><T67/><D37/><U73/><E106/><V131/><F121/><W49/><G49/><T132/><D10/><U93/><E93/><N who="2" m="54407" /><F131/><W20/><G20/><T109/><D132/><U117/><E105/><V90/><F90/><W78/><G78/><T12/><D109/><U8/><E8/><V80/><F80/><W63/><G63/><T120/><D81/><U98/><E62/><V2/><F2/><W18/><G18/><T61/><D120/><RYUUKYOKU ba="0,1" sc="78,-15,463,-15,145,15,304,15" hai2="19,21,58,59,99,102,107" hai3="22,26,31,52,53,60,66,68,69,70,74,76,82" /><INIT seed="6,1,1,3,2,126" ten="63,448,160,319" oya="2" hai0="118,83,90,132,38,34,82,103,125,85,5,119,92" hai1="106,129,51,24,89,71,18,94,131,121,46,60,41" hai2="56,26,77,25,86,50,63,39,42,23,54,55,107" hai3="69,17,110,78,79,95,101,28,16,52,21,73,99"/><V53/><F107/><W7/><G110/><T134/><D34/><U14/><E106/><V66/><F39/><W84/><G73/><T114/><D38/><U61/><E24/><V2/><F2/><W9/><G69/><T128/><D5/><U115/><E115/><V59/><F42/><W87/><G28/><T11/><D114/><U29/><E29/><V27/><REACH who="2" step="1"/><F23/><REACH who="2" ten="63,448,150,319" step="2"/><W133/><G21/><T58/><D125/><U135/><E121/><V93/><F93/><W20/><G20/><T47/><D11/><N who="1" m="6495" /><E135/><N who="0" m="51753" /><D47/><U105/><E105/><V70/><F70/><W30/><G9/><T35/><D58/><U117/><E71/><V72/><F72/><W22/><G22/><T127/><D35/><U40/><E40/><V100/><F100/><W15/><G101/><T0/><D0/><U98/><E117/><N who="0" m="44553" /><D127/><U57/><E57/><V64/><F64/><W37/><G37/><T130/><D103/><U13/><E41/><V109/><F109/><W96/><G133/><T124/><D124/><U108/><E108/><V68/><F68/><W81/><G95/><T123/><D123/><U67/><E94/><V3/><F3/><W122/><G122/><T48/><D48/><U12/><E51/><V91/><F91/><W74/><G74/><T112/><D112/><U6/><E89/><V104/><F104/><W8/><G8/><T62/><D62/><U75/><E61/><V4/><F4/><W111/><G7/><T31/><D31/><U44/><E6/><V80/><AGARI ba="1,2" hai="25,26,27,50,53,54,55,56,59,63,66,77,80,86" machi="80" ten="30,6000,0" yaku="1,1,0,1,8,1,53,0" doraHai="126" doraHaiUra="102" who="2" fromWho="2" sc="63,-21,448,-21,150,83,319,-21" /><INIT seed="6,2,0,4,0,96" ten="42,427,233,298" oya="2" hai0="35,132,79,91,107,57,64,16,127,59,67,92,94" hai1="122,13,2,27,84,62,0,37,49,42,34,123,40" hai2="56,15,114,134,133,46,89,10,131,21,33,51,26" hai3="126,39,75,22,104,125,78,90,118,86,25,93,41"/><V3/><F114/><W108/><G108/><T119/><D132/><N who="2" m="50794" /><F3/><W124/><G118/><T120/><D120/><N who="1" m="46123" /><E37/><V130/><F33/><W99/><G39/><T29/><D127/><U43/><E49/><V74/><F56/><W105/><G41/><T77/><D107/><N who="3" m="41033" /><G22/><T110/><D110/><U23/><E34/><V32/><F32/><W47/><G25/><T14/><D119/><U113/><E113/><V30/><F89/><W109/><G47/><T48/><D35/><U95/><E13/><V65/><F74/><W116/><G116/><T111/><D111/><U121/><E62/><V58/><F58/><W97/><G109/><T98/><D29/><N who="1" m="17663" /><E121/><V129/><F65/><W73/><G73/><T87/><D77/><U17/><E17/><N who="2" m="8439" /><F51/><W117/><G117/><T1/><D79/><U115/><E115/><V82/><F46/><W61/><G61/><T135/><D1/><U66/><E66/><V100/><F100/><W72/><G72/><T7/><D135/><U18/><E18/><N who="2" m="12599" /><F82/><AGARI ba="2,0" hai="75,78,82,86,90,93,97,99,124,125,126" m="41033" machi="82" ten="40,5200,0" yaku="18,1,34,2" doraHai="96" who="3" fromWho="2" sc="42,0,427,0,233,-58,298,58" /><INIT seed="7,0,0,5,5,96" ten="42,427,175,356" oya="3" hai0="30,56,132,77,58,133,129,46,21,23,73,86,11" hai1="53,36,51,74,45,131,17,8,80,55,25,63,117" hai2="123,9,67,48,0,6,128,70,81,79,75,130,3" hai3="103,69,1,47,109,99,90,26,66,24,68,124,84"/><W76/><G1/><T60/><D73/><U52/><E36/><V35/><F48/><W14/><G76/><T98/><D11/><U61/><E131/><N who="2" m="50219" /><F35/><W18/><G109/><T93/><D129/><U71/><E117/><V33/><F33/><W83/><G124/><T121/><D121/><U134/><E134/><V119/><F119/><W19/><G47/><T50/><D132/><U110/><E110/><V27/><F27/><W104/><G19/><T20/><D133/><U118/><E118/><V101/><F101/><W122/><G122/><T54/><D30/><U89/><E74/><V105/><F105/><W116/><G116/><T38/><D38/><U78/><E78/><V15/><F123/><W114/><G114/><T7/><D7/><U12/><E25/><V29/><F29/><W100/><G100/><T120/><D120/><U57/><E71/><V95/><F95/><W5/><G5/><T115/><D115/><U94/><E80/><V49/><F49/><W111/><G111/><T125/><D125/><U82/><E82/><V31/><F31/><W85/><G85/><T126/><D126/><U72/><E72/><V113/><F113/><W91/><G91/><T40/><D77/><U13/><E13/><V88/><F88/><W87/><G87/><T37/><D86/><N who="1" m="52535" /><E61/><AGARI ba="0,0" hai="0,3,6,9,15,61,67,70,75,79,81" m="50219" machi="61" ten="30,1000,0" yaku="19,1" doraHai="96" who="2" fromWho="1" sc="42,0,427,-10,175,10,356,0" owari="42,-46.0,417,51.0,185,-21.0,356,16.0" /></mjloggm>