<mjloggm ver="2.3"><GO type="169" lobby="0"/><UN n0="%E3%82%A2%E3%83%B3%E3%81%93%E3%81%B3" n1="%73%68%6F%35%35%35%35%35" n2="%E9%9B%80%E8%8D%98%E4%B8%AD%E5%B7%9D" n3="%E8%B7%AF%E5%9C%B0%E8%A3%8F%E3%81%AE%E3%81%B2%E3%81%BE%E3%82%8F%E3%82%8A" dan="16,16,17,16" rate="2203.73,2093.44,2211.72,2130.60" sx="M,M,M,M"/><TAIKYOKU oya="0"/><INIT seed="0,0,0,1,2,34" ten="250,250,250,250" oya="0" hai0="129,78,59,7,10,84,104,124,62,33,63,114,55" hai1="86,5,133,82,37,125,127,14,100,28,119,46,80" hai2="44,1,76,31,17,101,15,120,87,109,90,106,130" hai3="60,24,93,99,96,66,21,116,64,105,32,121,39"/><T49/><D114/><U16/><E119/><V117/><F120/><W19/><G116/><T70/><D129/><U134/><E28/><V53/><F76/><W12/><G121/><T42/><D124/><N who="1" m="47691" /><E100/><V112/><F31/><W83/><G39/><T38/><D104/><U77/><E5/><V107/><F112/><W81/><G105/><T36/><D33/><U103/><E103/><V92/><F117/><W61/><G99/><T135/><D135/><U75/><E46/><V13/><F109/><W113/><G113/><T40/><D70/><U123/><E37/><V79/><F79/><W30/><G61/><N who="0" m="23051" /><D38/><U91/><E123/><V72/><F72/><W9/><G32/><T131/><D36/><U0/><E0/><V85/><F101/><W95/><G64/><T74/><D74/><U126/><N who="1" m="47699" /><U68/><DORA hai="50" /><E68/><V27/><F17/><W110/><G95/><T20/><D20/><AGARI ba="0,0" hai="14,16,20,75,77,80,82,86,91,133,134" m="47699" machi="20" ten="40,2600,0" yaku="18,1,54,1" doraHai="34,50" who="1" fromWho="0" sc="250,-26,250,26,250,0,250,0" /><INIT seed="1,0,0,4,1,95" ten="224,276,250,250" oya="1" hai0="112,103,107,111,73,87,88,128,110,2,76,4,47" hai1="53,70,22,25,52,71,134,40,105,74,102,3,39" hai2="131,43,21,8,116,68,57,31,117,122,10,58,33" hai3="56,54,11,132,78,108,93,121,113,16,125,36,123"/><U7/><E74/><V72/><F122/><W18/><G113/><T81/><D47/><U86/><E39/><V127/><F68/><W50/><G108/><N who="0" m="41515" /><D4/><U28/><E40/><V100/><F72/><W24/><G125/><T94/><D2/><U59/><E53/><V85/><F33/><W67/><G132/><T44/><D44/><U37/><E37/><V119/><F43/><W13/><G78/><T63/><D63/><U82/><E134/><V80/><F127/><W19/><G36/><T109/><D109/><U51/><E7/><V92/><F131/><W124/><G124/><T96/><D112/><U75/><E75/><V65/><F31/><W6/><G67/><T99/><D128/><U27/><E3/><V60/><F21/><W104/><G104/><T101/><D101/><U84/><E84/><AGARI ba="0,0" hai="73,76,81,84,87,88,94,96,99,103,107" m="41515" machi="84" ten="30,12000,2" yaku="14,1,34,2,52,2,54,1" doraHai="95" who="0" fromWho="1" sc="224,120,276,-120,250,0,250,0" /><INIT seed="2,0,0,3,5,43" ten="344,156,250,250" oya="2" hai0="33,32,121,92,49,84,0,65,38,96,34,60,19" hai1="9,15,112,74,22,31,124,133,40,70,7,109,94" hai2="79,61,26,47,126,114,115,105,82,80,39,108,110" hai3="116,4,46,58,16,72,18,30,66,76,29,106,53"/><V71/><F105/><W25/><G106/><T17/><D121/><U11/><E70/><V87/><F126/><W132/><G116/><T23/><D0/><U89/><E74/><V88/><F26/><W68/><G4/><T67/><D38/><U62/><E112/><V86/><F71/><W59/><G68/><T78/><D49/><U20/><E133/><V48/><F61/><W69/><G69/><T27/><D17/><U10/><E109/><N who="2" m="42091" /><F39/><W98/><G132/><T2/><D2/><U111/><E124/><V3/><F3/><W123/><G123/><T97/><D65/><U12/><E31/><V128/><F128/><W35/><G30/><T113/><D113/><U52/><E40/><AGARI ba="0,0" hai="40,47,48,79,80,82,86,87,88,114,115" m="42091" machi="40" ten="30,11600,0" yaku="14,1,10,1,52,1,54,1" doraHai="43" who="2" fromWho="1" sc="344,0,156,-116,250,116,250,0" /><INIT seed="2,1,0,0,0,89" ten="344,40,366,250" oya="2" hai0="86,80,26,123,56,92,20,27,87,38,130,100,109" hai1="30,88,134,61,75,19,7,79,36,120,40,35,16" hai2="74,48,98,105,69,15,64,128,50,57,9,1,59" hai3="14,25,84,10,18,96,45,119,39,90,37,54,83"/><V11/><F74/><W115/><G119/><T73/><D123/><U17/><E7/><V44/><F69/><W117/><G117/><T32/><D130/><U29/><E35/><V47/><F128/><W93/><G115/><T13/><D38/><U110/><E75/><V99/><F1/><W68/><G68/><T2/><D109/><U95/><E79/><V6/><F105/><W51/><REACH who="3" step="1"/><G25/><REACH who="3" ten="344,40,366,240" step="2"/><T135/><D27/><U52/><E110/><V122/><F122/><W8/><G8/><T66/><D26/><U12/><E120/><V112/><F112/><W118/><G118/><T103/><D32/><U131/><E131/><V108/><F108/><W101/><AGARI ba="1,1" hai="10,14,18,37,39,45,51,54,83,84,90,93,96,101" machi="101" ten="20,12000,2" yaku="1,1,0,1,7,1,25,2,52,1,53,1" doraHai="89" doraHaiUra="76" who="3" fromWho="3" sc="344,-31,40,-31,366,-61,240,133" /><INIT seed="3,0,0,4,3,51" ten="313,9,305,373" oya="3" hai0="17,132,1,131,84,63,9,40,61,86,116,69,89" hai1="102,45,126,101,52,127,125,123,134,0,73,43,8" hai2="81,128,42,38,32,95,35,103,54,119,53,59,115" hai3="96,18,114,90,109,99,2,105,71,79,62,100,25"/><W93/><G2/><T6/><D116/><U11/><E123/><V21/><F115/><W7/><G114/><T23/><D131/><U26/><E73/><V87/><F119/><W4/><G109/><T10/><D132/><U70/><E70/><V34/><F128/><W80/><G71/><T82/><D40/><U48/><E134/><V19/><F42/><W50/><G62/><T64/><D61/><U39/><E26/><V37/><F95/><W60/><G60/><T56/><D10/><N who="1" m="3627" /><E0/><V98/><F59/><AGARI ba="0,0" hai="39,43,45,48,52,59,101,102,125,126,127" m="3627" machi="59" ten="30,3900,0" yaku="18,1,52,1,54,1" doraHai="51" who="1" fromWho="2" sc="313,0,9,39,305,-39,373,0" /><INIT seed="4,0,0,5,5,51" ten="313,48,266,373" oya="0" hai0="135,71,53,20,50,10,1,12,91,122,19,23,8" hai1="41,130,35,26,55,112,64,116,3,100,104,11,67" hai2="98,32,6,16,54,18,81,109,68,15,0,61,31" hai3="59,123,124,43,103,96,86,70,7,107,73,22,102"/><T83/><D122/><U127/><E116/><V115/><F109/><W40/><G70/><T78/><D71/><U84/><E41/><V52/><F115/><W30/><G73/><T111/><D111/><U132/><E104/><V56/><F68/><W97/><G123/><T48/><D48/><U95/><E127/><V75/><F0/><W42/><G124/><T113/><D113/><U89/><E100/><V79/><F98/><W120/><G120/><T80/><D135/><U88/><E112/><V106/><F106/><W44/><G7/><T39/><D39/><U2/><E2/><V65/><F6/><W105/><G86/><N who="0" m="50631" /><D10/><U33/><E11/><V121/><F18/><W128/><G128/><T93/><D93/><N who="1" m="54407" /><E3/><V82/><F121/><W90/><G90/><T72/><D1/><U25/><E130/><V9/><REACH who="2" step="1"/><F81/><REACH who="2" ten="313,48,256,373" step="2"/><W47/><G107/><T24/><D24/><AGARI ba="0,1" hai="9,15,16,24,31,32,52,54,56,61,65,75,79,82" machi="24" ten="40,12000,2" yaku="1,1,2,1,52,2,54,2,53,1" doraHai="51" doraHaiUra="29" who="2" fromWho="0" sc="313,-120,48,0,256,130,373,0" /><INIT seed="5,0,0,1,5,134" ten="193,48,386,373" oya="1" hai0="100,99,7,74,24,101,94,20,60,66,102,103,1" hai1="32,122,41,86,69,83,44,112,116,31,64,117,6" hai2="58,9,2,96,17,65,75,107,108,33,57,29,59" hai3="4,92,90,53,12,61,79,80,121,30,68,76,128"/><U0/><E122/><V46/><F75/><W39/><G121/><T67/><D74/><U70/><E86/><V87/><F46/><W21/><G39/><T15/><D1/><U11/><E83/><V49/><F49/><W73/><G128/><T50/><D50/><U84/><E84/><V62/><F87/><W106/><G106/><T82/><D82/><U72/><E72/><V114/><F17/><W98/><G79/><T89/><D60/><N who="1" m="40071" /><E112/><V56/><F108/><W132/><G132/><T14/><N who="0" m="25600" /><DORA hai="63" /><T120/><D120/><U16/><E16/><V119/><F96/><W22/><G30/><N who="0" m="17671" /><D7/><U124/><E70/><V93/><F107/><W55/><G4/><T51/><D51/><U43/><E43/><V131/><F2/><W19/><G22/><T48/><D48/><U105/><E105/><V3/><F3/><W23/><G23/><T111/><D111/><U95/><E95/><V129/><F93/><W27/><G27/><T26/><D26/><N who="1" m="18551" /><E44/><V71/><F129/><W54/><G68/><T35/><D35/><U47/><E47/><V38/><F131/><W127/><G61/><T125/><D14/><U135/><E135/><V97/><F62/><W113/><G113/><T104/><D15/><U109/><E41/><V123/><F114/><W8/><G21/><T45/><D45/><U115/><E115/><V126/><F71/><W88/><G90/><T36/><D104/><U37/><E37/><V81/><F38/><W25/><G25/><T52/><D36/><U42/><E109/><V133/><F123/><W28/><G28/><T34/><D94/><RYUUKYOKU ba="0,0" sc="193,-10,48,-10,386,-10,373,30" hai3="8,12,19,53,54,55,73,76,80,88,92,98,127" /><INIT seed="6,1,0,5,3,9" ten="183,38,376,403" oya="2" hai0="66,135,23,43,110,58,75,128,14,2,17,18,32" hai1="78,59,87,129,36,124,52,109,64,92,84,123,97" hai2="0,68,71,38,125,126,76,60,127,134,106,42,54" hai3="53,122,82,86,81,4,31,62,37,16,131,61,89"/><V39/><F0/><W85/><G122/><T7/><D110/><U27/><E109/><V22/><F106/><W50/><G37/><N who="2" m="13833" /><F76/><N who="3" m="46247" /><G131/><T70/><D128/><U77/><E36/><V49/><F22/><W12/><G4/><T3/><D75/><U51/><E129/><V69/><F134/><W35/><G31/><T96/><D96/><U45/><E123/><V20/><F20/><N who="3" m="11271" /><G35/><T105/><D105/><U107/><E107/><V119/><F42/><W118/><G118/><T28/><D70/><U30/><E124/><V15/><F15/><W72/><G72/><T88/><D43/><U112/><E112/><V133/><F133/><W65/><G65/><T5/><D135/><U57/><E78/><V13/><F13/><W8/><G8/><T29/><D66/><U91/><E64/><N who="2" m="40967" /><F119/><W25/><G25/><T47/><D32/><U80/><REACH who="1" step="1"/><E87/><REACH who="1" ten="183,28,376,403" step="2"/><V79/><F79/><W95/><G82/><T26/><D7/><U94/><E94/><V121/><F121/><W114/><G114/><T56/><D5/><U115/><E115/><V103/><F103/><W117/><G117/><T34/><D88/><U63/><E63/><V46/><AGARI ba="1,1" hai="46,49,54,69,71,125,126,127" m="40967,13833" machi="46" ten="40,7800,0" yaku="18,1,34,2" doraHai="9" who="2" fromWho="2" sc="183,-27,28,-27,376,91,403,-27" /><INIT seed="6,2,0,3,3,16" ten="156,1,467,376" oya="2" hai0="125,77,120,87,65,106,131,0,111,83,75,135,127" hai1="113,26,28,78,3,108,62,104,71,6,69,114,7" hai2="44,128,31,15,58,54,121,72,61,98,64,74,2" hai3="100,133,23,30,57,39,86,49,8,43,40,85,90"/><V82/><F121/><W37/><G100/><T4/><D65/><U55/><E78/><V95/><F2/><W14/><G133/><T20/><D20/><N who="1" m="15431" /><E55/><V29/><F128/><W73/><G73/><T36/><D36/><U107/><E62/><V9/><F74/><W80/><G43/><T105/><D111/><U67/><E67/><V76/><F44/><W24/><G86/><T10/><D120/><U59/><E59/><V21/><F54/><W110/><G110/><T103/><D135/><U132/><E132/><V13/><F13/><W81/><G81/><T102/><D131/><U91/><E91/><V70/><F70/><N who="1" m="26633" /><E108/><V68/><F68/><W11/><G11/><T22/><D22/><U50/><E50/><V48/><F48/><W25/><G25/><T46/><D46/><U115/><E3/><V60/><F21/><W134/><G134/><T94/><D87/><U129/><E129/><V109/><F61/><W35/><G35/><T122/><D94/><U34/><E34/><V47/><F47/><W79/><G90/><T89/><D89/><U84/><E84/><V32/><F32/><W124/><G124/><N who="0" m="47691" /><D122/><U92/><E92/><V12/><F109/><W88/><G79/><T112/><D103/><U93/><E93/><V18/><F15/><W5/><REACH who="3" step="1"/><G40/><REACH who="3" ten="156,1,467,366" step="2"/><T63/><D102/><AGARI ba="2,1" hai="9,12,18,29,31,58,60,64,72,76,82,95,98,102" machi="102" ten="30,1500,0" yaku="7,1" doraHai="16" who="2" fromWho="0" sc="156,-21,1,0,467,31,366,0" /><INIT seed="6,3,0,5,5,2" ten="135,1,498,366" oya="2" hai0="34,64,31,98,88,62,127,113,8,23,94,95,0" hai1="25,102,131,129,109,15,114,13,132,126,10,45,12" hai2="54,111,32,103,22,37,128,46,7,27,66,9,5" hai3="3,20,21,84,51,63,87,135,75,82,99,17,52"/><V76/><F32/><W48/><G3/><T83/><D34/><U47/><E102/><V19/><F128/><N who="1" m="49225" /><E47/><V28/><F111/><W53/><G75/><T6/><D127/><U18/><E45/><V30/><F103/><W44/><G135/><T38/><D38/><U122/><E109/><V39/><F39/><W133/><G133/><T130/><D130/><U67/><E67/><V60/><F76/><W91/><G63/><T118/><D118/><U92/><E92/><V101/><F101/><W1/><G1/><T14/><D113/><U117/><E132/><V86/><F86/><W70/><G70/><T71/><D98/><U97/><E97/><V33/><F30/><W41/><G99/><T116/><D116/><U115/><E117/><V74/><F74/><W58/><G41/><T68/><D71/><U108/><E108/><V57/><F9/><W26/><G87/><T124/><D124/><U79/><E79/><V134/><F134/><W96/><G96/><T16/><D31/><U35/><E126/><V59/><F46/><W107/><G107/><T43/><D43/><U119/><E119/><V56/><F37/><W40/><G40/><T65/><D64/><U100/><E100/><V106/><F106/><W50/><G50/><T73/><D73/><U78/><E78/><V93/><F93/><W105/><G105/><T24/><D95/><U112/><E122/><V121/><F121/><W123/><G123/><T61/><D94/><U80/><E80/><V29/><F60/><W110/><G110/><T42/><D62/><U49/><E49/><V55/><F66/><RYUUKYOKU ba="3,0" sc="135,-15,1,15,498,-15,366,15" hai1="10,12,13,15,18,25,35,112,114,115" hai3="17,20,21,26,44,48,51,52,53,58,82,84,91" /><INIT seed="7,4,0,1,4,4" ten="120,16,483,381" oya="3" hai0="8,61,83,50,40,11,120,36,129,70,113,84,27" hai1="133,105,130,111,63,5,45,44,31,109,46,2,19" hai2="88,65,52,91,107,66,15,67,9,41,56,110,23" hai3="117,34,80,28,72,85,33,122,81,12,121,73,114"/><W21/><G117/><T42/><D120/><U10/><E105/><V38/><F110/><W49/><G114/><T24/><D36/><U79/><E130/><V86/><F107/><W101/><G101/><T76/><D129/><U37/><E37/><V102/><F102/><W106/><G106/><T51/><D113/><U14/><E133/><V16/><F41/><N who="0" m="15978" /><D61/><U104/><E104/><V131/><F38/><W17/><G122/><T7/><D70/><U55/><E79/><V112/><F131/><W135/><G121/><T32/><D32/><U75/><E75/><V69/><F69/><W90/><G135/><T53/><D7/><U132/><E31/><V82/><F112/><W94/><G49/><N who="0" m="18443" /><D53/><U115/><E115/><V95/><F52/><W128/><G128/><T20/><D27/><U71/><E132/><V99/><F23/><W89/><G34/><T108/><D108/><U43/><E43/><V98/><F98/><W47/><G47/><T92/><D92/><U68/><E68/><V116/><F116/><W39/><G39/><T57/><D57/><AGARI ba="4,0" hai="9,15,16,56,57,65,66,67,82,86,88,91,95,99" machi="57" ten="40,8000,1" yaku="8,1,52,1,54,2" doraHai="4" who="2" fromWho="0" sc="120,-92,16,0,483,92,381,0" owari="28,-37.0,16,-48.0,575,67.0,381,18.0" /></mjloggm>