<mjloggm ver="2.3"><GO type="225" lobby="0"/><UN n0="%E3%81%BE%E3%82%8A%E3%81%B7%E3%81%85%E3%81%AE%E3%83%95%E3%82%A1%E3%83%B3" n1="%E3%83%AD%E3%83%9C%E3%82%B3%E3%83%97" n2="%E3%82%8F%E3%81%A3%E3%81%97%E3%82%87%E3%81%84%E5%90%9B%32%E5%8F%B7" n3="%E8%A8%88%E7%AE%97%E6%A9%9F%E8%87%AA%E7%84%B6" dan="16,16,18,18" rate="2122.86,2144.15,2277.80,2309.17" sx="M,M,M,M"/><TAIKYOKU oya="0"/><INIT seed="0,0,0,1,0,76" ten="250,250,250,250" oya="0" hai0="121,70,97,48,104,87,9,7,52,14,26,105,115" hai1="95,66,50,64,44,85,108,101,6,11,91,119,15" hai2="12,93,80,123,28,33,29,25,102,134,37,84,72" hai3="100,19,17,27,30,23,5,21,61,94,131,40,116"/><T83/><D121/><U53/><E119/><V71/><F123/><W130/><G40/><T35/><D115/><U111/><REACH who="1" step="1"/><E101/><REACH who="1" ten="250,240,250,250" step="2"/><V120/><F120/><W34/><G116/><T63/><D97/><U18/><E18/><V99/><F99/><W58/><G17/><T42/><D35/><U107/><E107/><V110/><F102/><W16/><G19/><T114/><D114/><U78/><E78/><V73/><F33/><W24/><G34/><T96/><D96/><U56/><E56/><V22/><F71/><W3/><G100/><T20/><D105/><U62/><E62/><V46/><F29/><W57/><G57/><N who="0" m="35239" /><D104/><U129/><E129/><V98/><F98/><W81/><G61/><T55/><D70/><U45/><E45/><V132/><F46/><W77/><G58/><N who="0" m="33127" /><D42/><U49/><E49/><V39/><F39/><W43/><G43/><T124/><D124/><U59/><E59/><V88/><F37/><W79/><G131/><T65/><D65/><AGARI ba="0,1" hai="6,11,15,44,50,53,64,65,66,85,91,95,108,111" machi="65" ten="40,1300,0" yaku="1,1,53,0" doraHai="76" doraHaiUra="118" who="1" fromWho="0" sc="250,-13,240,23,250,0,250,0" /><INIT seed="1,0,0,3,2,55" ten="237,263,250,250" oya="1" hai0="65,43,54,74,123,20,102,38,31,0,89,100,73" hai1="125,83,11,91,131,36,127,56,103,133,61,19,7" hai2="120,86,32,48,107,93,84,130,4,25,88,110,108" hai3="22,64,66,30,118,112,132,126,27,121,77,9,21"/><U78/><E36/><V35/><F120/><W68/><G121/><T5/><D123/><U41/><E41/><V34/><F107/><W12/><G112/><T2/><D65/><U18/><E133/><V46/><F130/><W67/><G132/><T40/><D89/><U45/><E45/><V24/><F84/><W52/><G126/><N who="1" m="48138" /><E91/><V50/><F4/><W23/><G118/><T53/><D20/><N who="3" m="7785" /><G68/><T76/><D76/><U47/><E47/><V129/><F129/><W28/><G77/><T37/><REACH who="0" step="1"/><D5/><REACH who="0" ten="227,263,250,250" step="2"/><U94/><E131/><V79/><F79/><W59/><G28/><AGARI ba="0,1" hai="0,2,28,31,37,38,40,43,53,54,73,74,100,102" machi="28" ten="25,6400,0" yaku="1,1,2,1,22,2,53,0" doraHai="55" doraHaiUra="109" who="0" fromWho="3" sc="227,74,263,0,250,0,250,-64" /><INIT seed="2,0,0,1,2,75" ten="301,263,250,186" oya="2" hai0="9,59,53,12,111,10,11,91,130,124,44,126,109" hai1="61,31,38,27,50,24,118,120,131,70,127,13,30" hai2="21,88,86,128,29,63,62,7,110,34,41,8,93" hai3="81,95,66,48,60,72,33,58,123,89,82,76,125"/><V39/><F34/><W67/><G125/><N who="0" m="48235" /><D44/><U133/><E127/><V19/><F128/><W87/><G123/><T6/><D91/><U65/><E38/><V73/><F29/><W90/><G33/><T68/><D68/><U83/><E118/><V114/><F114/><W49/><REACH who="3" step="1"/><G67/><REACH who="3" ten="301,263,250,176" step="2"/><T22/><D130/><U108/><E131/><V26/><F110/><N who="0" m="41994" /><D22/><U45/><E108/><V16/><F39/><W71/><G71/><T25/><D25/><U102/><E27/><V46/><F26/><W0/><G0/><T56/><D56/><U78/><E24/><V32/><F21/><W55/><G55/><T116/><D116/><U74/><E120/><V14/><F32/><W17/><G17/><T122/><D122/><U129/><E129/><V117/><F19/><W35/><G35/><T84/><D10/><U113/><E70/><V100/><F117/><W64/><G64/><T96/><D11/><U121/><E65/><V94/><F16/><W20/><G20/><T79/><D53/><U57/><E121/><V85/><F8/><W18/><G18/><T101/><D59/><U54/><E57/><V69/><F69/><W104/><G104/><N who="0" m="63527" /><D9/><U97/><E54/><V112/><F14/><W42/><G42/><T23/><D12/><U15/><E13/><V5/><F41/><W4/><G4/><T1/><D23/><U52/><E15/><V135/><F5/><W43/><G43/><T106/><D6/><U98/><E52/><V37/><F7/><W51/><G51/><T80/><D1/><U107/><E50/><V103/><F37/><W92/><G92/><RYUUKYOKU ba="0,1" sc="301,15,263,-15,250,-15,176,15" hai0="79,80,84,106" hai3="48,49,58,60,66,72,76,81,82,87,89,90,95" /><INIT seed="3,1,1,3,2,49" ten="316,248,235,191" oya="3" hai0="111,67,46,120,80,93,116,65,126,86,72,104,41" hai1="56,105,17,74,13,35,109,132,68,22,107,83,11" hai2="20,96,32,84,112,61,7,15,71,133,97,99,103" hai3="5,31,94,53,26,64,81,89,123,128,121,37,9"/><W122/><G128/><T21/><D120/><U85/><E68/><V130/><F112/><W90/><G37/><T47/><D116/><U6/><E109/><V50/><F130/><W102/><G64/><T43/><D104/><U44/><E132/><V82/><F32/><W14/><G81/><T59/><D72/><U66/><E74/><V108/><F108/><W134/><G134/><T8/><D126/><U91/><E35/><V98/><F133/><W78/><G78/><T36/><D93/><U119/><E119/><V0/><F0/><W129/><G129/><T52/><D8/><U18/><E18/><V33/><F33/><W118/><G118/><T57/><D21/><U70/><E70/><V114/><F114/><W106/><G106/><T113/><D113/><U40/><E56/><V63/><F71/><W79/><G79/><T12/><D57/><U27/><E66/><N who="0" m="25097" /><D36/><AGARI ba="1,1" hai="6,11,13,17,22,27,36,40,44,83,85,91,105,107" machi="36" ten="30,1000,0" yaku="7,1" doraHai="49" who="1" fromWho="0" sc="316,-13,248,23,235,0,191,0" owari="303,40.0,271,7.0,235,-16.0,191,-31.0" /></mjloggm>