<mjloggm ver="2.3"><GO type="169" lobby="0"/><UN n0="%E6%A0%B9%E5%85%83%E3%81%8B%E3%82%89%E5%90%B9%E3%81%A3%E9%A3%9B%E3%81%B6" n1="%73%68%6F%35%35%35%35%35" n2="%E8%B7%AF%E5%9C%B0%E8%A3%8F%E3%81%AE%E3%81%B2%E3%81%BE%E3%82%8F%E3%82%8A" n3="%72%61%69%72%75%40%54%4B" dan="17,16,16,17" rate="2172.80,2087.78,2132.75,2203.84" sx="F,M,M,M"/><TAIKYOKU oya="0"/><INIT seed="0,0,0,5,2,113" ten="250,250,250,250" oya="0" hai0="46,16,82,58,126,56,97,62,64,10,102,63,0" hai1="74,33,21,80,111,40,38,67,76,3,112,61,18" hai2="54,43,107,35,133,91,115,19,103,122,77,22,15" hai3="60,131,90,36,4,57,39,37,44,66,45,50,29"/><T88/><D126/><U125/><E112/><V48/><F115/><W32/><G4/><T119/><D46/><U1/><E33/><V9/><F122/><W14/><G14/><N who="0" m="7255" /><D0/><U47/><E125/><V30/><F35/><W79/><G79/><T116/><D116/><U70/><REACH who="1" step="1"/><E111/><REACH who="1" ten="250,240,250,250" step="2"/><V84/><F133/><W123/><G32/><T25/><D119/><U6/><E6/><V96/><F43/><W110/><G110/><T49/><D25/><AGARI ba="0,1" hai="1,3,18,21,25,38,40,47,61,67,70,74,76,80" machi="25" ten="30,2000,0" yaku="1,1,7,1,53,0" doraHai="113" doraHaiUra="92" who="1" fromWho="0" sc="250,-20,240,30,250,0,250,0" /><INIT seed="1,0,0,2,2,92" ten="230,270,250,250" oya="1" hai0="105,29,125,67,118,98,9,27,30,104,39,62,53" hai1="134,86,133,103,24,56,89,22,70,0,87,23,65" hai2="21,57,6,83,132,111,123,128,33,124,69,13,20" hai3="76,96,66,60,12,91,31,1,74,18,80,108,10"/><U90/><E0/><V11/><F69/><W130/><G108/><T48/><D118/><U75/><E75/><V52/><F123/><W49/><G130/><T129/><D39/><U72/><E72/><V50/><F111/><W37/><G37/><T63/><D125/><U15/><E70/><V112/><F33/><W71/><G1/><T101/><D129/><U54/><E65/><V16/><F128/><W121/><G121/><T115/><D115/><U77/><E77/><V88/><F124/><W93/><G31/><T7/><D105/><U34/><E34/><V51/><F112/><W44/><G49/><T8/><D30/><U113/><E103/><V106/><F106/><W25/><G25/><T135/><D135/><U102/><E102/><V100/><F100/><W45/><AGARI ba="0,0" hai="10,12,18,44,45,60,66,71,74,76,80,91,93,96" machi="45" ten="30,2000,0" yaku="0,1,52,1" doraHai="92" who="3" fromWho="3" sc="230,-5,270,-10,250,-5,250,20" /><INIT seed="2,0,0,0,2,99" ten="225,260,245,270" oya="2" hai0="69,50,108,113,46,89,97,81,77,80,124,129,95" hai1="135,16,88,105,11,114,82,66,22,94,118,121,20" hai2="64,92,70,91,79,14,55,60,34,10,102,61,7" hai3="103,39,48,98,122,130,68,100,2,12,119,71,63"/><V33/><F79/><W17/><G119/><T78/><D113/><U59/><E118/><V65/><F55/><W4/><G122/><T25/><D69/><U26/><E105/><V52/><F52/><W24/><G39/><T86/><D108/><U36/><E36/><V76/><F76/><W132/><G2/><T72/><D124/><U125/><E125/><V111/><F111/><W31/><G4/><T19/><D25/><U84/><E114/><V106/><F106/><W109/><G109/><T21/><D129/><U18/><E11/><V6/><F6/><W67/><G130/><T74/><D21/><U29/><E121/><V8/><F8/><W131/><G131/><T35/><D35/><U96/><E22/><V30/><F30/><W13/><G71/><T44/><D19/><U45/><E45/><V93/><F93/><W43/><G132/><T73/><D46/><U123/><E135/><V37/><F37/><W38/><G38/><T5/><D5/><U107/><E107/><V83/><F83/><W15/><G98/><T28/><REACH who="0" step="1"/><D28/><REACH who="0" ten="215,260,245,270" step="2"/><U62/><REACH who="1" step="1"/><E123/><REACH who="1" ten="215,250,245,270" step="2"/><V40/><F34/><W41/><G31/><T57/><D57/><U101/><AGARI ba="0,2" hai="16,18,20,26,29,59,62,66,82,84,88,94,96,101" machi="101" ten="20,24000,4" yaku="1,1,2,1,0,1,7,1,25,2,8,1,52,1,54,2,53,1" doraHai="99" doraHaiUra="58" who="1" fromWho="1" sc="215,-60,250,260,245,-120,270,-60" /><INIT seed="3,0,0,0,1,49" ten="155,510,125,210" oya="3" hai0="92,116,71,122,58,40,5,29,15,77,46,75,129" hai1="63,31,65,96,88,121,99,108,86,61,72,112,8" hai2="51,89,78,73,82,94,55,38,130,9,17,20,21" hai3="126,13,26,124,68,22,114,105,4,2,131,44,120"/><W11/><G105/><T119/><D71/><U70/><E112/><V10/><F38/><W81/><G68/><T133/><D122/><U16/><E72/><V0/><F130/><W19/><G81/><T50/><D129/><U30/><E121/><V7/><F10/><N who="3" m="2327" /><G44/><T110/><D133/><U80/><E63/><V127/><F17/><N who="3" m="8383" /><G131/><T115/><D77/><U69/><E69/><V23/><F127/><N who="3" m="48683" /><G120/><T66/><D75/><U101/><E99/><V36/><F36/><W106/><G106/><T79/><D79/><U64/><E64/><V25/><F25/><W35/><G35/><T47/><D92/><U37/><E37/><V74/><F74/><W59/><G59/><T134/><D66/><U39/><E39/><V56/><REACH who="2" step="1"/><F21/><REACH who="2" ten="155,510,115,210" step="2"/><W87/><G87/><AGARI ba="0,1" hai="0,7,9,20,23,51,55,56,73,78,82,87,89,94" machi="87" ten="30,7700,0" yaku="1,1,2,1,7,1,52,1,53,0" doraHai="49" doraHaiUra="132" who="2" fromWho="3" sc="155,0,510,0,115,87,210,-77" /><INIT seed="4,0,0,1,4,135" ten="155,510,202,133" oya="0" hai0="83,24,117,78,3,65,73,15,25,7,18,26,63" hai1="85,128,35,66,129,58,103,60,71,133,10,70,121" hai2="84,80,101,30,109,100,49,106,39,118,69,110,119" hai3="52,54,114,27,104,45,120,131,134,21,53,87,4"/><T113/><D113/><U124/><E121/><V127/><F39/><W12/><G114/><T62/><D117/><N who="2" m="44554" /><F69/><W51/><G120/><T31/><D63/><U43/><E35/><V8/><F49/><W23/><G134/><T107/><D107/><U38/><E103/><N who="2" m="39499" /><F30/><W68/><G104/><T36/><D36/><U90/><E133/><V1/><F106/><W77/><G68/><T64/><D31/><U122/><E122/><V5/><F127/><W125/><G131/><T79/><D79/><AGARI ba="0,0" hai="1,5,8,79,80,84,109,110" m="39499,44554" machi="79" ten="30,1000,0" yaku="12,1" doraHai="135" who="2" fromWho="0" sc="155,-10,510,0,202,10,133,0" /><INIT seed="5,0,0,0,3,92" ten="145,510,212,133" oya="1" hai0="85,73,26,74,100,78,119,81,102,56,109,4,49" hai1="126,66,97,67,91,47,107,62,32,2,6,108,33" hai2="38,18,41,71,22,20,53,134,122,30,111,125,135" hai3="101,98,27,114,34,10,82,11,7,58,76,23,3"/><U127/><E2/><V9/><F111/><W72/><G114/><T133/><D119/><U123/><E6/><V99/><F122/><W129/><G129/><T5/><D109/><U61/><E108/><V31/><F71/><W117/><G117/><T25/><D133/><N who="2" m="50698" /><F125/><W37/><G11/><T42/><D74/><U64/><E47/><N who="2" m="23991" /><F53/><W15/><G37/><T19/><D73/><U121/><E33/><V12/><F99/><W105/><G58/><T94/><D42/><U103/><E32/><V14/><F22/><W106/><G34/><T128/><D128/><U84/><E123/><V0/><F0/><W93/><REACH who="3" step="1"/><G3/><REACH who="3" ten="145,510,212,123" step="2"/><T16/><D56/><U24/><E121/><V69/><F69/><W28/><AGARI ba="0,1" hai="7,10,15,23,27,28,72,76,82,93,98,101,105,106" machi="28" ten="20,8000,1" yaku="1,1,2,1,0,1,7,1,52,1,53,0" doraHai="92" doraHaiUra="87" who="3" fromWho="3" sc="145,-20,510,-40,212,-20,123,90" /><INIT seed="6,0,0,0,4,66" ten="125,470,192,213" oya="2" hai0="91,85,93,15,19,46,32,7,20,24,14,28,16" hai1="44,114,88,37,9,48,83,34,95,1,89,135,13" hai2="90,99,100,87,23,119,92,55,122,18,54,47,6" hai3="53,123,45,84,39,21,67,108,71,29,61,81,110"/><V121/><F119/><W76/><G123/><T134/><D134/><U131/><E34/><V4/><F122/><W98/><G98/><T26/><D7/><U0/><E37/><V68/><F121/><W78/><G78/><T17/><D26/><U111/><E131/><V80/><F68/><W58/><G29/><T25/><REACH who="0" step="1"/><D46/><REACH who="0" ten="115,470,192,213" step="2"/><U112/><E135/><V74/><F74/><W42/><REACH who="3" step="1"/><G21/><REACH who="3" ten="115,470,192,203" step="2"/><T33/><D33/><U40/><E112/><V38/><F23/><W127/><G127/><T128/><D128/><U82/><E114/><V51/><F4/><W109/><G109/><T8/><D8/><U75/><E9/><V116/><F6/><W130/><G130/><T69/><D69/><U103/><E111/><V65/><F116/><W12/><G12/><AGARI ba="0,2" hai="12,14,15,16,17,19,20,24,25,28,32,85,91,93" machi="12" ten="40,2600,0" yaku="1,1,54,1,53,0" doraHai="66" doraHaiUra="94" who="0" fromWho="3" sc="115,46,470,0,192,0,203,-26" /><INIT seed="7,0,0,5,2,88" ten="161,470,192,177" oya="3" hai0="20,102,112,109,11,14,117,17,63,52,103,41,97" hai1="130,22,78,4,24,113,132,10,116,83,9,87,1" hai2="35,25,75,33,133,49,128,62,93,111,123,27,121" hai3="15,119,95,115,34,81,8,37,108,107,79,92,85"/><W21/><G119/><T80/><D109/><U129/><E113/><V134/><F111/><W39/><G34/><N who="2" m="12809" /><F75/><W101/><G115/><T3/><D117/><U13/><E132/><N who="2" m="50795" /><F128/><N who="1" m="49257" /><E116/><V38/><F38/><W44/><G108/><T70/><D112/><U127/><E127/><V30/><F49/><W69/><G69/><T106/><D41/><U82/><E82/><V67/><F93/><N who="3" m="35915" /><G37/><T61/><D103/><U45/><E45/><V125/><F125/><W23/><G107/><T65/><D80/><U54/><E54/><V89/><F89/><W31/><G101/><T50/><D63/><U122/><E122/><N who="2" m="46603" /><F30/><W96/><G96/><T90/><D90/><U26/><E22/><N who="3" m="8202" /><G39/><T29/><D3/><U135/><E135/><V53/><F53/><W28/><G44/><T114/><D114/><U72/><E72/><V84/><F84/><W98/><G98/><T120/><D120/><U73/><E73/><V55/><F55/><W16/><AGARI ba="0,0" hai="8,15,16,28,31,79,81,85" m="8202,35915" machi="16" ten="30,12000,1" yaku="8,1,52,3,54,1" doraHai="88" who="3" fromWho="3" sc="161,-40,470,-40,192,-40,177,120" /><INIT seed="7,1,0,1,0,87" ten="121,430,152,297" oya="3" hai0="43,38,30,103,124,130,91,57,65,24,0,48,7" hai1="31,86,14,134,93,132,69,32,53,119,101,8,74" hai2="94,22,123,33,25,72,66,18,42,46,20,98,26" hai3="128,110,40,106,79,135,16,70,1,36,64,58,114"/><W61/><G114/><T126/><D103/><U62/><E74/><V15/><F72/><W13/><G135/><N who="1" m="51754" /><E119/><V60/><F33/><W3/><G128/><T52/><D130/><U12/><E32/><V45/><F123/><W78/><G106/><T49/><D0/><U6/><E31/><V23/><F23/><W129/><G129/><T41/><D7/><U96/><E86/><V89/><F42/><N who="0" m="15882" /><D38/><U63/><E69/><V84/><F84/><W67/><G110/><T113/><D113/><U56/><E62/><V73/><F73/><W68/><G3/><AGARI ba="1,0" hai="3,6,8,12,14,53,56,63,93,96,101" m="51754" machi="3" ten="30,1000,0" yaku="20,1" doraHai="87" who="1" fromWho="3" sc="121,0,430,13,152,0,297,-13" owari="121,-38.0,443,55.0,152,-25.0,284,8.0" /></mjloggm>