<mjloggm ver="2.3"><GO type="185" lobby="0"/><UN n0="%E5%A4%9A%E6%9E%97%E6%99%8B" n1="%E3%82%86%E3%81%8D%E3%81%86%E3%81%95%E3%81%8E%E2%98%86" n2="%E6%A2%B6%E9%9A%86%E8%87%A3" n3="" dan="16,16,17,0" rate="2192.90,2176.82,2263.09,1500.00" sx="M,F,M,C"/><TAIKYOKU oya="0"/><INIT seed="0,0,0,4,3,78" ten="350,350,350,0" oya="0" hai0="33,47,123,70,39,34,121,42,126,105,134,0,68" hai1="61,59,128,118,131,88,81,38,46,74,116,55,115" hai2="41,109,79,93,3,89,120,84,69,85,125,52,103" hai3=""/><T99/><N who="0" m="31008" /><T96/><N who="0" m="31520" /><T95/><D0/><U112/><E74/><V122/><N who="2" m="30752" /><V62/><N who="2" m="31264" /><V60/><F3/><T37/><D134/><U90/><E90/><V40/><F109/><T57/><D126/><U133/><E133/><V129/><F129/><N who="1" m="49737" /><E38/><V80/><F125/><T130/><D57/><U86/><E46/><V71/><F103/><T104/><D130/><U67/><E67/><V107/><F107/><T117/><D47/><U97/><E97/><V65/><REACH who="2" step="1"/><F52/><REACH who="2" ten="350,350,340,0" step="2"/><T124/><D124/><U119/><AGARI ba="0,1" hai="55,59,61,81,86,88,112,115,116,118,119" m="49737" machi="119" ten="40,3900,0" yaku="19,1,52,1,54,1" doraHai="78" who="1" fromWho="1" sc="350,-26,350,49,340,-13,0,0" /><INIT seed="1,0,0,0,4,86" ten="324,399,327,0" oya="1" hai0="130,92,33,131,114,59,39,99,106,87,74,40,118" hai1="69,72,135,109,70,83,36,63,1,77,56,133,51" hai2="64,128,32,112,101,45,42,91,0,68,126,50,115" hai3=""/><U71/><E1/><V62/><F0/><T3/><D3/><U102/><E36/><V55/><F32/><T38/><D33/><U34/><E34/><V105/><F128/><N who="0" m="49194" /><D74/><U48/><E109/><V116/><F116/><T79/><D118/><U98/><E48/><V37/><F126/><T61/><D106/><U58/><E51/><V81/><F101/><T122/><N who="0" m="31264" /><T125/><D125/><U110/><E110/><V97/><F105/><T104/><D104/><U60/><E102/><V46/><REACH who="2" step="1"/><F81/><REACH who="2" ten="324,399,317,0" step="2"/><T107/><D107/><U65/><REACH who="1" step="1"/><E98/><REACH who="1" ten="324,389,317,0" step="2"/><V113/><F113/><T76/><D114/><U2/><E2/><V49/><F49/><T78/><D99/><U103/><E103/><V41/><F41/><T127/><D127/><U124/><E124/><V54/><F54/><AGARI ba="0,2" hai="54,56,58,60,63,65,69,70,71,72,77,83,133,135" machi="54" ten="40,2000,0" yaku="1,1,53,0" doraHai="86" doraHaiUra="111" who="1" fromWho="2" sc="324,0,389,40,317,-20,0,0" /><INIT seed="1,1,0,0,4,130" ten="324,429,297,0" oya="1" hai0="71,81,94,75,101,58,45,74,48,113,79,39,89" hai1="63,37,105,96,132,70,125,76,106,68,126,116,55" hai2="107,49,120,43,123,128,91,61,32,40,83,52,66" hai3=""/><U92/><E116/><V117/><N who="2" m="30752" /><V119/><N who="2" m="31520" /><V73/><F32/><T1/><D1/><U93/><E37/><V69/><F128/><T87/><D71/><U64/><E132/><V41/><F107/><T122/><N who="0" m="31264" /><T108/><D108/><U124/><E68/><V99/><F99/><T131/><D131/><U97/><E76/><V133/><F133/><T44/><D113/><U77/><E77/><V34/><F34/><T54/><D39/><U95/><E55/><V114/><F114/><T62/><D101/><U134/><E134/><V38/><F38/><T86/><REACH who="0" step="1"/><D44/><REACH who="0" ten="314,429,297,0" step="2"/><U3/><E3/><V84/><REACH who="2" step="1"/><F73/><REACH who="2" ten="314,429,287,0" step="2"/><T35/><D35/><U67/><E124/><V36/><F36/><T115/><D115/><U72/><E125/><V42/><N who="2" m="10240" /><DORA hai="90" /><V82/><F82/><T98/><D98/><U78/><E126/><V102/><F102/><T46/><D46/><AGARI ba="1,2" hai="46,49,52,61,66,69,83,84,91,117,119" m="10240,31520,30752" machi="46" ten="50,8000,1" yaku="1,1,52,2,54,1,53,1" doraHai="130,90" doraHaiUra="50,53" who="2" fromWho="0" sc="314,-82,429,0,287,102,0,0" /><INIT seed="2,0,0,3,3,53" ten="232,429,389,0" oya="2" hai0="75,56,110,83,111,66,82,127,112,89,50,49,134" hai1="78,114,109,0,86,39,135,74,80,73,79,116,81" hai2="46,104,43,65,76,55,113,91,85,123,41,99,34" hai3=""/><V3/><N who="2" m="31520" /><V57/><F113/><T130/><D134/><U94/><E0/><V37/><F3/><T64/><D112/><U125/><E39/><V48/><F34/><T62/><D130/><U36/><E36/><V103/><F76/><T105/><D105/><U68/><E68/><V128/><F128/><T90/><D127/><U38/><E38/><V54/><F65/><T132/><D132/><U69/><E69/><V32/><F32/><T131/><D131/><U59/><E135/><V95/><REACH who="2" step="1"/><F37/><REACH who="2" ten="232,429,379,0" step="2"/><T101/><D64/><U61/><E114/><V52/><F52/><T122/><N who="0" m="31264" /><T67/><D66/><U42/><E125/><V33/><F33/><T84/><D67/><U97/><E116/><V124/><F124/><T98/><D75/><U47/><E74/><V40/><F40/><T44/><D111/><U45/><E109/><V72/><F72/><T107/><D110/><U108/><E108/><V88/><F88/><T121/><N who="0" m="31008" /><T106/><D90/><U133/><E133/><V119/><F119/><T63/><D89/><U115/><E115/><V120/><N who="2" m="30752" /><V118/><F118/><T126/><D126/><U2/><E2/><V51/><AGARI ba="0,1" hai="41,43,46,48,51,54,55,57,85,91,95,99,103,104" m="30752,31520" machi="51" ten="20,16000,3" yaku="1,1,0,1,7,1,52,3,53,2" doraHai="53" doraHaiUra="117" who="2" fromWho="2" sc="232,-80,429,-80,379,170,0,0" /><INIT seed="2,1,0,5,2,40" ten="152,349,549,0" oya="2" hai0="0,95,123,73,62,55,66,102,45,131,57,134,115" hai1="56,53,84,52,72,75,34,85,37,76,86,2,110" hai2="132,97,109,91,36,70,105,107,79,126,44,68,100" hai3=""/><V122/><N who="2" m="31264" /><V87/><F126/><T47/><N who="0" m="31520" /><T60/><D0/><U3/><E37/><V121/><N who="2" m="31008" /><V104/><F132/><T116/><D73/><U71/><E71/><V96/><F79/><T80/><D134/><U106/><E110/><V118/><F118/><T63/><D116/><U88/><E34/><V32/><F32/><T46/><D115/><U103/><E106/><V113/><F113/><T33/><D33/><U128/><E103/><V64/><F109/><T111/><D80/><U78/><E56/><V38/><F36/><T119/><D119/><U127/><E84/><V93/><F97/><T114/><D114/><U124/><E88/><V83/><REACH who="2" step="1"/><F64/><REACH who="2" ten="152,349,539,0" step="2"/><T125/><D111/><U54/><E53/><V61/><F61/><N who="0" m="23658" /><D125/><U98/><E98/><V65/><F65/><T82/><D131/><AGARI ba="1,1" hai="2,3,52,54,72,75,76,78,85,86,124,127,128,131" machi="131" ten="25,3200,0" yaku="22,2,54,1" doraHai="40" who="1" fromWho="0" sc="152,-34,349,44,539,0,0,0" /><INIT seed="4,0,0,4,0,78" ten="118,393,539,0" oya="0" hai0="38,36,120,81,55,126,122,100,134,59,75,34,123" hai1="110,51,84,116,90,76,48,44,113,41,131,107,68" hai2="67,88,35,85,83,66,0,106,43,93,86,46,118" hai3=""/><T32/><N who="0" m="30752" /><T72/><N who="0" m="31264" /><T63/><N who="0" m="31520" /><T128/><D134/><U89/><E116/><V42/><F118/><T79/><D128/><U108/><E131/><V135/><F0/><T39/><D126/><U124/><E124/><V133/><F106/><T112/><D112/><U92/><E107/><V58/><F35/><T121/><N who="0" m="31008" /><T99/><REACH who="0" step="1"/><D75/><REACH who="0" ten="108,393,539,0" step="2"/><U114/><E114/><V119/><F133/><T117/><D117/><U104/><E113/><V98/><F135/><T132/><D132/><U1/><E1/><V70/><F119/><T129/><D129/><U33/><E33/><V3/><F3/><T53/><D53/><U71/><E110/><V62/><F67/><T77/><D77/><U37/><E108/><V56/><F43/><T105/><AGARI ba="0,1" hai="32,34,36,38,39,55,59,63,72,79,81,99,100,105" m="31008,31520,31264,30752" machi="105" ten="30,12000,2" yaku="1,1,0,1,52,5,53,0" doraHai="78" doraHaiUra="47" who="0" fromWho="0" sc="108,130,393,-60,539,-60,0,0" /><INIT seed="4,1,0,0,5,127" ten="238,333,479,0" oya="0" hai0="92,94,124,114,67,106,52,120,44,102,93,57,89" hai1="77,96,54,64,51,112,63,98,84,36,70,111,82" hai2="108,97,81,134,65,103,87,49,75,123,129,78,104" hai3=""/><T1/><N who="0" m="30752" /><T109/><D1/><U115/><E36/><V121/><N who="2" m="31008" /><V130/><N who="2" m="31520" /><V3/><F3/><T58/><D124/><U85/><E85/><V62/><F108/><T50/><D109/><U60/><E60/><V105/><F134/><T133/><D133/><U73/><E84/><V86/><F105/><T71/><D114/><N who="1" m="43563" /><E111/><V90/><F49/><T118/><D118/><U76/><E76/><V42/><F42/><T135/><D135/><U41/><E41/><V68/><F87/><T122/><N who="0" m="31264" /><T117/><D117/><U113/><E113/><V110/><F110/><T116/><D116/><U0/><E0/><V72/><F72/><T119/><D119/><U83/><E83/><V95/><AGARI ba="1,0" hai="62,65,68,75,78,81,86,90,95,97,103,104,129,130" m="31520,31008" machi="95" ten="30,9000,2" yaku="0,1,24,2,52,4" doraHai="127" who="2" fromWho="2" sc="238,-61,333,-31,479,92,0,0" /><INIT seed="5,0,0,4,2,74" ten="177,302,571,0" oya="1" hai0="87,49,60,85,102,92,89,127,63,80,47,51,83" hai1="45,98,76,133,131,2,119,117,59,82,90,78,104" hai2="120,113,134,68,1,126,33,52,122,38,93,37,69" hai3=""/><U105/><E2/><V79/><N who="2" m="30752" /><V54/><N who="2" m="31264" /><V95/><F1/><T116/><D116/><U35/><E35/><V106/><F106/><N who="1" m="41065" /><E45/><V115/><F126/><T132/><D127/><U77/><E59/><V96/><F96/><T125/><D125/><U108/><E131/><V91/><F91/><T123/><N who="0" m="31520" /><T41/><D49/><U3/><E3/><V135/><F79/><T100/><D87/><U65/><E65/><V112/><F112/><T114/><D114/><U103/><E133/><V111/><F111/><T101/><D132/><U50/><E50/><V44/><F44/><T71/><REACH who="0" step="1"/><D71/><REACH who="0" ten="167,302,571,0" step="2"/><U0/><E108/><V86/><F86/><T118/><D118/><N who="1" m="45067" /><E0/><V88/><F33/><T94/><D94/><U128/><E128/><V42/><F68/><T109/><D109/><U75/><E103/><V97/><F69/><T129/><D129/><U110/><E110/><V121/><F134/><T99/><D99/><U84/><E98/><V61/><F135/><T67/><D67/><U64/><E64/><V48/><F97/><T46/><D46/><U32/><E32/><V107/><F48/><T34/><D34/><U40/><E40/><V124/><F42/><T130/><D130/><U62/><E75/><RYUUKYOKU ba="0,1" sc="167,10,302,10,571,-20,0,0" hai0="41,47,51,60,63,80,83,85,89,92,100,101,102" hai1="62,76,77,78,82,84,90" /><INIT seed="5,1,1,0,2,98" ten="177,312,551,0" oya="1" hai0="37,55,123,66,91,3,96,107,45,42,122,0,65" hai1="126,85,58,83,80,92,50,79,53,131,70,118,75" hai2="106,108,94,86,117,61,99,125,62,72,103,119,101" hai3=""/><U71/><E118/><V104/><F108/><T51/><N who="0" m="31264" /><T109/><N who="0" m="31520" /><T67/><D109/><U127/><E92/><V88/><F125/><N who="1" m="47625" /><E131/><V89/><F72/><T105/><D91/><AGARI ba="1,1" hai="50,53,58,70,71,75,79,80,83,85,91" m="47625" machi="91" ten="30,1500,0" yaku="18,1" doraHai="98" who="1" fromWho="0" sc="177,-17,312,27,551,0,0,0" /><INIT seed="5,2,0,3,1,50" ten="160,339,551,0" oya="1" hai0="106,102,79,113,52,95,81,93,53,65,36,111,78" hai1="104,3,44,68,40,74,112,98,101,72,49,39,103" hai2="124,63,69,57,43,131,105,87,121,83,54,123,109" hai3=""/><U91/><E3/><V67/><N who="2" m="31008" /><V42/><N who="2" m="31520" /><V92/><F109/><T55/><D111/><U118/><E118/><V85/><F105/><T82/><D36/><U34/><E34/><V110/><F110/><T90/><D113/><U61/><E112/><V77/><F124/><T1/><D1/><U0/><E0/><V45/><F131/><T60/><D106/><U73/><E101/><V129/><F129/><T89/><D102/><U56/><E91/><V88/><F45/><T127/><D127/><U46/><E68/><V58/><F69/><T119/><D119/><U107/><E107/><V33/><F33/><T71/><D90/><U62/><REACH who="1" step="1"/><E56/><REACH who="1" ten="160,329,551,0" step="2"/><V76/><F77/><T35/><D35/><U99/><E99/><V37/><F37/><T2/><D2/><U122/><N who="1" m="31264" /><U108/><E108/><V96/><F96/><T120/><N who="0" m="30752" /><T116/><D116/><U94/><E94/><V38/><F38/><T75/><REACH who="0" step="1"/><D89/><REACH who="0" ten="150,329,551,0" step="2"/><U132/><E132/><V133/><F133/><T47/><D47/><U64/><E64/><V135/><F135/><T115/><D115/><U84/><E84/><AGARI ba="2,2" hai="52,53,55,60,65,71,75,78,79,81,82,84,93,95" m="30752" machi="84" ten="40,12000,2" yaku="1,1,52,4,54,1,53,1" doraHai="50" doraHaiUra="66" who="0" fromWho="1" sc="150,144,329,-124,551,0,0,0" /><INIT seed="6,0,0,5,1,102" ten="294,205,551,0" oya="2" hai0="58,134,32,43,89,132,115,116,55,111,46,86,54" hai1="118,66,73,121,67,69,128,123,51,82,72,107,131" hai2="91,119,80,68,112,99,129,48,45,113,94,49,47" hai3=""/><V52/><F68/><T35/><D111/><U122/><N who="1" m="31008" /><U38/><N who="1" m="31264" /><U63/><N who="1" m="31520" /><U74/><E118/><V37/><F37/><T125/><D116/><U106/><E38/><V109/><F119/><T77/><D77/><U110/><E110/><V0/><F0/><T124/><D115/><U57/><E51/><V135/><F135/><N who="0" m="51754" /><D43/><U36/><E36/><V2/><F2/><T100/><D100/><U53/><E82/><V103/><F129/><N who="1" m="49737" /><E69/><V71/><F71/><T75/><D46/><U39/><E39/><V76/><F109/><T78/><D32/><U117/><E117/><V41/><F47/><T104/><D35/><U70/><E70/><V61/><F45/><T62/><D125/><U95/><E95/><V96/><F94/><T97/><D124/><U101/><E101/><V81/><F103/><T33/><D33/><U92/><E92/><V88/><F112/><T50/><D50/><U105/><AGARI ba="0,0" hai="53,57,63,66,67,72,73,74,105,106,107" m="49737,31520,31264,31008" machi="105" ten="50,9000,2" yaku="19,1,52,6" doraHai="102" who="1" fromWho="1" sc="294,-30,205,90,551,-60,0,0" owari="264,-34.0,295,-10.0,491,44.0,0,0.0" /></mjloggm>