<mjloggm ver="2.3"><GO type="169" lobby="0"/><UN n0="%E3%81%98%E3%81%98%E3%81%84%E3%81%8C%E5%91%BC%E3%82%93%E3%81%A0" n1="%E8%8F%8A%E7%94%B0%E5%84%AA%E4%B8%80%E9%83%8E" n2="%E3%81%8D%E3%81%BE%E3%81%99" n3="%4A%65%74%2E%42" dan="16,16,17,18" rate="2061.40,2054.35,2210.01,2187.83" sx="M,M,M,M"/><TAIKYOKU oya="0"/><INIT seed="0,0,0,5,0,33" ten="250,250,250,250" oya="0" hai0="70,76,113,13,1,115,12,10,71,91,131,28,32" hai1="93,56,134,118,125,68,130,100,30,45,34,29,54" hai2="65,129,27,60,75,92,20,99,5,9,112,120,61" hai3="116,121,102,23,18,106,66,6,109,17,123,97,127"/><T50/><D76/><U19/><E118/><V74/><F129/><W22/><G116/><T103/><D103/><U90/><E68/><V25/><F120/><N who="3" m="46155" /><G109/><T96/><D96/><U78/><E125/><V15/><F112/><W79/><G66/><T0/><D91/><U49/><E134/><V82/><F82/><W31/><G6/><N who="0" m="1351" /><D50/><U101/><E78/><V72/><F27/><N who="3" m="16895" /><G127/><T105/><D71/><U55/><E130/><V122/><F122/><W85/><G22/><T37/><D37/><U59/><E19/><V94/><F94/><W11/><G11/><T35/><D105/><U67/><E34/><N who="0" m="12841" /><D70/><U46/><E67/><V108/><F65/><W133/><G133/><T98/><D131/><U88/><E93/><V36/><F36/><W3/><G85/><T89/><D28/><U58/><E58/><V53/><F53/><W135/><G79/><T51/><D51/><AGARI ba="0,0" hai="29,30,45,46,49,51,54,55,56,59,88,90,100,101" machi="51" ten="25,6400,0" yaku="22,2,8,1,54,1" doraHai="33" who="1" fromWho="0" sc="250,-64,250,64,250,0,250,0" /><INIT seed="1,0,0,0,1,49" ten="186,314,250,250" oya="1" hai0="37,29,81,69,15,118,36,13,41,104,70,106,77" hai1="14,22,24,102,73,7,113,62,51,91,82,64,97" hai2="31,125,79,126,111,11,44,129,127,68,116,87,34" hai3="3,18,135,89,78,47,107,96,92,1,5,93,115"/><U119/><E119/><V26/><F68/><W121/><G121/><T124/><D118/><U80/><E113/><V85/><F116/><W105/><G115/><T8/><D124/><U103/><E73/><V58/><F111/><W35/><G35/><T45/><D36/><U12/><E51/><V72/><F129/><W28/><G28/><T117/><D117/><U42/><E42/><V130/><F130/><W21/><G135/><T4/><D29/><N who="1" m="17559" /><E7/><V43/><F58/><W66/><G66/><T38/><D38/><U122/><E122/><V128/><F128/><W65/><G65/><T110/><D110/><U53/><E64/><V98/><F98/><W61/><G96/><T63/><D63/><U17/><E12/><V40/><F11/><W16/><G5/><T95/><D95/><N who="1" m="56575" /><E80/><N who="2" m="45159" /><F43/><W56/><G61/><T88/><D88/><U55/><E82/><V94/><F94/><W76/><G89/><T67/><D67/><U131/><E62/><V50/><AGARI ba="0,0" hai="26,31,34,40,44,50,85,87,125,126,127" m="45159" machi="50" ten="30,1100,0" yaku="18,1" doraHai="49" who="2" fromWho="2" sc="186,-3,314,-5,250,11,250,-3" /><INIT seed="2,0,0,0,5,117" ten="183,309,261,247" oya="2" hai0="60,123,91,108,114,66,63,76,21,105,73,72,31" hai1="118,40,120,49,101,85,42,61,62,25,83,88,7" hai2="0,33,81,94,75,109,56,64,102,132,41,38,59" hai3="28,54,80,46,78,14,128,11,32,86,12,37,90"/><V53/><F33/><W97/><G128/><T103/><D114/><U84/><E120/><V52/><F0/><W17/><G32/><T131/><D131/><U87/><E118/><V82/><F132/><W16/><G28/><T39/><D39/><U23/><E101/><V110/><F75/><W5/><G37/><T34/><D21/><U133/><E133/><V104/><F104/><W112/><G112/><T70/><D91/><U65/><E7/><V99/><F41/><N who="1" m="15977" /><E49/><V106/><F38/><W51/><REACH who="3" step="1"/><G14/><REACH who="3" ten="183,309,261,237" step="2"/><T8/><D31/><N who="1" m="17855" /><E65/><V115/><F115/><W100/><G100/><T22/><D103/><U116/><E116/><V43/><F106/><W95/><AGARI ba="0,1" hai="5,11,12,16,17,46,51,54,78,80,86,90,95,97" machi="95" ten="30,8000,1" yaku="1,1,0,1,8,1,54,1,53,1" doraHai="117" doraHaiUra="2" who="3" fromWho="3" sc="183,-20,309,-20,261,-40,237,90" /><INIT seed="3,0,0,0,1,104" ten="163,289,221,327" oya="3" hai0="59,85,101,102,40,93,32,105,135,126,56,103,131" hai1="125,117,3,73,61,68,57,38,2,64,46,5,91" hai2="24,10,130,49,16,37,134,124,98,26,67,88,122" hai3="115,33,28,89,118,112,30,23,78,106,99,41,52"/><W127/><G118/><T25/><D126/><U70/><E125/><V116/><F124/><W15/><G127/><T13/><D131/><U83/><E117/><V109/><F116/><W90/><G41/><T31/><D135/><U96/><E57/><V95/><F134/><W6/><G33/><T123/><D123/><U87/><E70/><V77/><F130/><W53/><G78/><T114/><D114/><U27/><E5/><V58/><F37/><W0/><G0/><T35/><D35/><U39/><E39/><V43/><F122/><W128/><G128/><T54/><D105/><U113/><E113/><V94/><F77/><W45/><G106/><T133/><D133/><U60/><E60/><N who="2" m="38295" /><F109/><W17/><G6/><T100/><D40/><U65/><E65/><V29/><F29/><N who="3" m="11371" /><G115/><T84/><D93/><U82/><E27/><V19/><F95/><N who="3" m="56823" /><G112/><T22/><N who="0" m="25600" /><DORA hai="34" /><T74/><D74/><U47/><E96/><V69/><F69/><W21/><G89/><T81/><D81/><U63/><E63/><V14/><F19/><N who="3" m="10495" /><G45/><AGARI ba="0,0" hai="10,14,16,24,26,43,45,49,88,94,98" m="38295" machi="45" ten="30,3900,0" yaku="8,1,54,2" doraHai="104,34" who="2" fromWho="3" sc="163,0,289,0,221,39,327,-39" /><INIT seed="4,0,0,1,0,89" ten="163,289,260,288" oya="0" hai0="62,3,132,119,57,133,75,45,51,13,31,127,61" hai1="39,102,93,116,130,115,60,36,64,21,19,32,124" hai2="53,85,125,41,97,17,118,42,22,0,98,54,84" hai3="122,79,56,112,134,131,20,10,11,129,67,2,25"/><T30/><D119/><U47/><E130/><N who="3" m="49674" /><G79/><T71/><D3/><U29/><E124/><V52/><F0/><W33/><G67/><N who="0" m="41455" /><D75/><U37/><E116/><V48/><F125/><W70/><G70/><T108/><D127/><U38/><E115/><V15/><F118/><W73/><G73/><T113/><D13/><U55/><E29/><V58/><F58/><W135/><G56/><T18/><D18/><U82/><E82/><V69/><F69/><W126/><G126/><T66/><D30/><U26/><E32/><V16/><F17/><N who="3" m="12431" /><G33/><T104/><D104/><U1/><E1/><V123/><F123/><W94/><G122/><T106/><D106/><U101/><N who="1" m="9216" /><DORA hai="91" /><U87/><E55/><V110/><F48/><W95/><G112/><T46/><D31/><U111/><E47/><N who="0" m="17929" /><D113/><U81/><E111/><V74/><F110/><W109/><G109/><T7/><D7/><U8/><E8/><N who="3" m="3114" /><G2/><T83/><D108/><U72/><E72/><V120/><F74/><W103/><G103/><T65/><D65/><U44/><E44/><V24/><F120/><W121/><G121/><T6/><D6/><U40/><E40/><N who="2" m="15467" /><F15/><W4/><G4/><T107/><D107/><U63/><E64/><V35/><F35/><W59/><G59/><T68/><D83/><U117/><E117/><V100/><F100/><N who="1" m="38505" /><E81/><V90/><F54/><AGARI ba="0,0" hai="51,54,57,62,66,68,132,133" m="17929,41455" machi="54" ten="30,2900,0" yaku="34,2" doraHai="89,91" who="0" fromWho="2" sc="163,29,289,0,260,-29,288,0" /><INIT seed="4,1,0,2,3,74" ten="192,289,231,288" oya="0" hai0="25,73,70,106,6,3,109,27,72,52,131,46,7" hai1="110,36,80,21,18,4,79,112,95,83,93,88,98" hai2="66,41,61,5,9,15,121,86,62,68,51,116,75" hai3="103,19,11,119,90,17,28,44,99,32,34,40,67"/><T120/><D120/><U0/><E36/><V115/><F75/><W20/><G119/><T65/><D106/><U100/><E110/><V87/><F121/><W26/><G90/><T39/><D109/><U76/><E112/><V23/><F115/><W104/><G67/><T105/><D105/><U78/><E4/><V126/><F116/><W69/><G69/><T48/><D131/><U63/><E0/><V29/><F126/><W33/><REACH who="3" step="1"/><G11/><REACH who="3" ten="192,289,231,278" step="2"/><T10/><D39/><AGARI ba="1,1" hai="17,19,20,26,28,32,33,34,39,40,44,99,103,104" machi="39" ten="40,5200,0" yaku="1,1,2,1,53,1" doraHai="74" doraHaiUra="42" who="3" fromWho="0" sc="192,-55,289,0,231,0,278,65" /><INIT seed="5,0,0,4,3,135" ten="137,289,231,343" oya="1" hai0="40,58,0,80,21,46,134,113,127,86,104,43,63" hai1="106,107,73,89,34,13,96,29,1,25,72,65,3" hai2="82,129,84,132,52,12,51,17,45,95,85,71,36" hai3="87,101,70,49,77,24,30,114,110,116,26,94,59"/><U16/><E65/><V124/><F129/><W56/><G110/><T91/><D134/><U41/><E41/><V44/><F71/><W61/><G114/><T68/><D113/><U90/><E73/><V54/><F132/><W27/><G70/><T123/><D104/><U120/><E72/><V38/><F124/><W103/><G116/><T22/><D68/><U108/><E108/><V131/><F131/><W128/><G30/><T81/><D0/><U130/><E130/><V117/><F117/><W42/><G128/><T10/><D123/><U39/><E39/><V119/><F119/><W31/><G31/><T99/><D43/><U133/><E133/><V100/><F100/><W14/><G14/><T50/><D99/><U4/><E120/><V115/><F115/><W98/><G103/><T2/><D81/><U67/><E67/><V88/><F54/><N who="3" m="31823" /><G42/><T78/><D91/><N who="1" m="34827" /><E1/><V62/><F62/><W122/><G122/><T92/><D92/><U7/><E96/><V32/><F44/><W79/><G87/><T57/><D127/><U15/><E15/><V18/><F32/><W48/><G48/><T97/><D97/><U6/><E3/><V28/><F28/><W75/><G75/><T93/><D93/><U64/><E64/><AGARI ba="0,0" hai="24,26,27,59,61,64,77,79,94,98,101" m="31823" machi="64" ten="30,1000,0" yaku="8,1" doraHai="135" who="3" fromWho="1" sc="137,0,289,-10,231,0,343,10" /><INIT seed="6,0,0,5,2,11" ten="137,279,231,353" oya="2" hai0="69,33,108,43,48,22,82,3,64,15,92,72,2" hai1="7,65,107,117,24,83,45,81,66,19,20,57,21" hai2="25,16,115,105,31,23,18,125,67,51,14,106,5" hai3="63,101,102,36,103,62,78,56,38,90,129,116,110"/><V131/><F131/><W30/><G110/><T123/><D108/><U113/><E117/><V79/><F125/><W68/><G116/><T71/><D123/><U98/><E113/><V80/><F115/><W26/><G129/><T42/><D33/><U112/><E7/><V126/><F126/><W135/><G78/><T111/><D111/><U87/><E83/><V74/><F67/><W121/><G121/><T29/><D72/><U12/><E45/><V32/><F51/><W104/><G63/><T37/><D37/><U58/><E98/><V76/><F76/><W27/><G27/><T77/><D92/><U50/><E107/><V85/><F74/><W122/><G122/><T75/><D64/><N who="1" m="24683" /><E50/><V52/><F52/><W130/><G68/><T118/><D118/><U84/><E84/><V127/><F127/><W35/><G104/><T124/><D124/><U59/><E112/><V134/><F134/><W61/><G135/><T133/><D133/><U55/><E55/><V28/><F28/><W53/><G130/><T70/><D48/><U6/><E6/><V88/><F5/><W95/><G61/><T119/><D119/><U93/><E93/><V10/><F79/><W44/><G44/><T97/><D97/><U96/><E96/><V8/><F8/><W47/><G47/><T60/><D60/><U99/><E99/><V91/><F91/><W4/><G4/><T49/><D49/><U100/><E100/><V114/><F114/><W89/><G89/><T17/><REACH who="0" step="1"/><D29/><REACH who="0" ten="127,279,231,353" step="2"/><N who="1" m="17543" /><E81/><V1/><F1/><AGARI ba="0,1" hai="1,2,3,15,17,22,42,43,69,70,71,75,77,82" machi="1" ten="50,3200,0" yaku="1,1,52,1,53,0" doraHai="11" doraHaiUra="128" who="0" fromWho="2" sc="127,42,279,0,231,-32,353,0" /><INIT seed="7,0,0,0,1,89" ten="169,279,199,353" oya="3" hai0="87,134,84,4,35,15,19,127,108,20,68,76,96" hai1="50,57,39,53,94,31,38,92,65,122,83,55,9" hai2="73,85,111,28,135,82,67,21,37,75,114,121,36" hai3="69,6,7,99,42,86,49,41,32,45,63,8,126"/><W97/><G126/><T72/><D108/><U26/><E122/><V61/><F135/><W10/><G32/><T54/><D127/><U107/><E107/><V116/><F116/><W124/><G124/><T131/><D134/><U12/><E65/><V60/><F111/><W14/><G42/><T79/><D131/><U0/><E0/><V125/><F125/><W24/><G24/><T52/><D68/><U2/><E2/><V123/><F114/><W71/><G71/><T118/><D35/><U40/><E83/><V70/><F21/><W103/><G103/><T130/><D130/><U128/><E40/><V43/><F28/><W98/><G86/><N who="0" m="32811" /><D72/><N who="2" m="27722" /><F61/><W64/><G99/><T18/><D118/><U102/><E102/><V58/><F43/><W109/><G109/><T112/><D112/><U90/><E90/><N who="2" m="51511" /><F70/><W132/><G132/><T1/><D1/><AGARI ba="0,0" hai="1,6,7,8,10,14,41,45,49,63,64,69,97,98" machi="1" ten="30,1500,0" yaku="7,1" doraHai="89" who="3" fromWho="0" sc="169,-15,279,0,199,0,353,15" owari="154,-35.0,279,8.0,199,-20.0,368,47.0" /></mjloggm>