<mjloggm ver="2.3"><GO type="185" lobby="0"/><UN n0="%E3%81%B7%E3%82%8A%E3%81%B7%E3%82%8A%EF%BC%92%EF%BC%90%EF%BC%90%EF%BC%91" n1="%E3%83%AA%E3%82%B3%E3%83%BB%E3%83%90%E3%83%B3%E3%83%87%E3%83%A9%E3%82%B9" n2="%E3%82%86%E3%81%8D%E3%81%86%E3%81%95%E3%81%8E%E2%98%86" n3="" dan="16,16,16,0" rate="2167.54,2205.88,2177.00,1500.00" sx="M,M,F,C"/><TAIKYOKU oya="0"/><INIT seed="0,0,0,1,3,119" ten="350,350,350,0" oya="0" hai0="50,33,125,122,113,63,110,118,0,48,32,123,56" hai1="72,128,83,66,97,45,116,42,130,70,104,98,57" hai2="35,100,68,54,96,94,108,44,49,114,109,88,60" hai3=""/><T65/><N who="0" m="31264" /><T36/><N who="0" m="31520" /><T99/><D0/><U80/><E70/><V90/><F35/><T134/><D118/><U41/><E116/><V121/><N who="2" m="31008" /><V85/><F114/><T55/><D113/><U105/><E66/><V95/><F68/><T43/><D134/><U37/><E57/><V1/><F60/><T73/><D73/><U132/><E132/><V124/><F124/><T107/><D125/><U52/><E52/><V47/><F1/><T61/><D110/><N who="2" m="42602" /><F100/><T53/><D107/><U2/><E2/><V133/><F133/><T76/><D76/><U58/><E104/><V87/><F96/><T84/><D99/><U78/><E105/><V127/><F127/><T112/><D112/><U69/><E98/><V77/><F77/><T91/><D61/><U101/><E97/><V126/><F126/><T59/><D43/><U82/><E42/><V71/><F71/><T106/><D106/><U34/><E69/><V3/><F3/><T39/><D32/><U64/><E41/><V117/><F117/><T62/><D33/><U74/><E34/><V75/><F75/><T93/><D62/><U40/><E78/><V38/><F38/><T51/><D51/><U67/><E74/><V131/><F131/><RYUUKYOKU ba="0,0" sc="350,10,350,-20,350,10,0,0" hai0="36,39,48,50,53,55,56,59,63,65,84,91,93" hai2="44,47,49,54,85,87,88,90,94,95" /><INIT seed="0,1,0,5,5,111" ten="360,330,360,0" oya="0" hai0="51,55,35,109,90,126,69,99,0,81,112,43,101" hai1="73,3,65,49,116,84,54,92,127,103,40,33,78" hai2="63,61,115,121,2,100,102,45,70,91,82,130,56" hai3=""/><T125/><D0/><U41/><E3/><V89/><N who="2" m="31008" /><V86/><F2/><T133/><D35/><U32/><E116/><V74/><F130/><T106/><D69/><U46/><E127/><N who="0" m="48649" /><D133/><U47/><E65/><V104/><F115/><T128/><D128/><U132/><E132/><V122/><N who="2" m="31264" /><V37/><F70/><T113/><D43/><U105/><E105/><V62/><F56/><T134/><D134/><U88/><E103/><V135/><F135/><T123/><N who="0" m="31520" /><T75/><D109/><U108/><E108/><V1/><F1/><T119/><D119/><U72/><E41/><V52/><F37/><T85/><D75/><U129/><E129/><V48/><F74/><T94/><D106/><U83/><E73/><V124/><F104/><T38/><D38/><AGARI ba="1,0" hai="32,33,38,40,46,47,49,54,72,78,83,84,88,92" machi="38" ten="30,2000,0" yaku="7,1,54,1" doraHai="111" who="1" fromWho="0" sc="360,-22,330,22,360,0,0,0" /><INIT seed="1,0,0,5,5,129" ten="338,352,360,0" oya="1" hai0="39,50,82,46,49,72,99,43,33,80,63,98,124" hai1="101,83,111,109,125,65,104,64,128,120,112,71,48" hai2="90,97,42,88,116,60,117,118,79,100,110,93,96" hai3=""/><U56/><N who="1" m="30752" /><U103/><E112/><V85/><F42/><T135/><D33/><U95/><E128/><V133/><F60/><T91/><D124/><U55/><E104/><V131/><F131/><T52/><D39/><U66/><E125/><V1/><F1/><T123/><N who="0" m="31520" /><T102/><D63/><U0/><E0/><V62/><F62/><T38/><D135/><U69/><E83/><V77/><F133/><T61/><D61/><U34/><E34/><V105/><F110/><N who="1" m="41993" /><E95/><AGARI ba="0,0" hai="77,79,85,88,90,93,95,96,97,100,105,116,117,118" machi="95" ten="40,8000,1" yaku="34,3,54,1" doraHai="129" who="2" fromWho="1" sc="338,0,352,-80,360,80,0,0" /><INIT seed="2,0,0,4,1,63" ten="338,272,440,0" oya="2" hai0="79,47,62,114,127,70,131,39,124,87,96,109,103" hai1="105,44,93,55,121,48,45,101,68,125,74,72,51" hai2="53,84,106,3,40,65,81,126,46,117,71,33,66" hai3=""/><V57/><F33/><T67/><D131/><U83/><N who="1" m="31008" /><U60/><E105/><V95/><F3/><T90/><D79/><U88/><E125/><V85/><F126/><N who="0" m="48170" /><D114/><U122/><N who="1" m="31264" /><U99/><E68/><V61/><F106/><T128/><D128/><U94/><E83/><V102/><F117/><T113/><D109/><U108/><E60/><V50/><F81/><T115/><D47/><U36/><E36/><V73/><F73/><T38/><D113/><U59/><E59/><V98/><REACH who="2" step="1"/><F65/><REACH who="2" ten="338,272,430,0" step="2"/><T77/><D115/><U134/><E108/><V76/><F76/><T120/><N who="0" m="30752" /><T116/><D77/><U110/><E110/><V123/><N who="2" m="31520" /><V132/><F132/><T69/><D116/><U54/><REACH who="1" step="1"/><E134/><REACH who="1" ten="338,262,430,0" step="2"/><V41/><F41/><T2/><D2/><U92/><E92/><V49/><AGARI ba="0,2" hai="40,46,49,50,53,57,61,66,71,84,85,95,98,102" m="31520" machi="49" ten="20,12000,2" yaku="1,1,0,1,7,1,52,2,53,1" doraHai="63" doraHaiUra="89" who="2" fromWho="2" sc="338,-60,262,-60,430,140,0,0" /><INIT seed="2,1,0,1,1,105" ten="278,202,570,0" oya="2" hai0="80,62,35,38,125,53,60,45,3,36,54,97,33" hai1="39,69,110,71,47,40,46,98,106,130,58,84,44" hai2="126,78,41,91,66,116,113,118,70,96,86,32,89" hai3=""/><V68/><F32/><T75/><D3/><U2/><E2/><V134/><F113/><T64/><D125/><U72/><E72/><V76/><F126/><T87/><D97/><U100/><E110/><V102/><F41/><T108/><D108/><U99/><E130/><V94/><F66/><T56/><D87/><U123/><N who="1" m="31520" /><U103/><E84/><V79/><F134/><T133/><D133/><U65/><E58/><V63/><F63/><T90/><D90/><U59/><E59/><V121/><N who="2" m="31008" /><V135/><F135/><T117/><D117/><N who="2" m="45162" /><F70/><T119/><D119/><U81/><E81/><V111/><F68/><T109/><D109/><U129/><E129/><V124/><F124/><T120/><N who="0" m="30752" /><T61/><D56/><U1/><E1/><V104/><F111/><T115/><D115/><U48/><E65/><V77/><F91/><T37/><D64/><U88/><E88/><V83/><F76/><T85/><D45/><U101/><E47/><V132/><F132/><T42/><D42/><U50/><E71/><V112/><F112/><T114/><D114/><U49/><E69/><V131/><F131/><T95/><D33/><U51/><E46/><V82/><AGARI ba="1,0" hai="77,78,79,82,83,86,89,94,96,102,104" m="45162,31008" machi="82" ten="40,5200,0" yaku="34,2,52,1" doraHai="105" who="2" fromWho="2" sc="278,-27,202,-27,570,54,0,0" /><INIT seed="2,2,0,5,2,48" ten="251,175,624,0" oya="2" hai0="114,125,72,37,66,46,41,54,62,42,103,61,79" hai1="67,92,122,104,1,74,118,105,73,55,130,95,35" hai2="109,108,134,34,115,127,112,52,50,120,100,135,53" hai3=""/><V33/><F100/><T0/><D0/><U113/><N who="1" m="31264" /><U132/><E1/><V57/><F127/><T45/><D103/><U126/><E35/><V2/><N who="2" m="30752" /><V63/><F2/><T59/><D79/><U64/><E126/><V58/><F33/><T32/><D72/><U90/><E90/><V84/><F84/><T96/><D96/><U43/><E43/><V51/><F34/><T83/><D83/><U38/><E38/><V86/><F86/><T121/><N who="0" m="31008" /><T78/><D78/><U93/><E93/><V81/><F63/><T101/><D101/><U128/><E105/><V111/><F81/><T85/><D85/><U98/><E104/><V75/><F75/><T65/><D32/><U36/><E98/><V119/><F119/><T129/><D125/><U99/><E99/><V60/><F60/><T94/><D94/><U107/><E95/><V68/><F68/><T91/><D91/><U71/><E92/><V39/><F39/><T3/><D3/><U49/><E36/><V70/><F70/><T69/><D62/><U97/><E107/><V80/><F80/><T133/><D69/><U89/><E74/><V124/><F124/><T47/><D37/><U44/><E71/><V56/><F56/><RYUUKYOKU ba="2,0" sc="251,-10,175,-10,624,20,0,0" hai2="50,51,52,53,57,58,108,109,111,112,115,134,135" /><INIT seed="2,3,0,3,3,51" ten="241,165,644,0" oya="2" hai0="44,101,50,99,41,48,98,87,37,70,38,72,59" hai1="105,102,92,125,121,66,81,77,113,117,85,43,86" hai2="40,76,123,0,56,49,127,91,133,124,65,75,58" hai3=""/><V68/><N who="2" m="31520" /><V88/><F0/><T47/><D72/><U116/><N who="1" m="31008" /><U1/><E1/><V129/><F129/><T52/><D70/><U108/><E113/><V132/><F40/><T106/><D98/><U90/><E43/><V78/><F49/><T135/><D135/><N who="2" m="51786" /><F68/><T112/><D112/><U69/><E125/><N who="2" m="48203" /><F75/><T55/><REACH who="0" step="1"/><D87/><REACH who="0" ten="231,165,644,0" step="2"/><U64/><E69/><V111/><F111/><T89/><D89/><N who="2" m="34378" /><F65/><T82/><D82/><U2/><E108/><V122/><N who="2" m="31264" /><V46/><F46/><T63/><AGARI ba="3,1" hai="37,38,41,44,47,48,50,52,55,59,63,99,101,106" machi="63" ten="20,9000,2" yaku="1,1,0,1,7,1,52,2,54,1,53,0" doraHai="51" doraHaiUra="120" who="0" fromWho="0" sc="231,106,165,-33,644,-63,0,0" /><INIT seed="4,0,0,5,0,103" ten="337,132,581,0" oya="0" hai0="109,61,41,92,69,39,128,66,59,132,63,98,38" hai1="80,91,90,115,77,36,62,111,110,108,32,56,124" hai2="49,130,126,73,67,71,101,118,47,134,53,50,0" hai3=""/><T1/><D1/><U97/><E32/><V114/><F0/><T117/><D117/><U74/><E124/><V87/><F126/><T119/><D119/><U100/><E36/><V135/><F118/><T44/><D132/><U42/><E42/><V127/><F127/><T94/><D128/><U123/><N who="1" m="31520" /><U93/><REACH who="1" step="1"/><E115/><REACH who="1" ten="337,122,581,0" step="2"/><V129/><F114/><T131/><D38/><U83/><E83/><V102/><F73/><T58/><D131/><N who="2" m="50186" /><F87/><T43/><D39/><U106/><E106/><V133/><F49/><T34/><D34/><U48/><E48/><V52/><F53/><AGARI ba="0,1" hai="53,56,62,74,77,80,90,91,93,97,100,108,110,111" m="31520" machi="53" ten="40,2600,0" yaku="1,1,52,1,53,0" doraHai="103" doraHaiUra="81" who="1" fromWho="2" sc="337,0,122,36,581,-26,0,0" /><INIT seed="5,0,0,1,2,54" ten="337,158,555,0" oya="1" hai0="120,67,49,76,59,38,45,84,35,1,85,51,55" hai1="83,115,131,97,40,43,113,124,103,95,33,73,44" hai2="70,71,61,63,96,133,58,88,128,107,41,109,57" hai3=""/><U87/><E33/><V117/><F109/><T118/><N who="0" m="30752" /><T80/><D1/><U60/><E124/><V48/><F117/><T108/><D35/><U50/><E73/><V93/><F128/><T65/><D108/><U66/><E131/><V112/><F112/><T2/><D38/><U75/><E75/><V114/><F114/><T98/><D2/><U130/><E130/><V110/><F110/><T121/><N who="0" m="31008" /><T37/><D37/><U105/><E105/><V125/><F125/><T134/><D134/><U94/><E94/><V100/><F133/><T101/><D84/><U36/><E43/><V135/><F135/><T127/><D127/><U129/><E36/><V64/><F48/><T116/><D116/><U34/><E34/><V119/><F41/><T89/><D76/><U72/><E72/><V111/><F111/><T91/><D91/><U77/><REACH who="1" step="1"/><E129/><REACH who="1" ten="337,148,555,0" step="2"/><V106/><F106/><T52/><D118/><U123/><N who="1" m="31520" /><U0/><E0/><V79/><F119/><T78/><D78/><U74/><E74/><V42/><F79/><T126/><D126/><U82/><E82/><V56/><F42/><T32/><D32/><U90/><E90/><V68/><F107/><AGARI ba="0,1" hai="45,49,51,52,55,59,65,67,80,85,89,98,101,107" m="31008,30752" machi="107" ten="30,8000,1" yaku="7,1,52,3,54,1" doraHai="54" who="0" fromWho="2" sc="337,90,148,0,555,-80,0,0" /><INIT seed="6,0,0,0,1,33" ten="427,148,475,0" oya="2" hai0="35,131,51,68,32,114,96,89,44,125,1,135,47" hai1="128,103,111,64,3,45,83,70,82,93,127,39,57" hai2="58,110,98,55,99,72,37,53,106,76,52,132,62" hai3=""/><V63/><F110/><T117/><D117/><U88/><E111/><V65/><F132/><T73/><D135/><U94/><E128/><V67/><F37/><T59/><D68/><U104/><E70/><V84/><F72/><T50/><D73/><U119/><E119/><V102/><F99/><T107/><D131/><U74/><E104/><V49/><F76/><T38/><D38/><U105/><E105/><V118/><F84/><T121/><N who="0" m="31008" /><T56/><D1/><U115/><E103/><V90/><F90/><T108/><D108/><U2/><E94/><V85/><F85/><T61/><D125/><U46/><E127/><V60/><F118/><T86/><D114/><U75/><E115/><V113/><F113/><T95/><D59/><U101/><E101/><V66/><AGARI ba="0,0" hai="49,52,53,55,58,60,62,63,65,66,67,98,102,106" machi="66" ten="30,2000,0" yaku="0,1,54,1" doraHai="33" who="2" fromWho="2" sc="427,-10,148,-10,475,20,0,0" owari="417,2.0,138,-46.0,495,44.0,0,0.0" /></mjloggm>