<mjloggm ver="2.3"><GO type="185" lobby="0"/><UN n0="%E5%A4%9A%E6%9E%97%E6%99%8B" n1="%E6%B5%B7%E8%83%86%E3%83%88%E3%83%AD%E7%83%8F%E8%B3%8A" n2="%E3%83%B4%E3%82%A3%E3%83%AF%E3%82%B3%E3%82%B0%E3%83%8B" n3="" dan="16,18,18,0" rate="2190.69,2335.59,2311.47,1500.00" sx="M,M,M,C"/><TAIKYOKU oya="0"/><INIT seed="0,0,0,2,1,84" ten="350,350,350,0" oya="0" hai0="77,78,2,66,129,70,75,40,104,89,37,107,126" hai1="125,133,124,86,54,47,118,46,110,60,111,48,57" hai2="123,102,58,81,127,52,90,79,56,35,42,61,74" hai3=""/><T38/><D2/><U67/><E118/><V82/><N who="2" m="31520" /><V50/><F127/><N who="1" m="48713" /><E86/><V96/><F35/><T3/><D3/><U63/><E133/><V62/><F42/><T97/><D126/><U91/><E91/><V93/><F81/><T113/><D40/><U49/><E63/><V112/><F112/><T44/><D75/><U108/><E49/><V65/><REACH who="2" step="1"/><F50/><REACH who="2" ten="350,350,340,0" step="2"/><T122/><N who="0" m="31264" /><T98/><D37/><U92/><E92/><V119/><F119/><T115/><D38/><U132/><E132/><V0/><F0/><T59/><D107/><U72/><E72/><V116/><F116/><T87/><D104/><U109/><E109/><V41/><F41/><T76/><D77/><U36/><E36/><V32/><F32/><T51/><D76/><U117/><E117/><V135/><F135/><T45/><D78/><U55/><E54/><V33/><F33/><T106/><D106/><U85/><E48/><V83/><F83/><T39/><D39/><U94/><E55/><V100/><AGARI ba="0,1" hai="52,56,58,61,62,65,74,79,82,90,93,96,100,102" m="31520" machi="100" ten="30,6000,1" yaku="1,1,0,1,52,2,54,1,53,0" doraHai="84" doraHaiUra="103" who="2" fromWho="2" sc="350,-40,350,-20,340,70,0,0" /><INIT seed="1,0,0,4,2,118" ten="310,330,410,0" oya="1" hai0="73,135,50,95,81,124,94,128,125,59,119,61,69" hai1="111,113,90,54,33,2,34,98,86,129,122,88,77" hai2="120,37,63,39,117,51,80,68,100,91,87,36,105" hai3=""/><U58/><N who="1" m="31264" /><U130/><E113/><V110/><N who="2" m="30752" /><V0/><F117/><T64/><D119/><U134/><E2/><V67/><F110/><T89/><D135/><U106/><E134/><V123/><N who="2" m="31520" /><V115/><F0/><T85/><D128/><N who="1" m="49259" /><E111/><V35/><F115/><T116/><D116/><U83/><E106/><V46/><F35/><N who="1" m="13321" /><E98/><V48/><REACH who="2" step="1"/><F46/><REACH who="2" ten="310,330,400,0" step="2"/><T133/><D133/><U49/><AGARI ba="0,1" hai="49,54,58,77,83,86,88,90" m="13321,49259,31264" machi="49" ten="30,7800,0" yaku="19,1,52,2,54,1" doraHai="118" who="1" fromWho="1" sc="310,-39,330,88,400,-39,0,0" /><INIT seed="1,1,0,5,2,113" ten="271,418,361,0" oya="1" hai0="91,40,132,119,51,68,43,94,53,93,59,79,32" hai1="96,84,104,81,38,101,48,123,71,88,118,73,102" hai2="80,36,110,64,60,92,116,3,76,61,112,63,99" hai3=""/><U114/><N who="1" m="31520" /><U105/><E38/><V46/><F3/><T127/><D32/><U39/><E39/><V74/><F110/><T44/><D68/><U109/><E71/><V75/><F112/><T122/><N who="0" m="31264" /><T62/><D132/><U1/><E1/><V66/><F74/><T126/><D79/><U78/><E114/><V125/><F125/><N who="0" m="47626" /><D119/><U67/><E67/><V133/><F133/><T70/><D91/><U124/><E48/><V72/><F72/><T98/><D98/><U85/><E124/><V82/><F82/><T54/><D70/><U41/><E41/><AGARI ba="1,0" hai="40,41,43,44,51,53,54,59,62,93,94" m="47626,31264" machi="41" ten="30,2000,0" yaku="18,1,52,1" doraHai="113" who="0" fromWho="1" sc="271,22,418,-22,361,0,0,0" /><INIT seed="2,0,0,1,3,48" ten="293,396,361,0" oya="2" hai0="113,116,126,109,47,122,49,84,64,63,58,44,120" hai1="117,130,78,69,2,3,54,41,94,87,61,133,45" hai2="129,46,40,56,135,39,81,52,80,86,42,96,37" hai3=""/><V33/><F33/><T119/><N who="0" m="30752" /><T89/><N who="0" m="31264" /><T104/><D104/><U92/><E130/><V68/><F68/><T93/><D109/><U38/><E133/><V34/><F34/><T59/><D113/><U106/><E106/><V76/><F129/><T91/><D126/><U110/><E110/><V50/><F135/><T111/><D111/><U124/><E124/><V132/><F132/><T88/><D44/><U60/><E117/><V73/><F96/><T107/><D58/><U71/><E78/><V75/><F81/><T114/><D107/><U67/><E87/><V127/><F127/><T103/><D114/><U100/><E100/><V108/><F108/><T51/><D51/><U115/><E115/><V72/><REACH who="2" step="1"/><F42/><REACH who="2" ten="293,396,351,0" step="2"/><T55/><REACH who="0" step="1"/><D84/><REACH who="0" ten="283,396,351,0" step="2"/><U85/><E85/><V134/><F134/><T112/><D112/><U95/><E69/><V123/><N who="2" m="31520" /><V32/><F32/><T131/><D131/><U74/><E74/><V102/><F102/><T0/><D0/><U70/><E70/><V82/><F82/><T121/><N who="0" m="31008" /><T66/><D66/><U101/><E101/><V79/><F79/><T43/><D43/><U128/><E128/><V105/><F105/><T97/><AGARI ba="0,2" hai="47,49,55,59,63,64,88,89,91,93,97,103,116,119" m="31008,31264,30752" machi="97" ten="30,12000,3" yaku="1,1,0,1,52,4,54,1,53,1" doraHai="48" doraHaiUra="62" who="0" fromWho="0" sc="283,140,396,-40,351,-80,0,0" /><INIT seed="4,0,0,5,1,32" ten="423,356,271,0" oya="0" hai0="61,126,79,70,135,94,95,69,35,134,47,71,42" hai1="80,86,77,33,120,114,81,121,90,112,85,49,100" hai2="44,130,131,54,75,128,115,39,65,82,124,74,102" hai3=""/><T3/><D35/><U88/><N who="1" m="30752" /><U66/><N who="1" m="31008" /><U76/><E33/><V67/><F115/><N who="1" m="44073" /><E66/><N who="2" m="25099" /><F124/><T2/><D61/><U113/><N who="1" m="44081" /><U89/><DORA hai="45" /><E49/><V123/><N who="2" m="31520" /><V105/><F82/><N who="1" m="31849" /><E100/><V87/><F102/><T63/><D79/><AGARI ba="0,0" hai="76,77,79,85,86,88,89,90" m="31849,44081,31008,30752" machi="79" ten="50,16000,3" yaku="28,2,15,1,11,1,34,2,52,2,54,1" doraHai="32,45" who="1" fromWho="0" sc="423,-160,356,160,271,0,0,0" /><INIT seed="5,0,0,5,4,32" ten="263,516,271,0" oya="1" hai0="78,131,94,100,116,65,62,58,130,56,108,84,128" hai1="74,57,69,87,2,3,96,71,133,114,109,73,99" hai2="135,72,89,98,121,46,112,47,44,53,123,86,34" hai3=""/><U93/><E114/><V95/><N who="2" m="31008" /><V77/><N who="2" m="31520" /><V36/><F34/><T40/><D108/><U129/><E109/><V52/><F135/><T125/><D125/><U103/><E133/><V81/><F36/><T38/><D116/><U67/><E129/><N who="0" m="33025" /><T110/><DORA hai="90" /><D110/><U76/><E57/><V132/><F132/><T113/><D56/><U119/><E119/><V80/><REACH who="2" step="1"/><F112/><REACH who="2" ten="263,516,261,0" step="2"/><T107/><D113/><U92/><E2/><V64/><F64/><T82/><D107/><U42/><E3/><V97/><F97/><T75/><D38/><U115/><E115/><V118/><F118/><T105/><D105/><U126/><E67/><V39/><F39/><T49/><D100/><AGARI ba="0,1" hai="44,46,47,52,53,72,77,80,81,86,89,95,98,100" m="31520,31008" machi="100" ten="40,12000,2" yaku="1,1,52,3,54,1,53,2" doraHai="32,90" doraHaiUra="104,91" who="2" fromWho="0" sc="263,-120,516,0,261,130,0,0" /><INIT seed="6,0,0,5,1,73" ten="143,516,391,0" oya="2" hai0="115,98,56,32,83,93,3,43,82,119,102,33,76" hai1="123,103,74,104,120,101,116,118,47,41,79,113,89" hai2="40,111,68,91,129,121,112,66,67,75,85,45,81" hai3=""/><V95/><N who="2" m="31008" /><V0/><F112/><T131/><D3/><U108/><N who="1" m="30752" /><U38/><N who="1" m="31520" /><U130/><E108/><V106/><F0/><T125/><D115/><U62/><E113/><V96/><F111/><T114/><D119/><N who="1" m="45611" /><E130/><V128/><F75/><T39/><D83/><U58/><E104/><V126/><F106/><T124/><D56/><U54/><E89/><V94/><F126/><T50/><D114/><U97/><E97/><V51/><F95/><T92/><D131/><N who="2" m="50250" /><F68/><T64/><D32/><U69/><E69/><V2/><F2/><T99/><D33/><U65/><E74/><V88/><AGARI ba="0,0" hai="40,45,51,66,67,81,85,88,91,94,96" m="50250,31008" machi="88" ten="30,4000,0" yaku="19,1,52,1,54,1" doraHai="73" who="2" fromWho="2" sc="143,-20,516,-20,391,40,0,0" /><INIT seed="6,1,0,3,2,131" ten="123,496,431,0" oya="2" hai0="1,77,123,124,122,40,82,64,72,48,103,37,36" hai1="130,119,71,115,121,133,65,83,53,105,86,97,109" hai2="101,94,107,35,54,112,125,55,102,108,95,58,100" hai3=""/><V114/><F125/><T117/><N who="0" m="31264" /><T68/><N who="0" m="31520" /><T57/><D1/><U47/><N who="1" m="31008" /><U52/><E109/><V49/><F108/><T91/><D103/><U79/><E130/><V113/><F107/><T128/><D91/><U39/><E115/><V43/><F35/><T60/><D82/><U56/><E133/><V85/><F43/><T61/><D77/><U84/><E119/><V135/><F135/><T59/><D72/><U51/><E39/><V0/><F0/><T98/><D128/><U2/><E2/><V38/><F38/><T81/><D98/><U111/><E111/><V50/><REACH who="2" step="1"/><F85/><REACH who="2" ten="123,496,421,0" step="2"/><T116/><D81/><U66/><E71/><V33/><F33/><T129/><D124/><U34/><E34/><V69/><F69/><T44/><D129/><U104/><E84/><V90/><F90/><T78/><D78/><U74/><E86/><V75/><F75/><T70/><D36/><U63/><REACH who="1" step="1"/><E97/><REACH who="1" ten="123,486,421,0" step="2"/><V96/><F96/><T46/><D117/><U106/><AGARI ba="1,2" hai="47,51,52,53,56,63,65,66,74,79,83,104,105,106" m="31008" machi="106" ten="30,9000,2" yaku="1,1,2,1,0,1,52,1,54,1,53,1" doraHai="131" doraHaiUra="76" who="1" fromWho="1" sc="123,-31,486,112,421,-61,0,0" owari="92,-51.0,598,55.0,360,-4.0,0,0.0" /></mjloggm>