<mjloggm ver="2.3"><GO type="169" lobby="0"/><UN n0="%E3%82%A4%E3%83%B3%E3%83%87%E3%82%A3%E3%82%B4%E3%83%96%E3%83%AB%E3%83%BC" n1="%28%3B%E3%83%BB%E2%88%80%E3%83%BB%29" n2="%E5%BD%97%E6%98%9F%E5%85%A5%E3%83%92%E3%82%B3" n3="%4E%45%4F%E3%81%B5%E3%81%A3%E3%81%8F%E3%82%93" dan="16,16,16,16" rate="2135.51,2173.76,2117.28,2072.70" sx="M,M,M,M"/><TAIKYOKU oya="0"/><INIT seed="0,0,0,5,2,31" ten="250,250,250,250" oya="0" hai0="97,112,72,22,85,2,107,86,73,47,42,93,33" hai1="75,16,51,19,56,7,123,100,11,32,102,23,70" hai2="127,94,103,65,128,64,57,89,35,63,98,18,45" hai3="1,8,101,59,48,52,69,110,118,30,129,60,132"/><T55/><D112/><U133/><E123/><V134/><F127/><W120/><G118/><T117/><D117/><U116/><E70/><V67/><F128/><W4/><G120/><T54/><D2/><U5/><E116/><V82/><F134/><W9/><G110/><T21/><D107/><U96/><E75/><V62/><F45/><W81/><G132/><T109/><D109/><U126/><E133/><V88/><F35/><W40/><G129/><T68/><D68/><U114/><E114/><V0/><F0/><W3/><G101/><T43/><D97/><U44/><E126/><V76/><F18/><W61/><G30/><T130/><D130/><U41/><E102/><V25/><F25/><W26/><G26/><T106/><D106/><U77/><E77/><V13/><F13/><W80/><G40/><T20/><D20/><U29/><E23/><V24/><F24/><W37/><G37/><T6/><D93/><U49/><E29/><V71/><REACH who="2" step="1"/><F67/><REACH who="2" ten="250,250,240,250" step="2"/><W50/><G1/><T124/><D124/><U90/><E32/><V39/><F39/><W87/><G3/><T78/><D47/><U84/><E44/><V131/><F131/><W104/><G4/><T17/><D6/><U115/><E7/><V74/><AGARI ba="0,1" hai="57,62,63,64,65,71,74,76,82,88,89,94,98,103" machi="74" ten="20,5200,0" yaku="1,1,0,1,7,1,54,1,53,0" doraHai="31" doraHaiUra="122" who="2" fromWho="2" sc="250,-26,250,-13,240,62,250,-13" /><INIT seed="1,0,0,4,2,95" ten="224,237,302,237" oya="1" hai0="91,15,49,19,48,53,4,113,66,16,33,96,133" hai1="10,110,60,76,24,13,27,135,46,108,14,127,58" hai2="116,115,107,71,59,88,36,47,62,0,35,93,3" hai3="64,83,70,97,61,84,45,21,1,111,67,73,125"/><U40/><E127/><V28/><F116/><W99/><G111/><N who="1" m="42538" /><E135/><V69/><F107/><W105/><G73/><T126/><D113/><U31/><E76/><V41/><F115/><W109/><G109/><T7/><D33/><N who="1" m="20711" /><E27/><V20/><F35/><W56/><G105/><T37/><D37/><N who="1" m="21775" /><E10/><V101/><F101/><W5/><G125/><T44/><D133/><U25/><E25/><V38/><F38/><W26/><G45/><N who="0" m="27823" /><D66/><AGARI ba="0,0" hai="13,14,58,60,66" m="21775,20711,42538" machi="66" ten="30,2900,0" yaku="14,1,10,1" doraHai="95" who="1" fromWho="0" sc="224,-29,237,29,302,0,237,0" /><INIT seed="1,1,0,5,3,99" ten="195,266,302,237" oya="1" hai0="134,1,67,33,49,115,51,65,123,48,118,83,127" hai1="16,69,54,7,81,89,17,77,40,41,75,45,126" hai2="101,59,57,117,3,128,10,80,60,20,93,15,78" hai3="50,114,91,28,122,95,4,108,87,64,62,107,88"/><U100/><E69/><V110/><F117/><W30/><G108/><T56/><D115/><U131/><E126/><V135/><F110/><W104/><G122/><T8/><D118/><U92/><E131/><V71/><F128/><W29/><G114/><T32/><D134/><U116/><E116/><V38/><F38/><W103/><G4/><T119/><D119/><U121/><E121/><V79/><F135/><W42/><G42/><T109/><D109/><U36/><E40/><V43/><F43/><W13/><G13/><T102/><D127/><U61/><E7/><V113/><F3/><W96/><G50/><T22/><D22/><U72/><E72/><V129/><F129/><W44/><G44/><T66/><D83/><U70/><E100/><V132/><F132/><W25/><G91/><T125/><D125/><U2/><E2/><V19/><F113/><W82/><REACH who="3" step="1"/><G25/><REACH who="3" ten="195,266,302,227" step="2"/><T34/><D123/><U46/><E45/><V76/><F15/><W133/><G133/><T130/><D130/><U85/><REACH who="1" step="1"/><E54/><REACH who="1" ten="195,256,302,227" step="2"/><V98/><F101/><W52/><G52/><T11/><D1/><U73/><E73/><V58/><F60/><W55/><G55/><T105/><D102/><U74/><E74/><V84/><F84/><W97/><G97/><T27/><D27/><U90/><E90/><V39/><F98/><W35/><G35/><T5/><D5/><U0/><E0/><V6/><F6/><W26/><G26/><T47/><D47/><U23/><E23/><V12/><F20/><W14/><G14/><T94/><D33/><U21/><E21/><V124/><F12/><RYUUKYOKU ba="1,2" sc="195,-15,256,15,302,-15,227,15" hai1="16,17,36,41,46,61,70,75,77,81,85,89,92" hai3="28,29,30,62,64,82,87,88,95,96,103,104,107" /><INIT seed="1,2,2,5,4,76" ten="180,271,287,242" oya="1" hai0="28,130,124,49,11,82,67,95,71,125,111,19,22" hai1="132,58,1,84,91,30,43,87,3,88,126,93,92" hai2="81,75,39,72,121,101,135,9,7,21,41,25,128" hai3="24,70,8,120,85,53,60,20,102,104,89,108,97"/><U100/><E126/><N who="0" m="48745" /><D111/><U66/><E132/><V80/><F121/><W61/><G108/><T54/><D130/><U113/><E113/><V15/><F128/><W46/><G120/><T13/><D95/><U103/><E43/><V114/><F135/><W0/><G70/><T48/><D54/><U106/><E30/><V123/><F123/><W37/><G0/><T110/><D110/><U17/><E17/><V74/><F101/><W94/><G8/><T96/><D96/><U109/><E109/><V33/><F33/><W16/><REACH who="3" step="1"/><G53/><REACH who="3" ten="180,271,287,232" step="2"/><T73/><D71/><U105/><E58/><V4/><F114/><W50/><G50/><T55/><D55/><U122/><E122/><V12/><F39/><W63/><G63/><T44/><D44/><U133/><E133/><V26/><F41/><AGARI ba="2,3" hai="16,20,24,37,41,46,60,61,85,89,94,97,102,104" machi="41" ten="40,5200,0" yaku="1,1,54,1,53,1" doraHai="76" doraHaiUra="69" who="3" fromWho="2" sc="180,0,271,0,287,-58,232,88" /><INIT seed="2,0,0,4,1,132" ten="180,271,229,320" oya="2" hai0="114,75,61,106,74,13,16,50,23,125,95,118,3" hai1="124,121,135,120,41,43,31,17,127,22,111,29,55" hai2="57,93,33,89,109,126,81,14,9,91,80,28,46" hai3="70,1,39,69,94,49,130,85,98,32,15,37,133"/><V97/><F109/><W11/><G133/><T68/><D114/><U79/><E135/><V105/><F105/><W122/><G1/><T99/><D106/><U63/><E79/><V47/><F126/><N who="1" m="48169" /><E111/><V12/><F33/><W86/><G32/><T77/><D77/><U112/><E112/><V116/><F116/><W123/><G130/><T42/><D3/><U54/><E41/><V134/><F134/><W76/><G49/><T36/><D36/><U0/><E43/><V18/><F28/><N who="1" m="10825" /><E0/><V83/><F57/><W100/><G76/><T131/><D131/><U34/><E34/><V101/><REACH who="2" step="1"/><F14/><REACH who="2" ten="180,271,219,320" step="2"/><W113/><G15/><T119/><D119/><U4/><E4/><V44/><AGARI ba="0,1" hai="9,12,18,44,46,47,80,81,83,89,91,93,97,101" machi="44" ten="30,12000,1" yaku="1,1,2,1,0,1,8,1,53,1" doraHai="132" doraHaiUra="88" who="2" fromWho="2" sc="180,-40,271,-40,219,130,320,-40" /><INIT seed="2,1,0,0,4,1" ten="140,231,349,280" oya="2" hai0="41,32,63,20,36,2,23,26,54,113,46,45,96" hai1="110,98,88,59,14,91,44,71,89,70,105,15,102" hai2="9,49,95,124,123,64,120,48,108,21,84,116,103" hai3="57,81,38,77,66,94,43,62,100,109,90,73,134"/><V67/><F116/><W42/><G134/><T55/><D113/><U56/><E110/><V132/><F132/><W35/><G109/><T39/><D96/><U65/><E44/><V85/><F108/><W126/><G35/><T16/><D2/><U76/><E76/><V53/><F124/><W114/><G126/><T0/><D0/><U115/><E115/><V122/><F21/><W72/><G114/><T10/><D10/><U74/><E74/><V4/><F103/><W6/><G73/><T92/><D92/><U7/><E15/><V118/><F118/><W19/><G6/><T31/><D63/><U135/><E135/><V133/><F133/><W75/><G75/><T127/><D32/><U5/><E14/><V3/><F48/><W87/><G38/><T47/><D47/><U130/><E130/><V93/><F93/><W8/><G8/><T125/><D125/><U83/><E83/><V69/><F69/><W131/><G131/><T11/><D11/><U111/><E111/><V30/><F30/><W52/><G19/><T27/><REACH who="0" step="1"/><D127/><REACH who="0" ten="130,231,349,280" step="2"/><U33/><E33/><V117/><F117/><W40/><REACH who="3" step="1"/><G100/><REACH who="3" ten="130,231,349,270" step="2"/><T99/><D99/><U34/><E34/><V58/><F123/><W50/><G50/><T82/><D82/><U22/><E102/><V37/><F122/><W18/><G18/><T121/><D121/><U68/><E22/><V106/><F120/><W13/><G13/><T101/><D101/><U24/><E24/><V78/><F3/><W79/><G79/><T17/><D17/><U29/><E29/><V25/><F25/><W60/><G60/><RYUUKYOKU ba="1,2" sc="130,15,231,-15,349,-15,270,15" hai0="16,20,23,26,27,31,36,39,41,45,46,54,55" hai3="40,42,43,52,57,62,66,72,77,81,87,90,94" /><INIT seed="3,2,2,1,1,51" ten="145,216,334,285" oya="3" hai0="123,74,2,40,31,112,92,42,86,17,10,85,14" hai1="45,105,135,94,69,3,39,53,128,56,25,59,134" hai2="7,21,58,126,20,80,60,1,66,89,81,96,95" hai3="8,75,37,73,9,67,77,15,22,129,47,23,116"/><W72/><G116/><T111/><D123/><U46/><E105/><V54/><F126/><W83/><G129/><T84/><D111/><U104/><E104/><V90/><F1/><W107/><G107/><T98/><D74/><U36/><E3/><V18/><F7/><W76/><G67/><T99/><D112/><U63/><E25/><V82/><F90/><W132/><G132/><N who="1" m="50730" /><E69/><V57/><REACH who="2" step="1"/><F18/><REACH who="2" ten="145,216,324,285" step="2"/><W127/><G127/><T4/><D31/><U133/><E133/><V55/><F55/><W102/><G102/><T100/><REACH who="0" step="1"/><D98/><REACH who="0" ten="135,216,324,285" step="2"/><U130/><E128/><V78/><F78/><W62/><G77/><T106/><D106/><U79/><E79/><V27/><F27/><W114/><G75/><T5/><D5/><U29/><E130/><V35/><F35/><W32/><G73/><T13/><D13/><U93/><E29/><V124/><F124/><W0/><G32/><T34/><D34/><U16/><E16/><V6/><F6/><W61/><G0/><T30/><D30/><U65/><E94/><V24/><F24/><W68/><G72/><T28/><D28/><U43/><E93/><V11/><F11/><AGARI ba="2,4" hai="2,4,10,11,14,17,40,42,84,85,86,92,99,100" machi="11" ten="40,1300,0" yaku="1,1,53,0" doraHai="51" doraHaiUra="48" who="0" fromWho="2" sc="135,59,216,0,324,-19,285,0" /><INIT seed="4,0,0,5,5,24" ten="194,216,305,285" oya="0" hai0="53,8,77,84,106,27,110,119,23,19,1,134,55" hai1="52,118,78,29,32,83,102,95,49,129,10,26,40" hai2="132,58,54,128,21,74,15,82,7,104,93,103,28" hai3="98,111,67,46,94,39,112,11,126,31,38,70,117"/><T121/><D119/><U107/><E118/><V16/><F104/><W122/><G117/><T105/><D121/><U87/><E129/><V130/><F132/><W81/><G122/><T86/><D134/><U99/><E10/><V2/><F2/><W76/><G112/><T120/><D120/><U89/><E40/><V22/><F7/><W97/><G126/><T20/><D110/><U44/><REACH who="1" step="1"/><E78/><REACH who="1" ten="194,206,305,285" step="2"/><V133/><F133/><W60/><G11/><T85/><D77/><U101/><E101/><V75/><F103/><W79/><G111/><T66/><D8/><U109/><E109/><V100/><F100/><W42/><G79/><T41/><D41/><U68/><E68/><V131/><F131/><W6/><G39/><T57/><D1/><U37/><E37/><V35/><F130/><W64/><G70/><T3/><D3/><U69/><E69/><V123/><F128/><W50/><G76/><T33/><D33/><U63/><E63/><V17/><F123/><W108/><G38/><T127/><D23/><U91/><E91/><V73/><F35/><W92/><G60/><N who="0" m="38159" /><D127/><U51/><E51/><V116/><F116/><W45/><G50/><T115/><D115/><U62/><E62/><V61/><F21/><W88/><G42/><T56/><D56/><U18/><E18/><V71/><F17/><W34/><G108/><T96/><D106/><AGARI ba="0,1" hai="26,29,32,44,49,52,83,87,89,95,99,102,106,107" machi="106" ten="40,5200,0" yaku="1,1,52,1,54,1,53,0" doraHai="24" doraHaiUra="113" who="1" fromWho="0" sc="194,-52,206,62,305,0,285,0" /><INIT seed="5,0,0,2,2,27" ten="142,268,305,285" oya="1" hai0="0,97,134,86,22,23,10,120,7,51,28,81,112" hai1="110,70,12,104,25,73,46,83,31,108,115,30,4" hai2="85,15,117,66,67,99,65,5,125,71,17,121,47" hai3="119,21,91,82,111,114,48,93,106,77,33,100,2"/><U29/><E104/><V24/><F121/><W18/><G33/><T57/><D112/><U58/><E70/><V133/><F117/><W135/><G2/><T101/><D134/><U126/><E115/><V68/><F133/><W20/><G119/><T49/><D23/><U118/><E118/><V36/><F125/><W98/><G111/><N who="1" m="42538" /><E126/><V50/><F36/><W38/><G135/><T35/><D35/><U123/><E123/><V42/><F99/><W60/><G38/><T40/><D40/><U43/><E58/><V79/><F24/><W113/><G60/><T62/><D120/><U54/><E54/><V64/><F64/><W6/><G48/><T13/><D0/><U56/><E56/><V11/><REACH who="2" step="1"/><F17/><REACH who="2" ten="142,268,295,285" step="2"/><W8/><G18/><T34/><D34/><U124/><E124/><V80/><AGARI ba="0,1" hai="5,11,15,42,47,50,65,66,67,68,71,79,80,85" machi="80" ten="30,8000,1" yaku="1,1,2,1,0,1,25,2,53,0" doraHai="27" doraHaiUra="89" who="2" fromWho="2" sc="142,-20,268,-40,295,90,285,-20" /><INIT seed="6,0,0,1,5,124" ten="122,228,385,265" oya="2" hai0="12,102,8,128,21,73,118,23,70,64,48,3,46" hai1="78,68,93,87,25,41,31,54,72,20,35,50,120" hai2="1,76,105,97,63,2,37,36,129,67,115,66,5" hai3="94,114,57,55,132,43,123,65,53,125,110,116,38"/><V79/><F115/><W88/><G116/><T52/><D73/><U103/><E68/><V86/><F86/><W98/><G123/><T13/><D118/><U91/><E120/><V60/><F97/><W34/><G110/><T40/><D3/><U111/><E111/><V16/><F5/><W81/><G34/><T32/><D32/><U122/><E122/><V135/><F135/><W39/><G132/><T69/><D102/><U11/><E41/><V85/><F85/><W90/><G125/><T58/><D13/><U75/><E78/><V26/><F26/><W14/><G38/><T22/><D64/><U112/><E112/><V7/><F7/><W33/><G39/><T61/><REACH who="0" step="1"/><D128/><REACH who="0" ten="112,228,385,265" step="2"/><U95/><E35/><V59/><F129/><W100/><G33/><T83/><D83/><U133/><E133/><V74/><F74/><W77/><G114/><T113/><D113/><U92/><E103/><V30/><F67/><W4/><G65/><T49/><D49/><U19/><E75/><V99/><F66/><W82/><G81/><T96/><D96/><U6/><E72/><V119/><F37/><W127/><G82/><T126/><D126/><U101/><E101/><V29/><F36/><W18/><G100/><T45/><D45/><N who="1" m="27983" /><E6/><AGARI ba="0,1" hai="6,8,12,21,22,23,40,46,48,52,58,61,69,70" machi="6" ten="40,8000,1" yaku="1,1,54,1,53,3" doraHai="124" doraHaiUra="17" who="0" fromWho="1" sc="112,90,228,-80,385,0,265,0" /><INIT seed="7,0,0,5,1,37" ten="202,148,385,265" oya="3" hai0="59,85,135,89,113,15,39,42,80,76,97,132,50" hai1="118,108,111,102,64,115,91,126,23,109,5,96,61" hai2="4,107,106,43,88,55,75,16,25,117,131,84,121" hai3="94,127,73,18,112,28,68,0,90,12,45,20,40"/><W49/><G68/><T110/><D110/><U21/><E126/><V1/><F117/><W119/><G112/><T32/><D32/><U3/><E115/><V11/><F131/><W78/><G127/><T58/><D39/><U114/><E114/><V57/><F75/><W46/><G0/><T60/><D60/><U124/><E124/><V123/><F43/><W51/><G119/><T99/><D15/><U70/><E118/><V62/><F25/><W125/><G125/><T105/><D105/><U56/><E91/><V13/><F123/><W17/><G78/><T87/><D58/><U103/><E103/><V69/><F69/><W52/><G73/><T22/><D22/><U74/><E23/><V81/><F121/><W34/><G34/><T104/><D59/><U36/><E74/><V38/><F38/><W71/><G71/><T120/><D104/><U26/><E70/><V7/><F7/><W66/><G66/><T27/><BYE who="3" /><D27/><UN n3="%4E%45%4F%E3%81%B5%E3%81%A3%E3%81%8F%E3%82%93" /><U130/><E130/><V29/><F29/><W93/><G28/><T133/><D120/><U35/><E35/><V134/><F134/><W44/><G44/><N who="0" m="25879" /><D113/><U100/><E100/><V86/><F86/><W128/><G128/><T79/><D79/><U63/><E36/><V65/><F65/><W6/><G6/><T8/><D8/><AGARI ba="0,0" hai="1,4,8,11,13,16,55,57,62,81,84,88,106,107" machi="8" ten="30,3900,0" yaku="7,1,54,2" doraHai="37" who="2" fromWho="0" sc="202,-39,148,0,385,39,265,0" owari="163,-24.0,148,-35.0,424,52.0,265,7.0" /></mjloggm>