<mjloggm ver="2.3"><GO type="185" lobby="0"/><UN n0="%E2%99%AA%E5%A4%A2%E5%85%88%E6%A1%88%E5%86%85%E4%BA%BA" n1="%E3%83%91%E3%83%AA%E3%83%94%69%6E%63%61%72" n2="%E4%B8%96%E7%9B%B4%E3%81%97%E4%BA%BA" n3="" dan="17,16,17,0" rate="2278.39,2117.27,2268.39,1500.00" sx="F,M,M,C"/><TAIKYOKU oya="0"/><INIT seed="0,0,0,3,2,120" ten="350,350,350,0" oya="0" hai0="44,100,74,90,43,102,86,84,63,122,113,101,77" hai1="69,83,64,39,55,36,131,123,51,48,60,41,54" hai2="59,2,1,112,72,38,128,62,110,98,58,119,97" hai3=""/><T3/><N who="0" m="31264" /><T76/><D3/><U115/><N who="1" m="31520" /><U88/><E131/><V75/><F62/><T37/><D113/><U130/><E130/><V70/><F128/><T92/><D74/><U35/><E115/><V85/><F112/><T135/><D135/><U107/><E107/><V129/><F129/><T78/><REACH who="0" step="1"/><D63/><REACH who="0" ten="340,350,350,0" step="2"/><U0/><E0/><V95/><F1/><T99/><AGARI ba="0,1" hai="37,43,44,76,77,78,84,86,90,92,99,100,101,102" m="31264" machi="99" ten="30,7800,0" yaku="1,1,2,1,0,1,52,1,53,0" doraHai="120" doraHaiUra="79" who="0" fromWho="0" sc="340,88,350,-39,350,-39,0,0" /><INIT seed="0,1,0,5,1,66" ten="428,311,311,0" oya="0" hai0="120,121,37,111,123,35,103,34,112,92,62,53,84" hai1="133,64,130,50,56,65,48,82,68,42,114,113,43" hai2="75,40,49,73,78,95,47,122,98,0,99,70,94" hai3=""/><T46/><N who="0" m="30752" /><T135/><N who="0" m="31008" /><T101/><N who="0" m="31520" /><T126/><D112/><U54/><E82/><V117/><N who="2" m="31264" /><V55/><F0/><T85/><D126/><U102/><E102/><V89/><F117/><T90/><D135/><U44/><E133/><V33/><F33/><T74/><D74/><U127/><E127/><V119/><F119/><T134/><D134/><U132/><E132/><V71/><F40/><T106/><D111/><U116/><E116/><V57/><F57/><T87/><D37/><U60/><E130/><V110/><F110/><T81/><D106/><U108/><E108/><V88/><REACH who="2" step="1"/><F78/><REACH who="2" ten="428,311,301,0" step="2"/><T52/><D34/><U36/><E65/><V97/><F97/><T76/><D35/><U39/><E43/><V128/><F128/><T124/><D124/><U67/><E67/><V45/><F45/><T63/><D46/><U59/><E56/><V51/><F51/><T93/><D53/><U32/><E32/><V58/><F58/><T38/><D38/><AGARI ba="1,1" hai="36,38,39,42,44,48,50,54,59,60,64,68,113,114" machi="38" ten="40,8000,1" yaku="34,3,52,1" doraHai="66" who="1" fromWho="0" sc="428,-82,311,92,301,0,0,0" /><INIT seed="1,0,0,0,0,57" ten="346,403,301,0" oya="1" hai0="99,48,90,64,79,94,120,42,53,33,58,101,128" hai1="88,74,134,81,32,76,47,132,52,43,55,84,89" hai2="63,95,105,2,67,122,77,61,54,97,104,100,45" hai3=""/><U93/><E32/><V103/><N who="2" m="31264" /><V51/><F2/><T118/><N who="0" m="30752" /><T38/><D33/><U119/><E119/><V35/><F35/><T135/><D118/><U123/><N who="1" m="31520" /><U56/><E89/><V115/><F115/><T108/><D108/><U92/><E92/><V0/><F0/><T65/><D128/><U68/><E68/><V121/><N who="2" m="31008" /><V112/><F112/><T75/><D135/><N who="1" m="51755" /><E56/><V130/><F130/><T69/><D69/><U70/><E70/><V73/><F103/><T62/><D38/><AGARI ba="0,0" hai="38,43,47,52,55,74,76,81,84,88,93" m="51755,31520" machi="38" ten="30,11600,0" yaku="20,1,52,1,54,2" doraHai="57" who="1" fromWho="0" sc="346,-116,403,116,301,0,0,0" /><INIT seed="1,1,0,3,1,92" ten="230,519,301,0" oya="1" hai0="43,79,66,69,91,39,35,134,99,120,68,2,33" hai1="95,124,70,86,58,40,50,108,37,90,113,72,52" hai2="123,103,83,53,76,84,100,46,96,73,93,130,115" hai3=""/><U114/><E124/><V38/><N who="2" m="31520" /><V51/><F130/><T131/><N who="0" m="30752" /><T125/><D2/><U47/><E72/><V60/><F115/><T82/><D131/><U67/><REACH who="1" step="1"/><E108/><REACH who="1" ten="230,509,301,0" step="2"/><V87/><F38/><T32/><D125/><U34/><E34/><V80/><F60/><AGARI ba="1,1" hai="37,40,47,50,52,58,60,67,70,86,90,95,113,114" machi="60" ten="40,12000,1" yaku="1,1,24,2,54,1,53,0" doraHai="92" doraHaiUra="119" who="1" fromWho="2" sc="230,0,509,132,301,-122,0,0" /><INIT seed="1,2,0,1,2,87" ten="230,641,179,0" oya="1" hai0="3,40,80,99,135,84,108,107,71,77,38,115,90" hai1="52,53,37,118,2,119,78,85,97,45,117,51,62" hai2="131,50,96,56,98,57,82,88,102,110,89,104,125" hai3=""/><U94/><E2/><V122/><N who="2" m="31264" /><V54/><F110/><T32/><D32/><U60/><E37/><V116/><F116/><T100/><D3/><U0/><E0/><V1/><F1/><T46/><D71/><U48/><E85/><V34/><F34/><T130/><D115/><U72/><E78/><V113/><F113/><T93/><D108/><U105/><E105/><V68/><F68/><T33/><D33/><U121/><N who="1" m="31008" /><U126/><E72/><V55/><F131/><T61/><D61/><U35/><E35/><V81/><F125/><T67/><D67/><U64/><E64/><V75/><F75/><T132/><REACH who="0" step="1"/><D130/><REACH who="0" ten="220,641,179,0" step="2"/><U106/><E126/><V42/><F42/><T79/><D79/><U129/><E129/><V39/><F39/><T91/><D91/><U65/><E65/><V123/><N who="2" m="31520" /><V70/><F70/><T83/><D83/><U95/><E62/><V120/><N who="2" m="30752" /><V133/><F133/><T59/><D59/><U112/><E60/><V63/><REACH who="2" step="1"/><F89/><REACH who="2" ten="220,641,169,0" step="2"/><T44/><D44/><U101/><REACH who="1" step="1"/><E112/><REACH who="1" ten="220,631,169,0" step="2"/><V41/><F41/><T47/><D47/><AGARI ba="2,3" hai="45,47,48,51,52,53,94,95,97,101,106,117,118,119" m="31008" machi="47" ten="40,12000,1" yaku="1,1,2,1,9,1,52,1,54,1,53,0" doraHai="87" doraHaiUra="111" who="1" fromWho="0" sc="220,-124,631,154,169,0,0,0" /><INIT seed="1,3,0,4,0,93" ten="96,785,169,0" oya="1" hai0="133,99,50,94,132,82,2,122,129,95,115,3,75" hai1="101,63,61,103,34,70,57,46,43,67,1,98,78" hai2="114,39,60,104,109,77,41,33,106,89,48,40,56" hai3=""/><U125/><E1/><V130/><F33/><T45/><N who="0" m="31264" /><T97/><D115/><U110/><E34/><V123/><N who="2" m="31520" /><V113/><F77/><T62/><D62/><U73/><E125/><V92/><F109/><T107/><D107/><U127/><E127/><V76/><F76/><T108/><D108/><U88/><E110/><V66/><F39/><T134/><D129/><U105/><E78/><V90/><F130/><T52/><D82/><U58/><E73/><V121/><N who="2" m="31008" /><V102/><F102/><T124/><D75/><U32/><E32/><V81/><F81/><T38/><D124/><U54/><E70/><V55/><F104/><T135/><N who="0" m="33792" /><DORA hai="83" /><T72/><D38/><U74/><E74/><V65/><F106/><T91/><REACH who="0" step="1"/><D72/><REACH who="0" ten="86,785,169,0" step="2"/><U128/><E128/><V49/><F114/><T44/><D44/><U42/><E105/><V37/><F113/><T120/><N who="0" m="30752" /><T69/><D69/><U0/><E46/><V118/><F37/><T79/><D79/><U59/><E58/><V119/><F56/><T86/><D86/><U100/><E0/><V126/><F126/><T64/><D64/><U84/><E84/><V35/><F35/><T36/><D36/><U68/><E68/><V112/><F112/><RYUUKYOKU ba="3,1" sc="86,10,785,10,169,-20,0,0" hai0="2,3,45,50,52,91,94,95,97,99" hai1="42,43,54,57,59,61,63,67,88,98,100,101,103" /><INIT seed="1,4,1,0,3,83" ten="96,795,149,0" oya="1" hai0="53,51,1,133,128,72,43,129,40,92,101,67,81" hai1="68,66,3,82,123,100,35,121,34,115,85,61,62" hai2="54,111,116,33,119,32,98,50,135,109,36,107,124" hai3=""/><U130/><N who="1" m="31008" /><U122/><N who="1" m="31264" /><U112/><N who="1" m="31520" /><U93/><E3/><V84/><F36/><T90/><D1/><U41/><E130/><N who="0" m="50281" /><D133/><U105/><E93/><V42/><F42/><T78/><D67/><U47/><E62/><V104/><F135/><T110/><D101/><U58/><E68/><V103/><F124/><T91/><D110/><N who="2" m="41994" /><F107/><T57/><D90/><U73/><E73/><V96/><F96/><AGARI ba="4,1" hai="40,43,51,53,57,72,78,81,91,92,96" m="50281" machi="96" ten="30,1000,0" yaku="19,1" doraHai="83" who="0" fromWho="2" sc="96,28,795,0,149,-18,0,0" /><INIT seed="2,0,0,5,3,64" ten="124,795,131,0" oya="2" hai0="82,58,118,112,122,106,36,42,103,110,129,62,73" hai1="92,39,125,35,77,124,37,133,83,72,41,46,76" hai2="97,113,32,45,84,95,78,61,85,121,81,87,96" hai3=""/><V94/><N who="2" m="31008" /><V93/><F32/><T1/><D103/><U108/><E108/><V135/><F45/><T116/><D82/><U52/><E133/><V79/><F61/><T70/><D58/><U117/><E117/><V105/><F113/><T51/><D51/><U130/><E130/><V71/><F71/><T104/><D42/><U59/><E39/><V111/><F135/><T74/><D62/><U2/><E35/><V119/><F119/><T33/><D104/><U102/><E77/><N who="2" m="29195" /><F111/><T91/><D91/><U131/><E131/><V99/><F105/><T50/><D50/><U134/><E134/><V132/><F132/><T53/><D116/><U48/><REACH who="1" step="1"/><E2/><REACH who="1" ten="124,785,131,0" step="2"/><V3/><F3/><T65/><D118/><U101/><E101/><V43/><F43/><T68/><D1/><U60/><E60/><V114/><F114/><T120/><D33/><U100/><E100/><V128/><F128/><T86/><D112/><U49/><E49/><V56/><F56/><T63/><D129/><U98/><AGARI ba="0,1" hai="37,41,46,48,52,59,72,76,83,92,98,102,124,125" machi="98" ten="30,5900,0" yaku="1,1,0,1,54,1,53,1" doraHai="64" doraHaiUra="47" who="1" fromWho="1" sc="124,-20,785,69,131,-39,0,0" /><INIT seed="4,0,0,0,2,115" ten="104,854,92,0" oya="0" hai0="81,32,56,132,120,93,94,131,118,75,125,63,40" hai1="84,43,39,68,52,64,38,89,77,90,123,112,83" hai2="0,121,61,86,87,134,99,85,80,126,59,95,51" hai3=""/><T44/><N who="0" m="30752" /><T49/><D32/><U79/><N who="1" m="31520" /><U128/><E128/><V97/><N who="2" m="31008" /><V60/><F0/><T124/><D131/><U67/><E43/><V106/><F134/><T76/><D132/><U102/><E102/><V70/><F126/><N who="0" m="48746" /><D118/><U2/><E84/><V35/><F35/><T54/><AGARI ba="0,0" hai="40,44,49,54,56,63,75,76,81,93,94" m="48746,30752" machi="54" ten="30,2000,0" yaku="18,1,52,1" doraHai="115" who="0" fromWho="0" sc="104,20,854,-10,92,-10,0,0" /><INIT seed="4,1,0,2,3,116" ten="124,844,82,0" oya="0" hai0="52,41,104,122,37,44,81,114,123,1,68,51,107" hai1="125,36,99,54,103,88,71,130,34,126,89,133,57" hai2="73,132,98,109,39,95,117,61,62,43,40,66,46" hai3=""/><T128/><N who="0" m="31264" /><T55/><N who="0" m="31520" /><T65/><D1/><U42/><E71/><V56/><F109/><T112/><D128/><U33/><E133/><V111/><F111/><T78/><D55/><U127/><E42/><V121/><N who="2" m="31008" /><V53/><F73/><T105/><D65/><U131/><E36/><V134/><F43/><T113/><D68/><U90/><E131/><V69/><REACH who="2" step="1"/><F117/><REACH who="2" ten="124,844,72,0" step="2"/><T124/><D124/><U0/><E130/><V97/><F97/><T75/><REACH who="0" step="1"/><D113/><REACH who="0" ten="114,844,72,0" step="2"/><U3/><E3/><V84/><F84/><T101/><D101/><AGARI ba="1,2" hai="39,40,46,53,56,61,62,66,69,95,98,101,132,134" m="31008" machi="101" ten="40,8000,1" yaku="1,1,52,2,53,1" doraHai="116" doraHaiUra="70" who="2" fromWho="0" sc="114,-82,844,0,72,102,0,0" /><INIT seed="5,0,0,4,3,63" ten="32,844,174,0" oya="1" hai0="103,85,95,51,48,108,32,67,93,65,92,78,111" hai1="121,116,36,107,39,52,106,75,58,97,43,72,91" hai2="1,128,100,113,2,90,82,124,64,96,89,47,61" hai3=""/><U126/><N who="1" m="31008" /><U87/><E116/><V42/><F128/><T132/><D32/><U115/><E115/><V109/><F109/><T49/><D132/><U123/><N who="1" m="31520" /><U102/><E107/><V40/><F124/><T57/><D103/><U84/><E84/><V86/><F90/><T62/><REACH who="0" step="1"/><D67/><REACH who="0" ten="22,844,174,0" step="2"/><U70/><E126/><V54/><F113/><T34/><D34/><U135/><E135/><V66/><F64/><T53/><D53/><U3/><E3/><V120/><N who="2" m="30752" /><V88/><F54/><T59/><D59/><U77/><E70/><V83/><F1/><T38/><D38/><U79/><E39/><V44/><F2/><T105/><D105/><U112/><E112/><V101/><F66/><T125/><D125/><U80/><E36/><V134/><F134/><T73/><D73/><U129/><E43/><V71/><F71/><T119/><D119/><U68/><E68/><V55/><F55/><T76/><D76/><U133/><E133/><V118/><F118/><T60/><D60/><U81/><E52/><V98/><F61/><T130/><D130/><U41/><E58/><V131/><F131/><T35/><D35/><U56/><E56/><V104/><F104/><T114/><D114/><U122/><E106/><RYUUKYOKU ba="0,1" sc="22,10,844,-20,174,10,0,0" hai0="48,49,51,57,62,65,78,85,92,93,95,108,111" hai2="40,42,44,47,82,83,86,88,89,96,98,100,101" /><INIT seed="6,1,1,0,1,135" ten="32,824,184,0" oya="2" hai0="81,128,80,75,103,91,60,108,34,64,124,33,66" hai1="38,44,73,42,77,114,120,3,96,110,129,82,61" hai2="86,78,99,123,133,69,79,32,50,59,125,88,49" hai3=""/><V106/><N who="2" m="31520" /><V111/><F69/><T126/><D108/><U39/><N who="1" m="30752" /><U53/><E110/><V35/><F111/><T130/><D103/><U85/><E3/><V62/><F133/><T51/><D51/><U2/><E2/><V104/><F86/><T115/><D75/><U54/><E38/><V105/><F106/><T74/><D74/><U41/><E42/><V76/><F79/><T71/><D115/><U121/><N who="1" m="31008" /><U90/><E129/><N who="0" m="49769" /><D91/><U43/><E43/><V92/><F88/><T98/><D98/><U131/><E131/><V56/><F99/><T112/><D112/><U134/><E134/><V107/><F50/><T67/><D60/><U45/><E61/><V93/><F62/><T132/><D71/><U87/><E114/><V89/><F49/><T83/><D132/><U55/><E45/><V65/><F89/><T63/><D63/><U40/><E40/><V46/><F46/><T116/><D116/><U100/><E90/><V95/><F78/><T1/><D1/><U68/><E68/><V72/><F76/><T70/><D70/><U101/><E100/><V118/><F118/><T48/><D48/><U102/><E101/><V122/><F122/><T37/><D37/><U0/><E0/><RYUUKYOKU ba="1,1" sc="32,10,824,10,184,-20,0,0" hai0="33,34,64,66,67,80,81,83,124,126" hai1="39,41,44,53,54,55,73,77,82,85,87,96,102" owari="42,-56.0,844,80.0,164,-24.0,0,0.0" /></mjloggm>