<mjloggm ver="2.3"><GO type="169" lobby="0"/><UN n0="%E3%83%88%E3%82%B7%E3%83%95%E3%83%BC%E3%83%8B" n1="%4B%57" n2="%EF%BC%8A%E7%B4%97%E5%BC%A5%E8%8F%AF%EF%BC%8A" n3="%E7%9C%9F%E3%82%A8%E3%83%88%E3%83%9A%E3%83%B3" dan="18,16,16,18" rate="2211.84,2052.62,2114.32,2298.22" sx="M,M,F,M"/><TAIKYOKU oya="0"/><INIT seed="0,0,0,4,2,46" ten="250,250,250,250" oya="0" hai0="115,117,94,107,24,22,12,65,78,53,37,56,21" hai1="70,2,76,89,42,90,58,50,97,73,32,129,108" hai2="116,26,96,6,92,13,51,93,118,119,113,5,45" hai3="34,20,133,59,124,47,122,99,9,130,79,14,8"/><T62/><D107/><U43/><E2/><V109/><F113/><W80/><G34/><T132/><D115/><U69/><E32/><V86/><F109/><W27/><G133/><T128/><D117/><U60/><E108/><V16/><F26/><W131/><G124/><T15/><D37/><U126/><E126/><V23/><F86/><W61/><G122/><T36/><D36/><U18/><E129/><V104/><F104/><W77/><G99/><T55/><D78/><U33/><E33/><V29/><F29/><W30/><G47/><T64/><D132/><U41/><E18/><V105/><F105/><W82/><G82/><T135/><D135/><U98/><E50/><V66/><F66/><W83/><G83/><T101/><D128/><N who="3" m="49193" /><G14/><T125/><D125/><U54/><E76/><N who="3" m="29258" /><G80/><T44/><D65/><AGARI ba="0,0" hai="8,9,20,27,30,59,61,65" m="29258,49193" machi="65" ten="30,1000,0" yaku="19,1" doraHai="46" who="3" fromWho="0" sc="250,-10,250,0,250,0,250,10" /><INIT seed="1,0,0,2,4,64" ten="240,250,250,260" oya="1" hai0="122,76,125,124,87,82,109,126,18,44,16,93,90" hai1="23,132,34,105,135,10,84,21,70,1,40,117,107" hai2="128,68,116,67,4,133,25,86,15,78,42,94,3" hai3="100,54,72,14,120,99,36,41,8,53,37,32,43"/><U92/><E34/><V66/><F116/><W47/><G32/><T74/><D109/><U60/><E117/><V63/><F3/><W97/><G72/><T77/><D122/><U98/><E84/><V7/><F128/><W2/><G2/><T24/><D77/><U62/><E40/><V48/><F133/><N who="1" m="51273" /><E1/><V57/><F25/><W114/><G114/><T89/><D89/><U108/><E10/><V75/><F75/><W58/><G120/><T31/><REACH who="0" step="1"/><D44/><REACH who="0" ten="230,250,250,260" step="2"/><U20/><E108/><V103/><F78/><W81/><G47/><T102/><D102/><U101/><E62/><V38/><F103/><W65/><G100/><T61/><D61/><U80/><E80/><V26/><F63/><W95/><G81/><T119/><D119/><U115/><E115/><V45/><F45/><W85/><G36/><T91/><D91/><U118/><E118/><V17/><F38/><W56/><G37/><T49/><D49/><U79/><E79/><V27/><F48/><W22/><G41/><T121/><D121/><U6/><E6/><V111/><F7/><W110/><G43/><T130/><D130/><U28/><E28/><V33/><F4/><W106/><G110/><T88/><D88/><U12/><E107/><V96/><F42/><W0/><G106/><T59/><D59/><U134/><E105/><V51/><F57/><W113/><G58/><T13/><D13/><U52/><E134/><V71/><F15/><W123/><G14/><T39/><D39/><U19/><E70/><V5/><F71/><W104/><G104/><T29/><D29/><U112/><E112/><RYUUKYOKU ba="0,1" sc="230,15,250,15,250,-15,260,-15" hai0="16,18,24,31,74,76,82,87,90,93,124,125,126" hai1="12,19,20,21,23,52,60,92,98,101" /><INIT seed="1,1,1,4,2,46" ten="245,265,235,245" oya="1" hai0="122,14,25,47,77,121,8,60,0,131,90,53,117" hai1="86,31,36,128,89,20,84,16,63,114,67,33,102" hai2="6,104,118,74,125,82,7,127,109,113,94,54,79" hai3="56,116,4,98,88,62,15,44,66,22,108,43,126"/><U10/><E114/><V129/><F104/><W26/><G108/><T23/><D117/><U34/><E36/><V13/><F118/><W3/><G3/><T107/><D0/><U87/><E128/><V32/><F32/><W9/><G116/><T59/><D107/><U105/><E10/><V52/><F129/><W72/><G72/><T38/><D131/><U85/><E105/><V40/><F109/><W57/><G126/><N who="2" m="48137" /><F113/><W28/><G98/><T51/><D77/><U5/><E102/><V115/><F115/><W17/><G88/><T30/><D38/><U93/><E5/><N who="2" m="1547" /><F13/><W112/><G112/><T18/><REACH who="0" step="1"/><D90/><REACH who="0" ten="235,265,235,245" step="2"/><U119/><E119/><V71/><F79/><W73/><G73/><T78/><D78/><U1/><E1/><V21/><F74/><W133/><G133/><T96/><D96/><U11/><E11/><V65/><F82/><W58/><REACH who="3" step="1"/><G4/><REACH who="3" ten="235,265,235,235" step="2"/><T83/><D83/><U29/><E89/><V81/><F81/><W68/><G68/><T99/><D99/><U103/><E103/><V134/><F71/><W64/><G64/><AGARI ba="1,3" hai="8,14,18,23,25,30,47,51,53,59,60,64,121,122" machi="64" ten="40,2600,0" yaku="1,1,52,1,53,0" doraHai="46" doraHaiUra="101" who="0" fromWho="3" sc="235,59,265,0,235,0,235,-29" /><INIT seed="2,0,0,2,5,97" ten="294,265,235,206" oya="2" hai0="122,111,89,61,82,19,127,13,28,41,10,85,91" hai1="113,115,47,33,54,112,121,63,129,87,123,75,7" hai2="50,67,130,37,17,88,77,34,83,99,86,95,101" hai3="104,43,62,22,8,93,3,117,94,18,21,84,119"/><V27/><F37/><W25/><G104/><T131/><D122/><N who="1" m="46603" /><E33/><V81/><F130/><W56/><G43/><T29/><D131/><U1/><E75/><V40/><F67/><W114/><G114/><T128/><D128/><U103/><E87/><V46/><F34/><W69/><G69/><T79/><D127/><U12/><E1/><V100/><F83/><W96/><G3/><T106/><D106/><U4/><E129/><V48/><F48/><W5/><G84/><T60/><D41/><U42/><E12/><V102/><F17/><W78/><G78/><T76/><D111/><U36/><E103/><N who="2" m="60927" /><F27/><W72/><G72/><T120/><D79/><AGARI ba="0,0" hai="40,46,50,77,79,81,86,88,100,101,102" m="60927" machi="79" ten="30,18000,2" yaku="8,1,52,4,54,1" doraHai="97" who="2" fromWho="0" sc="294,-180,265,0,235,180,206,0" /><INIT seed="2,1,0,1,1,35" ten="114,265,415,206" oya="2" hai0="74,76,125,51,84,79,129,27,77,49,30,94,103" hai1="97,24,32,42,70,60,50,110,47,26,135,99,2" hai2="131,66,7,28,88,91,78,40,111,109,48,127,67" hai3="14,90,11,37,43,8,59,45,87,121,89,120,46"/><V16/><F28/><W117/><G117/><T95/><D74/><U124/><E110/><N who="2" m="41995" /><F131/><W118/><G118/><T23/><D125/><U112/><E112/><V86/><F7/><W132/><G132/><T58/><D129/><U19/><E124/><V1/><F1/><W105/><G105/><T21/><D21/><U13/><E2/><V15/><F127/><W102/><G102/><T20/><D20/><U44/><E135/><V116/><F78/><W123/><G46/><T80/><D94/><U10/><E47/><N who="2" m="25703" /><F116/><W96/><G96/><T115/><D115/><U93/><E97/><V38/><F38/><W64/><G90/><N who="2" m="34345" /><F86/><W6/><G121/><T62/><D77/><U18/><E32/><V126/><F126/><W82/><G123/><T5/><D79/><U25/><E19/><V9/><AGARI ba="1,0" hai="9,15,16,66,67" m="34345,25703,41995" machi="9" ten="30,11700,0" yaku="14,1,10,1,54,2" doraHai="35" who="2" fromWho="2" sc="114,-40,265,-40,415,120,206,-40" /><INIT seed="2,2,0,0,1,124" ten="74,225,535,166" oya="2" hai0="74,47,73,25,125,11,70,90,87,85,1,101,5" hai1="121,52,103,13,44,130,61,67,36,57,118,127,37" hai2="105,129,84,10,106,114,81,66,108,82,80,71,15" hai3="77,22,62,24,18,38,12,76,102,100,117,134,109"/><V20/><F114/><W69/><G117/><T111/><D125/><U7/><E127/><V88/><F20/><W6/><G38/><T0/><D111/><U30/><E118/><V21/><F21/><W122/><G122/><T23/><D70/><U128/><E121/><V50/><F50/><W107/><G109/><T110/><D110/><U42/><E30/><V48/><F108/><W83/><G134/><T115/><D115/><U45/><E103/><N who="3" m="39466" /><G69/><T135/><D135/><U75/><E75/><V33/><F33/><W34/><G107/><T79/><D101/><U94/><E94/><V92/><F48/><W55/><G34/><T40/><D79/><U86/><E86/><V104/><F66/><W113/><G113/><T28/><D87/><U60/><E13/><V54/><F54/><W9/><G83/><T39/><REACH who="0" step="1"/><D0/><REACH who="0" ten="64,225,535,166" step="2"/><U46/><E7/><V126/><F71/><W132/><G132/><T119/><D119/><U68/><E37/><V65/><F126/><W112/><G112/><T58/><D58/><AGARI ba="2,1" hai="6,9,12,18,22,24,55,58,62,76,77" m="39466" machi="58" ten="30,1000,0" yaku="8,1" doraHai="124" who="3" fromWho="0" sc="64,-16,225,0,535,0,166,26" /><INIT seed="3,0,0,1,0,74" ten="48,225,535,192" oya="3" hai0="96,36,98,52,34,82,62,126,114,94,40,65,107" hai1="133,80,91,33,23,0,17,27,119,11,71,81,88" hai2="41,8,66,51,134,45,99,68,19,56,48,59,132" hai3="60,113,29,83,2,118,61,77,112,54,49,76,97"/><W6/><G118/><T106/><D126/><U9/><E119/><V64/><F99/><W50/><G2/><T129/><D129/><U108/><E108/><V47/><F19/><W38/><G38/><T35/><D114/><U116/><E116/><V102/><F8/><W4/><G97/><T13/><D40/><U73/><E71/><V15/><F15/><W44/><G29/><T28/><D36/><U69/><E69/><V127/><F102/><W22/><G22/><T75/><D13/><U117/><E117/><V110/><F110/><W131/><G131/><T115/><D115/><U55/><E133/><N who="2" m="51307" /><F68/><W72/><G72/><T26/><D35/><U21/><E33/><V46/><F127/><W63/><G83/><T84/><D75/><U93/><E55/><V130/><F130/><W89/><G89/><T85/><D65/><N who="2" m="25194" /><F41/><N who="3" m="24719" /><G113/><T128/><D128/><U103/><E103/><V100/><F100/><W111/><G111/><T58/><D107/><U87/><E0/><V20/><F20/><W57/><G112/><T30/><D30/><N who="1" m="17775" /><E80/><V24/><F24/><W39/><G39/><T109/><D106/><U1/><E73/><V104/><F104/><W135/><G135/><T42/><D42/><U14/><E1/><V125/><F125/><W10/><G10/><T86/><D109/><U43/><E43/><V53/><F53/><W90/><G90/><T12/><D12/><U92/><E91/><V70/><F70/><W25/><G25/><T16/><D82/><U78/><E93/><V37/><F37/><W31/><G31/><T32/><D28/><U101/><E101/><RYUUKYOKU ba="0,0" sc="48,-30,225,10,535,10,192,10" hai1="9,11,14,17,23,78,81,87,88,92" hai2="45,46,47,48,51,56,59" hai3="4,6,50,54,57,60,61,63,76,77" /><INIT seed="3,1,0,4,0,14" ten="18,235,545,202" oya="3" hai0="109,18,74,102,51,80,37,73,70,110,87,19,57" hai1="56,120,33,132,41,72,43,134,34,64,24,46,125" hai2="67,49,89,21,121,16,119,97,84,131,23,108,65" hai3="122,129,11,124,117,128,78,20,55,115,38,47,133"/><W25/><G115/><T36/><D70/><U77/><E120/><V75/><F75/><N who="0" m="28682" /><D102/><U62/><E125/><V31/><F119/><W82/><G117/><T5/><D5/><U44/><E72/><V106/><F121/><W81/><G122/><T4/><D4/><U35/><E77/><V10/><F131/><N who="3" m="50251" /><G124/><T114/><D114/><U83/><E83/><N who="3" m="31754" /><G78/><T1/><D1/><U96/><E96/><V54/><F97/><W32/><G32/><T92/><D92/><U15/><E15/><N who="2" m="7287" /><F106/><W98/><G98/><T58/><D51/><U118/><E24/><N who="2" m="16783" /><F23/><W12/><G38/><N who="0" m="14955" /><D87/><U8/><E8/><V27/><F27/><W17/><G47/><T63/><D80/><U66/><E118/><V101/><F101/><W60/><G60/><T95/><D95/><U69/><E35/><V9/><F84/><W113/><G113/><T52/><D58/><U50/><E34/><V3/><F89/><W130/><N who="3" m="50259" /><W100/><DORA hai="53" /><G100/><T39/><N who="0" m="14963" /><T103/><DORA hai="61" /><D103/><U90/><E33/><V93/><F93/><W22/><G22/><T6/><D6/><U112/><E112/><V116/><F116/><W94/><G94/><T40/><D40/><U2/><E43/><V127/><F127/><W28/><G55/><T123/><D123/><U71/><E41/><V79/><F79/><W7/><G7/><T111/><AGARI ba="1,0" hai="18,19,52,57,63,109,110,111" m="14963,28682" machi="111" ten="50,8000,1" yaku="14,1,52,3,54,1" doraHai="14,53,61" who="0" fromWho="0" sc="18,83,235,-21,545,-21,202,-41" /><INIT seed="4,0,0,1,2,1" ten="101,214,524,161" oya="0" hai0="42,98,37,100,50,87,91,128,64,19,41,23,66" hai1="6,135,102,77,55,47,46,99,49,134,112,32,4" hai2="89,124,18,105,78,80,133,79,115,127,0,17,48" hai3="83,58,120,92,95,16,34,13,82,52,103,26,9"/><T86/><D128/><U67/><E32/><V33/><F105/><W29/><G120/><T85/><D37/><U44/><E112/><V60/><F0/><W38/><G38/><T56/><D91/><U20/><E67/><V24/><F115/><W28/><G28/><T107/><D66/><U121/><E121/><V109/><F109/><W69/><G69/><T45/><D42/><U106/><E20/><V130/><F133/><N who="1" m="50697" /><E77/><V126/><F130/><W119/><G119/><T12/><D64/><U35/><E35/><V131/><F131/><W97/><REACH who="3" step="1"/><G95/><REACH who="3" ten="101,214,524,151" step="2"/><T61/><D61/><AGARI ba="0,1" hai="9,13,16,26,29,34,52,58,61,82,83,92,97,103" machi="61" ten="30,8000,1" yaku="1,1,2,1,7,1,54,2,53,0" doraHai="1" doraHaiUra="40" who="3" fromWho="0" sc="101,-80,214,0,524,0,151,90" /><INIT seed="5,0,0,0,0,82" ten="21,214,524,241" oya="1" hai0="115,7,102,24,11,110,40,122,36,83,25,113,132" hai1="118,131,61,10,48,13,117,68,63,50,74,107,0" hai2="111,42,2,86,51,35,71,49,76,108,133,104,106" hai3="130,17,26,18,43,30,85,124,127,19,88,52,32"/><U91/><E107/><V33/><F2/><W53/><G43/><T70/><D70/><U65/><E74/><V96/><F71/><W67/><G67/><T93/><D110/><U123/><E123/><V103/><F133/><W54/><REACH who="3" step="1"/><G130/><REACH who="3" ten="21,214,524,231" step="2"/><T89/><D132/><U116/><E131/><V75/><F42/><W95/><AGARI ba="0,1" hai="17,18,19,26,30,32,52,53,54,85,88,95,124,127" machi="95" ten="40,12000,2" yaku="1,1,2,1,0,1,52,1,54,2,53,0" doraHai="82" doraHaiUra="37" who="3" fromWho="3" sc="21,-30,214,-60,524,-30,231,130" owari="-9,-51.0,154,-25.0,494,60.0,361,16.0" /></mjloggm>