<mjloggm ver="2.3"><GO type="185" lobby="0"/><UN n0="%E4%B8%96%E7%9B%B4%E3%81%97%E4%BA%BA" n1="%E2%99%AA%E5%A4%A2%E5%85%88%E6%A1%88%E5%86%85%E4%BA%BA" n2="%E3%83%91%E3%83%AA%E3%83%94%69%6E%63%61%72" n3="" dan="17,17,16,0" rate="2262.59,2284.70,2116.74,1500.00" sx="M,F,M,C"/><TAIKYOKU oya="0"/><INIT seed="0,0,0,5,5,124" ten="350,350,350,0" oya="0" hai0="43,114,88,98,56,86,125,69,119,53,99,47,133" hai1="0,83,108,95,73,93,65,94,106,117,63,74,87" hai2="60,82,44,113,105,90,84,1,131,58,112,96,97" hai3=""/><T37/><D114/><U38/><E117/><V35/><F35/><T116/><D69/><U79/><E0/><V115/><F1/><T68/><D68/><U89/><E38/><V100/><F44/><T61/><D125/><U49/><E49/><V85/><F97/><T48/><D133/><U81/><E108/><V70/><F70/><T34/><D34/><U52/><E65/><V135/><F58/><T72/><D72/><N who="1" m="27755" /><E52/><V57/><F57/><T55/><D119/><U3/><E63/><V101/><F101/><T78/><D78/><U42/><E42/><V107/><F135/><T50/><D116/><U2/><E2/><V132/><F107/><T130/><D37/><U45/><E45/><V46/><F46/><T41/><D43/><U102/><E3/><V54/><F54/><T51/><D50/><U103/><E106/><V109/><F60/><T118/><D118/><U80/><E79/><V128/><F109/><T92/><D51/><U121/><N who="1" m="31008" /><U120/><N who="1" m="30752" /><U111/><E111/><V67/><F67/><T39/><D39/><U66/><E66/><V32/><F32/><T123/><N who="0" m="31520" /><T134/><D55/><U36/><E36/><V64/><F64/><T62/><D53/><U40/><E40/><RYUUKYOKU ba="0,0" sc="350,-10,350,20,350,-10,0,0" hai1="80,81,83,87,89,93,94,95,102,103" /><INIT seed="1,1,0,5,1,69" ten="340,370,340,0" oya="1" hai0="133,42,71,120,130,53,116,73,48,35,123,58,125" hai1="56,119,44,65,2,76,121,33,102,96,84,39,62" hai2="115,82,36,88,46,41,127,98,50,45,101,114,43" hai3=""/><U109/><N who="1" m="31008" /><U3/><E119/><V87/><REACH who="2" step="1"/><F127/><REACH who="2" ten="340,370,330,0" step="2"/><T38/><N who="0" m="30752" /><T75/><D125/><U93/><E33/><V91/><F91/><T103/><D35/><U40/><REACH who="1" step="1"/><E109/><REACH who="1" ten="340,360,330,0" step="2"/><V129/><F129/><T112/><N who="0" m="31520" /><T134/><D130/><U47/><E47/><V111/><F111/><T55/><D116/><U117/><E117/><V32/><F32/><T54/><D133/><U66/><E66/><V81/><F81/><AGARI ba="1,2" hai="2,3,39,40,44,56,62,65,76,81,84,93,96,102" m="31008" machi="81" ten="40,7700,0" yaku="1,1,52,2,53,0" doraHai="69" doraHaiUra="1" who="1" fromWho="2" sc="340,0,360,99,330,-79,0,0" /><INIT seed="1,2,0,1,0,111" ten="340,459,251,0" oya="1" hai0="49,125,118,86,127,110,103,59,123,43,53,108,98" hai1="107,0,70,36,109,71,41,57,75,60,100,73,129" hai2="77,117,134,61,44,130,46,126,115,96,87,104,97" hai3=""/><U78/><E0/><V45/><F117/><T81/><N who="0" m="31520" /><T66/><D66/><U116/><E116/><V2/><F2/><T84/><D43/><U55/><E109/><N who="0" m="42089" /><D118/><U80/><E73/><V121/><N who="2" m="31008" /><V105/><F126/><N who="0" m="48138" /><D81/><U1/><E1/><V62/><F44/><T133/><D133/><U83/><E83/><V88/><F134/><T76/><D76/><U32/><E32/><V120/><N who="2" m="30752" /><V65/><F65/><T101/><D101/><U102/><E102/><V58/><F77/><T50/><D50/><U54/><E54/><V85/><F58/><T52/><D53/><U69/><E41/><V122/><N who="2" m="31264" /><V128/><REACH who="2" step="1"/><F88/><REACH who="2" ten="340,459,241,0" step="2"/><T135/><D135/><U47/><E78/><V99/><F99/><T119/><D119/><U114/><E47/><V42/><F42/><T92/><AGARI ba="2,1" hai="49,52,59,84,86,92,98,103" m="48138,42089,31520" machi="92" ten="30,5900,0" yaku="14,1,18,1,52,1,54,1" doraHai="111" who="0" fromWho="0" sc="340,73,459,-41,241,-22,0,0" /><INIT seed="2,0,0,1,1,77" ten="413,418,219,0" oya="2" hai0="79,130,55,127,50,117,64,32,108,0,59,91,93" hai1="124,121,131,42,125,85,111,134,112,62,54,94,63" hai2="114,86,41,83,80,122,48,40,73,39,35,56,135" hai3=""/><V70/><N who="2" m="31264" /><V43/><F114/><T89/><D117/><U81/><N who="1" m="31008" /><U128/><E112/><V82/><F35/><T61/><D32/><U68/><E111/><V113/><F113/><T119/><D119/><U109/><E109/><V38/><F70/><T72/><D108/><U88/><E42/><V118/><F118/><T49/><D0/><U52/><E134/><V36/><F73/><T105/><D105/><U3/><E3/><V133/><F86/><T123/><N who="0" m="31520" /><T104/><D104/><U90/><E68/><V107/><F107/><T78/><D130/><N who="1" m="49707" /><E62/><V96/><F96/><T65/><D61/><U2/><E2/><V102/><F102/><T60/><D60/><U115/><E115/><V84/><F84/><T106/><D72/><U74/><E74/><V99/><F99/><T120/><D120/><U87/><E63/><V110/><F110/><T1/><D1/><U34/><E34/><V58/><F48/><T57/><D49/><U103/><E103/><V51/><F51/><T67/><D50/><U129/><N who="1" m="49715" /><U98/><DORA hai="47" /><E98/><V116/><F116/><T100/><D100/><U132/><E132/><AGARI ba="0,0" hai="36,38,39,40,41,43,56,58,80,82,83,132,133,135" m="31264" machi="132" ten="50,24000,3" yaku="29,2,28,2,20,1,52,4" doraHai="77,47" who="2" fromWho="1" sc="413,0,418,-240,219,240,0,0" /><INIT seed="2,1,0,2,3,47" ten="413,178,459,0" oya="2" hai0="90,118,106,71,53,74,135,44,42,39,99,85,3" hai1="67,117,32,88,68,124,91,81,93,58,82,123,49" hai2="50,61,62,41,76,86,2,104,129,70,105,79,75" hai3=""/><V98/><F2/><T83/><D3/><U114/><N who="1" m="31520" /><U80/><E114/><V109/><F75/><T132/><D118/><U115/><E115/><V38/><F38/><T121/><N who="0" m="31008" /><T77/><D71/><U130/><E32/><V59/><F70/><T56/><D99/><U40/><E117/><V95/><F129/><T112/><D106/><U54/><E130/><V63/><F109/><T65/><D65/><U37/><E124/><V34/><F34/><T101/><D101/><U108/><E108/><V89/><F105/><T120/><N who="0" m="30752" /><T100/><D100/><U97/><E91/><V69/><F69/><T107/><D107/><U116/><E116/><V122/><N who="2" m="31264" /><V78/><F104/><T119/><D112/><U1/><E1/><V0/><F0/><T103/><D103/><U51/><E68/><V131/><F131/><T33/><D33/><U92/><E67/><V57/><F98/><T72/><D119/><U55/><E92/><V84/><F86/><T48/><REACH who="0" step="1"/><D74/><REACH who="0" ten="403,178,459,0" step="2"/><U35/><E35/><V96/><F96/><T113/><D113/><U111/><E111/><V66/><F66/><T52/><D52/><U87/><E97/><V94/><F41/><T127/><D127/><U133/><E40/><RYUUKYOKU ba="1,1" sc="403,20,178,-10,459,-10,0,0" hai0="39,42,44,48,53,56,72,77,83,85,90,132,135" /><INIT seed="4,2,1,2,4,38" ten="423,168,449,0" oya="0" hai0="117,0,51,132,1,103,127,120,101,79,70,94,126" hai1="115,123,50,42,34,61,2,93,46,118,96,100,82" hai2="76,71,69,37,63,125,134,33,113,84,104,89,73" hai3=""/><T75/><N who="0" m="30752" /><T72/><D117/><U85/><N who="1" m="31520" /><U36/><E118/><V57/><F76/><T131/><D70/><U98/><E2/><V74/><F84/><T114/><D114/><U3/><E3/><V128/><F89/><T121/><N who="0" m="31008" /><T109/><D51/><U92/><E115/><V45/><F74/><T111/><D79/><U65/><E34/><V88/><F88/><T102/><D103/><U53/><E36/><V78/><F45/><T54/><D54/><U77/><E53/><V91/><F63/><T56/><D56/><U110/><E110/><V90/><F57/><T122/><N who="0" m="31264" /><T112/><D112/><U83/><E85/><V60/><F113/><T40/><D94/><U35/><E35/><V116/><F116/><T41/><REACH who="0" step="1"/><D131/><REACH who="0" ten="413,168,449,0" step="2"/><U97/><E77/><V55/><F128/><T108/><D108/><U106/><E92/><V58/><F58/><T62/><D62/><U86/><E93/><V124/><F60/><T47/><D47/><U39/><E50/><V129/><F71/><T67/><D67/><U80/><E65/><V64/><F69/><T95/><D95/><U107/><E61/><V135/><F64/><T130/><D130/><U133/><E100/><V119/><F129/><RYUUKYOKU ba="2,2" sc="413,20,168,-10,449,-10,0,0" hai0="0,1,40,41,72,75,101,102,109,111,126,127,132" /><INIT seed="4,3,2,5,2,71" ten="433,158,439,0" oya="0" hai0="40,46,87,101,52,83,92,56,82,76,103,66,120" hai1="50,42,85,123,80,116,121,75,124,61,79,88,113" hai2="89,49,74,104,108,93,111,37,63,45,69,107,1" hai3=""/><T129/><N who="0" m="30752" /><T122/><N who="0" m="31264" /><T73/><D66/><U84/><N who="1" m="31008" /><U135/><N who="1" m="31520" /><U128/><E116/><V44/><F74/><T110/><D92/><U38/><E124/><V114/><F1/><T118/><D129/><U109/><E109/><V81/><F81/><T86/><D118/><U97/><E128/><V133/><F107/><T95/><D95/><U99/><E135/><V100/><F133/><T60/><D110/><U36/><E75/><V119/><F100/><T59/><D59/><U2/><E2/><V67/><F104/><T117/><D117/><U64/><E113/><V34/><F34/><T32/><D32/><U51/><E50/><V41/><F114/><T126/><D126/><U68/><E51/><V33/><F33/><T39/><REACH who="0" step="1"/><D73/><REACH who="0" ten="423,158,439,0" step="2"/><U47/><REACH who="1" step="1"/><E38/><REACH who="1" ten="423,148,439,0" step="2"/><V125/><F125/><T134/><D134/><U127/><E127/><V72/><F72/><T105/><D105/><U77/><E77/><AGARI ba="3,4" hai="39,40,46,52,56,60,76,77,82,83,86,87,101,103" m="31264,30752" machi="77" ten="30,18000,2" yaku="1,1,7,1,9,1,52,3,54,1,53,0" doraHai="71" doraHaiUra="90" who="0" fromWho="1" sc="423,226,148,-186,439,0,0,0" owari="649,60.0,-38,-64.0,439,4.0,0,0.0" /></mjloggm>