<mjloggm ver="2.3"><GO type="169" lobby="0"/><UN n0="%7A%6B%75%72%74" n1="%E5%8D%83%E7%BE%BD%E9%B4%89" n2="%E5%A4%A9%E6%9C%88%E3%82%81%E3%81%90%E3%82%8B" n3="%63%6F%62%65%68%6F%70%65" dan="17,17,17,16" rate="2240.90,2214.97,2161.95,2036.73" sx="M,F,F,M"/><TAIKYOKU oya="0"/><INIT seed="0,0,0,5,3,43" ten="250,250,250,250" oya="0" hai0="29,110,60,11,27,38,41,129,8,30,74,5,20" hai1="45,35,72,134,62,86,31,96,55,125,25,75,33" hai2="3,15,91,59,37,94,102,47,46,131,112,48,73" hai3="120,127,78,51,18,88,12,23,108,99,28,69,57"/><T67/><D129/><U36/><E35/><V24/><F3/><W53/><G108/><T10/><D74/><U106/><E134/><V82/><F112/><W14/><G127/><T121/><D121/><U101/><E125/><V119/><F37/><W66/><G120/><T128/><D128/><U105/><E105/><V13/><F131/><W56/><G69/><T117/><D117/><U113/><E113/><V126/><F126/><W76/><G28/><T50/><D38/><U115/><E115/><V77/><F119/><W107/><G14/><T40/><D110/><U64/><E86/><V58/><F102/><W135/><G135/><T84/><D30/><U111/><E111/><V103/><F103/><W80/><G107/><T65/><D5/><U9/><E9/><V98/><F24/><W104/><G104/><T1/><D1/><U130/><E55/><V85/><F73/><W32/><G32/><T118/><D118/><U87/><E87/><V22/><F13/><W95/><G80/><T19/><D29/><U109/><E109/><V81/><F81/><W79/><REACH who="3" step="1"/><G66/><REACH who="3" ten="250,250,250,240" step="2"/><T93/><D67/><U0/><E130/><V70/><F70/><W123/><G123/><T132/><D132/><U68/><E0/><V124/><F124/><W16/><G16/><T116/><D116/><U42/><AGARI ba="0,1" hai="25,31,33,36,42,45,62,64,68,72,75,96,101,106" machi="42" ten="30,12000,2" yaku="0,1,25,2,33,3,52,1" doraHai="43" who="1" fromWho="1" sc="250,-60,250,130,250,-30,240,-30" /><INIT seed="1,0,0,5,5,52" ten="190,380,220,210" oya="1" hai0="70,41,110,28,90,22,15,17,94,81,102,77,23" hai1="89,20,79,63,123,26,118,40,124,53,128,111,58" hai2="117,0,1,99,75,57,131,31,60,132,121,82,107" hai3="129,130,93,116,92,101,24,9,114,76,25,83,44"/><U30/><E123/><V119/><F121/><W11/><G114/><T8/><D70/><U5/><E118/><V54/><F131/><N who="3" m="50187" /><G116/><T85/><D110/><U71/><E128/><V105/><F132/><W106/><G106/><T65/><D65/><U32/><E111/><V19/><F105/><W45/><G83/><T84/><D41/><U126/><E5/><V97/><F97/><W48/><G76/><T100/><REACH who="0" step="1"/><D28/><REACH who="0" ten="180,380,220,210" step="2"/><U50/><E71/><V78/><F31/><W109/><G109/><T39/><D39/><U86/><E40/><V37/><F37/><W34/><G34/><T87/><D87/><U2/><E32/><V4/><F117/><W73/><G73/><T16/><D16/><U64/><E64/><V104/><F19/><W103/><G45/><T6/><D6/><U96/><E30/><V7/><F4/><W18/><G18/><T98/><D98/><U49/><E96/><V43/><F99/><W66/><G66/><T51/><D51/><U13/><E50/><V3/><F119/><W108/><G108/><T80/><D80/><U33/><E49/><V122/><F122/><W112/><G48/><T27/><D27/><N who="3" m="10313" /><G44/><T133/><D133/><U115/><E33/><V36/><F7/><W55/><G55/><T69/><D69/><U67/><E53/><V10/><F36/><W127/><G112/><T125/><D125/><U62/><E115/><V68/><F43/><W91/><G127/><T21/><AGARI ba="0,1" hai="8,15,17,21,22,23,77,81,84,85,90,94,100,102" machi="21" ten="30,7900,0" yaku="1,1,0,1,8,1,53,1" doraHai="52" doraHaiUra="74" who="0" fromWho="0" sc="180,89,380,-39,220,-20,210,-20" /><INIT seed="2,0,0,0,2,124" ten="269,341,200,190" oya="2" hai0="87,34,67,110,109,13,72,5,40,59,16,30,57" hai1="38,94,130,132,63,91,81,58,8,19,125,28,43" hai2="77,47,46,27,50,71,53,10,69,45,103,126,22" hai3="90,68,61,14,104,2,29,21,66,133,6,32,54"/><V83/><F126/><W24/><G133/><T20/><D72/><U89/><E125/><V96/><F10/><N who="3" m="2391" /><G54/><T74/><D74/><U118/><E28/><V1/><F1/><W44/><G44/><T98/><D40/><U86/><E19/><V12/><F12/><W128/><G90/><T121/><D121/><U122/><E8/><V52/><F53/><W82/><G82/><T117/><D117/><U41/><E38/><V4/><F4/><W107/><G128/><T25/><D5/><U42/><E132/><V99/><F69/><W113/><G113/><T106/><D87/><U55/><E122/><V85/><F71/><W79/><G79/><T111/><D67/><U123/><E123/><V56/><REACH who="2" step="1"/><F103/><AGARI ba="0,0" hai="13,16,20,25,30,34,57,59,98,103,106,109,110,111" machi="103" ten="40,2600,0" yaku="14,1,54,1" doraHai="124" who="0" fromWho="2" sc="269,26,341,0,200,-26,190,0" /><INIT seed="3,0,0,3,0,132" ten="295,341,174,190" oya="3" hai0="13,28,124,27,125,95,44,68,102,78,47,29,74" hai1="88,110,130,82,63,113,135,46,107,14,45,134,121" hai2="10,129,12,117,7,92,33,48,119,100,11,50,0" hai3="52,61,106,105,15,22,126,108,72,36,58,19,97"/><W96/><G72/><T9/><D68/><U101/><E63/><V1/><F100/><W85/><G36/><T3/><D3/><U31/><E31/><V39/><F39/><W62/><G108/><T69/><D69/><U75/><E14/><V127/><F33/><W51/><G126/><N who="0" m="48747" /><D78/><U42/><E45/><N who="0" m="17481" /><D74/><U76/><E110/><V23/><F1/><W17/><G106/><T70/><D70/><U77/><E77/><V56/><F0/><W37/><G37/><T55/><D55/><U30/><E76/><V60/><F127/><W118/><G118/><T18/><D27/><U131/><E75/><V98/><F119/><W26/><G85/><T4/><D4/><U104/><E134/><V109/><F7/><W112/><G112/><T64/><D64/><U84/><E113/><V41/><F117/><W133/><G133/><T80/><D80/><U21/><E135/><V120/><F109/><W54/><G105/><T83/><D83/><U111/><E107/><V81/><F81/><W49/><G54/><T87/><D87/><U38/><E111/><V6/><F6/><W73/><G73/><T65/><D65/><U114/><E114/><V122/><F120/><W2/><G2/><T8/><D9/><U24/><REACH who="1" step="1"/><E121/><REACH who="1" ten="295,331,174,190" step="2"/><V57/><F122/><W116/><G116/><T103/><D95/><U90/><E90/><V89/><F92/><W35/><G62/><T59/><D59/><U53/><E53/><V115/><F57/><W123/><G123/><T94/><D94/><U79/><E79/><V67/><F60/><W128/><G61/><T86/><D13/><RYUUKYOKU ba="0,1" sc="295,-10,331,30,174,-10,190,-10" hai1="21,24,30,38,42,46,82,84,88,101,104,130,131" /><INIT seed="4,1,1,4,0,94" ten="285,361,164,180" oya="0" hai0="4,41,129,9,98,12,19,120,42,75,14,123,117" hai1="125,70,3,29,26,61,58,48,43,135,118,17,88" hai2="23,35,56,110,34,116,100,74,2,5,32,81,132" hai3="44,10,50,82,96,20,131,109,38,69,64,76,15"/><T122/><D117/><U99/><E3/><V22/><F110/><W36/><G109/><T52/><D75/><U8/><E135/><V37/><F116/><W108/><G108/><T45/><D129/><U60/><E125/><V54/><F132/><W133/><G131/><T130/><D130/><U46/><E70/><V87/><F74/><W134/><G20/><T80/><D80/><U119/><E8/><V84/><F37/><W18/><G133/><T30/><D30/><U86/><E17/><V79/><F2/><W62/><G134/><T85/><D85/><U63/><E58/><V47/><F5/><W67/><G67/><T68/><D68/><U101/><E26/><V11/><F11/><W104/><G104/><T16/><D4/><U92/><REACH who="1" step="1"/><E29/><REACH who="1" ten="285,351,164,180" step="2"/><V71/><F71/><W83/><G69/><T49/><D19/><U72/><E72/><V7/><F56/><W124/><G124/><T95/><REACH who="0" step="1"/><D14/><REACH who="0" ten="275,351,164,180" step="2"/><U53/><E53/><V121/><F54/><N who="3" m="30023" /><G15/><T33/><D33/><U1/><E1/><V55/><F34/><W13/><G13/><T90/><AGARI ba="1,3" hai="9,12,16,41,42,45,49,52,90,95,98,120,122,123" machi="90" ten="30,12000,1" yaku="1,1,0,1,52,1,54,2,53,0" doraHai="94" doraHaiUra="21" who="0" fromWho="0" sc="275,153,351,-41,164,-41,180,-41" /><INIT seed="4,2,0,4,0,77" ten="428,310,123,139" oya="0" hai0="11,26,53,12,99,1,9,121,40,51,67,85,60" hai1="61,87,68,34,49,105,30,134,38,48,69,129,19" hai2="78,93,24,98,103,17,52,72,115,107,70,109,33" hai3="21,18,37,25,102,57,116,7,42,23,54,131,96"/><T8/><D121/><U63/><E19/><V101/><F109/><W13/><G131/><T84/><D1/><U76/><E38/><V36/><F36/><W44/><G116/><T82/><D40/><U135/><E105/><V66/><F115/><W2/><G2/><T80/><D99/><U128/><E30/><V126/><F126/><W65/><G65/><T47/><D26/><U50/><E87/><V132/><F132/><N who="1" m="50729" /><E34/><V113/><F17/><W91/><G91/><N who="0" m="51591" /><D67/><N who="1" m="41071" /><E76/><V123/><F33/><W46/><G42/><T15/><D60/><U108/><E108/><V6/><F24/><W83/><G37/><T31/><D31/><U59/><E69/><V45/><F70/><W88/><G102/><T73/><D73/><U16/><E16/><V111/><F101/><W22/><G7/><T124/><D124/><U41/><E41/><V39/><F6/><W27/><G96/><T56/><D56/><U90/><E90/><AGARI ba="2,0" hai="8,9,11,12,15,47,51,53,82,85,90" m="51591" machi="90" ten="30,5800,0" yaku="8,1,52,2" doraHai="77" who="0" fromWho="1" sc="428,64,310,-64,123,0,139,0" /><INIT seed="4,3,0,0,4,86" ten="492,246,123,139" oya="0" hai0="4,84,57,106,30,32,77,123,122,112,70,27,58" hai1="126,92,12,109,128,134,105,1,56,89,65,22,74" hai2="66,2,47,64,108,41,35,46,28,33,44,119,62" hai3="34,3,40,8,25,129,10,117,17,97,111,96,115"/><T90/><D106/><U14/><E105/><V20/><F2/><W67/><G111/><T127/><D70/><U130/><E74/><V104/><F104/><W23/><G117/><T39/><D39/><U50/><E109/><V54/><F33/><W15/><G115/><T83/><D112/><U38/><E38/><V113/><F35/><W85/><G129/><N who="1" m="49770" /><E1/><V95/><F113/><W55/><G40/><T88/><D127/><U60/><E126/><V68/><F108/><W79/><G67/><N who="2" m="25641" /><F95/><W0/><G0/><T135/><D135/><U133/><E50/><N who="2" m="29023" /><F20/><W82/><G55/><T13/><D123/><U78/><E78/><V76/><F28/><N who="3" m="19727" /><G10/><N who="0" m="4295" /><D32/><U91/><E92/><V43/><F76/><W16/><G17/><T52/><D122/><U7/><E7/><AGARI ba="3,0" hai="3,7,8,15,16,23,79,82,85,96,97" m="19727" machi="7" ten="30,2000,0" yaku="24,1,54,1" doraHai="86" who="3" fromWho="1" sc="492,0,246,-29,123,0,139,29" /><INIT seed="5,0,0,4,4,107" ten="492,217,123,168" oya="1" hai0="105,108,126,88,52,124,103,59,102,55,87,27,119" hai1="117,6,82,98,85,92,73,47,79,84,46,135,132" hai2="20,110,122,101,50,2,48,111,125,121,61,60,133" hai3="76,39,49,113,43,128,83,44,64,40,120,22,10"/><U93/><E6/><V12/><F2/><W65/><G120/><T29/><D108/><N who="2" m="41514" /><F12/><W104/><G104/><T99/><D119/><U80/><E117/><V38/><F20/><W74/><G128/><T54/><D102/><U0/><E0/><V4/><F101/><W109/><G113/><T129/><D129/><U37/><E37/><V25/><F25/><W34/><G34/><T70/><D70/><U112/><E112/><V28/><F28/><W63/><G109/><T15/><D15/><U95/><E98/><V41/><F4/><W17/><G10/><T26/><D59/><U45/><REACH who="1" step="1"/><E82/><REACH who="1" ten="492,207,123,168" step="2"/><V32/><F38/><W127/><G39/><T81/><D29/><U51/><E51/><V116/><F50/><W69/><G127/><AGARI ba="0,1" hai="26,27,52,54,55,81,87,88,99,103,105,124,126,127" machi="127" ten="40,5200,0" yaku="18,1,54,2" doraHai="107" who="0" fromWho="3" sc="492,62,207,0,123,0,168,-52" /><INIT seed="6,0,0,2,3,25" ten="554,207,123,116" oya="2" hai0="65,106,104,9,105,23,131,35,86,30,108,107,36" hai1="101,91,77,115,2,55,121,44,100,54,129,5,12" hai2="52,15,119,80,81,82,63,8,39,125,99,26,38" hai3="49,134,98,37,11,32,84,113,0,85,130,14,120"/><V109/><F119/><W93/><G120/><T124/><D108/><U133/><E2/><V94/><F109/><W132/><G37/><T43/><D107/><U22/><E77/><V18/><F125/><W3/><G32/><T90/><D35/><U61/><E115/><V112/><F112/><W128/><G113/><T21/><D65/><U123/><E129/><N who="3" m="49770" /><G49/><T102/><D124/><U117/><E133/><N who="3" m="51306" /><G3/><T127/><D127/><U88/><E61/><V67/><F38/><W27/><G27/><T64/><D64/><U118/><E12/><V47/><F26/><W48/><G48/><T73/><D9/><U122/><E22/><V6/><F39/><W95/><G0/><T1/><D1/><U51/><E51/><N who="2" m="28799" /><F63/><W78/><G78/><T68/><D68/><U20/><E121/><V72/><F67/><W96/><G11/><T31/><D131/><U24/><E24/><V42/><F42/><W83/><G14/><T41/><D36/><U28/><E122/><V33/><F33/><W19/><G19/><T13/><D41/><U89/><E123/><V71/><F71/><W17/><G17/><T103/><D43/><U126/><E126/><V16/><F72/><W110/><G83/><T135/><D135/><U60/><E60/><V40/><F40/><W69/><G110/><T7/><D73/><U92/><E117/><V57/><F57/><W46/><G46/><T53/><D53/><U29/><E118/><V75/><F75/><W10/><G10/><T58/><D58/><U70/><E44/><V87/><F87/><N who="3" m="33355" /><G69/><T34/><D34/><U111/><E70/><RYUUKYOKU ba="0,0" sc="554,-15,207,-15,123,15,116,15" hai2="6,8,15,16,18,80,81,82,94,99" hai3="93,95,96,98" /><INIT seed="6,1,0,4,0,21" ten="539,192,138,131" oya="2" hai0="67,45,91,43,70,116,31,29,60,61,58,57,27" hai1="5,78,124,34,95,123,99,40,125,90,115,103,54" hai2="23,84,87,75,96,4,1,64,19,33,18,98,50" hai3="28,79,88,26,94,73,48,107,15,24,111,83,97"/><V126/><F75/><W42/><G111/><T30/><D116/><U106/><E40/><V72/><F72/><W85/><G28/><T37/><D91/><U16/><E5/><V22/><F33/><W128/><G128/><T47/><D47/><U10/><E54/><V117/><F117/><W130/><G130/><T71/><D27/><U105/><E34/><V120/><F64/><AGARI ba="1,0" hai="29,30,31,37,43,45,57,58,60,61,64,67,70,71" machi="64" ten="40,1300,0" yaku="9,1" doraHai="21" who="0" fromWho="2" sc="539,16,192,0,138,-16,131,0" /><INIT seed="7,0,0,0,3,53" ten="555,192,122,131" oya="3" hai0="65,19,119,87,57,93,40,116,55,45,37,131,112" hai1="110,3,0,90,17,77,31,113,114,61,62,12,95" hai2="88,51,27,135,123,126,23,85,96,83,86,2,133" hai3="75,74,79,73,44,21,36,134,13,43,49,33,18"/><W1/><G134/><N who="2" m="51209" /><F2/><W99/><G1/><T129/><D65/><U120/><E120/><V108/><F123/><W26/><G99/><T92/><D112/><N who="1" m="43115" /><E31/><N who="2" m="17919" /><F108/><W118/><G118/><T60/><D19/><U69/><E77/><N who="2" m="46319" /><F126/><W105/><G105/><T109/><D109/><U84/><E110/><V89/><F96/><W25/><G33/><T132/><D132/><U59/><E17/><V11/><F11/><W111/><G111/><T66/><D66/><N who="1" m="41167" /><E12/><V121/><F121/><W130/><G130/><T6/><D6/><U41/><E41/><V35/><F35/><W115/><G115/><T56/><D56/><U76/><E76/><V16/><F16/><W24/><REACH who="3" step="1"/><G79/><REACH who="3" ten="555,192,122,121" step="2"/><T104/><D104/><U4/><E0/><V54/><F86/><W82/><G82/><T46/><D87/><U63/><E3/><V7/><F7/><W30/><G30/><T47/><D119/><U80/><E4/><V28/><F28/><W32/><G32/><T125/><D116/><U48/><E80/><V97/><F97/><W50/><AGARI ba="0,1" hai="13,18,21,24,25,26,36,43,44,49,50,73,74,75" machi="50" ten="40,3900,0" yaku="1,1,0,1,53,0" doraHai="53" doraHaiUra="29" who="3" fromWho="3" sc="555,-13,192,-13,122,-13,121,49" /><INIT seed="7,1,0,1,3,88" ten="542,179,109,170" oya="3" hai0="117,123,47,124,52,50,9,100,70,114,74,120,106" hai1="34,84,131,32,37,54,30,6,21,64,121,24,10" hai2="134,133,72,33,1,57,95,87,20,97,96,7,56" hai3="16,60,115,135,82,2,4,8,122,129,28,69,105"/><W107/><G122/><T12/><D74/><U45/><E121/><V76/><F33/><W103/><G28/><T35/><D70/><U36/><E64/><V85/><F1/><W90/><G115/><T66/><D66/><U42/><E37/><V25/><F7/><W112/><G112/><T99/><D35/><U126/><E126/><V53/><F72/><W55/><G129/><T15/><D117/><U14/><E131/><V91/><F57/><W92/><G135/><N who="2" m="51721" /><F76/><W108/><G69/><T13/><D114/><U41/><E41/><V68/><F68/><W110/><G60/><T75/><D75/><U94/><E54/><V61/><F97/><N who="3" m="59815" /><G55/><T38/><D124/><U109/><E109/><N who="3" m="42090" /><G4/><T128/><D128/><U44/><E44/><V62/><F62/><W18/><G2/><T11/><D123/><U83/><E34/><V86/><F86/><N who="3" m="50519" /><G18/><AGARI ba="1,0" hai="18,20,25,53,56,61,85,87,91,95,96" m="51721" machi="18" ten="30,3900,0" yaku="25,1,20,1,52,1" doraHai="88" who="2" fromWho="3" sc="542,0,179,0,109,42,170,-42" owari="542,64.0,179,-2.0,151,-25.0,128,-37.0" /></mjloggm>