<mjloggm ver="2.3"><GO type="169" lobby="0"/><UN n0="%E4%BD%BF%E5%BE%92%E2%80%A0%E3%82%84%E3%82%93%E3%81%97%E3%81%97%E3%83%BC" n1="%E5%AE%89%E8%89%AF%E5%B2%A1%E8%8A%B1%E7%81%AB" n2="%E8%B7%AF%E5%9C%B0%E8%A3%8F%E3%81%AE%E3%81%B2%E3%81%BE%E3%82%8F%E3%82%8A" n3="%7A%65%52%6F" dan="16,16,16,18" rate="2073.47,2083.33,2129.70,2179.15" sx="F,M,M,M"/><TAIKYOKU oya="0"/><INIT seed="0,0,0,3,4,5" ten="250,250,250,250" oya="0" hai0="135,101,39,74,109,105,24,125,83,14,102,113,69" hai1="103,46,50,4,100,127,73,60,19,119,107,79,62" hai2="124,29,56,87,0,96,66,98,35,95,99,58,17" hai3="30,10,117,31,33,52,36,45,21,8,42,23,108"/><T126/><D113/><U94/><E119/><V75/><F75/><W16/><G117/><T38/><D69/><U85/><E127/><N who="0" m="48649" /><D135/><U82/><E19/><V68/><F124/><W86/><G33/><T116/><D116/><U59/><E4/><V32/><F0/><W13/><G108/><T49/><D24/><U78/><E78/><V27/><F35/><W9/><G23/><T15/><D49/><U134/><E134/><V3/><F3/><W6/><G6/><T51/><D51/><U88/><E107/><V122/><F122/><W118/><G118/><T57/><D57/><U43/><REACH who="1" step="1"/><E62/><REACH who="1" ten="250,240,250,250" step="2"/><V91/><F17/><W25/><G25/><T132/><D132/><U34/><E34/><V1/><F1/><W54/><REACH who="3" step="1"/><G86/><REACH who="3" ten="250,240,250,240" step="2"/><T128/><D109/><U89/><E89/><V92/><F87/><W130/><G130/><T106/><D128/><U120/><E120/><V61/><REACH who="2" step="1"/><F98/><REACH who="2" ten="250,240,240,240" step="2"/><W40/><G40/><T28/><D74/><U97/><E97/><V77/><F77/><W90/><G90/><AGARI ba="0,3" hai="27,29,32,56,58,61,66,68,90,91,92,95,96,99" machi="90" ten="30,7700,0" yaku="1,1,7,1,9,1,53,1" doraHai="5" doraHaiUra="20" who="2" fromWho="3" sc="250,0,240,0,240,107,240,-77" /><INIT seed="1,0,0,1,5,101" ten="250,240,347,163" oya="1" hai0="45,59,28,133,79,57,88,119,33,85,117,62,91" hai1="1,22,108,54,125,74,104,112,80,87,19,89,94" hai2="118,76,86,61,69,98,93,67,114,23,43,132,109" hai3="123,38,16,113,31,126,35,70,122,51,34,84,116"/><U25/><E112/><V66/><F118/><W11/><G38/><T130/><D130/><U95/><E125/><V124/><F114/><W115/><G70/><T13/><D133/><U81/><E1/><V63/><F124/><W27/><G126/><T71/><D71/><U7/><E108/><V4/><F109/><W15/><G51/><T72/><D45/><U121/><E121/><N who="3" m="46090" /><G84/><T52/><D72/><U20/><E7/><V77/><F132/><W96/><G96/><T73/><D73/><U99/><E54/><V68/><F43/><W44/><G44/><T14/><D79/><U8/><E8/><V47/><F47/><W60/><G60/><T56/><D91/><U50/><E50/><V83/><F4/><W21/><G116/><T6/><D117/><U134/><E134/><V97/><F23/><W10/><G10/><T42/><D42/><U135/><E135/><V18/><F18/><W0/><G35/><T103/><D119/><U105/><E22/><V58/><F58/><W40/><G40/><T26/><D57/><U131/><E131/><V49/><F49/><W64/><G64/><T92/><D6/><AGARI ba="0,0" hai="0,6,11,15,16,21,27,31,34,113,115" m="46090" machi="6" ten="30,7700,0" yaku="24,1,34,2,54,1" doraHai="101" who="3" fromWho="0" sc="250,-77,240,0,347,0,163,77" /><INIT seed="2,0,0,5,4,15" ten="173,240,347,240" oya="2" hai0="43,62,29,96,75,112,93,82,46,81,106,11,98" hai1="33,129,79,57,126,27,95,123,76,66,58,64,49" hai2="134,90,125,28,34,78,77,50,110,35,135,132,6" hai3="56,30,51,127,86,121,18,39,102,37,10,32,12"/><V14/><F125/><W53/><G121/><T40/><D112/><U8/><E126/><V73/><F110/><W103/><G127/><T120/><D120/><U9/><E123/><V87/><F50/><W92/><G32/><N who="2" m="12329" /><F28/><W118/><G118/><T119/><D119/><U100/><E129/><V0/><F0/><W26/><G39/><T52/><D29/><U114/><E33/><V97/><F97/><W13/><G37/><T131/><D131/><U115/><E27/><V91/><F73/><W19/><G26/><T7/><D75/><U107/><E95/><N who="2" m="54751" /><F91/><N who="3" m="53367" /><G30/><T31/><D31/><U69/><E49/><V60/><F60/><W3/><G3/><T23/><D106/><U67/><E100/><V105/><F105/><W42/><G42/><T38/><D43/><U24/><E107/><V122/><F122/><W59/><G59/><T88/><D98/><U70/><E67/><V16/><F6/><W65/><G65/><T17/><D62/><U113/><E113/><V22/><AGARI ba="0,0" hai="14,16,22,77,78,132,134,135" m="54751,12329" machi="22" ten="40,7800,0" yaku="20,1,52,1,54,1" doraHai="15" who="2" fromWho="2" sc="173,-26,240,-26,347,78,240,-26" /><INIT seed="2,1,0,5,1,61" ten="147,214,425,214" oya="2" hai0="86,118,65,20,7,2,39,108,100,35,106,132,23" hai1="85,36,109,134,121,133,50,44,95,67,90,122,72" hai2="73,84,45,34,82,30,126,119,53,12,37,103,27" hai3="5,97,111,17,99,10,129,125,81,70,105,68,115"/><V14/><F119/><W47/><G111/><T117/><D108/><U41/><E109/><V96/><F73/><W8/><G125/><T38/><D35/><U98/><E72/><V89/><F126/><W76/><G129/><T48/><D86/><U135/><E36/><V79/><F79/><W59/><G115/><T42/><D48/><U6/><E6/><V25/><F25/><W102/><G59/><T28/><D132/><U22/><E22/><V60/><F37/><W9/><G5/><T15/><D2/><U18/><E18/><V29/><F29/><W94/><G47/><T57/><D39/><U33/><E33/><V101/><F101/><W127/><G17/><T26/><D42/><U93/><REACH who="1" step="1"/><E67/><REACH who="1" ten="147,204,425,214" step="2"/><V112/><F112/><W130/><G127/><T51/><D38/><U0/><E0/><V54/><F34/><W74/><REACH who="3" step="1"/><G130/><REACH who="3" ten="147,204,425,204" step="2"/><T24/><D7/><U114/><E114/><V113/><F113/><W104/><G104/><T64/><D106/><U55/><E55/><V31/><F54/><W78/><G78/><T62/><D117/><U4/><E4/><V71/><F53/><W91/><AGARI ba="1,2" hai="8,9,10,68,70,74,76,81,91,94,97,99,102,105" machi="91" ten="30,2000,0" yaku="1,1,0,1,53,0" doraHai="61" doraHaiUra="123" who="3" fromWho="3" sc="147,-6,204,-6,425,-11,204,43" /><INIT seed="3,0,0,1,2,104" ten="141,198,414,247" oya="3" hai0="66,6,39,98,125,27,74,123,96,101,134,87,48" hai1="54,50,79,90,132,29,24,15,78,77,32,56,40" hai2="93,91,95,89,51,118,80,114,67,71,26,55,57" hai3="37,112,53,65,108,106,43,69,126,61,128,20,42"/><W62/><G106/><T52/><D39/><U5/><E132/><V0/><F114/><W120/><G112/><T7/><D123/><U107/><E107/><V129/><F0/><W121/><G20/><T110/><D134/><U82/><E40/><V49/><F118/><W30/><G30/><T68/><D110/><U60/><E5/><V86/><F129/><W127/><G128/><T100/><D87/><U47/><E15/><V38/><F38/><W119/><G119/><T99/><D125/><N who="3" m="47625" /><G108/><T111/><D111/><U46/><E60/><V88/><F49/><W94/><G94/><T105/><D27/><U83/><E90/><V33/><F67/><N who="3" m="41199" /><G53/><T31/><D31/><U103/><E103/><V19/><F71/><N who="3" m="42423" /><G43/><T130/><D130/><U75/><REACH who="1" step="1"/><E79/><REACH who="1" ten="141,188,414,247" step="2"/><V113/><F113/><W21/><G21/><T92/><D105/><U64/><E64/><V97/><F33/><W45/><AGARI ba="0,1" hai="37,42,45,120,121" m="42423,41199,47625" machi="45" ten="30,11700,0" yaku="18,1,23,1,34,2" doraHai="104" who="3" fromWho="3" sc="141,-39,188,-39,414,-39,247,127" /><INIT seed="3,1,0,5,5,29" ten="102,149,375,374" oya="3" hai0="121,112,123,34,113,45,37,93,39,98,9,64,114" hai1="74,47,38,89,97,52,92,116,104,85,46,135,18" hai2="83,66,4,2,7,36,107,6,79,20,24,127,100" hai3="70,44,128,12,26,73,8,17,61,32,78,86,65"/><W102/><G128/><T16/><D64/><U99/><E135/><V28/><F127/><W42/><G73/><T120/><D45/><U41/><E116/><V21/><F36/><W1/><G102/><T69/><D69/><U115/><E115/><V50/><F66/><W80/><G1/><T13/><REACH who="0" step="1"/><D34/><REACH who="0" ten="92,149,375,374" step="2"/><U56/><E47/><V129/><F129/><W106/><G106/><T101/><AGARI ba="1,1" hai="9,13,16,37,39,93,98,101,112,113,114,120,121,123" machi="101" ten="40,8000,1" yaku="1,1,2,1,0,1,11,1,54,1,53,0" doraHai="29" doraHaiUra="35" who="0" fromWho="0" sc="92,93,149,-21,375,-21,374,-41" /><INIT seed="4,0,0,0,3,87" ten="185,128,354,333" oya="0" hai0="88,54,67,36,30,16,2,39,33,3,59,7,57" hai1="10,76,100,80,65,29,5,85,49,22,78,4,135" hai2="62,47,24,124,132,34,95,50,107,118,112,106,12" hai3="117,128,131,86,46,105,110,126,55,96,60,15,27"/><T70/><D70/><U116/><E116/><V121/><F121/><W103/><G110/><T6/><D30/><U32/><E32/><V37/><F118/><W8/><G117/><T52/><D33/><U1/><E135/><V93/><F37/><W56/><G126/><T31/><D31/><U28/><E100/><V71/><F124/><W45/><G27/><T99/><D99/><U43/><E65/><V102/><F132/><W64/><G86/><T91/><D67/><U115/><E115/><V25/><F12/><W13/><G13/><T68/><D68/><U134/><E134/><V108/><F62/><W51/><REACH who="3" step="1"/><G45/><REACH who="3" ten="185,128,354,323" step="2"/><T109/><REACH who="0" step="1"/><D109/><REACH who="0" ten="175,128,354,323" step="2"/><U125/><E125/><V20/><F108/><W44/><G44/><T83/><D83/><U35/><E80/><V19/><F112/><W23/><G23/><T127/><D127/><U40/><E22/><V82/><F82/><W0/><G0/><T81/><D81/><U94/><E1/><V97/><F34/><W14/><G14/><T84/><D84/><U17/><E85/><V79/><F20/><W63/><G63/><T18/><AGARI ba="0,2" hai="2,3,6,7,16,18,36,39,52,54,57,59,88,91" machi="18" ten="25,24000,3" yaku="1,1,0,1,22,2,52,2,54,3,53,0" doraHai="87" doraHaiUra="11" who="0" fromWho="0" sc="175,260,128,-80,354,-80,323,-80" /><INIT seed="4,1,0,2,1,36" ten="435,48,274,243" oya="0" hai0="80,28,65,58,112,73,74,3,21,128,27,51,104" hai1="49,32,76,72,25,121,24,53,55,64,108,78,56" hai2="6,16,13,119,102,9,44,69,60,130,118,132,33" hai3="57,85,62,126,35,50,92,131,42,63,120,59,84"/><T46/><D112/><U41/><E121/><V54/><F33/><W87/><G35/><T116/><D104/><U0/><E0/><V75/><F75/><W26/><G120/><T135/><D3/><U110/><E64/><V101/><F130/><W47/><G131/><T125/><D116/><N who="2" m="44586" /><F132/><W82/><G126/><T2/><D2/><U8/><E72/><V31/><F31/><W127/><G127/><T1/><D1/><U14/><E32/><V88/><F6/><W79/><G26/><N who="1" m="10346" /><E110/><V7/><F7/><W68/><G68/><T70/><D70/><U117/><E117/><V43/><F88/><N who="3" m="53263" /><G87/><T12/><D135/><U111/><E111/><V45/><F54/><N who="1" m="20489" /><E108/><V83/><F83/><W91/><G79/><T106/><D128/><U122/><E56/><AGARI ba="1,0" hai="42,47,50,56,57,59,62,63,82,84,91" m="53263" machi="56" ten="30,3900,0" yaku="8,1,52,1,54,1" doraHai="36" who="3" fromWho="1" sc="435,0,48,-42,274,0,243,42" /><INIT seed="5,0,0,5,0,50" ten="435,6,274,285" oya="1" hai0="100,113,79,66,67,102,110,1,55,5,122,48,15" hai1="8,45,23,78,46,103,21,22,72,42,19,115,74" hai2="73,30,71,94,17,86,52,90,44,62,91,133,27" hai3="93,121,59,125,13,81,87,95,24,43,28,80,65"/><U9/><E103/><V58/><F73/><W16/><G121/><T40/><D1/><U123/><E123/><V104/><F104/><W75/><G75/><T92/><D40/><U18/><E78/><V82/><F133/><W89/><G125/><T132/><D79/><U37/><E115/><V39/><F71/><W60/><G43/><T31/><D113/><U32/><E32/><V130/><F130/><W53/><G65/><T10/><D100/><U76/><E76/><V129/><F129/><W117/><G117/><T126/><D126/><U35/><E35/><V98/><F17/><W96/><G28/><T14/><D31/><U54/><E54/><V128/><F128/><W11/><G24/><T120/><D132/><U84/><E84/><V6/><F6/><W88/><AGARI ba="0,0" hai="11,13,16,53,59,60,80,81,87,88,89,93,95,96" machi="88" ten="20,12000,2" yaku="0,1,7,1,8,1,52,1,54,2" doraHai="50" who="3" fromWho="3" sc="435,-30,6,-60,274,-30,285,120" owari="405,50.0,-54,-55.0,244,-16.0,405,21.0" /></mjloggm>