<mjloggm ver="2.3"><GO type="169" lobby="0"/><UN n0="%E3%81%8A%E3%81%8D%E3%81%9F%E3%81%8B%E3%81%B2%E3%82%8D" n1="%E3%82%AD%E3%83%B3%E3%82%B0%E3%81%82%E3%81%A4%E3%81%97" n2="%70%69%6E%63%65%72%73" n3="%E3%83%A1%E3%82%AB%E3%82%BC%E3%83%83%E3%83%88%E3%83%B3" dan="16,17,16,16" rate="2041.56,2165.67,2156.35,2144.10" sx="F,M,M,M"/><TAIKYOKU oya="0"/><INIT seed="0,0,0,3,4,35" ten="250,250,250,250" oya="0" hai0="41,121,40,100,22,85,53,8,116,130,88,66,26" hai1="1,34,89,18,49,110,96,111,103,94,19,63,128" hai2="50,65,106,48,74,135,67,124,64,43,21,46,117" hai3="12,75,32,25,57,0,6,45,87,84,122,60,14"/><T82/><D121/><U36/><E36/><N who="2" m="21863" /><F74/><W61/><G75/><T107/><D116/><U76/><E76/><V91/><F106/><W133/><G45/><T114/><D114/><U38/><E38/><V51/><F21/><W105/><G105/><T52/><D130/><U97/><E128/><V42/><F91/><W93/><G122/><T95/><D107/><U119/><E119/><V125/><F117/><W31/><G60/><T59/><D66/><U9/><E34/><V98/><F98/><W15/><G133/><T81/><D53/><U104/><E49/><N who="2" m="19051" /><F135/><W73/><G73/><T126/><D126/><N who="2" m="48746" /><F67/><W58/><G93/><T68/><D68/><U112/><E112/><V7/><F7/><W102/><G102/><T71/><D71/><U33/><E33/><V28/><F28/><W37/><G87/><T118/><D118/><U3/><E9/><V47/><AGARI ba="0,0" hai="42,47,51,64,65" m="48746,19051,21863" machi="47" ten="30,4000,0" yaku="18,1,34,2" doraHai="35" who="2" fromWho="2" sc="250,-20,250,-10,250,40,250,-10" /><INIT seed="1,0,0,5,2,121" ten="230,240,290,240" oya="1" hai0="68,128,114,35,130,95,49,57,17,111,123,21,29" hai1="62,104,135,105,129,86,118,122,15,125,45,112,117" hai2="113,33,88,51,7,20,50,101,102,85,14,44,18" hai3="103,124,65,108,69,73,75,107,13,40,41,56,116"/><U4/><E122/><V3/><F33/><W99/><G69/><T27/><D114/><U30/><E112/><V127/><F127/><W26/><G124/><T60/><D123/><U52/><E125/><V98/><F113/><W55/><G65/><T43/><D68/><U70/><E30/><V38/><F38/><W74/><G116/><T54/><D95/><U47/><E70/><V119/><F119/><W90/><G13/><T1/><D1/><U25/><E25/><V0/><F50/><W126/><G126/><T28/><D28/><U23/><E105/><V92/><F7/><W19/><G90/><T63/><D43/><U115/><E104/><V53/><REACH who="2" step="1"/><F102/><REACH who="2" ten="230,240,280,240" step="2"/><W34/><G34/><T94/><D130/><U78/><E115/><V71/><F71/><W79/><G103/><T84/><D128/><U91/><E129/><V46/><F46/><W96/><G56/><T12/><D49/><U77/><E47/><V83/><AGARI ba="0,1" hai="0,3,14,18,20,44,51,53,83,85,88,92,98,101" machi="83" ten="20,5200,0" yaku="1,1,0,1,7,1,54,1,53,0" doraHai="121" doraHaiUra="58" who="2" fromWho="2" sc="230,-13,240,-26,280,62,240,-13" /><INIT seed="2,0,0,3,3,95" ten="217,214,342,227" oya="2" hai0="91,0,21,87,92,50,15,12,90,10,8,97,80" hai1="67,79,108,124,14,109,2,40,57,71,126,94,69" hai2="60,127,1,42,13,98,116,122,106,47,111,5,101" hai3="11,125,104,117,65,26,131,4,41,18,55,81,86"/><V76/><F116/><W100/><G117/><T49/><D21/><U36/><E2/><V105/><F122/><W68/><G131/><T130/><D0/><U63/><E79/><V39/><F127/><N who="1" m="48681" /><E94/><V102/><F1/><W62/><G125/><T66/><D130/><U119/><E14/><V114/><F114/><W25/><G41/><T53/><D66/><U43/><E119/><V78/><F111/><N who="1" m="42569" /><E36/><V89/><F89/><W96/><G55/><T112/><D112/><U88/><E88/><V115/><F115/><W72/><G72/><T51/><D53/><U23/><E23/><V28/><F13/><AGARI ba="0,0" hai="8,10,12,13,15,49,50,51,80,87,90,91,92,97" machi="13" ten="40,2600,0" yaku="8,1,52,1" doraHai="95" who="0" fromWho="2" sc="217,26,214,0,342,-26,227,0" /><INIT seed="3,0,0,0,4,12" ten="243,214,316,227" oya="3" hai0="88,110,38,25,100,73,113,93,29,125,53,119,32" hai1="74,64,30,37,96,108,10,1,84,31,60,21,102" hai2="124,43,36,46,34,45,120,6,33,54,2,23,76" hai3="115,109,35,121,95,28,130,15,127,77,135,14,87"/><W59/><G115/><T41/><D110/><U101/><E108/><V97/><F124/><W40/><G109/><T58/><D73/><U11/><E74/><V16/><F120/><W71/><G71/><T7/><D125/><U68/><E37/><V98/><F76/><W78/><G121/><T103/><D119/><U133/><E133/><V50/><F6/><W56/><G127/><T116/><D116/><U5/><E10/><V85/><F2/><W20/><G35/><T134/><D134/><U66/><E66/><V83/><F33/><W3/><G3/><T123/><D123/><U99/><E84/><V92/><F34/><W79/><G40/><T22/><D7/><U94/><REACH who="1" step="1"/><E21/><REACH who="1" ten="243,204,316,227" step="2"/><V90/><REACH who="2" step="1"/><F83/><REACH who="2" ten="243,204,306,227" step="2"/><W117/><G117/><T129/><D113/><U47/><E47/><V57/><F57/><W0/><G59/><T44/><D58/><U82/><E82/><V24/><AGARI ba="0,2" hai="16,23,24,36,43,45,46,50,54,85,90,92,97,98" machi="24" ten="20,8000,1" yaku="1,1,0,1,7,1,52,1,54,1,53,0" doraHai="12" doraHaiUra="75" who="2" fromWho="2" sc="243,-20,204,-20,306,100,227,-40" /><INIT seed="4,0,0,5,2,96" ten="223,184,406,187" oya="0" hai0="55,2,19,40,98,74,22,114,59,76,105,57,67" hai1="80,44,123,108,12,63,10,7,27,112,11,21,8" hai2="46,16,100,133,89,111,20,104,14,37,13,126,38" hai3="93,110,81,82,130,122,117,53,15,127,120,23,121"/><T41/><D114/><U75/><E123/><V69/><F69/><W125/><G110/><T124/><D2/><U9/><E108/><V60/><F111/><W48/><G117/><T47/><D124/><N who="3" m="47689" /><G93/><T102/><D74/><U128/><E128/><V113/><F113/><W65/><G65/><T50/><D76/><U109/><E109/><V31/><F126/><W32/><G32/><T54/><D67/><U71/><E112/><V107/><F133/><W18/><G130/><T97/><D97/><U30/><E71/><V52/><F31/><W87/><G87/><T118/><D118/><U66/><E44/><AGARI ba="0,0" hai="15,18,23,44,48,53,81,82,120,121,122" m="47689" machi="44" ten="40,2600,0" yaku="13,1,18,1" doraHai="96" who="3" fromWho="1" sc="223,0,184,-26,406,0,187,26" /><INIT seed="5,0,0,2,1,99" ten="223,158,406,213" oya="1" hai0="122,98,1,35,57,64,21,3,105,90,48,7,63" hai1="97,132,114,40,78,53,47,39,71,96,37,68,127" hai2="65,135,36,134,100,106,87,61,12,13,93,72,95" hai3="130,77,128,18,34,33,94,62,56,4,113,0,91"/><U118/><E118/><V22/><F72/><W50/><G113/><T28/><D35/><U55/><E78/><V103/><F36/><W107/><G107/><T10/><D122/><U126/><E97/><V24/><F106/><W2/><G77/><T67/><D1/><N who="3" m="617" /><G50/><T124/><D124/><N who="1" m="47659" /><E96/><N who="2" m="59407" /><F135/><W108/><G18/><T54/><D105/><U15/><E15/><N who="2" m="5707" /><F134/><W89/><G4/><T83/><D28/><U66/><E132/><V101/><F61/><W79/><G108/><T123/><D123/><U60/><E114/><V121/><F65/><W49/><G49/><T25/><D63/><N who="1" m="40031" /><E37/><V70/><F70/><W73/><G79/><T76/><D76/><U115/><E115/><V82/><F95/><W119/><G73/><T129/><D3/><U125/><N who="1" m="47667" /><U46/><DORA hai="116" /><E46/><V109/><F121/><W131/><G119/><T102/><D102/><U104/><E104/><V69/><F69/><W17/><G33/><T133/><D98/><U80/><E80/><V41/><F109/><W30/><G94/><T85/><D133/><U16/><E16/><N who="2" m="12359" /><F41/><W58/><G17/><T29/><D7/><U81/><E81/><V51/><F51/><W42/><G34/><T111/><D111/><U52/><E71/><V14/><N who="2" m="5715" /><V74/><DORA hai="31" /><F74/><W11/><G30/><T86/><D29/><U5/><E5/><V45/><F45/><W6/><G6/><T9/><D9/><U32/><E32/><V117/><F117/><W38/><G11/><T112/><D10/><U59/><AGARI ba="0,0" hai="39,40,47,52,53,55,59,60" m="40031,47667" machi="59" ten="40,12000,1" yaku="18,1,34,2,54,1" doraHai="99,116,31" who="1" fromWho="1" sc="223,-40,158,120,406,-40,213,-40" /><INIT seed="5,1,0,0,2,79" ten="183,278,366,173" oya="1" hai0="95,13,116,43,76,34,78,27,68,104,10,77,108" hai1="63,59,81,18,94,58,66,16,29,134,118,19,73" hai2="5,4,109,41,97,113,70,119,126,11,121,45,130" hai3="40,93,92,57,120,46,105,112,107,80,99,32,72"/><U115/><E118/><V89/><F119/><W22/><G32/><T65/><D116/><U123/><E123/><V131/><F121/><W83/><G120/><T82/><D104/><U54/><E115/><V84/><F70/><W62/><G112/><T125/><D108/><U101/><E134/><V128/><F113/><W23/><G72/><T47/><D125/><U90/><E29/><V31/><F109/><W8/><G8/><T103/><D68/><U110/><E110/><V42/><F31/><W30/><G107/><T100/><D65/><U28/><E28/><V0/><F126/><W124/><G105/><T36/><D34/><U12/><E101/><V49/><F4/><W75/><G75/><T53/><D27/><U60/><E73/><V35/><F35/><W50/><G93/><T39/><D39/><U24/><E81/><N who="3" m="31306" /><G30/><T106/><D106/><U15/><REACH who="1" step="1"/><E24/><REACH who="1" ten="183,268,366,173" step="2"/><V17/><F131/><W87/><G124/><T74/><D103/><U111/><E111/><V33/><F130/><W91/><G99/><AGARI ba="1,1" hai="12,15,16,18,19,54,58,59,60,63,66,90,94,99" machi="99" ten="40,7700,0" yaku="1,1,8,1,54,1,53,0" doraHai="79" doraHaiUra="117" who="1" fromWho="3" sc="183,0,268,90,366,0,173,-80" /><INIT seed="5,2,0,4,4,16" ten="183,358,366,93" oya="1" hai0="124,91,7,60,57,105,98,19,48,127,39,31,36" hai1="116,63,32,103,97,67,38,46,95,111,128,96,8" hai2="40,132,74,37,15,108,65,94,14,107,80,134,100" hai3="86,49,87,54,66,23,68,21,1,73,29,6,13"/><U44/><E116/><V84/><F108/><W129/><G73/><T115/><D115/><U70/><E128/><V75/><F65/><W102/><G129/><T81/><D7/><U85/><E111/><V135/><F107/><W119/><G119/><T2/><D2/><U77/><E38/><V133/><F133/><W56/><G102/><T62/><D31/><U114/><E114/><V69/><F69/><W55/><G1/><T12/><D48/><U35/><E8/><V51/><F37/><W106/><G106/><T3/><D62/><U0/><E0/><V117/><F117/><W61/><G29/><T90/><D3/><U82/><REACH who="1" step="1"/><E97/><REACH who="1" ten="183,348,366,93" step="2"/><N who="2" m="59447" /><F74/><W26/><G6/><T125/><D39/><U20/><E20/><V101/><F75/><W122/><G122/><T123/><D36/><U112/><E112/><V113/><F113/><W110/><G110/><T120/><D120/><U10/><E10/><V17/><F134/><W58/><G13/><T89/><D123/><U78/><E78/><N who="2" m="46103" /><F14/><W76/><G76/><T43/><D98/><U25/><E25/><V79/><F79/><W11/><G11/><T130/><D130/><U41/><E41/><V9/><F135/><W88/><G26/><T42/><D42/><U131/><E131/><V64/><F132/><W83/><REACH who="3" step="1"/><G86/><REACH who="3" ten="183,348,366,83" step="2"/><N who="0" m="50383" /><D127/><U28/><E28/><V47/><F15/><W92/><G92/><T27/><D125/><U34/><AGARI ba="2,2" hai="32,34,35,44,46,63,67,70,77,82,85,95,96,103" machi="34" ten="30,3000,0" yaku="1,1,0,1,53,0" doraHai="16" doraHaiUra="50" who="1" fromWho="1" sc="183,-12,348,56,366,-12,83,-12" /><INIT seed="5,3,0,5,3,42" ten="171,404,354,71" oya="1" hai0="35,101,83,86,127,53,94,61,134,105,60,73,132" hai1="49,79,46,71,93,12,13,90,135,64,51,106,68" hai2="14,1,129,88,11,113,44,118,72,67,21,17,33" hai3="114,48,8,126,52,109,62,77,45,20,103,18,125"/><U41/><E135/><V31/><F118/><W47/><G109/><T76/><D35/><U82/><E106/><V66/><F72/><W25/><G103/><T128/><D127/><N who="3" m="48649" /><G114/><T84/><D128/><U9/><E51/><V85/><F129/><W38/><G77/><T30/><D30/><U96/><E64/><V122/><F122/><W108/><G108/><T124/><D124/><U112/><E13/><V115/><F33/><W26/><G8/><T59/><D105/><U104/><E104/><V130/><F130/><W15/><G62/><T6/><D6/><U4/><REACH who="1" step="1"/><E112/><REACH who="1" ten="171,394,354,71" step="2"/><N who="2" m="43083" /><F66/><W121/><G121/><T63/><D134/><U131/><E131/><V5/><F67/><W10/><G10/><T3/><D132/><U116/><E116/><V24/><F1/><W133/><G133/><T34/><D3/><U95/><E95/><N who="2" m="54671" /><F5/><W74/><G74/><AGARI ba="3,1" hai="4,9,12,41,46,49,68,71,74,79,82,90,93,96" machi="74" ten="30,11600,0" yaku="1,1,7,1,52,1,53,1" doraHai="42" doraHaiUra="7" who="1" fromWho="3" sc="171,0,394,135,354,0,71,-125" owari="171,-23.0,529,63.0,354,15.0,-54,-55.0" /></mjloggm>