<mjloggm ver="2.3"><GO type="185" lobby="0"/><UN n0="%E5%A4%9A%E6%9E%97%E6%99%8B" n1="%E3%83%9D%E3%82%B1%E3%83%83%E3%83%88" n2="%E3%82%8A%E3%82%80%E3%82%8B" n3="" dan="16,16,16,0" rate="2174.46,2212.23,2177.33,1500.00" sx="M,M,M,C"/><TAIKYOKU oya="0"/><INIT seed="0,0,0,3,2,42" ten="350,350,350,0" oya="0" hai0="132,90,117,108,78,46,81,47,51,112,69,127,32" hai1="34,86,135,79,53,76,105,100,56,99,66,92,58" hai2="134,109,93,107,35,38,111,33,37,123,75,0,88" hai3=""/><T45/><D32/><U39/><E34/><N who="2" m="12811" /><F0/><T48/><D117/><U106/><E39/><V85/><N who="2" m="31520" /><V124/><F124/><T1/><D1/><U91/><E106/><V71/><F71/><T65/><D127/><U3/><E3/><V95/><F107/><T98/><D112/><U55/><E66/><V110/><F134/><T128/><D132/><U133/><E135/><V114/><F114/><T40/><D128/><U61/><REACH who="1" step="1"/><E133/><REACH who="1" ten="350,340,350,0" step="2"/><V67/><F67/><T68/><D108/><U43/><E43/><V83/><F75/><T125/><D125/><U126/><E126/><V113/><F113/><T104/><D65/><U63/><AGARI ba="0,1" hai="53,55,56,58,61,63,76,79,86,91,92,99,100,105" machi="63" ten="20,6000,1" yaku="1,1,0,1,7,1,9,1,53,1" doraHai="42" doraHaiUra="103" who="1" fromWho="1" sc="350,-40,340,70,350,-20,0,0" /><INIT seed="1,0,0,0,1,125" ten="310,410,330,0" oya="1" hai0="66,0,45,121,120,90,40,39,105,135,100,122,72" hai1="33,62,118,85,129,107,79,87,57,47,53,132,81" hai2="68,126,70,98,106,113,128,92,93,58,119,67,111" hai3=""/><U133/><E118/><V124/><F119/><T83/><N who="0" m="30752" /><T112/><N who="0" m="31008" /><T64/><N who="0" m="31264" /><T56/><D112/><U116/><E116/><V71/><F113/><T127/><D0/><U75/><E33/><V51/><F111/><T78/><D127/><N who="2" m="48682" /><F128/><T103/><D135/><N who="1" m="51787" /><E107/><V123/><N who="2" m="31520" /><V52/><F67/><T37/><D39/><U101/><E101/><AGARI ba="0,0" hai="51,52,58,68,70,71,92,93,98,101,106" m="31520,48682" machi="101" ten="40,5200,0" yaku="18,1,52,1,54,1" doraHai="125" who="2" fromWho="1" sc="310,0,410,-52,330,52,0,0" /><INIT seed="2,0,0,0,5,80" ten="310,358,382,0" oya="2" hai0="122,60,51,72,74,35,130,102,79,63,115,99,135" hai1="107,61,92,43,83,109,62,129,126,87,95,85,110" hai2="97,64,120,116,50,34,104,49,54,42,112,52,47" hai3=""/><V67/><N who="2" m="30752" /><V94/><F34/><T55/><N who="0" m="31264" /><T39/><D39/><U45/><E107/><V84/><F112/><T88/><D35/><U131/><E83/><V44/><F116/><T118/><D118/><U96/><E126/><V58/><F104/><T124/><D115/><U48/><E61/><V93/><F93/><N who="1" m="35913" /><E62/><V75/><F75/><T77/><D124/><U90/><E90/><V91/><F97/><T70/><D99/><U73/><E73/><V59/><F47/><T123/><N who="0" m="31520" /><T3/><D74/><U101/><E101/><V119/><F119/><T57/><D102/><U46/><E46/><V36/><AGARI ba="0,0" hai="36,42,44,49,50,52,54,58,59,64,67,84,91,94" m="30752" machi="36" ten="20,12000,2" yaku="0,1,7,1,9,1,52,2,54,1" doraHai="80" who="2" fromWho="2" sc="310,-60,358,-60,382,120,0,0" /><INIT seed="2,1,0,3,5,125" ten="250,298,502,0" oya="2" hai0="131,79,119,117,130,81,77,49,72,93,91,102,43" hai1="82,66,42,53,86,124,129,113,88,67,92,108,33" hai2="100,73,133,90,96,32,62,56,40,46,65,50,71" hai3=""/><V111/><F32/><T115/><D79/><U78/><E33/><V98/><F133/><T134/><D134/><U120/><N who="1" m="30752" /><U52/><E124/><V44/><F73/><T61/><D61/><U54/><E113/><V122/><N who="2" m="31264" /><V114/><F114/><T80/><D80/><U107/><E107/><V127/><F127/><T36/><D36/><U41/><E108/><V1/><F1/><T87/><D115/><U57/><E129/><N who="0" m="49161" /><D102/><U135/><E135/><V132/><F100/><T76/><D76/><U75/><REACH who="1" step="1"/><E67/><REACH who="1" ten="250,288,502,0" step="2"/><V104/><F65/><T34/><D34/><U74/><E74/><V110/><F132/><T84/><D72/><U83/><E83/><V39/><F110/><T123/><N who="0" m="31520" /><T58/><D43/><U99/><E99/><V105/><F98/><T89/><D77/><U64/><E64/><V121/><F40/><T37/><D37/><U97/><E97/><V51/><F96/><T126/><D126/><U68/><E68/><V48/><F71/><T60/><D49/><U106/><E106/><V47/><F39/><T95/><D81/><U35/><E35/><V128/><F128/><T112/><D112/><U38/><E38/><V94/><N who="2" m="31008" /><V85/><F50/><T3/><D3/><RYUUKYOKU ba="1,1" sc="250,10,288,10,502,-20,0,0" hai0="58,60,84,87,89,91,93,95,117,119" hai1="41,42,52,53,54,57,66,75,78,82,86,88,92" /><INIT seed="4,2,1,2,2,59" ten="260,298,482,0" oya="0" hai0="103,88,38,127,110,107,54,47,64,48,44,90,92" hai1="99,80,76,58,93,122,33,112,41,114,42,135,37" hai2="73,111,95,61,34,120,68,43,121,129,97,39,32" hai3=""/><T69/><D110/><U123/><N who="1" m="31264" /><U79/><N who="1" m="31520" /><U1/><E1/><V133/><N who="2" m="30752" /><V74/><N who="2" m="31008" /><V36/><F111/><T35/><D35/><U94/><E33/><V125/><F125/><T53/><D127/><U72/><E135/><V104/><F133/><T77/><D77/><U57/><E37/><N who="2" m="14411" /><F95/><T56/><D107/><U82/><E99/><V81/><F43/><T52/><D103/><U126/><E126/><V49/><F49/><T96/><D90/><U115/><E114/><V70/><F129/><T3/><D3/><U46/><E46/><V134/><F134/><T66/><D38/><U130/><REACH who="1" step="1"/><E72/><REACH who="1" ten="260,288,482,0" step="2"/><V131/><F74/><T108/><D108/><U84/><E84/><V85/><F85/><T89/><D47/><U67/><E67/><N who="0" m="25641" /><D69/><U40/><E40/><V106/><F70/><T60/><D54/><U118/><E118/><V128/><F68/><T109/><D109/><U91/><E91/><V78/><F32/><T117/><D117/><U98/><E98/><V65/><F97/><T87/><D89/><U55/><E55/><V75/><F34/><T86/><AGARI ba="2,2" hai="44,48,52,53,56,60,86,87,88,92,96" m="25641" machi="86" ten="30,7800,0" yaku="8,1,52,1,54,2" doraHai="59" who="0" fromWho="0" sc="260,102,288,-41,482,-41,0,0" /><INIT seed="4,3,0,3,5,39" ten="362,247,441,0" oya="0" hai0="37,121,75,85,3,118,32,88,129,104,48,34,64" hai1="73,107,96,50,133,87,38,112,98,77,1,40,115" hai2="92,78,86,51,130,102,125,57,61,52,36,119,94" hai3=""/><T128/><N who="0" m="31008" /><T135/><D3/><U65/><E1/><V43/><F130/><N who="0" m="50282" /><D37/><U97/><E38/><V81/><F125/><T93/><D75/><U68/><E73/><V108/><F108/><T55/><D118/><U90/><E77/><V127/><F127/><T59/><D104/><U131/><E131/><V109/><F109/><T114/><D114/><N who="1" m="43563" /><E133/><V126/><F126/><T45/><D135/><U2/><E2/><V113/><F113/><T47/><D64/><U54/><E68/><V41/><F119/><T71/><D71/><U132/><E65/><V91/><F36/><T63/><D63/><U67/><E67/><V116/><F116/><T62/><D62/><U56/><E132/><V117/><F117/><T69/><D69/><U89/><E107/><V110/><F110/><T111/><D111/><U95/><E40/><N who="2" m="15435" /><F61/><T70/><D70/><U72/><E72/><V105/><F105/><T103/><D103/><U124/><E124/><V53/><F53/><T66/><D66/><U101/><E101/><V99/><F102/><T60/><D60/><U35/><E35/><AGARI ba="3,0" hai="32,34,35,45,47,48,55,59,85,88,93" m="50282,31008" machi="35" ten="30,5800,0" yaku="19,1,52,1,54,1" doraHai="39" who="0" fromWho="1" sc="362,64,247,-64,441,0,0,0" /><INIT seed="4,4,0,5,1,88" ten="426,183,441,0" oya="0" hai0="78,86,115,106,43,56,98,41,87,116,47,129,90" hai1="92,65,133,72,102,63,128,42,50,119,112,84,124" hai2="58,91,64,127,76,77,117,109,126,3,33,61,39" hai3=""/><T97/><D116/><U89/><E119/><V99/><F109/><T114/><D129/><U51/><E128/><V95/><F117/><T96/><D106/><U134/><E72/><V67/><F3/><T49/><D56/><U104/><E124/><N who="2" m="47659" /><F33/><T71/><D71/><U108/><E108/><V103/><F39/><T45/><D78/><N who="2" m="30314" /><F103/><T79/><D79/><U70/><E112/><N who="0" m="43049" /><D90/><U107/><E102/><V55/><AGARI ba="4,0" hai="55,58,61,64,67,91,95,99" m="30314,47659" machi="55" ten="30,1500,0" yaku="18,1,52,1" doraHai="88" who="2" fromWho="2" sc="426,-14,183,-9,441,23,0,0" /><INIT seed="5,0,0,5,5,96" ten="412,174,464,0" oya="1" hai0="52,126,108,68,135,102,114,40,95,48,100,39,118" hai1="90,57,116,85,112,54,80,34,43,61,78,42,47" hai2="63,103,134,59,113,50,104,70,77,65,73,120,125" hai3=""/><U89/><E116/><V84/><N who="2" m="30752" /><V128/><F73/><T71/><D108/><U109/><E109/><V76/><F128/><T36/><D118/><U44/><E112/><V55/><F113/><T53/><D114/><U41/><E34/><V35/><F35/><T99/><D135/><U131/><E131/><V93/><F134/><T58/><D126/><U38/><REACH who="1" step="1"/><E42/><REACH who="1" ten="412,164,464,0" step="2"/><V132/><F132/><T37/><D40/><U83/><E83/><V127/><F127/><T122/><N who="0" m="31264" /><T124/><D124/><U64/><E64/><V82/><F125/><T0/><D0/><U92/><E92/><V79/><F93/><T51/><REACH who="0" step="1"/><D100/><REACH who="0" ten="402,164,464,0" step="2"/><U75/><E75/><V130/><F130/><T60/><D60/><U111/><E111/><V56/><F103/><T81/><D81/><U62/><E62/><V105/><F63/><T107/><D107/><U33/><E33/><V123/><F105/><T32/><D32/><U119/><E119/><V129/><F104/><T74/><D74/><U101/><E101/><V67/><F82/><T2/><D2/><U117/><E117/><V121/><F121/><T86/><D86/><U72/><E72/><V97/><F84/><T94/><D94/><U88/><E88/><V133/><F123/><RYUUKYOKU ba="0,2" sc="402,10,164,10,464,-20,0,0" hai0="36,37,39,48,51,52,53,58,68,71,95,99,102" hai1="38,41,43,44,47,54,57,61,78,80,85,89,90" /><INIT seed="5,1,2,2,3,69" ten="412,174,444,0" oya="1" hai0="52,129,64,86,93,132,118,103,1,104,46,72,115" hai1="92,61,51,112,94,87,58,53,102,124,127,70,134" hai2="35,109,54,120,65,3,122,133,131,68,71,50,88" hai3=""/><U66/><E112/><V41/><N who="2" m="30752" /><V48/><N who="2" m="31264" /><V37/><F3/><T81/><D1/><U116/><E116/><V96/><F109/><T55/><D115/><U80/><E134/><V40/><F35/><T135/><D72/><U121/><N who="1" m="31008" /><U73/><E73/><V90/><F133/><N who="0" m="51274" /><D104/><U89/><REACH who="1" step="1"/><E102/><REACH who="1" ten="412,164,444,0" step="2"/><V57/><F131/><T36/><D129/><U111/><E111/><V79/><F68/><T56/><D118/><U60/><E60/><V34/><F71/><T114/><D114/><U95/><AGARI ba="1,3" hai="51,53,58,61,66,70,80,87,89,92,94,95,124,127" m="31008" machi="95" ten="30,4000,0" yaku="1,1,0,1,52,1,53,0" doraHai="69" doraHaiUra="38" who="1" fromWho="1" sc="412,-21,164,72,444,-21,0,0" /><INIT seed="5,2,0,2,0,101" ten="391,236,423,0" oya="1" hai0="135,87,95,117,43,53,100,85,110,111,75,49,125" hai1="3,36,86,47,32,115,79,58,112,107,106,116,2" hai2="126,108,105,35,74,88,33,98,40,46,94,129,82" hai3=""/><U70/><E70/><V48/><F108/><T0/><D0/><N who="1" m="43" /><E116/><V51/><F126/><T62/><D75/><U37/><E58/><V121/><N who="2" m="31008" /><V67/><F129/><T34/><D125/><U39/><E47/><V57/><F105/><N who="1" m="39945" /><E86/><V130/><F130/><T44/><D117/><U59/><E59/><V42/><F67/><T78/><D87/><U99/><E99/><V92/><F92/><T83/><D95/><U81/><E32/><V118/><F118/><T114/><D34/><U96/><E96/><V60/><F60/><T128/><D62/><U66/><E66/><V123/><N who="2" m="31520" /><V109/><F57/><T124/><D128/><U68/><E68/><V119/><F119/><T113/><D124/><U102/><E102/><V50/><F50/><T1/><D100/><U54/><E54/><V132/><F48/><T41/><D1/><U133/><E133/><V56/><F56/><T90/><D135/><U73/><AGARI ba="2,0" hai="36,37,39,73,79,81,112,115" m="39945,43" machi="73" ten="40,8000,1" yaku="23,1,52,3" doraHai="101" who="1" fromWho="1" sc="391,-42,236,84,423,-42,0,0" /><INIT seed="5,3,0,3,5,102" ten="349,320,381,0" oya="1" hai0="41,98,85,121,32,69,99,113,43,114,133,52,106" hai1="2,1,33,35,67,66,63,126,49,82,36,42,130" hai2="55,62,81,84,39,44,40,127,79,45,95,107,74" hai3=""/><U101/><E36/><V108/><F108/><T65/><N who="0" m="31008" /><T57/><D32/><U115/><E115/><N who="0" m="44041" /><D133/><U89/><E130/><V123/><N who="2" m="31520" /><V117/><F117/><T75/><D75/><U124/><E101/><V94/><F127/><N who="1" m="48681" /><E49/><V76/><F107/><T60/><D85/><U78/><E42/><N who="0" m="15881" /><D106/><U71/><E67/><V105/><F105/><T96/><D96/><U34/><E89/><V134/><F134/><T61/><AGARI ba="3,0" hai="52,57,60,61,65,69,98,99" m="15881,44041,31008" machi="61" ten="30,3000,0" yaku="15,1,52,1,54,1" doraHai="102" who="0" fromWho="0" sc="349,36,320,-23,381,-13,0,0" /><INIT seed="6,0,0,2,1,117" ten="385,297,368,0" oya="2" hai0="121,39,106,85,130,76,72,135,77,109,67,47,120" hai1="63,133,37,131,33,104,32,116,2,53,90,118,56" hai2="125,78,70,83,99,3,1,44,105,94,38,79,71" hai3=""/><V41/><F125/><T66/><N who="0" m="30752" /><T124/><N who="0" m="31008" /><T68/><D124/><U128/><E2/><V97/><F105/><T108/><D106/><U102/><E37/><V59/><F79/><T65/><D68/><U49/><E90/><V111/><F111/><T87/><D135/><U115/><E115/><V0/><F59/><T51/><D39/><U54/><E133/><V42/><F42/><T48/><D130/><N who="1" m="49707" /><E102/><V80/><F80/><T119/><D119/><N who="1" m="45611" /><E104/><V69/><REACH who="2" step="1"/><F94/><REACH who="2" ten="385,297,358,0" step="2"/><T34/><D109/><U112/><E112/><V92/><F92/><T43/><D108/><U82/><E82/><V89/><F89/><T36/><D77/><U91/><E91/><V73/><AGARI ba="0,1" hai="0,1,3,38,41,44,69,70,71,73,78,83,97,99" machi="73" ten="40,2600,0" yaku="1,1,0,1,53,0" doraHai="117" doraHaiUra="46" who="2" fromWho="2" sc="385,-13,297,-13,358,36,0,0" /><INIT seed="6,1,0,0,2,58" ten="372,284,394,0" oya="2" hai0="113,41,51,0,120,87,110,125,98,133,64,118,1" hai1="78,121,69,66,59,108,65,70,97,36,112,53,81" hai2="103,43,106,46,82,135,44,52,72,119,38,42,126" hai3=""/><V76/><F119/><T75/><N who="0" m="30752" /><T114/><D118/><U60/><N who="1" m="31008" /><U91/><E108/><V122/><N who="2" m="31264" /><V84/><F135/><T127/><D110/><U48/><E112/><N who="0" m="43113" /><D75/><U49/><E36/><V37/><F126/><N who="0" m="48138" /><D133/><U55/><E91/><V129/><F129/><T130/><D130/><U115/><E97/><V131/><F131/><T86/><D64/><U107/><E107/><V104/><F103/><T77/><D98/><U47/><E115/><V33/><F33/><T68/><D68/><U45/><REACH who="1" step="1"/><E66/><REACH who="1" ten="372,274,394,0" step="2"/><V80/><F52/><T132/><D132/><U79/><E79/><AGARI ba="1,1" hai="37,38,42,43,44,46,72,76,79,80,82,84,104,106" m="31264" machi="79" ten="30,5800,0" yaku="7,1,9,1,52,1" doraHai="58" who="2" fromWho="1" sc="372,0,274,-60,394,70,0,0" owari="372,-3.0,214,-39.0,464,42.0,0,0.0" /></mjloggm>