<mjloggm ver="2.3"><GO type="185" lobby="0"/><UN n0="%E5%A4%9A%E6%9E%97%E6%99%8B" n1="%E3%82%8A%E3%82%80%E3%82%8B" n2="%E4%BD%8D%E9%B3%B3%E5%A4%A9" n3="" dan="16,16,17,0" rate="2174.45,2183.37,2166.21,1500.00" sx="M,M,M,C"/><TAIKYOKU oya="0"/><INIT seed="0,0,0,0,1,0" ten="350,350,350,0" oya="0" hai0="109,37,35,132,91,60,38,74,112,51,131,80,97" hai1="115,76,90,129,110,62,2,133,111,125,54,72,34" hai2="92,52,121,43,88,122,39,57,124,50,69,45,126" hai3=""/><T85/><D112/><U87/><E2/><V36/><N who="2" m="31008" /><V113/><N who="2" m="31264" /><V56/><F113/><T46/><D131/><U41/><E115/><V86/><F69/><T118/><D118/><U40/><E129/><V73/><F73/><T33/><D132/><U119/><E119/><V47/><F39/><T116/><D116/><U98/><E133/><V120/><N who="2" m="30752" /><V82/><F82/><T67/><D74/><U59/><E125/><AGARI ba="0,0" hai="36,43,45,47,50,52,56,57,86,88,92,124,125,126" m="30752,31264,31008" machi="125" ten="40,12000,2" yaku="18,1,52,3,54,2" doraHai="0" who="2" fromWho="1" sc="350,0,350,-120,350,120,0,0" /><INIT seed="1,0,0,0,1,102" ten="350,230,470,0" oya="1" hai0="74,54,103,135,83,53,129,58,43,88,77,93,52" hai1="55,134,75,110,121,67,86,60,99,101,73,48,126" hai2="80,59,64,116,84,91,112,118,47,38,57,36,63" hai3=""/><U123/><N who="1" m="31008" /><U42/><N who="1" m="31520" /><U130/><E130/><V113/><F59/><T2/><D2/><U105/><E134/><V61/><F63/><T125/><D129/><U97/><E126/><V107/><F107/><T1/><D1/><U50/><E110/><V69/><F69/><T133/><D125/><U51/><E99/><V89/><F91/><T100/><D43/><U98/><E98/><V49/><F118/><T33/><D58/><U87/><E75/><V95/><F116/><T78/><D78/><U37/><E73/><V70/><F70/><T131/><D33/><U65/><E65/><V82/><F82/><T32/><D32/><U3/><E55/><V104/><F104/><T62/><D62/><U79/><E3/><V44/><F80/><T111/><D111/><U106/><E106/><V128/><F128/><T85/><D131/><U122/><N who="1" m="31264" /><U127/><E127/><V41/><F38/><T124/><D124/><U76/><E76/><V108/><F108/><T35/><D35/><U132/><E79/><V92/><F92/><T117/><D117/><U90/><E60/><V115/><REACH who="2" step="1"/><F112/><REACH who="2" ten="350,230,460,0" step="2"/><T119/><D119/><U114/><E114/><V81/><F81/><T39/><D39/><U71/><E37/><RYUUKYOKU ba="0,1" sc="350,10,230,-20,460,10,0,0" hai0="52,53,54,74,77,83,85,88,93,100,103,133,135" hai2="36,41,44,47,49,57,61,64,84,89,95,113,115" /><INIT seed="2,1,1,0,5,78" ten="360,210,470,0" oya="2" hai0="124,51,80,122,43,104,57,97,126,74,79,82,64" hai1="69,75,54,46,36,53,130,55,107,56,128,2,99" hai2="3,73,58,105,131,0,77,65,70,129,41,96,1" hai3=""/><V47/><F70/><T52/><N who="0" m="31264" /><T84/><D64/><U87/><E75/><V63/><F105/><T94/><D104/><U50/><E2/><V108/><F96/><T35/><D43/><U49/><E69/><V62/><F63/><T67/><D67/><U42/><E87/><V76/><F108/><T123/><N who="0" m="31520" /><T110/><D35/><U86/><E86/><V127/><F127/><T39/><D39/><U89/><E89/><V114/><F114/><T59/><D59/><U109/><E109/><V103/><F103/><T135/><D135/><U34/><E34/><V111/><F111/><T101/><REACH who="0" step="1"/><D110/><REACH who="0" ten="350,210,470,0" step="2"/><U48/><E107/><V85/><F3/><T60/><D60/><U133/><E133/><V98/><F1/><T88/><AGARI ba="1,2" hai="51,52,57,74,79,80,82,84,88,94,97,101,124,126" m="31520,31264" machi="88" ten="30,12000,3" yaku="1,1,0,1,52,4,54,2,53,1" doraHai="78" doraHaiUra="92" who="0" fromWho="0" sc="350,142,210,-41,470,-81,0,0" /><INIT seed="4,0,0,4,0,80" ten="492,169,389,0" oya="0" hai0="44,79,133,35,135,92,37,115,36,130,100,38,75" hai1="41,86,123,134,125,91,131,50,39,107,104,88,69" hai2="127,119,103,96,49,56,2,108,48,33,81,126,129" hai3=""/><T72/><D35/><U70/><N who="1" m="31520" /><U66/><E131/><V124/><F2/><T78/><D130/><U62/><E134/><N who="0" m="51209" /><D115/><U51/><E125/><V67/><F129/><T117/><D44/><U99/><E39/><V73/><F108/><T101/><D117/><U34/><E34/><V40/><F119/><T76/><D92/><U82/><E70/><V1/><F1/><T89/><D89/><U61/><E61/><V128/><F128/><T111/><D111/><U105/><REACH who="1" step="1"/><E41/><REACH who="1" ten="492,159,389,0" step="2"/><V58/><F33/><T68/><D68/><U109/><E109/><V57/><F40/><T85/><D36/><U0/><E0/><V94/><F67/><T122/><D37/><U74/><E74/><V120/><N who="2" m="30752" /><V102/><F73/><N who="0" m="28234" /><D38/><U98/><E98/><V106/><F127/><T55/><N who="0" m="31264" /><T60/><D60/><U47/><E47/><V43/><F126/><T77/><D55/><U114/><E114/><V84/><F124/><T42/><D42/><U53/><E53/><V63/><F43/><T116/><D116/><U93/><AGARI ba="0,1" hai="50,51,62,66,69,82,86,88,91,93,99,104,105,107" m="31520" machi="93" ten="40,6000,1" yaku="1,1,0,1,52,2,54,1,53,0" doraHai="80" doraHaiUra="71" who="1" fromWho="1" sc="492,-40,159,70,389,-20,0,0" /><INIT seed="5,0,0,5,1,107" ten="452,229,369,0" oya="1" hai0="2,77,101,124,1,39,69,127,43,113,97,99,74" hai1="37,118,34,128,52,132,65,70,112,40,78,98,93" hai2="83,51,122,96,120,90,119,80,0,84,47,110,91" hai3=""/><U55/><E118/><V60/><N who="2" m="30752" /><V67/><N who="2" m="31264" /><V35/><F119/><T100/><D69/><U116/><E116/><V48/><F0/><T129/><D129/><U105/><E34/><V135/><F35/><T71/><D71/><U88/><E128/><V95/><F135/><T133/><D133/><U92/><E132/><V58/><F110/><T32/><D32/><U114/><E105/><V111/><F111/><T109/><D109/><U106/><E106/><V85/><REACH who="2" step="1"/><F47/><REACH who="2" ten="452,229,359,0" step="2"/><T64/><D1/><U61/><E78/><AGARI ba="0,1" hai="48,51,58,60,67,78,80,83,84,85,90,91,95,96" m="31264,30752" machi="78" ten="30,12000,2" yaku="1,1,2,1,7,1,8,1,52,2,53,0" doraHai="107" doraHaiUra="102" who="2" fromWho="1" sc="452,0,229,-120,359,130,0,0" /><INIT seed="6,0,0,5,2,64" ten="452,109,489,0" oya="2" hai0="47,45,84,63,87,119,42,39,85,61,117,41,81" hai1="96,0,133,54,3,34,46,135,125,111,75,65,80" hai2="74,102,115,91,114,43,113,123,59,100,73,76,83" hai3=""/><V89/><N who="2" m="31520" /><V134/><F134/><T49/><D119/><U57/><E57/><V116/><F116/><T108/><D108/><U86/><E86/><V62/><F43/><T79/><D117/><U36/><E80/><V99/><F73/><T77/><D77/><U122/><E96/><V106/><F100/><T67/><REACH who="0" step="1"/><D63/><REACH who="0" ten="442,109,489,0" step="2"/><U35/><E0/><V82/><F82/><T112/><D112/><U78/><E78/><V101/><F101/><T120/><N who="0" m="30752" /><T118/><D118/><U33/><E33/><V128/><F128/><T132/><D132/><U38/><E35/><V97/><F97/><T52/><D52/><AGARI ba="0,1" hai="52,59,62,74,76,83,89,91,99,102,106,113,114,115" m="31520" machi="52" ten="40,7700,0" yaku="15,1,52,1,54,1" doraHai="64" who="2" fromWho="0" sc="442,-77,109,0,489,87,0,0" owari="365,-3.0,109,-49.0,576,52.0,0,0.0" /></mjloggm>