<mjloggm ver="2.3"><GO type="169" lobby="0"/><UN n0="%4B%69%7A%75%6E%65%72" n1="%E3%81%B2%E3%81%90%E3%81%A1" n2="%E3%81%8A%E7%9F%A5%E3%82%89%E3%81%9B" n3="%E5%A4%A7%E8%BE%BB" dan="17,17,19,16" rate="2174.39,2251.18,2313.57,2085.28" sx="F,M,M,M"/><TAIKYOKU oya="0"/><INIT seed="0,0,0,0,0,90" ten="250,250,250,250" oya="0" hai0="92,59,110,128,102,61,39,60,126,56,117,112,105" hai1="62,34,19,43,44,77,120,81,3,127,113,46,65" hai2="30,67,129,0,31,68,18,83,79,13,15,119,70" hai3="22,73,16,52,38,80,71,124,64,47,41,87,14"/><T75/><D112/><U21/><E120/><V88/><F0/><W33/><G33/><T95/><D117/><U23/><E34/><V86/><F119/><W63/><G73/><T108/><D39/><U135/><E127/><V29/><F129/><W8/><G124/><T115/><D126/><U132/><E3/><V76/><F13/><W131/><G131/><T121/><D128/><U66/><E113/><V51/><F51/><W133/><G133/><N who="1" m="51274" /><E65/><V2/><F2/><W99/><G99/><N who="0" m="61663" /><D75/><N who="1" m="43199" /><E19/><V109/><F109/><N who="0" m="42090" /><D115/><U111/><E111/><V104/><F104/><W69/><G69/><T48/><D48/><N who="1" m="26655" /><E46/><V55/><F55/><W42/><G42/><T107/><D107/><U118/><E118/><V100/><F100/><W114/><G114/><T84/><D121/><U74/><E74/><V32/><F32/><W6/><G52/><N who="0" m="33799" /><D84/><U58/><AGARI ba="0,0" hai="21,23,58,62,66" m="26655,43199,51274" machi="58" ten="30,1100,0" yaku="20,1" doraHai="90" who="1" fromWho="1" sc="250,-5,250,11,250,-3,250,-3" /><INIT seed="1,0,0,1,2,97" ten="245,261,247,247" oya="1" hai0="68,57,64,49,53,30,89,2,132,66,15,65,59" hai1="117,46,109,107,100,13,76,96,84,115,88,70,37" hai2="34,86,104,102,26,0,130,4,135,82,54,22,39" hai3="85,133,36,14,10,108,114,43,129,42,16,72,128"/><U116/><E115/><V112/><F130/><W87/><G114/><T101/><D132/><U69/><E76/><V8/><F112/><W126/><G133/><T29/><D2/><U120/><E120/><V51/><F135/><W27/><G72/><T52/><D68/><U56/><E109/><V31/><F39/><W80/><G108/><T98/><D15/><U1/><E1/><V9/><F9/><W62/><G126/><T105/><REACH who="0" step="1"/><D89/><REACH who="0" ten="235,261,247,247" step="2"/><U61/><E69/><V125/><F125/><W40/><G129/><T20/><D20/><U83/><E70/><V60/><F22/><N who="3" m="13767" /><G128/><T94/><D94/><U25/><E13/><V17/><F0/><W123/><G123/><T103/><D103/><U121/><E121/><V45/><F102/><W111/><G111/><T79/><D79/><U99/><E25/><V23/><F23/><W74/><G36/><T92/><D92/><U127/><E127/><V93/><F93/><W134/><G134/><T44/><D44/><U12/><E12/><V131/><F131/><W78/><G14/><T75/><D75/><U6/><E6/><V21/><F4/><W81/><G10/><T48/><AGARI ba="0,1" hai="29,30,48,49,52,53,57,59,64,65,66,98,101,105" machi="48" ten="30,8000,1" yaku="1,1,0,1,9,1,52,1,54,1,53,0" doraHai="97" doraHaiUra="28" who="0" fromWho="0" sc="235,90,261,-40,247,-20,247,-20" /><INIT seed="2,0,0,1,1,81" ten="325,221,227,227" oya="2" hai0="123,129,110,91,10,73,40,34,53,26,122,111,35" hai1="51,58,11,25,93,63,30,125,135,89,22,37,18" hai2="85,90,9,112,95,134,118,107,103,1,2,82,113" hai3="66,96,99,94,97,39,61,115,38,46,64,13,3"/><V132/><F9/><W68/><G115/><N who="2" m="44105" /><F1/><W72/><G72/><T47/><D73/><U60/><E37/><V0/><F0/><W54/><G3/><T101/><D101/><U114/><E125/><V43/><F2/><W15/><G66/><T57/><D129/><U108/><E108/><N who="0" m="41513" /><D10/><U19/><E135/><N who="2" m="51755" /><F43/><W4/><G39/><N who="0" m="21919" /><D91/><U7/><E114/><V119/><F107/><W28/><G28/><N who="0" m="19735" /><D35/><U126/><E126/><V49/><F49/><AGARI ba="0,0" hai="49,53,57,122,123" m="19735,21919,41513" machi="49" ten="30,1000,0" yaku="14,1" doraHai="81" who="0" fromWho="2" sc="325,10,221,0,227,-10,227,0" /><INIT seed="3,0,0,4,5,63" ten="335,221,217,227" oya="3" hai0="79,65,126,127,84,80,28,38,41,20,6,131,55" hai1="15,44,132,73,89,82,59,95,64,78,30,108,135" hai2="97,37,36,111,85,58,101,11,86,100,57,61,26" hai3="24,122,54,113,74,13,128,4,25,10,107,35,1"/><W27/><G107/><T49/><D131/><U72/><E108/><V77/><F111/><W52/><G74/><T29/><D6/><U109/><E109/><V91/><F11/><W50/><G122/><T81/><D65/><U2/><E2/><V98/><F61/><W34/><G128/><T3/><D3/><U66/><E30/><V83/><F26/><W93/><G113/><T22/><D41/><U129/><E129/><V76/><F83/><W110/><G110/><T33/><D38/><U14/><E72/><V90/><AGARI ba="0,0" hai="36,37,57,58,76,77,85,86,90,91,97,98,100,101" machi="90" ten="25,3200,0" yaku="0,1,22,2" doraHai="63" who="2" fromWho="2" sc="335,-8,221,-8,217,32,227,-16" /><INIT seed="4,0,0,0,2,30" ten="327,213,249,211" oya="0" hai0="9,14,125,42,97,69,86,22,62,1,29,115,111" hai1="132,3,112,91,33,82,107,21,51,4,11,129,73" hai2="48,41,31,58,63,126,38,127,40,72,67,79,66" hai3="8,49,32,117,81,23,76,25,116,45,18,98,119"/><T83/><D125/><N who="2" m="47626" /><F31/><W84/><G98/><T37/><D115/><U113/><E107/><V56/><F79/><W122/><G122/><T44/><D111/><U16/><E129/><V75/><F38/><W104/><G104/><T24/><D1/><U64/><E132/><V15/><F15/><W65/><G65/><N who="2" m="24585" /><F63/><W43/><REACH who="3" step="1"/><G8/><REACH who="3" ten="327,213,249,201" step="2"/><T121/><D121/><U99/><E64/><V60/><F75/><W96/><G96/><T88/><D97/><U130/><E99/><V120/><F72/><W70/><G70/><T57/><D69/><U54/><E73/><V134/><F120/><W92/><G92/><T80/><D80/><U19/><E82/><V106/><F106/><W34/><AGARI ba="0,1" hai="18,23,25,32,34,43,45,49,76,81,84,116,117,119" machi="34" ten="40,8000,1" yaku="1,1,0,1,52,2,53,0" doraHai="30" doraHaiUra="109" who="3" fromWho="3" sc="327,-40,213,-20,249,-20,201,90" /><INIT seed="5,0,0,5,2,39" ten="287,193,229,291" oya="1" hai0="107,97,82,95,40,88,71,57,22,33,29,65,85" hai1="23,30,91,44,108,99,134,43,42,34,63,128,27" hai2="73,83,66,18,133,125,105,45,51,112,49,8,16" hai3="56,58,120,1,109,87,76,132,19,84,37,80,89"/><U41/><E128/><V55/><F105/><W122/><G1/><T26/><D71/><U12/><E134/><V50/><F133/><W130/><G132/><T77/><D107/><U3/><E3/><V53/><F125/><W101/><G37/><T114/><D114/><U69/><E108/><V121/><F121/><W6/><G6/><T118/><D118/><U104/><E12/><V54/><F112/><W79/><G101/><T60/><REACH who="0" step="1"/><D40/><REACH who="0" ten="277,193,229,291" step="2"/><U62/><E69/><V94/><F45/><W126/><G122/><T98/><D98/><U47/><E104/><V93/><F66/><W38/><G120/><T24/><D24/><U111/><E111/><V28/><F55/><W117/><G117/><T48/><D48/><U32/><E32/><AGARI ba="0,1" hai="22,26,29,32,33,57,60,65,77,82,85,88,95,97" machi="32" ten="40,2600,0" yaku="1,1,54,1,53,0" doraHai="39" doraHaiUra="116" who="0" fromWho="1" sc="277,36,193,-26,229,0,291,0" /><INIT seed="6,0,0,2,4,54" ten="313,167,229,291" oya="2" hai0="31,51,82,106,14,84,87,135,19,24,28,53,22" hai1="75,20,10,85,122,74,62,63,73,8,118,39,52" hai2="89,27,119,98,32,77,65,80,123,114,5,131,110" hai3="94,101,9,4,61,83,26,23,50,36,1,42,29"/><V116/><F123/><W25/><G36/><T103/><D135/><U60/><E118/><V66/><F114/><W7/><G61/><T105/><D103/><U34/><E34/><V97/><F131/><W43/><G7/><T113/><D113/><U57/><E39/><V58/><F110/><W130/><G130/><T55/><D31/><U129/><E129/><V38/><F38/><W68/><G68/><T117/><D117/><U107/><E107/><V88/><F5/><W91/><G101/><T45/><D53/><U102/><E102/><V76/><F32/><W96/><G83/><T30/><D30/><U35/><E35/><V16/><F116/><W2/><G2/><T56/><D45/><U67/><E122/><V17/><F119/><W33/><G50/><T18/><D18/><AGARI ba="0,0" hai="1,4,9,18,23,25,26,29,33,42,43,91,94,96" machi="18" ten="30,1000,0" yaku="7,1" doraHai="54" who="3" fromWho="0" sc="313,-10,167,0,229,0,291,10" /><INIT seed="7,0,0,4,2,4" ten="303,167,229,301" oya="3" hai0="99,34,63,47,7,134,32,6,89,120,12,92,97" hai1="17,88,127,71,20,35,87,126,107,61,45,109,30" hai2="33,64,131,38,73,100,23,67,81,82,95,90,76" hai3="62,91,10,77,59,29,70,16,104,85,93,117,135"/><W41/><G117/><T103/><D120/><U53/><E109/><V101/><F33/><W24/><G104/><T22/><D134/><U25/><E107/><V28/><F38/><W19/><G70/><T55/><D6/><U56/><E71/><V118/><F118/><W52/><G135/><T14/><D14/><U94/><E45/><V46/><F46/><W60/><G41/><T78/><D78/><U98/><REACH who="1" step="1"/><E87/><REACH who="1" ten="303,157,229,301" step="2"/><V108/><F108/><W96/><G85/><T5/><D47/><U133/><E133/><V83/><F73/><W106/><G106/><T102/><D102/><U86/><E86/><V57/><F100/><W122/><G122/><T49/><D103/><U1/><E1/><V132/><F101/><W121/><G121/><T69/><D69/><U68/><E68/><V3/><F3/><W75/><G75/><T43/><D99/><U44/><E44/><V114/><F132/><W111/><G111/><T51/><D43/><U2/><E2/><V8/><F82/><W116/><G116/><T11/><D97/><U36/><E36/><V130/><F81/><W125/><G125/><T50/><D92/><U105/><E105/><V15/><F95/><W65/><G77/><T21/><D34/><U72/><E72/><V58/><F76/><W84/><G84/><T113/><D32/><U66/><E66/><V112/><F83/><W27/><G65/><T119/><D119/><U13/><AGARI ba="0,1" hai="13,17,20,25,30,35,53,56,61,88,94,98,126,127" machi="13" ten="30,7900,0" yaku="1,1,0,1,54,1,53,1" doraHai="4" doraHaiUra="54" who="1" fromWho="1" sc="303,-20,157,89,229,-20,301,-39" /><INIT seed="8,0,0,2,4,68" ten="283,246,209,262" oya="0" hai0="20,56,115,114,32,27,78,33,36,35,25,102,128" hai1="4,85,18,15,23,101,40,87,57,113,112,13,72" hai2="6,61,14,99,93,89,95,90,125,97,131,81,122" hai3="2,86,1,108,98,91,69,59,132,127,92,0,11"/><T17/><D128/><U121/><E72/><V84/><F122/><W73/><G108/><T107/><D36/><U88/><E121/><V124/><F61/><W106/><G69/><T53/><D78/><U135/><E135/><V5/><F131/><W45/><G132/><T39/><D39/><U111/><E111/><V123/><F123/><W67/><G127/><T10/><D10/><N who="1" m="4295" /><E101/><V51/><F124/><W54/><G73/><T75/><D75/><U77/><E40/><V8/><F125/><W55/><G67/><T64/><D64/><U109/><E109/><V116/><F116/><W38/><G11/><T29/><D102/><U9/><E77/><V12/><F51/><W94/><G106/><T66/><D66/><U105/><E105/><V129/><F129/><W104/><G104/><T22/><REACH who="0" step="1"/><D107/><REACH who="0" ten="273,246,209,262" step="2"/><U50/><E9/><N who="2" m="4143" /><F95/><W24/><G94/><T126/><D126/><U79/><E79/><V134/><F134/><W74/><G74/><T21/><D21/><U103/><E23/><V58/><F58/><W96/><G59/><T80/><D80/><U130/><E57/><V3/><F3/><W63/><G38/><T76/><D76/><U100/><E130/><V16/><F6/><W37/><G37/><T118/><D118/><U46/><E112/><V19/><F19/><W82/><G92/><T48/><AGARI ba="0,1" hai="17,20,22,25,27,29,32,33,35,48,53,56,114,115" machi="48" ten="30,6000,0" yaku="1,1,0,1,53,1" doraHai="68" doraHaiUra="26" who="0" fromWho="0" sc="273,70,246,-20,209,-20,262,-20" owari="343,44.0,226,-17.0,189,-31.0,242,4.0" /></mjloggm>