<mjloggm ver="2.3"><GO type="169" lobby="0"/><UN n0="%75%72%61%74%61%6D%61" n1="%E6%9C%A8%E6%BC%8F%E3%82%8C%E6%97%A5" n2="%E3%83%8F%E3%82%B9%E5%A4%AA" n3="%E7%83%8F%E8%B3%8A%E4%B9%8B%E8%BC%94" dan="16,17,16,17" rate="2067.17,2182.09,2121.77,2199.35" sx="M,M,M,M"/><TAIKYOKU oya="0"/><INIT seed="0,0,0,4,4,107" ten="250,250,250,250" oya="0" hai0="63,20,76,49,43,86,50,19,68,74,105,45,79" hai1="114,102,120,77,69,4,124,55,109,89,84,118,123" hai2="29,94,24,80,83,38,58,11,51,71,47,10,81" hai3="125,66,27,1,106,90,101,36,30,5,67,8,82"/><T46/><D105/><U6/><E69/><V12/><F71/><W133/><G36/><T21/><D86/><U23/><E118/><V44/><F38/><W15/><G125/><T99/><D99/><U96/><E124/><V117/><F117/><W28/><G28/><T104/><D104/><U130/><E77/><V91/><F58/><W42/><G42/><T100/><D100/><U78/><E78/><V16/><F10/><W98/><G133/><T75/><D68/><U2/><E2/><V14/><F14/><W112/><G1/><T108/><D63/><U62/><E114/><V25/><F29/><W129/><G112/><T135/><D19/><U33/><E33/><V122/><F122/><W56/><G129/><T92/><D92/><U35/><E35/><V126/><F126/><W115/><G56/><T3/><D3/><U37/><E130/><V70/><F70/><W97/><G115/><T31/><D31/><U52/><E123/><V111/><F111/><W116/><G116/><T103/><D103/><U40/><E120/><V9/><F9/><W60/><G60/><T61/><D61/><U95/><E109/><V65/><F65/><W85/><REACH who="3" step="1"/><G97/><REACH who="3" ten="250,250,250,240" step="2"/><T119/><D119/><U110/><E110/><V26/><REACH who="2" step="1"/><F51/><REACH who="2" ten="250,250,240,240" step="2"/><W64/><G64/><T41/><D108/><U54/><E37/><V48/><F48/><W59/><G59/><T127/><D127/><U32/><E62/><V134/><F134/><AGARI ba="0,2" hai="20,21,41,43,45,46,49,50,74,75,76,79,134,135" machi="134" ten="25,9600,0" yaku="22,2,52,2" doraHai="107" who="0" fromWho="2" sc="250,116,250,0,240,-96,240,0" /><INIT seed="0,1,0,5,5,0" ten="366,250,144,240" oya="0" hai0="33,44,83,5,39,37,111,131,25,126,94,124,102" hai1="13,92,77,35,23,109,90,115,114,52,105,119,125" hai2="59,96,34,121,54,84,104,15,22,16,130,67,58" hai3="128,91,4,129,57,26,12,11,133,50,65,100,97"/><T74/><D131/><N who="3" m="50249" /><G133/><T43/><D37/><U18/><E119/><V106/><F130/><W45/><G26/><T6/><D111/><U24/><E105/><V71/><F121/><W135/><G135/><T64/><D64/><U110/><E77/><V103/><F34/><W116/><G91/><T81/><D94/><U30/><E125/><N who="0" m="48233" /><D102/><U123/><E123/><V46/><F104/><N who="3" m="63503" /><G57/><T28/><D81/><U89/><E89/><V31/><F31/><W41/><G65/><T107/><D107/><U14/><E90/><V27/><F27/><W70/><G70/><T73/><D83/><U63/><E92/><V134/><F134/><W7/><G116/><T32/><D32/><U48/><E63/><V113/><F113/><N who="1" m="43017" /><E14/><V87/><F46/><AGARI ba="1,0" hai="13,18,23,24,30,35,46,48,52,109,110" m="43017" machi="46" ten="30,2000,0" yaku="11,1,54,1" doraHai="0" who="1" fromWho="2" sc="366,0,250,23,144,-23,240,0" /><INIT seed="1,0,0,4,5,75" ten="366,273,121,240" oya="1" hai0="45,36,126,7,34,114,49,9,86,129,88,26,76" hai1="33,37,71,93,48,66,72,133,41,83,78,5,23" hai2="50,3,73,35,123,119,118,128,120,57,24,132,67" hai3="113,135,130,20,55,17,19,109,111,134,81,28,11"/><U15/><E33/><V77/><F50/><W16/><G113/><T22/><D114/><U47/><E133/><N who="3" m="50698" /><G55/><T32/><D36/><U4/><E37/><V69/><F132/><W52/><G130/><T105/><D105/><U39/><E39/><V117/><F57/><W104/><G104/><T59/><D59/><U13/><E93/><V27/><F128/><W40/><G40/><T124/><D129/><U106/><E106/><V58/><F58/><W25/><G81/><T115/><D115/><U116/><E116/><V65/><F3/><W108/><G52/><N who="0" m="29743" /><D22/><U38/><E38/><V82/><F35/><N who="3" m="20879" /><G11/><T10/><D10/><U18/><REACH who="1" step="1"/><E15/><AGARI ba="0,0" hai="15,16,17,19,20,108,109,111" m="20879,50698" machi="15" ten="40,8000,1" yaku="14,1,20,1,34,2,54,1" doraHai="75" who="3" fromWho="1" sc="366,0,273,-80,121,0,240,80" /><INIT seed="2,0,0,3,5,10" ten="366,193,121,320" oya="2" hai0="80,44,82,126,85,114,71,131,64,100,86,74,129" hai1="23,95,61,91,93,9,4,87,103,110,90,2,54" hai2="125,12,62,40,35,79,75,96,122,18,8,38,50" hai3="112,81,43,42,130,77,25,60,101,109,3,1,28"/><V55/><F122/><W98/><G109/><T67/><D74/><U121/><E110/><V84/><F125/><W36/><G130/><T27/><D114/><U83/><E121/><V89/><F35/><W134/><G134/><T45/><D27/><U13/><E103/><V19/><F96/><W133/><G133/><T72/><D72/><U94/><E2/><V107/><F107/><W66/><G112/><T73/><D73/><U105/><E105/><V70/><F79/><W6/><G6/><T57/><D100/><U30/><E23/><V21/><F75/><N who="3" m="43199" /><G43/><T106/><D57/><N who="1" m="34999" /><E30/><V113/><F113/><W108/><G42/><T63/><D106/><U78/><AGARI ba="0,0" hai="4,9,13,78,83,87,90,91,93,94,95" m="34999" machi="78" ten="30,2000,0" yaku="8,1,52,1" doraHai="10" who="1" fromWho="1" sc="366,-5,193,20,121,-10,320,-5" /><INIT seed="3,0,0,5,4,121" ten="361,213,111,315" oya="3" hai0="25,71,32,33,18,66,4,42,119,74,87,13,122" hai1="49,67,130,8,54,59,19,86,22,44,82,135,23" hai2="100,43,40,27,132,62,60,89,16,114,39,112,109" hai3="15,68,36,56,127,110,7,116,17,106,48,104,50"/><W98/><G68/><T30/><D74/><U28/><E130/><V115/><F132/><W107/><G36/><T21/><D42/><U105/><E105/><V24/><F100/><W117/><G7/><T118/><D87/><U95/><E135/><V37/><F114/><W134/><G134/><T38/><D38/><U96/><E28/><V70/><F70/><W14/><G127/><T131/><D66/><U52/><E67/><V81/><F89/><W102/><G17/><T129/><D71/><U2/><E2/><V72/><F81/><W58/><G104/><T34/><D122/><U75/><E75/><V31/><F72/><W113/><G98/><T55/><D55/><U29/><E29/><V73/><F73/><W111/><REACH who="3" step="1"/><G102/><REACH who="3" ten="361,213,111,305" step="2"/><T79/><D4/><U103/><E19/><V92/><F16/><W94/><G94/><T125/><D125/><U45/><E8/><V64/><F92/><W83/><G83/><T78/><D119/><U88/><REACH who="1" step="1"/><E45/><REACH who="1" ten="361,203,111,305" step="2"/><V97/><F31/><W65/><G65/><T124/><D30/><U9/><E9/><V6/><F64/><W77/><G77/><T101/><D78/><U80/><E80/><V5/><REACH who="2" step="1"/><F97/><REACH who="2" ten="361,203,101,305" step="2"/><W10/><G10/><T47/><D79/><U3/><E3/><V99/><F99/><W0/><G0/><T46/><D124/><U69/><E69/><V133/><F133/><W61/><G61/><AGARI ba="0,3" hai="22,23,44,49,52,54,59,61,82,86,88,95,96,103" machi="61" ten="30,8000,1" yaku="1,1,7,1,8,1,54,2,53,0" doraHai="121" doraHaiUra="35" who="1" fromWho="3" sc="361,0,203,110,101,0,305,-80" /><INIT seed="4,0,0,2,0,129" ten="361,313,101,225" oya="0" hai0="80,22,8,89,74,86,68,60,9,132,2,108,77" hai1="20,133,131,79,125,55,93,82,33,44,94,58,101" hai2="71,118,120,27,75,52,3,98,119,51,34,65,56" hai3="63,123,69,103,57,109,104,106,49,46,54,115,124"/><T41/><D108/><U36/><E33/><V24/><F75/><W29/><G109/><T31/><D41/><U43/><E131/><V62/><F3/><W134/><G115/><T30/><D22/><U127/><E20/><V35/><F120/><W32/><G123/><T59/><D68/><U5/><E5/><V39/><F39/><W50/><G124/><N who="1" m="47690" /><E101/><V130/><F130/><W102/><G104/><T21/><D2/><U25/><E25/><V90/><F90/><W95/><G106/><T114/><D114/><U45/><E45/><V0/><F0/><W87/><G50/><T85/><D74/><N who="1" m="43383" /><E133/><V83/><F83/><W6/><G134/><T48/><D48/><AGARI ba="0,0" hai="36,43,44,48,55,58,93,94" m="43383,47690" machi="48" ten="30,1000,0" yaku="18,1" doraHai="129" who="1" fromWho="0" sc="361,-10,313,10,101,0,225,0" /><INIT seed="5,0,0,1,3,90" ten="351,323,101,225" oya="1" hai0="35,22,7,64,66,58,122,46,18,108,113,95,51" hai1="91,45,9,104,75,126,39,124,121,3,27,116,84" hai2="57,112,67,131,92,107,40,86,76,117,47,111,74" hai3="135,102,118,43,94,21,83,93,129,34,4,0,87"/><U88/><E75/><V26/><F117/><W61/><G34/><T38/><D35/><U42/><E116/><V130/><F111/><W25/><G118/><T127/><D38/><U32/><E104/><V77/><F107/><W105/><G135/><T5/><D108/><U49/><E121/><V79/><F67/><N who="0" m="25642" /><D127/><N who="1" m="48683" /><E39/><V44/><F57/><W16/><G129/><T71/><D71/><U56/><E56/><V20/><F74/><W100/><G61/><T10/><D58/><U15/><E3/><V132/><F132/><W28/><G43/><T115/><D10/><U123/><E123/><V11/><F11/><W2/><G28/><T99/><D122/><U41/><E41/><V106/><F106/><W30/><G30/><T133/><D133/><U103/><E103/><V69/><F69/><W37/><G37/><T8/><D8/><U101/><E101/><N who="3" m="39018" /><G2/><T29/><D29/><N who="1" m="19519" /><E84/><V23/><F86/><W13/><G0/><T114/><D46/><U97/><E97/><V48/><F47/><W70/><G70/><T6/><D51/><U109/><E109/><V60/><F60/><W81/><G105/><T62/><D62/><U119/><E119/><V19/><F130/><W128/><G128/><T63/><D63/><U54/><E42/><V89/><F131/><W12/><G87/><T33/><D33/><U52/><E54/><V36/><F36/><W96/><G96/><T125/><D125/><U73/><E73/><V120/><F120/><W80/><G4/><AGARI ba="0,0" hai="4,9,15,45,49,52,88,91" m="19519,48683" machi="4" ten="30,5800,0" yaku="18,1,54,2" doraHai="90" who="1" fromWho="3" sc="351,0,323,58,101,0,225,-58" /><INIT seed="5,1,0,5,2,133" ten="351,381,101,167" oya="1" hai0="26,85,38,54,97,98,11,62,70,123,13,73,112" hai1="84,87,15,34,130,61,108,126,115,45,134,24,72" hai2="5,120,23,19,4,7,80,99,111,78,95,90,51" hai3="42,18,0,35,17,96,63,46,31,76,113,40,32"/><U43/><E72/><V122/><F111/><W93/><G0/><T14/><D73/><U129/><E134/><V55/><F120/><W131/><G113/><T94/><D112/><U89/><E115/><V50/><F122/><W30/><G131/><N who="1" m="50186" /><E108/><V79/><F80/><W29/><G35/><T8/><D38/><N who="1" m="21751" /><E15/><V116/><F116/><W118/><G32/><T36/><D36/><U41/><E41/><V91/><F91/><W12/><G76/><T58/><D70/><U127/><E61/><V59/><REACH who="2" step="1"/><F51/><REACH who="2" ten="351,381,91,167" step="2"/><N who="3" m="27079" /><G118/><T82/><D123/><U60/><E89/><V3/><F3/><W20/><G63/><T56/><D62/><U88/><E60/><V68/><F68/><W57/><G57/><T66/><D58/><U77/><E77/><V25/><AGARI ba="1,1" hai="4,5,7,19,23,25,50,55,59,78,79,90,95,99" machi="25" ten="30,4000,0" yaku="1,1,0,1,8,1,53,0" doraHai="133" doraHaiUra="83" who="2" fromWho="2" sc="351,-11,381,-21,91,53,167,-11" /><INIT seed="6,0,0,2,1,8" ten="340,360,144,156" oya="2" hai0="108,130,2,67,58,54,40,121,132,72,20,32,104" hai1="133,74,84,110,88,71,41,129,59,115,61,17,18" hai2="93,64,119,10,95,94,113,14,22,107,16,80,100" hai3="1,85,35,65,83,98,60,126,96,56,62,34,116"/><V24/><F119/><W45/><G116/><T37/><RYUUKYOKU type="yao9" ba="0,0" sc="340,0,360,0,144,0,156,0" hai0="2,20,32,37,40,54,58,67,72,104,108,121,130,132" /><INIT seed="6,1,0,5,0,121" ten="340,360,144,156" oya="2" hai0="67,26,14,135,59,24,118,53,80,47,130,16,34" hai1="79,97,54,48,134,122,112,125,113,76,42,105,39" hai2="85,25,62,30,110,64,91,56,63,7,23,18,51" hai3="17,46,60,131,37,129,106,32,8,61,35,83,55"/><V29/><F7/><W94/><G106/><T2/><D2/><U52/><E122/><V120/><F120/><W75/><G94/><T108/><D108/><U95/><E105/><V71/><F51/><N who="3" m="29175" /><G37/><T74/><D130/><N who="3" m="49673" /><G75/><T72/><D135/><U70/><E134/><V124/><F124/><W88/><G83/><T78/><D72/><U69/><E125/><V40/><F40/><W43/><G43/><T58/><D47/><N who="1" m="24031" /><E54/><V36/><F36/><W87/><G87/><T89/><D34/><N who="3" m="12841" /><G88/><T82/><D67/><U6/><E79/><V92/><REACH who="2" step="1"/><F110/><REACH who="2" ten="340,360,134,156" step="2"/><W101/><G101/><T123/><D123/><U103/><E103/><V45/><F45/><W10/><G17/><T27/><D16/><U33/><E48/><V19/><F19/><W98/><G98/><T65/><D118/><U119/><E119/><V22/><F22/><W90/><G90/><T84/><D89/><U104/><E33/><V44/><F44/><W128/><G128/><T57/><D65/><AGARI ba="1,1" hai="18,23,25,29,30,56,62,63,64,65,71,85,91,92" machi="65" ten="30,5800,0" yaku="1,1,7,1,53,1" doraHai="121" doraHaiUra="81" who="2" fromWho="0" sc="340,-61,360,0,134,71,156,0" /><INIT seed="6,2,0,0,3,77" ten="279,360,205,156" oya="2" hai0="10,79,81,8,121,123,99,23,109,80,30,4,84" hai1="113,133,111,127,20,51,36,13,101,57,116,6,52" hai2="60,128,5,124,89,83,56,37,106,42,18,34,105" hai3="9,21,43,102,97,95,7,31,88,108,110,12,78"/><V64/><F128/><W17/><G43/><T66/><D109/><U41/><E111/><V135/><F135/><W114/><G114/><T19/><D30/><U75/><E116/><V59/><F124/><W14/><G31/><T71/><D71/><U11/><E75/><V47/><F34/><W132/><G132/><T76/><D66/><U87/><E113/><V131/><F131/><W94/><REACH who="3" step="1"/><G78/><REACH who="3" ten="279,360,205,146" step="2"/><T104/><D121/><U72/><E133/><V120/><F120/><W134/><G134/><T103/><D123/><U27/><E41/><V90/><F5/><W33/><G33/><T62/><D4/><U100/><E6/><V98/><F18/><W22/><G22/><T67/><D8/><U82/><E11/><V85/><REACH who="2" step="1"/><F59/><REACH who="2" ten="279,360,195,146" step="2"/><W125/><G125/><T91/><D19/><U70/><E127/><V29/><F29/><W1/><G1/><T86/><D10/><U55/><E57/><V74/><F74/><W24/><G24/><T69/><D23/><U15/><E20/><V16/><F16/><W46/><G46/><T96/><D96/><AGARI ba="2,2" hai="7,9,12,14,17,21,88,94,95,96,97,102,108,110" machi="96" ten="30,3900,0" yaku="1,1,7,1,54,1,53,0" doraHai="77" doraHaiUra="112" who="3" fromWho="0" sc="279,-45,360,0,195,0,146,65" /><INIT seed="7,0,0,4,3,55" ten="234,360,195,211" oya="3" hai0="30,17,118,34,108,57,132,110,61,31,8,59,24" hai1="115,96,38,23,75,78,119,52,79,124,47,91,22" hai2="105,127,123,46,50,2,81,16,85,12,80,48,130" hai3="120,99,97,126,86,3,104,117,69,113,54,0,44"/><W131/><G120/><T66/><D118/><U102/><E91/><V98/><F123/><W4/><G117/><T107/><D107/><U95/><E23/><N who="2" m="11655" /><F2/><N who="3" m="555" /><G4/><T76/><D132/><U72/><E52/><N who="2" m="29719" /><F105/><W92/><G69/><T87/><D30/><U82/><E95/><V11/><F130/><W9/><G9/><T71/><D76/><U42/><E96/><N who="3" m="36938" /><G104/><T41/><D41/><U62/><E119/><V135/><F135/><W43/><G131/><T106/><D106/><U94/><E75/><V5/><F127/><W88/><G126/><T13/><D87/><U60/><E124/><V125/><F125/><W21/><G21/><T15/><D15/><U36/><E22/><V73/><F73/><W56/><G44/><T133/><REACH who="0" step="1"/><D133/><REACH who="0" ten="224,360,195,211" step="2"/><U20/><E72/><V77/><F98/><N who="3" m="57607" /><G43/><T14/><D14/><U26/><E42/><V101/><F101/><W37/><G86/><T39/><D39/><U18/><E38/><V65/><F85/><W6/><G37/><T112/><D112/><U25/><E36/><V49/><F77/><W90/><G113/><T63/><D63/><U28/><E115/><V1/><F1/><W32/><G90/><T67/><D67/><U122/><E122/><V45/><F65/><W19/><G19/><T35/><D35/><U58/><E18/><V93/><F93/><W7/><G32/><T53/><D53/><U89/><E94/><V29/><F29/><W134/><G134/><T70/><D70/><U68/><E28/><V51/><F45/><W129/><G129/><T27/><D27/><U109/><E26/><V121/><F121/><RYUUKYOKU ba="0,1" sc="224,10,360,-30,195,10,211,10" hai0="8,13,17,24,31,34,57,59,61,66,71,108,110" hai2="5,11,49,50,51,80,81" hai3="6,7,54,56" /><INIT seed="7,1,1,3,1,66" ten="234,330,205,221" oya="3" hai0="87,114,52,56,50,107,118,72,126,91,71,33,55" hai1="85,14,15,5,135,105,89,104,29,84,34,80,130" hai2="92,49,112,83,53,65,125,17,28,68,62,111,42" hai3="133,35,8,103,88,9,38,128,116,58,94,26,93"/><W39/><G116/><T74/><D71/><U44/><E34/><V51/><F111/><W3/><G3/><T59/><D33/><U102/><E29/><V37/><F28/><W121/><G121/><T21/><D118/><U119/><E102/><V122/><F122/><W69/><G69/><T70/><D70/><U46/><E5/><V115/><F125/><W124/><G124/><T48/><D107/><U43/><E80/><V132/><F132/><W123/><G123/><T78/><D126/><U27/><E27/><V40/><F92/><W4/><G58/><T19/><D78/><U113/><E119/><V23/><F83/><W2/><G8/><T90/><D114/><N who="2" m="43562" /><F37/><W131/><G133/><T64/><D64/><U82/><E113/><V36/><F36/><W54/><G54/><T31/><D31/><U120/><E120/><V7/><F7/><W134/><G134/><T110/><D110/><U18/><E135/><V101/><F101/><W41/><G26/><T0/><D0/><U25/><E25/><N who="2" m="14575" /><F51/><W30/><G30/><T99/><D99/><U16/><E82/><V77/><F77/><W109/><G35/><T127/><D127/><U57/><E105/><V95/><F95/><W86/><G109/><T1/><D1/><U97/><E104/><V6/><F6/><W96/><G38/><T79/><D79/><U13/><E97/><V22/><F22/><W61/><G61/><T63/><D63/><U47/><E18/><V32/><F32/><W11/><G11/><T60/><D60/><U45/><E16/><V24/><F24/><W129/><G39/><RYUUKYOKU ba="1,1" sc="234,-15,330,-15,205,15,221,15" hai2="40,42,49,53,62,65,68" hai3="2,4,9,41,86,88,93,94,96,103,128,129,131" /><INIT seed="7,2,1,4,3,55" ten="219,315,220,236" oya="3" hai0="103,78,60,36,117,98,93,28,81,32,122,46,22" hai1="88,62,89,9,131,21,64,128,75,15,58,126,68" hai2="45,107,6,90,95,133,17,79,33,0,110,72,99" hai3="41,10,83,48,106,20,26,109,134,96,123,42,67"/><W53/><G123/><T49/><D32/><U65/><E75/><V16/><F110/><W63/><G109/><T1/><D36/><U84/><E126/><V71/><F71/><W70/><G134/><T37/><D37/><U24/><E65/><V44/><F33/><W74/><G10/><T127/><D1/><U43/><E43/><V105/><F133/><W69/><G69/><T91/><D127/><U54/><E84/><V132/><F132/><W2/><G2/><T47/><D122/><U30/><E64/><V7/><F72/><W12/><G12/><T77/><D117/><U130/><E68/><V121/><F121/><W76/><G96/><T11/><D11/><U25/><E25/><V34/><F34/><W114/><G106/><T52/><D60/><U35/><E35/><V111/><F111/><W125/><G114/><T51/><D103/><U3/><E3/><V116/><F116/><W19/><G125/><T66/><D66/><U135/><E135/><V129/><F129/><W13/><G26/><N who="0" m="16471" /><D81/><U8/><E8/><V57/><F0/><W38/><G38/><T87/><D87/><U61/><E61/><V59/><F79/><W108/><G108/><T101/><D101/><U86/><E86/><V115/><F115/><W4/><G4/><AGARI ba="2,1" hai="4,9,15,21,24,30,54,58,62,88,89,128,130,131" machi="4" ten="40,5200,0" yaku="19,1,52,1,54,1" doraHai="55" who="1" fromWho="3" sc="219,0,315,68,220,0,236,-58" owari="219,-18.0,383,48.0,220,2.0,178,-32.0" /></mjloggm>