<mjloggm ver="2.3"><GO type="185" lobby="0"/><UN n0="%E3%81%BF%E3%83%BC%E3%82%8F" n1="%E5%86%AC%E6%A8%B9%E3%82%A4%E3%83%B4" n2="%58%65%6C%65%72%61%74%6F" n3="" dan="17,16,16,0" rate="2251.91,2167.02,2180.05,1500.00" sx="M,F,F,C"/><TAIKYOKU oya="0"/><INIT seed="0,0,0,0,3,36" ten="350,350,350,0" oya="0" hai0="66,84,61,100,54,120,94,48,129,127,95,125,75" hai1="73,32,79,108,131,121,0,64,117,126,47,43,85" hai2="68,2,86,39,122,132,97,55,50,60,62,70,88" hai3=""/><T134/><N who="0" m="30752" /><T93/><D129/><U116/><N who="1" m="31008" /><U72/><E0/><V135/><N who="2" m="31264" /><V112/><F97/><T91/><D134/><N who="2" m="51242" /><F2/><T109/><D75/><U114/><E131/><V96/><F96/><T78/><D109/><U42/><E32/><V92/><F39/><T104/><D78/><U53/><E108/><V33/><F112/><T37/><D37/><U74/><E114/><V133/><N who="2" m="51250" /><V76/><DORA hai="46" /><F76/><T124/><D104/><U69/><E126/><V90/><F90/><T77/><D100/><U52/><E117/><V118/><F33/><T102/><D102/><U49/><E116/><V107/><F107/><T58/><REACH who="0" step="1"/><D77/><REACH who="0" ten="340,350,350,0" step="2"/><U105/><E105/><V63/><F118/><T51/><D51/><U83/><REACH who="1" step="1"/><E53/><REACH who="1" ten="340,340,350,0" step="2"/><V82/><F55/><T99/><D99/><U119/><E119/><V67/><F67/><T87/><D87/><U71/><E71/><AGARI ba="0,2" hai="48,54,58,61,66,71,84,91,93,94,95,124,125,127" m="30752" machi="71" ten="40,24000,3" yaku="1,1,18,1,52,2,53,4" doraHai="36,46" doraHaiUra="57,89" who="0" fromWho="1" sc="340,260,340,-240,350,0,0,0" /><INIT seed="0,1,0,2,3,116" ten="600,100,350,0" oya="0" hai0="46,98,133,70,121,34,97,76,105,115,63,51,93" hai1="50,40,118,38,64,107,1,123,53,44,72,2,79" hai2="56,90,73,113,36,41,66,134,85,111,120,130,100" hai3=""/><T49/><N who="0" m="31008" /><T80/><D115/><U43/><N who="1" m="31520" /><U114/><E118/><V39/><N who="2" m="30752" /><V81/><F113/><T58/><D34/><U94/><E114/><V117/><F117/><T96/><D133/><U126/><E107/><V131/><F134/><T45/><D70/><U32/><E32/><V129/><F111/><T37/><D37/><U59/><E126/><V57/><F73/><T132/><D132/><U110/><E110/><V88/><F100/><T61/><D105/><U91/><E79/><V82/><F66/><T65/><D63/><U55/><E72/><V54/><F41/><T69/><D93/><U48/><E43/><V83/><F57/><T102/><D102/><U124/><E64/><V135/><F135/><T108/><D108/><U127/><E127/><V42/><F42/><T33/><D33/><U95/><E124/><V78/><F36/><T0/><D0/><U101/><E101/><V74/><F39/><T84/><D69/><U68/><E68/><V119/><F119/><T99/><N who="0" m="24576" /><DORA hai="52" /><T62/><D62/><U125/><E125/><V71/><F71/><T103/><D103/><U75/><E75/><V3/><F3/><T89/><D76/><U109/><E109/><V47/><F78/><RYUUKYOKU ba="1,0" sc="600,20,100,-10,350,-10,0,0" hai0="45,46,49,51,58,61,65,80,84,89" /><INIT seed="0,2,0,2,0,47" ten="620,90,340,0" oya="0" hai0="126,83,60,33,131,96,54,77,34,78,64,55,110" hai1="134,80,2,113,79,45,53,85,99,42,88,93,117" hai2="65,57,3,49,119,74,84,1,132,135,87,127,61" hai3=""/><T69/><D126/><U63/><E2/><V48/><F74/><T70/><D131/><U92/><E117/><V107/><F107/><T46/><D110/><U62/><E134/><N who="2" m="51243" /><F119/><T118/><D118/><U112/><E92/><V121/><N who="2" m="31008" /><V94/><F127/><T67/><D96/><U125/><E125/><V98/><F87/><T76/><D83/><U95/><E95/><V108/><F84/><T130/><D130/><U52/><E62/><V115/><F115/><N who="1" m="44105" /><E63/><V37/><F37/><AGARI ba="2,0" hai="37,42,45,52,53,79,80,85,88,93,99" m="44105" machi="37" ten="30,3900,0" yaku="11,1,54,2" doraHai="47" who="1" fromWho="2" sc="620,0,90,43,340,-43,0,0" /><INIT seed="1,0,0,0,1,55" ten="620,133,297,0" oya="1" hai0="122,103,135,124,65,77,52,98,69,95,97,94,76" hai1="84,60,92,93,109,88,50,117,1,132,113,79,45" hai2="116,120,91,33,80,75,47,39,85,83,82,125,34" hai3=""/><U58/><E113/><V46/><N who="2" m="30752" /><V129/><F116/><T64/><N who="0" m="31264" /><T90/><D135/><U44/><E117/><V36/><F129/><T0/><D0/><U66/><E1/><V111/><F111/><T42/><D124/><U128/><E132/><V73/><F125/><T32/><D32/><U127/><E128/><V107/><F107/><T81/><D42/><U57/><E127/><V70/><F70/><T99/><D97/><U54/><E109/><V61/><F61/><T49/><D69/><U123/><N who="1" m="31520" /><U38/><E38/><N who="2" m="14379" /><F91/><T51/><D51/><U104/><E104/><V101/><F85/><T133/><D133/><U119/><E119/><V71/><F101/><T78/><REACH who="0" step="1"/><D81/><REACH who="0" ten="610,133,297,0" step="2"/><U134/><E134/><V63/><F82/><T131/><D131/><U110/><E110/><V40/><F80/><T3/><D3/><U105/><E105/><V130/><F83/><T37/><D37/><U62/><E79/><V41/><F130/><T56/><AGARI ba="0,1" hai="49,52,56,64,65,76,77,78,90,94,95,98,99,103" m="31264" machi="56" ten="30,9000,2" yaku="1,1,0,1,8,1,52,2,54,1,53,0" doraHai="55" doraHaiUra="114" who="0" fromWho="0" sc="610,100,133,-60,297,-30,0,0" /><INIT seed="2,0,0,3,5,0" ten="710,73,267,0" oya="2" hai0="51,36,60,37,117,42,114,74,94,59,39,43,3" hai1="122,106,48,58,133,127,113,78,79,71,85,70,65" hai2="76,103,55,93,96,69,120,105,1,83,32,86,77" hai3=""/><V111/><N who="2" m="30752" /><V46/><F1/><T90/><D3/><U101/><N who="1" m="31264" /><U109/><E113/><V88/><F111/><T116/><D74/><U89/><E109/><V52/><F32/><T130/><D130/><U112/><E112/><V91/><F69/><T2/><D2/><U47/><E127/><V129/><F129/><T124/><D114/><U38/><E133/><V87/><F46/><T97/><D124/><U80/><E38/><V62/><F62/><T35/><D35/><U44/><E71/><V98/><F77/><T49/><D90/><U118/><E70/><V84/><F98/><T63/><D94/><AGARI ba="0,0" hai="52,55,76,83,84,86,87,88,91,93,94,96,103,105" m="30752" machi="94" ten="30,12000,1" yaku="7,1,9,1,52,1,54,2" doraHai="0" who="2" fromWho="0" sc="710,-120,73,0,267,120,0,0" /><INIT seed="2,1,0,0,3,116" ten="590,73,387,0" oya="2" hai0="34,125,44,114,115,95,132,94,57,2,67,118,99" hai1="91,43,83,126,63,128,42,35,68,98,69,52,89" hai2="40,92,49,100,84,119,53,3,76,102,48,32,104" hai3=""/><V109/><F119/><T129/><D2/><U1/><E35/><V81/><F3/><T101/><D34/><U56/><E1/><V131/><F32/><T130/><D118/><U134/><E128/><N who="0" m="49257" /><D132/><U79/><E134/><V135/><F135/><T71/><D125/><U93/><E126/><V70/><F131/><T107/><D44/><U90/><E69/><V0/><F0/><T117/><D117/><U88/><REACH who="1" step="1"/><E68/><REACH who="1" ten="590,63,387,0" step="2"/><V86/><F70/><T60/><D71/><U122/><N who="1" m="31264" /><U96/><E96/><V58/><F109/><T80/><D115/><U110/><E110/><V61/><F104/><T106/><D107/><U123/><N who="1" m="31520" /><U66/><E66/><V103/><F40/><T74/><D114/><U73/><AGARI ba="1,1" hai="42,43,52,56,63,73,79,83,88,89,90,91,93,98" m="31520,31264" machi="73" ten="30,12000,3" yaku="1,1,0,1,52,4,54,2,53,1" doraHai="116" doraHaiUra="72" who="1" fromWho="1" sc="590,-41,63,132,387,-81,0,0" /><INIT seed="4,0,0,2,0,62" ten="549,195,306,0" oya="0" hai0="37,71,80,94,47,51,97,133,84,1,59,42,96" hai1="50,45,74,87,130,53,40,126,86,49,78,36,65" hai2="122,113,72,124,68,33,95,91,115,69,75,123,131" hai3=""/><T67/><D1/><U114/><E126/><V106/><N who="2" m="31264" /><V121/><N who="2" m="31008" /><V41/><N who="2" m="31520" /><V55/><F33/><T38/><D133/><U48/><E130/><V57/><F41/><T102/><D71/><N who="2" m="27210" /><F106/><T39/><D97/><U58/><E114/><N who="2" m="43531" /><F124/><T32/><D32/><U93/><E74/><V100/><F100/><T125/><D125/><U61/><E78/><V117/><F117/><T135/><D135/><U85/><REACH who="1" step="1"/><E93/><REACH who="1" ten="549,185,306,0" step="2"/><V118/><F131/><T70/><D94/><U129/><E129/><V104/><F118/><T134/><D134/><U44/><AGARI ba="0,1" hai="36,40,44,45,48,49,50,53,58,61,65,85,86,87" machi="44" ten="30,9000,2" yaku="1,1,0,1,52,1,53,3" doraHai="62" doraHaiUra="82" who="1" fromWho="1" sc="549,-60,185,100,306,-30,0,0" /><INIT seed="5,0,0,1,2,41" ten="489,285,276,0" oya="1" hai0="59,102,80,82,126,84,86,130,115,135,36,119,65" hai1="95,85,74,64,106,68,35,43,57,99,32,114,71" hai2="47,79,3,76,116,97,46,70,105,54,127,118,100" hai3=""/><U37/><E74/><V55/><F70/><T50/><D36/><U78/><E106/><V131/><F127/><T104/><D126/><U51/><E37/><V45/><F131/><T98/><D130/><U111/><E71/><V108/><F108/><T83/><D115/><U125/><E125/><V53/><REACH who="2" step="1"/><F3/><REACH who="2" ten="489,285,266,0" step="2"/><T52/><D135/><U110/><E110/><V93/><F93/><T92/><D119/><AGARI ba="0,1" hai="45,46,47,53,54,55,76,79,97,100,105,116,118,119" machi="119" ten="50,8000,1" yaku="1,1,52,3,53,0" doraHai="41" doraHaiUra="39" who="2" fromWho="0" sc="489,-80,285,0,266,90,0,0" /><INIT seed="6,0,0,3,3,36" ten="409,285,356,0" oya="2" hai0="79,96,65,82,99,58,34,88,118,40,80,69,135" hai1="122,66,74,114,124,45,60,121,0,49,95,120,68" hai2="61,113,70,127,52,83,48,100,90,53,64,130,67" hai3=""/><V119/><F119/><T112/><D118/><U57/><N who="1" m="30752" /><U37/><N who="1" m="31008" /><U108/><N who="1" m="31264" /><U101/><E0/><V73/><F113/><T131/><D34/><U91/><E114/><V86/><F130/><T33/><D112/><U41/><E108/><V47/><F127/><T78/><D33/><U1/><E124/><V3/><F3/><T94/><D69/><U98/><E1/><V89/><F73/><T110/><D110/><U43/><E74/><V42/><F100/><T109/><D109/><U133/><E133/><V81/><F64/><T55/><D40/><U38/><E68/><V106/><F106/><T115/><D115/><U35/><E35/><V116/><F116/><T51/><D135/><U72/><E72/><V104/><F104/><T132/><D131/><U123/><N who="1" m="31520" /><U84/><E43/><V75/><F75/><T111/><D111/><U62/><E62/><V46/><F47/><T44/><D132/><U128/><E128/><V129/><F129/><T105/><D44/><U102/><E102/><V85/><AGARI ba="0,0" hai="42,46,48,52,53,61,67,70,81,83,85,86,89,90" machi="85" ten="30,7800,0" yaku="0,1,9,1,52,1,54,1" doraHai="36" who="2" fromWho="2" sc="409,-39,285,-39,356,78,0,0" owari="370,-3.0,246,-35.0,434,38.0,0,0.0" /></mjloggm>