<mjloggm ver="2.3"><GO type="169" lobby="0"/><UN n0="%4B%57" n1="%E4%BF%BA%54%55%45%45%45%45%45" n2="%79%6F%75%61%6C%70%68%61" n3="%E5%BD%97%E6%98%9F%E5%85%A5%E3%83%92%E3%82%B3" dan="16,18,17,16" rate="2039.34,2240.56,2140.97,2126.37" sx="M,F,M,M"/><TAIKYOKU oya="0"/><INIT seed="0,0,0,0,4,132" ten="250,250,250,250" oya="0" hai0="120,92,32,18,62,81,124,74,116,3,34,90,125" hai1="130,24,33,57,55,2,28,19,6,53,8,85,88" hai2="65,35,4,108,114,87,13,45,93,43,14,22,16" hai3="73,30,31,111,86,44,52,131,134,63,20,119,51"/><T54/><D116/><U110/><E110/><V94/><F114/><W133/><G119/><T115/><D115/><U47/><E130/><V66/><F35/><W117/><G117/><T9/><D120/><U64/><E47/><V11/><F108/><W39/><G131/><T77/><D54/><U83/><REACH who="1" step="1"/><E19/><REACH who="1" ten="250,240,250,250" step="2"/><V72/><F72/><W23/><G111/><T104/><D104/><U78/><E78/><V48/><REACH who="2" step="1"/><F87/><REACH who="2" ten="250,240,240,250" step="2"/><W99/><G86/><T112/><D112/><U89/><E89/><V17/><F17/><W82/><G73/><T106/><D18/><U60/><AGARI ba="0,2" hai="2,6,8,24,28,33,53,55,57,60,64,83,85,88" machi="60" ten="30,7900,0" yaku="1,1,0,1,54,1,53,1" doraHai="132" doraHaiUra="0" who="1" fromWho="1" sc="250,-39,240,99,240,-20,250,-20" /><INIT seed="1,0,0,3,2,26" ten="211,339,220,230" oya="1" hai0="130,54,114,4,12,95,24,19,35,129,93,78,69" hai1="116,76,37,82,39,16,106,61,74,105,115,86,100" hai2="88,77,107,121,59,101,111,84,104,98,122,66,28" hai3="11,131,109,99,113,79,22,7,63,31,132,17,51"/><U52/><E115/><V90/><F66/><W20/><G113/><T42/><D114/><U56/><E116/><V2/><F2/><W29/><G109/><T120/><D69/><U43/><E74/><V45/><F111/><W44/><G131/><N who="0" m="50187" /><D42/><U68/><E68/><V30/><F59/><W125/><G125/><T34/><D78/><U135/><E135/><V70/><F70/><W80/><G132/><T60/><D4/><U57/><E57/><V15/><F77/><W81/><G99/><T73/><D73/><U9/><E100/><V32/><F32/><W92/><G92/><T53/><D60/><U119/><E119/><V83/><F104/><W103/><G103/><T87/><D87/><U91/><E76/><V67/><F67/><W133/><G63/><T126/><D126/><U27/><E43/><V3/><F3/><W112/><G112/><T94/><D120/><U117/><E117/><V97/><F121/><W0/><G133/><T10/><D24/><U5/><E39/><V46/><F122/><W62/><G62/><T108/><D108/><U47/><E37/><V127/><F127/><W6/><G6/><T50/><D54/><U18/><E5/><V72/><F72/><W64/><G64/><T14/><D12/><U128/><E128/><V48/><F15/><N who="3" m="9279" /><G22/><T55/><D55/><N who="1" m="33951" /><E9/><V65/><F65/><W89/><G89/><T134/><D134/><U49/><E27/><V41/><REACH who="2" step="1"/><F46/><AGARI ba="0,0" hai="10,14,19,34,35,46,50,53,93,94,95" m="50187" machi="46" ten="30,1000,0" yaku="19,1" doraHai="26" who="0" fromWho="2" sc="211,10,339,0,220,-10,230,0" /><INIT seed="2,0,0,1,3,93" ten="221,339,210,230" oya="2" hai0="111,91,96,123,115,19,105,126,118,18,113,40,46" hai1="63,51,22,61,127,116,54,104,44,90,35,128,45" hai2="76,95,108,16,129,57,103,24,49,31,58,106,85" hai3="7,25,102,26,73,66,4,60,53,135,88,30,38"/><V83/><F129/><W17/><G73/><T92/><D123/><U119/><E35/><V98/><F108/><W1/><G38/><T100/><D111/><U34/><E34/><V74/><F31/><W32/><G135/><T122/><D126/><U11/><E127/><V84/><F84/><W50/><G1/><T82/><D118/><U71/><E104/><V121/><F121/><W78/><G78/><T12/><D82/><U36/><E22/><N who="2" m="13383" /><F49/><W70/><G102/><T52/><D122/><U87/><E128/><V81/><F81/><W15/><G26/><T42/><D42/><N who="1" m="22599" /><E90/><AGARI ba="0,0" hai="57,58,74,76,83,85,90,95,98,103,106" m="13383" machi="90" ten="30,5800,0" yaku="24,1,52,1,54,1" doraHai="93" who="2" fromWho="1" sc="221,0,339,-58,210,58,230,0" /><INIT seed="2,1,0,4,3,108" ten="221,281,268,230" oya="2" hai0="6,91,44,0,76,56,24,115,26,71,43,129,98" hai1="106,100,103,23,57,22,35,53,122,94,15,124,86" hai2="36,21,9,113,32,74,63,121,135,123,105,37,62" hai3="109,17,102,18,20,120,111,110,25,81,92,38,33"/><V132/><F32/><W99/><G120/><N who="2" m="46153" /><F21/><W12/><G38/><N who="2" m="14953" /><F9/><W30/><G81/><T72/><D71/><U116/><E124/><V41/><F105/><W45/><G45/><T101/><D129/><U97/><E116/><V28/><F28/><W52/><G52/><T88/><D56/><U93/><E35/><V48/><F74/><W51/><G51/><T7/><D72/><U77/><E122/><V8/><F8/><W1/><REACH who="3" step="1"/><G18/><REACH who="3" ten="221,281,268,220" step="2"/><T75/><D44/><U16/><E53/><V13/><F48/><W112/><G112/><T54/><D115/><U90/><E77/><V117/><F113/><W64/><G64/><T128/><D54/><U5/><E5/><V58/><F117/><W96/><G96/><T126/><D98/><U31/><E106/><V14/><F41/><W85/><G85/><T11/><D43/><U60/><E97/><V50/><F50/><W46/><G46/><T61/><D76/><U29/><E86/><V125/><F125/><W67/><G67/><T65/><D126/><U49/><E49/><V39/><F39/><W19/><G19/><T83/><D7/><U78/><E78/><V40/><F40/><W118/><G118/><T87/><D65/><U70/><E16/><V134/><F58/><W55/><G55/><T27/><D87/><U47/><E57/><V130/><F130/><W69/><G69/><T79/><D128/><U73/><E70/><V104/><F104/><W89/><G89/><T10/><D91/><U2/><E47/><V84/><F84/><W3/><AGARI ba="1,1" hai="1,3,12,17,20,25,30,33,92,99,102,109,110,111" machi="3" ten="40,5200,0" yaku="1,1,0,1,14,1,53,0" doraHai="108" doraHaiUra="68" who="3" fromWho="3" sc="221,-14,281,-14,268,-27,220,65" /><INIT seed="3,0,0,2,5,12" ten="207,267,241,285" oya="3" hai0="113,35,127,7,91,6,86,95,53,44,1,134,133" hai1="87,47,88,20,34,43,75,40,59,15,17,111,33" hai2="96,84,74,118,79,56,116,105,135,8,83,21,82" hai3="32,102,10,109,76,14,112,72,4,121,16,70,94"/><W37/><G112/><T36/><D113/><U106/><E111/><V107/><F8/><W114/><G114/><T115/><D115/><U39/><E75/><V90/><F21/><W100/><G121/><T19/><D35/><U101/><E43/><V31/><F31/><W30/><G70/><T22/><D127/><U41/><E41/><V110/><F56/><W63/><G37/><T58/><D36/><U5/><E5/><V98/><F110/><W66/><G109/><T46/><D46/><U125/><E125/><V11/><F11/><W93/><G76/><T61/><D44/><U49/><E101/><V25/><F25/><W50/><G72/><T130/><D130/><U122/><E106/><N who="2" m="40459" /><F135/><N who="0" m="51722" /><D1/><U128/><E128/><V78/><F78/><W23/><G50/><T55/><D55/><N who="1" m="32239" /><E122/><V126/><F126/><W2/><G102/><T51/><D61/><U45/><E45/><V38/><F38/><W124/><G100/><T89/><D89/><U104/><E104/><V27/><F27/><AGARI ba="0,0" hai="6,7,19,22,27,51,53,58,86,91,95" m="51722" machi="27" ten="30,2000,0" yaku="20,1,52,1" doraHai="12" who="0" fromWho="2" sc="207,20,267,0,241,-20,285,0" /><INIT seed="4,0,0,1,1,27" ten="227,267,221,285" oya="0" hai0="33,4,15,77,83,104,65,98,114,16,24,112,82" hai1="50,103,8,20,128,122,48,30,19,56,129,86,109" hai2="107,44,81,93,23,69,130,61,10,14,133,84,132" hai3="100,39,60,28,67,63,49,2,101,97,9,126,7"/><T32/><D4/><U121/><E103/><V45/><F107/><W91/><G126/><T76/><D65/><U55/><E86/><V6/><F130/><N who="1" m="50281" /><E109/><V78/><F93/><W58/><G39/><T105/><D98/><U95/><E95/><V34/><F34/><N who="0" m="13418" /><D24/><N who="1" m="16647" /><E50/><V36/><F23/><W62/><G49/><T31/><D31/><U52/><E55/><V127/><F127/><W64/><G28/><T94/><D94/><U54/><E54/><V35/><F35/><W108/><G108/><T123/><D123/><N who="1" m="47115" /><E8/><V118/><F36/><W47/><G47/><T25/><D105/><U40/><E19/><V46/><F69/><W96/><G91/><T29/><D104/><U3/><E3/><V72/><F61/><W13/><G2/><T74/><D83/><U75/><E75/><V59/><F59/><N who="3" m="36895" /><G63/><T73/><D77/><U51/><E51/><V0/><F72/><W22/><G100/><T135/><D74/><U87/><E87/><V80/><F80/><W57/><G57/><T119/><D82/><U110/><E110/><V85/><F85/><W124/><G101/><T26/><D76/><U125/><E125/><V116/><REACH who="2" step="1"/><F0/><REACH who="2" ten="227,267,211,285" step="2"/><W111/><G124/><T17/><D73/><U79/><E40/><V43/><F43/><W90/><G111/><T102/><D102/><U12/><E12/><V53/><F53/><W106/><G106/><T89/><D15/><U11/><E11/><V131/><F131/><W88/><G22/><T115/><D115/><U41/><E41/><V42/><F42/><W92/><G92/><T66/><D114/><U99/><E99/><RYUUKYOKU ba="0,1" sc="227,-30,267,10,211,10,285,10" hai1="48,52,56,79" hai2="6,10,14,44,45,46,78,81,84,116,118,132,133" hai3="7,9,13,58,62,67,88,90,96,97" /><INIT seed="5,1,1,4,0,49" ten="197,277,221,295" oya="1" hai0="46,84,83,119,121,36,88,82,35,10,25,38,75" hai1="97,126,90,108,72,43,7,131,61,87,3,74,111" hai2="99,95,103,11,112,30,54,4,40,123,32,24,127" hai3="1,67,0,135,62,60,91,59,76,81,20,85,44"/><U13/><E3/><V92/><F123/><W122/><G122/><T65/><D121/><U2/><E2/><V6/><F127/><W53/><G135/><T133/><D119/><U22/><E43/><V120/><F120/><W29/><G76/><T104/><D133/><U71/><E97/><V98/><F112/><W27/><REACH who="3" step="1"/><G44/><REACH who="3" ten="197,277,221,285" step="2"/><T51/><D46/><U33/><E126/><V114/><F114/><W70/><AGARI ba="1,2" hai="0,1,20,27,29,53,59,60,62,67,70,81,85,91" machi="70" ten="20,8000,1" yaku="1,1,2,1,0,1,7,1,52,1,53,0" doraHai="49" doraHaiUra="109" who="3" fromWho="3" sc="197,-21,277,-41,221,-21,285,103" /><INIT seed="6,0,0,0,4,41" ten="176,236,200,388" oya="2" hai0="50,71,29,129,89,135,125,109,75,120,6,95,39" hai1="34,5,0,22,104,105,133,81,73,14,11,7,134" hai2="121,69,36,57,17,110,113,48,53,65,111,103,91" hai3="96,70,92,115,59,30,119,76,46,67,77,84,87"/><V23/><F121/><W128/><G70/><T21/><D120/><U10/><E34/><V107/><F107/><W24/><G119/><T112/><D109/><N who="2" m="41482" /><F103/><W63/><G128/><T93/><D39/><U118/><E118/><V60/><F91/><W26/><G115/><T3/><D71/><U47/><E22/><V64/><F23/><N who="3" m="15647" /><G26/><T13/><D75/><U16/><E5/><V68/><F17/><W83/><G46/><T98/><D112/><U127/><E127/><V88/><F88/><N who="3" m="51231" /><G87/><T4/><D129/><U61/><E47/><N who="2" m="27807" /><F113/><W31/><G31/><T25/><D125/><U32/><E32/><V72/><F72/><W40/><G40/><T51/><D3/><U116/><E116/><V78/><F78/><W126/><G126/><T90/><D135/><N who="1" m="51723" /><E81/><V38/><F69/><W44/><G77/><T117/><D117/><U94/><E94/><V80/><F80/><W106/><G76/><T101/><D101/><U2/><E73/><V85/><F85/><W1/><G106/><N who="1" m="41066" /><E0/><V122/><F122/><W131/><G1/><T124/><D124/><U58/><E7/><N who="0" m="2601" /><D13/><U123/><E123/><V132/><F132/><W43/><G131/><T15/><D15/><U66/><E2/><V74/><F74/><W18/><G18/><T114/><D114/><U86/><E10/><V9/><F9/><W37/><G92/><T35/><D35/><U42/><E86/><AGARI ba="0,0" hai="21,25,29,50,51,86,89,90,93,95,98" m="2601" machi="86" ten="30,1000,0" yaku="8,1" doraHai="41" who="0" fromWho="1" sc="176,10,236,-10,200,0,388,0" /><INIT seed="7,0,0,3,4,104" ten="186,226,200,388" oya="3" hai0="111,64,133,35,22,88,24,16,43,70,49,106,109" hai1="83,10,105,55,21,100,76,126,1,96,54,47,77" hai2="25,65,62,11,30,82,80,75,69,101,89,38,4" hai3="12,3,58,8,134,125,117,73,34,94,52,33,107"/><W32/><G73/><T66/><D106/><U74/><E76/><V124/><F38/><W17/><G107/><T81/><D35/><U78/><E78/><V28/><F124/><W37/><G125/><T13/><D133/><U98/><E126/><V50/><F75/><W60/><G134/><T0/><D0/><U53/><E96/><V118/><F118/><W128/><G37/><T103/><D103/><U61/><E21/><V87/><F101/><W85/><G117/><T23/><D70/><U63/><REACH who="1" step="1"/><E47/><REACH who="1" ten="186,216,200,388" step="2"/><V119/><F119/><W116/><G34/><T84/><D111/><U15/><E15/><V56/><F25/><W71/><G33/><T123/><D109/><U135/><E135/><V120/><F120/><W31/><G32/><T92/><D123/><U14/><E14/><V108/><F108/><W45/><G12/><T114/><D114/><U72/><E72/><V95/><F11/><W97/><G97/><N who="0" m="57479" /><D43/><U115/><E115/><V93/><F87/><W59/><G85/><T51/><D66/><U46/><E46/><V5/><F65/><W6/><G45/><T39/><D64/><U48/><E48/><V68/><F50/><W20/><G116/><T102/><D39/><U99/><E99/><V36/><F36/><W9/><G9/><T113/><D113/><U122/><E122/><V129/><F129/><W91/><G128/><T18/><D102/><U86/><E86/><V79/><F79/><AGARI ba="0,1" hai="13,16,18,22,23,24,49,51,79,81,84" m="57479" machi="79" ten="30,3900,0" yaku="8,1,54,2" doraHai="104" who="0" fromWho="2" sc="186,49,216,0,200,-39,388,0" owari="235,4.0,216,-18.0,161,-34.0,388,48.0" /></mjloggm>