<mjloggm ver="2.3"><GO type="225" lobby="0"/><UN n0="%E8%83%83%E3%81%A8%E8%85%B8" n1="%E3%81%AB%E3%82%83%EF%BD%9E%E3%81%8A" n2="%E4%B8%89%E5%86%A0%E7%8E%8B%E3%83%BB%E5%B1%B1%E7%94%B0%E5%93%B2%E4%BA%BA" n3="%E3%83%B4%E3%83%A0%EF%BC%99%E3%81%A6" dan="18,16,17,17" rate="2254.50,2139.24,2217.90,2213.56" sx="M,M,M,M"/><TAIKYOKU oya="0"/><INIT seed="0,0,0,3,1,121" ten="250,250,250,250" oya="0" hai0="74,133,33,70,20,105,7,119,122,130,2,59,135" hai1="37,93,112,28,94,48,62,12,47,106,124,76,11" hai2="14,96,125,41,128,111,5,92,22,108,75,15,129" hai3="77,18,120,78,55,116,90,60,66,73,26,89,16"/><T69/><RYUUKYOKU type="yao9" ba="0,0" sc="250,0,250,0,250,0,250,0" hai0="2,7,20,33,59,69,70,74,105,119,122,130,133,135" /><INIT seed="0,1,0,3,5,27" ten="250,250,250,250" oya="0" hai0="23,124,13,61,117,46,14,123,115,64,70,84,37" hai1="127,102,83,28,30,36,71,94,63,42,22,33,122" hai2="1,74,129,41,85,72,57,89,104,96,116,125,10" hai3="39,29,2,0,98,90,6,106,9,56,108,79,87"/><T101/><D115/><U8/><E122/><V97/><F41/><W17/><G39/><T54/><D123/><U59/><E71/><V80/><F57/><W76/><G0/><T109/><D117/><U65/><E33/><V50/><F50/><W113/><G113/><T68/><D124/><U7/><E127/><V128/><F10/><W45/><G45/><T95/><D68/><U19/><E42/><V49/><F49/><W51/><G17/><T120/><D120/><U25/><E36/><V88/><F1/><W5/><G5/><T21/><D109/><U86/><E94/><N who="2" m="56399" /><F125/><W66/><G66/><T52/><D37/><U119/><E102/><N who="2" m="62543" /><F116/><W4/><G4/><T78/><D46/><U55/><E65/><V62/><F62/><W107/><G51/><T24/><D101/><U11/><E119/><V73/><AGARI ba="1,0" hai="72,73,74,80,85,88,128,129" m="62543,56399" machi="73" ten="40,5200,0" yaku="34,2,54,1" doraHai="27" who="2" fromWho="2" sc="250,-27,250,-14,250,55,250,-14" /><INIT seed="1,0,0,3,2,10" ten="223,236,305,236" oya="1" hai0="20,115,133,126,82,94,100,55,54,61,95,2,83" hai1="129,12,118,85,110,36,45,11,78,117,130,89,57" hai2="127,33,88,93,131,22,25,111,75,31,16,90,103" hai3="102,77,56,34,52,121,3,91,64,84,51,101,107"/><U116/><E78/><V39/><F75/><W87/><G121/><T4/><D115/><U71/><E71/><V60/><F111/><W13/><G3/><T53/><D126/><U19/><E110/><V0/><F127/><W135/><G34/><T14/><D133/><U113/><E113/><V69/><F39/><W41/><G135/><T128/><D128/><U5/><E57/><V24/><F131/><N who="1" m="50185" /><E45/><V104/><F0/><W92/><G107/><T105/><D105/><U17/><E36/><V8/><F8/><W47/><G64/><T112/><D112/><U28/><E28/><V68/><F93/><AGARI ba="0,0" hai="5,11,12,17,19,85,89,93,116,117,118" m="50185" machi="93" ten="40,3900,0" yaku="19,1,52,1" doraHai="10" who="1" fromWho="2" sc="223,0,236,39,305,-39,236,0" /><INIT seed="1,1,0,4,0,27" ten="223,275,266,236" oya="1" hai0="86,123,33,108,112,38,23,57,67,34,66,124,17" hai1="58,72,114,94,46,25,113,48,122,85,71,4,28" hai2="110,134,24,84,69,70,80,92,15,107,5,68,117" hai3="14,36,29,131,20,1,89,60,128,45,121,96,21"/><U78/><E71/><V95/><F107/><W61/><G1/><T22/><D112/><U97/><E122/><V51/><F117/><W37/><G121/><T118/><D123/><U129/><E72/><V98/><F110/><W115/><G14/><T101/><D118/><U90/><E129/><V52/><F134/><W73/><G73/><T111/><D38/><U102/><E78/><V54/><F5/><W26/><G115/><T63/><D124/><U44/><E4/><V10/><F24/><W82/><G20/><T132/><D132/><U32/><E58/><V2/><F2/><W133/><G133/><T19/><D101/><U77/><E77/><V127/><F127/><W64/><G45/><T8/><D86/><U50/><E46/><V99/><F10/><W35/><G35/><T116/><D8/><U7/><E7/><V106/><F15/><W120/><G61/><T47/><D47/><U40/><REACH who="1" step="1"/><E50/><REACH who="1" ten="223,265,266,236" step="2"/><V119/><F51/><W56/><G120/><T130/><D130/><U13/><E13/><V135/><F69/><W49/><G49/><T93/><D116/><U109/><E109/><V126/><F119/><W55/><G128/><T30/><D57/><U88/><E88/><V41/><F135/><W62/><G131/><T6/><D6/><U74/><E74/><V87/><F126/><W18/><G36/><T59/><D59/><U75/><E75/><V103/><F70/><N who="3" m="42247" /><G37/><T42/><D63/><U91/><E91/><V125/><F68/><W12/><G62/><T3/><D108/><U100/><E100/><V76/><F125/><W0/><G56/><RYUUKYOKU ba="1,1" sc="223,-10,265,30,266,-10,236,-10" hai1="25,28,32,40,44,48,85,90,94,97,102,113,114" /><INIT seed="1,2,1,5,3,123" ten="213,295,256,226" oya="1" hai0="80,7,77,72,78,93,60,2,85,57,102,49,82" hai1="90,81,39,106,83,44,51,56,40,100,117,33,111" hai2="122,32,26,108,35,52,0,121,109,8,28,89,42" hai3="114,95,48,133,58,110,105,20,79,73,11,65,132"/><U10/><E117/><V29/><F42/><W24/><G114/><T107/><D2/><U38/><E33/><N who="2" m="12875" /><F52/><N who="3" m="32007" /><G105/><T135/><D7/><U54/><E39/><V13/><F89/><W76/><G73/><T125/><D49/><U97/><E111/><N who="2" m="42571" /><F0/><W21/><G110/><T112/><D112/><U36/><E36/><V131/><F131/><W68/><G76/><T129/><D129/><U66/><E90/><V9/><F9/><W126/><G79/><T43/><D43/><U118/><E118/><V98/><F98/><W124/><G11/><T113/><D113/><U6/><REACH who="1" step="1"/><E66/><REACH who="1" ten="213,285,256,226" step="2"/><V5/><F29/><W101/><G65/><T115/><D115/><U130/><E130/><V84/><F84/><W25/><G124/><T4/><D125/><U92/><E92/><V23/><AGARI ba="2,2" hai="5,8,13,23,26,28,121,122" m="42571,12875" machi="23" ten="30,12000,2" yaku="14,1,34,2,52,3" doraHai="123" who="2" fromWho="2" sc="213,-32,285,-62,256,146,226,-32" /><INIT seed="2,0,0,0,3,127" ten="181,223,402,194" oya="2" hai0="56,117,114,0,34,77,48,45,60,53,79,113,55" hai1="88,75,86,28,7,107,87,42,21,125,36,124,47" hai2="37,33,73,38,116,24,112,135,69,76,15,70,22" hai3="126,16,74,1,25,103,132,131,108,66,98,59,40"/><V32/><F15/><W20/><G74/><T57/><D34/><U97/><E75/><V44/><F22/><W65/><G1/><T64/><D0/><U2/><E2/><V26/><F73/><W99/><G126/><N who="1" m="48746" /><E7/><V23/><F23/><W54/><G108/><T31/><D31/><U134/><E134/><V10/><F44/><W123/><G123/><T93/><D117/><U30/><E107/><V78/><F10/><W81/><G132/><T83/><D93/><N who="1" m="56487" /><E21/><V121/><F135/><W100/><G81/><T82/><D64/><N who="3" m="24681" /><G40/><T6/><D6/><U62/><E62/><V39/><F33/><W90/><G131/><T50/><D60/><U80/><E87/><V27/><F32/><W12/><G12/><T35/><D35/><U61/><E61/><V85/><F116/><W130/><G130/><T111/><REACH who="0" step="1"/><D45/><REACH who="0" ten="171,223,402,194" step="2"/><U3/><E3/><V95/><F121/><W67/><G67/><T8/><D8/><U17/><E17/><V71/><F70/><W9/><G9/><T58/><D58/><U46/><E46/><V4/><F71/><W129/><G129/><T91/><D91/><AGARI ba="0,1" hai="28,30,36,42,47,80,86,91" m="56487,48746" machi="91" ten="30,2000,0" yaku="18,1,54,1" doraHai="127" who="1" fromWho="0" sc="171,-20,223,30,402,0,194,0" /><INIT seed="3,0,0,0,4,31" ten="151,253,402,194" oya="3" hai0="83,18,135,103,30,70,56,64,38,112,80,107,91" hai1="108,29,98,87,121,24,86,127,68,119,89,48,132" hai2="4,75,47,105,43,85,78,96,88,39,46,22,6" hai3="123,100,2,3,128,16,51,110,113,7,37,52,10"/><W8/><G113/><T69/><D112/><U50/><E68/><V12/><F22/><W73/><G37/><T21/><D135/><U42/><E98/><V133/><F12/><W23/><G73/><T36/><D30/><U57/><E57/><V106/><F47/><W54/><G123/><T72/><D69/><U124/><E89/><V82/><F106/><W116/><G116/><T15/><D70/><U134/><E121/><V92/><F133/><N who="1" m="51305" /><E108/><V32/><F32/><W49/><G110/><T81/><D72/><U0/><E0/><V114/><F114/><W13/><G100/><AGARI ba="0,0" hai="4,6,39,43,46,75,78,82,85,88,92,96,100,105" machi="100" ten="40,5200,0" yaku="24,2,54,1" doraHai="31" who="2" fromWho="3" sc="151,0,253,0,402,52,194,-52" owari="151,-25.0,253,5.0,454,56.0,142,-36.0" /></mjloggm>