<mjloggm ver="2.3"><GO type="225" lobby="0"/><UN n0="%E3%81%AB%E3%82%83%EF%BD%9E%E3%81%8A" n1="%E5%85%B6%E7%82%BA%E5%8F%B3%E6%89%8B" n2="%E8%83%83%E3%81%A8%E8%85%B8" n3="%E4%B8%89%E5%86%A0%E7%8E%8B%E3%83%BB%E5%B1%B1%E7%94%B0%E5%93%B2%E4%BA%BA" dan="16,16,18,17" rate="2142.73,2156.98,2247.05,2226.19" sx="M,M,M,M"/><TAIKYOKU oya="0"/><INIT seed="0,0,0,0,0,23" ten="250,250,250,250" oya="0" hai0="54,27,55,10,16,121,22,105,38,1,37,0,60" hai1="47,123,30,12,70,75,74,117,24,59,44,4,51" hai2="88,78,127,131,91,15,26,28,87,77,21,116,82" hai3="67,34,129,101,36,25,86,48,39,113,130,63,96"/><T106/><D121/><U114/><E70/><V72/><F127/><W94/><G113/><T58/><D55/><N who="1" m="32255" /><E123/><V128/><F116/><W103/><G103/><T53/><D53/><U68/><E68/><V133/><F133/><W124/><G124/><T98/><D10/><N who="1" m="4167" /><E75/><V2/><F2/><W32/><G48/><T52/><D54/><U111/><E74/><V42/><F42/><W89/><G39/><T83/><D83/><U56/><E117/><V61/><F61/><W8/><G36/><T80/><D80/><U64/><E114/><V81/><REACH who="2" step="1"/><F15/><REACH who="2" ten="250,250,240,250" step="2"/><W6/><G63/><T40/><D40/><U66/><E111/><V49/><F49/><W84/><G130/><AGARI ba="0,1" hai="21,26,28,72,77,78,81,82,87,88,91,128,130,131" machi="130" ten="40,8000,1" yaku="1,1,19,1,52,1,54,1,53,1" doraHai="23" doraHaiUra="17" who="2" fromWho="3" sc="250,0,250,0,240,90,250,-80" /><INIT seed="1,0,0,1,1,3" ten="250,250,330,170" oya="1" hai0="101,26,80,1,106,57,128,53,45,119,135,38,34" hai1="68,0,116,61,121,27,51,132,103,93,98,127,8" hai2="60,17,82,122,99,115,131,88,102,123,15,7,2" hai3="87,36,69,55,25,129,39,114,5,111,118,73,94"/><U104/><E121/><V23/><F131/><W96/><G73/><T79/><D1/><U58/><E116/><V13/><F115/><W63/><G114/><T72/><D119/><U40/><E132/><V52/><F2/><W20/><G118/><T130/><D135/><U105/><E127/><V54/><F122/><W62/><G129/><N who="0" m="49771" /><D57/><U43/><E68/><V100/><F123/><W64/><G87/><T74/><D74/><U16/><E104/><V110/><F110/><W30/><G111/><T126/><D126/><U32/><E105/><V66/><F66/><W49/><G63/><T78/><D78/><U91/><E32/><V113/><F113/><W109/><G109/><T41/><D53/><N who="2" m="20586" /><F60/><W65/><G65/><T29/><D101/><U19/><E103/><V31/><F31/><W18/><G30/><T86/><D86/><U9/><E61/><V77/><F77/><W6/><G39/><T108/><D108/><U70/><E70/><V46/><F46/><W4/><G36/><T48/><D106/><U112/><E112/><V71/><F71/><W75/><G75/><T81/><D38/><U47/><E58/><V50/><F50/><W28/><G28/><T44/><D44/><U120/><E120/><V97/><F97/><W10/><G55/><T76/><D76/><U12/><E43/><V24/><F99/><W11/><REACH who="3" step="1"/><G49/><REACH who="3" ten="250,250,330,160" step="2"/><T22/><D34/><U95/><E40/><V37/><F37/><W89/><AGARI ba="0,1" hai="4,5,6,10,11,18,20,25,62,64,69,89,94,96" machi="89" ten="30,12000,2" yaku="1,1,2,1,0,1,52,3,53,0" doraHai="3" doraHaiUra="35" who="3" fromWho="3" sc="250,-30,250,-60,330,-30,160,130" /><INIT seed="2,0,0,1,5,100" ten="220,190,300,290" oya="2" hai0="47,1,23,46,66,32,111,106,8,61,104,53,110" hai1="41,39,90,107,30,6,13,92,62,4,127,72,54" hai2="74,64,85,108,7,35,103,99,81,59,129,2,10" hai3="98,51,96,83,79,45,65,24,49,123,0,116,55"/><V94/><F129/><W14/><G0/><T105/><D32/><U63/><E72/><V87/><F35/><W76/><G116/><T3/><D23/><U102/><E127/><V29/><F29/><W34/><G123/><T97/><D97/><N who="1" m="59687" /><E107/><V57/><F108/><N who="0" m="41514" /><D53/><U131/><E131/><V40/><F64/><W84/><G65/><T114/><D114/><U9/><E39/><V15/><F2/><N who="0" m="522" /><D8/><U19/><E41/><V128/><F128/><W28/><G79/><T44/><D44/><U58/><E30/><V52/><F40/><W70/><G70/><AGARI ba="0,0" hai="46,47,61,66,70,104,105,106" m="522,41514" machi="70" ten="40,8000,1" yaku="14,1,52,3" doraHai="100" who="0" fromWho="3" sc="220,80,190,0,300,0,290,-80" /><INIT seed="3,0,0,3,4,75" ten="300,190,300,210" oya="3" hai0="55,127,41,14,87,6,2,77,33,90,84,12,97" hai1="109,11,120,29,38,121,118,76,100,62,30,60,65" hai2="23,106,49,28,101,82,56,132,89,48,18,4,79" hai3="20,95,25,92,80,122,13,93,107,85,72,10,45"/><W40/><G107/><T99/><D33/><U116/><E38/><V5/><F132/><W42/><G72/><T135/><D135/><U61/><E65/><V94/><F28/><N who="1" m="10857" /><E100/><V44/><F101/><W3/><G3/><T104/><D104/><U27/><E27/><V91/><F106/><W59/><G122/><N who="1" m="47210" /><E11/><V114/><F114/><W111/><G111/><T131/><D41/><N who="3" m="15977" /><G45/><T98/><D2/><U71/><E71/><V70/><F70/><W133/><G133/><T105/><D105/><U103/><E103/><V108/><F108/><W86/><G59/><T58/><D58/><U115/><E109/><V129/><F56/><W126/><G126/><T69/><D127/><U22/><E22/><V1/><F23/><W51/><G51/><T125/><D69/><U7/><E7/><V119/><F4/><N who="3" m="3271" /><G80/><T16/><D125/><U47/><E47/><V37/><F82/><W21/><G20/><T117/><D6/><U53/><E53/><V124/><F5/><W34/><G34/><T110/><D55/><U123/><N who="1" m="47218" /><U78/><DORA hai="134" /><E115/><V15/><F44/><W74/><G74/><T64/><D110/><U9/><E9/><V68/><F124/><W102/><G102/><T0/><D0/><U88/><E88/><V73/><F89/><W8/><G8/><T113/><D90/><U57/><E57/><V35/><F91/><W130/><G86/><T31/><D87/><U43/><E43/><V112/><F112/><W81/><G85/><T96/><D84/><U66/><E66/><V63/><F68/><W36/><G36/><T19/><D113/><RYUUKYOKU ba="0,0" sc="300,-10,190,30,300,-10,210,-10" hai1="60,61,62,76,78,116,118" /><INIT seed="4,1,0,4,2,65" ten="290,220,290,200" oya="0" hai0="98,15,82,113,12,40,105,54,67,116,35,51,118" hai1="37,49,61,52,16,96,72,42,133,48,87,45,14" hai2="5,7,38,64,68,0,59,128,23,13,46,62,55" hai3="111,78,122,25,101,73,108,56,26,21,77,24,125"/><T121/><D121/><U119/><E72/><V89/><F0/><W3/><G122/><T20/><D35/><U53/><E119/><V102/><F128/><W50/><G3/><T117/><D113/><U88/><E133/><V22/><F102/><W100/><G125/><T33/><D33/><U103/><E37/><V130/><F130/><W109/><G21/><T47/><D67/><U126/><E126/><V63/><F89/><W114/><G114/><T18/><D82/><N who="1" m="49271" /><E61/><V41/><F22/><W43/><G73/><T106/><D98/><U115/><E115/><V131/><F131/><W83/><G83/><T34/><D34/><U30/><E30/><V10/><F23/><W39/><G39/><T31/><D31/><U71/><E71/><V70/><F70/><W60/><G43/><T93/><D93/><N who="1" m="58767" /><E49/><V134/><F134/><W19/><G19/><AGARI ba="1,0" hai="5,7,10,13,19,38,41,46,55,59,62,63,64,68" machi="19" ten="30,2000,0" yaku="7,1,52,1" doraHai="65" who="2" fromWho="3" sc="290,0,220,0,290,23,200,-23" owari="290,9.0,220,-18.0,313,41.0,177,-32.0" /></mjloggm>