<mjloggm ver="2.3"><GO type="169" lobby="0"/><UN n0="%E3%83%95%E3%82%A9%E3%82%B9%E3%82%BF%E3%83%BC" n1="%E9%9B%B6%E7%95%AA%E9%9A%8A%E9%9A%8A%E9%95%B7" n2="%E8%8C%B6%E8%89%B2%E3%81%AE%E3%82%A2%E3%83%AC" n3="%E9%81%8A%E3%81%B3%E5%BF%83" dan="16,18,17,18" rate="2087.51,2263.28,2182.84,2217.13" sx="M,M,M,M"/><TAIKYOKU oya="0"/><INIT seed="0,0,0,0,3,128" ten="250,250,250,250" oya="0" hai0="32,10,59,49,94,4,69,97,39,51,110,63,8" hai1="30,107,81,92,122,78,56,130,18,6,79,50,53" hai2="84,67,118,20,91,33,96,77,88,75,105,116,126" hai3="22,28,42,83,17,133,111,98,2,35,121,73,87"/><T93/><D39/><U27/><E122/><V72/><F33/><W82/><G2/><T40/><D32/><U108/><E130/><V46/><F67/><W101/><G82/><T114/><D114/><U120/><E107/><V102/><F46/><W117/><G73/><N who="2" m="28233" /><F20/><W11/><G35/><T47/><D110/><U48/><E108/><V129/><F129/><W37/><G117/><N who="2" m="45161" /><F126/><W61/><G61/><T38/><D93/><U13/><E6/><V55/><F55/><W23/><G11/><T34/><D34/><U12/><E30/><V62/><F62/><W5/><G23/><T74/><D74/><U60/><E27/><V0/><F0/><W131/><G42/><T26/><D26/><U41/><E13/><V100/><F100/><W90/><G28/><T106/><D69/><U123/><E12/><V104/><F104/><W89/><G5/><T45/><D106/><U52/><E18/><V124/><F124/><W70/><G70/><T99/><D38/><U135/><E60/><V85/><F85/><W64/><G37/><T68/><D68/><U71/><E71/><V134/><F134/><W57/><G133/><T14/><D10/><U95/><E41/><V113/><F113/><W109/><G131/><T36/><D36/><U43/><E43/><V132/><F132/><W125/><G125/><T44/><D44/><U7/><E135/><V80/><AGARI ba="0,0" hai="77,80,84,88,91,96,102,105" m="45161,28233" machi="80" ten="40,8000,1" yaku="12,1,34,2,54,1" doraHai="128" who="2" fromWho="2" sc="250,-40,250,-20,250,80,250,-20" /><INIT seed="1,0,0,0,2,11" ten="210,230,330,230" oya="1" hai0="46,107,123,16,24,115,38,0,110,53,37,28,84" hai1="20,80,40,114,117,6,112,31,124,132,127,39,135" hai2="90,108,12,36,27,29,81,47,10,50,74,64,134" hai3="54,4,61,22,131,98,73,8,33,75,51,5,99"/><U13/><E39/><V85/><F108/><W89/><G33/><T32/><D115/><N who="1" m="44075" /><E40/><V100/><F134/><N who="1" m="51241" /><E117/><V93/><F64/><W125/><G4/><T9/><D110/><U19/><E80/><V30/><F36/><W26/><G131/><T103/><D123/><U66/><E66/><V18/><F74/><W106/><G125/><N who="1" m="48202" /><E6/><V48/><F81/><W97/><G61/><T49/><D38/><U82/><E82/><V128/><F48/><W87/><G75/><T79/><D37/><U44/><E44/><V34/><F50/><W118/><G73/><T102/><D49/><U113/><N who="1" m="44083" /><U95/><DORA hai="63" /><E95/><V65/><F93/><W70/><G70/><T42/><D46/><U86/><E86/><V7/><F85/><W119/><G119/><T121/><D84/><U116/><E116/><V78/><F65/><W77/><G118/><T88/><D42/><U101/><E101/><V109/><F100/><W21/><G5/><T120/><D103/><U35/><E31/><V130/><F47/><W17/><G87/><T76/><D102/><U67/><E67/><V1/><F30/><W68/><G68/><T69/><D69/><U62/><E62/><V105/><F29/><W59/><G51/><T91/><D28/><U41/><E41/><V129/><F7/><W14/><G59/><T96/><D120/><U111/><E111/><V104/><F109/><W25/><G97/><T133/><D96/><U55/><E55/><V92/><F128/><W122/><G54/><T60/><D53/><U72/><E72/><V58/><F129/><W57/><G122/><RYUUKYOKU ba="0,0" sc="210,-10,230,30,330,-10,230,-10" hai1="13,19,20,35" /><INIT seed="1,1,0,5,5,108" ten="200,260,320,220" oya="1" hai0="114,106,88,26,43,126,134,7,15,13,64,14,22" hai1="112,56,21,104,86,11,129,27,105,76,98,107,128" hai2="50,78,101,17,92,20,12,116,58,44,119,115,99" hai3="34,127,3,89,33,25,130,79,60,93,82,124,111"/><U32/><E32/><V51/><F78/><W70/><G111/><T97/><D106/><U133/><E133/><V9/><F115/><W122/><G122/><T47/><D134/><U74/><E74/><V57/><F51/><W59/><G70/><T55/><D126/><N who="3" m="48169" /><G3/><T45/><D64/><U67/><E11/><V54/><F116/><W24/><G130/><N who="1" m="50282" /><E112/><V66/><F119/><W77/><G24/><T109/><D114/><U91/><E76/><N who="3" m="29258" /><G25/><T61/><D109/><U63/><E98/><V1/><F1/><W10/><G82/><T0/><D7/><U123/><E123/><V48/><F66/><N who="3" m="39199" /><G10/><T132/><D0/><U36/><E36/><V49/><F49/><W46/><G46/><T87/><D132/><U65/><E65/><V68/><F68/><W2/><G2/><T5/><D5/><U118/><E118/><V8/><F50/><W85/><AGARI ba="1,0" hai="33,34,85,89,93" m="39199,29258,48169" machi="85" ten="30,1100,0" yaku="18,1" doraHai="108" who="3" fromWho="3" sc="200,-4,260,-6,320,-4,220,14" /><INIT seed="2,0,0,0,1,53" ten="196,254,316,234" oya="2" hai0="109,61,131,26,86,102,68,85,73,112,52,44,60" hai1="67,89,23,50,65,90,47,30,58,37,108,103,64" hai2="133,2,96,43,32,100,135,3,7,14,35,71,94" hai3="74,56,38,129,40,77,18,5,114,76,80,87,104"/><V31/><F71/><W134/><G104/><T101/><D73/><U106/><E108/><V130/><F43/><W113/><G5/><T9/><D112/><N who="3" m="43113" /><G18/><T72/><D72/><U57/><E37/><V99/><F130/><W117/><G76/><T132/><D109/><U54/><E103/><N who="0" m="39433" /><D68/><U116/><E106/><V16/><F96/><W59/><G134/><N who="2" m="51209" /><F7/><W20/><G117/><T28/><D132/><U125/><E125/><V66/><F66/><W34/><G20/><N who="0" m="15431" /><D9/><U24/><E116/><V122/><F122/><W119/><G119/><T36/><D36/><U17/><E17/><V15/><F35/><W42/><G129/><T82/><D131/><U115/><E115/><V13/><F16/><W11/><G11/><T124/><D124/><U48/><E48/><V88/><F100/><W128/><G128/><T98/><D98/><U105/><E105/><V93/><F93/><W25/><G74/><T62/><D82/><U41/><E41/><N who="3" m="15978" /><G38/><T8/><D8/><U127/><E127/><V79/><F79/><W126/><G126/><T21/><D21/><U75/><E75/><V10/><F10/><W70/><G70/><T33/><D33/><U63/><E63/><V78/><F78/><W97/><G97/><T110/><D110/><U121/><E121/><V118/><F118/><W22/><G22/><T19/><D19/><U55/><E55/><V12/><N who="2" m="3072" /><DORA hai="49" /><V123/><F123/><W91/><G77/><T45/><D52/><U111/><E111/><V29/><F32/><W69/><G69/><T95/><D86/><U81/><E90/><AGARI ba="0,0" hai="44,45,60,61,62,85,90,95" m="15431,39433" machi="90" ten="30,1000,0" yaku="8,1" doraHai="53,49" who="0" fromWho="1" sc="196,10,254,-10,316,0,234,0" /><INIT seed="3,0,0,5,0,120" ten="206,244,316,234" oya="3" hai0="115,64,67,48,16,79,17,119,89,36,109,83,20" hai1="75,9,100,130,98,84,2,22,51,13,110,73,57" hai2="68,61,14,28,74,60,27,116,52,8,77,88,59" hai3="108,127,126,129,135,21,12,24,70,56,41,113,92"/><W103/><G70/><T118/><D36/><U72/><E130/><V31/><F116/><W25/><G113/><T63/><D115/><U46/><E2/><V122/><F122/><W131/><G24/><T99/><D67/><U37/><E37/><V114/><F114/><W54/><G41/><T105/><D48/><U97/><E22/><V80/><F27/><W96/><G12/><T87/><D17/><U1/><E1/><V19/><F68/><W128/><G108/><T42/><D42/><U32/><E32/><V47/><F60/><W93/><G93/><T111/><D105/><U58/><E84/><V132/><F132/><W18/><REACH who="3" step="1"/><G135/><REACH who="3" ten="206,244,316,224" step="2"/><T26/><D119/><U29/><E110/><N who="0" m="41993" /><D118/><U33/><E29/><V45/><F28/><W101/><G101/><T10/><D10/><U117/><E100/><V123/><F31/><W104/><G104/><T66/><D63/><AGARI ba="0,1" hai="18,21,25,54,56,63,92,96,103,126,127,128,129,131" machi="63" ten="40,3900,0" yaku="1,1,19,1,53,0" doraHai="120" doraHaiUra="65" who="3" fromWho="0" sc="206,-39,244,0,316,0,224,49" /><INIT seed="3,1,0,1,3,23" ten="167,244,316,273" oya="3" hai0="45,68,71,27,41,93,18,31,19,46,83,12,30" hai1="52,4,135,14,113,86,110,72,57,24,100,13,61" hai2="128,80,121,67,87,84,37,115,54,75,114,66,11" hai3="79,102,51,78,127,29,49,60,15,120,44,50,107"/><W133/><G120/><T134/><D134/><U32/><E113/><V81/><F37/><W16/><G133/><T55/><D83/><U125/><E72/><V99/><F11/><W103/><G127/><T106/><D106/><U89/><E125/><V3/><F3/><W33/><G60/><T35/><D55/><U62/><E110/><V97/><F54/><W101/><G107/><T5/><D5/><U96/><E61/><V76/><F67/><W56/><G56/><T92/><D35/><U10/><E135/><V116/><F66/><W73/><G73/><T25/><REACH who="0" step="1"/><D12/><REACH who="0" ten="157,244,316,273" step="2"/><U90/><E13/><V64/><F81/><W42/><G33/><T8/><D8/><U22/><E32/><V70/><F80/><W65/><G65/><T0/><D0/><U53/><E53/><V28/><F64/><W63/><G15/><T17/><D17/><U6/><E4/><V9/><F9/><W82/><G16/><T91/><D91/><U21/><E21/><V40/><F115/><W118/><G82/><T74/><D74/><U77/><E77/><V7/><F114/><W43/><G78/><T2/><D2/><U34/><E34/><V130/><F7/><W1/><G79/><T85/><D85/><U26/><E86/><V132/><F132/><W20/><G1/><T129/><D129/><U48/><E22/><V69/><F76/><W117/><G20/><T104/><D104/><U36/><E14/><V47/><F130/><W126/><G126/><T38/><D38/><U88/><E36/><V59/><F128/><W112/><G112/><T108/><D108/><RYUUKYOKU ba="1,1" sc="157,30,244,-10,316,-10,273,-10" hai0="18,19,25,27,30,31,41,45,46,68,71,92,93" /><INIT seed="4,2,1,0,2,113" ten="187,234,306,263" oya="0" hai0="45,17,3,109,11,110,94,25,35,118,125,107,31" hai1="90,58,96,91,62,70,97,0,37,129,82,52,104" hai2="79,120,28,131,60,68,112,55,86,87,2,21,115" hai3="134,100,29,54,63,75,65,48,14,119,88,56,46"/><T93/><D107/><U71/><E129/><V132/><F120/><W44/><G75/><T99/><D125/><U49/><E0/><V135/><F2/><W73/><G73/><T67/><D67/><U59/><E37/><V126/><F126/><W78/><G78/><T74/><D74/><U36/><E36/><V41/><F41/><W43/><G100/><T4/><D118/><U64/><E104/><V98/><F98/><W1/><G1/><T122/><D122/><U108/><E108/><N who="0" m="41577" /><D99/><U53/><E64/><N who="2" m="40967" /><F55/><W133/><G119/><T116/><D116/><U16/><E82/><N who="2" m="47455" /><F87/><W130/><G130/><T95/><D17/><U102/><E102/><V15/><F131/><W9/><G29/><T19/><D19/><U84/><E16/><N who="2" m="10399" /><F28/><W124/><G124/><T80/><D80/><U34/><E34/><V92/><F92/><N who="0" m="23554" /><T77/><DORA hai="20" /><D45/><U128/><E128/><V66/><F66/><W7/><G88/><T105/><D105/><U114/><E84/><V51/><F112/><W111/><G111/><T103/><D103/><U50/><REACH who="1" step="1"/><E62/><REACH who="1" ten="187,224,306,263" step="2"/><V22/><F22/><W121/><G121/><T47/><D77/><U83/><E83/><V12/><F12/><W6/><G65/><T8/><D8/><U101/><E101/><V40/><F115/><AGARI ba="2,2" hai="49,50,52,53,58,59,70,71,90,91,96,97,114,115" machi="115" ten="25,6400,0" yaku="1,1,22,2,54,1,53,0" doraHai="113,20" doraHaiUra="42,69" who="1" fromWho="2" sc="187,0,224,90,306,-70,263,0" /><INIT seed="5,0,0,3,2,91" ten="187,314,236,263" oya="1" hai0="105,25,61,123,93,119,78,65,89,11,27,90,2" hai1="72,100,0,28,118,44,15,22,55,13,113,84,62" hai2="125,16,77,106,4,101,6,135,117,39,116,49,129" hai3="47,23,94,110,80,122,114,57,74,58,85,99,12"/><U128/><E118/><V7/><F39/><W120/><G120/><T70/><BYE who="3" /><D105/><U108/><E72/><V52/><F77/><W73/><G73/><T134/><D119/><U19/><E0/><V54/><F125/><UN n3="%E9%81%8A%E3%81%B3%E5%BF%83" /><W35/><G35/><T56/><D134/><U88/><E113/><V45/><F135/><W5/><G74/><T87/><D123/><U34/><E128/><V33/><F33/><W41/><G110/><T107/><D78/><U104/><E104/><V130/><F101/><W76/><G114/><T115/><D107/><U29/><E100/><V3/><F106/><W132/><G132/><T53/><D115/><U21/><E34/><V10/><F54/><W102/><G122/><T8/><D70/><U64/><E15/><N who="2" m="7287" /><F3/><W124/><G124/><T46/><D46/><U126/><E108/><V17/><F17/><N who="3" m="10663" /><G5/><T67/><D2/><U42/><E55/><V133/><F133/><W63/><G63/><T59/><D89/><U96/><E22/><V30/><F30/><W31/><G31/><T86/><D67/><U26/><E29/><V81/><F81/><W82/><G82/><T69/><D69/><U20/><E62/><V36/><F36/><W121/><G121/><T43/><D8/><U97/><E64/><V92/><F116/><W66/><G66/><T37/><D11/><U111/><E111/><V50/><F117/><W112/><G112/><T95/><D25/><U131/><E126/><V60/><F60/><W68/><G68/><N who="0" m="42031" /><D27/><U24/><E24/><V40/><F6/><W38/><G38/><T109/><D109/><U98/><E28/><RYUUKYOKU ba="0,0" sc="187,-10,314,-10,236,-10,263,30" hai3="41,47,57,58,76,80,85,94,99,102" /><INIT seed="6,1,0,4,0,81" ten="177,304,226,293" oya="2" hai0="17,129,106,112,60,114,10,135,125,2,3,80,28" hai1="85,91,113,123,94,9,34,32,23,15,48,68,82" hai2="109,96,40,5,104,100,97,72,25,37,1,12,51" hai3="22,74,102,18,54,128,76,45,133,47,49,134,71"/><V83/><F109/><W4/><G71/><T36/><D106/><U119/><E119/><V38/><F1/><N who="0" m="10" /><D36/><U73/><E113/><N who="0" m="43625" /><D60/><U8/><E123/><V86/><F72/><W84/><G4/><T13/><D80/><U127/><E127/><V63/><F25/><W57/><G128/><T95/><D95/><U89/><E32/><V124/><F63/><W20/><G20/><T35/><D129/><U21/><E34/><V0/><F0/><W64/><G102/><T101/><D101/><U42/><E68/><V53/><F96/><W87/><G76/><T118/><D125/><U78/><E9/><N who="2" m="4143" /><F53/><N who="3" m="29871" /><G47/><T122/><D122/><U30/><E30/><V6/><F6/><W93/><G93/><T41/><D41/><U26/><E26/><V121/><F121/><W70/><G64/><T59/><D59/><U44/><E89/><V46/><F124/><W27/><G74/><T108/><D118/><U19/><AGARI ba="1,0" hai="8,15,19,21,23,42,44,48,73,78,82,85,91,94" machi="19" ten="20,2700,0" yaku="0,1,7,1,52,1" doraHai="81" who="1" fromWho="1" sc="177,-8,304,30,226,-14,293,-8" /><INIT seed="7,0,0,0,0,23" ten="169,334,212,285" oya="3" hai0="90,11,94,41,6,58,127,83,5,78,76,18,61" hai1="103,34,82,30,16,81,118,32,74,115,104,99,55" hai2="131,67,62,27,106,107,51,86,60,12,112,22,93" hai3="24,108,20,100,119,21,37,59,135,53,95,68,26"/><W122/><G122/><T129/><D127/><U40/><E115/><V109/><F112/><W89/><G119/><T31/><D129/><U17/><E40/><V43/><F109/><W19/><G68/><T38/><D38/><U114/><E114/><V44/><F131/><W117/><G117/><T35/><D41/><U132/><E132/><V28/><F60/><W105/><G105/><T87/><D18/><U49/><E82/><V97/><F86/><W36/><G135/><T75/><D78/><U13/><E17/><V42/><F12/><W48/><G108/><T134/><D134/><U73/><E30/><V1/><F1/><W80/><G80/><T133/><D133/><U71/><E71/><V84/><F84/><W126/><G126/><T70/><D70/><U123/><E123/><V50/><F50/><W111/><G100/><T92/><D94/><U39/><E39/><V10/><F10/><W14/><G111/><T96/><D75/><U56/><E74/><V15/><F15/><W72/><G14/><T3/><D5/><U124/><E124/><V29/><F29/><N who="3" m="17543" /><G72/><T65/><D35/><U7/><E7/><V2/><F2/><W130/><G130/><T46/><D31/><U63/><E118/><V33/><F33/><N who="1" m="12905" /><E81/><V57/><REACH who="2" step="1"/><F43/><REACH who="2" ten="169,334,202,285" step="2"/><W47/><G37/><T121/><REACH who="0" step="1"/><D46/><REACH who="0" ten="159,334,202,285" step="2"/><U128/><E73/><V64/><F64/><W9/><G36/><T52/><D52/><U69/><E55/><V101/><AGARI ba="0,2" hai="22,27,28,42,44,51,57,62,67,93,97,101,106,107" machi="101" ten="20,12000,2" yaku="1,1,0,1,7,1,25,2,52,1,53,1" doraHai="23" doraHaiUra="98" who="2" fromWho="2" sc="159,-30,334,-30,202,140,285,-60" owari="129,-37.0,304,10.0,342,44.0,225,-17.0" /></mjloggm>