<mjloggm ver="2.3"><GO type="169" lobby="0"/><UN n0="%EF%BC%BC%28%EF%BC%BE%6F%EF%BC%BE%29%EF%BC%8F%E2%98%85" n1="%E3%83%92%E3%83%AB%E3%83%99%E3%83%AB%E3%83%88" n2="%E3%81%BF%E3%81%8B%E3%82%82%E3%82%81" n3="%E3%83%81%E3%83%83%E3%83%97%E3%82%B3%E3%83%AC%E3%82%AF%E3%82%BF%E3%83%BC" dan="17,17,17,16" rate="2230.28,2234.00,2185.92,2166.23" sx="M,M,M,M"/><TAIKYOKU oya="0"/><INIT seed="0,0,0,4,5,125" ten="250,250,250,250" oya="0" hai0="75,50,93,16,127,22,89,97,21,59,85,79,15" hai1="20,91,47,101,88,27,57,130,51,73,94,90,78" hai2="114,37,6,46,35,133,113,23,0,52,132,32,119" hai3="43,104,41,14,86,5,54,62,121,40,82,109,106"/><T128/><D127/><U124/><E124/><V81/><F119/><W24/><G109/><T112/><D112/><U102/><E130/><V38/><F81/><W8/><G121/><T70/><D70/><U48/><E78/><V63/><F23/><W26/><G106/><T92/><D128/><U71/><E71/><V58/><F6/><W105/><G105/><T67/><D75/><U83/><E83/><V100/><F100/><W11/><G104/><T108/><D108/><U39/><E39/><N who="2" m="14859" /><F0/><W123/><G11/><T68/><D68/><U122/><E122/><V29/><F29/><W9/><G9/><T55/><D67/><U118/><E118/><V31/><F31/><W76/><REACH who="3" step="1"/><G123/><REACH who="3" ten="250,250,250,240" step="2"/><T34/><D34/><U42/><E94/><V129/><F129/><W33/><G33/><T66/><D66/><U95/><E95/><V61/><F32/><W17/><G17/><T36/><D36/><U99/><E99/><V72/><F35/><W98/><G98/><T131/><D131/><U10/><E10/><V7/><F72/><W28/><G28/><T3/><D3/><U107/><E107/><V103/><F7/><W96/><G96/><T111/><D111/><U18/><E73/><V126/><F126/><W77/><G77/><T87/><D79/><U1/><E1/><V110/><F110/><W115/><G115/><T19/><REACH who="0" step="1"/><D93/><REACH who="0" ten="240,250,250,240" step="2"/><U84/><E84/><V44/><F114/><W56/><AGARI ba="0,2" hai="5,8,14,24,26,40,41,43,54,56,62,76,82,86" machi="56" ten="30,7900,0" yaku="1,1,0,1,8,1,53,1" doraHai="125" doraHaiUra="53" who="3" fromWho="3" sc="240,-39,250,-20,250,-20,240,99" /><INIT seed="1,0,0,4,5,103" ten="201,230,230,339" oya="1" hai0="124,1,118,102,113,75,125,101,38,111,90,27,104" hai1="9,106,127,13,45,58,17,83,46,119,12,25,49" hai2="21,72,71,69,54,88,11,53,131,116,35,64,117" hai3="14,130,28,37,70,51,26,60,52,100,18,78,3"/><U57/><E119/><V112/><F35/><W31/><G3/><T6/><D27/><U84/><E127/><V87/><F72/><W77/><G37/><T20/><D20/><U42/><E106/><V122/><F122/><W109/><G109/><T39/><D113/><U59/><E45/><V134/><F112/><W30/><G130/><T0/><D6/><U15/><REACH who="1" step="1"/><E25/><REACH who="1" ten="201,220,230,339" step="2"/><V80/><F131/><W114/><G26/><T44/><D44/><U23/><E23/><V65/><F21/><W81/><G114/><T50/><D118/><U97/><E97/><V76/><F134/><W22/><G22/><T128/><D128/><U105/><E105/><V43/><F117/><W107/><G107/><T82/><D104/><U94/><E94/><V108/><F116/><W85/><G28/><T95/><D95/><U79/><AGARI ba="0,1" hai="9,12,13,15,17,42,46,49,57,58,59,79,83,84" machi="79" ten="30,6000,0" yaku="1,1,0,1,8,1,53,0" doraHai="103" doraHaiUra="115" who="1" fromWho="1" sc="201,-20,220,70,230,-20,339,-20" /><INIT seed="1,1,0,5,3,129" ten="181,290,210,319" oya="1" hai0="3,17,38,32,0,34,121,16,47,93,52,5,9" hai1="73,100,86,72,132,134,110,43,102,60,74,89,22" hai2="103,66,39,92,113,125,63,80,107,119,18,91,76" hai3="85,131,87,51,115,109,62,8,53,83,112,31,117"/><U12/><E43/><V77/><F119/><W114/><G131/><T15/><D121/><U96/><E60/><V11/><F125/><W24/><G117/><T26/><D93/><N who="1" m="56367" /><E22/><V54/><F39/><W123/><G109/><T57/><D47/><U116/><E116/><V21/><F113/><W98/><G123/><T124/><D38/><U90/><E12/><V99/><F11/><W14/><G62/><T64/><D64/><U56/><E56/><V71/><F54/><W75/><G98/><T88/><D124/><U4/><E4/><V94/><F107/><W23/><G75/><T48/><D0/><U105/><E110/><V82/><F76/><W111/><G111/><T118/><D118/><U25/><E25/><V6/><F77/><W1/><G1/><T7/><D7/><U69/><E69/><V101/><F101/><N who="1" m="39017" /><E105/><V10/><F10/><W97/><G14/><T126/><D126/><U78/><E78/><V30/><F30/><W33/><G8/><T13/><D26/><U84/><E84/><V108/><F6/><W79/><G87/><T20/><D32/><U29/><E29/><V135/><F108/><W42/><G42/><T67/><D67/><U55/><E55/><V106/><F106/><W46/><G97/><T65/><D65/><U37/><E37/><V122/><F21/><W128/><G128/><T133/><D34/><U70/><E70/><V120/><F18/><W68/><G68/><T19/><D19/><U49/><E49/><V44/><F71/><W2/><G2/><T95/><D3/><U58/><E58/><N who="2" m="37239" /><F122/><W40/><G33/><RYUUKYOKU ba="1,0" sc="181,-15,290,15,210,-15,319,15" hai1="72,73,74,86,90,132,134" hai3="23,24,31,40,46,51,53,79,83,85,112,114,115" /><INIT seed="1,2,0,1,5,56" ten="166,305,195,334" oya="1" hai0="85,9,60,49,131,125,25,17,94,82,134,65,26" hai1="124,86,101,120,110,91,67,58,15,114,127,12,36" hai2="53,61,96,112,80,16,38,111,107,29,64,21,2" hai3="5,119,0,73,106,99,75,19,117,14,98,108,62"/><U7/><E114/><V68/><F111/><W123/><G123/><T74/><D134/><U135/><E120/><V113/><F2/><W116/><G108/><T95/><D74/><N who="3" m="28169" /><G106/><T10/><D125/><N who="1" m="48203" /><E135/><V11/><F80/><W54/><G0/><T41/><D131/><U32/><E32/><V87/><F87/><W33/><G5/><T39/><D39/><U55/><E36/><V31/><F38/><W81/><G81/><T132/><D132/><U66/><E101/><V27/><F11/><N who="3" m="6623" /><G33/><T77/><D95/><N who="1" m="54775" /><E110/><V43/><F43/><W133/><G133/><T129/><D129/><U59/><E59/><AGARI ba="2,0" hai="54,59,62,98,99,116,117,119" m="6623,28169" machi="59" ten="40,2600,0" yaku="12,1,52,1" doraHai="56" who="3" fromWho="1" sc="166,0,305,-32,195,0,334,32" /><INIT seed="2,0,0,5,1,69" ten="166,273,195,366" oya="2" hai0="98,93,135,124,71,49,26,44,74,134,128,2,82" hai1="100,102,42,13,73,57,76,8,38,6,23,79,94" hai2="86,78,119,126,90,81,132,3,51,91,20,112,55" hai3="61,1,104,127,32,12,83,85,22,117,9,54,70"/><V129/><F119/><W108/><G117/><T45/><D71/><U35/><E35/><V105/><F112/><W111/><G32/><T0/><D124/><U64/><E73/><V121/><F121/><W31/><G104/><T99/><D74/><U5/><E5/><V25/><F105/><W19/><G127/><T36/><D82/><U96/><E102/><V106/><F106/><W60/><G70/><T62/><D62/><U27/><E42/><V24/><F126/><W15/><G1/><T56/><D56/><U113/><E38/><V133/><F3/><W52/><G61/><T114/><D49/><U80/><E80/><V46/><F129/><W68/><G68/><T115/><D93/><U11/><E11/><V116/><F116/><W47/><G47/><T92/><D92/><U89/><E89/><V30/><REACH who="2" step="1"/><F25/><REACH who="2" ten="166,273,185,366" step="2"/><W110/><G108/><T75/><D26/><U59/><E113/><V109/><F109/><W16/><G111/><T84/><D128/><U21/><E64/><V131/><F131/><W66/><G110/><T39/><D75/><U107/><E107/><V43/><F43/><W120/><G120/><T65/><D65/><U18/><E79/><V123/><F123/><W29/><G66/><T101/><D101/><U14/><REACH who="1" step="1"/><E76/><REACH who="1" ten="166,263,185,366" step="2"/><V130/><F130/><W7/><G54/><T17/><D115/><U33/><E33/><V53/><F53/><W67/><G52/><T58/><D114/><U48/><E48/><V72/><F72/><W103/><G67/><T77/><D77/><U88/><E88/><AGARI ba="0,2" hai="20,24,30,46,51,55,78,81,86,88,90,91,132,133" machi="88" ten="40,3900,0" yaku="1,1,54,1,53,0" doraHai="69" doraHaiUra="10" who="2" fromWho="1" sc="166,0,263,-39,185,59,366,0" /><INIT seed="2,1,0,5,2,81" ten="166,224,244,366" oya="2" hai0="118,128,85,119,71,116,76,70,113,64,97,75,107" hai1="129,35,27,52,66,53,41,127,28,101,72,132,67" hai2="105,82,104,74,24,125,58,1,88,86,110,114,38" hai3="100,5,4,2,87,109,17,121,7,12,32,84,43"/><V46/><F1/><W130/><G121/><T78/><D113/><U112/><E72/><V15/><F114/><W0/><G32/><T16/><D75/><U122/><E112/><V6/><F125/><W92/><G109/><T10/><D128/><U102/><E127/><V59/><F74/><W11/><G130/><T51/><D51/><U30/><E129/><V133/><F133/><W13/><G43/><T36/><D36/><U33/><E41/><V117/><F117/><W55/><G0/><T37/><D37/><U49/><E49/><V98/><F110/><W65/><G2/><T95/><D107/><U39/><E39/><V62/><F46/><W73/><G65/><N who="1" m="24586" /><E27/><V21/><F38/><W8/><G55/><N who="1" m="21066" /><E132/><V50/><F50/><W45/><G45/><T31/><D31/><N who="1" m="11819" /><E122/><V48/><F48/><W83/><G73/><T63/><D71/><U69/><E69/><V99/><F62/><W115/><G115/><T124/><D124/><U26/><E26/><V77/><F105/><W60/><G60/><T106/><D106/><U25/><E25/><V47/><F104/><W19/><G83/><T120/><D120/><U68/><E68/><V56/><F77/><W90/><G100/><AGARI ba="1,0" hai="33,35,100,101,102" m="11819,21066,24586" machi="100" ten="30,8000,1" yaku="28,2,26,2,54,1" doraHai="81" who="1" fromWho="3" sc="166,0,224,83,244,0,366,-83" /><INIT seed="3,0,0,5,2,23" ten="166,307,244,283" oya="3" hai0="65,63,90,72,62,121,39,74,26,49,42,117,37" hai1="119,131,93,101,77,118,130,61,60,18,51,21,35" hai2="70,11,129,87,54,31,128,25,96,53,122,106,1" hai3="46,8,47,2,24,108,29,83,36,43,3,44,124"/><W110/><G124/><T104/><D104/><U107/><E35/><V71/><F87/><W52/><G83/><T102/><D102/><U112/><E77/><V94/><F54/><W10/><G10/><T34/><D117/><N who="1" m="44555" /><E107/><V27/><F106/><W57/><G36/><T22/><D34/><U28/><E28/><V50/><F122/><W91/><G91/><T56/><D121/><U135/><E51/><V59/><F71/><W33/><G43/><T38/><D90/><U123/><E123/><V92/><F70/><W58/><G58/><T19/><REACH who="0" step="1"/><D62/><REACH who="0" ten="156,307,244,283" step="2"/><U127/><E61/><V73/><F129/><W14/><G2/><T89/><D89/><U41/><E60/><V132/><F128/><W125/><G3/><T84/><D84/><U9/><E131/><V79/><F96/><W48/><REACH who="3" step="1"/><G125/><REACH who="3" ten="156,307,244,273" step="2"/><T20/><D20/><U12/><E127/><V45/><F11/><W105/><G105/><T97/><D97/><N who="1" m="59567" /><E130/><V80/><F94/><W99/><G99/><T30/><D30/><U134/><E112/><V67/><F92/><W115/><G115/><T95/><D95/><U103/><E103/><V7/><F31/><W76/><G76/><T64/><D64/><U120/><E120/><V4/><F67/><W81/><G81/><T85/><D85/><U15/><E41/><V82/><F80/><W133/><G133/><T32/><D32/><U88/><E88/><V17/><F82/><W100/><G100/><T86/><D86/><U6/><AGARI ba="0,2" hai="6,9,12,15,18,21,134,135" m="59567,44555" machi="6" ten="30,1100,0" yaku="12,1" doraHai="23" who="1" fromWho="1" sc="156,-3,307,31,244,-3,273,-5" /><INIT seed="4,0,0,2,0,23" ten="153,338,241,268" oya="0" hai0="36,2,13,60,78,117,87,55,59,71,81,84,106" hai1="80,72,15,24,33,95,112,120,42,116,5,77,28" hai2="131,134,82,69,54,58,8,29,64,56,20,104,40" hai3="11,83,108,70,100,25,43,124,22,14,44,113,9"/><T31/><D2/><U110/><E110/><V67/><F131/><W130/><G108/><T66/><D117/><U97/><E116/><V76/><F134/><W123/><G113/><T49/><D106/><U7/><E120/><V21/><F104/><W32/><G32/><T17/><D31/><U94/><E112/><V61/><F40/><W41/><G130/><T12/><D36/><U73/><E72/><V102/><F102/><W57/><G70/><T53/><D17/><U68/><E68/><V103/><F103/><W3/><G124/><T75/><REACH who="0" step="1"/><D55/><REACH who="0" ten="143,338,241,268" step="2"/><U38/><E38/><V96/><F54/><W35/><G3/><T6/><D6/><U89/><E42/><V34/><F29/><W79/><G41/><T105/><D105/><U109/><E109/><V27/><F67/><W118/><G43/><T26/><D26/><U127/><E127/><V99/><F27/><W74/><G25/><T86/><AGARI ba="0,1" hai="12,13,49,53,59,60,66,71,75,78,81,84,86,87" machi="86" ten="30,6000,0" yaku="1,1,0,1,53,1" doraHai="23" doraHaiUra="62" who="0" fromWho="0" sc="143,70,338,-20,241,-20,268,-20" /><INIT seed="4,1,0,4,3,34" ten="213,318,221,248" oya="0" hai0="50,45,39,119,90,84,112,129,48,18,96,64,99" hai1="0,31,61,20,22,28,122,123,134,109,40,116,106" hai2="33,9,131,117,85,19,26,13,125,121,81,21,42" hai3="11,37,127,3,43,111,79,94,100,103,59,75,135"/><T87/><D112/><U132/><E106/><V25/><F121/><N who="1" m="46089" /><E61/><V89/><F117/><W2/><G111/><T63/><D119/><U114/><E40/><V44/><F125/><W78/><G127/><T47/><D129/><U17/><E116/><V32/><F131/><W101/><G94/><T133/><D39/><U83/><E83/><V15/><F32/><W77/><G75/><T4/><D133/><N who="1" m="51307" /><E114/><V102/><F102/><W7/><G135/><T8/><D18/><U1/><E109/><V53/><F33/><W107/><G107/><T69/><D47/><U38/><E38/><V120/><F120/><W30/><G30/><N who="1" m="11306" /><E22/><V46/><F46/><W70/><G70/><T71/><D71/><U88/><E88/><V72/><F72/><W98/><G43/><T29/><D29/><U73/><E73/><V57/><F42/><W12/><G37/><T58/><D69/><U67/><E67/><V115/><F115/><W16/><G98/><T27/><D87/><U82/><E82/><V104/><F104/><W80/><G80/><T97/><D45/><U14/><AGARI ba="1,0" hai="0,1,14,17,20" m="11306,51307,46089" machi="14" ten="40,8000,1" yaku="20,1,34,2,52,2" doraHai="34" who="1" fromWho="1" sc="213,-41,318,83,221,-21,248,-21" /><INIT seed="5,0,0,3,1,25" ten="172,401,200,227" oya="1" hai0="116,84,122,99,12,8,103,110,128,6,0,98,89" hai1="129,46,120,39,28,112,34,18,86,42,101,94,2" hai2="53,50,23,49,76,29,83,38,133,90,124,13,33" hai3="111,78,80,64,105,82,36,19,57,56,119,43,88"/><U79/><E120/><V93/><F38/><W130/><G111/><T117/><D110/><U109/><E2/><V85/><F124/><W81/><G105/><T10/><D128/><U134/><E109/><V91/><F133/><W58/><G130/><T16/><D122/><U108/><E108/><V17/><F91/><W75/><G119/><T132/><D132/><U4/><E4/><V26/><REACH who="2" step="1"/><F53/><REACH who="2" ten="172,401,190,227" step="2"/><W74/><G74/><AGARI ba="0,1" hai="13,17,23,26,29,33,49,50,74,76,83,85,90,93" machi="74" ten="30,7700,0" yaku="1,1,2,1,7,1,52,1,53,0" doraHai="25" doraHaiUra="97" who="2" fromWho="3" sc="172,0,401,0,190,87,227,-77" /><INIT seed="6,0,0,5,1,115" ten="172,401,277,150" oya="2" hai0="28,72,91,5,111,134,106,23,87,48,85,95,51" hai1="16,124,40,11,26,86,66,63,50,3,15,49,45" hai2="17,114,100,118,83,121,19,92,6,1,64,74,2" hai3="133,42,10,71,18,79,120,30,41,128,22,62,103"/><V69/><F121/><W24/><G120/><T38/><D111/><U70/><E124/><V112/><F69/><W60/><G133/><T68/><D72/><U56/><E3/><V77/><F64/><W46/><G128/><T129/><D38/><U53/><E26/><V80/><F118/><W75/><G103/><T21/><D106/><U59/><E86/><V78/><F92/><W32/><G10/><T97/><D68/><U54/><E70/><V105/><F100/><W34/><G34/><T81/><D134/><U47/><E47/><V13/><F105/><W107/><G107/><T43/><D5/><U67/><AGARI ba="0,0" hai="11,15,16,40,45,49,50,53,54,56,59,63,66,67" machi="67" ten="30,4000,0" yaku="0,1,8,1,54,1" doraHai="115" who="1" fromWho="1" sc="172,-10,401,40,277,-20,150,-10" /><INIT seed="7,0,0,5,3,82" ten="162,441,257,140" oya="3" hai0="114,98,11,126,56,69,113,22,109,83,55,57,25" hai1="17,78,8,10,36,133,131,39,75,93,67,116,123" hai2="125,31,26,52,99,32,81,79,106,127,16,54,121" hai3="118,24,14,128,84,44,45,95,70,62,0,7,104"/><W92/><G118/><T91/><D69/><U38/><E123/><V41/><F41/><W115/><G104/><T33/><D33/><U30/><E116/><V76/><F16/><W48/><G115/><N who="0" m="44043" /><D109/><U28/><E93/><N who="3" m="35914" /><G0/><T29/><D126/><N who="2" m="48138" /><F121/><W2/><G2/><T112/><N who="0" m="44051" /><T134/><DORA hai="13" /><D134/><U1/><E133/><V4/><F4/><W5/><G128/><T40/><D40/><U59/><E59/><N who="0" m="22601" /><D55/><N who="2" m="21034" /><F81/><W96/><G70/><T90/><D98/><U53/><E53/><V12/><F12/><W71/><G71/><T120/><D120/><U18/><E1/><V102/><AGARI ba="0,0" hai="26,31,32,76,79,99,102,106" m="21034,48138" machi="102" ten="30,2000,0" yaku="18,1,54,1" doraHai="82,13" who="2" fromWho="2" sc="162,-5,441,-5,257,20,140,-10" owari="157,-24.0,436,53.0,277,8.0,130,-37.0" /></mjloggm>