<mjloggm ver="2.3"><GO type="169" lobby="0"/><UN n0="%70%69%6E%63%65%72%73" n1="%E3%81%97%E3%81%BE%E3%81%98%E3%82%8D%E3%81%86%32%2E%30" n2="%66%61%74%65%34%32%39%38" n3="%E2%98%85%E6%9C%88%E7%A5%9E%E2%98%85%EF%BC%A0%4D%4A" dan="16,17,16,18" rate="2158.21,2204.50,2150.67,2241.94" sx="M,M,M,M"/><TAIKYOKU oya="0"/><INIT seed="0,0,0,5,5,113" ten="250,250,250,250" oya="0" hai0="127,108,0,91,133,117,39,120,41,48,101,66,54" hai1="52,76,104,14,114,97,71,102,24,70,36,87,84" hai2="135,31,35,16,126,22,111,68,1,103,51,40,27" hai3="99,92,3,79,5,57,112,78,18,107,95,131,72"/><T59/><D101/><U125/><E125/><V77/><F68/><W67/><G112/><T8/><D8/><U12/><E114/><V118/><F118/><W129/><G5/><T64/><D0/><U73/><E36/><V123/><F126/><W132/><G3/><T47/><D91/><U19/><E70/><V7/><F103/><N who="3" m="62975" /><G18/><T23/><D23/><U2/><E71/><V63/><F63/><W110/><G67/><N who="0" m="25643" /><D127/><U37/><E37/><V17/><F51/><W15/><G15/><T119/><D120/><U58/><E2/><V61/><F61/><W81/><G57/><N who="0" m="32967" /><D133/><U43/><E73/><V6/><F77/><N who="3" m="44199" /><G132/><T109/><D59/><U25/><E12/><V134/><F123/><W45/><G45/><T96/><D96/><U42/><E24/><N who="2" m="18919" /><F135/><W98/><G92/><T21/><D21/><U34/><E25/><V124/><F134/><W50/><G79/><T9/><D9/><U106/><E34/><V49/><F124/><W13/><G78/><T128/><D128/><U83/><E104/><V26/><F17/><W10/><G13/><T53/><D53/><U28/><E87/><V115/><F115/><W90/><G10/><T74/><D74/><U4/><E4/><V116/><F6/><W130/><G131/><T33/><D33/><U55/><E28/><V75/><F75/><W105/><G105/><T65/><N who="0" m="25651" /><T29/><DORA hai="80" /><D29/><U20/><REACH who="1" step="1"/><E55/><REACH who="1" ten="250,240,250,250" step="2"/><V38/><F7/><W82/><G130/><T88/><D88/><U100/><E100/><V56/><F1/><W62/><G129/><T44/><D44/><U93/><E93/><RYUUKYOKU ba="0,1" sc="250,15,240,15,250,-15,250,-15" hai0="39,41,47,108,109,117,119" hai1="14,19,20,42,43,52,58,76,83,84,97,102,106" /><INIT seed="0,1,1,0,3,122" ten="265,255,235,235" oya="0" hai0="22,45,50,72,2,21,46,61,26,123,92,6,83" hai1="48,125,132,108,134,36,110,126,14,40,94,96,93" hai2="47,44,82,133,73,85,105,86,117,80,60,114,52" hai3="16,84,67,65,5,7,95,103,25,74,66,4,64"/><T104/><D123/><U119/><E119/><V38/><F114/><W27/><G74/><T63/><D104/><U79/><E36/><V41/><F117/><W130/><G130/><T23/><D26/><U29/><E79/><V57/><F105/><W69/><G69/><T19/><D19/><U88/><E29/><V33/><F33/><W58/><G58/><T121/><D121/><U70/><E70/><V76/><F133/><N who="1" m="51305" /><E14/><V78/><F73/><W59/><G59/><T127/><D45/><AGARI ba="1,1" hai="38,41,44,45,47,52,57,60,76,78,80,82,85,86" machi="45" ten="40,2600,0" yaku="9,1,54,1" doraHai="122" who="2" fromWho="0" sc="265,-29,255,0,235,39,235,0" /><INIT seed="1,0,0,1,2,44" ten="236,255,274,235" oya="1" hai0="10,4,102,20,82,75,134,8,22,27,79,40,45" hai1="2,65,59,54,94,60,37,55,7,123,124,64,28" hai2="19,117,25,3,119,112,131,86,69,49,108,16,114" hai3="72,121,111,113,70,29,76,17,83,24,85,133,96"/><U56/><E123/><V97/><F69/><W103/><G121/><T106/><D134/><U132/><E132/><V105/><F3/><W21/><G133/><T84/><D75/><U41/><E124/><V126/><F126/><W120/><G120/><T118/><D118/><U80/><E28/><V93/><F105/><W125/><G125/><T50/><D8/><U109/><E109/><V14/><F108/><W9/><G70/><T42/><D42/><U35/><E35/><V92/><F131/><W88/><G113/><N who="2" m="43625" /><F25/><W15/><G111/><T77/><D77/><U61/><E80/><V47/><F86/><W98/><REACH who="3" step="1"/><G103/><REACH who="3" ten="236,255,274,225" step="2"/><T31/><D102/><U57/><E57/><V127/><F127/><W62/><G62/><T58/><D58/><U23/><E59/><V116/><F97/><W100/><G100/><T87/><D106/><U36/><E56/><V46/><F46/><W12/><G12/><N who="0" m="5191" /><D87/><U48/><E2/><V128/><F128/><W39/><G39/><T51/><D50/><U18/><E48/><V74/><F74/><W34/><G34/><AGARI ba="0,1" hai="20,22,27,31,34,40,45,51,79,82,84" m="5191" machi="34" ten="30,2000,0" yaku="25,1,52,1" doraHai="44" who="0" fromWho="3" sc="236,30,255,0,274,0,225,-20" /><INIT seed="2,0,0,4,0,74" ten="266,255,274,205" oya="2" hai0="126,119,66,62,112,69,118,0,31,26,39,89,52" hai1="59,5,84,3,78,42,46,129,76,134,120,8,106" hai2="20,86,32,92,99,127,50,130,68,34,128,40,114" hai3="81,43,28,35,24,22,45,79,80,47,88,73,61"/><V121/><F121/><W83/><G35/><T19/><D112/><U1/><E120/><V57/><F68/><W95/><G61/><T123/><D123/><U135/><E106/><V101/><F114/><W18/><G28/><T116/><D126/><U48/><E1/><V93/><F127/><W108/><G108/><T30/><D0/><U38/><E84/><V111/><F111/><W13/><G24/><T98/><D39/><U17/><E129/><N who="2" m="49771" /><F20/><W10/><G22/><N who="0" m="13663" /><D52/><N who="1" m="32135" /><E17/><V12/><F12/><W132/><G45/><T103/><D89/><U54/><E54/><N who="2" m="31959" /><F40/><W70/><G70/><T33/><D33/><N who="2" m="12906" /><F86/><W96/><REACH who="3" step="1"/><G132/><AGARI ba="0,0" hai="3,5,8,38,42,46,76,78,132,134,135" m="32135" machi="132" ten="30,7700,0" yaku="20,1,52,2,54,1" doraHai="74" who="1" fromWho="3" sc="266,0,255,77,274,0,205,-77" /><INIT seed="3,0,0,5,0,123" ten="266,332,274,128" oya="3" hai0="11,7,9,119,59,109,53,4,58,24,22,0,102" hai1="106,111,127,40,85,134,54,131,122,64,25,80,44" hai2="38,98,14,133,103,105,5,89,43,21,90,31,16" hai3="70,15,23,74,83,34,124,49,13,39,100,86,68"/><W35/><G39/><T62/><D119/><U78/><E122/><V10/><F133/><W87/><G74/><T104/><D104/><U33/><E127/><V73/><F73/><W69/><G124/><T135/><D135/><U101/><E134/><V112/><F112/><W118/><G118/><T117/><D117/><U42/><E131/><V97/><F97/><W79/><G100/><T18/><D102/><U95/><E54/><V126/><F126/><W75/><G49/><T60/><D109/><U125/><E125/><V20/><F38/><W47/><G47/><T71/><D71/><U94/><E40/><V55/><F43/><W3/><G3/><T45/><D45/><U28/><E64/><V32/><F21/><W108/><G108/><T132/><D132/><U129/><E129/><V17/><F17/><W52/><G52/><N who="0" m="33863" /><D0/><U30/><E30/><V8/><F55/><W115/><G115/><T65/><D65/><U66/><E66/><V116/><F10/><AGARI ba="0,0" hai="4,7,9,10,11,18,22,24,53,59,62" m="33863" machi="10" ten="30,2000,0" yaku="8,1,54,1" doraHai="123" who="0" fromWho="2" sc="266,20,332,0,274,-20,128,0" /><INIT seed="4,0,0,5,1,95" ten="286,332,254,128" oya="0" hai0="109,7,64,54,63,105,71,8,98,108,78,74,25" hai1="16,125,129,92,111,23,85,126,124,72,79,110,97" hai2="133,117,51,44,102,122,99,104,121,0,42,30,48" hai3="115,62,24,57,46,113,19,75,5,15,40,20,116"/><T39/><D39/><U29/><E29/><V120/><F0/><W100/><G75/><T94/><D105/><U37/><E37/><V35/><F133/><W123/><G116/><T96/><D25/><U76/><E129/><V47/><F117/><W103/><G123/><T49/><D94/><U3/><E3/><V53/><F30/><W135/><G135/><T134/><D78/><N who="1" m="29739" /><E85/><V31/><F31/><W67/><G5/><T2/><D74/><U52/><E52/><V13/><F13/><W93/><G15/><T50/><D50/><U106/><E106/><V70/><F70/><W33/><G33/><T61/><D61/><U60/><E60/><V81/><F81/><W101/><REACH who="3" step="1"/><G93/><REACH who="3" ten="286,332,254,118" step="2"/><T1/><D1/><U10/><E72/><V73/><F73/><W114/><G114/><T112/><D112/><U21/><E10/><V80/><F80/><W28/><G28/><T17/><D134/><U22/><E16/><V32/><AGARI ba="0,1" hai="32,35,42,44,47,48,51,53,99,102,104,120,121,122" machi="32" ten="40,2700,0" yaku="0,1,52,1" doraHai="95" who="2" fromWho="2" sc="286,-13,332,-7,254,37,118,-7" /><INIT seed="5,0,0,1,5,134" ten="273,325,291,111" oya="1" hai0="97,100,128,108,122,93,130,114,61,64,38,131,96" hai1="13,48,19,50,104,106,67,103,56,68,121,10,109" hai2="11,110,39,2,119,27,3,20,94,87,102,125,60" hai3="115,30,32,62,34,29,41,91,66,33,70,72,22"/><U8/><E121/><V44/><F110/><W63/><G72/><T1/><D1/><U92/><E68/><V53/><F119/><W90/><G115/><T77/><D108/><U23/><E109/><V86/><F39/><W99/><G41/><T133/><D38/><U69/><E69/><V43/><F43/><W58/><G22/><T9/><D133/><U135/><E104/><V112/><F112/><W17/><G17/><T88/><D77/><U57/><E106/><V116/><F116/><W14/><G14/><T83/><D114/><U45/><E45/><V59/><F44/><W5/><G5/><T40/><D40/><U105/><E105/><V117/><F117/><W76/><G76/><T84/><D9/><U113/><E113/><V18/><F2/><W111/><G111/><T80/><D122/><U98/><E135/><V65/><F53/><W101/><G101/><T71/><D96/><U25/><E8/><V55/><F55/><W120/><G120/><T118/><D118/><U74/><E74/><V0/><F0/><W129/><G129/><T82/><AGARI ba="0,0" hai="61,64,71,80,82,83,84,88,93,97,100,128,130,131" machi="82" ten="40,5200,0" yaku="0,1,19,1,54,1" doraHai="134" who="0" fromWho="0" sc="273,52,325,-26,291,-13,111,-13" /><INIT seed="6,0,0,3,4,52" ten="325,299,278,98" oya="2" hai0="39,30,26,47,76,128,2,111,134,103,1,6,122" hai1="37,17,102,119,59,70,74,63,65,67,60,127,10" hai2="101,41,124,104,42,23,13,85,12,92,132,117,50" hai3="9,64,68,33,113,79,77,93,130,53,131,62,82"/><V94/><F104/><W123/><G123/><T91/><D91/><U129/><E119/><V125/><F117/><W44/><G33/><T46/><D46/><U71/><E74/><V32/><F32/><W116/><G116/><T16/><D16/><U78/><E78/><V112/><F112/><W80/><G93/><T107/><D128/><U38/><E102/><V135/><F101/><W105/><G105/><T69/><D134/><N who="2" m="51242" /><F85/><W58/><G113/><T95/><D95/><N who="2" m="36394" /><F23/><W21/><G21/><T100/><D100/><U28/><E28/><V120/><F50/><W106/><G106/><T35/><D122/><U86/><E86/><V24/><F24/><W48/><G9/><T4/><D4/><U96/><E96/><V14/><F120/><W5/><G5/><T56/><D6/><U57/><E129/><V54/><F54/><W11/><G11/><T7/><D7/><U81/><E10/><V61/><F61/><W8/><G8/><T118/><D103/><U25/><E25/><V40/><AGARI ba="0,0" hai="12,13,14,40,41,42,124,125" m="36394,51242" machi="40" ten="40,7800,0" yaku="28,2,20,1" doraHai="52" who="2" fromWho="2" sc="325,-26,299,-26,278,78,98,-26" /><INIT seed="6,1,0,3,3,38" ten="299,273,356,72" oya="2" hai0="17,77,10,58,97,23,43,89,113,92,46,30,59" hai1="7,133,16,45,26,120,134,25,14,90,42,115,2" hai2="127,74,20,9,94,48,116,100,118,135,95,54,85" hai3="107,71,78,106,36,119,19,27,34,129,72,82,4"/><V3/><F74/><W124/><G19/><T86/><D113/><U1/><E90/><V80/><F127/><W12/><G119/><T69/><D69/><U131/><E115/><V122/><F122/><W35/><G12/><T47/><D30/><U56/><E56/><V104/><F104/><W121/><G121/><T67/><D67/><U39/><E120/><V33/><F33/><W96/><G129/><T87/><D10/><N who="1" m="6231" /><E131/><V40/><F135/><N who="1" m="51721" /><E7/><V41/><F3/><AGARI ba="1,0" hai="1,2,3,25,26,39,42,45" m="51721,6231" machi="3" ten="30,3900,0" yaku="20,1,52,1,54,1" doraHai="38" who="1" fromWho="2" sc="299,0,273,42,356,-42,72,0" /><INIT seed="7,0,0,1,5,53" ten="299,315,314,72" oya="3" hai0="19,121,27,82,84,98,90,45,20,14,133,117,33" hai1="5,128,4,15,130,8,129,64,26,9,72,100,132" hai2="123,95,111,35,2,114,60,66,58,71,43,52,49" hai3="68,67,97,31,81,63,57,47,70,131,135,59,77"/><W29/><G135/><T12/><D133/><U51/><E72/><V110/><F2/><W99/><G131/><T113/><D117/><U55/><E132/><V37/><F35/><W112/><G112/><T79/><D121/><U120/><E120/><V24/><F123/><W92/><G68/><T74/><D113/><U30/><E64/><V44/><F24/><W93/><G47/><T16/><D33/><N who="1" m="20695" /><E100/><V103/><F114/><W124/><G124/><T69/><D69/><U11/><E15/><N who="0" m="5673" /><D74/><U83/><E83/><V39/><F39/><W109/><G109/><N who="2" m="41481" /><F95/><W46/><G46/><AGARI ba="0,0" hai="4,5,8,9,11,46,51,55,128,129,130" m="20695" machi="46" ten="40,1300,0" yaku="19,1" doraHai="53" who="1" fromWho="3" sc="299,0,315,13,314,0,72,-13" owari="299,-10.0,328,43.0,314,11.0,59,-44.0" /></mjloggm>