<mjloggm ver="2.3"><GO type="169" lobby="0"/><UN n0="%E6%9C%A8%E6%BC%8F%E3%82%8C%E6%97%A5" n1="%E3%81%8A%E3%81%8A%E3%81%8F%E3%81%95" n2="%69%6B%65%64%61%64%61" n3="%E3%81%8B%E3%81%B6%E8%8C%B6" dan="17,17,16,16" rate="2187.90,2205.46,2165.89,2140.56" sx="M,M,M,M"/><TAIKYOKU oya="0"/><INIT seed="0,0,0,2,2,95" ten="250,250,250,250" oya="0" hai0="121,85,126,75,83,89,9,47,12,46,7,20,29" hai1="133,24,5,43,62,103,100,34,8,131,37,28,102" hai2="60,109,123,84,80,72,33,93,14,10,53,57,110" hai3="39,118,30,1,11,21,52,18,79,15,112,0,117"/><T41/><D121/><U115/><E133/><V19/><F33/><W44/><G112/><T78/><D126/><U128/><E115/><V104/><F104/><W56/><G79/><T111/><D111/><U59/><E43/><V120/><F72/><W36/><G1/><T106/><D106/><U35/><E37/><V90/><REACH who="2" step="1"/><F80/><REACH who="2" ten="250,250,240,250" step="2"/><W97/><G118/><T26/><REACH who="0" step="1"/><D41/><REACH who="0" ten="240,250,240,250" step="2"/><U13/><REACH who="1" step="1"/><E35/><REACH who="1" ten="240,240,240,250" step="2"/><V132/><F132/><W86/><G117/><T88/><D88/><U27/><E27/><V108/><AGARI ba="0,3" hai="10,14,19,53,57,60,84,90,93,108,109,110,120,123" machi="108" ten="30,4000,0" yaku="1,1,0,1,14,1,53,0" doraHai="95" doraHaiUra="76" who="2" fromWho="2" sc="240,-20,240,-10,240,70,250,-10" /><INIT seed="1,0,0,4,1,53" ten="220,230,310,240" oya="1" hai0="58,128,97,22,124,116,11,100,95,39,49,108,120" hai1="56,66,0,51,33,7,30,68,32,110,52,44,34" hai2="9,132,67,75,24,27,46,28,40,119,82,90,3" hai3="20,72,105,111,65,79,63,106,94,89,23,84,114"/><U127/><E127/><V61/><F119/><W126/><G114/><T69/><D116/><U5/><E30/><V31/><F132/><W92/><G126/><T60/><D39/><U135/><E135/><V73/><F90/><W131/><G111/><T16/><D124/><U107/><E107/><V129/><F129/><W134/><G131/><T4/><D128/><U50/><E0/><V25/><F9/><W41/><G41/><T101/><D108/><U37/><E110/><V98/><F98/><W93/><G79/><T74/><D74/><U118/><E118/><V125/><F3/><W13/><G72/><T45/><D69/><U62/><REACH who="1" step="1"/><E37/><REACH who="1" ten="220,220,310,240" step="2"/><V130/><F125/><W76/><G106/><T17/><D120/><U112/><E112/><V109/><F109/><W14/><G105/><T19/><D22/><U81/><E81/><V104/><F104/><W77/><G20/><T38/><D38/><U59/><E59/><V55/><F82/><N who="3" m="49303" /><G134/><T47/><D101/><U54/><AGARI ba="0,1" hai="5,7,32,33,34,44,50,51,52,54,56,62,66,68" machi="54" ten="40,18000,2" yaku="1,1,0,1,52,1,54,1,53,2" doraHai="53" doraHaiUra="1" who="1" fromWho="1" sc="220,-60,220,190,310,-60,240,-60" /><INIT seed="1,1,0,5,0,48" ten="160,410,250,180" oya="1" hai0="14,34,92,54,75,65,119,4,87,78,16,61,62" hai1="45,49,23,72,27,118,111,132,99,37,76,85,74" hai2="28,125,2,33,117,91,68,88,43,131,55,126,101" hai3="96,21,1,12,135,80,31,11,9,114,56,41,120"/><U113/><E118/><V13/><F2/><W73/><G120/><T105/><D105/><U24/><E37/><V103/><F68/><W127/><G114/><T115/><D34/><U3/><E3/><V6/><F43/><W108/><G41/><T15/><D75/><U36/><E36/><V133/><F117/><W100/><G108/><T20/><D115/><U39/><E39/><V59/><F28/><W122/><G122/><T110/><D110/><U97/><E27/><V107/><F33/><W38/><G80/><N who="0" m="47511" /><D65/><U89/><E74/><V90/><F107/><W77/><G77/><T53/><D119/><U109/><E132/><V7/><F133/><W10/><G96/><T25/><D92/><U83/><E113/><V86/><F86/><W8/><G12/><N who="0" m="4651" /><D4/><N who="2" m="1578" /><F13/><W22/><G10/><T116/><D116/><U95/><E109/><V102/><F131/><W104/><G104/><T129/><D129/><U52/><REACH who="1" step="1"/><E111/><REACH who="1" ten="160,400,250,180" step="2"/><V50/><F126/><W60/><G127/><T84/><D84/><U81/><E81/><V128/><F125/><W79/><G135/><T44/><D44/><U121/><E121/><V71/><F128/><W0/><G0/><T63/><AGARI ba="1,1" hai="16,20,25,53,54,61,62,63" m="4651,47511" machi="63" ten="30,7900,0" yaku="8,1,52,2,54,1" doraHai="48" who="0" fromWho="0" sc="160,92,400,-40,250,-21,180,-21" /><INIT seed="2,0,0,4,1,22" ten="252,360,229,159" oya="2" hai0="20,134,129,44,97,125,30,102,122,56,135,91,83" hai1="58,82,68,7,34,12,74,86,94,128,77,40,29" hai2="131,42,76,49,54,133,45,1,65,6,2,127,3" hai3="16,4,130,36,109,43,111,90,18,96,9,121,87"/><V117/><F117/><W114/><G121/><T24/><D122/><U0/><E68/><V19/><F133/><N who="0" m="50698" /><D129/><U100/><E0/><V39/><F131/><W8/><G130/><T23/><D125/><U41/><E128/><V62/><F76/><W69/><G69/><T89/><D44/><U123/><E123/><V99/><F99/><W126/><G126/><T103/><D56/><U21/><E58/><V85/><F85/><W26/><G36/><T37/><D37/><U81/><E94/><V15/><F127/><W106/><G43/><T84/><D23/><U105/><E21/><V92/><F92/><AGARI ba="0,0" hai="20,24,30,83,84,89,91,92,97,102,103" m="50698" machi="92" ten="30,2000,0" yaku="20,1,52,1" doraHai="22" who="0" fromWho="2" sc="252,20,360,0,229,-20,159,0" /><INIT seed="3,0,0,0,3,74" ten="272,360,209,159" oya="3" hai0="118,57,131,14,104,54,68,72,83,10,28,114,108" hai1="51,17,134,135,50,103,125,100,133,49,87,44,40" hai2="81,84,123,4,69,3,41,106,109,45,88,32,126" hai3="96,58,43,60,59,24,82,97,127,78,64,107,93"/><W112/><G112/><T31/><D118/><U20/><E125/><V30/><F106/><W63/><G127/><T48/><D104/><U73/><E73/><V105/><F105/><W25/><G107/><T9/><D68/><U18/><E87/><V19/><F69/><W38/><G43/><T36/><D36/><N who="1" m="21511" /><E18/><V5/><F3/><W67/><G38/><T80/><D108/><U15/><AGARI ba="0,0" hai="15,17,20,49,50,51,100,103,133,134,135" m="21511" machi="15" ten="40,1500,0" yaku="20,1" doraHai="74" who="1" fromWho="1" sc="272,-4,360,15,209,-4,159,-7" /><INIT seed="4,0,0,1,0,57" ten="268,375,205,152" oya="0" hai0="40,102,117,44,26,55,120,71,130,79,17,2,42" hai1="116,56,8,19,31,46,115,16,87,94,9,38,82" hai2="58,63,15,89,76,67,134,88,125,107,126,93,47" hai3="129,53,51,74,0,27,59,109,54,73,32,75,70"/><T23/><D117/><U111/><E111/><V11/><F107/><W110/><G0/><T14/><D120/><U123/><E123/><V86/><F134/><W122/><G122/><T90/><D2/><U119/><E31/><V64/><F76/><W98/><G129/><T20/><D130/><U127/><E127/><V78/><F78/><W68/><G98/><T118/><D118/><U60/><E94/><V83/><F47/><W36/><G36/><T92/><D71/><U48/><E38/><V81/><F67/><W85/><G85/><T97/><D79/><N who="1" m="46559" /><E115/><V5/><REACH who="2" step="1"/><F83/><REACH who="2" ten="268,375,195,152" step="2"/><W95/><G95/><T105/><D44/><U3/><E46/><V52/><F52/><W49/><G110/><T124/><D124/><U37/><E116/><V6/><F6/><W10/><G109/><T61/><D105/><U25/><E119/><V12/><F12/><W39/><G39/><T4/><D4/><U50/><E37/><V108/><F108/><W113/><G113/><T65/><D65/><U103/><E3/><V21/><F21/><W104/><G104/><T101/><D42/><U41/><E41/><V24/><F24/><W99/><G27/><T66/><D40/><U72/><E25/><V18/><F18/><W45/><G32/><T13/><D66/><U30/><E19/><V69/><F69/><N who="3" m="26731" /><G10/><T112/><D112/><U43/><E8/><V128/><F128/><W34/><G34/><T121/><D121/><U22/><E9/><V91/><F91/><W135/><G135/><T106/><D26/><U33/><E33/><V28/><F28/><W100/><G74/><RYUUKYOKU ba="0,1" sc="268,-15,375,-15,195,15,152,15" hai2="5,11,15,58,63,64,81,86,88,89,93,125,126" hai3="45,49,51,53,54,59,73,75,99,100" /><INIT seed="5,1,1,0,4,111" ten="253,360,210,167" oya="1" hai0="58,6,5,44,113,30,93,88,21,52,131,74,84" hai1="16,61,10,66,63,72,121,68,32,15,78,115,95" hai2="120,135,40,42,22,27,13,83,103,1,48,92,46" hai3="45,98,114,112,118,24,99,89,134,4,77,35,12"/><U80/><E121/><V105/><F1/><W87/><G134/><T73/><D131/><U9/><E32/><V101/><F135/><W31/><G118/><T8/><D113/><N who="3" m="43625" /><G77/><T128/><D128/><U25/><E25/><V122/><F105/><W0/><G0/><T36/><D74/><U2/><E61/><V94/><F122/><W39/><G4/><T19/><D73/><U82/><E82/><V133/><F133/><W3/><G3/><T102/><D102/><U81/><E81/><V7/><F120/><W51/><G39/><T129/><D129/><U67/><E72/><V107/><F107/><W91/><G12/><N who="0" m="7559" /><D44/><U70/><E78/><V108/><F108/><W55/><G91/><T33/><D33/><U60/><E15/><V126/><F13/><W59/><G45/><T124/><D36/><U96/><E2/><V57/><F7/><W90/><G89/><T62/><D124/><U38/><E38/><V53/><F126/><W85/><G85/><T34/><D34/><U100/><E115/><V37/><F37/><W104/><G104/><T43/><D43/><U125/><E125/><V56/><F42/><W29/><G31/><T79/><D79/><U18/><E80/><AGARI ba="1,1" hai="24,29,35,51,55,59,80,87,90,98,99" m="43625" machi="80" ten="30,7700,0" yaku="15,1,52,3" doraHai="111" who="3" fromWho="1" sc="253,0,360,-80,210,0,167,90" /><INIT seed="6,0,0,1,3,70" ten="253,280,210,257" oya="2" hai0="77,42,7,16,25,110,11,10,28,53,47,129,31" hai1="52,132,19,64,44,81,97,24,35,88,120,29,13" hai2="101,107,78,40,3,90,41,135,22,119,121,125,21" hai3="49,37,112,48,133,92,38,106,30,124,68,89,75"/><V134/><F121/><W39/><G106/><T54/><D110/><U104/><E120/><V86/><F3/><W115/><G124/><T114/><D114/><N who="3" m="43561" /><G133/><N who="2" m="50697" /><F119/><W61/><G75/><T46/><D129/><U58/><E132/><V127/><F78/><W94/><G30/><T117/><D77/><U80/><E64/><V72/><F72/><W59/><G68/><T126/><D126/><N who="2" m="48138" /><F101/><W45/><G45/><T15/><D117/><U34/><E44/><V96/><F96/><N who="3" m="57359" /><G94/><T103/><D103/><U100/><E35/><V65/><F107/><W69/><G69/><T27/><D47/><U33/><E33/><V105/><F105/><W84/><G84/><T60/><D46/><U87/><E104/><V6/><F41/><W91/><G91/><T123/><D42/><U51/><E100/><V55/><F40/><W2/><G2/><T57/><D123/><U98/><E81/><N who="2" m="49487" /><F65/><AGARI ba="0,0" hai="37,38,39,48,49,59,61,65" m="57359,43561" machi="65" ten="40,8000,1" yaku="15,1,11,1,52,3" doraHai="70" who="3" fromWho="2" sc="253,0,280,0,210,-80,257,80" /><INIT seed="7,0,0,1,0,5" ten="253,280,130,337" oya="3" hai0="69,1,20,45,124,86,87,6,71,122,17,38,33" hai1="41,131,15,59,92,132,12,106,39,76,4,110,35" hai2="102,111,97,123,29,85,46,42,8,93,62,103,98" hai3="64,125,88,18,36,72,67,126,129,75,107,30,0"/><W23/><G36/><T47/><D33/><U121/><E106/><V128/><F128/><W44/><G129/><T53/><D122/><U68/><E68/><V19/><F123/><W78/><G107/><T40/><D124/><N who="3" m="47721" /><G0/><T73/><D73/><N who="3" m="28233" /><G78/><T96/><D96/><U13/><E76/><V113/><F113/><W11/><G11/><T119/><D119/><U100/><E39/><V51/><F111/><W21/><G30/><T83/><D1/><U32/><E110/><V66/><F29/><W82/><G44/><T120/><D47/><U74/><E74/><V16/><F85/><N who="3" m="50231" /><G23/><T60/><D20/><U77/><E77/><V109/><F109/><W80/><G80/><T58/><D83/><U99/><E121/><V61/><F8/><W105/><G105/><T27/><D120/><U56/><E131/><V37/><F37/><W31/><G31/><T43/><D38/><U2/><E2/><V48/><F48/><W91/><G91/><T70/><D45/><U117/><E117/><V22/><F22/><W114/><G114/><T108/><D108/><U101/><E35/><V81/><F81/><W84/><G84/><T9/><D87/><U134/><E32/><V24/><F24/><AGARI ba="0,0" hai="18,21,24,64,67" m="50231,28233,47721" machi="24" ten="30,2900,0" yaku="18,1,54,1" doraHai="5" who="3" fromWho="2" sc="253,0,280,0,130,-29,337,29" owari="253,-15.0,280,8.0,101,-40.0,366,47.0" /></mjloggm>