<mjloggm ver="2.3"><GO type="185" lobby="0"/><UN n0="%E3%82%AA%E3%83%A0%E3%81%82%E3%82%93%E3%81%93" n1="%E8%8B%A6%E3%81%84%E5%BE%85%E3%81%A4" n2="%E3%83%84%E3%83%BC%E3%82%A2%E3%82%A6%E3%83%88" n3="" dan="16,16,16,0" rate="2151.24,2139.54,2124.27,1500.00" sx="M,M,M,C"/><TAIKYOKU oya="0"/><INIT seed="0,0,0,2,4,89" ten="350,350,350,0" oya="0" hai0="83,119,87,45,57,35,60,99,37,67,39,62,46" hai1="42,64,51,86,78,128,47,92,118,53,34,77,102" hai2="74,126,59,134,111,65,69,44,113,32,80,115,135" hai3=""/><T3/><D35/><U105/><E34/><V54/><F32/><T66/><D3/><U1/><E1/><V41/><F80/><T96/><D119/><U48/><E118/><V109/><F74/><T72/><D72/><U85/><E128/><V120/><N who="2" m="30752" /><V108/><F65/><T131/><D131/><U114/><E64/><V61/><F69/><T110/><D110/><U55/><E105/><V90/><F90/><T56/><D87/><N who="1" m="33291" /><E114/><N who="2" m="43531" /><F126/><T81/><AGARI ba="0,0" hai="37,39,45,46,56,57,60,62,66,67,81,83,96,99" machi="81" ten="25,3200,0" yaku="0,1,22,2" doraHai="89" who="0" fromWho="0" sc="350,32,350,-16,350,-16,0,0" /><INIT seed="0,1,0,3,2,41" ten="382,334,334,0" oya="0" hai0="85,71,128,1,64,60,74,75,115,104,0,102,56" hai1="101,47,125,134,50,62,130,79,92,70,80,55,69" hai2="95,34,127,103,36,66,73,116,45,112,126,65,123" hai3=""/><T105/><D115/><U35/><E35/><V121/><N who="2" m="31008" /><V40/><N who="2" m="31520" /><V52/><F73/><N who="0" m="27658" /><D56/><U98/><E130/><V113/><F34/><T61/><D61/><U43/><E134/><V133/><F103/><T32/><D32/><U58/><REACH who="1" step="1"/><E125/><REACH who="1" ten="382,324,334,0" step="2"/><N who="2" m="47627" /><F133/><T33/><D33/><U89/><E89/><V46/><F116/><T82/><D128/><U76/><E76/><V57/><F95/><T129/><D129/><U100/><E100/><V120/><N who="2" m="30752" /><V77/><F77/><T53/><D102/><U86/><AGARI ba="1,1" hai="43,47,50,55,58,62,69,70,79,80,86,92,98,101" machi="86" ten="20,9000,2" yaku="1,1,0,1,7,1,52,1,53,2" doraHai="41" doraHaiUra="67" who="1" fromWho="1" sc="382,-61,324,102,334,-31,0,0" /><INIT seed="1,0,0,0,5,66" ten="321,426,303,0" oya="1" hai0="32,111,109,96,107,89,118,34,114,43,98,61,36" hai1="129,56,53,79,103,127,130,122,50,55,72,120,48" hai2="69,52,77,38,85,42,1,87,64,68,93,47,86" hai3=""/><U81/><N who="1" m="30752" /><U45/><N who="1" m="31264" /><U74/><E74/><V95/><F1/><T92/><D114/><U134/><E134/><V106/><F106/><T102/><D118/><U71/><E127/><V63/><F77/><T123/><N who="0" m="31520" /><T62/><D43/><U94/><E71/><V40/><F40/><T82/><D36/><U78/><E78/><V105/><F105/><T88/><D82/><U100/><REACH who="1" step="1"/><E94/><REACH who="1" ten="321,416,303,0" step="2"/><V91/><F69/><T58/><D107/><U70/><E70/><V35/><F35/><T132/><D132/><U37/><E37/><V75/><F75/><T44/><D92/><U119/><E119/><V51/><REACH who="2" step="1"/><F95/><REACH who="2" ten="321,416,293,0" step="2"/><T115/><D32/><U59/><E59/><AGARI ba="0,2" hai="38,42,47,51,52,59,63,64,68,85,86,87,91,93" machi="59" ten="30,16000,3" yaku="1,1,2,1,7,1,24,2,52,1,54,1,53,1" doraHai="66" doraHaiUra="90" who="2" fromWho="1" sc="321,0,416,-160,293,180,0,0" /><INIT seed="2,0,0,5,2,66" ten="321,256,473,0" oya="2" hai0="42,76,97,84,62,83,124,93,44,121,123,89,134" hai1="118,33,77,58,68,95,45,87,110,108,91,107,90" hai2="71,49,36,65,54,57,98,88,135,130,129,41,63" hai3=""/><V96/><F135/><T81/><N who="0" m="31008" /><T115/><N who="0" m="31520" /><T32/><D32/><U126/><E33/><V60/><F88/><T122/><N who="0" m="31264" /><T119/><D134/><U59/><E107/><V106/><F106/><T128/><D115/><U39/><E118/><V34/><F34/><T132/><D132/><U52/><E68/><V56/><F98/><T46/><D119/><U103/><E126/><V99/><F99/><T100/><D124/><U125/><E125/><V80/><F96/><T92/><D62/><U0/><E0/><V120/><N who="2" m="30752" /><V131/><F80/><T133/><D133/><U113/><E113/><V72/><F72/><T116/><D116/><U102/><E90/><V64/><F131/><T35/><D35/><U86/><E103/><V2/><F2/><T38/><D128/><U74/><E102/><V1/><F1/><T109/><D76/><U48/><E74/><V114/><F114/><T117/><D117/><U43/><REACH who="1" step="1"/><E59/><REACH who="1" ten="321,246,473,0" step="2"/><V61/><F63/><T79/><D89/><U111/><E111/><V67/><F67/><T40/><D109/><U127/><E127/><V53/><F65/><T50/><REACH who="0" step="1"/><D83/><AGARI ba="0,1" hai="39,43,45,48,52,58,77,83,86,87,91,95,108,110" machi="83" ten="40,5200,0" yaku="1,1,54,1,53,1" doraHai="66" doraHaiUra="73" who="1" fromWho="0" sc="321,-52,246,62,473,0,0,0" /><INIT seed="4,0,0,4,2,65" ten="269,308,473,0" oya="0" hai0="111,123,58,133,120,113,35,45,1,61,0,76,119" hai1="39,55,63,60,89,92,131,43,47,121,90,83,81" hai2="99,93,109,32,91,129,112,53,104,127,82,80,36" hai3=""/><T126/><N who="0" m="30752" /><T118/><N who="0" m="31520" /><T105/><D35/><U116/><N who="1" m="31008" /><U117/><E131/><V69/><F32/><T128/><D105/><U88/><E92/><V115/><F129/><T40/><D128/><U71/><E63/><V97/><F36/><T68/><D68/><U79/><E83/><N who="2" m="31787" /><F53/><T38/><D111/><U59/><REACH who="1" step="1"/><E71/><REACH who="1" ten="269,298,473,0" step="2"/><V100/><F69/><T106/><D0/><U124/><E124/><V73/><F127/><T132/><D126/><U95/><E95/><V52/><F109/><T51/><D1/><U103/><E103/><V110/><F110/><T125/><D125/><U74/><AGARI ba="0,1" hai="39,43,47,55,59,60,74,79,81,88,89,90,116,117" m="31008" machi="74" ten="30,5900,0" yaku="1,1,0,1,52,1,54,1,53,0" doraHai="65" doraHaiUra="101" who="1" fromWho="1" sc="269,-39,298,69,473,-20,0,0" /><INIT seed="5,0,0,4,3,56" ten="230,367,453,0" oya="1" hai0="133,115,110,134,33,135,120,124,53,87,63,46,93" hai1="83,86,102,77,119,49,37,61,117,103,128,36,114" hai2="47,99,94,81,50,129,131,101,39,104,84,126,76" hai3=""/><U60/><E114/><V90/><F39/><T123/><N who="0" m="30752" /><T59/><N who="0" m="31520" /><T35/><D115/><U105/><E36/><V122/><N who="2" m="31264" /><V113/><F113/><T52/><D110/><U34/><E34/><V97/><REACH who="2" step="1"/><F126/><REACH who="2" ten="230,367,443,0" step="2"/><T107/><D124/><U118/><E37/><V121/><N who="2" m="31008" /><V91/><F91/><T108/><D108/><U85/><E119/><V54/><AGARI ba="0,1" hai="47,50,54,76,81,84,90,94,97,99,101,104,129,131" m="31008,31264" machi="54" ten="30,9000,2" yaku="1,1,0,1,52,2,53,2" doraHai="56" doraHaiUra="116" who="2" fromWho="2" sc="230,-30,367,-60,443,100,0,0" /><INIT seed="6,0,0,3,0,66" ten="200,307,543,0" oya="2" hai0="96,52,50,67,78,126,102,95,35,57,110,61,46" hai1="90,38,53,133,118,100,119,47,58,125,97,117,99" hai2="74,122,79,92,37,101,36,124,93,76,0,121,33" hai3=""/><V32/><N who="2" m="31008" /><V129/><N who="2" m="31264" /><V116/><F116/><T120/><N who="0" m="30752" /><T2/><D35/><U72/><E133/><V108/><F124/><T41/><D2/><U111/><E125/><V75/><F129/><T55/><D126/><U48/><E111/><V42/><F42/><T89/><D110/><U105/><E72/><V94/><F101/><T1/><D1/><U87/><E99/><V104/><F104/><T131/><D78/><U49/><E38/><V51/><F51/><T62/><D131/><U130/><E130/><V71/><F108/><T64/><REACH who="0" step="1"/><D102/><REACH who="0" ten="190,307,543,0" step="2"/><U63/><E118/><V109/><F79/><T44/><D44/><U134/><E47/><V3/><F76/><T127/><D127/><U60/><E119/><V65/><F3/><T113/><D113/><U56/><E117/><V128/><F0/><T59/><AGARI ba="0,1" hai="41,46,50,52,55,57,59,61,62,64,67,89,95,96" m="30752" machi="59" ten="20,12000,3" yaku="1,1,0,1,7,1,9,1,8,1,52,1,54,1,53,1" doraHai="66" doraHaiUra="39" who="0" fromWho="0" sc="190,130,307,-40,543,-80,0,0" owari="320,-8.0,267,-33.0,463,41.0,0,0.0" /></mjloggm>