<mjloggm ver="2.3"><GO type="169" lobby="0"/><UN n0="%E3%81%8B%E3%81%8B%E3%81%8B%E3%81%8B" n1="%E5%B0%8F%E6%89%8B%E8%BF%94%E6%92%B2%E6%BB%85%E4%BC%9A%E9%95%B7" n2="%E5%A4%A9%E9%BC%93" n3="%E2%91%A3%E3%82%BB%E3%83%B3%E3%83%81" dan="16,17,19,18" rate="2108.51,2158.32,2225.23,2242.44" sx="M,F,M,M"/><TAIKYOKU oya="0"/><INIT seed="0,0,0,3,4,115" ten="250,250,250,250" oya="0" hai0="50,76,83,105,48,27,70,85,74,92,6,32,36" hai1="90,18,40,135,37,86,129,134,79,126,128,30,96" hai2="9,121,119,112,108,66,31,38,59,77,114,107,20" hai3="5,11,91,26,4,80,61,60,39,57,17,100,58"/><T41/><D105/><U54/><E30/><V123/><F107/><W56/><G39/><T99/><D70/><U22/><E54/><V133/><F77/><W124/><G100/><T127/><D127/><U29/><E29/><V103/><F103/><W52/><G58/><T68/><D68/><U104/><E40/><V64/><F9/><W106/><G106/><T117/><D85/><U13/><E37/><V116/><F133/><N who="1" m="50697" /><E79/><V12/><F108/><W109/><G124/><T132/><D41/><U34/><E34/><V95/><F95/><W97/><G109/><T53/><D36/><U69/><E69/><V131/><F131/><N who="1" m="50249" /><E104/><V120/><F38/><W47/><G47/><T23/><D53/><U24/><E96/><V78/><F78/><W8/><G97/><T101/><D32/><U65/><E65/><N who="2" m="25195" /><F31/><W89/><G52/><T93/><D132/><U46/><E46/><V84/><F59/><W73/><G57/><T33/><D76/><U87/><E87/><V102/><F84/><W1/><G56/><T15/><D99/><U51/><E51/><V111/><F111/><W3/><G61/><T43/><D48/><U72/><E72/><V130/><F130/><W81/><G73/><T71/><D50/><U44/><E44/><V2/><F114/><W7/><G60/><T118/><D74/><U10/><E126/><V98/><F112/><W67/><G67/><T122/><D71/><U14/><E10/><V45/><F45/><W94/><G11/><T62/><D62/><U49/><E49/><V55/><F55/><W19/><G8/><T35/><D33/><RYUUKYOKU ba="0,0" sc="250,-10,250,30,250,-10,250,-10" hai1="13,14,18,22,24,86,90" /><INIT seed="1,1,0,4,4,96" ten="240,280,240,240" oya="1" hai0="90,81,10,6,24,88,50,69,91,83,104,92,106" hai1="14,111,99,82,22,85,100,53,131,23,86,0,126" hai2="80,58,121,119,78,120,93,57,97,43,12,84,62" hai3="124,41,7,3,68,55,13,64,27,105,70,95,101"/><U49/><E0/><V54/><F119/><W25/><G3/><T46/><D69/><U72/><E72/><V45/><F58/><W113/><G105/><T18/><D106/><U52/><E131/><V125/><F12/><W127/><G41/><T98/><D104/><U33/><E33/><V107/><F107/><W112/><G55/><N who="1" m="21066" /><E126/><V77/><F78/><W59/><G59/><T44/><D6/><U102/><E99/><V134/><F134/><W29/><G13/><N who="0" m="7479" /><D24/><U4/><E49/><V20/><F20/><N who="1" m="7721" /><E111/><V117/><F117/><W19/><G70/><T130/><D130/><U8/><E86/><V108/><F125/><W51/><G68/><T115/><D115/><U15/><E14/><V133/><F133/><W116/><G116/><T34/><D34/><U66/><E66/><V89/><F108/><W87/><G64/><T5/><D5/><U47/><E47/><N who="0" m="17961" /><D50/><AGARI ba="1,0" hai="43,45,50,54,57,62,77,80,84,89,93,97,120,121" machi="50" ten="30,1000,0" yaku="7,1" doraHai="96" who="2" fromWho="0" sc="240,-13,280,0,240,13,240,0" /><INIT seed="2,0,0,5,1,98" ten="227,280,253,240" oya="2" hai0="24,78,57,67,17,10,49,112,45,100,129,5,120" hai1="36,0,8,86,114,55,53,88,103,115,92,95,26" hai2="87,11,59,16,77,73,4,80,42,91,131,125,79" hai3="48,50,93,90,84,108,51,31,96,34,126,2,28"/><V65/><F125/><W101/><G126/><T66/><D112/><U76/><E36/><V30/><F131/><W3/><G108/><T1/><D120/><U127/><E127/><V116/><F116/><W62/><G34/><T40/><D129/><U63/><E76/><V37/><F30/><W39/><G39/><T105/><D78/><U18/><E0/><V72/><F79/><W41/><G41/><T104/><D104/><U94/><E115/><V68/><F68/><W133/><G133/><T12/><D24/><U52/><E114/><V130/><F130/><W81/><G2/><T44/><D44/><U75/><E75/><V107/><F107/><W119/><G3/><T33/><D33/><U7/><E7/><V135/><F135/><W22/><G119/><T123/><D123/><U124/><E124/><V21/><F11/><W113/><G113/><T60/><D105/><U74/><E74/><V32/><F4/><W71/><REACH who="3" step="1"/><G22/><REACH who="3" ten="227,280,253,230" step="2"/><T35/><D35/><U6/><E6/><V29/><F42/><W43/><G43/><T128/><D128/><U82/><E63/><N who="2" m="38143" /><F32/><W46/><G46/><T121/><D121/><U38/><E38/><V61/><F61/><W58/><G58/><T117/><D117/><U111/><E111/><V70/><F37/><W110/><G110/><T69/><D57/><U97/><E8/><V106/><F73/><W64/><AGARI ba="0,1" hai="28,31,48,50,51,62,64,71,81,84,90,93,96,101" machi="64" ten="30,4000,0" yaku="1,1,0,1,52,1,53,0" doraHai="98" doraHaiUra="134" who="3" fromWho="3" sc="227,-10,280,-10,253,-20,230,50" /><INIT seed="3,0,0,3,4,91" ten="217,270,233,280" oya="3" hai0="79,67,109,48,2,127,28,125,100,103,38,58,19" hai1="57,130,78,43,0,74,73,51,77,97,31,133,24" hai2="56,16,116,50,22,64,59,39,45,15,95,105,123" hai3="21,14,83,7,13,121,27,88,81,82,52,6,75"/><W18/><G121/><T94/><D38/><U61/><E0/><V110/><F116/><W41/><G75/><T117/><D117/><U102/><E130/><V99/><F110/><W5/><G41/><T49/><D2/><U37/><E133/><V120/><F105/><W53/><G14/><T70/><D28/><U106/><E74/><V112/><F112/><W42/><G42/><T54/><D79/><U80/><E77/><V129/><F39/><W122/><G122/><N who="2" m="46633" /><F64/><W10/><REACH who="3" step="1"/><G88/><REACH who="3" ten="217,270,233,270" step="2"/><T33/><D109/><U118/><E118/><V12/><F15/><W55/><AGARI ba="0,1" hai="5,6,7,10,13,18,21,27,52,53,55,81,82,83" machi="55" ten="30,12000,1" yaku="1,1,2,1,0,1,8,1,54,1,53,0" doraHai="91" doraHaiUra="46" who="3" fromWho="3" sc="217,-40,270,-40,233,-40,270,130" /><INIT seed="3,1,0,3,2,66" ten="177,230,193,400" oya="3" hai0="129,89,94,80,45,127,28,87,46,116,72,81,53" hai1="114,118,38,67,47,12,70,91,64,125,33,109,15" hai2="56,73,41,110,113,63,40,119,106,98,108,60,54" hai3="124,59,83,77,13,31,51,112,133,34,68,39,1"/><W128/><G13/><T22/><D116/><U7/><E114/><V61/><F73/><W74/><G59/><T2/><D2/><U29/><E109/><N who="2" m="42091" /><F106/><W35/><G51/><T111/><D111/><U86/><E125/><V44/><F98/><W8/><G112/><T24/><D129/><U107/><E107/><V85/><F85/><W19/><G19/><T3/><D3/><U65/><E118/><V75/><F75/><W135/><G124/><T6/><D6/><U27/><E7/><V5/><F5/><N who="3" m="1071" /><G128/><T84/><D127/><U4/><E4/><V16/><F119/><W42/><G31/><T121/><D121/><U10/><E10/><V99/><F99/><W96/><G96/><T25/><D72/><U105/><E12/><V62/><F113/><W90/><G90/><T101/><D101/><U69/><E15/><V100/><F100/><W21/><G21/><T131/><D131/><U52/><E105/><V92/><F92/><W55/><G55/><T78/><D53/><U132/><E132/><N who="3" m="50762" /><G68/><T79/><D94/><U20/><E20/><V122/><F122/><W30/><G30/><T93/><D24/><U120/><E120/><V50/><F16/><W14/><G14/><T134/><D134/><U9/><E9/><V11/><F11/><W37/><G42/><AGARI ba="1,0" hai="40,41,42,44,50,54,56,60,61,62,63" m="42091" machi="42" ten="30,3900,0" yaku="14,1,34,2" doraHai="66" who="2" fromWho="3" sc="177,0,230,0,193,42,400,-42" /><INIT seed="4,0,0,2,1,47" ten="177,230,235,358" oya="0" hai0="88,74,96,21,30,119,108,12,103,26,89,72,17" hai1="46,50,9,19,25,129,115,29,2,14,79,75,87" hai2="54,45,104,134,97,80,109,98,99,113,18,92,49" hai3="126,95,68,77,38,110,36,7,133,69,53,44,6"/><T82/><D108/><U37/><E129/><V123/><F109/><W57/><G77/><T71/><D119/><U63/><E75/><V135/><F123/><W10/><G6/><T94/><D71/><U34/><E37/><V76/><F104/><W118/><G38/><T51/><D51/><U127/><E127/><V105/><F18/><W58/><G58/><T124/><D124/><U130/><E130/><V20/><F20/><W65/><G65/><T13/><D13/><U5/><E63/><V107/><F92/><W39/><G133/><N who="2" m="50697" /><F113/><W66/><G66/><T125/><D125/><U106/><E106/><V62/><F62/><W100/><G118/><T43/><D43/><U132/><E115/><V90/><F90/><W85/><G100/><T28/><D28/><U61/><E61/><V93/><F93/><W59/><G110/><T56/><D56/><U16/><E132/><V35/><F35/><W131/><G59/><T120/><D120/><U42/><E2/><V111/><F111/><W73/><G57/><T3/><D3/><U91/><REACH who="1" step="1"/><E79/><REACH who="1" ten="177,220,235,358" step="2"/><V4/><F4/><W78/><G7/><T24/><D24/><U83/><AGARI ba="0,1" hai="5,9,14,16,19,25,29,34,42,46,50,83,87,91" machi="83" ten="20,12000,2" yaku="1,1,2,1,0,1,7,1,52,1,54,1,53,0" doraHai="47" doraHaiUra="52" who="1" fromWho="1" sc="177,-60,220,130,235,-30,358,-30" /><INIT seed="5,0,0,1,1,108" ten="117,350,205,328" oya="1" hai0="105,107,61,97,28,99,64,68,10,116,134,95,89" hai1="53,103,122,120,18,11,119,94,111,112,13,121,93" hai2="91,92,82,38,124,2,76,35,125,15,83,113,1" hai3="33,114,48,41,34,100,115,44,39,74,12,65,87"/><U40/><E119/><V69/><F69/><W57/><G74/><T66/><D134/><U81/><E111/><V24/><F38/><W14/><G100/><T109/><D116/><U73/><E40/><V88/><F113/><N who="3" m="43019" /><G87/><T6/><D109/><U106/><E112/><V67/><F15/><N who="3" m="5675" /><G65/><T9/><D66/><U130/><E130/><V49/><F67/><W25/><G25/><T72/><D72/><U86/><E73/><V70/><F24/><W75/><G75/><T90/><D64/><U4/><E106/><V30/><F83/><W54/><AGARI ba="0,0" hai="33,34,39,41,44,48,54,57" m="5675,43019" machi="54" ten="30,7900,0" yaku="15,1,52,3" doraHai="108" who="3" fromWho="3" sc="117,-20,350,-39,205,-20,328,79" /><INIT seed="6,0,0,0,0,62" ten="97,311,185,407" oya="2" hai0="37,58,81,48,54,107,34,130,135,7,17,23,103" hai1="121,50,35,98,52,66,101,15,91,49,99,24,61" hai2="102,126,44,88,19,122,80,73,116,84,134,60,129" hai3="115,131,13,20,39,72,124,14,123,85,77,12,10"/><V28/><F116/><W127/><G72/><T106/><D34/><U109/><E109/><V104/><F122/><W26/><G39/><T117/><D37/><U114/><E114/><V95/><F126/><N who="3" m="48171" /><G131/><T36/><D36/><U46/><E15/><V110/><F134/><W100/><G100/><T96/><D117/><U53/><E91/><V47/><F19/><N who="3" m="12575" /><G115/><T128/><D135/><U132/><E121/><V31/><F110/><W93/><G123/><T94/><D7/><U71/><E132/><V41/><F28/><W119/><G119/><T76/><D130/><U40/><E99/><N who="2" m="61535" /><F31/><W90/><G77/><T33/><D33/><U112/><E112/><V87/><F41/><W18/><AGARI ba="0,0" hai="10,12,13,14,18,85,90,93" m="12575,48171" machi="18" ten="30,1100,0" yaku="18,1" doraHai="62" who="3" fromWho="3" sc="97,-3,311,-3,185,-5,407,11" /><INIT seed="7,0,0,2,5,77" ten="94,308,180,418" oya="3" hai0="97,116,96,66,33,52,122,111,132,35,23,2,105" hai1="129,73,17,48,10,50,88,119,29,15,7,64,21" hai2="75,94,76,74,85,12,43,41,89,90,55,133,51" hai3="47,0,134,40,26,60,131,46,25,28,72,57,135"/><W80/><G0/><T115/><D132/><N who="3" m="50729" /><G131/><T98/><D111/><U16/><E129/><V86/><F76/><N who="3" m="44039" /><G40/><T84/><D122/><U104/><E104/><V5/><F75/><W37/><G37/><T61/><D116/><U79/><E64/><V65/><F65/><N who="3" m="39055" /><G25/><T101/><D115/><U59/><E119/><V70/><F74/><W19/><G19/><T103/><D2/><U123/><E123/><V1/><F70/><W58/><G58/><T108/><D108/><U63/><E79/><V9/><F1/><W39/><G39/><T24/><D84/><U118/><E118/><V54/><F133/><W56/><G56/><T127/><D127/><U92/><E29/><V34/><F34/><AGARI ba="0,0" hai="26,28,34,46,47" m="39055,44039,50729" machi="34" ten="30,2900,0" yaku="20,1,52,1" doraHai="77" who="3" fromWho="2" sc="94,0,308,0,180,-29,418,29" owari="94,-41.0,308,11.0,151,-25.0,447,55.0" /></mjloggm>