<mjloggm ver="2.3"><GO type="169" lobby="0"/><UN n0="%6F%75%74%E7%A5%AD%E3%82%8A" n1="%E4%BF%AE%E5%A3%AB%33%E5%B9%B4" n2="%6A%61%63%6F%62%69%33%35" n3="%E5%8D%97%E5%B8%9D%E5%8D%97%E6%B5%A6" dan="17,17,16,16" rate="2217.75,2089.19,2041.39,2089.85" sx="M,M,M,F"/><TAIKYOKU oya="0"/><INIT seed="0,0,0,2,4,96" ten="250,250,250,250" oya="0" hai0="66,30,122,81,130,14,61,65,90,19,125,40,23" hai1="55,59,47,60,84,87,79,42,101,82,110,15,95" hai2="118,92,13,8,116,102,44,120,70,131,134,45,57" hai3="11,129,29,85,3,54,73,83,63,52,20,37,48"/><T88/><D122/><U94/><E110/><V132/><F70/><W76/><G129/><T2/><D130/><U135/><E135/><N who="2" m="51755" /><F120/><W114/><G114/><T53/><D2/><U108/><E108/><V24/><F24/><W67/><G37/><T6/><D125/><U77/><E15/><V1/><F57/><W12/><G3/><T10/><D40/><U112/><E112/><V17/><F131/><W18/><G73/><T75/><D30/><U106/><E106/><V31/><F31/><W28/><G20/><T68/><D66/><U128/><E128/><V46/><F1/><W34/><G34/><T99/><D53/><U80/><REACH who="1" step="1"/><E101/><REACH who="1" ten="250,240,250,250" step="2"/><V32/><F32/><W115/><G115/><T71/><D71/><U89/><E89/><V105/><F105/><W126/><G126/><T97/><D90/><U100/><E100/><V78/><F78/><W33/><G33/><T104/><D104/><U123/><E123/><V16/><F116/><W50/><G29/><T0/><REACH who="0" step="1"/><D88/><REACH who="0" ten="240,240,250,250" step="2"/><U72/><E72/><V64/><F118/><W62/><G28/><T7/><D7/><U25/><E25/><V111/><F111/><W117/><G117/><T49/><D49/><AGARI ba="0,2" hai="42,47,49,55,59,60,77,79,80,82,84,87,94,95" machi="49" ten="30,12000,2" yaku="1,1,7,1,9,1,8,1,53,2" doraHai="96" doraHaiUra="91" who="1" fromWho="0" sc="240,-120,240,140,250,0,250,0" /><INIT seed="1,0,0,1,5,67" ten="120,380,250,250" oya="1" hai0="65,98,13,77,35,86,18,31,124,117,8,22,42" hai1="79,15,75,3,17,1,122,66,101,63,62,114,7" hai2="38,52,41,73,76,90,113,118,134,88,85,61,69" hai3="46,105,16,47,89,19,33,68,32,40,50,78,56"/><U10/><E114/><V57/><F118/><W72/><G105/><T49/><D117/><U110/><E122/><V58/><F73/><W27/><G78/><T23/><D98/><U135/><E135/><V102/><F134/><W59/><G72/><T92/><D124/><U116/><E116/><V130/><F76/><W129/><G89/><T103/><D103/><U82/><E110/><V87/><F102/><W84/><G84/><T81/><D92/><U80/><E80/><V5/><F38/><W6/><G6/><T37/><D37/><U36/><E101/><V43/><F5/><W29/><G129/><T0/><D0/><U109/><E109/><V128/><F61/><W96/><G96/><T83/><D83/><U11/><E66/><V12/><F12/><W25/><G50/><T126/><D126/><U55/><E1/><V104/><F104/><W14/><G14/><T34/><D65/><U53/><E36/><V28/><F28/><W24/><G29/><T45/><D31/><U120/><E120/><V51/><F51/><W39/><G68/><T95/><D95/><U97/><E97/><V26/><F26/><W91/><G91/><T93/><D93/><U123/><E123/><V132/><F132/><W4/><G4/><T60/><D60/><U115/><E115/><V54/><F113/><W2/><G2/><T107/><D107/><U119/><E119/><V131/><F128/><W100/><G100/><T94/><REACH who="0" step="1"/><D94/><REACH who="0" ten="110,380,250,250" step="2"/><U70/><E63/><V121/><F121/><W108/><G108/><T48/><D48/><U133/><E133/><V9/><F130/><RYUUKYOKU ba="0,1" sc="110,15,380,15,250,-15,250,-15" hai0="8,13,18,22,23,34,35,42,45,49,77,81,86" hai1="3,7,10,11,15,17,53,55,62,70,75,79,82" /><INIT seed="1,1,1,2,1,63" ten="125,395,235,235" oya="1" hai0="62,80,104,124,76,100,45,118,69,42,58,25,48" hai1="23,6,0,56,3,85,128,98,39,40,134,90,108" hai2="123,38,93,77,32,59,71,24,122,107,50,92,110" hai3="78,31,119,44,121,36,21,125,30,133,86,60,132"/><U82/><E128/><V103/><F38/><W10/><G121/><T41/><D118/><U135/><E6/><V53/><F110/><W84/><G125/><T91/><D69/><U34/><E34/><V26/><F93/><W5/><G119/><T2/><D124/><U13/><E108/><V35/><F77/><W28/><G21/><T74/><D2/><U75/><E75/><V12/><F12/><N who="3" m="5199" /><G60/><T95/><D25/><U115/><E98/><V89/><F71/><W111/><G111/><T14/><D14/><U55/><E115/><V120/><F103/><W4/><G4/><T22/><D22/><U57/><E13/><V61/><F107/><W37/><G78/><T49/><D100/><U27/><E0/><V43/><F26/><W127/><G127/><T51/><D104/><U97/><E3/><V129/><F129/><W20/><G20/><T126/><D41/><U83/><E40/><V81/><F24/><W96/><G96/><T113/><D113/><U101/><E39/><N who="3" m="14922" /><G44/><T68/><D68/><U79/><E101/><V1/><F1/><W66/><G66/><T106/><D106/><U73/><E97/><N who="2" m="57487" /><F81/><W94/><G94/><T88/><D126/><U16/><REACH who="1" step="1"/><E55/><REACH who="1" ten="125,385,235,235" step="2"/><N who="2" m="34047" /><F43/><W70/><G84/><T7/><D7/><U18/><E18/><V46/><F32/><W109/><G86/><T17/><D17/><U112/><E112/><V87/><F87/><W72/><G72/><T15/><D15/><U131/><E131/><V8/><F35/><W33/><G33/><T54/><D95/><U65/><E65/><V29/><F8/><W47/><G109/><RYUUKYOKU ba="1,2" sc="125,10,385,10,235,10,235,-30" hai0="42,45,48,49,51,54,58,62,74,76,80,88,91" hai1="16,23,27,56,57,73,79,82,83,85,90,134,135" hai2="29,46,50,53,120,122,123" /><INIT seed="1,2,2,4,2,93" ten="135,395,245,205" oya="1" hai0="90,124,95,1,35,111,127,50,62,64,4,135,75" hai1="133,114,28,128,83,68,15,77,67,73,39,57,55" hai2="86,123,23,108,11,72,18,37,109,25,8,105,117" hai3="101,26,131,31,9,0,45,14,22,74,94,61,99"/><U116/><E114/><V19/><F72/><W2/><G131/><T104/><D75/><U96/><E116/><V103/><F37/><W98/><G74/><T65/><D35/><U29/><E128/><V27/><F123/><W5/><G45/><T59/><D111/><N who="2" m="42570" /><F86/><W82/><G82/><T91/><D104/><U38/><E68/><V125/><F117/><W107/><REACH who="3" step="1"/><G61/><REACH who="3" ten="135,395,245,195" step="2"/><T36/><D62/><U32/><E73/><V119/><F119/><W24/><G24/><T20/><D127/><U51/><E83/><V102/><F125/><W13/><G13/><T79/><D124/><U44/><E15/><V84/><F27/><W63/><G63/><T43/><D1/><U87/><E44/><V7/><F105/><W92/><G92/><T12/><D95/><U76/><E39/><V6/><F6/><W30/><G30/><T16/><D4/><U132/><E38/><V46/><F46/><W110/><G110/><T89/><D36/><U58/><E28/><V134/><F7/><W49/><G49/><T42/><D50/><U69/><E29/><V70/><F19/><W41/><G41/><T48/><D43/><U106/><E106/><V80/><F134/><W52/><G52/><N who="0" m="32135" /><D135/><U10/><E132/><V85/><F80/><W54/><G54/><T112/><D42/><U115/><E133/><V113/><F18/><W71/><G71/><T21/><D16/><U100/><E69/><V126/><F70/><W53/><G53/><T33/><D12/><U120/><E55/><V40/><F126/><W47/><G47/><T121/><D121/><U129/><E120/><RYUUKYOKU ba="2,3" sc="135,-10,395,-10,245,-10,195,30" hai3="0,2,5,9,14,22,26,31,94,98,99,101,107" /><INIT seed="2,3,3,2,1,73" ten="125,385,235,225" oya="2" hai0="12,0,58,87,104,41,80,122,8,47,123,124,65" hai1="68,38,6,96,3,30,52,108,51,83,135,42,31" hai2="86,111,43,33,128,99,112,110,134,39,79,130,24" hai3="133,82,125,90,18,57,23,46,53,89,28,115,14"/><V129/><F112/><W69/><G125/><T85/><D124/><U116/><E116/><V94/><F134/><W20/><G115/><T62/><D104/><U48/><E135/><V100/><F39/><W5/><G133/><T70/><D0/><U55/><E68/><V7/><F43/><W66/><G5/><T63/><D87/><U22/><E38/><V64/><F64/><W78/><G69/><T34/><D34/><U93/><E42/><V71/><F71/><W21/><G66/><T49/><D63/><U118/><E108/><N who="2" m="41515" /><F7/><W26/><G46/><T97/><D97/><U54/><E118/><V2/><F2/><W44/><G44/><T40/><D40/><U113/><E113/><V102/><F100/><W76/><G21/><T32/><D32/><U84/><E6/><V114/><F114/><W105/><G105/><T16/><REACH who="0" step="1"/><D70/><REACH who="0" ten="115,385,235,225" step="2"/><U61/><E3/><V119/><F119/><W77/><G82/><T10/><D10/><U126/><E126/><V25/><F33/><W98/><G98/><T17/><D17/><U4/><E4/><V27/><F129/><W131/><G131/><T9/><D9/><U92/><E61/><AGARI ba="3,4" hai="14,18,20,23,26,28,53,57,61,76,77,78,89,90" machi="61" ten="40,8000,1" yaku="8,1,52,3" doraHai="73" who="3" fromWho="1" sc="115,0,385,-89,235,0,225,129" /><INIT seed="3,0,0,0,0,110" ten="115,296,235,354" oya="3" hai0="89,76,6,34,46,48,66,126,59,21,19,72,40" hai1="14,104,118,16,37,78,96,125,102,90,114,117,116" hai2="122,8,73,29,83,25,5,91,77,17,27,119,109" hai3="55,35,43,134,4,95,94,63,42,22,54,33,61"/><W12/><G22/><T84/><D34/><U113/><E125/><V75/><F119/><W101/><G12/><T1/><D126/><U62/><E37/><V81/><F122/><W64/><G64/><T80/><D6/><U11/><E78/><V79/><F109/><W57/><G4/><T30/><D1/><U52/><E90/><V23/><F91/><W13/><G13/><T15/><D30/><U47/><E47/><V49/><F49/><W100/><REACH who="3" step="1"/><G57/><AGARI ba="0,0" hai="11,14,16,52,57,62,96,102,104,113,114,116,117,118" machi="57" ten="40,8000,1" yaku="12,1,52,2,54,2" doraHai="110" who="1" fromWho="3" sc="115,0,296,80,235,0,354,-80" /><INIT seed="4,0,0,5,3,41" ten="115,376,235,274" oya="0" hai0="115,53,7,22,131,130,112,97,59,33,32,25,10" hai1="21,18,135,55,104,0,73,113,39,117,79,127,87" hai2="58,68,29,132,116,20,11,1,50,46,94,49,23" hai3="16,75,89,111,129,98,119,103,118,70,38,48,82"/><T42/><D97/><U24/><E117/><V44/><F68/><W47/><G70/><T106/><D106/><U67/><E0/><V95/><F116/><W86/><G111/><T100/><D100/><U66/><E73/><V72/><F72/><W120/><G120/><T74/><D74/><U133/><E39/><V17/><F58/><W4/><G129/><N who="0" m="49163" /><D42/><U123/><E123/><V88/><F132/><N who="1" m="50761" /><E127/><V8/><F1/><W91/><G38/><T12/><D53/><U80/><E113/><N who="0" m="43593" /><D59/><U43/><E43/><V34/><F34/><W134/><G75/><T51/><D51/><U61/><E104/><V96/><F29/><AGARI ba="0,0" hai="7,10,12,22,25,29,32,33" m="43593,49163" machi="29" ten="30,11600,0" yaku="19,1,15,1,34,2" doraHai="41" who="0" fromWho="2" sc="115,116,376,0,235,-116,274,0" /><INIT seed="4,1,0,3,1,51" ten="231,376,119,274" oya="0" hai0="130,27,55,89,68,39,113,40,7,98,62,122,45" hai1="28,52,47,129,99,43,80,0,120,56,71,61,53" hai2="44,32,72,64,124,76,92,100,26,127,12,79,104" hai3="111,14,121,119,48,85,46,135,50,59,19,74,78"/><T134/><D122/><U35/><E120/><V87/><F104/><W3/><G3/><T66/><D113/><U22/><E0/><V8/><F72/><W65/><G111/><T88/><D130/><U63/><E129/><V2/><F2/><W17/><G74/><T103/><D134/><U69/><E35/><V73/><F73/><W20/><G119/><T84/><D7/><U13/><E80/><V34/><F64/><W15/><G135/><T49/><D27/><U67/><E99/><N who="2" m="59495" /><F44/><W81/><G121/><T97/><D84/><U70/><E61/><V118/><F118/><W109/><G109/><T133/><D133/><U107/><E107/><V10/><F10/><W21/><G46/><T132/><D132/><U30/><E30/><V6/><F87/><W4/><G4/><T101/><D98/><U60/><E60/><AGARI ba="1,0" hai="14,15,17,19,20,21,48,50,59,60,65,78,81,85" machi="60" ten="40,2600,0" yaku="9,1,8,1" doraHai="51" who="3" fromWho="1" sc="231,0,376,-29,119,0,274,29" /><INIT seed="5,0,0,1,0,111" ten="231,347,119,303" oya="1" hai0="93,110,117,71,119,60,28,12,4,17,1,78,38" hai1="0,96,108,86,6,125,47,18,124,107,133,59,72" hai2="85,67,53,98,102,69,76,57,11,109,134,64,20" hai3="132,19,112,24,2,87,32,135,100,61,51,16,33"/><U82/><E0/><V118/><F118/><W10/><G100/><T95/><D110/><U75/><E6/><V48/><F109/><W81/><G61/><T130/><D38/><U21/><E47/><V9/><F69/><W129/><G51/><T79/><D28/><U30/><E30/><V131/><F131/><W40/><G129/><T103/><D130/><U114/><E59/><V123/><F123/><W106/><G106/><T54/><D4/><U23/><E23/><V97/><F134/><N who="3" m="51243" /><G40/><T94/><D103/><N who="1" m="62951" /><E133/><V116/><F116/><W65/><G65/><T5/><D5/><U27/><E108/><V88/><F76/><N who="3" m="46503" /><G112/><T43/><D1/><U25/><E114/><V77/><F77/><W99/><G99/><T101/><D43/><U89/><E25/><V113/><F113/><W3/><G10/><T26/><D71/><U92/><E82/><V83/><F98/><W122/><G122/><T70/><D70/><U90/><E90/><V68/><F64/><W63/><G63/><T120/><D60/><U105/><E105/><V55/><F67/><W127/><G2/><T104/><D104/><U34/><E34/><N who="3" m="13418" /><G3/><T7/><D120/><U49/><E49/><V41/><F68/><W73/><G19/><T37/><D17/><U35/><E35/><V91/><F41/><W22/><G24/><T29/><D26/><U39/><E39/><V52/><F91/><W36/><G36/><T15/><D37/><U42/><E42/><V14/><F55/><W80/><G22/><T50/><D119/><U84/><E84/><V13/><F53/><W31/><G16/><RYUUKYOKU ba="0,0" sc="231,-10,347,30,119,-10,303,-10" hai1="18,21,27,72,75,86,89,92,124,125" /><INIT seed="5,1,0,4,2,117" ten="221,377,109,293" oya="1" hai0="75,77,73,23,105,102,57,127,0,113,108,69,55" hai1="11,109,133,28,42,83,50,84,95,51,21,92,97" hai2="120,38,122,74,37,126,67,39,86,68,27,121,132" hai3="2,59,29,130,125,9,45,60,12,106,22,111,17"/><U46/><E133/><V49/><F132/><W100/><G111/><T16/><D69/><U112/><E112/><V93/><F74/><W71/><G125/><T115/><D108/><U110/><E109/><V18/><F126/><W26/><G130/><T36/><D0/><U101/><E110/><V63/><F86/><W1/><G71/><T31/><D31/><U78/><E11/><V52/><F93/><W43/><G100/><T107/><D36/><U90/><E50/><V30/><F18/><W98/><G98/><T44/><D44/><U7/><E7/><V15/><F15/><W40/><G106/><T89/><D89/><U3/><E3/><V32/><REACH who="2" step="1"/><F37/><REACH who="2" ten="221,377,99,293" step="2"/><W79/><G1/><T58/><D16/><U85/><E85/><V81/><F81/><W72/><G2/><T33/><D127/><U116/><E92/><V41/><F41/><W119/><G43/><T70/><D107/><U88/><E84/><V134/><F134/><W53/><G119/><T10/><D105/><U99/><E116/><V82/><F82/><W103/><G72/><T124/><D75/><U94/><E83/><V128/><F128/><W20/><G40/><T76/><D73/><U80/><E80/><V6/><F6/><W62/><G17/><T123/><D124/><U64/><E94/><V35/><F35/><W87/><G12/><T114/><D114/><U19/><E19/><V135/><F135/><W129/><G87/><T131/><D115/><U96/><E95/><V61/><F61/><W34/><G62/><N who="0" m="36159" /><D113/><U47/><E42/><V104/><F104/><W91/><G60/><RYUUKYOKU ba="1,1" sc="221,-10,377,-10,99,30,293,-10" hai2="27,30,32,38,39,49,52,63,67,68,120,121,122" /><INIT seed="6,2,1,1,2,33" ten="211,367,129,283" oya="2" hai0="56,105,83,11,69,48,6,131,24,115,53,101,18" hai1="99,9,58,15,42,61,10,19,132,64,21,25,41" hai2="40,71,113,79,37,88,63,116,110,68,91,102,122" hai3="1,134,2,100,117,90,82,77,44,57,12,50,94"/><V104/><F116/><W97/><G117/><T7/><D115/><U135/><E9/><V22/><F122/><W0/><G134/><N who="1" m="51242" /><E99/><N who="2" m="61535" /><F22/><W23/><G57/><T107/><D69/><N who="2" m="26698" /><F79/><W133/><G133/><T28/><D18/><AGARI ba="2,1" hai="10,15,18,19,21,25,41,42,58,61,64" m="51242" machi="18" ten="30,1000,0" yaku="20,1" doraHai="33" who="1" fromWho="0" sc="211,-16,367,26,129,0,283,0" /><INIT seed="7,0,0,3,3,122" ten="195,393,129,283" oya="3" hai0="96,66,112,53,26,52,57,69,130,67,132,121,119" hai1="76,32,20,59,116,44,46,1,22,125,36,25,50" hai2="60,38,124,37,11,17,129,82,75,109,135,24,131" hai3="134,80,114,87,92,85,7,99,72,43,118,86,108"/><W123/><G43/><T120/><D119/><U23/><E1/><V127/><F24/><W102/><G7/><T0/><D69/><U104/><E104/><V10/><F17/><W30/><G30/><T105/><D0/><U49/><E36/><N who="2" m="13931" /><F82/><W47/><G47/><T117/><D26/><U27/><E59/><V19/><F19/><W18/><G18/><T78/><D57/><U100/><E125/><N who="2" m="48203" /><F75/><W89/><G118/><T2/><D117/><U56/><E22/><V35/><F35/><W5/><G5/><T6/><D6/><U65/><E116/><V70/><F70/><W79/><G123/><T91/><D2/><U54/><E76/><V126/><N who="2" m="48211" /><V106/><DORA hai="4" /><F106/><N who="3" m="63839" /><G114/><T97/><D112/><U40/><E20/><V16/><F16/><W31/><G31/><T55/><D121/><U41/><E23/><V9/><F109/><W8/><G8/><T33/><D33/><U111/><E111/><V12/><F12/><W74/><G108/><T94/><D120/><U45/><E32/><V88/><F135/><W115/><G115/><T103/><D132/><U73/><E41/><V58/><F88/><N who="3" m="53279" /><G134/><T68/><D68/><U133/><E40/><V48/><F48/><W34/><G34/><T62/><D105/><U61/><E133/><V14/><F14/><W128/><G74/><T90/><D103/><U71/><E100/><V101/><F101/><W98/><G98/><T110/><D97/><U42/><E73/><V95/><F95/><N who="3" m="54711" /><G72/><T28/><D110/><U81/><E42/><V51/><F51/><W83/><G83/><T15/><D28/><RYUUKYOKU ba="0,0" sc="195,-15,393,-15,129,15,283,15" hai2="9,10,11,58,60,129,131" hai3="79,80,85,128" /><INIT seed="7,1,0,2,3,37" ten="180,378,144,298" oya="3" hai0="108,26,124,21,79,56,8,117,89,121,68,95,27" hai1="54,64,94,123,36,126,111,103,40,28,34,86,2" hai2="100,80,18,116,61,127,70,43,30,125,5,130,82" hai3="57,114,74,52,104,58,9,71,98,115,73,0,29"/><W69/><G29/><T50/><D68/><N who="3" m="26185" /><G9/><T14/><D121/><U75/><E64/><N who="2" m="41231" /><F116/><W6/><G6/><T15/><D117/><U48/><E103/><V119/><F119/><W88/><G0/><T92/><D108/><U99/><E111/><V106/><F5/><W78/><G104/><T97/><D79/><U25/><E2/><V109/><F109/><W93/><G58/><T120/><D120/><U16/><E123/><V38/><F18/><W102/><G102/><T39/><D39/><U67/><E16/><V110/><F110/><W4/><G4/><T65/><D21/><U91/><E36/><V10/><F10/><W90/><G90/><T66/><D8/><U77/><E91/><V72/><F130/><W32/><G32/><T63/><D89/><U83/><E34/><V11/><F11/><W129/><G129/><T55/><D97/><U12/><E99/><N who="2" m="61727" /><F30/><W13/><G13/><T47/><D14/><U1/><E12/><V128/><F128/><W42/><G78/><T62/><D15/><U131/><E131/><V46/><F82/><W33/><G33/><T122/><D122/><U22/><E1/><V132/><F132/><W53/><G53/><T118/><D118/><U112/><E54/><V23/><F23/><W87/><G74/><T96/><D55/><U31/><E31/><V133/><F133/><W85/><G73/><T134/><D134/><U7/><E7/><V3/><F3/><W135/><G135/><T59/><D96/><U84/><E75/><V19/><F19/><W105/><G98/><T35/><D59/><U107/><E77/><AGARI ba="1,0" hai="38,43,46,72,77,80,125,127" m="61727,41231" machi="77" ten="30,3900,0" yaku="6,1,23,1,52,1" doraHai="37" who="2" fromWho="1" sc="180,0,378,-42,144,42,298,0" owari="180,-32.0,336,43.0,186,-21.0,298,10.0" /></mjloggm>