<mjloggm ver="2.3"><GO type="185" lobby="0"/><UN n0="%E3%81%9F%E3%82%93%E3%82%86%E3%81%86" n1="%E3%83%AA%E3%82%B3%E3%83%BB%E3%83%90%E3%83%B3%E3%83%87%E3%83%A9%E3%82%B9" n2="%E3%81%AE%E3%83%BC%E3%81%97" n3="" dan="16,17,18,0" rate="2226.55,2217.11,2274.97,1500.00" sx="F,M,M,C"/><TAIKYOKU oya="0"/><INIT seed="0,0,0,0,2,40" ten="350,350,350,0" oya="0" hai0="132,123,105,124,93,71,125,62,86,56,108,65,52" hai1="76,50,89,66,134,67,128,68,54,129,121,126,119" hai2="114,84,122,33,80,115,100,97,1,88,110,0,72" hai3=""/><T81/><N who="0" m="31520" /><T87/><D105/><U98/><N who="1" m="31008" /><U69/><E119/><V112/><N who="2" m="31264" /><V45/><F33/><T35/><D35/><U91/><E76/><V118/><F118/><T107/><D107/><U78/><E78/><V79/><F110/><T85/><D108/><U130/><E126/><N who="0" m="48745" /><D132/><U63/><E134/><V109/><F109/><T44/><D93/><U111/><E111/><V131/><F131/><T106/><D106/><U99/><E67/><V73/><F45/><T95/><D95/><U42/><E42/><V3/><REACH who="2" step="1"/><F79/><REACH who="2" ten="350,350,340,0" step="2"/><T53/><D81/><U41/><E128/><V49/><F49/><T102/><D102/><U64/><E130/><V51/><F51/><T90/><D90/><U47/><E129/><V92/><AGARI ba="0,1" hai="0,1,3,72,73,80,84,88,92,97,100,112,114,115" m="31264" machi="92" ten="40,6000,1" yaku="1,1,0,1,52,1,54,1,53,0" doraHai="40" doraHaiUra="135" who="2" fromWho="2" sc="350,-40,350,-20,340,70,0,0" /><INIT seed="1,0,0,4,2,52" ten="310,330,410,0" oya="1" hai0="84,60,61,111,118,120,55,1,47,81,75,72,45" hai1="38,80,65,56,66,105,108,86,73,117,46,57,83" hai2="71,89,98,3,42,126,85,54,135,33,49,133,130" hai3=""/><U36/><E117/><V90/><F3/><T131/><N who="0" m="30752" /><T74/><D1/><U95/><E105/><V132/><F33/><T127/><D118/><U43/><E38/><V124/><F71/><T119/><D119/><U76/><E95/><V92/><F42/><T77/><D127/><N who="2" m="48682" /><F49/><T106/><D106/><U50/><E108/><V35/><F35/><T78/><D111/><U91/><REACH who="1" step="1"/><E50/><REACH who="1" ten="310,320,410,0" step="2"/><V53/><F130/><T62/><D131/><U110/><E110/><V112/><F112/><T129/><D129/><U128/><E128/><V39/><F39/><T69/><D69/><U82/><E82/><AGARI ba="0,1" hai="53,54,82,85,89,90,92,98,132,133,135" m="48682" machi="82" ten="40,2600,0" yaku="20,1,18,1" doraHai="52" who="2" fromWho="1" sc="310,0,320,-26,410,36,0,0" /><INIT seed="2,0,0,3,0,129" ten="310,294,446,0" oya="2" hai0="86,101,135,79,117,35,113,41,1,106,115,42,57" hai1="32,61,3,39,73,83,120,121,111,96,104,0,36" hai2="94,90,72,44,60,74,51,75,131,68,47,65,92" hai3=""/><V109/><F131/><T64/><D1/><U82/><N who="1" m="30752" /><U102/><N who="1" m="31008" /><U130/><E32/><V56/><F109/><T48/><D35/><U98/><E111/><V124/><F124/><T46/><D117/><U62/><E73/><V33/><F33/><T134/><D101/><U67/><E130/><V93/><F90/><T58/><D106/><U2/><E62/><V77/><F77/><T38/><D86/><U118/><E118/><V119/><F119/><T100/><D100/><U70/><REACH who="1" step="1"/><E98/><REACH who="1" ten="310,284,446,0" step="2"/><V88/><F75/><T122/><N who="0" m="31264" /><T52/><D79/><U112/><E112/><N who="0" m="43081" /><D42/><U63/><E63/><AGARI ba="0,1" hai="38,41,46,48,52,57,58,63,64,134,135" m="43081,31264" machi="63" ten="30,12000,2" yaku="11,1,34,2,52,3,54,1" doraHai="129" who="0" fromWho="1" sc="310,130,284,-120,446,0,0,0" /><INIT seed="4,0,0,0,5,54" ten="440,164,446,0" oya="0" hai0="123,89,113,90,99,104,93,70,2,105,52,88,35" hai1="60,40,112,107,55,51,49,47,42,83,57,74,134" hai2="33,36,38,116,114,128,78,34,106,50,80,1,76" hai3=""/><T67/><N who="0" m="31520" /><T58/><D2/><U48/><E134/><V66/><F1/><T126/><D35/><U43/><E107/><V131/><F106/><T82/><D113/><U135/><E135/><V72/><F114/><T101/><D126/><U117/><E112/><V53/><F66/><T63/><REACH who="0" step="1"/><D82/><REACH who="0" ten="430,164,446,0" step="2"/><U133/><E133/><V108/><F33/><T94/><D94/><U129/><E117/><V56/><F34/><T65/><D65/><U79/><REACH who="1" step="1"/><E129/><REACH who="1" ten="430,154,446,0" step="2"/><V100/><F116/><T102/><D102/><U71/><E71/><V44/><F100/><T120/><N who="0" m="30752" /><T39/><D39/><AGARI ba="0,2" hai="39,40,42,43,47,48,49,51,55,57,60,74,79,83" machi="39" ten="40,2600,0" yaku="1,1,52,1,53,0" doraHai="54" doraHaiUra="91" who="1" fromWho="0" sc="430,-26,154,46,446,0,0,0" /><INIT seed="5,0,0,3,0,103" ten="404,200,446,0" oya="1" hai0="108,134,48,71,124,95,120,39,51,91,94,101,129" hai1="85,41,0,133,93,115,123,87,135,90,88,61,119" hai2="73,63,62,64,113,44,89,81,99,83,74,127,116" hai3=""/><U130/><N who="1" m="31520" /><U34/><E0/><V52/><F116/><T114/><N who="0" m="30752" /><T84/><D108/><U67/><E119/><V112/><F127/><T92/><D39/><U69/><E34/><V40/><F83/><T102/><D71/><U110/><E110/><V72/><F52/><T97/><D124/><U33/><E33/><V60/><F64/><T70/><D70/><U47/><E115/><N who="2" m="44107" /><F81/><T66/><D66/><U125/><E130/><V59/><F59/><T96/><D114/><U55/><E55/><V56/><F56/><T132/><REACH who="0" step="1"/><D129/><REACH who="0" ten="394,200,446,0" step="2"/><U43/><E125/><V36/><F72/><T122/><N who="0" m="31264" /><T37/><D37/><U46/><E135/><AGARI ba="0,1" hai="48,51,84,91,92,94,95,96,97,101,102,132,134,135" m="31264,30752" machi="135" ten="40,12000,2" yaku="1,1,9,1,20,1,52,2,53,2" doraHai="103" doraHaiUra="98" who="0" fromWho="1" sc="394,130,200,-120,446,0,0,0" /><INIT seed="6,0,0,1,0,105" ten="524,80,446,0" oya="2" hai0="106,49,116,130,42,112,131,68,97,46,74,93,92" hai1="61,69,44,40,51,33,90,135,104,118,109,124,79" hai2="76,53,127,89,0,62,56,2,35,50,132,94,52" hai3=""/><V113/><F35/><T55/><D116/><U95/><E79/><V103/><F132/><T85/><D74/><U64/><E95/><V111/><F111/><T125/><D68/><U37/><E90/><V119/><F119/><T129/><D125/><U32/><E32/><V47/><F127/><T126/><D126/><U70/><E104/><V87/><F113/><T60/><D112/><U75/><E75/><V88/><F76/><T57/><D85/><U38/><E33/><V83/><REACH who="2" step="1"/><F103/><AGARI ba="0,0" hai="42,46,49,55,57,60,92,93,97,103,106,129,130,131" machi="103" ten="40,1300,0" yaku="19,1" doraHai="105" who="0" fromWho="2" sc="524,13,80,0,446,-13,0,0" owari="537,49.0,80,-52.0,433,3.0,0,0.0" /></mjloggm>