<mjloggm ver="2.3"><GO type="169" lobby="0"/><UN n0="%E5%AE%89%E6%96%8E" n1="%E3%81%92%E3%81%A1%E3%81%87%E3%81%AA%30%34" n2="%69%71%31%38%30%E7%9C%9F%E5%89%A3%E6%A7%98" n3="%E5%AE%89%E8%89%AF%E5%B2%A1%E8%8A%B1%E7%81%AB" dan="17,16,16,16" rate="2210.06,2114.51,2138.95,2084.76" sx="F,M,M,M"/><TAIKYOKU oya="0"/><INIT seed="0,0,0,3,3,31" ten="250,250,250,250" oya="0" hai0="16,36,109,5,14,123,68,7,1,44,92,100,4" hai1="72,27,128,57,10,62,82,30,81,42,115,53,32" hai2="121,117,56,108,55,74,131,111,98,130,54,124,87" hai3="114,29,22,120,39,19,119,127,34,106,112,65,116"/><T24/><D123/><U103/><E128/><N who="2" m="49195" /><F74/><W129/><G129/><T13/><D68/><U63/><E115/><N who="3" m="44074" /><G39/><T69/><D69/><U47/><E72/><V90/><F98/><W21/><G65/><T61/><D61/><U48/><E103/><V118/><F121/><W132/><G106/><T104/><D104/><U94/><E94/><N who="2" m="54623" /><F124/><W23/><G120/><T85/><D1/><U126/><E126/><V64/><F64/><W9/><G127/><T25/><D109/><N who="2" m="42058" /><F56/><W49/><G132/><T46/><D100/><U45/><E63/><V37/><F37/><W79/><G49/><T35/><D36/><U12/><REACH who="1" step="1"/><E47/><REACH who="1" ten="250,240,250,250" step="2"/><V28/><F28/><W84/><G29/><N who="0" m="19879" /><D46/><U52/><E52/><AGARI ba="0,1" hai="52,54,55,117,118" m="42058,54623,49195" machi="52" ten="40,5200,0" yaku="19,1,14,1,54,1" doraHai="31" who="2" fromWho="1" sc="250,0,240,-52,250,62,250,0" /><INIT seed="1,0,0,2,1,40" ten="250,188,312,250" oya="1" hai0="86,135,131,15,111,27,2,78,99,18,59,12,49" hai1="67,30,71,105,11,43,80,127,17,122,5,109,115" hai2="134,85,53,50,38,72,3,77,94,104,62,42,116" hai3="48,10,79,91,118,34,128,103,88,126,26,97,51"/><U119/><E115/><V87/><F116/><W41/><G118/><T57/><D2/><U83/><E105/><V31/><F3/><W45/><G128/><T1/><D1/><U64/><E119/><V130/><F104/><W98/><G126/><T13/><D131/><U20/><E122/><V37/><F130/><W55/><G79/><T120/><D120/><U76/><E30/><V21/><F72/><W69/><G69/><T33/><D111/><U14/><E127/><V39/><F134/><W73/><G73/><T44/><D99/><U74/><E71/><V0/><F0/><W24/><G97/><T121/><D135/><U123/><E123/><V75/><F62/><W32/><G10/><T107/><D107/><U8/><E8/><V6/><F6/><W23/><G34/><T125/><D121/><U102/><E102/><V28/><F42/><W100/><G32/><T113/><D113/><U70/><E70/><V36/><F36/><W110/><G110/><T35/><D35/><U124/><E124/><V101/><F21/><W68/><G68/><T63/><D63/><U93/><E93/><V129/><F129/><W54/><G41/><N who="0" m="24719" /><D125/><U92/><E92/><V112/><F112/><W81/><G81/><N who="0" m="47415" /><D33/><U95/><E95/><V66/><F75/><W82/><G82/><T65/><D65/><N who="1" m="25163" /><E83/><N who="2" m="47343" /><F66/><W60/><G98/><T9/><D9/><U61/><E61/><V22/><F101/><N who="3" m="38987" /><G60/><T132/><D132/><U89/><E109/><V58/><F22/><AGARI ba="0,0" hai="12,13,15,18,22,27,57,59" m="47415,24719" machi="22" ten="30,2000,0" yaku="8,1,52,1" doraHai="40" who="0" fromWho="2" sc="250,20,188,0,312,-20,250,0" /><INIT seed="2,0,0,2,0,2" ten="270,188,292,250" oya="2" hai0="52,82,34,45,53,73,55,75,113,0,8,131,59" hai1="7,67,1,103,108,92,32,130,112,46,4,13,11" hai2="88,62,23,31,84,99,89,70,69,119,10,60,66" hai3="12,28,127,81,123,133,54,114,29,98,74,101,85"/><V58/><F119/><W9/><G123/><T38/><D113/><U79/><E112/><V115/><F115/><W36/><G114/><T94/><D34/><U47/><E32/><V41/><F41/><W15/><G74/><T3/><D131/><U49/><E79/><V50/><F50/><W134/><G36/><T48/><D38/><U76/><E76/><V102/><F10/><W44/><G127/><T18/><D82/><U80/><E80/><V135/><F135/><N who="3" m="51723" /><G54/><T16/><D75/><U121/><E67/><V51/><F51/><W90/><G44/><T25/><D73/><U124/><E124/><V106/><F62/><W39/><G39/><T20/><D94/><U21/><E130/><V33/><F33/><W14/><G9/><T35/><D35/><U120/><E49/><V26/><REACH who="2" step="1"/><F89/><REACH who="2" ten="270,188,282,250" step="2"/><W107/><AGARI ba="0,1" hai="12,14,15,28,29,81,85,90,98,101,107" m="51723" machi="107" ten="30,1100,0" yaku="20,1" doraHai="2" who="3" fromWho="3" sc="270,-3,188,-3,282,-5,250,21" /><INIT seed="3,0,0,5,1,98" ten="267,185,277,271" oya="3" hai0="74,128,40,104,125,78,20,1,112,45,96,38,100" hai1="36,19,34,44,107,63,8,60,132,21,87,97,83" hai2="109,99,81,121,55,66,17,18,23,123,42,28,110" hai3="102,89,116,127,22,108,114,73,52,134,43,51,92"/><W16/><G114/><T37/><D112/><U57/><E34/><V58/><F66/><W65/><G116/><T79/><D125/><U4/><E132/><V70/><F70/><W35/><G35/><T105/><D128/><U94/><E107/><V122/><F42/><W25/><G127/><T53/><D38/><U111/><E111/><N who="2" m="42507" /><F81/><W3/><G3/><T106/><D1/><U101/><E44/><V80/><F80/><W76/><G108/><T71/><D71/><U68/><E36/><V50/><F99/><N who="3" m="59751" /><G73/><T67/><D67/><U82/><E68/><V119/><F119/><W91/><G134/><T69/><D69/><U41/><E41/><V5/><F5/><W133/><G133/><T115/><D115/><U77/><E83/><V62/><F62/><W15/><G76/><T135/><D135/><U131/><E131/><V103/><F103/><W31/><G43/><T27/><D53/><U72/><E72/><V124/><F124/><W56/><G65/><T10/><D74/><U2/><REACH who="1" step="1"/><E57/><REACH who="1" ten="267,175,277,271" step="2"/><V86/><F123/><W24/><G31/><T0/><D105/><U13/><AGARI ba="0,1" hai="2,4,8,13,19,21,60,63,77,82,87,94,97,101" machi="13" ten="20,8000,1" yaku="1,1,2,1,0,1,7,1,52,1,53,0" doraHai="98" doraHaiUra="47" who="1" fromWho="1" sc="267,-20,175,90,277,-20,271,-40" /><INIT seed="4,0,0,5,4,43" ten="247,265,257,231" oya="0" hai0="1,20,5,77,55,95,8,123,14,87,126,101,72" hai1="60,135,114,39,121,118,93,38,103,124,58,49,62" hai2="92,29,28,57,96,37,74,83,106,75,13,11,105" hai3="19,119,97,86,108,47,122,115,63,26,31,76,116"/><T21/><D123/><U125/><E103/><V104/><F37/><W113/><G108/><T46/><D126/><N who="1" m="48747" /><E93/><V69/><F69/><W85/><G122/><T88/><D1/><U59/><E121/><V52/><F75/><W129/><G19/><T44/><D72/><U67/><E118/><V4/><F83/><W42/><G97/><N who="0" m="59583" /><D77/><U78/><E78/><V111/><F74/><W134/><G134/><T17/><D55/><N who="1" m="32111" /><E135/><V110/><F110/><W3/><G129/><T12/><D20/><U109/><E109/><V2/><F2/><W9/><G63/><T84/><D84/><N who="3" m="32361" /><G76/><T30/><D30/><U99/><E99/><V18/><F18/><W56/><G56/><T25/><D14/><U32/><E32/><V73/><F73/><W7/><G26/><T79/><D79/><U40/><E114/><N who="3" m="43530" /><G31/><T100/><D100/><U94/><E94/><AGARI ba="0,0" hai="5,8,12,17,21,25,44,46,87,88,94" m="59583" machi="94" ten="30,11600,0" yaku="8,1,52,2,54,1" doraHai="43" who="0" fromWho="1" sc="247,116,265,-116,257,0,231,0" /><INIT seed="4,1,0,4,2,110" ten="363,149,257,231" oya="0" hai0="78,2,15,103,87,132,23,27,18,0,102,108,21" hai1="112,76,45,62,98,48,116,49,117,88,35,33,38" hai2="29,95,71,92,134,114,61,130,115,66,16,125,26" hai3="124,80,126,99,42,36,46,65,32,101,68,14,11"/><T53/><D108/><U131/><E76/><V50/><F125/><W58/><G32/><T94/><D132/><U127/><E127/><N who="3" m="48682" /><G80/><N who="0" m="47511" /><D0/><U59/><E38/><V135/><F130/><W100/><G68/><T85/><D2/><U34/><E131/><V30/><F50/><W41/><G41/><T57/><D85/><U10/><E10/><V43/><F43/><W13/><G99/><T118/><D94/><N who="2" m="35882" /><F29/><W9/><G9/><T107/><D107/><U120/><E120/><V28/><F30/><W47/><G47/><T37/><D118/><U75/><E75/><V5/><F5/><N who="3" m="3311" /><G14/><T90/><D37/><U6/><E6/><V121/><F121/><W25/><G25/><T119/><D119/><U7/><E7/><V70/><F70/><W3/><G3/><T64/><D90/><U19/><E33/><N who="2" m="20631" /><F16/><W133/><G133/><AGARI ba="1,0" hai="61,66,71,114,115,133,134,135" m="20631,35882" machi="133" ten="30,3900,0" yaku="20,1,52,2" doraHai="110" who="2" fromWho="3" sc="363,0,149,0,257,42,231,-42" /><INIT seed="5,0,0,4,1,115" ten="363,149,299,189" oya="1" hai0="94,113,66,4,71,46,57,23,80,55,133,70,88" hai1="101,108,16,39,3,130,102,114,89,77,65,37,36" hai2="21,104,105,79,111,99,132,134,126,107,83,69,10" hai3="13,58,5,47,76,84,64,97,91,131,19,14,129"/><U54/><E3/><V6/><F69/><W98/><G76/><T67/><D113/><U93/><E114/><V59/><F111/><W92/><G47/><T53/><D133/><N who="2" m="51306" /><F126/><W12/><G5/><T123/><D123/><U63/><E130/><N who="3" m="49674" /><G19/><T29/><D4/><U118/><E77/><V96/><F59/><W90/><G91/><T121/><D71/><U106/><E106/><V60/><F21/><W38/><G38/><T32/><D70/><U72/><E72/><N who="2" m="43495" /><F60/><AGARI ba="0,0" hai="12,13,14,58,60,64,84,90,92,97,98" m="49674" machi="60" ten="30,1000,0" yaku="19,1" doraHai="115" who="3" fromWho="2" sc="363,0,149,0,299,-10,189,10" /><INIT seed="6,0,0,5,3,116" ten="363,149,289,199" oya="2" hai0="77,74,3,42,63,133,39,64,82,4,6,29,34" hai1="123,24,71,108,127,51,102,26,132,47,91,122,36" hai2="38,35,25,60,78,56,134,89,104,135,99,2,33" hai3="115,70,44,53,49,80,107,112,48,119,105,130,124"/><V46/><F2/><W86/><G119/><T73/><D73/><U100/><E108/><V31/><F78/><W97/><G130/><T98/><D133/><U61/><E132/><N who="2" m="50731" /><F35/><W92/><G70/><T18/><D18/><U118/><E118/><V1/><F1/><W83/><G124/><T37/><D98/><U17/><E36/><V66/><F89/><N who="3" m="55439" /><G49/><T16/><D16/><U7/><E7/><V110/><F110/><W52/><G53/><T76/><D76/><U75/><E75/><V95/><F104/><N who="3" m="40011" /><G86/><T13/><D42/><U120/><E91/><N who="2" m="55807" /><F38/><W41/><G41/><T68/><D4/><U50/><E127/><V87/><F46/><W9/><G9/><N who="0" m="2271" /><D13/><U57/><E71/><V131/><F87/><W30/><G30/><T65/><D64/><N who="1" m="38959" /><E51/><V69/><F69/><W111/><G111/><T0/><D0/><U129/><E129/><AGARI ba="0,0" hai="25,31,33,56,60,66,129,131" m="55807,50731" machi="129" ten="30,1500,0" yaku="20,1" doraHai="116" who="2" fromWho="1" sc="363,0,149,-15,289,15,199,0" /><INIT seed="6,1,0,5,4,80" ten="363,134,304,199" oya="2" hai0="130,39,101,113,135,120,50,10,42,35,108,125,74" hai1="105,65,87,16,78,81,133,49,69,52,121,114,72" hai2="90,67,92,106,103,24,19,43,5,89,73,93,56" hai3="66,28,54,27,29,85,3,38,110,13,88,33,115"/><V34/><F73/><W58/><G110/><T96/><RYUUKYOKU type="yao9" ba="1,0" sc="363,0,134,0,304,0,199,0" hai0="10,35,39,42,50,74,96,101,108,113,120,125,130,135" /><INIT seed="6,2,0,0,3,100" ten="363,134,304,199" oya="2" hai0="115,61,106,125,70,40,42,35,46,22,113,50,39" hai1="109,59,65,16,27,107,123,72,81,135,95,94,64" hai2="80,103,116,130,51,105,37,36,17,5,92,43,129" hai3="11,6,4,47,76,7,114,30,33,85,3,58,20"/><V121/><F116/><W104/><G114/><N who="0" m="43531" /><D35/><U88/><E109/><V31/><F121/><W86/><G33/><T126/><D106/><U67/><E135/><V133/><F133/><W98/><G47/><N who="0" m="23967" /><D22/><U25/><E123/><V128/><F31/><W49/><G30/><T93/><D93/><U66/><E107/><V102/><F5/><W120/><G20/><T74/><D74/><U83/><N who="1" m="16384" /><DORA hai="78" /><U21/><E27/><V60/><F60/><W45/><G58/><T0/><D61/><U108/><E108/><V56/><F92/><N who="1" m="35369" /><E72/><V38/><F105/><W28/><G28/><T24/><D24/><U2/><E2/><V91/><F17/><W111/><G111/><T124/><D0/><U90/><E59/><V9/><F9/><W118/><G118/><T55/><D70/><U54/><E54/><AGARI ba="2,0" hai="42,46,50,54,55,124,125,126" m="23967,43531" machi="54" ten="40,8000,1" yaku="18,1,15,1,34,2" doraHai="100,78" who="0" fromWho="1" sc="363,86,134,-86,304,0,199,0" /><INIT seed="7,0,0,5,2,3" ten="449,48,304,199" oya="3" hai0="63,14,6,98,11,24,82,20,53,56,116,85,121" hai1="123,131,110,69,42,94,71,34,73,10,64,72,67" hai2="43,22,120,117,83,90,1,103,23,128,130,93,108" hai3="96,59,27,61,38,47,124,26,33,29,68,60,28"/><W31/><G124/><T41/><D121/><U129/><E94/><V101/><F108/><W21/><G31/><T122/><D122/><U119/><E42/><V135/><F120/><W52/><G96/><T44/><D98/><U95/><E123/><V48/><F135/><W125/><G125/><T8/><D8/><U39/><E95/><V126/><F1/><W107/><G107/><T49/><D116/><U35/><E10/><V16/><F126/><W2/><G2/><T54/><D54/><U74/><E39/><V88/><F83/><W0/><G0/><T30/><D82/><U109/><E119/><V32/><F32/><W13/><G13/><T4/><D85/><U15/><E15/><N who="2" m="9503" /><F23/><W118/><G118/><T106/><D106/><U50/><E50/><V75/><F75/><W18/><G29/><T65/><D41/><U5/><REACH who="1" step="1"/><E74/><REACH who="1" ten="449,38,304,199" step="2"/><V99/><F117/><W104/><G38/><T40/><D40/><U91/><E91/><V58/><F90/><W78/><G104/><T111/><D111/><U112/><E112/><V92/><F43/><W87/><G27/><T55/><D55/><U133/><E133/><V57/><F88/><W77/><G52/><T45/><D45/><U19/><E19/><AGARI ba="0,1" hai="4,6,11,14,19,20,24,30,44,49,53,56,63,65" machi="19" ten="30,7700,0" yaku="7,1,8,1,52,2" doraHai="3" who="0" fromWho="1" sc="449,87,38,-77,304,0,199,0" owari="536,64.0,-39,-54.0,304,10.0,199,-20.0" /></mjloggm>