<mjloggm ver="2.3"><GO type="169" lobby="0"/><UN n0="%E3%81%B5%E3%82%8A%E3%81%AA%E3%81%9F%CE%B1" n1="%E7%B4%A0%E6%99%B4%E3%82%89%E3%81%97%E3%81%8D%E6%97%A5%E3%80%85" n2="%E6%81%A9%E7%94%B0%E5%B8%8C" n3="%E5%AE%89%E6%96%8E" dan="16,17,16,17" rate="2052.83,2133.20,2128.29,2215.70" sx="M,M,F,F"/><TAIKYOKU oya="0"/><INIT seed="0,0,0,0,0,107" ten="250,250,250,250" oya="0" hai0="73,65,92,135,77,3,27,90,126,103,86,67,85" hai1="94,59,54,98,33,28,15,93,84,20,26,22,14" hai2="30,118,48,25,44,111,69,81,66,17,74,83,56" hai3="105,35,11,79,52,130,96,80,41,16,10,31,104"/><T76/><D3/><U106/><E106/><V115/><F115/><W82/><G130/><T122/><D122/><U57/><E33/><V131/><F131/><W51/><G41/><T68/><D135/><U87/><E26/><V0/><F0/><W2/><G82/><T24/><D68/><U70/><E70/><V133/><F133/><W1/><G1/><T112/><D126/><U64/><E64/><V32/><F17/><W46/><G96/><T21/><D103/><U23/><E28/><V8/><F8/><W42/><G10/><T61/><D73/><U128/><E128/><V121/><F81/><W102/><G102/><T13/><D86/><N who="1" m="32811" /><E54/><V37/><F37/><W125/><G125/><T109/><D112/><U129/><E129/><V38/><F38/><W114/><G114/><T127/><D127/><U53/><E53/><V47/><F66/><W18/><G35/><T60/><D67/><U116/><E98/><V117/><F25/><N who="0" m="9802" /><D65/><U9/><E9/><V6/><F69/><W110/><G31/><T4/><D109/><U63/><E63/><N who="0" m="24137" /><D21/><U55/><E116/><V49/><F30/><W113/><G110/><T45/><D45/><U97/><E55/><V29/><F29/><W89/><G113/><T50/><D50/><U119/><E119/><V134/><F32/><W5/><G104/><T72/><D72/><U78/><E78/><V58/><F111/><W40/><G105/><T7/><D4/><U12/><E97/><V95/><F117/><W124/><G124/><T120/><D120/><U34/><E34/><V101/><F118/><W71/><G71/><RYUUKYOKU ba="0,0" sc="250,15,250,15,250,-15,250,-15" hai0="7,13,76,77,85,90,92" hai1="12,14,15,20,22,23,57,59,93,94" /><INIT seed="0,1,0,2,4,44" ten="265,265,235,235" oya="0" hai0="16,110,121,39,94,116,132,127,9,31,88,111,60" hai1="114,106,29,58,126,92,105,128,75,26,28,18,84" hai2="32,115,62,8,15,100,55,81,36,40,20,24,80" hai3="103,95,119,124,22,41,2,113,56,68,6,3,1"/><T67/><D116/><U130/><E75/><V10/><F32/><W135/><G68/><N who="0" m="42087" /><D121/><U25/><E114/><V63/><F115/><W52/><G113/><T17/><D132/><U13/><E126/><V131/><F131/><N who="1" m="50217" /><E58/><V99/><F40/><W93/><G119/><T57/><D39/><U27/><E84/><V96/><F36/><W53/><G135/><T107/><D107/><N who="1" m="40971" /><E92/><V66/><F66/><W61/><G124/><T90/><D31/><N who="1" m="11851" /><E13/><V117/><F15/><W71/><G71/><T89/><D127/><U82/><E82/><V33/><F33/><W83/><G83/><T69/><D69/><U23/><AGARI ba="1,0" hai="18,23,25,26,27" m="11851,40971,50217" machi="23" ten="40,1500,0" yaku="19,1" doraHai="44" who="1" fromWho="1" sc="265,-8,265,18,235,-5,235,-5" /><INIT seed="1,0,0,0,1,30" ten="257,283,230,230" oya="1" hai0="110,26,90,12,95,87,38,82,135,45,57,31,18" hai1="62,0,94,133,53,124,70,9,52,128,17,3,113" hai2="29,25,83,114,11,100,103,117,27,109,96,122,61" hai3="41,22,66,131,108,74,120,78,92,86,123,79,84"/><U111/><E113/><V39/><F117/><W126/><G41/><T46/><D110/><U89/><E111/><V54/><F39/><W91/><G66/><T112/><D112/><U127/><E70/><V55/><F109/><W107/><G108/><T48/><D38/><U130/><E62/><V118/><F118/><W77/><G22/><N who="0" m="15831" /><D82/><U50/><E53/><V68/><F68/><W115/><G115/><T65/><D135/><U51/><E51/><V88/><F25/><W28/><G28/><T36/><D36/><U69/><E69/><V35/><F122/><N who="3" m="46635" /><G107/><T15/><D15/><N who="1" m="7407" /><E133/><V102/><F11/><W93/><G131/><N who="1" m="50218" /><E0/><V67/><F114/><W106/><G106/><T59/><D65/><U2/><E2/><V98/><F67/><W81/><G126/><T5/><D46/><N who="1" m="27735" /><E3/><V76/><F61/><W24/><G24/><T49/><D49/><U116/><E116/><V4/><F54/><W104/><G104/><T14/><D48/><U21/><E21/><V33/><F55/><W125/><G125/><T8/><D45/><U75/><E75/><V19/><F29/><W64/><G64/><T42/><D42/><U16/><E16/><V13/><F19/><W99/><G74/><T121/><D121/><U119/><E119/><V97/><F35/><W7/><G7/><T23/><AGARI ba="0,0" hai="5,8,12,14,18,23,57,59,87,90,95" m="15831" machi="23" ten="30,1100,0" yaku="8,1" doraHai="30" who="0" fromWho="0" sc="257,11,283,-5,230,-3,230,-3" /><INIT seed="2,0,0,4,2,129" ten="268,278,227,227" oya="2" hai0="134,127,73,39,50,35,43,66,74,95,12,114,67" hai1="9,8,14,25,104,116,29,120,100,125,4,106,40" hai2="62,19,33,60,135,79,80,17,122,2,20,21,16" hai3="0,31,57,10,30,81,47,105,117,86,54,63,113"/><V28/><F122/><W82/><G117/><T38/><D114/><U46/><E116/><V26/><F2/><W119/><G119/><T44/><D127/><U83/><E125/><V115/><F115/><W22/><G113/><T13/><D35/><U110/><E100/><V7/><F7/><W36/><G105/><T128/><D128/><U111/><E9/><V92/><F92/><W84/><G0/><T90/><D134/><U34/><E120/><V23/><REACH who="2" step="1"/><F135/><REACH who="2" ten="268,278,217,227" step="2"/><W45/><G82/><T61/><D95/><U52/><E83/><V97/><F97/><W70/><G81/><T102/><D74/><AGARI ba="0,1" hai="16,17,19,20,21,23,26,28,33,60,62,74,79,80" machi="74" ten="40,3900,0" yaku="1,1,54,1,53,0" doraHai="129" doraHaiUra="96" who="2" fromWho="0" sc="268,-39,278,0,217,49,227,0" /><INIT seed="2,1,0,5,2,104" ten="229,278,266,227" oya="2" hai0="72,103,41,36,5,26,67,112,63,28,74,39,123" hai1="20,48,97,31,118,3,106,70,40,78,42,12,32" hai2="96,62,2,59,117,27,45,105,102,124,115,93,99" hai3="100,19,79,129,68,111,55,130,8,94,57,90,107"/><V110/><F115/><W131/><G111/><T9/><D112/><U80/><E3/><V84/><F2/><W61/><G68/><N who="0" m="42111" /><D103/><U116/><E70/><V77/><F117/><W49/><G79/><T0/><D123/><U83/><E32/><V134/><F45/><W98/><G49/><T25/><D25/><U1/><E1/><V101/><F27/><W16/><REACH who="3" step="1"/><G8/><REACH who="3" ten="229,278,266,217" step="2"/><T114/><D114/><U128/><E78/><V65/><F110/><W43/><G43/><T95/><D41/><U64/><E48/><V125/><F134/><W85/><AGARI ba="1,1" hai="16,19,55,57,61,85,90,94,98,100,107,129,130,131" machi="85" ten="30,7900,0" yaku="1,1,0,1,19,1,54,1,53,0" doraHai="104" doraHaiUra="121" who="3" fromWho="3" sc="229,-21,278,-21,266,-40,217,92" /><INIT seed="3,0,0,4,2,116" ten="208,257,226,309" oya="3" hai0="1,51,4,13,68,100,135,75,80,76,90,65,109" hai1="64,129,34,16,91,42,89,7,125,124,110,117,57" hai2="33,45,123,79,130,98,26,28,37,86,3,17,35" hai3="18,121,39,105,113,84,67,23,29,83,15,14,71"/><W0/><G113/><T81/><D135/><U6/><E34/><V70/><F70/><W133/><G0/><T66/><D109/><U59/><E110/><V11/><F98/><W58/><G39/><T106/><D1/><U74/><E74/><V94/><F130/><W49/><G105/><T101/><D51/><U111/><E111/><V88/><F79/><W5/><G133/><T22/><D68/><U93/><E117/><V99/><F33/><W72/><G72/><T48/><D48/><U60/><E129/><V73/><F73/><W102/><G102/><T50/><D50/><U25/><E42/><V82/><F17/><W53/><G29/><T119/><D119/><U36/><E59/><V126/><F126/><N who="1" m="48745" /><E36/><V92/><F92/><W8/><G71/><T115/><D115/><U103/><E103/><N who="0" m="39497" /><D106/><U107/><E107/><V104/><F104/><W134/><G134/><T56/><D56/><U120/><E120/><V41/><F123/><W43/><G121/><T118/><D118/><U27/><E91/><V132/><F132/><W96/><G43/><T31/><D31/><U108/><E108/><V78/><F3/><W32/><G32/><T128/><D128/><U46/><E46/><V19/><F19/><W85/><G67/><T24/><D66/><U61/><E61/><V30/><F28/><W21/><G18/><N who="0" m="12375" /><D65/><U77/><E77/><V62/><F62/><W40/><G40/><T114/><D114/><U69/><E69/><V2/><F2/><W87/><G58/><T95/><D75/><U9/><E64/><V52/><F52/><W55/><G53/><RYUUKYOKU ba="0,0" sc="208,-10,257,-10,226,30,309,-10" hai2="11,26,30,35,37,41,45,78,82,86,88,94,99" /><INIT seed="4,1,0,4,0,2" ten="198,247,256,299" oya="0" hai0="3,24,22,95,5,14,85,73,65,84,122,34,88" hai1="6,16,66,72,130,124,53,55,110,47,76,68,79" hai2="44,133,98,11,52,64,94,89,80,30,135,39,59" hai3="13,101,19,108,127,121,116,120,18,92,8,93,134"/><T61/><D73/><U7/><E110/><V67/><F30/><W15/><G108/><T106/><D106/><U129/><E124/><V12/><F80/><W125/><G116/><T74/><D74/><U128/><E72/><V43/><F133/><W109/><G109/><T62/><D34/><U31/><E31/><V10/><F135/><W96/><G134/><T118/><D118/><U77/><E16/><N who="3" m="6186" /><G92/><T115/><D3/><U75/><E75/><V81/><F81/><W21/><G21/><T40/><D40/><U117/><E117/><V17/><REACH who="2" step="1"/><F11/><REACH who="2" ten="198,247,246,299" step="2"/><W54/><G8/><N who="0" m="4367" /><D122/><N who="3" m="47209" /><G127/><T57/><D115/><U87/><E87/><V107/><F107/><W41/><G125/><T99/><D61/><AGARI ba="1,1" hai="10,12,17,39,43,44,52,59,61,64,67,89,94,98" machi="61" ten="30,3900,0" yaku="1,1,7,1,54,1,53,0" doraHai="2" doraHaiUra="103" who="2" fromWho="0" sc="198,-42,247,0,246,52,299,0" /><INIT seed="5,0,0,2,4,128" ten="156,247,298,299" oya="1" hai0="53,72,19,68,74,6,91,106,29,103,119,56,132" hai1="120,10,133,73,85,121,37,1,9,83,67,129,4" hai2="89,8,117,3,58,60,32,95,41,99,17,16,105" hai3="47,39,101,135,75,88,36,78,27,66,64,118,50"/><U20/><E73/><V113/><F117/><W31/><G118/><T81/><D119/><U104/><E104/><V21/><F32/><W111/><G111/><T122/><D68/><U43/><E129/><V96/><F41/><W59/><G101/><T112/><D6/><U15/><E20/><V77/><F77/><W61/><G66/><T125/><D112/><U48/><E67/><V65/><F113/><W126/><G126/><T97/><D125/><U5/><E37/><V22/><F3/><W123/><G123/><T38/><D38/><U116/><E116/><V93/><F105/><W49/><G49/><T2/><D2/><U12/><E1/><V35/><F35/><W33/><G135/><T52/><D29/><U11/><E11/><V84/><F84/><W34/><G34/><T92/><D122/><U57/><E133/><V76/><F76/><W25/><G25/><T127/><D132/><U110/><E110/><V26/><F8/><W71/><G71/><T42/><D42/><U24/><E24/><N who="2" m="14375" /><F89/><W90/><G36/><T86/><D127/><U69/><E69/><V54/><F65/><W109/><G39/><T131/><D131/><U46/><REACH who="1" step="1"/><E57/><REACH who="1" ten="156,237,298,299" step="2"/><V63/><F26/><W80/><REACH who="3" step="1"/><G109/><REACH who="3" ten="156,237,298,289" step="2"/><T87/><D106/><U55/><E55/><AGARI ba="0,2" hai="27,31,33,47,50,55,59,61,64,75,78,80,88,90" machi="55" ten="30,7700,0" yaku="1,1,2,1,7,1,54,1,53,0" doraHai="128" doraHaiUra="130" who="3" fromWho="1" sc="156,0,237,-77,298,0,289,97" /><INIT seed="6,0,0,4,0,106" ten="156,160,298,386" oya="2" hai0="97,76,91,24,69,132,35,13,109,28,55,66,113" hai1="103,56,83,130,57,19,122,17,44,128,123,18,90" hai2="65,101,86,82,96,70,134,116,75,120,53,127,111" hai3="133,135,1,64,20,12,77,62,37,45,2,26,125"/><V3/><F3/><W108/><G108/><T105/><D109/><U7/><E103/><V21/><F111/><W33/><G33/><T115/><D76/><U11/><E44/><V119/><F120/><N who="1" m="46121" /><E90/><V50/><F75/><W94/><G12/><T60/><D132/><N who="3" m="50761" /><G125/><T78/><D78/><U100/><E83/><V59/><F127/><W81/><G94/><T79/><D79/><U68/><E68/><V4/><F4/><W85/><G45/><T112/><D13/><N who="1" m="5375" /><E100/><V58/><F21/><W42/><G42/><T6/><D6/><U25/><E25/><V36/><F36/><W10/><G10/><T114/><N who="0" m="28672" /><DORA hai="14" /><T80/><D80/><U71/><E71/><V51/><F70/><N who="3" m="42263" /><G37/><T40/><D40/><U23/><E23/><V117/><F134/><W104/><G104/><T102/><D91/><U31/><E31/><AGARI ba="0,0" hai="1,2,20,26,31,77,81,85" m="42263,50761" machi="31" ten="30,1000,0" yaku="20,1" doraHai="106,14" who="3" fromWho="1" sc="156,0,160,-10,298,0,386,10" /><INIT seed="7,0,0,0,2,15" ten="156,150,298,396" oya="3" hai0="106,79,33,126,5,123,120,118,75,21,9,44,39" hai1="84,18,12,135,64,111,63,104,102,99,85,41,52" hai2="107,53,58,11,69,71,8,3,109,125,17,124,0" hai3="1,132,27,40,49,61,65,114,57,51,122,14,115"/><W116/><G122/><T129/><D21/><U78/><E111/><V36/><F36/><W6/><G116/><T112/><D118/><U62/><E135/><V90/><F109/><W43/><G1/><N who="0" m="175" /><D129/><U2/><E2/><V80/><F107/><W30/><G132/><T98/><D126/><U83/><E41/><N who="3" m="15946" /><G6/><T103/><D33/><U26/><E26/><V96/><F58/><W73/><G73/><T119/><D112/><N who="3" m="43049" /><G14/><T68/><D119/><U66/><E84/><V95/><F80/><W24/><G24/><T10/><D10/><U72/><E72/><V46/><F46/><W32/><AGARI ba="0,0" hai="27,30,32,49,51,57,61,65" m="43049,15946" machi="32" ten="30,1500,0" yaku="15,1" doraHai="15" who="3" fromWho="3" sc="156,-5,150,-5,298,-5,396,15" owari="151,-25.0,145,-35.0,293,9.0,411,51.0" /></mjloggm>