<mjloggm ver="2.3"><GO type="169" lobby="0"/><UN n0="%E8%83%83%E3%81%A8%E8%85%B8" n1="%E8%B5%A4%E5%9F%8E%E3%81%BF%E3%82%8A%E3%81%82" n2="%E4%BD%90%E8%97%A4%E3%82%AB%E3%82%A4%E3%82%B8" n3="%E3%83%81%E3%82%A7%EF%BC%81%E3%83%86%E3%83%90%E3%83%A9" dan="18,16,18,16" rate="2193.58,2122.48,2228.09,2010.71" sx="M,F,M,M"/><TAIKYOKU oya="0"/><INIT seed="0,0,0,1,1,135" ten="250,250,250,250" oya="0" hai0="77,107,44,80,43,7,62,23,40,72,106,126,122" hai1="109,18,69,45,89,114,56,88,118,119,4,67,105" hai2="12,10,95,39,22,100,27,52,128,61,26,84,20" hai3="19,15,74,83,9,37,31,0,65,73,36,93,124"/><T92/><D122/><U117/><E105/><V2/><F39/><W32/><G65/><T14/><D40/><U111/><E69/><V108/><F108/><N who="1" m="41545" /><E114/><V5/><F128/><W49/><G0/><T59/><D92/><U82/><E4/><V55/><F2/><W58/><G93/><T75/><D72/><U99/><E99/><N who="2" m="59519" /><F84/><W68/><G68/><T110/><D110/><U48/><E18/><N who="2" m="12631" /><F61/><W85/><G37/><T57/><D106/><U115/><E115/><V104/><F104/><W24/><G36/><T78/><D107/><U98/><E98/><V17/><AGARI ba="0,0" hai="5,10,12,17,20,27,52,55" m="12631,59519" machi="17" ten="30,2000,0" yaku="8,1,54,1" doraHai="135" who="2" fromWho="2" sc="250,-10,250,-5,250,20,250,-5" /><INIT seed="1,0,0,2,4,30" ten="240,245,270,245" oya="1" hai0="26,45,131,93,110,109,44,52,79,11,128,57,3" hai1="118,107,21,15,54,84,0,96,119,43,120,80,71" hai2="49,28,122,5,58,7,69,20,91,76,14,129,101" hai3="34,63,133,105,42,78,19,134,92,22,81,88,70"/><U111/><E120/><V73/><F69/><W31/><G105/><T104/><D104/><U85/><E0/><V2/><F122/><W115/><G115/><T6/><D79/><U125/><E125/><V59/><F2/><W106/><G106/><T40/><D93/><U27/><E71/><V135/><F101/><W25/><G42/><T121/><D26/><U50/><E43/><V117/><F117/><W126/><G126/><T55/><D121/><U51/><E15/><V99/><F135/><N who="3" m="51723" /><G63/><N who="0" m="36263" /><D55/><U48/><E54/><V89/><F129/><N who="0" m="49738" /><D44/><U39/><E39/><AGARI ba="0,0" hai="3,6,11,39,40,45,109,110" m="49738,36263" machi="39" ten="30,2000,0" yaku="19,1,54,1" doraHai="30" who="0" fromWho="1" sc="240,20,245,-20,270,0,245,0" /><INIT seed="2,0,0,1,5,97" ten="260,225,270,245" oya="2" hai0="122,41,79,7,91,121,1,128,105,44,130,103,14" hai1="6,71,34,116,66,92,83,28,107,16,15,58,12" hai2="39,52,86,31,90,59,124,3,26,35,99,37,102" hai3="40,104,54,0,20,55,42,30,87,81,18,13,63"/><V10/><F124/><W119/><G119/><T47/><D1/><U76/><E116/><V70/><F70/><W45/><G0/><T46/><D79/><U89/><E107/><V88/><F3/><W100/><G30/><T129/><D91/><U27/><E71/><V96/><F10/><W115/><G115/><T117/><D117/><U131/><E131/><V74/><F74/><W56/><G104/><T67/><D67/><U48/><E6/><V4/><F4/><W19/><G19/><T101/><D41/><U93/><E12/><V113/><F99/><W22/><G22/><T108/><D108/><U85/><E76/><V38/><F86/><W77/><G100/><N who="0" m="38475" /><D105/><U78/><E78/><V126/><F126/><W51/><AGARI ba="0,0" hai="13,18,20,40,42,45,51,54,55,56,63,77,81,87" machi="51" ten="30,2000,0" yaku="0,1,8,1" doraHai="97" who="3" fromWho="3" sc="260,-5,225,-5,270,-10,245,20" /><INIT seed="3,0,0,4,5,129" ten="255,220,260,265" oya="3" hai0="123,48,7,31,46,83,64,56,39,70,19,107,101" hai1="21,94,111,61,122,25,67,6,12,40,104,53,68" hai2="96,49,5,69,58,99,11,14,37,127,4,41,65" hai3="108,91,98,128,116,79,62,30,27,17,80,81,0"/><W24/><G116/><T8/><D123/><U120/><E122/><V44/><F127/><W112/><G112/><T75/><D19/><U119/><E104/><V130/><F130/><W20/><G0/><T92/><D107/><U102/><E119/><V72/><F72/><W135/><G128/><T133/><D31/><U90/><E120/><V35/><F35/><W103/><G91/><T33/><D33/><U28/><E111/><V16/><F69/><W88/><G108/><T15/><D70/><U97/><E40/><V52/><REACH who="2" step="1"/><F65/><REACH who="2" ten="255,220,250,265" step="2"/><W100/><G100/><T1/><D64/><U86/><E68/><V85/><F85/><W47/><G103/><T89/><D101/><U110/><E67/><V54/><F54/><W95/><G98/><AGARI ba="0,1" hai="4,5,11,14,16,37,41,44,49,52,58,96,98,99" machi="98" ten="40,8000,1" yaku="1,1,54,2,53,1" doraHai="129" doraHaiUra="71" who="2" fromWho="3" sc="255,0,220,0,250,90,265,-80" /><INIT seed="4,0,0,1,1,130" ten="255,220,340,185" oya="0" hai0="98,70,6,91,41,39,34,59,16,80,46,2,17" hai1="125,106,5,51,77,133,134,129,67,83,23,75,68" hai2="120,48,45,76,7,108,21,36,38,128,114,18,63" hai3="109,100,102,19,118,20,73,90,111,3,27,40,61"/><T13/><D70/><U1/><E106/><V116/><F120/><W86/><G118/><T71/><D71/><U113/><E129/><V26/><F114/><W132/><G73/><T79/><D34/><U127/><E113/><V58/><F108/><W65/><G3/><T52/><D13/><U126/><E51/><V99/><F128/><W96/><G40/><T107/><D107/><U95/><E95/><V110/><F110/><W124/><G124/><T135/><D98/><U25/><E5/><V92/><F76/><W62/><G62/><T112/><D91/><U22/><E1/><V54/><F7/><W15/><G15/><T44/><D44/><U32/><E32/><V88/><REACH who="2" step="1"/><F116/><REACH who="2" ten="255,220,330,185" step="2"/><W55/><G111/><T105/><D112/><U12/><E12/><V64/><AGARI ba="0,1" hai="18,21,26,36,38,45,48,54,58,63,64,88,92,99" machi="64" ten="20,8000,1" yaku="1,1,2,1,0,1,7,1,54,1,53,0" doraHai="130" doraHaiUra="131" who="2" fromWho="2" sc="255,-40,220,-20,330,90,185,-20" /><INIT seed="5,0,0,2,3,76" ten="215,200,420,165" oya="1" hai0="89,36,33,28,106,111,107,73,127,62,55,121,53" hai1="1,125,71,105,23,124,91,116,39,126,113,69,70" hai2="43,130,46,5,79,54,30,109,14,0,88,41,32" hai3="49,93,74,67,86,31,51,135,60,112,99,17,132"/><U44/><E116/><V78/><F0/><W87/><G112/><T134/><D111/><U97/><E1/><V61/><F109/><W45/><G74/><T82/><D127/><U98/><E113/><V16/><F5/><W110/><G110/><T115/><D115/><U11/><E11/><V117/><F117/><W6/><G6/><T4/><D4/><U90/><E23/><V65/><F130/><W103/><G132/><T52/><D134/><U64/><E64/><V72/><F30/><W21/><G135/><T68/><D121/><U29/><E29/><V80/><F32/><W38/><G51/><T63/><D36/><U94/><E105/><V42/><F54/><W34/><G38/><T118/><D118/><U13/><E13/><V8/><F88/><N who="1" m="33833" /><E94/><V131/><F78/><W27/><G17/><T77/><D89/><U12/><E12/><V20/><F131/><W122/><G34/><T120/><D120/><U83/><E83/><V84/><F8/><W25/><G25/><T81/><D81/><U119/><E119/><V18/><F18/><W114/><G122/><T58/><D68/><U102/><E102/><V133/><F72/><W15/><G15/><T40/><D73/><U26/><E26/><V85/><F85/><W47/><G114/><T92/><D33/><U7/><E7/><V96/><F133/><W37/><G37/><T56/><D28/><U22/><E22/><V128/><F128/><W19/><G31/><T95/><D77/><U50/><E39/><N who="2" m="21823" /><F96/><N who="1" m="36969" /><E44/><N who="3" m="16970" /><G49/><AGARI ba="0,0" hai="49,50,69,70,71,124,125,126" m="36969,33833" machi="49" ten="50,12000,1" yaku="28,2,18,1,54,1" doraHai="76" who="1" fromWho="3" sc="215,0,200,120,420,0,165,-120" /><INIT seed="5,1,0,3,1,98" ten="215,320,420,45" oya="1" hai0="132,22,109,85,33,134,28,38,96,121,130,23,64" hai1="82,81,32,116,101,19,50,75,100,41,66,55,58" hai2="92,11,35,9,88,119,131,56,112,45,24,72,128" hai3="99,124,103,40,43,34,80,107,71,39,67,113,29"/><U0/><E116/><V84/><F72/><W8/><G43/><T17/><D64/><U10/><E32/><V108/><F108/><W53/><G53/><T6/><D38/><U61/><E41/><V87/><F119/><W31/><G31/><T21/><D85/><U76/><E81/><V13/><F112/><W5/><G80/><T59/><D59/><U16/><E0/><V30/><F45/><N who="3" m="23711" /><G8/><T73/><D73/><U57/><REACH who="1" step="1"/><E10/><REACH who="1" ten="215,310,420,45" step="2"/><V135/><F11/><W120/><G34/><T69/><D33/><U95/><E95/><V118/><F118/><W2/><G2/><T48/><D109/><U65/><E65/><V133/><F92/><W77/><G67/><T122/><D122/><U1/><E1/><V117/><F117/><W91/><G120/><T114/><D121/><U52/><E52/><V79/><F9/><W127/><G107/><T89/><D6/><U70/><E70/><V83/><F35/><W42/><G71/><T49/><D69/><U102/><AGARI ba="1,1" hai="16,19,50,55,57,58,61,66,75,76,82,100,101,102" machi="102" ten="30,18000,2" yaku="1,1,0,1,52,3,54,1,53,0" doraHai="98" doraHaiUra="90" who="1" fromWho="1" sc="215,-61,310,193,420,-61,45,-61" owari="154,-25.0,503,61.0,359,16.0,-16,-52.0" /></mjloggm>