<mjloggm ver="2.3"><GO type="185" lobby="0"/><UN n0="%E3%81%AE%E3%83%BC%E3%81%97" n1="%E3%83%AA%E3%82%B3%E3%83%BB%E3%83%90%E3%83%B3%E3%83%87%E3%83%A9%E3%82%B9" n2="%E4%BC%8F%E5%B1%8B" n3="" dan="18,17,16,0" rate="2280.36,2205.23,2177.11,1500.00" sx="M,M,M,C"/><TAIKYOKU oya="0"/><INIT seed="0,0,0,2,0,133" ten="350,350,350,0" oya="0" hai0="98,50,59,101,38,134,115,97,55,87,96,40,33" hai1="91,86,62,110,135,104,93,51,117,126,123,129,43" hai2="109,72,63,35,66,56,127,119,94,71,83,114,80" hai3=""/><T54/><D33/><U77/><N who="1" m="31520" /><U102/><E117/><V100/><F114/><T79/><D134/><U42/><E135/><V131/><F35/><T36/><D115/><U81/><E110/><V122/><N who="2" m="31264" /><V108/><F119/><T84/><D101/><U47/><E129/><V67/><F131/><T64/><D64/><U75/><E126/><V44/><F44/><T48/><D40/><U1/><E1/><V85/><F72/><T78/><D96/><U105/><E102/><V46/><F46/><T124/><REACH who="0" step="1"/><D59/><REACH who="0" ten="340,350,350,0" step="2"/><U74/><E43/><V73/><F56/><T60/><D60/><U106/><REACH who="1" step="1"/><E62/><REACH who="1" ten="340,340,350,0" step="2"/><V116/><F116/><T34/><D34/><U111/><E111/><N who="2" m="42571" /><F63/><T120/><N who="0" m="30752" /><T125/><AGARI ba="0,2" hai="36,38,48,50,54,55,78,79,84,87,97,98,124,125" m="30752" machi="125" ten="25,16000,3" yaku="1,1,4,1,0,1,22,2,52,3,53,1" doraHai="133" doraHaiUra="118" who="0" fromWho="0" sc="340,180,340,-80,350,-80,0,0" /><INIT seed="0,1,0,3,4,103" ten="520,260,270,0" oya="0" hai0="68,106,123,75,119,96,76,40,45,86,51,121,111" hai1="127,109,131,110,97,114,91,65,84,61,66,70,38" hai2="89,132,55,57,52,116,46,62,53,41,3,54,44" hai3=""/><T113/><N who="0" m="31008" /><T90/><N who="0" m="31520" /><T34/><D34/><U50/><E38/><V115/><F3/><T59/><D119/><U107/><E131/><V77/><F115/><T0/><D113/><U58/><E114/><V67/><F77/><T88/><D0/><U78/><E78/><V94/><F116/><T39/><D68/><U49/><E127/><V87/><F132/><T130/><D130/><U129/><E129/><V133/><F133/><T85/><D75/><U112/><E112/><V120/><N who="2" m="30752" /><V101/><N who="2" m="13312" /><DORA hai="83" /><V134/><F101/><T35/><D59/><U93/><E66/><V43/><F134/><T74/><D111/><N who="1" m="42507" /><E70/><V60/><REACH who="2" step="1"/><F62/><REACH who="2" ten="520,260,260,0" step="2"/><T42/><D76/><U80/><E107/><V117/><F117/><T105/><D105/><U71/><E71/><V47/><AGARI ba="1,1" hai="41,43,44,46,47,57,60,67,87,89,94" m="13312,30752" machi="47" ten="50,9000,2" yaku="1,1,0,1,8,1,52,2,54,1,53,1" doraHai="103,83" doraHaiUra="126,82" who="2" fromWho="2" sc="520,-61,260,-31,260,102,0,0" /><INIT seed="1,0,0,2,1,2" ten="459,229,362,0" oya="1" hai0="89,67,119,135,102,48,46,122,44,92,112,120,45" hai1="38,69,103,74,57,63,37,124,1,65,55,105,50" hai2="68,108,53,94,33,56,96,73,75,61,100,97,87" hai3=""/><U52/><E1/><V64/><F108/><T117/><N who="0" m="30752" /><T107/><N who="0" m="31264" /><T93/><D112/><U49/><E74/><V59/><F68/><T42/><D135/><U126/><E103/><V113/><F113/><T91/><D107/><U80/><E80/><V134/><F134/><T101/><D67/><U104/><E104/><V133/><F133/><T111/><D111/><U116/><E105/><V127/><F127/><N who="1" m="48681" /><E116/><N who="0" m="44617" /><D48/><U83/><E83/><V85/><F97/><T66/><D66/><U36/><E36/><V88/><F33/><T77/><D77/><U41/><E41/><V110/><F110/><T86/><D42/><U84/><E84/><AGARI ba="0,0" hai="44,45,46,84,86,89,91,92,93,101,102" m="44617,31264,30752" machi="84" ten="30,3900,0" yaku="12,1,52,2" doraHai="2" who="0" fromWho="1" sc="459,39,229,-39,362,0,0,0" /><INIT seed="2,0,0,1,2,128" ten="498,190,362,0" oya="2" hai0="40,76,91,71,89,50,90,57,118,79,131,63,49" hai1="59,51,75,43,62,93,106,88,114,94,97,81,134" hai2="102,35,42,121,92,44,45,113,52,37,36,38,83" hai3=""/><V100/><N who="2" m="31008" /><V112/><F35/><T69/><D131/><U110/><E114/><V74/><F92/><T55/><D118/><U82/><E106/><V104/><F104/><T111/><D111/><U122/><N who="1" m="31264" /><U61/><E110/><V116/><F116/><T34/><D34/><U85/><E134/><V48/><F102/><T80/><D79/><U98/><E75/><V96/><F83/><T119/><D119/><U73/><E73/><V0/><F74/><T117/><D117/><U70/><E70/><V99/><F0/><T46/><REACH who="0" step="1"/><D63/><REACH who="0" ten="488,190,362,0" step="2"/><U65/><E62/><V68/><F112/><T123/><N who="0" m="31520" /><T54/><D54/><U32/><E32/><V129/><F113/><T66/><D66/><U132/><E132/><V135/><F129/><T108/><D108/><U64/><E65/><V47/><F135/><T53/><D53/><U3/><E3/><V86/><F68/><T41/><D41/><U125/><E43/><V95/><F42/><T58/><D58/><U130/><E130/><V84/><F99/><T1/><D1/><U107/><E98/><V2/><F2/><T72/><AGARI ba="0,1" hai="40,46,49,50,55,57,69,71,72,76,80,89,90,91" m="31520" machi="72" ten="30,6000,1" yaku="1,1,0,1,52,1,53,2" doraHai="128" doraHaiUra="67" who="0" fromWho="0" sc="488,70,190,-20,362,-40,0,0" /><INIT seed="4,0,0,0,3,67" ten="558,170,322,0" oya="0" hai0="116,74,2,98,41,53,134,47,127,42,72,43,77" hai1="112,109,120,110,50,121,100,118,79,71,80,105,107" hai2="36,123,76,46,66,39,62,55,91,90,58,32,117" hai3=""/><T119/><D2/><U95/><N who="1" m="30752" /><U56/><N who="1" m="31008" /><U63/><E118/><V64/><N who="2" m="31520" /><V75/><F32/><T131/><D134/><U125/><E125/><V103/><F117/><T93/><D127/><U44/><E112/><V49/><F66/><T38/><D131/><U115/><E115/><V82/><F103/><T88/><D119/><U52/><E71/><V35/><F35/><T96/><D116/><U122/><N who="1" m="31264" /><U104/><E95/><V106/><F106/><T124/><D124/><U40/><REACH who="1" step="1"/><E100/><REACH who="1" ten="558,160,322,0" step="2"/><V78/><F78/><T59/><D77/><U37/><E37/><V57/><F39/><T108/><D38/><U101/><E101/><V129/><F129/><T61/><D98/><U99/><E99/><V51/><F36/><T69/><D69/><U135/><E135/><V83/><REACH who="2" step="1"/><F82/><REACH who="2" ten="558,160,312,0" step="2"/><T54/><D93/><U89/><E89/><V70/><F70/><T92/><D88/><U84/><AGARI ba="0,2" hai="40,44,50,52,56,63,79,80,84,104,105,107,109,110" m="31264,31008,30752" machi="84" ten="30,9000,2" yaku="1,1,0,1,52,3,54,1,53,0" doraHai="67" doraHaiUra="130" who="1" fromWho="1" sc="558,-60,160,110,312,-30,0,0" /><INIT seed="5,0,0,4,2,1" ten="498,270,282,0" oya="1" hai0="104,45,90,46,77,40,83,120,110,117,84,49,43" hai1="94,85,60,50,101,78,121,67,135,93,134,81,57" hai2="58,95,44,133,75,123,80,53,108,96,73,42,118" hai3=""/><U68/><N who="1" m="31008" /><U91/><E101/><V76/><N who="2" m="31520" /><V100/><F108/><T41/><N who="0" m="30752" /><T87/><D104/><U124/><E124/><V37/><F118/><T61/><D110/><U55/><REACH who="1" step="1"/><E94/><REACH who="1" ten="498,260,282,0" step="2"/><V3/><F3/><T64/><D117/><U88/><E88/><V65/><F133/><T0/><D0/><U72/><AGARI ba="0,1" hai="50,55,57,60,67,68,72,78,81,85,91,93,134,135" m="31008" machi="72" ten="30,8000,1" yaku="1,1,0,1,52,1,53,2" doraHai="1" doraHaiUra="130" who="1" fromWho="1" sc="498,-40,260,90,282,-40,0,0" /><INIT seed="5,1,0,2,0,94" ten="458,350,242,0" oya="1" hai0="76,111,101,117,37,48,58,41,72,98,118,46,93" hai1="115,89,1,62,32,0,2,42,84,102,54,112,71" hai2="79,3,106,90,134,33,107,135,59,104,35,88,51" hai3=""/><U60/><E32/><V40/><F3/><T34/><D34/><N who="2" m="12810" /><F79/><T36/><D111/><U74/><E74/><V55/><F40/><T126/><D126/><U131/><E42/><V109/><F109/><T73/><D58/><U56/><E102/><V81/><F81/><T120/><N who="0" m="30752" /><T39/><D76/><U64/><REACH who="1" step="1"/><E131/><REACH who="1" ten="458,340,242,0" step="2"/><V50/><F50/><T45/><D73/><U38/><E38/><V123/><N who="2" m="31520" /><V85/><F51/><T78/><D46/><U108/><E108/><V66/><F66/><T91/><D72/><U97/><E97/><V122/><N who="2" m="31264" /><V49/><F85/><T100/><D101/><U53/><E53/><V105/><N who="2" m="26624" /><DORA hai="44" /><V103/><F103/><T116/><D100/><U119/><E119/><V82/><F82/><AGARI ba="1,1" hai="0,1,2,54,56,60,62,64,71,82,84,89,112,115" machi="82" ten="40,3900,0" yaku="1,1,53,1" doraHai="94,44" doraHaiUra="130,86" who="1" fromWho="2" sc="458,0,340,51,242,-41,0,0" /><INIT seed="5,2,0,5,4,38" ten="458,391,201,0" oya="1" hai0="75,53,74,39,73,32,80,103,77,36,85,62,35" hai1="94,83,100,114,125,63,40,121,59,128,46,47,67" hai2="104,133,69,96,65,60,88,45,93,127,91,55,72" hai3=""/><U50/><N who="1" m="31008" /><U116/><E116/><V118/><F118/><T87/><D103/><U102/><E114/><V82/><F133/><T41/><D87/><U71/><E128/><V101/><F127/><T52/><D62/><U84/><E125/><V89/><F55/><T2/><D2/><U98/><E102/><V90/><F45/><T66/><D66/><U106/><E106/><V107/><N who="2" m="22528" /><DORA hai="120" /><V135/><REACH who="2" step="1"/><F135/><REACH who="2" ten="458,391,191,0" step="2"/><T56/><D53/><U43/><E47/><V42/><F42/><T0/><D52/><U119/><E119/><V117/><F117/><T129/><D41/><U130/><E43/><V109/><F109/><T97/><D0/><U76/><REACH who="1" step="1"/><E130/><REACH who="1" ten="458,381,191,0" step="2"/><V49/><F49/><T123/><N who="0" m="31520" /><T68/><D129/><U78/><E78/><AGARI ba="2,2" hai="60,65,69,72,78,82,93,96,101,104,107" m="22528" machi="78" ten="50,3200,0" yaku="1,1,54,1,53,0" doraHai="38,120" doraHaiUra="33,126" who="2" fromWho="1" sc="458,0,381,-36,191,56,0,0" /><INIT seed="6,0,0,2,4,114" ten="458,345,247,0" oya="2" hai0="105,51,96,67,41,75,98,2,79,127,91,115,0" hai1="113,101,97,123,59,71,56,82,3,34,63,132,36" hai2="120,112,107,70,61,53,65,66,32,129,85,104,106" hai3=""/><V86/><N who="2" m="30752" /><V78/><F32/><T76/><D127/><U33/><N who="1" m="31520" /><U68/><E3/><V44/><F112/><T80/><D115/><U134/><E113/><V130/><F78/><T57/><D79/><U89/><E36/><V87/><F66/><T46/><D98/><U94/><E59/><V133/><F133/><N who="1" m="51305" /><E82/><V49/><AGARI ba="0,0" hai="44,49,53,61,65,70,85,86,87,104,106,107,129,130" m="30752" machi="49" ten="40,2600,0" yaku="0,1,52,1" doraHai="114" who="2" fromWho="2" sc="458,-13,345,-13,247,26,0,0" /><INIT seed="6,1,0,1,4,112" ten="445,332,273,0" oya="2" hai0="79,127,43,89,75,34,120,85,134,82,90,92,50" hai1="1,62,40,37,115,48,108,123,95,110,61,73,81" hai2="51,54,107,2,83,129,109,96,101,69,38,70,0" hai3=""/><V39/><F109/><T126/><N who="0" m="30752" /><T76/><D34/><U45/><N who="1" m="31520" /><U106/><E106/><V116/><F116/><T97/><D134/><U100/><E1/><V130/><F83/><T80/><D43/><U99/><E115/><V56/><F2/><T131/><D50/><U60/><REACH who="1" step="1"/><E48/><REACH who="1" ten="445,322,273,0" step="2"/><V71/><REACH who="2" step="1"/><F0/><REACH who="2" ten="445,322,263,0" step="2"/><T55/><D127/><U119/><E119/><V49/><F49/><T77/><D126/><U113/><E113/><V124/><F124/><T78/><D55/><U66/><E66/><V57/><F57/><T32/><D32/><U53/><E53/><V47/><F47/><T93/><D131/><AGARI ba="1,2" hai="38,39,51,54,56,69,70,71,96,101,107,129,130,131" machi="131" ten="50,4800,0" yaku="1,1,19,1,53,0" doraHai="112" doraHaiUra="118" who="2" fromWho="0" sc="445,-50,322,0,263,70,0,0" /><INIT seed="6,2,0,3,2,116" ten="395,322,333,0" oya="2" hai0="101,90,112,52,83,88,51,54,94,76,82,60,89" hai1="70,128,102,72,131,117,95,103,73,34,132,33,59" hai2="109,114,66,100,71,77,61,3,37,92,134,42,57" hai3=""/><V50/><F3/><T111/><D111/><U115/><E70/><V106/><F109/><T97/><D112/><U69/><E69/><V58/><F114/><T64/><D51/><U55/><E115/><V87/><F106/><T65/><D83/><U39/><E39/><V0/><F0/><T78/><D78/><U32/><E117/><V47/><F134/><T85/><REACH who="0" step="1"/><D64/><REACH who="0" ten="385,322,333,0" step="2"/><U46/><E34/><V121/><N who="2" m="31008" /><V122/><N who="2" m="31264" /><V125/><F125/><T45/><D45/><U36/><E46/><V124/><F124/><T40/><D40/><U75/><E33/><V44/><F77/><T99/><D99/><U113/><E113/><V86/><F86/><T133/><D133/><U127/><E32/><V135/><F135/><T126/><D126/><U105/><E132/><V120/><N who="2" m="30752" /><V98/><F87/><T2/><D2/><U107/><E127/><V96/><F96/><T80/><D80/><U104/><E75/><V62/><F62/><T91/><N who="0" m="22528" /><DORA hai="118" /><T123/><N who="0" m="31520" /><T130/><D130/><U38/><E73/><V67/><F67/><T41/><D41/><AGARI ba="2,1" hai="37,41,42,44,47,50,57,58,61,66,71,92,98,100" m="30752,31264,31008" machi="41" ten="30,24000,3" yaku="7,1,52,9" doraHai="116,118" who="2" fromWho="0" sc="385,-244,322,0,333,254,0,0" owari="141,-46.0,322,-8.0,587,54.0,0,0.0" /></mjloggm>