<mjloggm ver="2.3"><GO type="169" lobby="0"/><UN n0="%4B%57" n1="%EF%BC%91%EF%BC%90%E9%80%A3%E3%82%AC%E3%83%81%E3%83%A3" n2="%E5%9B%A0%E5%B9%A1%E3%81%AE%E9%BB%84%E5%85%8E" n3="%E3%81%BB%E3%83%BC%E3%82%8A%E3%83%BC" dan="16,16,16,16" rate="2028.30,2079.04,2059.84,2151.43" sx="M,M,M,M"/><TAIKYOKU oya="0"/><INIT seed="0,0,0,4,5,13" ten="250,250,250,250" oya="0" hai0="25,22,81,121,74,101,92,127,119,107,29,106,40" hai1="64,8,103,4,129,1,45,23,95,36,72,0,128" hai2="18,66,134,55,117,7,61,52,88,12,94,68,17" hai3="130,76,48,67,77,131,105,38,112,31,54,44,9"/><T97/><D119/><U37/><E72/><V86/><F117/><W71/><G105/><T110/><D121/><U63/><E0/><V99/><F134/><W108/><G31/><T79/><D127/><U122/><E122/><V39/><F39/><W16/><G38/><T113/><D113/><U32/><E32/><V56/><F55/><W126/><G112/><T91/><D110/><U96/><E45/><V43/><F43/><W82/><G71/><T87/><REACH who="0" step="1"/><D40/><REACH who="0" ten="240,250,250,250" step="2"/><U42/><E42/><V132/><F132/><W11/><G108/><T30/><D30/><U98/><E37/><V5/><F99/><W46/><G126/><T118/><D118/><U85/><E36/><V62/><REACH who="2" step="1"/><F18/><REACH who="2" ten="240,250,240,250" step="2"/><W100/><G16/><T70/><D70/><U47/><E98/><V65/><F65/><W116/><G67/><T111/><D111/><U53/><E64/><V14/><F14/><W50/><G116/><T19/><D19/><U102/><E96/><V89/><F89/><W125/><G125/><T20/><D20/><AGARI ba="0,2" hai="5,7,12,17,20,52,56,61,62,66,68,86,88,94" machi="20" ten="30,8000,1" yaku="1,1,7,1,52,1,54,2,53,0" doraHai="13" doraHaiUra="114" who="2" fromWho="0" sc="240,-80,250,0,240,100,250,0" /><INIT seed="1,0,0,4,4,36" ten="160,250,340,250" oya="1" hai0="85,45,34,3,78,51,116,66,9,87,0,1,89" hai1="110,55,41,134,100,12,13,7,105,52,117,73,99" hai2="22,126,23,125,118,43,133,24,123,75,58,56,31" hai3="59,79,72,93,35,97,129,70,8,111,40,84,11"/><U115/><E115/><V65/><F118/><W101/><G70/><T32/><D116/><U19/><E117/><V46/><F123/><W17/><G35/><T103/><D103/><U10/><E134/><V21/><F75/><W94/><G72/><T131/><D131/><U5/><E73/><V18/><F133/><W107/><G111/><T104/><D104/><U128/><E128/><V16/><F31/><W27/><G107/><T20/><D66/><U28/><E110/><V113/><F113/><W108/><G59/><T91/><D20/><U44/><E28/><V42/><F46/><W121/><G121/><T6/><D78/><U124/><E124/><N who="2" m="47723" /><F23/><W33/><G33/><T120/><D120/><U29/><E29/><V90/><F90/><W4/><G79/><T106/><D106/><U82/><E82/><V38/><F38/><W98/><G108/><T68/><D68/><U26/><E26/><N who="2" m="14647" /><F56/><W61/><G27/><T53/><D34/><U77/><E77/><V74/><F74/><W48/><G101/><T119/><D32/><U109/><E109/><V2/><F2/><W127/><G129/><T88/><REACH who="0" step="1"/><D119/><REACH who="0" ten="150,250,340,250" step="2"/><U50/><REACH who="1" step="1"/><E5/><REACH who="1" ten="150,240,340,250" step="2"/><V57/><F65/><W135/><G4/><T67/><D67/><U83/><E83/><V39/><F24/><W114/><G127/><T15/><AGARI ba="0,2" hai="0,1,3,6,9,15,45,51,53,85,87,88,89,91" machi="15" ten="40,8000,1" yaku="1,1,0,1,54,1,53,2" doraHai="36" doraHaiUra="81" who="0" fromWho="0" sc="150,100,240,-40,340,-20,250,-20" /><INIT seed="2,0,0,4,2,51" ten="250,200,320,230" oya="2" hai0="87,114,49,45,129,108,91,135,63,82,126,88,66" hai1="69,14,104,102,97,78,100,6,99,79,134,7,16" hai2="18,112,15,122,85,74,53,59,81,77,110,116,131" hai3="57,80,13,23,24,115,119,34,65,21,2,48,84"/><V1/><F112/><W50/><G2/><T42/><D114/><U123/><E69/><V44/><F1/><W76/><G34/><T37/><D108/><U92/><E134/><V22/><F116/><W86/><G119/><T11/><D135/><U105/><E92/><V36/><F122/><W46/><G115/><T89/><D126/><U72/><E72/><V25/><F131/><W20/><G13/><T101/><D129/><U130/><E130/><V41/><F110/><W64/><G84/><T71/><D101/><U118/><E118/><V96/><F96/><W52/><REACH who="3" step="1"/><G24/><REACH who="3" ten="250,200,320,220" step="2"/><T132/><D132/><U56/><E123/><V62/><F15/><W38/><G38/><T39/><REACH who="0" step="1"/><D11/><REACH who="0" ten="240,200,320,220" step="2"/><U133/><E133/><V128/><F128/><W107/><G107/><T28/><D28/><U5/><REACH who="1" step="1"/><E56/><REACH who="1" ten="240,190,320,220" step="2"/><V103/><F59/><W98/><G98/><T8/><D8/><AGARI ba="0,3" hai="5,6,7,8,14,16,78,79,97,99,100,102,104,105" machi="8" ten="40,8000,1" yaku="1,1,2,1,9,1,54,1,53,1" doraHai="51" doraHaiUra="4" who="1" fromWho="0" sc="240,-80,190,110,320,0,220,0" /><INIT seed="3,0,0,2,4,79" ten="160,300,320,220" oya="3" hai0="113,110,69,71,32,117,29,41,131,125,34,105,6" hai1="26,115,22,78,43,58,103,31,9,73,87,12,52" hai2="2,19,10,82,60,35,85,93,95,62,16,47,83" hai3="114,90,48,0,88,42,63,49,39,76,102,96,25"/><W57/><G0/><T13/><D117/><U37/><E73/><V36/><F35/><W109/><G39/><T98/><D110/><U54/><E103/><V4/><F93/><W18/><G76/><T127/><D41/><U68/><E68/><V59/><F62/><W23/><G114/><T66/><D113/><U55/><E37/><V132/><F132/><W112/><G112/><T75/><D75/><U129/><E129/><V124/><F124/><N who="0" m="47690" /><D66/><U81/><E43/><V11/><F47/><W86/><G109/><T84/><D84/><U20/><E20/><V107/><F107/><W116/><G116/><T135/><D29/><U65/><E115/><V3/><F85/><W30/><G30/><T24/><D24/><U120/><E120/><V28/><F95/><N who="3" m="56423" /><G102/><N who="0" m="62679" /><D135/><U70/><E65/><V53/><F28/><W27/><G27/><T119/><D131/><U67/><E67/><V77/><F77/><W8/><G8/><N who="0" m="4247" /><D119/><U7/><REACH who="1" step="1"/><E70/><AGARI ba="0,0" hai="32,34,69,70,71" m="4247,62679,47690" machi="70" ten="30,1000,0" yaku="18,1" doraHai="79" who="0" fromWho="1" sc="160,10,300,-10,320,0,220,0" /><INIT seed="4,0,0,3,2,68" ten="170,290,320,220" oya="0" hai0="8,31,5,29,125,65,17,99,72,61,103,50,57" hai1="4,14,25,62,135,70,66,41,101,114,87,33,42" hai2="79,39,56,102,46,74,75,37,48,82,111,19,7" hai3="127,45,11,94,112,84,10,30,121,12,21,43,23"/><T40/><D125/><U89/><E135/><V18/><F111/><W24/><G112/><T6/><D72/><U83/><E101/><V78/><F7/><W58/><G58/><T106/><D17/><U93/><E33/><V105/><F56/><W28/><G121/><T132/><D132/><U63/><E63/><V69/><F69/><W15/><G127/><T81/><D81/><U126/><E114/><V38/><F79/><W98/><G84/><T80/><D80/><U110/><E110/><V104/><F75/><W53/><G53/><T97/><D97/><U85/><E25/><V16/><REACH who="2" step="1"/><F102/><REACH who="2" ten="170,290,310,220" step="2"/><W0/><G0/><T113/><D6/><U55/><E4/><V9/><F9/><W26/><G10/><T71/><D113/><U49/><E126/><V86/><F86/><W124/><G11/><T129/><D129/><U36/><E87/><V118/><F118/><W1/><G1/><T67/><D71/><U51/><E83/><V27/><F27/><W47/><G124/><T122/><D122/><U54/><E14/><V34/><F34/><W13/><G43/><AGARI ba="0,1" hai="16,18,19,37,38,39,43,46,48,74,78,82,104,105" machi="43" ten="50,12000,2" yaku="1,1,52,3,54,1,53,1" doraHai="68" doraHaiUra="44" who="2" fromWho="3" sc="170,0,290,0,310,130,220,-120" /><INIT seed="5,0,0,5,1,105" ten="170,290,440,100" oya="1" hai0="110,9,92,74,22,90,32,99,15,104,63,67,118" hai1="111,10,20,76,75,98,47,52,55,39,18,33,72" hai2="68,78,94,34,70,48,117,14,56,121,80,46,73" hai3="84,89,36,66,26,41,61,100,129,119,4,91,24"/><U5/><E33/><V11/><F117/><W109/><G109/><T108/><D118/><U0/><E111/><V43/><F34/><W2/><G100/><T131/><D131/><U58/><E98/><V81/><F121/><W28/><G89/><T120/><D32/><U96/><E96/><V123/><F123/><W29/><G119/><T7/><D120/><U112/><E112/><V50/><F94/><W16/><G129/><T107/><D74/><U115/><E115/><V102/><F102/><W49/><G36/><T38/><D38/><U1/><E0/><V125/><F80/><W54/><G41/><T124/><D124/><U8/><E10/><V59/><F59/><N who="3" m="37183" /><G4/><T71/><D110/><U69/><E69/><V30/><F30/><N who="3" m="11883" /><G16/><T85/><D108/><U64/><E64/><V128/><F56/><N who="3" m="32847" /><G2/><T130/><D130/><U25/><E76/><V65/><F81/><AGARI ba="0,0" hai="24,26,81,84,91" m="32847,11883,37183" machi="81" ten="30,1000,0" yaku="8,1" doraHai="105" who="3" fromWho="2" sc="170,0,290,0,440,-10,100,10" /><INIT seed="6,0,0,4,4,12" ten="170,290,430,110" oya="2" hai0="45,127,71,58,1,50,4,132,24,6,65,112,69" hai1="103,129,125,15,111,8,54,76,52,75,55,18,92" hai2="119,74,99,47,42,70,64,121,22,113,13,43,67" hai3="95,96,44,21,27,91,32,73,115,38,77,109,30"/><V122/><F119/><W29/><G109/><T17/><D112/><U60/><E111/><V2/><F2/><W117/><G117/><T89/><D132/><U9/><E125/><V61/><F74/><W120/><G120/><T128/><D127/><U68/><E129/><V102/><F113/><W63/><G115/><T118/><D118/><U79/><E75/><V49/><F64/><W97/><G63/><T23/><D128/><U82/><E82/><V107/><F43/><W81/><G96/><T25/><D89/><U26/><E26/><V0/><F0/><W94/><G94/><T20/><D1/><U41/><E41/><V34/><F34/><W66/><G66/><T7/><D58/><U123/><E68/><V35/><F22/><W33/><G29/><T86/><D86/><U62/><E8/><V83/><F13/><W10/><G10/><T57/><D57/><U72/><E72/><V85/><F35/><W59/><G59/><T104/><D104/><U5/><E5/><V116/><F116/><W130/><G130/><T114/><D65/><U80/><E123/><V51/><F51/><W14/><G14/><T134/><D134/><U3/><E3/><V78/><AGARI ba="0,0" hai="42,47,49,61,67,70,78,83,85,99,102,107,121,122" machi="78" ten="20,2100,0" yaku="0,1,7,1" doraHai="12" who="2" fromWho="2" sc="170,-7,290,-7,430,21,110,-7" /><INIT seed="6,1,0,5,4,124" ten="163,283,451,103" oya="2" hai0="76,11,84,7,128,93,31,104,50,43,114,64,86" hai1="48,110,116,51,40,105,18,112,17,121,127,135,134" hai2="92,98,77,42,118,120,24,130,109,82,6,35,97" hai3="26,72,106,95,91,21,54,5,85,41,132,58,63"/><V80/><F118/><W49/><G132/><T119/><D104/><U25/><E116/><V61/><F6/><W111/><G106/><T45/><D119/><U103/><E110/><V75/><F42/><W79/><G111/><T44/><D114/><U30/><E112/><V89/><F35/><W38/><G38/><T83/><D31/><U88/><E127/><V4/><F4/><W68/><G5/><T16/><D64/><U37/><E121/><V53/><F53/><W56/><G68/><T12/><D128/><U90/><E25/><V9/><F130/><W107/><G107/><T87/><D44/><U32/><E105/><V13/><F13/><W67/><G72/><T122/><D122/><U94/><E94/><V28/><F9/><W74/><G74/><T57/><D57/><U39/><E30/><V101/><F24/><W15/><G79/><T27/><D93/><U2/><E103/><V133/><F61/><W23/><G41/><T108/><D108/><U10/><E40/><V1/><F1/><W125/><G125/><T65/><D65/><U46/><E2/><V78/><F28/><W59/><G59/><T55/><D55/><U14/><E46/><V100/><F109/><W62/><G62/><T71/><D71/><U60/><E60/><V47/><F47/><W129/><G129/><T113/><D113/><U73/><E73/><N who="2" m="43055" /><F120/><W34/><G15/><T33/><D33/><U69/><E14/><V52/><F52/><W115/><G115/><T3/><D3/><U81/><E32/><V36/><F36/><W22/><G34/><T20/><AGARI ba="1,0" hai="7,11,12,16,20,27,43,45,50,76,83,84,86,87" machi="20" ten="30,12000,2" yaku="5,1,0,1,25,2,8,1,54,1" doraHai="124" who="0" fromWho="0" sc="163,123,283,-31,451,-61,103,-31" /><INIT seed="7,0,0,1,1,7" ten="286,252,390,72" oya="3" hai0="82,48,6,131,84,91,133,114,132,56,55,30,34" hai1="78,24,64,36,28,16,96,49,89,40,86,47,26" hai2="72,13,115,37,60,135,106,120,9,58,125,51,110" hai3="66,101,112,38,117,61,50,14,23,22,10,67,17"/><W124/><G112/><T85/><D114/><U65/><E36/><V12/><F37/><W70/><G124/><T126/><D126/><U71/><E71/><V75/><F106/><W128/><G128/><T76/><D131/><U19/><E96/><V129/><F110/><W29/><G38/><T1/><D34/><U53/><E78/><V59/><F115/><W122/><G117/><T68/><D68/><U98/><E98/><V119/><F51/><W107/><G122/><T5/><D30/><U63/><E40/><V62/><F119/><W46/><G66/><N who="1" m="25706" /><E63/><V20/><F20/><W111/><G111/><T97/><D97/><U35/><E35/><V4/><F129/><W130/><G130/><T93/><D1/><U102/><E102/><V92/><F4/><W69/><G69/><T31/><D31/><U80/><E28/><V42/><F92/><W83/><G29/><T25/><D25/><AGARI ba="0,0" hai="16,19,24,25,26,47,49,53,80,86,89" m="25706" machi="25" ten="30,2000,0" yaku="8,1,54,1" doraHai="7" who="1" fromWho="0" sc="286,-20,252,20,390,0,72,0" owari="266,-13.0,272,7.0,390,49.0,72,-43.0" /></mjloggm>