<mjloggm ver="2.3"><GO type="169" lobby="0"/><UN n0="%4E%41%4B%41%48%41%52%41" n1="%E5%B0%8F%E6%B1%A0%E7%BE%8E%E6%B3%A2%E2%8A%BF" n2="%E4%BA%8C%E3%81%93%E4%BA%8C%E3%81%93" n3="%64%75%72%72%72%72%72" dan="16,16,16,18" rate="2114.45,2115.21,2064.01,2252.19" sx="M,F,M,M"/><TAIKYOKU oya="0"/><INIT seed="0,0,0,4,0,33" ten="250,250,250,250" oya="0" hai0="123,111,112,103,110,130,124,79,85,125,127,40,119" hai1="106,84,117,101,126,55,115,0,66,4,46,94,31" hai2="80,92,102,135,1,7,131,17,23,3,58,48,19" hai3="27,63,81,53,97,70,13,65,42,62,86,16,35"/><T43/><D119/><U122/><E122/><V51/><F7/><W49/><G42/><T109/><D123/><U52/><E106/><V114/><F114/><W134/><G62/><T12/><D112/><U133/><E115/><V64/><F80/><W36/><G36/><T47/><D130/><U77/><E133/><V21/><F131/><W75/><G134/><T59/><D103/><U25/><E126/><V69/><F69/><W28/><G97/><T116/><D116/><U93/><E66/><V6/><F6/><W22/><G75/><T107/><D107/><U82/><E101/><V38/><F38/><W41/><G41/><T5/><D59/><U113/><E117/><V78/><F78/><W104/><G104/><T34/><D34/><U32/><E113/><V76/><F76/><W9/><G35/><T67/><D67/><U105/><E105/><V121/><F135/><W71/><G71/><T128/><D128/><U39/><E39/><V83/><F64/><W68/><G63/><T118/><D118/><U73/><E73/><V90/><F121/><W29/><G29/><T129/><D129/><U26/><E26/><V11/><F51/><W100/><G100/><T24/><D24/><U20/><E32/><V72/><F48/><W91/><G65/><T15/><D5/><U14/><E14/><N who="0" m="5161" /><D47/><AGARI ba="0,0" hai="9,13,16,22,27,28,47,49,53,68,70,81,86,91" machi="47" ten="30,7700,0" yaku="7,1,25,2,54,1" doraHai="33" who="3" fromWho="0" sc="250,-77,250,0,250,0,250,77" /><INIT seed="1,0,0,0,2,49" ten="173,250,250,327" oya="1" hai0="5,79,25,12,107,113,73,47,102,126,115,72,60" hai1="103,75,28,101,94,32,95,57,100,87,65,22,58" hai2="26,129,24,91,89,109,31,8,40,39,85,52,86" hai3="66,135,13,43,59,20,93,67,81,123,92,27,78"/><U122/><E32/><V98/><F109/><W130/><G123/><T121/><D121/><U133/><E75/><V80/><F129/><W131/><G43/><T55/><D126/><U15/><E122/><V50/><F98/><W44/><G44/><T4/><D25/><N who="1" m="16439" /><E133/><V124/><F124/><W41/><G41/><T120/><D120/><U106/><E106/><V36/><F40/><W42/><G42/><T63/><D102/><U69/><E69/><V1/><F8/><W19/><G135/><T45/><D107/><U0/><E0/><V14/><F14/><W96/><G13/><T82/><D12/><U30/><E30/><V108/><F108/><W2/><G93/><N who="1" m="35338" /><E65/><V90/><F1/><W3/><G2/><T35/><D82/><U88/><E15/><V62/><F24/><W134/><G3/><T76/><REACH who="0" step="1"/><D35/><REACH who="0" ten="163,250,250,327" step="2"/><U48/><E48/><V10/><F50/><W61/><G134/><T29/><D29/><U21/><E21/><V97/><F31/><W51/><G51/><T74/><D74/><U17/><E17/><V114/><F80/><AGARI ba="0,1" hai="57,58,80,87,88,100,101,103" m="35338,16439" machi="80" ten="30,2900,0" yaku="8,1,54,1" doraHai="49" who="1" fromWho="2" sc="163,0,250,39,250,-29,327,0" /><INIT seed="1,1,0,3,1,90" ten="163,289,221,327" oya="1" hai0="24,134,6,70,53,4,120,0,62,40,39,45,115" hai1="71,75,43,42,132,60,64,106,35,117,88,92,7" hai2="87,124,31,101,119,108,11,18,114,3,94,56,116" hai3="80,122,2,91,77,63,37,54,46,14,100,47,85"/><U21/><E117/><V13/><F124/><W104/><G2/><T1/><D115/><U97/><E35/><V72/><F72/><W30/><G122/><T79/><D120/><U34/><E34/><V81/><F114/><W66/><G30/><T89/><D134/><U55/><E75/><V12/><F108/><W82/><G37/><T16/><D79/><U33/><E33/><V9/><F31/><W38/><G38/><T76/><D76/><U36/><E36/><V27/><F27/><W113/><G113/><T126/><D126/><U69/><E69/><V10/><F3/><W118/><G54/><T111/><D4/><U28/><E7/><V23/><F56/><W112/><G14/><T15/><D24/><U99/><E55/><V102/><F12/><W95/><G82/><T52/><D6/><U44/><E44/><V65/><F65/><W41/><G41/><T50/><D111/><U5/><E5/><V133/><F133/><W61/><G61/><T130/><D130/><U109/><E132/><V49/><F49/><W125/><G118/><T107/><D107/><U29/><E109/><V127/><F127/><W103/><G104/><T86/><D62/><U98/><E29/><V129/><F129/><W84/><G125/><T32/><D70/><U128/><E128/><V78/><F119/><W121/><G121/><T8/><D32/><U105/><E105/><V93/><F116/><W59/><G112/><T25/><D25/><N who="1" m="16431" /><E106/><V57/><F57/><W83/><G83/><N who="0" m="49375" /><D53/><U17/><E17/><V48/><F48/><W68/><G68/><T123/><D123/><RYUUKYOKU ba="1,0" sc="163,0,289,0,221,0,327,0" hai0="0,1,8,15,16,39,40,45,50,52" hai1="42,43,60,64,71,88,92,97,98,99" hai2="9,10,11,13,18,23,78,81,87,93,94,101,102" hai3="46,47,59,63,66,77,80,84,85,91,95,100,103" /><INIT seed="1,2,0,3,4,68" ten="163,289,221,327" oya="1" hai0="126,53,77,72,40,120,65,60,104,80,94,123,103" hai1="33,97,51,14,22,99,127,34,128,115,19,56,117" hai2="82,3,124,28,76,37,30,25,43,92,112,93,23" hai3="101,64,45,110,125,1,130,132,31,102,55,122,111"/><U44/><E115/><V66/><F3/><W100/><G1/><T29/><D126/><U121/><E117/><V49/><F124/><W12/><G125/><T118/><D118/><U134/><E121/><V84/><F112/><W59/><G122/><T38/><D53/><U10/><E127/><V98/><F66/><W75/><G75/><T108/><D108/><U32/><E128/><V67/><F67/><W114/><G114/><T6/><D94/><U87/><E134/><V58/><F37/><W35/><G64/><T86/><D86/><U18/><E87/><V61/><F61/><W52/><G132/><T71/><D29/><U113/><E56/><V81/><F81/><W11/><G130/><T105/><D6/><U74/><E74/><V41/><F30/><W107/><G45/><N who="0" m="23703" /><D105/><U26/><REACH who="1" step="1"/><E113/><REACH who="1" ten="163,279,221,327" step="2"/><V13/><F84/><W133/><G133/><T8/><D123/><U50/><E50/><V91/><F49/><W95/><G59/><T63/><D120/><U7/><E7/><V119/><F58/><W5/><G111/><T4/><D60/><U109/><E109/><V129/><F129/><W88/><G110/><T73/><D73/><U79/><E79/><V16/><F119/><W96/><REACH who="3" step="1"/><G107/><REACH who="3" ten="163,279,221,317" step="2"/><T62/><D104/><U36/><E36/><V20/><F76/><W15/><G15/><T131/><D72/><U85/><E85/><N who="2" m="50615" /><F98/><W83/><G83/><T46/><D80/><U27/><E27/><AGARI ba="2,2" hai="5,11,12,27,31,35,52,55,88,95,96,100,101,102" machi="27" ten="40,8000,1" yaku="1,1,54,2,53,1" doraHai="68" doraHaiUra="9" who="3" fromWho="1" sc="163,0,279,-86,221,0,317,106" /><INIT seed="2,0,0,0,2,74" ten="163,193,221,423" oya="2" hai0="54,32,53,131,48,90,92,17,119,44,6,27,50" hai1="100,106,38,120,40,97,125,55,128,73,107,95,42" hai2="23,71,117,0,86,59,65,57,22,81,9,127,34" hai3="29,36,52,98,101,19,5,80,8,134,39,75,2"/><V115/><F115/><W135/><G19/><T69/><D131/><U129/><E125/><V37/><F117/><W70/><G29/><T18/><D119/><U133/><E133/><N who="3" m="50698" /><G70/><T58/><D69/><U20/><E120/><V110/><F127/><W4/><G4/><T124/><D124/><U122/><E122/><V94/><F34/><W109/><G109/><T49/><D6/><U16/><E73/><V102/><F37/><W61/><G75/><T99/><D32/><U45/><E55/><V88/><F110/><W93/><G80/><T114/><D114/><U72/><E42/><V76/><F102/><W56/><AGARI ba="0,0" hai="2,5,8,36,39,52,56,61,93,98,101" m="50698" machi="56" ten="30,2000,0" yaku="20,1,54,1" doraHai="74" who="3" fromWho="3" sc="163,-5,193,-5,221,-10,423,20" /><INIT seed="3,0,0,0,4,49" ten="158,188,211,443" oya="3" hai0="64,6,18,85,9,130,82,29,134,107,17,86,69" hai1="4,81,10,13,99,60,5,119,76,15,65,37,46" hai2="135,67,1,95,34,8,35,51,16,72,24,25,74" hai3="79,38,70,11,105,91,47,131,54,111,71,112,41"/><W88/><G105/><T43/><D130/><U118/><E99/><V66/><F135/><W31/><G112/><T12/><D134/><U7/><E37/><V117/><F95/><W0/><G131/><T129/><D129/><U89/><E89/><V120/><F51/><W93/><G31/><T84/><D107/><U53/><E46/><V98/><F98/><W90/><G93/><T68/><D82/><U125/><E125/><V22/><F117/><N who="1" m="44553" /><E53/><V30/><F120/><W78/><G111/><T106/><D106/><U33/><E33/><V26/><F26/><W52/><G70/><T110/><D110/><U45/><E45/><V102/><F102/><W61/><G71/><T133/><D133/><U59/><E13/><V3/><F3/><W73/><G61/><T122/><D43/><U27/><E27/><V40/><F40/><W97/><G97/><T94/><D94/><U20/><E20/><V113/><F34/><W39/><G39/><T114/><D68/><U109/><E109/><V124/><F124/><W126/><G126/><T23/><D69/><U28/><E28/><V92/><F113/><W83/><G79/><T104/><D114/><U2/><E2/><V36/><F36/><W123/><G123/><T57/><D104/><U32/><E32/><V121/><F92/><W44/><G44/><T62/><D122/><U21/><E21/><V63/><F121/><W116/><G116/><T58/><D58/><U42/><E42/><V75/><F63/><W115/><G115/><T55/><D64/><U56/><E56/><V96/><F96/><W87/><G38/><RYUUKYOKU ba="0,0" sc="158,10,188,10,211,10,443,-30" hai0="6,9,12,17,18,23,29,55,57,62,84,85,86" hai1="4,5,7,10,15,59,60,65,76,81" hai2="1,8,16,22,24,25,30,35,66,67,72,74,75" /><INIT seed="4,1,0,3,0,104" ten="168,198,221,413" oya="0" hai0="63,88,132,76,60,113,111,79,131,48,7,74,112" hai1="45,78,1,102,0,120,98,52,22,33,10,59,107" hai2="99,62,119,58,23,65,110,18,56,80,130,77,123" hai3="83,92,31,73,72,54,118,40,19,61,44,127,43"/><T82/><D131/><U117/><E117/><V101/><F110/><W85/><G118/><T57/><D132/><U21/><E120/><V53/><F119/><W5/><G127/><T103/><D111/><U66/><E33/><V75/><F130/><W37/><G40/><T27/><D103/><U46/><E66/><V86/><F123/><W122/><G122/><T126/><D126/><U87/><E45/><V30/><F30/><W11/><G31/><T90/><D7/><U9/><E46/><V125/><F125/><W14/><G92/><T96/><D27/><U42/><E42/><V100/><F86/><W25/><G25/><T49/><D96/><U64/><E64/><V114/><F114/><N who="0" m="44138" /><D79/><U35/><E35/><V121/><F99/><W95/><G95/><T133/><D63/><U109/><E1/><V94/><F94/><W47/><G5/><T6/><D6/><U71/><E0/><V12/><REACH who="2" step="1"/><F121/><REACH who="2" ten="168,198,211,413" step="2"/><W20/><G85/><T38/><D133/><U129/><E87/><V68/><F68/><W84/><G84/><T34/><D34/><U67/><E71/><V105/><F105/><W29/><G43/><T36/><D90/><U4/><E109/><V51/><AGARI ba="1,1" hai="12,18,23,51,53,56,58,62,65,75,77,80,100,101" machi="51" ten="20,5200,0" yaku="1,1,0,1,7,1,52,1,53,0" doraHai="104" doraHaiUra="89" who="2" fromWho="2" sc="168,-27,198,-14,211,65,413,-14" /><INIT seed="5,0,0,4,4,0" ten="141,184,276,399" oya="1" hai0="27,131,116,58,21,67,22,81,113,11,59,128,93" hai1="46,28,134,74,34,83,104,57,96,25,38,90,117" hai2="66,40,29,132,108,91,94,123,125,124,95,114,71" hai3="89,101,16,78,65,84,23,47,69,2,75,99,106"/><U52/><E117/><V130/><F40/><W109/><G109/><T32/><D116/><U79/><E134/><V56/><F71/><W42/><G2/><T48/><D113/><U33/><E33/><V55/><F29/><W92/><G69/><T53/><D32/><U122/><E122/><V80/><F66/><W126/><G65/><T54/><D67/><U127/><E127/><V121/><F130/><W120/><G126/><N who="2" m="48745" /><F132/><W112/><G112/><T50/><D93/><U30/><E30/><V6/><F6/><W37/><G120/><T62/><D62/><U5/><E5/><V86/><F108/><W77/><G75/><T110/><D110/><U14/><E14/><AGARI ba="0,0" hai="14,16,23,37,42,47,77,78,84,89,92,99,101,106" machi="14" ten="30,2000,0" yaku="7,1,54,1" doraHai="0" who="3" fromWho="1" sc="141,0,184,-20,276,0,399,20" /><INIT seed="6,0,0,3,2,29" ten="141,164,276,419" oya="2" hai0="33,69,41,58,71,22,11,32,34,75,89,13,125" hai1="62,16,43,100,118,96,59,133,25,117,109,108,61" hai2="7,94,38,31,30,53,23,129,42,68,24,98,9" hai3="92,73,14,51,85,63,119,111,97,18,5,116,65"/><V87/><F68/><W88/><G111/><T91/><D75/><U26/><E133/><V72/><F72/><W36/><G73/><T28/><D41/><U104/><E43/><V1/><F129/><W123/><G36/><T27/><D125/><U131/><E131/><V81/><F42/><W3/><G123/><T80/><D58/><U15/><E61/><V45/><F38/><W130/><G130/><T134/><D134/><U122/><E122/><V83/><F83/><W46/><G3/><T55/><D55/><U70/><E70/><V120/><F120/><W126/><G5/><T0/><D0/><U19/><E19/><V84/><F84/><W103/><G126/><T101/><D101/><U40/><E40/><V78/><F45/><W37/><G37/><T113/><D113/><U110/><E117/><V44/><F44/><W107/><G51/><T95/><D80/><U135/><E118/><V2/><F53/><W17/><G17/><T127/><D89/><U56/><E56/><V106/><F106/><W39/><G46/><T8/><D127/><U105/><E105/><V82/><F82/><W50/><G50/><T21/><D21/><U35/><E35/><V79/><F1/><W76/><G76/><T64/><D64/><U93/><E104/><V132/><F132/><W6/><G6/><N who="0" m="3223" /><D11/><N who="1" m="6271" /><E135/><V90/><REACH who="2" step="1"/><F31/><REACH who="2" ten="141,164,266,419" step="2"/><W114/><G39/><T49/><D49/><U12/><E109/><V57/><F57/><W86/><G119/><T77/><D77/><AGARI ba="0,1" hai="2,7,9,23,24,30,77,78,79,81,87,90,94,98" machi="77" ten="30,2900,0" yaku="1,1,7,1,53,0" doraHai="29" doraHaiUra="60" who="2" fromWho="0" sc="141,-29,164,0,266,39,419,0" /><INIT seed="6,1,0,2,5,56" ten="112,164,305,419" oya="2" hai0="14,109,124,86,54,116,129,111,117,9,96,2,13" hai1="55,58,53,35,110,40,43,101,82,135,122,103,57" hai2="39,126,28,23,70,65,114,71,30,121,19,46,105" hai3="4,102,21,1,18,108,61,132,84,73,95,12,26"/><V49/><F121/><W104/><G108/><N who="0" m="41547" /><D86/><U59/><E110/><V85/><F105/><W133/><G73/><T52/><D96/><U8/><E122/><V125/><F114/><W17/><G104/><T44/><D44/><U25/><E8/><V134/><F134/><W7/><G1/><T120/><D120/><U78/><E135/><N who="3" m="51786" /><G61/><T15/><D9/><U38/><E38/><V6/><F85/><W29/><G18/><T93/><D93/><U11/><E11/><V66/><F6/><W74/><G74/><T42/><D2/><U97/><E43/><V60/><F39/><W130/><G130/><T48/><D48/><U113/><E40/><N who="2" m="24775" /><F66/><W106/><G106/><T50/><D50/><U80/><E55/><N who="0" m="21033" /><D42/><U128/><E53/><V5/><F5/><W45/><G45/><T87/><D87/><U0/><E0/><V100/><F71/><W20/><G84/><T99/><D99/><AGARI ba="1,0" hai="4,7,12,17,20,21,26,29,95,99,102" m="51786" machi="99" ten="30,1000,0" yaku="20,1" doraHai="56" who="3" fromWho="0" sc="112,-13,164,0,305,0,419,13" /><INIT seed="7,0,0,0,2,28" ten="99,164,305,432" oya="3" hai0="36,106,129,5,15,93,83,11,76,94,42,92,77" hai1="46,95,9,32,116,56,30,122,65,108,123,101,6" hai2="51,17,88,126,45,20,41,16,50,78,87,70,21" hai3="4,7,33,89,115,69,52,91,55,38,48,24,118"/><W66/><G52/><T80/><D129/><U117/><E108/><V71/><F78/><W84/><G91/><T134/><D134/><U10/><E32/><V113/><F113/><W26/><G33/><T29/><D106/><U111/><E30/><V75/><F75/><W25/><G48/><T128/><D128/><U54/><E111/><V110/><F126/><W90/><G84/><T1/><D29/><U79/><E79/><V27/><F110/><W109/><G25/><T12/><D80/><U68/><E46/><V82/><F51/><W100/><G55/><T40/><D40/><U130/><E65/><V60/><REACH who="2" step="1"/><F60/><REACH who="2" ten="99,164,295,432" step="2"/><N who="3" m="40135" /><G115/><T62/><D77/><U81/><E130/><V43/><F43/><W107/><G109/><T14/><D62/><U85/><E117/><V49/><F49/><W86/><G118/><T72/><REACH who="0" step="1"/><D14/><AGARI ba="0,1" hai="14,16,17,20,21,27,41,45,50,70,71,82,87,88" machi="14" ten="30,7700,0" yaku="1,1,7,1,54,2,53,0" doraHai="28" doraHaiUra="61" who="2" fromWho="0" sc="99,-77,164,0,295,87,432,0" owari="22,-48.0,164,-24.0,382,18.0,432,54.0" /></mjloggm>