<mjloggm ver="2.3"><GO type="225" lobby="0"/><UN n0="%E9%BB%92%E7%8C%AB%73%69%6E" n1="%E3%82%84%E3%81%8F%E3%81%97%E3%81%BE%E3%82%8B%E3%81%88%E3%81%A4%E3%81%93" n2="%E3%82%A4%E3%83%8A%E3%82%BA%E3%83%9E%E8%91%AC%E5%84%80" n3="%E3%81%A8%E3%82%89%E3%81%84%E3%81%A1" dan="17,16,17,16" rate="2216.62,2066.34,2204.57,2074.92" sx="M,F,F,M"/><TAIKYOKU oya="0"/><INIT seed="0,0,0,3,4,67" ten="250,250,250,250" oya="0" hai0="41,6,135,100,91,81,112,35,110,80,7,20,122" hai1="34,94,43,22,18,17,75,102,71,32,39,4,79" hai2="90,69,65,56,113,109,23,89,31,133,10,105,55" hai3="29,27,42,26,45,64,88,114,129,61,58,98,57"/><T52/><D35/><U14/><E71/><V106/><F113/><W60/><G114/><T130/><D122/><U5/><E39/><V92/><F109/><W73/><G73/><T40/><D112/><U125/><E43/><N who="0" m="16457" /><D110/><U25/><E75/><V82/><F133/><W38/><G129/><T118/><D118/><U76/><E34/><V50/><F82/><N who="0" m="31850" /><D130/><U127/><E102/><V84/><F90/><W93/><REACH who="3" step="1"/><G29/><REACH who="3" ten="250,250,250,240" step="2"/><T123/><D123/><U19/><E127/><V1/><F31/><W87/><G87/><T86/><D135/><U46/><E125/><V66/><F84/><W77/><G77/><T111/><D111/><U101/><E79/><V134/><F134/><W103/><G103/><T63/><D100/><U53/><E101/><V48/><F89/><W128/><G128/><T107/><D107/><U104/><E104/><V3/><F106/><W78/><G78/><T119/><D119/><U70/><E76/><V12/><F105/><W24/><G24/><T13/><D86/><U74/><E25/><V0/><F0/><W49/><G49/><T51/><D91/><U59/><E74/><V47/><F1/><W54/><AGARI ba="0,1" hai="26,27,38,42,45,54,57,58,60,61,64,88,93,98" machi="54" ten="20,5200,0" yaku="1,1,0,1,7,1,54,1,53,0" doraHai="67" doraHaiUra="116" who="3" fromWho="3" sc="250,-26,250,-13,250,-13,240,62" /><INIT seed="1,0,0,2,1,46" ten="224,237,237,302" oya="1" hai0="113,28,74,103,5,51,104,52,62,130,9,109,45" hai1="114,11,47,24,20,12,38,91,49,0,27,117,42" hai2="108,13,112,50,86,115,4,123,71,16,110,7,131" hai3="55,48,22,17,43,2,85,10,99,36,26,101,94"/><U39/><E114/><N who="2" m="43563" /><F71/><W64/><G64/><T61/><D113/><U6/><E117/><V65/><F65/><W88/><G36/><T93/><D104/><U79/><E79/><V72/><F72/><W95/><G2/><T82/><D109/><N who="2" m="42090" /><F123/><W41/><G10/><T15/><D130/><U14/><E0/><V1/><F131/><W53/><G53/><T121/><D121/><U77/><E77/><V122/><F122/><W54/><G54/><T133/><D133/><U98/><E14/><V120/><F120/><W124/><G124/><T60/><D28/><U87/><E98/><V37/><F37/><W129/><G129/><T33/><D33/><U102/><E27/><V31/><F1/><W135/><G135/><T23/><D23/><U118/><E118/><V132/><F132/><W19/><G19/><T81/><D74/><U119/><E119/><V8/><F86/><W128/><G128/><T3/><D3/><U34/><E34/><V18/><F31/><W69/><G69/><T90/><D103/><U67/><E67/><V106/><F106/><W92/><G95/><T29/><D29/><N who="1" m="17543" /><E102/><V84/><F84/><AGARI ba="0,0" hai="5,9,15,45,51,52,60,61,62,81,82,84,90,93" machi="84" ten="40,5200,0" yaku="8,1,52,1,54,1" doraHai="46" who="0" fromWho="2" sc="224,52,237,0,237,-52,302,0" /><INIT seed="2,0,0,1,4,75" ten="276,237,185,302" oya="2" hai0="79,14,121,5,100,16,91,4,96,93,62,8,22" hai1="102,41,48,117,28,2,99,90,131,119,40,86,57" hai2="50,29,20,80,1,13,103,129,95,0,36,118,89" hai3="45,3,44,43,92,9,104,54,7,58,109,73,49"/><V32/><F36/><W123/><G104/><T85/><D121/><U115/><E115/><V81/><F118/><W72/><G123/><T114/><D114/><U76/><E2/><V107/><F129/><W19/><G109/><T97/><D62/><U111/><E111/><V65/><F32/><W84/><G45/><T27/><D79/><U87/><E131/><V122/><F122/><W106/><G106/><T51/><D51/><U94/><E28/><V47/><F65/><W133/><G133/><T67/><D67/><U132/><E132/><V55/><F107/><W83/><G19/><T42/><D42/><U6/><E6/><N who="0" m="2665" /><D100/><U124/><E124/><V135/><F103/><W34/><G92/><T39/><D39/><U46/><E40/><V12/><F135/><W11/><G11/><T33/><D33/><U18/><E18/><AGARI ba="0,0" hai="8,14,16,18,22,27,85,91,93,96,97" m="2665" machi="18" ten="30,2000,0" yaku="8,1,54,1" doraHai="75" who="0" fromWho="1" sc="276,20,237,-20,185,0,302,0" /><INIT seed="3,0,0,0,1,76" ten="296,217,185,302" oya="3" hai0="117,29,77,89,109,102,43,41,50,84,107,87,95" hai1="113,129,24,135,65,130,58,66,91,19,112,104,15" hai2="80,47,98,69,94,62,17,123,75,73,14,56,122" hai3="28,36,42,10,32,124,4,115,48,114,70,0,34"/><W59/><G124/><T26/><D117/><U37/><E37/><V81/><F69/><W134/><G134/><T120/><D120/><N who="2" m="46122" /><F75/><W79/><G59/><T68/><D68/><U64/><E135/><V63/><F73/><W49/><G49/><T131/><D109/><U101/><E58/><V9/><F47/><N who="3" m="24007" /><G48/><T97/><D131/><N who="1" m="50187" /><E24/><V83/><F56/><W128/><G128/><T78/><D50/><U133/><E133/><V33/><F33/><N who="3" m="12907" /><G28/><T46/><D46/><U85/><E101/><AGARI ba="0,0" hai="9,14,17,62,63,80,81,83,94,98,101" m="46122" machi="101" ten="30,7700,0" yaku="13,1,52,3" doraHai="76" who="2" fromWho="1" sc="296,0,217,-77,185,77,302,0" owari="296,10.0,140,-36.0,262,-14.0,302,40.0" /></mjloggm>