<mjloggm ver="2.3"><GO type="185" lobby="0"/><UN n0="%E3%81%9F%E3%82%93%E3%82%86%E3%81%86" n1="%67%6C%61%6E%7A%39%30" n2="%E3%81%82%E3%81%9F%E3%82%89%E3%81%AA%E3%81%84%E3%81%A7%EF%BC%81" n3="" dan="16,18,17,0" rate="2232.51,2360.72,2190.81,1500.00" sx="F,M,M,C"/><TAIKYOKU oya="0"/><INIT seed="0,0,0,5,1,121" ten="350,350,350,0" oya="0" hai0="127,73,86,99,69,122,78,85,51,54,89,94,109" hai1="102,57,74,82,71,84,65,52,68,42,38,117,93" hai2="53,112,34,33,72,132,70,66,115,110,123,67,41" hai3=""/><T44/><N who="0" m="31264" /><T100/><D69/><U130/><E117/><V62/><N who="2" m="31520" /><V101/><F132/><T83/><D127/><U125/><E125/><V0/><F0/><T116/><D116/><U133/><E133/><V114/><F72/><T90/><D109/><U64/><E130/><V97/><F110/><T128/><D128/><U79/><E71/><V103/><F103/><T48/><D73/><U61/><E65/><V131/><F131/><T49/><REACH who="0" step="1"/><D78/><REACH who="0" ten="340,350,350,0" step="2"/><U59/><E68/><V95/><F67/><T45/><D45/><U81/><E79/><V106/><F33/><T105/><AGARI ba="0,1" hai="44,48,49,51,54,83,85,86,89,90,94,99,100,105" m="31264" machi="105" ten="20,5200,0" yaku="1,1,0,1,7,1,52,1,53,0" doraHai="121" doraHaiUra="36" who="0" fromWho="0" sc="340,62,350,-26,350,-26,0,0" /><INIT seed="0,1,0,4,2,114" ten="402,324,324,0" oya="0" hai0="53,45,74,102,33,50,55,76,40,59,110,35,54" hai1="85,65,39,57,41,113,103,118,77,49,32,98,104" hai2="124,58,2,134,101,111,112,97,73,132,122,37,62" hai3=""/><T133/><D133/><U100/><E32/><V93/><N who="2" m="31264" /><V125/><F2/><T96/><D110/><U130/><E113/><V36/><F73/><T87/><D74/><U90/><E130/><V52/><F111/><T94/><D35/><U99/><E77/><V83/><F83/><T91/><D76/><U92/><E39/><N who="2" m="14923" /><F112/><T105/><REACH who="0" step="1"/><D33/><REACH who="0" ten="392,324,324,0" step="2"/><U88/><E118/><V51/><F62/><AGARI ba="1,1" hai="40,45,50,53,54,55,59,62,87,91,94,96,102,105" machi="62" ten="30,5800,0" yaku="1,1,2,1,7,1,53,0" doraHai="114" doraHaiUra="128" who="0" fromWho="2" sc="392,70,324,0,324,-60,0,0" /><INIT seed="0,2,0,2,1,49" ten="462,324,264,0" oya="0" hai0="114,104,33,106,83,2,63,96,134,71,59,107,90" hai1="81,98,125,135,37,94,99,84,112,43,1,72,131" hai2="121,42,39,116,66,67,132,113,53,79,97,91,124" hai3=""/><T73/><D2/><U126/><E1/><V101/><N who="2" m="31008" /><V85/><F113/><T102/><D33/><U34/><E37/><V77/><F116/><T45/><D71/><U65/><E43/><V129/><F129/><T133/><D45/><U0/><E65/><V58/><F124/><T115/><D59/><U54/><E34/><V86/><F132/><N who="0" m="50794" /><D63/><U78/><E135/><V36/><F42/><T3/><D3/><U38/><E38/><V95/><F36/><T74/><D90/><U82/><E131/><V128/><F39/><T119/><D119/><U80/><E0/><V44/><F44/><T32/><D32/><U120/><N who="1" m="30752" /><U111/><E112/><N who="0" m="43049" /><D83/><U76/><E82/><V123/><N who="2" m="31520" /><V75/><F128/><T87/><D87/><U46/><E126/><V48/><F86/><T60/><D60/><U122/><N who="1" m="31264" /><U52/><E125/><V92/><F75/><AGARI ba="2,0" hai="73,74,75,96,102,104,106,107" m="43049,50794" machi="75" ten="40,12000,1" yaku="20,1,23,1,34,2" doraHai="49" who="0" fromWho="2" sc="462,124,324,0,264,-124,0,0" /><INIT seed="0,3,0,1,1,97" ten="586,324,140,0" oya="0" hai0="130,64,92,113,122,124,46,132,134,94,110,52,61" hai1="77,78,135,55,69,86,83,99,82,62,101,43,53" hai2="73,2,80,33,63,51,59,126,117,127,67,105,0" hai3=""/><T74/><N who="0" m="31264" /><T106/><D113/><U34/><E34/><V91/><F33/><T104/><D74/><U103/><E135/><N who="0" m="51753" /><D124/><N who="2" m="47658" /><F105/><N who="0" m="40554" /><D130/><U129/><E129/><V35/><F35/><T123/><N who="0" m="31520" /><T3/><D3/><U89/><E43/><V116/><F51/><T65/><D110/><U56/><E69/><V58/><F58/><T111/><D111/><U118/><E118/><N who="2" m="45675" /><F73/><T32/><D32/><U87/><E55/><V107/><F107/><T128/><D128/><U96/><E96/><V84/><AGARI ba="3,0" hai="0,2,59,63,67,80,84,91" m="45675,47658" machi="84" ten="40,2000,0" yaku="18,1,12,1" doraHai="97" who="2" fromWho="2" sc="586,-16,324,-10,140,26,0,0" /><INIT seed="1,0,0,3,0,127" ten="570,314,166,0" oya="1" hai0="111,46,109,87,118,112,79,105,68,98,42,124,0" hai1="114,126,69,61,40,91,131,53,90,130,60,41,81" hai2="62,43,120,92,48,47,128,82,57,110,125,134,58" hai3=""/><U86/><E126/><V123/><N who="2" m="30752" /><V59/><N who="2" m="31520" /><V56/><F125/><T65/><D124/><U78/><E114/><V55/><F110/><N who="0" m="41994" /><D0/><U80/><E69/><V34/><F34/><T52/><D112/><U77/><E53/><V72/><F134/><T74/><D74/><U88/><E90/><V64/><F92/><T101/><D118/><U44/><E44/><V63/><F82/><T107/><D107/><U113/><E86/><V39/><F72/><T1/><D1/><U95/><E113/><V89/><F89/><T50/><D65/><U67/><E67/><V99/><F99/><T122/><N who="0" m="31264" /><T94/><D68/><U97/><E95/><V115/><F115/><T117/><D117/><U85/><E85/><V49/><F128/><T103/><D103/><U133/><E97/><V3/><F3/><T66/><D66/><U104/><E133/><V38/><F63/><T36/><D79/><U75/><E75/><V2/><F2/><T84/><D105/><AGARI ba="0,0" hai="40,41,60,61,77,78,80,81,88,91,104,105,130,131" machi="105" ten="25,12000,1" yaku="22,2,52,2,54,1" doraHai="127" who="1" fromWho="0" sc="570,-120,314,120,166,0,0,0" /><INIT seed="1,1,0,0,2,66" ten="450,434,166,0" oya="1" hai0="71,79,132,45,50,67,91,121,111,113,41,131,2" hai1="88,81,117,96,54,32,42,69,48,78,76,92,35" hai2="53,95,107,59,75,128,70,47,72,56,84,44,38" hai3=""/><U60/><E117/><V82/><F107/><T34/><N who="0" m="31008" /><T129/><D2/><U98/><E98/><V114/><F114/><T94/><D34/><U52/><E42/><V63/><F128/><N who="0" m="49226" /><D79/><U126/><E126/><V135/><F135/><T62/><D113/><U0/><E0/><V55/><F95/><T89/><D132/><U68/><E76/><V39/><F75/><T123/><N who="0" m="31520" /><T1/><D1/><U102/><E102/><V108/><F72/><T115/><D115/><U33/><E60/><V110/><F84/><T51/><D111/><N who="2" m="42538" /><F82/><T64/><D64/><U124/><E54/><V83/><F83/><T103/><D51/><U99/><E124/><V101/><F101/><T87/><D87/><U40/><E99/><AGARI ba="1,0" hai="41,45,50,62,67,71,89,91,94,99,103" m="31520,49226,31008" machi="99" ten="30,7700,0" yaku="19,1,52,3" doraHai="66" who="0" fromWho="1" sc="450,79,434,-79,166,0,0,0" /><INIT seed="2,0,0,2,5,47" ten="529,355,166,0" oya="2" hai0="59,34,49,87,74,97,41,52,118,131,124,105,85" hai1="46,94,60,1,108,126,53,76,83,73,110,42,98" hai2="99,51,56,84,58,79,75,55,90,115,93,68,89" hai3=""/><V33/><F33/><T37/><D34/><U78/><E78/><V61/><F115/><T111/><D74/><U113/><E113/><V102/><F68/><T80/><D118/><U82/><E82/><V91/><F75/><T120/><N who="0" m="30752" /><T54/><D124/><U130/><E126/><V104/><REACH who="2" step="1"/><F79/><REACH who="2" ten="529,355,156,0" step="2"/><T92/><D131/><U63/><E130/><V106/><F106/><T107/><D107/><U2/><E2/><V127/><F127/><T70/><D70/><U3/><E1/><V116/><F116/><T35/><D105/><U132/><E3/><V100/><F100/><T112/><D35/><U103/><E103/><V95/><F95/><T66/><D112/><U43/><E94/><V32/><F32/><T96/><D92/><U69/><E69/><V50/><F50/><T65/><D49/><U121/><E76/><V62/><F62/><T86/><D80/><U67/><E83/><V129/><F129/><T38/><D38/><U57/><E73/><V72/><F72/><T119/><D37/><U81/><E81/><V122/><N who="2" m="31264" /><V117/><F117/><T101/><D101/><U133/><E63/><V0/><F0/><T77/><D77/><U36/><E36/><V44/><F44/><T134/><D119/><RYUUKYOKU ba="0,1" sc="529,-10,355,-10,156,20,0,0" hai2="51,55,56,58,61,84,89,90,91,93,99,102,104" /><INIT seed="2,1,1,3,2,39" ten="519,345,176,0" oya="2" hai0="98,73,63,102,89,48,34,122,78,95,123,76,110" hai1="67,32,101,50,1,57,93,94,105,43,64,35,79" hai2="116,42,66,81,86,119,117,90,55,106,61,121,107" hai3=""/><V69/><N who="2" m="31008" /><V52/><REACH who="2" step="1"/><F42/><REACH who="2" ten="519,345,166,0" step="2"/><T135/><N who="0" m="31264" /><T46/><N who="0" m="31520" /><T97/><D34/><U124/><E43/><V82/><F82/><T44/><D135/><U40/><E40/><V88/><F88/><T70/><D110/><U120/><E35/><V53/><AGARI ba="1,2" hai="52,53,55,61,66,69,81,86,90,106,107,116,117,119" m="31008" machi="53" ten="40,8000,1" yaku="1,1,0,1,52,1,54,1,53,1" doraHai="39" doraHaiUra="87" who="2" fromWho="2" sc="519,-41,345,-41,166,102,0,0" /><INIT seed="2,2,0,1,0,71" ten="478,304,268,0" oya="2" hai0="35,77,52,124,94,44,79,95,133,108,107,123,104" hai1="41,57,68,61,64,0,67,85,135,116,88,48,63" hai2="51,112,42,36,78,82,102,114,111,83,47,87,59" hai3=""/><V101/><F111/><T38/><N who="0" m="31520" /><T74/><D35/><U69/><E0/><V113/><F83/><T117/><D117/><U40/><E116/><V89/><F89/><T56/><D108/><U3/><E3/><V106/><F106/><T58/><D44/><U103/><E103/><V49/><REACH who="2" step="1"/><F59/><REACH who="2" ten="478,304,258,0" step="2"/><T99/><D58/><U90/><E90/><V66/><F66/><T53/><D56/><U121/><N who="1" m="31008" /><U98/><E135/><V92/><F92/><T62/><D133/><U33/><E33/><V100/><AGARI ba="2,1" hai="36,42,47,49,51,78,82,87,100,101,102,112,113,114" machi="100" ten="40,5200,0" yaku="1,1,0,1,52,1,53,0" doraHai="71" doraHaiUra="130" who="2" fromWho="2" sc="478,-28,304,-28,258,66,0,0" /><INIT seed="2,3,0,0,3,95" ten="450,276,324,0" oya="2" hai0="3,60,48,134,133,92,43,63,64,80,101,125,106" hai1="123,42,73,52,2,36,78,108,122,111,81,131,35" hai2="57,59,98,104,129,103,50,75,107,1,62,51,56" hai3=""/><V109/><F1/><T132/><D3/><U99/><N who="1" m="31264" /><U110/><N who="1" m="31520" /><U105/><E2/><V53/><F129/><T74/><D106/><U49/><E131/><V40/><F75/><T67/><D125/><U37/><E42/><V32/><F32/><T33/><D33/><U93/><E105/><V96/><F109/><T55/><D43/><U88/><E35/><V87/><F87/><T113/><D113/><U79/><E78/><V112/><F112/><T72/><D80/><U119/><E119/><V41/><F41/><T84/><D84/><U102/><E102/><V46/><F51/><T124/><D124/><U47/><AGARI ba="3,0" hai="36,37,47,49,52,73,79,81,88,93,99,108,110,111" m="31520,31264" machi="47" ten="30,9000,2" yaku="0,1,14,1,52,3,54,2" doraHai="95" who="1" fromWho="1" sc="450,-33,276,96,324,-63,0,0" /><INIT seed="4,0,0,2,5,67" ten="417,372,261,0" oya="0" hai0="54,97,85,56,69,52,113,101,122,95,65,47,135" hai1="76,125,89,110,77,108,49,116,130,45,126,50,51" hai2="104,36,46,35,70,32,121,96,61,53,3,34,87" hai3=""/><T83/><N who="0" m="31264" /><T2/><D2/><U58/><E116/><V68/><N who="2" m="31008" /><V80/><F3/><T72/><D72/><U103/><E130/><V115/><F115/><T128/><D113/><U38/><E103/><V111/><F111/><T39/><D128/><U42/><E89/><V73/><F73/><T33/><D33/><U120/><N who="1" m="30752" /><U107/><E107/><V64/><F36/><T86/><D135/><U82/><E58/><V81/><F81/><T105/><D105/><U98/><E98/><V44/><F68/><T94/><D94/><U102/><E102/><V133/><F133/><T100/><D100/><U62/><E62/><V63/><F104/><T40/><D56/><U117/><E117/><V109/><F96/><T59/><D59/><U43/><E43/><V134/><F134/><T41/><D41/><U114/><E114/><V0/><F0/><T1/><D1/><U57/><E57/><V88/><F109/><N who="1" m="42089" /><E82/><V66/><F66/><T90/><REACH who="0" step="1"/><D86/><REACH who="0" ten="407,372,261,0" step="2"/><U71/><E71/><V118/><F118/><T79/><D79/><U60/><E60/><AGARI ba="0,1" hai="39,40,47,52,54,60,65,69,83,85,90,95,97,101" m="31264" machi="60" ten="40,12000,1" yaku="1,1,52,2,54,1,53,0" doraHai="67" doraHaiUra="124" who="0" fromWho="1" sc="407,130,372,-120,261,0,0,0" /><INIT seed="4,1,0,4,1,48" ten="537,252,261,0" oya="0" hai0="3,32,57,134,90,62,97,100,131,85,68,74,2" hai1="111,126,61,133,94,42,102,79,116,60,108,109,104" hai2="64,132,69,122,105,53,72,39,63,65,92,43,91" hai3=""/><T129/><D32/><U55/><E116/><V71/><N who="2" m="31264" /><V123/><N who="2" m="31520" /><V127/><F127/><T118/><D74/><U95/><E126/><V34/><F34/><T40/><D68/><U80/><E133/><V125/><F125/><T41/><D134/><U47/><E104/><V83/><F105/><T112/><D118/><U115/><E115/><V77/><F132/><T130/><D112/><U38/><E102/><V58/><F43/><N who="0" m="16458" /><D97/><U87/><REACH who="1" step="1"/><E61/><REACH who="1" ten="537,242,261,0" step="2"/><V49/><F39/><T99/><D100/><U117/><E117/><V110/><F110/><T54/><D99/><U52/><E52/><V33/><F33/><T50/><D62/><U44/><E44/><V75/><F75/><T113/><D113/><U114/><E114/><V86/><REACH who="2" step="1"/><F65/><REACH who="2" ten="537,242,251,0" step="2"/><T76/><D131/><U93/><E93/><V82/><F82/><T88/><D130/><U1/><E1/><V103/><F103/><T96/><D129/><U56/><AGARI ba="1,2" hai="38,42,47,55,56,60,79,80,87,94,95,108,109,111" machi="56" ten="40,3900,0" yaku="1,1,0,1,52,1,53,0" doraHai="48" doraHaiUra="135" who="1" fromWho="1" sc="537,-27,242,61,251,-14,0,0" /><INIT seed="5,0,0,3,5,93" ten="510,303,237,0" oya="1" hai0="91,81,33,80,72,69,133,127,50,118,134,38,35" hai1="87,101,128,61,126,74,68,111,131,106,86,85,130" hai2="77,82,70,114,124,55,64,46,47,125,89,62,108" hai3=""/><U104/><E68/><V54/><F89/><T109/><D38/><U119/><E61/><V66/><F82/><T52/><D69/><U3/><E3/><V121/><N who="2" m="31008" /><V92/><F92/><T113/><D109/><U57/><E57/><V116/><F77/><T43/><D43/><U78/><E111/><V45/><F108/><T32/><D118/><U96/><E119/><V76/><F76/><T103/><D103/><U122/><N who="1" m="31264" /><U73/><E126/><N who="2" m="48747" /><F116/><T42/><D42/><U107/><E78/><V63/><F114/><T112/><D127/><U83/><E83/><N who="0" m="31817" /><D91/><U95/><AGARI ba="0,0" hai="73,74,85,86,87,95,96,101,104,106,107,128,130,131" m="31264" machi="95" ten="50,16000,3" yaku="0,1,29,2,19,1,34,3,52,2" doraHai="93" who="1" fromWho="1" sc="510,-80,303,160,237,-80,0,0" /><INIT seed="5,1,0,0,0,74" ten="430,463,157,0" oya="1" hai0="108,114,0,64,53,60,86,47,104,61,68,70,39" hai1="59,85,88,42,130,43,55,119,87,120,128,97,77" hai2="49,105,116,99,44,94,115,80,37,34,52,51,106" hai3=""/><U65/><N who="1" m="30752" /><U79/><E119/><V46/><F116/><T117/><D0/><U96/><E65/><V3/><F3/><T129/><D117/><U32/><E32/><V67/><F34/><T33/><D33/><U127/><E127/><V102/><F115/><T91/><D104/><U83/><E43/><V111/><F111/><T48/><D108/><U76/><E42/><V101/><F67/><T126/><D114/><U131/><E87/><V112/><F112/><T122/><N who="0" m="31264" /><T50/><D126/><U63/><AGARI ba="1,0" hai="55,59,63,76,77,79,83,85,88,96,97,128,130,131" m="30752" machi="63" ten="40,12000,2" yaku="0,1,19,1,52,4,54,1" doraHai="74" who="1" fromWho="1" sc="430,-61,463,122,157,-61,0,0" /><INIT seed="5,2,0,3,3,84" ten="369,585,96,0" oya="1" hai0="0,88,103,67,128,80,100,112,114,66,42,61,93" hai1="101,41,73,65,113,89,97,107,120,48,131,91,71" hai2="58,38,96,47,90,60,76,99,2,83,130,95,63" hai3=""/><U104/><N who="1" m="30752" /><U1/><E1/><V135/><F2/><T57/><D0/><U43/><E113/><N who="0" m="43625" /><D128/><U64/><E131/><V115/><F115/><T37/><D80/><U121/><N who="1" m="31008" /><U45/><E73/><V102/><F130/><T36/><D67/><U53/><E104/><V123/><N who="2" m="31520" /><V119/><F119/><T127/><D127/><U78/><E78/><V110/><F110/><T111/><D111/><U46/><E53/><V35/><F35/><T129/><D129/><U68/><E65/><V77/><F135/><T44/><D37/><U79/><E79/><V106/><F58/><T133/><D133/><U98/><E98/><AGARI ba="2,0" hai="36,42,44,57,61,66,88,93,98,100,103" m="43625" machi="98" ten="30,3900,0" yaku="15,1,52,1,54,1" doraHai="84" who="0" fromWho="1" sc="369,43,585,-43,96,0,0,0" /><INIT seed="6,0,0,2,2,116" ten="412,542,96,0" oya="2" hai0="81,51,127,76,121,98,102,55,105,48,35,133,46" hai1="90,59,69,49,111,126,125,106,124,68,32,66,61" hai2="53,95,83,71,104,73,135,82,100,123,75,94,91" hai3=""/><V36/><N who="2" m="31520" /><V107/><F71/><T47/><N who="0" m="31008" /><T109/><D127/><U120/><N who="1" m="30752" /><U112/><E32/><V118/><F36/><T3/><D133/><U80/><E111/><V67/><F67/><T70/><D70/><N who="1" m="27243" /><E112/><V42/><F42/><T108/><D3/><U129/><E106/><N who="2" m="40491" /><F53/><T62/><D62/><U58/><E129/><V117/><F135/><T119/><D119/><N who="2" m="45578" /><F100/><T39/><D39/><U38/><E38/><V45/><F45/><T0/><D0/><U85/><E58/><V131/><F131/><T63/><D63/><U50/><AGARI ba="0,0" hai="49,50,59,61,66,80,85,90,124,125,126" m="27243,30752" machi="50" ten="40,3900,0" yaku="18,1,52,2" doraHai="116" who="1" fromWho="1" sc="412,-13,542,39,96,-26,0,0" owari="399,0.0,581,53.0,70,-53.0,0,0.0" /></mjloggm>