<mjloggm ver="2.3"><GO type="169" lobby="0"/><UN n0="%E7%83%8F%E8%B3%8A%E4%B9%8B%E8%BC%94" n1="%70%6F%6E%5F%6B%61%73%75" n2="%7A%6F%6F%31%39%36%34" n3="%E8%A5%BF%E5%B2%A1%E8%82%B2%E6%9C%AA%E2%99%AA" dan="17,16,18,16" rate="2194.17,2011.59,2237.98,2128.94" sx="M,M,M,F"/><TAIKYOKU oya="0"/><INIT seed="0,0,0,3,3,102" ten="250,250,250,250" oya="0" hai0="135,82,14,48,66,56,46,58,126,86,45,2,20" hai1="106,17,73,76,109,128,129,130,124,11,16,7,61" hai2="53,95,32,83,99,41,55,131,68,100,43,62,123" hai3="69,125,80,97,63,54,114,104,51,74,96,26,108"/><T1/><D126/><U122/><E124/><V10/><F123/><W0/><G114/><T8/><D135/><U35/><E122/><V4/><F32/><W67/><G125/><T31/><D2/><N who="1" m="503" /><E35/><V81/><F131/><W79/><G108/><T19/><D66/><U112/><E109/><V111/><F111/><W24/><G0/><T33/><D33/><U75/><E112/><V93/><F93/><W64/><G64/><T47/><D48/><U101/><E61/><V59/><F68/><W39/><G39/><T118/><D118/><U110/><E110/><V42/><REACH who="2" step="1"/><F55/><REACH who="2" ten="250,250,240,250" step="2"/><W91/><G54/><T13/><D1/><AGARI ba="0,1" hai="1,4,10,41,42,43,53,59,62,81,83,95,99,100" machi="1" ten="40,2600,0" yaku="1,1,2,1,53,0" doraHai="102" doraHaiUra="120" who="2" fromWho="0" sc="250,-26,250,0,240,36,250,0" /><INIT seed="1,0,0,4,1,29" ten="224,250,276,250" oya="1" hai0="74,128,89,132,43,30,130,102,129,21,93,61,31" hai1="14,98,27,109,51,25,9,2,37,11,80,92,28" hai2="135,66,56,73,41,124,106,91,126,123,87,5,95" hai3="127,38,88,99,101,64,55,47,48,22,42,32,94"/><U82/><E37/><V33/><F123/><W113/><G113/><T0/><D0/><U7/><E109/><V105/><F73/><W16/><G127/><N who="2" m="48681" /><F135/><W100/><G64/><T117/><D117/><U71/><E71/><V104/><F41/><W20/><G20/><T4/><D4/><U125/><E125/><V53/><F5/><W23/><G23/><T68/><D74/><U19/><E51/><N who="2" m="30783" /><F66/><W110/><G32/><AGARI ba="0,0" hai="32,33,87,91,95,104,105,106" m="30783,48681" machi="32" ten="40,5200,0" yaku="18,1,52,2" doraHai="29" who="2" fromWho="3" sc="224,0,250,0,276,52,250,-52" /><INIT seed="2,0,0,4,1,109" ten="224,250,328,198" oya="2" hai0="91,38,44,48,21,81,135,114,10,115,65,26,57" hai1="118,15,11,92,56,49,78,52,0,54,72,80,68" hai2="40,95,124,70,94,129,55,4,132,82,113,39,110" hai3="59,125,76,83,120,9,97,96,25,93,104,32,18"/><V100/><F70/><W123/><G125/><T41/><D135/><U126/><E126/><V99/><F124/><W74/><G104/><T47/><D10/><U128/><E128/><V22/><F82/><W130/><G130/><T12/><D12/><U69/><E0/><V6/><F129/><W33/><G97/><T60/><D91/><U117/><E69/><V34/><F34/><W2/><G32/><T87/><D87/><U3/><E3/><V50/><F40/><W30/><G59/><T86/><D86/><U62/><E92/><V1/><F39/><W98/><G98/><T105/><D105/><U14/><E14/><V16/><F95/><W51/><G51/><T127/><D81/><U88/><E88/><V84/><F84/><W58/><G58/><T122/><D122/><U90/><E90/><V89/><F89/><W35/><G35/><T116/><D116/><U27/><E27/><V43/><F43/><W7/><REACH who="3" step="1"/><G18/><REACH who="3" ten="224,250,328,188" step="2"/><T36/><D127/><U19/><E68/><V45/><F16/><W131/><G131/><T24/><D38/><U107/><E107/><V111/><F110/><W112/><G112/><T71/><D47/><AGARI ba="0,1" hai="11,15,19,47,49,52,54,56,62,72,78,80,117,118" machi="47" ten="30,2000,0" yaku="7,1,54,1" doraHai="109" who="1" fromWho="0" sc="224,-20,250,30,328,0,188,0" /><INIT seed="3,0,0,0,3,66" ten="204,280,328,188" oya="3" hai0="97,33,11,70,15,45,91,72,22,124,69,60,121" hai1="110,35,53,111,16,8,56,19,77,93,3,49,61" hai2="64,127,5,25,90,80,62,24,18,74,34,107,57" hai3="55,96,27,32,117,48,31,84,36,68,41,38,122"/><W29/><G117/><T115/><D121/><U58/><E35/><V67/><F107/><W79/><G122/><T129/><D33/><U0/><E77/><V135/><F135/><W44/><G31/><T54/><D72/><U102/><E102/><V119/><F119/><W65/><G96/><T30/><D124/><U116/><E93/><V98/><F5/><W105/><G105/><T92/><D129/><U14/><E19/><V46/><F46/><W128/><G128/><T82/><D115/><U78/><E78/><V12/><F67/><W4/><G4/><T73/><D60/><U40/><E116/><V86/><F34/><W134/><G134/><T50/><D73/><U43/><E43/><V1/><F1/><W51/><G79/><T109/><D82/><U120/><E120/><V103/><F74/><W132/><G84/><T52/><D54/><N who="1" m="31823" /><E40/><V99/><F127/><W83/><G83/><T95/><D109/><AGARI ba="0,0" hai="0,3,8,14,16,53,58,61,109,110,111" m="31823" machi="109" ten="30,2000,0" yaku="14,1,54,1" doraHai="66" who="1" fromWho="0" sc="204,-20,280,20,328,0,188,0" /><INIT seed="4,0,0,1,2,84" ten="184,300,328,188" oya="0" hai0="22,19,9,20,35,110,53,26,16,73,103,135,112" hai1="113,69,83,128,125,64,94,88,2,134,102,14,48" hai2="107,99,115,18,33,89,42,106,51,57,82,23,124" hai3="15,105,7,92,118,62,31,52,67,126,6,38,117"/><T116/><D116/><U47/><E2/><V97/><F33/><W108/><G108/><T127/><D73/><U95/><E83/><V87/><F115/><W66/><G105/><T40/><D40/><U76/><E76/><V28/><F28/><W50/><G38/><T29/><D112/><U55/><E113/><V43/><F124/><W10/><G126/><T54/><D127/><U123/><E125/><V27/><F107/><W61/><G31/><T68/><D68/><U80/><E80/><V30/><F30/><W71/><G6/><T101/><D110/><U60/><E123/><V72/><F72/><W11/><G11/><T122/><D122/><U8/><E95/><V78/><F106/><W86/><G92/><T74/><D74/><U0/><E102/><N who="0" m="38921" /><D135/><U96/><E134/><V119/><F119/><W13/><G13/><N who="0" m="7215" /><D35/><U34/><E34/><V24/><F24/><AGARI ba="0,0" hai="19,20,22,24,26,29,53,54" m="7215,38921" machi="24" ten="30,2900,0" yaku="8,1,54,1" doraHai="84" who="0" fromWho="2" sc="184,29,300,0,328,-29,188,0" /><INIT seed="4,1,0,0,0,56" ten="213,300,299,188" oya="0" hai0="94,111,29,41,124,10,49,33,128,78,98,69,133" hai1="18,35,109,85,119,73,130,60,125,25,43,55,80" hai2="44,100,36,15,76,61,93,1,95,8,21,65,53" hai3="66,77,87,123,84,28,113,38,83,112,63,72,50"/><T24/><D124/><U59/><E109/><V4/><F76/><W121/><G38/><T110/><D133/><U27/><E130/><V92/><F100/><W134/><G28/><T40/><D128/><U103/><E73/><V16/><F53/><W122/><G50/><T42/><D69/><U0/><E119/><V86/><F86/><W127/><G127/><T45/><D10/><U68/><E125/><V106/><F106/><W5/><G5/><T30/><D30/><U108/><E108/><N who="0" m="41513" /><D78/><U57/><E0/><V62/><REACH who="2" step="1"/><F65/><REACH who="2" ten="213,300,289,188" step="2"/><W116/><G116/><T91/><AGARI ba="1,1" hai="24,29,33,40,41,42,45,49,91,94,98" m="41513" machi="91" ten="30,1500,0" yaku="10,1" doraHai="56" who="0" fromWho="0" sc="213,28,300,-6,289,-6,188,-6" /><INIT seed="4,2,0,3,5,6" ten="241,294,283,182" oya="0" hai0="87,82,31,86,37,49,40,99,106,70,115,64,5" hai1="72,84,67,0,14,131,92,129,121,66,22,102,16" hai2="71,96,98,60,41,78,42,12,97,130,125,55,93" hai3="113,104,135,75,103,74,39,118,53,15,51,13,73"/><T133/><D37/><U20/><E72/><V109/><F109/><W23/><G118/><T122/><D122/><U111/><E111/><V4/><F130/><N who="1" m="49673" /><E0/><V89/><F78/><W45/><G113/><T108/><D108/><U10/><E121/><V8/><F125/><W101/><G135/><T52/><D40/><N who="2" m="15466" /><F71/><W85/><G39/><T9/><D115/><U61/><E84/><N who="2" m="52391" /><F60/><W21/><G85/><T36/><D36/><U68/><E66/><V62/><F62/><W56/><G45/><T77/><D87/><U123/><E123/><V114/><F114/><W2/><G2/><T33/><D133/><U28/><E28/><V94/><F55/><W30/><G30/><T80/><D80/><U91/><E91/><AGARI ba="2,0" hai="4,8,12,91,94,96,97,98" m="52391,15466" machi="91" ten="30,2000,0" yaku="8,1,52,1" doraHai="6" who="2" fromWho="1" sc="241,0,294,-26,283,26,182,0" /><INIT seed="5,0,0,2,4,16" ten="241,268,309,182" oya="1" hai0="79,67,108,13,82,55,117,111,17,40,95,66,105" hai1="113,42,37,70,92,50,128,74,56,59,84,12,72" hai2="62,107,134,58,98,39,10,104,81,7,75,119,118" hai3="71,86,53,96,57,100,63,24,90,5,9,3,18"/><U73/><E70/><V110/><F110/><W124/><G124/><T23/><D105/><U112/><E128/><V85/><F75/><W31/><G71/><T133/><D117/><U80/><E92/><V91/><F39/><W77/><G77/><T41/><D133/><U34/><E34/><V65/><F134/><W29/><G86/><N who="0" m="48479" /><D108/><U35/><E35/><V114/><F114/><N who="1" m="44137" /><E37/><V45/><F45/><W115/><G115/><T89/><D55/><U20/><E42/><N who="0" m="16489" /><D111/><U22/><E12/><V54/><F54/><W25/><G90/><T52/><D52/><N who="1" m="31767" /><E59/><V132/><F132/><W69/><G69/><T15/><D15/><U51/><E51/><V36/><F36/><W131/><G131/><T26/><D13/><U14/><E14/><V78/><F107/><W32/><G32/><T0/><D0/><U48/><E48/><V116/><F104/><W43/><G43/><T4/><D4/><U76/><AGARI ba="0,0" hai="20,22,72,73,74,76,80,84" m="31767,44137" machi="76" ten="40,12000,1" yaku="15,1,52,2,54,1" doraHai="16" who="1" fromWho="1" sc="241,-40,268,120,309,-40,182,-40" /><INIT seed="5,1,0,1,0,121" ten="201,388,269,142" oya="1" hai0="115,57,69,119,97,75,39,33,44,84,88,58,131" hai1="128,79,47,60,23,118,12,65,43,70,105,110,4" hai2="101,8,36,45,11,122,124,29,61,126,89,134,82" hai3="35,91,21,85,27,53,49,74,107,117,111,116,112"/><U10/><E128/><V86/><F122/><W129/><G107/><T63/><D75/><U109/><E118/><N who="3" m="45674" /><G74/><T18/><D119/><U80/><E23/><V62/><F101/><W78/><G129/><T20/><D33/><U3/><E105/><V28/><F134/><W17/><G78/><T130/><D69/><U59/><E59/><V46/><F36/><W13/><G112/><T42/><D58/><U87/><REACH who="1" step="1"/><E3/><REACH who="1" ten="201,378,269,142" step="2"/><V96/><F126/><W83/><G35/><T73/><D115/><U104/><E104/><V67/><F124/><W120/><G120/><T31/><D130/><U37/><AGARI ba="1,1" hai="4,10,12,37,43,47,60,65,70,79,80,87,109,110" machi="37" ten="30,11700,0" yaku="1,1,0,1,52,2,53,0" doraHai="121" doraHaiUra="93" who="1" fromWho="1" sc="201,-40,378,130,269,-40,142,-40" /><INIT seed="5,2,0,4,3,26" ten="161,508,229,102" oya="1" hai0="80,0,16,44,30,98,70,79,56,127,83,72,81" hai1="122,58,3,111,133,108,85,51,19,94,5,75,73" hai2="97,62,96,57,27,47,20,130,13,6,37,121,53" hai3="2,91,55,42,86,134,18,50,112,126,63,92,64"/><U113/><E122/><V106/><F121/><W23/><G112/><T109/><D70/><U82/><E113/><V120/><F120/><W99/><G134/><T1/><D109/><U100/><E133/><V11/><F106/><W31/><G2/><T77/><D127/><U78/><E3/><V17/><F130/><W52/><G126/><T125/><D125/><U71/><E71/><V4/><F37/><W135/><G135/><T12/><D98/><N who="2" m="37994" /><F47/><W22/><G42/><T131/><D131/><U40/><E75/><V69/><F69/><W105/><G105/><T67/><D80/><U28/><E100/><V104/><F104/><W32/><G32/><T35/><D44/><U29/><E5/><AGARI ba="2,0" hai="4,5,6,11,13,17,20,27,53,57,62" m="37994" machi="5" ten="30,1000,0" yaku="8,1" doraHai="26" who="2" fromWho="1" sc="161,0,508,-16,229,16,102,0" /><INIT seed="6,0,0,3,3,92" ten="161,492,245,102" oya="2" hai0="85,56,81,115,57,109,32,53,47,90,31,76,21" hai1="108,50,16,51,117,95,116,44,23,8,101,133,36" hai2="40,37,1,84,128,100,5,132,124,25,75,54,33" hai3="34,41,127,119,112,129,78,130,19,97,60,13,61"/><V65/><F75/><W45/><G119/><T12/><D109/><U70/><E36/><V11/><F65/><W94/><G34/><T55/><D32/><U122/><E70/><V110/><F132/><W93/><G78/><T73/><D115/><U14/><E108/><V125/><F128/><W96/><G112/><T68/><D68/><U83/><E51/><V18/><F110/><W39/><G127/><T66/><D47/><U64/><E64/><V99/><F84/><W38/><G13/><T118/><D118/><U102/><E122/><V30/><F54/><W62/><G19/><T63/><D31/><U26/><E83/><V74/><F74/><W91/><REACH who="3" step="1"/><G38/><REACH who="3" ten="161,492,245,92" step="2"/><T17/><D57/><U131/><E117/><V80/><F18/><W27/><G27/><T79/><D79/><U72/><E116/><V98/><F37/><W0/><G0/><T107/><D107/><U134/><E72/><V89/><F1/><W105/><G105/><T135/><D135/><U104/><E104/><V24/><F24/><W2/><G2/><T87/><D73/><U7/><E131/><V28/><F33/><W123/><G123/><T35/><D35/><U120/><E120/><V22/><F125/><W46/><G46/><T113/><D113/><U86/><E134/><V20/><F124/><W126/><G126/><T10/><D21/><U29/><E133/><V121/><F121/><W114/><G114/><T3/><D3/><U71/><E23/><V4/><F22/><W67/><G67/><T103/><D66/><U43/><E16/><V69/><F20/><W82/><G82/><RYUUKYOKU ba="0,1" sc="161,-10,492,-10,245,-10,92,30" hai3="39,41,45,60,61,62,91,93,94,96,97,129,130" /><INIT seed="7,1,1,4,5,107" ten="151,482,235,122" oya="3" hai0="95,123,51,32,50,2,109,90,36,63,40,98,60" hai1="29,94,46,55,7,24,27,135,84,92,121,101,66" hai2="38,85,34,91,104,52,31,99,105,15,37,17,74" hai3="132,103,117,41,57,0,22,79,130,125,16,120,8"/><W26/><G117/><T21/><D109/><U93/><E135/><V3/><F74/><W134/><G120/><T12/><D32/><U65/><E101/><V6/><F6/><W54/><G130/><T64/><D2/><U67/><E121/><V102/><F105/><W89/><G125/><T43/><D123/><U23/><E7/><V133/><F3/><W25/><G41/><N who="0" m="15947" /><D36/><U9/><E9/><V129/><F133/><N who="3" m="51307" /><G103/><T11/><D21/><N who="1" m="15599" /><E84/><V18/><F129/><W28/><G79/><T81/><D64/><U5/><E5/><V71/><F38/><W110/><G110/><T126/><D126/><U131/><E131/><V83/><F37/><W1/><G89/><T13/><D13/><U42/><E42/><V10/><F91/><W47/><G47/><T82/><D51/><N who="1" m="29175" /><E67/><V61/><F102/><W77/><G77/><T88/><D50/><U49/><E49/><V72/><F72/><W114/><G114/><T111/><D111/><U19/><AGARI ba="1,1" hai="19,23,24,65,66,92,93,94" m="29175,15599" machi="19" ten="30,1100,0" yaku="8,1" doraHai="107" who="1" fromWho="1" sc="151,-4,482,24,235,-4,122,-6" owari="147,-25.0,506,60.0,231,3.0,116,-38.0" /></mjloggm>