<mjloggm ver="2.3"><GO type="185" lobby="0"/><UN n0="%E5%A4%9A%E6%9E%97%E6%99%8B" n1="%E3%83%A2%E3%83%AA%E3%82%AA%E3%83%B3%E3%81%AE%E5%A7%AB" n2="%E6%B5%B7%E8%83%86%E3%83%88%E3%83%AD%E7%83%8F%E8%B3%8A" n3="" dan="16,16,18,0" rate="2179.28,2241.20,2356.89,1500.00" sx="M,F,M,C"/><TAIKYOKU oya="0"/><INIT seed="0,0,0,3,2,64" ten="350,350,350,0" oya="0" hai0="96,124,77,113,115,36,99,94,79,114,32,40,107" hai1="128,104,123,91,101,37,41,129,88,109,61,50,80" hai2="87,51,70,44,131,95,56,121,98,66,112,54,62" hai3=""/><T120/><N who="0" m="30752" /><T105/><D32/><U126/><N who="1" m="31520" /><U78/><E109/><V92/><N who="2" m="31008" /><V84/><F112/><T133/><D36/><U85/><E126/><V122/><N who="2" m="31264" /><V119/><F131/><N who="1" m="50249" /><E37/><V117/><F95/><T46/><D124/><U103/><E61/><V52/><F119/><T69/><D69/><U43/><E104/><N who="0" m="40009" /><D46/><U67/><E67/><V59/><F117/><T68/><D68/><U1/><E1/><V102/><F59/><T0/><D40/><N who="1" m="15435" /><E50/><AGARI ba="0,0" hai="44,50,51,52,54,56,62,66,70,84,87,92,98,102" m="31264,31008" machi="50" ten="30,8000,1" yaku="7,1,52,3,54,1" doraHai="64" who="2" fromWho="1" sc="350,0,350,-80,350,80,0,0" /><INIT seed="1,0,0,4,2,123" ten="350,270,430,0" oya="1" hai0="124,81,35,107,58,122,74,108,91,114,121,134,46" hai1="68,54,103,51,85,76,116,129,48,92,131,89,40" hai2="36,42,120,71,60,61,127,112,64,135,72,133,62" hai3=""/><U52/><E116/><V126/><N who="2" m="30752" /><V65/><F72/><T132/><N who="0" m="31008" /><T38/><N who="0" m="31264" /><T45/><D35/><U115/><E115/><V70/><F112/><T34/><D34/><U87/><E68/><N who="2" m="26155" /><F42/><T53/><D114/><U125/><E125/><N who="2" m="47627" /><F36/><T100/><D124/><U44/><E103/><V77/><F77/><T96/><D38/><U117/><E117/><V90/><F90/><T102/><D100/><U84/><E40/><V128/><F128/><N who="1" m="49225" /><E76/><V63/><N who="2" m="15872" /><DORA hai="79" /><V104/><F104/><T106/><D107/><U57/><AGARI ba="0,0" hai="44,48,51,52,54,57,84,85,87,89,92" m="49225" machi="57" ten="30,2000,0" yaku="19,1,54,1" doraHai="123,79" who="1" fromWho="1" sc="350,-10,270,20,430,-10,0,0" /><INIT seed="1,1,0,2,3,58" ten="340,290,420,0" oya="1" hai0="115,83,119,75,2,105,48,95,74,126,103,53,91" hai1="123,89,111,67,132,82,77,63,55,85,96,51,101" hai2="32,69,122,54,128,100,60,97,57,110,106,76,116" hai3=""/><U121/><N who="1" m="31008" /><U112/><N who="1" m="31520" /><U35/><E112/><V62/><N who="2" m="31264" /><V102/><F116/><T43/><D2/><U81/><E132/><V34/><F110/><T93/><D115/><U117/><E111/><V52/><F128/><T135/><D43/><U37/><E37/><V129/><F129/><T99/><D119/><U133/><E133/><V47/><F102/><T79/><D126/><U87/><E117/><V84/><F47/><T61/><D61/><U88/><E35/><V130/><F130/><T71/><D71/><U66/><E77/><V92/><F54/><T124/><D124/><U44/><E63/><V65/><REACH who="2" step="1"/><F76/><REACH who="2" ten="340,290,410,0" step="2"/><T39/><D135/><U109/><REACH who="1" step="1"/><E109/><REACH who="1" ten="340,280,410,0" step="2"/><V104/><F104/><AGARI ba="1,2" hai="44,51,55,66,67,81,82,85,87,88,89,96,101,104" m="31520,31008" machi="104" ten="30,24000,3" yaku="1,1,2,1,7,1,9,1,52,2,54,1,53,2" doraHai="58" doraHaiUra="118" who="1" fromWho="2" sc="340,0,280,262,410,-242,0,0" /><INIT seed="1,2,0,5,1,127" ten="340,542,168,0" oya="1" hai0="38,81,64,68,88,67,69,102,49,61,63,111,45" hai1="128,87,124,118,103,66,106,57,82,89,134,130,48" hai2="70,33,84,129,90,135,93,78,104,2,100,113,91" hai3=""/><U99/><E118/><V83/><F2/><T76/><D38/><U65/><E124/><V126/><F33/><T116/><D116/><U53/><E134/><V114/><F70/><T0/><D0/><U74/><E74/><V1/><F1/><T95/><D111/><U37/><E37/><V85/><F126/><T105/><D102/><U42/><E42/><V56/><F56/><T133/><D105/><U47/><E57/><V58/><F58/><T131/><D133/><U32/><E32/><V119/><F119/><T54/><D131/><AGARI ba="2,0" hai="47,48,53,65,66,82,87,89,99,103,106,128,130,131" machi="131" ten="40,12000,1" yaku="19,1,52,3" doraHai="127" who="1" fromWho="0" sc="340,-124,542,124,168,0,0,0" /><INIT seed="1,3,0,2,4,49" ten="216,666,168,0" oya="1" hai0="87,96,122,2,105,125,0,41,54,102,56,76,94" hai1="89,55,115,97,133,112,40,100,32,51,34,110,86" hai2="88,118,1,33,93,117,128,48,52,114,109,38,134" hai3=""/><U45/><E133/><V107/><RYUUKYOKU type="yao9" ba="3,0" sc="216,0,666,0,168,0,0,0" hai2="1,33,38,48,52,88,93,107,109,114,117,118,128,134" /><INIT seed="1,4,0,2,2,54" ten="216,666,168,0" oya="1" hai0="110,76,72,56,34,84,91,109,32,96,133,92,71" hai1="65,69,104,0,108,94,36,103,52,41,85,73,62" hai2="114,45,97,98,130,37,50,61,126,132,74,81,43" hai3=""/><U33/><E33/><V106/><F132/><T40/><D71/><U68/><E0/><V1/><F1/><T60/><D133/><U59/><E73/><V47/><F126/><T51/><D72/><U124/><E124/><V53/><F130/><T39/><D39/><U48/><E108/><N who="0" m="41577" /><D40/><U86/><E104/><V115/><F61/><T95/><D51/><U93/><E69/><V63/><F63/><T100/><D76/><U38/><E38/><V111/><F111/><T58/><D58/><U113/><E113/><N who="2" m="43019" /><F106/><T129/><D129/><U89/><E103/><V87/><F74/><T57/><D57/><U90/><E36/><V119/><F119/><T80/><D95/><U102/><E102/><V3/><F3/><T70/><D70/><U116/><E41/><V46/><F47/><T105/><D105/><U75/><E75/><V118/><F118/><AGARI ba="4,0" hai="48,52,59,62,65,68,85,86,89,90,93,94,116,118" machi="118" ten="40,7700,0" yaku="9,1,52,1,54,1" doraHai="54" who="1" fromWho="2" sc="216,0,666,85,168,-85,0,0" /><INIT seed="1,5,0,4,3,38" ten="216,751,83,0" oya="1" hai0="78,34,67,49,72,122,102,61,80,91,101,77,32" hai1="119,37,114,42,94,116,82,0,1,40,65,112,68" hai2="126,131,99,88,43,125,71,96,59,76,127,93,69" hai3=""/><U48/><E37/><V74/><F131/><T63/><N who="0" m="31264" /><T132/><D132/><U123/><N who="1" m="31520" /><U115/><E48/><V134/><F134/><T95/><D78/><U46/><E46/><V3/><F3/><N who="1" m="1097" /><E94/><V57/><F96/><T117/><D117/><N who="1" m="45131" /><E82/><V56/><REACH who="2" step="1"/><F43/><REACH who="2" ten="216,751,73,0" step="2"/><N who="1" m="16425" /><E65/><V103/><F103/><T41/><D102/><U51/><E51/><V86/><F86/><T105/><D101/><U129/><E129/><V52/><F52/><T107/><D67/><U73/><E73/><V75/><F75/><T81/><D72/><U130/><E130/><V110/><F110/><T108/><D108/><U111/><E111/><V44/><F44/><T113/><D32/><U87/><E87/><V135/><F135/><T60/><D34/><U106/><E68/><V79/><F79/><T58/><D77/><U64/><E64/><V121/><N who="2" m="31008" /><V133/><F133/><T97/><D97/><U84/><E84/><V100/><F100/><T47/><D47/><U2/><E2/><V36/><F36/><T45/><D45/><U104/><AGARI ba="5,1" hai="104,106,112,114,115" m="16425,45131,1097,31520" machi="104" ten="50,12000,2" yaku="28,2,52,4" doraHai="38" who="1" fromWho="1" sc="216,-65,751,140,73,-65,0,0" /><INIT seed="1,6,0,3,0,34" ten="151,891,8,0" oya="1" hai0="100,112,99,54,42,110,119,121,36,39,52,44,80" hai1="51,134,92,33,120,102,127,123,32,61,86,56,74" hai2="103,55,73,47,43,115,122,95,101,64,104,40,35" hai3=""/><U84/><N who="1" m="30752" /><U79/><N who="1" m="31520" /><U129/><E74/><V62/><N who="2" m="31264" /><V48/><F35/><T109/><N who="0" m="31008" /><T53/><D119/><U96/><E127/><V88/><F73/><T130/><D112/><U93/><E129/><V113/><F104/><T105/><D130/><U124/><E124/><V77/><F77/><T71/><D71/><U72/><E72/><V58/><F115/><T94/><D80/><U111/><E134/><V117/><F117/><T135/><D135/><U125/><E125/><V70/><F113/><T59/><D36/><U131/><E131/><V38/><F40/><T65/><D105/><U107/><E111/><N who="0" m="42505" /><D65/><U97/><E107/><V98/><AGARI ba="6,0" hai="38,43,47,48,55,58,62,64,70,88,95,98,101,103" m="31264" machi="98" ten="20,9000,2" yaku="0,1,7,1,24,2,52,1,54,1" doraHai="34" who="2" fromWho="2" sc="151,-36,891,-66,8,102,0,0" /><INIT seed="2,0,0,5,4,74" ten="115,825,110,0" oya="2" hai0="60,45,67,69,131,62,58,46,54,117,88,2,104" hai1="0,53,89,83,42,101,99,95,109,122,134,72,114" hai2="70,82,34,47,90,111,63,112,129,118,107,81,35" hai3=""/><V91/><F118/><T32/><D2/><U43/><N who="1" m="31264" /><U80/><E0/><V125/><F112/><T77/><D32/><U36/><E114/><V64/><F125/><T94/><D117/><U106/><E109/><V108/><F107/><T123/><N who="0" m="31520" /><T38/><D104/><U93/><E134/><V57/><F129/><T68/><D131/><U37/><E106/><V115/><F115/><T48/><D77/><U119/><E53/><V39/><F70/><T132/><D132/><U44/><E72/><V133/><F133/><T3/><D3/><U87/><E119/><V78/><F34/><T76/><D76/><U85/><E85/><V121/><N who="2" m="31008" /><V71/><F71/><T110/><D110/><N who="2" m="42026" /><F35/><T113/><D113/><U49/><E49/><V127/><F127/><T116/><D116/><U61/><E61/><V98/><F98/><T33/><D33/><U51/><E51/><V128/><F128/><T66/><D38/><U96/><E99/><AGARI ba="0,0" hai="45,46,48,54,58,60,62,66,67,68,69,88,94,99" m="31520" machi="99" ten="30,7700,0" yaku="7,1,9,1,52,1,54,1" doraHai="74" who="0" fromWho="1" sc="115,77,825,-77,110,0,0,0" /><INIT seed="4,0,0,2,3,70" ten="192,748,110,0" oya="0" hai0="89,87,53,103,0,93,129,88,104,105,116,33,108" hai1="128,133,60,130,68,43,117,132,122,40,65,41,46" hai2="54,121,96,56,57,107,82,115,36,49,118,102,126" hai3=""/><T127/><D0/><U32/><N who="1" m="31264" /><U48/><E32/><V110/><N who="2" m="31008" /><V135/><F110/><T86/><D33/><U97/><E97/><V50/><F115/><T106/><D116/><U79/><E79/><V98/><F118/><T2/><D2/><U90/><E90/><V52/><F135/><N who="1" m="51785" /><E117/><V38/><F126/><T76/><D108/><U101/><E101/><V3/><F3/><T77/><D127/><U119/><E119/><V55/><F98/><T111/><D53/><AGARI ba="0,0" hai="40,41,43,46,48,53,60,65,68,128,130" m="51785,31264" machi="53" ten="30,7700,0" yaku="20,1,34,2,52,1" doraHai="70" who="1" fromWho="0" sc="192,-77,748,77,110,0,0,0" /><INIT seed="5,0,0,0,4,35" ten="115,825,110,0" oya="1" hai0="49,36,74,80,82,40,97,110,114,101,115,88,94" hai1="39,64,66,126,37,47,2,52,113,96,46,121,77" hai2="130,102,109,41,54,1,84,51,92,43,103,91,120" hai3=""/><U122/><N who="1" m="31008" /><U67/><N who="1" m="31264" /><U106/><E2/><V60/><N who="2" m="30752" /><V105/><F109/><T131/><D110/><U3/><E3/><V127/><F1/><T34/><D34/><U118/><E118/><V124/><F130/><T53/><D131/><U42/><E113/><N who="0" m="43017" /><D74/><U129/><E129/><V86/><F60/><T90/><D36/><U116/><E77/><V0/><F0/><T134/><D40/><N who="2" m="15434" /><F105/><T61/><D61/><U48/><E116/><V95/><F95/><T135/><D82/><U75/><E75/><V85/><F124/><T93/><D80/><U104/><E126/><V117/><F117/><T55/><D55/><U44/><E96/><V107/><F107/><T133/><D94/><U123/><N who="1" m="31520" /><U79/><E37/><V56/><F127/><T65/><D65/><U59/><E106/><V108/><F108/><T128/><D128/><U57/><E104/><V58/><F56/><AGARI ba="0,0" hai="49,53,56,88,90,93,97,101,133,134,135" m="43017" machi="56" ten="40,5200,0" yaku="20,1,15,1,54,1" doraHai="35" who="0" fromWho="2" sc="115,52,825,0,110,-52,0,0" /><INIT seed="6,0,0,2,1,99" ten="167,825,58,0" oya="2" hai0="121,54,61,125,74,49,71,94,88,2,33,72,122" hai1="80,127,106,64,35,115,48,47,104,62,59,76,69" hai2="82,51,102,1,79,63,75,124,73,110,68,97,112" hai3=""/><V132/><F1/><T41/><N who="0" m="31008" /><T0/><N who="0" m="31264" /><T38/><D33/><U78/><E35/><V44/><F124/><T119/><D125/><U92/><E76/><V111/><F132/><T85/><D74/><U87/><E115/><V67/><F112/><T100/><D72/><U116/><E116/><V130/><F130/><T113/><D113/><U131/><E127/><V107/><REACH who="2" step="1"/><F75/><REACH who="2" ten="167,825,48,0" step="2"/><T96/><D0/><U105/><E131/><V36/><F36/><T126/><D2/><U117/><E117/><V50/><F50/><T91/><D119/><U77/><E48/><V101/><F101/><T90/><D126/><U42/><E105/><V118/><F118/><T70/><D38/><U103/><E104/><V93/><F93/><T37/><D37/><U3/><E106/><V134/><F134/><T135/><D135/><U89/><E3/><V55/><AGARI ba="0,1" hai="44,51,55,63,67,68,73,79,82,97,102,107,110,111" machi="55" ten="30,4000,0" yaku="1,1,0,1,52,1,53,0" doraHai="99" doraHaiUra="128" who="2" fromWho="2" sc="167,-20,825,-20,48,50,0,0" /><INIT seed="6,1,0,4,1,36" ten="147,805,98,0" oya="2" hai0="122,109,55,47,125,63,120,64,0,56,78,90,44" hai1="88,53,68,42,126,37,89,113,52,106,38,33,83" hai2="66,85,50,41,34,134,117,96,112,104,91,132,82" hai3=""/><V103/><F34/><T105/><N who="0" m="30752" /><T79/><N who="0" m="31264" /><T116/><D0/><U100/><E33/><V130/><F117/><T32/><D32/><U46/><E113/><V108/><F112/><T84/><D116/><U71/><E126/><V131/><F66/><T3/><D3/><U40/><E100/><V127/><F108/><T124/><D105/><U1/><E106/><V72/><F127/><N who="0" m="48714" /><D109/><U2/><E46/><N who="0" m="17449" /><D64/><U60/><E60/><V133/><F50/><T111/><D111/><U110/><E110/><V39/><F39/><T99/><D99/><U129/><E83/><AGARI ba="1,0" hai="55,56,63,78,79,83,84,90" m="17449,48714,31264,30752" machi="83" ten="30,3900,0" yaku="18,1,52,2" doraHai="36" who="0" fromWho="1" sc="147,41,805,-41,98,0,0,0" owari="188,-21.0,764,71.0,98,-50.0,0,0.0" /></mjloggm>