<mjloggm ver="2.3"><GO type="169" lobby="0"/><UN n0="%E3%81%BE%E3%81%99%E3%81%9E%E3%81%88" n1="%7A%6B%75%72%74" n2="%28%3B%E3%83%BB%E2%88%80%E3%83%BB%29" n3="%4B%57" dan="16,17,16,16" rate="2111.74,2241.22,2169.12,2053.37" sx="M,M,M,M"/><TAIKYOKU oya="0"/><INIT seed="0,0,0,3,3,106" ten="250,250,250,250" oya="0" hai0="125,92,73,16,113,81,69,38,78,131,91,56,29" hai1="128,119,45,74,6,90,33,102,123,12,9,20,65" hai2="42,21,83,3,124,101,59,85,46,44,1,121,95" hai3="71,77,13,23,111,15,130,109,97,48,58,24,2"/><T103/><D131/><U89/><E123/><V50/><F121/><W67/><G130/><T94/><D113/><U39/><E33/><V41/><F124/><W96/><G2/><T118/><D125/><U37/><E119/><V30/><F3/><W114/><G71/><T35/><D118/><U31/><E128/><V107/><F107/><W0/><G0/><T133/><D133/><U115/><E115/><V93/><F1/><W40/><G77/><T18/><D69/><U99/><E65/><V116/><F116/><W52/><G40/><T55/><D38/><U53/><E74/><V8/><F8/><W70/><G114/><T98/><D35/><U134/><E134/><V10/><F10/><W129/><G129/><T108/><D29/><U5/><E5/><V63/><F21/><W110/><G67/><T14/><D108/><U54/><E39/><V17/><F17/><W126/><G70/><T27/><D27/><N who="1" m="16871" /><E37/><V26/><F26/><W64/><G64/><T22/><D18/><U127/><E127/><V84/><F30/><N who="3" m="17695" /><G126/><T11/><D11/><U66/><E66/><N who="2" m="39295" /><F101/><W34/><G34/><T104/><REACH who="0" step="1"/><D91/><REACH who="0" ten="240,250,250,250" step="2"/><U32/><E32/><V28/><F28/><W122/><G122/><T57/><D57/><U62/><E90/><V72/><F46/><W80/><G111/><T49/><AGARI ba="0,1" hai="14,16,22,49,55,56,73,78,81,92,94,98,103,104" machi="49" ten="20,18000,2" yaku="1,1,0,1,7,1,52,1,54,1,53,1" doraHai="106" doraHaiUra="75" who="0" fromWho="0" sc="240,190,250,-60,250,-60,250,-60" /><INIT seed="0,1,0,0,5,73" ten="430,190,190,190" oya="0" hai0="9,53,67,116,10,45,76,57,71,13,29,34,65" hai1="134,94,0,26,66,22,25,30,108,79,111,95,112" hai2="52,77,114,61,98,105,82,99,109,135,59,50,110" hai3="132,17,62,93,129,86,47,83,123,101,91,11,33"/><T75/><D116/><U43/><E134/><V115/><F135/><W85/><G132/><T3/><D71/><U12/><E0/><V15/><F15/><W7/><G129/><T113/><D113/><U8/><E112/><V19/><F19/><W28/><G123/><T78/><D75/><U126/><E126/><V46/><F114/><W96/><G17/><T120/><D120/><U102/><E43/><V97/><F105/><W40/><G62/><N who="0" m="36143" /><D34/><U133/><E133/><V89/><F89/><W70/><G70/><T51/><D3/><U74/><E66/><N who="0" m="25097" /><D29/><U20/><E102/><V88/><F115/><W6/><G33/><T37/><D37/><U68/><E68/><V49/><F88/><W119/><G28/><T122/><D122/><U14/><E74/><V31/><F31/><W38/><G11/><N who="0" m="4107" /><D13/><U24/><E30/><V1/><F1/><W127/><G127/><T106/><D106/><U124/><E124/><V117/><F117/><W54/><G119/><T87/><D87/><U90/><E8/><V80/><F80/><W118/><G118/><T27/><D27/><U35/><E26/><V128/><F128/><W125/><G125/><T131/><D131/><U39/><E35/><V121/><F121/><W100/><G54/><AGARI ba="1,0" hai="45,51,54,76,78" m="4107,25097,36143" machi="54" ten="30,5800,0" yaku="8,1,52,2" doraHai="73" who="0" fromWho="3" sc="430,61,190,0,190,0,190,-61" /><INIT seed="0,2,0,5,0,20" ten="491,190,190,129" oya="0" hai0="130,51,27,66,21,37,131,2,29,110,60,89,100" hai1="73,91,7,135,45,133,85,70,4,94,40,48,98" hai2="57,120,121,103,28,102,26,96,5,65,95,33,109" hai3="67,83,106,32,113,93,75,128,72,81,42,10,63"/><T105/><D37/><U82/><E70/><V24/><F109/><W47/><G106/><T9/><D105/><U56/><E73/><V119/><F5/><W78/><G113/><T50/><D100/><U55/><E135/><V74/><F74/><W19/><G128/><N who="0" m="49195" /><D89/><U0/><E0/><V134/><F134/><W92/><G32/><T23/><D110/><U87/><E133/><V22/><F103/><W1/><G75/><T64/><D21/><U104/><E104/><V68/><F68/><W15/><G81/><T124/><D124/><U126/><E126/><V111/><F111/><W127/><G1/><T13/><D2/><U61/><REACH who="1" step="1"/><E87/><REACH who="1" ten="491,180,190,129" step="2"/><V122/><F119/><W125/><G125/><T77/><D66/><U115/><E115/><V53/><F65/><W6/><G127/><T31/><D64/><U107/><E107/><V112/><F112/><W101/><G67/><T59/><D60/><U132/><E132/><V11/><F122/><W118/><G63/><T62/><D62/><U108/><E108/><V43/><F120/><W49/><G118/><T18/><D51/><U97/><E97/><V35/><F121/><W88/><G49/><T76/><D50/><U14/><E14/><V99/><F96/><W16/><G72/><T90/><D13/><U80/><E80/><V12/><F12/><W84/><G15/><T39/><D9/><U38/><E38/><V17/><F11/><W114/><G10/><T123/><D39/><U86/><E86/><V8/><F8/><W79/><G114/><T116/><D116/><U129/><E129/><V36/><F36/><RYUUKYOKU ba="2,1" sc="491,-10,180,30,190,-10,129,-10" hai1="4,7,40,45,48,55,56,61,82,85,91,94,98" /><INIT seed="1,3,1,5,2,121" ten="481,210,180,119" oya="1" hai0="24,34,44,63,92,58,43,30,10,14,35,36,69" hai1="53,4,57,55,3,62,100,126,31,86,73,26,12" hai2="48,130,65,118,9,128,38,7,135,32,134,116,46" hai3="60,17,72,109,102,41,106,56,11,98,54,110,15"/><U80/><E126/><V120/><F120/><W124/><G124/><T2/><D69/><U78/><E3/><V50/><F32/><W104/><G72/><T113/><D113/><U112/><E112/><V76/><F76/><W127/><G127/><T74/><D74/><U20/><E100/><V75/><F75/><W42/><REACH who="3" step="1"/><G106/><REACH who="3" ten="481,210,180,109" step="2"/><T6/><D92/><U29/><E73/><V66/><F38/><W93/><G93/><T64/><D2/><U22/><E31/><V23/><F23/><AGARI ba="3,2" hai="6,10,14,23,24,30,34,35,36,43,44,58,63,64" machi="23" ten="30,1000,0" yaku="7,1" doraHai="121" who="0" fromWho="2" sc="481,39,210,0,180,-19,109,0" /><INIT seed="2,0,0,3,4,119" ten="520,210,161,109" oya="2" hai0="30,22,84,57,110,99,112,63,38,133,68,101,89" hai1="107,58,75,56,104,3,24,27,116,86,130,69,47" hai2="131,96,6,70,54,67,32,77,90,40,73,1,34" hai3="10,103,45,20,41,15,102,93,97,51,127,49,82"/><V12/><F12/><W87/><G127/><T37/><D68/><U129/><E75/><V126/><F54/><W117/><G117/><T92/><D133/><U23/><E116/><V52/><F126/><W11/><G103/><T36/><D110/><U7/><E69/><V98/><F40/><W122/><G122/><T0/><D0/><U48/><E86/><V128/><F67/><W65/><G65/><T53/><D112/><U2/><E7/><V61/><F70/><W31/><G51/><T42/><D42/><U33/><E23/><V46/><F77/><W64/><G64/><T21/><REACH who="0" step="1"/><D30/><REACH who="0" ten="510,210,161,109" step="2"/><U132/><E132/><V26/><F1/><W124/><G124/><T55/><D55/><U8/><E2/><V28/><F28/><W100/><G31/><T78/><D78/><U39/><E3/><V91/><F52/><W115/><G115/><T19/><D19/><U76/><E76/><V18/><F18/><N who="3" m="10335" /><G102/><T59/><D59/><U85/><E58/><V95/><F46/><W74/><G74/><T60/><D60/><U16/><E56/><V72/><F61/><W62/><G62/><T135/><D135/><U121/><E47/><V118/><F118/><W66/><G66/><T29/><D29/><U114/><E114/><V106/><F73/><W120/><G120/><T13/><D13/><U71/><E71/><V17/><F72/><W105/><G105/><AGARI ba="0,1" hai="21,22,36,37,38,53,57,63,84,89,92,99,101,105" machi="105" ten="40,1300,0" yaku="1,1,53,0" doraHai="119" doraHaiUra="5" who="0" fromWho="3" sc="510,23,210,0,161,0,109,-13" /><INIT seed="3,0,0,5,1,111" ten="533,210,161,96" oya="3" hai0="75,114,57,53,1,67,104,65,110,71,94,88,45" hai1="47,116,9,8,128,112,24,121,13,51,74,23,60" hai2="49,39,66,86,132,109,28,4,72,6,106,131,83" hai3="54,26,62,81,38,3,2,107,37,29,12,100,18"/><W52/><G81/><T34/><D34/><U115/><E121/><V31/><F39/><W127/><G127/><T93/><D110/><U15/><E74/><V119/><F109/><W85/><G85/><T61/><D1/><U22/><E128/><V59/><F72/><W126/><G126/><T80/><D114/><U7/><E60/><V77/><F119/><W70/><G107/><T19/><D104/><U43/><E116/><V95/><F106/><W46/><G100/><T91/><D75/><U99/><E99/><V25/><F131/><W55/><G70/><T21/><D80/><U89/><E89/><N who="0" m="34377" /><D71/><U103/><E103/><V129/><F129/><W130/><G62/><T10/><D10/><U124/><E23/><V32/><F132/><W78/><G78/><T16/><D19/><U117/><E117/><V133/><F133/><W40/><G38/><T5/><D5/><U11/><E11/><V123/><F123/><W41/><G130/><T92/><D45/><U0/><E124/><V79/><F6/><W36/><G36/><T108/><D108/><U50/><E50/><V96/><F4/><W48/><G37/><T122/><D122/><U58/><E58/><V42/><F31/><W125/><G125/><T63/><D63/><U33/><E33/><V118/><F118/><W98/><G98/><T102/><D102/><U14/><REACH who="1" step="1"/><E9/><REACH who="1" ten="533,200,161,96" step="2"/><V105/><F49/><W82/><G48/><T135/><D135/><U44/><E44/><V90/><F59/><W68/><G46/><T64/><D64/><U97/><E97/><V76/><F66/><W27/><G68/><RYUUKYOKU ba="0,1" sc="533,15,200,15,161,-15,96,-15" hai0="16,21,53,57,61,65,67,92,93,94" hai1="0,7,8,13,14,15,22,24,43,47,51,112,115" /><INIT seed="4,1,1,1,3,51" ten="548,215,146,81" oya="0" hai0="26,22,38,36,111,125,116,82,92,105,6,104,14" hai1="95,13,71,78,43,79,66,77,57,32,72,53,16" hai2="117,129,4,54,107,31,122,73,110,90,94,64,7" hai3="83,99,52,84,35,20,28,113,0,121,74,62,132"/><T29/><D116/><U135/><E135/><V34/><F110/><W8/><G132/><T55/><D125/><U10/><E32/><V58/><F107/><W33/><G74/><T98/><D111/><U128/><E128/><V75/><F122/><W30/><G121/><T11/><D82/><U2/><E43/><V115/><F129/><W127/><G127/><T68/><D68/><U47/><E47/><V40/><F115/><W88/><G113/><T17/><D55/><U76/><E66/><V44/><F64/><W61/><G99/><T60/><D60/><U39/><E39/><V114/><F114/><W70/><G70/><T19/><D104/><U15/><E71/><V85/><F117/><W41/><G41/><T59/><D59/><U80/><E2/><V134/><F134/><W120/><G120/><T100/><D105/><U112/><E112/><V21/><F34/><W37/><G37/><T106/><D106/><U118/><E118/><V96/><F75/><W131/><G131/><T23/><D29/><N who="3" m="11369" /><G20/><T18/><REACH who="0" step="1"/><D19/><REACH who="0" ten="538,215,146,81" step="2"/><U81/><E81/><V42/><F31/><W123/><G123/><T24/><AGARI ba="1,2" hai="6,11,14,17,18,22,23,24,26,36,38,92,98,100" machi="24" ten="20,18000,2" yaku="1,1,2,1,0,1,7,1,9,1,53,1" doraHai="51" doraHaiUra="5" who="0" fromWho="0" sc="538,203,215,-61,146,-61,81,-61" /><INIT seed="4,2,0,5,3,101" ten="741,154,85,20" oya="0" hai0="92,67,49,63,19,22,32,4,47,10,56,78,85" hai1="48,127,45,129,123,55,41,44,122,34,5,14,11" hai2="116,135,50,6,89,68,43,72,74,12,66,40,98" hai3="107,16,42,17,114,111,75,121,46,106,38,15,94"/><T131/><D131/><U82/><E129/><V61/><F135/><W30/><G111/><T70/><D70/><U88/><E34/><V36/><F36/><W7/><G75/><T60/><D32/><U35/><E35/><V132/><F132/><W59/><G114/><T31/><D31/><U71/><E71/><V54/><F116/><W102/><G30/><T105/><D105/><U95/><E82/><V100/><F89/><W124/><G124/><T24/><D63/><U28/><E28/><V87/><F87/><W103/><G121/><T65/><D65/><U108/><E127/><V29/><F29/><W113/><G113/><T119/><D119/><U0/><E0/><V20/><F74/><W26/><G26/><T23/><D23/><U90/><E90/><V53/><F72/><W27/><G27/><T2/><D92/><U51/><REACH who="1" step="1"/><E108/><REACH who="1" ten="741,144,85,20" step="2"/><V39/><F39/><W104/><G103/><T84/><D78/><U9/><E9/><V18/><F6/><W8/><REACH who="3" step="1"/><G59/><REACH who="3" ten="741,144,85,10" step="2"/><T93/><D56/><U115/><E115/><V76/><F68/><W57/><G57/><T33/><D33/><U125/><E125/><V120/><F120/><W126/><G126/><T80/><D2/><U96/><AGARI ba="2,2" hai="5,11,14,41,44,45,48,51,55,88,95,96,122,123" machi="96" ten="20,5200,0" yaku="1,1,0,1,7,1,54,1,53,0" doraHai="101" doraHaiUra="77" who="1" fromWho="1" sc="741,-28,144,78,85,-15,10,-15" owari="713,82.0,222,2.0,70,-33.0,-5,-51.0" /></mjloggm>