<mjloggm ver="2.3"><GO type="169" lobby="0"/><UN n0="%6B%75%7A%75%6E" n1="%7A%6B%75%72%74" n2="%E7%9C%9F%E3%82%A8%E3%83%88%E3%83%9A%E3%83%B3" n3="%E5%BD%97%E6%98%9F%E5%85%A5%E3%83%92%E3%82%B3" dan="18,17,18,16" rate="2251.49,2239.26,2299.58,2131.14" sx="M,M,M,M"/><TAIKYOKU oya="0"/><INIT seed="0,0,0,3,0,109" ten="250,250,250,250" oya="0" hai0="123,92,77,86,71,17,84,73,32,31,95,130,91" hai1="43,96,119,0,48,20,134,19,4,25,53,16,2" hai2="105,99,93,44,89,14,36,67,37,126,21,118,108" hai3="52,49,1,133,87,76,39,54,65,75,60,22,80"/><T34/><D123/><U7/><E119/><V56/><F108/><W47/><G133/><T135/><D135/><U101/><E134/><V94/><F118/><W42/><G1/><T45/><D130/><U100/><E43/><V113/><F105/><W102/><G102/><T5/><D71/><U68/><E68/><V128/><F128/><W61/><G75/><T28/><D17/><U117/><E117/><V129/><F129/><W50/><G22/><T82/><D45/><U24/><E96/><V132/><F132/><W33/><G33/><T63/><D5/><U55/><E48/><V78/><F126/><W18/><G18/><T51/><D51/><U27/><E27/><V70/><F70/><W10/><G10/><T121/><D63/><U125/><REACH who="1" step="1"/><E20/><REACH who="1" ten="250,240,250,250" step="2"/><V64/><F21/><W90/><G50/><T12/><D121/><U74/><E74/><V83/><F99/><W116/><G116/><T124/><D73/><U23/><E23/><V41/><F41/><W15/><G49/><T104/><D32/><U40/><E40/><V107/><F37/><W103/><G42/><T131/><D34/><U111/><E111/><V26/><F26/><W57/><G39/><T110/><D110/><U59/><E59/><V72/><F56/><W3/><G57/><T69/><D69/><U62/><E62/><V13/><F36/><W29/><G61/><T38/><D38/><U88/><E88/><V97/><F89/><N who="3" m="51431" /><G60/><T9/><D131/><U98/><E98/><V6/><F97/><W11/><G90/><T58/><D91/><U115/><E115/><V122/><F113/><RYUUKYOKU ba="0,1" sc="250,-10,240,30,250,-10,250,-10" hai1="0,2,4,7,16,19,24,25,53,55,100,101,125" /><INIT seed="1,1,1,1,2,54" ten="240,270,240,240" oya="1" hai0="78,36,62,12,79,24,35,26,80,111,4,25,117" hai1="13,14,51,76,116,122,21,11,118,50,18,46,0" hai2="133,17,10,90,108,77,105,86,15,115,20,39,104" hai3="59,126,72,28,125,73,82,84,41,19,92,38,37"/><U75/><E122/><V100/><F39/><W85/><G28/><T123/><D117/><U132/><E132/><V22/><F133/><W48/><G19/><T9/><D111/><U16/><E0/><V113/><F77/><W127/><G92/><T88/><D36/><N who="3" m="13929" /><G85/><T102/><D123/><U2/><E2/><V107/><F100/><W56/><G41/><T114/><D114/><N who="2" m="43530" /><F108/><W8/><G8/><T3/><D102/><U120/><E120/><V52/><F52/><N who="3" m="31751" /><G59/><T81/><D35/><U129/><E51/><V94/><AGARI ba="1,1" hai="10,15,17,20,22,86,90,94,104,105,107" m="43530" machi="94" ten="40,1500,0" yaku="11,1" doraHai="54" who="2" fromWho="2" sc="240,-5,270,-8,240,28,240,-5" /><INIT seed="2,0,0,5,0,101" ten="235,262,268,235" oya="2" hai0="32,14,112,48,83,27,54,3,69,55,98,21,75" hai1="68,94,114,118,44,59,67,90,37,43,61,124,53" hai2="122,130,77,135,116,100,31,19,36,63,16,84,65" hai3="95,92,1,66,88,7,20,134,119,105,4,127,70"/><V9/><F116/><W103/><G119/><T97/><D112/><U18/><E118/><V41/><F122/><W73/><G73/><T38/><D38/><U111/><E111/><V74/><F74/><W5/><G127/><T123/><D3/><U25/><E124/><V45/><F135/><W85/><G134/><T62/><D32/><U132/><E132/><V30/><F130/><W76/><G76/><T93/><D98/><U131/><E131/><V79/><F100/><W10/><G20/><T35/><D35/><U12/><E25/><V6/><F30/><W109/><G109/><T86/><D14/><U121/><E121/><V117/><F31/><W110/><G110/><T107/><D107/><U33/><E33/><V23/><F117/><W71/><G95/><T102/><D75/><U34/><E34/><V0/><F84/><W81/><G92/><T58/><D69/><U91/><E94/><V29/><F29/><W108/><G108/><T106/><D106/><U80/><E80/><V104/><F19/><W125/><G125/><T24/><D21/><U120/><E114/><V99/><F99/><W46/><G46/><N who="0" m="27927" /><D123/><U60/><E120/><V64/><F104/><W82/><G82/><T78/><AGARI ba="0,0" hai="24,27,55,58,62,78,83,86,93,97,102" m="27927" machi="78" ten="30,1100,0" yaku="8,1" doraHai="101" who="0" fromWho="0" sc="235,11,262,-3,268,-5,235,-3" /><INIT seed="3,0,0,3,4,7" ten="246,259,263,232" oya="3" hai0="46,116,51,125,22,34,85,133,54,47,39,106,40" hai1="94,102,110,30,75,95,101,82,41,111,45,57,123" hai2="56,77,129,99,130,84,58,61,70,35,91,24,124" hai3="92,117,62,97,96,105,122,120,89,4,52,134,118"/><W5/><G62/><T18/><D34/><U2/><E2/><V98/><F124/><W19/><G19/><T37/><D125/><U78/><E123/><V121/><F121/><W127/><G127/><T55/><D106/><U48/><E30/><V65/><F77/><W132/><G92/><N who="1" m="35370" /><E57/><N who="2" m="22123" /><F84/><W131/><G105/><T119/><D133/><U59/><E59/><V26/><F91/><W112/><G89/><T60/><D85/><U21/><E21/><V8/><F8/><W115/><REACH who="3" step="1"/><G131/><REACH who="3" ten="246,259,263,222" step="2"/><N who="2" m="50185" /><F24/><W83/><G83/><T109/><D60/><U32/><E32/><V63/><F61/><W114/><G114/><T66/><D18/><U53/><E102/><V44/><F35/><W16/><G16/><T79/><D22/><U17/><E101/><V0/><F26/><W38/><G38/><T29/><D39/><U73/><E17/><V14/><F63/><W64/><G64/><T11/><D66/><U128/><E128/><V6/><F65/><W69/><G69/><T1/><D37/><U88/><E88/><V68/><F70/><W27/><G27/><T28/><D29/><U23/><E23/><V15/><F68/><W49/><G49/><T74/><D51/><U67/><E67/><V108/><F99/><W126/><G126/><T87/><D28/><U3/><E82/><V10/><F98/><W72/><G72/><T9/><D74/><U33/><E33/><V103/><F103/><W20/><G20/><T80/><D80/><U36/><E75/><V104/><F104/><W90/><G90/><T43/><D87/><U31/><E73/><V86/><F86/><RYUUKYOKU ba="0,1" sc="246,-10,259,-10,263,-10,222,30" hai3="4,5,52,96,97,112,115,117,118,120,122,132,134" /><INIT seed="3,1,1,4,0,101" ten="236,249,253,252" oya="3" hai0="114,44,121,63,113,52,105,4,65,35,92,51,96" hai1="13,134,20,86,90,110,48,32,66,95,57,15,47" hai2="83,23,80,69,8,122,94,82,55,17,73,43,50" hai3="106,27,26,115,46,2,131,130,81,89,36,34,129"/><W10/><G106/><T126/><D121/><U22/><E110/><V64/><F122/><W45/><G115/><N who="0" m="44043" /><D35/><U71/><E71/><V18/><F73/><W54/><G54/><T97/><D126/><U78/><E32/><V67/><F69/><W68/><G68/><N who="0" m="42047" /><D4/><U117/><E134/><V41/><F94/><W93/><G81/><T21/><D21/><N who="1" m="8299" /><E78/><V87/><F87/><N who="3" m="52415" /><G36/><T33/><D33/><U72/><E72/><V104/><F104/><W75/><G75/><T39/><D39/><U124/><E124/><V7/><F67/><W99/><G99/><N who="0" m="37963" /><D92/><U88/><E117/><V28/><F64/><W132/><G132/><T24/><D24/><N who="3" m="9257" /><G34/><T116/><D105/><U85/><E66/><V84/><F84/><W135/><G135/><T103/><D103/><U111/><E57/><V77/><F77/><W62/><G62/><T125/><D125/><U3/><E3/><V6/><F82/><W127/><G127/><T123/><D123/><U30/><E111/><V108/><F108/><W100/><G100/><T59/><D116/><U11/><E11/><V9/><F23/><W70/><G70/><T12/><D12/><U42/><E30/><V133/><F133/><W19/><G2/><T60/><D60/><U98/><E98/><V58/><F28/><W102/><G102/><T61/><D61/><U1/><E1/><N who="2" m="79" /><F83/><AGARI ba="1,1" hai="13,15,42,47,48,83,85,86,88,90,95" m="8299" machi="83" ten="30,2000,0" yaku="8,1,54,1" doraHai="101" who="1" fromWho="2" sc="236,0,249,33,253,-23,252,0" /><INIT seed="4,0,0,0,2,118" ten="236,282,230,252" oya="0" hai0="50,80,33,116,47,30,5,51,71,106,88,72,45" hai1="21,122,102,39,41,25,55,48,70,66,65,89,114" hai2="37,9,11,113,97,108,101,17,54,119,10,16,79" hai3="61,120,58,43,49,109,40,13,15,132,76,3,56"/><T130/><D116/><U2/><E2/><V125/><F119/><W7/><G3/><T124/><D130/><U107/><E114/><V42/><F108/><W96/><G109/><T44/><D124/><U110/><E110/><V77/><F113/><W19/><G132/><T68/><D106/><U60/><E66/><V74/><F125/><W98/><G76/><T27/><D5/><U23/><E89/><V73/><F37/><W59/><G61/><T93/><D80/><U52/><E122/><V1/><F42/><W133/><G133/><T129/><D72/><U31/><E39/><V0/><F54/><W128/><G128/><T4/><D4/><U24/><E102/><V86/><F86/><W115/><G115/><T12/><D12/><U32/><E107/><V36/><F36/><W53/><G120/><T112/><D112/><U8/><E8/><V104/><F0/><W78/><G78/><T99/><REACH who="0" step="1"/><D129/><REACH who="0" ten="226,282,230,252" step="2"/><U105/><E105/><V28/><F1/><W46/><G7/><T67/><D67/><U126/><E126/><V26/><F74/><W69/><G15/><T20/><D20/><U84/><E21/><V91/><F73/><W117/><G117/><T103/><D103/><U6/><E6/><V121/><F121/><W95/><G13/><T35/><D35/><U22/><E32/><N who="2" m="20503" /><F104/><W134/><G134/><T111/><D111/><U131/><E131/><V92/><F101/><W63/><G95/><T100/><D100/><U57/><E23/><V135/><F135/><W29/><G29/><T83/><D83/><U127/><E127/><V123/><F123/><RYUUKYOKU ba="0,1" sc="226,15,282,-15,230,15,252,-15" hai0="27,30,33,44,45,47,50,51,68,71,88,93,99" hai2="9,10,11,16,17,77,79,91,92,97" /><INIT seed="4,1,1,2,0,102" ten="241,267,245,237" oya="0" hai0="46,45,31,12,1,116,17,10,121,25,63,108,126" hai1="29,34,7,115,0,13,69,72,14,9,61,22,101" hai2="131,15,23,39,103,33,83,44,54,99,38,74,4" hai3="82,43,28,105,71,89,47,36,110,96,37,98,16"/><T79/><D116/><U8/><E72/><V5/><F33/><W27/><G110/><T67/><D121/><U77/><E77/><V41/><F39/><W11/><G37/><T111/><D79/><U93/><E115/><V84/><F74/><W57/><G71/><T134/><D134/><U76/><E76/><V40/><F40/><W81/><G57/><N who="0" m="37359" /><D1/><U70/><E61/><V78/><F131/><W6/><G98/><T30/><D30/><U20/><E93/><V106/><F54/><W109/><G109/><N who="0" m="42059" /><D126/><U114/><E114/><V133/><F133/><W42/><G28/><T88/><D88/><U58/><E101/><V35/><F35/><AGARI ba="1,1" hai="10,12,17,25,31,35,45,46" m="42059,37359" machi="35" ten="30,1500,0" yaku="10,1" doraHai="102" who="0" fromWho="2" sc="241,28,267,0,245,-18,237,0" /><INIT seed="4,2,0,5,2,66" ten="269,267,227,237" oya="0" hai0="135,80,5,58,2,99,112,130,87,114,0,95,12" hai1="64,42,36,128,79,31,46,83,62,97,118,16,14" hai2="7,21,84,96,85,27,17,1,92,39,93,33,37" hai3="129,53,117,38,125,73,86,65,29,100,49,88,48"/><T102/><D135/><U108/><E128/><V101/><F33/><W120/><G117/><T111/><D130/><U121/><E118/><V89/><F1/><W25/><G129/><T134/><D134/><U104/><E108/><V47/><F7/><W106/><G38/><T4/><D111/><U15/><E121/><V68/><F68/><W71/><G120/><T67/><D0/><U50/><E31/><V122/><F122/><W72/><G125/><T107/><D107/><U54/><E97/><V82/><REACH who="2" step="1"/><F47/><REACH who="2" ten="269,267,217,237" step="2"/><W11/><G71/><T40/><D2/><U52/><E104/><V90/><AGARI ba="2,1" hai="17,21,27,37,39,82,84,85,89,90,92,93,96,101" machi="90" ten="20,5200,0" yaku="1,1,2,1,0,1,7,1,53,0" doraHai="66" doraHaiUra="126" who="2" fromWho="2" sc="269,-28,267,-15,217,68,237,-15" /><INIT seed="5,0,0,1,2,15" ten="241,252,285,222" oya="1" hai0="61,113,0,66,126,26,118,102,30,54,84,2,25" hai1="57,18,22,89,55,114,115,59,28,91,47,65,50" hai2="123,21,37,128,49,6,108,131,9,77,121,64,44" hai3="19,13,119,93,97,53,80,1,68,86,27,38,56"/><U85/><E28/><V20/><F64/><W43/><G68/><T33/><D118/><U83/><E65/><V40/><F108/><W76/><G119/><T69/><D113/><U29/><E29/><V110/><F110/><W52/><G1/><T36/><D126/><U17/><E91/><V16/><F77/><W14/><G43/><T24/><D36/><U32/><E32/><V23/><F37/><W87/><G38/><T106/><D84/><U98/><E98/><V45/><F45/><W10/><G87/><T70/><D54/><U134/><E134/><V73/><F73/><W99/><G53/><T4/><D70/><U127/><E127/><V67/><F67/><W62/><G27/><N who="0" m="10315" /><D4/><U100/><E100/><V122/><REACH who="2" step="1"/><F16/><REACH who="2" ten="241,252,275,222" step="2"/><N who="1" m="6249" /><E22/><V81/><F81/><W96/><REACH who="3" step="1"/><G13/><AGARI ba="0,1" hai="6,9,13,20,21,23,40,44,49,121,122,123,128,131" machi="13" ten="50,3200,0" yaku="1,1,53,1" doraHai="15" doraHaiUra="41" who="2" fromWho="3" sc="241,0,252,0,275,42,222,-32" /><INIT seed="6,0,0,4,0,44" ten="241,252,317,190" oya="2" hai0="55,10,94,80,114,33,2,17,125,27,119,18,50" hai1="8,15,63,0,130,128,102,79,47,54,131,121,49" hai2="117,133,76,97,66,25,129,60,11,72,28,107,115" hai3="89,38,106,24,52,7,20,135,30,120,71,64,6"/><V116/><F11/><W45/><G120/><T19/><D114/><U65/><E121/><V108/><F115/><W123/><G123/><T113/><D113/><U100/><E79/><V48/><F48/><W57/><G106/><T118/><D94/><U61/><E0/><V86/><F86/><W4/><G135/><T122/><D122/><U37/><E37/><V132/><F129/><W81/><G64/><T77/><D33/><U21/><E21/><V46/><F46/><W14/><G71/><T31/><D2/><U67/><E67/><V62/><F62/><W95/><G81/><T112/><D112/><U104/><E104/><V109/><F76/><W69/><G69/><T23/><D10/><U93/><E93/><V111/><F72/><W99/><G45/><T39/><D39/><U36/><E36/><V51/><F51/><N who="3" m="30879" /><G38/><T16/><N who="0" m="4096" /><DORA hai="43" /><T59/><REACH who="0" step="1"/><D125/><REACH who="0" ten="231,252,317,190" step="2"/><U88/><E8/><AGARI ba="0,1" hai="4,6,7,8,14,20,24,30,89,95,99" m="30879" machi="8" ten="30,3900,0" yaku="8,1,52,1,54,1" doraHai="44,43" who="3" fromWho="1" sc="231,0,252,-39,317,0,190,49" /><INIT seed="7,0,0,1,4,32" ten="231,213,317,239" oya="3" hai0="65,27,69,12,73,33,61,103,31,88,75,62,94" hai1="20,26,13,56,3,14,133,36,29,113,21,124,93" hai2="37,104,80,79,100,46,10,82,76,68,77,17,6" hai3="85,70,86,102,35,50,8,43,91,119,97,131,125"/><W99/><G119/><T38/><D38/><U5/><E36/><V89/><F68/><W64/><G35/><T39/><D39/><U18/><E56/><V84/><F104/><W90/><G125/><T135/><D135/><U95/><E133/><V59/><F100/><W117/><G117/><T116/><D116/><U114/><E124/><V23/><F59/><W49/><G131/><T48/><D103/><U92/><REACH who="1" step="1"/><E14/><REACH who="1" ten="231,203,317,239" step="2"/><N who="2" m="5463" /><F37/><W47/><G70/><T128/><D128/><U22/><E22/><V55/><F46/><W54/><G64/><T40/><D62/><U52/><E52/><V16/><F55/><W15/><G102/><T9/><D48/><U2/><E2/><V30/><F82/><N who="3" m="49463" /><G50/><T129/><D129/><U96/><E96/><V63/><F63/><W44/><G44/><T110/><D40/><U34/><E34/><V108/><F108/><W57/><G57/><T58/><D110/><U98/><E98/><V83/><F83/><N who="3" m="49631" /><G43/><T60/><D60/><U132/><E132/><V105/><F105/><W74/><G74/><T0/><D69/><U1/><E1/><V134/><F134/><W11/><G11/><AGARI ba="0,1" hai="3,5,11,13,18,20,21,26,29,92,93,95,113,114" machi="11" ten="40,2600,0" yaku="1,1,52,1,53,0" doraHai="32" doraHaiUra="106" who="1" fromWho="3" sc="231,0,203,36,317,0,239,-26" owari="231,-17.0,239,4.0,317,42.0,213,-29.0" /></mjloggm>