<mjloggm ver="2.3"><GO type="169" lobby="0"/><UN n0="%E3%83%8F%E3%82%BF%E3%83%A2%E3%83%88%E3%83%92%E3%83%AD" n1="%E6%96%87%E8%B1%AA" n2="%E3%81%8D%E3%81%BE%E3%81%99" n3="%EF%BC%8A%E7%B4%97%E5%BC%A5%E8%8F%AF%EF%BC%8A" dan="17,16,17,16" rate="2158.46,2039.09,2198.11,2119.19" sx="M,M,M,F"/><TAIKYOKU oya="0"/><INIT seed="0,0,0,2,5,80" ten="250,250,250,250" oya="0" hai0="16,100,98,94,91,113,6,50,62,7,14,23,106" hai1="101,83,84,116,38,74,93,88,111,86,64,118,114" hai2="105,123,0,97,66,29,89,44,121,61,2,49,69" hai3="104,76,119,46,32,79,17,21,42,77,103,95,65"/><T112/><D62/><U72/><E38/><V3/><F29/><W53/><G32/><T124/><D124/><U81/><E64/><V132/><F132/><W51/><G104/><T55/><D113/><U5/><E5/><V60/><F60/><W40/><G65/><T43/><D43/><U71/><E71/><V15/><F15/><W11/><G11/><T41/><D41/><U1/><E1/><V10/><F10/><W85/><G119/><N who="1" m="45610" /><E111/><V27/><F27/><W107/><G107/><T36/><D36/><U87/><E114/><V8/><F8/><W130/><G130/><T131/><D131/><U58/><E58/><V39/><F49/><W110/><G110/><T63/><D63/><U115/><E101/><N who="2" m="62639" /><F89/><N who="3" m="53679" /><G103/><T99/><REACH who="0" step="1"/><D112/><REACH who="0" ten="240,250,250,250" step="2"/><U133/><E115/><V92/><F39/><W4/><G42/><T9/><D9/><U78/><E133/><V18/><F123/><W19/><G40/><T122/><D122/><U31/><E31/><V54/><F121/><W90/><G4/><T47/><AGARI ba="0,1" hai="6,7,14,16,23,47,50,55,91,94,98,99,100,106" machi="47" ten="20,7800,0" yaku="1,1,0,1,7,1,54,1,53,0" doraHai="80" doraHaiUra="109" who="0" fromWho="0" sc="240,88,250,-26,250,-26,250,-26" /><INIT seed="0,1,0,3,1,31" ten="328,224,224,224" oya="0" hai0="10,4,68,8,106,53,47,15,33,129,11,59,110" hai1="63,46,40,61,84,60,58,73,107,75,134,48,25" hai2="6,20,27,13,30,87,113,109,55,80,125,100,93" hai3="16,66,108,85,89,3,95,14,117,62,22,112,96"/><T41/><D68/><U17/><E107/><V51/><F109/><W118/><G112/><T82/><D129/><U122/><E122/><V86/><F125/><W21/><G3/><T50/><D106/><U45/><E134/><V119/><F113/><W64/><G108/><T67/><D67/><U74/><E84/><V70/><F70/><W57/><G66/><T26/><D110/><U94/><E94/><V72/><F119/><W99/><G99/><T9/><D82/><U1/><E1/><V23/><F72/><W38/><G38/><T79/><D79/><U83/><E46/><V36/><F36/><W54/><G64/><T28/><REACH who="0" step="1"/><D9/><REACH who="0" ten="318,224,224,224" step="2"/><U90/><E83/><V81/><F81/><N who="3" m="49327" /><G118/><T92/><D92/><U5/><E74/><V56/><F80/><W135/><G117/><T78/><D78/><U77/><E77/><V44/><F93/><W2/><G135/><T102/><D102/><U91/><E75/><V97/><F100/><N who="3" m="60447" /><G2/><T115/><D115/><U49/><E73/><V34/><F97/><W71/><G71/><T42/><D42/><U24/><E91/><V111/><F111/><W0/><G0/><T65/><D65/><U37/><E90/><V103/><F103/><W123/><G123/><T18/><D18/><U101/><E101/><V126/><F126/><W76/><G76/><T52/><D52/><N who="1" m="32007" /><E17/><V114/><F114/><W104/><G104/><T43/><D43/><N who="1" m="24767" /><E5/><V32/><F87/><W35/><G16/><T121/><D121/><U128/><E128/><V116/><F86/><W120/><G120/><T19/><D19/><U39/><E40/><RYUUKYOKU ba="1,1" sc="318,15,224,15,224,-15,224,-15" hai0="4,8,10,11,15,26,28,33,41,47,50,53,59" hai1="24,25,37,39,60,61,63" /><INIT seed="0,2,1,4,0,5" ten="333,239,209,209" oya="0" hai0="36,120,124,8,7,15,74,108,91,123,88,1,46" hai1="106,97,50,21,35,38,126,64,98,25,75,61,76" hai2="103,17,41,3,30,24,114,77,119,20,133,100,83" hai3="0,117,122,67,111,69,33,23,92,70,128,104,125"/><T37/><D124/><U135/><E38/><V72/><F114/><W89/><RYUUKYOKU type="yao9" ba="2,1" sc="333,0,239,0,209,0,209,0" hai3="0,23,33,67,69,70,89,92,104,111,117,122,125,128" /><INIT seed="0,3,1,3,2,131" ten="333,239,209,209" oya="0" hai0="5,65,100,12,119,23,92,115,117,133,8,85,44" hai1="51,88,127,72,125,4,26,27,64,130,91,129,58" hai2="68,106,107,42,63,80,10,2,86,11,67,32,112" hai3="14,41,21,62,134,55,19,34,31,118,1,87,33"/><T50/><D115/><U81/><E4/><V9/><F112/><W74/><G74/><T37/><D37/><U61/><E72/><V35/><F2/><W28/><G118/><T24/><D65/><U38/><E51/><V96/><F42/><W122/><G41/><T15/><D15/><U108/><E38/><V110/><F110/><W116/><G116/><T105/><D105/><U109/><E81/><V123/><F123/><W94/><G87/><T73/><D133/><U56/><REACH who="1" step="1"/><E64/><REACH who="1" ten="333,229,209,209" step="2"/><V84/><F80/><W83/><G83/><T101/><D73/><U128/><E128/><V43/><F43/><W98/><G122/><T97/><D119/><U47/><E47/><V77/><F77/><W124/><G55/><N who="0" m="30151" /><D117/><U49/><E49/><V39/><F39/><W40/><G40/><T102/><D85/><U22/><E22/><V54/><F54/><W76/><G21/><T120/><D120/><U13/><E13/><V93/><F86/><W70/><G14/><T121/><D121/><U25/><E25/><V69/><F84/><W132/><G76/><T18/><AGARI ba="3,2" hai="5,8,12,18,23,24,92,97,100,101,102" m="30151" machi="18" ten="30,1500,0" yaku="8,1" doraHai="131" who="0" fromWho="0" sc="333,44,229,-8,209,-8,209,-8" /><INIT seed="0,4,0,5,5,120" ten="377,221,201,201" oya="0" hai0="97,101,2,55,117,48,71,124,83,62,3,22,64" hai1="67,131,89,36,126,12,74,70,53,106,37,34,25" hai2="113,6,66,54,28,21,44,84,132,121,42,30,123" hai3="95,134,45,69,88,8,17,110,16,29,5,52,13"/><T127/><D117/><U80/><E53/><V47/><F113/><W104/><G104/><T119/><D119/><U125/><E12/><V63/><F132/><W32/><G69/><T56/><D83/><U130/><E106/><V7/><F54/><W98/><G134/><T81/><D22/><U0/><E0/><V85/><F63/><W82/><G110/><T118/><D118/><U96/><E96/><V19/><F21/><W1/><G1/><T103/><D103/><U109/><E67/><V51/><F51/><N who="3" m="28783" /><G29/><T15/><D15/><U33/><E70/><V14/><F66/><W50/><G32/><N who="1" m="12394" /><E25/><V24/><F14/><W26/><G26/><T78/><D2/><U43/><E89/><V86/><F86/><N who="3" m="50263" /><G50/><T31/><D31/><U111/><E37/><V11/><F24/><W40/><G40/><T105/><REACH who="0" step="1"/><D3/><REACH who="0" ten="367,221,201,201" step="2"/><U27/><E27/><V39/><F123/><W112/><G112/><T122/><D122/><U23/><E23/><V18/><F121/><W75/><G75/><AGARI ba="4,1" hai="48,55,56,62,64,71,75,78,81,97,101,105,124,127" machi="75" ten="40,3900,0" yaku="1,1,53,1" doraHai="120" doraHaiUra="102" who="0" fromWho="3" sc="367,61,221,0,201,0,201,-51" /><INIT seed="0,5,0,3,4,1" ten="428,221,201,150" oya="0" hai0="65,35,128,102,84,18,119,70,46,41,132,44,64" hai1="11,39,61,37,105,4,26,115,109,28,116,121,25" hai2="98,123,101,86,31,3,0,90,97,47,80,52,135" hai3="20,81,30,53,42,22,62,111,5,15,75,103,2"/><T27/><D119/><U19/><E116/><V124/><F123/><W54/><G2/><T57/><D70/><U127/><E121/><V17/><F135/><W82/><G111/><T122/><D128/><U56/><E105/><V16/><F124/><W133/><G133/><T50/><D102/><U95/><E109/><V21/><F3/><W43/><G75/><T93/><D35/><U51/><E51/><N who="2" m="28799" /><F0/><W12/><G103/><T68/><D68/><U23/><E127/><V9/><F101/><W67/><G62/><T66/><D46/><U106/><E106/><V88/><F90/><W32/><G32/><T118/><D118/><U60/><E95/><V74/><F74/><W24/><G24/><T85/><D93/><U13/><E61/><V6/><F6/><W125/><G125/><T100/><D100/><U33/><REACH who="1" step="1"/><E115/><REACH who="1" ten="428,211,201,150" step="2"/><V36/><F36/><W79/><G79/><T38/><D122/><U78/><E78/><V72/><F72/><W58/><G67/><AGARI ba="5,1" hai="4,11,13,19,23,25,26,28,33,37,39,56,60,67" machi="67" ten="30,8000,1" yaku="1,1,7,1,52,1,53,2" doraHai="1" doraHaiUra="69" who="1" fromWho="3" sc="428,0,211,105,201,0,150,-95" /><INIT seed="1,0,0,4,2,120" ten="428,316,201,55" oya="1" hai0="37,21,76,29,23,8,45,64,110,65,134,62,46" hai1="14,53,27,94,71,33,126,47,49,123,112,55,92" hai2="115,44,51,133,0,39,107,7,118,26,73,12,67" hai3="69,135,35,83,99,58,97,17,121,125,43,80,88"/><U96/><E112/><V18/><F73/><W89/><G69/><T77/><D134/><U42/><E123/><V52/><F107/><W3/><G35/><T91/><D8/><U130/><E71/><V124/><F118/><W2/><G43/><T31/><D91/><U128/><E126/><V24/><F124/><W68/><G125/><T4/><D62/><U36/><E14/><V113/><F133/><W84/><G68/><T129/><D37/><U105/><E105/><V109/><F67/><W119/><G135/><T98/><D98/><U19/><E55/><V59/><F7/><W9/><G121/><T108/><D4/><U63/><E63/><V114/><F0/><W117/><G58/><T75/><D75/><U15/><E27/><V10/><F109/><W81/><G9/><T56/><D56/><N who="1" m="32815" /><E33/><V101/><F101/><W30/><G17/><T90/><D90/><U38/><E96/><V16/><F18/><W106/><G106/><T61/><D61/><U103/><E103/><V66/><F66/><W13/><G13/><T87/><D129/><N who="1" m="49771" /><E38/><V122/><F122/><W1/><G30/><T86/><AGARI ba="0,0" hai="21,23,29,31,45,46,64,65,76,77,86,87,108,110" machi="86" ten="25,8000,1" yaku="0,1,22,2,52,2" doraHai="120" who="0" fromWho="0" sc="428,80,316,-40,201,-20,55,-20" /><INIT seed="2,0,0,2,2,61" ten="508,276,181,35" oya="2" hai0="57,75,82,110,67,83,3,128,99,105,63,48,24" hai1="68,126,18,119,125,109,7,130,38,19,70,5,15" hai2="107,27,116,10,80,79,103,94,16,39,40,31,106" hai3="44,47,58,87,69,101,131,62,14,33,73,20,30"/><V95/><F116/><W45/><G73/><T59/><D3/><U0/><E119/><V29/><F40/><W2/><G2/><T1/><D1/><U81/><E38/><V102/><F39/><W22/><G33/><T32/><D75/><U92/><E109/><V56/><F10/><W54/><G131/><T88/><D110/><U135/><E130/><V25/><F56/><W129/><G129/><T77/><D77/><U49/><E81/><V120/><F80/><W104/><G69/><N who="1" m="26730" /><E92/><V53/><F53/><W96/><G30/><T50/><D59/><U28/><E28/><V117/><F117/><W65/><G54/><T85/><D83/><U6/><E0/><V23/><F23/><W108/><G108/><T34/><D128/><U9/><E19/><V13/><F13/><W118/><G118/><T21/><D34/><U17/><E17/><V134/><F16/><W72/><G72/><T52/><D32/><U64/><E49/><V114/><F114/><W84/><REACH who="3" step="1"/><G14/><REACH who="3" ten="508,276,181,25" step="2"/><T93/><D52/><U11/><E15/><V76/><REACH who="2" step="1"/><F120/><REACH who="2" ten="508,276,171,25" step="2"/><W90/><G90/><T100/><D88/><U37/><E9/><V71/><F71/><W78/><G78/><T124/><D21/><AGARI ba="0,2" hai="20,21,22,44,45,47,58,62,65,84,87,96,101,104" machi="21" ten="40,2600,0" yaku="1,1,52,1,53,0" doraHai="61" doraHaiUra="122" who="3" fromWho="0" sc="508,-26,276,0,171,0,25,46" /><INIT seed="3,0,0,0,4,48" ten="482,276,171,71" oya="3" hai0="77,55,24,135,51,33,84,2,41,86,117,104,81" hai1="102,35,58,46,93,3,71,25,60,99,61,101,105" hai2="78,13,63,129,4,11,90,64,89,100,47,95,9" hai3="59,5,131,23,56,121,12,92,69,106,68,34,125"/><W122/><G106/><T67/><D117/><U97/><E3/><V32/><F32/><W109/><G34/><T30/><D2/><U44/><E61/><V52/><F129/><W114/><G114/><T36/><D104/><U80/><E80/><V15/><F78/><W1/><G1/><T113/><D135/><U118/><E118/><V18/><F64/><W40/><G131/><T66/><D113/><U7/><E7/><V94/><F47/><W53/><G40/><T49/><D49/><U50/><E50/><V103/><F103/><W57/><G125/><T130/><D130/><U76/><E76/><V112/><F112/><W22/><G92/><N who="2" m="35369" /><F100/><W31/><G109/><T132/><D86/><U65/><E58/><AGARI ba="0,0" hai="4,9,11,13,15,18,52,58,63,89,90" m="35369" machi="58" ten="30,3900,0" yaku="8,1,52,1,54,1" doraHai="48" who="2" fromWho="1" sc="482,0,276,-39,171,39,71,0" /><INIT seed="4,0,0,3,1,68" ten="482,237,210,71" oya="0" hai0="26,123,36,29,31,90,27,91,132,101,65,41,38" hai1="129,72,104,131,18,54,7,80,97,120,73,24,45" hai2="78,15,39,114,81,52,124,77,17,83,105,119,128" hai3="63,37,107,8,118,76,95,33,25,14,89,53,49"/><T111/><D123/><U112/><E120/><V12/><F114/><W85/><G107/><T3/><D3/><U70/><E70/><V20/><F128/><N who="1" m="49225" /><E7/><V93/><F124/><W13/><G118/><T122/><D122/><U6/><E6/><V0/><F105/><W110/><G110/><T109/><D132/><U5/><E5/><V88/><F39/><W92/><G76/><N who="2" m="29289" /><F0/><W94/><G63/><T60/><D101/><N who="1" m="62511" /><E80/><V103/><F103/><W117/><G117/><T16/><D16/><U99/><E99/><N who="2" m="57767" /><F119/><W74/><G74/><T57/><D41/><U125/><E125/><V98/><F98/><W4/><G14/><T30/><D26/><U44/><E112/><V96/><F96/><W67/><G25/><T2/><D2/><U48/><E45/><V34/><F34/><W56/><G33/><T35/><D27/><U32/><E32/><V58/><F15/><W87/><G67/><T64/><D65/><U75/><E75/><V116/><F116/><W47/><REACH who="3" step="1"/><G87/><REACH who="3" ten="482,237,210,61" step="2"/><T66/><D64/><U69/><E73/><V10/><F10/><W51/><G51/><AGARI ba="0,1" hai="12,17,20,51,52,58,81,83" m="57767,29289" machi="51" ten="30,3900,0" yaku="8,1,54,2" doraHai="68" who="2" fromWho="3" sc="482,0,237,0,210,49,61,-39" /><INIT seed="5,0,0,3,5,23" ten="482,237,259,22" oya="1" hai0="46,132,101,65,27,76,93,113,114,124,131,18,61" hai1="120,79,117,42,9,10,109,99,91,26,37,81,15" hai2="80,21,94,108,41,6,38,111,90,133,130,134,98" hai3="68,85,39,57,84,67,63,52,82,36,17,55,97"/><U105/><E117/><V107/><F41/><W48/><G97/><N who="0" m="59567" /><D132/><N who="2" m="50794" /><F38/><W19/><G85/><T89/><D76/><U127/><E120/><V59/><F59/><W103/><G103/><T128/><D124/><U33/><E127/><V44/><F44/><W54/><G17/><T129/><D89/><U13/><E109/><N who="2" m="42059" /><F6/><W34/><G34/><T72/><D72/><U83/><E42/><V12/><F21/><W125/><G125/><T115/><D46/><U87/><E37/><N who="3" m="14410" /><G19/><T123/><D123/><U135/><E135/><V40/><F12/><W60/><G84/><T122/><D122/><U118/><E118/><V78/><F40/><W69/><G82/><T0/><D0/><U28/><E15/><V49/><F49/><W31/><G31/><T92/><D92/><N who="1" m="54399" /><E13/><V77/><F107/><W100/><G100/><T121/><D121/><U25/><E33/><V2/><F2/><W5/><G5/><T112/><D112/><U4/><E28/><V32/><F32/><W3/><G3/><T22/><D115/><U62/><E4/><V106/><F106/><W47/><G63/><T73/><D73/><N who="1" m="43247" /><E62/><V43/><F43/><AGARI ba="0,0" hai="43,47,48,52,54,55,57,60,67,68,69" m="14410" machi="43" ten="30,12000,2" yaku="35,5,54,1" doraHai="23" who="3" fromWho="2" sc="482,0,237,0,259,-120,22,120" /><INIT seed="6,0,0,0,4,82" ten="482,237,139,142" oya="2" hai0="24,33,70,6,26,47,48,116,129,103,66,35,127" hai1="57,71,119,37,73,2,69,89,130,0,11,1,107" hai2="79,59,51,100,98,5,42,62,36,134,114,102,30" hai3="115,94,50,92,65,17,90,131,28,126,52,29,19"/><V27/><F114/><W31/><G115/><T101/><D6/><N who="1" m="1479" /><E57/><V111/><F111/><W12/><G131/><T20/><D24/><U120/><E89/><V41/><F134/><W123/><G123/><T18/><D129/><U46/><E130/><V8/><F79/><W16/><G65/><T7/><D7/><U21/><E21/><N who="2" m="15727" /><F51/><W25/><G126/><T108/><D127/><U10/><E119/><V39/><F39/><W67/><G67/><T40/><D108/><U56/><E56/><V55/><F36/><W124/><G124/><T93/><D116/><U112/><E112/><V34/><F34/><W75/><G75/><T74/><D74/><U81/><E107/><V14/><F98/><N who="3" m="57623" /><G25/><T113/><D113/><U23/><E71/><V99/><F99/><W135/><G135/><T64/><D35/><U22/><E69/><V96/><F96/><W128/><G128/><T3/><D33/><U77/><E120/><V43/><AGARI ba="0,0" hai="5,8,14,41,42,43,55,59,62,100,102" m="15727" machi="43" ten="30,1500,0" yaku="8,1" doraHai="82" who="2" fromWho="2" sc="482,-5,237,-5,139,15,142,-5" /><INIT seed="6,1,0,3,4,57" ten="477,232,154,137" oya="2" hai0="3,88,107,105,55,21,82,33,24,17,108,124,0" hai1="50,113,23,125,35,27,94,65,120,29,115,75,127" hai2="19,90,12,91,99,60,104,79,122,110,32,103,49" hai3="41,128,22,25,52,58,68,67,126,133,26,71,95"/><V80/><F32/><W86/><G133/><T100/><D108/><U40/><E75/><V8/><F110/><W4/><G128/><T87/><D124/><N who="1" m="47691" /><E120/><V98/><F122/><W114/><G126/><T44/><D33/><U121/><E121/><V84/><F98/><W13/><G41/><T116/><D116/><U63/><E94/><V53/><REACH who="2" step="1"/><F60/><REACH who="2" ten="477,232,144,137" step="2"/><N who="3" m="35911" /><G114/><T36/><D107/><U118/><E35/><V6/><F6/><W54/><G4/><T42/><D105/><U70/><E118/><V129/><F129/><W93/><G71/><T9/><D0/><U106/><E106/><V64/><F64/><W1/><G68/><T51/><D3/><U62/><E62/><V47/><AGARI ba="1,1" hai="8,12,19,47,49,53,79,80,84,90,91,99,103,104" machi="47" ten="20,7800,0" yaku="1,1,0,1,7,1,53,1" doraHai="57" doraHaiUra="5" who="2" fromWho="2" sc="477,-27,232,-27,144,91,137,-27" /><INIT seed="6,2,0,3,0,92" ten="450,205,235,110" oya="2" hai0="122,46,77,35,2,114,111,66,55,131,1,134,94" hai1="39,41,82,91,24,88,74,83,127,60,65,15,8" hai2="29,76,105,116,113,90,6,17,7,79,49,43,36" hai3="133,27,117,30,16,53,70,5,135,9,84,96,54"/><V12/><F116/><W72/><G72/><T20/><D35/><U10/><E127/><V13/><F105/><W104/><G117/><T26/><D122/><U110/><E110/><V22/><F36/><W106/><G70/><T0/><D77/><N who="2" m="29770" /><F29/><W129/><G84/><T75/><D75/><U28/><E41/><V31/><F31/><W33/><G129/><T80/><D0/><U42/><E42/><V132/><F113/><W73/><G73/><T93/><D1/><U23/><E39/><V119/><F132/><N who="3" m="50763" /><G106/><T118/><D2/><U78/><E82/><V50/><F43/><W100/><G5/><N who="2" m="1545" /><F119/><W102/><G102/><T51/><D80/><U59/><E8/><V68/><F68/><W128/><G128/><T87/><D134/><U120/><E120/><V57/><F57/><W4/><G4/><AGARI ba="2,0" hai="4,10,15,23,24,28,59,60,65,74,78,83,88,91" machi="4" ten="30,2000,0" yaku="7,1,54,1" doraHai="92" who="1" fromWho="3" sc="450,0,205,26,235,0,110,-26" /><INIT seed="7,0,0,3,4,97" ten="450,231,235,84" oya="3" hai0="2,30,9,123,85,72,89,62,11,129,128,115,83" hai1="80,73,109,98,25,134,122,112,3,27,119,4,53" hai2="21,81,26,15,60,6,69,22,49,93,84,86,92" hai3="127,64,47,51,41,38,113,70,18,132,0,99,110"/><W103/><G0/><T66/><D123/><U106/><E122/><V35/><F35/><W45/><G110/><T124/><D124/><U131/><E109/><V61/><F69/><W7/><G127/><T75/><D30/><U104/><E112/><V91/><F49/><W63/><G7/><N who="0" m="1271" /><D11/><N who="1" m="2463" /><E53/><V37/><F37/><W114/><G18/><T130/><D115/><U58/><E58/><AGARI ba="0,0" hai="58,62,66,72,75,83,85,89,128,129,130" m="1271" machi="58" ten="30,1000,0" yaku="19,1" doraHai="97" who="0" fromWho="1" sc="450,10,231,-10,235,0,84,0" owari="460,56.0,221,-18.0,235,4.0,84,-42.0" /></mjloggm>