<mjloggm ver="2.3"><GO type="169" lobby="0"/><UN n0="%70%6F%6E%5F%6B%61%73%75" n1="%E3%81%98%E3%81%98%E3%81%84%E3%81%8C%E5%91%BC%E3%82%93%E3%81%A0" n2="%4B%57" n3="%E7%89%8C%E6%B5%81%E5%AE%9A%E7%9F%B3%E6%9C%80%E9%AB%98" dan="16,16,16,16" rate="2017.26,2125.18,2051.21,2132.73" sx="M,M,M,M"/><TAIKYOKU oya="0"/><INIT seed="0,0,0,5,3,109" ten="250,250,250,250" oya="0" hai0="97,16,51,131,21,34,63,128,24,119,65,116,70" hai1="125,40,25,54,103,117,98,37,124,18,87,95,126" hai2="41,44,133,42,33,72,110,71,76,123,8,19,5" hai3="130,55,82,3,30,52,57,47,69,58,68,101,39"/><T107/><BYE who="2" /><D34/><UN n2="%4B%57" /><U11/><E117/><V90/><F123/><W62/><G3/><T135/><D135/><U29/><E54/><V50/><F71/><N who="3" m="27211" /><G82/><T6/><D6/><U121/><E121/><V49/><F110/><W86/><G86/><T96/><D51/><U36/><E40/><V45/><F33/><W93/><G93/><T20/><D21/><U32/><REACH who="1" step="1"/><E87/><REACH who="1" ten="250,240,250,250" step="2"/><V134/><F134/><W27/><G55/><T15/><D116/><U61/><E61/><V22/><F133/><W80/><G52/><T14/><D119/><U115/><E115/><V100/><F72/><W106/><G62/><T88/><D97/><U92/><E92/><V17/><F42/><W46/><G80/><T66/><D107/><U94/><E94/><V4/><F41/><W28/><G106/><T43/><D43/><U129/><E129/><N who="0" m="49737" /><D66/><U102/><E102/><V112/><F100/><W85/><G101/><T38/><D38/><U120/><E120/><V122/><F122/><W83/><G39/><T77/><D77/><U10/><E10/><V91/><F76/><N who="3" m="46311" /><G130/><T75/><D75/><U79/><E79/><V99/><F99/><W114/><G114/><T113/><D113/><U73/><E73/><V81/><F112/><W31/><G47/><T9/><D9/><U12/><AGARI ba="0,1" hai="11,12,18,25,29,32,36,37,95,98,103,124,125,126" machi="12" ten="40,5200,0" yaku="1,1,0,1,18,1,53,0" doraHai="109" doraHaiUra="48" who="1" fromWho="1" sc="250,-26,240,62,250,-13,250,-13" /><INIT seed="1,0,0,1,3,132" ten="224,302,237,237" oya="1" hai0="123,33,71,43,116,77,45,118,112,130,55,0,102" hai1="88,74,122,23,85,42,127,107,93,83,7,99,24" hai2="34,73,96,90,57,6,20,16,94,129,121,26,100" hai3="1,28,46,2,51,53,44,65,40,19,11,104,37"/><U18/><E122/><V82/><F121/><W78/><G104/><T92/><D123/><U61/><E127/><V41/><F129/><W3/><G28/><T106/><D106/><U21/><E107/><V15/><F41/><W22/><G65/><T12/><D0/><U75/><E7/><V17/><F6/><W47/><G78/><T32/><D71/><U134/><E134/><V67/><F34/><W101/><G101/><T81/><D112/><U49/><E61/><V64/><F57/><W135/><G135/><T114/><D55/><U62/><E62/><V125/><F125/><W5/><REACH who="3" step="1"/><G46/><REACH who="3" ten="224,302,237,227" step="2"/><T10/><D45/><N who="1" m="25783" /><E75/><V4/><F73/><W79/><G79/><T120/><D77/><N who="1" m="46319" /><E74/><V103/><F103/><W110/><G110/><T60/><D102/><U69/><E69/><V58/><F67/><W36/><G36/><T25/><D120/><U117/><E117/><V133/><F133/><W14/><AGARI ba="0,1" hai="1,2,3,5,11,14,19,22,37,40,44,47,51,53" machi="14" ten="20,2700,0" yaku="1,1,0,1,7,1,53,0" doraHai="132" doraHaiUra="119" who="3" fromWho="3" sc="224,-7,302,-13,237,-7,227,37" /><INIT seed="2,0,0,4,1,70" ten="217,289,230,264" oya="2" hai0="41,67,15,113,127,66,72,94,56,102,45,135,42" hai1="54,17,89,24,38,120,132,19,75,131,46,6,10" hai2="1,30,59,98,71,103,91,134,96,68,14,62,2" hai3="107,105,108,50,124,104,28,52,26,53,133,84,129"/><V83/><F134/><W76/><G133/><T99/><D113/><U7/><E132/><V77/><F30/><W21/><G108/><T9/><D72/><U86/><E75/><V118/><F91/><W25/><G129/><T0/><D0/><U114/><E114/><V122/><F122/><W5/><G124/><T60/><D127/><U115/><E115/><V61/><F118/><W80/><G5/><T82/><D135/><U74/><E74/><V65/><F14/><W57/><G53/><T93/><D82/><U36/><E6/><V16/><F16/><W121/><REACH who="3" step="1"/><G26/><REACH who="3" ten="217,289,230,254" step="2"/><T37/><D66/><U58/><E131/><V130/><F130/><W117/><G117/><T34/><D42/><U73/><E24/><V51/><F51/><W29/><G29/><T128/><D128/><U79/><E19/><V35/><F35/><W55/><G55/><T4/><REACH who="0" step="1"/><D34/><REACH who="0" ten="207,289,230,254" step="2"/><U111/><E120/><AGARI ba="0,2" hai="21,25,28,50,52,57,76,80,84,104,105,107,120,121" machi="120" ten="40,8000,1" yaku="1,1,54,1,53,3" doraHai="70" doraHaiUra="101" who="3" fromWho="1" sc="207,0,289,-80,230,0,254,100" /><INIT seed="3,0,0,4,4,99" ten="207,209,230,354" oya="3" hai0="71,120,119,109,70,47,3,79,62,54,61,123,14" hai1="75,55,52,76,69,124,110,103,28,58,4,74,19" hai2="39,127,117,87,85,38,115,20,46,82,66,29,49" hai3="15,18,7,91,92,90,100,26,57,133,34,31,0"/><W35/><G133/><T30/><D3/><U125/><E69/><N who="0" m="26121" /><D14/><U25/><E110/><V72/><F115/><W11/><G35/><T96/><D96/><U134/><E134/><V98/><F117/><W2/><G2/><T111/><D79/><U114/><E114/><V56/><F127/><N who="1" m="48713" /><E4/><V94/><F72/><N who="1" m="27689" /><E76/><V93/><F66/><W10/><REACH who="3" step="1"/><G57/><REACH who="3" ten="207,209,230,344" step="2"/><T81/><D111/><U53/><E19/><V121/><F56/><W86/><G86/><T21/><D109/><U122/><E122/><V42/><F87/><W6/><G6/><T24/><D120/><U41/><E41/><V131/><F121/><W135/><G135/><T48/><D123/><U113/><E113/><V32/><F42/><W77/><G77/><T36/><D30/><U118/><E118/><V83/><F85/><W51/><G51/><T60/><D48/><U37/><E58/><V9/><F29/><W132/><G132/><T102/><D119/><U80/><E28/><V59/><F59/><W44/><G44/><T106/><D47/><U97/><E55/><V89/><F46/><W126/><G126/><T130/><D61/><U67/><E53/><V8/><F49/><W105/><G105/><T78/><D62/><U108/><E52/><V43/><F32/><W116/><G116/><T88/><D60/><U50/><E50/><V64/><F43/><W84/><G84/><T129/><D54/><U95/><E108/><V33/><F33/><W128/><G128/><T13/><D129/><U23/><E67/><V73/><F64/><W27/><G27/><T68/><D130/><U104/><E25/><RYUUKYOKU ba="0,1" sc="207,-10,209,-10,230,-10,344,30" hai3="0,7,10,11,15,18,26,31,34,90,91,92,100" /><INIT seed="3,1,1,2,3,85" ten="197,199,220,374" oya="3" hai0="13,26,49,75,95,125,78,34,64,77,51,71,109" hai1="102,14,116,92,121,24,59,70,65,63,69,134,35" hai2="115,53,98,1,103,15,97,114,117,127,56,66,6" hai3="22,16,3,47,52,48,55,122,40,101,72,131,118"/><W27/><G118/><T86/><D109/><U8/><E121/><V90/><F117/><W50/><G122/><T54/><D125/><U23/><E35/><V106/><F127/><W43/><G72/><T7/><D75/><U129/><E116/><V37/><F37/><W44/><G131/><T110/><D110/><U112/><E112/><V5/><F1/><W73/><G73/><T96/><D86/><U36/><E36/><V0/><F0/><W11/><G101/><T120/><D51/><U135/><E129/><V57/><F66/><W119/><G119/><T25/><D120/><U104/><E104/><V87/><F98/><W28/><G3/><T68/><D64/><U60/><E102/><V88/><F57/><W32/><G11/><T33/><D13/><AGARI ba="1,1" hai="13,16,22,27,28,32,40,43,44,47,48,50,52,55" machi="13" ten="30,11600,0" yaku="7,1,9,1,54,2" doraHai="85" who="3" fromWho="0" sc="197,-119,199,0,220,0,374,129" /><INIT seed="3,2,0,5,5,113" ten="78,199,220,503" oya="3" hai0="127,45,99,24,89,122,73,124,104,82,2,59,92" hai1="132,87,17,133,56,97,64,123,14,100,108,67,105" hai2="69,39,8,19,38,34,115,54,49,16,25,1,11" hai3="42,93,52,102,90,131,23,96,84,40,48,88,117"/><W13/><G131/><T62/><D122/><U83/><E108/><V118/><F115/><W134/><G134/><N who="1" m="51818" /><E56/><V20/><F69/><W31/><G117/><T91/><D2/><U66/><E123/><V28/><F118/><W116/><G116/><T121/><D121/><U53/><E53/><V44/><F1/><W63/><G63/><T135/><D135/><U81/><E87/><V4/><F19/><N who="3" m="10735" /><G31/><T15/><D104/><U7/><E7/><V112/><F112/><W130/><G130/><T128/><D128/><U32/><E32/><V35/><F35/><W41/><G84/><T101/><D24/><U36/><E36/><V106/><F106/><W50/><G50/><T85/><D73/><U26/><E26/><V43/><F4/><W57/><AGARI ba="2,0" hai="40,41,42,48,52,57,88,90,93,96,102" m="10735" machi="57" ten="30,6000,0" yaku="8,1,54,2" doraHai="113" who="3" fromWho="3" sc="78,-22,199,-22,220,-22,503,66" /><INIT seed="3,3,0,1,5,102" ten="56,177,198,569" oya="3" hai0="19,94,40,3,71,20,104,122,68,132,124,133,43" hai1="85,77,84,120,101,74,108,33,6,107,16,87,52" hai2="60,110,11,79,95,18,125,4,47,15,99,70,81" hai3="32,119,39,2,55,88,26,83,112,113,10,91,78"/><W27/><G119/><T37/><D3/><U8/><E120/><V1/><F110/><W111/><G39/><T61/><D122/><U98/><E108/><V54/><F125/><W129/><G111/><T36/><D124/><U24/><E74/><V69/><F47/><W118/><G118/><T130/><D130/><U62/><E77/><V89/><F54/><W42/><G42/><T56/><D94/><U45/><E33/><V48/><F48/><W121/><G129/><T65/><D104/><U117/><E117/><V86/><REACH who="2" step="1"/><F60/><REACH who="2" ten="56,177,188,569" step="2"/><W72/><G121/><T7/><D36/><U30/><E45/><V46/><F46/><W28/><G55/><T57/><D37/><U9/><E52/><V41/><F41/><W25/><G113/><T22/><D40/><U38/><E62/><V29/><F29/><W109/><G112/><T76/><D43/><U135/><E38/><V49/><F49/><W123/><G123/><T100/><D61/><U44/><E44/><V5/><F5/><W58/><G109/><T114/><D7/><U96/><E6/><V64/><F64/><W73/><G28/><T80/><D114/><U92/><E30/><V14/><F14/><W131/><G131/><T59/><D65/><U66/><E66/><V12/><F12/><W106/><G2/><T115/><D115/><U93/><E135/><V134/><F134/><W75/><G75/><T128/><D128/><U17/><E17/><V90/><F90/><W82/><G73/><T103/><D133/><U116/><E16/><V35/><F35/><W51/><G32/><T67/><D132/><RYUUKYOKU ba="3,1" sc="56,-10,177,-10,188,30,569,-10" hai2="1,4,11,15,18,69,70,79,81,86,89,95,99" /><INIT seed="4,4,1,1,1,3" ten="46,167,218,559" oya="0" hai0="20,21,22,25,56,45,77,37,102,121,129,134,13" hai1="57,112,131,90,62,50,89,60,64,35,118,125,104" hai2="41,135,124,54,47,33,52,94,23,84,0,80,128" hai3="70,27,130,26,107,76,119,49,110,43,4,29,117"/><T79/><D121/><U78/><E35/><V122/><F122/><W66/><G110/><T58/><D129/><U82/><E104/><V73/><F33/><W91/><G130/><T86/><D134/><U127/><E131/><V133/><F128/><W126/><G107/><T109/><D109/><U39/><E39/><V103/><F124/><N who="1" m="47689" /><E118/><V132/><F0/><W113/><G76/><N who="0" m="29259" /><D37/><U5/><E5/><V87/><F73/><W2/><G126/><T48/><D25/><U44/><E62/><V15/><F80/><W59/><G70/><T95/><D13/><U32/><E32/><V115/><F115/><W69/><G69/><T28/><D28/><U68/><E68/><V53/><F103/><W38/><G27/><T98/><D86/><N who="1" m="48471" /><E112/><V30/><F94/><W55/><G113/><T93/><D93/><U81/><E81/><V18/><F30/><W85/><G66/><T46/><D46/><U105/><E105/><V111/><F111/><W24/><G24/><T65/><D65/><U31/><E31/><V51/><AGARI ba="4,1" hai="15,18,23,41,47,51,52,53,54,84,87,132,133,135" machi="51" ten="40,5200,0" yaku="0,1,20,1,54,1" doraHai="3" who="2" fromWho="2" sc="46,-30,167,-17,218,74,559,-17" /><INIT seed="5,0,0,4,2,106" ten="16,150,292,542" oya="1" hai0="92,9,25,40,90,114,47,81,35,112,105,121,29" hai1="34,6,2,73,103,116,93,37,84,107,131,120,125" hai2="50,51,126,13,70,135,108,63,79,30,95,88,99" hai3="62,18,12,132,23,109,76,102,128,3,15,39,67"/><U111/><RYUUKYOKU type="yao9" ba="0,0" sc="16,0,150,0,292,0,542,0" hai1="2,6,34,37,73,84,93,103,107,111,116,120,125,131" /><INIT seed="5,1,0,2,0,49" ten="16,150,292,542" oya="1" hai0="14,0,79,5,80,67,120,10,29,8,36,50,32" hai1="39,89,84,119,35,123,93,103,116,62,83,127,24" hai2="53,130,27,113,109,3,102,56,51,11,26,88,64" hai3="34,46,86,7,108,126,132,104,133,43,66,122,23"/><U65/><E123/><V16/><F109/><W112/><G108/><T6/><D120/><U98/><E39/><V30/><F130/><W128/><G112/><T78/><D36/><U37/><E37/><V71/><F113/><W68/><G34/><T20/><D67/><U9/><E127/><V114/><F114/><W61/><G128/><T2/><D32/><U100/><E100/><V117/><F117/><W134/><G104/><T4/><D4/><U54/><E9/><V25/><F102/><W81/><G126/><T124/><D124/><U121/><E121/><V97/><F71/><W15/><G122/><T17/><D29/><U48/><E24/><V40/><F40/><W28/><G28/><T106/><D106/><U111/><E35/><V12/><F64/><W118/><G118/><T87/><REACH who="0" step="1"/><D50/><REACH who="0" ten="6,150,292,542" step="2"/><U41/><E111/><V31/><F3/><W75/><G7/><T76/><AGARI ba="1,1" hai="0,2,5,6,8,10,14,17,20,76,78,79,80,87" machi="76" ten="20,8000,1" yaku="1,1,2,1,0,1,7,1,9,1,53,0" doraHai="49" doraHaiUra="42" who="0" fromWho="0" sc="6,93,150,-41,292,-21,542,-21" /><INIT seed="6,0,0,4,2,76" ten="99,109,271,521" oya="2" hai0="8,100,103,46,54,134,109,55,130,68,52,133,38" hai1="42,112,45,124,113,131,105,11,50,98,128,2,135" hai2="35,73,90,4,43,61,104,10,27,85,14,82,72" hai3="0,29,83,129,117,96,9,65,56,40,12,77,97"/><V49/><F104/><W87/><G129/><N who="1" m="49738" /><E124/><V81/><F61/><W89/><G0/><T66/><D130/><U3/><E135/><N who="0" m="51721" /><D109/><U92/><E105/><V57/><F81/><W67/><G29/><T20/><D20/><U25/><E25/><V33/><F33/><W36/><G40/><N who="0" m="22807" /><D8/><U37/><E37/><V74/><F35/><W28/><G12/><T120/><D120/><U101/><E11/><V93/><F27/><W48/><G67/><T84/><D84/><U122/><E122/><V70/><F70/><W22/><G36/><T7/><D7/><U94/><E94/><V47/><F57/><W31/><G9/><T121/><D121/><U80/><E80/><V64/><F64/><W41/><G77/><T95/><D95/><U127/><E127/><V125/><F125/><W13/><G89/><T39/><D39/><U24/><E24/><V111/><F111/><W19/><G48/><T126/><D126/><U123/><E123/><V99/><F72/><W107/><G41/><T106/><D106/><U32/><E32/><V59/><F59/><W69/><G69/><T51/><D51/><U21/><E21/><V118/><F118/><W102/><G97/><T44/><D44/><U114/><AGARI ba="0,0" hai="2,3,42,45,50,92,98,101,112,113,114" m="49738" machi="114" ten="40,2700,0" yaku="15,1,19,1" doraHai="76" who="1" fromWho="1" sc="99,-7,109,27,271,-13,521,-7" /><INIT seed="7,0,0,2,5,133" ten="92,136,258,514" oya="3" hai0="111,33,69,92,120,66,88,39,10,52,72,25,75" hai1="56,124,4,6,40,43,121,30,22,19,49,130,99" hai2="87,64,3,29,15,35,2,123,101,24,127,118,76" hai3="17,32,96,8,1,20,97,34,117,62,31,59,115"/><W61/><G115/><T68/><D120/><U113/><E124/><V84/><F127/><W18/><G117/><T14/><D111/><U21/><E121/><V57/><F123/><W23/><G1/><T110/><D110/><U95/><E130/><V86/><F118/><W108/><G8/><T0/><D0/><U28/><E113/><V128/><F128/><W26/><G108/><T55/><D39/><U54/><E30/><V9/><F76/><W85/><G85/><T93/><D33/><U109/><E28/><V67/><F101/><W119/><G119/><T41/><D41/><N who="1" m="15947" /><E109/><V50/><F67/><W45/><G45/><T11/><D66/><U126/><E126/><V42/><F64/><W65/><G61/><T63/><D25/><N who="1" m="14527" /><E22/><V77/><F77/><W105/><G105/><T7/><D63/><U135/><E135/><V82/><F82/><W74/><G74/><N who="0" m="28203" /><D14/><U79/><E79/><V94/><F94/><N who="0" m="36458" /><D88/><AGARI ba="0,0" hai="4,6,49,54,56,88,95,99" m="14527,15947" machi="88" ten="30,2000,0" yaku="8,1,54,1" doraHai="133" who="1" fromWho="0" sc="92,-20,136,20,258,0,514,0" owari="72,-43.0,156,-24.0,258,6.0,514,61.0" /></mjloggm>