<mjloggm ver="2.3"><GO type="169" lobby="0"/><UN n0="%28%3B%E3%83%BB%E2%88%80%E3%83%BB%29" n1="%E3%81%BE%E3%81%99%E3%81%9E%E3%81%88" n2="%E3%81%8B%E3%81%B6%E8%8C%B6" n3="%48%2E%4D%65%74%61%6C" dan="16,16,16,16" rate="2163.38,2117.77,2126.36,2035.63" sx="M,M,M,M"/><TAIKYOKU oya="0"/><INIT seed="0,0,0,3,3,104" ten="250,250,250,250" oya="0" hai0="1,114,134,65,87,4,27,52,124,32,63,30,101" hai1="71,11,20,121,23,3,75,106,127,72,68,43,131" hai2="94,84,66,45,35,130,48,44,86,80,116,95,39" hai3="34,9,2,91,5,12,73,89,97,64,41,7,26"/><T21/><D114/><U100/><E121/><V113/><F113/><W119/><G119/><T47/><D124/><U46/><E127/><V117/><F35/><W57/><G41/><T135/><D101/><U51/><E131/><V67/><F48/><W33/><G7/><T103/><D103/><U62/><E23/><V29/><F80/><W37/><G37/><T96/><D96/><U82/><E82/><V88/><F29/><W79/><G34/><T49/><D87/><U17/><E100/><V112/><F112/><W15/><G97/><T19/><D4/><U133/><E106/><V98/><F98/><W24/><G64/><T99/><D99/><U14/><E133/><N who="0" m="50697" /><D1/><U36/><E36/><V13/><F13/><W110/><G57/><N who="0" m="37103" /><D32/><U50/><E3/><V92/><F39/><W53/><G2/><T120/><D120/><U56/><E11/><V76/><F95/><W81/><G33/><T128/><D128/><U54/><REACH who="1" step="1"/><E62/><REACH who="1" ten="250,240,250,250" step="2"/><V129/><F76/><W16/><G79/><T90/><D90/><AGARI ba="0,1" hai="44,45,66,67,84,86,88,90,92,94,116,117,129,130" machi="90" ten="25,3200,0" yaku="22,2,54,1" doraHai="104" who="2" fromWho="0" sc="250,-32,240,0,250,42,250,0" /><INIT seed="1,0,0,5,0,79" ten="218,240,292,250" oya="1" hai0="18,62,107,128,93,99,57,64,131,97,92,103,94" hai1="124,109,87,96,8,37,11,106,34,56,65,85,116" hai2="63,80,83,98,42,55,29,75,47,43,12,13,60" hai3="50,53,86,78,91,110,90,129,66,112,4,40,52"/><U88/><E34/><V70/><F75/><W44/><G112/><T3/><D3/><U45/><E116/><V73/><F73/><W9/><G129/><N who="0" m="49739" /><D18/><U125/><E85/><V108/><F70/><W127/><G110/><T2/><D2/><U61/><E109/><V6/><F108/><W67/><G127/><N who="1" m="48714" /><E106/><V21/><F98/><AGARI ba="0,0" hai="57,62,64,92,93,94,97,98,99,103,107" m="49739" machi="98" ten="30,1000,0" yaku="19,1" doraHai="79" who="0" fromWho="2" sc="218,10,240,0,292,-10,250,0" /><INIT seed="2,0,0,3,0,26" ten="228,240,282,250" oya="2" hai0="62,48,71,124,121,32,83,46,106,41,92,36,30" hai1="86,34,56,82,101,24,99,74,47,17,95,49,67" hai2="58,132,75,44,129,2,12,21,28,25,115,23,54" hai3="104,109,10,43,38,110,85,120,66,134,33,125,91"/><V94/><F115/><W76/><G120/><T123/><D106/><U37/><E37/><V108/><F75/><W84/><G104/><T4/><D124/><U51/><E74/><V55/><F2/><W9/><G66/><T50/><D4/><U22/><E34/><V40/><F129/><W45/><G33/><T39/><D83/><U118/><E118/><V3/><F3/><W130/><G125/><T59/><D92/><U14/><E47/><V126/><F126/><W13/><G134/><T98/><D98/><U57/><E14/><V20/><F132/><W128/><G84/><T16/><D16/><U65/><E56/><V35/><F12/><W117/><G76/><T105/><D105/><U61/><REACH who="1" step="1"/><E67/><REACH who="1" ten="228,230,282,250" step="2"/><V111/><F58/><W29/><G13/><T72/><D72/><U97/><E97/><V6/><F6/><W119/><G119/><T96/><D96/><U127/><E127/><V100/><F111/><W18/><G117/><T78/><D39/><U68/><E68/><V102/><F108/><W131/><G110/><T114/><D71/><U69/><E69/><V42/><F44/><W89/><G109/><T80/><D121/><U27/><E27/><V79/><F25/><W116/><G116/><T113/><D123/><U81/><E81/><V31/><F35/><W52/><G45/><T87/><D113/><U11/><E11/><V88/><F21/><W93/><G9/><T19/><D114/><U64/><E64/><V15/><F15/><W0/><G10/><T90/><D36/><U7/><E7/><V8/><F8/><W70/><G38/><RYUUKYOKU ba="0,1" sc="228,-10,230,30,282,-10,250,-10" hai1="17,22,24,49,51,57,61,65,82,86,95,99,101" /><INIT seed="3,1,1,2,2,48" ten="218,260,272,240" oya="3" hai0="25,74,3,104,22,126,73,69,124,120,83,49,118" hai1="13,107,78,32,91,34,55,60,108,56,100,89,17" hai2="80,20,93,0,41,127,53,116,37,96,105,85,101" hai3="66,72,122,2,45,70,59,67,110,113,111,94,18"/><W115/><G122/><T38/><D38/><U87/><E108/><N who="3" m="41514" /><G72/><T121/><D104/><U130/><E130/><V1/><F116/><W28/><G2/><T58/><D69/><U98/><E78/><V8/><F127/><N who="0" m="48682" /><D3/><U131/><E131/><V10/><F0/><W54/><G28/><N who="0" m="17463" /><D118/><U35/><REACH who="1" step="1"/><E87/><REACH who="1" ten="218,250,272,240" step="2"/><V27/><F85/><W21/><G115/><T123/><D83/><U64/><E64/><V132/><F80/><W133/><G113/><T109/><D109/><U135/><E135/><V77/><F132/><W50/><G133/><T103/><D103/><U75/><E75/><V62/><F101/><W52/><G70/><T76/><D76/><U14/><E14/><V97/><F77/><W7/><G7/><T65/><D65/><U57/><E57/><V23/><F1/><W92/><G67/><T90/><D90/><U134/><E134/><V79/><F79/><W44/><G66/><T4/><D74/><U16/><E16/><V12/><F12/><N who="3" m="9415" /><G44/><T9/><D73/><U46/><E46/><V24/><F24/><W102/><G102/><T119/><D119/><U30/><E30/><V99/><F27/><W71/><G71/><T29/><D29/><U81/><E81/><V82/><F82/><W117/><G117/><T125/><D125/><U114/><E114/><V61/><F105/><W128/><G128/><T129/><D129/><U86/><E86/><V95/><F95/><W31/><G31/><T6/><D123/><U15/><E15/><V63/><F93/><W47/><G45/><T11/><D121/><U40/><E40/><V19/><F41/><RYUUKYOKU ba="1,2" sc="218,-15,250,15,272,-15,240,15" hai1="13,17,32,34,35,55,56,60,89,91,98,100,107" hai3="47,50,52,54,59,92,94" /><INIT seed="3,2,2,5,0,44" ten="203,265,257,255" oya="3" hai0="95,52,1,119,79,30,12,132,51,61,84,117,41" hai1="15,88,98,14,68,120,50,6,54,96,72,127,32" hai2="133,134,121,23,116,57,80,128,126,62,33,122,87" hai3="106,45,104,27,74,125,16,21,75,22,34,102,0"/><W131/><G34/><T47/><D1/><U93/><E120/><N who="2" m="46187" /><F33/><W38/><G0/><T18/><D30/><U92/><E72/><V40/><F23/><W4/><G4/><T105/><D105/><U111/><E111/><V8/><F8/><W82/><G131/><T103/><D132/><N who="2" m="50794" /><F128/><W48/><G38/><T73/><D73/><U59/><E127/><V2/><F2/><W58/><G58/><T118/><D103/><N who="1" m="60807" /><E68/><V39/><F40/><W114/><G114/><T28/><D28/><U81/><E32/><V77/><F39/><W109/><G125/><T124/><D124/><U85/><E6/><V11/><F11/><W56/><G56/><T107/><D107/><U70/><E70/><V55/><F126/><W66/><G109/><T29/><D29/><U130/><E130/><V123/><F123/><W99/><G106/><T108/><D108/><U3/><E3/><V86/><F116/><W129/><G129/><T115/><D115/><U9/><E9/><V13/><F13/><W31/><G66/><T94/><D61/><U67/><E67/><V43/><F43/><W78/><G75/><AGARI ba="2,2" hai="55,57,62,75,77,80,86,87" m="50794,46187" machi="75" ten="30,2000,0" yaku="13,1,20,1" doraHai="44" who="2" fromWho="3" sc="203,0,265,0,257,46,255,-26" /><INIT seed="4,0,0,2,2,44" ten="203,265,303,229" oya="0" hai0="126,115,21,85,35,112,39,60,10,71,45,17,7" hai1="36,42,53,15,133,93,11,109,66,80,38,25,52" hai2="47,33,63,26,13,102,78,132,74,96,79,135,114" hai3="97,51,54,104,67,18,83,50,87,122,23,57,127"/><T37/><D35/><U2/><E109/><V76/><F74/><W119/><G119/><T22/><D126/><U29/><E2/><V31/><F114/><N who="0" m="43562" /><D85/><U82/><E133/><N who="2" m="51275" /><F13/><W101/><G127/><T43/><D39/><U28/><E66/><V1/><F1/><W62/><G122/><T113/><N who="0" m="43570" /><T68/><DORA hai="77" /><D60/><U14/><E93/><N who="2" m="58639" /><F47/><W58/><G58/><T55/><D55/><N who="1" m="21067" /><E42/><V105/><F105/><W128/><G128/><T117/><D117/><U61/><E61/><AGARI ba="0,0" hai="26,31,33,61,63,76,78,79" m="58639,51275" machi="61" ten="30,1000,0" yaku="20,1" doraHai="44,77" who="2" fromWho="1" sc="203,0,265,-10,303,10,229,0" /><INIT seed="5,0,0,1,3,68" ten="203,255,313,229" oya="1" hai0="81,9,18,98,24,69,12,127,97,59,85,104,96" hai1="79,58,72,119,122,28,15,41,29,105,130,8,124" hai2="42,83,101,38,14,11,129,32,112,6,89,93,84" hai3="108,128,7,61,88,51,86,100,80,39,116,99,26"/><U5/><E122/><V62/><F32/><W55/><G108/><T109/><D109/><U106/><E119/><V34/><F34/><W33/><G128/><T21/><D69/><U121/><E130/><V54/><F129/><W20/><G116/><T47/><D127/><U82/><E124/><V70/><F112/><W71/><G33/><T92/><D104/><U77/><E121/><V103/><F38/><W25/><G7/><T10/><D59/><U114/><E114/><V48/><F42/><W74/><G74/><T31/><D47/><U1/><E79/><V107/><F107/><W111/><G39/><T13/><D92/><U2/><E58/><N who="2" m="35159" /><F70/><W19/><G111/><T52/><D52/><U64/><E64/><V37/><F37/><W115/><G115/><T110/><D110/><U44/><E105/><V134/><F134/><W0/><G0/><T78/><REACH who="0" step="1"/><D98/><REACH who="0" ten="193,255,313,229" step="2"/><U113/><E106/><V4/><F48/><W87/><G71/><T102/><D102/><U40/><E113/><V63/><F63/><W66/><G61/><T73/><D73/><U50/><REACH who="1" step="1"/><E41/><REACH who="1" ten="193,245,313,229" step="2"/><V91/><F103/><W43/><G43/><T30/><D30/><AGARI ba="0,2" hai="1,2,5,8,15,28,29,30,40,44,50,72,77,82" machi="30" ten="40,3900,0" yaku="1,1,2,1,53,0" doraHai="68" doraHaiUra="65" who="1" fromWho="0" sc="193,-39,245,59,313,0,229,0" /><INIT seed="5,1,0,1,1,4" ten="154,304,313,229" oya="1" hai0="122,135,125,73,98,113,81,15,50,110,40,61,28" hai1="1,2,68,121,105,62,27,120,44,101,79,90,64" hai2="67,16,18,118,126,24,74,49,130,117,109,111,22" hai3="7,10,129,87,119,127,52,21,94,53,12,89,106"/><U91/><E79/><V112/><F67/><W116/><G106/><T19/><D110/><N who="2" m="41994" /><F49/><W14/><G129/><T76/><D113/><U23/><E101/><V134/><F74/><W55/><G127/><T71/><D125/><U85/><E105/><V84/><F84/><W0/><REACH who="3" step="1"/><G21/><REACH who="3" ten="154,304,313,219" step="2"/><T133/><D135/><U100/><E23/><N who="2" m="13415" /><F126/><W75/><G75/><T31/><D133/><U115/><E121/><V57/><F134/><W132/><G132/><T78/><D122/><U56/><E120/><V96/><F130/><W25/><G25/><T30/><D76/><U37/><E27/><V72/><F72/><W80/><G80/><T38/><D98/><U33/><E85/><V95/><F96/><W39/><G39/><T60/><D38/><U102/><E37/><V26/><F95/><W108/><G108/><T104/><D104/><U51/><E102/><V58/><F26/><W34/><G34/><T6/><D73/><U3/><E100/><V93/><F93/><W17/><G17/><T92/><D81/><U45/><E91/><V99/><F99/><W97/><G97/><T47/><D92/><U43/><E90/><V59/><F18/><W8/><G8/><N who="0" m="4503" /><D78/><U88/><E88/><V36/><F36/><W13/><AGARI ba="1,1" hai="0,7,10,12,13,14,52,53,55,87,89,94,116,119" machi="13" ten="40,12000,2" yaku="1,1,0,1,52,1,54,1,53,3" doraHai="4" doraHaiUra="48" who="3" fromWho="3" sc="154,-31,304,-61,313,-31,219,133" /><INIT seed="6,0,0,3,0,14" ten="123,243,282,352" oya="2" hai0="65,125,7,36,119,61,121,25,106,3,110,53,60" hai1="70,57,58,113,93,114,75,27,132,20,67,24,21" hai2="35,105,63,32,4,22,13,133,88,50,34,108,73" hai3="128,26,76,23,97,124,103,30,29,11,56,0,64"/><V42/><F73/><W41/><G128/><T52/><D110/><U51/><E75/><V99/><F108/><W91/><G124/><T100/><D125/><U66/><E70/><V38/><F133/><W33/><G41/><T82/><D121/><U28/><E132/><V112/><F112/><N who="1" m="43113" /><E93/><V5/><F38/><W89/><G76/><T59/><D36/><U39/><E39/><V116/><F116/><W94/><G30/><T130/><D130/><U71/><E71/><V78/><F78/><W12/><G0/><T111/><D111/><U8/><E8/><V19/><F63/><N who="3" m="37991" /><G33/><T9/><D119/><U115/><N who="1" m="43121" /><U102/><DORA hai="83" /><E102/><V6/><F105/><W109/><G109/><T10/><D25/><U62/><E51/><V123/><F123/><W84/><G84/><T72/><D72/><U98/><E98/><V104/><F104/><W122/><G122/><T48/><D48/><U85/><E85/><V74/><F74/><W46/><G46/><T92/><D106/><U127/><E127/><V1/><F1/><W81/><G81/><T77/><D9/><U2/><E2/><V80/><F80/><W134/><G134/><T68/><D82/><U90/><E62/><V101/><F101/><W31/><G31/><T117/><D77/><U120/><E90/><V43/><REACH who="2" step="1"/><F50/><REACH who="2" ten="123,243,272,352" step="2"/><W107/><G107/><T16/><D117/><U55/><E120/><V135/><F135/><W87/><G103/><T129/><D129/><U47/><E67/><V86/><F86/><W18/><G87/><T95/><D100/><U79/><E66/><V131/><F131/><RYUUKYOKU ba="0,1" sc="123,-15,243,-15,272,15,352,15" hai2="4,5,6,13,19,22,32,34,35,42,43,88,99" hai3="11,12,18,23,26,29,89,91,94,97" /><INIT seed="6,1,1,1,3,63" ten="108,228,287,367" oya="2" hai0="26,90,57,35,64,89,120,8,23,40,21,80,10" hai1="20,15,67,112,54,96,129,2,133,12,122,82,44" hai2="5,134,87,79,3,55,38,32,93,103,0,59,75" hai3="116,4,65,115,6,74,30,66,105,50,68,71,42"/><V81/><F32/><W135/><G105/><T111/><D111/><U128/><E2/><V53/><F134/><W28/><G74/><T118/><D120/><U1/><E1/><V11/><F0/><W22/><G135/><T125/><D35/><U119/><E133/><V7/><F7/><W33/><G33/><T76/><D125/><U78/><E119/><V91/><F38/><W34/><G34/><T104/><D104/><U62/><E122/><V77/><F77/><W19/><G116/><T123/><D123/><U131/><E112/><V58/><F58/><W88/><G115/><T113/><D40/><U69/><E96/><V92/><REACH who="2" step="1"/><F59/><REACH who="2" ten="108,228,277,367" step="2"/><W101/><G4/><T109/><D113/><U83/><E78/><V121/><F121/><W13/><G6/><T127/><D118/><U51/><E20/><V84/><F84/><W61/><G71/><T31/><D127/><U17/><E17/><V48/><F48/><W98/><G28/><T60/><D109/><U18/><E18/><V107/><F107/><W94/><G30/><T14/><D23/><U46/><E46/><V45/><F45/><N who="3" m="25911" /><G68/><T73/><REACH who="0" step="1"/><D10/><REACH who="0" ten="98,228,277,367" step="2"/><U56/><REACH who="1" step="1"/><E69/><REACH who="1" ten="98,218,277,367" step="2"/><V24/><F24/><W110/><G110/><T16/><AGARI ba="1,4" hai="8,14,16,21,26,31,57,60,64,73,76,80,89,90" machi="16" ten="20,12000,2" yaku="1,1,2,1,0,1,7,1,52,1,54,1,53,0" doraHai="63" doraHaiUra="70" who="0" fromWho="0" sc="98,163,218,-31,277,-61,367,-31" /><INIT seed="7,0,0,1,4,50" ten="261,187,216,336" oya="3" hai0="105,8,34,27,91,107,97,60,118,93,7,57,124" hai1="22,54,49,111,106,80,128,114,123,43,73,33,130" hai2="38,58,85,20,82,74,83,35,66,25,3,109,135" hai3="26,21,84,72,122,81,125,5,99,19,6,10,119"/><W103/><G122/><T126/><D118/><U70/><E123/><V115/><F38/><W11/><G119/><T36/><D36/><U15/><E111/><V87/><F3/><W61/><G72/><T31/><D124/><U47/><E106/><V16/><F74/><W89/><G125/><T42/><D42/><U104/><E104/><V77/><F109/><W18/><G61/><T12/><REACH who="0" step="1"/><D126/><REACH who="0" ten="251,187,216,336" step="2"/><U69/><E43/><V37/><F37/><W9/><REACH who="3" step="1"/><G18/><REACH who="3" ten="251,187,216,326" step="2"/><T113/><D113/><U90/><E114/><V39/><F16/><W110/><G110/><T65/><AGARI ba="0,2" hai="7,8,12,27,31,34,57,60,65,91,93,97,105,107" machi="65" ten="20,5200,0" yaku="1,1,0,1,7,1,53,1" doraHai="50" doraHaiUra="94" who="0" fromWho="0" sc="251,72,187,-13,216,-13,326,-26" owari="323,43.0,174,-33.0,203,-20.0,300,10.0" /></mjloggm>