<mjloggm ver="2.3"><GO type="185" lobby="0"/><UN n0="%E3%81%9F%E3%82%93%E3%82%86%E3%81%86" n1="%E5%A4%9A%E6%9E%97%E6%99%8B" n2="%E6%A8%BD%E3%81%AA%E3%81%AE%E5%A3%8A%E3%81%95%E3%81%AA%E3%81%84%E3%81%A7" n3="" dan="16,16,16,0" rate="2233.47,2179.68,2185.95,1500.00" sx="F,M,M,C"/><TAIKYOKU oya="0"/><INIT seed="0,0,0,4,2,108" ten="350,350,350,0" oya="0" hai0="94,2,92,95,97,67,101,64,62,132,99,116,55" hai1="45,53,129,51,133,102,3,117,114,128,104,91,134" hai2="81,58,84,87,43,72,63,50,118,59,77,120,113" hai3=""/><T131/><D2/><U126/><E3/><V44/><N who="2" m="30752" /><V70/><F113/><T68/><D116/><U60/><E117/><V105/><F118/><T86/><D131/><N who="1" m="50251" /><E91/><V135/><F135/><N who="1" m="51721" /><E104/><V107/><F70/><T122/><N who="0" m="31264" /><T100/><D67/><U69/><E102/><V1/><F59/><T83/><D132/><U96/><E96/><V103/><F1/><T41/><D41/><U35/><E35/><V37/><F37/><T73/><D73/><U33/><E33/><V76/><F103/><T40/><D40/><U121/><N who="1" m="31008" /><U65/><E114/><V85/><REACH who="2" step="1"/><F77/><REACH who="2" ten="350,350,340,0" step="2"/><T75/><D100/><U106/><E106/><V111/><F111/><T109/><D109/><U54/><E54/><AGARI ba="0,1" hai="43,44,50,54,58,63,72,76,81,84,85,87,105,107" m="30752" machi="54" ten="40,5200,0" yaku="1,1,52,1,53,1" doraHai="108" doraHaiUra="49" who="2" fromWho="1" sc="350,0,350,-52,340,62,0,0" /><INIT seed="1,0,0,0,1,111" ten="350,298,402,0" oya="1" hai0="89,33,0,113,80,109,115,125,100,77,126,41,83" hai1="81,54,85,73,38,36,130,119,34,99,70,82,3" hai2="1,98,92,35,51,68,122,118,76,102,88,63,55" hai3=""/><U59/><E3/><V44/><N who="2" m="31264" /><V87/><F1/><T39/><D0/><U79/><E34/><V95/><F35/><T69/><D33/><U94/><E70/><V104/><F76/><T60/><D109/><U121/><N who="1" m="31008" /><U71/><E71/><V43/><F118/><T67/><D100/><U129/><E119/><V101/><F101/><T32/><D32/><U66/><E66/><V61/><F68/><T132/><D89/><U37/><E82/><V90/><REACH who="2" step="1"/><F43/><REACH who="2" ten="350,298,392,0" step="2"/><T56/><D69/><U91/><REACH who="1" step="1"/><E73/><REACH who="1" ten="350,288,392,0" step="2"/><V72/><F72/><T97/><D83/><U103/><E103/><V128/><F128/><T135/><D80/><U49/><AGARI ba="0,2" hai="36,37,38,49,54,59,79,81,85,91,94,99,129,130" m="31008" machi="49" ten="40,5200,0" yaku="1,1,0,1,52,1,53,0" doraHai="111" doraHaiUra="133" who="1" fromWho="1" sc="350,-26,288,72,392,-26,0,0" /><INIT seed="1,1,0,0,3,122" ten="324,360,366,0" oya="1" hai0="119,128,110,75,78,132,97,90,49,123,107,71,41" hai1="67,95,55,0,36,46,117,96,65,47,3,44,73" hai2="120,43,87,130,113,76,127,34,69,59,81,135,129" hai3=""/><U52/><E117/><V37/><N who="2" m="30752" /><V40/><F34/><T80/><N who="0" m="31520" /><T2/><D2/><U126/><E36/><V72/><F69/><T1/><D1/><U118/><E118/><V82/><F113/><T66/><D119/><U133/><E0/><V103/><F103/><T86/><D128/><N who="2" m="49258" /><F135/><T88/><D132/><U61/><E133/><V100/><F100/><T94/><D66/><U63/><E73/><V50/><F37/><T58/><D71/><U45/><E126/><V77/><F127/><T134/><D134/><U109/><E47/><V99/><F99/><T54/><D41/><U93/><E46/><V70/><F70/><T121/><N who="0" m="31008" /><T85/><D107/><U83/><E3/><V106/><F106/><T74/><REACH who="0" step="1"/><D110/><REACH who="0" ten="314,360,366,0" step="2"/><U39/><E109/><V64/><F64/><T112/><D112/><U89/><E67/><V124/><F124/><T125/><D125/><U57/><E39/><V38/><F38/><T35/><D35/><U51/><E65/><V91/><F43/><T114/><D114/><U48/><E55/><V131/><F131/><T56/><D56/><U115/><E57/><V92/><F40/><T33/><D33/><U60/><E115/><V98/><F59/><T116/><D116/><RYUUKYOKU ba="1,1" sc="314,10,360,-20,366,10,0,0" hai0="49,54,58,74,75,78,80,85,86,88,90,94,97" hai2="50,72,76,77,81,82,87,91,92,98" /><INIT seed="2,2,1,2,1,56" ten="324,340,376,0" oya="2" hai0="48,127,88,122,68,36,55,134,45,124,47,114,73" hai1="1,70,71,67,105,93,40,65,83,57,107,63,78" hai2="128,123,135,58,37,39,64,2,101,103,92,90,54" hai3=""/><V130/><N who="2" m="31520" /><V60/><F2/><T115/><N who="0" m="31264" /><T81/><D68/><U129/><E1/><V59/><F135/><T75/><D134/><U95/><E129/><N who="2" m="49771" /><F39/><T119/><D119/><U38/><E40/><V97/><F37/><T66/><D66/><U53/><E38/><V87/><F97/><T43/><D75/><U50/><E65/><V85/><F87/><T34/><D73/><U132/><E70/><V44/><F44/><T72/><D34/><U51/><E51/><AGARI ba="2,1" hai="51,54,58,59,60,64,85,90,92,101,103" m="49771,31520" machi="51" ten="30,5800,0" yaku="19,1,52,2" doraHai="56" who="2" fromWho="1" sc="324,0,340,-62,376,72,0,0" /><INIT seed="2,3,0,3,4,67" ten="324,278,448,0" oya="2" hai0="99,104,60,98,86,58,36,75,122,105,115,106,83" hai1="109,65,0,77,70,133,87,88,37,41,50,130,108" hai2="85,38,118,92,94,66,45,39,33,100,43,63,56" hai3=""/><V55/><F33/><T123/><N who="0" m="31264" /><T2/><N who="0" m="31520" /><T79/><D2/><U119/><E0/><V96/><F118/><T82/><D36/><U51/><E119/><V110/><F110/><T102/><D58/><U120/><N who="1" m="30752" /><U53/><E133/><V81/><F39/><T124/><D60/><U127/><E127/><V72/><F72/><T114/><D124/><U34/><E34/><V71/><F94/><T40/><D40/><U3/><E77/><V47/><F47/><T128/><D128/><U126/><E126/><V101/><F101/><T125/><D125/><U68/><E130/><V42/><F42/><T1/><D1/><U48/><E53/><V46/><F46/><T69/><D69/><U97/><E97/><N who="0" m="36873" /><D102/><U89/><E3/><V112/><F55/><T116/><D116/><U135/><E37/><V95/><F56/><T111/><D111/><N who="1" m="42571" /><E41/><V91/><F38/><T76/><AGARI ba="3,0" hai="75,76,79,82,83,86,104,105,106,114,115" m="36873,31520,31264" machi="76" ten="40,6000,1" yaku="34,2,52,2" doraHai="67" who="0" fromWho="0" sc="324,66,278,-23,448,-43,0,0" /><INIT seed="4,0,0,3,0,57" ten="390,255,405,0" oya="0" hai0="82,103,37,0,132,101,52,79,55,102,99,85,45" hai1="58,75,63,135,124,112,94,64,3,39,129,131,47" hai2="46,49,133,42,32,83,96,53,134,87,48,38,77" hai3=""/><T76/><D0/><U61/><E3/><V44/><F32/><T92/><D132/><N who="2" m="50794" /><F96/><T106/><D79/><U114/><E75/><V50/><AGARI ba="0,0" hai="38,42,44,46,48,49,50,53,77,83,87" m="50794" machi="50" ten="30,800,0" yaku="20,1" doraHai="57" who="2" fromWho="2" sc="390,-5,255,-3,405,8,0,0" /><INIT seed="5,0,0,3,2,67" ten="385,252,413,0" oya="1" hai0="92,122,2,101,108,61,111,97,86,34,94,37,84" hai1="104,43,118,123,87,124,55,98,1,128,70,76,107" hai2="106,0,116,44,132,131,64,100,133,58,114,66,74" hai3=""/><U60/><N who="1" m="31520" /><U54/><E1/><V134/><F0/><T77/><N who="0" m="31264" /><T40/><D2/><U129/><E118/><V57/><F74/><T79/><D34/><U32/><E32/><V36/><F106/><N who="1" m="40489" /><E98/><V41/><F100/><T82/><D61/><U71/><E43/><V68/><F116/><T49/><D37/><U73/><E73/><V45/><F131/><N who="1" m="50249" /><E124/><V47/><F114/><T113/><D113/><U135/><E135/><V89/><F89/><T51/><D40/><U69/><E60/><V83/><F41/><T38/><D38/><U42/><E42/><V33/><F36/><T126/><D126/><U91/><E76/><V3/><F3/><T52/><D51/><U85/><E85/><V95/><F33/><T81/><D92/><AGARI ba="0,0" hai="54,55,69,70,71,87,91,92" m="50249,40489,31520" machi="92" ten="40,12000,1" yaku="19,1,52,4" doraHai="67" who="1" fromWho="0" sc="385,-120,252,120,413,0,0,0" /><INIT seed="5,1,0,2,4,52" ten="265,372,413,0" oya="1" hai0="123,120,0,98,130,43,94,33,74,92,71,102,58" hai1="62,66,82,121,114,84,38,108,69,89,50,73,97" hai2="116,119,3,51,44,96,34,87,95,45,77,100,80" hai3=""/><U110/><N who="1" m="31008" /><U109/><E38/><V86/><F34/><T125/><N who="0" m="30752" /><T60/><N who="0" m="31520" /><T104/><D33/><U48/><E114/><V131/><F3/><T105/><D0/><U68/><E69/><V124/><F124/><T83/><D71/><U40/><E40/><V128/><F44/><T112/><D112/><U78/><E97/><V59/><F59/><T106/><D125/><U75/><E73/><V99/><F87/><T88/><D43/><U72/><E75/><V49/><F49/><T117/><D117/><U46/><E46/><V55/><F96/><T39/><D39/><U132/><E132/><V32/><F32/><T127/><D127/><U91/><E91/><V135/><F135/><T115/><D115/><U126/><E126/><V133/><F133/><T79/><D130/><AGARI ba="1,0" hai="45,51,55,77,80,86,95,99,100,116,119,128,130,131" machi="130" ten="40,1300,0" yaku="19,1" doraHai="52" who="2" fromWho="0" sc="265,-15,372,0,413,15,0,0" /><INIT seed="6,0,0,2,2,78" ten="250,372,428,0" oya="2" hai0="57,33,84,119,112,127,120,114,124,105,0,32,74" hai1="132,40,89,90,128,125,71,133,65,82,46,103,59" hai2="93,44,70,34,66,81,83,37,134,54,73,61,58" hai3=""/><V98/><F34/><T97/><N who="0" m="30752" /><T117/><D0/><U36/><E71/><V99/><F134/><N who="1" m="51817" /><E103/><V55/><F73/><T68/><D57/><U115/><E115/><N who="0" m="44073" /><D68/><U43/><E40/><V110/><F99/><T41/><D41/><U52/><E65/><V77/><F77/><T64/><D64/><U126/><E128/><V102/><F110/><T67/><D67/><U62/><E89/><V49/><F37/><T111/><D111/><U69/><E69/><V76/><F76/><T1/><D1/><U106/><E106/><V56/><F70/><T108/><D108/><U35/><E35/><N who="0" m="13385" /><D74/><U51/><E36/><V104/><F104/><T100/><D84/><AGARI ba="0,0" hai="43,46,51,52,59,62,82,84,90,125,126" m="51817" machi="84" ten="30,3900,0" yaku="20,1,52,1,54,1" doraHai="78" who="1" fromWho="0" sc="250,-39,372,39,428,0,0,0" owari="211,-39.0,411,1.0,428,38.0,0,0.0" /></mjloggm>