<mjloggm ver="2.3"><GO type="185" lobby="0"/><UN n0="%E4%B8%96%E7%9B%B4%E3%81%97%E4%BA%BA" n1="%E3%81%9F%E3%82%93%E3%82%86%E3%81%86" n2="%E8%99%B9%E9%87%8E%E3%82%86%E3%82%81" n3="" dan="17,16,16,0" rate="2262.73,2233.03,2143.37,1500.00" sx="M,F,F,C"/><TAIKYOKU oya="0"/><INIT seed="0,0,0,3,0,55" ten="350,350,350,0" oya="0" hai0="111,105,33,37,43,58,72,113,79,61,117,127,120" hai1="35,135,83,49,39,87,94,70,77,82,42,93,119" hai2="54,133,40,118,107,115,53,67,121,44,122,123,99" hai3=""/><T110/><RYUUKYOKU type="yao9" ba="0,0" sc="350,0,350,0,350,0,0,0" hai0="33,37,43,58,61,72,79,105,110,111,113,117,120,127" /><INIT seed="0,1,0,3,3,57" ten="350,350,350,0" oya="0" hai0="81,99,3,116,39,59,2,1,47,53,108,43,62" hai1="97,131,86,87,120,82,45,58,51,88,40,129,35" hai2="104,110,111,64,90,98,113,54,101,32,49,112,52" hai3=""/><T125/><D116/><U74/><N who="1" m="30752" /><U132/><E35/><V77/><F32/><T118/><D118/><U34/><E34/><V107/><F77/><T94/><D125/><U78/><E132/><V66/><F90/><T70/><D108/><N who="2" m="41514" /><F104/><T84/><D70/><U71/><E71/><V36/><F36/><T44/><D44/><U122/><N who="1" m="31264" /><U89/><E97/><V42/><F42/><T102/><REACH who="0" step="1"/><D1/><REACH who="0" ten="340,350,350,0" step="2"/><U63/><E74/><V72/><F72/><T46/><D46/><U100/><E100/><V105/><F101/><T95/><D95/><U56/><E56/><V37/><F107/><T61/><D61/><U117/><E117/><V85/><F105/><T121/><N who="0" m="31008" /><T114/><D114/><U79/><E129/><V103/><F113/><T127/><D127/><U109/><E131/><V124/><F112/><T123/><N who="0" m="31520" /><T75/><D75/><U48/><E109/><V55/><F124/><T0/><D0/><U80/><E51/><V96/><F49/><T126/><D126/><U76/><E58/><V130/><F130/><T69/><D69/><U65/><E63/><V133/><F103/><T83/><D83/><U115/><E115/><V134/><F134/><T93/><D93/><U50/><E50/><RYUUKYOKU ba="1,1" sc="340,10,350,10,350,-20,0,0" hai0="2,3,39,43,47,53,59,62,81,84,94,99,102" hai1="40,45,48,65,76,78,79,80,82,86,87,88,89" /><INIT seed="0,2,1,1,2,99" ten="350,360,330,0" oya="0" hai0="117,61,133,44,69,72,110,86,118,93,126,83,68" hai1="103,123,114,87,131,49,132,50,97,32,64,65,51" hai2="85,107,46,47,102,109,3,125,36,124,108,39,57" hai3=""/><T74/><D133/><U92/><N who="1" m="31520" /><U77/><E32/><V88/><F57/><T91/><D126/><N who="2" m="48746" /><F3/><T75/><D110/><N who="2" m="42602" /><F107/><T34/><D34/><U82/><E132/><V56/><F56/><T121/><N who="0" m="31008" /><T59/><D44/><N who="2" m="16938" /><F102/><T79/><D69/><U1/><E1/><V2/><F2/><T106/><D68/><U96/><E114/><V78/><F78/><T94/><D106/><U58/><E58/><V55/><F55/><T60/><D61/><U135/><E135/><V0/><F0/><T48/><D48/><U129/><E65/><V105/><F105/><T73/><REACH who="0" step="1"/><D94/><AGARI ba="2,1" hai="36,39,85,88,94" m="16938,42602,48746" machi="94" ten="30,3900,0" yaku="18,1,14,1,54,1" doraHai="99" who="2" fromWho="0" sc="350,-43,360,0,330,53,0,0" /><INIT seed="1,0,0,0,1,83" ten="307,360,383,0" oya="1" hai0="99,107,104,53,113,1,43,77,97,2,72,73,127" hai1="57,37,134,39,79,108,75,48,47,60,98,65,112" hai2="102,129,50,106,40,55,78,64,125,126,44,123,95" hai3=""/><U62/><E112/><V91/><N who="2" m="31520" /><V32/><F32/><T122/><N who="0" m="31264" /><T70/><D113/><U82/><E134/><V85/><F129/><T105/><D70/><U133/><E133/><V110/><F110/><T103/><D127/><N who="2" m="48650" /><F78/><T59/><D43/><U63/><E108/><V131/><F131/><T49/><D99/><U3/><E3/><V74/><F74/><T71/><D71/><U115/><E115/><V120/><N who="2" m="30752" /><V51/><F64/><T114/><D114/><U33/><E33/><V84/><F84/><T42/><D42/><U76/><E76/><V69/><F69/><T80/><REACH who="0" step="1"/><D73/><REACH who="0" ten="297,360,383,0" step="2"/><U54/><E98/><V56/><F102/><T0/><AGARI ba="0,1" hai="0,1,2,49,53,59,72,77,80,97,103,104,105,107" m="31264" machi="0" ten="30,5900,0" yaku="1,1,2,1,0,1,52,1,53,0" doraHai="83" doraHaiUra="68" who="0" fromWho="0" sc="297,69,360,-39,383,-20,0,0" /><INIT seed="2,0,0,1,1,76" ten="366,321,363,0" oya="2" hai0="100,88,54,1,58,116,46,71,120,95,70,32,45" hai1="52,105,84,104,83,123,72,114,103,53,115,42,40" hai2="109,121,90,79,36,50,86,124,91,73,48,94,117" hai3=""/><V133/><N who="2" m="31008" /><V0/><F117/><T119/><N who="0" m="30752" /><T47/><D100/><U59/><N who="1" m="31520" /><U111/><E72/><V78/><F0/><T87/><D1/><U96/><E105/><V57/><F36/><T63/><REACH who="0" step="1"/><D32/><REACH who="0" ten="356,321,363,0" step="2"/><U99/><E111/><V62/><F109/><T81/><D81/><U102/><E114/><V77/><F133/><T74/><D74/><U37/><E115/><V135/><F135/><T35/><D35/><U66/><E37/><V112/><F112/><T107/><D107/><U64/><E104/><V130/><F73/><T85/><D85/><U122/><N who="1" m="31264" /><U69/><E84/><V67/><F130/><T129/><D129/><U39/><E39/><V118/><F118/><AGARI ba="0,1" hai="45,46,47,54,58,63,70,71,87,88,95,116,118,119" m="30752" machi="118" ten="40,8000,1" yaku="1,1,52,1,54,1,53,1" doraHai="76" doraHaiUra="56" who="0" fromWho="2" sc="356,90,321,0,363,-80,0,0" /><INIT seed="4,0,0,2,5,95" ten="446,321,283,0" oya="0" hai0="114,35,98,101,135,110,3,92,36,85,53,33,115" hai1="130,117,83,54,93,79,133,118,51,32,90,96,104" hai2="70,44,59,71,39,40,56,48,103,43,84,42,52" hai3=""/><T91/><D3/><U50/><E32/><V88/><F103/><T131/><D36/><U123/><N who="1" m="31520" /><U111/><E111/><V61/><F39/><T97/><D110/><U65/><E130/><V62/><F71/><T34/><D131/><U134/><E65/><V102/><F102/><T80/><D135/><N who="1" m="51723" /><E104/><V124/><F124/><T76/><REACH who="0" step="1"/><D53/><REACH who="0" ten="436,321,283,0" step="2"/><U63/><E117/><V105/><F52/><T108/><D108/><U72/><E118/><V112/><F40/><T109/><D109/><U119/><E119/><V81/><F42/><T107/><AGARI ba="0,1" hai="33,34,35,76,80,85,91,92,97,98,101,107,114,115" machi="107" ten="40,8000,1" yaku="1,1,0,1,52,2,53,0" doraHai="95" doraHaiUra="66" who="0" fromWho="0" sc="436,90,321,-40,283,-40,0,0" /><INIT seed="4,1,0,1,1,121" ten="526,281,243,0" oya="0" hai0="107,70,86,34,38,40,54,33,135,101,99,87,104" hai1="3,113,35,67,125,79,134,126,58,90,102,72,52" hai2="84,50,120,103,47,76,75,94,80,68,65,51,89" hai3=""/><T77/><D70/><U119/><E3/><V66/><N who="2" m="30752" /><V96/><F68/><T55/><D135/><U64/><E35/><V92/><REACH who="2" step="1"/><F51/><REACH who="2" ten="526,281,233,0" step="2"/><T69/><D69/><U61/><E119/><V100/><F100/><T36/><D101/><U43/><E134/><V133/><F133/><T117/><D117/><U95/><E113/><V110/><F110/><T91/><D33/><U32/><E32/><V48/><F48/><T106/><D34/><U45/><E125/><V41/><AGARI ba="1,1" hai="41,47,50,65,66,75,76,80,84,89,92,94,96,103" m="30752" machi="41" ten="20,3900,0" yaku="1,1,0,1,7,1,52,1,53,0" doraHai="121" doraHaiUra="112" who="2" fromWho="2" sc="526,-27,281,-14,233,51,0,0" /><INIT seed="5,0,0,4,2,33" ten="499,267,284,0" oya="1" hai0="96,63,119,135,41,1,2,91,40,82,81,73,90" hai1="60,67,85,84,58,55,86,47,42,66,93,68,124" hai2="32,97,71,114,104,130,98,95,46,48,77,78,54" hai3=""/><U89/><E124/><V115/><F32/><T0/><D135/><U79/><E79/><V59/><F71/><T64/><D119/><U99/><REACH who="1" step="1"/><E68/><REACH who="1" ten="499,257,284,0" step="2"/><V131/><F77/><T122/><D122/><U36/><AGARI ba="0,1" hai="36,42,47,55,58,60,66,67,84,85,86,89,93,99" machi="36" ten="30,7800,0" yaku="1,1,2,1,0,1,53,1" doraHai="33" doraHaiUra="43" who="1" fromWho="1" sc="499,-39,257,88,284,-39,0,0" /><INIT seed="5,1,0,4,2,85" ten="460,345,245,0" oya="1" hai0="110,101,73,56,130,117,92,113,54,76,51,103,46" hai1="61,112,59,38,115,80,63,109,128,131,44,84,70" hai2="37,82,67,106,48,125,58,3,42,114,133,75,79" hai3=""/><U49/><E109/><V102/><F3/><T77/><D110/><U62/><E84/><V123/><N who="2" m="31520" /><V89/><F125/><T41/><D113/><N who="1" m="43595" /><E80/><V34/><F114/><T96/><D130/><N who="1" m="49707" /><E70/><V55/><F133/><T33/><D33/><U45/><E38/><V99/><F34/><T72/><D117/><U120/><N who="1" m="30752" /><U83/><E83/><V50/><F37/><T86/><D86/><U132/><E132/><V52/><F75/><T35/><D35/><U74/><E74/><V90/><F79/><T40/><D73/><U36/><E36/><V65/><F82/><T43/><D72/><U129/><N who="1" m="49715" /><U111/><DORA hai="64" /><E111/><V127/><F127/><T32/><D32/><U88/><E88/><V124/><F124/><T100/><D77/><U60/><E49/><V78/><F78/><T118/><D76/><U87/><E87/><V39/><F89/><T105/><D118/><U107/><E107/><V81/><F90/><T0/><D105/><U1/><E1/><V116/><F81/><T134/><D134/><U91/><E91/><V2/><F116/><T119/><D119/><U122/><N who="1" m="31264" /><U108/><E108/><V66/><F2/><T93/><D0/><U68/><E68/><V98/><F106/><RYUUKYOKU ba="1,0" sc="460,-10,345,20,245,-10,0,0" hai1="44,45,59,60,61,62,63" /><INIT seed="5,2,0,0,3,54" ten="450,365,235,0" oya="1" hai0="64,78,130,0,3,63,134,36,62,65,76,124,43" hai1="92,84,107,1,94,127,113,53,51,55,57,102,79" hai2="74,50,114,101,131,112,73,46,72,68,42,2,104" hai3=""/><U77/><E1/><V121/><N who="2" m="31008" /><V108/><F108/><T83/><D130/><U32/><E32/><V60/><F2/><T98/><D134/><U85/><E107/><V69/><F131/><T118/><D124/><U129/><E127/><V52/><F42/><T40/><D98/><U135/><E129/><V116/><F116/><T106/><D106/><U38/><E38/><V66/><REACH who="2" step="1"/><F69/><REACH who="2" ten="450,365,225,0" step="2"/><T105/><D118/><U120/><N who="1" m="30752" /><U58/><E135/><V95/><F95/><N who="1" m="36393" /><E102/><V45/><F45/><T49/><D0/><U48/><E113/><V117/><F117/><T71/><D3/><U132/><E132/><V70/><F70/><T111/><D71/><U110/><E110/><V75/><N who="2" m="18432" /><DORA hai="82" /><V33/><F33/><T86/><D111/><U67/><E67/><V99/><AGARI ba="2,1" hai="46,50,52,60,66,68,99,101,104,112,114" m="18432,31008" machi="99" ten="60,6000,1" yaku="1,1,0,1,52,1,54,1,53,1" doraHai="54,82" doraHaiUra="34,59" who="2" fromWho="2" sc="450,-22,365,-42,225,74,0,0" /><INIT seed="6,0,0,4,4,88" ten="428,323,299,0" oya="2" hai0="33,99,39,62,108,60,70,130,113,132,86,119,124" hai1="102,128,118,3,106,42,82,101,72,123,32,67,66" hai2="90,0,59,35,77,92,65,107,134,47,89,78,71" hai3=""/><V49/><F0/><T63/><RYUUKYOKU type="yao9" ba="0,0" sc="428,0,323,0,299,0,0,0" hai0="33,39,60,62,63,70,86,99,108,113,119,124,130,132" /><INIT seed="6,1,0,5,0,132" ten="428,323,299,0" oya="2" hai0="93,130,82,3,38,104,69,1,72,98,101,65,107" hai1="75,83,135,90,114,124,128,110,43,40,48,102,131" hai2="105,64,71,61,46,127,81,51,122,59,134,120,86" hai3=""/><V84/><N who="2" m="30752" /><V47/><N who="2" m="31264" /><V49/><F105/><T41/><D130/><N who="1" m="49707" /><E110/><V0/><F0/><T37/><D93/><U42/><E135/><V125/><F134/><T112/><D107/><U87/><E114/><V45/><F86/><T62/><D112/><U94/><E124/><N who="2" m="47691" /><F71/><T92/><D104/><U44/><E75/><V129/><F129/><T66/><D72/><U100/><E83/><V57/><F57/><T95/><D82/><U88/><E90/><AGARI ba="1,0" hai="45,46,47,49,51,59,61,64,81,84,90" m="47691,31264,30752" machi="90" ten="30,18000,2" yaku="18,1,52,5" doraHai="132" who="2" fromWho="1" sc="428,0,323,-182,299,182,0,0" owari="428,3.0,141,-46.0,481,43.0,0,0.0" /></mjloggm>