<mjloggm ver="2.3"><GO type="185" lobby="0"/><UN n0="%E5%A4%9A%E6%9E%97%E6%99%8B" n1="%E3%81%BF%E3%83%BC%E3%82%8F" n2="%E3%82%A2%E3%82%B9%E3%82%BF%E3%83%AD%E3%83%88%E3%81%AE%E5%AE%A3%E5%91%8A" n3="" dan="16,17,17,0" rate="2205.53,2258.37,2295.48,1500.00" sx="M,M,M,C"/><TAIKYOKU oya="0"/><INIT seed="0,0,0,1,4,103" ten="350,350,350,0" oya="0" hai0="80,53,93,102,87,95,74,52,41,69,65,110,115" hai1="123,83,133,48,119,88,70,130,97,34,134,43,81" hai2="63,57,114,84,37,79,117,116,71,55,32,109,1" hai3=""/><T132/><D115/><U111/><N who="1" m="31520" /><U104/><E119/><V113/><F32/><T73/><D132/><N who="1" m="50795" /><E34/><V85/><F1/><T42/><D110/><U67/><E111/><V99/><F37/><T98/><D69/><U46/><E130/><V91/><F109/><T107/><D65/><U78/><E78/><V75/><F99/><T36/><D73/><U77/><E77/><V60/><F71/><T108/><D74/><U125/><E125/><V124/><F124/><T35/><D35/><U89/><E104/><V120/><N who="2" m="30752" /><V47/><F47/><T58/><D36/><U49/><E49/><V59/><F79/><T92/><D58/><U68/><E68/><V66/><F75/><T135/><D135/><U56/><E56/><V101/><F114/><T51/><D51/><U61/><E97/><V72/><F72/><T0/><D0/><U105/><E105/><V64/><F113/><T45/><D45/><U131/><E131/><V100/><F117/><T62/><D62/><U40/><E43/><V94/><F116/><T2/><D2/><U121/><N who="1" m="31008" /><U128/><E128/><V126/><F126/><T129/><D129/><U127/><E127/><V38/><F38/><T33/><D33/><U54/><E40/><RYUUKYOKU ba="0,0" sc="350,-10,350,20,350,-10,0,0" hai1="46,48,54,61,67,70,81,83,88,89" /><INIT seed="1,1,0,0,3,76" ten="340,370,340,0" oya="1" hai0="111,54,88,129,118,128,71,135,78,86,127,41,70" hai1="63,2,72,67,90,89,53,39,46,83,61,93,110" hai2="134,51,59,74,98,124,50,121,91,57,45,103,40" hai3=""/><U82/><E2/><V0/><N who="2" m="31008" /><V64/><F0/><T131/><D118/><U56/><E110/><V96/><F134/><T58/><D111/><U95/><E72/><V80/><F124/><T38/><D135/><U60/><E39/><V132/><F132/><T69/><D78/><U35/><E35/><V113/><F113/><T123/><N who="0" m="31520" /><T52/><D127/><U73/><E73/><V42/><F74/><T119/><D119/><U102/><E46/><V62/><F103/><T75/><D75/><U99/><E102/><V79/><F79/><T105/><D105/><U133/><E133/><V100/><F100/><T32/><D32/><U81/><E67/><V34/><F34/><T65/><D65/><U49/><E49/><V43/><F43/><T130/><N who="0" m="32768" /><DORA hai="116" /><T85/><D85/><AGARI ba="1,0" hai="53,56,60,61,63,81,82,83,85,89,90,93,95,99" machi="85" ten="40,12000,1" yaku="8,1,52,3" doraHai="76,116" who="1" fromWho="0" sc="340,-122,370,122,340,0,0,0" /><INIT seed="1,2,0,2,4,114" ten="218,492,340,0" oya="1" hai0="84,123,103,109,134,87,52,46,41,91,111,48,116" hai1="82,127,121,96,58,120,75,71,88,64,73,35,113" hai2="100,38,104,105,102,108,135,1,89,45,56,59,133" hai3=""/><U0/><N who="1" m="30752" /><U50/><N who="1" m="31008" /><U115/><E0/><V107/><F1/><T65/><N who="0" m="31520" /><T44/><D134/><N who="2" m="51210" /><F108/><N who="0" m="41546" /><D103/><N who="2" m="39466" /><F89/><T54/><D65/><U42/><E35/><V40/><AGARI ba="2,0" hai="38,40,45,56,59,104,105,107" m="39466,51210" machi="40" ten="40,1100,0" yaku="20,1" doraHai="114" who="2" fromWho="2" sc="218,-6,492,-9,340,15,0,0" /><INIT seed="2,0,0,0,5,37" ten="212,483,355,0" oya="2" hai0="44,81,48,119,58,43,60,134,49,34,129,77,54" hai1="68,3,89,126,115,65,56,108,45,39,82,2,62" hai2="124,102,97,107,121,55,110,38,131,85,99,120,53" hai3=""/><V93/><N who="2" m="30752" /><V127/><N who="2" m="31008" /><V35/><F35/><T79/><D34/><U109/><E115/><V72/><F72/><T83/><D119/><U66/><E126/><N who="2" m="48171" /><F131/><T71/><D71/><U0/><E66/><V90/><F38/><T42/><D129/><U52/><E82/><N who="0" m="31241" /><D134/><U59/><E89/><V96/><F110/><N who="1" m="42601" /><E39/><V135/><F135/><T50/><D44/><U133/><E133/><V57/><F55/><T100/><D100/><U73/><E73/><V41/><F41/><AGARI ba="0,0" hai="41,42,43,48,49,50,54,58,60,77,79" m="31241" machi="41" ten="30,7700,0" yaku="8,1,52,3" doraHai="37" who="0" fromWho="2" sc="212,77,483,0,355,-77,0,0" /><INIT seed="4,0,0,5,1,75" ten="289,483,278,0" oya="0" hai0="106,86,37,43,69,47,59,119,130,102,55,50,97" hai1="129,84,73,93,78,89,58,74,122,42,132,3,128" hai2="113,91,112,120,83,111,2,68,45,71,94,85,110" hai3=""/><T76/><D119/><U87/><N who="1" m="31264" /><U100/><E3/><V116/><N who="2" m="30752" /><V34/><F2/><T61/><D130/><N who="1" m="50283" /><E42/><V96/><F34/><T67/><D86/><U35/><E35/><V88/><F45/><T44/><REACH who="0" step="1"/><D76/><REACH who="0" ten="279,483,278,0" step="2"/><U48/><E87/><V135/><F116/><T70/><AGARI ba="0,1" hai="37,43,44,47,50,55,59,61,67,69,70,97,102,106" machi="70" ten="30,7800,0" yaku="1,1,2,1,0,1,53,1" doraHai="75" doraHaiUra="38" who="0" fromWho="0" sc="279,88,483,-39,278,-39,0,0" /><INIT seed="4,1,0,1,1,56" ten="367,444,239,0" oya="0" hai0="45,132,113,41,39,128,73,42,63,66,135,101,97" hai1="47,62,58,109,94,81,54,121,96,69,100,120,70" hai2="116,61,88,46,74,103,83,76,53,52,99,51,98" hai3=""/><T3/><D3/><U87/><N who="1" m="30752" /><U114/><N who="1" m="31008" /><U89/><E109/><V130/><F130/><T115/><D73/><U106/><E114/><N who="0" m="43529" /><D41/><U91/><E47/><V60/><F116/><T108/><D128/><U40/><REACH who="1" step="1"/><E40/><REACH who="1" ten="367,434,239,0" step="2"/><V129/><F129/><T119/><D108/><U59/><E59/><V44/><F44/><T122/><N who="0" m="31264" /><T32/><D119/><U2/><E2/><V102/><F53/><T111/><D111/><U65/><E65/><V36/><F36/><T107/><D32/><U95/><E95/><V90/><F99/><AGARI ba="1,1" hai="54,58,62,69,70,81,87,89,91,94,96,99,100,106" m="31008,30752" machi="99" ten="30,8000,1" yaku="1,1,7,1,52,3,53,0" doraHai="56" doraHaiUra="38" who="1" fromWho="2" sc="367,0,434,92,239,-82,0,0" /><INIT seed="5,0,0,5,0,82" ten="367,526,157,0" oya="1" hai0="40,2,126,113,132,106,125,62,91,44,110,84,57" hai1="89,35,102,54,115,33,111,71,124,93,123,105,121" hai2="86,116,74,130,65,63,133,122,117,81,53,119,83" hai3=""/><U109/><N who="1" m="31008" /><U108/><N who="1" m="31520" /><U45/><E115/><V42/><N who="2" m="31264" /><V69/><F133/><T32/><D2/><U59/><E71/><V41/><F130/><T135/><D32/><U78/><E124/><N who="0" m="47721" /><D106/><U88/><E78/><V47/><F74/><T107/><D107/><U99/><E45/><V112/><F112/><T67/><D110/><U80/><E80/><V68/><F68/><T127/><N who="0" m="47729" /><T38/><DORA hai="61" /><D113/><U118/><E118/><V114/><F83/><AGARI ba="0,0" hai="38,40,44,57,62,67,83,84,91,132,135" m="47729" machi="83" ten="40,5200,0" yaku="18,1,52,2" doraHai="82,61" who="0" fromWho="2" sc="367,52,526,0,157,-52,0,0" /><INIT seed="6,0,0,3,2,43" ten="419,526,105,0" oya="2" hai0="84,55,119,123,89,130,103,108,97,72,133,56,66" hai1="132,47,125,38,78,118,85,62,77,101,116,41,92" hai2="86,90,93,57,124,115,110,98,75,91,95,87,39" hai3=""/><V1/><F39/><T45/><N who="0" m="31520" /><T65/><D72/><U107/><E132/><V34/><F1/><T32/><D32/><U109/><E109/><V33/><F110/><T35/><D35/><U131/><E125/><V76/><F124/><T48/><D108/><U79/><E131/><V126/><F126/><T121/><N who="0" m="31008" /><T59/><D133/><U81/><E107/><V83/><F115/><T74/><D74/><U82/><E62/><V53/><REACH who="2" step="1"/><F98/><REACH who="2" ten="419,526,95,0" step="2"/><T117/><D130/><U99/><E118/><V71/><F71/><T128/><D128/><U68/><E116/><V114/><F114/><T64/><D119/><U46/><E68/><V2/><F2/><T40/><D117/><U54/><E38/><V36/><F36/><T69/><D69/><U102/><E99/><V127/><F127/><T51/><D97/><U58/><E102/><V120/><N who="2" m="30752" /><V67/><F67/><T3/><D103/><U0/><E101/><V104/><F104/><T60/><REACH who="0" step="1"/><D3/><REACH who="0" ten="409,526,95,0" step="2"/><U88/><E0/><V37/><F37/><T42/><D42/><U63/><E41/><V111/><F111/><T50/><D50/><AGARI ba="0,2" hai="33,34,50,53,57,75,76,83,86,87,90,91,93,95" m="30752" machi="50" ten="30,11600,0" yaku="1,1,7,1,9,1,52,1,53,0" doraHai="43" doraHaiUra="70" who="2" fromWho="0" sc="409,-116,526,0,95,136,0,0" /><INIT seed="6,1,0,0,2,85" ten="293,526,231,0" oya="2" hai0="56,32,94,65,90,132,75,37,92,135,44,95,107" hai1="127,46,54,33,79,89,77,105,111,102,101,120,93" hai2="69,134,41,96,99,74,58,59,81,34,66,61,108" hai3=""/><V39/><F34/><T62/><D32/><U119/><N who="1" m="30752" /><U57/><E111/><V104/><F108/><T87/><D75/><U131/><E33/><V72/><F134/><N who="0" m="51242" /><D107/><U3/><E127/><V123/><N who="2" m="31520" /><V97/><F104/><T0/><D0/><U2/><E131/><V117/><F117/><T112/><D112/><U70/><E70/><V63/><F69/><T121/><N who="0" m="31008" /><T103/><D103/><U60/><E119/><V118/><F118/><T48/><D37/><U98/><E102/><V51/><F39/><T82/><D95/><U49/><E2/><V113/><F113/><T73/><D73/><U109/><E109/><V47/><REACH who="2" step="1"/><F81/><REACH who="2" ten="293,526,221,0" step="2"/><T68/><D68/><U71/><E71/><V50/><F50/><T42/><AGARI ba="1,1" hai="42,44,48,56,62,65,82,87,90,92,94" m="31008,51242" machi="42" ten="30,3000,0" yaku="20,1,52,2" doraHai="85" who="0" fromWho="0" sc="293,42,526,-11,221,-21,0,0" owari="335,-6.0,515,46.0,200,-40.0,0,0.0" /></mjloggm>