<mjloggm ver="2.3"><GO type="169" lobby="0"/><UN n0="%E5%BD%97%E6%98%9F%E5%85%A5%E3%83%92%E3%82%B3" n1="%E4%B8%80%E8%93%AE%E5%B3%BB%E6%BD%A4" n2="%E8%87%AA%E6%83%9A%E3%82%8C%E3%83%AA%E3%83%BC%E3%83%81" n3="%4E%65%67%69%74%6F%72%6F" dan="16,18,16,16" rate="2116.54,2252.75,2070.54,2146.46" sx="M,M,M,M"/><TAIKYOKU oya="0"/><INIT seed="0,0,0,3,5,37" ten="250,250,250,250" oya="0" hai0="65,96,131,115,44,32,56,111,16,94,67,70,25" hai1="64,71,3,101,22,110,46,54,122,86,77,116,60" hai2="8,95,81,33,19,88,108,49,58,114,18,59,62" hai3="100,4,35,82,24,11,36,7,117,72,6,61,9"/><T42/><D115/><U90/><E116/><V126/><F108/><W107/><G36/><T135/><D70/><U91/><E122/><V132/><F33/><W41/><G117/><T17/><D131/><U27/><E110/><V128/><F132/><W92/><G107/><T34/><D111/><U119/><E119/><V39/><F39/><W51/><G61/><T133/><D65/><U125/><E3/><V87/><F126/><W29/><G72/><T113/><D113/><U57/><E125/><V123/><F123/><W48/><G82/><T130/><D130/><U52/><E101/><V134/><F134/><N who="0" m="51210" /><D56/><U2/><E2/><V127/><F127/><W74/><G74/><T106/><D67/><U118/><E118/><V40/><F128/><W109/><G109/><T104/><D104/><U50/><E77/><N who="2" m="46511" /><F8/><W121/><G121/><T69/><D69/><U63/><REACH who="1" step="1"/><E86/><REACH who="1" ten="250,240,250,250" step="2"/><N who="2" m="52631" /><F114/><W10/><G4/><T83/><D83/><U76/><E76/><V26/><F59/><W105/><G6/><T21/><D106/><U43/><E43/><V79/><F40/><W75/><G105/><T0/><D0/><U68/><E68/><V23/><F79/><W13/><G75/><T97/><D17/><AGARI ba="0,1" hai="17,22,27,46,50,52,54,57,60,63,64,71,90,91" machi="17" ten="30,3900,0" yaku="1,1,7,1,54,1,53,0" doraHai="37" doraHaiUra="28" who="1" fromWho="0" sc="250,-39,240,49,250,0,250,0" /><INIT seed="1,0,0,2,3,118" ten="211,289,250,250" oya="1" hai0="76,62,114,74,35,28,6,56,23,32,134,68,18" hai1="119,105,36,51,1,52,102,86,50,47,88,125,10" hai2="3,95,41,19,132,111,99,104,14,48,80,54,30" hai3="12,8,85,123,89,98,135,69,55,116,65,113,78"/><U120/><E119/><V33/><F111/><W79/><G113/><T24/><D114/><U0/><E36/><V4/><F104/><W44/><G116/><T26/><D68/><U59/><E125/><V81/><F41/><W133/><G98/><T93/><D134/><N who="3" m="51209" /><G65/><T128/><D128/><U31/><E31/><V22/><F132/><W29/><G69/><T71/><D71/><U34/><E34/><V46/><F3/><W45/><G29/><T61/><D6/><U91/><E102/><V2/><F2/><W122/><G78/><T110/><D110/><U117/><E105/><V13/><F33/><W49/><G79/><T100/><D35/><U96/><E117/><V101/><F30/><W53/><G45/><T127/><D127/><U5/><E0/><V7/><F7/><N who="3" m="3103" /><G55/><T40/><D40/><U73/><E73/><V106/><F106/><W43/><G43/><T37/><D37/><U97/><E91/><V17/><REACH who="2" step="1"/><F4/><REACH who="2" ten="211,289,240,250" step="2"/><W92/><AGARI ba="0,1" hai="44,49,53,85,89,92,122,123" m="3103,51209" machi="92" ten="30,4000,0" yaku="20,1,52,2" doraHai="118" who="3" fromWho="3" sc="211,-10,289,-20,240,-10,250,50" /><INIT seed="2,0,0,1,1,107" ten="201,269,230,300" oya="2" hai0="86,2,77,35,61,101,95,57,29,19,44,68,42" hai1="121,65,102,98,60,36,46,109,87,11,51,116,58" hai2="63,33,119,134,126,108,56,12,28,66,23,53,80" hai3="13,79,26,84,70,38,3,15,85,10,16,39,1"/><V88/><F119/><W24/><G70/><T90/><D2/><U114/><E116/><V8/><F134/><W124/><G79/><T128/><D128/><U75/><E114/><V118/><F118/><W5/><G124/><T112/><D112/><U14/><E109/><V83/><F126/><W71/><G71/><T93/><D68/><U122/><E36/><V127/><F33/><W49/><G49/><T78/><D19/><U52/><E87/><N who="2" m="50279" /><F108/><W99/><G99/><T22/><D35/><U9/><E75/><V20/><F83/><W96/><G96/><T45/><D101/><U104/><REACH who="1" step="1"/><E14/><REACH who="1" ten="201,259,230,300" step="2"/><V89/><F127/><W110/><G110/><T54/><D86/><U43/><E43/><V72/><F72/><W91/><G84/><T120/><D42/><U135/><E135/><V7/><F89/><W94/><G38/><T123/><D90/><U106/><E106/><V103/><F103/><W81/><G39/><T50/><D78/><U31/><E31/><V105/><F105/><W82/><G1/><T21/><D29/><U131/><E131/><V64/><F28/><W92/><G3/><T76/><D76/><U115/><E115/><V132/><F132/><W62/><G81/><T48/><D77/><U34/><E34/><V25/><F25/><N who="3" m="9835" /><G62/><T59/><REACH who="0" step="1"/><D61/><REACH who="0" ten="191,259,230,300" step="2"/><U100/><E100/><V111/><F111/><W37/><G37/><T30/><D30/><U69/><E69/><V125/><F125/><W130/><G130/><T47/><D47/><U133/><E133/><V6/><F63/><W4/><G13/><T18/><D18/><U74/><E74/><RYUUKYOKU ba="0,2" sc="191,10,259,10,230,-30,300,10" hai0="21,22,44,45,48,50,54,57,59,93,95,120,123" hai1="9,11,46,51,52,58,60,65,98,102,104,121,122" hai3="4,5,10,15,16,82,85,91,92,94" /><INIT seed="3,1,2,0,1,36" ten="201,269,200,310" oya="3" hai0="87,64,109,122,128,46,10,74,11,90,5,119,48" hai1="86,32,4,45,127,105,22,31,121,130,55,19,131" hai2="94,68,27,110,17,85,111,13,40,60,106,113,125" hai3="35,2,41,43,20,135,123,50,14,93,88,33,34"/><W82/><G123/><T3/><D122/><U65/><E121/><V18/><F106/><W98/><G2/><T69/><D119/><U133/><E105/><V77/><F113/><W104/><G135/><T28/><D74/><U114/><E65/><N who="2" m="40999" /><F27/><W9/><G104/><T0/><D109/><N who="2" m="41482" /><F40/><W134/><G134/><T116/><D116/><U51/><E133/><V1/><F1/><W37/><G37/><T21/><D128/><U57/><E114/><V84/><F125/><W54/><G20/><T92/><D64/><U107/><E107/><V132/><F132/><W78/><G78/><T126/><D126/><U97/><E22/><N who="2" m="11567" /><F77/><W12/><G82/><T75/><D69/><U79/><E79/><V61/><F18/><W108/><G108/><T63/><D63/><U83/><E127/><V7/><F7/><W89/><G89/><T49/><D75/><U120/><E4/><V15/><F15/><W72/><G72/><T102/><D3/><U8/><E120/><V118/><F118/><W81/><G81/><T25/><D102/><U42/><E131/><V80/><F80/><W101/><G101/><T99/><D5/><U29/><E32/><V53/><F94/><W38/><G38/><T112/><D0/><U52/><E130/><V66/><F53/><N who="1" m="20553" /><E57/><AGARI ba="1,2" hai="57,61,66,84,85" m="11567,41482,40999" machi="57" ten="30,1000,0" yaku="14,1" doraHai="36" who="2" fromWho="1" sc="201,0,269,-13,200,33,310,0" /><INIT seed="4,0,0,4,5,72" ten="201,256,233,310" oya="0" hai0="52,14,66,89,5,49,115,45,51,58,53,68,120" hai1="101,36,57,24,75,135,112,39,34,90,7,106,91" hai2="3,55,103,31,105,100,61,129,69,78,121,43,118" hai3="88,6,65,80,38,37,26,15,60,81,86,67,117"/><T48/><D120/><U102/><E75/><V0/><F121/><W59/><G117/><T133/><D115/><U128/><E57/><V54/><F43/><W126/><G126/><T20/><D133/><U79/><E7/><V22/><F69/><W46/><G65/><T111/><D111/><U132/><E24/><V25/><F129/><W33/><G46/><T119/><D119/><U110/><E34/><V104/><F78/><W18/><G6/><T114/><D114/><U32/><E32/><V8/><F8/><W77/><G26/><T9/><D68/><U71/><E71/><V85/><F85/><W134/><G33/><T62/><D66/><U113/><E106/><V44/><F61/><W56/><G56/><T30/><D30/><U64/><E64/><V2/><F44/><W63/><G63/><T4/><D4/><U94/><E94/><V41/><F41/><W10/><REACH who="3" step="1"/><G134/><REACH who="3" ten="201,256,233,300" step="2"/><T130/><D130/><U74/><E128/><V122/><F118/><W99/><G99/><T40/><D40/><U47/><E47/><V13/><F13/><W11/><G11/><T17/><REACH who="0" step="1"/><D89/><REACH who="0" ten="191,256,233,300" step="2"/><U19/><E135/><V96/><F122/><W108/><G108/><T50/><D50/><U76/><E132/><V73/><F31/><W109/><G109/><T123/><D123/><U97/><E110/><V93/><F0/><AGARI ba="0,2" hai="0,5,9,14,17,20,45,48,49,51,52,53,58,62" machi="0" ten="30,5800,0" yaku="1,1,7,1,54,1,53,0" doraHai="72" doraHaiUra="107" who="0" fromWho="2" sc="191,78,256,0,233,-58,300,0" /><INIT seed="4,1,0,4,0,81" ten="269,256,175,300" oya="0" hai0="47,21,25,113,121,115,7,69,62,127,86,54,23" hai1="92,52,107,74,108,28,116,100,55,77,124,50,41" hai2="65,97,71,37,18,9,78,1,129,31,119,20,61" hai3="109,10,38,8,58,82,118,40,19,60,95,126,32"/><T39/><D121/><U130/><E108/><V11/><F129/><W135/><G32/><T15/><D127/><U89/><E116/><V104/><F37/><W29/><G29/><T133/><D133/><U90/><E124/><V96/><F119/><W75/><G109/><T26/><D39/><U13/><E130/><V22/><F96/><W33/><G33/><T49/><D69/><U125/><E125/><V27/><F78/><W44/><G118/><T120/><D120/><U59/><E28/><V17/><F1/><W45/><G45/><T114/><D62/><U12/><E41/><V131/><F131/><W102/><G19/><T122/><D122/><U35/><E35/><V99/><F99/><W98/><G135/><T132/><D132/><U63/><E107/><V93/><F104/><W87/><G75/><T66/><D66/><U80/><E100/><V43/><F43/><W51/><G38/><T117/><D117/><U110/><E90/><V68/><F71/><W123/><G123/><T112/><D112/><U67/><E55/><V103/><REACH who="2" step="1"/><F31/><REACH who="2" ten="269,256,165,300" step="2"/><W106/><G106/><T14/><D115/><U70/><E110/><V36/><F36/><W111/><G111/><T83/><D114/><U6/><E6/><V53/><F53/><N who="3" m="33871" /><G126/><T0/><D113/><U76/><E76/><AGARI ba="1,1" hai="8,10,40,44,51,76,82,87,95,98,102" m="33871" machi="76" ten="30,2000,0" yaku="8,1,52,1" doraHai="81" who="3" fromWho="1" sc="269,0,256,-23,165,0,300,33" /><INIT seed="5,0,0,1,1,63" ten="269,233,165,333" oya="1" hai0="75,40,43,67,11,133,128,104,116,129,103,70,12" hai1="69,33,55,101,20,89,123,87,97,134,112,18,77" hai2="30,84,100,61,72,19,110,3,44,51,108,25,118" hai3="34,107,71,37,113,59,14,94,85,66,26,122,54"/><U16/><E123/><V4/><F72/><W49/><G107/><T81/><D116/><U36/><E33/><V53/><F118/><W102/><G113/><T127/><D133/><U83/><E112/><V22/><F100/><W98/><G37/><T15/><D127/><U73/><E134/><V10/><F84/><W88/><G122/><T1/><D1/><U115/><E115/><V126/><F126/><W135/><G135/><T99/><D15/><U86/><E36/><V96/><F96/><W109/><G109/><T38/><D81/><U91/><E69/><V17/><F17/><W8/><G71/><T125/><D75/><U74/><E55/><V106/><F106/><W92/><G34/><T120/><D120/><U62/><E62/><V24/><REACH who="2" step="1"/><F61/><REACH who="2" ten="269,233,155,333" step="2"/><W32/><G85/><T132/><D125/><U64/><E18/><V41/><F41/><W23/><G98/><T56/><D132/><U117/><E117/><V65/><F65/><W95/><G66/><T131/><D38/><U130/><E64/><V13/><F13/><W42/><G42/><T121/><D121/><U9/><E74/><V68/><F68/><W27/><G102/><T124/><D124/><U35/><E101/><V78/><F78/><W6/><G26/><T47/><D70/><U80/><E73/><V82/><F82/><W7/><G7/><N who="0" m="3199" /><D43/><U5/><E80/><V60/><F60/><W76/><G76/><T50/><D67/><U111/><E83/><V105/><F105/><W48/><G14/><T0/><D0/><U93/><E77/><V39/><F39/><W119/><G119/><RYUUKYOKU ba="0,1" sc="269,15,233,-15,155,15,333,-15" hai0="40,47,50,56,99,103,104,128,129,131" hai2="3,4,10,19,22,24,25,30,44,51,53,108,110" /><INIT seed="6,1,1,4,1,73" ten="284,218,170,318" oya="2" hai0="28,95,42,41,83,77,103,118,15,44,124,120,65" hai1="117,22,53,110,7,66,23,116,43,74,107,131,101" hai2="6,98,78,10,48,99,32,90,108,82,14,93,106" hai3="29,86,16,17,26,102,4,80,134,109,132,125,67"/><V5/><F108/><W0/><G125/><T92/><D120/><U25/><E110/><V57/><F32/><N who="3" m="20535" /><G109/><T126/><D118/><U87/><E131/><V3/><F3/><W133/><G102/><T59/><D28/><U51/><E74/><V2/><F2/><W18/><G67/><T52/><D15/><U11/><E66/><V58/><F6/><W128/><G128/><T114/><D65/><U60/><E60/><V104/><F99/><W38/><G38/><T100/><D114/><U12/><E43/><V122/><F122/><W69/><G69/><T50/><D100/><U61/><E61/><V111/><F111/><W36/><G36/><T96/><D92/><U24/><E101/><V49/><F106/><W75/><G75/><T19/><D19/><U39/><E39/><V40/><F104/><W89/><G18/><T84/><REACH who="0" step="1"/><D41/><REACH who="0" ten="274,218,170,318" step="2"/><U21/><E107/><V119/><F119/><W63/><G17/><T70/><D70/><U79/><E117/><V91/><F91/><W121/><G16/><T54/><D54/><U13/><E13/><V55/><F40/><W56/><G121/><T20/><D20/><U68/><E68/><V85/><REACH who="2" step="1"/><F57/><REACH who="2" ten="274,218,160,318" step="2"/><W9/><G56/><T46/><D46/><N who="1" m="27895" /><E116/><V130/><F130/><W27/><G0/><T1/><D1/><U135/><E25/><V129/><F129/><W97/><G132/><T35/><D35/><U115/><E135/><V81/><F81/><W105/><G133/><T94/><D94/><U123/><E123/><V62/><AGARI ba="1,3" hai="5,10,14,48,49,55,58,62,78,82,85,90,93,98" machi="62" ten="20,12000,1" yaku="1,1,0,1,7,1,8,1,52,1,53,0" doraHai="73" doraHaiUra="112" who="2" fromWho="2" sc="274,-41,218,-41,160,153,318,-41" /><INIT seed="6,2,0,1,2,121" ten="233,177,313,277" oya="2" hai0="41,39,28,14,9,32,48,132,17,73,90,16,119" hai1="116,81,95,76,97,125,23,66,49,58,52,1,12" hai2="69,108,126,55,80,117,37,42,92,5,10,33,29" hai3="63,27,13,133,115,54,19,82,31,67,134,104,75"/><V107/><F55/><W34/><G115/><T105/><D105/><U45/><E116/><V47/><F92/><W129/><G104/><T131/><D119/><U22/><E1/><N who="2" m="303" /><F117/><W103/><G103/><T4/><D39/><U79/><E125/><V77/><F107/><W44/><G129/><T43/><D73/><U65/><E79/><V123/><F69/><W111/><G82/><T11/><D131/><U120/><E120/><V59/><F59/><N who="3" m="37375" /><G75/><T110/><D132/><N who="3" m="50793" /><G44/><T135/><D135/><U56/><E66/><V127/><F123/><W112/><G112/><T35/><D48/><U124/><E124/><N who="2" m="47659" /><F29/><W68/><G54/><T128/><D28/><U30/><E65/><V8/><F8/><N who="3" m="6567" /><G68/><T83/><D128/><U57/><E30/><V25/><F25/><W60/><G60/><T109/><D83/><U6/><E81/><V26/><F26/><W84/><G84/><T118/><D118/><U53/><E53/><V94/><F94/><W98/><G98/><T64/><D64/><U86/><E86/><N who="2" m="48399" /><F33/><W24/><G24/><T21/><D21/><U50/><E76/><V101/><F101/><W87/><G87/><T91/><D14/><U114/><E114/><V93/><F93/><W0/><G0/><T7/><AGARI ba="2,0" hai="4,7,9,11,16,17,32,35,41,43,90,91,109,110" machi="7" ten="25,12000,2" yaku="0,1,22,2,52,2,54,1" doraHai="121" who="0" fromWho="0" sc="233,126,177,-32,313,-62,277,-32" /><INIT seed="7,0,0,2,3,80" ten="359,145,251,245" oya="3" hai0="39,96,20,126,54,78,75,101,61,64,69,23,17" hai1="134,5,76,36,42,66,128,0,16,26,120,109,114" hai2="74,72,82,2,135,27,122,50,90,65,86,38,37" hai3="91,35,68,81,77,131,9,21,7,127,95,28,52"/><W22/><G127/><T112/><D126/><U6/><E120/><V14/><F2/><W56/><G68/><T31/><D39/><U46/><E109/><V45/><F65/><W19/><G131/><T63/><D112/><U34/><E128/><V125/><F125/><W49/><G35/><T51/><D63/><U133/><E114/><V104/><F104/><W129/><G129/><T110/><D110/><U11/><E66/><V47/><F27/><W70/><G70/><T59/><D78/><U58/><E58/><V121/><F14/><N who="3" m="5439" /><G28/><T13/><D75/><N who="2" m="28714" /><F45/><W89/><G19/><T40/><D40/><U48/><E6/><V113/><F113/><W25/><G25/><T73/><D73/><U107/><E107/><V12/><F12/><W119/><G77/><T57/><D31/><U105/><E105/><V124/><F124/><W88/><G119/><T106/><D69/><U24/><E36/><V93/><F135/><W33/><G33/><T84/><D84/><U41/><E41/><V3/><F3/><W1/><G1/><T44/><D44/><U30/><REACH who="1" step="1"/><E76/><REACH who="1" ten="359,135,251,245" step="2"/><N who="2" m="46407" /><F38/><W100/><G81/><T102/><D106/><U60/><E60/><V83/><F83/><W18/><G18/><T116/><D17/><U85/><E85/><N who="2" m="52431" /><F37/><W115/><G115/><T29/><D64/><U55/><E55/><V15/><F122/><W94/><G52/><T87/><D54/><U8/><E8/><V43/><F121/><W98/><G56/><T97/><D59/><U123/><E123/><V117/><F43/><W32/><G49/><T92/><D51/><U132/><E132/><RYUUKYOKU ba="0,1" sc="359,-10,135,30,251,-10,245,-10" hai1="0,5,11,16,24,26,30,34,42,46,48,133,134" owari="359,45.0,165,-33.0,241,4.0,235,-16.0" /></mjloggm>