<mjloggm ver="2.3"><GO type="169" lobby="0"/><UN n0="%E5%AB%8C%E3%81%84%E3%81%98%E3%82%83%E3%81%AA%E3%81%84%E3%82%8F%EF%BC%81" n1="%E5%B0%8F%E6%B1%A0%E7%BE%8E%E6%B3%A2%E2%8A%BF" n2="%E5%A4%AA%E3%81%8F%E3%81%AA%E3%81%84%E3%81%8A" n3="%E3%83%89%E3%83%A9%E6%AC%A1%E9%83%8E" dan="18,16,20,17" rate="2202.06,2107.40,2233.73,2168.01" sx="M,F,M,M"/><TAIKYOKU oya="0"/><INIT seed="0,0,0,5,2,40" ten="250,250,250,250" oya="0" hai0="83,104,89,127,61,85,44,45,84,5,65,18,69" hai1="117,121,119,42,8,113,98,41,68,91,9,1,27" hai2="57,122,87,58,105,28,102,38,62,2,118,132,30" hai3="32,36,126,95,39,130,43,19,25,56,77,120,135"/><T59/><D127/><U16/><E68/><V125/><F122/><W26/><G126/><T114/><D114/><U109/><E121/><V97/><F125/><W46/><G120/><T101/><D5/><U20/><E109/><V17/><F2/><W54/><G135/><T82/><D69/><U33/><E113/><V99/><F38/><W71/><G71/><T131/><D131/><U0/><E33/><V29/><F132/><W110/><G110/><T60/><D60/><U115/><E115/><V6/><F6/><W124/><G124/><T81/><D104/><U107/><E91/><V129/><F129/><W11/><G130/><T134/><D101/><U100/><E1/><V66/><F118/><W35/><G39/><T123/><D134/><U23/><E0/><V13/><F87/><W49/><G77/><T48/><D48/><U96/><E27/><V50/><F105/><W4/><G95/><T12/><D123/><U14/><E107/><V86/><F102/><W78/><G78/><N who="0" m="46135" /><D82/><U92/><E100/><V10/><F86/><W74/><G74/><T79/><D79/><U76/><E76/><V47/><REACH who="2" step="1"/><F58/><REACH who="2" ten="250,250,240,250" step="2"/><W67/><G36/><T94/><D83/><U55/><E119/><V63/><F63/><W72/><G56/><T15/><D15/><U22/><E14/><V3/><F3/><W52/><G72/><T31/><D31/><U93/><E117/><V21/><F21/><AGARI ba="0,1" hai="12,18,21,44,45,59,61,65,85,89,94" m="46135" machi="21" ten="30,5800,0" yaku="8,1,52,2" doraHai="40" who="0" fromWho="2" sc="250,68,250,0,240,-58,250,0" /><INIT seed="0,1,0,2,1,34" ten="318,250,182,250" oya="0" hai0="92,72,12,127,58,78,118,0,66,70,120,76,57" hai1="134,115,88,52,15,56,74,103,91,44,50,65,86" hai2="67,116,9,126,77,96,102,63,108,5,132,107,4" hai3="43,109,29,20,47,84,54,89,55,110,2,21,105"/><T133/><D118/><U19/><E74/><V36/><F36/><W24/><G105/><T26/><D120/><U128/><E128/><V61/><F116/><W6/><G6/><T13/><D127/><U95/><E134/><V62/><F132/><W17/><G2/><T32/><D133/><U35/><E35/><V27/><F126/><W113/><G113/><T114/><D114/><U73/><E73/><V80/><F108/><N who="3" m="41579" /><G84/><T30/><D70/><U111/><E111/><V23/><F67/><W25/><G89/><T124/><D66/><U60/><E115/><V53/><F53/><W42/><G42/><T46/><D46/><U98/><REACH who="1" step="1"/><E86/><REACH who="1" ten="318,240,182,250" step="2"/><V123/><F123/><W85/><G85/><T28/><D72/><U119/><E119/><V130/><F130/><W38/><AGARI ba="1,1" hai="17,20,21,24,25,29,38,43,47,54,55" m="41579" machi="38" ten="30,1100,0" yaku="14,1" doraHai="34" who="3" fromWho="3" sc="318,-6,240,-4,182,-4,250,24" /><INIT seed="1,0,0,5,3,64" ten="312,236,178,274" oya="1" hai0="22,93,34,52,0,79,85,88,80,61,83,86,44" hai1="117,68,35,62,112,11,20,124,33,130,45,53,17" hai2="84,82,100,8,28,77,134,104,26,102,99,94,69" hai3="43,14,132,48,127,37,46,13,114,59,47,57,110"/><U30/><E112/><V10/><F134/><W75/><G114/><T24/><D0/><U70/><E117/><V66/><F102/><W71/><G132/><T81/><D34/><U58/><E130/><V119/><F119/><W39/><G75/><T78/><D78/><U135/><E135/><V2/><F2/><W63/><G14/><T106/><D106/><U109/><E109/><V29/><F94/><W5/><G5/><T97/><D85/><U131/><E131/><V21/><REACH who="2" step="1"/><F29/><REACH who="2" ten="312,236,168,274" step="2"/><W126/><G110/><T111/><D111/><U123/><E30/><V38/><F38/><W41/><G13/><T36/><D36/><U72/><E123/><V49/><F49/><W15/><G15/><T18/><D61/><AGARI ba="0,1" hai="8,10,21,26,28,61,66,69,77,82,84,99,100,104" machi="61" ten="40,2600,0" yaku="1,1,52,1,53,0" doraHai="64" doraHaiUra="1" who="2" fromWho="0" sc="312,-26,236,0,168,36,274,0" /><INIT seed="2,0,0,1,3,125" ten="286,236,204,274" oya="2" hai0="19,128,72,113,38,63,95,96,42,122,4,17,26" hai1="7,129,32,106,134,98,118,82,3,57,111,71,84" hai2="30,53,105,1,21,66,33,135,88,41,90,78,80" hai3="61,49,100,14,25,44,117,0,75,104,114,94,121"/><V64/><F1/><W126/><G121/><T91/><D122/><U36/><RYUUKYOKU type="yao9" ba="0,0" sc="286,0,236,0,204,0,274,0" hai1="3,7,32,36,57,71,82,84,98,106,111,118,129,134" /><INIT seed="2,1,0,0,0,103" ten="286,236,204,274" oya="2" hai0="18,20,6,87,60,132,38,48,76,46,97,52,22" hai1="81,43,108,117,4,73,101,56,102,74,39,92,90" hai2="63,109,115,34,113,122,45,79,69,12,67,99,83" hai3="16,78,0,40,98,42,11,57,133,28,135,30,66"/><V104/><F122/><W33/><G78/><T134/><D6/><U85/><E4/><V75/><F12/><N who="3" m="7199" /><G0/><T24/><D97/><N who="1" m="57495" /><E56/><V14/><F14/><W32/><G33/><T59/><D38/><U17/><E17/><V37/><F109/><W55/><G66/><T116/><D116/><U119/><E43/><N who="3" m="16426" /><G32/><T124/><D124/><U35/><E39/><V95/><F37/><W25/><G25/><T53/><D76/><N who="1" m="46247" /><E35/><V120/><F120/><W29/><G135/><T5/><D87/><U10/><E10/><V21/><F21/><W61/><G133/><T7/><D134/><U19/><E19/><V88/><F45/><W130/><G130/><T110/><D132/><U13/><E13/><V2/><F2/><W91/><G98/><T129/><D129/><U68/><E68/><V72/><F72/><N who="1" m="27753" /><E108/><V58/><F69/><W41/><G41/><T47/><D110/><U27/><E27/><V107/><REACH who="2" step="1"/><F34/><REACH who="2" ten="286,236,194,274" step="2"/><W26/><G26/><N who="0" m="14615" /><D46/><U23/><E23/><V121/><F121/><W9/><G9/><T105/><D22/><U100/><AGARI ba="1,1" hai="100,101,102,117,119" m="27753,46247,57495" machi="100" ten="30,2000,0" yaku="34,2" doraHai="103" who="1" fromWho="1" sc="286,-6,236,33,194,-11,274,-6" /><INIT seed="3,0,0,3,5,39" ten="280,269,183,268" oya="3" hai0="33,134,12,123,65,91,21,117,112,121,72,82,52" hai1="17,97,85,122,28,66,38,88,119,126,57,14,96" hai2="16,47,11,76,34,51,1,50,100,32,29,79,69" hai3="54,108,90,31,93,84,83,92,13,127,5,116,113"/><W43/><G116/><T63/><D117/><U74/><E122/><V8/><F69/><W53/><G113/><T132/><D33/><U81/><E74/><V78/><F100/><W45/><G127/><T41/><D112/><U114/><E114/><V102/><F102/><W110/><G31/><T124/><D124/><U23/><E126/><V103/><F103/><W49/><G5/><T24/><D12/><U68/><E68/><V118/><F118/><W42/><G13/><T59/><D65/><U18/><E28/><V10/><F29/><W75/><G75/><T48/><D63/><N who="1" m="38255" /><E38/><V46/><F1/><W105/><G105/><T70/><D70/><U77/><E119/><V44/><REACH who="2" step="1"/><F16/><REACH who="2" ten="280,269,173,268" step="2"/><W71/><G71/><T111/><D123/><U25/><E18/><V27/><F27/><W6/><G6/><T107/><D121/><U129/><E25/><V3/><F3/><W133/><G133/><T9/><D24/><U2/><E2/><V62/><F62/><W86/><G110/><T55/><D132/><U125/><E125/><V101/><F101/><W58/><G108/><T61/><D134/><U0/><E0/><V35/><AGARI ba="0,1" hai="8,10,11,32,34,35,44,46,47,50,51,76,78,79" machi="35" ten="50,32000,5" yakuman="40" doraHai="39" doraHaiUra="80" who="2" fromWho="2" sc="280,-80,269,-80,173,330,268,-160" /><INIT seed="4,0,0,4,4,89" ten="200,189,503,108" oya="0" hai0="24,15,114,115,133,2,68,31,106,104,101,45,18" hai1="56,100,116,67,61,112,9,69,17,3,30,110,99" hai2="117,111,44,53,118,74,70,55,25,39,96,64,42" hai3="105,65,122,35,97,124,32,46,48,54,8,13,123"/><T78/><D68/><U10/><E116/><N who="2" m="44651" /><F74/><W51/><G124/><T76/><D133/><U88/><E110/><V19/><F111/><W58/><G65/><T119/><D119/><U21/><E30/><V27/><F96/><W125/><G125/><T86/><D2/><U126/><E126/><V43/><F43/><W1/><G1/><T132/><D132/><U11/><E112/><N who="0" m="43049" /><D45/><U26/><E69/><V98/><F98/><W28/><G105/><N who="0" m="40555" /><D101/><U102/><E3/><V131/><F131/><W127/><G127/><T60/><D60/><U23/><E23/><N who="2" m="13567" /><F27/><W0/><G0/><T12/><D86/><U34/><E34/><V6/><F6/><W129/><G129/><T16/><D12/><U103/><E103/><V120/><F120/><N who="3" m="46123" /><G97/><T50/><D50/><U94/><AGARI ba="0,0" hai="9,10,11,17,21,26,56,61,67,88,94,99,100,102" machi="94" ten="30,7900,0" yaku="0,1,8,1,52,1,54,1" doraHai="89" who="1" fromWho="1" sc="200,-39,189,79,503,-20,108,-20" /><INIT seed="5,0,0,5,0,39" ten="161,268,483,88" oya="1" hai0="24,90,0,88,40,44,112,134,106,124,48,6,89" hai1="125,20,129,11,65,117,22,122,114,74,71,105,98" hai2="130,66,96,46,102,78,10,14,38,115,70,31,103" hai3="30,76,119,9,79,12,59,27,128,17,67,116,47"/><U54/><E117/><N who="3" m="45130" /><G128/><T4/><D112/><U49/><E122/><V68/><F78/><N who="3" m="29739" /><G47/><T18/><D106/><U3/><E74/><V25/><F130/><W21/><G59/><T99/><D124/><U84/><E84/><V100/><F96/><W104/><G67/><T109/><D109/><U97/><E114/><V15/><F15/><W63/><G63/><T110/><D110/><U75/><E75/><V50/><F38/><W26/><G26/><T133/><D99/><U29/><E97/><V7/><F66/><W5/><G104/><T77/><D77/><U85/><E11/><V56/><F56/><W69/><G69/><T64/><D64/><U34/><E71/><V61/><F61/><W121/><G121/><T86/><D0/><U131/><E3/><V93/><F115/><W8/><G8/><T62/><D62/><U123/><E123/><V83/><F25/><W118/><N who="3" m="45138" /><W33/><DORA hai="35" /><G33/><T87/><D24/><U91/><E34/><V2/><F10/><W45/><G45/><T1/><D1/><U43/><E22/><V80/><F46/><W113/><G113/><T23/><D23/><U108/><E20/><V58/><F2/><W107/><G107/><T111/><D111/><U126/><E105/><V94/><F68/><W82/><G82/><T101/><D18/><AGARI ba="0,0" hai="5,9,12,17,18,21,27,30" m="29739,45138" machi="18" ten="40,1300,0" yaku="12,1" doraHai="39,35" who="3" fromWho="0" sc="161,-13,268,0,483,0,88,13" /><INIT seed="6,0,0,1,4,77" ten="148,268,483,101" oya="2" hai0="8,61,107,41,11,37,80,68,66,83,10,67,131" hai1="101,5,132,93,58,113,87,42,128,64,78,45,28" hai2="81,122,0,102,53,47,63,129,2,65,1,3,12" hai3="82,96,120,21,110,25,118,20,69,18,22,17,84"/><V19/><F122/><W40/><G110/><T134/><D107/><U57/><E113/><V92/><F129/><W75/><G118/><T46/><D131/><U74/><E128/><V24/><F24/><W100/><G120/><T112/><D112/><U56/><E74/><V73/><F1/><W15/><G75/><T29/><D134/><U111/><E111/><V7/><F7/><W13/><G69/><T49/><D66/><U72/><E72/><V125/><F125/><W89/><G40/><T115/><D115/><U121/><E132/><V6/><F6/><W127/><G127/><T99/><D99/><U105/><E105/><V97/><F53/><W135/><G135/><T16/><D29/><U106/><E106/><V62/><F47/><W30/><G96/><T103/><D103/><AGARI ba="0,0" hai="13,15,17,18,20,21,22,25,30,82,84,89,100,103" machi="103" ten="40,5200,0" yaku="9,1,8,1,52,1" doraHai="77" who="3" fromWho="0" sc="148,-52,268,0,483,0,101,52" /><INIT seed="7,0,0,3,0,120" ten="96,268,483,153" oya="3" hai0="81,89,105,16,55,66,116,35,121,110,126,95,79" hai1="32,25,10,87,46,114,37,76,118,131,5,22,90" hai2="127,80,96,36,77,48,2,130,26,111,91,69,41" hai3="49,38,52,20,31,14,62,73,112,113,21,78,109"/><W50/><G38/><T63/><D116/><U106/><E106/><V57/><F69/><W44/><G78/><T129/><D121/><U135/><E32/><V27/><F2/><W125/><G73/><T133/><D126/><U98/><E114/><N who="3" m="44138" /><G125/><T83/><D129/><U75/><E135/><V33/><F127/><W102/><G102/><T56/><D35/><U34/><E34/><V64/><F130/><W19/><G109/><T99/><D133/><U117/><E98/><V82/><F111/><W28/><G62/><T97/><D110/><U40/><E131/><V108/><F108/><W53/><G21/><T85/><D83/><U51/><E37/><V134/><F134/><W100/><G100/><T23/><D105/><U93/><E76/><V74/><F77/><W1/><G1/><T72/><REACH who="0" step="1"/><D66/><REACH who="0" ten="86,268,483,153" step="2"/><U29/><E117/><V60/><F36/><W107/><G107/><T92/><D92/><U122/><E93/><V84/><F60/><W115/><G115/><T54/><D54/><U94/><E94/><V13/><F74/><W61/><G53/><T47/><D47/><U4/><E75/><V101/><F33/><W17/><G52/><T43/><D43/><U42/><E42/><V45/><F41/><W71/><G44/><T67/><D67/><U119/><E122/><V0/><F0/><W12/><G49/><T128/><D128/><U6/><E119/><V103/><F48/><W15/><G50/><T70/><D70/><U11/><E118/><V7/><F45/><W3/><G71/><T59/><D59/><U88/><E46/><V124/><F124/><RYUUKYOKU ba="0,1" sc="86,30,268,-10,483,-10,153,-10" hai0="16,23,55,56,63,72,79,81,85,89,95,97,99" owari="116,-38.0,258,6.0,483,58.0,143,-26.0" /></mjloggm>