<mjloggm ver="2.3"><GO type="169" lobby="0"/><UN n0="%E3%81%8B%E3%81%B6%E8%8C%B6" n1="%E4%BD%BF%E5%BE%92%E2%80%A0%E3%82%84%E3%82%93%E3%81%97%E3%81%97%E3%83%BC" n2="%E3%83%95%E3%83%A9%E3%83%B3%E3%83%84%E5%8D%BF" n3="%E8%88%AC%E5%8D%93%E6%B0%91%E3%81%AE%E6%9C%9D%E3%81%AF%E6%97%A9%E3%81%84" dan="16,16,16,17" rate="2128.02,2070.80,2138.35,2216.63" sx="M,F,M,M"/><TAIKYOKU oya="0"/><INIT seed="0,0,0,2,5,25" ten="250,250,250,250" oya="0" hai0="135,51,104,100,101,97,65,57,58,92,23,80,13" hai1="107,17,49,128,48,30,53,122,64,77,105,60,118" hai2="38,99,50,89,91,78,47,120,124,39,36,132,7" hai3="35,31,74,18,127,86,93,22,123,1,15,40,76"/><T119/><D119/><U84/><E118/><V129/><F120/><W73/><G123/><T4/><D135/><U109/><E122/><V26/><F132/><W110/><G110/><T10/><D104/><U125/><E109/><V103/><F129/><W134/><G134/><T79/><D101/><U27/><E125/><V106/><F124/><W85/><G127/><T71/><D71/><U75/><E75/><V94/><F78/><W33/><G40/><T19/><D65/><U67/><E67/><V21/><F7/><W63/><G35/><T28/><D51/><U98/><E17/><V32/><F32/><W112/><G112/><T133/><D133/><U56/><E98/><V68/><F68/><W82/><G63/><T96/><D96/><U72/><E72/><V54/><REACH who="2" step="1"/><F106/><REACH who="2" ten="250,250,240,250" step="2"/><W5/><G74/><T37/><D37/><U131/><E107/><V29/><AGARI ba="0,1" hai="21,26,29,36,38,39,47,50,54,89,91,94,99,103" machi="29" ten="30,7900,0" yaku="1,1,2,1,0,1,52,1,53,0" doraHai="25" doraHaiUra="34" who="2" fromWho="2" sc="250,-39,250,-20,240,89,250,-20" /><INIT seed="1,0,0,0,3,64" ten="211,230,329,230" oya="1" hai0="74,128,108,87,37,111,24,38,39,126,107,26,33" hai1="82,43,129,19,71,7,57,9,91,104,133,12,40" hai2="14,86,56,90,109,62,92,10,63,35,11,103,6" hai3="60,13,61,30,112,22,120,69,58,102,27,36,127"/><U135/><E129/><V5/><F35/><W42/><G120/><T84/><D128/><U115/><E115/><V4/><F109/><N who="0" m="42058" /><D33/><U132/><E104/><V78/><F103/><W134/><G112/><T123/><D107/><U45/><E57/><V97/><F78/><W52/><G127/><T17/><D17/><U29/><E29/><V121/><F121/><W114/><G114/><T2/><D123/><U15/><E71/><V72/><F72/><W48/><G134/><T130/><D130/><U66/><E66/><V89/><F56/><W70/><G102/><T124/><D2/><U101/><E101/><V73/><F73/><W18/><G36/><T34/><D34/><U16/><E15/><V32/><F32/><W50/><G50/><T41/><D41/><N who="1" m="15947" /><E45/><V131/><F131/><W99/><G99/><T77/><D74/><U51/><E51/><V44/><F44/><W96/><G96/><T20/><D20/><U79/><E91/><V81/><REACH who="2" step="1"/><F5/><REACH who="2" ten="211,230,319,230" step="2"/><W8/><REACH who="3" step="1"/><G42/><REACH who="3" ten="211,230,319,220" step="2"/><T93/><D126/><U1/><E135/><V98/><F98/><W105/><G105/><T47/><D124/><U23/><E133/><V65/><F65/><W119/><G119/><T100/><D100/><U125/><E132/><V67/><F67/><W76/><G76/><T3/><D39/><U110/><E125/><V106/><F106/><W122/><G122/><T94/><D38/><U95/><E110/><V85/><F85/><W117/><G117/><T68/><D37/><U59/><E79/><V31/><F31/><W21/><G21/><T49/><D77/><U53/><E23/><RYUUKYOKU ba="0,2" sc="211,-15,230,-15,319,15,220,15" hai2="4,6,10,11,14,62,63,81,86,89,90,92,97" hai3="8,13,18,22,27,30,48,52,58,60,61,69,70" /><INIT seed="2,1,2,2,4,17" ten="196,215,334,235" oya="2" hai0="55,51,129,92,131,81,50,44,90,94,134,103,70" hai1="72,87,58,5,24,15,47,35,124,62,2,52,39" hai2="59,113,56,27,107,40,83,23,84,135,85,133,114" hai3="12,34,61,37,116,43,123,33,16,112,78,115,105"/><V3/><F3/><W119/><G105/><T101/><D70/><U125/><E72/><V26/><F107/><W46/><G78/><T28/><D134/><N who="2" m="51210" /><F40/><W88/><G61/><T57/><D28/><U6/><E2/><V102/><F102/><N who="0" m="38922" /><D81/><U128/><E128/><N who="0" m="49225" /><D90/><U38/><E87/><N who="2" m="33355" /><F83/><W20/><G88/><T45/><D45/><U48/><E38/><V130/><F130/><W49/><G123/><T14/><D14/><U93/><E39/><V36/><F36/><W73/><G73/><T21/><D21/><U118/><E15/><V10/><F10/><W76/><G37/><T67/><D67/><U8/><E8/><V98/><F98/><W69/><G76/><T80/><D80/><U53/><E93/><V120/><F120/><W25/><G69/><T96/><D96/><U9/><E9/><V41/><F41/><AGARI ba="1,2" hai="41,44,50,51,55,57,92,94" m="49225,38922" machi="41" ten="30,1000,0" yaku="19,1" doraHai="17" who="0" fromWho="2" sc="196,33,215,0,334,-13,235,0" /><INIT seed="3,0,0,0,0,49" ten="229,215,321,235" oya="3" hai0="126,85,134,90,130,93,64,131,41,86,63,36,103" hai1="38,110,122,23,98,29,3,18,2,94,71,14,105" hai2="27,83,78,20,66,67,106,5,135,91,19,111,7" hai3="59,108,25,32,1,89,34,99,44,112,75,76,79"/><W101/><G112/><T100/><D134/><U13/><E122/><V87/><F135/><W96/><G1/><T15/><D126/><U8/><E38/><V31/><F106/><W45/><G108/><T68/><D15/><U62/><E105/><V58/><F111/><W104/><G89/><T42/><D86/><U46/><E46/><V48/><F31/><W132/><G132/><T77/><D77/><U60/><E60/><V12/><F78/><W50/><G25/><T6/><D6/><N who="2" m="2058" /><F27/><W125/><G125/><T128/><REACH who="0" step="1"/><D36/><REACH who="0" ten="219,215,321,235" step="2"/><U69/><E14/><V115/><F115/><W95/><G76/><T92/><D92/><U123/><E2/><V47/><F58/><W37/><G104/><T51/><D51/><U127/><E127/><V35/><F35/><W129/><G37/><T55/><D55/><AGARI ba="0,1" hai="12,19,20,47,48,55,66,67,83,87,91" m="2058" machi="55" ten="30,2000,0" yaku="8,1,52,1" doraHai="49" who="2" fromWho="0" sc="219,-20,215,0,321,30,235,0" /><INIT seed="4,0,0,5,3,51" ten="199,215,351,235" oya="0" hai0="41,124,119,76,104,9,72,20,91,98,38,1,129" hai1="94,49,3,57,69,67,29,133,114,7,52,34,122" hai2="66,107,80,16,30,42,118,88,126,28,115,19,65" hai3="6,121,10,117,83,43,35,27,132,64,120,59,116"/><T60/><D119/><U62/><E122/><N who="3" m="47210" /><G83/><N who="0" m="45447" /><D20/><U92/><E133/><V84/><F115/><W101/><G43/><T68/><D91/><U89/><E114/><V56/><F118/><W77/><G101/><N who="0" m="62519" /><D129/><U61/><E89/><V63/><F107/><W103/><G103/><T78/><D78/><U22/><E22/><V112/><F112/><W75/><G77/><T97/><D97/><U14/><E14/><V23/><F126/><W90/><G90/><T74/><D74/><U135/><E135/><V111/><F111/><W113/><G75/><T134/><D134/><U123/><E123/><V128/><F128/><W53/><G132/><T32/><D32/><U108/><E108/><V46/><F65/><W39/><G113/><T125/><D60/><U48/><E48/><N who="2" m="26711" /><F19/><W4/><G116/><T24/><D68/><U96/><E96/><V109/><F109/><W86/><G117/><T73/><D24/><AGARI ba="0,0" hai="16,23,24,28,30,56,63,66,80,84,88" m="26711" machi="24" ten="30,3900,0" yaku="8,1,54,2" doraHai="51" who="2" fromWho="0" sc="199,-39,215,0,351,39,235,0" /><INIT seed="5,0,0,2,3,103" ten="160,215,390,235" oya="1" hai0="17,71,47,26,125,124,65,12,39,85,18,130,51" hai1="36,0,93,110,30,3,58,76,19,92,121,74,113" hai2="127,75,128,104,123,66,134,118,80,89,116,37,13" hai3="14,94,91,131,67,63,73,88,42,28,82,53,41"/><U33/><E121/><V112/><RYUUKYOKU type="yao9" ba="0,0" sc="160,0,215,0,390,0,235,0" hai2="13,37,66,75,80,89,104,112,116,118,123,127,128,134" /><INIT seed="5,1,0,1,0,33" ten="160,215,390,235" oya="1" hai0="29,64,23,49,28,3,52,130,31,132,45,43,35" hai1="1,4,80,57,30,27,99,86,39,101,87,134,8" hai2="115,62,56,90,112,85,124,48,11,93,40,32,19" hai3="88,67,26,94,82,104,105,89,6,120,60,106,91"/><U123/><E123/><V108/><F108/><W58/><G120/><T18/><D35/><U47/><E134/><V50/><F32/><W15/><G26/><T46/><D132/><U10/><E57/><V113/><F124/><W34/><G34/><T117/><D117/><U65/><E65/><V129/><F129/><W109/><G109/><T111/><D111/><U128/><E128/><V12/><REACH who="2" step="1"/><F40/><REACH who="2" ten="160,215,380,235" step="2"/><W92/><G82/><T69/><D130/><U131/><E131/><V114/><N who="2" m="29184" /><DORA hai="71" /><V97/><F97/><W54/><G67/><AGARI ba="1,1" hai="11,12,19,48,50,56,62,67,85,90,93" m="29184" machi="67" ten="70,8000,1" yaku="1,1,15,1,11,1,53,1" doraHai="33,71" doraHaiUra="53,73" who="2" fromWho="3" sc="160,0,215,0,380,93,235,-83" /><INIT seed="6,0,0,0,1,106" ten="160,215,473,152" oya="2" hai0="38,66,39,65,77,9,109,2,130,64,13,6,33" hai1="24,103,132,93,46,95,81,59,0,1,120,68,97" hai2="4,70,16,88,131,96,107,21,113,35,40,100,83" hai3="62,22,19,69,27,122,7,73,118,90,91,50,82"/><V108/><F70/><W105/><G118/><T48/><D109/><U42/><E68/><V128/><F108/><W67/><G122/><T114/><D33/><U41/><E41/><V31/><F113/><W92/><G105/><T61/><D114/><U60/><E132/><V72/><F4/><W71/><G71/><T75/><D61/><U111/><E111/><V94/><F40/><W10/><G50/><T45/><D130/><N who="2" m="49706" /><F31/><W102/><G102/><T99/><D99/><U58/><E58/><V85/><F35/><W44/><G44/><T14/><D39/><U80/><E24/><N who="2" m="14375" /><F72/><W3/><REACH who="3" step="1"/><G92/><AGARI ba="0,0" hai="83,85,88,92,94,96,100,107" m="14375,49706" machi="92" ten="30,5800,0" yaku="19,1,54,2" doraHai="106" who="2" fromWho="3" sc="160,0,215,0,473,58,152,-58" /><INIT seed="6,1,0,4,1,74" ten="160,215,531,94" oya="2" hai0="51,65,21,3,70,14,130,61,94,111,71,124,34" hai1="41,13,50,69,26,19,12,9,10,81,112,98,115" hai2="102,25,132,75,46,29,36,15,125,90,39,45,7" hai3="82,80,88,52,24,123,27,32,89,0,129,31,11"/><V119/><F119/><W105/><G123/><T87/><D111/><U35/><E69/><V4/><F102/><W2/><G105/><T56/><D3/><U95/><E81/><V23/><F132/><W68/><G68/><T114/><D34/><U116/><E116/><V79/><F125/><W121/><G121/><T73/><D73/><U60/><E60/><V67/><F67/><W16/><G129/><T57/><D130/><U54/><E41/><V91/><F75/><W135/><G135/><T43/><D114/><U38/><E38/><V101/><F101/><W117/><G117/><T106/><D106/><U40/><E40/><V103/><F103/><W42/><G42/><T63/><D43/><U104/><E104/><V33/><F33/><W109/><G109/><T66/><D51/><U55/><E26/><V17/><F29/><W84/><G52/><T22/><D124/><U8/><E35/><V53/><F53/><W96/><G96/><T122/><D122/><U100/><E54/><V92/><F25/><W78/><G89/><N who="0" m="53567" /><D71/><U18/><E8/><V108/><F23/><W99/><G99/><T93/><D70/><U83/><E115/><V110/><F92/><W64/><G64/><T6/><D93/><U77/><E112/><V97/><F97/><W133/><G133/><T76/><D66/><U85/><E55/><V126/><F126/><W49/><G49/><AGARI ba="1,0" hai="9,10,12,13,18,19,49,50,77,83,85,95,98,100" machi="49" ten="40,5200,0" yaku="9,1,8,1,52,1" doraHai="74" who="1" fromWho="3" sc="160,0,215,55,531,0,94,-55" /><INIT seed="7,0,0,5,1,129" ten="160,270,531,39" oya="3" hai0="17,38,57,63,11,89,98,52,102,73,14,124,74" hai1="18,39,61,75,122,132,130,112,48,1,79,54,24" hai2="37,103,25,66,65,92,21,85,134,117,8,115,119" hai3="16,91,131,41,3,42,35,15,56,4,43,13,128"/><W2/><G35/><T51/><D124/><U104/><E61/><V84/><F37/><W22/><G91/><T94/><D38/><U86/><E48/><V47/><F115/><W34/><G34/><T108/><D108/><U55/><E18/><V32/><F32/><W125/><G125/><T118/><D118/><U31/><E24/><V77/><F8/><N who="3" m="4231" /><G56/><T107/><D63/><U72/><E86/><AGARI ba="0,0" hai="11,14,17,51,52,57,73,74,86,89,94,98,102,107" machi="86" ten="30,2000,0" yaku="7,1,54,1" doraHai="129" who="0" fromWho="1" sc="160,20,270,-20,531,0,39,0" owari="180,-22.0,250,5.0,531,63.0,39,-46.0" /></mjloggm>