<mjloggm ver="2.3"><GO type="169" lobby="0"/><UN n0="%E6%AD%8C%E8%88%9E%E4%BC%8E%E5%90%9B" n1="%E8%91%B5%E3%81%A1%E3%82%83%E3%82%93" n2="%E3%83%89%E3%83%A9%E6%AC%A1%E9%83%8E" n3="%69%71%31%38%30%E7%9C%9F%E5%89%A3%E6%A7%98" dan="16,17,17,16" rate="2108.74,2132.17,2166.06,2154.47" sx="M,F,M,M"/><TAIKYOKU oya="0"/><INIT seed="0,0,0,5,3,32" ten="250,250,250,250" oya="0" hai0="40,102,23,107,31,115,63,71,15,1,92,11,129" hai1="123,84,98,73,100,13,83,133,81,70,52,120,39" hai2="80,85,112,0,130,43,38,49,21,2,48,87,42" hai3="116,51,117,126,113,124,28,106,8,44,55,88,108"/><T93/><D129/><U74/><E70/><V17/><F112/><W125/><G113/><T59/><D115/><U99/><E39/><V65/><F130/><W10/><G106/><T97/><D40/><U134/><E13/><V12/><F65/><W14/><G108/><T67/><D71/><U96/><E52/><V127/><F127/><W68/><G68/><T30/><D23/><U86/><E98/><V82/><F38/><W35/><G10/><T6/><REACH who="0" step="1"/><D15/><REACH who="0" ten="240,250,250,250" step="2"/><U131/><REACH who="1" step="1"/><E131/><REACH who="1" ten="240,240,250,250" step="2"/><V58/><F12/><W3/><G14/><T9/><D9/><U54/><E54/><V46/><F43/><W4/><G35/><T101/><D101/><AGARI ba="0,2" hai="73,74,81,83,84,86,96,99,100,101,120,123,133,134" machi="101" ten="25,12000,2" yaku="1,1,22,2,34,3,53,0" doraHai="32" doraHaiUra="29" who="1" fromWho="0" sc="240,-120,240,140,250,0,250,0" /><INIT seed="1,0,0,4,4,88" ten="120,380,250,250" oya="1" hai0="57,56,132,62,113,65,14,100,114,94,96,18,102" hai1="109,103,22,59,105,8,12,21,35,45,69,131,117" hai2="64,54,3,128,25,120,119,77,118,104,122,1,38" hai3="20,112,101,46,6,107,4,43,83,48,36,111,42"/><U110/><E117/><V26/><F77/><W97/><G112/><T126/><D132/><U44/><E69/><V60/><F54/><W82/><G111/><N who="1" m="42506" /><E35/><V68/><F104/><W134/><G134/><T73/><D126/><U55/><E131/><V40/><F128/><W115/><G115/><T75/><D102/><U16/><E103/><V80/><F80/><W129/><G129/><T23/><D114/><U79/><E79/><V76/><F76/><W74/><G82/><T50/><D113/><U93/><E93/><V86/><F86/><W58/><G20/><N who="1" m="7786" /><E105/><V133/><F133/><W70/><G70/><T11/><D23/><U121/><E121/><N who="2" m="46699" /><F26/><W47/><G74/><T13/><D13/><U31/><E31/><V49/><F49/><AGARI ba="0,0" hai="8,12,16,44,45,49,55,59" m="7786,42506" machi="49" ten="30,5800,0" yaku="14,1,10,1,54,1" doraHai="88" who="1" fromWho="2" sc="120,0,380,58,250,-58,250,0" /><INIT seed="1,1,0,0,2,79" ten="120,438,192,250" oya="1" hai0="75,130,82,81,65,117,115,110,109,100,77,1,94" hai1="102,124,28,131,107,78,92,20,73,2,121,52,72" hai2="133,74,44,118,21,57,76,128,31,88,61,43,111" hai3="83,56,46,116,132,42,36,39,135,15,120,40,103"/><U10/><E121/><V108/><F118/><W11/><G120/><T122/><D122/><U17/><E124/><V25/><F133/><W5/><G116/><T127/><D117/><U70/><E70/><V19/><F128/><W113/><G113/><T86/><D1/><U90/><E131/><V123/><F123/><W50/><G103/><T66/><D130/><U89/><E28/><V96/><F76/><W91/><G56/><T9/><D115/><U6/><E107/><V55/><F74/><W48/><G48/><T59/><D9/><U99/><E73/><V37/><F31/><W112/><G112/><T32/><D32/><U87/><E72/><V33/><F33/><W129/><G129/><T119/><D119/><U97/><E97/><V7/><F7/><W24/><G24/><T62/><D127/><U41/><E41/><V63/><F63/><W71/><G71/><T64/><D94/><AGARI ba="1,0" hai="19,21,25,37,43,44,55,57,61,88,94,96,108,111" machi="94" ten="40,5200,0" yaku="25,2,54,1" doraHai="79" who="2" fromWho="0" sc="120,-55,438,0,192,55,250,0" /><INIT seed="2,0,0,3,4,106" ten="65,438,247,250" oya="2" hai0="135,34,84,96,20,69,127,92,124,49,14,119,58" hai1="93,113,81,87,101,38,57,121,13,11,1,131,3" hai2="39,67,91,22,72,61,89,16,45,41,100,54,30" hai3="21,7,55,25,105,63,77,88,9,37,99,76,82"/><V62/><F30/><W32/><G37/><T51/><D34/><U128/><E113/><V66/><F100/><W26/><G32/><T47/><D69/><U43/><E121/><V129/><F129/><N who="1" m="49737" /><E57/><V28/><F28/><W10/><G105/><T4/><D135/><U44/><E93/><V118/><F118/><W98/><G63/><T132/><D119/><U29/><E29/><V65/><F72/><W97/><G55/><N who="0" m="32127" /><D132/><U18/><E101/><V17/><F17/><N who="3" m="12463" /><G26/><T56/><D84/><U48/><E38/><V5/><F5/><W85/><G7/><T94/><D56/><U114/><E114/><V109/><F109/><W133/><G133/><T6/><D94/><U71/><E71/><V104/><F104/><W112/><G112/><T95/><D95/><U33/><E33/><V50/><F62/><W130/><G130/><T68/><D68/><U60/><E60/><V70/><F89/><AGARI ba="0,0" hai="1,3,11,13,18,43,44,48,81,87,89" m="49737" machi="89" ten="30,1000,0" yaku="19,1" doraHai="106" who="1" fromWho="2" sc="65,0,438,10,247,-10,250,0" /><INIT seed="3,0,0,5,5,83" ten="65,448,237,250" oya="3" hai0="2,85,116,99,52,119,50,38,71,124,6,28,46" hai1="123,44,63,80,24,112,51,108,12,53,5,100,33" hai2="65,107,74,87,17,21,68,91,58,135,57,16,121" hai3="31,72,120,55,35,95,14,60,13,77,132,9,19"/><W94/><G120/><T78/><D71/><U34/><E123/><V3/><F74/><W0/><G0/><T59/><D124/><U115/><E108/><V45/><F121/><W54/><G132/><T109/><D109/><U18/><E5/><V125/><F135/><W36/><G36/><T81/><D28/><U1/><E1/><V10/><F125/><W117/><G117/><T110/><D110/><U47/><E100/><V82/><F107/><W113/><G113/><T37/><D99/><U22/><E47/><V64/><F45/><W102/><G72/><T98/><D98/><U20/><E34/><V96/><F96/><N who="3" m="59671" /><G35/><T11/><REACH who="0" step="1"/><D46/><REACH who="0" ten="55,448,237,250" step="2"/><U15/><E115/><V90/><F68/><W41/><G31/><T122/><D122/><U69/><E112/><V131/><F58/><W130/><G130/><T49/><D49/><U86/><E69/><V127/><F131/><W89/><G60/><T93/><D93/><U66/><E63/><V56/><F127/><W40/><G95/><T61/><D61/><U39/><E51/><V42/><F57/><W79/><G41/><T84/><D84/><U105/><E86/><V29/><F56/><W23/><G40/><T62/><D62/><U106/><E106/><V88/><F65/><W133/><G133/><T111/><D111/><U92/><E66/><V129/><F64/><W7/><G55/><T25/><D25/><U30/><E53/><V73/><F129/><W27/><G54/><T76/><D76/><N who="3" m="29257" /><G27/><T103/><D103/><U128/><E105/><V4/><F73/><W101/><G101/><T97/><D97/><RYUUKYOKU ba="0,1" sc="55,15,448,-15,237,-15,250,15" hai0="2,6,11,37,38,50,52,59,78,81,85,116,119" hai3="7,9,13,14,19,23,89" /><INIT seed="3,1,1,4,1,99" ten="70,433,222,265" oya="3" hai0="16,80,65,44,123,25,50,47,20,21,56,45,43" hai1="103,59,82,38,102,42,78,100,90,33,46,122,114" hai2="85,10,52,35,104,111,41,134,128,53,55,69,22" hai3="117,83,119,12,89,63,109,6,54,8,13,120,5"/><W113/><G120/><T88/><D123/><U126/><E122/><V0/><F35/><W87/><G113/><T58/><D65/><U97/><E114/><V57/><F69/><W91/><G109/><T39/><D45/><U124/><E33/><V76/><F111/><W107/><G107/><T26/><D80/><U68/><E68/><V70/><F70/><W11/><REACH who="3" step="1"/><G89/><REACH who="3" ten="70,433,222,255" step="2"/><T84/><D88/><U98/><E90/><V115/><F104/><W108/><G108/><T132/><D132/><U36/><E36/><V30/><F134/><W9/><G9/><T64/><D64/><U72/><REACH who="1" step="1"/><E59/><AGARI ba="1,2" hai="5,6,8,11,12,13,54,59,63,83,87,91,117,119" machi="59" ten="40,12000,1" yaku="1,1,9,1,53,2" doraHai="99" doraHaiUra="112" who="3" fromWho="1" sc="70,0,433,-123,222,0,255,143" /><INIT seed="3,2,0,5,0,69" ten="70,310,222,398" oya="3" hai0="32,96,41,80,118,114,126,101,133,8,1,91,81" hai1="83,38,78,4,50,79,117,47,7,125,30,40,0" hai2="93,105,25,87,37,124,55,18,21,63,106,111,134" hai3="12,14,52,90,100,110,109,99,107,33,19,64,43"/><W116/><G116/><T113/><D32/><U26/><E117/><V56/><F111/><N who="3" m="42507" /><G33/><T108/><D108/><U120/><E120/><V22/><F134/><W89/><G64/><T48/><D118/><U45/><E125/><V129/><F124/><W54/><G43/><T11/><D126/><U5/><E0/><V57/><F129/><W68/><G68/><T23/><D133/><U131/><E131/><V49/><F37/><W15/><G19/><T39/><D48/><U51/><E47/><V35/><F35/><W85/><G90/><T2/><D23/><U92/><E92/><AGARI ba="2,0" hai="12,14,15,52,54,85,89,92,99,100,107" m="42507" machi="92" ten="30,5800,0" yaku="14,1,10,1,54,1" doraHai="69" who="3" fromWho="1" sc="70,0,310,-64,222,0,398,64" /><INIT seed="3,3,0,5,5,41" ten="70,246,222,462" oya="3" hai0="96,1,7,68,65,88,51,90,123,89,4,36,20" hai1="34,56,2,31,12,17,32,9,75,14,23,111,22" hai2="67,121,29,24,131,33,85,134,76,78,16,63,26" hai3="71,59,13,91,82,0,133,15,64,72,11,77,79"/><W98/><G0/><T57/><D36/><U49/><E75/><V58/><F134/><W8/><G71/><T106/><D123/><U69/><E69/><V28/><F131/><W92/><G133/><T83/><D68/><U122/><E49/><V53/><F121/><W38/><G38/><T84/><D1/><U27/><E56/><V102/><F102/><W109/><G109/><T66/><D20/><N who="1" m="15847" /><E111/><V10/><F85/><W6/><G79/><T86/><D106/><U103/><E103/><V52/><F53/><W39/><G39/><T50/><D96/><U42/><E42/><V94/><F94/><W62/><REACH who="3" step="1"/><G11/><REACH who="3" ten="70,246,222,452" step="2"/><T74/><D74/><U44/><E122/><V40/><F78/><W81/><G81/><T108/><D108/><U80/><E80/><V124/><F76/><W35/><G35/><T19/><D83/><U99/><E2/><V129/><F10/><W93/><G93/><T43/><D86/><U115/><E32/><V132/><F132/><W125/><G125/><T97/><D84/><U25/><E34/><V128/><F124/><W47/><G47/><T37/><D37/><U100/><E44/><V54/><F128/><W130/><G130/><T48/><D97/><U55/><E9/><V118/><F129/><W95/><G95/><T45/><D45/><U101/><E23/><V113/><F33/><W126/><G126/><T18/><D43/><U117/><E22/><V116/><F116/><W110/><G110/><T21/><D21/><U46/><E117/><V30/><F118/><W107/><G107/><T3/><D3/><U70/><E46/><RYUUKYOKU ba="3,1" sc="70,-10,246,-10,222,-10,452,30" hai3="6,8,13,15,59,62,64,72,77,82,91,92,98" /><INIT seed="3,4,1,5,4,104" ten="60,236,212,482" oya="3" hai0="6,112,113,41,134,115,75,86,120,35,7,87,130" hai1="74,22,96,50,121,124,83,76,33,58,72,11,73" hai2="36,56,42,62,5,12,88,44,79,3,10,40,78" hai3="48,127,59,65,118,89,29,27,0,53,13,126,63"/><W23/><G118/><T80/><D120/><U20/><E121/><V38/><F3/><W47/><G0/><T70/><D134/><U129/><E33/><V54/><REACH who="2" step="1"/><F88/><REACH who="2" ten="60,236,202,482" step="2"/><W60/><G89/><T68/><D130/><U81/><E129/><V25/><F25/><W21/><G63/><T43/><D35/><U28/><E124/><N who="3" m="47658" /><G13/><T8/><D87/><U26/><E96/><V45/><AGARI ba="4,2" hai="5,10,12,36,38,40,42,44,45,54,56,62,78,79" machi="45" ten="30,7900,0" yaku="1,1,0,1,9,1,53,1" doraHai="104" doraHaiUra="57" who="2" fromWho="2" sc="60,-24,236,-24,202,111,482,-43" /><INIT seed="4,0,0,3,5,10" ten="36,212,313,439" oya="0" hai0="106,101,116,28,76,62,130,74,83,84,42,121,54" hai1="72,78,113,51,120,59,119,105,112,86,40,58,41" hai2="82,127,79,35,96,36,135,6,0,108,60,38,15" hai3="115,94,122,31,26,52,97,34,89,70,8,117,14"/><T128/><D121/><U37/><E105/><V5/><F108/><W103/><G117/><T18/><D116/><U93/><E119/><V64/><F0/><W29/><G122/><T47/><D28/><U71/><E120/><V46/><F35/><W123/><G123/><T111/><D111/><U118/><E72/><V61/><F135/><W25/><G115/><N who="1" m="44106" /><E118/><V7/><F127/><W33/><G70/><T87/><D106/><U12/><E71/><V11/><F96/><W21/><G21/><T44/><D101/><U109/><E37/><V19/><F46/><W85/><G52/><T81/><D18/><U50/><E78/><V9/><F61/><W100/><G97/><T17/><D17/><AGARI ba="0,0" hai="8,14,17,25,26,29,31,33,34,85,89,94,100,103" machi="17" ten="30,3900,0" yaku="7,1,9,1,52,1" doraHai="10" who="3" fromWho="0" sc="36,-39,212,0,313,0,439,39" owari="-3,-50.0,212,-19.0,313,11.0,478,58.0" /></mjloggm>