<mjloggm ver="2.3"><GO type="169" lobby="0"/><UN n0="%E3%81%A9%E3%81%99%E3%81%93%E3%81%84%E6%AD%A3%E4%B8%80" n1="%6B%61%7A%75%2D" n2="%EF%BC%BC%28%EF%BC%BE%6F%EF%BC%BE%29%EF%BC%8F%E2%98%85" n3="%E3%81%A4%E3%81%91%E3%82%82%E3%81%AE" dan="16,17,17,17" rate="2075.08,2173.71,2226.79,2162.74" sx="M,M,M,M"/><TAIKYOKU oya="0"/><INIT seed="0,0,0,2,0,0" ten="250,250,250,250" oya="0" hai0="85,93,77,117,134,34,19,62,68,59,104,110,112" hai1="55,3,9,118,75,42,4,73,83,7,99,102,45" hai2="8,127,126,81,38,60,40,16,70,120,91,96,12" hai3="103,121,22,116,29,94,100,49,119,2,123,106,33"/><T78/><D112/><U114/><E118/><N who="3" m="45098" /><G33/><T39/><D117/><U105/><E114/><V11/><F120/><N who="3" m="46155" /><G2/><T80/><D68/><U61/><E55/><V26/><F38/><W43/><G94/><T67/><D104/><U54/><E54/><V25/><F40/><W18/><G29/><T132/><D39/><U58/><E7/><V50/><F50/><W37/><G49/><T28/><D78/><U97/><E97/><V44/><F44/><N who="3" m="23663" /><G106/><T69/><D28/><U48/><E83/><V52/><F11/><W13/><AGARI ba="0,0" hai="13,18,22,100,103" m="23663,46155,45098" machi="13" ten="30,1100,0" yaku="13,1" doraHai="0" who="3" fromWho="3" sc="250,-5,250,-3,250,-3,250,11" /><INIT seed="1,0,0,2,3,129" ten="245,247,247,261" oya="1" hai0="112,114,59,60,29,87,46,105,88,97,133,53,104" hai1="24,127,113,72,56,55,124,18,39,68,54,58,3" hai2="122,123,119,96,91,11,4,17,117,110,76,31,61" hai3="79,30,50,42,8,77,86,85,66,81,83,126,131"/><U52/><E3/><V116/><F61/><W36/><G131/><T82/><D133/><U20/><E72/><V103/><F31/><W90/><G126/><N who="1" m="48170" /><E113/><V92/><F17/><W108/><G108/><T35/><D35/><U99/><E68/><V132/><F11/><W28/><G36/><T69/><D29/><U118/><E118/><V121/><F4/><W37/><G37/><T57/><D69/><U73/><E73/><V102/><F110/><W26/><G66/><T44/><D59/><N who="1" m="22571" /><E39/><V47/><F47/><W5/><G90/><T2/><D2/><U135/><E99/><V67/><F67/><W95/><G95/><T7/><D7/><U49/><E49/><V101/><F76/><W40/><G26/><T27/><D27/><U84/><E84/><V128/><F128/><W33/><G33/><T65/><D104/><U62/><E62/><V93/><F93/><W34/><G34/><T19/><D19/><U98/><E98/><V21/><F21/><W45/><REACH who="3" step="1"/><G42/><REACH who="3" ten="245,247,247,251" step="2"/><T80/><D112/><U25/><E25/><V106/><F106/><W12/><AGARI ba="0,1" hai="5,8,12,28,30,40,45,50,77,79,81,83,85,86" machi="12" ten="20,16000,3" yaku="1,1,2,1,0,1,7,1,9,1,25,2,8,1,53,2" doraHai="129" doraHaiUra="75" who="3" fromWho="3" sc="245,-40,247,-80,247,-40,251,170" /><INIT seed="2,0,0,5,5,129" ten="205,167,207,421" oya="2" hai0="40,127,68,76,52,32,39,82,78,90,58,119,102" hai1="15,111,44,45,98,53,51,80,134,121,126,73,88" hai2="21,122,10,14,94,106,19,57,103,97,9,61,20" hai3="30,99,113,34,87,123,38,27,17,100,133,59,75"/><V28/><F106/><W46/><G75/><T37/><D32/><U135/><E121/><V108/><F122/><W43/><G123/><T0/><D68/><U64/><E111/><V89/><F108/><W70/><G70/><T7/><D119/><U72/><E126/><V36/><F36/><W8/><G113/><T95/><D102/><U41/><E64/><V91/><F21/><W60/><G87/><T128/><D128/><U81/><E15/><V125/><F125/><W31/><G31/><T25/><D25/><U130/><E130/><V49/><F49/><W118/><G118/><T65/><D65/><U12/><E12/><V2/><F2/><W112/><G112/><T62/><D78/><U48/><E98/><V109/><F109/><W132/><G17/><T55/><D40/><U6/><E6/><V92/><F28/><W93/><REACH who="3" step="1"/><G8/><REACH who="3" ten="205,167,207,411" step="2"/><N who="2" m="3177" /><F94/><W11/><G11/><T83/><D127/><U117/><E117/><V124/><F124/><W104/><G104/><T16/><D16/><U29/><E29/><V35/><F35/><W114/><G114/><T74/><D74/><U47/><E73/><V116/><F116/><W86/><G86/><T54/><D7/><U26/><E72/><V67/><AGARI ba="0,1" hai="14,19,20,57,61,67,89,91,92,97,103" m="3177" machi="67" ten="30,1500,0" yaku="8,1" doraHai="129" who="2" fromWho="2" sc="205,-5,167,-5,207,25,411,-5" /><INIT seed="2,1,0,2,2,71" ten="200,162,232,406" oya="2" hai0="54,105,102,28,130,101,22,107,10,49,74,98,134" hai1="57,94,73,128,3,108,60,77,99,75,24,20,117" hai2="61,92,44,100,84,34,31,135,115,11,127,39,103" hai3="27,125,41,55,114,62,40,16,23,4,85,131,78"/><V50/><F115/><W91/><G114/><T119/><D130/><U104/><E117/><V19/><F135/><W89/><G131/><T68/><D134/><U6/><E128/><V21/><F127/><W47/><G4/><T96/><D74/><U58/><E108/><V132/><F34/><W29/><G125/><T1/><D68/><U48/><E104/><V5/><F31/><W133/><G133/><T93/><D119/><U30/><E77/><V52/><F39/><W56/><G78/><T72/><D72/><U36/><E36/><V112/><F112/><W121/><G121/><T51/><D93/><U106/><E106/><V123/><F123/><W42/><G47/><T15/><D1/><U46/><E58/><V124/><F132/><W95/><G91/><T126/><D54/><U111/><E6/><V59/><F84/><W63/><G63/><T76/><D76/><U26/><E26/><V81/><F81/><W18/><AGARI ba="1,0" hai="16,18,23,27,29,40,41,42,55,56,62,85,89,95" machi="18" ten="30,4000,0" yaku="0,1,8,1,54,1" doraHai="71" who="3" fromWho="3" sc="200,-11,162,-11,232,-21,406,43" /><INIT seed="3,0,0,4,4,77" ten="189,151,211,449" oya="3" hai0="0,56,28,97,96,67,47,11,41,93,89,101,112" hai1="59,103,26,105,63,135,132,87,91,122,65,111,131" hai2="94,46,43,115,16,116,3,62,24,83,118,14,35" hai3="84,133,98,127,129,68,39,80,110,57,64,54,27"/><W6/><G39/><T21/><D112/><U113/><E111/><V125/><F3/><W100/><G110/><T120/><D120/><U109/><E109/><V51/><F115/><W81/><G6/><T32/><D32/><U69/><E113/><V9/><F125/><W70/><G127/><T36/><D11/><U114/><E114/><V82/><F118/><W55/><G133/><T99/><D0/><U92/><E122/><V8/><F116/><W128/><G27/><N who="0" m="16495" /><D89/><U106/><E131/><N who="3" m="50250" /><G84/><T79/><D79/><U61/><E26/><V53/><F9/><W40/><G40/><T85/><D85/><U18/><E18/><V72/><F72/><W45/><G70/><T95/><D95/><U20/><E20/><N who="2" m="13319" /><F35/><W38/><G68/><T74/><D74/><U1/><E1/><V90/><F62/><AGARI ba="0,0" hai="36,41,47,56,62,67,93,96,97,99,101" m="16495" machi="62" ten="30,1000,0" yaku="25,1" doraHai="77" who="0" fromWho="2" sc="189,10,151,0,211,-10,449,0" /><INIT seed="4,0,0,0,4,114" ten="199,151,201,449" oya="0" hai0="101,89,14,8,115,124,22,66,47,12,10,19,43" hai1="118,108,110,67,132,100,34,79,109,11,102,5,54" hai2="83,90,37,126,104,81,63,99,97,40,26,93,46" hai3="6,60,125,31,56,71,94,76,128,82,84,0,122"/><T130/><D115/><U33/><E67/><V70/><F126/><W21/><G71/><T72/><D124/><U65/><E65/><V51/><F70/><W20/><G125/><T119/><D72/><U103/><E132/><V36/><F63/><W13/><G0/><T74/><D74/><U69/><E69/><V68/><F68/><W52/><G122/><T57/><D130/><U55/><E79/><V135/><F135/><W80/><G94/><T98/><D89/><U50/><E118/><V111/><F111/><W116/><G116/><T87/><D87/><U49/><E11/><V129/><F129/><W78/><G31/><T2/><D2/><U134/><E5/><V35/><F37/><W38/><G38/><T25/><D119/><U61/><E61/><V29/><F36/><W39/><G39/><T75/><D75/><U73/><E73/><V64/><F64/><W77/><G128/><T17/><D66/><U127/><E127/><V105/><F105/><W27/><G27/><T4/><D57/><U112/><E134/><V30/><F29/><W133/><G133/><T45/><REACH who="0" step="1"/><D43/><REACH who="0" ten="189,151,201,449" step="2"/><U123/><E112/><V92/><F104/><AGARI ba="0,1" hai="4,8,10,12,14,17,19,22,25,45,47,98,101,104" machi="104" ten="30,5800,0" yaku="1,1,2,1,7,1,53,0" doraHai="114" doraHaiUra="117" who="0" fromWho="2" sc="189,68,151,0,201,-58,449,0" /><INIT seed="4,1,0,2,0,103" ten="257,151,143,449" oya="0" hai0="15,119,1,35,27,82,93,90,63,18,135,109,21" hai1="134,38,96,55,5,118,7,12,95,24,114,85,31" hai2="43,128,37,54,87,34,79,65,83,49,122,44,89" hai3="124,115,97,50,8,68,46,67,121,94,33,113,60"/><T52/><D119/><U86/><E118/><V28/><F122/><W130/><G121/><T78/><D109/><U125/><E38/><V62/><F128/><W13/><G33/><T132/><D1/><U106/><E125/><V19/><F34/><W59/><G68/><T23/><D35/><U116/><E116/><V131/><F28/><W110/><G124/><T81/><D78/><U30/><E134/><V66/><F131/><W76/><G76/><T3/><D3/><U98/><E55/><V102/><F102/><W127/><G127/><T47/><D132/><U40/><E12/><V91/><F19/><W101/><G130/><T75/><D75/><U88/><E40/><V4/><F4/><W56/><G56/><N who="0" m="35207" /><D47/><U29/><E24/><V73/><F73/><W69/><G69/><T71/><D71/><U45/><E45/><V36/><F36/><W61/><G110/><T104/><D104/><U9/><E114/><N who="3" m="43530" /><G60/><T105/><D105/><U117/><E117/><V41/><F41/><W58/><G58/><T22/><D135/><U11/><E106/><V133/><F133/><W2/><G2/><T72/><D72/><U100/><E7/><V20/><F37/><W10/><G13/><T112/><D112/><U48/><E48/><V80/><F62/><W51/><G51/><T57/><D57/><U77/><E5/><V123/><F43/><AGARI ba="1,0" hai="8,10,43,46,50,59,61,67,94,97,101" m="43530" machi="43" ten="30,1000,0" yaku="15,1" doraHai="103" who="3" fromWho="2" sc="257,0,151,0,143,-13,449,13" /><INIT seed="5,0,0,1,5,131" ten="257,151,130,462" oya="1" hai0="48,102,82,66,40,78,95,88,67,122,108,98,133" hai1="75,83,126,65,62,38,33,14,106,54,80,114,118" hai2="96,20,41,13,37,59,4,9,117,58,36,28,113" hai3="68,11,125,76,130,124,53,111,84,109,3,5,15"/><U103/><E118/><V18/><F117/><W123/><G123/><T132/><D108/><U26/><E38/><V61/><F113/><W93/><G68/><T31/><D122/><U43/><E43/><V30/><F59/><W121/><G121/><T49/><D31/><N who="1" m="19703" /><E114/><V32/><F96/><W104/><G104/><T116/><D116/><U21/><E75/><V89/><F89/><N who="3" m="53415" /><G76/><T24/><D24/><U25/><E54/><V101/><F101/><W10/><G53/><T105/><D66/><U64/><E64/><V22/><F22/><W107/><G107/><T72/><D67/><U42/><E42/><V51/><F51/><N who="0" m="19530" /><D40/><U7/><E7/><V77/><F77/><W100/><G100/><T97/><D97/><N who="1" m="61807" /><E14/><V56/><F56/><W81/><G111/><T16/><D16/><N who="1" m="12455" /><E126/><V45/><F32/><W73/><G109/><T34/><D34/><U74/><E74/><V52/><REACH who="2" step="1"/><F36/><REACH who="2" ten="257,151,120,462" step="2"/><W119/><G119/><T1/><D102/><U17/><E17/><V91/><F91/><W135/><G124/><T39/><D39/><U8/><E8/><V129/><F129/><W47/><G11/><T63/><D105/><U55/><E55/><V85/><F85/><W79/><G130/><T127/><D72/><U99/><E99/><V110/><F110/><W94/><G125/><T19/><D98/><U44/><E44/><V35/><F35/><W2/><G47/><T69/><D127/><U86/><E86/><V46/><F46/><W92/><G73/><T134/><D19/><U87/><E87/><V60/><F60/><W120/><G120/><T57/><D78/><RYUUKYOKU ba="0,1" sc="257,-15,151,15,120,15,462,-15" hai1="62,65,80,83" hai2="4,9,13,18,20,28,30,37,41,45,52,58,61" /><INIT seed="5,1,1,3,2,80" ten="242,166,135,447" oya="1" hai0="61,36,56,9,130,119,102,13,92,91,0,45,105" hai1="128,31,20,71,112,34,89,121,2,64,43,84,73" hai2="63,77,46,109,23,113,14,98,24,29,75,17,12" hai3="39,28,133,97,93,87,82,27,116,4,66,72,68"/><U52/><E121/><V74/><F109/><W5/><G39/><T60/><D119/><U110/><E73/><V44/><F113/><W33/><G72/><T19/><D130/><U11/><E34/><V58/><F14/><W65/><G116/><T90/><D0/><U115/><E43/><V8/><F75/><W7/><G68/><T67/><D105/><U41/><E41/><V78/><F74/><W50/><G50/><T70/><D36/><U95/><E128/><V26/><F26/><W85/><G133/><T53/><D45/><N who="2" m="17514" /><F98/><W134/><G134/><T104/><D104/><U99/><E110/><V22/><F22/><N who="3" m="15479" /><G87/><T83/><D83/><U51/><E20/><V42/><F42/><W1/><G1/><T54/><D53/><AGARI ba="1,1" hai="8,12,17,23,24,29,53,58,63,77,78" m="17514" machi="53" ten="30,1000,0" yaku="8,1" doraHai="80" who="2" fromWho="0" sc="242,-13,166,0,135,23,447,0" /><INIT seed="6,0,0,0,4,7" ten="229,166,158,447" oya="2" hai0="61,11,9,119,40,108,19,59,20,133,54,56,62" hai1="3,134,24,113,5,30,132,117,99,97,42,79,33" hai2="36,73,17,18,75,44,57,86,130,13,63,25,41" hai3="89,95,16,31,122,71,53,118,39,104,70,103,105"/><V98/><F130/><W111/><G111/><T64/><D108/><U114/><E79/><V90/><F98/><W127/><G31/><T74/><D133/><N who="1" m="51307" /><E42/><V55/><F25/><W92/><G39/><T67/><D74/><U112/><E117/><V0/><F0/><W84/><G122/><T101/><D119/><U45/><E45/><V81/><REACH who="2" step="1"/><F18/><REACH who="2" ten="229,166,148,447" step="2"/><W38/><G16/><T80/><D101/><U124/><E124/><V85/><F85/><W27/><G84/><T2/><D2/><U102/><E102/><V87/><F87/><W12/><G27/><T34/><D19/><U43/><E43/><V15/><F15/><W110/><G12/><T49/><D40/><U37/><E37/><V109/><F109/><W26/><G26/><T35/><D35/><U77/><E77/><V29/><F29/><W94/><G103/><T107/><D34/><U91/><E91/><V123/><F123/><W69/><G89/><T116/><D116/><U21/><E33/><V72/><F72/><W28/><G28/><T65/><D107/><U128/><E128/><V129/><F129/><W120/><G105/><T82/><D80/><U66/><E66/><V4/><F4/><W83/><G83/><T121/><D82/><U32/><E32/><V96/><F96/><N who="1" m="36937" /><E5/><V22/><AGARI ba="0,1" hai="13,17,22,36,41,44,55,57,63,73,75,81,86,90" machi="22" ten="20,3900,0" yaku="1,1,0,1,7,1,53,0" doraHai="7" doraHaiUra="115" who="2" fromWho="2" sc="229,-13,166,-13,148,49,447,-13" /><INIT seed="6,1,0,0,0,134" ten="216,153,197,434" oya="2" hai0="80,74,35,91,18,120,133,51,5,64,24,110,99" hai1="116,1,59,55,75,73,93,132,69,6,119,130,49" hai2="36,127,121,68,102,76,115,98,67,65,101,118,92" hai3="95,47,117,23,28,125,26,27,7,60,53,58,45"/><V77/><F118/><W15/><G117/><T96/><D110/><U39/><E119/><V3/><F121/><W31/><G125/><T8/><D133/><U128/><E116/><V54/><F3/><W129/><G129/><T85/><D74/><U25/><E132/><V50/><F36/><W86/><G7/><T103/><D120/><U42/><E25/><V131/><F131/><W30/><G15/><T61/><D51/><U41/><E41/><V16/><F115/><W83/><G95/><T13/><D103/><U0/><E130/><V126/><F102/><W104/><G104/><T2/><D61/><U10/><E128/><V71/><F16/><N who="3" m="12647" /><G27/><T62/><D24/><U29/><E29/><V57/><F67/><W105/><G105/><T78/><D35/><U111/><E1/><V84/><F65/><W89/><AGARI ba="1,0" hai="28,30,31,45,47,53,58,60,83,86,89" m="12647" machi="89" ten="30,2000,0" yaku="8,1,54,1" doraHai="134" who="3" fromWho="3" sc="216,-6,153,-6,197,-11,434,23" /><BYE who="0" /><UN n0="%E3%81%A9%E3%81%99%E3%81%93%E3%81%84%E6%AD%A3%E4%B8%80" /><INIT seed="7,0,0,2,3,34" ten="210,147,186,457" oya="3" hai0="121,110,3,25,21,59,70,111,86,55,122,45,135" hai1="95,54,79,63,89,22,103,90,80,64,36,35,127" hai2="49,97,124,102,10,60,16,113,26,81,119,128,126" hai3="9,100,132,43,96,27,125,133,17,62,74,53,134"/><W51/><BYE who="0" /><G74/><UN n0="%E3%81%A9%E3%81%99%E3%81%93%E3%81%84%E6%AD%A3%E4%B8%80" /><T91/><D91/><BYE who="0" /><UN n0="%E3%81%A9%E3%81%99%E3%81%93%E3%81%84%E6%AD%A3%E4%B8%80" /><U18/><E35/><V131/><F119/><W58/><G125/><N who="2" m="48233" /><F113/><W61/><G43/><T6/><D70/><U104/><E36/><V94/><F49/><W11/><G27/><T28/><D135/><U29/><E127/><V65/><F81/><W77/><G77/><T1/><D86/><U71/><E29/><V38/><F38/><W75/><G75/><T67/><D111/><U88/><E104/><V23/><F10/><N who="3" m="3595" /><G17/><T12/><D110/><U84/><E103/><V73/><F73/><W83/><G83/><T41/><D67/><U8/><E8/><V42/><F42/><W24/><G24/><T72/><D72/><U47/><E47/><V107/><F107/><AGARI ba="0,0" hai="51,53,58,61,62,96,100,107,132,133,134" m="3595" machi="107" ten="30,1500,0" yaku="20,1" doraHai="34" who="3" fromWho="2" sc="210,0,147,0,186,-15,457,15" owari="210,1.0,147,-35.0,171,-23.0,472,57.0" /></mjloggm>