<mjloggm ver="2.3"><GO type="169" lobby="0"/><UN n0="%E8%91%B5%E3%81%A1%E3%82%83%E3%82%93" n1="%E4%B8%BB%E5%B8%AD" n2="%E3%81%A9%E3%81%99%E3%81%93%E3%81%84%E6%AD%A3%E4%B8%80" n3="%67%6F%75%73%69" dan="17,16,16,20" rate="2130.05,2129.83,2080.71,2271.38" sx="F,M,M,M"/><TAIKYOKU oya="0"/><INIT seed="0,0,0,4,4,89" ten="250,250,250,250" oya="0" hai0="114,13,5,121,42,119,120,77,15,97,68,48,90" hai1="95,109,106,2,38,92,59,56,35,102,73,22,70" hai2="81,66,0,99,93,78,16,51,79,135,53,98,52" hai3="7,83,64,115,122,39,86,108,129,28,123,1,3"/><T100/><D114/><U30/><E35/><V88/><F135/><W113/><G39/><T80/><D119/><U46/><E73/><V33/><F0/><W107/><G107/><T116/><D116/><U9/><E70/><V24/><F66/><W58/><G64/><T37/><D68/><U44/><E109/><V125/><F125/><W75/><G58/><T57/><D37/><U14/><E2/><V111/><F111/><W112/><G108/><T96/><D90/><U43/><E44/><N who="2" m="27751" /><F33/><W63/><G63/><T134/><D134/><U61/><E59/><V25/><F81/><W62/><G62/><T76/><D57/><U104/><E30/><V117/><F117/><W65/><G65/><T103/><D80/><U105/><E22/><N who="2" m="13383" /><F98/><W17/><G75/><T133/><D133/><U40/><E40/><V94/><F94/><W19/><G1/><T74/><D74/><U71/><E71/><V34/><F34/><W55/><G55/><T36/><D36/><U23/><E102/><V32/><F32/><W101/><G101/><T47/><D5/><U85/><E23/><V10/><F25/><W27/><G122/><T45/><REACH who="0" step="1"/><D42/><REACH who="0" ten="240,250,250,250" step="2"/><U6/><REACH who="1" step="1"/><E85/><REACH who="1" ten="240,240,250,250" step="2"/><V130/><F130/><W126/><G129/><T91/><D91/><U4/><E4/><V131/><F131/><W118/><G118/><T69/><D69/><U49/><E49/><AGARI ba="0,2" hai="13,15,45,47,48,49,76,77,96,97,100,103,120,121" machi="49" ten="25,4800,0" yaku="1,1,22,2,53,0" doraHai="89" doraHaiUra="31" who="0" fromWho="1" sc="240,68,240,-48,250,0,250,0" /><INIT seed="0,1,0,2,0,2" ten="308,192,250,250" oya="0" hai0="22,126,29,123,64,108,48,114,46,68,110,135,61" hai1="109,97,55,128,58,38,27,120,8,28,17,52,127" hai2="18,33,65,100,34,117,67,53,103,92,40,74,66" hai3="88,125,80,42,26,82,11,96,131,21,20,6,83"/><T49/><D114/><U101/><E120/><V106/><F117/><W44/><G125/><T47/><D123/><U93/><E38/><V99/><F74/><W0/><G131/><T134/><D22/><N who="1" m="15479" /><E127/><V98/><F40/><W50/><REACH who="3" step="1"/><G26/><REACH who="3" ten="308,192,250,240" step="2"/><T12/><D126/><U122/><E128/><V124/><F124/><W116/><G116/><T71/><D71/><U59/><E122/><V5/><F33/><W7/><G7/><T24/><D135/><U102/><E109/><N who="0" m="42089" /><D134/><U81/><E102/><V31/><F34/><W95/><AGARI ba="1,1" hai="0,6,11,20,21,42,44,50,80,82,83,88,95,96" machi="95" ten="30,7900,0" yaku="1,1,0,1,52,1,54,1,53,0" doraHai="2" doraHaiUra="9" who="3" fromWho="3" sc="308,-40,192,-21,250,-21,240,92" /><INIT seed="1,0,0,0,4,2" ten="268,171,229,332" oya="1" hai0="132,29,22,78,128,27,1,124,67,95,90,99,62" hai1="5,83,31,35,36,134,34,107,19,25,45,58,21" hai2="86,130,126,131,102,54,14,51,33,16,123,79,48" hai3="60,115,122,12,98,63,68,17,53,13,69,77,64"/><U72/><E107/><V94/><F123/><W117/><G122/><T65/><D124/><U118/><E118/><V113/><F33/><W125/><G115/><T104/><D128/><U49/><E36/><V24/><F126/><W89/><G125/><T109/><D109/><U93/><E134/><V108/><F113/><W39/><G39/><T70/><D132/><U73/><E58/><V28/><F108/><W61/><G77/><T75/><D104/><U20/><E93/><V110/><F110/><W23/><G117/><T32/><D67/><U59/><E59/><V103/><F51/><W112/><G112/><T3/><D78/><U18/><E83/><V0/><F0/><W133/><G133/><T76/><D76/><U127/><E127/><V55/><F55/><W81/><G53/><T7/><D75/><U87/><E87/><V82/><F24/><W80/><G12/><T15/><REACH who="0" step="1"/><D32/><REACH who="0" ten="258,171,229,332" step="2"/><U111/><E111/><V119/><F130/><W10/><G64/><T9/><AGARI ba="0,1" hai="1,3,7,9,15,22,27,29,62,65,70,90,95,99" machi="9" ten="30,8000,1" yaku="1,1,2,1,0,1,52,1,53,1" doraHai="2" doraHaiUra="85" who="0" fromWho="0" sc="258,90,171,-40,229,-20,332,-20" /><INIT seed="2,0,0,2,3,81" ten="348,131,209,312" oya="2" hai0="3,45,41,110,88,121,105,53,118,22,108,20,99" hai1="135,122,64,43,120,59,57,28,103,65,10,123,90" hai2="13,21,92,109,39,74,36,89,117,128,98,68,111" hai3="115,101,124,104,113,55,96,62,129,51,94,127,1"/><V73/><F117/><W2/><G62/><T97/><D118/><U8/><E135/><V23/><F68/><W70/><G70/><T93/><D121/><U37/><E103/><V25/><F128/><W61/><G61/><T114/><D114/><N who="3" m="43529" /><G104/><T116/><D116/><U17/><E28/><V119/><F119/><W50/><G50/><T72/><D3/><N who="3" m="1033" /><G129/><T49/><D72/><N who="2" m="27754" /><F13/><W7/><G7/><T15/><D15/><U85/><E37/><N who="2" m="14411" /><F25/><W79/><G79/><T11/><D41/><U102/><E43/><V76/><F76/><W33/><G33/><T80/><D11/><U31/><E10/><V133/><F133/><W125/><G124/><T83/><D105/><U32/><E32/><V52/><F52/><W18/><G18/><T75/><D99/><U42/><E17/><V35/><F35/><W0/><N who="3" m="1041" /><W4/><DORA hai="56" /><G4/><T112/><D112/><U91/><E8/><V12/><F12/><W60/><G60/><T58/><D75/><U40/><E31/><V27/><F27/><W54/><G54/><T86/><D45/><AGARI ba="0,0" hai="45,51,55,94,96,101,125,127" m="1041,43529" machi="45" ten="50,1600,0" yaku="11,1" doraHai="81,56" who="3" fromWho="0" sc="348,-16,131,0,209,0,312,16" /><INIT seed="3,0,0,5,3,2" ten="332,131,209,328" oya="3" hai0="33,36,25,8,60,68,106,72,98,29,22,55,108" hai1="105,102,19,6,80,35,41,14,18,70,12,16,97" hai2="128,24,132,61,28,127,93,9,89,40,74,57,65" hai3="54,107,39,0,112,62,73,63,100,96,43,87,79"/><W69/><G112/><T133/><D133/><U125/><E125/><V129/><F74/><W27/><G27/><T81/><D108/><U59/><E70/><V75/><F75/><W119/><G119/><T34/><D36/><U66/><E35/><V91/><F127/><W49/><G69/><T109/><D109/><U44/><E80/><V92/><F132/><W52/><G0/><T78/><D106/><U4/><E59/><V47/><F9/><W94/><G39/><T38/><D38/><U86/><E86/><V76/><F76/><W103/><G43/><T15/><D98/><U110/><E66/><V3/><F3/><W82/><G103/><T48/><D60/><U104/><E104/><V77/><F77/><W113/><G113/><T23/><D34/><U130/><E130/><N who="2" m="50283" /><F92/><W124/><G124/><T13/><D68/><U126/><E126/><V131/><F93/><W88/><G54/><T7/><REACH who="0" step="1"/><D15/><REACH who="0" ten="322,131,209,328" step="2"/><U20/><E110/><V10/><F131/><W50/><REACH who="3" step="1"/><G49/><REACH who="3" ten="322,131,209,318" step="2"/><T53/><D53/><U111/><E111/><V45/><F40/><W83/><G83/><T31/><D31/><U26/><E14/><V37/><F37/><W71/><G71/><T58/><AGARI ba="0,2" hai="7,8,13,22,23,25,29,33,48,55,58,72,78,81" machi="58" ten="20,5200,0" yaku="1,1,0,1,7,1,52,1,53,0" doraHai="2" doraHaiUra="64" who="0" fromWho="0" sc="322,72,131,-13,209,-13,318,-26" /><INIT seed="4,0,0,3,5,51" ten="394,118,196,292" oya="0" hai0="131,90,126,123,84,88,9,98,55,7,59,125,110" hai1="72,133,93,86,0,19,92,20,120,21,66,109,116" hai2="124,106,27,85,24,135,73,10,121,53,82,83,25" hai3="100,32,130,101,104,34,60,127,129,2,69,41,54"/><T3/><D123/><U122/><E109/><V26/><F121/><W96/><G101/><T80/><D110/><U57/><E116/><V1/><F124/><N who="0" m="47722" /><D131/><N who="3" m="50185" /><G127/><T37/><D37/><U94/><E72/><V39/><F106/><W132/><G132/><T6/><D6/><U111/><E0/><V105/><F105/><W58/><G2/><T18/><D18/><U87/><E133/><V17/><F135/><W79/><G79/><N who="0" m="46111" /><D98/><U89/><E111/><V5/><F39/><W12/><G41/><T49/><AGARI ba="0,0" hai="3,7,9,49,55,59,88,90" m="46111,47722" machi="49" ten="30,6000,0" yaku="18,1,52,1,54,1" doraHai="51" who="0" fromWho="0" sc="394,60,118,-20,196,-20,292,-20" /><INIT seed="4,1,0,5,4,46" ten="454,98,176,272" oya="0" hai0="59,51,114,115,39,67,50,96,43,130,54,66,78" hai1="105,3,28,12,112,15,40,85,99,127,126,128,80" hai2="100,106,0,97,89,116,2,18,52,21,118,134,92" hai3="98,71,37,73,42,87,63,8,132,135,70,53,84"/><T25/><D78/><U74/><E74/><V49/><F134/><W124/><G73/><T31/><D130/><U60/><E3/><V68/><F68/><W133/><G8/><T9/><D9/><U33/><E128/><V26/><F0/><W22/><G124/><N who="1" m="47658" /><E28/><V111/><F111/><W57/><G98/><T20/><D96/><U47/><E60/><V90/><F2/><W109/><G22/><T125/><D125/><U129/><E33/><V38/><F38/><W107/><G107/><T69/><D39/><N who="1" m="21919" /><E129/><V17/><F18/><W44/><G109/><T110/><D110/><U58/><E58/><V11/><F11/><W6/><G6/><T7/><D7/><U23/><E23/><V113/><F113/><N who="0" m="43018" /><D69/><AGARI ba="1,0" hai="37,42,44,53,57,63,69,70,71,84,87,132,133,135" machi="69" ten="50,1600,0" yaku="20,1" doraHai="46" who="3" fromWho="0" sc="454,-19,98,0,176,0,272,19" /><INIT seed="5,0,0,0,0,130" ten="435,98,176,291" oya="1" hai0="120,96,41,98,94,79,8,111,16,14,106,127,88" hai1="46,72,91,40,9,23,37,25,125,133,59,61,11" hai2="15,52,19,67,102,4,65,103,35,107,43,45,24" hai3="122,31,55,28,58,99,129,118,89,75,121,101,100"/><U123/><E123/><V22/><F107/><W36/><G36/><T48/><D111/><U114/><E72/><V57/><F67/><W110/><G75/><T17/><D120/><U95/><E125/><V78/><F65/><W50/><G110/><T82/><D127/><U30/><E114/><V131/><F131/><W0/><G0/><T60/><D60/><U70/><E70/><V5/><F78/><W87/><G129/><T39/><D39/><U64/><REACH who="1" step="1"/><E133/><REACH who="1" ten="435,88,176,291" step="2"/><V66/><F66/><W6/><G121/><T29/><D106/><U38/><E38/><V76/><F76/><W134/><G134/><T56/><D79/><U93/><E93/><V21/><F35/><W116/><G122/><T90/><D94/><U62/><E62/><N who="2" m="36135" /><F102/><W105/><G101/><T63/><D63/><U132/><E132/><V20/><F103/><W115/><G115/><T68/><D68/><U84/><AGARI ba="0,1" hai="9,11,23,25,30,37,40,46,59,61,64,84,91,95" machi="84" ten="20,3900,0" yaku="1,1,0,1,7,1,53,0" doraHai="130" doraHaiUra="49" who="1" fromWho="1" sc="435,-13,88,49,176,-13,291,-13" /><INIT seed="5,1,0,4,2,37" ten="422,137,163,278" oya="1" hai0="111,2,21,97,39,72,20,25,88,120,52,67,63" hai1="41,48,81,13,9,28,115,134,98,86,76,49,119" hai2="74,66,47,3,110,58,29,135,126,100,83,11,73" hai3="15,40,44,101,68,46,112,16,71,38,118,54,117"/><U89/><E119/><N who="3" m="45578" /><G101/><T65/><D111/><U94/><E134/><V6/><F110/><W31/><G31/><T121/><D72/><U27/><E115/><V75/><F135/><W103/><G103/><T45/><D2/><U24/><E41/><V36/><F29/><W56/><G46/><T91/><D97/><U133/><E133/><V70/><F58/><W1/><G1/><T19/><D21/><U61/><E61/><N who="2" m="40271" /><F100/><W87/><G87/><T131/><D131/><U42/><E42/><N who="2" m="22983" /><F126/><W114/><G71/><T123/><D39/><U18/><REACH who="1" step="1"/><E27/><REACH who="1" ten="422,127,163,278" step="2"/><V95/><F95/><W62/><G68/><T60/><D63/><U50/><E50/><V102/><F102/><W85/><G112/><T17/><D17/><U129/><E129/><V99/><F99/><W30/><G114/><T53/><D60/><U69/><E69/><V33/><F33/><AGARI ba="1,1" hai="9,13,18,24,28,33,48,49,76,81,86,89,94,98" machi="33" ten="30,2900,0" yaku="1,1,7,1,53,0" doraHai="37" doraHaiUra="109" who="1" fromWho="2" sc="422,0,127,42,163,-32,278,0" /><INIT seed="5,2,0,4,4,33" ten="422,169,131,278" oya="1" hai0="124,86,42,20,135,41,58,54,43,134,28,96,27" hai1="61,44,6,121,100,68,78,37,31,122,77,101,17" hai2="45,80,117,108,57,4,106,38,131,40,22,130,102" hai3="7,92,50,125,0,88,128,71,12,113,93,9,114"/><U99/><E17/><V2/><F108/><W97/><G71/><T66/><D66/><N who="1" m="41039" /><E101/><V65/><F22/><W26/><G125/><T110/><D124/><U90/><E90/><V32/><F117/><W46/><G128/><T111/><D96/><U116/><E116/><V69/><F32/><W52/><G26/><T105/><D86/><U76/><E6/><V94/><F57/><W1/><REACH who="3" step="1"/><G93/><REACH who="3" ten="422,169,131,268" step="2"/><T81/><D105/><N who="1" m="63647" /><E122/><V109/><F94/><W56/><G56/><T11/><D111/><U14/><E121/><V91/><F109/><W107/><G107/><T75/><D110/><U55/><E44/><V62/><F106/><W85/><G85/><T60/><D58/><U123/><E123/><V67/><F69/><W39/><G39/><T25/><D25/><U98/><E37/><V8/><F38/><W126/><G126/><T47/><D27/><U18/><E98/><V103/><F130/><W10/><G10/><T74/><D11/><U13/><E13/><V119/><F131/><W59/><G59/><T84/><D47/><U89/><E14/><V82/><F119/><W30/><G30/><T36/><D28/><U120/><E31/><V118/><F118/><W15/><G15/><T29/><D36/><U129/><E120/><V133/><F45/><W112/><AGARI ba="2,1" hai="0,1,7,9,12,46,50,52,88,92,97,112,113,114" machi="112" ten="30,12000,2" yaku="1,1,0,1,15,1,52,2,54,2,53,0" doraHai="33" doraHaiUra="63" who="3" fromWho="3" sc="422,-32,169,-62,131,-32,268,136" /><INIT seed="6,0,0,1,2,47" ten="390,107,99,404" oya="2" hai0="134,97,91,83,79,50,17,23,48,69,37,35,36" hai1="125,25,11,8,118,88,106,32,78,127,86,95,61" hai2="67,76,3,110,64,73,71,33,1,26,28,82,63" hai3="107,104,13,93,51,113,75,112,21,40,58,68,41"/><V133/><F133/><W66/><G75/><T116/><D35/><U60/><E118/><V62/><REACH who="2" step="1"/><F110/><REACH who="2" ten="390,107,89,404" step="2"/><W46/><G112/><T100/><D134/><U108/><E108/><V59/><AGARI ba="0,1" hai="1,3,26,28,33,59,62,63,64,67,71,73,76,82" machi="59" ten="20,7800,0" yaku="1,1,2,1,0,1,7,1,53,0" doraHai="47" doraHaiUra="44" who="2" fromWho="2" sc="390,-26,107,-26,89,88,404,-26" /><INIT seed="6,1,0,5,1,95" ten="364,81,177,378" oya="2" hai0="83,113,93,59,50,39,9,73,33,103,38,74,48" hai1="112,134,132,44,104,65,89,13,110,5,34,123,94" hai2="11,28,77,131,35,60,87,71,22,99,133,37,81" hai3="43,129,92,14,25,32,46,62,24,102,23,55,61"/><V30/><F37/><W85/><G129/><T19/><D33/><U121/><E104/><V69/><F131/><W88/><G32/><T100/><D113/><U66/><E34/><V51/><F133/><N who="1" m="51305" /><E110/><V108/><F108/><W1/><G1/><T20/><D9/><N who="1" m="4271" /><E44/><V72/><F51/><N who="3" m="27103" /><G102/><T106/><D106/><U58/><E58/><V122/><F11/><W111/><G111/><T80/><D93/><U15/><E15/><V17/><F122/><N who="1" m="46601" /><E112/><V18/><F35/><W42/><G42/><T64/><D59/><U118/><E118/><V16/><F69/><W57/><G62/><T63/><D63/><U124/><E124/><V84/><F60/><W26/><G14/><T75/><D75/><U116/><E116/><V101/><F71/><W117/><G117/><T128/><D128/><U86/><AGARI ba="1,0" hai="65,66,86,89,94" m="46601,4271,51305" machi="86" ten="30,2000,0" yaku="20,1,13,1" doraHai="95" who="1" fromWho="1" sc="364,-6,81,23,177,-11,378,-6" /><INIT seed="7,0,0,4,2,116" ten="358,104,166,372" oya="3" hai0="99,60,9,74,50,86,100,93,62,34,24,83,4" hai1="69,92,106,30,90,112,120,10,113,75,71,21,73" hai2="108,66,125,64,89,107,42,55,44,115,61,8,58" hai3="37,32,135,26,0,134,121,119,105,80,101,41,132"/><W70/><G119/><T40/><D74/><N who="1" m="28171" /><E10/><V23/><F107/><W52/><G121/><T39/><D39/><U126/><E21/><V84/><F108/><W97/><G80/><T6/><D34/><U94/><E30/><V79/><F79/><W20/><G70/><N who="1" m="26634" /><E106/><V123/><F123/><W56/><G0/><T25/><D60/><U57/><E57/><V13/><F115/><N who="1" m="44105" /><E90/><V43/><F23/><W3/><G3/><T81/><D62/><U78/><E78/><V17/><F125/><W54/><G32/><T124/><D124/><U131/><E126/><V87/><F87/><W11/><G11/><T35/><D35/><U118/><E118/><V128/><F43/><W133/><G133/><T65/><D65/><U104/><E104/><V98/><F84/><W72/><G72/><T5/><D9/><U122/><E131/><V77/><F128/><W29/><G56/><T53/><D40/><U31/><E31/><V109/><F77/><W76/><G76/><N who="0" m="46375" /><D83/><U103/><E103/><V7/><F66/><W111/><G111/><T117/><D117/><U85/><E85/><V51/><F64/><W129/><G129/><T95/><D95/><AGARI ba="0,0" hai="92,94,95,120,122" m="44105,26634,28171" machi="95" ten="40,8000,1" yaku="28,2,15,1,52,2" doraHai="116" who="1" fromWho="0" sc="358,-80,104,80,166,0,372,0" owari="278,8.0,184,-22.0,166,-33.0,372,47.0" /></mjloggm>