<mjloggm ver="2.3"><GO type="225" lobby="0"/><UN n0="%73%75%7A%75%6D%65%33" n1="%59%4F%55%E5%BE%80%4D%59%E9%80%B2%21" n2="%E7%B6%BE%E9%87%8E%E7%8F%AA%E5%AD%90" n3="%E5%8F%AF%E5%85%90%E9%82%A3%E7%94%B1%E5%A4%9A" dan="17,16,16,17" rate="2216.35,2097.46,2172.04,2228.33" sx="M,M,F,F"/><TAIKYOKU oya="0"/><INIT seed="0,0,0,5,2,120" ten="250,250,250,250" oya="0" hai0="23,20,93,63,2,15,6,91,45,113,83,81,92" hai1="123,53,73,86,47,89,117,116,31,25,38,101,104" hai2="10,82,0,9,40,56,128,84,129,34,36,107,110" hai3="97,60,130,24,64,103,121,59,99,11,58,87,115"/><T125/><D113/><U135/><E123/><V96/><F34/><W5/><G121/><T106/><D106/><U41/><E73/><V109/><F56/><W12/><G115/><T124/><D2/><U95/><E135/><V16/><F40/><W8/><G130/><N who="2" m="50281" /><F36/><W61/><G24/><T66/><D45/><U75/><E75/><V74/><F74/><W44/><G44/><T118/><D118/><U4/><E4/><N who="2" m="1159" /><F96/><W65/><G103/><T102/><D102/><U105/><E53/><V114/><F107/><W127/><G127/><N who="0" m="48715" /><D6/><U98/><REACH who="1" step="1"/><E105/><REACH who="1" ten="250,240,250,250" step="2"/><V57/><F114/><W70/><G70/><N who="0" m="42335" /><D93/><U67/><E67/><V71/><F71/><W37/><G65/><T72/><D72/><U111/><E111/><V49/><F57/><W79/><G64/><T88/><D92/><U78/><E78/><N who="2" m="46167" /><F49/><W69/><G79/><T112/><D112/><U22/><AGARI ba="0,1" hai="22,25,31,38,41,47,86,89,95,98,101,104,116,117" machi="22" ten="20,5200,0" yaku="1,1,0,1,7,1,53,1" doraHai="120" doraHaiUra="94" who="1" fromWho="1" sc="250,-26,240,62,250,-13,250,-13" /><INIT seed="1,0,0,5,2,125" ten="224,302,237,237" oya="1" hai0="19,130,14,4,135,31,59,73,86,54,102,41,38" hai1="90,79,51,1,106,63,35,127,107,5,122,74,70" hai2="89,10,18,6,7,11,44,21,49,132,119,57,12" hai3="128,61,8,47,71,68,27,129,55,67,64,58,96"/><U69/><E122/><V29/><F119/><W77/><G77/><T16/><D73/><U126/><E35/><V93/><F132/><W80/><G80/><T13/><D135/><U97/><E51/><V116/><F116/><W109/><G109/><T123/><D123/><U24/><E24/><V110/><F110/><W133/><G133/><T104/><D31/><U30/><E30/><V15/><F57/><W78/><G78/><T87/><D4/><U56/><E79/><V33/><F33/><W124/><G124/><T82/><D130/><N who="3" m="50281" /><G96/><T65/><D65/><N who="3" m="25161" /><G27/><T43/><D82/><U50/><E97/><N who="2" m="57519" /><F29/><W28/><G28/><T108/><D108/><U94/><E127/><V92/><F92/><W120/><G120/><T25/><D25/><U105/><E94/><V76/><F76/><W62/><G62/><T117/><D117/><U83/><E63/><V3/><F3/><W134/><G134/><T115/><D86/><U98/><E98/><V17/><F21/><W0/><G47/><T9/><D87/><U103/><E1/><V60/><F60/><W112/><G112/><T46/><D46/><U20/><E126/><V32/><F32/><W23/><G23/><T66/><D13/><U45/><E20/><V84/><F84/><W52/><G55/><AGARI ba="0,0" hai="6,7,10,11,12,15,17,18,44,49,55" m="57519" machi="55" ten="30,1000,0" yaku="8,1" doraHai="125" who="2" fromWho="3" sc="224,0,302,0,237,10,237,-10" /><INIT seed="2,0,0,0,4,30" ten="224,302,247,227" oya="2" hai0="51,59,132,117,64,131,75,32,96,14,116,87,49" hai1="55,91,17,79,2,18,26,83,52,11,105,62,36" hai2="73,33,112,82,48,7,5,61,127,113,16,77,41" hai3="86,43,123,122,81,35,20,45,22,42,39,134,19"/><V25/><F127/><W3/><G3/><T97/><D75/><U12/><E105/><V84/><F73/><W63/><G134/><T114/><D114/><U70/><E36/><V85/><F85/><W57/><G35/><T118/><D132/><U109/><E109/><V130/><F130/><W110/><G110/><T95/><D131/><U47/><E2/><V27/><F61/><W71/><G71/><T111/><D111/><U120/><E120/><V8/><F112/><W40/><G122/><T34/><D14/><U94/><E70/><V23/><F113/><W101/><G101/><T119/><N who="0" m="30208" /><DORA hai="58" /><T0/><D0/><U53/><E47/><N who="2" m="25711" /><F33/><N who="0" m="12906" /><D87/><N who="1" m="48639" /><E26/><N who="2" m="9739" /><F8/><W98/><G123/><T74/><D74/><U126/><E126/><V65/><F65/><W9/><G45/><T78/><D78/><U103/><E103/><V44/><F44/><W107/><G39/><T121/><D121/><U37/><E37/><V106/><F106/><W108/><G107/><T76/><D76/><U129/><E129/><V28/><F28/><W135/><G135/><T56/><D64/><U133/><E133/><V68/><F68/><W10/><G108/><T125/><D125/><U38/><E38/><V100/><F100/><W88/><G98/><N who="0" m="37995" /><D95/><U46/><E94/><V67/><F67/><N who="3" m="39407" /><G9/><T80/><D80/><U60/><E46/><V54/><F54/><W31/><G31/><T102/><D102/><U115/><E115/><V128/><F128/><W104/><G104/><T90/><D90/><U92/><E91/><V99/><F99/><W24/><G10/><T93/><D93/><U29/><E92/><RYUUKYOKU ba="0,0" sc="224,10,302,-30,247,10,227,10" hai0="49,51,56,59" hai2="5,7,16,23,77,82,84" hai3="19,20,22,24,40,42,43,81,86,88" /><INIT seed="2,1,0,5,5,35" ten="234,272,257,237" oya="2" hai0="71,24,51,83,2,75,12,28,7,45,109,76,108" hai1="103,30,130,53,34,57,98,84,47,72,87,122,96" hai2="97,39,4,3,37,99,115,77,111,100,1,134,101" hai3="48,14,60,18,80,133,68,8,67,116,40,55,128"/><V22/><F115/><W70/><G116/><T91/><D71/><U9/><E72/><V42/><F77/><W26/><G70/><T85/><D12/><U5/><E122/><V107/><F134/><W33/><G133/><T89/><D7/><U13/><E130/><V88/><F111/><N who="0" m="42570" /><D75/><U95/><E47/><V50/><F22/><W64/><G64/><T110/><N who="0" m="42578" /><T58/><DORA hai="21" /><D58/><U27/><REACH who="1" step="1"/><E98/><REACH who="1" ten="234,262,257,237" step="2"/><V93/><F101/><W38/><G128/><T106/><D106/><U43/><E43/><V118/><F118/><W127/><G40/><N who="0" m="24999" /><D2/><U105/><E105/><V121/><F121/><W32/><G38/><T59/><D59/><U120/><E120/><V102/><F37/><W52/><G68/><T49/><D49/><AGARI ba="1,1" hai="5,9,13,27,30,34,49,53,57,84,87,95,96,103" machi="49" ten="30,3900,0" yaku="1,1,7,1,52,1,53,0" doraHai="35,21" doraHaiUra="62,19" who="1" fromWho="0" sc="234,-42,262,52,257,0,237,0" /><INIT seed="3,0,0,3,0,65" ten="192,314,257,237" oya="3" hai0="47,37,66,100,5,92,6,106,24,4,84,135,101" hai1="73,61,91,122,96,133,81,8,108,127,63,43,105" hai2="28,103,119,0,19,80,116,113,50,90,120,48,13" hai3="104,99,29,23,83,74,44,46,30,33,31,25,45"/><W18/><G33/><T9/><D106/><U3/><E122/><V132/><F0/><W35/><G35/><T70/><D135/><U71/><E133/><V20/><F132/><W15/><G74/><T36/><D9/><U54/><E43/><V125/><F113/><W131/><G131/><T62/><D24/><U2/><E108/><V16/><F120/><W86/><G104/><T121/><D121/><U34/><E34/><V22/><F125/><W126/><G126/><T49/><D84/><U12/><E127/><V107/><F28/><W94/><G25/><T40/><D92/><U87/><E73/><V85/><F107/><W52/><G94/><T72/><REACH who="0" step="1"/><D72/><REACH who="0" ten="182,314,257,237" step="2"/><U32/><E87/><V76/><F119/><W69/><G99/><T14/><D14/><U75/><E12/><V109/><F116/><W98/><G98/><T60/><D60/><U51/><E8/><V59/><F109/><W115/><G115/><T17/><D17/><U21/><E96/><V110/><F110/><W42/><G69/><T77/><D77/><U95/><E71/><V89/><F76/><N who="3" m="46439" /><G42/><T78/><D78/><U130/><E105/><V82/><F85/><W58/><G30/><T64/><D64/><U56/><E75/><V57/><F13/><W117/><G117/><T53/><D53/><U79/><E54/><V1/><F1/><W68/><G68/><T97/><D97/><U111/><E3/><V88/><F90/><W26/><G26/><T112/><D112/><U124/><E2/><V55/><F55/><W27/><G27/><T123/><D123/><U67/><E124/><RYUUKYOKU ba="0,1" sc="182,10,314,-30,257,10,237,10" hai0="4,5,6,36,37,40,47,49,62,66,70,100,101" hai2="16,19,20,22,48,50,57,59,80,82,88,89,103" hai3="15,18,23,29,31,44,45,46,52,58" /><INIT seed="3,1,1,4,1,111" ten="192,284,267,247" oya="3" hai0="18,110,46,95,75,101,25,84,33,97,83,130,61" hai1="44,106,40,124,74,17,7,12,23,122,5,48,68" hai2="76,14,133,115,34,11,32,24,62,64,129,127,134" hai3="82,22,102,126,135,72,104,13,79,16,6,108,45"/><W57/><G135/><N who="2" m="51721" /><F76/><W96/><G126/><T92/><D110/><U52/><E122/><V38/><F38/><W121/><G108/><T103/><D130/><U94/><E106/><V47/><F127/><W93/><G121/><T88/><D46/><U120/><E124/><V69/><F129/><W30/><G30/><T26/><D33/><N who="2" m="12906" /><F47/><W0/><G45/><T49/><D49/><N who="1" m="26759" /><E74/><V37/><F24/><N who="0" m="9322" /><D75/><U107/><E107/><V77/><F77/><W114/><G57/><T105/><D105/><U80/><E68/><V15/><F37/><W112/><REACH who="3" step="1"/><G104/><REACH who="3" ten="192,284,267,237" step="2"/><T60/><D18/><U2/><E120/><V42/><F115/><W53/><G53/><T89/><D103/><U81/><E52/><V1/><F42/><W86/><G86/><AGARI ba="1,2" hai="60,61,83,84,86,88,89,92,95,97,101" m="9322" machi="86" ten="30,2000,0" yaku="8,1,54,1" doraHai="111" who="0" fromWho="3" sc="192,43,284,0,267,0,237,-23" /><INIT seed="4,0,0,1,5,26" ten="235,284,267,214" oya="0" hai0="128,49,34,109,55,35,74,3,130,118,58,110,12" hai1="131,39,63,116,93,94,69,46,122,14,1,4,64" hai2="99,102,56,70,92,18,31,19,97,105,29,114,72" hai3="44,16,111,43,85,91,60,0,38,73,6,80,30"/><T127/><D3/><U133/><E116/><V20/><F70/><W95/><G111/><N who="0" m="42507" /><D118/><U124/><E122/><V107/><F72/><W2/><G6/><T125/><D12/><U103/><E1/><V57/><F114/><W27/><G16/><T117/><D117/><U83/><E124/><N who="0" m="47689" /><D74/><U119/><E119/><V86/><F86/><W36/><G36/><T21/><D21/><U66/><E14/><V48/><F48/><W15/><G15/><T33/><AGARI ba="0,0" hai="33,34,35,49,55,58,128,130" m="47689,42507" machi="33" ten="40,3900,0" yaku="10,1,18,1" doraHai="26" who="0" fromWho="0" sc="235,39,284,-13,267,-13,214,-13" /><INIT seed="4,1,0,3,2,132" ten="274,271,254,201" oya="0" hai0="33,32,76,63,115,48,49,10,39,133,127,90,13" hai1="92,38,20,105,4,27,122,15,8,2,86,91,35" hai2="120,61,31,60,126,85,21,94,106,24,123,130,59" hai3="0,71,62,113,87,129,78,30,41,6,114,36,58"/><T26/><D39/><U79/><E122/><V103/><F106/><W110/><G71/><T43/><D133/><U7/><E38/><V54/><F130/><W117/><G117/><T98/><D76/><U11/><E105/><V56/><F126/><W34/><G110/><T104/><D127/><U118/><E35/><V82/><F103/><W99/><G129/><T3/><D3/><U74/><E118/><V9/><F94/><W112/><G99/><T46/><D115/><N who="3" m="29441" /><W72/><DORA hai="45" /><G87/><T47/><D63/><U101/><E101/><V67/><REACH who="2" step="1"/><F9/><REACH who="2" ten="274,271,244,201" step="2"/><N who="3" m="2247" /><G34/><T52/><D104/><U37/><E92/><V19/><F19/><W80/><G30/><T5/><D33/><U83/><E11/><V95/><F95/><W70/><G70/><T128/><D128/><U135/><E8/><V64/><F64/><N who="3" m="38999" /><G36/><T134/><D32/><U93/><E37/><V17/><F17/><W77/><G77/><AGARI ba="1,1" hai="21,24,31,54,56,59,60,61,67,77,82,85,120,123" machi="77" ten="30,7700,0" yaku="1,1,7,1,53,2" doraHai="132,45" doraHaiUra="66,53" who="2" fromWho="3" sc="274,0,271,0,244,90,201,-80" owari="274,7.0,271,-13.0,334,44.0,121,-38.0" /></mjloggm>