<mjloggm ver="2.3"><GO type="169" lobby="0"/><UN n0="%E3%81%BE%E3%81%8F%E3%81%A9%E3%81%AA%E3%82%8B%E3%81%AA%E3%82%8B%E3%81%A9" n1="%74%65%61%6D%2D%65%78" n2="%73%61%6E%64%69%72%69%73" n3="%E3%83%97%E3%83%AC%E3%82%B9%E3%83%97" dan="16,16,17,17" rate="2127.63,2187.06,2211.75,2182.76" sx="M,M,M,M"/><TAIKYOKU oya="0"/><INIT seed="0,0,0,5,5,133" ten="250,250,250,250" oya="0" hai0="51,75,7,11,131,25,84,96,135,55,63,71,32" hai1="103,102,62,35,34,30,78,93,20,13,52,0,113" hai2="53,100,85,17,58,1,54,5,81,8,29,2,83" hai3="36,66,43,92,16,119,88,39,118,70,99,107,67"/><T65/><D75/><U26/><E0/><V108/><F108/><W86/><G107/><T87/><D131/><U64/><E113/><V9/><F29/><W68/><G66/><T44/><D135/><U42/><E42/><V14/><F100/><W80/><G67/><T97/><D32/><U18/><E78/><V72/><F72/><W73/><G73/><T124/><D25/><U46/><E34/><V129/><F129/><W90/><G118/><T60/><D60/><U106/><E106/><V19/><F58/><W24/><G119/><T40/><D124/><U120/><E120/><V41/><F41/><W21/><REACH who="3" step="1"/><G43/><REACH who="3" ten="250,250,250,240" step="2"/><T125/><D125/><U112/><E112/><V126/><F126/><W57/><G57/><T74/><D74/><U50/><REACH who="1" step="1"/><E93/><REACH who="1" ten="250,240,250,240" step="2"/><V117/><F117/><W98/><G98/><T76/><D96/><U47/><E47/><V121/><F121/><W101/><G101/><T132/><D97/><U79/><E79/><V12/><F85/><W49/><G49/><T37/><D76/><U95/><E95/><V31/><F83/><W15/><G15/><N who="0" m="5631" /><D132/><U3/><E3/><V105/><F81/><W69/><AGARI ba="0,2" hai="16,21,24,36,39,68,69,70,80,86,88,90,92,99" machi="69" ten="30,7900,0" yaku="1,1,0,1,54,2,53,0" doraHai="133" doraHaiUra="128" who="3" fromWho="3" sc="250,-39,240,-20,250,-20,240,99" /><INIT seed="1,0,0,0,2,121" ten="211,220,230,339" oya="1" hai0="126,25,87,73,77,107,62,119,82,28,118,68,117" hai1="76,89,67,113,56,16,71,3,21,22,61,42,134" hai2="14,52,54,23,80,24,53,116,112,104,11,46,124" hai3="17,70,95,109,57,60,63,5,102,32,81,31,13"/><U49/><E113/><V78/><F116/><W101/><G5/><T96/><D126/><U4/><E134/><V35/><F104/><W10/><G70/><T128/><D128/><U8/><E76/><V133/><F124/><W51/><G81/><T66/><D87/><U38/><E89/><V91/><F35/><W127/><G127/><T27/><D27/><U97/><E97/><V79/><F133/><W6/><G51/><T55/><D55/><U85/><E85/><N who="2" m="50599" /><F46/><W20/><G63/><T45/><D45/><U98/><E98/><V69/><F69/><W72/><G72/><T115/><D115/><U103/><E103/><V44/><F44/><W34/><G95/><T108/><D108/><U0/><E0/><V7/><F112/><W130/><G109/><T19/><D19/><AGARI ba="0,0" hai="7,11,14,19,23,24,52,53,54,78,79" m="50599" machi="19" ten="30,2000,0" yaku="8,1,54,1" doraHai="121" who="2" fromWho="0" sc="211,-20,220,0,230,20,339,0" /><INIT seed="2,0,0,2,3,88" ten="191,220,250,339" oya="2" hai0="15,104,86,28,19,134,1,33,39,2,41,65,128" hai1="111,27,125,117,90,68,40,77,57,108,8,61,83" hai2="3,71,96,76,115,37,44,95,64,102,84,52,11" hai3="53,0,127,97,17,56,103,100,51,123,133,16,70"/><V38/><F115/><W79/><G123/><T82/><D104/><U24/><E117/><V132/><F132/><W118/><G118/><T80/><D134/><U25/><E68/><V63/><F3/><W98/><G127/><T55/><D65/><U6/><E125/><V116/><F11/><W131/><G131/><T54/><D82/><U122/><E122/><V23/><F116/><W50/><G70/><T105/><D105/><U9/><E40/><V32/><F32/><W43/><G133/><T72/><D72/><U45/><E45/><V106/><F23/><W73/><G0/><T107/><D107/><U10/><E90/><V36/><F106/><W62/><G79/><T4/><D41/><U78/><E6/><V91/><F76/><W22/><G73/><T21/><D39/><U119/><E119/><V30/><F30/><W130/><G17/><T59/><D128/><U34/><E34/><V49/><REACH who="2" step="1"/><F102/><REACH who="2" ten="191,220,240,339" step="2"/><W87/><G100/><T85/><D1/><U124/><E124/><V109/><F109/><N who="1" m="42057" /><E83/><V121/><F121/><W35/><G35/><T12/><D80/><U60/><E78/><V94/><F94/><W48/><G103/><T99/><D33/><U67/><E77/><V29/><F29/><W7/><G22/><T120/><D21/><U20/><E20/><V26/><F26/><W113/><G113/><T58/><D120/><U66/><E25/><V46/><F46/><W14/><G130/><T74/><D28/><U42/><E24/><V135/><F135/><W81/><G7/><T89/><D74/><U5/><E27/><V114/><F114/><RYUUKYOKU ba="0,1" sc="191,-10,220,-10,240,30,339,-10" hai2="36,37,38,44,49,52,63,64,71,84,91,95,96" /><INIT seed="2,1,1,3,5,27" ten="181,210,270,329" oya="2" hai0="93,51,79,130,77,17,85,117,47,56,120,71,88" hai1="64,127,18,122,3,37,65,36,90,107,20,4,131" hai2="119,19,57,60,68,104,134,30,84,102,0,53,118" hai3="108,106,110,26,50,69,24,43,2,129,48,40,128"/><V115/><F115/><W132/><G2/><T67/><D120/><U91/><E107/><V126/><F0/><W121/><G106/><T61/><D130/><N who="3" m="50281" /><G121/><T111/><D111/><N who="3" m="42537" /><G69/><T46/><D117/><U86/><E122/><V44/><F126/><W135/><G26/><T45/><D71/><U95/><E131/><V1/><F134/><N who="3" m="51243" /><G24/><T113/><D113/><U23/><E127/><V35/><F1/><W109/><N who="3" m="42545" /><W12/><DORA hai="21" /><G12/><T54/><REACH who="0" step="1"/><D17/><REACH who="0" ten="171,210,270,329" step="2"/><U70/><E18/><V9/><F19/><W73/><G73/><T59/><AGARI ba="1,2" hai="45,46,47,51,54,56,59,61,67,77,79,85,88,93" machi="59" ten="30,16000,3" yaku="1,1,2,1,0,1,8,1,54,1,53,3" doraHai="27,21" doraHaiUra="42,66" who="0" fromWho="0" sc="171,183,210,-41,270,-81,329,-41" /><INIT seed="3,0,0,2,5,14" ten="354,169,189,288" oya="3" hai0="38,5,67,130,26,18,104,8,75,12,125,37,25" hai1="4,83,85,80,110,41,63,118,27,61,117,17,57" hai2="105,74,23,106,39,84,119,108,62,68,32,79,97" hai3="40,98,51,86,28,6,77,65,60,129,0,66,22"/><W123/><G123/><T89/><D104/><U71/><E110/><V47/><F119/><N who="1" m="45577" /><E4/><V48/><F108/><W55/><G129/><T15/><D75/><U124/><E124/><V111/><F111/><W128/><G128/><T73/><D73/><U121/><E121/><V29/><F39/><W101/><G40/><T93/><D130/><U78/><E41/><V87/><F23/><W52/><G0/><T53/><D125/><U82/><E71/><V44/><F44/><W134/><G134/><T107/><D107/><U7/><E7/><V70/><F70/><W34/><G34/><T81/><D67/><N who="1" m="39343" /><E63/><V72/><F62/><W94/><G6/><T115/><D115/><U30/><E17/><V3/><F68/><W46/><G55/><T90/><D38/><U92/><E92/><V91/><F106/><W131/><G60/><T42/><D42/><U56/><E56/><V19/><F105/><W45/><G45/><T2/><D37/><U10/><E10/><V99/><F3/><W58/><G58/><T49/><D2/><U112/><E112/><V100/><F47/><W135/><G135/><T64/><D64/><U13/><E13/><V127/><F127/><W21/><G131/><T96/><D5/><U11/><E11/><V43/><F43/><W132/><G132/><T9/><D9/><U116/><N who="1" m="45585" /><U88/><DORA hai="133" /><E78/><V69/><F79/><W50/><G50/><T33/><D15/><U54/><E54/><V36/><F48/><W95/><G77/><T24/><D49/><U20/><AGARI ba="0,0" hai="20,27,30,80,82,83,85,88" m="39343,45585" machi="20" ten="40,2700,0" yaku="12,1,54,1" doraHai="14,133" who="1" fromWho="1" sc="354,-7,169,27,189,-7,288,-13" /><INIT seed="4,0,0,3,4,91" ten="347,196,182,275" oya="0" hai0="44,112,57,42,48,58,26,81,125,16,135,36,9" hai1="72,97,65,129,35,32,14,87,103,64,33,77,83" hai2="105,27,109,50,67,1,46,79,30,126,107,102,76" hai3="38,49,118,134,23,110,86,70,123,8,88,43,80"/><T124/><D112/><U19/><E129/><V17/><F109/><W31/><G118/><T11/><D135/><U7/><E7/><V20/><F126/><N who="0" m="48746" /><D81/><U10/><REACH who="1" step="1"/><E72/><REACH who="1" ten="347,186,182,275" step="2"/><V89/><F1/><W74/><G74/><T85/><D36/><U114/><E114/><V120/><F120/><W113/><G38/><T21/><D85/><U99/><E99/><V54/><F79/><W2/><G123/><T12/><D9/><U55/><E55/><V121/><F76/><W101/><G8/><T73/><D73/><U100/><E100/><V116/><F102/><W5/><G101/><T24/><D24/><U34/><N who="1" m="8192" /><DORA hai="0" /><U104/><AGARI ba="0,1" hai="10,14,19,64,65,77,83,87,97,103,104" m="8192" machi="104" ten="60,8000,1" yaku="1,1,4,1,0,1,53,1" doraHai="91,0" doraHaiUra="68,13" who="1" fromWho="1" sc="347,-40,186,90,182,-20,275,-20" /><INIT seed="5,0,0,4,5,127" ten="307,276,162,255" oya="1" hai0="85,122,58,8,24,132,90,42,56,109,37,123,116" hai1="18,54,93,44,104,23,53,34,97,47,125,83,117" hai2="94,7,66,62,124,107,17,67,99,112,81,74,72" hai3="27,5,51,26,80,40,50,30,64,133,111,113,108"/><U32/><E117/><V82/><F124/><W75/><G133/><T130/><D116/><U134/><E104/><V100/><F112/><W4/><G64/><T13/><D109/><U12/><E125/><V59/><F7/><W48/><G40/><T128/><D132/><U69/><E69/><V35/><F35/><W55/><G55/><T121/><D37/><U65/><E134/><V11/><F67/><W70/><G70/><T63/><D24/><U77/><E65/><V45/><F45/><W89/><G113/><T115/><D42/><U131/><E131/><N who="0" m="50217" /><D115/><U102/><E47/><V71/><F71/><W43/><G43/><T106/><D106/><U88/><E102/><V126/><F107/><W118/><G118/><T31/><D31/><U15/><E53/><V46/><F126/><W60/><G30/><T105/><D105/><U19/><E54/><V98/><F66/><W79/><G27/><T39/><D63/><U20/><REACH who="1" step="1"/><E44/><REACH who="1" ten="307,266,162,255" step="2"/><V33/><F46/><W49/><G108/><T14/><D39/><U29/><E29/><V16/><F62/><W87/><G60/><T92/><D14/><U78/><E78/><V84/><F100/><W57/><G111/><T2/><D2/><U119/><E119/><V76/><F76/><W101/><G79/><T95/><D13/><U38/><E38/><V25/><F25/><W9/><G50/><T10/><D58/><U41/><E41/><V6/><F59/><W110/><G57/><T91/><D56/><U22/><E22/><V73/><F33/><W68/><G110/><T135/><D135/><U61/><E61/><RYUUKYOKU ba="0,1" sc="307,15,266,15,162,-15,255,-15" hai0="8,10,85,90,91,92,95,121,122,123" hai1="12,15,18,19,20,23,32,34,77,83,88,93,97" /><INIT seed="5,1,1,5,1,80" ten="322,281,147,240" oya="1" hai0="73,72,16,8,26,118,77,104,42,59,76,30,81" hai1="135,32,51,2,69,132,130,65,88,115,128,1,62" hai2="98,119,44,9,55,28,89,117,97,108,17,84,6" hai3="7,22,78,50,31,74,133,127,101,35,10,112,20"/><U24/><E51/><V92/><F108/><W11/><G101/><T5/><D104/><U63/><E115/><V19/><F28/><W134/><G74/><T41/><D118/><U15/><E15/><V70/><F70/><W52/><G78/><T66/><D76/><U53/><E53/><V105/><F119/><W125/><G112/><T33/><D73/><U102/><E63/><V107/><F117/><W54/><G35/><T43/><D66/><U23/><E102/><V100/><F107/><W14/><G11/><T0/><D59/><U116/><E116/><V113/><F113/><W21/><G31/><T121/><D121/><U48/><E48/><V90/><F55/><N who="3" m="21035" /><G50/><T110/><D110/><U38/><E38/><V83/><REACH who="2" step="1"/><F44/><REACH who="2" ten="322,281,137,240" step="2"/><W95/><G133/><N who="1" m="51274" /><E32/><V12/><AGARI ba="1,2" hai="6,9,12,17,19,83,84,89,90,92,97,98,100,105" machi="12" ten="20,8000,1" yaku="1,1,0,1,7,1,52,1,53,1" doraHai="80" doraHaiUra="79" who="2" fromWho="2" sc="322,-21,281,-41,137,103,240,-21" /><INIT seed="6,0,0,2,3,83" ten="301,240,240,219" oya="2" hai0="109,118,46,102,39,125,43,16,45,128,56,104,101" hai1="55,28,122,68,47,70,124,24,61,75,107,3,52" hai2="50,117,106,59,99,110,71,33,5,11,58,119,32" hai3="10,60,65,77,19,44,63,6,108,88,48,1,114"/><V73/><F71/><W34/><G108/><T132/><D109/><U62/><E3/><V22/><F73/><W7/><G114/><T2/><D2/><U87/><E75/><V84/><F110/><W78/><G34/><T100/><D125/><U51/><E107/><V72/><F72/><W95/><G7/><T116/><D128/><U53/><E124/><V0/><F22/><W127/><G19/><T91/><D132/><U86/><E122/><V17/><F17/><W12/><G1/><T67/><D46/><U57/><E68/><V37/><F37/><W74/><G74/><T66/><D104/><U49/><E70/><V131/><F131/><W134/><G134/><T90/><D16/><U135/><E135/><V27/><F27/><W89/><G127/><T21/><D21/><N who="1" m="15375" /><E61/><N who="3" m="23626" /><G65/><N who="0" m="24587" /><D56/><AGARI ba="0,0" hai="47,49,51,52,53,55,56,57,62,86,87" m="15375" machi="56" ten="30,7700,0" yaku="8,1,52,2,54,1" doraHai="83" who="1" fromWho="0" sc="301,-77,240,77,240,0,219,0" /><INIT seed="7,0,0,4,5,53" ten="224,317,240,219" oya="3" hai0="10,4,31,113,87,80,127,126,47,24,65,119,91" hai1="70,22,45,39,44,123,118,37,115,74,98,117,77" hai2="23,43,120,1,26,38,57,58,3,100,16,66,99" hai3="52,48,27,92,60,21,46,79,108,104,29,93,84"/><W51/><G104/><T128/><D119/><N who="1" m="45579" /><E123/><V0/><F120/><W49/><G108/><T14/><D128/><U41/><E70/><V30/><F66/><W42/><G60/><T76/><D113/><U36/><E115/><V94/><F43/><W7/><G7/><T5/><D5/><U35/><E35/><V102/><F38/><W116/><G116/><T20/><D65/><U88/><E22/><V18/><F102/><W131/><G131/><T132/><D132/><U67/><E67/><V114/><F114/><W103/><G103/><T25/><D47/><U68/><E68/><V71/><F71/><W90/><G79/><T69/><D69/><U15/><E15/><V83/><F83/><W82/><G49/><T133/><D133/><U112/><E41/><V9/><F9/><W95/><G82/><T129/><D129/><U64/><E64/><V34/><REACH who="2" step="1"/><F18/><REACH who="2" ten="224,317,230,219" step="2"/><W56/><AGARI ba="0,1" hai="21,27,29,42,46,48,51,52,56,84,90,92,93,95" machi="56" ten="20,12000,1" yaku="0,1,7,1,8,1,52,1,54,1" doraHai="53" who="3" fromWho="3" sc="224,-40,317,-40,230,-40,219,130" owari="184,-32.0,277,8.0,190,-21.0,349,45.0" /></mjloggm>