<mjloggm ver="2.3"><GO type="169" lobby="0"/><UN n0="%E3%81%A9%E3%81%8F%E3%81%A1%E3%81%8F%E3%82%8F" n1="%E3%81%B2%E3%81%90%E3%81%A1" n2="%E3%81%98%E3%81%98%E3%81%84%E3%81%8C%E5%91%BC%E3%82%93%E3%81%A0" n3="%E3%81%A8%E3%81%B3%E3%81%BE%E3%81%93" dan="16,17,16,16" rate="2083.74,2246.51,2133.50,2114.36" sx="M,M,M,M"/><TAIKYOKU oya="0"/><INIT seed="0,0,0,3,3,70" ten="250,250,250,250" oya="0" hai0="74,89,33,63,44,100,21,16,28,130,81,4,135" hai1="101,88,114,22,18,59,126,84,119,91,9,103,73" hai2="26,43,87,6,113,112,53,123,93,54,95,86,78" hai3="8,13,85,39,62,32,106,36,122,108,82,5,17"/><T105/><D130/><U15/><E119/><V34/><F123/><W48/><G106/><T29/><D135/><U45/><E73/><V56/><F6/><W120/><G32/><T12/><D4/><U134/><E134/><V50/><F43/><W96/><G96/><T40/><D105/><U46/><E126/><V68/><F68/><W52/><G62/><T20/><D100/><N who="1" m="38475" /><E114/><V42/><F42/><W69/><G69/><T111/><D33/><U65/><E9/><V41/><F41/><W72/><G72/><T47/><D111/><U23/><E22/><V127/><F127/><W121/><G5/><T124/><D124/><U98/><E98/><V64/><F64/><W110/><G110/><T118/><D118/><U117/><E117/><V30/><F87/><W94/><G94/><T76/><D21/><U115/><E115/><V3/><F3/><W61/><G61/><T7/><D7/><U2/><E2/><V133/><F133/><W129/><G129/><T75/><D75/><U71/><E71/><V132/><F132/><W0/><G0/><T116/><D116/><U24/><E24/><V60/><F95/><W35/><G35/><T14/><D14/><U66/><E91/><N who="2" m="53495" /><F78/><N who="3" m="46295" /><G108/><T79/><D79/><U90/><E90/><V58/><F113/><W27/><G27/><T92/><D63/><N who="1" m="38143" /><E66/><V37/><F112/><W125/><G125/><T1/><D1/><U19/><E19/><V99/><F99/><W77/><G77/><T128/><D128/><U80/><AGARI ba="0,0" hai="15,18,23,45,46,80,84,88" m="38143,38475" machi="80" ten="30,2000,0" yaku="8,1,54,1" doraHai="70" who="1" fromWho="1" sc="250,-10,250,20,250,-5,250,-5" /><INIT seed="1,0,0,5,2,13" ten="240,270,245,245" oya="1" hai0="33,122,49,112,70,8,78,40,57,71,92,42,68" hai1="38,34,128,12,133,67,77,113,82,17,76,26,60" hai2="39,132,1,102,11,95,30,27,119,4,135,84,118" hai3="20,106,123,25,88,97,110,104,66,19,100,127,21"/><U36/><E113/><V61/><F39/><W64/><G123/><T94/><D112/><U58/><E128/><V63/><F102/><W59/><G110/><T2/><D33/><U50/><E133/><N who="2" m="51275" /><F95/><W29/><G127/><T6/><D122/><U85/><E76/><V75/><F84/><W43/><G43/><T53/><D78/><U116/><E116/><N who="2" m="44587" /><F75/><W41/><G41/><T55/><D55/><U52/><E34/><AGARI ba="0,0" hai="1,4,11,27,30,34,61,63" m="44587,51275" machi="34" ten="30,1000,0" yaku="20,1" doraHai="13" who="2" fromWho="1" sc="240,0,270,-10,245,10,245,0" /><INIT seed="2,0,0,3,4,62" ten="240,260,255,245" oya="2" hai0="89,38,40,101,115,33,125,97,85,63,51,102,87" hai1="130,57,1,121,123,119,61,107,74,7,73,49,18" hai2="24,104,91,92,46,48,37,124,67,131,79,99,133" hai3="9,127,116,94,68,132,117,88,8,112,29,80,50"/><V126/><F131/><W75/><G29/><T113/><D33/><U66/><E119/><V42/><F133/><W60/><G132/><T22/><D38/><U70/><E130/><V108/><F79/><W78/><G127/><N who="2" m="48681" /><F104/><W39/><G39/><T17/><D125/><U45/><E107/><V28/><F108/><W69/><G69/><T2/><D2/><U100/><E100/><V118/><F118/><W41/><G112/><T86/><D89/><U11/><E18/><V59/><F37/><W65/><G117/><T93/><D101/><U10/><E10/><V83/><F83/><W23/><G23/><T55/><D40/><U35/><E35/><N who="2" m="20871" /><F59/><W34/><G34/><T56/><D113/><U26/><E26/><V82/><F82/><W20/><G20/><T36/><D36/><U19/><E19/><V31/><F31/><W72/><G72/><T6/><D6/><U30/><E57/><V106/><F106/><W81/><G81/><T12/><D115/><U96/><E30/><V109/><F109/><W54/><G116/><T135/><D135/><U114/><E114/><V53/><F42/><W129/><G41/><T52/><D86/><U16/><E96/><V32/><F32/><W21/><G21/><T122/><D122/><N who="1" m="46603" /><E16/><V3/><F3/><W111/><G111/><T14/><D12/><U47/><E47/><AGARI ba="0,0" hai="14,17,22,47,51,52,55,56,63,85,87,93,97,102" machi="47" ten="30,3900,0" yaku="7,1,8,1,54,1" doraHai="62" who="0" fromWho="1" sc="240,39,260,-39,255,0,245,0" /><INIT seed="3,0,0,3,1,29" ten="279,221,255,245" oya="3" hai0="46,117,82,69,35,22,107,8,129,130,39,49,80" hai1="25,57,79,13,90,121,124,48,86,60,73,71,50" hai2="28,122,128,67,94,6,2,68,81,30,76,3,19" hai3="126,113,36,26,92,101,66,63,1,5,103,75,108"/><W65/><G113/><T52/><D117/><U87/><E121/><V53/><F122/><W78/><G36/><T98/><D69/><U34/><E71/><V18/><F128/><N who="0" m="49258" /><D8/><U64/><E73/><V100/><F53/><W42/><G42/><T62/><D22/><U89/><E124/><V83/><F100/><W135/><G126/><T17/><D17/><U23/><E79/><V20/><F94/><W132/><G5/><T32/><D62/><U109/><E34/><N who="0" m="12841" /><D39/><U45/><E13/><V96/><F76/><W55/><G63/><T10/><D10/><U120/><E109/><V51/><F68/><W33/><G108/><T114/><D114/><U16/><E120/><V104/><F6/><W41/><G33/><T102/><AGARI ba="0,0" hai="46,49,52,80,82,98,102,107" m="12841,49258" machi="102" ten="40,8000,1" yaku="19,1,52,3,54,1" doraHai="29" who="0" fromWho="0" sc="279,80,221,-20,255,-20,245,-40" /><INIT seed="4,0,0,1,5,127" ten="359,201,235,205" oya="0" hai0="67,24,133,12,102,33,8,135,49,83,31,115,6" hai1="19,90,100,124,94,37,132,114,14,99,21,85,23" hai2="104,86,110,39,57,62,116,17,36,3,7,2,45" hai3="53,42,35,65,55,119,11,28,9,126,131,105,52"/><T118/><D118/><U76/><E124/><V32/><F110/><W73/><G126/><T87/><D115/><U72/><E37/><V74/><F74/><W111/><G111/><T48/><D67/><U22/><E132/><N who="0" m="50761" /><D102/><U20/><E114/><V70/><F70/><W120/><G119/><T25/><D24/><U101/><E72/><V113/><F104/><W106/><G73/><T29/><D31/><U26/><E76/><AGARI ba="0,0" hai="6,8,12,25,29,33,48,49,76,83,87" m="50761" machi="76" ten="30,1500,0" yaku="20,1" doraHai="127" who="0" fromWho="1" sc="359,15,201,-15,235,0,205,0" /><INIT seed="4,1,0,3,2,78" ten="374,186,235,205" oya="0" hai0="127,33,42,84,101,123,77,99,41,128,23,54,83" hai1="126,100,106,20,87,5,98,117,134,107,47,111,34" hai2="72,8,24,63,115,18,109,103,17,120,124,108,132" hai3="44,25,95,22,118,56,37,57,79,0,52,97,89"/><T122/><D127/><U59/><E34/><V26/><F72/><W112/><G112/><T76/><D33/><U60/><E111/><N who="2" m="42571" /><F103/><W66/><G118/><T114/><D114/><U135/><E117/><V70/><F115/><W64/><G0/><T10/><D76/><U67/><E126/><V73/><F73/><W113/><G113/><T21/><D128/><U28/><E5/><V27/><F124/><W12/><G12/><T3/><D54/><U45/><E107/><V71/><F63/><W121/><G121/><T91/><D122/><U96/><E96/><V86/><F86/><W39/><G79/><T80/><D123/><U90/><E28/><V1/><F120/><W92/><G92/><N who="0" m="58599" /><D3/><U105/><E20/><N who="0" m="7753" /><D10/><U58/><E58/><N who="3" m="22634" /><G39/><T88/><D77/><U102/><E102/><V38/><F38/><W13/><G13/><T29/><D29/><U9/><E9/><V85/><F8/><W133/><G133/><N who="1" m="50698" /><E106/><V74/><F1/><W15/><G15/><T81/><D91/><U11/><E11/><V2/><F2/><W40/><G40/><AGARI ba="1,0" hai="40,41,42,80,81,83,84,88" m="7753,58599" machi="40" ten="30,12000,1" yaku="8,1,52,3,54,1" doraHai="78" who="0" fromWho="3" sc="374,123,186,0,235,0,205,-123" /><INIT seed="4,2,0,4,1,77" ten="497,186,235,82" oya="0" hai0="29,34,125,25,43,55,93,58,49,108,111,33,39" hai1="36,123,92,57,80,130,13,87,65,84,17,102,68" hai2="46,50,5,115,47,119,54,81,38,91,110,86,112" hai3="78,30,7,127,14,131,132,104,12,37,42,74,70"/><T107/><D107/><U101/><E36/><V133/><F110/><N who="0" m="42026" /><D125/><U99/><E68/><V2/><F133/><W106/><G70/><T51/><D39/><U129/><E123/><V56/><F119/><W18/><G127/><T44/><D93/><U15/><E65/><V61/><F5/><W109/><G109/><T116/><D34/><U69/><E69/><V3/><F38/><W1/><G132/><T90/><D90/><N who="1" m="51463" /><E57/><V76/><F91/><W52/><G30/><T96/><D96/><N who="1" m="59527" /><E17/><V71/><F71/><W8/><G131/><N who="1" m="50186" /><E87/><V121/><F121/><W113/><G113/><N who="2" m="43593" /><F47/><W118/><G118/><AGARI ba="2,0" hai="25,29,33,43,44,49,51,55,58,116,118" m="42026" machi="118" ten="30,1500,0" yaku="10,1" doraHai="77" who="0" fromWho="3" sc="497,21,186,0,235,0,82,-21" /><INIT seed="4,3,0,4,0,106" ten="518,186,235,61" oya="0" hai0="87,35,91,90,80,42,40,64,46,58,31,12,60" hai1="130,1,105,24,56,52,120,18,10,134,47,14,119" hai2="107,71,7,118,89,110,15,126,13,115,44,30,103" hai3="116,8,48,70,108,121,20,11,131,112,51,16,45"/><T113/><D113/><U53/><E120/><V55/><F110/><W129/><G108/><T79/><D40/><U77/><E119/><V66/><F115/><W135/><G112/><T21/><D35/><U32/><E105/><V84/><F118/><W37/><G116/><T86/><D12/><U78/><E130/><N who="3" m="49674" /><G121/><T92/><D21/><U28/><E134/><V114/><F114/><W93/><G70/><T100/><D31/><U19/><E19/><V39/><F126/><W83/><G93/><T94/><D100/><U2/><E47/><V81/><F30/><W98/><G98/><T34/><D34/><U109/><E53/><V4/><F103/><W26/><G135/><T123/><D123/><U63/><REACH who="1" step="1"/><E109/><REACH who="1" ten="518,176,235,61" step="2"/><V88/><F107/><W43/><G83/><T69/><D46/><U17/><E17/><V38/><F44/><N who="3" m="25631" /><G37/><T22/><D42/><AGARI ba="3,1" hai="8,11,16,20,26,42,45,51" m="25631,49674" machi="42" ten="30,2000,0" yaku="19,1,54,1" doraHai="106" who="3" fromWho="0" sc="518,-29,176,0,235,0,61,39" /><INIT seed="5,0,0,3,0,61" ten="489,176,235,100" oya="1" hai0="110,101,63,132,74,66,79,55,131,99,30,52,49" hai1="126,86,51,98,4,115,35,80,20,50,85,73,117" hai2="37,103,48,118,113,84,69,120,13,12,26,8,18" hai3="78,96,1,38,91,16,77,67,62,31,129,93,21"/><U75/><E35/><V58/><F37/><W107/><G129/><T133/><D110/><U102/><E4/><V23/><F69/><W39/><G1/><T108/><D108/><U32/><E32/><V25/><F118/><W116/><G116/><T41/><D30/><U56/><E117/><V128/><F120/><W36/><G31/><T130/><D79/><U44/><E115/><V122/><F122/><W124/><G107/><T64/><D74/><U54/><E126/><V76/><F128/><N who="0" m="49194" /><D41/><U135/><E135/><N who="0" m="51785" /><D63/><U114/><E114/><V6/><F103/><W95/><G95/><N who="0" m="58623" /><D55/><U60/><E51/><V19/><F113/><W57/><REACH who="3" step="1"/><G124/><REACH who="3" ten="489,176,235,90" step="2"/><T40/><D40/><U89/><E75/><V83/><F83/><W127/><G127/><T88/><D88/><U7/><E73/><V59/><F76/><W24/><AGARI ba="0,1" hai="16,21,24,36,38,39,57,62,67,77,78,91,93,96" machi="24" ten="30,7900,0" yaku="1,1,0,1,52,1,54,1,53,0" doraHai="61" doraHaiUra="123" who="3" fromWho="3" sc="489,-20,176,-39,235,-20,90,89" /><INIT seed="6,0,0,4,5,2" ten="469,137,215,179" oya="2" hai0="115,97,61,127,70,124,28,16,69,101,99,39,119" hai1="114,26,131,77,41,87,89,85,112,51,83,14,40" hai2="5,117,17,135,4,29,1,107,129,104,12,11,95" hai3="81,3,22,0,49,54,7,6,56,44,96,109,58"/><V121/><F117/><W15/><G109/><T31/><D115/><U134/><E26/><V64/><F121/><W67/><G3/><T36/><D119/><U25/><E25/><V78/><F129/><W132/><G0/><T42/><D16/><U72/><E131/><V118/><F118/><W68/><G68/><N who="0" m="26219" /><D61/><U53/><E134/><V21/><F135/><W35/><G35/><T126/><D42/><U94/><E72/><V80/><F64/><W73/><G73/><T30/><D101/><U74/><E74/><V130/><F130/><W125/><G125/><T75/><D75/><U65/><E65/><V33/><F33/><W71/><G71/><T43/><D43/><U122/><E122/><V59/><F29/><W113/><G113/><N who="1" m="43626" /><E14/><V13/><F13/><W52/><G132/><T62/><D62/><U128/><E128/><V102/><F12/><W47/><G67/><T76/><D76/><U57/><AGARI ba="0,0" hai="40,41,51,53,57,77,83,85,87,89,94" m="43626" machi="57" ten="30,1100,0" yaku="15,1" doraHai="2" who="1" fromWho="1" sc="469,-3,137,11,215,-5,179,-3" /><INIT seed="7,0,0,5,4,32" ten="466,148,210,176" oya="3" hai0="90,122,45,95,84,57,70,131,125,61,126,16,96" hai1="8,63,100,132,41,5,98,21,44,19,133,17,103" hai2="120,78,99,38,37,49,109,27,0,124,73,108,106" hai3="71,36,40,14,107,127,111,94,69,115,92,50,79"/><W43/><G107/><T25/><D122/><U74/><E74/><V55/><F0/><W68/><G36/><T67/><D131/><U75/><E75/><V53/><F73/><W89/><G79/><T117/><D117/><U18/><E63/><V82/><F78/><W134/><G111/><T101/><D45/><U28/><E28/><V81/><F106/><W80/><G115/><T47/><D47/><U62/><E62/><V56/><F38/><W24/><G24/><T35/><D57/><U33/><E33/><V20/><F27/><W39/><G39/><T102/><D16/><N who="1" m="6251" /><E98/><V72/><F72/><W91/><G80/><T86/><D102/><U51/><N who="1" m="6259" /><U65/><DORA hai="97" /><E65/><V104/><F82/><W60/><G60/><T6/><D6/><U1/><E21/><V7/><F37/><W123/><G123/><T4/><D4/><U42/><E42/><N who="3" m="15914" /><G50/><T83/><D86/><U48/><E48/><V85/><F49/><W46/><G46/><T59/><D70/><U87/><E87/><V64/><F120/><W29/><G29/><T110/><D110/><U3/><E3/><V52/><F109/><W23/><G23/><T128/><D128/><U113/><E113/><V58/><F20/><W11/><G127/><T13/><D126/><U112/><E112/><V77/><F124/><W15/><G134/><AGARI ba="0,0" hai="1,5,8,41,44,51,100,103,132,133,134" m="6259" machi="134" ten="40,8000,1" yaku="20,1,52,3,54,1" doraHai="32,97" who="1" fromWho="3" sc="466,0,148,80,210,0,176,-80" owari="466,56.0,228,3.0,210,-19.0,96,-40.0" /></mjloggm>