<mjloggm ver="2.3"><GO type="225" lobby="0"/><UN n0="%73%75%7A%75%6D%65%33" n1="%E6%97%A5%E6%9B%9C%E6%97%A5%E3%82%88%E3%82%8A%E3%81%AE%E4%BD%BF%E8%80%85" n2="%E9%9F%93%E8%A1%9B%E9%9D%92" n3="%E8%8F%B1%E5%B7%9D%E6%85%8E%E5%90%BE" dan="17,16,16,16" rate="2218.56,2163.50,2178.70,2143.80" sx="M,M,F,M"/><TAIKYOKU oya="0"/><INIT seed="0,0,0,2,2,77" ten="250,250,250,250" oya="0" hai0="66,121,93,96,1,68,72,91,76,8,5,19,18" hai1="52,71,35,131,14,65,110,64,135,119,74,90,48" hai2="75,34,113,17,126,37,70,4,129,46,58,133,88" hai3="23,85,107,12,20,125,32,118,54,56,122,44,30"/><T73/><D121/><U106/><E119/><V83/><F113/><W99/><G118/><T101/><D73/><U132/><E106/><V61/><F34/><W22/><G125/><T27/><D27/><U24/><E74/><V100/><F70/><W120/><G44/><T25/><D25/><U117/><E117/><V59/><F126/><W105/><G32/><T42/><D42/><U134/><E110/><V95/><F129/><W104/><G30/><T67/><D101/><U86/><E131/><V38/><F133/><W51/><G12/><T87/><D72/><U94/><E71/><V62/><F100/><W15/><G15/><N who="0" m="5519" /><D68/><U33/><E14/><V103/><F38/><W82/><REACH who="3" step="1"/><G99/><REACH who="3" ten="250,250,250,240" step="2"/><T114/><D114/><U79/><E33/><V102/><F46/><W55/><G55/><T98/><D98/><U128/><E128/><V28/><F28/><W116/><G116/><T50/><D1/><U78/><E35/><V0/><F0/><W84/><G84/><T11/><D67/><N who="1" m="25675" /><E24/><V21/><F75/><W7/><G7/><T13/><D66/><U29/><E29/><V57/><F57/><AGARI ba="0,1" hai="48,52,57,78,79,86,90,94,132,134,135" m="25675" machi="57" ten="30,2000,0" yaku="20,1,54,1" doraHai="77" who="1" fromWho="2" sc="250,0,250,30,250,-20,240,0" /><BYE who="2" /><UN n2="%E9%9F%93%E8%A1%9B%E9%9D%92" /><INIT seed="1,0,0,4,2,56" ten="250,280,230,240" oya="1" hai0="101,75,49,15,95,66,89,78,104,73,74,11,50" hai1="26,63,80,41,12,9,70,25,85,94,122,62,38" hai2="67,102,87,28,116,24,113,36,19,42,110,53,14" hai3="128,88,34,91,86,22,37,126,8,111,77,4,130"/><U27/><E70/><V7/><F116/><W105/><G34/><T13/><D78/><U99/><E122/><V32/><F110/><W35/><G35/><T68/><D101/><N who="1" m="60663" /><E41/><V125/><F125/><W47/><G105/><T107/><D107/><U83/><E38/><V58/><F102/><W129/><G126/><T103/><D103/><U109/><E109/><V72/><F72/><W90/><G22/><T69/><D104/><U61/><E85/><V5/><F67/><W124/><G124/><T133/><D133/><U55/><E55/><V71/><F71/><W93/><G111/><T117/><D117/><U82/><E82/><V120/><F120/><W57/><G57/><T2/><D2/><U44/><E44/><V112/><F87/><W16/><G77/><T121/><D121/><U98/><E98/><V84/><F84/><W40/><REACH who="3" step="1"/><G16/><AGARI ba="0,0" hai="9,12,16,25,26,27,61,62,63,80,83" m="60663" machi="16" ten="30,12000,1" yaku="8,1,52,3,54,1" doraHai="56" who="1" fromWho="3" sc="250,0,280,120,230,0,240,-120" /><INIT seed="1,1,0,1,3,87" ten="250,400,230,120" oya="1" hai0="42,98,100,109,40,25,14,134,52,113,97,125,132" hai1="120,58,24,116,19,18,21,72,127,105,104,4,131" hai2="63,53,1,32,9,107,2,117,121,74,30,11,67" hai3="29,129,123,118,59,46,48,10,119,102,114,68,71"/><U111/><E116/><N who="3" m="44586" /><G102/><T47/><D113/><U15/><E120/><V126/><F117/><W12/><G29/><T86/><D125/><U51/><E72/><V83/><F121/><W44/><G123/><T61/><D109/><U60/><E127/><V122/><F122/><W77/><G77/><T43/><D25/><U8/><E111/><V3/><F53/><N who="3" m="32167" /><G12/><T5/><D86/><U45/><E131/><V76/><F107/><W35/><G10/><N who="0" m="4431" /><D100/><U75/><E75/><V62/><F62/><W88/><G35/><T64/><D64/><U80/><E105/><V84/><F126/><W66/><G114/><T31/><D31/><U27/><E104/><V108/><F108/><W54/><G129/><T6/><D6/><U92/><E4/><V57/><F30/><W20/><G20/><T82/><D82/><U133/><E80/><V33/><F33/><W7/><G7/><T95/><D95/><U89/><E8/><V99/><F32/><W101/><G101/><T73/><D73/><U91/><E92/><V13/><F74/><W38/><G88/><N who="1" m="33866" /><E19/><V128/><F11/><W96/><G96/><T56/><D98/><U41/><E133/><N who="0" m="51305" /><D97/><U94/><E94/><V93/><F128/><W81/><G81/><T39/><AGARI ba="1,0" hai="39,40,42,43,47,52,56,61" m="51305,4431" machi="39" ten="30,2000,0" yaku="20,1,54,1" doraHai="87" who="0" fromWho="0" sc="250,23,400,-11,230,-6,120,-6" /><INIT seed="2,0,0,4,2,6" ten="273,389,224,114" oya="2" hai0="70,81,100,5,107,64,4,103,98,32,126,41,112" hai1="122,34,79,61,66,96,45,101,10,76,73,118,69" hai2="74,97,43,77,53,58,62,111,18,116,2,7,71" hai3="13,135,128,42,120,51,114,127,30,75,102,95,125"/><V28/><F116/><W134/><G120/><T22/><D112/><U38/><E118/><V9/><F28/><W37/><G75/><T63/><D32/><U133/><E133/><N who="3" m="50698" /><G30/><T36/><D126/><N who="3" m="48137" /><G37/><T123/><D123/><U68/><E34/><V50/><F111/><W124/><N who="3" m="48145" /><W40/><DORA hai="132" /><G114/><T130/><D36/><U67/><E73/><V44/><F97/><N who="3" m="59711" /><G128/><T21/><D130/><U39/><E38/><V19/><F71/><W57/><G13/><T72/><D72/><U87/><E69/><V80/><AGARI ba="0,0" hai="2,7,9,18,19,43,44,50,53,58,62,74,77,80" machi="80" ten="30,3000,0" yaku="0,1,52,1" doraHai="6,132" who="2" fromWho="2" sc="273,-10,389,-10,224,30,114,-10" /><INIT seed="2,1,0,5,4,85" ten="263,379,254,104" oya="2" hai0="134,45,39,115,86,124,88,121,92,29,8,59,127" hai1="11,17,12,132,111,81,118,116,76,47,58,7,79" hai2="60,54,110,25,0,42,51,83,9,38,46,82,43" hai3="96,100,71,113,91,114,78,95,14,31,19,99,103"/><V20/><F110/><W23/><G71/><T15/><D121/><U41/><E111/><V49/><F60/><W48/><G78/><T53/><D115/><U125/><E125/><N who="0" m="48201" /><D134/><U30/><E132/><V56/><F43/><W13/><G31/><T26/><D45/><U109/><E109/><V10/><F38/><W97/><G48/><N who="0" m="31143" /><D39/><U57/><E30/><N who="2" m="17703" /><F0/><W3/><G3/><T36/><D36/><U135/><E135/><V66/><F66/><W120/><G14/><T131/><D131/><U98/><E41/><V37/><F37/><W106/><REACH who="3" step="1"/><G120/><REACH who="3" ten="263,379,254,94" step="2"/><T93/><D29/><U129/><E12/><V73/><F73/><W62/><G62/><T128/><D128/><U80/><E129/><V70/><F70/><W84/><G84/><T69/><D69/><U130/><E130/><V123/><F123/><W4/><G4/><T24/><D24/><U6/><E6/><V108/><F108/><W126/><G126/><T1/><D26/><U74/><E7/><V50/><F51/><W89/><G89/><T101/><D1/><U72/><E72/><V5/><F5/><W44/><G44/><T2/><D2/><U68/><E74/><V40/><F40/><W32/><G32/><T22/><D86/><U107/><E68/><V28/><F28/><W16/><G16/><T77/><D77/><U64/><E17/><V61/><F50/><W55/><G55/><T119/><D15/><U87/><E79/><V34/><F34/><W33/><G33/><T102/><D88/><U104/><E76/><V75/><F75/><W21/><G21/><T18/><D22/><RYUUKYOKU ba="1,1" sc="263,-15,379,-15,254,15,94,15" hai2="9,10,42,46,49,54,56,61,82,83" hai3="13,19,23,91,95,96,97,99,100,103,106,113,114" /><INIT seed="2,2,1,1,0,58" ten="248,364,269,109" oya="2" hai0="81,124,35,18,68,134,28,13,79,36,43,88,110" hai1="67,12,113,107,51,10,19,122,97,41,99,17,54" hai2="64,45,126,92,108,69,31,39,130,15,11,61,46" hai3="106,21,14,95,8,9,62,116,23,125,34,33,115"/><V4/><F130/><W129/><G106/><T114/><D114/><U96/><E113/><V74/><F39/><W20/><G115/><T76/><D68/><U48/><E122/><V103/><F74/><W119/><G129/><T86/><D134/><U7/><E107/><V109/><F31/><W50/><G125/><T87/><D124/><U71/><E71/><V0/><F126/><W112/><G112/><T44/><D110/><N who="2" m="42602" /><F0/><W30/><G50/><T38/><D38/><U2/><E67/><V47/><F92/><W66/><G95/><T5/><D5/><U101/><E101/><AGARI ba="2,1" hai="4,11,15,45,46,47,61,64,69,101,103" m="42602" machi="101" ten="30,5800,0" yaku="14,1,10,1,52,1" doraHai="58" who="2" fromWho="1" sc="248,0,364,-64,269,74,109,0" /><INIT seed="2,3,0,2,4,7" ten="248,300,343,109" oya="2" hai0="14,6,73,78,16,12,8,122,53,62,132,40,54" hai1="3,51,116,124,125,39,41,120,77,31,89,86,38" hai2="119,123,20,11,108,46,57,61,36,35,76,37,58" hai3="106,84,114,81,127,111,50,33,135,131,18,34,21"/><V117/><F123/><W19/><G106/><T134/><D122/><U5/><E120/><V91/><F35/><W47/><G135/><N who="0" m="51755" /><D40/><U94/><E116/><V92/><F76/><W90/><G131/><T82/><D62/><U72/><E31/><V83/><F83/><W109/><G127/><N who="1" m="48714" /><E51/><V113/><F113/><W126/><G114/><T45/><D45/><N who="1" m="23735" /><E39/><V66/><F58/><W88/><G126/><T103/><D103/><U17/><E17/><V27/><F37/><W107/><G107/><T15/><D15/><U63/><E63/><V52/><F36/><W102/><G102/><T0/><D14/><U75/><E77/><V59/><F46/><W60/><G90/><T129/><D129/><U87/><E87/><V10/><F117/><W97/><G97/><T71/><D71/><U65/><E65/><V30/><F119/><W25/><G19/><T74/><D74/><U85/><E85/><N who="2" m="52335" /><F108/><N who="3" m="41547" /><G60/><AGARI ba="3,0" hai="10,11,20,27,30,52,57,59,60,61,66" m="52335" machi="60" ten="30,11600,0" yaku="8,1,52,2,54,1" doraHai="7" who="2" fromWho="3" sc="248,0,300,0,343,125,109,-125" owari="248,-15.0,300,10.0,468,57.0,-16,-52.0" /></mjloggm>