<mjloggm ver="2.3"><GO type="169" lobby="0"/><UN n0="%E3%83%88%E3%82%B7%E3%83%95%E3%83%BC%E3%83%8B" n1="%6B%61%7A%75%2D" n2="%E3%81%A8%E3%81%B3%E3%81%BE%E3%81%93" n3="%74%6E%66%73%68%32%30%34" dan="18,17,16,17" rate="2220.97,2178.00,2108.09,2137.36" sx="M,M,M,M"/><TAIKYOKU oya="0"/><INIT seed="0,0,0,4,1,112" ten="250,250,250,250" oya="0" hai0="135,33,15,80,35,119,104,77,59,48,84,123,47" hai1="70,13,134,118,132,62,72,107,129,89,127,120,81" hai2="54,91,101,23,36,28,94,42,31,4,78,22,55" hai3="75,24,3,10,50,49,95,115,105,68,27,106,133"/><T25/><D123/><U39/><RYUUKYOKU type="yao9" ba="0,0" sc="250,0,250,0,250,0,250,0" hai1="13,39,62,70,72,81,89,107,118,120,127,129,132,134" /><INIT seed="0,1,0,0,3,4" ten="250,250,250,250" oya="0" hai0="109,114,115,126,85,2,88,44,46,104,23,105,82" hai1="38,131,15,16,27,128,100,103,19,130,53,6,118" hai2="41,45,48,9,72,66,69,77,35,90,51,31,61" hai3="83,49,117,95,123,65,0,113,30,98,20,119,135"/><T7/><D126/><U78/><E118/><V75/><F90/><W1/><G113/><T87/><D23/><N who="1" m="13799" /><E38/><V28/><F35/><W25/><G135/><T11/><D109/><U22/><E78/><V63/><F77/><W55/><G123/><T81/><D115/><U101/><E53/><V116/><F116/><W92/><G92/><T134/><D134/><U24/><E6/><V33/><F33/><W68/><G83/><T133/><D133/><U122/><E24/><V64/><F45/><W93/><G93/><T107/><REACH who="0" step="1"/><D114/><REACH who="0" ten="240,250,250,250" step="2"/><U42/><E42/><V91/><F41/><W99/><G119/><T76/><AGARI ba="1,1" hai="2,7,11,44,46,76,81,82,85,87,88,104,105,107" machi="76" ten="30,12000,1" yaku="1,1,2,1,0,1,52,1,54,1,53,0" doraHai="4" doraHaiUra="10" who="0" fromWho="0" sc="240,133,250,-41,250,-41,250,-41" /><INIT seed="0,2,0,1,0,91" ten="373,209,209,209" oya="0" hai0="13,129,122,18,111,0,70,59,11,127,52,42,76" hai1="4,86,37,66,130,92,119,81,46,114,87,94,135" hai2="50,126,93,106,90,53,28,39,30,33,58,45,132" hai3="104,75,64,22,68,89,25,123,110,134,2,74,47"/><T40/><D122/><U78/><E119/><V88/><F106/><W84/><G123/><T7/><D70/><U24/><E66/><V80/><F126/><W54/><G2/><T83/><D127/><U82/><E135/><V14/><F132/><W116/><G104/><T62/><D129/><U43/><E114/><V26/><F30/><W31/><G116/><T105/><D105/><U69/><E69/><V49/><F39/><W1/><G1/><T10/><REACH who="0" step="1"/><D111/><REACH who="0" ten="363,209,209,209" step="2"/><U97/><E130/><V121/><F121/><W71/><G134/><T3/><D3/><U6/><E24/><V63/><F80/><W108/><G71/><T95/><D95/><U115/><E115/><V102/><F14/><W77/><G68/><T72/><AGARI ba="2,1" hai="0,7,10,11,13,18,40,42,52,59,62,72,76,83" machi="72" ten="20,7800,0" yaku="1,1,0,1,7,1,54,1,53,0" doraHai="91" doraHaiUra="117" who="0" fromWho="0" sc="363,94,209,-28,209,-28,209,-28" /><INIT seed="0,3,0,4,1,41" ten="457,181,181,181" oya="0" hai0="75,51,112,32,133,95,92,122,81,2,64,107,30" hai1="6,86,93,134,67,108,48,109,24,62,11,15,49" hai2="18,60,84,116,4,10,129,26,98,70,34,83,33" hai3="59,115,45,126,39,71,20,66,52,36,100,87,8"/><T43/><D122/><U105/><E105/><V57/><F129/><W3/><G115/><T7/><D107/><U121/><E121/><V120/><F120/><W80/><G100/><T35/><D112/><U131/><E131/><V135/><F135/><W44/><G126/><T128/><D128/><U74/><E74/><V78/><F116/><W47/><G71/><T77/><D64/><U14/><E134/><V29/><F70/><W76/><G66/><T61/><D61/><U46/><E24/><V101/><F18/><W68/><G68/><T89/><D133/><U53/><E49/><V88/><F78/><W114/><G20/><T50/><D30/><U0/><E93/><V91/><F91/><W19/><G114/><T16/><D95/><U25/><E86/><V21/><F98/><W103/><G103/><T1/><D1/><U28/><E109/><V65/><REACH who="2" step="1"/><F101/><REACH who="2" ten="457,181,171,181" step="2"/><W23/><G3/><AGARI ba="3,1" hai="3,4,10,21,26,29,33,34,57,60,65,83,84,88" machi="3" ten="30,8000,1" yaku="1,1,2,1,7,1,54,1,53,1" doraHai="41" doraHaiUra="56" who="2" fromWho="3" sc="457,0,181,0,171,99,181,-89" /><INIT seed="1,0,0,2,4,94" ten="457,181,270,92" oya="1" hai0="56,58,8,74,9,106,71,33,120,0,134,68,48" hai1="42,32,91,82,87,64,84,61,117,19,126,105,119" hai2="73,18,51,122,109,67,132,75,36,43,40,86,26" hai3="97,14,127,44,107,55,88,34,85,135,98,101,22"/><U131/><E126/><V133/><F122/><W1/><G1/><T7/><D120/><U80/><E131/><V21/><F109/><W89/><G34/><T29/><D74/><N who="2" m="28170" /><F36/><W25/><G127/><T100/><D134/><N who="2" m="51818" /><F67/><W31/><G135/><T52/><D56/><U111/><E111/><V27/><F86/><W10/><G85/><T118/><D118/><U125/><E125/><V53/><F26/><W113/><G113/><T78/><D78/><U114/><E114/><V12/><F12/><W24/><G24/><T63/><D29/><U60/><E32/><V121/><F121/><W115/><G115/><T104/><D33/><U92/><E42/><V59/><AGARI ba="0,0" hai="18,21,27,40,43,51,53,59" m="51818,28170" machi="59" ten="30,1100,0" yaku="20,1" doraHai="94" who="2" fromWho="2" sc="457,-3,181,-5,270,11,92,-3" /><INIT seed="2,0,0,5,5,11" ten="454,176,281,89" oya="2" hai0="108,130,45,107,6,0,96,44,98,134,22,34,39" hai1="51,121,132,88,73,72,15,23,1,123,10,31,118" hai2="87,135,128,101,27,38,85,63,133,2,89,62,122" hai3="37,47,70,53,71,42,126,9,86,40,103,111,25"/><V112/><F112/><W131/><G103/><T109/><D34/><U49/><E118/><V94/><F122/><N who="1" m="46601" /><E1/><V74/><F2/><W29/><G111/><N who="0" m="42571" /><D134/><N who="2" m="51210" /><F38/><W117/><G117/><T3/><D130/><U20/><E132/><V125/><F74/><N who="1" m="28777" /><E88/><N who="2" m="53519" /><F101/><W14/><G131/><T76/><D76/><U102/><E102/><V67/><F128/><W129/><G129/><T57/><D107/><U7/><E31/><V81/><F125/><W33/><G126/><T120/><D120/><U55/><E51/><V41/><F41/><W115/><G42/><T60/><D39/><U18/><E18/><V69/><F63/><W75/><G75/><T13/><D0/><U113/><E113/><V68/><F27/><W19/><G115/><T79/><D3/><U26/><E26/><V93/><F81/><W116/><G116/><T66/><D79/><U124/><E124/><V82/><F82/><W105/><G105/><T92/><D6/><U65/><E65/><V91/><F89/><W97/><G97/><N who="0" m="37483" /><D92/><U110/><E110/><V12/><F69/><W90/><REACH who="3" step="1"/><G53/><REACH who="3" ten="454,176,281,79" step="2"/><T50/><D66/><U83/><E83/><AGARI ba="0,1" hai="9,14,19,25,29,33,37,40,47,70,71,83,86,90" machi="83" ten="30,8000,1" yaku="1,1,2,1,7,1,52,1,53,1" doraHai="11" doraHaiUra="21" who="3" fromWho="1" sc="454,0,176,-80,281,0,79,90" /><INIT seed="3,0,0,4,5,135" ten="454,96,281,169" oya="3" hai0="46,127,30,62,112,103,70,0,1,26,18,57,91" hai1="69,42,28,120,3,125,121,39,56,17,99,84,93" hai2="48,12,45,31,13,47,107,7,118,66,92,49,115" hai3="113,130,81,100,96,50,95,89,75,76,4,117,74"/><W32/><G32/><T61/><D112/><U15/><E69/><V8/><F107/><W20/><G113/><T80/><D18/><U21/><E3/><V116/><F115/><W36/><G36/><T6/><D103/><U22/><E39/><V27/><F66/><W19/><G117/><T34/><D46/><U38/><E38/><V14/><F92/><W98/><G4/><T41/><D41/><U2/><E2/><V73/><F73/><W23/><G130/><T83/><D6/><U65/><E42/><V64/><F64/><W44/><G75/><T60/><D70/><U78/><E78/><V101/><F101/><W9/><G9/><T77/><D1/><U58/><E84/><V53/><F118/><W119/><G19/><T59/><D0/><U133/><E133/><V106/><F106/><W90/><G119/><T129/><D129/><U82/><E82/><V88/><F88/><W132/><G132/><T134/><D134/><U71/><E71/><V87/><F87/><W126/><G90/><T105/><D105/><U85/><E85/><V33/><REACH who="2" step="1"/><F116/><REACH who="2" ten="454,96,271,169" step="2"/><W94/><REACH who="3" step="1"/><G126/><REACH who="3" ten="454,96,271,159" step="2"/><T55/><D127/><U79/><E125/><V110/><F110/><W124/><G124/><T68/><D91/><U109/><E109/><V37/><F37/><W52/><AGARI ba="0,2" hai="20,23,44,50,52,74,76,81,89,94,95,96,98,100" machi="52" ten="20,7800,0" yaku="1,1,0,1,7,1,54,1,53,0" doraHai="135" doraHaiUra="128" who="3" fromWho="3" sc="454,-26,96,-26,271,-26,159,98" /><INIT seed="3,1,0,1,1,53" ten="428,70,245,257" oya="3" hai0="23,68,69,37,4,16,19,59,111,78,110,65,116" hai1="128,105,34,103,74,24,39,70,42,22,130,94,127" hai2="58,114,18,124,76,60,12,71,62,5,17,131,118" hai3="9,134,33,100,48,32,56,122,115,50,54,30,120"/><W132/><G115/><T57/><D37/><U135/><E105/><V77/><F114/><W73/><G73/><T106/><D106/><U85/><E74/><V6/><F118/><W83/><G100/><T25/><D116/><U117/><E117/><V47/><F47/><W29/><G83/><T82/><D4/><U99/><E70/><N who="0" m="27241" /><D65/><U7/><E34/><V123/><F123/><W26/><G9/><T66/><D66/><U38/><E135/><V40/><F71/><W121/><G50/><T27/><D27/><AGARI ba="1,0" hai="26,27,29,30,32,33,48,54,56,120,121,122,132,134" machi="27" ten="50,4800,0" yaku="9,1,52,1" doraHai="53" who="3" fromWho="0" sc="428,-51,70,0,245,0,257,51" /><INIT seed="3,2,0,4,4,103" ten="377,70,245,308" oya="3" hai0="130,86,71,84,107,14,47,61,20,25,95,36,62" hai1="37,39,112,23,19,81,27,60,135,77,67,91,35" hai2="46,98,49,1,10,3,65,2,99,6,69,78,82" hai3="108,70,102,104,45,129,7,22,11,55,133,40,48"/><W75/><G129/><T5/><D130/><U101/><E135/><V50/><F69/><W29/><G133/><T92/><D107/><U80/><E112/><V44/><F65/><W93/><G70/><T58/><D71/><U128/><E128/><V56/><F56/><W96/><G75/><T121/><D121/><U79/><E35/><V8/><F6/><W132/><G132/><T32/><D32/><U134/><E134/><V105/><F82/><W83/><G83/><T87/><D47/><U110/><E110/><V120/><F3/><W85/><G108/><T118/><D36/><U116/><E116/><V127/><F78/><W113/><G113/><T54/><D62/><U13/><E91/><V16/><F16/><W119/><G119/><T53/><D53/><U111/><E111/><V76/><F76/><W4/><G55/><T90/><D118/><U74/><E101/><V131/><F131/><W89/><REACH who="3" step="1"/><G11/><REACH who="3" ten="377,70,245,298" step="2"/><N who="0" m="4463" /><D90/><U17/><E67/><V0/><F10/><W125/><G125/><T122/><D122/><U115/><E115/><V43/><F8/><W52/><G52/><T21/><D21/><U38/><E60/><V51/><F127/><W66/><G66/><T114/><D114/><U68/><E68/><V28/><F120/><W97/><G97/><T12/><D12/><U31/><REACH who="1" step="1"/><E13/><REACH who="1" ten="377,60,245,298" step="2"/><V24/><F1/><W106/><G106/><T33/><D33/><U64/><E64/><V123/><F105/><W63/><G63/><T15/><D15/><U73/><AGARI ba="2,2" hai="17,19,23,27,31,37,38,39,73,74,77,79,80,81" machi="73" ten="30,8000,1" yaku="1,1,0,1,9,1,53,2" doraHai="103" doraHaiUra="72" who="1" fromWho="1" sc="377,-22,60,106,245,-22,298,-42" /><INIT seed="4,0,0,2,0,119" ten="355,166,223,256" oya="0" hai0="68,41,39,55,82,18,12,131,69,77,40,17,129" hai1="28,63,7,95,0,61,106,79,74,62,26,130,29" hai2="134,70,9,121,15,44,93,102,67,24,23,35,108" hai3="34,109,11,59,8,38,60,16,30,45,107,86,48"/><T21/><D55/><U91/><E106/><V1/><F108/><W81/><G109/><T80/><D21/><U88/><E130/><V118/><F118/><W3/><G107/><T20/><D20/><U71/><E71/><V97/><F134/><W76/><G38/><T31/><D39/><U51/><E26/><V133/><F133/><W104/><G104/><T120/><D12/><U125/><E125/><V52/><F35/><W13/><G34/><T37/><D37/><U46/><E79/><V49/><F1/><W98/><G98/><T116/><D77/><U72/><E74/><V123/><F70/><W112/><G112/><T89/><D116/><U64/><E72/><V90/><F102/><W33/><G33/><T113/><D89/><U6/><E64/><V36/><F36/><W5/><G30/><N who="1" m="11882" /><E0/><V65/><F65/><W105/><G105/><T25/><D31/><U99/><E91/><V4/><F67/><W54/><REACH who="3" step="1"/><G45/><REACH who="3" ten="355,166,223,246" step="2"/><T111/><D111/><U22/><E22/><V135/><F135/><W87/><G87/><T47/><D47/><U128/><E128/><V32/><F32/><W94/><G94/><T132/><D132/><U75/><E75/><V114/><F114/><W115/><G115/><T56/><D113/><U92/><E92/><V85/><F85/><W96/><G96/><T100/><D100/><U73/><E73/><V83/><F83/><W14/><G14/><T103/><D103/><U57/><E57/><V66/><F66/><W101/><G101/><T27/><D56/><U126/><E126/><V78/><F78/><W84/><G84/><RYUUKYOKU ba="0,1" sc="355,0,166,0,223,0,246,0" hai0="17,18,25,27,40,41,68,69,80,82,120,129,131" hai1="6,7,46,51,61,62,63,88,95,99" hai2="4,9,15,23,24,44,49,52,90,93,97,121,123" hai3="3,5,8,11,13,16,48,54,59,60,76,81,86" /><INIT seed="4,1,1,3,0,109" ten="355,166,223,246" oya="0" hai0="2,28,63,118,43,10,31,35,120,38,101,117,8" hai1="102,71,87,20,111,56,26,92,51,5,49,135,52" hai2="48,124,6,80,89,40,128,39,47,62,41,21,123" hai3="107,106,37,94,131,33,11,68,125,57,15,44,32"/><T4/><D101/><U60/><E111/><V79/><F123/><W36/><G57/><T86/><D120/><U126/><E135/><V104/><F104/><N who="3" m="39979" /><G94/><T42/><D86/><U18/><E126/><V116/><F124/><W98/><G98/><T65/><D8/><U119/><E119/><V112/><F116/><W127/><G44/><N who="0" m="23639" /><D31/><U90/><E71/><V13/><F128/><W134/><G134/><T76/><D76/><U73/><E73/><V24/><F62/><W78/><G78/><T108/><D43/><U53/><E5/><V45/><F89/><W110/><G110/><T7/><D7/><U121/><E121/><V114/><F13/><W77/><G15/><T133/><D133/><U19/><E102/><V50/><F39/><N who="3" m="14923" /><G11/><T1/><D1/><U96/><E87/><V46/><F46/><W95/><G77/><T23/><D23/><N who="1" m="13695" /><E53/><V9/><F9/><W129/><G95/><T0/><D0/><U17/><E17/><V16/><F6/><W69/><G127/><T88/><D88/><U61/><E61/><V22/><F21/><W25/><G125/><T84/><D84/><AGARI ba="1,1" hai="16,22,24,40,41,45,47,48,50,79,80,84,112,114" machi="84" ten="40,8000,1" yaku="9,1,52,2,54,1" doraHai="109" who="2" fromWho="0" sc="355,-83,166,0,223,93,246,0" /><INIT seed="5,0,0,3,1,26" ten="272,166,316,246" oya="1" hai0="1,17,105,13,39,74,57,102,15,8,42,24,33" hai1="16,133,91,126,0,84,68,41,112,95,30,113,44" hai2="58,49,76,80,48,118,109,19,71,55,5,115,18" hai3="27,97,36,104,45,63,28,10,21,70,6,83,64"/><U50/><E126/><V38/><F118/><W66/><G66/><T56/><D74/><U86/><E133/><V79/><F71/><W43/><G83/><T87/><D1/><U61/><E0/><V120/><F120/><W106/><REACH who="3" step="1"/><G97/><REACH who="3" ten="272,166,316,236" step="2"/><T23/><D39/><U128/><E113/><V69/><F80/><W29/><G29/><T46/><D105/><U14/><E112/><V67/><F38/><W116/><G116/><T135/><D135/><U60/><E68/><V59/><F67/><W51/><G51/><N who="0" m="27095" /><D33/><U22/><E128/><V99/><F69/><W92/><G92/><T34/><D34/><U114/><E114/><V52/><F99/><W12/><AGARI ba="0,1" hai="6,10,12,21,27,28,36,43,45,63,64,70,104,106" machi="12" ten="20,5200,0" yaku="1,1,0,1,7,1,52,1,53,0" doraHai="26" doraHaiUra="77" who="3" fromWho="3" sc="272,-13,166,-26,316,-13,236,62" /><INIT seed="6,0,0,2,4,96" ten="259,140,303,298" oya="2" hai0="49,85,50,12,52,21,67,87,11,10,101,86,82" hai1="122,23,27,55,118,110,104,32,26,115,25,98,79" hai2="93,116,106,2,15,4,95,132,114,5,18,109,47" hai3="14,66,120,117,97,94,48,13,30,16,74,46,76"/><V69/><F116/><W33/><G120/><T65/><D50/><U57/><E122/><V68/><F114/><W127/><G117/><T17/><D82/><U119/><E110/><V54/><F106/><W64/><G127/><T40/><D40/><U29/><E115/><V107/><F107/><W129/><G13/><T105/><D105/><U31/><E79/><V39/><F132/><W41/><G129/><T42/><D101/><U20/><E104/><V28/><F28/><W36/><G36/><T108/><D42/><U24/><E98/><V19/><F15/><W92/><G92/><T61/><D108/><U35/><E57/><V130/><F2/><W121/><G121/><T112/><D112/><U78/><E55/><V103/><F54/><W44/><G44/><T58/><REACH who="0" step="1"/><D65/><REACH who="0" ten="249,140,303,298" step="2"/><U111/><E78/><V6/><F109/><W43/><G43/><T38/><D38/><U45/><E111/><V73/><F39/><W89/><G76/><T133/><D133/><U1/><E45/><AGARI ba="0,1" hai="10,11,12,17,21,45,49,52,58,61,67,85,86,87" machi="45" ten="40,8000,1" yaku="1,1,8,1,54,1,53,1" doraHai="96" doraHaiUra="62" who="0" fromWho="1" sc="249,90,140,-80,303,0,298,0" /><INIT seed="7,0,0,0,5,46" ten="339,60,303,298" oya="3" hai0="64,112,70,9,5,126,120,7,11,110,48,79,115" hai1="18,125,36,68,24,1,39,123,124,58,13,4,85" hai2="35,135,8,23,17,134,92,50,128,6,113,91,12" hai3="127,101,38,96,103,75,37,80,30,62,133,44,27"/><W59/><G133/><N who="2" m="50697" /><F113/><N who="0" m="43594" /><D110/><U119/><E85/><N who="2" m="52335" /><F35/><W57/><G127/><T16/><D126/><U73/><E58/><V84/><F84/><W0/><G0/><T77/><D120/><U34/><E24/><N who="2" m="14447" /><F128/><W47/><G59/><T114/><D114/><U86/><E86/><V51/><AGARI ba="0,0" hai="6,8,12,50,51" m="14447,52335,50697" machi="51" ten="30,4000,0" yaku="20,1,52,2" doraHai="46" who="2" fromWho="2" sc="339,-10,60,-10,303,40,298,-20" owari="329,13.0,50,-45.0,343,44.0,278,-12.0" /></mjloggm>