<mjloggm ver="2.3"><GO type="185" lobby="0"/><UN n0="%E3%81%BF%E3%83%BC%E3%82%8F" n1="%E4%B8%96%E7%9B%B4%E3%81%97%E4%BA%BA" n2="%E3%82%B5%E3%83%B3%E3%83%9E%E6%BC%81%E5%B8%AB%4B" n3="" dan="17,17,17,0" rate="2264.35,2262.49,2261.00,1500.00" sx="M,M,M,C"/><TAIKYOKU oya="0"/><INIT seed="0,0,0,2,1,51" ten="350,350,350,0" oya="0" hai0="50,81,131,56,83,75,37,87,115,114,110,3,105" hai1="46,34,38,109,42,92,122,120,127,95,41,129,101" hai2="124,126,33,86,84,125,44,67,61,57,59,60,117" hai3=""/><T58/><D3/><U88/><N who="1" m="30752" /><U43/><N who="1" m="31264" /><U90/><E34/><V89/><F33/><T130/><D37/><U123/><N who="1" m="31520" /><U99/><E109/><V49/><F117/><T135/><D135/><U53/><E129/><N who="0" m="49161" /><D105/><U82/><E127/><V48/><F89/><T133/><D133/><U36/><E82/><V55/><REACH who="2" step="1"/><F49/><REACH who="2" ten="350,350,340,0" step="2"/><T106/><D50/><U40/><E38/><V39/><F39/><T94/><D115/><U47/><E90/><V1/><F1/><T111/><D114/><U96/><REACH who="1" step="1"/><E47/><REACH who="1" ten="350,340,340,0" step="2"/><V73/><F73/><T74/><D75/><U104/><E104/><V52/><AGARI ba="0,2" hai="44,48,52,55,57,59,60,61,67,84,86,124,125,126" machi="52" ten="30,9000,2" yaku="1,1,0,1,18,1,52,2,54,1,53,0" doraHai="51" doraHaiUra="69" who="2" fromWho="2" sc="350,-60,340,-30,340,110,0,0" /><INIT seed="1,0,0,2,0,75" ten="290,310,450,0" oya="1" hai0="73,89,68,127,110,128,95,107,0,49,96,131,114" hai1="93,113,119,58,98,100,51,69,99,120,2,59,106" hai2="108,33,111,88,117,74,129,56,55,38,47,1,35" hai3=""/><U81/><N who="1" m="30752" /><U126/><E113/><V42/><F1/><T130/><D0/><U109/><E2/><V3/><F3/><T71/><D114/><U41/><E119/><V64/><F74/><T65/><D110/><N who="2" m="42026" /><F117/><T32/><D32/><U67/><E109/><V87/><F64/><T61/><D127/><U53/><E126/><V112/><F129/><T101/><D73/><U132/><E132/><V125/><F112/><T54/><D71/><U66/><E69/><V52/><F125/><T43/><D43/><U134/><E134/><V133/><F133/><T90/><REACH who="0" step="1"/><D107/><REACH who="0" ten="280,310,450,0" step="2"/><U123/><N who="1" m="31520" /><U85/><E41/><V48/><F55/><T44/><AGARI ba="0,1" hai="44,49,54,61,65,68,89,90,95,96,101,128,130,131" machi="44" ten="30,3000,0" yaku="1,1,0,1,19,1,53,0" doraHai="75" doraHaiUra="34" who="0" fromWho="0" sc="280,40,310,-20,450,-10,0,0" /><INIT seed="2,0,0,0,0,82" ten="320,290,440,0" oya="2" hai0="1,63,119,39,3,51,62,90,107,108,95,94,116" hai1="91,99,55,87,57,101,83,40,0,65,59,84,42" hai2="69,109,124,32,38,123,61,115,52,33,125,120,98" hai3=""/><V79/><N who="2" m="30752" /><V128/><N who="2" m="31520" /><V68/><F38/><T54/><D39/><U36/><E0/><V113/><F79/><T106/><D51/><U121/><N who="1" m="31008" /><U96/><E36/><V50/><F128/><T89/><REACH who="0" step="1"/><D54/><REACH who="0" ten="310,290,440,0" step="2"/><U34/><E34/><V93/><F32/><T86/><D86/><U76/><E42/><V104/><F33/><T75/><D75/><U49/><E40/><V64/><F69/><T117/><D117/><U2/><E2/><V66/><F66/><T85/><D85/><U48/><E101/><V88/><F109/><AGARI ba="0,1" hai="1,3,62,63,89,90,94,95,106,107,108,109,116,119" machi="109" ten="25,3200,0" yaku="1,1,22,2,53,0" doraHai="82" doraHaiUra="130" who="0" fromWho="2" sc="310,42,290,0,440,-32,0,0" /><INIT seed="4,0,0,1,5,43" ten="352,290,408,0" oya="0" hai0="97,100,70,47,79,35,37,125,86,60,127,129,74" hai1="71,66,40,73,56,69,121,95,36,99,101,114,120" hai2="132,45,42,81,91,68,89,61,123,33,116,126,41" hai3=""/><T44/><D35/><U75/><N who="1" m="30752" /><U118/><N who="1" m="31008" /><U84/><E118/><V96/><N who="2" m="31520" /><V49/><F33/><T112/><D74/><U110/><E110/><V32/><F32/><T85/><D112/><U111/><E111/><V131/><F116/><T77/><D129/><U133/><E133/><V122/><N who="2" m="31264" /><V53/><F132/><T105/><D37/><U90/><E114/><V54/><F126/><N who="0" m="48138" /><D86/><U98/><E56/><V51/><F131/><T76/><D85/><U93/><E75/><V92/><F61/><T78/><N who="0" m="19456" /><DORA hai="124" /><T130/><D130/><U134/><E73/><V34/><F68/><T109/><D109/><U48/><E134/><V117/><F117/><T65/><AGARI ba="0,0" hai="44,47,60,65,70,97,100,105" m="19456,48138" machi="65" ten="50,6400,0" yaku="18,1,52,2" doraHai="43,124" who="0" fromWho="0" sc="352,64,290,-32,408,-32,0,0" /><INIT seed="4,1,0,1,4,85" ten="416,258,376,0" oya="0" hai0="100,75,3,104,121,86,122,64,58,47,115,1,33" hai1="94,124,40,60,92,49,95,132,61,107,84,128,129" hai2="133,68,38,67,78,74,108,103,54,88,53,80,101" hai3=""/><T125/><N who="0" m="31008" /><T70/><N who="0" m="31264" /><T82/><D33/><U36/><E107/><V46/><F108/><T116/><D116/><U48/><E132/><V102/><F133/><T87/><D115/><U119/><E119/><V0/><F0/><T112/><D112/><U96/><E124/><V90/><F38/><T97/><D125/><U91/><E36/><V110/><F110/><T79/><D70/><U130/><E49/><V32/><F32/><T93/><D86/><U126/><E126/><V66/><F46/><T37/><D64/><U63/><REACH who="1" step="1"/><E84/><REACH who="1" ten="416,248,376,0" step="2"/><V72/><F72/><T77/><D1/><U89/><E89/><V98/><F98/><T56/><D3/><U55/><E55/><V111/><F111/><T134/><D134/><U69/><E69/><V105/><F105/><T43/><D79/><U42/><E42/><V39/><F39/><T2/><D2/><U62/><N who="1" m="15360" /><DORA hai="52" /><U76/><E76/><V50/><F68/><T113/><D113/><U65/><E65/><N who="2" m="24587" /><F54/><T109/><D109/><U81/><E81/><V123/><N who="2" m="31520" /><V99/><F99/><T44/><D87/><U73/><E73/><V120/><N who="2" m="30752" /><V131/><F53/><T127/><D127/><U71/><E71/><V34/><F74/><RYUUKYOKU ba="1,1" sc="416,-10,248,20,376,-10,0,0" hai1="40,48,91,92,94,95,96,128,129,130" /><INIT seed="5,2,1,4,2,131" ten="406,268,366,0" oya="1" hai0="51,52,58,77,56,3,86,93,76,75,113,101,109" hai1="40,91,97,115,53,122,2,68,106,82,134,108,118" hai2="71,126,46,32,127,49,72,119,0,117,64,35,43" hai3=""/><U80/><N who="1" m="31264" /><U57/><E118/><N who="2" m="45067" /><F72/><T124/><D109/><U98/><E2/><V48/><F0/><T89/><D3/><U130/><E68/><V74/><F74/><T70/><D70/><U105/><E130/><V121/><N who="2" m="31008" /><V47/><F32/><T50/><D124/><N who="2" m="47658" /><F35/><T125/><D113/><U67/><E67/><V92/><F92/><T33/><D33/><U111/><E115/><V114/><F114/><T84/><D125/><U96/><E40/><V44/><F43/><T38/><D75/><U87/><E82/><V62/><AGARI ba="2,1" hai="44,46,47,48,49,62,64,71" m="47658,31008,45067" machi="62" ten="40,6000,1" yaku="18,1,34,2,52,1" doraHai="131" who="2" fromWho="2" sc="406,-22,268,-42,366,74,0,0" /><INIT seed="6,0,0,2,4,123" ten="384,226,440,0" oya="2" hai0="74,90,115,86,93,100,119,95,113,132,111,1,92" hai1="83,43,52,81,70,45,122,53,51,102,72,104,130" hai2="35,68,112,135,98,116,58,127,47,121,80,56,107" hai3=""/><V33/><F68/><T49/><D1/><U96/><N who="1" m="31264" /><U39/><E130/><V97/><N who="2" m="31008" /><V114/><F116/><T60/><D119/><U105/><E105/><V42/><F135/><T124/><D132/><U126/><E126/><V57/><F80/><T40/><D124/><U75/><E83/><V128/><F127/><T85/><D60/><U78/><E70/><V84/><F84/><T34/><D34/><N who="2" m="12810" /><F128/><T101/><D49/><U65/><E65/><V69/><F107/><T77/><D40/><U117/><E117/><V89/><F89/><T82/><D111/><U41/><E43/><V120/><N who="2" m="30752" /><V46/><F69/><T61/><D61/><U59/><REACH who="1" step="1"/><E53/><REACH who="1" ten="384,216,440,0" step="2"/><V134/><F134/><T131/><D131/><U32/><E32/><V54/><F54/><T63/><D82/><U76/><E76/><V109/><F42/><T125/><D77/><U133/><E133/><V2/><F2/><T73/><D125/><U94/><E94/><V3/><F3/><T91/><D95/><U38/><E38/><V106/><F106/><T99/><D92/><U71/><E71/><V87/><F114/><T37/><D113/><U108/><E108/><V62/><F109/><T67/><D115/><U88/><E88/><RYUUKYOKU ba="0,1" sc="384,-10,216,20,440,-10,0,0" hai1="39,41,45,51,52,59,72,75,78,81,96,102,104" owari="374,-3.0,236,-36.0,440,39.0,0,0.0" /></mjloggm>