<mjloggm ver="2.3"><GO type="185" lobby="0"/><UN n0="%E3%83%91%E3%83%AA%E3%83%94%69%6E%63%61%72" n1="%E3%82%B5%E3%83%B3%E3%83%9E%E6%BC%81%E5%B8%AB%4B" n2="%63%61%6C%63%2E" n3="" dan="16,17,19,0" rate="2121.49,2267.03,2391.62,1500.00" sx="M,M,M,C"/><TAIKYOKU oya="0"/><INIT seed="0,0,0,1,0,61" ten="350,350,350,0" oya="0" hai0="73,131,47,95,126,133,114,62,100,132,37,49,94" hai1="74,89,66,67,116,96,3,35,124,122,106,130,102" hai2="110,119,103,87,2,76,82,40,53,54,51,55,92" hai3=""/><T111/><D114/><U78/><N who="1" m="31264" /><U86/><E116/><V85/><F2/><T98/><D37/><U84/><E3/><V39/><F110/><T129/><D73/><U104/><E35/><V33/><F33/><T135/><D111/><U38/><E38/><V52/><F119/><T43/><D62/><U99/><E130/><N who="0" m="49673" /><D95/><U120/><N who="1" m="30752" /><U69/><E69/><V101/><F40/><T46/><D47/><U65/><E124/><AGARI ba="0,0" hai="43,46,49,94,98,100,124,126,132,133,135" m="49673" machi="124" ten="40,12000,1" yaku="30,2,20,1,19,1" doraHai="61" who="0" fromWho="1" sc="350,120,350,-120,350,0,0,0" /><INIT seed="0,1,0,3,0,81" ten="470,230,350,0" oya="0" hai0="120,69,0,118,74,123,41,93,84,83,129,110,50" hai1="135,117,96,65,79,100,95,38,2,104,85,113,97" hai2="60,124,99,48,39,33,57,114,91,67,54,76,94" hai3=""/><T36/><N who="0" m="30752" /><T134/><N who="0" m="31520" /><T78/><D118/><U46/><E2/><V88/><F114/><T1/><D36/><U116/><E113/><V3/><F3/><T75/><D69/><U127/><E65/><V102/><F33/><T61/><D75/><U68/><E68/><V92/><F124/><T105/><D134/><U115/><E115/><V40/><F76/><T130/><D61/><U71/><E71/><V64/><F39/><T52/><D41/><U121/><N who="1" m="31008" /><U49/><E38/><V132/><F102/><T86/><D105/><U73/><E73/><V109/><F109/><T45/><D110/><U70/><E70/><V51/><F132/><T125/><D125/><U131/><E135/><V77/><F77/><T82/><D93/><U63/><E63/><V119/><F119/><T106/><D106/><U87/><E127/><V43/><F40/><T112/><D112/><U122/><N who="1" m="31264" /><U35/><E35/><V72/><F72/><T101/><D101/><U59/><E104/><V107/><F107/><T56/><D74/><U47/><E95/><V126/><F126/><T90/><D45/><U66/><E116/><V89/><F92/><T34/><D34/><U103/><E117/><V98/><F60/><RYUUKYOKU ba="1,0" sc="470,20,230,-10,350,-10,0,0" hai0="0,1,50,52,56,78,82,83,84,86,90,129,130" /><INIT seed="0,2,0,2,4,112" ten="490,220,340,0" oya="0" hai0="97,82,38,36,124,125,60,91,32,84,81,41,135" hai1="96,64,92,106,58,98,94,74,107,86,110,85,55" hai2="109,61,50,100,44,114,71,70,47,66,68,77,79" hai3=""/><T62/><D32/><U87/><E64/><V76/><F114/><T33/><D33/><U133/><E110/><V69/><F109/><T80/><D135/><U52/><E133/><V2/><F2/><T115/><D97/><U72/><E87/><V78/><N who="2" m="19456" /><DORA hai="121" /><V134/><F134/><T0/><D0/><U39/><E58/><V43/><F100/><T116/><D41/><U101/><E101/><V103/><F103/><T126/><D115/><U118/><REACH who="1" step="1"/><E39/><REACH who="1" ten="490,210,340,0" step="2"/><V35/><F35/><T54/><D36/><U105/><E105/><V37/><REACH who="2" step="1"/><F71/><REACH who="2" ten="490,210,330,0" step="2"/><T132/><D132/><U57/><E57/><V63/><F63/><T59/><D62/><U129/><E129/><V46/><F46/><T67/><D126/><U40/><E40/><AGARI ba="2,2" hai="37,40,43,44,47,50,61,66,68,69,70" m="19456" machi="40" ten="50,1600,0" yaku="1,1,53,0" doraHai="112,121" doraHaiUra="83,93" who="2" fromWho="1" sc="490,0,210,-20,330,40,0,0" /><INIT seed="1,0,0,1,2,106" ten="490,190,370,0" oya="1" hai0="76,128,41,86,126,113,80,3,33,72,53,85,88" hai1="102,37,44,89,43,121,46,73,61,94,79,55,35" hai2="69,67,42,120,96,93,63,98,36,135,100,62,56" hai3=""/><U0/><N who="1" m="31008" /><U64/><E0/><V130/><N who="2" m="30752" /><V116/><F116/><T115/><D33/><U82/><E35/><V75/><F130/><T68/><D68/><U118/><E118/><V49/><F135/><T78/><D41/><U97/><E46/><V71/><F36/><T65/><D65/><U58/><REACH who="1" step="1"/><E102/><REACH who="1" ten="490,180,370,0" step="2"/><V95/><F100/><T134/><D3/><U107/><E107/><V39/><F39/><T74/><D134/><U112/><E112/><V81/><F71/><T92/><D128/><U66/><AGARI ba="0,1" hai="37,43,44,55,58,61,64,66,73,79,82,89,94,97" m="31008" machi="66" ten="30,7800,0" yaku="1,1,0,1,52,2,53,0" doraHai="106" doraHaiUra="32" who="1" fromWho="1" sc="490,-39,180,88,370,-39,0,0" /><INIT seed="1,1,0,3,3,112" ten="451,268,331,0" oya="1" hai0="110,54,60,79,100,37,96,93,52,126,51,66,107" hai1="109,123,53,129,45,105,67,124,84,89,62,42,69" hai2="48,68,49,90,59,76,94,97,101,46,125,108,81" hai3=""/><U95/><N who="1" m="31520" /><U102/><E129/><V2/><F68/><T134/><D37/><U3/><E3/><V98/><F2/><T116/><D110/><U40/><E124/><V122/><N who="2" m="31264" /><V65/><F125/><T50/><D126/><U83/><E105/><V75/><F108/><T43/><D134/><U111/><E42/><V58/><F65/><T73/><D107/><U104/><E104/><V56/><REACH who="2" step="1"/><F46/><REACH who="2" ten="451,268,321,0" step="2"/><T128/><D66/><U32/><E111/><V44/><F44/><T91/><D128/><U127/><E109/><V130/><F130/><T63/><D43/><U117/><E127/><V35/><F35/><T135/><D54/><U34/><E53/><V131/><F131/><T0/><D52/><U103/><E34/><V121/><N who="2" m="31008" /><V119/><F119/><T118/><D116/><U113/><E32/><V106/><AGARI ba="1,1" hai="48,49,56,58,59,75,76,81,90,94,97,98,101,106" m="31008,31264" machi="106" ten="30,9000,2" yaku="1,1,0,1,52,2,53,2" doraHai="112" doraHaiUra="47" who="2" fromWho="2" sc="451,-31,268,-61,321,102,0,0" /><INIT seed="2,0,0,1,1,101" ten="420,207,423,0" oya="2" hai0="128,123,108,47,70,79,72,84,107,103,44,116,43" hai1="133,69,76,120,54,93,51,113,126,121,94,46,56" hai2="105,115,60,42,48,74,68,114,49,50,90,1,39" hai3=""/><V127/><F74/><T88/><N who="0" m="31520" /><T77/><D116/><U100/><N who="1" m="30752" /><U78/><N who="1" m="31008" /><U131/><E69/><V89/><F1/><T125/><D70/><U102/><E113/><V104/><F127/><T119/><D119/><U96/><E126/><V65/><F90/><T106/><D72/><U82/><E133/><V58/><F89/><T45/><D43/><U52/><E131/><V36/><F68/><T85/><D125/><U124/><E124/><V34/><F34/><T122/><N who="0" m="31264" /><T95/><D108/><U32/><E32/><V92/><F92/><T59/><D103/><U63/><E82/><V40/><F42/><T134/><D134/><U111/><E111/><V112/><REACH who="2" step="1"/><F39/><REACH who="2" ten="420,207,413,0" step="2"/><T110/><D110/><U129/><E129/><V109/><F109/><T99/><D128/><U135/><E135/><V2/><F2/><T75/><D75/><U38/><E38/><V57/><F57/><T80/><D59/><U62/><E63/><V37/><F37/><T71/><D71/><U61/><E62/><V33/><F33/><T0/><D0/><U55/><E55/><V117/><F117/><T53/><D53/><U130/><E130/><V86/><F86/><T87/><D84/><U73/><E73/><RYUUKYOKU ba="0,1" sc="420,0,207,0,413,0,0,0" hai0="44,45,47,77,79,80,85,87,88,95,99,106,107" hai1="46,51,52,54,56,61,76,78,93,94,96,100,102" hai2="36,40,48,49,50,58,60,65,104,105,112,114,115" /><INIT seed="2,1,1,1,1,113" ten="420,207,413,0" oya="2" hai0="92,32,100,46,80,120,89,77,68,135,55,87,42" hai1="119,53,102,105,81,35,91,73,40,99,41,96,74" hai2="3,47,66,39,72,98,126,130,60,57,38,82,76" hai3=""/><V122/><N who="2" m="31264" /><V64/><F3/><T50/><N who="0" m="30752" /><T90/><D32/><U123/><N who="1" m="31520" /><U56/><E35/><V45/><F130/><T121/><N who="0" m="31008" /><T131/><D68/><U129/><E129/><V110/><F126/><T67/><D131/><U78/><E74/><V88/><F66/><T34/><D34/><U83/><E119/><V84/><F98/><T97/><D67/><U133/><E133/><V43/><F110/><T33/><D33/><U93/><REACH who="1" step="1"/><E81/><REACH who="1" ten="420,197,413,0" step="2"/><V44/><F39/><T79/><D135/><U94/><E94/><AGARI ba="1,2" hai="38,43,44,45,47,57,60,64,72,76,82,84,88,94" m="31264" machi="94" ten="30,5800,0" yaku="7,1,52,1,54,1" doraHai="113" who="2" fromWho="1" sc="420,0,197,-60,413,80,0,0" /><INIT seed="2,2,0,0,1,135" ten="420,137,493,0" oya="2" hai0="100,96,106,77,79,65,71,50,64,113,114,125,51" hai1="72,93,61,53,99,97,105,37,133,117,62,107,103" hai2="110,32,3,0,56,123,84,47,70,40,119,131,91" hai3=""/><V116/><N who="2" m="31520" /><V102/><F70/><T58/><D71/><U43/><E133/><V122/><N who="2" m="31264" /><V35/><F102/><T130/><D130/><U48/><E72/><V120/><N who="2" m="30752" /><V68/><F56/><T121/><N who="0" m="31008" /><T69/><D69/><U104/><E117/><V127/><F68/><T33/><D33/><U86/><E99/><V42/><F131/><T59/><D96/><U34/><E34/><V90/><F84/><T124/><D106/><U1/><E1/><V45/><F127/><T85/><D85/><U41/><E86/><V74/><F110/><T89/><D89/><U57/><E37/><V66/><F66/><T115/><D115/><U98/><E98/><V38/><F38/><T92/><D92/><U88/><E103/><AGARI ba="2,0" hai="50,51,58,59,64,65,77,79,100,103,113,114,124,125" m="31008" machi="103" ten="25,8000,1" yaku="22,2,52,3" doraHai="135" who="0" fromWho="1" sc="420,84,137,-84,493,0,0,0" /><INIT seed="4,0,0,2,2,62" ten="504,53,493,0" oya="0" hai0="106,103,41,48,42,128,51,76,56,127,118,135,32" hai1="88,116,98,90,74,131,112,43,134,82,75,53,34" hai2="78,115,83,96,66,114,72,94,64,54,87,93,2" hai3=""/><T130/><D118/><U35/><E116/><V104/><F2/><T92/><D106/><U45/><E134/><V102/><F54/><T129/><D32/><U73/><E131/><V77/><F94/><T121/><N who="0" m="31008" /><T133/><D76/><U125/><E125/><V80/><REACH who="2" step="1"/><F104/><REACH who="2" ten="504,53,483,0" step="2"/><T85/><D127/><U101/><E53/><V37/><F37/><T0/><D0/><U126/><E126/><V132/><F132/><N who="0" m="50762" /><D103/><U47/><E34/><V111/><F111/><T55/><D51/><U1/><E35/><V57/><F57/><T58/><D56/><U71/><E1/><V117/><F117/><T63/><D48/><U49/><E71/><V44/><F44/><T69/><D69/><U60/><E45/><V122/><N who="2" m="31264" /><V50/><F50/><T95/><D95/><U109/><E109/><V36/><F36/><T39/><D39/><U86/><E49/><V97/><F97/><T84/><D92/><U79/><E47/><V105/><F105/><T107/><D107/><U46/><E46/><V108/><F108/><T91/><D41/><U100/><E43/><V81/><F81/><T33/><D33/><U67/><E98/><V38/><F38/><T61/><D42/><U123/><N who="1" m="31520" /><U120/><E120/><RYUUKYOKU ba="0,1" sc="504,-10,53,-10,483,20,0,0" hai2="64,66,72,77,78,80,83,87,93,96,102,114,115" /><INIT seed="5,1,1,1,3,95" ten="494,43,503,0" oya="1" hai0="107,40,3,34,47,121,120,59,43,41,55,88,60" hai1="73,35,129,114,58,109,66,80,128,36,75,48,76" hai2="105,81,102,42,101,122,77,44,119,98,131,130,127" hai3=""/><U51/><E36/><V111/><N who="2" m="31264" /><V123/><N who="2" m="31520" /><V86/><F111/><T117/><N who="0" m="30752" /><T64/><N who="0" m="31008" /><T33/><D3/><U54/><E35/><V100/><F119/><T115/><D117/><U70/><E109/><V50/><REACH who="2" step="1"/><F127/><REACH who="2" ten="494,43,493,0" step="2"/><T104/><D115/><U116/><E116/><V87/><F87/><T92/><D33/><U132/><E114/><V79/><F79/><T93/><D34/><U74/><E132/><V118/><F118/><T106/><REACH who="0" step="1"/><D88/><REACH who="0" ten="484,43,493,0" step="2"/><U99/><E99/><V32/><F32/><T126/><D126/><U61/><REACH who="1" step="1"/><E51/><AGARI ba="1,3" hai="40,41,43,47,51,55,59,60,64,92,93,104,106,107" m="31008,30752" machi="51" ten="50,8000,1" yaku="1,1,52,2,53,1" doraHai="95" doraHaiUra="52" who="0" fromWho="1" sc="484,112,43,-82,493,0,0,0" owari="596,55.0,-39,-64.0,493,9.0,0,0.0" /></mjloggm>