<mjloggm ver="2.3"><GO type="169" lobby="0"/><UN n0="%E6%AD%8C%E8%88%9E%E4%BC%8E%E5%90%9B" n1="%63%6C%75%74%63%68%37%33" n2="%E3%81%84%E3%81%84%E3%81%9E" n3="%E3%83%AB%E3%82%A2%E3%82%B4%E3%82%A4%E3%83%95" dan="16,17,16,17" rate="2108.72,2163.71,2147.32,2093.92" sx="M,M,M,M"/><TAIKYOKU oya="0"/><INIT seed="0,0,0,0,5,40" ten="250,250,250,250" oya="0" hai0="57,99,15,1,75,127,43,67,47,126,58,86,16" hai1="108,69,117,133,66,104,21,125,88,82,134,135,79" hai2="25,10,7,115,55,132,93,105,103,37,59,106,90" hai3="22,26,96,94,76,17,119,68,101,70,33,5,44"/><T45/><D75/><U71/><E117/><V52/><F115/><W28/><G119/><T46/><D1/><U63/><E125/><N who="0" m="47625" /><D43/><U42/><E108/><V35/><F132/><W62/><G76/><T51/><D51/><U30/><E104/><V92/><F37/><W53/><G5/><T123/><D123/><U64/><E42/><V39/><F39/><W72/><G72/><T41/><D41/><U3/><E3/><V124/><F124/><W98/><G98/><T85/><D99/><U12/><E79/><V24/><F103/><W4/><G4/><T36/><D36/><U29/><E66/><V54/><F59/><N who="0" m="22538" /><D67/><U89/><E71/><V81/><F35/><W32/><G62/><T102/><D102/><U19/><E82/><V20/><F81/><W91/><G33/><T78/><D78/><U107/><REACH who="1" step="1"/><E107/><REACH who="1" ten="250,240,250,250" step="2"/><V113/><F113/><W48/><REACH who="3" step="1"/><G101/><REACH who="3" ten="250,240,250,240" step="2"/><T110/><D110/><U109/><E109/><V23/><F105/><W112/><G112/><T56/><N who="0" m="22546" /><T130/><DORA hai="38" /><D130/><U131/><E131/><V2/><F106/><W61/><G61/><T84/><D47/><U49/><E49/><V95/><REACH who="2" step="1"/><F90/><AGARI ba="0,2" hai="12,19,21,29,30,63,64,69,88,89,90,133,134,135" machi="90" ten="40,12000,2" yaku="1,1,20,1,54,1,53,4" doraHai="40,38" doraHaiUra="14,87" who="1" fromWho="2" sc="250,0,240,140,250,-120,240,0" /><INIT seed="1,0,0,4,3,16" ten="250,380,130,240" oya="1" hai0="67,124,30,10,19,2,107,97,78,48,70,40,92" hai1="5,77,15,35,33,34,42,116,86,87,29,13,128" hai2="61,28,23,71,8,106,110,135,84,126,104,133,94" hai3="68,46,88,129,64,56,53,121,4,127,62,65,17"/><U75/><E116/><V1/><F110/><W72/><G121/><T31/><D124/><U51/><E128/><V22/><F126/><W32/><G127/><T130/><D107/><U114/><E114/><V69/><F8/><W109/><G109/><T89/><D130/><U60/><E60/><V120/><F1/><W111/><G111/><T39/><D39/><U118/><E118/><V134/><F120/><W6/><G129/><T98/><D78/><U95/><E75/><V100/><F28/><W93/><G72/><T43/><D70/><N who="2" m="26634" /><F61/><W36/><G32/><T83/><D67/><U3/><E3/><V21/><F84/><W85/><G17/><T9/><D83/><U119/><E119/><V44/><F44/><W14/><G14/><N who="0" m="7639" /><D2/><U76/><E29/><N who="0" m="10761" /><D9/><U55/><E35/><V7/><F7/><W57/><G57/><T54/><D98/><AGARI ba="0,0" hai="21,22,23,94,98,100,104,106,133,134,135" m="26634" machi="98" ten="40,8000,1" yaku="20,1,52,3" doraHai="16" who="2" fromWho="0" sc="250,-80,380,0,130,80,240,0" /><INIT seed="2,0,0,0,0,74" ten="170,380,210,240" oya="2" hai0="99,46,29,59,4,63,96,14,130,10,56,69,16" hai1="1,22,75,30,37,112,107,34,90,91,7,84,110" hai2="8,121,51,81,106,33,43,105,118,108,117,3,109" hai3="86,55,15,92,123,132,87,45,78,115,42,61,18"/><V66/><F121/><W83/><G123/><T89/><D130/><U124/><E110/><N who="2" m="42603" /><F33/><W128/><G128/><T58/><D29/><U82/><E75/><V79/><F66/><W114/><G132/><T2/><D69/><U122/><E112/><V127/><F127/><W38/><G61/><T31/><D31/><U119/><E34/><V27/><F27/><W98/><G55/><T116/><D116/><N who="2" m="44650" /><F43/><W125/><G87/><T52/><D89/><U24/><E119/><V12/><F51/><W50/><G38/><T25/><D25/><U26/><E37/><V19/><F3/><W88/><REACH who="3" step="1"/><G125/><REACH who="3" ten="170,380,210,230" step="2"/><T64/><D46/><U101/><E124/><V70/><F70/><W111/><G111/><T80/><D80/><U104/><E122/><V49/><F49/><W120/><G120/><T62/><REACH who="0" step="1"/><D59/><REACH who="0" ten="160,380,210,230" step="2"/><U5/><E82/><V13/><F13/><W20/><AGARI ba="0,2" hai="15,18,20,42,45,50,78,83,86,88,92,98,114,115" machi="20" ten="30,7900,0" yaku="1,1,0,1,52,1,54,1,53,0" doraHai="74" doraHaiUra="97" who="3" fromWho="3" sc="160,-20,380,-20,210,-39,230,99" /><INIT seed="3,0,0,2,1,85" ten="140,360,171,329" oya="3" hai0="131,120,58,64,82,70,18,31,101,72,51,14,104" hai1="69,119,121,30,95,52,1,27,57,123,99,43,45" hai2="35,56,127,100,73,32,91,12,48,75,129,8,103" hai3="28,5,80,84,36,60,34,93,47,67,92,7,61"/><W118/><G118/><T87/><D120/><U97/><E1/><V105/><F129/><W65/><G34/><T125/><D131/><U133/><E69/><V78/><F127/><W6/><G28/><T124/><D31/><U110/><E110/><V113/><F113/><W132/><G132/><T106/><D72/><U63/><E99/><V20/><F20/><W112/><G112/><T135/><D70/><U39/><E133/><V71/><F71/><W54/><G65/><T96/><D135/><U15/><E15/><V94/><F105/><W68/><G60/><T107/><D64/><U37/><E37/><V38/><F38/><W114/><G114/><T74/><D58/><U46/><E46/><V41/><F75/><W23/><G23/><T29/><D51/><U24/><E24/><V11/><F11/><W102/><G102/><T44/><D44/><U90/><REACH who="1" step="1"/><E119/><REACH who="1" ten="140,350,171,329" step="2"/><V21/><F12/><W33/><G36/><T13/><D14/><U2/><E2/><V115/><F115/><W55/><G47/><T17/><D13/><U81/><E81/><V79/><F56/><W88/><REACH who="3" step="1"/><G33/><AGARI ba="0,1" hai="27,30,33,39,43,45,52,57,63,90,95,97,121,123" machi="33" ten="30,7700,0" yaku="1,1,7,1,52,1,54,1,53,0" doraHai="85" doraHaiUra="122" who="1" fromWho="3" sc="140,0,350,87,171,0,329,-77" /><INIT seed="4,0,0,5,3,100" ten="140,437,171,252" oya="0" hai0="4,18,15,90,91,62,53,120,116,45,9,127,79" hai1="19,23,77,68,81,74,28,80,65,32,10,40,36" hai2="92,118,72,94,69,35,48,84,54,78,34,26,130" hai3="5,76,95,42,131,114,135,115,121,57,87,129,66"/><T96/><D120/><U11/><E32/><V63/><F130/><N who="3" m="49675" /><G121/><T27/><D116/><U107/><E28/><V108/><F108/><W102/><G5/><T123/><D123/><U29/><E29/><V12/><F118/><W55/><G66/><T58/><D127/><U8/><E107/><V119/><F72/><W39/><G135/><T56/><D79/><U46/><E81/><V103/><F103/><W13/><G13/><T110/><D110/><U37/><E37/><V132/><F132/><W21/><G21/><T41/><D58/><U113/><E113/><V7/><F69/><W52/><G55/><T60/><D60/><U25/><E65/><V14/><F63/><N who="3" m="36263" /><G102/><T126/><D126/><U22/><E22/><V101/><F7/><W24/><G24/><T93/><D27/><U82/><E68/><V3/><F26/><W83/><G95/><N who="2" m="36393" /><F34/><W61/><G61/><T73/><D73/><U105/><E105/><V33/><F35/><W59/><G59/><T49/><D4/><U133/><E133/><V124/><F3/><W64/><G64/><T67/><REACH who="0" step="1"/><D67/><REACH who="0" ten="130,437,171,252" step="2"/><U134/><E134/><V38/><F124/><W30/><G30/><T85/><D85/><U0/><E74/><V51/><F119/><W117/><G117/><T17/><D17/><U70/><E70/><V89/><F84/><W16/><G16/><T122/><D122/><U71/><E71/><V88/><F78/><W86/><G87/><T99/><D99/><U98/><E98/><V97/><F97/><W20/><G114/><T125/><D125/><U106/><E19/><V1/><F101/><AGARI ba="0,1" hai="9,15,18,41,45,49,53,56,62,90,91,93,96,101" machi="101" ten="30,11600,0" yaku="1,1,6,1,7,1,8,1,53,0" doraHai="100" doraHaiUra="128" who="0" fromWho="2" sc="130,126,437,0,171,-116,252,0" /><INIT seed="4,1,0,5,2,106" ten="256,437,55,252" oya="0" hai0="80,0,97,46,74,2,6,77,42,59,63,51,113" hai1="90,91,15,32,128,126,19,129,49,20,83,43,133" hai2="82,111,67,115,121,24,89,5,109,30,33,18,47" hai3="23,64,16,40,125,96,48,17,41,123,56,55,69"/><T118/><D118/><U26/><E133/><V88/><F121/><W54/><G125/><T52/><D113/><U58/><E126/><V134/><F115/><W117/><G117/><T62/><D6/><U65/><E83/><V105/><F134/><W72/><G123/><T79/><D77/><U13/><E65/><V104/><F5/><W38/><G72/><T36/><REACH who="0" step="1"/><D97/><REACH who="0" ten="246,437,55,252" step="2"/><U4/><E4/><V131/><F109/><W116/><G96/><T39/><D39/><U87/><E129/><V101/><F111/><W1/><G116/><T93/><D93/><U10/><E128/><V66/><F131/><W103/><G38/><T44/><D44/><U98/><E98/><V3/><F47/><W7/><G7/><T27/><D27/><U29/><E26/><V100/><F104/><W110/><G110/><T22/><D22/><U70/><E20/><N who="2" m="15623" /><F105/><W75/><G23/><T31/><D31/><U21/><E21/><V14/><F3/><AGARI ba="1,1" hai="0,2,3,36,42,46,51,52,59,62,63,74,79,80" machi="3" ten="40,7700,0" yaku="1,1,52,1,54,1,53,0" doraHai="106" doraHaiUra="124" who="0" fromWho="2" sc="246,90,437,0,55,-80,252,0" owari="336,14.0,437,54.0,-25,-53.0,252,-15.0" /></mjloggm>