<mjloggm ver="2.3"><GO type="169" lobby="0"/><UN n0="%E5%8F%A4%E6%9C%AC" n1="%E3%81%8A%E7%9F%A5%E3%82%89%E3%81%9B" n2="%E7%B7%91%E3%81%AE%E3%83%A9%E3%83%B3%E3%83%97" n3="%E3%82%A4%E3%83%B3%E3%83%87%E3%82%A3%E3%82%B4%E3%83%96%E3%83%AB%E3%83%BC" dan="16,19,16,16" rate="2043.71,2319.63,2077.27,2133.94" sx="M,M,M,M"/><TAIKYOKU oya="0"/><INIT seed="0,0,0,1,4,62" ten="250,250,250,250" oya="0" hai0="83,22,77,98,114,86,97,84,4,109,129,127,11" hai1="12,44,28,34,79,88,106,47,19,112,45,51,119" hai2="131,117,46,6,9,105,39,48,58,134,10,7,2" hai3="103,110,70,60,120,55,125,124,23,59,81,76,132"/><T71/><D71/><U64/><E119/><V41/><F134/><W133/><G110/><T95/><D114/><U43/><E112/><V107/><F131/><W20/><G103/><T116/><D116/><U54/><E106/><V14/><F117/><W31/><G70/><T113/><D113/><U5/><E79/><V121/><F121/><W91/><G91/><T130/><D127/><N who="3" m="48713" /><G120/><T15/><D109/><U75/><E75/><V29/><F29/><W115/><G115/><T50/><D50/><U56/><E5/><V49/><F49/><W80/><G80/><T40/><D40/><U25/><E88/><V68/><F68/><W135/><G31/><T27/><D86/><AGARI ba="0,0" hai="20,23,55,59,60,76,81,86,132,133,135" m="48713" machi="86" ten="40,2600,0" yaku="20,1,18,1" doraHai="62" who="3" fromWho="0" sc="250,-26,250,0,250,0,250,26" /><INIT seed="1,0,0,0,0,82" ten="224,250,250,276" oya="1" hai0="120,105,74,122,30,3,48,126,68,127,107,20,22" hai1="73,50,11,58,96,103,97,6,27,52,17,33,28" hai2="23,71,131,14,65,125,93,94,79,8,90,119,59" hai3="7,95,85,89,45,57,53,123,56,133,24,0,15"/><U84/><E73/><V26/><F131/><W39/><G123/><N who="0" m="47147" /><D74/><U87/><E17/><V76/><F71/><W113/><G113/><T108/><D68/><U41/><E41/><V10/><F94/><W2/><G133/><T124/><D3/><U100/><E100/><V70/><F70/><W110/><G110/><T35/><D108/><U98/><REACH who="1" step="1"/><E103/><REACH who="1" ten="224,240,250,276" step="2"/><V49/><F119/><W9/><G24/><N who="0" m="18887" /><D48/><U34/><E34/><V47/><F26/><W88/><G39/><T99/><D99/><U128/><E128/><V109/><F49/><W67/><G2/><AGARI ba="0,1" hai="2,6,11,27,28,33,50,52,58,84,87,96,97,98" machi="2" ten="40,12000,1" yaku="1,1,52,2,54,1,53,0" doraHai="82" doraHaiUra="19" who="1" fromWho="3" sc="224,0,240,130,250,0,276,-120" /><INIT seed="1,1,0,1,3,105" ten="224,370,250,156" oya="1" hai0="87,115,46,91,84,96,10,27,3,133,1,106,128" hai1="14,72,76,52,40,29,88,71,104,109,51,57,114" hai2="31,43,94,132,39,18,21,99,107,77,25,8,130" hai3="102,89,103,15,16,0,116,64,120,68,66,134,117"/><U61/><E114/><V26/><F107/><W22/><G120/><T108/><D115/><U34/><E104/><V13/><F132/><W35/><G0/><T126/><D133/><U80/><E109/><V59/><F39/><W74/><G35/><T24/><D108/><U6/><E34/><V60/><F43/><W28/><G28/><T62/><D62/><U58/><E29/><V111/><F130/><W75/><G89/><T135/><D135/><U112/><E112/><V47/><F47/><W38/><G38/><T113/><D113/><U30/><E30/><V90/><F111/><W93/><G93/><T123/><D123/><U67/><E40/><V83/><F8/><W17/><G68/><T9/><D128/><U85/><E6/><V95/><F95/><W124/><G124/><T2/><D126/><U55/><E14/><V92/><F92/><W119/><G17/><T41/><D106/><U48/><E88/><V78/><F78/><W5/><G5/><T7/><D7/><U56/><REACH who="1" step="1"/><E85/><REACH who="1" ten="224,360,250,156" step="2"/><N who="2" m="48367" /><F31/><W20/><G134/><T131/><D87/><U73/><E73/><N who="3" m="27658" /><G22/><T125/><D84/><U129/><E129/><V32/><F32/><W23/><G20/><T118/><D131/><U82/><E82/><V65/><AGARI ba="1,1" hai="13,18,21,25,26,59,60,65,90,94,99" m="48367" machi="65" ten="30,1100,0" yaku="8,1" doraHai="105" who="2" fromWho="2" sc="224,-4,360,-6,250,24,156,-4" /><INIT seed="2,0,0,5,2,18" ten="220,354,274,152" oya="2" hai0="128,79,25,101,21,11,102,59,80,78,135,16,38" hai1="83,50,30,104,51,26,1,70,10,95,133,125,52" hai2="67,41,134,109,121,35,32,15,47,92,9,124,24" hai3="108,4,90,113,17,118,132,75,99,98,57,22,19"/><V54/><F121/><W129/><G108/><T130/><D38/><U39/><E39/><V112/><F112/><W73/><G118/><T37/><D37/><U49/><E104/><V20/><F67/><W107/><G132/><T72/><D135/><U40/><E133/><V74/><F74/><W42/><G42/><T53/><D11/><U127/><E70/><V61/><F134/><W60/><G129/><N who="0" m="49771" /><D79/><U71/><E71/><V62/><F92/><W76/><G4/><T46/><D46/><U8/><E40/><V96/><F96/><W2/><G2/><T106/><D106/><U65/><E65/><V103/><F103/><W48/><G19/><T116/><D116/><U36/><E36/><V58/><F62/><AGARI ba="0,0" hai="16,21,25,53,59,62,72,78,80,101,102" m="49771" machi="62" ten="30,3900,0" yaku="19,1,52,1,54,1" doraHai="18" who="0" fromWho="2" sc="220,39,354,0,274,-39,152,0" /><INIT seed="3,0,0,0,4,121" ten="259,354,235,152" oya="3" hai0="14,70,16,34,52,95,11,120,109,43,17,117,69" hai1="25,91,82,110,96,18,24,45,36,23,83,21,6" hai2="58,60,98,28,133,88,106,81,57,124,74,134,112" hai3="99,75,126,114,105,54,10,122,123,63,35,42,49"/><W73/><G114/><T1/><D120/><U29/><E6/><V108/><F112/><W116/><G116/><T56/><D117/><U125/><E125/><V31/><F124/><W59/><G35/><T92/><D34/><U46/><E110/><V61/><F74/><W32/><G32/><T9/><D1/><U68/><E68/><V20/><F106/><W19/><G126/><T79/><D79/><U102/><E36/><V15/><F15/><W30/><G30/><T44/><D109/><U89/><E83/><V50/><F50/><W47/><G122/><T48/><D70/><U115/><E115/><V93/><F81/><W94/><G105/><T103/><D103/><U87/><REACH who="1" step="1"/><E89/><REACH who="1" ten="259,344,235,152" step="2"/><V101/><F108/><W71/><G71/><T39/><D69/><U72/><E72/><V8/><F134/><W0/><G0/><T85/><D85/><U129/><E129/><V55/><F133/><W84/><G84/><T4/><D4/><U127/><E127/><V78/><F78/><W65/><G75/><T12/><AGARI ba="0,1" hai="9,11,12,14,16,17,39,43,44,48,52,56,92,95" machi="12" ten="30,7900,0" yaku="0,1,9,1,54,2" doraHai="121" who="0" fromWho="0" sc="259,89,344,-20,235,-20,152,-39" /><INIT seed="4,0,0,4,1,87" ten="348,324,215,113" oya="0" hai0="99,110,63,119,120,77,108,24,105,92,39,35,64" hai1="98,68,73,84,113,60,18,109,116,117,67,23,79" hai2="78,86,20,29,32,76,101,45,13,123,127,80,56" hai3="30,126,71,128,16,90,8,46,27,134,57,115,3"/><T9/><D119/><U114/><E73/><V17/><F127/><W82/><G115/><N who="1" m="44042" /><E109/><N who="0" m="42089" /><D120/><U6/><E6/><V22/><F32/><W100/><G134/><T102/><D39/><U131/><E131/><V81/><F101/><W58/><G126/><T28/><D77/><U94/><E84/><V38/><F38/><W26/><G71/><N who="0" m="42399" /><D9/><U40/><E40/><V121/><F45/><W104/><G46/><T0/><D92/><U59/><E68/><V83/><F56/><W14/><G3/><AGARI ba="0,0" hai="0,3,24,28,35,99,102,105" m="42399,42089" machi="3" ten="30,5800,0" yaku="25,1,10,1,23,1" doraHai="87" who="0" fromWho="3" sc="348,58,324,0,215,0,113,-58" /><INIT seed="4,1,0,0,4,93" ten="406,324,215,55" oya="0" hai0="1,130,42,135,131,112,107,66,38,125,43,13,17" hai1="5,39,89,74,94,18,55,134,116,83,120,128,61" hai2="3,76,73,23,14,68,19,12,77,26,10,46,40" hai3="85,80,8,4,111,47,108,20,58,96,99,56,115"/><T133/><D1/><U0/><E120/><V51/><F68/><W104/><G104/><T114/><D107/><U132/><E39/><V81/><F77/><W82/><G115/><N who="0" m="44075" /><D66/><U87/><E116/><V44/><F44/><W88/><G47/><N who="0" m="24023" /><D43/><U22/><E128/><N who="0" m="49193" /><D125/><U35/><E0/><V24/><REACH who="2" step="1"/><F3/><REACH who="2" ten="406,324,205,55" step="2"/><W123/><G123/><T59/><D59/><U113/><E113/><V37/><F37/><W34/><G58/><T29/><D29/><U50/><E132/><V60/><F60/><W69/><G56/><T127/><D127/><U84/><E134/><V91/><F91/><W119/><G69/><T53/><D53/><U101/><E61/><V48/><F48/><W79/><G119/><T33/><D33/><U75/><E35/><V21/><F21/><AGARI ba="1,1" hai="13,17,21,133,135" m="49193,24023,44075" machi="21" ten="30,2900,0" yaku="15,1,19,1" doraHai="93" who="0" fromWho="2" sc="406,42,324,0,205,-32,55,0" /><INIT seed="4,2,0,5,0,1" ten="448,324,173,55" oya="0" hai0="107,60,15,10,126,70,119,125,0,11,79,32,80" hai1="56,24,41,102,28,7,51,96,109,91,110,57,17" hai2="81,36,68,123,103,39,131,61,4,127,47,12,21" hai3="132,27,44,89,85,77,133,34,118,5,2,120,48"/><T86/><D119/><U16/><E91/><V135/><F123/><W99/><G118/><T46/><D107/><U134/><E134/><V20/><F103/><W124/><G124/><N who="0" m="47723" /><D32/><U62/><E7/><V82/><F127/><W128/><G128/><T115/><D115/><U93/><E109/><V45/><F12/><W65/><G65/><N who="0" m="41255" /><D0/><U14/><E110/><V95/><F61/><W35/><G27/><T6/><D11/><U72/><E72/><V112/><F68/><W69/><G69/><T52/><D46/><U63/><E41/><V26/><F112/><W8/><G120/><T73/><D52/><N who="1" m="31775" /><E14/><V67/><F26/><W3/><G3/><T108/><D108/><U87/><E87/><AGARI ba="2,0" hai="6,10,15,73,79,80,86,87" m="41255,47723" machi="87" ten="30,2900,0" yaku="18,1,52,1" doraHai="1" who="0" fromWho="1" sc="448,35,324,-35,173,0,55,0" /><INIT seed="4,3,0,2,1,108" ten="483,289,173,55" oya="0" hai0="1,49,7,35,9,38,130,93,69,39,123,80,21" hai1="112,113,114,90,134,89,86,34,81,2,135,83,82" hai2="5,58,101,125,87,95,84,71,129,74,106,75,97" hai3="6,24,53,46,118,131,110,124,18,37,68,26,77"/><T62/><D123/><U25/><E2/><V51/><F71/><W103/><G118/><T105/><D105/><U48/><E48/><V100/><F5/><W55/><G110/><T66/><D35/><U79/><E34/><V78/><F51/><W63/><G124/><T64/><D64/><U40/><E25/><V19/><F58/><W121/><G131/><T20/><D130/><U70/><E40/><V54/><F54/><W73/><G103/><T12/><D49/><U23/><E23/><V99/><F19/><W98/><G98/><T126/><D126/><U16/><E16/><V32/><F32/><W43/><G6/><T3/><D3/><U42/><E42/><V119/><F119/><W28/><G121/><T104/><D1/><U109/><E70/><V96/><F125/><W60/><G60/><T33/><D33/><U44/><E44/><V56/><F56/><W4/><G4/><T120/><D120/><U72/><E109/><V31/><F31/><W85/><G73/><N who="2" m="27657" /><F129/><W59/><G68/><T65/><D38/><U132/><REACH who="1" step="1"/><E83/><REACH who="1" ten="483,279,173,55" step="2"/><N who="2" m="47223" /><F106/><W41/><G41/><T57/><D104/><U127/><E127/><V133/><F133/><W15/><G28/><T61/><D69/><U14/><E14/><V27/><F27/><W17/><G17/><T45/><D12/><U50/><E50/><V22/><F22/><N who="3" m="11615" /><G26/><T76/><D45/><U88/><AGARI ba="3,1" hai="72,79,81,82,86,88,89,90,112,113,114,132,134,135" machi="88" ten="40,24000,4" yaku="1,1,0,1,15,1,11,1,20,1,34,3,52,3,54,1,53,0" doraHai="108" doraHaiUra="13" who="1" fromWho="1" sc="483,-123,279,259,173,-63,55,-63" owari="360,16.0,538,64.0,110,-29.0,-8,-51.0" /></mjloggm>