<mjloggm ver="2.3"><GO type="225" lobby="0"/><UN n0="%E3%80%90%E8%92%BC%E7%90%89%E3%80%91" n1="%4B%69%7A%75%6E%65%72" n2="%E6%9D%A5%E9%80%B1%E3%81%AE%E7%B3%B8%E4%BA%95" n3="%E9%81%85%E5%88%BB%E3%81%AE%E3%83%97%E3%83%AA%E3%83%B3%E3%82%B9%E2%99%AA" dan="16,17,16,16" rate="2163.26,2189.95,2138.38,2113.04" sx="F,F,M,F"/><TAIKYOKU oya="0"/><INIT seed="0,0,0,1,3,119" ten="250,250,250,250" oya="0" hai0="67,98,72,78,130,86,40,24,0,28,125,115,135" hai1="68,84,44,55,37,132,58,60,46,5,122,43,9" hai2="29,99,85,66,30,96,69,20,26,8,83,91,131" hai3="41,109,120,1,94,74,121,48,77,27,126,89,4"/><T80/><D115/><U102/><E132/><V38/><F38/><W11/><G109/><T45/><D125/><U35/><E35/><V97/><F131/><W128/><G128/><T123/><D130/><U112/><E112/><V23/><F69/><W73/><G126/><T118/><D118/><U81/><E102/><V10/><REACH who="2" step="1"/><F66/><REACH who="2" ten="250,250,240,250" step="2"/><W14/><G1/><T76/><D0/><U52/><E68/><V70/><F70/><W47/><G27/><AGARI ba="0,1" hai="8,10,20,23,26,27,29,30,83,85,91,96,97,99" machi="27" ten="40,5200,0" yaku="1,1,9,1,8,1,53,0" doraHai="119" doraHaiUra="57" who="2" fromWho="3" sc="250,0,250,0,240,62,250,-52" /><INIT seed="1,0,0,3,2,22" ten="250,250,302,198" oya="1" hai0="112,134,23,19,78,98,69,109,20,5,46,118,54" hai1="72,129,7,13,10,121,4,41,39,30,6,25,17" hai2="31,90,84,123,115,45,99,57,100,105,86,60,80" hai3="53,119,104,114,77,15,11,2,34,44,0,101,92"/><U76/><E121/><V12/><F123/><W62/><G114/><T24/><D112/><U59/><E129/><V110/><F115/><W131/><G131/><T66/><D118/><U111/><E111/><V33/><F110/><W29/><G104/><T124/><D109/><U97/><E59/><V127/><F127/><W82/><G119/><T120/><D120/><U3/><E97/><V48/><F12/><W108/><G108/><T74/><D124/><U75/><E76/><V71/><F71/><W21/><G34/><T32/><D134/><U68/><E68/><V28/><F33/><W103/><G2/><T122/><D32/><U43/><E3/><V67/><REACH who="2" step="1"/><F86/><REACH who="2" ten="250,250,292,198" step="2"/><N who="3" m="48463" /><G0/><T26/><D122/><U1/><E1/><V102/><F102/><W50/><G15/><T89/><D69/><U49/><E39/><V64/><F64/><W38/><G38/><T63/><D66/><U94/><E75/><V126/><F126/><W95/><G11/><T9/><D74/><U35/><E72/><V40/><AGARI ba="0,1" hai="28,31,40,45,48,57,60,67,80,84,90,99,100,105" machi="40" ten="20,2700,0" yaku="1,1,0,1,7,1,53,0" doraHai="22" doraHaiUra="73" who="2" fromWho="2" sc="250,-7,250,-13,292,37,198,-7" /><INIT seed="2,0,0,5,0,88" ten="243,237,329,191" oya="2" hai0="59,20,102,46,90,72,116,15,31,104,42,7,121" hai1="19,32,71,109,61,14,45,134,131,119,62,87,95" hai2="112,51,11,81,89,3,67,47,36,105,37,111,63" hai3="33,120,80,44,84,43,124,86,27,52,0,9,24"/><V17/><F105/><W22/><G120/><T50/><D121/><U57/><E119/><V21/><F112/><W65/><G124/><T64/><D72/><U91/><E32/><V75/><F111/><W135/><G135/><T118/><D104/><U35/><E35/><V5/><F75/><W74/><G65/><T125/><D102/><U39/><E109/><V30/><F30/><W60/><G33/><T26/><D125/><U85/><E131/><V133/><F133/><W53/><G74/><T94/><D7/><U82/><E134/><V6/><F6/><W70/><G70/><T48/><D15/><U122/><E122/><V129/><F129/><W117/><G117/><T79/><D79/><U38/><E71/><V56/><F81/><W8/><G0/><T115/><D115/><U110/><E110/><V29/><F89/><N who="3" m="51335" /><G86/><T130/><D130/><U66/><E61/><V41/><REACH who="2" step="1"/><F29/><REACH who="2" ten="243,237,319,191" step="2"/><N who="3" m="17559" /><G27/><AGARI ba="0,1" hai="3,5,11,17,21,27,36,37,41,47,51,56,63,67" machi="27" ten="30,5800,0" yaku="1,1,7,1,53,1" doraHai="88" doraHaiUra="18" who="2" fromWho="3" sc="243,0,237,0,319,68,191,-58" /><INIT seed="2,1,0,5,3,116" ten="243,237,387,133" oya="2" hai0="135,100,78,65,32,26,51,34,77,7,3,91,129" hai1="41,103,9,48,6,36,68,109,67,80,90,69,49" hai2="15,125,13,59,44,130,117,5,60,23,17,43,131" hai3="50,122,53,119,37,134,57,108,111,38,18,104,71"/><V52/><F117/><W84/><G104/><T56/><D135/><U42/><E109/><N who="3" m="42058" /><G84/><T31/><D129/><N who="2" m="49162" /><F125/><W93/><G93/><T1/><D34/><U54/><E103/><V16/><F5/><W107/><G107/><T82/><D100/><U0/><E80/><V133/><F133/><W10/><G10/><T35/><D35/><U105/><E105/><V121/><F121/><W40/><G18/><N who="2" m="7273" /><F23/><W33/><G33/><T86/><D7/><U102/><E6/><V19/><N who="2" m="7281" /><V75/><DORA hai="21" /><F75/><W2/><G2/><T61/><D78/><U8/><E9/><V70/><F70/><W29/><G29/><T73/><REACH who="0" step="1"/><D51/><AGARI ba="1,0" hai="13,15,43,44,51,52,59,60" m="7281,49162" machi="51" ten="40,7700,0" yaku="19,1,54,2" doraHai="116,21" who="2" fromWho="0" sc="243,-80,237,0,387,80,133,0" /><INIT seed="2,2,0,5,3,79" ten="163,237,467,133" oya="2" hai0="117,45,18,11,130,89,52,66,55,8,12,126,72" hai1="132,129,42,24,40,123,47,3,121,90,4,53,77" hai2="115,17,135,109,56,9,134,64,100,86,70,69,73" hai3="25,80,68,22,30,125,98,54,91,119,94,116,105"/><V31/><F73/><W108/><G108/><T36/><D126/><U128/><E24/><V28/><F100/><W23/><G125/><T13/><D72/><U99/><E4/><V131/><F115/><W7/><G68/><T33/><D33/><U75/><E3/><V95/><F131/><N who="1" m="50249" /><E90/><V51/><F109/><W15/><G105/><T6/><D130/><U93/><E132/><V133/><F31/><W92/><G92/><T111/><D111/><U114/><E114/><V46/><F28/><W0/><G0/><T97/><D117/><U61/><E77/><V48/><F133/><W59/><G80/><T32/><D32/><U67/><E75/><V38/><F17/><W2/><G2/><T88/><D66/><U112/><E112/><V103/><F64/><W82/><G82/><T43/><REACH who="0" step="1"/><D97/><REACH who="0" ten="153,237,467,133" step="2"/><U104/><E67/><V65/><F65/><W16/><REACH who="3" step="1"/><G7/><REACH who="3" ten="153,237,467,123" step="2"/><T71/><D71/><U84/><E123/><V76/><F70/><W85/><G85/><T21/><D21/><U60/><E84/><V14/><F69/><W49/><AGARI ba="2,2" hai="15,16,22,23,25,30,49,54,59,91,94,98,116,119" machi="49" ten="20,5200,0" yaku="1,1,0,1,7,1,54,1,53,0" doraHai="79" doraHaiUra="118" who="3" fromWho="3" sc="153,-15,237,-15,467,-28,123,78" /><INIT seed="3,0,0,2,5,43" ten="138,222,439,201" oya="3" hai0="36,87,100,76,39,49,129,71,134,4,21,31,88" hai1="123,15,127,50,18,105,40,11,35,47,65,5,110" hai2="59,9,37,79,3,92,115,58,78,60,23,130,103" hai3="109,69,118,16,114,122,70,22,126,61,51,25,19"/><W2/><G114/><T20/><D71/><U44/><E123/><V62/><F37/><W26/><G122/><T132/><D129/><U90/><E110/><V7/><F115/><W17/><G118/><T77/><D100/><U96/><E127/><V53/><F130/><W33/><G2/><T74/><D4/><U38/><E35/><V133/><F133/><W83/><G126/><T135/><D74/><U108/><E108/><V6/><F6/><W27/><G109/><T98/><D98/><U84/><E65/><V111/><F111/><W117/><G117/><T0/><D0/><U10/><E105/><V66/><F23/><W32/><G51/><T48/><D31/><U55/><E96/><V1/><F1/><W68/><G22/><T125/><D125/><U52/><E55/><V67/><F53/><W34/><G83/><T95/><D39/><U14/><E84/><V75/><F75/><W29/><G29/><T46/><D36/><U97/><E97/><AGARI ba="0,0" hai="3,7,9,58,59,60,62,66,67,78,79,92,97,103" machi="97" ten="40,1300,0" yaku="9,1" doraHai="43" who="2" fromWho="1" sc="138,0,222,-13,439,13,201,0" owari="138,-36.0,209,1.0,452,55.0,201,-20.0" /></mjloggm>