<mjloggm ver="2.3"><GO type="169" lobby="0"/><UN n0="%4B%69%7A%75%6E%65%72" n1="%E3%82%AE%E3%82%AC%E3%83%9E%E3%82%A4%E3%83%B3" n2="%6B%6F%62%6F%7A" n3="%EF%BC%BC%28%EF%BC%BE%6F%EF%BC%BE%29%EF%BC%8F%E2%98%85" dan="17,16,18,17" rate="2191.97,2127.63,2209.23,2220.95" sx="F,M,M,M"/><TAIKYOKU oya="0"/><INIT seed="0,0,0,4,0,62" ten="250,250,250,250" oya="0" hai0="65,122,54,91,135,134,79,38,19,39,100,90,41" hai1="117,72,51,109,31,104,48,80,13,130,84,2,30" hai2="42,12,64,14,132,50,94,121,88,120,105,82,118" hai3="3,110,63,1,44,86,75,15,18,67,73,66,22"/><T9/><D122/><U26/><E117/><V24/><F105/><W68/><G110/><T28/><D100/><U98/><E2/><V115/><F115/><W126/><G126/><T4/><D79/><U76/><E109/><V106/><F106/><W56/><G3/><T61/><D28/><U46/><E130/><V113/><F113/><W40/><G1/><N who="0" m="143" /><D54/><U21/><E31/><V71/><F82/><W96/><G96/><T0/><D0/><U83/><E13/><V127/><F24/><W53/><G86/><T27/><D19/><U112/><E112/><V7/><F50/><W87/><G87/><T103/><D27/><U89/><E46/><V20/><F42/><W57/><G57/><N who="0" m="37039" /><D103/><U52/><E52/><V99/><F127/><W33/><G33/><T95/><D41/><U6/><E6/><V129/><F129/><W116/><G116/><T102/><D102/><U108/><E108/><V123/><F118/><W133/><G68/><T17/><D17/><U29/><E29/><V47/><F47/><W124/><G44/><T93/><D93/><U34/><E34/><V128/><F128/><W8/><G40/><T11/><D11/><U35/><E35/><V101/><F101/><W45/><G45/><T25/><D25/><U114/><E114/><V131/><F131/><W97/><G8/><T111/><D111/><U43/><E43/><V77/><F7/><W5/><G5/><T10/><D10/><U119/><E119/><V85/><F120/><W58/><G124/><T55/><D55/><U36/><E36/><N who="0" m="13865" /><D95/><N who="1" m="56687" /><E104/><V49/><F121/><W125/><G125/><RYUUKYOKU ba="0,0" sc="250,15,250,15,250,-15,250,-15" hai0="90,91,134,135" hai1="21,26,30,48,51,72,76,80,83,84" /><INIT seed="0,1,0,4,5,129" ten="265,265,235,235" oya="0" hai0="10,38,72,16,127,135,51,81,50,55,13,96,68" hai1="46,54,108,2,86,12,63,17,74,11,64,87,73" hai2="79,76,62,36,66,14,98,30,97,94,130,56,6" hai3="123,44,116,118,21,75,104,37,5,34,40,107,110"/><T91/><D38/><U124/><E108/><V88/><F36/><W60/><G21/><T33/><D33/><U25/><E124/><V112/><F130/><W58/><G34/><T80/><D68/><U29/><E2/><V106/><F112/><W109/><G75/><T15/><D127/><U1/><E1/><V95/><F106/><W19/><G5/><T78/><D135/><U93/><E74/><V131/><F131/><W82/><G19/><T47/><D51/><U31/><E73/><V26/><F14/><W42/><G82/><T35/><D35/><U7/><E7/><V113/><F6/><W114/><G107/><T53/><D15/><U125/><E125/><V132/><F132/><W18/><G18/><T115/><D115/><U67/><E31/><V49/><F49/><W0/><G104/><T59/><D96/><U122/><E122/><V23/><F113/><W121/><G40/><T41/><REACH who="0" step="1"/><D59/><REACH who="0" ten="255,265,235,235" step="2"/><U45/><E12/><V48/><F48/><W101/><G114/><T70/><D70/><U111/><E25/><V4/><F4/><W27/><G27/><T100/><D100/><AGARI ba="1,1" hai="23,26,30,56,62,66,76,79,88,94,95,97,98,100" machi="100" ten="30,8000,1" yaku="7,1,25,2,8,1,54,1" doraHai="129" who="2" fromWho="0" sc="255,-83,265,0,235,93,235,0" /><INIT seed="1,0,0,3,2,61" ten="172,265,328,235" oya="1" hai0="34,107,18,33,8,117,12,89,56,72,26,103,2" hai1="38,127,71,130,91,75,7,128,102,92,119,87,44" hai2="55,116,77,25,13,64,125,51,59,29,4,100,36" hai3="135,27,43,32,83,9,112,35,114,111,118,97,48"/><U108/><E119/><V88/><F116/><W98/><G118/><T5/><D117/><RYUUKYOKU type="kaze4" ba="0,0" sc="172,0,265,0,328,0,235,0" /><INIT seed="1,1,0,2,2,4" ten="172,265,328,235" oya="1" hai0="41,130,94,101,84,51,108,126,125,72,134,57,66" hai1="119,97,31,1,113,34,79,135,43,55,24,13,118" hai2="78,30,10,32,73,63,49,40,123,23,14,86,71" hai3="129,106,17,38,42,62,92,122,85,15,22,82,6"/><U47/><E113/><V26/><F73/><W27/><G106/><T103/><D108/><U65/><E1/><V18/><F123/><W107/><G107/><T16/><D72/><U29/><E135/><V20/><F71/><W60/><G122/><T8/><D134/><U83/><E31/><V96/><F63/><W2/><G2/><T104/><D130/><U117/><E65/><V37/><F96/><W35/><G129/><T45/><D104/><U7/><E55/><V3/><F37/><W112/><G112/><T88/><D126/><U124/><E97/><V12/><F86/><W128/><G92/><T80/><D125/><U131/><E131/><V116/><F78/><W87/><G87/><T105/><D105/><U133/><E133/><V114/><F49/><W67/><G128/><T28/><D28/><U64/><E64/><V21/><F40/><W99/><G99/><T59/><D94/><U25/><E25/><N who="2" m="18511" /><F116/><W44/><G35/><T98/><D98/><U68/><E68/><V0/><F114/><W75/><G75/><T52/><D66/><U132/><E132/><V53/><F53/><W95/><G95/><T36/><REACH who="0" step="1"/><D57/><REACH who="0" ten="162,265,328,235" step="2"/><U100/><E124/><V74/><F74/><W127/><G127/><T110/><D110/><U81/><E118/><V109/><F109/><W19/><G67/><T11/><D11/><N who="1" m="4351" /><E119/><V93/><F93/><W89/><G6/><T76/><D76/><U56/><E117/><V9/><F26/><W91/><G89/><T69/><D69/><U70/><E70/><V39/><F39/><W120/><G120/><T48/><D48/><RYUUKYOKU ba="1,1" sc="162,10,265,-30,328,10,235,10" hai0="8,16,36,41,45,51,52,59,80,84,88,101,103" hai2="0,3,9,10,12,14,18,20,21,23" hai3="15,17,19,22,27,38,42,44,60,62,82,85,91" /><INIT seed="2,2,1,4,4,37" ten="172,235,338,245" oya="2" hai0="33,53,46,58,28,54,85,129,78,99,126,60,106" hai1="87,86,5,40,32,47,117,95,90,119,31,3,34" hai2="8,43,67,111,39,112,38,100,20,80,4,110,22" hai3="52,1,70,88,63,15,113,91,27,72,36,51,98"/><V57/><F112/><W55/><G1/><T26/><D126/><U124/><E124/><V35/><F35/><W59/><G36/><T131/><D78/><U21/><E21/><V45/><F39/><W7/><G72/><T103/><REACH who="0" step="1"/><D85/><REACH who="0" ten="162,235,338,245" step="2"/><U89/><E119/><V11/><F110/><W114/><G114/><T50/><AGARI ba="2,2" hai="26,28,33,46,50,53,54,58,60,99,103,106,129,131" machi="50" ten="30,4000,0" yaku="1,1,2,1,0,1,53,0" doraHai="37" doraHaiUra="61" who="0" fromWho="0" sc="162,66,235,-12,338,-22,245,-12" /><INIT seed="3,0,0,3,0,8" ten="228,223,316,233" oya="3" hai0="93,3,97,6,18,66,42,65,108,71,36,106,88" hai1="49,78,112,84,44,125,69,101,72,12,70,122,91" hai2="39,2,115,75,7,51,0,56,81,113,30,21,98" hai3="55,57,73,41,96,34,59,46,126,82,102,16,64"/><W77/><G34/><T128/><D108/><U58/><E122/><V86/><F39/><W4/><G126/><T60/><D128/><U121/><E112/><V26/><F75/><W19/><G4/><T80/><D106/><U131/><E121/><V109/><F109/><W28/><G28/><T17/><D66/><U53/><E131/><V110/><F110/><W104/><G64/><T120/><D120/><U43/><E125/><V119/><F119/><W62/><REACH who="3" step="1"/><G59/><REACH who="3" ten="228,223,316,223" step="2"/><T74/><D6/><U50/><E70/><V47/><F7/><W95/><G95/><T14/><D3/><U10/><E69/><V52/><F0/><W85/><G85/><T29/><D29/><U118/><E118/><V90/><F2/><W48/><AGARI ba="0,1" hai="16,19,41,46,48,55,57,62,73,77,82,96,102,104" machi="48" ten="20,12000,1" yaku="1,1,0,1,7,1,54,1,53,1" doraHai="8" doraHaiUra="94" who="3" fromWho="3" sc="228,-40,223,-40,316,-40,223,130" /><INIT seed="3,1,0,5,1,58" ten="188,183,276,353" oya="3" hai0="22,28,103,72,64,111,5,89,51,2,63,0,127" hai1="8,97,7,19,61,128,104,38,133,41,88,129,125" hai2="90,99,77,96,14,109,80,94,132,101,120,12,83" hai3="46,35,68,32,10,31,115,100,112,82,95,87,113"/><W126/><G126/><T131/><D111/><U45/><E125/><V53/><F109/><W3/><G31/><T106/><D127/><U75/><E75/><V85/><F132/><W60/><G46/><T20/><D131/><U36/><E36/><V34/><F34/><W43/><G43/><T110/><D110/><U15/><E133/><V52/><F120/><W66/><G95/><T49/><D72/><U40/><E40/><V79/><F99/><W17/><G100/><T119/><D119/><U70/><E7/><V123/><F123/><W21/><G10/><T33/><D89/><U102/><REACH who="1" step="1"/><E88/><REACH who="1" ten="188,173,276,353" step="2"/><V47/><F90/><W48/><G115/><T74/><D74/><U124/><E124/><V135/><F135/><W117/><G113/><T9/><D5/><U93/><E93/><V1/><F83/><W42/><G112/><T81/><D103/><U4/><E4/><V44/><F79/><W67/><G117/><T78/><D81/><U73/><E73/><V71/><F1/><W54/><G3/><T25/><D78/><U62/><E62/><V84/><F85/><W122/><G87/><T18/><D106/><U69/><E69/><V108/><F71/><W57/><G82/><T50/><D0/><U134/><E134/><V98/><F108/><W91/><G91/><T23/><D2/><U26/><E26/><V92/><F94/><W13/><G68/><T56/><REACH who="0" step="1"/><D9/><REACH who="0" ten="178,173,276,353" step="2"/><U11/><E11/><V121/><F101/><W59/><G122/><T39/><D39/><U105/><E105/><V107/><F107/><W86/><G86/><T114/><D114/><RYUUKYOKU ba="1,2" sc="178,15,173,15,276,-15,353,-15" hai0="18,20,22,23,25,28,33,49,50,51,56,63,64" hai1="8,15,19,38,41,45,61,70,97,102,104,128,129" /><INIT seed="4,2,2,0,5,38" ten="193,188,261,338" oya="0" hai0="105,52,18,46,122,70,68,44,102,8,36,41,76" hai1="67,33,24,125,82,99,0,95,108,81,7,65,56" hai2="114,22,104,93,97,51,71,107,132,88,127,94,74" hai3="90,30,43,16,28,54,92,120,48,1,29,118,40"/><T19/><D122/><U86/><E108/><V91/><F71/><W69/><G118/><T121/><D121/><U20/><E33/><V77/><F51/><W31/><G1/><T13/><D76/><U15/><E0/><V45/><F45/><N who="3" m="27919" /><G69/><T78/><D78/><U98/><E125/><V115/><F22/><W111/><G120/><T21/><D46/><U128/><E128/><V26/><F26/><W85/><G111/><T60/><D102/><U57/><E15/><V2/><F132/><W49/><G31/><T6/><D105/><N who="2" m="40522" /><F2/><W62/><G62/><T87/><D87/><U109/><E7/><V79/><F127/><W27/><G49/><T123/><D123/><U11/><E11/><V112/><F74/><W5/><G5/><T25/><REACH who="0" step="1"/><D6/><REACH who="0" ten="183,188,261,338" step="2"/><U119/><E109/><V106/><F106/><W110/><G110/><T64/><D64/><N who="1" m="24651" /><E119/><V130/><F130/><W53/><G53/><T59/><AGARI ba="2,3" hai="8,13,18,19,21,25,36,41,44,52,59,60,68,70" machi="59" ten="30,11700,0" yaku="1,1,0,1,52,1,54,1,53,0" doraHai="38" doraHaiUra="131" who="0" fromWho="0" sc="183,153,188,-41,261,-41,338,-41" /><INIT seed="4,3,0,1,4,24" ten="336,147,220,297" oya="0" hai0="116,49,120,7,118,98,8,6,111,114,70,33,48" hai1="58,43,50,53,51,100,5,34,32,84,37,13,81" hai2="66,99,71,103,115,23,89,113,47,19,42,121,40" hai3="46,133,93,80,123,69,65,97,117,109,56,11,25"/><T3/><D70/><U72/><E72/><V128/><F121/><W36/><G109/><T21/><D120/><U112/><E37/><V0/><F0/><W110/><G110/><T1/><D111/><U60/><E112/><V63/><F89/><W73/><G69/><T67/><D114/><N who="2" m="43530" /><F128/><W61/><G117/><T68/><D33/><U94/><E32/><V17/><F23/><W102/><G133/><T105/><D21/><U55/><E34/><V30/><F30/><W135/><G135/><T90/><D49/><U127/><E127/><V126/><F126/><W87/><G73/><T122/><D48/><U108/><E108/><V76/><F76/><W44/><G36/><T130/><D90/><U29/><E29/><V27/><F27/><W39/><G39/><T38/><D38/><U129/><E129/><V88/><F88/><N who="3" m="51303" /><G123/><T82/><D122/><U95/><E100/><V85/><F85/><W14/><G25/><T91/><D130/><U92/><E43/><N who="2" m="16427" /><F47/><W86/><G86/><T26/><D26/><U134/><E134/><V54/><F54/><W12/><G12/><T104/><D91/><U22/><E55/><V31/><F31/><W41/><G41/><T131/><D131/><U125/><E125/><V101/><F101/><W15/><G15/><T119/><D119/><U20/><E84/><V106/><AGARI ba="3,0" hai="17,19,63,66,71,99,103,106" m="16427,43530" machi="106" ten="30,1100,0" yaku="15,1" doraHai="24" who="2" fromWho="2" sc="336,-8,147,-6,220,20,297,-6" /><INIT seed="5,0,0,2,3,83" ten="328,141,240,291" oya="1" hai0="70,116,78,30,25,1,89,94,117,37,43,60,24" hai1="80,100,110,62,10,101,131,7,13,58,120,42,109" hai2="48,38,111,51,29,133,68,47,112,122,91,40,88" hai3="56,114,54,65,16,32,4,108,27,61,34,118,135"/><U98/><E120/><V85/><F122/><W84/><G108/><T33/><D1/><U26/><E131/><V95/><F111/><N who="1" m="42505" /><E42/><V81/><F133/><W64/><G114/><T128/><D128/><U41/><E41/><V66/><F112/><W45/><G135/><T71/><D78/><U132/><E132/><V35/><F35/><W123/><G4/><T2/><D2/><U105/><E101/><V124/><F29/><W3/><G3/><T9/><D9/><U130/><E80/><V103/><F103/><W14/><G118/><T59/><D24/><U63/><E130/><V39/><F51/><N who="3" m="29039" /><G34/><T49/><D37/><U134/><E134/><V125/><F66/><N who="3" m="39207" /><G27/><T119/><D43/><U21/><E58/><V12/><F12/><W107/><G32/><T44/><D59/><U5/><E5/><V77/><F91/><W46/><G107/><T36/><D36/><U0/><E0/><V55/><F68/><W8/><G46/><T87/><D70/><U17/><AGARI ba="0,0" hai="7,10,13,17,21,26,62,63,98,100,105" m="42505" machi="17" ten="30,1500,0" yaku="10,1" doraHai="83" who="1" fromWho="1" sc="328,-5,141,15,240,-5,291,-5" /><INIT seed="5,1,0,5,5,68" ten="323,156,235,286" oya="1" hai0="55,86,21,11,29,95,118,128,133,87,131,52,76" hai1="121,25,117,71,115,9,135,39,104,24,44,123,36" hai2="120,20,94,49,74,26,132,102,33,56,51,5,2" hai3="65,17,82,57,116,58,40,91,47,69,35,32,119"/><U79/><E117/><N who="3" m="45130" /><G69/><T84/><D118/><U0/><E71/><V108/><F33/><N who="3" m="12875" /><G65/><T81/><D133/><U1/><E104/><V12/><F2/><W78/><G91/><T112/><D112/><U62/><E62/><V15/><F5/><W83/><G17/><T129/><D11/><U88/><E79/><V27/><F132/><W41/><G41/><T113/><D113/><U4/><E135/><V77/><F74/><N who="3" m="43351" /><G83/><T99/><D21/><U93/><E115/><V105/><F20/><W22/><G22/><T111/><D29/><U85/><E0/><V89/><F89/><W31/><G31/><T38/><D38/><AGARI ba="1,0" hai="38,40,47,57,58" m="43351,12875,45130" machi="38" ten="30,2000,0" yaku="12,1,52,1" doraHai="68" who="3" fromWho="0" sc="323,-23,156,0,235,0,286,23" /><INIT seed="6,0,0,5,3,35" ten="300,156,235,309" oya="2" hai0="93,22,110,64,102,100,96,70,31,103,101,108,13" hai1="72,118,120,17,122,61,26,29,2,83,87,123,58" hai2="77,36,115,20,21,54,34,65,6,27,104,39,53" hai3="19,125,33,42,51,48,1,69,128,75,66,81,52"/><V121/><F121/><W97/><G33/><T126/><D126/><U94/><E118/><V25/><F34/><W114/><G1/><T37/><D37/><U109/><E109/><V49/><F104/><W74/><G125/><T23/><D23/><U60/><E72/><V135/><F6/><W68/><G128/><T95/><D13/><U67/><E94/><V79/><F49/><W127/><G127/><T8/><D8/><U55/><E17/><V88/><F65/><W45/><G114/><T50/><D50/><U117/><E117/><V90/><REACH who="2" step="1"/><F135/><REACH who="2" ten="300,156,225,309" step="2"/><W7/><G66/><T92/><D110/><U40/><E40/><V132/><F132/><W78/><G7/><T112/><D108/><U131/><E131/><V111/><F111/><W91/><G51/><T62/><D112/><AGARI ba="0,1" hai="20,21,25,27,36,39,53,54,77,79,88,90,112,115" machi="112" ten="25,9600,0" yaku="1,1,22,2,54,1,53,0" doraHai="35" doraHaiUra="119" who="2" fromWho="0" sc="300,-96,156,0,225,106,309,0" /><INIT seed="6,1,0,1,5,131" ten="204,156,331,309" oya="2" hai0="122,51,65,80,91,54,108,57,105,70,69,89,123" hai1="18,23,46,109,125,2,56,47,17,79,127,94,111" hai2="59,29,38,12,25,77,68,71,11,76,97,129,74" hai3="52,130,10,50,44,67,34,1,135,92,93,48,8"/><V13/><F38/><W7/><G130/><T90/><D108/><U20/><E56/><V112/><F129/><W45/><G34/><T73/><D105/><U14/><E94/><V64/><F112/><W104/><G104/><T132/><D132/><U87/><E87/><V19/><F74/><W75/><G135/><T27/><D27/><U15/><REACH who="1" step="1"/><E2/><REACH who="1" ten="204,146,331,309" step="2"/><V16/><F97/><W55/><G75/><T100/><D57/><U9/><E9/><V82/><F59/><W3/><G67/><T53/><D65/><U117/><E117/><V61/><F68/><W66/><G66/><T81/><D69/><U120/><E120/><V49/><F82/><W124/><G124/><T6/><D70/><U35/><E35/><V106/><F106/><W103/><G103/><T118/><D123/><U40/><E40/><V60/><F71/><W39/><G39/><T36/><D81/><U107/><E107/><V115/><F64/><W4/><AGARI ba="1,1" hai="1,3,4,7,8,10,44,45,48,50,52,55,92,93" machi="4" ten="30,8000,1" yaku="0,1,32,3,54,1" doraHai="131" who="3" fromWho="3" sc="204,-21,146,-21,331,-41,309,93" /><INIT seed="7,0,0,3,1,113" ten="183,125,290,402" oya="3" hai0="64,120,126,36,131,70,128,61,66,60,85,114,97" hai1="9,127,48,14,82,79,84,25,111,18,106,62,55" hai2="129,107,67,104,37,118,95,45,16,93,76,72,38" hai3="46,83,26,12,125,11,5,87,20,1,78,119,74"/><W115/><G115/><T103/><D120/><U88/><E127/><V49/><F67/><W34/><G125/><T2/><D114/><U135/><E135/><V13/><F129/><N who="0" m="49738" /><D126/><U117/><E106/><V101/><F104/><W51/><G34/><T50/><D36/><U33/><E111/><V132/><F132/><W112/><G112/><T24/><D2/><U86/><E62/><V63/><F63/><W58/><G58/><N who="0" m="36887" /><D24/><U23/><E33/><V7/><F7/><W47/><G47/><T124/><D124/><U28/><E117/><V134/><F118/><W109/><G119/><T10/><D85/><U44/><REACH who="1" step="1"/><E86/><REACH who="1" ten="183,115,290,402" step="2"/><V3/><F107/><W39/><G109/><T130/><D130/><U75/><E75/><V31/><F72/><W69/><G69/><T30/><D70/><U40/><E40/><V73/><F134/><W94/><G39/><T89/><D61/><U102/><E102/><V90/><F101/><W52/><G1/><T19/><D103/><U8/><E8/><V77/><F3/><W133/><G133/><T42/><D10/><U99/><E99/><V56/><F73/><W43/><G74/><T92/><D66/><U54/><E54/><V68/><F38/><W22/><G43/><T96/><D96/><U41/><E41/><V65/><F37/><W35/><G35/><T123/><D42/><U100/><E100/><V59/><F65/><W27/><G52/><T32/><D32/><U105/><E105/><V53/><F53/><W81/><G87/><T71/><D71/><U98/><E98/><V80/><F68/><W121/><G11/><RYUUKYOKU ba="0,1" sc="183,-10,115,30,290,-10,402,-10" hai1="9,14,18,23,25,28,44,48,55,79,82,84,88" owari="173,-23.0,145,-35.0,280,8.0,402,50.0" /></mjloggm>