<mjloggm ver="2.3"><GO type="225" lobby="0"/><UN n0="%E3%80%90%E8%92%BC%E7%90%89%E3%80%91" n1="%E8%8F%B1%E5%B7%9D%E6%85%8E%E5%90%BE" n2="%E9%81%85%E5%88%BB%E3%81%AE%E3%83%97%E3%83%AA%E3%83%B3%E3%82%B9%E2%99%AA" n3="%E6%9D%A5%E9%80%B1%E3%81%AE%E7%B3%B8%E4%BA%95" dan="16,16,16,16" rate="2157.20,2137.97,2111.24,2144.45" sx="F,M,F,M"/><TAIKYOKU oya="0"/><INIT seed="0,0,0,3,5,19" ten="250,250,250,250" oya="0" hai0="59,124,129,121,28,88,43,75,119,0,97,24,25" hai1="91,51,71,56,38,132,112,94,108,123,122,92,131" hai2="64,6,18,45,70,54,60,58,65,42,47,37,99" hai3="16,93,53,77,35,72,98,126,115,62,48,69,87"/><T104/><D121/><U7/><E71/><V23/><F6/><W84/><G115/><T106/><D119/><U107/><E38/><V102/><F47/><W9/><G35/><T44/><D75/><U134/><E107/><V61/><F54/><W13/><G126/><T26/><D0/><U113/><E7/><V10/><F10/><W2/><G2/><T40/><D124/><U33/><E33/><V89/><F89/><W41/><G72/><T76/><D76/><U109/><E56/><V34/><F34/><W80/><G41/><T29/><D129/><U8/><E8/><V127/><F127/><W95/><G87/><T22/><D59/><U32/><E51/><V105/><REACH who="2" step="1"/><F18/><REACH who="2" ten="250,250,240,250" step="2"/><W135/><G53/><T3/><D43/><U14/><E32/><V73/><F73/><W74/><G16/><T110/><D44/><U11/><E11/><V46/><F46/><W20/><G9/><T63/><D40/><U4/><E4/><V117/><F117/><W17/><G17/><T30/><D3/><U103/><E14/><V81/><F81/><W31/><G80/><T128/><D128/><U50/><E131/><V85/><F85/><W100/><G84/><T15/><D15/><U21/><E91/><V66/><F66/><W49/><G13/><T52/><D88/><U67/><E67/><V125/><F125/><W96/><G74/><T5/><D52/><U39/><E103/><V57/><F57/><W116/><G100/><T1/><D5/><U79/><E79/><V78/><F78/><W68/><G77/><T83/><D1/><U114/><E114/><RYUUKYOKU ba="0,1" sc="250,-10,250,-10,240,30,250,-10" hai2="23,37,42,45,58,60,61,64,65,70,99,102,105" /><INIT seed="1,1,1,2,3,109" ten="240,240,270,240" oya="1" hai0="134,122,98,59,49,78,90,99,46,60,69,106,62" hai1="103,102,33,16,24,64,19,83,1,113,0,110,63" hai2="108,38,65,118,2,97,10,20,112,58,105,39,6" hai3="127,18,119,30,130,14,45,76,117,120,77,55,57"/><U53/><E110/><V86/><F118/><N who="3" m="45067" /><G120/><T124/><D122/><U100/><E53/><V92/><F108/><W125/><G45/><T5/><D124/><N who="3" m="47689" /><G30/><T116/><D116/><U131/><E131/><V129/><F129/><W121/><G121/><T70/><D134/><U51/><E51/><V34/><F34/><W61/><G130/><T11/><D78/><U107/><E107/><V114/><F105/><W3/><G3/><T12/><D106/><U94/><E94/><V17/><F86/><W88/><G88/><T44/><D90/><U104/><E104/><V101/><F58/><W25/><G25/><T21/><D44/><U23/><E33/><V85/><F85/><W126/><N who="3" m="47697" /><W28/><DORA hai="79" /><G28/><T66/><D69/><U68/><E113/><N who="2" m="43627" /><F65/><W89/><G89/><T47/><D47/><U37/><E37/><V7/><F7/><W48/><G61/><T115/><D62/><U9/><REACH who="1" step="1"/><E83/><REACH who="1" ten="240,230,270,240" step="2"/><V71/><F71/><W42/><G42/><T74/><D70/><U93/><E93/><V35/><F35/><W29/><G55/><T87/><D115/><U128/><E128/><V133/><F133/><W82/><G82/><T75/><D60/><U73/><E73/><V67/><F67/><W132/><G132/><T81/><D75/><U54/><E54/><V22/><F22/><W56/><G48/><T43/><D21/><U123/><E123/><V4/><F4/><W80/><G80/><T50/><D74/><U32/><E32/><V111/><F111/><W26/><G57/><T72/><D72/><U31/><E31/><V135/><F135/><RYUUKYOKU ba="1,2" sc="240,-15,230,15,270,15,240,-15" hai1="0,1,9,16,19,23,24,63,64,68,100,102,103" hai2="2,6,10,17,20,38,39,92,97,101" /><INIT seed="1,2,2,5,2,120" ten="225,245,285,225" oya="1" hai0="83,33,9,107,37,63,31,16,60,1,2,104,85" hai1="75,0,58,106,28,34,101,25,105,123,3,35,13" hai2="118,114,29,7,115,24,110,109,64,30,112,103,135" hai3="125,91,10,39,90,111,71,26,8,66,42,130,27"/><U14/><E123/><V70/><F118/><W113/><G113/><T48/><D37/><U23/><E75/><V119/><F119/><W45/><G130/><T89/><D33/><N who="1" m="12299" /><E58/><V124/><F135/><W102/><G102/><T67/><D31/><N who="2" m="11786" /><F124/><W86/><G125/><T21/><D48/><U100/><E100/><V41/><F41/><W46/><G66/><T69/><D60/><U96/><E96/><V122/><F122/><W117/><G117/><T18/><D1/><N who="1" m="587" /><E101/><V6/><F24/><W36/><G86/><T94/><D83/><U72/><E72/><V55/><F103/><W54/><G54/><T134/><D134/><U108/><E106/><V133/><F133/><W38/><G38/><T87/><D87/><U74/><E105/><V15/><F15/><N who="1" m="5641" /><E74/><V49/><F64/><W62/><G42/><T132/><D132/><U121/><E121/><V65/><F65/><W129/><G62/><T88/><D104/><U43/><E43/><V128/><F128/><W92/><G129/><T131/><D107/><U68/><E68/><V4/><F70/><W82/><G71/><T81/><D131/><U52/><E52/><V116/><F116/><W40/><G40/><T44/><D67/><U126/><E126/><V59/><AGARI ba="2,2" hai="4,6,7,49,55,59,109,110,112,114,115" m="11786" machi="59" ten="40,5200,0" yaku="11,1,52,2" doraHai="120" who="2" fromWho="2" sc="225,-15,245,-28,285,78,225,-15" /><INIT seed="2,0,0,0,3,51" ten="210,217,363,210" oya="2" hai0="107,61,60,32,2,36,55,127,96,76,35,11,50" hai1="45,21,4,53,88,56,27,75,123,31,33,70,133" hai2="49,64,121,3,30,79,86,78,71,83,82,130,132" hai3="106,10,54,128,26,111,34,77,126,109,7,135,20"/><V80/><F121/><W112/><G106/><T58/><D36/><U108/><E70/><V0/><F130/><W47/><G77/><T15/><D2/><U46/><E75/><V23/><F132/><W131/><G135/><T90/><D127/><U52/><E133/><V17/><F30/><N who="3" m="19799" /><G126/><T116/><D116/><U125/><E125/><V103/><F103/><W93/><G93/><T95/><D76/><U114/><E114/><V99/><F99/><W18/><G47/><N who="1" m="17930" /><E108/><N who="3" m="41546" /><G54/><N who="1" m="21098" /><E33/><V101/><F71/><W6/><G112/><T8/><D107/><U84/><E123/><V19/><F3/><N who="3" m="351" /><G7/><N who="0" m="3487" /><D35/><U89/><E4/><V5/><F5/><W122/><G122/><T97/><D32/><U98/><E56/><V38/><F38/><W119/><G119/><T92/><D11/><U69/><E69/><V115/><F115/><W67/><G67/><T110/><D110/><U81/><E98/><V94/><F64/><W63/><G63/><T85/><D96/><U42/><E42/><V37/><F37/><W57/><G57/><T24/><D61/><U117/><E117/><V29/><F0/><W104/><G104/><T74/><D60/><U100/><E100/><V73/><F101/><W16/><G18/><T62/><D62/><U113/><E113/><V44/><F19/><W87/><G87/><T91/><D74/><U13/><E13/><AGARI ba="0,0" hai="13,16,20,128,131" m="351,41546,19799" machi="13" ten="30,8000,1" yaku="24,1,14,1,34,2,54,1" doraHai="51" who="3" fromWho="1" sc="210,0,217,-80,363,0,210,80" /><INIT seed="3,0,0,3,5,133" ten="210,137,363,290" oya="3" hai0="105,111,48,63,26,132,82,104,127,125,118,115,106" hai1="91,7,67,116,76,128,94,3,15,19,28,71,60" hai2="121,33,13,112,81,59,36,68,2,77,99,45,64" hai3="107,35,80,56,135,90,29,87,83,102,25,97,109"/><W66/><G135/><T57/><D118/><U43/><E128/><V95/><F112/><W24/><G109/><T72/><D132/><U20/><E116/><V131/><F2/><W85/><G24/><T54/><D111/><U100/><E76/><V98/><F131/><W110/><G110/><T58/><D115/><U5/><E43/><V119/><F119/><W41/><G41/><T37/><D37/><U1/><E100/><V134/><F134/><W123/><G123/><T130/><D130/><U23/><E28/><V62/><F33/><W124/><G124/><N who="0" m="47691" /><D26/><U42/><E42/><V53/><F121/><W126/><G126/><T50/><D58/><U73/><E23/><V78/><F36/><W0/><G0/><T75/><D82/><U38/><E73/><AGARI ba="0,0" hai="48,50,54,57,63,72,73,75,104,105,106" m="47691" machi="73" ten="40,8000,1" yaku="18,1,52,3" doraHai="133" who="0" fromWho="1" sc="210,80,137,-80,363,0,290,0" owari="290,9.0,57,-44.0,363,46.0,290,-11.0" /></mjloggm>