<mjloggm ver="2.3"><GO type="169" lobby="0"/><UN n0="%E3%81%BE%E3%81%8F%E3%81%A9%E3%81%AA%E3%82%8B%E3%81%AA%E3%82%8B%E3%81%A9" n1="%E3%81%A1%E3%82%83%E3%81%93%E3%81%93" n2="%4B%69%7A%75%6E%65%72" n3="%E3%81%8A%E3%81%98%E3%81%95%E3%82%93" dan="16,16,17,16" rate="2121.88,2162.50,2191.76,2176.80" sx="M,F,F,M"/><TAIKYOKU oya="0"/><INIT seed="0,0,0,0,0,107" ten="250,250,250,250" oya="0" hai0="109,89,98,103,23,50,14,94,35,132,90,15,6" hai1="32,79,40,113,116,119,25,106,73,4,126,39,18" hai2="117,57,13,9,29,131,61,76,58,49,46,125,47" hai3="66,92,42,128,30,134,93,59,114,0,55,64,78"/><T77/><D35/><U16/><E106/><V75/><F125/><W60/><G0/><T108/><D77/><U69/><E69/><V56/><F131/><W129/><G114/><T38/><D38/><U1/><E126/><V101/><F117/><W110/><G110/><N who="0" m="42603" /><D132/><U121/><E121/><V84/><F101/><W96/><G134/><T62/><D6/><U127/><E127/><V63/><F29/><W10/><G10/><T104/><D62/><U100/><E100/><V53/><F75/><W71/><G78/><T20/><D50/><U130/><E113/><V120/><F120/><W48/><G48/><T22/><D90/><U72/><E79/><V133/><F133/><W5/><G60/><T8/><D8/><U21/><E4/><N who="2" m="3239" /><F46/><W97/><G5/><T82/><D82/><AGARI ba="0,0" hai="47,49,53,56,57,58,61,63,76,82,84" m="3239" machi="82" ten="30,1000,0" yaku="8,1" doraHai="107" who="2" fromWho="0" sc="250,-10,250,0,250,10,250,0" /><INIT seed="1,0,0,1,4,34" ten="240,250,260,250" oya="1" hai0="58,117,94,38,118,79,99,5,56,28,110,17,71" hai1="105,68,112,73,47,121,3,19,97,131,32,21,89" hai2="55,104,2,90,0,66,42,10,63,93,111,37,52" hai3="40,4,61,76,134,24,115,113,106,133,91,78,16"/><U62/><E121/><V27/><F104/><W29/><G106/><T13/><D71/><U87/><E112/><N who="3" m="43082" /><G40/><T80/><D38/><U22/><E73/><V126/><F126/><W114/><N who="3" m="43090" /><W109/><DORA hai="85" /><G61/><T36/><D36/><U20/><E131/><V119/><F119/><W7/><G91/><T35/><D110/><U53/><E32/><V54/><F111/><W102/><G102/><T81/><D5/><N who="3" m="2121" /><G109/><T125/><D125/><U59/><E68/><V23/><F10/><W65/><G65/><T98/><D118/><U25/><E105/><V127/><F127/><W14/><G78/><T132/><D117/><U95/><E97/><V101/><F101/><W86/><G86/><T1/><D99/><U30/><E47/><V45/><F90/><W135/><G76/><T51/><D79/><U50/><E62/><V120/><F93/><W31/><G24/><T100/><D94/><U67/><E67/><V96/><F96/><W18/><G18/><T11/><D98/><U122/><E122/><V26/><F120/><W130/><G130/><T6/><D100/><U64/><E64/><V48/><F27/><W60/><G60/><T92/><D92/><U116/><E116/><V82/><F82/><W15/><G15/><T69/><D81/><U77/><E77/><V75/><F75/><W88/><G88/><T41/><D80/><U49/><E49/><V39/><F39/><W128/><G128/><T129/><D51/><U124/><E124/><V9/><F37/><W107/><G107/><T44/><D129/><U46/><E19/><V43/><F48/><RYUUKYOKU ba="0,0" sc="240,-10,250,-10,260,-10,250,30" hai3="14,16,29,31,133,134,135" /><INIT seed="2,1,0,5,3,108" ten="230,240,250,280" oya="2" hai0="47,118,40,112,103,110,91,125,96,58,127,70,63" hai1="35,2,51,37,5,30,26,42,57,114,76,122,99" hai2="43,68,12,95,67,33,123,22,15,38,75,1,89" hai3="98,18,97,111,105,130,107,79,104,115,10,116,62"/><V31/><F123/><W23/><G116/><T16/><D110/><U55/><E122/><V93/><F1/><W27/><G111/><T92/><D118/><U88/><E76/><V61/><F33/><W14/><G130/><T59/><D70/><U20/><E5/><V0/><F0/><W120/><G120/><T17/><D103/><U135/><E2/><V90/><F75/><W84/><G62/><T81/><D81/><U74/><E74/><V29/><F43/><W52/><G115/><T48/><D112/><U71/><E135/><V69/><F38/><W24/><G24/><T66/><REACH who="0" step="1"/><D59/><REACH who="0" ten="220,240,250,280" step="2"/><U83/><E71/><V9/><F69/><W129/><G129/><T109/><D109/><U126/><E114/><V102/><F102/><W119/><G119/><T117/><D117/><U13/><E83/><V34/><F68/><W28/><G79/><T86/><D86/><U131/><E131/><V124/><F90/><W45/><REACH who="3" step="1"/><G84/><REACH who="3" ten="220,240,250,270" step="2"/><T94/><D94/><U133/><E133/><V113/><F95/><W49/><AGARI ba="1,2" hai="10,14,18,23,27,28,45,49,52,97,98,104,105,107" machi="49" ten="40,8000,1" yaku="1,1,2,1,0,1,54,1,53,1" doraHai="108" doraHaiUra="50" who="3" fromWho="3" sc="220,-21,240,-21,250,-41,270,103" /><INIT seed="3,0,0,3,3,100" ten="199,219,209,373" oya="3" hai0="56,45,53,86,83,39,116,75,2,110,96,15,46" hai1="6,11,66,37,97,127,93,111,118,81,132,65,88" hai2="84,62,102,128,3,115,92,49,124,43,72,113,55" hai3="52,14,134,10,114,79,9,108,41,5,51,4,133"/><W58/><G114/><T103/><D2/><U117/><E111/><V54/><F72/><W95/><G108/><T63/><D116/><N who="1" m="44651" /><E37/><V107/><F3/><W89/><G79/><T99/><D75/><U122/><E127/><V26/><F124/><W27/><G27/><T16/><D110/><U64/><E132/><V32/><F128/><W7/><G41/><T135/><D39/><U74/><E122/><V76/><F43/><W70/><G70/><T19/><D19/><U29/><E29/><V38/><F38/><W71/><G71/><T67/><D135/><N who="3" m="51721" /><G14/><T12/><D12/><N who="1" m="5239" /><E65/><V25/><F55/><W30/><G30/><T8/><D67/><U98/><E98/><AGARI ba="0,0" hai="4,5,7,9,10,51,52,58,89,95,98" m="51721" machi="98" ten="30,2900,0" yaku="20,1,54,1" doraHai="100" who="3" fromWho="1" sc="199,0,219,-29,209,0,373,29" /><INIT seed="3,1,0,0,5,19" ten="199,190,209,402" oya="3" hai0="38,36,37,53,66,71,98,112,70,17,62,52,28" hai1="85,33,103,79,69,117,61,108,3,91,7,74,2" hai2="26,134,16,115,109,27,86,45,51,96,20,21,97" hai3="120,18,60,6,119,14,40,55,100,67,95,128,106"/><W23/><G106/><T43/><D28/><U73/><E108/><V35/><F115/><W48/><G120/><T57/><D98/><U10/><E117/><V124/><F109/><W75/><G75/><T113/><D17/><U104/><E33/><V72/><F72/><W88/><G119/><T81/><D81/><U131/><E131/><V59/><F35/><W93/><G128/><T41/><D113/><U29/><E29/><N who="2" m="17607" /><F124/><W13/><G40/><N who="0" m="15435" /><D112/><U89/><E2/><V105/><F105/><W132/><G132/><T87/><D87/><U30/><E30/><V34/><F34/><W65/><G100/><T77/><D77/><U121/><E121/><V8/><F134/><W111/><G95/><T25/><D25/><U24/><E24/><V64/><F8/><N who="3" m="4247" /><G60/><T32/><D32/><U118/><E118/><V83/><F64/><W42/><G42/><T129/><D129/><U102/><E104/><V44/><F59/><N who="3" m="33255" /><G111/><T110/><D110/><U1/><E1/><V135/><F135/><W46/><G46/><N who="2" m="18025" /><F51/><W0/><G0/><T63/><D53/><U127/><E74/><V123/><F123/><W114/><G114/><T54/><D54/><U126/><E73/><V107/><F107/><W39/><G39/><N who="0" m="9987" /><T90/><DORA hai="5" /><D90/><AGARI ba="1,0" hai="16,21,27,83,86,90,96,97" m="18025,17607" machi="90" ten="30,7700,0" yaku="8,1,52,2,54,1" doraHai="19,5" who="2" fromWho="0" sc="199,-80,190,0,209,80,402,0" /><INIT seed="4,0,0,3,1,80" ten="119,190,289,402" oya="0" hai0="34,90,57,41,49,56,48,51,77,123,92,16,113" hai1="30,28,44,111,76,99,6,53,19,108,1,118,114" hai2="126,87,71,18,96,21,54,68,23,106,129,100,33" hai3="122,12,45,73,94,85,124,79,102,81,64,37,67"/><T39/><D123/><U112/><E118/><V109/><F109/><W82/><G124/><T58/><D34/><U59/><E44/><V11/><F126/><W110/><G110/><N who="1" m="42026" /><E99/><V55/><F129/><W66/><G122/><T9/><D113/><N who="1" m="43627" /><E19/><V103/><F33/><W119/><G119/><T63/><D39/><U120/><E120/><V7/><F103/><W130/><G130/><T61/><D41/><U121/><E121/><V32/><F32/><W105/><G105/><T97/><REACH who="0" step="1"/><D77/><REACH who="0" ten="109,190,289,402" step="2"/><U95/><E76/><V43/><F43/><W101/><G37/><T128/><D128/><U74/><E28/><V98/><F71/><W13/><G79/><T29/><D29/><U10/><E30/><V26/><F68/><W83/><G73/><T88/><D88/><U46/><E74/><V60/><F100/><W8/><G102/><T50/><N who="0" m="12288" /><DORA hai="131" /><T115/><D115/><U132/><E46/><V65/><F60/><W14/><G45/><T84/><D84/><U135/><E95/><V116/><F87/><W40/><G40/><T4/><D4/><U86/><E86/><V72/><F7/><N who="3" m="3103" /><G101/><T70/><D70/><U69/><E69/><V38/><F72/><W127/><G127/><T24/><D24/><U36/><E36/><V133/><F26/><W22/><G85/><T78/><D78/><U5/><E6/><V89/><F38/><W47/><G47/><T0/><D0/><U27/><E27/><V42/><F42/><W62/><G62/><AGARI ba="0,1" hai="1,5,10,53,59,62,132,135" m="43627,42026" machi="62" ten="30,7700,0" yaku="15,1,11,1,52,2" doraHai="80,131" who="1" fromWho="3" sc="109,0,190,87,289,0,402,-77" /><INIT seed="5,0,0,1,0,96" ten="109,277,289,325" oya="1" hai0="62,11,21,104,101,76,120,14,130,33,13,84,54" hai1="15,78,128,27,57,98,49,45,122,41,91,106,52" hai2="132,129,58,94,32,56,65,113,12,75,99,44,88" hai3="111,7,100,135,31,70,59,97,0,119,30,66,23"/><U42/><E122/><V71/><F32/><W8/><G111/><T86/><D33/><U95/><E128/><V5/><F129/><W19/><G119/><T131/><D21/><U93/><E78/><V3/><F75/><W24/><G135/><T114/><D76/><U28/><E106/><V116/><F116/><W36/><G36/><T51/><D120/><U60/><E60/><BYE who="1" /><V79/><F132/><W46/><G70/><UN n1="%E3%81%A1%E3%82%83%E3%81%93%E3%81%93" /><T35/><D35/><U40/><E15/><V125/><F3/><W121/><G121/><T81/><D62/><U9/><E9/><N who="2" m="4143" /><F71/><W90/><G59/><T39/><D39/><U47/><E95/><V92/><F65/><W73/><G66/><T77/><D114/><U64/><REACH who="1" step="1"/><E64/><REACH who="1" ten="109,267,289,325" step="2"/><V50/><F94/><W29/><G73/><T103/><D130/><U68/><E68/><V117/><F117/><W34/><G90/><N who="0" m="51471" /><D104/><U105/><E105/><V63/><F63/><W1/><G1/><T127/><D131/><U6/><E6/><V4/><F113/><W83/><G83/><N who="0" m="47471" /><D14/><U85/><E85/><V87/><F4/><W82/><G82/><T107/><D107/><U124/><E124/><V74/><F125/><W38/><G0/><T26/><D127/><U69/><E69/><V118/><F74/><W55/><G7/><N who="0" m="3327" /><D26/><U112/><E112/><V25/><F118/><W10/><G10/><T115/><D115/><U102/><E102/><N who="2" m="60775" /><F25/><W110/><G8/><T2/><D2/><U61/><E61/><V109/><F79/><W37/><G24/><T134/><D134/><U133/><E133/><V80/><F109/><W67/><G110/><RYUUKYOKU ba="0,1" sc="109,10,267,10,289,10,325,-30" hai0="51,54,101,103" hai1="27,28,40,41,42,45,47,49,52,57,91,93,98" hai2="44,50,56,58,80,87,88" /><INIT seed="5,1,1,0,5,117" ten="119,277,299,295" oya="1" hai0="126,96,51,2,79,134,54,7,36,80,127,85,30" hai1="72,20,108,81,21,121,22,41,77,39,88,9,86" hai2="32,111,52,64,104,120,113,116,4,37,103,40,34" hai3="102,87,62,132,94,99,44,123,114,131,110,66,50"/><U92/><E121/><V69/><F120/><W3/><G123/><T1/><D36/><U19/><E108/><V67/><F67/><W100/><G110/><T6/><D30/><U73/><E39/><V82/><F116/><W78/><G3/><T61/><D134/><U46/><E41/><V14/><F111/><W31/><G132/><T118/><D118/><U91/><E46/><N who="2" m="23823" /><F14/><W57/><G114/><T84/><D61/><U76/><E91/><V63/><F4/><N who="0" m="1578" /><D96/><U45/><E45/><V28/><F28/><W95/><G131/><T70/><D70/><U27/><E9/><V23/><F23/><W107/><G31/><T101/><D101/><U11/><E11/><V93/><F93/><W13/><G13/><T29/><D29/><U55/><E55/><V112/><F82/><AGARI ba="1,1" hai="19,20,21,22,27,72,73,76,77,81,82,86,88,92" machi="82" ten="40,3900,0" yaku="9,1,54,1" doraHai="117" who="1" fromWho="2" sc="119,0,277,52,299,-42,295,0" /><INIT seed="5,2,0,2,3,19" ten="119,329,257,295" oya="1" hai0="81,58,47,34,111,124,30,132,101,18,43,95,37" hai1="115,64,32,16,98,67,96,62,31,93,66,38,91" hai2="3,127,65,120,135,69,105,1,88,44,104,72,118" hai3="125,9,107,17,92,10,121,50,114,55,59,45,57"/><U76/><E38/><V53/><F118/><W116/><G107/><T113/><D111/><U33/><E115/><V74/><F120/><W21/><G114/><T110/><D110/><U51/><E76/><V131/><F131/><W42/><G121/><T90/><D113/><U126/><E126/><V128/><F128/><W54/><G125/><T5/><D124/><U52/><E62/><V8/><F127/><W56/><G116/><T48/><D5/><U26/><E96/><V134/><F65/><W15/><G92/><T79/><D132/><N who="2" m="50730" /><F69/><W61/><REACH who="3" step="1"/><G59/><REACH who="3" ten="119,329,257,285" step="2"/><T86/><D58/><N who="1" m="33055" /><E33/><V99/><F105/><W25/><G25/><T39/><D34/><U108/><E32/><V0/><F104/><W100/><G100/><T14/><D101/><U68/><E68/><V60/><F8/><W23/><G23/><T73/><REACH who="0" step="1"/><D30/><REACH who="0" ten="109,329,257,285" step="2"/><U36/><E108/><V109/><F109/><W13/><G13/><T123/><D123/><U7/><E31/><V119/><F119/><W106/><G106/><T75/><D75/><U6/><E36/><AGARI ba="2,2" hai="9,10,15,17,21,36,42,45,50,54,55,56,57,61" machi="36" ten="30,3900,0" yaku="1,1,7,1,52,1,53,0" doraHai="19" doraHaiUra="117" who="3" fromWho="1" sc="109,0,329,-45,257,0,285,65" /><INIT seed="6,0,0,1,1,36" ten="109,284,257,350" oya="2" hai0="94,122,110,113,106,30,18,114,67,60,90,17,1" hai1="75,2,62,109,134,59,132,101,80,52,10,4,100" hai2="129,118,39,97,104,20,83,56,7,72,125,81,42" hai3="49,130,58,108,24,69,77,32,123,71,111,48,117"/><V87/><F118/><W16/><G117/><T78/><D106/><U92/><E109/><V13/><F125/><W6/><G123/><T88/><D110/><U12/><E92/><V99/><F129/><W37/><G37/><T121/><D1/><U3/><E3/><V93/><F72/><W64/><G6/><T19/><D30/><U84/><E75/><V26/><F104/><W9/><G77/><T33/><D33/><U8/><E132/><V133/><F133/><W85/><G85/><T54/><D78/><U107/><E107/><V46/><F56/><W102/><G102/><T91/><D94/><U31/><E31/><V131/><F131/><W124/><G32/><T89/><N who="0" m="22528" /><DORA hai="38" /><T34/><D34/><U21/><E21/><V41/><F87/><W135/><G58/><N who="0" m="34903" /><D67/><U22/><E22/><V29/><F41/><W35/><G35/><T25/><D25/><U65/><E65/><V70/><F70/><W105/><G64/><T82/><D82/><U0/><E0/><V45/><F93/><W23/><G71/><T61/><D61/><U79/><E134/><V51/><F83/><W73/><G69/><T119/><D119/><U127/><E127/><V68/><F81/><W116/><G124/><T57/><D57/><U74/><E74/><V76/><F68/><W96/><G73/><T128/><D128/><U103/><E103/><V126/><F76/><W40/><G108/><T66/><D66/><U53/><E100/><V15/><F126/><W47/><G111/><T55/><D55/><N who="1" m="34175" /><E101/><V43/><F15/><W95/><G116/><T27/><D27/><RYUUKYOKU ba="0,0" sc="109,10,284,10,257,10,350,-30" hai0="17,18,19,113,114,121,122" hai1="2,4,8,10,12,52,53,79,80,84" hai2="7,13,20,26,29,39,42,43,45,46,51,97,99" /><INIT seed="6,1,0,0,5,20" ten="119,294,267,320" oya="2" hai0="15,26,43,63,75,9,71,5,1,133,92,48,46" hai1="7,11,79,128,53,4,3,103,37,108,70,118,30" hai2="68,32,124,126,89,80,10,65,33,81,57,35,14" hai3="78,117,13,109,60,129,106,51,98,23,135,47,76"/><V99/><F68/><W132/><G117/><T38/><D133/><N who="3" m="51273" /><G109/><T87/><D75/><U82/><E118/><V116/><F116/><W55/><G129/><T96/><D71/><U102/><E108/><V120/><F120/><W58/><G13/><T100/><D63/><U44/><E70/><V56/><F99/><W86/><G23/><T97/><D87/><U131/><E7/><V72/><F72/><W105/><G86/><T73/><D73/><U19/><E30/><V122/><F122/><W40/><G98/><T64/><D64/><U127/><E19/><V18/><F89/><W119/><G119/><T12/><D38/><U67/><E67/><V0/><F0/><W6/><G6/><T95/><REACH who="0" step="1"/><D26/><REACH who="0" ten="109,294,267,320" step="2"/><U22/><E37/><V66/><F66/><W88/><G60/><T28/><D28/><U121/><E121/><V134/><F134/><W115/><G51/><T8/><D8/><U54/><E11/><V21/><F10/><W29/><G29/><T112/><D112/><U90/><E131/><V42/><F65/><W61/><G115/><T41/><D41/><U83/><E128/><V84/><F42/><W36/><G61/><T45/><D45/><U2/><E44/><V49/><F49/><W93/><G58/><N who="2" m="22633" /><F84/><N who="3" m="52359" /><G55/><T74/><D74/><U52/><E53/><V125/><AGARI ba="1,1" hai="14,18,21,32,33,35,80,81,124,125,126" m="22633" machi="125" ten="40,2100,0" yaku="18,1" doraHai="20" who="2" fromWho="2" sc="109,-8,294,-8,267,34,320,-8" /><INIT seed="6,2,0,4,0,88" ten="101,286,301,312" oya="2" hai0="22,114,23,113,89,130,84,12,42,99,30,60,65" hai1="44,24,17,95,126,119,45,107,128,71,108,85,9" hai2="101,36,19,38,117,5,127,18,33,61,49,28,70" hai3="94,90,86,52,53,83,26,34,75,109,20,118,25"/><V135/><F117/><W62/><G118/><T63/><D130/><U57/><E108/><V104/><F127/><W68/><G109/><T116/><D116/><U1/><E107/><V93/><F135/><W13/><G34/><T67/><D42/><U72/><E71/><V40/><F5/><W46/><G68/><T32/><D99/><U2/><E72/><V91/><F101/><W96/><G75/><T27/><D113/><U0/><E126/><V7/><F104/><W112/><G112/><T41/><D114/><U134/><E134/><V37/><F7/><W78/><G13/><T133/><D133/><U120/><E120/><V11/><F11/><W3/><G3/><T21/><D41/><U111/><E111/><V15/><F15/><W4/><G4/><T31/><D31/><U35/><E35/><V29/><F40/><W6/><G6/><T69/><D12/><U100/><E1/><V115/><F49/><N who="3" m="28727" /><G20/><T66/><REACH who="0" step="1"/><D69/><REACH who="0" ten="91,286,301,312" step="2"/><U8/><E119/><V74/><F115/><W10/><G10/><T73/><D73/><U123/><E0/><V132/><F74/><W124/><G124/><T54/><D54/><U122/><E2/><V14/><F132/><W80/><G53/><T97/><D97/><U129/><E122/><V64/><F14/><W55/><G55/><T105/><D105/><U81/><E123/><V76/><F70/><W77/><G96/><T51/><D51/><U121/><E121/><V79/><F37/><W39/><G39/><T98/><D98/><U82/><E128/><V16/><F38/><W92/><G86/><T50/><D50/><RYUUKYOKU type="nm" ba="2,1" sc="91,-20,286,80,301,-40,312,-20" hai0="21,22,23,27,30,32,60,63,65,66,67,84,89" /><INIT seed="7,3,1,5,0,100" ten="71,366,261,292" oya="3" hai0="37,108,46,129,80,52,71,127,89,8,92,96,132" hai1="66,85,55,87,73,2,19,29,67,84,0,39,25" hai2="122,43,63,115,57,119,61,74,18,68,36,13,5" hai3="53,81,94,41,86,49,117,114,1,22,33,72,26"/><W128/><G117/><T35/><D71/><U130/><E73/><V105/><F5/><W15/><G1/><T38/><D35/><U58/><E39/><V23/><F74/><W32/><G72/><T69/><D69/><U82/><E130/><V83/><F119/><W59/><G114/><T21/><D108/><U54/><E54/><V10/><F115/><W17/><G128/><T103/><D129/><U76/><E19/><V16/><F122/><W11/><G41/><T34/><D34/><U118/><E118/><V88/><F68/><W90/><REACH who="3" step="1"/><G81/><REACH who="3" ten="71,366,261,282" step="2"/><T133/><D127/><U7/><E0/><V47/><F105/><W45/><G45/><T14/><D132/><U64/><E2/><V78/><F88/><W50/><G50/><T134/><D133/><U101/><E101/><V97/><F97/><W107/><G107/><T30/><D134/><U3/><E3/><V126/><F126/><W9/><G9/><T123/><D123/><U131/><E131/><V6/><F57/><W40/><G40/><T116/><D116/><U125/><E125/><V56/><F23/><W112/><G112/><T20/><D38/><U110/><E110/><V42/><F42/><W106/><G106/><T75/><D75/><U113/><E113/><V79/><F83/><W44/><G44/><T48/><D37/><U121/><E121/><V70/><F70/><W109/><G109/><T98/><D80/><U95/><E95/><V4/><F61/><W124/><G124/><T99/><D103/><U93/><E93/><V28/><F63/><W65/><G65/><T77/><D92/><RYUUKYOKU ba="3,2" sc="71,-10,366,-10,261,-10,282,30" hai3="11,15,17,22,26,32,33,49,53,59,86,90,94" /><INIT seed="7,4,2,3,3,18" ten="61,356,251,312" oya="3" hai0="48,95,110,9,49,28,64,66,0,79,42,124,93" hai1="8,125,35,60,15,51,24,65,38,52,16,27,126" hai2="37,21,10,115,55,99,14,20,19,72,30,74,133" hai3="62,80,44,107,127,56,41,113,130,73,54,119,25"/><W26/><G119/><T40/><D110/><U92/><E38/><V1/><F115/><W112/><G107/><T46/><D0/><U12/><E12/><V96/><F133/><W120/><G120/><T45/><D124/><N who="1" m="47723" /><E92/><V109/><F109/><W3/><G3/><T97/><D28/><U13/><E13/><V53/><F37/><N who="3" m="21551" /><G127/><T33/><D33/><U57/><E35/><V118/><F118/><W69/><G69/><AGARI ba="4,2" hai="8,15,16,24,27,51,52,57,60,65,69" m="47723" machi="69" ten="30,3900,0" yaku="18,1,54,2" doraHai="18" who="1" fromWho="3" sc="61,0,356,71,251,0,312,-51" owari="61,-44.0,427,53.0,251,-15.0,261,6.0" /></mjloggm>