<mjloggm ver="2.3"><GO type="169" lobby="0"/><UN n0="%E2%91%A3%E3%82%BB%E3%83%B3%E3%83%81" n1="%E3%83%AF%E3%83%8B%54%41" n2="%E3%82%A2%E3%83%B3%E3%81%93%E3%81%B3" n3="%E3%83%88%E3%82%B7%E3%83%95%E3%83%BC%E3%83%8B" dan="18,17,16,18" rate="2240.95,2238.89,2186.28,2222.68" sx="M,M,M,M"/><TAIKYOKU oya="0"/><INIT seed="0,0,0,0,2,43" ten="250,250,250,250" oya="0" hai0="38,91,127,87,67,96,44,13,110,88,75,60,3" hai1="62,31,12,0,131,120,42,10,95,78,112,93,133" hai2="122,47,132,108,72,98,48,14,40,18,15,35,55" hai3="25,58,34,106,46,29,109,123,64,26,74,2,19"/><T107/><D3/><U49/><E120/><V118/><F122/><W61/><G123/><T111/><D75/><U89/><E0/><V4/><F118/><W37/><G109/><N who="0" m="41483" /><D127/><U63/><E131/><V41/><F108/><W50/><G74/><T23/><D13/><U85/><E31/><V28/><F132/><W11/><G106/><T21/><D107/><U124/><E133/><V92/><F72/><W70/><G2/><T39/><D96/><U57/><E112/><V83/><F83/><W117/><G117/><T90/><D87/><U53/><E124/><V22/><F28/><W119/><G119/><T80/><D80/><U8/><E8/><N who="2" m="4359" /><F35/><W103/><G103/><AGARI ba="0,0" hai="15,18,22,40,41,47,48,55,92,98,103" m="4359" machi="103" ten="30,2000,0" yaku="8,1,52,1" doraHai="43" who="2" fromWho="3" sc="250,0,250,0,250,20,250,-20" /><INIT seed="1,0,0,0,2,119" ten="250,250,270,230" oya="1" hai0="1,41,83,9,104,40,39,128,16,68,37,98,65" hai1="123,27,53,5,127,8,56,77,44,32,96,13,129" hai2="79,2,63,66,55,122,12,130,19,121,117,49,71" hai3="88,89,28,23,91,4,105,18,54,42,45,33,38"/><U72/><E129/><V6/><F117/><W24/><G105/><T51/><D1/><U76/><E96/><V31/><F130/><W30/><G4/><T108/><D68/><U48/><E127/><V93/><F79/><W92/><G54/><T114/><D65/><U20/><E32/><V86/><F31/><W135/><G135/><T99/><D51/><N who="1" m="30783" /><E123/><V111/><F111/><W69/><G69/><T112/><D83/><U47/><E44/><V102/><F102/><W35/><G30/><T3/><D3/><U52/><E72/><V61/><F61/><W17/><G17/><AGARI ba="0,0" hai="5,8,13,17,20,27,47,48,52,76,77" m="30783" machi="17" ten="30,2900,0" yaku="8,1,54,1" doraHai="119" who="1" fromWho="3" sc="250,0,250,29,270,0,230,-29" /><INIT seed="1,1,0,5,1,76" ten="250,279,270,201" oya="1" hai0="124,85,41,115,74,81,121,69,110,48,126,40,105" hai1="6,50,21,97,91,120,72,57,77,67,51,3,42" hai2="101,7,106,64,29,49,93,117,88,30,73,38,54" hai3="108,27,17,58,31,109,8,96,2,12,44,10,98"/><U82/><E120/><V103/><F117/><W13/><G44/><T61/><D105/><U68/><E68/><V24/><F73/><W116/><G58/><T70/><D74/><U18/><E42/><V125/><F125/><W127/><G96/><T132/><D115/><U16/><E3/><V55/><F7/><W83/><G98/><T5/><D121/><U22/><E6/><V102/><F106/><W90/><G90/><T111/><D5/><U130/><E130/><V100/><F38/><W135/><G83/><T39/><D132/><U66/><E97/><N who="2" m="57511" /><F64/><W94/><G94/><T92/><D92/><U59/><E91/><V80/><F80/><W45/><G45/><N who="0" m="25647" /><D40/><U78/><E72/><V134/><F134/><W71/><G71/><N who="0" m="27147" /><D61/><U86/><E82/><V56/><N who="2" m="25600" /><DORA hai="60" /><V107/><F107/><W47/><G47/><T114/><D114/><U104/><E104/><V63/><F24/><W65/><G135/><T34/><D34/><U9/><E9/><V118/><F118/><W0/><G116/><T25/><D25/><U33/><E33/><V89/><F89/><W32/><G127/><N who="0" m="48683" /><D39/><U20/><E20/><V53/><F63/><W128/><G128/><T113/><D113/><U129/><E129/><V75/><F75/><W84/><G84/><AGARI ba="1,0" hai="16,18,21,22,50,51,57,59,66,67,77,78,84,86" machi="84" ten="25,18000,2" yaku="22,2,8,1,52,2,54,1" doraHai="76,60" who="1" fromWho="3" sc="250,0,279,183,270,0,201,-183" /><INIT seed="1,2,0,1,1,5" ten="250,462,270,18" oya="1" hai0="55,132,11,7,116,112,14,21,49,113,88,37,69" hai1="41,46,9,25,54,62,17,1,87,100,121,89,118" hai2="27,33,35,84,45,109,96,110,122,114,56,13,81" hai3="18,20,101,75,94,91,105,66,106,43,57,72,39"/><U102/><E121/><V16/><F122/><W85/><G43/><T44/><D116/><U51/><E118/><V71/><F71/><W93/><G39/><T107/><D107/><U4/><E17/><V131/><F131/><W61/><G106/><T65/><D132/><U95/><E62/><V97/><F114/><W29/><G105/><T119/><D119/><U125/><E125/><V73/><F73/><W133/><G133/><T50/><D37/><U135/><E135/><V117/><F117/><W59/><G59/><T53/><D65/><U19/><E19/><V67/><F45/><W124/><G124/><T120/><D69/><U38/><REACH who="1" step="1"/><E25/><REACH who="1" ten="250,452,270,18" step="2"/><V108/><F27/><N who="3" m="16615" /><G18/><T104/><D120/><U79/><E79/><V24/><F109/><W127/><G127/><T26/><D113/><U23/><E23/><V103/><F108/><W111/><G111/><T34/><D112/><U92/><E92/><V28/><F110/><W126/><G126/><T36/><D104/><U98/><E98/><AGARI ba="2,1" hai="57,61,66,72,75,85,91,93,94,98,101" m="16615" machi="98" ten="30,1000,0" yaku="25,1" doraHai="5" who="3" fromWho="1" sc="250,0,452,-16,270,0,18,26" /><INIT seed="2,0,0,0,4,96" ten="250,436,270,44" oya="2" hai0="23,9,41,4,86,75,85,94,56,14,125,128,33" hai1="70,50,123,121,122,52,116,7,129,2,82,81,18" hai2="103,55,11,127,108,111,117,62,135,60,109,95,1" hai3="83,36,0,17,37,77,78,32,132,20,8,64,57"/><V80/><F117/><W84/><G32/><T124/><D75/><U87/><E129/><V73/><F127/><N who="0" m="48714" /><D33/><U6/><E116/><V24/><F135/><W22/><G132/><T63/><D128/><U59/><E70/><V72/><F24/><W115/><G115/><T105/><D105/><U79/><E2/><V34/><F34/><W98/><G78/><T67/><D41/><U47/><E18/><V106/><F106/><W76/><G76/><T27/><D94/><U65/><E81/><V130/><F130/><W88/><G37/><T46/><D46/><U66/><REACH who="1" step="1"/><E47/><REACH who="1" ten="250,426,270,44" step="2"/><V100/><F80/><W133/><G0/><T119/><D119/><U49/><E49/><V13/><F1/><W114/><G114/><T120/><D120/><U134/><E134/><V25/><F111/><W68/><G68/><T31/><AGARI ba="0,1" hai="4,9,14,23,27,31,56,63,67,85,86" m="48714" machi="31" ten="30,1100,0" yaku="18,1" doraHai="96" who="0" fromWho="0" sc="250,21,426,-3,270,-5,44,-3" /><INIT seed="3,0,0,5,5,106" ten="271,423,265,41" oya="3" hai0="68,71,83,42,27,63,44,7,114,35,81,90,113" hai1="50,20,23,85,105,135,33,104,26,15,123,91,39" hai2="110,28,80,2,127,125,61,65,82,130,103,19,86" hai3="93,119,77,122,118,5,117,25,124,22,66,94,11"/><W100/><G122/><T112/><D7/><U70/><E123/><V129/><F2/><W38/><G38/><T47/><D47/><U95/><E70/><N who="0" m="26665" /><D63/><U59/><E39/><V57/><F110/><W3/><G66/><T96/><D90/><U133/><E33/><V24/><F103/><W121/><G121/><T132/><D96/><U111/><E111/><V54/><F65/><W60/><G60/><T79/><D132/><N who="1" m="50763" /><E15/><V120/><F19/><W116/><N who="3" m="29696" /><DORA hai="74" /><W87/><G100/><T17/><D17/><N who="1" m="12559" /><E23/><N who="2" m="15391" /><F120/><W32/><G32/><T102/><D102/><U34/><E34/><V6/><F6/><W64/><G64/><T14/><D14/><U1/><E1/><V0/><F0/><W109/><G109/><T134/><D134/><U10/><E10/><V101/><F101/><W107/><G107/><T36/><D27/><U29/><E29/><V128/><F80/><N who="0" m="30794" /><D35/><U69/><E69/><V131/><F131/><W99/><G99/><T108/><D108/><U4/><E4/><V45/><F45/><W48/><G87/><T75/><D75/><U31/><E31/><V78/><AGARI ba="0,0" hai="54,57,61,78,82,86,125,127,128,129,130" m="15391" machi="78" ten="40,2700,0" yaku="19,1,52,1" doraHai="106,74" who="2" fromWho="2" sc="271,-7,423,-7,265,27,41,-13" /><INIT seed="4,0,0,2,2,98" ten="264,416,292,28" oya="0" hai0="65,37,80,23,7,84,94,34,120,113,59,111,67" hai1="3,9,85,122,73,89,101,47,74,21,61,14,40" hai2="103,106,76,46,38,35,131,126,118,75,43,125,25" hai3="121,102,135,31,79,108,110,70,56,55,87,71,52"/><T81/><D34/><U19/><E122/><V114/><F118/><W51/><G31/><T39/><D7/><U6/><E61/><V44/><F131/><W127/><G87/><T115/><D23/><U12/><E3/><V86/><F86/><W17/><G79/><T95/><D84/><U78/><E101/><V16/><F44/><N who="3" m="27751" /><G17/><T13/><D59/><U130/><E78/><V4/><F4/><W99/><G99/><T66/><D13/><U22/><E22/><V8/><F35/><W92/><G92/><N who="0" m="35371" /><D120/><U1/><E1/><V26/><F26/><W33/><G102/><T45/><D45/><U50/><REACH who="1" step="1"/><E130/><REACH who="1" ten="264,406,292,28" step="2"/><V68/><F103/><W124/><G121/><T116/><D116/><U10/><E10/><V133/><F8/><W64/><G33/><T20/><D20/><U41/><E41/><V60/><F43/><W91/><G91/><T109/><D111/><N who="3" m="42537" /><G135/><T32/><D32/><U28/><E28/><V112/><F133/><W53/><G53/><T48/><D109/><U134/><E134/><V117/><F117/><W107/><G107/><T54/><D54/><U5/><E5/><V27/><F106/><W29/><G29/><T11/><D11/><U90/><E90/><V123/><F123/><W58/><G64/><T24/><D67/><U96/><E96/><V0/><F0/><W82/><G55/><T36/><D66/><U128/><E128/><V72/><F76/><W63/><G63/><T2/><D65/><U132/><E132/><V57/><F60/><W62/><G62/><T15/><D2/><U129/><E129/><V49/><F16/><RYUUKYOKU ba="0,1" sc="264,-10,406,30,292,-10,28,-10" hai1="6,9,12,14,19,21,40,47,50,73,74,85,89" /><INIT seed="5,1,1,2,0,37" ten="254,436,282,18" oya="1" hai0="118,33,108,100,25,133,61,7,81,43,70,111,121" hai1="26,89,20,71,65,66,115,24,6,21,94,99,44" hai2="129,13,68,49,31,11,46,5,92,28,52,34,122" hai3="106,93,134,56,62,86,72,51,30,105,127,104,83"/><U14/><E115/><V15/><F122/><W114/><G114/><T8/><D118/><U113/><E113/><V87/><F129/><W42/><G134/><T12/><D133/><U126/><E126/><V16/><F68/><W90/><G127/><T124/><D124/><U88/><E71/><V102/><F34/><W78/><G30/><T125/><D25/><U47/><E6/><V9/><F102/><W50/><G50/><T19/><D33/><U67/><E14/><V39/><F39/><W112/><G112/><T1/><D100/><U128/><E128/><V135/><F135/><W59/><REACH who="3" step="1"/><G62/><REACH who="3" ten="254,436,282,8" step="2"/><T107/><D61/><U0/><E44/><AGARI ba="1,2" hai="42,44,51,56,59,72,78,83,86,90,93,104,105,106" machi="44" ten="40,5200,0" yaku="1,1,2,1,52,1,53,0" doraHai="37" doraHaiUra="95" who="3" fromWho="1" sc="254,0,436,-55,282,0,8,75" /><INIT seed="6,0,0,0,0,27" ten="254,381,282,83" oya="2" hai0="109,33,66,56,102,114,129,64,135,115,63,73,57" hai1="77,17,42,116,22,45,38,89,134,96,98,15,122" hai2="12,18,25,11,32,59,69,61,23,95,75,87,107" hai3="97,0,10,88,103,113,26,76,99,34,4,123,84"/><V41/><F107/><W119/><G119/><T72/><D109/><U100/><E116/><V126/><F75/><W79/><G123/><T19/><D33/><U110/><E110/><V91/><F69/><W68/><G68/><T13/><D102/><U2/><E2/><V101/><F126/><W1/><G1/><T30/><D135/><U128/><E134/><V74/><F74/><W9/><G9/><T35/><D129/><U14/><E128/><V43/><F32/><W78/><G113/><N who="0" m="43019" /><D30/><U132/><E132/><V16/><REACH who="2" step="1"/><F101/><REACH who="2" ten="254,381,272,83" step="2"/><W121/><G121/><T47/><D35/><U65/><E100/><V51/><F51/><W111/><G111/><T46/><D73/><U20/><E122/><V67/><AGARI ba="0,1" hai="11,12,16,18,23,25,41,43,59,61,67,87,91,95" machi="67" ten="20,12000,1" yaku="1,1,0,1,7,1,8,1,54,1,53,0" doraHai="27" doraHaiUra="112" who="2" fromWho="2" sc="254,-40,381,-40,272,130,83,-40" /><INIT seed="6,1,0,5,4,95" ten="214,341,402,43" oya="2" hai0="32,94,100,14,133,86,9,129,34,91,81,8,53" hai1="88,102,121,11,59,15,1,130,58,57,89,47,33" hai2="27,113,38,120,21,112,62,107,0,117,30,55,67" hai3="125,97,49,78,74,75,71,42,41,82,93,128,87"/><V127/><F120/><W6/><G71/><T105/><D133/><U92/><E121/><V36/><F117/><W28/><G128/><T66/><D129/><U3/><E130/><V70/><F127/><W99/><G125/><T40/><D66/><U17/><E33/><V2/><F107/><W135/><G135/><T48/><D40/><U123/><E123/><V69/><F55/><W43/><G28/><T31/><D105/><U111/><E111/><V23/><F23/><W65/><G65/><T24/><D34/><U10/><E47/><V26/><F26/><W20/><G20/><T108/><D108/><U83/><E83/><V61/><F61/><W16/><G16/><T37/><D37/><U39/><E39/><V73/><F70/><W50/><G6/><T18/><D100/><U116/><E116/><V51/><F51/><W56/><G56/><T122/><D122/><U132/><E132/><V64/><F64/><W46/><G50/><T77/><D8/><U60/><E60/><V118/><F118/><W7/><G7/><T72/><D48/><U4/><REACH who="1" step="1"/><E1/><REACH who="1" ten="214,331,402,43" step="2"/><V96/><F36/><W44/><G44/><T19/><D32/><U22/><E22/><V63/><F38/><W114/><G114/><T131/><D131/><U98/><AGARI ba="1,1" hai="3,4,10,11,15,17,57,58,59,88,89,92,98,102" machi="98" ten="30,7900,0" yaku="1,1,0,1,52,1,54,1,53,0" doraHai="95" doraHaiUra="109" who="1" fromWho="1" sc="214,-21,331,92,402,-40,43,-21" /><INIT seed="7,0,0,0,2,104" ten="193,423,362,22" oya="3" hai0="0,131,110,34,122,59,129,65,118,111,63,55,48" hai1="89,16,44,45,39,13,135,2,80,107,52,1,41" hai2="79,57,112,10,84,60,35,38,124,86,37,109,9" hai3="50,78,14,3,114,99,94,119,115,85,40,113,36"/><W28/><G3/><T18/><D34/><U127/><E107/><V11/><F109/><N who="0" m="41482" /><D18/><U83/><E83/><V51/><F124/><W123/><G123/><T69/><D0/><U64/><E64/><V121/><F121/><W95/><G119/><T68/><D122/><U15/><E15/><V71/><F71/><N who="0" m="27210" /><D118/><U42/><E135/><V61/><F112/><W103/><G28/><T12/><D12/><U91/><E127/><V82/><F35/><W7/><G36/><T102/><D102/><U132/><E132/><V25/><F37/><W117/><G117/><T106/><D106/><U21/><E42/><V120/><F38/><W27/><G27/><T43/><D43/><U67/><E67/><V126/><F126/><W76/><G94/><T29/><D29/><U108/><E108/><V54/><F120/><W105/><G105/><T134/><D134/><U53/><E89/><V6/><F6/><W73/><G85/><T66/><D66/><U46/><E80/><V17/><F86/><W88/><G103/><T130/><D131/><U32/><E91/><V81/><F81/><N who="3" m="45199" /><G78/><T74/><D74/><U31/><E2/><V30/><F30/><W77/><G77/><T5/><D5/><U22/><E32/><V116/><F116/><W26/><G26/><T72/><D72/><U133/><E1/><V90/><F79/><W56/><G40/><T47/><AGARI ba="0,0" hai="47,48,55,59,63,65,129,130" m="27210,41482" machi="47" ten="40,2700,0" yaku="34,2" doraHai="104" who="0" fromWho="0" sc="193,27,423,-7,362,-7,22,-13" owari="220,-18.0,416,51.0,355,16.0,9,-49.0" /></mjloggm>