<mjloggm ver="2.3"><GO type="225" lobby="0"/><UN n0="%31%73%E3%81%A7%E3%81%84%E3%81%84%E3%81%9D%E3%81%86" n1="%E3%83%AD%E3%83%9C%E3%82%B3%E3%83%97" n2="%E3%83%A9%E3%82%B9%E7%8E%87%EF%BC%93%E5%89%B2" n3="%E3%81%93%E3%81%84%E3%82%8F%E3%81%84%E3%82%88%E3%81%A4%E3%81%B0" dan="16,16,16,18" rate="2133.00,2123.53,2149.25,2231.40" sx="M,M,M,M"/><TAIKYOKU oya="0"/><INIT seed="0,0,0,0,1,126" ten="250,250,250,250" oya="0" hai0="114,10,46,131,132,74,69,47,97,56,122,22,44" hai1="84,100,6,92,67,113,134,130,133,127,115,128,121" hai2="11,38,35,43,66,62,93,34,79,109,0,91,27" hai3="15,5,58,106,96,42,50,36,76,101,18,85,59"/><T37/><D114/><N who="1" m="43531" /><E6/><V81/><F109/><W70/><G70/><T98/><D122/><U13/><E67/><V39/><F91/><W112/><G112/><T72/><D37/><U88/><E13/><V123/><F93/><W95/><G36/><T4/><D69/><U33/><E33/><V129/><F123/><W8/><G106/><T9/><D132/><N who="1" m="50795" /><E121/><V19/><F19/><W60/><G18/><T23/><D56/><U51/><E51/><V40/><F40/><W29/><G29/><T68/><D68/><U48/><E48/><V14/><F14/><W26/><G26/><T61/><D61/><U3/><E3/><V120/><F120/><W24/><G24/><T119/><D119/><U125/><E100/><V86/><F27/><W73/><G60/><T55/><D55/><U31/><E31/><V110/><F39/><W87/><G59/><T124/><D4/><U103/><E103/><V105/><F35/><W1/><G1/><T78/><D46/><U49/><E49/><V89/><F34/><W111/><G58/><T21/><D21/><U41/><E41/><V71/><F43/><W45/><G111/><T99/><D23/><U94/><E94/><N who="2" m="54583" /><F110/><W52/><G42/><T32/><D22/><U80/><E92/><V25/><F38/><W12/><G12/><T90/><D32/><U64/><E64/><V65/><F66/><W57/><G45/><T20/><D47/><U63/><E63/><V7/><F25/><W54/><G54/><T135/><D44/><U53/><E53/><V108/><F108/><W102/><G101/><T107/><D135/><RYUUKYOKU ba="0,0" sc="250,-15,250,15,250,-15,250,15" hai1="80,84,88,125,127,128,130" hai3="5,8,15,50,52,57,73,76,85,87,95,96,102" /><INIT seed="1,1,0,2,4,96" ten="235,265,235,265" oya="1" hai0="77,127,134,113,19,17,30,125,6,10,108,128,56" hai1="83,103,44,105,9,110,70,81,21,57,25,129,91" hai2="0,5,67,99,80,117,84,121,60,107,13,42,43" hai3="100,51,102,123,64,88,28,122,73,133,50,35,65"/><U8/><E70/><V61/><F117/><W27/><G73/><T71/><D71/><U53/><E129/><V120/><F0/><W18/><G133/><T135/><D77/><U26/><E110/><V69/><F61/><W62/><G18/><N who="0" m="6667" /><D56/><U3/><E44/><V14/><F43/><W55/><G55/><T34/><D108/><U40/><E40/><V45/><F5/><W118/><G118/><T68/><D68/><U37/><E37/><V29/><F29/><W2/><G2/><N who="0" m="343" /><D113/><U31/><E3/><V112/><F112/><W82/><G82/><T54/><D54/><U4/><E26/><V131/><F131/><W101/><G88/><T115/><D115/><U106/><E91/><V15/><F99/><W59/><REACH who="3" step="1"/><G65/><REACH who="3" ten="235,265,235,255" step="2"/><T47/><D128/><U72/><E83/><V97/><F80/><W85/><G85/><T32/><D47/><U109/><E81/><V58/><F84/><W36/><G36/><T23/><D135/><U1/><E72/><V79/><F79/><W86/><G86/><T78/><D78/><U22/><E109/><V7/><F67/><W63/><G63/><T92/><D134/><U130/><E130/><V12/><F60/><W93/><G93/><T89/><D92/><U98/><E106/><V104/><F107/><W48/><AGARI ba="1,1" hai="27,28,35,48,50,51,59,62,64,100,101,102,122,123" machi="48" ten="30,8000,1" yaku="1,1,0,1,52,3,53,0" doraHai="96" doraHaiUra="38" who="3" fromWho="3" sc="235,-21,265,-41,235,-21,255,93" /><INIT seed="2,0,0,5,3,49" ten="214,224,214,348" oya="2" hai0="83,14,36,95,70,18,59,130,50,53,26,38,5" hai1="106,132,6,0,69,110,89,24,100,58,80,72,7" hai2="11,4,76,60,117,114,1,37,19,66,32,28,62" hai3="39,118,123,2,115,71,67,105,52,17,133,85,102"/><V13/><F117/><W103/><G118/><T131/><D70/><U25/><E69/><V22/><F114/><W91/><G39/><T51/><D83/><U90/><E0/><V68/><F37/><W122/><G2/><T104/><D104/><U64/><E106/><V79/><REACH who="2" step="1"/><F62/><REACH who="2" ten="214,224,204,348" step="2"/><W43/><G115/><T78/><D38/><U129/><E129/><V81/><F81/><W45/><G122/><T98/><D36/><U128/><E80/><V120/><F120/><W84/><G123/><T112/><D112/><U16/><E128/><V34/><F34/><W99/><G71/><T63/><D131/><U33/><E33/><V20/><F20/><W55/><G67/><T116/><D130/><U12/><E64/><V96/><F96/><W87/><G99/><T48/><D116/><U119/><E119/><V92/><F92/><W23/><G23/><N who="0" m="13687" /><D78/><U30/><E132/><V29/><F29/><W127/><G133/><T31/><D31/><U124/><E30/><V94/><F94/><W8/><G105/><T109/><D109/><U101/><E110/><V111/><F111/><W97/><G97/><T40/><D95/><U108/><E108/><V82/><F82/><W86/><G103/><T75/><D98/><U121/><E101/><V42/><F42/><W126/><G102/><T47/><D75/><U74/><E100/><V56/><F56/><W41/><G41/><T27/><D40/><U65/><E74/><V15/><F15/><W88/><G43/><N who="0" m="24703" /><D27/><AGARI ba="0,1" hai="1,4,11,13,19,22,27,28,32,60,66,68,76,79" machi="27" ten="40,12000,1" yaku="1,1,24,2,53,1" doraHai="49" doraHaiUra="21" who="2" fromWho="0" sc="214,-120,224,0,204,130,348,0" /><INIT seed="2,1,0,1,0,115" ten="94,224,334,348" oya="2" hai0="27,2,127,71,97,26,34,54,110,38,133,113,72" hai1="37,106,9,52,135,86,39,19,66,40,79,134,15" hai2="121,76,11,32,58,122,107,44,1,67,31,85,24" hai3="6,41,16,119,45,49,53,36,14,70,91,25,108"/><V109/><F107/><W63/><G108/><T0/><RYUUKYOKU type="yao9" ba="1,0" sc="94,0,224,0,334,0,348,0" hai0="0,2,26,27,34,38,54,71,72,97,110,113,127,133" /><INIT seed="2,2,0,3,0,83" ten="94,224,334,348" oya="2" hai0="134,74,107,135,57,69,127,114,109,52,85,122,14" hai1="46,22,68,103,92,32,111,49,20,79,81,89,33" hai2="108,73,95,84,61,88,106,24,104,11,26,19,42" hai3="1,77,131,94,105,27,10,126,91,125,112,29,96"/><V80/><F42/><W62/><G131/><T12/><D107/><U36/><E68/><V70/><F108/><W43/><G112/><T119/><D74/><U2/><E36/><V120/><F120/><W8/><G43/><T30/><D114/><U110/><E2/><V5/><F104/><W115/><G115/><T58/><D69/><U101/><E32/><V121/><F106/><W15/><G77/><T99/><D109/><N who="1" m="41483" /><E33/><V41/><F41/><W123/><G123/><T3/><D122/><U7/><E7/><V98/><F73/><W87/><G1/><T100/><D3/><U64/><E64/><V90/><F121/><W54/><G54/><T18/><D127/><N who="3" m="48649" /><G62/><T51/><D30/><U48/><E46/><V53/><F19/><W130/><G15/><T38/><D38/><U72/><E48/><V6/><F70/><W40/><G40/><T45/><D119/><U113/><E49/><V28/><F28/><W93/><G105/><N who="0" m="63647" /><D14/><U0/><E0/><V133/><F133/><N who="0" m="50698" /><D12/><U44/><E44/><V25/><F11/><W82/><G8/><T9/><D18/><U78/><E113/><V86/><F98/><W124/><G96/><T97/><D97/><N who="1" m="57487" /><E79/><V60/><F53/><W23/><G124/><T63/><D9/><U67/><E67/><V117/><F117/><W71/><G10/><T129/><D45/><U56/><E56/><V37/><F37/><W47/><G47/><T21/><D21/><AGARI ba="2,0" hai="20,21,22,72,78,81,101,103" m="57487,41483" machi="21" ten="30,1000,0" yaku="14,1" doraHai="83" who="1" fromWho="0" sc="94,-16,224,16,334,0,348,0" /><INIT seed="3,0,0,1,4,81" ten="78,240,334,348" oya="3" hai0="134,56,17,99,76,55,118,104,26,36,123,95,22" hai1="119,32,2,87,103,41,37,73,61,114,54,91,92" hai2="53,40,34,9,27,43,44,126,3,11,93,132,108" hai3="69,131,52,8,20,83,38,80,50,79,42,97,109"/><W16/><G69/><T110/><D123/><U6/><E114/><V117/><F117/><W45/><G109/><T58/><D110/><U51/><E119/><V18/><F108/><W12/><G131/><T120/><D118/><U78/><E32/><V65/><F132/><W14/><G97/><T46/><D134/><U59/><E103/><V128/><F128/><W57/><G79/><T29/><D104/><U1/><E6/><AGARI ba="0,0" hai="6,8,12,14,16,20,38,42,45,50,52,57,80,83" machi="6" ten="30,5800,0" yaku="7,1,54,2" doraHai="81" who="3" fromWho="1" sc="78,0,240,-58,334,0,348,58" owari="78,-42.0,182,-22.0,334,13.0,406,51.0" /></mjloggm>