<mjloggm ver="2.3"><GO type="169" lobby="0"/><UN n0="%40%6D%40" n1="%7A%65%52%6F" n2="%4C%69%53%41" n3="%E7%9F%B3%E5%A1%9A" dan="16,18,16,16" rate="2070.66,2173.27,2165.61,2089.29" sx="M,M,F,M"/><TAIKYOKU oya="0"/><INIT seed="0,0,0,3,1,40" ten="250,250,250,250" oya="0" hai0="124,129,2,110,37,45,58,95,115,20,38,64,32" hai1="53,7,61,86,11,4,0,30,1,97,100,127,62" hai2="91,109,78,73,67,118,8,112,60,121,33,98,94" hai3="80,133,24,34,123,96,71,39,51,16,54,82,3"/><T29/><D115/><U102/><E127/><V79/><F121/><W36/><G3/><T69/><D2/><U107/><E30/><V19/><F112/><W128/><G71/><T125/><D32/><U44/><E102/><V111/><F33/><W105/><G128/><T68/><D129/><U75/><E75/><V113/><F113/><W15/><G133/><T5/><D5/><U13/><E86/><V23/><F8/><W47/><G123/><T41/><D37/><U65/><E7/><V76/><F73/><W22/><G105/><T63/><D95/><U81/><E81/><V119/><F19/><W21/><G34/><T56/><D20/><U134/><E134/><V48/><F23/><W28/><G96/><T74/><D29/><U31/><E31/><V92/><F48/><W87/><REACH who="3" step="1"/><G82/><REACH who="3" ten="250,250,250,240" step="2"/><T93/><D93/><U90/><E1/><V6/><F94/><W46/><G46/><T101/><D101/><U132/><E0/><V77/><N who="2" m="19968" /><DORA hai="89" /><V135/><F135/><W49/><G49/><T72/><D72/><U66/><E107/><V131/><F131/><W55/><G55/><N who="0" m="34207" /><D74/><U104/><E104/><V26/><F92/><W70/><G70/><N who="0" m="27243" /><D110/><U57/><E100/><V59/><F109/><W99/><G99/><T42/><D42/><U35/><E97/><V52/><F111/><W14/><G14/><T108/><D108/><U25/><E132/><V114/><F114/><W116/><G116/><T120/><D120/><U83/><E35/><V12/><F118/><W126/><G126/><T130/><D130/><U18/><E83/><V88/><F119/><RYUUKYOKU ba="0,1" sc="250,15,250,-15,250,-15,240,15" hai0="38,41,45,58,64,124,125" hai3="15,16,21,22,24,28,36,39,47,51,54,80,87" /><INIT seed="0,1,1,4,0,84" ten="265,235,235,255" oya="0" hai0="33,59,25,12,2,132,38,81,111,115,0,110,43" hai1="112,93,96,113,129,103,29,9,91,26,123,107,15" hai2="27,22,7,32,66,75,13,35,106,67,80,64,100" hai3="20,18,74,69,14,127,10,41,6,11,114,94,60"/><T104/><D104/><U34/><E123/><V21/><F106/><W82/><G114/><T61/><D115/><U97/><REACH who="1" step="1"/><E129/><REACH who="1" ten="265,225,235,255" step="2"/><V45/><F66/><W118/><G118/><T134/><D0/><U116/><E116/><V23/><F67/><W63/><G127/><T30/><D2/><U16/><AGARI ba="1,2" hai="9,15,16,26,29,34,91,93,96,97,103,107,112,113" machi="16" ten="30,7900,0" yaku="1,1,0,1,52,1,54,1,53,0" doraHai="84" doraHaiUra="73" who="1" fromWho="1" sc="265,-40,225,102,235,-21,255,-21" /><INIT seed="1,0,0,4,0,63" ten="225,327,214,234" oya="1" hai0="32,132,7,28,105,76,18,60,2,83,113,97,52" hai1="35,40,0,129,107,13,131,3,118,1,12,116,125" hai2="36,88,43,23,9,74,95,109,10,24,58,65,96" hai3="54,80,130,120,47,21,55,90,4,128,99,94,68"/><U51/><E51/><V75/><F109/><W17/><G120/><T62/><D113/><U8/><E40/><V98/><F98/><W59/><G68/><T73/><D132/><U41/><E41/><V122/><F122/><W81/><G4/><T89/><D18/><U92/><E92/><V57/><F75/><W124/><G124/><T72/><D72/><U71/><E71/><V70/><F74/><W79/><G47/><T14/><D2/><U87/><E87/><V67/><F70/><W115/><G115/><T86/><D28/><U20/><E107/><V16/><F36/><W29/><G29/><T91/><D32/><U19/><E35/><V5/><F43/><W126/><G126/><T69/><D62/><U101/><E101/><V84/><F96/><W33/><G54/><T135/><D135/><U30/><E125/><V48/><F10/><W66/><G33/><T121/><D121/><U61/><E61/><V111/><F111/><W114/><G114/><T110/><D110/><U123/><E123/><V106/><F106/><W78/><G80/><T15/><D97/><U53/><E53/><N who="2" m="31911" /><F58/><W49/><G66/><N who="2" m="25097" /><F9/><W11/><G11/><T103/><D105/><U31/><E118/><V45/><F5/><W104/><G104/><T100/><D7/><N who="1" m="3231" /><E116/><V133/><F133/><W108/><G108/><T56/><D69/><U50/><E50/><V112/><F112/><W22/><G49/><T25/><D73/><U37/><E37/><V27/><F45/><W119/><G59/><T127/><D127/><U44/><E44/><V117/><F117/><W82/><G119/><RYUUKYOKU ba="0,0" sc="225,-15,327,15,214,15,234,-15" hai1="0,1,3,12,19,20,30,31,129,131" hai2="16,23,24,27,84,88,95" /><INIT seed="1,1,0,1,5,117" ten="210,342,229,219" oya="1" hai0="26,35,22,30,73,76,80,59,118,37,111,90,70" hai1="130,29,24,16,120,39,124,78,4,57,47,63,83" hai2="99,31,67,134,9,65,64,62,126,110,128,48,87" hai3="119,127,91,116,38,74,17,27,86,45,14,44,3"/><U122/><E4/><V114/><F110/><W69/><G69/><T72/><D111/><U125/><E130/><V96/><F128/><W100/><G74/><T5/><D70/><U55/><E16/><V75/><F75/><W92/><G3/><T21/><D73/><N who="1" m="43471" /><E47/><V7/><F126/><N who="1" m="48745" /><E39/><V84/><F134/><W54/><G127/><T12/><D118/><N who="3" m="45097" /><G27/><T36/><D59/><U131/><E131/><V129/><F129/><W98/><G54/><T6/><D37/><U33/><AGARI ba="1,0" hai="24,29,33,55,57,63,120,122" m="48745,43471" machi="33" ten="30,6000,0" yaku="18,1,52,2" doraHai="117" who="1" fromWho="1" sc="210,-21,342,63,229,-21,219,-21" /><INIT seed="1,2,0,3,5,6" ten="189,405,208,198" oya="1" hai0="46,135,110,55,58,3,60,92,95,118,109,1,12" hai1="89,31,16,70,72,8,112,113,134,130,114,13,73" hai2="98,21,78,24,132,133,102,124,111,5,41,9,100" hai3="127,68,123,76,108,126,88,34,0,99,93,56,33"/><U22/><E70/><V122/><F122/><W29/><G123/><T131/><D118/><U32/><E134/><V23/><F111/><N who="0" m="42506" /><D131/><U38/><E38/><V54/><F124/><W37/><G68/><T45/><D12/><U36/><E36/><V14/><F41/><W11/><G108/><T83/><D83/><U52/><E130/><V69/><F69/><W80/><G37/><T120/><D135/><N who="2" m="51786" /><F78/><W51/><G29/><T43/><D120/><U40/><E40/><V106/><F100/><W90/><G90/><T59/><D59/><U53/><E32/><V84/><F84/><N who="3" m="48135" /><G56/><T42/><D42/><U20/><E89/><V121/><F121/><W62/><G62/><T115/><D115/><U61/><E61/><V75/><F75/><W50/><G50/><N who="0" m="26943" /><D46/><U17/><E31/><N who="2" m="17807" /><F54/><W125/><G51/><T101/><D101/><U10/><E114/><V2/><F23/><W117/><G117/><T15/><D1/><AGARI ba="2,0" hai="1,2,5,9,14,98,102,106" m="17807,51786" machi="1" ten="30,2000,0" yaku="20,1,52,1" doraHai="6" who="2" fromWho="0" sc="189,-26,405,0,208,26,198,0" /><INIT seed="2,0,0,2,1,69" ten="163,405,234,198" oya="2" hai0="22,60,18,55,49,96,89,66,58,62,75,16,7" hai1="133,90,50,123,84,59,0,10,13,26,24,48,122" hai2="31,87,86,8,101,68,121,54,118,45,92,39,94" hai3="107,17,53,41,42,115,116,109,65,93,78,80,29"/><V14/><F118/><W37/><G116/><T105/><D75/><U20/><E0/><V104/><F121/><N who="1" m="46089" /><E133/><V113/><F113/><W43/><G107/><T12/><D7/><N who="1" m="3295" /><E59/><V30/><F68/><W129/><G65/><T33/><D33/><U32/><E26/><V73/><F73/><W38/><G29/><T99/><D105/><U81/><E32/><V102/><F104/><W3/><G3/><T52/><D55/><U120/><N who="1" m="46097" /><U126/><DORA hai="72" /><E126/><V131/><F131/><W97/><G115/><T21/><D89/><U34/><E34/><V106/><F106/><W51/><G17/><AGARI ba="0,0" hai="17,20,24,48,50,81,84,90" m="3295,46097" machi="17" ten="40,1300,0" yaku="13,1" doraHai="69,72" who="1" fromWho="3" sc="163,0,405,13,234,0,198,-13" /><INIT seed="3,0,0,0,2,88" ten="163,418,234,185" oya="3" hai0="97,122,125,84,57,66,2,128,110,130,107,54,85" hai1="117,19,51,61,131,30,39,47,7,115,120,95,111" hai2="29,73,62,80,43,52,69,90,104,87,116,63,50" hai3="91,67,24,132,11,135,34,53,98,124,44,64,105"/><W55/><G11/><T12/><D110/><U10/><E120/><V1/><F116/><W59/><G44/><T21/><D2/><U31/><E115/><V56/><F104/><W5/><G5/><T114/><D122/><U4/><E39/><V100/><F1/><W118/><G118/><T42/><D42/><U58/><E111/><V101/><F73/><W75/><G75/><T68/><D125/><U15/><E131/><N who="0" m="50217" /><D66/><N who="1" m="39223" /><E95/><V92/><F69/><W40/><G91/><T16/><D68/><U134/><E134/><V77/><F29/><N who="1" m="10761" /><E117/><V71/><F71/><W133/><G124/><T6/><D6/><U28/><N who="1" m="10769" /><U94/><DORA hai="127" /><E94/><V32/><F32/><W106/><G40/><AGARI ba="0,0" hai="4,7,10,15,19,40,47,51" m="10769,39223" machi="40" ten="30,1000,0" yaku="8,1" doraHai="88,127" who="1" fromWho="3" sc="163,0,418,10,234,0,185,-10" /><INIT seed="4,0,0,1,5,131" ten="163,428,234,175" oya="0" hai0="54,40,20,104,84,48,124,70,97,101,36,8,128" hai1="64,120,73,111,42,35,100,33,56,96,129,52,115" hai2="10,60,12,76,3,121,83,24,7,127,114,44,30" hai3="106,29,105,85,119,58,57,91,32,87,11,6,17"/><T38/><D70/><U113/><E120/><V75/><F121/><W133/><G119/><T50/><D128/><U1/><E129/><V116/><F114/><N who="1" m="43529" /><E1/><V72/><F127/><W51/><G17/><T93/><D124/><U65/><E42/><V45/><F75/><W126/><G126/><T16/><D8/><U109/><E73/><V41/><F116/><W69/><G69/><T132/><D132/><U22/><E22/><V82/><F83/><W135/><G29/><T66/><D66/><N who="1" m="25707" /><E96/><V99/><F60/><W46/><G32/><N who="1" m="12362" /><E100/><V63/><F99/><W130/><G130/><T74/><D74/><U19/><E19/><V90/><F72/><W68/><G68/><T59/><D48/><AGARI ba="0,0" hai="48,52,56,109,111" m="12362,25707,43529" machi="48" ten="30,3900,0" yaku="15,1,11,1,54,1" doraHai="131" who="1" fromWho="0" sc="163,-39,428,39,234,0,175,0" /><INIT seed="5,0,0,5,0,49" ten="124,467,234,175" oya="1" hai0="38,72,48,10,16,94,60,131,78,44,116,42,101" hai1="117,107,9,91,106,119,37,59,70,68,69,17,36" hai2="121,124,98,64,82,73,134,33,100,39,95,97,21" hai3="23,81,109,108,102,93,112,24,110,96,56,125,83"/><U41/><E91/><V6/><F33/><W65/><G112/><T31/><D116/><U4/><E17/><V132/><F39/><N who="1" m="14921" /><E59/><V76/><F64/><W45/><G125/><T15/><D131/><U84/><E84/><V115/><F6/><W30/><REACH who="3" step="1"/><G45/><REACH who="3" ten="124,467,234,165" step="2"/><T128/><D128/><U43/><E119/><V74/><F124/><W34/><G34/><T111/><D111/><U118/><E118/><V53/><F115/><W32/><G32/><T80/><D31/><U54/><E117/><V86/><F132/><W58/><G58/><T35/><D35/><U89/><E70/><V0/><F134/><W88/><G88/><T51/><REACH who="0" step="1"/><D60/><AGARI ba="0,1" hai="23,24,30,56,60,65,81,83,93,96,102,108,109,110" machi="60" ten="40,5200,0" yaku="1,1,25,2,53,0" doraHai="49" doraHaiUra="126" who="3" fromWho="0" sc="124,-52,467,0,234,0,165,62" /><INIT seed="6,0,0,1,4,20" ten="72,467,234,227" oya="2" hai0="25,73,90,8,56,97,55,86,54,37,19,58,52" hai1="18,104,105,123,53,14,91,11,113,119,24,51,107" hai2="68,115,75,89,112,131,130,21,92,2,26,65,118" hai3="15,127,116,117,33,120,5,41,102,67,128,31,114"/><V121/><F75/><W0/><G41/><T9/><D73/><U94/><E119/><V124/><F2/><W7/><G67/><T76/><D37/><U23/><E113/><N who="2" m="43595" /><F118/><W126/><G102/><T103/><D76/><U6/><E123/><V49/><F49/><W29/><G114/><T81/><D8/><U63/><E63/><N who="2" m="39999" /><F121/><W80/><G80/><T106/><REACH who="0" step="1"/><D9/><REACH who="0" ten="62,467,234,227" step="2"/><U98/><REACH who="1" step="1"/><E107/><REACH who="1" ten="62,457,234,227" step="2"/><V48/><F130/><W78/><G128/><T57/><D57/><AGARI ba="0,2" hai="6,11,14,18,23,24,51,53,57,91,94,98,104,105" machi="57" ten="30,7700,0" yaku="1,1,2,1,7,1,52,1,53,0" doraHai="20" doraHaiUra="110" who="1" fromWho="0" sc="62,-77,457,97,234,0,227,0" owari="-15,-52.0,554,66.0,234,3.0,227,-17.0" /></mjloggm>