<mjloggm ver="2.3"><GO type="185" lobby="0"/><UN n0="%E3%83%A6%E3%82%A6%E3%83%8B%E3%83%A3" n1="%E3%82%A2%E3%82%B9%E3%82%BF%E3%83%AD%E3%83%88%E3%81%AE%E5%AE%A3%E5%91%8A" n2="%E4%B8%96%E7%9B%B4%E3%81%97%E4%BA%BA" n3="" dan="18,17,17,0" rate="2268.98,2294.90,2256.50,1500.00" sx="M,M,M,C"/><TAIKYOKU oya="0"/><BYE who="0" /><UN n0="%E3%83%A6%E3%82%A6%E3%83%8B%E3%83%A3" /><INIT seed="0,0,0,2,0,117" ten="350,350,350,0" oya="0" hai0="84,123,57,0,42,110,128,32,100,76,35,77,124" hai1="92,83,60,129,68,38,39,114,80,119,65,52,34" hai2="59,107,58,126,88,130,86,90,81,89,46,95,116" hai3=""/><T121/><D121/><U50/><BYE who="0" /><E119/><UN n0="%E3%83%A6%E3%82%A6%E3%83%8B%E3%83%A3" /><V82/><F116/><T63/><N who="0" m="31520" /><T71/><D0/><U118/><E118/><V112/><F112/><T70/><D124/><U2/><E2/><V45/><F107/><T49/><D128/><U79/><E34/><V94/><F130/><T87/><D100/><U43/><E129/><V72/><F126/><T44/><D110/><U66/><E66/><V1/><F72/><T115/><D115/><U106/><E106/><V99/><F1/><T41/><D49/><U101/><E114/><V47/><REACH who="2" step="1"/><F82/><REACH who="2" ten="350,350,340,0" step="2"/><T55/><D35/><U120/><N who="1" m="30752" /><U134/><E83/><V113/><F113/><T33/><D33/><U125/><E125/><V131/><F131/><T51/><D32/><U108/><E108/><V96/><AGARI ba="0,1" hai="45,46,47,58,59,81,86,88,89,90,94,95,96,99" machi="96" ten="30,12000,3" yaku="1,1,0,1,9,1,8,1,54,1,53,3" doraHai="117" doraHaiUra="85" who="2" fromWho="2" sc="350,-80,350,-40,340,130,0,0" /><INIT seed="1,0,0,1,1,35" ten="270,310,470,0" oya="1" hai0="44,104,96,68,108,66,115,83,37,135,67,40,117" hai1="92,84,107,0,75,99,86,38,85,106,118,45,122" hai2="33,70,128,103,46,39,132,64,65,34,123,72,111" hai3=""/><U110/><N who="1" m="31264" /><U43/><E118/><V71/><N who="2" m="31520" /><V119/><F119/><T112/><D108/><U100/><E110/><V134/><F111/><T129/><D117/><U98/><E0/><V76/><F103/><T81/><D129/><U55/><E75/><V125/><F128/><T32/><D32/><U109/><E109/><V87/><F72/><T121/><N who="0" m="31008" /><T133/><D96/><U2/><E2/><V41/><F125/><T3/><D104/><U114/><E114/><N who="0" m="43561" /><D3/><U120/><N who="1" m="30752" /><U62/><REACH who="1" step="1"/><E99/><REACH who="1" ten="270,300,470,0" step="2"/><V101/><F33/><T131/><D131/><U89/><E89/><V80/><F34/><T73/><D73/><U102/><E102/><V61/><REACH who="2" step="1"/><F101/><REACH who="2" ten="270,300,460,0" step="2"/><T126/><D126/><U77/><E77/><V52/><F52/><T57/><D135/><U78/><E78/><V59/><F59/><AGARI ba="0,2" hai="38,43,45,55,59,62,84,85,86,92,98,100,106,107" m="30752,31264" machi="59" ten="40,12000,1" yaku="1,1,52,2,53,1" doraHai="35" doraHaiUra="48" who="1" fromWho="2" sc="270,0,300,140,460,-120,0,0" /><INIT seed="1,1,0,3,2,112" ten="270,440,340,0" oya="1" hai0="48,47,82,134,121,117,83,69,41,39,57,81,103" hai1="58,52,123,36,90,91,107,99,98,111,105,85,125" hai2="55,54,74,95,115,113,53,71,68,126,102,61,108" hai3=""/><U78/><N who="1" m="31520" /><U46/><E125/><V67/><F74/><T32/><N who="0" m="31008" /><T100/><D32/><U86/><E78/><V87/><F71/><T124/><D124/><U3/><E3/><V131/><F126/><T72/><D134/><U120/><N who="1" m="30752" /><U89/><E111/><V94/><F108/><T129/><D72/><U50/><E86/><V59/><F131/><T2/><D2/><U79/><E107/><V77/><F68/><T44/><D69/><U122/><N who="1" m="31264" /><U0/><E0/><V63/><F63/><T130/><D57/><U64/><E105/><V66/><F66/><T127/><D127/><U60/><E36/><V110/><F110/><T35/><D35/><U70/><E70/><V97/><REACH who="2" step="1"/><F94/><REACH who="2" ten="270,440,330,0" step="2"/><T109/><D109/><U114/><E114/><V88/><F88/><N who="1" m="33897" /><E79/><V62/><F62/><T116/><D129/><U45/><E45/><V40/><F40/><T84/><D130/><U132/><E132/><V80/><AGARI ba="1,1" hai="53,54,55,59,61,67,77,80,87,95,97,102,113,115" machi="80" ten="30,1500,0" yaku="1,1,0,1,53,0" doraHai="112" doraHaiUra="42" who="2" fromWho="2" sc="270,-6,440,-11,330,27,0,0" /><INIT seed="2,0,0,5,1,87" ten="264,429,357,0" oya="2" hai0="57,85,36,89,75,104,59,108,40,123,100,99,2" hai1="94,127,47,52,110,111,105,39,62,118,135,32,103" hai2="1,72,116,80,113,56,97,114,119,122,51,35,90" hai3=""/><V98/><N who="2" m="31264" /><V128/><F35/><T121/><N who="0" m="31008" /><T70/><N who="0" m="31520" /><T43/><D2/><U58/><E32/><V33/><F33/><T60/><D75/><U65/><E135/><V95/><F1/><T49/><D108/><U102/><E127/><V88/><F56/><T131/><D131/><U133/><E133/><V74/><F51/><T129/><D129/><U3/><E3/><V41/><F41/><T68/><D59/><U82/><E105/><V48/><F48/><T45/><D40/><U132/><E132/><V67/><F67/><T34/><D36/><U79/><E118/><V92/><F80/><T134/><D134/><U125/><E65/><V81/><F81/><T106/><D106/><U76/><E82/><V109/><REACH who="2" step="1"/><F128/><REACH who="2" ten="264,429,347,0" step="2"/><T55/><D34/><U50/><E50/><V84/><F84/><T117/><D117/><U120/><E58/><V115/><F115/><T91/><REACH who="0" step="1"/><D85/><REACH who="0" ten="254,429,347,0" step="2"/><U37/><N who="1" m="30752" /><U73/><E111/><AGARI ba="0,2" hai="72,74,88,90,92,95,97,98,109,111,113,114,116,119" m="31264" machi="111" ten="25,24000,3" yaku="1,1,22,2,34,3,52,3,54,1,53,0" doraHai="87" doraHaiUra="69" who="2" fromWho="1" sc="254,0,429,-240,347,260,0,0" /><INIT seed="2,1,0,2,0,46" ten="254,189,607,0" oya="2" hai0="101,115,126,42,99,66,69,104,35,114,118,74,3" hai1="38,32,68,100,78,112,62,121,45,86,108,110,79" hai2="77,65,81,0,111,123,88,90,44,83,96,67,122" hai3=""/><V61/><N who="2" m="31264" /><V93/><N who="2" m="31520" /><V98/><F0/><T125/><D35/><U106/><N who="1" m="31008" /><U51/><E32/><V55/><F111/><N who="1" m="42537" /><E38/><V75/><F83/><T48/><D3/><U40/><E112/><N who="0" m="43049" /><D74/><U64/><E86/><V37/><F37/><T91/><D118/><U63/><E62/><V57/><F44/><T97/><D66/><U116/><E116/><V33/><F33/><T73/><D69/><U72/><E72/><V1/><F1/><T120/><N who="0" m="30752" /><T127/><D73/><U70/><E70/><V39/><F39/><T71/><D71/><U92/><E92/><AGARI ba="1,0" hai="55,57,61,65,67,75,77,81,88,90,92,93,96,98" m="31520,31264" machi="92" ten="40,12000,1" yaku="9,1,52,2,54,1" doraHai="46" who="2" fromWho="1" sc="254,0,189,-122,607,122,0,0" /><INIT seed="2,2,0,2,1,68" ten="254,67,729,0" oya="2" hai0="133,36,105,118,89,98,96,99,64,32,44,130,57" hai1="95,121,3,71,79,58,41,110,106,101,54,132,60" hai2="50,62,33,127,81,75,85,52,77,115,45,55,126" hai3=""/><V78/><F115/><T61/><D118/><U39/><N who="1" m="31008" /><U67/><E3/><V56/><F33/><T35/><D130/><U63/><E110/><V113/><F113/><T38/><D133/><U90/><E132/><V42/><F78/><T108/><D108/><U125/><E125/><N who="2" m="47627" /><F75/><T94/><D44/><U37/><E79/><V40/><AGARI ba="2,0" hai="40,42,45,50,52,55,56,62,77,81,85" m="47627" machi="40" ten="30,2000,0" yaku="18,1,54,1" doraHai="68" who="2" fromWho="2" sc="254,-12,67,-12,729,24,0,0" /><INIT seed="2,3,0,1,1,91" ten="242,55,753,0" oya="2" hai0="95,101,122,130,40,111,125,119,92,74,73,129,60" hai1="36,113,76,42,83,105,103,134,38,118,71,51,121" hai2="88,100,99,127,102,43,46,65,96,77,86,3,98" hai3=""/><V63/><F3/><T44/><N who="0" m="31264" /><T64/><D119/><U47/><N who="1" m="31008" /><U35/><E35/><V58/><F77/><T93/><D101/><U49/><E118/><V1/><F1/><T53/><D53/><U57/><E71/><V82/><REACH who="2" step="1"/><F127/><REACH who="2" ten="242,55,743,0" step="2"/><T120/><N who="0" m="30752" /><T90/><D125/><U75/><E76/><V133/><F133/><T89/><D129/><U37/><E134/><V67/><F67/><T123/><D130/><U54/><E113/><V56/><F56/><T117/><D117/><U106/><E57/><V50/><AGARI ba="3,1" hai="43,46,50,58,63,65,82,86,88,96,98,99,100,102" machi="50" ten="30,7800,0" yaku="1,1,0,1,8,1,54,1,53,0" doraHai="91" doraHaiUra="68" who="2" fromWho="2" sc="242,-42,55,-42,743,94,0,0" /><INIT seed="2,4,0,1,2,52" ten="200,13,837,0" oya="2" hai0="119,78,106,100,47,130,51,124,103,39,114,49,117" hai1="66,32,71,84,1,43,132,98,2,75,41,33,131" hai2="96,70,34,121,40,128,57,99,76,125,120,65,115" hai3=""/><V88/><N who="2" m="30752" /><V89/><N who="2" m="31008" /><V97/><F115/><T104/><D78/><U101/><E75/><V53/><F34/><T44/><D39/><U56/><E71/><V83/><F40/><T81/><D81/><U63/><E132/><V55/><F128/><T79/><D79/><U3/><E131/><V127/><F70/><T111/><D130/><U107/><REACH who="1" step="1"/><E84/><REACH who="1" ten="200,3,837,0" step="2"/><V113/><F113/><T42/><D114/><U62/><E62/><V69/><F69/><T129/><D129/><U80/><E80/><V116/><F83/><T92/><D117/><U118/><E118/><V45/><F116/><T73/><D73/><U85/><E85/><V112/><F112/><T135/><D119/><U94/><E94/><V93/><F93/><T60/><D60/><U77/><E77/><V74/><F76/><T48/><D135/><U59/><E59/><V133/><F74/><T0/><D92/><U35/><AGARI ba="4,1" hai="1,2,3,32,33,35,41,43,56,63,66,98,101,107" machi="35" ten="40,3900,0" yaku="1,1,0,1,52,1,53,0" doraHai="52" doraHaiUra="123" who="1" fromWho="1" sc="200,-17,3,57,837,-30,0,0" /><INIT seed="4,0,0,3,1,92" ten="183,60,807,0" oya="0" hai0="38,40,78,72,113,67,80,124,45,122,121,66,101" hai1="82,68,85,111,126,127,32,74,109,133,47,129,100" hai2="43,62,3,134,130,99,94,49,36,64,65,97,125" hai3=""/><T120/><N who="0" m="30752" /><T106/><N who="0" m="31008" /><T93/><N who="0" m="31264" /><T83/><D113/><U76/><E32/><V51/><F3/><T103/><D124/><N who="1" m="47659" /><E68/><V54/><F125/><T61/><D106/><U108/><E133/><V71/><F134/><T98/><D101/><U89/><E47/><V86/><F130/><T81/><REACH who="0" step="1"/><D67/><REACH who="0" ten="173,60,807,0" step="2"/><U119/><E129/><V107/><F65/><T55/><D55/><U34/><E34/><V116/><F107/><T117/><D117/><U52/><E52/><V60/><F116/><T50/><D50/><U56/><E119/><V95/><F54/><T58/><AGARI ba="0,1" hai="38,40,45,58,61,66,72,78,80,81,83,93,98,103" m="31264,31008,30752" machi="58" ten="20,16000,3" yaku="1,1,0,1,7,1,52,4,53,1" doraHai="92" doraHaiUra="96" who="0" fromWho="0" sc="173,170,60,-80,807,-80,0,0" owari="343,-6.0,-20,-62.0,727,68.0,0,0.0" /></mjloggm>