<mjloggm ver="2.3"><GO type="225" lobby="0"/><UN n0="%E9%81%85%E5%88%BB%E3%81%AE%E3%83%97%E3%83%AA%E3%83%B3%E3%82%B9%E2%99%AA" n1="%E5%BD%97%E6%98%9F%E5%85%A5%E3%83%92%E3%82%B3" n2="%E8%8F%B1%E5%B7%9D%E6%85%8E%E5%90%BE" n3="%E3%82%B7%E3%83%B3%E3%83%95%E3%82%A9%E3%83%8B%E3%82%A2" dan="16,16,16,18" rate="2112.76,2122.37,2145.75,2240.95" sx="F,M,M,M"/><TAIKYOKU oya="0"/><INIT seed="0,0,0,3,4,7" ten="250,250,250,250" oya="0" hai0="63,81,21,24,121,126,46,116,62,120,17,65,14" hai1="19,114,3,59,108,56,109,73,66,82,31,69,49" hai2="133,70,74,103,79,53,77,118,89,41,115,32,111" hai3="87,71,52,12,35,42,110,86,68,80,18,95,67"/><T117/><D126/><U124/><E124/><V40/><F115/><W15/><G110/><N who="1" m="42602" /><E114/><V60/><F32/><W48/><G35/><T122/><D46/><U132/><E132/><V1/><F1/><W84/><G42/><T47/><D47/><U75/><E31/><V91/><F103/><W72/><G15/><T44/><D44/><U127/><E127/><V90/><F111/><W51/><G51/><T30/><D81/><U22/><E3/><V25/><F118/><W97/><G72/><N who="1" m="27722" /><E82/><V36/><F36/><W23/><G67/><T128/><D128/><U28/><E28/><V83/><F133/><W93/><G93/><T130/><D130/><U85/><E85/><V9/><F79/><N who="3" m="46111" /><G71/><T13/><D13/><N who="1" m="9583" /><E49/><V58/><F70/><W107/><G68/><T26/><D26/><U106/><E106/><V78/><F78/><W43/><G107/><T57/><REACH who="0" step="1"/><D63/><AGARI ba="0,0" hai="56,59,63,66,69" m="9583,27722,42602" machi="63" ten="30,1000,0" yaku="14,1" doraHai="7" who="1" fromWho="0" sc="250,-10,250,10,250,0,250,0" /><INIT seed="1,0,0,2,2,60" ten="240,260,250,250" oya="1" hai0="80,30,27,117,39,122,88,35,102,5,28,81,100" hai1="42,53,47,108,46,76,16,124,8,85,57,111,84" hai2="15,38,13,61,75,87,50,40,56,115,118,19,69" hai3="7,0,131,71,55,89,9,45,10,34,92,62,4"/><U65/><E124/><V51/><F75/><W120/><G120/><T119/><D122/><U64/><E76/><V25/><F118/><W101/><G34/><T132/><D39/><U109/><E84/><V70/><F115/><W135/><G131/><T110/><D110/><U121/><E121/><V125/><F125/><W104/><G135/><T17/><D132/><U91/><E8/><V66/><F70/><W94/><G104/><T52/><D5/><U21/><E47/><V79/><F25/><W48/><G101/><T97/><D17/><U18/><E18/><V130/><F130/><W54/><G89/><T90/><D27/><N who="1" m="14759" /><E57/><V6/><F6/><N who="3" m="2091" /><G71/><T134/><D134/><U123/><E53/><V82/><F69/><W41/><G0/><T98/><D52/><N who="3" m="20009" /><G62/><T96/><D98/><U73/><E73/><V106/><F106/><W103/><G94/><T14/><D14/><U72/><E72/><V78/><F78/><W36/><G36/><T1/><D1/><U114/><E114/><V105/><F105/><W31/><G31/><T3/><D3/><U12/><E12/><V63/><F63/><W43/><G43/><T59/><D59/><U74/><E74/><V77/><F77/><W49/><G49/><T116/><D116/><U93/><E123/><V29/><F29/><W95/><G95/><T112/><D112/><U33/><E33/><AGARI ba="0,0" hai="28,30,33,35,80,81,88,90,96,97,100,102,117,119" machi="33" ten="25,3200,0" yaku="22,2,54,1" doraHai="60" who="0" fromWho="1" sc="240,32,260,-32,250,0,250,0" /><INIT seed="2,0,0,5,5,22" ten="272,228,250,250" oya="2" hai0="132,2,15,36,13,28,37,46,53,44,40,29,105" hai1="102,8,56,126,129,79,59,6,68,118,10,101,17" hai2="43,71,3,45,64,106,76,47,73,58,117,133,121" hai3="98,9,66,107,16,80,57,1,24,115,78,103,87"/><V131/><F121/><W96/><G115/><T38/><D2/><U104/><E68/><V42/><F3/><W82/><G98/><T18/><D105/><U113/><E113/><V23/><F117/><W122/><G122/><T63/><D132/><U84/><E118/><V32/><F32/><W75/><G1/><T119/><D119/><U70/><E70/><V21/><F106/><W69/><G69/><T48/><D63/><U39/><E39/><V41/><F71/><W135/><G135/><T54/><D13/><U62/><E126/><V77/><F133/><W114/><G114/><T11/><REACH who="0" step="1"/><D54/><REACH who="0" ten="262,228,250,250" step="2"/><U34/><E104/><V4/><F131/><W19/><G107/><T52/><D52/><U130/><E130/><V108/><F108/><W49/><G66/><T35/><D35/><U30/><E34/><V127/><F127/><W81/><G75/><T20/><D20/><N who="2" m="7754" /><F73/><W67/><G67/><T83/><D83/><U88/><E129/><V123/><F123/><W124/><G81/><T51/><AGARI ba="0,1" hai="11,15,18,28,29,36,37,38,40,44,46,48,51,53" machi="51" ten="40,2700,0" yaku="1,1,0,1,53,0" doraHai="22" doraHaiUra="109" who="0" fromWho="0" sc="262,37,228,-7,250,-13,250,-7" /><INIT seed="3,0,0,1,2,43" ten="299,221,237,243" oya="3" hai0="7,88,33,55,97,20,56,98,94,87,22,39,65" hai1="80,109,19,21,99,51,15,124,75,8,29,42,54" hai2="23,2,125,40,130,128,127,134,60,72,82,36,34" hai3="67,92,63,89,17,49,45,117,12,66,68,83,5"/><W10/><G117/><T50/><D33/><U110/><E42/><V121/><F34/><W112/><G112/><T26/><D39/><U52/><E124/><N who="2" m="47691" /><F2/><W74/><G67/><T102/><D7/><U59/><E99/><N who="0" m="37897" /><D102/><U64/><E64/><V73/><F121/><W119/><G119/><T105/><D105/><U18/><E29/><V96/><F60/><W79/><G5/><T0/><D0/><U35/><E35/><V37/><F96/><W14/><G14/><T32/><D32/><U78/><REACH who="1" step="1"/><E54/><REACH who="1" ten="299,211,237,243" step="2"/><V100/><F100/><W93/><G89/><T46/><D65/><U113/><E113/><V31/><F134/><W38/><G38/><N who="2" m="14953" /><F40/><AGARI ba="0,1" hai="10,12,17,40,45,49,63,66,68,74,79,83,92,93" machi="40" ten="30,2900,0" yaku="7,1,52,1" doraHai="43" who="3" fromWho="2" sc="299,0,211,0,237,-29,243,39" /><INIT seed="3,1,0,1,0,109" ten="299,211,208,282" oya="3" hai0="43,29,111,65,94,17,3,64,131,79,72,57,41" hai1="116,22,21,135,15,85,18,106,49,70,10,37,91" hai2="118,13,8,47,83,110,104,119,16,132,134,61,92" hai3="12,26,88,96,69,89,7,98,36,56,82,74,6"/><W25/><G69/><T9/><D111/><U93/><E37/><V1/><F104/><W39/><G74/><T11/><D72/><U86/><E106/><V58/><F110/><W97/><G39/><T99/><D79/><U128/><E135/><N who="2" m="51755" /><F1/><W101/><G36/><T35/><D35/><U52/><E128/><V122/><F122/><W50/><G101/><T4/><D29/><U5/><E70/><V112/><F83/><W68/><G68/><T59/><D131/><U115/><E115/><V33/><F33/><W24/><G12/><T60/><D17/><U105/><E105/><V84/><F47/><W108/><G108/><T73/><D73/><U66/><E66/><N who="2" m="39223" /><F112/><W55/><G82/><T124/><D124/><U129/><E129/><V48/><F48/><W123/><G123/><T87/><D3/><U76/><E116/><V103/><F84/><W40/><G40/><T81/><D43/><U53/><E53/><V78/><F78/><W113/><G113/><T107/><D41/><U67/><E67/><V62/><F62/><W28/><G28/><T100/><D107/><U121/><E121/><V45/><F45/><W54/><G54/><T30/><D65/><U46/><E5/><AGARI ba="1,0" hai="5,6,7,24,25,26,50,55,56,88,89,96,97,98" machi="5" ten="40,3900,0" yaku="8,1,54,1" doraHai="109" who="3" fromWho="1" sc="299,0,211,-42,208,0,282,42" owari="299,10.0,169,-33.0,208,-19.0,324,42.0" /></mjloggm>