<mjloggm ver="2.3"><GO type="185" lobby="0"/><UN n0="%E3%81%9F%E3%82%93%E3%82%86%E3%81%86" n1="%E8%99%B9%E9%87%8E%E3%82%86%E3%82%81" n2="%E5%A4%9A%E6%9E%97%E6%99%8B" n3="" dan="16,16,16,0" rate="2226.94,2150.05,2199.82,1500.00" sx="F,F,M,C"/><TAIKYOKU oya="0"/><INIT seed="0,0,0,1,0,72" ten="350,350,350,0" oya="0" hai0="79,53,35,38,73,46,43,57,133,61,129,75,128" hai1="47,102,32,85,34,92,71,67,116,51,81,39,36" hai2="123,90,49,77,55,0,59,132,88,82,93,114,84" hai3=""/><T99/><D35/><U108/><E116/><V44/><N who="2" m="31520" /><V65/><F0/><T119/><D119/><U121/><N who="1" m="31008" /><U83/><E108/><V95/><F114/><T98/><D133/><U87/><E67/><V109/><F109/><T1/><D1/><U40/><E71/><V68/><F68/><T48/><D98/><U74/><E74/><V70/><F70/><T2/><D99/><U69/><E69/><V105/><F105/><T135/><D2/><U125/><E125/><V89/><F132/><T118/><D118/><U96/><E36/><V106/><F106/><T42/><D135/><U126/><E126/><V101/><F101/><T120/><N who="0" m="30752" /><T104/><D104/><U50/><E39/><V115/><F115/><T131/><D75/><U122/><N who="1" m="31264" /><U103/><E103/><V113/><F113/><T76/><D73/><U37/><E32/><V41/><REACH who="2" step="1"/><F65/><REACH who="2" ten="350,350,340,0" step="2"/><T52/><REACH who="0" step="1"/><D43/><REACH who="0" ten="340,350,340,0" step="2"/><U64/><E34/><V33/><F33/><T66/><D66/><U80/><E64/><V107/><F107/><T63/><D63/><AGARI ba="0,2" hai="41,44,49,55,59,63,77,82,84,88,89,90,93,95" m="31520" machi="63" ten="40,12000,2" yaku="1,1,8,1,52,2,54,1,53,1" doraHai="72" doraHaiUra="54" who="2" fromWho="0" sc="340,-120,350,0,340,140,0,0" /><INIT seed="1,0,0,5,3,100" ten="220,350,480,0" oya="1" hai0="130,102,133,116,111,107,67,69,59,49,48,108,70" hai1="32,2,76,89,88,101,104,47,92,132,73,86,94" hai2="37,131,117,129,115,3,72,124,41,44,39,62,1" hai3=""/><U126/><E2/><V98/><F117/><T54/><D102/><U106/><E32/><V63/><F72/><T36/><D107/><N who="1" m="41003" /><E47/><V71/><F115/><T97/><D97/><U82/><E132/><V103/><F39/><T96/><D96/><U75/><E126/><V119/><F119/><T125/><D116/><U61/><E101/><V33/><F124/><T80/><D80/><U134/><E61/><V121/><N who="2" m="31008" /><V52/><F63/><T74/><D74/><N who="1" m="28171" /><E134/><V45/><F33/><T65/><D125/><U35/><E35/><V112/><F62/><T90/><D133/><U43/><E43/><V128/><F41/><T118/><D118/><U51/><E51/><V34/><F34/><T123/><N who="0" m="31520" /><T64/><D36/><U77/><E77/><V53/><F37/><T99/><D49/><U56/><E56/><V122/><F1/><T78/><D78/><U60/><E60/><V87/><F3/><T50/><D50/><U68/><E68/><V40/><F71/><T66/><D70/><U46/><E46/><V79/><F45/><T83/><D69/><U58/><E58/><V84/><F103/><T127/><D59/><U114/><E114/><V120/><N who="2" m="30752" /><V113/><N who="2" m="31264" /><V91/><F113/><RYUUKYOKU ba="0,0" sc="220,-10,350,20,480,-10,0,0" hai1="76,82,86,88,89,92,94" /><INIT seed="1,1,0,1,2,127" ten="210,370,470,0" oya="1" hai0="36,67,126,122,69,117,79,86,94,63,51,95,42" hai1="123,81,54,98,40,129,111,87,48,100,130,47,93" hai2="116,72,134,80,39,83,3,99,107,89,1,52,110" hai3=""/><U75/><N who="1" m="31520" /><U91/><E111/><V41/><F116/><T115/><N who="0" m="31264" /><T60/><D115/><U2/><E2/><V106/><F110/><T97/><D126/><U109/><E109/><V102/><F107/><T74/><D117/><U78/><REACH who="1" step="1"/><E40/><REACH who="1" ten="210,360,470,0" step="2"/><V34/><F1/><T88/><D36/><U124/><E124/><V77/><F3/><T121/><N who="0" m="31008" /><T38/><D38/><U131/><E131/><V49/><F41/><T92/><D74/><U103/><E103/><V105/><F39/><T101/><D79/><U120/><N who="1" m="30752" /><U128/><E128/><V44/><F77/><T50/><D42/><U118/><E118/><V90/><F72/><T132/><D132/><U82/><AGARI ba="1,1" hai="47,48,54,75,78,81,82,87,91,93,98,100,129,130" m="30752,31520" machi="82" ten="30,12000,2" yaku="1,1,0,1,52,4,53,0" doraHai="127" doraHaiUra="59" who="1" fromWho="1" sc="210,-61,360,132,470,-61,0,0" /><INIT seed="1,2,0,3,0,43" ten="149,492,409,0" oya="1" hai0="38,110,125,65,82,69,112,0,91,62,98,105,118" hai1="58,71,119,128,78,3,33,83,40,45,34,126,56" hai2="85,102,32,36,41,96,67,127,76,77,104,63,42" hai3=""/><U95/><E119/><V133/><F32/><T68/><D0/><U109/><E3/><V44/><F133/><T79/><D118/><U107/><E107/><V46/><F127/><T1/><D1/><U51/><E71/><V2/><F85/><T130/><D112/><U132/><E132/><V135/><F135/><T37/><D125/><U84/><E128/><V117/><F117/><T53/><D130/><U72/><E126/><V57/><F2/><T93/><D69/><U129/><E129/><V120/><N who="2" m="30752" /><V87/><F87/><T99/><D53/><U39/><E109/><V134/><F134/><T106/><D110/><U123/><N who="1" m="31520" /><U55/><REACH who="1" step="1"/><E58/><REACH who="1" ten="149,482,409,0" step="2"/><V90/><REACH who="2" step="1"/><F90/><AGARI ba="2,1" hai="33,34,39,40,45,51,55,56,72,78,83,84,90,95" m="31520" machi="90" ten="40,12000,1" yaku="1,1,2,1,52,2,53,1" doraHai="43" doraHaiUra="52" who="1" fromWho="2" sc="149,0,482,134,409,-124,0,0" /><INIT seed="1,3,0,4,0,99" ten="149,616,285,0" oya="1" hai0="103,93,38,89,86,57,118,98,121,90,3,128,52" hai1="100,45,69,2,109,84,123,64,48,41,95,36,61" hai2="110,129,33,34,55,62,70,76,43,39,47,35,73" hai3=""/><U37/><N who="1" m="31520" /><U130/><E2/><V75/><F129/><T40/><N who="0" m="31008" /><T0/><D128/><U91/><E130/><V72/><F110/><T124/><D118/><U102/><REACH who="1" step="1"/><E109/><REACH who="1" ten="149,606,285,0" step="2"/><V71/><F76/><T53/><D124/><U125/><E125/><V51/><REACH who="2" step="1"/><F62/><REACH who="2" ten="149,606,275,0" step="2"/><T1/><D1/><U104/><E104/><V79/><F79/><T78/><D3/><U74/><E74/><V58/><AGARI ba="3,2" hai="33,34,35,39,43,47,51,55,58,70,71,72,73,75" machi="58" ten="40,2000,0" yaku="1,1,0,1,53,0" doraHai="99" doraHaiUra="77" who="2" fromWho="2" sc="149,-10,606,-16,275,46,0,0" /><INIT seed="2,0,0,4,0,101" ten="139,590,321,0" oya="2" hai0="102,2,99,50,36,42,79,135,40,46,83,111,103" hai1="131,125,72,109,48,129,52,87,64,134,34,78,94" hai2="97,39,88,60,105,107,53,43,123,49,84,98,81" hai3=""/><V120/><N who="2" m="30752" /><V119/><N who="2" m="31520" /><V35/><F35/><T67/><D2/><U126/><E34/><V75/><F119/><T66/><D135/><U108/><E64/><V54/><F75/><T114/><D114/><U51/><E51/><V76/><F76/><T1/><D1/><U113/><E113/><V89/><F39/><T96/><D111/><N who="1" m="42571" /><E72/><V71/><F43/><T58/><D42/><U100/><E134/><V115/><F115/><T130/><D58/><U106/><E106/><V37/><F37/><T118/><D36/><U128/><E100/><V44/><F71/><T133/><D118/><U92/><E78/><V45/><F60/><T3/><D3/><U104/><E104/><V38/><F38/><T69/><D69/><U70/><E70/><V47/><F54/><T95/><D133/><U65/><E65/><V86/><F107/><T74/><D67/><U117/><E117/><V91/><F105/><T124/><D66/><U68/><E68/><V127/><F127/><T93/><D124/><U41/><E41/><V90/><REACH who="2" step="1"/><F86/><REACH who="2" ten="139,590,311,0" step="2"/><T0/><D0/><U82/><E126/><V56/><AGARI ba="0,1" hai="44,45,47,49,53,56,81,84,88,89,90,91,97,98" m="31520,30752" machi="56" ten="30,12000,2" yaku="1,1,2,1,0,1,8,1,52,2,54,1,53,0" doraHai="101" doraHaiUra="61" who="2" fromWho="2" sc="139,-60,590,-60,311,130,0,0" /><INIT seed="2,1,0,0,3,124" ten="79,530,441,0" oya="2" hai0="38,116,100,95,103,125,41,58,83,73,98,82,44" hai1="2,56,111,134,74,106,37,122,105,39,126,72,77" hai2="3,62,113,34,135,0,65,92,84,57,119,63,87" hai3=""/><V94/><F34/><T78/><D125/><U75/><N who="1" m="31264" /><U120/><N who="1" m="30752" /><U55/><E126/><V1/><F119/><T81/><D116/><U93/><E2/><V61/><F113/><T86/><D103/><U67/><E77/><V69/><F135/><T32/><D32/><U118/><E118/><V97/><F63/><T115/><D115/><U129/><E67/><V85/><REACH who="2" step="1"/><F97/><REACH who="2" ten="79,530,431,0" step="2"/><T43/><D43/><U53/><E134/><V107/><F107/><T108/><D108/><U76/><E111/><V117/><F117/><T132/><D132/><U123/><E123/><V33/><F33/><T88/><D58/><U48/><E106/><AGARI ba="1,1" hai="38,41,44,73,78,81,82,83,86,88,95,98,100,106" machi="106" ten="30,7700,0" yaku="7,1,24,2,54,1" doraHai="124" who="0" fromWho="1" sc="79,89,530,-79,431,0,0,0" /><INIT seed="4,0,0,2,3,132" ten="168,451,431,0" oya="0" hai0="66,121,49,83,93,47,113,130,102,89,106,50,105" hai1="112,129,41,110,34,76,72,126,68,79,134,120,125" hai2="107,90,85,97,59,36,116,64,77,123,124,118,57" hai3=""/><T35/><N who="0" m="31008" /><T75/><D35/><U65/><N who="1" m="30752" /><U0/><E110/><V69/><N who="2" m="31520" /><V114/><F36/><T135/><D135/><U46/><E0/><V95/><F114/><T71/><D113/><U92/><E134/><V61/><F124/><N who="1" m="47721" /><E112/><V67/><F64/><T45/><D130/><U117/><E117/><N who="2" m="45163" /><F77/><T96/><D66/><U86/><E72/><V91/><F107/><T127/><D71/><U94/><E129/><V80/><AGARI ba="0,0" hai="57,59,61,67,69,80,85,90,91,95,97" m="45163,31520" machi="80" ten="30,1500,0" yaku="12,1,52,1" doraHai="132" who="2" fromWho="2" sc="168,-10,451,-5,431,15,0,0" /><INIT seed="5,0,0,3,4,59" ten="158,446,446,0" oya="1" hai0="56,116,51,132,58,1,55,62,45,112,92,48,86" hai1="120,75,70,129,117,109,93,100,80,125,110,47,74" hai2="105,43,128,115,87,3,84,64,40,42,32,52,101" hai3=""/><U103/><N who="1" m="30752" /><U90/><E70/><V57/><F32/><T94/><D1/><U89/><E47/><V49/><F3/><T61/><D112/><U85/><E117/><V106/><F115/><T135/><D86/><U124/><E129/><V107/><F128/><T130/><D130/><U36/><E36/><V67/><F101/><N who="1" m="38985" /><E74/><V38/><F38/><T133/><D116/><U60/><E60/><V131/><F131/><T104/><D104/><U79/><E89/><V102/><F102/><T118/><D118/><U96/><E75/><V33/><F33/><T53/><REACH who="0" step="1"/><D51/><REACH who="0" ten="148,446,446,0" step="2"/><U66/><E85/><V69/><F87/><T82/><D82/><U99/><E80/><V46/><F84/><T73/><D73/><U95/><E96/><V126/><F105/><T76/><D76/><U77/><E77/><V65/><F106/><T127/><D127/><U111/><E79/><V88/><F126/><T37/><D37/><U54/><E125/><V63/><F107/><T50/><D50/><U123/><E124/><V81/><F81/><T34/><D34/><U121/><E99/><V2/><F2/><T44/><D44/><U0/><E0/><V108/><F46/><T83/><D83/><U113/><E123/><V68/><F49/><RYUUKYOKU ba="0,1" sc="148,20,446,-10,446,-10,0,0" hai0="45,48,53,55,56,58,61,62,92,94,132,133,135" /><INIT seed="6,1,1,3,2,103" ten="168,436,436,0" oya="2" hai0="110,53,128,52,89,88,86,39,118,60,44,131,66" hai1="78,114,32,68,61,77,35,93,82,104,121,56,57" hai2="107,38,47,46,80,116,123,97,63,71,100,75,117" hai3=""/><V73/><N who="2" m="31520" /><V87/><F46/><T58/><D89/><U1/><N who="1" m="31008" /><U109/><E109/><V99/><F97/><T64/><D88/><U91/><E1/><V111/><F111/><T108/><D86/><U133/><E104/><V135/><F135/><T101/><D101/><U98/><E133/><V74/><F71/><T115/><D118/><U84/><E77/><V106/><F63/><T45/><D60/><U33/><REACH who="1" step="1"/><E114/><REACH who="1" ten="168,426,436,0" step="2"/><V90/><REACH who="2" step="1"/><F106/><REACH who="2" ten="168,426,426,0" step="2"/><T95/><D95/><U124/><E124/><V51/><F51/><T96/><D96/><U42/><E42/><AGARI ba="1,3" hai="38,42,47,73,74,75,80,87,90,99,100,107,116,117" m="31520" machi="42" ten="40,12000,1" yaku="1,1,52,2,53,1" doraHai="103" doraHaiUra="102" who="2" fromWho="1" sc="168,0,426,-122,426,152,0,0" owari="168,-43.0,304,-10.0,578,53.0,0,0.0" /></mjloggm>