<mjloggm ver="2.3"><GO type="169" lobby="0"/><UN n0="%E3%83%AB%E3%82%A2%E3%82%B4%E3%82%A4%E3%83%95" n1="%E5%A4%AA%E3%81%8F%E3%81%AA%E3%81%84%E3%81%8A" n2="%E5%8F%A4%E6%9C%AC" n3="%E3%82%A4%E3%83%B3%E3%83%87%E3%82%A3%E3%82%B4%E3%83%96%E3%83%AB%E3%83%BC" dan="17,20,16,16" rate="2092.10,2239.46,2044.63,2134.00" sx="M,M,M,M"/><TAIKYOKU oya="0"/><INIT seed="0,0,0,3,0,11" ten="250,250,250,250" oya="0" hai0="69,97,33,61,32,115,128,120,45,123,83,7,96" hai1="57,49,129,39,22,103,37,51,2,4,114,24,66" hai2="70,98,75,43,84,41,132,56,100,35,28,85,107" hai3="5,77,67,71,91,54,13,1,38,12,79,109,111"/><T34/><D115/><U50/><E114/><V118/><F75/><W116/><G116/><T44/><D128/><U102/><E129/><V81/><F118/><W0/><G38/><T94/><D7/><U30/><E2/><N who="3" m="1130" /><G5/><T68/><D83/><U113/><E113/><V10/><F132/><W133/><G91/><T88/><D97/><U25/><E4/><V110/><F10/><W108/><G54/><T78/><D78/><N who="3" m="29705" /><G133/><T55/><D55/><U80/><E80/><V18/><F70/><W130/><G130/><T31/><D31/><U127/><E37/><V26/><F110/><W73/><G73/><T52/><D61/><AGARI ba="0,0" hai="12,13,61,67,71,108,109,111" m="29705,1130" machi="61" ten="40,5200,0" yaku="14,1,52,2" doraHai="11" who="3" fromWho="0" sc="250,-52,250,0,250,0,250,52" /><INIT seed="1,0,0,0,0,83" ten="198,250,250,302" oya="1" hai0="25,86,124,115,70,78,116,23,48,120,91,71,17" hai1="127,46,7,72,129,87,66,3,9,63,130,82,65" hai2="105,99,80,16,6,108,39,29,60,135,41,4,77" hai3="51,12,67,113,88,94,54,38,97,5,56,114,95"/><U49/><E72/><V104/><F29/><W53/><G38/><T37/><D115/><U32/><E32/><V35/><F35/><W126/><G126/><T121/><D116/><U102/><E102/><V112/><F112/><W101/><G67/><T90/><D37/><U74/><E74/><V8/><F135/><W30/><G30/><T59/><D124/><U100/><E100/><V14/><F108/><W40/><G54/><N who="0" m="32199" /><D78/><U26/><E26/><V1/><F6/><W68/><G68/><T43/><D43/><U64/><E127/><V134/><F99/><W89/><G101/><T84/><D90/><U79/><REACH who="1" step="1"/><E63/><REACH who="1" ten="198,240,250,302" step="2"/><V36/><F60/><W21/><G113/><T22/><D25/><U20/><E20/><V109/><F134/><W28/><G21/><T45/><D23/><U123/><E123/><V98/><F105/><W34/><G34/><T10/><D22/><U76/><E76/><V55/><F77/><W131/><G114/><T81/><D120/><U15/><E15/><V47/><F14/><W128/><G28/><T13/><D121/><U42/><AGARI ba="0,1" hai="3,7,9,42,46,49,64,65,66,79,82,87,129,130" machi="42" ten="30,6000,0" yaku="1,1,0,1,52,1,53,0" doraHai="83" doraHaiUra="50" who="1" fromWho="1" sc="198,-20,240,70,250,-20,302,-20" /><INIT seed="1,1,0,0,2,81" ten="178,310,230,282" oya="1" hai0="128,130,42,103,97,134,16,19,89,87,75,64,71" hai1="112,69,36,86,47,15,9,7,93,41,118,3,6" hai2="35,70,57,10,120,84,131,58,45,38,132,116,25" hai3="66,85,49,77,92,129,48,32,27,62,79,53,8"/><U5/><E112/><V122/><F116/><W40/><G129/><N who="0" m="49771" /><D75/><U102/><E118/><V108/><F131/><W98/><G8/><T24/><D42/><U59/><E69/><V51/><F70/><W29/><G79/><T4/><D4/><U105/><E3/><V46/><F38/><W113/><G40/><T88/><D134/><U54/><E105/><V80/><F132/><W73/><G73/><T74/><D74/><U26/><E26/><V17/><F108/><W61/><G113/><T96/><D89/><U91/><REACH who="1" step="1"/><E102/><REACH who="1" ten="178,300,230,282" step="2"/><V28/><F25/><W22/><G27/><T55/><D103/><U109/><E109/><V31/><F122/><W104/><G104/><T127/><D127/><U65/><E65/><V44/><F120/><W110/><G66/><T60/><D55/><U114/><E114/><V101/><F101/><W124/><G53/><T72/><D72/><U78/><E78/><V107/><F107/><W100/><G77/><T82/><D24/><U126/><E126/><V106/><F106/><W33/><G124/><T43/><D43/><U23/><E23/><V56/><F35/><W133/><G33/><T67/><D64/><U50/><AGARI ba="1,1" hai="5,6,7,9,15,36,41,47,50,54,59,86,91,93" machi="50" ten="20,12000,1" yaku="1,1,0,1,7,1,52,1,53,1" doraHai="81" doraHaiUra="68" who="1" fromWho="1" sc="178,-41,300,133,230,-41,282,-41" /><INIT seed="1,2,0,3,0,82" ten="137,433,189,241" oya="1" hai0="99,107,48,55,130,94,21,53,125,118,7,103,11" hai1="111,34,29,73,61,96,123,35,65,90,30,119,91" hai2="87,98,60,132,117,88,6,38,131,1,13,39,81" hai3="20,120,102,77,72,105,128,15,2,135,129,116,97"/><U52/><E119/><V114/><F117/><W106/><G2/><T85/><D118/><U58/><E123/><V122/><F122/><W124/><G120/><T100/><D130/><N who="3" m="50281" /><G116/><T12/><D125/><U36/><E73/><V51/><F1/><W56/><G56/><T74/><D74/><U115/><E115/><V69/><F114/><W95/><G20/><T127/><D127/><U22/><E36/><V5/><F132/><W86/><G15/><T47/><D21/><U28/><E111/><V16/><F131/><W104/><G135/><T126/><D126/><U43/><E43/><V54/><F98/><W78/><G124/><T75/><D75/><U79/><E22/><V41/><F41/><W10/><G10/><T27/><D27/><U8/><E8/><N who="2" m="6183" /><F39/><W57/><G57/><T37/><D37/><U68/><E96/><V50/><F38/><W93/><G72/><T108/><D108/><U44/><E58/><N who="2" m="34903" /><F69/><W70/><G70/><T33/><D33/><U24/><E34/><V18/><F18/><W109/><G109/><T14/><D7/><AGARI ba="2,0" hai="5,6,7,50,51,81,87,88" m="34903,6183" machi="7" ten="30,7700,0" yaku="8,1,52,1,54,2" doraHai="82" who="2" fromWho="0" sc="137,-83,433,0,189,83,241,0" /><INIT seed="2,0,0,0,5,111" ten="54,433,272,241" oya="2" hai0="104,77,116,114,90,42,51,72,108,79,33,63,120" hai1="127,12,48,96,94,98,124,4,134,31,47,29,67" hai2="13,41,32,119,118,35,24,39,95,109,3,68,84" hai3="93,117,92,11,113,53,86,25,57,2,125,102,70"/><V1/><F68/><W123/><G117/><T110/><D120/><U54/><E67/><V133/><F109/><N who="0" m="42090" /><D116/><U6/><E134/><V135/><F13/><W74/><G125/><N who="1" m="48202" /><E98/><V130/><F130/><W73/><G123/><T106/><D33/><N who="2" m="12874" /><F24/><W58/><G25/><T69/><D42/><U60/><E60/><V17/><F17/><W107/><G107/><N who="0" m="41003" /><D51/><U50/><E50/><V89/><F41/><W52/><G11/><T76/><D63/><U10/><E4/><V103/><F103/><AGARI ba="0,0" hai="6,10,12,29,31,47,48,54,94,96,103" m="48202" machi="103" ten="30,1000,0" yaku="18,1" doraHai="111" who="1" fromWho="2" sc="54,0,433,10,272,-10,241,0" /><INIT seed="3,0,0,1,3,65" ten="54,443,262,241" oya="3" hai0="108,14,36,133,21,115,126,31,59,98,75,17,20" hai1="0,95,50,9,11,73,54,90,44,3,45,123,42" hai2="4,109,52,68,40,132,81,29,121,23,78,113,10" hai3="119,39,27,55,94,86,77,67,93,62,104,127,103"/><W35/><G119/><T135/><D75/><U118/><E123/><V18/><F109/><W15/><G39/><T13/><D36/><U60/><E73/><V12/><F121/><W70/><G15/><T111/><D98/><U92/><E118/><V76/><F113/><W30/><G55/><T46/><D46/><U63/><E54/><V80/><F68/><W57/><G57/><T5/><D59/><U7/><E45/><V58/><F40/><W25/><G25/><T83/><D83/><N who="2" m="31818" /><F29/><W97/><G127/><T28/><D126/><U66/><E90/><V16/><F132/><N who="0" m="50762" /><D115/><U117/><E117/><V51/><F4/><W106/><G106/><T24/><D28/><U89/><E89/><V91/><F91/><N who="3" m="53495" /><G94/><T19/><D5/><U56/><E63/><V112/><F112/><W107/><G107/><T102/><D102/><U34/><E34/><AGARI ba="0,0" hai="13,14,17,19,20,21,24,31,34,108,111" m="50762" machi="34" ten="30,3900,0" yaku="20,1,34,2" doraHai="65" who="0" fromWho="1" sc="54,39,443,-39,262,0,241,0" /><INIT seed="4,0,0,3,0,42" ten="93,404,262,241" oya="0" hai0="45,64,47,59,70,49,107,108,127,115,1,93,43" hai1="87,16,78,69,22,125,71,67,58,99,84,54,60" hai2="41,88,4,50,38,103,53,68,76,37,113,32,72" hai3="134,101,90,100,63,24,98,130,122,3,65,51,35"/><T123/><D115/><U2/><E2/><V27/><F68/><W39/><G39/><T17/><D107/><U81/><E125/><V124/><F4/><W26/><G3/><T11/><D123/><U25/><E99/><V0/><F0/><W131/><G134/><T114/><D114/><U18/><E18/><V19/><F113/><W129/><G51/><T92/><D127/><U121/><E121/><V12/><F103/><N who="3" m="39499" /><G35/><T83/><D108/><U73/><REACH who="1" step="1"/><E71/><REACH who="1" ten="93,394,262,241" step="2"/><V126/><F124/><W133/><G122/><T85/><D70/><U48/><AGARI ba="0,1" hai="16,22,25,48,54,58,60,67,69,73,78,81,84,87" machi="48" ten="20,12000,2" yaku="1,1,2,1,0,1,7,1,54,1,53,1" doraHai="42" doraHaiUra="74" who="1" fromWho="1" sc="93,-60,394,130,262,-30,241,-30" /><INIT seed="5,0,0,2,1,64" ten="33,524,232,211" oya="1" hai0="0,62,112,40,92,81,80,120,69,131,59,114,27" hai1="31,1,9,99,17,89,11,111,129,33,30,73,43" hai2="29,115,75,10,66,61,23,3,117,122,108,123,79" hai3="20,24,113,125,25,109,7,37,53,45,48,16,102"/><U68/><E73/><V50/><F50/><W21/><G109/><T101/><D131/><U65/><E43/><V116/><F79/><W74/><G113/><T84/><D120/><U2/><E65/><V52/><F75/><W107/><G125/><T135/><D135/><U49/><E99/><V96/><F96/><W119/><G119/><T118/><D118/><U90/><E17/><V22/><F29/><W57/><G7/><T46/><D0/><U76/><E49/><V8/><F66/><W19/><G74/><T88/><D27/><U132/><E76/><V70/><F3/><W128/><G128/><T105/><D105/><U87/><E87/><V63/><F52/><W98/><REACH who="3" step="1"/><G37/><REACH who="3" ten="33,524,232,201" step="2"/><T38/><D69/><U5/><E68/><V78/><F70/><W32/><G32/><T83/><REACH who="0" step="1"/><D101/><REACH who="0" ten="23,524,232,201" step="2"/><U58/><E129/><V86/><F123/><W56/><AGARI ba="0,2" hai="16,19,20,21,24,25,45,48,53,56,57,98,102,107" machi="56" ten="30,7900,0" yaku="1,1,0,1,9,1,54,1,53,0" doraHai="64" doraHaiUra="127" who="3" fromWho="3" sc="23,-20,524,-39,232,-20,201,99" /><INIT seed="6,0,0,5,3,75" ten="3,485,212,300" oya="2" hai0="11,57,20,66,40,78,69,129,22,65,21,132,15" hai1="100,79,4,107,115,26,134,2,117,113,63,112,86" hai2="17,61,72,70,0,51,128,111,109,54,58,131,38" hai3="95,130,64,14,12,33,62,101,59,36,120,127,98"/><V91/><F72/><W31/><G120/><T106/><D132/><U68/><E117/><V103/><F103/><W23/><G127/><T114/><D114/><U18/><E134/><V90/><F0/><W24/><G130/><N who="2" m="49705" /><F17/><W39/><REACH who="3" step="1"/><G33/><REACH who="3" ten="3,485,212,290" step="2"/><T108/><D129/><U88/><E113/><V1/><F1/><W99/><G99/><T28/><D108/><N who="2" m="41546" /><F38/><AGARI ba="0,1" hai="12,14,23,24,31,36,38,39,59,62,64,95,98,101" machi="38" ten="40,5200,0" yaku="1,1,25,2,53,0" doraHai="75" doraHaiUra="82" who="3" fromWho="2" sc="3,0,485,0,212,-52,290,62" /><INIT seed="7,0,0,5,1,84" ten="3,485,160,352" oya="3" hai0="9,63,92,6,135,37,24,14,82,67,79,97,88" hai1="42,40,90,103,108,56,43,117,68,111,131,11,85" hai2="46,74,102,106,120,5,34,129,13,133,29,55,116" hai3="100,47,69,51,53,7,23,17,18,114,70,25,75"/><W89/><G114/><T62/><D135/><U31/><E68/><V28/><F55/><W83/><G75/><T134/><D134/><U52/><E103/><V32/><F46/><W44/><G7/><T72/><D37/><U73/><E73/><V36/><F13/><W61/><G100/><T48/><D67/><U64/><E64/><V126/><F28/><W76/><G76/><T50/><D50/><U104/><E104/><V81/><F29/><W22/><G61/><T45/><D24/><U59/><E131/><V127/><F5/><W58/><G69/><T95/><D95/><U123/><E123/><V132/><F81/><W38/><G70/><T30/><D30/><U35/><E117/><V2/><F102/><W3/><G3/><T119/><D119/><U8/><E59/><V1/><F126/><W101/><G38/><T21/><D21/><U99/><E99/><V27/><F27/><N who="3" m="14839" /><G101/><T49/><D49/><U115/><E115/><V71/><F2/><W112/><G112/><T124/><D124/><U109/><E31/><V65/><F65/><W26/><G26/><T15/><D15/><U33/><E33/><V125/><F125/><W16/><G17/><T12/><D12/><U91/><E35/><V87/><F133/><W94/><G83/><T86/><D72/><U66/><E66/><V96/><F96/><AGARI ba="0,0" hai="16,22,25,44,47,51,53,58,89,94,96" m="14839" machi="96" ten="30,5800,0" yaku="8,1,52,1,54,1" doraHai="84" who="3" fromWho="2" sc="3,0,485,0,160,-58,352,58" /><INIT seed="7,1,0,3,1,104" ten="3,485,102,410" oya="3" hai0="19,8,89,103,110,134,12,135,108,23,88,49,100" hai1="24,132,29,37,96,60,61,112,56,4,93,40,131" hai2="118,58,78,101,102,63,18,123,6,95,77,70,36" hai3="82,28,53,86,87,76,59,99,54,113,44,16,91"/><W3/><G113/><T57/><D108/><U68/><E112/><V84/><F118/><W133/><G133/><T65/><D110/><U13/><E132/><V7/><F70/><W55/><G3/><T111/><D111/><U26/><E131/><V74/><F36/><W45/><G28/><T94/><D135/><U73/><E73/><V41/><F74/><W50/><G99/><T126/><D126/><U72/><E72/><V38/><F41/><W14/><G59/><T31/><D134/><U17/><E4/><N who="2" m="1579" /><F38/><W66/><G66/><T67/><D67/><U32/><E26/><V75/><F75/><W47/><G47/><T120/><D120/><U35/><E35/><V122/><F123/><W80/><REACH who="3" step="1"/><G45/><REACH who="3" ten="3,485,102,400" step="2"/><T106/><D106/><U27/><E56/><V127/><F58/><W43/><G43/><T98/><D100/><U128/><E40/><V30/><F102/><W2/><G2/><T124/><D124/><U71/><E29/><V52/><F101/><W64/><G64/><T20/><D20/><AGARI ba="1,1" hai="14,16,20,44,50,53,54,55,76,80,82,86,87,91" machi="20" ten="30,11600,0" yaku="1,1,7,1,8,1,54,1,53,0" doraHai="104" doraHaiUra="92" who="3" fromWho="0" sc="3,-119,485,0,102,0,400,129" owari="-116,-62.0,485,29.0,102,-30.0,529,63.0" /></mjloggm>