<mjloggm ver="2.3"><GO type="169" lobby="0"/><UN n0="%E3%81%8F%E3%81%85%E3%81%A1%E3%82%83%E3%82%93%EF%BC%A0%50%45" n1="%4C%69%53%41" n2="%E7%9F%B3%E5%A1%9A" n3="%E5%B0%8F%E6%89%8B%E8%BF%94%E6%92%B2%E6%BB%85%E4%BC%9A%E9%95%B7" dan="16,16,16,17" rate="2180.03,2167.69,2095.01,2158.47" sx="M,F,M,F"/><TAIKYOKU oya="0"/><INIT seed="0,0,0,2,1,17" ten="250,250,250,250" oya="0" hai0="117,40,115,100,10,0,73,109,25,88,63,51,83" hai1="36,112,97,57,86,130,105,114,8,33,50,44,128" hai2="39,6,84,56,4,2,101,90,37,60,9,58,135" hai3="78,34,103,19,53,66,102,76,123,48,28,5,74"/><T65/><D115/><N who="1" m="44075" /><E33/><V113/><F113/><W1/><G66/><T125/><D117/><U11/><E36/><V77/><F135/><W104/><G28/><T108/><D125/><U61/><E86/><V23/><F101/><W127/><G34/><T92/><D25/><U98/><E11/><V62/><F77/><W29/><G29/><T15/><D0/><U118/><E8/><V55/><F4/><W21/><G123/><T22/><D22/><U122/><E105/><V16/><F90/><W99/><G103/><T132/><D132/><U94/><E94/><V119/><F119/><W45/><G127/><T131/><D131/><N who="1" m="50219" /><E118/><V13/><F84/><W42/><G5/><T129/><D129/><U111/><E122/><V46/><F46/><W134/><G1/><T18/><D100/><U85/><E85/><V110/><F110/><N who="0" m="42602" /><D83/><U35/><E35/><V79/><F79/><W93/><G134/><T72/><D40/><N who="1" m="24839" /><E111/><V59/><REACH who="2" step="1"/><F58/><REACH who="2" ten="250,250,240,250" step="2"/><W26/><G78/><T14/><D73/><U64/><AGARI ba="0,1" hai="57,61,64,97,98" m="24839,50219,44075" machi="64" ten="30,2000,0" yaku="11,1,19,1" doraHai="17" who="1" fromWho="1" sc="250,-10,250,30,240,-5,250,-5" /><INIT seed="1,0,0,1,5,32" ten="240,280,235,245" oya="1" hai0="37,123,64,29,52,70,26,101,121,51,84,103,1" hai1="109,97,63,130,5,12,115,68,39,17,67,94,120" hai2="102,44,41,108,20,126,7,55,129,40,78,131,38" hai3="3,49,15,43,24,23,90,80,46,30,45,89,66"/><U76/><E120/><N who="0" m="46153" /><D37/><U57/><E115/><V127/><F102/><W9/><G66/><T81/><D1/><U134/><E130/><V133/><F108/><W96/><G3/><T56/><D64/><U116/><E116/><V92/><F92/><W118/><G118/><T122/><N who="0" m="46161" /><T75/><DORA hai="107" /><D75/><U88/><E109/><V53/><F20/><W27/><G27/><T71/><D103/><U59/><E134/><V93/><F93/><W19/><G96/><T28/><D101/><U35/><E35/><V98/><F78/><W111/><G111/><T31/><D26/><U100/><E39/><N who="2" m="21535" /><F7/><W2/><G2/><T54/><D54/><N who="2" m="20490" /><F98/><W62/><G62/><T104/><D104/><U6/><E76/><AGARI ba="0,0" hai="28,29,31,51,52,56,70,71,76,81,84" m="46161" machi="76" ten="40,2600,0" yaku="13,1,54,1" doraHai="32,107" who="0" fromWho="1" sc="240,26,280,-26,235,0,245,0" /><INIT seed="2,0,0,5,5,127" ten="266,254,235,245" oya="2" hai0="31,52,42,117,119,44,15,33,69,41,51,35,46" hai1="83,76,21,77,101,73,129,88,97,7,124,48,130" hai2="102,114,3,96,87,104,49,134,118,112,110,10,75" hai3="50,40,6,26,55,2,115,12,9,22,113,34,89"/><V84/><F49/><W74/><G40/><T71/><D31/><U111/><E124/><V133/><F10/><W43/><G43/><N who="0" m="16395" /><D15/><U70/><E70/><N who="0" m="26633" /><D33/><U14/><E48/><V128/><F3/><W36/><G36/><T27/><D27/><U57/><E57/><V78/><F75/><W30/><G74/><T123/><D35/><U38/><E38/><V99/><F102/><W58/><REACH who="3" step="1"/><G89/><REACH who="3" ten="266,254,235,235" step="2"/><T19/><D123/><U24/><E77/><V66/><F78/><W95/><G95/><T68/><D68/><U63/><E88/><V65/><F104/><W92/><G92/><T62/><D117/><U39/><E39/><V94/><F94/><W5/><G5/><T103/><D119/><U11/><E111/><V23/><F118/><W126/><G126/><T47/><D103/><U100/><E100/><V17/><F110/><W135/><G135/><T107/><D107/><U8/><E101/><V125/><F125/><W0/><G0/><T4/><D4/><U80/><E80/><V53/><F134/><W13/><G13/><T81/><D81/><U98/><E14/><V93/><F93/><W60/><G60/><T116/><D116/><U79/><E63/><V91/><F133/><W16/><AGARI ba="0,1" hai="2,6,9,12,16,22,26,30,34,50,55,58,113,115" machi="16" ten="30,8000,1" yaku="1,1,0,1,24,2,54,1,53,0" doraHai="127" doraHaiUra="72" who="3" fromWho="3" sc="266,-20,254,-20,235,-40,235,90" /><INIT seed="3,0,0,3,3,135" ten="246,234,195,325" oya="3" hai0="91,98,20,80,132,4,33,95,76,46,19,113,38" hai1="35,43,93,32,115,58,10,116,124,107,44,34,86" hai2="102,22,85,16,123,2,109,106,126,99,12,120,66" hai3="100,40,52,133,108,70,63,27,13,79,3,6,65"/><W23/><G133/><T39/><D132/><U28/><E115/><V82/><F2/><W75/><G3/><T112/><D33/><U101/><E107/><V59/><F109/><W7/><G40/><T47/><D4/><U60/><E10/><V131/><F131/><W62/><G108/><T45/><D39/><U104/><E104/><V50/><F126/><W94/><G79/><T57/><D57/><U26/><E116/><V127/><F127/><W8/><G75/><T110/><D38/><U78/><E124/><V92/><F106/><W117/><G117/><T97/><D97/><U48/><E101/><V121/><F66/><W24/><G6/><T130/><D130/><U87/><E87/><V103/><F102/><W53/><G63/><T71/><D71/><U36/><E36/><V118/><F118/><W54/><REACH who="3" step="1"/><G23/><REACH who="3" ten="246,234,195,315" step="2"/><T72/><REACH who="0" step="1"/><D110/><REACH who="0" ten="236,234,195,315" step="2"/><U67/><E35/><V125/><F125/><W25/><G25/><AGARI ba="0,2" hai="19,20,25,45,46,47,72,76,80,91,95,98,112,113" machi="25" ten="40,2600,0" yaku="1,1,2,1,53,0" doraHai="135" doraHaiUra="69" who="0" fromWho="3" sc="236,46,234,0,195,0,315,-26" /><INIT seed="4,0,0,4,1,44" ten="282,234,195,289" oya="0" hai0="41,120,93,2,9,23,58,92,128,88,10,14,61" hai1="11,118,32,66,55,117,121,39,17,19,50,27,83" hai2="105,49,16,131,95,84,54,122,22,36,101,87,133" hai3="89,94,24,135,82,80,70,40,116,81,67,65,13"/><T124/><D120/><U25/><E121/><V107/><F36/><W53/><G116/><T103/><D128/><U43/><E66/><V63/><F122/><W79/><G135/><T28/><D124/><U21/><E43/><V72/><F72/><W74/><G40/><T130/><D130/><U96/><E39/><V110/><F110/><W76/><G24/><N who="0" m="16415" /><D2/><U31/><E96/><V129/><F129/><W78/><G74/><T48/><D103/><U18/><E83/><V34/><F34/><W134/><G70/><T99/><D93/><U106/><E106/><V73/><F73/><W85/><G134/><T123/><D123/><U46/><REACH who="1" step="1"/><E11/><REACH who="1" ten="282,224,195,289" step="2"/><V126/><F131/><W108/><G108/><T62/><D10/><U4/><E4/><V45/><F133/><W86/><G86/><T5/><D41/><U114/><E114/><V100/><F126/><W56/><REACH who="3" step="1"/><G13/><REACH who="3" ten="282,224,195,279" step="2"/><T132/><D132/><U104/><E104/><V59/><F107/><W35/><G35/><T60/><D48/><AGARI ba="0,2" hai="48,53,56,65,67,76,78,79,80,81,82,85,89,94" machi="48" ten="40,5200,0" yaku="1,1,8,1,52,1,53,0" doraHai="44" doraHaiUra="8" who="3" fromWho="0" sc="282,-52,224,0,195,0,279,72" /><INIT seed="5,0,0,5,1,12" ten="230,224,195,351" oya="1" hai0="89,66,35,90,87,64,40,98,44,52,126,124,60" hai1="111,121,117,67,59,43,100,48,62,86,99,45,123" hai2="51,107,11,39,104,91,93,69,42,71,120,113,92" hai3="1,7,115,34,65,103,85,122,9,41,61,0,21"/><U30/><E117/><V79/><F120/><W82/><G122/><T5/><D35/><U114/><E114/><V10/><F39/><W16/><G34/><T119/><D119/><U3/><E111/><V81/><F113/><W125/><G125/><N who="0" m="48235" /><D5/><U13/><E3/><V128/><F128/><W77/><G41/><T47/><D98/><U24/><E13/><V73/><F51/><W55/><G55/><T15/><D15/><U134/><E86/><V26/><F42/><W4/><G103/><T22/><D22/><U112/><E112/><V106/><F26/><W2/><G7/><T49/><D87/><U76/><E76/><V78/><F91/><N who="0" m="34826" /><D60/><U88/><E88/><V97/><F97/><W70/><G115/><T27/><D27/><AGARI ba="0,0" hai="0,1,2,4,9,16,21,27,61,65,70,77,82,85" machi="27" ten="30,3900,0" yaku="7,1,52,1,54,1" doraHai="12" who="3" fromWho="0" sc="230,-39,224,0,195,0,351,39" /><INIT seed="6,0,0,0,4,125" ten="191,224,195,390" oya="2" hai0="74,14,76,96,47,127,97,32,20,61,43,91,113" hai1="11,110,115,41,99,26,135,104,48,3,55,92,35" hai2="93,45,17,116,23,84,70,72,30,54,69,65,77" hai3="102,6,87,66,51,132,37,79,88,28,50,57,112"/><V103/><F116/><W16/><G37/><T78/><D32/><U13/><E110/><V12/><F72/><W89/><G28/><T38/><D113/><U100/><E3/><V95/><F65/><W44/><G6/><T31/><D127/><U9/><E115/><V83/><F30/><W71/><G71/><T64/><D74/><U134/><E41/><V98/><REACH who="2" step="1"/><F95/><REACH who="2" ten="191,224,185,390" step="2"/><N who="3" m="54687" /><G66/><T0/><D31/><U133/><E92/><V4/><F4/><W119/><G119/><T63/><D64/><U27/><E35/><V46/><F46/><W86/><G44/><T106/><D47/><N who="1" m="28063" /><E9/><V42/><F42/><W15/><G112/><T18/><D43/><U90/><E134/><V49/><AGARI ba="0,1" hai="12,17,23,45,49,54,69,70,77,83,84,93,98,103" machi="49" ten="30,3000,0" yaku="1,1,0,1,53,0" doraHai="125" doraHaiUra="124" who="2" fromWho="2" sc="191,-10,224,-10,185,40,390,-10" /><INIT seed="6,1,0,2,4,113" ten="181,214,225,380" oya="2" hai0="121,75,20,67,127,88,27,31,107,55,81,37,54" hai1="77,33,53,96,60,119,35,83,116,9,61,74,64" hai2="0,76,95,48,15,51,115,117,57,50,94,26,3" hai3="120,38,22,123,25,98,41,4,97,39,12,8,32"/><V101/><F115/><W89/><G32/><N who="1" m="12362" /><E53/><V129/><F26/><W52/><G39/><T17/><D121/><U16/><E61/><V13/><F129/><W99/><G89/><T19/><D107/><U23/><E23/><V92/><F76/><W24/><G24/><T85/><D37/><U73/><E16/><N who="0" m="6217" /><D75/><N who="1" m="43455" /><E96/><V72/><F72/><N who="1" m="27753" /><E9/><V114/><F114/><W43/><G38/><T90/><D127/><U128/><E128/><V63/><F101/><W80/><G80/><N who="0" m="49191" /><D67/><U82/><E82/><V103/><F103/><W45/><G22/><T79/><D79/><U91/><E91/><V65/><REACH who="2" step="1"/><F117/><REACH who="2" ten="181,214,215,380" step="2"/><W124/><G25/><T105/><D105/><U6/><E6/><V87/><F87/><AGARI ba="1,1" hai="20,27,31,54,55,81,87,90" m="49191,6217" machi="87" ten="30,3900,0" yaku="8,1,54,2" doraHai="113" who="0" fromWho="2" sc="181,52,214,0,215,-42,380,0" /><INIT seed="7,0,0,0,4,134" ten="233,214,173,380" oya="3" hai0="120,109,115,59,62,100,26,7,125,82,42,18,30" hai1="12,90,54,17,37,60,87,103,13,78,67,20,55" hai2="16,27,75,94,127,57,15,44,110,28,64,6,89" hai3="3,112,14,121,1,81,96,105,79,93,111,119,25"/><W80/><G112/><T5/><D125/><U91/><E37/><V22/><F110/><W133/><G81/><T31/><D109/><U58/><E103/><V102/><F75/><W114/><G114/><T73/><D120/><U11/><E78/><V122/><F122/><W29/><G105/><T34/><D115/><U74/><E74/><V106/><F106/><W50/><G50/><T21/><D42/><U46/><E46/><V48/><F127/><W77/><G14/><T8/><D100/><U108/><E108/><V63/><F6/><W70/><G70/><T123/><D123/><U132/><E132/><V98/><F89/><N who="1" m="33801" /><E87/><V104/><F104/><W113/><G3/><T36/><D36/><U23/><E23/><V66/><F64/><W47/><G47/><T9/><D73/><U92/><E92/><V19/><F15/><W4/><G4/><AGARI ba="0,0" hai="4,11,12,13,17,20,54,55,58,60,67" m="33801" machi="4" ten="30,1000,0" yaku="8,1" doraHai="134" who="1" fromWho="3" sc="233,0,214,10,173,0,380,-10" owari="233,3.0,224,-18.0,173,-33.0,370,48.0" /></mjloggm>