<mjloggm ver="2.3"><GO type="185" lobby="0"/><UN n0="%E3%82%B5%E3%83%B3%E3%83%9E%E6%BC%81%E5%B8%AB%4B" n1="%E5%A4%9A%E6%9E%97%E6%99%8B" n2="%28%C2%B4%E3%81%B8%CE%B5%E3%81%B8%60%29" n3="" dan="17,16,20,0" rate="2261.26,2205.79,2423.74,1500.00" sx="M,M,M,C"/><TAIKYOKU oya="0"/><INIT seed="0,0,0,2,5,52" ten="350,350,350,0" oya="0" hai0="127,101,84,115,42,102,65,132,131,78,51,36,111" hai1="83,56,94,108,117,58,64,59,43,3,119,92,109" hai2="110,74,46,1,32,44,60,122,48,100,120,67,49" hai3=""/><T81/><D36/><U97/><E3/><V125/><N who="2" m="30752" /><V0/><N who="2" m="31264" /><V107/><F32/><T54/><D115/><U112/><E112/><V121/><N who="2" m="31008" /><V75/><F110/><N who="1" m="42601" /><E83/><V116/><F125/><T33/><D33/><U53/><E43/><V37/><F116/><N who="1" m="44617" /><E64/><V123/><N who="2" m="31520" /><V91/><F37/><T40/><D127/><U128/><E128/><V129/><F129/><T126/><D126/><U61/><E94/><V70/><F91/><AGARI ba="0,0" hai="53,56,58,59,61,91,92,97" m="44617,42601" machi="91" ten="30,7700,0" yaku="14,1,52,3" doraHai="52" who="1" fromWho="2" sc="350,0,350,77,350,-77,0,0" /><INIT seed="1,0,0,1,3,125" ten="350,427,273,0" oya="1" hai0="103,98,53,52,80,61,85,95,70,38,35,107,86" hai1="110,3,108,51,32,75,120,82,58,46,43,132,128" hai2="130,62,102,92,126,59,134,124,71,1,105,115,60" hai3=""/><U0/><N who="1" m="30752" /><U79/><E32/><V119/><F105/><T76/><D38/><U109/><E132/><V50/><F1/><T81/><D107/><U117/><E117/><V118/><F102/><T39/><D39/><U2/><E58/><V68/><F92/><T93/><D93/><U131/><AGARI ba="0,0" hai="0,2,3,43,46,51,75,79,82,108,109,110,128,131" m="30752" machi="131" ten="50,12000,2" yaku="0,1,14,1,10,1,52,3" doraHai="125" who="1" fromWho="1" sc="350,-60,427,120,273,-60,0,0" /><INIT seed="1,1,0,5,5,119" ten="290,547,213,0" oya="1" hai0="117,67,79,52,86,107,45,39,129,54,112,58,75" hai1="40,96,113,121,73,0,133,94,82,42,95,76,57" hai2="109,72,116,128,64,33,120,83,84,88,130,38,60" hai3=""/><U50/><N who="1" m="31008" /><U100/><E0/><V99/><N who="2" m="30752" /><V135/><F116/><T111/><D117/><U93/><E113/><V90/><F33/><T51/><D112/><U81/><E133/><V59/><F38/><T108/><D75/><U124/><E82/><V74/><F135/><T105/><D67/><U68/><E68/><V80/><F109/><N who="0" m="42058" /><D129/><N who="2" m="49770" /><F83/><T115/><D115/><U56/><E124/><V48/><F48/><T41/><D54/><U91/><E91/><N who="2" m="34859" /><F99/><T102/><D102/><U32/><E32/><V134/><F134/><T126/><D126/><U43/><REACH who="1" step="1"/><E50/><REACH who="1" ten="290,537,213,0" step="2"/><V78/><AGARI ba="1,1" hai="59,60,64,72,74,78,80,84" m="34859,49770,30752" machi="78" ten="30,5900,0" yaku="19,1,52,2,54,1" doraHai="119" who="2" fromWho="2" sc="290,-21,537,-40,213,71,0,0" /><INIT seed="2,0,0,4,2,134" ten="269,497,284,0" oya="2" hai0="81,3,66,69,120,85,35,130,132,49,56,73,128" hai1="54,104,2,80,63,111,103,106,105,95,100,119,37" hai2="109,122,70,59,60,46,117,78,123,75,118,57,33" hai3=""/><V53/><N who="2" m="31264" /><V39/><N who="2" m="31520" /><V107/><F33/><T116/><N who="0" m="30752" /><T61/><D116/><U135/><E2/><V47/><F107/><T52/><D3/><U79/><E37/><V102/><F102/><T62/><D35/><U90/><E63/><V86/><F75/><T129/><D132/><U76/><E54/><V48/><F78/><T32/><D32/><U133/><E119/><N who="2" m="45579" /><F86/><T82/><D73/><U55/><E55/><V34/><F34/><T94/><D62/><U88/><E106/><V113/><F113/><T58/><D69/><U87/><E87/><V51/><F39/><T112/><D112/><U110/><E95/><V92/><F92/><T84/><D84/><U115/><E115/><V83/><F83/><AGARI ba="0,0" hai="76,79,80,83,88,90,100,103,104,105,110,111,133,135" machi="83" ten="25,12000,2" yaku="22,2,34,3,54,1" doraHai="134" who="1" fromWho="2" sc="269,0,497,120,284,-120,0,0" /><INIT seed="4,0,0,4,5,131" ten="269,617,164,0" oya="0" hai0="53,55,98,70,51,64,99,3,128,120,66,107,102" hai1="110,69,73,47,42,119,50,60,79,39,96,121,59" hai2="126,135,56,90,74,68,88,44,83,75,52,76,40" hai3=""/><T63/><N who="0" m="30752" /><T108/><D128/><U43/><N who="1" m="31008" /><U118/><E110/><V84/><F68/><T114/><D108/><U37/><E69/><V93/><F126/><T89/><D114/><U65/><E96/><V54/><F135/><T46/><D3/><U32/><E32/><V87/><F56/><T36/><D36/><N who="1" m="13899" /><E79/><V101/><F101/><T91/><D66/><U122/><N who="1" m="31264" /><U58/><E73/><V106/><F106/><T45/><D99/><U130/><E130/><V123/><N who="2" m="31520" /><V111/><F111/><T133/><D133/><U0/><E0/><V104/><F104/><T94/><D107/><U117/><E59/><V33/><F33/><T125/><D125/><U132/><E132/><V105/><F105/><T116/><D116/><U67/><E65/><V109/><F109/><T115/><D115/><U78/><E78/><V49/><F75/><T129/><D129/><U71/><E71/><V2/><F2/><T38/><D38/><U48/><E50/><AGARI ba="0,0" hai="45,46,50,51,53,55,63,64,70,89,91,94,98,102" m="30752" machi="50" ten="40,3900,0" yaku="9,1,52,1" doraHai="131" who="0" fromWho="1" sc="269,39,617,-39,164,0,0,0" /><INIT seed="4,1,0,1,0,0" ten="308,578,164,0" oya="0" hai0="63,64,111,77,130,51,117,120,52,62,93,56,103" hai1="92,91,67,66,107,35,125,87,83,132,115,76,89" hai2="121,127,57,49,53,41,65,99,42,60,116,123,135" hai3=""/><T78/><N who="0" m="30752" /><T37/><D117/><U48/><E107/><V110/><N who="2" m="31008" /><V69/><N who="2" m="31520" /><V86/><F110/><T39/><D111/><U88/><E132/><V119/><F135/><T79/><D130/><U81/><E125/><V58/><F127/><T40/><D63/><U80/><E115/><V109/><F109/><T32/><D32/><U38/><E38/><V128/><F128/><T54/><D54/><U112/><E35/><V100/><F86/><T73/><D73/><U113/><E48/><V1/><F1/><T46/><D103/><U82/><E66/><V72/><F72/><T33/><D33/><U45/><E45/><V124/><F124/><T68/><D37/><U47/><E47/><V118/><REACH who="2" step="1"/><F69/><REACH who="2" ten="308,578,154,0" step="2"/><T114/><D114/><N who="1" m="44139" /><E67/><V104/><AGARI ba="1,1" hai="41,42,49,53,57,58,60,65,99,100,104,116,118,119" m="31520,31008" machi="104" ten="30,6000,1" yaku="1,1,0,1,12,1,52,2,53,0" doraHai="0" doraHaiUra="74" who="2" fromWho="2" sc="308,-41,578,-21,154,72,0,0" /><INIT seed="5,0,0,3,4,93" ten="267,557,226,0" oya="1" hai0="118,97,37,121,66,82,77,1,122,85,45,103,2" hai1="34,32,134,74,3,41,40,0,71,62,65,116,99" hai2="72,47,119,94,86,36,125,51,131,54,87,59,83" hai3=""/><U91/><E116/><V42/><F119/><T60/><N who="0" m="31008" /><T70/><N who="0" m="31264" /><T95/><REACH who="0" step="1"/><D118/><REACH who="0" ten="257,557,226,0" step="2"/><U129/><E34/><V117/><F117/><T73/><D73/><U53/><E74/><V127/><F131/><T104/><D104/><U61/><E32/><V109/><F109/><T80/><D80/><U84/><E129/><V49/><F36/><T33/><D33/><U79/><E0/><V107/><F107/><T67/><D67/><U108/><E3/><V128/><F128/><T64/><D64/><U58/><E108/><V92/><F72/><T124/><D124/><N who="2" m="47690" /><F86/><T69/><D69/><U130/><E130/><V111/><F111/><T44/><D44/><U52/><E71/><V98/><F98/><T88/><D88/><AGARI ba="0,1" hai="42,47,49,51,54,59,83,87,88,92,94" m="47690" machi="88" ten="30,2000,0" yaku="18,1,54,1" doraHai="93" who="2" fromWho="0" sc="257,-20,557,0,226,30,0,0" /><INIT seed="6,0,0,2,4,121" ten="237,557,256,0" oya="2" hai0="47,89,38,32,122,67,128,69,105,99,74,73,100" hai1="135,131,37,78,86,98,133,87,43,127,126,72,94" hai2="76,134,57,40,101,83,35,3,129,102,62,0,41" hai3=""/><V125/><F35/><T92/><N who="0" m="31264" /><T55/><D32/><U103/><E37/><V65/><F129/><T91/><D128/><U116/><E131/><V110/><F134/><N who="1" m="51209" /><E43/><V2/><F125/><N who="1" m="47625" /><E116/><V118/><F118/><T132/><D132/><U97/><E98/><V81/><F110/><T130/><D130/><U71/><E71/><V34/><F34/><T60/><D38/><U58/><E58/><V90/><F41/><T36/><D36/><U79/><E72/><V111/><F40/><T56/><D47/><U33/><E33/><V42/><F42/><T68/><D68/><U75/><E75/><V80/><F111/><T52/><D55/><U48/><E48/><V88/><REACH who="2" step="1"/><F76/><AGARI ba="0,0" hai="76,78,79,86,87,94,97,103" m="47625,51209" machi="76" ten="30,7700,0" yaku="20,1,18,1,34,2" doraHai="121" who="1" fromWho="2" sc="237,0,557,77,256,-77,0,0" owari="237,-16.0,634,58.0,179,-42.0,0,0.0" /></mjloggm>