<mjloggm ver="2.3"><GO type="169" lobby="0"/><UN n0="%E9%81%8A%E8%B5%B0" n1="%61%6E%6C%75%6E" n2="%4D%6F%6E%6F%69%64" n3="%E6%84%9B%E5%86%85%E9%87%8C%E8%8F%9C" dan="16,16,16,18" rate="2162.50,2126.42,2162.13,2167.42" sx="M,M,F,F"/><TAIKYOKU oya="0"/><INIT seed="0,0,0,0,0,38" ten="250,250,250,250" oya="0" hai0="128,78,99,1,34,114,70,108,43,6,49,97,105" hai1="107,7,11,47,91,126,94,127,23,14,76,101,83" hai2="102,28,74,58,123,131,8,60,73,48,132,25,30" hai3="62,81,2,33,3,18,65,109,134,87,116,84,17"/><T113/><D34/><U24/><E107/><V53/><F123/><W9/><G109/><T16/><D70/><U35/><E101/><V77/><F131/><W31/><G134/><T121/><D121/><U42/><E35/><V29/><F132/><W50/><G116/><T13/><D128/><U125/><E24/><V64/><F102/><W90/><G31/><T5/><D108/><U36/><E23/><V0/><F25/><W51/><G51/><T118/><D118/><U52/><E52/><V21/><F21/><W100/><G100/><T55/><D78/><U22/><E22/><V119/><F119/><W40/><G84/><T19/><D105/><U61/><E61/><V69/><REACH who="2" step="1"/><F77/><REACH who="2" ten="250,250,240,250" step="2"/><W45/><G33/><T72/><D114/><U26/><E26/><V86/><F86/><W56/><G9/><T27/><D113/><U68/><E68/><V10/><F10/><W15/><G15/><T89/><D13/><U44/><E76/><V75/><F75/><W130/><G130/><T32/><D27/><U122/><E122/><V129/><F129/><W82/><G3/><T4/><D72/><U67/><E127/><V80/><F80/><N who="3" m="30827" /><G2/><T46/><D32/><U59/><E83/><AGARI ba="0,1" hai="17,18,40,45,50,56,62,65,83,87,90" m="30827" machi="83" ten="30,2000,0" yaku="8,1,52,1" doraHai="38" who="3" fromWho="1" sc="250,0,250,-20,240,0,250,30" /><INIT seed="1,0,0,5,0,29" ten="250,230,240,280" oya="1" hai0="12,13,62,98,71,2,47,102,67,19,15,104,119" hai1="64,44,58,41,124,3,101,18,94,80,127,51,113" hai2="128,28,91,121,21,87,134,126,117,130,65,133,16" hai3="70,96,45,40,90,81,42,109,132,57,24,118,120"/><U66/><E113/><V61/><F28/><W32/><G70/><T63/><D119/><U14/><E3/><V43/><F43/><W100/><G120/><T74/><D74/><U5/><E5/><V33/><F117/><W31/><G118/><T10/><D2/><U60/><E80/><V111/><F121/><W89/><G109/><T114/><D114/><U72/><E72/><V75/><F75/><W112/><G132/><N who="2" m="50793" /><F111/><W4/><G42/><T125/><D125/><U25/><E25/><N who="2" m="14503" /><F33/><W78/><G4/><T95/><D63/><U107/><E107/><V38/><F38/><W55/><G112/><T27/><D47/><U46/><E46/><V36/><F36/><W7/><G7/><T88/><REACH who="0" step="1"/><D27/><REACH who="0" ten="240,230,240,280" step="2"/><U68/><E127/><V76/><F126/><W108/><G108/><T54/><D54/><U97/><E124/><V34/><F61/><W49/><G40/><T79/><D79/><U106/><E68/><V39/><F76/><W23/><G45/><T93/><D93/><U135/><E135/><V17/><F65/><W85/><REACH who="3" step="1"/><G23/><REACH who="3" ten="240,230,240,270" step="2"/><T0/><D0/><U56/><E106/><AGARI ba="0,2" hai="24,31,32,49,55,57,78,81,85,89,90,96,100,106" machi="106" ten="30,8000,1" yaku="1,1,2,1,7,1,52,1,53,1" doraHai="29" doraHaiUra="73" who="3" fromWho="1" sc="240,0,230,-80,240,0,270,100" /><INIT seed="2,0,0,1,2,121" ten="240,150,240,370" oya="2" hai0="101,130,86,34,25,98,87,58,88,6,46,128,13" hai1="55,22,94,82,45,26,83,18,77,15,14,122,113" hai2="8,66,33,100,19,48,106,95,61,51,91,127,54" hai3="5,67,102,123,62,32,52,118,57,131,108,64,99"/><V78/><F33/><W56/><G118/><T81/><D58/><U10/><E113/><V40/><F127/><W92/><G123/><T20/><D34/><U50/><E122/><V7/><F78/><W115/><G131/><N who="0" m="50219" /><D46/><U84/><E94/><V111/><F111/><W0/><G108/><T49/><D49/><U30/><E15/><V42/><F19/><W126/><G126/><T73/><D73/><U65/><E65/><V47/><F100/><W105/><G115/><T53/><D53/><U90/><REACH who="1" step="1"/><E83/><REACH who="1" ten="240,140,240,370" step="2"/><V28/><F106/><W12/><G105/><T93/><D13/><U85/><E85/><V39/><F66/><W69/><G12/><T103/><D86/><U96/><E96/><V24/><F95/><W37/><G64/><T9/><D81/><U16/><E16/><V3/><F3/><W119/><G0/><N who="0" m="199" /><D87/><U41/><E41/><V36/><F42/><W35/><G67/><T75/><D75/><U124/><E124/><V17/><F17/><AGARI ba="0,1" hai="17,20,25,88,93,98,101,103" m="199,50219" machi="17" ten="30,2000,0" yaku="19,1,54,1" doraHai="121" who="0" fromWho="2" sc="240,30,140,0,240,-20,370,0" /><INIT seed="3,0,0,4,0,132" ten="270,140,220,370" oya="3" hai0="114,15,104,72,68,4,124,37,62,69,40,108,87" hai1="112,120,10,90,117,30,95,19,24,121,126,9,73" hai2="8,56,70,89,22,2,50,83,23,113,20,52,28" hai3="122,59,11,125,42,46,33,38,63,6,100,77,35"/><W55/><G122/><T92/><D124/><U131/><E73/><V51/><F113/><W58/><G125/><T21/><D104/><U47/><E112/><V119/><F119/><W32/><G100/><T103/><D72/><U94/><E126/><V101/><F70/><W67/><G77/><T127/><D127/><U61/><E131/><V39/><F39/><W36/><G36/><T43/><D114/><U76/><E76/><V79/><F101/><W128/><G128/><T86/><D108/><U0/><E95/><V3/><F28/><W93/><G93/><T48/><D37/><U26/><E117/><V109/><F109/><W17/><G17/><T75/><D75/><U64/><E47/><V71/><F71/><W81/><G81/><T34/><D34/><U78/><E78/><V106/><F106/><W111/><G111/><T49/><D103/><U105/><E105/><V7/><F89/><W97/><G97/><T102/><D102/><U91/><E91/><V14/><REACH who="2" step="1"/><F50/><REACH who="2" ten="270,140,210,370" step="2"/><W27/><G38/><T134/><D49/><U110/><E110/><V130/><F130/><W88/><G88/><T5/><D48/><U133/><E121/><V1/><F1/><W31/><G31/><T74/><D69/><N who="1" m="42127" /><E120/><V135/><F135/><W45/><G35/><T12/><D68/><U25/><E30/><V65/><F65/><W29/><G33/><T57/><D134/><U66/><E133/><V80/><F80/><W115/><G115/><T116/><D116/><U96/><E66/><V82/><F82/><W13/><G32/><T129/><D129/><U107/><E107/><RYUUKYOKU ba="0,1" sc="270,-10,140,-10,210,30,370,-10" hai2="2,3,7,8,14,20,22,23,51,52,56,79,83" /><INIT seed="4,1,1,1,1,70" ten="260,130,240,360" oya="0" hai0="57,48,44,85,84,58,87,2,16,29,69,3,83" hai1="55,88,119,72,51,76,27,73,17,9,62,20,34" hai2="82,117,12,54,26,105,66,86,64,32,22,28,91" hai3="24,67,40,115,80,99,77,114,74,36,90,103,113"/><T15/><D69/><U122/><E119/><V96/><F117/><W107/><G67/><T89/><D29/><U112/><E122/><V13/><F54/><W116/><G116/><T50/><D3/><U104/><E104/><V110/><F110/><W43/><G36/><T121/><D2/><U21/><E34/><V8/><F32/><W125/><G125/><T100/><D121/><U78/><E9/><V63/><F63/><W61/><G61/><T37/><D37/><U93/><E112/><V6/><REACH who="2" step="1"/><F13/><REACH who="2" ten="260,130,230,360" step="2"/><W35/><G35/><T106/><D48/><U135/><E62/><V56/><F56/><W81/><G114/><T92/><D57/><U45/><E135/><V52/><F52/><W49/><G49/><T59/><D58/><U118/><E118/><V33/><F33/><W4/><G113/><T120/><D59/><U79/><REACH who="1" step="1"/><E21/><REACH who="1" ten="260,120,230,360" step="2"/><V23/><F23/><W75/><G115/><T132/><D132/><U1/><E1/><V25/><F25/><W101/><G24/><T41/><D120/><U133/><E133/><V46/><F46/><W60/><G60/><T111/><D111/><U0/><E0/><V11/><F11/><W5/><G107/><T18/><D44/><U109/><E109/><V124/><F124/><W68/><G68/><T19/><D15/><U71/><E71/><V42/><F42/><W131/><G43/><T94/><D41/><U97/><AGARI ba="1,3" hai="17,20,27,45,51,55,72,73,76,78,79,88,93,97" machi="97" ten="30,4000,0" yaku="1,1,0,1,54,1,53,0" doraHai="70" doraHaiUra="134" who="1" fromWho="1" sc="260,-21,120,73,230,-11,360,-11" /><INIT seed="5,0,0,1,0,132" ten="239,193,219,349" oya="1" hai0="51,45,107,25,122,101,22,27,83,31,127,37,24" hai1="15,97,43,73,118,135,109,44,129,36,102,87,95" hai2="134,20,64,82,46,114,76,106,88,3,14,124,110" hai3="86,119,29,28,69,91,62,48,104,57,84,59,81"/><U16/><E118/><V78/><F110/><W8/><G104/><T130/><D37/><U21/><E73/><V19/><F3/><W77/><G69/><T105/><D130/><U40/><E129/><V65/><F106/><W49/><G8/><T115/><D115/><U93/><E135/><V111/><F111/><W38/><G38/><T34/><D127/><U74/><E74/><V121/><F121/><W55/><G119/><T123/><D83/><U52/><E109/><V53/><F134/><W103/><G103/><T61/><D61/><U1/><E1/><V66/><F114/><W112/><G112/><T5/><D5/><U100/><E36/><V60/><F124/><W6/><G6/><T128/><D128/><U32/><E32/><V0/><F0/><W131/><G131/><T108/><D108/><U41/><E87/><N who="2" m="50295" /><F46/><W54/><G62/><T58/><D58/><AGARI ba="0,0" hai="14,19,20,53,58,60,64,65,66,76,78" m="50295" machi="58" ten="30,2000,0" yaku="8,1,54,1" doraHai="132" who="2" fromWho="0" sc="239,-20,193,0,219,20,349,0" /><INIT seed="6,0,0,5,2,103" ten="219,193,239,349" oya="2" hai0="130,71,3,14,25,111,26,99,54,112,37,50,40" hai1="6,84,76,127,67,20,113,15,106,43,46,87,102" hai2="91,0,118,5,35,81,97,92,82,121,95,56,47" hai3="132,4,123,45,7,13,90,65,58,66,42,77,134"/><V8/><F118/><W79/><G123/><T48/><D111/><U128/><E113/><V38/><F121/><W16/><G90/><T57/><D71/><U59/><E127/><V30/><F56/><W74/><G7/><T34/><D3/><U28/><E128/><V53/><F95/><W104/><G4/><T124/><D112/><U36/><E102/><V12/><F0/><W62/><G104/><T17/><D130/><U117/><E117/><V83/><F38/><N who="3" m="21719" /><G74/><T70/><D70/><U11/><E106/><V86/><F35/><W63/><G63/><T96/><D37/><U69/><E69/><V133/><F133/><N who="3" m="51307" /><G65/><T1/><D1/><U29/><E67/><V52/><F30/><W27/><G27/><N who="0" m="10251" /><D124/><U100/><E100/><N who="2" m="60455" /><F47/><W85/><G85/><T10/><D34/><U78/><E59/><V9/><F9/><AGARI ba="0,0" hai="9,13,16,58,62,66,77,79" m="51307,21719" machi="9" ten="30,2000,0" yaku="20,1,54,1" doraHai="103" who="3" fromWho="2" sc="219,0,193,0,239,-20,349,20" /><INIT seed="7,0,0,2,4,50" ten="219,193,219,369" oya="3" hai0="73,26,9,67,33,49,6,80,135,72,56,2,59" hai1="0,53,3,121,54,39,95,38,69,15,116,102,120" hai2="27,99,114,30,13,77,7,23,55,92,90,48,101" hai3="89,52,104,62,5,17,87,11,84,46,130,125,88"/><W76/><G104/><T81/><D135/><U63/><E95/><V61/><F114/><W4/><G76/><T86/><D80/><U74/><E102/><V108/><F108/><W75/><G75/><T45/><D59/><U64/><E74/><V14/><F77/><W118/><G118/><T103/><D103/><U70/><E15/><V112/><F112/><W32/><G32/><T100/><D100/><U98/><E98/><V44/><F7/><W115/><G115/><T105/><D105/><U109/><E109/><V41/><F90/><W42/><G89/><T93/><D93/><U1/><E116/><V124/><F124/><W65/><G125/><T28/><D56/><AGARI ba="0,0" hai="13,14,23,27,30,41,44,48,55,56,61,92,99,101" machi="56" ten="40,2600,0" yaku="8,1,52,1" doraHai="50" who="2" fromWho="0" sc="219,-26,193,0,219,26,369,0" owari="193,-21.0,193,-31.0,245,5.0,369,47.0" /></mjloggm>