<mjloggm ver="2.3"><GO type="185" lobby="0"/><UN n0="%28%C2%B4%E3%81%B8%CE%B5%E3%81%B8%60%29" n1="%E3%81%BF%E3%83%BC%E3%82%8F" n2="%E3%82%B5%E3%83%B3%E3%83%9E%E6%BC%81%E5%B8%AB%4B" n3="" dan="20,17,17,0" rate="2418.24,2264.35,2267.01,1500.00" sx="M,M,M,C"/><TAIKYOKU oya="0"/><INIT seed="0,0,0,2,1,112" ten="350,350,350,0" oya="0" hai0="77,60,92,40,3,76,63,125,44,75,68,59,135" hai1="117,42,62,38,124,108,2,87,90,114,43,103,33" hai2="58,121,36,45,119,88,66,113,109,61,84,126,118" hai3=""/><T64/><D3/><U49/><E2/><V130/><N who="2" m="31008" /><V101/><F113/><T52/><D125/><U54/><E33/><V51/><F126/><T89/><D135/><U41/><E114/><V72/><F72/><T86/><REACH who="0" step="1"/><D75/><REACH who="0" ten="340,350,350,0" step="2"/><U79/><E124/><V32/><F32/><T123/><N who="0" m="31520" /><T78/><D78/><U104/><E79/><V116/><F130/><T73/><D73/><U1/><E1/><V46/><F109/><T111/><D111/><U71/><E108/><V131/><F131/><T74/><D74/><U69/><E69/><V65/><F101/><T48/><AGARI ba="0,1" hai="40,44,48,52,59,60,63,64,68,76,77,86,89,92" m="31520" machi="48" ten="20,12000,2" yaku="1,1,0,1,7,1,52,1,54,1,53,1" doraHai="112" doraHaiUra="91" who="0" fromWho="0" sc="340,130,350,-60,350,-60,0,0" /><INIT seed="0,1,0,0,1,119" ten="470,290,290,0" oya="0" hai0="90,1,34,3,64,99,130,105,43,55,123,83,131" hai1="70,46,89,124,97,122,57,132,81,56,76,109,68" hai2="65,92,102,98,60,36,111,133,88,74,32,2,38" hai3=""/><T48/><N who="0" m="31520" /><T84/><D34/><U117/><N who="1" m="31264" /><U61/><E117/><V115/><F115/><T33/><D33/><U125/><E109/><V58/><F32/><T107/><D43/><U41/><E132/><V116/><F116/><T71/><D71/><U69/><E97/><V129/><F2/><T108/><D64/><U37/><E89/><V49/><F74/><T35/><D35/><U44/><E46/><V106/><F111/><T128/><D108/><U82/><E81/><V135/><F49/><T134/><D134/><N who="2" m="51210" /><F129/><T54/><D99/><AGARI ba="1,0" hai="36,38,58,60,65,88,92,98,99,102,106" m="51210" machi="99" ten="30,2000,0" yaku="20,1,54,1" doraHai="119" who="2" fromWho="0" sc="470,-22,290,0,290,22,0,0" /><INIT seed="1,0,0,0,2,130" ten="448,290,312,0" oya="1" hai0="78,112,67,98,90,37,2,124,117,56,41,72,113" hai1="80,106,49,121,55,51,131,97,84,69,74,128,52" hai2="64,62,119,126,3,83,71,110,102,116,45,129,103" hai3=""/><U59/><N who="1" m="31008" /><U50/><E69/><V32/><F3/><T123/><N who="0" m="31520" /><T122/><N who="0" m="31264" /><T88/><D2/><U66/><E74/><V135/><F32/><T48/><D37/><U77/><E106/><V81/><F129/><N who="1" m="49737" /><E97/><V127/><F45/><T39/><D39/><U44/><E66/><V36/><F36/><T53/><D117/><U43/><E51/><V95/><F116/><T34/><D34/><U133/><E133/><V42/><F119/><T134/><D134/><U87/><E84/><V107/><F107/><T38/><D67/><U132/><E132/><V40/><F135/><T125/><D112/><U89/><E89/><V47/><F64/><T1/><D113/><U100/><E100/><V86/><F102/><T68/><D68/><U111/><E111/><V54/><F103/><T63/><D1/><U79/><E77/><V70/><F86/><T115/><D115/><U93/><E93/><V94/><F110/><T76/><D38/><U35/><E35/><V75/><F75/><T92/><D90/><U61/><E61/><V96/><F96/><T65/><D65/><U91/><E79/><N who="0" m="30249" /><D72/><U118/><E118/><V99/><F99/><T82/><D82/><U101/><E101/><V105/><F70/><RYUUKYOKU ba="0,0" sc="448,10,290,10,312,-20,0,0" hai0="41,48,53,56,63,88,92,98,124,125" hai1="43,44,49,50,52,55,59,80,87,91" /><INIT seed="1,1,0,1,3,85" ten="458,300,292,0" oya="1" hai0="71,41,70,33,77,116,51,115,93,62,38,50,89" hai1="59,55,47,110,84,103,133,134,98,42,119,135,102" hai2="122,88,36,117,35,113,69,45,109,58,61,48,112" hai3=""/><U74/><E119/><V124/><N who="2" m="31264" /><V3/><F3/><T106/><D106/><U83/><E74/><V78/><F35/><T80/><D33/><U37/><E110/><V126/><F78/><T65/><D115/><N who="2" m="44106" /><F117/><T0/><D70/><U130/><E130/><V52/><F109/><T114/><D114/><U132/><N who="1" m="33792" /><DORA hai="123" /><U127/><E127/><V72/><F72/><T91/><D0/><U79/><REACH who="1" step="1"/><E98/><REACH who="1" ten="458,290,292,0" step="2"/><V46/><F126/><T100/><D116/><U40/><E40/><V34/><F124/><T90/><D41/><U97/><E97/><V105/><F34/><T128/><D128/><U56/><E56/><V49/><F69/><T32/><D32/><U63/><AGARI ba="1,1" hai="37,42,47,55,59,63,79,83,84,102,103" m="33792" machi="63" ten="60,8000,1" yaku="1,1,0,1,20,1,53,1" doraHai="85,123" doraHaiUra="73,101" who="1" fromWho="1" sc="458,-41,290,92,292,-41,0,0" /><INIT seed="1,2,0,5,4,54" ten="417,382,251,0" oya="1" hai0="61,39,57,67,107,104,108,120,99,46,112,34,63" hai1="94,92,123,103,127,118,64,126,105,133,33,74,50" hai2="131,52,47,62,113,79,44,55,111,93,117,49,84" hai3=""/><U119/><N who="1" m="31520" /><U68/><E33/><V122/><N who="2" m="31264" /><V83/><F117/><N who="1" m="44553" /><E68/><V89/><F111/><T98/><N who="0" m="30752" /><T95/><D108/><U106/><E64/><V110/><F110/><T36/><D112/><U1/><E50/><V41/><F131/><T87/><D34/><U77/><E1/><V73/><F113/><T76/><D104/><N who="1" m="40043" /><E133/><V128/><F128/><T72/><D72/><U35/><E35/><V45/><F41/><T101/><D46/><U70/><E70/><V51/><REACH who="2" step="1"/><F62/><REACH who="2" ten="417,382,241,0" step="2"/><T90/><D63/><U82/><E103/><V91/><F91/><T130/><D130/><U125/><AGARI ba="2,1" hai="74,77,82,92,94,125,126,127" m="40043,44553,31520" machi="125" ten="40,8000,1" yaku="18,1,34,2,52,1" doraHai="54" who="1" fromWho="1" sc="417,-42,382,94,241,-42,0,0" /><INIT seed="1,3,0,2,2,110" ten="375,476,199,0" oya="1" hai0="92,90,49,117,63,48,94,98,68,121,81,67,39" hai1="109,72,86,80,66,45,51,100,97,129,88,69,103" hai2="101,57,60,89,87,108,0,127,43,76,118,133,40" hai3=""/><U52/><E129/><V78/><F118/><T62/><N who="0" m="31008" /><T102/><D117/><U56/><E109/><V96/><F0/><T125/><D39/><U65/><E72/><V107/><F108/><T73/><D125/><U37/><E69/><V74/><F133/><T122/><N who="0" m="31264" /><T3/><D3/><U95/><E37/><V77/><F127/><T83/><D63/><U124/><E124/><V47/><F74/><T59/><D68/><U85/><E103/><V55/><REACH who="2" step="1"/><F47/><REACH who="2" ten="375,476,189,0" step="2"/><T112/><D73/><U54/><E85/><V35/><F35/><T104/><D112/><U113/><E113/><V75/><F75/><T64/><D104/><U84/><E86/><V132/><F132/><T106/><D106/><U32/><E32/><V126/><F126/><T58/><D98/><U82/><E80/><AGARI ba="3,1" hai="40,43,55,57,60,76,77,78,80,87,89,96,101,107" machi="80" ten="40,1300,0" yaku="1,1,53,0" doraHai="110" doraHaiUra="61" who="2" fromWho="1" sc="375,0,476,-19,189,29,0,0" /><INIT seed="2,0,0,0,5,34" ten="375,457,218,0" oya="2" hai0="108,122,68,87,135,91,126,123,96,72,47,106,83" hai1="51,121,116,46,100,88,112,67,50,103,129,80,58" hai2="127,104,102,84,55,110,45,43,32,133,125,74,105" hai3=""/><V92/><F32/><T131/><N who="0" m="31264" /><T73/><N who="0" m="31520" /><T78/><D68/><U109/><N who="1" m="31008" /><U39/><E112/><V70/><F70/><T128/><D108/><U3/><E3/><V77/><F110/><T130/><D135/><U81/><E109/><V124/><F133/><T76/><D126/><U61/><E129/><V134/><F134/><T37/><D37/><U1/><E1/><V33/><F33/><T85/><D47/><U94/><E116/><V44/><F74/><N who="0" m="28778" /><D85/><U65/><E39/><V111/><F111/><T60/><D60/><U48/><E46/><N who="2" m="18027" /><F55/><T2/><D2/><U69/><E69/><V54/><F54/><T0/><D0/><U118/><E118/><V101/><F43/><T97/><D106/><N who="2" m="41066" /><F92/><T98/><AGARI ba="0,0" hai="76,78,83,87,91,96,97,98,128,130,131" m="28778,31520,31264" machi="98" ten="40,6000,1" yaku="19,1,34,2,52,2" doraHai="34" who="0" fromWho="0" sc="375,60,457,-20,218,-40,0,0" /><INIT seed="4,0,0,3,0,44" ten="435,437,178,0" oya="0" hai0="116,49,34,70,53,111,39,48,93,67,133,63,0" hai1="69,74,103,32,60,35,115,90,89,107,118,127,135" hai2="72,97,59,65,73,40,64,108,61,128,52,122,76" hai3=""/><T78/><D34/><U58/><E118/><V51/><N who="2" m="31264" /><V56/><F108/><T123/><N who="0" m="31520" /><T86/><D0/><U134/><E127/><V43/><F128/><T38/><D116/><U114/><E69/><V83/><F73/><T104/><D104/><U101/><E74/><V36/><F36/><T68/><D111/><U96/><E101/><V132/><F132/><N who="1" m="50729" /><E90/><V84/><F72/><T42/><D133/><U92/><E89/><V47/><F97/><T112/><D70/><U50/><E50/><V62/><AGARI ba="0,0" hai="40,43,47,51,52,56,59,61,62,64,65,76,83,84" m="31264" machi="62" ten="30,9000,2" yaku="0,1,9,1,8,1,52,2,54,1" doraHai="44" who="2" fromWho="2" sc="435,-60,437,-30,178,90,0,0" /><INIT seed="5,0,0,2,1,76" ten="375,407,268,0" oya="1" hai0="109,111,88,129,46,115,36,132,45,93,40,61,73" hai1="59,51,47,1,80,56,95,54,118,101,119,97,90" hai2="100,91,55,53,131,108,60,75,121,48,3,35,79" hai3=""/><U43/><E1/><V87/><N who="2" m="31008" /><V117/><F117/><T70/><D115/><U68/><E68/><V52/><F3/><T2/><D2/><U71/><E71/><V124/><F108/><T84/><D129/><U67/><E67/><V135/><F35/><T127/><D127/><U133/><E133/><V96/><F135/><T82/><D132/><U130/><E130/><V122/><N who="2" m="31264" /><V89/><F131/><T41/><D73/><U74/><E59/><V125/><F60/><T104/><D104/><U32/><E32/><V85/><F75/><T33/><D33/><U49/><E74/><V134/><F79/><T103/><D103/><U34/><E34/><V0/><F48/><T39/><D93/><U37/><E37/><V81/><F0/><T50/><D50/><U72/><E72/><V63/><F63/><T64/><AGARI ba="0,0" hai="36,39,40,41,45,46,61,64,70,82,84,88,109,111" machi="64" ten="30,5900,0" yaku="0,1,9,1,52,1,54,1" doraHai="76" who="0" fromWho="0" sc="375,59,407,-39,268,-20,0,0" /><INIT seed="6,0,0,1,2,84" ten="434,368,248,0" oya="2" hai0="72,105,32,98,90,132,95,81,41,49,106,129,118" hai1="3,77,69,65,101,125,122,75,108,121,35,73,134" hai2="86,66,119,61,57,44,127,130,93,62,34,54,71" hai3=""/><V94/><F34/><T51/><D118/><U55/><N who="1" m="31008" /><U117/><N who="1" m="31264" /><U2/><E35/><V80/><F119/><T60/><D32/><U45/><E117/><V85/><F130/><T123/><N who="0" m="31520" /><T79/><D129/><U53/><E108/><V135/><F135/><T131/><D131/><U102/><E134/><V109/><F109/><T48/><D132/><U113/><E113/><V37/><F127/><T124/><D124/><U111/><E125/><V126/><F86/><T1/><D1/><U107/><E111/><V83/><F83/><T43/><REACH who="0" step="1"/><D60/><REACH who="0" ten="424,368,248,0" step="2"/><U92/><E2/><V128/><F128/><T46/><D46/><U50/><E3/><V96/><F126/><T88/><D88/><U70/><E45/><V133/><F133/><T39/><D39/><U112/><E101/><V76/><REACH who="2" step="1"/><F96/><REACH who="2" ten="424,368,238,0" step="2"/><T87/><D87/><U120/><E120/><V74/><F74/><T64/><D64/><U68/><E73/><V67/><F67/><T63/><D63/><U91/><E75/><V116/><F116/><T114/><D114/><U36/><E112/><V104/><F104/><AGARI ba="0,2" hai="41,43,48,49,51,72,79,81,90,95,98,104,105,106" m="31520" machi="104" ten="40,12000,2" yaku="1,1,52,2,53,3" doraHai="84" doraHaiUra="47" who="0" fromWho="2" sc="424,140,368,0,238,-120,0,0" owari="564,51.0,368,-3.0,118,-48.0,0,0.0" /></mjloggm>