<mjloggm ver="2.3"><GO type="169" lobby="0"/><UN n0="%61%6E%6C%75%6E" n1="%E5%AE%89%E6%96%8E" n2="%E3%81%A6%E3%82%93%E3%81%BD%E3%81%84%E3%82%93%E3%81%A8" n3="%4E%41%4E%4F%48%41" dan="16,17,16,16" rate="2108.36,2217.80,2206.07,2072.89" sx="M,F,M,M"/><TAIKYOKU oya="0"/><INIT seed="0,0,0,3,4,84" ten="250,250,250,250" oya="0" hai0="133,113,73,120,87,7,122,40,49,64,96,19,12" hai1="126,123,29,95,92,102,66,115,6,41,117,30,9" hai2="104,42,61,128,114,93,63,119,32,75,62,111,39" hai3="109,107,21,18,76,25,99,72,121,17,59,125,31"/><T24/><D113/><U82/><E117/><V67/><F104/><W36/><G36/><T52/><D73/><U116/><E123/><V44/><F32/><W86/><G121/><T130/><D40/><U94/><E116/><V10/><F119/><W33/><G109/><T22/><D133/><U112/><E126/><V47/><F75/><W46/><G46/><T110/><D130/><U88/><E66/><V65/><F10/><W108/><G108/><T74/><D74/><U70/><E70/><V14/><F14/><W134/><G134/><T77/><D110/><U103/><E41/><N who="2" m="22591" /><F93/><N who="1" m="35945" /><E82/><V79/><F79/><W80/><G125/><T5/><D64/><N who="2" m="24650" /><F111/><W83/><G59/><N who="0" m="33167" /><D120/><U81/><E81/><V129/><F114/><N who="1" m="43561" /><E102/><V13/><F13/><W60/><G72/><T68/><D68/><U89/><E103/><V69/><F69/><W23/><G107/><T27/><D122/><U26/><N who="1" m="35953" /><U16/><DORA hai="135" /><E16/><V43/><F43/><W127/><G17/><T131/><D131/><U57/><E57/><V85/><F85/><W91/><G86/><T3/><D96/><U50/><E29/><V45/><F45/><W100/><G31/><T15/><D15/><N who="1" m="5559" /><E50/><AGARI ba="0,0" hai="42,47,50,61,62,63,128,129" m="24650,22591" machi="50" ten="30,2000,0" yaku="34,2" doraHai="84,135" who="2" fromWho="1" sc="250,0,250,-20,250,20,250,0" /><INIT seed="1,0,0,4,2,88" ten="250,230,270,250" oya="1" hai0="35,78,117,128,131,121,98,33,16,82,135,25,14" hai1="48,27,18,115,61,37,43,60,55,15,21,110,104" hai2="42,111,125,5,47,66,133,77,12,7,17,68,39" hai3="113,87,65,114,86,94,91,20,124,62,132,112,81"/><U73/><E115/><V6/><F111/><W79/><G124/><T36/><D36/><U23/><E104/><V8/><F125/><W13/><G132/><T64/><D117/><U1/><E1/><V102/><F133/><W30/><G13/><T103/><D135/><U123/><E123/><V56/><F77/><W38/><G38/><T97/><D64/><U105/><E105/><V76/><F76/><W93/><G30/><T40/><D40/><U126/><E126/><V74/><F74/><W92/><REACH who="3" step="1"/><G20/><REACH who="3" ten="250,230,270,240" step="2"/><T45/><D121/><U122/><E122/><V101/><F39/><W69/><AGARI ba="0,1" hai="62,65,69,79,81,86,87,91,92,93,94,112,113,114" machi="69" ten="30,16000,3" yaku="1,1,2,1,0,1,52,3,53,3" doraHai="88" doraHaiUra="109" who="3" fromWho="3" sc="250,-40,230,-80,270,-40,240,170" /><INIT seed="2,0,0,5,0,90" ten="210,150,230,410" oya="2" hai0="114,98,111,19,42,51,117,96,102,81,124,77,91" hai1="68,22,135,84,3,46,95,17,30,5,16,15,121" hai2="31,8,36,100,80,24,32,118,109,40,49,10,33" hai3="7,34,61,113,59,79,126,0,87,62,88,29,85"/><V76/><F118/><W25/><G126/><T119/><D114/><U66/><E135/><V71/><F36/><W73/><G113/><T112/><D112/><U93/><E121/><V82/><F71/><W23/><G34/><T134/><D19/><N who="1" m="7243" /><E68/><V72/><F33/><W57/><G73/><T26/><D26/><N who="1" m="16727" /><E3/><V4/><F109/><W74/><G74/><T132/><D111/><U47/><E66/><V89/><F100/><W43/><G43/><T56/><D124/><U55/><E84/><V133/><F133/><N who="0" m="51306" /><D42/><U101/><E101/><V127/><F127/><W97/><G7/><T78/><D51/><N who="1" m="29175" /><E47/><V54/><F40/><W45/><G45/><T38/><D38/><U28/><E28/><V125/><F125/><W120/><G0/><T18/><D56/><N who="3" m="21577" /><G120/><T13/><D18/><U53/><E53/><V6/><F6/><W64/><G64/><T129/><D13/><U44/><E44/><V131/><F4/><W105/><G105/><N who="0" m="63687" /><D129/><U1/><E1/><V9/><F131/><W83/><G97/><T122/><D122/><U115/><E115/><V37/><F37/><W27/><G27/><T41/><D41/><U128/><E128/><V65/><F65/><W12/><G12/><T50/><D50/><U123/><E123/><V116/><F49/><W35/><G35/><T104/><D119/><U99/><E99/><V69/><F116/><W39/><G39/><T103/><D117/><U107/><E107/><V20/><F69/><W130/><G130/><T92/><D104/><U110/><E110/><V108/><F108/><W75/><G75/><T60/><D60/><RYUUKYOKU ba="0,0" sc="210,10,150,10,230,-30,410,10" hai0="77,78,81,91,92,98,103" hai1="5,15,93,95" hai3="23,25,29,61,62,79,83,85,87,88" /><INIT seed="3,1,0,5,5,11" ten="220,160,200,420" oya="3" hai0="30,131,76,77,47,18,39,9,44,130,108,10,0" hai1="58,95,67,107,87,97,31,106,70,40,54,99,116" hai2="91,92,85,16,1,119,128,132,33,71,6,59,123" hai3="13,57,72,35,17,127,52,51,90,111,41,37,126"/><W88/><G35/><T110/><D30/><U96/><E116/><V68/><F119/><W21/><G72/><T100/><D100/><U98/><E40/><V45/><F33/><W26/><G111/><T66/><D66/><U112/><E112/><V69/><F128/><N who="0" m="49194" /><D0/><U74/><E74/><V113/><F113/><W120/><G120/><T103/><D103/><U115/><E115/><V15/><F123/><W63/><G26/><T129/><D129/><U89/><E31/><V5/><F1/><W36/><G63/><T56/><D56/><U75/><E75/><V3/><F3/><W93/><G41/><T125/><D125/><N who="3" m="47625" /><G90/><T60/><D60/><U50/><N who="1" m="24576" /><DORA hai="64" /><U43/><REACH who="1" step="1"/><E43/><REACH who="1" ten="220,150,200,420" step="2"/><V83/><F132/><W117/><G117/><T73/><D73/><U29/><E29/><V104/><F104/><W105/><G105/><T61/><D110/><U38/><E38/><V27/><F45/><W114/><G114/><T14/><D47/><U46/><E46/><V81/><F27/><W118/><G118/><T122/><D44/><U4/><E4/><V7/><REACH who="2" step="1"/><F59/><REACH who="2" ten="220,150,190,420" step="2"/><W133/><G133/><T65/><D122/><U25/><E25/><V22/><AGARI ba="1,2" hai="5,6,7,15,16,22,68,69,71,81,83,85,91,92" machi="22" ten="40,16000,3" yaku="1,1,2,1,0,1,52,4,54,1,53,0" doraHai="11,64" doraHaiUra="48,55" who="2" fromWho="2" sc="220,-41,150,-41,190,183,420,-81" /><INIT seed="4,0,0,1,5,30" ten="179,109,373,339" oya="0" hai0="12,66,88,8,27,68,126,19,49,120,107,28,134" hai1="43,103,14,60,81,94,124,10,57,115,84,116,21" hai2="59,56,2,90,54,98,3,135,16,34,46,31,76" hai3="118,105,101,7,22,109,63,75,96,100,62,44,4"/><T51/><D120/><U36/><E116/><V42/><F76/><W112/><G109/><T11/><D126/><U72/><E124/><V113/><F113/><W53/><G112/><T95/><D107/><U125/><E125/><V24/><F135/><W55/><G118/><T74/><D74/><U23/><E115/><V78/><F78/><W64/><G75/><T108/><D134/><U111/><E111/><V71/><F71/><W48/><G101/><T127/><D127/><U102/><E72/><V13/><F90/><W9/><G22/><N who="1" m="8202" /><E43/><V87/><F87/><W67/><G55/><T77/><D108/><U52/><E36/><V91/><F91/><W45/><G45/><T70/><D77/><N who="1" m="46127" /><E94/><V85/><F85/><W131/><G131/><T128/><D128/><U132/><E132/><V6/><F98/><W15/><G7/><AGARI ba="0,0" hai="7,10,14,52,57,60,102,103" m="46127,8202" machi="7" ten="30,2000,0" yaku="8,1,54,1" doraHai="30" who="1" fromWho="3" sc="179,0,109,20,373,0,339,-20" /><INIT seed="5,0,0,0,3,54" ten="179,129,373,319" oya="1" hai0="86,32,22,44,52,129,37,35,78,82,92,62,36" hai1="100,110,17,116,25,134,59,30,128,107,96,28,88" hai2="2,56,113,125,101,4,124,114,135,93,119,99,40" hai3="69,8,102,63,21,3,27,106,45,95,87,74,126"/><U31/><E116/><V127/><F135/><W16/><G74/><T81/><D129/><U47/><E134/><V12/><F119/><W55/><G126/><T108/><D108/><U39/><E128/><V58/><F2/><W5/><G106/><T83/><D35/><U6/><E110/><V70/><F70/><W105/><G105/><T11/><D32/><U7/><E39/><V94/><F40/><W77/><G77/><T15/><D22/><U122/><E47/><V76/><F76/><W24/><G24/><T111/><D111/><U53/><E122/><V71/><F71/><W73/><G73/><T23/><D23/><N who="1" m="13551" /><E100/><V26/><F26/><W68/><G45/><T49/><D37/><U60/><E107/><V133/><F94/><AGARI ba="0,0" hai="6,7,28,30,31,53,59,60,88,94,96" m="13551" machi="94" ten="30,11600,0" yaku="25,1,8,1,52,1,54,1" doraHai="54" who="1" fromWho="2" sc="179,0,129,116,373,-116,319,0" /><INIT seed="5,1,0,2,5,36" ten="179,245,257,319" oya="1" hai0="119,28,86,57,132,123,105,72,135,95,91,98,56" hai1="31,61,111,115,85,24,14,29,12,25,26,41,117" hai2="84,48,125,13,114,75,52,44,120,92,80,43,9" hai3="131,0,37,18,6,89,77,38,60,83,7,27,62"/><U51/><E117/><V20/><F120/><W21/><G38/><T96/><D119/><U73/><E73/><V16/><F125/><W90/><G37/><T59/><D123/><U79/><E115/><V93/><F75/><W32/><G32/><T2/><D2/><U39/><E39/><V53/><F114/><W128/><G90/><T5/><D5/><N who="3" m="1545" /><G89/><T110/><D110/><U10/><E61/><V15/><F92/><W82/><G0/><T101/><D28/><N who="1" m="10827" /><E111/><V50/><F93/><W116/><G116/><T8/><D8/><U108/><E108/><V58/><F53/><W94/><G94/><T34/><D34/><U129/><E129/><N who="3" m="49738" /><G83/><T19/><D72/><AGARI ba="1,0" hai="18,21,27,60,62,72,77,82" m="49738,1545" machi="72" ten="30,1000,0" yaku="19,1" doraHai="36" who="3" fromWho="0" sc="179,-13,245,0,257,0,319,13" /><INIT seed="6,0,0,1,5,15" ten="166,245,257,332" oya="2" hai0="70,8,44,53,40,17,56,27,99,48,31,123,118" hai1="84,120,81,61,100,50,116,19,24,66,51,73,112" hai2="41,20,2,42,95,12,72,54,45,119,122,87,76" hai3="127,52,115,110,6,18,125,108,80,79,55,88,109"/><V75/><F2/><W13/><G6/><T16/><D123/><U132/><E116/><V5/><F119/><W130/><G130/><T35/><D118/><U36/><E36/><V126/><F122/><W107/><G107/><T29/><D29/><U37/><E37/><V68/><F68/><W47/><G115/><T1/><D70/><U77/><E120/><V9/><F126/><N who="3" m="48139" /><G47/><T71/><D71/><U97/><E73/><V114/><F114/><W94/><G79/><T117/><D117/><U25/><E132/><V91/><F75/><W82/><G82/><T60/><REACH who="0" step="1"/><D99/><REACH who="0" ten="156,245,257,332" step="2"/><U92/><E112/><V93/><F72/><W121/><G121/><T83/><D83/><U33/><E33/><V38/><F38/><W14/><G80/><T134/><D134/><U133/><E133/><V46/><F42/><W124/><G124/><T113/><D113/><U39/><E39/><V103/><F41/><W101/><G110/><T69/><D69/><U22/><E24/><V11/><F76/><W10/><G109/><T0/><D0/><U96/><E97/><V86/><F86/><N who="3" m="52503" /><G108/><T98/><D98/><U128/><E128/><V129/><F129/><W4/><G101/><T30/><D30/><U28/><E28/><V57/><F103/><W43/><G43/><T3/><D3/><U26/><E26/><V89/><F87/><W34/><G34/><T90/><D90/><U106/><E92/><V67/><F93/><W49/><G49/><T23/><D23/><AGARI ba="0,1" hai="4,10,13,14,18,23,52,55" m="52503,48139" machi="23" ten="30,7700,0" yaku="18,1,52,1,54,2" doraHai="15" who="3" fromWho="0" sc="156,-77,245,0,257,0,332,87" /><INIT seed="7,0,0,0,4,26" ten="79,245,257,419" oya="3" hai0="93,107,125,2,97,92,19,55,57,123,85,122,59" hai1="78,27,69,135,119,58,80,41,21,64,22,124,127" hai2="111,63,106,70,23,29,95,13,134,18,94,86,103" hai3="7,91,105,48,87,38,47,5,77,20,62,44,130"/><W89/><G48/><T31/><D2/><U128/><E69/><V24/><F111/><W56/><G105/><T88/><D125/><N who="1" m="48203" /><E135/><V46/><F134/><W35/><G35/><T129/><D129/><U79/><E128/><V114/><F114/><W74/><G74/><T131/><D131/><U0/><E119/><V100/><F46/><W75/><G75/><T15/><D122/><U117/><E117/><V109/><F109/><W52/><G130/><T4/><D123/><U112/><E112/><V126/><F126/><W113/><G113/><T49/><D4/><N who="3" m="1609" /><G38/><T53/><D107/><U25/><E41/><V9/><F106/><W61/><G61/><T12/><D31/><N who="1" m="17839" /><E0/><V110/><F110/><W98/><G20/><T51/><REACH who="0" step="1"/><D19/><REACH who="0" ten="69,245,257,419" step="2"/><N who="1" m="12767" /><E80/><V71/><F29/><W116/><G116/><T45/><D45/><U121/><E121/><V84/><F18/><W118/><G118/><T3/><D3/><U115/><E115/><V82/><F82/><N who="3" m="47567" /><G44/><T50/><D50/><U76/><E76/><V43/><F63/><AGARI ba="0,1" hai="58,63,64,78,79" m="12767,17839,48203" machi="63" ten="30,2000,0" yaku="18,1,52,1" doraHai="26" who="1" fromWho="2" sc="69,0,245,30,257,-20,419,0" owari="69,-43.0,275,8.0,237,-16.0,419,51.0" /></mjloggm>