<mjloggm ver="2.3"><GO type="169" lobby="0"/><UN n0="%E3%82%8A%E3%82%86%E3%83%BC" n1="%E6%9C%A8%E6%BC%8F%E3%82%8C%E6%97%A5" n2="%E3%83%A4%E3%83%9E%E3%83%80%E3%81%95%E3%82%93" n3="%E3%81%8F%E3%81%86%E3%81%9F%E3%82%8D" dan="18,17,16,17" rate="2263.66,2191.25,2112.77,2179.36" sx="M,M,M,M"/><TAIKYOKU oya="0"/><INIT seed="0,0,0,4,2,74" ten="250,250,250,250" oya="0" hai0="67,102,10,72,52,34,45,59,26,77,22,37,47" hai1="8,83,113,16,91,53,122,9,11,121,92,98,46" hai2="66,101,109,86,131,54,80,88,89,14,81,40,133" hai3="112,25,6,125,71,69,62,100,3,123,116,87,32"/><T64/><D102/><U111/><E111/><V105/><F109/><W38/><G116/><T75/><D34/><U58/><E113/><V28/><F40/><W106/><G87/><T128/><D75/><U73/><E46/><V60/><F131/><W57/><G112/><T42/><D45/><U4/><E4/><V18/><F28/><W41/><G125/><T0/><D128/><U135/><E135/><V107/><F54/><W48/><G48/><T93/><D93/><U44/><E44/><V85/><F101/><W36/><G57/><T70/><D70/><U15/><E122/><V7/><F7/><W119/><G41/><T124/><D124/><U134/><E134/><V24/><F24/><W97/><G119/><T50/><D10/><U56/><E121/><V104/><F133/><W68/><G62/><T96/><D96/><U29/><E29/><V5/><F5/><W129/><G129/><T30/><REACH who="0" step="1"/><D0/><REACH who="0" ten="240,250,250,250" step="2"/><U114/><E114/><V126/><F126/><W90/><G71/><T49/><D49/><U33/><E33/><V13/><F18/><W79/><G123/><T17/><D17/><U39/><E39/><V82/><REACH who="2" step="1"/><F81/><AGARI ba="0,1" hai="22,26,30,37,42,47,50,52,59,64,67,72,77,81" machi="81" ten="40,7700,0" yaku="1,1,52,1,54,1,53,0" doraHai="74" doraHaiUra="108" who="0" fromWho="2" sc="240,87,250,0,250,-77,250,0" /><INIT seed="0,1,0,1,2,0" ten="327,250,173,250" oya="0" hai0="76,132,110,30,39,40,1,52,117,9,105,102,67" hai1="24,71,22,127,115,130,46,84,10,86,58,121,93" hai2="18,48,45,108,63,114,25,37,69,90,113,126,129" hai3="83,75,36,116,92,49,80,19,111,68,131,109,29"/><T60/><D117/><U16/><E71/><V15/><F37/><W42/><G116/><T41/><D132/><U44/><E121/><V94/><F108/><W122/><G68/><T13/><D110/><U70/><E70/><V35/><F126/><W91/><G29/><T98/><D1/><U134/><E127/><V133/><F129/><W21/><G36/><T89/><D76/><U3/><E130/><V17/><F133/><W57/><G131/><T6/><D30/><U32/><E134/><V72/><F72/><W128/><G80/><T124/><D124/><U77/><E32/><V118/><F118/><W66/><G128/><T88/><D67/><U4/><E115/><V20/><F63/><W11/><G11/><T73/><D73/><U51/><E77/><V85/><F69/><W38/><G38/><T55/><D55/><U87/><REACH who="1" step="1"/><E93/><REACH who="1" ten="327,240,173,250" step="2"/><V97/><F35/><W62/><G92/><N who="0" m="58695" /><D39/><U56/><E56/><V107/><F107/><W125/><G57/><N who="0" m="34855" /><D105/><U106/><E106/><V34/><F34/><W82/><G125/><T7/><D7/><U54/><AGARI ba="1,1" hai="3,4,10,16,22,24,44,46,51,54,58,84,86,87" machi="54" ten="30,7900,0" yaku="1,1,0,1,52,1,54,1,53,0" doraHai="0" doraHaiUra="95" who="1" fromWho="1" sc="327,-40,240,92,173,-21,250,-21" /><INIT seed="1,0,0,0,3,48" ten="287,332,152,229" oya="1" hai0="20,0,118,84,112,30,101,97,7,132,33,107,76" hai1="104,92,68,54,35,2,81,10,17,98,19,42,57" hai2="11,127,73,40,38,124,3,80,94,39,4,31,58" hai3="126,29,16,28,34,100,108,103,111,99,83,32,24"/><U43/><E68/><V12/><F31/><N who="3" m="11851" /><G83/><T27/><D112/><U46/><E104/><V67/><F67/><W78/><G78/><T91/><D118/><U85/><E35/><N who="3" m="13354" /><G99/><T44/><D132/><U88/><E2/><V26/><F26/><W102/><G24/><T96/><D33/><U5/><E5/><V123/><F123/><W106/><G106/><T6/><D0/><U63/><E10/><V135/><F135/><W105/><G105/><T82/><D96/><U89/><REACH who="1" step="1"/><E43/><REACH who="1" ten="287,322,152,229" step="2"/><V23/><F40/><W15/><G126/><T121/><D121/><U86/><E86/><V117/><F127/><W55/><G111/><T22/><D22/><U120/><E120/><V72/><F23/><W129/><G108/><T53/><D6/><U37/><AGARI ba="0,1" hai="17,19,37,42,46,54,57,63,81,85,88,89,92,98" machi="37" ten="20,12000,1" yaku="1,1,0,1,7,1,52,1,54,1,53,0" doraHai="48" doraHaiUra="133" who="1" fromWho="1" sc="287,-40,322,130,152,-40,229,-40" /><INIT seed="1,1,0,0,2,89" ten="247,452,112,189" oya="1" hai0="120,30,128,45,77,81,72,31,33,52,21,132,123" hai1="16,114,113,15,3,126,6,46,78,73,0,55,19" hai2="17,70,57,79,43,86,42,100,124,37,75,18,53" hai3="69,130,20,50,76,10,65,25,11,92,84,135,99"/><U109/><E73/><V60/><F75/><W47/><G130/><T32/><D128/><U103/><E78/><V4/><F70/><W117/><G135/><T2/><D132/><U121/><E103/><V71/><F71/><W35/><G35/><N who="0" m="13387" /><D2/><N who="1" m="555" /><E55/><V36/><F100/><N who="3" m="60519" /><G117/><T115/><D21/><U85/><E85/><V80/><F37/><W28/><G65/><T14/><D14/><U7/><E46/><V122/><F36/><W34/><G34/><T26/><D26/><U48/><E48/><V56/><F56/><W12/><G12/><T101/><D101/><U134/><E134/><V87/><F57/><W106/><G106/><T104/><D104/><U29/><E121/><N who="0" m="46665" /><D115/><N who="1" m="44043" /><E29/><V112/><F112/><W38/><G38/><T119/><D119/><U98/><E15/><V13/><F13/><W127/><G69/><T125/><D31/><U39/><E7/><V9/><F4/><W41/><G76/><T51/><D30/><U74/><E6/><V59/><F122/><W131/><G131/><T68/><D68/><U58/><E39/><V129/><F129/><W111/><G84/><T108/><D77/><U67/><E74/><V49/><F79/><W23/><G28/><T83/><D72/><U93/><E19/><V62/><F18/><W22/><G47/><T44/><D44/><U82/><E16/><V94/><F17/><W96/><G50/><T88/><D88/><U133/><E133/><V61/><F86/><W105/><G105/><T116/><D116/><U95/><E98/><V110/><F87/><W102/><G96/><T8/><D45/><U54/><E82/><RYUUKYOKU ba="1,0" sc="247,0,452,0,112,0,189,0" /><INIT seed="2,2,0,2,0,12" ten="247,452,112,189" oya="2" hai0="127,124,98,3,10,61,125,109,95,82,133,28,11" hai1="122,128,30,104,34,60,114,113,90,31,40,65,5" hai2="86,43,39,21,117,100,45,23,101,33,73,89,36" hai3="53,118,22,50,93,121,19,88,8,18,78,55,63"/><V83/><F117/><W85/><G121/><T24/><D109/><U111/><E104/><V41/><F33/><W67/><G118/><T0/><D82/><U123/><E40/><V99/><F73/><W132/><G132/><T13/><D61/><U7/><E90/><V74/><F74/><W70/><G78/><T102/><D133/><U77/><E77/><V120/><F120/><N who="1" m="46121" /><E111/><V135/><F135/><W15/><G50/><T62/><D62/><U75/><E75/><V92/><REACH who="2" step="1"/><F100/><REACH who="2" ten="247,452,102,189" step="2"/><W106/><REACH who="3" step="1"/><G106/><REACH who="3" ten="247,452,102,179" step="2"/><T1/><D127/><U2/><E114/><V17/><F17/><W9/><G9/><T108/><D125/><U54/><E113/><V47/><AGARI ba="2,2" hai="21,23,36,39,41,43,45,47,83,86,89,92,99,101" machi="47" ten="30,6000,0" yaku="1,1,0,1,9,1,53,0" doraHai="12" doraHaiUra="115" who="2" fromWho="2" sc="247,-22,452,-22,102,86,179,-22" /><INIT seed="2,3,0,3,1,80" ten="225,430,188,157" oya="2" hai0="109,25,6,16,124,39,24,135,132,134,69,114,11" hai1="93,91,118,18,64,108,101,66,102,96,55,86,52" hai2="56,104,20,65,42,133,45,103,13,121,105,30,15" hai3="31,46,62,35,75,4,37,63,21,50,43,54,122"/><V26/><F121/><W74/><G122/><T90/><D69/><U67/><E108/><V60/><F133/><W87/><G35/><T129/><D39/><U53/><E118/><V58/><F58/><W112/><G4/><T10/><D109/><U3/><E3/><V111/><F111/><W95/><G112/><T0/><D114/><U32/><E32/><V94/><F104/><W107/><G107/><T106/><D106/><U57/><E18/><V41/><F105/><W125/><G125/><T119/><D119/><U61/><E102/><V131/><F131/><W28/><G75/><T88/><D129/><U38/><E38/><V17/><F45/><W2/><G74/><T40/><D40/><U8/><E8/><V48/><F48/><W113/><G2/><T120/><D124/><U130/><E130/><V12/><REACH who="2" step="1"/><F17/><REACH who="2" ten="225,430,178,157" step="2"/><W68/><G50/><T73/><D120/><U70/><E70/><V34/><F34/><W110/><G46/><T82/><D16/><U47/><E47/><V115/><F115/><W49/><G49/><T44/><D44/><U23/><E23/><V5/><F5/><W100/><G21/><T98/><D10/><U36/><E36/><V71/><F71/><W76/><G68/><T81/><D11/><U123/><E123/><V126/><F126/><W128/><G37/><T59/><D59/><U7/><E7/><V14/><N who="2" m="3072" /><DORA hai="127" /><V22/><F22/><W29/><G128/><T72/><D6/><U83/><AGARI ba="3,1" hai="52,53,55,57,61,64,66,67,83,86,91,93,96,101" machi="83" ten="30,7900,0" yaku="0,1,8,1,52,1,54,1" doraHai="80,127" who="1" fromWho="1" sc="225,-23,430,98,178,-42,157,-23" /><INIT seed="3,0,0,1,0,130" ten="202,528,136,134" oya="3" hai0="24,7,58,86,61,29,65,60,122,83,10,103,26" hai1="11,54,2,42,75,115,33,22,108,98,70,80,13" hai2="81,90,64,113,37,93,97,88,57,1,35,44,71" hai3="72,112,124,38,126,127,25,84,79,68,104,45,56"/><W59/><G104/><T119/><D119/><U40/><E33/><V63/><F113/><W96/><G72/><T20/><D122/><U133/><E70/><V135/><F1/><W47/><G96/><T73/><D103/><U92/><E2/><V41/><F35/><W94/><G112/><T99/><D99/><U100/><E108/><V85/><REACH who="2" step="1"/><F71/><REACH who="2" ten="202,528,126,134" step="2"/><W131/><G68/><T102/><D102/><U125/><E115/><V31/><F31/><W95/><G127/><T87/><D29/><U9/><E125/><V6/><F6/><W51/><G126/><T50/><D7/><U43/><E100/><V53/><F53/><W36/><G124/><T77/><D65/><U120/><E54/><V39/><F39/><W78/><G131/><T109/><D109/><U4/><E4/><V19/><F19/><W28/><G28/><T8/><D50/><U128/><E128/><V110/><F110/><W21/><G51/><T23/><D61/><U82/><E120/><V12/><F12/><W52/><G52/><T91/><D60/><U111/><E111/><V118/><F118/><W62/><G62/><T69/><D69/><U46/><E13/><V129/><F129/><W32/><G32/><T66/><D66/><U121/><E121/><V48/><F48/><W106/><G38/><T27/><D27/><U14/><E14/><V76/><F76/><W117/><G25/><T89/><D77/><U105/><E133/><AGARI ba="0,1" hai="37,41,44,57,63,64,81,85,88,90,93,97,133,135" machi="133" ten="40,8000,1" yaku="1,1,52,2,54,1,53,0" doraHai="130" doraHaiUra="0" who="2" fromWho="1" sc="202,0,528,-80,126,90,134,0" /><INIT seed="4,0,0,1,3,129" ten="202,448,216,134" oya="0" hai0="68,84,0,113,34,13,69,26,102,11,103,17,107" hai1="47,61,76,2,35,50,45,28,77,74,106,132,122" hai2="25,20,121,125,10,6,82,14,52,111,90,29,3" hai3="15,12,51,16,124,24,105,31,40,66,41,131,110"/><T117/><D117/><U114/><E2/><V104/><F121/><W87/><G110/><T39/><D39/><U60/><E106/><V109/><F104/><W79/><G105/><T116/><D116/><U119/><E28/><V55/><F125/><W91/><G131/><T75/><D75/><U5/><E5/><V19/><F90/><W8/><G79/><T89/><D113/><U88/><E35/><V118/><F118/><W112/><G112/><T93/><D107/><U18/><E74/><V108/><REACH who="2" step="1"/><F82/><REACH who="2" ten="202,448,206,134" step="2"/><W53/><G124/><T126/><D126/><U135/><E119/><V73/><F73/><W86/><G91/><T70/><D103/><U67/><E122/><V127/><F127/><W49/><G87/><T33/><D102/><U54/><E88/><V63/><F63/><W72/><G86/><T4/><REACH who="0" step="1"/><D26/><REACH who="0" ten="192,448,206,134" step="2"/><U43/><E114/><V32/><AGARI ba="0,2" hai="3,6,10,14,19,20,25,29,32,52,55,108,109,111" machi="32" ten="30,8000,1" yaku="1,1,0,1,24,2,54,1,53,0" doraHai="129" doraHaiUra="85" who="2" fromWho="2" sc="192,-40,448,-20,206,100,134,-20" /><INIT seed="5,0,0,2,0,109" ten="152,428,306,114" oya="1" hai0="56,135,81,54,34,38,78,17,119,26,44,2,10" hai1="23,40,130,3,122,124,15,127,79,63,96,70,58" hai2="84,89,29,6,72,91,5,28,99,11,60,116,55" hai3="134,13,90,49,19,35,83,86,126,80,115,33,64"/><U24/><E3/><V65/><F72/><W105/><G105/><T108/><D108/><U125/><E122/><V20/><F55/><W132/><G64/><T25/><D119/><U107/><E70/><V88/><F116/><W98/><G98/><T12/><D135/><N who="3" m="51753" /><G126/><T75/><D34/><N who="3" m="12809" /><G49/><T52/><D2/><U120/><E120/><V131/><F131/><W61/><G61/><T37/><D37/><U106/><E130/><V57/><F99/><W103/><G103/><T104/><D104/><U123/><E123/><V121/><F121/><W113/><G83/><T47/><D47/><U69/><E69/><V112/><F84/><W1/><G1/><T9/><D9/><AGARI ba="0,0" hai="9,13,19,80,86,90,113,115" m="12809,51753" machi="9" ten="30,3900,0" yaku="20,1,52,2" doraHai="109" who="3" fromWho="0" sc="152,-39,428,0,306,0,114,39" /><INIT seed="6,0,0,0,0,39" ten="113,428,306,153" oya="2" hai0="0,113,11,68,27,132,133,57,134,90,10,53,67" hai1="69,25,117,4,31,21,9,26,63,119,16,94,40" hai2="44,78,28,102,38,13,85,35,55,104,22,36,91" hai3="87,77,61,130,34,110,32,131,15,49,108,65,93"/><V105/><F35/><N who="3" m="13355" /><G15/><T51/><D113/><U48/><E94/><V47/><F78/><W24/><G24/><T124/><D124/><U75/><E75/><V29/><F13/><W46/><G93/><T98/><D0/><U74/><E74/><V81/><F104/><W135/><G87/><T72/><D72/><U42/><E69/><V92/><F105/><W66/><G77/><T100/><D90/><U1/><E63/><V109/><F28/><W58/><G66/><T52/><D27/><U84/><E84/><V79/><F29/><W127/><G127/><T5/><D5/><U97/><E97/><V12/><F12/><W118/><G118/><T3/><D3/><U73/><E73/><V114/><F92/><W17/><G17/><T116/><D116/><U115/><E115/><V120/><F114/><W33/><G33/><T19/><D19/><U99/><E99/><V89/><F89/><W60/><G60/><N who="0" m="40039" /><D53/><U20/><E119/><V30/><F55/><N who="3" m="30135" /><G135/><N who="0" m="34563" /><T128/><DORA hai="50" /><D128/><AGARI ba="0,0" hai="58,61,65,108,110,128,130,131" m="30135,13355" machi="128" ten="30,2000,0" yaku="19,1,52,1" doraHai="39,50" who="3" fromWho="0" sc="113,-20,428,0,306,0,153,20" /><INIT seed="7,0,0,3,5,9" ten="93,428,306,173" oya="3" hai0="110,86,44,109,8,114,82,48,113,102,134,65,52" hai1="15,87,31,28,78,76,97,56,74,129,77,103,51" hai2="117,54,21,25,60,75,67,108,132,59,24,20,112" hai3="135,58,10,91,6,100,49,19,3,83,126,90,70"/><W43/><G70/><T107/><D65/><U71/><E71/><V39/><F75/><W96/><G135/><T124/><D134/><U131/><E74/><V40/><F112/><N who="0" m="43114" /><D107/><U88/><E15/><V130/><F130/><N who="1" m="49673" /><E51/><V73/><F73/><W50/><G58/><T127/><D102/><U55/><E55/><V42/><F117/><W69/><G100/><T118/><D118/><U32/><E56/><V2/><F2/><W123/><G69/><T104/><D104/><N who="1" m="63599" /><E32/><V121/><F121/><W4/><G123/><T38/><D38/><U106/><E106/><V7/><F39/><W122/><G122/><T36/><D36/><U99/><E99/><V94/><F67/><W12/><G43/><T119/><D119/><U18/><E18/><V16/><F7/><W47/><G47/><T101/><D101/><U11/><E11/><V81/><F132/><W34/><G50/><T27/><D27/><U95/><AGARI ba="0,0" hai="28,31,76,77,78,87,88,95" m="63599,49673" machi="95" ten="30,2000,0" yaku="19,1,54,1" doraHai="9" who="1" fromWho="1" sc="93,-5,428,20,306,-5,173,-10" owari="88,-41.0,448,55.0,301,10.0,163,-24.0" /></mjloggm>