<mjloggm ver="2.3"><GO type="169" lobby="0"/><UN n0="%E3%81%8B%E3%81%8B%E3%81%8B%E3%81%8B" n1="%28%3B%E3%83%BB%E2%88%80%E3%83%BB%29" n2="%E3%81%B4%E3%83%BC%E3%81%8A%E3%81%8B" n3="%6C%69%65%62%65" dan="16,16,16,16" rate="2101.55,2181.89,2162.79,2042.07" sx="M,M,M,F"/><TAIKYOKU oya="0"/><INIT seed="0,0,0,4,2,63" ten="250,250,250,250" oya="0" hai0="36,81,128,4,3,82,122,126,99,28,106,83,26" hai1="70,50,42,123,45,24,124,67,40,69,109,87,5" hai2="27,13,130,71,7,78,49,68,21,75,52,132,84" hai3="59,58,102,97,38,20,103,16,112,15,2,90,125"/><T37/><D122/><U25/><E123/><V47/><F130/><W91/><G38/><T6/><D126/><U34/><E124/><V88/><F132/><W115/><G125/><T10/><D128/><U46/><E109/><V54/><F75/><W65/><G2/><T12/><D6/><U116/><E116/><V72/><F72/><W134/><G134/><T117/><D117/><U108/><E108/><V95/><F78/><W80/><G103/><T100/><REACH who="0" step="1"/><D3/><REACH who="0" ten="240,250,250,250" step="2"/><U14/><E5/><V1/><F1/><W56/><G115/><T120/><D120/><U23/><E34/><AGARI ba="0,1" hai="4,10,12,26,28,34,36,37,81,82,83,99,100,106" machi="34" ten="40,3900,0" yaku="1,1,53,1" doraHai="63" doraHaiUra="0" who="0" fromWho="1" sc="240,49,250,-39,250,0,250,0" /><INIT seed="0,1,0,1,4,84" ten="289,211,250,250" oya="0" hai0="93,121,131,17,28,132,61,33,54,56,80,37,73" hai1="3,21,107,126,60,105,127,100,39,46,47,11,55" hai2="106,72,116,1,53,125,97,77,15,113,110,64,0" hai3="66,40,82,5,86,92,129,2,38,59,65,62,49"/><T22/><D121/><U90/><E21/><V120/><F64/><W95/><G129/><T87/><D37/><U27/><E27/><V16/><F113/><W8/><G38/><T117/><D117/><U14/><E3/><V119/><F120/><W67/><G40/><T79/><D33/><U63/><E100/><V71/><F71/><W123/><G49/><T81/><D28/><U94/><E39/><V52/><F110/><W50/><G50/><T91/><D132/><U31/><E31/><V18/><F125/><N who="1" m="47625" /><E105/><V43/><F43/><W75/><G75/><T10/><D10/><U96/><E107/><V111/><F111/><W9/><G8/><T58/><D58/><N who="1" m="34911" /><E63/><V35/><F35/><W44/><G44/><T48/><D131/><U78/><E78/><V99/><F106/><W25/><G25/><T69/><D61/><U103/><E103/><V45/><F77/><W118/><G118/><T104/><D104/><U134/><E134/><V89/><F45/><W68/><G123/><T130/><D130/><U70/><E70/><V135/><F135/><W51/><G51/><T76/><D69/><U32/><E32/><V42/><F42/><W12/><G2/><T26/><D76/><U19/><AGARI ba="1,0" hai="11,14,19,46,47,90,94,96" m="34911,47625" machi="19" ten="30,2000,0" yaku="18,1,52,1" doraHai="84" who="1" fromWho="1" sc="289,-11,211,23,250,-6,250,-6" /><INIT seed="1,0,0,3,0,26" ten="278,234,244,244" oya="1" hai0="119,0,50,122,55,41,106,18,32,125,59,20,75" hai1="83,66,58,109,79,101,23,72,113,14,132,95,94" hai2="93,112,114,54,22,49,71,78,40,8,130,76,73" hai3="43,38,81,84,90,126,51,9,108,89,100,74,13"/><U2/><E2/><V57/><F71/><W124/><G108/><T30/><D119/><U42/><E113/><N who="2" m="43627" /><F130/><W31/><G38/><T10/><D75/><U134/><E42/><V11/><F93/><W131/><G131/><T123/><D106/><U53/><E66/><V129/><F129/><W97/><G74/><T33/><D125/><U91/><E109/><V87/><F87/><W98/><G90/><T5/><D41/><U67/><E67/><V29/><F40/><W60/><G60/><T16/><D18/><N who="1" m="10711" /><E91/><V65/><F65/><W21/><G126/><T39/><D39/><U35/><E35/><V105/><F105/><W92/><G124/><T82/><D82/><U36/><E101/><V62/><F62/><W4/><G98/><T128/><D128/><U7/><E7/><V46/><F46/><N who="3" m="26079" /><G21/><T56/><D59/><U85/><E36/><V28/><F22/><W104/><G104/><T48/><D33/><U17/><E17/><V118/><F118/><W103/><G103/><T127/><D127/><U110/><E110/><V68/><F68/><W45/><G45/><T19/><D19/><U1/><E72/><V6/><F8/><W37/><G37/><T70/><D70/><U117/><E117/><V64/><F64/><W111/><G111/><T96/><D32/><U77/><E77/><N who="2" m="29803" /><F73/><W99/><G99/><T27/><D16/><U15/><E1/><AGARI ba="0,0" hai="1,6,11,28,29,49,54,57" m="29803,43627" machi="1" ten="30,3900,0" yaku="11,1,52,2" doraHai="26" who="2" fromWho="1" sc="278,0,234,-39,244,39,244,0" /><INIT seed="2,0,0,0,5,7" ten="278,195,283,244" oya="2" hai0="89,92,4,19,121,131,57,122,55,26,29,31,108" hai1="47,36,106,50,113,96,5,90,39,8,38,111,16" hai2="61,99,134,79,105,118,41,104,97,13,9,124,68" hai3="2,53,10,132,14,85,93,18,34,125,48,116,91"/><V67/><F118/><W62/><G116/><T30/><D108/><U63/><E113/><V35/><F35/><W59/><G132/><T52/><D131/><U27/><E111/><V54/><F134/><W64/><G125/><T46/><D46/><U128/><E128/><V6/><F124/><W84/><G34/><T87/><D55/><U129/><E129/><V101/><F41/><W78/><G2/><T40/><D40/><U51/><E63/><V58/><F79/><W70/><REACH who="3" step="1"/><G78/><REACH who="3" ten="278,195,283,234" step="2"/><T0/><D0/><U28/><E39/><V74/><F74/><W75/><G75/><T21/><REACH who="0" step="1"/><D4/><REACH who="0" ten="268,195,283,234" step="2"/><U33/><E5/><V22/><F6/><W15/><G15/><T17/><D17/><U102/><E16/><V32/><F13/><W23/><G23/><T130/><D130/><U1/><E1/><V69/><F22/><W56/><G56/><T71/><D71/><U94/><E33/><V11/><F32/><W66/><G66/><T88/><D88/><U72/><E90/><V95/><F69/><W80/><G80/><T20/><D20/><U103/><E38/><V77/><F68/><W42/><G42/><T114/><D114/><U65/><E36/><V37/><F37/><W83/><G83/><T119/><D119/><U120/><E102/><N who="2" m="62559" /><F67/><W43/><G43/><T24/><D24/><U126/><E65/><V127/><F127/><W25/><G25/><T133/><D133/><U60/><E126/><V44/><F77/><W3/><G3/><T76/><D76/><U109/><E72/><V135/><F135/><W100/><G100/><T81/><D81/><RYUUKYOKU ba="0,2" sc="268,15,195,-15,283,-15,234,15" hai0="19,21,26,29,30,31,52,57,87,89,92,121,122" hai3="10,14,18,48,53,59,62,64,70,84,85,91,93" /><INIT seed="3,1,2,2,2,98" ten="283,180,268,249" oya="3" hai0="13,35,10,87,66,2,51,7,94,116,70,14,91" hai1="128,64,107,134,101,65,18,3,60,103,131,53,30" hai2="24,39,67,31,90,130,5,11,20,122,8,83,47" hai3="129,115,114,6,54,36,19,63,124,82,117,52,125"/><W97/><G36/><T50/><D116/><U61/><E3/><V22/><F130/><N who="1" m="49705" /><E107/><V109/><F109/><W1/><G129/><T86/><D35/><U23/><E30/><V57/><F122/><W62/><G117/><T12/><D70/><N who="1" m="42247" /><E53/><N who="3" m="20586" /><G82/><T59/><REACH who="0" step="1"/><D86/><REACH who="0" ten="273,180,268,249" step="2"/><U111/><E111/><V34/><F34/><W73/><G115/><T74/><D74/><U110/><E110/><V26/><F57/><W120/><G73/><T28/><D28/><U108/><E108/><V27/><F31/><W9/><G114/><T72/><D72/><U38/><E134/><V81/><F47/><W84/><G120/><T76/><D76/><U46/><E46/><V105/><F39/><W17/><G84/><T106/><D106/><U69/><E38/><V58/><F105/><W68/><G68/><T93/><D93/><U119/><E119/><V92/><F58/><W0/><G0/><T55/><D55/><U42/><E42/><V132/><F92/><W104/><G19/><T44/><D44/><U32/><E32/><V29/><F132/><W43/><G17/><T37/><D37/><U123/><E123/><V100/><F81/><W133/><G43/><T25/><D25/><AGARI ba="1,3" hai="18,23,25,61,65,69,101,103" m="42247,49705" machi="25" ten="30,3900,0" yaku="19,1,52,2" doraHai="98" who="1" fromWho="0" sc="273,-42,180,72,268,0,249,0" /><INIT seed="4,0,0,1,3,104" ten="231,252,268,249" oya="0" hai0="89,16,66,109,117,18,88,125,123,27,10,102,122" hai1="127,70,71,67,59,49,115,7,135,107,63,131,69" hai2="95,9,73,61,31,58,53,45,48,30,120,50,62" hai3="65,47,8,97,14,110,84,5,24,133,19,46,83"/><T60/><D117/><U20/><E107/><V23/><F120/><W3/><G110/><T34/><D102/><U79/><E7/><V82/><F73/><W74/><G133/><T26/><D109/><U37/><E79/><V81/><F9/><W13/><G97/><T2/><D34/><U39/><E20/><V44/><F95/><W43/><G65/><T22/><D125/><U0/><E0/><V114/><F114/><W92/><G47/><T40/><D40/><U78/><E78/><V96/><F96/><W21/><G92/><T101/><D101/><U121/><E121/><V126/><F126/><W128/><G128/><T54/><D54/><N who="1" m="32207" /><E127/><V108/><F108/><W42/><G42/><T29/><D29/><U68/><E135/><V25/><F31/><W112/><G112/><T119/><D119/><U134/><E134/><V91/><F91/><W85/><G85/><T118/><D118/><U57/><E115/><V4/><F4/><W113/><G113/><T33/><D33/><U105/><E105/><V87/><F87/><W80/><G80/><N who="2" m="30825" /><F45/><W111/><G111/><T103/><D103/><U51/><E131/><V130/><F130/><W1/><G1/><T93/><D89/><U35/><E35/><V98/><F98/><W132/><G132/><T64/><D2/><U116/><E116/><V90/><F90/><N who="3" m="51487" /><G74/><T17/><D122/><U106/><E106/><V99/><F99/><W124/><G124/><T55/><D123/><U77/><E77/><V32/><F32/><W38/><G3/><T86/><D10/><U76/><E76/><V11/><F11/><RYUUKYOKU ba="0,0" sc="231,-30,252,10,268,10,249,10" hai1="37,39,51,57,63,67,68,69,70,71" hai2="23,25,30,44,48,50,53,58,61,62" hai3="5,8,13,14,19,21,24,38,43,46" /><INIT seed="5,1,0,4,2,82" ten="201,262,278,259" oya="1" hai0="48,5,127,88,72,38,13,96,124,76,79,125,67" hai1="3,80,117,104,132,130,103,21,66,11,126,107,131" hai2="58,6,1,113,133,32,115,78,14,24,93,97,116" hai3="101,35,84,71,120,111,30,17,28,63,31,91,53"/><U29/><E117/><V57/><F116/><W37/><G111/><T51/><D38/><U68/><E126/><N who="0" m="32257" /><T81/><DORA hai="77" /><D76/><U45/><E45/><V112/><F133/><W22/><G37/><T83/><D67/><U135/><E29/><N who="2" m="19495" /><F1/><W50/><G120/><T105/><D105/><U59/><E21/><V94/><F78/><W44/><G101/><T4/><D96/><N who="1" m="61543" /><E59/><N who="2" m="22539" /><F97/><W134/><G35/><T106/><D106/><U23/><E23/><V70/><F70/><W95/><G134/><N who="1" m="51242" /><E80/><V129/><F129/><W36/><G36/><T55/><D13/><U119/><E119/><V52/><F14/><N who="3" m="9527" /><G71/><T65/><D65/><U99/><E99/><V98/><F98/><W9/><G9/><T85/><D55/><U60/><E107/><V10/><F52/><W49/><G49/><AGARI ba="1,0" hai="4,5,48,49,51,72,79,81,83,85,88" m="32257" machi="49" ten="40,8000,1" yaku="18,1,52,3,54,1" doraHai="82,77" who="0" fromWho="3" sc="201,83,262,0,278,0,259,-83" /><INIT seed="6,0,0,5,0,40" ten="284,262,278,176" oya="2" hai0="127,19,37,66,61,87,72,105,103,110,74,41,113" hai1="31,26,130,35,79,85,98,67,53,55,107,39,20" hai2="112,126,129,76,115,116,38,6,36,83,18,32,90" hai3="95,68,13,69,102,118,0,133,8,63,44,60,92"/><V88/><F116/><W33/><G118/><T134/><D110/><U25/><E39/><N who="2" m="14891" /><F32/><W12/><G33/><T28/><D19/><U2/><E2/><V59/><F6/><W114/><G0/><T64/><D64/><U131/><E67/><V50/><F18/><W124/><G124/><T106/><D72/><U82/><E107/><V73/><F126/><W14/><G133/><T10/><D106/><U48/><E98/><V58/><F129/><N who="1" m="49161" /><E48/><V57/><F50/><W104/><G104/><T52/><D66/><U34/><E34/><V11/><F11/><W22/><G22/><T135/><D37/><U4/><E4/><V16/><F16/><AGARI ba="0,0" hai="16,20,25,26,31,35,53,55,79,82,85" m="49161" machi="16" ten="30,2000,0" yaku="19,1,54,1" doraHai="40" who="1" fromWho="2" sc="284,0,262,20,278,-20,176,0" /><INIT seed="7,0,0,4,0,6" ten="284,282,258,176" oya="3" hai0="135,125,40,3,14,104,74,16,18,51,50,42,84" hai1="11,81,58,30,38,70,22,8,90,105,77,9,96" hai2="1,54,73,108,93,101,46,76,112,80,2,109,79" hai3="45,120,122,27,126,44,34,117,26,82,114,43,24"/><W110/><G117/><T37/><D3/><U5/><E70/><V59/><F112/><W57/><G114/><T19/><D74/><U102/><E38/><V119/><F119/><W92/><G34/><T69/><D37/><U115/><E115/><V87/><F46/><W10/><G110/><T49/><D104/><U94/><E58/><V127/><F127/><W31/><G31/><T95/><D69/><U103/><E22/><V113/><F113/><W0/><G126/><T100/><D125/><U65/><E65/><V23/><F1/><W107/><G107/><T15/><D135/><U64/><E64/><V134/><F2/><W99/><G82/><T132/><D132/><U68/><E68/><V67/><F67/><W116/><G116/><T13/><D100/><U33/><E30/><V118/><F118/><W4/><G57/><T66/><D66/><U62/><E62/><V121/><F134/><W88/><REACH who="3" step="1"/><G45/><REACH who="3" ten="284,282,258,166" step="2"/><T124/><D124/><U36/><E33/><V17/><F108/><W85/><G85/><T28/><D28/><U111/><E111/><V60/><F109/><W52/><G52/><T123/><D123/><U32/><E32/><V83/><F121/><W97/><G97/><T12/><N who="0" m="3072" /><DORA hai="98" /><T72/><D72/><N who="1" m="43175" /><E5/><V106/><F106/><W53/><G53/><T129/><D129/><U91/><E105/><V131/><F131/><W86/><G86/><T39/><D19/><U7/><E7/><V89/><F17/><W48/><AGARI ba="0,1" hai="0,4,10,24,26,27,43,44,48,88,92,99,120,122" machi="48" ten="30,11700,0" yaku="1,1,0,1,52,1,54,1,53,0" doraHai="6,98" doraHaiUra="29,56" who="3" fromWho="3" sc="284,-39,282,-39,258,-39,166,127" /><INIT seed="7,1,0,1,2,6" ten="245,243,219,293" oya="3" hai0="100,106,49,96,130,119,64,14,114,87,11,62,71" hai1="2,124,19,121,109,57,50,32,111,46,47,127,91" hai2="82,97,113,102,92,103,33,41,25,104,65,89,10" hai3="86,30,131,73,29,1,126,27,81,53,105,69,31"/><W61/><G105/><T112/><D119/><U28/><E2/><V18/><F113/><N who="0" m="43626" /><D130/><U116/><E32/><V118/><F118/><W12/><G73/><T39/><D39/><U133/><E28/><N who="3" m="10858" /><G126/><N who="1" m="48170" /><E116/><V135/><F33/><W56/><G69/><T120/><D120/><U45/><E91/><V23/><F135/><W15/><G1/><T24/><D24/><U8/><E121/><V95/><F65/><W55/><G55/><T85/><D49/><U70/><E70/><V54/><F41/><W79/><G131/><T115/><N who="0" m="43634" /><T60/><DORA hai="110" /><D62/><U59/><E8/><V75/><F104/><W117/><G117/><T4/><AGARI ba="1,0" hai="4,11,14,60,64,71,85,87,96,100,106" m="43634" machi="4" ten="40,12000,2" yaku="15,1,11,1,52,5" doraHai="6,110" who="0" fromWho="0" sc="245,123,243,-31,219,-31,293,-61" owari="368,47.0,212,-19.0,188,-31.0,232,3.0" /></mjloggm>