<mjloggm ver="2.3"><GO type="185" lobby="0"/><UN n0="%E3%82%84%E3%81%BE%E3%81%8B%E3%81%84" n1="%E2%99%AA%E5%A4%A2%E5%85%88%E6%A1%88%E5%86%85%E4%BA%BA" n2="%E9%96%A2%E8%A5%BF%E9%9B%80%E5%A3%AB%E4%BC%9A" n3="" dan="17,17,16,0" rate="2250.88,2265.90,2114.51,1500.00" sx="M,F,M,C"/><TAIKYOKU oya="0"/><INIT seed="0,0,0,3,0,35" ten="350,350,350,0" oya="0" hai0="123,101,127,91,33,42,48,67,105,43,65,128,125" hai1="119,54,126,87,41,94,52,99,108,49,131,103,121" hai2="36,61,51,117,132,122,89,38,97,68,70,109,57" hai3=""/><T39/><N who="0" m="31520" /><T56/><D33/><U47/><N who="1" m="31008" /><U79/><E119/><V59/><N who="2" m="31264" /><V50/><F97/><T77/><D77/><U130/><E108/><V106/><F106/><T44/><D128/><N who="1" m="49195" /><E126/><N who="0" m="48137" /><D91/><U92/><E79/><V73/><F73/><T93/><D105/><U111/><E111/><V37/><F89/><AGARI ba="0,0" hai="41,47,49,52,54,87,89,92,94,99,103" m="49195,31008" machi="89" ten="30,3900,0" yaku="19,1,52,1,54,1" doraHai="35" who="1" fromWho="2" sc="350,0,350,39,350,-39,0,0" /><INIT seed="1,0,0,3,3,89" ten="350,389,311,0" oya="1" hai0="84,104,126,134,106,99,93,101,125,32,61,81,70" hai1="52,48,54,128,68,119,100,123,35,92,72,58,65" hai2="90,102,122,131,98,105,69,37,87,114,51,130,113" hai3=""/><U83/><N who="1" m="31520" /><U110/><E119/><V129/><N who="2" m="31264" /><V44/><F69/><T1/><D1/><U121/><N who="1" m="31008" /><U116/><E116/><V77/><F37/><T56/><D32/><U118/><E118/><V0/><F0/><T57/><D134/><U124/><E35/><V78/><F51/><T47/><D70/><U67/><E124/><N who="0" m="47721" /><D47/><U46/><E128/><V79/><REACH who="2" step="1"/><F44/><REACH who="2" ten="350,389,301,0" step="2"/><T111/><D111/><U63/><E110/><V88/><F88/><T34/><D34/><U95/><E100/><V112/><F112/><T96/><D57/><U62/><REACH who="1" step="1"/><E67/><REACH who="1" ten="350,379,301,0" step="2"/><V135/><F135/><T74/><D101/><U120/><N who="1" m="30752" /><U38/><E38/><V45/><F45/><T91/><D56/><U86/><E86/><V3/><F3/><T127/><D127/><U117/><E117/><V107/><F107/><T66/><D66/><U132/><E132/><V71/><F71/><T85/><D85/><U36/><E36/><V55/><F55/><T76/><D106/><U2/><E2/><V40/><F40/><T50/><D104/><U103/><E103/><V43/><F43/><T60/><D84/><U108/><E108/><V97/><F97/><T49/><D99/><U64/><E64/><V53/><F53/><RYUUKYOKU ba="0,2" sc="350,0,379,0,301,0,0,0" hai0="49,50,60,61,74,76,81,91,93,96" hai1="46,48,52,54,58,62,63,65,68,72,83,92,95" hai2="77,78,79,87,90,98,102,105,113,114,129,130,131" /><INIT seed="1,1,2,5,4,117" ten="350,379,301,0" oya="1" hai0="100,123,97,41,63,67,76,90,95,116,113,111,109" hai1="120,47,69,126,115,49,98,59,54,50,33,65,68" hai2="46,119,86,118,94,60,124,40,34,72,133,70,121" hai3=""/><U83/><N who="1" m="30752" /><U127/><E33/><V106/><N who="2" m="31008" /><V75/><F34/><T92/><N who="0" m="31520" /><T61/><D113/><U42/><E115/><V48/><F133/><T1/><D1/><U130/><E130/><V103/><F124/><N who="1" m="47657" /><E98/><V0/><F0/><T88/><D116/><U45/><E83/><V129/><F129/><T84/><D41/><U66/><E59/><V132/><F132/><T110/><D76/><U35/><E35/><V36/><F106/><T122/><N who="0" m="31264" /><T71/><D63/><U52/><E42/><V74/><F36/><T53/><D53/><U57/><E57/><V37/><F37/><T134/><D134/><U85/><E85/><V112/><F112/><T135/><D135/><U39/><E39/><V93/><F93/><T64/><D64/><AGARI ba="1,2" hai="45,47,49,50,52,54,64,65,66,68,69" m="47657,30752" machi="64" ten="30,18000,2" yaku="18,1,34,2,52,2,54,1" doraHai="117" who="1" fromWho="0" sc="350,-182,379,202,301,0,0,0" /><INIT seed="1,2,0,4,0,32" ten="168,581,301,0" oya="1" hai0="110,134,46,85,49,69,66,3,77,91,94,121,47" hai1="113,123,81,96,112,76,92,42,119,109,102,82,38" hai2="95,99,68,45,60,117,52,87,36,53,86,79,104" hai3=""/><U70/><N who="1" m="31520" /><U75/><E119/><V59/><F117/><T108/><N who="0" m="31008" /><T120/><N who="0" m="30752" /><T35/><D35/><U78/><E70/><V116/><F116/><T83/><D134/><U67/><E67/><V64/><F104/><T93/><D3/><U130/><E38/><V58/><F79/><T72/><D93/><U90/><E42/><V43/><F58/><T73/><D73/><U127/><E130/><V1/><F1/><T124/><D124/><U41/><E41/><V111/><F111/><N who="0" m="42538" /><D49/><U44/><E44/><V103/><REACH who="2" step="1"/><F53/><REACH who="2" ten="168,581,291,0" step="2"/><T2/><D2/><U0/><E109/><V56/><F56/><T34/><D34/><U55/><E55/><V89/><F89/><T101/><D101/><U57/><E57/><V51/><AGARI ba="2,1" hai="36,43,45,51,52,59,60,64,68,86,87,95,99,103" machi="51" ten="20,9000,2" yaku="1,1,0,1,7,1,24,2,54,1,53,0" doraHai="32" doraHaiUra="128" who="2" fromWho="2" sc="168,-32,581,-62,291,104,0,0" /><INIT seed="2,0,0,5,2,109" ten="136,519,395,0" oya="2" hai0="53,135,91,95,55,113,47,111,77,89,39,41,115" hai1="69,78,102,45,68,38,63,128,33,60,96,81,64" hai2="130,71,127,1,3,134,119,131,90,74,57,99,49" hai3=""/><V123/><N who="2" m="31520" /><V43/><F119/><T86/><D111/><U56/><E33/><V104/><F71/><T36/><D135/><U73/><E128/><N who="2" m="49195" /><F74/><T32/><D32/><U121/><N who="1" m="31008" /><U100/><E102/><V125/><F104/><T48/><D77/><U124/><E124/><N who="2" m="47691" /><F90/><T59/><D55/><U54/><E69/><V106/><F106/><T66/><D66/><U110/><E110/><V35/><F99/><T80/><REACH who="0" step="1"/><D39/><REACH who="0" ten="126,519,395,0" step="2"/><U98/><E38/><V117/><F35/><T118/><D118/><U42/><E78/><V72/><F117/><T88/><D88/><U97/><E100/><V0/><F72/><T105/><D105/><U79/><E73/><V93/><F43/><T82/><D82/><U62/><E81/><V46/><F93/><T67/><D67/><U85/><E79/><V84/><F84/><AGARI ba="0,1" hai="36,41,47,48,53,59,80,84,86,89,91,95,113,115" machi="84" ten="40,5200,0" yaku="1,1,52,2,53,0" doraHai="109" doraHaiUra="126" who="0" fromWho="2" sc="126,62,519,0,395,-52,0,0" /><INIT seed="4,0,0,5,0,62" ten="188,519,343,0" oya="0" hai0="73,121,67,99,69,119,46,49,48,132,64,76,104" hai1="78,91,54,61,70,57,35,45,89,42,128,123,36" hai2="131,56,68,72,79,120,114,130,122,95,58,75,44" hai3=""/><T96/><N who="0" m="31008" /><T50/><D119/><U66/><N who="1" m="31520" /><U102/><E35/><V2/><N who="2" m="30752" /><V33/><N who="2" m="31264" /><V116/><F33/><T117/><D117/><U32/><E32/><V134/><F2/><T105/><D132/><U47/><E128/><N who="2" m="49195" /><F116/><T0/><D0/><U103/><E78/><V101/><F68/><T60/><D46/><U111/><E111/><V65/><F114/><T71/><D76/><U100/><REACH who="1" step="1"/><E45/><REACH who="1" ten="188,509,343,0" step="2"/><V38/><F79/><T59/><D73/><U53/><E53/><V86/><F134/><T80/><D80/><U129/><E129/><V55/><F75/><T124/><D124/><U127/><E127/><V118/><F118/><T126/><D126/><U93/><E93/><V39/><F72/><T113/><D113/><U34/><E34/><V43/><F95/><T133/><D133/><U92/><E92/><V37/><F101/><T107/><REACH who="0" step="1"/><D67/><REACH who="0" ten="178,509,343,0" step="2"/><U106/><E106/><V115/><F115/><T51/><N who="0" m="12288" /><DORA hai="63" /><T41/><D41/><U94/><E94/><V82/><F43/><T77/><D77/><U88/><E88/><V1/><F44/><T108/><D108/><U83/><E83/><V97/><F1/><T81/><D81/><U84/><E84/><V52/><F86/><RYUUKYOKU ba="0,2" sc="178,10,509,10,343,-20,0,0" hai0="59,60,64,69,71,96,99,104,105,107" hai1="36,42,47,54,57,61,66,70,89,91,100,102,103" /><INIT seed="4,1,2,0,2,107" ten="188,519,323,0" oya="0" hai0="72,45,57,125,41,86,113,132,40,58,106,111,128" hai1="127,83,50,123,70,0,101,75,109,135,80,37,67" hai2="126,3,121,56,100,103,131,87,91,62,118,119,110" hai3=""/><T88/><D106/><U44/><N who="1" m="31520" /><U98/><E109/><V66/><N who="2" m="31008" /><V122/><N who="2" m="31264" /><V129/><F3/><T130/><D111/><U71/><E0/><V34/><F126/><T1/><D1/><U120/><N who="1" m="30752" /><U81/><E127/><V82/><F34/><T108/><D108/><U79/><E135/><V48/><F48/><T33/><D33/><U76/><E37/><V32/><F32/><T85/><D125/><U84/><E81/><V102/><REACH who="2" step="1"/><F110/><REACH who="2" ten="188,519,313,0" step="2"/><T99/><D132/><U65/><E71/><V95/><F95/><T133/><D133/><U105/><REACH who="1" step="1"/><E70/><REACH who="1" ten="188,509,313,0" step="2"/><V69/><F69/><T63/><D130/><AGARI ba="1,4" hai="56,62,66,82,87,91,100,102,103,118,119,129,130,131" m="31264,31008" machi="130" ten="40,8000,1" yaku="1,1,19,1,52,2,53,0" doraHai="107" doraHaiUra="36" who="2" fromWho="0" sc="188,-82,509,0,313,122,0,0" /><INIT seed="5,0,0,4,0,35" ten="106,509,435,0" oya="1" hai0="85,52,129,108,44,100,72,131,77,124,70,114,79" hai1="34,47,56,97,59,127,115,123,75,117,41,38,112" hai2="1,51,36,116,50,81,92,105,98,64,58,63,68" hai3=""/><U74/><N who="1" m="31520" /><U120/><N who="1" m="30752" /><U66/><E117/><V43/><F105/><T49/><D72/><U37/><E34/><V91/><F116/><T2/><D2/><U32/><E32/><V60/><F81/><T95/><D108/><U119/><E119/><V128/><F128/><T71/><D114/><N who="1" m="43563" /><E127/><V61/><F61/><T86/><D124/><U126/><E126/><V55/><F1/><T125/><D125/><U46/><E97/><V69/><F69/><T130/><D100/><U53/><E66/><V132/><F132/><T78/><REACH who="0" step="1"/><D95/><REACH who="0" ten="96,509,435,0" step="2"/><U54/><E75/><V90/><F92/><T135/><D135/><U107/><E74/><V93/><F93/><T57/><D57/><N who="1" m="22091" /><E107/><V94/><F94/><T88/><D88/><U99/><E99/><V87/><F98/><T113/><D113/><U33/><E33/><V104/><F104/><T118/><D118/><U103/><E103/><V3/><F3/><T121/><N who="0" m="31008" /><T73/><D73/><U42/><AGARI ba="0,1" hai="37,38,41,42,46,47,53,54" m="22091,43563,30752,31520" machi="42" ten="30,8000,1" yaku="15,1,34,2,52,2" doraHai="35" who="1" fromWho="1" sc="96,-40,509,90,435,-40,0,0" /><INIT seed="5,1,0,1,4,38" ten="56,599,395,0" oya="1" hai0="2,107,44,74,122,36,123,46,97,89,127,49,33" hai1="94,121,103,102,88,104,64,50,72,39,59,75,56" hai2="91,70,85,81,130,53,90,112,128,99,134,78,83" hai3=""/><U35/><N who="1" m="31008" /><U100/><E35/><V108/><F70/><T76/><N who="0" m="31264" /><T62/><N who="0" m="31520" /><T68/><D33/><U106/><E39/><V120/><N who="2" m="30752" /><V135/><F108/><T52/><D2/><U118/><E118/><V116/><F116/><T115/><D115/><U77/><E64/><V73/><F53/><T96/><D127/><U132/><E132/><N who="2" m="50731" /><F112/><T71/><D97/><U43/><E59/><V57/><F57/><T51/><D36/><U42/><E77/><V125/><F125/><T41/><D62/><U0/><E0/><V79/><F99/><T119/><D119/><U95/><E56/><V63/><F63/><T47/><D47/><U58/><E58/><V93/><F93/><T126/><D126/><U101/><E95/><V110/><F110/><T98/><D98/><U3/><E3/><V92/><F92/><T114/><D114/><U131/><E94/><V45/><F45/><T87/><D96/><U84/><E106/><V86/><F73/><T69/><D107/><U82/><E72/><V61/><F61/><T37/><D37/><U113/><E75/><V117/><F117/><T133/><D133/><U111/><E104/><V109/><F109/><T48/><D48/><U124/><E111/><RYUUKYOKU ba="1,0" sc="56,-10,599,-10,395,20,0,0" hai2="78,79,81,83,85,86,90,91,128,130" /><INIT seed="6,2,0,1,2,118" ten="46,589,415,0" oya="2" hai0="79,89,115,32,38,109,63,83,36,52,42,72,86" hai1="3,92,104,69,132,60,85,102,56,53,135,120,96" hai2="75,73,129,1,90,91,84,0,44,100,116,88,68" hai3=""/><V93/><F116/><T105/><D42/><U97/><N who="1" m="30752" /><U133/><E3/><V54/><F68/><T33/><D63/><U64/><E85/><V94/><F129/><T46/><D52/><U50/><E96/><V87/><F100/><T114/><D46/><U65/><E65/><V81/><F81/><T2/><D86/><U45/><E104/><V51/><REACH who="2" step="1"/><F90/><REACH who="2" ten="46,589,405,0" step="2"/><T127/><D89/><U43/><E69/><V41/><F41/><T106/><D83/><U78/><E78/><V117/><F117/><T40/><D79/><U57/><E43/><V95/><F95/><T82/><D40/><U112/><E112/><V67/><F67/><T48/><D82/><U111/><E111/><V108/><F108/><T123/><D48/><U74/><E64/><V126/><F126/><T128/><D114/><U66/><E66/><V76/><F76/><T80/><D80/><U49/><E102/><V103/><F103/><T101/><D101/><U37/><E92/><V47/><F47/><T61/><D61/><U122/><E45/><V113/><F113/><T107/><D107/><U98/><E60/><V59/><F59/><T62/><D62/><U124/><E56/><V99/><F99/><T130/><D106/><U55/><E98/><RYUUKYOKU ba="2,1" sc="46,-10,589,-10,405,20,0,0" hai2="0,1,44,51,54,73,75,84,87,88,91,93,94" /><INIT seed="6,3,1,0,2,116" ten="36,579,425,0" oya="2" hai0="103,81,124,129,84,134,43,98,59,121,94,108,68" hai1="86,52,67,62,0,66,82,41,119,117,57,46,93" hai2="95,85,73,123,33,99,58,132,50,101,1,128,79" hai3=""/><V37/><N who="2" m="31520" /><V51/><F33/><T110/><D59/><U112/><E0/><V118/><F1/><T105/><D43/><U89/><E112/><V44/><F118/><N who="1" m="45065" /><E93/><V69/><F69/><T36/><N who="0" m="31008" /><T55/><D55/><U78/><E78/><V130/><F132/><T90/><D36/><AGARI ba="3,1" hai="36,41,46,52,57,62,66,67,82,86,89" m="45065" machi="36" ten="30,2000,0" yaku="12,1,54,1" doraHai="116" who="1" fromWho="0" sc="36,-26,579,36,425,0,0,0" owari="10,-59.0,615,56.0,425,3.0,0,0.0" /></mjloggm>