<mjloggm ver="2.3"><GO type="169" lobby="0"/><UN n0="%E7%B7%91%E3%81%AE%E3%83%A9%E3%83%B3%E3%83%97" n1="%E9%9B%80%E8%8D%98%E4%B8%AD%E5%B7%9D" n2="%73%65%61%73%74%6F%72%79" n3="%77%69%6C%73%6F%6E" dan="16,17,16,16" rate="2104.37,2197.33,2086.63,2149.27" sx="M,M,M,M"/><TAIKYOKU oya="0"/><INIT seed="0,0,0,5,4,13" ten="250,250,250,250" oya="0" hai0="38,27,86,23,87,121,113,17,69,48,33,65,108" hai1="5,24,4,119,129,70,19,0,104,83,54,131,101" hai2="55,75,11,109,71,6,123,21,66,115,132,40,91" hai3="92,128,117,110,46,81,47,90,7,133,72,73,49"/><T100/><D38/><U58/><E70/><V106/><F123/><W59/><G117/><T50/><D121/><U107/><E119/><V74/><F115/><W89/><G133/><T77/><D113/><U22/><E83/><V94/><F106/><N who="1" m="40489" /><E101/><V41/><F132/><W85/><G110/><T39/><D39/><U97/><E97/><V120/><F120/><W62/><G128/><N who="1" m="49226" /><E0/><V130/><F130/><W124/><G124/><T9/><D100/><U29/><E29/><V14/><F109/><W116/><G116/><T2/><D108/><U112/><E112/><V12/><F66/><W84/><G7/><T37/><D65/><U125/><E125/><V118/><F71/><W25/><G25/><T3/><D37/><U82/><E82/><V76/><F118/><W105/><G105/><T16/><D69/><U53/><E53/><V45/><F76/><W79/><G49/><AGARI ba="0,0" hai="4,5,19,22,24,49,54,58" m="49226,40489" machi="49" ten="30,2000,0" yaku="19,1,52,1" doraHai="13" who="1" fromWho="3" sc="250,0,250,20,250,0,250,-20" /><INIT seed="1,0,0,1,1,13" ten="250,270,250,230" oya="1" hai0="19,24,40,86,110,6,3,20,120,99,55,124,75" hai1="115,97,116,122,90,62,74,68,123,18,72,65,78" hai2="85,38,133,8,34,43,76,48,58,26,121,57,129" hai3="17,32,0,2,88,41,36,42,131,9,71,64,61"/><U126/><E115/><V70/><F121/><W4/><G131/><T79/><D120/><U134/><E116/><V77/><F129/><W112/><G112/><T12/><D124/><U25/><E74/><V5/><F70/><W105/><G105/><T37/><D110/><U96/><E96/><V109/><F109/><W7/><G32/><T30/><D55/><U89/><E89/><V114/><F38/><W22/><G36/><T46/><D86/><U49/><E126/><V23/><F34/><W33/><G33/><T118/><D99/><U16/><E134/><V66/><F133/><W67/><G67/><T111/><D111/><U84/><E97/><V45/><F114/><W95/><G7/><T106/><D106/><U132/><E132/><V117/><F117/><W35/><G0/><T59/><D59/><U82/><E49/><V11/><F66/><W63/><G63/><T51/><D118/><U93/><REACH who="1" step="1"/><E18/><REACH who="1" ten="250,260,250,230" step="2"/><N who="2" m="12663" /><F77/><W14/><REACH who="3" step="1"/><G35/><REACH who="3" ten="250,260,250,220" step="2"/><T27/><D37/><U101/><E101/><V29/><F48/><W69/><G69/><T52/><D51/><U15/><E15/><V80/><F76/><W119/><G119/><T94/><D12/><U125/><E125/><V47/><F43/><W1/><G1/><T127/><D40/><U107/><E107/><V135/><F135/><W21/><G21/><AGARI ba="0,2" hai="16,21,25,62,65,68,72,78,82,84,90,93,122,123" machi="21" ten="40,7700,0" yaku="1,1,52,1,54,1,53,0" doraHai="13" doraHaiUra="102" who="1" fromWho="3" sc="250,0,260,97,250,0,220,-77" /><INIT seed="1,1,0,3,4,56" ten="250,357,250,143" oya="1" hai0="9,88,18,82,37,98,80,36,29,14,41,109,19" hai1="125,59,20,127,40,35,3,13,54,57,103,45,107" hai2="132,2,92,121,31,101,51,110,23,131,102,97,94" hai3="115,12,74,49,87,76,135,15,133,117,134,90,65"/><U4/><E35/><V75/><F121/><W104/><G115/><T113/><D113/><U95/><E107/><V50/><F75/><W22/><G117/><T71/><D71/><U39/><E3/><V114/><F2/><W93/><G104/><T33/><D37/><U17/><E4/><V62/><F114/><W89/><G65/><T79/><D36/><U52/><E103/><V85/><F132/><W67/><G67/><T16/><D41/><U32/><E32/><V123/><F123/><W86/><G74/><T73/><D109/><U108/><E108/><V77/><F110/><W118/><G118/><T34/><D34/><U64/><E64/><V111/><F111/><W105/><G76/><T61/><D29/><U46/><E95/><V122/><F122/><W106/><G49/><T21/><D33/><U10/><E46/><V42/><F50/><W63/><G63/><T126/><D61/><U128/><E128/><V24/><F62/><W60/><G60/><T6/><D126/><U130/><E130/><V119/><F131/><W69/><G69/><T100/><D100/><U25/><E59/><V8/><F119/><W27/><G106/><T91/><D82/><U124/><REACH who="1" step="1"/><E57/><REACH who="1" ten="250,347,250,143" step="2"/><V0/><F0/><W120/><G105/><T112/><D112/><U48/><E48/><V58/><F51/><W96/><G120/><T26/><D98/><U81/><E81/><V1/><F97/><W47/><G47/><T28/><AGARI ba="1,1" hai="6,9,14,16,18,19,21,26,28,73,79,80,88,91" machi="28" ten="30,4000,0" yaku="0,1,54,2" doraHai="56" who="0" fromWho="0" sc="250,53,347,-21,250,-11,143,-11" /><INIT seed="2,0,0,4,4,50" ten="303,326,239,132" oya="2" hai0="105,126,1,62,80,19,116,9,71,112,57,14,48" hai1="40,100,108,63,120,113,7,76,82,111,130,115,61" hai2="132,16,127,49,34,122,72,22,8,38,52,18,25" hai3="15,93,43,114,2,24,10,54,41,17,79,107,35"/><V102/><F122/><W44/><G107/><T46/><D105/><U106/><E7/><V20/><F72/><W26/><G114/><T64/><D112/><N who="1" m="43083" /><E40/><V135/><F38/><W28/><G79/><T134/><D116/><U39/><E39/><V88/><F102/><W121/><G121/><T96/><D126/><U30/><E30/><V3/><F127/><W74/><G74/><T97/><D134/><N who="2" m="51242" /><F34/><W85/><G26/><T60/><D1/><U53/><E120/><V78/><F78/><W33/><G33/><T11/><D11/><U65/><E130/><V23/><F25/><W58/><G44/><T66/><REACH who="0" step="1"/><D80/><REACH who="0" ten="293,326,239,132" step="2"/><U125/><E82/><V12/><F3/><W86/><G2/><T5/><D5/><U118/><E125/><V70/><F70/><W87/><REACH who="3" step="1"/><G93/><REACH who="3" ten="293,326,239,122" step="2"/><T123/><D123/><U103/><E106/><V32/><F32/><W68/><G68/><T90/><D90/><U104/><E104/><V0/><F88/><W99/><G99/><T128/><D128/><U109/><E76/><V119/><F0/><W75/><G75/><T83/><D83/><U98/><E98/><V124/><F124/><W77/><G77/><T31/><D31/><U59/><E118/><V47/><F119/><W81/><G81/><T27/><D27/><U92/><E92/><V117/><F117/><W89/><G89/><T73/><D73/><U56/><AGARI ba="0,2" hai="53,56,59,61,63,65,100,103,108,109,111" m="43083" machi="56" ten="40,2700,0" yaku="14,1,52,1" doraHai="50" who="1" fromWho="1" sc="293,-7,326,47,239,-13,122,-7" /><INIT seed="3,0,0,5,2,65" ten="286,373,226,115" oya="3" hai0="42,128,81,6,0,38,53,100,48,123,70,41,85" hai1="19,20,63,119,21,62,88,40,4,2,73,18,8" hai2="76,118,108,31,79,99,96,25,56,24,14,34,71" hai3="35,36,127,126,112,124,75,115,52,46,58,54,68"/><W64/><G35/><T95/><D123/><U44/><E73/><V59/><F118/><W12/><G75/><T83/><D128/><U9/><E119/><V30/><F14/><W97/><G97/><T101/><D6/><U87/><E9/><V93/><F93/><W84/><G12/><T49/><D95/><U116/><E21/><V11/><F11/><W50/><G84/><T29/><D85/><U114/><E114/><N who="3" m="43562" /><G36/><T15/><D15/><U57/><E116/><V121/><F121/><W69/><G64/><T10/><D10/><U89/><E20/><V66/><F66/><W13/><G13/><T28/><D53/><U104/><E104/><V92/><F92/><W91/><G91/><T80/><D80/><U32/><E89/><V55/><F55/><W17/><G17/><T27/><D38/><U39/><E32/><V125/><F34/><W86/><G86/><T43/><D43/><U134/><E19/><V135/><F79/><W67/><G67/><T47/><D47/><U82/><E18/><V61/><F76/><W105/><G105/><T23/><D23/><U130/><E82/><V51/><F99/><W106/><G106/><T3/><D27/><U103/><E87/><V60/><F96/><W111/><G111/><T117/><D117/><U37/><E37/><V107/><F108/><W33/><G33/><T102/><D102/><U26/><E103/><V74/><F107/><W98/><G98/><T1/><D1/><U45/><E39/><V131/><F74/><W109/><G109/><T120/><D120/><U72/><E2/><V5/><F5/><RYUUKYOKU ba="0,0" sc="286,15,373,-15,226,-15,115,15" hai0="0,3,28,29,41,42,48,49,70,81,83,100,101" hai3="46,50,52,54,58,68,69,124,126,127" /><INIT seed="3,1,0,3,1,75" ten="301,358,211,130" oya="3" hai0="66,54,91,116,50,120,45,52,39,34,102,96,51" hai1="73,114,55,129,35,81,117,9,105,123,112,98,2" hai2="14,67,113,56,68,133,33,40,88,104,20,108,27" hai3="121,5,82,19,48,84,109,100,57,76,0,37,87"/><W89/><G37/><T124/><D120/><U43/><E123/><V106/><F113/><W118/><G121/><T128/><D116/><U135/><E55/><V60/><F133/><W22/><G118/><T47/><D34/><U24/><E117/><V77/><F108/><W12/><G109/><T95/><D128/><U119/><E129/><V58/><F33/><W4/><G0/><T1/><D1/><U71/><E71/><V80/><F40/><W16/><G100/><T46/><D124/><U111/><E43/><V90/><F14/><W92/><G19/><T61/><D39/><U59/><E59/><V85/><F106/><W101/><G101/><T134/><D134/><U25/><E25/><V97/><F104/><W69/><G69/><T8/><D8/><U64/><E135/><V18/><F97/><W6/><G6/><T130/><D130/><U44/><E112/><V29/><F29/><W79/><G79/><T94/><D46/><U86/><E114/><V13/><F27/><W11/><G11/><T131/><D131/><U31/><E111/><V53/><F68/><W126/><G126/><T93/><D102/><N who="1" m="62679" /><E119/><V23/><F23/><W10/><G10/><T32/><D32/><U7/><E44/><V62/><AGARI ba="1,0" hai="13,18,20,53,56,58,60,62,67,77,80,85,88,90" machi="62" ten="20,8000,1" yaku="0,1,7,1,8,1,52,1,54,1" doraHai="75" who="2" fromWho="2" sc="301,-21,358,-21,211,83,130,-41" /><INIT seed="4,0,0,3,5,22" ten="280,337,294,89" oya="0" hai0="17,19,86,109,27,6,64,119,67,120,79,37,5" hai1="135,39,3,59,122,58,102,82,73,36,100,68,45" hai2="12,115,93,7,33,0,96,99,20,94,124,81,103" hai3="48,43,41,32,63,49,46,40,105,13,127,108,44"/><T128/><D37/><U110/><E122/><V28/><F124/><W14/><G32/><T9/><D79/><U15/><E110/><V101/><F115/><W130/><G105/><T55/><D120/><U11/><E68/><V51/><F33/><W76/><G76/><T116/><D86/><U56/><E3/><V26/><F0/><W10/><G108/><T85/><D85/><U65/><E65/><V70/><F70/><W38/><G127/><T78/><D78/><U30/><E73/><V92/><F51/><W62/><G130/><T8/><D128/><U66/><E82/><V4/><F81/><W107/><G107/><T129/><D129/><U77/><E77/><V89/><F12/><W42/><G10/><T18/><D18/><U54/><E66/><V16/><F28/><W126/><G126/><T69/><D69/><U114/><E30/><V123/><F123/><W87/><G87/><AGARI ba="0,0" hai="4,7,16,20,26,87,89,92,93,94,96,99,101,103" machi="87" ten="30,8000,1" yaku="7,1,9,1,8,1,52,1,54,1" doraHai="22" who="2" fromWho="3" sc="280,0,337,0,294,80,89,-80" /><INIT seed="5,0,0,2,2,87" ten="280,337,374,9" oya="1" hai0="88,34,73,29,132,23,100,130,62,8,65,129,36" hai1="2,114,83,32,99,10,82,48,81,1,126,84,97" hai2="74,119,120,69,16,134,27,57,55,123,22,90,60" hai3="31,80,54,51,124,37,44,3,21,89,66,53,7"/><U6/><E114/><V118/><F74/><W56/><G124/><T71/><D36/><U15/><E126/><V41/><F69/><W77/><G66/><T106/><D73/><U133/><E133/><V128/><F134/><W5/><G3/><T122/><D8/><U12/><E32/><V42/><F128/><N who="0" m="49258" /><D23/><U93/><E2/><V61/><F61/><W135/><G135/><T70/><D70/><U39/><E39/><V86/><F123/><W35/><G35/><T112/><D132/><U131/><E131/><V38/><F120/><W47/><G37/><T116/><D116/><U75/><E75/><V109/><F109/><W85/><G31/><T105/><D112/><U24/><E24/><V91/><F38/><W92/><G21/><T9/><D9/><U76/><E1/><V108/><F108/><W101/><G101/><T110/><D110/><U11/><E48/><V45/><F45/><N who="3" m="17483" /><G54/><T113/><D113/><U98/><REACH who="1" step="1"/><E93/><REACH who="1" ten="280,327,374,9" step="2"/><V33/><F33/><W30/><G30/><T26/><D122/><U111/><E111/><V67/><F119/><W59/><G59/><T72/><D72/><U28/><E28/><V68/><F118/><W46/><N who="3" m="17491" /><W78/><DORA hai="94" /><G78/><T127/><D127/><U50/><E50/><V103/><F27/><W13/><G13/><T43/><D43/><U79/><E79/><V64/><F42/><W107/><G107/><T49/><D49/><U117/><E117/><V4/><F41/><W115/><G115/><T0/><D0/><U14/><E14/><V17/><F60/><W63/><G63/><T18/><D106/><RYUUKYOKU ba="0,1" sc="280,-15,327,15,374,-15,9,15" hai1="6,10,11,12,15,76,81,82,83,84,97,98,99" hai3="5,7,51,53,56,77,80,85,89,92" /><INIT seed="5,1,1,0,1,55" ten="265,342,359,24" oya="1" hai0="19,100,58,49,21,129,108,106,85,35,69,40,3" hai1="105,74,31,114,16,93,53,77,120,130,101,63,9" hai2="109,41,80,48,34,75,59,131,28,57,83,36,81" hai3="20,56,6,12,84,44,91,99,64,7,42,45,32"/><U135/><E120/><V43/><F109/><W14/><G32/><T67/><D35/><U112/><E105/><V79/><F36/><W22/><G99/><T102/><D3/><U25/><E130/><V111/><F111/><W113/><G113/><N who="1" m="43626" /><E135/><V24/><F131/><W119/><G119/><T10/><D129/><U118/><E77/><V18/><F18/><W30/><G30/><T68/><D108/><U87/><E74/><V125/><F125/><W103/><G103/><T133/><D10/><U29/><E118/><V117/><F117/><W98/><G98/><T52/><D133/><U46/><E101/><V51/><F75/><W23/><G64/><T17/><D106/><U89/><E46/><V110/><F110/><W13/><G56/><N who="2" m="21577" /><F34/><W88/><G84/><T2/><D85/><U33/><E31/><V122/><F122/><W5/><REACH who="3" step="1"/><G42/><REACH who="3" ten="265,342,359,14" step="2"/><N who="2" m="15881" /><F79/><W65/><G65/><T128/><D67/><U92/><E29/><V134/><F134/><W107/><G107/><T124/><D40/><U126/><E33/><V27/><F28/><W78/><G78/><T94/><D128/><U0/><E126/><V66/><F66/><W104/><G104/><T121/><D124/><U90/><E0/><V15/><F15/><W123/><G123/><T11/><D2/><U97/><E97/><V86/><F86/><W38/><G38/><T54/><D121/><U116/><E87/><V39/><F39/><W115/><G115/><T50/><D69/><U26/><E116/><V96/><F96/><W72/><G72/><T62/><D68/><U82/><E82/><V4/><F83/><RYUUKYOKU ba="1,2" sc="265,-10,342,-10,359,-10,14,30" hai3="5,6,7,12,13,14,20,22,23,44,45,88,91" /><INIT seed="6,2,2,5,2,85" ten="255,332,349,44" oya="2" hai0="100,112,87,124,7,27,128,107,82,11,101,23,83" hai1="134,41,28,36,97,30,18,62,132,47,48,71,52" hai2="117,89,37,73,57,94,56,14,93,80,3,61,46" hai3="131,53,115,113,6,135,54,130,110,86,34,109,84"/><V88/><F117/><W5/><REACH who="3" step="1"/><G34/><REACH who="3" ten="255,332,349,34" step="2"/><T35/><D35/><U42/><E134/><AGARI ba="2,3" hai="5,6,53,54,84,86,109,110,113,115,130,131,134,135" machi="134" ten="25,8000,1" yaku="21,2,2,1,22,2,53,0" doraHai="85" doraHaiUra="33" who="3" fromWho="1" sc="255,0,332,-86,349,0,34,116" /><INIT seed="7,0,0,1,4,14" ten="255,246,349,150" oya="3" hai0="2,75,7,96,63,113,102,94,124,109,74,73,56" hai1="127,5,9,119,132,50,15,51,26,69,39,105,121" hai2="18,86,40,4,53,20,79,32,122,78,128,11,77" hai3="28,81,100,25,10,95,68,47,62,126,64,17,65"/><W111/><G126/><T60/><D124/><U43/><E127/><V30/><F122/><W41/><G111/><T16/><D109/><U8/><E121/><V44/><F128/><W112/><G112/><T91/><D7/><U133/><E69/><V72/><F72/><W59/><G68/><T67/><D2/><N who="1" m="55" /><E105/><V80/><F53/><W134/><G134/><N who="1" m="51818" /><E119/><V27/><F32/><W97/><G81/><T92/><D113/><U55/><E26/><V35/><F30/><W61/><G10/><T87/><D63/><U1/><E1/><V33/><F33/><W48/><G17/><T52/><D67/><U23/><E23/><V42/><F35/><W71/><REACH who="3" step="1"/><G25/><REACH who="3" ten="255,246,349,140" step="2"/><T129/><D129/><U120/><E120/><V103/><F11/><W114/><G114/><T24/><D24/><U90/><E9/><V84/><F27/><W88/><G88/><T85/><D16/><U135/><E135/><V118/><F18/><W99/><G99/><T31/><D31/><AGARI ba="0,1" hai="28,31,41,47,48,59,61,62,64,65,71,95,97,100" machi="31" ten="40,2000,0" yaku="1,1,53,0" doraHai="14" doraHaiUra="21" who="3" fromWho="0" sc="255,-20,246,0,349,0,140,30" /><INIT seed="7,1,0,3,0,48" ten="235,246,349,170" oya="3" hai0="4,50,46,68,87,112,83,125,126,39,117,73,70" hai1="122,82,130,33,56,31,80,47,32,72,127,77,103" hai2="121,93,30,18,17,41,27,113,12,94,111,28,10" hai3="3,26,44,92,75,124,89,96,134,74,14,42,55"/><W90/><G3/><T15/><D73/><U25/><E122/><V104/><F104/><W22/><G134/><T105/><D39/><U81/><E130/><V23/><F121/><W19/><G124/><N who="0" m="47723" /><D105/><U132/><E127/><V79/><F111/><W11/><G90/><N who="0" m="51583" /><D117/><U107/><E33/><V76/><F113/><W129/><G129/><T98/><D98/><U84/><E132/><V54/><F41/><W133/><G133/><T109/><D112/><U102/><E47/><V85/><F54/><W63/><G63/><T16/><D4/><U88/><E107/><V99/><F85/><W9/><G9/><N who="0" m="6255" /><D109/><U95/><E81/><V69/><F69/><W114/><G114/><T86/><D86/><U65/><E82/><V40/><F40/><AGARI ba="1,0" hai="40,46,50,68,70" m="6255,51583,47723" machi="40" ten="30,2000,0" yaku="18,1,54,1" doraHai="48" who="0" fromWho="2" sc="235,23,246,0,349,-23,170,0" owari="258,6.0,246,-15.0,326,42.0,170,-33.0" /></mjloggm>