<mjloggm ver="2.3"><GO type="225" lobby="0"/><UN n0="%E9%BA%BB%E9%9B%80%E5%A4%AA%E9%83%8E" n1="%E8%A8%88%E7%AE%97%E6%A9%9F%E8%87%AA%E7%84%B6" n2="%E2%97%8E%E8%97%A4%E5%A0%82%E7%BE%8E%E6%B2%99%E2%97%8E" n3="%E9%81%85%E5%88%BB%E3%81%AE%E3%83%97%E3%83%AA%E3%83%B3%E3%82%B9%E2%99%AA" dan="17,17,16,16" rate="2199.20,2288.43,2090.62,2146.45" sx="M,M,F,F"/><TAIKYOKU oya="0"/><INIT seed="0,0,0,5,4,81" ten="250,250,250,250" oya="0" hai0="50,66,38,75,58,55,123,8,93,42,73,104,131" hai1="133,0,92,71,128,72,3,60,33,116,97,44,16" hai2="85,129,2,36,83,67,6,27,114,61,103,21,68" hai3="112,22,87,113,30,9,82,76,43,74,57,110,107"/><T54/><D104/><U7/><E116/><V84/><F114/><W126/><G110/><T26/><D123/><U40/><E72/><V39/><F103/><W17/><G126/><T105/><D105/><U95/><E33/><V63/><F63/><W48/><G107/><T89/><D131/><U90/><E128/><V91/><F6/><W31/><G9/><T34/><D66/><U20/><E133/><V106/><F2/><W12/><G74/><T96/><D8/><U11/><E71/><V24/><F24/><W10/><G10/><T59/><D42/><U86/><E60/><V88/><F106/><W100/><G100/><T135/><D38/><U56/><E56/><V134/><F134/><W28/><REACH who="3" step="1"/><G57/><REACH who="3" ten="250,250,250,240" step="2"/><T51/><REACH who="0" step="1"/><D135/><REACH who="0" ten="240,250,250,240" step="2"/><U79/><E11/><V132/><F132/><W29/><N who="3" m="7680" /><DORA hai="115" /><W102/><G102/><T15/><D15/><U121/><E0/><V125/><F129/><W80/><G80/><T78/><D78/><U35/><E79/><V119/><F83/><W98/><G98/><T101/><D101/><U53/><E3/><V108/><F125/><W52/><G52/><T124/><D124/><U41/><E53/><V118/><F118/><W49/><G49/><T46/><D46/><AGARI ba="0,2" hai="12,17,22,43,46,48,76,82,87,112,113" m="7680" machi="46" ten="50,8000,1" yaku="1,1,52,1,53,2" doraHai="81,115" doraHaiUra="19,14" who="3" fromWho="0" sc="240,-80,250,0,250,0,240,100" /><INIT seed="1,0,0,5,0,22" ten="160,250,250,340" oya="1" hai0="91,126,21,90,50,19,101,127,17,20,84,45,0" hai1="104,106,18,33,48,98,70,30,71,42,43,132,44" hai2="31,114,88,111,108,11,28,119,49,95,110,12,112" hai3="118,131,40,105,116,62,68,26,99,86,16,96,59"/><U34/><E132/><V134/><F119/><N who="3" m="45611" /><G68/><N who="1" m="26154" /><E30/><N who="2" m="11307" /><F49/><W94/><G131/><T122/><D0/><U56/><E98/><N who="2" m="57703" /><F134/><W133/><G40/><N who="1" m="15402" /><E48/><V25/><F25/><W65/><G105/><N who="1" m="40554" /><E56/><V8/><F8/><W35/><G133/><T93/><D50/><U69/><E69/><V47/><F47/><W27/><G35/><N who="1" m="13322" /><E18/><AGARI ba="0,0" hai="11,12,18,108,110,111,112,114" m="57703,11307" machi="18" ten="40,2600,0" yaku="14,1,54,1" doraHai="22" who="2" fromWho="1" sc="160,0,250,-26,250,26,340,0" /><INIT seed="2,0,0,4,3,111" ten="160,224,276,340" oya="2" hai0="95,104,109,105,30,43,42,108,114,119,16,6,17" hai1="3,116,60,31,120,28,126,18,38,25,59,128,99" hai2="49,124,56,13,129,76,96,106,75,62,121,85,69" hai3="82,61,92,40,36,117,100,98,70,8,65,54,133"/><V73/><F121/><W64/><G117/><T131/><D119/><U9/><E116/><V118/><F118/><W15/><G133/><T45/><D6/><U112/><E38/><V29/><F29/><W12/><G65/><T123/><D30/><U52/><E120/><V127/><F129/><W55/><G82/><T113/><D95/><U115/><E128/><V7/><F69/><W35/><G35/><T107/><D123/><U87/><E126/><V130/><F130/><W67/><G67/><T37/><D131/><U84/><E28/><V51/><F85/><W44/><REACH who="3" step="1"/><G15/><REACH who="3" ten="160,224,276,330" step="2"/><T81/><D81/><U26/><E26/><V91/><F13/><W102/><G102/><T20/><D43/><U39/><E25/><V66/><F66/><W78/><G78/><T90/><D90/><U86/><E3/><V101/><F76/><W2/><G2/><T97/><D97/><U22/><E99/><V68/><F96/><W58/><G58/><T103/><D103/><U48/><E59/><V134/><F56/><W23/><G23/><T79/><D79/><U19/><E22/><V27/><F101/><W74/><G74/><T32/><D32/><U71/><E86/><V110/><F75/><W83/><G83/><T80/><D80/><U135/><E87/><V57/><F73/><W33/><G33/><T94/><D20/><U89/><E84/><V63/><F57/><W46/><G46/><T21/><D21/><U34/><E34/><V1/><F1/><W5/><AGARI ba="0,1" hai="5,8,12,36,40,44,54,55,61,64,70,92,98,100" machi="5" ten="20,5200,0" yaku="1,1,0,1,7,1,53,1" doraHai="111" doraHaiUra="4" who="3" fromWho="3" sc="160,-13,224,-13,276,-26,330,62" /><INIT seed="3,0,0,3,2,54" ten="147,211,250,392" oya="3" hai0="67,84,70,36,45,59,101,39,126,79,13,103,108" hai1="43,69,99,115,123,16,63,112,3,42,80,51,72" hai2="19,81,32,129,98,24,130,44,35,29,104,94,85" hai3="74,116,49,86,132,62,23,38,131,88,47,105,31"/><W87/><G38/><T28/><D108/><U33/><E123/><V15/><F104/><W120/><G120/><T5/><D126/><U110/><E33/><N who="2" m="20647" /><F44/><W119/><G74/><T93/><D28/><U102/><E3/><V114/><F114/><W40/><G105/><T96/><D103/><U128/><E110/><V52/><F52/><W10/><G131/><N who="2" m="50185" /><F94/><W61/><G87/><T58/><D70/><U9/><E9/><N who="2" m="6639" /><F98/><W75/><G62/><T7/><D67/><U64/><E128/><V56/><F56/><W82/><G61/><T91/><D79/><AGARI ba="0,0" hai="32,35,79,81,85" m="6639,50185,20647" machi="79" ten="30,1000,0" yaku="19,1" doraHai="54" who="2" fromWho="0" sc="147,-10,211,0,250,10,392,0" owari="137,-36.0,211,-19.0,260,6.0,392,49.0" /></mjloggm>