<mjloggm ver="2.3"><GO type="169" lobby="0"/><UN n0="%54%4C%6B%65%79" n1="%E5%AE%89%E9%81%94%E3%81%95%E3%81%8F%E3%82%89" n2="%61%73%6D%65%69%61%73" n3="%E7%88%86%E5%BC%BE%E4%BA%94%E9%83%8E%EF%BC%92" dan="16,17,16,16" rate="2150.79,2185.03,2027.84,2095.06" sx="M,M,M,M"/><TAIKYOKU oya="0"/><INIT seed="0,0,0,3,2,16" ten="250,250,250,250" oya="0" hai0="133,0,121,135,74,131,78,28,25,22,15,2,24" hai1="4,90,101,114,46,20,119,33,105,12,58,31,34" hai2="5,128,67,124,41,29,111,125,123,38,118,117,61" hai3="9,129,42,23,47,44,89,69,83,108,11,39,57"/><T13/><D74/><U76/><E119/><N who="2" m="45579" /><F29/><W73/><G69/><T48/><D121/><U93/><E114/><V81/><F81/><W55/><G47/><T112/><D78/><U71/><E71/><N who="2" m="42479" /><F5/><W113/><G113/><T1/><D48/><U8/><E76/><V106/><F106/><W96/><G129/><T98/><D131/><U56/><E101/><V92/><F92/><W49/><G108/><T86/><D86/><U10/><E105/><V102/><F102/><W66/><G66/><T87/><D87/><U80/><E80/><V70/><F128/><W53/><G73/><T14/><D98/><U132/><E132/><N who="0" m="50761" /><D112/><U126/><E126/><N who="2" m="48747" /><F111/><W40/><G96/><T100/><D100/><U85/><E10/><V130/><F130/><W37/><G9/><T120/><D120/><U30/><E85/><V75/><F123/><W6/><G11/><T116/><D116/><U127/><E127/><V45/><F70/><W27/><G6/><T32/><D25/><U18/><E93/><V79/><F79/><W68/><G68/><T50/><D50/><U88/><E33/><AGARI ba="0,0" hai="0,1,2,13,14,15,22,24,28,32,33" m="50761" machi="33" ten="40,12000,1" yaku="20,1,34,2,52,1" doraHai="16" who="0" fromWho="1" sc="250,120,250,-120,250,0,250,0" /><INIT seed="0,1,0,0,3,55" ten="370,130,250,250" oya="0" hai0="90,68,60,116,104,36,10,50,112,118,125,28,105" hai1="113,122,63,7,131,4,13,6,99,33,16,22,35" hai2="0,56,32,26,111,85,80,78,96,97,127,47,72" hai3="66,89,29,64,18,128,126,120,84,3,2,27,59"/><T46/><D112/><U107/><E122/><V62/><F111/><W41/><G120/><T75/><D125/><U25/><E113/><V52/><F0/><W31/><G126/><T14/><D36/><U123/><E123/><V69/><F127/><W108/><G108/><T48/><D48/><U23/><E131/><V15/><F69/><W5/><G41/><T58/><D68/><U94/><E107/><V74/><F47/><W24/><G18/><T11/><D11/><N who="1" m="4327" /><E94/><V42/><F42/><W87/><G89/><T129/><D129/><U57/><E63/><V110/><F110/><W38/><G128/><T73/><D105/><U37/><E99/><V91/><F74/><W95/><G95/><T88/><D104/><U12/><E57/><V8/><F26/><W92/><G92/><T106/><D106/><U101/><E101/><V115/><F32/><N who="1" m="12361" /><E37/><V17/><REACH who="2" step="1"/><F115/><REACH who="2" ten="370,130,240,250" step="2"/><W124/><G124/><T51/><D75/><U53/><E53/><V130/><F130/><W44/><G44/><T30/><D73/><U109/><E109/><V134/><F134/><W102/><G66/><T39/><D46/><U43/><E43/><V71/><F71/><W21/><G64/><T119/><D119/><U83/><E83/><AGARI ba="1,1" hai="8,15,17,52,56,62,72,78,80,83,85,91,96,97" machi="83" ten="30,8000,1" yaku="1,1,7,1,52,1,54,1,53,1" doraHai="55" doraHaiUra="86" who="2" fromWho="1" sc="370,0,130,-83,240,93,250,0" /><INIT seed="1,0,0,0,0,97" ten="370,47,333,250" oya="1" hai0="15,75,76,65,79,117,14,96,101,88,49,46,87" hai1="81,127,83,31,92,71,118,80,1,8,111,42,109" hai2="18,27,24,21,50,114,43,0,90,74,116,93,28" hai3="38,73,20,129,67,124,10,61,47,45,70,102,12"/><U72/><E118/><V120/><F116/><W128/><G73/><T22/><D117/><U64/><E127/><V104/><F0/><W98/><G20/><T108/><D108/><N who="1" m="41547" /><E31/><V54/><F120/><W19/><G124/><T37/><D37/><U133/><E133/><V132/><F74/><W48/><G38/><T39/><D39/><U78/><E42/><V107/><F43/><W52/><REACH who="3" step="1"/><G47/><REACH who="3" ten="370,47,333,240" step="2"/><T110/><D22/><U57/><E72/><V59/><F132/><W115/><G115/><T126/><D126/><U35/><E35/><V9/><F114/><W36/><G36/><T62/><D75/><U113/><E113/><V134/><F134/><W131/><G131/><T32/><D46/><U123/><E123/><V55/><F9/><W58/><G58/><T6/><D32/><U29/><E57/><V41/><F59/><W16/><G16/><T130/><D130/><U17/><E71/><V34/><F18/><W40/><G40/><T121/><D110/><U63/><E17/><V77/><F41/><W125/><G125/><T25/><D121/><U4/><E29/><V112/><F28/><W3/><G3/><T135/><D135/><U5/><E5/><V100/><F34/><W23/><G23/><T89/><D6/><U94/><E78/><V60/><F77/><W33/><G33/><T53/><D79/><U95/><E64/><V2/><F112/><W82/><G82/><T66/><D76/><U26/><E26/><V13/><F24/><W99/><G99/><T103/><D66/><U91/><E91/><V11/><F90/><W122/><G122/><RYUUKYOKU ba="0,1" sc="370,-15,47,15,333,-15,240,15" hai1="1,4,8,63,80,81,83,92,94,95" hai3="10,12,19,45,48,52,61,67,70,98,102,128,129" /><INIT seed="1,1,1,3,3,87" ten="355,62,318,255" oya="1" hai0="5,117,103,127,41,98,92,19,115,22,81,58,79" hai1="101,46,67,63,100,109,90,39,73,107,66,14,108" hai2="28,83,53,105,128,33,123,110,16,122,124,34,72" hai3="38,20,64,86,112,37,54,0,106,133,11,6,80"/><U24/><E73/><V93/><F105/><W9/><G106/><T91/><D117/><U89/><E14/><V1/><F1/><W45/><G112/><T29/><D115/><U31/><E39/><V52/><F110/><N who="1" m="42601" /><E46/><V71/><F71/><W113/><G113/><T104/><D29/><U77/><E77/><V82/><F124/><W131/><G64/><N who="1" m="24618" /><E63/><V15/><F15/><W102/><G102/><N who="1" m="39530" /><E107/><V51/><F72/><W21/><G38/><T84/><D41/><U13/><E13/><V88/><F28/><W42/><G54/><T55/><D5/><U2/><E2/><V32/><F52/><W132/><G131/><T118/><D127/><U48/><E48/><V49/><F128/><W130/><G11/><T61/><D118/><U8/><E8/><V70/><F51/><W97/><G130/><T99/><D104/><U65/><N who="1" m="24626" /><U57/><DORA hai="18" /><E57/><V50/><F50/><W134/><REACH who="3" step="1"/><G97/><REACH who="3" ten="355,62,318,245" step="2"/><T40/><D99/><U35/><AGARI ba="1,2" hai="24,31,35,89,90" m="39530,24626,42601" machi="35" ten="40,12000,1" yaku="14,1,10,1,52,2" doraHai="87,18" who="1" fromWho="1" sc="355,-41,62,143,318,-41,245,-41" /><INIT seed="1,2,0,5,5,64" ten="314,205,277,204" oya="1" hai0="16,37,115,83,5,92,14,104,78,74,118,2,107" hai1="36,46,67,81,65,127,9,94,23,1,15,53,40" hai2="50,134,13,99,41,117,27,0,21,132,105,82,103" hai3="79,95,90,62,25,43,59,22,48,44,30,110,31"/><U32/><E32/><V66/><F0/><W114/><G114/><T112/><D118/><U76/><E127/><V6/><F117/><W4/><G110/><T98/><D37/><U91/><E23/><V109/><F109/><W55/><G79/><T71/><D71/><U42/><E42/><V18/><F66/><W38/><G4/><T77/><D77/><U125/><E125/><V29/><F82/><W130/><G130/><T57/><D57/><U70/><E53/><V10/><F41/><W84/><REACH who="3" step="1"/><G38/><REACH who="3" ten="314,205,277,194" step="2"/><T3/><D5/><U128/><E128/><V121/><F50/><W122/><G122/><T45/><D115/><U33/><E1/><V72/><F121/><W47/><G47/><T73/><D112/><U49/><E36/><V20/><REACH who="2" step="1"/><F72/><REACH who="2" ten="314,205,267,194" step="2"/><W39/><G39/><T93/><D74/><U75/><E75/><V87/><F87/><W97/><G97/><T80/><D98/><U51/><E51/><V106/><F106/><W86/><G86/><T52/><D2/><U102/><E49/><V69/><F69/><W129/><G129/><T7/><D3/><U135/><E70/><V60/><F60/><W63/><G63/><T100/><D107/><U88/><E40/><V54/><F54/><W124/><G124/><T28/><D104/><U12/><E67/><V111/><F111/><W101/><G101/><T126/><D73/><U19/><E65/><V68/><F68/><W8/><G8/><T17/><D126/><U85/><E9/><V11/><F11/><W58/><G58/><T56/><D100/><U116/><E102/><V26/><AGARI ba="2,2" hai="6,10,13,18,20,21,26,27,29,99,103,105,132,134" machi="26" ten="30,4000,0" yaku="1,1,5,1,0,1,53,0" doraHai="64" doraHaiUra="34" who="2" fromWho="2" sc="314,-12,205,-22,267,66,194,-12" /><INIT seed="2,0,0,1,1,112" ten="302,183,333,182" oya="2" hai0="81,122,121,75,48,37,76,62,92,19,65,100,71" hai1="6,72,113,130,118,52,53,88,116,67,21,73,110" hai2="30,64,29,82,49,114,135,77,93,127,28,78,120" hai3="23,25,85,17,26,15,128,59,84,43,39,125,87"/><V44/><F114/><W106/><G106/><T97/><D37/><U79/><E113/><V13/><F120/><W94/><G128/><T123/><D48/><U11/><E130/><V133/><F64/><W124/><G94/><T12/><REACH who="0" step="1"/><D122/><REACH who="0" ten="292,183,333,182" step="2"/><U54/><E110/><V36/><F36/><W1/><G39/><T61/><D61/><U117/><E79/><V0/><F78/><W95/><G43/><T42/><D42/><U134/><E134/><V32/><F133/><W109/><G109/><T24/><D24/><U102/><E102/><V99/><F135/><W9/><G26/><T56/><D56/><U5/><E67/><V104/><F49/><W38/><G59/><T89/><D89/><U131/><E131/><V96/><F44/><W51/><G51/><T60/><D60/><U80/><E21/><AGARI ba="0,1" hai="12,19,21,62,65,71,75,76,81,92,97,100,121,123" machi="21" ten="30,3900,0" yaku="1,1,7,1,53,1" doraHai="112" doraHaiUra="98" who="0" fromWho="1" sc="292,49,183,-39,333,0,182,0" /><INIT seed="3,0,0,0,3,7" ten="341,144,333,182" oya="3" hai0="61,88,33,99,127,47,78,112,131,59,41,55,58" hai1="97,6,21,52,121,101,2,128,30,100,40,65,10" hai2="115,118,93,75,63,23,46,129,122,16,135,60,126" hai3="105,37,70,42,92,50,45,86,130,113,35,68,82"/><W107/><G35/><T116/><D116/><U66/><E121/><V34/><F93/><W84/><G113/><T14/><D112/><U90/><E128/><V132/><F46/><W91/><G130/><T26/><D78/><U22/><E40/><V43/><F43/><W85/><G37/><T3/><D3/><U27/><E100/><V8/><F23/><W4/><G4/><T11/><D59/><U73/><E73/><V106/><F16/><W12/><G12/><T57/><D57/><U114/><E114/><V18/><F8/><W74/><G74/><T102/><D127/><U81/><E22/><V54/><F54/><W104/><REACH who="3" step="1"/><G86/><REACH who="3" ten="341,144,333,172" step="2"/><T98/><D33/><U124/><E124/><V44/><F126/><W13/><G13/><T110/><D14/><U69/><E6/><V64/><F34/><W133/><G133/><T103/><D131/><U83/><E2/><V67/><F132/><W94/><G94/><T123/><D123/><U109/><E109/><V56/><F122/><W0/><G0/><T25/><D110/><U36/><E36/><V38/><F75/><W77/><AGARI ba="0,1" hai="42,45,50,68,70,77,82,84,85,91,92,104,105,107" machi="77" ten="30,6000,0" yaku="1,1,0,1,53,1" doraHai="7" doraHaiUra="39" who="3" fromWho="3" sc="341,-20,144,-20,333,-20,172,70" /><INIT seed="3,1,0,2,2,6" ten="321,124,313,242" oya="3" hai0="87,101,11,105,65,85,50,63,33,115,0,24,43" hai1="53,130,62,61,46,13,129,108,91,83,5,71,22" hai2="89,32,44,26,90,113,19,116,128,93,20,74,21" hai3="96,48,69,42,60,37,58,9,40,25,76,103,88"/><W119/><G119/><T75/><D75/><U12/><E108/><V14/><F113/><W15/><G76/><T4/><D115/><U3/><E3/><V111/><F111/><W41/><G37/><T7/><D7/><U97/><E71/><V73/><F128/><W10/><G10/><T126/><D126/><U133/><E133/><V123/><F32/><W118/><G118/><T102/><D50/><U27/><E129/><V81/><F123/><W39/><G39/><T17/><D43/><U86/><E130/><V82/><F74/><W66/><G25/><T94/><D105/><U79/><E46/><V70/><F70/><W35/><G35/><T16/><D101/><U67/><E67/><V84/><F73/><W23/><G23/><T114/><D114/><U120/><E120/><V55/><F90/><W57/><G48/><T51/><D51/><U98/><E5/><V99/><F44/><W30/><G30/><T28/><D87/><U125/><E125/><V54/><F82/><W131/><G131/><T1/><D1/><U106/><E106/><V56/><F56/><W107/><REACH who="3" step="1"/><G88/><REACH who="3" ten="321,124,313,232" step="2"/><T49/><D49/><U36/><E36/><V18/><F116/><W100/><G100/><T34/><D34/><U52/><E79/><V122/><F122/><W68/><G68/><T80/><D102/><U2/><E2/><V110/><F110/><W64/><G64/><T112/><D112/><U78/><E78/><V72/><F72/><W132/><G132/><T38/><D38/><U8/><E91/><V121/><F121/><W77/><G77/><T134/><D134/><RYUUKYOKU ba="1,1" sc="321,-15,124,-15,313,15,232,15" hai2="14,18,19,20,21,26,54,55,81,84,89,93,99" hai3="9,15,40,41,42,57,58,60,66,69,96,103,107" /><INIT seed="3,2,1,2,3,3" ten="306,109,328,247" oya="3" hai0="66,85,130,79,89,6,41,14,17,11,35,116,25" hai1="100,42,74,118,108,105,46,21,28,53,12,52,57" hai2="117,47,62,1,113,115,50,103,135,43,38,104,60" hai3="7,120,49,67,80,128,123,98,119,29,127,8,34"/><W90/><G119/><T15/><D116/><U63/><E74/><V31/><F117/><W13/><G127/><T22/><D130/><U91/><E118/><V58/><F1/><W129/><G67/><T126/><D126/><U61/><E108/><V121/><F31/><W30/><G49/><T20/><D79/><U86/><E105/><V131/><F103/><W5/><G98/><T65/><D41/><U4/><E100/><V55/><F104/><W40/><G40/><T72/><D72/><U70/><E70/><V109/><F109/><W96/><G96/><T95/><REACH who="0" step="1"/><D35/><REACH who="0" ten="296,109,328,247" step="2"/><U84/><E42/><V69/><F131/><N who="3" m="50251" /><G34/><T10/><D10/><U134/><E134/><V23/><F43/><W19/><G90/><T9/><D9/><U36/><E91/><V16/><F135/><W78/><G120/><T111/><D111/><U56/><E36/><V94/><F38/><W54/><G123/><T76/><D76/><U107/><E107/><V24/><F121/><W51/><G30/><AGARI ba="2,2" hai="6,11,14,15,17,20,22,25,30,65,66,85,89,95" machi="30" ten="30,7700,0" yaku="1,1,7,1,8,1,52,1,53,0" doraHai="3" doraHaiUra="77" who="0" fromWho="3" sc="296,103,109,0,328,0,247,-83" /><INIT seed="4,0,0,2,1,47" ten="399,109,328,164" oya="0" hai0="87,112,126,39,55,4,62,74,110,44,27,95,12" hai1="45,72,104,133,17,10,42,78,28,61,103,57,106" hai2="123,101,26,14,88,82,114,53,73,84,21,85,108" hai3="92,8,7,0,68,9,79,13,120,49,67,131,24"/><T18/><D74/><U71/><E133/><V94/><F108/><W51/><G120/><T115/><D110/><U81/><E71/><V37/><F37/><W69/><G131/><T16/><D126/><U38/><E28/><V6/><F114/><W122/><G122/><T116/><D116/><U46/><E103/><V90/><F73/><W52/><G79/><T1/><D1/><U56/><E56/><V30/><F123/><W127/><G127/><T119/><D119/><U35/><E35/><V124/><F124/><W132/><G132/><T100/><D39/><U32/><E32/><V59/><F101/><W19/><G92/><T15/><D27/><U91/><E45/><V107/><F107/><W29/><G67/><T23/><D4/><U83/><E83/><V99/><F6/><W41/><G41/><T20/><D87/><U118/><E118/><V97/><F14/><W11/><G8/><T121/><D121/><U33/><E33/><V109/><F109/><W3/><G0/><T96/><D44/><U105/><E91/><V113/><F113/><W111/><G111/><T60/><D60/><AGARI ba="0,0" hai="21,26,30,53,59,60,82,84,85,88,90,94,97,99" machi="60" ten="30,3900,0" yaku="7,1,8,1,54,1" doraHai="47" who="2" fromWho="0" sc="399,-39,109,0,328,39,164,0" /><INIT seed="5,0,0,3,0,7" ten="360,109,367,164" oya="1" hai0="50,56,26,78,133,85,57,46,74,36,13,34,44" hai1="98,80,108,104,76,24,107,130,6,41,68,121,94" hai2="11,99,14,1,49,132,71,84,82,27,47,90,48" hai3="62,131,42,116,97,25,38,43,54,37,67,123,124"/><U128/><E121/><V9/><F71/><W102/><G123/><T32/><D133/><U35/><E68/><V21/><F1/><W83/><G116/><T58/><D74/><U103/><E41/><V110/><F132/><W28/><G83/><T126/><D36/><U8/><E24/><V86/><F110/><W17/><G54/><T45/><D126/><U101/><E35/><V91/><F99/><W122/><G17/><T51/><D13/><U33/><E33/><V64/><F64/><W59/><G124/><T39/><D39/><U120/><E120/><V95/><F14/><W20/><G122/><T23/><D34/><U69/><E69/><V81/><F95/><W61/><G38/><T117/><D32/><U18/><E18/><N who="2" m="12727" /><F49/><W31/><G37/><T113/><D113/><U5/><E5/><V22/><F22/><W119/><G119/><T106/><D106/><U53/><E108/><V73/><F73/><W52/><G31/><T10/><D10/><U109/><E109/><V16/><F16/><W96/><G96/><T105/><D105/><U4/><E4/><V92/><BYE who="1" /><F92/><W112/><G112/><T111/><D117/><U127/><E127/><V129/><F129/><UN n1="%E5%AE%89%E9%81%94%E3%81%95%E3%81%8F%E3%82%89" /><W55/><G131/><N who="1" m="50218" /><E103/><V89/><F89/><W0/><G0/><T60/><D111/><U19/><E19/><V88/><BYE who="1" /><F90/><W29/><G29/><N who="0" m="17631" /><D60/><UN n1="%E5%AE%89%E9%81%94%E3%81%95%E3%81%8F%E3%82%89" /><U125/><E125/><V100/><F100/><W134/><G134/><T135/><D135/><U118/><E118/><V40/><AGARI ba="0,0" hai="9,11,40,47,48,81,82,84,86,88,91" m="12727" machi="40" ten="30,7900,0" yaku="8,1,52,2,54,1" doraHai="7" who="2" fromWho="2" sc="360,-20,109,-39,367,79,164,-20" /><INIT seed="6,0,0,0,0,9" ten="340,70,446,144" oya="2" hai0="49,110,68,45,59,101,102,2,115,62,125,104,16" hai1="38,25,54,34,85,121,27,108,74,98,57,83,79" hai2="63,90,52,65,69,91,43,60,87,31,124,3,35" hai3="56,86,47,18,100,42,22,1,8,73,99,106,53"/><V64/><F3/><W40/><G73/><T6/><D110/><U118/><E108/><V116/><F124/><W67/><G67/><T120/><D120/><U7/><E118/><V61/><F43/><W30/><G30/><T81/><D125/><U114/><E121/><V46/><F116/><W51/><G86/><T128/><D68/><U84/><E114/><V135/><F135/><W11/><G1/><T20/><D128/><U48/><E38/><V71/><F87/><W122/><G122/><T50/><D81/><U89/><E7/><V70/><F31/><W66/><G66/><T88/><D115/><U80/><E34/><V95/><F95/><W32/><G32/><T37/><D37/><U131/><E131/><V55/><F35/><W133/><G133/><T92/><D6/><U113/><E113/><V127/><F127/><W77/><G77/><T17/><D17/><U119/><E119/><V75/><F75/><W15/><REACH who="3" step="1"/><G42/><REACH who="3" ten="340,70,446,134" step="2"/><T0/><D0/><U107/><REACH who="1" step="1"/><E74/><REACH who="1" ten="340,60,446,134" step="2"/><V117/><F117/><W123/><G123/><T132/><D132/><U111/><E111/><V130/><F130/><W10/><G10/><T134/><D134/><U19/><E19/><V4/><F69/><W33/><G33/><T97/><D16/><U21/><E21/><V126/><F70/><W58/><G58/><T76/><D20/><U28/><E28/><V24/><F71/><W44/><G44/><T129/><D45/><U105/><E105/><V14/><F46/><W103/><G103/><AGARI ba="0,2" hai="25,27,48,54,57,79,80,83,84,85,89,98,103,107" machi="103" ten="40,1300,0" yaku="1,1,53,0" doraHai="9" doraHaiUra="29" who="1" fromWho="3" sc="340,0,60,33,446,0,134,-13" /><INIT seed="7,0,0,0,2,85" ten="340,93,446,121" oya="3" hai0="98,38,86,117,114,95,112,74,20,35,53,92,116" hai1="75,132,22,61,104,133,21,45,25,36,90,49,18" hai2="28,4,66,13,7,23,91,32,60,39,96,51,111" hai3="24,68,83,109,123,0,6,27,37,12,101,70,57"/><W84/><G37/><T122/><D35/><U93/><E104/><V126/><F39/><W89/><G123/><T102/><D38/><U118/><E118/><V55/><F32/><W108/><G0/><T5/><D5/><U134/><E36/><V34/><F111/><N who="3" m="42571" /><G101/><T64/><D53/><U65/><E75/><V15/><F34/><W69/><G57/><T76/><D20/><U9/><E9/><AGARI ba="0,0" hai="6,9,12,24,27,68,69,70,83,84,89" m="42571" machi="9" ten="40,3900,0" yaku="10,1,52,1" doraHai="85" who="3" fromWho="1" sc="340,0,93,-39,446,0,121,39" /><INIT seed="7,1,0,3,1,3" ten="340,54,446,160" oya="3" hai0="63,43,76,64,109,4,82,22,84,50,69,89,75" hai1="57,100,74,44,36,135,133,86,47,97,80,19,70" hai2="107,126,14,23,117,58,60,111,121,1,62,34,120" hai3="134,59,122,103,113,106,41,87,125,92,110,99,114"/><W123/><G41/><T77/><D109/><U35/><E70/><V25/><F1/><W6/><G110/><T88/><D76/><U132/><E35/><V94/><F117/><W33/><G33/><T105/><D105/><U5/><E74/><V118/><F107/><W83/><G59/><T104/><D104/><U112/><E112/><N who="3" m="43114" /><G134/><T108/><D108/><U55/><E36/><V129/><F118/><W101/><G125/><T49/><D22/><U128/><E128/><V16/><F126/><W127/><G127/><T71/><D71/><U116/><E116/><V79/><F129/><W8/><G103/><T32/><D32/><U20/><E97/><V67/><F79/><N who="3" m="46591" /><G106/><T85/><D75/><U15/><E100/><V12/><F111/><W95/><G92/><T48/><D77/><U115/><E115/><V29/><F94/><W131/><G131/><T66/><D66/><U124/><E124/><V78/><F78/><W54/><G54/><T11/><D43/><U98/><E98/><V72/><F72/><W119/><G119/><T42/><D42/><U52/><E55/><V46/><F58/><W68/><G68/><T37/><D37/><U30/><E30/><V2/><F29/><W53/><G53/><T9/><D9/><U26/><E86/><V90/><F34/><W93/><G99/><T38/><D38/><U51/><E80/><V73/><F73/><W45/><G93/><T65/><D65/><U17/><REACH who="1" step="1"/><E5/><REACH who="1" ten="340,44,446,160" step="2"/><V10/><F67/><W31/><G6/><T56/><D69/><U39/><E39/><V102/><F102/><W61/><G101/><RYUUKYOKU ba="1,1" sc="340,-10,44,30,446,-10,160,-10" hai1="15,17,19,20,26,44,47,51,52,57,132,133,135" owari="330,13.0,74,-43.0,446,55.0,150,-25.0" /></mjloggm>