<mjloggm ver="2.3"><GO type="225" lobby="0"/><UN n0="%E2%97%8E%E8%97%A4%E5%A0%82%E7%BE%8E%E6%B2%99%E2%97%8E" n1="%E9%81%85%E5%88%BB%E3%81%AE%E3%83%97%E3%83%AA%E3%83%B3%E3%82%B9%E2%99%AA" n2="%E4%B8%89%E6%9B%BD%E6%9C%A8%E5%85%AC%E4%BB%8B" n3="%E3%80%90%E8%92%BC%E7%90%89%E3%80%91" dan="16,16,16,16" rate="2092.50,2140.57,2069.73,2159.11" sx="F,F,M,F"/><TAIKYOKU oya="0"/><INIT seed="0,0,0,5,5,80" ten="250,250,250,250" oya="0" hai0="62,105,124,77,118,47,123,86,36,44,127,135,23" hai1="31,122,30,60,2,18,13,8,11,58,37,43,94" hai2="54,84,10,35,88,121,59,3,7,49,106,17,24" hai3="119,112,42,66,51,87,82,52,38,75,78,26,132"/><T109/><D118/><U57/><E122/><V100/><F121/><W95/><G119/><T102/><D123/><U92/><E37/><V29/><F106/><W9/><G112/><T68/><D135/><U65/><E43/><V96/><F96/><W46/><G132/><T101/><D109/><U73/><E73/><V120/><F100/><N who="0" m="38506" /><D36/><U55/><E8/><V61/><F120/><W81/><G9/><T125/><D23/><U40/><E40/><V69/><F17/><W0/><G0/><T104/><D104/><U85/><E2/><V32/><F32/><W126/><G126/><T5/><D5/><U12/><E12/><V108/><F108/><W21/><G95/><N who="1" m="36394" /><E85/><V83/><REACH who="2" step="1"/><F69/><REACH who="2" ten="250,250,240,250" step="2"/><W15/><G66/><N who="0" m="41047" /><D105/><U133/><E133/><V14/><F14/><W97/><G15/><T34/><D34/><U131/><E131/><V56/><F56/><W41/><G97/><T110/><D110/><U50/><AGARI ba="0,1" hai="11,13,18,30,31,50,55,57,58,60,65" m="36394" machi="50" ten="30,1100,0" yaku="8,1" doraHai="80" who="1" fromWho="1" sc="250,-5,250,21,240,-3,250,-3" /><INIT seed="1,0,0,3,1,65" ten="245,271,237,247" oya="1" hai0="46,10,113,103,43,73,94,42,37,85,81,24,82" hai1="71,53,132,119,32,69,41,40,124,92,1,68,129" hai2="84,100,47,101,106,13,74,20,0,105,7,83,95" hai3="4,70,54,44,99,97,33,93,72,39,131,126,80"/><U123/><E1/><V17/><F74/><W109/><G33/><T63/><D113/><U19/><E32/><V14/><F0/><W110/><G126/><T104/><D104/><U22/><E123/><V59/><F106/><W91/><G131/><T87/><D24/><U55/><E119/><V61/><F105/><W3/><G97/><T6/><D43/><U27/><E129/><V66/><F95/><W96/><G96/><T38/><D38/><U67/><E67/><V122/><F47/><W58/><G70/><T23/><D23/><U2/><E2/><V25/><F122/><W128/><G128/><T114/><D114/><U62/><E124/><V127/><F127/><W9/><G44/><T15/><D63/><U18/><E132/><V5/><F14/><W11/><G39/><T8/><D8/><U52/><E62/><V108/><F108/><W134/><G11/><T30/><D30/><U112/><E112/><V26/><F26/><W120/><G120/><T86/><D73/><U16/><REACH who="1" step="1"/><E92/><REACH who="1" ten="245,261,237,247" step="2"/><V50/><F50/><W98/><G134/><T51/><D37/><U36/><E36/><V116/><F116/><W60/><G110/><T56/><D94/><U130/><E130/><V121/><F121/><W28/><G109/><T48/><D48/><U34/><E34/><V111/><F111/><W21/><G98/><T107/><D107/><U133/><E133/><V29/><F101/><W88/><G99/><T49/><D103/><U78/><E78/><N who="2" m="46199" /><F100/><W90/><G93/><T79/><D79/><U57/><E57/><V77/><F77/><N who="3" m="44071" /><G91/><T118/><D118/><RYUUKYOKU ba="0,1" sc="245,0,261,0,237,0,247,0" hai0="6,10,15,42,46,49,51,56,81,82,85,86,87" hai1="16,18,19,22,27,40,41,52,53,55,68,69,71" hai2="5,7,13,17,20,25,29,59,61,66" hai3="3,4,9,21,28,54,58,60,88,90" /><INIT seed="1,1,1,4,3,97" ten="245,261,237,247" oya="1" hai0="131,102,95,45,60,123,57,28,61,98,88,15,94" hai1="27,71,56,135,21,13,47,112,133,25,53,80,81" hai2="63,109,113,87,108,40,23,106,127,79,89,11,90" hai3="107,6,132,85,117,73,46,121,66,2,83,0,86"/><U103/><E71/><V12/><F106/><W59/><G121/><T19/><D131/><U10/><E112/><V37/><F113/><W18/><G107/><T69/><D123/><U75/><E47/><V42/><F127/><W115/><G115/><T43/><D28/><U64/><E64/><V20/><F63/><W54/><G132/><N who="1" m="50762" /><E103/><V125/><F125/><W93/><G117/><T77/><D77/><N who="1" m="44095" /><E21/><N who="2" m="8267" /><F79/><W105/><G105/><T14/><D69/><U67/><E67/><V50/><F50/><W100/><G66/><T129/><D129/><U76/><E53/><V1/><F37/><W31/><G46/><T4/><D45/><U41/><E56/><V96/><F42/><W104/><G31/><T114/><D43/><U111/><E41/><V126/><F40/><W30/><G30/><T32/><D32/><U29/><E111/><V119/><F126/><W99/><G59/><T62/><D114/><U130/><E29/><V70/><F70/><W124/><G54/><T68/><D68/><U82/><E82/><V3/><F119/><W35/><G124/><T7/><D57/><U122/><E130/><V118/><F118/><W5/><G35/><T38/><D38/><U24/><E122/><V49/><F49/><W9/><G104/><T72/><D72/><N who="1" m="43143" /><E27/><V110/><F96/><W17/><G73/><T120/><D120/><U91/><E91/><N who="2" m="34827" /><F87/><N who="3" m="33291" /><G83/><T33/><D33/><U16/><AGARI ba="1,1" hai="10,13,16,24,25" m="43143,44095,50762" machi="16" ten="30,3000,0" yaku="20,1,54,1" doraHai="97" who="1" fromWho="1" sc="245,-11,261,43,237,-11,247,-11" /><INIT seed="1,2,0,0,2,116" ten="234,304,226,236" oya="1" hai0="113,96,60,10,80,12,45,3,91,112,4,77,15" hai1="109,38,50,133,63,68,123,48,18,114,107,5,79" hai2="105,69,106,34,23,71,131,24,119,17,98,53,89" hai3="82,84,55,2,19,108,40,13,67,20,74,100,99"/><U93/><E114/><V28/><F119/><W49/><G108/><T88/><D60/><U78/><E107/><V0/><F0/><W7/><G74/><T125/><D125/><U81/><E38/><V102/><F131/><W64/><G40/><T59/><D59/><U65/><E109/><V39/><F39/><W1/><G7/><T104/><D112/><U26/><E5/><V57/><F106/><W62/><G2/><T76/><D113/><U52/><E133/><V111/><F111/><W51/><G1/><T90/><D45/><U120/><E93/><V32/><F89/><W101/><G49/><T85/><REACH who="0" step="1"/><D77/><REACH who="0" ten="224,304,226,236" step="2"/><U127/><E79/><V110/><F110/><W126/><G62/><T118/><D118/><U95/><E127/><V56/><F56/><W8/><G126/><T14/><D14/><U86/><E63/><V43/><F43/><W103/><G64/><T25/><D25/><U30/><E65/><V16/><F71/><W58/><G67/><T66/><D66/><U41/><E68/><V135/><F69/><W61/><G61/><T83/><D83/><U22/><E41/><V132/><F57/><W44/><G58/><T124/><D124/><U46/><E46/><V9/><F53/><W70/><G70/><T54/><D54/><U122/><E52/><V129/><F129/><W35/><G55/><T21/><D21/><U73/><E30/><V47/><F47/><W94/><G20/><T75/><D75/><U72/><E73/><V6/><F34/><W36/><G35/><T121/><D121/><U87/><E72/><V29/><F32/><RYUUKYOKU ba="2,1" sc="224,15,304,15,226,-15,236,-15" hai0="3,4,10,12,15,76,80,85,88,90,91,96,104" hai1="18,22,26,48,50,78,81,86,87,95,120,122,123" /><INIT seed="1,3,1,3,3,18" ten="239,319,211,221" oya="1" hai0="9,96,20,48,42,31,125,84,116,10,58,71,47" hai1="91,6,23,40,35,29,107,44,62,51,86,119,65" hai2="77,110,114,52,5,82,7,118,25,11,94,128,54" hai3="108,133,101,39,95,57,67,104,56,98,134,61,109"/><U80/><E107/><V50/><F118/><W92/><G39/><T32/><D116/><U59/><E119/><V126/><F110/><N who="3" m="42603" /><G56/><T19/><D71/><U73/><E73/><V66/><F128/><W124/><G124/><T17/><D32/><U97/><E35/><V70/><F126/><W41/><G41/><T4/><D58/><U55/><E97/><V2/><F114/><W49/><G49/><T115/><D115/><U130/><E130/><V69/><F7/><W22/><G22/><T105/><D9/><U43/><REACH who="1" step="1"/><E6/><REACH who="1" ten="239,309,211,221" step="2"/><V74/><F70/><W103/><G103/><T16/><D96/><U1/><E1/><V113/><F69/><W72/><G72/><T24/><D105/><U81/><E81/><V127/><F127/><W38/><G38/><T14/><D125/><U45/><E45/><V53/><F113/><W111/><G111/><T112/><D112/><U37/><E37/><V33/><F94/><AGARI ba="3,2" hai="57,61,67,92,94,95,98,101,104,133,134" m="42603" machi="94" ten="30,1000,0" yaku="14,1" doraHai="18" who="3" fromWho="2" sc="239,0,309,0,211,-19,221,39" /><INIT seed="2,0,0,2,4,109" ten="239,309,192,260" oya="2" hai0="62,54,5,20,85,73,8,21,96,9,132,104,81" hai1="89,133,113,37,56,29,32,49,30,91,101,77,24" hai2="75,118,83,12,105,61,57,130,117,87,121,108,3" hai3="44,17,51,34,13,7,93,35,103,71,110,119,112"/><V124/><F105/><W41/><G110/><T66/><D73/><U15/><E37/><V98/><F3/><W55/><G71/><T40/><D40/><U100/><E133/><V63/><F121/><W47/><G119/><T0/><D54/><U27/><E77/><V126/><F108/><W60/><G7/><T122/><D122/><U16/><E113/><V65/><F75/><W36/><G112/><T128/><D128/><U45/><E56/><V53/><F98/><W50/><G60/><T70/><D8/><U125/><E125/><N who="2" m="48235" /><F12/><W28/><G28/><T135/><D96/><U134/><E134/><N who="0" m="51241" /><D104/><U84/><E101/><V52/><F130/><W80/><G103/><T123/><D123/><U48/><E100/><V59/><F65/><W116/><G116/><N who="2" m="44649" /><F87/><W19/><G13/><T31/><D31/><U78/><E30/><V74/><F74/><W115/><G115/><T10/><D0/><U6/><E29/><V95/><F95/><W69/><G93/><T131/><D131/><U90/><E32/><V42/><F83/><W97/><G35/><T120/><D120/><U86/><E86/><V11/><F11/><N who="0" m="4106" /><D5/><U68/><E6/><V76/><F76/><AGARI ba="0,0" hai="20,21,62,66,70,76,81,85" m="4106,51241" machi="76" ten="30,1000,0" yaku="20,1" doraHai="109" who="0" fromWho="2" sc="239,10,309,0,192,-10,260,0" /><INIT seed="3,0,0,3,1,64" ten="249,309,182,260" oya="3" hai0="109,30,36,129,81,121,2,31,47,50,75,39,18" hai1="26,43,87,54,128,60,93,122,37,84,114,61,99" hai2="132,3,96,86,1,76,101,126,105,5,7,51,16" hai3="103,127,55,108,120,118,41,15,85,77,125,72,124"/><W70/><G120/><T131/><D121/><U9/><E114/><V95/><F126/><W113/><G113/><T45/><D2/><U65/><E122/><V98/><F132/><W25/><G118/><T107/><D107/><U12/><E128/><N who="0" m="49225" /><D18/><U34/><E43/><V53/><F3/><W57/><G108/><T29/><D109/><U46/><E37/><N who="0" m="14409" /><D50/><N who="1" m="29015" /><E26/><V71/><F71/><W112/><G72/><T49/><D49/><U0/><E34/><V28/><F28/><W80/><G112/><T135/><D135/><U20/><E20/><V110/><F110/><W130/><G41/><T32/><D32/><U48/><E48/><V79/><F86/><N who="1" m="32809" /><E65/><V116/><F116/><W67/><G130/><T6/><D6/><N who="1" m="3127" /><E0/><V123/><F123/><W83/><G25/><T106/><D106/><U100/><AGARI ba="0,0" hai="60,61,93,99,100" m="3127,32809,29015" machi="100" ten="30,1100,0" yaku="8,1" doraHai="64" who="1" fromWho="1" sc="249,-3,309,11,182,-3,260,-5" owari="246,-15.0,320,41.0,179,-32.0,255,6.0" /></mjloggm>