<mjloggm ver="2.3"><GO type="185" lobby="0"/><UN n0="%E9%96%A2%E8%A5%BF%E9%9B%80%E5%A3%AB%E4%BC%9A" n1="%E6%B0%B7%E3%81%AE%4B" n2="%E3%82%84%E3%81%BE%E3%81%8B%E3%81%84" n3="" dan="16,16,17,0" rate="2114.99,2121.66,2244.68,1500.00" sx="M,M,M,C"/><TAIKYOKU oya="0"/><INIT seed="0,0,0,3,2,40" ten="350,350,350,0" oya="0" hai0="74,89,124,104,116,91,52,111,64,76,97,62,32" hai1="70,61,38,79,65,75,128,59,95,41,55,80,72" hai2="123,50,60,82,90,63,103,117,88,39,122,1,118" hai3=""/><T93/><D32/><U77/><E128/><V2/><N who="2" m="31264" /><V108/><N who="2" m="31520" /><V115/><F39/><T3/><D116/><N who="2" m="44650" /><F115/><T35/><D35/><U68/><E95/><V85/><F108/><T42/><D3/><N who="2" m="1034" /><F103/><T87/><D124/><U107/><E107/><V131/><F131/><T66/><D111/><U49/><E70/><V92/><F50/><T109/><D109/><U84/><REACH who="1" step="1"/><E79/><REACH who="1" ten="350,340,350,0" step="2"/><V53/><F53/><T125/><D104/><U48/><E48/><V133/><F133/><T120/><N who="0" m="30752" /><T73/><D42/><U126/><E126/><V106/><F106/><T94/><D125/><U134/><E134/><V101/><F101/><T112/><D112/><U81/><E81/><V33/><F33/><T100/><D100/><U130/><E130/><V83/><F83/><T78/><D78/><U135/><E135/><V44/><F44/><AGARI ba="0,1" hai="38,41,44,49,55,59,61,65,68,72,75,77,80,84" machi="44" ten="40,8000,1" yaku="1,1,24,2,52,1,53,0" doraHai="40" doraHaiUra="110" who="1" fromWho="2" sc="350,0,340,90,350,-80,0,0" /><INIT seed="1,0,0,2,3,92" ten="350,430,270,0" oya="1" hai0="0,101,81,63,109,89,34,38,56,119,58,116,130" hai1="83,132,73,80,50,82,2,118,77,57,97,104,78" hai2="111,106,128,115,46,135,71,87,48,122,44,84,124" hai3=""/><U72/><E2/><V125/><N who="2" m="31264" /><V90/><F106/><T123/><N who="0" m="31520" /><T107/><D34/><U36/><E118/><N who="0" m="45097" /><D38/><U96/><E132/><V70/><F135/><T37/><D37/><U62/><E36/><V68/><F111/><T113/><D113/><U32/><E32/><V76/><F128/><T91/><D130/><U45/><E104/><V33/><F33/><T98/><D109/><U121/><N who="1" m="31008" /><U47/><E83/><V88/><F115/><T112/><D112/><U61/><E50/><V64/><F64/><T74/><D0/><U43/><E43/><V54/><F76/><T85/><D74/><U1/><E1/><V95/><REACH who="2" step="1"/><F46/><REACH who="2" ten="350,430,260,0" step="2"/><T67/><D56/><AGARI ba="0,1" hai="45,47,56,57,61,62,72,73,77,78,80,82,96,97" m="31008" machi="56" ten="25,12000,1" yaku="22,2,52,3" doraHai="92" who="1" fromWho="0" sc="350,-120,430,130,260,0,0,0" /><INIT seed="1,1,0,1,2,72" ten="230,560,260,0" oya="1" hai0="125,0,50,89,122,58,98,100,38,86,34,82,117" hai1="43,66,120,59,42,48,79,76,119,46,32,131,90" hai2="62,91,106,2,113,51,71,3,60,33,111,36,70" hai3=""/><U96/><N who="1" m="30752" /><U135/><E32/><V69/><F36/><T65/><N who="0" m="31264" /><T93/><D34/><U134/><E119/><V45/><F33/><T115/><D115/><U105/><E131/><V130/><F113/><T73/><D0/><U132/><E42/><V47/><F130/><T124/><D38/><U123/><N who="1" m="31520" /><U37/><E90/><V63/><F111/><T57/><D117/><U118/><E118/><V83/><F106/><T84/><D65/><U55/><E66/><V41/><F91/><T61/><D61/><U80/><E80/><V35/><F35/><T68/><D68/><U133/><N who="1" m="33792" /><DORA hai="104" /><U1/><E1/><V92/><F92/><T129/><D129/><U74/><E74/><V40/><F83/><T128/><D128/><U108/><REACH who="1" step="1"/><E108/><REACH who="1" ten="230,550,260,0" step="2"/><V54/><F3/><T49/><D73/><U64/><E64/><V126/><F2/><T75/><D75/><U127/><E127/><V97/><F126/><T94/><D125/><U114/><E114/><V52/><F97/><T81/><D124/><U102/><AGARI ba="1,1" hai="37,43,46,48,55,59,76,79,96,102,105" m="33792,31520,30752" machi="102" ten="60,16000,3" yaku="1,1,0,1,20,1,52,4,53,2" doraHai="72,104" doraHaiUra="103,101" who="1" fromWho="1" sc="230,-81,550,172,260,-81,0,0" /><INIT seed="1,2,0,0,5,32" ten="149,722,179,0" oya="1" hai0="111,108,123,80,89,81,101,34,90,33,70,114,53" hai1="72,61,39,133,132,50,135,82,63,64,126,67,47" hai2="57,2,127,46,130,68,37,85,48,107,109,3,134" hai3=""/><U71/><E126/><V129/><F85/><T87/><N who="0" m="31520" /><T56/><D70/><U36/><E82/><V78/><F78/><T97/><D114/><U51/><E72/><V83/><F83/><T0/><D0/><N who="2" m="42" /><F107/><T88/><D81/><U35/><E35/><V124/><F68/><T44/><D44/><U121/><N who="1" m="31008" /><U58/><REACH who="1" step="1"/><E51/><REACH who="1" ten="149,712,179,0" step="2"/><V103/><F48/><T65/><D33/><U93/><E93/><V96/><F127/><T100/><D34/><U120/><N who="1" m="30752" /><U59/><E59/><V112/><F57/><T38/><D38/><U1/><E1/><V42/><F124/><T119/><D119/><U99/><E99/><V110/><F96/><T40/><D97/><U95/><E95/><V105/><F37/><T45/><D80/><U60/><E60/><V125/><F125/><T54/><D87/><U117/><E117/><V79/><F129/><T115/><D115/><U62/><E62/><V102/><F130/><T91/><D56/><U77/><E77/><V92/><F79/><T49/><D65/><U122/><N who="1" m="31264" /><U66/><E66/><V41/><F112/><T55/><N who="0" m="22528" /><DORA hai="128" /><T98/><D98/><U75/><E75/><V106/><F92/><T84/><D84/><U69/><E69/><RYUUKYOKU ba="2,1" sc="149,10,712,10,179,-20,0,0" hai0="40,45,49,53,54,55,100,101,108,111" hai1="36,39,47,50,58,61,63,64,67,71,132,133,135" /><INIT seed="1,3,1,0,0,77" ten="159,722,159,0" oya="1" hai0="65,36,62,54,96,61,2,127,52,53,46,124,116" hai1="34,63,73,92,38,82,97,125,117,102,42,129,110" hai2="45,130,40,74,105,79,131,35,132,58,104,126,85" hai3=""/><U134/><E34/><V37/><F35/><T122/><N who="0" m="31264" /><T71/><D2/><U69/><E117/><V49/><F126/><N who="0" m="48170" /><D96/><U88/><E125/><V55/><F132/><T75/><D75/><U115/><E134/><V112/><F74/><T118/><D62/><U66/><E115/><V98/><F112/><T120/><N who="0" m="30752" /><T99/><D99/><U83/><E129/><N who="2" m="49163" /><F98/><T44/><D36/><U111/><E73/><V41/><F41/><T64/><D64/><U128/><E128/><V51/><F37/><T39/><D39/><U57/><E69/><V107/><F107/><T43/><D43/><U109/><E102/><V90/><F79/><T48/><D48/><U114/><REACH who="1" step="1"/><E114/><REACH who="1" ten="159,712,159,0" step="2"/><V56/><F56/><T135/><D135/><U70/><E70/><V72/><F72/><T59/><D71/><U101/><E101/><V119/><F119/><AGARI ba="3,2" hai="44,46,52,53,54,59,61,65,116,118,119" m="30752,48170,31264" machi="119" ten="40,12000,2" yaku="12,1,18,1,34,2,52,2,54,1" doraHai="77" who="0" fromWho="2" sc="159,146,712,0,159,-126,0,0" /><INIT seed="2,0,0,3,3,113" ten="305,712,33,0" oya="2" hai0="76,74,108,103,99,128,91,87,110,60,68,42,85" hai1="35,89,82,102,97,53,1,90,56,32,112,111,133" hai2="3,132,80,130,124,109,63,135,61,55,96,75,120" hai3=""/><V33/><N who="2" m="30752" /><V81/><F3/><T58/><D68/><U73/><E1/><V44/><F33/><T83/><D42/><U40/><E112/><V59/><F124/><T86/><D128/><U121/><N who="1" m="31008" /><U77/><E133/><N who="2" m="51275" /><F130/><T134/><D134/><U38/><E111/><N who="0" m="42537" /><D58/><U126/><E126/><V69/><F109/><T36/><D36/><U116/><E116/><V70/><F44/><T100/><D60/><N who="2" m="23114" /><F96/><T118/><D118/><U84/><E35/><V47/><F47/><T50/><D50/><U119/><E32/><V117/><F117/><T131/><D131/><U64/><E119/><V92/><F92/><AGARI ba="0,0" hai="74,76,83,85,86,87,91,92,99,100,103" m="42537" machi="92" ten="30,3900,0" yaku="14,1,34,2" doraHai="113" who="0" fromWho="2" sc="305,39,712,0,33,-39,0,0" owari="344,-6.0,712,67.0,-6,-61.0,0,0.0" /></mjloggm>