<mjloggm ver="2.3"><GO type="169" lobby="0"/><UN n0="%E5%8D%83%E7%BE%BD%E9%B4%89" n1="%6B%5F%6D%5F%62" n2="%63%6C%75%74%63%68%37%33" n3="%E7%AB%8B%E7%9B%B4%E5%BE%8C%E5%8D%B3%E6%94%BE%E9%8A%83" dan="17,16,17,16" rate="2234.67,2157.79,2178.51,2092.87" sx="F,M,M,F"/><TAIKYOKU oya="0"/><INIT seed="0,0,0,0,0,61" ten="250,250,250,250" oya="0" hai0="106,54,135,27,122,36,59,1,19,34,89,80,14" hai1="43,118,9,0,88,17,22,51,35,113,57,23,78" hai2="58,84,49,5,91,65,120,2,133,119,125,126,6" hai3="116,32,46,76,8,67,48,56,16,33,11,10,109"/><T24/><D36/><U81/><E118/><V39/><F119/><W104/><G116/><T85/><D122/><U50/><E35/><V98/><F120/><W70/><G109/><T30/><D135/><U55/><E113/><V38/><F98/><W74/><G104/><T111/><D111/><U62/><E50/><V64/><F2/><W69/><G16/><T15/><D106/><U86/><E78/><V29/><F29/><W20/><G20/><T44/><D1/><U37/><E37/><N who="2" m="13835" /><F58/><W71/><G71/><T121/><BYE who="3" /><D121/><U40/><E23/><V102/><F49/><W73/><G73/><T7/><D7/><N who="2" m="2570" /><F102/><W123/><G123/><T94/><D27/><N who="1" m="14799" /><E9/><V3/><F3/><W68/><G68/><T124/><D15/><U60/><E0/><V117/><F117/><W4/><G4/><T66/><D44/><N who="1" m="28135" /><E60/><V53/><F53/><AGARI ba="0,0" hai="40,43,53,57,62,81,86,88" m="28135,14799" machi="53" ten="30,2000,0" yaku="8,1,54,1" doraHai="61" who="1" fromWho="2" sc="250,0,250,20,250,-20,250,0" /><INIT seed="1,0,0,0,4,19" ten="250,270,230,250" oya="1" hai0="90,116,50,105,131,32,34,38,77,42,87,122,83" hai1="102,71,51,29,100,44,79,84,124,107,75,108,72" hai2="76,7,126,20,46,60,113,47,86,35,16,123,99" hai3="9,6,69,59,104,21,12,93,91,64,27,23,56"/><U53/><E124/><V36/><F123/><W80/><G80/><T54/><D122/><U127/><E127/><V41/><F113/><W39/><G39/><T89/><D116/><UN n3="%E7%AB%8B%E7%9B%B4%E5%BE%8C%E5%8D%B3%E6%94%BE%E9%8A%83" /><U17/><E108/><V1/><F126/><W121/><G104/><T62/><D105/><U65/><E29/><V78/><F35/><W24/><G69/><T55/><D131/><U129/><E129/><V128/><F128/><W52/><G64/><T3/><D3/><U135/><E135/><V37/><F86/><N who="3" m="52471" /><G59/><T18/><D42/><U109/><E109/><V49/><F7/><W61/><G121/><T111/><D38/><U103/><E107/><V13/><F1/><W11/><G11/><T25/><D34/><U14/><E79/><V15/><F15/><W115/><G115/><T120/><D77/><U57/><E71/><V70/><F99/><W133/><G133/><T106/><D106/><U10/><E84/><V43/><REACH who="2" step="1"/><F49/><REACH who="2" ten="250,270,220,250" step="2"/><W130/><G130/><T125/><D32/><U67/><E75/><V40/><F40/><W132/><G132/><T31/><D50/><N who="1" m="30903" /><E72/><V8/><F8/><W95/><G95/><T33/><D125/><U117/><E117/><V0/><F0/><W101/><G101/><T97/><D120/><U74/><E74/><V82/><F82/><W112/><G112/><T26/><D33/><U58/><E102/><V92/><F92/><W110/><G110/><T30/><D111/><U73/><E103/><V63/><F63/><W88/><G88/><T68/><D87/><U48/><E73/><V45/><F45/><W118/><G118/><T2/><D83/><RYUUKYOKU ba="0,1" sc="250,-15,270,-15,220,15,250,15" hai2="13,16,20,36,37,41,43,46,47,60,70,76,78" hai3="6,9,12,21,23,24,27,52,56,61" /><INIT seed="2,1,1,5,5,115" ten="235,255,235,265" oya="2" hai0="26,54,29,132,51,82,107,118,16,47,39,81,45" hai1="78,128,96,60,65,57,103,98,36,93,119,37,64" hai2="71,25,23,114,124,56,14,120,129,21,123,104,116" hai3="84,125,5,13,94,135,1,75,35,27,91,32,106"/><V117/><F104/><W76/><G135/><T24/><D132/><U4/><E128/><V68/><F56/><W19/><G125/><T99/><D118/><N who="2" m="45674" /><F114/><W34/><G106/><T102/><D39/><U66/><E78/><V89/><F89/><W33/><G1/><T63/><D63/><U95/><E119/><V130/><F124/><W105/><G105/><T72/><D47/><U53/><REACH who="1" step="1"/><E4/><REACH who="1" ten="235,245,235,265" step="2"/><V77/><F77/><W7/><G7/><T52/><D72/><U50/><E50/><V92/><F92/><W73/><G94/><T38/><D38/><U87/><E87/><V44/><F44/><W85/><G5/><T74/><D74/><U126/><E126/><V43/><F43/><W30/><G75/><T97/><D51/><U18/><E18/><N who="2" m="10455" /><F68/><W48/><G73/><T28/><D45/><U46/><E46/><V40/><F40/><W127/><G127/><T17/><D107/><U112/><E112/><V131/><F71/><W31/><G76/><T10/><D102/><AGARI ba="1,2" hai="36,37,53,57,60,64,65,66,93,95,96,98,102,103" machi="102" ten="40,2600,0" yaku="1,1,9,1,53,0" doraHai="115" doraHaiUra="11" who="1" fromWho="0" sc="235,-29,245,49,235,0,265,0" /><INIT seed="3,0,0,4,1,62" ten="206,294,235,265" oya="3" hai0="73,45,108,100,123,35,33,32,47,69,94,90,8" hai1="104,41,87,106,128,70,28,12,46,5,79,129,24" hai2="86,38,130,121,114,4,51,1,83,40,134,17,50" hai3="74,16,91,116,122,54,18,103,93,22,126,78,124"/><W31/><G116/><T55/><D123/><U44/><E70/><V112/><F121/><W68/><G122/><T64/><D108/><U132/><E132/><V29/><F134/><W131/><G131/><N who="1" m="50250" /><E46/><V26/><F130/><W59/><G68/><T11/><D73/><U10/><E79/><V60/><F17/><W101/><G78/><T71/><D100/><N who="3" m="38473" /><G74/><T109/><D71/><U57/><E87/><V110/><F110/><W105/><G22/><T98/><D109/><U49/><E57/><V127/><F127/><N who="3" m="48683" /><G31/><T56/><D8/><U30/><E30/><V53/><F114/><W115/><G105/><T118/><D11/><U9/><E9/><V92/><F92/><W72/><G72/><T15/><D118/><U7/><E5/><V117/><F4/><W113/><G113/><T65/><D69/><U6/><E6/><V63/><F117/><W97/><G115/><T34/><N who="0" m="8192" /><DORA hai="125" /><T96/><D96/><U75/><E75/><V3/><F3/><W76/><G76/><T39/><D39/><U80/><E80/><V95/><F83/><W120/><G120/><T14/><D47/><U42/><E42/><V13/><F40/><W111/><G111/><T67/><REACH who="0" step="1"/><D45/><REACH who="0" ten="196,294,235,265" step="2"/><U88/><E41/><V25/><F112/><W82/><G82/><T0/><D0/><U48/><E44/><V19/><F1/><W20/><G20/><T107/><D107/><U135/><E106/><V58/><F38/><W119/><G119/><T52/><D52/><U27/><E104/><V133/><F53/><W61/><AGARI ba="0,1" hai="16,18,54,59,61,91,93,97" m="48683,38473" machi="61" ten="30,3000,0" yaku="18,1,54,1" doraHai="62,125" who="3" fromWho="3" sc="196,-10,294,-10,235,-10,265,40" /><INIT seed="3,1,0,3,0,22" ten="186,284,225,305" oya="3" hai0="31,93,62,32,10,56,16,54,12,77,27,73,122" hai1="82,13,123,40,72,19,95,129,35,58,59,105,43" hai2="28,4,21,46,38,63,89,29,69,121,67,92,48" hai3="75,42,85,52,9,84,102,113,8,107,51,112,39"/><W124/><G75/><T64/><D122/><U109/><E123/><V132/><F121/><W33/><G124/><T119/><D119/><U15/><E105/><V86/><F132/><W104/><G33/><T17/><D73/><U78/><E109/><V117/><F117/><W126/><G126/><T25/><D77/><U23/><E129/><V111/><F111/><W88/><G39/><T116/><D116/><U68/><E68/><V90/><F38/><W94/><G84/><T70/><D93/><U135/><E135/><V81/><F4/><W37/><G42/><T66/><REACH who="0" step="1"/><D70/><REACH who="0" ten="176,284,225,305" step="2"/><U5/><E95/><V45/><F45/><W103/><G107/><T50/><D50/><U99/><E78/><V96/><F21/><AGARI ba="1,1" hai="10,12,16,17,21,25,27,31,32,54,56,62,64,66" machi="21" ten="40,8000,1" yaku="1,1,52,2,54,1,53,0" doraHai="22" doraHaiUra="114" who="0" fromWho="2" sc="176,93,284,0,225,-83,305,0" /><INIT seed="4,0,0,5,5,123" ten="269,284,142,305" oya="0" hai0="13,72,76,1,36,116,91,11,18,16,100,83,55" hai1="12,89,132,78,73,114,14,67,71,69,70,129,115" hai2="50,21,127,99,133,66,68,75,86,102,96,80,4" hai3="32,56,110,81,29,31,44,57,48,45,58,120,33"/><T130/><D116/><U20/><E129/><V64/><F133/><W42/><G120/><T85/><D130/><U90/><E132/><V134/><F134/><W2/><G2/><T6/><D36/><U79/><E67/><V39/><F39/><W109/><G45/><T53/><D100/><U82/><E20/><V8/><F75/><W41/><G81/><T35/><D35/><U111/><E111/><N who="3" m="42506" /><G44/><T103/><D103/><U108/><E108/><V125/><F21/><W9/><G48/><T54/><REACH who="0" step="1"/><D1/><REACH who="0" ten="259,284,142,305" step="2"/><U98/><E114/><V7/><F102/><W77/><G33/><T104/><D104/><U121/><E115/><V126/><F68/><W0/><G32/><T88/><D88/><U135/><E90/><N who="2" m="51527" /><F4/><W5/><G0/><T84/><D84/><U74/><E89/><V60/><F50/><W26/><G77/><T59/><D59/><U51/><E51/><V47/><F47/><W34/><G56/><T24/><D24/><U92/><E135/><V15/><F66/><W23/><G57/><T30/><D30/><U17/><E121/><V62/><F64/><W101/><G58/><T117/><D117/><U94/><E79/><V19/><F7/><W49/><G101/><T87/><D87/><U63/><E74/><V40/><F40/><W38/><G42/><T3/><D3/><U10/><E63/><AGARI ba="0,1" hai="8,15,19,60,62,63,96,99,125,126,127" m="51527" machi="63" ten="30,1000,0" yaku="18,1" doraHai="123" who="2" fromWho="1" sc="259,0,284,-10,142,20,305,0" /><INIT seed="5,0,0,2,2,30" ten="259,274,162,305" oya="1" hai0="82,0,72,8,62,34,12,44,50,119,43,26,3" hai1="13,20,100,37,105,79,102,87,21,117,129,101,49" hai2="127,78,35,28,57,125,2,59,48,90,114,111,70" hai3="40,74,110,120,31,11,131,52,33,109,103,68,36"/><U121/><E117/><V55/><F111/><W80/><G120/><T5/><D119/><U76/><E121/><V56/><F2/><W99/><G68/><T7/><D7/><U63/><E37/><V97/><F70/><W46/><G131/><T38/><D62/><U94/><E129/><V81/><F114/><W15/><G52/><T86/><D38/><U65/><E105/><V4/><F4/><W9/><G80/><T108/><D72/><U45/><E13/><V53/><F90/><W112/><G74/><T58/><D58/><N who="1" m="37111" /><E94/><V88/><F78/><N who="1" m="29737" /><E87/><N who="2" m="50287" /><F97/><W23/><G15/><T91/><REACH who="0" step="1"/><D108/><REACH who="0" ten="249,274,162,305" step="2"/><U42/><AGARI ba="0,1" hai="20,21,42,45,49,100,101,102" m="29737,37111" machi="42" ten="30,1500,0" yaku="8,1" doraHai="30" who="1" fromWho="1" sc="249,-5,274,25,162,-5,305,-5" /><INIT seed="5,1,0,0,1,82" ten="244,299,157,300" oya="1" hai0="30,5,40,56,95,78,61,134,132,75,92,65,3" hai1="22,94,10,88,112,126,33,96,31,131,125,114,38" hai2="36,116,47,50,16,85,79,100,86,14,68,99,76" hai3="83,21,105,111,70,117,37,34,84,93,62,106,67"/><U46/><E33/><V109/><F68/><W71/><G111/><T18/><D30/><U28/><E131/><V101/><F36/><W60/><G37/><T110/><D110/><U43/><E10/><N who="2" m="6231" /><F116/><W89/><G117/><T7/><D40/><U80/><E80/><V39/><F39/><W48/><G34/><T15/><D78/><N who="2" m="29738" /><F109/><W119/><G119/><T107/><D107/><U73/><E73/><V20/><F20/><W74/><G21/><T23/><D75/><U123/><E123/><V0/><F0/><W6/><G6/><N who="0" m="2059" /><D3/><U63/><E22/><V19/><F19/><W2/><G2/><T98/><D98/><U113/><E31/><V24/><F24/><W49/><G74/><T45/><D45/><U13/><E13/><V8/><F8/><W57/><G71/><T32/><D32/><U27/><E27/><V130/><F130/><W97/><G106/><T44/><D44/><U103/><E28/><V87/><F99/><W35/><G105/><T59/><D134/><U124/><E103/><V4/><F4/><W81/><G35/><T91/><D132/><U66/><E124/><V29/><F29/><W135/><G135/><T104/><D104/><U122/><E122/><V90/><F90/><W64/><G97/><T53/><D91/><U1/><E1/><V55/><AGARI ba="1,0" hai="47,50,55,85,86,87,100,101" m="29738,6231" machi="55" ten="30,8000,1" yaku="8,1,52,3,54,1" doraHai="82" who="2" fromWho="2" sc="244,-21,299,-41,157,83,300,-21" /><INIT seed="6,0,0,3,2,16" ten="223,258,240,279" oya="2" hai0="45,71,120,82,90,118,60,25,43,23,92,52,101" hai1="107,42,123,80,89,115,110,65,36,18,39,15,85" hai2="99,21,126,41,119,104,22,78,77,95,74,109,108" hai3="5,113,48,91,44,47,134,1,135,0,100,96,106"/><V131/><F119/><W66/><G113/><T37/><D120/><U49/><E110/><N who="2" m="42603" /><F104/><W54/><G66/><T13/><D118/><U86/><E115/><V67/><F131/><W128/><G128/><T76/><D101/><U125/><E125/><V20/><F126/><W133/><G5/><T11/><D71/><U17/><E107/><V7/><F7/><W75/><G75/><T87/><D60/><U79/><E65/><V132/><F132/><W112/><G112/><T28/><D52/><U117/><E123/><V8/><F8/><W50/><G91/><T31/><D31/><U122/><E122/><V38/><F74/><W114/><REACH who="3" step="1"/><G114/><REACH who="3" ten="223,258,240,269" step="2"/><T83/><REACH who="0" step="1"/><D76/><REACH who="0" ten="213,258,240,269" step="2"/><U105/><E79/><V55/><F67/><W124/><G124/><T24/><D24/><U30/><E117/><V6/><F55/><AGARI ba="0,2" hai="0,1,44,47,48,50,54,55,96,100,106,133,134,135" machi="55" ten="40,5200,0" yaku="1,1,9,1,20,1,53,0" doraHai="16" doraHaiUra="9" who="3" fromWho="2" sc="213,0,258,0,240,-52,269,72" /><INIT seed="7,0,0,5,4,35" ten="213,258,188,341" oya="3" hai0="67,17,113,58,2,69,119,87,121,14,16,81,54" hai1="70,99,123,18,79,25,75,78,24,12,7,28,43" hai2="115,111,65,13,72,97,36,38,96,49,30,124,94" hai3="34,44,0,84,100,112,129,105,92,1,42,48,9"/><W26/><G105/><T134/><D2/><U110/><E7/><V3/><F3/><W107/><G107/><T68/><D121/><U53/><E43/><V52/><F111/><W71/><G71/><T6/><D119/><U102/><E123/><V106/><F72/><W47/><G9/><N who="0" m="4407" /><D68/><U130/><E130/><V93/><F106/><W104/><G84/><T131/><D69/><U57/><E70/><V77/><F124/><W88/><G48/><N who="0" m="31047" /><D131/><U109/><E79/><V133/><F133/><W89/><G92/><T37/><D37/><U127/><E78/><V55/><F115/><W46/><G26/><T21/><D134/><U85/><E25/><V5/><F77/><W64/><G89/><N who="0" m="51439" /><D113/><U86/><E75/><V11/><F30/><W116/><G46/><T135/><D135/><U51/><E127/><V32/><F32/><W114/><G42/><T95/><D67/><U59/><E59/><V73/><F65/><W63/><G100/><T74/><D74/><U27/><E110/><V108/><F108/><W82/><G82/><T90/><D21/><U22/><E109/><V66/><F66/><W31/><G31/><T45/><D45/><U103/><E103/><V60/><F73/><W132/><G47/><T98/><AGARI ba="0,0" hai="16,17,90,95,98" m="51439,31047,4407" machi="98" ten="30,2000,0" yaku="8,1,54,1" doraHai="35" who="0" fromWho="0" sc="213,20,258,-5,188,-5,341,-10" owari="233,-17.0,253,5.0,183,-32.0,331,44.0" /></mjloggm>