<mjloggm ver="2.3"><GO type="169" lobby="0"/><UN n0="%E7%AB%8B%E7%9B%B4%E5%BE%8C%E5%8D%B3%E6%94%BE%E9%8A%83" n1="%E2%80%A0%E6%B0%B4%E9%8A%80%E7%87%88%E2%80%A0" n2="%52%45%49%4E%E6%A3%AE%E4%B9%85%E4%BF%9D%50" n3="%E3%82%BB%E3%83%B3%E3%83%88%E3%82%A2%E3%83%AA%E3%82%B7%E3%82%A2" dan="16,16,16,17" rate="2086.69,2160.32,2141.31,2097.61" sx="F,F,M,F"/><TAIKYOKU oya="0"/><INIT seed="0,0,0,3,5,105" ten="250,250,250,250" oya="0" hai0="119,39,86,84,43,38,1,45,31,134,116,131,46" hai1="18,81,25,85,92,112,58,125,118,103,133,0,91" hai2="78,37,21,124,108,79,60,67,44,19,50,56,98" hai3="10,75,28,130,73,95,33,3,64,5,30,74,65"/><T51/><D131/><U47/><E118/><V9/><F108/><W90/><G130/><T87/><D134/><U122/><E122/><V32/><F32/><W6/><G6/><T26/><D1/><U100/><E0/><V54/><F124/><W11/><G11/><T117/><REACH who="0" step="1"/><D45/><REACH who="0" ten="240,250,250,250" step="2"/><U110/><E133/><V42/><F9/><W7/><G7/><T35/><AGARI ba="0,1" hai="26,31,35,38,39,43,46,51,84,86,87,116,117,119" machi="35" ten="40,12000,1" yaku="1,1,2,1,0,1,53,1" doraHai="105" doraHaiUra="40" who="0" fromWho="0" sc="240,130,250,-40,250,-40,250,-40" /><INIT seed="0,1,0,0,1,80" ten="370,210,210,210" oya="0" hai0="33,129,65,59,39,124,125,28,31,133,41,112,109" hai1="13,18,68,43,135,19,50,34,47,56,6,88,0" hai2="4,130,118,62,94,23,25,117,90,113,46,26,120" hai3="17,78,73,101,11,99,126,24,84,81,44,96,111"/><T20/><D112/><U12/><E68/><V123/><F46/><W87/><G111/><T83/><D109/><U37/><E34/><V38/><F38/><W27/><G126/><N who="0" m="48747" /><D129/><U36/><E135/><V64/><F113/><W128/><G128/><T76/><D20/><U53/><E0/><V100/><F4/><W116/><G116/><N who="2" m="44649" /><F100/><W79/><G44/><N who="0" m="23615" /><D33/><U131/><E131/><V54/><F54/><W32/><G32/><T72/><D133/><U14/><E6/><V119/><N who="2" m="44657" /><V40/><DORA hai="114" /><F40/><W104/><G99/><T127/><D127/><U7/><E7/><V10/><F10/><W49/><G49/><T102/><D102/><U16/><E37/><V9/><F9/><W93/><G11/><T58/><D65/><U5/><E5/><V66/><F66/><W30/><G101/><T63/><D59/><U52/><E53/><V95/><F95/><W89/><G93/><T35/><D58/><U77/><E36/><V22/><F22/><W86/><G104/><T55/><D35/><U15/><E43/><V2/><F2/><W75/><G75/><T105/><D55/><U61/><E47/><V71/><F130/><W51/><G73/><T21/><D72/><U121/><E52/><V8/><F8/><W110/><G110/><T74/><D21/><U103/><E103/><V122/><F23/><W97/><G51/><T108/><D108/><U1/><E50/><V48/><F48/><W134/><G134/><T57/><D105/><U85/><E1/><V67/><F67/><W45/><G45/><T107/><D107/><U82/><E56/><RYUUKYOKU ba="1,0" sc="370,15,210,-15,210,15,210,-15" hai0="28,31,57,63,74,76,83" hai2="25,26,62,64,71,90,94,120,122,123" /><INIT seed="0,2,0,2,4,17" ten="385,195,225,195" oya="0" hai0="29,11,82,124,40,26,51,135,27,21,74,14,129" hai1="133,57,25,0,118,79,93,20,121,31,65,126,90" hai2="102,87,94,107,56,101,32,15,113,61,110,96,22" hai3="38,91,50,2,130,128,37,1,23,63,105,132,114"/><T67/><D129/><N who="3" m="49769" /><G114/><T104/><D135/><U46/><E118/><V73/><F32/><W28/><G105/><T9/><D124/><U125/><E121/><V78/><F113/><W41/><G132/><T3/><D104/><U47/><E133/><V36/><F36/><W18/><G28/><T33/><D67/><U68/><E0/><V54/><F110/><W72/><G72/><T19/><D51/><U115/><E68/><V89/><F102/><W88/><G63/><T42/><D82/><U76/><E115/><V6/><F6/><W13/><G50/><T62/><D62/><N who="1" m="38095" /><E126/><V59/><F59/><W45/><G38/><T7/><REACH who="0" step="1"/><D74/><REACH who="0" ten="375,195,225,195" step="2"/><U55/><E125/><V30/><F73/><W108/><G108/><T120/><D120/><U39/><E39/><V71/><F71/><W117/><G117/><T53/><D53/><U109/><E109/><V12/><F78/><N who="1" m="29737" /><E55/><V48/><REACH who="2" step="1"/><F48/><REACH who="2" ten="375,195,215,195" step="2"/><W34/><G34/><T8/><D8/><U106/><E106/><V103/><F103/><W35/><G35/><T131/><D131/><U16/><E46/><V43/><F43/><W95/><G45/><T97/><D97/><N who="1" m="57527" /><E47/><V69/><F69/><W75/><G75/><T77/><D77/><U52/><E52/><V98/><F98/><W66/><G41/><T81/><D81/><U122/><E122/><V80/><F80/><W112/><G112/><T24/><D24/><AGARI ba="2,2" hai="12,15,22,24,30,54,56,61,87,89,94,96,101,107" machi="24" ten="40,2600,0" yaku="1,1,52,1,53,0" doraHai="17" doraHaiUra="4" who="2" fromWho="0" sc="375,-32,195,0,215,52,195,0" /><INIT seed="1,0,0,3,4,38" ten="343,195,267,195" oya="1" hai0="86,29,100,56,11,50,40,59,124,25,37,83,44" hai1="17,96,113,31,111,93,72,3,35,51,92,45,132" hai2="39,41,64,85,120,76,109,19,13,16,107,12,48" hai3="127,82,36,23,108,26,69,104,122,98,88,0,67"/><U14/><E113/><V10/><F39/><W90/><G122/><T81/><D124/><U74/><E3/><V77/><F107/><W28/><G127/><T60/><D100/><U125/><E125/><V18/><F109/><W15/><G0/><T123/><D123/><U70/><E70/><V71/><F120/><W101/><G108/><T89/><D11/><U30/><E111/><V110/><F110/><W43/><G69/><T5/><D5/><U99/><E132/><V105/><F105/><W79/><G67/><T106/><D106/><U97/><E72/><V129/><F129/><W68/><G68/><T128/><D128/><U54/><E74/><V61/><F85/><W131/><G131/><T55/><D83/><U32/><E32/><V63/><F63/><W117/><G117/><T42/><D37/><U9/><REACH who="1" step="1"/><E35/><REACH who="1" ten="343,185,267,195" step="2"/><V21/><REACH who="2" step="1"/><F18/><REACH who="2" ten="343,185,257,195" step="2"/><W53/><G28/><AGARI ba="0,2" hai="9,14,17,28,30,31,45,51,54,92,93,96,97,99" machi="28" ten="40,7700,0" yaku="1,1,2,1,8,1,53,0" doraHai="38" doraHaiUra="73" who="1" fromWho="3" sc="343,0,185,97,257,0,195,-77" /><INIT seed="1,1,0,3,4,127" ten="343,282,257,118" oya="1" hai0="9,82,25,35,23,119,18,4,55,78,34,2,99" hai1="42,28,56,96,89,44,27,17,32,81,90,69,121" hai2="37,101,53,113,129,43,61,49,10,85,20,91,33" hai3="131,79,29,31,108,117,88,116,80,135,112,46,57"/><U51/><E121/><V75/><F33/><W58/><G112/><T62/><D119/><N who="3" m="45641" /><G108/><T21/><D99/><U70/><E17/><V11/><F75/><N who="3" m="43135" /><G135/><T8/><D8/><U92/><REACH who="1" step="1"/><E56/><REACH who="1" ten="343,272,257,118" step="2"/><V47/><F113/><W71/><G71/><T107/><D18/><U125/><E125/><V40/><F47/><W104/><G46/><T1/><D4/><U15/><E15/><V36/><F10/><W65/><G57/><T97/><D9/><U14/><E14/><V0/><F11/><W26/><G58/><T16/><D16/><U100/><E100/><V95/><F0/><W102/><G102/><T48/><D2/><U73/><E73/><V114/><F101/><W103/><G103/><T93/><D1/><U105/><E105/><V59/><F59/><W52/><G104/><T115/><D107/><U128/><E128/><V133/><F129/><W19/><G131/><T13/><D13/><U64/><E64/><V76/><F114/><W30/><G65/><T83/><D115/><U109/><E109/><V72/><F72/><W5/><G19/><T60/><D25/><U126/><E126/><V54/><F133/><W66/><G66/><T94/><D78/><U7/><E7/><V111/><F76/><W50/><G5/><T12/><D12/><U86/><AGARI ba="1,1" hai="27,28,32,42,44,51,69,70,81,86,89,90,92,96" machi="86" ten="30,3000,0" yaku="1,1,0,1,53,0" doraHai="127" doraHaiUra="68" who="1" fromWho="1" sc="343,-11,272,43,257,-11,118,-11" /><INIT seed="1,2,0,5,1,82" ten="332,315,246,107" oya="1" hai0="36,20,30,41,2,11,58,44,29,108,89,15,102" hai1="99,66,80,76,54,130,75,7,116,51,90,127,67" hai2="48,126,109,8,69,95,115,25,1,43,18,65,93" hai3="34,40,21,19,63,106,45,6,55,100,110,85,42"/><U27/><E116/><V122/><F122/><W79/><G34/><T52/><D108/><U24/><E130/><V96/><F109/><W38/><G110/><T62/><D2/><U53/><E127/><V26/><F115/><W131/><G131/><T16/><D102/><U47/><E7/><V118/><F118/><W5/><G42/><T35/><D35/><U119/><E119/><V101/><F126/><W61/><G106/><T60/><D60/><U121/><E121/><V123/><F123/><W46/><G100/><T84/><D11/><U64/><REACH who="1" step="1"/><E54/><REACH who="1" ten="332,305,246,107" step="2"/><V114/><F114/><W133/><G5/><T14/><REACH who="0" step="1"/><D14/><REACH who="0" ten="322,305,246,107" step="2"/><U98/><E98/><V10/><F96/><W12/><G12/><T88/><D88/><U70/><E70/><V33/><F69/><W9/><G6/><T23/><D23/><U105/><E105/><V117/><F1/><W103/><G21/><T73/><D73/><U71/><E71/><V4/><F117/><W68/><G68/><T86/><D86/><U113/><E113/><V107/><F33/><W22/><G22/><T31/><D31/><U32/><E32/><V50/><F107/><W3/><G85/><T13/><D13/><U0/><E0/><V17/><F101/><W81/><G3/><T39/><D39/><U135/><E135/><V124/><F124/><W94/><G133/><T74/><D74/><U111/><E111/><V49/><F4/><W134/><G134/><T78/><D78/><U56/><E56/><V112/><F112/><W87/><G38/><T83/><AGARI ba="2,2" hai="15,16,20,29,30,36,41,44,52,58,62,83,84,89" machi="83" ten="20,12000,2" yaku="1,1,0,1,7,1,52,1,54,2,53,0" doraHai="82" doraHaiUra="91" who="0" fromWho="0" sc="322,146,305,-62,246,-32,107,-32" /><INIT seed="2,0,0,4,4,85" ten="468,243,214,75" oya="2" hai0="96,36,117,35,7,120,69,42,4,73,104,64,9" hai1="68,86,128,123,74,48,92,34,41,90,3,46,88" hai2="57,79,98,21,11,125,78,38,2,15,126,40,72" hai3="53,75,76,62,127,118,20,94,119,111,100,29,55"/><V133/><F133/><W13/><G75/><T71/><D120/><U37/><E123/><V49/><F38/><W12/><G76/><T114/><D114/><U135/><E135/><V47/><F2/><W50/><G111/><T82/><D117/><U103/><E34/><V26/><F72/><W31/><G50/><T107/><D4/><U16/><E68/><N who="0" m="26185" /><D35/><U87/><E74/><V89/><F57/><W23/><G94/><T22/><D96/><N who="1" m="59783" /><E3/><V5/><F126/><W105/><G100/><T25/><D22/><U59/><E37/><V97/><F97/><W134/><G134/><T110/><D25/><U95/><E128/><V70/><F70/><W116/><G116/><T54/><D110/><U30/><E30/><V56/><F56/><W19/><G19/><T43/><D54/><U61/><E16/><N who="2" m="12583" /><F125/><W24/><G127/><T28/><D64/><N who="1" m="38975" /><E95/><AGARI ba="0,0" hai="5,11,15,40,47,49,78,79,89,95,98" m="12583" machi="95" ten="30,5800,0" yaku="8,1,52,1,54,1" doraHai="85" who="2" fromWho="1" sc="468,0,243,-58,214,58,75,0" /><INIT seed="2,1,0,5,5,56" ten="468,185,272,75" oya="2" hai0="122,133,44,13,1,38,26,87,109,30,52,81,119" hai1="92,24,49,118,114,72,117,42,91,106,39,110,85" hai2="107,57,7,43,67,55,128,12,102,61,46,69,27" hai3="94,115,25,16,86,121,53,22,64,35,82,111,8"/><V48/><F128/><W125/><G121/><T31/><D122/><U36/><E114/><V51/><F107/><W15/><G115/><T63/><D1/><U112/><E112/><V99/><F27/><W11/><G111/><T50/><D109/><U77/><E110/><V19/><F7/><W105/><G105/><T10/><D133/><U5/><E5/><V29/><F29/><W62/><G53/><T135/><D135/><U132/><E132/><V37/><F99/><W58/><G94/><T127/><D127/><U34/><E49/><N who="2" m="30959" /><F102/><W123/><G123/><T9/><D38/><U41/><E39/><V134/><F134/><W95/><G95/><T6/><D10/><AGARI ba="1,0" hai="10,12,19,37,43,46,48,51,61,67,69" m="30959" machi="10" ten="30,2900,0" yaku="24,1,52,1" doraHai="56" who="2" fromWho="0" sc="468,-32,185,0,272,32,75,0" /><INIT seed="2,2,0,3,2,65" ten="436,185,304,75" oya="2" hai0="2,16,132,76,116,127,102,45,107,92,72,118,60" hai1="8,73,75,122,93,7,39,18,71,34,11,96,46" hai2="30,55,64,56,52,27,47,119,128,133,41,70,25" hai3="85,68,95,50,110,113,48,67,22,130,37,61,31"/><V81/><F119/><N who="0" m="45610" /><D127/><U29/><E122/><V129/><F81/><W12/><G110/><T35/><D132/><U91/><E18/><V103/><F103/><W62/><G130/><N who="2" m="50281" /><F133/><W15/><G113/><T109/><D109/><U3/><E11/><V21/><F25/><W124/><G124/><T40/><D35/><U86/><E29/><V10/><F10/><W134/><G134/><T121/><D2/><U43/><E34/><V77/><F77/><W87/><G37/><T42/><D107/><U23/><E23/><V24/><F24/><W94/><G67/><T120/><D60/><U135/><E135/><V26/><F26/><W66/><G66/><T99/><D42/><U78/><E78/><V125/><F56/><W84/><G84/><T17/><D76/><U1/><E1/><V108/><F108/><W53/><G22/><T89/><D72/><U106/><E106/><V5/><F5/><W123/><G123/><T0/><D102/><U58/><E75/><V82/><F82/><W32/><G32/><T79/><D79/><U117/><E73/><V101/><F101/><W80/><G80/><T90/><D90/><U57/><E117/><V54/><F125/><W63/><G31/><T49/><D0/><U28/><E28/><V104/><F104/><W20/><G20/><T9/><D17/><U38/><E86/><V88/><F88/><W13/><G13/><AGARI ba="2,0" hai="9,13,16,40,45,49,89,92,99,120,121" m="45610" machi="13" ten="30,2000,0" yaku="12,1,54,1" doraHai="65" who="0" fromWho="3" sc="436,26,185,0,304,0,75,-26" /><INIT seed="3,0,0,5,1,116" ten="462,185,304,49" oya="3" hai0="18,20,51,68,6,47,66,9,37,56,14,124,64" hai1="101,71,118,36,34,83,119,70,103,86,4,65,76" hai2="55,123,44,11,104,60,82,17,127,3,126,89,120" hai3="125,25,53,109,31,74,129,93,27,130,78,92,40"/><W62/><G40/><T112/><D124/><N who="2" m="47658" /><F104/><W21/><G125/><T49/><D112/><U59/><E36/><V87/><F3/><W90/><G74/><T52/><D68/><U30/><E59/><N who="2" m="34943" /><F44/><W7/><G78/><T98/><D98/><U85/><E4/><V48/><F48/><W15/><G109/><T61/><D37/><U69/><E65/><N who="0" m="25193" /><D47/><U46/><E46/><V43/><F43/><W26/><G93/><T63/><D51/><U88/><E30/><V79/><F79/><W94/><G94/><T13/><AGARI ba="0,0" hai="6,9,13,14,18,20,49,52,56,61,63" m="25193" machi="13" ten="30,2000,0" yaku="8,1,54,1" doraHai="116" who="0" fromWho="0" sc="462,20,185,-5,304,-5,49,-10" /><INIT seed="4,0,0,4,5,8" ten="482,180,299,39" oya="0" hai0="109,4,27,33,14,35,52,50,116,46,62,84,11" hai1="129,122,82,111,63,132,49,72,98,36,1,29,19" hai2="85,121,86,67,110,128,78,51,61,120,71,97,123" hai3="28,37,76,7,38,16,32,108,80,56,115,74,40"/><T79/><D109/><U24/><E36/><V106/><F110/><W66/><G108/><T102/><D116/><U107/><E122/><V89/><F128/><W18/><G115/><T134/><D134/><U127/><E1/><V81/><F51/><W0/><G38/><T99/><D27/><U69/><E127/><V21/><F21/><W77/><G77/><T96/><D96/><U15/><E49/><V103/><F61/><N who="3" m="38183" /><G28/><T75/><D75/><U91/><E129/><V3/><F67/><W88/><G32/><T26/><D26/><U23/><E132/><V54/><F3/><W13/><G88/><T104/><REACH who="0" step="1"/><D62/><REACH who="0" ten="472,180,299,39" step="2"/><U6/><E24/><V65/><F71/><W58/><G74/><T55/><D55/><U117/><E72/><V59/><F54/><W93/><G40/><T133/><D133/><U119/><E111/><V105/><F65/><W112/><G112/><T47/><D47/><U131/><E69/><V31/><F59/><W20/><G58/><T135/><D135/><U48/><E63/><V44/><F44/><W125/><G125/><T73/><D73/><U5/><E98/><V70/><F70/><W34/><G34/><T90/><D90/><U100/><E91/><V118/><F118/><W30/><G76/><T92/><D92/><U17/><E117/><V124/><F124/><W130/><G93/><T22/><D22/><U43/><E23/><V101/><F31/><W94/><G30/><T10/><D10/><U114/><E119/><V57/><F57/><W60/><G20/><T83/><AGARI ba="0,1" hai="4,11,14,33,35,46,50,52,79,83,84,99,102,104" machi="83" ten="30,12000,1" yaku="1,1,0,1,52,1,54,1,53,1" doraHai="8" doraHaiUra="42" who="0" fromWho="0" sc="472,130,180,-40,299,-40,39,-40" owari="602,70.0,140,-26.0,259,6.0,-1,-50.0" /></mjloggm>