<mjloggm ver="2.3"><GO type="169" lobby="0"/><UN n0="%E3%81%8B%E3%81%8B%E3%81%8B%E3%81%8B" n1="%E3%81%8A%E3%82%8A%E3%81%BE%E3%81%A4" n2="%E9%96%A2%E3%82%B1%E5%8E%9F" n3="%75%72%61%74%61%6D%61" dan="16,16,16,16" rate="2107.66,2093.15,2175.95,2067.92" sx="M,M,M,M"/><TAIKYOKU oya="0"/><INIT seed="0,0,0,0,3,67" ten="250,250,250,250" oya="0" hai0="57,43,73,114,45,103,112,119,21,104,59,111,72" hai1="16,92,132,79,27,130,29,0,53,10,117,100,81" hai2="13,102,75,26,87,39,70,37,134,2,101,95,46" hai3="124,44,98,77,121,12,71,99,83,34,126,58,31"/><T3/><D119/><U106/><E117/><V94/><F2/><W30/><G121/><T115/><D3/><U23/><E132/><V116/><F75/><W20/><G44/><T88/><D103/><U80/><E130/><V69/><F116/><W40/><G40/><T51/><D104/><U84/><E106/><V91/><F134/><W24/><G58/><T129/><D129/><U8/><E53/><V65/><F65/><W55/><G55/><T66/><D111/><U133/><E133/><V120/><F120/><W18/><G31/><T68/><D72/><U122/><E122/><V22/><F13/><W82/><G82/><T93/><D73/><U107/><E107/><V14/><F14/><W60/><G83/><T28/><D21/><U42/><E42/><V5/><F5/><W17/><G77/><T74/><D28/><U25/><E81/><V109/><F109/><W96/><REACH who="3" step="1"/><G18/><REACH who="3" ten="250,250,250,240" step="2"/><T89/><D74/><U78/><E78/><V38/><F46/><W7/><G7/><T1/><D59/><U47/><E47/><V61/><F61/><W56/><G56/><T131/><D57/><U48/><E48/><V97/><REACH who="2" step="1"/><F102/><REACH who="2" ten="250,250,240,240" step="2"/><W110/><G110/><T15/><D131/><U4/><E4/><V105/><F105/><W32/><G32/><T19/><D45/><U90/><E100/><V64/><F64/><AGARI ba="0,2" hai="12,17,20,24,30,34,60,64,71,96,98,99,124,126" machi="64" ten="40,5200,0" yaku="1,1,52,1,53,1" doraHai="67" doraHaiUra="9" who="3" fromWho="2" sc="250,0,250,0,240,-52,240,72" /><INIT seed="1,0,0,1,4,113" ten="250,250,188,312" oya="1" hai0="29,104,116,92,71,88,103,131,82,130,18,30,4" hai1="16,40,98,56,96,93,112,122,64,124,120,24,55" hai2="59,11,97,123,99,121,94,32,42,6,85,39,62" hai3="132,77,1,12,105,37,79,80,69,57,66,58,35"/><U63/><E112/><V25/><F85/><W114/><G1/><T107/><D71/><U36/><E124/><V135/><F135/><W60/><G37/><T110/><D4/><U43/><E98/><V33/><F97/><W91/><G105/><N who="0" m="40523" /><D103/><U13/><E24/><V28/><F33/><W129/><G132/><T2/><D2/><U46/><E43/><V108/><F108/><W26/><G114/><T8/><D82/><U34/><E34/><V20/><F32/><W49/><G129/><N who="0" m="49163" /><D116/><U109/><E109/><V89/><F39/><W126/><G126/><T100/><D100/><U111/><E111/><V23/><F42/><W50/><G91/><T48/><D48/><U95/><E95/><V10/><F23/><W119/><G119/><T61/><D61/><U128/><E64/><V74/><F74/><W65/><G69/><T106/><D106/><U134/><E134/><V5/><F5/><W125/><G125/><T86/><D110/><U3/><E3/><V47/><F47/><W84/><G77/><T75/><D75/><U17/><E17/><V54/><REACH who="2" step="1"/><F6/><REACH who="2" ten="250,250,178,312" step="2"/><W67/><G35/><T0/><D0/><U27/><E128/><V127/><F127/><W76/><G79/><T102/><D102/><U15/><E36/><V133/><F133/><W19/><G76/><T73/><D73/><U90/><E46/><V31/><F31/><W52/><G84/><T21/><D8/><AGARI ba="0,1" hai="8,10,11,20,25,28,54,59,62,89,94,99,121,123" machi="8" ten="40,2600,0" yaku="1,1,53,1" doraHai="113" doraHaiUra="87" who="2" fromWho="0" sc="250,-26,250,0,178,36,312,0" /><INIT seed="2,0,0,5,4,29" ten="224,250,214,312" oya="2" hai0="73,68,0,31,15,21,33,43,58,101,30,99,2" hai1="63,70,9,37,108,110,19,85,55,105,13,84,11" hai2="132,59,122,75,89,7,27,86,83,123,103,47,118" hai3="113,18,20,46,135,69,40,115,74,102,91,14,125"/><V81/><F118/><W22/><G125/><T80/><D68/><U45/><E105/><V94/><F7/><W36/><G69/><T79/><D33/><U49/><E11/><V131/><F131/><W26/><G74/><T17/><D43/><U71/><E71/><V10/><F10/><W121/><G135/><T56/><D31/><U61/><E37/><V35/><F132/><W44/><G44/><T134/><D30/><U117/><E117/><V104/><F47/><W120/><G91/><T100/><D100/><U130/><E130/><V54/><F104/><W129/><G102/><T12/><D12/><U32/><E32/><V38/><F38/><W112/><REACH who="3" step="1"/><G129/><REACH who="3" ten="224,250,214,302" step="2"/><T97/><D134/><U116/><E70/><V23/><F103/><W24/><G24/><T90/><D90/><U111/><E116/><V93/><F75/><W124/><G124/><T126/><D126/><U52/><E63/><V4/><F27/><W39/><G39/><T98/><D101/><U8/><E61/><V106/><F89/><W42/><G42/><T76/><D76/><U77/><E77/><V5/><F106/><W50/><G50/><T62/><REACH who="0" step="1"/><D56/><REACH who="0" ten="214,250,214,302" step="2"/><U51/><E8/><V128/><F59/><AGARI ba="0,2" hai="9,13,19,45,49,51,52,55,59,84,85,108,110,111" machi="59" ten="40,2600,0" yaku="14,1,54,1" doraHai="29" who="1" fromWho="2" sc="214,0,250,46,214,-26,302,0" /><INIT seed="3,0,0,1,5,124" ten="214,296,188,302" oya="3" hai0="82,34,26,54,110,8,130,107,59,72,52,11,79" hai1="35,116,117,19,83,56,3,90,49,75,113,47,40" hai2="111,87,97,119,33,24,43,100,22,5,51,25,28" hai3="61,88,42,125,66,65,76,81,20,10,103,71,68"/><W44/><G125/><T131/><D107/><U108/><E113/><V134/><F111/><W77/><G103/><T70/><D70/><U63/><E108/><V74/><F134/><W89/><G10/><T85/><D110/><U98/><E3/><V105/><F74/><W64/><G20/><T67/><D67/><U112/><E112/><V60/><F119/><W12/><G12/><T135/><D135/><U95/><E35/><V127/><F127/><W115/><G115/><T102/><D102/><U122/><E122/><V30/><F5/><W27/><G27/><T96/><D96/><U45/><E45/><V38/><F38/><W13/><G13/><T120/><D120/><U14/><E83/><V50/><F43/><W1/><G1/><T15/><D72/><U128/><E75/><V32/><F22/><W4/><G4/><T29/><D8/><U132/><E132/><V101/><F101/><W21/><G21/><T2/><D2/><U17/><E14/><V133/><F133/><W99/><G99/><T84/><D85/><U9/><E9/><V104/><F104/><W16/><G16/><T41/><D41/><U55/><E19/><V109/><F109/><W53/><G71/><T58/><D58/><U86/><E17/><V78/><REACH who="2" step="1"/><F60/><REACH who="2" ten="214,296,178,302" step="2"/><W18/><G42/><T121/><D121/><U37/><E117/><V106/><F106/><W91/><G68/><T62/><REACH who="0" step="1"/><D54/><REACH who="0" ten="204,296,178,302" step="2"/><U57/><E55/><V126/><F126/><W92/><G53/><T31/><D31/><U39/><E40/><V123/><F123/><W73/><G73/><T6/><AGARI ba="0,2" hai="6,11,15,26,29,34,52,59,62,79,82,84,130,131" machi="6" ten="30,12000,2" yaku="1,1,5,1,0,1,52,2,54,1,53,1" doraHai="124" doraHaiUra="7" who="0" fromWho="0" sc="204,140,296,-30,178,-30,302,-60" /><INIT seed="4,0,0,2,2,8" ten="344,266,148,242" oya="0" hai0="46,97,43,52,119,45,99,48,68,79,20,117,92" hai1="81,14,42,27,108,56,4,76,26,93,1,33,24" hai2="49,94,80,102,115,73,29,116,28,12,126,63,120" hai3="109,122,57,17,59,134,91,7,22,74,55,86,104"/><T40/><D68/><U77/><E108/><V121/><F115/><W101/><G109/><T3/><D3/><U87/><E1/><V123/><F126/><W113/><G74/><T34/><D34/><U6/><E33/><V106/><F106/><W75/><G75/><T125/><D125/><U112/><E42/><V0/><F0/><W2/><G113/><T10/><D10/><U47/><E47/><V13/><F116/><W64/><G64/><T71/><D71/><U21/><E112/><V89/><F102/><W85/><G86/><T35/><D35/><U54/><E93/><V95/><F63/><W53/><G7/><T16/><D79/><U62/><REACH who="1" step="1"/><E76/><REACH who="1" ten="344,256,148,242" step="2"/><V124/><F124/><W96/><G2/><T60/><D119/><U105/><E105/><V103/><F95/><W23/><G122/><T51/><D117/><U70/><E70/><V11/><F120/><W98/><G104/><T110/><D110/><U25/><N who="1" m="6144" /><DORA hai="83" /><U31/><E31/><V58/><F121/><W111/><G111/><T135/><D92/><U133/><E133/><V118/><F123/><W36/><G134/><T82/><D135/><U38/><E38/><V78/><F118/><W129/><G36/><T66/><D40/><U30/><E30/><V15/><F103/><W41/><G101/><T32/><D32/><U128/><E128/><V65/><F28/><W90/><G41/><T114/><D114/><U9/><E9/><V50/><F29/><W19/><G129/><T37/><D37/><U130/><E130/><V61/><F11/><W44/><G44/><T72/><D43/><RYUUKYOKU ba="0,1" sc="344,-30,256,10,148,10,242,10" hai1="4,6,14,21,54,56,62,77,81,87" hai2="12,13,15,49,50,58,61,65,73,78,80,89,94" hai3="17,19,22,23,53,55,57,59,85,90,91,96,98" /><INIT seed="5,1,1,2,4,26" ten="314,266,158,252" oya="1" hai0="96,68,7,12,77,6,54,129,74,95,101,113,128" hai1="87,114,21,81,11,110,89,115,53,5,64,49,88" hai2="132,46,45,15,10,117,44,79,127,62,42,1,3" hai3="97,99,121,124,13,0,93,104,24,57,85,100,86"/><U135/><E135/><V37/><F117/><W9/><G0/><T41/><D113/><N who="1" m="43019" /><E64/><V122/><F122/><W59/><G124/><T8/><D68/><U75/><E75/><V43/><F127/><W35/><G121/><T105/><D41/><U116/><E116/><V17/><F132/><W50/><G86/><T69/><D69/><U55/><E110/><V48/><F45/><W76/><G76/><T92/><D6/><U27/><E49/><V120/><F120/><W66/><G85/><T126/><D126/><U31/><E89/><V18/><F79/><W80/><G80/><N who="0" m="45111" /><D54/><U34/><E34/><V90/><F90/><W131/><G131/><AGARI ba="1,1" hai="7,8,12,92,95,96,101,105,128,129,131" m="45111" machi="131" ten="30,1000,0" yaku="19,1" doraHai="26" who="0" fromWho="3" sc="314,23,266,0,158,0,252,-13" /><INIT seed="6,0,0,1,1,45" ten="337,266,158,239" oya="2" hai0="30,22,85,69,51,96,131,43,117,109,9,105,58" hai1="13,82,50,98,20,81,100,88,25,123,106,74,46" hai2="134,70,54,91,17,16,0,23,11,78,113,125,73" hai3="40,132,44,35,5,64,8,126,33,75,124,24,93"/><V49/><F70/><W130/><G132/><T94/><D109/><U31/><E123/><V108/><F134/><W32/><G130/><T119/><D69/><U53/><E74/><V122/><F122/><W19/><G75/><T76/><D105/><U47/><E13/><N who="2" m="7231" /><F0/><W120/><G120/><T42/><D9/><U65/><E65/><V121/><F73/><W28/><G64/><T129/><D42/><U34/><E34/><V12/><F121/><W26/><G93/><T67/><D67/><U112/><E112/><V60/><F113/><W1/><G44/><N who="0" m="26015" /><D58/><U77/><E77/><V41/><F108/><W3/><G40/><T110/><D110/><U135/><E47/><N who="2" m="25839" /><F125/><N who="3" m="48235" /><G3/><T14/><D85/><U2/><E2/><V48/><F78/><W90/><G90/><N who="0" m="55383" /><D76/><U10/><E10/><V80/><F60/><W116/><G116/><N who="0" m="44619" /><D14/><U36/><E36/><V118/><F118/><W21/><AGARI ba="0,0" hai="1,5,8,19,21,24,26,28,32,33,35" m="48235" machi="21" ten="30,4000,0" yaku="18,1,34,2" doraHai="45" who="3" fromWho="3" sc="337,-10,266,-10,158,-20,239,40" /><INIT seed="7,0,0,3,2,11" ten="327,256,138,279" oya="3" hai0="67,76,95,19,105,75,45,8,22,40,81,56,44" hai1="53,62,65,91,94,113,117,0,34,118,24,4,1" hai2="20,70,49,89,16,71,83,2,80,6,115,130,9" hai3="111,54,7,50,133,21,93,13,32,66,29,126,5"/><W10/><G111/><T38/><D105/><U69/><E113/><V124/><F115/><W87/><G126/><T122/><D122/><U64/><E64/><V37/><F37/><W74/><G74/><T84/><D8/><U18/><E4/><V99/><F124/><W98/><G32/><T61/><D45/><U17/><E17/><V36/><F36/><W46/><G66/><T28/><D28/><U96/><E34/><V112/><F112/><W120/><G133/><T79/><D95/><U104/><E104/><V57/><F130/><W131/><G131/><T43/><D43/><U51/><E118/><V127/><F127/><W103/><G120/><T119/><D119/><U30/><E30/><V123/><F123/><W88/><G29/><T77/><D75/><U72/><E72/><V15/><F99/><W114/><G21/><T68/><D68/><U109/><E109/><V100/><F100/><W33/><G33/><T39/><D39/><U59/><E117/><V58/><F58/><W128/><G128/><T63/><D63/><U86/><E96/><V52/><REACH who="2" step="1"/><F89/><REACH who="2" ten="327,256,128,279" step="2"/><W116/><G114/><T85/><D84/><U135/><E59/><V31/><F31/><W121/><G121/><T97/><D97/><U107/><E91/><V14/><F14/><AGARI ba="0,1" hai="14,19,22,38,40,44,56,61,67,76,77,79,81,85" machi="14" ten="30,2000,0" yaku="7,1,52,1" doraHai="11" who="0" fromWho="2" sc="327,30,256,0,128,-20,279,0" owari="357,45.0,256,-14.0,108,-39.0,279,8.0" /></mjloggm>