<mjloggm ver="2.3"><GO type="169" lobby="0"/><UN n0="%E3%82%B5%E3%82%A6%E3%83%8A%E5%B0%8F%E5%83%A7" n1="%EF%BC%BC%28%EF%BC%BE%6F%EF%BC%BE%29%EF%BC%8F%E2%98%85" n2="%E3%81%8B%E3%81%A3%E9%A3%9B%E3%81%B0%E3%81%9B%E5%85%A8%E9%83%A8" n3="%E3%83%80%E3%83%9C" dan="18,17,16,17" rate="2207.42,2221.60,2111.98,2189.86" sx="M,M,M,M"/><TAIKYOKU oya="0"/><INIT seed="0,0,0,2,2,21" ten="250,250,250,250" oya="0" hai0="61,27,11,45,48,1,112,31,67,130,82,111,129" hai1="134,85,97,119,132,42,63,39,9,4,49,47,68" hai2="89,50,6,51,12,40,91,95,102,62,24,104,80" hai3="38,124,54,28,43,103,118,93,59,30,117,72,65"/><T10/><D112/><U2/><E119/><V14/><F104/><W33/><G72/><T57/><D82/><U29/><E85/><V34/><F62/><W22/><G33/><T36/><D36/><U115/><E115/><V109/><F109/><W58/><G124/><T73/><D73/><U19/><E19/><V26/><F34/><W123/><G123/><T83/><D83/><U116/><E116/><V107/><F107/><W90/><G103/><T18/><D111/><U92/><E39/><V125/><F125/><W105/><G105/><T44/><D44/><U84/><E84/><N who="2" m="50311" /><F102/><W56/><G65/><T76/><D76/><U133/><E29/><V37/><F37/><W16/><G54/><T0/><D18/><U110/><E110/><V86/><F40/><W3/><G3/><T120/><D120/><U99/><E92/><V100/><F100/><W113/><G113/><T70/><D70/><U135/><N who="1" m="33792" /><DORA hai="71" /><U126/><REACH who="1" step="1"/><E126/><REACH who="1" ten="250,240,250,250" step="2"/><V96/><F86/><W60/><G118/><T15/><D31/><U53/><E53/><V7/><F95/><W13/><G117/><T64/><D129/><U5/><E5/><V127/><F127/><W78/><G78/><T23/><D130/><U128/><E128/><V20/><F6/><W101/><G30/><T35/><D35/><U77/><E77/><V66/><F7/><W46/><G28/><T74/><D74/><U52/><E52/><V17/><F17/><W41/><G16/><T121/><D23/><U8/><E8/><V108/><F20/><W69/><G22/><T25/><D11/><U106/><E106/><RYUUKYOKU ba="0,1" sc="250,-10,240,30,250,-10,250,-10" hai1="2,4,9,42,47,49,63,68,97,99" /><INIT seed="1,1,1,0,0,10" ten="240,270,240,240" oya="1" hai0="30,15,13,85,52,57,65,58,94,49,48,123,121" hai1="68,60,107,33,40,51,14,54,119,35,117,102,134" hai2="23,74,5,16,88,17,128,63,82,19,9,47,96" hai3="122,56,36,132,21,55,108,11,28,29,59,26,67"/><U97/><E134/><V89/><F128/><W93/><G36/><T120/><D30/><U0/><E0/><V4/><F63/><W8/><G122/><T130/><D130/><U110/><E110/><V81/><F74/><W45/><G108/><T7/><D7/><N who="2" m="2634" /><F47/><W43/><G67/><T113/><D113/><U61/><E40/><V101/><F9/><W71/><G71/><T114/><D114/><U42/><E42/><V91/><F23/><W95/><G132/><T127/><D127/><U37/><E37/><V80/><F101/><W12/><G29/><T31/><D31/><U32/><E68/><V72/><F72/><W64/><G64/><T22/><D22/><U6/><E61/><V3/><F3/><W103/><G8/><T90/><D65/><U129/><E60/><V44/><F44/><W24/><G24/><T2/><D2/><U125/><E125/><V111/><F111/><W135/><G135/><T92/><D92/><AGARI ba="1,1" hai="16,17,19,80,81,82,88,89,91,92,96" m="2634" machi="92" ten="40,5200,0" yaku="8,1,54,2" doraHai="10" who="2" fromWho="0" sc="240,-55,270,0,240,65,240,0" /><INIT seed="2,0,0,1,1,30" ten="185,270,305,240" oya="2" hai0="40,109,47,18,55,113,48,110,112,86,116,10,121" hai1="90,128,85,54,43,65,100,102,35,88,11,123,71" hai2="23,38,19,81,129,94,68,16,120,41,9,91,13" hai3="96,135,56,130,14,58,72,7,33,67,93,12,105"/><V114/><F114/><N who="0" m="44138" /><D86/><U66/><E43/><V99/><F120/><W69/><G72/><T15/><D121/><U84/><E123/><V133/><F133/><W101/><G130/><T78/><D78/><U39/><E39/><V73/><F129/><W118/><G135/><T107/><D107/><U108/><E128/><V103/><F68/><W50/><G118/><T104/><D104/><U1/><E54/><V80/><F73/><W134/><G134/><T34/><D40/><U117/><E11/><V22/><F9/><W42/><G93/><T97/><D97/><U17/><E17/><V106/><F41/><W44/><G69/><T119/><D34/><U45/><E35/><V31/><F31/><W5/><G33/><T83/><D83/><U77/><E77/><V92/><F38/><W75/><G75/><T127/><D127/><U26/><E71/><V6/><F6/><W111/><G5/><T37/><D37/><U32/><E32/><V126/><F126/><W51/><G7/><T28/><D28/><U70/><E70/><V46/><F46/><W125/><G125/><T53/><D55/><U4/><E45/><V74/><F74/><W25/><G44/><T57/><D57/><U2/><E4/><V62/><F106/><W64/><G105/><T49/><D49/><U29/><E29/><V95/><F95/><W24/><G42/><T131/><D131/><U3/><E3/><V20/><F94/><W124/><G124/><T122/><D122/><U21/><E2/><V27/><F92/><W76/><G58/><T98/><D98/><U89/><E1/><RYUUKYOKU ba="0,0" sc="185,30,270,-10,305,-10,240,-10" hai0="10,15,18,47,48,53,109,110,116,119" /><INIT seed="3,1,0,2,4,3" ten="215,260,295,230" oya="3" hai0="79,18,134,111,59,123,55,74,41,99,131,61,2" hai1="102,8,94,81,115,125,114,124,56,38,119,133,19" hai2="90,7,22,75,25,15,39,103,26,106,53,88,49" hai3="104,67,1,110,30,21,35,45,73,36,40,113,95"/><W83/><G113/><T50/><D123/><U29/><E38/><V20/><F75/><W51/><G104/><T91/><D111/><U10/><E56/><V132/><F39/><W9/><G21/><T86/><D131/><U34/><E81/><V135/><F103/><W13/><G110/><T97/><D134/><N who="2" m="51242" /><F106/><W68/><G51/><T58/><D2/><U77/><E77/><V85/><F7/><N who="3" m="1263" /><G13/><T89/><D18/><U100/><E133/><V64/><F64/><W14/><G14/><T24/><D24/><N who="2" m="9322" /><F15/><W23/><G23/><N who="2" m="8745" /><F85/><W112/><G112/><T54/><D74/><U16/><E29/><V105/><F105/><W128/><G95/><T71/><D79/><U12/><E94/><V5/><F5/><W78/><G128/><T118/><D86/><U84/><E84/><V0/><F0/><W6/><G6/><T63/><D50/><U101/><E12/><V44/><AGARI ba="1,0" hai="44,49,53,88,90" m="8745,9322,51242" machi="44" ten="30,2000,0" yaku="20,1,54,1" doraHai="3" who="2" fromWho="2" sc="215,-6,260,-6,295,23,230,-11" /><INIT seed="4,0,0,5,2,119" ten="209,254,318,219" oya="0" hai0="132,17,23,90,49,38,56,71,107,22,58,14,11" hai1="95,134,76,91,1,31,75,130,101,68,123,73,83" hai2="63,105,88,52,16,81,3,64,72,124,4,114,40" hai3="121,13,106,110,24,129,102,133,99,128,67,5,108"/><T127/><D132/><U32/><E31/><V42/><F105/><W135/><G67/><T112/><D112/><U126/><E32/><V84/><F72/><W9/><G24/><T41/><D127/><U29/><E29/><V87/><F114/><W118/><G118/><T69/><D107/><U61/><E1/><V21/><F124/><W19/><G19/><T78/><D78/><U25/><E25/><N who="2" m="14503" /><F3/><W92/><G92/><T77/><D77/><U50/><E50/><V82/><F4/><W96/><G96/><T28/><D38/><U47/><E47/><V80/><F64/><W53/><G53/><T93/><D71/><U113/><E61/><V0/><F0/><W109/><REACH who="3" step="1"/><G121/><REACH who="3" ten="209,254,318,209" step="2"/><T122/><D122/><U125/><E123/><V117/><F117/><W51/><G51/><T27/><D69/><U70/><E68/><V62/><F81/><W100/><G100/><T111/><D111/><U98/><E70/><V86/><F84/><W20/><G20/><T59/><D23/><U65/><E65/><V74/><F74/><W44/><G44/><N who="0" m="25743" /><D59/><U43/><E75/><V45/><F45/><W2/><G2/><T54/><D54/><U8/><E126/><V37/><F37/><W120/><G120/><T6/><D17/><U55/><E55/><V131/><F63/><W48/><G48/><T103/><D103/><U30/><E125/><V104/><F104/><W94/><G94/><T60/><D60/><U7/><E73/><V39/><F62/><W66/><G66/><T79/><D58/><U116/><E116/><V85/><F52/><W57/><G57/><RYUUKYOKU ba="0,1" sc="209,-10,254,-10,318,-10,209,30" hai3="5,9,13,99,102,106,108,109,110,128,129,133,135" /><INIT seed="5,1,1,4,1,99" ten="199,244,308,239" oya="1" hai0="14,129,73,24,70,42,15,86,88,23,53,54,92" hai1="30,134,121,116,71,82,3,55,98,107,115,31,104" hai2="102,13,126,103,109,25,64,35,117,5,84,94,91" hai3="19,50,40,128,93,123,119,87,118,45,2,12,32"/><U9/><E116/><N who="3" m="44586" /><G2/><T90/><D129/><U26/><E121/><V18/><F109/><W16/><G32/><T97/><D73/><U80/><E71/><V132/><F117/><W130/><G123/><T20/><D70/><U49/><E115/><V28/><F126/><W68/><G68/><T36/><D36/><U46/><E134/><V108/><F108/><W78/><G93/><T0/><D42/><U105/><E31/><V61/><F132/><W79/><G19/><T33/><D33/><U96/><E3/><V44/><F44/><W101/><G101/><N who="0" m="60583" /><D0/><U85/><E9/><V81/><F94/><W67/><G67/><T11/><D23/><U48/><E48/><V21/><REACH who="2" step="1"/><F5/><REACH who="2" ten="199,244,298,239" step="2"/><W60/><G130/><T27/><D27/><U125/><E125/><V43/><F43/><W22/><G128/><T38/><D38/><U47/><E26/><V1/><F1/><W124/><G124/><T59/><D15/><U89/><E107/><V10/><F10/><W113/><G113/><T131/><D131/><U120/><E105/><V7/><F7/><W66/><G12/><T4/><D54/><U100/><E120/><V34/><F34/><W39/><G40/><T135/><D135/><U127/><E127/><V63/><F63/><W6/><G60/><N who="0" m="35951" /><D86/><U41/><E85/><V111/><F111/><W72/><G87/><T62/><D62/><U57/><E41/><V51/><F51/><W122/><G50/><T114/><D114/><U110/><E110/><V29/><F29/><AGARI ba="1,2" hai="4,11,14,20,24,29,88,90" m="35951,60583" machi="29" ten="30,3900,0" yaku="8,1,52,1,54,1" doraHai="99" who="0" fromWho="2" sc="199,62,244,0,298,-42,239,0" /><INIT seed="6,0,0,0,4,133" ten="261,244,256,239" oya="2" hai0="96,63,3,83,59,56,77,74,21,75,130,109,20" hai1="45,44,37,119,128,103,31,1,111,57,114,93,131" hai2="8,66,41,79,123,40,68,39,18,58,62,42,122" hai3="0,48,108,47,88,100,98,49,67,124,22,53,118"/><V69/><F79/><W105/><G0/><T80/><D109/><U126/><E1/><V102/><F102/><W120/><G120/><N who="2" m="46121" /><F18/><W116/><G108/><T97/><D3/><U64/><E119/><V16/><F16/><W2/><G2/><T13/><D63/><U94/><E111/><V7/><F8/><W89/><G22/><T24/><D77/><U15/><E31/><V27/><F27/><W12/><G12/><T86/><D86/><U11/><E103/><V33/><F7/><W84/><G67/><T73/><D73/><U32/><E32/><V19/><F19/><W106/><G106/><T51/><D51/><U5/><E94/><V4/><F4/><W135/><G135/><T46/><D46/><U28/><E93/><V90/><F90/><W26/><G26/><T14/><D24/><U17/><E28/><V6/><F6/><W55/><G89/><T134/><D134/><U125/><E17/><V132/><F132/><W36/><G36/><T99/><D97/><U117/><E117/><V23/><F23/><W92/><G124/><N who="1" m="47722" /><E114/><V127/><F127/><W113/><REACH who="3" step="1"/><G113/><REACH who="3" ten="261,244,256,229" step="2"/><T72/><D14/><U115/><E115/><V9/><F33/><W52/><G52/><T25/><D13/><U35/><E35/><V65/><F9/><W95/><G95/><T91/><D20/><U71/><E37/><V85/><F39/><W60/><G60/><T38/><D38/><U112/><E112/><V121/><F121/><W110/><G110/><T82/><D21/><U10/><E11/><V43/><F66/><W78/><G78/><T54/><D25/><RYUUKYOKU ba="0,1" sc="261,-10,244,-10,256,-10,229,30" hai3="47,48,49,53,55,84,88,92,98,100,105,116,118" /><INIT seed="7,1,1,2,5,86" ten="251,234,246,259" oya="3" hai0="134,101,68,55,10,62,72,100,37,66,130,114,31" hai1="1,79,2,15,99,4,52,24,111,50,89,34,119" hai2="128,59,133,38,118,44,61,49,16,64,8,27,85" hai3="29,12,25,17,82,5,69,77,75,80,90,120,71"/><W74/><G120/><T53/><D72/><U58/><E111/><V78/><F118/><W30/><G5/><T110/><D110/><U94/><E119/><V46/><F133/><W13/><G12/><T40/><D31/><U83/><E34/><V129/><F38/><W117/><G117/><T123/><D123/><U3/><E24/><V96/><F96/><W115/><G115/><T28/><D28/><U45/><E15/><N who="2" m="7271" /><F27/><W48/><G48/><T9/><D101/><U84/><REACH who="1" step="1"/><E45/><REACH who="1" ten="251,224,246,259" step="2"/><V107/><F46/><W112/><G25/><T124/><D114/><U57/><E57/><V7/><F44/><W81/><G112/><T122/><D122/><U105/><E105/><V132/><F107/><W121/><G121/><T19/><D134/><U67/><E67/><V135/><F132/><W47/><G47/><T98/><D66/><U87/><E87/><V70/><F135/><W113/><G113/><T63/><D40/><U93/><E93/><V26/><F26/><W41/><G41/><T65/><D65/><U126/><E126/><V108/><F108/><W6/><G71/><T116/><D68/><U104/><E104/><V18/><F70/><W88/><G69/><T20/><D124/><U56/><E56/><V33/><F33/><W0/><G75/><T106/><D106/><U131/><E131/><V76/><F129/><W54/><G74/><T22/><D130/><U102/><E102/><V14/><F128/><W35/><G35/><T39/><D100/><U91/><E91/><V60/><F64/><W125/><G125/><T43/><D116/><U23/><E23/><RYUUKYOKU ba="1,2" sc="251,-10,224,30,246,-10,259,-10" hai1="1,2,3,4,50,52,58,79,83,84,89,94,99" /><INIT seed="8,2,2,3,5,90" ten="241,254,236,249" oya="0" hai0="38,81,25,107,4,40,88,79,3,130,36,76,30" hai1="100,73,93,10,106,26,123,51,96,115,41,111,82" hai2="104,77,55,120,71,128,35,84,69,132,64,125,68" hai3="19,0,53,46,5,9,127,16,58,45,89,17,2"/><T18/><D107/><U13/><E123/><V75/><F120/><W57/><G127/><T102/><D102/><U114/><E111/><V22/><F35/><W56/><G0/><T110/><D18/><U94/><E26/><V72/><F104/><W101/><G101/><T105/><D105/><U61/><E61/><V6/><F64/><W43/><G53/><T12/><D3/><U87/><E73/><V97/><F97/><W39/><G46/><T113/><D113/><N who="1" m="43019" /><E51/><V31/><F125/><W121/><G121/><T131/><D110/><U109/><E41/><V119/><F6/><W117/><REACH who="3" step="1"/><G89/><REACH who="3" ten="241,254,236,239" step="2"/><T48/><D130/><U49/><E109/><V60/><F128/><W134/><G134/><T37/><D131/><U86/><E100/><V83/><F132/><W59/><N who="3" m="14336" /><DORA hai="23" /><W21/><G21/><N who="0" m="15663" /><D38/><U44/><E44/><V32/><F22/><W78/><G78/><N who="0" m="29739" /><D37/><U67/><E49/><V116/><F77/><W112/><G112/><T103/><D103/><U65/><E106/><V14/><F72/><W28/><G28/><T99/><D36/><U29/><E29/><V8/><F31/><W70/><G70/><T47/><D81/><U74/><E82/><V95/><F83/><W52/><G52/><T135/><D135/><U24/><E74/><V50/><F75/><W20/><G20/><T63/><D63/><U133/><E133/><V54/><F60/><W122/><G122/><T33/><D33/><U15/><E24/><V118/><F32/><W1/><G1/><T7/><D12/><U34/><E34/><V42/><F14/><W27/><G27/><RYUUKYOKU ba="2,3" sc="241,15,254,-15,236,-15,239,15" hai0="4,7,40,47,48,88,99" hai3="2,5,9,16,17,19,39,43,45,117" /><INIT seed="8,3,3,2,2,47" ten="256,239,221,254" oya="0" hai0="62,37,87,78,58,31,26,49,63,13,9,51,12" hai1="121,101,23,57,126,11,68,67,35,91,61,133,74" hai2="129,29,24,92,7,30,4,33,72,27,116,1,19" hai3="56,102,14,115,76,104,105,75,41,79,39,86,5"/><T125/><D125/><U10/><E35/><N who="2" m="20903" /><F72/><W25/><G75/><T32/><D37/><U69/><E133/><V46/><F92/><W66/><G115/><T42/><D13/><U80/><E121/><V6/><F46/><W77/><G86/><T132/><D132/><U113/><E126/><V73/><F73/><W119/><G119/><T106/><D106/><U43/><E43/><V70/><F70/><W16/><G5/><N who="2" m="2153" /><F116/><W122/><G25/><T97/><D97/><U71/><E113/><V60/><F60/><W34/><G34/><T89/><D78/><U124/><E124/><V38/><F38/><W110/><G110/><T54/><D63/><U127/><E101/><V44/><F44/><W8/><G122/><T40/><D40/><U17/><E127/><V109/><F109/><W45/><REACH who="3" step="1"/><G102/><REACH who="3" ten="256,239,221,244" step="2"/><T94/><D42/><U3/><E3/><V82/><F82/><W88/><G88/><T52/><D54/><U28/><E74/><V131/><F19/><AGARI ba="3,4" hai="9,12,19,26,31,32,49,51,52,58,62,87,89,94" machi="19" ten="30,11600,0" yaku="7,1,52,2,54,1" doraHai="47" who="0" fromWho="2" sc="256,165,239,0,221,-125,244,0" owari="421,52.0,239,-16.0,96,-40.0,244,4.0" /></mjloggm>