<mjloggm ver="2.3"><GO type="225" lobby="0"/><UN n0="%E9%89%84%E5%BC%B7%E3%83%A2%E3%83%92%E3%83%BC%E3%83%8C%E4%B8%83%E6%AE%B5" n1="%E3%83%8A%E3%83%99%E3%83%AA%E3%83%B3" n2="%E8%88%B9%E8%A6%8B%E7%B5%90%E8%A1%A3%E3%81%A1%E3%82%83%E3%82%93" n3="%31%73%E3%81%A7%E3%81%84%E3%81%84%E3%81%9D%E3%81%86" dan="18,16,16,16" rate="2236.56,2092.84,2138.52,2126.81" sx="F,M,F,M"/><TAIKYOKU oya="0"/><INIT seed="0,0,0,0,1,99" ten="250,250,250,250" oya="0" hai0="54,9,43,132,94,0,44,105,68,79,101,56,57" hai1="18,129,8,83,36,112,116,97,91,106,74,62,23" hai2="55,134,34,96,117,133,40,30,71,12,63,110,52" hai3="11,37,87,45,60,22,26,59,121,47,75,95,85"/><T102/><D105/><U82/><E116/><V4/><F117/><W69/><G75/><T84/><D68/><U58/><E36/><V7/><F110/><W48/><G69/><T77/><D132/><N who="2" m="50794" /><F40/><W21/><G121/><T131/><D131/><U41/><E41/><V33/><F96/><W10/><G37/><T126/><D126/><U111/><E111/><V19/><F71/><W125/><G125/><T70/><D70/><U135/><E135/><V120/><F120/><W27/><G95/><T14/><D0/><U2/><E129/><V25/><F33/><W130/><G130/><T107/><D107/><U35/><E35/><V17/><F17/><W113/><G113/><T20/><D20/><N who="3" m="7785" /><G60/><T6/><D57/><U16/><E112/><V39/><F39/><W100/><G59/><T93/><D44/><N who="3" m="16969" /><G100/><N who="0" m="38507" /><D43/><U127/><E106/><V109/><F109/><W123/><G48/><N who="0" m="30791" /><D94/><N who="1" m="56543" /><E2/><V46/><F63/><W103/><G103/><T90/><AGARI ba="0,0" hai="6,9,14,77,79,84,90,93" m="30791,38507" machi="90" ten="30,11700,0" yaku="8,1,52,3" doraHai="99" who="0" fromWho="0" sc="250,117,250,-39,250,-39,250,-39" /><INIT seed="0,1,0,4,4,61" ten="367,211,211,211" oya="0" hai0="27,3,115,133,67,132,35,100,38,111,45,33,109" hai1="85,12,73,82,8,93,104,81,34,57,28,60,5" hai2="37,62,112,97,48,105,59,114,70,84,50,4,95" hai3="9,91,30,39,83,116,17,42,120,121,69,118,54"/><T18/><D115/><U25/><E104/><V44/><F37/><W79/><G69/><T77/><D100/><U78/><E93/><V96/><F70/><W130/><G30/><T19/><D77/><U51/><E51/><V94/><F105/><W126/><G91/><T49/><D38/><U20/><E34/><N who="0" m="12809" /><D67/><U99/><E99/><V107/><F107/><W36/><G54/><T46/><D3/><U108/><E108/><N who="0" m="41545" /><D27/><U13/><E13/><V119/><F119/><W74/><G39/><T103/><D103/><U53/><E81/><V87/><F4/><W135/><G116/><T55/><D46/><U98/><E98/><V66/><F112/><W117/><G118/><T23/><D23/><U15/><E15/><V10/><F114/><W1/><G117/><T75/><D75/><U71/><E71/><V6/><F96/><W127/><G1/><T101/><D101/><U80/><E80/><V26/><F26/><W102/><G102/><T89/><D89/><U41/><E73/><V92/><F97/><W29/><G74/><T7/><D7/><U14/><E14/><N who="2" m="5463" /><F44/><N who="3" m="23623" /><G83/><T88/><D88/><U58/><E41/><V134/><F134/><AGARI ba="1,0" hai="18,19,45,49,55,132,133,134" m="41545,12809" machi="134" ten="40,7700,0" yaku="20,1,14,1,10,1" doraHai="61" who="0" fromWho="2" sc="367,80,211,0,211,-80,211,0" /><INIT seed="0,2,0,2,4,104" ten="447,211,131,211" oya="0" hai0="60,43,9,106,74,83,35,123,11,58,3,22,62" hai1="134,6,26,10,87,64,82,59,77,19,95,128,85" hai2="33,132,47,75,122,71,72,21,102,25,88,37,124" hai3="40,78,20,63,65,18,116,50,48,41,73,93,2"/><T120/><D106/><U68/><E68/><V130/><F122/><W5/><G116/><T114/><D35/><U28/><E128/><V109/><F71/><W108/><G108/><T91/><D114/><U67/><E134/><V131/><F109/><W110/><G110/><T34/><D34/><U115/><E115/><V97/><F132/><W57/><G2/><T42/><D22/><U1/><E19/><V38/><F33/><W89/><G5/><T17/><D17/><U113/><E113/><V4/><F4/><W8/><G8/><T107/><D107/><U92/><E87/><V126/><F102/><W98/><G40/><T127/><D127/><N who="2" m="48682" /><F47/><W100/><G41/><T51/><D91/><U103/><E103/><V86/><F97/><W54/><G100/><T7/><D120/><U24/><E24/><V117/><F117/><W44/><G44/><T101/><D101/><U133/><E133/><V49/><F49/><W112/><G112/><T39/><D51/><U121/><E121/><V15/><F15/><W31/><G31/><T70/><D70/><U23/><E67/><V52/><F52/><W96/><G96/><T61/><D7/><U27/><E27/><V129/><F38/><W69/><G65/><T0/><D39/><U118/><E118/><V125/><N who="2" m="48690" /><V14/><DORA hai="135" /><F14/><W29/><G69/><T32/><D123/><U12/><E1/><V119/><F37/><W105/><G29/><T55/><D0/><U45/><E45/><V81/><F119/><W99/><G105/><T53/><D3/><U90/><E90/><V16/><AGARI ba="2,0" hai="16,21,25,72,75,81,86,88,129,130,131" m="48690" machi="16" ten="50,24000,4" yaku="5,1,19,1,18,1,52,6,54,2" doraHai="104,135" who="2" fromWho="2" sc="447,-122,211,-62,131,246,211,-62" /><INIT seed="1,0,0,5,0,53" ten="325,149,377,149" oya="1" hai0="55,39,81,35,76,102,20,8,18,71,52,93,14" hai1="30,105,1,83,85,11,111,63,84,132,25,46,33" hai2="15,115,98,91,127,90,96,106,61,62,51,103,43" hai3="16,7,19,70,64,119,133,69,114,122,50,129,121"/><U75/><E105/><V40/><F115/><W4/><G114/><T130/><D35/><U92/><E132/><V118/><F118/><W126/><G133/><T82/><D130/><U72/><E111/><V86/><F127/><W97/><G126/><T12/><D71/><U47/><E63/><V124/><F124/><W77/><G129/><T54/><D39/><U104/><E104/><V45/><F43/><W27/><G119/><T0/><D0/><U131/><E131/><V28/><F28/><W134/><G134/><T38/><D38/><U17/><E92/><V94/><REACH who="2" step="1"/><F15/><REACH who="2" ten="325,149,367,149" step="2"/><W110/><G110/><T58/><D14/><U117/><E117/><V116/><F116/><W108/><G108/><T123/><D123/><U67/><E1/><V6/><F6/><W23/><G122/><T66/><D8/><U31/><E31/><V57/><F57/><W37/><G121/><T32/><D32/><U113/><E113/><V5/><F5/><W10/><G7/><T42/><D42/><U60/><E11/><V73/><F73/><W48/><G10/><T29/><D29/><U78/><E72/><V74/><F74/><W65/><G4/><T44/><D44/><U36/><E17/><V99/><F99/><W125/><G19/><T3/><D3/><U101/><E47/><V120/><F120/><W9/><G125/><T79/><D58/><N who="1" m="37271" /><E46/><V109/><F109/><W135/><G135/><T68/><D18/><U2/><E2/><V59/><F59/><W95/><G16/><T24/><D12/><U88/><E75/><V100/><F100/><W112/><G112/><RYUUKYOKU ba="0,1" sc="325,-10,149,-10,367,30,149,-10" hai2="40,45,51,61,62,86,90,91,94,96,98,103,106" /><INIT seed="2,1,1,2,0,121" ten="315,139,397,139" oya="2" hai0="65,48,126,106,30,46,114,122,112,25,87,13,70" hai1="60,26,23,80,132,62,74,2,40,57,16,12,10" hai2="64,76,107,4,34,19,18,119,110,117,72,45,52" hai3="55,0,92,101,135,124,20,75,5,83,49,11,88"/><V8/><F107/><W78/><G135/><T44/><D122/><U29/><E132/><V91/><F34/><W111/><G124/><T39/><D126/><U53/><E40/><V103/><F103/><W120/><G120/><T125/><D125/><U1/><E74/><V35/><F35/><W93/><G101/><T134/><D134/><U43/><E43/><V22/><F64/><W102/><G102/><T24/><D106/><U89/><E80/><V58/><F45/><W131/><G131/><T127/><D127/><U42/><E42/><V90/><F76/><W63/><G63/><T97/><D39/><U66/><REACH who="1" step="1"/><E89/><REACH who="1" ten="315,129,397,139" step="2"/><V6/><F72/><W123/><G123/><T7/><D114/><U96/><E96/><V84/><F91/><W98/><G93/><T69/><D97/><U68/><AGARI ba="1,2" hai="1,2,10,12,16,23,26,29,53,57,60,62,66,68" machi="68" ten="20,5200,0" yaku="1,1,0,1,7,1,54,1,53,0" doraHai="121" doraHaiUra="37" who="1" fromWho="1" sc="315,-14,129,75,397,-27,139,-14" /><INIT seed="3,0,0,5,3,126" ten="301,204,370,125" oya="3" hai0="105,115,52,57,11,134,106,40,130,35,62,26,89" hai1="8,122,108,102,123,61,45,7,99,132,1,6,68" hai2="22,111,96,43,55,69,135,133,95,76,119,59,93" hai3="110,120,47,87,114,30,31,60,48,42,10,121,12"/><W125/><G114/><T41/><D134/><N who="2" m="51210" /><F119/><W39/><G125/><T25/><D115/><U83/><E108/><V80/><F111/><W37/><G110/><T129/><D89/><U2/><E132/><V72/><F69/><W46/><G39/><T86/><D86/><U3/><E83/><V33/><F33/><W24/><G60/><T36/><D11/><U53/><E53/><V100/><F43/><N who="0" m="16458" /><D36/><U84/><E84/><V32/><F22/><W92/><G31/><N who="0" m="19951" /><D26/><U63/><E45/><V65/><F65/><W77/><G47/><T67/><D52/><U19/><E19/><V79/><F79/><W112/><G37/><T81/><D81/><U54/><E54/><V118/><F118/><W66/><G66/><T127/><D127/><U20/><E20/><V0/><F32/><W94/><G112/><T17/><D17/><U58/><E58/><V75/><F0/><W70/><G70/><T98/><D98/><U28/><E28/><V38/><F38/><W5/><G120/><T124/><D124/><U128/><E122/><V44/><F44/><W109/><G121/><T21/><D21/><U27/><E27/><V64/><F64/><W88/><G109/><T74/><D74/><U34/><E34/><V116/><F75/><W71/><G71/><T82/><D82/><U18/><E123/><V56/><F116/><W104/><G104/><T49/><D49/><U9/><E68/><V103/><F55/><W78/><REACH who="3" step="1"/><G94/><REACH who="3" ten="301,204,370,115" step="2"/><T51/><D51/><U97/><E63/><V73/><F73/><W4/><G4/><T113/><D113/><U131/><E7/><RYUUKYOKU ba="0,1" sc="301,10,204,-30,370,10,115,10" hai0="57,62,67,105,106,129,130" hai2="56,59,72,76,80,93,95,96,100,103" hai3="5,10,12,24,30,42,46,48,77,78,87,88,92" /><INIT seed="3,1,1,1,5,30" ten="311,174,380,125" oya="3" hai0="37,71,47,129,98,56,87,112,94,106,84,67,100" hai1="102,111,58,40,25,52,110,134,78,83,109,80,18" hai2="95,107,49,101,121,14,36,76,34,55,104,119,88" hai3="7,10,89,9,133,1,135,114,44,26,31,22,126"/><W72/><G72/><T15/><D129/><U43/><E134/><N who="3" m="51210" /><G44/><T74/><D74/><N who="1" m="43095" /><E83/><V20/><F36/><W130/><G89/><T35/><D112/><U103/><E18/><V105/><F34/><N who="3" m="20855" /><G114/><T12/><D56/><U108/><E25/><V117/><F76/><W125/><G130/><T57/><D37/><U132/><E111/><V93/><F121/><W69/><G69/><T45/><D47/><U99/><E132/><V65/><F65/><W124/><G10/><T46/><D67/><U6/><E6/><V38/><F38/><W128/><G128/><T19/><D45/><U17/><E17/><N who="2" m="10295" /><F95/><W41/><G41/><N who="1" m="15946" /><E99/><V21/><F101/><W3/><G22/><T11/><D46/><U53/><E53/><V23/><F23/><W16/><G16/><T50/><D11/><U116/><E116/><V75/><F21/><W90/><G90/><T122/><D100/><U61/><AGARI ba="1,1" hai="52,58,61,102,103,108,109,110" m="15946,43095" machi="61" ten="40,2700,0" yaku="14,1,54,1" doraHai="30" who="1" fromWho="1" sc="311,-8,174,40,380,-8,125,-14" owari="303,10.0,214,-19.0,372,48.0,111,-39.0" /></mjloggm>