<mjloggm ver="2.3"><GO type="169" lobby="0"/><UN n0="%4D%4A%E3%81%AE%E6%9C%80%E9%AB%98%E5%B3%B0" n1="%E3%83%AC%E3%82%A4%E3%83%88%E3%83%B3%E5%87%86%E6%95%99%E6%8E%88" n2="%E3%82%B4%E3%83%83%E3%82%B5%E3%83%A0" n3="%E5%AE%89%E8%89%AF%E5%B2%A1%E8%8A%B1%E7%81%AB" dan="18,16,16,16" rate="2222.40,2102.73,2052.10,2078.58" sx="M,M,M,M"/><TAIKYOKU oya="0"/><INIT seed="0,0,0,4,5,51" ten="250,250,250,250" oya="0" hai0="11,70,41,124,0,135,115,84,28,47,21,121,101" hai1="83,88,110,71,130,82,75,98,85,80,113,102,50" hai2="74,103,93,55,16,33,65,17,106,86,67,78,89" hai3="13,27,109,7,99,42,134,100,133,18,6,72,120"/><T123/><D115/><U97/><E71/><V39/><F33/><W53/><G109/><T9/><D70/><U12/><E110/><V96/><F39/><W4/><G72/><T77/><D101/><U62/><E62/><V94/><F94/><W118/><G118/><T19/><D28/><U117/><E117/><V24/><F55/><W91/><G120/><T114/><D135/><N who="3" m="51721" /><G42/><T26/><D124/><U22/><E130/><V2/><F2/><W131/><G131/><T87/><D114/><U132/><E113/><V5/><F5/><W46/><G91/><T95/><D0/><U116/><E75/><V1/><F1/><W61/><G27/><T14/><D9/><U44/><E116/><V63/><F24/><W58/><G46/><T79/><D121/><U56/><E56/><V59/><REACH who="2" step="1"/><F67/><REACH who="2" ten="250,250,240,250" step="2"/><W64/><G64/><T128/><D128/><U15/><E132/><V122/><F122/><W52/><G53/><T20/><D123/><U8/><E50/><V57/><F57/><W31/><G31/><T81/><D26/><U92/><E44/><V35/><F35/><W43/><G43/><T119/><D119/><U129/><E129/><V34/><F34/><W40/><G40/><T32/><D32/><U54/><E54/><V66/><F66/><W10/><G4/><T68/><D68/><U112/><E112/><V127/><F127/><W45/><G45/><T107/><D47/><U76/><E12/><V3/><F3/><W25/><G25/><T30/><D41/><U125/><E125/><V126/><F126/><W29/><G29/><T49/><D30/><RYUUKYOKU ba="0,1" sc="250,-15,250,-15,240,15,250,15" hai2="16,17,59,63,65,74,78,86,89,93,96,103,106" hai3="6,7,10,13,18,52,58,61,99,100" /><INIT seed="1,1,1,0,5,2" ten="235,235,255,265" oya="1" hai0="117,68,81,132,17,125,24,74,103,49,50,64,119" hai1="77,110,130,0,27,34,108,4,90,135,98,19,7" hai2="35,54,111,25,92,60,120,18,32,8,93,100,55" hai3="131,84,101,12,73,56,114,67,9,66,13,42,82"/><U109/><E130/><V20/><F120/><W22/><G114/><T89/><D103/><U51/><E0/><V70/><F111/><W5/><G131/><T65/><D24/><U15/><E135/><V86/><F92/><W129/><G129/><T59/><D74/><U47/><E77/><V127/><F127/><W99/><G73/><T78/><D17/><U1/><E1/><V105/><F105/><W75/><G75/><T102/><D81/><U58/><E58/><V116/><F116/><W38/><G38/><T52/><D102/><U95/><E27/><V11/><F54/><W45/><G56/><T63/><D89/><U124/><E34/><V36/><F36/><W72/><G72/><T41/><D78/><U126/><E126/><V115/><F115/><W29/><G45/><N who="0" m="25775" /><D125/><U26/><E26/><V3/><F55/><W106/><G42/><T88/><D88/><U39/><E39/><V21/><F21/><W16/><REACH who="3" step="1"/><G29/><REACH who="3" ten="235,235,255,255" step="2"/><T87/><D132/><U28/><E28/><V37/><F37/><W91/><AGARI ba="1,2" hai="5,9,12,13,16,22,66,67,82,84,91,99,101,106" machi="91" ten="20,12000,2" yaku="1,1,2,1,0,1,7,1,52,1,54,1,53,0" doraHai="2" doraHaiUra="48" who="3" fromWho="3" sc="235,-31,235,-61,255,-31,255,143" /><INIT seed="2,0,0,3,0,36" ten="204,174,224,398" oya="2" hai0="1,13,85,125,78,71,90,99,118,73,38,112,134" hai1="52,130,2,72,122,103,57,82,63,0,43,23,132" hai2="28,126,46,123,37,11,69,105,83,53,60,93,101" hai3="8,98,84,111,64,39,21,79,135,19,108,115,76"/><V34/><F123/><W4/><G135/><T29/><D29/><U102/><E132/><V107/><F93/><W50/><G39/><T6/><D13/><U14/><E130/><V59/><F126/><W15/><G115/><T56/><D56/><U17/><E122/><V51/><F83/><W81/><G64/><T129/><D6/><U3/><REACH who="1" step="1"/><E43/><REACH who="1" ten="204,164,224,398" step="2"/><V100/><F107/><W87/><G111/><T114/><D129/><U124/><E124/><V44/><F105/><W68/><G108/><T30/><D134/><U45/><E45/><V110/><F46/><W54/><G79/><AGARI ba="0,1" hai="0,2,3,14,17,23,52,57,63,72,79,82,102,103" machi="79" ten="40,2600,0" yaku="1,1,54,1,53,0" doraHai="36" doraHaiUra="113" who="1" fromWho="3" sc="204,0,164,36,224,0,398,-26" /><INIT seed="3,0,0,3,2,99" ten="204,200,224,372" oya="3" hai0="117,43,67,59,89,73,15,54,27,51,32,25,80" hai1="85,129,86,90,6,92,79,8,18,3,17,40,4" hai2="69,124,88,46,44,134,21,109,45,111,118,7,126" hai3="121,132,28,104,10,41,26,108,33,57,125,96,113"/><W91/><G113/><T5/><D117/><U100/><E129/><V128/><F118/><W116/><G116/><T74/><D74/><U2/><E40/><V127/><F7/><W60/><G121/><T130/><D130/><U64/><E64/><V14/><F128/><W58/><G132/><T81/><D32/><U53/><E53/><V42/><F134/><W112/><G112/><T119/><D119/><U16/><E79/><V75/><F75/><W66/><G125/><T56/><D43/><U78/><E78/><V71/><F88/><W114/><G114/><T1/><D1/><U61/><E61/><V94/><F94/><W0/><G41/><T97/><D73/><U47/><E47/><N who="2" m="17995" /><F21/><W76/><G76/><T63/><D97/><U103/><E86/><V23/><F23/><W65/><G108/><N who="2" m="41545" /><F14/><W98/><G91/><T48/><D51/><AGARI ba="0,0" hai="42,46,51,69,71,124,126,127" m="41545,17995" machi="51" ten="40,8000,1" yaku="18,1,14,1,34,2" doraHai="99" who="2" fromWho="0" sc="204,-80,200,0,224,80,372,0" /><INIT seed="4,0,0,4,2,99" ten="124,200,304,372" oya="0" hai0="4,68,100,111,27,75,13,102,54,131,23,134,66" hai1="58,90,79,10,135,38,86,22,41,125,77,87,8" hai2="9,33,19,62,98,12,101,97,116,89,3,28,67" hai3="39,52,14,29,113,107,49,43,84,20,133,120,108"/><T80/><D111/><U112/><E125/><V65/><F116/><W44/><G113/><T47/><D66/><U15/><E38/><V46/><F3/><W124/><G124/><T71/><D68/><U94/><E41/><V115/><F115/><W51/><G133/><T32/><D71/><U70/><E70/><V92/><F62/><W76/><G120/><T114/><D32/><U63/><E112/><V122/><F122/><W83/><G107/><T110/><D114/><U73/><E73/><V85/><F97/><W31/><G39/><T91/><D75/><U119/><E119/><V55/><F33/><W7/><G108/><T81/><D110/><U24/><E87/><V106/><F28/><W95/><G95/><T56/><D47/><U121/><E135/><V93/><F106/><W103/><G103/><N who="0" m="39467" /><D91/><U109/><E109/><V105/><F105/><W132/><G132/><T69/><D69/><U6/><E10/><V50/><AGARI ba="0,0" hai="9,12,19,46,50,55,65,67,85,89,92,93,98,101" machi="50" ten="30,4000,0" yaku="0,1,8,1,52,1" doraHai="99" who="2" fromWho="2" sc="124,-20,200,-10,304,40,372,-10" /><INIT seed="5,0,0,1,1,24" ten="104,190,344,362" oya="1" hai0="11,61,8,17,42,122,23,60,97,33,94,73,26" hai1="72,64,130,2,115,128,63,105,100,117,21,80,78" hai2="77,108,129,50,109,124,19,62,102,37,44,51,20" hai3="98,84,70,111,25,135,14,88,35,56,107,15,133"/><U89/><E117/><V28/><F77/><W131/><G111/><T90/><D73/><U127/><E115/><V40/><F124/><W22/><G70/><T18/><D122/><U120/><E120/><V6/><F129/><N who="1" m="49769" /><E21/><V86/><F102/><N who="3" m="62935" /><G35/><T71/><D33/><U48/><E48/><V38/><F6/><W54/><G54/><T75/><D75/><U27/><E27/><V10/><F51/><W66/><G66/><T76/><D71/><N who="1" m="42399" /><E89/><V79/><F50/><W91/><G131/><T93/><D76/><U31/><E127/><V114/><F20/><W110/><G110/><T46/><D94/><U9/><E31/><V43/><F28/><N who="3" m="17463" /><G56/><T52/><D18/><U59/><E59/><V34/><F19/><W85/><G91/><T74/><D74/><U53/><E53/><V69/><F69/><W1/><G1/><T16/><D17/><U13/><E2/><V30/><F34/><W134/><G84/><T45/><D42/><U83/><E83/><AGARI ba="0,0" hai="14,15,83,85,88,133,134,135" m="17463,62935" machi="83" ten="30,3900,0" yaku="20,1,52,1,54,1" doraHai="24" who="3" fromWho="1" sc="104,0,190,-39,344,0,362,39" /><INIT seed="6,0,0,0,2,38" ten="104,151,344,401" oya="2" hai0="46,59,123,90,7,81,111,83,40,45,105,54,79" hai1="135,84,43,91,127,18,66,118,116,124,23,104,37" hai2="87,112,86,6,100,21,32,95,11,12,51,30,5" hai3="31,53,41,52,1,77,50,93,113,122,56,114,119"/><V117/><F117/><W13/><G122/><T48/><D123/><U0/><E104/><V131/><F112/><N who="3" m="43115" /><G1/><T44/><D111/><U76/><E76/><V39/><F39/><W89/><G119/><T4/><D105/><U67/><E0/><V125/><F125/><N who="1" m="48201" /><E135/><V101/><F32/><W14/><G77/><T16/><D90/><U78/><E78/><V15/><F131/><W108/><G31/><T103/><D103/><N who="2" m="39498" /><F30/><W29/><G29/><T121/><D121/><U26/><E118/><V128/><F128/><W85/><G108/><T102/><D102/><U70/><E70/><V22/><F51/><N who="3" m="30751" /><G41/><T107/><D107/><U130/><E130/><V8/><F95/><W82/><G93/><T68/><D83/><N who="1" m="49567" /><E116/><V28/><F28/><W115/><N who="3" m="43123" /><W64/><DORA hai="69" /><G64/><T34/><D34/><U120/><E120/><V126/><F126/><W109/><G109/><T19/><D40/><U129/><E129/><V42/><F42/><W58/><AGARI ba="0,0" hai="13,14,50,53,58,82,85,89" m="30751,43123" machi="58" ten="40,5200,0" yaku="15,1,11,1,54,1" doraHai="38,69" who="3" fromWho="3" sc="104,-13,151,-13,344,-26,401,52" /><INIT seed="7,0,0,2,0,77" ten="91,138,318,453" oya="3" hai0="74,71,44,60,127,1,59,43,18,104,49,75,10" hai1="83,124,129,90,61,28,32,15,4,113,16,116,114" hai2="58,37,36,51,94,133,62,69,86,96,26,89,132" hai3="9,82,121,76,35,97,65,70,98,99,81,92,8"/><W93/><G35/><T64/><D127/><U19/><E124/><V130/><F130/><W46/><G121/><T101/><D104/><U100/><E100/><V23/><F69/><W11/><G46/><T95/><D101/><U31/><E116/><V29/><F51/><W34/><G34/><T45/><D95/><U5/><E61/><V91/><F133/><W123/><G123/><T0/><D45/><U47/><E47/><V21/><F21/><W27/><G27/><T126/><D126/><U115/><E129/><V134/><F134/><W42/><G42/><T87/><D87/><N who="1" m="50559" /><E19/><V120/><F120/><W110/><G110/><T105/><D105/><U7/><E32/><V14/><F14/><W63/><REACH who="3" step="1"/><G81/><REACH who="3" ten="91,138,318,443" step="2"/><T50/><D75/><AGARI ba="0,1" hai="8,9,11,63,65,70,75,76,82,92,93,97,98,99" machi="75" ten="40,7700,0" yaku="1,1,2,1,52,1,53,0" doraHai="77" doraHaiUra="102" who="3" fromWho="0" sc="91,-77,138,0,318,0,443,87" owari="14,-49.0,138,-26.0,318,12.0,530,63.0" /></mjloggm>