<mjloggm ver="2.3"><GO type="169" lobby="0"/><UN n0="%E9%8A%80%E8%89%B2%E3%81%84%E3%81%8C%E3%81%90%E3%82%8A" n1="%E3%81%A1%27%E3%82%93%E3%81%BD%E3%81%A3%E3%81%BD" n2="%E3%81%B5%E3%81%9F%E3%81%B0" n3="%E3%83%84%E3%83%AC%E3%82%AA" dan="18,16,16,17" rate="2280.37,2143.97,2135.46,2218.45" sx="M,M,F,M"/><TAIKYOKU oya="0"/><INIT seed="0,0,0,1,4,127" ten="250,250,250,250" oya="0" hai0="73,11,55,132,93,70,62,76,45,41,107,61,17" hai1="6,105,98,121,34,35,80,71,10,125,21,129,72" hai2="99,67,81,49,29,37,83,40,135,65,53,33,109" hai3="69,38,131,8,56,124,30,134,78,4,18,104,64"/><T120/><D120/><U15/><E121/><V58/><F33/><W52/><G104/><T22/><D107/><U91/><E71/><V0/><F0/><W3/><G38/><T32/><D32/><U106/><E129/><V111/><F29/><W108/><G124/><T130/><D132/><U100/><E125/><V44/><F99/><W42/><G42/><T88/><D11/><U12/><E106/><V19/><F19/><W7/><G134/><T118/><D118/><U48/><E48/><V85/><F81/><W74/><G30/><T114/><D114/><U57/><E57/><V79/><REACH who="2" step="1"/><F135/><REACH who="2" ten="250,250,240,250" step="2"/><W117/><G18/><T110/><D110/><AGARI ba="0,1" hai="37,40,44,49,53,58,65,67,79,83,85,109,110,111" machi="110" ten="40,8000,1" yaku="1,1,2,1,14,1,53,1" doraHai="127" doraHaiUra="43" who="2" fromWho="0" sc="250,-80,250,0,240,90,250,0" /><INIT seed="1,0,0,5,5,90" ten="170,250,330,250" oya="1" hai0="30,89,94,104,40,9,13,122,116,82,105,55,69" hai1="2,96,45,68,91,43,98,86,18,99,14,31,15" hai2="80,74,119,87,113,27,23,39,131,17,51,36,25" hai3="46,56,62,32,84,93,65,70,12,38,57,59,8"/><U95/><E68/><V108/><F119/><W85/><G32/><T61/><D116/><U20/><E2/><V50/><F113/><W125/><G125/><T52/><D122/><U48/><REACH who="1" step="1"/><E31/><REACH who="1" ten="170,240,330,250" step="2"/><V6/><F36/><W60/><G38/><T16/><D30/><U21/><E21/><V120/><F39/><W58/><G70/><T114/><D114/><U107/><E107/><V28/><F120/><W35/><G62/><T134/><D134/><U41/><E41/><V106/><F106/><W75/><G60/><T132/><D132/><U72/><E72/><V54/><F74/><W78/><G75/><T26/><D40/><U22/><E22/><V47/><F51/><W73/><G73/><T110/><D105/><U77/><E77/><V88/><F131/><W34/><G78/><T109/><D104/><U29/><E29/><V66/><F28/><W5/><G65/><T92/><D69/><U24/><AGARI ba="0,1" hai="14,15,18,20,24,43,45,48,86,91,95,96,98,99" machi="24" ten="30,12000,1" yaku="1,1,0,1,8,1,52,1,53,1" doraHai="90" doraHaiUra="42" who="1" fromWho="1" sc="170,-40,240,130,330,-40,250,-40" /><INIT seed="1,1,0,4,4,88" ten="130,370,290,210" oya="1" hai0="118,87,73,132,67,19,14,61,133,117,66,11,21" hai1="84,101,106,62,90,3,37,29,105,128,129,63,83" hai2="104,31,120,130,74,2,85,7,13,72,22,96,78" hai3="20,135,125,44,65,107,45,127,92,35,114,59,119"/><U122/><E122/><V131/><F2/><W64/><G107/><T5/><D73/><U80/><E37/><V113/><F7/><W48/><G35/><T9/><D87/><U123/><E123/><V124/><F31/><W4/><G114/><T57/><D66/><U70/><E3/><V26/><F13/><W108/><G4/><T40/><D40/><U43/><E43/><V12/><F12/><W1/><G1/><T25/><REACH who="0" step="1"/><D11/><REACH who="0" ten="120,370,290,210" step="2"/><U50/><E84/><V17/><F85/><W53/><G65/><T134/><AGARI ba="1,1" hai="5,9,14,19,21,25,57,61,67,117,118,132,133,134" machi="134" ten="30,7900,0" yaku="1,1,2,1,0,1,20,1,53,0" doraHai="88" doraHaiUra="102" who="0" fromWho="0" sc="120,92,370,-40,290,-21,210,-21" /><INIT seed="2,0,0,1,3,64" ten="212,330,269,189" oya="2" hai0="112,98,63,25,40,17,127,103,100,74,83,91,28" hai1="86,7,1,52,15,8,113,117,109,41,29,27,68" hai2="72,45,111,129,134,44,125,76,22,89,122,132,53" hai3="78,128,77,73,60,110,106,36,5,20,39,6,0"/><V32/><F32/><W126/><G106/><T81/><D112/><U54/><E113/><V38/><F122/><W108/><G20/><T23/><D127/><U99/><E117/><V49/><F125/><W43/><G126/><T93/><D40/><U9/><E41/><V30/><F129/><W34/><G34/><T82/><D74/><U87/><E109/><N who="3" m="42090" /><G43/><T90/><D90/><U88/><E68/><V46/><F111/><W124/><G124/><T13/><REACH who="0" step="1"/><D63/><REACH who="0" ten="202,330,269,189" step="2"/><U79/><E79/><N who="3" m="30218" /><G60/><T31/><D31/><U94/><E29/><V47/><F30/><W3/><G73/><T35/><AGARI ba="0,1" hai="13,17,23,25,28,35,81,82,83,91,93,98,100,103" machi="35" ten="30,2000,0" yaku="1,1,0,1,53,0" doraHai="64" doraHaiUra="80" who="0" fromWho="0" sc="202,30,330,-5,269,-10,189,-5" /><INIT seed="3,0,0,2,1,53" ten="232,325,259,184" oya="3" hai0="65,7,107,88,128,40,36,135,4,28,99,116,130" hai1="54,79,22,15,75,71,70,49,47,58,50,8,110" hai2="94,91,9,122,73,66,52,92,114,57,127,83,120" hai3="33,119,78,31,125,82,115,26,44,129,117,132,77"/><W38/><G115/><T3/><D116/><U24/><E110/><V121/><F114/><W97/><G129/><N who="0" m="49771" /><D135/><U39/><E39/><V68/><F127/><W18/><G132/><T62/><D28/><U25/><E79/><V34/><F34/><W85/><G125/><T76/><D76/><U80/><E80/><V0/><F73/><W10/><G78/><T63/><D63/><U5/><E75/><V101/><F101/><W123/><G123/><T55/><D55/><U32/><E32/><V111/><F111/><W1/><G97/><T35/><D35/><U46/><E46/><V95/><F83/><W104/><G104/><T105/><D3/><U131/><E24/><V56/><F68/><W102/><G102/><N who="0" m="62687" /><D107/><U23/><E23/><V2/><F2/><W72/><G85/><T103/><D103/><U45/><E45/><V13/><F0/><W61/><G61/><T108/><D108/><U12/><E12/><V89/><F66/><W20/><G20/><T118/><D118/><U37/><E37/><V134/><F134/><W126/><G126/><T43/><D36/><U21/><E21/><V51/><F89/><W90/><G90/><T113/><D88/><U29/><E131/><V86/><F91/><W100/><G100/><T133/><D113/><U17/><E29/><V6/><F86/><W67/><G67/><T98/><D98/><U124/><E124/><V27/><F27/><W87/><G87/><T11/><D133/><U59/><E47/><AGARI ba="0,0" hai="6,9,13,47,51,52,56,57,92,94,95,120,121,122" machi="47" ten="50,8000,1" yaku="13,1,52,2,54,1" doraHai="53" who="2" fromWho="1" sc="232,0,325,-80,259,80,184,0" /><INIT seed="4,0,0,5,3,88" ten="232,245,339,184" oya="0" hai0="48,94,113,64,110,28,63,26,83,134,52,80,70" hai1="95,120,123,45,86,89,30,19,131,39,100,104,56" hai2="34,92,6,69,3,84,67,125,105,97,7,40,36" hai3="109,81,66,75,107,15,119,79,1,78,114,122,76"/><T47/><D113/><U116/><E116/><V27/><F125/><W17/><G1/><T124/><D124/><U2/><E2/><V61/><F84/><W121/><G119/><T82/><D134/><U12/><E30/><V115/><F115/><W14/><G114/><T128/><D128/><U133/><E131/><V118/><F118/><W93/><G107/><T57/><D110/><U13/><E133/><V46/><F3/><W108/><G66/><T0/><D0/><U41/><E56/><V23/><F105/><W127/><G127/><T18/><D18/><U85/><E85/><V73/><F34/><W29/><G29/><T126/><D126/><U130/><E130/><V11/><F11/><W74/><G81/><T43/><D94/><U129/><E129/><V35/><F35/><W37/><G17/><T135/><D135/><U68/><E68/><V58/><F73/><N who="3" m="27659" /><G37/><T20/><D83/><U132/><E132/><V65/><F65/><W117/><G117/><T54/><D54/><U55/><E55/><V10/><F10/><W71/><G71/><T4/><D4/><U31/><E31/><V25/><F25/><W22/><G22/><T87/><D87/><U50/><E39/><AGARI ba="0,0" hai="20,26,28,39,43,47,48,52,57,63,64,70,80,82" machi="39" ten="30,11600,0" yaku="7,1,24,2,54,1" doraHai="88" who="0" fromWho="1" sc="232,116,245,-116,339,0,184,0" /><INIT seed="4,1,0,2,2,12" ten="348,129,339,184" oya="0" hai0="104,0,5,116,42,7,93,6,64,18,45,73,30" hai1="21,80,85,50,97,34,99,28,22,115,106,100,26" hai2="60,8,27,126,96,23,110,62,29,36,124,48,83" hai3="68,1,54,128,81,76,94,70,87,133,121,40,32"/><T95/><D104/><U134/><E134/><V67/><F36/><W17/><G133/><T51/><D116/><U82/><E97/><V72/><F110/><W78/><G128/><T102/><D0/><U49/><E115/><V35/><F8/><W118/><G118/><T132/><D73/><U98/><E98/><V112/><F112/><W119/><G119/><T44/><D132/><U57/><E82/><V11/><F11/><W84/><G1/><T66/><D30/><U123/><E123/><V109/><F109/><W16/><G32/><T125/><D125/><U90/><E57/><V103/><F48/><W10/><G10/><T71/><D71/><U135/><E135/><V43/><F43/><W122/><G40/><T107/><D107/><U52/><REACH who="1" step="1"/><E49/><REACH who="1" ten="348,119,339,184" step="2"/><V41/><F83/><W2/><G81/><T69/><D69/><U56/><AGARI ba="1,1" hai="21,22,26,28,34,50,52,56,80,85,90,99,100,106" machi="56" ten="20,8000,1" yaku="1,1,2,1,0,1,7,1,54,1,53,0" doraHai="12" doraHaiUra="105" who="1" fromWho="1" sc="348,-41,119,93,339,-21,184,-21" /><INIT seed="5,0,0,2,2,37" ten="307,212,318,163" oya="1" hai0="93,91,113,104,11,15,72,70,99,102,54,32,39" hai1="30,78,89,74,62,51,49,59,69,73,106,34,23" hai2="119,26,4,134,35,7,83,63,56,98,120,31,47" hai3="13,84,52,115,95,117,68,116,130,121,82,29,41"/><U109/><E109/><V81/><F119/><W27/><G121/><T5/><D113/><U43/><E106/><V94/><F120/><W101/><G68/><T8/><D70/><U122/><E122/><V45/><F134/><W97/><G115/><T131/><D131/><U57/><E34/><V3/><F3/><W71/><G71/><T12/><D32/><U86/><E69/><V107/><F107/><W124/><G130/><T128/><D128/><U88/><E74/><V67/><F4/><W61/><G124/><T6/><D39/><U2/><E2/><V21/><F7/><W65/><G13/><T76/><D72/><U24/><E73/><V77/><F81/><W28/><G65/><T42/><D76/><U105/><E105/><V18/><F18/><W118/><G27/><T125/><D54/><N who="1" m="31951" /><E86/><V90/><F35/><W33/><G33/><T44/><D125/><U110/><E78/><V9/><F9/><W75/><G75/><AGARI ba="0,0" hai="21,26,31,45,47,56,63,67,75,77,83,90,94,98" machi="75" ten="30,1000,0" yaku="7,1" doraHai="37" who="2" fromWho="3" sc="307,0,212,0,318,10,163,-10" /><INIT seed="6,0,0,5,0,37" ten="307,212,328,153" oya="2" hai0="51,66,123,41,111,47,93,59,112,68,81,134,131" hai1="108,46,32,121,128,39,63,64,33,71,54,50,23" hai2="30,87,133,0,91,40,12,38,120,55,79,110,76" hai3="21,25,28,72,129,90,74,67,69,52,77,103,82"/><V18/><F120/><W80/><G129/><T97/><D111/><U49/><E23/><V100/><F110/><W115/><G103/><T36/><D123/><U24/><E108/><V44/><F133/><W58/><G115/><T22/><D112/><U65/><E121/><V135/><F135/><W11/><G11/><T86/><D131/><U116/><E24/><V43/><F0/><W2/><G2/><T17/><D68/><U89/><E89/><V119/><F119/><W83/><G69/><T113/><D134/><U109/><E109/><V4/><F4/><W84/><G67/><T118/><D118/><U75/><E75/><V6/><F6/><W60/><REACH who="3" step="1"/><G74/><REACH who="3" ten="307,212,328,143" step="2"/><T102/><D113/><U104/><E128/><V61/><F100/><W88/><G88/><N who="0" m="51279" /><D66/><U85/><E116/><V14/><F91/><W35/><G35/><T124/><D124/><U10/><E10/><V29/><F79/><W7/><G7/><T8/><D8/><U13/><E32/><V78/><F76/><W26/><G26/><T130/><D130/><U96/><E33/><V1/><F78/><W48/><G48/><T56/><D36/><U42/><E50/><V122/><F38/><W106/><G106/><T107/><D107/><U16/><E65/><V31/><F1/><W94/><AGARI ba="0,1" hai="21,25,28,52,58,60,72,77,80,82,83,84,90,94" machi="94" ten="20,8000,1" yaku="1,1,0,1,7,1,54,1,53,1" doraHai="37" doraHaiUra="20" who="3" fromWho="3" sc="307,-20,212,-20,328,-40,143,90" /><INIT seed="7,0,0,0,2,88" ten="287,192,288,233" oya="3" hai0="12,98,49,125,82,10,27,66,112,11,18,61,96" hai1="111,122,56,117,92,118,130,58,6,47,126,32,34" hai2="13,35,4,110,26,99,106,7,101,75,55,94,28" hai3="83,68,36,44,62,53,133,97,70,31,108,129,37"/><W85/><G129/><T16/><D125/><U1/><E122/><V115/><F110/><W78/><G108/><T41/><D112/><U60/><E111/><V74/><F115/><W128/><G128/><T73/><D73/><U72/><E72/><V17/><F74/><W57/><G133/><T89/><D41/><U46/><E130/><V2/><F75/><W109/><G109/><T127/><D127/><U113/><E113/><V102/><F2/><W131/><G131/><T90/><D49/><U134/><E126/><V59/><F102/><W95/><G31/><T77/><D77/><U116/><E134/><V132/><F106/><W8/><G8/><T42/><D42/><U135/><E135/><V121/><F121/><W48/><G36/><T52/><D66/><N who="1" m="39175" /><E58/><V39/><F39/><W91/><REACH who="3" step="1"/><G37/><REACH who="3" ten="287,192,288,223" step="2"/><T29/><D29/><U67/><E67/><AGARI ba="0,1" hai="44,48,53,57,62,67,68,70,78,83,85,91,95,97" machi="67" ten="30,12000,1" yaku="1,1,2,1,7,1,52,1,53,1" doraHai="88" doraHaiUra="50" who="3" fromWho="1" sc="287,0,192,-120,288,0,223,130" owari="287,-11.0,72,-43.0,288,9.0,353,45.0" /></mjloggm>