<mjloggm ver="2.3"><GO type="225" lobby="0"/><UN n0="%E3%81%AF%E3%82%88%E3%81%8A%E3%81%98%E3%81%95%E3%82%93" n1="%5C%E3%81%AF%E3%81%A1%E3%81%8D%E3%82%87%E3%81%86%2F" n2="%E9%89%84%E5%BC%B7%E3%83%A2%E3%83%92%E3%83%BC%E3%83%8C%E4%B8%83%E6%AE%B5" n3="%E8%A8%88%E7%AE%97%E6%A9%9F%E8%87%AA%E7%84%B6" dan="17,16,18,17" rate="2147.61,2097.38,2238.13,2273.70" sx="M,M,F,M"/><TAIKYOKU oya="0"/><INIT seed="0,0,0,5,4,31" ten="250,250,250,250" oya="0" hai0="95,64,134,113,91,53,74,30,108,80,40,101,100" hai1="121,7,116,83,70,54,123,66,10,21,111,115,55" hai2="1,17,68,56,28,51,58,12,20,94,44,127,75" hai3="8,32,0,109,14,119,18,81,72,25,117,93,104"/><T46/><D113/><U50/><E21/><V82/><F68/><W61/><G104/><T36/><D134/><U37/><E10/><V38/><F127/><W85/><G109/><T122/><D122/><U103/><E7/><V114/><F114/><W71/><G0/><T90/><D108/><U133/><E83/><V76/><F38/><W9/><G9/><T57/><D64/><U62/><E103/><V131/><F1/><W22/><G72/><T6/><D30/><U105/><E105/><V41/><F131/><W63/><G93/><T107/><D6/><U84/><E111/><V5/><F5/><W13/><G32/><T77/><D107/><U102/><E133/><V88/><REACH who="2" step="1"/><F28/><REACH who="2" ten="250,250,240,250" step="2"/><N who="3" m="17463" /><G71/><T48/><REACH who="0" step="1"/><D91/><REACH who="0" ten="240,250,240,250" step="2"/><U126/><E115/><V52/><F52/><W98/><G119/><T26/><D26/><U86/><E55/><V97/><AGARI ba="0,2" hai="12,17,20,41,44,51,56,58,75,76,82,88,94,97" machi="97" ten="20,5200,0" yaku="1,1,0,1,7,1,54,1,53,0" doraHai="31" doraHaiUra="110" who="2" fromWho="2" sc="240,-26,250,-13,240,72,250,-13" /><INIT seed="1,0,0,1,4,69" ten="214,237,312,237" oya="1" hai0="34,50,13,83,131,100,2,104,21,39,46,1,16" hai1="48,67,19,98,73,74,101,107,96,11,61,94,110" hai2="129,57,7,71,59,33,124,103,117,60,4,31,127" hai3="115,8,79,92,36,130,72,78,66,113,68,91,76"/><U53/><E110/><V128/><F103/><W118/><G68/><T40/><D34/><U6/><E19/><V85/><F117/><W75/><G66/><T77/><D131/><N who="2" m="50250" /><F71/><W62/><G62/><T52/><D100/><U93/><E107/><V49/><F85/><N who="3" m="52335" /><G36/><T51/><D104/><U125/><E125/><N who="2" m="48203" /><F49/><W123/><G8/><T95/><D95/><U43/><E43/><V12/><F12/><W122/><G130/><T45/><REACH who="0" step="1"/><D51/><REACH who="0" ten="204,237,312,237" step="2"/><U109/><E48/><V22/><F33/><W18/><G118/><T10/><D10/><U54/><E11/><V135/><F135/><W105/><G105/><T80/><D80/><U121/><E101/><V63/><F63/><W38/><G115/><T55/><D55/><U64/><E61/><V32/><F32/><W42/><G113/><T97/><D97/><U24/><E98/><V111/><F60/><W70/><G70/><T20/><D20/><U116/><E96/><V133/><F133/><W87/><G42/><T102/><D102/><U108/><E116/><V88/><F22/><W28/><G123/><T126/><D126/><U106/><E106/><V65/><F111/><W35/><G122/><T25/><D25/><U30/><E24/><V56/><F65/><W81/><G35/><T9/><D9/><U119/><E119/><V23/><F23/><W114/><G114/><T29/><D29/><U82/><E30/><V132/><F31/><W14/><G28/><T41/><D41/><U15/><E121/><V47/><F132/><W44/><G81/><T84/><AGARI ba="0,1" hai="1,2,13,16,21,39,40,45,46,50,52,77,83,84" machi="84" ten="20,12000,2" yaku="1,1,0,1,7,1,52,1,54,2,53,0" doraHai="69" doraHaiUra="0" who="0" fromWho="0" sc="204,130,237,-60,312,-30,237,-30" /><INIT seed="2,0,0,2,3,56" ten="334,177,282,207" oya="2" hai0="38,100,18,70,77,74,8,111,23,45,79,133,112" hai1="39,30,115,19,113,121,48,60,52,14,59,129,76" hai2="65,85,2,102,34,90,84,128,92,46,75,118,127" hai3="61,132,114,124,15,22,97,73,104,43,4,0,41"/><V31/><F118/><W28/><G73/><T82/><D112/><U123/><E39/><V95/><F75/><W135/><G114/><N who="1" m="43530" /><E30/><V71/><F2/><W94/><G104/><T122/><D122/><N who="1" m="46603" /><E76/><V47/><F128/><W130/><G130/><T91/><D79/><U117/><E129/><V93/><F127/><W119/><G119/><T33/><D77/><U72/><E72/><V9/><F9/><N who="3" m="4519" /><G0/><T96/><D8/><N who="1" m="6599" /><E117/><V20/><F31/><W98/><G124/><T108/><D38/><U99/><E99/><V80/><F85/><W11/><G98/><T51/><D96/><U69/><E69/><V3/><F84/><W24/><G11/><T110/><D70/><U57/><E57/><V58/><F58/><W68/><G97/><T78/><D74/><U37/><E37/><V54/><F71/><W62/><G68/><T89/><D78/><U29/><E29/><V42/><F47/><W10/><G10/><T40/><D45/><U25/><E25/><V88/><F46/><W116/><G116/><T13/><D91/><U106/><E106/><V1/><F90/><W67/><G94/><T66/><D89/><U32/><E32/><V50/><F95/><W107/><G107/><T105/><D33/><U6/><E6/><V134/><F93/><W35/><G35/><T64/><D105/><U131/><E131/><V109/><F92/><W27/><G27/><T21/><D13/><U16/><E16/><V81/><F88/><W86/><G86/><T125/><D18/><U126/><E126/><V55/><F34/><W120/><G120/><T44/><D125/><RYUUKYOKU ba="0,0" sc="334,-10,177,30,282,-10,207,-10" hai1="48,52,59,60" /><INIT seed="3,1,0,1,4,89" ten="324,207,272,197" oya="3" hai0="116,25,3,63,62,80,113,38,60,103,124,19,107" hai1="92,97,70,54,84,99,7,28,93,17,32,68,58" hai2="12,6,115,31,75,118,5,71,23,10,108,98,42" hai3="55,27,78,4,114,90,132,131,88,134,91,52,61"/><W56/><G114/><T22/><D116/><U8/><E70/><V94/><F118/><W117/><G117/><T43/><D3/><U0/><E68/><V106/><F115/><W125/><G125/><T120/><D120/><U112/><E112/><V95/><F75/><W123/><G123/><T76/><D113/><U133/><E133/><N who="3" m="51306" /><G131/><T21/><D124/><U100/><E84/><V64/><F6/><W44/><G4/><T77/><D107/><U83/><E83/><V36/><F42/><W111/><G111/><T33/><D33/><U51/><E17/><V26/><F36/><W48/><G27/><T135/><D38/><U15/><E0/><V59/><F71/><W129/><G129/><T126/><D126/><U30/><E32/><V47/><F47/><W53/><G78/><T72/><D43/><AGARI ba="1,0" hai="43,44,48,52,53,55,56,61,88,90,91" m="51306" machi="43" ten="30,5800,0" yaku="20,1,54,2" doraHai="89" who="3" fromWho="0" sc="324,-61,207,0,272,0,197,61" /><INIT seed="3,2,0,3,0,92" ten="263,207,272,258" oya="3" hai0="86,21,105,108,106,128,15,78,58,79,80,39,107" hai1="126,94,81,32,50,118,71,113,83,0,84,42,87" hai2="54,109,77,2,132,44,73,34,90,110,48,63,67" hai3="47,65,27,40,95,38,69,88,76,72,75,114,129"/><W131/><G114/><T93/><D39/><U6/><E113/><V59/><F34/><W9/><G27/><T74/><D108/><N who="2" m="41578" /><F2/><W135/><G135/><T91/><D128/><N who="3" m="49225" /><G76/><T125/><D125/><U36/><E32/><V8/><F8/><W101/><G101/><T37/><D37/><U98/><E71/><V112/><F73/><W22/><G22/><T51/><D79/><U134/><E36/><V7/><F7/><W30/><G30/><T18/><REACH who="0" step="1"/><D106/><REACH who="0" ten="253,207,272,258" step="2"/><U33/><E126/><V57/><F77/><W121/><G121/><T82/><D82/><U127/><E127/><V120/><F112/><W116/><G116/><T117/><D117/><U111/><E118/><V35/><F132/><W123/><G123/><T61/><D61/><U55/><E33/><V49/><F35/><W52/><G72/><T85/><D85/><U124/><E124/><V4/><F63/><N who="3" m="40127" /><G75/><T3/><D3/><U13/><E0/><V11/><F120/><W53/><G9/><T28/><D28/><U115/><E111/><V130/><F11/><W31/><G31/><T26/><D26/><U23/><E134/><V64/><F130/><W14/><G14/><T45/><D45/><U17/><E115/><V20/><F44/><W102/><G102/><T133/><D133/><U19/><E13/><V70/><F4/><W104/><G104/><T10/><D10/><U96/><E6/><V103/><F103/><W12/><G12/><T99/><D99/><AGARI ba="2,1" hai="38,40,47,52,53,88,95,99" m="40127,49225" machi="99" ten="30,11600,0" yaku="19,1,52,1,54,2" doraHai="92" who="3" fromWho="0" sc="253,-122,207,0,272,0,258,132" owari="131,-37.0,207,-19.0,272,7.0,390,49.0" /></mjloggm>