<mjloggm ver="2.3"><GO type="169" lobby="0"/><UN n0="%E3%81%8B%E3%81%A5%E3%81%8D%EF%BC%B8%EF%BC%A9" n1="%E4%B9%BE%E5%9D%A4%E5%8D%81%E4%BA%94%E6%93%B2" n2="%E4%BD%8E%E3%82%81%E3%82%B9%E3%83%A9%E3%82%A4%E3%83%80%E3%83%BC" n3="%E6%B2%96%E3%83%92%E3%82%AB%E3%83%AB%EF%BC%88%E6%9C%AC%E7%89%A9%EF%BC%89" dan="17,16,16,16" rate="2122.88,2134.11,2140.23,2074.81" sx="M,M,F,F"/><TAIKYOKU oya="0"/><INIT seed="0,0,0,2,0,36" ten="250,250,250,250" oya="0" hai0="116,45,1,7,20,72,14,57,100,125,74,87,11" hai1="40,95,134,60,50,32,43,3,22,112,58,34,82" hai2="115,73,39,15,54,28,46,9,26,38,62,102,129" hai3="6,51,71,64,49,77,47,17,53,18,124,111,76"/><T84/><D116/><U63/><E3/><V81/><F115/><W94/><G111/><T5/><D125/><U75/><E112/><V91/><F102/><W135/><G124/><T52/><D100/><U104/><E104/><V48/><F129/><W41/><G135/><T99/><D45/><U0/><E0/><V8/><F8/><W98/><G6/><T21/><D99/><U127/><E127/><V86/><F62/><W66/><G71/><T96/><D96/><U12/><E134/><V122/><F73/><W123/><G123/><T113/><D113/><U83/><E95/><V79/><F79/><N who="3" m="30283" /><G66/><T78/><D74/><U37/><E37/><V56/><F56/><N who="3" m="32815" /><G64/><T133/><D133/><U30/><E75/><V117/><F122/><W108/><G108/><T42/><D7/><U16/><E34/><V23/><REACH who="2" step="1"/><F117/><REACH who="2" ten="250,250,240,250" step="2"/><W35/><G35/><T29/><D72/><U118/><E118/><V114/><F114/><W103/><AGARI ba="0,1" hai="17,18,41,47,51,94,98,103" m="32815,30283" machi="103" ten="30,2000,0" yaku="8,1,52,1" doraHai="36" who="3" fromWho="3" sc="250,-10,250,-5,240,-5,250,30" /><INIT seed="1,0,0,4,3,60" ten="240,245,235,280" oya="1" hai0="115,93,65,129,7,2,33,103,52,69,45,107,31" hai1="119,37,102,62,100,42,67,15,53,71,46,57,9" hai2="23,61,59,14,85,105,132,113,25,16,83,73,66" hai3="130,128,22,26,127,77,1,110,55,51,88,74,135"/><U40/><E119/><V114/><F105/><W99/><G1/><T92/><D92/><U28/><E28/><V109/><F109/><W126/><G110/><T120/><D93/><U81/><E81/><V32/><F73/><W5/><G5/><T38/><D115/><N who="2" m="44042" /><F132/><W116/><G116/><T96/><D129/><N who="3" m="49769" /><G99/><T84/><D84/><U87/><E87/><V11/><F32/><W27/><G88/><T76/><D76/><U10/><E42/><V19/><F85/><W124/><G22/><T44/><D120/><U8/><REACH who="1" step="1"/><E15/><REACH who="1" ten="240,235,235,280" step="2"/><N who="2" m="7295" /><F83/><N who="3" m="45495" /><G135/><T94/><D31/><U56/><E56/><AGARI ba="0,1" hai="26,27,51,55,56,124,126,127" m="45495,49769" machi="56" ten="40,2600,0" yaku="18,1,19,1" doraHai="60" who="3" fromWho="1" sc="240,0,235,-26,235,0,280,36" /><INIT seed="2,0,0,1,4,83" ten="240,209,235,316" oya="2" hai0="62,129,131,73,79,34,5,24,8,15,53,55,33" hai1="2,40,66,45,16,7,82,77,11,70,43,120,28" hai2="112,68,75,108,109,38,101,69,35,114,87,19,107" hai3="106,90,37,58,23,51,56,102,30,50,61,99,20"/><V9/><F75/><W98/><G37/><T48/><D62/><U57/><E70/><V133/><F38/><W29/><G58/><T130/><D24/><U104/><E104/><V63/><F133/><W111/><G111/><N who="2" m="42569" /><F35/><N who="0" m="13322" /><D48/><U46/><E28/><V76/><F101/><W119/><G119/><T116/><D116/><U95/><E120/><V22/><F9/><W21/><G51/><T27/><D27/><U72/><E95/><V135/><F107/><W74/><G50/><T93/><D93/><U42/><E66/><N who="2" m="41055" /><F69/><W115/><G74/><T126/><D126/><U97/><E57/><V14/><F135/><W6/><G102/><T88/><D88/><U105/><E105/><V125/><F125/><W113/><G90/><T13/><D13/><U4/><E97/><V67/><F67/><W49/><G106/><T47/><D47/><U3/><E16/><V41/><F41/><W12/><G99/><T110/><D110/><U71/><E71/><V122/><F122/><W85/><G98/><T127/><D127/><U134/><E134/><V0/><F0/><W121/><G121/><T18/><D18/><U86/><E72/><V117/><F117/><W91/><G30/><T78/><D73/><U65/><E65/><V128/><F128/><W80/><G29/><T94/><D131/><U54/><E46/><V123/><F123/><W96/><G96/><T44/><D130/><U10/><E45/><V59/><F59/><W92/><G56/><T26/><D44/><U17/><E17/><V84/><F76/><W52/><G61/><T132/><D129/><U60/><E60/><RYUUKYOKU ba="0,0" sc="240,-15,209,15,235,15,316,-15" hai1="2,3,4,7,10,11,40,42,43,54,77,82,86" hai2="14,19,22,84,87,112,114" /><INIT seed="2,1,0,0,3,0" ten="225,224,250,301" oya="2" hai0="74,81,1,76,47,38,72,16,7,91,85,77,33" hai1="113,52,106,101,25,44,117,43,120,57,73,26,64" hai2="4,49,124,92,8,68,66,50,78,102,42,12,116" hai3="6,48,111,99,131,34,119,21,94,95,82,71,11"/><V83/><F124/><W28/><G34/><T84/><D33/><U123/><E117/><V23/><F116/><W39/><G39/><T63/><D63/><U36/><E73/><V51/><F68/><W115/><G71/><T93/><D16/><U14/><E113/><V75/><F66/><W17/><G28/><T96/><D77/><U125/><E125/><V133/><F133/><W112/><G119/><T46/><D74/><U121/><E64/><V97/><REACH who="2" step="1"/><F23/><REACH who="2" ten="225,224,240,301" step="2"/><W54/><G115/><T18/><D38/><U19/><E123/><V104/><F104/><W3/><G112/><T79/><D72/><U61/><E121/><V59/><F59/><W20/><G20/><T87/><D47/><AGARI ba="1,1" hai="4,8,12,42,47,49,50,51,75,78,83,92,97,102" machi="47" ten="40,3900,0" yaku="1,1,52,1,53,0" doraHai="0" doraHaiUra="62" who="2" fromWho="0" sc="225,-42,224,0,240,52,301,0" /><INIT seed="2,2,0,2,2,93" ten="183,224,292,301" oya="2" hai0="119,85,60,88,11,127,50,106,44,23,86,15,61" hai1="132,96,22,47,36,120,16,91,72,123,126,109,98" hai2="113,59,121,103,112,80,35,79,2,94,3,48,135" hai3="55,37,54,82,111,100,10,26,69,102,131,33,116"/><V12/><F121/><N who="1" m="46665" /><E109/><V46/><F35/><W5/><G111/><T52/><D106/><U42/><E72/><V95/><F135/><W14/><G69/><T24/><D127/><U104/><E132/><V115/><F59/><W0/><G37/><T125/><D86/><U76/><E76/><V8/><F3/><W63/><G116/><T25/><D125/><U31/><E31/><V30/><F30/><W105/><G131/><T75/><D75/><U71/><E71/><V38/><F38/><W89/><G102/><T9/><D9/><U64/><E64/><V57/><F57/><W117/><G117/><T84/><D84/><U68/><E68/><V99/><F94/><W133/><G0/><T118/><D118/><U39/><E126/><V28/><F28/><W6/><G63/><N who="0" m="24139" /><D23/><U34/><E34/><V107/><F2/><W19/><G33/><T66/><D66/><U122/><N who="1" m="46673" /><U134/><DORA hai="40" /><E134/><V92/><F80/><W4/><G133/><T29/><D29/><U114/><E114/><V74/><F74/><W129/><G129/><T21/><D21/><U90/><E104/><V53/><REACH who="2" step="1"/><F79/><REACH who="2" ten="183,224,282,301" step="2"/><W81/><G105/><T128/><D128/><U18/><E39/><V17/><AGARI ba="2,1" hai="8,12,17,46,48,53,92,95,99,103,107,112,113,115" machi="17" ten="30,18000,2" yaku="1,1,2,1,0,1,52,2,53,1" doraHai="93,40" doraHaiUra="101,124" who="2" fromWho="2" sc="183,-62,224,-62,282,196,301,-62" /><INIT seed="2,3,0,2,0,124" ten="121,162,478,239" oya="2" hai0="69,68,56,116,9,66,3,132,53,74,57,32,40" hai1="39,19,121,105,12,52,112,127,78,109,62,44,27" hai2="22,72,47,20,6,4,55,71,99,65,51,87,134" hai3="111,48,8,83,16,122,26,59,31,129,49,70,113"/><V46/><F72/><W0/><G70/><T45/><D32/><U13/><E112/><V103/><F134/><W11/><G122/><T94/><D74/><U128/><E105/><V131/><F131/><W5/><G129/><T81/><D81/><U130/><E121/><V96/><F87/><W123/><G111/><T29/><D29/><U10/><E109/><V135/><F135/><W93/><G123/><T82/><D82/><U73/><E127/><V21/><F47/><W84/><G93/><T92/><D116/><U95/><E78/><V126/><F126/><W42/><G59/><T117/><D117/><U91/><E73/><V97/><REACH who="2" step="1"/><F103/><REACH who="2" ten="121,162,468,239" step="2"/><W114/><G84/><T34/><D45/><U76/><E44/><V60/><AGARI ba="3,1" hai="4,6,20,21,22,46,51,55,60,65,71,96,97,99" machi="60" ten="40,7800,0" yaku="1,1,2,1,0,1,53,0" doraHai="124" doraHaiUra="23" who="2" fromWho="2" sc="121,-29,162,-29,468,97,239,-29" /><INIT seed="2,4,0,4,4,74" ten="92,133,565,210" oya="2" hai0="67,113,131,18,47,64,29,71,32,42,70,82,125" hai1="130,41,38,24,10,81,75,26,99,68,85,114,109" hai2="90,49,2,40,117,17,44,53,102,126,21,112,116" hai3="43,111,78,133,46,83,45,50,127,28,35,4,104"/><V3/><F112/><W123/><G111/><T39/><D113/><U129/><E114/><V96/><F126/><W0/><G123/><T95/><D95/><U134/><E68/><V57/><F90/><W91/><G104/><T66/><D18/><U100/><E109/><V93/><F117/><W36/><G91/><T124/><D29/><U58/><E134/><V73/><F73/><N who="3" m="43471" /><G28/><T89/><D32/><U118/><E118/><V65/><F65/><W92/><G92/><T55/><D89/><U62/><E75/><V76/><F76/><W7/><G7/><T88/><D131/><N who="1" m="50187" /><E10/><V77/><F77/><W105/><G105/><T97/><D97/><U103/><E41/><V110/><F110/><W54/><G35/><T132/><D132/><U33/><E33/><V80/><F80/><W98/><G98/><T37/><D37/><U16/><E38/><V108/><F108/><W8/><G127/><N who="0" m="48715" /><D55/><U120/><E99/><V84/><F84/><AGARI ba="4,0" hai="39,42,47,64,66,67,70,71,82,84,88" m="48715" machi="84" ten="30,2000,0" yaku="18,1,54,1" doraHai="74" who="0" fromWho="2" sc="92,32,133,0,565,-32,210,0" /><INIT seed="3,0,0,5,4,18" ten="124,133,533,210" oya="3" hai0="37,84,75,51,49,64,68,105,112,65,34,121,90" hai1="86,12,94,46,123,31,10,122,97,99,38,42,50" hai2="135,1,82,41,115,15,92,74,66,33,130,91,128" hai3="70,9,71,93,100,133,56,69,61,54,13,22,104"/><W25/><G133/><T39/><D34/><U20/><E38/><N who="0" m="14345" /><D84/><U127/><E127/><V108/><F41/><W109/><G104/><T62/><D90/><N who="1" m="53591" /><E123/><V77/><F1/><W43/><G109/><T129/><D75/><U89/><E89/><V78/><F108/><W73/><G73/><T103/><D103/><U120/><E120/><V2/><F2/><W14/><G43/><T17/><D17/><N who="1" m="8343" /><E122/><V23/><F33/><W111/><G111/><T59/><D105/><U53/><E53/><V16/><F115/><W88/><G100/><T124/><D121/><U6/><E6/><V67/><F78/><W80/><G80/><T106/><D106/><U110/><E110/><V118/><F118/><W102/><G102/><T44/><D124/><U72/><E72/><V119/><F135/><W81/><G81/><T36/><D129/><N who="2" m="49770" /><F119/><W60/><G9/><T3/><D3/><U63/><E63/><V45/><F45/><W27/><G61/><N who="0" m="39983" /><D112/><U19/><E31/><V21/><F21/><W83/><G83/><T114/><D114/><U32/><E32/><V132/><F132/><W29/><REACH who="3" step="1"/><G25/><AGARI ba="0,0" hai="19,20,25,42,46,50,97,99" m="8343,53591" machi="25" ten="30,2000,0" yaku="8,1,52,1" doraHai="18" who="1" fromWho="3" sc="124,0,133,20,533,0,210,-20" /><INIT seed="4,0,0,4,5,57" ten="124,153,533,190" oya="0" hai0="100,71,133,59,13,6,60,83,35,27,106,104,63" hai1="93,68,117,87,128,50,129,36,20,17,115,113,34" hai2="15,56,45,10,12,70,72,41,4,75,105,74,73" hai3="98,66,95,46,79,119,127,61,101,84,94,23,62"/><T8/><D133/><U22/><E34/><V42/><F70/><W121/><G119/><T9/><D9/><U54/><E36/><V69/><F69/><W19/><G127/><T47/><D100/><U102/><E68/><V96/><F75/><W21/><G121/><T5/><D5/><U1/><E1/><V86/><F86/><W76/><G66/><T85/><D47/><U103/><E117/><V32/><F32/><W31/><G46/><T37/><D37/><U97/><E103/><V135/><F135/><W44/><G44/><T52/><D35/><U108/><E108/><V49/><F42/><W99/><G31/><T134/><D27/><N who="1" m="14735" /><E87/><V26/><F26/><N who="3" m="14655" /><G23/><T40/><D40/><U3/><E22/><V81/><F56/><W11/><G11/><T7/><D7/><U77/><E3/><V33/><F33/><W16/><G16/><T92/><D92/><U124/><E124/><V107/><F107/><W25/><G25/><T116/><D134/><U114/><E77/><N who="3" m="29770" /><G84/><T91/><REACH who="0" step="1"/><D116/><REACH who="0" ten="114,153,533,190" step="2"/><U48/><E93/><V28/><F10/><W30/><G30/><T64/><AGARI ba="0,1" hai="6,8,13,52,59,60,63,64,71,83,85,91,104,106" machi="64" ten="30,18000,2" yaku="1,1,2,1,0,1,52,2,54,1,53,1" doraHai="57" doraHaiUra="51" who="0" fromWho="0" sc="114,190,153,-60,533,-60,190,-60" /><INIT seed="4,1,0,3,4,12" ten="304,93,473,130" oya="0" hai0="75,32,78,103,132,107,13,70,61,63,109,65,88" hai1="21,79,2,99,71,98,4,114,6,15,81,53,118" hai2="35,130,25,38,84,86,62,3,18,93,101,26,14" hai3="49,131,105,17,16,10,68,1,23,20,24,11,34"/><T85/><D32/><U123/><E123/><V115/><F3/><W134/><G68/><T112/><D112/><U66/><E118/><V55/><F38/><W121/><G105/><T8/><D132/><U0/><E114/><V59/><F130/><W83/><G34/><T89/><D63/><U135/><E135/><V106/><F106/><W90/><G1/><T97/><D75/><U36/><E36/><V67/><F115/><W48/><G131/><T133/><D133/><U31/><E66/><V111/><F111/><W119/><G119/><T72/><D72/><U129/><E71/><V50/><F35/><W44/><G49/><T126/><D126/><U64/><E64/><V40/><F40/><N who="3" m="24583" /><G121/><T117/><D109/><U73/><E129/><V124/><F124/><W57/><G57/><T127/><D117/><U77/><E0/><V58/><F86/><N who="3" m="50527" /><G134/><T82/><REACH who="0" step="1"/><D127/><REACH who="0" ten="294,93,473,130" step="2"/><U87/><E73/><V46/><F62/><W60/><G60/><T94/><D94/><U5/><E2/><V7/><F93/><W37/><G37/><T22/><D22/><U92/><E92/><V76/><F67/><W110/><G110/><T9/><D9/><U54/><E21/><V42/><F50/><W33/><G33/><T122/><D122/><U27/><E4/><AGARI ba="1,1" hai="4,8,13,61,65,70,78,82,85,88,89,97,103,107" machi="4" ten="30,5800,0" yaku="1,1,7,1,54,1,53,0" doraHai="12" doraHaiUra="39" who="0" fromWho="1" sc="294,71,93,-61,473,0,130,0" /><INIT seed="4,2,0,2,4,25" ten="365,32,473,130" oya="0" hai0="38,116,110,56,48,125,32,54,46,21,73,82,41" hai1="129,91,98,42,78,79,124,102,76,55,97,5,103" hai2="77,134,121,67,65,61,49,93,81,69,1,64,80" hai3="72,94,135,43,112,99,83,107,109,101,47,10,6"/><T30/><D116/><U100/><E42/><V105/><F105/><W63/><G109/><T70/><D125/><U120/><E5/><V128/><F1/><W22/><G112/><T62/><D110/><U84/><E55/><V131/><F134/><W86/><G63/><T40/><D21/><U114/><E124/><V132/><F132/><W29/><G135/><T68/><D41/><U85/><E114/><V14/><F121/><W58/><G58/><T127/><D127/><U12/><E12/><V11/><F49/><W117/><G72/><T3/><D3/><U23/><E23/><V17/><F93/><W35/><G107/><T34/><D34/><U18/><E18/><V51/><F51/><W0/><G35/><T24/><REACH who="0" step="1"/><D38/><REACH who="0" ten="355,32,473,130" step="2"/><U95/><E120/><V90/><F131/><W87/><G117/><T33/><D33/><U118/><E118/><V60/><F128/><W20/><G20/><T108/><D108/><U9/><E129/><V113/><F113/><W104/><G22/><T52/><D52/><U8/><E8/><V45/><F65/><W4/><G43/><T123/><D123/><U36/><E9/><V53/><F53/><W13/><G10/><T66/><D66/><U119/><E119/><V106/><F67/><W2/><G0/><T88/><D88/><N who="1" m="53647" /><E36/><V74/><F64/><W27/><G2/><T28/><D28/><U130/><E130/><V96/><F11/><W50/><G29/><T7/><D7/><U111/><E111/><V75/><F90/><W115/><G4/><T59/><D59/><U71/><E71/><V37/><F69/><RYUUKYOKU ba="2,1" sc="355,15,32,15,473,-15,130,-15" hai0="24,30,32,40,46,48,54,56,62,68,70,73,82" hai1="76,78,79,84,91,97,98,100,102,103" /><INIT seed="4,3,1,0,0,0" ten="370,47,458,115" oya="0" hai0="16,28,52,75,3,24,55,33,57,8,114,38,49" hai1="43,78,19,106,123,86,116,41,32,7,39,81,80" hai2="103,90,63,94,72,42,61,131,122,17,67,18,9" hai3="21,40,27,112,73,118,135,108,25,4,60,88,120"/><T125/><D38/><U124/><E123/><V20/><F72/><W10/><G108/><T51/><D75/><U29/><E116/><V105/><F122/><W77/><G118/><T48/><D125/><U6/><E106/><V68/><F42/><N who="1" m="15881" /><E39/><V34/><F34/><W64/><G120/><T15/><D114/><U85/><E29/><V117/><F131/><W132/><G112/><T134/><D134/><N who="3" m="51241" /><G40/><T110/><D110/><U107/><E107/><V100/><F63/><W59/><G21/><T102/><D102/><U84/><E32/><V46/><F46/><W99/><G77/><T113/><D113/><U35/><E35/><V74/><F18/><W65/><G65/><T111/><D111/><U69/><E69/><V129/><F74/><W50/><G50/><T53/><REACH who="0" step="1"/><D3/><REACH who="0" ten="360,47,458,115" step="2"/><U133/><E133/><V11/><F103/><W109/><G73/><T22/><D22/><U12/><E124/><V95/><F117/><W45/><G109/><T70/><D70/><U101/><E101/><V104/><F105/><W14/><G45/><T1/><D1/><U96/><E96/><N who="2" m="59423" /><F104/><W79/><G99/><T121/><D121/><U23/><E86/><N who="2" m="52567" /><F129/><W5/><G10/><T26/><D26/><U126/><E126/><V127/><F127/><W66/><G27/><T91/><D91/><AGARI ba="3,2" hai="6,7,12,19,23,78,80,81,84,85,91" m="15881" machi="91" ten="30,3900,0" yaku="8,1,52,2" doraHai="0" who="1" fromWho="0" sc="360,-48,47,68,458,0,115,0" /><INIT seed="5,0,0,0,3,116" ten="312,115,458,115" oya="1" hai0="96,8,135,72,38,95,134,118,67,77,21,74,98" hai1="133,16,82,128,54,18,65,3,56,125,49,39,94" hai2="97,81,126,101,58,5,76,102,123,85,80,33,25" hai3="75,93,36,71,127,120,29,9,105,55,13,83,45"/><U53/><E39/><V59/><F123/><W31/><G105/><T37/><D8/><U40/><E3/><V1/><F126/><W48/><G71/><T51/><D67/><U90/><E125/><V41/><F41/><W20/><G127/><T10/><D10/><U112/><E112/><V22/><F33/><W99/><G120/><T52/><D77/><U50/><E133/><N who="0" m="50697" /><D21/><U42/><E128/><V129/><F5/><W108/><G108/><T62/><D62/><U17/><E82/><V88/><F1/><W111/><G20/><T30/><D30/><U15/><E65/><V130/><F130/><W84/><G75/><N who="0" m="28715" /><D118/><U69/><E69/><V24/><F24/><W66/><G66/><T89/><D98/><U70/><E70/><V107/><F102/><N who="3" m="60783" /><G111/><T43/><D43/><N who="1" m="16427" /><E15/><V92/><F129/><W119/><G36/><T11/><D11/><U113/><E113/><V2/><F2/><W60/><G60/><T86/><D96/><N who="1" m="57431" /><E18/><N who="2" m="12503" /><F107/><W7/><G119/><T68/><D68/><U44/><AGARI ba="0,0" hai="16,17,44,49,50,53,54,56" m="57431,16427" machi="44" ten="30,3000,0" yaku="8,1,54,1" doraHai="116" who="1" fromWho="1" sc="312,-10,115,30,458,-10,115,-10" /><INIT seed="5,1,0,1,1,11" ten="302,145,448,105" oya="1" hai0="92,71,62,20,99,128,106,17,16,101,93,111,46" hai1="134,8,43,9,10,31,66,32,129,1,119,98,19" hai2="116,33,70,6,38,59,24,110,48,35,127,53,15" hai3="107,61,30,37,0,120,94,2,5,49,95,34,41"/><U22/><E43/><V97/><F110/><W115/><G107/><T88/><D111/><U123/><E66/><V77/><F116/><W45/><G120/><T131/><D46/><U132/><E98/><V18/><F70/><W121/><G121/><T76/><D76/><U28/><E123/><V26/><F38/><W124/><G37/><T69/><D17/><U14/><E119/><V50/><F127/><W122/><G124/><T51/><D51/><U68/><E68/><V113/><F77/><W12/><G122/><T126/><D126/><U105/><E105/><V84/><F6/><W56/><G2/><T29/><D29/><N who="1" m="11339" /><E129/><N who="0" m="49737" /><D62/><U40/><E40/><V100/><F50/><W102/><G0/><T118/><D106/><U7/><E32/><V60/><F35/><W133/><G34/><T39/><D39/><U86/><E86/><V117/><F33/><W47/><G30/><T63/><D63/><U58/><E58/><N who="2" m="33063" /><F84/><W42/><G56/><T74/><D74/><U78/><E78/><V54/><F117/><W82/><G61/><T25/><D118/><U23/><E134/><V89/><F60/><W36/><G133/><T81/><D81/><U4/><E132/><V57/><F57/><W91/><G82/><T112/><D112/><U44/><E44/><V73/><F73/><W135/><G115/><T55/><D55/><U87/><E87/><AGARI ba="1,0" hai="16,20,25,69,71,87,88,92,93,99,101" m="49737" machi="87" ten="30,3900,0" yaku="19,1,54,2" doraHai="11" who="0" fromWho="1" sc="302,42,145,-42,448,0,105,0" /><INIT seed="6,0,0,4,1,41" ten="344,103,448,105" oya="2" hai0="19,70,56,87,7,130,53,1,122,45,16,132,94" hai1="75,114,95,65,13,57,26,27,33,76,86,79,131" hai2="101,31,39,133,52,93,82,42,67,34,134,85,49" hai3="110,97,38,29,121,20,89,15,50,0,11,37,64"/><V68/><F34/><W119/><G110/><T126/><D70/><U74/><E114/><V116/><F31/><W17/><G119/><T81/><D122/><U51/><E131/><V125/><F125/><W104/><G121/><T28/><D28/><U111/><E111/><V32/><F32/><W46/><G64/><T24/><D94/><U47/><E75/><V113/><F116/><W118/><G118/><T128/><D132/><U109/><E109/><V84/><F113/><W127/><G127/><T3/><D7/><U66/><E74/><V106/><F106/><W77/><G77/><N who="1" m="29770" /><E33/><V35/><F35/><W9/><G9/><T36/><D3/><U78/><N who="1" m="29778" /><U55/><DORA hai="18" /><E13/><V124/><F68/><W135/><G135/><T102/><D1/><U105/><E105/><V43/><F124/><W40/><G104/><T30/><D126/><U103/><E103/><V91/><F101/><W5/><REACH who="3" step="1"/><G29/><REACH who="3" ten="344,103,448,95" step="2"/><T6/><D30/><U112/><E112/><V80/><F134/><W10/><G10/><T73/><D73/><U99/><E66/><V117/><F67/><W90/><G90/><T120/><D120/><U22/><E65/><V115/><F133/><W14/><G14/><T100/><D128/><U63/><E27/><V60/><F117/><W4/><G4/><T2/><D24/><U12/><E12/><V129/><F115/><W72/><G72/><T71/><D130/><U44/><E26/><V123/><F129/><W48/><G48/><T8/><D2/><U83/><E51/><V88/><F91/><W69/><G69/><T108/><D71/><RYUUKYOKU ba="0,1" sc="344,-10,103,-10,448,-10,95,30" hai3="0,5,11,15,17,20,37,38,40,46,50,89,97" /><INIT seed="7,1,1,0,5,42" ten="334,93,438,125" oya="3" hai0="5,99,17,100,131,3,37,118,135,36,84,58,26" hai1="8,45,87,30,7,49,122,113,28,120,116,60,19" hai2="52,95,76,127,96,125,71,31,75,24,10,57,2" hai3="22,88,94,97,59,62,66,130,4,67,12,35,65"/><W32/><G130/><T40/><D118/><U101/><E116/><V121/><F121/><W82/><G35/><T126/><D126/><N who="2" m="48138" /><F75/><W106/><G106/><T108/><D108/><U98/><E113/><V105/><F76/><W89/><G32/><T78/><D135/><U64/><E19/><V86/><F71/><W20/><G4/><T74/><D84/><U91/><E122/><V92/><F86/><N who="3" m="50263" /><G22/><T119/><D5/><U29/><E120/><V0/><F105/><W34/><G34/><T27/><D3/><N who="2" m="1066" /><F10/><W83/><G83/><T102/><D74/><U103/><E8/><V80/><F80/><W53/><G53/><T107/><D107/><U63/><E7/><V115/><F96/><W16/><AGARI ba="1,1" hai="12,16,20,59,62,65,66,67,89,94,97" m="50263" machi="16" ten="30,6000,0" yaku="8,1,54,2" doraHai="42" who="3" fromWho="3" sc="334,-21,93,-21,438,-21,125,73" /><INIT seed="7,2,0,1,5,73" ten="313,72,417,198" oya="3" hai0="31,61,26,39,127,66,56,10,16,133,51,46,80" hai1="14,88,118,7,79,20,102,9,40,135,63,114,110" hai2="87,86,91,117,81,4,42,2,12,41,24,95,3" hai3="89,75,32,30,131,82,105,15,0,119,47,65,83"/><W98/><G0/><T1/><D39/><U68/><E110/><V77/><F117/><W129/><G65/><T59/><D133/><U111/><E111/><V90/><F3/><W43/><G32/><T33/><D127/><U36/><E118/><V96/><F2/><W34/><G15/><T92/><D1/><U21/><E135/><V62/><F62/><W49/><G119/><T132/><D132/><U123/><E123/><V108/><F108/><W29/><G83/><T58/><D92/><U72/><E114/><V121/><F121/><W109/><G109/><T45/><D45/><U120/><E120/><V60/><F60/><W85/><G75/><T112/><D112/><U122/><E122/><V78/><F24/><W8/><G8/><T48/><D48/><U103/><E36/><V18/><F4/><W35/><G35/><T69/><D10/><U37/><E37/><V22/><F87/><W94/><G105/><T115/><D115/><U70/><E70/><V57/><F57/><W113/><G113/><T125/><D125/><U76/><E72/><V55/><F55/><W106/><G106/><T107/><D107/><U11/><E68/><V99/><F99/><W6/><G6/><T53/><D80/><U44/><E63/><V13/><F13/><W5/><G5/><T74/><D74/><U27/><E7/><V104/><F104/><W28/><G34/><T54/><D54/><U23/><E27/><V17/><F17/><W84/><G82/><T116/><REACH who="0" step="1"/><D116/><REACH who="0" ten="303,72,417,198" step="2"/><U52/><E52/><V124/><F124/><W71/><G71/><T38/><D38/><RYUUKYOKU ba="2,1" sc="303,10,72,-30,417,10,198,10" hai0="16,26,31,33,46,51,53,56,58,59,61,66,69" hai2="12,18,22,41,42,77,78,81,86,90,91,95,96" hai3="28,29,30,43,47,49,84,85,89,94,98,129,131" /><INIT seed="7,3,1,5,3,93" ten="313,42,427,208" oya="3" hai0="134,68,132,108,20,25,91,16,46,71,99,56,43" hai1="5,118,52,76,131,6,80,98,18,49,0,112,11" hai2="28,83,64,124,104,12,65,41,107,24,116,54,14" hai3="31,19,33,135,8,125,105,84,126,103,9,45,1"/><W114/><G84/><T90/><D90/><U37/><E37/><V88/><F116/><W127/><G114/><T75/><D75/><U97/><E112/><V60/><F107/><W48/><G135/><N who="0" m="51755" /><D56/><U34/><E34/><V123/><F104/><W32/><G103/><T81/><D81/><U35/><E35/><N who="3" m="13386" /><G105/><T96/><D108/><U129/><E118/><V72/><F72/><W111/><G31/><T70/><D91/><U133/><E133/><V92/><F88/><W13/><G111/><T26/><D26/><U50/><E6/><V100/><F83/><W38/><G38/><AGARI ba="3,1" hai="16,20,25,38,43,46,68,70,71,96,99" m="51755" machi="38" ten="40,8000,1" yaku="20,1,52,2,54,1" doraHai="93" who="0" fromWho="3" sc="313,99,42,0,427,0,208,-89" owari="412,21.0,42,-46.0,427,53.0,119,-28.0" /></mjloggm>