<mjloggm ver="2.3"><GO type="169" lobby="0"/><UN n0="%4B%69%7A%75%6E%65%72" n1="%73%69%6E%73%69%73%74" n2="%54%4F%52" n3="%E3%82%B7%E3%83%B3%E3%83%95%E3%82%A9%E3%83%8B%E3%82%A2" dan="17,18,16,18" rate="2158.34,2236.24,2163.70,2241.92" sx="F,M,M,M"/><TAIKYOKU oya="0"/><INIT seed="0,0,0,2,5,100" ten="250,250,250,250" oya="0" hai0="45,33,127,13,95,46,85,124,92,38,104,134,11" hai1="133,24,129,15,28,105,119,49,101,68,55,123,117" hai2="135,61,3,51,65,96,43,22,48,99,91,126,54" hai3="59,37,78,6,113,7,60,50,115,116,26,16,102"/><T88/><D134/><U111/><E123/><V120/><F120/><W8/><G37/><T79/><D33/><U110/><E68/><V122/><F122/><W77/><G116/><T19/><D79/><N who="3" m="30217" /><G115/><T118/><D118/><U40/><E133/><V9/><F126/><N who="0" m="48170" /><D38/><U47/><E129/><V20/><F135/><W84/><G113/><T41/><D92/><U112/><E112/><V23/><F43/><W18/><G102/><T35/><D35/><U44/><E15/><V67/><F3/><W109/><G109/><N who="1" m="41482" /><E101/><V74/><F74/><W21/><G50/><N who="0" m="26927" /><D46/><U76/><E76/><V63/><F91/><W1/><G84/><T52/><D52/><U62/><E62/><V97/><F54/><N who="3" m="33911" /><G1/><T94/><D94/><U89/><E89/><V108/><F108/><W125/><G125/><T131/><D131/><U103/><E44/><V25/><F63/><W31/><G8/><T64/><D64/><N who="2" m="24650" /><F9/><W83/><G83/><T10/><D11/><U27/><E55/><V70/><F61/><W87/><G87/><T2/><D2/><U39/><E39/><V29/><F70/><W53/><G53/><T58/><D58/><U73/><E73/><V42/><F42/><W114/><G114/><T75/><D75/><U34/><E117/><V57/><F57/><W66/><G66/><T56/><D56/><U30/><E119/><V86/><F86/><W90/><G90/><T121/><D121/><U132/><E132/><V107/><F51/><W69/><G69/><T32/><D32/><N who="1" m="20487" /><E103/><N who="2" m="62951" /><F48/><W14/><G6/><T17/><D17/><N who="3" m="6761" /><G7/><T93/><D93/><U0/><E0/><RYUUKYOKU ba="0,0" sc="250,0,250,0,250,0,250,0" hai0="10,13,19,85,88,95,104" hai1="27,30,34,40,47,49,105" hai2="20,22,23,25,29,97,99" hai3="14,21,26,31" /><INIT seed="0,1,0,1,3,9" ten="250,250,250,250" oya="0" hai0="132,117,20,86,76,22,73,48,102,0,107,85,115" hai1="66,26,47,10,84,5,75,61,113,64,127,51,97" hai2="134,52,123,50,12,33,80,37,88,91,13,133,49" hai3="18,63,108,46,128,24,69,106,114,126,39,16,94"/><T99/><D117/><U27/><E75/><V54/><F37/><W89/><G108/><T3/><D115/><U74/><E74/><V116/><F33/><W121/><G114/><T65/><D132/><N who="2" m="50794" /><F116/><W19/><G106/><T57/><D73/><U105/><E127/><V122/><F50/><W62/><G126/><T125/><D125/><U109/><E109/><V25/><F25/><W119/><G119/><T2/><D48/><U79/><E97/><V72/><F54/><W8/><G128/><T135/><D135/><U30/><E105/><V68/><F68/><W56/><G121/><N who="2" m="46089" /><F72/><W14/><G69/><T35/><D35/><U67/><E61/><V40/><F40/><W77/><G77/><T78/><D78/><U32/><E113/><V45/><F80/><W11/><G46/><T17/><D76/><U21/><E27/><V38/><F38/><W15/><G39/><T104/><D104/><U120/><E32/><V130/><F130/><W90/><G94/><T100/><D107/><U31/><E31/><V43/><F43/><W28/><G28/><T29/><D29/><U92/><E120/><V95/><F88/><N who="3" m="33899" /><G56/><T34/><D57/><U4/><E92/><V42/><F42/><W98/><G98/><AGARI ba="1,0" hai="12,13,45,49,52,91,95,98" m="46089,50794" machi="98" ten="30,7700,0" yaku="20,1,52,2,54,1" doraHai="9" who="2" fromWho="3" sc="250,0,250,0,250,80,250,-80" /><INIT seed="1,0,0,3,2,70" ten="250,250,330,170" oya="1" hai0="4,130,102,43,25,83,106,18,5,51,16,32,23" hai1="115,26,135,29,37,1,128,10,20,100,116,61,11" hai2="64,104,72,62,66,118,81,2,89,60,42,58,24" hai3="33,77,54,95,6,121,45,103,36,41,65,73,123"/><U39/><E115/><V75/><F104/><W96/><G33/><T44/><D130/><U125/><E116/><V78/><F118/><W124/><G124/><T107/><D32/><U55/><E125/><V79/><F2/><W13/><G65/><T120/><D120/><U114/><E114/><V67/><F42/><W49/><G73/><T3/><D3/><U134/><E100/><V0/><F0/><W12/><G77/><T17/><D83/><U57/><E128/><V133/><F133/><N who="1" m="50697" /><E1/><V46/><F46/><W48/><G48/><T87/><D87/><U94/><E94/><V80/><F89/><W28/><G28/><T27/><D102/><U97/><E97/><V92/><F92/><W122/><REACH who="3" step="1"/><G6/><REACH who="3" ten="250,250,330,160" step="2"/><T38/><D51/><U19/><E29/><V86/><F72/><W111/><G111/><T110/><D110/><U9/><AGARI ba="0,1" hai="9,10,11,19,20,26,37,39,55,57,61" m="50697" machi="9" ten="30,6000,0" yaku="20,1,52,2" doraHai="70" who="1" fromWho="1" sc="250,-20,250,70,330,-20,160,-20" /><INIT seed="1,1,0,5,4,50" ten="230,320,310,140" oya="1" hai0="21,81,44,98,3,110,54,88,58,66,47,120,12" hai1="79,33,78,49,105,130,115,14,74,11,85,84,4" hai2="63,95,5,77,68,29,61,34,126,16,127,2,89" hai3="67,112,20,55,30,69,102,133,108,135,92,122,104"/><U17/><E115/><V1/><F77/><N who="1" m="29193" /><E105/><V114/><F114/><W90/><G112/><T83/><D3/><U73/><E33/><V42/><F42/><W86/><G30/><T109/><D120/><U106/><E106/><V107/><F107/><W93/><G20/><T39/><D66/><U62/><E130/><V46/><F46/><N who="0" m="17450" /><D39/><U19/><E74/><V53/><F29/><W128/><G67/><T10/><D21/><U123/><E73/><V116/><F116/><W87/><G69/><T129/><D129/><U15/><E123/><V45/><F34/><W119/><G128/><T56/><D56/><U13/><E49/><N who="2" m="28847" /><F68/><W35/><G35/><T31/><D31/><U103/><E103/><V6/><F2/><W40/><G104/><T134/><D134/><U24/><E24/><V75/><F75/><W23/><G122/><T7/><D110/><U64/><E4/><N who="2" m="1643" /><F1/><W113/><G108/><T70/><D70/><U51/><E51/><V43/><F43/><W32/><G40/><T99/><D109/><U118/><E118/><V121/><F121/><W9/><G113/><T131/><D131/><U125/><E125/><N who="2" m="47627" /><F16/><N who="1" m="6217" /><E11/><V27/><F27/><W25/><G25/><T59/><D10/><U111/><E111/><V80/><F63/><W96/><G32/><T101/><D7/><U8/><E8/><V48/><F61/><W22/><G119/><T38/><D101/><U0/><E0/><V18/><F18/><W97/><G9/><T28/><D28/><U26/><E26/><V52/><F48/><W76/><G135/><T37/><D37/><U91/><E91/><RYUUKYOKU ba="1,0" sc="230,-10,320,30,310,-10,140,-10" hai1="13,14,15,62,64,84,85" /><INIT seed="1,2,0,2,4,3" ten="220,350,300,130" oya="1" hai0="16,127,17,82,104,73,105,13,83,81,94,27,22" hai1="107,126,117,15,60,55,30,80,84,36,28,72,41" hai2="79,50,86,98,114,43,130,106,5,99,100,96,123" hai3="6,54,68,122,2,4,64,132,116,70,14,45,39"/><U65/><E117/><V35/><F35/><W108/><G2/><T58/><D127/><U24/><E72/><V56/><F123/><W49/><G122/><T34/><D73/><U66/><E107/><V21/><F130/><W87/><G116/><T7/><D94/><U95/><E126/><V19/><F114/><W113/><G113/><T69/><D69/><U110/><E36/><V9/><F106/><W89/><G108/><T109/><D109/><U129/><E110/><V47/><F100/><W120/><G120/><T61/><D7/><N who="3" m="2601" /><G68/><T111/><D111/><U121/><E41/><V10/><F56/><W74/><G74/><T57/><D57/><N who="1" m="34879" /><E129/><V38/><F38/><W88/><G132/><T92/><D92/><U46/><E46/><V53/><F43/><W48/><G39/><T18/><D34/><U124/><E124/><V40/><F40/><N who="3" m="24615" /><G70/><T118/><D118/><U42/><E42/><V91/><F79/><W20/><G64/><T62/><D105/><U29/><E24/><N who="2" m="14399" /><F5/><W11/><G11/><T85/><D104/><U90/><E121/><V67/><F67/><W63/><G63/><T75/><D62/><U8/><E66/><V76/><F76/><W101/><G101/><T32/><D75/><U128/><E65/><V134/><F134/><W102/><G102/><T26/><D32/><U23/><E128/><V119/><F119/><W125/><G125/><T51/><D61/><U135/><E135/><V33/><F33/><W44/><G87/><T93/><D85/><U25/><E8/><N who="2" m="3179" /><F86/><W103/><G103/><T0/><D0/><U31/><E95/><AGARI ba="2,0" hai="47,50,53,91,95,96,98,99" m="3179,14399" machi="95" ten="30,2000,0" yaku="6,1,8,1" doraHai="3" who="2" fromWho="1" sc="220,0,350,-26,300,26,130,0" /><INIT seed="2,0,0,5,0,64" ten="220,324,326,130" oya="2" hai0="120,15,27,6,34,46,28,73,116,125,71,79,121" hai1="124,98,22,111,16,85,25,39,134,17,58,87,95" hai2="93,66,126,94,67,100,133,115,117,44,62,107,12" hai3="76,91,92,33,37,114,88,4,72,68,42,7,123"/><V75/><F115/><W108/><G123/><T99/><D79/><U36/><E111/><V82/><F117/><W105/><G33/><T74/><D46/><U86/><E124/><V90/><F126/><W110/><G105/><T35/><D99/><U19/><E134/><V135/><F107/><W56/><G114/><T8/><D125/><U113/><E113/><V119/><F119/><W129/><G56/><T26/><D116/><U127/><E127/><V81/><F67/><W80/><G129/><T132/><D71/><U118/><E118/><V112/><F112/><W0/><G91/><T45/><D45/><U3/><E3/><V14/><F44/><N who="3" m="23631" /><G68/><T52/><D52/><U84/><N who="1" m="21504" /><DORA hai="63" /><U21/><E58/><N who="2" m="37207" /><F90/><W31/><G31/><N who="0" m="19831" /><D132/><N who="2" m="50762" /><F100/><W11/><G7/><N who="0" m="3487" /><D74/><U96/><E25/><V55/><F55/><W65/><G65/><T104/><D73/><U78/><E78/><N who="2" m="44255" /><F82/><W49/><G49/><T32/><D104/><U77/><E77/><V51/><F51/><W131/><G131/><T106/><D106/><U59/><E59/><V5/><F5/><W130/><G130/><T48/><D48/><U50/><E50/><V13/><AGARI ba="0,0" hai="12,13,14,93,94" m="44255,50762,37207" machi="13" ten="30,3000,0" yaku="20,1,52,1" doraHai="64,63" who="2" fromWho="2" sc="220,-10,324,-10,326,30,130,-10" /><INIT seed="2,1,0,4,2,122" ten="210,314,356,120" oya="2" hai0="36,42,93,60,135,4,52,106,32,62,72,27,11" hai1="91,12,90,85,101,78,70,45,2,50,119,35,120" hai2="43,114,103,59,33,51,129,80,37,83,115,86,81" hai3="68,118,18,21,77,16,102,40,38,112,104,66,10"/><V44/><F33/><W133/><G118/><T127/><D106/><U75/><E119/><V134/><F134/><W98/><G133/><T1/><D135/><U82/><E2/><V74/><F129/><W31/><G112/><T132/><D132/><U26/><E120/><V39/><F74/><W3/><G77/><T92/><D127/><U46/><E70/><V105/><F86/><W108/><G31/><T57/><D72/><U22/><E35/><V117/><F117/><W15/><G3/><T107/><D107/><U54/><E101/><V17/><F17/><W130/><G130/><T29/><D42/><U58/><E12/><V76/><F76/><W9/><G38/><T87/><D36/><U0/><E0/><V7/><F7/><W20/><G40/><T19/><D62/><U56/><E56/><V84/><F84/><W14/><REACH who="3" step="1"/><G108/><REACH who="3" ten="210,314,356,110" step="2"/><T23/><REACH who="0" step="1"/><D87/><REACH who="0" ten="200,314,356,110" step="2"/><U124/><E124/><V96/><F39/><W34/><G34/><T116/><D116/><U131/><E131/><V125/><F125/><W49/><G49/><T113/><D113/><U73/><E73/><V123/><F123/><W110/><G110/><T63/><D63/><AGARI ba="1,2" hai="9,10,14,15,16,18,20,21,63,66,68,98,102,104" machi="63" ten="40,8000,1" yaku="1,1,9,1,54,1,53,1" doraHai="122" doraHaiUra="94" who="3" fromWho="0" sc="200,-83,314,0,356,0,110,103" /><INIT seed="3,0,0,5,2,112" ten="117,314,356,213" oya="3" hai0="59,122,52,124,36,113,80,30,41,22,7,111,58" hai1="95,115,69,13,126,21,63,118,35,49,127,82,8" hai2="25,84,94,77,101,128,46,104,121,34,15,90,61" hai3="70,33,133,67,110,99,102,4,10,50,47,64,20"/><W29/><G133/><T83/><D122/><U108/><E115/><V109/><F109/><W120/><G120/><T0/><D113/><U89/><E35/><V48/><F121/><W66/><G110/><T2/><D111/><U6/><E108/><V26/><F128/><W68/><G33/><T38/><D124/><N who="1" m="47659" /><E82/><V37/><F37/><W1/><G29/><T54/><D22/><U62/><E69/><V27/><F34/><W91/><G91/><T32/><D32/><U43/><E21/><V72/><F61/><N who="1" m="23049" /><E43/><V76/><F15/><W55/><REACH who="3" step="1"/><G20/><REACH who="3" ten="117,314,356,203" step="2"/><T28/><REACH who="0" step="1"/><D41/><REACH who="0" ten="107,314,356,203" step="2"/><U75/><E89/><V100/><F90/><W24/><G24/><T12/><D12/><U14/><E14/><V23/><F26/><W123/><G123/><T106/><D106/><AGARI ba="0,2" hai="1,4,10,47,50,55,64,66,67,68,70,99,102,106" machi="106" ten="40,3900,0" yaku="1,1,53,1" doraHai="112" doraHaiUra="96" who="3" fromWho="0" sc="107,-39,314,0,356,0,203,59" /><INIT seed="3,1,0,0,1,98" ten="68,314,356,262" oya="3" hai0="75,57,97,132,65,89,31,44,6,94,106,77,14" hai1="86,70,90,2,96,113,129,29,55,92,10,50,127" hai2="19,67,38,9,24,17,5,25,80,119,32,64,78" hai3="56,84,53,7,42,125,23,63,59,99,130,134,109"/><W131/><G7/><T54/><D132/><U27/><E113/><V21/><F38/><W30/><G134/><T62/><D106/><U46/><E70/><V103/><F119/><W58/><G125/><T45/><D31/><U73/><E73/><V81/><F103/><W48/><G109/><T69/><D75/><U71/><E71/><V107/><F107/><W91/><G99/><T120/><D120/><U47/><E127/><V133/><F133/><W104/><G104/><T8/><REACH who="0" step="1"/><D77/><REACH who="0" ten="58,314,356,262" step="2"/><U18/><E129/><V101/><F78/><W85/><G131/><T3/><D3/><U82/><E2/><V115/><F115/><W100/><G130/><T124/><D124/><U68/><E29/><V40/><F32/><W52/><G30/><T66/><D66/><U87/><E68/><V95/><F67/><W11/><G85/><T118/><D118/><U122/><E86/><V16/><F64/><W49/><G84/><T114/><D114/><U37/><E122/><V35/><F35/><W108/><G108/><T13/><D13/><U41/><E87/><V135/><F135/><W123/><G123/><T116/><D116/><U34/><E34/><V60/><F81/><W74/><G74/><T117/><D117/><U20/><E82/><V22/><F80/><W51/><G91/><T83/><D83/><U0/><E0/><V126/><F126/><W128/><G128/><T36/><D36/><U26/><E27/><V72/><F72/><W111/><G111/><T121/><D121/><U79/><E79/><V28/><F25/><W4/><G100/><T110/><D110/><RYUUKYOKU ba="1,1" sc="58,15,314,15,356,-15,262,-15" hai0="6,8,14,44,45,54,57,62,65,69,89,94,97" hai1="10,18,20,26,37,41,46,47,50,55,90,92,96" /><INIT seed="4,2,1,3,0,89" ten="73,329,341,247" oya="0" hai0="102,125,53,82,74,135,50,35,20,17,76,49,111" hai1="37,109,27,8,103,119,78,73,11,34,110,66,94" hai2="9,79,122,92,93,58,80,67,75,69,77,42,36" hai3="5,6,127,15,104,70,54,88,116,123,23,22,59"/><T19/><D125/><U46/><E119/><V52/><F122/><W97/><G116/><T13/><D135/><U81/><E66/><V113/><F79/><W87/><G70/><T40/><D111/><U86/><E8/><V72/><F72/><W133/><G127/><T108/><D108/><U4/><E27/><V128/><F113/><W24/><G133/><T7/><D35/><U91/><E34/><V32/><F32/><W99/><G123/><T83/><D102/><U26/><E26/><V45/><F128/><W95/><G104/><T29/><D82/><U98/><E46/><V62/><F9/><N who="3" m="4527" /><G6/><T115/><D115/><U0/><E37/><V118/><F118/><W1/><G1/><T21/><D7/><U44/><E44/><V55/><F55/><W120/><G120/><T124/><D29/><U131/><E131/><V47/><F47/><W57/><G57/><N who="0" m="32943" /><D124/><U60/><E60/><AGARI ba="2,1" hai="36,42,45,52,58,60,62,67,69,75,77,80,92,93" machi="60" ten="30,7700,0" yaku="7,1,52,2,54,1" doraHai="89" who="2" fromWho="1" sc="73,0,329,-83,341,93,247,0" /><INIT seed="5,0,0,5,0,4" ten="73,246,434,247" oya="1" hai0="70,11,130,46,122,94,79,32,99,128,132,82,43" hai1="3,127,14,45,112,80,15,49,111,53,74,16,110" hai2="126,13,42,103,56,22,86,36,76,29,10,105,108" hai3="89,52,129,12,39,18,131,135,83,134,67,20,100"/><U54/><E3/><V19/><F108/><N who="1" m="41513" /><E112/><V55/><F126/><W62/><G39/><T75/><D70/><U60/><E127/><V30/><F105/><W107/><G52/><N who="1" m="20074" /><E60/><V57/><F103/><W113/><G113/><T98/><D32/><U85/><E74/><V72/><F72/><W106/><G89/><T88/><D132/><N who="3" m="50729" /><G83/><T40/><D122/><U48/><E14/><V116/><F86/><W7/><G7/><T41/><D99/><U1/><E1/><V66/><F13/><W50/><G50/><T117/><D117/><U5/><E5/><V44/><F116/><W120/><G120/><T64/><D64/><U25/><E25/><V35/><F66/><W47/><G47/><T92/><D92/><U123/><E45/><V6/><F44/><W8/><G20/><T114/><D114/><U38/><E38/><V26/><F36/><W0/><G0/><T81/><D46/><U115/><E115/><V78/><F6/><W97/><G107/><T102/><REACH who="0" step="1"/><D11/><REACH who="0" ten="63,246,434,247" step="2"/><N who="1" m="6271" /><E123/><V121/><F121/><W96/><G96/><T93/><D93/><U37/><E37/><V91/><F10/><W73/><G73/><T59/><D59/><AGARI ba="0,1" hai="8,12,18,59,62,67,97,100,106,129,131" m="50729" machi="59" ten="30,2000,0" yaku="20,1,52,1" doraHai="4" who="3" fromWho="0" sc="63,-20,246,0,434,0,247,30" /><INIT seed="6,0,0,2,1,67" ten="43,246,434,277" oya="2" hai0="47,92,42,21,43,94,52,62,51,39,44,80,41" hai1="60,23,107,33,45,93,31,25,2,58,104,0,54" hai2="48,126,68,131,75,65,100,19,34,103,78,29,66" hai3="5,70,89,1,113,50,128,14,83,96,13,36,125"/><V115/><F19/><W82/><G36/><T102/><D102/><U16/><E45/><V32/><F48/><W46/><G128/><T37/><D80/><U95/><E0/><V73/><F29/><W116/><G116/><T120/><D21/><U86/><E2/><V114/><F78/><W22/><G125/><T118/><D94/><U129/><E129/><V40/><F131/><W53/><G1/><T117/><D92/><U72/><E72/><V110/><F40/><W130/><G130/><T135/><D120/><U30/><E30/><V108/><REACH who="2" step="1"/><F68/><REACH who="2" ten="43,246,424,277" step="2"/><W109/><G70/><T24/><D24/><U106/><REACH who="1" step="1"/><E86/><REACH who="1" ten="43,236,424,277" step="2"/><V121/><F121/><W132/><G46/><T63/><D135/><U98/><E98/><V88/><F88/><W15/><G96/><T111/><D111/><U91/><E91/><V81/><F81/><W26/><G132/><T10/><D10/><U38/><E38/><N who="0" m="14345" /><D44/><U35/><E35/><V133/><F133/><W6/><G109/><T11/><D11/><U134/><E134/><V12/><F12/><AGARI ba="0,2" hai="12,16,23,25,31,33,54,58,60,93,95,104,106,107" machi="12" ten="40,2600,0" yaku="1,1,54,1,53,0" doraHai="67" doraHaiUra="85" who="1" fromWho="2" sc="43,0,236,46,424,-26,277,0" /><INIT seed="7,0,0,4,3,29" ten="43,282,398,277" oya="3" hai0="0,66,70,90,126,69,124,108,31,74,99,79,128" hai1="82,131,37,46,125,100,49,5,8,36,81,113,44" hai2="68,80,62,107,118,84,106,11,83,104,12,129,60" hai3="110,14,50,35,93,109,63,85,87,101,52,39,7"/><W2/><G39/><T33/><D90/><U15/><E113/><V42/><F118/><W77/><G2/><T105/><D70/><U3/><E125/><V88/><F129/><W4/><G63/><T64/><D31/><U28/><E131/><V10/><F42/><W132/><G132/><T32/><D126/><U18/><E100/><V48/><F48/><W57/><G35/><T96/><D96/><U13/><E3/><V78/><F68/><W97/><G77/><T98/><D79/><U22/><E36/><V135/><F135/><W34/><G34/><T20/><D20/><N who="1" m="11359" /><E37/><V121/><F121/><W54/><G54/><T71/><D0/><U76/><E76/><V6/><REACH who="2" step="1"/><F10/><REACH who="2" ten="43,282,388,277" step="2"/><N who="3" m="4423" /><G7/><T23/><D124/><U51/><E51/><V41/><F41/><W116/><G116/><T65/><D128/><U17/><E49/><V40/><F40/><W59/><G59/><T21/><D66/><U26/><E46/><V47/><F47/><W72/><G72/><AGARI ba="0,1" hai="6,11,12,60,62,72,78,80,83,84,88,104,106,107" machi="72" ten="40,5200,0" yaku="1,1,54,1,53,1" doraHai="29" doraHaiUra="73" who="2" fromWho="3" sc="43,0,282,0,388,62,277,-52" owari="43,-46.0,282,8.0,450,55.0,225,-17.0" /></mjloggm>