<mjloggm ver="2.3"><GO type="185" lobby="0"/><UN n0="%58%65%6C%65%72%61%74%6F" n1="%E3%81%97%E3%82%81%E3%81%98%E3%82%93" n2="%E3%82%BF%E3%83%AD%E3%81%95" n3="" dan="16,17,16,0" rate="2227.29,2269.35,2099.88,1500.00" sx="F,F,M,C"/><TAIKYOKU oya="0"/><INIT seed="0,0,0,4,4,112" ten="350,350,350,0" oya="0" hai0="130,69,41,62,117,46,73,123,132,90,106,100,3" hai1="88,54,84,113,95,118,127,125,121,52,107,39,66" hai2="126,83,110,43,51,35,33,34,96,89,79,68,37" hai3=""/><T71/><N who="0" m="31520" /><T82/><D117/><U44/><N who="1" m="31008" /><U72/><E113/><V93/><F126/><N who="1" m="48137" /><E107/><V133/><F68/><T77/><D130/><U70/><E72/><V78/><F133/><T36/><D90/><U104/><E104/><V116/><F37/><T94/><D94/><U86/><E118/><V59/><F110/><T74/><D132/><U48/><E39/><V40/><F79/><T108/><D73/><U65/><E70/><V76/><F76/><T129/><D129/><U87/><E54/><V47/><F116/><T98/><D108/><U1/><E1/><V38/><F43/><T55/><D55/><U50/><E50/><V101/><F101/><T135/><D135/><U109/><E109/><V114/><F114/><T99/><D3/><U58/><E44/><V85/><F33/><T111/><D111/><U105/><E105/><V61/><F38/><T115/><D115/><U60/><E48/><V67/><AGARI ba="0,0" hai="34,35,40,47,51,59,61,67,78,83,85,89,93,96" machi="67" ten="20,1100,0" yaku="0,1,7,1" doraHai="112" who="2" fromWho="2" sc="350,-7,350,-4,350,11,0,0" /><INIT seed="1,0,0,0,0,121" ten="343,346,361,0" oya="1" hai0="110,50,61,84,44,39,97,42,114,34,51,108,117" hai1="0,47,88,109,68,127,89,102,77,66,125,129,69" hai2="67,107,81,119,48,41,55,46,122,75,93,103,1" hai3=""/><U128/><E0/><V82/><N who="2" m="31264" /><V58/><F119/><T2/><D117/><U74/><E102/><V53/><F1/><T73/><D2/><U100/><E100/><V118/><F107/><T135/><D73/><U133/><E47/><V60/><F118/><T115/><D34/><U85/><E74/><V96/><F75/><T52/><D84/><U3/><E3/><V87/><F82/><T62/><D97/><U92/><E66/><V116/><REACH who="2" step="1"/><F116/><REACH who="2" ten="343,346,351,0" step="2"/><T43/><D135/><U94/><E133/><V59/><F59/><T76/><D76/><AGARI ba="0,1" hai="41,46,48,53,55,58,60,67,76,81,87,93,96,103" m="31264" machi="76" ten="30,8000,1" yaku="1,1,7,1,8,1,52,1,53,1" doraHai="121" doraHaiUra="80" who="2" fromWho="0" sc="343,-80,346,0,351,90,0,0" /><INIT seed="2,0,0,0,3,32" ten="263,346,441,0" oya="2" hai0="81,3,0,59,73,53,122,49,79,84,64,112,103" hai1="106,52,41,38,82,65,46,54,114,133,99,129,117" hai2="36,101,115,110,109,60,55,66,48,92,90,91,33" hai3=""/><V86/><F115/><T83/><N who="0" m="31264" /><T47/><D112/><U77/><E114/><V93/><F36/><T113/><D113/><U127/><E129/><V107/><F101/><T125/><D125/><U128/><E127/><V131/><F107/><T1/><D103/><U70/><E128/><V98/><F33/><T120/><N who="0" m="30752" /><T89/><D64/><U100/><E133/><V68/><REACH who="2" step="1"/><F131/><REACH who="2" ten="263,346,431,0" step="2"/><T39/><REACH who="0" step="1"/><D39/><REACH who="0" ten="253,346,431,0" step="2"/><U88/><E100/><V95/><F95/><T62/><D62/><U43/><E106/><V40/><F40/><T111/><D111/><U135/><E43/><V108/><F108/><T51/><D51/><U102/><E102/><V87/><F87/><T104/><D104/><U105/><E105/><V61/><F61/><T134/><D134/><U132/><E132/><V63/><F63/><T76/><D76/><U80/><E135/><V116/><F116/><T34/><D34/><U56/><E117/><V123/><N who="2" m="31520" /><V42/><F42/><T74/><D74/><U50/><E77/><V124/><F124/><T44/><AGARI ba="0,2" hai="0,1,3,44,47,49,53,59,73,79,81,83,84,89" m="30752,31264" machi="44" ten="40,9000,2" yaku="1,1,0,1,52,5,53,0" doraHai="32" doraHaiUra="126" who="0" fromWho="0" sc="253,110,346,-30,431,-60,0,0" /><INIT seed="4,0,0,4,5,103" ten="363,316,371,0" oya="0" hai0="48,127,72,78,82,90,59,74,36,52,128,113,114" hai1="122,100,53,0,51,109,120,106,116,132,63,62,66" hai2="112,115,77,49,50,45,79,88,44,75,102,99,39" hai3=""/><T60/><D36/><U107/><N who="1" m="30752" /><U33/><N who="1" m="31264" /><U61/><E116/><V41/><F39/><T76/><D127/><U89/><E109/><V46/><F75/><T69/><D128/><U55/><E100/><V71/><F71/><T87/><D74/><U84/><E66/><V118/><F118/><T57/><D69/><U110/><E110/><V119/><F119/><T131/><D131/><U35/><E0/><V123/><N who="2" m="31520" /><V105/><F88/><T129/><D129/><U1/><E1/><V64/><F64/><T97/><D97/><U135/><E51/><V98/><F46/><T86/><D86/><U67/><E63/><V96/><F96/><T83/><REACH who="0" step="1"/><D90/><REACH who="0" ten="353,316,371,0" step="2"/><U32/><E89/><V104/><F102/><T117/><D117/><U42/><E35/><V124/><F124/><T95/><D95/><U125/><E125/><V93/><REACH who="2" step="1"/><F93/><REACH who="2" ten="353,316,361,0" step="2"/><T54/><AGARI ba="0,2" hai="48,52,54,57,59,60,72,76,78,82,83,87,113,114" machi="54" ten="30,8000,1" yaku="1,1,0,1,54,1,53,2" doraHai="103" doraHaiUra="111" who="0" fromWho="0" sc="353,100,316,-40,361,-40,0,0" /><INIT seed="4,1,0,3,0,36" ten="453,276,321,0" oya="0" hai0="111,49,52,48,81,97,112,74,128,122,119,104,126" hai1="59,95,77,125,46,109,66,115,65,63,45,33,117" hai2="50,124,113,101,80,64,70,54,1,86,73,39,105" hai3=""/><T88/><D119/><U35/><E117/><V34/><F113/><T114/><N who="0" m="31264" /><T67/><D126/><U84/><E109/><V82/><F34/><T107/><D111/><U42/><E125/><V106/><F1/><T118/><D118/><U90/><E115/><N who="0" m="44073" /><D128/><U60/><E77/><V131/><F39/><T61/><D97/><U69/><REACH who="1" step="1"/><E45/><REACH who="1" ten="453,266,321,0" step="2"/><V108/><F124/><T43/><D74/><U3/><E3/><V94/><F108/><T56/><D43/><U68/><E68/><V121/><F73/><T98/><D48/><AGARI ba="1,1" hai="33,35,42,46,48,59,60,63,65,66,69,84,90,95" machi="48" ten="30,7700,0" yaku="1,1,7,1,52,1,53,1" doraHai="36" doraHaiUra="47" who="1" fromWho="0" sc="453,-79,266,89,321,0,0,0" /><INIT seed="5,0,0,2,5,101" ten="374,355,321,0" oya="1" hai0="88,123,36,61,126,92,98,32,106,119,84,117,99" hai1="39,102,72,112,124,63,66,67,113,56,64,127,111" hai2="71,35,54,53,115,81,114,109,75,110,121,79,38" hai3=""/><U94/><E72/><V116/><N who="2" m="31008" /><V93/><F35/><T82/><N who="0" m="31520" /><T73/><D36/><U48/><E39/><V65/><F38/><T40/><D40/><U125/><E102/><V122/><N who="2" m="31264" /><V130/><F116/><N who="0" m="44618" /><D32/><U86/><E94/><V132/><F132/><T1/><D1/><U133/><E86/><V33/><F33/><T105/><D61/><U37/><E37/><V2/><F2/><T69/><D69/><U128/><E133/><V41/><F41/><T55/><D55/><U96/><E96/><N who="0" m="36905" /><D126/><U60/><E111/><V107/><F110/><T91/><D73/><U95/><E48/><V68/><F109/><T62/><D62/><N who="1" m="23595" /><E56/><V76/><F71/><T47/><D47/><U58/><E58/><V42/><F68/><T97/><AGARI ba="0,0" hai="82,84,88,91,92,97,105,106" m="36905,44618,31520" machi="97" ten="30,9000,2" yaku="12,1,34,2,52,3,54,1" doraHai="101" who="0" fromWho="0" sc="374,90,355,-60,321,-30,0,0" /><INIT seed="6,0,0,1,0,63" ten="464,295,291,0" oya="2" hai0="129,100,84,66,67,116,65,112,45,89,117,39,92" hai1="133,40,3,50,83,103,71,33,121,62,125,36,118" hai2="72,52,113,2,43,38,34,82,1,101,64,68,58" hai3=""/><V93/><F113/><T111/><D112/><U97/><E121/><V75/><F34/><T132/><D111/><U126/><E36/><V53/><F43/><T81/><D132/><U110/><E133/><V44/><F38/><T123/><N who="0" m="31520" /><T120/><N who="0" m="30752" /><T76/><D100/><U49/><E103/><V90/><F101/><T60/><D60/><U105/><E62/><V109/><F64/><T91/><D91/><U61/><E61/><V127/><F68/><T55/><D129/><U99/><E110/><V59/><F127/><T124/><D124/><U56/><E125/><V37/><F109/><T107/><D107/><U104/><E105/><V106/><F106/><T77/><D77/><U47/><E104/><V108/><F108/><T80/><D80/><U98/><E83/><V41/><F82/><T78/><D78/><U128/><E128/><V73/><F90/><T88/><D89/><U122/><E126/><V87/><F87/><T42/><REACH who="0" step="1"/><D55/><REACH who="0" ten="454,295,291,0" step="2"/><N who="2" m="21066" /><F93/><T115/><D115/><U95/><E95/><V86/><F86/><AGARI ba="0,1" hai="39,42,45,65,66,67,76,81,84,86,88,92,116,117" m="30752,31520" machi="86" ten="40,12000,2" yaku="1,1,52,5,54,1,53,0" doraHai="63" doraHaiUra="135" who="0" fromWho="2" sc="454,130,295,0,291,-120,0,0" owari="584,53.0,295,-10.0,171,-43.0,0,0.0" /></mjloggm>