<mjloggm ver="2.3"><GO type="169" lobby="0"/><UN n0="%E3%81%9F%E3%81%8F%E3%81%98%E3%82%8D%E3%81%86" n1="%E7%94%9F%E3%81%97%E3%82%89%E3%81%99" n2="%E3%81%A1%E3%82%87%E3%82%8A%E3%81%8A" n3="%E9%96%A2%E3%82%B1%E5%8E%9F" dan="16,16,18,16" rate="2091.14,2085.93,2214.79,2171.97" sx="M,M,M,M"/><TAIKYOKU oya="0"/><INIT seed="0,0,0,5,3,6" ten="250,250,250,250" oya="0" hai0="96,124,79,46,2,22,17,45,61,68,122,18,126" hai1="25,83,15,23,14,50,130,102,7,36,32,104,84" hai2="11,38,115,70,62,28,106,107,75,56,53,43,52" hai3="135,92,58,94,24,125,73,51,117,59,77,85,119"/><T30/><D122/><U98/><E130/><V101/><F115/><W87/><G24/><N who="0" m="16663" /><D79/><U20/><E36/><V109/><F75/><W121/><G77/><T48/><D2/><U82/><E82/><V49/><F28/><W8/><G73/><T19/><D48/><U80/><E80/><V63/><F109/><W111/><G51/><T128/><D96/><U4/><E32/><V57/><F101/><W90/><G111/><T69/><D128/><U100/><E100/><V114/><F114/><W40/><G40/><T13/><D13/><U42/><E15/><V132/><F132/><W110/><G110/><T78/><D78/><N who="1" m="46199" /><E25/><V12/><F38/><W34/><G135/><T134/><D134/><U88/><E7/><V29/><F29/><W3/><G3/><T10/><D10/><N who="1" m="4423" /><E88/><V37/><F37/><W89/><G34/><T112/><D112/><U116/><E116/><V103/><F103/><W44/><G121/><T86/><D86/><U9/><E9/><V39/><F39/><W91/><G91/><T21/><D21/><U120/><E120/><V74/><F74/><W72/><G72/><T81/><D81/><U113/><E113/><V108/><F108/><W0/><G0/><T16/><N who="0" m="4096" /><DORA hai="65" /><T99/><D99/><U66/><E104/><V47/><F70/><N who="0" m="27242" /><D61/><U127/><E98/><V1/><F1/><W64/><G8/><T5/><D5/><AGARI ba="0,0" hai="5,11,12,43,47,49,52,53,56,57,62,63,106,107" machi="5" ten="30,7700,0" yaku="7,1,9,1,52,1,54,1" doraHai="6,65" who="2" fromWho="0" sc="250,-77,250,0,250,77,250,0" /><INIT seed="1,0,0,3,2,53" ten="173,250,327,250" oya="1" hai0="99,131,124,92,110,109,16,83,31,62,44,15,113" hai1="100,115,52,6,90,102,96,84,38,54,63,60,95" hai2="20,119,117,118,78,75,23,114,132,58,42,40,41" hai3="13,65,18,111,91,11,25,135,72,108,134,47,121"/><U112/><E38/><V21/><F75/><W68/><G72/><T14/><D113/><U94/><E6/><V73/><F114/><W105/><G105/><T81/><D131/><U74/><E74/><V56/><F132/><W123/><G91/><T5/><D124/><U51/><E102/><V32/><F32/><W66/><G47/><T59/><D31/><U50/><E115/><V33/><F33/><W10/><G68/><T0/><D0/><U36/><E36/><V3/><F3/><W48/><G48/><T107/><D107/><U128/><E128/><V29/><F29/><W57/><G25/><T26/><D26/><U61/><REACH who="1" step="1"/><E112/><REACH who="1" ten="173,240,327,250" step="2"/><V2/><F2/><W28/><G135/><T101/><D5/><U82/><E82/><AGARI ba="0,1" hai="20,21,23,40,41,42,56,58,73,78,82,117,118,119" machi="82" ten="50,8000,1" yaku="29,2,52,2" doraHai="53" who="2" fromWho="1" sc="173,0,240,-80,327,90,250,0" /><INIT seed="2,0,0,1,2,24" ten="173,160,417,250" oya="2" hai0="29,39,14,76,83,66,5,53,79,80,36,28,58" hai1="54,1,7,33,94,44,9,56,73,20,117,47,52" hai2="27,67,32,30,69,84,3,90,65,18,46,77,13" hai3="34,103,74,31,99,2,63,105,91,104,135,59,98"/><V131/><F3/><W122/><G122/><T110/><D110/><U130/><E33/><V17/><F131/><W89/><G2/><T134/><D134/><U15/><E117/><V114/><F114/><W100/><G74/><T132/><D132/><U55/><E73/><V123/><F123/><W127/><G127/><T45/><D66/><U19/><E130/><V25/><F77/><W118/><G118/><T128/><D128/><U68/><E68/><V40/><F69/><W119/><G119/><T126/><D126/><U101/><E56/><V112/><F18/><W12/><G12/><T113/><D113/><U133/><E133/><V4/><F4/><W10/><G10/><N who="0" m="4431" /><D45/><U26/><REACH who="1" step="1"/><E1/><REACH who="1" ten="173,150,417,250" step="2"/><V35/><F112/><W85/><G135/><T62/><D39/><U75/><E75/><V0/><F0/><W72/><G72/><T86/><D36/><U92/><E92/><V129/><F129/><W124/><G124/><T41/><D41/><U22/><E22/><V8/><F35/><W125/><G125/><T51/><D51/><U106/><E106/><V116/><F116/><W70/><G70/><T109/><D109/><U120/><E120/><V95/><F40/><W82/><G34/><T23/><D23/><U49/><E49/><V88/><F46/><W81/><G59/><T21/><D21/><U71/><E71/><V16/><F32/><W38/><G38/><T64/><D53/><U37/><E37/><V6/><F65/><W111/><G111/><T78/><D83/><U60/><E60/><V102/><F67/><W96/><G82/><T48/><D48/><RYUUKYOKU ba="0,1" sc="173,15,150,15,417,-15,250,-15" hai0="28,29,58,62,64,76,78,79,80,86" hai1="7,9,15,19,20,26,44,47,52,54,55,94,101" /><INIT seed="3,1,1,2,3,29" ten="188,165,402,235" oya="3" hai0="116,102,91,8,11,38,60,76,90,16,131,19,98" hai1="53,126,101,72,71,130,87,119,92,82,58,7,1" hai2="50,75,41,3,118,5,28,73,105,125,33,17,34" hai3="63,99,48,12,120,78,133,0,26,109,54,96,22"/><W112/><G112/><T30/><D116/><U132/><E71/><V80/><F118/><W104/><G120/><T10/><D38/><U81/><E1/><V56/><F105/><W77/><G0/><T110/><D110/><U88/><E7/><V46/><F28/><W86/><G109/><T89/><D131/><U67/><E67/><V121/><F17/><W36/><G36/><T65/><D76/><U25/><E132/><V127/><F121/><W94/><G63/><T84/><D84/><U79/><E126/><N who="2" m="48139" /><F56/><W31/><G133/><T62/><D30/><U49/><E119/><V95/><F95/><W57/><G104/><T4/><D4/><U100/><E130/><V69/><F69/><W128/><G128/><T114/><D114/><U55/><E25/><V44/><F44/><W113/><G113/><T117/><D117/><U135/><E135/><V70/><F70/><W47/><G47/><T20/><D65/><U111/><E111/><V52/><F41/><W32/><G86/><T40/><D40/><U66/><E66/><V122/><F122/><W51/><G51/><T2/><D2/><U85/><REACH who="1" step="1"/><E55/><REACH who="1" ten="188,155,402,235" step="2"/><V21/><F3/><W13/><G54/><T108/><D108/><U23/><E23/><V42/><F21/><W61/><G22/><T35/><D20/><U18/><E18/><N who="0" m="6697" /><D35/><N who="2" m="13322" /><F5/><W59/><G32/><T14/><D14/><U64/><E64/><V37/><F52/><W124/><G124/><T74/><D74/><U9/><E9/><V24/><F24/><W6/><G26/><T129/><D129/><U107/><E107/><V39/><F73/><RYUUKYOKU ba="1,2" sc="188,10,155,10,402,10,235,-30" hai0="8,10,11,60,62,89,90,91,98,102" hai1="49,53,58,72,79,81,82,85,87,88,92,100,101" hai2="37,39,42,46,50,75,80" /><INIT seed="4,2,2,2,4,80" ten="198,165,412,205" oya="0" hai0="127,75,81,45,18,35,6,110,50,52,39,25,21" hai1="61,82,16,57,135,32,36,22,53,24,27,124,68" hai2="94,58,132,28,131,40,0,41,130,103,14,55,93" hai3="85,83,125,30,96,44,97,23,90,98,42,49,104"/><T126/><D39/><U71/><E135/><V133/><F0/><W134/><G134/><N who="2" m="51817" /><F28/><W1/><G1/><T102/><D102/><U56/><E124/><N who="0" m="47657" /><D35/><U48/><E36/><V87/><F14/><W60/><G125/><T74/><D110/><U79/><E27/><V108/><F108/><W67/><G104/><T121/><D121/><U113/><E113/><V86/><F55/><W115/><G115/><T66/><D6/><U120/><E120/><V119/><F119/><W26/><REACH who="3" step="1"/><G96/><REACH who="3" ten="198,165,412,195" step="2"/><T3/><D3/><U118/><E118/><V7/><F7/><W29/><G29/><T15/><D66/><U88/><E32/><V70/><F70/><AGARI ba="2,3" hai="23,26,30,42,44,49,60,67,70,83,85,90,97,98" machi="70" ten="30,3900,0" yaku="1,1,7,1,52,1,53,0" doraHai="80" doraHaiUra="109" who="3" fromWho="2" sc="198,0,165,0,412,-45,195,75" /><INIT seed="5,0,0,5,4,51" ten="198,165,367,270" oya="1" hai0="76,100,1,103,134,79,89,120,22,72,83,24,0" hai1="36,128,56,90,47,35,126,29,121,77,62,117,66" hai2="43,11,61,118,10,14,32,18,123,13,132,108,5" hai3="69,87,42,25,119,127,60,131,38,99,116,4,113"/><U33/><E117/><V102/><F108/><W58/><G4/><T31/><D134/><U34/><E121/><V135/><F123/><W49/><G99/><T92/><D120/><U75/><E128/><V3/><F43/><W104/><G104/><T80/><D103/><U109/><E126/><V9/><F102/><W70/><G25/><T73/><REACH who="0" step="1"/><D100/><REACH who="0" ten="188,165,367,270" step="2"/><U21/><E109/><V7/><F118/><W20/><G116/><T74/><D74/><U50/><E36/><V44/><F132/><W81/><G38/><T94/><D94/><U124/><E124/><V78/><F135/><W41/><G127/><T65/><D65/><U107/><E107/><V88/><F78/><W114/><G119/><T125/><D125/><U54/><E90/><V68/><F88/><W93/><G93/><T48/><D48/><U110/><E110/><V8/><F5/><W12/><G49/><T46/><D46/><U96/><E96/><AGARI ba="0,1" hai="0,1,22,24,31,72,73,76,79,80,83,89,92,96" machi="96" ten="30,3900,0" yaku="1,1,7,1,9,1,53,0" doraHai="51" doraHaiUra="6" who="0" fromWho="1" sc="188,49,165,-39,367,0,270,0" /><INIT seed="6,0,0,1,4,9" ten="237,126,367,270" oya="2" hai0="34,117,83,120,32,119,89,1,76,2,74,24,114" hai1="47,41,129,134,14,94,56,46,87,126,0,17,12" hai2="25,67,108,102,49,52,92,54,10,40,91,95,118" hai3="22,23,33,64,28,99,21,57,124,5,106,35,70"/><V8/><F118/><W45/><G70/><T63/><D120/><U51/><E0/><V96/><F67/><W6/><G124/><T98/><D114/><U104/><E134/><V68/><F68/><W31/><G45/><T58/><D89/><U81/><E129/><V44/><F108/><W18/><G57/><T3/><D98/><U29/><E126/><V109/><F109/><W16/><G99/><T110/><D110/><U90/><E29/><N who="3" m="11338" /><G64/><T65/><REACH who="0" step="1"/><D24/><REACH who="0" ten="227,126,367,270" step="2"/><U85/><E104/><V50/><F25/><W69/><G106/><T78/><D78/><U13/><E56/><N who="2" m="32783" /><F40/><W116/><G69/><T42/><D42/><U123/><E123/><V130/><F130/><W36/><G116/><AGARI ba="0,1" hai="1,2,3,32,34,58,63,65,74,76,83,116,117,119" machi="116" ten="50,6400,0" yaku="1,1,12,1,53,1" doraHai="9" doraHaiUra="53" who="0" fromWho="3" sc="227,74,126,0,367,0,270,-64" /><INIT seed="7,0,0,2,1,49" ten="301,126,367,206" oya="3" hai0="131,65,69,33,68,124,36,101,48,66,107,26,111" hai1="31,54,110,35,30,97,71,21,100,73,28,112,126" hai2="51,75,119,67,40,25,122,11,83,91,22,7,2" hai3="57,129,53,17,108,96,59,135,47,102,81,37,18"/><W93/><G135/><T29/><D111/><U50/><E112/><V128/><F119/><W132/><G132/><T14/><D124/><U82/><E126/><V84/><F128/><W19/><G129/><T127/><D127/><U114/><E114/><V94/><F67/><W63/><G108/><T99/><D131/><U55/><E71/><V3/><F3/><W34/><G34/><T90/><D36/><U13/><E35/><V121/><F40/><W9/><G37/><T86/><D69/><U10/><E110/><V118/><F118/><W89/><G47/><T8/><D68/><U123/><E50/><V1/><F51/><W64/><G9/><T105/><D105/><U56/><E56/><V38/><F1/><W77/><G102/><T109/><D109/><U134/><E123/><N who="2" m="47115" /><F38/><W44/><G44/><T62/><D62/><U5/><E21/><V46/><F46/><W0/><G0/><T133/><D48/><U20/><E20/><V115/><F115/><W70/><REACH who="3" step="1"/><G53/><REACH who="3" ten="301,126,367,196" step="2"/><T87/><D133/><U117/><E134/><V130/><F130/><W58/><G58/><T27/><D101/><U88/><E117/><V76/><F22/><W85/><AGARI ba="0,1" hai="17,18,19,57,59,63,64,70,77,81,85,89,93,96" machi="85" ten="30,3000,0" yaku="1,1,0,1,53,0" doraHai="49" doraHaiUra="104" who="3" fromWho="3" sc="301,-10,126,-10,367,-10,196,40" /><INIT seed="7,1,0,1,3,12" ten="291,116,357,236" oya="3" hai0="114,116,135,71,40,72,59,133,53,75,41,19,134" hai1="0,58,91,25,24,11,87,64,119,31,32,90,123" hai2="131,9,2,94,42,23,104,127,98,60,95,29,49" hai3="61,16,132,28,120,76,52,81,77,20,66,35,101"/><W68/><G120/><T85/><D116/><U113/><E113/><V89/><F131/><W88/><G132/><T48/><D114/><U21/><E123/><V22/><F127/><W102/><G35/><T39/><D71/><U3/><E119/><V103/><F60/><W96/><G28/><T54/><D85/><U8/><E64/><V82/><F82/><W93/><G52/><T67/><D67/><U63/><E91/><V33/><F104/><W10/><G10/><N who="1" m="3626" /><E58/><V36/><F36/><W57/><G68/><T124/><D124/><U37/><E90/><V97/><F33/><W50/><G50/><T128/><D128/><U15/><E87/><V74/><F74/><W73/><G77/><T18/><D54/><U83/><E83/><V51/><F29/><W43/><G43/><N who="0" m="16459" /><D39/><U78/><E78/><V109/><F49/><W108/><G108/><T79/><D79/><U92/><E92/><V47/><F109/><W4/><G4/><T14/><D14/><AGARI ba="1,0" hai="14,16,20,57,61,66,73,76,81,88,93,96,101,102" machi="14" ten="30,11600,0" yaku="7,1,52,1,54,2" doraHai="12" who="3" fromWho="0" sc="291,-119,116,0,357,0,236,119" /><INIT seed="7,2,0,1,0,45" ten="172,116,357,355" oya="3" hai0="103,16,44,93,31,74,48,107,61,36,54,81,1" hai1="2,34,32,119,12,66,51,35,104,3,57,9,115" hai2="0,39,25,59,26,126,18,68,5,27,121,41,122" hai3="13,71,84,50,43,14,60,24,20,110,28,94,69"/><W92/><G110/><T11/><D107/><U111/><E115/><V100/><F68/><W37/><G37/><T87/><D74/><U85/><E111/><V4/><F126/><W38/><G38/><T99/><D36/><U77/><E104/><V95/><F0/><W47/><G71/><T65/><D31/><U80/><E119/><V6/><F59/><W96/><G69/><T33/><D33/><U109/><E66/><V49/><F39/><W15/><G60/><T116/><D116/><U29/><E29/><V19/><F100/><N who="3" m="60423" /><G94/><T130/><D130/><U46/><E57/><V123/><F95/><W64/><G84/><T98/><D98/><U70/><E70/><V101/><F101/><W120/><G120/><T108/><D108/><U91/><E109/><V102/><F102/><W55/><G64/><T117/><D117/><U97/><E97/><V79/><F79/><W63/><G63/><T10/><D1/><U42/><REACH who="1" step="1"/><E91/><REACH who="1" ten="172,106,357,355" step="2"/><V7/><N who="2" m="1024" /><DORA hai="86" /><V113/><F113/><W88/><G88/><N who="0" m="51311" /><D16/><AGARI ba="2,1" hai="2,3,9,12,16,32,34,35,42,46,51,77,80,85" machi="16" ten="40,5200,0" yaku="1,1,52,1,54,1,53,0" doraHai="45,86" doraHaiUra="128,125" who="1" fromWho="0" sc="172,-58,106,68,357,0,355,0" owari="114,-39.0,174,-23.0,357,46.0,355,16.0" /></mjloggm>