<mjloggm ver="2.3"><GO type="169" lobby="0"/><UN n0="%E3%81%88%E3%81%8C%E3%82%8F%E3%82%8A%E3%81%8A" n1="%E6%9D%B1%E4%BA%AC%E9%9B%BB%E5%8A%9B" n2="%E8%8C%B6%E8%89%B2%E3%81%AE%E3%82%A2%E3%83%AC" n3="%4B%45%4E%2D%4F%47%41%53" dan="16,17,17,16" rate="2079.84,2225.13,2173.19,2139.12" sx="M,M,M,M"/><TAIKYOKU oya="0"/><INIT seed="0,0,0,0,3,105" ten="250,250,250,250" oya="0" hai0="56,50,132,66,5,65,114,97,81,19,118,98,46" hai1="124,51,68,24,26,40,119,43,134,86,96,110,61" hai2="126,45,95,0,15,102,35,70,11,49,84,111,88" hai3="104,87,25,36,127,71,21,12,54,10,103,64,27"/><T47/><D114/><U41/><E119/><V44/><F111/><W89/><G127/><T72/><D118/><U67/><E110/><V90/><F126/><W128/><G128/><T106/><D132/><U73/><E73/><V59/><F70/><W94/><G36/><T122/><D122/><U76/><E124/><V101/><F35/><W2/><G2/><T53/><D5/><U135/><E96/><V93/><F0/><W14/><G71/><T31/><D31/><U22/><E51/><V60/><F59/><W20/><G64/><T91/><D19/><U9/><E9/><V85/><F60/><W77/><G54/><T108/><D108/><U52/><E52/><N who="2" m="29735" /><F45/><W130/><G130/><T129/><D129/><U109/><E109/><V16/><AGARI ba="0,0" hai="11,15,16,84,85,88,90,93,95,101,102" m="29735" machi="16" ten="30,7900,0" yaku="8,1,54,3" doraHai="105" who="2" fromWho="2" sc="250,-39,250,-20,250,79,250,-20" /><INIT seed="1,0,0,4,0,85" ten="211,230,329,230" oya="1" hai0="62,120,65,38,102,68,80,15,13,24,83,28,16" hai1="33,93,128,70,108,43,10,123,111,84,47,58,29" hai2="72,51,134,59,135,54,7,112,75,64,41,121,81" hai3="106,52,73,8,74,86,40,122,63,69,87,27,92"/><U107/><E70/><V61/><F121/><W125/><G122/><T20/><D120/><U49/><E107/><V132/><F41/><W22/><G106/><T4/><D38/><U57/><E123/><V114/><F7/><W101/><G125/><T1/><D13/><U2/><E128/><V42/><F81/><W110/><G110/><N who="1" m="42026" /><E29/><V0/><F0/><W100/><G69/><T21/><REACH who="0" step="1"/><D102/><REACH who="0" ten="201,230,329,230" step="2"/><U6/><E33/><V39/><F72/><W67/><G74/><T11/><AGARI ba="0,1" hai="1,4,11,15,16,20,21,24,28,62,65,68,80,83" machi="11" ten="30,12000,2" yaku="1,1,2,1,0,1,54,1,53,2" doraHai="85" doraHaiUra="76" who="0" fromWho="0" sc="201,130,230,-60,329,-30,230,-30" /><INIT seed="2,0,0,2,2,80" ten="331,170,299,200" oya="2" hai0="35,79,94,38,1,68,44,32,115,78,98,70,19" hai1="59,36,53,101,27,116,51,82,31,105,73,42,88" hai2="67,55,91,41,54,3,13,47,39,71,50,58,15" hai3="8,121,100,134,20,24,102,119,63,113,10,107,60"/><V45/><F3/><W84/><G121/><T97/><D115/><U108/><E116/><V34/><F34/><W2/><G134/><T37/><D1/><U120/><E120/><V40/><F91/><W111/><G111/><T126/><D19/><U123/><E123/><V122/><F13/><W72/><G72/><T86/><D86/><U18/><E18/><V76/><F15/><W11/><G107/><T75/><D75/><U125/><E108/><V128/><F76/><W64/><G119/><T30/><D30/><U124/><E101/><N who="3" m="39018" /><G64/><T130/><D130/><U96/><E105/><V6/><F6/><W56/><G56/><T7/><D7/><U65/><E65/><V23/><F23/><W127/><G127/><N who="1" m="48714" /><E73/><V87/><F122/><W92/><G113/><T129/><D129/><U46/><E96/><V114/><F87/><W83/><G92/><T85/><D126/><U33/><E82/><V16/><F128/><W81/><G81/><T5/><D5/><U26/><E26/><V90/><F67/><W118/><G118/><T89/><D94/><U4/><E4/><V52/><F71/><W22/><G2/><T104/><D104/><U12/><E12/><V77/><F114/><W9/><N who="3" m="2560" /><DORA hai="29" /><W109/><G109/><T69/><D68/><U28/><E28/><V17/><F77/><N who="3" m="46191" /><G24/><T61/><D69/><U112/><E112/><V133/><F133/><W110/><G110/><T49/><D70/><U25/><E25/><V48/><F90/><AGARI ba="0,0" hai="27,31,33,36,42,46,51,53,59,88,90" m="48714" machi="90" ten="30,3900,0" yaku="18,1,52,1,54,1" doraHai="80,29" who="1" fromWho="2" sc="331,0,170,39,299,-39,200,0" /><INIT seed="3,0,0,0,4,24" ten="331,209,260,200" oya="3" hai0="50,103,123,95,114,100,34,5,70,52,35,119,115" hai1="19,92,86,39,2,102,46,28,104,57,10,99,128" hai2="78,116,7,71,110,127,44,63,88,97,55,98,40" hai3="120,132,124,18,48,15,109,126,45,41,42,0,14"/><W59/><G0/><T32/><D119/><U65/><E128/><V134/><F116/><W83/><G120/><T93/><D123/><U51/><E39/><V25/><F110/><W54/><G132/><T75/><D70/><U31/><E104/><V84/><F134/><W96/><G109/><T131/><D75/><U27/><E2/><V112/><F112/><N who="0" m="43050" /><D5/><U121/><E121/><V90/><F127/><W76/><G96/><T125/><D125/><N who="3" m="48233" /><G18/><T53/><D131/><U101/><E101/><N who="0" m="38985" /><D53/><N who="1" m="29943" /><E86/><V11/><F71/><W33/><G33/><N who="0" m="8451" /><T130/><DORA hai="68" /><D130/><U73/><E73/><V58/><F97/><W6/><G6/><T16/><D16/><U108/><E108/><V105/><F98/><W122/><G122/><T118/><D118/><U1/><E1/><V80/><F105/><W89/><G89/><T37/><D37/><U62/><E27/><V21/><F25/><W20/><G20/><T111/><D111/><U13/><AGARI ba="0,0" hai="10,13,19,28,31,57,62,65,92,99,102" m="29943" machi="13" ten="30,4000,0" yaku="8,1,52,2" doraHai="24,68" who="1" fromWho="1" sc="331,-10,209,40,260,-10,200,-20" /><INIT seed="4,0,0,4,0,32" ten="321,249,250,180" oya="0" hai0="108,4,34,2,122,72,110,128,58,5,42,14,74" hai1="49,36,81,25,1,45,105,103,77,120,55,129,101" hai2="70,117,23,64,66,76,6,18,40,118,60,20,10" hai3="135,82,39,95,127,73,3,131,62,19,133,67,80"/><T85/><D122/><U22/><E120/><V130/><F76/><W29/><G29/><T63/><D34/><U41/><E129/><V37/><F130/><W124/><G131/><T94/><D128/><U28/><E1/><V12/><F64/><W21/><G39/><T8/><D42/><U93/><E105/><V89/><F40/><W11/><G95/><T119/><D119/><N who="2" m="45578" /><F37/><W114/><G114/><T61/><D85/><U31/><E31/><V38/><F38/><W116/><G116/><T84/><D84/><U48/><E93/><V16/><F89/><W57/><G73/><T98/><D72/><U99/><E99/><V107/><F107/><W78/><G78/><T43/><D43/><U52/><E36/><V111/><F111/><N who="0" m="42538" /><D74/><U87/><REACH who="1" step="1"/><E41/><REACH who="1" ten="321,239,250,180" step="2"/><V26/><F20/><W97/><G97/><T9/><D58/><AGARI ba="0,1" hai="22,25,28,45,48,49,52,55,58,77,81,87,101,103" machi="58" ten="30,8000,1" yaku="1,1,2,1,7,1,8,1,54,1,53,0" doraHai="32" doraHaiUra="71" who="1" fromWho="0" sc="321,-80,239,90,250,0,180,0" /><INIT seed="5,0,0,4,0,61" ten="241,329,250,180" oya="1" hai0="1,62,42,0,118,89,73,40,102,48,129,67,121" hai1="80,131,85,97,75,28,117,13,128,65,120,91,57" hai2="71,87,27,119,23,46,94,55,66,110,53,68,127" hai3="20,111,93,60,107,49,3,9,134,122,108,21,7"/><U133/><E117/><V6/><F110/><W26/><G122/><T70/><D118/><U88/><E75/><V112/><F119/><W39/><G134/><T81/><D121/><U96/><E120/><V63/><F127/><W77/><G39/><T72/><D129/><N who="1" m="49739" /><E133/><V33/><F33/><W50/><G107/><T4/><D73/><U106/><E28/><V86/><F112/><W34/><G77/><T11/><D0/><U47/><E47/><V95/><F6/><W44/><G50/><T103/><D40/><U10/><E91/><V14/><F14/><W36/><G36/><T58/><D89/><U126/><E106/><V64/><F94/><W41/><G93/><T82/><D82/><U17/><E126/><V5/><F5/><W79/><G79/><T113/><D113/><U37/><E37/><V59/><F46/><W115/><G115/><T25/><D42/><U78/><E78/><V74/><F74/><W22/><G34/><T29/><D81/><U8/><E10/><V130/><F130/><W54/><G26/><T125/><D72/><U99/><E57/><V116/><F59/><W105/><G105/><T101/><D125/><U24/><E24/><V38/><F38/><W12/><G3/><T114/><D114/><U30/><E30/><N who="2" m="17791" /><F116/><W92/><G92/><T135/><D135/><U31/><E31/><V124/><F124/><W19/><G7/><T76/><D76/><U35/><E35/><V16/><F95/><W123/><G123/><T98/><D58/><U84/><E84/><N who="2" m="32299" /><F16/><W15/><G15/><T69/><D1/><U132/><E132/><RYUUKYOKU ba="0,0" sc="241,-30,329,10,250,10,180,10" hai1="8,13,17,65,80,85,88,96,97,99" hai2="53,55,63,64,66,68,71" hai3="9,12,19,20,21,22,41,44,49,54,60,108,111" /><INIT seed="5,1,0,4,4,43" ten="211,339,260,190" oya="1" hai0="77,42,48,111,12,120,3,69,119,17,36,87,25" hai1="71,110,57,108,45,67,19,46,68,28,7,54,98" hai2="89,14,80,122,39,35,4,131,129,100,84,92,114" hai3="18,86,109,132,117,34,47,130,72,106,33,121,73"/><U9/><E28/><V6/><F122/><W49/><G121/><T118/><D120/><U64/><E19/><V8/><F35/><W1/><G109/><N who="1" m="42090" /><E98/><V127/><F127/><W74/><G1/><T27/><D111/><U22/><E22/><V70/><F70/><N who="1" m="26665" /><E67/><V13/><F39/><W58/><G106/><T124/><D69/><U2/><E64/><V123/><F123/><W10/><G86/><T55/><D124/><U133/><E133/><V61/><F61/><AGARI ba="1,0" hai="2,7,9,45,46,54,57,61" m="26665,42090" machi="61" ten="30,5800,0" yaku="10,1,52,2" doraHai="43" who="1" fromWho="2" sc="211,0,339,61,260,-61,190,0" /><INIT seed="5,2,0,4,0,76" ten="211,400,199,190" oya="1" hai0="59,129,7,56,79,32,43,29,61,23,17,41,0" hai1="33,103,107,118,108,42,24,45,65,109,47,74,110" hai2="48,128,58,36,104,1,120,133,52,35,13,87,14" hai3="37,130,73,27,5,96,2,119,93,69,81,116,123"/><U28/><E118/><V101/><F120/><W78/><G123/><T134/><D129/><U127/><E127/><V22/><F35/><W113/><G113/><T97/><D134/><U94/><E74/><V6/><F133/><W53/><G69/><T105/><D56/><U60/><E94/><V44/><F128/><W63/><G37/><T49/><D49/><U19/><E19/><V90/><F104/><W4/><G27/><T62/><D62/><U25/><E25/><V30/><F101/><W12/><G12/><T38/><D38/><U67/><E42/><V99/><F99/><W50/><G63/><T117/><D29/><U111/><N who="1" m="27648" /><DORA hai="10" /><U89/><E89/><V54/><F30/><W84/><G2/><T66/><D32/><U126/><E126/><V98/><F98/><W106/><G73/><T15/><D97/><N who="1" m="61935" /><E67/><V121/><F121/><W55/><G106/><T132/><D105/><U72/><E72/><V40/><F22/><W64/><G64/><T112/><D117/><N who="3" m="45129" /><G55/><T71/><D132/><U115/><E115/><V83/><REACH who="2" step="1"/><F54/><REACH who="2" ten="211,400,189,190" step="2"/><W85/><G130/><T124/><D124/><U70/><AGARI ba="2,1" hai="24,28,33,45,47,60,65,70" m="61935,27648" machi="70" ten="60,6000,0" yaku="25,1,10,1" doraHai="76,10" who="1" fromWho="1" sc="211,-22,400,76,189,-22,190,-22" /><INIT seed="5,3,0,1,1,8" ten="189,476,167,168" oya="1" hai0="45,46,97,95,37,85,119,56,82,103,135,73,91" hai1="70,35,128,117,49,93,132,65,52,122,114,125,18" hai2="31,61,57,113,80,87,83,104,131,34,12,124,58" hai3="3,68,47,134,74,41,7,39,32,10,6,27,126"/><U94/><E35/><V62/><F104/><W17/><G134/><T106/><D119/><U107/><E107/><V22/><F124/><W48/><G126/><T2/><D135/><U50/><E125/><V118/><F118/><W109/><G109/><T92/><D2/><U130/><E117/><V78/><F131/><W90/><G68/><T115/><D115/><U69/><E132/><V86/><F113/><W26/><G74/><T63/><D37/><U29/><E29/><V4/><F34/><W98/><G39/><T101/><D95/><U96/><E114/><V116/><F116/><W40/><G40/><T110/><D103/><U75/><E75/><V60/><F31/><W16/><G7/><T111/><D111/><U79/><E79/><V5/><F22/><W33/><G27/><T19/><D19/><U36/><E36/><V55/><F12/><W54/><G41/><T89/><D110/><U127/><E127/><V14/><F14/><W43/><G43/><T42/><D42/><U9/><E9/><V88/><REACH who="2" step="1"/><F60/><REACH who="2" ten="189,476,157,168" step="2"/><W13/><G33/><T129/><D129/><U38/><E38/><V20/><F20/><N who="3" m="13575" /><G32/><T102/><D106/><U72/><E128/><V121/><F121/><W67/><G3/><T108/><D108/><U133/><E122/><V105/><F105/><W53/><G6/><T25/><D73/><U81/><E72/><V71/><F71/><W99/><G10/><T51/><D63/><U21/><E130/><V77/><F77/><W64/><G13/><T1/><D1/><U76/><E133/><V84/><F84/><W44/><G17/><RYUUKYOKU ba="3,1" sc="189,-10,476,-10,157,30,168,-10" hai2="4,5,55,57,58,61,62,78,80,83,86,87,88" /><INIT seed="6,4,1,4,5,45" ten="179,466,187,158" oya="2" hai0="42,127,90,119,135,54,93,105,99,52,50,38,20" hai1="19,109,49,129,97,27,16,114,8,60,88,94,118" hai2="29,37,73,85,58,96,120,28,34,66,133,112,103" hai3="110,64,95,124,3,101,71,15,68,53,32,10,72"/><V116/><F116/><W125/><G110/><T113/><D119/><U76/><E118/><V83/><F120/><W70/><G72/><T100/><D113/><U79/><E109/><V17/><F73/><W108/><G108/><T46/><D127/><N who="3" m="48713" /><G32/><T18/><D135/><U102/><E129/><V123/><F37/><W9/><G53/><T87/><D38/><U40/><E114/><V1/><F1/><W62/><G3/><T65/><D65/><U57/><E102/><V14/><F34/><W25/><G25/><AGARI ba="4,1" hai="18,20,25,42,46,50,52,54,87,90,93,99,100,105" machi="25" ten="30,3900,0" yaku="7,1,52,1,54,1" doraHai="45" who="0" fromWho="3" sc="179,61,466,0,187,0,158,-51" /><INIT seed="7,0,0,1,3,71" ten="240,466,187,107" oya="3" hai0="42,21,5,132,99,107,50,135,19,14,0,54,82" hai1="91,65,45,96,49,48,56,24,103,67,123,87,100" hai2="127,40,26,44,55,28,43,47,125,18,3,121,23" hai3="89,129,41,97,12,105,29,8,10,17,37,53,118"/><W46/><G129/><T66/><D42/><N who="2" m="15914" /><F3/><W110/><G110/><T61/><D82/><U34/><E48/><V86/><F121/><W104/><G118/><T124/><D124/><N who="2" m="47690" /><F55/><W126/><G126/><T20/><D20/><U130/><E91/><V122/><F122/><W133/><G133/><N who="0" m="51275" /><D5/><U119/><E87/><V81/><F28/><W92/><G29/><T73/><D73/><U30/><E24/><V9/><F9/><W57/><REACH who="3" step="1"/><G10/><REACH who="3" ten="240,466,187,97" step="2"/><T60/><D21/><U76/><E30/><V75/><F75/><W36/><G36/><T4/><D19/><U52/><E119/><V80/><F80/><W98/><G98/><T68/><D99/><U16/><E96/><V58/><F58/><W131/><G131/><T85/><D68/><U78/><E56/><V111/><F111/><W22/><G22/><T2/><D4/><U95/><E130/><V120/><F120/><W93/><G93/><T32/><D107/><U15/><E95/><V72/><F72/><W77/><G77/><AGARI ba="0,1" hai="18,23,26,44,47,77,81,86" m="47690,15914" machi="77" ten="30,1000,0" yaku="18,1" doraHai="71" who="2" fromWho="3" sc="240,0,466,0,187,20,97,-10" owari="240,4.0,466,56.0,207,-19.0,87,-41.0" /></mjloggm>