<mjloggm ver="2.3"><GO type="169" lobby="0"/><UN n0="%67%61%70%61%6F" n1="%E5%8D%97%E5%B8%9D%E5%8D%97%E6%B5%A6" n2="%4E%4F%2E%E2%85%A0" n3="%73%68%6F%35%35%35%35%35" dan="16,16,16,16" rate="2113.80,2073.38,2199.68,2119.31" sx="M,F,M,M"/><TAIKYOKU oya="0"/><INIT seed="0,0,0,2,5,91" ten="250,250,250,250" oya="0" hai0="8,86,96,77,114,66,89,79,65,59,90,110,120" hai1="48,60,127,97,133,19,108,38,50,102,52,24,9" hai2="95,125,112,31,51,98,134,7,10,101,109,21,44" hai3="37,111,72,36,25,1,116,53,4,23,33,47,55"/><T62/><D120/><U42/><E127/><V121/><F109/><W80/><G116/><T129/><D114/><U130/><E108/><V69/><F121/><W34/><G111/><T126/><D110/><U14/><E130/><V131/><F112/><W22/><G4/><T39/><D39/><U113/><E133/><V13/><F125/><W124/><G1/><T41/><D126/><U2/><E2/><V84/><F69/><W68/><G124/><T76/><D41/><U11/><E113/><V118/><F131/><W27/><G80/><T0/><D129/><U61/><E38/><V105/><F134/><W17/><G68/><T12/><D0/><U78/><E78/><V32/><F32/><W5/><G5/><T74/><D96/><U70/><E70/><V40/><F118/><W132/><G72/><T46/><D46/><N who="1" m="25687" /><E24/><N who="2" m="16783" /><F105/><W92/><G47/><T3/><D3/><U71/><E71/><V115/><F115/><W81/><G132/><T135/><D135/><U54/><E9/><V73/><F73/><W45/><G45/><T103/><D103/><U15/><E15/><V104/><F104/><W128/><G128/><T58/><D74/><U100/><E54/><V106/><F106/><W117/><G117/><T6/><D86/><AGARI ba="0,0" hai="7,10,13,40,44,51,84,86,95,98,101" m="16783" machi="86" ten="30,2000,0" yaku="8,1,52,1" doraHai="91" who="2" fromWho="0" sc="250,-20,250,0,250,20,250,0" /><INIT seed="1,0,0,0,4,70" ten="230,250,270,250" oya="1" hai0="118,49,113,26,90,114,95,42,76,128,63,23,135" hai1="44,91,10,38,53,64,7,32,71,84,9,77,121" hai2="39,11,111,112,29,104,45,25,20,96,19,18,22" hai3="94,82,48,123,31,125,79,65,93,83,34,110,61"/><U8/><E121/><V55/><F111/><W27/><G110/><T47/><D118/><U60/><E32/><V98/><F112/><W103/><G125/><T13/><D135/><U131/><E77/><V72/><F72/><W1/><G1/><T78/><D128/><U2/><E131/><V127/><F127/><W57/><G123/><T24/><D63/><U132/><E132/><V92/><F104/><W3/><G3/><T52/><D113/><U101/><E101/><V15/><F92/><W59/><G103/><T107/><D107/><U50/><REACH who="1" step="1"/><E38/><REACH who="1" ten="230,240,270,250" step="2"/><V30/><F39/><W115/><G115/><T41/><D78/><U68/><E68/><V17/><F30/><W124/><G124/><T4/><D76/><U133/><E133/><V126/><F126/><W66/><G79/><T99/><D114/><U73/><E73/><V54/><F29/><W58/><G31/><T86/><D41/><U62/><E62/><V33/><F33/><W21/><G34/><T117/><D42/><U120/><E120/><V74/><F74/><W97/><G61/><T35/><D35/><U43/><E43/><V75/><F75/><W102/><G102/><T28/><D117/><U122/><E122/><V46/><F55/><W105/><G66/><T6/><D28/><U12/><E12/><N who="2" m="9255" /><F54/><W85/><G65/><T51/><D52/><U67/><E67/><V69/><F69/><W40/><G40/><T100/><D100/><U129/><E129/><V87/><F15/><W37/><G37/><T130/><D13/><U134/><E134/><V0/><F0/><W36/><G36/><RYUUKYOKU ba="0,1" sc="230,-10,240,30,270,-10,250,-10" hai1="2,7,8,9,10,44,50,53,60,64,71,84,91" /><INIT seed="1,1,1,5,0,35" ten="220,270,260,240" oya="1" hai0="53,76,83,36,132,92,65,52,88,112,98,97,67" hai1="78,110,19,118,134,31,130,34,94,122,90,25,9" hai2="86,106,54,16,101,116,135,87,66,20,40,129,42" hai3="3,109,10,7,93,21,18,11,26,99,69,96,46"/><U13/><E122/><V133/><F116/><W15/><G109/><T22/><D112/><U91/><E118/><V12/><F66/><N who="0" m="25098" /><D36/><U60/><E130/><V37/><F129/><W113/><G69/><T125/><D125/><U63/><E134/><N who="2" m="51211" /><F54/><N who="0" m="21098" /><D132/><U100/><E110/><V39/><F101/><W126/><G126/><T30/><D76/><U74/><E100/><V28/><F28/><W23/><G113/><T70/><D70/><U64/><E64/><V123/><F106/><W2/><G46/><T14/><D83/><U127/><E127/><V27/><F27/><W17/><G93/><T32/><D32/><U0/><E90/><V24/><F24/><W8/><G99/><N who="0" m="57735" /><D30/><U75/><E75/><V77/><F123/><W71/><G96/><T81/><D81/><U105/><E105/><V79/><F79/><W108/><G71/><T104/><D104/><U4/><E78/><V61/><F61/><W57/><G108/><T107/><D107/><U114/><E74/><V33/><F33/><W85/><G85/><N who="2" m="32265" /><F77/><W59/><G57/><T56/><D56/><U50/><E114/><V115/><F115/><W51/><G59/><T120/><D120/><U58/><E58/><V102/><F102/><W95/><G95/><T111/><D111/><U131/><E131/><V84/><N who="2" m="32273" /><V47/><DORA hai="6" /><F42/><W68/><G68/><T29/><D29/><U89/><E89/><V82/><F82/><W121/><G121/><T72/><D72/><U73/><E73/><V41/><F40/><W55/><G7/><T44/><D44/><U48/><E91/><V1/><F39/><RYUUKYOKU ba="1,1" sc="220,10,270,-30,260,10,240,10" hai0="14,22,97,98" hai2="1,12,16,20,37,41,47" hai3="2,3,8,10,11,15,17,18,21,23,26,51,55" /><INIT seed="2,2,1,5,0,101" ten="230,240,270,250" oya="2" hai0="45,95,64,59,130,69,28,76,114,62,78,93,116" hai1="71,26,96,121,66,88,44,54,14,49,102,18,13" hai2="100,77,92,37,60,99,57,25,128,98,103,120,23" hai3="50,119,5,20,29,84,39,83,91,6,132,55,47"/><V8/><F128/><W7/><G119/><T131/><D114/><U52/><E121/><V63/><F120/><W113/><G113/><T43/><D116/><U58/><E71/><V85/><F37/><W106/><G132/><T12/><D28/><U30/><E66/><V111/><F111/><W24/><G39/><T10/><D69/><U67/><E67/><V110/><F110/><W109/><G109/><T4/><D130/><U107/><E88/><V117/><F117/><W108/><G108/><T79/><REACH who="0" step="1"/><D131/><REACH who="0" ten="220,240,270,250" step="2"/><U129/><E129/><V33/><F33/><W133/><REACH who="3" step="1"/><G133/><REACH who="3" ten="220,240,270,240" step="2"/><T125/><D125/><U118/><E118/><V11/><F103/><W115/><G115/><T53/><D53/><U17/><E54/><V123/><F100/><W15/><G15/><T51/><AGARI ba="2,3" hai="4,10,12,43,45,51,59,62,64,76,78,79,93,95" machi="51" ten="30,8000,1" yaku="1,1,0,1,8,1,53,2" doraHai="101" doraHaiUra="89" who="0" fromWho="0" sc="220,116,240,-22,270,-42,240,-22" /><INIT seed="3,0,0,1,1,34" ten="336,218,228,218" oya="3" hai0="52,85,80,113,49,58,61,20,83,119,42,21,0" hai1="23,123,50,44,77,94,9,74,28,48,25,15,110" hai2="109,73,125,118,39,40,41,108,68,106,43,35,84" hai3="27,105,51,37,69,122,95,91,107,120,134,76,16"/><W102/><G37/><T46/><D119/><U22/><E123/><V127/><F73/><W31/><G69/><T130/><D130/><U93/><E110/><N who="2" m="42603" /><F35/><W97/><G134/><T6/><D113/><U36/><E36/><V133/><F106/><W7/><G76/><T116/><D116/><U70/><E70/><V128/><F118/><W59/><G105/><T57/><D57/><U81/><E23/><V29/><F29/><W88/><G91/><T1/><D80/><U13/><E13/><V103/><F103/><W98/><G7/><T114/><D114/><U132/><E132/><V82/><F133/><W2/><G2/><T38/><D38/><U53/><E50/><V32/><F32/><W92/><G107/><T14/><D14/><U60/><REACH who="1" step="1"/><E60/><REACH who="1" ten="336,208,228,218" step="2"/><V75/><F68/><W131/><G122/><T4/><D21/><U17/><AGARI ba="0,1" hai="9,15,17,22,25,28,44,48,53,74,77,81,93,94" machi="17" ten="20,8000,1" yaku="1,1,2,1,0,1,7,1,53,1" doraHai="34" doraHaiUra="5" who="1" fromWho="1" sc="336,-20,208,90,228,-20,218,-40" /><INIT seed="4,0,0,0,3,17" ten="316,298,208,178" oya="0" hai0="0,126,1,116,35,64,54,106,95,99,128,132,11" hai1="51,28,31,41,47,45,13,85,32,6,102,112,37" hai2="23,104,8,36,3,14,67,65,48,20,61,72,57" hai3="70,63,119,113,59,92,21,44,39,84,86,121,129"/><T2/><D116/><U87/><E32/><V133/><F36/><W83/><G119/><T27/><D128/><U68/><E68/><V118/><F118/><W50/><G129/><T46/><D106/><U38/><E102/><V111/><F111/><W19/><G113/><T12/><D132/><U58/><E112/><V62/><F133/><W91/><G39/><T117/><D117/><U127/><E127/><V96/><F3/><W24/><G70/><T122/><D64/><U79/><E38/><V124/><F72/><W131/><G121/><T105/><D105/><U120/><E120/><V93/><F48/><W89/><G131/><T109/><D122/><U5/><E58/><N who="2" m="37047" /><F104/><W69/><G69/><T55/><D126/><U29/><E79/><V94/><F124/><W33/><G33/><T77/><D77/><U56/><E56/><V100/><F94/><W82/><G92/><T134/><D134/><U74/><E74/><V66/><F66/><W49/><G44/><T103/><D46/><U90/><E87/><V25/><F25/><W101/><G101/><T76/><D76/><U135/><E135/><V22/><F8/><W75/><G75/><T10/><D109/><U26/><E26/><V80/><F14/><W125/><G125/><T98/><D98/><U43/><REACH who="1" step="1"/><E13/><REACH who="1" ten="316,288,208,178" step="2"/><V71/><F71/><W18/><REACH who="3" step="1"/><G19/><REACH who="3" ten="316,288,208,168" step="2"/><T88/><D35/><U73/><E73/><V30/><F30/><W115/><G115/><T123/><D123/><U42/><E42/><V78/><F78/><W53/><AGARI ba="0,2" hai="18,21,24,49,50,53,59,63,82,83,84,86,89,91" machi="53" ten="20,12000,2" yaku="1,1,0,1,7,1,9,1,8,1,52,1,53,0" doraHai="17" doraHaiUra="40" who="3" fromWho="3" sc="316,-60,288,-30,208,-30,168,140" /><INIT seed="5,0,0,1,2,106" ten="256,258,178,308" oya="1" hai0="51,14,86,79,15,127,83,135,120,101,36,26,126" hai1="41,0,97,11,132,78,81,77,9,125,95,5,68" hai2="19,92,72,89,64,67,27,71,102,16,61,70,63" hai3="29,130,112,114,109,44,52,80,96,34,28,76,121"/><U7/><E68/><V56/><F102/><W49/><G109/><T17/><D36/><U119/><E119/><V20/><F72/><W91/><G121/><T93/><D120/><U55/><E125/><N who="0" m="47625" /><D51/><U62/><E132/><V105/><F105/><W13/><G130/><T107/><D107/><U32/><E32/><V111/><F111/><W122/><G122/><T58/><D58/><U73/><E77/><V2/><F2/><W30/><G13/><T124/><D124/><U33/><E33/><V43/><F43/><W40/><G34/><T134/><D26/><U128/><E41/><V25/><F56/><W88/><G40/><T48/><D48/><U50/><E62/><V98/><REACH who="2" step="1"/><F27/><REACH who="2" ten="256,258,168,308" step="2"/><W54/><G44/><T3/><D3/><U18/><E128/><V115/><F115/><W10/><G114/><T8/><D15/><U103/><E0/><V31/><AGARI ba="0,1" hai="16,19,20,25,31,61,63,64,67,70,71,89,92,98" machi="31" ten="20,8000,1" yaku="1,1,0,1,7,1,9,1,54,1,53,0" doraHai="106" doraHaiUra="53" who="2" fromWho="2" sc="256,-20,258,-40,168,90,308,-20" /><INIT seed="6,0,0,1,1,76" ten="236,218,258,288" oya="2" hai0="126,1,57,10,97,58,101,75,35,33,123,32,40" hai1="6,113,24,25,122,73,34,110,60,12,102,66,26" hai2="131,30,95,117,128,62,120,9,108,53,13,41,46" hai3="78,51,70,118,74,107,16,38,80,124,103,29,115"/><V17/><F120/><W87/><G38/><T65/><D123/><U130/><E110/><V94/><F117/><W100/><G70/><T54/><D75/><U77/><E122/><V127/><F108/><W19/><G118/><T92/><D126/><U105/><E113/><V133/><F127/><W2/><G2/><T47/><D65/><U55/><E55/><V14/><F30/><W20/><G124/><T7/><REACH who="0" step="1"/><D54/><REACH who="0" ten="226,218,258,288" step="2"/><U11/><E130/><V37/><F53/><W64/><G64/><T59/><D59/><U99/><E34/><V45/><F128/><W0/><G74/><T22/><D22/><U49/><E73/><V31/><F131/><W85/><G20/><T61/><D61/><U106/><E49/><AGARI ba="0,1" hai="1,7,10,32,33,35,40,47,49,57,58,92,97,101" machi="49" ten="40,1300,0" yaku="1,1,53,0" doraHai="76" doraHaiUra="83" who="0" fromWho="1" sc="226,23,218,-13,258,0,288,0" /><INIT seed="7,0,0,3,4,41" ten="249,205,258,288" oya="3" hai0="114,4,42,77,72,68,120,123,29,2,79,122,78" hai1="117,5,121,73,52,21,1,36,115,130,102,99,24" hai2="6,54,70,63,127,44,100,101,38,95,59,80,106" hai3="113,34,89,91,110,96,18,48,19,60,14,132,10"/><W81/><G34/><T83/><D29/><U33/><E121/><V82/><F106/><W107/><G132/><T103/><D68/><U12/><E130/><V125/><F6/><W32/><G32/><T43/><D43/><U104/><E73/><V76/><F70/><W71/><G107/><T16/><D103/><U37/><E115/><V66/><F95/><W131/><G113/><T97/><D97/><U85/><E85/><V105/><F82/><W128/><G110/><T98/><D98/><U135/><E135/><V67/><F67/><W56/><G71/><T20/><D114/><U13/><E117/><V88/><F88/><W118/><G48/><T109/><D109/><U57/><E33/><V9/><F9/><W22/><G118/><T27/><D4/><U45/><E1/><V61/><F61/><W93/><G81/><T65/><D65/><U86/><E86/><N who="2" m="48391" /><F105/><W55/><REACH who="3" step="1"/><G91/><REACH who="3" ten="249,205,258,278" step="2"/><T111/><D111/><U58/><E37/><V53/><F38/><W46/><G46/><T74/><D83/><U50/><E36/><V94/><F44/><W112/><G112/><T39/><D122/><U119/><E119/><V90/><F90/><W108/><G108/><T47/><D120/><U3/><E3/><V25/><F100/><W129/><G129/><T87/><D123/><U0/><E0/><V8/><F101/><W40/><G40/><T116/><D116/><U124/><E124/><V75/><F125/><W64/><G64/><T30/><D2/><U23/><E5/><V31/><F127/><W126/><G126/><T15/><D74/><U35/><E35/><RYUUKYOKU ba="0,1" sc="249,-10,205,-10,258,-10,278,30" hai3="10,14,18,19,22,55,56,60,89,93,96,128,131" owari="239,-16.0,195,-30.0,248,5.0,318,41.0" /></mjloggm>