<mjloggm ver="2.3"><GO type="169" lobby="0"/><UN n0="%E4%BB%8A%E6%97%A5%E4%B8%80" n1="%E7%A5%9E%E6%9E%B6%E3%82%BF%E3%82%A4%E3%82%BF%E3%83%8B%E3%83%83%E3%82%AF" n2="%4B%45%4E%2D%4F%47%41%53" n3="%E3%83%84%E3%83%B3%E2%98%86%E3%83%89%E3%83%A9%E3%82%AD%E3%83%BC" dan="16,16,16,16" rate="2052.94,2044.76,2133.20,2048.58" sx="F,M,M,F"/><TAIKYOKU oya="0"/><INIT seed="0,0,0,3,3,54" ten="250,250,250,250" oya="0" hai0="134,72,37,4,104,60,18,128,5,103,45,8,47" hai1="110,20,87,96,76,77,0,38,49,70,101,89,118" hai2="90,29,56,97,67,135,15,94,6,115,92,13,112" hai3="25,88,10,114,109,91,95,19,131,130,133,113,71"/><T116/><D116/><U30/><E118/><V22/><F135/><W41/><G71/><T42/><D128/><N who="3" m="49193" /><G41/><T44/><D134/><U124/><E38/><V79/><F79/><W62/><G133/><T3/><D5/><U31/><E0/><V121/><F121/><W85/><G109/><T119/><D119/><U51/><E70/><V35/><F35/><W132/><G132/><T64/><D72/><U98/><E124/><V83/><F83/><W127/><G127/><T74/><D74/><U78/><E110/><V9/><F94/><W26/><G26/><T21/><D103/><U52/><E49/><V86/><F86/><W102/><G102/><T17/><D17/><U81/><E20/><V14/><F115/><W107/><G107/><T48/><D48/><U120/><E120/><V69/><F69/><W105/><G105/><T108/><D104/><U55/><E55/><V36/><F36/><W7/><G62/><T40/><D40/><U73/><E73/><V122/><F112/><W66/><G66/><T58/><REACH who="0" step="1"/><D108/><REACH who="0" ten="240,250,250,250" step="2"/><U11/><E101/><V123/><F123/><W57/><G114/><T117/><D117/><U27/><E30/><V111/><F111/><W16/><G113/><T28/><D28/><U68/><E31/><V75/><F75/><W65/><G19/><T106/><D106/><U2/><E51/><V82/><F122/><W43/><G43/><T12/><AGARI ba="0,1" hai="3,4,8,12,18,21,37,42,44,45,47,58,60,64" machi="12" ten="20,7800,0" yaku="1,1,0,1,7,1,52,1,53,0" doraHai="54" doraHaiUra="46" who="0" fromWho="0" sc="240,88,250,-26,250,-26,250,-26" /><INIT seed="0,1,0,3,5,24" ten="328,224,224,224" oya="0" hai0="73,121,13,50,116,132,96,34,120,70,49,124,107" hai1="2,81,123,54,90,135,42,88,10,36,114,57,66" hai2="89,102,126,28,22,14,32,98,87,131,108,78,27" hai3="38,62,113,45,40,61,85,0,115,11,104,72,21"/><T110/><RYUUKYOKU type="yao9" ba="1,0" sc="328,0,224,0,224,0,224,0" hai0="13,34,49,50,70,73,96,107,110,116,120,121,124,132" /><INIT seed="0,2,0,1,2,20" ten="328,224,224,224" oya="0" hai0="108,103,115,45,126,64,21,19,104,134,82,11,85" hai1="39,77,89,95,44,27,17,97,28,2,63,34,12" hai2="53,98,92,40,51,86,15,129,0,133,31,48,8" hai3="74,124,42,90,13,43,30,76,91,132,59,130,32"/><T112/><D134/><U56/><E2/><V94/><F129/><W57/><G124/><T93/><D104/><U110/><E110/><V79/><F133/><W49/><G30/><T66/><D126/><U46/><E77/><V75/><F0/><W123/><G32/><T106/><D106/><U50/><E39/><V105/><F105/><W113/><G113/><T61/><D108/><U119/><E50/><V26/><F75/><W14/><G49/><T58/><D66/><U135/><E119/><V33/><F40/><W6/><G74/><T117/><D11/><U52/><REACH who="1" step="1"/><E135/><REACH who="1" ten="328,214,224,224" step="2"/><V25/><F33/><W109/><G76/><T22/><D117/><U70/><E70/><V80/><F31/><W54/><G109/><T47/><D115/><U99/><E99/><V102/><F94/><W78/><G78/><T100/><D112/><U81/><E81/><V36/><F51/><W3/><G132/><T24/><D93/><U125/><E125/><V120/><F36/><W65/><G3/><T23/><D47/><U101/><E101/><N who="0" m="38985" /><D45/><U111/><E111/><V18/><F120/><W62/><G123/><T118/><D118/><U37/><E37/><V121/><F121/><W68/><G68/><T69/><D69/><U84/><E84/><V131/><F131/><W10/><G130/><T116/><D116/><U16/><E16/><V72/><F72/><W5/><G5/><T122/><D122/><U9/><AGARI ba="2,1" hai="9,12,17,27,28,34,44,46,52,56,63,89,95,97" machi="9" ten="20,12000,2" yaku="1,1,0,1,7,1,52,1,54,1,53,1" doraHai="20" doraHaiUra="7" who="1" fromWho="1" sc="328,-62,214,136,224,-32,224,-32" /><INIT seed="1,0,0,5,3,116" ten="266,350,192,192" oya="1" hai0="134,81,19,18,42,133,58,82,79,67,71,64,48" hai1="14,35,60,117,98,5,26,43,4,15,107,75,111" hai2="91,128,94,38,28,74,39,113,120,31,50,124,34" hai3="62,16,65,119,22,97,86,90,17,24,95,63,129"/><U0/><E117/><V92/><F74/><W76/><G129/><T110/><D110/><U84/><E75/><V44/><F128/><W130/><G119/><T52/><D42/><U2/><E43/><V101/><F124/><W114/><G114/><T49/><D79/><U131/><E131/><V135/><F135/><N who="0" m="51722" /><D49/><U36/><E36/><V88/><F101/><W21/><G130/><T8/><D71/><U37/><E37/><V66/><F66/><N who="0" m="25130" /><D8/><U55/><E60/><V47/><F50/><W1/><G1/><T118/><D118/><U89/><E55/><V112/><REACH who="2" step="1"/><F34/><REACH who="2" ten="266,350,182,192" step="2"/><W104/><G65/><T54/><D54/><U41/><E35/><V122/><AGARI ba="0,1" hai="28,31,38,39,44,47,88,91,92,94,112,113,120,122" machi="122" ten="25,16000,3" yaku="1,1,2,1,0,1,22,2,52,2,54,1,53,2" doraHai="116" doraHaiUra="87" who="2" fromWho="2" sc="266,-40,350,-80,182,170,192,-40" /><INIT seed="2,0,0,2,0,89" ten="226,270,352,152" oya="2" hai0="6,127,29,99,120,26,44,111,82,36,72,57,37" hai1="60,59,109,32,87,81,18,14,21,28,23,94,67" hai2="130,84,20,35,77,91,7,121,47,52,98,0,3" hai3="96,101,108,8,118,85,64,125,122,5,116,88,107"/><V90/><F130/><W117/><G64/><T80/><D120/><U133/><E109/><V78/><F121/><W16/><G122/><T39/><D111/><U103/><E133/><V62/><F35/><W95/><G125/><T112/><D112/><U113/><E113/><V76/><F3/><W42/><G42/><T83/><D127/><U114/><E114/><V4/><F0/><W102/><G108/><T69/><D69/><U124/><E124/><V48/><F62/><W22/><G102/><T50/><D6/><U100/><E32/><V79/><N who="2" m="19968" /><DORA hai="15" /><V34/><F34/><W105/><G105/><T97/><D57/><U1/><E81/><V25/><F98/><W19/><REACH who="3" step="1"/><G22/><REACH who="3" ten="226,270,352,142" step="2"/><T132/><D132/><U11/><E100/><V131/><F131/><W46/><G46/><T92/><D72/><U74/><E23/><V123/><F123/><W104/><G104/><T12/><D44/><U71/><E103/><V66/><F66/><W129/><G129/><T33/><D33/><U54/><E74/><V68/><F68/><W53/><G53/><T17/><D39/><U110/><E110/><V56/><F47/><W51/><G51/><T45/><D37/><U126/><E126/><V38/><F38/><W119/><N who="3" m="30208" /><DORA hai="30" /><W86/><G86/><T135/><D36/><U27/><E71/><V63/><F48/><W10/><G10/><N who="0" m="6295" /><D135/><U61/><E67/><V58/><F58/><W73/><G73/><T65/><D65/><U70/><E70/><V13/><F84/><W43/><G43/><T134/><D134/><U41/><E87/><V128/><F128/><RYUUKYOKU ba="0,1" sc="226,-10,270,-10,352,-10,142,30" hai3="5,8,16,19,85,88,95,96,101,107" /><INIT seed="3,1,1,2,5,62" ten="216,260,342,172" oya="3" hai0="83,46,1,66,28,24,100,91,63,49,124,56,130" hai1="58,80,73,64,94,116,125,105,9,133,55,101,111" hai2="132,108,32,8,79,97,102,106,85,2,109,92,112" hai3="127,78,126,70,95,59,90,44,27,75,81,31,123"/><W57/><G123/><T54/><D130/><U82/><E105/><V89/><F32/><W23/><G70/><T20/><D124/><N who="3" m="47657" /><G44/><T47/><D1/><U50/><E125/><V120/><F132/><W51/><G51/><T99/><D83/><U38/><E38/><V41/><F120/><W117/><G117/><T15/><D15/><U110/><E133/><V35/><F112/><W131/><G131/><T6/><D6/><U74/><E9/><V61/><F35/><W5/><G5/><T21/><D21/><U119/><E80/><V16/><F2/><W107/><G107/><T22/><D22/><U0/><E0/><V14/><F41/><W129/><G129/><T113/><D113/><U88/><E101/><V72/><F61/><W68/><G68/><T96/><D91/><U26/><E82/><AGARI ba="1,1" hai="8,14,16,72,79,82,85,89,92,97,102,106,108,109" machi="82" ten="40,5200,0" yaku="24,2,54,1" doraHai="62" who="2" fromWho="1" sc="216,0,260,-55,342,65,172,0" /><INIT seed="4,0,0,5,1,113" ten="216,205,407,172" oya="0" hai0="11,23,26,45,0,102,43,10,91,115,65,47,19" hai1="9,36,92,128,73,61,82,58,29,41,52,34,3" hai2="28,32,51,103,6,118,12,126,13,97,60,106,77" hai3="17,79,100,86,114,56,76,132,130,81,116,30,20"/><T63/><D115/><U112/><E112/><V87/><F126/><W122/><G132/><T99/><D91/><U44/><E128/><V24/><F51/><W2/><G2/><T7/><D11/><U16/><E92/><V54/><F54/><W15/><G130/><T111/><D111/><U18/><E29/><V129/><F129/><W121/><G114/><T107/><REACH who="0" step="1"/><D43/><REACH who="0" ten="206,205,407,172" step="2"/><U38/><E36/><V4/><F4/><W134/><G134/><T117/><D117/><U94/><E38/><V14/><F6/><W5/><G116/><T48/><D48/><U125/><E9/><V75/><F118/><W72/><G5/><T110/><D110/><U96/><E41/><V33/><F60/><W95/><G122/><T85/><D85/><U90/><E61/><V31/><F87/><W53/><G121/><T71/><AGARI ba="0,1" hai="0,7,10,19,23,26,45,47,63,65,71,99,102,107" machi="71" ten="20,3900,0" yaku="1,1,0,1,7,1,53,0" doraHai="113" doraHaiUra="104" who="0" fromWho="0" sc="206,49,205,-13,407,-13,172,-13" /><INIT seed="4,1,0,4,4,126" ten="255,192,394,159" oya="0" hai0="65,79,48,38,25,92,130,133,30,94,13,39,116" hai1="121,19,82,10,18,89,11,74,12,44,70,34,77" hai2="6,21,100,60,67,9,88,108,7,120,80,1,45" hai3="57,106,105,110,122,29,33,128,129,107,5,135,8"/><T99/><D116/><U72/><E121/><V58/><F108/><W113/><G113/><T2/><D2/><U68/><E72/><V43/><F120/><W71/><G135/><T31/><D65/><U15/><E34/><V17/><F100/><W54/><G71/><T97/><D13/><U83/><E44/><V81/><F7/><W78/><G78/><T75/><D48/><U53/><E53/><V14/><F88/><W42/><G42/><T134/><D25/><U98/><REACH who="1" step="1"/><E98/><REACH who="1" ten="255,182,394,159" step="2"/><V95/><F95/><W111/><G122/><T50/><D75/><U59/><E59/><V62/><F60/><W3/><G33/><T132/><D132/><U22/><E22/><V49/><AGARI ba="1,1" hai="1,6,9,14,17,21,43,45,49,58,62,67,80,81" machi="49" ten="20,1500,0" yaku="0,1,7,1" doraHai="126" who="2" fromWho="2" sc="255,-8,182,-5,394,28,159,-5" /><INIT seed="5,0,0,5,3,105" ten="247,177,422,154" oya="1" hai0="128,120,7,67,39,19,37,49,122,25,125,38,127" hai1="69,60,62,14,11,6,75,34,42,53,82,51,135" hai2="114,41,110,0,132,33,111,107,8,102,96,133,76" hai3="30,18,64,65,71,90,52,109,32,48,108,86,97"/><U130/><E130/><V95/><F33/><W115/><G115/><T15/><D128/><U58/><E135/><V118/><F118/><W26/><G97/><T12/><D67/><U79/><E34/><V44/><F95/><W91/><G91/><T27/><D49/><U72/><E69/><V126/><F126/><N who="0" m="48138" /><D7/><U87/><REACH who="1" step="1"/><E60/><REACH who="1" ten="247,167,422,154" step="2"/><V20/><F133/><W101/><G71/><T117/><D117/><U106/><E106/><V92/><F107/><W1/><G109/><T46/><D120/><U54/><E54/><V131/><F111/><W50/><G108/><T112/><D122/><U2/><E2/><V21/><F8/><W36/><G1/><T98/><D112/><U13/><E13/><V59/><F0/><W100/><G65/><T121/><D121/><U45/><AGARI ba="0,1" hai="6,11,14,42,45,51,53,58,62,72,75,79,82,87" machi="45" ten="30,18000,2" yaku="1,1,0,1,25,2,52,2,53,1" doraHai="105" doraHaiUra="57" who="1" fromWho="1" sc="247,-60,167,190,422,-60,154,-60" /><INIT seed="5,1,0,0,3,108" ten="187,357,362,94" oya="1" hai0="117,120,90,34,96,30,8,88,7,10,11,39,61" hai1="24,42,9,75,76,15,23,58,98,66,40,81,54" hai2="85,135,115,36,83,92,33,82,64,18,48,25,69" hai3="41,113,97,77,62,84,121,122,118,71,20,86,116"/><U70/><E98/><V67/><F36/><W53/><G20/><T72/><D117/><N who="3" m="45161" /><G41/><T28/><D72/><U79/><E79/><V50/><F135/><W74/><G53/><T101/><D39/><U102/><E102/><V124/><F124/><W94/><G62/><T22/><D7/><U55/><E70/><V107/><F18/><W119/><G71/><T126/><D126/><U12/><E66/><V51/><F25/><W78/><G119/><T49/><D61/><U0/><E0/><V16/><F16/><W37/><G37/><T47/><D120/><N who="3" m="46185" /><G113/><T125/><D34/><U128/><E54/><V29/><F29/><W100/><G74/><T63/><D125/><U105/><E23/><V106/><F33/><W93/><G84/><T60/><D60/><U43/><E24/><V80/><F115/><W73/><G73/><T3/><D63/><U103/><E55/><V104/><F69/><W68/><G68/><T123/><D3/><U91/><E43/><V1/><F1/><W132/><G132/><T89/><D123/><U21/><E42/><V109/><F109/><W110/><G110/><T52/><REACH who="0" step="1"/><D22/><REACH who="0" ten="177,357,362,94" step="2"/><U14/><E21/><V45/><F45/><W6/><G6/><T112/><D112/><U114/><E114/><V44/><F44/><W57/><G57/><T131/><D131/><U2/><E2/><V46/><F46/><W13/><G13/><T87/><D87/><U59/><E14/><V56/><F56/><W127/><G127/><T129/><D129/><U5/><E128/><V134/><F134/><W133/><G133/><T95/><AGARI ba="1,1" hai="8,10,11,28,30,47,49,52,88,89,90,95,96,101" machi="95" ten="30,16000,3" yaku="1,1,5,1,0,1,8,1,54,2,53,2" doraHai="108" doraHaiUra="26" who="0" fromWho="0" sc="177,173,357,-81,362,-41,94,-41" /><INIT seed="6,0,0,2,1,76" ten="350,276,321,53" oya="2" hai0="117,85,57,43,47,123,118,54,96,135,16,8,79" hai1="44,53,59,34,26,49,42,40,133,113,41,112,106" hai2="11,84,66,29,98,19,104,1,36,93,46,80,62" hai3="74,2,81,18,119,134,50,64,4,75,14,24,37"/><V78/><F104/><W71/><G134/><T110/><D110/><U114/><E106/><V125/><F125/><W111/><G111/><T130/><D123/><U0/><E0/><V94/><F29/><W82/><G119/><N who="0" m="45579" /><D135/><U65/><E133/><V56/><F98/><W39/><G2/><T3/><D130/><U109/><E26/><V131/><F131/><W9/><G71/><T89/><D3/><U12/><E12/><V73/><F73/><W25/><G64/><T31/><D31/><U6/><E6/><V77/><F77/><W55/><G37/><T30/><D30/><U22/><E22/><V132/><F132/><W33/><G39/><T121/><D79/><U51/><E34/><V92/><F19/><W97/><G74/><T126/><D96/><U28/><E28/><V48/><F36/><W32/><G75/><T100/><D100/><U102/><E102/><V103/><F103/><W88/><G33/><T61/><D121/><U63/><E109/><V129/><F129/><W122/><G122/><T35/><D35/><U128/><E128/><V68/><F68/><AGARI ba="0,0" hai="40,41,42,44,49,51,53,59,63,65,68,112,113,114" machi="68" ten="40,8000,1" yaku="15,1,34,3" doraHai="76" who="1" fromWho="2" sc="350,0,276,80,321,-80,53,0" /><INIT seed="7,0,0,4,3,60" ten="350,356,241,53" oya="3" hai0="39,9,79,13,55,68,133,75,65,4,102,123,0" hai1="20,134,35,111,25,90,83,120,112,1,128,32,41" hai2="17,24,33,47,34,105,26,73,50,36,119,63,38" hai3="93,81,56,135,54,12,57,87,40,89,113,71,92"/><W77/><G113/><T66/><D123/><U74/><E120/><V70/><F119/><W103/><G135/><T76/><D102/><U19/><E111/><V31/><F17/><W45/><G71/><T95/><D95/><U44/><E1/><V3/><F3/><W8/><G103/><T116/><D116/><U48/><E112/><V52/><F73/><W132/><G132/><T104/><D104/><U14/><E128/><V117/><F117/><W125/><G125/><T86/><D133/><U59/><E134/><V51/><F51/><W7/><G54/><T98/><D98/><U109/><E109/><V21/><F21/><W18/><G18/><T16/><D68/><U106/><E106/><V118/><F118/><W107/><G107/><T114/><D86/><U91/><E59/><V2/><F2/><W110/><G110/><T84/><D84/><U15/><E35/><V27/><F27/><W29/><G29/><T78/><D75/><U100/><E100/><V101/><F26/><W88/><G89/><N who="1" m="33802" /><E32/><V30/><F30/><W69/><G69/><T46/><D114/><U94/><E94/><N who="3" m="36458" /><G77/><T131/><D131/><U5/><E5/><V42/><F34/><W127/><G127/><T62/><D39/><U23/><E20/><V126/><F126/><W124/><G124/><T130/><D130/><U129/><E129/><V108/><F108/><W122/><G122/><T96/><D96/><U61/><E61/><V22/><F33/><W6/><G6/><T28/><D28/><U85/><E74/><V97/><F70/><W53/><G53/><T64/><D55/><RYUUKYOKU ba="0,0" sc="350,-30,356,10,241,10,53,10" hai1="14,15,19,23,25,41,44,48,83,85" hai2="22,24,31,36,38,42,47,50,52,63,97,101,105" hai3="7,8,12,40,45,56,57,81,87,88" /><INIT seed="7,1,0,5,4,26" ten="320,366,251,63" oya="3" hai0="74,81,21,23,78,115,99,59,111,67,117,3,120" hai1="64,83,110,61,114,80,42,35,119,91,125,44,15" hai2="104,58,52,9,19,54,11,122,97,127,79,34,84" hai3="63,77,53,87,108,24,109,1,10,41,112,128,49"/><W92/><G112/><T22/><D111/><N who="3" m="42569" /><G128/><T14/><D117/><U57/><E110/><V28/><F127/><W31/><G63/><T30/><D3/><U2/><E2/><V116/><F122/><W98/><G41/><T129/><D129/><U95/><E114/><V76/><F116/><W75/><G75/><T101/><D120/><U90/><E125/><V55/><F58/><N who="3" m="33071" /><G77/><T72/><D72/><U43/><E43/><V106/><F19/><W85/><G10/><T48/><D115/><U65/><E65/><V130/><F130/><W126/><G1/><T102/><D14/><U33/><E15/><V5/><F11/><W132/><G132/><T105/><D102/><U131/><E119/><V73/><F73/><W56/><G56/><T118/><D118/><U82/><E91/><V20/><F34/><N who="3" m="20839" /><G126/><T94/><D48/><U17/><E131/><V32/><F32/><W8/><G8/><T13/><D13/><U7/><E7/><V51/><F51/><W93/><G93/><T70/><D105/><U18/><E35/><V16/><F5/><W69/><G69/><T29/><REACH who="0" step="1"/><D70/><REACH who="0" ten="310,366,251,63" step="2"/><U66/><E61/><AGARI ba="1,1" hai="21,22,23,29,30,59,61,67,74,78,81,94,99,101" machi="61" ten="40,8000,1" yaku="1,1,2,1,52,2,53,0" doraHai="26" doraHaiUra="133" who="0" fromWho="1" sc="310,93,366,-83,251,0,63,0" owari="403,51.0,283,8.0,251,-15.0,63,-44.0" /></mjloggm>