<mjloggm ver="2.3"><GO type="169" lobby="0"/><UN n0="%E3%82%82%E3%83%BC%E3%82%8A%E3%83%BC" n1="%53%2E%44%61%6E%63%65%72" n2="%E3%82%B7%E3%83%A3%E3%82%AD%E3%82%AA%E3%83%8B" n3="%E8%A6%B3%E3%82%8B%E5%B0%86" dan="16,18,16,16" rate="2171.95,2282.40,2175.96,2072.35" sx="M,M,M,M"/><TAIKYOKU oya="0"/><INIT seed="0,0,0,4,3,84" ten="250,250,250,250" oya="0" hai0="99,6,0,52,38,42,48,53,2,28,45,102,65" hai1="41,71,31,101,9,21,37,79,131,11,116,54,111" hai2="106,121,17,4,58,100,43,69,50,5,66,35,112" hai3="72,114,29,122,90,134,63,27,22,88,40,87,74"/><T26/><D6/><U108/><E116/><V75/><F75/><W68/><G114/><T82/><D82/><U32/><E32/><V91/><F121/><W64/><G122/><T15/><D15/><U133/><E71/><V33/><F106/><W67/><G134/><T23/><D65/><U55/><E133/><V7/><F100/><W19/><G67/><T56/><REACH who="0" step="1"/><D53/><REACH who="0" ten="240,250,250,250" step="2"/><U13/><E54/><V70/><F66/><W1/><G1/><T30/><D30/><U49/><E55/><V126/><F5/><W113/><G113/><T86/><D86/><U92/><E13/><V117/><F112/><W57/><G68/><T107/><AGARI ba="0,1" hai="0,2,23,26,28,38,42,45,48,52,56,99,102,107" machi="107" ten="20,7800,0" yaku="1,1,0,1,7,1,54,1,53,0" doraHai="84" doraHaiUra="135" who="0" fromWho="0" sc="240,88,250,-26,250,-26,250,-26" /><INIT seed="0,1,0,4,4,98" ten="328,224,224,224" oya="0" hai0="67,65,68,39,70,89,131,40,50,47,49,135,88" hai1="121,57,79,6,8,71,9,53,118,35,25,63,73" hai2="119,27,10,43,130,38,64,1,82,90,110,45,86" hai3="115,83,100,133,97,58,101,36,15,91,3,54,44"/><T102/><D131/><U120/><E118/><V81/><F130/><W48/><G3/><T16/><D135/><U28/><E8/><V99/><F110/><W134/><G115/><T106/><D106/><U22/><E71/><V78/><F64/><W59/><G15/><T128/><D128/><U126/><E126/><V21/><F119/><W116/><G116/><T111/><D39/><U125/><E125/><V74/><F99/><W127/><G127/><T80/><D111/><U12/><E73/><V69/><F69/><W7/><G7/><T62/><D102/><N who="3" m="39529" /><G36/><T93/><D80/><U117/><E79/><V109/><F109/><W33/><G33/><T122/><D50/><U84/><E117/><V41/><F41/><W23/><G23/><T61/><D122/><U76/><E22/><V18/><F10/><W24/><G24/><T34/><D34/><U51/><E51/><V19/><F1/><W42/><G42/><T103/><D16/><AGARI ba="1,0" hai="16,18,19,21,27,38,43,45,74,78,81,82,86,90" machi="16" ten="30,2000,0" yaku="7,1,54,1" doraHai="98" who="2" fromWho="0" sc="328,-23,224,0,224,23,224,0" /><INIT seed="1,0,0,2,5,95" ten="305,224,247,224" oya="1" hai0="30,36,114,5,15,76,56,96,70,37,63,55,100" hai1="75,2,61,24,123,106,104,9,32,102,48,29,81" hai2="27,40,113,116,82,47,125,133,44,65,88,4,130" hai3="60,3,71,91,115,111,87,19,122,50,41,109,59"/><U1/><E123/><V92/><F116/><W127/><G122/><T80/><D70/><U10/><E48/><V105/><F105/><W0/><G115/><T38/><D114/><U17/><E61/><V107/><F107/><W8/><G127/><T103/><D30/><U94/><E94/><V78/><F113/><W108/><G71/><T67/><D55/><U21/><E10/><V74/><F125/><W98/><G19/><T28/><D28/><U49/><E49/><V14/><F133/><W51/><G8/><T45/><D15/><U46/><E46/><V66/><F130/><W126/><G126/><T119/><D5/><U6/><E102/><V33/><F47/><N who="3" m="25967" /><G51/><T129/><D129/><U39/><E39/><V69/><F69/><W118/><G118/><T90/><D119/><U12/><REACH who="1" step="1"/><E2/><REACH who="1" ten="305,214,247,224" step="2"/><V101/><F101/><W89/><G0/><T64/><D45/><U53/><E53/><V7/><F44/><W42/><G3/><T31/><D64/><U57/><E57/><V26/><F66/><W131/><G131/><T22/><D37/><U85/><E85/><V79/><F65/><N who="3" m="39071" /><G42/><T18/><D38/><U54/><E54/><V35/><F40/><W23/><G87/><N who="0" m="48519" /><D36/><U132/><E132/><V84/><F84/><W20/><G91/><T121/><D121/><U117/><E117/><V124/><F88/><W112/><G112/><T62/><D62/><U68/><E68/><V34/><F92/><AGARI ba="0,1" hai="20,23,89,92,98,108,109,111" m="39071,25967" machi="92" ten="30,2000,0" yaku="14,1,52,1" doraHai="95" who="3" fromWho="2" sc="305,0,214,0,247,-20,224,30" /><INIT seed="2,0,0,4,5,135" ten="305,214,227,254" oya="2" hai0="30,109,16,132,128,85,134,36,94,73,123,58,72" hai1="59,15,90,115,64,84,75,78,112,124,62,68,48" hai2="127,47,130,88,11,95,38,101,102,119,20,7,1" hai3="103,70,46,82,56,6,13,133,105,122,32,9,10"/><V40/><F130/><W125/><G70/><T96/><D36/><U92/><E75/><V104/><F119/><W86/><G32/><T25/><D123/><U81/><E15/><V131/><F131/><W77/><G133/><N who="0" m="51307" /><D128/><U54/><REACH who="1" step="1"/><E124/><REACH who="1" ten="305,204,227,254" step="2"/><V80/><F127/><W89/><G125/><T107/><D73/><U26/><E26/><V51/><F104/><W23/><G13/><T91/><D72/><U17/><E17/><V106/><F106/><W27/><G27/><T34/><D109/><U63/><E63/><V24/><F80/><W2/><G2/><T114/><D114/><U66/><E66/><V98/><REACH who="2" step="1"/><F38/><REACH who="2" ten="305,204,217,254" step="2"/><W49/><G82/><T97/><D107/><U35/><E35/><V52/><F52/><W113/><G105/><T21/><D58/><U99/><AGARI ba="0,2" hai="48,54,59,62,64,68,78,81,84,90,92,99,112,115" machi="99" ten="20,2700,0" yaku="1,1,0,1,7,1,53,0" doraHai="135" doraHaiUra="69" who="1" fromWho="1" sc="305,-7,204,47,217,-13,254,-7" /><INIT seed="3,0,0,0,5,17" ten="298,251,204,247" oya="3" hai0="44,60,25,51,50,39,65,20,80,46,133,109,52" hai1="102,21,119,0,7,76,28,124,96,98,72,112,5" hai2="74,1,107,38,3,123,105,66,48,99,49,45,31" hai3="122,18,71,77,22,135,12,110,127,9,88,67,91"/><W33/><G122/><T59/><D109/><U35/><E112/><V13/><F74/><W90/><G33/><T131/><D131/><U27/><E124/><V121/><F38/><W84/><G127/><T92/><D133/><U68/><E119/><V63/><F31/><W61/><G135/><T113/><D113/><U43/><E43/><V125/><F13/><W55/><G110/><T36/><D80/><U19/><E68/><V29/><F29/><W42/><G42/><T87/><D87/><U120/><E120/><N who="2" m="46155" /><F49/><W23/><REACH who="3" step="1"/><G55/><REACH who="3" ten="298,251,204,237" step="2"/><T10/><D10/><U69/><E35/><V85/><F125/><W26/><G26/><T2/><D2/><U70/><E27/><V11/><F3/><W57/><G57/><T34/><D34/><U15/><E70/><N who="2" m="42335" /><F11/><W115/><G115/><T130/><D130/><U134/><E69/><V64/><F1/><W128/><G128/><T14/><D14/><U82/><E134/><V89/><F64/><W79/><G79/><T116/><D116/><U37/><E76/><V95/><F99/><W78/><G78/><T83/><D65/><U62/><E96/><V41/><AGARI ba="0,1" hai="41,45,48,85,89,95,105,107" m="42335,46155" machi="41" ten="30,1100,0" yaku="13,1" doraHai="17" who="2" fromWho="2" sc="298,-3,251,-3,204,21,237,-5" /><INIT seed="4,0,0,1,5,64" ten="295,248,225,232" oya="0" hai0="19,128,53,59,78,12,122,28,9,26,33,134,93" hai1="125,45,14,83,111,80,119,36,85,91,124,35,87" hai2="101,38,66,54,56,42,5,104,34,92,126,89,7" hai3="130,109,21,79,108,0,127,90,81,4,23,110,131"/><T41/><D122/><U47/><E35/><V17/><F34/><W20/><G90/><T58/><D128/><N who="3" m="49193" /><G81/><T107/><D107/><U135/><E111/><V132/><F101/><W25/><G79/><T121/><D121/><U1/><E1/><V63/><F104/><W13/><G0/><T48/><D134/><U50/><E119/><V114/><F132/><W95/><G95/><T3/><D41/><U68/><E135/><V24/><F126/><N who="1" m="48745" /><E36/><V18/><F18/><N who="3" m="12535" /><G127/><T115/><D115/><U8/><E50/><V52/><F114/><W86/><G86/><T10/><D78/><N who="1" m="46231" /><E68/><V96/><F42/><W55/><G55/><N who="2" m="21033" /><F38/><W82/><G82/><T103/><D58/><U99/><E99/><V74/><F74/><W27/><G27/><T116/><D116/><U22/><E22/><AGARI ba="0,0" hai="5,7,17,22,24,56,63,66,89,92,96" m="21033" machi="22" ten="30,2000,0" yaku="8,1,54,1" doraHai="64" who="2" fromWho="1" sc="295,0,248,-20,225,20,232,0" /><INIT seed="5,0,0,3,4,75" ten="295,228,245,232" oya="1" hai0="17,103,92,47,34,108,77,3,81,133,16,102,43" hai1="118,46,49,112,33,31,119,101,13,91,4,15,52" hai2="113,98,117,38,130,1,71,28,93,20,96,88,62" hai3="126,131,65,67,50,58,9,57,68,123,48,105,111"/><U7/><E112/><V99/><F117/><W100/><G105/><T80/><D108/><U37/><E101/><V2/><F38/><W129/><G100/><T97/><D34/><U134/><E134/><V70/><F113/><W12/><G12/><T76/><D3/><U61/><E37/><V45/><F45/><W35/><G9/><T135/><D103/><U40/><E33/><V8/><F130/><N who="3" m="49675" /><G35/><T125/><D125/><U104/><E104/><V51/><F51/><N who="3" m="19499" /><G111/><T116/><D116/><U54/><E31/><V120/><F120/><W11/><G11/><T127/><D127/><U24/><E24/><V89/><F8/><W66/><G126/><T85/><D43/><U32/><E32/><V55/><F2/><W53/><G123/><T107/><D47/><U21/><E119/><V122/><F1/><W124/><G124/><T23/><D107/><U44/><E44/><V60/><F122/><W63/><G58/><T64/><D64/><U41/><E118/><V6/><F6/><N who="1" m="2089" /><E91/><V0/><F0/><W26/><G26/><T114/><D114/><U73/><E73/><V86/><F71/><AGARI ba="0,0" hai="53,57,63,65,66,67,68,71" m="19499,49675" machi="71" ten="40,5200,0" yaku="19,1,34,2" doraHai="75" who="3" fromWho="2" sc="295,0,228,0,245,-52,232,52" /><INIT seed="6,0,0,0,5,129" ten="295,228,193,284" oya="2" hai0="57,115,55,29,33,8,58,61,88,50,3,10,44" hai1="85,36,127,110,113,18,82,51,121,65,76,48,30" hai2="23,32,12,21,103,28,128,89,25,104,83,122,134" hai3="124,49,101,84,90,62,81,22,11,42,100,24,99"/><V7/><F122/><W26/><G124/><T97/><D115/><U47/><E110/><V68/><F68/><W135/><G135/><T107/><D3/><U56/><E36/><V92/><F128/><W31/><G24/><T87/><D33/><U66/><E30/><V60/><F60/><W52/><G99/><T109/><D29/><U63/><E113/><V4/><F104/><W72/><G72/><T9/><D109/><U53/><E127/><V106/><F106/><W16/><G42/><T46/><D97/><U64/><E121/><V5/><F134/><W86/><G86/><T1/><D1/><U59/><REACH who="1" step="1"/><E18/><REACH who="1" ten="295,218,193,284" step="2"/><N who="2" m="10439" /><F32/><W130/><G130/><T120/><D120/><U54/><AGARI ba="0,1" hai="47,48,51,53,54,56,59,63,64,65,66,76,82,85" machi="54" ten="20,5200,0" yaku="1,1,0,1,7,1,8,1,53,0" doraHai="129" doraHaiUra="112" who="1" fromWho="1" sc="295,-13,218,62,193,-26,284,-13" /><INIT seed="7,0,0,1,1,4" ten="282,280,167,271" oya="3" hai0="74,16,81,122,3,102,57,12,113,54,80,34,78" hai1="38,131,24,79,107,44,90,72,35,76,109,43,118" hai2="85,29,75,123,128,69,89,1,120,17,93,25,9" hai3="39,103,132,50,71,40,125,52,104,73,96,58,13"/><W134/><G73/><T2/><D122/><N who="2" m="46634" /><F69/><W14/><G125/><T18/><D102/><U53/><E109/><V62/><F75/><W59/><G71/><T7/><D7/><U124/><E107/><V63/><F128/><W51/><G39/><T83/><D34/><U88/><E131/><V117/><F117/><W126/><G126/><T60/><D18/><U121/><E124/><V30/><F30/><W87/><G87/><T67/><D113/><U116/><E53/><V45/><F45/><N who="3" m="25895" /><G59/><T22/><REACH who="0" step="1"/><D67/><REACH who="0" ten="272,280,167,271" step="2"/><U97/><E121/><V135/><F135/><AGARI ba="0,1" hai="13,14,51,52,58,96,103,104,132,134,135" m="25895" machi="135" ten="30,2900,0" yaku="20,1,54,1" doraHai="4" who="3" fromWho="2" sc="272,0,280,0,167,-29,271,39" owari="272,-13.0,280,8.0,138,-36.0,310,41.0" /></mjloggm>