<mjloggm ver="2.3"><GO type="169" lobby="0"/><UN n0="%E6%B0%B4%E6%B5%B7%E6%99%BA%E5%85%89" n1="%4B%69%7A%75%6E%65%72" n2="%E3%82%B7%E3%83%B3%E3%83%95%E3%82%A9%E3%83%8B%E3%82%A2" n3="%E8%A5%BF%E5%B2%A1%E8%82%B2%E6%9C%AA%E2%99%AA" dan="16,17,18,16" rate="2073.51,2156.37,2244.39,2119.83" sx="M,F,M,F"/><TAIKYOKU oya="0"/><INIT seed="0,0,0,1,5,16" ten="250,250,250,250" oya="0" hai0="119,130,0,8,93,61,25,18,39,31,57,10,58" hai1="118,86,124,90,46,72,92,126,115,33,24,35,69" hai2="87,132,89,9,73,47,34,82,20,36,49,80,15" hai3="103,95,4,74,21,27,44,77,14,40,112,13,108"/><T63/><D119/><U29/><E118/><V41/><F132/><W122/><G112/><T78/><D39/><U17/><E72/><V32/><F36/><W83/><G108/><T71/><D71/><U85/><E69/><V94/><F32/><W91/><G103/><T26/><D130/><U53/><E115/><V22/><F34/><W70/><G4/><T127/><D127/><N who="1" m="48683" /><E35/><V23/><REACH who="2" step="1"/><F73/><REACH who="2" ten="250,250,240,250" step="2"/><W125/><G125/><T37/><D37/><U43/><E33/><V98/><F98/><W111/><G111/><T128/><D128/><U133/><E133/><V1/><F1/><W28/><G122/><T7/><D0/><U68/><E85/><V12/><F12/><W97/><G70/><T54/><D26/><U3/><E24/><V104/><F104/><W114/><G114/><T51/><D25/><U5/><E86/><V2/><F2/><W48/><AGARI ba="0,1" hai="13,14,21,27,28,40,44,48,74,77,83,91,95,97" machi="48" ten="20,2700,0" yaku="0,1,7,1,52,1" doraHai="16" who="3" fromWho="3" sc="250,-13,250,-7,240,-7,250,37" /><INIT seed="1,0,0,5,5,114" ten="237,243,233,287" oya="1" hai0="45,48,72,32,125,42,75,95,111,13,89,24,6" hai1="19,54,116,78,58,110,26,27,53,11,51,34,50" hai2="131,101,68,44,133,77,108,60,23,25,124,57,79" hai3="63,104,0,17,70,69,49,121,35,22,55,73,67"/><U97/><E116/><V102/><F108/><W135/><G121/><T71/><D125/><U105/><E110/><V52/><F131/><W94/><G104/><T74/><D111/><U129/><E129/><V86/><F133/><W28/><G0/><T91/><D71/><U10/><E78/><V64/><F124/><W8/><G73/><T33/><D24/><U82/><E34/><V115/><F115/><W59/><G135/><T126/><D126/><U46/><E82/><V43/><F79/><W41/><G8/><T31/><D31/><U4/><E19/><V14/><F14/><W47/><G94/><T40/><D40/><U93/><E105/><V109/><F86/><W122/><G122/><T92/><D6/><U80/><E80/><V36/><F77/><W118/><G118/><T119/><D119/><U120/><E120/><V90/><F90/><W128/><G128/><T62/><D62/><U103/><REACH who="1" step="1"/><E10/><REACH who="1" ten="237,233,233,287" step="2"/><V99/><F109/><W21/><G35/><T37/><D33/><U15/><AGARI ba="0,1" hai="4,11,15,26,27,46,50,51,53,54,58,93,97,103" machi="15" ten="20,18000,2" yaku="1,1,2,1,0,1,7,1,8,1,53,1" doraHai="114" doraHaiUra="88" who="1" fromWho="1" sc="237,-60,233,190,233,-60,287,-60" /><INIT seed="1,1,0,4,5,18" ten="177,423,173,227" oya="1" hai0="89,19,128,96,42,107,58,20,93,92,121,63,52" hai1="99,13,118,115,53,83,111,132,134,125,70,90,6" hai2="68,133,78,41,67,55,102,0,130,117,15,123,81" hai3="104,3,27,25,33,54,46,39,23,10,106,80,49"/><U94/><E115/><V31/><F0/><W82/><G39/><T105/><D128/><U30/><E118/><V65/><F117/><W73/><G73/><T86/><D121/><U7/><E125/><V71/><F102/><W101/><G33/><T84/><D42/><U113/><E113/><V66/><F123/><W29/><G104/><T60/><D63/><U26/><E70/><V32/><F130/><W91/><G101/><T79/><D86/><U122/><E122/><V69/><F133/><N who="1" m="51305" /><E111/><V119/><F119/><W45/><G106/><T50/><D60/><U116/><E116/><V56/><F41/><W59/><G25/><T109/><D109/><U87/><E13/><V40/><F40/><W74/><G74/><T8/><D8/><U98/><E53/><V36/><F36/><W22/><G10/><T108/><D108/><U11/><E11/><V35/><F15/><W14/><G3/><T43/><D43/><U88/><E99/><V17/><F17/><N who="3" m="10551" /><G91/><T129/><D129/><U57/><E57/><V12/><F12/><W114/><G114/><T127/><D127/><U131/><E131/><V120/><F31/><W37/><G37/><T47/><D47/><AGARI ba="1,0" hai="23,27,29,45,46,47,49,54,59,80,82" m="10551" machi="47" ten="30,3900,0" yaku="8,1,52,2" doraHai="18" who="3" fromWho="0" sc="177,-42,423,0,173,0,227,42" /><INIT seed="2,0,0,3,0,53" ten="135,423,173,269" oya="2" hai0="132,9,5,96,105,68,52,123,56,76,32,128,15" hai1="20,35,78,106,11,43,51,22,126,72,61,55,42" hai2="25,95,79,86,28,46,110,89,94,54,84,59,40" hai3="91,100,122,77,134,99,80,109,112,70,26,12,49"/><V30/><F110/><W103/><G70/><T23/><D123/><U104/><E126/><V120/><F120/><W130/><G122/><T90/><D68/><U48/><E35/><V17/><F17/><W1/><G1/><T34/><D128/><U88/><E72/><V27/><F46/><W13/><G134/><T60/><D132/><U29/><E78/><V71/><F40/><W125/><G125/><T57/><D76/><U115/><E115/><V69/><F79/><W50/><G109/><T98/><D23/><U117/><E117/><V44/><F44/><W93/><G26/><N who="2" m="9737" /><F71/><W8/><G12/><T107/><D107/><U65/><E29/><N who="2" m="11371" /><F69/><W47/><G50/><T97/><D105/><U87/><E106/><V114/><F114/><W82/><G130/><T19/><D19/><U118/><E104/><V14/><F14/><W101/><G112/><T6/><D6/><U133/><E118/><V127/><F127/><W113/><G113/><T16/><D5/><U2/><E133/><V75/><F75/><W73/><G73/><T18/><D18/><U66/><E42/><V62/><F86/><W131/><G131/><T135/><D135/><U124/><E43/><V119/><F119/><W64/><G77/><T4/><D4/><U31/><E87/><V121/><F121/><W24/><G24/><T83/><REACH who="0" step="1"/><D56/><REACH who="0" ten="125,423,173,269" step="2"/><N who="1" m="34975" /><E124/><V74/><F74/><W3/><G13/><T81/><D81/><AGARI ba="0,1" hai="54,59,62,81,84,89,94,95" m="11371,9737" machi="81" ten="30,2900,0" yaku="8,1,52,1" doraHai="53" who="2" fromWho="0" sc="125,-29,423,0,173,39,269,0" /><INIT seed="2,1,0,2,2,111" ten="96,423,212,269" oya="2" hai0="49,108,75,83,40,4,96,82,81,128,94,110,10" hai1="7,36,100,13,73,5,56,93,27,45,52,92,54" hai2="113,91,1,129,125,53,95,127,24,86,39,38,68" hai3="77,99,44,0,106,103,33,60,11,114,23,85,97"/><V76/><F1/><W132/><G33/><T46/><D128/><U102/><E73/><V117/><F117/><W18/><G132/><T115/><D115/><U57/><E36/><V80/><F129/><W107/><G11/><T35/><D35/><U19/><E27/><V104/><F68/><W59/><G0/><T131/><D131/><U134/><E45/><V55/><F24/><W130/><G130/><T71/><D71/><U16/><REACH who="1" step="1"/><E13/><REACH who="1" ten="96,413,212,269" step="2"/><V84/><F38/><W78/><G44/><T112/><D75/><U32/><E32/><V116/><F39/><W69/><G69/><T90/><REACH who="0" step="1"/><D112/><REACH who="0" ten="86,413,212,269" step="2"/><U58/><E58/><V15/><F113/><W87/><G114/><T47/><D47/><U74/><E74/><V2/><F116/><W119/><G59/><T101/><D101/><U37/><E37/><V34/><F34/><W22/><G103/><T43/><D43/><U17/><E17/><V62/><F127/><W30/><G18/><T121/><D121/><U120/><E120/><V72/><F125/><W50/><G119/><T98/><D98/><U61/><E61/><V65/><F72/><W42/><G60/><T28/><D28/><U26/><E26/><V88/><F62/><W51/><G42/><T66/><D66/><U31/><E31/><AGARI ba="1,2" hai="22,23,30,31,50,51,77,78,85,87,97,99,106,107" machi="31" ten="25,1600,0" yaku="22,2" doraHai="111" who="3" fromWho="1" sc="86,0,413,-19,212,0,269,39" /><INIT seed="3,0,0,1,4,28" ten="86,394,212,308" oya="3" hai0="135,22,80,41,72,98,109,26,48,134,129,52,43" hai1="95,77,27,104,2,34,132,85,3,54,31,11,83" hai2="23,49,71,4,100,16,118,89,56,78,110,57,87" hai3="73,6,120,108,5,125,99,84,79,46,18,107,29"/><W45/><G73/><T127/><D109/><U13/><E132/><N who="0" m="50729" /><D129/><U90/><E104/><V44/><F118/><W131/><G120/><T37/><D37/><U47/><E47/><N who="3" m="17930" /><G107/><T105/><D127/><U14/><E54/><V96/><F78/><W39/><G39/><T36/><D36/><U91/><E91/><V126/><F4/><W68/><G68/><T82/><D105/><U30/><E30/><V86/><F71/><W128/><G29/><N who="0" m="17623" /><D98/><U81/><E81/><N who="0" m="31337" /><D72/><U17/><REACH who="1" step="1"/><E13/><REACH who="1" ten="86,384,212,308" step="2"/><V59/><F126/><W33/><G125/><T114/><D114/><U9/><E9/><V53/><F110/><W74/><G108/><T61/><D61/><U64/><E64/><V111/><F111/><W116/><G131/><T58/><AGARI ba="0,1" hai="41,43,48,52,58" m="31337,17623,50729" machi="58" ten="30,2000,0" yaku="20,1,54,1" doraHai="28" who="0" fromWho="0" sc="86,30,384,-5,212,-5,308,-10" /><INIT seed="4,0,0,3,4,126" ten="116,379,207,298" oya="0" hai0="68,6,52,120,70,45,33,60,119,132,69,47,133" hai1="29,65,87,63,101,86,15,103,8,24,53,125,81" hai2="28,73,43,59,39,78,66,38,89,54,115,61,20" hai3="46,74,96,22,36,98,48,13,91,134,12,3,25"/><T40/><D33/><U72/><E125/><V51/><F78/><W90/><G3/><T102/><D6/><U21/><E72/><V35/><F73/><W100/><G36/><N who="2" m="13865" /><F89/><N who="3" m="33803" /><G74/><T30/><D30/><U92/><E53/><N who="2" m="34031" /><F20/><W76/><G76/><T1/><D1/><U55/><E55/><V75/><F28/><N who="3" m="17463" /><G134/><N who="0" m="51819" /><D102/><U10/><E10/><V127/><F75/><W2/><G2/><T18/><D18/><U27/><E27/><V57/><F35/><W129/><G129/><T131/><D131/><U34/><E34/><V32/><F32/><W80/><G80/><T58/><D120/><U107/><E107/><V122/><F127/><W123/><G123/><T114/><D114/><U93/><E103/><V79/><F79/><W84/><G84/><N who="1" m="32298" /><E81/><V49/><F122/><W14/><G100/><T5/><D5/><N who="1" m="3471" /><E101/><V16/><F16/><W77/><G77/><T42/><D119/><U124/><E124/><V121/><F121/><W118/><G118/><T99/><D99/><U11/><E11/><V135/><F135/><W41/><AGARI ba="0,0" hai="12,13,14,41,46,48,96,98" m="17463,33803" machi="41" ten="30,1100,0" yaku="8,1" doraHai="126" who="3" fromWho="3" sc="116,-5,379,-3,207,-3,298,11" /><INIT seed="5,0,0,4,4,119" ten="111,376,204,309" oya="1" hai0="111,77,3,132,11,117,17,24,63,106,133,53,81" hai1="107,110,22,16,75,9,7,123,93,28,8,126,43" hai2="13,73,61,87,128,118,58,55,114,4,113,31,42" hai3="82,27,49,69,32,109,1,60,80,65,50,108,33"/><U41/><E107/><V130/><F73/><W48/><G1/><T12/><D117/><U39/><E75/><V38/><F31/><W5/><G5/><T52/><D106/><U100/><E123/><V112/><F87/><W57/><G57/><T131/><D111/><U105/><E105/><V46/><F118/><W68/><G27/><T54/><D131/><N who="2" m="50218" /><F13/><W72/><G72/><T67/><D3/><U95/><E126/><V127/><F4/><W56/><G56/><T71/><REACH who="0" step="1"/><D24/><REACH who="0" ten="101,376,204,309" step="2"/><U30/><E110/><V18/><F18/><W35/><G109/><T92/><D92/><U76/><E95/><V85/><F85/><AGARI ba="0,1" hai="11,12,17,52,53,54,63,67,71,77,81,85,132,133" machi="85" ten="40,2600,0" yaku="1,1,54,1,53,0" doraHai="119" doraHaiUra="103" who="0" fromWho="2" sc="101,36,376,0,204,-26,309,0" /><INIT seed="6,0,0,2,5,106" ten="137,376,178,309" oya="2" hai0="40,100,63,22,112,73,76,121,43,37,105,46,135" hai1="103,24,67,8,79,91,33,111,12,132,68,36,118" hai2="60,82,42,45,125,27,44,99,89,70,123,1,98" hai3="55,77,35,34,47,17,116,128,69,30,75,80,113"/><V102/><F1/><W19/><G116/><T15/><D121/><U64/><E111/><V88/><F123/><W95/><G69/><T0/><D0/><U134/><E118/><V74/><F125/><W14/><G128/><T57/><D43/><U62/><E36/><V78/><F27/><W71/><G71/><T58/><D112/><U50/><E103/><V38/><F45/><W110/><G110/><T7/><D135/><N who="1" m="51755" /><E79/><V29/><F29/><W115/><G95/><T94/><D105/><U131/><E131/><V49/><F38/><W2/><G2/><T10/><D63/><U41/><E67/><V109/><F109/><W23/><G30/><T114/><D114/><N who="3" m="43529" /><G19/><T108/><D108/><U54/><E41/><V87/><F87/><W66/><G66/><T59/><D22/><U31/><E91/><V124/><F124/><W39/><G55/><T85/><D100/><U127/><E127/><V93/><REACH who="2" step="1"/><F98/><REACH who="2" ten="137,376,168,309" step="2"/><W53/><G39/><T107/><D107/><U92/><E24/><V5/><F5/><W6/><G6/><T25/><D25/><U51/><E31/><V90/><F90/><W48/><AGARI ba="0,1" hai="14,17,23,34,35,47,48,53,75,77,80" m="43529" machi="48" ten="30,4000,0" yaku="15,1,11,1,52,1" doraHai="106" who="3" fromWho="3" sc="137,-10,376,-10,168,-20,309,50" /><INIT seed="7,0,0,3,4,14" ten="127,366,148,359" oya="3" hai0="85,72,127,8,117,75,7,51,124,106,123,70,16" hai1="59,89,94,17,3,77,11,32,83,19,21,61,112" hai2="132,55,43,60,93,91,100,50,81,115,114,9,31" hai3="90,15,28,76,42,64,97,113,49,30,57,68,13"/><W111/><G68/><T129/><D123/><U71/><E112/><N who="2" m="43051" /><F132/><W46/><G111/><T126/><D117/><U88/><E32/><V86/><F31/><N who="3" m="11819" /><G76/><T63/><D106/><U65/><E59/><N who="2" m="34943" /><F9/><W73/><G73/><T135/><D135/><U41/><E41/><V39/><F39/><W118/><G118/><T104/><D104/><U58/><E71/><V101/><F81/><W134/><G134/><T1/><D129/><U66/><E66/><V38/><F38/><W108/><G108/><T36/><D36/><U47/><E47/><AGARI ba="0,0" hai="43,47,50,86,91,93,100,101" m="34943,43051" machi="47" ten="30,1000,0" yaku="15,1" doraHai="14" who="2" fromWho="1" sc="127,0,366,-10,148,10,359,0" owari="127,-37.0,356,16.0,158,-24.0,359,45.0" /></mjloggm>