<mjloggm ver="2.3"><GO type="169" lobby="0"/><UN n0="%77%72%77%72%77%72%77%72" n1="%E7%B4%A0%E6%99%B4%E3%82%89%E3%81%97%E3%81%8D%E6%97%A5%E3%80%85" n2="%E9%BA%BB%E9%9B%80%E3%81%A7%E9%A3%9F%E3%81%88%21" n3="%E3%81%B5%E3%81%8F%E3%82%8D%E3%81%86%E3%81%95%E3%82%93" dan="17,17,18,18" rate="2175.59,2140.64,2217.59,2229.58" sx="M,M,M,F"/><TAIKYOKU oya="0"/><INIT seed="0,0,0,3,1,24" ten="250,250,250,250" oya="0" hai0="128,79,135,82,72,39,18,36,16,54,63,70,14" hai1="23,9,129,84,115,112,132,55,26,78,57,103,100" hai2="34,68,43,114,60,134,110,66,67,10,32,83,37" hai3="106,119,95,21,74,35,102,71,33,53,58,105,118"/><T85/><D135/><U64/><E129/><V17/><F114/><N who="1" m="43561" /><E132/><V25/><F134/><W45/><G74/><T56/><D128/><U48/><E64/><V4/><F110/><W120/><G120/><T109/><D109/><U49/><E9/><V6/><F6/><W22/><G45/><T98/><D70/><U7/><E7/><V86/><F66/><W97/><G71/><T38/><D98/><U59/><E59/><V91/><F43/><W46/><G46/><T88/><REACH who="0" step="1"/><D14/><REACH who="0" ten="240,250,250,250" step="2"/><U31/><E49/><V2/><F37/><W90/><G97/><T3/><D3/><U89/><E78/><V107/><F107/><W1/><G106/><T117/><D117/><U15/><E15/><V47/><F2/><W81/><G105/><T52/><D52/><U125/><E125/><V96/><F96/><W80/><G53/><T113/><D113/><U99/><E99/><V73/><F67/><W69/><G1/><T108/><D108/><U104/><E104/><V131/><F68/><W101/><G69/><T30/><D30/><U29/><E29/><V62/><F131/><W122/><G119/><T28/><D28/><U87/><E31/><V77/><F77/><W92/><G118/><T42/><D42/><U124/><E124/><V116/><F116/><W130/><G130/><T76/><D76/><U51/><E51/><V0/><F0/><W93/><G35/><T123/><D123/><U20/><E55/><V127/><F127/><W11/><G33/><T111/><D111/><U40/><E40/><V121/><F34/><W65/><G122/><T50/><D50/><RYUUKYOKU ba="0,1" sc="240,30,250,-10,250,-10,250,-10" hai0="16,18,36,38,39,54,56,63,72,79,82,85,88" /><INIT seed="0,1,1,5,5,6" ten="270,240,240,240" oya="0" hai0="77,102,85,89,39,110,29,98,17,117,36,24,109" hai1="76,87,81,120,132,121,123,88,67,53,55,63,92" hai2="50,19,108,64,4,22,11,25,45,48,51,135,104" hai3="96,59,129,34,37,82,61,130,74,126,112,103,38"/><T131/><D131/><N who="3" m="50185" /><G34/><T0/><D117/><U116/><E116/><V133/><F104/><W65/><G126/><T47/><D77/><U18/><E132/><N who="2" m="50763" /><F108/><N who="0" m="41578" /><D0/><U90/><E18/><V125/><F125/><W119/><G112/><T46/><D17/><U60/><E60/><V12/><F64/><W134/><G134/><T73/><D73/><U105/><E105/><V57/><F57/><W14/><G14/><T41/><D47/><AGARI ba="1,1" hai="4,11,12,19,22,25,45,47,48,50,51" m="50763" machi="47" ten="30,2000,0" yaku="20,1,52,1" doraHai="6" who="2" fromWho="0" sc="270,-23,240,0,240,33,240,0" /><INIT seed="1,0,0,3,2,8" ten="247,240,273,240" oya="1" hai0="62,89,54,90,91,0,75,135,65,6,107,57,50" hai1="58,37,103,4,129,124,94,41,69,53,5,116,99" hai2="76,21,96,110,77,86,101,92,68,31,66,19,52" hai3="112,12,39,44,33,123,83,119,125,102,38,78,48"/><U59/><E116/><V43/><F110/><W32/><G123/><T2/><D135/><U111/><E69/><V18/><F43/><W25/><G112/><T30/><D75/><U55/><E111/><V109/><F109/><W105/><G119/><T42/><D107/><U36/><E124/><V104/><F66/><W35/><G125/><T130/><D130/><U84/><E129/><V85/><F68/><W81/><G25/><T60/><D30/><U98/><E41/><V23/><F31/><W127/><G127/><T64/><D6/><U114/><E114/><V93/><F104/><W120/><G120/><T82/><D42/><U15/><E84/><V3/><F3/><W118/><G118/><T34/><D34/><U88/><E94/><V22/><F52/><W80/><G78/><N who="2" m="30313" /><F85/><W27/><G27/><T9/><D9/><U70/><E70/><V134/><F134/><W49/><G44/><T67/><REACH who="0" step="1"/><D82/><REACH who="0" ten="237,240,273,240" step="2"/><U7/><E7/><V26/><F19/><W71/><G105/><T117/><D117/><U17/><E17/><V122/><F122/><W72/><G72/><T100/><D100/><U115/><E103/><V40/><F40/><W79/><G102/><T11/><D11/><U126/><E126/><V13/><F26/><W45/><G79/><T87/><D87/><U121/><E121/><V14/><F18/><W108/><G108/><T29/><D29/><U16/><E115/><V95/><F86/><W61/><G35/><T10/><D10/><U73/><E16/><V133/><F133/><W74/><G74/><T113/><D113/><U132/><E73/><RYUUKYOKU ba="0,1" sc="237,15,240,-15,273,15,240,-15" hai0="0,2,50,54,57,60,62,64,65,67,89,90,91" hai2="13,14,21,22,23,92,93,95,96,101" /><INIT seed="2,1,1,5,2,71" ten="252,225,288,225" oya="2" hai0="126,24,11,32,119,121,8,104,83,117,120,105,88" hai1="59,26,92,18,42,53,36,44,110,0,131,108,47" hai2="70,84,134,63,40,5,101,114,72,69,97,65,39" hai3="29,76,27,13,56,68,1,21,133,113,128,123,35"/><V60/><F84/><W55/><G123/><N who="0" m="47179" /><D126/><U14/><E0/><V74/><F114/><W49/><G128/><T16/><D32/><U82/><E131/><V125/><F125/><W130/><G133/><T93/><D83/><U15/><E82/><V78/><F5/><W127/><G130/><T54/><D54/><U106/><E106/><N who="2" m="63791" /><F134/><W31/><G127/><T107/><D24/><U3/><E3/><V81/><F74/><W80/><G113/><T41/><D41/><U79/><E79/><V58/><F58/><W96/><G68/><T25/><D25/><U37/><E92/><V94/><F94/><W90/><G1/><T48/><D48/><U132/><E132/><V51/><F51/><W33/><G29/><T12/><D11/><U115/><E115/><V77/><F77/><W99/><G90/><T20/><D20/><U116/><E26/><V124/><F124/><W52/><G55/><T45/><D45/><U9/><E14/><V6/><F6/><W46/><G46/><T111/><D111/><N who="1" m="42539" /><E47/><N who="2" m="23967" /><F63/><W23/><G23/><T91/><D93/><U50/><E37/><V64/><F64/><W43/><G43/><T87/><D87/><U95/><E95/><V67/><F67/><W34/><REACH who="3" step="1"/><G13/><REACH who="3" ten="252,225,288,215" step="2"/><T57/><D57/><U66/><E66/><V103/><F69/><W38/><G38/><T30/><D30/><U19/><E36/><V4/><F103/><W102/><G102/><T100/><D100/><U7/><E42/><V118/><F118/><AGARI ba="1,2" hai="8,12,16,88,91,104,105,107,117,118,119" m="47179" machi="118" ten="40,5200,0" yaku="12,1,54,2" doraHai="71" who="0" fromWho="2" sc="252,75,225,0,288,-55,215,0" /><INIT seed="3,0,0,2,1,28" ten="327,225,233,215" oya="3" hai0="67,43,36,64,51,105,39,29,40,44,135,115,25" hai1="62,75,107,119,60,80,16,91,123,96,41,65,10" hai2="22,126,11,73,33,125,34,71,0,4,18,2,95" hai3="31,120,6,90,35,8,133,3,69,93,7,116,83"/><W79/><G116/><T49/><D105/><U127/><E119/><V30/><F73/><W55/><G120/><T61/><D25/><U104/><E123/><V87/><F71/><W114/><G114/><T110/><D29/><U102/><E107/><V47/><F47/><W20/><G133/><T78/><D78/><U72/><E127/><N who="2" m="48651" /><F30/><W68/><G7/><T5/><D5/><U38/><E62/><V98/><F87/><W86/><G20/><T77/><D77/><U121/><E121/><V130/><F130/><W19/><G19/><T81/><D81/><U66/><E66/><V92/><F2/><W9/><G55/><T128/><D115/><U129/><E129/><V32/><F98/><W70/><G9/><T15/><D15/><AGARI ba="0,0" hai="0,4,11,15,18,22,32,33,34,92,95" m="48651" machi="15" ten="40,8000,1" yaku="18,1,52,3" doraHai="28" who="2" fromWho="0" sc="327,-80,225,0,233,80,215,0" /><INIT seed="4,0,0,0,5,43" ten="247,225,313,215" oya="0" hai0="14,96,44,60,107,103,45,22,133,127,18,5,129" hai1="87,92,121,40,42,28,126,77,135,11,123,35,26" hai2="39,50,66,12,108,16,13,109,37,68,73,27,74" hai3="86,69,34,112,119,81,54,4,41,21,3,56,83"/><T75/><D129/><U62/><E126/><V120/><F120/><W25/><G119/><T118/><D118/><U130/><E130/><V111/><F27/><W38/><G69/><T36/><D75/><U48/><E135/><V99/><F99/><W79/><G34/><T84/><D127/><U89/><E77/><V64/><F50/><W51/><G112/><T104/><D104/><U57/><E11/><V61/><F16/><W7/><G3/><T24/><D36/><N who="2" m="13898" /><F61/><W20/><G20/><T33/><D133/><U72/><E72/><N who="2" m="27755" /><F68/><W10/><G10/><T82/><D60/><U122/><REACH who="1" step="1"/><E48/><REACH who="1" ten="247,215,313,215" step="2"/><V6/><F6/><W78/><G38/><T19/><D5/><U131/><E131/><V101/><F101/><W105/><G4/><T102/><D102/><U71/><E71/><V9/><F9/><W100/><G7/><T46/><D33/><U47/><E47/><V91/><F91/><W94/><G100/><T49/><D49/><U116/><E116/><V85/><F85/><W29/><G78/><T125/><D125/><U115/><E115/><V58/><F58/><W1/><G79/><T8/><D45/><U114/><E114/><V63/><F63/><W55/><G56/><T32/><D32/><U106/><E106/><V65/><AGARI ba="0,1" hai="12,13,64,65,66,108,109,111" m="27755,13898" machi="65" ten="50,3200,0" yaku="28,2" doraHai="43" who="2" fromWho="2" sc="247,-16,215,-8,313,42,215,-8" /><INIT seed="5,0,0,4,2,82" ten="231,207,355,207" oya="1" hai0="86,15,28,4,53,108,72,43,52,97,36,122,84" hai1="24,96,7,38,78,23,62,0,89,26,50,34,101" hai2="56,74,35,44,55,8,45,16,42,103,48,95,130" hai3="61,85,109,113,9,91,37,92,125,66,80,11,119"/><U60/><E38/><V30/><F74/><W3/><G109/><T77/><D108/><U123/><E123/><V73/><F73/><W25/><G37/><T124/><D124/><U127/><E127/><V27/><F130/><W81/><G125/><T14/><D28/><U21/><E78/><V58/><F103/><W112/><G119/><T98/><D72/><U54/><E34/><V71/><F71/><W10/><G3/><T88/><D36/><U47/><E7/><V131/><F131/><W18/><G25/><T111/><D43/><U105/><E0/><V70/><F70/><W121/><G121/><T29/><D29/><U65/><E89/><V17/><F95/><W41/><G41/><T63/><D122/><U22/><REACH who="1" step="1"/><E62/><REACH who="1" ten="231,197,355,207" step="2"/><V100/><F35/><W104/><G113/><T93/><D63/><U102/><E102/><V13/><F100/><W134/><G112/><T64/><D111/><U133/><E133/><V33/><F17/><W39/><G39/><AGARI ba="0,1" hai="8,13,16,27,30,33,39,42,44,45,48,55,56,58" machi="39" ten="30,2000,0" yaku="7,1,54,1" doraHai="82" who="2" fromWho="3" sc="231,0,197,0,355,30,207,-20" /><INIT seed="6,0,0,5,1,114" ten="231,197,385,187" oya="2" hai0="59,6,15,10,61,86,112,58,37,70,21,133,77" hai1="73,126,66,17,109,95,13,35,74,85,41,106,104" hai2="38,88,57,94,40,11,81,128,62,124,8,26,90" hai3="71,129,130,75,28,97,39,16,4,87,121,103,43"/><V120/><F120/><W111/><G111/><T63/><D37/><U14/><E35/><V69/><F69/><W117/><G75/><T67/><D133/><U25/><E109/><V76/><F124/><W48/><G71/><T18/><D112/><U64/><E126/><V118/><F118/><W22/><G39/><T29/><D29/><U45/><E25/><V92/><F128/><N who="3" m="49259" /><G4/><T2/><D77/><U31/><E31/><V44/><F26/><N who="3" m="14663" /><G28/><T127/><D127/><U53/><E74/><V27/><F27/><W3/><G3/><T60/><D86/><U79/><E73/><V23/><F23/><W132/><G87/><T101/><D101/><U36/><E13/><V72/><F92/><W68/><G68/><T107/><D107/><U113/><E113/><V54/><F90/><W93/><G132/><T102/><D102/><U30/><E30/><V50/><F38/><W84/><G84/><AGARI ba="0,0" hai="8,11,40,44,50,54,57,62,72,76,81,84,88,94" machi="84" ten="30,2900,0" yaku="7,1,54,1" doraHai="114" who="2" fromWho="3" sc="231,0,197,0,385,29,187,-29" /><INIT seed="6,1,0,4,1,117" ten="231,197,414,158" oya="2" hai0="13,41,12,67,45,71,55,7,28,61,0,86,10" hai1="107,92,102,31,106,18,131,64,56,129,80,27,123" hai2="50,93,47,19,59,60,11,89,53,58,14,48,76" hai3="17,35,97,114,15,54,77,29,85,33,101,16,25"/><V66/><F76/><W70/><G70/><T73/><D28/><U113/><E113/><V39/><F39/><W100/><G114/><T83/><D55/><U2/><E2/><V135/><F135/><W75/><G75/><T30/><D30/><U91/><E18/><V88/><REACH who="2" step="1"/><F93/><REACH who="2" ten="231,197,404,158" step="2"/><W20/><G77/><T133/><D133/><U63/><E92/><V134/><F134/><W120/><G120/><T23/><D73/><U79/><E123/><V81/><F81/><W68/><G33/><T69/><D83/><U62/><E80/><V103/><F103/><W72/><G72/><T49/><D69/><U40/><E102/><V124/><F124/><W87/><G68/><T9/><D71/><U78/><E78/><V90/><F90/><W109/><G109/><T94/><D94/><U125/><E91/><V65/><F65/><W44/><G100/><T3/><D67/><U126/><E64/><V26/><F26/><W115/><G115/><T121/><D121/><U118/><E27/><V24/><F24/><W34/><G34/><T95/><D95/><U51/><E79/><V108/><F108/><W36/><G36/><T46/><D86/><U130/><E126/><V37/><F37/><W82/><G82/><T6/><D3/><U119/><E125/><V116/><F116/><W38/><G38/><T112/><D0/><U98/><E119/><V32/><F32/><W57/><G101/><T84/><D84/><N who="3" m="32329" /><G97/><T1/><D1/><U8/><E98/><V5/><F5/><W74/><G74/><T42/><D112/><U122/><E118/><V104/><F104/><RYUUKYOKU ba="1,1" sc="231,-10,197,-10,404,30,158,-10" hai2="11,14,19,47,48,50,53,58,59,60,66,88,89" /><INIT seed="6,2,1,2,1,121" ten="221,187,434,148" oya="2" hai0="59,76,125,126,63,52,86,94,90,39,43,61,81" hai1="40,0,134,33,65,91,3,46,87,118,44,49,28" hai2="25,57,2,21,27,13,92,72,8,103,16,111,22" hai3="14,34,9,10,106,93,36,79,38,68,71,5,4"/><V105/><F72/><W99/><G106/><T6/><D6/><U26/><E118/><V120/><F120/><W104/><G104/><T19/><D19/><U82/><E134/><V112/><F112/><W96/><G34/><T78/><D78/><U7/><E7/><V45/><F105/><W54/><G79/><T122/><D122/><U11/><E11/><V50/><F57/><W64/><G54/><T115/><D115/><U124/><E124/><N who="0" m="47721" /><D43/><U42/><REACH who="1" step="1"/><E65/><REACH who="1" ten="221,177,434,148" step="2"/><V77/><F8/><W56/><G64/><T85/><D39/><AGARI ba="2,2" hai="0,3,26,28,33,39,40,42,44,46,49,82,87,91" machi="39" ten="30,7700,0" yaku="1,1,2,1,7,1,53,1" doraHai="121" doraHaiUra="29" who="1" fromWho="0" sc="221,-83,177,103,434,0,148,0" /><INIT seed="7,0,0,0,4,114" ten="138,280,434,148" oya="3" hai0="135,42,61,73,23,19,48,34,62,101,1,90,80" hai1="96,89,10,128,25,71,132,27,35,51,109,97,56" hai2="8,103,26,0,123,133,111,76,116,95,107,50,87" hai3="85,14,20,69,99,47,74,122,72,21,57,33,75"/><W129/><G122/><T108/><D34/><U121/><E71/><V30/><F116/><W3/><G69/><T60/><D1/><U45/><E109/><V92/><F111/><W102/><G3/><T81/><D135/><U91/><E35/><V40/><F133/><W31/><G129/><T94/><D73/><U82/><E89/><V53/><F40/><W2/><G2/><T63/><N who="0" m="15360" /><DORA hai="119" /><T126/><D101/><U11/><E56/><V105/><F123/><W106/><G57/><T70/><D70/><U36/><E27/><V115/><F115/><W44/><G85/><N who="0" m="52559" /><D126/><U134/><E11/><V67/><F103/><W79/><G79/><T5/><D5/><U131/><E25/><V98/><F8/><W38/><G38/><T130/><D130/><U117/><E10/><V18/><F98/><W9/><G33/><T32/><D32/><U17/><E96/><V104/><F104/><W41/><G31/><T65/><D65/><U127/><E127/><V93/><F107/><W110/><G110/><T39/><D39/><U78/><E97/><V22/><F0/><W15/><G41/><T125/><D125/><U55/><E36/><V83/><F105/><W64/><G64/><T86/><D86/><U29/><E78/><V46/><F67/><W28/><G28/><AGARI ba="0,0" hai="18,22,26,28,30,46,50,53,76,83,87,92,93,95" machi="28" ten="40,1300,0" yaku="8,1" doraHai="114,119" who="2" fromWho="3" sc="138,0,280,0,434,13,148,-13" owari="138,-26.0,280,8.0,447,54.0,135,-36.0" /></mjloggm>