<mjloggm ver="2.3"><GO type="169" lobby="0"/><UN n0="%E5%8D%83%E7%BE%BD%E9%B4%89" n1="%E4%BB%8A%E6%97%A5%E4%B8%80" n2="%E3%81%96%E3%82%8A%E3%81%8C%E3%81%AB%E3%81%8F%E3%82%93" n3="%E3%81%86%E3%81%95%E3%81%8E%E3%83%95%E3%82%A1%E3%83%B3%E3%82%B7%E3%83%BC" dan="17,16,17,17" rate="2230.21,2058.43,2215.19,2133.77" sx="F,F,M,F"/><TAIKYOKU oya="0"/><INIT seed="0,0,0,2,0,121" ten="250,250,250,250" oya="0" hai0="97,82,106,86,5,24,60,47,99,108,18,92,55" hai1="110,48,74,38,98,51,77,81,122,80,89,83,61" hai2="88,100,131,91,28,75,104,10,2,70,13,102,57" hai3="120,3,112,111,118,42,135,128,43,33,11,37,27"/><T68/><D106/><U36/><E122/><V9/><F70/><W123/><RYUUKYOKU type="yao9" ba="0,0" sc="250,0,250,0,250,0,250,0" hai3="3,11,27,33,37,42,43,111,112,118,120,123,128,135" /><INIT seed="0,1,0,2,1,109" ten="250,250,250,250" oya="0" hai0="32,50,130,118,72,82,42,53,116,114,104,44,45" hai1="79,74,90,12,100,123,91,89,65,56,15,77,20" hai2="78,97,86,96,8,19,73,6,112,25,21,13,23" hai3="47,55,29,30,69,94,92,133,105,107,2,111,102"/><T16/><D32/><U101/><E123/><V106/><F73/><W63/><G2/><T122/><D104/><U24/><E74/><V68/><F68/><W135/><G111/><T26/><D122/><U43/><E43/><V54/><F112/><W1/><G1/><T67/><D67/><U9/><E65/><V80/><F106/><W115/><G115/><T14/><D26/><U3/><E56/><V131/><F131/><W4/><G4/><T88/><D130/><U17/><E3/><V39/><F39/><W11/><G11/><N who="0" m="6239" /><D72/><U41/><E41/><V36/><F36/><W120/><G120/><T38/><D114/><U33/><E33/><V58/><REACH who="2" step="1"/><F23/><REACH who="2" ten="250,250,240,250" step="2"/><W103/><G69/><T34/><D34/><U0/><E0/><V35/><F35/><W128/><G128/><T70/><D70/><U108/><E108/><V66/><F66/><W84/><G107/><T61/><D61/><AGARI ba="1,1" hai="6,8,13,19,21,25,54,58,61,78,80,86,96,97" machi="61" ten="30,7700,0" yaku="1,1,7,1,8,1,53,1" doraHai="109" doraHaiUra="10" who="2" fromWho="0" sc="250,-80,250,0,240,90,250,0" /><INIT seed="1,0,0,4,3,2" ten="170,250,330,250" oya="1" hai0="46,58,83,50,77,97,80,18,116,1,33,14,62" hai1="119,123,4,96,88,59,38,51,45,31,76,135,27" hai2="11,87,29,129,94,99,57,67,17,74,73,101,65" hai3="23,56,55,0,91,79,93,71,21,118,70,64,44"/><U110/><E123/><V85/><F129/><W121/><G121/><T127/><D1/><U54/><E119/><V126/><F126/><W12/><G0/><T40/><D127/><U9/><E135/><V82/><F29/><W81/><G118/><T41/><D33/><U113/><E113/><V8/><F87/><W49/><G71/><T42/><D97/><U120/><E76/><V104/><F57/><W60/><G70/><T102/><D102/><U37/><E110/><V131/><F131/><W107/><G107/><T5/><D116/><U133/><E133/><V20/><F74/><W30/><G12/><T109/><D109/><U22/><E120/><V132/><F132/><W35/><G35/><T89/><D89/><U134/><E59/><V69/><F73/><W63/><G63/><T6/><D42/><U130/><E130/><V105/><F105/><W128/><G30/><T13/><D41/><U90/><E134/><V66/><F104/><W10/><G10/><N who="0" m="6487" /><D13/><U32/><E32/><V75/><F75/><W28/><G128/><T48/><D48/><U124/><E124/><V111/><F69/><W122/><G28/><T103/><D103/><U68/><E68/><V39/><F39/><W112/><G112/><T108/><D108/><U43/><E96/><V16/><F111/><W95/><G122/><T114/><D114/><U61/><E38/><V53/><F99/><W117/><G117/><T34/><D34/><U100/><E100/><V98/><F98/><W92/><G91/><T84/><D80/><U78/><E37/><V25/><F101/><W106/><G106/><RYUUKYOKU ba="0,0" sc="170,15,250,-15,330,-15,250,15" hai0="5,6,40,46,50,58,62,77,83,84" hai3="21,23,44,49,55,56,60,64,79,81,92,93,95" /><INIT seed="2,1,0,1,2,117" ten="185,235,315,265" oya="2" hai0="90,109,3,1,14,0,73,35,4,107,45,62,133" hai1="57,19,134,65,36,15,20,111,118,85,66,105,23" hai2="71,25,74,64,39,108,46,110,70,53,69,120,116" hai3="21,44,80,47,32,33,89,93,114,26,88,130,37"/><V84/><F74/><W106/><G106/><T113/><D107/><U27/><E118/><V102/><F102/><W68/><G68/><T63/><D73/><U16/><E105/><V112/><F84/><N who="3" m="50183" /><G33/><T50/><D113/><U104/><E104/><V101/><F25/><W86/><G32/><T72/><D72/><U77/><E111/><N who="2" m="42539" /><F101/><W99/><G37/><T97/><D35/><U34/><E34/><V29/><F29/><N who="3" m="17615" /><G130/><T58/><D109/><U87/><E36/><V54/><F116/><W40/><G114/><T100/><D133/><U7/><E134/><V131/><F112/><W41/><G86/><T8/><D100/><U9/><E57/><V30/><F30/><W127/><G127/><T28/><D28/><U49/><E49/><N who="2" m="28855" /><F39/><W61/><G61/><T11/><D58/><U17/><E87/><V56/><F131/><W48/><G47/><T76/><D76/><U129/><E129/><V6/><F6/><W126/><G126/><T135/><D135/><U18/><REACH who="1" step="1"/><E23/><REACH who="1" ten="185,225,315,265" step="2"/><V122/><F64/><W10/><G10/><T119/><D8/><U103/><E103/><V94/><F94/><W42/><AGARI ba="1,1" hai="40,41,42,44,48,89,93,99" m="17615,50183" machi="42" ten="30,2000,0" yaku="8,1,54,1" doraHai="117" who="3" fromWho="3" sc="185,-6,225,-6,315,-11,265,33" /><INIT seed="3,0,0,2,1,72" ten="179,219,304,298" oya="3" hai0="105,6,32,39,78,71,28,91,98,8,121,45,1" hai1="116,38,83,46,0,111,130,131,68,60,97,123,80" hai2="120,64,66,118,119,112,41,73,122,90,81,23,109" hai3="36,114,74,63,108,40,65,113,128,126,11,37,13"/><W35/><G35/><T102/><D91/><U135/><E0/><V33/><F33/><W14/><G128/><T59/><D59/><U18/><E18/><V99/><F23/><W29/><G29/><T54/><D54/><U12/><E12/><V124/><F41/><W104/><G104/><T69/><D121/><N who="2" m="46698" /><F64/><W55/><G126/><T89/><D89/><U67/><E46/><V103/><F66/><W53/><G74/><T5/><D5/><U7/><E7/><V24/><F24/><W76/><G108/><T95/><D95/><U10/><E10/><V9/><F9/><W107/><G107/><T22/><D22/><U20/><E20/><V70/><F70/><W127/><G127/><T25/><REACH who="0" step="1"/><D78/><REACH who="0" ten="169,219,304,298" step="2"/><U57/><E57/><V92/><F124/><W49/><G76/><T117/><D117/><U125/><E116/><V88/><F118/><W44/><G55/><T31/><D31/><U75/><E123/><V110/><F119/><W133/><G53/><T61/><D61/><U15/><E60/><V94/><F90/><W79/><G79/><T58/><D58/><U96/><E125/><V85/><F94/><W3/><G63/><T48/><D48/><U17/><E131/><V4/><F4/><W82/><G49/><T19/><D19/><U129/><E17/><V50/><F50/><W134/><G37/><T27/><D27/><U42/><E38/><V62/><F62/><W100/><G36/><T84/><D84/><U86/><E86/><V30/><F30/><W26/><G26/><T87/><D87/><U115/><E129/><V52/><F85/><RYUUKYOKU ba="0,1" sc="169,30,219,-10,304,-10,298,-10" hai0="1,6,8,25,28,32,39,45,69,71,98,102,105" /><INIT seed="4,1,1,5,3,12" ten="199,209,294,288" oya="0" hai0="102,46,63,70,17,85,87,90,24,100,115,84,92" hai1="41,53,113,106,111,108,110,39,16,58,43,73,11" hai2="7,101,96,20,15,81,133,56,18,104,44,112,122" hai3="4,109,68,82,21,45,132,75,34,49,14,130,94"/><T99/><D115/><U55/><E106/><V48/><F122/><W52/><G109/><T74/><D74/><U38/><E73/><V29/><F133/><W19/><G34/><T31/><D46/><U76/><E76/><V120/><F112/><W131/><G132/><T5/><D5/><U0/><E0/><V117/><F120/><W135/><G135/><T35/><REACH who="0" step="1"/><D17/><REACH who="0" ten="189,209,294,288" step="2"/><U51/><E113/><V88/><F7/><W98/><G4/><T126/><D126/><U59/><E16/><V86/><F117/><W40/><G40/><N who="1" m="15434" /><E11/><V54/><REACH who="2" step="1"/><F29/><REACH who="2" ten="189,209,284,288" step="2"/><W129/><G129/><T125/><D125/><U30/><E30/><V65/><F65/><AGARI ba="1,3" hai="24,31,35,63,65,70,84,85,87,90,92,99,100,102" machi="65" ten="40,3900,0" yaku="1,1,53,1" doraHai="12" doraHaiUra="23" who="0" fromWho="2" sc="189,72,209,0,284,-42,288,0" /><INIT seed="4,2,0,2,2,17" ten="261,209,242,288" oya="0" hai0="93,6,21,131,118,127,8,4,3,9,39,56,112" hai1="14,133,32,12,120,116,10,114,121,31,62,28,94" hai2="70,73,130,106,15,85,105,5,34,33,81,55,26" hai3="88,43,30,0,135,16,23,47,41,45,107,79,46"/><T38/><D118/><U92/><E116/><V63/><F73/><W25/><G107/><T42/><D112/><U115/><E62/><V124/><F130/><W37/><G0/><T66/><D131/><U2/><E2/><V125/><F5/><W87/><G135/><T110/><D127/><N who="2" m="48714" /><F15/><N who="1" m="5673" /><E10/><V53/><F70/><W117/><G117/><T19/><D42/><N who="3" m="15881" /><G37/><T27/><D110/><U36/><E36/><V58/><F53/><W59/><G59/><T83/><D83/><U54/><E54/><V76/><F26/><W18/><G79/><T52/><D66/><U61/><E61/><V11/><F11/><W89/><G89/><T40/><D40/><U69/><E32/><AGARI ba="2,0" hai="32,33,34,55,58,63,76,81,85,105,106" m="48714" machi="32" ten="30,1000,0" yaku="18,1" doraHai="17" who="2" fromWho="1" sc="261,0,209,-16,242,16,288,0" /><INIT seed="5,0,0,1,0,134" ten="261,193,258,288" oya="1" hai0="76,50,111,123,42,59,92,121,106,35,116,131,104" hai1="40,15,45,93,24,101,44,1,55,53,6,13,86" hai2="30,77,73,122,74,21,23,109,62,72,25,58,60" hai3="128,19,41,31,95,133,91,49,78,12,54,79,114"/><U66/><E66/><V126/><F109/><W22/><G133/><T69/><D35/><U33/><E1/><V135/><F122/><W67/><G114/><T8/><D69/><U20/><E33/><V10/><F135/><W32/><G128/><T26/><D26/><U71/><E71/><V0/><F126/><W3/><G3/><T7/><D111/><U48/><E6/><V82/><F62/><W64/><G41/><T115/><D115/><U84/><E84/><V98/><F98/><W65/><G31/><T11/><D116/><U124/><E124/><V28/><F28/><W56/><REACH who="3" step="1"/><G32/><REACH who="3" ten="261,193,258,278" step="2"/><T16/><D42/><U97/><E40/><V89/><F0/><W94/><G94/><T105/><D92/><U47/><E86/><AGARI ba="0,1" hai="12,19,22,49,54,56,64,65,67,78,79,86,91,95" machi="86" ten="40,8000,1" yaku="1,1,25,2,8,1,53,0" doraHai="134" doraHaiUra="108" who="3" fromWho="1" sc="261,0,193,-80,258,0,278,90" /><INIT seed="6,0,0,5,0,38" ten="261,113,258,368" oya="2" hai0="45,86,111,60,13,55,22,122,116,92,118,34,68" hai1="65,9,51,124,24,131,80,121,93,35,73,87,43" hai2="19,127,20,115,126,78,26,133,112,100,12,57,15" hai3="32,67,64,0,50,108,48,104,4,28,77,31,25"/><V94/><F78/><W76/><G108/><T63/><D34/><U105/><E105/><V75/><F75/><W33/><G104/><T110/><D13/><N who="2" m="5194" /><F57/><W134/><G4/><T90/><D22/><U135/><E87/><V113/><F100/><W27/><G134/><T61/><D122/><U117/><E51/><V66/><F94/><W59/><G0/><T102/><D102/><U39/><E24/><V98/><F66/><W130/><G130/><T70/><D92/><U23/><E23/><V6/><F98/><W47/><G59/><T91/><D86/><U30/><E124/><N who="2" m="47659" /><F6/><W1/><G1/><T88/><D45/><AGARI ba="0,0" hai="25,27,28,31,32,33,45,47,48,50,64,67,76,77" machi="45" ten="25,1600,0" yaku="22,2" doraHai="38" who="3" fromWho="0" sc="261,-16,113,0,258,0,368,16" /><INIT seed="7,0,0,5,5,38" ten="245,113,258,384" oya="3" hai0="81,71,121,23,9,2,97,19,74,44,117,59,114" hai1="21,42,112,64,1,51,39,61,90,115,49,67,75" hai2="106,40,105,83,111,20,122,94,82,33,66,45,14" hai3="107,43,72,88,93,135,34,84,76,37,17,35,131"/><W77/><G107/><T32/><D32/><U53/><E90/><V68/><F33/><W3/><G17/><T16/><D71/><U99/><E21/><V116/><F116/><W69/><G84/><T109/><D117/><U57/><E99/><V127/><F111/><W50/><G50/><T124/><D121/><U85/><E85/><V0/><F0/><W130/><G135/><T48/><D109/><U29/><E29/><V123/><F127/><W18/><G18/><T46/><D124/><U54/><E1/><V92/><F66/><W101/><G76/><T12/><D114/><U134/><E75/><V89/><F68/><W65/><G93/><N who="2" m="35945" /><F20/><W118/><G65/><T125/><D125/><U24/><E24/><V36/><F14/><W4/><G69/><T15/><D2/><U26/><E26/><V91/><F91/><W78/><G88/><T11/><D23/><U60/><E39/><V102/><F102/><W113/><G37/><T6/><D6/><U70/><E134/><V133/><F133/><W10/><G3/><T96/><D74/><U5/><E5/><V55/><F89/><W31/><G4/><T95/><D81/><U103/><E103/><V73/><F73/><W129/><G72/><T62/><D96/><U87/><E87/><V86/><F86/><W126/><G35/><T47/><D97/><U120/><E120/><N who="2" m="46123" /><F83/><W27/><G34/><T79/><D95/><U104/><E104/><V41/><F82/><W8/><G126/><T108/><D79/><U25/><E25/><V98/><F106/><W132/><G132/><T22/><D22/><RYUUKYOKU ba="0,0" sc="245,0,113,0,258,0,384,0" owari="245,-15.0,113,-39.0,258,6.0,384,48.0" /></mjloggm>