<mjloggm ver="2.3"><GO type="185" lobby="0"/><UN n0="%E3%81%BF%E3%82%83%E3%83%BC%E3%81%B6%E3%82%8C%E3%81%84%E3%81%8F" n1="%E3%81%B6%E3%82%8B%E3%81%AF%E3%81%A4" n2="%E3%82%A2%E3%83%AA%E3%82%A2%E3%83%AA%E5%90%9B" n3="" dan="16,16,16,0" rate="2182.95,2145.48,2204.89,1500.00" sx="M,M,M,C"/><TAIKYOKU oya="0"/><INIT seed="0,0,0,4,2,114" ten="350,350,350,0" oya="0" hai0="92,85,134,108,59,32,44,93,61,132,2,56,39" hai1="121,3,0,102,37,57,110,40,51,118,97,95,135" hai2="98,101,86,47,103,109,52,94,96,64,130,34,129" hai3=""/><T113/><D113/><U54/><N who="1" m="31008" /><U50/><E110/><V49/><F34/><T107/><D107/><U62/><E135/><N who="0" m="51753" /><D2/><U82/><E118/><V58/><F109/><T77/><D32/><U69/><E82/><V42/><F86/><T126/><D126/><U63/><E50/><V73/><F64/><T131/><D131/><U65/><REACH who="1" step="1"/><E63/><REACH who="1" ten="350,340,350,0" step="2"/><V125/><F125/><T60/><D108/><U89/><E89/><V111/><F111/><T36/><D60/><U79/><E79/><V133/><F133/><T74/><D61/><U105/><E105/><V72/><F130/><T123/><D77/><U45/><AGARI ba="0,1" hai="0,3,37,40,45,51,54,57,62,65,69,95,97,102" m="31008" machi="45" ten="30,6000,1" yaku="1,1,0,1,24,2,52,1,53,0" doraHai="114" doraHaiUra="83" who="1" fromWho="1" sc="350,-40,340,70,350,-20,0,0" /><INIT seed="1,0,0,3,5,63" ten="310,410,330,0" oya="1" hai0="68,73,55,60,98,44,120,34,133,71,121,37,38" hai1="102,36,74,116,39,114,61,40,51,85,127,87,104" hai2="86,77,91,70,96,48,32,76,59,100,56,81,54" hai3=""/><U111/><E116/><V65/><F70/><N who="0" m="26666" /><D73/><U113/><E74/><V125/><F32/><T35/><N who="0" m="30752" /><T99/><N who="0" m="31008" /><T41/><D133/><U109/><E61/><V78/><F125/><T84/><D84/><U66/><E127/><V64/><REACH who="2" step="1"/><F56/><REACH who="2" ten="310,410,320,0" step="2"/><T53/><D34/><U117/><E114/><V132/><F132/><T75/><D35/><U135/><E113/><V122/><N who="2" m="31264" /><V50/><F50/><T129/><D37/><U93/><E135/><V105/><AGARI ba="0,1" hai="48,54,59,64,65,76,77,78,81,86,91,96,100,105" m="31264" machi="105" ten="30,6000,1" yaku="1,1,0,1,52,3,53,0" doraHai="63" doraHaiUra="131" who="2" fromWho="2" sc="310,-20,410,-40,320,70,0,0" /><INIT seed="2,0,0,1,1,59" ten="290,370,390,0" oya="2" hai0="124,32,81,58,78,117,113,84,116,53,87,44,103" hai1="128,43,114,90,77,135,65,62,66,39,102,85,91" hai2="131,98,33,126,3,64,119,111,86,72,38,41,73" hai3=""/><V47/><F3/><T115/><D32/><U35/><E35/><V104/><F119/><T52/><D124/><U108/><E114/><N who="0" m="43529" /><D103/><U55/><E102/><V51/><F33/><T123/><N who="0" m="31520" /><T97/><D97/><U75/><E75/><V57/><F131/><T83/><D44/><U93/><E128/><V99/><F126/><T101/><D101/><U1/><E1/><V129/><F129/><T127/><D127/><U100/><E77/><V34/><F34/><T71/><D71/><U2/><E100/><V122/><N who="2" m="31264" /><V63/><F111/><T69/><D69/><U48/><E108/><V130/><F130/><T80/><D53/><U76/><E55/><V118/><F118/><N who="0" m="45674" /><D84/><U94/><E85/><V0/><F0/><T46/><D46/><U82/><E2/><V50/><F104/><T70/><D70/><U125/><E125/><V49/><REACH who="2" step="1"/><F86/><REACH who="2" ten="290,370,380,0" step="2"/><T36/><D36/><U68/><E39/><V45/><F45/><T42/><D42/><U79/><E43/><V88/><F88/><T95/><D95/><U105/><E94/><V121/><N who="2" m="31008" /><V110/><F110/><T61/><AGARI ba="0,1" hai="52,58,61,78,80,81,83,87" m="45674,31520,43529" machi="61" ten="30,5900,0" yaku="11,1,52,2,54,1" doraHai="59" who="0" fromWho="0" sc="290,69,370,-20,380,-39,0,0" /><INIT seed="4,0,0,0,1,86" ten="359,350,341,0" oya="0" hai0="67,128,60,58,85,84,65,126,131,82,72,94,47" hai1="79,127,3,73,102,134,99,90,61,37,88,110,132" hai2="104,109,75,68,69,106,63,77,32,117,113,100,123" hai3=""/><T114/><D114/><U70/><E3/><V1/><RYUUKYOKU type="yao9" ba="0,0" sc="359,0,350,0,341,0,0,0" hai2="1,32,63,68,69,75,77,100,104,106,109,113,117,123" /><INIT seed="4,1,0,2,3,64" ten="359,350,341,0" oya="0" hai0="85,116,41,89,98,36,80,135,97,70,117,44,53" hai1="96,78,109,32,65,88,73,122,1,42,45,81,75" hai2="60,57,125,95,52,124,56,114,118,66,69,0,83" hai3=""/><T35/><D35/><U106/><N who="1" m="31264" /><U119/><E109/><V43/><F0/><T105/><D135/><U113/><E32/><V3/><F3/><T47/><D70/><U72/><E1/><V82/><F118/><T101/><REACH who="0" step="1"/><D98/><REACH who="0" ten="349,350,341,0" step="2"/><U67/><E119/><V87/><F125/><T100/><D100/><U99/><E113/><V2/><F124/><T127/><D127/><U84/><E99/><V46/><F114/><T126/><D126/><U93/><REACH who="1" step="1"/><E106/><REACH who="1" ten="349,340,341,0" step="2"/><V131/><F2/><T121/><N who="0" m="31008" /><T76/><D76/><U130/><E130/><V40/><F131/><T61/><D61/><U58/><E58/><V111/><F57/><T112/><D112/><U34/><E34/><V134/><F134/><T49/><AGARI ba="1,2" hai="36,41,44,47,49,53,80,85,89,97,101,105,116,117" m="31008" machi="49" ten="30,4000,0" yaku="1,1,0,1,52,1,53,0" doraHai="64" doraHaiUra="129" who="0" fromWho="0" sc="349,62,340,-21,341,-21,0,0" /><INIT seed="4,2,0,3,0,109" ten="411,319,320,0" oya="0" hai0="90,114,57,82,104,60,132,79,70,80,113,52,126" hai1="49,61,76,38,58,93,1,118,51,120,98,105,94" hai2="67,53,44,85,102,106,97,112,89,72,62,100,124" hai3=""/><T133/><D126/><U111/><N who="1" m="30752" /><U68/><E111/><V121/><N who="2" m="31008" /><V73/><F124/><T54/><D104/><U110/><E1/><V91/><F102/><T36/><D36/><U64/><E38/><V46/><F89/><T63/><D90/><U39/><E39/><V34/><F34/><T47/><D47/><U117/><E110/><V78/><F78/><T131/><D131/><U81/><E105/><V2/><F2/><T95/><D95/><U96/><E94/><V35/><F35/><T74/><D82/><U50/><E68/><V88/><F91/><T87/><D74/><U119/><REACH who="1" step="1"/><E93/><REACH who="1" ten="411,309,320,0" step="2"/><V42/><F106/><T83/><D70/><U101/><E101/><V43/><F100/><T59/><D83/><U75/><AGARI ba="2,1" hai="49,50,51,58,61,64,75,76,81,96,98,117,118,119" m="30752" machi="75" ten="40,3900,0" yaku="1,1,0,1,52,1,53,0" doraHai="109" doraHaiUra="69" who="1" fromWho="1" sc="411,-28,309,53,320,-15,0,0" /><INIT seed="5,0,0,2,4,61" ten="383,362,305,0" oya="1" hai0="90,60,95,100,68,32,86,59,39,52,77,96,34" hai1="82,69,108,84,107,2,45,85,119,46,103,114,38" hai2="92,76,99,113,83,110,1,57,33,94,71,88,117" hai3=""/><U101/><E2/><V58/><F1/><T128/><D128/><U81/><E119/><V105/><F117/><T104/><D39/><U78/><E69/><V98/><F33/><T106/><D104/><U125/><E114/><V66/><F110/><T116/><D116/><U87/><E108/><V127/><F105/><T120/><N who="0" m="30752" /><T55/><D68/><U72/><E125/><V36/><F36/><T123/><N who="0" m="31520" /><T131/><D131/><U40/><E107/><V73/><F113/><T56/><REACH who="0" step="1"/><D77/><REACH who="0" ten="373,362,305,0" step="2"/><U70/><E70/><V122/><N who="2" m="31264" /><V124/><F124/><T126/><D126/><U49/><REACH who="1" step="1"/><E81/><REACH who="1" ten="373,352,305,0" step="2"/><V97/><F127/><T62/><AGARI ba="0,2" hai="32,34,52,55,56,59,60,62,86,90,95,96,100,106" m="31520,30752" machi="62" ten="20,12000,3" yaku="1,1,0,1,7,1,9,1,52,2,54,1,53,2" doraHai="61" doraHaiUra="48" who="0" fromWho="0" sc="373,140,352,-80,305,-40,0,0" /><INIT seed="6,0,0,3,1,34" ten="513,272,265,0" oya="2" hai0="60,114,102,32,57,35,58,72,92,129,59,79,54" hai1="122,108,81,118,109,45,38,41,71,115,94,48,107" hai2="110,89,64,66,3,73,50,120,98,124,37,116,2" hai3=""/><V65/><N who="2" m="30752" /><V84/><F116/><T121/><N who="0" m="31008" /><T135/><D135/><U78/><N who="1" m="31264" /><U39/><E118/><V76/><F37/><T61/><D129/><U56/><E107/><V88/><F73/><T99/><D114/><U113/><E71/><V33/><F33/><T1/><D1/><U52/><E38/><V83/><F110/><T103/><D102/><U55/><E94/><V90/><F124/><T82/><D59/><U117/><E117/><V126/><F126/><T104/><D92/><U97/><E97/><V128/><F128/><T96/><D96/><U105/><E105/><V43/><REACH who="2" step="1"/><F98/><REACH who="2" ten="513,272,255,0" step="2"/><T77/><D79/><U125/><E125/><V86/><F86/><T100/><D103/><U106/><E109/><V74/><F74/><T119/><D119/><U0/><E108/><V40/><F40/><T111/><D111/><U131/><E131/><V87/><F87/><T95/><D104/><U80/><E106/><V53/><F53/><AGARI ba="0,1" hai="32,35,53,54,57,58,60,61,72,77,82,95,99,100" m="31008" machi="53" ten="30,3900,0" yaku="7,1,9,1,52,1" doraHai="34" who="0" fromWho="2" sc="513,49,272,0,255,-39,0,0" owari="562,51.0,272,-13.0,216,-38.0,0,0.0" /></mjloggm>