<mjloggm ver="2.3"><GO type="225" lobby="0"/><UN n0="%E3%81%AF%E3%82%88%E3%81%8A%E3%81%98%E3%81%95%E3%82%93" n1="%5C%E3%81%AF%E3%81%A1%E3%81%8D%E3%82%87%E3%81%86%2F" n2="%E8%A8%88%E7%AE%97%E6%A9%9F%E8%87%AA%E7%84%B6" n3="%EF%BC%AE%EF%BC%AF%EF%BD%90%EF%BD%90%EF%BC%AF" dan="17,16,17,16" rate="2149.59,2095.09,2268.27,2097.90" sx="M,M,M,M"/><TAIKYOKU oya="0"/><INIT seed="0,0,0,2,3,42" ten="250,250,250,250" oya="0" hai0="69,3,23,29,54,68,9,122,84,5,2,59,41" hai1="26,57,32,1,109,75,95,39,77,44,51,49,120" hai2="83,21,105,31,64,72,50,33,132,4,70,100,67" hai3="25,55,16,8,98,91,99,37,0,126,27,58,15"/><T128/><D122/><U114/><E1/><V24/><F4/><W46/><G126/><T38/><D128/><U111/><E120/><V119/><F132/><W56/><G0/><T61/><D5/><U35/><E114/><V65/><F119/><W79/><G79/><T90/><D9/><U113/><E113/><V101/><F70/><W76/><G76/><T81/><D2/><U131/><E131/><V85/><F72/><W117/><G117/><T97/><D3/><U74/><E95/><V80/><F105/><W28/><G37/><T92/><D23/><U53/><E39/><V36/><F36/><W135/><G135/><T48/><D29/><N who="1" m="19511" /><E77/><N who="2" m="46223" /><F33/><W124/><G124/><T129/><D129/><U130/><E35/><V86/><F50/><N who="3" m="29143" /><G99/><T102/><REACH who="0" step="1"/><D38/><REACH who="0" ten="240,250,250,250" step="2"/><U87/><E130/><V123/><F123/><W78/><G28/><T71/><D71/><U121/><E121/><V127/><F127/><W62/><G27/><T107/><D107/><U66/><E74/><V94/><F94/><N who="3" m="56671" /><G25/><T45/><AGARI ba="0,1" hai="41,45,48,54,59,61,68,69,81,84,90,92,97,102" machi="45" ten="30,6000,0" yaku="1,1,0,1,52,1,53,0" doraHai="42" doraHaiUra="34" who="0" fromWho="0" sc="240,70,250,-20,250,-20,250,-20" /><INIT seed="0,1,0,0,3,17" ten="310,230,230,230" oya="0" hai0="88,76,8,23,124,41,108,20,80,129,70,78,75" hai1="18,130,10,109,85,82,54,62,49,37,98,9,66" hai2="105,29,11,15,14,100,45,16,35,50,112,5,13" hai3="115,59,126,25,51,96,47,46,118,113,57,19,48"/><T92/><D70/><U52/><E37/><V134/><F112/><W63/><G96/><T67/><D67/><U55/><E130/><V119/><F134/><W103/><G103/><T133/><D133/><U2/><E109/><V121/><F121/><W60/><G19/><T104/><D104/><U123/><E123/><V81/><F119/><W127/><REACH who="3" step="1"/><G25/><REACH who="3" ten="310,230,230,220" step="2"/><T72/><D108/><U71/><E98/><V114/><F100/><W42/><G42/><T94/><D129/><U4/><E18/><V53/><F114/><W79/><G79/><T93/><D41/><U58/><REACH who="1" step="1"/><E9/><REACH who="1" ten="310,220,230,220" step="2"/><V107/><F16/><W21/><G21/><T0/><D8/><U7/><E7/><V122/><F122/><W74/><G74/><T106/><D23/><U3/><E3/><V116/><F5/><W84/><G84/><T77/><D20/><U111/><E111/><V44/><F11/><W90/><G90/><AGARI ba="1,2" hai="2,4,10,49,52,54,55,58,62,66,71,82,85,90" machi="90" ten="30,3900,0" yaku="1,1,7,1,54,1,53,0" doraHai="17" doraHaiUra="24" who="1" fromWho="3" sc="310,0,220,62,230,0,220,-42" /><INIT seed="1,0,0,0,5,27" ten="310,282,230,178" oya="1" hai0="109,43,9,42,131,84,19,11,105,111,58,110,47" hai1="72,25,16,7,20,51,33,90,87,81,68,133,12" hai2="31,21,70,37,114,82,128,52,6,5,93,17,59" hai3="83,24,95,100,28,23,4,22,45,0,65,71,127"/><U39/><E39/><V14/><F70/><W86/><G127/><T76/><D105/><U69/><E133/><V88/><F37/><W3/><G45/><T113/><D113/><U54/><E72/><V121/><F121/><W101/><G71/><T10/><D131/><U15/><E15/><V29/><F128/><W79/><G65/><T89/><D76/><U62/><E62/><N who="2" m="36199" /><F82/><W115/><G115/><T64/><D19/><U103/><E103/><V56/><F56/><W44/><G4/><N who="2" m="1641" /><F114/><W94/><G0/><T2/><D2/><U107/><E107/><V96/><AGARI ba="0,0" hai="14,17,21,29,31,88,93,96" m="1641,36199" machi="96" ten="30,8000,1" yaku="8,1,52,2,54,2" doraHai="27" who="2" fromWho="2" sc="310,-20,282,-40,230,80,178,-20" /><INIT seed="2,0,0,2,5,75" ten="290,242,310,158" oya="2" hai0="111,99,85,91,126,94,45,129,46,87,30,92,90" hai1="64,95,53,28,29,52,74,89,48,88,27,24,19" hai2="84,128,3,96,109,57,80,10,2,105,36,31,108" hai3="25,23,69,34,26,72,60,0,70,97,131,78,65"/><V107/><F36/><W8/><G131/><T134/><D129/><U133/><E133/><V113/><F128/><W115/><G115/><T114/><D114/><U43/><E74/><V127/><F113/><W121/><G121/><T1/><D1/><N who="2" m="10" /><F31/><N who="1" m="11849" /><E64/><V103/><F10/><W35/><G25/><N who="1" m="9802" /><E19/><V77/><F57/><W4/><G69/><T63/><D134/><U122/><E122/><V58/><F58/><W13/><G13/><T7/><D30/><U81/><E81/><V40/><F40/><W102/><G23/><T47/><D126/><U83/><E83/><V14/><F14/><W118/><G26/><T44/><D111/><N who="2" m="42570" /><F127/><W123/><G123/><T67/><D7/><U86/><E89/><V120/><F120/><W21/><G21/><T135/><D135/><U68/><E68/><V101/><F101/><W104/><G118/><T76/><D47/><AGARI ba="0,0" hai="43,47,48,52,53,86,88,95" m="9802,11849" machi="47" ten="30,3900,0" yaku="8,1,54,2" doraHai="75" who="1" fromWho="0" sc="290,-39,242,39,310,0,158,0" /><INIT seed="3,0,0,5,2,106" ten="251,281,310,158" oya="3" hai0="21,48,2,100,6,71,26,108,119,97,51,125,46" hai1="112,86,77,41,11,115,5,3,37,57,126,10,45" hai2="82,93,101,121,65,55,67,75,89,52,104,63,111" hai3="27,58,12,95,14,79,39,44,73,99,76,133,130"/><W90/><G130/><T0/><D119/><U110/><E110/><V88/><F111/><W19/><G133/><T31/><D71/><U30/><E126/><V56/><F121/><W134/><G134/><T43/><D108/><U62/><E30/><V16/><F104/><W129/><G129/><T85/><D125/><U96/><E11/><V1/><F1/><W64/><G73/><T33/><D6/><U132/><E132/><V109/><F109/><W25/><G12/><T113/><D113/><U24/><E24/><N who="3" m="9290" /><G39/><T66/><D33/><U7/><E96/><N who="2" m="59535" /><F75/><W61/><G44/><T23/><D23/><AGARI ba="0,0" hai="14,19,23,58,61,64,76,79,90,95,99" m="9290" machi="23" ten="30,1500,0" yaku="8,1" doraHai="106" who="3" fromWho="0" sc="251,-15,281,0,310,0,158,15" /><INIT seed="3,1,0,3,5,53" ten="236,281,310,173" oya="3" hai0="0,42,122,131,34,9,58,81,100,43,86,12,114" hai1="28,61,91,20,47,124,85,31,76,74,79,24,84" hai2="10,6,64,109,121,112,21,125,4,108,56,22,62" hai3="8,88,133,29,44,99,2,113,111,7,69,1,17"/><W103/><G113/><T36/><D122/><U13/><E124/><V63/><F112/><W94/><G133/><T3/><D114/><U23/><E74/><V65/><F125/><W40/><G111/><N who="2" m="42569" /><F121/><W135/><G135/><T66/><D34/><U19/><E31/><V68/><F4/><W82/><G69/><T26/><D26/><U46/><E61/><V92/><F92/><W57/><G29/><T32/><D32/><U35/><E35/><V15/><AGARI ba="1,0" hai="6,10,15,21,22,56,62,63,64,65,68" m="42569" machi="15" ten="30,2000,0" yaku="14,1,52,1" doraHai="53" who="2" fromWho="2" sc="236,-6,281,-6,310,23,173,-11" owari="230,-17.0,275,8.0,333,43.0,162,-34.0" /></mjloggm>