<mjloggm ver="2.3"><GO type="169" lobby="0"/><UN n0="%E9%87%8E%E4%B8%AD%E6%99%B4" n1="%E3%83%AB%E3%83%AB%E5%8F%82%E4%B8%8A" n2="%E9%89%84%E7%A8%9A%E9%AD%9A%E3%82%AB%E3%83%A2%E9%A4%8A%E5%88%86" n3="%E7%A5%9E%E9%A2%A8%E3%81%A6%E3%81%83%E3%81%A3%E3%81%97%E3%82%85" dan="16,17,18,16" rate="2069.33,2172.80,2202.21,2157.19" sx="F,F,F,M"/><TAIKYOKU oya="0"/><INIT seed="0,0,0,2,0,33" ten="250,250,250,250" oya="0" hai0="121,122,13,9,99,12,64,16,52,100,129,21,134" hai1="108,76,69,41,72,30,117,55,74,75,73,131,80" hai2="29,111,4,1,31,27,86,113,0,78,115,124,83" hai3="8,126,92,28,53,96,118,109,60,89,66,95,98"/><T47/><D129/><U128/><E117/><V102/><F102/><W77/><G118/><T17/><D134/><U84/><E108/><V93/><F111/><W38/><G38/><T45/><D64/><U44/><E69/><V103/><F124/><W42/><G42/><T97/><D97/><U90/><E30/><V34/><F31/><W67/><G109/><T123/><REACH who="0" step="1"/><D52/><REACH who="0" ten="240,250,250,250" step="2"/><U25/><E55/><V2/><REACH who="2" step="1"/><F4/><REACH who="2" ten="240,250,240,250" step="2"/><W104/><G126/><T37/><D37/><U11/><E128/><V70/><F70/><W46/><G67/><T15/><D15/><U59/><E131/><V7/><F7/><W49/><G66/><T19/><D19/><U54/><E41/><V50/><F50/><W57/><G49/><T135/><D135/><U114/><E114/><V107/><F107/><AGARI ba="0,2" hai="9,12,13,16,17,21,45,47,99,100,107,121,122,123" machi="107" ten="40,3900,0" yaku="1,1,54,1,53,0" doraHai="33" doraHaiUra="51" who="0" fromWho="2" sc="240,59,250,0,240,-39,250,0" /><INIT seed="0,1,0,5,4,109" ten="299,250,201,250" oya="0" hai0="127,10,67,45,44,39,43,84,79,62,6,25,73" hai1="33,125,75,130,27,99,55,110,16,115,30,17,118" hai2="102,9,119,126,54,36,71,37,2,35,31,81,123" hai3="12,112,77,59,23,60,18,107,41,100,56,87,131"/><T47/><D127/><U134/><E99/><V74/><F123/><W65/><G131/><T26/><D84/><U97/><E97/><V96/><F126/><W51/><G107/><T34/><D34/><U7/><E55/><V50/><F119/><W133/><G133/><T3/><D26/><U93/><E93/><V132/><F71/><W135/><G135/><T29/><D29/><U80/><E80/><V5/><F132/><W8/><G100/><T114/><D25/><N who="1" m="18639" /><E75/><V117/><F117/><W98/><G98/><T76/><D76/><U104/><E104/><N who="2" m="63559" /><F50/><W52/><G41/><T128/><D128/><U103/><E103/><V68/><F54/><W48/><G48/><T57/><REACH who="0" step="1"/><D114/><REACH who="0" ten="289,250,201,250" step="2"/><U108/><E115/><V86/><F86/><W28/><G112/><T106/><D106/><U20/><E125/><V21/><F35/><W90/><G77/><T1/><D1/><U64/><E130/><V58/><F2/><W70/><G28/><T129/><D129/><U63/><E134/><V124/><F31/><W38/><G38/><T46/><D46/><U101/><E118/><V83/><F37/><W94/><REACH who="3" step="1"/><G70/><REACH who="3" ten="289,250,201,240" step="2"/><T88/><D88/><U4/><E110/><V113/><F36/><W24/><G24/><T82/><AGARI ba="1,2" hai="3,6,10,39,43,44,45,47,57,62,67,73,79,82" machi="82" ten="30,11700,0" yaku="1,1,0,1,25,2,53,0" doraHai="109" doraHaiUra="111" who="0" fromWho="0" sc="289,140,250,-40,201,-40,240,-40" /><INIT seed="0,2,0,2,0,82" ten="429,210,161,200" oya="0" hai0="29,70,98,43,68,39,56,121,4,25,58,109,111" hai1="10,19,100,37,117,127,79,36,5,30,118,18,26" hai2="120,93,52,71,13,45,134,27,73,86,97,54,32" hai3="87,123,49,102,14,61,103,23,65,33,46,107,24"/><T115/><D115/><U44/><E127/><V119/><F120/><W122/><G107/><T40/><D4/><U125/><E125/><V76/><F73/><W77/><G33/><T112/><D112/><U84/><E100/><V47/><F71/><N who="0" m="27178" /><D98/><U130/><E130/><V132/><F119/><W6/><G123/><T3/><D3/><U22/><E79/><V99/><F13/><W1/><G1/><T131/><D121/><U48/><E37/><V105/><F105/><W110/><G14/><T106/><D106/><U41/><E117/><V108/><F108/><N who="0" m="41546" /><D131/><U12/><E118/><V20/><F32/><W95/><G6/><T42/><D39/><U67/><E36/><V59/><F99/><W126/><G126/><T94/><D94/><U57/><E84/><V9/><F9/><W2/><G2/><T50/><D50/><U88/><E88/><N who="2" m="53399" /><F97/><W104/><G110/><T62/><D62/><AGARI ba="2,0" hai="5,10,12,18,19,22,26,30,41,44,48,57,62,67" machi="62" ten="40,1300,0" yaku="8,1" doraHai="82" who="1" fromWho="0" sc="429,-19,210,19,161,0,200,0" /><INIT seed="1,0,0,1,1,33" ten="410,229,161,200" oya="1" hai0="20,99,62,18,109,87,73,130,131,48,14,3,34" hai1="8,120,61,2,10,118,0,89,97,43,52,36,126" hai2="58,101,22,11,81,6,84,133,49,44,35,57,60" hai3="25,96,88,72,65,116,4,9,13,26,78,41,106"/><U45/><E118/><V128/><F128/><N who="0" m="49194" /><D73/><U42/><E120/><V102/><F133/><W95/><G116/><T23/><D34/><U70/><E43/><V32/><F22/><W19/><G65/><T77/><D109/><U24/><E126/><V79/><F35/><W114/><G114/><T75/><D75/><U64/><E24/><V40/><F32/><W68/><G68/><T55/><D62/><U93/><REACH who="1" step="1"/><E52/><REACH who="1" ten="410,219,161,200" step="2"/><V29/><F29/><W108/><G41/><T105/><D55/><U67/><E67/><V111/><F111/><W74/><G108/><T85/><D48/><U90/><E90/><V50/><F50/><W103/><G26/><T39/><D39/><U110/><E110/><V122/><F122/><W54/><G54/><T47/><D47/><U127/><E127/><V56/><REACH who="2" step="1"/><F60/><REACH who="2" ten="410,219,151,200" step="2"/><W117/><G117/><T83/><D77/><U1/><AGARI ba="0,2" hai="0,1,2,8,10,36,42,45,61,64,70,89,93,97" machi="1" ten="30,12000,1" yaku="1,1,0,1,52,3,53,0" doraHai="33" doraHaiUra="132" who="1" fromWho="1" sc="410,-40,219,140,151,-40,200,-40" /><INIT seed="1,1,0,0,1,126" ten="370,359,111,160" oya="1" hai0="93,71,36,29,110,42,87,61,9,106,20,125,65" hai1="52,19,134,77,96,79,8,90,26,73,130,101,118" hai2="28,95,30,80,18,45,108,97,23,66,68,129,21" hai3="132,51,1,38,14,2,11,10,15,122,107,44,91"/><U85/><E118/><V25/><F108/><W67/><G122/><T99/><D125/><U105/><E134/><V78/><F68/><W116/><G107/><T124/><D124/><U115/><E115/><V37/><F66/><W81/><G67/><T86/><D110/><U131/><E73/><V35/><F30/><W3/><G38/><T111/><D111/><U94/><E52/><V120/><F120/><W33/><G132/><T53/><D106/><U104/><E104/><V17/><F35/><W89/><G33/><T16/><D9/><U74/><E26/><V34/><F34/><W135/><G135/><T48/><D36/><U121/><E121/><V100/><F23/><W54/><G116/><T103/><D29/><U24/><E24/><V22/><F22/><W63/><G63/><T70/><D71/><U7/><E19/><V59/><F59/><W0/><G0/><T39/><D39/><U32/><E32/><V5/><F5/><W72/><G72/><T133/><D42/><U84/><E84/><V113/><F113/><W43/><G43/><T58/><REACH who="0" step="1"/><D133/><REACH who="0" ten="360,359,111,160" step="2"/><U114/><E114/><V98/><F37/><W57/><G1/><T13/><AGARI ba="1,1" hai="13,16,20,48,53,58,61,65,70,86,87,93,99,103" machi="13" ten="20,8000,1" yaku="1,1,2,1,0,1,7,1,54,1,53,0" doraHai="126" doraHaiUra="123" who="0" fromWho="0" sc="360,93,359,-41,111,-21,160,-21" /><INIT seed="2,0,0,5,5,78" ten="453,318,90,139" oya="2" hai0="94,48,50,46,41,134,114,127,54,39,44,85,62" hai1="64,95,34,100,8,125,115,42,93,126,66,120,108" hai2="119,86,37,129,89,61,72,9,28,30,15,49,4" hai3="128,84,73,3,131,27,23,24,32,79,1,135,82"/><V13/><F119/><W57/><G135/><T104/><D104/><U0/><E115/><V83/><F37/><W20/><G73/><T97/><D114/><U103/><E34/><V53/><F129/><N who="3" m="49739" /><G57/><T80/><D134/><U29/><E29/><V7/><F72/><W110/><G110/><T59/><D127/><U38/><E108/><V51/><F61/><W107/><G107/><T47/><D39/><U21/><E38/><V5/><F51/><W56/><G56/><T117/><D117/><U2/><E21/><N who="3" m="8266" /><G32/><T113/><D113/><U16/><E42/><V130/><F130/><W81/><G81/><T71/><D71/><U25/><E25/><AGARI ba="0,0" hai="1,3,24,25,27,79,82,84" m="8266,49739" machi="25" ten="30,2000,0" yaku="19,1,52,1" doraHai="78" who="3" fromWho="1" sc="453,0,318,-20,90,0,139,20" /><INIT seed="3,0,0,2,0,39" ten="453,298,90,159" oya="3" hai0="80,72,132,86,19,61,133,21,53,17,94,73,58" hai1="124,110,63,116,82,29,15,46,16,115,90,27,71" hai2="25,102,20,128,89,122,32,48,52,69,49,65,92" hai3="77,88,66,64,57,42,34,99,50,123,91,120,40"/><W76/><G34/><T47/><D94/><U75/><E115/><V131/><F32/><W30/><G30/><T9/><D9/><U55/><E110/><V130/><F122/><W31/><G31/><T87/><D47/><U43/><E124/><V35/><F35/><W33/><G33/><T68/><D68/><U106/><E106/><V37/><F37/><W129/><G129/><T5/><D5/><U54/><E116/><V81/><F102/><W113/><G113/><T22/><D80/><U0/><E0/><V127/><F127/><W51/><G57/><T104/><D104/><U59/><E71/><V14/><F14/><W26/><REACH who="3" step="1"/><G99/><REACH who="3" ten="453,298,90,149" step="2"/><T97/><D97/><U45/><E29/><N who="2" m="17575" /><F69/><W13/><G13/><T109/><D58/><U62/><E27/><AGARI ba="0,1" hai="26,27,40,42,50,51,64,66,76,77,88,91,120,123" machi="27" ten="25,18000,2" yaku="1,1,22,2,52,2,54,1,53,0" doraHai="39" doraHaiUra="18" who="3" fromWho="1" sc="453,0,298,-180,90,0,149,190" /><INIT seed="3,1,0,0,2,42" ten="453,118,90,339" oya="3" hai0="11,38,23,20,14,3,93,31,61,49,124,119,103" hai1="22,107,25,58,89,16,111,45,132,24,27,110,104" hai2="94,7,106,59,127,52,13,36,71,125,128,0,37" hai3="21,88,2,116,70,32,73,39,48,134,118,105,98"/><W75/><G39/><T41/><D38/><U131/><E131/><V79/><F106/><W130/><G32/><T108/><D119/><U109/><E132/><V91/><F0/><W100/><G70/><T68/><D3/><U33/><E58/><V76/><F71/><W34/><G34/><T102/><D124/><N who="2" m="47690" /><F128/><W50/><G2/><T122/><D122/><U15/><E89/><V133/><F133/><W92/><G50/><T84/><D61/><U83/><E83/><V72/><F7/><W74/><G130/><T113/><D68/><U17/><E33/><V126/><F13/><W30/><G134/><T77/><D113/><U29/><E29/><V85/><N who="2" m="47698" /><V28/><DORA hai="5" /><F28/><W96/><REACH who="3" step="1"/><G48/><REACH who="3" ten="453,118,90,329" step="2"/><T51/><D49/><U26/><E45/><V129/><F129/><W64/><G64/><T67/><D67/><U90/><REACH who="1" step="1"/><E90/><REACH who="1" ten="453,108,90,329" step="2"/><V115/><F91/><W10/><G10/><AGARI ba="1,2" hai="10,15,16,17,22,24,25,26,27,104,107,109,110,111" machi="10" ten="50,16000,3" yaku="1,1,2,1,14,1,52,1,54,1,53,3" doraHai="42,5" doraHaiUra="99,121" who="1" fromWho="3" sc="453,0,108,183,90,0,329,-163" /><INIT seed="4,0,0,5,3,53" ten="453,291,90,166" oya="0" hai0="123,36,59,51,6,49,77,39,29,118,131,21,58" hai1="78,64,17,43,44,105,12,124,25,16,42,84,3" hai2="81,113,83,31,20,57,14,8,112,109,120,115,68" hai3="27,5,11,2,72,22,125,40,67,26,103,126,28"/><T75/><D118/><U0/><E105/><V55/><F120/><W135/><G72/><T80/><D123/><U107/><E107/><V95/><F109/><W79/><G79/><T15/><D131/><U114/><E124/><N who="3" m="47722" /><G103/><T76/><D76/><U129/><E64/><V9/><F68/><W74/><G74/><T38/><D6/><U101/><E101/><V88/><F31/><N who="3" m="17879" /><G40/><T65/><D65/><U46/><E78/><V92/><F20/><N who="3" m="15463" /><G67/><T82/><D82/><U47/><E129/><V133/><F133/><AGARI ba="0,0" hai="2,5,11,133,135" m="15463,17879,47722" machi="133" ten="30,3900,0" yaku="18,1,34,2" doraHai="53" who="3" fromWho="2" sc="453,0,291,0,90,-39,166,39" /><INIT seed="5,0,0,5,4,31" ten="453,291,51,205" oya="1" hai0="116,123,7,115,79,108,130,59,103,90,100,46,82" hai1="117,2,95,77,76,113,92,80,61,69,129,64,14" hai2="94,98,120,17,122,35,62,21,29,32,93,10,11" hai3="34,91,87,41,42,48,131,1,13,51,96,125,127"/><U54/><E2/><V40/><F40/><W5/><G1/><T78/><D46/><U85/><E117/><V20/><F62/><W3/><G3/><T112/><D59/><U128/><E113/><V109/><F98/><W114/><G114/><T37/><D37/><U118/><E118/><V97/><F97/><W43/><G34/><N who="2" m="12841" /><F109/><W30/><G30/><T25/><D25/><U26/><E76/><V65/><F65/><W19/><G5/><T57/><D57/><U58/><E26/><N who="2" m="16583" /><F94/><N who="3" m="54655" /><G96/><T70/><D70/><U18/><E92/><V71/><F93/><W106/><G106/><T105/><D7/><U33/><E33/><V119/><F71/><W86/><G86/><T126/><D108/><U67/><E95/><V104/><F104/><W24/><G24/><T74/><D116/><U134/><E69/><V28/><F28/><W15/><G48/><T49/><D49/><U72/><E72/><V27/><F119/><W50/><G51/><T8/><D105/><U111/><E111/><V73/><F73/><W39/><G50/><T81/><D74/><U38/><E38/><V6/><F10/><N who="3" m="6583" /><G39/><T4/><D8/><N who="1" m="6471" /><E67/><V132/><F132/><W53/><G53/><T110/><D110/><U23/><E134/><V0/><AGARI ba="0,0" hai="0,6,11,17,21,27,120,122" m="16583,12841" machi="0" ten="30,8000,1" yaku="34,2,52,3" doraHai="31" who="2" fromWho="2" sc="453,-20,291,-40,51,80,205,-20" /><INIT seed="6,0,0,0,2,57" ten="433,251,131,185" oya="2" hai0="51,7,47,24,85,88,132,126,100,31,15,52,46" hai1="72,18,16,65,12,121,117,115,33,43,75,44,37" hai2="60,67,127,49,70,81,107,131,71,41,69,98,34" hai3="9,122,63,4,56,106,42,104,0,86,39,102,112"/><V135/><F135/><W96/><G122/><T19/><D132/><U64/><E117/><V133/><F133/><W48/><G39/><T32/><D126/><U125/><E33/><V77/><F127/><W95/><G112/><T109/><D109/><U45/><E125/><V90/><F131/><W74/><G74/><T113/><D113/><U59/><E115/><V78/><F34/><W30/><G30/><T103/><D47/><U5/><E5/><V58/><F107/><W55/><G42/><T108/><D7/><U27/><E121/><V110/><F110/><W13/><G0/><T80/><D108/><U68/><E64/><V38/><F38/><W8/><G8/><AGARI ba="0,0" hai="8,15,19,24,31,32,46,51,52,80,85,88,100,103" machi="8" ten="30,8000,1" yaku="7,1,25,2,54,2" doraHai="57" who="0" fromWho="3" sc="433,80,251,0,131,0,185,-80" /><INIT seed="7,0,0,3,4,133" ten="513,251,131,105" oya="3" hai0="50,86,112,91,56,8,21,92,37,79,55,58,7" hai1="41,106,30,1,67,68,3,14,53,108,81,90,131" hai2="54,4,121,47,66,105,84,35,70,74,51,115,27" hai3="87,124,104,36,114,38,61,29,88,129,93,111,40"/><W59/><G114/><T6/><D112/><U132/><E106/><V11/><F74/><W65/><G129/><T76/><D37/><U63/><E41/><V52/><F115/><W62/><G111/><T49/><D21/><U5/><E30/><V102/><F121/><W128/><G128/><T60/><D49/><U110/><E3/><V130/><F130/><W82/><G104/><T19/><D19/><U31/><E1/><V18/><F84/><W20/><G124/><T45/><D58/><U134/><E131/><V135/><F135/><W71/><G40/><T118/><D118/><U117/><E117/><V0/><F54/><W15/><G82/><T119/><D119/><U64/><E64/><V85/><F85/><W113/><G113/><T39/><D39/><U103/><E103/><V107/><F102/><W32/><G32/><T42/><D7/><U126/><E126/><V28/><REACH who="2" step="1"/><F18/><REACH who="2" ten="513,251,121,105" step="2"/><W34/><G34/><T26/><REACH who="0" step="1"/><D26/><REACH who="0" ten="503,251,121,105" step="2"/><U83/><E53/><V101/><F101/><W33/><G33/><T94/><D94/><U25/><E25/><V122/><F122/><W12/><G38/><T10/><D10/><U48/><E132/><V23/><F23/><W127/><G36/><T9/><D9/><U13/><E134/><V73/><F73/><W46/><G46/><T125/><D125/><U17/><E17/><V96/><F96/><W98/><G127/><T95/><D95/><U75/><E75/><V78/><F78/><W109/><G98/><T123/><D123/><U100/><E108/><V72/><F72/><W99/><G99/><T57/><D57/><RYUUKYOKU ba="0,2" sc="503,15,251,-15,121,15,105,-15" hai0="6,8,42,45,50,55,56,60,76,79,86,91,92" hai2="0,4,11,27,28,35,47,51,52,66,70,105,107" owari="538,63.0,236,4.0,136,-26.0,90,-41.0" /></mjloggm>