<mjloggm ver="2.3"><GO type="169" lobby="0"/><UN n0="%E3%82%B5%E3%83%B3%E3%83%9E%E9%81%93%E6%A5%BD%E3%81%AE%E4%BA%BA" n1="%E3%81%82%E3%81%84%E3%81%A0%E3%81%A6" n2="%E7%B6%BE%E7%80%AC%E5%B8%82%E6%B0%91" n3="%E4%BD%BF%E5%BE%92%E2%80%A0%E3%82%84%E3%82%93%E3%81%97%E3%81%97%E3%83%BC" dan="16,16,17,16" rate="2130.01,2099.97,2133.22,2080.86" sx="M,M,M,F"/><TAIKYOKU oya="0"/><INIT seed="0,0,0,4,2,8" ten="250,250,250,250" oya="0" hai0="82,101,79,21,27,134,65,67,132,81,111,52,18" hai1="97,129,39,33,71,75,77,131,118,76,31,11,25" hai2="94,83,48,135,51,128,58,105,100,69,127,53,63" hai3="36,46,84,87,24,40,66,55,29,23,121,26,74"/><T7/><D111/><U1/><E118/><V28/><F128/><W72/><G66/><T16/><D101/><U116/><E116/><V106/><F127/><W44/><G121/><T37/><D37/><U22/><E39/><V73/><F135/><N who="0" m="51754" /><D7/><N who="1" m="1519" /><E71/><V99/><F51/><W57/><G44/><T20/><D52/><U117/><E117/><V6/><F6/><W30/><G72/><N who="0" m="43239" /><D82/><U95/><E75/><V3/><F83/><W12/><G74/><T2/><D2/><U126/><E126/><V19/><F73/><W56/><G55/><T90/><D90/><N who="1" m="55543" /><E77/><V108/><F3/><W17/><G56/><T85/><D85/><U60/><E76/><V103/><F103/><W45/><G57/><T98/><D98/><U0/><E0/><V119/><F108/><W120/><G45/><T70/><D70/><U93/><E60/><V42/><F119/><W89/><G89/><T15/><AGARI ba="0,0" hai="15,16,18,20,21,27,65,67" m="43239,51754" machi="15" ten="30,6000,0" yaku="20,1,52,1,54,1" doraHai="8" who="0" fromWho="0" sc="250,60,250,-20,250,-20,250,-20" /><INIT seed="0,1,0,5,5,119" ten="310,230,230,230" oya="0" hai0="31,62,91,74,47,118,108,22,45,123,58,4,23" hai1="44,67,14,79,37,21,6,54,102,131,17,69,83" hai2="121,106,0,40,87,132,66,1,78,34,56,16,92" hai3="124,100,35,51,65,114,25,76,95,101,36,29,72"/><T80/><D118/><U75/><E131/><V127/><F106/><W129/><G114/><T134/><D4/><U120/><E120/><V133/><F34/><W33/><G36/><T71/><D71/><U28/><E102/><V46/><F127/><W42/><G129/><T8/><D8/><U107/><E107/><V98/><F121/><W77/><G65/><T135/><D123/><U63/><E6/><V50/><F78/><W10/><G35/><T49/><D108/><U41/><REACH who="1" step="1"/><E28/><REACH who="1" ten="310,220,230,230" step="2"/><V20/><F132/><W84/><G29/><T24/><D134/><U109/><E109/><V86/><F133/><W55/><G124/><T130/><D135/><U94/><E94/><V89/><F0/><W110/><G95/><T48/><D130/><U9/><E9/><V96/><F1/><W104/><G10/><T60/><D31/><U26/><E26/><V27/><REACH who="2" step="1"/><F96/><REACH who="2" ten="310,220,220,230" step="2"/><W85/><G104/><T113/><D113/><U64/><E64/><V57/><F57/><W3/><G3/><T68/><D58/><U88/><E88/><V111/><F111/><W70/><G110/><T32/><D91/><U97/><E97/><V39/><F39/><W82/><G76/><T53/><D68/><U7/><E7/><V59/><F59/><W81/><G70/><T15/><D32/><U73/><E73/><V90/><F90/><W93/><G72/><T99/><D99/><U11/><E11/><V128/><F128/><W52/><G77/><T115/><D74/><U105/><E105/><V116/><F116/><W125/><G125/><T12/><D115/><U13/><E13/><RYUUKYOKU ba="1,2" sc="310,-15,220,15,220,15,230,-15" hai1="14,17,21,37,41,44,54,63,67,69,75,79,83" hai2="16,20,27,40,46,50,56,66,86,87,89,92,98" /><INIT seed="1,2,2,1,1,126" ten="295,235,235,215" oya="1" hai0="99,71,81,14,54,78,97,63,25,39,104,32,27" hai1="123,38,111,92,93,1,116,29,72,44,69,24,37" hai2="0,51,46,91,62,66,109,12,4,82,41,20,134" hai3="48,70,89,61,96,21,129,120,47,30,75,35,7"/><U107/><E116/><V3/><F109/><W114/><G120/><T124/><D124/><U131/><E123/><V58/><F134/><W50/><G75/><T33/><D54/><U65/><E111/><V115/><F115/><W74/><G74/><T10/><D39/><U122/><E122/><V101/><F101/><W102/><G7/><T86/><D27/><U64/><E107/><V73/><F20/><W108/><G114/><T9/><D32/><U80/><E1/><V105/><F105/><W85/><G21/><T16/><D10/><U60/><E65/><V56/><F56/><W43/><G48/><T94/><D104/><U18/><E18/><V23/><F23/><W110/><G110/><T15/><D15/><U125/><E92/><V67/><F67/><W49/><G35/><T79/><D79/><N who="1" m="44135" /><E93/><V87/><REACH who="2" step="1"/><F73/><REACH who="2" ten="295,235,225,215" step="2"/><W90/><G102/><T117/><D117/><U5/><E125/><V55/><F55/><W68/><G108/><T34/><D34/><N who="1" m="20775" /><E44/><V130/><F130/><W31/><G129/><T135/><D135/><U119/><E119/><V2/><F2/><W121/><G47/><T53/><D71/><U17/><E131/><V132/><F132/><W52/><G121/><T106/><D106/><U128/><E128/><V84/><F84/><W36/><G85/><T133/><D133/><U40/><E64/><V42/><F42/><W22/><G43/><T57/><D97/><U8/><E40/><V59/><F59/><W103/><G96/><T118/><D118/><U76/><E69/><V19/><F19/><W88/><G68/><T83/><D99/><RYUUKYOKU ba="2,3" sc="295,-10,235,-10,225,30,215,-10" hai2="0,3,4,12,41,46,51,58,62,66,82,87,91" /><INIT seed="2,3,3,3,2,131" ten="285,225,255,205" oya="2" hai0="38,74,61,58,34,2,4,66,25,91,97,7,36" hai1="19,40,0,130,12,82,99,67,46,121,108,93,26" hai2="94,6,33,30,116,27,88,126,55,85,118,90,78" hai3="47,62,103,125,112,20,124,14,28,13,73,51,119"/><V10/><F126/><N who="3" m="48747" /><G119/><T132/><D74/><U114/><E114/><V111/><F78/><W123/><G123/><T76/><D76/><U113/><E0/><V69/><F69/><W100/><G73/><T63/><D38/><U72/><E130/><V48/><F111/><W83/><G83/><T53/><D36/><U8/><E113/><V31/><F31/><W109/><G112/><T102/><D91/><U18/><E108/><V129/><F90/><W98/><G62/><T70/><D2/><U9/><E82/><V81/><F81/><W96/><G28/><T11/><D11/><U64/><E72/><V110/><F110/><W133/><G20/><T75/><D75/><U59/><E59/><V17/><F17/><W84/><G84/><T22/><D34/><U80/><E80/><V115/><F115/><W44/><G44/><T49/><D63/><U35/><E35/><V71/><F71/><W15/><G109/><T101/><D101/><N who="3" m="38985" /><G133/><T41/><D41/><AGARI ba="3,3" hai="13,14,15,41,47,51,96,98" m="38985,48747" machi="41" ten="30,1000,0" yaku="18,1" doraHai="131" who="3" fromWho="0" sc="285,-19,225,0,255,0,205,49" /><INIT seed="3,0,0,0,3,80" ten="266,225,255,254" oya="3" hai0="2,12,35,79,53,125,84,7,62,61,6,117,102" hai1="31,0,71,128,76,17,104,1,44,67,134,88,24" hai2="49,65,29,113,87,42,98,93,45,34,37,13,91" hai3="90,109,107,38,56,19,54,94,15,9,129,18,59"/><W97/><G129/><T135/><D117/><U16/><E76/><V83/><F113/><W103/><G38/><T108/><D35/><U39/><E104/><V122/><F122/><W110/><G18/><T64/><D2/><U119/><E0/><V23/><F34/><W130/><G130/><T120/><D108/><N who="3" m="41577" /><G54/><T47/><D135/><U86/><E1/><V123/><F123/><W60/><G60/><T40/><D125/><U63/><E134/><V131/><F131/><W81/><G81/><T52/><D102/><U89/><E119/><V43/><F65/><W100/><G100/><T73/><D73/><U14/><E17/><N who="2" m="10671" /><F37/><W114/><G114/><T74/><D74/><U115/><E115/><V11/><F11/><W4/><G19/><T132/><D132/><U68/><E128/><V36/><F36/><W82/><G82/><N who="0" m="47199" /><D62/><U72/><E72/><V51/><F29/><W70/><G70/><T22/><D120/><U21/><E68/><V66/><F66/><W121/><G121/><T25/><D25/><U3/><E3/><V10/><F10/><W124/><G124/><T58/><D22/><U33/><E39/><V78/><F49/><W8/><G8/><N who="0" m="4119" /><D7/><U85/><REACH who="1" step="1"/><E44/><REACH who="1" ten="266,215,255,254" step="2"/><V26/><F26/><W126/><G126/><T92/><D92/><U5/><E5/><V106/><F106/><W57/><G107/><T101/><D101/><U96/><E96/><V50/><F45/><W30/><G103/><T116/><D116/><U32/><E32/><V41/><AGARI ba="0,1" hai="41,42,43,50,51,78,83,87,91,93,98" m="10671" machi="41" ten="30,2000,0" yaku="8,1,52,1" doraHai="80" who="2" fromWho="2" sc="266,-5,215,-5,255,30,254,-10" /><INIT seed="4,0,0,0,4,11" ten="261,210,285,244" oya="0" hai0="91,98,97,124,20,38,112,23,111,48,84,31,59" hai1="24,121,47,14,90,99,43,76,26,88,65,0,46" hai2="86,85,2,61,123,127,125,6,10,9,28,19,16" hai3="45,129,80,122,60,62,102,52,64,35,27,92,109"/><T96/><D38/><U126/><E126/><N who="2" m="48139" /><F61/><W120/><G109/><T44/><D124/><U83/><E83/><V57/><F57/><W133/><G129/><T68/><D68/><U75/><E121/><V41/><F41/><W21/><G35/><T78/><D112/><U3/><E0/><V130/><F85/><W103/><G133/><T94/><D111/><U51/><E3/><V54/><F54/><W87/><G120/><T55/><D78/><U50/><E65/><V119/><F86/><W95/><G122/><T79/><D79/><U25/><E76/><V34/><F123/><W49/><G103/><T17/><D31/><U81/><E81/><V110/><F110/><W32/><G32/><T8/><D44/><U71/><E99/><V67/><F67/><W107/><G102/><T116/><D116/><U128/><E128/><V1/><F130/><W74/><G74/><T72/><D72/><U30/><E30/><V134/><F134/><W42/><G64/><T82/><D82/><U132/><E71/><V108/><F119/><W33/><G80/><T7/><D7/><U69/><E69/><V77/><F77/><W15/><G87/><T53/><D53/><N who="1" m="29911" /><E75/><V36/><F36/><W58/><G52/><T37/><D37/><U131/><E131/><V56/><F56/><W113/><G58/><T70/><D70/><U89/><E132/><V18/><F108/><W12/><G42/><T73/><D73/><U105/><E105/><V39/><F39/><W100/><G107/><T40/><D40/><U13/><AGARI ba="0,0" hai="13,14,24,25,26,43,47,51,88,89,90" m="29911" machi="13" ten="40,8000,1" yaku="8,1,52,2,54,1" doraHai="11" who="1" fromWho="1" sc="261,-40,210,80,285,-20,244,-20" /><INIT seed="5,0,0,2,4,17" ten="221,290,265,224" oya="1" hai0="118,36,77,109,24,69,100,107,111,55,81,9,8" hai1="126,121,97,63,61,128,82,48,72,105,16,23,76" hai2="31,99,51,54,28,4,53,116,6,11,42,60,13" hai3="134,127,112,90,5,20,135,130,49,47,52,56,88"/><U67/><E121/><V14/><F116/><W113/><G130/><T18/><D118/><U37/><E37/><V74/><F74/><W70/><G70/><T32/><D36/><U39/><E39/><V120/><F120/><W106/><G127/><T38/><D38/><U40/><E128/><V84/><F99/><W94/><G106/><T59/><D69/><U86/><E72/><V133/><F133/><N who="3" m="50699" /><G5/><T58/><D58/><U71/><E126/><V1/><F1/><W66/><G20/><T85/><D9/><U79/><E63/><V12/><F42/><N who="3" m="24823" /><G66/><T7/><D100/><U132/><E132/><V65/><F84/><N who="3" m="52487" /><G90/><T89/><D89/><U57/><E79/><V115/><F65/><W123/><G123/><T22/><D107/><U80/><E80/><V78/><F78/><W33/><G33/><T21/><D21/><U119/><E119/><V93/><F6/><W87/><G87/><T73/><D32/><U131/><E131/><V25/><F28/><W62/><AGARI ba="0,0" hai="52,56,62,112,113" m="52487,24823,50699" machi="62" ten="30,4000,0" yaku="20,1,54,2" doraHai="17" who="3" fromWho="3" sc="221,-10,290,-20,265,-10,224,40" /><INIT seed="6,0,0,4,2,0" ten="211,270,255,264" oya="2" hai0="16,120,25,97,62,10,109,80,131,133,99,130,46" hai1="108,18,73,47,63,40,106,64,7,50,57,88,90" hai2="129,44,72,28,89,33,100,39,37,13,27,85,71" hai3="31,102,19,23,35,122,51,79,6,104,24,65,112"/><V58/><F71/><W119/><G119/><T11/><D120/><U42/><E108/><V52/><F72/><W93/><G122/><T60/><D109/><U9/><E106/><V8/><F129/><W132/><G132/><T83/><D46/><U56/><E73/><V48/><F100/><W30/><G104/><T1/><D1/><U118/><E118/><V101/><F101/><W126/><G126/><T127/><D25/><U69/><E18/><V124/><F124/><W49/><G112/><T77/><D127/><U66/><E42/><V116/><F58/><W3/><G79/><T105/><D105/><U12/><E69/><V14/><F116/><W29/><G65/><T67/><D67/><U84/><E84/><V110/><F110/><W17/><G17/><T78/><REACH who="0" step="1"/><D16/><REACH who="0" ten="201,270,255,264" step="2"/><U70/><E70/><V21/><F33/><W96/><G35/><T134/><AGARI ba="0,1" hai="10,11,60,62,77,78,80,83,97,99,130,131,133,134" machi="134" ten="25,8000,1" yaku="1,1,2,1,0,1,22,2,53,0" doraHai="0" doraHaiUra="26" who="0" fromWho="0" sc="201,90,270,-20,255,-40,264,-20" /><INIT seed="7,0,0,3,3,40" ten="291,250,215,244" oya="3" hai0="110,64,97,55,132,104,51,134,112,10,6,71,128" hai1="57,5,16,56,28,92,81,135,120,131,30,66,31" hai2="29,20,86,91,0,83,65,122,72,133,33,46,109" hai3="121,101,115,80,82,63,2,15,53,70,8,87,17"/><W62/><G121/><T96/><D110/><U41/><E120/><V89/><F109/><W1/><G115/><T3/><D112/><U107/><E107/><V73/><F122/><W103/><G1/><T76/><D76/><U108/><E108/><V102/><F133/><N who="0" m="51306" /><D104/><U90/><E131/><V50/><F33/><W114/><G114/><T69/><D128/><U35/><E5/><V23/><F0/><W100/><G2/><T43/><D43/><U58/><E35/><V123/><F123/><W24/><G24/><T130/><D130/><U77/><E41/><V60/><F102/><W19/><G19/><T52/><D55/><U95/><E135/><V68/><F91/><W45/><G70/><N who="0" m="26635" /><D64/><U48/><E66/><V18/><F29/><W49/><G80/><T79/><D79/><AGARI ba="0,0" hai="8,15,17,45,49,53,62,63,79,82,87,100,101,103" machi="79" ten="40,3900,0" yaku="8,1,52,1" doraHai="40" who="3" fromWho="0" sc="291,-39,250,0,215,0,244,39" /><INIT seed="7,1,0,0,1,103" ten="252,250,215,283" oya="3" hai0="13,112,19,27,123,122,22,76,46,21,97,130,102" hai1="127,57,18,29,100,79,26,77,34,2,128,53,89" hai2="49,60,23,125,81,126,113,92,24,36,98,10,135" hai3="14,78,6,31,96,70,45,101,133,68,56,50,35"/><W121/><G121/><T117/><D117/><U114/><E114/><V25/><F36/><W65/><G78/><T30/><D112/><U0/><E127/><V67/><F113/><W88/><G133/><T33/><D130/><U12/><E128/><V58/><F135/><W1/><G88/><T52/><D76/><U134/><E100/><V8/><F81/><W90/><G90/><T40/><D33/><U66/><E66/><V63/><F63/><W132/><G1/><T120/><D52/><U5/><E0/><V17/><F24/><W129/><G132/><T32/><D32/><U3/><E3/><V84/><F84/><W75/><G75/><T28/><D28/><U82/><E89/><V85/><F85/><W41/><G31/><T51/><REACH who="0" step="1"/><D120/><REACH who="0" ten="242,250,215,283" step="2"/><U107/><E79/><V42/><F125/><W105/><G35/><T116/><D116/><U64/><E134/><V62/><F126/><W93/><G129/><T39/><D39/><U59/><E64/><V111/><F111/><W94/><G65/><T4/><D4/><U104/><E53/><V9/><F62/><W69/><G56/><T91/><D91/><U61/><E61/><V71/><F71/><W48/><G50/><T106/><AGARI ba="1,1" hai="13,19,21,22,27,30,40,46,51,97,102,106,122,123" machi="106" ten="20,5200,0" yaku="1,1,0,1,7,1,52,1,53,0" doraHai="103" doraHaiUra="124" who="0" fromWho="0" sc="242,65,250,-14,215,-14,283,-27" owari="307,40.0,236,-16.0,201,-30.0,256,6.0" /></mjloggm>