<mjloggm ver="2.3"><GO type="169" lobby="0"/><UN n0="%7A%6B%75%72%74" n1="%54%2D%4C%6F%77" n2="%E6%B9%98%E5%8C%97%E2%91%AD%E4%B8%89%E4%BA%95%E5%AF%BF" n3="%E3%81%88%E3%82%93%E3%81%BA%E3%82%89%E3%83%BC" dan="17,16,17,16" rate="2223.83,2085.01,2153.83,2137.67" sx="M,M,M,M"/><TAIKYOKU oya="0"/><INIT seed="0,0,0,0,5,89" ten="250,250,250,250" oya="0" hai0="54,108,133,96,68,77,46,50,123,34,74,24,33" hai1="119,91,22,109,110,114,126,78,121,72,117,122,42" hai2="118,32,63,84,57,0,45,51,49,56,10,81,44" hai3="20,48,103,29,5,25,38,66,75,16,105,93,79"/><T8/><D123/><N who="1" m="47115" /><E42/><V52/><F32/><W15/><G105/><T17/><D68/><U62/><E62/><V21/><F118/><N who="1" m="45065" /><E126/><V64/><F21/><W1/><G38/><T125/><D125/><U113/><E91/><V11/><F0/><W98/><G66/><T127/><D127/><U129/><E129/><V9/><REACH who="2" step="1"/><F51/><REACH who="2" ten="250,250,240,250" step="2"/><W47/><G1/><T69/><D50/><U2/><E2/><V82/><F82/><W131/><G131/><T106/><D34/><U23/><E23/><V41/><F41/><W83/><G5/><T97/><D33/><U115/><E22/><V60/><F60/><W120/><G120/><T53/><D8/><U85/><E72/><V124/><F124/><W102/><G15/><T111/><D74/><U59/><E59/><V6/><F6/><W95/><G29/><T13/><D13/><U3/><E3/><V128/><F128/><W130/><G130/><T100/><D69/><U92/><E92/><V99/><F99/><W12/><G12/><T43/><D97/><U86/><E86/><V18/><F18/><W71/><G71/><T37/><D17/><U116/><E116/><V132/><F132/><W40/><G95/><T80/><D133/><U76/><E85/><V28/><F28/><W134/><G134/><T30/><D30/><U31/><E31/><V101/><F101/><AGARI ba="0,1" hai="16,20,25,40,47,48,75,79,83,93,98,101,102,103" machi="101" ten="30,3900,0" yaku="7,1,52,1,54,1" doraHai="89" who="3" fromWho="2" sc="250,0,250,0,240,-39,250,49" /><INIT seed="1,0,0,0,0,67" ten="250,250,201,299" oya="1" hai0="58,70,17,66,36,69,65,18,73,37,123,24,83" hai1="133,55,116,63,50,4,125,48,45,106,74,80,92" hai2="129,68,32,126,2,42,111,84,108,16,0,81,95" hai3="119,130,97,120,52,28,71,113,20,61,110,30,121"/><U3/><E116/><V86/><F32/><W98/><G113/><T128/><D128/><U124/><E106/><V60/><F42/><W72/><G72/><T90/><D123/><U54/><E3/><V29/><F29/><W102/><G130/><T107/><D107/><U134/><E4/><V46/><F46/><W23/><G61/><T14/><D58/><N who="1" m="35295" /><E80/><V35/><F35/><W26/><G52/><T62/><D24/><U77/><E77/><V15/><F129/><W12/><G12/><T115/><D115/><U99/><E74/><V91/><F126/><N who="1" m="48745" /><E50/><V1/><F60/><W122/><G119/><T38/><D62/><U40/><E40/><V75/><F75/><W39/><G39/><T51/><D51/><U5/><E5/><V27/><F27/><W13/><G26/><T131/><D131/><U57/><E45/><V6/><F6/><W49/><G49/><T112/><D112/><U56/><E56/><V79/><REACH who="2" step="1"/><F68/><REACH who="2" ten="250,250,191,299" step="2"/><W43/><G43/><T21/><D73/><U101/><AGARI ba="0,1" hai="48,54,57,92,99,101,133,134" m="48745,35295" machi="101" ten="30,1500,0" yaku="18,1" doraHai="67" who="1" fromWho="1" sc="250,-5,250,25,191,-5,299,-5" /><INIT seed="1,1,0,1,3,79" ten="245,275,186,294" oya="1" hai0="55,61,12,51,35,130,16,74,39,129,91,134,31" hai1="15,75,96,97,84,133,28,102,125,20,47,63,112" hai2="106,40,101,78,110,111,57,60,132,56,103,3,69" hai3="83,99,109,131,114,25,123,11,32,98,14,34,59"/><U10/><E112/><V68/><F3/><W7/><G123/><T82/><D39/><U85/><E75/><V100/><F106/><W81/><G114/><T86/><D134/><U42/><E133/><V115/><F132/><W48/><G109/><N who="2" m="41481" /><F115/><W92/><G131/><T107/><D107/><U30/><E125/><V127/><F40/><W95/><G34/><T93/><D61/><U54/><E42/><V27/><F27/><W44/><G59/><N who="2" m="22601" /><F60/><W49/><G25/><T33/><D31/><U117/><E117/><V43/><F43/><W122/><G32/><T19/><D74/><U104/><E63/><V38/><F38/><W5/><G122/><T135/><D135/><U90/><E47/><V120/><F120/><W67/><G67/><T77/><D33/><U62/><E54/><V18/><F18/><W119/><G119/><T76/><D35/><U29/><E62/><V87/><F127/><W50/><G44/><N who="0" m="28135" /><D19/><U72/><E29/><V41/><F41/><W17/><G17/><T128/><D93/><N who="3" m="35913" /><G5/><T126/><D126/><U52/><E30/><V37/><F37/><W118/><G118/><T70/><D70/><U21/><E28/><V36/><F36/><W113/><G113/><T66/><D66/><U13/><E52/><V53/><F53/><W80/><AGARI ba="1,0" hai="7,11,14,48,49,50,80,81,83,98,99" m="35913" machi="80" ten="40,8000,1" yaku="8,1,52,3" doraHai="79" who="3" fromWho="3" sc="245,-21,275,-41,186,-21,294,83" /><INIT seed="2,0,0,4,4,21" ten="224,234,165,377" oya="2" hai0="33,76,52,82,2,6,117,69,95,7,79,99,126" hai1="119,59,4,116,50,44,40,111,130,8,36,105,13" hai2="42,81,46,18,66,65,70,108,58,25,112,91,26" hai3="104,38,54,77,86,74,31,16,100,124,121,47,29"/><V132/><F112/><W89/><G121/><T133/><D69/><U15/><E105/><V87/><F70/><W98/><G124/><T115/><D115/><U39/><E111/><V93/><F108/><W102/><G102/><T11/><D126/><U88/><E39/><V27/><F132/><W35/><G35/><T118/><D133/><U17/><E130/><V73/><F73/><W48/><G38/><T43/><D43/><U129/><E129/><V90/><F18/><W122/><G122/><T113/><D113/><U1/><E1/><V67/><F58/><W127/><G127/><T63/><D33/><U24/><E24/><V28/><F28/><W131/><G131/><T20/><D7/><U135/><E135/><V80/><REACH who="2" step="1"/><F91/><REACH who="2" ten="224,234,155,377" step="2"/><W107/><G31/><T19/><D118/><U94/><E59/><V0/><F0/><W32/><G16/><T64/><D117/><U30/><E30/><V125/><F125/><W23/><G32/><T49/><D19/><U45/><E119/><V128/><F128/><W53/><G29/><T109/><D2/><U34/><E34/><V9/><F9/><W5/><G23/><T71/><D109/><U84/><E116/><V83/><F83/><W134/><G134/><T3/><D82/><U85/><E17/><V41/><F41/><W22/><G22/><T78/><D20/><U60/><E15/><V37/><AGARI ba="0,1" hai="25,26,27,37,42,46,65,66,67,80,81,87,90,93" machi="37" ten="30,12000,1" yaku="1,1,0,1,52,3,53,0" doraHai="21" doraHaiUra="97" who="2" fromWho="2" sc="224,-40,234,-40,155,130,377,-40" /><INIT seed="2,1,0,3,0,52" ten="184,194,285,337" oya="2" hai0="15,54,68,133,71,131,78,96,16,80,66,104,90" hai1="99,40,62,33,57,14,117,1,45,119,67,134,28" hai2="41,26,55,38,63,48,106,132,7,70,108,84,87" hai3="107,73,94,103,17,30,13,4,2,24,110,29,122"/><V25/><F106/><W42/><G107/><T9/><D133/><U135/><E1/><V123/><F132/><N who="1" m="50729" /><E33/><V27/><F123/><W56/><G73/><T59/><D131/><U112/><E28/><V35/><F35/><W116/><G42/><T118/><D118/><U31/><E31/><V111/><F7/><W121/><G30/><T101/><D66/><U58/><E14/><V93/><F38/><W23/><G116/><N who="1" m="44618" /><E99/><V72/><F72/><W81/><G81/><T36/><D36/><N who="1" m="21639" /><E112/><V105/><F105/><W8/><G110/><N who="2" m="42025" /><F41/><W113/><G113/><T49/><REACH who="0" step="1"/><D90/><REACH who="0" ten="174,194,285,337" step="2"/><U89/><E89/><V109/><F109/><W10/><G122/><T98/><D98/><U11/><E11/><V77/><F77/><W60/><G121/><T34/><D34/><U95/><E95/><V102/><F93/><W51/><G94/><T92/><D92/><U32/><E32/><V83/><F102/><W39/><G103/><T79/><D79/><U61/><E61/><V65/><F83/><W19/><G60/><T74/><AGARI ba="1,1" hai="9,15,16,49,54,59,68,71,74,78,80,96,101,104" machi="74" ten="20,12000,2" yaku="1,1,0,1,7,1,52,1,54,1,53,1" doraHai="52" doraHaiUra="46" who="0" fromWho="0" sc="174,133,194,-31,285,-61,337,-31" /><INIT seed="3,0,0,3,4,42" ten="307,163,224,306" oya="3" hai0="93,55,122,95,65,11,62,116,75,115,84,40,18" hai1="108,96,127,102,128,123,59,51,94,82,57,88,9" hai2="106,129,101,44,31,38,26,41,3,80,60,19,12" hai3="91,70,92,20,27,46,54,34,81,105,0,48,107"/><W58/><G70/><T121/><D116/><U131/><E123/><V7/><F129/><N who="1" m="49737" /><E9/><N who="2" m="2303" /><F60/><W130/><G130/><T76/><D75/><U74/><E51/><V28/><F28/><W97/><G34/><T53/><D40/><U112/><E112/><V86/><F101/><W17/><G0/><T71/><D115/><U45/><E45/><V25/><F25/><W43/><REACH who="3" step="1"/><G81/><REACH who="3" ten="307,163,224,296" step="2"/><T10/><D122/><U98/><E127/><V104/><F80/><W1/><G1/><T50/><D121/><U85/><E108/><V16/><F106/><W78/><G78/><T126/><D126/><U15/><E74/><V52/><F104/><W125/><G125/><T30/><D76/><N who="1" m="46279" /><E15/><V14/><F12/><W119/><G119/><T117/><D117/><U36/><E36/><AGARI ba="0,1" hai="17,20,27,36,43,46,48,54,58,91,92,97,105,107" machi="36" ten="30,5800,0" yaku="1,1,7,1,52,1,53,0" doraHai="42" doraHaiUra="79" who="3" fromWho="1" sc="307,0,163,-58,224,0,296,68" /><INIT seed="3,1,0,1,3,84" ten="307,105,224,364" oya="3" hai0="61,70,99,76,23,129,98,103,11,62,131,85,116" hai1="39,5,109,16,45,115,114,112,65,43,31,133,128" hai2="25,94,71,3,83,118,110,121,130,77,113,69,18" hai3="13,47,108,40,92,58,88,89,22,19,93,82,12"/><W111/><G82/><N who="0" m="47303" /><D116/><U49/><E109/><N who="3" m="42058" /><G58/><T78/><D78/><U67/><E5/><V90/><F3/><W101/><G13/><T42/><D42/><U14/><E128/><N who="0" m="49225" /><D70/><U75/><E75/><V7/><F7/><W59/><G59/><T127/><D127/><U34/><E133/><V15/><F130/><W53/><G53/><T54/><D11/><U35/><E39/><V123/><F25/><W68/><G68/><T105/><D54/><U51/><E51/><V21/><F113/><W37/><G93/><T91/><D23/><U50/><E50/><V135/><F118/><W102/><G89/><T72/><D72/><U63/><E31/><V4/><F135/><W122/><G122/><N who="2" m="46601" /><F4/><W106/><G106/><T66/><D66/><U134/><E134/><V9/><F9/><W48/><G37/><T46/><D46/><U104/><E104/><V55/><F55/><W41/><G41/><T60/><D60/><U27/><E27/><V64/><F64/><W117/><G117/><T30/><D30/><U24/><E24/><V20/><F21/><W38/><G38/><T0/><D0/><U2/><E2/><V80/><F110/><W56/><G56/><T57/><D57/><U119/><E119/><V17/><F71/><W44/><G44/><T29/><D29/><U28/><E28/><V97/><F69/><W95/><G95/><AGARI ba="1,0" hai="61,62,91,95,98,99,103,105" m="49225,47303" machi="95" ten="30,2000,0" yaku="19,1,52,1" doraHai="84" who="0" fromWho="3" sc="307,23,105,0,224,0,364,-23" /><INIT seed="4,0,0,0,3,118" ten="330,105,224,341" oya="0" hai0="44,104,129,84,134,77,14,64,123,94,21,102,68" hai1="26,23,15,113,74,29,5,39,22,1,7,12,6" hai2="58,119,73,57,67,133,46,128,47,127,33,32,106" hai3="89,112,70,59,28,85,36,61,11,135,79,4,69"/><T37/><D134/><U35/><E74/><V109/><F73/><W43/><G79/><T90/><D129/><U111/><E39/><V17/><F106/><W103/><G103/><T63/><D77/><U60/><E111/><V2/><F2/><W66/><G135/><T54/><D104/><U31/><E60/><V130/><F17/><W25/><G43/><T3/><D3/><U49/><E49/><V16/><F133/><W121/><G36/><T18/><D102/><U99/><E99/><V53/><F16/><W55/><G55/><T92/><D92/><U40/><E40/><V83/><F83/><W120/><G112/><T65/><D65/><U98/><E98/><V50/><F33/><N who="3" m="20623" /><G89/><T75/><D75/><U72/><E113/><V100/><F32/><W24/><G24/><T10/><D37/><U132/><E132/><V42/><F100/><W88/><G88/><T71/><D71/><U38/><E72/><V76/><F76/><W110/><G85/><T86/><D86/><U82/><E38/><N who="2" m="21847" /><F119/><W95/><G95/><T115/><D115/><U78/><E82/><V87/><F87/><W97/><G97/><T41/><D84/><U48/><E78/><V13/><F109/><W62/><G110/><T52/><D90/><U105/><E105/><V51/><F130/><W8/><G8/><T34/><D94/><U96/><E96/><V124/><F128/><W116/><G116/><T108/><D108/><U91/><E91/><V27/><F27/><W122/><G62/><T101/><D63/><U81/><E81/><V125/><F127/><W45/><G45/><RYUUKYOKU ba="0,0" sc="330,-10,105,-10,224,-10,341,30" hai3="4,11,59,61,66,69,70,120,121,122" /><INIT seed="5,1,0,0,2,9" ten="320,95,214,371" oya="1" hai0="60,133,96,85,35,104,30,24,88,125,51,22,122" hai1="26,93,70,13,112,123,84,37,115,59,118,76,78" hai2="119,135,31,127,43,87,94,17,0,40,7,120,73" hai3="79,15,132,63,111,39,95,108,58,2,100,116,74"/><U117/><E70/><V89/><F73/><W97/><G2/><T82/><D133/><U98/><E37/><V33/><F120/><W25/><G39/><T66/><D125/><U12/><E123/><V90/><F119/><N who="1" m="45577" /><E59/><V62/><F127/><W130/><G132/><T42/><D122/><U83/><E76/><V29/><F135/><W14/><G116/><T18/><D42/><N who="2" m="15914" /><F7/><W41/><G41/><T16/><D51/><U113/><E26/><V38/><F0/><W65/><G130/><T47/><D47/><U64/><E64/><V67/><F33/><W101/><G101/><AGARI ba="1,0" hai="12,13,78,83,84,93,98,101,112,113,115" m="45577" machi="101" ten="40,7700,0" yaku="15,1,52,2" doraHai="9" who="1" fromWho="3" sc="320,0,95,80,214,0,371,-80" /><INIT seed="5,2,0,4,4,23" ten="320,175,214,291" oya="1" hai0="134,31,100,128,135,132,111,22,2,125,130,0,12" hai1="133,5,108,102,41,60,123,50,24,106,95,70,87" hai2="131,69,92,71,65,84,25,97,7,101,19,68,115" hai3="26,32,11,14,90,99,59,77,109,129,42,51,124"/><U9/><E123/><V105/><F131/><N who="0" m="50218" /><D111/><U37/><E108/><V47/><F7/><W29/><G129/><T27/><D100/><U48/><E37/><V67/><F47/><W39/><G124/><T75/><D75/><U89/><E133/><V118/><F118/><W83/><G109/><T114/><D114/><U53/><E106/><V110/><F110/><W82/><G39/><T46/><D46/><U126/><E102/><V28/><F19/><W96/><G83/><T35/><D125/><U40/><E50/><V57/><F115/><W78/><G78/><T93/><D93/><U20/><E60/><V49/><F84/><W76/><G77/><T17/><AGARI ba="2,0" hai="0,2,12,17,22,27,31,35,132,134,135" m="50218" machi="17" ten="40,8000,1" yaku="20,1,19,1,34,2,52,1" doraHai="23" who="0" fromWho="0" sc="320,86,175,-42,214,-22,291,-22" /><INIT seed="6,0,0,4,3,28" ten="406,133,192,269" oya="2" hai0="55,77,26,9,129,33,48,116,47,56,21,39,38" hai1="15,29,3,110,60,102,18,11,44,97,67,54,82" hai2="132,115,37,91,2,34,78,109,43,73,89,58,69" hai3="118,131,8,111,32,104,126,107,57,76,23,6,0"/><V108/><F69/><W13/><G111/><N who="2" m="42569" /><F2/><W62/><G118/><T84/><D116/><U95/><E110/><V127/><F115/><W85/><G131/><T66/><D129/><U123/><E123/><V52/><F127/><W75/><G75/><T22/><D9/><U92/><E3/><V121/><F121/><W120/><G120/><T51/><D66/><U100/><E82/><N who="2" m="45391" /><F132/><W10/><G23/><T135/><D135/><U134/><E134/><V128/><F128/><W65/><G126/><T19/><D22/><U90/><E29/><V1/><F1/><W133/><G133/><T113/><D113/><U87/><E67/><V99/><F99/><W68/><G68/><T20/><D20/><U36/><E36/><V4/><F4/><W27/><G85/><T31/><D84/><U105/><E60/><N who="2" m="35911" /><F34/><W63/><G63/><T42/><D77/><U125/><E125/><V71/><F71/><W7/><G76/><T114/><D114/><U49/><REACH who="1" step="1"/><E105/><REACH who="1" ten="406,123,192,269" step="2"/><V122/><F122/><W16/><G107/><T93/><D93/><U117/><E117/><V83/><F83/><W112/><G104/><T124/><D124/><U12/><E12/><AGARI ba="0,1" hai="12,19,21,26,31,33,38,39,42,47,48,51,55,56" machi="12" ten="30,2000,0" yaku="7,1,52,1" doraHai="28" who="0" fromWho="1" sc="406,30,123,-20,192,0,269,0" /><INIT seed="7,0,0,0,1,114" ten="436,103,192,269" oya="3" hai0="86,75,21,37,52,124,62,110,87,47,122,7,48" hai1="84,39,60,123,22,53,129,16,74,80,68,115,18" hai2="82,133,38,99,58,13,102,40,93,55,127,67,29" hai3="72,63,44,100,54,134,17,108,65,121,8,5,83"/><W28/><G121/><T1/><D110/><U33/><E123/><V15/><F127/><W90/><G108/><T46/><D75/><U132/><E115/><V85/><F133/><W12/><G100/><T109/><D109/><U94/><E33/><V51/><F38/><W24/><G134/><T57/><D122/><U59/><E132/><V19/><F29/><W88/><G54/><T92/><D124/><U45/><E129/><V32/><F32/><W95/><G44/><T79/><D79/><U73/><E94/><V130/><F130/><W23/><G72/><T101/><D37/><U2/><E2/><V64/><F40/><W35/><G83/><T105/><D105/><U43/><E68/><V81/><F15/><W69/><REACH who="3" step="1"/><G95/><REACH who="3" ten="436,103,192,259" step="2"/><T97/><D46/><U34/><E34/><V77/><F81/><W4/><G4/><T119/><D7/><U117/><E117/><V125/><F125/><W96/><G96/><T78/><D119/><U66/><E53/><V49/><F51/><W118/><G118/><T91/><D101/><U36/><E36/><V98/><F99/><W112/><G112/><T11/><D97/><U126/><E126/><V128/><F128/><W20/><G20/><AGARI ba="0,1" hai="13,19,20,49,55,58,64,67,77,82,85,93,98,102" machi="20" ten="30,2000,0" yaku="7,1,8,1" doraHai="114" who="2" fromWho="3" sc="436,0,103,0,192,30,259,-20" owari="436,54.0,103,-40.0,222,-18.0,239,4.0" /></mjloggm>