<mjloggm ver="2.3"><GO type="185" lobby="0"/><UN n0="%E3%83%86%E3%82%A4%E3%83%A9%E3%83%BC%E3%83%92%E3%83%AB" n1="%68%69%72%6F%6E%6E%32%30" n2="%E3%82%84%E3%81%BE%E3%81%8B%E3%81%84" n3="" dan="16,17,17,0" rate="2186.21,2222.06,2259.30,1500.00" sx="F,M,M,C"/><TAIKYOKU oya="0"/><INIT seed="0,0,0,1,4,69" ten="350,350,350,0" oya="0" hai0="0,117,57,81,45,43,131,59,64,54,74,78,72" hai1="44,80,121,33,46,108,1,67,98,118,130,120,61" hai2="50,40,35,133,68,36,95,3,93,92,97,96,101" hai3=""/><T135/><D0/><U84/><N who="1" m="30752" /><U99/><N who="1" m="31008" /><U127/><E118/><V88/><F3/><T112/><D117/><U116/><E116/><V34/><F68/><T63/><D112/><U39/><E33/><V119/><F119/><T47/><D131/><U122/><N who="1" m="31264" /><U60/><E130/><V102/><F133/><T132/><D72/><U94/><E127/><V38/><F50/><T75/><D75/><U76/><E108/><V129/><F129/><T32/><D32/><U90/><E46/><V55/><F55/><T66/><D45/><U52/><E1/><V91/><F95/><T126/><D126/><U109/><E109/><V86/><F86/><T87/><D74/><U89/><E67/><V77/><REACH who="2" step="1"/><F77/><REACH who="2" ten="350,350,340,0" step="2"/><T73/><D73/><U83/><E39/><V125/><F125/><T48/><REACH who="0" step="1"/><D64/><REACH who="0" ten="340,350,340,0" step="2"/><U105/><E105/><V107/><F107/><T53/><D53/><U114/><E114/><V113/><F113/><T41/><D41/><AGARI ba="0,2" hai="34,35,36,38,40,41,88,91,92,93,96,97,101,102" machi="41" ten="25,12000,2" yaku="1,1,22,2,52,2,54,1,53,0" doraHai="69" doraHaiUra="56" who="2" fromWho="0" sc="340,-120,350,0,340,140,0,0" /><INIT seed="1,0,0,5,2,78" ten="220,350,480,0" oya="1" hai0="106,123,58,120,100,109,46,35,43,80,57,63,126" hai1="55,32,102,81,61,48,56,49,84,60,77,112,59" hai2="105,104,79,111,41,53,93,88,128,121,89,75,34" hai3=""/><U39/><E32/><V107/><N who="2" m="31008" /><V129/><F34/><T40/><N who="0" m="30752" /><T71/><N who="0" m="31520" /><T99/><D35/><U133/><E112/><V2/><F2/><T70/><D126/><U51/><E39/><V130/><F41/><T125/><D125/><U44/><E133/><V47/><F111/><T65/><D109/><U114/><E102/><V54/><F47/><T110/><D110/><U45/><E114/><V1/><F1/><T135/><D40/><U69/><E69/><V131/><F131/><T96/><D135/><U42/><E44/><V36/><F36/><T62/><D96/><U90/><REACH who="1" step="1"/><E77/><REACH who="1" ten="220,340,480,0" step="2"/><V115/><F115/><T95/><D70/><U52/><AGARI ba="0,1" hai="42,45,48,49,51,52,55,56,59,60,61,81,84,90" machi="52" ten="20,16000,3" yaku="1,1,2,1,0,1,7,1,9,1,8,1,52,1,54,1,53,0" doraHai="78" doraHaiUra="74" who="1" fromWho="1" sc="220,-80,340,170,480,-80,0,0" /><INIT seed="1,1,0,0,5,65" ten="140,510,400,0" oya="1" hai0="83,84,90,46,88,52,53,76,131,107,45,85,66" hai1="44,59,37,41,113,33,64,62,98,119,82,74,48" hai2="101,91,130,111,124,112,78,93,79,103,105,89,60" hai3=""/><U118/><E113/><V68/><F60/><T71/><D107/><U99/><E33/><V63/><F63/><T56/><D131/><U43/><E99/><V110/><F68/><T108/><D71/><U123/><N who="1" m="31520" /><U102/><E41/><V58/><F58/><T104/><D104/><U100/><E100/><N who="2" m="38475" /><F105/><T135/><D76/><N who="2" m="29226" /><F130/><T96/><D66/><U94/><E74/><V127/><F112/><T34/><D56/><U86/><E37/><V97/><F91/><AGARI ba="1,0" hai="43,44,48,59,62,64,82,86,91,94,98,102,118,119" m="31520" machi="91" ten="30,2900,0" yaku="7,1,52,1" doraHai="65" who="1" fromWho="2" sc="140,0,510,31,400,-31,0,0" /><INIT seed="1,2,0,1,0,50" ten="140,541,369,0" oya="1" hai0="122,106,117,82,115,53,48,91,75,123,79,0,98" hai1="46,41,135,2,114,109,3,93,67,78,105,1,103" hai2="131,83,100,118,132,74,38,90,71,124,76,57,88" hai3=""/><U44/><E114/><V40/><F71/><T85/><N who="0" m="31264" /><T72/><N who="0" m="31520" /><T119/><D0/><U116/><E135/><V134/><F118/><N who="0" m="45066" /><D115/><U42/><E116/><V128/><F100/><T63/><D63/><U86/><E105/><V111/><F111/><T45/><D91/><N who="2" m="34858" /><F57/><T127/><D127/><U89/><E109/><V49/><F38/><T68/><D68/><U104/><E67/><V96/><F96/><T35/><D35/><U54/><E1/><V43/><F49/><T80/><D82/><U95/><E104/><V60/><F60/><T64/><D64/><U120/><N who="1" m="30752" /><U55/><E89/><V59/><F124/><T47/><D45/><U112/><E103/><AGARI ba="2,0" hai="47,48,53,72,75,79,80,85,98,103,106" m="45066,31520,31264" machi="103" ten="30,7700,0" yaku="12,1,52,3" doraHai="50" who="0" fromWho="1" sc="140,81,541,-81,369,0,0,0" /><INIT seed="2,0,0,4,1,80" ten="221,460,369,0" oya="2" hai0="95,78,2,119,53,43,113,112,127,115,77,125,72" hai1="131,33,57,121,82,128,130,48,3,96,38,35,51" hai2="41,63,37,104,52,64,84,124,107,55,133,118,91" hai3=""/><V122/><N who="2" m="31264" /><V71/><F118/><T0/><D119/><U58/><N who="1" m="31008" /><U50/><E3/><N who="0" m="1065" /><D43/><U76/><E96/><V126/><F133/><T69/><D69/><U110/><E38/><V103/><F41/><T68/><D68/><U89/><E89/><V123/><N who="2" m="31520" /><V49/><F37/><T116/><D116/><U99/><E99/><V129/><F129/><T117/><D117/><U108/><E82/><V135/><F135/><T74/><D95/><U111/><REACH who="1" step="1"/><E76/><REACH who="1" ten="221,450,369,0" step="2"/><N who="0" m="29289" /><D53/><U62/><E62/><V93/><F55/><T101/><D101/><U34/><AGARI ba="0,1" hai="33,34,35,48,50,51,57,58,108,110,111,128,130,131" m="31008" machi="34" ten="50,24000,5" yakuman="40" doraHai="80" doraHaiUra="39" who="1" fromWho="1" sc="221,-80,450,250,369,-160,0,0" /><INIT seed="4,0,0,4,4,72" ten="141,700,209,0" oya="0" hai0="85,130,75,57,36,64,39,41,61,131,100,121,107" hai1="108,1,99,78,126,116,2,33,82,115,63,83,128" hai2="0,49,133,106,3,86,127,134,120,93,103,32,102" hai3=""/><T40/><N who="0" m="31008" /><T48/><D75/><U87/><E116/><V88/><N who="2" m="30752" /><V94/><F32/><T70/><D85/><U125/><E108/><V129/><F129/><N who="0" m="49162" /><D100/><N who="2" m="38442" /><F106/><T112/><D107/><U132/><E99/><V111/><F111/><T45/><D112/><U110/><E110/><V67/><F67/><T46/><D48/><U47/><E128/><V68/><F68/><AGARI ba="0,0" hai="36,39,40,41,45,46,57,61,64,68,70" m="49162,31008" machi="68" ten="30,11600,0" yaku="19,1,34,2,52,1" doraHai="72" who="0" fromWho="2" sc="141,116,700,0,209,-116,0,0" /><INIT seed="4,1,0,3,2,37" ten="257,700,93,0" oya="0" hai0="67,35,51,100,88,89,98,130,61,116,80,91,72" hai1="83,0,66,53,44,121,59,73,45,114,131,110,99" hai2="127,32,47,119,133,103,39,101,63,134,79,74,102" hai3=""/><T81/><D35/><U129/><N who="1" m="31008" /><U76/><E110/><V111/><F32/><T40/><D116/><U78/><E66/><V84/><F111/><T62/><D130/><N who="1" m="49675" /><E0/><V38/><F119/><T128/><D128/><U106/><E78/><V97/><F74/><T1/><D1/><U43/><E114/><V75/><F75/><T90/><D72/><U60/><E45/><V2/><F2/><T36/><D36/><U112/><E112/><V132/><F127/><T125/><D125/><U49/><E99/><V48/><F97/><T58/><N who="0" m="23040" /><DORA hai="96" /><T104/><REACH who="0" step="1"/><D61/><REACH who="0" ten="247,700,93,0" step="2"/><U115/><E115/><V71/><F63/><T117/><D117/><U122/><E106/><V123/><N who="2" m="31520" /><AGARI ba="1,1" hai="43,44,49,53,59,60,73,76,83,122,123" m="49675,31008" machi="123" ten="30,3900,0" yaku="19,1,52,2" doraHai="37,96" who="1" fromWho="2" sc="247,0,700,51,93,-41,0,0" /><INIT seed="5,0,0,5,4,38" ten="247,751,52,0" oya="1" hai0="46,75,72,82,50,111,48,56,94,52,42,103,39" hai1="45,64,61,76,53,110,120,99,71,58,70,116,55" hai2="83,68,66,98,108,41,88,112,129,127,33,40,65" hai3=""/><U102/><N who="1" m="30752" /><U125/><E116/><V47/><F33/><T77/><D111/><U63/><E110/><V92/><F108/><T109/><D109/><U124/><E76/><V130/><F127/><N who="1" m="48713" /><E102/><V117/><F117/><T3/><D3/><U49/><E99/><V67/><F68/><AGARI ba="0,0" hai="45,49,53,55,58,61,63,64,68,70,71" m="48713,30752" machi="68" ten="30,11600,0" yaku="18,1,34,2,52,1" doraHai="38" who="1" fromWho="2" sc="247,0,751,116,52,-116,0,0" owari="247,-15.0,867,81.0,-64,-66.0,0,0.0" /></mjloggm>