<mjloggm ver="2.3"><GO type="185" lobby="0"/><UN n0="%54%61%6B%61%52%6F%6E" n1="%72%61%74%65%72%61%74%65" n2="%E3%82%84%E3%81%BE%E3%81%8B%E3%81%84" n3="" dan="17,17,17,0" rate="2207.51,2243.66,2253.39,1500.00" sx="M,M,M,C"/><TAIKYOKU oya="0"/><INIT seed="0,0,0,5,1,45" ten="350,350,350,0" oya="0" hai0="44,112,135,48,38,134,123,91,55,50,3,121,58" hai1="79,80,107,61,85,77,120,53,49,78,110,129,37" hai2="63,72,75,81,109,52,116,128,0,42,2,84,115" hai3=""/><T82/><N who="0" m="31008" /><T131/><N who="0" m="31520" /><T114/><D3/><U88/><N who="1" m="30752" /><U125/><E110/><V132/><F115/><N who="0" m="44074" /><D91/><U47/><E37/><V40/><F109/><T102/><D102/><U73/><E107/><V70/><F128/><T62/><D82/><U113/><E129/><V56/><F132/><N who="0" m="50730" /><D131/><U67/><E125/><V64/><F116/><T32/><D32/><U108/><E108/><V60/><F2/><T130/><D130/><U43/><E43/><AGARI ba="0,0" hai="38,43,44,48,50,55,58,62" m="50730,44074,31520,31008" machi="43" ten="30,18000,2" yaku="20,1,34,2,52,4" doraHai="45" who="0" fromWho="1" sc="350,180,350,-180,350,0,0,0" /><INIT seed="0,1,0,4,5,131" ten="530,170,350,0" oya="0" hai0="76,1,62,61,60,129,37,0,112,109,92,77,75" hai1="34,111,130,32,116,57,118,115,80,45,43,84,88" hai2="73,128,114,110,40,69,50,36,72,51,94,126,46" hai3=""/><T98/><D112/><U66/><E111/><V70/><F114/><T65/><D65/><U127/><E115/><V104/><F104/><T35/><D35/><U52/><E130/><V103/><F128/><T121/><N who="0" m="31008" /><T107/><D37/><U48/><E127/><V71/><F110/><T93/><D129/><U85/><E66/><V135/><F126/><T132/><D107/><U79/><E118/><V122/><N who="2" m="31264" /><V74/><REACH who="2" step="1"/><F135/><REACH who="2" ten="530,170,340,0" step="2"/><T41/><D132/><U86/><E116/><V100/><F100/><T55/><D109/><U123/><N who="1" m="31520" /><U133/><E133/><V87/><F87/><T89/><D75/><U108/><E108/><V47/><F47/><T102/><D102/><U91/><E91/><V81/><F81/><T82/><D82/><U58/><E58/><V68/><N who="2" m="17408" /><DORA hai="90" /><V99/><AGARI ba="1,1" hai="36,40,46,50,51,72,73,74,94,99,103" m="17408,31264" machi="99" ten="70,6000,1" yaku="1,1,4,1,0,1,52,2,53,0" doraHai="131,90" doraHaiUra="54,53" who="2" fromWho="2" sc="530,-41,170,-21,340,72,0,0" /><INIT seed="1,0,0,3,4,91" ten="489,149,412,0" oya="1" hai0="52,62,107,115,2,114,99,34,32,116,110,124,61" hai1="134,39,121,101,128,130,54,131,118,69,3,75,79" hai2="106,48,111,129,78,98,64,53,71,112,86,113,66" hai3=""/><U90/><N who="1" m="31008" /><U46/><E3/><V67/><F111/><T125/><D110/><U135/><E118/><V104/><F71/><T103/><D2/><U94/><E69/><V43/><F43/><T72/><D72/><U58/><E101/><V1/><F1/><T81/><D81/><U63/><E79/><V133/><F133/><N who="1" m="50697" /><E75/><V76/><F129/><T47/><D116/><U49/><E39/><V51/><F78/><T85/><D85/><U100/><E100/><V105/><F98/><T97/><D97/><U42/><E90/><V57/><F76/><T77/><D77/><U73/><E73/><V88/><REACH who="2" step="1"/><F51/><REACH who="2" ten="489,149,402,0" step="2"/><T102/><D62/><U123/><N who="1" m="31520" /><U44/><E44/><V50/><F50/><T93/><D61/><U122/><N who="1" m="31264" /><U0/><E0/><V96/><F96/><T119/><D103/><U95/><AGARI ba="0,1" hai="42,46,49,54,58,63,94,95,128,130,131" m="31264,31520,50697,31008" machi="95" ten="40,12000,2" yaku="19,1,20,1,52,5" doraHai="91" who="1" fromWho="1" sc="489,-60,149,130,402,-60,0,0" /><INIT seed="1,1,0,3,3,54" ten="429,279,342,0" oya="1" hai0="134,72,44,118,49,105,126,43,114,119,48,84,38" hai1="1,83,61,51,73,124,106,75,99,112,76,47,33" hai2="32,69,135,57,65,127,70,122,77,46,52,129,107" hai3=""/><U58/><E112/><V117/><N who="2" m="31264" /><V74/><F117/><N who="0" m="44554" /><D72/><U132/><E33/><V68/><F32/><T94/><D105/><U96/><E1/><V66/><F107/><T78/><D134/><U120/><N who="1" m="30752" /><U79/><E132/><V93/><F93/><T82/><D126/><U42/><E124/><V0/><F0/><T95/><D114/><U81/><REACH who="1" step="1"/><E106/><REACH who="1" ten="429,269,342,0" step="2"/><V116/><F135/><T56/><D38/><U64/><AGARI ba="1,1" hai="42,47,51,58,61,64,73,75,76,79,81,83,96,99" m="30752" machi="64" ten="20,16000,3" yaku="1,1,2,1,0,1,7,1,9,1,52,2,53,1" doraHai="54" doraHaiUra="63" who="1" fromWho="1" sc="429,-81,269,172,342,-81,0,0" /><INIT seed="1,2,0,1,0,113" ten="348,441,261,0" oya="1" hai0="90,97,133,64,49,121,95,51,134,75,39,108,48" hai1="77,103,50,117,65,1,107,129,115,119,104,68,41" hai2="122,69,116,125,111,98,91,34,131,81,56,123,84" hai3=""/><U86/><E115/><V120/><N who="2" m="30752" /><V43/><N who="2" m="31264" /><V109/><N who="2" m="31520" /><V55/><F34/><T89/><N who="0" m="31008" /><T99/><D108/><N who="2" m="41546" /><F125/><T52/><D39/><U118/><E1/><V88/><F131/><T36/><D36/><U128/><E68/><V71/><F43/><T130/><D75/><U72/><E65/><V33/><F33/><T44/><D64/><U110/><E110/><V94/><F116/><T2/><D2/><U87/><E72/><V76/><F76/><T96/><D130/><N who="1" m="50283" /><E77/><V135/><F135/><N who="0" m="51722" /><D90/><U105/><E103/><V93/><F81/><T80/><D80/><U3/><E3/><V83/><F83/><T0/><D0/><U132/><E132/><V79/><F79/><T102/><D102/><U42/><E42/><V58/><F58/><T40/><D40/><U35/><E35/><V101/><F101/><T127/><D127/><U112/><E112/><V82/><F82/><T57/><D44/><AGARI ba="2,0" hai="41,44,50,86,87,104,105,107,117,118,119" m="50283" machi="44" ten="50,12000,1" yaku="19,1,52,3" doraHai="113" who="1" fromWho="0" sc="348,-124,441,124,261,0,0,0" /><INIT seed="1,3,0,4,5,78" ten="224,565,261,0" oya="1" hai0="65,119,71,48,2,84,52,97,42,68,64,104,99" hai1="86,112,72,126,38,125,34,69,46,56,33,54,53" hai2="96,73,128,35,39,44,76,66,109,49,120,131,122" hai3=""/><U123/><N who="1" m="31520" /><U74/><E112/><V115/><N who="2" m="30752" /><V40/><N who="2" m="31264" /><V93/><F35/><T77/><D2/><U88/><E69/><V106/><F115/><T59/><D119/><U108/><E108/><V83/><F109/><T89/><D77/><U110/><E110/><V102/><F66/><T107/><D65/><U45/><E56/><V130/><F93/><T58/><D99/><U82/><E38/><AGARI ba="3,0" hai="38,39,40,44,49,73,76,83,96,102,106,128,130,131" m="31264,30752" machi="38" ten="40,8000,1" yaku="19,1,52,3" doraHai="78" who="2" fromWho="1" sc="224,0,565,-86,261,86,0,0" /><INIT seed="2,0,0,1,5,91" ten="224,479,347,0" oya="2" hai0="53,125,71,111,78,95,44,99,96,55,67,127,104" hai1="119,87,36,90,129,0,33,123,48,82,106,83,86" hai2="121,85,132,51,72,41,120,74,116,52,38,40,46" hai3=""/><V89/><N who="2" m="30752" /><V54/><N who="2" m="31008" /><V103/><F116/><T32/><D111/><U117/><N who="1" m="31520" /><U101/><E33/><V118/><F118/><T34/><D78/><U42/><E0/><V102/><F132/><T77/><D77/><U128/><E36/><V94/><F54/><T35/><D104/><U49/><E42/><V63/><F63/><T60/><D99/><U70/><E90/><V88/><F41/><T50/><REACH who="0" step="1"/><D55/><REACH who="0" ten="214,479,347,0" step="2"/><U84/><E106/><V115/><F115/><T61/><D61/><U81/><E119/><V109/><F109/><T1/><D1/><U110/><E117/><V64/><F64/><T43/><D43/><U58/><E110/><V114/><F114/><T98/><D98/><U62/><E62/><V75/><REACH who="2" step="1"/><F89/><AGARI ba="0,1" hai="32,34,35,44,50,53,60,67,71,89,95,96,125,127" machi="89" ten="40,2600,0" yaku="1,1,52,1,53,0" doraHai="91" doraHaiUra="131" who="0" fromWho="2" sc="214,36,479,0,347,-26,0,0" /><INIT seed="4,0,0,0,1,70" ten="250,479,321,0" oya="0" hai0="53,55,63,44,93,81,77,45,91,125,88,114,99" hai1="50,67,74,40,103,106,118,57,108,46,52,73,1" hai2="3,62,112,110,92,80,38,90,111,61,97,34,124" hai3=""/><T126/><D114/><U59/><E1/><V64/><F3/><T69/><D91/><U98/><E108/><V102/><F34/><T113/><D113/><U39/><E118/><V43/><F112/><T123/><N who="0" m="31520" /><T72/><D69/><U84/><E67/><V0/><F0/><T117/><D117/><U104/><E104/><V87/><F124/><N who="0" m="47722" /><D63/><U131/><E131/><V60/><REACH who="2" step="1"/><F64/><REACH who="2" ten="250,479,311,0" step="2"/><T49/><D44/><AGARI ba="0,1" hai="38,43,44,60,61,62,80,87,90,92,97,102,110,111" machi="44" ten="40,5200,0" yaku="1,1,2,1,52,1,53,0" doraHai="70" doraHaiUra="51" who="2" fromWho="0" sc="250,-52,479,0,311,62,0,0" /><INIT seed="5,0,0,3,2,102" ten="198,479,373,0" oya="1" hai0="45,43,125,80,72,118,98,64,93,57,68,114,119" hai1="100,46,38,78,124,56,115,87,77,37,96,40,49" hai2="92,103,66,79,135,36,122,111,59,110,75,3,99" hai3=""/><U112/><E124/><V109/><N who="2" m="31264" /><V41/><F3/><T82/><D125/><U121/><N who="1" m="31008" /><U73/><E73/><V97/><F135/><T2/><D68/><U67/><E37/><V94/><F79/><T44/><D2/><U47/><E56/><V101/><F75/><T83/><D72/><U117/><E67/><V107/><F36/><T58/><D44/><U48/><E38/><V126/><F126/><T123/><N who="0" m="31520" /><T60/><D58/><U54/><E117/><V42/><REACH who="2" step="1"/><F94/><REACH who="2" ten="198,479,363,0" step="2"/><T116/><D114/><U52/><E112/><V90/><F90/><T108/><D108/><U106/><E115/><V32/><F32/><T70/><D70/><U128/><E128/><V35/><F35/><T105/><D93/><U127/><E127/><V50/><F50/><T0/><D0/><U61/><E61/><AGARI ba="0,1" hai="41,42,59,61,66,92,97,99,101,103,107,109,110,111" m="31264" machi="61" ten="40,5200,0" yaku="1,1,52,2,53,0" doraHai="102" doraHaiUra="131" who="2" fromWho="1" sc="198,0,479,-52,363,62,0,0" /><INIT seed="6,0,0,2,1,112" ten="198,427,425,0" oya="2" hai0="2,85,115,40,110,32,77,111,61,76,103,105,133" hai1="39,102,83,86,41,131,92,73,82,91,42,132,53" hai2="72,47,128,52,64,54,62,59,57,135,51,124,80" hai3=""/><V96/><F124/><T3/><D61/><U67/><E131/><V45/><F128/><T43/><D85/><U119/><E132/><V90/><F135/><T38/><D103/><U37/><E119/><V106/><F106/><T122/><D77/><U36/><E67/><V104/><F104/><T117/><D76/><U100/><E73/><V55/><F72/><T48/><D48/><U130/><E130/><V33/><F33/><T127/><D43/><U66/><E66/><V134/><F134/><T35/><D40/><U70/><E70/><V114/><F114/><T113/><D2/><U89/><E53/><N who="2" m="20587" /><F80/><T79/><D79/><U71/><E71/><V125/><F125/><T88/><D88/><U49/><E42/><V87/><F87/><T84/><D84/><U97/><REACH who="1" step="1"/><E82/><REACH who="1" ten="198,417,425,0" step="2"/><V123/><N who="2" m="31520" /><V81/><F81/><T34/><D34/><U126/><E126/><V50/><F50/><T116/><D115/><U75/><E75/><V118/><F118/><T65/><D35/><U93/><E93/><AGARI ba="0,1" hai="45,47,51,55,57,59,62,64,90,93,96" m="31520,20587" machi="93" ten="30,5800,0" yaku="8,1,52,1,54,1" doraHai="112" who="2" fromWho="1" sc="198,0,417,-58,425,68,0,0" owari="198,-40.0,359,-4.0,493,44.0,0,0.0" /></mjloggm>