<mjloggm ver="2.3"><GO type="185" lobby="0"/><UN n0="%E6%96%B0%E5%AE%BF%E6%96%B9%E9%9D%A2%E3%80%82" n1="%E9%AC%BC" n2="%E5%A4%9A%E6%9E%97%E6%99%8B" n3="" dan="16,17,16,0" rate="2089.88,2270.32,2203.11,1500.00" sx="M,F,M,C"/><TAIKYOKU oya="0"/><INIT seed="0,0,0,4,2,85" ten="350,350,350,0" oya="0" hai0="3,121,79,78,41,102,74,48,50,45,117,75,111" hai1="107,106,34,124,82,119,42,70,126,96,89,55,64" hai2="90,43,104,94,135,37,1,65,108,127,129,49,63" hai3=""/><T95/><N who="0" m="31008" /><T118/><D3/><U59/><E119/><V36/><F1/><T81/><D111/><U0/><E0/><V128/><F104/><T123/><N who="0" m="31520" /><T57/><D102/><U122/><N who="1" m="31264" /><U101/><E107/><V46/><F108/><T86/><D95/><U131/><E34/><V69/><F127/><T87/><D57/><U67/><E42/><V125/><F125/><N who="1" m="48233" /><E70/><V56/><F135/><T93/><D93/><U73/><E131/><N who="2" m="50251" /><F69/><T109/><D109/><U91/><E73/><V130/><N who="2" m="50259" /><V53/><DORA hai="116" /><F43/><T97/><D97/><AGARI ba="0,0" hai="36,37,46,49,53,56,63,65,90,94,97" m="50259" machi="97" ten="40,2600,0" yaku="19,1,52,1" doraHai="85,116" who="2" fromWho="0" sc="350,-26,350,0,350,26,0,0" /><INIT seed="1,0,0,0,4,56" ten="324,350,376,0" oya="1" hai0="80,128,90,110,85,113,73,134,109,67,40,119,118" hai1="39,50,41,132,135,32,92,124,35,120,82,88,70" hai2="57,103,83,48,102,62,95,97,36,125,59,100,130" hai3=""/><U71/><N who="1" m="30752" /><U117/><E117/><N who="0" m="44553" /><D40/><U91/><E124/><V65/><F36/><T93/><D67/><U74/><E39/><V121/><N who="2" m="31008" /><V131/><F125/><T69/><D69/><U61/><E41/><V54/><REACH who="2" step="1"/><F83/><REACH who="2" ten="324,350,366,0" step="2"/><T77/><D113/><U123/><N who="1" m="31520" /><U43/><E32/><V126/><F126/><T76/><D134/><U63/><E35/><V2/><F2/><T94/><D128/><AGARI ba="0,1" hai="48,54,57,59,62,65,95,97,100,102,103,128,130,131" m="31008" machi="128" ten="40,8000,1" yaku="1,1,19,1,52,2,53,0" doraHai="56" doraHaiUra="34" who="2" fromWho="0" sc="324,-80,350,0,366,90,0,0" /><INIT seed="2,0,0,1,0,129" ten="244,350,456,0" oya="2" hai0="34,44,51,115,37,112,75,113,2,71,47,69,98" hai1="0,68,77,38,106,102,63,95,114,36,86,33,76" hai2="59,133,35,57,131,104,83,94,120,135,53,3,99" hai3=""/><V109/><N who="2" m="30752" /><V72/><F3/><T124/><D2/><U87/><E0/><V132/><F35/><T32/><D75/><U103/><E114/><V48/><F131/><T105/><D124/><U116/><E33/><V123/><N who="2" m="31520" /><V41/><F104/><T91/><D32/><U46/><E116/><V84/><F72/><T126/><D34/><U111/><E46/><V117/><F117/><T101/><D126/><U108/><E63/><V62/><F109/><T66/><D66/><U127/><E127/><V107/><F107/><T78/><D78/><U39/><E68/><V89/><F41/><T60/><D60/><U82/><E106/><V52/><REACH who="2" step="1"/><F133/><REACH who="2" ten="244,350,446,0" step="2"/><T125/><D125/><U85/><E108/><V73/><F73/><T100/><D100/><AGARI ba="0,1" hai="48,52,53,57,59,62,83,84,89,94,99,100,132,135" m="31520,30752" machi="100" ten="40,18000,2" yaku="1,1,52,4,54,1,53,1" doraHai="129" doraHaiUra="81" who="2" fromWho="0" sc="244,-180,350,0,446,190,0,0" /><INIT seed="2,1,0,1,0,105" ten="64,350,636,0" oya="2" hai0="87,76,84,46,54,114,63,56,110,120,64,125,43" hai1="1,47,111,79,71,104,42,130,123,119,61,132,73" hai2="50,38,57,99,86,58,48,3,129,60,108,53,41" hai3=""/><V107/><F3/><T62/><N who="0" m="30752" /><T128/><D128/><U40/><N who="1" m="31520" /><U122/><N who="1" m="31264" /><U80/><E130/><V75/><F129/><T0/><D0/><U49/><E1/><V115/><F115/><T102/><D114/><U135/><E111/><V39/><F86/><T103/><D110/><U118/><E42/><V52/><F108/><T65/><D125/><U97/><E97/><V109/><F75/><T45/><D54/><U69/><E104/><V33/><F33/><T127/><D127/><U74/><E74/><V124/><F124/><T35/><D35/><U44/><E44/><V100/><F109/><T67/><D67/><U98/><E98/><V113/><F113/><T133/><D56/><U78/><E78/><V72/><F72/><T77/><REACH who="0" step="1"/><D133/><REACH who="0" ten="54,350,636,0" step="2"/><N who="1" m="51275" /><E71/><V93/><F41/><AGARI ba="1,1" hai="41,43,45,46,62,63,64,65,76,77,84,87,102,103" m="30752" machi="41" ten="25,8000,1" yaku="1,1,22,2,8,1,52,1,53,0" doraHai="105" doraHaiUra="101" who="0" fromWho="2" sc="54,92,350,0,636,-82,0,0" /><INIT seed="4,0,0,2,1,80" ten="146,350,554,0" oya="0" hai0="135,87,90,37,61,116,74,32,114,111,112,50,35" hai1="53,33,54,62,39,92,99,85,105,95,41,84,47" hai2="38,128,42,3,78,68,60,75,96,103,134,132,69" hai3=""/><T66/><D37/><U86/><E33/><V129/><F3/><T51/><D74/><U106/><E92/><V125/><F78/><T72/><D72/><U82/><E82/><V110/><F75/><T89/><D116/><U77/><E77/><V124/><F110/><T119/><D119/><U81/><E81/><V49/><F38/><T117/><D117/><U65/><E54/><V48/><F42/><T131/><D111/><U76/><E53/><V107/><F69/><T108/><D108/><U101/><REACH who="1" step="1"/><E76/><REACH who="1" ten="146,340,554,0" step="2"/><V94/><F94/><T46/><D32/><U115/><E115/><V36/><F60/><T67/><D35/><U98/><E98/><V45/><F96/><T93/><D93/><U79/><E79/><V123/><F103/><T83/><D83/><U104/><E104/><V88/><F45/><T109/><D109/><U56/><AGARI ba="0,1" hai="39,41,47,56,62,65,84,85,86,95,99,101,105,106" machi="56" ten="30,9000,2" yaku="1,1,0,1,52,3,53,1" doraHai="80" doraHaiUra="52" who="1" fromWho="1" sc="146,-60,340,100,554,-30,0,0" /><INIT seed="5,0,0,1,3,126" ten="86,440,524,0" oya="1" hai0="36,110,61,87,121,39,101,47,112,64,130,104,65" hai1="128,109,78,57,113,73,76,51,97,62,90,133,59" hai2="117,83,123,124,84,89,79,134,34,60,53,92,63" hai3=""/><U54/><E133/><V41/><N who="2" m="31520" /><V135/><F34/><T88/><N who="0" m="31008" /><T1/><D1/><U107/><E113/><V72/><F124/><T48/><D112/><U52/><E109/><V96/><F117/><T127/><D110/><U95/><E107/><V42/><F53/><T49/><D127/><U129/><REACH who="1" step="1"/><E76/><REACH who="1" ten="86,430,524,0" step="2"/><V120/><N who="2" m="30752" /><V32/><F32/><T46/><D104/><U3/><E3/><V118/><F118/><T102/><D88/><U43/><E43/><V105/><F41/><T81/><D81/><AGARI ba="0,1" hai="51,52,54,57,59,62,73,78,81,90,95,97,128,129" machi="81" ten="40,18000,2" yaku="1,1,52,2,54,1,53,2" doraHai="126" doraHaiUra="50" who="1" fromWho="0" sc="86,-180,430,190,524,0,0,0" owari="-94,-69.0,620,57.0,524,12.0,0,0.0" /></mjloggm>