<mjloggm ver="2.3"><GO type="169" lobby="0"/><UN n0="%E3%83%95%E3%82%B5%E3%82%A6%E3%83%9F%E3%82%B3%E3%83%83%E3%83%97" n1="%31%74%61" n2="%6B%69%79%6F%70%69%6E" n3="%69%6B%65%64%61%64%61" dan="17,17,16,16" rate="2205.68,2169.75,2111.18,2160.24" sx="M,M,M,M"/><TAIKYOKU oya="0"/><INIT seed="0,0,0,3,0,120" ten="250,250,250,250" oya="0" hai0="58,82,95,11,111,22,70,48,72,13,116,6,3" hai1="85,63,2,93,38,49,128,17,125,112,78,20,121" hai2="80,23,67,1,39,110,100,24,65,74,101,61,126" hai3="44,123,134,52,16,42,62,102,56,131,94,29,46"/><T84/><D116/><U47/><E121/><V81/><F1/><W97/><G123/><T19/><D70/><U50/><E125/><V12/><F39/><W104/><G134/><T40/><D72/><U105/><E105/><V92/><F126/><W43/><G131/><T69/><D69/><U114/><E128/><V66/><F74/><W33/><G104/><T27/><D95/><U53/><E2/><V36/><F36/><W5/><G5/><T7/><D3/><U76/><E38/><V41/><F41/><N who="3" m="15371" /><G29/><T96/><D96/><U109/><E109/><V30/><F61/><W73/><G33/><T132/><D132/><U57/><E50/><V9/><F110/><W107/><G73/><T10/><D10/><U25/><E93/><V54/><F54/><W8/><G107/><T77/><D111/><U130/><E130/><V35/><F35/><W75/><G75/><T79/><D79/><U51/><E51/><V99/><REACH who="2" step="1"/><F101/><REACH who="2" ten="250,250,240,250" step="2"/><W108/><G108/><T133/><D133/><U119/><E119/><V14/><F14/><AGARI ba="0,1" hai="8,14,16,44,46,52,56,62,94,97,102" m="15371" machi="14" ten="30,3900,0" yaku="8,1,54,2" doraHai="120" who="3" fromWho="2" sc="250,0,250,0,240,-39,250,49" /><INIT seed="1,0,0,2,2,35" ten="250,250,201,299" oya="1" hai0="0,37,17,48,50,74,71,52,22,88,93,45,60" hai1="7,124,78,10,58,85,13,59,61,56,121,64,24" hai2="97,105,120,115,26,75,47,117,57,82,86,134,130" hai3="110,36,1,20,76,14,19,62,114,40,87,96,94"/><U28/><E121/><V122/><F57/><W6/><G114/><T81/><D37/><U65/><E124/><V111/><F47/><W69/><G110/><T126/><D126/><U102/><E102/><V77/><F26/><W90/><G69/><T116/><D116/><U125/><E125/><V104/><F117/><W16/><G62/><T23/><D0/><U84/><E84/><V43/><F43/><W66/><G66/><T100/><D71/><U49/><E49/><V54/><F54/><W108/><G108/><T39/><D39/><U109/><E109/><V4/><F4/><W89/><G76/><T73/><D60/><U31/><E31/><V106/><F111/><W25/><G40/><T118/><D118/><U3/><E3/><V92/><F130/><W91/><G36/><T98/><D50/><U67/><E85/><V38/><F38/><W29/><G1/><T131/><D131/><U41/><E41/><V103/><F134/><W119/><G119/><T83/><D23/><N who="1" m="15391" /><E78/><V46/><F115/><W113/><G113/><T95/><D74/><U27/><E27/><V9/><F46/><W5/><G19/><T72/><D73/><U132/><E132/><V11/><REACH who="2" step="1"/><F75/><REACH who="2" ten="250,250,191,299" step="2"/><W51/><G51/><T15/><D72/><U107/><E107/><V99/><F99/><AGARI ba="0,1" hai="15,17,22,45,48,52,81,83,88,93,95,98,99,100" machi="99" ten="30,7700,0" yaku="7,1,8,1,54,2" doraHai="35" who="0" fromWho="2" sc="250,87,250,0,191,-77,299,0" /><INIT seed="2,0,0,0,5,95" ten="337,250,114,299" oya="2" hai0="130,21,135,86,27,8,75,89,73,64,103,6,79" hai1="68,127,22,42,131,81,45,125,55,12,10,35,32" hai2="34,87,71,19,76,41,92,13,126,107,66,63,9" hai3="31,29,97,16,80,96,122,62,112,94,46,4,78"/><V52/><F126/><N who="1" m="48137" /><E68/><V101/><F34/><N who="1" m="12841" /><E81/><V43/><F107/><W104/><G4/><T60/><D130/><U54/><E22/><V38/><F38/><W98/><G104/><T99/><D135/><U1/><E1/><V11/><F76/><W72/><G122/><T116/><D79/><U61/><E61/><V7/><F87/><W30/><G112/><T105/><D116/><U57/><E57/><V114/><F114/><W85/><G62/><T23/><D23/><U117/><E117/><V49/><F92/><W26/><G46/><T59/><D86/><U110/><E110/><V40/><F101/><N who="3" m="60567" /><G72/><T0/><REACH who="0" step="1"/><D89/><REACH who="0" ten="327,250,114,299" step="2"/><U84/><E84/><V17/><REACH who="2" step="1"/><F11/><REACH who="2" ten="327,250,104,299" step="2"/><W56/><G78/><T109/><D109/><U24/><E131/><V90/><F90/><W3/><G85/><T47/><D47/><AGARI ba="0,2" hai="7,9,13,17,19,40,41,43,47,49,52,63,66,71" machi="47" ten="40,3900,0" yaku="1,1,54,1,53,0" doraHai="95" doraHaiUra="118" who="2" fromWho="0" sc="327,-39,250,0,104,59,299,0" /><INIT seed="2,1,0,4,1,65" ten="288,250,163,299" oya="2" hai0="63,82,112,105,48,14,32,128,96,7,99,27,56" hai1="77,79,67,15,9,103,133,91,86,95,57,36,70" hai2="125,134,22,118,101,104,62,54,130,24,108,37,98" hai3="3,12,45,83,68,29,85,107,19,5,110,40,93"/><V109/><F118/><W71/><G107/><T60/><D112/><U59/><E36/><V13/><F37/><W87/><G29/><T88/><D128/><U52/><E133/><V35/><F134/><W116/><G116/><T55/><D32/><U84/><E103/><V41/><F41/><W26/><G26/><T33/><D33/><U106/><E106/><V122/><F122/><W31/><G31/><T30/><D105/><U58/><E86/><V113/><F113/><W115/><G115/><T73/><D73/><U21/><E21/><V47/><F130/><W6/><G93/><T81/><D27/><U2/><E2/><V121/><F121/><W120/><G87/><N who="0" m="50287" /><D82/><U132/><E132/><V25/><F35/><W66/><G66/><T34/><D30/><U94/><E94/><V38/><F38/><W114/><G110/><N who="2" m="42601" /><F125/><W127/><G127/><T18/><D7/><N who="1" m="3519" /><E70/><V64/><F13/><W131/><G114/><T75/><D34/><U53/><E67/><V102/><F102/><W72/><G120/><T117/><D117/><U74/><E74/><V44/><F25/><W42/><G72/><T135/><D75/><U76/><AGARI ba="1,0" hai="52,53,57,58,59,76,77,79,84,91,95" m="3519" machi="76" ten="30,2000,0" yaku="8,1,54,1" doraHai="65" who="1" fromWho="1" sc="288,-6,250,23,163,-11,299,-6" /><INIT seed="3,0,0,1,2,97" ten="282,273,152,293" oya="3" hai0="69,63,62,26,115,85,35,77,114,56,15,116,16" hai1="37,18,50,120,23,101,68,75,46,6,2,38,21" hai2="45,121,130,12,1,60,117,70,67,94,83,27,66" hai3="123,57,93,20,113,22,43,100,79,118,3,134,119"/><W11/><G123/><T53/><D116/><U58/><E120/><V36/><F1/><W7/><G113/><N who="0" m="43019" /><D35/><U54/><E68/><V105/><F105/><W25/><G134/><T47/><D26/><U88/><E75/><V81/><F117/><W87/><G43/><T102/><D47/><U76/><E76/><V109/><F121/><W84/><G22/><N who="0" m="11551" /><D102/><U49/><E101/><V127/><F45/><W51/><G79/><T95/><D95/><U131/><E131/><V90/><F27/><W78/><G78/><T104/><D104/><U31/><E2/><V124/><F94/><W107/><G107/><T4/><D4/><U135/><E6/><V13/><F130/><W48/><G100/><T34/><D34/><U133/><E88/><V10/><F90/><W52/><G93/><T112/><N who="0" m="43027" /><T42/><DORA hai="89" /><D42/><N who="1" m="24791" /><E31/><V28/><F28/><W132/><G119/><T44/><D44/><U96/><E96/><V106/><F106/><W72/><G7/><T65/><D77/><U59/><E21/><V98/><F98/><W17/><G20/><T91/><D91/><U30/><E30/><V99/><F99/><W14/><G118/><T61/><D85/><U103/><E103/><V55/><F83/><W73/><G87/><T80/><D80/><U29/><E29/><V41/><F81/><W129/><G84/><T19/><D19/><U92/><E92/><V74/><F74/><W71/><G73/><T125/><D63/><U9/><E9/><V128/><F10/><W24/><G72/><T122/><D122/><U110/><E23/><V108/><F128/><RYUUKYOKU ba="0,0" sc="282,30,273,-10,152,-10,293,-10" hai0="53,56,61,62,65,69,125" /><INIT seed="4,1,0,3,1,56" ten="312,263,142,283" oya="0" hai0="118,64,83,43,87,66,112,123,97,109,103,39,11" hai1="133,27,90,88,134,50,98,108,78,6,14,31,95" hai2="80,67,63,81,46,99,61,13,21,92,32,58,116" hai3="65,113,75,16,91,85,2,1,79,41,22,37,26"/><T96/><D118/><U24/><E108/><V40/><F32/><W52/><G113/><T69/><D123/><U8/><E78/><V51/><F116/><W77/><G65/><T94/><D112/><U73/><E73/><V25/><F13/><W82/><G79/><T60/><D109/><U0/><E0/><V54/><F61/><W114/><G114/><T72/><D72/><U120/><E120/><V47/><F47/><W101/><G101/><T18/><D66/><U93/><E50/><V71/><F71/><W121/><G121/><T19/><D97/><U128/><E128/><V10/><F10/><W115/><G115/><T59/><D69/><U62/><E62/><V5/><F5/><W68/><G68/><T44/><REACH who="0" step="1"/><D11/><REACH who="0" ten="302,263,142,283" step="2"/><U132/><E31/><V20/><F67/><W7/><G75/><T105/><D105/><U3/><E3/><V42/><F42/><W30/><G1/><T100/><D100/><U111/><E111/><V48/><F20/><W126/><G22/><T17/><D17/><U125/><E125/><V38/><F21/><W70/><G16/><T35/><D35/><U122/><E122/><V117/><F117/><W104/><G2/><T55/><D55/><U49/><E49/><V28/><F48/><W29/><G29/><T12/><D12/><U36/><E36/><V110/><F38/><W34/><G30/><T74/><D74/><U130/><E130/><V33/><REACH who="2" step="1"/><F110/><REACH who="2" ten="302,263,132,283" step="2"/><W124/><G37/><T45/><D45/><U23/><E23/><V9/><F9/><W127/><G127/><T129/><D129/><U135/><E135/><RYUUKYOKU ba="1,2" sc="302,10,263,10,132,10,283,-30" hai0="18,19,39,43,44,59,60,64,83,87,94,96,103" hai1="6,8,14,24,27,88,90,93,95,98,132,133,134" hai2="25,28,33,40,46,51,54,58,63,80,81,92,99" /><INIT seed="4,2,2,2,4,125" ten="312,273,142,253" oya="0" hai0="22,45,102,105,49,23,46,48,128,106,83,37,116" hai1="41,42,68,103,73,56,86,43,12,79,55,107,124" hai2="19,27,1,54,76,114,98,67,10,69,134,74,88" hai3="87,17,108,65,110,78,94,82,72,133,93,104,24"/><T52/><D116/><U38/><E73/><V92/><F114/><W113/><G65/><T71/><D37/><U111/><E111/><V29/><F134/><W21/><G113/><T123/><D71/><U33/><E33/><V84/><F54/><W7/><G133/><T50/><D123/><U120/><E120/><V2/><F74/><W118/><G118/><T44/><D128/><U0/><E0/><V59/><F69/><W117/><G117/><T130/><D130/><U121/><E121/><V11/><F76/><W30/><G7/><T112/><D112/><U127/><E68/><V62/><F19/><W100/><G94/><T25/><D83/><N who="1" m="47487" /><E38/><V36/><F36/><W35/><G104/><T20/><D25/><U70/><E70/><V75/><F75/><W47/><G47/><T135/><D135/><U129/><E129/><V131/><F131/><W61/><G61/><T58/><REACH who="0" step="1"/><D102/><REACH who="0" ten="302,273,142,253" step="2"/><U4/><E103/><V16/><F29/><W9/><G100/><T57/><D57/><U34/><E127/><V6/><F2/><W18/><G110/><T99/><D99/><U63/><E124/><V66/><F98/><W81/><G81/><T5/><D5/><U126/><E126/><V14/><F27/><N who="3" m="18911" /><G108/><T51/><AGARI ba="2,3" hai="20,22,23,44,45,46,48,49,50,51,52,58,105,106" machi="51" ten="40,12000,1" yaku="1,1,0,1,29,2,54,1,53,0" doraHai="125" doraHaiUra="13" who="0" fromWho="0" sc="302,156,273,-42,142,-42,253,-42" /><INIT seed="4,3,0,1,1,13" ten="458,231,100,211" oya="0" hai0="36,0,50,63,64,71,39,18,10,27,19,2,107" hai1="57,9,111,48,47,112,30,133,12,135,101,113,54" hai2="68,125,82,95,128,32,15,96,5,46,76,70,78" hai3="65,20,88,25,26,34,92,80,130,105,74,58,60"/><T56/><D107/><U114/><E111/><V120/><F120/><W14/><G105/><T110/><D110/><U124/><E101/><V28/><F32/><W23/><G130/><T84/><D84/><U38/><E30/><V106/><F28/><W89/><G34/><T51/><D71/><U55/><E124/><V22/><F128/><W44/><G44/><T59/><D27/><U98/><E98/><V6/><F78/><W17/><G74/><T115/><D10/><U16/><E38/><V11/><F6/><W81/><G89/><T29/><D29/><U1/><E1/><V53/><F106/><W108/><G108/><T94/><D94/><U91/><E91/><V62/><F22/><W45/><G45/><T67/><REACH who="0" step="1"/><D63/><AGARI ba="3,0" hai="9,12,16,47,48,54,55,57,63,112,113,114,133,135" machi="63" ten="40,8000,1" yaku="15,1,11,1,52,1,54,1" doraHai="13" who="1" fromWho="0" sc="458,-89,231,89,100,0,211,0" /><INIT seed="5,0,0,4,4,42" ten="369,320,100,211" oya="1" hai0="39,78,46,85,103,62,55,29,17,83,75,101,56" hai1="120,35,0,8,113,81,95,98,44,97,4,48,125" hai2="89,127,49,57,19,70,45,117,58,114,18,91,94" hai3="10,61,128,135,108,27,93,124,3,22,77,24,34"/><U12/><E120/><V96/><F117/><W79/><G108/><T1/><D1/><U64/><E125/><V100/><F70/><W87/><G124/><T105/><D105/><U86/><E35/><V30/><F127/><W106/><G106/><T23/><D29/><U123/><E123/><V31/><F114/><W74/><G74/><T32/><D32/><U38/><E38/><V60/><F31/><W43/><G34/><T11/><D11/><U50/><E113/><V15/><F30/><W90/><G27/><T40/><REACH who="0" step="1"/><D75/><REACH who="0" ten="359,320,100,211" step="2"/><U71/><E0/><V122/><F122/><W92/><G10/><T53/><D53/><N who="1" m="29831" /><E64/><V129/><F129/><W28/><G3/><T132/><D132/><U36/><E71/><V112/><F112/><W116/><G135/><T41/><D41/><U118/><E118/><V66/><F19/><W47/><G128/><T134/><D134/><U54/><E36/><V72/><F72/><W63/><G116/><T99/><D99/><U51/><E97/><V84/><F18/><W107/><G107/><T102/><D102/><N who="1" m="60767" /><E54/><V111/><F111/><W6/><G6/><T9/><D9/><U13/><E12/><AGARI ba="0,1" hai="12,17,23,39,40,46,55,56,62,78,83,85,101,103" machi="12" ten="30,7700,0" yaku="1,1,7,1,52,1,53,1" doraHai="42" doraHaiUra="73" who="0" fromWho="1" sc="359,87,320,-77,100,0,211,0" /><INIT seed="6,0,0,0,1,59" ten="446,243,100,211" oya="2" hai0="79,22,104,71,135,111,116,26,0,30,90,64,113" hai1="52,120,13,91,76,94,2,41,107,34,123,122,133" hai2="114,47,124,126,7,86,38,87,16,119,84,27,117" hai3="98,17,121,127,33,89,75,19,73,46,21,96,112"/><V68/><F7/><W132/><G121/><T51/><D111/><U108/><E108/><V58/><F68/><W69/><G33/><T110/><D0/><U62/><E107/><V67/><F47/><W28/><G69/><T130/><D104/><U109/><E109/><V1/><F38/><W23/><G28/><T82/><D113/><U6/><E34/><V15/><F27/><W45/><G89/><T11/><D11/><N who="1" m="2519" /><E76/><V101/><F101/><W36/><G36/><T4/><D79/><U66/><E41/><V70/><F70/><W20/><G132/><T72/><D71/><U134/><E66/><V100/><F100/><W48/><G48/><T39/><D51/><U80/><E13/><V54/><F67/><W35/><G35/><T18/><D64/><U77/><E62/><N who="2" m="36183" /><F1/><W81/><G112/><T105/><D105/><U5/><E5/><V88/><F114/><W8/><G8/><T74/><D110/><U3/><E52/><V25/><F25/><W50/><G23/><T93/><D22/><U83/><E3/><V125/><F88/><W128/><G46/><T129/><D90/><U99/><E80/><V85/><N who="2" m="21504" /><DORA hai="61" /><V31/><F31/><W63/><G81/><T49/><D82/><U56/><E56/><V57/><F57/><W53/><G45/><T102/><D30/><U65/><E65/><V118/><F117/><W103/><G103/><T32/><D102/><U106/><E106/><V9/><AGARI ba="0,0" hai="9,15,16,118,119,124,125,126" m="21504,36183" machi="9" ten="50,9600,0" yaku="18,1,52,1,54,1" doraHai="59,61" who="2" fromWho="2" sc="446,-32,243,-32,100,96,211,-32" /><INIT seed="6,1,0,3,1,21" ten="414,211,196,179" oya="2" hai0="47,17,105,85,3,96,126,13,113,122,58,128,1" hai1="86,93,90,39,130,107,71,72,36,76,112,35,63" hai2="120,26,101,60,135,50,66,2,108,10,117,19,30" hai3="104,5,54,80,41,28,125,87,129,9,91,84,22"/><V70/><F117/><W56/><G104/><T116/><D122/><U44/><E107/><V82/><F120/><W74/><G129/><T98/><D113/><U11/><E112/><V37/><F135/><W62/><G125/><T123/><D123/><U109/><E109/><V94/><F37/><W53/><G41/><T0/><D126/><U18/><E35/><V45/><F82/><W24/><G74/><T52/><D128/><U68/><E130/><V16/><F108/><W114/><G114/><T38/><D105/><U88/><E44/><V79/><F79/><W97/><G87/><T134/><D134/><U95/><E72/><V57/><F70/><W25/><G97/><T20/><D116/><U69/><E76/><V100/><F2/><W55/><REACH who="3" step="1"/><G25/><REACH who="3" ten="414,211,196,169" step="2"/><T67/><D85/><U111/><E111/><V46/><F100/><W51/><G51/><T64/><D98/><U131/><E131/><V23/><F50/><W103/><G103/><T78/><D96/><N who="1" m="57383" /><E39/><V27/><F27/><W7/><G7/><T40/><REACH who="0" step="1"/><D78/><REACH who="0" ten="404,211,196,169" step="2"/><U12/><E86/><V43/><F101/><W29/><G29/><T48/><AGARI ba="1,2" hai="0,1,3,13,17,20,38,40,47,48,52,58,64,67" machi="48" ten="30,7900,0" yaku="1,1,2,1,0,1,54,1,53,0" doraHai="21" doraHaiUra="75" who="0" fromWho="0" sc="404,102,211,-21,196,-40,169,-21" /><INIT seed="7,0,0,4,3,77" ten="506,190,156,148" oya="3" hai0="22,88,74,111,119,59,12,46,50,76,38,17,11" hai1="134,66,39,67,81,97,96,35,79,30,24,40,51" hai2="85,106,102,75,31,48,42,112,45,61,124,80,135" hai3="64,29,72,133,84,20,121,56,23,6,4,63,118"/><W115/><G118/><T73/><D111/><U98/><E39/><V89/><F112/><W128/><G121/><T44/><D119/><U70/><E134/><V26/><F135/><W2/><G133/><T100/><D100/><U21/><E35/><V47/><F124/><W43/><G72/><T91/><D38/><U109/><E70/><V126/><F126/><W34/><G115/><T18/><D59/><U113/><E109/><V117/><F117/><W33/><G43/><T71/><D71/><U114/><E114/><V54/><F75/><W92/><G128/><T82/><D74/><U108/><E108/><V9/><F9/><W101/><G2/><T83/><D83/><U103/><E103/><V130/><F130/><W25/><G23/><T0/><D46/><N who="1" m="26055" /><E113/><V49/><F102/><W123/><G123/><T27/><D0/><U13/><E13/><V125/><F106/><W131/><G131/><T62/><D62/><U14/><E14/><V19/><F61/><W87/><G34/><T107/><D107/><U78/><E81/><V110/><F125/><W105/><G33/><T57/><D57/><U120/><E120/><V129/><F110/><W8/><G105/><T90/><D90/><U93/><E93/><V104/><F104/><W116/><G116/><T86/><D73/><U53/><E53/><AGARI ba="0,0" hai="11,12,17,18,22,27,44,50,53,76,82,86,88,91" machi="53" ten="30,7700,0" yaku="7,1,8,1,52,1,54,1" doraHai="77" who="0" fromWho="1" sc="506,77,190,-77,156,0,148,0" owari="583,68.0,113,-39.0,156,-4.0,148,-25.0" /></mjloggm>