<mjloggm ver="2.3"><GO type="169" lobby="0"/><UN n0="%E3%83%8E%E3%82%AA%E3%83%81%E3%83%A3%E3%83%99%E3%82%B9" n1="%E5%A4%A9%E7%A5%9E%E9%B3%B3%E4%BD%8D" n2="%4B%57" n3="%E3%81%98%E3%81%98%E3%81%84%E3%81%8C%E5%91%BC%E3%82%93%E3%81%A0" dan="16,16,16,16" rate="2104.33,2119.32,2038.90,2081.55" sx="M,M,M,M"/><TAIKYOKU oya="0"/><INIT seed="0,0,0,5,4,117" ten="250,250,250,250" oya="0" hai0="45,114,48,44,108,91,103,56,124,47,29,126,62" hai1="51,105,113,111,94,110,59,88,43,24,104,95,118" hai2="38,133,13,37,18,131,109,28,53,57,8,120,36" hai3="54,26,85,68,2,12,82,31,46,77,98,89,35"/><T61/><D103/><U122/><E118/><V58/><F109/><N who="1" m="41481" /><E113/><V27/><F131/><W42/><G2/><T52/><D29/><U49/><E95/><V41/><F133/><W116/><G116/><T34/><D34/><U106/><E43/><V90/><F90/><W20/><G68/><T6/><D108/><U67/><E24/><V127/><F127/><N who="0" m="48682" /><D6/><U134/><E134/><V11/><F58/><W70/><G70/><T50/><D91/><U84/><E122/><V10/><F120/><W128/><G128/><T40/><D114/><U60/><AGARI ba="0,0" hai="49,51,59,60,67,84,88,94,104,105,106" m="41481" machi="60" ten="40,2700,0" yaku="14,1,54,1" doraHai="117" who="1" fromWho="1" sc="250,-13,250,27,250,-7,250,-7" /><INIT seed="1,0,0,1,0,106" ten="237,277,243,243" oya="1" hai0="62,21,129,83,85,99,12,37,6,64,36,32,107" hai1="66,130,49,30,50,69,59,1,29,132,7,117,19" hai2="53,54,22,25,9,16,95,33,27,115,23,128,68" hai3="35,131,110,71,60,42,24,94,38,121,4,31,90"/><U61/><E117/><V73/><F128/><W2/><G121/><T133/><D32/><U76/><E130/><V113/><F68/><W111/><G131/><T74/><D133/><U88/><E132/><V8/><F33/><W70/><G90/><T89/><D129/><U81/><E19/><V51/><F95/><W44/><G94/><T87/><D87/><U11/><E88/><V79/><F79/><W77/><G77/><T14/><D74/><U43/><E43/><V55/><F51/><W56/><G56/><T47/><D6/><U100/><E100/><V118/><F118/><W0/><G0/><T13/><D21/><U124/><E124/><V92/><F92/><W3/><G2/><T10/><D10/><U63/><E30/><V18/><REACH who="2" step="1"/><F73/><REACH who="2" ten="237,277,233,243" step="2"/><W126/><G126/><T20/><D37/><U46/><E49/><V26/><F26/><W120/><G120/><T67/><D36/><U97/><E69/><N who="3" m="26122" /><G60/><T109/><D62/><U41/><E61/><V98/><F98/><W15/><G15/><T104/><D99/><U39/><E97/><V28/><F28/><W48/><G48/><T86/><D83/><U57/><E29/><V105/><F105/><W58/><G58/><T135/><D107/><U114/><E57/><V52/><N who="2" m="13312" /><DORA hai="102" /><V103/><F103/><W45/><G45/><T101/><D104/><U96/><E50/><V75/><F75/><W34/><G34/><T93/><D101/><U80/><E96/><V84/><F84/><W134/><G134/><T125/><D135/><U91/><E76/><V127/><F127/><W5/><G3/><RYUUKYOKU ba="0,1" sc="237,-15,277,-15,233,15,243,15" hai2="8,9,16,18,22,23,25,27,113,115" hai3="4,5,24,31,35,38,42,44,110,111" /><INIT seed="2,1,1,2,4,11" ten="222,262,248,258" oya="2" hai0="19,5,135,29,81,86,18,63,76,107,35,111,112" hai1="101,26,12,102,44,41,89,90,75,61,106,54,129" hai2="33,96,80,24,67,113,51,64,31,1,32,127,123" hai3="100,121,45,42,28,88,10,13,62,25,47,119,120"/><V4/><F113/><W52/><G100/><T87/><D107/><U50/><E129/><V6/><F123/><W38/><G119/><T133/><D112/><U82/><E26/><V92/><F127/><W85/><G25/><T94/><D29/><U27/><E27/><V30/><F80/><W23/><G23/><T49/><D35/><U116/><E116/><V114/><F114/><W21/><G21/><T65/><D49/><U8/><E75/><V57/><F31/><W126/><G28/><T55/><D55/><U83/><E83/><V16/><F33/><W125/><G62/><T46/><D46/><U60/><E106/><V93/><F93/><W74/><G74/><T115/><D5/><U71/><E71/><V15/><F51/><N who="3" m="28783" /><G121/><T105/><D105/><U103/><E41/><V79/><F79/><W128/><G120/><T130/><D130/><U48/><E48/><V66/><F57/><W43/><G43/><T20/><D115/><U53/><E53/><V34/><F34/><W122/><G122/><T95/><D19/><N who="1" m="8583" /><E90/><V9/><REACH who="2" step="1"/><F1/><REACH who="2" ten="222,262,238,258" step="2"/><W77/><G77/><T0/><D0/><U84/><AGARI ba="1,2" hai="44,50,54,60,61,82,84,89,101,102,103" m="8583" machi="84" ten="30,4000,0" yaku="25,1,8,1,52,1" doraHai="11" who="1" fromWho="1" sc="222,-11,262,63,238,-21,258,-11" /><INIT seed="3,0,0,0,4,24" ten="211,325,217,247" oya="3" hai0="49,115,110,125,100,106,104,48,67,42,52,118,123" hai1="2,10,134,113,131,85,129,133,90,40,26,57,126" hai2="61,46,120,65,8,44,108,12,119,97,58,135,94" hai3="102,50,39,25,71,34,43,124,23,27,72,107,33"/><W105/><G124/><T41/><D118/><U81/><E113/><V64/><F119/><W70/><G72/><T127/><D123/><U20/><E40/><V21/><F120/><W16/><G39/><T77/><D77/><U31/><E57/><V9/><F108/><W45/><G102/><T75/><D75/><U111/><E90/><V121/><F121/><W78/><G78/><T56/><D100/><U7/><E85/><V83/><F83/><W35/><REACH who="3" step="1"/><G27/><REACH who="3" ten="211,325,217,237" step="2"/><T62/><D115/><U76/><E76/><V92/><F135/><N who="1" m="51721" /><E111/><V6/><F65/><W28/><G28/><T51/><D110/><U14/><E81/><V122/><F122/><W99/><G99/><T36/><D106/><AGARI ba="0,1" hai="16,23,25,33,34,35,43,45,50,70,71,105,106,107" machi="106" ten="50,12000,1" yaku="1,1,54,1,53,3" doraHai="24" doraHaiUra="29" who="3" fromWho="0" sc="211,-120,325,0,217,0,237,130" /><INIT seed="3,1,0,2,1,95" ten="91,325,217,367" oya="3" hai0="43,133,109,96,39,110,77,47,51,102,69,101,32" hai1="66,108,78,67,76,30,44,25,9,106,135,130,87" hai2="134,90,91,124,103,7,50,62,126,13,116,85,33" hai3="8,73,53,125,86,11,64,84,34,111,21,41,72"/><W45/><G34/><T132/><D32/><U3/><E106/><V29/><F116/><W127/><G53/><T117/><D117/><U48/><E108/><N who="0" m="41577" /><D69/><U123/><E123/><V68/><F134/><N who="0" m="51818" /><D77/><U2/><E135/><V40/><F103/><W107/><G107/><N who="0" m="63911" /><D102/><U83/><E76/><V118/><F68/><W52/><G52/><T37/><AGARI ba="1,0" hai="37,39,43,47,51" m="63911,51818,41577" machi="37" ten="40,5200,0" yaku="14,1,20,1,52,1" doraHai="95" who="0" fromWho="0" sc="91,55,325,-14,217,-14,367,-27" /><INIT seed="4,0,0,5,5,128" ten="146,311,203,340" oya="0" hai0="111,32,74,29,106,103,5,55,85,60,80,116,50" hai1="18,38,40,22,11,130,4,93,73,97,70,87,41" hai2="88,15,75,133,89,135,84,114,37,118,121,17,44" hai3="3,53,63,76,102,61,16,10,81,25,12,52,43"/><T110/><D74/><U134/><E130/><V8/><F121/><W21/><G3/><T112/><D116/><U27/><E73/><V101/><F118/><W92/><G43/><T65/><D5/><U48/><E70/><V51/><F114/><W33/><G33/><T39/><D39/><U113/><E38/><V127/><F127/><W104/><G104/><T35/><D112/><U66/><E113/><V125/><F125/><W2/><G2/><T13/><D13/><U72/><E72/><V126/><F126/><W82/><G102/><T45/><D103/><U58/><E87/><V57/><F75/><W56/><G92/><T100/><D100/><U9/><E48/><V79/><F101/><W36/><G36/><T86/><D106/><U31/><E93/><V124/><F124/><W131/><G131/><T117/><D117/><U14/><E97/><V20/><F57/><N who="3" m="34983" /><G76/><T59/><D86/><U1/><E40/><N who="2" m="24967" /><F37/><W67/><G53/><T91/><REACH who="0" step="1"/><D29/><AGARI ba="0,0" hai="10,12,16,21,25,29,56,63,67,81,82" m="34983" machi="29" ten="30,3900,0" yaku="8,1,54,2" doraHai="128" who="3" fromWho="0" sc="146,-39,311,0,203,0,340,39" /><INIT seed="5,0,0,5,4,116" ten="107,311,203,379" oya="1" hai0="67,3,4,53,111,57,119,91,78,70,101,127,68" hai1="18,63,45,103,130,75,76,28,92,71,42,134,20" hai2="102,58,24,132,104,105,19,82,46,54,123,22,23" hai3="34,64,60,29,38,99,5,77,88,55,106,120,118"/><U97/><E134/><V40/><F132/><W93/><G120/><T39/><D119/><U131/><E28/><V2/><F123/><W124/><G118/><T6/><D111/><U129/><E76/><V9/><F102/><W135/><G135/><T35/><D101/><U10/><E10/><V72/><F2/><W117/><G117/><T114/><D78/><U59/><E71/><V27/><F9/><W87/><G38/><T108/><D108/><U30/><E30/><V69/><F82/><W107/><G5/><T49/><D35/><U81/><E81/><V15/><F72/><W25/><G55/><T96/><D3/><U52/><E75/><V113/><F15/><W44/><G44/><T62/><D70/><U115/><E115/><V122/><F122/><W84/><G124/><T50/><D127/><U66/><E66/><V33/><F33/><W65/><G65/><T32/><D32/><U43/><E45/><V31/><F113/><W17/><G17/><T61/><D114/><U1/><E1/><V100/><F100/><W36/><G36/><T86/><D96/><U48/><E48/><V8/><F8/><W110/><G110/><T12/><D39/><U109/><E109/><V47/><F47/><W16/><G16/><T74/><D74/><U95/><E95/><V89/><F89/><W83/><REACH who="3" step="1"/><G99/><REACH who="3" ten="107,311,203,369" step="2"/><T112/><D112/><U79/><REACH who="1" step="1"/><E79/><REACH who="1" ten="107,301,203,369" step="2"/><V37/><F69/><AGARI ba="0,2" hai="25,29,34,60,64,69,77,83,84,87,88,93,106,107" machi="69" ten="30,8000,1" yaku="1,1,2,1,7,1,54,1,53,1" doraHai="116" doraHaiUra="90" who="3" fromWho="2" sc="107,0,301,0,203,-80,369,100" /><INIT seed="6,0,0,1,4,50" ten="107,301,123,469" oya="2" hai0="43,119,81,101,37,13,54,14,127,22,92,60,88" hai1="3,133,103,70,65,28,98,90,25,124,130,18,71" hai2="129,5,96,102,4,104,113,24,64,20,2,23,114" hai3="21,120,26,93,105,42,48,53,1,117,100,30,6"/><V134/><F129/><W78/><G117/><T84/><D119/><U16/><E130/><V29/><F134/><W44/><G120/><T57/><D127/><U94/><E133/><V8/><F5/><W17/><G105/><T10/><D37/><U89/><E124/><V74/><F74/><W11/><G78/><T45/><D43/><U66/><E3/><V33/><REACH who="2" step="1"/><F64/><REACH who="2" ten="107,301,113,469" step="2"/><W55/><G6/><N who="0" m="3287" /><D45/><U83/><E66/><V106/><F106/><W132/><G132/><T121/><D121/><U36/><E65/><V32/><F32/><W109/><G1/><T12/><D22/><AGARI ba="0,1" hai="2,4,8,20,22,23,24,29,33,96,102,104,113,114" machi="22" ten="40,2000,0" yaku="1,1,53,0" doraHai="50" doraHaiUra="107" who="2" fromWho="0" sc="107,-20,301,0,113,30,469,0" /><INIT seed="6,1,0,0,2,64" ten="87,301,143,469" oya="2" hai0="21,15,40,88,65,67,29,0,68,3,109,24,107" hai1="123,22,115,57,93,16,128,25,13,100,134,82,47" hai2="42,79,96,76,126,53,7,103,105,110,132,30,101" hai3="91,117,81,104,87,43,86,60,71,89,135,83,111"/><V73/><F126/><W41/><G111/><T50/><D107/><U48/><E115/><V11/><F110/><W102/><G117/><T112/><D109/><U129/><E134/><V20/><F132/><W19/><G135/><T130/><D112/><U27/><E123/><V69/><F69/><W125/><G125/><T72/><D72/><U1/><E1/><V55/><F42/><W78/><G78/><T118/><D118/><U127/><E127/><V38/><F38/><W17/><G104/><T113/><D113/><U80/><E57/><V54/><F73/><W37/><G102/><T75/><D75/><U32/><E32/><V85/><F103/><W4/><G4/><T108/><D108/><U90/><E100/><V97/><F97/><W131/><G131/><N who="1" m="50250" /><E80/><V92/><F105/><W45/><G43/><T8/><D130/><U84/><E93/><V6/><F85/><W58/><G71/><T49/><D3/><U133/><E133/><V70/><F70/><W2/><G2/><T39/><D0/><U52/><AGARI ba="1,0" hai="13,16,22,25,27,47,48,52,82,84,90" m="50250" machi="52" ten="30,4000,0" yaku="19,1,54,2" doraHai="64" who="1" fromWho="1" sc="87,-11,301,43,143,-21,469,-11" /><INIT seed="7,0,0,2,5,122" ten="76,344,122,458" oya="3" hai0="45,78,30,132,63,83,68,80,77,21,69,42,58" hai1="86,3,128,24,12,41,120,25,95,55,53,2,131" hai2="106,81,11,71,105,88,15,18,52,65,130,0,33" hai3="109,66,27,101,34,74,82,110,56,17,39,60,103"/><W90/><G39/><T107/><D107/><U102/><E120/><V37/><F33/><W23/><G34/><T40/><D132/><U114/><E114/><V62/><F37/><W123/><G123/><T97/><D69/><U26/><E41/><V54/><F130/><N who="1" m="49705" /><E12/><V112/><F112/><W116/><G116/><T4/><D68/><U5/><E5/><V108/><F108/><N who="3" m="41579" /><G90/><T99/><D4/><U35/><E35/><V64/><F0/><N who="1" m="41" /><E86/><V49/><F65/><W125/><G125/><T135/><D135/><U28/><E28/><V115/><F115/><W31/><G31/><T20/><D30/><U129/><E129/><V8/><F64/><W113/><G113/><T38/><D38/><U46/><E46/><V13/><F88/><W98/><G66/><T36/><D36/><U76/><E76/><V134/><F134/><W10/><G10/><T43/><D45/><U121/><E121/><V126/><F126/><W72/><G23/><N who="0" m="8779" /><D58/><U7/><E7/><V73/><F11/><W48/><G56/><T119/><D119/><U91/><E91/><V32/><F8/><W75/><G75/><T70/><D70/><U133/><E133/><V127/><F127/><W57/><G72/><T19/><D19/><U79/><E79/><N who="0" m="30217" /><D63/><U96/><AGARI ba="0,0" hai="24,25,26,53,55,95,96,102" m="41,49705" machi="96" ten="40,1500,0" yaku="19,1" doraHai="122" who="1" fromWho="1" sc="76,-4,344,15,122,-4,458,-7" owari="72,-43.0,359,16.0,118,-28.0,451,55.0" /></mjloggm>