<mjloggm ver="2.3"><GO type="169" lobby="0"/><UN n0="%E7%9C%9F%E3%82%A8%E3%83%88%E3%83%9A%E3%83%B3" n1="%E3%81%98%E3%81%98%E3%81%84%E3%81%8C%E5%91%BC%E3%82%93%E3%81%A0" n2="%4B%57" n3="%E5%A4%A9%E7%A5%9E%E9%B3%B3%E4%BD%8D" dan="18,16,16,16" rate="2292.86,2083.29,2044.45,2113.21" sx="M,M,M,M"/><TAIKYOKU oya="0"/><INIT seed="0,0,0,5,4,43" ten="250,250,250,250" oya="0" hai0="99,34,87,52,10,26,79,82,18,64,119,46,135" hai1="128,44,120,96,60,132,61,65,77,37,111,4,110" hai2="56,125,6,67,68,102,134,107,31,53,71,69,66" hai3="130,19,81,55,93,11,76,85,104,57,36,13,126"/><T121/><D119/><U115/><E120/><V2/><F134/><W30/><G130/><T131/><D121/><U92/><E128/><V33/><F125/><W15/><G126/><T129/><D135/><U83/><E132/><V59/><F2/><W42/><G104/><T29/><D64/><U114/><E4/><V80/><F6/><W63/><G30/><T108/><D108/><N who="1" m="41515" /><E37/><V133/><F133/><W109/><G109/><T116/><D116/><U0/><E0/><V94/><F80/><W50/><G36/><T72/><D99/><U23/><E23/><V24/><F94/><W78/><G93/><T48/><REACH who="0" step="1"/><D72/><REACH who="0" ten="240,250,250,250" step="2"/><U118/><E118/><V41/><F67/><W38/><G38/><T122/><D122/><U123/><E123/><V86/><F66/><W5/><G85/><T40/><D40/><U51/><E65/><V98/><F41/><W75/><G78/><T74/><D74/><N who="1" m="43447" /><E115/><V39/><F39/><W127/><G127/><T14/><AGARI ba="0,1" hai="10,14,18,26,29,34,46,48,52,79,82,87,129,131" machi="14" ten="30,12000,1" yaku="1,1,0,1,52,1,54,1,53,1" doraHai="43" doraHaiUra="22" who="0" fromWho="0" sc="240,130,250,-40,250,-40,250,-40" /><INIT seed="0,1,0,3,3,117" ten="370,210,210,210" oya="0" hai0="126,123,38,118,106,93,132,125,134,103,47,84,17" hai1="87,56,49,127,122,80,46,94,99,97,78,2,5" hai2="19,102,7,114,83,110,124,108,67,129,10,21,76" hai3="82,66,73,121,71,57,45,63,131,55,70,74,41"/><T89/><D38/><U28/><E127/><N who="0" m="48649" /><D47/><U72/><E2/><V104/><F124/><W50/><G82/><T100/><D17/><U128/><E5/><V91/><F114/><W86/><G86/><T25/><D25/><U135/><E28/><V113/><F113/><W116/><G74/><T60/><D60/><U101/><E99/><N who="2" m="61535" /><F129/><W6/><G6/><T15/><D15/><U14/><E128/><V88/><F67/><W27/><G27/><T61/><D61/><U120/><E72/><N who="2" m="43399" /><F19/><W69/><G73/><T59/><D59/><U31/><E31/><V68/><F21/><W24/><G24/><T51/><D51/><U20/><E56/><V44/><F44/><N who="3" m="28103" /><G131/><T105/><D118/><U18/><REACH who="1" step="1"/><E135/><REACH who="1" ten="370,200,210,210" step="2"/><N who="0" m="51753" /><D123/><U52/><AGARI ba="1,1" hai="14,18,20,46,49,52,78,80,87,94,97,101,120,122" machi="52" ten="20,12000,2" yaku="1,1,0,1,7,1,52,2,54,1,53,1" doraHai="117" doraHaiUra="90" who="1" fromWho="1" sc="370,-61,200,133,210,-31,210,-31" /><INIT seed="1,0,0,2,5,23" ten="309,333,179,179" oya="1" hai0="42,112,72,134,41,6,101,52,105,48,4,56,108" hai1="74,25,83,62,21,45,106,60,131,9,17,5,118" hai2="7,15,10,132,97,39,68,50,89,113,90,109,93" hai3="87,99,130,12,14,133,95,54,82,32,36,30,64"/><U28/><E118/><V115/><F39/><W128/><G36/><T34/><D112/><N who="2" m="43082" /><F109/><W73/><G73/><T43/><D72/><U58/><E131/><N who="3" m="50218" /><G133/><T38/><D108/><U27/><E106/><V127/><F68/><W86/><G64/><T53/><D38/><U57/><E45/><V0/><F132/><W111/><G111/><T46/><D134/><U77/><E62/><V91/><F127/><W84/><G54/><T116/><D116/><U49/><E49/><V119/><F119/><W26/><G82/><T124/><D124/><U102/><E102/><AGARI ba="0,0" hai="12,14,26,30,32,84,86,87,95,99,102" m="50218" machi="102" ten="30,2000,0" yaku="19,1,52,1" doraHai="23" who="3" fromWho="1" sc="309,0,333,-20,179,0,179,20" /><INIT seed="2,0,0,0,1,93" ten="309,313,179,199" oya="2" hai0="120,81,18,1,89,100,134,41,46,109,107,110,47" hai1="56,88,73,10,70,71,59,22,39,102,119,77,112" hai2="129,24,49,6,23,16,118,5,132,99,95,43,108" hai3="15,4,37,34,50,28,91,29,133,2,127,82,17"/><V9/><F118/><W25/><G37/><T86/><D120/><U113/><E119/><V111/><F129/><W97/><G133/><T124/><D134/><U26/><E39/><V8/><F132/><W85/><G127/><T135/><D135/><U69/><E102/><V80/><F80/><W62/><G28/><T19/><D1/><U130/><E130/><V11/><F49/><W101/><G62/><T3/><D3/><U83/><E10/><V44/><F44/><W79/><G50/><T32/><D32/><U40/><E40/><V115/><F43/><W54/><G54/><T55/><D124/><U57/><REACH who="1" step="1"/><E88/><REACH who="1" ten="309,303,179,199" step="2"/><N who="2" m="55783" /><F115/><W122/><G91/><T21/><D41/><U121/><E121/><V7/><F111/><W87/><G122/><T12/><D110/><U131/><E131/><V103/><F108/><W38/><G38/><T27/><D109/><U125/><E125/><V63/><F103/><W75/><G2/><T20/><D107/><U104/><E104/><V0/><F0/><W114/><G114/><T45/><D100/><U123/><E123/><V117/><F117/><W72/><G101/><T53/><AGARI ba="0,1" hai="12,18,19,20,21,27,45,46,47,53,55,81,86,89" machi="53" ten="30,2000,0" yaku="0,1,8,1" doraHai="93" who="0" fromWho="0" sc="309,30,303,-5,179,-10,199,-5" /><INIT seed="3,0,0,1,3,10" ten="339,298,169,194" oya="3" hai0="89,15,45,75,114,33,77,125,27,12,38,37,97" hai1="106,1,105,87,113,44,39,58,13,101,82,119,110" hai2="102,21,56,84,5,109,66,22,50,133,40,57,49" hai3="60,63,52,88,93,83,85,135,48,107,55,6,51"/><W9/><G135/><T59/><D77/><U36/><E113/><V0/><F133/><W41/><G107/><T11/><D75/><U65/><E1/><V122/><F109/><W108/><G41/><T73/><D73/><U3/><E3/><V69/><F122/><W112/><G112/><T118/><D114/><U68/><E68/><V74/><F74/><W126/><G126/><T92/><D118/><U23/><E110/><V134/><F134/><W116/><G116/><T130/><D125/><U71/><E71/><V64/><F102/><W121/><G121/><T18/><D130/><U26/><E119/><V53/><F69/><W111/><G111/><T104/><D104/><U98/><E106/><V103/><F103/><W8/><G108/><T47/><D59/><U129/><E44/><V123/><F123/><W14/><G8/><T128/><D128/><U99/><E99/><V96/><F96/><N who="3" m="57383" /><G51/><T78/><D78/><U72/><E72/><V80/><F0/><W124/><G124/><T20/><D37/><U17/><E129/><V42/><F5/><W4/><G4/><N who="0" m="3175" /><D33/><U76/><REACH who="1" step="1"/><E26/><REACH who="1" ten="339,288,169,194" step="2"/><V32/><F57/><N who="3" m="32903" /><G55/><T81/><D38/><U30/><E30/><V127/><F127/><W86/><G86/><N who="0" m="50383" /><D47/><U43/><E43/><V25/><F42/><W28/><G28/><T94/><D45/><U35/><E35/><V117/><F117/><W91/><AGARI ba="0,1" hai="6,9,14,60,63,83,85,91" m="32903,57383" machi="91" ten="30,11700,0" yaku="8,1,52,1,54,2" doraHai="10" who="3" fromWho="3" sc="339,-39,288,-39,169,-39,194,127" /><INIT seed="3,1,0,4,0,87" ten="300,249,130,321" oya="3" hai0="130,57,105,29,123,53,9,76,1,103,33,15,116" hai1="126,20,132,54,110,101,61,86,133,114,31,113,62" hai2="124,111,131,112,128,93,75,38,69,36,100,104,16" hai3="107,28,95,97,47,14,4,106,78,50,39,98,58"/><W55/><G78/><T26/><D116/><U17/><E31/><V134/><RYUUKYOKU type="yao9" ba="1,0" sc="300,0,249,0,130,0,321,0" hai2="16,36,38,69,75,93,100,104,111,112,124,128,131,134" /><INIT seed="3,2,0,2,2,114" ten="300,249,130,321" oya="3" hai0="104,105,112,68,88,15,124,6,48,116,26,23,97" hai1="3,1,70,134,102,115,71,17,0,11,110,123,41" hai2="93,120,86,7,13,119,63,75,47,65,55,122,98" hai3="31,127,82,20,125,18,35,66,50,22,37,87,12"/><W52/><G37/><T95/><D68/><U111/><E115/><V28/><F75/><W56/><G66/><T27/><D112/><U40/><E123/><V77/><F28/><W62/><G62/><T74/><D74/><U108/><E102/><V69/><F77/><W44/><G56/><T80/><D124/><N who="3" m="47689" /><G35/><T67/><D67/><U94/><E94/><V49/><F86/><W38/><G38/><T72/><D27/><U60/><E60/><V107/><F107/><W106/><G106/><T135/><D105/><U43/><E134/><V5/><F13/><AGARI ba="2,0" hai="0,1,3,11,13,17,40,41,43,70,71,108,110,111" machi="13" ten="60,7700,0" yaku="29,2,14,1" doraHai="114" who="1" fromWho="2" sc="300,0,249,83,130,-83,321,0" /><INIT seed="4,0,0,0,3,115" ten="300,332,47,321" oya="0" hai0="59,62,92,109,120,69,83,17,11,10,118,108,33" hai1="35,49,51,90,89,60,103,41,135,8,0,116,22" hai2="132,100,32,117,104,67,42,93,4,130,131,98,133" hai3="105,113,20,123,76,34,47,82,124,15,28,99,71"/><T81/><D120/><U55/><E35/><V12/><F32/><W85/><G113/><T102/><D69/><U73/><E73/><V111/><F4/><W61/><G123/><T38/><D38/><U106/><E135/><N who="2" m="51787" /><F12/><W95/><G105/><T70/><D70/><U129/><E129/><N who="2" m="49163" /><F67/><W25/><G124/><T91/><D33/><U94/><E106/><V114/><F42/><W29/><G47/><T2/><D102/><U48/><E103/><V30/><F30/><W21/><G34/><T27/><D2/><U39/><E89/><N who="2" m="55599" /><F114/><W77/><G15/><T128/><D128/><U86/><E22/><V57/><F57/><W18/><G21/><N who="0" m="13743" /><D10/><U53/><E0/><V134/><N who="2" m="51795" /><V44/><DORA hai="97" /><F44/><W63/><G28/><T125/><D11/><U1/><E8/><V54/><F54/><W112/><G29/><T58/><D58/><U74/><E55/><V84/><F111/><W37/><G71/><T87/><D59/><U68/><E68/><V127/><F84/><W6/><G6/><T5/><D62/><U64/><E60/><V9/><F9/><W122/><G61/><T126/><D5/><U31/><E64/><V3/><F3/><W119/><G63/><T110/><D110/><U46/><E1/><V80/><F80/><N who="0" m="30794" /><D108/><U36/><E36/><V16/><F16/><W65/><G37/><T121/><D109/><U24/><E53/><V75/><F75/><W14/><G112/><T43/><D43/><U79/><E31/><V23/><F23/><W40/><G20/><T88/><D121/><U107/><E39/><V50/><F100/><RYUUKYOKU ba="0,0" sc="300,0,332,0,47,0,321,0" /><INIT seed="5,1,0,4,4,133" ten="300,332,47,321" oya="1" hai0="104,134,44,123,85,127,135,69,35,129,108,66,13" hai1="75,58,122,70,94,71,95,59,87,10,97,53,36" hai2="120,4,119,84,102,6,26,24,126,16,42,117,105" hai3="90,100,89,110,37,80,81,93,15,64,55,50,82"/><U109/><E122/><V20/><F120/><W83/><G110/><T54/><D123/><U7/><E75/><V78/><F42/><W77/><G37/><T107/><D108/><U103/><E109/><V116/><F105/><W27/><G64/><T52/><D35/><U38/><E59/><V118/><F102/><W41/><G41/><T49/><D129/><U47/><E47/><V131/><N who="2" m="29696" /><DORA hai="33" /><V111/><F111/><W113/><G113/><T106/><D69/><U45/><E45/><V5/><F78/><W61/><G61/><T39/><D66/><U132/><E132/><N who="0" m="50729" /><D39/><U114/><E114/><V9/><F84/><N who="3" m="48143" /><G27/><T22/><D85/><U43/><E43/><V31/><F131/><W88/><G15/><T76/><D76/><U65/><E65/><V11/><REACH who="2" step="1"/><F126/><REACH who="2" ten="300,332,37,321" step="2"/><W121/><G121/><T34/><D127/><U112/><E112/><V79/><F79/><W96/><G100/><T86/><D107/><U48/><E38/><V25/><F25/><W8/><G89/><T29/><D106/><U101/><E36/><V12/><F12/><W2/><G90/><T125/><D104/><U63/><E87/><V19/><F19/><W98/><G88/><T17/><D86/><U92/><E103/><V128/><F128/><W72/><G83/><T51/><D125/><U32/><E101/><V1/><F1/><W21/><G2/><T30/><D13/><N who="1" m="5343" /><E97/><V3/><F3/><W18/><G96/><T67/><D17/><U68/><E32/><AGARI ba="1,1" hai="4,5,6,9,11,16,20,24,26,31,32" m="29696" machi="32" ten="70,16000,3" yaku="1,1,34,3,54,1,53,3" doraHai="133,33" doraHaiUra="0,46" who="2" fromWho="1" sc="300,0,332,-163,37,173,321,0" /><INIT seed="6,0,0,0,2,132" ten="300,169,210,321" oya="2" hai0="40,15,7,118,68,71,97,112,63,25,96,56,88" hai1="3,99,66,92,1,86,53,32,120,114,57,39,9" hai2="67,50,130,76,73,111,24,100,102,52,51,29,81" hai3="69,109,134,42,72,82,90,79,13,28,60,106,80"/><V133/><F133/><W105/><G134/><T85/><D40/><U17/><E114/><V22/><F130/><W10/><G109/><T36/><D36/><U83/><E120/><V135/><F135/><W33/><G42/><T104/><D112/><U89/><E39/><V94/><F111/><W0/><G0/><T93/><D118/><U115/><E32/><V126/><F67/><W4/><G69/><T123/><D123/><U54/><E115/><V121/><F121/><W129/><G129/><T103/><D7/><U20/><E9/><V18/><F126/><W107/><G60/><T84/><D15/><U12/><E66/><V31/><F51/><W125/><G125/><T45/><D45/><U27/><E12/><V2/><F2/><W14/><G14/><T78/><D25/><U8/><E8/><V49/><F50/><W127/><G127/><T21/><D21/><U46/><E46/><V44/><REACH who="2" step="1"/><F94/><REACH who="2" ten="300,169,200,321" step="2"/><W38/><G38/><T116/><D116/><U58/><E1/><V48/><F48/><W47/><G47/><T23/><D71/><U101/><REACH who="1" step="1"/><E3/><REACH who="1" ten="300,159,200,321" step="2"/><V62/><F62/><W41/><G41/><T77/><D63/><U98/><E98/><V37/><F37/><W95/><G107/><T26/><D68/><U87/><E87/><V59/><F59/><AGARI ba="0,2" hai="17,20,27,53,54,57,58,59,83,86,89,92,99,101" machi="59" ten="40,2600,0" yaku="1,1,8,1,53,0" doraHai="132" doraHaiUra="43" who="1" fromWho="2" sc="300,0,159,46,200,-26,321,0" /><INIT seed="7,0,0,5,2,59" ten="300,205,174,321" oya="3" hai0="85,23,67,0,100,127,133,27,41,68,50,76,6" hai1="19,65,16,135,46,128,12,111,62,52,121,102,93" hai2="25,131,115,9,11,88,13,2,113,82,132,49,114" hai3="87,104,8,7,79,81,126,64,110,72,36,18,78"/><W74/><G104/><T90/><D133/><U125/><E121/><V28/><F132/><W117/><G117/><T4/><D127/><U58/><E135/><V32/><F131/><W108/><G126/><T51/><D0/><U31/><E125/><V44/><F2/><W96/><G36/><T54/><D100/><U106/><E106/><V45/><F45/><W118/><G118/><T34/><D34/><U101/><E111/><N who="3" m="42538" /><G96/><T40/><D76/><U92/><E31/><V116/><F116/><W97/><G97/><T63/><D41/><U94/><E128/><V10/><F82/><N who="3" m="47583" /><G74/><T24/><D40/><U83/><E83/><V1/><F1/><N who="3" m="111" /><G18/><N who="1" m="6698" /><E12/><V26/><F26/><W120/><G64/><T109/><D109/><U119/><E119/><V48/><F88/><W5/><G5/><T77/><D27/><U39/><E39/><V14/><REACH who="2" step="1"/><F49/><AGARI ba="0,0" hai="46,49,52,58,62,65,92,93,94,101,102" m="6698" machi="49" ten="30,7700,0" yaku="8,1,52,1,54,2" doraHai="59" who="1" fromWho="2" sc="300,0,205,77,174,-77,321,0" owari="300,10.0,282,-12.0,97,-40.0,321,42.0" /></mjloggm>