<mjloggm ver="2.3"><GO type="169" lobby="0"/><UN n0="%E9%BB%92%E7%8C%AB%73%69%6E" n1="%7A%6F%6F%31%39%36%34" n2="%E5%B0%8F%E6%B1%A0%E7%BE%8E%E6%B3%A2%E2%8A%BF" n3="%E5%AE%89%E6%96%8E" dan="17,18,16,17" rate="2223.37,2225.43,2108.44,2208.64" sx="M,M,F,F"/><TAIKYOKU oya="0"/><INIT seed="0,0,0,5,4,22" ten="250,250,250,250" oya="0" hai0="5,114,78,20,104,133,6,106,62,44,81,90,119" hai1="123,19,32,33,69,68,101,11,48,58,110,30,86" hai2="94,37,116,72,3,127,121,64,7,85,54,43,63" hai3="82,131,99,120,73,71,36,130,15,92,21,23,24"/><T89/><D114/><U107/><E123/><V59/><F72/><W10/><G120/><T41/><D119/><U97/><E110/><V76/><F121/><W47/><G71/><T98/><D133/><U56/><E86/><V60/><F127/><W75/><G47/><T115/><D115/><U91/><E91/><V14/><F3/><W87/><G36/><T57/><D6/><U0/><E33/><V9/><F116/><W135/><G21/><T2/><D20/><U129/><E129/><N who="3" m="49162" /><G135/><T128/><D128/><U53/><E58/><N who="2" m="36983" /><F37/><W79/><G15/><T132/><D132/><U49/><E49/><V83/><F94/><W35/><G10/><T84/><D5/><U27/><REACH who="1" step="1"/><E19/><REACH who="1" ten="250,240,250,250" step="2"/><V38/><F38/><W66/><G35/><T4/><D89/><U118/><E118/><V28/><F28/><N who="3" m="17439" /><G66/><T46/><D4/><AGARI ba="0,1" hai="0,4,11,27,30,32,48,53,56,68,69,97,101,107" machi="4" ten="40,5200,0" yaku="1,1,52,1,53,1" doraHai="22" doraHaiUra="55" who="1" fromWho="0" sc="250,-52,240,62,250,0,250,0" /><INIT seed="1,0,0,1,1,101" ten="198,302,250,250" oya="1" hai0="84,131,39,31,56,79,119,103,62,52,16,102,134" hai1="65,25,19,14,96,58,54,23,40,73,59,71,106" hai2="118,88,61,12,32,37,116,55,91,42,0,2,82" hai3="26,112,9,1,34,22,13,83,27,5,30,66,109"/><U45/><E73/><V67/><F32/><W99/><G66/><T127/><D119/><U50/><E71/><V89/><F55/><W36/><G36/><T93/><D131/><U78/><E78/><V24/><F24/><N who="3" m="18759" /><G99/><T94/><D134/><U8/><E65/><V43/><F82/><W110/><G83/><N who="0" m="47231" /><D39/><U69/><E69/><V35/><F35/><W17/><G112/><T44/><D31/><U104/><E96/><V90/><F12/><W72/><G72/><T49/><D127/><U100/><E100/><N who="0" m="38441" /><D16/><U46/><E59/><V6/><F91/><W29/><G29/><T75/><D75/><U115/><E115/><V76/><F76/><W80/><G80/><T18/><D18/><U125/><E125/><V7/><F90/><W63/><G63/><T77/><D77/><U60/><E46/><V81/><F67/><AGARI ba="0,0" hai="44,49,52,56,62,67,93,94" m="38441,47231" machi="67" ten="30,2000,0" yaku="8,1,54,1" doraHai="101" who="0" fromWho="2" sc="198,20,302,0,250,-20,250,0" /><INIT seed="2,0,0,5,1,50" ten="218,302,230,250" oya="2" hai0="69,85,26,116,41,53,100,125,91,29,44,54,52" hai1="122,102,20,9,35,23,71,57,104,6,73,5,17" hai2="95,124,33,34,113,89,82,47,61,40,131,87,81" hai3="70,103,36,79,67,75,63,120,59,126,96,21,28"/><V12/><F113/><W32/><G120/><T4/><D125/><U0/><E71/><V115/><F124/><W16/><G126/><T99/><D69/><U94/><E73/><V19/><F115/><W114/><G114/><T105/><D4/><U22/><E104/><V110/><F131/><W86/><G36/><T118/><D41/><U27/><E122/><V92/><F61/><W108/><G75/><T55/><N who="0" m="13312" /><DORA hai="43" /><T3/><D44/><U45/><E57/><V48/><F110/><W51/><G51/><T121/><D3/><U10/><E45/><V112/><F112/><W84/><G79/><T25/><D121/><U46/><E46/><V58/><F58/><W119/><G59/><T65/><D65/><U80/><E80/><V90/><F34/><W130/><G108/><T132/><D132/><U14/><E94/><V111/><F33/><W135/><G119/><N who="0" m="45611" /><D29/><N who="1" m="19903" /><E102/><V123/><F111/><W129/><G135/><T42/><D42/><U97/><E97/><N who="2" m="57487" /><F123/><W64/><G64/><T117/><N who="0" m="45619" /><T31/><DORA hai="128" /><D31/><U74/><E74/><V83/><F83/><AGARI ba="0,0" hai="25,26,83,85,91,99,100,105" m="45619,13312" machi="83" ten="60,12000,2" yaku="12,1,52,4,54,1" doraHai="50,43,128" who="0" fromWho="2" sc="218,120,302,0,230,-120,250,0" /><INIT seed="3,0,0,5,2,80" ten="338,302,110,250" oya="3" hai0="11,114,7,4,1,84,67,115,53,17,14,8,26" hai1="45,91,90,30,38,63,39,66,19,130,87,119,110" hai2="23,131,16,55,51,25,129,111,65,22,32,97,92" hai3="78,60,24,117,28,79,94,125,118,42,127,88,93"/><W75/><G42/><T108/><D67/><U69/><E110/><V112/><F112/><N who="0" m="43050" /><D108/><U49/><E130/><V31/><F111/><W96/><G60/><T82/><D53/><U46/><E119/><N who="3" m="45578" /><G24/><T9/><D26/><U95/><E30/><V6/><F6/><N who="0" m="2090" /><D1/><U85/><E19/><V37/><F65/><W2/><G28/><T34/><D34/><U132/><E132/><V71/><F37/><W123/><G2/><T104/><D104/><U98/><E46/><V50/><F71/><W5/><G5/><T21/><D8/><U43/><REACH who="1" step="1"/><E98/><REACH who="1" ten="338,292,110,250" step="2"/><V56/><F131/><W29/><G29/><T33/><D33/><U58/><E58/><V134/><F129/><W107/><G123/><T89/><AGARI ba="0,1" hai="9,11,14,17,21,82,84,89" m="2090,43050" machi="89" ten="30,2000,0" yaku="11,1,52,1" doraHai="80" who="0" fromWho="0" sc="338,30,292,-5,110,-5,250,-10" /><INIT seed="4,0,0,5,0,128" ten="368,287,105,240" oya="0" hai0="43,112,95,23,133,56,103,71,81,38,72,39,70" hai1="54,62,10,35,48,19,69,106,92,9,17,7,86" hai2="115,4,135,87,134,78,8,26,34,119,47,126,64" hai3="91,118,98,75,5,121,42,31,114,123,21,15,85"/><T37/><D112/><U122/><E106/><V13/><F115/><W109/><G114/><T73/><D43/><U82/><E35/><V76/><F126/><W12/><G109/><T104/><D104/><U41/><E122/><N who="3" m="46602" /><G75/><T131/><D131/><U96/><E41/><V116/><F64/><W83/><G118/><N who="2" m="45097" /><F47/><W127/><G127/><T22/><D56/><U65/><E96/><V25/><F87/><W49/><G5/><T67/><D67/><U1/><E10/><V94/><F94/><N who="3" m="56671" /><G31/><T55/><D55/><U117/><E92/><V88/><F88/><N who="3" m="51263" /><G21/><T32/><D32/><U20/><E20/><V27/><F34/><W57/><G57/><T108/><D108/><U61/><E117/><V111/><F111/><W45/><AGARI ba="0,0" hai="12,15,42,45,49" m="51263,56671,46602" machi="45" ten="30,2000,0" yaku="13,1,54,1" doraHai="128" who="3" fromWho="3" sc="368,-10,287,-5,105,-5,240,20" /><INIT seed="5,0,0,1,3,95" ten="358,282,100,260" oya="1" hai0="125,130,70,52,10,42,105,68,57,67,31,79,128" hai1="117,94,58,45,66,2,46,75,55,99,18,122,118" hai2="103,90,28,44,116,96,73,86,39,40,11,102,101" hai3="54,41,72,109,22,12,120,85,23,14,74,76,15"/><U63/><E122/><V123/><F116/><W100/><G109/><T48/><D31/><U47/><E75/><V19/><F123/><W91/><G120/><T83/><D105/><U69/><E2/><V32/><F73/><W3/><G3/><T35/><D35/><U88/><REACH who="1" step="1"/><E18/><REACH who="1" ten="358,272,100,260" step="2"/><V37/><F19/><W33/><G74/><T87/><D128/><U7/><E7/><V129/><F129/><W133/><G72/><T21/><D130/><U108/><E108/><V0/><F0/><W132/><G132/><T59/><D125/><U25/><E25/><V112/><F112/><W6/><G133/><T38/><D70/><U1/><E1/><V56/><F28/><W60/><G6/><T62/><D68/><U13/><E13/><V81/><F32/><W27/><G12/><T111/><D111/><U113/><E113/><V89/><F11/><W29/><G14/><T78/><D10/><U135/><E135/><V106/><F37/><W126/><G15/><T16/><D16/><U36/><E36/><V20/><F20/><W124/><G22/><T53/><D21/><U49/><AGARI ba="0,1" hai="45,46,47,49,55,58,63,66,69,88,94,99,117,118" machi="49" ten="30,11700,0" yaku="1,1,0,1,52,1,54,1,53,0" doraHai="95" doraHaiUra="9" who="1" fromWho="1" sc="358,-39,272,127,100,-39,260,-39" /><INIT seed="5,1,0,2,2,134" ten="319,399,61,221" oya="1" hai0="48,97,26,114,27,119,87,23,59,125,78,100,36" hai1="44,118,41,76,79,54,130,64,67,5,50,70,1" hai2="21,132,104,20,81,75,51,29,10,38,80,14,2" hai3="43,115,93,0,30,45,74,11,116,89,109,35,57"/><U106/><E118/><V135/><F38/><W56/><G109/><T83/><D36/><U17/><E106/><V9/><F104/><W32/><G116/><T63/><D119/><U37/><E130/><V42/><F42/><W69/><G69/><T72/><D72/><U53/><E17/><V52/><F2/><W85/><G74/><T15/><D114/><U49/><E79/><V24/><F20/><W129/><G115/><T22/><D48/><U6/><E76/><V102/><F102/><W94/><G129/><T107/><D125/><U99/><E99/><V108/><F10/><W86/><G0/><T90/><D90/><U60/><E1/><V13/><F14/><W127/><G11/><T110/><D110/><U91/><E91/><V25/><F25/><W126/><G89/><T40/><D40/><U120/><E120/><V4/><F108/><W7/><G43/><T16/><REACH who="0" step="1"/><D23/><REACH who="0" ten="309,399,61,221" step="2"/><U34/><E37/><V71/><F75/><W12/><G32/><T98/><D98/><U61/><E34/><V77/><F77/><W113/><G35/><T46/><D46/><U84/><E84/><V124/><F124/><W8/><G45/><T66/><AGARI ba="1,1" hai="15,16,22,26,27,59,63,66,78,83,87,97,100,107" machi="66" ten="20,8000,1" yaku="1,1,0,1,7,1,54,1,53,1" doraHai="134" doraHaiUra="103" who="0" fromWho="0" sc="309,93,399,-41,61,-21,221,-21" /><INIT seed="6,0,0,4,5,126" ten="402,358,40,200" oya="2" hai0="56,93,120,101,23,14,63,69,96,50,62,70,60" hai1="124,75,24,83,52,13,79,81,6,47,64,129,119" hai2="61,1,68,39,7,114,128,32,132,0,19,106,112" hai3="130,116,38,123,109,134,105,135,35,108,54,49,76"/><V41/><F106/><W98/><G116/><T73/><D73/><U55/><E119/><V46/><F32/><W25/><G38/><T17/><D120/><U125/><E64/><N who="2" m="40975" /><F19/><W18/><G76/><T15/><D69/><U100/><E100/><V67/><F67/><W71/><G71/><T82/><D70/><U10/><E24/><V36/><F36/><W34/><G123/><T131/><D50/><U44/><E83/><V29/><F29/><N who="3" m="19759" /><G18/><T121/><D121/><U40/><E47/><V94/><F94/><W102/><G35/><T31/><D31/><U111/><E111/><V30/><F30/><W78/><G78/><T89/><D56/><U127/><E129/><V117/><F117/><W113/><G130/><T59/><D131/><U110/><REACH who="1" step="1"/><E110/><REACH who="1" ten="402,348,40,200" step="2"/><V87/><F128/><W72/><G108/><T115/><D82/><U95/><E95/><V9/><F132/><W85/><G109/><T74/><D101/><U3/><E3/><N who="2" m="255" /><F87/><W122/><G85/><T90/><D74/><U22/><E22/><V33/><F33/><W103/><G72/><T37/><D93/><U80/><E80/><V97/><F97/><W43/><G122/><T53/><D96/><U84/><E84/><V21/><F21/><W28/><G98/><T57/><D23/><U27/><E27/><V12/><F12/><W16/><G135/><T26/><D15/><U66/><E66/><V118/><F118/><W20/><G134/><T92/><D14/><U2/><E2/><AGARI ba="0,1" hai="0,1,2,39,41,46,112,114" m="255,40975" machi="2" ten="30,1500,0" yaku="23,1" doraHai="126" who="2" fromWho="1" sc="402,0,348,-15,40,25,200,0" /><INIT seed="6,1,0,4,0,70" ten="402,333,65,200" oya="2" hai0="11,127,124,36,52,132,82,61,60,100,28,95,80" hai1="10,46,4,16,18,14,6,117,41,106,90,98,20" hai2="87,9,84,3,96,133,17,101,71,91,74,23,42" hai3="30,27,123,37,64,38,7,114,109,56,39,67,8"/><V73/><F133/><W126/><G109/><T21/><D132/><U72/><E72/><V31/><F71/><W112/><G123/><T119/><D119/><U120/><E117/><V94/><F84/><W57/><G126/><N who="0" m="48171" /><D36/><U5/><E120/><V121/><F121/><W59/><G64/><T34/><D34/><U66/><E66/><V129/><F129/><W116/><G67/><T13/><D21/><U131/><E131/><V105/><F42/><W15/><REACH who="3" step="1"/><G116/><REACH who="3" ten="402,333,65,190" step="2"/><T85/><D61/><U62/><E62/><V110/><F110/><W103/><G103/><T79/><D100/><U93/><E106/><V125/><F125/><W47/><G47/><T75/><D60/><U92/><E92/><V135/><F135/><W58/><N who="3" m="14336" /><DORA hai="43" /><W22/><AGARI ba="1,1" hai="7,8,15,22,27,30,37,38,39,112,114" m="14336" machi="22" ten="50,12000,2" yaku="1,1,4,1,0,1,52,3,53,0" doraHai="70,43" doraHaiUra="122,81" who="3" fromWho="3" sc="402,-31,333,-31,65,-61,190,133" /><INIT seed="7,0,0,2,4,5" ten="371,302,4,323" oya="3" hai0="126,50,79,130,6,18,95,97,49,69,85,56,94" hai1="33,105,22,86,103,42,98,83,31,57,30,107,134" hai2="41,12,131,47,67,132,82,52,66,128,125,81,109" hai3="14,16,13,2,71,115,124,123,133,28,135,64,84"/><W27/><G123/><T34/><D69/><U4/><E134/><N who="3" m="51210" /><G115/><T113/><D113/><U122/><E122/><V3/><F3/><W121/><G121/><T0/><D34/><U46/><E33/><V29/><F29/><W88/><G2/><T101/><D130/><N who="2" m="49706" /><F109/><W24/><G124/><T63/><D126/><U7/><E107/><V39/><F125/><W89/><G13/><T23/><D6/><U73/><E57/><V32/><F32/><N who="3" m="20487" /><G27/><N who="0" m="14839" /><D0/><U112/><E112/><V75/><F82/><W43/><G43/><T119/><D119/><U70/><E70/><V96/><F81/><W53/><G53/><N who="0" m="34191" /><D79/><U106/><E73/><V9/><F75/><W102/><G102/><T104/><D104/><U40/><E106/><V11/><F96/><W76/><G76/><T45/><D45/><U100/><E100/><V59/><F132/><W117/><G84/><T72/><D72/><U21/><E42/><V90/><F90/><AGARI ba="0,0" hai="49,50,85,90,94,95,97,101" m="34191,14839" machi="90" ten="30,1000,0" yaku="8,1" doraHai="5" who="0" fromWho="2" sc="371,10,302,0,4,-10,323,0" owari="381,49.0,302,-10.0,-6,-51.0,323,12.0" /></mjloggm>