<mjloggm ver="2.3"><GO type="169" lobby="0"/><UN n0="%E5%A4%A7%E8%B3%A2%E8%89%AF%E5%B8%AB" n1="%E3%83%9D%E3%83%B3%E3%83%89%E3%83%AB" n2="%E3%82%B3%E3%82%AB%E3%83%A9%E3%82%A4%E3%82%A2" n3="%E5%8D%83%E7%BE%BD%E9%B4%89" dan="16,16,17,17" rate="2070.22,2053.23,2152.48,2238.57" sx="M,M,M,F"/><TAIKYOKU oya="0"/><INIT seed="0,0,0,1,0,41" ten="250,250,250,250" oya="0" hai0="7,94,31,98,82,99,73,51,36,100,107,62,47" hai1="21,127,14,3,58,9,71,122,8,110,25,121,130" hai2="92,4,83,18,74,33,45,102,44,57,101,134,34" hai3="78,53,24,132,2,27,40,118,39,88,19,10,16"/><T12/><D36/><U43/><E71/><V95/><F4/><W37/><G118/><T68/><D31/><N who="1" m="17839" /><E58/><V30/><F30/><W35/><G132/><T65/><D73/><U38/><E43/><V48/><F134/><W6/><G78/><T15/><D82/><U75/><E38/><V61/><F48/><W5/><G5/><T115/><D7/><N who="1" m="1151" /><E75/><V50/><F50/><W70/><G70/><T126/><D126/><U97/><E97/><V93/><F83/><W120/><G120/><N who="1" m="46186" /><E110/><V96/><F74/><W54/><G39/><T119/><D119/><U128/><E127/><V1/><F1/><W76/><G76/><T59/><D68/><U26/><E26/><V11/><F96/><W29/><G27/><T123/><D123/><U135/><E135/><V0/><F0/><W28/><G28/><T129/><D115/><U104/><E104/><V133/><F133/><W125/><G125/><T87/><D87/><U64/><E64/><V23/><F102/><W89/><G54/><T131/><D99/><U91/><E91/><V85/><F85/><W63/><G53/><N who="0" m="29951" /><D107/><U72/><E72/><V117/><F101/><W13/><G2/><T86/><D86/><U60/><E60/><V49/><F61/><W67/><G63/><T52/><D65/><U46/><E46/><V114/><F44/><N who="3" m="23567" /><G67/><T20/><D20/><U80/><E80/><V103/><F33/><W55/><G55/><T90/><D100/><U22/><E22/><V113/><F103/><W69/><G69/><T109/><D109/><U112/><E112/><V66/><F114/><W105/><G105/><RYUUKYOKU ba="0,0" sc="250,10,250,10,250,-30,250,10" hai0="12,15,52,59,62,90,94,98,129,131" hai1="9,14,128,130" hai3="6,10,13,16,19,24,29,35,88,89" /><INIT seed="0,1,0,4,4,88" ten="260,260,220,260" oya="0" hai0="1,118,2,55,108,19,91,28,41,36,12,0,82" hai1="74,32,38,93,123,9,115,49,95,98,134,110,20" hai2="24,6,85,113,121,111,39,15,86,94,52,58,133" hai3="104,16,17,83,26,59,33,42,77,23,27,114,126"/><T29/><BYE who="2" /><D118/><U90/><E123/><UN n2="%E3%82%B3%E3%82%AB%E3%83%A9%E3%82%A4%E3%82%A2" /><V117/><F113/><W57/><G114/><T18/><D108/><U129/><E38/><V46/><F121/><W89/><G126/><T73/><D41/><U135/><E32/><V60/><F111/><W63/><G104/><T96/><D36/><U11/><E74/><V105/><F105/><W72/><G42/><T70/><D70/><U125/><E110/><V109/><F109/><W50/><G50/><T101/><D19/><U40/><E20/><V107/><F107/><W62/><G89/><T80/><D55/><U31/><E31/><V102/><F133/><N who="1" m="50697" /><E115/><V8/><F24/><W116/><G116/><T81/><D91/><N who="1" m="55615" /><E125/><V13/><F13/><W84/><G72/><T66/><D66/><U128/><E49/><N who="2" m="28727" /><F39/><W61/><G33/><T43/><D43/><U124/><E40/><V53/><F117/><W67/><G67/><T45/><D45/><U106/><E106/><V44/><F44/><W34/><G34/><T35/><D35/><U10/><E124/><V131/><F131/><N who="1" m="50249" /><E9/><V54/><F53/><W103/><G103/><T112/><D73/><U64/><E64/><V127/><F127/><W30/><G30/><T65/><D65/><U132/><N who="1" m="50705" /><U130/><N who="1" m="50257" /><DORA hai="21" /><U78/><DORA hai="71" /><E78/><V120/><F120/><W51/><REACH who="3" step="1"/><G51/><REACH who="3" ten="260,260,220,250" step="2"/><T56/><D112/><U79/><E79/><V4/><F102/><W25/><G25/><T7/><D101/><U119/><E119/><V37/><F60/><W48/><G48/><T75/><D75/><U100/><E100/><V76/><F76/><W87/><G87/><AGARI ba="1,1" hai="10,11,87,90,95" m="50257,55615,50705" machi="87" ten="60,8000,1" yaku="6,1,20,1,19,1,52,2" doraHai="88,21,71" who="1" fromWho="3" sc="260,0,260,93,220,0,250,-83" /><INIT seed="1,0,0,4,1,54" ten="260,353,220,167" oya="1" hai0="32,108,78,10,98,110,126,66,127,11,21,115,81" hai1="97,8,106,41,132,62,4,116,39,26,47,40,75" hai2="27,72,43,20,109,38,135,82,14,118,18,93,48" hai3="5,99,107,29,103,16,68,35,104,122,77,101,83"/><U49/><E75/><V31/><F118/><W90/><G122/><T23/><D32/><U50/><E116/><V102/><F109/><N who="0" m="42090" /><D98/><U17/><E132/><V51/><F135/><W112/><G112/><T59/><D115/><U0/><E62/><V79/><F38/><W45/><G68/><T91/><D91/><U58/><E41/><V121/><F121/><W28/><G5/><T131/><D131/><U111/><E111/><V24/><F24/><W19/><G90/><T80/><D59/><U76/><E76/><V3/><F3/><W57/><G45/><T70/><D66/><U6/><E6/><V88/><F102/><W25/><G29/><T84/><D70/><U37/><E97/><V85/><REACH who="2" step="1"/><F43/><REACH who="2" ten="260,353,210,167" step="2"/><W34/><G101/><T67/><D127/><U52/><E37/><V63/><F63/><W56/><G104/><T55/><D126/><U73/><E106/><V124/><F124/><W22/><G35/><AGARI ba="0,1" hai="14,18,20,27,31,35,48,51,72,79,82,85,88,93" machi="35" ten="30,7700,0" yaku="1,1,7,1,54,1,53,1" doraHai="54" doraHaiUra="15" who="2" fromWho="3" sc="260,0,353,0,210,87,167,-77" /><INIT seed="2,0,0,4,2,79" ten="260,353,297,90" oya="2" hai0="27,132,48,31,55,115,71,10,78,131,95,119,107" hai1="3,89,73,127,35,4,22,25,21,69,49,9,18" hai2="30,70,91,117,129,88,103,101,52,128,111,134,24" hai3="105,0,19,120,108,123,40,67,13,110,64,85,83"/><V74/><F70/><W66/><G0/><T114/><D107/><U23/><E73/><V102/><F117/><W50/><G105/><T53/><D71/><U45/><E69/><V112/><F112/><W82/><G40/><T58/><D119/><U122/><E122/><N who="3" m="46634" /><G85/><T116/><D116/><U37/><E37/><V38/><F38/><W36/><G36/><T76/><D132/><U63/><E63/><V43/><F43/><W93/><G93/><T99/><D131/><N who="2" m="50250" /><F134/><W26/><G50/><T121/><D10/><U7/><E127/><V94/><F74/><W81/><G26/><T100/><D121/><U104/><E104/><V56/><F94/><W97/><G97/><T54/><D115/><U59/><E59/><V1/><F1/><W133/><G133/><T46/><D114/><U106/><E106/><V68/><F68/><W41/><G41/><T11/><D11/><U87/><E4/><V33/><F111/><N who="3" m="42539" /><G66/><T62/><REACH who="0" step="1"/><D55/><REACH who="0" ten="250,353,297,90" step="2"/><U109/><E109/><V130/><F130/><W32/><G32/><AGARI ba="0,1" hai="27,31,32,46,48,53,54,58,62,76,78,95,99,100" machi="32" ten="30,3900,0" yaku="1,1,2,1,7,1,53,0" doraHai="79" doraHaiUra="77" who="0" fromWho="3" sc="250,49,353,0,297,0,90,-39" /><INIT seed="3,0,0,3,5,17" ten="299,353,297,51" oya="3" hai0="84,124,33,78,123,69,86,135,2,80,77,8,75" hai1="85,112,134,98,28,59,103,82,6,73,64,4,110" hai2="57,70,46,62,91,83,32,122,41,22,116,0,76" hai3="102,47,15,39,21,130,68,104,92,18,87,12,34"/><W88/><G34/><T53/><D69/><U36/><E36/><V106/><F116/><W23/><G68/><T9/><D33/><U74/><E112/><V27/><F0/><W58/><G130/><T95/><D123/><U38/><E38/><V16/><F106/><W90/><G104/><T1/><D124/><U107/><E28/><V114/><F114/><W31/><G39/><T131/><D131/><U125/><E125/><V65/><F122/><W94/><G102/><T93/><D135/><U37/><E134/><V120/><F120/><W72/><G72/><BYE who="2" /><UN n2="%E3%82%B3%E3%82%AB%E3%83%A9%E3%82%A4%E3%82%A2" /><T54/><D75/><U96/><E37/><V111/><F111/><W127/><G127/><T113/><D113/><U29/><E29/><V89/><F32/><W61/><G47/><T43/><D80/><U50/><E98/><V119/><F119/><W20/><G12/><T117/><REACH who="0" step="1"/><D43/><REACH who="0" ten="289,353,297,51" step="2"/><U7/><E73/><V10/><F70/><W13/><G31/><T109/><D109/><U42/><E74/><V133/><F133/><W71/><G71/><T132/><D132/><U26/><E42/><V49/><F10/><W56/><G18/><T66/><D66/><U30/><E64/><V121/><F121/><W108/><G108/><T14/><D14/><N who="3" m="5129" /><G61/><T11/><D11/><U118/><E110/><V51/><F49/><W52/><G52/><T45/><D45/><U35/><E118/><AGARI ba="0,1" hai="1,2,8,9,53,54,77,78,84,86,93,95,117,118" machi="118" ten="25,8000,1" yaku="1,1,22,2,53,2" doraHai="17" doraHaiUra="115" who="0" fromWho="1" sc="289,90,353,-80,297,0,51,0" /><INIT seed="4,0,0,0,5,40" ten="379,273,297,51" oya="0" hai0="87,64,50,7,65,134,94,62,25,11,42,39,53" hai1="21,0,126,104,86,89,107,14,131,84,36,12,47" hai2="9,29,119,41,70,74,93,76,83,117,96,120,5" hai3="19,6,54,46,1,13,129,132,56,125,72,99,103"/><T121/><D121/><U57/><E0/><V69/><F120/><W27/><G72/><T71/><D134/><U114/><E126/><V32/><F32/><W108/><G125/><T17/><D65/><U73/><E73/><V61/><F29/><W90/><G132/><T15/><D39/><U82/><E131/><V127/><F127/><W51/><G129/><T31/><D42/><U8/><E57/><V4/><F4/><W97/><G108/><T10/><D87/><U63/><E63/><V111/><F111/><W45/><G1/><T2/><D94/><U59/><E59/><V78/><F78/><W81/><G6/><T20/><D53/><U79/><E114/><V123/><F41/><W35/><G35/><T68/><D50/><U22/><E107/><V85/><F74/><W110/><G27/><T102/><D102/><U105/><E104/><V116/><F61/><W124/><G124/><T58/><AGARI ba="0,0" hai="2,7,10,11,15,17,20,25,31,58,62,64,68,71" machi="58" ten="20,2100,0" yaku="0,1,7,1" doraHai="40" who="0" fromWho="0" sc="379,21,273,-7,297,-7,51,-7" /><INIT seed="4,1,0,0,5,111" ten="400,266,290,44" oya="0" hai0="103,28,5,36,108,110,31,101,91,85,39,67,98" hai1="20,19,53,128,120,18,54,80,117,102,118,127,125" hai2="132,95,66,96,79,13,59,14,32,4,100,88,21" hai3="62,16,112,25,68,50,71,55,75,105,60,134,44"/><T124/><D124/><N who="1" m="47691" /><E120/><V135/><F32/><W47/><G75/><T119/><D119/><N who="1" m="45579" /><E102/><V10/><F79/><W42/><G105/><T126/><D126/><U74/><E128/><V33/><F33/><W81/><G81/><T72/><D72/><U69/><E69/><N who="3" m="26698" /><G16/><N who="1" m="6186" /><E20/><V6/><F21/><W46/><G25/><T87/><D5/><U43/><E43/><V65/><F100/><W73/><G73/><T86/><D67/><U49/><E49/><V37/><F37/><N who="0" m="14410" /><D91/><U56/><E56/><V109/><F109/><N who="0" m="42090" /><D103/><U84/><E74/><V7/><F59/><N who="3" m="33271" /><G134/><N who="2" m="51241" /><F6/><W35/><G35/><T40/><D40/><U58/><E58/><V131/><F131/><W8/><G8/><AGARI ba="1,0" hai="4,7,8,10,13,14,65,66,88,95,96" m="51241" machi="8" ten="30,2000,0" yaku="20,1,54,1" doraHai="111" who="2" fromWho="3" sc="400,0,266,0,290,23,44,-23" /><INIT seed="5,0,0,2,1,22" ten="400,266,313,21" oya="1" hai0="30,57,91,74,104,2,98,76,133,72,18,130,16" hai1="3,65,52,25,14,5,69,134,95,19,62,88,126" hai2="21,119,87,78,121,44,114,32,92,10,97,82,26" hai3="100,77,85,132,4,56,53,39,109,58,48,105,13"/><U83/><E126/><V111/><F111/><W46/><G109/><T108/><D108/><U0/><E134/><V59/><F119/><W79/><G132/><T12/><D2/><U107/><E107/><V49/><F121/><W84/><G105/><T125/><D133/><U27/><E83/><V42/><F114/><W122/><G122/><T17/><D125/><U64/><E5/><V47/><F32/><W41/><G100/><T73/><D130/><U96/><E0/><V51/><F10/><N who="3" m="4295" /><G39/><T36/><D36/><U50/><E3/><V118/><F118/><W60/><G58/><T71/><D71/><U112/><E112/><V34/><F34/><W123/><G123/><T120/><D120/><U129/><E129/><V127/><F59/><W1/><G1/><T135/><D135/><U67/><E62/><V94/><F127/><W131/><G131/><T40/><D104/><U93/><E93/><V89/><F94/><W106/><G106/><T75/><D75/><U6/><E6/><V63/><F63/><W117/><G117/><T7/><D74/><U99/><E99/><V101/><F101/><W124/><G124/><T66/><D73/><U33/><E33/><V90/><F78/><AGARI ba="0,0" hai="41,46,48,53,56,60,77,78,79,84,85" m="4295" machi="78" ten="30,1000,0" yaku="8,1" doraHai="22" who="3" fromWho="2" sc="400,0,266,0,313,-10,21,10" /><INIT seed="6,0,0,0,4,83" ten="400,266,303,31" oya="2" hai0="114,1,23,132,112,31,38,60,113,58,73,74,9" hai1="14,119,24,42,70,56,63,43,13,102,21,29,82" hai2="86,26,125,2,12,20,27,10,28,101,40,81,7" hai3="72,65,103,121,108,44,8,34,4,75,95,33,77"/><V50/><F125/><W93/><G108/><T134/><D38/><U96/><E70/><V67/><F67/><W129/><G121/><T6/><D23/><U133/><E119/><V89/><F101/><W69/><G129/><T48/><D48/><U90/><E133/><N who="0" m="51305" /><D31/><U123/><E123/><V130/><F130/><W64/><G64/><AGARI ba="0,0" hai="1,6,9,58,60,64,73,74,112,113,114" m="51305" machi="64" ten="40,2600,0" yaku="15,1,20,1" doraHai="83" who="0" fromWho="3" sc="400,26,266,0,303,0,31,-26" /><INIT seed="7,0,0,5,1,116" ten="426,266,303,5" oya="3" hai0="78,5,21,49,88,111,123,62,50,102,122,68,90" hai1="59,92,69,75,55,41,36,100,47,28,93,0,60" hai2="39,129,37,117,118,96,48,94,11,12,77,112,135" hai3="17,127,8,128,83,20,33,44,10,6,65,70,101"/><W42/><G33/><T34/><D34/><U76/><E0/><V113/><F77/><W126/><G101/><T133/><D111/><U18/><E28/><V54/><F94/><W95/><G65/><T24/><D133/><U98/><E18/><V15/><F96/><W25/><G70/><T72/><D102/><U67/><E76/><V52/><F129/><W103/><G128/><T58/><D5/><U14/><E14/><V9/><REACH who="2" step="1"/><F48/><REACH who="2" ten="426,266,293,5" step="2"/><N who="3" m="26647" /><G83/><T73/><D50/><U104/><REACH who="1" step="1"/><E75/><REACH who="1" ten="426,256,293,5" step="2"/><V57/><F57/><W87/><G6/><T86/><D58/><U99/><E99/><V27/><F27/><W38/><G38/><T13/><D24/><U29/><E29/><V46/><F46/><W97/><G87/><T107/><D78/><U84/><E84/><V91/><F91/><W124/><AGARI ba="0,2" hai="8,10,17,20,25,95,97,103,124,126,127" m="26647" machi="124" ten="30,1500,0" yaku="18,1" doraHai="116" who="3" fromWho="3" sc="426,-5,256,-5,293,-5,5,35" /><INIT seed="7,1,0,4,4,122" ten="421,251,288,40" oya="3" hai0="112,12,58,107,135,68,93,46,9,78,99,66,3" hai1="82,38,18,74,126,120,63,98,61,57,132,6,49" hai2="90,23,105,44,60,2,52,55,1,84,19,88,109" hai3="70,117,81,134,123,103,20,129,127,48,5,15,54"/><W89/><G117/><T92/><D3/><U32/><E38/><V27/><F105/><W16/><G123/><T36/><D135/><U80/><E120/><V8/><F109/><W101/><G134/><T115/><D107/><U41/><E32/><V125/><F125/><W37/><G37/><T4/><D68/><U34/><E34/><V67/><F90/><W116/><G116/><T0/><D78/><U118/><E118/><V42/><F2/><W119/><G119/><T95/><D0/><U7/><E132/><V131/><F131/><W73/><G129/><T102/><D36/><U25/><E98/><V124/><F124/><W106/><G70/><T24/><D46/><N who="1" m="25807" /><E74/><V13/><F1/><W39/><G39/><T128/><D128/><U71/><E71/><V33/><F33/><W96/><G127/><T14/><D14/><U45/><E45/><V59/><F42/><W86/><G73/><T56/><D24/><U104/><E104/><V17/><F44/><W43/><G103/><T62/><D58/><U28/><E28/><V75/><F75/><W26/><G43/><T111/><D111/><U10/><E63/><V130/><F130/><W83/><G83/><AGARI ba="1,0" hai="8,13,17,19,23,27,52,55,59,60,67,83,84,88" machi="83" ten="30,7700,0" yaku="7,1,8,1,54,2" doraHai="122" who="2" fromWho="3" sc="421,0,251,0,288,80,40,-80" owari="421,52.0,251,-15.0,368,17.0,-40,-54.0" /></mjloggm>