<mjloggm ver="2.3"><GO type="169" lobby="0"/><UN n0="%E5%AE%89%E6%96%8E" n1="%E2%98%85%E3%83%9B%E3%83%BC%E3%82%B9%E2%98%85" n2="%E3%83%A8%E3%83%BC%E3%83%87%E3%83%AB%E9%A3%9F%E3%81%B9%E6%94%BE%E9%A1%8C" n3="%6B%75%7A%75%6E" dan="17,16,17,18" rate="2214.74,2147.23,2162.85,2252.05" sx="F,M,F,M"/><TAIKYOKU oya="0"/><INIT seed="0,0,0,2,1,76" ten="250,250,250,250" oya="0" hai0="133,100,125,80,34,70,41,134,118,101,61,19,67" hai1="48,121,83,84,72,7,18,51,11,114,65,79,3" hai2="8,4,43,20,71,98,0,106,35,30,49,119,123" hai3="39,128,78,55,17,85,105,27,113,120,135,69,122"/><T86/><D118/><U129/><E121/><N who="3" m="46698" /><G105/><T2/><D125/><U9/><E114/><V10/><F123/><W111/><G69/><T110/><D2/><U99/><E129/><V94/><F71/><W26/><G39/><T60/><D34/><U112/><E112/><V56/><F106/><W92/><G113/><T22/><D60/><U57/><E99/><V12/><F119/><W28/><G135/><N who="0" m="51723" /><D41/><U66/><E72/><V124/><F124/><W115/><G55/><T53/><D53/><U75/><E75/><V37/><F37/><W52/><G52/><T130/><D130/><U104/><E104/><V40/><F56/><W42/><G42/><T68/><D68/><U97/><E97/><V47/><F35/><W14/><G27/><N who="0" m="14815" /><D110/><U103/><E57/><V126/><F126/><W36/><G36/><T108/><D108/><U25/><E103/><V81/><F40/><W15/><G111/><T6/><D6/><U29/><E65/><V127/><F127/><W62/><G62/><T109/><D109/><U44/><E66/><V21/><F43/><W64/><G64/><T87/><D87/><U1/><E44/><V13/><F47/><W77/><G128/><T24/><D24/><U63/><E63/><V102/><F49/><W89/><G115/><T38/><D38/><U95/><E48/><V88/><F0/><W117/><G117/><T16/><D16/><U96/><E51/><V58/><F58/><W107/><G28/><T33/><D33/><N who="1" m="20655" /><E18/><N who="2" m="8471" /><F30/><W131/><G131/><T93/><D93/><U31/><E95/><V116/><F116/><W59/><G107/><RYUUKYOKU ba="0,0" sc="250,15,250,-15,250,15,250,-15" hai0="61,67,70,80,86,100,101" hai2="4,8,13,20,21,81,88,94,98,102" /><INIT seed="0,1,0,2,0,31" ten="265,235,265,235" oya="0" hai0="40,3,25,110,41,43,68,78,27,69,115,82,96" hai1="134,2,13,26,4,107,15,124,67,89,130,86,64" hai2="123,58,90,83,56,47,106,101,19,121,20,98,22" hai3="105,91,52,66,45,122,129,51,85,0,57,18,48"/><T132/><D115/><U128/><E107/><V127/><F127/><W6/><G129/><N who="1" m="49770" /><E124/><V59/><F22/><W55/><G122/><T117/><D117/><U125/><E125/><V73/><F47/><W21/><G105/><T9/><D132/><U29/><E2/><V49/><F49/><W14/><G0/><T92/><D110/><U120/><E120/><V74/><F90/><W60/><G6/><T42/><N who="0" m="10240" /><DORA hai="50" /><T36/><D36/><U71/><E134/><V76/><REACH who="2" step="1"/><F74/><REACH who="2" ten="265,235,255,235" step="2"/><W38/><G38/><T95/><D25/><AGARI ba="1,1" hai="19,20,25,56,58,59,73,76,83,98,101,106,121,123" machi="25" ten="40,2600,0" yaku="1,1,2,1,53,0" doraHai="31,50" doraHaiUra="1,108" who="2" fromWho="0" sc="265,-29,235,0,255,39,235,0" /><INIT seed="1,0,0,0,2,16" ten="236,235,294,235" oya="1" hai0="95,134,74,24,43,36,35,26,99,86,44,125,46" hai1="28,81,97,116,0,65,89,6,96,112,104,8,10" hai2="47,118,90,38,64,129,45,48,82,107,108,21,57" hai3="105,132,94,51,2,25,56,121,131,5,126,20,12"/><U85/><E116/><V50/><F118/><W128/><G105/><T84/><D74/><U55/><E112/><V53/><F107/><W52/><G121/><T31/><D125/><U88/><E10/><V59/><F108/><W135/><G2/><T80/><D134/><N who="3" m="51241" /><G94/><T18/><D46/><U124/><E124/><V67/><F129/><N who="3" m="49739" /><G126/><T1/><D1/><U78/><E65/><N who="2" m="25163" /><F82/><W93/><G93/><T130/><D130/><U19/><E28/><V113/><F90/><W34/><G34/><T42/><D42/><U49/><E19/><V32/><F32/><W17/><G5/><T103/><REACH who="0" step="1"/><D80/><REACH who="0" ten="226,235,294,235" step="2"/><U14/><E0/><V106/><F113/><W62/><G62/><T115/><D115/><U37/><E37/><V76/><F38/><W117/><G117/><T33/><D33/><U15/><E104/><V41/><F106/><W72/><G72/><T87/><D87/><U110/><E110/><V4/><F4/><W127/><G127/><T79/><D79/><U101/><E97/><V39/><F76/><W114/><G114/><T58/><D58/><N who="2" m="22026" /><F39/><W70/><G70/><T83/><D83/><U73/><E73/><V68/><F68/><W61/><G61/><T40/><D40/><U77/><E77/><V22/><AGARI ba="0,1" hai="21,22,41,45,47,48,50,53" m="22026,25163" machi="22" ten="30,4000,0" yaku="8,1,52,2" doraHai="16" who="2" fromWho="2" sc="226,-10,235,-20,294,50,235,-10" /><INIT seed="2,0,0,2,1,34" ten="216,215,344,225" oya="2" hai0="124,37,12,67,134,103,88,121,20,6,27,30,133" hai1="106,47,43,23,96,82,109,95,48,24,46,53,79" hai2="36,70,89,62,104,31,7,65,18,61,102,68,127" hai3="78,71,75,132,122,87,16,22,2,21,113,28,107"/><V5/><F127/><W76/><G122/><T119/><D121/><U1/><E106/><V59/><F36/><W123/><G123/><T114/><D114/><U115/><E115/><V35/><F89/><W101/><G71/><T45/><D124/><U111/><E1/><V0/><F18/><W93/><G132/><N who="0" m="50795" /><D119/><U19/><E96/><V108/><F108/><W125/><G125/><T112/><D112/><U13/><E95/><V32/><F32/><W50/><G2/><T8/><D67/><U55/><E24/><N who="2" m="18919" /><F68/><W91/><G113/><T118/><D103/><U126/><E126/><V58/><F61/><W25/><G75/><T3/><D118/><U38/><REACH who="1" step="1"/><E55/><REACH who="1" ten="216,205,344,225" step="2"/><V120/><F120/><W135/><G135/><T86/><D12/><U11/><E11/><N who="2" m="2471" /><F7/><W40/><G107/><T44/><D37/><U29/><E29/><V42/><F42/><W63/><G101/><T92/><AGARI ba="0,1" hai="3,6,8,20,27,30,44,45,86,88,92" m="50795" machi="92" ten="30,4000,0" yaku="20,1,52,1,54,1" doraHai="34" who="0" fromWho="0" sc="216,50,205,-10,344,-20,225,-10" /><INIT seed="3,0,0,0,5,119" ten="266,195,324,215" oya="3" hai0="47,59,93,24,9,21,20,77,131,83,40,67,94" hai1="106,36,41,49,76,123,128,122,17,135,45,25,81" hai2="60,126,61,52,113,117,90,91,51,99,78,44,125" hai3="53,65,87,97,108,111,101,133,35,107,82,98,50"/><W12/><G35/><T68/><D131/><U18/><E106/><V129/><F117/><W89/><G65/><T48/><D68/><U96/><E128/><V64/><F113/><W104/><G12/><T73/><D9/><U66/><E135/><V115/><F115/><W55/><G133/><T1/><D1/><U74/><E96/><V109/><F129/><W32/><G32/><T26/><D67/><U38/><E66/><V85/><F109/><N who="3" m="42059" /><G50/><T5/><D5/><U56/><E56/><V71/><F60/><W70/><G70/><T43/><D43/><U95/><E95/><V3/><F3/><W57/><G57/><T7/><D7/><U116/><E116/><V100/><F125/><W37/><G37/><T6/><D6/><U31/><E36/><V134/><F126/><W86/><G87/><T42/><D42/><U22/><REACH who="1" step="1"/><E38/><REACH who="1" ten="266,185,324,215" step="2"/><V10/><F134/><W103/><AGARI ba="0,1" hai="53,55,82,86,89,97,98,101,103,104,107" m="42059" machi="103" ten="30,3000,0" yaku="14,1,10,1" doraHai="119" who="3" fromWho="3" sc="266,-10,185,-10,324,-10,215,40" /><INIT seed="3,1,0,1,1,80" ten="256,175,314,255" oya="3" hai0="59,20,49,96,110,53,116,101,51,1,122,68,37" hai1="38,48,128,44,109,45,25,87,112,118,126,22,12" hai2="90,71,131,9,81,13,60,76,107,85,32,75,19" hai3="33,119,47,125,102,8,65,5,105,94,7,66,28"/><W79/><G119/><T36/><D116/><U103/><E112/><V67/><F131/><W10/><G125/><T108/><D122/><U16/><E128/><V132/><F132/><W14/><G105/><T3/><D68/><U127/><E118/><V98/><F32/><W43/><G79/><T91/><D20/><U97/><E38/><N who="0" m="14953" /><D49/><U86/><E109/><N who="0" m="42089" /><D91/><U23/><E127/><V106/><REACH who="2" step="1"/><F98/><REACH who="2" ten="256,175,304,255" step="2"/><W121/><G33/><T58/><D58/><U11/><E126/><V40/><F40/><W117/><G43/><T57/><D57/><U104/><E44/><V21/><F21/><W2/><G47/><T17/><D17/><U99/><E99/><V113/><F113/><W61/><G117/><T46/><D59/><U135/><E23/><V88/><F88/><W42/><G42/><T34/><D34/><U134/><E45/><V63/><F63/><W74/><G61/><T77/><D77/><U31/><REACH who="1" step="1"/><E48/><REACH who="1" ten="256,165,304,255" step="2"/><V18/><F18/><W92/><G121/><T24/><D24/><U114/><E114/><V129/><F129/><W52/><G28/><T29/><D29/><U89/><E89/><V95/><AGARI ba="1,2" hai="9,13,19,60,67,71,75,76,81,85,90,95,106,107" machi="95" ten="20,5200,0" yaku="1,1,0,1,7,1,52,1,53,0" doraHai="80" doraHaiUra="130" who="2" fromWho="2" sc="256,-14,165,-14,304,75,255,-27" /><INIT seed="4,0,0,0,2,45" ten="242,151,379,228" oya="0" hai0="78,30,7,110,98,121,5,99,74,65,36,109,118" hai1="53,43,75,33,63,71,3,12,13,104,15,127,16" hai2="22,80,89,120,107,83,46,94,69,87,26,8,66" hai3="102,18,103,128,20,134,58,96,133,64,67,97,31"/><T114/><D118/><U19/><E3/><V125/><F107/><W34/><G128/><T113/><D121/><U77/><E104/><V117/><F120/><W2/><G2/><T21/><D36/><U116/><E116/><V90/><F117/><W52/><G31/><T61/><D78/><U39/><E33/><V93/><F69/><W35/><G35/><T106/><D74/><U32/><E32/><V6/><F66/><W49/><G34/><T55/><D55/><U124/><E39/><V25/><F46/><W40/><G40/><T14/><D30/><U11/><E43/><V86/><F125/><N who="1" m="48201" /><E71/><V60/><F60/><W57/><G97/><N who="0" m="36875" /><D106/><U0/><E0/><V51/><F51/><W10/><G10/><N who="0" m="4431" /><D7/><U68/><E11/><V92/><F22/><W132/><G58/><N who="0" m="37047" /><D21/><U130/><E68/><V73/><F73/><W112/><G112/><AGARI ba="0,0" hai="109,110,112,113,114" m="37047,4431,36875" machi="112" ten="30,1500,0" yaku="15,1" doraHai="45" who="0" fromWho="3" sc="242,15,151,0,379,0,228,-15" /><INIT seed="4,1,0,3,1,13" ten="257,151,379,213" oya="0" hai0="41,12,108,56,33,109,113,3,88,97,129,51,92" hai1="133,20,73,24,125,86,9,57,54,28,130,64,42" hai2="93,81,80,98,40,68,135,44,15,7,131,117,123" hai3="50,58,119,2,79,30,110,95,91,118,48,49,34"/><T61/><D3/><U19/><E73/><V126/><F123/><W36/><G36/><T112/><D33/><U134/><E64/><V16/><F68/><W114/><G110/><N who="0" m="42603" /><D129/><U22/><E130/><V18/><F131/><W67/><G2/><T122/><D122/><U69/><E69/><V106/><F106/><W78/><G30/><T38/><D38/><U102/><E42/><V127/><F135/><N who="1" m="51721" /><E102/><N who="2" m="60751" /><F117/><W72/><G34/><T83/><D83/><N who="2" m="31818" /><F15/><W29/><G29/><T53/><D12/><N who="1" m="7567" /><E86/><V4/><F4/><W75/><G75/><T107/><D107/><U89/><E89/><V11/><F11/><W105/><G105/><T128/><D128/><U70/><E70/><V32/><F32/><W27/><G72/><T43/><D43/><U101/><E101/><V6/><F6/><W35/><G118/><T90/><D90/><U94/><E94/><V46/><F7/><W0/><G0/><T55/><D41/><U17/><E125/><N who="2" m="47627" /><F46/><AGARI ba="1,0" hai="46,51,53,55,56,61,88,92,97,112,113" m="42603" machi="46" ten="30,2900,0" yaku="10,1,54,1" doraHai="13" who="0" fromWho="2" sc="257,32,151,0,379,-32,213,0" /><INIT seed="4,2,0,0,5,91" ten="289,151,347,213" oya="0" hai0="130,36,63,21,43,118,121,87,13,28,58,88,59" hai1="92,114,110,26,60,4,76,44,3,67,129,80,30" hai2="10,23,124,113,31,78,25,122,42,51,9,95,131" hai3="46,20,81,6,109,17,111,108,45,123,94,32,83"/><T65/><D118/><U64/><E110/><V100/><F122/><W69/><G32/><T86/><D121/><U33/><E67/><V73/><F131/><W97/><G6/><T99/><D130/><U62/><E129/><V104/><F104/><W24/><G69/><T96/><D87/><U22/><E62/><V70/><F70/><W134/><G134/><T18/><D28/><U77/><E114/><V15/><F124/><W82/><REACH who="3" step="1"/><G123/><REACH who="3" ten="289,151,347,203" step="2"/><T41/><D58/><U125/><E125/><V128/><F128/><W61/><G61/><T75/><D75/><U11/><E33/><V37/><F73/><W19/><G19/><T115/><D115/><U66/><E60/><V103/><F113/><W93/><G93/><N who="0" m="54423" /><D36/><U0/><E64/><V117/><F37/><W54/><G54/><T85/><D85/><U39/><E66/><V55/><F55/><W12/><G12/><T34/><D34/><U52/><E39/><V127/><F15/><W27/><G27/><T105/><D105/><U16/><E0/><V1/><F25/><W47/><G47/><T98/><AGARI ba="2,1" hai="13,18,21,41,43,59,63,65,96,98,99" m="54423" machi="98" ten="30,6000,0" yaku="8,1,52,1,54,1" doraHai="91" who="0" fromWho="0" sc="289,76,151,-22,347,-22,203,-22" /><INIT seed="4,3,0,1,5,122" ten="365,129,325,181" oya="0" hai0="92,47,4,72,42,99,46,20,73,85,31,34,38" hai1="3,125,88,76,15,52,24,107,108,117,51,91,8" hai2="2,5,128,59,95,18,109,44,69,77,49,28,11" hai3="81,50,64,30,121,23,29,90,97,113,80,114,118"/><T110/><D34/><U21/><E117/><V126/><F69/><W132/><G118/><T26/><D4/><U134/><E107/><V75/><F128/><W120/><G132/><T60/><D85/><U45/><E134/><V123/><F123/><N who="3" m="47179" /><G64/><T1/><D1/><U103/><E103/><V89/><F28/><N who="3" m="10859" /><G50/><T133/><D133/><U71/><E71/><V25/><F59/><W127/><G23/><T106/><D106/><U130/><E3/><V37/><F126/><W129/><G129/><T105/><D105/><U119/><E119/><V84/><F25/><W87/><G97/><T74/><D46/><U116/><E116/><V66/><F66/><W82/><G127/><T61/><REACH who="0" step="1"/><D110/><REACH who="0" ten="355,129,325,181" step="2"/><U22/><E108/><V13/><F109/><W56/><G56/><T57/><D57/><U111/><E111/><V53/><F75/><W14/><G14/><T67/><D67/><U79/><E130/><V70/><F70/><W40/><G40/><T32/><D32/><U98/><E125/><V58/><F2/><W93/><AGARI ba="3,1" hai="80,81,82,87,90,93,113,114" m="10859,47179" machi="93" ten="40,1500,0" yaku="13,1" doraHai="122" who="3" fromWho="3" sc="355,-10,129,-7,325,-7,181,34" /><INIT seed="5,0,0,5,5,0" ten="345,122,318,215" oya="1" hai0="130,31,53,114,37,111,60,135,85,125,21,52,65" hai1="87,42,30,82,78,80,22,116,6,81,50,1,120" hai2="58,29,38,96,20,40,102,129,70,41,63,13,67" hai3="84,115,45,95,47,72,134,61,8,68,46,57,127"/><U79/><E116/><V55/><F129/><W119/><G72/><T11/><D111/><U9/><E120/><V76/><F76/><W83/><G119/><T14/><D130/><U7/><E1/><V101/><F38/><W128/><G128/><T132/><D37/><U112/><E112/><V86/><F86/><W74/><G134/><N who="0" m="51243" /><D125/><U25/><E9/><V69/><F69/><W109/><G68/><N who="0" m="42023" /><D85/><N who="1" m="48279" /><E82/><V94/><F101/><W131/><G131/><T35/><D35/><U19/><E30/><V34/><F34/><W90/><G127/><T32/><D32/><U103/><E103/><V59/><F70/><W107/><G107/><T97/><D114/><U49/><E42/><V39/><F39/><W118/><G118/><T3/><D3/><U106/><E106/><V15/><F40/><W71/><G71/><T89/><D21/><U122/><E122/><V4/><F41/><W121/><G121/><T10/><D31/><U64/><E64/><V77/><F77/><W98/><G115/><T66/><D66/><U133/><E133/><V62/><F4/><AGARI ba="0,0" hai="4,6,7,19,22,25,49,50,79,81,87" m="48279" machi="4" ten="30,11600,0" yaku="8,1,52,3" doraHai="0" who="1" fromWho="2" sc="345,0,122,116,318,-116,215,0" /><INIT seed="5,1,0,4,0,10" ten="345,238,202,215" oya="1" hai0="129,107,50,69,78,127,105,6,115,72,8,100,39" hai1="82,132,55,111,48,71,38,114,53,122,89,91,29" hai2="12,16,23,20,109,125,66,47,11,108,46,99,4" hai3="79,64,135,118,94,44,84,80,93,25,128,110,103"/><U52/><E122/><V131/><F125/><W104/><G110/><T18/><D39/><U74/><E38/><V9/><F131/><W58/><G128/><T34/><D69/><U90/><E111/><V83/><F108/><W3/><G3/><T75/><D34/><U35/><E71/><V87/><F109/><W60/><G135/><T133/><D129/><U116/><E116/><V102/><F66/><W61/><G118/><T130/><D130/><U76/><E132/><V106/><F11/><W68/><G104/><T28/><D28/><U2/><E2/><V51/><F4/><W113/><G103/><T45/><D133/><U97/><E114/><V67/><F67/><W65/><G113/><T96/><D115/><U21/><E35/><V0/><F0/><W15/><G25/><T40/><D127/><U124/><E124/><V98/><F98/><W63/><G61/><T27/><D105/><U101/><E29/><V134/><F134/><W22/><G44/><T24/><D18/><U49/><REACH who="1" step="1"/><E21/><REACH who="1" ten="345,228,202,215" step="2"/><V81/><F23/><W120/><G120/><T77/><D75/><U54/><N who="1" m="13312" /><DORA hai="43" /><U92/><AGARI ba="1,1" hai="48,49,74,76,82,89,90,91,92,97,101" m="13312" machi="92" ten="50,18000,2" yaku="1,1,4,1,0,1,54,1,53,3" doraHai="10,43" doraHaiUra="85,5" who="1" fromWho="1" sc="345,-61,228,193,202,-61,215,-61" /><INIT seed="5,2,0,4,4,61" ten="284,421,141,154" oya="1" hai0="69,34,88,77,20,94,114,40,125,53,86,21,50" hai1="74,111,12,121,80,109,11,92,105,112,87,127,17" hai2="0,75,135,47,23,51,130,65,106,82,71,118,48" hai3="119,131,16,78,133,8,76,113,29,73,68,84,72"/><U95/><E105/><V13/><F118/><W63/><G119/><T1/><D34/><U42/><E121/><V108/><F108/><N who="1" m="41545" /><E74/><V24/><F106/><W66/><G113/><T70/><D114/><U46/><E127/><V26/><F0/><W99/><G131/><T52/><D1/><U32/><E32/><V2/><F2/><W101/><G133/><T60/><D125/><U83/><E83/><V107/><F107/><W93/><G29/><T57/><D40/><U38/><E112/><V124/><F124/><W44/><G44/><T100/><D100/><U116/><E116/><V97/><F97/><W79/><REACH who="3" step="1"/><G84/><REACH who="3" ten="284,421,141,144" step="2"/><T98/><D70/><U96/><E96/><V102/><F71/><W90/><G90/><AGARI ba="2,1" hai="11,12,17,38,42,46,80,87,90,92,95" m="41545" machi="90" ten="30,1500,0" yaku="10,1" doraHai="61" who="1" fromWho="3" sc="284,0,421,31,141,0,144,-21" /><INIT seed="5,3,0,1,3,63" ten="284,452,141,123" oya="1" hai0="78,67,7,26,83,17,37,1,69,5,44,10,59" hai1="6,115,122,49,73,75,41,108,129,107,68,64,74" hai2="76,18,14,117,32,54,114,28,80,97,106,119,66" hai3="43,51,89,53,9,40,62,84,131,35,123,50,12"/><U55/><E122/><V99/><F114/><W92/><G123/><T81/><D69/><U132/><E107/><V91/><F54/><W4/><G131/><T11/><D26/><U94/><E115/><V124/><F124/><W29/><G35/><T36/><D17/><U0/><E41/><V56/><F28/><W96/><G29/><T105/><D105/><U47/><E129/><V72/><F32/><W52/><G62/><T85/><D44/><U86/><E132/><V57/><F57/><W46/><REACH who="3" step="1"/><G96/><REACH who="3" ten="284,452,141,113" step="2"/><T101/><D36/><U23/><E108/><V13/><F97/><W21/><G21/><T45/><D37/><U120/><E23/><V113/><F113/><W70/><G70/><T98/><D98/><U60/><E120/><V102/><F117/><W87/><G87/><T3/><D85/><U88/><REACH who="1" step="1"/><E74/><REACH who="1" ten="284,442,141,113" step="2"/><V125/><F119/><W100/><G100/><T110/><D101/><U130/><E130/><V24/><F102/><W15/><G15/><T79/><D110/><U16/><E16/><V109/><F14/><W33/><G33/><T104/><D1/><U126/><E126/><V20/><F125/><W135/><G135/><T30/><D3/><U82/><E82/><V112/><F112/><W95/><G95/><T34/><D104/><U71/><E71/><V2/><F2/><W31/><G31/><T128/><D30/><U134/><E134/><V19/><F109/><W65/><G65/><T61/><D128/><U121/><E121/><V93/><F106/><W77/><G77/><T27/><D79/><U22/><E22/><N who="2" m="11599" /><F66/><W118/><G118/><RYUUKYOKU ba="3,2" sc="284,-30,442,10,141,10,113,10" hai1="0,6,47,49,55,60,64,68,73,75,86,88,94" hai2="19,20,24,56,72,76,80,91,93,99" hai3="4,9,12,40,43,46,50,51,52,53,84,89,92" /><INIT seed="5,4,2,3,2,41" ten="254,452,151,123" oya="1" hai0="66,82,63,71,72,122,35,51,43,83,117,37,59" hai1="88,85,1,131,92,16,36,70,24,58,93,11,46" hai2="80,76,34,48,125,60,49,13,96,64,33,97,47" hai3="32,129,67,22,111,62,99,44,54,75,87,28,112"/><U3/><E70/><V78/><F125/><W45/><G111/><T0/><D117/><U130/><E58/><V26/><F13/><W110/><G75/><T31/><D0/><U101/><E101/><V50/><F26/><N who="3" m="16471" /><G32/><T29/><D122/><U14/><E24/><V128/><F128/><N who="1" m="49193" /><E93/><V19/><F19/><W20/><G110/><T135/><D135/><U6/><E6/><V98/><F33/><W77/><G67/><T10/><D35/><U61/><E61/><V30/><F34/><W106/><G106/><T4/><D71/><U7/><E7/><V100/><F30/><W127/><G127/><T132/><D132/><U42/><AGARI ba="4,2" hai="1,3,11,14,16,36,42,46,85,88,92" m="49193" machi="42" ten="30,11700,0" yaku="19,1,52,1,54,2" doraHai="41" who="1" fromWho="1" sc="254,-43,452,149,151,-43,123,-43" /><INIT seed="5,5,0,5,3,45" ten="211,601,108,80" oya="1" hai0="42,44,0,109,47,14,50,51,23,106,96,85,16" hai1="48,71,8,102,123,69,37,107,115,87,9,120,18" hai2="24,62,95,103,1,65,15,121,124,99,110,49,61" hai3="75,111,74,88,2,27,133,56,135,126,101,105,34"/><U73/><E102/><V98/><F110/><W19/><G2/><T129/><D109/><U63/><E63/><V134/><F1/><W57/><G111/><T38/><D0/><U64/><E64/><V3/><F3/><W79/><G126/><T7/><D129/><U77/><E77/><V43/><F121/><W12/><G105/><T108/><D108/><U26/><E26/><V32/><F134/><N who="3" m="51211" /><G101/><T52/><D7/><U54/><E73/><N who="3" m="27658" /><G88/><T35/><D35/><U17/><E87/><V93/><F124/><W132/><N who="3" m="51219" /><W58/><DORA hai="127" /><G79/><T118/><D118/><U10/><E107/><V91/><F65/><W94/><G94/><T22/><D85/><U21/><E37/><V25/><F15/><W39/><G39/><T30/><D106/><U28/><E28/><V31/><REACH who="2" step="1"/><F24/><REACH who="2" ten="211,601,98,80" step="2"/><W128/><G27/><N who="0" m="16759" /><D38/><U33/><E123/><V5/><F5/><W70/><G128/><T41/><D41/><U89/><E120/><V100/><F100/><W76/><G34/><T130/><D130/><U55/><E33/><V60/><F60/><W92/><G12/><T46/><D42/><U20/><E71/><V119/><F119/><W78/><G70/><T53/><D53/><U131/><E55/><V112/><F112/><W82/><G19/><N who="1" m="7178" /><E69/><V4/><F4/><W72/><G72/><T104/><D52/><U81/><E131/><V125/><F125/><W13/><G13/><T11/><D11/><U116/><E116/><V40/><F40/><W122/><G122/><T86/><D14/><U114/><E114/><V66/><F66/><W67/><G67/><RYUUKYOKU ba="5,1" sc="211,-10,601,-10,98,30,80,-10" hai2="25,31,32,43,49,61,62,91,93,95,98,99,103" /><INIT seed="6,6,1,5,0,27" ten="201,591,128,70" oya="2" hai0="21,52,115,32,107,88,43,3,70,57,64,12,5" hai1="61,124,111,74,131,130,135,86,2,7,4,29,47" hai2="37,93,34,44,80,109,97,89,41,110,23,84,85" hai3="53,28,133,128,90,30,17,10,11,100,55,59,46"/><V120/><F120/><W19/><G133/><T75/><D32/><U48/><E74/><V9/><F34/><W45/><G128/><T35/><D35/><U49/><E111/><V24/><F9/><N who="3" m="3083" /><G100/><T103/><D75/><U94/><E135/><V79/><REACH who="2" step="1"/><F97/><REACH who="2" ten="201,591,118,70" step="2"/><W69/><G69/><T102/><D70/><U81/><E131/><V36/><F36/><W58/><G59/><T16/><D57/><U67/><E130/><V66/><F66/><W72/><G72/><T13/><D64/><U71/><E67/><V122/><F122/><W25/><G58/><T114/><D114/><U126/><E71/><V83/><F83/><W119/><G119/><T78/><D115/><U62/><E81/><V108/><F108/><W0/><G0/><T91/><D3/><U127/><E2/><V1/><F1/><W26/><G45/><T112/><D112/><U22/><E47/><V6/><F6/><W95/><G46/><T101/><D5/><U129/><E129/><V42/><F42/><W118/><G118/><T8/><D43/><U20/><E126/><V31/><AGARI ba="6,2" hai="23,24,31,37,41,44,79,80,84,85,89,93,109,110" machi="31" ten="30,6000,0" yaku="1,1,0,1,52,1,53,0" doraHai="27" doraHaiUra="14" who="2" fromWho="2" sc="201,-26,591,-26,118,98,70,-26" /><INIT seed="6,7,0,4,4,69" ten="175,565,216,44" oya="2" hai0="48,94,32,9,88,44,120,3,130,100,27,0,117" hai1="70,90,28,121,5,37,77,63,54,87,106,29,85" hai2="57,92,127,116,1,53,47,76,12,43,125,65,73" hai3="42,23,62,26,113,4,41,134,79,51,78,126,133"/><V101/><F1/><W97/><G126/><N who="2" m="48137" /><F116/><W110/><G110/><T132/><D120/><U124/><E106/><V66/><F12/><W111/><G111/><T102/><D117/><U6/><E121/><V40/><F101/><W75/><G62/><T58/><D58/><U128/><E128/><V59/><F92/><W118/><G118/><T95/><D130/><U74/><E74/><V52/><F76/><N who="3" m="29227" /><G75/><T112/><D112/><U45/><E77/><V18/><F18/><W21/><G51/><T131/><D131/><U71/><E90/><V99/><F99/><W83/><G26/><T89/><D132/><N who="3" m="50793" /><G97/><T115/><D115/><U19/><E19/><V114/><F73/><W30/><G30/><T60/><D60/><U13/><E13/><V36/><F43/><N who="3" m="16395" /><G113/><T108/><D108/><U17/><E17/><V107/><F107/><W8/><G83/><T103/><D27/><U64/><E124/><V67/><F114/><W49/><G49/><T50/><D102/><U15/><E15/><AGARI ba="7,0" hai="4,8,15,21,23" m="16395,50793,29227" machi="15" ten="30,1000,0" yaku="20,1" doraHai="69" who="3" fromWho="1" sc="175,0,565,-31,216,0,44,31" /><INIT seed="7,0,0,4,2,40" ten="175,534,216,75" oya="3" hai0="18,104,127,19,20,106,51,58,62,4,66,101,41" hai1="5,95,92,86,103,65,39,44,46,61,97,35,100" hai2="128,10,24,70,67,113,71,133,0,99,23,114,90" hai3="48,87,32,2,83,63,57,102,110,25,135,126,49"/><W77/><G126/><T31/><D127/><U109/><E35/><V16/><F133/><W36/><G135/><T91/><D4/><U115/><E109/><V34/><F67/><W119/><G119/><T38/><D38/><U132/><E132/><V69/><F34/><W75/><G110/><T125/><D125/><U42/><E5/><V130/><F0/><W117/><G117/><T8/><D101/><U73/><E73/><V72/><F72/><W76/><G36/><T120/><D120/><U22/><E22/><V59/><F59/><W82/><G2/><T131/><D131/><N who="2" m="50218" /><F10/><W68/><G68/><T105/><D91/><U3/><E46/><V64/><F64/><W52/><REACH who="3" step="1"/><G102/><REACH who="3" ten="175,534,216,65" step="2"/><T112/><D112/><U96/><E115/><V122/><F122/><W84/><G84/><T108/><D108/><U1/><E86/><V98/><F98/><W27/><G27/><T12/><D31/><AGARI ba="0,1" hai="25,31,32,48,49,52,57,63,75,76,77,82,83,87" machi="31" ten="40,7700,0" yaku="1,1,54,1,53,1" doraHai="40" doraHaiUra="56" who="3" fromWho="0" sc="175,-77,534,0,216,0,65,87" /><INIT seed="7,1,0,1,3,4" ten="98,534,216,152" oya="3" hai0="58,72,3,59,95,20,89,71,38,106,124,110,64" hai1="14,39,73,53,22,50,29,105,94,33,25,34,48" hai2="127,55,75,132,65,16,114,101,37,74,88,99,80" hai3="11,77,67,76,23,134,24,41,131,122,10,56,42"/><W83/><G122/><T47/><D110/><U60/><E105/><V133/><F114/><W35/><G35/><T120/><D120/><U86/><E73/><V6/><F6/><W129/><G134/><N who="2" m="51817" /><F127/><W1/><G1/><T18/><D124/><U87/><E39/><V115/><F115/><W21/><G56/><T81/><D106/><U27/><E33/><V49/><F37/><W15/><G15/><T70/><D3/><U28/><E14/><V84/><F65/><W113/><G67/><T57/><D64/><U128/><E128/><N who="3" m="49226" /><G21/><T118/><D118/><U26/><E26/><V112/><F16/><N who="3" m="12391" /><G77/><T17/><D38/><U117/><E117/><V62/><F62/><W46/><G113/><T54/><D17/><U98/><E60/><V92/><F112/><W12/><G12/><T90/><D18/><U5/><E5/><V109/><F109/><W36/><G42/><T43/><D20/><N who="1" m="15399" /><E50/><V97/><F97/><W103/><G103/><T78/><D43/><U61/><E61/><V123/><F123/><W31/><G31/><T9/><D9/><U82/><E34/><V2/><F2/><W85/><AGARI ba="1,0" hai="10,11,36,41,46,76,83,85" m="12391,49226" machi="85" ten="30,11700,0" yaku="19,1,52,2,54,1" doraHai="4" who="3" fromWho="3" sc="98,-40,534,-40,216,-40,152,120" /><INIT seed="7,2,0,5,0,75" ten="58,494,176,272" oya="3" hai0="85,44,10,76,40,12,68,95,47,21,121,0,101" hai1="54,45,111,74,4,15,69,11,124,59,48,99,130" hai2="26,93,61,32,118,120,53,14,131,39,122,84,125" hai3="134,117,63,57,106,135,18,89,73,116,19,31,112"/><W35/><G106/><T9/><D121/><U83/><E69/><V64/><F39/><W132/><G73/><T58/><D68/><U113/><E111/><V94/><F118/><W115/><G89/><T103/><D0/><U62/><E113/><N who="3" m="43594" /><G57/><T128/><D128/><U127/><E130/><V3/><F125/><N who="1" m="48201" /><E99/><V51/><F84/><W102/><G102/><T71/><D71/><U50/><E74/><V67/><F67/><W30/><G63/><T119/><D119/><N who="3" m="45641" /><G35/><T56/><D95/><U55/><E83/><V91/><F93/><W49/><G49/><AGARI ba="2,0" hai="4,11,15,45,48,49,50,54,55,59,62" m="48201" machi="49" ten="30,1000,0" yaku="18,1" doraHai="75" who="1" fromWho="3" sc="58,0,494,16,176,0,272,-16" owari="58,-44.0,510,60.0,176,-22.0,256,6.0" /></mjloggm>