<mjloggm ver="2.3"><GO type="185" lobby="0"/><UN n0="%E3%83%A2%E3%83%AA%E3%82%AA%E3%83%B3%E3%81%AE%E5%A7%AB" n1="%E3%81%82%E3%81%9F%E3%82%89%E3%81%AA%E3%81%84%E3%81%A7%EF%BC%81" n2="%E5%BF%AB%E9%81%A9" n3="" dan="16,17,17,0" rate="2258.97,2166.23,2305.73,1500.00" sx="F,M,M,C"/><TAIKYOKU oya="0"/><INIT seed="0,0,0,2,3,66" ten="350,350,350,0" oya="0" hai0="43,122,33,114,86,85,126,63,111,52,100,54,118" hai1="48,119,94,102,3,34,108,58,36,72,57,45,95" hai2="104,87,50,38,129,42,68,46,84,77,128,79,64" hai3=""/><T2/><N who="0" m="31264" /><T90/><D2/><U81/><E3/><V125/><F104/><T123/><N who="0" m="31520" /><T134/><D114/><U44/><E119/><V76/><F125/><T97/><D118/><U89/><E34/><V35/><F35/><T61/><D33/><U55/><E108/><V124/><F124/><T92/><D126/><U112/><E112/><V70/><F38/><T39/><D111/><U49/><E36/><V56/><F56/><T71/><D134/><U101/><E72/><V107/><F107/><T132/><D132/><U127/><E127/><V60/><REACH who="2" step="1"/><F70/><REACH who="2" ten="350,350,340,0" step="2"/><T75/><D71/><U121/><N who="1" m="31008" /><U37/><E37/><V105/><F105/><T1/><D1/><U65/><E65/><V67/><F67/><T51/><D39/><U78/><E58/><V103/><F103/><T73/><D100/><U117/><E57/><V109/><F109/><T113/><D113/><U93/><E117/><V82/><F82/><T62/><D73/><U98/><E102/><V88/><F88/><T91/><D75/><U40/><E101/><V96/><F96/><T0/><D0/><U80/><E81/><V59/><F59/><T120/><N who="0" m="30752" /><T115/><D115/><U110/><E110/><V99/><F99/><RYUUKYOKU ba="0,1" sc="350,-20,350,10,340,10,0,0" hai1="40,44,45,48,49,55,78,80,89,93,94,95,98" hai2="42,46,50,60,64,68,76,77,79,84,87,128,129" /><INIT seed="1,1,1,5,1,58" ten="330,360,350,0" oya="1" hai0="32,71,106,0,60,48,76,93,66,70,75,57,84" hai1="85,102,3,68,87,123,44,80,82,37,42,129,130" hai2="50,109,36,72,135,46,45,1,121,56,94,133,40" hai3=""/><U54/><N who="1" m="31520" /><U128/><E3/><V49/><N who="2" m="31008" /><V99/><F1/><T119/><D0/><U77/><E102/><V113/><F72/><T110/><D32/><U105/><E105/><V47/><F113/><T127/><D106/><U103/><E103/><V74/><F74/><T35/><D35/><U59/><E68/><V120/><N who="2" m="30752" /><V65/><F109/><T100/><D110/><U101/><E101/><V43/><F47/><T34/><D127/><U92/><E92/><V126/><F126/><T107/><D119/><U95/><E95/><V96/><F36/><T97/><D48/><U134/><E134/><N who="2" m="51211" /><F94/><T51/><D34/><U91/><REACH who="1" step="1"/><E129/><REACH who="1" ten="330,350,350,0" step="2"/><V117/><F117/><T122/><N who="0" m="31264" /><T132/><D132/><U78/><E78/><V118/><F118/><T62/><D107/><U41/><E41/><V112/><F112/><T124/><D124/><U86/><E86/><V116/><F116/><T83/><D75/><U89/><E89/><V38/><F38/><T2/><D2/><U55/><E55/><V73/><F73/><T52/><D71/><U131/><E131/><V125/><F125/><T115/><D115/><U69/><E69/><V88/><F88/><T114/><D114/><U108/><E108/><RYUUKYOKU ba="1,2" sc="330,0,350,0,350,0,0,0" hai0="51,52,57,60,62,66,70,76,83,84,93,97,100" hai1="37,42,44,54,59,77,80,82,85,87,91,128,130" hai2="40,43,45,46,49,50,56,65,96,99" /><INIT seed="1,2,2,1,4,54" ten="330,350,350,0" oya="1" hai0="80,126,122,82,73,57,53,81,65,106,46,61,78" hai1="43,87,37,83,42,34,108,109,103,55,110,72,121" hai2="45,89,127,76,97,117,135,114,128,84,38,62,58" hai3=""/><U119/><N who="1" m="31008" /><U75/><E119/><V131/><F117/><T1/><N who="0" m="31264" /><T74/><D1/><U115/><E115/><V50/><F114/><T134/><D126/><U130/><E34/><V41/><F127/><T48/><D106/><U3/><E3/><V102/><F76/><T118/><D118/><U94/><E130/><V63/><F135/><T93/><D134/><U123/><N who="1" m="31520" /><U105/><E105/><V39/><F63/><T124/><D124/><U67/><E67/><V52/><F128/><T100/><REACH who="0" step="1"/><D78/><REACH who="0" ten="320,350,350,0" step="2"/><U88/><E55/><V70/><F131/><T120/><N who="0" m="30752" /><T116/><D116/><U47/><E42/><V111/><F111/><T129/><D129/><U68/><E68/><V107/><REACH who="2" step="1"/><F70/><REACH who="2" ten="320,350,340,0" step="2"/><T32/><D32/><U69/><E69/><V104/><F104/><T66/><D66/><U79/><REACH who="1" step="1"/><E103/><REACH who="1" ten="320,340,340,0" step="2"/><V112/><F112/><T60/><D60/><U86/><AGARI ba="2,5" hai="37,43,47,72,75,79,83,86,87,88,94,108,109,110" m="31520,31008" machi="86" ten="30,16000,3" yaku="1,1,2,1,0,1,14,1,10,1,52,2,54,1,53,0" doraHai="54" doraHaiUra="51" who="1" fromWho="1" sc="320,-82,340,214,340,-82,0,0" /><INIT seed="1,3,0,2,1,0" ten="238,554,258,0" oya="1" hai0="92,104,50,64,52,37,33,80,110,102,125,100,48" hai1="41,132,46,61,103,129,120,105,121,85,72,57,51" hai2="59,79,67,108,127,40,101,95,131,73,112,89,55" hai3=""/><U87/><N who="1" m="30752" /><U94/><N who="1" m="31008" /><U84/><E72/><V96/><F112/><T126/><D37/><U99/><E129/><V62/><F131/><T118/><D110/><U111/><E132/><V113/><F108/><T115/><D115/><U122/><N who="1" m="31264" /><U44/><E44/><V107/><F127/><T78/><D118/><U36/><E36/><V116/><F116/><T65/><D104/><U66/><REACH who="1" step="1"/><E111/><REACH who="1" ten="238,544,258,0" step="2"/><V90/><F113/><T98/><D125/><U124/><E124/><V1/><F73/><T106/><D126/><U34/><E34/><V2/><F2/><T63/><D33/><U91/><AGARI ba="3,1" hai="41,46,51,57,61,66,84,85,87,91,94,99,103,105" m="31264,31008,30752" machi="91" ten="30,16000,3" yaku="1,1,0,1,52,3,53,3" doraHai="0" doraHaiUra="117" who="1" fromWho="1" sc="238,-83,544,176,258,-83,0,0" /><INIT seed="1,4,0,0,4,87" ten="155,720,175,0" oya="1" hai0="51,32,41,0,46,75,100,105,121,55,117,58,84" hai1="68,53,120,93,90,89,37,83,57,33,116,132,106" hai2="118,103,70,39,107,3,133,94,81,64,61,85,54" hai3=""/><U124/><N who="1" m="30752" /><U113/><E116/><V96/><F3/><T92/><N who="0" m="31008" /><T97/><D0/><U102/><E113/><V1/><F1/><T63/><D117/><U86/><E33/><V104/><F118/><T74/><D32/><U109/><E68/><V130/><F133/><T114/><D114/><U115/><E37/><V110/><F110/><T131/><D131/><U129/><E115/><V134/><F134/><T111/><D111/><U112/><E112/><V126/><F126/><T78/><D78/><U34/><E34/><V123/><N who="2" m="31520" /><V80/><F39/><T108/><D108/><U62/><E109/><V45/><F81/><T122/><N who="0" m="31264" /><T36/><REACH who="0" step="1"/><D36/><REACH who="0" ten="145,720,175,0" step="2"/><U67/><E132/><V47/><F130/><T52/><D52/><U40/><E129/><V98/><F54/><T59/><D59/><U128/><E128/><V91/><REACH who="2" step="1"/><F107/><REACH who="2" ten="145,720,165,0" step="2"/><T69/><D69/><U35/><E35/><V56/><F56/><T99/><D99/><U88/><E106/><V43/><F43/><T79/><D79/><AGARI ba="4,2" hai="45,47,61,64,70,79,80,85,91,94,96,98,103,104" m="31520" machi="79" ten="30,8000,1" yaku="1,1,7,1,52,2,53,1" doraHai="87" doraHaiUra="66" who="2" fromWho="0" sc="145,-88,720,0,165,108,0,0" /><INIT seed="2,0,0,0,5,133" ten="57,720,273,0" oya="2" hai0="37,86,63,109,2,52,122,101,44,124,3,34,80" hai1="72,113,135,132,38,49,32,39,45,107,55,105,87" hai2="104,92,134,131,61,74,82,50,106,42,84,127,53" hai3=""/><V62/><F134/><T0/><N who="0" m="31264" /><T102/><D34/><U93/><E87/><V77/><F131/><T111/><D124/><U59/><E93/><V56/><F127/><T99/><D37/><U120/><N who="1" m="30752" /><U36/><E32/><V73/><F42/><T89/><D101/><U121/><N who="1" m="31008" /><U57/><E72/><V85/><F84/><T71/><D71/><U67/><E107/><V118/><F118/><T103/><D103/><U75/><E105/><V60/><REACH who="2" step="1"/><F73/><REACH who="2" ten="57,720,263,0" step="2"/><T35/><D35/><U108/><E75/><V1/><F1/><T48/><REACH who="0" step="1"/><D63/><REACH who="0" ten="47,720,263,0" step="2"/><U116/><E135/><V41/><F41/><T90/><D90/><AGARI ba="0,2" hai="50,53,56,60,61,62,74,77,82,85,90,92,104,106" machi="90" ten="40,2000,0" yaku="1,1,53,0" doraHai="133" doraHaiUra="117" who="2" fromWho="0" sc="47,-20,720,0,263,40,0,0" /><INIT seed="2,1,0,1,4,85" ten="27,720,303,0" oya="2" hai0="101,104,74,57,92,58,111,98,67,43,59,68,121" hai1="126,38,112,66,90,39,87,88,115,0,77,45,40" hai2="49,127,103,134,81,113,100,1,133,131,84,96,97" hai3=""/><V86/><F1/><T128/><N who="0" m="31008" /><T118/><D118/><U80/><E0/><V3/><F3/><T93/><D128/><U132/><E39/><V76/><F113/><T120/><N who="0" m="30752" /><T71/><D111/><U119/><E119/><V50/><F131/><T102/><D74/><U60/><E126/><V2/><F2/><T99/><D43/><U91/><E132/><V110/><F110/><T53/><D67/><U125/><E125/><V75/><F127/><T61/><D104/><U135/><REACH who="1" step="1"/><E135/><REACH who="1" ten="27,710,303,0" step="2"/><V124/><F124/><T48/><REACH who="0" step="1"/><D61/><REACH who="0" ten="17,710,303,0" step="2"/><U37/><E37/><V47/><F133/><T83/><D83/><U106/><E106/><V35/><F134/><T123/><N who="0" m="31520" /><T69/><AGARI ba="1,2" hai="48,53,57,58,59,68,69,71,92,93,98,99,101,102" m="31520,30752,31008" machi="69" ten="30,9000,2" yaku="1,1,4,1,0,1,9,1,52,3,53,0" doraHai="85" doraHaiUra="130" who="0" fromWho="0" sc="17,112,710,-31,303,-61,0,0" /><INIT seed="4,0,0,1,1,89" ten="129,679,242,0" oya="0" hai0="84,104,71,42,52,39,117,59,34,77,79,78,135" hai1="130,37,113,112,72,99,43,73,107,100,134,122,36" hai2="94,1,88,68,102,126,85,133,121,91,57,53,61" hai3=""/><T67/><D34/><U90/><N who="1" m="31264" /><U64/><E130/><V95/><N who="2" m="31008" /><V41/><F1/><T131/><D117/><U83/><E134/><V129/><F133/><T47/><D135/><U55/><E55/><V50/><F129/><T124/><D131/><U111/><E64/><V70/><F126/><T65/><D124/><U2/><E2/><V108/><F102/><T35/><D35/><U105/><E105/><V109/><F68/><T3/><D3/><U127/><E127/><V58/><F70/><T118/><D118/><U33/><E33/><V110/><F110/><T48/><D104/><U66/><E66/><V49/><F41/><T98/><D98/><U45/><E37/><V32/><F32/><T44/><D71/><U101/><E101/><V106/><F106/><T54/><REACH who="0" step="1"/><D84/><REACH who="0" ten="119,679,242,0" step="2"/><U116/><E116/><V46/><F109/><T38/><D38/><U40/><E111/><V56/><F108/><T128/><D128/><U69/><E69/><V76/><F50/><AGARI ba="0,1" hai="39,42,44,47,48,50,52,54,59,65,67,77,78,79" machi="50" ten="40,3900,0" yaku="1,1,54,1,53,0" doraHai="89" doraHaiUra="87" who="0" fromWho="2" sc="119,49,679,0,242,-39,0,0" /><INIT seed="4,1,0,0,1,107" ten="168,679,203,0" oya="0" hai0="111,128,84,94,60,115,118,92,123,96,45,2,124" hai1="44,85,74,99,119,76,33,0,37,51,125,117,64" hai2="122,108,82,81,34,89,73,95,98,71,114,38,134" hai3=""/><T88/><N who="0" m="31520" /><T61/><D2/><U130/><E85/><V68/><N who="2" m="31264" /><V80/><F34/><T57/><D118/><U109/><E109/><V90/><F108/><T78/><D111/><U120/><N who="1" m="30752" /><U1/><E33/><V53/><F134/><T67/><D115/><U54/><E99/><V103/><F114/><T129/><D124/><U131/><E64/><V59/><F38/><T58/><D45/><U101/><E101/><V41/><F41/><T55/><REACH who="0" step="1"/><D78/><REACH who="0" ten="158,679,203,0" step="2"/><U56/><E125/><V126/><F126/><T132/><D132/><U3/><E119/><V75/><F71/><T121/><N who="0" m="31008" /><T50/><D50/><U48/><E117/><V104/><F68/><T113/><D113/><U72/><E76/><V40/><F40/><T47/><D47/><U87/><E37/><V42/><F42/><T70/><D70/><U46/><E46/><V91/><REACH who="2" step="1"/><F104/><REACH who="2" ten="158,679,193,0" step="2"/><T66/><D66/><U69/><E69/><V62/><AGARI ba="1,2" hai="53,59,62,73,75,80,81,82,89,90,91,95,98,103" m="31264" machi="62" ten="30,12000,3" yaku="1,1,2,1,0,1,52,3,53,3" doraHai="107" doraHaiUra="86" who="2" fromWho="2" sc="158,-81,679,-41,193,142,0,0" /><INIT seed="5,0,0,1,1,47" ten="77,638,335,0" oya="1" hai0="59,135,134,85,60,2,70,41,113,92,56,82,115" hai1="98,105,110,121,40,37,49,3,35,103,93,80,54" hai2="97,78,76,100,81,108,131,87,102,0,67,72,38" hai3=""/><U45/><N who="1" m="31008" /><U71/><E110/><V130/><F38/><T50/><D2/><U119/><E119/><V111/><F0/><T44/><D92/><U79/><E71/><V88/><F67/><T86/><D86/><U36/><E3/><V32/><F32/><T125/><D85/><U75/><E35/><V94/><F102/><T89/><D89/><U1/><E1/><V42/><F42/><T51/><D82/><U107/><E36/><V39/><F39/><T126/><D70/><U33/><E33/><V120/><N who="2" m="30752" /><V58/><F58/><AGARI ba="0,0" hai="37,40,45,49,54,58,75,79,80,93,98,103,105,107" m="31008" machi="58" ten="30,5800,0" yaku="7,1,52,2" doraHai="47" who="1" fromWho="2" sc="77,0,638,58,335,-58,0,0" /><INIT seed="5,1,0,3,3,39" ten="77,696,277,0" oya="1" hai0="134,32,3,103,82,48,95,35,53,65,37,72,127" hai1="55,77,121,61,126,51,89,133,81,92,105,1,44" hai2="2,54,87,0,56,60,41,109,108,118,74,111,34" hai3=""/><U98/><N who="1" m="31008" /><U83/><E1/><V96/><F34/><T135/><D3/><U128/><E128/><V115/><F74/><T63/><D37/><U90/><E126/><V50/><F118/><T91/><D127/><U62/><E133/><V97/><F2/><T47/><D103/><U33/><E33/><V112/><F0/><T102/><D102/><U100/><E90/><V66/><F87/><T78/><D135/><U58/><E77/><V106/><F106/><T68/><D134/><U52/><E62/><V119/><F119/><T76/><REACH who="0" step="1"/><D76/><REACH who="0" ten="67,696,277,0" step="2"/><U71/><E71/><V43/><F112/><T129/><D129/><U79/><E79/><V69/><F115/><T45/><D45/><U38/><E38/><V57/><F109/><T124/><D124/><U117/><E117/><V46/><F111/><T73/><D73/><U125/><E125/><V116/><F116/><T130/><D130/><U99/><AGARI ba="1,1" hai="44,51,52,55,58,61,81,83,89,92,98,99,100,105" m="31008" machi="99" ten="20,5200,0" yaku="0,1,7,1,52,1,54,1" doraHai="39" who="1" fromWho="1" sc="67,-27,696,64,277,-27,0,0" /><INIT seed="5,2,0,4,1,71" ten="40,760,250,0" oya="1" hai0="95,106,121,116,75,45,65,92,63,67,120,89,53" hai1="111,83,37,82,134,78,132,96,32,74,54,3,68" hai2="64,56,130,86,33,66,77,110,115,59,131,126,124" hai3=""/><U88/><E3/><V38/><F33/><T85/><N who="0" m="30752" /><T42/><N who="0" m="31008" /><T114/><D114/><U98/><E32/><V80/><F110/><T41/><D106/><U36/><E54/><V104/><F104/><T44/><D75/><U123/><N who="1" m="31520" /><U125/><E68/><V93/><F38/><T91/><D116/><U57/><E57/><N who="2" m="22091" /><F93/><T108/><D108/><U40/><E40/><V84/><F84/><T133/><D85/><U60/><E111/><V128/><F115/><T72/><D72/><U109/><E109/><V61/><F61/><T58/><D58/><U73/><E60/><V105/><F105/><T39/><D63/><U118/><E118/><V69/><F69/><T129/><D53/><U52/><E52/><V107/><F107/><T99/><D99/><U112/><E112/><V87/><F86/><T122/><N who="0" m="31264" /><T55/><D55/><U51/><E98/><V43/><F43/><T70/><D70/><U50/><E96/><V102/><F128/><T90/><D129/><U79/><E36/><V2/><F131/><T94/><REACH who="0" step="1"/><D133/><REACH who="0" ten="30,760,250,0" step="2"/><U48/><E134/><V76/><F130/><T34/><D34/><U35/><E132/><V135/><F135/><T97/><D97/><U49/><E35/><RYUUKYOKU ba="2,1" sc="30,20,760,-10,250,-10,0,0" hai0="39,41,42,44,45,65,67,89,90,91,92,94,95" /><INIT seed="6,3,1,3,3,131" ten="50,750,240,0" oya="2" hai0="126,132,116,102,49,41,90,54,64,45,118,48,92" hai1="128,51,70,125,80,69,78,63,103,37,47,99,1" hai2="43,95,34,42,91,96,84,67,111,0,59,101,81" hai3=""/><V109/><F34/><T113/><D102/><U130/><E37/><V87/><F0/><T61/><D92/><U129/><E125/><V120/><N who="2" m="30752" /><V124/><F124/><T66/><D90/><U79/><E1/><V50/><F67/><T77/><D77/><N who="1" m="29195" /><E63/><V76/><F59/><T60/><D126/><U68/><E80/><V94/><F50/><T44/><D113/><U65/><E65/><V104/><F43/><T108/><D108/><N who="2" m="41546" /><F42/><T73/><D73/><U105/><E69/><V86/><F86/><T3/><D3/><U114/><E114/><V112/><F112/><T107/><D107/><AGARI ba="3,1" hai="76,81,84,87,91,94,95,96,101,104,107" m="41546,30752" machi="107" ten="30,11600,0" yaku="10,1,34,2,52,1" doraHai="131" who="2" fromWho="0" sc="50,-122,750,0,240,132,0,0" owari="-72,-67.0,750,70.0,372,-3.0,0,0.0" /></mjloggm>