<mjloggm ver="2.3"><GO type="169" lobby="0"/><UN n0="%E8%88%AC%E5%8D%93%E6%B0%91%E3%81%AE%E6%9C%9D%E3%81%AF%E6%97%A9%E3%81%84" n1="%EF%BC%91%EF%BC%90%E9%80%A3%E3%82%AC%E3%83%81%E3%83%A3" n2="%E3%82%B9%E3%83%8A%E3%83%83%E3%82%AF%E7%9E%B3" n3="%E3%83%8E%E3%82%AA%E3%83%81%E3%83%A3%E3%83%99%E3%82%B9" dan="17,16,16,16" rate="2249.86,2088.46,2121.99,2104.31" sx="M,M,M,M"/><TAIKYOKU oya="0"/><INIT seed="0,0,0,0,0,116" ten="250,250,250,250" oya="0" hai0="104,76,54,31,86,87,81,21,96,79,119,90,44" hai1="45,107,4,16,123,57,9,6,68,36,47,60,117" hai2="26,15,37,91,105,84,14,0,102,58,62,65,89" hai3="111,88,130,7,126,108,43,2,42,51,11,100,13"/><T34/><D119/><U122/><E117/><V63/><F0/><W71/><G71/><T32/><D21/><U109/><E68/><V77/><F37/><W50/><G100/><T46/><D31/><U121/><E107/><V120/><F120/><W98/><G126/><T97/><D104/><U53/><E109/><N who="3" m="42058" /><G2/><T27/><D27/><U85/><E85/><V5/><F77/><W80/><G130/><T99/><D54/><U125/><E125/><V110/><F102/><W52/><G51/><T64/><D64/><U74/><E74/><V29/><F105/><W134/><G134/><T20/><D20/><U127/><E127/><V128/><F91/><W135/><G135/><T22/><D22/><U8/><E36/><V25/><F25/><W118/><G118/><T35/><REACH who="0" step="1"/><D87/><REACH who="0" ten="240,250,250,250" step="2"/><U94/><E8/><V72/><F84/><N who="3" m="50183" /><G98/><T69/><D69/><U114/><E114/><V59/><F29/><W78/><G78/><AGARI ba="0,1" hai="32,34,35,44,46,76,78,79,81,86,90,96,97,99" machi="78" ten="50,4800,0" yaku="1,1,53,1" doraHai="116" doraHaiUra="82" who="0" fromWho="3" sc="240,58,250,0,250,0,250,-48" /><INIT seed="0,1,0,3,0,91" ten="298,250,250,202" oya="0" hai0="54,58,18,26,44,24,126,86,87,27,7,82,39" hai1="40,47,81,49,74,15,46,92,108,19,93,79,118" hai2="104,31,32,70,11,41,57,52,33,22,85,62,115" hai3="69,119,20,59,99,117,76,71,67,10,111,135,75"/><T21/><D126/><U35/><E118/><V4/><F115/><W90/><G59/><T102/><D7/><U120/><E120/><V37/><F104/><W51/><G51/><T73/><D73/><U89/><E35/><V65/><F22/><W53/><G53/><T124/><D124/><U38/><E89/><V56/><F56/><W55/><G55/><T64/><D102/><U66/><E66/><V103/><F103/><W122/><G10/><T45/><D86/><U112/><E108/><V121/><F31/><W123/><G20/><T100/><D100/><U48/><E112/><V14/><F121/><W96/><G111/><T106/><D106/><U84/><E74/><V30/><F30/><W36/><G36/><T132/><D132/><U61/><E61/><V134/><F85/><W94/><G99/><T8/><D8/><U128/><E128/><V129/><F129/><W80/><G135/><T25/><D64/><U68/><E38/><V101/><F101/><W13/><G13/><T5/><D5/><U43/><E68/><N who="3" m="26186" /><G67/><T29/><D39/><U17/><E17/><V77/><F134/><W113/><G113/><T131/><D131/><U109/><E109/><V130/><F130/><W110/><G110/><T6/><D6/><U116/><E116/><V12/><F12/><W105/><G105/><T0/><D29/><U78/><E79/><V2/><F70/><W97/><G96/><T63/><REACH who="0" step="1"/><D0/><REACH who="0" ten="288,250,250,202" step="2"/><U16/><E19/><N who="2" m="8671" /><F2/><W60/><G60/><T34/><D34/><U133/><E133/><V72/><F32/><W95/><G95/><T127/><D127/><RYUUKYOKU ba="1,1" sc="288,10,250,10,250,-30,202,10" hai0="18,21,24,25,26,27,44,45,54,58,63,82,87" hai1="15,16,40,43,46,47,48,49,78,81,84,92,93" hai3="75,76,80,90,94,97,117,119,122,123" /><INIT seed="0,2,1,2,5,34" ten="298,260,220,212" oya="0" hai0="17,73,31,40,16,29,93,89,23,54,0,38,104" hai1="87,103,65,75,36,85,13,95,2,8,9,47,116" hai2="70,1,111,124,131,117,126,67,26,79,112,81,123" hai3="64,78,129,106,55,33,50,28,20,32,132,66,43"/><T24/><D104/><U4/><E75/><V105/><RYUUKYOKU type="yao9" ba="2,1" sc="298,0,260,0,220,0,212,0" hai2="1,26,67,70,79,81,105,111,112,117,123,124,126,131" /><INIT seed="0,3,1,0,2,60" ten="298,260,220,212" oya="0" hai0="41,123,33,24,8,0,1,7,5,109,98,115,44" hai1="13,31,16,40,81,90,129,119,78,26,64,39,112" hai2="122,55,103,19,27,48,87,4,14,104,42,101,106" hai3="76,59,134,35,100,97,34,18,65,67,73,99,36"/><T58/><D115/><U126/><E112/><V75/><F122/><W133/><G36/><T45/><D123/><U135/><E119/><V9/><F75/><W50/><G18/><T121/><D121/><U43/><E135/><N who="3" m="51722" /><G76/><T6/><D33/><N who="3" m="12297" /><G73/><T10/><D24/><U77/><E126/><V12/><F27/><W94/><G99/><T102/><D109/><U28/><E129/><V47/><F106/><W29/><G29/><T130/><D130/><U37/><E26/><V30/><F104/><W71/><G71/><T86/><D6/><U56/><E39/><V72/><F72/><W91/><G100/><T68/><D68/><U85/><E37/><V92/><F42/><N who="1" m="15913" /><E77/><V95/><F30/><W89/><G91/><T118/><D118/><U127/><E78/><V128/><F128/><W32/><G32/><T38/><D38/><U15/><E15/><V108/><F108/><W22/><G22/><T52/><D41/><U3/><E3/><V93/><REACH who="2" step="1"/><F87/><REACH who="2" ten="298,260,210,212" step="2"/><W114/><G114/><T74/><D86/><U70/><E31/><V11/><AGARI ba="3,2" hai="4,9,11,12,14,19,47,48,55,92,93,95,101,103" machi="11" ten="30,8000,1" yaku="1,1,2,1,0,1,8,1,53,1" doraHai="60" doraHaiUra="46" who="2" fromWho="2" sc="298,-43,260,-23,210,109,212,-23" /><INIT seed="1,0,0,3,2,135" ten="255,237,319,189" oya="1" hai0="46,18,127,81,47,34,52,68,5,7,89,102,41" hai1="100,126,84,12,92,111,112,122,107,31,103,57,82" hai2="64,10,1,3,19,79,22,49,94,45,85,125,42" hai3="29,99,69,65,27,15,110,83,80,63,14,0,104"/><U66/><E112/><V6/><F125/><W25/><G0/><T39/><D68/><U113/><E126/><V109/><F109/><W118/><G110/><T30/><D127/><U2/><E122/><V97/><F64/><W9/><G27/><T73/><D102/><U133/><E2/><V108/><F108/><W13/><G118/><T74/><D18/><U53/><E133/><V71/><F71/><W4/><G83/><T120/><D120/><U124/><E113/><V67/><F67/><W16/><G80/><T131/><D131/><U76/><E111/><V11/><F85/><W129/><G129/><T123/><D123/><U117/><E117/><V90/><F79/><W44/><G44/><T26/><D89/><U35/><E66/><V8/><F1/><W17/><G17/><T72/><REACH who="0" step="1"/><D81/><REACH who="0" ten="245,237,319,189" step="2"/><U33/><E124/><V28/><F28/><W23/><REACH who="3" step="1"/><G29/><REACH who="3" ten="245,237,319,179" step="2"/><T40/><D40/><U87/><E31/><V98/><F42/><W50/><G50/><AGARI ba="0,2" hai="5,7,26,30,34,39,41,46,47,50,52,72,73,74" machi="50" ten="40,2600,0" yaku="1,1,54,1,53,0" doraHai="135" doraHaiUra="96" who="0" fromWho="3" sc="245,46,237,0,319,0,179,-26" /><INIT seed="2,0,0,0,4,55" ten="291,237,319,153" oya="2" hai0="83,121,22,103,72,132,54,127,5,8,92,100,42" hai1="66,96,87,15,111,41,40,128,97,130,70,74,37" hai2="67,91,56,117,6,105,29,24,114,124,129,45,123" hai3="32,51,98,99,38,79,33,61,1,31,76,84,120"/><V21/><F117/><W60/><G38/><T135/><D42/><U125/><E74/><V23/><F123/><W78/><G1/><T18/><D121/><U104/><E111/><V49/><F105/><W110/><G120/><T133/><D127/><U122/><E122/><V39/><F39/><W35/><G110/><T93/><D83/><U27/><E125/><V48/><F114/><W71/><G31/><T107/><D72/><U30/><E15/><V81/><F129/><W113/><G113/><T43/><D43/><U119/><E87/><N who="2" m="50671" /><F6/><W12/><G84/><T50/><D107/><U64/><E119/><V34/><F34/><W47/><G12/><N who="0" m="9543" /><D100/><U75/><E75/><V126/><F45/><W63/><G71/><T36/><D103/><U13/><E13/><V2/><F2/><W106/><G106/><T118/><D36/><U94/><E37/><V115/><F115/><W109/><G109/><T101/><D101/><U85/><E104/><V11/><F11/><W112/><G112/><T62/><D118/><U52/><E70/><V86/><F86/><W95/><G95/><T131/><D131/><U102/><E94/><V88/><F88/><W80/><G80/><T77/><D77/><U19/><E85/><V53/><F124/><W59/><G59/><N who="0" m="33239" /><D92/><U17/><E102/><V73/><F73/><W3/><G3/><N who="0" m="63" /><D93/><U14/><E130/><V58/><F126/><W10/><G10/><T26/><D26/><U57/><E27/><N who="2" m="16623" /><F67/><W9/><G9/><T25/><D25/><U89/><E66/><V116/><F116/><W28/><G28/><T68/><D135/><RYUUKYOKU ba="0,0" sc="291,15,237,-15,319,-15,153,15" hai0="62,68,132,133" hai3="32,33,35,47,51,60,61,63,76,78,79,98,99" /><INIT seed="3,1,0,4,0,131" ten="306,222,304,168" oya="3" hai0="76,90,33,124,115,37,122,112,73,85,52,59,113" hai1="28,9,54,42,101,96,41,110,82,13,126,55,25" hai2="93,84,35,5,95,70,92,69,45,108,66,72,130" hai3="117,97,123,51,83,40,111,80,12,94,78,4,50"/><W49/><G117/><T24/><D122/><U57/><E110/><V8/><F72/><W68/><G68/><T116/><D116/><U102/><E126/><V43/><F35/><W17/><G123/><T3/><D124/><U62/><E55/><V128/><F108/><W58/><G111/><T36/><D3/><U100/><E96/><V21/><F21/><W81/><G4/><T26/><D76/><U32/><REACH who="1" step="1"/><E82/><REACH who="1" ten="306,212,304,168" step="2"/><V16/><F128/><W18/><G78/><T89/><D112/><U118/><E118/><V14/><F130/><W135/><G40/><T27/><D113/><U114/><E114/><V77/><F66/><W11/><G135/><T15/><D115/><U64/><E64/><V44/><F43/><W88/><G18/><AGARI ba="1,1" hai="9,13,18,25,28,32,41,42,54,57,62,100,101,102" machi="18" ten="40,2600,0" yaku="1,1,53,1" doraHai="131" doraHaiUra="53" who="1" fromWho="3" sc="306,0,212,39,304,0,168,-29" /><INIT seed="4,0,0,1,1,105" ten="306,251,304,139" oya="0" hai0="44,78,40,121,8,112,106,115,135,51,7,30,34" hai1="43,81,128,92,54,9,74,45,4,19,21,98,122" hai2="120,10,77,79,83,94,110,123,36,28,22,69,133" hai3="3,76,50,118,75,68,95,117,25,70,12,32,66"/><T31/><D121/><U89/><E128/><V91/><F110/><W132/><G3/><T82/><D106/><U93/><E92/><V5/><F69/><W42/><G132/><T87/><D135/><U100/><E54/><V61/><F36/><W20/><G32/><T1/><D34/><U49/><E122/><V131/><F77/><W80/><G12/><T86/><D86/><U2/><E89/><V27/><F61/><W111/><G111/><T102/><D102/><U114/><E114/><AGARI ba="0,0" hai="1,7,8,30,31,40,44,51,78,82,87,112,114,115" machi="114" ten="40,2000,0" yaku="15,1" doraHai="105" who="0" fromWho="1" sc="306,20,251,-20,304,0,139,0" /><INIT seed="4,1,0,0,4,63" ten="326,231,304,139" oya="0" hai0="126,131,85,8,22,112,29,71,108,18,74,124,60" hai1="117,72,6,47,0,93,46,19,61,26,99,62,23" hai2="111,13,58,57,59,92,113,9,50,132,52,82,51" hai3="120,101,43,38,119,102,45,28,49,25,130,125,30"/><T53/><D74/><U55/><E72/><V123/><F111/><W105/><G119/><T134/><D108/><U115/><E115/><V106/><F123/><W11/><G120/><T34/><D112/><U42/><E117/><V40/><F106/><W65/><G30/><T48/><D8/><U39/><E6/><V4/><F132/><W5/><G130/><T21/><D134/><U104/><E104/><V121/><F121/><W15/><G125/><T98/><D131/><U16/><E0/><V75/><F113/><W83/><G38/><T88/><D98/><U78/><E78/><V91/><F82/><W67/><G83/><T109/><D109/><U79/><E79/><V17/><F4/><W33/><REACH who="3" step="1"/><G105/><REACH who="3" ten="326,231,304,129" step="2"/><T122/><D122/><U100/><REACH who="1" step="1"/><E19/><REACH who="1" ten="326,221,304,129" step="2"/><N who="2" m="8623" /><F75/><W103/><AGARI ba="1,2" hai="5,11,15,25,28,33,43,45,49,65,67,101,102,103" machi="103" ten="30,7900,0" yaku="1,1,0,1,52,2,53,0" doraHai="63" doraHaiUra="56" who="3" fromWho="3" sc="326,-40,221,-21,304,-21,129,102" /><INIT seed="5,0,0,3,0,93" ten="286,200,283,231" oya="1" hai0="123,24,103,98,78,53,77,96,109,74,42,118,117" hai1="119,133,43,15,121,82,124,25,34,2,75,116,83" hai2="113,5,89,44,66,97,46,125,22,107,90,100,19" hai3="12,30,8,132,92,112,68,84,128,64,55,1,129"/><U95/><E121/><V38/><F125/><W17/><G112/><T21/><D42/><U28/><E124/><V18/><F5/><W80/><G132/><T3/><D3/><U87/><E2/><V115/><F66/><W71/><G1/><T0/><D0/><U104/><E104/><V88/><F18/><W69/><G30/><T126/><D126/><U57/><E133/><V61/><F61/><W58/><G64/><T127/><D127/><U49/><E15/><N who="2" m="9599" /><F38/><W59/><G92/><T7/><D109/><U79/><E95/><V86/><F86/><W52/><G59/><T39/><D39/><U65/><E43/><V32/><F32/><W102/><G102/><T81/><D7/><U36/><E36/><V27/><F27/><W13/><G13/><T106/><D123/><U70/><E70/><V41/><F41/><W35/><G35/><T73/><D53/><U11/><E11/><V134/><F134/><W62/><REACH who="3" step="1"/><G55/><REACH who="3" ten="286,200,283,221" step="2"/><T108/><D108/><U85/><E65/><V31/><F31/><W76/><AGARI ba="0,1" hai="8,12,17,52,58,62,68,69,71,76,80,84,128,129" machi="76" ten="40,8000,1" yaku="1,1,2,1,0,1,54,1,53,0" doraHai="93" doraHaiUra="120" who="3" fromWho="3" sc="286,-20,200,-40,283,-20,221,90" /><INIT seed="6,0,0,2,3,73" ten="266,160,263,311" oya="2" hai0="94,92,50,93,85,20,69,99,2,52,29,17,124" hai1="100,15,65,3,47,4,53,11,10,123,27,82,77" hai2="71,70,54,133,101,13,35,36,48,18,83,75,25" hai3="120,39,38,74,90,19,115,79,80,118,105,58,34"/><V119/><F119/><W112/><G120/><T134/><D69/><U51/><E123/><V21/><F36/><W5/><G118/><T104/><D2/><U56/><E100/><V60/><F101/><W81/><G105/><T63/><D104/><U45/><E27/><V107/><F107/><W68/><G68/><T113/><D113/><N who="3" m="43593" /><G34/><T9/><D124/><U89/><E89/><V72/><F72/><W24/><G5/><T28/><D134/><U67/><E45/><V116/><F60/><W64/><G24/><T14/><D63/><U114/><E114/><V59/><F133/><W111/><G111/><T109/><D109/><U32/><E32/><V132/><F116/><W96/><G19/><T86/><D99/><U26/><E26/><V41/><F41/><W127/><G127/><T125/><D125/><U88/><E56/><V131/><F131/><W8/><G8/><T87/><REACH who="0" step="1"/><D9/><REACH who="0" ten="256,160,263,311" step="2"/><U55/><E10/><V0/><F0/><W31/><G96/><T84/><N who="0" m="21504" /><DORA hai="110" /><T61/><D61/><U103/><E3/><V62/><F62/><W6/><G64/><T122/><D122/><U22/><E67/><V12/><F132/><W129/><G129/><T97/><D97/><U46/><E65/><V126/><F126/><W33/><G74/><T44/><AGARI ba="0,1" hai="14,17,20,28,29,44,50,52,92,93,94" m="21504" machi="44" ten="50,8000,1" yaku="1,1,0,1,8,1,54,1,53,1" doraHai="73,110" doraHaiUra="16,108" who="0" fromWho="0" sc="256,90,160,-20,263,-40,311,-20" /><INIT seed="7,0,0,3,5,102" ten="346,140,223,291" oya="3" hai0="72,78,58,99,30,115,23,77,81,134,10,110,3" hai1="36,37,12,68,128,85,9,86,1,4,88,34,131" hai2="5,2,61,57,11,69,123,92,49,133,31,71,50" hai3="107,70,74,126,127,114,29,125,42,116,100,124,8"/><W53/><N who="3" m="31744" /><DORA hai="101" /><W83/><G114/><T112/><D110/><U117/><E68/><V38/><F38/><W111/><G116/><T20/><D134/><U51/><E34/><V28/><F50/><W54/><G70/><T44/><D77/><U7/><E117/><V33/><F49/><W47/><G29/><T25/><D99/><U16/><E51/><V64/><F133/><W80/><G111/><T97/><D44/><U103/><E86/><V132/><F123/><W94/><G94/><T43/><D43/><U73/><E73/><V27/><F132/><W62/><G8/><T63/><D97/><U95/><E4/><V89/><F28/><W129/><G129/><T22/><D10/><U93/><E93/><V17/><F17/><W35/><G35/><T24/><D3/><U45/><E45/><V19/><F19/><W106/><G100/><T84/><D72/><U91/><E91/><V109/><F109/><W13/><G13/><T135/><D135/><U40/><E40/><V26/><F27/><W52/><G62/><T46/><D46/><U82/><E95/><V90/><F90/><W87/><G74/><T76/><D76/><U108/><E108/><V59/><F71/><W48/><G83/><T21/><REACH who="0" step="1"/><D25/><REACH who="0" ten="336,140,223,291" step="2"/><U105/><E1/><V39/><F39/><W41/><G42/><T15/><D15/><U98/><E7/><V0/><REACH who="2" step="1"/><F0/><REACH who="2" ten="336,140,213,291" step="2"/><W120/><G120/><T122/><D122/><U65/><E65/><AGARI ba="0,2" hai="20,21,22,23,24,30,58,63,65,78,81,84,112,115" machi="65" ten="40,1300,0" yaku="1,1,53,0" doraHai="102,101" doraHaiUra="66,32" who="0" fromWho="1" sc="336,33,140,-13,213,0,291,0" owari="369,47.0,127,-37.0,213,-19.0,291,9.0" /></mjloggm>