<mjloggm ver="2.3"><GO type="185" lobby="0"/><UN n0="%E5%BF%AB%E9%81%A9" n1="%E3%81%9F%E3%82%93%E3%82%86%E3%81%86" n2="%E3%81%82%E3%81%9F%E3%82%89%E3%81%AA%E3%81%84%E3%81%A7%EF%BC%81" n3="" dan="17,16,17,0" rate="2305.42,2225.01,2172.62,1500.00" sx="M,F,M,C"/><TAIKYOKU oya="0"/><INIT seed="0,0,0,2,2,66" ten="350,350,350,0" oya="0" hai0="99,39,118,40,96,93,53,47,88,79,91,57,80" hai1="48,51,116,82,35,41,0,69,87,119,61,135,120" hai2="109,52,83,59,123,127,132,77,94,71,112,110,46" hai3=""/><T43/><D118/><U130/><N who="1" m="30752" /><U131/><E0/><V104/><N who="2" m="31520" /><V36/><F104/><T60/><D43/><U63/><E35/><V85/><F112/><T107/><D107/><U33/><E33/><V89/><F127/><T72/><REACH who="0" step="1"/><D99/><REACH who="0" ten="340,350,350,0" step="2"/><U54/><E135/><V103/><F132/><T34/><D34/><U95/><E116/><V124/><F124/><T115/><D115/><U113/><E119/><V128/><F128/><N who="1" m="49193" /><E113/><V65/><F110/><T117/><D117/><U108/><E108/><V45/><F109/><T73/><D73/><U81/><E41/><V101/><F101/><AGARI ba="0,1" hai="39,40,47,53,57,60,72,79,80,88,91,93,96,101" machi="101" ten="30,11600,0" yaku="1,1,7,1,54,1,53,1" doraHai="66" doraHaiUra="55" who="0" fromWho="2" sc="340,126,350,0,350,-116,0,0" /><INIT seed="0,1,0,1,0,74" ten="466,350,234,0" oya="0" hai0="83,132,69,123,50,120,44,46,60,53,40,47,124" hai1="115,111,34,97,73,82,67,117,48,3,33,36,38" hai2="63,61,78,37,125,43,90,101,55,65,64,49,113" hai3=""/><T0/><N who="0" m="30752" /><T130/><N who="0" m="31520" /><T119/><D0/><U133/><E3/><V100/><F113/><T81/><D119/><U32/><E117/><V94/><F125/><T71/><D124/><U41/><E115/><V68/><F43/><T107/><D107/><U114/><E114/><V112/><F37/><T62/><D132/><U98/><E67/><V135/><F135/><T77/><D83/><U54/><E133/><V39/><F39/><T56/><D130/><U128/><E128/><V92/><F78/><T2/><D2/><U80/><E41/><V116/><F116/><T106/><D106/><U121/><N who="1" m="31008" /><U1/><E1/><V131/><F94/><T89/><D89/><U72/><E33/><V45/><F131/><T93/><D93/><U84/><E84/><V95/><F92/><T129/><D129/><U104/><E104/><V85/><F112/><T118/><D118/><U88/><E88/><V87/><F87/><T96/><D96/><U75/><E75/><V66/><F66/><T122/><N who="0" m="31264" /><T86/><REACH who="0" step="1"/><D40/><REACH who="0" ten="456,350,234,0" step="2"/><U134/><E134/><V105/><F105/><T35/><D35/><U109/><E34/><V76/><F76/><T102/><D102/><U108/><E32/><V52/><F101/><RYUUKYOKU ba="1,1" sc="456,20,350,-10,234,-10,0,0" hai0="44,46,47,50,53,56,60,62,69,71,77,81,86" /><INIT seed="0,2,1,4,0,33" ten="476,340,224,0" oya="0" hai0="69,113,47,119,118,135,76,67,127,39,107,53,32" hai1="129,105,108,85,81,60,86,97,128,130,78,99,91" hai2="54,74,125,62,123,84,100,59,111,96,94,114,104" hai3=""/><T41/><D32/><U46/><E46/><V117/><N who="2" m="31520" /><V42/><F114/><T115/><D76/><U112/><E60/><V58/><F74/><T35/><D107/><U55/><E55/><V3/><F111/><T102/><D102/><U64/><E64/><V131/><F131/><T87/><D87/><U38/><E38/><V56/><F125/><T90/><D90/><U65/><E65/><V121/><N who="2" m="31008" /><V50/><F117/><N who="0" m="44554" /><D35/><U134/><E108/><V43/><F3/><T36/><D127/><U133/><E112/><N who="0" m="43081" /><D135/><N who="1" m="51723" /><E105/><V93/><F104/><T40/><D53/><U49/><E49/><V101/><F101/><T75/><D75/><U79/><E79/><V122/><N who="2" m="31264" /><V2/><F2/><T98/><D41/><N who="2" m="15370" /><F50/><T51/><D98/><U126/><E126/><V1/><F1/><T52/><D40/><U132/><N who="1" m="51731" /><U57/><DORA hai="95" /><E57/><V72/><F72/><T66/><D66/><U88/><E78/><V34/><F34/><T89/><D67/><U80/><AGARI ba="2,1" hai="80,81,85,86,88,91,97,99,128,129,130" m="51731" machi="80" ten="50,9000,2" yaku="19,1,20,1,34,2,52,2,54,1" doraHai="33,95" who="1" fromWho="1" sc="476,-62,340,104,224,-32,0,0" /><INIT seed="1,0,0,2,0,83" ten="414,444,192,0" oya="1" hai0="52,37,112,3,48,43,70,32,111,71,53,131,36" hai1="123,118,74,69,101,50,34,130,58,129,45,110,128" hai2="120,40,63,0,61,2,127,133,122,39,35,108,90" hai3=""/><U42/><N who="1" m="31520" /><U124/><E74/><V132/><N who="2" m="30752" /><V62/><N who="2" m="31264" /><V55/><F35/><T85/><D3/><U51/><E34/><V49/><F127/><T33/><D48/><U92/><E69/><V96/><F108/><T126/><D43/><U105/><E105/><V66/><F66/><T72/><D72/><U38/><E118/><V89/><F40/><T135/><D135/><N who="2" m="51786" /><F39/><T100/><D100/><U54/><E124/><V99/><F99/><T44/><D126/><U78/><E78/><V102/><F102/><T119/><D119/><U113/><E110/><V106/><F106/><T134/><D134/><U103/><E113/><V57/><F96/><T76/><D111/><U46/><E92/><V117/><F117/><T104/><D104/><U82/><E82/><V93/><F93/><T91/><D32/><U95/><E95/><V79/><F79/><T97/><D76/><U47/><E101/><V81/><F81/><T77/><D77/><U73/><E103/><V88/><AGARI ba="0,0" hai="0,2,49,55,57,61,62,63,88,89,90" m="51786,31264,30752" machi="88" ten="40,6000,1" yaku="20,1,52,2,54,1" doraHai="83" who="2" fromWho="2" sc="414,-20,444,-40,192,60,0,0" /><INIT seed="2,0,0,5,3,94" ten="394,404,252,0" oya="2" hai0="84,81,64,109,99,79,76,134,98,72,87,41,60" hai1="135,96,97,37,82,1,119,46,133,55,63,86,42" hai2="89,95,34,105,85,52,120,117,88,80,128,122,65" hai3=""/><V106/><N who="2" m="30752" /><V57/><N who="2" m="31264" /><V36/><F34/><T125/><D134/><N who="1" m="51211" /><E1/><V0/><F0/><T75/><D41/><U67/><E55/><V45/><F117/><T104/><D125/><U90/><E119/><V68/><F128/><T33/><D109/><U130/><E130/><V110/><F110/><T103/><D33/><U112/><E112/><V39/><F65/><T2/><D2/><U91/><E91/><V74/><F68/><AGARI ba="0,0" hai="37,42,46,63,67,68,82,86,90,96,97" m="51211" machi="68" ten="30,3900,0" yaku="20,1,52,2" doraHai="94" who="1" fromWho="2" sc="394,0,404,39,252,-39,0,0" /><INIT seed="4,0,0,0,4,121" ten="394,443,213,0" oya="0" hai0="130,1,61,101,129,100,99,112,50,117,96,52,88" hai1="118,109,134,0,86,79,68,46,34,111,76,69,128" hai2="123,44,80,38,115,92,53,89,84,62,104,60,105" hai3=""/><T85/><D117/><U66/><E118/><V54/><N who="2" m="31520" /><V35/><F35/><T42/><D42/><U93/><E34/><V72/><F115/><T67/><D112/><U56/><E0/><V81/><F38/><T58/><D1/><U37/><E128/><V135/><F135/><T95/><D99/><U116/><E116/><V73/><F44/><T41/><D41/><U103/><E134/><V71/><F71/><T65/><D101/><U119/><E119/><V49/><F49/><T122/><N who="0" m="31264" /><T70/><REACH who="0" step="1"/><D67/><REACH who="0" ten="384,443,213,0" step="2"/><U45/><E103/><V98/><F98/><T36/><D36/><U126/><E66/><V97/><F97/><T124/><D124/><U39/><E126/><V83/><F105/><AGARI ba="0,1" hai="50,52,58,61,65,70,85,88,95,96,100,105,129,130" m="31264" machi="105" ten="40,12000,1" yaku="1,1,52,1,54,2,53,0" doraHai="121" doraHaiUra="43" who="0" fromWho="2" sc="384,130,443,0,213,-120,0,0" /><INIT seed="4,1,0,5,2,64" ten="514,443,93,0" oya="0" hai0="63,71,84,95,100,123,43,91,67,128,124,101,80" hai1="113,39,122,66,94,76,117,86,130,118,3,48,108" hai2="85,104,74,65,35,106,47,110,42,121,51,61,97" hai3=""/><T45/><N who="0" m="31520" /><T115/><D128/><U127/><N who="1" m="31264" /><U79/><E3/><V77/><N who="2" m="31008" /><V116/><F35/><T60/><D124/><U81/><E39/><V98/><F110/><T126/><D126/><U75/><E127/><V56/><F74/><T32/><D115/><U55/><E108/><V54/><F116/><T89/><D63/><U102/><E130/><V50/><F106/><T69/><D69/><U90/><E66/><V34/><F34/><T59/><D59/><U62/><E62/><V37/><F104/><T93/><D32/><U87/><E113/><V36/><F36/><T92/><REACH who="0" step="1"/><D89/><REACH who="0" ten="504,443,93,0" step="2"/><U72/><E117/><V1/><F1/><T57/><D57/><U52/><E118/><V0/><F0/><T40/><D40/><U103/><E55/><V70/><F51/><AGARI ba="1,1" hai="43,45,51,60,67,71,80,84,91,92,93,95,100,101" m="31520" machi="51" ten="40,7700,0" yaku="1,1,52,2,53,0" doraHai="64" doraHaiUra="109" who="0" fromWho="2" sc="504,89,443,0,93,-79,0,0" /><INIT seed="4,2,0,2,2,114" ten="593,443,14,0" oya="0" hai0="121,118,96,33,74,127,133,66,91,92,72,104,45" hai1="100,123,40,103,32,125,61,51,93,116,54,62,48" hai2="83,0,86,38,113,82,135,90,115,98,70,88,102" hai3=""/><T117/><N who="0" m="31008" /><T131/><D33/><U50/><N who="1" m="31520" /><U132/><E32/><V120/><N who="2" m="30752" /><V101/><F70/><T129/><D133/><U134/><E125/><V110/><F38/><T59/><D127/><U99/><E40/><V80/><F0/><T34/><D34/><U2/><E2/><V119/><F135/><N who="1" m="51753" /><E116/><N who="0" m="44649" /><D45/><U63/><E100/><N who="2" m="38507" /><F119/><T73/><D59/><AGARI ba="2,0" hai="48,50,51,54,59,61,62,63,93,99,103" m="51753,31520" machi="59" ten="30,2000,0" yaku="20,1,52,1" doraHai="114" who="1" fromWho="0" sc="593,-24,443,24,14,0,0,0" /><INIT seed="5,0,0,5,2,123" ten="569,467,14,0" oya="1" hai0="116,99,104,93,46,73,48,107,54,128,110,75,109" hai1="65,66,91,119,113,72,81,129,37,133,108,95,0" hai2="47,83,97,90,42,105,68,36,69,112,53,52,38" hai3=""/><U32/><RYUUKYOKU type="yao9" ba="0,0" sc="569,0,467,0,14,0,0,0" hai1="0,32,37,65,66,72,81,91,95,108,113,119,129,133" /><INIT seed="5,1,0,3,0,89" ten="569,467,14,0" oya="1" hai0="41,85,86,32,105,0,75,62,65,122,92,39,57" hai1="53,81,79,35,94,93,44,74,121,51,112,128,98" hai2="123,42,96,134,110,1,133,127,63,58,88,101,116" hai3=""/><U99/><N who="1" m="31008" /><U78/><E35/><V90/><N who="2" m="31520" /><V124/><F116/><T117/><N who="0" m="31264" /><T70/><D32/><U2/><E2/><V45/><F110/><T52/><D0/><U64/><E128/><V61/><F1/><T46/><D105/><U72/><E64/><V115/><F115/><T130/><D130/><U107/><E112/><V118/><F118/><T111/><D111/><U47/><E47/><V125/><F45/><T104/><D104/><U37/><E37/><V69/><F42/><T84/><D75/><U135/><E135/><N who="2" m="51723" /><F69/><T73/><D73/><U102/><E99/><V38/><F38/><T131/><D131/><U34/><E34/><V40/><F40/><T126/><D117/><U48/><E48/><V120/><N who="2" m="30752" /><V43/><F43/><T80/><D92/><U91/><E91/><N who="2" m="34859" /><F58/><T36/><D36/><U59/><E59/><V119/><F119/><T108/><D108/><U66/><E66/><V68/><F68/><T100/><D70/><U114/><E114/><V109/><F109/><T77/><D65/><U129/><E129/><V97/><F97/><T49/><D39/><U56/><E56/><V87/><F87/><T132/><D85/><U95/><E74/><V106/><AGARI ba="1,0" hai="61,63,96,101,106,124,125,127" m="34859,30752,51723,31520" machi="106" ten="40,9000,2" yaku="5,1,18,1,20,1,52,2,54,1" doraHai="89" who="2" fromWho="2" sc="569,-31,467,-61,14,92,0,0" /><INIT seed="6,0,0,0,0,128" ten="538,406,106,0" oya="2" hai0="94,41,54,37,82,98,51,118,63,2,50,109,93" hai1="91,71,134,84,116,87,74,58,125,115,62,77,135" hai2="108,40,126,56,95,72,75,52,90,35,127,49,111" hai3=""/><V86/><F35/><T131/><D109/><N who="2" m="42058" /><F40/><T85/><D131/><U67/><E115/><V100/><F100/><T114/><D114/><U102/><E125/><AGARI ba="0,0" hai="49,52,56,72,75,86,90,95,125,126,127" m="42058" machi="125" ten="30,5800,0" yaku="18,1,10,1,54,1" doraHai="128" who="2" fromWho="1" sc="538,0,406,-58,106,58,0,0" /><INIT seed="6,1,0,3,5,104" ten="538,348,164,0" oya="2" hai0="66,78,134,131,53,57,113,82,102,72,93,48,34" hai1="88,133,115,32,111,126,68,101,54,103,117,49,75" hai2="37,122,119,46,3,60,0,100,58,56,91,50,43" hai3=""/><V128/><N who="2" m="31264" /><V120/><N who="2" m="30752" /><V59/><F119/><T47/><D34/><U62/><E32/><V33/><F33/><T42/><D134/><U61/><E75/><V95/><F100/><T105/><D113/><U1/><E1/><V116/><F116/><T135/><D135/><U41/><E133/><V74/><F128/><T73/><D66/><U44/><E117/><V106/><F106/><T71/><D71/><U114/><E111/><V124/><F124/><T36/><D131/><U110/><E110/><V81/><F60/><T51/><D93/><U39/><E126/><V45/><F74/><T97/><D73/><U77/><E77/><V38/><F81/><T69/><D69/><U83/><E68/><V92/><F92/><T109/><D109/><U65/><E65/><V90/><F90/><T85/><D72/><U108/><E108/><V80/><F80/><T98/><D98/><U118/><E118/><V86/><REACH who="2" step="1"/><F38/><REACH who="2" ten="538,348,154,0" step="2"/><T125/><D125/><U127/><E127/><V52/><AGARI ba="1,1" hai="0,3,37,43,45,46,50,52,56,58,59,86,91,95" m="30752,31264" machi="52" ten="30,12000,2" yaku="1,1,2,1,0,1,52,2,54,1,53,0" doraHai="104" doraHaiUra="99" who="2" fromWho="2" sc="538,-61,348,-61,154,132,0,0" /><INIT seed="6,2,0,1,2,133" ten="477,287,286,0" oya="2" hai0="71,35,124,134,91,102,2,70,75,101,94,121,97" hai1="135,88,115,66,112,99,62,56,68,47,117,119,74" hai2="80,92,40,132,95,77,110,48,34,118,111,123,55" hai3=""/><V116/><N who="2" m="31520" /><V52/><F34/><T51/><N who="0" m="31008" /><T0/><D35/><U83/><E135/><V63/><F132/><T126/><D134/><U84/><E74/><V106/><F106/><T46/><D75/><U50/><E99/><V72/><F40/><T128/><D128/><U53/><E68/><N who="0" m="26153" /><D101/><U100/><E100/><V32/><F63/><T81/><D91/><U59/><E59/><V60/><F60/><T129/><D81/><U125/><E125/><N who="0" m="48233" /><D129/><U130/><E130/><V114/><F32/><T39/><D39/><U87/><E87/><V44/><F55/><AGARI ba="2,0" hai="0,2,46,51,55,94,97,102" m="48233,26153,31008" machi="55" ten="30,8000,1" yaku="18,1,52,4" doraHai="133" who="0" fromWho="2" sc="477,84,287,0,286,-84,0,0" owari="561,51.0,287,-11.0,202,-40.0,0,0.0" /></mjloggm>