<mjloggm ver="2.3"><GO type="169" lobby="0"/><UN n0="%E3%81%8B%E3%81%8B%E3%81%8B%E3%81%8B" n1="%E5%A4%A9%E7%A5%9E%E9%B3%B3%E4%BD%8D" n2="%E3%83%8E%E3%82%AA%E3%83%81%E3%83%A3%E3%83%99%E3%82%B9" n3="%EF%BC%91%EF%BC%90%E9%80%A3%E3%82%AC%E3%83%81%E3%83%A3" dan="16,16,16,16" rate="2136.43,2127.50,2106.50,2082.73" sx="M,M,M,M"/><TAIKYOKU oya="0"/><INIT seed="0,0,0,1,4,85" ten="250,250,250,250" oya="0" hai0="98,15,6,35,119,104,103,60,100,11,5,128,78" hai1="0,115,30,107,94,40,64,68,19,41,76,71,82" hai2="4,124,26,50,20,101,62,28,38,77,83,109,9" hai3="67,134,10,36,24,116,47,135,49,126,70,7,133"/><T66/><D119/><U43/><E107/><V112/><F38/><W46/><G116/><T89/><D103/><U55/><E115/><V2/><F112/><W97/><G126/><T123/><D123/><U42/><E0/><V25/><F124/><W51/><G24/><T84/><D35/><U122/><E122/><V86/><F109/><W31/><G31/><T73/><D73/><U88/><E64/><V92/><F62/><N who="3" m="40311" /><G97/><T12/><D78/><U87/><E30/><V93/><F101/><W34/><G34/><T90/><D128/><U118/><E118/><V27/><F50/><N who="3" m="18955" /><G36/><T8/><D84/><U65/><E65/><V130/><F130/><W80/><G80/><T102/><REACH who="0" step="1"/><D100/><REACH who="0" ten="240,250,250,250" step="2"/><U39/><E39/><V21/><F27/><W79/><G79/><T53/><D53/><U117/><E117/><V58/><F58/><AGARI ba="0,1" hai="5,6,8,11,12,15,58,60,66,89,90,98,102,104" machi="58" ten="30,12000,1" yaku="1,1,7,1,9,1,52,2,53,0" doraHai="85" doraHaiUra="114" who="0" fromWho="2" sc="240,130,250,0,250,-120,250,0" /><INIT seed="0,1,0,3,1,129" ten="370,250,130,250" oya="0" hai0="6,41,132,125,74,92,130,37,27,113,86,34,60" hai1="83,4,12,29,89,72,109,49,106,101,118,17,122" hai2="114,62,32,94,13,84,124,58,46,16,54,77,9" hai3="119,111,0,38,73,116,66,11,33,5,117,99,35"/><T134/><D74/><U76/><E118/><V39/><F32/><W69/><G111/><T44/><D113/><U20/><E122/><V128/><F114/><W131/><G131/><T110/><D130/><U26/><E109/><V55/><F128/><W18/><G18/><T61/><D110/><U51/><E4/><V103/><F124/><W115/><G115/><T87/><D125/><U75/><E75/><V2/><F2/><W79/><G99/><T36/><D36/><U71/><E71/><V30/><F30/><W133/><G38/><T104/><D104/><U7/><E7/><V67/><F39/><W22/><G22/><T42/><D42/><U121/><E121/><V15/><F46/><W82/><G133/><N who="0" m="51307" /><D6/><U98/><E89/><V50/><F50/><W135/><REACH who="3" step="1"/><G135/><REACH who="3" ten="370,250,130,240" step="2"/><T31/><D87/><U53/><REACH who="1" step="1"/><E53/><REACH who="1" ten="370,240,130,240" step="2"/><V108/><F108/><W19/><G19/><T88/><AGARI ba="1,2" hai="27,31,34,37,41,44,60,61,86,88,92" m="51307" machi="88" ten="30,12000,1" yaku="20,1,52,3,54,1" doraHai="129" who="0" fromWho="0" sc="370,143,240,-41,130,-41,240,-41" /><INIT seed="0,2,0,3,3,41" ten="513,199,89,199" oya="0" hai0="50,120,112,42,30,6,90,11,65,16,23,15,55" hai1="43,119,104,46,128,101,63,52,72,114,62,1,49" hai2="86,83,44,78,29,25,10,69,12,38,118,94,61" hai3="89,126,8,74,96,125,117,91,5,121,28,85,36"/><T71/><D112/><U122/><E1/><V51/><F38/><W115/><G117/><T56/><D120/><U130/><E72/><V70/><F94/><W26/><G115/><T131/><D131/><N who="1" m="50219" /><E114/><V17/><F61/><W22/><G74/><T14/><D71/><U103/><E119/><V68/><F118/><W84/><G36/><T32/><D65/><U18/><E122/><V21/><REACH who="2" step="1"/><F70/><REACH who="2" ten="513,199,79,199" step="2"/><W59/><G121/><T75/><D75/><U20/><E104/><V47/><F47/><W111/><G111/><T9/><D32/><U0/><E0/><V105/><F105/><W24/><G59/><T7/><D42/><AGARI ba="2,1" hai="10,12,17,21,25,29,42,44,51,68,69,78,83,86" machi="42" ten="30,3900,0" yaku="1,1,7,1,52,1,53,0" doraHai="41" doraHaiUra="98" who="2" fromWho="0" sc="513,-45,199,0,79,55,199,0" /><INIT seed="1,0,0,4,1,92" ten="468,199,134,199" oya="1" hai0="74,88,30,98,9,125,2,52,50,134,118,58,64" hai1="55,94,111,66,27,106,28,44,108,133,96,42,89" hai2="80,129,119,73,5,76,90,26,114,18,63,53,77" hai3="126,48,13,67,128,35,97,75,59,7,8,130,82"/><U41/><E133/><V83/><F119/><W101/><G35/><T33/><D118/><U121/><E121/><V99/><F5/><W132/><G132/><T115/><D115/><U56/><E66/><V72/><F129/><W23/><G126/><T39/><D39/><U127/><E127/><V110/><F110/><N who="1" m="42025" /><E44/><V19/><F114/><W91/><G23/><T16/><D125/><U43/><E106/><V49/><F63/><W65/><G75/><T38/><D38/><U11/><E11/><V6/><F6/><W45/><G59/><N who="0" m="33175" /><D2/><U61/><E42/><V120/><F120/><W22/><G22/><AGARI ba="0,0" hai="22,27,28,41,43,55,56,61,89,94,96" m="42025" machi="22" ten="30,5800,0" yaku="14,1,10,1,52,1" doraHai="92" who="1" fromWho="3" sc="468,0,199,58,134,0,199,-58" /><INIT seed="1,1,0,2,0,78" ten="468,257,134,141" oya="1" hai0="108,89,119,120,105,72,101,1,49,88,31,66,106" hai1="76,22,133,135,123,70,0,35,92,33,46,91,30" hai2="98,23,28,85,48,45,12,75,134,131,19,99,80" hai3="67,65,3,110,127,43,34,116,41,71,118,73,24"/><U109/><E123/><V125/><F75/><W132/><G110/><T38/><D38/><U61/><E0/><V11/><F134/><N who="1" m="51209" /><E46/><V64/><F64/><W62/><G67/><T100/><D1/><U84/><E76/><V115/><F131/><W53/><G3/><T82/><D108/><U69/><E109/><V114/><F125/><W90/><G127/><T93/><D49/><U39/><E39/><V42/><F115/><W32/><G53/><T20/><D119/><U5/><E5/><V79/><F114/><W6/><G6/><T96/><D120/><U25/><E61/><V56/><F56/><W26/><G73/><T50/><D50/><U13/><E13/><V60/><F60/><W113/><G113/><T63/><D72/><U121/><E121/><V83/><F83/><W128/><G128/><T94/><D63/><U27/><E35/><V87/><F87/><W8/><G132/><T74/><D66/><U44/><E44/><V37/><F37/><W130/><G130/><T51/><D51/><U17/><AGARI ba="1,0" hai="17,22,25,27,30,33,69,70,84,91,92" m="51209" machi="17" ten="30,1500,0" yaku="20,1" doraHai="78" who="1" fromWho="1" sc="468,-6,257,18,134,-6,141,-6" /><INIT seed="1,2,0,2,3,84" ten="462,275,128,135" oya="1" hai0="78,98,59,113,27,32,116,105,72,130,17,93,43" hai1="47,29,92,3,1,81,102,126,7,66,111,31,60" hai2="115,56,25,123,99,82,40,119,16,107,61,112,87" hai3="35,128,46,80,64,33,53,41,24,15,91,74,48"/><U50/><E126/><V127/><F119/><W96/><G128/><T95/><D113/><N who="2" m="43594" /><F123/><W54/><G64/><T22/><D116/><U12/><E81/><V18/><F40/><W69/><G69/><T132/><D105/><U49/><E3/><V58/><F127/><W28/><G33/><T135/><D130/><U38/><E1/><V55/><F25/><W14/><G74/><T8/><D32/><U67/><E38/><V19/><F58/><W118/><G118/><T42/><D95/><U9/><E111/><V36/><F36/><W76/><G76/><T5/><D59/><N who="1" m="37151" /><E67/><V20/><F99/><W57/><G54/><T110/><D78/><U10/><E10/><V2/><F2/><W121/><G121/><T129/><D72/><U79/><E79/><N who="2" m="46559" /><F107/><W26/><G24/><T45/><D110/><U34/><E34/><V106/><F106/><W65/><G65/><T90/><D129/><U101/><E49/><V104/><F104/><W30/><G30/><N who="1" m="11274" /><E92/><V114/><N who="2" m="43602" /><V4/><DORA hai="131" /><F4/><W89/><G80/><T124/><D124/><U97/><E97/><V68/><F20/><W51/><REACH who="3" step="1"/><G96/><REACH who="3" ten="462,275,128,125" step="2"/><T122/><D122/><U94/><E94/><V39/><F68/><W83/><G83/><T52/><D93/><U100/><E101/><V71/><F71/><W21/><G21/><T134/><D98/><U62/><E100/><V63/><F63/><W75/><G75/><T23/><D27/><U44/><E102/><V103/><F103/><W0/><G0/><T77/><D22/><U13/><E62/><V125/><F125/><W11/><G11/><RYUUKYOKU ba="2,1" sc="462,-15,275,-15,128,15,125,15" hai2="16,18,19,39,55,56,61" hai3="14,15,26,28,35,41,46,48,51,53,57,89,91" /><INIT seed="2,3,1,0,4,43" ten="447,260,143,140" oya="2" hai0="29,37,97,126,41,19,112,116,46,111,67,94,51" hai1="75,63,115,33,38,102,8,105,45,23,27,91,127" hai2="14,39,93,66,80,129,5,68,85,121,99,122,117" hai3="50,133,24,104,34,78,0,90,119,53,132,89,16"/><V76/><F117/><W103/><G0/><T108/><D126/><U54/><E115/><V109/><F39/><W131/><G34/><T74/><D112/><U92/><E127/><V125/><F125/><W113/><G113/><T52/><D116/><U73/><E33/><V135/><F66/><W31/><G31/><T18/><D74/><U69/><E8/><V84/><F68/><W60/><G60/><T77/><D77/><U12/><E12/><V7/><F129/><W26/><G78/><T25/><D67/><U61/><E69/><V86/><F135/><N who="3" m="51787" /><G131/><T124/><D124/><U81/><E102/><V22/><F109/><N who="0" m="42058" /><D25/><U13/><E13/><V3/><F3/><W83/><G26/><T70/><D29/><U100/><E100/><N who="2" m="60527" /><F122/><W120/><G83/><T4/><D4/><N who="2" m="1610" /><F121/><W56/><G120/><T82/><D82/><U110/><E81/><V123/><F123/><W15/><G24/><T30/><D30/><U10/><E27/><V1/><F1/><W47/><G119/><T64/><D64/><U106/><E110/><V114/><F114/><W32/><G32/><T35/><D35/><U107/><E73/><V57/><F57/><W55/><G103/><N who="0" m="60855" /><D70/><U101/><E75/><V88/><F76/><W36/><G104/><T96/><D96/><U79/><E105/><V134/><F134/><W6/><G6/><T21/><D21/><U58/><E23/><V9/><F22/><N who="3" m="11551" /><G36/><T17/><D37/><U49/><E38/><V98/><F98/><W48/><AGARI ba="3,1" hai="47,48,50,53,55,56,89,90" m="11551,51787" machi="48" ten="30,4000,0" yaku="20,1,52,1,54,1" doraHai="43" who="3" fromWho="3" sc="447,-13,260,-13,143,-23,140,59" /><INIT seed="3,0,0,1,4,128" ten="434,247,120,199" oya="3" hai0="75,91,83,6,3,129,69,78,17,112,131,76,43" hai1="4,42,1,33,119,89,126,108,95,100,13,133,23" hai2="87,123,84,28,56,66,52,94,12,120,41,103,93" hai3="90,20,121,102,50,99,88,34,68,60,82,130,2"/><W0/><G121/><N who="2" m="46665" /><F41/><W24/><G130/><N who="0" m="49675" /><D76/><U97/><E33/><V117/><F66/><W107/><G50/><T92/><D69/><U30/><E108/><V125/><F28/><W61/><G90/><T62/><D62/><U134/><E126/><V21/><F125/><W72/><G60/><T22/><D43/><U19/><E119/><V47/><F47/><W32/><G34/><T73/><D112/><U106/><E30/><V45/><F45/><W40/><G40/><T10/><D83/><U105/><E42/><V109/><F109/><W59/><G32/><T5/><D5/><U113/><E113/><V14/><F117/><W122/><G68/><T55/><D55/><U15/><E1/><V9/><F21/><W63/><G63/><T46/><D46/><U65/><E65/><V77/><F77/><W70/><G70/><T27/><D78/><U118/><E118/><V111/><F111/><W26/><G72/><T101/><D101/><U127/><E127/><V115/><F115/><W8/><G8/><T104/><D104/><U31/><E31/><V79/><F79/><W81/><G122/><T132/><D73/><U25/><E106/><V110/><F110/><W114/><G107/><T38/><D38/><U80/><E80/><V71/><F71/><W58/><G82/><T11/><D11/><U18/><E4/><N who="2" m="3111" /><F14/><W86/><G114/><T85/><D75/><U16/><E15/><V39/><F39/><W135/><G0/><T36/><D36/><U124/><E124/><V49/><F103/><W67/><G102/><T44/><D44/><U54/><E100/><RYUUKYOKU ba="0,0" sc="434,15,247,-15,120,15,199,-15" hai0="3,6,10,17,22,27,85,91,92,132" hai2="49,52,56,84,87,93,94" /><INIT seed="4,1,0,5,0,41" ten="449,232,135,184" oya="0" hai0="58,124,116,81,65,135,84,131,89,48,123,102,100" hai1="68,55,104,14,40,30,77,3,87,128,103,59,67" hai2="92,26,13,27,98,88,133,32,134,63,2,50,21" hai3="74,37,126,29,38,15,16,11,73,121,12,28,33"/><T43/><D123/><U85/><E3/><V105/><F2/><W72/><G121/><T82/><D116/><U36/><E30/><V4/><F32/><W114/><G114/><T39/><D39/><U42/><E128/><V51/><F105/><W108/><G108/><T8/><D124/><U86/><E77/><V120/><F120/><W69/><G69/><T132/><D131/><U107/><E14/><V80/><F80/><W18/><G126/><T94/><D8/><U66/><E103/><V129/><F129/><W117/><G117/><T56/><D81/><U130/><E130/><V113/><F113/><W49/><G49/><T76/><D132/><N who="2" m="50794" /><F63/><W62/><G62/><N who="0" m="38087" /><D135/><U20/><E68/><V17/><F4/><W71/><G71/><T19/><D19/><U110/><E104/><V52/><F51/><W95/><G95/><T35/><D35/><U47/><E107/><V53/><F53/><W61/><G61/><T24/><D43/><U0/><E42/><V44/><AGARI ba="1,0" hai="13,17,21,26,27,44,50,52,88,92,98" m="50794" machi="44" ten="30,7900,0" yaku="20,1,52,1,54,2" doraHai="41" who="2" fromWho="2" sc="449,-40,232,-21,135,82,184,-21" /><INIT seed="5,0,0,5,2,18" ten="409,211,217,163" oya="1" hai0="32,130,105,113,120,19,103,133,96,119,45,91,76" hai1="110,80,118,34,36,101,24,61,69,30,71,43,92" hai2="33,56,124,54,86,132,123,82,116,121,14,115,12" hai3="23,55,104,94,8,75,134,131,3,93,109,102,60"/><U72/><E118/><V10/><F33/><W0/><G109/><T20/><D32/><U122/><E122/><V35/><F35/><W68/><G75/><T1/><D119/><U59/><E110/><V74/><F74/><W84/><G134/><T129/><D113/><U135/><E135/><V26/><F132/><W11/><G104/><T88/><D1/><U22/><E34/><V128/><F116/><W7/><G84/><T27/><D133/><U6/><E6/><V49/><F14/><W85/><G85/><T97/><D120/><U2/><E2/><V9/><F9/><W114/><G114/><T52/><D76/><U53/><E80/><V16/><F115/><W64/><G55/><T81/><D81/><U95/><E72/><V89/><F128/><N who="0" m="49258" /><D97/><U100/><E43/><V38/><F38/><W99/><G131/><T4/><D4/><U126/><E36/><V17/><REACH who="2" step="1"/><F124/><REACH who="2" ten="409,211,207,163" step="2"/><W40/><G0/><T37/><D37/><U108/><E126/><V57/><F57/><W127/><G127/><T58/><D45/><U98/><E108/><V29/><F29/><W111/><G111/><T50/><AGARI ba="0,1" hai="19,20,27,50,52,58,88,91,96,103,105" m="49258" machi="50" ten="30,7900,0" yaku="19,1,52,1,54,2" doraHai="18" who="0" fromWho="0" sc="409,89,211,-39,207,-20,163,-20" /><INIT seed="6,0,0,5,4,78" ten="498,172,187,143" oya="2" hai0="57,38,41,111,33,92,74,126,84,107,51,81,19" hai1="30,132,113,122,118,23,83,133,39,94,73,50,117" hai2="61,114,95,130,35,28,55,85,17,58,108,54,100" hai3="76,59,2,116,45,75,123,127,65,109,119,8,91"/><V27/><F114/><W21/><G123/><T68/><D111/><U9/><E39/><V90/><F108/><W24/><G109/><T43/><D107/><U134/><E113/><V103/><F130/><W97/><G127/><T102/><D68/><U105/><E105/><V121/><F121/><W7/><G45/><T128/><D74/><U106/><E106/><V87/><F17/><W40/><G40/><T29/><D38/><U64/><E122/><V98/><F55/><W32/><G32/><T56/><D33/><U18/><E64/><V88/><REACH who="2" step="1"/><F98/><REACH who="2" ten="498,172,177,143" step="2"/><W16/><G97/><N who="0" m="59687" /><D19/><U63/><E18/><V124/><F124/><W5/><G5/><T22/><D128/><U82/><E117/><V3/><F3/><W53/><G65/><T49/><D126/><U31/><E118/><V72/><F72/><W89/><G116/><T34/><D41/><U69/><E73/><V112/><F112/><W67/><G67/><T20/><D43/><U129/><E129/><V77/><F77/><W131/><G119/><T96/><D96/><U44/><E132/><V135/><F135/><W6/><G6/><T110/><D110/><U125/><E125/><V10/><F10/><W25/><G131/><T0/><D0/><U36/><E9/><V12/><F12/><W99/><G99/><T93/><D29/><U60/><E30/><V37/><F37/><W86/><G75/><T101/><D101/><U70/><E36/><V62/><F62/><N who="3" m="36207" /><G25/><T42/><D42/><U80/><E133/><V48/><F48/><W104/><G104/><T4/><D49/><U79/><E134/><RYUUKYOKU ba="0,1" sc="498,-15,172,-15,177,15,143,15" hai2="27,28,35,54,58,61,85,87,88,90,95,100,103" hai3="2,7,8,16,21,24,76,86,89,91" /><INIT seed="6,1,1,4,4,11" ten="483,157,192,158" oya="2" hai0="9,55,101,126,86,76,43,52,48,4,107,30,25" hai1="2,87,65,117,115,111,63,123,47,0,103,132,41" hai2="42,96,13,28,44,20,34,8,5,1,81,67,35" hai3="70,27,80,21,99,7,116,131,17,133,60,19,97"/><V129/><F129/><W119/><G131/><T85/><D126/><U105/><E111/><V53/><F67/><W88/><G133/><T90/><D76/><U22/><E117/><V98/><F53/><W124/><G124/><T32/><D43/><U46/><E132/><V57/><F57/><W95/><G7/><T61/><D61/><U54/><E115/><V130/><F130/><W128/><G128/><T6/><D6/><U38/><E87/><V18/><F81/><W10/><G80/><T23/><D107/><U121/><E22/><V109/><F109/><W82/><G82/><T104/><D55/><U3/><E105/><V49/><F35/><W108/><G99/><T91/><D32/><U29/><E29/><V83/><F83/><W59/><G70/><T125/><D125/><U62/><E103/><V16/><F18/><W71/><G71/><T64/><D101/><U122/><REACH who="1" step="1"/><E65/><REACH who="1" ten="483,147,192,158" step="2"/><V50/><F50/><AGARI ba="1,2" hai="0,2,3,38,41,46,47,50,54,62,63,121,122,123" machi="50" ten="50,6400,0" yaku="1,1,2,1,13,1,53,0" doraHai="11" doraHaiUra="114" who="1" fromWho="2" sc="483,0,147,87,192,-67,158,0" /><INIT seed="7,0,0,5,3,129" ten="483,234,125,158" oya="3" hai0="121,48,20,96,21,62,24,3,78,52,15,84,61" hai1="123,126,82,36,55,27,12,7,22,60,47,133,105" hai2="11,77,69,90,113,65,16,99,44,54,104,118,58" hai3="107,4,94,53,56,86,116,114,2,64,50,41,19"/><W103/><G116/><T81/><D3/><U46/><E105/><V125/><F118/><W1/><G114/><T87/><D121/><U35/><E35/><V95/><F113/><W97/><G41/><T28/><D96/><U131/><E36/><V66/><F69/><W72/><G4/><T93/><D93/><U124/><E123/><V91/><F125/><N who="1" m="48233" /><E133/><V85/><F77/><W59/><G72/><T110/><D87/><U74/><E131/><V112/><F112/><W70/><G70/><T10/><D20/><U23/><E60/><V120/><F120/><W34/><G34/><T83/><D83/><U127/><E127/><V88/><F104/><W25/><G59/><N who="0" m="33159" /><D110/><U108/><E108/><V135/><F135/><W73/><G64/><N who="2" m="24681" /><F44/><W13/><G73/><T17/><AGARI ba="0,0" hai="10,15,17,21,24,28,61,62,78,81,84" m="33159" machi="17" ten="30,2000,0" yaku="8,1,54,1" doraHai="129" who="0" fromWho="0" sc="483,20,234,-5,125,-5,158,-10" owari="503,60.0,229,3.0,120,-38.0,148,-25.0" /></mjloggm>