<mjloggm ver="2.3"><GO type="169" lobby="0"/><UN n0="%E3%83%8F%E3%82%BF%E3%83%A2%E3%83%88%E3%83%92%E3%83%AD" n1="%E3%81%82%E3%81%8A%E3%81%8D%E3%82%93%E3%81%90" n2="%E6%87%90%E3%81%8F%E5%AE%B6%E7%95%9C" n3="%4D%61%74%75%75%72%61" dan="17,16,16,17" rate="2141.43,2097.83,2109.56,2200.34" sx="M,M,M,M"/><TAIKYOKU oya="0"/><INIT seed="0,0,0,1,1,49" ten="250,250,250,250" oya="0" hai0="10,73,108,97,51,82,37,72,22,76,124,89,105" hai1="25,15,30,66,75,41,91,95,96,19,6,3,5" hai2="47,8,17,56,135,61,23,111,81,0,94,12,65" hai3="18,57,39,13,125,114,50,84,78,20,130,134,128"/><T74/><D37/><U11/><E75/><N who="0" m="28745" /><D22/><U2/><E41/><V101/><F135/><W32/><G32/><T48/><D10/><U122/><E122/><V27/><F0/><W118/><G118/><T112/><D48/><U43/><E43/><V24/><F111/><W115/><G39/><T70/><D51/><U55/><E66/><V120/><F120/><W85/><G134/><T44/><D44/><U77/><E77/><V126/><F126/><W28/><G28/><T16/><D16/><U103/><E103/><V90/><F81/><W87/><G78/><T80/><D70/><U119/><E119/><V9/><F101/><W31/><G31/><T60/><D60/><U53/><E3/><V83/><F83/><W71/><G71/><T127/><D112/><U4/><REACH who="1" step="1"/><E2/><REACH who="1" ten="250,240,250,250" step="2"/><V7/><F47/><W46/><G46/><T35/><D108/><U117/><E117/><V116/><F116/><W110/><G110/><T133/><D133/><U106/><E106/><V64/><F8/><W104/><G104/><T102/><D35/><AGARI ba="0,1" hai="4,5,6,11,15,19,25,30,35,53,55,91,95,96" machi="35" ten="40,5200,0" yaku="1,1,52,2,53,0" doraHai="49" doraHaiUra="121" who="1" fromWho="0" sc="250,-52,240,62,250,0,250,0" /><INIT seed="1,0,0,4,1,11" ten="198,302,250,250" oya="1" hai0="10,113,60,23,97,19,126,94,122,47,121,49,31" hai1="74,54,5,73,45,135,25,98,12,64,27,50,69" hai2="107,53,55,89,16,134,15,32,30,28,65,48,34" hai3="91,61,18,110,100,68,111,93,70,80,106,21,8"/><U33/><E135/><V90/><F65/><W44/><G106/><T37/><D37/><U17/><E5/><V1/><F1/><W77/><G100/><T75/><D75/><U130/><E130/><V71/><F71/><W114/><G114/><T39/><D39/><U109/><E74/><V133/><F107/><W3/><G44/><T112/><D31/><U103/><E73/><V13/><F48/><W9/><G80/><T76/><D76/><U4/><E4/><V132/><F134/><W119/><G77/><T79/><D79/><U40/><E40/><V0/><F0/><W58/><G68/><T83/><D83/><U115/><E115/><V51/><F51/><W92/><G92/><T96/><D10/><U66/><E33/><V104/><F104/><W38/><G70/><T67/><D126/><U120/><E120/><N who="0" m="46185" /><D97/><U24/><E69/><V72/><F72/><W82/><G82/><T88/><D60/><U125/><E125/><V81/><F81/><W35/><G35/><T123/><D67/><U57/><E45/><V127/><REACH who="2" step="1"/><F16/><REACH who="2" ten="198,302,240,250" step="2"/><W52/><G38/><T26/><N who="0" m="46193" /><T22/><DORA hai="29" /><D22/><U46/><E17/><V85/><F85/><N who="3" m="52463" /><G3/><T108/><D108/><N who="3" m="41513" /><G9/><T43/><AGARI ba="0,1" hai="19,23,26,43,47,49,88,94,96,112,113" m="46193" machi="43" ten="40,2700,0" yaku="13,1,54,1" doraHai="11,29" who="0" fromWho="0" sc="198,37,302,-13,240,-7,250,-7" /><INIT seed="2,0,0,1,3,7" ten="235,289,233,243" oya="2" hai0="101,127,64,125,85,99,3,88,59,98,33,91,42" hai1="2,10,94,14,26,124,118,104,90,114,133,0,56" hai2="18,29,30,12,92,13,54,82,44,100,40,131,19" hai3="120,134,9,5,108,20,58,24,78,23,41,73,21"/><V115/><F115/><W35/><G120/><T37/><D3/><U66/><E114/><V112/><F112/><W113/><G113/><T45/><D33/><U43/><E118/><V55/><F131/><W1/><G41/><T122/><D122/><U132/><E104/><V34/><F34/><W123/><G123/><T81/><D91/><U69/><E69/><V102/><F82/><W129/><G78/><T36/><D36/><U62/><E26/><V22/><F40/><W117/><G73/><T128/><D128/><U80/><E80/><V111/><F111/><W121/><G121/><T126/><D101/><U39/><E43/><V51/><F55/><W4/><G58/><T77/><D77/><U47/><E47/><V89/><F102/><W119/><G129/><T103/><D103/><U130/><E39/><V87/><REACH who="2" step="1"/><F100/><REACH who="2" ten="235,289,223,243" step="2"/><W93/><G108/><T15/><D64/><U27/><E130/><V63/><F63/><W53/><G53/><T68/><D125/><U31/><E124/><V67/><F67/><W84/><G35/><T105/><D127/><U107/><E66/><V60/><F60/><W61/><G61/><T135/><D126/><U32/><E62/><V106/><F106/><W95/><G117/><T83/><D68/><U16/><E107/><V11/><AGARI ba="0,1" hai="11,12,13,18,19,22,29,30,44,51,54,87,89,92" machi="11" ten="20,12000,1" yaku="1,1,0,1,7,1,8,1,52,1,53,0" doraHai="7" doraHaiUra="76" who="2" fromWho="2" sc="235,-40,289,-40,223,130,243,-40" /><INIT seed="2,1,0,4,4,41" ten="195,249,353,203" oya="2" hai0="134,75,96,90,39,108,80,110,79,47,57,43,28" hai1="56,128,45,102,100,26,9,97,112,11,21,5,119" hai2="46,69,125,101,104,85,91,70,60,22,116,77,133" hai3="122,17,58,130,23,32,89,114,62,31,76,123,55"/><V127/><F116/><W64/><G130/><T98/><D134/><U68/><E128/><V83/><F133/><W71/><G114/><T24/><D57/><U15/><E119/><V6/><F6/><W35/><G76/><T82/><D82/><U34/><E68/><V67/><F70/><W115/><G115/><T129/><D129/><U30/><E112/><V61/><F61/><W81/><G31/><T3/><D3/><U113/><E113/><V74/><F22/><W117/><G117/><T37/><D37/><U27/><E56/><V120/><F120/><W126/><G126/><N who="2" m="48137" /><F104/><W84/><G32/><T87/><D75/><U124/><E124/><V50/><F101/><W111/><G35/><T36/><D36/><U38/><E11/><V1/><F1/><W95/><G81/><T25/><D79/><U54/><E97/><V59/><F69/><W14/><REACH who="3" step="1"/><G111/><REACH who="3" ten="195,249,353,193" step="2"/><N who="0" m="42539" /><D24/><U52/><E27/><V72/><F77/><W40/><G40/><AGARI ba="1,1" hai="40,46,50,59,60,67,72,74,83,85,91" m="48137" machi="40" ten="30,2900,0" yaku="18,1,52,1" doraHai="41" who="2" fromWho="3" sc="195,0,249,0,353,42,193,-32" /><INIT seed="2,2,0,4,1,1" ten="195,249,395,161" oya="2" hai0="19,37,39,122,20,51,50,53,32,131,99,129,61" hai1="135,43,56,10,121,55,27,67,110,123,44,91,130" hai2="127,62,115,18,31,59,95,94,3,71,79,4,13" hai3="63,106,23,34,41,57,6,107,85,66,5,28,125"/><V48/><F115/><W77/><G34/><T12/><D122/><U98/><E27/><V104/><F104/><W102/><G106/><T124/><D32/><U81/><E67/><V40/><F71/><W112/><G112/><T47/><D124/><U68/><E68/><V16/><F3/><W36/><G125/><T73/><D61/><U29/><E29/><V60/><F127/><W76/><G36/><T90/><D73/><U42/><E42/><V24/><F79/><N who="3" m="30283" /><G107/><T134/><D134/><U35/><E98/><V33/><F60/><W100/><G85/><T75/><D75/><U108/><E81/><V80/><F80/><W120/><G41/><T2/><D2/><U17/><E43/><V52/><F18/><W113/><G120/><T64/><D64/><U21/><E17/><V14/><F14/><W49/><G49/><T46/><D90/><U133/><E91/><V54/><F40/><W25/><G113/><T128/><D99/><U22/><E35/><V0/><F0/><W8/><G8/><T87/><D87/><U132/><E121/><V72/><F72/><W11/><G11/><T119/><D119/><U111/><E123/><V9/><F16/><W70/><G70/><T101/><D101/><AGARI ba="2,0" hai="5,6,23,25,28,57,63,66,100,101,102" m="30283" machi="101" ten="30,3900,0" yaku="8,1,52,2" doraHai="1" who="3" fromWho="0" sc="195,-45,249,0,395,0,161,45" /><INIT seed="3,0,0,2,2,97" ten="150,249,395,206" oya="3" hai0="58,95,98,40,107,72,103,64,123,55,18,101,85" hai1="88,68,31,127,13,132,93,8,65,11,29,92,37" hai2="105,46,121,112,133,102,53,99,0,71,49,45,134" hai3="25,116,16,126,22,14,130,79,120,70,61,41,51"/><W131/><G120/><T106/><D72/><U7/><E37/><V82/><F0/><W118/><G79/><T84/><D123/><U100/><E127/><V54/><F71/><W39/><G39/><T35/><D35/><U32/><E132/><N who="2" m="50795" /><F121/><W2/><G2/><T87/><D64/><U19/><E32/><V62/><F112/><W60/><G126/><T33/><D33/><U111/><E111/><V28/><F28/><W47/><G25/><T66/><D66/><U56/><E68/><V26/><F26/><W21/><G21/><T6/><D40/><U12/><E56/><N who="2" m="35095" /><F82/><W5/><G5/><T23/><D6/><U10/><E10/><V50/><F50/><W20/><G20/><T124/><D124/><U3/><E65/><V73/><F73/><W90/><G70/><T83/><D83/><U129/><E129/><N who="3" m="49162" /><G90/><N who="0" m="55671" /><D107/><U74/><E74/><V119/><F119/><AGARI ba="0,0" hai="14,16,22,41,47,51,60,61,116,118,119" m="49162" machi="119" ten="30,2900,0" yaku="19,1,54,1" doraHai="97" who="3" fromWho="2" sc="150,0,249,0,395,-29,206,29" /><INIT seed="3,1,0,3,3,57" ten="150,249,366,235" oya="3" hai0="47,131,17,29,0,24,96,37,106,118,94,33,6" hai1="62,99,107,12,44,39,124,64,117,34,14,63,95" hai2="68,20,102,53,79,31,60,75,89,52,7,120,126" hai3="109,123,100,81,116,77,42,119,48,85,115,21,1"/><W130/><G1/><T111/><D118/><U132/><E107/><V40/><F120/><W82/><G123/><T59/><D111/><U49/><E34/><V129/><F126/><W43/><G115/><T51/><D106/><U84/><E39/><V5/><F129/><W72/><G130/><T8/><D131/><U91/><E124/><V15/><F102/><W50/><G100/><T78/><D37/><U32/><E32/><V74/><F40/><W92/><G92/><T4/><D78/><U3/><E3/><V103/><F103/><W101/><G101/><T121/><D121/><U13/><E117/><V73/><F79/><W61/><G109/><T69/><D69/><U10/><E64/><V66/><F89/><W133/><G21/><T28/><D96/><U87/><E10/><V2/><F2/><W16/><G133/><T88/><D28/><U80/><E132/><V55/><F15/><W30/><G30/><T35/><D6/><U11/><E11/><V128/><F128/><W83/><G83/><T71/><D71/><U46/><E46/><V27/><AGARI ba="1,0" hai="5,7,20,27,31,52,53,55,60,66,68,73,74,75" machi="27" ten="40,5200,0" yaku="0,1,52,1,54,1" doraHai="57" who="2" fromWho="2" sc="150,-14,249,-14,366,55,235,-27" /><INIT seed="4,0,0,4,1,15" ten="136,235,421,208" oya="0" hai0="80,102,122,120,4,132,89,33,61,38,28,97,84" hai1="100,130,128,99,48,18,57,118,111,11,109,81,0" hai2="119,69,40,113,79,30,51,60,12,26,9,85,55" hai3="56,76,104,105,27,19,103,7,65,86,75,68,133"/><T31/><D38/><U23/><E118/><V135/><F119/><W121/><G68/><T1/><D132/><U13/><E81/><V117/><F117/><W21/><G75/><T41/><D41/><U78/><E78/><V127/><F135/><W50/><G121/><T59/><D122/><U8/><E8/><V114/><F127/><W66/><G7/><T82/><D120/><U53/><E0/><V32/><F40/><W98/><G104/><T123/><D123/><U22/><E23/><V108/><F108/><W101/><G101/><T17/><D82/><U73/><E73/><V24/><F24/><W14/><G133/><T77/><D77/><U67/><E67/><V58/><F85/><W3/><G3/><T5/><D1/><U134/><E134/><V74/><F79/><W39/><G39/><T112/><D112/><N who="2" m="43114" /><F74/><W95/><G27/><T94/><D17/><U83/><E111/><V10/><F12/><W115/><G115/><T90/><D102/><U42/><E100/><V125/><F125/><W63/><G105/><T20/><D33/><U37/><E42/><V88/><F88/><W92/><G76/><T43/><D43/><U6/><E37/><V52/><F69/><W45/><G86/><T93/><D80/><U25/><E83/><V2/><F2/><W107/><G107/><T106/><D106/><U129/><E109/><V29/><F30/><N who="0" m="11306" /><D20/><U36/><E36/><V71/><F71/><W46/><G103/><T87/><D87/><U96/><AGARI ba="0,0" hai="6,11,13,18,22,25,48,53,57,96,99,128,129,130" machi="96" ten="40,5200,0" yaku="0,1,19,1,52,1" doraHai="15" who="1" fromWho="1" sc="136,-26,235,52,421,-13,208,-13" /><INIT seed="5,0,0,1,4,60" ten="110,287,408,195" oya="1" hai0="5,47,130,31,78,93,132,18,6,15,70,115,126" hai1="90,46,19,127,73,42,81,43,20,131,52,97,63" hai2="4,102,128,91,71,84,104,76,34,134,120,113,49" hai3="98,83,50,87,108,74,92,85,121,68,33,35,38"/><U66/><E127/><V30/><F120/><W62/><G38/><T65/><D126/><U123/><E131/><V88/><F71/><W56/><G108/><T101/><D130/><U125/><E125/><V54/><F128/><W100/><G121/><T55/><D132/><U112/><E112/><V53/><F134/><W37/><G37/><T0/><D115/><U133/><E133/><V59/><F113/><W79/><G68/><T41/><D0/><U72/><E123/><V57/><F4/><W14/><G50/><T117/><D117/><U129/><E129/><V80/><F104/><W16/><G33/><T39/><D55/><U28/><E28/><V124/><F124/><W11/><REACH who="3" step="1"/><G35/><REACH who="3" ten="110,287,408,185" step="2"/><T29/><D78/><N who="1" m="44231" /><E42/><V32/><F32/><W96/><G96/><T69/><D69/><U114/><E97/><V103/><F34/><W51/><G51/><T110/><D110/><U13/><E43/><V40/><F40/><W89/><G89/><T36/><D36/><U61/><E90/><V99/><F91/><W48/><G48/><T8/><D101/><U86/><E114/><V2/><F103/><W67/><AGARI ba="0,1" hai="11,14,16,56,62,67,74,79,83,85,87,92,98,100" machi="67" ten="20,12000,2" yaku="1,1,0,1,7,1,52,1,54,1,53,1" doraHai="60" doraHaiUra="105" who="3" fromWho="3" sc="110,-30,287,-60,408,-30,185,130" /><INIT seed="6,0,0,4,0,104" ten="80,227,378,315" oya="2" hai0="65,86,58,71,34,97,51,12,61,44,78,110,115" hai1="64,49,85,62,124,42,37,11,102,81,76,127,114" hai2="117,116,83,15,113,80,7,46,95,30,133,128,91" hai3="60,54,125,89,33,73,57,47,43,14,118,74,53"/><V21/><F128/><W48/><G118/><T79/><D110/><U94/><E114/><V119/><F133/><W40/><G33/><T121/><D121/><U45/><E37/><V56/><F113/><W17/><G125/><T100/><D115/><U4/><E102/><V109/><F109/><W67/><G43/><T122/><D122/><U96/><E94/><V38/><F38/><W130/><G130/><T23/><D86/><U59/><REACH who="1" step="1"/><E96/><REACH who="1" ten="80,217,378,315" step="2"/><V132/><F119/><W24/><G24/><T28/><D12/><AGARI ba="0,1" hai="4,11,12,42,45,49,59,62,64,76,81,85,124,127" machi="12" ten="40,8000,1" yaku="1,1,2,1,25,2,53,0" doraHai="104" doraHaiUra="129" who="1" fromWho="0" sc="80,-80,217,90,378,0,315,0" /><INIT seed="7,0,0,2,0,83" ten="0,307,378,315" oya="3" hai0="50,108,63,1,44,106,72,71,86,68,11,35,104" hai1="126,125,84,41,69,73,87,88,2,28,85,21,65" hai2="17,113,75,95,7,40,30,23,80,0,6,64,25" hai3="43,111,39,128,121,4,26,22,97,120,101,49,115"/><W42/><G39/><T37/><D86/><N who="1" m="33387" /><E2/><V27/><F113/><W24/><G115/><T60/><D50/><U105/><E105/><V118/><F40/><W31/><G111/><T99/><D44/><U16/><E73/><V114/><F114/><W54/><G128/><T77/><D77/><U93/><E69/><V130/><F130/><W82/><G82/><T20/><D20/><U92/><E41/><V110/><F110/><W46/><G4/><T90/><D99/><U59/><E28/><V91/><F7/><W19/><G120/><T12/><D12/><N who="1" m="9351" /><E126/><V102/><F0/><W131/><G131/><T124/><D11/><U56/><E125/><V100/><F75/><W132/><G132/><T66/><D90/><N who="1" m="53343" /><E65/><V47/><F64/><W129/><G129/><T9/><D9/><U57/><E93/><V15/><F95/><W94/><REACH who="3" step="1"/><G121/><REACH who="3" ten="0,307,378,305" step="2"/><T61/><D37/><U70/><E70/><V32/><F80/><W36/><G36/><T52/><D108/><U112/><E112/><V127/><F127/><W62/><G62/><T67/><D124/><U29/><E29/><V53/><F30/><W119/><G119/><T55/><D72/><U13/><E88/><V135/><F91/><W78/><G78/><T122/><D63/><U14/><AGARI ba="0,1" hai="13,14,56,57,59" m="53343,9351,33387" machi="14" ten="30,12000,2" yaku="8,1,52,4,54,1" doraHai="83" who="1" fromWho="1" sc="0,-30,307,130,378,-30,305,-60" owari="-30,-53.0,437,53.0,348,15.0,245,-15.0" /></mjloggm>