<mjloggm ver="2.3"><GO type="169" lobby="0"/><UN n0="%E3%81%8A%E3%81%8A%E3%81%8F%E3%81%95" n1="%E3%81%AB%E3%81%A3%E3%81%A1%E3%82%87" n2="%E3%81%98%E3%81%98%E3%81%84%E3%81%8C%E5%91%BC%E3%82%93%E3%81%A0" n3="%E8%83%83%E3%81%A8%E8%85%B8" dan="17,17,16,18" rate="2219.23,2155.77,2088.55,2200.82" sx="M,M,M,M"/><TAIKYOKU oya="0"/><INIT seed="0,0,0,1,4,97" ten="250,250,250,250" oya="0" hai0="47,85,22,126,115,110,94,131,54,10,78,92,46" hai1="16,42,105,3,83,55,33,51,26,104,37,9,57" hai2="112,21,41,91,66,36,62,90,1,5,117,32,129" hai3="108,72,61,82,124,109,15,130,96,65,28,30,68"/><T20/><D115/><U93/><E83/><V40/><F112/><W106/><G124/><T13/><D126/><U84/><E37/><V59/><F32/><W116/><G116/><T4/><D131/><U23/><E33/><V95/><F117/><W86/><G72/><T89/><D78/><U2/><E42/><V53/><F129/><W49/><G130/><T29/><D110/><U24/><E26/><V8/><F90/><W34/><G49/><T44/><D29/><U75/><E75/><V125/><F125/><W70/><G70/><T11/><D11/><U122/><E122/><V14/><F36/><W67/><G67/><T107/><D107/><U127/><E127/><V114/><F114/><W18/><G28/><T50/><REACH who="0" step="1"/><D94/><REACH who="0" ten="240,250,250,250" step="2"/><U35/><E105/><V121/><F121/><W31/><G31/><T6/><D6/><U98/><E9/><V48/><F1/><W60/><G108/><T120/><D120/><U17/><E17/><V63/><F21/><AGARI ba="0,1" hai="4,10,13,20,21,22,44,46,47,50,54,85,89,92" machi="21" ten="40,7700,0" yaku="1,1,8,1,53,1" doraHai="97" doraHaiUra="87" who="0" fromWho="2" sc="240,87,250,0,250,-77,250,0" /><INIT seed="0,1,0,2,0,38" ten="327,250,173,250" oya="0" hai0="80,43,105,130,20,33,86,87,11,35,91,18,12" hai1="94,76,116,3,54,123,22,82,83,118,37,70,134" hai2="53,95,21,113,24,52,135,45,124,10,8,34,19" hai3="63,69,42,104,84,59,110,65,25,26,17,44,41"/><T29/><D105/><U75/><E123/><V39/><F113/><W0/><G110/><T30/><D130/><U67/><E134/><V15/><F135/><W2/><G104/><T101/><D101/><U64/><E94/><V13/><F124/><W79/><G69/><T4/><D43/><N who="3" m="16393" /><G0/><T36/><D36/><U96/><E3/><V88/><F39/><W120/><G2/><T81/><D35/><U131/><E37/><V126/><F126/><W32/><G32/><T128/><D128/><U50/><E131/><V125/><F125/><W111/><G111/><T108/><D33/><U74/><E96/><N who="2" m="57447" /><F34/><W73/><G73/><T99/><D99/><U5/><E70/><V109/><F109/><W97/><G120/><T132/><D132/><U49/><E118/><V127/><F127/><W51/><G17/><T46/><D46/><U48/><E116/><V133/><F133/><W107/><G97/><T93/><D108/><U115/><E75/><V31/><F45/><W121/><G107/><T103/><D103/><U16/><E74/><V92/><F92/><W1/><G1/><T114/><D93/><U57/><E115/><V47/><F47/><W117/><G117/><T27/><REACH who="0" step="1"/><D114/><REACH who="0" ten="317,250,173,250" step="2"/><U14/><E83/><V112/><F112/><W56/><G121/><T122/><D122/><U106/><E106/><V129/><F129/><W68/><G44/><T77/><AGARI ba="1,1" hai="4,11,12,18,20,27,29,30,77,80,81,86,87,91" machi="77" ten="20,12000,1" yaku="1,1,0,1,7,1,8,1,53,1" doraHai="38" doraHaiUra="7" who="0" fromWho="0" sc="317,133,250,-41,173,-41,250,-41" /><INIT seed="0,2,0,2,1,50" ten="450,209,132,209" oya="0" hai0="98,65,47,131,62,60,75,133,69,114,7,82,51" hai1="81,127,3,41,80,128,21,12,66,109,18,0,90" hai2="54,37,4,23,58,44,118,129,105,49,6,70,110" hai3="84,107,31,34,87,93,15,39,67,106,117,126,102"/><T36/><D36/><U57/><E109/><V122/><F70/><W111/><G117/><T101/><D114/><U78/><E127/><V71/><F122/><W11/><G126/><T103/><D133/><U119/><E119/><V16/><F71/><W83/><G67/><T33/><D33/><U108/><E108/><V86/><F105/><W125/><G111/><T26/><D26/><U113/><E113/><V100/><F118/><W14/><G125/><T135/><D62/><U96/><E41/><V121/><F110/><W48/><G39/><T79/><D131/><U40/><E40/><V22/><F121/><W27/><G14/><T61/><D61/><U13/><E66/><V25/><F129/><W64/><G64/><T77/><D77/><U19/><E57/><V46/><F100/><W55/><G102/><T123/><D135/><U53/><E53/><V132/><F132/><W115/><G115/><T68/><D123/><U72/><E128/><V124/><F124/><W5/><G93/><T116/><D116/><U9/><E96/><V56/><F37/><W74/><G74/><T85/><D75/><U104/><E104/><V10/><F86/><W120/><G84/><T97/><D69/><U52/><E72/><V35/><F35/><W73/><G73/><T91/><D98/><U134/><E134/><V63/><F23/><W38/><G38/><T95/><D7/><N who="2" m="2602" /><F10/><W59/><REACH who="3" step="1"/><G120/><REACH who="3" ten="450,209,132,199" step="2"/><T88/><D103/><U43/><E3/><V45/><F58/><W30/><G30/><T92/><D92/><U94/><E0/><V2/><F2/><W89/><AGARI ba="2,1" hai="5,11,15,27,31,34,48,55,59,83,87,89,106,107" machi="89" ten="20,12000,2" yaku="1,1,5,1,0,1,7,1,52,1,53,1" doraHai="50" doraHaiUra="8" who="3" fromWho="3" sc="450,-62,209,-32,132,-32,199,136" /><INIT seed="1,0,0,0,2,74" ten="388,177,100,335" oya="1" hai0="73,27,4,0,35,16,21,97,36,86,67,14,117" hai1="57,3,52,118,88,28,132,129,113,24,29,107,38" hai2="22,83,80,64,89,1,25,76,50,20,31,46,84" hai3="39,96,127,81,99,124,133,48,44,92,33,85,111"/><U82/><E113/><V40/><F1/><W43/><G111/><T63/><D117/><U126/><E118/><V75/><REACH who="2" step="1"/><F64/><REACH who="2" ten="388,177,90,335" step="2"/><W26/><G124/><T11/><D67/><U108/><E3/><V66/><F66/><W12/><G127/><T95/><D0/><U34/><E126/><V49/><F49/><W120/><G48/><T17/><D36/><U5/><E38/><V77/><F77/><W53/><G39/><T70/><D63/><U55/><E108/><V45/><F45/><W37/><G44/><T103/><D35/><AGARI ba="0,1" hai="20,22,25,31,35,40,46,50,75,76,80,83,84,89" machi="35" ten="30,7700,0" yaku="1,1,7,1,52,1,53,1" doraHai="74" doraHaiUra="30" who="2" fromWho="0" sc="388,-77,177,0,90,87,335,0" /><INIT seed="2,0,0,1,5,65" ten="311,177,177,335" oya="2" hai0="50,100,6,98,37,46,35,82,71,58,123,126,96" hai1="125,130,91,108,4,133,116,51,112,44,39,87,80" hai2="74,110,25,84,7,2,86,34,118,12,101,54,131" hai3="14,115,43,75,26,59,56,3,52,83,79,40,47"/><V77/><F118/><W48/><G115/><T5/><D123/><U29/><E112/><V102/><F2/><W94/><G3/><T0/><D35/><U117/><E108/><V53/><F74/><W109/><G109/><T88/><D71/><U10/><E125/><V1/><F1/><W111/><G111/><T67/><D0/><U129/><E133/><V70/><F70/><W121/><G121/><T41/><D126/><U13/><E39/><V89/><F110/><W119/><G119/><T31/><D31/><U62/><E29/><V23/><F34/><W73/><G26/><T33/><D33/><U122/><E122/><V36/><F36/><W132/><G132/><T104/><D67/><U55/><REACH who="1" step="1"/><E62/><REACH who="1" ten="311,167,177,335" step="2"/><V45/><F131/><AGARI ba="0,1" hai="4,10,13,44,51,55,80,87,91,116,117,129,130,131" machi="131" ten="40,5200,0" yaku="1,1,2,1,19,1,53,0" doraHai="65" doraHaiUra="106" who="1" fromWho="2" sc="311,0,167,62,177,-52,335,0" /><INIT seed="3,0,0,3,4,58" ten="311,229,125,335" oya="3" hai0="70,67,55,34,123,12,29,3,19,130,60,49,84" hai1="46,103,119,1,75,125,111,118,129,5,124,64,18" hai2="101,42,96,117,126,28,115,61,47,4,122,114,104" hai3="15,7,71,40,33,73,93,78,98,17,81,62,80"/><W31/><G40/><T82/><D130/><U116/><E129/><V108/><F117/><W66/><G7/><T21/><D123/><U109/><E75/><V16/><F122/><W20/><G80/><T38/><D38/><U135/><E135/><V79/><F108/><N who="1" m="41545" /><E103/><V2/><F126/><N who="1" m="48745" /><E46/><V87/><F28/><W54/><G31/><T91/><D29/><U6/><E64/><V90/><F79/><W30/><G30/><T13/><D3/><U127/><N who="1" m="48753" /><U99/><DORA hai="11" /><E99/><V133/><F133/><W8/><G33/><T44/><REACH who="0" step="1"/><D34/><REACH who="0" ten="301,229,125,335" step="2"/><U69/><E1/><V45/><F2/><W52/><REACH who="3" step="1"/><G20/><REACH who="3" ten="301,229,125,325" step="2"/><T25/><AGARI ba="0,2" hai="12,13,19,21,25,44,49,55,60,67,70,82,84,91" machi="25" ten="20,12000,2" yaku="1,1,2,1,0,1,7,1,52,3,53,0" doraHai="58,11" doraHaiUra="36,37" who="0" fromWho="0" sc="301,140,229,-30,125,-30,325,-60" /><INIT seed="4,0,0,0,4,100" ten="441,199,95,265" oya="0" hai0="17,107,28,115,68,41,0,118,29,91,134,95,126" hai1="54,4,58,32,18,2,7,129,45,112,60,92,113" hai2="50,42,35,56,69,127,43,47,131,24,5,102,8" hai3="88,75,101,130,59,39,22,65,103,110,89,63,96"/><T117/><D107/><U79/><E129/><V36/><F69/><W70/><G110/><T16/><D68/><U62/><E32/><V61/><F131/><W81/><G130/><T87/><D0/><U74/><E62/><V66/><F127/><W123/><G123/><T119/><D126/><U51/><E92/><V76/><F76/><W98/><G39/><T19/><D115/><N who="1" m="44107" /><E2/><V84/><F84/><W33/><G33/><T13/><D134/><U83/><E18/><V105/><F43/><AGARI ba="0,0" hai="4,7,43,45,51,54,58,60,74,79,83" m="44107" machi="43" ten="30,2000,0" yaku="15,1,11,1" doraHai="100" who="1" fromWho="2" sc="441,0,199,20,95,-20,265,0" /><INIT seed="5,0,0,4,2,84" ten="441,219,75,265" oya="1" hai0="131,49,66,11,83,26,43,9,94,45,86,42,14" hai1="35,129,30,72,82,80,108,101,95,68,106,36,47" hai2="60,17,19,121,114,113,31,78,93,48,104,115,1" hai3="67,97,88,123,23,130,59,24,100,134,102,77,46"/><U109/><E129/><V73/><F121/><W79/><G123/><T20/><D131/><U16/><E68/><V128/><F128/><W133/><G130/><T81/><D66/><U58/><E106/><V90/><F104/><W135/><G46/><T40/><D94/><U112/><E112/><N who="2" m="28675" /><V98/><DORA hai="2" /><F1/><W53/><G67/><T110/><D81/><U71/><E71/><V111/><F111/><N who="1" m="42569" /><E58/><V119/><F119/><W51/><G100/><T37/><D11/><U15/><E72/><V124/><F124/><W18/><G102/><T116/><D37/><U96/><E30/><V10/><F31/><W41/><G41/><T127/><D110/><U107/><E35/><V122/><F122/><W76/><G76/><T62/><D127/><U5/><E5/><V4/><F60/><W33/><G33/><T92/><D62/><U91/><E47/><V65/><F65/><W54/><G54/><T52/><D42/><U125/><E36/><V50/><F78/><W27/><G77/><T13/><D43/><U75/><E75/><V74/><BYE who="1" /><F74/><W7/><G79/><T12/><D40/><U99/><E99/><V103/><F103/><W57/><G97/><T25/><D45/><U64/><E64/><V55/><F73/><W117/><G117/><T0/><D116/><UN n1="%E3%81%AB%E3%81%A3%E3%81%A1%E3%82%87" /><U6/><E125/><V32/><F32/><W38/><G38/><T118/><D118/><U70/><E70/><V28/><F28/><W63/><G63/><T39/><D39/><U34/><E34/><V61/><F61/><W21/><G134/><T22/><D49/><N who="2" m="19050" /><F55/><W8/><G53/><RYUUKYOKU ba="0,0" sc="441,-10,219,-10,75,30,265,-10" hai2="4,10,17,19,90,93,98" /><INIT seed="6,1,0,5,4,39" ten="431,209,105,255" oya="2" hai0="98,130,65,114,129,50,122,16,40,119,61,68,7" hai1="117,81,4,120,134,5,79,121,59,96,12,15,86" hai2="19,66,67,37,9,20,6,71,22,123,1,69,49" hai3="99,11,52,31,29,132,24,44,133,21,75,104,115"/><V97/><F123/><N who="1" m="47177" /><E117/><V100/><F37/><W34/><G75/><T25/><D114/><U95/><E134/><V84/><F84/><W23/><G115/><T45/><D122/><U64/><E64/><V89/><F89/><W94/><G104/><T58/><D119/><U107/><E59/><V76/><F76/><W35/><G11/><T128/><D7/><N who="1" m="2635" /><E107/><V53/><F67/><W73/><G73/><T60/><D98/><U30/><E30/><V13/><F22/><W112/><G112/><T111/><D111/><U42/><E42/><V48/><F66/><W57/><G44/><T83/><D83/><U125/><E125/><V101/><F49/><W36/><G36/><T62/><D58/><U78/><E79/><V8/><F20/><AGARI ba="1,0" hai="16,20,25,40,45,50,60,61,62,65,68,128,129,130" machi="20" ten="40,5200,0" yaku="19,1,52,1,54,1" doraHai="39" who="0" fromWho="2" sc="431,55,209,0,105,-55,255,0" /><INIT seed="7,0,0,1,3,51" ten="486,209,50,255" oya="3" hai0="96,1,28,102,125,122,5,52,64,90,11,94,9" hai1="109,100,121,38,117,108,29,68,83,20,14,34,98" hai2="62,48,31,71,63,27,65,46,129,55,59,47,61" hai3="26,84,124,74,23,36,81,43,54,13,128,2,15"/><W115/><G115/><T106/><D125/><U56/><E121/><V35/><REACH who="2" step="1"/><F129/><REACH who="2" ten="486,209,40,255" step="2"/><W80/><G128/><T111/><D111/><U19/><E109/><V112/><F112/><W37/><G124/><T87/><D122/><U73/><E108/><V45/><AGARI ba="0,1" hai="27,31,35,45,46,47,48,55,59,61,62,63,65,71" machi="45" ten="30,8000,1" yaku="21,2,0,1,52,1,53,1" doraHai="51" doraHaiUra="21" who="2" fromWho="2" sc="486,-20,209,-20,40,90,255,-40" owari="466,56.0,189,-21.0,130,-37.0,215,2.0" /></mjloggm>