<mjloggm ver="2.3"><GO type="185" lobby="0"/><UN n0="%E3%82%86%E3%81%8D%E3%81%86%E3%81%95%E3%81%8E%E2%98%86" n1="%E5%BF%AB%E9%81%A9" n2="%E3%81%82%E3%81%9F%E3%82%89%E3%81%AA%E3%81%84%E3%81%A7%EF%BC%81" n3="" dan="16,17,17,0" rate="2177.23,2300.15,2165.98,1500.00" sx="F,M,M,C"/><TAIKYOKU oya="0"/><INIT seed="0,0,0,2,1,54" ten="350,350,350,0" oya="0" hai0="121,84,134,47,99,0,106,39,103,109,71,102,48" hai1="83,61,88,33,53,56,85,135,122,97,42,113,91" hai2="77,104,81,94,60,34,87,130,127,123,129,107,57" hai3=""/><T45/><N who="0" m="31008" /><T133/><D0/><U105/><N who="1" m="31264" /><U51/><E33/><V79/><N who="2" m="31520" /><V95/><F34/><T119/><D119/><U112/><E135/><V62/><F127/><T110/><D71/><U3/><E3/><V78/><F60/><T111/><D39/><U38/><E38/><V116/><F57/><T50/><D84/><U74/><E74/><V120/><N who="2" m="30752" /><V98/><F62/><T37/><D37/><U73/><E73/><V67/><F67/><T108/><D102/><U65/><E42/><V114/><F114/><N who="1" m="44137" /><E105/><N who="2" m="40523" /><F116/><T101/><D101/><U70/><E97/><V58/><F58/><T96/><D96/><U66/><E66/><V63/><F63/><T93/><D106/><U36/><E36/><V72/><F72/><T2/><D2/><U100/><E100/><V90/><F95/><T1/><D1/><U46/><E91/><AGARI ba="0,0" hai="77,78,79,81,87,90,91,94,98,129,130" m="40523,30752,31520" machi="91" ten="30,7700,0" yaku="34,2,52,2" doraHai="54" who="2" fromWho="1" sc="350,0,350,-77,350,77,0,0" /><INIT seed="1,0,0,5,2,61" ten="350,273,427,0" oya="1" hai0="73,1,54,99,133,122,85,58,69,2,116,78,134" hai1="34,119,74,113,37,36,60,63,62,66,96,45,92" hai2="89,130,43,114,0,120,79,88,70,108,42,83,104" hai3=""/><U103/><E34/><V71/><N who="2" m="30752" /><V68/><F0/><T129/><N who="0" m="31264" /><T86/><D69/><U53/><E113/><V126/><F104/><T100/><D116/><U115/><E115/><V57/><F114/><T128/><D1/><U39/><E74/><V87/><F108/><T55/><D2/><U48/><REACH who="1" step="1"/><E119/><REACH who="1" ten="350,263,427,0" step="2"/><V49/><F130/><T51/><D128/><U80/><E80/><V127/><F42/><T94/><D129/><U91/><E91/><V124/><F43/><T121/><N who="0" m="31008" /><T40/><D73/><U105/><E105/><V98/><F98/><T118/><D118/><U131/><E131/><V3/><F3/><T97/><D40/><U111/><E111/><V76/><F89/><T112/><D112/><U93/><E93/><V35/><F35/><T101/><D78/><U132/><E132/><V46/><F46/><T90/><D133/><U38/><N who="1" m="9216" /><DORA hai="67" /><U95/><E95/><V59/><F49/><T33/><D134/><U72/><E72/><V107/><F107/><T75/><D75/><U82/><E82/><V41/><F41/><T47/><D33/><U65/><AGARI ba="0,1" hai="45,48,53,60,62,63,65,66,92,96,103" m="9216" machi="65" ten="60,8000,1" yaku="1,1,0,1,52,2,53,0" doraHai="61,67" doraHaiUra="102,81" who="1" fromWho="1" sc="350,-40,263,90,427,-40,0,0" /><INIT seed="1,1,0,0,4,92" ten="310,353,387,0" oya="1" hai0="123,45,83,43,32,106,130,79,118,103,109,104,59" hai1="73,107,120,77,3,80,94,50,93,55,81,74,101" hai2="67,53,108,48,1,41,65,63,105,135,99,114,129" hai3=""/><U111/><N who="1" m="30752" /><U44/><E3/><V68/><F1/><T34/><N who="0" m="31520" /><T86/><D118/><U58/><E111/><V46/><F108/><T89/><D109/><U127/><E127/><V35/><F35/><T69/><D69/><U97/><E74/><V72/><F129/><T85/><D130/><U102/><E80/><V100/><F135/><T52/><D104/><U96/><E44/><V128/><F128/><T113/><D113/><U33/><REACH who="1" step="1"/><E107/><REACH who="1" ten="310,343,387,0" step="2"/><V47/><F114/><T64/><D106/><U61/><E61/><V134/><F134/><T40/><D45/><U126/><E126/><V78/><F72/><T131/><D32/><AGARI ba="1,1" hai="32,33,50,55,58,73,77,81,93,94,96,97,101,102" m="30752" machi="32" ten="40,18000,2" yaku="1,1,9,1,52,3,53,2" doraHai="92" doraHaiUra="90" who="1" fromWho="0" sc="310,-182,343,192,387,0,0,0" /><INIT seed="1,2,0,1,0,122" ten="128,535,387,0" oya="1" hai0="35,113,135,42,48,115,88,64,65,83,36,128,132" hai1="62,118,39,80,117,66,71,60,2,120,72,96,0" hai2="58,86,89,90,76,100,33,34,102,106,130,98,54" hai3=""/><U123/><N who="1" m="30752" /><U79/><N who="1" m="31520" /><U47/><E62/><V116/><F116/><N who="1" m="44649" /><E96/><V92/><F130/><T61/><D128/><U3/><E47/><V91/><F33/><T73/><D35/><U69/><E69/><V125/><F34/><T126/><D73/><U1/><E1/><V77/><F125/><T37/><D126/><U129/><E129/><V94/><F54/><T95/><D83/><U82/><E80/><V59/><F59/><T110/><D95/><N who="2" m="36394" /><F58/><T103/><D103/><N who="2" m="39466" /><F86/><T93/><D93/><U87/><E87/><V75/><F75/><T41/><D88/><N who="2" m="22530" /><V51/><DORA hai="74" /><F51/><T50/><REACH who="0" step="1"/><D61/><REACH who="0" ten="118,535,387,0" step="2"/><U52/><E3/><V85/><F85/><T43/><D43/><U49/><E0/><V104/><F98/><T32/><D32/><U134/><E72/><V84/><F84/><T131/><D131/><U107/><E60/><V63/><F63/><T119/><D119/><U109/><E2/><V46/><F46/><T53/><D53/><U108/><E52/><V56/><F56/><T101/><D101/><U38/><E38/><V78/><AGARI ba="2,1" hai="76,77,78,104,106" m="22530,39466,36394" machi="78" ten="40,18000,4" yaku="28,2,35,5,52,3,54,1" doraHai="122,74" who="2" fromWho="2" sc="118,-62,535,-122,387,194,0,0" /><INIT seed="2,0,0,0,3,131" ten="56,413,581,0" oya="2" hai0="104,34,54,73,122,48,127,84,114,52,125,105,63" hai1="116,40,57,129,88,68,112,100,1,35,96,44,32" hai2="107,126,101,130,133,76,91,134,65,51,78,123,70" hai3=""/><V75/><N who="2" m="31520" /><V111/><F130/><T62/><N who="0" m="31264" /><T86/><D34/><U67/><E129/><V128/><F128/><T64/><D73/><U85/><E1/><V2/><F2/><T95/><D114/><U50/><E112/><V132/><F126/><T108/><D95/><U60/><E116/><V61/><F111/><T53/><D48/><U56/><E35/><V106/><F91/><T79/><D79/><N who="2" m="30250" /><F75/><T99/><D99/><U69/><E69/><V120/><N who="2" m="30752" /><V109/><F109/><T87/><D64/><U82/><REACH who="1" step="1"/><E32/><REACH who="1" ten="56,403,581,0" step="2"/><V0/><F0/><T98/><D108/><U110/><E110/><V74/><F74/><T41/><D98/><U58/><E58/><V92/><F51/><T66/><D127/><U37/><E37/><V81/><F70/><T39/><D125/><U43/><E43/><V71/><F71/><T80/><D39/><U94/><AGARI ba="0,1" hai="40,44,50,56,57,60,67,68,82,85,88,94,96,100" machi="94" ten="20,3900,0" yaku="1,1,0,1,7,1,54,1,53,0" doraHai="131" doraHaiUra="124" who="1" fromWho="1" sc="56,-13,403,49,581,-26,0,0" /><INIT seed="4,0,0,0,3,67" ten="43,452,555,0" oya="0" hai0="39,106,134,86,122,116,37,64,50,112,110,40,2" hai1="131,85,90,101,108,70,36,111,127,98,121,42,88" hai2="58,125,99,92,41,65,118,100,51,114,77,82,105" hai3=""/><T55/><N who="0" m="31264" /><T115/><D2/><U102/><N who="1" m="31008" /><U103/><E36/><N who="0" m="13897" /><D106/><U95/><E42/><V75/><F118/><T104/><D86/><U43/><E70/><V78/><F78/><T133/><D104/><U52/><E43/><V66/><F41/><T109/><D40/><U38/><E38/><V32/><F32/><T63/><D116/><U96/><E131/><V49/><F105/><T107/><D107/><U128/><E128/><V1/><F1/><T132/><D50/><U119/><E119/><V117/><F49/><T135/><D55/><U33/><E33/><V84/><F84/><T3/><D3/><U0/><E0/><V74/><F74/><T91/><D91/><U45/><E90/><V44/><F117/><T79/><D79/><U69/><E101/><V59/><F100/><T89/><D89/><U61/><E102/><V120/><F77/><T56/><N who="0" m="33792" /><DORA hai="46" /><T123/><N who="0" m="31520" /><T60/><D63/><U48/><E61/><V35/><F35/><T81/><D81/><U124/><E103/><V76/><F76/><T97/><D97/><U126/><E96/><V72/><F99/><T54/><D64/><U129/><E98/><V53/><F65/><T94/><D94/><U71/><E129/><RYUUKYOKU ba="0,0" sc="43,10,452,10,555,-20,0,0" hai0="54,56,60,109,110,112,115" hai1="45,48,52,69,71,85,88,95,108,111,124,126,127" /><INIT seed="4,1,0,1,3,134" ten="53,462,535,0" oya="0" hai0="71,119,41,118,64,107,0,132,3,87,120,80,2" hai1="56,57,78,111,61,117,32,79,90,58,96,62,85" hai2="113,84,74,91,50,39,44,53,129,116,46,35,54" hai3=""/><T89/><N who="0" m="30752" /><T76/><D132/><U131/><E32/><V49/><F35/><T101/><D41/><U88/><E131/><V93/><F129/><T103/><D76/><U72/><E111/><V70/><F116/><T100/><REACH who="0" step="1"/><D107/><REACH who="0" ten="43,462,535,0" step="2"/><U97/><E79/><V102/><F113/><T114/><D114/><U122/><E117/><V59/><F74/><T123/><N who="0" m="31520" /><T38/><D38/><U125/><N who="1" m="31264" /><U63/><E72/><V105/><F39/><T106/><D106/><U60/><E78/><V55/><F105/><T36/><D36/><U73/><E73/><V68/><F102/><T51/><D51/><AGARI ba="1,1" hai="44,46,49,50,51,53,54,55,59,68,70,84,91,93" machi="51" ten="30,2000,0" yaku="7,1,9,1" doraHai="134" who="2" fromWho="0" sc="43,-22,462,0,535,32,0,0" /><INIT seed="5,0,0,0,5,118" ten="21,462,567,0" oya="1" hai0="108,129,105,0,95,122,126,85,61,97,71,133,88" hai1="2,47,3,89,92,98,54,102,73,101,33,132,96" hai2="37,70,81,49,65,80,100,120,115,43,79,63,48" hai3=""/><U91/><E33/><V99/><N who="2" m="30752" /><V106/><F81/><T53/><D53/><U35/><E35/><V77/><F79/><T107/><D61/><U128/><E132/><V36/><F115/><T109/><N who="0" m="31264" /><T121/><N who="0" m="31008" /><T123/><N who="0" m="31520" /><T113/><D71/><U42/><E128/><V125/><F125/><T119/><D0/><U134/><E134/><V1/><F1/><T76/><D133/><U45/><E73/><V74/><F48/><T32/><D32/><U51/><E3/><V58/><F43/><T93/><D126/><U104/><E2/><V64/><F64/><T111/><D113/><U116/><E116/><V117/><F117/><T67/><D67/><U131/><E131/><V78/><F78/><T55/><D55/><U112/><E112/><V62/><F49/><AGARI ba="0,0" hai="42,45,47,49,51,54,89,91,92,96,98,101,102,104" machi="49" ten="30,1500,0" yaku="7,1" doraHai="118" who="1" fromWho="2" sc="21,0,462,15,567,-15,0,0" /><INIT seed="5,1,0,4,0,52" ten="21,477,552,0" oya="1" hai0="60,79,135,128,84,57,78,102,63,67,39,1,117" hai1="73,81,120,66,123,131,97,116,55,86,38,101,49" hai2="59,129,56,33,127,93,106,72,134,68,0,99,71" hai3=""/><U50/><N who="1" m="30752" /><U47/><N who="1" m="31520" /><U115/><E116/><V42/><F0/><T124/><D1/><U114/><E73/><V76/><F33/><T103/><D117/><U109/><E131/><V80/><F129/><T37/><D128/><U64/><E38/><V40/><F106/><T65/><D135/><U104/><E109/><V126/><F134/><T3/><D3/><U112/><REACH who="1" step="1"/><E49/><REACH who="1" ten="21,467,552,0" step="2"/><V62/><F68/><T85/><REACH who="0" step="1"/><D124/><REACH who="0" ten="11,467,552,0" step="2"/><U61/><E61/><V88/><F127/><T82/><D82/><U121/><N who="1" m="31008" /><U111/><E111/><V125/><F125/><T90/><D90/><AGARI ba="1,2" hai="47,50,55,64,66,81,86,90,97,101,104,112,114,115" m="31008,31520,30752" machi="90" ten="40,18000,2" yaku="1,1,15,1,52,3,53,1" doraHai="52" doraHaiUra="95" who="1" fromWho="0" sc="11,-182,467,202,552,0,0,0" owari="-171,-77.0,669,62.0,552,15.0,0,0.0" /></mjloggm>