<mjloggm ver="2.3"><GO type="185" lobby="0"/><UN n0="%E3%81%82%E3%81%9F%E3%82%89%E3%81%AA%E3%81%84%E3%81%A7%EF%BC%81" n1="%E3%82%86%E3%81%8D%E3%81%86%E3%81%95%E3%81%8E%E2%98%86" n2="%E3%83%A2%E3%83%AA%E3%82%AA%E3%83%B3%E3%81%AE%E5%A7%AB" n3="" dan="17,16,16,0" rate="2171.83,2177.11,2253.23,1500.00" sx="M,F,F,C"/><TAIKYOKU oya="0"/><INIT seed="0,0,0,1,3,69" ten="350,350,350,0" oya="0" hai0="88,130,120,89,3,109,108,34,53,104,87,52,55" hai1="113,106,48,93,128,122,97,37,38,90,132,118,114" hai2="126,49,105,47,91,60,135,51,96,98,59,116,61" hai3=""/><T103/><N who="0" m="30752" /><T107/><D3/><U119/><N who="1" m="31264" /><U64/><E128/><V110/><F110/><N who="0" m="42602" /><D34/><U123/><N who="1" m="31520" /><U131/><E131/><V73/><F126/><T82/><D130/><U67/><E132/><V68/><F135/><T84/><D103/><U33/><E33/><V40/><F73/><T125/><D125/><U35/><E35/><V1/><F1/><T71/><D71/><U66/><E48/><V111/><F116/><T76/><D76/><U117/><E106/><V99/><F105/><T127/><D127/><U70/><REACH who="1" step="1"/><E70/><REACH who="1" ten="350,340,350,0" step="2"/><V63/><F111/><T36/><D36/><AGARI ba="0,1" hai="36,37,38,64,66,67,90,93,97,113,114,117,118,119" m="31520,31264" machi="36" ten="50,12000,2" yaku="1,1,2,1,52,5,53,0" doraHai="69" doraHaiUra="45" who="1" fromWho="0" sc="350,-120,340,130,350,0,0,0" /><INIT seed="1,0,0,5,2,44" ten="230,470,350,0" oya="1" hai0="101,68,0,120,98,105,89,129,57,46,127,99,79" hai1="64,85,132,122,77,60,113,62,92,111,45,93,119" hai2="55,65,72,135,63,47,35,107,71,73,53,131,103" hai3=""/><U102/><N who="1" m="31264" /><U125/><E119/><V41/><F35/><T50/><N who="0" m="30752" /><T75/><D68/><U114/><E125/><V118/><F118/><T115/><D115/><U37/><E132/><V88/><F135/><T74/><D0/><U33/><E33/><V58/><F131/><T42/><D127/><U52/><E111/><V56/><F103/><T59/><D129/><U34/><E34/><V70/><F107/><T90/><D75/><U67/><E37/><V106/><F106/><T66/><D57/><U87/><E77/><V94/><F70/><T38/><D99/><U81/><E102/><V100/><F100/><T134/><D134/><U128/><E81/><V1/><F56/><T124/><D124/><U48/><E128/><V133/><F1/><T109/><D109/><U97/><E97/><V54/><F71/><T76/><D76/><U78/><E78/><V3/><F3/><T84/><D74/><U40/><E114/><V69/><F69/><T95/><D79/><U82/><E113/><V80/><F133/><T39/><D90/><U32/><E32/><V86/><REACH who="2" step="1"/><F80/><REACH who="2" ten="230,470,340,0" step="2"/><T104/><REACH who="0" step="1"/><D104/><REACH who="0" ten="220,470,340,0" step="2"/><U91/><E82/><V36/><AGARI ba="0,2" hai="36,41,47,53,54,55,58,63,65,72,73,86,88,94" machi="36" ten="30,5900,0" yaku="1,1,2,1,0,1,54,1,53,0" doraHai="44" doraHaiUra="110" who="2" fromWho="2" sc="220,-20,470,-39,340,79,0,0" /><INIT seed="2,0,0,1,4,61" ten="200,431,419,0" oya="2" hai0="46,118,129,96,3,65,70,77,74,110,108,35,0" hai1="100,84,43,75,79,69,1,41,52,54,93,122,55" hai2="85,86,109,127,123,132,90,78,83,37,131,40,102" hai3=""/><V104/><N who="2" m="31520" /><V92/><F37/><T68/><D118/><U125/><N who="1" m="31264" /><U63/><E1/><V130/><F40/><T57/><D35/><U101/><E125/><V117/><F117/><T32/><D32/><U42/><E75/><V89/><F127/><T58/><D129/><N who="2" m="49162" /><F132/><T72/><D46/><U49/><E49/><V47/><F47/><T62/><D96/><U45/><E45/><V111/><F78/><T82/><D74/><U76/><E69/><N who="0" m="26729" /><D58/><U135/><E135/><V81/><F104/><T105/><D105/><U44/><E44/><V114/><F114/><T87/><D87/><U115/><E115/><V113/><F113/><T97/><D97/><AGARI ba="0,0" hai="81,83,85,86,89,90,92,97,102,109,111" m="49162,31520" machi="97" ten="30,11600,0" yaku="19,1,34,2,52,1" doraHai="61" who="2" fromWho="0" sc="200,-116,431,0,419,116,0,0" /><INIT seed="2,1,0,2,5,92" ten="84,431,535,0" oya="2" hai0="133,111,95,115,65,89,87,74,38,84,35,105,121" hai1="116,68,48,62,124,56,44,49,125,118,76,83,104" hai2="130,108,112,52,69,122,109,100,0,128,46,1,57" hai3=""/><V82/><N who="2" m="31264" /><V80/><F69/><T117/><D65/><U99/><E68/><V88/><F112/><T106/><D87/><U120/><N who="1" m="30752" /><U3/><E3/><N who="2" m="1099" /><F46/><T78/><D84/><U67/><E99/><V127/><F100/><T36/><D89/><U59/><E104/><V58/><F58/><T119/><D95/><U37/><E83/><N who="2" m="31787" /><F88/><T42/><D78/><U75/><E76/><V40/><F40/><T41/><D42/><U123/><N who="1" m="31520" /><U81/><E81/><V72/><F72/><T129/><D41/><U55/><E75/><V101/><F101/><T51/><D119/><N who="1" m="45611" /><E37/><V70/><F70/><T63/><D38/><U97/><E97/><V107/><F107/><T77/><D77/><U135/><E59/><V60/><F127/><N who="1" m="48713" /><E48/><V103/><F103/><T93/><D51/><U94/><E94/><V34/><F34/><T47/><D93/><U85/><E85/><V86/><F86/><T110/><D105/><U132/><AGARI ba="1,0" hai="44,49,55,56,62,67,132,135" m="48713,45611,31520,30752" machi="132" ten="40,9000,2" yaku="12,1,18,1,34,2,52,2" doraHai="92" who="1" fromWho="1" sc="84,-31,431,92,535,-61,0,0" /><INIT seed="4,0,0,4,4,0" ten="53,523,474,0" oya="0" hai0="57,116,114,130,65,122,86,39,72,47,58,33,83" hai1="127,74,128,37,75,85,90,77,78,108,80,43,3" hai2="109,110,49,123,119,104,68,97,84,44,82,48,105" hai3=""/><T117/><N who="0" m="31264" /><T51/><D72/><U67/><E3/><V126/><N who="2" m="31520" /><V63/><F126/><T1/><D1/><U2/><E2/><V89/><F119/><T96/><D114/><U35/><E127/><V99/><F68/><T32/><D39/><U129/><E108/><V125/><F63/><T66/><D96/><U121/><N who="1" m="31008" /><U73/><E35/><V52/><F125/><T87/><D51/><U88/><E67/><V40/><F97/><T54/><D83/><U135/><E135/><V46/><REACH who="2" step="1"/><F99/><REACH who="2" ten="53,523,464,0" step="2"/><T70/><D70/><U134/><E134/><V42/><F42/><T107/><D107/><AGARI ba="0,1" hai="40,44,46,48,49,52,82,84,89,104,105,107,109,110" m="31520" machi="107" ten="40,8000,1" yaku="1,1,52,1,54,1,53,2" doraHai="0" doraHaiUra="41" who="2" fromWho="0" sc="53,-80,523,0,464,90,0,0" owari="-27,-63.0,523,12.0,554,51.0,0,0.0" /></mjloggm>