<mjloggm ver="2.3"><GO type="225" lobby="0"/><UN n0="%E3%81%95%E3%81%8D%E3%81%9F%E3%81%BE%E6%9E%97%E6%AA%8E" n1="%E5%B7%A5%E8%97%A4%E6%96%B0%E4%B8%80" n2="%E4%B8%89%E5%86%A0%E7%8E%8B%E3%83%BB%E5%B1%B1%E7%94%B0%E5%93%B2%E4%BA%BA" n3="%E3%81%BF%E3%81%BF%E3%81%9A" dan="16,16,17,16" rate="2132.14,2096.50,2214.16,2205.99" sx="M,M,M,M"/><TAIKYOKU oya="0"/><INIT seed="0,0,0,4,1,22" ten="250,250,250,250" oya="0" hai0="3,19,120,57,61,29,20,12,74,89,1,132,99" hai1="35,91,39,50,4,121,116,23,45,81,40,101,84" hai2="21,92,32,93,38,122,113,72,25,55,124,87,65" hai3="125,51,46,59,33,134,53,44,112,58,62,109,105"/><T135/><D120/><U56/><E116/><V15/><F72/><W9/><G105/><T103/><D74/><U111/><E111/><V26/><F122/><W110/><G33/><T95/><D89/><U8/><E121/><V36/><F113/><W52/><G112/><T60/><D60/><U78/><E35/><V123/><F123/><W18/><G125/><T130/><D130/><U107/><E23/><V82/><F124/><W67/><G9/><T43/><D43/><U100/><E107/><V68/><F55/><W115/><G18/><T49/><D49/><U88/><E56/><V13/><F65/><W63/><G115/><T28/><D29/><U118/><E118/><V131/><F68/><N who="3" m="42103" /><G134/><T128/><D128/><U90/><REACH who="1" step="1"/><E39/><REACH who="1" ten="250,240,250,250" step="2"/><V34/><F21/><W129/><G129/><T119/><D119/><U85/><E85/><V42/><F131/><W64/><G110/><T6/><D135/><U126/><E126/><V94/><F38/><W71/><G109/><T106/><D106/><U69/><E69/><V75/><F75/><W76/><G76/><T86/><D132/><U7/><E7/><V133/><F133/><W77/><G77/><T41/><D86/><U10/><E10/><V30/><F87/><W70/><G70/><T2/><D6/><U108/><E108/><V31/><F82/><W98/><G98/><T47/><D99/><U66/><E66/><V48/><F36/><W83/><G83/><T96/><D96/><U27/><E27/><V5/><F5/><W127/><G127/><T0/><D20/><U16/><E16/><V97/><F97/><RYUUKYOKU ba="0,1" sc="250,-30,240,10,250,10,250,10" hai1="4,8,40,45,50,78,81,84,88,90,91,100,101" hai2="13,15,25,26,30,31,32,34,42,48,92,93,94" hai3="44,46,51,52,53,58,59,63,64,71" /><INIT seed="1,1,1,3,1,26" ten="220,250,260,260" oya="1" hai0="59,2,69,108,76,130,91,75,131,24,4,31,127" hai1="70,54,133,129,9,99,17,23,65,112,83,57,119" hai2="64,46,123,109,41,115,113,67,7,11,37,0,44" hai3="100,102,134,98,116,101,1,28,105,103,118,121,18"/><U81/><E112/><N who="2" m="43083" /><F109/><W68/><G1/><T30/><D69/><U58/><E129/><N who="0" m="49161" /><D127/><U63/><E133/><V107/><F123/><W124/><G121/><T51/><D108/><U19/><E119/><N who="3" m="45610" /><G134/><T88/><D24/><N who="1" m="14447" /><E70/><V71/><F107/><W33/><G124/><T111/><D111/><U90/><E99/><V128/><F128/><W48/><G68/><T39/><D39/><U82/><E90/><N who="0" m="34345" /><D4/><U45/><E45/><N who="2" m="23727" /><F71/><W32/><G18/><T74/><D2/><U120/><E120/><V117/><F117/><W72/><G72/><N who="0" m="27691" /><D76/><U96/><E96/><V40/><F46/><W78/><G78/><T89/><N who="0" m="34353" /><T12/><DORA hai="94" /><D12/><N who="1" m="7567" /><E57/><V50/><AGARI ba="1,1" hai="0,7,11,40,44,50,64,67" m="23727,43083" machi="50" ten="30,1100,0" yaku="11,1" doraHai="26,94" who="2" fromWho="2" sc="220,-4,250,-6,260,24,260,-4" /><INIT seed="2,0,0,3,2,91" ten="216,244,284,256" oya="2" hai0="57,68,16,52,118,51,110,76,72,128,25,111,95" hai1="49,64,31,7,50,94,61,130,8,42,14,0,122" hai2="1,74,80,37,86,71,104,129,54,107,43,108,135" hai3="126,35,77,36,88,89,30,83,116,133,90,4,9"/><V106/><F71/><W121/><G116/><T17/><D68/><U100/><E130/><V38/><F129/><W55/><G121/><T67/><D128/><U22/><E122/><V84/><F135/><W15/><G133/><T58/><D118/><U47/><E49/><V96/><F1/><W5/><G126/><T39/><D39/><U78/><E78/><V97/><F74/><W120/><G120/><T81/><D95/><U62/><E0/><V34/><F34/><W29/><G36/><T32/><D32/><U134/><E134/><V105/><F105/><W23/><G35/><T45/><D45/><U21/><E31/><N who="3" m="11786" /><G23/><N who="1" m="8714" /><E64/><V63/><F106/><W119/><G119/><T82/><D25/><U123/><E123/><V125/><F125/><W93/><G55/><T109/><D82/><U103/><E103/><V66/><F80/><W69/><G69/><T13/><D13/><U12/><E12/><V20/><F107/><W44/><G44/><T127/><D127/><U102/><E102/><V40/><F104/><W33/><G33/><T3/><D3/><U98/><AGARI ba="0,0" hai="7,8,14,42,47,50,61,62,94,98,100" m="8714" machi="98" ten="30,2000,0" yaku="8,1,52,1" doraHai="91" who="1" fromWho="1" sc="216,-5,244,20,284,-10,256,-5" /><INIT seed="3,0,0,1,4,86" ten="211,264,274,251" oya="3" hai0="103,130,77,83,21,84,42,35,115,65,39,92,121" hai1="19,23,100,109,95,117,49,132,4,1,20,66,26" hai2="133,3,45,46,126,94,15,67,53,99,81,71,128" hai3="29,43,32,18,113,36,129,120,102,37,2,34,107"/><W58/><G18/><T25/><D121/><U0/><E109/><V73/><F3/><W47/><G58/><T85/><D35/><U68/><E132/><V57/><F133/><W8/><G120/><T118/><D118/><U82/><E117/><V87/><F73/><W11/><G113/><T41/><D115/><U44/><E82/><V108/><F126/><W90/><G129/><T50/><D39/><U52/><E4/><V124/><F124/><W119/><G119/><T70/><D130/><U72/><E72/><V5/><F67/><W17/><G17/><T10/><D10/><U40/><E40/><V60/><F71/><W69/><G69/><T74/><D74/><U75/><E75/><V6/><F108/><W59/><G59/><T64/><D70/><U135/><E135/><V78/><F128/><W24/><G34/><T33/><D33/><U91/><E100/><V48/><F15/><W125/><G125/><T110/><D110/><U104/><E104/><V14/><F14/><W62/><G62/><T114/><D114/><U55/><E55/><N who="2" m="33855" /><F46/><W51/><G102/><AGARI ba="0,0" hai="5,6,45,48,53,78,81,87,94,99,102" m="33855" machi="102" ten="30,1000,0" yaku="8,1" doraHai="86" who="2" fromWho="3" sc="211,0,264,0,274,10,251,-10" /><INIT seed="4,0,0,2,1,104" ten="211,264,284,241" oya="0" hai0="49,13,73,61,102,14,47,20,132,118,94,67,65" hai1="80,78,43,113,27,35,30,103,18,124,99,32,54" hai2="37,8,45,121,71,50,28,122,87,90,11,89,48" hai3="95,85,66,96,59,24,36,135,39,70,109,115,79"/><T112/><D118/><U38/><E124/><V25/><F71/><W86/><G115/><T17/><D112/><U21/><E113/><V46/><F37/><W114/><G114/><T26/><D132/><U33/><E43/><V57/><F57/><W131/><G70/><T12/><D73/><U34/><E38/><V125/><F125/><W15/><G135/><T64/><D61/><U101/><E54/><V98/><F98/><W106/><G131/><T119/><D119/><U6/><E6/><V19/><F19/><W69/><G109/><T108/><D108/><U53/><E53/><V16/><F16/><W110/><G106/><T0/><D0/><U126/><E126/><V120/><F25/><W42/><G69/><T2/><D2/><U76/><E76/><V4/><F28/><W84/><G110/><T51/><REACH who="0" step="1"/><D47/><REACH who="0" ten="201,264,284,241" step="2"/><U123/><E123/><V60/><F60/><W63/><G79/><T105/><D105/><U7/><E78/><V41/><F121/><W134/><G134/><T72/><D72/><U107/><E107/><V29/><F46/><W129/><G129/><T55/><D55/><U68/><E68/><V77/><F45/><W9/><G42/><T92/><D92/><U93/><E93/><V23/><F41/><W5/><REACH who="3" step="1"/><G24/><REACH who="3" ten="201,264,284,231" step="2"/><T111/><D111/><U83/><E27/><V1/><F122/><W52/><G52/><T10/><D10/><U44/><E44/><V31/><F11/><W75/><G75/><T117/><D117/><U40/><E40/><V82/><F120/><W130/><G130/><T128/><D128/><U74/><E74/><RYUUKYOKU ba="0,2" sc="201,15,264,-15,284,-15,231,15" hai0="12,13,14,17,20,26,49,51,64,65,67,94,102" hai3="5,9,15,36,39,59,63,66,84,85,86,95,96" /><INIT seed="4,1,2,5,0,30" ten="216,249,269,246" oya="0" hai0="82,107,91,117,28,90,58,2,1,124,92,57,97" hai1="9,102,52,127,33,128,65,37,13,40,95,89,54" hai2="130,27,129,119,55,133,121,72,67,44,39,34,69" hai3="8,86,0,51,26,115,10,111,4,20,135,22,108"/><T84/><D117/><U99/><E128/><N who="2" m="49259" /><F72/><W118/><G118/><T12/><D124/><U56/><E127/><V49/><F119/><W104/><G104/><T19/><D107/><U61/><E33/><V122/><F133/><W35/><G135/><T66/><D28/><U14/><E37/><V94/><F39/><W101/><G101/><T116/><D116/><U126/><E126/><V6/><F6/><N who="3" m="1095" /><G86/><T134/><D134/><U80/><E40/><V105/><F105/><W73/><G51/><T112/><D112/><U60/><E60/><N who="2" m="40167" /><F94/><W83/><G83/><T38/><D38/><U96/><E13/><V7/><F7/><W93/><G93/><T24/><D24/><U68/><E68/><V53/><F55/><W64/><G64/><T43/><D43/><U81/><E81/><V3/><F3/><N who="3" m="287" /><G73/><T11/><REACH who="0" step="1"/><D58/><REACH who="0" ten="206,249,269,246" step="2"/><U45/><E45/><V71/><F71/><W79/><G115/><T42/><D42/><U120/><E120/><V15/><F122/><W29/><G79/><T48/><D48/><U17/><REACH who="1" step="1"/><E80/><REACH who="1" ten="206,239,269,246" step="2"/><V70/><F121/><W110/><AGARI ba="1,4" hai="20,22,26,29,35,108,110,111" m="287,1095" machi="110" ten="30,4000,0" yaku="34,2,52,1" doraHai="30" who="3" fromWho="3" sc="206,-21,239,-11,269,-11,246,83" owari="185,-31.0,228,-17.0,258,6.0,329,42.0" /></mjloggm>