<mjloggm ver="2.3"><GO type="169" lobby="0"/><UN n0="%62%6F%79%61%74%65%74%75" n1="%E5%A4%A7%E8%B3%A2%E8%89%AF%E5%B8%AB" n2="%E3%83%89%E3%83%B3%E3%82%AB%E3%83%A9%E3%82%B9" n3="%E3%82%A2%E3%83%A1%E3%83%B3%E3%83%9D%E3%81%A6%E3%81%B5" dan="16,16,16,17" rate="2106.77,2071.62,2074.27,2215.72" sx="M,M,M,M"/><TAIKYOKU oya="0"/><INIT seed="0,0,0,0,0,0" ten="250,250,250,250" oya="0" hai0="62,55,101,91,128,1,73,114,59,132,8,127,38" hai1="106,57,10,88,64,46,53,52,107,19,121,90,77" hai2="112,74,89,15,13,71,51,118,100,113,66,21,63" hai3="17,109,48,69,117,39,31,65,125,3,78,5,35"/><T47/><D114/><U45/><E121/><V111/><F74/><W26/><G117/><T61/><D127/><U40/><E77/><V67/><F118/><W7/><G125/><T30/><D128/><U95/><E107/><V135/><F111/><W85/><G39/><T58/><D132/><U24/><E106/><V32/><F32/><W54/><G3/><T126/><D126/><U4/><E64/><V131/><F100/><W28/><G109/><T9/><D101/><U102/><E102/><V110/><F110/><W75/><G75/><T122/><D122/><U42/><E24/><V23/><F51/><W22/><G65/><T92/><D73/><U98/><E19/><V81/><F89/><W97/><G97/><T68/><D30/><N who="3" m="11305" /><G69/><T56/><D68/><U83/><E83/><V16/><F135/><W14/><G14/><T34/><D34/><U25/><E25/><V70/><F81/><N who="3" m="47287" /><G35/><T33/><D33/><U94/><E98/><V96/><F96/><W79/><G79/><T2/><D2/><U120/><E120/><V29/><F29/><W49/><G49/><N who="0" m="29119" /><D1/><U123/><E123/><V103/><F103/><W86/><G86/><N who="0" m="52343" /><D38/><U44/><E44/><AGARI ba="0,0" hai="5,7,17,22,26,44,48,54" m="47287,11305" machi="44" ten="30,3900,0" yaku="8,1,52,2" doraHai="0" who="3" fromWho="1" sc="250,0,250,-39,250,0,250,39" /><INIT seed="1,0,0,4,2,73" ten="250,211,250,289" oya="1" hai0="109,83,127,30,125,135,26,48,82,59,13,22,32" hai1="2,55,129,88,66,123,85,100,92,49,94,113,74" hai2="54,35,15,122,50,76,121,51,3,38,78,67,81" hai3="99,68,53,112,120,84,34,97,63,89,126,45,96"/><U72/><E123/><V58/><F3/><W29/><G120/><T116/><D116/><U75/><E113/><V134/><F38/><W27/><G112/><T131/><D109/><U42/><E129/><V69/><F134/><W130/><G130/><T28/><D135/><U117/><E117/><V44/><F35/><W56/><G126/><N who="0" m="48139" /><D131/><U24/><E2/><V62/><F15/><W80/><G68/><T10/><D28/><U119/><E119/><V46/><F78/><W79/><REACH who="3" step="1"/><G45/><REACH who="3" ten="250,211,250,279" step="2"/><T37/><D32/><U4/><E66/><V115/><F115/><W64/><G64/><T133/><D133/><U104/><E42/><V47/><F122/><W41/><G41/><T124/><D124/><U71/><E71/><V110/><F121/><W20/><G20/><T86/><D22/><U132/><E132/><V87/><REACH who="2" step="1"/><F110/><REACH who="2" ten="250,211,240,279" step="2"/><W43/><G43/><AGARI ba="0,2" hai="43,44,46,47,50,51,54,58,62,67,69,76,81,87" machi="43" ten="30,12000,2" yaku="1,1,2,1,7,1,52,1,53,3" doraHai="73" doraHaiUra="40" who="2" fromWho="3" sc="250,0,211,0,240,140,279,-120" /><INIT seed="2,0,0,5,3,26" ten="250,211,380,159" oya="2" hai0="123,98,12,34,56,57,45,16,7,22,83,55,111" hai1="79,33,128,19,121,48,99,28,2,108,107,41,112" hai2="31,30,10,110,43,25,119,61,71,127,118,103,76" hai3="88,74,105,97,113,27,81,11,115,68,125,132,39"/><V20/><F127/><W38/><G68/><T124/><D124/><U54/><E2/><V29/><F110/><W131/><G125/><T86/><D111/><U133/><E108/><V77/><F43/><W62/><G11/><T117/><D123/><U130/><E41/><V126/><F126/><W96/><G62/><T3/><D117/><U52/><E121/><V106/><F10/><W95/><G132/><T47/><D98/><U100/><E112/><N who="3" m="43082" /><G131/><N who="1" m="50218" /><E133/><V60/><F71/><W94/><G105/><T0/><D34/><U72/><E19/><V134/><F134/><W8/><G8/><T32/><D32/><U51/><E79/><V80/><F119/><W65/><G65/><T116/><D116/><U91/><E72/><V21/><F118/><W23/><G81/><T135/><D135/><U84/><E48/><V50/><F50/><W69/><G74/><T89/><D0/><U36/><E36/><V102/><F106/><W6/><G6/><T58/><D3/><U104/><E104/><V90/><F61/><W122/><G69/><T1/><D1/><U14/><E14/><V40/><F60/><W101/><G122/><T93/><D7/><U9/><E9/><V85/><F40/><W87/><G97/><N who="0" m="57519" /><D55/><U114/><E114/><V70/><F70/><W67/><G67/><T73/><D73/><U59/><E51/><V53/><F53/><W18/><AGARI ba="0,0" hai="18,23,27,38,39,87,88,94,95,96,101" m="43082" machi="18" ten="30,2000,0" yaku="11,1,54,1" doraHai="26" who="3" fromWho="3" sc="250,-5,211,-5,380,-10,159,20" /><INIT seed="3,0,0,5,4,53" ten="245,206,370,179" oya="3" hai0="135,35,114,17,77,122,88,15,76,89,57,37,85" hai1="71,82,95,3,81,26,43,75,97,83,116,21,36" hai2="12,18,48,73,13,104,63,59,11,101,40,128,56" hai3="79,132,127,92,28,47,55,90,22,4,124,39,113"/><W96/><G113/><T61/><D114/><U64/><E116/><V38/><F128/><W44/><G4/><T49/><D122/><U78/><E3/><V14/><F73/><W134/><G79/><T0/><D0/><U42/><E36/><V126/><F126/><N who="3" m="48171" /><G39/><T107/><D35/><U111/><E111/><V8/><F38/><W19/><G28/><T31/><D31/><U68/><E68/><V67/><F104/><W125/><N who="3" m="48179" /><W7/><DORA hai="69" /><G7/><T2/><D2/><U16/><E71/><V33/><F33/><W117/><G117/><T58/><D107/><U30/><E64/><V120/><F120/><W130/><G130/><T66/><D135/><N who="3" m="51753" /><G55/><T52/><D37/><U93/><E30/><V5/><F40/><N who="1" m="15401" /><E75/><V119/><F119/><W29/><G29/><T94/><REACH who="0" step="1"/><D89/><REACH who="0" ten="235,206,370,179" step="2"/><U103/><E78/><V6/><F101/><W32/><G32/><T50/><D50/><U27/><E27/><AGARI ba="0,1" hai="19,22,27,44,47,90,92,96" m="51753,48179" machi="27" ten="40,3900,0" yaku="18,1,20,1" doraHai="53,69" who="3" fromWho="1" sc="235,0,206,-39,370,0,179,49" /><INIT seed="3,1,0,1,0,108" ten="235,167,370,228" oya="3" hai0="10,12,130,99,22,1,15,103,67,38,14,48,60" hai1="61,7,87,126,59,84,98,41,8,24,132,40,56" hai2="101,118,62,85,35,65,19,25,69,80,6,66,76" hai3="135,55,109,52,54,74,83,29,70,93,116,115,110"/><W32/><G116/><T131/><D38/><U17/><E132/><V42/><F118/><W39/><G70/><T16/><D1/><U11/><E126/><V92/><F6/><W28/><G39/><T34/><D34/><U119/><E119/><V0/><F0/><W123/><G123/><T91/><D91/><U53/><E98/><V43/><F66/><W133/><G93/><T117/><D117/><U58/><E24/><V9/><F9/><N who="1" m="3657" /><E17/><V23/><F35/><W64/><G64/><T72/><D72/><U68/><E68/><V5/><F5/><W47/><G47/><T128/><D48/><U20/><E20/><V4/><F4/><W21/><G32/><T104/><REACH who="0" step="1"/><D22/><REACH who="0" ten="225,167,370,228" step="2"/><U37/><E37/><V124/><F124/><W107/><G21/><T81/><D81/><U49/><E7/><V114/><F23/><W125/><G83/><T13/><D13/><U102/><E102/><V113/><F80/><W75/><G125/><T90/><D90/><U97/><E61/><V96/><F62/><W45/><G75/><T3/><D3/><U127/><E127/><V63/><F63/><W44/><G74/><T57/><AGARI ba="1,1" hai="10,12,14,15,16,57,60,67,99,103,104,128,130,131" machi="57" ten="30,7900,0" yaku="1,1,0,1,19,1,54,1,53,0" doraHai="108" doraHaiUra="79" who="0" fromWho="0" sc="225,92,167,-21,370,-21,228,-40" /><INIT seed="4,0,0,0,0,127" ten="317,146,349,188" oya="0" hai0="91,117,125,45,68,73,99,119,17,57,79,113,51" hai1="2,61,18,86,112,63,50,131,41,100,27,8,97" hai2="0,59,130,74,110,102,21,124,46,65,80,25,114" hai3="6,101,60,135,133,47,132,115,55,69,105,22,10"/><T122/><D122/><U29/><E112/><V98/><F110/><W85/><G115/><T48/><D113/><U16/><E131/><V42/><F0/><W90/><G105/><T77/><D68/><U23/><E86/><V49/><F124/><W103/><G22/><T30/><D125/><U15/><E2/><V38/><F114/><W71/><G47/><T54/><D30/><U89/><E89/><V7/><F7/><W37/><G37/><T83/><D77/><U52/><E41/><V13/><F13/><N who="3" m="5335" /><G55/><T1/><D1/><U31/><E31/><V56/><F38/><W87/><G87/><T76/><D76/><U70/><E70/><N who="3" m="26634" /><G60/><T107/><D17/><U94/><REACH who="1" step="1"/><E18/><REACH who="1" ten="317,136,349,188" step="2"/><V81/><F42/><W78/><G78/><T4/><D79/><U34/><E34/><V92/><F74/><W66/><G66/><T35/><D35/><U33/><E33/><V3/><F65/><W84/><G84/><T111/><D73/><U109/><E109/><V96/><F3/><W104/><G104/><T118/><D107/><U128/><E128/><V121/><F130/><W108/><G108/><T43/><D111/><U39/><E39/><V5/><F5/><W82/><AGARI ba="0,1" hai="82,85,90,101,103,132,133,135" m="26634,5335" machi="82" ten="40,1500,0" yaku="20,1" doraHai="127" who="3" fromWho="3" sc="317,-7,136,-4,349,-4,188,25" /><INIT seed="5,0,0,1,2,31" ten="310,132,345,213" oya="1" hai0="87,56,38,83,101,17,1,63,20,37,116,54,74" hai1="64,124,35,86,9,6,134,78,135,7,45,46,14" hai2="67,82,93,40,117,128,42,48,132,111,69,62,66" hai3="49,8,80,36,29,88,3,18,57,76,90,113,125"/><U47/><E124/><V27/><F111/><W84/><G36/><T107/><D74/><U120/><E120/><V2/><F117/><W13/><G125/><T50/><D1/><U32/><E64/><V77/><F132/><N who="1" m="50729" /><E6/><V98/><F2/><W16/><G113/><T24/><D116/><U70/><E70/><V55/><F67/><W41/><G3/><T33/><D33/><N who="1" m="12875" /><E86/><V0/><F0/><W114/><G29/><T118/><D87/><U92/><E92/><V52/><F66/><W61/><G18/><T21/><D17/><U12/><E78/><V85/><F69/><W4/><G114/><T44/><D118/><U60/><E14/><V131/><F93/><W123/><G123/><T43/><D107/><U30/><E60/><V34/><F62/><W11/><G4/><T19/><D63/><U25/><E45/><V75/><F85/><W5/><G5/><T121/><D44/><U71/><E71/><V23/><F77/><W106/><G106/><T97/><D121/><U105/><E105/><V112/><F112/><W65/><G11/><T108/><D108/><U53/><E53/><V58/><F55/><W15/><G13/><T126/><D54/><U109/><E109/><V10/><F10/><W94/><G94/><T115/><D126/><U68/><E68/><V100/><F52/><W28/><G28/><T95/><D95/><U39/><E39/><V122/><F122/><W79/><G76/><T119/><D38/><U104/><E104/><V133/><F133/><W81/><G81/><T22/><D37/><U96/><E96/><V130/><F82/><RYUUKYOKU ba="0,0" sc="310,-15,132,15,345,-15,213,15" hai1="7,9,12,25,30,46,47" hai3="8,15,16,41,49,57,61,65,79,80,84,88,90" /><INIT seed="5,1,0,3,1,118" ten="295,147,330,228" oya="1" hai0="85,38,34,47,70,115,69,116,124,119,46,2,11" hai1="37,110,1,99,133,59,57,35,45,18,104,43,68" hai2="113,120,0,42,101,49,121,52,21,33,62,114,82" hai3="9,19,128,28,96,56,3,12,103,30,107,26,106"/><U29/><E68/><V100/><F33/><W60/><G128/><T109/><D109/><U90/><E110/><V125/><F0/><W63/><G107/><T111/><D111/><U40/><E1/><V130/><F130/><W10/><G30/><T64/><D47/><U39/><E133/><V41/><F82/><W15/><G3/><T123/><D85/><U93/><E104/><V36/><F21/><W67/><G63/><T71/><D64/><U73/><E73/><V8/><F8/><W53/><G53/><T48/><D48/><U24/><REACH who="1" step="1"/><E18/><REACH who="1" ten="295,137,330,228" step="2"/><V20/><F114/><W65/><G19/><T127/><D2/><U5/><E5/><V72/><F72/><W80/><G106/><T88/><D71/><U95/><E95/><V134/><F113/><W74/><G74/><T89/><D115/><U22/><E22/><V6/><F6/><W23/><G23/><T92/><D69/><U122/><E122/><V94/><F20/><W105/><G105/><T32/><D70/><U117/><E117/><V4/><F4/><W76/><G10/><T84/><D11/><U78/><E78/><V87/><F134/><W112/><G9/><T79/><D119/><U66/><E66/><V54/><F121/><W83/><G67/><T50/><D123/><U27/><E27/><V55/><F120/><W126/><G112/><T7/><D116/><U135/><E135/><V17/><F17/><W102/><G76/><T13/><D79/><U81/><E81/><V16/><F16/><W86/><G83/><T44/><D92/><U75/><E75/><V61/><F94/><RYUUKYOKU ba="1,1" sc="295,-10,137,30,330,-10,228,-10" hai1="24,29,35,37,39,40,43,45,57,59,90,93,99" /><INIT seed="5,2,1,0,3,118" ten="285,167,320,218" oya="1" hai0="86,83,27,8,81,114,90,66,33,16,100,71,50" hai1="39,135,102,46,112,36,18,45,26,70,127,62,43" hai2="63,126,34,116,35,52,97,104,113,124,110,121,105" hai3="108,57,12,49,44,131,95,80,111,42,84,133,106"/><U59/><E102/><V23/><F110/><W25/><G106/><T48/><D114/><U122/><E26/><V128/><F116/><W21/><G133/><T72/><D100/><U54/><E18/><V69/><F113/><W29/><G131/><T82/><D71/><U13/><E13/><V32/><F128/><W99/><G57/><T91/><D66/><N who="1" m="41303" /><E112/><V78/><F78/><W75/><G75/><T0/><D0/><U55/><E135/><V134/><F134/><W28/><G12/><T51/><D72/><U89/><E89/><N who="0" m="33801" /><D33/><U60/><E127/><V92/><F23/><W94/><G29/><T61/><D61/><U85/><E85/><V107/><F69/><W20/><G20/><N who="0" m="13703" /><D8/><U130/><E130/><V123/><F63/><W58/><G111/><T77/><AGARI ba="2,1" hai="48,50,51,77,81,82,83,86" m="13703,33801" machi="77" ten="30,2000,0" yaku="8,1,54,1" doraHai="118" who="0" fromWho="0" sc="285,36,167,-12,320,-7,218,-7" /><INIT seed="6,0,0,2,3,19" ten="321,155,313,211" oya="2" hai0="20,104,40,37,133,25,64,74,124,50,67,94,4" hai1="29,90,53,26,123,11,73,131,0,99,45,38,77" hai2="22,57,44,113,108,76,95,15,69,55,100,125,101" hai3="16,23,54,49,70,116,1,129,71,121,3,115,6"/><V60/><F113/><W114/><G121/><T33/><D124/><U81/><E123/><V59/><F69/><N who="3" m="26123" /><G116/><T109/><D37/><U68/><E68/><V56/><F125/><W96/><G6/><T92/><D74/><U42/><E131/><V24/><F108/><W82/><G82/><T126/><D104/><U134/><E134/><V106/><F106/><W66/><G96/><T127/><D33/><U13/><E53/><V39/><F76/><W18/><G66/><T12/><D109/><U61/><E61/><V5/><F39/><W79/><G18/><T78/><D78/><U28/><E99/><N who="2" m="59519" /><F44/><N who="3" m="27943" /><G79/><T84/><D133/><U34/><E90/><V132/><F101/><W111/><G111/><T103/><D103/><U122/><E122/><V120/><F120/><W118/><G118/><T58/><D127/><U97/><E97/><V65/><F65/><W36/><G36/><T112/><D67/><U9/><E29/><N who="2" m="17559" /><F132/><W87/><G129/><T46/><D64/><U105/><E105/><V47/><F47/><W98/><G98/><T75/><D46/><U89/><E89/><V117/><F117/><W41/><G87/><T135/><D84/><U63/><E63/><V83/><F83/><W107/><G107/><T88/><D135/><U14/><REACH who="1" step="1"/><E11/><AGARI ba="0,0" hai="5,11,15,55,56,57,59,60" m="17559,59519" machi="11" ten="30,2900,0" yaku="8,1,52,1" doraHai="19" who="2" fromWho="1" sc="321,0,155,-29,313,29,211,0" /><INIT seed="6,1,0,1,2,83" ten="321,126,342,211" oya="2" hai0="40,68,90,57,9,124,106,119,23,125,25,53,10" hai1="81,32,116,27,71,133,114,123,56,86,19,34,76" hai2="78,52,48,42,100,99,77,73,55,26,70,95,65" hai3="107,115,39,46,20,69,121,98,67,92,11,75,18"/><V5/><F73/><W12/><G121/><T49/><D119/><U131/><E71/><V62/><F42/><W66/><G75/><T3/><D68/><U80/><E116/><V0/><F55/><W129/><G107/><T87/><D106/><U84/><E123/><V88/><F26/><W1/><G129/><T85/><D40/><U132/><E131/><V135/><F135/><N who="1" m="51785" /><E114/><V14/><F0/><W41/><G69/><T33/><D33/><N who="1" m="12907" /><E56/><V51/><F51/><W130/><G130/><T105/><D105/><U2/><E2/><V104/><F5/><W8/><G115/><T61/><D61/><U38/><E38/><V109/><F14/><W122/><G122/><T127/><D90/><U30/><E19/><V117/><F109/><W134/><G134/><T72/><D72/><N who="1" m="43015" /><E81/><V128/><F128/><W103/><G1/><T120/><D120/><U47/><E47/><V110/><F110/><W6/><G6/><N who="0" m="1247" /><D10/><U28/><E28/><AGARI ba="1,0" hai="23,25,28,49,53,57,85,87,124,125,127" m="1247" machi="28" ten="30,3900,0" yaku="18,1,52,2" doraHai="83" who="0" fromWho="1" sc="321,42,126,-42,342,0,211,0" /><INIT seed="7,0,0,2,2,7" ten="363,84,342,211" oya="3" hai0="61,102,114,105,47,44,11,67,57,54,94,78,115" hai1="93,43,58,96,124,84,0,71,72,15,91,19,104" hai2="2,52,131,6,21,25,66,39,30,83,98,45,88" hai3="56,27,24,51,3,46,65,80,18,109,59,99,69"/><W77/><G3/><T130/><D105/><U42/><E71/><V70/><F131/><W40/><G109/><T107/><D107/><U10/><E72/><V33/><F70/><W112/><G112/><N who="0" m="43051" /><D130/><U76/><E0/><V20/><F66/><W118/><G118/><T68/><D78/><U101/><E124/><V29/><F39/><W126/><G126/><T64/><D64/><U125/><E125/><V75/><F75/><W35/><G35/><T22/><D22/><U86/><E58/><V4/><F2/><W134/><G134/><T32/><D32/><U123/><E123/><V34/><F34/><W38/><G99/><N who="0" m="59767" /><D11/><U13/><E84/><N who="2" m="50207" /><F98/><W12/><G38/><T116/><D116/><U14/><E76/><V133/><F133/><W129/><G69/><T127/><D127/><U87/><E87/><V55/><F33/><W5/><G5/><N who="2" m="2153" /><F45/><W36/><G36/><T100/><D100/><U120/><E120/><V62/><F62/><AGARI ba="0,0" hai="44,47,54,57,61,62,67,68" m="59767,43051" machi="62" ten="30,2000,0" yaku="15,1,11,1" doraHai="7" who="0" fromWho="2" sc="363,20,84,0,342,-20,211,0" owari="383,49.0,84,-42.0,322,12.0,211,-19.0" /></mjloggm>