<mjloggm ver="2.3"><GO type="169" lobby="0"/><UN n0="%E3%81%8A%E3%82%8A%E3%81%BE%E3%81%A4" n1="%E3%81%8B%E3%81%A3%E9%A3%9B%E3%81%B0%E3%81%9B%E5%85%A8%E9%83%A8" n2="%7A%6F%6F%31%39%36%34" n3="%6B%5F%6D%5F%62" dan="16,16,18,16" rate="2091.24,2102.12,2223.27,2159.84" sx="M,M,M,M"/><TAIKYOKU oya="0"/><INIT seed="0,0,0,0,1,59" ten="250,250,250,250" oya="0" hai0="82,119,72,96,7,22,104,68,90,75,25,52,127" hai1="6,122,45,27,16,131,132,133,111,66,37,46,115" hai2="70,31,49,78,112,124,106,21,3,83,125,35,10" hai3="102,117,95,12,113,77,92,85,134,23,121,63,71"/><T116/><D68/><U88/><E122/><V123/><F112/><W33/><G113/><T4/><D127/><U108/><E115/><V20/><F106/><W28/><G117/><T81/><D104/><U14/><E131/><V94/><F123/><W34/><G134/><N who="1" m="51818" /><E66/><V100/><F70/><W8/><G121/><T40/><D40/><N who="1" m="22671" /><E46/><V130/><F130/><W73/><G73/><T107/><D107/><U51/><E51/><V42/><F49/><W93/><G102/><T13/><D96/><U109/><E6/><N who="2" m="1375" /><F42/><W118/><G118/><T15/><D22/><N who="1" m="11543" /><E27/><V58/><F58/><W1/><G1/><T91/><REACH who="0" step="1"/><D25/><REACH who="0" ten="240,250,250,250" step="2"/><U80/><E111/><V43/><F43/><W36/><G23/><T26/><D26/><U56/><E56/><V64/><F21/><W65/><G34/><T17/><D17/><U69/><E69/><V61/><F20/><W128/><G33/><T101/><D101/><U38/><E38/><V99/><F35/><W0/><G36/><T67/><D67/><U120/><E120/><V129/><F129/><W105/><G105/><T86/><D86/><AGARI ba="0,1" hai="80,86,88,108,109" m="11543,22671,51818" machi="86" ten="30,3900,0" yaku="20,1,54,2" doraHai="59" who="1" fromWho="0" sc="240,-39,250,49,250,0,250,0" /><INIT seed="1,0,0,1,0,114" ten="201,299,250,250" oya="1" hai0="100,6,65,91,38,108,88,47,26,46,44,77,132" hai1="36,58,39,123,7,30,63,121,50,48,52,125,57" hai2="87,21,24,28,68,12,107,49,130,25,16,84,117" hai3="82,134,69,2,90,1,54,27,37,86,4,35,120"/><U33/><E7/><V110/><F117/><W19/><G120/><N who="1" m="46154" /><E30/><V113/><F113/><W10/><G134/><T29/><D108/><U73/><E33/><V109/><F107/><W23/><G69/><T98/><D77/><U95/><E73/><V31/><F68/><W64/><G64/><T118/><D65/><N who="1" m="39151" /><E95/><V80/><F130/><W66/><G66/><T99/><D132/><U14/><E14/><V133/><F133/><W8/><G37/><N who="1" m="14410" /><E125/><V101/><F101/><W40/><G35/><T104/><D38/><U9/><E9/><V43/><F31/><W126/><G126/><T67/><D6/><U11/><E11/><V53/><F25/><W51/><G10/><T70/><D98/><U45/><E45/><V15/><F43/><W89/><G40/><T93/><D91/><U13/><E13/><V61/><F12/><W60/><G2/><T56/><D70/><U105/><E105/><V135/><F135/><W119/><G89/><T76/><D76/><U122/><N who="1" m="46162" /><U79/><DORA hai="128" /><E79/><V71/><F15/><W42/><G42/><T17/><D17/><U83/><E83/><V22/><F28/><W5/><G5/><T72/><D72/><U0/><E0/><V55/><F22/><W3/><G3/><T102/><D104/><U103/><E103/><V116/><F80/><W32/><G32/><T75/><D75/><U97/><E97/><V112/><F24/><W94/><G82/><T85/><D102/><U59/><E59/><V131/><F21/><W20/><G20/><T81/><D26/><U127/><E127/><V124/><F124/><RYUUKYOKU ba="0,0" sc="201,-10,299,30,250,-10,250,-10" hai1="48,50,52,58" /><INIT seed="1,1,0,2,3,39" ten="191,329,240,240" oya="1" hai0="7,34,41,110,5,87,21,49,64,92,29,99,16" hai1="31,0,23,126,78,51,119,81,13,40,69,6,25" hai2="46,50,134,131,35,74,67,94,107,66,106,83,42" hai3="130,79,85,122,30,118,113,17,108,70,125,1,101"/><U121/><E119/><V65/><F134/><W82/><G113/><T115/><D110/><U100/><E121/><V8/><F131/><W109/><G122/><T103/><D115/><U86/><E126/><V3/><F35/><W111/><G125/><T80/><D64/><U123/><E123/><V14/><F3/><W20/><G130/><T52/><D29/><U77/><E69/><V11/><F8/><W12/><G118/><T36/><D34/><U60/><E60/><V32/><F32/><W59/><G70/><T135/><D135/><U56/><E100/><V53/><F94/><W68/><G68/><T28/><D28/><U133/><E133/><V48/><F83/><W22/><G1/><T10/><D10/><N who="1" m="4311" /><E0/><V38/><F74/><W112/><G112/><T45/><D87/><U97/><E97/><V75/><F75/><W91/><G101/><T84/><D84/><U89/><E56/><V76/><F76/><W55/><G30/><T120/><D80/><U132/><E132/><V128/><F128/><W71/><G71/><T96/><D99/><U72/><E72/><V88/><F38/><W57/><G57/><T105/><D105/><U26/><E25/><V15/><F107/><W124/><G124/><T61/><D61/><U2/><E2/><V127/><F106/><W63/><G79/><T95/><D120/><U37/><E37/><V62/><F62/><W44/><G44/><AGARI ba="1,0" hai="23,26,31,40,44,51,77,78,81,86,89" m="4311" machi="44" ten="30,2900,0" yaku="8,1,52,1" doraHai="39" who="1" fromWho="3" sc="191,0,329,32,240,0,240,-32" /><INIT seed="1,2,0,1,2,50" ten="191,361,240,208" oya="1" hai0="54,104,27,117,61,25,134,88,21,41,7,86,85" hai1="90,37,0,129,87,112,116,34,77,8,38,97,46" hai2="57,109,3,107,115,84,12,45,64,80,42,32,65" hai3="30,43,51,2,22,74,40,15,78,62,121,120,9"/><U6/><E112/><V5/><F109/><W24/><G2/><T10/><D117/><U20/><E116/><V106/><F32/><W135/><G135/><T83/><D104/><U63/><E34/><V91/><F3/><W59/><G74/><T128/><D134/><U33/><E33/><V53/><F115/><W17/><G78/><T47/><D128/><U75/><E129/><V29/><F29/><W44/><REACH who="3" step="1"/><G43/><REACH who="3" ten="191,361,240,198" step="2"/><T111/><D111/><U18/><E75/><V67/><F42/><W119/><G119/><T69/><D69/><U19/><E77/><V81/><F107/><W71/><G71/><T28/><D85/><U131/><E0/><V73/><F106/><W108/><G108/><T124/><D124/><U94/><E87/><V79/><F73/><W93/><G93/><T68/><D68/><U122/><E94/><V123/><F79/><W49/><G49/><T36/><D61/><U99/><E63/><V92/><F123/><W16/><G16/><T72/><D72/><U95/><E95/><V102/><F102/><W113/><G113/><T1/><REACH who="0" step="1"/><D27/><REACH who="0" ten="181,361,240,198" step="2"/><U103/><E131/><V60/><F84/><W105/><G105/><T48/><D48/><U14/><E122/><V11/><F60/><W31/><G31/><T82/><D82/><U114/><E114/><V110/><F110/><W66/><AGARI ba="2,2" hai="9,15,17,22,24,30,40,44,51,59,62,66,120,121" machi="66" ten="20,5200,0" yaku="1,1,0,1,7,1,53,1" doraHai="50" doraHaiUra="23" who="3" fromWho="3" sc="181,-15,361,-28,240,-15,198,78" /><INIT seed="2,0,0,4,0,10" ten="166,333,225,276" oya="2" hai0="60,104,11,58,68,24,106,87,33,79,103,83,125" hai1="70,17,36,77,108,45,67,81,118,113,119,35,82" hai2="21,114,23,135,75,12,101,88,49,32,62,63,85" hai3="112,41,0,64,42,109,93,90,39,107,84,3,66"/><V86/><F75/><W26/><G109/><T43/><D68/><U116/><E113/><V15/><F32/><W97/><G112/><T134/><D125/><U34/><E108/><V52/><F101/><W110/><G110/><T127/><D127/><U122/><E122/><V1/><F1/><W48/><G39/><T55/><D134/><U22/><E67/><V38/><F38/><W53/><G3/><T69/><D69/><U25/><E70/><V8/><F135/><W28/><G0/><T57/><D43/><U94/><E82/><N who="2" m="49207" /><F86/><W44/><G64/><T2/><D58/><U111/><E111/><V115/><F115/><W124/><G66/><T16/><D103/><U6/><E94/><V131/><F131/><W117/><G117/><T37/><D37/><U18/><E81/><V50/><F50/><W46/><G124/><T121/><D121/><U54/><E36/><V89/><F89/><N who="3" m="55471" /><G107/><T27/><D27/><U73/><E34/><V14/><F8/><W20/><G46/><T102/><D102/><U30/><E35/><V51/><F51/><W31/><G31/><T71/><D71/><U96/><E73/><V19/><F114/><W47/><G47/><T29/><REACH who="0" step="1"/><D2/><REACH who="0" ten="156,333,225,276" step="2"/><U95/><E118/><V128/><F128/><W100/><G100/><T123/><D123/><U59/><E116/><V65/><F65/><W126/><G126/><T105/><D105/><U74/><E119/><V133/><F133/><W40/><G40/><T9/><D9/><U130/><E130/><V13/><F23/><W98/><G42/><T5/><D5/><U80/><E6/><RYUUKYOKU ba="0,1" sc="156,15,333,-15,225,15,276,-15" hai0="11,16,24,29,33,55,57,60,79,83,87,104,106" hai2="12,13,14,15,19,21,49,52,62,63" /><INIT seed="2,1,1,4,5,80" ten="171,318,240,261" oya="2" hai0="5,54,10,8,73,44,77,36,81,105,40,108,13" hai1="33,129,59,125,121,88,118,126,95,53,101,90,85" hai2="19,46,25,4,72,91,123,28,21,32,62,134,135" hai3="92,45,31,16,50,52,58,96,132,99,47,114,20"/><V100/><F123/><W102/><G132/><N who="2" m="50729" /><F72/><W107/><G114/><T79/><D108/><U34/><E118/><V15/><F100/><W23/><G31/><T117/><D79/><U11/><E121/><V26/><F62/><W111/><G111/><T37/><D37/><U104/><E129/><V131/><F131/><W120/><G23/><T116/><D54/><U69/><E69/><V51/><F91/><W75/><G75/><T106/><D10/><U127/><E11/><N who="2" m="4583" /><F51/><W27/><REACH who="3" step="1"/><G120/><REACH who="3" ten="171,318,240,251" step="2"/><T87/><REACH who="0" step="1"/><D73/><REACH who="0" ten="161,318,240,251" step="2"/><U122/><E122/><V49/><F49/><W65/><G65/><T38/><D38/><U64/><E64/><V110/><F46/><W6/><G6/><T94/><D94/><U133/><E133/><V86/><F110/><W14/><G14/><T24/><D24/><U41/><E127/><V71/><F26/><W93/><G93/><T89/><D89/><AGARI ba="1,3" hai="16,20,27,45,47,50,52,58,89,92,96,99,102,107" machi="89" ten="30,7700,0" yaku="1,1,7,1,54,2,53,0" doraHai="80" doraHaiUra="70" who="3" fromWho="0" sc="161,-80,318,0,240,0,251,110" /><INIT seed="3,0,0,1,1,99" ten="81,318,240,361" oya="3" hai0="66,73,41,79,70,68,127,134,131,106,129,25,59" hai1="78,87,42,105,39,81,104,62,93,34,122,15,89" hai2="27,9,119,103,40,72,31,67,76,71,130,18,102" hai3="112,14,53,108,33,135,37,84,38,75,97,128,107"/><W45/><G112/><T114/><D25/><U113/><E113/><V82/><F119/><W100/><G75/><T1/><D114/><U16/><E122/><V23/><F130/><N who="0" m="49674" /><D1/><U0/><E0/><V120/><F120/><W6/><G128/><T65/><D106/><U17/><E34/><V115/><F115/><W117/><G117/><T30/><D30/><U125/><E125/><V95/><F40/><W110/><G135/><T49/><D79/><U90/><E90/><V51/><F51/><N who="3" m="28911" /><G33/><T74/><D127/><U48/><E39/><V63/><F9/><N who="3" m="4407" /><G84/><T94/><D94/><U26/><E105/><V44/><F44/><W12/><G12/><T116/><D116/><U111/><E104/><V86/><F72/><N who="0" m="27754" /><D49/><U54/><E87/><V123/><F123/><W7/><G7/><T101/><D101/><U91/><E15/><V50/><F50/><W60/><G60/><T85/><D85/><U47/><E62/><V55/><F95/><W19/><G19/><T28/><D28/><U56/><E17/><V69/><F31/><W80/><G80/><T11/><D11/><U35/><E81/><V43/><F103/><W58/><G58/><T61/><D41/><U132/><E42/><V46/><F102/><W118/><G118/><T21/><D21/><U57/><E35/><V96/><F43/><W36/><G36/><T4/><D4/><U3/><E3/><V20/><F20/><W52/><G52/><N who="0" m="34023" /><D134/><U32/><E132/><V126/><F126/><W83/><G83/><T24/><D24/><U133/><E133/><V92/><F82/><W124/><G124/><RYUUKYOKU ba="0,0" sc="81,15,318,-15,240,-15,361,15" hai0="65,66,68,70" hai3="37,38,97,100,107,108,110" /><INIT seed="3,1,0,1,2,18" ten="96,303,225,376" oya="3" hai0="75,13,59,134,20,89,115,9,7,8,3,111,112" hai1="101,50,63,24,6,32,124,43,39,27,11,33,130" hai2="84,109,21,19,1,47,114,4,90,73,60,135,81" hai3="120,45,29,94,65,69,25,62,42,36,122,97,132"/><W49/><G132/><T67/><D75/><U116/><E39/><V76/><F114/><N who="0" m="43562" /><D89/><U108/><E108/><V95/><F109/><W57/><G69/><T85/><D85/><U41/><E124/><V51/><F135/><W52/><G36/><T34/><D59/><U35/><E130/><V71/><F4/><W117/><G117/><T10/><D67/><U126/><E126/><V68/><F1/><W129/><G129/><T131/><D131/><U100/><E116/><V0/><F0/><W23/><G42/><T72/><D72/><U66/><E100/><AGARI ba="1,0" hai="23,25,29,45,49,52,57,62,65,94,97,100,120,122" machi="100" ten="30,12000,1" yaku="7,1,25,2,52,1,54,1" doraHai="18" who="3" fromWho="1" sc="96,0,303,-123,225,0,376,123" /><INIT seed="3,2,0,3,1,100" ten="96,180,225,499" oya="3" hai0="101,63,39,14,46,35,47,91,61,106,76,107,89" hai1="114,53,38,84,2,13,33,34,42,126,103,117,9" hai2="36,64,131,74,122,17,129,21,115,111,83,95,132" hai3="68,3,58,79,120,81,119,128,99,50,10,28,24"/><W82/><G119/><T130/><D35/><U85/><E114/><V116/><F115/><W44/><G68/><T96/><D130/><U23/><E2/><V41/><F116/><W73/><G120/><T121/><D121/><U75/><E75/><V0/><F0/><W78/><G128/><N who="2" m="49225" /><F64/><W26/><G58/><T109/><D109/><U94/><E126/><V113/><F95/><W54/><G99/><T55/><D101/><U7/><E38/><V93/><F93/><W118/><G118/><T11/><D76/><U112/><E42/><V108/><F132/><W80/><G80/><T65/><D14/><U86/><E112/><V77/><F122/><W69/><G69/><T98/><D55/><U20/><E117/><V62/><F62/><W59/><G59/><T66/><REACH who="0" step="1"/><D11/><REACH who="0" ten="86,180,225,499" step="2"/><U30/><E53/><V71/><F113/><W57/><G78/><T123/><D123/><U56/><E34/><V49/><F111/><W48/><G79/><T16/><D16/><U40/><E33/><V32/><F32/><W27/><G73/><T52/><D52/><U31/><E103/><V22/><F17/><W133/><G133/><T18/><D18/><U67/><E13/><V43/><F108/><W72/><G72/><T125/><D125/><U45/><E9/><V134/><F134/><W87/><G10/><T6/><D6/><U5/><E7/><V97/><F74/><W19/><G19/><T102/><D102/><U1/><E5/><V127/><F127/><W12/><G12/><T124/><D124/><U51/><E1/><V15/><F15/><W104/><G3/><RYUUKYOKU ba="2,1" sc="86,30,180,-10,225,-10,499,-10" hai0="39,46,47,61,63,65,66,89,91,96,98,106,107" /><INIT seed="4,3,1,5,2,107" ten="116,170,215,489" oya="0" hai0="13,102,95,58,26,25,118,53,69,98,27,35,46" hai1="105,91,72,85,94,106,83,40,93,97,88,6,131" hai2="54,24,3,20,36,31,22,100,41,130,48,39,89" hai3="4,64,101,61,15,86,92,134,114,1,90,87,103"/><T133/><D69/><U5/><E40/><V116/><F3/><W57/><G114/><T2/><D118/><U78/><E5/><V111/><F111/><W45/><G134/><T127/><D133/><U129/><E6/><V77/><F116/><W32/><G32/><T121/><D121/><U132/><E132/><V12/><F130/><AGARI ba="3,1" hai="72,78,83,85,88,91,93,94,97,105,106,129,130,131" machi="130" ten="40,12000,2" yaku="19,1,34,3,52,1,54,1" doraHai="107" who="1" fromWho="2" sc="116,0,170,139,215,-129,489,0" /><INIT seed="5,0,0,3,0,58" ten="116,309,86,489" oya="1" hai0="97,119,47,135,53,8,104,66,131,27,11,3,79" hai1="54,31,19,127,122,23,117,102,43,74,134,109,112" hai2="10,30,17,29,120,24,15,116,9,49,78,76,114" hai3="4,48,65,46,83,87,86,81,38,1,99,5,57"/><U39/><E43/><V124/><F120/><W105/><G1/><T68/><D119/><U82/><E102/><V90/><F116/><W70/><G70/><T7/><D79/><U96/><E54/><V34/><F124/><W13/><G105/><T108/><D108/><U128/><E19/><V45/><F114/><W71/><G71/><T91/><D135/><U95/><E23/><V121/><F121/><W6/><G99/><T67/><D131/><U56/><E56/><V40/><F30/><W2/><G2/><T55/><D11/><U14/><E14/><V61/><F9/><W41/><G13/><T20/><D47/><U28/><E95/><V103/><F103/><W59/><G38/><T21/><D21/><U64/><E64/><V93/><REACH who="2" step="1"/><F61/><REACH who="2" ten="116,309,76,489" step="2"/><W88/><G65/><T32/><D67/><U26/><E28/><V12/><F12/><W36/><G36/><T84/><D66/><U63/><E63/><V44/><F44/><W126/><REACH who="3" step="1"/><G126/><REACH who="3" ten="116,309,76,479" step="2"/><T73/><D68/><U16/><E127/><V132/><F132/><W130/><G130/><T85/><D3/><U75/><E128/><V111/><F111/><W22/><G22/><T37/><D20/><U92/><E109/><V62/><F62/><W113/><G113/><T77/><D37/><U98/><E39/><V107/><F107/><W25/><G25/><T94/><D27/><U18/><E26/><V52/><F52/><W106/><G106/><T72/><D55/><U0/><E112/><V69/><F69/><W125/><G125/><T50/><D53/><U80/><E134/><V123/><F123/><RYUUKYOKU ba="0,2" sc="116,-15,309,-15,76,15,479,15" hai2="10,15,17,24,29,34,40,45,49,76,78,90,93" hai3="4,5,6,41,46,48,57,59,81,83,86,87,88" /><INIT seed="6,1,2,5,5,81" ten="101,294,91,494" oya="2" hai0="16,121,135,56,118,102,57,116,14,124,27,73,25" hai1="131,112,76,101,62,39,79,75,66,59,129,5,29" hai2="10,9,133,47,70,110,53,40,83,130,113,108,32" hai3="46,37,45,134,99,77,119,18,52,68,82,90,88"/><V38/><F32/><W12/><G119/><N who="0" m="45611" /><D121/><U96/><E39/><V51/><F113/><W64/><G134/><T67/><D73/><U49/><E112/><V123/><F123/><W98/><G64/><T72/><D72/><U28/><E5/><V126/><F133/><W84/><G68/><T106/><D135/><U19/><E19/><V65/><F130/><N who="1" m="49673" /><E49/><V43/><F126/><W33/><G33/><T104/><D124/><U87/><E75/><V22/><F22/><N who="3" m="11591" /><G45/><T94/><D94/><N who="1" m="58519" /><E76/><V80/><F9/><W111/><G37/><T86/><D67/><U91/><E79/><V17/><F10/><W61/><G111/><N who="2" m="42537" /><F17/><W55/><G55/><T78/><D102/><U31/><E28/><V74/><F74/><W60/><G60/><T24/><D106/><U54/><E66/><V48/><F48/><N who="3" m="28695" /><G61/><T92/><D104/><U115/><E115/><V100/><F38/><W0/><G0/><T13/><D13/><U20/><E20/><V120/><F120/><W7/><G7/><T42/><D78/><U11/><E11/><V58/><F70/><W122/><G122/><T132/><D132/><U8/><E8/><V26/><F65/><W44/><G44/><T21/><D42/><N who="2" m="15914" /><F47/><W109/><G109/><T127/><D127/><U41/><E41/><V15/><F15/><W95/><G77/><T93/><D93/><AGARI ba="1,2" hai="29,31,54,59,62,87,91,93" m="58519,49673" machi="93" ten="30,2000,0" yaku="19,1,52,1" doraHai="81" who="1" fromWho="0" sc="101,-23,294,43,91,0,494,0" /><INIT seed="7,0,0,4,2,30" ten="78,337,91,494" oya="3" hai0="117,102,63,45,130,43,0,29,52,131,20,135,19" hai1="87,85,33,73,4,89,126,35,133,115,38,83,41" hai2="81,127,70,132,104,75,14,74,32,23,62,107,120" hai3="96,71,36,57,24,49,110,46,8,28,3,105,94"/><W124/><G71/><T99/><D117/><U27/><E115/><V113/><F113/><W15/><G105/><N who="2" m="40521" /><F14/><W93/><G3/><T56/><D0/><U47/><E126/><V125/><F23/><W9/><G110/><T60/><D135/><U7/><E133/><V82/><F32/><W42/><G124/><N who="2" m="47689" /><F120/><W114/><G114/><T69/><D29/><U66/><E73/><N who="2" m="27659" /><F132/><W72/><G72/><T6/><D6/><U98/><E98/><V100/><F100/><W108/><G108/><T80/><D80/><U95/><E66/><AGARI ba="0,0" hai="62,66,70,81,82" m="27659,47689,40521" machi="66" ten="40,1300,0" yaku="18,1" doraHai="30" who="2" fromWho="1" sc="78,0,337,-13,91,13,494,0" owari="78,-42.0,324,12.0,104,-30.0,494,60.0" /></mjloggm>