<mjloggm ver="2.3"><GO type="169" lobby="0"/><UN n0="%4E%4F%2E%E2%85%A0" n1="%7A%65%52%6F" n2="%E3%81%A4%E3%82%89%E3%81%84%E3%80%82" n3="%52%45%49%4E%E6%A3%AE%E4%B9%85%E4%BF%9D%50" dan="16,18,16,16" rate="2203.29,2165.79,2090.27,2133.69" sx="M,M,M,M"/><TAIKYOKU oya="0"/><INIT seed="0,0,0,4,0,16" ten="250,250,250,250" oya="0" hai0="95,60,28,67,8,108,135,106,98,6,36,103,133" hai1="124,102,32,14,46,63,97,116,48,1,45,82,27" hai2="13,52,85,120,87,83,73,76,75,61,68,30,114" hai3="81,62,59,130,71,10,20,96,11,127,119,107,112"/><T56/><D36/><U126/><E116/><V15/><F114/><W131/><G119/><T42/><D42/><U55/><E1/><V100/><F120/><W115/><G71/><T49/><D49/><U99/><E14/><V43/><F43/><W101/><G81/><T129/><D129/><N who="3" m="49161" /><G127/><N who="1" m="48682" /><E82/><V34/><F100/><W29/><G115/><T26/><D106/><U92/><E63/><V4/><F75/><W7/><G7/><T5/><D108/><U64/><E64/><V86/><F4/><W33/><G33/><T72/><D72/><U109/><E99/><V51/><F30/><W2/><G2/><T134/><REACH who="0" step="1"/><D8/><REACH who="0" ten="240,250,250,250" step="2"/><U58/><E109/><V111/><F111/><W38/><G112/><T53/><D53/><U78/><E55/><V123/><F123/><W23/><G38/><T69/><D69/><U80/><E48/><V22/><F68/><W88/><G29/><T54/><D54/><U65/><E65/><V84/><F73/><W104/><G10/><T18/><D18/><U132/><E58/><V40/><F40/><W125/><G11/><T44/><D44/><U17/><E17/><V24/><F51/><W113/><G125/><T0/><D0/><U57/><E57/><N who="2" m="34983" /><F34/><AGARI ba="0,1" hai="5,6,26,28,34,56,60,67,95,98,103,133,134,135" machi="34" ten="40,7700,0" yaku="1,1,20,1,53,1" doraHai="16" doraHaiUra="93" who="0" fromWho="2" sc="240,87,250,0,250,-77,250,0" /><INIT seed="0,1,0,3,5,21" ten="327,250,173,250" oya="0" hai0="96,77,123,89,81,30,51,88,37,94,103,134,112" hai1="85,133,60,95,87,76,98,109,34,93,101,97,28" hai2="124,19,73,13,10,59,50,61,126,92,120,18,122" hai3="83,8,129,57,47,64,84,90,107,54,41,100,114"/><T117/><D37/><U118/><E118/><V31/><F73/><W45/><G114/><T24/><D123/><N who="2" m="47146" /><F50/><W79/><G129/><T110/><D134/><U23/><E34/><V33/><F92/><W131/><G131/><T36/><D117/><U0/><E0/><V29/><F33/><W128/><G128/><T116/><D36/><U42/><E133/><V6/><F59/><W75/><G64/><T130/><D112/><U48/><E109/><V58/><F58/><W62/><G8/><T69/><D110/><U66/><E76/><V99/><F99/><W46/><G100/><T102/><D69/><U5/><E5/><V71/><F61/><W113/><G107/><T108/><D108/><U78/><E78/><V9/><F71/><W43/><REACH who="3" step="1"/><G113/><REACH who="3" ten="327,250,173,240" step="2"/><T39/><D103/><U15/><E66/><V86/><F10/><W72/><G72/><T16/><D102/><U25/><E101/><V82/><F126/><W4/><G4/><T38/><D130/><U3/><E3/><V127/><F124/><W135/><G135/><T1/><D116/><U7/><E7/><V67/><F67/><W56/><G56/><T63/><D1/><U12/><E12/><V115/><F127/><W17/><G17/><N who="2" m="6153" /><F115/><W125/><G125/><T49/><D16/><U52/><E15/><V14/><F14/><W80/><AGARI ba="1,1" hai="41,43,45,46,47,54,57,62,75,79,80,83,84,90" machi="80" ten="30,2000,0" yaku="1,1,0,1,53,0" doraHai="21" doraHaiUra="65" who="3" fromWho="3" sc="327,-11,250,-6,173,-6,240,33" /><INIT seed="1,0,0,3,5,36" ten="316,244,167,273" oya="1" hai0="64,123,94,43,85,51,129,117,99,77,127,42,66" hai1="50,107,71,56,46,29,22,119,126,63,69,134,59" hai2="44,104,13,98,5,0,8,28,37,39,91,47,92" hai3="114,102,21,97,55,109,54,101,53,4,49,111,10"/><U32/><E119/><V122/><F122/><W70/><G70/><N who="1" m="26634" /><E32/><V48/><F104/><W110/><G114/><T26/><D129/><U132/><E107/><V81/><F28/><W67/><G67/><N who="0" m="25643" /><D127/><U3/><E3/><V1/><F81/><W84/><G21/><T72/><D72/><U73/><E22/><V88/><F91/><W7/><G10/><T16/><D117/><U6/><E6/><N who="3" m="2090" /><G84/><T113/><D51/><U65/><E29/><V41/><REACH who="2" step="1"/><F39/><REACH who="2" ten="316,244,157,273" step="2"/><W128/><G128/><T115/><D123/><U62/><E73/><V18/><F18/><W31/><G31/><T87/><D113/><U105/><E105/><V15/><F15/><W33/><G33/><T95/><D115/><U2/><E2/><V24/><F24/><W80/><G80/><N who="0" m="47247" /><D16/><U125/><E125/><V25/><F25/><W120/><G120/><T93/><D26/><U135/><E126/><V12/><F12/><W74/><G74/><T60/><D87/><U108/><E108/><V35/><F35/><W86/><G86/><T45/><D99/><U58/><E65/><V131/><F131/><W19/><G19/><T82/><D82/><U79/><E79/><V9/><F9/><W130/><G130/><T96/><D96/><U38/><E38/><V40/><AGARI ba="0,1" hai="0,1,5,8,13,37,40,41,44,47,48,88,92,98" machi="40" ten="20,12000,2" yaku="1,1,0,1,7,1,52,2,54,1,53,0" doraHai="36" doraHaiUra="100" who="2" fromWho="2" sc="316,-30,244,-60,157,130,273,-30" /><INIT seed="2,0,0,1,1,107" ten="286,184,287,243" oya="2" hai0="127,56,84,106,44,128,78,89,95,72,71,73,90" hai1="129,126,123,31,119,4,18,3,110,104,30,54,52" hai2="66,76,50,101,135,6,1,7,83,2,26,80,13" hai3="133,116,11,35,68,22,12,134,105,37,15,88,125"/><V20/><F101/><W23/><G105/><T113/><D71/><U41/><E119/><V24/><F66/><W0/><G68/><T70/><D70/><U91/><E3/><V98/><F98/><W14/><G88/><N who="0" m="53639" /><D56/><U43/><E4/><V32/><F135/><N who="3" m="51723" /><G37/><T55/><D55/><U79/><E79/><V60/><F60/><W5/><G116/><T16/><D16/><U33/><E104/><V57/><F32/><W25/><G125/><T118/><D44/><U109/><E18/><N who="2" m="10319" /><F1/><W130/><G130/><T121/><D118/><U10/><E126/><V29/><F2/><W62/><G62/><T94/><D127/><U42/><E129/><V115/><F76/><W82/><G82/><N who="2" m="31273" /><F115/><W8/><G8/><T81/><D128/><U99/><E10/><V28/><F6/><W86/><G86/><N who="0" m="48439" /><D113/><U77/><E33/><V39/><F39/><W45/><G45/><T51/><D51/><U75/><E77/><V63/><F50/><W93/><G93/><T53/><D106/><U96/><E42/><V34/><F7/><W132/><N who="3" m="51731" /><W9/><DORA hai="114" /><G9/><T108/><D90/><U48/><E91/><V124/><F124/><W122/><G122/><T58/><D121/><U17/><E48/><V61/><F57/><W111/><G111/><T47/><D47/><U120/><E17/><V85/><F61/><W21/><G35/><T117/><D108/><U65/><E65/><V131/><F63/><W27/><AGARI ba="0,0" hai="0,5,11,12,14,15,21,22,23,25,27" m="51731" machi="27" ten="50,6400,0" yaku="20,1,34,2" doraHai="107,114" who="3" fromWho="3" sc="286,-16,184,-16,287,-32,243,64" /><INIT seed="3,0,0,3,3,91" ten="270,168,255,307" oya="3" hai0="17,30,19,111,12,107,22,67,130,108,134,27,66" hai1="87,126,41,72,92,28,89,24,21,6,98,20,95" hai2="15,32,101,51,54,68,0,105,47,121,33,7,43" hai3="113,123,132,96,74,122,124,23,65,70,10,16,78"/><W86/><G74/><T79/><D107/><U60/><E126/><V125/><F125/><W62/><G124/><T77/><D134/><U103/><E72/><V88/><F0/><W3/><G113/><T31/><D130/><U9/><E41/><V128/><F128/><W119/><G119/><T59/><D59/><U42/><E42/><V112/><F68/><W58/><G70/><T102/><D102/><U64/><E21/><V44/><F112/><W63/><G132/><T46/><D46/><U120/><E120/><V56/><F47/><W83/><G63/><T49/><D49/><U117/><E117/><V37/><F121/><W26/><REACH who="3" step="1"/><G96/><REACH who="3" ten="270,168,255,297" step="2"/><T129/><D129/><U73/><E73/><V135/><F135/><W118/><G118/><T131/><D131/><U106/><E106/><V45/><F37/><W97/><G97/><T104/><D104/><U40/><E40/><V14/><F43/><W69/><G69/><T1/><D111/><U127/><E127/><V5/><F105/><W35/><G35/><T18/><D108/><U36/><E36/><V116/><F116/><W13/><G13/><T93/><D12/><N who="2" m="4650" /><F33/><W100/><G100/><T29/><D1/><U2/><REACH who="1" step="1"/><E60/><REACH who="1" ten="270,158,255,297" step="2"/><V75/><F32/><W133/><G133/><T4/><D22/><U48/><E48/><V115/><F75/><W99/><G99/><T94/><D27/><U39/><E39/><V55/><F115/><W52/><G52/><T85/><D85/><U114/><E114/><V80/><F55/><W82/><G82/><T84/><D84/><U57/><E57/><V61/><F56/><RYUUKYOKU ba="0,2" sc="270,-15,158,15,255,-15,297,15" hai1="2,6,9,20,24,28,64,87,89,92,95,98,103" hai3="3,10,16,23,26,58,62,65,78,83,86,122,123" /><INIT seed="3,1,2,3,3,10" ten="255,173,240,312" oya="3" hai0="47,65,93,85,69,13,116,30,107,64,98,90,121" hai1="35,23,120,24,31,99,92,105,89,9,96,75,110" hai2="8,37,3,70,134,7,52,27,114,53,94,109,55" hai3="40,111,77,133,83,101,124,17,26,118,20,16,131"/><W106/><G118/><T14/><D121/><U82/><E120/><V68/><F114/><W2/><G2/><T73/><D73/><U15/><E110/><V43/><F109/><W127/><G111/><T51/><D116/><U25/><E75/><V22/><F134/><W88/><G133/><T28/><D107/><U32/><E82/><V67/><F67/><N who="0" m="25674" /><D69/><U66/><E66/><V0/><F0/><W119/><G119/><T72/><D72/><U48/><E48/><V1/><F1/><W76/><G40/><N who="0" m="25063" /><D98/><U74/><E74/><V128/><F128/><W4/><G131/><T5/><D5/><U59/><E59/><V49/><F37/><W102/><G4/><T44/><D44/><U122/><E122/><V125/><F43/><W123/><G123/><T103/><D103/><N who="3" m="39433" /><G106/><T60/><D60/><U54/><E54/><V57/><F70/><W21/><G127/><T19/><D13/><U86/><E105/><V11/><F68/><W79/><G124/><T18/><D19/><N who="3" m="7241" /><G26/><T63/><D63/><U6/><REACH who="1" step="1"/><E32/><REACH who="1" ten="255,163,240,312" step="2"/><V95/><F125/><W58/><G58/><T113/><D113/><U42/><E42/><V33/><F33/><W91/><G83/><T12/><D12/><U61/><E61/><V41/><F57/><W87/><G87/><T71/><D71/><U129/><E129/><V78/><F41/><W132/><G132/><T36/><D36/><U115/><E115/><V56/><F56/><W29/><G29/><AGARI ba="1,3" hai="6,9,15,23,24,25,29,31,35,86,89,92,96,99" machi="29" ten="30,3900,0" yaku="1,1,7,1,52,1,53,0" doraHai="10" doraHaiUra="112" who="1" fromWho="3" sc="255,0,163,72,240,0,312,-42" /><INIT seed="4,0,0,5,1,98" ten="255,235,240,270" oya="0" hai0="42,96,78,2,61,103,14,88,56,81,31,3,50" hai1="38,7,35,46,106,71,55,12,126,116,1,34,20" hai2="129,19,0,128,87,104,65,40,74,66,49,92,123" hai3="18,45,93,51,95,28,133,69,8,83,11,108,118"/><T119/><D119/><U79/><E116/><V21/><F74/><W109/><G69/><T26/><D14/><U124/><E71/><V82/><F104/><W62/><G118/><T134/><D134/><U99/><E79/><V48/><F0/><W122/><G133/><T41/><D88/><U10/><E20/><V33/><F33/><N who="1" m="12297" /><E12/><V63/><F123/><W89/><G28/><T29/><D2/><U117/><E55/><V64/><F92/><W90/><G83/><T6/><D6/><U52/><E52/><V132/><F132/><W73/><G62/><T37/><D37/><U43/><E117/><V68/><F63/><W70/><G70/><T85/><D3/><U57/><E57/><V114/><F68/><W76/><G76/><T4/><D4/><U84/><E84/><V72/><F72/><W17/><G73/><T22/><D50/><U77/><E77/><N who="2" m="46543" /><F40/><W24/><G51/><T97/><D29/><U75/><E75/><V112/><F49/><W115/><G45/><T9/><D9/><U127/><E127/><V54/><F54/><W23/><G23/><T100/><D56/><U53/><E53/><V39/><F39/><W13/><G13/><T27/><D61/><U67/><E67/><V105/><F48/><W44/><G44/><T111/><D27/><U102/><AGARI ba="0,0" hai="1,7,10,38,43,46,99,102,106,124,126" m="12297" machi="102" ten="30,2000,0" yaku="23,1,52,1" doraHai="98" who="1" fromWho="1" sc="255,-10,235,20,240,-5,270,-5" /><INIT seed="5,0,0,2,0,107" ten="245,255,235,265" oya="1" hai0="53,101,39,118,9,85,124,41,20,15,119,73,90" hai1="25,121,1,24,3,84,58,17,129,66,29,55,106" hai2="46,52,126,47,60,63,38,93,131,120,88,30,117" hai3="69,59,77,36,81,23,33,87,51,27,72,83,125"/><U102/><E121/><V50/><F117/><W115/><G69/><T98/><D73/><U104/><E129/><V26/><F120/><W127/><G33/><T94/><D20/><U2/><E66/><V19/><F131/><W62/><G51/><T34/><D34/><U92/><E17/><V57/><F126/><N who="3" m="48139" /><G36/><T54/><D124/><U99/><E84/><N who="2" m="52359" /><F30/><N who="3" m="17791" /><G115/><T21/><D21/><U45/><E45/><N who="2" m="16907" /><F38/><W95/><G95/><T8/><D41/><U49/><REACH who="1" step="1"/><E25/><REACH who="1" ten="245,245,235,265" step="2"/><V65/><F65/><N who="3" m="39135" /><G83/><T78/><D119/><U128/><E128/><V105/><F105/><W11/><G11/><T79/><D8/><U80/><E80/><V96/><F96/><W86/><AGARI ba="0,1" hai="72,77,81,86,87" m="39135,17791,48139" machi="86" ten="30,2000,0" yaku="18,1,52,1" doraHai="107" who="3" fromWho="3" sc="245,-5,245,-10,235,-5,265,30" /><INIT seed="6,0,0,3,0,35" ten="240,235,230,295" oya="2" hai0="110,93,92,128,46,44,117,103,30,127,9,73,34" hai1="119,63,123,107,97,87,58,91,104,29,38,114,120" hai2="68,74,81,43,1,41,27,90,85,79,111,89,51" hai3="121,75,42,16,100,33,11,28,31,102,135,106,70"/><V2/><F68/><W10/><G70/><T23/><D110/><U99/><E38/><V98/><F111/><W47/><G75/><T6/><D34/><U13/><E29/><N who="3" m="11338" /><G33/><T36/><D128/><U32/><E13/><V20/><F98/><N who="1" m="37385" /><E32/><V48/><F90/><W129/><G106/><N who="1" m="40490" /><E58/><V17/><F48/><N who="3" m="26743" /><G121/><N who="1" m="46666" /><E63/><V64/><F64/><W116/><G135/><T4/><D30/><U56/><E56/><V0/><REACH who="2" step="1"/><F51/><REACH who="2" ten="240,235,220,295" step="2"/><W5/><G116/><T40/><D117/><U76/><E119/><V124/><F124/><W26/><G129/><T7/><D127/><U88/><E114/><V78/><F78/><W61/><G61/><T24/><D36/><U84/><E76/><V62/><F62/><W131/><G131/><T130/><D130/><U113/><E113/><V69/><F69/><W86/><G102/><T71/><D103/><U112/><E112/><V122/><F122/><W54/><G100/><T21/><D71/><U115/><E115/><V67/><F67/><W65/><G65/><T49/><D49/><U12/><E91/><V3/><N who="2" m="0" /><DORA hai="18" /><V94/><AGARI ba="0,1" hai="17,20,27,41,43,74,79,81,85,89,94" m="0" machi="94" ten="60,24000,3" yaku="1,1,4,1,0,1,52,5,53,1" doraHai="35,18" doraHaiUra="15,50" who="2" fromWho="2" sc="240,-80,235,-80,220,250,295,-80" /><INIT seed="6,1,0,3,5,7" ten="160,155,470,215" oya="2" hai0="103,12,63,125,58,68,110,77,71,52,131,2,45" hai1="10,74,35,53,49,43,128,39,3,89,30,34,102" hai2="117,21,120,8,122,76,46,25,86,132,16,75,73" hai3="44,97,36,28,59,55,19,41,13,9,17,47,69"/><V15/><F117/><W56/><G69/><T101/><D110/><U14/><E74/><V60/><F132/><W22/><G28/><T95/><D2/><U135/><E3/><V107/><F107/><W54/><G97/><T84/><D131/><U65/><E135/><V42/><F60/><W27/><G36/><T62/><D125/><U4/><E65/><V70/><F70/><W100/><G100/><T94/><D45/><U119/><E102/><N who="0" m="38921" /><D71/><U105/><E105/><V113/><F113/><W64/><G41/><T20/><D63/><U48/><E119/><V85/><F75/><W1/><G64/><T92/><D68/><U129/><E89/><V0/><F0/><W6/><G1/><T82/><D20/><U87/><E87/><V134/><F134/><W33/><G33/><T66/><D12/><U78/><E78/><V124/><F124/><W90/><G90/><T61/><D61/><U37/><E43/><V88/><F73/><W18/><G47/><T31/><D31/><U108/><E108/><V118/><F76/><W57/><G44/><T51/><D51/><N who="1" m="19531" /><E53/><AGARI ba="1,0" hai="52,53,58,62,66,77,82,84,92,94,95" m="38921" machi="53" ten="30,2000,0" yaku="8,1,54,1" doraHai="7" who="0" fromWho="1" sc="160,23,155,-23,470,0,215,0" /><INIT seed="7,0,0,4,5,30" ten="183,132,470,215" oya="3" hai0="77,11,93,21,37,25,62,67,52,73,58,119,60" hai1="63,59,44,54,6,0,65,89,17,66,112,43,108" hai2="125,33,9,2,8,31,1,75,120,46,130,3,64" hai3="111,42,133,103,100,92,80,129,14,78,83,4,19"/><W88/><G111/><T97/><D119/><U12/><E112/><V39/><F75/><W107/><G4/><T99/><D37/><U85/><E108/><V56/><F125/><W68/><G68/><T123/><D123/><U96/><E96/><V98/><F33/><W16/><G129/><T69/><D11/><U91/><E6/><V50/><F31/><W87/><G42/><T72/><D77/><U48/><E0/><V102/><F39/><W29/><G29/><T53/><D53/><U36/><E36/><V38/><F38/><W5/><G133/><T61/><D61/><U105/><E105/><V71/><F130/><W51/><G51/><T49/><D49/><U101/><E101/><N who="3" m="38986" /><G107/><T122/><D99/><U118/><E118/><V121/><F71/><W74/><G74/><T79/><D79/><U114/><E114/><V127/><F127/><W32/><G32/><T23/><D23/><U57/><E57/><V76/><F121/><W90/><G78/><T116/><D122/><U131/><E131/><V41/><F76/><W70/><G70/><T27/><D27/><U35/><E35/><V22/><F120/><W115/><G115/><T84/><D84/><U106/><E106/><N who="2" m="63831" /><F1/><W104/><G104/><T117/><D117/><U10/><REACH who="1" step="1"/><E91/><REACH who="1" ten="183,122,470,215" step="2"/><V7/><F2/><W110/><G90/><N who="0" m="55479" /><D116/><U18/><E18/><AGARI ba="0,1" hai="18,21,25,52,58,60,62,67,69,72,73" m="55479" machi="18" ten="30,2000,0" yaku="25,1,54,1" doraHai="30" who="0" fromWho="1" sc="183,30,122,-20,470,0,215,0" owari="213,-19.0,102,-40.0,470,57.0,215,2.0" /></mjloggm>