<mjloggm ver="2.3"><GO type="169" lobby="0"/><UN n0="%E3%81%8B%E3%81%8B%E3%81%8B%E3%81%8B" n1="%50%45%41%43%45%31%30" n2="%E3%81%82%E3%81%8A%E3%81%8D%E3%82%93%E3%81%90" n3="%69%6B%65%64%61%64%61" dan="16,16,16,16" rate="2130.36,2177.72,2103.63,2158.25" sx="M,M,M,M"/><TAIKYOKU oya="0"/><INIT seed="0,0,0,0,3,112" ten="250,250,250,250" oya="0" hai0="47,96,51,125,22,52,85,14,63,98,35,94,83" hai1="9,37,26,126,27,2,44,92,77,53,46,89,31" hai2="58,122,121,23,33,74,86,133,59,42,56,111,50" hai3="123,11,38,71,95,28,116,30,7,118,73,79,5"/><T129/><D35/><U101/><E126/><V62/><F33/><W106/><G106/><T25/><D129/><U41/><E101/><V36/><F74/><W60/><G38/><T87/><D125/><U113/><E113/><V40/><F86/><W55/><G95/><T99/><D14/><U84/><E2/><V45/><F23/><W97/><G97/><T15/><D15/><U3/><E53/><N who="2" m="29903" /><F111/><W81/><G123/><N who="2" m="47113" /><F133/><W127/><G127/><T90/><D63/><U10/><E10/><V135/><F135/><W61/><G61/><T8/><D8/><U48/><E77/><V100/><F100/><W108/><G108/><T0/><D0/><U80/><E80/><V76/><F76/><W130/><G130/><T13/><D13/><U124/><E31/><V64/><F36/><W29/><G5/><T119/><D119/><U102/><E124/><V4/><F4/><W66/><REACH who="3" step="1"/><G55/><REACH who="3" ten="250,250,250,240" step="2"/><T107/><D107/><U110/><E110/><V39/><F39/><W12/><AGARI ba="0,1" hai="7,11,12,28,29,30,60,66,71,73,79,81,116,118" machi="12" ten="30,8000,1" yaku="1,1,2,1,0,1,52,2,53,0" doraHai="112" doraHaiUra="132" who="3" fromWho="3" sc="250,-40,250,-20,250,-20,240,90" /><INIT seed="1,0,0,2,2,113" ten="210,230,230,330" oya="1" hai0="80,43,78,65,77,105,128,52,90,7,6,24,30" hai1="25,117,101,122,59,85,0,26,38,125,58,124,83" hai2="3,112,51,60,2,48,9,21,54,37,119,46,64" hai3="71,79,20,110,8,61,39,81,107,91,29,66,1"/><U11/><E122/><V73/><F73/><W98/><G110/><T97/><D43/><U31/><E38/><V41/><F112/><W108/><G108/><T68/><D128/><U95/><E0/><V123/><F123/><W131/><G131/><T103/><D90/><U109/><E109/><V74/><F74/><W82/><G39/><T121/><D121/><U104/><E104/><V56/><F48/><W18/><G29/><T45/><D78/><U19/><E117/><V33/><F33/><W134/><G134/><T53/><D65/><U94/><E11/><V99/><F119/><W130/><G130/><T114/><D68/><U96/><E95/><V16/><F99/><W4/><G79/><T5/><D45/><U34/><E19/><V135/><F9/><W10/><G10/><T84/><REACH who="0" step="1"/><D114/><REACH who="0" ten="200,230,230,330" step="2"/><U57/><REACH who="1" step="1"/><E25/><REACH who="1" ten="200,220,230,330" step="2"/><V14/><REACH who="2" step="1"/><F135/><REACH who="2" ten="200,220,220,330" step="2"/><W106/><G1/><T118/><D118/><U36/><E36/><V89/><F89/><AGARI ba="0,3" hai="26,31,34,57,58,59,83,85,89,94,96,101,124,125" machi="89" ten="40,2000,0" yaku="1,1,53,0" doraHai="113" doraHaiUra="32" who="1" fromWho="2" sc="200,0,220,50,220,-20,330,0" /><INIT seed="1,1,0,4,2,77" ten="200,270,200,330" oya="1" hai0="15,124,89,20,16,71,55,57,90,7,13,69,23" hai1="28,94,56,88,79,62,117,45,42,0,68,51,60" hai2="120,108,3,5,35,46,14,70,133,22,134,34,131" hai3="25,97,118,43,44,109,59,30,104,119,53,61,66"/><U78/><E117/><N who="3" m="44554" /><G104/><T48/><D124/><U74/><E0/><V107/><F70/><W65/><G97/><T96/><D89/><U27/><E68/><V127/><F107/><W37/><G109/><T26/><D13/><U32/><E74/><V64/><F64/><W82/><G82/><T126/><D126/><U1/><E1/><V93/><F93/><W98/><G98/><T21/><D7/><U18/><E18/><V47/><F108/><W129/><G129/><T113/><D113/><U67/><REACH who="1" step="1"/><E60/><REACH who="1" ten="200,260,200,330" step="2"/><V39/><F127/><W81/><G61/><T76/><D71/><U2/><E2/><V121/><F3/><W8/><G66/><T84/><D69/><U11/><E11/><V24/><F121/><W36/><G8/><T100/><D15/><U17/><E17/><V112/><F120/><W125/><G65/><T54/><D54/><U123/><E123/><V110/><F112/><W92/><G53/><T102/><D102/><U10/><E10/><V12/><F12/><W132/><G125/><T83/><REACH who="0" step="1"/><D76/><REACH who="0" ten="190,260,200,330" step="2"/><U87/><AGARI ba="1,2" hai="27,28,32,42,45,51,56,62,67,78,79,87,88,94" machi="87" ten="20,7800,0" yaku="1,1,0,1,7,1,54,1,53,0" doraHai="77" doraHaiUra="114" who="1" fromWho="1" sc="190,-27,260,101,200,-27,330,-27" /><INIT seed="1,2,0,2,3,96" ten="163,361,173,303" oya="1" hai0="114,19,61,88,10,35,1,113,26,69,119,51,93" hai1="27,8,67,0,15,71,105,11,28,89,30,40,33" hai2="62,75,117,135,110,58,85,118,39,94,106,18,104" hai3="83,76,100,54,37,9,127,65,60,42,124,56,50"/><U13/><E105/><V34/><F75/><W38/><G9/><N who="1" m="3658" /><E40/><V86/><F39/><W129/><G129/><T125/><D119/><U23/><E71/><V17/><F34/><W107/><G42/><T81/><D81/><U121/><E89/><V87/><F94/><W132/><G132/><T123/><D123/><U133/><E67/><V7/><F135/><W25/><G25/><T14/><D1/><U97/><E97/><V2/><F86/><W4/><G4/><T57/><D51/><U59/><E59/><V32/><F7/><W44/><G107/><T52/><D69/><U21/><E133/><V99/><F99/><W36/><REACH who="3" step="1"/><G100/><REACH who="3" ten="163,361,173,293" step="2"/><T122/><D122/><U22/><E121/><V49/><F106/><W46/><G46/><T6/><D125/><U53/><E53/><V45/><F104/><W98/><G98/><T101/><D101/><U111/><E111/><V3/><F45/><W74/><AGARI ba="2,1" hai="36,37,38,44,50,54,56,60,65,74,76,83,124,127" machi="74" ten="40,2700,0" yaku="1,1,0,1,53,0" doraHai="96" doraHaiUra="108" who="3" fromWho="3" sc="163,-9,361,-15,173,-9,293,43" /><INIT seed="2,0,0,3,3,14" ten="154,346,164,336" oya="2" hai0="98,93,130,19,59,29,107,58,101,96,129,28,27" hai1="90,117,110,84,135,52,76,46,126,1,2,111,48" hai2="44,79,82,64,62,4,22,68,26,74,124,83,75" hai3="80,71,91,106,77,72,30,61,108,87,23,109,11"/><V88/><F124/><W100/><G11/><T120/><D120/><U54/><E117/><V56/><F4/><W118/><G118/><T78/><D78/><U97/><E126/><V131/><F131/><N who="0" m="50186" /><D28/><U3/><E135/><V51/><F68/><W21/><G61/><T63/><D63/><U55/><E97/><V133/><F133/><W99/><G71/><T37/><D37/><U132/><E76/><V32/><F32/><W105/><G105/><T103/><D19/><U5/><E5/><V114/><F114/><W85/><G85/><T8/><D8/><U92/><REACH who="1" step="1"/><E132/><REACH who="1" ten="154,336,164,336" step="2"/><V104/><F79/><W113/><G113/><T122/><D122/><U16/><E16/><N who="2" m="12615" /><F75/><W81/><REACH who="3" step="1"/><G30/><REACH who="3" ten="154,336,164,326" step="2"/><T128/><D128/><U57/><E57/><V125/><F125/><W69/><G69/><T45/><D58/><U39/><E39/><V53/><F74/><W7/><G7/><T36/><D59/><U65/><E65/><V112/><F112/><W73/><G73/><T134/><D134/><U116/><E116/><V94/><F104/><W41/><G41/><AGARI ba="0,2" hai="1,2,3,41,46,48,52,54,55,84,90,92,110,111" machi="41" ten="50,3200,0" yaku="1,1,54,1,53,0" doraHai="14" doraHaiUra="13" who="1" fromWho="3" sc="154,0,336,52,164,0,326,-32" /><INIT seed="3,0,0,4,0,82" ten="154,388,164,294" oya="3" hai0="74,39,22,54,1,66,85,46,135,56,84,24,47" hai1="90,45,0,75,92,78,64,37,62,99,44,77,104" hai2="32,34,73,57,106,76,7,59,38,48,49,12,3" hai3="71,80,124,53,123,131,117,113,87,68,109,10,19"/><W33/><G33/><T17/><D74/><U79/><E0/><V108/><F38/><W134/><G123/><T67/><D1/><U83/><E44/><N who="0" m="16937" /><D39/><U18/><E18/><V110/><F106/><W97/><G117/><T126/><D126/><U98/><E45/><V94/><F3/><W107/><G124/><T96/><D96/><N who="1" m="57367" /><E62/><V26/><F26/><W101/><G113/><T103/><D103/><N who="1" m="62583" /><E64/><N who="0" m="24617" /><D135/><U91/><E37/><V6/><F73/><W23/><G134/><T133/><D133/><U130/><E130/><V41/><F34/><W43/><G131/><T30/><D30/><U21/><E21/><V69/><F32/><W128/><G128/><T86/><D84/><N who="1" m="50591" /><E99/><V5/><F5/><W127/><G97/><T51/><AGARI ba="0,0" hai="17,22,24,51,54,56,85,86" m="24617,16937" machi="51" ten="30,4000,0" yaku="8,1,52,2" doraHai="82" who="0" fromWho="0" sc="154,40,388,-10,164,-10,294,-20" /><INIT seed="4,0,0,3,3,12" ten="194,378,154,274" oya="0" hai0="27,7,0,3,4,88,108,101,119,70,109,80,89" hai1="90,45,61,72,123,6,74,29,36,30,21,33,39" hai2="37,32,127,82,40,13,135,129,130,86,106,87,17" hai3="125,55,54,95,2,97,64,115,24,93,92,114,103"/><T9/><D119/><U71/><E33/><V98/><F32/><W113/><G2/><T16/><D70/><U31/><E123/><V81/><F40/><W105/><G125/><T128/><D128/><N who="2" m="49258" /><F37/><W35/><REACH who="3" step="1"/><G64/><REACH who="3" ten="194,378,154,264" step="2"/><T76/><D0/><U19/><E71/><V111/><F127/><W120/><G120/><T38/><D4/><U121/><E6/><V41/><F111/><N who="0" m="42570" /><D38/><U112/><E36/><V68/><F135/><W122/><G122/><T52/><D101/><U20/><E121/><V104/><F68/><W11/><G11/><N who="0" m="2559" /><D52/><U94/><E39/><V83/><F41/><W132/><G132/><T124/><D124/><U110/><E110/><V57/><F106/><W34/><G34/><T44/><D44/><U118/><E45/><V96/><F104/><W25/><G25/><T58/><D58/><U99/><E118/><V84/><F57/><W49/><G49/><T53/><D53/><U15/><E61/><V1/><F1/><W69/><G69/><T134/><D134/><U47/><E47/><V126/><F126/><W43/><G43/><T59/><D59/><U67/><E67/><V8/><AGARI ba="0,1" hai="8,13,17,81,82,83,84,86,87,96,98" m="49258" machi="8" ten="40,2700,0" yaku="19,1,52,1" doraHai="12" who="2" fromWho="2" sc="194,-13,378,-7,154,37,264,-7" /><INIT seed="5,0,0,1,1,127" ten="181,371,191,257" oya="1" hai0="130,135,102,39,110,128,40,58,52,55,117,46,14" hai1="111,5,112,123,113,32,124,120,122,42,19,64,41" hai2="29,68,77,23,60,96,31,36,63,34,3,0,18" hai3="99,37,131,56,20,79,15,13,119,107,87,72,1"/><U118/><E32/><V83/><F36/><W25/><G1/><T74/><D110/><U104/><E104/><V59/><F68/><W12/><G37/><T10/><D117/><U89/><E89/><V54/><F96/><W114/><G72/><T11/><D74/><U62/><E5/><V133/><F133/><W73/><G73/><T8/><D135/><U88/><E88/><V132/><F132/><W69/><G69/><T97/><D14/><U116/><E19/><V6/><F63/><W2/><G2/><T45/><D45/><U38/><E38/><V84/><F34/><W66/><G114/><N who="1" m="44138" /><E124/><V21/><F21/><W95/><G107/><T121/><D121/><U115/><E115/><V61/><F61/><W16/><G79/><T103/><D103/><U51/><E51/><V65/><F65/><W91/><G87/><T75/><D75/><U57/><E111/><V67/><F67/><W125/><G125/><T80/><D80/><U33/><E33/><V86/><F86/><W44/><G66/><T134/><D134/><U129/><E129/><N who="0" m="49769" /><D58/><U108/><E108/><V82/><F82/><W90/><G56/><T76/><D76/><U105/><E105/><AGARI ba="0,0" hai="8,10,11,39,40,46,52,55,97,102,105" m="49769" machi="105" ten="30,8000,1" yaku="19,1,52,3,54,1" doraHai="127" who="0" fromWho="1" sc="181,80,371,-80,191,0,257,0" /><INIT seed="6,0,0,0,5,119" ten="261,291,191,257" oya="2" hai0="89,129,4,103,72,25,7,38,8,21,83,53,116" hai1="66,123,130,101,77,15,79,28,19,86,68,36,3" hai2="30,125,41,70,99,67,95,128,85,114,13,59,94" hai3="104,12,32,60,33,112,133,49,109,93,48,20,127"/><V96/><F70/><W61/><G104/><T1/><D4/><U14/><E3/><V50/><F114/><W27/><G109/><T100/><D116/><U108/><E108/><V54/><F125/><W118/><G118/><T132/><D132/><U98/><E36/><V55/><F128/><W91/><G133/><T69/><D69/><U57/><E68/><V135/><F135/><W71/><G127/><T43/><D53/><U117/><E117/><V35/><F67/><W74/><G74/><T80/><D80/><U84/><E28/><V5/><F41/><W97/><G12/><T62/><D62/><U37/><E37/><V105/><F105/><W6/><G6/><T44/><D129/><U45/><E45/><N who="2" m="27983" /><F30/><W52/><G112/><T39/><D39/><U63/><E130/><V107/><F35/><W115/><G115/><T51/><D51/><U18/><E79/><V24/><F24/><W121/><G49/><T42/><D42/><U134/><E77/><V9/><F107/><W34/><G121/><T47/><D47/><U126/><E123/><V10/><F9/><W90/><G71/><T40/><D40/><U88/><E134/><V81/><F81/><W124/><G124/><T87/><REACH who="0" step="1"/><D72/><REACH who="0" ten="251,291,191,257" step="2"/><U113/><E113/><V58/><F58/><N who="3" m="33031" /><G61/><T106/><D106/><N who="1" m="63799" /><E126/><V23/><F95/><N who="3" m="56567" /><G60/><T64/><D64/><U65/><E63/><V102/><F59/><W122/><G122/><T17/><AGARI ba="0,1" hai="1,7,8,17,21,25,38,43,44,83,87,89,100,103" machi="17" ten="20,5200,0" yaku="1,1,0,1,7,1,53,1" doraHai="119" doraHaiUra="16" who="0" fromWho="0" sc="251,62,291,-13,191,-26,257,-13" /><INIT seed="7,0,0,1,3,46" ten="313,278,165,244" oya="3" hai0="89,58,59,113,47,5,129,124,48,93,90,28,20" hai1="133,12,108,78,105,121,84,128,85,64,35,135,69" hai2="118,10,130,91,4,32,76,74,0,75,83,36,39" hai3="120,65,56,8,45,88,19,122,11,125,51,41,107"/><W114/><G107/><T131/><D124/><U24/><E108/><V100/><F118/><W109/><G125/><T55/><D113/><U77/><E121/><V101/><F130/><N who="0" m="49674" /><D5/><U3/><E3/><V73/><F91/><N who="0" m="34826" /><D93/><U81/><E105/><V97/><F101/><W103/><G103/><T38/><D38/><U18/><E128/><V134/><F134/><W95/><G114/><T21/><D28/><U43/><E43/><V2/><F32/><W42/><G109/><T33/><D33/><U119/><E119/><V117/><F117/><W116/><G116/><T115/><D115/><U44/><E64/><V16/><F16/><W72/><G72/><T99/><D99/><U104/><E69/><V37/><F2/><W9/><G42/><T80/><D80/><U98/><E98/><V54/><F54/><W62/><REACH who="3" step="1"/><G19/><REACH who="3" ten="313,278,165,234" step="2"/><T57/><AGARI ba="0,1" hai="20,21,47,48,55,57,58,59" m="34826,49674" machi="57" ten="40,2700,0" yaku="19,1,52,1" doraHai="46" who="0" fromWho="0" sc="313,37,278,-7,165,-7,234,-13" owari="350,45.0,271,7.0,158,-34.0,221,-18.0" /></mjloggm>