<mjloggm ver="2.3"><GO type="169" lobby="0"/><UN n0="%73%68%6F%35%35%35%35%35" n1="%E5%AE%9F%E5%AD%98" n2="%6E%79%61%73%75%76%69" n3="%61%6B%61%61%6B%61" dan="16,17,18,16" rate="2114.22,2149.54,2208.25,2125.39" sx="M,M,M,M"/><TAIKYOKU oya="0"/><INIT seed="0,0,0,1,0,98" ten="250,250,250,250" oya="0" hai0="96,60,38,101,48,95,83,97,105,17,89,66,114" hai1="135,33,69,125,2,122,32,88,55,16,35,28,86" hai2="120,10,112,127,123,45,51,132,67,129,39,43,103" hai3="71,81,63,30,44,126,61,102,9,116,22,111,90"/><T47/><D114/><U117/><E117/><V34/><F112/><W78/><G116/><T130/><D130/><U128/><E122/><V119/><F119/><W85/><G111/><T92/><D38/><U49/><E128/><V118/><F129/><W23/><G126/><T11/><D11/><U56/><E125/><V41/><F127/><W12/><G44/><T53/><D17/><U77/><E135/><V131/><F34/><W76/><G71/><T91/><D83/><U57/><E69/><V70/><F39/><W68/><G68/><T18/><D18/><U124/><E2/><V40/><F70/><W7/><G102/><N who="0" m="60703" /><D105/><U73/><E124/><V107/><F107/><W15/><G15/><T93/><D93/><U42/><E73/><V6/><F132/><W59/><G63/><T27/><D27/><U87/><E28/><V20/><F123/><W65/><G22/><T14/><D14/><U104/><E104/><V75/><F75/><W115/><G115/><T72/><D72/><U37/><E16/><V25/><F120/><W113/><G113/><T82/><D82/><U100/><E37/><V24/><F131/><W21/><G21/><T52/><D66/><U110/><E32/><V64/><F118/><W8/><G8/><T13/><D13/><U109/><E35/><V31/><F25/><AGARI ba="0,0" hai="7,9,12,23,25,30,59,61,65,76,78,81,85,90" machi="25" ten="40,1300,0" yaku="8,1" doraHai="98" who="3" fromWho="2" sc="250,0,250,0,250,-13,250,13" /><INIT seed="1,0,0,2,3,45" ten="250,250,237,263" oya="1" hai0="134,106,32,39,100,120,121,47,84,110,86,23,37" hai1="73,101,132,18,77,4,135,28,95,22,78,1,74" hai2="36,8,111,56,29,96,54,108,43,26,128,24,117" hai3="3,93,50,7,133,131,119,17,10,67,123,20,52"/><U75/><E28/><V48/><F117/><W19/><G123/><T46/><D32/><U13/><E1/><V127/><F127/><W33/><G33/><T76/><D106/><U94/><E4/><V38/><F128/><W71/><G133/><N who="1" m="51274" /><E101/><V34/><F26/><W109/><G109/><N who="2" m="42057" /><F43/><W61/><G131/><T79/><D110/><U104/><E104/><V25/><F25/><W64/><G64/><T81/><D134/><U35/><E35/><V92/><F8/><W68/><G68/><T87/><D100/><AGARI ba="0,0" hai="24,29,34,36,38,48,54,56,92,96,100" m="42057" machi="100" ten="30,2000,0" yaku="14,1,52,1" doraHai="45" who="2" fromWho="0" sc="250,-20,250,0,237,20,263,0" /><INIT seed="2,0,0,2,0,66" ten="230,250,257,263" oya="2" hai0="60,108,29,28,36,116,30,9,5,64,76,135,71" hai1="41,111,43,40,20,114,107,109,87,99,72,123,56" hai2="7,54,77,100,118,42,102,0,49,10,39,31,106" hai3="4,35,103,97,48,75,51,46,129,58,128,74,73"/><V44/><F118/><W61/><G35/><T34/><D135/><U82/><E114/><V92/><F106/><W115/><G115/><T81/><D36/><U1/><E1/><V53/><F31/><W55/><G4/><T68/><D108/><U8/><E72/><V18/><F18/><W134/><G134/><T84/><D116/><U105/><E123/><V112/><F112/><W69/><G69/><T127/><D127/><U131/><E131/><N who="3" m="50250" /><G46/><T26/><REACH who="0" step="1"/><D71/><REACH who="0" ten="220,250,257,263" step="2"/><U59/><E111/><V80/><F92/><AGARI ba="0,1" hai="48,51,55,58,61,73,74,75,92,97,103" m="50250" machi="92" ten="40,1300,0" yaku="19,1" doraHai="66" who="3" fromWho="2" sc="220,0,250,0,257,-13,263,23" /><INIT seed="3,0,0,5,4,122" ten="220,250,244,286" oya="3" hai0="36,51,105,95,41,85,61,42,73,119,45,69,71" hai1="20,98,84,25,32,19,65,57,76,68,132,104,107" hai2="15,81,134,0,88,94,116,125,82,79,118,115,46" hai3="70,21,2,80,60,126,7,133,4,26,35,28,27"/><W14/><G133/><T123/><D105/><U3/><E132/><V67/><F134/><W109/><G80/><T13/><D73/><U56/><E3/><V93/><F0/><W83/><G83/><T6/><D123/><U127/><E68/><V54/><F67/><W8/><G70/><T33/><D33/><U130/><E76/><V129/><F115/><W97/><G97/><T59/><D119/><U34/><E84/><N who="2" m="50191" /><F15/><W29/><G60/><T135/><D135/><U124/><E130/><V9/><F9/><N who="3" m="4391" /><G126/><N who="1" m="48170" /><E107/><V78/><F78/><W63/><G63/><T62/><D62/><N who="1" m="38087" /><E57/><V24/><F125/><W87/><G87/><T91/><D36/><U120/><E120/><V103/><F129/><W64/><G64/><T23/><D71/><U47/><E47/><V39/><F39/><W17/><G109/><T77/><D77/><U49/><E49/><N who="2" m="28983" /><F118/><W52/><G52/><N who="0" m="34023" /><D69/><U100/><AGARI ba="0,0" hai="19,20,25,32,34,98,100,104" m="38087,48170" machi="100" ten="30,1100,0" yaku="18,1" doraHai="122" who="1" fromWho="1" sc="220,-3,250,11,244,-3,286,-5" /><INIT seed="4,0,0,5,2,79" ten="217,261,241,281" oya="0" hai0="6,80,43,114,60,23,93,82,24,97,25,41,32" hai1="28,26,20,66,44,14,10,99,122,71,0,85,4" hai2="94,100,19,59,123,49,130,90,83,62,63,131,69" hai3="76,9,70,65,126,89,54,34,108,37,46,133,77"/><T111/><D114/><U55/><E122/><V51/><F123/><W106/><G34/><T81/><D111/><U75/><E75/><V29/><F29/><W135/><G106/><T27/><D6/><U52/><E71/><V33/><F33/><W107/><G107/><T120/><D120/><U68/><E68/><V112/><F112/><W95/><G108/><T35/><D32/><U116/><E116/><V7/><F7/><W121/><G9/><T132/><D35/><U124/><E124/><V38/><F38/><W67/><G126/><T127/><D127/><U115/><E115/><V57/><F69/><W86/><G121/><T45/><D60/><U103/><E66/><N who="3" m="25098" /><G70/><T84/><D132/><U8/><E44/><V16/><F94/><W21/><G21/><T30/><D84/><U129/><E129/><V40/><F90/><W17/><G17/><T48/><REACH who="0" step="1"/><D43/><REACH who="0" ten="207,261,241,281" step="2"/><U134/><E134/><V91/><F40/><W15/><G135/><T61/><D61/><U13/><E85/><V102/><F91/><AGARI ba="0,1" hai="23,24,25,27,30,41,45,48,80,81,82,91,93,97" machi="91" ten="40,12000,1" yaku="1,1,8,1,52,3,53,0" doraHai="79" doraHaiUra="11" who="0" fromWho="2" sc="207,130,261,0,241,-120,281,0" /><INIT seed="4,1,0,5,0,64" ten="337,261,121,281" oya="0" hai0="131,125,80,59,58,8,7,127,13,123,18,110,105" hai1="120,10,12,6,68,101,81,90,104,74,60,42,63" hai2="32,5,9,53,34,56,36,28,70,117,0,52,55" hai3="86,100,102,62,124,51,37,31,126,47,132,128,89"/><T50/><D123/><U43/><E120/><V87/><F36/><W84/><G128/><T82/><D105/><U99/><E63/><V46/><F117/><W20/><G37/><T129/><D110/><U130/><E130/><N who="0" m="49673" /><D7/><U106/><E106/><V119/><F119/><W39/><G62/><T21/><D8/><U114/><E114/><V107/><F107/><W121/><G39/><T69/><D69/><U111/><E111/><V24/><F34/><W71/><G132/><T16/><D18/><U85/><E68/><V83/><F46/><W97/><G71/><T112/><D112/><U19/><E60/><V4/><F4/><W25/><G86/><T78/><D80/><U72/><E72/><V96/><F70/><W113/><G113/><T75/><D50/><U61/><E61/><V67/><F67/><W66/><G66/><T45/><D45/><U108/><E108/><V135/><F135/><W54/><G97/><T29/><D29/><U76/><REACH who="1" step="1"/><E6/><REACH who="1" ten="337,251,121,281" step="2"/><V17/><F17/><W38/><G121/><T23/><D127/><N who="3" m="48681" /><G38/><T33/><D33/><U73/><E73/><V49/><REACH who="2" step="1"/><F96/><REACH who="2" ten="337,251,111,281" step="2"/><W77/><G77/><AGARI ba="1,2" hai="0,5,9,24,28,32,49,52,53,55,56,77,83,87" machi="77" ten="30,7700,0" yaku="1,1,2,1,7,1,54,1,53,0" doraHai="64" doraHaiUra="133" who="2" fromWho="3" sc="337,0,251,0,111,100,281,-80" /><INIT seed="5,0,0,5,3,31" ten="337,251,211,201" oya="1" hai0="54,131,24,6,87,63,42,113,32,51,122,47,15" hai1="98,84,129,1,107,128,23,70,66,34,133,28,99" hai2="76,67,105,101,80,25,134,50,14,19,86,126,9" hai3="36,38,22,118,92,125,10,33,119,135,5,120,17"/><U27/><E1/><V102/><F126/><W96/><G120/><T52/><D122/><U58/><E133/><V68/><F134/><W109/><G135/><T97/><D131/><U103/><E58/><V69/><F105/><W112/><G112/><T108/><D108/><U12/><E98/><V127/><F127/><W30/><G125/><T13/><D113/><U8/><E23/><V130/><F130/><W85/><G85/><T75/><D75/><U46/><E46/><V61/><F69/><W74/><G74/><T35/><D87/><U79/><E79/><V77/><F77/><W44/><G109/><T3/><D3/><U49/><E49/><V45/><REACH who="2" step="1"/><F25/><REACH who="2" ten="337,251,201,201" step="2"/><W59/><G118/><T60/><D24/><U90/><E70/><V4/><F4/><W39/><G119/><T88/><D6/><U111/><E111/><V0/><F0/><W41/><G5/><T104/><D104/><U73/><E128/><V123/><F123/><W18/><G10/><T94/><D15/><U110/><E129/><V62/><F62/><W64/><G22/><T89/><D13/><U65/><E110/><V57/><F57/><W48/><G59/><T16/><D63/><U71/><E71/><V95/><F95/><W106/><G106/><T7/><D7/><U132/><E132/><V91/><F91/><W37/><N who="3" m="9216" /><DORA hai="11" /><W55/><G92/><T114/><D89/><U26/><E26/><V82/><F82/><W78/><G78/><T115/><D115/><U21/><E21/><V29/><F29/><W72/><G30/><T83/><D114/><U93/><E107/><RYUUKYOKU ba="0,1" sc="337,-10,251,-10,201,30,201,-10" hai2="9,14,19,45,50,61,67,68,76,80,86,101,102" /><INIT seed="6,1,1,2,0,68" ten="327,241,231,191" oya="2" hai0="75,132,84,115,49,106,45,60,44,43,65,101,117" hai1="119,7,100,52,11,70,98,99,24,19,42,77,14" hai2="134,67,86,66,30,133,105,22,25,129,72,27,71" hai3="21,2,35,48,90,118,74,57,103,73,10,28,76"/><V96/><F72/><W131/><G35/><T8/><D75/><U40/><E119/><V17/><F129/><W107/><G118/><T91/><D117/><U41/><E70/><V88/><F105/><W85/><G131/><T102/><D132/><N who="2" m="50794" /><F96/><W5/><G76/><T80/><D106/><U122/><E77/><V125/><F125/><W18/><G28/><T81/><D81/><U1/><E122/><V97/><F97/><W12/><G103/><T116/><D115/><U112/><E112/><V109/><F71/><W37/><G37/><T89/><D89/><U56/><E100/><V20/><F109/><W120/><G107/><T126/><D126/><U4/><E4/><V79/><F79/><W33/><G33/><T15/><D116/><U135/><E135/><V53/><F53/><W6/><G6/><T64/><D45/><U130/><E130/><V32/><F32/><W128/><G120/><T108/><D108/><U124/><E124/><V46/><F46/><W38/><G38/><T63/><D101/><U104/><E104/><V55/><F55/><N who="3" m="31975" /><G128/><T59/><D102/><U87/><E87/><V92/><AGARI ba="1,1" hai="17,20,22,25,27,30,66,67,86,88,92" m="50794" machi="92" ten="30,3000,0" yaku="20,1,54,1" doraHai="68" who="2" fromWho="2" sc="327,-11,241,-11,231,43,191,-11" /><INIT seed="6,2,0,2,5,2" ten="316,230,274,180" oya="2" hai0="68,7,91,92,113,14,37,67,133,118,125,116,107" hai1="51,17,83,19,69,93,29,45,126,42,127,78,111" hai2="124,8,132,115,84,106,70,16,122,41,109,66,10" hai3="38,60,120,43,6,128,4,30,112,123,77,88,0"/><V53/><F122/><W9/><G77/><T39/><D107/><U94/><E69/><V35/><F35/><W52/><G128/><T99/><D125/><U117/><E111/><V96/><F124/><N who="1" m="47657" /><E29/><V114/><F109/><W20/><G112/><N who="2" m="43049" /><F41/><W12/><G43/><T110/><D113/><U75/><E117/><N who="0" m="45161" /><D110/><U54/><E54/><V21/><F84/><W86/><G38/><T97/><D133/><U24/><E24/><V36/><F36/><W76/><G76/><T31/><D31/><U61/><E61/><N who="2" m="40271" /><F132/><W87/><G87/><T134/><D134/><U47/><E47/><V103/><F53/><W33/><G33/><T13/><D99/><U62/><E62/><V15/><AGARI ba="2,0" hai="8,10,15,16,21,96,103,106" m="40271,43049" machi="15" ten="30,3000,0" yaku="15,1,54,1" doraHai="2" who="2" fromWho="2" sc="316,-12,230,-12,274,36,180,-12" /><INIT seed="6,3,0,2,5,50" ten="304,218,310,168" oya="2" hai0="69,64,132,63,105,57,117,127,47,106,114,70,97" hai1="42,33,72,14,43,124,126,121,68,91,133,76,71" hai2="58,54,112,13,77,10,94,107,73,36,60,22,8" hai3="28,26,51,122,134,23,120,113,45,30,82,59,17"/><V89/><F112/><W11/><G134/><T48/><D132/><U20/><E33/><V96/><F36/><W109/><G109/><T9/><D114/><U75/><E133/><V27/><F107/><W53/><G113/><T131/><D131/><U65/><E20/><V46/><F73/><W18/><G122/><T15/><D117/><U62/><E14/><V128/><F128/><W61/><G120/><T32/><D32/><U74/><E121/><V31/><F77/><W125/><G125/><N who="1" m="48234" /><E76/><V87/><F46/><W95/><G82/><T52/><D127/><U66/><E91/><V92/><REACH who="2" step="1"/><F13/><REACH who="2" ten="304,218,300,168" step="2"/><N who="3" m="7359" /><G95/><T108/><D106/><U55/><E74/><V29/><F29/><W80/><G80/><T119/><D119/><U34/><E75/><V116/><F116/><W4/><G4/><T78/><D78/><U130/><E72/><V56/><F56/><W7/><G7/><T79/><D79/><U1/><E130/><V81/><F81/><W123/><G123/><T118/><D118/><U67/><E1/><V41/><F41/><AGARI ba="3,1" hai="18,23,26,28,30,41,45,51,53,59,61" m="7359" machi="41" ten="30,2000,0" yaku="8,1,52,1" doraHai="50" who="3" fromWho="2" sc="304,0,218,0,300,-29,168,39" /><INIT seed="7,0,0,0,3,51" ten="304,218,271,207" oya="3" hai0="129,50,135,17,18,7,111,1,63,128,81,98,70" hai1="116,105,28,40,118,38,53,80,126,132,78,133,83" hai2="32,108,49,113,37,42,43,117,106,2,85,103,88" hai3="54,34,12,95,119,61,21,0,101,94,16,22,75"/><W65/><G34/><T66/><D111/><U86/><E126/><V62/><F108/><W134/><G119/><N who="1" m="45610" /><E105/><V26/><F2/><W13/><G0/><T59/><D135/><U8/><E28/><V52/><F37/><W130/><G130/><N who="0" m="50283" /><D98/><U20/><E20/><V39/><F39/><W92/><G134/><T45/><D70/><U74/><E8/><V5/><F62/><W31/><G75/><T124/><D124/><U64/><E64/><V56/><F5/><W120/><G120/><T55/><D81/><U25/><E80/><V41/><F113/><W46/><G101/><T91/><D91/><U35/><E133/><V9/><F9/><AGARI ba="0,0" hai="1,7,9,17,18,45,50,55,59,63,66" m="50283" machi="9" ten="30,2000,0" yaku="19,1,52,1" doraHai="51" who="0" fromWho="2" sc="304,20,218,0,271,-20,207,0" owari="324,42.0,218,-18.0,251,5.0,207,-29.0" /></mjloggm>