<mjloggm ver="2.3"><GO type="169" lobby="0"/><UN n0="%4D%61%74%75%75%72%61" n1="%7A%65%52%6F" n2="%E3%83%81%E3%83%83%E3%83%97%E3%82%B3%E3%83%AC%E3%82%AF%E3%82%BF%E3%83%BC" n3="%E5%8D%97%E5%B8%9D%E5%8D%97%E6%B5%A6" dan="17,18,16,16" rate="2194.58,2167.89,2138.85,2083.12" sx="M,M,M,F"/><TAIKYOKU oya="0"/><INIT seed="0,0,0,1,4,96" ten="250,250,250,250" oya="0" hai0="115,47,63,71,135,48,69,5,64,72,38,25,24" hai1="56,3,65,28,7,33,103,9,129,46,73,41,37" hai2="19,23,83,102,40,92,76,125,134,84,16,32,132" hai3="88,53,61,58,118,126,110,50,117,15,44,11,131"/><T81/><D115/><U27/><E129/><V116/><F32/><W8/><G131/><T104/><D135/><N who="2" m="51754" /><F125/><W78/><G126/><T90/><D69/><U133/><E133/><V108/><F108/><W130/><G110/><T21/><D38/><U13/><E65/><V121/><F121/><W105/><G105/><T99/><D5/><U123/><E123/><V89/><F116/><W74/><G8/><T45/><D25/><U70/><E70/><V128/><F128/><W36/><G36/><T39/><D39/><U60/><E73/><N who="2" m="43407" /><F40/><W30/><G30/><T6/><D6/><U82/><E82/><N who="2" m="49303" /><F23/><W14/><G130/><T80/><D47/><U114/><E114/><V57/><F57/><W79/><G14/><T86/><D72/><U77/><E77/><N who="3" m="29194" /><G74/><T62/><D80/><U101/><REACH who="1" step="1"/><E3/><REACH who="1" ten="250,240,250,250" step="2"/><V75/><F75/><W122/><G122/><T1/><D1/><U85/><E85/><V31/><F31/><W67/><G117/><T94/><D64/><U111/><E111/><V22/><F22/><W43/><G118/><T18/><D71/><U87/><E87/><V2/><F2/><W93/><G67/><T49/><D81/><U97/><E97/><AGARI ba="0,1" hai="16,19,92,97,102" m="49303,43407,51754" machi="97" ten="30,3900,0" yaku="20,1,52,1,54,1" doraHai="96" who="2" fromWho="1" sc="250,0,240,-39,250,49,250,0" /><INIT seed="1,0,0,1,3,10" ten="250,201,299,250" oya="1" hai0="133,111,16,29,103,93,56,37,95,13,91,86,19" hai1="83,121,120,82,78,26,99,123,40,110,69,87,104" hai2="134,88,108,58,74,90,6,132,18,53,1,96,68" hai3="102,57,128,60,46,45,11,42,105,36,81,109,39"/><U4/><E69/><V62/><F74/><W63/><G128/><T15/><D37/><U97/><E4/><V73/><F73/><W25/><G81/><T115/><D115/><U131/><E40/><V65/><F108/><W113/><G113/><T54/><D133/><N who="2" m="51306" /><F96/><W76/><G76/><T41/><D41/><U35/><E35/><V125/><F125/><W17/><G109/><T23/><D29/><U2/><E2/><V47/><F47/><W124/><G124/><T51/><D111/><U107/><E26/><V50/><F18/><N who="0" m="6698" /><D23/><U75/><E110/><V32/><F32/><W48/><G102/><T34/><D34/><U71/><E71/><V52/><F53/><W77/><G105/><N who="1" m="40522" /><E131/><V72/><F72/><W20/><G77/><AGARI ba="0,0" hai="75,77,78,82,83,87,97,99,120,121,123" m="40522" machi="77" ten="40,3900,0" yaku="34,2" doraHai="10" who="1" fromWho="3" sc="250,0,201,39,299,0,250,-39" /><INIT seed="1,1,0,4,3,131" ten="250,240,299,211" oya="1" hai0="72,129,114,117,32,110,31,65,17,33,58,43,105" hai1="35,90,122,95,125,46,44,100,112,64,4,77,63" hai2="53,41,134,56,83,123,10,12,27,133,128,48,59" hai3="8,68,39,96,30,2,6,75,115,67,130,80,109"/><U102/><E112/><V16/><F123/><W1/><G115/><T81/><D105/><U3/><E35/><V36/><F128/><W79/><G130/><T69/><D43/><U40/><E122/><V113/><F113/><W49/><G49/><T106/><D58/><U54/><E77/><V124/><F124/><W52/><G52/><T85/><D85/><U73/><E73/><V76/><F27/><W11/><G109/><T82/><D17/><U5/><E54/><V0/><F0/><W42/><G96/><T71/><D106/><U18/><E18/><V14/><F14/><W126/><G126/><T70/><D65/><U22/><E22/><V92/><F92/><W25/><G11/><T61/><D61/><U37/><E46/><V93/><F93/><W103/><G103/><T50/><D50/><U120/><E120/><V60/><F36/><W34/><G1/><T15/><D33/><U45/><E45/><V9/><F9/><W121/><G121/><T66/><D32/><U97/><E125/><V99/><F99/><W86/><G86/><T51/><D72/><U29/><E29/><V116/><F116/><W101/><G101/><N who="1" m="39018" /><E3/><V7/><F7/><W107/><G107/><T13/><D31/><U55/><E64/><V98/><F98/><W62/><REACH who="3" step="1"/><G42/><REACH who="3" ten="250,240,299,201" step="2"/><T84/><D114/><U24/><E55/><V19/><F41/><W132/><G132/><T94/><D129/><U21/><E63/><V20/><F60/><W111/><G111/><T88/><D110/><U78/><E78/><V135/><F135/><W28/><G28/><T119/><D119/><RYUUKYOKU ba="1,1" sc="250,-15,240,15,299,-15,201,15" hai1="4,5,21,24,37,40,44,90,95,97" hai3="2,6,8,25,30,34,39,62,67,68,75,79,80" /><INIT seed="1,2,1,1,3,22" ten="235,255,284,216" oya="1" hai0="24,81,32,7,49,2,48,132,86,4,79,17,71" hai1="125,16,110,26,133,0,21,75,10,87,63,101,31" hai2="69,126,122,108,34,6,33,103,30,51,119,23,107" hai3="72,20,88,130,5,129,35,1,128,124,76,117,123"/><U131/><E75/><V59/><F119/><W134/><G123/><T28/><D71/><U53/><E125/><V73/><F122/><W77/><G124/><T61/><D132/><U114/><E114/><V121/><F121/><W70/><G70/><T106/><D106/><U14/><E133/><V93/><F107/><W115/><G134/><T29/><D61/><U39/><E39/><V78/><F69/><W89/><G117/><T40/><D29/><U60/><E131/><N who="3" m="33538" /><W11/><DORA hai="42" /><G35/><T52/><D17/><U74/><E74/><V9/><F23/><W41/><G41/><T85/><D85/><U18/><E110/><V37/><F108/><W127/><G127/><T43/><D48/><U45/><E101/><V84/><F103/><W46/><G115/><T120/><D120/><U12/><E87/><V57/><F84/><W95/><G72/><T8/><REACH who="0" step="1"/><D7/><REACH who="0" ten="225,255,284,216" step="2"/><U54/><E60/><V97/><F6/><W80/><G77/><T135/><D135/><U118/><E118/><V92/><F78/><W105/><G76/><T3/><D3/><U58/><E0/><V65/><F30/><W104/><G105/><T66/><D66/><U91/><E12/><V102/><F65/><W13/><G104/><T44/><AGARI ba="2,2" hai="2,4,8,24,28,32,40,43,44,49,52,79,81,86" machi="44" ten="20,12000,2" yaku="1,1,0,1,7,1,52,2,54,1,53,1" doraHai="22,42" doraHaiUra="47,116" who="0" fromWho="0" sc="225,146,255,-62,284,-32,216,-32" /><INIT seed="2,0,0,4,3,129" ten="371,193,252,184" oya="2" hai0="109,43,10,35,89,29,14,85,26,52,17,50,46" hai1="65,128,67,30,39,41,93,63,1,0,113,15,21" hai2="106,87,82,124,117,3,72,110,80,19,74,126,42" hai3="132,81,47,91,130,77,108,102,44,131,57,11,12"/><V88/><F3/><W27/><G102/><T7/><D109/><U9/><E113/><V118/><F42/><W95/><G108/><T25/><D25/><U38/><E128/><N who="3" m="49194" /><G27/><T69/><D69/><U76/><E76/><V100/><F110/><W73/><G57/><T120/><D120/><U78/><E78/><V133/><F19/><N who="3" m="8607" /><G132/><T90/><D43/><U24/><E67/><V40/><F40/><W103/><G103/><T53/><D53/><U2/><E93/><N who="2" m="54431" /><F133/><W84/><AGARI ba="0,0" hai="44,47,73,77,81,84,91,95" m="8607,49194" machi="84" ten="30,1100,0" yaku="19,1" doraHai="129" who="3" fromWho="3" sc="371,-3,193,-3,252,-5,184,11" /><INIT seed="3,0,0,4,1,83" ten="368,190,247,195" oya="3" hai0="115,92,25,112,15,65,114,86,99,38,127,2,103" hai1="76,126,3,5,62,88,17,11,75,16,12,121,91" hai2="74,6,63,59,85,26,82,45,27,111,28,122,89" hai3="53,131,117,135,51,84,118,71,87,113,36,79,48"/><W31/><G71/><T34/><D38/><U39/><E121/><V40/><F122/><W101/><G113/><T14/><D2/><U29/><E39/><V119/><F111/><W60/><G36/><T78/><D65/><U18/><E126/><V134/><F134/><W22/><G135/><T109/><D109/><U104/><E104/><V24/><F6/><W107/><G131/><T102/><D102/><U97/><E29/><V33/><F74/><W52/><G107/><T73/><D73/><U35/><E35/><V20/><F119/><W77/><G101/><T80/><D127/><U67/><E3/><V106/><F106/><W129/><G129/><T124/><D124/><U47/><E47/><V81/><F81/><W32/><G60/><T7/><D7/><U66/><E66/><V41/><F45/><W105/><G105/><T69/><D69/><U93/><E76/><V0/><F0/><W56/><G32/><T120/><D120/><U70/><REACH who="1" step="1"/><E75/><REACH who="1" ten="368,180,247,195" step="2"/><V68/><F33/><W10/><G117/><T8/><D8/><U123/><E123/><V132/><F132/><W98/><G10/><T61/><D61/><U96/><E96/><V54/><F68/><W100/><G118/><T37/><D37/><U72/><E72/><V130/><F130/><W19/><G31/><AGARI ba="0,1" hai="14,15,25,31,34,78,80,86,92,99,103,112,114,115" machi="31" ten="40,2600,0" yaku="11,1,52,1" doraHai="83" who="0" fromWho="3" sc="368,36,180,0,247,0,195,-26" /><INIT seed="4,0,0,1,3,76" ten="404,180,247,169" oya="0" hai0="3,131,60,61,75,91,84,25,11,120,43,77,45" hai1="123,38,54,90,58,17,111,16,9,55,82,78,35" hai2="37,80,44,15,13,64,108,88,85,94,110,48,127" hai3="122,56,53,104,23,39,49,63,18,121,40,4,130"/><T24/><D120/><N who="3" m="46185" /><G104/><T31/><D131/><U96/><E111/><V135/><F135/><W89/><G4/><T71/><D77/><U98/><E38/><V29/><F127/><W124/><G124/><T99/><D75/><U128/><E35/><V86/><F37/><W126/><G126/><T28/><D99/><U8/><E123/><V74/><F74/><W101/><G101/><T46/><D71/><U125/><E128/><V67/><F29/><W5/><G5/><T33/><D11/><N who="1" m="4171" /><E55/><N who="2" m="30087" /><F110/><W92/><G130/><T62/><D3/><U79/><E125/><V52/><F108/><W57/><G39/><T134/><D134/><U36/><E79/><N who="2" m="46239" /><F52/><N who="3" m="34183" /><G40/><T7/><D43/><U113/><E36/><V116/><F116/><W119/><G119/><T1/><D1/><U69/><E69/><V21/><F21/><W47/><G47/><T95/><REACH who="0" step="1"/><D7/><REACH who="0" ten="394,180,247,169" step="2"/><U107/><E98/><V68/><F68/><W70/><G70/><T106/><D106/><U22/><E96/><V115/><F115/><W32/><G32/><AGARI ba="0,1" hai="24,25,28,31,32,33,45,46,60,61,62,84,91,95" machi="32" ten="40,3900,0" yaku="1,1,9,1,53,0" doraHai="76" doraHaiUra="105" who="0" fromWho="3" sc="394,49,180,0,247,0,169,-39" /><INIT seed="4,1,0,0,5,91" ten="443,180,247,130" oya="0" hai0="59,101,102,34,12,73,69,85,49,118,117,62,92" hai1="93,112,97,25,116,42,78,47,3,65,109,87,46" hai2="37,66,130,64,83,20,33,52,32,5,31,18,108" hai3="74,50,17,60,15,127,81,48,14,95,90,126,105"/><T111/><D73/><U54/><E116/><V123/><F123/><W67/><G105/><T23/><D34/><U38/><E109/><V119/><F108/><W57/><G81/><T6/><D111/><U22/><E3/><V128/><F119/><W2/><G74/><T94/><D69/><U56/><E65/><V80/><F37/><W89/><G2/><T79/><D117/><U27/><E25/><V43/><F43/><W24/><G90/><T104/><D104/><U68/><E68/><V115/><F5/><W10/><G24/><T99/><D49/><U114/><E47/><V125/><F125/><N who="3" m="47627" /><G15/><T30/><D118/><U1/><E1/><V107/><F107/><W132/><G132/><T0/><D0/><U13/><E13/><V26/><F115/><N who="1" m="44073" /><E87/><AGARI ba="1,0" hai="10,14,17,48,50,57,60,67,87,89,95" m="47627" machi="87" ten="30,2000,0" yaku="18,1,52,1" doraHai="91" who="3" fromWho="1" sc="443,0,180,-23,247,0,130,23" /><INIT seed="5,0,0,0,0,29" ten="443,157,247,153" oya="1" hai0="59,49,121,37,25,62,123,56,80,117,86,91,100" hai1="65,34,11,130,116,10,4,1,45,78,135,79,103" hai2="105,38,19,9,69,58,131,3,35,118,33,84,89" hai3="70,5,30,87,102,0,12,127,47,95,6,132,44"/><U106/><E116/><V112/><F118/><W133/><G70/><T113/><D37/><U50/><E135/><N who="3" m="51786" /><G127/><T36/><D36/><U53/><E130/><V107/><F69/><W2/><G30/><T52/><D117/><U61/><E34/><V18/><F38/><W24/><G24/><T128/><D100/><U93/><E106/><V104/><F131/><W32/><G32/><T99/><D99/><U126/><E126/><V7/><F112/><W31/><G31/><T81/><D25/><U110/><E110/><V74/><F74/><W43/><G12/><T8/><D81/><U63/><E63/><V115/><F115/><W114/><G114/><T48/><D113/><U97/><REACH who="1" step="1"/><E11/><REACH who="1" ten="443,147,247,153" step="2"/><V55/><F35/><W85/><G43/><T41/><D8/><U94/><E94/><V54/><F33/><W68/><G95/><T75/><D62/><U26/><E26/><V40/><F107/><W96/><G68/><AGARI ba="0,1" hai="1,4,10,45,50,53,61,65,68,78,79,93,97,103" machi="68" ten="30,2900,0" yaku="1,1,7,1,53,0" doraHai="29" doraHaiUra="22" who="1" fromWho="3" sc="443,0,147,39,247,0,153,-29" /><INIT seed="5,1,0,0,1,129" ten="443,186,247,124" oya="1" hai0="122,111,123,120,62,44,80,25,112,43,67,22,83" hai1="72,38,95,97,63,47,85,3,126,40,13,89,115" hai2="61,121,88,70,128,64,58,1,24,37,12,16,15" hai3="108,91,26,113,57,98,81,94,68,11,74,103,96"/><U45/><E115/><V66/><F121/><W27/><G68/><N who="0" m="42103" /><D112/><U86/><E126/><V99/><F1/><W23/><G57/><T132/><D111/><U105/><E3/><V41/><F128/><W4/><G108/><T30/><D132/><U35/><E72/><V76/><F76/><W117/><G113/><T93/><D93/><U73/><E73/><V14/><F37/><AGARI ba="1,0" hai="22,25,30,37,43,44,80,83,120,122,123" m="42103" machi="37" ten="30,1000,0" yaku="13,1" doraHai="129" who="0" fromWho="2" sc="443,13,186,0,247,-13,124,0" /><INIT seed="6,0,0,0,0,15" ten="456,186,234,124" oya="2" hai0="1,80,103,22,47,135,8,111,75,126,59,92,9" hai1="31,119,56,71,46,52,73,76,13,81,53,85,38" hai2="21,122,124,70,87,35,50,24,82,26,48,12,123" hai3="40,118,34,121,7,105,29,51,60,107,108,5,114"/><V127/><F70/><W64/><G121/><T100/><D111/><U27/><E119/><V68/><F68/><W134/><G108/><T90/><D126/><N who="2" m="48170" /><F35/><W49/><G118/><T93/><D135/><U91/><E71/><V99/><F99/><W104/><G134/><T45/><D59/><U4/><E38/><V120/><F12/><W66/><G60/><T16/><D75/><U36/><E36/><V11/><F11/><N who="0" m="4170" /><D1/><U128/><E128/><V55/><F55/><W54/><G54/><T32/><D32/><U79/><E73/><V57/><F57/><W25/><G114/><T58/><D58/><U109/><E13/><V14/><F14/><W97/><G97/><T86/><D47/><U106/><E106/><V30/><F26/><W0/><G0/><T83/><D45/><U96/><E4/><V74/><F74/><W65/><REACH who="3" step="1"/><G40/><REACH who="3" ten="456,186,234,114" step="2"/><T115/><D115/><U10/><E96/><V6/><F123/><W89/><G89/><N who="0" m="53303" /><D100/><U41/><E109/><V132/><F122/><W131/><G131/><T117/><D103/><U2/><E2/><V28/><F120/><W88/><G88/><T125/><D125/><U113/><E113/><V94/><F132/><W95/><G95/><T84/><D117/><U3/><E3/><V110/><F94/><W98/><G98/><T116/><D116/><U43/><E10/><V112/><F112/><W19/><G19/><T72/><D72/><U130/><E130/><V18/><F110/><W17/><G17/><T61/><D61/><N who="1" m="35975" /><E43/><V101/><F18/><W78/><G78/><T129/><D129/><U20/><E41/><RYUUKYOKU ba="0,1" sc="456,10,186,10,234,-30,114,10" hai0="16,22,80,83,84,90,93" hai1="20,27,31,46,53,76,79,81,85,91" hai3="5,7,25,29,34,49,51,64,65,66,104,105,107" /><INIT seed="7,1,1,5,4,114" ten="466,196,204,124" oya="3" hai0="100,111,39,108,129,125,83,135,20,17,85,56,133" hai1="74,134,48,10,130,16,22,89,119,50,54,63,126" hai2="45,98,78,94,123,8,87,27,68,12,14,5,113" hai3="51,80,38,88,99,6,58,35,77,82,128,69,9"/><W84/><G38/><T13/><D39/><U66/><E74/><V34/><F68/><W86/><G69/><T67/><D125/><U112/><E112/><V104/><F113/><W26/><G128/><T4/><D100/><U19/><E126/><V37/><F104/><W52/><G99/><T122/><D122/><U28/><E119/><V75/><F75/><W110/><G110/><T7/><D67/><U132/><E89/><V92/><F14/><N who="3" m="5431" /><G35/><T106/><D56/><N who="1" m="37223" /><E130/><V105/><F105/><W93/><G26/><T42/><D13/><N who="1" m="7607" /><E28/><V95/><F27/><W36/><G36/><T65/><D20/><U103/><E103/><V55/><F34/><W25/><G25/><T53/><D17/><U32/><E32/><V49/><F37/><W79/><G79/><T33/><D33/><U30/><E30/><V71/><F71/><W47/><G58/><T107/><D129/><U73/><E73/><V109/><F109/><W76/><G76/><T1/><D1/><U23/><E16/><V101/><F123/><W15/><G15/><T91/><D108/><U61/><E132/><V131/><F131/><W60/><G60/><T115/><D111/><U0/><E0/><V72/><F72/><W46/><G46/><T18/><D115/><U116/><E134/><V120/><F120/><W90/><G77/><T59/><D59/><N who="1" m="35063" /><E116/><V57/><F45/><W11/><G11/><T24/><D133/><U121/><E121/><V118/><F118/><W29/><G29/><T102/><D135/><U2/><E2/><V64/><F64/><W97/><G90/><T124/><D91/><RYUUKYOKU ba="1,1" sc="466,-30,196,10,204,10,124,10" hai1="22,23,48,50" hai2="5,8,12,49,55,57,78,87,92,94,95,98,101" hai3="47,51,52,80,82,84,86,88,93,97" /><INIT seed="7,2,1,4,2,6" ten="436,206,214,134" oya="3" hai0="15,107,126,130,75,16,100,115,84,4,56,74,127" hai1="38,129,117,68,0,10,133,132,83,98,54,95,17" hai2="86,87,121,70,20,73,30,88,46,37,108,32,120" hai3="50,61,36,99,112,29,28,69,35,45,89,8,13"/><W33/><G36/><T31/><D115/><U62/><E129/><V14/><F70/><W34/><G112/><T2/><D130/><U59/><E117/><V40/><F108/><W101/><G89/><T66/><D31/><U125/><E125/><N who="0" m="47625" /><D4/><U110/><E110/><V109/><F109/><W11/><G61/><N who="0" m="38183" /><D2/><U119/><E119/><V81/><F32/><W102/><G69/><T65/><D65/><U26/><E68/><V80/><F73/><W124/><G124/><T63/><D84/><U76/><E38/><V58/><F58/><W48/><G34/><T116/><D63/><U25/><E0/><V118/><F118/><W24/><G45/><T39/><D39/><U91/><E133/><V64/><F64/><W85/><G85/><T9/><D116/><U79/><E132/><V78/><F30/><W96/><REACH who="3" step="1"/><G24/><REACH who="3" ten="436,206,214,124" step="2"/><N who="1" m="9322" /><E83/><V43/><F37/><W52/><G52/><T128/><D128/><U114/><E114/><V22/><F81/><W71/><G71/><T60/><D60/><U94/><E54/><V7/><F80/><W67/><G67/><T23/><D23/><U93/><E62/><V111/><F22/><W49/><G49/><T55/><D55/><U104/><E91/><V92/><F20/><W53/><G53/><T42/><D42/><U135/><E135/><V19/><F43/><W131/><G131/><T41/><D41/><U18/><E59/><V21/><F40/><W82/><G82/><T123/><D123/><U90/><E90/><V27/><F121/><W122/><G122/><T103/><D103/><U113/><E113/><V106/><F120/><RYUUKYOKU ba="2,2" sc="436,15,206,-15,214,-15,124,15" hai0="9,15,16,74,75,100,107" hai3="8,11,13,28,29,33,35,48,50,96,99,101,102" /><INIT seed="7,3,2,5,1,92" ten="451,191,199,139" oya="3" hai0="108,81,118,83,104,82,105,35,36,12,70,2,46" hai1="100,126,18,10,43,11,25,3,56,34,84,124,86" hai2="68,76,120,57,17,77,37,119,101,40,48,44,111" hai3="129,117,8,64,99,27,45,98,97,62,31,52,13"/><W39/><G117/><T54/><D118/><U135/><E135/><V106/><F111/><W107/><G107/><T102/><D35/><U112/><E112/><V75/><F68/><W26/><G129/><T69/><D2/><U22/><E100/><V103/><F119/><W128/><G128/><T131/><D108/><U50/><E34/><V5/><F120/><W110/><G110/><T20/><D131/><U1/><E1/><V63/><F37/><W66/><G39/><T116/><D116/><U23/><E3/><V71/><F71/><W89/><G89/><T72/><D69/><U59/><E43/><V88/><F5/><N who="3" m="3215" /><G31/><T74/><D70/><U114/><E114/><V67/><F106/><W24/><G62/><T132/><D132/><U65/><E126/><V95/><F17/><W6/><G6/><T60/><D60/><N who="1" m="38047" /><E23/><V53/><F67/><W7/><G7/><T134/><D134/><U115/><E124/><V78/><F75/><W127/><G127/><T96/><D104/><U47/><E115/><V19/><F19/><W61/><G61/><T41/><D72/><U133/><E133/><V121/><F121/><W90/><G90/><T14/><D74/><U80/><E18/><V123/><F123/><W91/><G91/><T73/><D73/><U94/><E11/><V79/><F79/><W113/><G113/><T29/><D29/><U4/><E10/><V55/><F40/><W93/><G93/><T87/><D41/><U30/><E4/><V49/><F63/><W51/><AGARI ba="3,2" hai="24,26,27,45,51,52,64,66,97,98,99" m="3215" machi="51" ten="40,12000,1" yaku="8,1,52,3,54,1" doraHai="92" who="3" fromWho="3" sc="451,-43,191,-43,199,-43,139,149" /><INIT seed="7,4,0,1,2,63" ten="408,148,156,288" oya="3" hai0="46,44,70,38,62,107,31,93,48,78,21,20,47" hai1="103,55,122,32,29,33,7,124,69,1,119,24,58" hai2="77,81,80,131,100,60,89,134,64,5,73,40,13" hai3="135,114,90,106,98,50,11,130,45,19,99,79,10"/><W54/><G130/><T87/><D107/><U123/><E69/><V128/><F40/><W108/><G135/><T6/><D38/><U111/><E111/><V23/><F134/><W101/><G108/><T116/><D116/><U61/><E119/><V51/><F51/><W97/><G79/><T37/><D37/><U42/><E33/><V118/><F118/><W72/><G72/><T27/><D6/><U86/><E42/><V25/><F100/><W129/><G129/><N who="2" m="49737" /><F5/><W104/><G114/><T96/><D21/><U66/><E103/><V39/><F13/><W53/><G101/><N who="0" m="60559" /><D62/><U112/><E112/><V41/><F41/><W76/><G76/><T110/><D70/><U88/><E124/><V4/><F4/><W52/><G90/><T82/><D110/><U117/><E117/><V49/><F49/><AGARI ba="4,0" hai="20,27,31,44,46,47,48,49,78,82,87" m="60559" machi="49" ten="30,1000,0" yaku="8,1" doraHai="63" who="0" fromWho="2" sc="408,22,148,0,156,-22,288,0" owari="430,53.0,148,-25.0,134,-37.0,288,9.0" /></mjloggm>