<mjloggm ver="2.3"><GO type="185" lobby="0"/><UN n0="%E3%83%A1%E3%83%95%E3%82%A3%E3%82%B9%E3%83%88%E2%85%A1" n1="%58%65%6C%65%72%61%74%6F" n2="%E3%81%BF%E3%83%BC%E3%82%8F" n3="" dan="16,17,17,0" rate="2138.78,2242.41,2219.23,1500.00" sx="M,F,M,C"/><TAIKYOKU oya="0"/><INIT seed="0,0,0,4,1,124" ten="350,350,350,0" oya="0" hai0="40,75,115,44,96,60,50,66,108,52,51,121,33" hai1="78,85,117,122,101,48,41,91,98,72,114,88,49" hai2="125,61,56,39,106,1,132,38,63,53,95,69,43" hai3=""/><T32/><N who="0" m="31008" /><T103/><D115/><U46/><N who="1" m="31264" /><U130/><E114/><V93/><F1/><T62/><D75/><U34/><E117/><V79/><F125/><T37/><D51/><U54/><E34/><V0/><F0/><T131/><D131/><U111/><E130/><V113/><F113/><T58/><D108/><U80/><E72/><V73/><F106/><T81/><D81/><U2/><E2/><V100/><F132/><T87/><D87/><U57/><REACH who="1" step="1"/><E111/><REACH who="1" ten="350,340,350,0" step="2"/><V94/><F73/><T102/><D33/><U123/><N who="1" m="31520" /><U74/><E74/><V68/><F68/><T84/><D32/><U92/><AGARI ba="0,1" hai="41,46,48,49,54,57,78,80,85,88,91,92,98,101" m="31520,31264" machi="92" ten="20,12000,3" yaku="1,1,0,1,7,1,8,1,52,2,54,1,53,1" doraHai="124" doraHaiUra="89" who="1" fromWho="1" sc="350,-80,340,130,350,-40,0,0" /><INIT seed="1,0,0,4,5,97" ten="270,470,310,0" oya="1" hai0="72,56,98,103,99,54,80,115,49,90,64,119,77" hai1="47,34,85,89,132,111,61,52,117,74,57,105,116" hai2="58,63,120,106,126,0,124,135,46,113,100,82,79" hai3=""/><U67/><E34/><V68/><N who="2" m="30752" /><V94/><F0/><T101/><D115/><U110/><E105/><V50/><F113/><T41/><D119/><U39/><E74/><V43/><F68/><T109/><D109/><N who="1" m="41483" /><E132/><V53/><F106/><T118/><D118/><N who="1" m="45675" /><E39/><V131/><F131/><T84/><D64/><U73/><E73/><V86/><REACH who="2" step="1"/><F135/><REACH who="2" ten="270,470,300,0" step="2"/><T93/><REACH who="0" step="1"/><D41/><REACH who="0" ten="260,470,300,0" step="2"/><U88/><E85/><V107/><F107/><T69/><D69/><U55/><E67/><V125/><F125/><T78/><D78/><U66/><E66/><V104/><F104/><T81/><D81/><U76/><E76/><V1/><F1/><T92/><D92/><U83/><E83/><V108/><F108/><T95/><D95/><U59/><E89/><V130/><F130/><T70/><D70/><U134/><E88/><V71/><F71/><T37/><D37/><U121/><N who="1" m="31008" /><U36/><E134/><V75/><F75/><T127/><D127/><U48/><E36/><V40/><F40/><T65/><D65/><U62/><E55/><V114/><F114/><T38/><D38/><U129/><E129/><V123/><N who="2" m="31520" /><V45/><F45/><T133/><D133/><U3/><E3/><V44/><F44/><T91/><D91/><RYUUKYOKU ba="0,2" sc="260,0,470,0,300,0,0,0" hai0="49,54,56,72,77,80,84,90,93,98,99,101,103" hai1="47,48,52,57,59,61,62" hai2="43,46,50,53,58,63,79,82,86,94,100,124,126" /><INIT seed="1,1,2,3,5,133" ten="260,470,300,0" oya="1" hai0="72,56,80,99,2,124,70,102,81,92,75,108,126" hai1="41,107,129,40,63,68,38,127,59,111,69,89,62" hai2="34,51,91,55,77,1,73,42,116,57,3,125,109" hai3=""/><U53/><E107/><V87/><F116/><T95/><D70/><N who="1" m="27243" /><E89/><V84/><F34/><T118/><D2/><U112/><E112/><V113/><F113/><T78/><D56/><U36/><E129/><V52/><F109/><T132/><D108/><U97/><E97/><V105/><F105/><T121/><N who="0" m="31008" /><T48/><D48/><U64/><E111/><V110/><F110/><T33/><D33/><U130/><E130/><V83/><F42/><N who="1" m="16489" /><E127/><N who="0" m="48681" /><D118/><U93/><E93/><V60/><F125/><T103/><D132/><U90/><E90/><V117/><F117/><T135/><D135/><U115/><E115/><V66/><F1/><T120/><N who="0" m="30752" /><T61/><D61/><U101/><E101/><N who="0" m="38409" /><D99/><U49/><E63/><V76/><F3/><T96/><D96/><U45/><AGARI ba="1,2" hai="36,38,45,49,53,59,62,64" m="16489,27243" machi="45" ten="30,8000,1" yaku="35,5" doraHai="133" who="1" fromWho="1" sc="260,-41,470,102,300,-41,0,0" /><INIT seed="1,2,0,5,2,63" ten="219,572,259,0" oya="1" hai0="0,76,59,55,101,93,58,82,80,115,61,66,35" hai1="32,43,127,1,111,106,92,2,109,112,75,34,40" hai2="102,103,114,128,83,70,81,108,72,86,130,88,134" hai3=""/><U117/><E75/><V39/><F70/><T133/><D35/><N who="1" m="13355" /><E92/><V89/><F39/><T105/><D0/><N who="1" m="107" /><E106/><V78/><F108/><N who="1" m="41545" /><E127/><V36/><F114/><T47/><D105/><U49/><E112/><V129/><F36/><T79/><D115/><U116/><E49/><V46/><F46/><T45/><D93/><U3/><E3/><V126/><F126/><T37/><D37/><U41/><AGARI ba="2,0" hai="40,41,43,116,117" m="41545,107,13355" machi="41" ten="40,8000,1" yaku="28,2,14,1,10,1" doraHai="63" who="1" fromWho="1" sc="219,-42,572,84,259,-42,0,0" /><INIT seed="1,3,0,0,4,135" ten="177,656,217,0" oya="1" hai0="87,110,3,80,88,85,58,101,2,55,89,49,124" hai1="96,132,109,122,103,99,119,32,120,91,97,50,102" hai2="105,126,69,0,62,94,111,82,76,53,42,129,34" hai3=""/><U51/><N who="1" m="30752" /><U41/><N who="1" m="31264" /><U74/><E132/><V66/><F0/><T48/><D110/><U35/><E109/><V92/><F34/><T83/><D101/><U133/><E133/><V45/><F111/><T90/><D90/><U36/><E74/><V117/><F117/><T43/><D124/><U131/><E119/><V86/><F129/><T44/><AGARI ba="3,0" hai="2,3,43,44,48,49,55,58,80,83,85,87,88,89" machi="44" ten="30,3000,0" yaku="0,1,9,1,54,1" doraHai="135" who="0" fromWho="0" sc="177,36,656,-23,217,-13,0,0" /><INIT seed="2,0,0,3,0,119" ten="213,633,204,0" oya="2" hai0="65,46,74,99,111,64,83,107,134,108,86,94,62" hai1="109,70,33,0,127,100,88,115,126,93,85,51,54" hai2="59,133,113,124,131,112,76,45,47,67,95,116,91" hai3=""/><V52/><F116/><T58/><D107/><U50/><E115/><V92/><F124/><T123/><N who="0" m="31520" /><T69/><D74/><U120/><N who="1" m="30752" /><U68/><E109/><N who="0" m="42057" /><D46/><U63/><E0/><V132/><F131/><T78/><D134/><N who="2" m="51818" /><F76/><T118/><D118/><U122/><E33/><V102/><F67/><T34/><D34/><U38/><E126/><V36/><F36/><T71/><D65/><U57/><E127/><V79/><F79/><T110/><N who="0" m="42065" /><T77/><DORA hai="41" /><D78/><U128/><E128/><V114/><F91/><AGARI ba="0,0" hai="58,62,64,69,71,77,83,86,91,94,99" m="42065,31520" machi="91" ten="40,5200,0" yaku="14,1,52,2" doraHai="119,41" who="0" fromWho="2" sc="213,52,633,0,204,-52,0,0" /><INIT seed="4,0,0,2,1,0" ten="265,633,152,0" oya="0" hai0="49,85,38,122,94,76,78,104,123,79,40,112,50" hai1="48,66,71,109,51,129,83,101,74,52,77,75,36" hai2="111,64,108,118,32,128,44,63,81,107,41,114,59" hai3=""/><T116/><N who="0" m="31264" /><T105/><N who="0" m="31520" /><T100/><D38/><U92/><E75/><V117/><F107/><N who="0" m="41034" /><D40/><U132/><E48/><V3/><F81/><T37/><D37/><U99/><E51/><N who="0" m="19465" /><D85/><U58/><E83/><V125/><F3/><T82/><D82/><U135/><E135/><V42/><F32/><T87/><D87/><U62/><E132/><V95/><F95/><T43/><D43/><N who="2" m="16394" /><F125/><T88/><D100/><U35/><E101/><V84/><F84/><T134/><D134/><U68/><E36/><V126/><F126/><T96/><D96/><U1/><E99/><V93/><F93/><T120/><N who="0" m="30752" /><T54/><D94/><U2/><E92/><V73/><F73/><T45/><D45/><U57/><E74/><V127/><F44/><T56/><D56/><U124/><E58/><V115/><F127/><T91/><D54/><U106/><E52/><V67/><F59/><T102/><D102/><U90/><E57/><V70/><F67/><T97/><D97/><U69/><E66/><V53/><F53/><T113/><D116/><U103/><E124/><V89/><F118/><T72/><D72/><U65/><E106/><V60/><F117/><T130/><D130/><U80/><E129/><V133/><F128/><RYUUKYOKU ba="0,0" sc="265,20,633,-10,152,-10,0,0" hai0="76,78,79,88,91,112,113" /><INIT seed="4,1,0,4,1,32" ten="285,623,142,0" oya="0" hai0="74,134,110,91,94,120,115,103,128,47,124,100,66" hai1="39,127,65,55,89,45,87,72,102,34,62,118,131" hai2="97,83,121,77,126,42,125,37,107,75,53,133,49" hai3=""/><T76/><N who="0" m="30752" /><T56/><D115/><U113/><E34/><V114/><N who="2" m="31008" /><V80/><F114/><T122/><N who="0" m="31264" /><T35/><D35/><U104/><E72/><V61/><F133/><T71/><D134/><U86/><E86/><V40/><F83/><T101/><D71/><U85/><E85/><V82/><F80/><T50/><D128/><U132/><E118/><V105/><F61/><T73/><D124/><N who="2" m="47722" /><F37/><T36/><D110/><U64/><E62/><V99/><F99/><T92/><D76/><U129/><E132/><V112/><F112/><T98/><D92/><U106/><E113/><V116/><F116/><T117/><D36/><U68/><E127/><V81/><F82/><T51/><D117/><U57/><E39/><V52/><F53/><T130/><D74/><U58/><E104/><N who="2" m="40011" /><F97/><T79/><D79/><U1/><E106/><V48/><F48/><T123/><N who="0" m="31520" /><T44/><D73/><U88/><E87/><V54/><F54/><T59/><D51/><U38/><E38/><V3/><F3/><T41/><D50/><U63/><E1/><V78/><F78/><T46/><D98/><U111/><E63/><V96/><F96/><T33/><D33/><U95/><E95/><V67/><F67/><RYUUKYOKU ba="1,0" sc="285,-10,623,-10,142,20,0,0" hai2="40,42,49,52,75,77,81" /><INIT seed="5,2,0,3,2,2" ten="275,613,162,0" oya="1" hai0="55,56,123,104,36,113,33,125,90,71,91,84,116" hai1="42,120,58,54,80,78,65,76,60,117,52,72,67" hai2="97,121,74,122,81,51,118,109,130,64,62,44,111" hai3=""/><U0/><N who="1" m="30752" /><U86/><E117/><V106/><N who="2" m="31008" /><V127/><N who="2" m="31264" /><V45/><F118/><T38/><N who="0" m="31520" /><T95/><D116/><U75/><E0/><V41/><F130/><T57/><D71/><U124/><E124/><V50/><F127/><T34/><D125/><U70/><E70/><V102/><BYE who="1" /><F81/><T107/><D113/><U47/><E47/><V114/><F74/><T59/><D59/><U46/><E46/><V69/><REACH who="2" step="1"/><F114/><REACH who="2" ten="275,613,152,0" step="2"/><T94/><D84/><U35/><E35/><V53/><AGARI ba="2,1" hai="41,44,45,50,51,53,62,64,69,97,102,106,109,111" m="31264,31008" machi="53" ten="20,9000,2" yaku="1,1,2,1,0,1,7,1,52,2,53,1" doraHai="2" doraHaiUra="101" who="2" fromWho="2" sc="275,-32,613,-62,152,104,0,0" /><INIT seed="6,0,0,3,1,43" ten="243,551,256,0" oya="2" hai0="59,84,86,128,121,97,134,65,32,99,102,116,34" hai1="69,35,42,64,119,132,123,94,100,41,98,56,45" hai2="103,68,81,105,47,129,113,117,127,50,1,63,51" hai3=""/><V88/><F117/><T124/><N who="0" m="31008" /><T110/><D110/><U95/><E95/><V40/><F1/><T80/><D116/><U91/><E91/><V71/><F113/><UN n1="%58%65%6C%65%72%61%74%6F" /><T89/><D134/><U61/><E35/><V93/><F129/><T79/><D128/><U60/><E132/><V92/><F127/><T74/><D124/><U109/><E109/><V75/><F105/><T39/><D39/><U107/><E107/><V33/><F33/><T46/><D46/><U135/><E135/><V62/><F75/><T77/><D74/><U48/><N who="1" m="31520" /><U85/><E85/><V54/><F81/><T101/><D79/><U53/><E119/><V66/><F103/><T3/><D3/><U106/><E106/><V130/><F130/><T2/><D2/><U125/><E125/><V90/><F93/><T112/><D112/><U133/><E133/><V67/><F92/><T115/><D115/><U36/><E36/><V122/><N who="2" m="31264" /><V131/><F131/><T104/><D102/><U87/><E87/><V120/><N who="2" m="30752" /><V38/><F38/><T126/><D126/><U52/><AGARI ba="0,0" hai="41,42,45,48,52,53,56,60,61,64,69,94,98,100" m="31520" machi="52" ten="20,6000,1" yaku="0,1,7,1,52,2,54,1" doraHai="43" who="1" fromWho="1" sc="243,-20,551,60,256,-40,0,0" owari="223,-18.0,611,56.0,216,-38.0,0,0.0" /></mjloggm>