<mjloggm ver="2.3"><GO type="169" lobby="0"/><UN n0="%E9%89%84%E7%A8%9A%E9%AD%9A%E3%82%AB%E3%83%A2%E9%A4%8A%E5%88%86" n1="%72%61%62%69%65%6C" n2="%E3%81%8B%E3%82%8A%E3%82%93%E3%81%95%E3%82%93" n3="%69%70%73%E6%88%A6%E5%A3%AB" dan="18,17,18,16" rate="2213.46,2245.15,2203.02,2036.95" sx="F,M,M,F"/><TAIKYOKU oya="0"/><INIT seed="0,0,0,5,5,116" ten="250,250,250,250" oya="0" hai0="128,98,66,40,7,103,54,14,118,65,72,47,64" hai1="82,28,125,135,39,121,17,25,11,63,53,41,6" hai2="1,109,71,117,132,23,33,110,67,104,48,4,49" hai3="5,58,133,102,42,10,52,80,94,93,106,81,43"/><T127/><D118/><U15/><E135/><V44/><F33/><W77/><G133/><T34/><D128/><U134/><E134/><V0/><F132/><W20/><G106/><T107/><D127/><U126/><E39/><V68/><F104/><W101/><G20/><T45/><D72/><U114/><E41/><V61/><F117/><W108/><G108/><N who="2" m="41577" /><F68/><W119/><G119/><T112/><D112/><U83/><E114/><V35/><F35/><W37/><G37/><T59/><D34/><U130/><E130/><V73/><F73/><W111/><G111/><T57/><D57/><N who="1" m="35247" /><E121/><V74/><F74/><W86/><G80/><T8/><REACH who="0" step="1"/><D40/><REACH who="0" ten="240,250,250,250" step="2"/><U131/><E131/><V122/><F71/><W123/><G42/><T56/><D56/><U38/><E125/><V29/><F44/><W79/><G43/><T129/><D129/><U85/><E126/><V50/><F122/><W87/><G123/><T24/><D24/><U46/><E46/><V55/><F61/><AGARI ba="0,1" hai="7,8,14,45,47,54,59,61,64,65,66,98,103,107" machi="61" ten="40,2000,0" yaku="1,1,53,0" doraHai="116" doraHaiUra="124" who="0" fromWho="2" sc="240,30,250,0,250,-20,250,0" /><INIT seed="0,1,0,1,2,131" ten="270,250,230,250" oya="0" hai0="87,58,130,81,44,133,103,80,124,120,67,86,118" hai1="72,108,10,23,6,8,42,37,36,55,73,2,114" hai2="14,7,33,5,105,79,113,12,63,94,93,21,77" hai3="71,30,88,15,119,101,64,95,57,52,100,109,127"/><T53/><D118/><U84/><E108/><V82/><F105/><W132/><G119/><T61/><D120/><U1/><E114/><V3/><F33/><W54/><G109/><T83/><D130/><U0/><E55/><N who="3" m="21034" /><G71/><T126/><D103/><U112/><E112/><V16/><F113/><W123/><G123/><T96/><D96/><U111/><E111/><V76/><F63/><N who="3" m="37999" /><G127/><N who="0" m="48683" /><D133/><U110/><E110/><V35/><F35/><W115/><G115/><T75/><D75/><U29/><E84/><V117/><F117/><W20/><G132/><T62/><D44/><U26/><E42/><V56/><F56/><AGARI ba="1,0" hai="53,56,58,61,62,67,80,81,83,86,87" m="48683" machi="56" ten="30,1500,0" yaku="18,1" doraHai="131" who="0" fromWho="2" sc="270,18,250,0,230,-18,250,0" /><INIT seed="0,2,0,5,1,9" ten="288,250,212,250" oya="0" hai0="100,116,107,37,71,52,10,13,97,16,26,128,18" hai1="81,70,57,47,133,21,0,14,78,105,84,96,49" hai2="111,90,32,110,93,74,2,103,29,17,46,51,45" hai3="72,113,63,36,108,125,12,85,80,53,19,95,118"/><T40/><D71/><U8/><E133/><V119/><F74/><W64/><G118/><T62/><D116/><U30/><E70/><V88/><F119/><W98/><G113/><T76/><D76/><U59/><E0/><V134/><F2/><W117/><G72/><T73/><D73/><U15/><E105/><V129/><F134/><W50/><G36/><T42/><D128/><U35/><E35/><V24/><F129/><W11/><G125/><T121/><D121/><U5/><E96/><N who="2" m="59791" /><F45/><W86/><G108/><N who="2" m="41513" /><F17/><W27/><G27/><T102/><D37/><U66/><E66/><V33/><F32/><W135/><G135/><T124/><D124/><U132/><E132/><V7/><F7/><W56/><G80/><T34/><D102/><U4/><E30/><V39/><F39/><W68/><REACH who="3" step="1"/><G117/><REACH who="3" ten="288,250,212,240" step="2"/><T126/><D126/><U60/><E60/><V67/><F67/><W101/><AGARI ba="2,1" hai="11,12,19,50,53,56,63,64,68,85,86,95,98,101" machi="101" ten="20,8000,1" yaku="1,1,2,1,0,1,7,1,52,1,53,0" doraHai="9" doraHaiUra="131" who="3" fromWho="3" sc="288,-42,250,-22,212,-22,240,96" /><INIT seed="1,0,0,2,3,14" ten="246,228,190,336" oya="1" hai0="107,110,41,25,124,93,12,33,129,13,1,63,114" hai1="67,20,53,36,98,135,100,68,103,80,45,38,123" hai2="52,87,84,0,48,115,24,9,7,34,83,40,74" hai3="37,96,54,44,92,3,28,77,116,57,73,82,108"/><U61/><E123/><V76/><F115/><W79/><G116/><T89/><D114/><U59/><E135/><V26/><F40/><W42/><G108/><T69/><D1/><U95/><E100/><V109/><F109/><W43/><G77/><T127/><D110/><U75/><E75/><V47/><REACH who="2" step="1"/><F24/><REACH who="2" ten="246,228,180,336" step="2"/><W70/><G43/><T99/><D41/><U17/><E80/><V134/><F134/><W62/><G70/><T49/><D25/><U121/><E121/><V55/><F55/><W23/><G3/><T22/><D69/><U94/><E94/><V64/><F64/><W66/><G66/><T128/><D93/><U39/><E68/><V29/><AGARI ba="0,1" hai="0,7,9,26,29,34,47,48,52,74,76,83,84,87" machi="29" ten="30,4000,0" yaku="1,1,0,1,54,1,53,0" doraHai="14" doraHaiUra="91" who="2" fromWho="2" sc="246,-10,228,-20,180,50,336,-10" /><INIT seed="2,0,0,2,5,88" ten="236,208,230,326" oya="2" hai0="106,42,91,129,59,80,4,0,8,121,47,68,10" hai1="53,50,130,125,27,81,89,1,105,70,122,103,17" hai2="40,109,12,57,104,14,115,76,48,90,128,118,63" hai3="51,119,32,23,22,100,58,114,38,71,18,110,133"/><V3/><F115/><W116/><G71/><T93/><D121/><U60/><E130/><V126/><F118/><W83/><G38/><T108/><D68/><U107/><E125/><V16/><F3/><W56/><G32/><T20/><D106/><U36/><E36/><V15/><F128/><W7/><G114/><T31/><D129/><U117/><E117/><V55/><F126/><W79/><G133/><T26/><D108/><U84/><E1/><V33/><F33/><W94/><G110/><T134/><D134/><U101/><E107/><V82/><F104/><W65/><G7/><T54/><D10/><U5/><E5/><V92/><F109/><W9/><G9/><T73/><D73/><U112/><E112/><V87/><F40/><W21/><G116/><T86/><D80/><U135/><E122/><V11/><REACH who="2" step="1"/><F63/><REACH who="2" ten="236,208,220,326" step="2"/><W41/><G119/><T46/><REACH who="0" step="1"/><D42/><REACH who="0" ten="226,208,220,326" step="2"/><U96/><E105/><V45/><F45/><W66/><G41/><T95/><D95/><U123/><E123/><V2/><F2/><W19/><G94/><T24/><D24/><U124/><E135/><V85/><AGARI ba="0,2" hai="11,12,14,15,16,48,55,57,76,82,85,87,90,92" machi="85" ten="20,18000,2" yaku="1,1,0,1,7,1,8,1,52,1,54,1,53,0" doraHai="88" doraHaiUra="113" who="2" fromWho="2" sc="226,-60,208,-60,220,200,326,-60" /><INIT seed="2,1,0,2,0,46" ten="166,148,420,266" oya="2" hai0="5,16,54,78,15,2,13,27,30,106,111,121,0" hai1="56,42,62,116,25,7,69,38,105,29,65,129,123" hai2="8,118,107,128,133,98,1,60,94,26,74,55,71" hai3="90,117,33,102,9,28,92,122,48,14,58,75,51"/><V18/><F118/><W17/><G122/><T3/><D106/><U11/><E116/><V81/><F107/><W40/><G75/><T83/><D121/><U135/><E123/><V82/><F128/><W120/><G120/><T50/><D111/><U12/><E129/><V24/><F133/><W21/><G33/><T19/><D15/><U47/><E135/><V64/><F74/><W104/><G117/><T79/><D79/><U132/><E132/><V96/><F96/><W119/><G119/><T66/><D66/><U84/><E84/><V41/><F41/><W101/><G104/><T59/><D13/><U35/><E105/><V20/><F24/><N who="3" m="16399" /><G40/><T68/><D68/><U115/><REACH who="1" step="1"/><E56/><REACH who="1" ten="166,138,420,266" step="2"/><V108/><F108/><W110/><G58/><T36/><D36/><U113/><AGARI ba="1,1" hai="7,11,12,25,29,35,38,42,47,62,65,69,113,115" machi="113" ten="30,7900,0" yaku="1,1,2,1,0,1,53,1" doraHai="46" doraHaiUra="63" who="1" fromWho="1" sc="166,-21,138,92,420,-40,266,-21" /><INIT seed="3,0,0,1,1,38" ten="145,230,380,245" oya="3" hai0="44,131,95,4,45,52,25,106,113,125,71,121,63" hai1="108,88,111,101,59,3,50,76,112,107,78,0,132" hai2="124,54,77,115,31,40,2,99,11,82,104,9,36" hai3="75,133,28,79,51,92,37,127,1,39,19,53,30"/><W118/><G118/><T128/><D106/><U46/><E112/><V130/><F115/><W69/><G1/><T102/><D113/><U34/><E34/><V72/><F124/><W47/><G69/><T23/><D121/><U116/><E116/><V60/><F130/><W48/><G127/><T129/><D125/><U114/><E114/><V74/><F31/><W29/><G133/><T110/><D4/><U58/><E132/><V57/><F72/><W62/><G62/><T68/><D110/><N who="1" m="42027" /><E101/><V109/><F109/><W70/><G70/><N who="0" m="26667" /><D102/><U55/><E107/><V119/><F119/><W12/><G92/><T14/><D14/><U98/><E76/><V35/><F35/><W66/><G66/><T73/><D73/><U27/><E27/><V84/><F104/><W5/><G5/><T80/><D80/><U18/><E18/><V97/><F84/><W91/><G91/><T13/><D13/><U94/><E78/><V117/><F117/><W89/><G89/><T26/><D95/><U103/><E103/><V64/><F64/><W85/><G75/><T42/><D23/><U93/><E94/><V56/><F2/><AGARI ba="0,0" hai="0,2,3,46,50,55,58,59,88,93,98" m="42027" machi="2" ten="30,2000,0" yaku="14,1,54,1" doraHai="38" who="1" fromWho="2" sc="145,0,230,20,380,-20,245,0" /><INIT seed="4,0,0,5,4,26" ten="145,250,360,245" oya="0" hai0="75,95,97,112,127,105,83,15,36,121,51,77,125" hai1="65,63,89,82,5,87,23,29,78,135,120,88,71" hai2="37,114,16,108,134,85,68,117,17,104,67,24,47" hai3="21,111,28,94,39,10,8,45,66,79,113,62,59"/><T32/><D36/><U76/><E120/><V55/><F108/><W119/><G111/><T100/><D32/><U132/><E5/><V72/><F72/><W22/><G119/><T61/><D61/><U57/><E71/><V110/><F110/><W20/><G113/><T1/><D1/><U98/><E98/><V42/><F104/><W25/><G79/><T12/><D51/><U130/><E130/><V118/><F114/><W19/><G21/><T48/><D112/><U93/><E78/><V0/><F0/><W53/><G94/><T31/><D121/><U115/><E115/><V126/><F126/><N who="0" m="48138" /><D48/><U11/><E11/><V3/><F3/><W46/><G39/><T96/><D31/><U133/><E93/><V9/><F37/><W102/><G102/><AGARI ba="0,0" hai="12,15,75,77,83,95,96,97,100,102,105" m="48138" machi="102" ten="30,1500,0" yaku="18,1" doraHai="26" who="0" fromWho="3" sc="145,15,250,0,360,0,245,-15" /><INIT seed="4,1,0,2,3,21" ten="160,250,360,230" oya="0" hai0="54,130,75,64,31,7,102,74,3,39,29,52,133" hai1="76,96,28,97,16,109,43,58,61,47,32,111,10" hai2="82,59,27,123,14,15,80,49,23,35,17,19,135" hai3="116,86,1,108,124,92,6,65,121,71,36,105,63"/><T91/><D39/><U38/><E76/><V45/><F123/><W128/><RYUUKYOKU type="yao9" ba="1,0" sc="160,0,250,0,360,0,230,0" hai3="1,6,36,63,65,71,86,92,105,108,116,121,124,128" /><INIT seed="4,2,0,3,4,28" ten="160,250,360,230" oya="0" hai0="108,65,24,90,86,41,118,110,126,15,114,26,93" hai1="67,120,16,128,45,68,49,5,11,103,29,58,134" hai2="60,54,74,1,56,38,75,113,95,59,83,105,80" hai3="50,55,115,23,57,92,33,85,17,48,72,99,40"/><T88/><D118/><U82/><E120/><V98/><F38/><W127/><G72/><T89/><D114/><U104/><E134/><V121/><F1/><W106/><G115/><T107/><D107/><U109/><E109/><N who="0" m="42089" /><D126/><U123/><E123/><V4/><F4/><W94/><G127/><T87/><D65/><U37/><E128/><V70/><F70/><W46/><G33/><T43/><D15/><U6/><E104/><V10/><F10/><W21/><G106/><T22/><D22/><U18/><E103/><V31/><F113/><W36/><G36/><T44/><D44/><U96/><E96/><V81/><F121/><W8/><G85/><N who="0" m="32267" /><D93/><U69/><E67/><V12/><F105/><W0/><G92/><T131/><D131/><U119/><E45/><V133/><F12/><N who="3" m="7303" /><G0/><T78/><D78/><U25/><E119/><V135/><F75/><W97/><G97/><T100/><D100/><AGARI ba="2,0" hai="21,23,40,46,48,50,55,57,94,99,100" m="7303" machi="100" ten="30,1000,0" yaku="8,1" doraHai="28" who="3" fromWho="0" sc="160,-16,250,0,360,0,230,16" /><INIT seed="5,0,0,3,3,115" ten="144,250,360,246" oya="1" hai0="97,85,27,110,113,39,19,104,83,44,69,74,21" hai1="57,13,111,108,78,107,79,2,53,98,25,32,82" hai2="77,18,96,112,114,123,3,45,60,37,38,89,29" hai3="133,1,55,61,8,64,23,70,12,102,65,42,131"/><U5/><E2/><V28/><F123/><W91/><G133/><T62/><D110/><U52/><E32/><V92/><F3/><W67/><G131/><T90/><D113/><N who="2" m="43626" /><F77/><W16/><G102/><T30/><D39/><N who="2" m="14858" /><F45/><W36/><G42/><T7/><D44/><U10/><E25/><V24/><F60/><W54/><G36/><T125/><D62/><U95/><E107/><V87/><F96/><W58/><G70/><T128/><D69/><U88/><E79/><V84/><F87/><W71/><G55/><T94/><D104/><U75/><REACH who="1" step="1"/><E57/><REACH who="1" ten="144,240,360,246" step="2"/><V121/><F121/><W103/><G71/><T118/><D27/><U47/><E47/><V127/><F127/><W17/><G1/><T130/><D125/><U15/><E15/><V86/><F24/><W50/><G50/><T80/><D130/><U100/><E100/><V40/><F28/><W22/><G103/><T109/><D30/><U117/><E117/><V56/><F29/><W46/><G91/><T6/><D128/><U51/><E51/><V101/><F101/><W105/><G46/><T73/><D118/><U135/><E135/><V81/><F56/><W93/><G105/><T134/><D134/><U59/><E59/><V31/><F31/><W132/><G132/><T9/><D90/><U122/><E122/><V41/><F40/><W26/><G54/><AGARI ba="0,1" hai="5,10,13,52,53,54,75,78,82,88,95,98,108,111" machi="54" ten="40,12000,1" yaku="1,1,54,2,53,1" doraHai="115" doraHaiUra="0" who="1" fromWho="3" sc="144,0,240,130,360,0,246,-120" /><INIT seed="5,1,0,2,2,112" ten="144,370,360,126" oya="1" hai0="115,125,51,113,29,91,100,105,123,1,35,30,126" hai1="94,32,131,42,34,11,22,96,79,76,62,36,110" hai2="92,41,111,68,74,6,60,78,8,93,37,108,24" hai3="64,73,50,20,124,55,13,38,114,89,5,23,47"/><U12/><E131/><V103/><F24/><W87/><G73/><T107/><D1/><U117/><E36/><V98/><F92/><W63/><G114/><N who="0" m="43531" /><D100/><U84/><E42/><V119/><F119/><W14/><G38/><T28/><D35/><U109/><E22/><V122/><F122/><W53/><G124/><N who="0" m="47723" /><D123/><U71/><E71/><V67/><F78/><W97/><G97/><T54/><D91/><U134/><E62/><V133/><F74/><W33/><G33/><T26/><D26/><U46/><E79/><V10/><F111/><W116/><G116/><T102/><D102/><U77/><E77/><V86/><F108/><W130/><G130/><T52/><D51/><U57/><E84/><V0/><F86/><W19/><G5/><T2/><D2/><U101/><E76/><V85/><F85/><W9/><G14/><T7/><D7/><U40/><E110/><V128/><F0/><W49/><G89/><T129/><D129/><U59/><E34/><V99/><F6/><W43/><G87/><T58/><D58/><U4/><E32/><V25/><F128/><W27/><G49/><T135/><D135/><U69/><E134/><V31/><F133/><W80/><G80/><T39/><D39/><N who="1" m="21791" /><E109/><V118/><F98/><W3/><G3/><T132/><D132/><U65/><E59/><V127/><F127/><W70/><G27/><T90/><D90/><U104/><E57/><V44/><F118/><W95/><G95/><T121/><D121/><U66/><E94/><V15/><F15/><W81/><G81/><T45/><D45/><U82/><E96/><RYUUKYOKU ba="1,0" sc="144,10,370,-30,360,10,126,10" hai0="28,29,30,52,54,105,107" hai2="8,10,25,31,37,41,44,60,67,68,93,99,103" hai3="9,13,19,20,23,43,47,50,53,55,63,64,70" /><INIT seed="6,2,0,0,1,77" ten="154,340,370,136" oya="2" hai0="38,27,95,61,90,51,53,11,80,64,119,49,68" hai1="102,71,54,112,44,56,65,128,130,29,96,122,116" hai2="127,26,69,108,106,67,79,107,94,121,93,63,28" hai3="134,17,125,6,59,117,55,24,32,76,98,58,88"/><V47/><F121/><W135/><G117/><T101/><D119/><U104/><E112/><V0/><F0/><W31/><G6/><T46/><D101/><U2/><E122/><V129/><F127/><W14/><G125/><T45/><D38/><U34/><E2/><V5/><F5/><W72/><G72/><T74/><D11/><U37/><E116/><V7/><F7/><W84/><G98/><T132/><D27/><N who="1" m="18751" /><E44/><V131/><F108/><W78/><G78/><T115/><D132/><N who="3" m="50729" /><G76/><T22/><D22/><U89/><E89/><V120/><F79/><W113/><G55/><T30/><D30/><U4/><E4/><V40/><F120/><W36/><G36/><T124/><D124/><U70/><E37/><N who="2" m="21903" /><F94/><N who="3" m="54535" /><G113/><T16/><D115/><U105/><E105/><N who="2" m="39947" /><F93/><W35/><G35/><AGARI ba="2,0" hai="26,28,35,63,67,69,129,131" m="39947,21903" machi="35" ten="30,1500,0" yaku="23,1" doraHai="77" who="2" fromWho="3" sc="154,0,340,0,370,21,136,-21" /><INIT seed="6,3,0,1,2,10" ten="154,340,391,115" oya="2" hai0="58,105,98,1,53,33,103,108,79,37,72,106,31" hai1="107,120,43,101,122,23,87,123,114,61,78,15,29" hai2="27,94,121,4,81,68,64,77,129,119,75,3,135" hai3="26,45,21,97,32,66,25,36,83,116,89,51,118"/><V13/><F121/><W22/><G32/><T52/><D108/><U112/><E43/><V47/><F119/><W73/><G36/><T95/><D1/><U127/><E127/><V49/><F135/><W128/><G66/><T63/><D37/><U125/><E125/><V88/><F3/><W102/><G128/><T9/><D9/><U20/><E61/><V0/><F0/><W74/><G118/><T5/><D5/><U18/><E107/><V6/><F27/><W2/><G2/><T71/><D71/><U54/><E101/><V91/><F129/><W46/><G46/><T62/><D72/><U111/><E111/><V109/><F109/><W124/><G124/><T92/><D79/><U17/><E54/><V93/><F68/><W80/><G116/><T42/><D42/><U84/><E29/><V134/><F64/><W8/><G8/><T39/><D39/><U131/><E131/><V86/><F134/><W130/><G130/><T99/><D31/><U14/><E78/><V28/><F28/><N who="3" m="17455" /><G89/><T100/><D33/><U7/><E7/><V85/><F13/><W69/><G69/><T96/><D99/><U55/><E55/><AGARI ba="3,0" hai="4,6,47,49,55,75,77,81,85,86,88,91,93,94" machi="55" ten="30,5800,0" yaku="7,1,9,1,54,1" doraHai="10" who="2" fromWho="1" sc="154,0,340,-67,391,67,115,0" /><INIT seed="6,4,0,3,3,3" ten="154,273,458,115" oya="2" hai0="28,9,32,39,118,14,106,89,19,99,131,109,41" hai1="96,30,29,91,64,62,65,127,87,44,121,51,8" hai2="17,83,82,88,112,71,58,21,12,23,119,25,22" hai3="45,126,36,6,76,70,133,135,105,24,97,57,4"/><V86/><F71/><W129/><G70/><T5/><D109/><U43/><E127/><V48/><F119/><W7/><G126/><T61/><D118/><U110/><E110/><V59/><F112/><W93/><G105/><T60/><D131/><U107/><E121/><V108/><F108/><W66/><G76/><T26/><D41/><U128/><E128/><V40/><F82/><W52/><G129/><T37/><D106/><U18/><E96/><V55/><F40/><W116/><G116/><T34/><D34/><U1/><E107/><V113/><F113/><W53/><G24/><T73/><D73/><U100/><E100/><V111/><F111/><W102/><G36/><T54/><D61/><U63/><E62/><V103/><F103/><W104/><G104/><T72/><D72/><U79/><E79/><V95/><F83/><W2/><G2/><T33/><D33/><U120/><E120/><V94/><F94/><W81/><G81/><T90/><D19/><U15/><E1/><V85/><F85/><W132/><G45/><T38/><REACH who="0" step="1"/><D99/><REACH who="0" ten="144,273,458,115" step="2"/><U68/><E65/><V10/><REACH who="2" step="1"/><F58/><AGARI ba="4,1" hai="5,9,14,26,28,32,37,38,39,54,58,60,89,90" machi="58" ten="40,5200,0" yaku="1,1,2,1,52,1,53,0" doraHai="3" doraHaiUra="101" who="0" fromWho="2" sc="144,74,273,0,458,-64,115,0" /><INIT seed="7,0,0,5,1,12" ten="218,273,394,115" oya="3" hai0="21,64,71,114,33,52,84,116,77,86,26,30,85" hai1="55,44,73,103,124,105,88,121,131,50,1,97,66" hai2="65,49,74,22,80,42,91,14,93,89,0,17,119" hai3="2,4,72,5,113,3,35,45,60,24,118,25,135"/><W19/><G72/><T75/><D116/><U123/><E1/><N who="3" m="10" /><G60/><T8/><D8/><U90/><E73/><V47/><F119/><W61/><G61/><T46/><D75/><U129/><E66/><V51/><F0/><W104/><G104/><T39/><D33/><U115/><E115/><V67/><F51/><W130/><G45/><T98/><D114/><U15/><E15/><V95/><F74/><W99/><G99/><T92/><D64/><N who="2" m="24650" /><F91/><N who="1" m="34857" /><E124/><V111/><F111/><W16/><G118/><T34/><D34/><U134/><E134/><V87/><AGARI ba="0,0" hai="14,17,22,42,47,49,80,87,89,93,95" m="24650" machi="87" ten="30,2000,0" yaku="8,1,52,1" doraHai="12" who="2" fromWho="2" sc="218,-5,273,-5,394,20,115,-10" owari="213,-19.0,268,7.0,414,51.0,105,-39.0" /></mjloggm>