<mjloggm ver="2.3"><GO type="169" lobby="0"/><UN n0="%E3%83%84%E3%83%B3%E2%98%86%E3%83%89%E3%83%A9%E3%82%AD%E3%83%BC" n1="%E7%A5%9E%E9%A2%A8%E3%81%A6%E3%81%83%E3%81%A3%E3%81%97%E3%82%85" n2="%E8%A5%BF%E6%9D%91%E9%9B%84%E4%B8%80%E9%83%8E" n3="%E6%A5%BD%E3%81%97%E3%82%93%E3%81%94" dan="16,16,18,16" rate="2042.83,2135.66,2339.22,2039.05" sx="F,M,M,M"/><TAIKYOKU oya="0"/><INIT seed="0,0,0,2,1,130" ten="250,250,250,250" oya="0" hai0="64,81,17,28,10,2,92,69,132,94,35,76,46" hai1="100,93,89,87,107,110,119,41,134,67,96,125,102" hai2="70,40,21,53,22,27,111,6,54,4,88,115,20" hai3="131,11,42,114,19,33,104,57,26,86,0,39,124"/><T98/><D69/><U133/><E119/><V65/><F115/><W48/><G104/><T108/><D64/><U25/><E125/><V60/><F111/><W103/><G39/><T50/><D35/><U82/><E110/><V24/><F40/><W105/><G105/><T47/><D28/><U95/><E41/><V38/><F38/><W36/><G36/><T8/><D108/><U44/><E44/><V34/><F34/><W12/><G103/><T80/><D46/><U113/><E113/><V13/><F88/><W106/><G106/><T18/><D132/><N who="1" m="50795" /><E25/><V9/><F4/><W117/><G26/><T45/><D2/><U128/><E67/><V37/><F37/><W75/><G0/><T73/><D45/><U63/><E63/><V77/><F77/><W62/><G62/><T120/><D120/><U29/><E29/><V66/><F66/><W32/><G42/><T122/><D122/><U15/><E128/><V52/><AGARI ba="0,0" hai="6,9,13,20,21,22,24,27,52,53,54,60,65,70" machi="52" ten="30,2000,0" yaku="0,1,54,1" doraHai="130" who="2" fromWho="2" sc="250,-10,250,-5,250,20,250,-5" /><INIT seed="1,0,0,0,5,79" ten="240,245,270,245" oya="1" hai0="73,95,25,22,126,66,101,135,104,34,128,10,72" hai1="105,54,130,49,127,36,53,55,100,113,92,31,93" hai2="3,98,50,110,107,7,75,9,65,71,123,86,82" hai3="60,81,15,111,91,64,78,0,4,124,121,68,17"/><U96/><E113/><V84/><F123/><W26/><G121/><T6/><D135/><U97/><E36/><V40/><F110/><W77/><G111/><T120/><D126/><U45/><E130/><V70/><F75/><W27/><G124/><T129/><D104/><U12/><E127/><V43/><F86/><W29/><G91/><T106/><D106/><U19/><E31/><V103/><F65/><W108/><G108/><T90/><D34/><U119/><E119/><V89/><REACH who="2" step="1"/><F50/><REACH who="2" ten="240,245,260,245" step="2"/><W2/><G77/><T33/><D66/><U46/><E105/><V125/><F125/><W23/><G78/><T20/><D120/><U47/><E49/><V39/><F39/><W80/><G4/><T102/><D73/><U83/><E83/><V18/><F18/><W114/><G114/><T99/><D72/><U88/><REACH who="1" step="1"/><E47/><REACH who="1" ten="240,235,260,245" step="2"/><V21/><F21/><AGARI ba="0,2" hai="12,19,21,45,46,53,54,55,88,92,93,96,97,100" machi="21" ten="40,12000,1" yaku="1,1,2,1,8,1,54,1,53,0" doraHai="79" doraHaiUra="131" who="1" fromWho="2" sc="240,0,235,140,260,-120,245,0" /><INIT seed="1,1,0,0,4,9" ten="240,375,140,245" oya="1" hai0="49,6,114,59,48,30,16,66,45,94,96,125,61" hai1="56,124,13,63,3,29,117,78,18,34,92,100,81" hai2="87,88,1,106,91,123,68,5,122,12,120,126,2" hai3="46,71,37,47,115,23,26,93,77,119,105,52,99"/><U95/><E117/><V64/><F106/><W33/><G115/><T25/><D125/><U113/><E113/><V135/><F126/><W112/><G112/><T121/><D6/><U76/><E3/><V129/><F129/><W108/><G108/><T132/><D132/><U90/><E100/><V116/><F116/><W62/><G119/><T133/><D133/><U84/><E124/><V134/><F134/><W67/><G37/><T28/><D121/><U69/><E69/><V17/><F135/><W127/><G127/><T55/><D49/><U19/><E19/><V15/><F91/><W39/><G77/><T70/><D70/><U36/><E36/><V118/><F118/><W44/><G39/><T0/><D0/><U89/><E29/><V109/><F109/><W27/><G105/><T11/><D114/><U131/><E34/><V53/><F53/><W107/><G107/><T4/><D4/><U73/><E131/><V41/><F41/><W20/><G33/><T80/><D80/><U35/><E35/><V85/><F85/><W65/><G65/><T74/><D74/><U130/><E130/><V32/><F32/><W98/><G93/><T51/><D51/><U79/><E73/><V8/><F64/><W102/><G102/><T58/><D45/><U22/><E89/><V40/><F40/><W50/><G23/><N who="0" m="13543" /><D11/><U103/><E103/><AGARI ba="1,0" hai="28,30,48,55,58,59,61,66,94,96,103" m="13543" machi="103" ten="30,2000,0" yaku="8,1,54,1" doraHai="9" who="0" fromWho="1" sc="240,23,375,-23,140,0,245,0" /><INIT seed="2,0,0,4,2,76" ten="263,352,140,245" oya="2" hai0="52,97,129,118,71,135,49,90,91,19,53,110,55" hai1="126,24,51,85,23,39,33,2,47,6,69,64,9" hai2="29,66,120,111,84,37,48,99,100,73,95,5,115" hai3="59,8,21,50,117,89,88,16,72,26,22,32,80"/><V38/><F115/><W3/><G117/><T119/><D110/><U122/><E126/><V18/><F120/><W108/><G108/><T28/><D135/><U0/><E122/><V109/><F73/><W125/><G125/><T7/><D129/><U12/><E39/><V87/><F109/><W127/><G127/><T14/><D71/><U20/><E20/><V79/><F111/><W57/><G32/><T31/><D7/><U41/><E33/><V83/><F29/><N who="0" m="11338" /><D49/><U75/><E75/><V121/><F121/><W35/><G35/><T60/><D97/><U124/><E124/><V11/><F66/><W98/><G21/><N who="0" m="11511" /><D60/><U67/><E69/><V102/><F102/><W82/><G72/><T74/><D74/><U61/><E61/><V86/><F18/><W70/><G70/><T77/><D77/><U133/><E133/><V27/><F27/><W92/><G89/><T43/><D43/><U131/><E131/><V78/><F48/><W30/><G3/><T13/><D13/><U36/><E36/><V44/><F78/><W112/><G112/><T106/><D106/><U40/><E24/><V45/><F37/><W56/><G50/><T114/><D114/><U63/><E51/><V25/><F25/><W132/><G132/><T62/><D62/><U17/><E63/><V123/><F123/><W96/><G96/><T10/><D10/><U130/><E130/><V128/><F128/><W113/><G113/><T105/><D105/><U54/><E17/><V42/><REACH who="2" step="1"/><F44/><REACH who="2" ten="263,352,130,245" step="2"/><W46/><G46/><T1/><D119/><U68/><E47/><V107/><F107/><RYUUKYOKU ba="0,1" sc="263,-15,352,-15,130,15,245,15" hai2="5,11,38,42,45,79,83,84,86,87,95,99,100" hai3="8,16,22,26,30,56,57,59,80,82,88,92,98" /><INIT seed="2,1,1,0,2,57" ten="248,337,145,260" oya="2" hai0="107,80,127,30,31,4,46,99,33,103,82,16,94" hai1="91,58,22,81,84,135,62,43,68,102,89,77,115" hai2="97,120,20,42,79,92,24,86,27,124,122,10,101" hai3="1,67,90,114,69,2,111,38,25,29,50,15,35"/><V63/><F124/><W105/><G38/><T109/><D109/><U117/><E115/><V126/><F126/><W96/><G111/><T14/><D4/><U0/><E117/><V61/><F42/><W51/><G114/><T104/><D127/><U36/><E135/><V70/><F27/><W106/><G106/><T112/><D112/><U6/><E68/><V37/><F37/><W48/><G15/><T65/><D107/><U113/><E102/><V108/><F108/><W55/><G55/><T52/><D65/><U88/><E113/><V131/><F131/><W28/><G28/><N who="0" m="10795" /><D104/><U3/><E22/><V118/><F118/><W12/><G12/><T134/><D134/><U130/><E130/><V7/><F70/><W8/><G8/><N who="0" m="6215" /><D33/><U129/><E129/><V23/><F122/><W60/><REACH who="3" step="1"/><G90/><REACH who="3" ten="248,337,145,250" step="2"/><T41/><D41/><U44/><REACH who="1" step="1"/><E6/><REACH who="1" ten="248,327,145,250" step="2"/><V45/><F7/><W53/><G53/><AGARI ba="1,3" hai="0,3,36,43,44,53,58,62,77,81,84,88,89,91" machi="53" ten="40,8000,1" yaku="1,1,2,1,52,1,54,1,53,0" doraHai="57" doraHaiUra="133" who="1" fromWho="3" sc="248,0,327,113,145,0,250,-83" /><INIT seed="3,0,0,5,2,106" ten="248,440,145,167" oya="3" hai0="127,90,76,110,17,18,66,132,85,63,42,1,52" hai1="114,22,98,86,97,13,68,82,44,11,118,96,125" hai2="88,79,121,14,55,83,40,53,36,94,105,25,15" hai3="19,92,122,100,30,71,23,130,133,56,2,117,99"/><W65/><G117/><T12/><D110/><U34/><E34/><V77/><F105/><W102/><G122/><T70/><D132/><U26/><E114/><V27/><F121/><W116/><G116/><T8/><D127/><U38/><E68/><V113/><F113/><W4/><G133/><T103/><D103/><U123/><E123/><V41/><F83/><W67/><G71/><T129/><D129/><U32/><E32/><V115/><F115/><W107/><G130/><T54/><D76/><U75/><E75/><V72/><F94/><W21/><G2/><T28/><D28/><U5/><E125/><V91/><F36/><W48/><G4/><T49/><D1/><U135/><E135/><V73/><AGARI ba="0,0" hai="14,15,25,27,40,41,53,55,72,73,77,79,88,91" machi="73" ten="25,12000,2" yaku="0,1,22,2,52,2,54,1" doraHai="106" who="2" fromWho="2" sc="248,-30,440,-30,145,120,167,-60" /><INIT seed="4,0,0,5,0,84" ten="218,410,265,107" oya="0" hai0="42,113,49,9,19,125,99,83,132,34,2,70,106" hai1="116,92,29,100,57,36,59,0,37,122,69,47,4" hai2="35,41,33,20,112,86,63,111,101,123,39,51,114" hai3="96,110,107,75,13,64,79,60,26,108,129,24,131"/><T30/><D113/><N who="2" m="43626" /><F39/><W98/><G13/><T1/><D132/><U135/><E69/><V6/><F123/><W10/><G10/><T76/><D125/><U18/><E122/><V62/><F6/><W117/><G117/><T88/><D70/><U3/><E29/><V53/><F101/><N who="3" m="62887" /><G98/><T48/><D34/><N who="2" m="12810" /><F41/><W65/><G65/><T44/><D30/><U5/><E116/><V130/><F111/><N who="3" m="42539" /><G24/><T118/><D118/><U7/><E135/><V68/><F130/><N who="3" m="49675" /><G26/><T72/><D19/><U128/><E128/><V74/><F20/><W121/><G121/><T85/><D9/><U126/><E37/><V14/><F14/><W71/><G79/><T15/><D15/><U104/><E36/><V127/><F63/><W80/><G80/><T17/><D17/><U38/><E18/><V87/><F62/><W23/><G23/><T46/><D99/><U89/><E4/><V11/><F51/><W21/><G21/><T28/><D28/><U94/><E38/><V93/><F53/><W12/><G12/><T119/><D119/><U95/><E5/><V124/><F11/><W56/><G56/><T32/><D32/><U52/><E59/><V25/><F25/><W97/><G97/><T50/><D50/><U40/><E57/><V105/><F68/><W55/><G55/><T134/><D134/><U115/><E52/><V120/><F120/><W73/><AGARI ba="0,0" hai="60,64,71,73,75" m="49675,42539,62887" machi="73" ten="40,2700,0" yaku="19,1,23,1" doraHai="84" who="3" fromWho="3" sc="218,-13,410,-7,265,-7,107,27" /><INIT seed="5,0,0,3,3,94" ten="205,403,258,134" oya="1" hai0="11,102,20,10,6,86,5,79,128,13,8,78,95" hai1="0,134,46,117,69,110,65,48,29,54,92,76,12" hai2="47,42,2,25,53,133,111,119,106,43,22,30,55" hai3="66,124,118,112,107,57,38,105,37,98,85,64,120"/><U132/><E117/><V68/><F111/><W16/><G118/><T90/><D128/><U17/><E0/><V28/><F68/><W82/><G120/><T100/><D20/><U36/><E110/><V3/><F106/><W74/><G74/><T123/><D123/><U21/><E76/><N who="0" m="29225" /><D13/><U61/><E29/><V39/><F119/><W73/><G73/><T26/><D26/><U56/><E92/><V40/><F39/><W59/><G82/><T50/><D50/><U88/><E88/><V81/><F81/><W23/><G23/><T63/><D63/><U103/><E103/><AGARI ba="0,0" hai="5,6,8,10,11,86,90,95,100,102,103" m="29225" machi="103" ten="30,1000,0" yaku="8,1" doraHai="94" who="0" fromWho="1" sc="205,10,403,-10,258,0,134,0" /><INIT seed="6,0,0,1,5,135" ten="215,393,258,134" oya="2" hai0="16,75,96,47,132,42,71,68,33,63,134,128,90" hai1="39,61,110,88,25,101,34,21,56,117,7,83,104" hai2="126,93,72,2,15,74,73,131,60,1,8,130,111" hai3="58,18,27,121,10,64,81,28,125,102,119,24,91"/><V108/><F93/><W41/><G119/><T45/><D33/><U37/><E110/><N who="2" m="42027" /><F60/><W32/><G121/><T92/><D75/><U38/><E117/><V106/><F106/><W17/><G102/><T53/><D128/><N who="2" m="49194" /><F126/><W112/><G41/><T50/><D63/><U29/><E101/><V59/><F59/><W57/><G81/><T129/><D129/><U65/><E104/><V124/><F124/><W46/><G125/><T11/><D42/><U20/><E83/><V48/><F48/><W116/><G116/><T122/><D122/><U86/><E39/><V23/><F23/><W5/><G64/><T82/><D45/><U97/><E38/><V114/><F114/><W12/><G46/><T51/><D51/><U70/><E37/><V44/><F44/><W30/><G112/><T78/><D78/><U43/><E56/><V0/><F15/><W120/><G120/><T77/><D77/><U80/><E97/><V62/><F62/><W94/><G57/><T85/><D71/><U79/><E79/><V95/><F95/><W127/><G58/><T105/><D105/><U40/><E40/><V133/><F133/><N who="0" m="51306" /><D68/><U54/><E43/><V107/><F107/><W3/><G127/><T99/><D92/><U98/><E98/><V118/><F118/><W22/><REACH who="3" step="1"/><G12/><AGARI ba="0,0" hai="11,12,16,47,50,53,82,85,90,96,99" m="51306" machi="12" ten="30,3900,0" yaku="25,1,20,1,54,1" doraHai="135" who="0" fromWho="3" sc="215,39,393,0,258,0,134,-39" /><INIT seed="7,0,0,5,5,105" ten="254,393,258,95" oya="3" hai0="50,14,65,72,84,108,0,100,89,39,123,70,115" hai1="49,4,67,5,85,66,21,48,13,58,118,103,61" hai2="40,7,101,33,91,120,97,53,129,73,68,35,29" hai3="128,17,90,76,52,92,80,125,28,134,31,111,107"/><W77/><G128/><T16/><D123/><U106/><E67/><V6/><F73/><W78/><G107/><T99/><D39/><U37/><E37/><V55/><F40/><W79/><G134/><T113/><D0/><U26/><E118/><V69/><F91/><W93/><G125/><T27/><D27/><U38/><E38/><V95/><F29/><W88/><G111/><T9/><D108/><U130/><E130/><V43/><F43/><W19/><N who="3" m="19456" /><DORA hai="59" /><W116/><G116/><T131/><D131/><U46/><E85/><V75/><F75/><W110/><G110/><T104/><D65/><U18/><E48/><V87/><F87/><N who="3" m="50279" /><G92/><T122/><D70/><U83/><E83/><V3/><F129/><W23/><G52/><N who="2" m="20041" /><F3/><W47/><G47/><T10/><D72/><U20/><E46/><V98/><F120/><W114/><G114/><N who="0" m="43531" /><D122/><U121/><E121/><V56/><F56/><W112/><G112/><T41/><D50/><U24/><E49/><V62/><F69/><W34/><G34/><T30/><D41/><U126/><E126/><V1/><F1/><W57/><G57/><T54/><D54/><U51/><E51/><V32/><F98/><N who="3" m="57655" /><G31/><T64/><D30/><N who="1" m="17671" /><E106/><V127/><F127/><W82/><G82/><N who="0" m="49303" /><D64/><U8/><E103/><V44/><F44/><W12/><G28/><AGARI ba="0,0" hai="4,5,8,13,18,21,26,28,58,61,66" m="17671" machi="28" ten="30,2000,0" yaku="8,1,52,1" doraHai="105,59" who="1" fromWho="3" sc="254,0,393,20,258,0,95,-20" owari="254,-15.0,413,51.0,258,6.0,75,-42.0" /></mjloggm>