<mjloggm ver="2.3"><GO type="185" lobby="0"/><UN n0="%E3%82%8A%E3%82%80%E3%82%8B" n1="%68%6F%70%70%6F%31%32%33" n2="%E9%AC%BC" n3="" dan="16,16,17,0" rate="2171.39,2098.39,2275.91,1500.00" sx="M,M,F,C"/><TAIKYOKU oya="0"/><INIT seed="0,0,0,0,2,58" ten="350,350,350,0" oya="0" hai0="78,1,39,106,121,50,61,84,117,38,37,82,57" hai1="101,73,33,65,62,63,56,134,111,127,49,44,118" hai2="3,2,122,132,35,110,108,130,70,125,93,46,32" hai3=""/><T128/><N who="0" m="31008" /><T109/><D117/><U107/><E118/><V129/><N who="2" m="31264" /><V126/><F93/><T91/><D1/><N who="2" m="10" /><F70/><T59/><D128/><N who="2" m="49258" /><F132/><T116/><D116/><U74/><E134/><V119/><F46/><T88/><D109/><N who="2" m="42090" /><F119/><T87/><D106/><U79/><E111/><V83/><F83/><T97/><D97/><U81/><E74/><V92/><F92/><T45/><D84/><U104/><E101/><V80/><F80/><T90/><REACH who="0" step="1"/><D61/><REACH who="0" ten="340,350,350,0" step="2"/><U115/><E63/><V95/><F95/><T69/><D69/><U124/><E107/><V112/><F112/><T94/><D94/><U47/><E104/><V71/><F71/><T75/><D75/><U89/><E115/><V55/><F32/><T105/><D105/><U86/><E33/><V85/><F35/><T77/><D77/><U54/><E73/><V43/><F85/><T103/><D103/><U100/><E79/><V123/><F123/><T60/><D60/><U68/><E100/><V41/><F55/><AGARI ba="0,1" hai="37,38,39,45,50,55,57,59,78,82,87,88,90,91" m="31008" machi="55" ten="50,9600,0" yaku="1,1,52,1,54,1,53,0" doraHai="58" doraHaiUra="113" who="0" fromWho="2" sc="340,106,350,0,350,-96,0,0" /><INIT seed="0,1,0,1,4,95" ten="446,350,254,0" oya="0" hai0="100,42,58,44,74,80,65,107,81,48,119,36,41" hai1="131,53,97,125,99,49,126,108,115,87,103,132,129" hai2="114,64,86,0,111,101,33,124,70,32,35,63,98" hai3=""/><T61/><D119/><U68/><E108/><V104/><F111/><T39/><D74/><U85/><E68/><V92/><F124/><N who="1" m="47721" /><E115/><V46/><F114/><T120/><N who="0" m="30752" /><T89/><D89/><U57/><E132/><V133/><F133/><T90/><D90/><U69/><E69/><V75/><F75/><T127/><D127/><U59/><E103/><V50/><F0/><T73/><D73/><U47/><E47/><V134/><F134/><T105/><D105/><U79/><E79/><V1/><F1/><T60/><D100/><U122/><N who="1" m="31264" /><U118/><E118/><V78/><F78/><T110/><D107/><U93/><E93/><V91/><REACH who="2" step="1"/><F33/><REACH who="2" ten="446,350,244,0" step="2"/><T88/><D110/><U83/><E83/><V123/><N who="2" m="31520" /><V2/><F2/><T67/><D81/><U77/><E77/><V43/><AGARI ba="1,1" hai="32,35,43,46,50,63,64,70,86,91,92,98,101,104" m="31520" machi="43" ten="20,9000,2" yaku="1,1,0,1,7,1,52,2,53,1" doraHai="95" doraHaiUra="38" who="2" fromWho="2" sc="446,-61,350,-31,244,102,0,0" /><INIT seed="1,0,0,1,1,125" ten="385,319,346,0" oya="1" hai0="132,98,89,40,95,82,123,122,34,120,100,117,64" hai1="41,78,135,44,76,116,62,3,0,68,130,118,72" hai2="33,96,61,42,86,87,126,85,45,134,133,59,47" hai3=""/><U46/><E135/><N who="2" m="51723" /><F126/><T37/><N who="0" m="30752" /><T52/><N who="0" m="31264" /><T36/><N who="0" m="31520" /><T1/><D132/><U79/><E72/><V112/><F112/><T131/><D1/><U83/><E83/><V92/><F42/><T119/><D34/><U65/><E46/><V94/><F33/><T91/><D131/><U80/><E130/><V50/><F50/><T74/><D64/><U60/><E80/><V67/><F94/><T102/><D52/><U35/><E35/><V127/><F127/><T101/><D40/><U75/><E75/><V97/><F97/><T109/><D109/><U114/><E114/><V108/><F108/><T55/><D55/><U129/><E129/><V104/><F104/><T54/><D54/><U63/><E65/><V88/><AGARI ba="0,0" hai="45,47,59,61,67,85,86,87,88,92,96" m="51723" machi="88" ten="30,1500,0" yaku="20,1,54,1" doraHai="125" who="2" fromWho="2" sc="385,-5,319,-10,346,15,0,0" /><INIT seed="2,0,0,1,0,107" ten="380,309,361,0" oya="2" hai0="126,53,42,59,57,131,120,49,118,113,88,39,96" hai1="81,37,78,36,91,80,70,97,102,104,51,38,85" hai2="100,65,127,94,129,47,101,76,63,86,82,89,54" hai3=""/><V0/><F0/><T117/><N who="0" m="30752" /><T3/><D3/><U132/><E70/><V84/><F129/><T77/><D131/><U83/><E132/><V99/><F127/><T41/><D126/><U43/><E80/><V130/><F130/><T135/><D135/><U56/><E56/><V75/><F54/><T74/><D113/><U110/><E110/><V119/><F47/><T71/><D71/><U48/><REACH who="1" step="1"/><E43/><REACH who="1" ten="380,299,361,0" step="2"/><V34/><F34/><T134/><D134/><U1/><E1/><V69/><F119/><T55/><D117/><U64/><E64/><V68/><F68/><T105/><D118/><U40/><E40/><V62/><F62/><T92/><D42/><U106/><E106/><V66/><F66/><T44/><D105/><U58/><E58/><V50/><F63/><T52/><D57/><U90/><E90/><V109/><F65/><T87/><D41/><U67/><E67/><V125/><F109/><T108/><D108/><U61/><E61/><V121/><F69/><T60/><D60/><U112/><E112/><V115/><F115/><T2/><D2/><U35/><E35/><V46/><N who="2" m="31008" /><V116/><F116/><T124/><D59/><U95/><E95/><V32/><F32/><T103/><D92/><RYUUKYOKU ba="0,1" sc="380,-10,299,20,361,-10,0,0" hai1="36,37,38,48,51,78,81,83,85,91,97,102,104" /><INIT seed="4,1,1,5,3,77" ten="370,319,351,0" oya="0" hai0="79,116,93,63,46,64,128,86,53,50,67,119,58" hai1="104,89,109,90,94,125,95,123,74,130,65,70,34" hai2="68,112,40,124,135,117,126,103,81,122,76,120,45" hai3=""/><T73/><D128/><U84/><N who="1" m="31520" /><U42/><E109/><V98/><N who="2" m="30752" /><V44/><N who="2" m="31264" /><V132/><F112/><T2/><D2/><U38/><E74/><V83/><F68/><T36/><D67/><U118/><E104/><V127/><F117/><T52/><D73/><U108/><E118/><V115/><F115/><T72/><D72/><U114/><E108/><V75/><F81/><T133/><D133/><N who="2" m="51274" /><F40/><T85/><D85/><U62/><E114/><V3/><F3/><T54/><D36/><U71/><E125/><V91/><F91/><T92/><D79/><U35/><E130/><V129/><F129/><T66/><D116/><U78/><E78/><V55/><F55/><T111/><D111/><U32/><E42/><V57/><F57/><T113/><D113/><U80/><E38/><V39/><F39/><T43/><D119/><U33/><N who="1" m="8192" /><DORA hai="88" /><U0/><E0/><V131/><F131/><T134/><D54/><U106/><E106/><AGARI ba="1,1" hai="44,45,75,76,83,98,103,106,124,126,127" m="51274,31264,30752" machi="106" ten="40,8000,1" yaku="18,1,20,1,52,3" doraHai="77,88" who="2" fromWho="1" sc="370,0,319,-82,351,92,0,0" /><INIT seed="5,0,0,4,4,49" ten="370,237,443,0" oya="1" hai0="40,102,41,119,107,132,48,38,50,110,45,64,54" hai1="37,47,87,133,0,122,104,79,60,3,71,80,108" hai2="97,75,1,62,109,34,92,117,124,85,112,66,89" hai3=""/><U129/><N who="1" m="31264" /><U76/><E133/><V56/><F117/><T44/><D110/><U39/><E129/><V65/><F109/><T67/><D107/><U68/><E104/><V33/><F1/><T103/><D132/><U84/><E108/><V42/><F124/><T106/><D119/><U88/><E60/><V81/><F66/><N who="0" m="25130" /><D103/><U52/><E76/><V121/><N who="2" m="31008" /><V36/><F75/><T55/><D102/><U94/><E39/><V118/><F112/><T78/><D78/><U125/><E125/><V100/><F118/><T58/><D106/><U70/><REACH who="1" step="1"/><E37/><REACH who="1" ten="370,227,443,0" step="2"/><V59/><F36/><T86/><D86/><U105/><E105/><V63/><F34/><T101/><D101/><U83/><E83/><V111/><F33/><T57/><D38/><U2/><E2/><V82/><F111/><T123/><N who="0" m="31520" /><T53/><AGARI ba="0,1" hai="40,41,44,45,48,50,53,54,55,57,58" m="31520,25130" machi="53" ten="30,18000,4" yaku="4,1,8,1,35,5,52,4" doraHai="49" who="0" fromWho="0" sc="370,190,227,-120,443,-60,0,0" /><INIT seed="6,0,0,2,4,125" ten="560,107,383,0" oya="2" hai0="69,83,122,127,82,113,105,93,130,117,102,68,34" hai1="106,62,111,61,97,41,55,51,70,59,58,132,49" hai2="72,71,85,35,0,50,45,86,60,66,32,120,90" hai3=""/><V53/><N who="2" m="30752" /><V103/><F72/><T47/><N who="0" m="31264" /><T126/><D117/><U95/><E106/><V44/><F0/><T96/><D34/><U54/><E97/><V2/><F2/><T42/><D130/><U124/><E95/><V67/><F103/><T33/><D33/><U118/><E111/><V79/><F67/><T92/><D113/><U36/><E124/><N who="0" m="47657" /><D93/><U43/><E132/><V108/><F108/><T87/><D92/><U94/><E94/><V131/><F131/><T89/><D83/><U38/><REACH who="1" step="1"/><E118/><REACH who="1" ten="560,97,383,0" step="2"/><V80/><F86/><T56/><D96/><U1/><E1/><V99/><F99/><T110/><D105/><U75/><E75/><V129/><F90/><T121/><D102/><U77/><E77/><V128/><F32/><T123/><D110/><U114/><E114/><V98/><F35/><T73/><D73/><U57/><E57/><V78/><F78/><T115/><D56/><U65/><E65/><V133/><F98/><T81/><D115/><U46/><E46/><V84/><F133/><T112/><D112/><U100/><E100/><V88/><F44/><T37/><D82/><U76/><E76/><V107/><F107/><T39/><N who="0" m="31008" /><T91/><N who="0" m="31520" /><T119/><D89/><RYUUKYOKU ba="0,1" sc="560,-20,97,10,383,10,0,0" hai1="36,38,41,43,49,51,54,55,58,59,61,62,70" hai2="45,50,53,60,66,71,79,80,84,85,88,128,129" /><INIT seed="6,1,1,5,1,45" ten="540,107,393,0" oya="2" hai0="100,40,83,115,96,104,122,73,59,46,127,77,106" hai1="90,38,89,48,109,51,113,107,105,103,98,57,125" hai2="53,56,39,130,1,131,69,47,81,123,75,66,114" hai3=""/><V84/><N who="2" m="31520" /><V33/><F33/><T80/><N who="0" m="31264" /><T124/><D115/><U43/><E109/><V44/><F75/><T102/><D59/><U95/><E113/><V87/><F1/><T74/><D83/><U62/><E125/><N who="0" m="48201" /><D100/><U55/><E38/><V67/><F114/><T76/><D104/><U133/><E133/><V97/><F97/><T0/><D0/><U110/><E110/><V132/><F132/><T37/><D80/><U52/><E43/><V134/><F134/><T54/><D54/><U101/><E62/><V135/><F135/><T41/><D41/><U108/><E108/><V35/><F35/><T71/><D71/><U121/><N who="1" m="31008" /><U2/><E2/><V65/><F69/><T93/><D106/><U42/><E42/><V3/><F3/><T117/><D117/><U60/><E60/><V94/><F94/><T112/><D112/><U61/><E61/><V79/><F84/><T128/><D74/><U50/><E95/><V92/><F92/><T78/><D73/><U68/><E68/><V86/><F86/><T126/><D126/><U85/><E85/><V120/><N who="2" m="30752" /><V119/><F39/><T72/><D72/><U70/><E70/><V111/><F111/><T32/><D32/><RYUUKYOKU ba="1,1" sc="540,20,107,-10,393,-10,0,0" hai0="37,40,46,76,77,78,93,96,102,128" owari="570,52.0,97,-50.0,383,-2.0,0,0.0" /></mjloggm>