<mjloggm ver="2.3"><GO type="169" lobby="0"/><UN n0="%E5%8F%A4%E6%9C%AC" n1="%4A%57%49%4C%4C" n2="%E3%81%B4%E3%81%AE%E3%81%93" n3="%E9%89%84%E7%A8%9A%E9%AD%9A%E3%82%AB%E3%83%A2%E9%A4%8A%E5%88%86" dan="16,16,17,18" rate="2063.56,2125.50,2225.98,2211.73" sx="M,M,M,F"/><TAIKYOKU oya="0"/><INIT seed="0,0,0,3,4,57" ten="250,250,250,250" oya="0" hai0="126,6,16,7,127,12,60,22,65,18,100,123,113" hai1="46,31,59,96,51,47,19,32,40,45,95,86,42" hai2="108,62,41,38,27,122,87,81,34,77,114,64,84" hai3="120,23,112,131,117,63,5,20,128,33,91,14,121"/><T37/><D123/><N who="3" m="47177" /><G91/><T67/><D113/><U69/><E69/><V125/><F122/><W30/><G112/><T99/><D18/><U50/><E32/><V25/><F114/><W8/><G63/><T10/><D37/><U15/><E31/><V21/><F108/><W102/><G102/><T56/><D65/><U76/><E76/><V13/><F125/><N who="0" m="47626" /><D10/><U124/><E124/><V134/><F134/><W44/><G44/><T73/><D73/><U29/><E29/><V71/><F38/><W97/><G97/><T111/><D111/><U92/><E86/><V70/><F41/><W48/><G48/><T116/><D116/><U54/><E42/><V36/><F36/><W24/><G117/><T89/><D89/><U55/><E40/><V2/><F2/><W115/><G115/><T17/><D17/><U109/><E109/><V4/><F71/><W129/><AGARI ba="0,0" hai="5,8,14,20,23,24,30,33,128,129,131" m="47177" machi="129" ten="40,8000,1" yaku="19,1,13,1,34,2" doraHai="57" who="3" fromWho="3" sc="250,-40,250,-20,250,-20,250,80" /><INIT seed="1,0,0,5,5,53" ten="210,230,230,330" oya="1" hai0="84,122,22,68,47,117,20,6,135,57,38,16,76" hai1="40,79,33,64,41,14,112,105,131,132,103,91,13" hai2="10,92,37,45,46,48,2,121,80,23,0,74,5" hai3="26,115,89,34,55,90,50,96,71,87,83,54,35"/><U59/><E33/><V100/><F121/><W123/><G123/><T8/><D117/><U77/><E112/><V69/><F0/><W58/><G71/><T15/><D68/><U42/><E131/><V97/><F69/><W107/><G115/><T9/><D122/><U70/><E70/><V18/><F37/><W82/><G26/><T12/><D135/><U124/><E132/><V4/><F4/><W101/><G83/><N who="0" m="47207" /><D38/><U27/><E124/><V24/><F80/><W114/><G114/><T49/><D57/><U113/><E113/><V78/><F74/><W63/><REACH who="3" step="1"/><G89/><REACH who="3" ten="210,230,230,320" step="2"/><T81/><D81/><U120/><E27/><V134/><F134/><W60/><G60/><T52/><AGARI ba="0,1" hai="6,8,9,12,15,16,20,22,47,49,52" m="47207" machi="52" ten="30,4000,0" yaku="8,1,54,2" doraHai="53" who="0" fromWho="0" sc="210,50,230,-20,230,-10,320,-10" /><INIT seed="2,0,0,1,4,91" ten="260,210,220,310" oya="2" hai0="71,133,132,17,103,130,113,15,131,16,80,60,33" hai1="81,5,112,87,92,37,102,38,105,1,11,29,53" hai2="79,90,10,128,122,2,62,101,58,116,119,39,26" hai3="75,31,83,127,7,69,13,20,19,106,63,22,54"/><V78/><F122/><W120/><G120/><T76/><D113/><U46/><E105/><V110/><F39/><W100/><G7/><T82/><D103/><U70/><E70/><V117/><F101/><W36/><G36/><T98/><D98/><U55/><E29/><V109/><F26/><W66/><G127/><T118/><D33/><U18/><E112/><V41/><F41/><W59/><G31/><T121/><D121/><U108/><E108/><N who="2" m="41579" /><F128/><N who="0" m="49194" /><D118/><N who="2" m="30210" /><V96/><DORA hai="24" /><F10/><W28/><G100/><T67/><D17/><U47/><E18/><V44/><F44/><W134/><G106/><T68/><D71/><U111/><E111/><V30/><F30/><W43/><G43/><T14/><D14/><U135/><E135/><N who="0" m="51785" /><D76/><U123/><E123/><V65/><F2/><W107/><G134/><T114/><D114/><U84/><E38/><V74/><F74/><W64/><G107/><T89/><D89/><U51/><E37/><V9/><F9/><AGARI ba="0,0" hai="9,15,16,60,67,68,80,82" m="51785,49194" machi="9" ten="30,3900,0" yaku="19,1,20,1,54,1" doraHai="91,24" who="0" fromWho="2" sc="260,39,210,0,220,-39,310,0" /><INIT seed="3,0,0,0,2,104" ten="299,210,181,310" oya="3" hai0="24,92,67,13,96,101,86,4,38,59,133,30,91" hai1="124,43,7,114,10,98,36,57,78,29,77,130,70" hai2="131,79,51,112,111,76,6,116,23,123,135,61,134" hai3="41,108,132,58,88,95,55,5,110,100,109,3,18"/><W52/><G132/><T39/><D133/><U35/><E70/><V94/><F51/><W65/><G100/><T102/><D102/><U31/><E114/><V42/><F23/><W73/><G41/><T119/><D119/><U21/><E35/><V17/><F61/><N who="3" m="38071" /><G73/><T1/><D1/><U44/><E130/><V87/><F42/><W93/><G93/><T84/><D86/><U66/><E124/><V120/><F87/><N who="3" m="52639" /><G18/><T128/><D128/><U25/><E31/><V20/><F94/><W105/><G105/><T15/><D39/><U8/><E98/><V49/><F17/><W74/><G74/><T9/><D38/><U107/><E107/><V37/><F49/><W47/><G47/><T26/><D30/><U56/><E10/><AGARI ba="0,0" hai="3,5,10,52,55,108,109,110" m="52639,38071" machi="10" ten="30,11600,0" yaku="14,1,10,1,54,2" doraHai="104" who="3" fromWho="1" sc="299,0,210,-116,181,0,310,116" /><INIT seed="3,1,0,2,0,6" ten="299,94,181,426" oya="3" hai0="95,81,125,18,70,62,134,133,17,68,41,94,89" hai1="7,23,113,90,100,14,109,79,110,102,75,35,82" hai2="97,46,91,71,39,32,48,24,99,44,40,16,67" hai3="116,22,28,57,63,126,112,60,13,5,128,51,42"/><W72/><G112/><T25/><D41/><U36/><E35/><V106/><F32/><W111/><G116/><T52/><D81/><U59/><E36/><V53/><F106/><W127/><G72/><T12/><D25/><U65/><E65/><V11/><F24/><N who="3" m="16407" /><G128/><T80/><D80/><U132/><E59/><V9/><F91/><W69/><G69/><T105/><D105/><U21/><E21/><V114/><F114/><W10/><G111/><N who="1" m="42506" /><E23/><V101/><F101/><N who="1" m="39017" /><E7/><V117/><F117/><W54/><G42/><T37/><D37/><U121/><E14/><V78/><F78/><W108/><G108/><T15/><D62/><U0/><E0/><V55/><F71/><W86/><G86/><T123/><D70/><U84/><E113/><V66/><F40/><W47/><G57/><T20/><D68/><U8/><E8/><N who="2" m="3147" /><F16/><W26/><G26/><T120/><D18/><U135/><E121/><V1/><F1/><W96/><G96/><N who="2" m="36937" /><F39/><W129/><G129/><T124/><D123/><U38/><E38/><V56/><F44/><W122/><G122/><T104/><D120/><U83/><AGARI ba="1,0" hai="75,79,82,83,84,90,132,135" m="39017,42506" machi="83" ten="40,5200,0" yaku="14,1,34,2" doraHai="6" who="1" fromWho="1" sc="299,-14,94,55,181,-14,426,-27" /><INIT seed="4,0,0,1,5,90" ten="285,149,167,399" oya="0" hai0="2,5,82,70,26,44,4,40,54,19,96,21,81" hai1="134,125,12,62,10,22,35,71,34,131,59,73,75" hai2="85,135,8,49,36,130,77,133,48,53,42,17,11" hai3="52,51,110,41,56,57,95,89,115,99,92,127,118"/><T76/><D70/><U43/><E71/><V63/><F36/><W105/><G110/><T78/><D2/><U7/><E131/><V58/><F130/><W31/><G118/><T24/><D54/><U111/><E111/><V103/><F103/><N who="3" m="60903" /><G105/><T33/><D33/><U60/><E134/><N who="2" m="51211" /><F42/><W113/><G127/><T64/><D64/><U20/><E125/><V117/><F117/><W72/><G72/><T87/><D26/><U129/><E129/><V108/><F108/><W1/><G1/><T14/><D24/><U61/><E43/><V18/><F11/><W9/><G31/><T107/><D96/><U55/><E34/><V109/><F109/><W104/><G104/><T112/><D107/><U132/><E35/><V122/><F122/><W100/><G100/><T79/><D112/><N who="3" m="43081" /><G9/><T124/><D124/><U3/><E132/><V106/><F106/><W0/><G0/><T45/><D79/><U116/><E116/><V6/><F77/><W121/><G41/><T88/><D78/><U25/><E3/><N who="2" m="95" /><F85/><N who="3" m="52655" /><G121/><T28/><D28/><U80/><E22/><V47/><F47/><AGARI ba="0,0" hai="47,51,52,56,57" m="52655,43081,60903" machi="47" ten="30,7700,0" yaku="15,1,52,2,54,1" doraHai="90" who="3" fromWho="2" sc="285,0,149,0,167,-77,399,77" /><INIT seed="5,0,0,0,3,25" ten="285,149,90,476" oya="1" hai0="130,96,78,75,102,115,21,46,114,100,121,44,9" hai1="24,98,118,6,88,79,125,10,37,84,41,56,77" hai2="8,61,119,12,128,11,111,40,63,33,83,107,106" hai3="90,113,101,20,127,97,57,126,67,52,135,133,112"/><U64/><E118/><V116/><F12/><W49/><G67/><T120/><D9/><U4/><E125/><N who="3" m="47626" /><G90/><T54/><D54/><U87/><E98/><V92/><F92/><N who="3" m="58535" /><G20/><T36/><D36/><U18/><E37/><V39/><F39/><W81/><G81/><N who="0" m="45279" /><D21/><U22/><E41/><V117/><F83/><W72/><G72/><T0/><D0/><U17/><E17/><V132/><F33/><W35/><G35/><T47/><D130/><U110/><E110/><V109/><F117/><W16/><G16/><T58/><D58/><U65/><E87/><V51/><F51/><W32/><G32/><T59/><D59/><U66/><E56/><V95/><F95/><W105/><G105/><N who="0" m="63623" /><D102/><U60/><E60/><V85/><F128/><W124/><G124/><T19/><D19/><U13/><REACH who="1" step="1"/><E6/><REACH who="1" ten="285,139,90,476" step="2"/><V42/><F85/><W68/><G68/><T76/><D47/><U50/><E50/><V55/><F119/><W53/><G53/><T69/><D46/><U131/><E131/><V134/><F116/><W31/><G57/><T104/><D44/><U15/><E15/><V14/><F14/><W122/><G52/><AGARI ba="0,1" hai="8,11,40,42,52,55,61,63,106,107,109,111,132,134" machi="52" ten="25,3200,0" yaku="22,2,54,1" doraHai="25" who="2" fromWho="3" sc="285,0,139,0,90,42,476,-32" /><INIT seed="6,0,0,4,3,4" ten="285,139,132,444" oya="2" hai0="56,49,99,107,23,30,103,130,84,86,42,98,92" hai1="28,67,62,32,131,82,81,115,12,112,61,21,24" hai2="40,72,50,52,27,134,34,16,51,22,76,104,91" hai3="17,11,20,57,73,46,19,114,14,78,37,31,123"/><V85/><F104/><W5/><G123/><T25/><D130/><U124/><E124/><V69/><F69/><W60/><G114/><N who="1" m="43562" /><E131/><V111/><F34/><W9/><G31/><T13/><D13/><U26/><E12/><V36/><F36/><W48/><G73/><T59/><D59/><N who="1" m="37311" /><E62/><V89/><F72/><W120/><G78/><T93/><D107/><U38/><E38/><V8/><F134/><W63/><G120/><T122/><D122/><U128/><E128/><V88/><F111/><W110/><G37/><T43/><D56/><U77/><E77/><V102/><F76/><W119/><G119/><T45/><D43/><U41/><E41/><V29/><F102/><AGARI ba="0,0" hai="23,25,30,42,45,49,84,86,92,93,98,99,102,103" machi="102" ten="30,3900,0" yaku="7,1,9,1,8,1" doraHai="4" who="0" fromWho="2" sc="285,39,139,0,132,-39,444,0" /><INIT seed="7,0,0,2,3,68" ten="324,139,93,444" oya="3" hai0="123,22,75,47,50,117,99,44,2,51,1,12,17" hai1="42,41,67,90,65,64,86,98,57,63,10,102,60" hai2="46,114,133,11,132,126,115,89,71,105,72,103,19" hai3="135,95,49,108,15,92,28,91,37,33,39,110,32"/><W45/><G135/><N who="2" m="51785" /><F71/><W43/><G15/><T106/><D123/><U27/><E10/><V30/><F72/><W29/><G49/><T88/><D117/><U26/><E26/><V84/><F30/><N who="3" m="11883" /><G37/><T94/><D75/><U130/><E27/><V24/><F105/><W134/><G134/><T31/><D31/><U9/><E9/><V131/><F103/><W76/><G76/><T36/><D106/><U87/><E130/><V38/><F131/><W100/><G100/><T14/><D14/><U20/><E20/><N who="2" m="13343" /><F11/><W127/><G127/><T8/><D8/><U56/><E65/><V4/><F4/><W25/><G95/><T78/><D78/><U58/><E58/><V52/><F89/><W81/><G81/><T34/><D34/><U0/><E0/><V80/><F80/><W3/><G3/><T55/><REACH who="0" step="1"/><D36/><REACH who="0" ten="314,139,93,444" step="2"/><U62/><E62/><V16/><F16/><W70/><G25/><T53/><AGARI ba="0,1" hai="1,2,12,17,22,44,47,50,51,53,55,88,94,99" machi="53" ten="20,12000,2" yaku="1,1,2,1,0,1,7,1,9,1,54,1,53,0" doraHai="68" doraHaiUra="82" who="0" fromWho="0" sc="314,130,139,-30,93,-30,444,-60" owari="444,55.0,109,-29.0,63,-44.0,384,18.0" /></mjloggm>