<mjloggm ver="2.3"><GO type="225" lobby="0"/><UN n0="%E9%81%85%E5%88%BB%E3%81%AE%E3%83%97%E3%83%AA%E3%83%B3%E3%82%B9%E2%99%AA" n1="%E3%82%B3%E3%83%9E%E3%83%84%E3%81%AE%E9%85%92" n2="%E3%81%95%E3%81%8D%E3%81%9F%E3%81%BE%E6%9E%97%E6%AA%8E" n3="%E5%85%AC%E5%8B%99%E5%93%A1%E3%81%8F%E3%82%93" dan="16,16,16,16" rate="2154.45,2122.88,2137.02,2134.48" sx="F,M,M,F"/><TAIKYOKU oya="0"/><INIT seed="0,0,0,5,1,37" ten="250,250,250,250" oya="0" hai0="110,106,57,17,18,45,82,46,85,92,47,90,84" hai1="14,6,4,83,88,97,35,9,2,54,121,130,43" hai2="117,104,72,32,51,20,50,114,132,33,42,123,58" hai3="129,86,95,64,120,10,12,16,128,66,99,48,98"/><T0/><D106/><U53/><E121/><V56/><F123/><W118/><G118/><T21/><D0/><U122/><E35/><V27/><F72/><W24/><G120/><T63/><D110/><U73/><E122/><V126/><F114/><W62/><G24/><T135/><D135/><U113/><E130/><N who="3" m="50282" /><G48/><T69/><D69/><U79/><E113/><V111/><F126/><W59/><G66/><T13/><D18/><U109/><E109/><V60/><F111/><W22/><G22/><T55/><REACH who="0" step="1"/><D46/><REACH who="0" ten="240,250,250,250" step="2"/><U39/><E6/><V1/><F104/><W26/><G26/><T125/><D125/><U74/><E74/><V41/><F1/><W103/><G103/><T11/><D11/><U67/><E2/><V119/><F132/><W91/><AGARI ba="0,1" hai="10,12,16,59,62,64,86,91,95,98,99" m="50282" machi="91" ten="30,2000,0" yaku="19,1,54,1" doraHai="37" who="3" fromWho="3" sc="240,-10,250,-5,250,-5,250,30" /><INIT seed="1,0,0,5,2,31" ten="230,245,245,280" oya="1" hai0="77,80,134,2,58,40,96,62,81,104,24,109,60" hai1="69,50,1,23,3,5,7,14,68,83,12,115,72" hai2="92,10,36,100,97,20,63,125,25,110,66,71,129" hai3="39,119,45,34,124,107,135,38,95,47,59,106,48"/><U55/><E115/><V44/><F110/><W101/><G95/><T22/><D109/><U56/><E72/><V32/><F129/><W132/><G124/><T105/><D2/><U86/><E68/><V51/><F36/><N who="3" m="13867" /><G101/><T76/><D40/><U0/><E69/><V4/><F125/><W89/><G89/><T19/><D134/><N who="3" m="51241" /><G59/><T102/><D105/><N who="3" m="39945" /><G119/><T49/><D49/><U127/><E127/><V121/><F121/><W43/><G47/><T11/><D11/><U113/><E113/><V57/><F71/><W120/><G120/><T126/><D126/><U64/><E64/><V46/><F46/><W6/><G6/><T17/><D17/><U30/><E12/><V21/><F4/><W35/><AGARI ba="0,0" hai="34,35,43,45,48" m="39945,51241,13867" machi="35" ten="40,5200,0" yaku="20,1,52,2" doraHai="31" who="3" fromWho="3" sc="230,-13,245,-26,245,-13,280,52" /><INIT seed="2,0,0,5,4,133" ten="217,219,232,332" oya="2" hai0="52,87,46,58,15,111,101,70,29,12,26,108,16" hai1="115,79,30,96,64,123,126,99,100,28,97,127,72" hai2="19,25,1,84,74,68,121,132,10,106,61,107,53" hai3="119,103,75,43,81,82,80,134,9,55,37,63,105"/><V114/><F121/><W83/><G119/><T62/><D70/><U69/><E115/><V2/><F74/><W76/><G134/><T44/><D101/><U5/><E5/><V8/><F132/><W42/><G9/><N who="0" m="6159" /><D15/><U112/><E112/><V116/><F114/><W102/><G37/><T66/><D87/><U110/><E110/><N who="0" m="42025" /><D66/><U131/><E131/><V88/><F68/><W14/><G14/><T78/><D78/><U118/><E118/><V13/><F116/><W122/><G122/><T56/><D56/><U24/><E123/><V54/><F1/><W91/><G91/><T6/><D6/><U60/><E30/><V95/><F2/><W40/><G105/><T0/><D0/><U41/><E41/><V51/><F106/><W45/><G45/><T77/><D77/><U104/><E79/><V130/><F130/><W20/><G20/><AGARI ba="0,0" hai="20,26,29,44,46,52,58,62" m="42025,6159" machi="20" ten="30,3900,0" yaku="14,1,54,2" doraHai="133" who="0" fromWho="3" sc="217,39,219,0,232,0,332,-39" /><INIT seed="3,0,0,0,4,2" ten="256,219,232,293" oya="3" hai0="68,108,8,90,80,106,91,87,121,130,70,103,47" hai1="38,120,62,22,56,85,81,33,73,117,66,52,1" hai2="21,132,65,86,60,63,72,29,127,48,26,10,6" hai3="93,25,122,111,35,28,110,79,78,101,100,119,51"/><W128/><G119/><T115/><D121/><U104/><E120/><V37/><F132/><W54/><G128/><T45/><D130/><U89/><E33/><V27/><F127/><W64/><G64/><T84/><D108/><N who="3" m="41513" /><G122/><T14/><D115/><U55/><E117/><V88/><F72/><W83/><G93/><T44/><D103/><N who="3" m="39497" /><G83/><T0/><D0/><U23/><E104/><V16/><F37/><W94/><G94/><T118/><D106/><U95/><E1/><V96/><F96/><W24/><G24/><T18/><REACH who="0" step="1"/><D118/><REACH who="0" ten="246,219,232,293" step="2"/><U112/><E112/><V61/><F65/><W59/><AGARI ba="0,1" hai="25,28,35,51,54,59,78,79" m="39497,41513" machi="59" ten="30,3000,0" yaku="14,1,10,1" doraHai="2" who="3" fromWho="3" sc="246,-10,219,-10,232,-10,293,40" owari="236,4.0,209,-29.0,222,-18.0,333,43.0" /></mjloggm>