<mjloggm ver="2.3"><GO type="169" lobby="0"/><UN n0="%E6%A5%BD%E3%81%97%E3%82%93%E3%81%94" n1="%4E%4F%2E%E2%85%A0" n2="%EF%BC%BC%28%EF%BC%BE%6F%EF%BC%BE%29%EF%BC%8F%E2%98%85" n3="%79%6F%74%65%72%75" dan="16,16,17,18" rate="2036.30,2212.18,2243.61,2246.43" sx="M,M,M,F"/><TAIKYOKU oya="0"/><INIT seed="0,0,0,0,5,11" ten="250,250,250,250" oya="0" hai0="7,31,32,15,77,39,5,85,43,49,87,33,124" hai1="93,4,20,92,61,103,82,132,21,96,67,51,123" hai2="126,44,122,88,127,18,65,119,60,81,58,128,99" hai3="101,108,106,97,83,17,95,98,76,42,9,41,23"/><T100/><D124/><N who="2" m="47658" /><F122/><W66/><G108/><T34/><D39/><U45/><E132/><V72/><F128/><W0/><G66/><T6/><D100/><U70/><E123/><V12/><F44/><W75/><G9/><T131/><D131/><U115/><E115/><V63/><F60/><W64/><G0/><T130/><D130/><U27/><E4/><V105/><F72/><W8/><G8/><T114/><D114/><U1/><E1/><V47/><F47/><W40/><G64/><T29/><D43/><U36/><E36/><V16/><F119/><W110/><G110/><T62/><D62/><U129/><E129/><V73/><F105/><W125/><G125/><T22/><D49/><U133/><E133/><V30/><F30/><N who="0" m="11274" /><D77/><U50/><E82/><V35/><F35/><W117/><G117/><T26/><D87/><U94/><E50/><V104/><F12/><W10/><G41/><T48/><D85/><U54/><REACH who="1" step="1"/><E27/><REACH who="1" ten="250,240,250,250" step="2"/><V28/><F81/><W80/><G80/><T113/><D113/><U37/><E37/><V111/><F111/><W118/><G118/><T68/><D48/><U55/><E55/><V91/><F73/><W121/><G121/><T52/><D52/><U120/><E120/><V59/><F63/><W79/><G79/><T84/><D26/><U135/><E135/><V116/><F116/><W71/><G76/><T112/><D112/><U53/><E53/><V102/><F65/><W13/><G75/><T69/><D5/><U74/><E74/><V46/><F46/><W109/><G109/><T38/><D38/><U86/><E86/><RYUUKYOKU ba="0,1" sc="250,-10,240,30,250,-10,250,-10" hai1="20,21,45,51,54,61,67,70,92,93,94,96,103" /><INIT seed="1,1,1,1,1,105" ten="240,270,240,240" oya="1" hai0="97,11,87,114,92,135,41,78,51,83,76,70,103" hai1="91,71,50,84,68,10,75,19,17,74,111,48,34" hai2="128,106,125,1,112,133,33,36,44,113,54,3,55" hai3="69,31,61,123,65,94,18,109,47,24,131,25,30"/><U80/><E34/><V119/><RYUUKYOKU type="yao9" ba="1,1" sc="240,0,270,0,240,0,240,0" hai2="1,3,33,36,44,54,55,106,112,113,119,125,128,133" /><INIT seed="1,2,1,0,0,42" ten="240,270,240,240" oya="1" hai0="40,100,81,126,97,96,125,1,73,76,8,22,37" hai1="107,47,103,112,43,92,15,87,123,18,38,85,11" hai2="12,19,86,56,49,79,121,82,106,132,59,63,46" hai3="14,131,102,67,122,113,120,50,135,24,61,78,70"/><U66/><E123/><N who="3" m="47146" /><G102/><T94/><D22/><U16/><E112/><V21/><F132/><W110/><G78/><T55/><D55/><U71/><E107/><V4/><F121/><W28/><G14/><T45/><REACH who="0" step="1"/><D96/><REACH who="0" ten="230,270,240,240" step="2"/><U0/><E66/><V99/><F99/><W62/><G67/><T39/><D39/><U30/><E30/><V58/><F106/><W89/><G28/><T26/><D26/><U44/><E38/><V128/><F128/><W53/><G24/><T118/><D118/><U95/><E43/><N who="2" m="24799" /><F4/><AGARI ba="2,2" hai="1,4,8,37,40,45,73,76,81,94,97,100,125,126" machi="4" ten="40,8000,1" yaku="1,1,25,2,52,1,53,0" doraHai="42" doraHaiUra="27" who="0" fromWho="2" sc="230,106,270,0,240,-86,240,0" /><INIT seed="2,0,0,3,1,92" ten="336,270,154,240" oya="2" hai0="45,134,32,77,127,116,16,65,48,14,100,2,124" hai1="91,133,6,93,69,112,15,107,44,111,89,109,90" hai2="53,80,87,21,27,75,125,56,13,25,17,97,74" hai3="35,129,36,76,47,24,132,38,46,51,61,59,102"/><V84/><F125/><W71/><G76/><T3/><D134/><U73/><E112/><V105/><F75/><W42/><G102/><T135/><D135/><U83/><E69/><V94/><F105/><W31/><G132/><T88/><D32/><U26/><E133/><V81/><F74/><W52/><G129/><T18/><D65/><U54/><E107/><V60/><F84/><W8/><G71/><T101/><D77/><N who="1" m="44463" /><E26/><V70/><F70/><W12/><REACH who="3" step="1"/><G47/><REACH who="3" ten="336,270,154,230" step="2"/><T123/><D45/><U58/><E44/><V10/><F87/><W30/><G30/><T9/><D124/><U106/><E91/><N who="2" m="55519" /><F27/><W79/><G79/><T72/><D127/><U108/><E108/><V39/><F39/><W82/><G82/><T120/><D101/><U11/><E89/><V63/><F60/><W104/><G104/><T62/><D100/><U19/><E106/><V78/><F78/><W0/><G0/><T1/><D62/><U40/><E109/><V103/><F103/><W7/><AGARI ba="0,1" hai="7,8,12,24,31,35,36,38,42,46,51,52,59,61" machi="7" ten="20,8000,1" yaku="1,1,0,1,7,1,54,1,53,1" doraHai="92" doraHaiUra="49" who="3" fromWho="3" sc="336,-20,270,-20,154,-40,230,90" /><INIT seed="3,0,0,5,5,68" ten="316,250,114,320" oya="3" hai0="19,135,92,131,130,43,126,86,33,72,45,90,7" hai1="71,93,58,24,124,9,81,31,101,49,98,74,120" hai2="50,123,56,99,70,47,107,133,28,37,6,30,26" hai3="55,106,63,15,38,4,51,21,61,102,108,117,105"/><W84/><G117/><T88/><D72/><U129/><E124/><V22/><F70/><W29/><G105/><T80/><D126/><U104/><E129/><N who="0" m="49161" /><D33/><U89/><E71/><V11/><F133/><W46/><G106/><T78/><D135/><U53/><E9/><V75/><F75/><W91/><G102/><T100/><D7/><U118/><E120/><V20/><F123/><W27/><G108/><T132/><D132/><U114/><E114/><V115/><F115/><W116/><G116/><T10/><D10/><U125/><E125/><V77/><F77/><W109/><G109/><T23/><D100/><U54/><E118/><V12/><F56/><W119/><G38/><N who="0" m="21751" /><D92/><U64/><E74/><V62/><F62/><W57/><G119/><T112/><D112/><U44/><E104/><V16/><F37/><W14/><G4/><T18/><D18/><U5/><E5/><V111/><F111/><W39/><G39/><T52/><D52/><U25/><E64/><V122/><F122/><W73/><G61/><T113/><D113/><U13/><E31/><V79/><F79/><W32/><G32/><T0/><D0/><U76/><E101/><V60/><F60/><W69/><G73/><T127/><D127/><U34/><E34/><V121/><F121/><W82/><REACH who="3" step="1"/><G69/><REACH who="3" ten="316,250,114,310" step="2"/><T17/><D17/><U41/><E49/><V8/><F30/><W1/><G1/><T128/><D128/><U65/><E58/><V67/><F6/><W2/><G2/><T42/><D42/><AGARI ba="0,1" hai="14,15,21,27,29,42,46,51,55,57,63,82,84,91" machi="42" ten="30,5800,0" yaku="1,1,7,1,8,1,53,0" doraHai="68" doraHaiUra="103" who="3" fromWho="0" sc="316,-58,250,0,114,0,310,68" /><INIT seed="3,1,0,4,2,18" ten="258,250,114,378" oya="3" hai0="23,3,86,102,62,53,121,105,2,33,1,56,57" hai1="122,72,93,76,44,11,55,49,135,88,113,38,98" hai2="70,90,41,59,45,20,92,80,7,4,8,85,132" hai3="61,66,87,47,104,22,73,24,126,48,51,82,109"/><W10/><G104/><T54/><D121/><U111/><E111/><V106/><F70/><W39/><G73/><T15/><D33/><U67/><E135/><V42/><F106/><W118/><G118/><T75/><D75/><U37/><E113/><V31/><F132/><W43/><G10/><T78/><D105/><U64/><E122/><V133/><F133/><W124/><G109/><T19/><D102/><U79/><E11/><V25/><F59/><W127/><G66/><T128/><D128/><U83/><REACH who="1" step="1"/><E76/><REACH who="1" ten="258,240,114,378" step="2"/><V103/><F7/><W96/><G96/><T6/><D78/><U50/><E50/><V116/><F116/><W30/><REACH who="3" step="1"/><G61/><REACH who="3" ten="258,240,114,368" step="2"/><T21/><D86/><U84/><E84/><V99/><REACH who="2" step="1"/><F45/><REACH who="2" ten="258,240,104,368" step="2"/><W107/><G107/><T94/><D62/><U97/><E97/><V81/><F81/><W63/><G63/><T91/><D94/><U12/><E12/><AGARI ba="1,3" hai="4,8,12,20,25,31,41,42,80,85,90,92,99,103" machi="12" ten="30,7700,0" yaku="1,1,7,1,8,1,52,1,53,0" doraHai="18" doraHaiUra="123" who="2" fromWho="1" sc="258,0,240,-80,104,110,368,0" /><INIT seed="4,0,0,3,4,128" ten="258,160,214,368" oya="0" hai0="74,1,91,51,99,114,63,72,53,123,87,133,117" hai1="103,39,110,75,12,38,27,83,14,106,3,49,56" hai2="22,112,107,13,131,100,19,94,108,101,57,0,120" hai3="71,40,48,61,105,44,68,85,2,121,23,21,17"/><T54/><D123/><U80/><E110/><V126/><F108/><W58/><G105/><T96/><D117/><U77/><E3/><V59/><F120/><W35/><G35/><T65/><D1/><U93/><E106/><V86/><F112/><W8/><G121/><T46/><D114/><U70/><E70/><V25/><F126/><W67/><G21/><T98/><D133/><U9/><E27/><V32/><F0/><W116/><G116/><T132/><D132/><U122/><E122/><V97/><F131/><W45/><G85/><T76/><D76/><U31/><E31/><V29/><F100/><W66/><G66/><T119/><D119/><U16/><E83/><V33/><F33/><W124/><G124/><T30/><D30/><U62/><E49/><V125/><F125/><W84/><G84/><T115/><D115/><U6/><E93/><V18/><F18/><W111/><G45/><T50/><D65/><U20/><REACH who="1" step="1"/><E103/><REACH who="1" ten="258,150,214,368" step="2"/><V82/><REACH who="2" step="1"/><F107/><REACH who="2" ten="258,150,204,368" step="2"/><W10/><G111/><T11/><D46/><U28/><E28/><V7/><F7/><W109/><G109/><T4/><D4/><U88/><E88/><AGARI ba="0,2" hai="13,19,22,25,29,32,57,59,82,86,88,94,97,101" machi="88" ten="30,3900,0" yaku="1,1,7,1,54,1,53,0" doraHai="128" doraHaiUra="34" who="2" fromWho="1" sc="258,0,150,-39,204,59,368,0" /><INIT seed="5,0,0,2,3,135" ten="258,111,263,368" oya="1" hai0="125,81,25,108,29,65,113,28,20,122,54,105,46" hai1="22,6,9,31,124,70,15,94,120,53,87,93,55" hai2="132,58,99,130,35,33,12,95,128,1,114,85,78" hai3="61,109,45,82,97,118,131,5,127,26,117,86,19"/><U121/><E70/><V48/><F1/><W23/><G109/><T107/><D108/><U83/><E124/><V8/><F132/><W75/><G75/><T52/><D113/><U10/><E10/><V123/><F123/><W69/><G131/><N who="2" m="50217" /><F85/><W60/><G127/><T134/><D125/><U91/><E121/><V17/><F78/><W116/><G69/><T42/><D122/><U74/><E120/><V41/><F114/><W11/><G45/><T50/><D65/><U104/><E104/><V47/><F58/><W64/><G64/><T16/><D134/><U63/><E74/><V119/><F119/><W76/><G97/><T77/><D105/><U126/><E126/><V73/><F73/><W7/><G7/><T36/><D107/><U2/><E2/><AGARI ba="0,0" hai="2,5,11,19,23,26,60,61,76,82,86,116,117,118" machi="2" ten="40,1300,0" yaku="12,1" doraHai="135" who="3" fromWho="1" sc="258,0,111,-13,263,0,368,13" /><INIT seed="6,0,0,3,1,12" ten="258,98,263,381" oya="2" hai0="6,123,10,115,4,23,51,92,41,77,36,120,114" hai1="59,7,119,60,85,37,129,25,16,2,50,33,99" hai2="32,61,55,130,89,70,38,45,68,17,1,104,118" hai3="57,3,62,11,73,15,58,35,105,106,67,66,42"/><V74/><F118/><W126/><G73/><T26/><D36/><U80/><E37/><V113/><F113/><N who="0" m="43018" /><D77/><U49/><E119/><V101/><F130/><W128/><G35/><T121/><D92/><U91/><E129/><V131/><F131/><W93/><G3/><T8/><D51/><U98/><E7/><N who="0" m="2601" /><D41/><U81/><E2/><V108/><F1/><W5/><G42/><T64/><D64/><U102/><E81/><V13/><F32/><W76/><G76/><T56/><D56/><U78/><E78/><V30/><F30/><AGARI ba="0,0" hai="8,10,23,26,30,120,121,123" m="2601,43018" machi="30" ten="40,5200,0" yaku="15,1,34,2" doraHai="12" who="0" fromWho="2" sc="258,52,98,0,263,-52,381,0" /><INIT seed="7,0,0,0,5,43" ten="310,98,211,381" oya="3" hai0="133,94,130,128,22,25,98,72,11,40,51,23,35" hai1="58,82,62,73,92,86,100,67,33,53,56,116,90" hai2="87,74,112,20,106,134,48,28,108,13,71,31,96" hai3="57,93,79,44,10,5,75,38,84,2,41,3,105"/><W132/><G105/><T113/><D72/><U101/><E33/><V118/><F74/><W1/><G132/><T16/><D133/><U9/><E73/><V115/><F71/><W18/><G18/><T39/><D39/><U7/><E116/><V47/><F134/><W85/><G57/><T59/><D113/><U91/><E9/><V36/><F36/><W120/><G120/><T32/><D11/><U19/><E7/><V80/><F108/><W119/><G119/><T123/><D123/><U70/><E70/><V81/><F81/><N who="3" m="45311" /><G93/><T46/><D59/><U29/><E29/><V109/><F109/><W0/><AGARI ba="0,0" hai="0,1,2,3,5,10,38,41,44,84,85" m="45311" machi="0" ten="30,3000,0" yaku="25,1,52,1" doraHai="43" who="3" fromWho="3" sc="310,-10,98,-10,211,-10,381,30" owari="300,10.0,88,-41.0,201,-20.0,411,51.0" /></mjloggm>