<mjloggm ver="2.3"><GO type="169" lobby="0"/><UN n0="%E5%BD%A9%E4%BA%AC" n1="%E3%81%98%E3%81%98%E3%81%84%E3%81%8C%E5%91%BC%E3%82%93%E3%81%A0" n2="%E4%B8%89%E5%8D%8A%E8%8D%98%E3%81%BE%E3%81%A7" n3="%E7%A5%9E%E6%9E%B6%E3%82%BF%E3%82%A4%E3%82%BF%E3%83%8B%E3%83%83%E3%82%AF" dan="17,16,16,16" rate="2210.45,2087.58,2129.64,2052.20" sx="M,M,M,M"/><TAIKYOKU oya="0"/><INIT seed="0,0,0,1,3,45" ten="250,250,250,250" oya="0" hai0="112,113,90,117,39,101,42,109,37,96,55,18,63" hai1="6,129,106,14,30,50,52,40,51,47,79,53,44" hai2="3,72,105,17,46,118,78,123,38,68,133,135,102" hai3="81,34,91,26,120,92,115,76,83,27,94,24,70"/><T1/><D117/><U7/><E129/><V130/><RYUUKYOKU type="yao9" ba="0,0" sc="250,0,250,0,250,0,250,0" hai2="3,17,38,46,68,72,78,102,105,118,123,130,133,135" /><INIT seed="0,1,0,1,4,115" ten="250,250,250,250" oya="0" hai0="131,98,102,93,12,49,33,109,101,10,45,3,85" hai1="69,99,97,13,113,95,57,86,22,58,88,37,16" hai2="26,29,129,80,108,65,64,107,19,77,72,67,20" hai3="105,1,63,18,119,50,75,30,8,76,28,83,106"/><T40/><D131/><U43/><E69/><V56/><F107/><W121/><G121/><T31/><D3/><U135/><E113/><V82/><F129/><W127/><G127/><T79/><D109/><U122/><E122/><V74/><F108/><W42/><G28/><T111/><D111/><U103/><E135/><V133/><F133/><W59/><G30/><T91/><D33/><U55/><E37/><V70/><F70/><W44/><G119/><T78/><D31/><U24/><E43/><V132/><F132/><W23/><G8/><T2/><D2/><U52/><E24/><V116/><F116/><W4/><G4/><T48/><D48/><N who="1" m="30855" /><E103/><V87/><F56/><W92/><G92/><T84/><D84/><U46/><E46/><V130/><F130/><W36/><G36/><T81/><REACH who="0" step="1"/><D79/><REACH who="0" ten="240,250,250,250" step="2"/><U62/><AGARI ba="1,1" hai="13,16,22,55,58,62,86,88,95,97,99" m="30855" machi="62" ten="30,8000,1" yaku="25,1,8,1,54,3" doraHai="115" who="1" fromWho="1" sc="240,-41,250,93,250,-21,250,-21" /><INIT seed="1,0,0,2,5,105" ten="199,343,229,229" oya="1" hai0="107,94,20,111,54,58,64,56,113,14,21,89,43" hai1="5,108,122,35,44,76,103,36,131,119,88,71,75" hai2="38,34,124,51,61,65,68,114,30,87,118,102,104" hai3="6,37,3,132,82,77,67,96,134,4,2,52,50"/><U26/><E119/><V33/><F118/><W29/><G37/><T12/><D113/><U10/><E122/><V47/><F114/><W73/><G67/><T97/><D107/><U0/><E103/><V45/><F124/><W41/><G41/><T15/><D111/><U74/><E131/><V95/><F38/><W17/><G29/><T19/><D43/><N who="1" m="22631" /><E108/><V92/><F45/><N who="3" m="27727" /><G17/><T72/><D72/><N who="1" m="27691" /><E88/><V9/><F87/><W13/><G96/><T66/><D58/><U109/><E76/><V79/><F79/><W48/><G48/><N who="0" m="30791" /><D21/><U135/><E109/><V55/><F9/><N who="3" m="4279" /><G4/><T133/><D133/><AGARI ba="0,0" hai="2,3,73,77,82,132,133,134" m="4279,27727" machi="133" ten="30,3900,0" yaku="20,1,52,1,54,1" doraHai="105" who="3" fromWho="0" sc="199,-39,343,0,229,0,229,39" /><INIT seed="2,0,0,1,5,42" ten="160,343,229,268" oya="2" hai0="60,19,101,122,44,20,34,18,63,116,48,37,35" hai1="107,98,112,113,100,43,39,67,1,125,115,93,53" hai2="70,3,89,29,104,91,17,41,62,126,72,13,58" hai3="24,68,26,0,16,99,78,106,49,117,22,71,36"/><V110/><F3/><W6/><G36/><T51/><D122/><U10/><E125/><V90/><F104/><W75/><G117/><T135/><D135/><U57/><E67/><V33/><F72/><W108/><G108/><T83/><D116/><U40/><E107/><V127/><F70/><W131/><G131/><T50/><D101/><U64/><E64/><V114/><F114/><W77/><G6/><T38/><D51/><U52/><E53/><V130/><F130/><W25/><G0/><T8/><D20/><U9/><E1/><V47/><F110/><W73/><G106/><T84/><D84/><U15/><E39/><V65/><F29/><W111/><G111/><T133/><D133/><U92/><E93/><V88/><N who="2" m="22528" /><DORA hai="27" /><V134/><F33/><W59/><G99/><T85/><D85/><U5/><REACH who="1" step="1"/><E9/><REACH who="1" ten="160,333,229,268" step="2"/><V97/><F134/><W103/><G68/><T76/><D8/><U45/><E45/><V54/><F65/><W7/><G71/><T124/><D124/><U69/><E69/><V23/><REACH who="2" step="1"/><F97/><REACH who="2" ten="160,333,219,268" step="2"/><W95/><G75/><T80/><D76/><U61/><AGARI ba="0,2" hai="5,10,15,40,43,52,57,61,92,98,100,112,113,115" machi="61" ten="30,4000,0" yaku="1,1,0,1,54,1,53,0" doraHai="42,27" doraHaiUra="81,86" who="1" fromWho="1" sc="160,-10,333,60,219,-20,268,-10" /><INIT seed="3,0,0,3,2,81" ten="150,393,199,258" oya="3" hai0="108,3,112,31,51,49,52,34,127,103,74,27,115" hai1="116,19,18,68,106,78,17,87,13,73,88,113,117" hai2="4,114,59,105,82,11,65,39,26,132,56,120,83" hai3="23,72,43,1,50,79,48,94,89,98,104,22,60"/><W76/><G1/><T126/><D74/><U62/><E113/><N who="0" m="43593" /><D3/><U63/><E106/><V134/><F114/><W86/><G72/><T91/><D108/><U16/><E78/><N who="3" m="29738" /><G104/><T12/><D103/><U55/><E55/><V6/><F105/><W90/><G60/><T10/><D91/><U54/><E54/><V46/><F26/><W66/><G66/><T129/><D129/><U95/><E73/><V109/><F46/><N who="3" m="25695" /><G50/><N who="0" m="18955" /><D52/><U107/><E107/><V64/><F39/><W121/><G121/><T110/><D110/><U45/><E45/><V9/><REACH who="2" step="1"/><F109/><REACH who="2" ten="150,393,189,258" step="2"/><W123/><G123/><AGARI ba="0,1" hai="4,6,9,11,56,59,64,65,82,83,120,123,132,134" machi="123" ten="25,12000,2" yaku="1,1,2,1,22,2,53,2" doraHai="81" doraHaiUra="0" who="2" fromWho="3" sc="150,0,393,0,189,130,258,-120" /><INIT seed="4,0,0,1,0,3" ten="150,393,319,138" oya="0" hai0="90,13,95,72,130,86,119,21,28,107,19,65,80" hai1="111,100,109,42,22,126,94,68,8,77,36,38,60" hai2="39,129,120,58,127,99,59,54,9,131,50,55,116" hai3="102,24,0,105,134,87,4,61,76,135,48,67,14"/><T70/><D119/><U78/><E126/><V122/><F116/><W23/><G0/><T53/><D130/><N who="2" m="49674" /><F99/><N who="3" m="61663" /><G48/><T110/><D110/><U108/><E22/><V5/><F39/><W121/><G121/><T89/><D107/><U29/><E29/><V33/><F33/><W30/><G76/><T123/><D123/><U52/><E38/><V43/><F43/><W37/><G87/><T1/><D1/><U75/><E75/><V128/><F127/><W7/><G14/><T91/><D28/><U57/><E68/><V114/><F114/><W16/><G37/><T125/><D125/><U104/><E104/><V10/><F10/><W11/><G11/><T41/><D41/><U31/><E31/><V44/><F58/><N who="3" m="37303" /><G30/><T26/><D72/><U79/><E8/><V6/><N who="2" m="49682" /><V56/><DORA hai="20" /><F56/><W112/><G112/><T83/><D70/><U35/><E35/><V40/><F40/><W63/><G63/><T106/><D106/><U85/><E100/><V66/><F66/><W113/><G113/><T117/><D65/><U97/><E97/><V74/><F74/><W2/><G2/><T103/><D117/><U45/><REACH who="1" step="1"/><E94/><REACH who="1" ten="150,383,319,138" step="2"/><V32/><F32/><W27/><G27/><T118/><D26/><U132/><E132/><AGARI ba="0,1" hai="4,7,16,23,24,132,134,135" m="37303,61663" machi="132" ten="30,8000,1" yaku="20,1,52,3,54,1" doraHai="3,20" who="3" fromWho="1" sc="150,0,383,-80,319,0,138,90" /><INIT seed="5,0,0,4,0,134" ten="150,303,319,228" oya="1" hai0="132,133,22,79,86,37,107,122,78,129,62,0,96" hai1="46,110,18,109,7,34,56,15,3,103,31,71,23" hai2="82,68,33,130,84,58,115,27,49,42,65,70,88" hai3="81,76,25,126,124,40,9,1,12,85,21,5,125"/><U16/><E71/><V13/><F130/><W19/><REACH who="3" step="1"/><G40/><REACH who="3" ten="150,303,319,218" step="2"/><T24/><D129/><U127/><E110/><V63/><F115/><W43/><G43/><T97/><D122/><U8/><E109/><V118/><F118/><W128/><G128/><T26/><D37/><U11/><E103/><V105/><F42/><W121/><G121/><T102/><D133/><U114/><E114/><V38/><F38/><W93/><G93/><T131/><D132/><U69/><E69/><V77/><F105/><W99/><G99/><T87/><D131/><U47/><E56/><V10/><F70/><W17/><G17/><T6/><D97/><U89/><E47/><V51/><F68/><W112/><G112/><T104/><D107/><U72/><E46/><V32/><F32/><W4/><G4/><T45/><D45/><U2/><E18/><V135/><F135/><W74/><G74/><T75/><D75/><U91/><E72/><V44/><F44/><W101/><G101/><T60/><D96/><U52/><E34/><V67/><F33/><W83/><G83/><T28/><D102/><U117/><E117/><V30/><F82/><W54/><G54/><T108/><D104/><U111/><E52/><V80/><F67/><W90/><G90/><N who="1" m="34314" /><E111/><V59/><F88/><W57/><G57/><T53/><D53/><U20/><E7/><N who="2" m="3295" /><F58/><W61/><G61/><T92/><D108/><U35/><E35/><V50/><F51/><W120/><G120/><T14/><D62/><U29/><E16/><V116/><F116/><W95/><G95/><T48/><D92/><U98/><E98/><RYUUKYOKU ba="0,1" sc="150,-15,303,-15,319,15,218,15" hai2="27,30,49,50,59,63,65,77,80,84" hai3="1,5,9,12,19,21,25,76,81,85,124,125,126" /><INIT seed="6,1,1,3,4,91" ten="135,288,334,233" oya="2" hai0="2,130,105,44,83,35,11,65,60,99,18,20,56" hai1="21,0,1,94,97,77,8,85,9,27,81,54,67" hai2="13,24,73,15,37,102,124,63,66,114,47,49,62" hai3="6,92,101,135,52,4,68,74,113,51,32,39,86"/><V88/><F73/><W134/><G74/><T17/><D130/><U106/><E106/><V12/><F37/><W16/><G39/><T107/><D35/><U64/><E0/><V115/><F102/><W133/><G68/><T90/><D107/><U98/><E98/><V104/><F24/><W112/><G32/><T72/><D105/><U50/><E1/><V117/><F117/><W111/><G111/><T119/><D72/><U132/><E132/><V128/><F104/><W70/><G70/><T29/><D2/><U103/><E67/><V125/><F128/><W123/><G123/><T25/><D11/><U96/><E96/><V19/><F19/><W48/><G48/><T55/><D119/><U36/><E64/><V38/><F88/><N who="3" m="53271" /><G16/><T53/><D18/><N who="1" m="12727" /><E36/><V71/><F63/><W41/><G41/><T126/><D17/><U33/><E33/><V59/><F38/><W109/><G101/><T10/><D10/><U89/><E103/><V82/><F82/><W3/><G109/><T58/><D83/><U79/><E79/><V5/><F5/><N who="3" m="2155" /><G3/><T45/><D65/><U100/><E100/><V122/><F71/><W116/><G116/><T7/><D7/><U78/><E78/><V69/><F69/><W120/><G120/><T76/><D76/><U95/><E95/><V28/><F122/><W23/><G23/><T80/><D80/><U110/><E110/><V87/><F49/><W34/><G34/><T84/><D20/><U61/><E50/><V42/><F42/><W121/><G121/><T43/><D43/><U127/><E77/><V46/><F62/><RYUUKYOKU ba="1,1" sc="135,-10,288,-10,334,-10,233,30" hai3="51,52,112,113,133,134,135" /><INIT seed="7,2,1,0,3,36" ten="125,278,324,263" oya="3" hai0="2,105,7,122,31,58,111,118,12,93,121,76,11" hai1="85,103,132,44,131,81,48,71,52,61,46,43,107" hai2="23,65,27,82,32,90,92,75,112,84,86,80,35" hai3="41,106,87,59,45,130,60,17,51,1,62,117,100"/><W127/><G117/><T74/><D105/><U10/><E131/><V120/><F112/><W67/><G1/><T49/><D118/><U26/><E132/><V124/><F124/><W69/><G100/><T66/><D111/><U50/><E10/><V126/><F126/><W125/><G87/><T95/><D121/><U79/><E26/><V56/><F120/><W40/><G17/><T38/><D122/><U96/><E71/><V83/><F75/><W97/><G97/><T72/><D72/><U64/><E64/><V20/><F32/><W73/><G106/><T4/><D31/><U70/><E70/><V113/><F35/><W9/><G9/><T33/><D33/><U22/><E22/><N who="2" m="8235" /><F27/><W3/><G3/><T102/><D102/><U54/><E61/><N who="2" m="38055" /><F113/><W57/><G73/><T109/><D109/><U135/><E135/><V42/><F42/><AGARI ba="2,1" hai="42,43,44,46,48,50,52,54,79,81,85,96,103,107" machi="42" ten="30,8000,1" yaku="7,1,9,1,52,2,54,1" doraHai="36" who="1" fromWho="2" sc="125,0,278,96,324,-86,263,0" owari="125,-37.0,374,47.0,238,-16.0,263,6.0" /></mjloggm>