<mjloggm ver="2.3"><GO type="225" lobby="0"/><UN n0="%E9%81%85%E5%88%BB%E3%81%AE%E3%83%97%E3%83%AA%E3%83%B3%E3%82%B9%E2%99%AA" n1="%E9%B3%B3%E6%9D%B1%E3%81%AE%E3%81%86%E3%81%95%E3%81%8E%E3%81%95%E3%82%93" n2="%E3%82%A4%E3%83%8A%E3%82%BA%E3%83%9E%E8%91%AC%E5%84%80" n3="%E3%82%B7%E3%83%A5%E3%83%9E%E3%82%A4%E3%82%B1%E3%83%AB" dan="16,18,17,16" rate="2146.45,2118.02,2215.57,2150.22" sx="F,F,F,M"/><TAIKYOKU oya="0"/><INIT seed="0,0,0,1,1,101" ten="250,250,250,250" oya="0" hai0="19,81,129,25,88,42,96,109,30,119,133,94,20" hai1="28,10,34,61,7,110,92,108,16,117,46,99,86" hai2="118,1,56,35,44,51,120,23,97,22,87,26,104" hai3="90,9,47,50,36,79,67,54,95,52,49,0,113"/><T115/><D115/><U106/><E117/><V124/><F120/><W13/><G36/><T130/><D119/><U68/><E46/><V37/><F118/><W125/><G0/><T80/><D133/><U53/><E86/><V102/><F124/><W105/><G125/><T83/><D42/><U69/><E53/><V31/><F1/><W29/><G113/><T65/><D65/><N who="1" m="41007" /><E69/><V131/><F131/><N who="0" m="50186" /><D109/><N who="1" m="42091" /><E92/><V45/><F56/><W84/><G105/><T64/><D64/><U74/><E74/><V55/><REACH who="2" step="1"/><F87/><REACH who="2" ten="250,250,240,250" step="2"/><W62/><G29/><AGARI ba="0,1" hai="19,20,25,29,30,80,81,83,88,94,96" m="50186" machi="29" ten="30,2900,0" yaku="19,1,54,1" doraHai="101" who="0" fromWho="3" sc="250,39,250,0,240,0,250,-29" /><INIT seed="0,1,0,3,2,44" ten="289,250,240,221" oya="0" hai0="65,92,22,3,59,26,130,17,134,100,37,77,24" hai1="73,16,115,56,74,82,126,98,109,122,67,63,64" hai2="27,81,103,97,96,131,128,18,50,58,120,6,13" hai3="78,33,68,80,61,91,89,127,35,48,101,113,34"/><T57/><D130/><U36/><E109/><V1/><F120/><W93/><G113/><T55/><D37/><U86/><E126/><V23/><F1/><W51/><G127/><T102/><D3/><U10/><E122/><V7/><F81/><W116/><G116/><T79/><D134/><U52/><E115/><V49/><F58/><W111/><G101/><N who="0" m="39019" /><D92/><U43/><E74/><V53/><F53/><W125/><G111/><T2/><D2/><U117/><E73/><V90/><F90/><W31/><G31/><T14/><D65/><U119/><E119/><V25/><F131/><W106/><G106/><T71/><D71/><U99/><E43/><V12/><F128/><W4/><G4/><N who="2" m="1577" /><F13/><W28/><G28/><T87/><D59/><U88/><E36/><V124/><F124/><W104/><G104/><T54/><D55/><U76/><E117/><V75/><F75/><W19/><G19/><T41/><D41/><U21/><E10/><V84/><F84/><W83/><G125/><T29/><D29/><U62/><E62/><V110/><F110/><W60/><G78/><N who="0" m="29707" /><D87/><U47/><E76/><V15/><F103/><W5/><G5/><T42/><D42/><U85/><E86/><V45/><F45/><W121/><G121/><T95/><D95/><U129/><E129/><V107/><F107/><W108/><G108/><T20/><D20/><U0/><E0/><V123/><F123/><W132/><G35/><T112/><D112/><U135/><E135/><V105/><F105/><W46/><G132/><T72/><D72/><U8/><E47/><V118/><F118/><RYUUKYOKU ba="1,0" sc="289,30,250,-10,240,-10,221,-10" hai0="14,17,22,24,26,54,57" /><INIT seed="0,2,0,2,0,107" ten="319,240,230,211" oya="0" hai0="19,132,77,53,8,50,90,131,71,124,108,129,76" hai1="80,102,125,61,45,105,57,122,42,100,9,48,56" hai2="97,114,117,99,83,37,103,24,40,30,1,4,17" hai3="110,18,55,101,54,74,85,2,51,112,3,39,104"/><T26/><D71/><U134/><E134/><V69/><F114/><W62/><G74/><T65/><D132/><U123/><E125/><V86/><F117/><W52/><G39/><T79/><D65/><U118/><E118/><V5/><F69/><W94/><G104/><T73/><D124/><U15/><E57/><V87/><F37/><W128/><G112/><T92/><D108/><U35/><E35/><V7/><F40/><W43/><G110/><T16/><D73/><U127/><E127/><V66/><F66/><W63/><G128/><N who="0" m="49227" /><D26/><U119/><E119/><V95/><F17/><N who="0" m="6730" /><D8/><U121/><E105/><V25/><F1/><W89/><G101/><T23/><D23/><U11/><E11/><V120/><F120/><W59/><G18/><T75/><D75/><U78/><E9/><V133/><F133/><W70/><G70/><T64/><D64/><U68/><E68/><V58/><F25/><W14/><G14/><T88/><D92/><U22/><E15/><V33/><F24/><W84/><G43/><T47/><AGARI ba="2,0" hai="47,50,53,76,77,79,88,90" m="6730,49227" machi="47" ten="40,7800,0" yaku="19,1,54,2" doraHai="107" who="0" fromWho="0" sc="319,84,240,-28,230,-28,211,-28" /><INIT seed="0,3,0,0,4,101" ten="403,212,202,183" oya="0" hai0="78,98,19,119,121,104,12,13,72,129,89,79,91" hai1="34,125,4,115,112,2,74,17,51,41,3,123,5" hai2="109,69,50,16,21,26,100,130,47,42,110,94,70" hai3="92,113,45,37,65,48,82,93,28,64,18,49,128"/><T43/><D121/><U14/><E74/><V107/><F94/><W60/><G113/><N who="1" m="43594" /><E41/><V55/><F130/><W77/><G128/><T22/><D119/><U40/><E40/><V117/><F117/><W56/><G37/><T135/><D129/><U29/><E123/><V106/><F100/><W122/><G122/><T54/><D135/><U32/><E51/><V103/><F103/><W35/><G65/><T20/><D43/><U108/><E108/><N who="2" m="41579" /><F42/><W39/><G39/><T1/><D1/><N who="1" m="11" /><E125/><V31/><F31/><W96/><G18/><T75/><D54/><U15/><E15/><V44/><F47/><W66/><G64/><T118/><D118/><U11/><E29/><V71/><AGARI ba="3,0" hai="16,21,26,44,50,55,69,70,71,106,107" m="41579" machi="71" ten="40,8000,1" yaku="14,1,52,2,54,1" doraHai="101" who="2" fromWho="2" sc="403,-43,212,-23,202,89,183,-23" /><INIT seed="1,0,0,1,4,110" ten="360,189,291,160" oya="1" hai0="41,58,123,108,112,96,122,37,50,107,84,70,60" hai1="71,62,97,129,75,27,135,54,90,77,49,86,8" hai2="0,53,104,15,23,93,3,99,1,126,91,47,80" hai3="46,95,29,133,103,18,102,72,25,4,64,39,105"/><U65/><E129/><V125/><F104/><W111/><G133/><T85/><D108/><U89/><E135/><V30/><F80/><W74/><G105/><T113/><D37/><U11/><E75/><V118/><F118/><W109/><G64/><T44/><D70/><U5/><E27/><N who="2" m="16767" /><F15/><W40/><G4/><T31/><D31/><U134/><E134/><V13/><F13/><W61/><G61/><T42/><D42/><U55/><E55/><V36/><F36/><W6/><G6/><T120/><D96/><U117/><E117/><V35/><F47/><W130/><G18/><T12/><D12/><U119/><E119/><V79/><F79/><W21/><G130/><T132/><D107/><U131/><E131/><V68/><F35/><W127/><G127/><N who="2" m="48649" /><F53/><W52/><G72/><T67/><D132/><U17/><E17/><V28/><F28/><W82/><G109/><T115/><AGARI ba="0,0" hai="41,44,50,58,60,67,84,85,112,113,115,120,122,123" machi="115" ten="40,8000,1" yaku="0,1,13,1,52,3" doraHai="110" who="0" fromWho="0" sc="360,80,189,-40,291,-20,160,-20" /><INIT seed="2,0,0,3,2,70" ten="440,149,271,140" oya="2" hai0="108,133,129,98,35,36,27,101,59,81,50,120,71" hai1="131,21,92,135,47,56,113,52,23,2,43,83,125" hai2="67,29,76,9,87,80,0,66,96,122,111,107,94" hai3="40,112,130,8,134,73,124,24,77,109,69,16,15"/><V106/><F122/><W82/><G109/><T1/><D120/><U44/><E113/><V61/><F111/><W78/><G69/><T54/><D108/><U105/><E105/><V75/><F75/><W116/><G112/><T84/><D1/><U31/><E131/><V88/><F29/><W102/><G116/><T126/><D129/><U33/><E135/><V128/><F128/><W72/><G130/><T127/><D71/><U93/><E125/><V63/><F0/><W60/><G134/><T74/><D74/><U3/><E33/><V100/><F9/><W132/><G124/><T117/><D117/><U46/><E43/><V103/><F107/><W37/><G132/><T68/><D68/><U55/><E83/><V119/><F119/><W25/><G102/><N who="2" m="38953" /><F106/><W26/><G60/><AGARI ba="0,0" hai="60,61,63,66,67,76,80,87,88,94,96" m="38953" machi="60" ten="30,2900,0" yaku="8,1,54,1" doraHai="70" who="2" fromWho="3" sc="440,0,149,0,271,29,140,-29" /><INIT seed="2,1,0,3,3,15" ten="440,149,300,111" oya="2" hai0="119,91,129,1,50,6,0,81,2,46,21,3,128" hai1="5,88,10,132,66,123,27,57,18,100,72,53,31" hai2="69,63,8,115,41,79,98,35,58,106,108,110,86" hai3="134,95,133,68,54,97,111,113,75,117,55,62,82"/><V122/><F122/><W9/><G117/><T25/><D119/><U83/><E132/><V76/><F115/><W43/><G113/><T99/><D3/><U126/><E126/><V42/><F69/><W56/><G68/><T36/><D36/><U61/><E123/><V89/><F35/><W13/><G43/><N who="2" m="16393" /><F8/><W84/><G75/><T104/><D6/><U64/><E100/><V121/><F121/><W12/><G111/><N who="2" m="42537" /><F98/><W67/><G133/><T112/><D112/><U131/><E131/><N who="0" m="50249" /><D104/><U85/><E72/><V44/><F44/><W29/><G29/><N who="0" m="17583" /><D99/><U109/><E109/><V40/><N who="2" m="16401" /><V73/><DORA hai="74" /><F73/><W48/><G134/><T33/><D33/><U49/><E31/><V107/><F107/><W130/><G130/><T127/><D127/><U26/><E26/><V45/><F45/><W135/><G135/><T93/><D2/><U94/><E27/><V87/><F106/><W20/><G48/><T124/><D124/><U32/><E49/><V52/><F87/><W101/><G20/><T14/><D50/><U71/><E32/><V38/><F38/><W30/><G30/><T39/><D46/><U65/><E71/><V105/><F105/><W17/><REACH who="3" step="1"/><G13/><REACH who="3" ten="440,149,300,101" step="2"/><T11/><D14/><N who="1" m="7511" /><E5/><V34/><F34/><W78/><AGARI ba="1,1" hai="9,12,17,54,55,56,62,67,78,82,84,95,97,101" machi="78" ten="20,12000,2" yaku="1,1,0,1,7,1,8,1,52,2,53,1" doraHai="15,74" doraHaiUra="24,59" who="3" fromWho="3" sc="440,-31,149,-31,300,-61,101,133" /><INIT seed="3,0,0,4,4,25" ten="409,118,239,234" oya="3" hai0="116,59,80,124,126,1,0,5,118,94,129,113,108" hai1="125,58,26,38,39,110,74,68,23,12,7,14,85" hai2="56,48,62,9,114,31,77,87,72,99,3,29,75" hai3="53,46,20,8,130,19,44,18,93,42,16,134,61"/><W107/><G107/><T76/><D108/><U96/><E68/><V36/><F36/><W69/><G130/><T100/><D129/><U47/><E125/><N who="0" m="48233" /><D113/><U51/><E74/><V35/><F35/><W122/><G122/><T91/><D100/><U131/><E110/><V88/><F99/><W112/><G112/><T6/><D59/><U60/><E131/><V33/><F33/><W27/><G134/><T41/><D41/><U70/><E39/><V90/><F48/><W67/><G53/><T92/><D92/><U66/><E85/><V22/><F87/><W13/><G93/><T2/><D6/><U97/><E70/><V78/><F56/><W40/><REACH who="3" step="1"/><G19/><REACH who="3" ten="409,118,239,224" step="2"/><T10/><D118/><U109/><E109/><V83/><F114/><W119/><G119/><T64/><D116/><U73/><E73/><V121/><F75/><W111/><G111/><T98/><D64/><U123/><E123/><V103/><F72/><AGARI ba="0,1" hai="0,1,2,5,10,72,76,80,91,94,98" m="48233" machi="72" ten="30,1000,0" yaku="18,1" doraHai="25" who="0" fromWho="2" sc="409,20,118,0,239,-10,224,0" owari="429,53.0,118,-38.0,229,3.0,224,-18.0" /></mjloggm>