<mjloggm ver="2.3"><GO type="169" lobby="0"/><UN n0="%E3%81%8B%E3%81%A3%E9%A3%9B%E3%81%B0%E3%81%9B%E5%85%A8%E9%83%A8" n1="%E3%83%94%E3%83%B3%E3%83%9D%E3%83%B3%E3%83%91%E3%83%BC%E3%83%AB" n2="%70%69%6E%63%65%72%73" n3="%E3%83%A1%E3%83%A9%E3%82%BE%E3%83%BC%E3%83%9E" dan="16,16,16,16" rate="2096.02,2089.01,2137.97,2135.17" sx="M,F,M,F"/><TAIKYOKU oya="0"/><INIT seed="0,0,0,2,4,80" ten="250,250,250,250" oya="0" hai0="54,18,134,61,111,109,21,71,87,129,116,59,25" hai1="14,47,29,128,96,127,48,51,104,19,65,101,133" hai2="114,62,107,7,118,78,108,27,37,86,89,36,121" hai3="83,81,85,117,5,24,17,60,105,46,43,67,103"/><T94/><D116/><U100/><E128/><V132/><F107/><W32/><G117/><T72/><D129/><U115/><E115/><V52/><F114/><W33/><G5/><T91/><D134/><U22/><E133/><V55/><F132/><W77/><G103/><T97/><D72/><U58/><E127/><V4/><F78/><W49/><G105/><T16/><D71/><U10/><E101/><V64/><F121/><W92/><G92/><T12/><REACH who="0" step="1"/><D97/><REACH who="0" ten="240,250,250,250" step="2"/><U125/><E125/><V82/><F118/><W42/><G33/><T122/><D122/><U84/><E96/><V69/><F108/><W110/><G110/><T74/><D74/><U112/><E112/><V63/><F37/><W131/><G32/><T90/><D90/><U39/><E100/><V106/><F36/><W98/><G98/><T13/><D13/><U57/><E14/><V20/><F106/><W123/><G131/><T124/><D124/><U113/><E39/><V88/><F89/><W40/><G123/><T93/><D93/><U41/><E113/><V15/><F15/><W30/><G77/><T76/><D76/><U1/><E104/><V102/><F102/><W28/><G81/><T130/><D130/><U26/><E1/><V38/><F38/><W126/><G83/><T79/><D79/><U34/><E26/><V56/><REACH who="2" step="1"/><F55/><REACH who="2" ten="240,250,240,250" step="2"/><W53/><G126/><T45/><D45/><U68/><E47/><V73/><F73/><W50/><G53/><T120/><D120/><U44/><E44/><V75/><F75/><W6/><G46/><T3/><D3/><U11/><E41/><RYUUKYOKU ba="0,2" sc="240,15,250,-15,240,15,250,-15" hai0="12,16,18,21,25,54,59,61,87,91,94,109,111" hai2="4,7,20,27,52,56,62,63,64,69,82,86,88" /><INIT seed="0,1,2,1,2,99" ten="255,235,255,235" oya="0" hai0="63,16,49,123,104,77,130,36,42,37,115,39,34" hai1="45,24,57,33,26,70,66,128,113,117,47,60,17" hai2="53,80,44,10,14,7,109,43,73,18,125,1,133" hai3="116,118,61,100,127,59,19,38,48,65,13,105,126"/><T58/><D115/><U71/><E117/><V102/><F109/><W131/><G38/><T3/><D123/><U22/><E113/><V67/><F133/><W75/><G75/><T31/><D3/><U111/><E111/><V9/><F125/><N who="3" m="47627" /><G131/><T78/><D104/><U90/><E128/><V69/><F53/><W8/><G48/><T107/><D107/><U54/><E71/><V25/><F25/><W2/><G2/><T103/><D103/><U51/><REACH who="1" step="1"/><E90/><REACH who="1" ten="255,225,255,235" step="2"/><V114/><F114/><W97/><AGARI ba="1,3" hai="8,13,19,59,61,65,97,100,105,116,118" m="47627" machi="97" ten="30,2000,0" yaku="18,1,52,1" doraHai="99" who="3" fromWho="3" sc="255,-11,225,-6,255,-6,235,53" /><INIT seed="1,0,0,4,1,78" ten="244,219,249,288" oya="1" hai0="44,69,43,40,79,81,80,42,34,37,99,36,61" hai1="10,54,9,13,126,65,26,92,23,57,104,70,95" hai2="46,102,71,75,17,123,116,27,94,58,120,127,35" hai3="98,30,130,22,25,3,47,84,105,132,28,90,96"/><U55/><E104/><V107/><F71/><W63/><G130/><T74/><D34/><U72/><E72/><V50/><F116/><W19/><G132/><T12/><D99/><U125/><E70/><V20/><F127/><N who="1" m="48649" /><E65/><V5/><F107/><W1/><G1/><T112/><D112/><U53/><E57/><V39/><F39/><W15/><G3/><T87/><D12/><U0/><E0/><V67/><F35/><W76/><G76/><T91/><REACH who="0" step="1"/><D44/><REACH who="0" ten="234,219,249,288" step="2"/><U2/><E2/><V14/><F46/><W122/><G96/><T45/><D45/><U135/><E135/><V129/><F129/><W7/><G98/><T93/><D93/><N who="1" m="35915" /><E13/><V111/><F14/><W68/><G47/><T62/><D62/><U88/><E88/><V24/><F94/><W86/><G90/><T56/><D56/><U109/><E109/><V115/><F111/><W16/><G63/><T38/><D38/><U100/><E100/><V77/><F102/><W66/><G68/><T11/><D11/><N who="1" m="4107" /><E23/><V89/><F20/><W60/><G105/><T110/><D110/><U85/><E26/><V29/><F24/><W97/><G22/><T64/><AGARI ba="0,1" hai="36,37,40,42,43,61,64,69,74,79,80,81,87,91" machi="64" ten="30,7900,0" yaku="1,1,0,1,52,2,53,0" doraHai="78" doraHaiUra="121" who="0" fromWho="0" sc="234,89,219,-39,249,-20,288,-20" /><INIT seed="2,0,0,2,5,5" ten="323,180,229,268" oya="2" hai0="123,99,46,36,66,50,78,13,34,120,4,29,27" hai1="79,114,38,64,85,130,71,100,23,16,116,76,84" hai2="12,41,55,102,89,44,108,63,103,69,128,121,110" hai3="62,81,126,131,26,58,92,7,20,32,33,56,86"/><V37/><F121/><W129/><G126/><T98/><D36/><U68/><E38/><V88/><F128/><N who="3" m="49227" /><G7/><T127/><D127/><U101/><E130/><V35/><F35/><N who="3" m="13387" /><G62/><T28/><D28/><U133/><E116/><V124/><F124/><W9/><G9/><T97/><D66/><U73/><E73/><V93/><F89/><N who="3" m="53303" /><G81/><T119/><D119/><U134/><E114/><V74/><F74/><W2/><G2/><T82/><D4/><U51/><E64/><V39/><F39/><W59/><G59/><T47/><D47/><U95/><E51/><V107/><F107/><W132/><G132/><T96/><N who="0" m="24576" /><DORA hai="25" /><T40/><REACH who="0" step="1"/><D13/><REACH who="0" ten="313,180,229,268" step="2"/><U111/><E134/><V109/><F12/><W125/><G125/><T70/><D70/><U48/><E68/><V90/><F69/><W87/><G87/><AGARI ba="0,1" hai="27,29,34,40,46,50,78,82,87,120,123" m="24576" machi="87" ten="50,6400,0" yaku="1,1,52,1,53,1" doraHai="5,25" doraHaiUra="135,72" who="0" fromWho="3" sc="313,74,180,0,229,0,268,-64" /><INIT seed="3,0,0,0,0,58" ten="387,180,229,204" oya="3" hai0="52,95,124,114,12,54,82,6,10,135,47,74,79" hai1="19,101,87,106,70,51,129,37,7,45,83,113,132" hai2="22,53,98,93,121,16,134,99,92,97,3,86,38" hai3="89,55,127,44,21,126,112,118,88,26,25,42,65"/><W122/><G112/><T103/><D114/><U56/><E113/><V100/><F134/><W13/><G118/><T43/><D135/><U57/><E132/><V34/><F34/><W9/><G122/><T64/><D124/><N who="3" m="47657" /><G65/><T5/><D5/><U80/><E70/><V46/><F121/><W90/><G55/><T94/><D64/><U116/><E116/><V109/><F109/><W105/><G105/><T32/><D32/><U18/><E37/><V108/><F108/><W8/><G13/><T59/><D103/><U123/><E123/><V131/><F3/><W81/><G81/><T4/><D4/><U35/><E35/><V60/><F38/><N who="3" m="21591" /><G25/><T63/><REACH who="0" step="1"/><D54/><REACH who="0" ten="377,180,229,204" step="2"/><U76/><E101/><V28/><F53/><W77/><G77/><T71/><D71/><U104/><E76/><V84/><F100/><W11/><G89/><T62/><D62/><U72/><E7/><V1/><F60/><W91/><G90/><T2/><D2/><U66/><E66/><V14/><F1/><W48/><G48/><AGARI ba="0,1" hai="6,10,12,43,47,48,52,59,63,74,79,82,94,95" machi="48" ten="30,8000,1" yaku="1,1,7,1,52,1,54,1,53,1" doraHai="58" doraHaiUra="36" who="0" fromWho="3" sc="377,90,180,0,229,0,204,-80" /><INIT seed="4,0,0,5,4,111" ten="467,180,229,124" oya="0" hai0="57,44,1,39,81,96,91,125,77,61,56,133,59" hai1="124,38,80,21,71,87,42,31,36,0,130,104,41" hai2="34,79,76,5,55,23,46,27,25,19,100,114,85" hai3="17,119,88,101,6,98,47,74,106,67,120,129,121"/><T8/><D125/><U123/><E124/><V68/><F68/><W70/><G119/><T93/><D133/><U97/><E0/><V115/><F5/><W72/><G6/><N who="0" m="1103" /><D61/><U128/><E71/><V54/><F100/><W110/><G110/><T94/><D94/><U30/><E123/><N who="3" m="47178" /><G17/><T131/><D59/><U22/><E87/><V75/><F75/><W109/><G109/><T64/><D64/><U26/><E80/><N who="2" m="47239" /><F79/><W126/><G126/><T12/><D12/><U35/><E26/><N who="2" m="14719" /><F34/><W107/><G107/><T95/><D95/><U15/><E15/><V7/><F7/><W11/><G11/><T118/><D131/><U66/><E35/><V135/><F135/><W9/><G9/><T43/><D118/><U32/><E32/><V45/><F46/><W105/><G105/><T117/><D117/><U99/><E104/><V14/><F14/><W3/><G129/><T18/><D18/><U58/><E58/><V82/><F82/><W62/><G3/><T4/><D4/><U83/><E83/><V103/><F45/><W37/><G88/><T122/><D122/><U10/><E10/><V134/><F103/><W63/><G63/><T16/><D16/><U113/><E66/><V50/><F134/><W24/><G24/><N who="2" m="9289" /><F50/><W40/><AGARI ba="0,0" hai="37,40,47,62,67,70,72,74,98,101,106" m="47178" machi="40" ten="30,2000,0" yaku="13,1,23,1" doraHai="111" who="3" fromWho="3" sc="467,-10,180,-5,229,-5,124,20" /><INIT seed="5,0,0,4,5,12" ten="457,175,224,144" oya="1" hai0="27,47,57,93,111,11,128,46,49,48,37,39,123" hai1="102,69,24,96,30,41,87,79,60,18,80,113,2" hai2="59,110,75,105,109,5,56,68,104,88,70,66,81" hai3="74,42,106,28,125,16,34,91,130,119,25,20,14"/><U99/><E2/><V112/><F5/><W132/><G132/><T50/><D111/><U114/><E41/><V36/><F36/><W121/><G121/><T116/><D116/><U3/><E3/><V94/><F81/><W35/><G119/><T4/><D123/><U77/><E77/><V72/><F94/><W8/><G106/><T31/><D128/><U51/><E51/><V76/><F76/><W9/><G74/><T118/><D118/><U82/><E82/><V124/><F124/><W98/><G130/><T58/><D39/><U131/><E131/><V115/><REACH who="2" step="1"/><F66/><REACH who="2" ten="457,175,214,144" step="2"/><W108/><G108/><T73/><D93/><N who="1" m="58639" /><E99/><V117/><F117/><W90/><G98/><T15/><D37/><U19/><E69/><V86/><F86/><W84/><G125/><T95/><D95/><U22/><E60/><V33/><F33/><W133/><G35/><T29/><D4/><U107/><E107/><V78/><F78/><W53/><G84/><T23/><D73/><U100/><E100/><V67/><F67/><W126/><G126/><T129/><D129/><U32/><E32/><V61/><F61/><W40/><G34/><T55/><D50/><U92/><E92/><V38/><F38/><W97/><G97/><T43/><D49/><U7/><E7/><V89/><AGARI ba="0,1" hai="56,59,68,70,72,75,88,89,104,105,109,110,112,115" machi="89" ten="25,8000,1" yaku="1,1,0,1,22,2,54,1,53,0" doraHai="12" doraHaiUra="134" who="2" fromWho="2" sc="457,-20,175,-40,214,90,144,-20" /><INIT seed="6,0,0,2,1,77" ten="437,135,304,124" oya="2" hai0="49,113,26,72,109,40,121,8,130,37,58,1,132" hai1="123,45,54,21,71,16,66,38,32,135,69,73,29" hai2="62,97,64,91,31,122,35,108,13,105,131,114,57" hai3="10,107,3,94,98,56,43,87,27,14,86,7,47"/><V68/><F114/><W18/><G107/><T110/><D26/><U116/><E73/><V79/><F122/><W96/><G56/><T82/><D121/><U15/><E123/><V117/><F117/><W2/><G96/><T5/><D113/><U78/><E116/><V34/><F131/><W25/><G3/><T33/><D33/><U134/><E78/><V39/><F39/><W102/><G2/><T6/><D6/><U133/><E66/><V0/><F0/><W59/><G59/><T124/><D124/><U70/><E38/><V36/><F36/><W84/><REACH who="3" step="1"/><G7/><REACH who="3" ten="437,135,304,114" step="2"/><T46/><D5/><U61/><E45/><V22/><F57/><W111/><G111/><T106/><D58/><N who="1" m="35031" /><E69/><V76/><F108/><W12/><G12/><T100/><D106/><U80/><E70/><V63/><F105/><W53/><G53/><T20/><D1/><U11/><E71/><V89/><F68/><W81/><G81/><T118/><D82/><U50/><E80/><V125/><F13/><W83/><G83/><T75/><D110/><U128/><E128/><V120/><F120/><W93/><G93/><T44/><D130/><U65/><E65/><V52/><F52/><W30/><G30/><T42/><D109/><U24/><E50/><AGARI ba="0,1" hai="10,14,18,25,27,43,47,50,84,86,87,94,98,102" machi="50" ten="40,2600,0" yaku="1,1,8,1,53,0" doraHai="77" doraHaiUra="127" who="3" fromWho="1" sc="437,0,135,-26,304,0,114,36" /><INIT seed="7,0,0,5,5,41" ten="437,109,304,150" oya="3" hai0="83,113,50,128,20,5,29,24,127,104,101,75,84" hai1="90,13,121,15,80,33,88,45,98,10,110,71,39" hai2="70,109,132,52,31,61,28,126,64,43,116,59,46" hai3="35,118,78,38,57,54,99,115,16,7,122,105,119"/><W131/><G122/><T34/><D75/><U44/><E121/><V32/><F109/><W58/><G35/><T134/><D127/><U18/><E110/><V26/><F116/><W55/><G7/><T51/><D134/><U69/><E33/><V23/><F126/><W11/><G78/><T30/><D128/><U3/><E3/><V108/><F108/><W82/><G82/><T67/><D67/><U36/><E80/><V95/><F132/><W135/><G38/><T86/><D101/><U0/><E0/><V120/><F120/><W112/><G131/><T111/><D104/><U73/><E10/><V37/><F95/><W62/><G99/><T22/><D113/><N who="3" m="43593" /><G105/><T125/><D125/><U106/><E106/><V94/><F94/><W66/><G55/><T123/><D5/><U124/><E124/><V49/><F32/><W8/><G8/><T85/><D83/><U79/><E79/><V72/><F72/><W1/><G1/><T9/><D9/><U40/><E73/><V114/><F114/><W56/><G54/><T27/><D34/><U107/><E107/><V53/><F53/><W60/><G60/><T42/><D123/><U12/><E12/><V6/><F6/><W93/><G93/><T48/><D111/><U19/><E98/><V97/><F97/><W96/><G96/><T129/><D129/><U76/><E76/><V87/><F87/><W2/><G2/><T14/><D14/><U92/><E92/><V102/><F102/><W63/><G135/><T91/><D91/><U74/><E74/><V133/><F133/><W4/><G4/><RYUUKYOKU ba="0,0" sc="437,10,109,10,304,10,150,-30" hai0="20,22,24,27,29,30,42,48,50,51,84,85,86" hai1="13,15,18,19,36,39,40,44,45,69,71,88,90" hai2="23,26,28,31,37,43,46,49,52,59,61,64,70" owari="447,55.0,119,-38.0,314,11.0,120,-28.0" /></mjloggm>