<mjloggm ver="2.3"><GO type="185" lobby="0"/><UN n0="%E6%96%B0%E4%B8%96%E7%95%8C%E3%81%AE%E7%B4%99" n1="%E5%A4%9A%E6%9E%97%E6%99%8B" n2="%E3%81%82%E3%81%9F%E3%82%89%E3%81%AA%E3%81%84%E3%81%A7%EF%BC%81" n3="" dan="17,16,17,0" rate="2293.20,2209.97,2174.31,1500.00" sx="F,M,M,C"/><TAIKYOKU oya="0"/><INIT seed="0,0,0,2,2,91" ten="350,350,350,0" oya="0" hai0="112,64,32,68,35,89,63,85,46,48,86,96,87" hai1="115,70,1,69,93,51,131,40,117,94,55,106,59" hai2="34,105,73,133,88,67,76,57,120,54,107,82,125" hai3=""/><T53/><REACH who="0" step="1"/><D112/><REACH who="0" ten="340,350,350,0" step="2"/><U52/><E115/><V130/><F120/><T109/><D109/><U47/><E117/><V92/><F34/><T43/><D43/><U90/><E131/><V101/><F130/><T37/><D37/><U49/><E1/><V129/><F129/><T62/><D62/><U104/><E40/><V2/><F2/><T123/><N who="0" m="31520" /><T79/><D79/><U122/><N who="1" m="31264" /><U36/><E36/><V78/><F78/><T42/><D42/><U116/><E116/><V103/><F76/><T100/><D100/><U83/><E70/><V126/><F101/><T84/><N who="0" m="21504" /><DORA hai="38" /><T39/><D39/><U110/><E69/><V132/><F103/><T119/><D119/><U44/><E110/><V60/><F60/><T74/><D74/><U3/><E3/><V111/><F111/><T81/><D81/><U127/><E83/><V61/><F82/><T124/><D124/><U102/><E102/><V80/><F80/><T66/><D66/><U108/><E108/><V72/><F67/><T65/><D65/><U97/><E127/><N who="2" m="48651" /><F72/><T41/><D41/><U33/><E33/><V75/><F73/><T99/><D99/><U128/><E128/><V118/><F75/><T50/><D50/><U45/><E51/><RYUUKYOKU ba="0,1" sc="340,20,350,-10,350,-10,0,0" hai0="32,35,46,48,53,63,64,68,89,96" /><INIT seed="0,1,1,3,3,131" ten="360,340,340,0" oya="0" hai0="51,113,111,124,41,135,1,62,98,32,93,106,78" hai1="90,65,63,52,67,68,34,80,92,46,116,108,132" hai2="100,66,45,58,59,72,101,35,112,114,47,120,48" hai3=""/><T133/><D113/><U77/><E34/><V109/><N who="2" m="30752" /><V87/><F72/><T79/><D32/><U53/><E116/><V125/><F35/><T43/><D1/><U94/><E108/><V123/><N who="2" m="31520" /><V134/><F109/><T56/><D111/><U50/><E67/><V103/><F125/><T69/><D69/><U130/><E130/><V74/><F74/><T33/><D106/><U55/><E132/><N who="0" m="50761" /><D33/><U96/><E94/><V127/><F127/><T126/><D126/><U95/><E92/><V89/><F134/><T119/><D119/><U110/><E110/><V91/><F66/><T3/><D3/><U60/><E63/><V129/><F129/><T0/><D0/><U88/><E90/><V102/><F102/><T118/><D118/><U64/><E64/><V115/><F91/><T107/><D107/><U2/><E2/><V36/><F89/><T37/><D124/><U105/><E105/><V104/><F104/><T44/><D62/><U117/><E117/><V81/><F114/><T128/><D128/><U71/><E68/><V122/><F115/><T38/><D93/><U42/><E55/><V86/><F112/><T84/><D79/><U70/><E71/><V40/><N who="2" m="31264" /><V61/><F61/><RYUUKYOKU ba="1,1" sc="360,-10,340,20,340,-10,0,0" hai1="42,46,50,52,53,60,65,70,77,80,88,95,96" /><INIT seed="1,2,1,1,5,61" ten="350,360,330,0" oya="1" hai0="51,56,114,57,102,117,101,110,120,121,2,116,43" hai1="88,105,91,98,106,52,115,54,130,89,119,58,84" hai2="132,73,128,0,45,40,34,129,50,97,126,55,3" hai3=""/><U80/><E119/><N who="0" m="45641" /><D114/><U48/><E115/><V124/><F34/><T49/><N who="0" m="30752" /><T66/><N who="0" m="31008" /><T107/><D2/><N who="2" m="554" /><F73/><T83/><D110/><U1/><E1/><V99/><F40/><T112/><D112/><U46/><E130/><N who="2" m="50283" /><F132/><T69/><D69/><U78/><REACH who="1" step="1"/><E98/><AGARI ba="2,1" hai="45,50,55,97,98,99,124,126" m="50283,554" machi="98" ten="40,1300,0" yaku="19,1" doraHai="61" who="2" fromWho="1" sc="350,0,360,-17,330,27,0,0" /><INIT seed="2,0,0,2,3,42" ten="350,343,357,0" oya="2" hai0="82,90,91,38,63,40,103,101,117,65,126,54,98" hai1="32,108,79,57,53,72,118,37,135,52,83,64,50" hai2="106,93,47,100,116,129,49,59,0,122,134,36,111" hai3=""/><V124/><RYUUKYOKU type="yao9" ba="0,0" sc="350,0,343,0,357,0,0,0" hai2="0,36,47,49,59,93,100,106,111,116,122,124,129,134" /><INIT seed="2,1,0,5,2,135" ten="350,343,357,0" oya="2" hai0="134,38,71,128,86,119,57,88,97,49,123,121,51" hai1="106,69,108,92,114,39,65,98,75,91,105,2,59" hai2="109,85,122,94,87,77,43,84,115,64,56,33,54" hai3=""/><V60/><N who="2" m="31264" /><V81/><F115/><T102/><N who="0" m="31008" /><T50/><N who="0" m="31520" /><T118/><D71/><U36/><E2/><V3/><F3/><T46/><D134/><U89/><E114/><V129/><F33/><T41/><D128/><U131/><E131/><V95/><F129/><T124/><D124/><U37/><E69/><V100/><F109/><T70/><D70/><U63/><E108/><V72/><F43/><T126/><D126/><U34/><E34/><V61/><REACH who="2" step="1"/><F100/><REACH who="2" ten="350,343,347,0" step="2"/><T113/><D113/><U107/><REACH who="1" step="1"/><E75/><REACH who="1" ten="350,333,347,0" step="2"/><V40/><F40/><T80/><REACH who="0" step="1"/><D57/><AGARI ba="1,2" hai="54,56,57,60,61,64,72,77,81,84,85,87,94,95" m="31264" machi="57" ten="40,7700,0" yaku="1,1,52,1,53,1" doraHai="135" doraHaiUra="117" who="2" fromWho="0" sc="350,-79,333,0,347,99,0,0" /><INIT seed="2,2,0,4,4,3" ten="271,333,446,0" oya="2" hai0="53,33,95,39,35,55,75,1,76,2,71,74,96" hai1="40,105,80,47,56,110,64,109,100,59,133,113,32" hai2="112,128,36,130,83,116,101,89,106,49,57,60,54" hai3=""/><V122/><N who="2" m="31264" /><V102/><F116/><T51/><D39/><U37/><E113/><V68/><F36/><T123/><N who="0" m="31520" /><T42/><D42/><U119/><E119/><V135/><F112/><T72/><D71/><U99/><E133/><V87/><F135/><T63/><D63/><U108/><E80/><V88/><F89/><T131/><D131/><N who="2" m="50218" /><F106/><T103/><D76/><U84/><E84/><V65/><AGARI ba="2,0" hai="49,54,57,60,65,68,83,87,88,101,102" m="50218,31264" machi="65" ten="30,4000,0" yaku="19,1,52,1,54,1" doraHai="3" who="2" fromWho="2" sc="271,-22,333,-22,446,44,0,0" /><INIT seed="2,3,0,0,3,54" ten="249,311,490,0" oya="2" hai0="116,94,132,74,102,46,49,53,2,34,129,0,37" hai1="125,64,32,3,78,45,63,97,88,114,52,119,59" hai2="62,80,109,58,90,43,87,85,67,133,33,113,117" hai3=""/><V128/><F117/><T51/><D116/><U92/><E32/><V77/><F113/><T99/><D34/><U72/><E119/><V66/><F33/><T81/><D37/><U122/><N who="1" m="31264" /><U107/><E114/><V106/><F128/><T115/><D115/><U57/><E3/><V126/><F126/><T101/><D129/><U91/><E107/><V69/><F133/><T44/><D132/><U84/><E45/><V65/><F106/><T39/><D39/><U105/><E125/><V124/><F124/><T83/><D101/><U134/><E134/><V93/><F109/><T47/><D47/><U110/><E110/><V40/><REACH who="2" step="1"/><F69/><REACH who="2" ten="249,311,480,0" step="2"/><T68/><D68/><U123/><N who="1" m="31520" /><U111/><E111/><V61/><F61/><T120/><N who="0" m="30752" /><T70/><D70/><U82/><E105/><V108/><F108/><T38/><D38/><U36/><E36/><V35/><F35/><T100/><D2/><U98/><REACH who="1" step="1"/><E91/><REACH who="1" ten="249,301,480,0" step="2"/><V1/><F1/><T112/><D0/><U130/><E130/><V73/><F73/><T48/><D112/><U76/><E76/><V86/><F86/><T60/><D74/><U121/><N who="1" m="31008" /><U118/><E118/><V79/><F79/><T103/><D103/><U75/><E75/><RYUUKYOKU ba="3,2" sc="249,-20,301,10,480,10,0,0" hai1="52,57,59,63,64,72,78,82,84,88,92,97,98" hai2="40,43,58,62,65,66,67,77,80,85,87,90,93" /><INIT seed="2,4,2,4,1,99" ten="229,311,490,0" oya="2" hai0="39,42,40,111,75,97,51,129,67,36,80,85,38" hai1="49,120,102,131,118,107,32,84,56,37,110,106,55" hai2="62,47,76,64,66,71,104,69,116,70,134,105,112" hai3=""/><V48/><F116/><T52/><D75/><U82/><N who="1" m="30752" /><U96/><E32/><V98/><F112/><T119/><D119/><U57/><E118/><V93/><F134/><T122/><N who="0" m="31264" /><T94/><D111/><U73/><E110/><V123/><N who="2" m="31520" /><V61/><F76/><T78/><D67/><U87/><E37/><V132/><F70/><T35/><D129/><U108/><E108/><V101/><REACH who="2" step="1"/><F132/><REACH who="2" ten="229,311,480,0" step="2"/><T115/><D115/><U86/><E131/><V3/><F3/><T88/><REACH who="0" step="1"/><D35/><REACH who="0" ten="219,311,480,0" step="2"/><U92/><E107/><V50/><F50/><T100/><D100/><U128/><E106/><V95/><F95/><T124/><D124/><U65/><E128/><V59/><F59/><AGARI ba="4,4" hai="36,38,39,40,42,51,52,59,78,80,85,88,94,97" m="31264" machi="59" ten="40,8000,1" yaku="1,1,52,1,54,2,53,0" doraHai="99" doraHaiUra="133" who="0" fromWho="2" sc="219,128,311,0,480,-88,0,0" /><INIT seed="4,0,0,2,3,84" ten="347,311,392,0" oya="0" hai0="93,81,52,74,113,47,63,133,97,68,134,119,116" hai1="124,49,72,76,35,33,92,36,107,38,80,53,79" hai2="0,51,109,88,42,37,82,2,114,96,127,94,90" hai3=""/><T83/><D113/><U67/><E107/><V130/><F109/><T91/><D68/><U54/><E124/><V120/><N who="2" m="30752" /><V87/><F114/><T112/><D112/><U89/><E79/><V71/><F127/><T126/><D126/><U56/><E67/><V110/><F110/><T125/><D125/><U98/><REACH who="1" step="1"/><E54/><REACH who="1" ten="347,301,392,0" step="2"/><V41/><F130/><T129/><D129/><U1/><E1/><V100/><F71/><T86/><D119/><U115/><E115/><V132/><F132/><T59/><D116/><U131/><E131/><V66/><F66/><T105/><D134/><U78/><E78/><V73/><F41/><T40/><D133/><U3/><E3/><V62/><F0/><T123/><N who="0" m="31520" /><T117/><D117/><U64/><E64/><V70/><F2/><T57/><D74/><U95/><E95/><V106/><F70/><T60/><D105/><U50/><E50/><V118/><F118/><T85/><D83/><U69/><E69/><V46/><F73/><T43/><D81/><U121/><N who="1" m="31008" /><U77/><E77/><V65/><F106/><T48/><D43/><U34/><AGARI ba="0,1" hai="33,34,35,36,38,49,53,56,72,76,80,89,92,98" m="31008" machi="34" ten="30,5900,0" yaku="1,1,0,1,52,2,53,0" doraHai="84" doraHaiUra="61" who="1" fromWho="1" sc="347,-39,301,69,392,-20,0,0" /><INIT seed="5,0,0,1,1,60" ten="308,370,372,0" oya="1" hai0="71,0,51,44,133,67,73,61,48,39,43,58,120" hai1="34,117,88,76,109,99,107,66,128,93,64,87,81" hai2="131,32,116,132,35,83,82,80,41,33,134,114,79" hai3=""/><U106/><E34/><V63/><F116/><T94/><N who="0" m="30752" /><T126/><D0/><U47/><E117/><V103/><F131/><T77/><D126/><U42/><E128/><V68/><F79/><T56/><D133/><N who="2" m="51306" /><F114/><T38/><D94/><U108/><E106/><V37/><F103/><T2/><D2/><U86/><E107/><V40/><F37/><N who="0" m="13834" /><D77/><U89/><E42/><V105/><F105/><T104/><D73/><U46/><E47/><V59/><F68/><T74/><D74/><U127/><E46/><V96/><F96/><T1/><D1/><U100/><E127/><V110/><F110/><N who="1" m="42601" /><E100/><V52/><AGARI ba="0,0" hai="32,33,35,40,41,52,59,63,80,82,83" m="51306" machi="52" ten="40,2000,0" yaku="20,1,54,1" doraHai="60" who="2" fromWho="2" sc="308,-7,370,-13,372,20,0,0" /><INIT seed="6,0,0,2,1,121" ten="301,357,392,0" oya="2" hai0="111,81,82,125,40,48,36,101,118,115,32,99,94" hai1="42,47,107,71,63,92,122,51,119,129,88,35,89" hai2="78,130,39,77,95,135,57,116,113,91,67,56,69" hai3=""/><V104/><F116/><T108/><D118/><U59/><N who="1" m="31264" /><U34/><E119/><V61/><F104/><T131/><D32/><U50/><E107/><V55/><F39/><T65/><D36/><U54/><E129/><V100/><F100/><T132/><D131/><U79/><E79/><V93/><F130/><T114/><D65/><U73/><E73/><V105/><F105/><T102/><D102/><U87/><REACH who="1" step="1"/><E89/><REACH who="1" ten="301,347,392,0" step="2"/><V103/><F113/><N who="0" m="43018" /><D132/><U106/><E106/><V76/><F135/><T38/><D38/><U112/><E112/><V41/><F103/><T124/><D124/><U2/><E2/><V44/><F91/><T134/><D134/><U45/><E45/><V75/><F75/><T117/><D125/><U72/><E72/><V52/><F44/><T86/><D117/><U126/><E126/><V1/><F1/><T49/><D82/><U46/><E46/><V84/><F78/><T127/><D127/><U68/><E68/><V37/><F69/><T3/><D3/><U90/><E90/><V0/><F77/><T70/><D70/><U53/><E53/><V97/><F52/><T110/><D40/><U96/><E96/><V109/><F41/><T98/><D98/><U58/><E58/><V64/><F56/><RYUUKYOKU ba="0,1" sc="301,10,347,10,392,-20,0,0" hai0="48,49,81,86,94,99,101,108,110,111" hai1="34,35,42,47,50,51,54,59,63,71,87,88,92" /><INIT seed="8,1,1,3,1,130" ten="311,357,372,0" oya="0" hai0="121,49,64,129,104,95,68,37,55,40,71,113,36" hai1="34,128,57,122,35,39,33,103,89,135,99,42,41" hai2="91,44,83,58,114,32,115,52,125,123,51,88,131" hai3=""/><T90/><N who="0" m="31008" /><T107/><D113/><U75/><N who="1" m="31264" /><U0/><E0/><V2/><N who="2" m="31520" /><V70/><F70/><T78/><D129/><U93/><E128/><V119/><F131/><T109/><D109/><U1/><E1/><V86/><F2/><T84/><D78/><U45/><E75/><V80/><F32/><T111/><D111/><U59/><E135/><V61/><F125/><T106/><D40/><U79/><E79/><V73/><F119/><T63/><REACH who="0" step="1"/><D71/><REACH who="0" ten="301,357,372,0" step="2"/><U98/><REACH who="1" step="1"/><E42/><REACH who="1" ten="301,347,372,0" step="2"/><V126/><F126/><T120/><N who="0" m="30752" /><T67/><D67/><U105/><AGARI ba="1,3" hai="33,34,35,39,41,45,57,59,89,93,98,99,103,105" m="31264" machi="105" ten="30,5900,0" yaku="1,1,0,1,52,1,53,1" doraHai="130" doraHaiUra="101" who="1" fromWho="1" sc="301,-40,347,91,372,-21,0,0" owari="261,-34.0,438,39.0,351,-5.0,0,0.0" /></mjloggm>