<mjloggm ver="2.3"><GO type="169" lobby="0"/><UN n0="%E3%81%8B%E3%81%A4%E3%81%A9%E3%82%93" n1="%6F%66" n2="%E5%BD%A9%E4%BA%AC" n3="%E3%81%B4%E3%81%AE%E3%81%93" dan="17,16,17,17" rate="2244.97,2171.57,2204.00,2219.64" sx="F,M,M,M"/><TAIKYOKU oya="0"/><INIT seed="0,0,0,1,1,69" ten="250,250,250,250" oya="0" hai0="85,32,53,54,16,34,96,14,3,46,98,94,70" hai1="23,132,44,97,66,28,89,8,57,71,78,129,36" hai2="6,113,19,100,37,43,50,82,65,104,1,49,22" hai3="135,9,99,52,4,21,92,93,88,30,91,13,118"/><T75/><D75/><U134/><E71/><V55/><F113/><W119/><G135/><T41/><D3/><U26/><E78/><V90/><F65/><W0/><G0/><T68/><D85/><U106/><E8/><V5/><F104/><W123/><G123/><T87/><D87/><U42/><E129/><V40/><F100/><W77/><G77/><T45/><D14/><U105/><E89/><V24/><F1/><W29/><G21/><T110/><D41/><U102/><REACH who="1" step="1"/><E105/><REACH who="1" ten="250,240,250,250" step="2"/><V72/><F90/><W112/><G112/><T108/><REACH who="0" step="1"/><D94/><REACH who="0" ten="240,240,250,250" step="2"/><U67/><E67/><V48/><F72/><W131/><G131/><T38/><D38/><U2/><E2/><V125/><F37/><W86/><G92/><T124/><D124/><U116/><E116/><V35/><F125/><W20/><G119/><T51/><D51/><U111/><E111/><V81/><F50/><W122/><G118/><T121/><D121/><U84/><E84/><V133/><F49/><W11/><G122/><T39/><D39/><U47/><E47/><V115/><F48/><W114/><G114/><T12/><D12/><U80/><E80/><V107/><F82/><W56/><G86/><T130/><D130/><U126/><E126/><V64/><F81/><W62/><G93/><T95/><D95/><U109/><E109/><V101/><F115/><W27/><G13/><T61/><D61/><AGARI ba="0,2" hai="23,26,28,36,42,44,57,61,66,97,102,106,132,134" machi="61" ten="40,2600,0" yaku="1,1,52,1,53,0" doraHai="69" doraHaiUra="74" who="1" fromWho="0" sc="240,-26,240,46,250,0,250,0" /><INIT seed="1,0,0,0,1,86" ten="214,286,250,250" oya="1" hai0="7,103,102,59,31,45,120,4,24,85,135,112,80" hai1="71,44,95,121,88,76,50,93,16,60,3,26,8" hai2="89,63,48,2,67,116,117,126,73,46,128,17,97" hai3="132,19,49,87,124,37,40,125,109,15,134,114,23"/><U5/><E121/><V77/><F2/><W78/><G37/><T52/><D112/><U12/><E76/><V14/><F128/><W129/><G40/><T1/><D120/><U133/><E133/><V66/><F126/><W0/><G78/><T68/><D68/><U99/><E26/><V55/><F73/><W105/><G105/><T106/><D45/><U98/><E71/><V38/><F77/><W10/><G49/><T96/><D103/><U20/><E60/><V25/><F25/><W82/><G82/><T130/><D130/><U41/><E95/><V84/><F97/><AGARI ba="0,0" hai="3,5,8,12,16,20,41,44,50,88,93,97,98,99" machi="97" ten="30,11600,0" yaku="7,1,52,1,54,2" doraHai="86" who="1" fromWho="2" sc="214,0,286,116,250,-116,250,0" /><INIT seed="1,1,0,3,1,49" ten="214,402,134,250" oya="1" hai0="84,120,79,108,13,76,98,12,16,50,118,43,67" hai1="35,89,64,33,78,22,45,96,52,24,46,25,6" hai2="61,126,132,51,59,130,97,14,10,88,85,83,74" hai3="26,36,68,72,42,15,3,101,113,53,87,115,11"/><U55/><E64/><V37/><F130/><W21/><G68/><T91/><D118/><U112/><E112/><V57/><F132/><W90/><G101/><T124/><D108/><U104/><E78/><V128/><F128/><W5/><G42/><T27/><D124/><U81/><E6/><V60/><F126/><W56/><G36/><T1/><D1/><U70/><E70/><V123/><F37/><W20/><G20/><N who="0" m="13703" /><D67/><U44/><E35/><V103/><F74/><W106/><G106/><T122/><D98/><U63/><E63/><V110/><F110/><W86/><G86/><T29/><D29/><U58/><E58/><V34/><F34/><W30/><G3/><T71/><D71/><U99/><E33/><V100/><F123/><N who="0" m="47146" /><D12/><U0/><E0/><V102/><F97/><N who="1" m="37449" /><E104/><V117/><F117/><W82/><REACH who="3" step="1"/><G72/><REACH who="3" ten="214,402,134,240" step="2"/><T9/><D43/><U8/><E8/><V111/><F111/><W133/><G133/><T109/><D109/><U114/><E114/><V135/><F135/><W31/><G31/><T18/><D50/><AGARI ba="1,1" hai="5,11,15,21,26,30,50,53,56,82,87,90,113,115" machi="50" ten="30,3900,0" yaku="1,1,7,1,52,1,53,0" doraHai="49" doraHaiUra="119" who="3" fromWho="0" sc="214,-42,402,0,134,0,240,52" /><INIT seed="2,0,0,5,2,55" ten="172,402,134,292" oya="2" hai0="8,93,21,75,70,36,85,9,123,98,30,121,4" hai1="84,132,112,2,100,58,27,35,64,125,122,50,51" hai2="113,105,18,127,68,106,116,107,53,12,23,99,81" hai3="48,78,40,28,19,95,119,96,63,74,71,44,39"/><V41/><F116/><W65/><G119/><T120/><D75/><U92/><E112/><V114/><F127/><W34/><G74/><T117/><D117/><U115/><E115/><V102/><F68/><W62/><G78/><T24/><D36/><U49/><E2/><V10/><F41/><W73/><G73/><T6/><D70/><U124/><E132/><V47/><F81/><W67/><G34/><T11/><REACH who="0" step="1"/><D85/><REACH who="0" ten="162,402,134,292" step="2"/><U133/><E133/><V25/><F114/><W76/><G39/><T97/><D97/><U42/><E84/><V79/><F113/><W15/><G96/><T20/><D20/><U54/><E125/><V59/><F79/><W111/><G76/><T22/><D22/><U7/><E124/><V32/><F32/><W118/><G71/><T80/><D80/><U134/><E35/><V16/><REACH who="2" step="1"/><F47/><REACH who="2" ten="162,402,124,292" step="2"/><W82/><G44/><T66/><D66/><U91/><E64/><V131/><F131/><W135/><G82/><T13/><D13/><U88/><E134/><V128/><F128/><W29/><G15/><T1/><D1/><U130/><E130/><V101/><F101/><AGARI ba="0,2" hai="4,6,8,9,11,21,24,30,93,98,101,120,121,123" machi="101" ten="50,1600,0" yaku="1,1,53,0" doraHai="55" doraHaiUra="45" who="0" fromWho="2" sc="162,36,402,0,124,-16,292,0" /><INIT seed="3,0,0,4,5,9" ten="198,402,108,292" oya="3" hai0="51,75,65,128,4,28,111,114,42,103,62,82,8" hai1="89,131,53,132,37,125,85,29,124,52,48,100,105" hai2="61,40,99,90,68,11,97,2,120,63,55,20,27" hai3="18,34,110,17,101,76,87,10,23,0,93,44,14"/><W77/><G34/><T1/><D111/><U41/><E131/><V117/><F117/><W5/><G110/><T36/><D128/><U58/><E132/><V115/><F120/><W113/><G113/><T126/><D51/><U38/><E29/><V107/><F115/><W79/><G44/><N who="0" m="23623" /><D114/><U69/><E69/><V102/><F40/><W121/><G121/><T84/><D84/><U98/><E53/><V3/><F63/><W13/><G101/><T54/><D54/><U88/><E89/><V33/><F33/><W67/><G67/><T133/><D28/><U31/><E31/><V108/><F108/><W104/><G104/><T30/><D30/><U35/><E35/><V15/><F97/><W92/><REACH who="3" step="1"/><G87/><REACH who="3" ten="198,402,108,282" step="2"/><T116/><D103/><U119/><E119/><V83/><F107/><W106/><G106/><T96/><D116/><U50/><E124/><V71/><F102/><W19/><G19/><T43/><D126/><U130/><E125/><V80/><F99/><W49/><G49/><T64/><D96/><U45/><REACH who="1" step="1"/><E130/><REACH who="1" ten="198,392,108,282" step="2"/><V118/><F118/><W59/><G59/><T16/><D65/><U134/><E134/><V74/><F71/><W32/><G32/><T129/><D133/><U72/><E72/><V6/><F74/><W78/><N who="3" m="19456" /><DORA hai="109" /><W21/><AGARI ba="0,2" hai="0,5,10,13,14,17,18,21,23,92,93" m="19456" machi="21" ten="40,18000,2" yaku="1,1,4,1,0,1,9,1,52,2,53,0" doraHai="9,109" doraHaiUra="66,26" who="3" fromWho="3" sc="198,-60,392,-60,108,-60,282,200" /><INIT seed="3,1,0,3,2,128" ten="138,332,48,482" oya="3" hai0="46,18,66,96,100,112,33,117,118,88,80,37,79" hai1="31,4,107,91,122,67,86,63,75,8,52,12,98" hai2="41,124,89,54,50,71,42,105,11,70,45,126,32" hai3="1,35,93,92,30,60,40,130,110,24,129,116,0"/><W10/><G116/><T131/><D33/><U22/><E122/><V78/><F32/><W109/><G40/><N who="2" m="15465" /><F105/><W104/><G60/><T101/><D37/><U16/><E75/><V39/><F78/><W77/><G77/><T115/><D46/><U53/><E31/><V120/><F11/><W23/><G104/><N who="0" m="63495" /><D18/><U102/><E91/><V85/><F89/><W49/><G49/><T125/><D66/><U15/><REACH who="1" step="1"/><E86/><REACH who="1" ten="138,322,48,482" step="2"/><V25/><F85/><W87/><G87/><N who="0" m="48543" /><D131/><N who="3" m="50185" /><G93/><T20/><D125/><U103/><E103/><V7/><F120/><W65/><G92/><T28/><D101/><U82/><E82/><V38/><F126/><W134/><G35/><T19/><D28/><U76/><E76/><V84/><F124/><W135/><G65/><T44/><D118/><U43/><E43/><V69/><F84/><W99/><G99/><T5/><D117/><U58/><AGARI ba="1,1" hai="4,8,12,15,16,22,52,53,58,63,67,98,102,107" machi="58" ten="20,8000,1" yaku="1,1,0,1,7,1,54,2,53,0" doraHai="128" doraHaiUra="114" who="1" fromWho="1" sc="138,-21,322,93,48,-21,482,-41" /><INIT seed="4,0,0,3,0,124" ten="117,415,27,441" oya="0" hai0="109,78,88,10,49,27,103,43,61,133,51,64,112" hai1="60,110,87,84,95,59,120,119,76,79,100,57,131" hai2="111,48,55,38,132,44,89,75,18,31,72,22,96" hai3="115,26,21,80,83,40,2,32,99,14,73,1,129"/><T69/><D112/><U41/><E119/><V12/><F111/><W7/><G99/><T107/><D109/><U108/><E120/><V130/><F132/><W101/><G101/><T135/><D78/><U16/><E41/><V28/><F38/><W126/><G83/><T23/><D10/><U3/><E3/><V15/><F75/><W70/><G70/><T0/><D0/><U118/><E118/><V47/><F72/><W77/><G1/><T134/><D43/><U45/><E45/><V82/><F47/><W25/><G25/><T39/><D39/><U5/><E5/><V42/><F42/><W63/><G63/><T9/><D9/><U125/><E125/><V71/><F71/><W29/><G126/><T98/><REACH who="0" step="1"/><D88/><REACH who="0" ten="107,415,27,441" step="2"/><N who="1" m="53639" /><E108/><V50/><F130/><W52/><G40/><T37/><D37/><U122/><E110/><V8/><F50/><W6/><G115/><T33/><D33/><U66/><E79/><V86/><REACH who="2" step="1"/><F96/><REACH who="2" ten="107,415,17,441" step="2"/><W106/><G129/><T4/><D4/><AGARI ba="0,2" hai="4,8,12,15,18,22,28,31,44,48,55,82,86,89" machi="4" ten="30,7700,0" yaku="1,1,2,1,7,1,8,1,53,0" doraHai="124" doraHaiUra="30" who="2" fromWho="0" sc="107,-77,415,0,17,97,441,0" /><INIT seed="5,0,0,0,2,72" ten="30,415,114,441" oya="1" hai0="93,124,25,118,49,75,74,31,5,39,112,33,120" hai1="1,71,36,23,63,85,64,113,40,133,129,53,14" hai2="91,34,122,68,41,115,44,58,27,82,135,38,66" hai3="18,65,24,110,6,132,106,20,88,134,70,0,87"/><U12/><E1/><V119/><F122/><W55/><G110/><T99/><D118/><U131/><E113/><V83/><F119/><W61/><G106/><T116/><D116/><U76/><E133/><N who="3" m="51306" /><G55/><T128/><D39/><U108/><E108/><V81/><F135/><W22/><G22/><T46/><D112/><U51/><E40/><V109/><F109/><W123/><G123/><T56/><D120/><U103/><E103/><V90/><F68/><W13/><G6/><T7/><D128/><N who="1" m="49227" /><E36/><V96/><F115/><W19/><G0/><T32/><D32/><U111/><E111/><V60/><F34/><W37/><G37/><T97/><D124/><U94/><E94/><V59/><F27/><W45/><G45/><T102/><D33/><U47/><E23/><V54/><F96/><W73/><G73/><T69/><D99/><U48/><E51/><V62/><AGARI ba="0,0" hai="38,41,44,54,58,59,60,62,66,81,82,83,90,91" machi="62" ten="30,1100,0" yaku="0,1" doraHai="72" who="2" fromWho="2" sc="30,-3,415,-5,114,11,441,-3" /><INIT seed="6,0,0,1,5,133" ten="27,410,125,438" oya="2" hai0="99,17,84,89,109,111,60,108,38,63,96,23,45" hai1="124,58,50,10,93,6,71,35,83,102,126,37,22" hai2="47,77,51,118,95,36,41,135,48,105,97,110,92" hai3="121,52,66,28,27,131,29,82,119,1,21,30,68"/><V2/><F118/><W81/><G68/><T112/><D38/><U32/><E71/><V88/><F2/><W39/><G39/><T49/><D112/><U64/><E37/><V106/><F135/><W42/><G1/><T120/><D120/><U26/><E83/><V31/><F110/><W44/><G121/><T128/><D128/><U113/><E113/><V123/><F123/><W57/><G66/><T14/><D99/><N who="1" m="59759" /><E10/><V19/><F77/><W90/><G90/><T80/><REACH who="0" step="1"/><D96/><REACH who="0" ten="17,410,125,438" step="2"/><U16/><E6/><V65/><F36/><W40/><G131/><T69/><D69/><U3/><E3/><V87/><F97/><W55/><G119/><T76/><D76/><U94/><E94/><V54/><F95/><W100/><G81/><T20/><D20/><U5/><E5/><V4/><F4/><W0/><G21/><T91/><D91/><U34/><E35/><V125/><F88/><W98/><G82/><T7/><D7/><U129/><E129/><V101/><F92/><W107/><G98/><T104/><D104/><U67/><E34/><V85/><F106/><W9/><G107/><T24/><D24/><U18/><E32/><V130/><F105/><W8/><G27/><T62/><D62/><U73/><E26/><V53/><F130/><W13/><G0/><T12/><D12/><U70/><E22/><V132/><F132/><W59/><G13/><T56/><D56/><U86/><E70/><V122/><F122/><W134/><G134/><T116/><D116/><U46/><E58/><V74/><F101/><W61/><G100/><T103/><D103/><RYUUKYOKU ba="0,1" sc="17,30,410,-10,125,-10,438,-10" hai0="14,17,23,45,49,60,63,80,84,89,108,109,111" /><INIT seed="7,1,1,3,4,103" ten="47,400,115,428" oya="3" hai0="26,37,50,94,51,81,29,83,122,32,38,70,63" hai1="53,15,61,28,48,45,72,24,30,64,44,119,121" hai2="62,130,6,129,85,17,102,73,75,69,54,39,128" hai3="112,107,57,117,79,31,66,110,106,55,59,92,35"/><W12/><G117/><T80/><D122/><U97/><E121/><V11/><F39/><W8/><G35/><T18/><D38/><U23/><E72/><V20/><F102/><W56/><G31/><T74/><D37/><U86/><E119/><V78/><F85/><W52/><G66/><T27/><D74/><U116/><E116/><V60/><F78/><W126/><G112/><T108/><D108/><U43/><E30/><V118/><F118/><W68/><G68/><T34/><D94/><U120/><E120/><V113/><F113/><W49/><G126/><T47/><D47/><U36/><E86/><V2/><F60/><W4/><G110/><T58/><D70/><U40/><E97/><V131/><F129/><W41/><G79/><T115/><D115/><U22/><E15/><N who="2" m="9279" /><F54/><W93/><G41/><T76/><D76/><U21/><REACH who="1" step="1"/><E43/><REACH who="1" ten="47,390,115,428" step="2"/><V65/><AGARI ba="1,2" hai="2,6,11,62,65,69,73,75,128,130,131" m="9279" machi="65" ten="40,1500,0" yaku="19,1" doraHai="103" who="2" fromWho="2" sc="47,-5,390,-5,115,38,428,-8" owari="42,-46.0,385,19.0,153,-25.0,420,52.0" /></mjloggm>