<mjloggm ver="2.3"><GO type="225" lobby="0"/><UN n0="%E9%B3%B3%E6%9D%B1%E3%81%AE%E3%81%86%E3%81%95%E3%81%8E%E3%81%95%E3%82%93" n1="%E9%81%85%E5%88%BB%E3%81%AE%E3%83%97%E3%83%AA%E3%83%B3%E3%82%B9%E2%99%AA" n2="%E5%B7%A5%E8%97%A4%E6%96%B0%E4%B8%80" n3="%E3%83%94%E3%82%B3%E3%83%9E%E3%82%B9%E3%83%86%E3%82%A3%E3%83%95" dan="18,16,16,17" rate="2110.30,2152.51,2109.12,2183.67" sx="F,F,M,M"/><TAIKYOKU oya="0"/><INIT seed="0,0,0,2,3,77" ten="250,250,250,250" oya="0" hai0="32,133,33,103,37,53,49,51,79,102,85,30,28" hai1="135,98,127,119,73,15,91,14,88,26,94,125,100" hai2="114,106,31,17,65,2,62,86,66,55,56,82,38" hai3="7,29,112,1,115,92,54,11,63,60,40,5,50"/><T101/><D133/><U10/><E119/><V58/><F114/><W131/><G29/><N who="0" m="11371" /><D37/><U3/><E135/><V121/><F121/><W117/><G117/><T9/><D79/><U35/><E73/><V47/><F106/><W99/><G131/><T34/><D85/><U20/><E35/><N who="0" m="8961" /><T61/><DORA hai="67" /><D61/><U126/><E3/><V46/><F2/><W8/><G40/><T25/><D53/><U96/><E10/><V24/><F17/><W52/><G50/><N who="0" m="18955" /><D9/><U93/><REACH who="1" step="1"/><E100/><REACH who="1" ten="250,240,250,250" step="2"/><N who="0" m="25601" /><T89/><DORA hai="75" /><D89/><U68/><E68/><V41/><F38/><W95/><G1/><T21/><D21/><U105/><E105/><V123/><F123/><W120/><G120/><T48/><N who="0" m="18963" /><T23/><DORA hai="59" /><D23/><U0/><E0/><V134/><F134/><W130/><G11/><T129/><D129/><U4/><E4/><V122/><F122/><W39/><G8/><T110/><D110/><U128/><E128/><V109/><F109/><W36/><G130/><T27/><AGARI ba="0,1" hai="25,27" m="25601,18963,8961,11371" machi="27" ten="60,12000,1" yaku="27,2,28,2" doraHai="77,67,75,59" who="0" fromWho="0" sc="250,130,240,-40,250,-40,250,-40" /><INIT seed="0,1,0,5,4,30" ten="380,200,210,210" oya="0" hai0="48,29,90,118,56,9,98,102,116,77,122,53,121" hai1="6,27,130,16,75,5,4,125,93,89,95,46,91" hai2="22,108,109,74,131,84,32,68,38,94,14,58,52" hai3="59,115,79,50,25,62,1,40,128,15,82,107,45"/><T49/><D77/><U83/><E125/><V24/><F131/><W54/><G115/><T47/><D29/><U124/><E124/><V51/><F74/><W12/><G1/><T26/><D26/><U42/><E130/><V123/><F123/><N who="0" m="47114" /><D90/><N who="1" m="34315" /><E75/><V86/><F68/><W117/><G128/><T69/><D9/><U134/><E134/><V57/><F38/><W17/><G107/><T8/><D8/><U100/><E83/><V13/><F32/><W19/><G117/><N who="0" m="45163" /><D102/><U66/><E66/><V88/><F58/><W67/><G19/><T36/><D98/><N who="1" m="59471" /><E95/><V119/><F84/><W23/><REACH who="3" step="1"/><G67/><REACH who="3" ten="380,200,210,200" step="2"/><T28/><D28/><U10/><E6/><V34/><F119/><W127/><G127/><T65/><D65/><U71/><E5/><V126/><F126/><W104/><G104/><T21/><D69/><U39/><E71/><V35/><F108/><W43/><G43/><N who="0" m="23015" /><D21/><U92/><E4/><V11/><F109/><W112/><G112/><T132/><D132/><U133/><E133/><V111/><F111/><W44/><G44/><T72/><D72/><AGARI ba="1,1" hai="12,15,17,23,25,40,45,50,54,59,62,72,79,82" machi="72" ten="30,2000,0" yaku="1,1,7,1,53,0" doraHai="30" doraHaiUra="63" who="3" fromWho="0" sc="380,-23,200,0,210,0,200,33" /><BYE who="0" /><UN n0="%E9%B3%B3%E6%9D%B1%E3%81%AE%E3%81%86%E3%81%95%E3%81%8E%E3%81%95%E3%82%93" /><INIT seed="1,0,0,4,0,76" ten="357,200,210,233" oya="1" hai0="84,82,23,129,90,5,33,62,71,43,132,54,2" hai1="81,9,65,100,41,20,18,25,30,123,13,127,101" hai2="57,29,44,40,103,58,78,115,125,73,70,12,45" hai3="15,17,109,46,88,24,120,122,126,89,3,116,1"/><U48/><E123/><V95/><F125/><W131/><G126/><T121/><D121/><U61/><E127/><V69/><F115/><W104/><G104/><T66/><D33/><U27/><E27/><V83/><F29/><W67/><G67/><T98/><D129/><U102/><E81/><V64/><F12/><W106/><G106/><T49/><D132/><U80/><E80/><V133/><F133/><W119/><G131/><T108/><D108/><U99/><E48/><V117/><F117/><N who="3" m="45131" /><G109/><T19/><D43/><U59/><REACH who="1" step="1"/><E41/><REACH who="1" ten="357,190,210,233" step="2"/><V35/><F40/><W87/><G24/><T111/><D111/><U97/><AGARI ba="0,1" hai="9,13,18,20,25,30,59,61,65,97,99,100,101,102" machi="97" ten="30,11700,0" yaku="1,1,2,1,0,1,8,1,53,0" doraHai="76" doraHaiUra="31" who="1" fromWho="1" sc="357,-39,190,127,210,-39,233,-39" /><INIT seed="1,1,0,4,1,111" ten="318,317,171,194" oya="1" hai0="61,89,103,22,3,134,102,98,46,40,59,76,44" hai1="57,135,0,7,55,41,64,18,96,74,86,130,66" hai2="9,28,104,67,26,35,30,33,47,36,5,113,126" hai3="34,121,123,109,87,133,120,112,132,94,125,43,49"/><U27/><E74/><V48/><F126/><W95/><G34/><T106/><D3/><U12/><E130/><V1/><F104/><W69/><G69/><T24/><D134/><N who="3" m="51817" /><G125/><T100/><D76/><U128/><E128/><V56/><F36/><W122/><N who="3" m="30720" /><DORA hai="124" /><W91/><G109/><T116/><D116/><U77/><E135/><V115/><F56/><W114/><G43/><T72/><D72/><U129/><E129/><V8/><F67/><W99/><G49/><T65/><D89/><AGARI ba="1,0" hai="87,89,91,94,95,99,112,114" m="30720,51817" machi="89" ten="60,8000,1" yaku="20,1,34,2,52,2" doraHai="111,124" who="3" fromWho="0" sc="318,-83,317,0,171,0,194,83" /><INIT seed="2,0,0,1,2,37" ten="235,317,171,277" oya="2" hai0="15,111,71,63,47,21,48,114,129,13,62,107,64" hai1="30,44,56,98,82,41,130,109,45,124,42,112,89" hai2="118,68,17,33,106,58,22,115,88,24,67,34,85" hai3="51,25,104,39,84,75,86,83,76,28,79,74,4"/><V105/><F115/><W125/><G39/><T110/><D114/><U116/><E112/><V119/><F68/><W91/><G104/><T31/><D107/><U12/><E116/><V73/><F73/><W14/><G125/><T1/><D1/><U6/><E124/><V5/><F5/><W2/><G2/><T92/><D63/><U29/><E109/><N who="0" m="41481" /><D129/><U60/><E130/><V3/><F3/><W70/><G70/><T69/><D69/><U101/><E45/><V10/><F105/><W97/><G97/><T46/><D92/><N who="1" m="58567" /><E44/><N who="0" m="16937" /><D48/><U131/><E131/><V100/><F10/><N who="3" m="4423" /><G51/><T135/><D135/><U7/><E89/><V128/><F128/><W54/><G54/><T80/><D80/><U127/><E82/><V113/><F113/><W8/><G8/><T50/><D50/><U93/><E93/><V11/><F11/><W40/><G75/><T26/><AGARI ba="0,0" hai="13,15,21,26,31,62,64,71" m="16937,41481" machi="26" ten="30,1100,0" yaku="14,1" doraHai="37" who="0" fromWho="0" sc="235,11,317,-3,171,-5,277,-3" /><INIT seed="3,0,0,0,4,91" ten="246,314,166,274" oya="3" hai0="52,88,130,3,95,106,60,5,127,77,69,21,99" hai1="54,61,38,9,82,37,7,104,23,26,46,2,12" hai2="65,63,101,76,72,25,128,120,89,86,113,47,92" hai3="80,83,79,133,50,34,41,27,115,81,59,22,129"/><W40/><G115/><T134/><D130/><U87/><E104/><V18/><F128/><W68/><G68/><T107/><D134/><U119/><E2/><V100/><F113/><W48/><G34/><T10/><D127/><U16/><E119/><V29/><F120/><W97/><G129/><T109/><D109/><U28/><E28/><V56/><F18/><W6/><G6/><T114/><D114/><U125/><E125/><V124/><F124/><W93/><G79/><T94/><D77/><U103/><E103/><V110/><F110/><W111/><G133/><T85/><D21/><U66/><E54/><V75/><F47/><W112/><G112/><T51/><D60/><U49/><E49/><N who="3" m="19050" /><G59/><T71/><D106/><U102/><E102/><V67/><F67/><W36/><G36/><T117/><D107/><U74/><E74/><V17/><F17/><N who="3" m="12751" /><G111/><T39/><D39/><U35/><E35/><V15/><F15/><W33/><G33/><T32/><D32/><U84/><E84/><V98/><F76/><W118/><G118/><T55/><D117/><U30/><E7/><V73/><REACH who="2" step="1"/><F86/><REACH who="2" ten="246,314,156,274" step="2"/><W105/><G40/><T45/><D55/><U31/><E46/><V43/><F43/><W121/><G41/><T4/><D4/><U62/><E12/><V57/><F57/><W42/><G42/><T19/><D19/><U53/><E16/><V90/><F90/><AGARI ba="0,1" hai="3,5,10,45,51,52,69,71,85,88,90,94,95,99" machi="90" ten="30,8000,1" yaku="7,1,52,2,54,2" doraHai="91" who="0" fromWho="2" sc="246,90,314,0,156,-80,274,0" owari="336,44.0,314,11.0,76,-42.0,274,-13.0" /></mjloggm>