<mjloggm ver="2.3"><GO type="225" lobby="0"/><UN n0="%E3%82%B7%E3%83%A5%E3%83%9E%E3%82%A4%E3%82%B1%E3%83%AB" n1="%E9%B3%B3%E6%9D%B1%E3%81%AE%E3%81%86%E3%81%95%E3%81%8E%E3%81%95%E3%82%93" n2="%E8%91%B5%E3%81%A1%E3%82%83%E3%82%93" n3="%E5%B7%A5%E8%97%A4%E6%96%B0%E4%B8%80" dan="16,18,16,16" rate="2148.26,2112.22,2136.66,2115.05" sx="M,F,F,M"/><TAIKYOKU oya="0"/><INIT seed="0,0,0,3,0,18" ten="250,250,250,250" oya="0" hai0="103,19,1,41,43,126,93,3,79,52,86,24,8" hai1="101,4,98,116,51,36,67,97,20,70,35,104,53" hai2="112,65,47,110,108,5,84,109,63,22,78,54,85" hai3="131,115,102,69,7,44,128,10,32,11,123,48,29"/><T28/><D126/><U134/><E134/><V125/><F112/><W9/><G69/><T91/><D103/><U87/><E116/><V96/><F125/><W119/><G115/><T132/><D132/><U64/><E36/><V45/><F5/><W111/><G111/><T15/><D79/><U82/><E35/><V25/><F96/><W100/><G119/><T74/><D74/><U105/><E4/><V89/><F78/><W56/><G123/><T14/><D1/><U26/><E104/><V66/><F66/><W95/><G56/><T62/><D3/><U59/><E97/><V83/><F85/><W6/><G29/><T40/><D15/><U13/><E13/><V2/><F2/><W124/><G32/><T113/><D113/><U122/><E70/><N who="2" m="42303" /><F54/><N who="3" m="29959" /><G124/><T37/><D37/><U50/><E50/><V61/><F61/><W33/><G33/><T57/><REACH who="0" step="1"/><D43/><REACH who="0" ten="240,250,250,250" step="2"/><U23/><E122/><V77/><F77/><W135/><G135/><T31/><D31/><AGARI ba="0,1" hai="22,25,31,45,47,83,84,89,108,109,110" m="42303" machi="31" ten="30,2000,0" yaku="14,1,52,1" doraHai="18" who="2" fromWho="0" sc="240,-20,250,0,250,30,250,0" /><INIT seed="1,0,0,2,0,125" ten="220,250,280,250" oya="1" hai0="119,9,55,2,27,103,59,135,22,105,43,87,10" hai1="101,108,68,30,23,45,41,112,67,117,81,84,12" hai2="63,93,96,116,58,124,134,7,72,50,36,109,8" hai3="131,88,71,61,104,52,62,28,86,70,56,107,26"/><U69/><E112/><V48/><F36/><W42/><G131/><T92/><D119/><U79/><E117/><V60/><F116/><W98/><G42/><T49/><D135/><U15/><E108/><V130/><F134/><W29/><G29/><T38/><D105/><U97/><E30/><V85/><F124/><W132/><G132/><T20/><D2/><U51/><E67/><V21/><F72/><W73/><G73/><T57/><D38/><U25/><E25/><V11/><F109/><W95/><G62/><T106/><D43/><U13/><REACH who="1" step="1"/><E23/><REACH who="1" ten="220,240,280,250" step="2"/><V33/><F21/><W64/><G64/><T122/><D22/><U114/><E114/><V110/><F110/><W77/><G70/><T31/><D122/><U75/><E75/><V78/><F33/><W76/><G71/><T83/><D31/><U46/><E46/><V133/><F133/><W89/><G26/><T16/><D27/><U34/><E34/><V127/><F127/><W65/><G65/><T3/><D20/><U90/><E90/><V100/><F78/><W4/><G28/><T24/><D24/><U120/><E120/><V37/><F100/><W126/><G126/><T94/><D103/><U121/><E121/><V118/><F118/><W91/><G91/><T99/><D106/><AGARI ba="0,1" hai="12,13,15,41,45,51,68,69,79,81,84,97,101,106" machi="106" ten="40,2000,0" yaku="1,1,53,0" doraHai="125" doraHaiUra="113" who="1" fromWho="0" sc="220,-20,240,30,280,0,250,0" /><INIT seed="1,1,0,5,4,60" ten="200,270,280,250" oya="1" hai0="30,108,106,72,38,97,114,134,54,69,50,102,121" hai1="74,85,31,88,40,73,11,63,8,117,16,123,89" hai2="20,75,101,4,116,82,113,36,15,35,17,21,6" hai3="100,76,33,86,24,64,25,34,90,27,93,111,14"/><U57/><E117/><V87/><F116/><W12/><G111/><T129/><RYUUKYOKU type="yao9" ba="1,0" sc="200,0,270,0,280,0,250,0" hai0="30,38,50,54,69,72,97,102,106,108,114,121,129,134" /><INIT seed="1,2,0,0,0,127" ten="200,270,280,250" oya="1" hai0="7,17,18,86,90,132,78,46,14,110,94,39,76" hai1="70,109,63,124,105,22,53,65,26,21,64,81,115" hai2="93,69,11,121,74,1,48,28,80,113,125,83,116" hai3="50,84,52,47,89,16,131,61,58,95,77,129,15"/><U33/><E115/><V72/><F116/><W119/><G77/><T5/><D110/><U100/><E124/><V59/><F69/><W98/><G119/><T23/><D132/><U20/><E109/><V40/><F121/><W96/><G96/><T85/><D39/><U122/><E122/><V55/><F28/><W134/><G98/><T43/><D86/><U41/><E41/><V82/><F125/><W3/><G3/><T57/><D57/><U71/><E81/><V36/><F113/><W111/><G134/><T101/><D101/><U60/><E53/><V73/><F93/><W133/><G133/><T108/><D108/><U45/><E45/><V42/><F36/><W44/><G111/><T29/><D29/><N who="1" m="19639" /><E22/><V10/><F1/><W102/><G102/><T128/><D128/><N who="3" m="49225" /><G61/><T120/><D120/><U106/><E106/><V19/><F73/><W130/><N who="3" m="49233" /><W51/><DORA hai="87" /><G51/><T34/><D34/><U12/><E12/><V37/><F72/><W107/><G107/><T38/><REACH who="0" step="1"/><D18/><REACH who="0" ten="190,270,280,250" step="2"/><U114/><E114/><V49/><F74/><W13/><G13/><T118/><D118/><U135/><E135/><V99/><F37/><W117/><G117/><T91/><D91/><U92/><E100/><V35/><F19/><W0/><G0/><T75/><D75/><U56/><E71/><V123/><F123/><W6/><G6/><AGARI ba="2,1" hai="5,6,7,14,17,23,38,43,46,76,78,85,90,94" machi="6" ten="40,5200,0" yaku="1,1,52,1,53,1" doraHai="127,87" doraHaiUra="68,30" who="0" fromWho="3" sc="190,68,270,0,280,0,250,-58" /><INIT seed="2,0,0,5,3,41" ten="258,270,280,192" oya="2" hai0="54,43,51,62,111,78,5,122,134,90,94,61,55" hai1="96,12,44,116,42,100,31,83,64,118,29,131,82" hai2="18,105,35,39,135,108,91,11,73,112,37,124,125" hai3="132,115,34,69,0,67,107,98,109,8,28,75,20"/><V19/><F112/><W3/><G109/><T97/><D111/><U22/><E131/><V2/><F108/><W103/><G132/><T93/><D122/><U47/><E64/><V85/><F135/><W89/><G115/><T33/><D33/><U60/><E60/><V13/><F73/><W88/><G20/><T57/><D134/><U45/><E42/><V81/><F105/><W133/><G75/><T130/><D130/><U66/><E66/><V86/><F35/><W106/><G106/><T53/><D78/><U71/><E71/><V36/><F2/><W14/><G133/><T70/><D70/><U114/><E114/><V77/><REACH who="2" step="1"/><F18/><REACH who="2" ten="258,270,270,192" step="2"/><W63/><G3/><T1/><D1/><U26/><E29/><V129/><F129/><W123/><G0/><T25/><D5/><U74/><E74/><V79/><F79/><W110/><G110/><T68/><D68/><U120/><E120/><V59/><F59/><W99/><G123/><T121/><D121/><U46/><N who="1" m="11264" /><DORA hai="127" /><U32/><E118/><V15/><F15/><W27/><REACH who="3" step="1"/><G98/><REACH who="3" ten="258,270,270,182" step="2"/><T128/><D128/><U4/><E116/><V23/><F23/><W92/><G92/><AGARI ba="0,2" hai="11,13,19,36,37,39,77,81,85,86,91,92,124,125" machi="92" ten="40,2000,0" yaku="1,1,53,0" doraHai="41,127" doraHaiUra="40,17" who="2" fromWho="3" sc="258,0,270,0,270,40,182,-20" /><INIT seed="2,1,0,2,5,39" ten="258,270,310,162" oya="2" hai0="29,67,105,78,71,134,37,38,74,98,25,17,79" hai1="49,131,111,123,109,24,44,61,128,9,107,45,85" hai2="100,48,15,63,11,14,125,122,76,113,6,32,8" hai3="19,10,83,94,124,86,54,95,0,69,120,115,3"/><V42/><F42/><W53/><G124/><T112/><D17/><U26/><E107/><V135/><F113/><W12/><G120/><T18/><D18/><U129/><E85/><V30/><F122/><W92/><G69/><T36/><D134/><U119/><E123/><V40/><F135/><W87/><G115/><T22/><D112/><U2/><E119/><V126/><F76/><W114/><G114/><T96/><D79/><U127/><E127/><N who="2" m="48651" /><F100/><W60/><G87/><T68/><D98/><U88/><E61/><V52/><F40/><W121/><G121/><T55/><D55/><U84/><E2/><V118/><F63/><W51/><G60/><T117/><D117/><U101/><E9/><V5/><F30/><W80/><G80/><T108/><D108/><N who="1" m="41547" /><E101/><V34/><F118/><W102/><G102/><N who="0" m="62663" /><D22/><U82/><E44/><AGARI ba="1,0" hai="5,6,8,11,14,15,32,34,44,48,52" m="48651" machi="44" ten="30,2900,0" yaku="18,1,54,1" doraHai="39" who="2" fromWho="1" sc="258,0,270,-32,310,32,162,0" /><INIT seed="2,2,0,1,3,26" ten="258,238,342,162" oya="2" hai0="81,110,96,87,128,12,63,114,120,91,88,14,95" hai1="59,90,69,46,126,15,108,71,112,101,57,23,20" hai2="25,17,11,56,2,48,7,44,133,107,33,70,50" hai3="77,42,103,130,78,67,31,43,16,111,61,99,58"/><V134/><F107/><W5/><G111/><T19/><D114/><U123/><E112/><V94/><F70/><W55/><G130/><T0/><D0/><U83/><E108/><V54/><F94/><W85/><G5/><T52/><D110/><U24/><E126/><V1/><F1/><W41/><G31/><T92/><D128/><U75/><E123/><V21/><REACH who="2" step="1"/><F33/><REACH who="2" ten="258,238,332,162" step="2"/><W51/><G85/><T35/><D120/><U32/><E69/><V127/><F127/><W116/><G116/><T62/><D35/><U68/><E71/><V64/><F64/><W34/><G34/><T8/><D95/><U39/><E68/><V72/><F72/><W115/><G115/><T27/><D27/><U36/><E75/><V18/><F18/><W97/><G16/><T132/><D132/><U121/><E121/><V49/><F49/><W10/><G51/><T65/><D65/><U104/><E32/><V4/><F4/><W98/><G67/><T73/><D73/><U105/><E104/><V118/><F118/><W93/><G10/><T117/><D117/><U37/><E105/><V47/><F47/><W131/><REACH who="3" step="1"/><G131/><REACH who="3" ten="258,238,332,152" step="2"/><T109/><D109/><U80/><E39/><V38/><F38/><W89/><G89/><T84/><D87/><U102/><E37/><V74/><F74/><W125/><G125/><T9/><REACH who="0" step="1"/><D52/><AGARI ba="2,2" hai="2,7,11,17,21,25,44,48,50,52,54,56,133,134" machi="52" ten="40,3900,0" yaku="1,1,54,1,53,0" doraHai="26" doraHaiUra="28" who="2" fromWho="0" sc="258,-45,238,0,332,65,152,0" /><INIT seed="2,3,0,0,5,83" ten="213,238,397,152" oya="2" hai0="108,134,69,91,126,30,28,57,40,123,50,104,92" hai1="90,86,12,61,0,85,68,113,55,36,23,73,102" hai2="129,27,120,54,77,100,103,74,80,64,6,11,79" hai3="72,65,46,19,48,128,24,8,130,122,1,45,16"/><V125/><F120/><W78/><G122/><T33/><D108/><U109/><E113/><V39/><F39/><W70/><G70/><T25/><D104/><U101/><E73/><V118/><F118/><W59/><G78/><T49/><D69/><U84/><E0/><V132/><F125/><W95/><G72/><T88/><D123/><U110/><E36/><V111/><F111/><N who="1" m="42505" /><E90/><V14/><F129/><N who="3" m="49771" /><G95/><T76/><D134/><U114/><E114/><V44/><F79/><W2/><G65/><T7/><D126/><U35/><E35/><V29/><F64/><W31/><G59/><T127/><D127/><U17/><E55/><V133/><F133/><W34/><G45/><T135/><D76/><U43/><E43/><V105/><F105/><W58/><G58/><T99/><D135/><U62/><E62/><V131/><F131/><W37/><G37/><T15/><D30/><U106/><E106/><V94/><F54/><N who="3" m="29975" /><G8/><T116/><D116/><U10/><E10/><V38/><F11/><W89/><G89/><T52/><D40/><U21/><E23/><V41/><F38/><W63/><G63/><T5/><D15/><U4/><E4/><V32/><F6/><W107/><G107/><T13/><D13/><U60/><E60/><V66/><F14/><W42/><G42/><T117/><D117/><U124/><E124/><V47/><F41/><W119/><G119/><T81/><REACH who="0" step="1"/><D50/><REACH who="0" ten="203,238,397,152" step="2"/><U98/><E98/><N who="2" m="59479" /><F132/><W87/><G87/><AGARI ba="3,1" hai="5,7,25,28,33,49,52,57,81,87,88,91,92,99" machi="87" ten="40,8000,1" yaku="1,1,52,1,54,2,53,1" doraHai="83" doraHaiUra="20" who="0" fromWho="3" sc="203,99,238,0,397,0,152,-89" /><INIT seed="3,0,0,2,1,43" ten="302,238,397,63" oya="3" hai0="119,130,82,129,92,111,29,103,25,17,59,110,93" hai1="132,47,91,121,8,44,41,34,124,7,2,21,87" hai2="28,42,118,95,115,108,52,69,116,38,27,120,70" hai3="97,123,85,1,30,105,57,88,13,11,33,74,101"/><W14/><G123/><T53/><D17/><U6/><E132/><V114/><F95/><W71/><G74/><T76/><D53/><U26/><E124/><V122/><F108/><N who="0" m="41514" /><D59/><U18/><E121/><N who="2" m="46699" /><F42/><W50/><G71/><N who="2" m="27145" /><F52/><W89/><G1/><T16/><D16/><N who="1" m="12583" /><E34/><N who="2" m="20767" /><F38/><W73/><G73/><N who="0" m="43279" /><D25/><U36/><E36/><V109/><F109/><W4/><G14/><T127/><D29/><U65/><E65/><V112/><AGARI ba="0,0" hai="112,114,115,116,118" m="20767,27145,46699" machi="112" ten="40,2700,0" yaku="13,1,23,1" doraHai="43" who="2" fromWho="2" sc="302,-7,238,-7,397,27,63,-13" owari="295,10.0,231,-17.0,424,52.0,50,-45.0" /></mjloggm>