<mjloggm ver="2.3"><GO type="185" lobby="0"/><UN n0="%E3%81%BA%E3%82%93%E3%81%8E%E3%82%93%E3%81%95%E3%82%93" n1="%E5%A4%9A%E6%9E%97%E6%99%8B" n2="%E3%82%8A%E3%82%80%E3%82%8B" n3="" dan="16,16,16,0" rate="2105.25,2210.21,2165.39,1500.00" sx="F,M,M,C"/><TAIKYOKU oya="0"/><INIT seed="0,0,0,1,0,94" ten="350,350,350,0" oya="0" hai0="55,126,58,109,78,53,110,87,71,127,41,36,35" hai1="45,111,79,129,130,96,95,105,89,59,77,106,42" hai2="75,47,118,83,62,48,3,54,132,116,115,93,67" hai3=""/><T107/><D35/><U134/><E134/><V123/><N who="2" m="31520" /><V43/><F115/><T98/><D71/><U65/><E111/><N who="0" m="42505" /><D36/><U124/><E124/><N who="0" m="47657" /><D41/><U91/><E65/><V102/><F3/><T73/><D73/><U2/><E59/><V103/><F132/><T66/><D66/><U40/><E42/><V128/><F128/><N who="1" m="49257" /><E2/><V119/><F43/><T99/><D107/><N who="1" m="40971" /><E45/><V69/><F93/><T50/><D55/><U97/><E40/><V72/><F72/><T88/><D78/><AGARI ba="0,0" hai="47,48,54,62,67,69,75,78,83,102,103,116,118,119" m="31520" machi="78" ten="40,2600,0" yaku="12,1,52,1" doraHai="94" who="2" fromWho="0" sc="350,-26,350,0,350,26,0,0" /><INIT seed="1,0,0,2,2,92" ten="324,350,376,0" oya="1" hai0="74,42,1,3,88,110,56,99,96,2,87,53,61" hai1="68,101,126,49,116,57,90,39,67,112,60,70,133" hai2="85,91,32,71,76,47,50,81,35,130,59,129,65" hai3=""/><U43/><E116/><V132/><F132/><T134/><D134/><U124/><E112/><V111/><F71/><T78/><D110/><U103/><E133/><V107/><F107/><T48/><D74/><U83/><E39/><V41/><F111/><T38/><D78/><U128/><E128/><N who="2" m="49259" /><F76/><T97/><D38/><U125/><E43/><V108/><F108/><T106/><D42/><U114/><E114/><V113/><F113/><T82/><REACH who="0" step="1"/><D61/><AGARI ba="0,0" hai="32,35,41,47,50,59,61,65,81,85,91" m="49259" machi="61" ten="30,1000,0" yaku="19,1" doraHai="92" who="2" fromWho="0" sc="324,-10,350,0,376,10,0,0" /><INIT seed="2,0,0,5,3,95" ten="314,350,386,0" oya="2" hai0="111,109,134,93,89,35,114,100,94,124,47,123,132" hai1="101,79,41,99,72,80,82,43,75,116,63,76,96" hai2="133,77,62,103,59,91,97,110,126,54,42,83,118" hai3=""/><V1/><F118/><T84/><N who="0" m="31520" /><T113/><D35/><U104/><E116/><V32/><F32/><T81/><D47/><U39/><E39/><V117/><F117/><T40/><D40/><U66/><REACH who="1" step="1"/><E96/><REACH who="1" ten="314,340,386,0" step="2"/><V3/><F133/><T56/><D132/><U106/><E106/><V102/><F126/><T53/><D124/><U50/><E50/><V0/><F110/><T70/><D134/><U34/><E34/><V44/><F97/><T2/><D2/><U98/><E98/><V121/><N who="2" m="31008" /><V87/><REACH who="2" step="1"/><F77/><REACH who="2" ten="314,340,376,0" step="2"/><T105/><D109/><U58/><AGARI ba="0,2" hai="41,43,58,63,66,72,75,76,79,80,82,99,101,104" machi="58" ten="20,6000,1" yaku="1,1,0,1,7,1,9,1,52,1,53,0" doraHai="95" doraHaiUra="67" who="1" fromWho="1" sc="314,-20,340,80,376,-40,0,0" /><INIT seed="4,0,0,0,4,37" ten="294,420,336,0" oya="0" hai0="134,75,128,105,91,69,94,100,73,87,71,39,130" hai1="83,44,98,76,109,1,0,117,56,103,108,59,78" hai2="55,107,72,112,60,132,50,89,80,92,38,2,43" hai3=""/><T77/><D134/><U93/><E117/><V102/><F2/><T96/><D39/><U47/><E83/><V131/><F132/><T40/><D40/><U33/><E93/><V121/><N who="2" m="31008" /><V54/><F112/><T118/><D118/><U51/><E98/><V70/><F131/><N who="0" m="50218" /><D77/><U35/><E51/><V57/><F107/><T116/><D116/><U106/><E106/><V61/><F102/><AGARI ba="0,0" hai="0,1,33,35,44,47,56,59,76,78,102,103,108,109" machi="102" ten="25,1600,0" yaku="22,2" doraHai="37" who="1" fromWho="2" sc="294,0,420,16,336,-16,0,0" /><INIT seed="5,0,0,1,2,94" ten="294,436,320,0" oya="1" hai0="96,130,32,79,109,123,86,63,131,0,129,80,61" hai1="77,104,45,38,124,50,41,57,2,117,83,102,59" hai2="120,106,133,70,74,127,87,44,100,69,84,112,90" hai3=""/><U82/><E2/><V128/><N who="2" m="30752" /><V56/><F74/><T101/><N who="0" m="31520" /><T97/><D32/><U108/><E117/><V42/><F128/><T116/><D0/><U121/><N who="1" m="31008" /><U47/><E124/><V71/><F127/><T35/><D35/><U78/><E108/><V110/><F110/><T88/><D109/><U135/><E135/><V33/><F33/><T60/><D116/><U119/><E119/><V52/><F133/><T66/><D101/><U125/><E125/><V76/><F112/><T126/><D126/><U111/><E111/><V81/><F106/><T73/><REACH who="0" step="1"/><D66/><REACH who="0" ten="284,436,320,0" step="2"/><U37/><E102/><V46/><F100/><T40/><D40/><U43/><E104/><V49/><REACH who="2" step="1"/><F42/><REACH who="2" ten="284,436,310,0" step="2"/><T51/><D51/><AGARI ba="0,2" hai="37,38,41,43,45,47,50,51,57,59,77,78,82,83" m="31008" machi="51" ten="25,4800,0" yaku="22,2,52,1" doraHai="94" who="1" fromWho="0" sc="284,-48,436,68,310,0,0,0" /><INIT seed="5,1,0,4,5,111" ten="236,504,310,0" oya="1" hai0="113,58,74,77,104,47,93,100,41,128,103,80,121" hai1="82,56,71,40,94,36,34,45,133,52,39,96,43" hai2="76,131,60,1,126,89,135,68,55,108,61,87,79" hai3=""/><U48/><E34/><V117/><F117/><T44/><N who="0" m="31008" /><T35/><D35/><U69/><E133/><V73/><F108/><T97/><D128/><U88/><E82/><V124/><F1/><T115/><D58/><U51/><REACH who="1" step="1"/><E43/><REACH who="1" ten="236,494,310,0" step="2"/><V63/><F135/><T90/><D103/><U53/><E53/><V127/><F131/><T95/><D104/><U78/><E78/><N who="2" m="29739" /><F55/><T125/><D125/><U99/><E99/><V130/><F130/><T49/><REACH who="0" step="1"/><D44/><REACH who="0" ten="226,494,310,0" step="2"/><U64/><E64/><V72/><F126/><T105/><D105/><U2/><E2/><V38/><F127/><T120/><N who="0" m="30752" /><T85/><AGARI ba="1,2" hai="41,47,49,74,77,80,85,90,93,95,97,100,113,115" m="30752,31008" machi="85" ten="30,9000,2" yaku="1,1,4,1,0,1,52,4,53,0" doraHai="111" doraHaiUra="123" who="0" fromWho="0" sc="226,112,494,-61,310,-31,0,0" /><INIT seed="6,0,0,4,4,64" ten="338,433,279,0" oya="2" hai0="107,88,93,112,66,109,79,122,131,77,97,116,87" hai1="104,115,50,33,40,52,105,80,2,101,1,54,98" hai2="99,119,61,37,135,41,100,34,55,68,92,47,32" hai3=""/><V76/><F119/><T125/><N who="0" m="31264" /><T114/><D116/><U96/><E33/><V95/><F135/><T49/><D109/><U83/><E115/><N who="0" m="44073" /><D131/><U78/><E40/><V62/><F76/><N who="0" m="29258" /><D125/><U86/><E54/><V36/><F36/><T57/><D107/><U72/><E98/><V67/><REACH who="2" step="1"/><F95/><REACH who="2" ten="338,433,269,0" step="2"/><T42/><D93/><U84/><E105/><V120/><N who="2" m="30752" /><V134/><F134/><T123/><D123/><U53/><E104/><V126/><F126/><T127/><D127/><U35/><E78/><V73/><F73/><T124/><D124/><U90/><E72/><V111/><F111/><T113/><D113/><U130/><E80/><V46/><F46/><T117/><D117/><U94/><E83/><V58/><AGARI ba="0,1" hai="32,34,37,41,47,55,58,61,62,67,68,92,99,100" m="30752" machi="58" ten="30,7800,0" yaku="1,1,0,1,52,2,53,0" doraHai="64" doraHaiUra="81" who="2" fromWho="2" sc="338,-39,433,-39,269,88,0,0" /><INIT seed="6,1,0,0,3,92" ten="299,394,357,0" oya="2" hai0="60,57,106,59,61,38,125,123,66,78,84,43,112" hai1="95,44,132,72,93,115,86,70,134,87,71,99,45" hai2="42,80,102,89,62,110,68,121,98,104,53,41,67" hai3=""/><V75/><N who="2" m="31008" /><V76/><F110/><T1/><N who="0" m="31520" /><T40/><D1/><U129/><E99/><V85/><F53/><T55/><D125/><U46/><E72/><V119/><F119/><T58/><D112/><U52/><E46/><V94/><AGARI ba="1,0" hai="41,42,62,67,68,75,76,80,85,89,94,98,102,104" m="31008" machi="94" ten="20,12000,2" yaku="0,1,7,1,24,2,52,2" doraHai="92" who="2" fromWho="2" sc="299,-61,394,-61,357,122,0,0" owari="238,-36.0,333,-7.0,479,43.0,0,0.0" /></mjloggm>