<mjloggm ver="2.3"><GO type="169" lobby="0"/><UN n0="%E5%85%B6%E7%82%BA%E5%8F%B3%E6%89%8B" n1="%E3%81%BE%E3%81%99%E3%81%9E%E3%81%88" n2="%69%70%73%E6%88%A6%E5%A3%AB" n3="%6F%75%74%E7%A5%AD%E3%82%8A" dan="16,16,16,17" rate="2157.25,2100.76,2042.53,2205.01" sx="M,M,F,M"/><TAIKYOKU oya="0"/><INIT seed="0,0,0,2,5,53" ten="250,250,250,250" oya="0" hai0="97,82,12,14,37,83,58,96,77,30,113,57,94" hai1="2,100,54,120,69,102,29,0,8,93,89,11,123" hai2="40,44,76,73,55,95,62,80,118,116,7,78,21" hai3="101,117,92,107,38,24,121,51,48,43,90,10,105"/><T85/><D37/><U132/><E69/><V65/><F7/><W130/><G117/><N who="2" m="45161" /><F78/><W133/><G101/><T84/><D30/><U41/><E29/><V68/><F95/><W32/><G24/><T36/><D36/><U1/><E132/><V50/><F21/><W86/><G133/><T15/><D113/><U47/><E100/><V111/><F111/><W103/><G43/><AGARI ba="0,0" hai="40,43,44,50,55,62,65,68,73,76,80" m="45161" machi="43" ten="30,1000,0" yaku="12,1" doraHai="53" who="2" fromWho="3" sc="250,0,250,0,250,10,250,-10" /><INIT seed="1,0,0,2,3,119" ten="250,250,260,240" oya="1" hai0="17,63,44,46,23,75,66,113,55,86,32,80,10" hai1="72,107,121,123,12,76,25,135,9,68,109,3,57" hai2="111,20,22,54,38,77,16,99,94,102,26,37,105" hai3="122,131,61,74,108,97,125,29,21,96,48,78,40"/><U133/><E68/><V130/><F130/><W5/><G131/><T82/><D32/><U49/><E107/><V104/><F111/><W42/><G5/><T79/><D113/><U110/><E76/><V128/><F128/><W92/><G108/><N who="1" m="41578" /><E72/><V8/><F77/><W126/><G61/><T43/><D10/><U84/><E3/><V118/><F118/><W73/><G78/><T19/><D55/><N who="1" m="31983" /><E25/><V90/><F8/><W4/><G48/><T2/><D2/><U132/><E84/><V31/><F105/><W134/><G4/><AGARI ba="0,0" hai="4,9,12,121,123,132,133,135" m="31983,41578" machi="4" ten="40,12000,1" yaku="20,1,14,1,10,1,52,2" doraHai="119" who="1" fromWho="3" sc="250,0,250,120,260,0,240,-120" /><INIT seed="1,1,0,0,0,57" ten="250,370,260,120" oya="1" hai0="10,52,84,6,109,40,134,0,24,35,72,21,73" hai1="9,77,11,97,5,85,70,107,62,112,101,122,58" hai2="66,123,88,20,132,106,118,108,81,42,2,87,124" hai3="127,99,135,23,56,79,94,45,116,51,30,43,12"/><U125/><E122/><V74/><F118/><W1/><G116/><T13/><D40/><U63/><E112/><V133/><F123/><W90/><G1/><T102/><D102/><U17/><E125/><V69/><F2/><W49/><G127/><T65/><D109/><U32/><E32/><V103/><F124/><W36/><G135/><N who="2" m="51785" /><F42/><W55/><G79/><T129/><D134/><U76/><E70/><V131/><F131/><W93/><G93/><T68/><D129/><U54/><E17/><V4/><F4/><W86/><G99/><T91/><D0/><U15/><E85/><V14/><F74/><W89/><G89/><T3/><D35/><U46/><E46/><V7/><F108/><W121/><G121/><T80/><D3/><U111/><E111/><V59/><F69/><W110/><G110/><T29/><REACH who="0" step="1"/><D52/><REACH who="0" ten="240,370,260,120" step="2"/><U47/><E47/><V117/><F117/><W130/><G130/><T100/><D100/><U115/><E115/><V71/><F103/><W18/><REACH who="3" step="1"/><G30/><REACH who="3" ten="240,370,260,110" step="2"/><T33/><D33/><U19/><E101/><V105/><F105/><W48/><AGARI ba="1,2" hai="12,18,23,36,43,45,48,49,51,55,56,86,90,94" machi="48" ten="20,12000,2" yaku="1,1,2,1,0,1,7,1,25,2,53,0" doraHai="57" doraHaiUra="34" who="3" fromWho="3" sc="240,-31,370,-61,260,-31,110,143" /><INIT seed="2,0,0,1,5,0" ten="209,309,229,253" oya="2" hai0="41,46,72,40,101,109,44,94,32,16,73,51,86" hai1="98,102,100,127,18,132,67,69,74,93,78,59,89" hai2="83,33,12,103,71,11,129,99,54,112,76,29,81" hai3="79,82,49,9,134,70,15,47,38,2,64,10,125"/><V92/><F71/><W55/><G125/><T48/><D32/><U104/><E127/><V126/><F112/><W130/><G134/><T6/><D109/><U123/><E123/><V3/><F3/><W58/><G130/><T124/><D124/><U31/><E132/><V5/><F129/><W52/><G2/><T121/><D121/><U30/><E69/><V95/><F126/><W120/><G120/><T60/><D6/><U62/><E18/><V97/><F76/><W13/><G70/><T50/><D60/><U133/><E133/><V105/><F105/><W45/><G64/><T56/><D56/><U118/><E118/><V87/><F87/><N who="3" m="48607" /><G38/><T17/><D50/><U75/><E102/><V80/><F33/><W34/><G34/><T117/><D117/><U14/><E14/><N who="3" m="5130" /><G47/><T39/><D39/><U122/><E122/><V111/><F111/><W90/><G90/><T25/><D25/><U113/><E113/><V37/><F37/><W42/><G42/><T7/><D7/><U110/><E110/><V57/><F29/><W66/><G66/><T20/><D17/><U23/><E31/><V114/><F114/><W21/><G21/><T135/><D135/><U27/><REACH who="1" step="1"/><E78/><REACH who="1" ten="209,299,229,253" step="2"/><V43/><F103/><W77/><G77/><T119/><D119/><U1/><E1/><V61/><F43/><W128/><G128/><T36/><D36/><U19/><E19/><V53/><F53/><W115/><G115/><T24/><D101/><U88/><E88/><AGARI ba="0,1" hai="16,20,24,40,41,44,46,48,51,72,73,86,88,94" machi="88" ten="40,5200,0" yaku="9,1,54,2" doraHai="0" who="0" fromWho="1" sc="209,62,299,-52,229,0,253,0" /><INIT seed="3,0,0,1,2,28" ten="271,247,229,253" oya="3" hai0="97,79,105,90,7,48,22,81,128,26,75,25,59" hai1="21,82,13,38,47,1,106,84,133,109,58,126,87" hai2="8,9,89,44,37,36,46,95,107,61,88,116,27" hai3="117,64,113,132,35,20,96,39,24,71,124,102,51"/><W112/><G39/><T93/><D128/><U104/><E109/><V108/><F107/><N who="3" m="63943" /><G117/><T101/><D7/><U55/><E133/><V98/><F116/><W76/><G51/><T56/><D48/><U49/><E126/><V78/><F108/><W43/><G43/><T34/><D26/><U70/><E1/><V92/><F78/><W69/><G124/><T41/><D41/><U77/><E70/><V53/><F27/><W33/><G132/><T63/><D63/><U5/><E87/><V66/><F53/><W2/><G20/><T3/><D3/><U54/><E21/><V12/><F37/><W100/><G100/><T57/><D34/><N who="3" m="12809" /><G24/><T67/><D67/><U29/><E29/><V110/><F36/><W115/><G76/><T129/><D22/><U91/><E77/><V10/><F12/><W73/><G2/><T111/><D25/><U130/><E130/><V32/><F32/><W80/><G80/><T4/><D129/><U120/><E120/><V74/><F110/><W121/><G121/><T83/><D111/><U62/><REACH who="1" step="1"/><E38/><REACH who="1" ten="271,237,229,253" step="2"/><V6/><F6/><W15/><G71/><T16/><D4/><U14/><E14/><V134/><F134/><W52/><G15/><T45/><D16/><U127/><E127/><V31/><F31/><W11/><G69/><T72/><D75/><U18/><E18/><V123/><F74/><W85/><G73/><T50/><D72/><U40/><E40/><V122/><F122/><W0/><G0/><T60/><D79/><U17/><E17/><V131/><F123/><W114/><G114/><T86/><D60/><RYUUKYOKU ba="0,1" sc="271,15,237,15,229,-15,253,-15" hai0="45,50,56,57,59,81,83,86,90,93,97,101,105" hai1="5,13,47,49,54,55,58,62,82,84,91,104,106" /><INIT seed="4,1,1,2,1,19" ten="286,252,214,238" oya="0" hai0="27,2,118,123,98,100,18,12,1,85,62,66,25" hai1="30,33,86,82,133,34,21,127,81,37,134,97,8" hai2="135,11,91,92,116,60,130,17,78,120,28,45,119" hai3="35,51,95,32,36,114,132,79,40,67,64,41,107"/><T26/><D118/><N who="2" m="45098" /><F120/><W126/><G107/><T113/><D123/><U57/><E37/><V115/><F115/><W65/><G114/><T31/><D113/><U110/><E110/><V0/><F135/><N who="1" m="51721" /><E127/><V46/><F78/><W76/><G132/><T106/><D85/><U74/><E74/><V23/><F130/><W87/><G36/><T104/><D104/><U109/><E109/><V75/><F60/><W69/><G69/><T24/><N who="0" m="6144" /><DORA hai="71" /><T77/><D77/><N who="3" m="29769" /><G51/><T128/><D31/><U16/><E30/><V125/><F28/><W48/><G48/><T55/><D55/><U94/><E8/><V50/><F125/><W39/><G39/><T111/><D128/><U108/><E57/><V122/><F75/><W129/><G87/><T63/><D111/><U99/><E99/><N who="2" m="57759" /><F122/><W54/><G126/><T73/><D73/><U56/><E86/><V121/><F121/><W90/><G129/><T72/><D72/><U22/><E56/><V3/><F11/><W9/><G9/><T6/><D63/><U44/><E33/><V88/><F46/><W42/><G32/><T89/><D62/><U68/><E34/><V112/><F112/><W20/><G35/><T7/><D106/><U105/><E105/><V70/><F70/><W101/><G54/><T117/><D117/><U5/><E68/><V83/><F45/><W13/><G67/><T61/><D66/><U103/><E108/><V52/><F52/><W53/><G53/><T96/><D61/><U4/><E44/><V47/><F47/><W58/><G58/><T131/><D131/><U10/><E10/><RYUUKYOKU ba="1,1" sc="286,0,252,0,214,0,238,0" /><INIT seed="5,2,1,5,1,23" ten="286,252,214,238" oya="1" hai0="82,135,118,127,54,69,66,105,115,52,35,109,55" hai1="68,45,76,2,10,42,102,78,81,7,1,40,44" hai2="12,123,36,131,90,34,39,98,91,116,96,62,95" hai3="15,21,13,77,108,133,6,74,122,130,8,128,27"/><U107/><E68/><V53/><F123/><W103/><G103/><T29/><D109/><U14/><E107/><V59/><F116/><W80/><G108/><T104/><D118/><U67/><E67/><V134/><F134/><W63/><G133/><T121/><D135/><U17/><E102/><V114/><F131/><N who="3" m="50219" /><G63/><T94/><D121/><U0/><E45/><V72/><F72/><W132/><G122/><T112/><D127/><U89/><E89/><V120/><F120/><W26/><G132/><T113/><D94/><U4/><E4/><V18/><F34/><W38/><G38/><T126/><D126/><U106/><E106/><N who="0" m="41065" /><D82/><U71/><E71/><V43/><F43/><W111/><G111/><T75/><D75/><U31/><E31/><V88/><F114/><W9/><G21/><T129/><D129/><U19/><E42/><V48/><F36/><W16/><AGARI ba="2,1" hai="6,8,9,13,15,16,26,27,74,77,80" m="50219" machi="16" ten="30,7900,0" yaku="19,1,52,2,54,1" doraHai="23" who="3" fromWho="3" sc="286,-22,252,-41,214,-22,238,95" /><INIT seed="6,0,0,3,3,18" ten="264,211,192,333" oya="2" hai0="132,21,94,125,108,28,82,86,75,54,60,30,13" hai1="4,133,130,41,46,89,97,135,47,124,7,61,35" hai2="34,79,81,109,84,99,100,62,95,57,37,127,67" hai3="31,74,73,116,69,10,65,72,0,113,36,114,88"/><V80/><F109/><W112/><G36/><T66/><D108/><U20/><E35/><V102/><F37/><W92/><G116/><T134/><D75/><U43/><E130/><V91/><F34/><W3/><G10/><T106/><D106/><U52/><E124/><V59/><F127/><W93/><G93/><T55/><D125/><U58/><E133/><N who="0" m="51305" /><D94/><N who="1" m="56527" /><E135/><V68/><F68/><W117/><G117/><T39/><D39/><U121/><E121/><V126/><F126/><W105/><G105/><T129/><D129/><U2/><E2/><V27/><F57/><W19/><G31/><N who="0" m="11819" /><D21/><U118/><E118/><V45/><F45/><N who="1" m="16905" /><E20/><V96/><F27/><W128/><G128/><T6/><D13/><U22/><E22/><V110/><F110/><W42/><G0/><T23/><D23/><U24/><E24/><V64/><F64/><W122/><G65/><T70/><D6/><AGARI ba="0,0" hai="4,6,7,41,43,52,58,61" m="16905,56527" machi="6" ten="30,2000,0" yaku="8,1,54,1" doraHai="18" who="1" fromWho="0" sc="264,-20,211,20,192,0,333,0" /><INIT seed="7,0,0,5,1,90" ten="244,231,192,333" oya="3" hai0="84,64,83,57,62,123,112,117,130,99,8,95,19" hai1="94,101,45,0,38,22,131,51,74,79,93,76,87" hai2="54,110,115,118,23,53,72,92,133,120,41,104,66" hai3="122,34,116,89,50,105,80,40,58,70,78,30,52"/><W35/><G70/><T75/><D123/><U14/><E38/><V1/><F104/><W119/><G89/><N who="0" m="55791" /><D75/><U5/><E74/><V61/><F110/><W107/><G40/><T68/><D68/><U39/><E39/><V37/><F118/><W91/><G30/><T125/><D125/><U59/><E0/><V102/><F120/><W43/><G43/><T44/><D117/><U6/><E131/><V71/><F115/><W126/><G78/><N who="1" m="29738" /><E101/><V11/><F72/><W4/><G126/><T48/><D130/><U15/><E59/><V24/><F133/><W27/><G58/><T129/><D129/><U127/><E127/><V106/><F106/><W82/><G107/><T31/><D112/><U17/><E87/><V98/><F41/><W56/><G105/><T60/><D31/><U7/><E14/><V124/><F124/><W77/><G35/><T9/><D62/><U25/><E25/><V100/><F37/><W20/><G34/><T33/><D33/><U26/><E26/><V2/><F102/><W65/><G27/><T135/><D135/><U47/><E47/><V69/><F69/><W113/><G56/><T114/><D114/><U81/><E81/><V12/><F2/><W21/><G82/><T97/><D97/><U111/><E111/><V88/><F100/><W128/><G113/><T49/><D44/><U63/><E63/><V108/><F1/><W46/><G128/><T29/><D29/><U42/><AGARI ba="0,0" hai="5,6,7,15,17,22,42,45,51,93,94" m="29738" machi="42" ten="30,4000,0" yaku="8,1,52,2" doraHai="90" who="1" fromWho="1" sc="244,-10,231,40,192,-10,333,-20" owari="234,-17.0,271,7.0,182,-32.0,313,42.0" /></mjloggm>