<mjloggm ver="2.3"><GO type="169" lobby="0"/><UN n0="%62%65%61%74%72%69%63%65" n1="%E8%A5%BF%E5%B2%A1%E8%82%B2%E6%9C%AA%E2%99%AA" n2="%E3%81%A4%E3%82%89%E3%81%84%E3%80%82" n3="%E7%B7%91%E3%81%AE%E3%83%A9%E3%83%B3%E3%83%97" dan="16,16,16,16" rate="2138.03,2088.53,2099.55,2085.07" sx="F,F,M,M"/><TAIKYOKU oya="0"/><INIT seed="0,0,0,3,4,108" ten="250,250,250,250" oya="0" hai0="133,63,20,45,19,36,61,34,33,78,71,107,49" hai1="134,130,96,4,81,64,9,106,51,110,32,127,92" hai2="24,2,111,126,98,5,17,65,3,119,35,41,83" hai3="59,47,91,105,53,69,129,101,26,15,0,97,29"/><T124/><D107/><U40/><E110/><V48/><F111/><W132/><G69/><T115/><D36/><U120/><E120/><V89/><F65/><W100/><G0/><T12/><D133/><U109/><E109/><V27/><F5/><W54/><G132/><T18/><D124/><U6/><E32/><V116/><F126/><W37/><G15/><T87/><D71/><U114/><E106/><V113/><F113/><W43/><G129/><T123/><D115/><U22/><E64/><V95/><F83/><W68/><G68/><T75/><D75/><U67/><E67/><V84/><F98/><W31/><G31/><T25/><D34/><U44/><E127/><V55/><F41/><W93/><G105/><T99/><D99/><U28/><E130/><V42/><F42/><W76/><G76/><T70/><D70/><U104/><E104/><V121/><F121/><W118/><G118/><N who="2" m="45097" /><F17/><W122/><G122/><T117/><D117/><U50/><E81/><V103/><F103/><W11/><G11/><N who="0" m="6431" /><D33/><U79/><E4/><V72/><F72/><W21/><REACH who="3" step="1"/><G54/><REACH who="3" ten="250,250,250,240" step="2"/><N who="0" m="29999" /><D123/><U88/><E134/><V1/><F35/><W85/><G85/><T10/><D10/><U62/><E9/><V128/><F128/><W112/><G112/><T94/><D78/><U73/><E114/><V8/><F8/><W58/><G58/><AGARI ba="0,1" hai="1,2,3,24,27,48,55,58,84,89,95" m="45097" machi="58" ten="40,1300,0" yaku="12,1" doraHai="108" who="2" fromWho="3" sc="250,0,250,0,250,23,240,-13" /><INIT seed="1,0,0,3,1,82" ten="250,250,273,227" oya="1" hai0="10,48,124,23,25,40,103,8,38,34,97,74,16" hai1="99,112,129,73,110,89,127,32,120,96,26,5,52" hai2="86,1,75,41,22,3,123,117,92,128,35,36,55" hai3="85,83,13,39,49,126,60,77,57,70,78,114,134"/><U107/><E73/><V67/><F75/><W58/><G114/><T42/><D74/><U37/><E37/><V100/><F35/><W62/><G134/><T93/><D38/><U80/><E120/><V95/><F117/><W28/><G39/><T21/><D34/><U94/><E112/><V81/><F123/><W133/><G133/><T11/><D124/><U108/><E127/><V4/><F67/><W69/><G49/><T131/><D131/><U118/><E5/><V125/><F125/><W29/><G13/><T47/><D23/><U44/><E129/><V54/><F128/><W79/><G126/><T106/><D106/><U0/><E0/><V66/><F66/><N who="3" m="39183" /><G70/><T50/><D50/><N who="1" m="28743" /><E80/><V87/><F36/><W27/><G27/><T111/><REACH who="0" step="1"/><D111/><REACH who="0" ten="240,250,273,227" step="2"/><N who="1" m="42539" /><E107/><V68/><F22/><W64/><G69/><T105/><D105/><U59/><E118/><V20/><F20/><W65/><G65/><T24/><D24/><U19/><E32/><V18/><F68/><W51/><G51/><T9/><N who="0" m="2560" /><DORA hai="132" /><T43/><AGARI ba="0,1" hai="16,21,25,40,42,43,47,48,93,97,103" m="2560" machi="43" ten="40,12000,2" yaku="1,1,4,1,0,1,8,1,54,1,53,1" doraHai="82,132" doraHaiUra="53,88" who="0" fromWho="0" sc="240,130,250,-60,273,-30,227,-30" /><INIT seed="2,0,0,3,4,24" ten="370,190,243,197" oya="2" hai0="43,36,61,79,62,123,108,113,112,44,41,19,37" hai1="47,99,28,45,25,2,83,87,53,3,77,130,124" hai2="15,135,13,55,1,110,109,4,29,57,90,42,120" hai3="103,70,59,18,121,27,17,56,119,22,97,128,39"/><V101/><F120/><W8/><G121/><T66/><D79/><U102/><E130/><V122/><F122/><W98/><G70/><T132/><D123/><U14/><E124/><V26/><F101/><W134/><G39/><T52/><D19/><U5/><E14/><V38/><F38/><N who="0" m="14954" /><D132/><U51/><E47/><V58/><F42/><N who="0" m="15882" /><D108/><N who="2" m="41578" /><F135/><W80/><G128/><T64/><D113/><U50/><E50/><N who="2" m="30967" /><F90/><W67/><G103/><T7/><D7/><U60/><E60/><N who="0" m="23145" /><D112/><U86/><E5/><V131/><F131/><W107/><G134/><T23/><D23/><U92/><E86/><V111/><N who="2" m="41586" /><V10/><DORA hai="81" /><F58/><W54/><G59/><T133/><D133/><U106/><REACH who="1" step="1"/><E106/><REACH who="1" ten="370,180,243,197" step="2"/><V126/><F126/><W89/><G107/><T6/><D6/><U84/><E84/><V73/><F73/><W104/><G104/><T96/><D96/><U114/><E114/><V20/><AGARI ba="0,1" hai="1,4,10,13,15,20,26,29" m="30967,41586" machi="20" ten="40,7800,0" yaku="14,1,10,1,52,1" doraHai="24,81" who="2" fromWho="2" sc="370,-26,180,-26,243,88,197,-26" /><INIT seed="2,1,0,5,2,40" ten="344,154,331,171" oya="2" hai0="4,57,70,68,50,112,129,117,27,85,86,28,58" hai1="89,44,69,77,5,107,9,48,6,90,49,67,76" hai2="96,128,127,41,135,123,130,62,26,37,82,133,1" hai3="109,15,60,42,113,23,45,75,32,106,120,65,25"/><V92/><F123/><W31/><G113/><T35/><D112/><U134/><E107/><V20/><F1/><W116/><G116/><T108/><D117/><U103/><E103/><N who="2" m="60807" /><F82/><W17/><G75/><T43/><D129/><N who="2" m="49770" /><F62/><W30/><G109/><T29/><D108/><U91/><E134/><V111/><F111/><W54/><G106/><T122/><D122/><U16/><E69/><V83/><F83/><W121/><G54/><T131/><D131/><U132/><E67/><V100/><F100/><W74/><G31/><T119/><D119/><U51/><E132/><V73/><F73/><W114/><G74/><T118/><D118/><U36/><E77/><V105/><F105/><W7/><G114/><T126/><D68/><U22/><E76/><V47/><F127/><W104/><G104/><T125/><D126/><U13/><REACH who="1" step="1"/><E9/><REACH who="1" ten="344,144,331,171" step="2"/><V2/><F2/><W18/><G121/><T63/><D70/><U53/><E53/><V24/><F24/><W14/><G120/><T12/><D27/><U3/><E3/><V84/><F84/><W10/><G15/><T98/><D12/><U81/><E81/><V34/><F34/><W71/><REACH who="3" step="1"/><G32/><REACH who="3" ten="344,144,331,161" step="2"/><T8/><D35/><U115/><E115/><V124/><F124/><W80/><G80/><T79/><D125/><U11/><E11/><V55/><F55/><W66/><G66/><T19/><D8/><U87/><E87/><V61/><F61/><W0/><G0/><T95/><D63/><U93/><E93/><V46/><F135/><W102/><G102/><T56/><D85/><U97/><E97/><V21/><F133/><RYUUKYOKU ba="1,2" sc="344,-15,144,15,331,-15,161,15" hai1="5,6,13,16,22,36,44,48,49,51,89,90,91" hai3="7,10,14,17,18,23,25,30,42,45,60,65,71" /><INIT seed="3,2,2,3,3,77" ten="329,159,316,176" oya="3" hai0="68,36,135,89,115,97,58,82,57,85,13,98,16" hai1="126,101,93,81,90,28,120,62,105,112,123,51,127" hai2="114,108,78,56,67,132,47,80,103,1,23,119,0" hai3="75,49,79,43,42,50,60,106,33,30,10,109,55"/><W69/><G106/><T70/><D36/><U134/><E28/><V21/><F114/><W64/><G33/><T128/><D115/><U59/><E112/><V110/><F119/><W76/><G30/><T71/><D135/><U46/><E101/><V6/><F103/><W74/><G10/><T111/><D128/><U37/><E37/><V95/><F95/><W7/><G7/><T8/><D111/><N who="2" m="42538" /><F47/><W53/><G109/><T12/><D12/><U25/><E25/><V22/><F6/><W17/><G17/><T19/><D19/><U94/><E105/><V63/><F132/><W125/><G60/><T113/><D113/><U92/><E134/><V118/><F118/><W52/><G64/><T35/><D35/><U96/><E51/><N who="3" m="19466" /><G69/><T100/><REACH who="0" step="1"/><D98/><REACH who="0" ten="319,159,316,176" step="2"/><U133/><E96/><V2/><F2/><W130/><G130/><T31/><D31/><U39/><E39/><V15/><F15/><W121/><G121/><T29/><D29/><U99/><E99/><V26/><F26/><W45/><G125/><T24/><D24/><U20/><E133/><V4/><F4/><W65/><G65/><T72/><D72/><AGARI ba="2,3" hai="0,1,21,22,23,56,63,67,72,78,80" m="42538" machi="72" ten="30,2000,0" yaku="14,1,52,1" doraHai="77" who="2" fromWho="0" sc="319,-26,159,0,316,56,176,0" /><INIT seed="4,0,0,5,2,31" ten="293,159,372,176" oya="0" hai0="131,25,105,20,0,73,91,53,33,83,23,80,132" hai1="1,124,29,120,45,54,69,77,3,5,118,79,81" hai2="117,121,66,82,4,133,70,60,57,135,107,35,42" hai3="49,18,38,52,13,86,7,123,116,87,15,6,122"/><T65/><D0/><U102/><E69/><V112/><F107/><W98/><G38/><T43/><D105/><U88/><E118/><V126/><F121/><N who="3" m="46091" /><G98/><T76/><D132/><U36/><E120/><V108/><F108/><W26/><G26/><T39/><D131/><U62/><E29/><V101/><F101/><W59/><G116/><T55/><D65/><U109/><E102/><V9/><F117/><W128/><G128/><T2/><D2/><U64/><E109/><V47/><F112/><W24/><G24/><T67/><D67/><U85/><E1/><N who="2" m="143" /><F82/><W106/><G106/><T71/><D71/><U17/><E3/><V41/><F41/><W99/><G99/><T75/><D91/><U129/><E129/><V21/><F21/><N who="3" m="11471" /><G15/><T134/><D134/><N who="2" m="51210" /><F35/><W100/><G100/><T111/><D111/><U125/><E36/><N who="2" m="21959" /><F126/><W61/><G61/><T16/><D33/><U127/><E5/><AGARI ba="0,0" hai="5,6,7,49,52,59,86,87" m="11471,46091" machi="5" ten="30,2000,0" yaku="13,1,54,1" doraHai="31" who="3" fromWho="1" sc="293,0,159,-20,372,0,176,20" /><INIT seed="5,0,0,3,5,42" ten="293,139,372,196" oya="1" hai0="85,123,76,23,39,74,116,34,124,114,62,81,135" hai1="50,68,91,100,111,134,79,21,121,66,2,59,73" hai2="84,89,58,119,28,4,80,98,70,118,57,43,41" hai3="131,29,12,52,90,5,109,3,18,8,132,96,27"/><U11/><E121/><V115/><F70/><W69/><G69/><T33/><D116/><U82/><E134/><V49/><F115/><W13/><G109/><T86/><D123/><U30/><E111/><V22/><F4/><W6/><G132/><T110/><D110/><U83/><E100/><V56/><F98/><W77/><G77/><T63/><D135/><U75/><E2/><V95/><F80/><W130/><G90/><T71/><D114/><U31/><E11/><V38/><F38/><W108/><G96/><T72/><D39/><U0/><E0/><V117/><F49/><W51/><G108/><T45/><D71/><U107/><E107/><V129/><F129/><N who="3" m="49163" /><G13/><T14/><D14/><U16/><E68/><V37/><F37/><W61/><G61/><T92/><D92/><U19/><E19/><V47/><F47/><N who="3" m="27775" /><G3/><T101/><D76/><N who="1" m="44303" /><E91/><V32/><F118/><W105/><G105/><T78/><D78/><U93/><E93/><V35/><F119/><W26/><G26/><T36/><D36/><U127/><E127/><V106/><F117/><W10/><G10/><T102/><D124/><U120/><E120/><V44/><F106/><W55/><G55/><T94/><D94/><U48/><E48/><N who="2" m="26639" /><F43/><W113/><G113/><T65/><D74/><U99/><E99/><V54/><F54/><W53/><G53/><T126/><D72/><U112/><E112/><V88/><F89/><W87/><G87/><T46/><D86/><U20/><E50/><V122/><F122/><W125/><G125/><T60/><D126/><U128/><E128/><V1/><F1/><RYUUKYOKU ba="0,0" sc="293,-15,139,-15,372,15,196,15" hai2="22,28,32,35,56,57,58,84,88,95" hai3="5,6,8,12,18,27,29" /><INIT seed="6,1,0,3,3,7" ten="278,124,387,211" oya="2" hai0="79,32,53,119,46,48,67,22,40,36,126,73,49" hai1="75,63,41,107,116,25,104,38,24,111,21,6,71" hai2="5,26,113,65,57,110,112,92,19,82,17,47,74" hai3="8,78,91,109,93,51,64,37,12,132,59,66,44"/><V88/><F110/><W76/><G109/><T128/><D32/><U4/><E116/><V100/><F100/><W61/><G37/><T28/><D119/><U11/><E75/><V102/><F102/><W9/><G66/><T97/><D128/><U3/><E111/><V31/><F47/><W103/><G103/><T10/><D126/><U127/><E127/><V118/><F5/><W62/><G62/><T14/><D73/><U42/><E71/><V108/><F108/><W87/><G132/><T20/><D79/><U54/><E38/><V80/><F57/><W117/><G117/><T94/><D67/><U95/><E95/><V101/><F101/><W99/><G99/><T131/><D36/><U81/><E81/><N who="2" m="31339" /><F65/><W96/><G96/><T90/><D28/><U68/><E68/><V34/><F74/><W18/><REACH who="3" step="1"/><G8/><REACH who="3" ten="278,124,387,201" step="2"/><T85/><D97/><U89/><E11/><V123/><F118/><W133/><G133/><T83/><D131/><U86/><E63/><V30/><F113/><W15/><G15/><T1/><D1/><U105/><E105/><V13/><F112/><W45/><G45/><N who="0" m="25639" /><D94/><U115/><E107/><V77/><F92/><W106/><G106/><T60/><D60/><U58/><E104/><V23/><F13/><W43/><AGARI ba="1,1" hai="9,12,18,43,44,51,59,61,64,76,78,87,91,93" machi="43" ten="20,12000,2" yaku="1,1,0,1,7,1,8,1,52,1,53,1" doraHai="7" doraHaiUra="55" who="3" fromWho="3" sc="278,-31,124,-31,387,-61,201,133" /><INIT seed="7,0,0,0,5,36" ten="247,93,326,334" oya="3" hai0="133,123,119,1,75,47,46,68,10,24,81,7,30" hai1="73,82,27,130,125,29,21,23,26,93,71,53,31" hai2="112,135,5,54,111,60,62,14,4,48,39,56,6" hai3="37,80,77,120,69,83,92,134,20,18,17,114,3"/><W104/><G69/><T96/><D47/><U118/><E71/><V109/><F39/><W110/><G37/><T126/><D123/><U101/><E73/><V66/><F112/><W34/><G104/><T35/><D119/><U51/><E130/><V65/><F135/><W67/><G67/><N who="2" m="25609" /><F111/><W8/><G34/><T70/><D133/><U87/><E125/><V124/><F109/><W117/><G117/><T41/><D126/><U25/><E118/><V64/><F124/><W55/><G114/><T132/><D96/><U98/><E27/><V32/><F32/><W127/><G120/><T15/><D15/><U94/><E98/><V61/><N who="2" m="25617" /><V57/><DORA hai="105" /><F57/><W100/><G110/><T99/><D99/><U59/><REACH who="1" step="1"/><E101/><REACH who="1" ten="247,83,326,334" step="2"/><V128/><F128/><W12/><G127/><T76/><D132/><U122/><E122/><V131/><F131/><W40/><G100/><T28/><D28/><U74/><E74/><V22/><F22/><W9/><G20/><T58/><D58/><U129/><E129/><V42/><F14/><W107/><G12/><T2/><REACH who="0" step="1"/><D1/><REACH who="0" ten="237,83,326,334" step="2"/><U16/><E16/><V116/><F116/><W38/><G18/><T113/><D113/><U78/><AGARI ba="0,2" hai="21,23,25,26,29,31,51,53,59,78,82,87,93,94" machi="78" ten="20,8000,1" yaku="1,1,0,1,7,1,9,1,8,1,53,0" doraHai="36,105" doraHaiUra="63,108" who="1" fromWho="1" sc="237,-20,83,100,326,-20,334,-40" owari="217,-18.0,183,-32.0,306,41.0,294,9.0" /></mjloggm>