<mjloggm ver="2.3"><GO type="169" lobby="0"/><UN n0="%52%45%49%4E%E6%A3%AE%E4%B9%85%E4%BF%9D%50" n1="%E8%B5%A4%E5%9F%8E%E3%81%BF%E3%82%8A%E3%81%82" n2="%E3%81%8B%E3%81%A4%E3%81%A9%E3%82%93" n3="%E3%83%8B%E3%83%A3%E3%83%83%E3%83%94%E3%83%BC%E5%A4%8F%E7%9B%AE" dan="16,16,17,18" rate="2143.91,2122.70,2238.88,2314.19" sx="M,F,F,M"/><TAIKYOKU oya="0"/><INIT seed="0,0,0,1,1,44" ten="250,250,250,250" oya="0" hai0="73,48,57,34,59,97,87,123,120,64,131,4,135" hai1="81,49,20,58,80,114,132,22,100,101,0,39,116" hai2="134,35,5,46,124,82,66,71,56,86,108,11,113" hai3="9,67,41,15,51,88,12,85,105,68,117,7,38"/><T60/><D73/><U111/><E39/><V47/><F113/><W127/><G117/><T28/><D131/><U65/><E0/><V78/><F108/><W36/><G105/><T121/><D135/><U125/><E116/><V43/><F134/><W69/><G127/><T98/><D4/><U99/><E132/><V27/><F124/><W61/><G68/><T94/><D28/><U63/><E125/><V18/><F71/><W83/><REACH who="3" step="1"/><G15/><REACH who="3" ten="250,250,250,240" step="2"/><T112/><D112/><U129/><E114/><V14/><F14/><W26/><G26/><T3/><D3/><U62/><E129/><V96/><F27/><W6/><G6/><T52/><REACH who="0" step="1"/><D34/><REACH who="0" ten="240,250,250,240" step="2"/><U74/><E111/><V33/><F5/><W130/><G130/><T24/><D24/><U79/><E74/><V77/><F33/><W122/><G122/><T16/><D16/><U106/><E106/><V102/><F35/><W92/><G92/><T93/><D93/><U103/><E81/><V84/><F18/><W8/><G8/><T30/><D30/><U1/><E1/><V128/><F11/><W23/><G23/><T53/><D53/><N who="1" m="32047" /><E20/><V126/><F126/><W70/><G70/><T45/><D45/><AGARI ba="0,2" hai="7,9,12,36,38,41,45,51,61,67,69,83,85,88" machi="45" ten="40,8000,1" yaku="1,1,52,1,54,1,53,1" doraHai="44" doraHaiUra="42" who="3" fromWho="0" sc="240,-80,250,0,250,0,240,100" /><INIT seed="1,0,0,3,2,37" ten="160,250,250,340" oya="1" hai0="51,14,100,123,30,52,116,119,90,84,53,81,34" hai1="13,27,63,112,54,47,94,3,23,62,126,133,65" hai2="88,80,58,85,87,83,9,66,11,2,118,135,70" hai3="108,17,15,5,43,109,106,79,35,82,57,127,103"/><U72/><E3/><V38/><F118/><W39/><G35/><T89/><D123/><U68/><E72/><V36/><F135/><W113/><G113/><T40/><D100/><U61/><E112/><V69/><F58/><W60/><G127/><T33/><D14/><U71/><E133/><V10/><F2/><W7/><G103/><T130/><D130/><U76/><E76/><V28/><F28/><W78/><G106/><T75/><D75/><U25/><E126/><V59/><F59/><W124/><G124/><T122/><D122/><U77/><E77/><V104/><F104/><W24/><G24/><T125/><D125/><U12/><E94/><V41/><F66/><W26/><G26/><T50/><D84/><U86/><E86/><V64/><F64/><W92/><G92/><T55/><D81/><U29/><E27/><V99/><F99/><W102/><G102/><T129/><D55/><U95/><E95/><V8/><N who="2" m="2048" /><DORA hai="48" /><V107/><F107/><W91/><G91/><T93/><D93/><U74/><E74/><V111/><F111/><W19/><G15/><N who="1" m="5706" /><E68/><V115/><F115/><W96/><G96/><T18/><D129/><U22/><E22/><V0/><F0/><W120/><G78/><T31/><REACH who="0" step="1"/><D40/><REACH who="0" ten="150,250,250,340" step="2"/><U21/><E21/><V42/><F85/><W56/><G120/><T132/><D132/><U105/><E105/><V121/><F121/><W49/><G82/><T46/><D46/><U110/><E110/><V73/><F83/><W134/><G134/><T1/><D1/><U114/><E114/><V117/><F73/><W45/><G108/><RYUUKYOKU ba="0,1" sc="150,15,250,15,250,-15,340,-15" hai0="18,30,31,33,34,50,51,52,53,89,90,116,119" hai1="23,25,29,47,54,61,62,63,65,71" /><INIT seed="1,1,1,4,2,3" ten="165,265,235,325" oya="1" hai0="99,106,85,8,2,66,53,104,72,60,77,90,74" hai1="116,58,87,17,114,39,7,128,49,52,40,115,107" hai2="0,28,97,36,109,130,24,59,110,84,127,124,37" hai3="83,108,117,79,93,91,98,92,44,4,123,129,63"/><U89/><E107/><N who="0" m="41001" /><D53/><U23/><E116/><V80/><F0/><W76/><G123/><T69/><D8/><U56/><E128/><V9/><F97/><W65/><G129/><T111/><D2/><U51/><E39/><N who="2" m="14923" /><F9/><W19/><G117/><T22/><D22/><U57/><E7/><V64/><F130/><W31/><G108/><N who="2" m="41577" /><F59/><W38/><G31/><T34/><D34/><U121/><E121/><V75/><F75/><N who="0" m="28714" /><D60/><U6/><E6/><V33/><F64/><W10/><G19/><T62/><D62/><U122/><E122/><V70/><F70/><W103/><G44/><T43/><D43/><U133/><E57/><V126/><F126/><W81/><G38/><T1/><D66/><U102/><E102/><V46/><F46/><W68/><G76/><AGARI ba="1,1" hai="24,28,33,76,80,84,124,127" m="41577,14923" machi="76" ten="30,1000,0" yaku="14,1" doraHai="3" who="2" fromWho="3" sc="165,0,265,0,235,23,325,-13" /><INIT seed="2,0,0,1,2,37" ten="165,265,258,312" oya="2" hai0="81,43,62,64,106,107,57,10,78,125,53,54,49" hai1="68,12,82,119,52,97,130,60,126,20,108,18,26" hai2="77,118,80,89,93,87,34,65,91,32,4,9,83" hai3="67,14,51,8,103,2,114,69,104,75,24,28,132"/><V110/><F118/><W36/><G36/><T44/><D125/><U99/><E119/><V40/><F65/><W66/><G75/><T128/><D128/><U134/><E126/><V90/><F110/><W23/><G132/><T92/><D92/><U6/><E108/><V86/><F40/><W72/><G72/><T56/><D10/><N who="1" m="4183" /><E68/><V15/><REACH who="2" step="1"/><F90/><REACH who="2" ten="165,265,248,312" step="2"/><W95/><G67/><T41/><D106/><U76/><E134/><V79/><F79/><W112/><G66/><T101/><D107/><U133/><E133/><V19/><F19/><W115/><G104/><T73/><REACH who="0" step="1"/><D101/><REACH who="0" ten="155,265,248,312" step="2"/><U30/><E130/><V117/><F117/><W124/><G103/><T85/><D85/><AGARI ba="0,2" hai="4,9,15,32,34,77,80,83,85,86,87,89,91,93" machi="85" ten="30,2900,0" yaku="1,1,7,1,53,0" doraHai="37" doraHaiUra="98" who="2" fromWho="0" sc="155,-29,265,0,248,49,312,0" /><INIT seed="2,1,0,3,1,135" ten="126,265,297,312" oya="2" hai0="31,70,88,115,35,66,74,45,57,22,108,28,85" hai1="14,102,86,17,20,61,0,3,76,69,53,82,41" hai2="133,15,134,27,42,30,56,126,107,1,77,131,65" hai3="80,123,50,58,119,93,46,95,103,128,110,121,63"/><V54/><F1/><W113/><G119/><T12/><D74/><U5/><E102/><V8/><F131/><W129/><G110/><T4/><D70/><U120/><E120/><V25/><F107/><W6/><G6/><T52/><D115/><U99/><E99/><V124/><F65/><W114/><G80/><T73/><D73/><U16/><E41/><V23/><F42/><N who="3" m="24919" /><G95/><T98/><D98/><U40/><E40/><V59/><F77/><W130/><G93/><T18/><D108/><U71/><E71/><V84/><F84/><W111/><G103/><T67/><D45/><U19/><E20/><V132/><F27/><W29/><G29/><N who="0" m="11339" /><D4/><U116/><E116/><V39/><F39/><W79/><G79/><T96/><D96/><U32/><E32/><V49/><REACH who="2" step="1"/><F59/><REACH who="2" ten="126,265,287,312" step="2"/><W118/><G118/><T55/><D35/><U68/><E0/><V13/><F13/><W81/><G111/><T90/><D90/><U26/><E3/><V44/><F44/><W43/><G43/><T34/><D34/><U36/><E36/><V62/><F62/><W60/><G60/><N who="0" m="38159" /><D67/><U109/><E109/><V122/><F122/><W21/><G123/><T91/><D91/><U48/><E26/><V2/><F2/><W106/><G106/><T47/><D47/><N who="1" m="27807" /><E61/><V75/><F75/><W83/><G121/><T10/><D10/><N who="1" m="4431" /><E69/><V101/><F101/><W92/><G63/><T94/><AGARI ba="1,1" hai="12,18,22,52,55,85,88,94" m="38159,11339" machi="94" ten="30,4000,0" yaku="8,1,54,2" doraHai="135" who="0" fromWho="0" sc="126,53,265,-11,287,-21,312,-11" /><INIT seed="3,0,0,3,4,118" ten="179,254,266,301" oya="3" hai0="83,110,6,100,65,76,85,135,111,109,4,13,133" hai1="92,60,63,113,53,38,14,78,44,67,9,50,89" hai2="39,62,3,59,71,79,34,40,68,57,31,46,132" hai3="8,28,96,61,47,48,7,27,102,91,69,72,16"/><W121/><G72/><T122/><D65/><U112/><E78/><V30/><F3/><W26/><G91/><T64/><D64/><U25/><E38/><V101/><F132/><N who="0" m="50762" /><D13/><U119/><E25/><V74/><F59/><W10/><G121/><T104/><D6/><U126/><E126/><V86/><F74/><W81/><G81/><T42/><D42/><U70/><E63/><V117/><F117/><W84/><G84/><T88/><D4/><U107/><E107/><V36/><F36/><W55/><G69/><T95/><D122/><U82/><E82/><V93/><F79/><W33/><G61/><T43/><D43/><U115/><E119/><V22/><F34/><W11/><G26/><T106/><D100/><U12/><REACH who="1" step="1"/><E9/><REACH who="1" ten="179,244,266,301" step="2"/><V123/><F62/><W80/><G80/><T131/><D131/><U127/><E127/><V97/><F39/><W0/><G16/><T15/><D15/><U1/><E1/><V41/><F123/><W87/><G10/><T116/><D116/><U75/><E75/><AGARI ba="0,1" hai="75,76,83,85,88,95,104,106,109,110,111" m="50762" machi="75" ten="40,8000,1" yaku="14,1,20,1,34,2,54,1" doraHai="118" who="0" fromWho="1" sc="179,90,244,-80,266,0,301,0" /><INIT seed="4,0,0,1,5,108" ten="269,164,266,301" oya="0" hai0="2,18,38,124,68,102,50,93,67,72,63,134,47" hai1="79,62,94,126,15,1,41,25,37,12,121,127,118" hai2="11,66,19,113,53,5,20,52,133,55,77,132,31" hai3="27,69,78,125,84,117,81,131,98,42,6,128,101"/><T103/><D72/><U26/><E1/><V88/><F31/><W122/><G117/><T30/><D2/><U110/><E110/><V70/><F77/><W34/><G69/><T74/><D74/><U48/><E37/><V85/><F70/><W129/><G125/><N who="1" m="47626" /><E118/><V36/><F36/><W92/><G122/><T21/><D30/><U58/><E121/><V114/><F66/><W111/><G111/><T80/><D134/><N who="2" m="51818" /><F5/><W65/><G65/><T104/><D124/><U56/><E79/><V43/><F43/><W73/><G42/><T76/><D104/><U116/><E116/><V57/><F11/><W86/><G6/><T23/><D23/><U32/><E94/><N who="2" m="54543" /><F57/><W59/><G59/><T82/><D38/><U130/><E130/><V51/><F51/><W75/><G75/><T60/><D60/><U8/><E8/><V22/><F22/><W13/><G34/><T9/><D9/><U16/><E32/><V33/><F33/><W87/><G73/><T120/><D120/><U96/><E96/><V135/><N who="2" m="51826" /><V7/><DORA hai="4" /><F7/><W35/><G35/><T14/><D76/><U17/><E41/><V83/><F83/><W112/><G81/><T90/><D82/><U109/><E109/><V39/><F39/><W71/><G78/><T105/><D80/><U24/><E48/><V89/><F89/><W95/><G71/><T29/><D105/><U97/><E97/><V46/><F46/><W3/><G128/><T115/><D115/><U119/><E119/><V44/><F44/><W45/><G129/><T99/><D29/><U28/><E28/><RYUUKYOKU ba="0,0" sc="269,15,164,-15,266,15,301,-15" hai0="14,18,21,47,50,63,67,68,90,93,99,102,103" hai2="19,20,52,53,55,113,114" /><INIT seed="4,1,0,3,4,95" ten="284,149,281,286" oya="0" hai0="72,52,20,5,67,131,34,9,105,132,49,37,46" hai1="14,114,8,59,69,50,25,135,96,1,102,90,70" hai2="64,118,77,11,65,116,61,104,54,107,111,29,103" hai3="7,31,6,39,80,79,17,40,130,98,128,121,32"/><T129/><D72/><U57/><E1/><V56/><F111/><W71/><G71/><T87/><D34/><U47/><E135/><V44/><F29/><W21/><G121/><T92/><D105/><N who="2" m="40522" /><F103/><W109/><G109/><T117/><D117/><N who="2" m="45162" /><F77/><W66/><G66/><N who="2" m="25705" /><F11/><W86/><G98/><T123/><D123/><U24/><E90/><V36/><F44/><N who="3" m="23583" /><G31/><T16/><D67/><U97/><E102/><V101/><F101/><W35/><G35/><T2/><D132/><U48/><E8/><V13/><F13/><N who="3" m="9391" /><G32/><T51/><D37/><AGARI ba="1,0" hai="36,37,54,56,61" m="25705,45162,40522" machi="37" ten="40,1300,0" yaku="12,1" doraHai="95" who="2" fromWho="0" sc="284,-16,149,0,281,16,286,0" /><INIT seed="5,0,0,2,0,88" ten="268,149,297,286" oya="1" hai0="135,65,94,128,127,80,9,77,38,108,68,17,2" hai1="114,67,97,47,109,49,124,86,90,133,12,16,32" hai2="34,119,72,31,103,84,24,96,10,118,134,63,54" hai3="33,116,26,107,55,43,82,13,122,112,79,75,130"/><U99/><E32/><V58/><F72/><W98/><G122/><T51/><D108/><U42/><E114/><V8/><F134/><W14/><G112/><T113/><D113/><U76/><E133/><V92/><REACH who="2" step="1"/><F84/><REACH who="2" ten="268,149,287,286" step="2"/><W120/><G75/><T3/><D135/><U11/><E109/><V1/><F1/><W35/><G120/><T4/><D2/><U111/><E111/><V59/><F59/><W36/><G116/><AGARI ba="0,1" hai="8,10,24,31,34,54,58,63,92,96,103,116,118,119" machi="116" ten="40,2600,0" yaku="1,1,52,1,53,0" doraHai="88" doraHaiUra="0" who="2" fromWho="3" sc="268,0,149,0,287,36,286,-26" /><INIT seed="6,0,0,1,5,122" ten="268,149,323,260" oya="2" hai0="106,23,32,115,20,18,51,82,72,99,6,25,47" hai1="91,42,90,71,54,30,119,55,132,24,45,83,111" hai2="65,113,50,48,60,49,98,134,43,9,35,73,40" hai3="121,46,12,22,112,33,3,66,64,34,4,131,16"/><V118/><F118/><W29/><G121/><T17/><D115/><U110/><E71/><V95/><F73/><W2/><G131/><T104/><D32/><N who="3" m="12393" /><G46/><T114/><D114/><U0/><E0/><N who="3" m="42" /><G66/><T7/><D72/><U130/><E119/><V28/><F134/><W77/><G77/><T27/><D82/><U10/><E132/><V13/><F113/><W125/><G64/><T87/><D87/><U107/><E107/><V57/><F28/><W1/><G112/><T74/><D74/><U88/><E10/><V81/><F35/><W109/><G109/><T102/><REACH who="0" step="1"/><D104/><REACH who="0" ten="258,149,323,260" step="2"/><U105/><E105/><V11/><F81/><W108/><G125/><T80/><D80/><U67/><E130/><V26/><F95/><W120/><G120/><T59/><D59/><U124/><E124/><V56/><F56/><W38/><G38/><T116/><D116/><U128/><E128/><V126/><F126/><W31/><G108/><T14/><D14/><U93/><E83/><V68/><F13/><W97/><G97/><T92/><D92/><U79/><E93/><V63/><F98/><W19/><G19/><T58/><D58/><U101/><E79/><V135/><F57/><W52/><G52/><AGARI ba="0,1" hai="6,7,17,18,20,23,25,27,47,51,52,99,102,106" machi="52" ten="30,8000,1" yaku="1,1,7,1,9,1,54,1,53,1" doraHai="122" doraHaiUra="96" who="0" fromWho="3" sc="258,90,149,0,323,0,260,-80" /><INIT seed="7,0,0,0,0,49" ten="348,149,323,180" oya="3" hai0="32,52,97,34,75,55,65,131,31,72,103,84,22" hai1="37,115,40,61,129,110,74,28,41,59,104,114,57" hai2="1,48,117,66,53,77,128,90,45,70,68,118,13" hai3="9,56,98,12,50,4,18,76,19,135,60,78,132"/><W134/><G50/><T69/><D131/><U10/><E104/><V8/><F1/><W125/><G125/><T113/><D84/><U25/><E74/><N who="0" m="28201" /><D22/><U108/><E10/><V47/><F77/><N who="3" m="29803" /><G98/><T133/><D32/><U92/><E92/><V102/><F102/><W23/><G23/><T54/><D54/><AGARI ba="0,0" hai="4,9,12,18,19,54,56,60,132,134,135" m="29803" machi="54" ten="30,2900,0" yaku="20,1,52,1" doraHai="49" who="3" fromWho="0" sc="348,-29,149,0,323,0,180,29" /><INIT seed="7,1,0,0,5,38" ten="319,149,323,209" oya="3" hai0="11,49,41,35,95,74,113,69,120,43,106,123,16" hai1="125,31,59,121,134,20,104,26,23,109,93,25,45" hai2="42,48,86,47,100,50,46,70,22,83,57,101,130" hai3="116,131,97,19,55,0,60,68,5,135,114,17,87"/><W94/><G116/><T99/><D69/><U107/><E121/><V98/><F130/><W92/><G131/><T85/><D74/><U64/><E109/><V18/><F70/><W1/><G114/><T33/><D106/><U30/><E134/><V128/><F57/><W10/><G135/><T21/><D113/><U63/><E125/><V13/><F98/><W73/><G73/><T15/><D85/><U75/><E75/><V6/><F6/><W72/><G72/><T12/><D49/><U4/><E4/><V36/><F36/><W122/><G1/><T67/><D67/><U66/><E66/><V132/><F128/><W81/><G94/><T117/><D117/><U65/><E65/><V102/><F132/><W77/><G122/><T119/><D119/><U84/><REACH who="1" step="1"/><E45/><REACH who="1" ten="319,139,323,209" step="2"/><V37/><F47/><W32/><G68/><T111/><D123/><U103/><E103/><V108/><F108/><W118/><G118/><T112/><D111/><U124/><E124/><V127/><F127/><W56/><G32/><T115/><D120/><U82/><E82/><V89/><AGARI ba="1,1" hai="13,18,22,37,42,46,48,50,83,86,89,100,101,102" machi="89" ten="30,2000,0" yaku="0,1,52,1" doraHai="38" who="2" fromWho="2" sc="319,-6,139,-6,323,33,209,-11" owari="313,11.0,133,-37.0,356,46.0,198,-20.0" /></mjloggm>