<mjloggm ver="2.3"><GO type="169" lobby="0"/><UN n0="%E6%9C%A8%E6%BC%8F%E3%82%8C%E6%97%A5" n1="%E7%A9%B4%E4%BA%95%E6%88%91%E8%81%9E" n2="%E2%80%A0%E6%B0%B4%E9%8A%80%E7%87%88%E2%80%A0" n3="%6C%65%6F%6E%6C%65%6F%6E" dan="17,16,16,16" rate="2185.50,2110.14,2156.52,2133.34" sx="M,M,F,M"/><TAIKYOKU oya="0"/><INIT seed="0,0,0,2,5,19" ten="250,250,250,250" oya="0" hai0="99,76,130,126,3,74,105,83,22,124,55,81,43" hai1="5,28,53,80,78,30,103,31,35,115,88,44,47" hai2="129,82,111,98,107,50,60,2,92,10,17,131,59" hai3="122,45,104,68,11,56,86,40,4,1,36,13,14"/><T91/><D3/><U110/><E110/><V58/><F107/><W34/><G68/><T127/><D43/><U85/><E115/><V125/><F111/><W9/><G122/><T117/><D55/><U72/><E5/><V25/><F125/><W77/><G104/><T52/><D117/><U102/><E35/><V46/><F82/><W62/><G34/><T133/><D130/><N who="2" m="49674" /><F60/><W54/><REACH who="3" step="1"/><G11/><REACH who="3" ten="250,250,250,240" step="2"/><T106/><D106/><U120/><E120/><V21/><F10/><W100/><G100/><T49/><D105/><U118/><E118/><V114/><F114/><W135/><G135/><T75/><D133/><U12/><E103/><N who="2" m="60871" /><F2/><W23/><G23/><T42/><D22/><U90/><E102/><V16/><F17/><W63/><G63/><T96/><D127/><U7/><E31/><V26/><F26/><W65/><G65/><T123/><D123/><U37/><E30/><V71/><F71/><W6/><G6/><T18/><D126/><U79/><E28/><V112/><F112/><W57/><G57/><T67/><D124/><U128/><E128/><V93/><F93/><W121/><G121/><T64/><D18/><U119/><E7/><V61/><F61/><W29/><G29/><T70/><D70/><U108/><E108/><V69/><F69/><W27/><G27/><T51/><D67/><U87/><E119/><V66/><F66/><W0/><G0/><T38/><D64/><U97/><E12/><V101/><F101/><W84/><G84/><T95/><D99/><U24/><E97/><V15/><F25/><W109/><G109/><T33/><D33/><RYUUKYOKU ba="0,1" sc="250,-15,250,-15,250,15,240,15" hai2="15,16,21,46,50,58,59" hai3="1,4,9,13,14,36,40,45,54,56,62,77,86" /><INIT seed="1,1,1,3,1,113" ten="235,235,265,255" oya="1" hai0="2,100,97,15,4,108,65,123,64,118,17,40,48" hai1="87,32,3,10,7,70,0,126,24,46,125,95,86" hai2="20,111,102,129,89,9,61,83,14,73,127,131,78" hai3="21,130,135,27,121,62,119,34,68,110,55,45,79"/><U41/><E70/><V50/><F111/><W25/><G121/><T85/><D108/><U84/><E0/><V18/><F127/><W112/><G110/><T35/><D35/><U80/><E95/><V124/><F124/><W42/><G112/><T54/><D40/><U43/><E43/><V117/><F102/><W77/><G130/><N who="2" m="49673" /><F117/><W91/><G135/><T47/><D123/><U60/><E60/><V82/><F50/><W132/><G132/><T99/><D118/><U106/><E106/><V44/><F44/><W33/><G119/><T115/><D115/><U103/><E103/><V94/><F61/><W98/><G45/><T16/><D2/><U133/><E133/><V81/><F9/><W51/><G42/><T122/><D122/><U49/><REACH who="1" step="1"/><E80/><REACH who="1" ten="235,225,265,255" step="2"/><V1/><F1/><W30/><G62/><T12/><D100/><U23/><E23/><V107/><F107/><W38/><G21/><T74/><D48/><U104/><E104/><V114/><F114/><W8/><G51/><T120/><D120/><U6/><E6/><V36/><F36/><W5/><G38/><T28/><D4/><U11/><E11/><V76/><F76/><W116/><G116/><T59/><D47/><U56/><E56/><V22/><F22/><W53/><G8/><T29/><D59/><U105/><E105/><V66/><F66/><W92/><G5/><T96/><D65/><U37/><E37/><V58/><F58/><W52/><G68/><T39/><D39/><U31/><AGARI ba="1,2" hai="3,7,10,24,31,32,41,46,49,84,86,87,125,126" machi="31" ten="30,3000,0" yaku="1,1,0,1,53,0" doraHai="113" doraHaiUra="72" who="1" fromWho="1" sc="235,-11,225,53,265,-11,255,-11" /><INIT seed="1,2,0,3,4,95" ten="224,278,254,244" oya="1" hai0="106,129,109,13,86,111,47,6,93,117,28,12,49" hai1="24,79,75,46,128,30,124,122,89,42,21,126,56" hai2="20,66,88,10,5,38,98,54,2,87,31,121,116" hai3="23,44,130,120,45,80,68,94,131,61,37,7,48"/><U92/><E122/><V73/><F116/><W62/><G120/><T36/><D106/><U127/><E128/><V51/><F121/><W71/><G7/><T58/><D117/><U82/><E56/><V9/><F73/><W97/><G80/><T133/><D36/><U67/><E67/><V3/><F38/><W101/><G37/><T69/><D69/><U4/><E4/><V102/><F66/><W16/><G68/><T118/><D118/><U26/><E26/><V132/><F132/><W35/><G35/><T135/><D58/><U39/><REACH who="1" step="1"/><E127/><REACH who="1" ten="224,268,254,244" step="2"/><V55/><F5/><W14/><G71/><T90/><D129/><N who="3" m="49161" /><G45/><T15/><D6/><U84/><AGARI ba="2,1" hai="21,24,30,39,42,46,75,79,82,84,89,92,124,126" machi="84" ten="30,6000,0" yaku="1,1,0,1,53,1" doraHai="95" doraHaiUra="107" who="1" fromWho="1" sc="224,-22,268,76,254,-22,244,-22" /><INIT seed="1,3,0,3,2,31" ten="202,344,232,222" oya="1" hai0="13,133,90,118,69,64,63,47,75,6,19,129,97" hai1="57,135,85,60,121,125,95,106,55,109,59,35,61" hai2="102,72,105,110,56,81,8,74,26,29,38,20,7" hai3="71,116,111,96,92,130,83,100,36,43,123,127,117"/><U108/><E106/><V53/><F38/><W120/><G71/><T131/><D75/><U86/><E121/><N who="3" m="46666" /><G43/><T87/><D118/><N who="3" m="45673" /><G36/><T11/><D133/><U119/><E119/><V128/><F110/><N who="1" m="42601" /><E135/><V104/><F128/><N who="0" m="49226" /><D47/><U21/><E21/><V2/><F102/><N who="3" m="60679" /><G130/><T80/><D97/><U33/><E125/><V46/><F46/><W134/><G111/><T34/><D6/><U103/><E103/><V16/><F29/><W37/><G37/><T30/><D30/><U42/><E42/><V91/><F72/><W98/><G134/><T50/><D50/><U84/><E95/><V45/><F45/><W15/><G127/><T9/><D9/><U3/><E3/><V77/><REACH who="2" step="1"/><F91/><REACH who="2" ten="202,344,222,222" step="2"/><W24/><G100/><T89/><D89/><U51/><E51/><AGARI ba="3,1" hai="2,7,8,16,20,26,51,53,56,74,77,81,104,105" machi="51" ten="30,7700,0" yaku="1,1,2,1,7,1,54,1,53,0" doraHai="31" doraHaiUra="58" who="2" fromWho="1" sc="202,0,344,-86,222,96,222,0" /><INIT seed="2,0,0,1,3,44" ten="202,258,318,222" oya="2" hai0="91,45,89,87,111,9,57,110,25,12,48,4,104" hai1="37,27,125,106,52,65,80,107,7,60,47,22,51" hai2="56,73,134,108,123,118,0,101,38,122,24,8,61" hai3="105,77,69,13,119,130,19,86,79,64,120,10,92"/><V59/><F118/><W17/><G119/><T129/><D104/><U49/><E125/><V23/><F73/><W83/><G120/><T46/><D129/><U36/><E7/><V2/><F38/><W28/><G105/><T21/><D57/><U82/><E107/><V50/><F101/><W20/><G130/><T72/><D72/><U18/><E106/><V71/><F134/><W81/><G28/><T42/><D46/><U114/><E114/><V103/><F103/><W131/><G131/><T128/><D128/><U63/><E63/><V26/><F108/><N who="0" m="41514" /><D87/><U6/><E6/><V54/><F71/><W5/><G69/><T121/><D121/><U112/><E112/><V66/><F24/><W102/><G64/><T43/><D43/><U113/><E113/><V58/><F58/><W53/><G53/><T76/><D76/><U75/><E51/><V85/><F85/><N who="3" m="48303" /><G20/><T41/><D41/><U70/><REACH who="1" step="1"/><E75/><REACH who="1" ten="202,248,318,222" step="2"/><V16/><F2/><W68/><G68/><T98/><D98/><AGARI ba="0,1" hai="5,10,13,17,19,79,83,86,92,98,102" m="48303" machi="98" ten="30,1000,0" yaku="8,1" doraHai="44" who="3" fromWho="0" sc="202,-10,248,0,318,0,222,20" /><INIT seed="3,0,0,3,1,20" ten="192,248,318,242" oya="3" hai0="74,14,45,67,86,115,64,44,118,114,17,105,108" hai1="110,134,112,123,60,42,91,3,94,52,18,34,41" hai2="106,72,1,40,96,131,81,66,84,104,53,11,5" hai3="30,50,56,49,29,38,78,90,48,109,28,69,80"/><W63/><G38/><T71/><D74/><U22/><E112/><N who="0" m="43049" /><D105/><U75/><E75/><V119/><F119/><W33/><G69/><T13/><D118/><U101/><E123/><V95/><F131/><W125/><G125/><T97/><D97/><U83/><E3/><V70/><F72/><W31/><G90/><T124/><D86/><U7/><E7/><V54/><F40/><W15/><G15/><N who="0" m="5643" /><D71/><U129/><E129/><V21/><F70/><W9/><G9/><T39/><D39/><U57/><E83/><V73/><F73/><W12/><G12/><T133/><D17/><U4/><E101/><V35/><F106/><W55/><N who="3" m="7168" /><DORA hai="46" /><W59/><G33/><T51/><D124/><U68/><E34/><V79/><F104/><W135/><G135/><T43/><D133/><U37/><E134/><V61/><F35/><W26/><G109/><T132/><D132/><U99/><E110/><V100/><F21/><W25/><REACH who="3" step="1"/><G59/><REACH who="3" ten="192,248,318,232" step="2"/><T117/><D108/><U102/><E37/><V85/><F11/><W0/><G0/><T116/><D116/><U88/><E68/><V62/><F1/><W127/><G127/><T27/><D117/><U6/><E91/><V2/><F2/><W36/><G36/><T58/><D58/><U121/><E88/><V82/><F5/><N who="1" m="2153" /><E121/><V122/><F122/><W19/><G19/><T65/><D45/><U126/><E126/><V89/><F82/><W47/><G47/><T32/><D32/><U23/><E18/><V98/><F81/><W128/><G128/><T103/><D103/><U16/><E16/><V87/><F100/><RYUUKYOKU ba="0,1" sc="192,10,248,10,318,-30,232,10" hai0="27,43,44,51,64,65,67" hai1="22,23,41,42,52,57,60,94,99,102" hai3="25,26,48,49,50,55,56,63,78,80" /><INIT seed="3,1,1,4,5,71" ten="202,258,288,242" oya="3" hai0="50,56,70,14,46,134,72,109,39,119,77,85,13" hai1="26,86,55,67,88,48,105,100,98,16,133,115,49" hai2="126,65,21,35,62,96,114,97,122,128,135,36,2" hai3="40,113,5,83,129,111,3,116,73,74,45,28,104"/><W81/><G113/><T10/><D119/><U63/><E115/><V95/><F35/><W27/><G116/><T22/><D70/><U42/><E133/><V68/><F114/><W30/><G104/><T90/><D134/><U64/><E42/><V89/><F135/><W8/><G129/><T47/><D109/><U75/><E75/><V9/><F128/><W66/><G66/><T15/><D72/><U127/><E127/><V58/><F126/><W43/><G111/><T61/><D77/><U108/><E108/><V32/><F32/><W6/><G6/><T102/><D102/><U130/><E130/><V54/><F122/><W107/><G107/><T110/><D22/><U76/><E76/><V37/><F96/><W4/><G27/><T87/><D39/><U118/><E118/><V80/><F80/><W19/><G19/><T92/><D87/><U44/><E49/><V53/><F21/><W11/><REACH who="3" step="1"/><G45/><REACH who="3" ten="202,258,288,232" step="2"/><T57/><D110/><U1/><E67/><V12/><F2/><AGARI ba="1,2" hai="2,3,4,5,8,11,28,30,40,43,73,74,81,83" machi="2" ten="25,18000,2" yaku="1,1,2,1,22,2,53,2" doraHai="71" doraHaiUra="78" who="3" fromWho="2" sc="202,0,258,0,288,-183,232,203" /><INIT seed="3,2,0,1,0,87" ten="202,258,105,435" oya="3" hai0="63,32,132,46,98,61,67,58,24,19,69,52,50" hai1="55,27,4,101,81,89,7,23,92,70,47,90,127" hai2="133,10,54,14,48,11,100,131,108,82,2,80,66" hai3="123,18,44,28,91,117,6,105,51,72,124,96,73"/><W35/><G117/><T75/><D75/><U106/><E70/><V12/><F108/><W116/><G123/><T71/><D132/><U86/><E106/><V31/><F133/><W118/><G6/><T59/><D98/><U104/><E101/><V26/><F131/><W42/><G124/><T126/><D19/><U34/><E34/><V85/><F66/><W103/><G73/><T125/><D24/><U20/><E104/><V9/><F2/><W78/><G28/><T115/><D32/><U97/><E127/><N who="0" m="48649" /><D115/><U76/><E76/><V22/><F100/><W56/><G35/><T49/><D49/><N who="1" m="29119" /><E23/><V1/><F1/><W25/><G72/><T0/><D0/><U130/><E130/><V110/><F110/><W88/><G78/><T77/><D77/><U41/><E41/><AGARI ba="2,0" hai="41,46,50,52,58,59,61,63,67,69,71" m="48649" machi="41" ten="30,7700,0" yaku="18,1,34,2,54,1" doraHai="87" who="0" fromWho="1" sc="202,83,258,-83,105,0,435,0" /><INIT seed="4,0,0,2,1,95" ten="285,175,105,435" oya="0" hai0="37,51,0,73,126,134,22,94,48,26,87,89,93" hai1="109,42,49,20,50,29,58,81,118,108,24,23,13" hai2="133,53,85,54,96,4,107,132,82,3,71,116,103" hai3="7,28,121,113,38,46,99,68,5,124,114,90,31"/><T104/><D37/><U86/><E118/><V80/><F71/><W135/><G68/><T8/><D104/><U115/><E115/><N who="3" m="44042" /><G135/><N who="2" m="51785" /><F116/><W127/><G121/><T41/><D73/><U74/><E74/><V27/><F27/><W11/><G38/><T106/><D106/><U110/><E42/><V6/><F80/><W18/><G46/><T17/><D126/><N who="3" m="48169" /><G99/><T88/><D41/><U9/><E23/><V40/><F40/><W16/><G90/><T25/><D134/><U55/><E50/><V112/><F112/><W44/><G44/><T78/><D78/><U98/><E98/><V43/><F43/><W125/><N who="3" m="48177" /><W14/><DORA hai="19" /><G18/><T128/><D26/><U72/><E72/><V10/><F6/><AGARI ba="0,0" hai="5,6,7,11,14,16,28,31" m="48177,44042" machi="6" ten="50,8000,1" yaku="15,1,18,1,34,2,54,1" doraHai="95,19" who="3" fromWho="2" sc="285,0,175,0,105,-80,435,80" /><INIT seed="5,0,0,5,4,16" ten="285,175,25,515" oya="1" hai0="91,11,39,61,15,129,121,117,35,58,89,1,110" hai1="122,36,53,9,103,88,8,33,51,44,120,83,102" hai2="115,67,127,94,38,101,71,114,69,52,131,100,87" hai3="82,28,4,95,113,106,37,20,81,27,64,41,42"/><U74/><E33/><V72/><F72/><W12/><G106/><T43/><D110/><U49/><E36/><V104/><F38/><W17/><G113/><N who="2" m="43017" /><F67/><W5/><G64/><T22/><D35/><U45/><E122/><V119/><F119/><W32/><G95/><T54/><D117/><U47/><E120/><V31/><F104/><W3/><G5/><T63/><D129/><U65/><E65/><V48/><F131/><W116/><G116/><T76/><D1/><U21/><E74/><V23/><F127/><W107/><G107/><T2/><D2/><U55/><E47/><N who="2" m="27679" /><F87/><W24/><G24/><T26/><D39/><U84/><E21/><V73/><F73/><W96/><G37/><T133/><D22/><U109/><E109/><V70/><F94/><W99/><G82/><T59/><D121/><U34/><E34/><V18/><F31/><W29/><G81/><T132/><D132/><U98/><E103/><V92/><F92/><AGARI ba="0,0" hai="8,9,44,45,49,51,53,55,83,84,88,92,98,102" machi="92" ten="30,11600,0" yaku="7,1,9,1,8,1,54,1" doraHai="16" who="1" fromWho="2" sc="285,0,175,116,25,-116,515,0" owari="285,-11.0,291,9.0,-91,-59.0,515,61.0" /></mjloggm>