<mjloggm ver="2.3"><GO type="169" lobby="0"/><UN n0="%48%61%63%68%69%6E%61%6C" n1="%E3%83%8F%E3%82%B9%E5%A4%AA" n2="%E6%9C%A8%E6%BC%8F%E3%82%8C%E6%97%A5" n3="%E6%B2%96%E3%83%92%E3%82%AB%E3%83%AB%EF%BC%88%E6%9C%AC%E7%89%A9%EF%BC%89" dan="16,16,17,16" rate="2043.03,2136.39,2183.31,2064.66" sx="M,M,M,F"/><TAIKYOKU oya="0"/><INIT seed="0,0,0,5,0,51" ten="250,250,250,250" oya="0" hai0="93,0,69,76,107,53,28,68,1,102,90,123,80" hai1="17,8,29,122,66,14,31,43,120,98,36,70,128" hai2="81,18,86,75,108,127,23,114,21,67,26,61,118" hai3="10,113,131,74,115,34,117,22,96,134,50,35,121"/><T54/><D123/><U84/><E128/><V56/><F114/><W25/><G74/><N who="0" m="43031" /><D28/><U55/><E36/><V99/><F108/><W89/><G117/><T11/><D69/><U72/><E72/><V109/><F109/><W19/><G121/><T105/><D68/><U85/><E43/><V62/><F127/><W82/><G10/><T130/><D107/><U132/><E70/><V77/><F118/><W33/><G131/><T104/><D104/><U103/><E66/><V88/><F62/><W59/><G82/><T38/><D38/><U3/><E3/><N who="0" m="1097" /><D11/><U20/><E8/><V16/><F75/><W40/><G59/><T79/><D79/><U126/><E126/><V91/><F99/><W65/><G65/><T124/><D124/><U112/><E112/><V15/><AGARI ba="0,0" hai="15,16,18,21,23,26,56,61,67,77,81,86,88,91" machi="15" ten="20,8000,1" yaku="0,1,7,1,8,1,54,2" doraHai="51" who="2" fromWho="2" sc="250,-40,250,-20,250,80,250,-20" /><INIT seed="1,0,0,1,2,8" ten="210,230,330,230" oya="1" hai0="124,101,120,89,56,61,80,5,24,9,67,21,66" hai1="52,32,78,60,54,110,25,31,41,111,49,14,40" hai2="28,38,36,4,42,107,72,87,76,116,13,112,94" hai3="75,118,57,48,81,128,15,123,50,10,68,85,46"/><U23/><E78/><V34/><F107/><W65/><G75/><T7/><D124/><U59/><E32/><V73/><F116/><W126/><G118/><T55/><D120/><U43/><E14/><V51/><F112/><W114/><G123/><T35/><D101/><U115/><E115/><V45/><F73/><W58/><G114/><T79/><D89/><U84/><E84/><V77/><F72/><W47/><G68/><T134/><D134/><U26/><REACH who="1" step="1"/><E25/><REACH who="1" ten="210,220,330,230" step="2"/><V132/><F77/><W64/><G126/><T99/><D35/><U11/><E11/><V95/><F34/><W63/><G15/><T33/><D33/><U82/><E82/><V62/><F13/><W18/><G10/><T2/><D7/><U135/><E135/><V113/><F113/><W104/><G85/><T119/><D119/><U96/><E96/><V44/><F132/><W71/><G81/><T70/><D99/><U74/><E74/><V12/><F87/><W98/><G98/><T93/><D80/><U88/><E88/><V29/><F76/><W92/><G104/><T105/><D79/><U122/><E122/><V97/><F97/><W133/><G133/><T27/><D105/><U106/><E106/><V86/><F86/><W20/><G92/><T125/><D93/><U0/><E0/><V16/><F95/><W53/><G20/><T37/><D125/><U91/><E91/><V22/><F94/><W1/><G1/><T109/><D21/><U39/><E39/><V30/><F4/><W121/><G121/><T103/><D37/><U69/><E69/><V127/><F127/><RYUUKYOKU ba="0,1" sc="210,-10,220,30,330,-10,230,-10" hai1="23,26,31,40,41,43,49,52,54,59,60,110,111" /><INIT seed="1,1,1,1,0,77" ten="200,250,320,220" oya="1" hai0="26,58,106,118,19,116,122,64,98,40,33,97,30" hai1="24,125,123,73,83,17,80,90,55,12,13,67,121" hai2="89,128,84,111,113,43,76,130,41,110,20,105,47" hai3="60,120,72,61,23,133,71,14,6,4,91,66,63"/><U2/><E2/><V35/><F35/><W11/><G120/><T100/><D122/><U86/><E67/><V54/><F105/><W21/><G72/><T75/><D75/><U0/><E0/><V94/><F113/><W82/><G133/><T108/><D108/><N who="2" m="41514" /><F20/><W10/><G71/><T117/><D40/><N who="2" m="15434" /><F76/><W119/><G66/><T132/><D132/><U131/><E131/><N who="2" m="50219" /><F54/><W9/><G119/><T34/><D34/><U99/><E123/><V126/><F47/><W37/><G21/><T85/><D116/><U88/><E55/><V96/><F96/><W32/><G32/><T48/><D98/><U1/><E99/><V114/><F114/><W44/><G23/><T27/><D33/><U3/><E121/><V103/><F103/><W135/><G44/><T49/><D106/><U93/><E73/><V51/><F51/><W39/><G135/><T101/><D49/><U53/><E53/><V70/><F70/><W36/><G14/><T109/><D48/><U92/><E86/><AGARI ba="1,1" hai="4,6,9,10,11,36,37,39,60,61,63,82,86,91" machi="86" ten="50,6400,0" yaku="29,2,52,1" doraHai="77" who="3" fromWho="1" sc="200,0,250,-67,320,0,220,77" /><INIT seed="2,0,0,4,2,21" ten="200,183,320,297" oya="2" hai0="20,15,11,83,131,123,107,53,129,115,124,23,60" hai1="45,79,0,31,77,38,13,86,75,41,93,6,114" hai2="97,100,112,17,39,130,28,50,59,3,116,29,78" hai3="1,64,32,42,106,36,87,113,126,5,118,102,89"/><V37/><F112/><W49/><G36/><T44/><D115/><U73/><E114/><V74/><F116/><W80/><G32/><T90/><D123/><U19/><E31/><V134/><F3/><W70/><G118/><T111/><D107/><U9/><E79/><V66/><F130/><N who="0" m="49674" /><D111/><U92/><E92/><V16/><F134/><W119/><G102/><T133/><D133/><U81/><REACH who="1" step="1"/><E93/><REACH who="1" ten="200,173,320,297" step="2"/><V96/><F29/><W99/><G113/><T51/><D124/><U43/><E43/><V132/><F132/><W125/><G42/><T33/><D83/><U105/><E105/><V35/><F28/><W120/><G80/><T58/><D90/><U101/><E101/><V4/><F100/><W34/><G89/><T54/><D33/><U135/><E135/><V27/><F35/><W63/><G106/><T68/><D68/><U55/><E55/><V71/><F71/><W18/><G70/><T52/><D54/><U57/><E57/><V40/><F59/><W117/><G34/><T128/><D128/><U85/><E85/><V72/><F78/><W24/><G87/><T122/><D122/><U88/><E88/><V62/><F40/><W109/><G120/><T8/><D53/><U121/><E121/><V84/><F84/><W94/><G126/><T91/><D91/><U61/><E61/><V12/><F62/><W25/><G119/><T30/><D30/><U47/><E47/><V48/><F97/><W76/><G125/><T46/><D60/><U65/><E65/><V127/><F127/><W98/><G117/><T14/><D46/><U110/><E110/><RYUUKYOKU ba="0,1" sc="200,-10,173,30,320,-10,297,-10" hai1="0,6,9,13,19,38,41,45,73,75,77,81,86" /><INIT seed="3,1,1,3,3,19" ten="190,203,310,287" oya="3" hai0="43,97,49,9,129,98,13,2,70,60,120,58,118" hai1="114,84,38,130,115,121,105,12,74,96,54,47,36" hai2="66,52,21,24,108,59,23,3,122,5,94,0,107" hai3="92,4,110,124,31,79,71,133,64,26,46,106,8"/><W90/><G133/><T45/><D118/><U34/><E121/><V81/><F107/><W29/><G106/><T112/><D120/><U15/><E74/><V72/><F122/><W101/><G101/><T32/><D32/><U85/><E34/><V25/><F66/><W51/><G79/><T123/><D123/><U125/><E105/><V50/><F108/><W42/><G110/><T126/><D129/><U57/><E47/><V77/><F5/><W109/><G109/><T40/><D2/><U11/><E96/><V83/><F94/><W86/><G124/><T128/><D128/><U111/><E111/><V76/><F3/><W104/><G104/><T10/><D126/><U44/><E130/><V33/><F0/><W18/><G64/><N who="0" m="38935" /><D70/><U132/><E125/><V30/><F25/><W41/><G41/><N who="0" m="24751" /><D10/><U119/><E11/><V102/><F102/><W91/><G71/><T37/><D37/><U14/><E119/><V1/><F1/><W113/><G90/><T88/><D112/><U99/><E115/><V116/><F116/><W103/><G103/><T82/><D98/><U16/><E99/><V39/><F39/><W95/><G113/><T28/><D28/><U75/><E38/><V53/><F53/><W63/><G31/><T48/><D48/><N who="1" m="30919" /><E75/><AGARI ba="1,1" hai="21,23,24,30,33,50,52,59,72,75,76,77,81,83" machi="75" ten="30,8000,1" yaku="7,1,9,1,52,2,54,1" doraHai="19" who="2" fromWho="1" sc="190,0,203,-83,310,93,287,0" /><INIT seed="4,0,0,5,1,7" ten="190,120,403,287" oya="0" hai0="59,43,120,35,112,2,47,133,88,77,8,27,24" hai1="127,109,22,108,5,28,132,12,66,83,98,102,73" hai2="72,25,117,135,111,130,55,26,87,65,119,9,54" hai3="123,103,15,114,63,96,1,97,89,113,21,69,91"/><T57/><D120/><U106/><E132/><V31/><F72/><W36/><G36/><T101/><D133/><U60/><E127/><V30/><F135/><W126/><G126/><T61/><D101/><U44/><E44/><V41/><F111/><W94/><G1/><T34/><D112/><U100/><E100/><V46/><F65/><W128/><G123/><T121/><D121/><U78/><E28/><V53/><F87/><W131/><G69/><T71/><D77/><U115/><E115/><N who="3" m="44042" /><G63/><T74/><D74/><U20/><E20/><V90/><F90/><N who="3" m="55383" /><G21/><T32/><D71/><U14/><E14/><V105/><F105/><N who="3" m="63727" /><G15/><T64/><D59/><U10/><REACH who="1" step="1"/><E22/><REACH who="1" ten="190,110,403,287" step="2"/><V45/><F31/><W16/><G131/><T51/><REACH who="0" step="1"/><D88/><REACH who="0" ten="180,110,403,287" step="2"/><U38/><E38/><V11/><F130/><W42/><G128/><T104/><D104/><U82/><E82/><V80/><F80/><W110/><G91/><T122/><D122/><U67/><E67/><V29/><F55/><W116/><G89/><T85/><D85/><U18/><E18/><V37/><F37/><W93/><G16/><T118/><D118/><U107/><E107/><V49/><F41/><W86/><G42/><T33/><N who="0" m="8192" /><DORA hai="48" /><T40/><D40/><U3/><E3/><V6/><F119/><W68/><G116/><T23/><D23/><U52/><E52/><V79/><F117/><W92/><G92/><T19/><D19/><U76/><E76/><V4/><F79/><W13/><G93/><T0/><D0/><U58/><AGARI ba="0,2" hai="5,10,12,58,60,66,73,78,83,98,102,106,108,109" machi="58" ten="20,5200,0" yaku="1,1,0,1,7,1,52,1,53,0" doraHai="7,48" doraHaiUra="125,70" who="1" fromWho="1" sc="180,-26,110,72,403,-13,287,-13" /><INIT seed="5,0,0,1,3,0" ten="154,182,390,274" oya="1" hai0="47,19,57,135,33,127,112,123,105,28,88,97,20" hai1="84,62,8,75,82,50,117,24,13,78,46,111,55" hai2="68,37,92,134,91,70,35,42,76,66,15,32,38" hai3="41,22,39,126,34,109,106,83,64,21,114,101,61"/><U132/><E132/><V59/><F76/><W73/><G109/><T60/><D112/><U65/><E111/><V2/><F2/><W113/><G34/><T121/><D135/><U81/><E117/><V100/><F100/><W52/><G126/><T125/><D47/><U23/><E75/><V10/><F59/><W129/><G129/><T5/><D33/><U1/><E1/><V104/><F104/><W119/><G119/><T99/><D28/><U4/><E82/><V25/><F42/><W79/><G41/><T48/><D48/><U18/><E65/><V31/><F35/><W131/><G39/><T110/><D110/><U58/><REACH who="1" step="1"/><E46/><REACH who="1" ten="154,172,390,274" step="2"/><V69/><F66/><W53/><G114/><T36/><D125/><U44/><E44/><V26/><F134/><W80/><G80/><T94/><D127/><U29/><E29/><V74/><F74/><W9/><G83/><T54/><D123/><U85/><E85/><V11/><F31/><W56/><G73/><T45/><D121/><U120/><E120/><V89/><F38/><W72/><G64/><T102/><D36/><U17/><E17/><V63/><F37/><W115/><G72/><T124/><D45/><U87/><E87/><V7/><F7/><W12/><G115/><T96/><D124/><U133/><E133/><V51/><F70/><W107/><G113/><T49/><D97/><U6/><E6/><V95/><F69/><W108/><G108/><T3/><D3/><U27/><E27/><V130/><F68/><W86/><G86/><T77/><D5/><U16/><E16/><V90/><F26/><RYUUKYOKU ba="0,1" sc="154,-10,172,30,390,-10,274,-10" hai1="4,8,13,18,23,24,50,55,58,62,78,81,84" /><INIT seed="5,1,1,2,3,14" ten="144,202,380,264" oya="1" hai0="102,17,53,125,97,88,76,82,101,21,73,13,109" hai1="40,126,48,131,81,4,106,45,85,75,59,69,111" hai2="55,117,41,27,42,66,120,121,134,30,36,68,24" hai3="94,3,86,8,104,127,132,19,71,112,103,99,78"/><U61/><E131/><V18/><F117/><W15/><G71/><T0/><D109/><U87/><E111/><V90/><F134/><W72/><G132/><T58/><D0/><U93/><E126/><V114/><F114/><W1/><G127/><T7/><D125/><U51/><E106/><V135/><F135/><W79/><G79/><T2/><D7/><U122/><E122/><V124/><F124/><W25/><G112/><T44/><D44/><U65/><E75/><V9/><F55/><W10/><G10/><T70/><D70/><U64/><E4/><V33/><F90/><N who="3" m="53591" /><G25/><T43/><D43/><U95/><E87/><V84/><F84/><W6/><G6/><T22/><D2/><U49/><E69/><V91/><F27/><W98/><G98/><T77/><D77/><U12/><E12/><V11/><F68/><W16/><G19/><T28/><D28/><U116/><E64/><V96/><F66/><W83/><AGARI ba="1,1" hai="1,3,8,15,16,72,78,83,99,103,104" m="53591" machi="83" ten="30,4000,0" yaku="24,1,52,1,54,1" doraHai="14" who="3" fromWho="3" sc="144,-11,202,-21,380,-11,264,53" /><INIT seed="6,0,0,1,1,91" ten="133,181,369,317" oya="2" hai0="46,56,101,8,61,133,20,82,109,41,106,45,37" hai1="34,22,24,62,58,50,92,85,31,52,120,115,100" hai2="72,13,127,77,43,111,90,114,1,36,78,83,66" hai3="16,65,89,79,110,42,135,96,105,49,132,39,3"/><V119/><F1/><W86/><G3/><T15/><D109/><U63/><E115/><V99/><F66/><W53/><G65/><T5/><D133/><U12/><E120/><V87/><F43/><W19/><G79/><T10/><D46/><U95/><E100/><V27/><F36/><W93/><G110/><T112/><D112/><U74/><E74/><V28/><F13/><W73/><G73/><T84/><D106/><U80/><E34/><V59/><F59/><W129/><G129/><T17/><D101/><U81/><E12/><V108/><F27/><W94/><G105/><T47/><D47/><N who="1" m="27743" /><E80/><N who="2" m="45095" /><F28/><W69/><G69/><T116/><D5/><U121/><E121/><V70/><F70/><W68/><G68/><T107/><D107/><U102/><E102/><V38/><F38/><W40/><G39/><T103/><D103/><U71/><E71/><V48/><F114/><W30/><G42/><T60/><D116/><U75/><E75/><N who="2" m="43487" /><F119/><W57/><G40/><T21/><D8/><U122/><E122/><V113/><F113/><W64/><G135/><T9/><D9/><U104/><E104/><V44/><F111/><W23/><G132/><T125/><D125/><U97/><E63/><N who="0" m="24137" /><D56/><U134/><E134/><V51/><F127/><W0/><G0/><T88/><D37/><U11/><E11/><V55/><F108/><W33/><G33/><T25/><D25/><U123/><E123/><V131/><F131/><W98/><G57/><T117/><D117/><U18/><E24/><V67/><F44/><W126/><G126/><T130/><D130/><U128/><E128/><RYUUKYOKU ba="0,0" sc="133,30,181,-10,369,-10,317,-10" hai0="10,15,17,20,21,41,45,82,84,88" /><INIT seed="7,1,0,2,5,81" ten="163,171,359,307" oya="3" hai0="11,1,114,58,74,60,117,127,65,132,78,93,109" hai1="69,61,57,3,124,105,101,52,123,8,41,12,79" hai2="92,2,56,7,68,95,80,82,84,5,38,23,25" hai3="72,115,37,9,70,112,113,45,75,86,17,24,34"/><W119/><G70/><T104/><D109/><U66/><E123/><V19/><F68/><W121/><G121/><T100/><D117/><U130/><E124/><V46/><F2/><W36/><G119/><T21/><D93/><N who="2" m="35914" /><F38/><N who="3" m="14955" /><G45/><T73/><D127/><U54/><E79/><N who="2" m="46111" /><F46/><W107/><G107/><T35/><D132/><U20/><E105/><V126/><F126/><W67/><G67/><T116/><D116/><U4/><E66/><V131/><F131/><W29/><G86/><T77/><D35/><U51/><E130/><V71/><F71/><W76/><G76/><T15/><D1/><U33/><E33/><V120/><F120/><W111/><G111/><T55/><D114/><U128/><E69/><V134/><F134/><W94/><G94/><T63/><D74/><N who="3" m="28201" /><G17/><N who="0" m="8447" /><D73/><U97/><E128/><V129/><F129/><W18/><G18/><T85/><D104/><U31/><E3/><V122/><F122/><W96/><G9/><T50/><D100/><U27/><E41/><V89/><F56/><W108/><G108/><T99/><D99/><AGARI ba="1,0" hai="24,29,34,96,99,112,113,115" m="28201,14955" machi="99" ten="40,2000,0" yaku="15,1" doraHai="81" who="3" fromWho="0" sc="163,-23,171,0,359,0,307,23" /><INIT seed="7,2,0,0,1,89" ten="140,171,359,330" oya="3" hai0="80,54,13,101,15,28,72,48,133,100,12,96,3" hai1="70,45,108,124,90,134,11,46,35,91,93,30,49" hai2="19,63,10,21,25,120,76,87,135,116,106,84,127" hai3="118,50,18,41,74,117,59,109,132,130,60,98,38"/><W6/><G74/><T14/><D3/><U104/><E104/><V26/><F106/><W20/><G6/><T69/><D69/><U121/><E108/><V23/><F116/><W7/><G7/><T16/><D133/><U43/><E121/><V128/><F135/><W64/><G132/><T99/><D28/><U103/><E134/><V36/><F36/><W111/><G98/><N who="0" m="37419" /><D72/><U85/><E70/><V68/><F120/><W113/><G38/><T75/><D75/><U83/><E124/><V40/><F127/><W53/><G41/><T102/><D80/><U4/><E35/><V129/><F40/><W114/><G130/><N who="2" m="50281" /><F10/><W123/><G123/><T29/><D29/><U78/><E30/><N who="2" m="17711" /><F76/><W61/><G118/><T47/><D102/><U112/><E103/><V105/><F105/><W95/><G117/><T44/><D44/><U17/><E46/><V55/><F55/><W119/><G119/><T52/><D54/><U51/><E43/><V24/><F24/><N who="3" m="14359" /><G61/><T1/><D1/><U73/><E73/><V131/><F131/><W33/><G33/><T110/><D110/><N who="3" m="41993" /><G95/><T77/><D77/><U2/><E93/><V32/><F32/><W66/><G66/><AGARI ba="2,0" hai="19,23,26,63,66,68,84,87" m="17711,50281" machi="66" ten="30,1000,0" yaku="19,1" doraHai="89" who="2" fromWho="3" sc="140,0,171,0,359,16,330,-16" owari="140,-36.0,171,-23.0,375,48.0,314,11.0" /></mjloggm>