<mjloggm ver="2.3"><GO type="169" lobby="0"/><UN n0="%E3%83%AA%E3%83%92%E3%83%A3" n1="%E5%8D%97%E5%B8%9D%E5%8D%97%E6%B5%A6" n2="%E4%B8%AD%E5%B7%9D%E5%86%85%E9%9B%AA%E9%9F%B3" n3="%E3%81%BF%E3%81%A3%E3%81%8D%E3%83%BC" dan="16,16,16,17" rate="2080.84,2084.91,2126.42,2200.72" sx="M,F,F,M"/><TAIKYOKU oya="0"/><INIT seed="0,0,0,5,1,17" ten="250,250,250,250" oya="0" hai0="30,86,52,116,97,55,133,4,76,8,38,94,47" hai1="45,70,113,19,82,69,108,15,115,11,16,58,54" hai2="25,125,74,78,31,75,22,49,132,79,122,81,90" hai3="128,110,96,120,99,66,51,114,103,43,39,109,10"/><T23/><D116/><U6/><E108/><N who="3" m="41578" /><G114/><N who="1" m="43530" /><E82/><V28/><F122/><W59/><G39/><T3/><D133/><U135/><E135/><V117/><F132/><W129/><G120/><T63/><D63/><N who="1" m="36311" /><E45/><V62/><F117/><W53/><G66/><T73/><D97/><U134/><E134/><V26/><F125/><W72/><G72/><T89/><D76/><U77/><E77/><V88/><F62/><W46/><G10/><T35/><D35/><U87/><E87/><V14/><F14/><W27/><G27/><T101/><D101/><U71/><AGARI ba="0,0" hai="6,11,15,16,19,69,70,71" m="36311,43530" machi="71" ten="40,2700,0" yaku="11,1,54,1" doraHai="17" who="1" fromWho="1" sc="250,-13,250,27,250,-7,250,-7" /><INIT seed="1,0,0,1,1,3" ten="237,277,243,243" oya="1" hai0="31,114,112,29,48,20,61,133,104,51,94,105,7" hai1="25,79,9,66,81,124,110,11,42,6,131,107,97" hai2="24,32,30,117,125,38,15,26,59,82,21,19,67" hai3="83,50,78,132,16,47,56,18,64,109,98,39,95"/><U102/><E124/><V88/><F125/><W118/><G109/><T0/><D61/><U135/><E131/><V68/><F117/><W127/><G127/><T36/><D36/><U43/><E135/><V1/><F38/><W77/><G132/><T17/><D133/><U91/><E110/><V62/><F1/><W121/><G121/><T96/><D0/><U63/><E11/><V93/><F82/><W80/><G39/><T10/><D104/><U115/><E25/><V37/><F37/><W103/><G56/><T86/><D105/><U128/><E128/><V33/><F68/><W111/><G64/><T106/><D106/><U119/><E119/><V100/><F100/><W72/><G111/><T40/><D86/><U101/><E101/><V75/><F75/><W116/><G116/><T46/><D51/><U41/><E115/><V123/><F123/><W13/><G13/><N who="0" m="5343" /><D114/><U52/><E91/><V90/><REACH who="2" step="1"/><F93/><REACH who="2" ten="237,277,233,243" step="2"/><W65/><G118/><T126/><D112/><U58/><E81/><V73/><F73/><W12/><G80/><T55/><D126/><U134/><E134/><V54/><F54/><N who="3" m="30047" /><G65/><T99/><D55/><U108/><E108/><V130/><F130/><W122/><G122/><T28/><D94/><U120/><E120/><V84/><F84/><W49/><G83/><T35/><D35/><U34/><E34/><V4/><F4/><W113/><G72/><T60/><D60/><U92/><E107/><V2/><F2/><W23/><G113/><T8/><D8/><U14/><E66/><V129/><F129/><W76/><G49/><T22/><D22/><RYUUKYOKU ba="0,1" sc="237,0,277,0,233,0,243,0" hai0="17,20,28,29,31,40,46,48,96,99" hai1="6,9,14,41,42,43,52,58,63,79,92,97,102" hai2="15,19,21,24,26,30,32,33,59,62,67,88,90" hai3="12,16,18,23,76,77,78,95,98,103" /><INIT seed="1,1,1,0,5,0" ten="237,277,233,243" oya="1" hai0="9,115,45,14,16,88,65,33,50,133,62,120,92" hai1="56,128,134,25,11,19,79,36,107,135,35,126,116" hai2="112,52,109,91,121,127,110,101,44,96,24,38,3" hai3="76,90,2,42,7,113,85,73,8,105,43,1,81"/><U59/><E116/><V111/><F121/><W98/><G113/><T20/><D133/><N who="1" m="50699" /><E36/><V72/><F112/><W63/><G1/><T15/><D33/><U122/><E107/><V64/><F127/><W114/><G114/><T60/><D120/><U67/><E122/><V46/><F72/><W78/><G63/><T129/><D129/><U117/><E117/><V130/><F130/><W39/><G76/><T104/><D104/><U41/><E41/><V61/><F3/><W54/><G54/><N who="0" m="30031" /><D65/><U23/><E79/><V97/><F101/><N who="3" m="62647" /><G39/><T69/><D69/><U57/><E128/><V27/><F46/><W94/><AGARI ba="1,1" hai="2,7,8,42,43,73,78,81,85,90,94" m="62647" machi="94" ten="30,2000,0" yaku="24,1,52,1" doraHai="0" who="3" fromWho="3" sc="237,-6,277,-11,233,-6,243,33" /><INIT seed="2,0,0,2,2,120" ten="231,266,227,276" oya="2" hai0="8,16,118,4,95,88,115,22,122,18,80,117,82" hai1="128,129,71,116,32,27,0,133,50,60,66,23,107" hai2="96,83,126,64,28,100,108,112,130,70,125,119,31" hai3="6,49,41,68,5,38,10,67,92,30,15,47,34"/><V65/><F112/><W99/><G34/><T97/><D122/><U63/><E116/><N who="0" m="44649" /><D115/><U73/><E133/><V1/><F119/><W19/><G30/><N who="2" m="11305" /><F70/><W3/><G68/><T105/><D105/><U13/><E107/><V110/><F1/><W74/><G74/><T127/><D127/><N who="2" m="48650" /><F83/><N who="0" m="31786" /><D22/><U26/><E73/><V44/><F44/><W87/><G67/><N who="2" m="25673" /><F130/><W91/><G3/><AGARI ba="0,0" hai="3,4,8,16,18,88,95,97" m="31786,44649" machi="3" ten="30,3900,0" yaku="12,1,54,2" doraHai="120" who="0" fromWho="3" sc="231,39,266,0,227,0,276,-39" /><INIT seed="3,0,0,0,2,82" ten="270,266,227,237" oya="3" hai0="65,124,68,121,11,120,83,126,70,45,79,117,38" hai1="109,88,39,93,75,48,67,5,58,131,33,122,133" hai2="44,69,62,73,66,55,57,32,21,98,130,78,14" hai3="101,103,64,60,102,110,132,111,123,31,96,28,86"/><W3/><G123/><N who="0" m="47179" /><D11/><U118/><E122/><V9/><F130/><W134/><G3/><T53/><D83/><U104/><E104/><V94/><F32/><W20/><G96/><T74/><D79/><U61/><E109/><V76/><F73/><W116/><G116/><T127/><D74/><U1/><E39/><V97/><F21/><W99/><G99/><T23/><D23/><U18/><E75/><V72/><F44/><W43/><G43/><N who="0" m="22775" /><D117/><U87/><E33/><V92/><F72/><W129/><G129/><T6/><D6/><U34/><E34/><V41/><F41/><W56/><G20/><T24/><D24/><U13/><E118/><V105/><F94/><W77/><G28/><T47/><D65/><U54/><E131/><V85/><F105/><W15/><G15/><T112/><D112/><U63/><E133/><N who="3" m="51306" /><G31/><T80/><D80/><AGARI ba="0,0" hai="56,60,64,77,80,86,101,102,103,110,111" m="51306" machi="80" ten="40,3900,0" yaku="20,1,52,1" doraHai="82" who="3" fromWho="0" sc="270,-39,266,0,227,0,237,39" /><INIT seed="3,1,0,4,5,30" ten="231,266,227,276" oya="3" hai0="15,48,110,81,112,17,131,102,49,5,127,38,11" hai1="29,28,73,52,61,129,65,1,108,40,43,34,130" hai2="23,123,135,113,99,80,55,60,106,105,121,84,59" hai3="120,70,124,132,2,21,122,16,64,92,45,22,19"/><W47/><G2/><T98/><D110/><U53/><E73/><V100/><F113/><W6/><G6/><T62/><D131/><N who="1" m="50187" /><E1/><V18/><F106/><W83/><G124/><T111/><D111/><U116/><E108/><V96/><F96/><W97/><G83/><T77/><D38/><U3/><E3/><V26/><REACH who="2" step="1"/><F135/><REACH who="2" ten="231,266,217,276" step="2"/><W75/><G132/><T118/><D112/><U86/><E116/><V95/><F95/><W74/><G92/><T51/><D118/><U50/><E86/><V91/><AGARI ba="1,1" hai="18,23,26,55,59,60,80,84,91,99,100,105,121,123" machi="91" ten="30,2000,0" yaku="1,1,0,1,53,0" doraHai="30" doraHaiUra="72" who="2" fromWho="2" sc="231,-6,266,-6,217,33,276,-11" /><INIT seed="4,0,0,3,5,19" ten="225,260,250,265" oya="0" hai0="77,18,70,51,69,33,122,20,10,27,8,94,57" hai1="113,42,90,129,121,28,62,120,23,30,12,54,83" hai2="5,118,48,39,34,116,95,49,80,130,44,112,50" hai3="79,0,100,124,55,110,53,71,2,72,73,82,3"/><T106/><D106/><U92/><E129/><V41/><F34/><W115/><G110/><T105/><D105/><U135/><E135/><V9/><F112/><W58/><G71/><T40/><D122/><U81/><E113/><V99/><F130/><W46/><G115/><T22/><D33/><U7/><E120/><V61/><F61/><W102/><G124/><T43/><D70/><U98/><E42/><N who="0" m="15913" /><D69/><U13/><E121/><V128/><F128/><W101/><G46/><T89/><D77/><U60/><E30/><V76/><F95/><W63/><REACH who="3" step="1"/><G55/><REACH who="3" ten="225,260,250,255" step="2"/><N who="0" m="31999" /><D22/><U104/><E54/><V123/><F123/><W16/><G16/><T97/><AGARI ba="0,1" hai="8,10,18,20,27,89,94,97" m="31999,15913" machi="97" ten="30,3000,0" yaku="8,1,52,1" doraHai="19" who="0" fromWho="0" sc="225,40,260,-10,250,-10,255,-10" /><INIT seed="4,1,0,2,1,81" ten="265,250,240,245" oya="0" hai0="48,40,27,113,107,36,118,117,15,90,3,10,53" hai1="123,65,32,35,82,63,108,20,78,91,128,80,92" hai2="115,51,134,95,114,55,98,67,99,14,7,68,25" hai3="77,18,103,30,102,21,46,62,73,38,22,87,19"/><T74/><D113/><U64/><E123/><V72/><F72/><W96/><G73/><T83/><D107/><U24/><E108/><V122/><F122/><W39/><G30/><T71/><D71/><U59/><E128/><V2/><F2/><W9/><G9/><T131/><D131/><U97/><E82/><V47/><F134/><W69/><G69/><T45/><D27/><U49/><E49/><V13/><F99/><W79/><G62/><T4/><D15/><U23/><E23/><V100/><F25/><W28/><G46/><T88/><D118/><U12/><E12/><V111/><F111/><W17/><G96/><T135/><D135/><U43/><E43/><V11/><F14/><W33/><G17/><T101/><D101/><U129/><E129/><V26/><F67/><W61/><G61/><T5/><D5/><U124/><E124/><V57/><F68/><W42/><G42/><T1/><D1/><U54/><E35/><V37/><F37/><W89/><G33/><T50/><D50/><U127/><E32/><V16/><REACH who="2" step="1"/><F47/><REACH who="2" ten="265,250,230,245" step="2"/><W58/><G38/><T93/><D117/><U133/><E127/><V132/><F132/><W106/><G39/><T29/><D36/><U66/><E133/><V31/><F31/><W76/><G28/><T34/><D29/><N who="1" m="17543" /><E65/><V119/><F119/><W41/><G58/><N who="0" m="33063" /><D34/><U8/><E66/><V116/><F116/><W121/><G121/><T112/><D74/><N who="1" m="43095" /><E64/><V110/><F110/><W60/><G18/><T85/><D45/><U125/><E125/><V0/><F0/><W84/><G19/><T52/><D3/><RYUUKYOKU ba="1,1" sc="265,-15,250,15,230,15,245,-15" hai1="8,54,59,63,91,92,97" hai2="7,11,13,16,26,51,55,57,95,98,100,114,115" /><INIT seed="5,2,1,3,4,8" ten="250,265,245,230" oya="1" hai0="3,103,130,64,135,31,110,122,92,89,60,20,77" hai1="46,12,65,41,1,114,52,121,109,93,100,54,69" hai2="6,78,50,85,124,5,66,49,83,113,87,90,24" hai3="74,45,9,123,28,134,127,18,97,71,118,101,35"/><U67/><E121/><V112/><F124/><W91/><G123/><T73/><D3/><U32/><E1/><V94/><F66/><N who="1" m="25097" /><E69/><V23/><F49/><W59/><G71/><T128/><D110/><U33/><E33/><V4/><REACH who="2" step="1"/><F50/><REACH who="2" ten="250,265,235,230" step="2"/><W47/><G127/><T15/><D122/><U0/><E109/><V22/><F22/><W10/><G35/><T30/><D20/><U48/><E114/><V105/><F105/><W61/><G118/><T86/><D64/><U62/><E32/><V76/><F76/><W37/><G37/><T68/><D77/><U75/><E62/><V51/><F51/><W117/><G61/><T119/><D60/><U27/><E75/><V44/><F44/><W26/><G47/><T11/><D73/><U82/><E46/><V102/><F102/><W129/><G45/><T53/><D103/><U111/><E48/><V17/><AGARI ba="2,2" hai="4,5,6,17,23,24,78,83,85,87,90,94,112,113" machi="17" ten="30,2000,0" yaku="1,1,0,1,53,0" doraHai="8" doraHaiUra="29" who="2" fromWho="2" sc="250,-7,265,-12,235,46,230,-7" /><INIT seed="6,0,0,1,3,112" ten="243,253,281,223" oya="2" hai0="96,45,6,108,116,0,13,50,91,42,54,48,84" hai1="31,10,53,129,105,74,134,90,117,57,72,34,62" hai2="25,124,66,52,114,24,75,102,64,51,19,1,40" hai3="71,101,21,95,85,100,89,46,125,12,59,127,26"/><V86/><F75/><W17/><G71/><T110/><D0/><U93/><E105/><V83/><F1/><W23/><G46/><T35/><D35/><U70/><E134/><V11/><F114/><W111/><G111/><T55/><D42/><U109/><E129/><V28/><F124/><W82/><G59/><T94/><D116/><U99/><E109/><V115/><F115/><W77/><G127/><T30/><D30/><U121/><E121/><V107/><F40/><W4/><G125/><T3/><D3/><U14/><E70/><V133/><F102/><W39/><G39/><T15/><D6/><U120/><E120/><V103/><F103/><W68/><G68/><T44/><D110/><U106/><E106/><V73/><F73/><W22/><G22/><T118/><D118/><U123/><E123/><V135/><F107/><W126/><G126/><T56/><D56/><U65/><E65/><N who="2" m="25195" /><F28/><W36/><G36/><T97/><D108/><U98/><E117/><V18/><F25/><W132/><G132/><N who="2" m="50761" /><F24/><W119/><G119/><T60/><D60/><U87/><E74/><V43/><F11/><W29/><REACH who="3" step="1"/><G4/><REACH who="3" ten="243,253,281,213" step="2"/><T61/><D61/><U38/><E38/><V8/><F43/><W76/><G76/><T49/><D49/><U41/><E41/><V5/><F5/><W37/><G37/><T113/><D113/><U69/><E69/><V27/><F8/><W33/><G33/><T81/><REACH who="0" step="1"/><D97/><AGARI ba="0,1" hai="12,17,21,23,26,29,77,82,85,89,95,97,100,101" machi="97" ten="30,3900,0" yaku="1,1,7,1,8,1,53,0" doraHai="112" doraHaiUra="63" who="3" fromWho="0" sc="243,-39,253,0,281,0,213,49" /><INIT seed="7,0,0,0,2,60" ten="204,253,281,262" oya="3" hai0="86,11,102,2,49,110,109,134,9,43,114,94,92" hai1="105,6,55,33,20,115,131,121,31,30,80,50,126" hai2="4,45,29,79,10,41,69,22,113,75,35,23,84" hai3="62,19,54,76,56,14,38,124,65,0,44,127,73"/><W1/><G76/><T18/><D134/><U88/><E121/><V90/><F113/><W8/><G73/><T72/><D72/><U117/><E105/><V67/><F35/><W40/><REACH who="3" step="1"/><G54/><REACH who="3" ten="204,253,281,252" step="2"/><T82/><D114/><U133/><E115/><V13/><F79/><W58/><G58/><T130/><D130/><U132/><E131/><V107/><F75/><W16/><G16/><T106/><D110/><U63/><E55/><V25/><F69/><W66/><G66/><T128/><D128/><U51/><E132/><V116/><F67/><W34/><G34/><T74/><D109/><U98/><E33/><V37/><F116/><W26/><G26/><T83/><D74/><U118/><E133/><V123/><F123/><W89/><G89/><N who="0" m="53303" /><D106/><U100/><E118/><V46/><F107/><W135/><G135/><T12/><D2/><AGARI ba="0,1" hai="0,1,2,8,14,19,38,40,44,56,62,65,124,127" machi="2" ten="40,3900,0" yaku="1,1,52,1,53,0" doraHai="60" doraHaiUra="97" who="3" fromWho="0" sc="204,-39,253,0,281,0,252,49" owari="165,-33.0,253,-15.0,281,8.0,301,40.0" /></mjloggm>