<mjloggm ver="2.3"><GO type="185" lobby="0"/><UN n0="%E3%81%BF%E3%83%BC%E3%82%8F" n1="%E9%95%B7%E5%85%89%E9%BA%BB%E5%A4%9C" n2="%E3%81%9F%E3%82%93%E3%82%86%E3%81%86" n3="" dan="17,16,16,0" rate="2250.87,2224.07,2239.23,1500.00" sx="M,M,F,C"/><TAIKYOKU oya="0"/><INIT seed="0,0,0,3,0,54" ten="350,350,350,0" oya="0" hai0="40,81,35,65,71,38,36,93,118,75,110,103,77" hai1="33,83,44,90,95,66,39,42,88,123,126,76,85" hai2="52,0,104,86,57,78,107,101,120,97,112,96,2" hai3=""/><T64/><D118/><U98/><N who="1" m="31520" /><U133/><E133/><V46/><N who="2" m="30752" /><V74/><F74/><T3/><D3/><U37/><E33/><V55/><F112/><T80/><D35/><U106/><E126/><V122/><N who="2" m="31264" /><V108/><F108/><T102/><D110/><U79/><E106/><V45/><F78/><T32/><D32/><U91/><E66/><V60/><F86/><T47/><D36/><U70/><E70/><V111/><F111/><T99/><D71/><U117/><E117/><V87/><F87/><T114/><D114/><U130/><E130/><V59/><F60/><T131/><D131/><U132/><E132/><V61/><F61/><T50/><D103/><AGARI ba="0,0" hai="0,2,45,46,52,55,57,59,96,97,101,103,104,107" m="31264,30752" machi="103" ten="25,12000,2" yaku="22,2,52,4,54,1" doraHai="54" who="2" fromWho="0" sc="350,-120,350,0,350,120,0,0" /><INIT seed="1,0,0,4,1,55" ten="230,350,470,0" oya="1" hai0="132,46,128,133,112,73,117,47,64,124,45,122,135" hai1="108,51,3,33,36,105,94,104,58,38,81,53,78" hai2="134,92,57,110,77,84,42,74,127,56,101,90,126" hai3=""/><U34/><E33/><V0/><F0/><T111/><N who="0" m="31264" /><T93/><D73/><U130/><E34/><V72/><F134/><T76/><D76/><U71/><E3/><V99/><F42/><T60/><D112/><U48/><E71/><V100/><F100/><T68/><D111/><U85/><E108/><V44/><F44/><T52/><D124/><N who="2" m="47658" /><F110/><T43/><D128/><U120/><N who="1" m="30752" /><U116/><E116/><V86/><F86/><T129/><D129/><U123/><N who="1" m="31520" /><U79/><E79/><V75/><F77/><T118/><D93/><AGARI ba="0,0" hai="56,57,72,74,75,84,90,92,93,99,101" m="47658" machi="93" ten="40,5200,0" yaku="18,1,52,2" doraHai="55" who="2" fromWho="0" sc="230,-52,350,0,470,52,0,0" /><INIT seed="2,0,0,5,2,81" ten="178,350,522,0" oya="2" hai0="45,90,107,63,86,124,56,94,72,1,117,87,120" hai1="125,59,99,112,66,57,54,91,104,74,62,0,34" hai2="41,53,113,84,40,78,105,127,79,106,83,43,58" hai3=""/><V103/><F113/><T116/><N who="0" m="30752" /><T80/><D1/><U121/><N who="1" m="31008" /><U129/><E0/><V114/><F114/><T52/><D124/><U135/><E34/><V77/><F127/><T93/><D107/><U39/><E125/><V2/><F2/><T134/><D134/><U98/><E112/><V37/><F37/><T60/><D72/><U89/><E39/><V64/><F64/><T47/><D94/><U133/><E74/><V108/><F108/><T126/><D126/><U82/><E129/><V95/><F95/><T109/><D109/><U97/><E104/><V67/><F67/><T35/><D35/><U3/><E3/><V51/><REACH who="2" step="1"/><F106/><REACH who="2" ten="178,350,512,0" step="2"/><T96/><D117/><U75/><E133/><V132/><F132/><T69/><D116/><U55/><E135/><V38/><F38/><T123/><N who="0" m="31520" /><T102/><D69/><U68/><E68/><V71/><F71/><T70/><D70/><U110/><E110/><V61/><F61/><T65/><D65/><U73/><E66/><V46/><F46/><N who="0" m="17418" /><D63/><U85/><E62/><V36/><F36/><T32/><D32/><U33/><E33/><V128/><F128/><T48/><D60/><U88/><E82/><V119/><F119/><T50/><D48/><RYUUKYOKU ba="0,1" sc="178,10,350,-20,512,10,0,0" hai0="50,52,56,80,86,87,90,93,96,102" hai2="40,41,43,51,53,58,77,78,79,83,84,103,105" /><INIT seed="2,1,1,3,2,122" ten="188,330,522,0" oya="2" hai0="95,132,82,54,119,106,84,126,50,35,124,131,128" hai1="34,113,118,40,97,69,71,36,67,96,83,1,33" hai2="115,103,64,60,125,46,62,123,65,78,130,3,105" hai3=""/><V107/><N who="2" m="31520" /><V89/><F3/><T93/><D35/><U68/><E1/><V45/><F115/><T92/><D119/><U108/><E118/><V104/><F103/><T135/><D106/><U32/><E113/><V98/><F78/><T51/><D51/><U49/><E67/><V61/><F125/><N who="0" m="48234" /><D54/><U109/><E36/><V72/><F72/><T75/><D50/><U59/><E83/><V0/><F0/><T127/><N who="0" m="48242" /><T86/><DORA hai="121" /><D86/><U57/><E40/><V73/><F73/><T66/><D66/><U94/><E49/><V2/><F2/><T116/><D75/><U80/><E80/><V112/><F112/><T87/><D87/><U37/><E37/><V85/><F85/><T101/><D101/><U110/><E97/><V111/><F65/><T39/><D39/><U42/><E42/><V53/><F64/><T41/><D41/><U44/><E44/><V133/><F46/><T79/><D116/><U117/><E117/><V76/><F45/><T55/><D55/><U74/><E74/><V43/><F53/><T47/><D47/><U99/><E99/><V114/><F98/><T52/><D52/><U70/><N who="1" m="17408" /><DORA hai="90" /><U120/><N who="1" m="30752" /><U88/><AGARI ba="1,1" hai="32,33,34,57,59,88,94,96,108,109,110" m="30752,17408" machi="88" ten="70,24000,5" yaku="4,1,0,1,29,2,14,1,52,8,54,1" doraHai="122,121,90" who="1" fromWho="1" sc="188,-81,330,252,522,-161,0,0" /><INIT seed="4,0,0,2,2,126" ten="107,582,361,0" oya="0" hai0="134,65,80,76,43,90,50,118,64,54,45,117,36" hai1="67,32,46,135,51,70,47,104,72,97,0,99,39" hai2="66,44,3,101,131,49,60,115,109,89,106,123,125" hai3=""/><T110/><D134/><U124/><E135/><V52/><N who="2" m="31520" /><V57/><F3/><T73/><D110/><U62/><E32/><V34/><F34/><T35/><D35/><U2/><E72/><V112/><F109/><T61/><D90/><U38/><E124/><V132/><F132/><T130/><D65/><U95/><E104/><V78/><F78/><T86/><D73/><U81/><E81/><V71/><F125/><T113/><D113/><N who="2" m="43594" /><F89/><T74/><D74/><U128/><E99/><V85/><F85/><T103/><D103/><U40/><BYE who="0" /><E39/><V88/><F88/><T58/><D58/><U129/><E2/><V68/><F101/><T100/><D100/><U56/><E0/><V41/><F106/><T79/><D79/><U94/><E94/><V121/><N who="2" m="31008" /><V48/><F131/><T92/><D92/><U133/><E133/><V102/><F102/><T1/><D1/><U105/><E105/><V37/><F37/><T96/><D96/><U108/><E108/><V77/><F77/><T33/><D33/><U111/><E111/><V91/><F91/><T93/><D93/><U98/><E95/><V83/><F83/><T107/><D107/><U116/><E38/><V82/><F82/><T75/><D75/><RYUUKYOKU ba="0,0" sc="107,-10,582,-10,361,20,0,0" hai2="41,44,48,49,52,57,60,66,68,71" /><INIT seed="5,1,0,0,2,55" ten="97,572,381,0" oya="1" hai0="79,114,99,44,82,48,33,90,93,59,88,43,35" hai1="95,41,133,112,121,64,78,67,36,89,129,76,0" hai2="42,119,125,109,40,62,66,134,98,97,77,135,128" hai3=""/><U83/><N who="1" m="31008" /><U38/><E0/><UN n0="%E3%81%BF%E3%83%BC%E3%82%8F" /><V71/><F119/><T105/><D35/><U70/><E133/><N who="2" m="50699" /><F109/><T37/><D33/><U123/><N who="1" m="31520" /><U102/><E129/><V91/><F77/><T75/><D37/><U110/><E110/><V101/><F128/><T46/><D43/><U73/><E112/><V61/><F125/><T86/><D46/><U124/><E124/><V94/><F62/><T65/><D65/><U92/><E78/><V47/><F47/><T126/><D44/><U74/><E74/><V132/><N who="2" m="50707" /><V120/><N who="2" m="30752" /><DORA hai="2" /><V96/><F96/><T84/><D126/><U57/><E70/><V32/><F32/><T69/><D114/><U34/><E34/><V106/><AGARI ba="1,0" hai="40,42,61,66,71,91,94,97,98,101,106" m="30752,50707" machi="106" ten="40,2000,0" yaku="20,1,52,1" doraHai="55,2" who="2" fromWho="2" sc="97,-8,572,-14,381,22,0,0" /><INIT seed="6,0,0,4,4,121" ten="89,558,403,0" oya="2" hai0="70,82,74,43,87,40,49,89,92,83,111,86,95" hai1="129,77,76,51,62,105,134,125,96,122,54,102,124" hai2="112,110,38,107,37,104,56,99,88,135,50,1,42" hai3=""/><V32/><F1/><T63/><D70/><U66/><N who="1" m="31264" /><U130/><E134/><V41/><F32/><T36/><D63/><U85/><E54/><V58/><F135/><T118/><D49/><U120/><N who="1" m="30752" /><U80/><E51/><V131/><F50/><T33/><D33/><U133/><E76/><V127/><F99/><T0/><D0/><U116/><E116/><V126/><F131/><N who="1" m="50185" /><E133/><V59/><F59/><AGARI ba="0,0" hai="59,62,66,77,80,85,96,102,105,124,125" m="50185,30752,31264" machi="59" ten="30,3900,0" yaku="19,1,52,2" doraHai="121" who="1" fromWho="2" sc="89,0,558,39,403,-39,0,0" owari="89,-51.0,597,55.0,364,-4.0,0,0.0" /></mjloggm>