<mjloggm ver="2.3"><GO type="169" lobby="0"/><UN n0="%E6%88%91%E7%A0%B4%E9%AD%94" n1="%E3%82%BF%E3%83%9E%E3%83%8D%E3%82%AE" n2="%E3%81%8A%E3%82%8A%E3%81%BE%E3%81%A4" n3="%E9%96%A2%E3%82%B1%E5%8E%9F" dan="16,17,16,16" rate="2164.80,2175.66,2081.58,2169.91" sx="M,M,M,M"/><TAIKYOKU oya="0"/><INIT seed="0,0,0,2,1,33" ten="250,250,250,250" oya="0" hai0="69,115,21,100,108,4,72,97,36,99,22,2,90" hai1="23,131,41,107,26,46,114,116,93,83,43,12,75" hai2="49,7,118,61,104,134,120,37,105,124,0,11,40" hai3="82,5,9,56,34,6,113,28,55,122,16,119,89"/><T91/><D115/><U42/><E116/><V29/><F49/><W47/><G113/><T66/><D36/><U73/><E107/><V98/><F120/><W65/><G119/><T20/><D72/><U24/><E114/><V88/><F61/><W128/><G128/><T58/><D69/><U121/><E121/><V13/><F13/><W67/><G47/><T18/><D18/><U10/><E46/><V59/><F59/><W35/><G122/><T130/><D130/><U79/><E131/><V1/><F29/><W48/><G35/><T111/><D66/><N who="3" m="25097" /><G28/><T74/><D74/><U17/><E73/><V32/><F134/><W44/><G56/><T135/><D58/><U71/><E71/><V14/><F32/><W30/><G30/><T85/><D135/><U15/><REACH who="1" step="1"/><E93/><REACH who="1" ten="250,240,250,250" step="2"/><V123/><F105/><W86/><G34/><T62/><D111/><U27/><E27/><V110/><F104/><W77/><G44/><T94/><D94/><U45/><E45/><V96/><F110/><W76/><G76/><T84/><D108/><U132/><E132/><V117/><F118/><W50/><G77/><T63/><D63/><U103/><E103/><V126/><F123/><W8/><G50/><T129/><D100/><U51/><E51/><V39/><F117/><W3/><G48/><T101/><D62/><U25/><E25/><V38/><F39/><W78/><G78/><T95/><D129/><U53/><E53/><V112/><F37/><W87/><G55/><T133/><D101/><U19/><AGARI ba="0,1" hai="10,12,15,17,19,23,24,26,41,42,43,75,79,83" machi="19" ten="30,2000,0" yaku="1,1,0,1,53,0" doraHai="33" doraHaiUra="81" who="1" fromWho="1" sc="250,-10,240,30,250,-5,250,-5" /><INIT seed="1,0,0,5,2,111" ten="240,270,245,245" oya="1" hai0="36,128,95,74,90,100,18,85,40,99,87,52,49" hai1="9,35,69,13,56,29,76,0,28,118,117,94,30" hai2="5,54,32,57,135,105,6,72,62,66,65,131,37" hai3="2,59,120,21,45,82,12,80,73,133,8,109,124"/><U101/><E69/><V83/><F105/><W53/><G120/><T114/><D74/><U86/><E76/><V103/><F103/><W78/><G109/><T125/><D128/><U64/><E64/><V98/><F98/><W34/><G34/><T79/><D125/><U10/><E56/><V115/><F32/><W61/><G133/><T130/><D130/><U14/><E86/><V3/><F37/><W1/><G124/><T50/><D36/><U107/><E94/><V44/><F44/><W127/><G127/><T81/><D114/><U126/><E101/><V60/><F54/><W42/><G21/><T46/><D18/><N who="1" m="8495" /><E107/><V123/><F123/><W102/><G80/><T119/><D119/><N who="1" m="45579" /><E126/><V92/><F92/><W129/><G129/><T24/><D24/><N who="1" m="18823" /><E0/><V75/><F3/><W70/><G70/><T116/><D116/><U84/><E84/><V67/><F65/><W17/><G102/><T11/><D87/><U58/><E58/><V96/><F57/><W25/><G25/><T55/><D100/><U16/><AGARI ba="0,0" hai="10,14,16,29,30" m="18823,45579,8495" machi="16" ten="30,6000,0" yaku="34,2,54,1" doraHai="111" who="1" fromWho="1" sc="240,-20,270,60,245,-20,245,-20" /><INIT seed="1,1,0,0,4,60" ten="220,330,225,225" oya="1" hai0="106,83,119,125,86,127,115,132,114,117,59,12,78" hai1="122,123,81,89,36,75,100,113,62,91,17,87,46" hai2="84,134,57,38,110,135,10,116,130,128,53,51,61" hai3="107,66,40,105,92,9,72,37,68,88,77,108,7"/><U104/><E113/><N who="0" m="43017" /><D12/><U133/><E133/><N who="2" m="50699" /><F10/><W94/><G108/><T71/><D132/><U54/><E75/><V65/><F84/><W33/><G33/><T5/><D71/><U1/><E1/><V73/><F73/><W95/><G37/><T15/><D59/><U11/><E91/><V48/><F116/><N who="0" m="44618" /><D15/><U103/><E36/><V74/><F74/><W124/><G40/><T64/><D64/><U69/><E69/><N who="2" m="42159" /><F110/><W8/><G124/><N who="0" m="47691" /><D5/><U67/><E11/><V16/><F16/><W109/><G9/><T31/><D31/><U90/><E17/><V45/><F38/><W118/><G118/><T79/><D106/><U50/><E104/><V47/><F57/><W39/><G39/><T97/><D97/><U121/><E46/><V76/><F76/><AGARI ba="1,0" hai="76,78,79,83,86" m="47691,44618,43017" machi="76" ten="40,5200,0" yaku="18,1,34,2" doraHai="60" who="0" fromWho="2" sc="220,55,330,0,225,-55,225,0" /><INIT seed="2,0,0,4,1,126" ten="275,330,170,225" oya="2" hai0="46,19,130,28,2,17,78,58,79,112,80,21,40" hai1="33,118,61,67,7,88,37,131,129,86,59,10,8" hai2="41,109,0,128,102,81,122,82,63,116,45,5,6" hai3="12,113,84,44,100,39,60,111,70,99,1,73,48"/><V54/><F116/><W134/><G111/><T127/><D112/><U76/><E118/><V29/><F122/><W119/><G134/><T121/><D121/><U4/><E33/><V69/><F128/><N who="1" m="49225" /><E37/><V105/><F29/><W71/><G1/><T115/><D115/><U92/><E76/><V47/><F47/><W110/><G110/><T26/><D78/><U90/><E90/><V49/><F102/><W65/><G39/><T11/><D127/><U96/><E86/><V95/><F105/><W32/><G32/><T20/><D79/><U101/><E101/><V135/><F135/><W133/><G133/><T89/><D89/><U31/><E31/><V23/><F95/><W25/><G84/><T30/><D80/><U87/><E87/><V106/><F106/><W52/><G119/><T14/><D28/><U91/><E91/><V68/><F0/><W83/><G113/><T103/><D30/><U114/><E114/><V75/><F75/><W43/><G73/><T13/><D103/><U72/><E72/><V53/><F81/><W66/><G83/><T16/><D2/><U3/><E3/><V125/><F125/><W50/><G100/><T124/><D130/><U34/><E34/><V120/><F120/><W55/><G99/><T24/><D124/><U107/><E107/><V93/><F93/><W62/><G25/><T51/><D26/><U108/><E108/><V104/><F82/><W117/><G117/><T18/><D24/><U38/><E38/><V15/><F104/><W9/><G50/><T132/><D132/><U64/><E64/><N who="2" m="40991" /><F109/><W85/><G85/><RYUUKYOKU ba="0,0" sc="275,-15,330,15,170,-15,225,15" hai1="4,7,8,10,59,61,67,88,92,96" hai3="9,12,43,44,48,52,55,60,62,65,66,70,71" /><INIT seed="3,1,0,1,1,80" ten="260,345,155,240" oya="3" hai0="42,106,94,1,123,48,100,113,84,25,116,54,5" hai1="29,73,127,132,135,95,93,53,37,96,34,109,67" hai2="45,105,134,131,104,118,19,108,133,58,66,9,111" hai3="50,110,47,2,55,63,107,129,125,38,26,43,72"/><W122/><G107/><N who="2" m="41033" /><F45/><W14/><G2/><T13/><D116/><U117/><E117/><V124/><F58/><W39/><G72/><T27/><D1/><U56/><E109/><N who="2" m="42059" /><F66/><W28/><G110/><T6/><D123/><U88/><E73/><V22/><F9/><W16/><G122/><T20/><D106/><U83/><E127/><V18/><F118/><W12/><G125/><T35/><D42/><U64/><E37/><V121/><F121/><W0/><G0/><T75/><D75/><U91/><E83/><V8/><F124/><W112/><G112/><T61/><D61/><N who="1" m="35983" /><E29/><V87/><F8/><W82/><G82/><T62/><D62/><U126/><E34/><V98/><F98/><W86/><G63/><T78/><D35/><U99/><E126/><V24/><F131/><W17/><G129/><T130/><D130/><U114/><E114/><V103/><F103/><W120/><G120/><T76/><D100/><U33/><E33/><V92/><F19/><N who="3" m="7243" /><G38/><T3/><D5/><U21/><E21/><V7/><F7/><W69/><G39/><T15/><D6/><U128/><E128/><V4/><F4/><W85/><G69/><T31/><D3/><U71/><E71/><V10/><F10/><W51/><G28/><T70/><D31/><U30/><E30/><V90/><AGARI ba="1,0" hai="18,22,24,87,90,92,133,134" m="42059,41033" machi="90" ten="40,2700,0" yaku="14,1,52,1" doraHai="80" who="2" fromWho="2" sc="260,-8,345,-8,155,30,240,-14" /><INIT seed="4,0,0,1,3,53" ten="252,337,185,226" oya="0" hai0="14,9,40,25,103,61,18,43,20,112,3,107,58" hai1="97,47,56,119,78,48,44,0,81,71,93,5,117" hai2="94,13,90,51,133,57,36,77,60,32,109,102,38" hai3="8,46,42,124,123,101,17,128,68,19,31,2,135"/><T131/><D112/><U65/><E71/><V75/><F109/><W83/><G68/><T27/><D131/><U95/><E95/><V114/><F32/><W92/><G128/><T55/><D3/><U127/><E127/><V21/><F114/><W23/><G135/><T98/><REACH who="0" step="1"/><D27/><REACH who="0" ten="242,337,185,226" step="2"/><U113/><E0/><V134/><F133/><W4/><G2/><T28/><AGARI ba="0,1" hai="9,14,18,20,25,28,40,43,55,58,61,98,103,107" machi="28" ten="20,18000,2" yaku="1,1,2,1,0,1,7,1,52,1,53,1" doraHai="53" doraHaiUra="100" who="0" fromWho="0" sc="242,190,337,-60,185,-60,226,-60" /><INIT seed="4,1,0,5,3,18" ten="432,277,125,166" oya="0" hai0="79,54,117,112,5,133,22,43,21,94,58,99,103" hai1="115,121,96,1,4,122,10,38,107,98,93,87,25" hai2="51,120,92,48,88,57,2,123,105,39,95,55,101" hai3="47,128,60,32,53,11,130,45,37,119,102,109,124"/><T131/><D117/><U7/><E38/><V65/><F2/><W132/><G32/><T75/><D112/><U82/><E115/><V17/><F39/><W23/><G102/><T19/><D131/><N who="3" m="50217" /><G11/><T66/><D133/><U83/><E83/><V125/><F105/><W111/><G23/><N who="0" m="8715" /><D75/><U86/><E25/><V59/><F17/><W129/><G129/><T28/><D28/><U73/><E7/><V9/><F9/><W26/><G26/><T110/><D5/><U67/><E73/><V90/><F125/><W27/><G27/><T13/><D43/><U6/><E6/><V40/><F40/><W108/><G119/><T14/><D110/><U74/><E74/><V81/><F101/><W42/><G132/><T12/><D79/><U16/><E4/><V46/><F81/><W89/><G124/><T62/><D66/><U31/><E67/><V29/><F65/><W85/><G42/><T72/><D72/><U61/><E31/><V52/><F29/><W3/><G3/><T63/><D63/><U35/><E61/><V71/><REACH who="2" step="1"/><F46/><REACH who="2" ten="432,277,115,166" step="2"/><W50/><G45/><T15/><D12/><U134/><E1/><V77/><F77/><W126/><G126/><T34/><D34/><U114/><E35/><V36/><F36/><W113/><G37/><T97/><D19/><U24/><E16/><V30/><F30/><W44/><G113/><T64/><D64/><U49/><E114/><V56/><F56/><W106/><G44/><T20/><D20/><U70/><E134/><V76/><F76/><W8/><G109/><T80/><D80/><U0/><E82/><RYUUKYOKU ba="1,1" sc="432,15,277,-15,115,15,166,-15" hai0="13,14,15,54,58,62,94,97,99,103" hai2="48,51,52,55,57,59,71,88,90,92,95,120,123" /><INIT seed="4,2,1,0,5,121" ten="447,262,130,151" oya="0" hai0="44,117,26,7,58,110,105,74,10,1,81,52,80" hai1="66,106,99,12,112,50,100,69,75,31,78,43,132" hai2="101,15,130,102,42,72,103,97,48,35,107,98,89" hai3="79,65,111,19,38,131,119,108,63,68,113,85,28"/><T91/><D117/><U23/><E132/><V129/><F35/><W84/><G119/><T11/><D105/><U64/><E69/><V51/><F15/><W9/><G38/><T17/><D44/><U53/><E43/><V133/><F42/><W126/><G28/><T27/><D81/><U61/><E61/><V124/><F89/><W37/><G37/><T118/><D118/><U120/><E120/><V94/><F133/><W6/><G113/><T90/><D90/><U40/><E40/><V34/><F34/><W5/><G126/><T36/><D36/><U77/><E112/><V109/><F51/><W122/><G122/><T30/><D30/><U87/><E87/><V18/><F18/><W3/><G131/><N who="2" m="50185" /><F48/><W92/><G5/><T59/><D59/><U21/><E12/><V83/><F124/><W47/><G47/><T104/><D104/><U4/><E106/><V60/><F60/><W135/><G135/><T22/><D11/><U14/><E31/><V55/><F55/><W49/><G49/><T16/><D74/><U82/><E53/><V70/><F103/><W115/><G115/><T24/><D17/><U45/><E100/><V41/><F41/><W0/><G0/><T62/><REACH who="0" step="1"/><D110/><REACH who="0" ten="437,262,130,151" step="2"/><U8/><E8/><V20/><F70/><W56/><G68/><T57/><D57/><U54/><E45/><V67/><F20/><W88/><REACH who="3" step="1"/><G19/><REACH who="3" ten="437,262,130,141" step="2"/><T76/><D76/><U114/><E77/><N who="2" m="44455" /><F67/><W128/><G128/><T2/><D2/><U33/><E66/><V29/><F29/><W127/><G127/><T32/><D32/><U134/><E33/><RYUUKYOKU ba="2,3" sc="437,10,262,-30,130,10,141,10" hai0="1,7,10,16,22,24,26,27,52,58,62,80,91" hai2="94,97,98,101,102,107,109" hai3="3,6,9,56,63,65,79,84,85,88,92,108,111" /><INIT seed="4,3,3,3,4,70" ten="447,232,140,151" oya="0" hai0="78,75,3,87,28,77,104,35,54,59,117,64,16" hai1="105,51,96,127,98,121,120,113,9,37,61,107,26" hai2="11,67,66,103,14,82,124,85,31,125,74,29,73" hai3="81,17,30,7,46,79,72,112,118,43,129,116,52"/><T50/><D75/><U101/><E37/><V27/><F103/><W71/><G71/><T55/><D64/><N who="2" m="24618" /><F74/><W56/><G112/><T6/><D104/><U102/><E113/><V0/><F0/><W1/><G129/><T111/><D117/><U15/><E61/><V128/><F73/><W90/><G30/><T19/><D111/><U48/><E127/><N who="2" m="48715" /><F27/><W93/><G17/><T57/><D28/><U33/><E26/><V40/><F40/><W122/><G122/><T80/><D35/><U24/><E24/><V91/><F128/><W135/><G135/><T83/><D83/><U133/><E133/><V86/><F86/><W45/><G1/><T114/><D77/><U47/><E33/><V13/><F13/><W97/><G7/><AGARI ba="3,3" hai="7,11,14,29,31,82,85,91" m="48715,24618" machi="7" ten="30,1000,0" yaku="18,1" doraHai="70" who="2" fromWho="3" sc="447,0,232,0,140,49,151,-19" /><INIT seed="5,0,0,2,4,90" ten="447,232,189,132" oya="1" hai0="1,126,91,45,108,103,44,82,67,78,88,12,34" hai1="81,33,24,130,36,66,114,53,75,84,120,25,51" hai2="59,118,56,26,119,96,122,71,101,79,19,77,106" hai3="64,100,94,111,116,55,89,76,38,102,65,49,32"/><U6/><E120/><V133/><F71/><W13/><G38/><T3/><D34/><U5/><E36/><V99/><F122/><W92/><G111/><T58/><D108/><U46/><E75/><V23/><F133/><W107/><G107/><T4/><D126/><U87/><E114/><V40/><F40/><W54/><G32/><T104/><D12/><U57/><E130/><V16/><F106/><W42/><G76/><T135/><D135/><U117/><E117/><V63/><F63/><W124/><G124/><T20/><D20/><U68/><E68/><V30/><F30/><W48/><G13/><T8/><D1/><U110/><E87/><V127/><F127/><W95/><G89/><T113/><D113/><U35/><E35/><V98/><F101/><N who="3" m="39019" /><G42/><T121/><D121/><U61/><E110/><V10/><F119/><W29/><G29/><T123/><D123/><U83/><E83/><V31/><F31/><W73/><G73/><T28/><D28/><U22/><E33/><V9/><F118/><W80/><G80/><T105/><D105/><U52/><E25/><V7/><F77/><W50/><G116/><T132/><D103/><U60/><E24/><V72/><F72/><W37/><G37/><T85/><D104/><U15/><E15/><N who="2" m="5567" /><F79/><W47/><G50/><T2/><D2/><U62/><E51/><V74/><F74/><W21/><G21/><T129/><D132/><U0/><E22/><V97/><N who="2" m="24576" /><DORA hai="128" /><V17/><F10/><W11/><G11/><T112/><D129/><U86/><E0/><V43/><F43/><W69/><G69/><RYUUKYOKU ba="0,0" sc="447,-15,232,-15,189,15,132,15" hai2="16,17,19,23,26,56,59" hai3="47,48,49,54,55,64,65,92,94,95" /><INIT seed="6,1,0,3,4,91" ten="432,217,204,147" oya="2" hai0="104,21,8,92,77,109,57,4,70,93,32,20,13" hai1="60,87,131,115,132,56,24,118,42,123,96,121,31" hai2="126,82,69,18,50,62,80,35,134,81,30,19,125" hai3="124,86,135,53,100,59,73,65,89,117,58,33,1"/><V3/><F3/><W122/><G124/><N who="2" m="47721" /><F134/><W107/><G135/><T85/><D109/><U15/><E118/><V61/><F69/><W14/><G117/><T90/><D70/><U39/><E132/><V41/><F30/><W127/><G127/><T36/><D32/><U95/><E115/><V103/><F35/><W38/><G1/><T49/><D104/><U76/><E15/><V106/><F106/><W5/><G122/><N who="1" m="46602" /><E131/><V17/><F103/><W45/><G33/><T9/><D36/><U112/><E112/><V52/><F41/><W113/><G113/><T2/><D77/><U102/><E42/><V108/><F108/><W129/><G129/><T34/><D34/><N who="1" m="20839" /><E39/><V114/><F114/><W105/><G38/><T12/><D92/><U46/><E46/><AGARI ba="1,0" hai="17,18,19,46,50,52,61,62,80,81,82" m="47721" machi="46" ten="40,3900,0" yaku="18,1,54,1" doraHai="91" who="2" fromWho="1" sc="432,0,217,-42,204,42,147,0" /><INIT seed="6,2,0,1,4,51" ten="432,175,246,147" oya="2" hai0="99,120,101,63,65,82,94,46,27,115,111,104,81" hai1="70,102,95,30,38,41,68,19,32,57,50,114,21" hai2="12,59,106,9,122,75,3,52,61,62,33,91,100" hai3="26,77,105,134,98,83,60,0,84,7,37,11,14"/><V42/><F122/><W130/><G130/><T110/><D120/><U34/><E38/><V87/><F75/><W123/><G134/><T131/><D131/><U25/><E114/><V13/><F33/><W43/><G123/><T135/><D115/><U86/><E41/><V89/><F42/><W72/><G14/><T17/><D135/><U39/><E39/><V4/><F91/><W126/><G126/><T16/><D104/><U93/><E34/><V56/><F100/><W15/><G15/><T36/><D36/><U125/><E125/><V20/><F20/><W28/><G84/><T1/><D1/><U117/><E117/><V29/><F29/><W54/><G98/><T128/><D128/><U47/><E57/><V35/><F35/><W53/><G60/><T73/><D73/><U69/><E86/><V78/><F78/><W23/><G105/><T112/><D112/><U113/><E102/><V44/><F44/><AGARI ba="2,0" hai="0,7,11,23,26,28,37,43,44,53,54,72,77,83" machi="44" ten="40,8000,1" yaku="25,2,52,2" doraHai="51" who="3" fromWho="2" sc="432,0,175,0,246,-86,147,86" /><INIT seed="7,0,0,4,0,5" ten="432,175,160,233" oya="3" hai0="54,35,20,122,68,59,96,117,79,55,80,89,74" hai1="40,91,92,85,15,6,12,44,82,21,43,31,37" hai2="123,11,119,10,50,60,109,23,32,9,132,97,84" hai3="114,110,46,22,65,126,38,129,102,39,70,81,7"/><W41/><G102/><T0/><D35/><U88/><E40/><V61/><F109/><W113/><G81/><T86/><D122/><U3/><E31/><V29/><F119/><W30/><G7/><T26/><D68/><U69/><E69/><V131/><F32/><W108/><G22/><T124/><D0/><U28/><E28/><V71/><F123/><W75/><G75/><T25/><D117/><U67/><E67/><V27/><F131/><W53/><G30/><T36/><D36/><U120/><E120/><V77/><F132/><W34/><G34/><T130/><D130/><U49/><E37/><V57/><F71/><W19/><G19/><T101/><D124/><U95/><E21/><V13/><F13/><W90/><G90/><T121/><D121/><U127/><E127/><V17/><F97/><W4/><G4/><T98/><D59/><U45/><E45/><V135/><F135/><W62/><G126/><T133/><D133/><U104/><E104/><V72/><F72/><W63/><G38/><T115/><D115/><N who="3" m="44041" /><G129/><T106/><D98/><N who="1" m="57607" /><E3/><V87/><F29/><W16/><G108/><T56/><D25/><U42/><E6/><V116/><F116/><W24/><G110/><T128/><D128/><U73/><E42/><V78/><F50/><W125/><G125/><T8/><D20/><U48/><E48/><V105/><F105/><W33/><G70/><T93/><D26/><U66/><E66/><N who="2" m="39183" /><F61/><W47/><G63/><N who="0" m="36255" /><D8/><U51/><E51/><V134/><F134/><W58/><G39/><T99/><D99/><N who="1" m="57855" /><E73/><V76/><AGARI ba="0,0" hai="9,10,11,17,23,27,76,77,78,84,87" m="39183" machi="76" ten="30,7900,0" yaku="8,1,52,3" doraHai="5" who="2" fromWho="2" sc="432,-20,175,-20,160,79,233,-39" owari="412,51.0,155,-34.0,239,4.0,194,-21.0" /></mjloggm>