<mjloggm ver="2.3"><GO type="169" lobby="0"/><UN n0="%E6%9C%A8%E5%8E%9F%E8%B1%AA%E4%B8%80" n1="%E2%80%A0%E6%B0%B4%E9%8A%80%E7%87%88%E2%80%A0" n2="%6F%63%69%6E%70%6F%70%6F" n3="%E4%B8%BB%E5%B8%AD" dan="17,16,16,16" rate="2210.20,2150.47,2116.31,2130.66" sx="M,F,F,M"/><TAIKYOKU oya="0"/><INIT seed="0,0,0,5,1,70" ten="250,250,250,250" oya="0" hai0="120,18,28,8,123,121,65,113,24,78,2,117,14" hai1="49,122,119,30,82,114,134,47,0,103,116,11,110" hai2="66,89,131,17,4,26,109,80,54,88,25,69,53" hai3="97,91,72,38,12,95,99,32,15,6,73,55,77"/><T108/><D65/><U104/><E122/><V135/><F109/><W75/><G32/><N who="0" m="20487" /><D78/><U57/><E110/><V90/><F4/><W9/><G38/><T34/><D108/><U61/><E30/><V86/><F131/><W59/><G77/><T127/><D113/><U7/><E114/><V71/><F135/><W39/><G39/><T124/><D117/><U58/><E134/><V133/><F133/><W19/><G99/><T62/><D62/><U93/><E104/><V50/><F17/><W107/><G107/><T101/><D101/><U40/><E82/><V48/><F89/><W36/><G36/><T56/><D56/><U106/><E106/><V33/><F33/><W35/><G35/><T63/><D63/><U128/><E58/><V111/><F111/><W94/><G94/><T85/><D85/><U31/><E31/><V41/><F41/><W83/><G83/><T115/><D115/><U23/><E23/><V67/><F80/><W68/><G68/><T105/><D105/><U22/><E22/><V29/><F29/><W3/><REACH who="3" step="1"/><G19/><REACH who="3" ten="250,250,250,240" step="2"/><T5/><D34/><U21/><E93/><V102/><F86/><W125/><G125/><N who="0" m="48203" /><D123/><U42/><E116/><V96/><F96/><W10/><G10/><AGARI ba="0,1" hai="2,5,8,10,14,18,120,121" m="48203,20487" machi="10" ten="30,5800,0" yaku="18,1,34,2" doraHai="70" who="0" fromWho="3" sc="250,68,250,0,250,0,240,-58" /><INIT seed="0,1,0,0,4,80" ten="318,250,250,182" oya="0" hai0="97,85,68,24,64,98,9,119,93,33,70,38,126" hai1="123,41,62,108,32,106,0,95,71,118,7,96,40" hai2="4,101,127,36,124,39,134,113,65,63,104,6,37" hai3="14,47,53,121,69,29,10,90,59,130,89,135,3"/><T28/><D119/><U74/><E123/><V61/><F113/><W128/><G69/><T129/><D129/><N who="3" m="49769" /><G3/><T5/><D126/><N who="2" m="48170" /><F134/><W73/><G135/><T83/><D38/><U109/><E74/><V16/><F16/><N who="3" m="8279" /><G121/><T58/><D58/><U91/><E32/><V114/><F114/><W42/><G29/><T94/><D94/><U45/><E106/><V46/><F46/><W131/><N who="3" m="49777" /><W78/><DORA hai="51" /><G78/><T57/><D57/><U22/><E0/><V116/><F61/><N who="3" m="36079" /><G73/><T21/><D33/><U26/><E71/><N who="2" m="42431" /><F116/><W72/><G72/><T84/><D64/><U8/><E118/><V120/><F120/><W20/><G20/><T2/><D70/><U76/><E22/><V15/><F15/><W111/><G111/><T1/><D68/><U79/><E108/><V99/><AGARI ba="1,0" hai="4,6,36,37,39,99,101,104" m="42431,48170" machi="99" ten="40,1500,0" yaku="18,1" doraHai="80,51" who="2" fromWho="2" sc="318,-8,250,-5,250,18,182,-5" /><INIT seed="1,0,0,5,5,36" ten="310,245,268,177" oya="1" hai0="51,57,41,2,131,122,132,53,21,39,64,35,115" hai1="127,67,29,4,12,46,32,68,100,86,61,47,103" hai2="71,34,1,117,8,130,107,81,38,11,116,22,79" hai3="13,60,125,33,93,18,80,106,108,118,110,45,111"/><U25/><E127/><V94/><F107/><W121/><G106/><T66/><D35/><U92/><E86/><V76/><F34/><W30/><G121/><T87/><D2/><U23/><E92/><V90/><F71/><W105/><G105/><T114/><D87/><U24/><E4/><V54/><F38/><W101/><G125/><T63/><D21/><U0/><E12/><V78/><F81/><W83/><G118/><T120/><D131/><U15/><E15/><V10/><F1/><W113/><G113/><N who="0" m="43019" /><D132/><U58/><E58/><V102/><F102/><W27/><G60/><T104/><D104/><U31/><REACH who="1" step="1"/><E0/><REACH who="1" ten="310,235,268,177" step="2"/><V20/><F130/><W37/><G45/><AGARI ba="0,1" hai="23,24,25,29,31,32,45,46,47,61,67,68,100,103" machi="45" ten="40,7700,0" yaku="1,1,2,1,53,1" doraHai="36" doraHaiUra="56" who="1" fromWho="3" sc="310,0,235,87,268,0,177,-77" /><INIT seed="1,1,0,4,4,111" ten="310,322,268,100" oya="1" hai0="119,77,67,106,2,121,44,1,93,89,62,50,102" hai1="19,108,90,76,25,11,114,36,41,48,20,66,84" hai2="49,55,27,79,0,46,95,96,33,128,42,126,118" hai3="56,58,26,54,113,69,32,131,43,18,100,104,98"/><U37/><E108/><V117/><F0/><W110/><G110/><T74/><D119/><U127/><E127/><V107/><F107/><W4/><G69/><T112/><D121/><U17/><E76/><V39/><F128/><W47/><G131/><T97/><D112/><U71/><E71/><V109/><F126/><W10/><G113/><T38/><D38/><U122/><E66/><V103/><F109/><W120/><G120/><T80/><D62/><U68/><E68/><V45/><F79/><W13/><G54/><T105/><D67/><U28/><E122/><V70/><F70/><W86/><G86/><T92/><D92/><U94/><E114/><V8/><F8/><W23/><REACH who="3" step="1"/><G32/><REACH who="3" ten="310,322,268,90" step="2"/><T61/><D61/><U3/><E84/><V133/><F133/><W85/><G85/><N who="0" m="52399" /><D105/><U73/><E73/><V35/><F35/><W99/><G99/><T115/><D115/><U82/><E41/><AGARI ba="1,1" hai="1,2,41,44,50,74,77,80,97,102,106" m="52399" machi="41" ten="30,1000,0" yaku="24,1" doraHai="111" who="0" fromWho="1" sc="310,23,322,-13,268,0,90,0" /><INIT seed="2,0,0,2,0,3" ten="333,309,268,90" oya="2" hai0="108,97,103,51,95,77,111,123,98,68,12,82,4" hai1="81,8,71,66,104,126,6,23,120,101,21,2,59" hai2="112,32,31,53,128,48,17,102,86,36,47,60,29" hai3="42,61,78,34,74,5,100,55,25,18,52,99,118"/><V39/><F112/><W73/><G118/><T106/><D68/><U83/><E71/><V7/><F128/><W75/><G78/><T134/><D51/><U44/><E126/><V58/><F32/><W76/><G76/><T33/><D33/><U45/><E120/><V54/><F17/><W91/><G91/><T124/><D123/><U129/><E104/><V15/><F102/><W0/><G42/><T1/><D1/><U11/><E101/><V50/><F86/><W119/><G119/><T85/><D124/><U133/><E133/><V121/><F121/><W9/><G61/><T90/><REACH who="0" step="1"/><D134/><REACH who="0" ten="323,309,268,90" step="2"/><U65/><E2/><V67/><F36/><W69/><G69/><T80/><D80/><U14/><E129/><V64/><F39/><W49/><G49/><T110/><D110/><U40/><E40/><V132/><F132/><W72/><N who="3" m="18432" /><DORA hai="63" /><W88/><G34/><T109/><D109/><U41/><E41/><N who="2" m="24687" /><F50/><W122/><G122/><T105/><D105/><U107/><E107/><V10/><F53/><W125/><G125/><T70/><D70/><U130/><E130/><V84/><F84/><W19/><G55/><T13/><D13/><U43/><E43/><V113/><F113/><W89/><G52/><T56/><D56/><U93/><E14/><V127/><F127/><W24/><G24/><T35/><D35/><U20/><E59/><V114/><F114/><W115/><G115/><T30/><D30/><AGARI ba="0,1" hai="7,10,15,29,30,31,54,58,60,64,67" m="24687" machi="30" ten="30,11600,0" yaku="8,1,52,3" doraHai="3,63" who="2" fromWho="0" sc="323,-116,309,0,268,126,90,0" /><INIT seed="2,1,0,5,2,8" ten="207,309,394,90" oya="2" hai0="22,107,39,97,83,95,82,19,50,128,87,37,20" hai1="81,24,111,116,58,125,62,109,51,57,79,6,42" hai2="102,119,17,12,61,72,91,47,74,80,135,64,60" hai3="29,44,117,94,18,115,85,120,27,103,49,105,121"/><V41/><F119/><W65/><G117/><T75/><D128/><U32/><E116/><V122/><F122/><W101/><G115/><T131/><D131/><U96/><E125/><V88/><F102/><W5/><G5/><T13/><D107/><U66/><E6/><V98/><F60/><W127/><G127/><T130/><D130/><U134/><E134/><V16/><F17/><W73/><G73/><T118/><D118/><U104/><E32/><V35/><F35/><W25/><G65/><T84/><D75/><U129/><E24/><V55/><F55/><W28/><G105/><T71/><D71/><U14/><E129/><V30/><F30/><W123/><G18/><T54/><D22/><U92/><E104/><V31/><F31/><W67/><G67/><T59/><D87/><U9/><E57/><V99/><F91/><N who="3" m="53615" /><G29/><T48/><D48/><U34/><E51/><V106/><F98/><W53/><G28/><T68/><D68/><U63/><E42/><V126/><F135/><W108/><G108/><T7/><D7/><U4/><E62/><V1/><F1/><W43/><G43/><T10/><D10/><U86/><REACH who="1" step="1"/><E34/><REACH who="1" ten="207,299,394,90" step="2"/><V114/><F106/><W0/><G25/><T56/><D56/><U113/><E113/><V11/><F114/><W23/><G0/><T70/><D70/><U124/><E124/><V15/><F41/><W133/><G133/><T45/><D59/><U77/><E77/><V90/><F61/><W40/><G40/><T46/><D50/><U21/><E21/><V93/><F126/><W33/><G33/><T2/><D2/><RYUUKYOKU ba="1,1" sc="207,-15,299,15,394,-15,90,15" hai1="4,9,14,58,63,66,79,81,86,92,96,109,111" hai3="23,27,44,49,53,101,103,120,121,123" /><INIT seed="3,2,1,4,0,128" ten="192,314,379,105" oya="3" hai0="47,110,39,79,74,71,55,77,78,30,101,3,117" hai1="113,130,100,106,91,34,58,81,123,67,32,46,92" hai2="90,119,111,38,118,11,93,31,4,124,28,23,85" hai3="17,107,75,50,122,60,6,5,66,0,99,29,35"/><W59/><G122/><T56/><D117/><U16/><E113/><V61/><F38/><W112/><G112/><T129/><D3/><U24/><E123/><V87/><F111/><W26/><G75/><T36/><D71/><U103/><E130/><V83/><F124/><W40/><G0/><T115/><D129/><U132/><E81/><V108/><F108/><W45/><REACH who="3" step="1"/><G17/><REACH who="3" ten="192,314,379,95" step="2"/><T127/><D115/><U49/><E16/><V96/><F118/><W89/><G89/><T42/><D110/><U52/><E91/><V126/><F119/><W84/><G84/><T73/><D74/><U25/><E100/><AGARI ba="2,2" hai="5,6,26,29,35,40,45,50,59,60,66,99,100,107" machi="100" ten="40,2000,0" yaku="1,1,53,0" doraHai="128" doraHaiUra="125" who="3" fromWho="1" sc="192,0,314,-26,379,0,95,46" /><INIT seed="3,3,0,4,2,94" ten="192,288,379,141" oya="3" hai0="104,82,57,4,66,127,98,105,17,72,43,131,25" hai1="78,125,34,126,56,93,58,119,87,109,42,106,26" hai2="68,50,110,92,35,122,75,132,38,103,135,114,67" hai3="99,73,53,97,96,6,91,37,40,116,19,52,33"/><W49/><G73/><T118/><D118/><U62/><E106/><V130/><RYUUKYOKU type="yao9" ba="3,0" sc="192,0,288,0,379,0,141,0" hai2="35,38,50,67,68,75,92,103,110,114,122,130,132,135" /><INIT seed="3,4,0,1,1,33" ten="192,288,379,141" oya="3" hai0="77,46,39,11,90,68,84,49,24,65,134,52,1" hai1="93,4,104,95,67,45,12,81,120,86,35,17,106" hai2="59,58,18,40,28,8,121,25,129,119,76,30,56" hai3="27,26,3,127,103,112,100,23,102,22,130,2,38"/><W16/><G112/><T71/><D134/><U6/><E35/><V82/><F119/><W98/><G130/><T108/><D108/><U131/><E120/><V31/><F129/><W91/><G38/><T111/><D111/><U34/><E34/><V14/><F121/><W79/><G79/><T118/><D118/><U55/><E67/><V62/><F40/><W21/><G127/><T10/><D77/><U105/><E131/><V117/><F117/><W13/><G26/><T44/><D65/><U20/><E4/><V32/><REACH who="2" step="1"/><F62/><REACH who="2" ten="192,288,369,141" step="2"/><W87/><G98/><T7/><D24/><U135/><E135/><V54/><F54/><W114/><G114/><T43/><REACH who="0" step="1"/><D10/><REACH who="0" ten="182,288,369,141" step="2"/><U88/><E55/><V116/><F116/><W15/><G15/><T83/><AGARI ba="4,2" hai="1,7,11,39,43,44,46,49,52,68,71,83,84,90" machi="83" ten="20,12000,2" yaku="1,1,2,1,0,1,7,1,52,1,54,1,53,1" doraHai="33" doraHaiUra="50" who="0" fromWho="0" sc="182,152,288,-34,369,-34,141,-64" /><INIT seed="4,0,0,0,4,47" ten="334,254,335,77" oya="0" hai0="133,17,83,70,119,66,21,132,27,42,63,29,113" hai1="18,95,92,128,114,53,72,84,11,2,129,102,77" hai2="55,1,91,43,81,5,58,23,105,62,51,121,115" hai3="39,116,120,4,6,112,107,26,31,12,104,89,80"/><T118/><D113/><U20/><E72/><V135/><F105/><W69/><G116/><T101/><D101/><U96/><E114/><V64/><F121/><W130/><G112/><T75/><D42/><U9/><E53/><V108/><F108/><W93/><G120/><T124/><D124/><U14/><E2/><V46/><F135/><N who="0" m="51786" /><D17/><U41/><E41/><V126/><F126/><W134/><G134/><T57/><D70/><U48/><E48/><V34/><F34/><W45/><G130/><N who="1" m="50282" /><E77/><AGARI ba="0,0" hai="21,27,29,57,63,66,75,77,83,118,119" m="51786" machi="77" ten="30,1500,0" yaku="20,1" doraHai="47" who="0" fromWho="1" sc="334,15,254,-15,335,0,77,0" /><INIT seed="4,1,0,1,2,58" ten="349,239,335,77" oya="0" hai0="67,32,96,80,42,46,62,38,119,43,71,112,131" hai1="109,88,17,21,48,87,103,28,92,113,35,82,72" hai2="135,104,100,45,106,8,97,132,66,9,59,91,130" hai3="64,13,15,44,86,61,4,2,70,20,52,14,0"/><T83/><D119/><U111/><E113/><V99/><F130/><W27/><G86/><T16/><D112/><U98/><E35/><V77/><F77/><W134/><G134/><T133/><D133/><U125/><E125/><V18/><F45/><W53/><G44/><T110/><D43/><U10/><E28/><V79/><F79/><W24/><G4/><T60/><D131/><U101/><E10/><V11/><F18/><W31/><REACH who="3" step="1"/><G27/><REACH who="3" ten="349,239,335,67" step="2"/><T57/><D110/><U6/><E6/><V47/><F47/><W26/><G26/><T49/><D38/><U129/><E129/><V68/><F132/><W30/><G30/><T124/><D124/><U94/><E72/><V89/><F135/><W33/><G33/><T105/><D32/><U54/><E109/><V81/><F81/><W76/><G76/><T34/><D34/><U55/><E111/><V128/><F128/><W114/><G114/><T36/><D36/><U56/><E54/><AGARI ba="1,1" hai="0,2,13,14,15,20,24,31,52,53,54,61,64,70" machi="54" ten="40,5200,0" yaku="1,1,52,1,54,1,53,0" doraHai="58" doraHaiUra="29" who="3" fromWho="1" sc="349,0,239,-55,335,0,67,65" /><INIT seed="5,0,0,2,1,67" ten="349,184,335,132" oya="1" hai0="70,84,15,2,13,60,92,69,20,96,101,12,113" hai1="33,9,91,7,23,127,19,135,83,102,74,68,125" hai2="114,49,57,131,80,53,48,98,11,110,63,72,50" hai3="29,8,99,71,27,42,130,44,95,6,41,54,24"/><U85/><E33/><V88/><F110/><W94/><G130/><T106/><D2/><U81/><E102/><V65/><F72/><W120/><G120/><T0/><D0/><U76/><E135/><V97/><F131/><W126/><G126/><T46/><D113/><U123/><E123/><V122/><F122/><W129/><G129/><T18/><D46/><U61/><E9/><V132/><F132/><W62/><G95/><T121/><D121/><U52/><E7/><V108/><F108/><W79/><G79/><T21/><D60/><U32/><E32/><V93/><F80/><W105/><G105/><T89/><REACH who="0" step="1"/><D20/><REACH who="0" ten="339,184,335,132" step="2"/><U26/><REACH who="1" step="1"/><E52/><REACH who="1" ten="339,174,335,132" step="2"/><V4/><F53/><W35/><G54/><T3/><D3/><U115/><E115/><V39/><F114/><W17/><G44/><T66/><D66/><AGARI ba="0,2" hai="19,23,26,61,66,68,74,76,81,83,85,91,125,127" machi="66" ten="40,3900,0" yaku="1,1,52,1,53,0" doraHai="67" doraHaiUra="109" who="1" fromWho="0" sc="339,-39,174,59,335,0,132,0" /><INIT seed="5,1,0,1,2,29" ten="300,233,335,132" oya="1" hai0="123,103,72,48,4,79,15,67,116,57,77,42,73" hai1="120,56,66,7,45,82,110,132,81,17,54,128,117" hai2="100,104,70,2,19,23,89,55,134,84,36,37,30" hai3="94,102,53,133,87,46,13,34,59,105,8,127,16"/><U129/><E117/><V101/><F2/><W49/><G133/><T92/><D116/><U108/><E7/><V24/><F70/><W40/><G127/><T119/><D119/><U41/><E17/><V62/><F36/><W113/><G113/><T83/><D123/><U111/><E120/><V131/><F37/><W31/><G105/><T122/><D122/><U58/><E81/><V85/><F85/><W43/><G102/><T91/><D103/><U65/><E82/><V32/><F131/><N who="1" m="50249" /><E132/><V95/><F104/><W112/><G112/><T118/><D118/><U5/><E5/><V99/><F134/><W10/><G10/><T27/><D27/><U68/><E68/><V88/><F62/><W28/><G34/><T121/><D79/><U51/><E58/><V44/><F44/><W35/><G35/><T71/><D71/><U22/><E22/><V11/><F11/><W97/><G43/><T12/><D73/><U20/><E20/><V9/><F9/><W3/><G3/><T64/><D4/><U93/><E93/><V39/><F39/><AGARI ba="1,0" hai="39,41,45,51,54,56,65,66,108,110,111" m="50249" machi="39" ten="40,12000,1" yaku="10,1,19,1,34,2" doraHai="29" who="1" fromWho="2" sc="300,0,233,123,335,-123,132,0" /><INIT seed="5,2,0,4,0,8" ten="300,356,212,132" oya="1" hai0="1,89,76,15,7,120,56,130,129,63,97,81,50" hai1="58,31,46,18,57,48,75,16,10,39,85,41,28" hai2="74,54,71,134,53,117,35,6,32,65,93,49,135" hai3="103,14,80,73,111,113,86,44,83,43,4,26,22"/><U124/><E75/><V45/><F117/><W105/><G111/><T34/><D34/><U109/><E109/><V60/><F74/><W11/><G113/><T24/><D1/><U82/><E124/><V27/><F6/><W99/><G73/><T104/><D120/><U47/><E57/><V36/><F27/><W37/><REACH who="3" step="1"/><G86/><REACH who="3" ten="300,356,212,122" step="2"/><T98/><D130/><U40/><E58/><V102/><F134/><W108/><G108/><T59/><D59/><U122/><E122/><V70/><F135/><W131/><G131/><T110/><D56/><U91/><REACH who="1" step="1"/><E18/><AGARI ba="2,1" hai="4,11,14,18,22,26,37,43,44,80,83,99,103,105" machi="18" ten="30,3900,0" yaku="1,1,7,1,52,1,53,0" doraHai="8" doraHaiUra="62" who="3" fromWho="1" sc="300,0,356,-45,212,0,122,55" /><INIT seed="6,0,0,3,3,135" ten="300,311,212,177" oya="2" hai0="16,5,83,91,132,74,42,109,100,77,101,10,11" hai1="59,33,22,95,92,56,51,78,46,63,58,107,12" hai2="116,53,82,106,96,44,21,23,48,99,134,62,8" hai3="18,39,13,72,69,71,31,65,85,128,28,66,125"/><V122/><F116/><W45/><G72/><T105/><D109/><U67/><E33/><V104/><F122/><W57/><G128/><T64/><D132/><U114/><E107/><V27/><F134/><W81/><G69/><T7/><D64/><U87/><E114/><V73/><F104/><W30/><G71/><T131/><D131/><U4/><E92/><V84/><F8/><W26/><G26/><T130/><D130/><U119/><E119/><V103/><F73/><W50/><G57/><T2/><D42/><N who="1" m="25047" /><E95/><V49/><F62/><W94/><G39/><T86/><D16/><N who="1" m="10503" /><E4/><V14/><F14/><W76/><G94/><T108/><D108/><U88/><E88/><V55/><F96/><W118/><G118/><T79/><D79/><U124/><E124/><V60/><F60/><W90/><G76/><T34/><D34/><U41/><E41/><V0/><F0/><W111/><G125/><T61/><D105/><U3/><E3/><V113/><F113/><W121/><G121/><T40/><D40/><U6/><E6/><V127/><F127/><W15/><G111/><T126/><D126/><U9/><E9/><V133/><F27/><W110/><G110/><T80/><D61/><U20/><E20/><V1/><F1/><AGARI ba="0,0" hai="1,2,5,7,10,11,74,77,80,83,86,91,100,101" machi="1" ten="30,2000,0" yaku="7,1,9,1" doraHai="135" who="0" fromWho="2" sc="300,20,311,0,212,-20,177,0" /><INIT seed="7,0,0,2,5,86" ten="320,311,192,177" oya="3" hai0="80,0,89,65,103,30,100,135,49,106,68,43,59" hai1="1,70,112,76,126,26,64,28,72,63,85,23,29" hai2="10,132,33,104,94,60,16,87,24,125,96,4,130" hai3="107,98,111,116,45,84,61,21,54,118,57,88,7"/><W78/><G111/><T79/><D0/><U123/><E123/><V77/><F104/><W31/><G78/><T27/><D68/><U39/><E1/><V110/><F110/><W128/><G128/><T44/><D106/><U55/><E39/><V36/><F36/><W50/><G7/><T73/><D135/><U127/><E72/><V34/><F34/><W32/><G32/><T41/><D41/><U95/><E112/><V9/><F9/><W69/><G69/><T117/><D117/><U8/><E8/><V62/><F125/><N who="1" m="47625" /><E55/><V114/><F33/><W42/><G98/><T12/><D12/><U109/><E109/><V13/><F132/><W113/><G107/><T25/><D89/><N who="1" m="53679" /><E76/><V11/><F11/><W15/><G113/><T102/><D30/><AGARI ba="0,0" hai="23,26,28,29,30,63,64,70" m="53679,47625" machi="30" ten="30,2000,0" yaku="18,1,52,1" doraHai="86" who="1" fromWho="0" sc="320,-20,311,20,192,0,177,0" owari="300,10.0,331,43.0,192,-21.0,177,-32.0" /></mjloggm>