<mjloggm ver="2.3"><GO type="169" lobby="0"/><UN n0="%E4%B8%83%E3%83%84%E6%98%9F%E3%83%9B%E3%82%AF%E3%82%B5%E3%82%A4" n1="%E3%81%A4%E3%82%89%E3%81%84%E3%80%82" n2="%E3%81%8F%E3%81%86%E3%81%9F%E3%82%8D" n3="%62%65%61%74%72%69%63%65" dan="17,16,17,16" rate="2186.65,2101.32,2161.48,2131.96" sx="M,M,M,F"/><TAIKYOKU oya="0"/><INIT seed="0,0,0,1,4,86" ten="250,250,250,250" oya="0" hai0="117,9,133,16,81,37,135,53,112,31,2,79,93" hai1="49,119,52,74,102,39,21,124,91,131,33,97,59" hai2="106,110,92,0,15,30,129,44,61,22,125,24,83" hai3="29,84,57,95,1,134,121,19,32,70,109,7,26"/><T123/><D123/><U115/><E119/><V99/><F110/><W27/><G121/><T122/><D122/><U18/><E33/><V103/><F125/><W80/><G109/><T94/><D117/><U108/><E108/><V51/><F129/><W40/><G70/><T101/><D37/><U120/><E120/><V43/><F0/><W67/><G40/><T6/><D31/><U56/><E131/><V20/><F106/><W48/><G134/><N who="0" m="51211" /><D112/><U116/><E116/><V90/><F61/><W98/><G1/><T69/><D69/><U64/><E39/><V89/><F83/><W76/><G7/><T4/><D4/><U8/><E74/><V107/><F107/><W113/><G113/><T75/><D101/><U13/><E115/><V38/><F38/><W28/><G19/><AGARI ba="0,0" hai="15,19,20,22,24,30,43,44,51,89,90,92,99,103" machi="19" ten="40,5200,0" yaku="8,1,52,2" doraHai="86" who="2" fromWho="3" sc="250,0,250,0,250,52,250,-52" /><INIT seed="1,0,0,0,2,113" ten="250,250,302,198" oya="1" hai0="125,107,44,64,60,93,19,122,90,36,131,95,127" hai1="66,4,134,69,123,29,34,83,56,10,23,121,76" hai2="24,22,0,112,47,43,15,74,25,14,84,68,53" hai3="130,65,5,7,51,116,20,1,102,32,87,41,109"/><U11/><E134/><V45/><F74/><W12/><G32/><T67/><D107/><U71/><E23/><V88/><F0/><W77/><G130/><T52/><D131/><U94/><E56/><V91/><F68/><N who="1" m="26185" /><E94/><V39/><F112/><W50/><G102/><T104/><D104/><U79/><E66/><V126/><F126/><N who="0" m="48138" /><D122/><U103/><E103/><V128/><F128/><W75/><G65/><N who="0" m="25163" /><D19/><U62/><E62/><V2/><F2/><W133/><G1/><T105/><D105/><U27/><E79/><V21/><F53/><W42/><G77/><T114/><D114/><U38/><E10/><V96/><F96/><W110/><G75/><T101/><D101/><U35/><E35/><V55/><F55/><W86/><G20/><T80/><D80/><U3/><E38/><V70/><F70/><W63/><G63/><T132/><D132/><U100/><E100/><V119/><F39/><W33/><G33/><T124/><D124/><U40/><E40/><V118/><F84/><W115/><G133/><T85/><D95/><U49/><E49/><V78/><REACH who="2" step="1"/><F78/><REACH who="2" ten="250,250,292,198" step="2"/><W98/><G98/><T30/><D36/><U135/><E135/><V106/><F106/><W81/><G115/><T37/><D37/><U16/><E123/><V54/><F54/><W61/><G86/><T73/><D73/><N who="1" m="43407" /><E121/><V108/><F108/><W13/><G110/><T82/><D85/><U6/><E3/><V99/><F99/><W31/><G109/><T59/><D52/><U18/><E4/><V117/><F117/><W92/><G116/><T48/><D60/><U17/><E6/><RYUUKYOKU ba="0,1" sc="250,-15,250,15,292,15,198,-15" hai1="11,16,17,18,27,29,34" hai2="14,15,21,22,24,25,43,45,47,88,91,118,119" /><INIT seed="1,1,1,4,5,48" ten="235,265,307,183" oya="1" hai0="115,64,132,107,60,85,46,35,20,30,95,90,86" hai1="52,124,122,89,21,71,12,28,121,65,79,5,8" hai2="4,68,109,94,117,105,29,14,78,110,75,55,53" hai3="73,76,133,118,44,111,99,36,87,42,51,112,3"/><U15/><E124/><V127/><F105/><W130/><G112/><T37/><D115/><U57/><E79/><V102/><F117/><W125/><G118/><T113/><D113/><U58/><E71/><V82/><F68/><W96/><G125/><T41/><D107/><U104/><E104/><V34/><F127/><W61/><G133/><T47/><D132/><U69/><E69/><V131/><F29/><W10/><G130/><T49/><D35/><U120/><E89/><V134/><F34/><W92/><G111/><N who="2" m="42505" /><F134/><W97/><G61/><T50/><D86/><U38/><E38/><V56/><F56/><W33/><G33/><T62/><D64/><U40/><E40/><V91/><F102/><W81/><G51/><T17/><D30/><U101/><E101/><V23/><F131/><W84/><REACH who="3" step="1"/><G92/><REACH who="3" ten="235,265,307,173" step="2"/><T66/><D37/><U67/><E121/><V123/><F123/><W54/><G54/><N who="0" m="30007" /><D66/><U1/><E122/><V88/><F94/><W18/><G18/><T19/><D17/><U59/><E120/><V16/><F4/><AGARI ba="1,2" hai="3,4,10,36,42,44,73,76,81,84,87,96,97,99" machi="4" ten="40,5200,0" yaku="1,1,25,2,53,0" doraHai="48" doraHaiUra="128" who="3" fromWho="2" sc="235,0,265,0,307,-55,173,75" /><INIT seed="2,0,0,1,2,105" ten="235,265,252,248" oya="2" hai0="119,7,112,42,87,124,30,34,15,74,17,132,16" hai1="23,84,43,71,47,0,25,83,85,114,20,97,45" hai2="128,125,59,22,109,5,101,115,32,8,106,51,28" hai3="89,65,131,31,107,40,90,41,78,121,53,133,56"/><V104/><F115/><W13/><G107/><T63/><D74/><U60/><E114/><V52/><F32/><W129/><G121/><T36/><D112/><U86/><E0/><V49/><F125/><W116/><G116/><T103/><D63/><U21/><E97/><V67/><F67/><W77/><G65/><T33/><D87/><U66/><E47/><V64/><F128/><W75/><G31/><T76/><D76/><N who="3" m="29289" /><G75/><T88/><D103/><U100/><E100/><V38/><F38/><W102/><G102/><T48/><D36/><U62/><E62/><V54/><F64/><W11/><G133/><T127/><D30/><U94/><E94/><V12/><F109/><W50/><G131/><T91/><D48/><U120/><E120/><V80/><F80/><W44/><G129/><T29/><D29/><U55/><E55/><V99/><F104/><W98/><G98/><T46/><D132/><U2/><E2/><V57/><REACH who="2" step="1"/><F28/><REACH who="2" ten="235,265,242,248" step="2"/><W123/><G123/><T1/><D124/><U81/><REACH who="1" step="1"/><E25/><REACH who="1" ten="235,255,242,248" step="2"/><V9/><F9/><W82/><G11/><T18/><D127/><U126/><E126/><V93/><F93/><W27/><G27/><T24/><D24/><U122/><E122/><V58/><F58/><W70/><G56/><T134/><D134/><U135/><E135/><V111/><F111/><W69/><G82/><T118/><D119/><U39/><AGARI ba="0,2" hai="20,21,23,39,43,45,60,66,71,81,83,84,85,86" machi="39" ten="30,2000,0" yaku="1,1,0,1,53,0" doraHai="105" doraHaiUra="72" who="1" fromWho="1" sc="235,-5,255,40,242,-10,248,-5" /><INIT seed="3,0,0,1,2,119" ten="230,295,232,243" oya="3" hai0="62,47,109,83,107,7,132,95,19,41,12,128,0" hai1="69,122,75,76,6,23,123,101,3,57,91,33,26" hai2="18,30,85,120,66,73,46,59,121,20,5,116,45" hai3="129,92,115,24,113,89,17,99,93,27,61,32,58"/><W86/><G129/><T63/><D107/><U31/><E91/><V79/><F116/><W124/><G124/><T98/><D132/><U94/><E69/><V67/><F73/><W117/><G117/><T55/><D128/><U108/><E108/><V39/><F30/><W68/><G68/><T112/><D109/><U36/><E36/><V90/><F79/><W65/><G27/><T105/><D105/><U37/><E37/><V14/><F5/><W134/><G134/><T16/><D83/><U44/><E44/><N who="2" m="17003" /><F59/><W56/><G56/><N who="0" m="35103" /><D63/><U97/><E57/><V127/><F39/><W38/><G38/><T21/><D0/><U48/><E48/><V84/><F84/><W100/><REACH who="3" step="1"/><G17/><REACH who="3" ten="230,295,232,233" step="2"/><N who="0" m="10407" /><D112/><U2/><E26/><V29/><F127/><W1/><G1/><T53/><D7/><U78/><E6/><V114/><F114/><W70/><G70/><T118/><D118/><U8/><E2/><V35/><F35/><W125/><G125/><T34/><D34/><U88/><E33/><V11/><F29/><AGARI ba="0,1" hai="24,29,32,58,61,65,86,89,92,93,99,100,113,115" machi="29" ten="40,2000,0" yaku="1,1,53,0" doraHai="119" doraHaiUra="40" who="3" fromWho="2" sc="230,0,295,0,232,-20,233,30" /><INIT seed="3,1,0,3,0,59" ten="230,295,212,263" oya="3" hai0="133,0,8,42,34,76,6,89,43,16,71,9,40" hai1="14,26,87,44,19,69,91,23,90,132,60,78,77" hai2="5,95,39,85,11,134,56,68,28,45,79,86,22" hai3="115,32,67,70,94,4,54,88,98,81,100,84,46"/><W119/><G119/><T128/><D34/><U64/><E132/><V48/><F68/><W97/><G32/><T15/><D133/><U121/><E121/><V104/><F104/><W116/><G116/><T31/><D128/><U35/><E91/><V74/><F134/><W25/><G115/><T135/><D135/><U52/><E35/><V55/><F74/><W113/><G113/><T103/><D31/><U108/><E108/><V58/><F39/><W75/><G4/><T66/><D76/><U110/><E110/><V105/><F105/><W106/><G25/><T21/><D103/><U107/><E107/><V130/><F130/><W109/><G109/><T72/><D72/><U1/><E1/><V13/><F79/><W37/><G37/><T17/><D89/><U36/><E26/><N who="2" m="16471" /><F95/><W53/><G46/><T125/><D125/><U112/><E112/><V10/><F10/><W24/><G24/><T61/><D8/><U122/><E122/><V51/><F58/><W7/><G7/><T99/><D17/><U3/><E3/><V117/><F117/><W38/><G38/><T118/><D118/><U101/><E101/><V47/><F47/><W63/><G75/><T102/><D42/><AGARI ba="1,0" hai="5,11,13,42,45,48,51,55,56,85,86" m="16471" machi="42" ten="30,1000,0" yaku="8,1" doraHai="59" who="2" fromWho="0" sc="230,-13,295,0,212,13,263,0" /><INIT seed="4,0,0,5,0,96" ten="217,295,225,263" oya="0" hai0="104,1,90,74,68,118,124,26,126,6,134,76,89" hai1="13,86,58,112,56,110,65,45,88,73,4,33,17" hai2="72,120,61,111,92,57,34,5,55,77,116,81,131" hai3="130,102,106,46,66,97,10,129,23,93,52,54,40"/><T98/><D118/><U51/><E73/><V14/><F111/><W71/><G10/><N who="0" m="2383" /><D26/><U11/><E110/><V82/><F120/><W69/><G23/><T95/><D68/><N who="3" m="26185" /><G66/><T28/><D28/><U79/><E79/><V84/><F131/><N who="3" m="50187" /><G106/><T75/><D104/><U25/><E65/><V121/><F34/><W115/><G115/><T123/><D123/><U3/><E112/><V114/><F121/><W43/><G43/><T85/><D76/><U49/><E49/><AGARI ba="0,0" hai="40,46,49,52,54,93,97,102" m="50187,26185" machi="49" ten="30,3900,0" yaku="19,1,52,1,54,1" doraHai="96" who="3" fromWho="1" sc="217,0,295,-39,225,0,263,39" /><INIT seed="5,0,0,0,1,21" ten="217,256,225,302" oya="1" hai0="131,38,3,9,128,44,2,42,14,40,51,45,8" hai1="64,102,7,122,10,53,17,5,75,58,31,55,19" hai2="59,22,24,39,16,135,96,76,134,33,11,125,115" hai3="117,103,92,47,63,34,95,72,27,60,132,91,26"/><U119/><E119/><V1/><F39/><W89/><G72/><T66/><D66/><U78/><E122/><V46/><F76/><W97/><G34/><T32/><D32/><U68/><E102/><V107/><F46/><W35/><G35/><T84/><D84/><U85/><E75/><V93/><F107/><W30/><G30/><T123/><D14/><N who="1" m="7383" /><E31/><N who="2" m="19687" /><F59/><W126/><G117/><T4/><D123/><U105/><E68/><V50/><F50/><W106/><G132/><N who="2" m="50729" /><F125/><W87/><G126/><T18/><D18/><U130/><E105/><V110/><F110/><W62/><REACH who="3" step="1"/><G47/><REACH who="3" ten="217,256,225,292" step="2"/><T118/><D118/><U15/><E130/><V28/><F28/><W121/><G121/><T20/><D20/><N who="1" m="11391" /><E64/><V77/><F22/><W74/><G74/><T112/><D112/><U61/><E55/><V101/><F115/><W116/><G116/><T114/><D114/><U52/><E53/><V6/><F11/><W98/><AGARI ba="0,1" hai="26,27,60,62,63,87,89,91,92,95,97,98,103,106" machi="98" ten="30,8000,1" yaku="1,1,0,1,52,2,53,1" doraHai="21" doraHaiUra="99" who="3" fromWho="3" sc="217,-20,256,-40,225,-20,292,90" /><INIT seed="6,0,0,1,4,114" ten="197,216,205,382" oya="2" hai0="72,109,53,126,15,119,98,56,6,107,50,133,49" hai1="115,32,55,127,128,104,78,0,63,34,79,48,28" hai2="54,97,125,21,19,111,7,94,9,77,85,70,120" hai3="41,51,91,12,67,69,123,84,81,103,106,11,52"/><V92/><F120/><W99/><G41/><T101/><D109/><U129/><E0/><V36/><F70/><W73/><G123/><T68/><D68/><U89/><E104/><V5/><F36/><W93/><G69/><T76/><D126/><U22/><E127/><V18/><F125/><W130/><G130/><N who="1" m="50282" /><E63/><V116/><F116/><W37/><G37/><T87/><D133/><U26/><E89/><N who="2" m="53295" /><F77/><N who="1" m="29193" /><E115/><V105/><F105/><W66/><G73/><T24/><D72/><U71/><E71/><V95/><F95/><W121/><G106/><T10/><D24/><U113/><E113/><V83/><F83/><W108/><G108/><T110/><D110/><U57/><AGARI ba="0,0" hai="22,26,28,32,34,48,55,57" m="29193,50282" machi="57" ten="30,1100,0" yaku="19,1" doraHai="114" who="1" fromWho="1" sc="197,-3,216,11,205,-5,382,-3" /><INIT seed="7,0,0,3,5,47" ten="194,227,200,379" oya="3" hai0="42,16,88,36,98,40,118,127,132,76,52,83,81" hai1="115,117,57,44,122,129,46,82,103,70,85,8,94" hai2="10,102,31,72,33,101,74,0,53,26,91,116,135" hai3="69,48,11,9,65,62,134,113,28,92,114,4,12"/><W106/><G106/><T128/><D118/><U50/><E70/><V30/><F116/><W27/><G134/><T89/><D132/><U78/><E117/><V25/><F135/><W133/><G133/><T95/><D128/><U41/><E122/><V37/><F91/><N who="0" m="34890" /><D127/><U100/><E129/><V67/><F53/><W112/><G92/><T120/><D36/><U130/><E130/><V68/><F37/><W77/><G77/><T34/><D34/><U39/><E57/><V15/><F101/><W64/><G11/><T97/><D120/><U71/><E71/><V99/><F0/><W90/><G90/><N who="0" m="55543" /><D98/><U20/><E8/><V38/><F38/><W110/><G9/><T131/><D131/><U2/><E2/><V119/><F119/><W73/><G69/><T49/><D16/><U111/><E111/><V59/><F68/><W109/><G109/><T17/><D17/><U22/><E94/><N who="2" m="58743" /><F74/><W96/><G110/><T54/><D54/><N who="1" m="30039" /><E103/><V7/><F72/><W80/><G73/><T66/><D66/><U3/><E100/><V108/><F108/><W56/><G113/><T14/><D14/><U24/><E115/><V45/><F33/><W84/><G114/><T87/><D83/><U5/><E24/><N who="2" m="9323" /><F45/><AGARI ba="0,0" hai="40,42,45,49,52,76,81,87" m="55543,34890" machi="45" ten="30,7700,0" yaku="8,1,52,1,54,2" doraHai="47" who="0" fromWho="2" sc="194,77,227,0,200,-77,379,0" owari="271,7.0,227,-17.0,123,-38.0,379,48.0" /></mjloggm>