<mjloggm ver="2.3"><GO type="169" lobby="0"/><UN n0="%E8%87%AA%E6%83%9A%E3%82%8C%E3%83%AA%E3%83%BC%E3%83%81" n1="%E3%83%8B%E3%83%A3%E3%83%83%E3%83%94%E3%83%BC%E5%A4%8F%E7%9B%AE" n2="%4D%61%74%75%75%72%61" n3="%E7%B6%BE%E7%80%AC%E5%B8%82%E6%B0%91" dan="16,18,17,17" rate="2100.32,2294.56,2205.46,2124.09" sx="M,M,M,M"/><TAIKYOKU oya="0"/><INIT seed="0,0,0,4,2,119" ten="250,250,250,250" oya="0" hai0="43,47,4,71,66,13,9,104,17,7,56,94,98" hai1="106,41,97,61,117,54,57,67,112,133,85,118,96" hai2="65,5,60,128,36,34,21,84,10,132,73,45,58" hai3="90,114,75,77,103,62,11,91,81,3,135,14,46"/><T52/><D104/><U88/><E133/><V78/><F34/><W30/><G114/><T12/><D71/><U0/><E0/><V123/><F132/><W122/><G135/><T79/><D79/><U32/><E32/><V25/><F128/><W93/><G30/><T55/><D66/><U121/><E121/><V18/><F73/><W116/><G116/><T44/><D43/><U95/><E112/><V50/><F36/><W31/><G31/><T126/><D126/><U115/><E115/><V39/><F39/><W80/><G3/><T130/><D130/><U68/><E41/><V49/><F45/><N who="0" m="17482" /><D13/><U6/><E6/><N who="0" m="2089" /><D56/><U23/><E23/><V20/><F20/><W15/><G46/><T134/><D134/><U2/><E2/><V107/><F107/><W16/><G122/><T99/><D99/><U27/><E97/><V29/><F123/><W69/><G75/><T1/><D1/><U110/><E110/><V125/><F125/><W108/><G108/><T105/><D105/><U8/><E8/><V26/><F5/><W22/><G69/><T33/><D33/><U120/><E120/><V40/><F40/><W129/><G129/><T111/><D111/><U86/><E27/><V28/><F28/><W72/><G72/><T42/><D42/><U76/><E76/><V124/><F124/><W63/><G77/><T87/><D87/><N who="1" m="33291" /><E106/><V70/><F70/><W74/><G74/><T83/><D83/><U89/><E118/><V38/><F38/><W24/><G81/><T101/><AGARI ba="0,0" hai="9,12,17,52,55,94,98,101" m="2089,17482" machi="101" ten="30,3000,0" yaku="8,1,54,1" doraHai="119" who="0" fromWho="0" sc="250,30,250,-10,250,-10,250,-10" /><INIT seed="0,1,0,5,0,119" ten="280,240,240,240" oya="0" hai0="12,53,19,68,13,89,113,55,77,57,104,106,48" hai1="69,1,133,15,128,105,41,17,47,52,38,3,73" hai2="125,74,64,21,43,129,61,90,82,117,124,108,30" hai3="10,114,86,32,91,44,96,123,6,46,84,56,80"/><T76/><D113/><U20/><E105/><V11/><F117/><W23/><G114/><T107/><D68/><U42/><E73/><V127/><F43/><W49/><G32/><T135/><D135/><U33/><E133/><V70/><F108/><W97/><G123/><T75/><D75/><U79/><E79/><V34/><F21/><W0/><G23/><T93/><D55/><U22/><E69/><V111/><F111/><W51/><G56/><T122/><D122/><U62/><E33/><V28/><F129/><W88/><G49/><T92/><D92/><U63/><E128/><V99/><F34/><W7/><G7/><T35/><D35/><U102/><E102/><V24/><F24/><W25/><G25/><T71/><D71/><U14/><E42/><V116/><F116/><W110/><G46/><T66/><D66/><U72/><E72/><V2/><F99/><W31/><G31/><T95/><D95/><U81/><E81/><V16/><F2/><W130/><G110/><T58/><D57/><U134/><E134/><V65/><F65/><W5/><G5/><T18/><D19/><U131/><E131/><V112/><F112/><W118/><G118/><T101/><D101/><U4/><E4/><V9/><F16/><W36/><G36/><T27/><D27/><U54/><E22/><V94/><F30/><W29/><G29/><T100/><D100/><U109/><E109/><V39/><F28/><W78/><G130/><T26/><D77/><U45/><E45/><V115/><F115/><W126/><G78/><T8/><D76/><U132/><E132/><RYUUKYOKU ba="1,0" sc="280,0,240,0,240,0,240,0" /><INIT seed="1,2,0,2,3,57" ten="280,240,240,240" oya="1" hai0="102,134,87,67,28,74,132,112,52,78,65,36,21" hai1="124,62,44,129,109,54,123,35,120,127,114,92,48" hai2="106,90,71,133,17,59,68,116,93,33,41,27,18" hai3="91,11,101,25,111,49,13,95,14,12,130,94,75"/><U34/><E114/><V103/><F116/><W104/><G111/><T38/><D74/><U0/><E0/><V9/><F41/><W100/><G130/><T24/><D102/><U110/><E129/><V79/><F133/><N who="0" m="51306" /><D52/><N who="1" m="29703" /><E92/><V85/><F79/><W80/><G104/><T55/><D55/><U113/><E113/><V56/><F68/><W3/><G3/><T117/><D117/><U39/><E39/><N who="0" m="14889" /><D112/><U125/><E34/><V19/><F9/><W60/><G11/><T97/><D97/><U70/><E35/><V8/><F8/><W5/><G100/><T7/><D7/><U45/><E45/><V58/><F103/><W89/><G5/><T121/><D121/><N who="1" m="46667" /><E54/><V99/><F99/><W69/><G101/><T115/><D115/><U2/><E2/><V51/><F106/><W10/><G10/><T63/><D87/><U72/><E72/><V37/><F37/><W47/><G47/><T105/><D105/><U42/><E42/><V1/><F1/><W96/><G96/><T61/><D78/><U29/><E29/><V6/><F51/><W108/><G75/><T135/><D135/><U26/><E26/><V30/><F6/><W119/><G119/><T23/><D23/><U107/><E107/><V16/><N who="2" m="4096" /><DORA hai="81" /><V98/><REACH who="2" step="1"/><F98/><REACH who="2" ten="280,240,230,240" step="2"/><W66/><G12/><T50/><D50/><U31/><E31/><V76/><F76/><W43/><G13/><T20/><D28/><U122/><E122/><V83/><F83/><W77/><G77/><T88/><D24/><U46/><E46/><V40/><F40/><W64/><G43/><T126/><D21/><RYUUKYOKU ba="2,1" sc="280,-15,240,15,230,15,240,-15" hai1="62,70,109,110,124,125,127" hai2="27,30,33,56,58,59,71,85,90,93" /><INIT seed="1,3,1,2,3,36" ten="265,255,245,225" oya="1" hai0="85,81,21,23,96,33,53,14,38,62,29,72,129" hai1="124,86,46,98,82,92,37,44,52,89,25,15,69" hai2="12,102,76,26,120,28,70,103,135,130,132,7,128" hai3="116,35,31,60,125,18,41,51,10,107,101,78,83"/><U71/><BYE who="3" /><E124/><V134/><F70/><W91/><G91/><T93/><D38/><U90/><E25/><V95/><F76/><UN n3="%E7%B6%BE%E7%80%AC%E5%B8%82%E6%B0%91" /><W11/><G125/><T68/><D129/><N who="2" m="49770" /><F95/><W65/><G116/><T97/><D72/><U84/><E98/><V104/><F104/><W105/><G105/><T54/><D33/><U30/><E30/><V6/><F120/><W111/><G18/><T118/><D118/><U58/><E15/><V43/><F43/><W50/><G50/><T113/><D68/><U126/><E126/><V47/><F47/><W34/><G51/><T119/><D62/><U127/><E127/><V17/><F102/><W24/><G101/><N who="0" m="60559" /><D97/><U1/><E1/><V117/><F103/><W39/><G107/><T40/><D40/><U59/><E59/><V27/><F117/><W61/><G61/><T49/><D54/><U87/><E87/><V32/><F27/><W63/><G60/><T2/><D53/><U123/><E123/><V66/><F66/><W94/><G63/><T20/><D49/><U106/><E106/><V74/><F74/><W80/><G65/><T99/><D99/><U4/><E69/><V16/><F16/><W109/><G39/><T56/><D56/><U48/><E71/><V5/><F5/><W9/><G41/><T122/><D85/><U114/><E4/><V73/><F73/><W88/><G78/><T100/><D100/><U112/><REACH who="1" step="1"/><E37/><REACH who="1" ten="265,245,245,225" step="2"/><V3/><F3/><W13/><G24/><N who="0" m="16519" /><D122/><U115/><AGARI ba="3,2" hai="44,46,48,52,58,82,84,86,89,90,92,112,114,115" machi="115" ten="30,6000,0" yaku="1,1,0,1,54,1,53,0" doraHai="36" doraHaiUra="57" who="1" fromWho="1" sc="265,-23,245,89,245,-23,225,-23" /><INIT seed="1,4,0,4,5,83" ten="242,334,222,202" oya="1" hai0="124,135,75,64,96,88,112,12,95,61,45,9,110" hai1="78,1,49,50,76,33,34,19,62,42,74,128,26" hai2="92,114,39,56,73,59,13,113,126,115,14,94,11" hai3="18,30,79,7,4,54,121,27,67,35,81,48,38"/><U122/><E1/><V107/><F11/><W118/><G121/><T77/><D110/><U20/><E122/><V32/><F32/><W85/><G38/><T82/><D124/><U119/><E119/><V29/><F29/><W31/><G118/><T98/><D135/><U15/><E128/><V97/><F39/><W5/><G67/><T66/><D112/><U91/><E62/><V133/><F73/><W103/><G103/><T37/><D98/><U111/><E111/><V58/><F126/><W60/><G60/><T55/><D37/><U108/><E108/><V70/><F70/><W51/><G31/><T16/><D45/><U105/><E105/><V2/><F2/><W134/><G134/><T101/><D55/><U6/><E74/><V93/><F133/><W17/><REACH who="3" step="1"/><G51/><REACH who="3" ten="242,334,222,192" step="2"/><T10/><D101/><AGARI ba="4,1" hai="13,14,56,58,59,92,93,94,97,101,107,113,114,115" machi="101" ten="50,6400,0" yaku="29,2,11,1" doraHai="83" who="2" fromWho="0" sc="242,-76,334,0,222,86,192,0" /><INIT seed="2,0,0,0,0,69" ten="166,334,308,192" oya="2" hai0="59,100,11,42,73,64,78,128,8,37,96,24,105" hai1="14,80,109,113,127,45,9,83,17,22,94,3,19" hai2="126,61,29,1,32,57,107,93,65,97,49,56,81" hai3="7,103,2,13,101,47,5,110,30,25,125,68,104"/><V38/><F1/><W21/><G110/><T4/><D128/><U54/><E113/><V58/><F126/><W115/><G125/><T52/><D64/><U130/><E127/><V135/><F135/><W87/><G115/><T76/><D11/><U91/><E109/><V112/><F112/><W86/><G68/><T106/><D105/><U116/><E116/><V84/><F107/><W6/><G2/><T102/><D100/><N who="3" m="38473" /><G104/><T60/><D24/><U121/><E130/><V75/><F75/><W74/><G74/><T15/><REACH who="0" step="1"/><D73/><REACH who="0" ten="156,334,308,192" step="2"/><U35/><E121/><V12/><F65/><W122/><G122/><T72/><D72/><U85/><E3/><V92/><F61/><W134/><G134/><T43/><D43/><U132/><E132/><V79/><F12/><W120/><G120/><T46/><AGARI ba="0,1" hai="4,8,15,37,42,46,52,59,60,76,78,96,102,106" machi="46" ten="30,7900,0" yaku="1,1,0,1,52,1,54,1,53,0" doraHai="69" doraHaiUra="129" who="0" fromWho="0" sc="156,89,334,-20,308,-39,192,-20" /><INIT seed="3,0,0,0,4,25" ten="245,314,269,172" oya="3" hai0="46,68,72,32,59,89,135,51,31,1,20,109,9" hai1="69,95,19,39,111,106,129,34,6,47,90,67,44" hai2="131,122,82,66,112,30,26,13,61,75,117,105,53" hai3="114,28,16,49,74,8,57,96,127,132,22,11,27"/><W115/><G127/><T15/><D68/><U40/><E106/><V36/><F117/><W17/><G132/><T50/><D72/><U81/><E34/><V65/><F112/><W21/><G74/><T7/><D109/><U93/><E111/><V86/><F75/><W104/><G49/><T120/><D120/><U103/><E129/><V118/><F105/><W94/><G104/><T87/><D32/><U37/><E6/><V97/><F36/><W101/><G17/><T126/><D126/><U113/><E113/><V70/><F65/><W84/><G114/><T79/><D79/><U12/><E103/><V23/><F97/><W42/><G42/><T52/><D1/><U130/><E130/><V107/><F107/><W29/><G115/><T76/><D76/><U14/><E67/><V119/><F122/><W35/><G35/><T134/><D134/><U10/><E69/><V78/><F131/><W0/><G0/><T41/><D135/><U55/><E14/><V43/><F43/><W4/><G4/><T77/><D77/><U128/><E128/><V102/><F102/><W60/><G84/><T121/><D121/><U3/><E3/><V88/><F78/><W54/><G29/><T133/><D133/><U125/><E125/><V108/><F108/><W62/><G60/><T45/><D45/><U18/><E18/><V92/><F13/><AGARI ba="0,0" hai="8,11,13,16,21,22,27,28,54,57,62,94,96,101" machi="13" ten="30,11600,0" yaku="7,1,8,1,52,1,54,1" doraHai="25" who="3" fromWho="2" sc="245,0,314,0,269,-116,172,116" /><INIT seed="3,1,0,2,4,109" ten="245,314,153,288" oya="3" hai0="66,117,47,110,36,21,69,9,111,56,44,57,106" hai1="64,125,112,39,61,128,107,20,49,50,3,98,37" hai2="135,93,28,99,54,102,113,75,132,15,68,85,45" hai3="12,55,6,86,124,100,41,95,114,131,82,118,73"/><W4/><G118/><T5/><D106/><U63/><E3/><V91/><F68/><W80/><G124/><T26/><D117/><U101/><E125/><V134/><F28/><W130/><G41/><T104/><D104/><U30/><E128/><N who="3" m="49194" /><G55/><T10/><D10/><U42/><E112/><V88/><F75/><W133/><G133/><T13/><D69/><U43/><E63/><V105/><F15/><W32/><G32/><T8/><D8/><U58/><E42/><V122/><F122/><W29/><G29/><T123/><D123/><U18/><E30/><V65/><F65/><W46/><G46/><N who="0" m="17451" /><D66/><U115/><E115/><V59/><F45/><W27/><G27/><T67/><D67/><U24/><REACH who="1" step="1"/><E43/><REACH who="1" ten="245,304,153,288" step="2"/><V22/><F113/><W92/><G114/><T94/><D111/><U34/><E34/><V35/><F35/><W89/><G73/><T40/><D40/><U60/><E60/><V33/><F33/><W2/><G2/><T78/><D110/><U25/><E25/><V1/><F1/><W97/><G12/><T52/><D26/><U126/><E126/><V81/><F54/><W31/><G31/><T0/><D52/><U129/><E129/><V17/><F59/><W76/><G76/><T87/><D57/><U51/><AGARI ba="1,1" hai="18,20,24,37,39,49,50,51,58,61,64,98,101,107" machi="51" ten="30,2000,0" yaku="1,1,0,1,53,0" doraHai="109" doraHaiUra="79" who="1" fromWho="1" sc="245,-6,304,33,153,-6,288,-11" /><INIT seed="4,0,0,2,2,79" ten="239,337,147,277" oya="0" hai0="13,40,39,8,112,6,49,100,119,87,101,61,70" hai1="58,14,86,71,51,22,21,65,114,34,27,0,12" hai2="35,113,74,62,110,31,78,17,92,103,97,107,18" hai3="53,95,125,90,60,48,131,15,30,83,102,109,23"/><T29/><D112/><U126/><E0/><V28/><F110/><W127/><G109/><T33/><D119/><U77/><E34/><V10/><F113/><W96/><G131/><T2/><D39/><U43/><E71/><V81/><F35/><W42/><G42/><T63/><D2/><U94/><E126/><V115/><F115/><W32/><G32/><T106/><D106/><U76/><E114/><V19/><F10/><W91/><G60/><T135/><D135/><U105/><E105/><V25/><F25/><W93/><G30/><T7/><D7/><U59/><E22/><V50/><F50/><W46/><G83/><T69/><D69/><U4/><E65/><V45/><F45/><W99/><REACH who="3" step="1"/><G102/><REACH who="3" ten="239,337,147,267" step="2"/><T56/><D29/><U57/><E43/><V122/><F62/><W132/><G132/><T11/><D61/><U120/><E51/><V3/><F3/><W55/><G55/><T37/><D37/><U104/><E120/><V67/><F67/><W20/><G20/><T75/><D70/><U5/><E21/><V123/><F123/><W134/><G134/><T88/><D33/><U128/><E128/><V41/><F41/><W108/><G108/><T89/><D49/><U121/><E121/><V66/><F122/><W72/><G72/><T124/><D75/><U36/><E36/><V129/><F66/><W80/><G80/><N who="0" m="49255" /><D40/><U73/><E73/><V26/><F129/><W16/><AGARI ba="0,1" hai="15,16,23,46,48,53,90,91,93,95,96,99,125,127" machi="16" ten="30,7900,0" yaku="1,1,0,1,9,1,54,1,53,0" doraHai="79" doraHaiUra="117" who="3" fromWho="3" sc="239,-39,337,-20,147,-20,267,89" /><INIT seed="5,0,0,0,3,95" ten="200,317,127,356" oya="1" hai0="64,98,81,40,20,126,60,43,82,66,115,89,65" hai1="72,11,116,119,75,73,84,1,28,79,74,2,121" hai2="30,10,97,70,12,83,61,118,110,23,16,114,13" hai3="105,17,9,96,53,99,49,51,132,130,25,123,3"/><U58/><E121/><V18/><F118/><W113/><G123/><T38/><D115/><U59/><E28/><V77/><F110/><W21/><G105/><T19/><D126/><U127/><E127/><V86/><F114/><W108/><G108/><T104/><D60/><U33/><E33/><V117/><F117/><W71/><G113/><T103/><D89/><U57/><E119/><V107/><F30/><W44/><G132/><T36/><D43/><U0/><E116/><V35/><F35/><W129/><G71/><T100/><D40/><U45/><E45/><V90/><F70/><W7/><REACH who="3" step="1"/><G51/><REACH who="3" ten="200,317,127,346" step="2"/><T63/><D38/><U134/><E134/><V55/><F107/><W26/><G26/><T41/><D36/><U6/><N who="1" m="18432" /><DORA hai="85" /><U88/><REACH who="1" step="1"/><E79/><REACH who="1" ten="200,307,127,346" step="2"/><V94/><F61/><W34/><G34/><T106/><D63/><U135/><E135/><V93/><F77/><W125/><G125/><T122/><D122/><U54/><E54/><V37/><F55/><W46/><G46/><T24/><D41/><U69/><E69/><V80/><REACH who="2" step="1"/><F37/><REACH who="2" ten="200,307,117,346" step="2"/><W31/><G31/><T50/><REACH who="0" step="1"/><D50/><REACH who="0" ten="190,307,117,346" step="2"/><RYUUKYOKU type="reach4" ba="0,4" sc="190,0,307,0,117,0,346,0" hai0="19,20,24,64,65,66,81,82,98,100,103,104,106" hai1="0,1,2,6,11,57,58,59,84,88" hai2="10,12,13,16,18,23,80,83,86,90,93,94,97" hai3="3,7,9,17,21,25,44,49,53,96,99,129,130" /><INIT seed="5,1,4,0,1,126" ten="190,307,117,346" oya="1" hai0="115,66,77,109,19,69,10,42,31,114,121,7,33" hai1="24,98,107,35,112,64,85,63,117,87,44,134,105" hai2="52,20,82,125,36,48,129,3,61,127,76,54,101" hai3="96,95,130,71,47,13,89,1,12,104,133,5,46"/><U15/><E117/><V119/><F36/><W81/><G71/><T37/><D109/><U110/><E110/><V62/><F119/><W14/><G133/><T86/><D19/><U67/><E134/><V50/><F3/><W38/><G38/><T16/><D16/><U102/><E112/><N who="0" m="43049" /><D31/><U124/><E124/><N who="2" m="47691" /><F101/><W122/><G122/><T60/><D33/><U34/><E107/><V51/><F20/><W68/><G68/><T94/><D77/><U18/><E44/><V80/><F129/><W93/><G104/><T135/><D135/><U90/><E64/><V111/><F111/><W23/><G23/><T83/><D94/><U108/><E108/><V79/><F61/><W118/><G118/><T128/><D42/><U25/><E35/><V65/><F65/><W11/><G130/><T43/><D43/><U9/><E34/><V40/><F40/><W100/><REACH who="3" step="1"/><G81/><REACH who="3" ten="190,307,117,336" step="2"/><N who="2" m="31337" /><F62/><W116/><G116/><T91/><D37/><U120/><E120/><V99/><F99/><AGARI ba="1,5" hai="1,5,11,12,13,14,46,47,89,93,95,96,99,100" machi="99" ten="40,1300,0" yaku="1,1,53,0" doraHai="126" doraHaiUra="30" who="3" fromWho="2" sc="190,0,307,0,117,-16,336,66" /><INIT seed="6,0,0,0,5,96" ten="190,307,101,402" oya="2" hai0="103,92,46,63,105,0,69,124,5,78,62,134,35" hai1="65,29,13,27,49,56,99,1,86,23,33,135,66" hai2="47,97,48,34,51,36,93,107,43,83,81,60,125" hai3="64,116,24,2,32,50,115,67,10,31,95,7,76"/><V9/><F107/><W17/><G116/><T80/><D35/><U133/><E1/><V71/><F34/><W118/><G118/><T14/><D0/><U109/><E109/><V4/><F125/><W101/><G115/><T55/><D92/><U42/><E86/><V8/><F8/><W87/><G50/><T74/><D55/><N who="1" m="31855" /><E42/><V113/><F113/><W20/><G76/><T98/><D46/><U52/><E99/><V82/><F60/><W59/><G59/><T40/><D40/><U15/><E52/><V100/><REACH who="2" step="1"/><F71/><REACH who="2" ten="190,307,91,402" step="2"/><W123/><G10/><T130/><D124/><U41/><E33/><V84/><F84/><W57/><G87/><T3/><D69/><U132/><E41/><V120/><F120/><W75/><G32/><T104/><D104/><U112/><E112/><V72/><F72/><W90/><G75/><T126/><D126/><U39/><E39/><V25/><F25/><W91/><G24/><T18/><D63/><U94/><E94/><V108/><F108/><W21/><G95/><T88/><D62/><U111/><E111/><V37/><F37/><W19/><G123/><T12/><D74/><U77/><E27/><V70/><F70/><W110/><G110/><T6/><D105/><U26/><E26/><V38/><F38/><W61/><G61/><T16/><D3/><AGARI ba="0,1" hai="3,4,9,36,43,47,48,51,81,82,83,93,97,100" machi="3" ten="40,3900,0" yaku="1,1,52,1,53,0" doraHai="96" doraHaiUra="85" who="2" fromWho="0" sc="190,-39,307,0,91,49,402,0" /><INIT seed="6,1,0,4,2,101" ten="151,307,140,402" oya="2" hai0="75,131,91,87,98,109,8,99,94,73,34,121,26" hai1="84,71,62,29,33,30,135,6,82,25,132,80,133" hai2="88,130,56,57,64,19,46,67,51,14,97,24,41" hai3="128,0,74,65,72,69,15,61,103,17,112,42,111"/><V105/><F130/><W43/><G111/><T77/><D109/><U54/><E29/><V12/><F24/><W78/><G0/><T4/><D121/><U102/><E6/><V28/><F28/><W11/><G128/><T50/><D34/><U63/><E102/><V52/><F57/><W86/><G112/><T96/><D26/><U81/><E71/><V66/><F19/><W79/><G103/><T21/><D21/><U2/><E2/><V45/><F105/><W18/><G18/><T16/><D16/><U31/><E31/><V5/><F5/><W23/><G23/><T127/><D127/><U9/><E9/><V95/><REACH who="2" step="1"/><F46/><REACH who="2" ten="151,307,130,402" step="2"/><W22/><G17/><T90/><D131/><U106/><E106/><V48/><AGARI ba="1,1" hai="12,14,41,45,48,51,52,56,64,66,67,88,95,97" machi="48" ten="30,18000,2" yaku="1,1,2,1,0,1,8,1,54,2,53,0" doraHai="101" doraHaiUra="68" who="2" fromWho="2" sc="151,-61,307,-61,130,193,402,-61" /><INIT seed="6,2,0,3,0,48" ten="90,246,323,341" oya="2" hai0="45,37,8,133,116,9,58,60,18,74,26,16,67" hai1="112,84,65,23,113,51,61,73,99,49,17,4,13" hai2="33,70,56,110,28,32,29,102,72,27,55,93,44" hai3="47,96,117,87,12,39,97,107,132,36,68,75,54"/><V43/><F70/><W31/><G117/><T34/><D74/><U22/><E73/><V53/><F72/><W118/><G118/><T21/><D133/><U88/><E99/><V2/><F2/><W124/><G75/><T125/><D125/><U11/><E23/><V119/><F119/><W85/><G68/><T14/><D116/><U62/><E49/><V115/><F115/><N who="1" m="44105" /><E65/><V6/><F6/><W81/><G39/><T103/><D34/><U135/><E135/><V106/><F106/><W10/><G132/><T108/><D108/><U50/><E62/><V111/><F93/><W66/><G66/><T128/><D128/><U104/><E61/><V64/><F102/><W40/><G31/><T77/><D77/><U42/><E42/><V78/><F78/><W76/><G124/><T38/><D103/><U57/><E57/><V63/><F29/><W130/><G130/><T19/><REACH who="0" step="1"/><D45/><REACH who="0" ten="80,246,323,341" step="2"/><U1/><E104/><V52/><REACH who="2" step="1"/><F33/><REACH who="2" ten="80,246,313,341" step="2"/><W101/><G76/><T109/><D109/><U123/><E123/><V24/><F24/><W89/><G101/><T91/><D91/><U7/><E7/><V41/><F41/><W126/><G40/><T90/><D90/><U120/><E120/><V92/><F92/><AGARI ba="2,2" hai="1,4,11,13,17,22,50,51,84,88,92" m="44105" machi="92" ten="30,2000,0" yaku="15,1,54,1" doraHai="48" who="1" fromWho="2" sc="80,0,246,46,313,-26,341,0" /><INIT seed="7,0,0,0,1,25" ten="80,292,287,341" oya="3" hai0="121,19,117,111,16,5,124,69,86,12,34,52,20" hai1="100,82,63,112,133,104,31,59,78,36,57,17,77" hai2="68,99,92,126,32,105,108,53,115,44,4,84,48" hai3="130,129,14,106,29,125,94,131,58,64,79,38,132"/><W13/><G106/><T80/><D124/><U93/><E36/><V98/><F68/><W119/><G119/><T134/><D134/><U74/><E112/><V22/><F108/><W54/><G38/><T27/><D69/><U6/><E133/><V116/><F32/><W41/><G41/><T65/><D121/><U11/><E78/><V15/><F105/><W102/><G132/><T33/><D65/><U28/><E104/><V103/><F115/><W83/><G29/><T30/><D117/><U73/><E73/><V88/><F126/><W24/><G24/><T123/><D123/><U43/><E43/><V110/><F116/><W128/><G64/><T49/><D111/><U23/><E93/><N who="2" m="58863" /><F110/><W55/><G130/><T95/><D5/><U9/><E100/><V87/><F22/><W40/><G40/><T56/><D19/><U81/><E81/><V2/><F2/><W60/><G55/><T90/><REACH who="0" step="1"/><D80/><REACH who="0" ten="70,292,287,341" step="2"/><U76/><E6/><V71/><F71/><W45/><G125/><T85/><D85/><U135/><E135/><V114/><F114/><W62/><G129/><T3/><D3/><U120/><E120/><V8/><AGARI ba="0,1" hai="4,8,15,44,48,53,84,87,88,92,98" m="58863" machi="8" ten="30,2000,0" yaku="8,1,54,1" doraHai="25" who="2" fromWho="2" sc="70,-5,292,-5,287,30,341,-10" owari="65,-43.0,287,-11.0,317,12.0,331,42.0" /></mjloggm>