<mjloggm ver="2.3"><GO type="169" lobby="0"/><UN n0="%E3%81%9F%E3%81%A1%E3%83%90%E3%83%8A%E3%83%8A%40" n1="%7A%6F%6F%31%39%36%34" n2="%6B%75%72%69%6D%75" n3="%6F%63%69%6E%70%6F%70%6F" dan="17,18,18,17" rate="2177.71,2221.90,2245.00,2117.86" sx="M,M,M,F"/><TAIKYOKU oya="0"/><INIT seed="0,0,0,4,3,67" ten="250,250,250,250" oya="0" hai0="40,10,51,94,29,65,46,14,8,86,89,27,92" hai1="23,48,69,21,103,63,120,118,64,57,1,93,60" hai2="112,106,38,55,83,12,97,3,128,125,107,6,32" hai3="75,121,70,33,47,113,74,30,17,133,31,76,54"/><T0/><D0/><U56/><E118/><V43/><F55/><W84/><G113/><T85/><D65/><U77/><E120/><V42/><F12/><W9/><G84/><T79/><D14/><U78/><E1/><V19/><F19/><W114/><G76/><N who="1" m="29290" /><E48/><V124/><F83/><W61/><G133/><T59/><D59/><U100/><E69/><V24/><F97/><W104/><G104/><T96/><D85/><U119/><E119/><V88/><F3/><W135/><G135/><T7/><D7/><U132/><E132/><V115/><F6/><W81/><G54/><T66/><D66/><N who="1" m="39175" /><E93/><V102/><F24/><W26/><G26/><T18/><D18/><U2/><E2/><V72/><F72/><W129/><G17/><T110/><D110/><U62/><E63/><V122/><F32/><W91/><G61/><T5/><D5/><U39/><E39/><V105/><F38/><W20/><G81/><T134/><D134/><U22/><AGARI ba="0,0" hai="21,22,23,57,62,64,100,103" m="39175,29290" machi="22" ten="30,1100,0" yaku="8,1" doraHai="67" who="1" fromWho="1" sc="250,-5,250,11,250,-3,250,-3" /><INIT seed="1,0,0,1,2,49" ten="245,261,247,247" oya="1" hai0="78,55,29,88,63,117,61,48,107,33,66,126,84" hai1="119,12,24,135,0,85,64,5,70,102,110,82,133" hai2="44,111,52,120,16,27,128,22,37,45,42,21,20" hai3="108,62,91,101,11,121,3,65,130,118,109,95,98"/><U89/><E119/><V34/><F120/><W26/><G121/><T94/><D117/><U31/><E102/><V90/><F111/><N who="3" m="42571" /><G118/><T76/><D107/><U96/><E96/><V72/><F72/><W112/><G130/><T125/><D33/><U83/><E110/><V79/><F79/><N who="0" m="30250" /><D29/><U81/><E0/><V43/><F128/><W13/><G26/><T93/><D66/><U129/><E129/><V18/><F90/><W60/><G3/><T9/><D9/><N who="1" m="4143" /><E64/><V74/><F74/><W123/><G60/><T58/><D94/><U68/><E68/><V92/><F92/><W38/><G38/><T51/><D61/><U69/><E69/><V54/><F34/><W28/><G28/><T35/><D35/><U77/><E77/><V105/><F105/><W122/><G101/><T113/><D113/><U8/><E8/><V104/><F104/><W115/><G115/><T47/><D47/><U86/><E70/><V19/><REACH who="2" step="1"/><F27/><REACH who="2" ten="245,261,237,247" step="2"/><W67/><G112/><T99/><D99/><U53/><E89/><V59/><F59/><N who="3" m="37087" /><G67/><T40/><D126/><U10/><E135/><V50/><AGARI ba="0,1" hai="16,18,19,20,21,22,37,42,43,44,45,50,52,54" machi="50" ten="30,12000,2" yaku="1,1,0,1,52,2,54,2,53,0" doraHai="49" doraHaiUra="30" who="2" fromWho="2" sc="245,-30,261,-60,237,130,247,-30" /><INIT seed="2,0,0,3,5,118" ten="215,201,367,217" oya="2" hai0="26,56,36,88,123,82,27,28,105,124,6,49,58" hai1="77,55,99,130,96,116,93,94,41,24,46,52,44" hai2="111,1,51,117,120,11,86,132,125,104,95,60,57" hai3="65,2,74,73,75,35,21,64,129,100,62,32,102"/><V7/><F117/><W19/><G2/><T42/><D105/><U10/><E130/><V97/><F125/><W89/><G129/><T72/><D6/><U78/><E116/><V127/><F127/><W106/><G106/><T98/><D124/><U3/><E24/><V85/><F132/><W76/><G76/><T115/><D115/><U81/><E3/><V79/><F104/><W9/><G9/><T30/><D123/><U119/><E119/><V67/><F120/><W59/><G64/><T68/><D68/><U92/><E10/><V112/><F112/><W134/><G134/><T34/><D72/><U107/><E107/><V90/><F111/><W38/><G38/><T54/><D36/><U53/><E41/><V61/><F79/><N who="1" m="30217" /><E81/><V114/><F114/><W113/><G89/><T17/><D42/><U128/><E128/><V29/><F29/><W39/><G39/><T47/><D17/><U103/><E103/><V0/><F0/><W84/><G84/><T70/><D70/><U5/><E5/><V8/><F11/><W131/><G131/><T12/><D12/><U45/><AGARI ba="0,0" hai="44,45,46,52,53,55,92,93,94,96,99" m="30217" machi="45" ten="40,12000,2" yaku="29,2,28,2,8,1,54,1" doraHai="118" who="1" fromWho="1" sc="215,-30,201,120,367,-60,217,-30" /><INIT seed="3,0,0,4,0,27" ten="185,321,307,187" oya="3" hai0="57,134,132,4,60,28,38,71,65,5,91,16,118" hai1="34,47,101,122,135,13,2,129,77,53,22,119,59" hai2="121,76,10,48,61,128,26,86,79,40,113,75,82" hai3="35,19,127,126,103,46,99,23,39,109,6,125,14"/><W15/><G39/><T7/><D38/><U30/><E2/><V115/><F128/><W100/><G46/><T54/><D91/><U55/><E129/><V43/><F121/><W88/><G109/><T64/><D118/><U25/><E135/><N who="0" m="51753" /><D71/><U50/><E119/><V58/><F10/><N who="3" m="4439" /><G35/><T105/><D105/><U37/><E122/><V3/><F3/><W17/><G19/><T45/><D45/><U83/><E101/><V70/><F70/><W112/><G112/><T12/><D28/><U33/><E13/><V78/><F75/><W51/><G51/><T111/><D111/><U114/><E114/><V11/><F11/><AGARI ba="0,0" hai="4,5,7,11,12,16,54,57,60,64,65" m="51753" machi="11" ten="30,2000,0" yaku="20,1,54,1" doraHai="27" who="0" fromWho="2" sc="185,20,321,0,307,-20,187,0" /><INIT seed="4,0,0,5,4,15" ten="205,321,287,187" oya="0" hai0="71,40,47,2,11,1,94,24,89,109,98,39,130" hai1="35,53,51,113,49,77,56,117,55,116,19,80,73" hai2="118,131,4,126,114,58,16,90,82,62,99,42,48" hai3="33,20,30,106,78,23,88,102,111,60,63,52,18"/><T22/><D130/><U34/><E113/><V27/><F114/><W129/><G111/><T87/><D109/><U0/><E0/><V119/><F4/><W103/><G33/><T132/><D132/><U6/><E6/><V92/><F126/><W104/><G78/><T61/><D11/><U9/><E35/><V28/><F131/><W25/><G129/><T76/><D71/><U59/><E34/><V54/><F82/><W91/><G60/><T105/><D61/><U72/><E72/><V100/><F100/><N who="3" m="38443" /><G106/><T41/><D41/><U74/><E74/><V101/><F101/><W3/><G3/><T79/><D105/><U8/><E8/><V127/><F28/><W122/><G122/><T135/><D135/><U121/><E121/><V21/><F127/><W64/><G64/><T133/><D133/><U7/><E7/><V95/><F95/><W84/><G84/><T5/><D5/><U97/><E97/><V112/><F112/><W26/><G104/><T50/><D39/><U134/><E134/><V17/><F17/><W96/><G96/><T125/><D125/><U44/><E44/><AGARI ba="0,0" hai="16,21,27,42,44,48,54,58,62,90,92,99,118,119" machi="44" ten="40,8000,1" yaku="25,2,52,1,54,1" doraHai="15" who="2" fromWho="1" sc="205,0,321,-80,287,80,187,0" /><INIT seed="5,0,0,5,2,67" ten="205,241,367,187" oya="1" hai0="9,37,22,51,7,68,65,83,19,82,91,2,15" hai1="62,55,102,122,23,4,16,66,59,120,13,11,117" hai2="101,108,48,133,47,93,53,25,111,127,39,0,105" hai3="128,56,104,6,126,123,97,110,18,10,77,135,131"/><U106/><E117/><V70/><F70/><W32/><G123/><T28/><D37/><U76/><E76/><V94/><F0/><W60/><G110/><T107/><D107/><U112/><E112/><V12/><F127/><W130/><G32/><T81/><D51/><U124/><E124/><V71/><F71/><W88/><G126/><T69/><D65/><U33/><E33/><V134/><F39/><W42/><G42/><T132/><D132/><N who="2" m="50794" /><F25/><W90/><G135/><T114/><D114/><U30/><E30/><V103/><F12/><W35/><G35/><T38/><D38/><U57/><E102/><N who="2" m="38923" /><F105/><W49/><G49/><T119/><D119/><U24/><REACH who="1" step="1"/><E106/><REACH who="1" ten="205,231,367,187" step="2"/><V52/><F111/><W45/><G104/><T116/><D116/><U78/><E78/><V95/><F108/><W85/><G77/><T118/><D118/><U72/><E72/><V86/><F86/><W29/><G85/><T58/><D28/><U113/><E113/><V46/><F95/><W80/><G29/><T100/><D100/><U84/><E84/><V89/><F89/><W79/><G97/><T54/><D91/><U34/><E34/><V50/><AGARI ba="0,1" hai="46,47,48,50,52,53,93,94" m="38923,50794" machi="50" ten="30,2000,0" yaku="20,1,54,1" doraHai="67" who="2" fromWho="2" sc="205,-5,231,-10,367,30,187,-5" /><INIT seed="6,0,0,3,5,31" ten="200,221,397,182" oya="2" hai0="40,59,99,58,25,46,41,81,73,14,45,38,134" hai1="104,95,102,35,13,113,68,127,52,7,44,116,43" hai2="10,60,29,28,32,76,123,120,9,85,65,90,12" hai3="27,64,125,83,108,54,63,86,80,91,105,98,109"/><V72/><F76/><W88/><G54/><T33/><D134/><U62/><E116/><V61/><F72/><W97/><G27/><T71/><D14/><U8/><E113/><V22/><F22/><W23/><G23/><T100/><D71/><U0/><E127/><V75/><F75/><W126/><G63/><T70/><D70/><U37/><E95/><V111/><F111/><N who="3" m="42571" /><G64/><T17/><D81/><U49/><E35/><V6/><F9/><W11/><G11/><T51/><D73/><U119/><E119/><V67/><F28/><W107/><G97/><T77/><D77/><U30/><E30/><V34/><F29/><W112/><G112/><T94/><D33/><U16/><E68/><V129/><F60/><W103/><G105/><T117/><D117/><U56/><E0/><V121/><F65/><W4/><G4/><T55/><D40/><U42/><E7/><V92/><REACH who="2" step="1"/><F129/><REACH who="2" ten="200,221,387,182" step="2"/><W15/><G15/><T101/><D25/><U74/><E62/><V21/><F21/><W82/><G91/><T110/><D110/><U36/><E13/><V132/><F132/><W78/><G78/><T124/><D101/><U131/><E102/><V115/><F115/><W19/><G19/><T118/><D17/><U89/><E89/><V122/><N who="2" m="30720" /><DORA hai="130" /><V2/><F2/><W5/><G5/><T133/><D118/><U69/><E16/><V47/><F47/><W1/><G1/><T114/><D114/><U26/><E44/><V66/><F66/><W48/><G48/><T93/><D133/><U96/><E49/><V50/><F50/><W79/><G79/><RYUUKYOKU ba="0,1" sc="200,-15,221,-15,387,15,182,15" hai2="6,10,12,32,34,61,67,85,90,92" hai3="80,82,83,86,88,98,103,107,125,126" /><INIT seed="6,1,1,2,1,100" ten="185,206,402,197" oya="2" hai0="7,114,124,83,117,106,122,102,67,135,12,95,28" hai1="31,16,6,131,68,85,90,84,36,13,109,38,126" hai2="133,121,103,74,88,56,5,108,129,130,20,63,119" hai3="120,59,37,29,53,47,3,30,57,115,87,23,78"/><V134/><F74/><W93/><G120/><T72/><D95/><U4/><E109/><V82/><F119/><W73/><G3/><T65/><D28/><U66/><E31/><V77/><F121/><W48/><G73/><T60/><D122/><U62/><E131/><N who="2" m="50187" /><F5/><W75/><G75/><T76/><D117/><U45/><E126/><V32/><F32/><W118/><G115/><T92/><D92/><U54/><E84/><N who="2" m="50199" /><F103/><W91/><G78/><T79/><D79/><U116/><E4/><V128/><F77/><W22/><G118/><T8/><D124/><U127/><E6/><V2/><F2/><W39/><G39/><T21/><D114/><U64/><E127/><V40/><F40/><W96/><G37/><T0/><D0/><U70/><E38/><V42/><F42/><W50/><G57/><T107/><D102/><U15/><E36/><V34/><F34/><W94/><G29/><T43/><D43/><U35/><E35/><V24/><F108/><W10/><G30/><T111/><D111/><U104/><E116/><V125/><F125/><W11/><G96/><T113/><D113/><U99/><E99/><V97/><F97/><W52/><G93/><T41/><D41/><U81/><E81/><V33/><F33/><W17/><G17/><T55/><D135/><U105/><E16/><N who="2" m="12295" /><F128/><W61/><G61/><T71/><D21/><AGARI ba="1,1" hai="10,11,21,22,23,47,48,50,52,53,59,87,91,94" machi="21" ten="40,2600,0" yaku="8,1,54,1" doraHai="100" who="3" fromWho="0" sc="185,-29,206,0,402,0,197,39" /><INIT seed="7,0,0,5,4,66" ten="156,206,402,236" oya="3" hai0="71,9,29,41,108,87,121,38,47,53,63,133,109" hai1="114,35,112,46,73,55,91,32,94,88,116,125,89" hai2="79,18,50,59,98,69,25,115,51,64,90,111,48" hai3="3,83,118,62,34,106,72,57,60,104,92,12,126"/><W39/><G3/><T129/><D87/><U93/><E73/><V23/><F69/><W43/><G34/><N who="1" m="12842" /><E125/><V100/><F115/><N who="1" m="44073" /><E116/><V61/><F111/><N who="0" m="42570" /><D9/><U54/><E46/><V119/><F119/><W16/><G43/><T67/><D29/><U52/><AGARI ba="0,0" hai="52,54,55,88,89,91,93,94" m="44073,12842" machi="52" ten="40,8000,1" yaku="28,2,15,1,54,2" doraHai="66" who="1" fromWho="1" sc="156,-20,206,80,402,-20,236,-40" owari="136,-36.0,286,9.0,382,47.0,196,-20.0" /></mjloggm>