<mjloggm ver="2.3"><GO type="185" lobby="0"/><UN n0="%E3%82%8A%E3%82%80%E3%82%8B" n1="%68%69%72%6F%6E%6E%32%30" n2="%E5%A4%9A%E6%9E%97%E6%99%8B" n3="" dan="16,17,16,0" rate="2154.12,2195.87,2192.85,1500.00" sx="M,M,M,C"/><TAIKYOKU oya="0"/><INIT seed="0,0,0,4,5,106" ten="350,350,350,0" oya="0" hai0="75,86,120,54,133,66,72,69,101,126,119,129,76" hai1="128,100,70,33,88,94,116,44,2,42,130,121,84" hai2="97,135,117,99,58,74,98,48,111,37,90,112,35" hai3=""/><T78/><N who="0" m="30752" /><T127/><D119/><U91/><N who="1" m="31008" /><U53/><E33/><V115/><F35/><T67/><D129/><N who="1" m="49771" /><E2/><V64/><F37/><T92/><D133/><U3/><E3/><V81/><F135/><T125/><D54/><U124/><E70/><V82/><F117/><T73/><D69/><U68/><E68/><V43/><F111/><T34/><D34/><U46/><E100/><V132/><F132/><T1/><D1/><U61/><E116/><V96/><F43/><T103/><D103/><U40/><E124/><V65/><F81/><T93/><D101/><U45/><E91/><V79/><F90/><T41/><D41/><N who="1" m="15979" /><E61/><V85/><F112/><T49/><D49/><AGARI ba="0,0" hai="44,45,46,49,53,84,88,94" m="15979,49771,31008" machi="49" ten="30,3900,0" yaku="19,1,52,1,54,1" doraHai="106" who="1" fromWho="0" sc="350,-39,350,39,350,0,0,0" /><INIT seed="1,0,0,5,3,125" ten="311,389,350,0" oya="1" hai0="63,86,78,61,130,33,118,105,131,74,96,97,124" hai1="42,111,129,102,83,46,56,73,112,134,128,104,49" hai2="36,115,44,35,2,53,100,120,72,94,109,55,114" hai3=""/><U59/><E112/><V1/><N who="2" m="30752" /><V34/><F72/><T68/><D33/><U40/><E134/><V41/><F109/><T98/><D124/><U113/><E113/><N who="2" m="43019" /><F100/><T84/><D105/><U67/><E40/><V38/><F94/><T58/><D118/><U99/><E67/><V107/><F107/><T60/><D68/><U82/><E111/><V54/><F36/><T37/><D37/><U133/><E133/><V0/><AGARI ba="0,0" hai="0,1,2,34,35,38,41,44,53,54,55" m="43019,30752" machi="0" ten="40,2000,0" yaku="11,1,52,1" doraHai="125" who="2" fromWho="2" sc="311,-7,389,-13,350,20,0,0" /><INIT seed="2,0,0,5,0,40" ten="304,376,370,0" oya="2" hai0="106,63,101,59,51,81,128,41,73,95,74,78,83" hai1="32,60,109,67,85,102,42,89,111,65,120,110,107" hai2="47,134,2,97,76,113,0,86,58,3,72,62,114" hai3=""/><V35/><F35/><T64/><D128/><U79/><N who="1" m="30752" /><U45/><E32/><V133/><F72/><T135/><D135/><N who="2" m="51722" /><F97/><T99/><D41/><U49/><E79/><V98/><F98/><T33/><D33/><U1/><E102/><V94/><F47/><T84/><D51/><U131/><E107/><V57/><F58/><T88/><REACH who="0" step="1"/><D74/><REACH who="0" ten="294,376,370,0" step="2"/><U115/><E131/><V126/><F0/><T77/><D77/><U119/><E1/><N who="2" m="11" /><F76/><T87/><D87/><U127/><E119/><V108/><F86/><T105/><AGARI ba="0,1" hai="59,63,64,73,78,81,83,84,88,95,99,101,105,106" machi="105" ten="30,3000,0" yaku="1,1,0,1,54,1,53,0" doraHai="40" doraHaiUra="43" who="0" fromWho="0" sc="294,40,376,-10,370,-20,0,0" /><INIT seed="4,0,0,1,4,117" ten="334,366,350,0" oya="0" hai0="84,123,49,57,91,59,39,56,81,71,115,101,77" hai1="127,92,65,82,133,58,64,66,35,96,42,44,76" hai2="53,2,47,94,126,73,130,85,102,75,68,37,129" hai3=""/><T89/><N who="0" m="31520" /><T48/><D115/><U116/><E35/><V41/><F2/><T52/><D39/><U69/><E69/><V98/><F126/><T78/><D71/><U45/><E127/><V67/><F85/><T40/><D101/><U46/><E133/><V135/><F135/><T32/><D32/><U121/><N who="1" m="31008" /><U34/><E116/><V72/><REACH who="2" step="1"/><F53/><REACH who="2" ten="334,366,340,0" step="2"/><T36/><D36/><U62/><E34/><V90/><F90/><N who="0" m="34314" /><D78/><U70/><E70/><V97/><F97/><T63/><D40/><U1/><E1/><V0/><F0/><T79/><D79/><U50/><E76/><V54/><F54/><T122/><N who="0" m="31264" /><T38/><D38/><U87/><E87/><V125/><F125/><T109/><D109/><U43/><E43/><V134/><F134/><T61/><D52/><U119/><E119/><V51/><F51/><AGARI ba="0,1" hai="48,49,51,56,57,59,61,63,77,81,84" m="31264,34314,31520" machi="51" ten="30,12000,1" yaku="8,1,52,4" doraHai="117" who="0" fromWho="2" sc="334,130,366,0,340,-120,0,0" /><INIT seed="4,1,0,1,5,40" ten="464,366,220,0" oya="0" hai0="86,115,3,1,92,83,70,103,134,45,94,98,67" hai1="102,78,54,128,108,99,121,61,130,84,125,133,106" hai2="127,71,75,116,76,112,93,58,43,120,46,96,38" hai3=""/><T100/><D115/><U69/><N who="1" m="31008" /><U44/><E108/><V36/><N who="2" m="30752" /><V51/><F71/><T73/><D134/><U39/><E133/><V101/><F112/><T85/><D73/><U90/><E78/><V82/><F116/><T117/><D117/><U50/><E39/><V72/><F75/><T119/><D119/><U123/><N who="1" m="31520" /><U74/><E74/><V122/><N who="2" m="31264" /><V37/><REACH who="2" step="1"/><F127/><REACH who="2" ten="464,366,210,0" step="2"/><T131/><D70/><U104/><E125/><V60/><F60/><T33/><D3/><U114/><E114/><V81/><F81/><T53/><D83/><U59/><E69/><V65/><F65/><T2/><D67/><U88/><E130/><V34/><F34/><T47/><D131/><U35/><E128/><V111/><F111/><T68/><D68/><U52/><E35/><V49/><F49/><T48/><D48/><U118/><E118/><V95/><F95/><T110/><D110/><U89/><REACH who="1" step="1"/><E104/><REACH who="1" ten="464,356,210,0" step="2"/><V41/><F41/><T113/><D113/><U32/><E32/><V57/><AGARI ba="1,2" hai="36,37,38,43,46,51,57,58,72,76,82,93,96,101" m="31264,30752" machi="57" ten="40,6000,1" yaku="1,1,0,1,52,3,53,0" doraHai="40" doraHaiUra="80" who="2" fromWho="2" sc="464,-41,356,-21,210,82,0,0" /><INIT seed="5,0,0,0,4,60" ten="423,335,292,0" oya="1" hai0="49,56,82,83,74,3,111,52,92,1,45,95,35" hai1="68,129,124,62,71,106,41,87,135,115,121,122,65" hai2="128,63,85,59,134,84,88,120,108,77,112,97,102" hai3=""/><U79/><N who="1" m="31008" /><U90/><N who="1" m="31264" /><U99/><E115/><V130/><N who="2" m="30752" /><V57/><F108/><T133/><D111/><U98/><E124/><V38/><F38/><T127/><D35/><U51/><E135/><V55/><F112/><T72/><D127/><U125/><E125/><V70/><F70/><T75/><D133/><U37/><E37/><V2/><F2/><T103/><D45/><U42/><E79/><V118/><F118/><T32/><D32/><U54/><E71/><V34/><F134/><T73/><N who="0" m="18432" /><DORA hai="117" /><T131/><D131/><N who="2" m="50218" /><F77/><T80/><REACH who="0" step="1"/><D103/><REACH who="0" ten="413,335,292,0" step="2"/><U39/><E129/><V81/><F34/><T58/><D58/><U107/><E39/><V40/><F57/><T50/><D50/><U36/><E36/><V91/><F40/><T61/><D61/><U0/><E41/><V67/><F102/><T44/><D44/><U46/><E42/><V126/><F126/><T132/><D132/><U110/><E110/><V47/><F47/><T69/><D69/><U33/><E33/><V78/><F59/><T48/><D48/><U94/><REACH who="1" step="1"/><E0/><AGARI ba="0,1" hai="0,1,3,49,52,56,80,82,83,92,95" m="18432" machi="0" ten="70,12000,2" yaku="1,1,54,1,53,5" doraHai="60,117" doraHaiUra="105,53" who="0" fromWho="1" sc="413,130,335,-120,292,0,0,0" /><INIT seed="6,0,0,0,0,64" ten="543,215,292,0" oya="2" hai0="125,82,118,59,41,111,38,123,97,32,57,87,71" hai1="46,86,39,65,66,40,90,121,85,53,52,119,129" hai2="115,51,110,69,43,113,122,79,128,35,107,37,134" hai3=""/><V76/><RYUUKYOKU type="yao9" ba="0,0" sc="543,0,215,0,292,0,0,0" hai2="35,37,43,51,69,76,79,107,110,113,115,122,128,134" /><INIT seed="6,1,0,5,3,85" ten="543,215,292,0" oya="2" hai0="89,75,0,98,119,51,65,104,67,78,43,37,69" hai1="62,76,121,87,56,47,79,114,88,84,118,111,109" hai2="77,80,66,70,33,86,61,96,44,133,35,95,34" hai3=""/><V103/><F133/><T55/><D0/><U40/><N who="1" m="31008" /><U2/><E2/><V81/><F44/><T74/><D119/><U108/><E118/><V126/><F126/><T91/><D104/><U131/><E131/><V112/><F112/><T82/><D75/><U68/><E68/><V134/><F134/><T73/><D73/><U124/><E87/><V105/><F105/><T102/><D43/><U90/><E124/><V42/><F42/><T132/><D37/><U125/><E114/><V120/><N who="2" m="30752" /><V123/><N who="2" m="31520" /><V122/><N who="2" m="31264" /><V92/><F95/><T45/><D132/><U3/><E3/><V110/><F110/><T59/><D45/><U36/><E125/><V71/><REACH who="2" step="1"/><F80/><REACH who="2" ten="543,215,282,0" step="2"/><T128/><D128/><U113/><E113/><V127/><F127/><T32/><D82/><U93/><REACH who="1" step="1"/><E90/><REACH who="1" ten="543,205,282,0" step="2"/><V48/><F48/><T39/><D89/><U57/><E57/><AGARI ba="1,2" hai="33,34,35,57,61,66,70,71,77,81,86,92,96,103" m="31264,31520,30752" machi="57" ten="40,18000,2" yaku="1,1,52,3,53,3" doraHai="85" doraHaiUra="1" who="2" fromWho="1" sc="543,0,205,-182,282,202,0,0" /><INIT seed="6,2,0,1,4,118" ten="543,23,484,0" oya="2" hai0="92,47,65,60,44,50,75,3,76,130,128,58,2" hai1="93,96,95,104,89,88,94,57,87,100,82,129,114" hai2="49,69,41,127,126,116,98,113,1,131,101,53,39" hai3=""/><V72/><F1/><T59/><D59/><U71/><E71/><V68/><F72/><T102/><D47/><U123/><N who="1" m="31520" /><U43/><E114/><V61/><F116/><T32/><D32/><U117/><E117/><V133/><F113/><T105/><D105/><U108/><E108/><V119/><F119/><T85/><D75/><U33/><E129/><N who="0" m="49769" /><D102/><U42/><E42/><V134/><F131/><T122/><N who="0" m="31264" /><T51/><D92/><U110/><E110/><V40/><F68/><T73/><D73/><U125/><E43/><N who="2" m="16459" /><F39/><T84/><D51/><U109/><E57/><V90/><F69/><T64/><D64/><U52/><E52/><V36/><F36/><T0/><D76/><U78/><E125/><N who="2" m="47627" /><F61/><T46/><D46/><U67/><E67/><V91/><F53/><AGARI ba="2,0" hai="0,2,3,44,50,53,58,60,65,84,85" m="31264,49769" machi="53" ten="40,5200,0" yaku="19,1,52,2" doraHai="118" who="0" fromWho="2" sc="543,56,23,0,484,-56,0,0" owari="599,55.0,23,-58.0,428,3.0,0,0.0" /></mjloggm>