<mjloggm ver="2.3"><GO type="169" lobby="0"/><UN n0="%E3%81%A6%E3%82%93%E3%81%BD%E3%81%84%E3%82%93%E3%81%A8" n1="%E6%9C%A8%E6%BC%8F%E3%82%8C%E6%97%A5" n2="%E3%83%9E%E3%83%8A%E3%83%96%E9%9B%B6" n3="%62%6F%79%61%74%65%74%75" dan="16,17,16,16" rate="2203.89,2212.95,2132.55,2113.00" sx="F,M,M,M"/><TAIKYOKU oya="0"/><INIT seed="0,0,0,3,2,43" ten="250,250,250,250" oya="0" hai0="38,10,44,131,75,101,114,127,88,99,84,49,8" hai1="79,109,94,28,1,95,47,51,18,128,50,54,117" hai2="16,107,87,15,56,33,7,64,31,112,106,73,135" hai3="21,85,23,9,100,72,91,66,113,55,62,36,65"/><T71/><D114/><U0/><E117/><V118/><F112/><W24/><G113/><T123/><D123/><U125/><E109/><V32/><F73/><W22/><G72/><T89/><D38/><U119/><E119/><V77/><F118/><W70/><G100/><T98/><D71/><U46/><E28/><V45/><F7/><W126/><G126/><T93/><D131/><U102/><E79/><V60/><F135/><W110/><G110/><T39/><D39/><U105/><E105/><V124/><F124/><W92/><G36/><T78/><D78/><U83/><E83/><V57/><F57/><W41/><G41/><N who="0" m="24719" /><D75/><U5/><E128/><V59/><F59/><W76/><G76/><T40/><D40/><U26/><E125/><V68/><F68/><W80/><G80/><N who="0" m="49159" /><D127/><U111/><E111/><V53/><F107/><W116/><G116/><T86/><D99/><U12/><E1/><V42/><F106/><W129/><G129/><T97/><D98/><U69/><E69/><V35/><F42/><W52/><G24/><T120/><D120/><U115/><E26/><V74/><F74/><W103/><G103/><T3/><D3/><U90/><E102/><V17/><F77/><W2/><G2/><T133/><D133/><U82/><E115/><V29/><F87/><W11/><G70/><T121/><D121/><U30/><E0/><V19/><REACH who="2" step="1"/><F15/><REACH who="2" ten="250,250,240,250" step="2"/><W6/><G85/><T34/><D34/><U104/><E12/><V134/><F134/><W108/><G108/><T132/><D132/><U63/><E104/><V25/><F25/><W81/><G81/><RYUUKYOKU ba="0,1" sc="250,15,250,-15,240,15,250,-15" hai0="8,10,86,89,93,97,101" hai2="16,17,19,29,31,32,33,35,45,53,56,60,64" /><INIT seed="0,1,1,3,1,131" ten="265,235,255,235" oya="0" hai0="66,10,65,83,39,0,90,124,20,125,109,123,30" hai1="119,132,36,4,104,101,78,8,16,18,5,97,64" hai2="70,69,133,56,27,76,53,58,73,110,15,130,29" hai3="40,34,21,89,115,9,7,86,91,51,71,60,54"/><T55/><D123/><U46/><E119/><V103/><F130/><W127/><G34/><T33/><D39/><U22/><E78/><V121/><F121/><W75/><G75/><T62/><D55/><U95/><E64/><V1/><F1/><W59/><G115/><T49/><D49/><U134/><E104/><V120/><F120/><W6/><G127/><N who="0" m="48715" /><D90/><U79/><E79/><V47/><F47/><W61/><G91/><T26/><D83/><U82/><E82/><V68/><F103/><W98/><G98/><T67/><D33/><U107/><E107/><V129/><F129/><W112/><G112/><T57/><D109/><U50/><E36/><V135/><F110/><W2/><G71/><T100/><D100/><U108/><E108/><V12/><F76/><W99/><G99/><T14/><D0/><U63/><E63/><N who="2" m="36239" /><F73/><W52/><G40/><T74/><D74/><U17/><E22/><N who="2" m="15607" /><F58/><W3/><G21/><T44/><D44/><U106/><E106/><V45/><F45/><W128/><G128/><T105/><D105/><U41/><REACH who="1" step="1"/><E8/><REACH who="1" ten="265,225,255,235" step="2"/><V32/><F32/><W35/><G35/><T122/><D122/><U37/><E37/><V28/><F28/><W72/><G9/><T25/><D25/><U31/><E31/><V80/><F80/><W88/><G72/><T13/><D10/><U111/><E111/><V113/><F113/><W42/><G42/><T92/><D92/><U81/><E81/><V96/><F96/><W117/><G117/><T43/><D43/><U102/><E102/><V116/><F116/><W114/><G114/><T19/><D30/><RYUUKYOKU ba="1,2" sc="265,10,225,10,255,10,235,-30" hai0="13,14,19,20,26,57,62,65,66,67" hai1="4,5,16,17,18,41,46,50,95,97,101,132,134" hai2="12,15,68,69,70,133,135" /><INIT seed="0,2,2,0,3,26" ten="275,235,265,205" oya="0" hai0="132,15,35,123,21,29,102,107,74,71,88,22,67" hai1="17,42,86,93,60,75,118,110,89,58,11,25,127" hai2="131,112,79,95,52,97,101,68,13,69,129,23,2" hai3="72,105,47,12,41,20,100,33,76,3,38,62,37"/><T8/><D123/><U91/><E75/><V135/><F112/><W10/><G33/><T125/><D74/><U24/><E118/><V103/><F2/><W82/><G62/><T55/><D55/><U32/><E110/><V133/><F79/><W115/><G115/><T99/><D132/><N who="2" m="50762" /><F101/><W64/><G64/><T9/><D9/><U36/><E127/><V77/><F77/><W5/><G37/><T124/><D88/><N who="1" m="53399" /><E32/><V85/><F85/><W61/><G61/><N who="0" m="40431" /><D8/><U56/><E42/><V113/><F113/><W30/><G100/><T27/><D15/><N who="1" m="7423" /><E36/><V130/><F52/><W81/><G81/><T18/><D18/><AGARI ba="2,2" hai="13,18,23,68,69,95,97,103,129,130,131" m="50762" machi="18" ten="40,2600,0" yaku="19,1,20,1" doraHai="26" who="2" fromWho="0" sc="275,-32,235,0,265,52,205,0" /><INIT seed="1,0,0,5,2,131" ten="243,235,317,205" oya="1" hai0="133,47,32,54,112,56,119,40,75,14,118,101,99" hai1="92,117,37,10,18,0,124,116,59,55,9,81,43" hai2="70,42,89,95,41,27,17,63,16,110,65,87,51" hai3="76,60,108,72,82,125,106,64,58,28,69,113,115"/><U100/><E124/><V36/><F36/><W34/><G125/><T3/><D32/><U80/><E37/><V66/><F110/><W35/><G108/><T123/><D3/><U122/><E43/><V129/><F129/><W134/><G58/><T22/><D75/><U6/><E122/><V11/><F51/><W128/><G128/><T21/><D112/><U98/><E18/><V50/><F66/><W77/><G77/><T49/><D123/><U61/><REACH who="1" step="1"/><E10/><REACH who="1" ten="243,225,317,205" step="2"/><V33/><F11/><W103/><G113/><T78/><D40/><U104/><E104/><V15/><F42/><W20/><G115/><T135/><D118/><AGARI ba="0,1" hai="0,6,9,55,59,61,80,81,92,98,100,116,117,118" machi="118" ten="40,7700,0" yaku="1,1,53,2" doraHai="131" doraHaiUra="79" who="1" fromWho="0" sc="243,-77,225,87,317,0,205,0" /><INIT seed="1,1,0,0,1,135" ten="166,312,317,205" oya="1" hai0="89,84,8,76,17,104,13,71,15,46,18,96,67" hai1="32,82,94,62,88,123,122,85,133,95,11,107,45" hai2="120,72,86,31,7,114,3,5,128,33,44,61,68" hai3="40,119,100,1,66,113,34,55,19,102,30,124,51"/><U92/><E32/><V118/><F120/><W69/><G113/><T50/><D71/><U134/><E62/><V60/><F118/><W21/><G119/><T106/><D67/><U43/><E11/><V90/><F72/><W64/><G1/><T2/><D2/><U98/><E45/><V9/><F128/><W105/><G40/><T99/><D76/><U75/><E75/><V125/><F114/><W38/><G38/><T130/><D106/><U127/><E43/><V52/><F7/><W117/><G117/><T23/><D104/><U81/><E81/><V25/><F68/><W36/><G36/><T129/><D130/><U110/><E127/><V49/><REACH who="2" step="1"/><F125/><REACH who="2" ten="166,312,307,205" step="2"/><W112/><G69/><T39/><D129/><U121/><E110/><V131/><F131/><W103/><G124/><T57/><D39/><U41/><E41/><V53/><F53/><W26/><G112/><T29/><D29/><U24/><E24/><V91/><F91/><W70/><G70/><T63/><D63/><U14/><E14/><V74/><F74/><W58/><REACH who="3" step="1"/><G105/><REACH who="3" ten="166,312,307,195" step="2"/><T59/><D59/><U83/><E107/><V35/><F35/><W56/><G56/><T78/><D57/><U93/><REACH who="1" step="1"/><E83/><AGARI ba="1,2" hai="3,5,9,25,31,33,44,49,52,60,61,83,86,90" machi="83" ten="30,7700,0" yaku="1,1,7,1,54,1,53,1" doraHai="135" doraHaiUra="22" who="2" fromWho="1" sc="166,0,312,-80,307,100,195,0" /><INIT seed="2,0,0,0,0,52" ten="166,232,407,195" oya="2" hai0="112,5,127,49,91,73,87,39,71,74,47,104,45" hai1="121,95,72,90,23,48,118,3,63,35,26,44,93" hai2="43,122,4,133,85,55,123,129,20,16,86,40,31" hai3="110,33,10,53,128,126,120,37,134,56,103,131,100"/><V111/><F133/><W24/><G120/><T22/><D112/><U60/><E118/><V81/><F31/><N who="3" m="19687" /><G37/><T9/><D104/><U99/><E3/><V97/><F97/><W108/><G10/><T12/><D71/><U28/><E72/><V88/><F4/><W79/><G79/><T15/><D45/><U7/><E7/><V77/><F129/><N who="3" m="49739" /><G134/><T109/><D109/><N who="3" m="42089" /><G126/><T46/><D39/><U62/><E121/><V57/><F111/><W65/><G65/><T1/><D127/><U92/><REACH who="1" step="1"/><E35/><REACH who="1" ten="166,222,407,195" step="2"/><V13/><F123/><W70/><G70/><T132/><D132/><U8/><E8/><V76/><F122/><W17/><G17/><T58/><D74/><U106/><E106/><V67/><F67/><W119/><G119/><T38/><D73/><U34/><E34/><V41/><REACH who="2" step="1"/><F85/><REACH who="2" ten="166,222,397,195" step="2"/><W80/><G80/><T115/><D87/><U83/><E83/><V19/><F19/><W61/><AGARI ba="0,2" hai="53,56,61,100,103" m="42089,49739,19687" machi="61" ten="30,4000,0" yaku="19,1,14,1,52,1" doraHai="52" who="3" fromWho="3" sc="166,-10,222,-10,397,-20,195,60" /><INIT seed="3,0,0,0,3,5" ten="156,212,377,255" oya="3" hai0="65,32,14,127,17,107,99,102,42,95,4,112,100" hai1="77,133,13,53,123,92,113,98,105,21,114,11,49" hai2="12,23,72,16,96,57,1,64,101,130,67,0,28" hai3="39,135,9,118,2,19,115,8,117,104,24,41,79"/><W70/><G115/><T73/><D32/><U35/><E35/><V75/><F130/><W30/><G104/><T119/><D119/><U25/><E105/><V94/><F28/><W22/><G70/><T59/><D73/><U33/><E33/><V34/><F34/><W131/><G79/><T52/><D127/><U126/><E77/><V93/><F93/><W63/><G63/><T68/><D42/><U51/><E123/><V20/><F20/><N who="3" m="15623" /><G41/><T91/><D4/><U40/><E133/><V111/><F111/><W6/><G39/><T89/><D112/><U66/><E66/><V47/><F47/><W60/><G60/><T45/><D68/><U43/><E126/><V18/><F75/><W85/><G85/><T7/><D7/><N who="1" m="3327" /><E114/><V110/><F110/><W125/><G125/><T108/><D108/><U97/><E97/><V120/><F72/><W58/><G58/><T109/><D109/><U62/><E62/><V38/><F120/><W37/><G37/><T128/><D128/><U83/><E113/><V122/><F122/><W61/><G61/><N who="0" m="38079" /><D107/><U36/><E36/><V10/><F38/><W46/><G131/><T56/><D56/><N who="1" m="32815" /><E51/><V27/><F57/><W84/><G135/><T80/><D45/><U90/><E83/><V103/><F67/><W88/><G46/><T116/><D116/><U31/><AGARI ba="0,0" hai="21,25,31,40,43,90,92,98" m="32815,3327" machi="31" ten="30,2000,0" yaku="8,1,52,1" doraHai="5" who="1" fromWho="1" sc="156,-5,212,20,377,-5,255,-10" /><INIT seed="4,0,0,5,3,121" ten="151,232,372,245" oya="0" hai0="70,125,20,34,119,127,98,88,78,110,22,104,95" hai1="106,71,37,118,32,84,131,66,46,17,69,64,54" hai2="16,43,31,128,10,68,114,13,99,2,47,105,58" hai3="126,27,94,39,62,14,116,3,81,82,108,19,97"/><T42/><D119/><U5/><E106/><V8/><F68/><W7/><G116/><T25/><D70/><U122/><E32/><V12/><F114/><W74/><G39/><T86/><D42/><U49/><E5/><V133/><F2/><W23/><G126/><N who="0" m="48139" /><D34/><U109/><E17/><V89/><F133/><W73/><G3/><T90/><D78/><U80/><E84/><V18/><F128/><W6/><G74/><T4/><D4/><U115/><E80/><V107/><F58/><W129/><G7/><T79/><D79/><U83/><E83/><V44/><F31/><W92/><G73/><T103/><D90/><U132/><E118/><V57/><F57/><W76/><G76/><T52/><D52/><U113/><E71/><V124/><F124/><W134/><G6/><T24/><D20/><U102/><E69/><V85/><F99/><W111/><G23/><T93/><D104/><U87/><E115/><V40/><F85/><W35/><G35/><T26/><D22/><U41/><E113/><V61/><F61/><W135/><G62/><T33/><D33/><U45/><E131/><V11/><F11/><W120/><G129/><T50/><D50/><U101/><E49/><V77/><F77/><W60/><G60/><T15/><D15/><U112/><E112/><V30/><F30/><W9/><G14/><T91/><D91/><AGARI ba="0,0" hai="8,10,12,13,16,18,40,43,44,47,89,91,105,107" machi="91" ten="25,3200,0" yaku="22,2,54,1" doraHai="121" who="2" fromWho="0" sc="151,-32,232,0,372,32,245,0" /><INIT seed="5,0,0,2,5,120" ten="119,232,404,245" oya="1" hai0="79,133,24,73,34,123,99,1,56,37,104,82,54" hai1="88,90,6,130,13,33,20,35,116,77,39,83,48" hai2="14,62,16,70,84,115,44,127,10,71,60,121,66" hai3="28,108,103,50,23,102,68,125,114,91,131,26,107"/><U96/><E39/><V64/><F121/><W43/><G125/><T72/><D123/><U31/><E116/><V95/><F127/><W58/><G68/><T132/><D56/><U57/><E130/><V4/><F44/><W59/><G131/><T29/><D54/><U87/><E35/><V9/><F115/><W2/><G2/><T25/><D25/><N who="1" m="16807" /><E33/><V15/><F95/><W42/><G107/><T12/><D12/><U40/><E96/><V122/><F122/><W111/><G26/><T98/><D98/><U22/><E22/><V93/><F93/><W38/><G23/><T128/><D128/><U55/><E40/><V19/><F84/><W45/><G28/><T74/><D37/><U53/><E53/><V27/><F27/><W46/><G38/><T17/><D17/><AGARI ba="0,0" hai="4,9,10,14,15,16,17,19,60,62,64,66,70,71" machi="17" ten="30,3900,0" yaku="7,1,9,1,54,1" doraHai="120" who="2" fromWho="0" sc="119,-39,232,0,404,39,245,0" /><INIT seed="6,0,0,1,2,121" ten="80,232,443,245" oya="2" hai0="64,6,103,129,87,4,57,77,90,24,44,67,11" hai1="65,19,128,14,110,34,37,36,99,69,127,118,8" hai2="3,81,131,108,15,16,116,13,22,123,133,38,12" hai3="2,98,112,132,28,111,61,31,101,54,79,84,88"/><V58/><F38/><W74/><G2/><T73/><D129/><U115/><E118/><V55/><F116/><W78/><G132/><T53/><D73/><U5/><E34/><V93/><F123/><W134/><G74/><T30/><D77/><U72/><E72/><V10/><F133/><W94/><G134/><T52/><D103/><U45/><E128/><V135/><F135/><W59/><G111/><T42/><D42/><U85/><E110/><V70/><F70/><W41/><G41/><T80/><D44/><U40/><E115/><V1/><F131/><W92/><G112/><T124/><D124/><U56/><E69/><V126/><F126/><W105/><G105/><T51/><D53/><U82/><E99/><V46/><F46/><W48/><G48/><T125/><D125/><U117/><E117/><V130/><F130/><W102/><G102/><T68/><D68/><U75/><E75/><V96/><F81/><W32/><G32/><T86/><D86/><U114/><E114/><V76/><F76/><AGARI ba="0,0" hai="28,31,54,59,61,76,78,79,84,88,92,94,98,101" machi="76" ten="40,2600,0" yaku="8,1,54,1" doraHai="121" who="3" fromWho="2" sc="80,0,232,0,443,-26,245,26" /><INIT seed="7,0,0,3,0,110" ten="80,232,417,271" oya="3" hai0="116,47,54,10,11,32,84,126,105,121,14,75,129" hai1="107,97,95,103,133,17,128,130,111,113,127,79,106" hai2="94,29,83,51,88,123,44,92,74,22,104,102,72" hai3="77,7,55,122,25,42,67,0,20,86,117,120,27"/><W85/><G117/><T37/><D84/><U68/><E68/><V26/><F123/><W62/><G42/><T98/><D54/><U41/><E41/><V38/><F38/><W45/><G27/><T30/><D98/><U61/><E61/><V59/><F59/><W33/><G33/><T5/><D47/><U119/><E17/><V108/><F108/><W1/><G77/><T8/><D105/><N who="1" m="39947" /><E111/><V4/><F4/><W76/><G76/><T71/><D71/><U93/><E119/><V31/><F31/><W57/><G120/><T64/><D64/><U13/><E13/><V118/><F118/><W3/><G122/><T132/><D116/><U43/><E43/><V21/><F21/><W81/><G81/><T58/><D121/><U82/><E127/><V90/><F83/><W100/><G45/><T78/><D37/><U34/><E34/><V69/><F69/><W53/><G67/><T50/><D126/><U125/><E125/><V40/><F102/><W99/><G53/><T124/><D124/><U87/><E133/><V135/><F104/><W131/><G100/><T80/><D132/><U46/><E46/><V36/><F36/><W52/><G55/><N who="0" m="32119" /><D129/><N who="1" m="49771" /><E95/><V49/><F49/><W6/><G131/><T114/><D32/><U63/><E63/><V89/><F135/><W73/><G62/><T35/><D114/><AGARI ba="0,0" hai="79,82,87,93,97,103,113,114" m="49771,39947" machi="114" ten="40,8000,1" yaku="19,1,34,2,52,2" doraHai="110" who="1" fromWho="0" sc="80,-80,232,80,417,0,271,0" owari="0,-50.0,312,11.0,417,52.0,271,-13.0" /></mjloggm>