<mjloggm ver="2.3"><GO type="185" lobby="0"/><UN n0="%E5%A4%9A%E6%9E%97%E6%99%8B" n1="%E9%AC%BC" n2="%E3%82%8A%E3%82%80%E3%82%8B" n3="" dan="16,17,16,0" rate="2186.69,2266.70,2159.89,1500.00" sx="M,F,M,C"/><TAIKYOKU oya="0"/><INIT seed="0,0,0,0,5,66" ten="350,350,350,0" oya="0" hai0="44,131,81,71,117,86,129,63,82,40,39,90,45" hai1="41,118,49,54,37,56,126,34,55,99,87,124,57" hai2="51,122,108,33,114,35,59,84,101,65,123,121,52" hai3=""/><T91/><D117/><U98/><E34/><V2/><N who="2" m="31008" /><V93/><N who="2" m="31264" /><V89/><N who="2" m="31520" /><V68/><F2/><T94/><D45/><U60/><E118/><V46/><F114/><T75/><D75/><U100/><E87/><V42/><F108/><T69/><D63/><U48/><E99/><V120/><N who="2" m="30752" /><V109/><F109/><T130/><D82/><U85/><E85/><AGARI ba="0,0" hai="39,40,44,69,71,81,85,86,90,91,94,129,130,131" machi="85" ten="40,7700,0" yaku="19,1,52,2" doraHai="66" who="0" fromWho="1" sc="350,77,350,-77,350,0,0,0" /><INIT seed="0,1,0,3,3,70" ten="427,273,350,0" oya="0" hai0="36,125,91,127,67,43,84,135,52,66,92,114,50" hai1="76,44,86,39,57,69,35,85,128,112,82,117,94" hai2="123,64,109,126,118,46,95,62,101,134,105,54,61" hai3=""/><T89/><D114/><U33/><E117/><V51/><N who="2" m="31520" /><V133/><F118/><T120/><N who="0" m="30752" /><T102/><D135/><N who="2" m="51722" /><F109/><T38/><D43/><U131/><E69/><V83/><F126/><N who="0" m="48138" /><D91/><U130/><E112/><V81/><F105/><T68/><D102/><U34/><E57/><V103/><F62/><T93/><D93/><U2/><E2/><V129/><F129/><T132/><D132/><U71/><E71/><V90/><F103/><T32/><D32/><U0/><E0/><V77/><F77/><T65/><D68/><U113/><E113/><V121/><N who="2" m="31008" /><V59/><F101/><T115/><D115/><U78/><E78/><V42/><F42/><T48/><D48/><U40/><REACH who="1" step="1"/><E94/><REACH who="1" ten="427,263,350,0" step="2"/><V49/><F49/><T58/><AGARI ba="1,1" hai="36,38,50,52,58,65,66,67,84,89,92" m="48138,30752" machi="58" ten="30,8000,1" yaku="18,1,52,3,54,1" doraHai="70" who="0" fromWho="0" sc="427,92,263,-41,350,-41,0,0" /><INIT seed="0,2,0,3,2,40" ten="519,222,309,0" oya="0" hai0="108,33,132,0,55,117,125,98,38,35,119,52,130" hai1="75,82,63,113,70,124,104,53,92,116,50,85,62" hai2="66,134,65,123,87,84,77,118,100,128,34,90,57" hai3=""/><T112/><RYUUKYOKU type="yao9" ba="2,0" sc="519,0,222,0,309,0,0,0" hai0="0,33,35,38,52,55,98,108,112,117,119,125,130,132" /><INIT seed="0,3,0,2,5,47" ten="519,222,309,0" oya="0" hai0="69,105,115,39,37,49,134,40,61,63,107,126,52" hai1="53,32,80,74,95,120,86,34,67,118,113,82,91" hai2="109,42,48,54,122,106,38,46,133,119,116,45,108" hai3=""/><T128/><D115/><U125/><N who="1" m="30752" /><U51/><E118/><N who="2" m="45099" /><F106/><T73/><D73/><U131/><E113/><V75/><N who="2" m="31264" /><V44/><F75/><T100/><D128/><U81/><E131/><V0/><F0/><T85/><D134/><U59/><E74/><V99/><F99/><T121/><N who="0" m="31008" /><T88/><D126/><U43/><E125/><V1/><F1/><T129/><D129/><U68/><REACH who="1" step="1"/><E43/><REACH who="1" ten="519,212,309,0" step="2"/><V132/><F45/><T71/><D40/><U62/><AGARI ba="3,1" hai="32,34,51,53,59,62,67,68,80,81,82,86,91,95" m="30752" machi="62" ten="30,9000,2" yaku="1,1,2,1,0,1,52,2,53,1" doraHai="47" doraHaiUra="84" who="1" fromWho="1" sc="519,-63,212,106,309,-33,0,0" /><INIT seed="1,0,0,0,2,114" ten="456,318,276,0" oya="1" hai0="75,62,53,104,61,134,0,42,130,54,111,74,43" hai1="92,47,86,39,44,113,96,132,83,91,107,58,127" hai2="94,120,124,1,37,51,38,49,52,80,73,129,65" hai3=""/><U32/><E32/><V87/><N who="2" m="30752" /><V99/><F1/><T84/><D0/><U98/><E113/><V81/><F129/><T67/><D104/><U109/><E127/><V66/><F124/><T48/><D130/><U64/><E132/><V72/><F94/><T128/><D128/><U45/><E39/><V125/><F125/><T41/><D134/><U117/><E109/><V118/><F87/><T60/><D67/><U55/><E64/><V110/><F99/><T63/><D111/><U69/><E69/><V76/><F110/><T56/><REACH who="0" step="1"/><D84/><REACH who="0" ten="446,318,276,0" step="2"/><U35/><E107/><V93/><F66/><T116/><D116/><U105/><E105/><V123/><F118/><T59/><AGARI ba="0,1" hai="41,42,43,48,53,54,56,59,60,61,62,63,74,75" machi="59" ten="40,2000,0" yaku="1,1,0,1,53,0" doraHai="114" doraHaiUra="89" who="0" fromWho="0" sc="446,30,318,-13,276,-7,0,0" /><INIT seed="2,0,0,5,4,67" ten="476,305,269,0" oya="2" hai0="35,96,121,39,45,130,95,106,117,77,55,52,118" hai1="102,44,49,92,109,63,125,50,110,90,89,113,119" hai2="129,115,87,135,56,74,51,79,100,114,122,103,82" hai3=""/><V2/><N who="2" m="31264" /><V101/><F2/><T48/><N who="0" m="31008" /><T81/><D35/><U75/><E113/><V84/><F51/><T78/><D106/><U58/><E125/><V105/><F56/><T116/><D130/><U127/><E127/><V124/><F124/><T38/><D55/><U46/><E75/><V33/><F33/><T43/><D43/><U71/><E102/><N who="2" m="39531" /><F129/><T34/><D34/><U61/><E58/><V1/><F1/><T93/><D77/><U107/><E107/><V94/><F105/><T108/><D38/><U42/><E42/><V134/><N who="2" m="39539" /><V47/><DORA hai="37" /><F47/><T123/><N who="0" m="31520" /><T68/><D39/><U86/><E63/><V91/><F74/><T120/><N who="0" m="30752" /><T99/><D117/><U3/><E119/><V111/><F111/><T40/><D108/><U131/><E131/><V59/><F59/><T64/><D118/><U41/><E3/><V69/><F69/><T98/><D116/><U76/><E110/><V32/><F32/><T97/><D68/><U57/><E109/><V104/><F104/><T72/><D64/><U132/><E71/><V126/><F126/><T0/><D0/><U70/><E46/><V133/><AGARI ba="0,0" hai="79,82,84,87,91,94,114,115,133,134,135" m="39539,31264" machi="133" ten="40,8000,1" yaku="20,1,34,2,52,1" doraHai="67,37" who="2" fromWho="2" sc="476,-40,305,-40,269,80,0,0" /><INIT seed="2,1,0,5,2,93" ten="436,265,349,0" oya="2" hai0="128,113,88,84,90,118,76,47,81,89,74,66,50" hai1="96,34,53,63,134,35,82,99,78,61,109,95,135" hai2="122,104,39,42,102,33,119,127,77,37,36,111,40" hai3=""/><V57/><F119/><T59/><D118/><U80/><E109/><V130/><N who="2" m="31264" /><V120/><N who="2" m="30752" /><V98/><F33/><T85/><D128/><U107/><E95/><V71/><F71/><T86/><D113/><U70/><E70/><V72/><F130/><T132/><D132/><U114/><E114/><V62/><F111/><T51/><D47/><U38/><E38/><V1/><F1/><T45/><D45/><U131/><E131/><V44/><F127/><T41/><D41/><U46/><E46/><V64/><REACH who="2" step="1"/><F44/><REACH who="2" ten="436,265,339,0" step="2"/><T115/><D115/><U56/><E34/><V49/><F49/><T116/><D116/><U92/><E35/><V3/><F3/><T108/><D108/><U110/><E110/><V60/><F60/><T103/><D50/><U87/><E63/><V123/><N who="2" m="31520" /><V124/><F124/><T129/><D51/><U43/><E134/><V69/><F69/><T91/><D129/><U94/><E135/><V58/><F58/><T67/><D59/><U2/><E2/><V48/><F48/><T83/><N who="0" m="22528" /><DORA hai="121" /><T54/><D54/><U65/><E53/><V117/><F117/><T32/><D32/><U97/><E61/><V79/><F79/><T55/><D55/><U106/><E56/><RYUUKYOKU ba="1,1" sc="436,-10,265,-10,339,20,0,0" hai2="36,37,39,40,42,57,62,64,72,77,98,102,104" /><INIT seed="2,2,1,5,1,47" ten="426,255,359,0" oya="2" hai0="103,1,121,114,46,118,128,36,54,134,49,57,112" hai1="109,78,124,80,119,66,96,107,60,51,81,117,55" hai2="132,130,111,92,67,84,105,2,37,72,91,90,77" hai3=""/><V75/><F2/><T135/><N who="0" m="31008" /><T63/><D1/><U74/><E109/><V48/><F37/><T113/><D103/><U64/><E124/><V116/><F116/><T122/><N who="0" m="31264" /><T127/><D118/><U99/><E66/><V45/><F105/><T70/><D127/><U61/><E60/><V53/><F111/><T44/><D128/><U87/><E107/><V85/><F77/><T131/><D131/><U68/><E117/><V76/><F76/><T101/><D101/><U42/><E42/><V3/><F130/><T133/><D36/><U83/><E83/><V33/><F3/><T38/><D38/><U102/><E102/><V125/><F125/><T98/><D98/><U129/><E129/><V43/><F33/><T65/><AGARI ba="2,1" hai="44,46,49,54,57,63,65,70,112,113,114,133,134,135" m="31264,31008" machi="65" ten="40,12000,3" yaku="0,1,11,1,20,1,34,3,52,3" doraHai="47" who="0" fromWho="0" sc="426,134,255,-42,359,-82,0,0" /><INIT seed="4,0,0,2,2,34" ten="560,213,277,0" oya="0" hai0="55,59,80,124,117,62,56,129,0,83,91,2,98" hai1="90,106,121,38,111,119,92,89,94,68,112,37,122" hai2="33,107,61,48,36,74,128,113,125,32,123,130,135" hai3=""/><T116/><D124/><U134/><N who="1" m="31008" /><U105/><N who="1" m="31264" /><U88/><E111/><V120/><N who="2" m="30752" /><V87/><F48/><T66/><D129/><U67/><E119/><V97/><F61/><T50/><D83/><U40/><E40/><V78/><F87/><T115/><D115/><U109/><E109/><V60/><F60/><T127/><D127/><U1/><E112/><V53/><F53/><T46/><D80/><U104/><E134/><V103/><F97/><T93/><D117/><U77/><E77/><V57/><F57/><T49/><D116/><U51/><E51/><V114/><F103/><T86/><REACH who="0" step="1"/><D98/><REACH who="0" ten="550,213,277,0" step="2"/><U81/><E81/><V118/><F114/><T52/><AGARI ba="0,1" hai="0,2,46,49,50,52,55,56,59,62,66,86,91,93" machi="52" ten="20,12000,2" yaku="1,1,2,1,0,1,7,1,52,2,54,1,53,0" doraHai="34" doraHaiUra="3" who="0" fromWho="0" sc="550,130,213,-60,277,-60,0,0" /><INIT seed="4,1,0,2,3,67" ten="680,153,217,0" oya="0" hai0="84,46,90,66,73,114,42,133,123,95,96,109,100" hai1="76,125,36,111,34,135,68,119,117,108,40,87,134" hai2="57,55,126,74,97,116,81,49,71,88,70,94,3" hai3=""/><T103/><N who="0" m="31520" /><T44/><D73/><U121/><N who="1" m="31008" /><U35/><E76/><V58/><F3/><T0/><D0/><U104/><E87/><V129/><F129/><T80/><D109/><N who="1" m="42059" /><E104/><V45/><F126/><T102/><D133/><N who="1" m="50699" /><E125/><V38/><F116/><N who="1" m="44617" /><E68/><V62/><F74/><T51/><D114/><U124/><E124/><V86/><F38/><T83/><D66/><U69/><E69/><V53/><REACH who="2" step="1"/><F58/><REACH who="2" ten="680,153,207,0" step="2"/><T75/><REACH who="0" step="1"/><D46/><AGARI ba="1,1" hai="34,35,36,40,46" m="44617,50699,42059,31008" machi="46" ten="40,5200,0" yaku="20,1,23,1,52,1" doraHai="67" who="1" fromWho="0" sc="680,-54,153,64,207,0,0,0" /><INIT seed="5,0,0,0,0,116" ten="626,217,207,0" oya="1" hai0="104,112,34,119,46,129,70,115,41,105,94,134,91" hai1="38,39,45,48,3,133,37,64,56,76,125,106,62" hai2="79,78,126,107,77,69,44,93,40,1,118,117,83" hai3=""/><U95/><E3/><V108/><F108/><T49/><D34/><U101/><E106/><V113/><F1/><T131/><D70/><U32/><E32/><V67/><F107/><N who="0" m="41034" /><D119/><U2/><E2/><V122/><N who="2" m="31264" /><V36/><F83/><T111/><D134/><U42/><E76/><V53/><F126/><T103/><D103/><U84/><E125/><V33/><F33/><T97/><D111/><U82/><E133/><V135/><F135/><T98/><D98/><U0/><E0/><V58/><F113/><AGARI ba="0,0" hai="41,46,49,91,94,97,112,113,115,129,131" m="41034" machi="113" ten="30,1000,0" yaku="15,1" doraHai="116" who="0" fromWho="2" sc="626,10,217,0,207,-10,0,0" /><INIT seed="6,0,0,2,0,128" ten="636,217,197,0" oya="2" hai0="121,62,122,36,75,78,71,108,114,97,74,44,58" hai1="2,53,51,43,41,84,59,113,63,101,102,95,46" hai2="37,107,52,60,88,0,112,132,135,126,67,85,110" hai3=""/><V64/><F0/><T94/><N who="0" m="31008" /><T77/><N who="0" m="31264" /><T82/><D71/><U79/><E113/><V39/><F112/><T99/><D108/><U42/><E2/><V96/><F110/><T111/><D111/><U131/><E131/><V133/><F126/><T83/><D114/><U68/><E68/><V130/><F130/><T98/><D36/><N who="2" m="13898" /><F52/><T48/><D94/><U57/><E57/><V115/><F115/><T54/><D99/><U86/><E79/><V50/><F50/><T55/><AGARI ba="0,0" hai="44,48,54,55,58,62,74,75,77,78,82,83,97,98" m="31264,31008" machi="55" ten="20,6000,1" yaku="0,1,7,1,9,1,52,2" doraHai="128" who="0" fromWho="0" sc="636,60,217,-20,197,-40,0,0" owari="696,64.0,197,-20.0,157,-44.0,0,0.0" /></mjloggm>