<mjloggm ver="2.3"><GO type="169" lobby="0"/><UN n0="%69%6B%65%64%61%64%61" n1="%73%65%61%73%74%6F%72%79" n2="%73%69%6E%34%36" n3="%E3%81%BF%E3%81%A3%E3%81%8D%E3%83%BC" dan="16,16,16,17" rate="2160.22,2109.59,2168.55,2205.67" sx="M,M,M,M"/><TAIKYOKU oya="0"/><INIT seed="0,0,0,0,3,49" ten="250,250,250,250" oya="0" hai0="101,68,91,133,81,53,34,11,135,54,85,120,41" hai1="6,32,128,22,115,37,83,97,36,2,102,50,103" hai2="114,38,112,9,26,127,132,106,105,107,31,27,119" hai3="123,8,58,126,16,117,104,130,129,116,28,20,23"/><T131/><D120/><U93/><E115/><V52/><F38/><W92/><G104/><T87/><D34/><U48/><E32/><V47/><F127/><W4/><G92/><T29/><D29/><U59/><E128/><N who="3" m="49258" /><G58/><T100/><D68/><U74/><E103/><N who="0" m="39497" /><D131/><U40/><E50/><V25/><F132/><N who="0" m="50762" /><D41/><U96/><E96/><V10/><F31/><W39/><G39/><T65/><D65/><U33/><E33/><V62/><F119/><W84/><G126/><T80/><D11/><U88/><E6/><V71/><F71/><W76/><G23/><T86/><D91/><U66/><E2/><V1/><F1/><N who="3" m="15" /><G28/><T113/><D113/><U13/><E36/><V14/><F9/><W70/><G70/><T21/><D21/><U90/><E37/><V61/><F114/><W18/><G123/><T60/><D60/><U57/><E66/><V46/><F112/><W124/><G124/><T121/><D121/><U0/><E0/><V56/><REACH who="2" step="1"/><F62/><REACH who="2" ten="250,250,240,250" step="2"/><W45/><G117/><T17/><D17/><AGARI ba="0,1" hai="10,14,17,25,26,27,46,47,52,56,61,105,106,107" machi="17" ten="50,8000,1" yaku="1,1,2,1,52,1,54,1,53,0" doraHai="49" doraHaiUra="89" who="2" fromWho="0" sc="250,-80,250,0,240,90,250,0" /><INIT seed="1,0,0,0,3,75" ten="170,250,330,250" oya="1" hai0="126,128,3,66,107,59,119,63,135,78,46,132,113" hai1="123,18,133,117,31,4,70,122,106,83,38,2,74" hai2="102,108,49,77,127,79,94,69,68,52,43,111,60" hai3="41,71,62,20,116,0,55,22,98,103,35,115,131"/><U125/><RYUUKYOKU type="yao9" ba="0,0" sc="170,0,250,0,330,0,250,0" hai1="2,4,18,31,38,70,74,83,106,117,122,123,125,133" /><INIT seed="1,1,0,3,1,8" ten="170,250,330,250" oya="1" hai0="108,103,94,84,81,68,22,32,85,15,102,109,17" hai1="11,26,125,92,54,83,58,69,65,37,7,134,89" hai2="5,117,2,127,45,106,52,56,126,104,101,10,75" hai3="27,74,80,132,98,95,118,25,34,20,78,73,119"/><U57/><E37/><V40/><F75/><W9/><G74/><T36/><D32/><U42/><E42/><V114/><F117/><W120/><G120/><T93/><D68/><U90/><E69/><V76/><F76/><W111/><G111/><N who="0" m="42571" /><D36/><U63/><E134/><V133/><F133/><W60/><G132/><T19/><D85/><U13/><E125/><N who="2" m="47627" /><F101/><N who="0" m="38410" /><D19/><U6/><E26/><V47/><F114/><W41/><G27/><T44/><D44/><N who="2" m="16970" /><F40/><W64/><G41/><T28/><D28/><U29/><E29/><V122/><F122/><W12/><G34/><T33/><D33/><U46/><E46/><V4/><F5/><W107/><G118/><T86/><D86/><U113/><E113/><V67/><F67/><W39/><G39/><T3/><D3/><U88/><E83/><V91/><F91/><AGARI ba="1,0" hai="15,17,22,81,84,91,93,94" m="38410,42571" machi="91" ten="30,2000,0" yaku="14,1,52,1" doraHai="8" who="0" fromWho="2" sc="170,23,250,0,330,-23,250,0" /><INIT seed="2,0,0,5,2,86" ten="193,250,307,250" oya="2" hai0="58,12,53,119,100,121,16,111,27,21,77,51,97" hai1="118,76,11,10,106,60,65,3,50,107,57,67,91" hai2="9,113,123,75,73,103,112,28,37,120,34,117,102" hai3="25,33,109,64,135,40,98,115,68,41,99,74,0"/><V122/><F34/><W15/><G0/><T6/><D111/><U61/><E118/><V80/><F37/><W32/><G74/><N who="2" m="28169" /><F28/><W44/><G109/><T95/><D119/><U54/><E76/><V134/><F117/><W72/><G72/><T105/><D121/><U96/><E3/><V49/><F49/><W48/><G115/><N who="2" m="44105" /><F9/><W20/><G41/><T43/><D77/><U38/><E38/><V93/><F80/><W56/><G32/><T47/><D6/><U81/><E81/><V26/><F26/><W45/><G45/><T71/><D71/><U23/><E23/><V70/><F70/><W90/><G33/><T63/><REACH who="0" step="1"/><D105/><REACH who="0" ten="183,250,307,250" step="2"/><U5/><E107/><V8/><F134/><W129/><G135/><T104/><D104/><U85/><E5/><V94/><F8/><W55/><G68/><T84/><D84/><U101/><E11/><V82/><F82/><W1/><G98/><T29/><D29/><U31/><E10/><V133/><F133/><W62/><G62/><BYE who="3" /><T17/><D17/><U18/><E18/><V130/><F130/><W110/><G110/><T22/><D22/><U78/><E31/><V66/><F66/><W131/><G131/><T46/><D46/><U14/><E61/><V128/><F128/><W87/><G87/><T116/><D116/><U13/><E67/><V69/><F69/><UN n3="%E3%81%BF%E3%81%A3%E3%81%8D%E3%83%BC" /><W42/><G44/><T2/><D2/><U19/><E19/><V30/><F30/><W83/><G1/><T92/><D92/><AGARI ba="0,1" hai="92,93,94,102,103,120,122,123" m="44105,28169" machi="92" ten="40,12000,1" yaku="28,2,34,2" doraHai="86" who="2" fromWho="0" sc="183,-120,250,0,307,130,250,0" /><INIT seed="2,1,0,2,5,37" ten="63,250,437,250" oya="2" hai0="101,124,64,40,97,54,121,105,108,84,52,61,87" hai1="48,69,46,10,123,86,11,41,14,88,72,132,74" hai2="89,63,16,120,36,80,21,95,44,15,13,117,107" hai3="131,2,56,113,47,126,77,30,100,129,17,92,62"/><V24/><F107/><W104/><G2/><T51/><D121/><U99/><E69/><V38/><F117/><W128/><G126/><T94/><D124/><U78/><E123/><V8/><F120/><W0/><G0/><T5/><D108/><U106/><E11/><V130/><F80/><W67/><G113/><T111/><D111/><U6/><E132/><V85/><F130/><W12/><G30/><T23/><D5/><U133/><E133/><V114/><F114/><W112/><G112/><T4/><D4/><U25/><E25/><V110/><F110/><W26/><G26/><T60/><D23/><U125/><E125/><V49/><F63/><N who="0" m="24138" /><D64/><U27/><E27/><V39/><REACH who="2" step="1"/><F8/><REACH who="2" ten="63,250,427,250" step="2"/><W32/><G104/><T20/><D105/><U31/><E106/><V58/><F58/><W33/><G128/><T71/><D71/><U3/><E74/><V90/><F90/><W93/><G129/><T122/><D122/><U134/><E134/><V1/><F1/><W103/><G131/><T91/><D91/><U57/><E72/><V59/><F59/><W22/><G77/><T29/><D87/><U83/><E3/><V7/><F7/><W28/><G56/><T75/><D84/><U98/><E57/><V9/><F9/><W35/><G62/><T81/><D81/><U76/><E31/><V53/><AGARI ba="1,1" hai="13,15,16,21,24,36,38,39,44,49,53,85,89,95" machi="53" ten="30,6000,0" yaku="1,1,0,1,54,1,53,0" doraHai="37" doraHaiUra="118" who="2" fromWho="2" sc="63,-21,250,-21,427,73,250,-21" /><INIT seed="2,2,0,0,4,100" ten="42,229,500,229" oya="2" hai0="90,132,19,128,28,1,63,129,101,87,74,114,96" hai1="97,40,107,5,120,8,92,93,79,86,125,18,116" hai2="122,131,133,39,13,34,4,104,44,75,81,69,102" hai3="124,99,24,112,31,73,23,37,134,45,35,55,72"/><V70/><F122/><W88/><G124/><T85/><D1/><U9/><E125/><V65/><F13/><W66/><G134/><T67/><D114/><U71/><E71/><V20/><F20/><W94/><G112/><T64/><D28/><U2/><E116/><V105/><F133/><W130/><G130/><T62/><D74/><U53/><E40/><N who="2" m="22559" /><F4/><W46/><G66/><T49/><D49/><U76/><E120/><V58/><F58/><W127/><G127/><T32/><D32/><U36/><E36/><V47/><F102/><W80/><G80/><T3/><D3/><U27/><E9/><V103/><F103/><W135/><G135/><T91/><D101/><U0/><E0/><V51/><F51/><W98/><G98/><T110/><D132/><U12/><E27/><V25/><F47/><W10/><G10/><T119/><D19/><U50/><E2/><V126/><F131/><W121/><G121/><T84/><D84/><U30/><E5/><V48/><F48/><N who="3" m="29071" /><G46/><T95/><D95/><U7/><E7/><V123/><F123/><W68/><G68/><N who="2" m="26217" /><F65/><W43/><G43/><T109/><REACH who="0" step="1"/><D96/><REACH who="0" ten="32,229,500,229" step="2"/><U60/><E97/><V21/><F126/><W15/><G37/><T115/><D115/><U54/><E93/><V17/><F34/><W113/><G113/><T38/><D38/><U41/><E92/><V33/><F33/><W82/><G82/><T56/><D56/><U117/><E86/><V22/><F75/><N who="3" m="28747" /><G35/><T6/><D6/><U83/><E30/><N who="2" m="17711" /><F81/><W61/><G61/><T77/><D77/><U106/><E83/><V29/><F29/><RYUUKYOKU ba="2,1" sc="32,10,229,-30,500,10,229,10" hai0="62,63,64,67,85,87,90,91,109,110,119,128,129" hai2="17,22,104,105" hai3="15,23,24,31,88,94,99" /><INIT seed="2,3,1,0,2,115" ten="42,199,510,239" oya="2" hai0="108,2,63,92,57,123,109,41,112,56,86,119,30" hai1="99,83,95,15,39,53,85,36,58,28,129,17,71" hai2="87,113,10,133,35,27,89,65,101,125,21,60,31" hai3="48,62,50,51,37,0,46,44,111,78,124,72,128"/><V32/><F113/><W126/><G0/><T69/><D112/><U131/><E71/><V107/><F125/><N who="3" m="48235" /><G72/><T76/><D2/><U18/><E28/><V90/><F10/><W114/><G78/><T118/><D123/><U81/><E99/><V16/><F133/><W9/><G114/><T67/><D30/><U54/><E95/><V116/><F116/><N who="0" m="44586" /><D41/><U75/><E85/><V134/><F101/><W1/><G111/><N who="0" m="42571" /><D92/><U34/><E34/><V42/><F107/><W135/><G128/><T3/><D3/><U88/><E131/><V12/><F42/><W70/><G37/><T13/><D13/><U117/><E117/><V68/><F134/><W93/><G93/><T80/><AGARI ba="3,1" hai="56,57,63,67,69,76,80,86" m="42571,44586" machi="80" ten="40,8000,1" yaku="12,1,14,1,52,3" doraHai="115" who="0" fromWho="0" sc="42,99,199,-23,510,-43,239,-23" /><INIT seed="3,0,0,4,0,68" ten="141,176,467,216" oya="3" hai0="40,72,123,61,3,10,124,106,94,108,34,77,134" hai1="81,127,17,13,89,36,42,91,7,101,74,79,118" hai2="50,47,64,83,73,65,28,111,32,55,33,100,48" hai3="112,133,11,18,76,27,102,39,70,110,104,135,85"/><W71/><G112/><T96/><D94/><U120/><E120/><V49/><F100/><W37/><G104/><T21/><D21/><U51/><E118/><V98/><F98/><W116/><G116/><T66/><D40/><U52/><E101/><V25/><F111/><W20/><G102/><N who="0" m="62791" /><D34/><U103/><E103/><V62/><F64/><W87/><G110/><T75/><D108/><U125/><E7/><V115/><F33/><W16/><G76/><T121/><D124/><N who="1" m="47691" /><E13/><V119/><F115/><W53/><G11/><T43/><D43/><U14/><E14/><V78/><F119/><W30/><G53/><T31/><D31/><U131/><E17/><V41/><F55/><W92/><G30/><T113/><D113/><U5/><E5/><V35/><F32/><W80/><G80/><N who="0" m="45095" /><D75/><U93/><E93/><V38/><F49/><W58/><G58/><AGARI ba="0,0" hai="25,28,35,38,41,47,48,50,58,62,65,73,78,83" machi="58" ten="30,2000,0" yaku="7,1,52,1" doraHai="68" who="2" fromWho="3" sc="141,0,176,0,467,20,216,-20" /><INIT seed="4,0,0,0,5,106" ten="141,176,487,196" oya="0" hai0="102,94,98,2,39,50,60,40,91,56,1,104,126" hai1="68,133,42,71,116,31,52,84,80,124,19,132,64" hai2="35,61,5,59,48,46,49,37,70,15,79,87,85" hai3="29,47,112,44,8,90,109,99,105,13,88,38,77"/><T135/><D135/><N who="1" m="51787" /><E116/><V18/><F70/><W11/><G109/><T14/><D126/><U21/><E124/><V67/><F35/><W74/><G29/><T58/><D39/><U96/><E42/><V92/><F5/><W41/><G112/><T89/><D14/><U117/><E31/><V22/><F37/><W6/><G44/><T54/><D40/><U82/><E64/><V66/><F66/><W128/><G128/><T32/><D32/><U27/><E96/><V23/><F87/><W20/><G20/><T55/><REACH who="0" step="1"/><D91/><REACH who="0" ten="131,176,487,196" step="2"/><U83/><E117/><V119/><F119/><W10/><G90/><T131/><D131/><U97/><E97/><AGARI ba="0,1" hai="1,2,50,54,55,56,58,60,89,94,97,98,102,104" machi="97" ten="30,11600,0" yaku="1,1,7,1,53,2" doraHai="106" doraHaiUra="33" who="0" fromWho="1" sc="131,126,176,-116,487,0,196,0" /><INIT seed="4,1,0,0,4,65" ten="257,60,487,196" oya="0" hai0="64,38,70,110,18,135,129,84,120,108,116,25,5" hai1="2,53,21,44,9,58,88,41,17,28,127,82,125" hai2="92,14,39,103,97,68,121,99,104,81,59,30,33" hai3="131,48,73,114,7,119,0,69,117,43,61,133,89"/><T49/><D38/><U40/><E28/><V76/><F39/><W74/><G7/><T93/><D120/><U124/><E44/><V51/><F68/><W128/><G0/><T31/><D116/><U56/><E9/><V109/><F109/><N who="0" m="42090" /><D18/><U29/><E29/><V98/><F14/><W106/><G106/><T105/><D105/><U134/><E2/><V34/><F99/><W95/><G114/><T13/><D49/><U45/><E45/><V71/><F71/><W26/><G48/><T32/><D135/><U77/><E134/><V37/><F37/><W20/><G43/><T19/><D129/><N who="3" m="49737" /><G133/><T22/><D5/><U91/><E41/><V115/><F30/><N who="3" m="17735" /><G61/><N who="0" m="40207" /><D93/><U80/><E40/><V79/><F121/><W66/><G66/><T107/><D107/><U86/><E82/><V78/><F81/><W4/><G69/><T87/><AGARI ba="1,0" hai="13,19,22,25,31,32,84,87" m="40207,42090" machi="87" ten="30,3000,0" yaku="10,1,52,1" doraHai="65" who="0" fromWho="0" sc="257,33,60,-11,487,-11,196,-11" /><INIT seed="4,2,0,5,1,89" ten="290,49,476,185" oya="0" hai0="97,68,6,39,51,73,64,107,78,9,20,47,63" hai1="21,28,2,80,122,104,115,126,88,10,15,67,53" hai2="76,112,36,93,16,11,119,44,61,81,55,41,29" hai3="127,133,94,98,82,99,52,56,59,129,34,110,13"/><T58/><D20/><U38/><E122/><V128/><F112/><W19/><G110/><T125/><D125/><U23/><E115/><V37/><F128/><W17/><G129/><T26/><D26/><U62/><E38/><V54/><F29/><W111/><G111/><T65/><D39/><U102/><E2/><V113/><F36/><W25/><G133/><T46/><D46/><U95/><E126/><V103/><F113/><W117/><G117/><T83/><D107/><U14/><E104/><V69/><F69/><W60/><G82/><T96/><D65/><U18/><E53/><V71/><F71/><W70/><G70/><BYE who="3" /><T12/><REACH who="0" step="1"/><D68/><REACH who="0" ten="280,49,476,185" step="2"/><U124/><E124/><V77/><F44/><W79/><G79/><T32/><D32/><U131/><E131/><V45/><F77/><UN n3="%E3%81%BF%E3%81%A3%E3%81%8D%E3%83%BC" /><W121/><G127/><T57/><D57/><N who="1" m="37327" /><E28/><V132/><F45/><W109/><G34/><T116/><D116/><U40/><E40/><AGARI ba="2,1" hai="6,9,12,40,47,51,58,63,64,73,78,83,96,97" machi="40" ten="30,2900,0" yaku="1,1,7,1,53,0" doraHai="89" doraHaiUra="22" who="0" fromWho="1" sc="280,45,49,-35,476,0,185,0" /><INIT seed="4,3,0,4,1,72" ten="325,14,476,185" oya="0" hai0="98,114,43,56,100,47,109,104,102,82,28,60,4" hai1="12,30,63,15,41,65,48,133,125,8,9,78,110" hai2="105,113,66,57,26,74,92,79,122,69,106,36,18" hai3="87,126,52,84,124,62,120,128,50,115,117,67,121"/><T37/><D114/><U14/><E110/><V19/><F69/><N who="3" m="42231" /><G117/><T116/><D116/><U108/><E108/><V70/><F122/><N who="3" m="47211" /><G115/><T1/><D109/><U111/><E111/><V25/><F92/><W2/><G2/><T107/><D28/><U27/><E133/><V77/><F57/><N who="3" m="32919" /><G128/><T23/><D23/><N who="1" m="15743" /><E125/><N who="3" m="48234" /><G87/><T13/><D1/><U64/><E63/><V97/><F26/><W103/><G103/><BYE who="3" /><T135/><D82/><U130/><E130/><UN n3="%E3%81%BF%E3%81%A3%E3%81%8D%E3%83%BC" /><V68/><F25/><W88/><G84/><T11/><D135/><U93/><E93/><V99/><F74/><W95/><G95/><T42/><D42/><U35/><E35/><V85/><F85/><W89/><AGARI ba="3,0" hai="88,89" m="48234,32919,47211,42231" machi="89" ten="40,8000,1" yaku="13,1,18,1,54,2" doraHai="72" who="3" fromWho="3" sc="325,-43,14,-23,476,-23,185,89" owari="282,8.0,-9,-51.0,453,56.0,274,-13.0" /></mjloggm>