<mjloggm ver="2.3"><GO type="169" lobby="0"/><UN n0="%E5%AE%89%E8%89%AF%E5%B2%A1%E8%8A%B1%E7%81%AB" n1="%41%4D%41%4C%49%41" n2="%E4%B8%BB%E5%B8%AD" n3="%E4%B8%89%E5%8D%8A%E8%8D%98%E3%81%BE%E3%81%A7" dan="16,16,16,16" rate="2091.73,2094.98,2155.83,2133.63" sx="M,M,M,M"/><TAIKYOKU oya="0"/><INIT seed="0,0,0,1,5,30" ten="250,250,250,250" oya="0" hai0="1,8,104,133,121,84,124,130,90,78,66,39,37" hai1="134,17,108,59,85,80,99,14,53,106,77,12,18" hai2="127,61,22,9,72,48,51,122,13,114,67,23,5" hai3="129,10,56,86,111,32,28,41,105,29,55,43,101"/><T62/><D121/><U44/><E108/><V118/><F122/><W82/><G129/><T16/><D130/><U15/><E134/><V88/><F114/><W31/><G111/><T65/><D133/><U123/><E123/><V71/><F127/><W128/><G128/><T60/><D104/><U58/><E106/><V64/><F72/><W21/><G101/><T97/><D97/><U115/><E115/><V70/><F118/><W126/><G10/><T74/><D74/><U117/><E117/><V7/><F88/><N who="3" m="51287" /><G32/><T36/><D78/><U110/><E110/><V109/><F109/><W63/><G105/><T40/><D40/><N who="3" m="15433" /><G126/><T26/><D1/><U113/><E113/><V69/><F5/><W49/><G63/><T94/><D124/><U91/><E44/><V95/><F95/><W11/><G11/><T54/><D54/><U50/><E59/><V57/><F67/><W52/><G55/><T46/><D46/><U68/><E68/><V0/><F0/><W38/><G38/><T35/><D35/><U75/><E75/><V3/><F3/><W76/><G76/><T125/><D125/><U6/><E6/><V27/><REACH who="2" step="1"/><F23/><AGARI ba="0,0" hai="21,23,28,29,31,49,52,56" m="15433,51287" machi="23" ten="30,3900,0" yaku="8,1,54,2" doraHai="30" who="3" fromWho="2" sc="250,0,250,0,250,-39,250,39" /><INIT seed="1,0,0,3,0,30" ten="250,250,211,289" oya="1" hai0="51,131,17,98,38,77,9,94,41,105,7,127,13" hai1="124,61,34,20,113,22,106,75,115,32,27,70,86" hai2="90,43,45,18,52,93,42,132,123,92,25,74,64" hai3="91,6,76,55,8,97,48,80,107,125,35,72,102"/><U19/><E75/><V66/><F74/><W39/><G39/><T63/><D105/><U69/><E106/><V110/><F123/><W129/><G125/><T65/><D127/><U12/><E124/><V67/><F132/><W50/><G129/><T28/><D131/><U73/><E73/><V95/><F90/><W96/><G35/><T16/><D38/><U5/><E86/><V15/><F25/><W119/><G119/><T26/><D51/><U71/><E61/><V128/><F128/><W14/><G55/><T4/><D41/><U133/><E133/><V135/><F110/><W88/><G91/><T3/><D3/><U56/><E56/><V40/><F135/><W84/><REACH who="3" step="1"/><G96/><REACH who="3" ten="250,250,211,279" step="2"/><T117/><D98/><U44/><E44/><V37/><F52/><W62/><G62/><T10/><D63/><U58/><E58/><V126/><F126/><W49/><G49/><T21/><D65/><U57/><E57/><V54/><F54/><W59/><G59/><T53/><D53/><U134/><E134/><V118/><F118/><W121/><G121/><T100/><D117/><U99/><E99/><V0/><F37/><W46/><G46/><T60/><D60/><U108/><E108/><V31/><F45/><W2/><G2/><N who="0" m="151" /><D77/><U82/><E82/><AGARI ba="0,1" hai="6,8,14,48,50,72,76,80,82,84,88,97,102,107" machi="82" ten="30,3900,0" yaku="1,1,7,1,54,1,53,0" doraHai="30" doraHaiUra="24" who="3" fromWho="1" sc="250,0,250,-39,211,0,279,49" /><INIT seed="2,0,0,2,2,112" ten="250,211,211,328" oya="2" hai0="80,8,127,29,129,117,82,38,14,116,92,103,1" hai1="74,47,109,81,125,134,122,9,88,97,10,75,28" hai2="23,19,65,84,94,27,16,104,133,76,34,15,7" hai3="60,77,128,20,46,57,18,17,130,25,36,73,86"/><V66/><F104/><W115/><G73/><T21/><D38/><U95/><E109/><V110/><F133/><W101/><G115/><T83/><D129/><N who="3" m="49769" /><G101/><T100/><D127/><U48/><E134/><V87/><F110/><W33/><G33/><T63/><D63/><U54/><E125/><V2/><F34/><W78/><G86/><T108/><D108/><U32/><E122/><V5/><F84/><W22/><G46/><T55/><D55/><U99/><E99/><V42/><F42/><W12/><G36/><T49/><D49/><U91/><E81/><N who="2" m="47527" /><F94/><W85/><G85/><T62/><D62/><U72/><REACH who="1" step="1"/><E91/><REACH who="1" ten="250,201,211,328" step="2"/><V118/><F118/><N who="0" m="45674" /><D92/><U43/><E43/><V13/><F2/><W40/><G40/><T102/><D1/><U45/><E45/><V11/><F5/><W39/><G39/><T69/><D103/><U93/><E93/><V61/><F61/><W107/><G107/><T79/><D79/><U24/><AGARI ba="0,1" hai="9,10,24,28,32,47,48,54,72,74,75,88,95,97" machi="24" ten="40,5200,0" yaku="1,1,0,1,54,1,53,0" doraHai="112" doraHaiUra="0" who="1" fromWho="1" sc="250,-13,201,62,211,-26,328,-13" /><INIT seed="3,0,0,5,4,13" ten="237,263,185,315" oya="3" hai0="47,75,107,28,40,57,27,55,74,83,79,36,113" hai1="41,127,96,114,118,135,99,9,54,62,101,85,90" hai2="31,63,35,60,67,93,124,115,73,91,49,20,105" hai3="133,69,86,119,38,29,84,8,14,17,104,12,10"/><W11/><G104/><T51/><D113/><U130/><E114/><V23/><F115/><W2/><G69/><T129/><D107/><U66/><E41/><V48/><F105/><W58/><G38/><T125/><D125/><U50/><E101/><V22/><F73/><W121/><G121/><T61/><D129/><U80/><E127/><V97/><F124/><W42/><G42/><T32/><REACH who="0" step="1"/><D36/><REACH who="0" ten="227,263,185,315" step="2"/><U7/><E130/><V26/><REACH who="2" step="1"/><F63/><REACH who="2" ten="227,263,175,315" step="2"/><W0/><G119/><T15/><D15/><U19/><E118/><V68/><AGARI ba="0,2" hai="20,22,23,26,31,35,48,49,60,67,68,91,93,97" machi="68" ten="30,4000,0" yaku="1,1,2,1,0,1,53,0" doraHai="13" doraHaiUra="5" who="2" fromWho="2" sc="227,-10,263,-10,175,60,315,-20" /><INIT seed="4,0,0,1,1,1" ten="217,253,235,295" oya="0" hai0="60,63,95,30,91,73,45,42,21,37,33,28,69" hai1="104,65,58,72,39,12,38,98,3,34,32,55,22" hai2="103,15,109,0,20,84,87,70,129,78,43,85,76" hai3="79,128,62,23,86,67,90,47,112,114,8,26,132"/><T97/><D73/><U94/><E104/><V7/><F109/><W68/><G79/><N who="2" m="30249" /><F70/><W127/><G127/><T115/><D115/><N who="3" m="44073" /><G47/><T17/><D33/><U96/><E3/><V133/><F0/><W131/><G8/><T113/><D113/><U99/><E72/><V44/><F133/><W2/><G2/><T52/><D69/><U59/><E38/><V16/><F129/><W106/><G106/><T107/><D107/><U105/><E39/><V82/><F103/><W46/><G46/><T77/><D77/><U61/><E105/><V80/><F7/><W48/><G48/><AGARI ba="0,0" hai="15,16,20,43,44,48,80,82,84,85,87" m="30249" machi="48" ten="30,2000,0" yaku="8,1,54,1" doraHai="1" who="2" fromWho="3" sc="217,0,253,0,235,20,295,-20" /><INIT seed="5,0,0,2,3,111" ten="217,253,255,275" oya="1" hai0="126,112,104,24,66,16,90,53,99,3,108,71,49" hai1="72,115,33,80,70,78,102,130,50,5,74,55,121" hai2="52,36,12,7,119,56,113,4,30,118,9,44,38" hai3="92,69,103,47,105,84,128,122,43,61,18,87,101"/><U13/><E121/><V8/><F30/><W26/><G105/><T57/><D108/><U35/><E70/><V19/><F113/><W88/><G122/><T68/><D3/><U34/><E130/><V77/><F77/><W31/><G18/><T6/><D6/><U48/><E102/><V125/><F125/><W109/><G128/><T14/><D112/><U60/><E115/><V65/><F65/><W110/><G110/><T76/><D24/><U107/><E107/><V85/><F85/><W62/><G87/><T46/><D76/><U17/><E5/><V45/><F19/><W41/><G41/><T114/><D114/><U131/><E74/><V2/><F44/><W10/><G10/><T91/><D126/><U124/><E124/><V58/><F45/><W100/><G69/><T11/><D91/><U135/><E135/><V20/><F20/><W127/><G109/><T75/><D75/><U63/><E50/><V129/><F129/><W86/><G86/><T106/><D106/><U15/><E131/><V94/><F94/><W51/><REACH who="3" step="1"/><G127/><REACH who="3" ten="217,253,255,265" step="2"/><T79/><D79/><U67/><E17/><V133/><F133/><W81/><G81/><T95/><REACH who="0" step="1"/><D104/><REACH who="0" ten="207,253,255,265" step="2"/><U89/><E78/><V22/><F2/><W0/><G0/><T39/><D39/><U23/><E72/><V64/><F38/><W28/><G28/><T40/><D40/><U27/><E27/><V97/><F36/><W32/><AGARI ba="0,2" hai="26,31,32,43,47,51,61,62,84,88,92,100,101,103" machi="32" ten="30,4000,0" yaku="1,1,0,1,54,1,53,0" doraHai="111" doraHaiUra="116" who="3" fromWho="3" sc="207,-10,253,-20,255,-10,265,60" /><INIT seed="6,0,0,4,5,130" ten="197,233,245,325" oya="2" hai0="42,11,84,19,128,54,110,37,74,89,41,14,82" hai1="16,73,58,30,12,114,127,33,96,126,36,22,1" hai2="72,15,101,92,7,76,48,34,135,71,32,70,50" hai3="26,67,9,20,66,52,64,88,103,112,98,5,49"/><V27/><F72/><W95/><G112/><T94/><D128/><U91/><E1/><V75/><F75/><W68/><G68/><T85/><D74/><U100/><E36/><V60/><F76/><W131/><G131/><T18/><D110/><U2/><E2/><V23/><F7/><W115/><G115/><T125/><D125/><N who="1" m="47627" /><E73/><V55/><F15/><N who="3" m="5551" /><G103/><T134/><D37/><U0/><E0/><V108/><F108/><W123/><G123/><T77/><D134/><U21/><E91/><V3/><F3/><W81/><G81/><T35/><D35/><U44/><E44/><V59/><F101/><W13/><G13/><T105/><D105/><N who="1" m="63623" /><E58/><V56/><F59/><N who="3" m="33167" /><G66/><T28/><D28/><AGARI ba="0,0" hai="20,26,28,64,67,88,95,98" m="33167,5551" machi="28" ten="30,3900,0" yaku="8,1,54,2" doraHai="130" who="3" fromWho="0" sc="197,-39,233,0,245,0,325,39" /><INIT seed="7,0,0,1,3,46" ten="158,233,245,364" oya="3" hai0="53,29,58,81,26,71,70,33,9,83,3,75,132" hai1="127,86,102,48,106,101,73,123,69,55,63,95,30" hai2="120,66,19,72,103,62,82,85,13,78,37,68,14" hai3="116,45,21,7,50,131,41,117,89,18,118,17,100"/><W42/><G100/><T111/><D111/><U128/><E73/><V12/><F37/><W8/><G89/><T84/><D132/><U109/><E109/><V97/><F120/><W24/><G131/><T121/><D121/><U130/><E127/><V44/><F44/><W38/><G17/><T80/><D75/><U6/><E106/><V122/><F122/><W67/><G67/><T54/><D84/><U20/><E6/><V104/><F72/><W11/><G11/><AGARI ba="0,0" hai="11,12,13,14,19,62,66,68,78,82,85,97,103,104" machi="11" ten="30,1000,0" yaku="7,1" doraHai="46" who="2" fromWho="3" sc="158,0,233,0,245,10,364,-10" owari="158,-34.0,233,-17.0,255,6.0,354,45.0" /></mjloggm>