<mjloggm ver="2.3"><GO type="225" lobby="0"/><UN n0="%E3%83%81%E3%83%BC%E3%83%88%E3%82%A4%E7%9F%AD%E6%9C%9F%E5%A4%A7%E5%AD%A6" n1="%28%C2%B4%E3%81%B8%CE%B5%E3%81%B8%60%29" n2="%EF%BC%AE%EF%BC%AF%EF%BD%90%EF%BD%90%EF%BC%AF" n3="%65%2D%73%65%70%65%6E%3B" dan="16,16,16,16" rate="2127.64,2070.25,2101.12,2109.41" sx="M,M,M,M"/><TAIKYOKU oya="0"/><INIT seed="0,0,0,2,3,45" ten="250,250,250,250" oya="0" hai0="25,129,69,52,78,62,87,127,22,55,86,14,6" hai1="94,135,106,112,110,38,79,82,28,31,15,40,13" hai2="80,128,10,9,47,108,65,12,30,120,126,51,37" hai3="48,18,124,68,33,44,56,36,119,104,73,130,121"/><T43/><D129/><U96/><E110/><V88/><F120/><W20/><RYUUKYOKU type="yao9" ba="0,0" sc="250,0,250,0,250,0,250,0" hai3="18,20,33,36,44,48,56,68,73,104,119,121,124,130" /><INIT seed="0,1,0,4,2,68" ten="250,250,250,250" oya="0" hai0="104,15,58,54,94,17,61,88,135,85,111,119,128" hai1="63,78,42,76,105,16,24,35,49,84,28,74,81" hai2="14,117,121,20,86,89,37,23,52,45,73,40,77" hai3="118,79,93,102,115,109,19,69,91,11,130,4,60"/><T123/><D119/><U7/><E105/><V56/><F121/><W103/><G118/><T2/><D123/><U72/><E7/><V80/><F117/><W83/><G115/><T108/><D2/><U0/><E0/><V131/><F131/><W114/><G114/><T29/><D104/><U31/><E31/><V5/><F5/><W44/><G130/><T87/><D128/><U33/><E33/><V110/><F110/><N who="0" m="42026" /><D29/><U51/><E63/><V55/><F14/><W9/><G19/><T3/><D3/><U100/><E100/><V124/><F124/><W96/><G44/><T65/><D135/><U21/><E42/><V134/><F134/><W106/><G106/><T41/><D41/><U39/><E39/><V34/><F34/><W13/><G109/><T43/><D43/><U32/><E32/><V59/><F59/><W101/><G11/><N who="0" m="6399" /><D85/><U133/><E133/><V127/><F127/><W53/><G69/><T36/><D36/><U122/><E122/><V99/><F55/><AGARI ba="1,0" hai="54,55,58,61,65,87,88,94" m="6399,42026" machi="55" ten="30,5800,0" yaku="14,1,10,1,54,1" doraHai="68" who="0" fromWho="2" sc="250,61,250,0,250,-61,250,0" /><INIT seed="0,2,0,0,1,126" ten="311,250,189,250" oya="0" hai0="86,107,27,32,83,120,59,42,76,65,79,75,10" hai1="70,1,26,67,134,20,82,39,71,98,92,111,48" hai2="73,102,17,53,117,25,63,121,51,61,118,36,97" hai3="110,14,13,50,127,43,108,91,6,104,90,23,133"/><T34/><D120/><U125/><E39/><V31/><F121/><W21/><G104/><T114/><D114/><U123/><E123/><V113/><F36/><W74/><G74/><T100/><D42/><U122/><E122/><V87/><F73/><W68/><G68/><T30/><D32/><U35/><E125/><V99/><F17/><W115/><G115/><T131/><D131/><U49/><E1/><V66/><F87/><W28/><G127/><T15/><D100/><U45/><E111/><N who="3" m="42538" /><G133/><T54/><D107/><U95/><E35/><N who="2" m="20975" /><F99/><W119/><G119/><N who="2" m="45577" /><F66/><W128/><G128/><T37/><D65/><U0/><E134/><V72/><F72/><W2/><G2/><T62/><D37/><U77/><E0/><V7/><F7/><W56/><G6/><T64/><D64/><U9/><E9/><V41/><F41/><W55/><G43/><T135/><D135/><U101/><E67/><V89/><F89/><N who="3" m="33803" /><G28/><T52/><D54/><U16/><E92/><N who="2" m="58663" /><F113/><W24/><G24/><T106/><D106/><U93/><E93/><V103/><F103/><W44/><G44/><AGARI ba="2,0" hai="44,51,53,61,63" m="58663,45577,20975" machi="44" ten="30,1000,0" yaku="12,1" doraHai="126" who="2" fromWho="3" sc="311,0,250,0,189,16,250,-16" /><INIT seed="1,0,0,1,0,95" ten="311,250,205,234" oya="1" hai0="87,70,0,59,99,85,45,82,71,76,84,90,41" hai1="33,65,56,36,105,44,25,98,17,106,34,55,1" hai2="48,22,61,125,7,16,10,30,94,127,32,68,78" hai3="111,39,117,102,116,12,92,42,107,130,8,58,63"/><U131/><E1/><V60/><F78/><W43/><G130/><T4/><D59/><U112/><E112/><V13/><F48/><W91/><G111/><T6/><D70/><U83/><E131/><V20/><F68/><W11/><G107/><T72/><D71/><U37/><E65/><V18/><F94/><W24/><G102/><T104/><D0/><U129/><E129/><V69/><F69/><W86/><G24/><T38/><REACH who="0" step="1"/><D90/><REACH who="0" ten="301,250,205,234" step="2"/><U5/><E56/><V9/><F60/><W81/><G116/><T121/><D121/><U93/><E44/><V128/><F61/><W15/><G117/><T135/><D135/><U64/><E64/><V49/><F49/><W101/><G39/><T28/><D28/><U73/><E37/><V14/><F128/><W21/><G63/><T79/><D79/><U110/><E36/><V67/><F67/><W114/><G58/><T120/><D120/><U88/><E88/><V26/><F9/><W52/><G114/><T51/><D51/><U103/><E110/><V119/><F119/><W47/><G8/><T134/><D134/><U66/><E66/><V50/><F50/><N who="3" m="28767" /><G11/><T133/><D133/><U96/><E55/><V126/><F126/><W108/><G108/><T122/><D122/><U109/><E109/><V75/><F75/><W57/><G57/><T113/><D113/><U53/><E53/><V100/><F100/><AGARI ba="0,1" hai="4,6,38,41,45,72,76,82,84,85,87,99,100,104" machi="100" ten="40,2600,0" yaku="1,1,52,1,53,0" doraHai="95" doraHaiUra="29" who="0" fromWho="2" sc="301,36,250,0,205,-26,234,0" /><INIT seed="2,0,0,0,0,52" ten="337,250,179,234" oya="2" hai0="8,59,97,65,116,63,21,53,113,70,12,129,106" hai1="5,109,13,37,130,42,44,24,80,95,92,3,71" hai2="100,4,89,58,123,29,41,103,68,119,16,101,6" hai3="81,99,2,114,32,78,54,75,110,132,18,69,135"/><V120/><F68/><W36/><G110/><T93/><D113/><U84/><E109/><V39/><F119/><W23/><G114/><T25/><D106/><U56/><E71/><V46/><F29/><W133/><G32/><T43/><D43/><U118/><E118/><V76/><F76/><W108/><G108/><T134/><D116/><U73/><E130/><V98/><F58/><W79/><G69/><T64/><D134/><U51/><E3/><V85/><F98/><W0/><G79/><T107/><D107/><U40/><E73/><V94/><REACH who="2" step="1"/><F16/><REACH who="2" ten="337,250,169,234" step="2"/><W83/><G78/><T131/><D70/><U124/><E56/><V57/><F57/><W127/><G18/><N who="0" m="8455" /><D131/><U55/><E24/><V104/><F104/><W61/><G133/><T77/><D77/><U82/><E84/><V128/><F128/><W88/><G75/><T90/><D129/><U102/><E124/><V62/><F62/><W28/><G127/><T96/><D96/><U19/><E19/><AGARI ba="0,1" hai="19,21,25,53,59,63,64,65,90,93,97" m="8455" machi="19" ten="30,3900,0" yaku="25,1,8,1,52,1" doraHai="52" who="0" fromWho="1" sc="337,49,250,-39,169,0,234,0" /><INIT seed="3,0,0,1,5,27" ten="386,211,169,234" oya="3" hai0="12,119,51,131,102,0,112,70,84,128,87,19,120" hai1="35,126,103,108,123,64,3,121,57,23,86,99,26" hai2="115,41,32,95,78,100,61,125,90,42,98,1,135" hai3="11,109,83,53,74,33,111,67,5,79,20,39,96"/><W107/><G39/><T134/><D119/><U43/><E3/><V52/><F115/><W44/><G33/><T122/><D0/><U92/><E108/><N who="3" m="41546" /><G67/><T81/><D70/><U72/><E72/><V106/><F1/><W28/><G107/><T15/><D134/><U65/><E126/><V113/><F113/><W62/><G96/><T77/><D112/><U97/><E35/><V104/><F125/><W25/><G62/><T101/><D51/><U94/><E86/><V75/><F135/><W66/><G66/><T14/><D84/><U16/><E43/><V21/><F32/><W91/><G91/><T40/><D40/><U114/><E114/><V130/><F130/><N who="0" m="49706" /><D19/><U45/><E64/><V2/><F2/><N who="3" m="439" /><G53/><T7/><D7/><U29/><E123/><AGARI ba="0,0" hai="12,14,15,77,81,87,101,102,120,122,123" m="49706" machi="123" ten="40,1300,0" yaku="19,1" doraHai="27" who="0" fromWho="1" sc="386,13,211,-13,169,0,234,0" owari="399,50.0,198,-20.0,169,-33.0,234,3.0" /></mjloggm>