<mjloggm ver="2.3"><GO type="185" lobby="0"/><UN n0="%74%61%6B%61%2D%31%31%36" n1="%E5%A4%9A%E6%9E%97%E6%99%8B" n2="%E9%AC%BC" n3="" dan="16,16,17,0" rate="2159.47,2192.78,2266.39,1500.00" sx="M,M,F,C"/><TAIKYOKU oya="0"/><INIT seed="0,0,0,1,5,82" ten="350,350,350,0" oya="0" hai0="41,73,93,63,72,107,54,33,50,57,88,100,114" hai1="92,105,116,2,45,79,98,80,55,59,75,3,125" hai2="69,86,134,77,60,62,102,49,129,135,123,109,120" hai3=""/><T81/><D33/><U89/><E116/><V115/><N who="2" m="30752" /><V35/><N who="2" m="31520" /><V58/><F115/><T106/><D114/><U104/><E125/><V111/><F129/><T131/><D131/><U68/><E68/><V84/><F77/><T0/><D0/><U64/><E64/><V97/><F35/><T37/><D37/><U126/><E126/><V51/><F69/><T96/><D107/><U83/><E45/><V127/><F127/><T46/><REACH who="0" step="1"/><D81/><REACH who="0" ten="340,350,350,0" step="2"/><U38/><E38/><V122/><N who="2" m="31264" /><V87/><F134/><T40/><D40/><U52/><E83/><V118/><F135/><T56/><D56/><U128/><E128/><V48/><F118/><T70/><D70/><U34/><E34/><V85/><N who="2" m="21504" /><DORA hai="112" /><V65/><REACH who="2" step="1"/><F60/><REACH who="2" ten="340,350,340,0" step="2"/><T67/><D67/><U42/><E2/><V39/><F39/><T133/><D133/><U119/><E3/><V124/><F124/><T43/><D43/><U32/><E119/><V76/><F76/><T44/><D44/><U110/><E32/><V95/><AGARI ba="0,2" hai="48,49,51,58,62,65,95,97,102,109,111" m="21504,31264,31520,30752" machi="95" ten="50,18000,4" yaku="1,1,0,1,52,7,53,3" doraHai="82,112" doraHaiUra="47,132" who="2" fromWho="2" sc="340,-120,350,-60,340,200,0,0" /><INIT seed="1,0,0,5,5,128" ten="220,290,540,0" oya="1" hai0="123,71,66,32,108,113,47,41,65,76,68,99,119" hai1="42,100,90,55,101,75,77,125,52,135,40,57,53" hai2="64,74,60,83,33,51,92,81,58,122,34,89,91" hai3=""/><U116/><E116/><V46/><N who="2" m="31264" /><V131/><F131/><T39/><N who="0" m="31520" /><T112/><D32/><U1/><E1/><V107/><F107/><T124/><D99/><U130/><E130/><V78/><F83/><T49/><D76/><U132/><E125/><V94/><F94/><T103/><D103/><N who="1" m="39499" /><E57/><V72/><F91/><T80/><D80/><U79/><E90/><V73/><F34/><T98/><D98/><U44/><E44/><V48/><F33/><T36/><D124/><U85/><E85/><V95/><F95/><T37/><D119/><U63/><E63/><V35/><F35/><T127/><D127/><U104/><E104/><V70/><F58/><T82/><D82/><U111/><E111/><V67/><F46/><T86/><D86/><U0/><E0/><V126/><F126/><T3/><D108/><U84/><E84/><V121/><F89/><T54/><D3/><U50/><E50/><V87/><F92/><T69/><D112/><U115/><E115/><V110/><F110/><T88/><D88/><U114/><E114/><V109/><F109/><T118/><D113/><U62/><E62/><V56/><N who="2" m="31008" /><V38/><F60/><T97/><D118/><U96/><E96/><V133/><F87/><RYUUKYOKU ba="0,0" sc="220,0,290,0,540,0,0,0" /><INIT seed="2,1,0,2,1,100" ten="220,290,540,0" oya="2" hai0="67,117,104,75,42,73,53,83,71,90,93,123,66" hai1="63,85,65,78,45,135,49,43,86,109,95,119,60" hai2="55,127,46,97,37,39,76,106,82,130,0,33,32" hai3=""/><V132/><F0/><T1/><N who="0" m="31520" /><T99/><D1/><U40/><E109/><V52/><F130/><T134/><D117/><U112/><E112/><V80/><F127/><T36/><D134/><U98/><E119/><V92/><F132/><T64/><D71/><U114/><E114/><V122/><N who="2" m="31264" /><V48/><F106/><T3/><D3/><U51/><E135/><V54/><F48/><T113/><D113/><U44/><E78/><V116/><F116/><T50/><D42/><U77/><E77/><V84/><F80/><T34/><D34/><U70/><REACH who="1" step="1"/><E63/><REACH who="1" ten="220,280,540,0" step="2"/><V41/><REACH who="2" step="1"/><F37/><REACH who="2" ten="220,280,530,0" step="2"/><T35/><D36/><U79/><E79/><V115/><F115/><T111/><D35/><U74/><E74/><V126/><F126/><T103/><D75/><U81/><E81/><V96/><F96/><T62/><D83/><U91/><AGARI ba="1,2" hai="40,43,44,45,49,51,60,65,70,85,86,91,95,98" machi="91" ten="20,3900,0" yaku="1,1,0,1,7,1,9,1,53,0" doraHai="100" doraHaiUra="110" who="1" fromWho="1" sc="220,-14,280,61,530,-27,0,0" /><INIT seed="4,0,0,4,1,50" ten="206,341,503,0" oya="0" hai0="91,99,43,101,32,111,106,115,114,35,113,121,59" hai1="33,47,127,51,3,78,55,61,70,34,87,112,45" hai2="66,109,39,104,76,107,89,67,126,96,52,95,63" hai3=""/><T77/><N who="0" m="31008" /><T100/><D111/><U105/><E3/><V2/><F2/><T64/><D77/><U133/><E105/><V92/><F39/><T123/><N who="0" m="31520" /><T103/><D43/><U41/><E127/><V82/><F126/><T108/><D108/><U60/><E133/><V80/><F80/><T120/><N who="0" m="30752" /><T132/><D132/><U122/><N who="1" m="31264" /><U57/><E112/><V79/><F79/><T129/><D129/><U84/><E45/><V128/><F128/><T40/><D40/><U73/><E73/><V71/><F67/><T98/><D91/><U62/><E78/><V110/><F110/><T1/><D1/><U72/><E72/><V53/><F109/><T48/><D48/><U86/><REACH who="1" step="1"/><E70/><REACH who="1" ten="206,331,503,0" step="2"/><V85/><F107/><T56/><D56/><U74/><E74/><V125/><F104/><T131/><D131/><U46/><E46/><V97/><F125/><T37/><D37/><AGARI ba="0,1" hai="33,34,37,41,47,51,55,57,60,61,62,84,86,87" m="31264" machi="37" ten="40,8000,1" yaku="1,1,52,2,53,1" doraHai="50" doraHaiUra="119" who="1" fromWho="0" sc="206,-80,331,90,503,0,0,0" /><INIT seed="5,0,0,1,1,66" ten="126,421,503,0" oya="1" hai0="94,95,76,68,96,34,36,83,112,39,61,87,121" hai1="54,86,113,1,71,42,89,122,101,98,106,47,107" hai2="69,3,104,109,2,123,63,67,59,37,82,134,100" hai3=""/><U116/><N who="1" m="31264" /><U73/><E1/><V126/><N who="2" m="31520" /><V92/><F109/><T90/><N who="0" m="31008" /><T80/><D34/><U32/><E32/><V41/><F104/><T72/><D112/><U84/><E73/><V133/><F126/><T44/><D44/><U81/><E116/><V64/><F82/><T102/><D39/><U75/><E75/><V51/><F67/><T49/><D36/><U125/><E125/><V117/><F117/><T93/><D49/><U119/><E119/><V118/><F118/><T60/><D60/><U46/><E113/><V45/><F100/><T105/><D61/><U114/><E114/><V70/><F92/><N who="0" m="35434" /><D68/><N who="2" m="26218" /><F37/><T40/><D40/><U43/><E107/><AGARI ba="0,0" hai="72,76,80,83,87,90,95,96,102,105,107" m="35434,31008" machi="107" ten="30,12000,2" yaku="35,5,52,1" doraHai="66" who="0" fromWho="1" sc="126,120,421,-120,503,0,0,0" /><INIT seed="6,0,0,5,2,109" ten="246,301,503,0" oya="2" hai0="49,64,127,97,65,108,78,88,113,51,40,43,57" hai1="71,114,33,110,61,60,85,63,117,38,48,34,135" hai2="82,75,74,66,46,55,103,3,47,101,54,52,111" hai3=""/><V68/><F3/><T125/><D108/><U104/><E38/><V72/><F82/><T118/><D118/><U59/><E110/><V121/><N who="2" m="31008" /><V37/><F37/><T32/><D32/><U79/><E117/><V89/><F89/><T130/><D78/><U70/><E104/><V62/><F111/><T36/><D130/><U50/><E135/><V56/><F56/><T133/><D133/><U87/><E114/><V126/><F126/><N who="0" m="48138" /><D36/><U98/><E98/><V132/><F132/><T0/><D0/><U100/><E100/><V122/><N who="2" m="31264" /><V128/><F128/><T42/><D97/><U53/><E79/><V112/><F112/><T45/><D88/><U39/><E39/><V73/><F73/><T134/><D134/><U41/><E33/><V2/><F2/><T129/><D129/><U119/><E119/><V1/><F1/><T123/><N who="0" m="31520" /><T92/><D92/><U77/><E77/><V99/><F103/><T93/><D93/><U80/><E80/><V105/><AGARI ba="0,0" hai="46,47,52,54,55,62,66,68,72,74,75,99,101,105" m="31264,31008" machi="105" ten="40,8000,1" yaku="0,1,52,2,54,1" doraHai="109" who="2" fromWho="2" sc="246,-40,301,-40,503,80,0,0" owari="206,-39.0,261,-14.0,583,53.0,0,0.0" /></mjloggm>