<mjloggm ver="2.3"><GO type="169" lobby="0"/><UN n0="%E4%BC%8A%E8%97%A4%E4%B8%87%E7%90%86%E8%8F%AF" n1="%E5%A4%A7%E5%92%8C%E7%94%B0%E9%A0%AD%E5%8F%96" n2="%53%2E%44%61%6E%63%65%72" n3="%74%65%6E%67%75%6D%61%6E" dan="16,18,18,16" rate="2150.99,2233.48,2281.32,2142.04" sx="F,M,M,M"/><TAIKYOKU oya="0"/><INIT seed="0,0,0,0,1,99" ten="250,250,250,250" oya="0" hai0="18,11,47,133,115,97,135,101,98,25,112,134,20" hai1="2,124,7,130,108,129,51,94,128,16,41,102,12" hai2="39,127,67,74,120,53,126,65,57,103,90,111,48" hai3="40,9,24,106,23,30,28,119,109,77,114,56,78"/><T121/><D121/><U88/><E108/><V8/><F74/><W44/><G114/><T83/><D83/><U81/><E124/><N who="2" m="47659" /><F120/><W71/><G109/><T125/><D125/><U3/><E7/><V107/><F111/><W38/><G71/><T27/><D11/><N who="1" m="6175" /><E41/><V14/><F39/><W60/><G30/><T36/><D97/><N who="1" m="59703" /><E51/><V45/><F90/><W86/><G106/><T37/><D37/><U4/><E4/><N who="2" m="3335" /><F45/><W50/><G119/><T26/><D47/><U73/><E73/><V13/><F13/><W1/><G86/><AGARI ba="0,0" hai="2,3,81,86,88,128,129,130" m="59703,6175" machi="86" ten="30,7700,0" yaku="19,1,52,1,54,2" doraHai="99" who="1" fromWho="3" sc="250,0,250,77,250,0,250,-77" /><INIT seed="1,0,0,5,0,132" ten="250,327,250,173" oya="1" hai0="43,80,119,113,88,4,44,40,57,49,100,118,126" hai1="78,92,11,135,3,68,16,33,74,46,96,64,54" hai2="106,103,82,67,129,127,128,10,121,53,75,109,85" hai3="102,116,42,77,125,110,50,108,65,47,97,120,83"/><U70/><E33/><V37/><F37/><W23/><G120/><T72/><D113/><U21/><E135/><V8/><F67/><W133/><G65/><T18/><D100/><U58/><E46/><V0/><F121/><W117/><G133/><T6/><D43/><U59/><E78/><V66/><F66/><W2/><G23/><T5/><D72/><U111/><E74/><V20/><F75/><N who="3" m="43455" /><G2/><T71/><D71/><U93/><E93/><V62/><F20/><W14/><G14/><T69/><D69/><U25/><E111/><N who="3" m="42538" /><G125/><T55/><D18/><U19/><E59/><V73/><F127/><W15/><G15/><T63/><REACH who="0" step="1"/><D126/><REACH who="0" ten="240,327,250,173" step="2"/><U89/><E19/><V130/><F109/><W12/><G12/><T27/><D27/><U7/><REACH who="1" step="1"/><E64/><REACH who="1" ten="240,317,250,173" step="2"/><V99/><F73/><W134/><G134/><T56/><D56/><U17/><E17/><V38/><F129/><W101/><G101/><T9/><D9/><U123/><E123/><V26/><F130/><W86/><G102/><T45/><D45/><U107/><E107/><V81/><F128/><W32/><G47/><T60/><D60/><AGARI ba="0,2" hai="3,7,11,16,21,25,54,58,60,68,70,89,92,96" machi="60" ten="30,18000,2" yaku="1,1,7,1,25,2,54,1,53,1" doraHai="132" doraHaiUra="94" who="1" fromWho="0" sc="240,-180,317,200,250,0,173,0" /><INIT seed="1,1,0,1,2,71" ten="60,517,250,173" oya="1" hai0="108,124,37,122,24,128,85,33,89,59,9,6,63" hai1="88,67,72,121,87,77,116,2,65,28,5,68,22" hai2="3,76,56,91,95,35,96,66,60,93,43,44,123" hai3="11,94,70,64,54,23,119,16,109,135,99,113,39"/><U127/><E116/><V80/><F123/><W55/><G113/><T90/><D122/><U132/><E121/><V7/><F35/><W51/><G109/><T10/><D108/><U15/><E127/><V107/><F3/><W103/><G135/><T13/><D124/><U125/><E125/><V133/><F133/><W102/><G11/><T131/><D10/><U20/><E132/><V69/><F7/><W58/><G119/><T97/><D97/><U79/><E2/><V12/><F12/><W21/><G21/><T0/><D0/><U17/><E5/><V126/><F95/><W52/><G103/><T30/><D37/><U75/><E75/><V38/><F107/><W31/><G39/><T104/><D104/><U50/><E50/><V18/><F18/><W8/><G31/><T118/><D118/><U29/><E72/><V100/><F126/><W120/><G8/><T101/><D101/><U114/><E114/><V61/><F100/><W129/><G129/><N who="0" m="49739" /><D85/><U40/><E40/><V74/><REACH who="2" step="1"/><F61/><REACH who="2" ten="60,517,240,173" step="2"/><W111/><G120/><T27/><D24/><U25/><E29/><V115/><F115/><W92/><G92/><T112/><D112/><U19/><E28/><V48/><F48/><W45/><G111/><T98/><D98/><U34/><E34/><V134/><F134/><W57/><G51/><T105/><D105/><U78/><E25/><V36/><F36/><W81/><G45/><T62/><D63/><U1/><E1/><V47/><F47/><W86/><G99/><T46/><D46/><U41/><E15/><V83/><F83/><W4/><G81/><RYUUKYOKU ba="1,1" sc="60,15,517,-15,240,15,173,-15" hai0="6,9,13,27,30,33,59,62,89,90" hai2="38,43,44,56,60,66,69,74,76,80,91,93,96" /><INIT seed="2,2,1,5,4,13" ten="75,502,255,158" oya="2" hai0="78,121,12,57,39,35,0,80,32,58,9,54,102" hai1="64,106,79,15,96,127,6,42,91,108,110,14,87" hai2="55,30,10,75,46,52,20,93,66,4,65,62,124" hai3="76,29,72,133,118,125,40,97,53,7,134,45,105"/><V8/><F124/><W94/><G105/><T2/><D121/><U98/><E127/><V68/><F75/><W123/><G123/><T11/><D39/><U23/><E79/><V92/><F66/><W27/><G53/><T128/><D102/><U63/><E42/><V77/><F77/><W1/><G118/><T18/><D128/><U120/><E120/><V24/><F10/><W41/><G125/><T88/><D58/><U73/><E73/><V34/><F34/><W119/><G119/><T90/><D35/><U71/><E6/><V44/><F44/><W61/><G61/><T82/><D32/><U16/><E14/><V17/><F30/><W129/><G129/><T49/><D82/><N who="1" m="49655" /><E106/><V86/><F86/><W3/><G7/><T130/><D130/><U38/><E38/><V26/><F26/><W67/><G41/><T31/><D31/><U100/><E100/><V48/><REACH who="2" step="1"/><F55/><REACH who="2" ten="75,502,245,158" step="2"/><W47/><G76/><T113/><D11/><U115/><E115/><V116/><F116/><W84/><G72/><T56/><D113/><U5/><E64/><V21/><F21/><W122/><G67/><T89/><REACH who="0" step="1"/><D57/><REACH who="0" ten="65,502,245,158" step="2"/><U104/><E23/><V99/><F99/><W19/><G97/><T114/><D114/><U103/><E98/><V50/><F50/><W95/><G122/><T70/><D70/><U109/><E71/><V83/><F83/><W126/><G29/><T43/><D43/><U37/><E37/><V33/><F33/><W25/><G40/><T28/><D28/><U111/><E111/><V135/><F135/><N who="3" m="51723" /><G126/><T131/><D131/><U60/><E109/><RYUUKYOKU ba="2,3" sc="65,15,502,-15,245,15,158,-15" hai0="0,2,9,12,18,49,54,56,78,80,88,89,90" hai2="4,8,17,20,24,46,48,52,62,65,68,92,93" /><INIT seed="2,3,3,2,3,131" ten="80,487,260,143" oya="2" hai0="53,122,66,104,67,73,10,91,12,47,29,78,35" hai1="45,33,93,106,56,110,64,89,123,5,7,19,70" hai2="82,32,98,97,90,99,105,40,23,69,100,11,117" hai3="127,120,42,103,14,130,30,34,61,113,26,51,9"/><V109/><F32/><W6/><G130/><T115/><D115/><U86/><E70/><V135/><F69/><W21/><G103/><T3/><D122/><U8/><E110/><V27/><F117/><W43/><G120/><T126/><D3/><U60/><E106/><V22/><F109/><W80/><G61/><T4/><D104/><U37/><E33/><V95/><F40/><W58/><G113/><T132/><D73/><U49/><E37/><V81/><F135/><W129/><G129/><T50/><D78/><U72/><E72/><V133/><F133/><W87/><G127/><T13/><D132/><U76/><E76/><V79/><F11/><W77/><G34/><T121/><D121/><U1/><E123/><V16/><F79/><W62/><REACH who="3" step="1"/><G51/><REACH who="3" ten="80,487,260,133" step="2"/><T24/><D126/><U59/><E49/><V124/><F124/><W63/><G63/><T108/><D108/><U48/><E48/><V17/><REACH who="2" step="1"/><F99/><REACH who="2" ten="80,487,250,133" step="2"/><W102/><G102/><T57/><D35/><U116/><E116/><V112/><F112/><W55/><AGARI ba="3,5" hai="6,9,14,21,26,30,42,43,55,58,62,77,80,87" machi="55" ten="20,5200,0" yaku="1,1,0,1,7,1,8,1,53,0" doraHai="131" doraHaiUra="65" who="3" fromWho="3" sc="80,-16,487,-16,250,-29,133,111" /><INIT seed="3,0,0,0,4,87" ten="64,471,221,244" oya="3" hai0="36,32,10,84,132,123,79,125,51,67,102,134,14" hai1="121,53,119,47,81,103,93,83,28,104,112,35,23" hai2="106,85,17,76,135,41,111,74,82,131,27,20,95" hai3="7,105,100,63,109,92,49,25,62,33,8,26,72"/><W46/><G105/><T96/><D36/><U65/><E35/><V126/><F111/><W78/><G72/><T59/><D32/><U54/><E104/><V44/><F126/><W60/><G78/><T66/><D123/><U50/><E121/><V15/><F135/><W115/><G33/><T29/><D29/><U56/><E112/><V88/><F106/><W64/><G64/><T91/><D79/><U113/><E119/><V122/><F122/><W89/><G100/><T114/><D125/><U55/><E65/><V129/><REACH who="2" step="1"/><F27/><REACH who="2" ten="64,471,211,244" step="2"/><W116/><G109/><T52/><D132/><U40/><E113/><V31/><F31/><W11/><G115/><T9/><D134/><U4/><E28/><V42/><F42/><W0/><G116/><T5/><D114/><U2/><E40/><V128/><F128/><W71/><G71/><T130/><D130/><U34/><E34/><V61/><F61/><W18/><G26/><T98/><D10/><U80/><E23/><V70/><F70/><W57/><G11/><T73/><D73/><U117/><E117/><V16/><F16/><W12/><G25/><T118/><D118/><U77/><E4/><V37/><AGARI ba="0,1" hai="15,17,20,37,41,44,74,76,82,85,88,95,129,131" machi="37" ten="30,7900,0" yaku="1,1,0,1,52,1,54,1,53,0" doraHai="87" doraHaiUra="22" who="2" fromWho="2" sc="64,-20,471,-20,211,89,244,-39" /><INIT seed="4,0,0,4,0,105" ten="44,451,300,205" oya="0" hai0="55,117,21,5,32,59,14,80,114,77,49,75,120" hai1="25,71,43,28,26,100,66,33,123,118,6,36,106" hai2="18,103,111,16,101,85,45,37,130,109,15,22,47" hai3="88,112,27,8,65,1,81,83,9,79,131,44,134"/><T23/><D117/><U122/><E118/><V13/><F130/><W67/><G112/><T17/><D120/><U41/><E6/><V98/><F85/><W92/><G83/><T135/><D114/><U20/><E43/><V82/><F82/><W29/><G44/><T19/><D135/><U58/><E58/><V115/><F115/><W72/><G131/><T11/><D32/><U125/><E125/><V116/><F116/><W50/><G50/><T76/><D76/><U57/><E57/><V10/><F103/><W113/><G134/><T31/><D31/><U39/><E41/><V56/><F56/><W99/><G113/><T132/><D132/><U126/><E126/><V78/><F78/><W97/><G97/><T119/><D119/><U52/><E52/><V35/><F35/><W124/><G124/><T121/><D121/><U34/><E34/><V133/><F133/><W95/><G95/><T73/><D23/><U104/><E123/><V84/><F84/><W38/><G38/><T4/><REACH who="0" step="1"/><D75/><REACH who="0" ten="34,451,300,205" step="2"/><U90/><E20/><V2/><F22/><N who="3" m="15607" /><G72/><T7/><D7/><U68/><E33/><V0/><F18/><W3/><G3/><T69/><D69/><U102/><E122/><V108/><F16/><W46/><G1/><T74/><D74/><U91/><E28/><V70/><F70/><W54/><G8/><T40/><D40/><U62/><E68/><V94/><F0/><W110/><G9/><T96/><D96/><U48/><E71/><V60/><F10/><W93/><G99/><T30/><D30/><U89/><E39/><V107/><F37/><RYUUKYOKU ba="0,1" sc="34,30,451,-10,300,-10,205,-10" hai0="4,5,11,14,17,19,21,49,55,59,73,77,80" /><INIT seed="4,1,1,0,3,75" ten="64,441,290,195" oya="0" hai0="132,32,133,1,7,117,81,50,45,13,90,42,67" hai1="70,34,120,64,102,86,93,114,105,110,103,55,12" hai2="66,95,104,28,127,4,92,37,10,57,71,15,54" hai3="87,27,14,78,135,97,22,72,60,41,20,62,39"/><T130/><D117/><U85/><E110/><V61/><F127/><W40/><G72/><T125/><D32/><U21/><E34/><V51/><F104/><W58/><G135/><N who="0" m="51787" /><D125/><U35/><E35/><V131/><F131/><W79/><G39/><T111/><D130/><U2/><E2/><V53/><F28/><N who="3" m="17511" /><G87/><N who="0" m="50543" /><D111/><U46/><E114/><V56/><F37/><W8/><G97/><T119/><D119/><U52/><E105/><V94/><F94/><W6/><G22/><T76/><D67/><U129/><E64/><V96/><F96/><W80/><G80/><T3/><D76/><N who="3" m="29225" /><G62/><AGARI ba="1,1" hai="4,10,15,51,53,54,56,57,61,62,66,71,92,95" machi="62" ten="30,1000,0" yaku="7,1" doraHai="75" who="2" fromWho="3" sc="64,0,441,0,290,23,195,-13" /><INIT seed="5,0,0,3,5,134" ten="64,441,313,182" oya="1" hai0="40,24,12,81,91,120,13,37,63,49,26,47,52" hai1="29,33,105,25,56,73,41,35,80,20,97,45,34" hai2="74,87,96,42,131,89,132,119,123,9,116,83,86" hai3="16,94,114,11,76,133,69,67,130,2,43,85,10"/><U15/><E56/><V106/><F9/><W115/><G2/><T32/><D120/><U82/><E15/><V28/><F28/><W46/><G67/><T57/><D32/><U103/><REACH who="1" step="1"/><E73/><REACH who="1" ten="64,431,313,182" step="2"/><V48/><F74/><W31/><G69/><T129/><D129/><U104/><E104/><V36/><F106/><W109/><G130/><T6/><D12/><U59/><E59/><V19/><F131/><W54/><G115/><T65/><D13/><U30/><E30/><V99/><F119/><W77/><G31/><T124/><D6/><U90/><E90/><V22/><F116/><W121/><G114/><T126/><D91/><U75/><E75/><V118/><F89/><W27/><G121/><T18/><D81/><U8/><E8/><V70/><F83/><W4/><G11/><T110/><D110/><U3/><E3/><V100/><F118/><W102/><G4/><T88/><D88/><U125/><E125/><N who="0" m="48233" /><D18/><U98/><E98/><V111/><F99/><W128/><G16/><T58/><AGARI ba="0,1" hai="24,26,37,40,47,49,52,57,58,63,65" m="48233" machi="58" ten="30,8000,1" yaku="18,1,52,3,54,1" doraHai="134" who="0" fromWho="0" sc="64,90,431,-40,313,-20,182,-20" /><INIT seed="6,0,0,0,1,24" ten="154,391,293,162" oya="2" hai0="63,67,118,60,113,18,47,75,85,28,40,4,29" hai1="2,37,20,99,52,12,38,83,26,57,102,32,132" hai2="69,125,46,34,79,8,51,58,43,56,104,15,120" hai3="89,123,9,14,1,33,130,77,126,31,13,59,44"/><V61/><F120/><W111/><G77/><T10/><D75/><U84/><E2/><V101/><F125/><W114/><G123/><T78/><D113/><U127/><E32/><V19/><F69/><W45/><G111/><T39/><D118/><U115/><E12/><V62/><F34/><W90/><G1/><T76/><D18/><U48/><E132/><V55/><F79/><W131/><G14/><T22/><D76/><U112/><E127/><V21/><F104/><W121/><G121/><T7/><D63/><U27/><E84/><V95/><F101/><W128/><G59/><T68/><D22/><U81/><E81/><V16/><F95/><W135/><G135/><T93/><D10/><U107/><E83/><V96/><F96/><W82/><G114/><N who="1" m="43562" /><E27/><V25/><REACH who="2" step="1"/><F58/><REACH who="2" ten="154,391,283,162" step="2"/><W100/><G126/><T64/><D78/><U3/><E3/><V0/><F0/><W17/><G100/><T87/><D93/><U110/><E110/><V116/><F116/><W80/><G80/><T124/><D124/><U72/><E72/><V71/><F71/><W108/><G108/><T117/><D117/><U105/><E105/><V133/><F133/><W23/><G33/><T134/><D134/><U36/><E36/><AGARI ba="0,1" hai="8,15,16,19,21,25,36,43,46,51,55,56,61,62" machi="36" ten="30,11600,0" yaku="1,1,7,1,54,1,53,1" doraHai="24" doraHaiUra="5" who="2" fromWho="1" sc="154,0,391,-116,283,126,162,0" /><INIT seed="6,1,0,0,2,92" ten="154,275,409,162" oya="2" hai0="119,56,105,106,45,6,125,14,52,22,8,19,72" hai1="77,62,109,51,68,5,57,9,112,132,123,120,25" hai2="104,43,17,18,61,133,12,90,89,102,114,80,107" hai3="113,85,83,4,84,108,48,37,31,41,42,35,60"/><V53/><F114/><W128/><G37/><T127/><D72/><U70/><E109/><V24/><F133/><W124/><G108/><T2/><D45/><U30/><E77/><V1/><F1/><W116/><G116/><T69/><D69/><U81/><E81/><V39/><F43/><W76/><G124/><N who="0" m="47691" /><D119/><U58/><E51/><AGARI ba="1,0" hai="2,6,8,14,19,22,51,52,56,105,106" m="47691" machi="51" ten="30,2000,0" yaku="18,1,54,1" doraHai="92" who="0" fromWho="1" sc="154,23,275,-23,409,0,162,0" /><INIT seed="7,0,0,0,2,118" ten="177,252,409,162" oya="3" hai0="52,43,68,81,48,58,91,47,59,115,14,129,53" hai1="88,107,66,44,105,86,0,24,34,36,101,63,70" hai2="27,122,77,49,15,75,111,119,114,99,7,18,40" hai3="80,104,17,45,121,108,22,11,113,98,131,76,127"/><W42/><G113/><T62/><D115/><U95/><E0/><V1/><F111/><W110/><G127/><T112/><D112/><U57/><E101/><V13/><F49/><W97/><G131/><T33/><D33/><U72/><E72/><V50/><F50/><N who="3" m="26935" /><G11/><T54/><D129/><U134/><E134/><V67/><F40/><W3/><G3/><T41/><D14/><U9/><E9/><V19/><F7/><W126/><G104/><T90/><D68/><U102/><E70/><V92/><F75/><N who="3" m="43039" /><G126/><T135/><D135/><U64/><E107/><V124/><F124/><W120/><G98/><T109/><D109/><N who="3" m="42089" /><G97/><T28/><D41/><U133/><E105/><V31/><F99/><W132/><G132/><T79/><D28/><U10/><E10/><V2/><F1/><W30/><G30/><T51/><D54/><U56/><E133/><V23/><F31/><W130/><G130/><T74/><AGARI ba="0,0" hai="43,47,48,51,52,53,58,59,62,74,79,81,90,91" machi="74" ten="20,2700,0" yaku="0,1,7,1,54,1" doraHai="118" who="0" fromWho="0" sc="177,27,252,-7,409,-7,162,-13" owari="204,-20.0,245,5.0,402,50.0,149,-35.0" /></mjloggm>