<mjloggm ver="2.3"><GO type="169" lobby="0"/><UN n0="%E3%81%B5%E3%81%96%E3%81%91%E3%82%8B%E3%83%9F%EF%BC%81" n1="%E3%81%8A%E3%81%8A%E3%81%8F%E3%81%95" n2="%E7%A5%9E%E9%A2%A8%E3%81%A6%E3%81%83%E3%81%A3%E3%81%97%E3%82%85" n3="%E3%82%B7%E3%83%A9%E3%80%82" dan="17,17,16,17" rate="2103.37,2209.77,2134.35,2171.62" sx="M,M,M,M"/><TAIKYOKU oya="0"/><INIT seed="0,0,0,4,0,92" ten="250,250,250,250" oya="0" hai0="35,12,128,87,54,33,82,125,28,113,76,43,15" hai1="34,91,21,116,1,85,101,66,127,26,121,46,5" hai2="22,47,73,97,68,14,59,58,60,123,64,32,115" hai3="8,30,102,104,2,107,62,80,81,72,132,51,130"/><T94/><D113/><U6/><E121/><V93/><F32/><W61/><G132/><T23/><D128/><U133/><E116/><V63/><F115/><W110/><G130/><T7/><D125/><U29/><E133/><V53/><F123/><W44/><G110/><T79/><D79/><U19/><E127/><V3/><F3/><W117/><G117/><T96/><D43/><U11/><E5/><V49/><F73/><W74/><G30/><T114/><D114/><U131/><E131/><V95/><F95/><W108/><G108/><T13/><D7/><U134/><E134/><V118/><F118/><W31/><G31/><T50/><D23/><U111/><E111/><V37/><F37/><W16/><G51/><T126/><D28/><U112/><E112/><V69/><F69/><W24/><G44/><T52/><D54/><U71/><E101/><V4/><F63/><W70/><G24/><T0/><D0/><U103/><E103/><V9/><REACH who="2" step="1"/><F22/><REACH who="2" ten="250,250,240,250" step="2"/><W27/><G2/><T135/><D135/><U88/><E21/><V45/><F45/><W40/><G74/><T129/><D129/><U84/><E46/><V41/><F41/><W90/><G40/><T109/><D109/><U124/><E71/><V18/><F18/><W89/><G16/><T48/><D126/><U120/><E124/><V119/><F119/><W75/><G70/><T57/><REACH who="0" step="1"/><D48/><REACH who="0" ten="240,250,240,250" step="2"/><U105/><E1/><V20/><F20/><W17/><G17/><T10/><D10/><U78/><E11/><V86/><F86/><W99/><G72/><T67/><D67/><U98/><E66/><RYUUKYOKU ba="0,2" sc="240,15,250,-15,240,15,250,-15" hai0="12,13,15,33,35,50,52,57,76,82,87,94,96" hai2="4,9,14,47,49,53,58,59,60,64,68,93,97" /><INIT seed="0,1,2,0,0,90" ten="255,235,255,235" oya="0" hai0="50,119,40,83,96,57,61,127,51,60,91,85,53" hai1="37,14,112,41,97,82,132,45,92,20,110,106,125" hai2="74,49,28,135,70,10,130,24,13,35,93,59,100" hai3="129,134,3,0,69,109,120,1,11,76,77,62,73"/><T72/><D127/><U8/><E110/><V107/><F70/><W25/><G109/><T86/><D119/><U111/><E111/><V2/><F130/><W4/><G129/><T55/><D72/><U43/><E125/><V9/><F74/><W89/><G134/><T81/><D96/><U67/><E132/><V115/><F115/><W105/><G120/><T17/><D17/><U75/><E112/><V71/><F71/><W121/><G121/><T79/><D40/><U44/><E67/><V131/><F131/><W39/><G89/><T124/><D124/><U88/><E20/><V48/><F107/><W30/><G77/><T34/><D34/><U38/><E106/><V18/><F59/><AGARI ba="1,2" hai="50,51,53,55,57,59,60,61,79,81,83,85,86,91" machi="59" ten="30,5800,0" yaku="7,1,9,1,8,1" doraHai="90" who="0" fromWho="2" sc="255,81,235,0,255,-61,235,0" /><INIT seed="0,2,0,0,5,83" ten="336,235,194,235" oya="0" hai0="67,42,35,4,89,21,9,6,72,0,14,7,79" hai1="123,26,134,36,1,60,98,119,13,100,11,117,73" hai2="54,109,40,74,87,39,103,24,78,30,118,82,133" hai3="108,90,92,12,122,102,23,53,56,28,17,120,125"/><T127/><D127/><U65/><E123/><V70/><F109/><W32/><G108/><T86/><D35/><U51/><E36/><V34/><F133/><W45/><G125/><T68/><D68/><U44/><E73/><V115/><F115/><W41/><G102/><T113/><D113/><U50/><E26/><V59/><F70/><W128/><G128/><T107/><D107/><U47/><E1/><V22/><F118/><W43/><G28/><T88/><D67/><U105/><E134/><V37/><F40/><W63/><G32/><T57/><D57/><U110/><E110/><V19/><F103/><W124/><G124/><T75/><D89/><U46/><E117/><V58/><F58/><W15/><G15/><T81/><D72/><U33/><E33/><V48/><REACH who="2" step="1"/><F74/><REACH who="2" ten="336,235,184,235" step="2"/><W61/><G43/><T66/><D42/><U112/><E112/><V85/><F85/><W52/><G122/><T84/><D75/><U93/><E119/><V132/><F132/><W97/><G120/><T95/><REACH who="0" step="1"/><D66/><REACH who="0" ten="326,235,184,235" step="2"/><U76/><E65/><V130/><F130/><W55/><REACH who="3" step="1"/><G56/><REACH who="3" ten="326,235,184,225" step="2"/><T91/><D91/><U20/><E100/><V131/><F131/><W126/><G126/><T3/><D3/><U29/><E76/><V114/><F114/><W31/><G31/><T62/><D62/><U49/><E60/><V104/><F104/><W121/><G121/><T111/><D111/><U96/><E105/><V99/><F99/><W27/><G27/><AGARI ba="2,3" hai="19,22,24,27,30,34,37,39,48,54,59,78,82,87" machi="27" ten="30,7700,0" yaku="1,1,7,1,52,1,53,1" doraHai="83" doraHaiUra="77" who="2" fromWho="3" sc="326,0,235,0,184,113,225,-83" /><INIT seed="1,0,0,2,1,23" ten="326,235,297,142" oya="1" hai0="82,45,99,14,6,12,79,49,9,119,94,63,72" hai1="1,109,84,46,96,129,57,54,95,111,53,7,83" hai2="117,8,24,104,113,128,38,66,32,31,105,13,92" hai3="67,69,93,124,133,97,87,71,100,107,122,125,106"/><U108/><E129/><V40/><F117/><W120/><G67/><T64/><D119/><U59/><E1/><V0/><F128/><W26/><G71/><T21/><D21/><U34/><E7/><V4/><F113/><W68/><G69/><T114/><D114/><U15/><E15/><V132/><F132/><W101/><G68/><T81/><D14/><U116/><E116/><V3/><F66/><W110/><G26/><T135/><D135/><U90/><E34/><V33/><F33/><W47/><G47/><T60/><D81/><U61/><E46/><V134/><F134/><W58/><G58/><T27/><D27/><U65/><REACH who="1" step="1"/><E59/><REACH who="1" ten="326,225,297,142" step="2"/><V62/><F3/><W37/><G133/><T91/><D12/><U123/><E123/><V70/><F0/><W88/><G122/><T127/><D6/><U55/><E55/><V76/><F70/><W78/><G120/><T118/><D118/><U80/><E80/><V89/><F40/><W5/><G5/><T10/><D64/><U85/><E85/><V73/><F4/><W102/><G87/><T103/><D82/><U130/><E130/><V35/><F13/><W50/><G107/><T20/><D45/><U74/><E74/><V16/><F35/><W75/><G106/><T25/><D72/><U56/><E56/><V98/><F104/><W42/><G42/><T48/><D9/><U22/><E22/><V11/><F105/><W126/><G75/><T30/><D10/><U28/><E28/><V86/><F73/><W131/><G131/><T43/><D43/><U29/><E29/><V77/><F31/><RYUUKYOKU ba="0,1" sc="326,-10,225,30,297,-10,142,-10" hai1="53,54,57,61,65,83,84,90,95,96,108,109,111" /><INIT seed="1,1,1,3,1,106" ten="316,255,287,132" oya="1" hai0="53,97,23,4,13,42,80,124,36,127,35,59,86" hai1="129,61,76,87,134,43,49,47,24,117,98,133,52" hai2="113,33,32,11,26,82,14,93,65,105,16,90,44" hai3="125,48,120,18,78,8,112,30,45,40,50,91,22"/><U101/><E117/><V15/><F105/><W20/><G120/><T64/><D35/><U29/><E129/><V128/><F128/><W66/><G112/><T81/><D64/><U79/><E87/><V99/><F113/><W34/><G125/><N who="0" m="48203" /><D97/><U9/><E9/><V104/><F104/><W123/><G123/><T3/><D3/><U111/><E111/><V17/><F65/><W54/><G34/><T62/><D86/><U41/><E61/><V1/><F1/><W70/><G78/><N who="1" m="29738" /><E101/><V73/><F73/><W119/><G8/><N who="0" m="4231" /><D23/><N who="1" m="15519" /><E98/><V69/><F82/><W130/><G66/><T60/><D62/><U96/><E96/><V116/><F69/><W83/><G83/><T67/><D67/><U118/><E118/><V51/><F26/><W39/><G70/><T85/><D85/><U100/><E100/><V10/><REACH who="2" step="1"/><F116/><REACH who="2" ten="316,255,277,132" step="2"/><W28/><G119/><T131/><D131/><U56/><E134/><V5/><F5/><W115/><G130/><T46/><AGARI ba="1,2" hai="36,42,46,53,59,60,80,81" m="4231,48203" machi="46" ten="30,1100,0" yaku="18,1" doraHai="106" who="0" fromWho="0" sc="316,34,255,-6,277,-4,132,-4" /><INIT seed="2,0,0,4,5,21" ten="350,249,273,128" oya="2" hai0="127,57,13,131,59,73,32,22,125,78,35,47,5" hai1="122,36,135,109,48,89,77,86,37,134,17,112,93" hai2="92,80,6,51,97,84,45,114,7,58,27,68,34" hai3="96,49,9,90,106,76,56,119,103,4,120,41,67"/><V29/><F68/><W3/><G119/><T23/><D47/><U124/><E109/><V10/><F114/><W83/><G120/><T100/><D100/><U8/><E112/><V53/><F45/><W63/><G90/><T15/><D78/><U133/><E124/><V91/><REACH who="2" step="1"/><F10/><REACH who="2" ten="350,249,263,128" step="2"/><W50/><REACH who="3" step="1"/><G41/><REACH who="3" ten="350,249,263,118" step="2"/><T118/><D127/><U39/><E122/><V43/><F43/><W28/><G28/><T52/><D125/><U75/><E134/><V110/><F110/><W104/><G104/><T72/><D118/><U40/><E40/><V20/><F20/><W55/><G55/><T14/><D52/><U99/><E133/><V46/><F46/><W101/><G101/><AGARI ba="0,2" hai="6,7,27,29,34,51,53,58,80,84,91,92,97,101" machi="101" ten="30,5800,0" yaku="1,1,7,1,52,1,53,0" doraHai="21" doraHaiUra="12" who="2" fromWho="3" sc="350,0,249,0,263,78,118,-58" /><INIT seed="2,1,0,0,2,88" ten="350,249,341,60" oya="2" hai0="131,25,44,86,5,103,113,97,133,109,2,79,110" hai1="104,22,111,42,41,98,19,57,26,68,107,0,10" hai2="55,49,82,119,29,87,71,106,51,27,83,16,65" hai3="120,67,92,6,37,13,63,43,18,100,59,20,3"/><V69/><F119/><W128/><G120/><T135/><D25/><U132/><E111/><N who="0" m="42505" /><D5/><U73/><E73/><V122/><F122/><W46/><G128/><T134/><D2/><U17/><E68/><V129/><F129/><W1/><REACH who="3" step="1"/><G6/><REACH who="3" ten="350,249,341,50" step="2"/><T62/><D131/><U72/><E132/><V112/><F112/><W125/><G125/><T95/><D113/><U12/><E0/><V70/><F106/><W116/><G116/><T50/><D135/><U96/><E104/><V40/><F70/><W124/><G124/><T81/><D62/><U24/><E107/><V4/><F4/><W11/><G11/><T48/><D48/><U56/><E10/><V102/><F71/><W52/><G52/><AGARI ba="1,1" hai="44,50,52,79,81,86,95,97,103,133,134" m="42505" machi="52" ten="30,3900,0" yaku="14,1,52,1,54,1" doraHai="88" who="0" fromWho="3" sc="350,52,249,0,341,0,50,-42" /><INIT seed="3,0,0,2,0,128" ten="402,249,341,8" oya="3" hai0="74,54,90,41,7,114,6,101,105,110,85,46,72" hai1="45,60,121,59,92,75,44,19,39,109,118,0,102" hai2="99,79,117,95,14,77,52,48,37,97,67,126,61" hai3="9,4,1,107,130,129,15,56,100,27,120,81,124"/><W25/><G120/><T80/><D110/><U116/><E109/><V47/><F117/><W71/><G56/><T38/><D114/><U8/><E121/><V76/><F126/><W51/><G71/><T133/><D133/><U62/><E75/><V42/><F14/><W119/><G119/><T94/><D72/><U30/><E30/><V78/><N who="2" m="19456" /><DORA hai="17" /><V134/><F134/><W53/><G81/><T66/><D74/><U57/><E19/><V55/><F55/><W40/><G40/><T33/><D105/><U63/><E102/><V10/><F10/><W70/><G70/><T29/><D66/><U108/><E92/><V65/><F65/><W106/><G1/><T132/><D132/><U111/><E63/><V5/><F5/><W43/><G43/><T131/><D131/><N who="3" m="50185" /><G124/><T2/><D2/><U18/><E0/><V89/><F67/><W98/><G107/><T21/><D54/><U88/><E116/><V16/><F61/><W24/><G53/><T123/><D123/><U11/><E118/><V20/><F37/><W127/><G127/><T28/><D41/><U3/><E3/><V49/><F49/><AGARI ba="0,0" hai="4,9,15,24,25,27,49,51,98,100,106" m="50185" machi="49" ten="30,1500,0" yaku="19,1" doraHai="128,17" who="3" fromWho="2" sc="402,0,249,0,341,-15,8,15" /><INIT seed="3,1,0,4,2,65" ten="402,249,326,23" oya="3" hai0="50,12,109,11,8,69,45,128,77,87,60,135,103" hai1="124,47,18,33,133,28,81,78,113,6,48,107,104" hai2="13,88,52,10,126,32,46,26,75,83,40,56,86" hai3="112,70,92,1,76,134,2,3,20,127,67,117,84"/><W17/><G112/><T25/><D109/><U63/><E113/><V53/><F126/><W129/><G127/><T89/><D128/><U49/><E124/><V35/><F75/><W115/><G115/><T19/><D77/><U110/><E110/><V131/><F131/><W23/><G129/><T82/><D135/><U36/><E36/><V118/><F118/><W31/><G117/><T94/><D25/><U125/><E133/><V119/><F119/><W57/><G134/><T123/><D123/><U72/><E49/><V130/><F130/><W5/><G31/><T51/><D51/><U73/><E73/><V85/><F85/><W66/><G70/><T61/><D8/><U29/><E33/><V102/><F102/><W116/><G5/><T74/><D69/><U21/><E6/><V44/><F35/><W39/><G39/><T80/><D74/><U4/><E4/><V99/><F40/><W114/><G23/><T105/><D105/><U24/><E125/><V34/><F34/><W97/><G116/><T15/><D15/><U43/><E29/><V27/><F53/><W59/><G67/><T93/><D80/><U42/><E42/><V90/><F32/><W14/><G66/><T22/><D22/><U30/><E63/><N who="0" m="24137" /><D103/><U132/><E132/><V79/><F27/><W122/><G114/><T38/><D38/><U0/><E0/><V101/><F26/><W7/><G122/><T54/><AGARI ba="1,0" hai="11,12,19,45,50,54,82,87,89,93,94" m="24137" machi="54" ten="30,2000,0" yaku="25,1,8,1" doraHai="65" who="0" fromWho="0" sc="402,23,249,-6,326,-6,23,-11" /><INIT seed="4,0,0,4,4,10" ten="425,243,320,12" oya="0" hai0="121,103,91,96,45,123,85,69,130,27,41,71,1" hai1="66,51,70,131,14,72,44,20,81,38,105,47,53" hai2="8,84,16,67,61,33,39,15,12,119,37,104,102" hai3="118,78,29,82,92,4,19,49,116,57,26,122,11"/><T55/><D1/><U132/><E105/><V114/><F114/><W48/><G122/><T88/><D130/><U94/><E132/><V128/><F128/><W31/><G19/><T64/><D55/><U111/><E111/><V135/><F135/><W58/><G92/><T107/><D91/><U6/><E131/><V60/><F119/><W50/><G118/><T9/><D9/><U112/><E112/><V129/><F129/><W115/><G115/><T113/><D27/><U127/><E127/><V125/><F125/><W86/><G116/><T76/><D76/><U18/><E6/><V100/><F33/><W22/><REACH who="3" step="1"/><G31/><REACH who="3" ten="425,243,320,2" step="2"/><T65/><D113/><U54/><E94/><V134/><F134/><W79/><G79/><T25/><D123/><U120/><E18/><V21/><F104/><W117/><G117/><T74/><D121/><U34/><E120/><V95/><F39/><W106/><G106/><T126/><D126/><U30/><E30/><V68/><F37/><W83/><G83/><T62/><D107/><U40/><E81/><V42/><F100/><W110/><G110/><T0/><D103/><U59/><E38/><V99/><F102/><W32/><G32/><T28/><D28/><U5/><E34/><V52/><F95/><W109/><G109/><T24/><D88/><U17/><E17/><V108/><F16/><W77/><G77/><T89/><D89/><U13/><E5/><V2/><F108/><W73/><G73/><T101/><D74/><U93/><E72/><V35/><F35/><W36/><G36/><T3/><D101/><U87/><E93/><RYUUKYOKU ba="0,1" sc="425,-10,243,-10,320,-10,2,30" hai3="4,11,22,26,29,48,49,50,57,58,78,82,86" /><INIT seed="5,1,1,1,3,119" ten="415,233,310,32" oya="1" hai0="3,128,50,105,107,82,80,102,96,134,85,55,5" hai1="31,13,16,36,133,42,68,94,43,129,87,26,44" hai2="73,58,56,104,97,60,131,63,17,48,109,32,84" hai3="115,100,75,28,83,34,118,124,135,12,121,127,24"/><U62/><E133/><V103/><F109/><W29/><G121/><T117/><D117/><U19/><E129/><V101/><F73/><W95/><G118/><T22/><D107/><U81/><E43/><V23/><F32/><W0/><G135/><T38/><D38/><U79/><E13/><V39/><F39/><W114/><G0/><T46/><D134/><U57/><E94/><V77/><F103/><W35/><G100/><T25/><D128/><U110/><E68/><V40/><F131/><W69/><G69/><T15/><D3/><U18/><E87/><V4/><F4/><W130/><G95/><T11/><D85/><U86/><E110/><V99/><F99/><W33/><G130/><T125/><D125/><N who="3" m="48201" /><G83/><T27/><D27/><U54/><REACH who="1" step="1"/><E19/><AGARI ba="1,1" hai="5,11,15,19,22,25,46,50,55,80,82,96,102,105" machi="19" ten="30,1000,0" yaku="7,1" doraHai="119" who="0" fromWho="1" sc="415,23,233,-13,310,0,32,0" /><INIT seed="6,0,0,5,5,8" ten="438,220,310,32" oya="2" hai0="25,6,108,44,111,102,15,126,106,74,125,75,115" hai1="0,88,70,84,105,120,54,3,60,21,53,117,48" hai2="35,130,38,19,129,68,103,101,26,71,97,2,113" hai3="107,83,109,94,12,33,32,110,127,22,49,92,121"/><V89/><F2/><W112/><G121/><T65/><D65/><U98/><E117/><V62/><F38/><W123/><G123/><T39/><D25/><U28/><E120/><V27/><F113/><W59/><G112/><T5/><D115/><U66/><E54/><V131/><F89/><W4/><G127/><N who="0" m="48651" /><D106/><U132/><E132/><V52/><F101/><W42/><G107/><T58/><D58/><U86/><E86/><V46/><F26/><W78/><G33/><T93/><D93/><U99/><E28/><V51/><F62/><W29/><G32/><T79/><D102/><U24/><E105/><V64/><F64/><W55/><G29/><T40/><D15/><U133/><E99/><V82/><F82/><W50/><G94/><T63/><D63/><U80/><E98/><V77/><F77/><W17/><G92/><T10/><D79/><U16/><REACH who="1" step="1"/><E133/><REACH who="1" ten="438,210,310,32" step="2"/><V128/><F128/><W72/><REACH who="3" step="1"/><G4/><REACH who="3" ten="438,210,310,22" step="2"/><T61/><D5/><U11/><E11/><V41/><F35/><W14/><G14/><T31/><D6/><U119/><E119/><V76/><F130/><W124/><G124/><T67/><D10/><U13/><E13/><V56/><F131/><W95/><G95/><T1/><D1/><U23/><E23/><N who="2" m="13823" /><F129/><W96/><G96/><T36/><D31/><U114/><E114/><V37/><F97/><W9/><G9/><T91/><D111/><U104/><E104/><V85/><F103/><W81/><G81/><T47/><D108/><U34/><E34/><V135/><F135/><W57/><G57/><AGARI ba="0,2" hai="0,3,16,21,24,48,53,57,60,66,70,80,84,88" machi="57" ten="30,7700,0" yaku="1,1,7,1,54,2,53,0" doraHai="8" doraHaiUra="43" who="1" fromWho="3" sc="438,0,210,97,310,0,22,-77" owari="438,54.0,307,-9.0,310,11.0,-55,-56.0" /></mjloggm>