<mjloggm ver="2.3"><GO type="169" lobby="0"/><UN n0="%E3%83%95%E3%82%B5%E3%82%A6%E3%83%9F%E3%82%B3%E3%83%83%E3%83%97" n1="%E3%81%BF%E3%81%A3%E3%81%8D%E3%83%BC" n2="%E5%B0%8F%E6%B1%A0%E7%BE%8E%E6%B3%A2%E2%8A%BF" n3="%E3%81%BE%E3%81%8F%E3%81%A9%E3%81%AA%E3%82%8B%E3%81%AA%E3%82%8B%E3%81%A9" dan="17,17,16,16" rate="2234.36,2203.81,2118.26,2142.76" sx="M,M,F,M"/><TAIKYOKU oya="0"/><INIT seed="0,0,0,1,5,52" ten="250,250,250,250" oya="0" hai0="128,53,123,134,127,76,9,25,21,91,6,92,84" hai1="65,94,131,70,103,79,56,100,85,57,66,95,120" hai2="32,64,96,114,17,111,135,28,5,106,88,110,36" hai3="19,73,61,55,60,118,74,54,58,50,86,87,68"/><T99/><D123/><U51/><E120/><V40/><F114/><W81/><G118/><T129/><D134/><U2/><E2/><V115/><F115/><W47/><G19/><T97/><D127/><U93/><E70/><V1/><F106/><W124/><G124/><T44/><D76/><U8/><E8/><V27/><F135/><W133/><G133/><T22/><D22/><U109/><E109/><V75/><F75/><W4/><G4/><T46/><D99/><U82/><E131/><N who="0" m="50249" /><D84/><U112/><E51/><V121/><F121/><W39/><G39/><T37/><D37/><U59/><E112/><V89/><F96/><W38/><G38/><T43/><D43/><U20/><E20/><V16/><F40/><W23/><G23/><T33/><D33/><U34/><E34/><V107/><F107/><W11/><G11/><T71/><D71/><U101/><AGARI ba="0,0" hai="56,57,59,65,66,79,82,85,93,94,95,100,101,103" machi="101" ten="40,12000,2" yaku="0,1,29,2,8,1,52,3" doraHai="52" who="1" fromWho="1" sc="250,-60,250,120,250,-30,250,-30" /><INIT seed="1,0,0,3,0,129" ten="190,370,220,220" oya="1" hai0="67,96,99,7,24,62,0,15,119,3,55,35,93" hai1="80,45,94,92,32,65,43,127,30,115,111,114,27" hai2="88,112,26,46,33,117,120,102,60,61,135,109,37" hai3="34,2,128,9,84,42,97,82,70,68,133,124,47"/><U11/><E127/><V4/><F117/><W6/><G34/><T8/><D119/><U79/><E65/><V77/><F120/><W22/><G128/><T31/><D55/><U100/><E111/><V72/><F102/><W18/><G124/><T21/><D35/><U118/><E118/><V131/><F4/><W57/><G57/><T44/><D44/><U132/><E132/><V113/><F77/><W110/><G97/><T58/><REACH who="0" step="1"/><D99/><REACH who="0" ten="180,370,220,220" step="2"/><U29/><E32/><V25/><F46/><W122/><G47/><T130/><D130/><U81/><E45/><V74/><F33/><W52/><G52/><T121/><D121/><U59/><E43/><V91/><F131/><W54/><G42/><T103/><AGARI ba="0,1" hai="0,3,7,8,15,21,24,31,58,62,67,93,96,103" machi="103" ten="20,12000,2" yaku="1,1,0,1,7,1,25,2,53,1" doraHai="129" doraHaiUra="23" who="0" fromWho="0" sc="180,130,370,-60,220,-30,220,-30" /><INIT seed="2,0,0,2,5,68" ten="310,310,190,190" oya="2" hai0="18,106,14,57,35,12,19,121,98,74,107,134,5" hai1="26,88,22,9,124,15,95,114,30,118,85,120,33" hai2="45,28,133,50,105,75,117,44,123,83,77,72,61" hai3="119,81,97,87,7,0,130,67,1,25,47,59,135"/><V23/><F117/><W21/><G119/><T37/><D121/><U4/><E114/><V101/><F123/><W70/><G70/><T129/><D74/><U92/><E120/><V20/><F133/><W53/><G135/><T24/><D57/><U6/><E124/><V13/><F45/><W132/><G132/><T38/><D134/><U32/><E118/><V112/><F112/><W46/><G130/><T86/><D86/><U3/><E4/><V89/><F89/><W91/><G67/><T27/><D5/><U40/><E40/><V51/><F51/><W64/><G64/><T60/><D98/><U2/><E33/><V79/><F61/><W108/><G108/><T34/><REACH who="0" step="1"/><D60/><REACH who="0" ten="300,310,190,190" step="2"/><U78/><E78/><V84/><F84/><W76/><G7/><T17/><D17/><N who="1" m="10559" /><E2/><V58/><F58/><W62/><G0/><T93/><D93/><AGARI ba="0,1" hai="3,6,9,26,30,32,85,88,92,93,95" m="10559" machi="93" ten="30,2000,0" yaku="24,1,54,1" doraHai="68" who="1" fromWho="0" sc="300,-20,310,30,190,0,190,0" /><INIT seed="3,0,0,1,4,47" ten="280,340,190,190" oya="3" hai0="7,52,41,92,10,80,110,58,2,124,20,129,57" hai1="111,59,83,17,114,123,4,115,51,84,65,106,35" hai2="97,94,25,68,79,127,60,16,118,27,105,107,34" hai3="33,72,39,90,120,126,93,67,77,29,15,30,53"/><W48/><G120/><T86/><D110/><U119/><E123/><V64/><F118/><W135/><G39/><T43/><D129/><U82/><E106/><V38/><F38/><W121/><G121/><T95/><D124/><U89/><E35/><V109/><F109/><W28/><G126/><T131/><D131/><U40/><E111/><V116/><F116/><W132/><G67/><T74/><D58/><U11/><E17/><V101/><F127/><W56/><G15/><T26/><D74/><U50/><E119/><V36/><F36/><W32/><G77/><T134/><D134/><N who="3" m="51241" /><G72/><T117/><D117/><U24/><E24/><V63/><F79/><W99/><AGARI ba="0,0" hai="28,29,30,32,33,48,53,56,90,93,99" m="51241" machi="99" ten="30,3000,0" yaku="20,1,52,1" doraHai="47" who="3" fromWho="3" sc="280,-10,340,-10,190,-10,190,30" /><INIT seed="3,1,0,5,5,54" ten="270,330,180,220" oya="3" hai0="27,46,60,75,9,28,39,96,53,88,3,71,19" hai1="78,110,86,48,123,65,124,113,59,107,126,112,122" hai2="127,12,102,114,32,51,21,63,83,31,106,7,131" hai3="56,55,66,94,18,2,111,29,133,61,64,44,15"/><W85/><G2/><T104/><D75/><U73/><E107/><V26/><F114/><N who="1" m="44137" /><E73/><V101/><F131/><W17/><G133/><T10/><D3/><U23/><E78/><V62/><F127/><N who="1" m="48681" /><E86/><V50/><F83/><W72/><G72/><T24/><D104/><U41/><E110/><V121/><F121/><W80/><G111/><T132/><D132/><U117/><E23/><V70/><F70/><W13/><G29/><T79/><D79/><U97/><E97/><V82/><F82/><W103/><G44/><T93/><D71/><U38/><E38/><V34/><F34/><W52/><G94/><T25/><D28/><U33/><E33/><V57/><F63/><W108/><G103/><N who="2" m="39433" /><F32/><W125/><G125/><T37/><D37/><U135/><E135/><V87/><F87/><W68/><G108/><T16/><D39/><U30/><E30/><V45/><F45/><W58/><G68/><T36/><D36/><U35/><E35/><V0/><F0/><W77/><G15/><T120/><D120/><U90/><E90/><V8/><F106/><W130/><G130/><T109/><D109/><U134/><E134/><V11/><F11/><N who="0" m="4106" /><D46/><N who="1" m="25679" /><E117/><V74/><F74/><W69/><G69/><T40/><D40/><U115/><E115/><V20/><F20/><N who="3" m="11311" /><G18/><T22/><D19/><U100/><E100/><V42/><F42/><W116/><G116/><T99/><D96/><U98/><E98/><V128/><F128/><W67/><G85/><T95/><D93/><U92/><E92/><V89/><F89/><W49/><G77/><T105/><D105/><U14/><E14/><RYUUKYOKU ba="1,0" sc="270,0,330,0,180,0,220,0" hai0="16,22,24,25,27,53,60,88,95,99" hai1="59,65,122,123" hai2="7,8,12,21,26,31,50,51,57,62" hai3="49,52,55,56,58,61,64,66,67,80" /><INIT seed="3,2,0,1,2,129" ten="270,330,180,220" oya="3" hai0="15,68,123,59,58,78,50,66,134,1,110,39,95" hai1="101,37,81,102,109,16,48,70,120,122,132,91,104" hai2="75,47,73,57,42,86,89,74,112,79,108,41,106" hai3="32,72,7,111,63,96,3,29,19,64,90,0,115"/><W44/><G72/><T49/><D1/><U135/><E37/><V71/><F112/><W131/><G115/><T53/><D78/><U88/><E70/><V93/><F71/><W113/><G113/><T103/><D15/><U51/><E109/><V24/><F106/><W62/><G111/><T133/><D110/><U40/><E40/><V6/><F41/><W124/><G131/><T55/><D123/><U85/><E16/><V30/><F57/><W67/><G44/><T54/><D39/><U28/><E28/><V36/><F6/><W25/><G124/><T77/><D77/><U61/><E61/><V126/><F108/><W21/><G7/><T5/><D5/><U45/><E104/><V2/><F2/><W82/><G63/><N who="0" m="40031" /><D95/><U97/><E97/><V127/><REACH who="2" step="1"/><F79/><REACH who="2" ten="270,330,170,220" step="2"/><W114/><G114/><T128/><D128/><U99/><E120/><V11/><F11/><W119/><G0/><T76/><D76/><U8/><E122/><V35/><AGARI ba="2,1" hai="24,30,35,36,42,47,73,74,75,86,89,93,126,127" machi="35" ten="40,2700,0" yaku="1,1,0,1,53,0" doraHai="129" doraHaiUra="65" who="2" fromWho="2" sc="270,-9,330,-9,170,43,220,-15" /><INIT seed="4,0,0,0,0,95" ten="261,321,213,205" oya="0" hai0="30,135,90,134,55,17,70,59,105,19,96,107,2" hai1="110,108,66,103,106,27,115,16,80,125,5,34,39" hai2="35,1,46,29,36,56,83,13,53,129,112,8,69" hai3="32,114,47,87,28,10,43,101,12,0,109,38,85"/><T100/><D70/><U57/><E39/><V31/><F69/><W54/><G109/><T113/><D113/><U99/><E5/><V77/><F112/><W91/><G114/><T71/><D71/><U6/><E115/><V79/><F79/><W116/><G116/><T86/><D2/><U7/><E7/><V23/><F35/><W72/><G72/><T49/><D107/><U63/><E125/><V76/><F76/><W97/><G0/><T21/><D30/><U68/><E6/><V122/><F122/><W92/><G54/><T89/><D17/><U33/><E57/><V104/><F1/><W9/><G87/><T50/><D49/><U22/><REACH who="1" step="1"/><E80/><REACH who="1" ten="261,311,213,205" step="2"/><V88/><F56/><W20/><G32/><AGARI ba="0,1" hai="16,22,27,32,33,34,63,66,68,99,103,106,108,110" machi="32" ten="40,8000,1" yaku="1,1,2,1,52,1,54,1,53,1" doraHai="95" doraHaiUra="18" who="1" fromWho="3" sc="261,0,311,90,213,0,205,-80" /><INIT seed="5,0,0,5,5,117" ten="261,401,213,125" oya="1" hai0="87,17,130,14,91,124,83,37,109,73,0,127,80" hai1="77,85,21,36,28,27,92,49,113,47,71,24,81" hai2="104,93,48,8,9,62,25,39,103,118,4,20,59" hai3="6,10,111,64,7,116,53,1,2,126,65,30,98"/><U15/><E71/><V74/><F118/><W107/><G116/><T110/><D0/><U67/><E67/><V23/><F39/><W101/><G111/><N who="0" m="42507" /><D37/><U78/><E113/><V82/><F104/><W51/><G126/><N who="0" m="48171" /><D14/><U70/><E70/><V66/><F48/><W72/><G72/><T26/><D26/><U128/><E128/><V11/><F74/><W33/><G33/><T76/><D17/><U134/><E134/><V31/><F82/><W45/><REACH who="3" step="1"/><G30/><REACH who="3" ten="261,401,213,115" step="2"/><T125/><D125/><U106/><E28/><V52/><F31/><W97/><G97/><T22/><D22/><U90/><E21/><V58/><F23/><W3/><G3/><T119/><D119/><U84/><E27/><V41/><F20/><W18/><G18/><T94/><D130/><U105/><E24/><V133/><F25/><W50/><G50/><T89/><D73/><U102/><E36/><V108/><F108/><W46/><G46/><T123/><D87/><U88/><E15/><V68/><F4/><W13/><G13/><T79/><D79/><U122/><E77/><V131/><F133/><W114/><G114/><T44/><D44/><U56/><E47/><V29/><F131/><W120/><G120/><T43/><D123/><U61/><E122/><V115/><F29/><W121/><G121/><T60/><D76/><U132/><E78/><V100/><F115/><W95/><G95/><T75/><D75/><U40/><E132/><V38/><F93/><W16/><G16/><T86/><D94/><U55/><E102/><V35/><F103/><W32/><G32/><T5/><D5/><RYUUKYOKU ba="0,1" sc="261,-15,401,15,213,-15,115,15" hai1="40,49,55,56,61,81,84,85,88,90,92,105,106" hai3="1,2,6,7,10,45,51,53,64,65,98,101,107" /><INIT seed="5,1,1,2,0,6" ten="246,416,198,130" oya="1" hai0="18,95,120,101,1,10,108,53,35,71,51,22,21" hai1="75,12,122,56,93,84,47,40,99,39,69,113,52" hai2="96,64,7,26,31,16,58,135,73,20,104,118,74" hai3="33,11,55,62,44,27,9,89,2,85,49,98,78"/><U32/><E122/><V24/><F118/><W81/><G2/><T59/><D108/><U41/><E75/><V125/><F135/><W0/><G0/><T91/><D120/><U68/><E32/><V109/><F109/><W34/><G62/><T126/><D126/><U107/><E107/><V19/><F125/><W45/><G45/><T14/><D71/><U43/><E84/><V70/><F7/><W103/><G78/><T111/><D111/><U106/><E106/><V121/><F121/><W83/><G83/><T131/><D131/><U134/><E134/><V88/><F19/><W114/><G114/><T123/><D123/><U76/><E76/><V112/><F112/><W15/><G27/><T133/><D35/><U92/><E92/><V124/><F124/><W23/><G23/><T4/><D101/><U65/><E69/><V66/><F70/><W72/><G72/><T79/><D79/><U63/><E12/><V116/><F116/><W117/><G117/><T82/><D82/><U54/><E54/><V132/><F132/><W77/><G77/><T50/><D133/><U128/><E128/><V67/><F58/><W3/><G3/><T110/><D110/><U25/><E25/><V8/><F104/><W61/><G61/><T127/><D127/><U97/><E97/><V5/><F26/><W17/><G9/><T30/><D30/><U94/><E94/><AGARI ba="1,1" hai="11,15,17,33,34,44,49,55,81,85,89,94,98,103" machi="94" ten="30,7700,0" yaku="7,1,25,2,52,1" doraHai="6" who="3" fromWho="1" sc="246,0,416,-80,198,0,130,90" /><INIT seed="6,0,0,5,0,11" ten="246,336,198,220" oya="2" hai0="84,108,61,67,130,41,21,26,48,49,27,25,23" hai1="74,72,13,135,42,106,32,55,80,0,133,7,50" hai2="4,124,34,93,18,89,105,65,82,8,111,87,9" hai3="47,110,24,90,109,60,57,38,68,36,53,121,129"/><V97/><F124/><W62/><G121/><T6/><D108/><U115/><E32/><V125/><F125/><W131/><G90/><T30/><D130/><N who="3" m="49673" /><G24/><T15/><D84/><U102/><E0/><V81/><F111/><N who="3" m="42507" /><G47/><T73/><D73/><U122/><E74/><V120/><F120/><W5/><G5/><T56/><D41/><U127/><E42/><V12/><F34/><W116/><G116/><T37/><D27/><U59/><E72/><V69/><F69/><W45/><G45/><T79/><D79/><U58/><E127/><V85/><F65/><AGARI ba="0,0" hai="36,38,53,57,60,62,65,68" m="42507,49673" machi="65" ten="30,3900,0" yaku="19,1,34,2" doraHai="11" who="3" fromWho="2" sc="246,0,336,0,198,-39,220,39" /><INIT seed="7,0,0,4,3,126" ten="246,336,159,259" oya="3" hai0="2,48,91,38,95,6,93,85,9,132,130,100,5" hai1="24,25,67,61,119,3,81,49,10,71,107,122,29" hai2="102,21,96,22,13,39,128,77,120,47,80,55,114" hai3="121,86,134,133,135,56,42,57,74,88,118,99,64"/><W111/><G118/><T44/><D132/><U98/><E122/><V50/><F114/><W108/><G121/><T8/><D38/><U62/><E62/><V78/><F120/><W115/><G74/><T131/><D95/><U106/><E25/><V23/><F39/><W59/><G115/><T12/><REACH who="0" step="1"/><D100/><REACH who="0" ten="236,336,159,259" step="2"/><U0/><E119/><V27/><F27/><W72/><G72/><T54/><AGARI ba="0,1" hai="2,5,6,8,9,12,44,48,54,85,91,93,130,131" machi="54" ten="30,12000,2" yaku="1,1,2,1,0,1,52,2,53,1" doraHai="126" doraHaiUra="40" who="0" fromWho="0" sc="236,130,336,-30,159,-30,259,-60" owari="366,46.0,306,11.0,129,-37.0,199,-20.0" /></mjloggm>