<mjloggm ver="2.3"><GO type="225" lobby="0"/><UN n0="%28%C2%B4%E3%81%B8%CE%B5%E3%81%B8%60%29" n1="%EF%BC%AE%EF%BC%AF%EF%BD%90%EF%BD%90%EF%BC%AF" n2="%65%2D%73%65%70%65%6E%3B" n3="%E3%83%81%E3%83%BC%E3%83%88%E3%82%A4%E7%9F%AD%E6%9C%9F%E5%A4%A7%E5%AD%A6" dan="16,16,16,16" rate="2068.41,2095.13,2111.38,2133.52" sx="M,M,M,M"/><TAIKYOKU oya="0"/><INIT seed="0,0,0,4,2,121" ten="250,250,250,250" oya="0" hai0="59,46,35,37,2,107,113,47,118,33,73,7,127" hai1="53,27,69,25,63,8,93,62,86,45,57,114,112" hai2="102,5,134,23,64,38,116,111,12,30,11,84,95" hai3="119,120,98,17,79,65,77,85,88,40,91,4,51"/><T10/><D118/><U20/><E8/><V83/><F38/><W115/><G115/><N who="1" m="44074" /><E45/><V74/><F116/><W135/><G119/><T42/><D113/><U16/><E69/><V122/><F122/><W24/><G135/><T105/><D59/><N who="1" m="35183" /><E93/><V58/><F134/><W96/><G120/><T131/><D131/><U99/><E99/><N who="3" m="37930" /><G65/><T129/><D129/><U28/><E86/><V81/><F102/><W1/><G1/><T132/><D132/><U117/><E117/><V130/><F95/><N who="3" m="54671" /><G91/><T71/><D127/><U75/><E75/><V133/><F74/><W19/><G4/><T22/><D71/><U94/><E94/><V126/><F5/><W125/><G125/><T34/><D73/><U21/><E57/><V103/><F58/><W101/><G101/><T3/><D3/><U56/><E56/><V55/><F133/><W9/><G9/><T97/><D97/><U39/><E63/><V36/><F11/><W43/><G19/><T44/><D107/><U41/><E39/><V100/><F126/><W123/><G123/><T14/><D105/><U106/><E106/><V32/><F36/><W68/><G68/><T90/><D90/><U82/><E82/><V13/><F130/><W128/><G128/><T60/><D60/><U104/><E104/><V66/><F81/><W15/><G51/><T108/><D37/><U50/><E50/><V0/><F83/><W52/><G43/><AGARI ba="0,0" hai="16,20,21,25,27,28,41,43" m="35183,44074" machi="43" ten="30,2000,0" yaku="11,1,54,1" doraHai="121" who="1" fromWho="3" sc="250,0,250,20,250,0,250,-20" /><INIT seed="1,0,0,2,0,85" ten="250,270,250,230" oya="1" hai0="126,87,22,84,13,45,62,73,121,14,128,7,92" hai1="131,107,86,46,89,115,68,76,21,51,109,123,65" hai2="9,31,103,5,75,135,125,17,74,69,16,110,108" hai3="35,1,38,83,119,48,116,104,130,127,114,90,10"/><U50/><E115/><V12/><F69/><W6/><G38/><T36/><D73/><U129/><E123/><V19/><F103/><W42/><G114/><T32/><D126/><U118/><E118/><N who="3" m="45098" /><G104/><T97/><D32/><U40/><E107/><V112/><F112/><W78/><G35/><T29/><D128/><N who="1" m="49227" /><E109/><N who="2" m="42091" /><F125/><W117/><N who="3" m="45106" /><W20/><DORA hai="37" /><G130/><T34/><D34/><U81/><E21/><V43/><F135/><W64/><G64/><T30/><D121/><U100/><E100/><V96/><F96/><W94/><G20/><T72/><D22/><U0/><E0/><V93/><F93/><W106/><G106/><T122/><D92/><U98/><E98/><V99/><F99/><N who="3" m="57815" /><G127/><T8/><D97/><U70/><E65/><V66/><F66/><W124/><G124/><T39/><D122/><U25/><E25/><V4/><F31/><W15/><G1/><T27/><D30/><U95/><E95/><V80/><F80/><W54/><G83/><T49/><D27/><U79/><E51/><V132/><F132/><W24/><G24/><T53/><D29/><U47/><E47/><V61/><F61/><W67/><G67/><T44/><D62/><U91/><E79/><V2/><F2/><W11/><G78/><T28/><D28/><U3/><E3/><V101/><F101/><W18/><G11/><N who="0" m="4351" /><D36/><U134/><E134/><V41/><F4/><W60/><G6/><N who="0" m="3351" /><D39/><U111/><E111/><V52/><F75/><W58/><G60/><T23/><D72/><U71/><AGARI ba="0,0" hai="40,46,50,68,70,71,76,81,86,89,91" m="49227" machi="71" ten="40,12000,1" yaku="19,1,52,3" doraHai="85,37" who="1" fromWho="1" sc="250,-40,270,120,250,-40,230,-40" /><INIT seed="1,1,0,3,4,5" ten="210,390,210,190" oya="1" hai0="85,61,15,81,89,84,34,3,37,76,53,115,30" hai1="22,120,10,116,73,39,60,112,134,0,11,77,87" hai2="43,128,108,93,99,41,105,52,31,29,86,51,83" hai3="13,65,130,131,38,114,4,44,46,35,45,54,64"/><U40/><E112/><V49/><F105/><W68/><G114/><T55/><D115/><U91/><E116/><V125/><F125/><W16/><G35/><T58/><D3/><U127/><E120/><V98/><F128/><N who="3" m="49195" /><G4/><T66/><D37/><U74/><E127/><V118/><F118/><W36/><G54/><T12/><D30/><U110/><E0/><V90/><F108/><W57/><G57/><T96/><D96/><U8/><E110/><V101/><F98/><W72/><G72/><T17/><D34/><U88/><E134/><V97/><F97/><W25/><G25/><T70/><D70/><U6/><E6/><V47/><REACH who="2" step="1"/><F41/><REACH who="2" ten="210,390,200,190" step="2"/><W62/><G65/><T111/><D111/><U59/><E40/><V28/><F28/><W103/><G103/><T124/><D124/><U102/><E102/><V129/><F129/><W18/><G18/><T42/><D42/><U26/><E74/><V33/><F33/><W20/><AGARI ba="1,1" hai="13,16,20,36,38,44,45,46,62,64,68" m="49195" machi="20" ten="30,2000,0" yaku="19,1,54,1" doraHai="5" who="3" fromWho="3" sc="210,-6,390,-11,200,-6,190,33" /><INIT seed="2,0,0,0,0,20" ten="204,379,194,223" oya="2" hai0="8,98,37,123,54,92,130,107,33,103,84,0,110" hai1="51,62,114,88,128,23,70,14,18,13,49,89,58" hai2="47,31,52,104,117,61,6,108,56,113,85,66,9" hai3="102,41,1,100,135,50,40,16,27,112,21,101,35"/><V57/><F113/><W55/><G1/><T118/><D123/><U131/><E114/><V129/><F117/><W43/><G112/><T10/><D118/><U133/><E133/><V82/><F129/><N who="1" m="49737" /><E13/><V119/><F119/><W59/><REACH who="3" step="1"/><G35/><REACH who="3" ten="204,379,194,213" step="2"/><T106/><D33/><U63/><E70/><V79/><F108/><W4/><G4/><T90/><D130/><U24/><E14/><N who="2" m="5431" /><F104/><W122/><G122/><T91/><D110/><U5/><E5/><V93/><F31/><W7/><G7/><T36/><D0/><U132/><E132/><AGARI ba="0,1" hai="16,21,27,40,41,43,50,55,59,100,101,102,132,135" machi="132" ten="50,6400,0" yaku="1,1,52,1,54,1,53,0" doraHai="20" doraHaiUra="42" who="3" fromWho="1" sc="204,0,379,-64,194,0,213,74" /><INIT seed="3,0,0,4,3,101" ten="204,315,194,287" oya="3" hai0="33,87,133,67,19,116,58,110,103,123,41,62,9" hai1="98,1,73,69,22,119,57,61,97,52,7,106,77" hai2="37,28,43,29,100,30,125,12,117,122,107,2,38" hai3="63,134,91,23,102,78,48,14,60,88,68,99,71"/><W21/><G78/><T79/><D123/><U18/><E119/><V86/><F117/><W49/><G134/><T8/><D116/><U121/><E121/><V75/><F75/><W53/><G71/><T36/><D33/><U80/><E106/><V24/><F2/><W114/><G114/><T132/><D110/><U127/><E127/><V45/><F122/><W3/><G3/><T10/><D103/><U118/><E118/><V115/><F115/><W17/><G68/><T0/><D0/><U54/><E69/><V84/><F24/><W26/><G102/><T15/><D41/><U74/><E74/><V66/><F66/><W40/><G40/><T46/><D46/><U96/><E7/><V32/><F32/><W93/><G91/><T108/><D36/><U42/><E42/><V82/><F38/><W50/><G53/><T120/><D108/><U76/><E76/><V113/><F113/><W104/><G104/><T112/><D112/><U44/><E1/><V92/><F107/><W56/><G56/><T59/><D59/><U128/><E128/><V95/><F125/><W16/><AGARI ba="0,0" hai="14,16,17,21,23,26,48,49,50,60,63,88,93,99" machi="16" ten="30,11700,0" yaku="0,1,8,1,54,2" doraHai="101" who="3" fromWho="3" sc="204,-39,315,-39,194,-39,287,117" owari="165,-23.0,276,8.0,155,-34.0,404,49.0" /></mjloggm>