<mjloggm ver="2.3"><GO type="169" lobby="0"/><UN n0="%E4%B8%89%E5%86%A0%E7%8E%8B%E3%83%BB%E5%B1%B1%E7%94%B0%E5%93%B2%E4%BA%BA" n1="%E5%9C%92%E5%9F%8E%E5%AF%BA%E6%80%9C" n2="%E5%A4%A7%E8%B3%A2%E8%89%AF%E5%B8%AB" n3="%E4%BE%8D" dan="17,17,16,18" rate="2217.21,2198.87,2060.21,2227.19" sx="M,F,M,M"/><TAIKYOKU oya="0"/><INIT seed="0,0,0,5,1,28" ten="250,250,250,250" oya="0" hai0="5,94,124,38,119,50,75,130,84,44,32,133,57" hai1="101,110,71,46,63,22,103,11,9,92,0,7,82" hai2="34,52,18,114,62,85,40,77,113,37,26,53,128" hai3="45,100,33,69,72,135,91,15,3,105,87,108,27"/><T8/><D119/><U19/><E110/><V117/><F117/><W102/><G108/><T121/><D121/><U79/><E11/><V51/><F128/><W123/><G3/><T25/><D130/><U83/><E83/><V134/><F134/><W109/><G109/><T97/><D75/><U64/><E92/><V131/><F131/><W120/><G72/><T112/><D112/><U115/><E115/><V35/><F37/><W98/><G102/><T21/><D133/><U55/><E55/><V24/><F40/><W107/><G135/><T13/><D124/><U20/><E46/><V125/><F125/><W126/><G105/><T78/><D38/><U59/><E71/><V132/><F132/><W70/><G15/><T129/><D129/><U96/><E19/><V23/><F18/><W36/><G45/><T1/><D1/><U116/><E116/><V76/><F51/><W60/><G36/><T61/><D32/><U93/><REACH who="1" step="1"/><E103/><REACH who="1" ten="250,240,250,250" step="2"/><V47/><F47/><W73/><G126/><T49/><D44/><U127/><E127/><V30/><F114/><W104/><G104/><T41/><D41/><U67/><E67/><V6/><F113/><W39/><G39/><T4/><D4/><U48/><E48/><V95/><F6/><W122/><G60/><T14/><D78/><U118/><E118/><V89/><F76/><W10/><G10/><T65/><D84/><AGARI ba="0,1" hai="0,7,9,20,22,59,63,64,79,82,84,93,96,101" machi="84" ten="30,3900,0" yaku="1,1,7,1,53,1" doraHai="28" doraHaiUra="54" who="1" fromWho="0" sc="250,-39,240,49,250,0,250,0" /><INIT seed="1,0,0,3,4,55" ten="211,289,250,250" oya="1" hai0="134,27,26,92,80,84,89,11,96,3,44,78,86" hai1="130,37,32,13,23,121,46,8,20,9,128,81,39" hai2="99,120,66,71,75,64,62,106,68,90,107,21,102" hai3="85,65,116,122,125,101,110,97,76,1,50,19,12"/><U43/><E121/><V51/><F120/><W41/><G122/><T35/><D134/><U33/><E81/><V15/><F75/><W7/><G110/><T112/><D112/><U40/><E13/><V28/><F107/><W52/><G125/><T6/><D35/><U131/><E131/><V77/><F77/><W111/><G111/><T49/><REACH who="0" step="1"/><D96/><REACH who="0" ten="201,289,250,250" step="2"/><U45/><AGARI ba="0,1" hai="8,9,20,23,32,33,37,39,40,43,45,46,128,130" machi="45" ten="25,4800,0" yaku="0,1,22,2" doraHai="55" who="1" fromWho="1" sc="201,-16,289,58,250,-16,250,-16" /><INIT seed="1,1,0,2,0,25" ten="185,347,234,234" oya="1" hai0="54,53,88,11,68,37,85,33,60,112,72,55,87" hai1="62,48,20,113,18,3,47,89,124,43,58,13,23" hai2="109,123,52,75,16,101,119,80,69,96,26,134,5" hai3="91,115,64,83,1,4,98,30,84,63,27,128,74"/><U97/><E113/><V129/><F52/><W76/><G128/><T110/><D72/><U8/><E124/><V81/><F16/><W131/><G131/><T22/><D33/><U111/><E3/><V107/><F26/><W2/><G115/><T29/><D112/><U77/><E77/><V133/><F5/><W135/><G135/><N who="2" m="51721" /><F69/><W82/><G98/><T125/><D125/><U19/><E111/><V103/><F129/><W10/><G10/><T99/><D110/><U35/><E35/><V61/><F61/><W56/><REACH who="3" step="1"/><G4/><REACH who="3" ten="185,347,234,224" step="2"/><T116/><D11/><U57/><E8/><V118/><F109/><W121/><G121/><T79/><D99/><U41/><E97/><N who="2" m="61871" /><F123/><W122/><G122/><T70/><D60/><U59/><E62/><V71/><F119/><W127/><G127/><T102/><D116/><U65/><E65/><V132/><F118/><W32/><AGARI ba="1,1" hai="1,2,27,30,32,56,63,64,74,76,82,83,84,91" machi="32" ten="20,5200,0" yaku="1,1,0,1,7,1,52,1,53,0" doraHai="25" doraHaiUra="93" who="3" fromWho="3" sc="185,-14,347,-27,234,-14,224,65" /><INIT seed="2,0,0,5,2,58" ten="171,320,220,289" oya="2" hai0="117,109,46,16,72,19,55,33,106,8,50,80,76" hai1="103,32,104,122,84,10,34,91,20,116,74,127,4" hai2="43,129,37,22,48,75,96,1,95,67,63,9,28" hai3="132,36,65,47,133,130,61,73,31,121,27,88,115"/><V17/><F75/><W79/><G121/><T23/><D33/><U7/><E127/><V97/><F129/><W18/><G130/><T13/><D109/><U90/><E74/><V39/><F28/><W56/><G115/><T111/><D111/><U44/><E20/><V14/><F43/><W38/><G18/><T82/><D117/><U57/><E44/><V102/><F48/><W128/><G128/><T59/><D106/><U12/><E7/><V24/><F97/><W135/><G47/><T98/><D98/><U99/><E116/><V105/><F105/><W45/><G45/><T134/><D134/><U93/><E122/><V64/><F1/><W101/><G101/><T62/><D82/><U120/><E120/><V70/><REACH who="2" step="1"/><F67/><REACH who="2" ten="171,320,210,289" step="2"/><W123/><G123/><T92/><D46/><U81/><E104/><V53/><F53/><W54/><G54/><T112/><D112/><U87/><E99/><V85/><F85/><W11/><G38/><T49/><REACH who="0" step="1"/><D92/><REACH who="0" ten="161,320,210,289" step="2"/><U100/><E93/><V21/><F21/><W29/><G135/><T52/><D52/><U108/><E32/><V6/><AGARI ba="0,2" hai="6,9,14,17,22,24,37,39,63,64,70,95,96,102" machi="6" ten="20,7800,0" yaku="1,1,0,1,7,1,52,1,53,0" doraHai="58" doraHaiUra="107" who="2" fromWho="2" sc="161,-26,320,-26,210,98,289,-26" /><INIT seed="2,1,0,1,2,50" ten="135,294,308,263" oya="2" hai0="117,100,5,88,61,116,23,0,52,134,132,33,44" hai1="70,93,39,66,111,135,127,96,86,34,92,49,102" hai2="20,19,14,113,64,22,110,107,4,65,63,112,103" hai3="12,123,30,40,56,85,41,62,48,104,45,91,130"/><V37/><F37/><W38/><G123/><T76/><D33/><U53/><E39/><V74/><F74/><W15/><G104/><T101/><D76/><U32/><E111/><V99/><F110/><W119/><G119/><N who="0" m="45643" /><D23/><U60/><E127/><V21/><F4/><W72/><G72/><T28/><D28/><U124/><E124/><V108/><F108/><W35/><G130/><T121/><D121/><U59/><E135/><N who="0" m="51753" /><D88/><U122/><E122/><V18/><F22/><W2/><G2/><T29/><D29/><U27/><E86/><V10/><F10/><W24/><G91/><T42/><D42/><U128/><E128/><V36/><F36/><W68/><G85/><T97/><D97/><U95/><E34/><V83/><F83/><W3/><G41/><T98/><D98/><U25/><E27/><V105/><F105/><W51/><G3/><T58/><D44/><U73/><E73/><V79/><F79/><W125/><G125/><T6/><D6/><U31/><AGARI ba="1,0" hai="25,31,32,49,53,59,60,66,70,92,93,95,96,102" machi="31" ten="30,2000,0" yaku="0,1,52,1" doraHai="50" who="1" fromWho="1" sc="135,-6,294,23,308,-11,263,-6" /><INIT seed="3,0,0,5,0,24" ten="129,317,297,257" oya="3" hai0="112,76,87,94,26,14,130,97,126,109,64,74,121" hai1="83,5,41,36,48,113,129,49,102,29,30,103,7" hai2="61,9,119,2,89,110,125,106,51,53,92,95,78" hai3="82,73,71,0,84,58,115,13,120,131,37,6,132"/><W32/><RYUUKYOKU type="yao9" ba="0,0" sc="129,0,317,0,297,0,257,0" hai3="0,6,13,32,37,58,71,73,82,84,115,120,131,132" /><INIT seed="3,1,0,0,4,118" ten="129,317,297,257" oya="3" hai0="10,103,72,71,117,70,41,111,113,12,23,18,30" hai1="13,132,25,15,77,29,49,93,83,94,11,131,59" hai2="19,95,33,26,108,31,119,28,40,91,134,90,39" hai3="17,102,128,63,5,53,50,42,48,6,101,76,89"/><W127/><G127/><T7/><D117/><U45/><E132/><V46/><F119/><W62/><G128/><T99/><D72/><U81/><E131/><V75/><F134/><W74/><G74/><T100/><D111/><U98/><E59/><V57/><F75/><W2/><G76/><T51/><D103/><U9/><E77/><V92/><F108/><W8/><G6/><T67/><D113/><U115/><E115/><V43/><F43/><W47/><G89/><T32/><D67/><U34/><E13/><V135/><F135/><W4/><G4/><T52/><D41/><U82/><E11/><V61/><F31/><W121/><G121/><T84/><D84/><U68/><E68/><V122/><F122/><W105/><G17/><T96/><D32/><U54/><REACH who="1" step="1"/><E98/><REACH who="1" ten="129,307,297,257" step="2"/><V64/><REACH who="2" step="1"/><F19/><AGARI ba="1,1" hai="9,15,19,25,29,34,45,49,54,81,82,83,93,94" machi="19" ten="40,2600,0" yaku="1,1,2,1,53,0" doraHai="118" doraHaiUra="130" who="1" fromWho="2" sc="129,0,307,39,297,-29,257,0" /><INIT seed="4,0,0,3,5,83" ten="129,346,268,257" oya="0" hai0="107,77,10,105,27,2,58,51,135,89,46,129,62" hai1="76,90,31,71,69,12,29,47,60,61,106,54,124" hai2="50,22,14,41,110,56,11,92,116,67,4,42,66" hai3="13,25,6,95,78,98,91,122,79,8,93,100,70"/><T88/><D77/><U103/><E124/><V113/><F110/><W130/><G70/><T28/><D129/><U74/><E12/><V109/><F109/><W115/><G130/><T86/><D135/><U99/><E47/><V38/><F38/><W30/><G115/><T19/><D2/><U36/><E36/><V72/><F72/><W55/><G55/><T52/><D19/><U20/><E54/><N who="2" m="31831" /><F113/><W102/><G122/><T68/><D10/><U119/><E119/><V23/><F116/><W39/><G39/><T108/><D68/><U101/><E20/><N who="2" m="7723" /><F92/><W64/><G64/><AGARI ba="0,0" hai="4,11,14,41,42,64,66,67" m="7723,31831" machi="64" ten="30,1000,0" yaku="8,1" doraHai="83" who="2" fromWho="3" sc="129,0,346,0,268,10,257,-10" /><INIT seed="5,0,0,3,0,117" ten="129,346,278,247" oya="1" hai0="30,101,63,84,38,47,36,39,19,44,71,53,9" hai1="135,72,125,95,56,111,26,83,40,18,91,50,134" hai2="98,112,123,102,33,68,119,127,122,54,80,118,67" hai3="65,59,129,27,45,15,8,81,99,62,90,20,57"/><U82/><E125/><V73/><F54/><W32/><G129/><T113/><D30/><U23/><E111/><V115/><F33/><W42/><G32/><T79/><D101/><U78/><E83/><V76/><F67/><W6/><G99/><T69/><D84/><U70/><E70/><N who="0" m="26633" /><D9/><U104/><E40/><V55/><F55/><W21/><G59/><N who="0" m="35311" /><D19/><U93/><E50/><V4/><F68/><W49/><G27/><T58/><D79/><U16/><E56/><V105/><F4/><W109/><G109/><T107/><D107/><U60/><E60/><V11/><F11/><W133/><G133/><N who="1" m="50698" /><E104/><V46/><F46/><N who="0" m="17450" /><D113/><N who="2" m="43594" /><F127/><W126/><G126/><T37/><D37/><U128/><E128/><V14/><F14/><W96/><G96/><T94/><D94/><N who="1" m="35851" /><E91/><V61/><F61/><W0/><G0/><T52/><D36/><U34/><E34/><V12/><F12/><W3/><G3/><T2/><D2/><U5/><E5/><V87/><F87/><AGARI ba="0,0" hai="6,8,15,20,21,42,45,49,57,62,65,81,87,90" machi="87" ten="40,1300,0" yaku="8,1" doraHai="117" who="3" fromWho="2" sc="129,0,346,0,278,-13,247,13" /><INIT seed="6,0,0,1,5,40" ten="129,346,265,260" oya="2" hai0="24,1,93,89,125,0,33,47,84,23,30,64,117" hai1="73,134,3,46,133,4,119,82,37,65,51,59,78" hai2="129,107,39,71,72,67,91,8,96,126,108,28,124" hai3="102,80,11,60,2,77,87,81,36,22,48,127,88"/><V31/><F72/><W94/><G127/><N who="2" m="48681" /><F108/><W130/><G130/><T6/><D125/><U135/><E119/><V123/><F123/><W29/><G36/><T18/><D64/><U19/><E19/><V121/><F121/><W69/><G102/><T66/><D66/><U104/><E104/><V101/><F129/><W120/><G120/><T97/><D117/><U52/><E65/><V99/><F39/><W54/><G69/><T58/><D58/><U86/><E86/><V9/><F67/><W98/><G60/><T116/><D116/><U16/><E16/><V61/><F61/><W32/><G32/><T128/><D128/><U85/><E85/><V100/><F91/><W35/><G35/><T132/><D132/><U44/><E37/><V83/><F83/><W95/><G2/><T7/><D0/><U114/><E114/><V14/><F71/><W74/><G11/><AGARI ba="0,0" hai="3,4,11,44,46,51,52,59,73,78,82,133,134,135" machi="11" ten="40,8000,1" yaku="20,1,52,2,54,1" doraHai="40" who="1" fromWho="3" sc="129,0,346,80,265,0,260,-80" /><INIT seed="7,0,0,5,0,92" ten="129,426,265,180" oya="3" hai0="103,2,67,45,11,99,107,49,5,32,108,70,121" hai1="84,15,12,76,50,31,0,116,91,105,135,98,22" hai2="37,77,113,94,59,120,51,38,56,124,52,97,89" hai3="47,1,132,43,88,86,85,128,13,95,104,25,40"/><W133/><G1/><T64/><D108/><U79/><E0/><V123/><F113/><W61/><G13/><T118/><D118/><U35/><E35/><V96/><F124/><W53/><G128/><T46/><D121/><N who="2" m="46666" /><F77/><W69/><G104/><T129/><D129/><U16/><E31/><V87/><F59/><W131/><G131/><T100/><D32/><U27/><E135/><N who="3" m="51786" /><G25/><T57/><D70/><U14/><E116/><V109/><F109/><W75/><G75/><T23/><D57/><U68/><E68/><V66/><F66/><N who="3" m="41167" /><G86/><T73/><D73/><U72/><E72/><V83/><F83/><W48/><AGARI ba="0,0" hai="40,43,47,48,53,85,88,95" m="41167,51786" machi="48" ten="30,3000,0" yaku="20,1,54,1" doraHai="92" who="3" fromWho="3" sc="129,-10,426,-10,265,-10,180,30" /><INIT seed="7,1,0,0,3,124" ten="119,416,255,210" oya="3" hai0="21,80,94,36,4,120,55,43,91,53,40,74,5" hai1="8,75,63,30,115,95,14,59,70,132,17,28,111" hai2="81,101,11,23,107,113,99,98,126,65,58,96,129" hai3="27,72,38,51,125,103,89,69,83,20,33,108,10"/><W134/><G38/><T122/><D36/><U121/><E111/><V61/><F126/><W19/><G125/><T90/><D74/><U57/><E121/><V79/><F113/><W6/><G134/><T31/><D122/><U85/><E115/><V34/><F34/><W67/><G108/><T48/><D120/><U68/><E75/><V41/><F41/><W7/><G103/><T66/><D66/><U78/><E68/><V102/><F129/><W47/><G33/><T119/><D119/><U2/><E70/><V84/><F11/><W45/><G69/><T42/><D80/><U117/><E117/><V71/><F71/><W25/><G67/><T12/><D31/><U133/><E2/><V16/><REACH who="2" step="1"/><F102/><REACH who="2" ten="119,416,245,210" step="2"/><W92/><G27/><AGARI ba="1,1" hai="16,23,27,58,61,65,79,81,84,96,98,99,101,107" machi="27" ten="30,7700,0" yaku="1,1,2,1,7,1,54,1,53,0" doraHai="124" doraHaiUra="39" who="2" fromWho="3" sc="119,0,416,0,245,90,210,-80" owari="119,-38.0,416,51.0,335,14.0,130,-27.0" /></mjloggm>