<mjloggm ver="2.3"><GO type="169" lobby="0"/><UN n0="%6F%6B%6A%6D" n1="%E3%83%94%E3%83%B3%E3%83%9D%E3%83%B3%E3%83%91%E3%83%BC%E3%83%AB" n2="%E3%83%8F%E3%82%B9%E5%A4%AA" n3="%E4%B8%BB%E5%B8%AD" dan="18,16,16,16" rate="2313.66,2082.44,2121.76,2153.75" sx="M,F,M,M"/><TAIKYOKU oya="0"/><INIT seed="0,0,0,4,3,62" ten="250,250,250,250" oya="0" hai0="89,119,91,107,94,4,73,83,3,95,87,30,45" hai1="98,34,41,43,50,81,37,14,24,102,104,65,135" hai2="56,40,114,125,10,8,70,29,20,68,99,66,26" hai3="38,80,100,105,110,25,93,11,0,21,13,1,64"/><T113/><D113/><U35/><E37/><V121/><F114/><W49/><G38/><T134/><D119/><U106/><E135/><V32/><F121/><W79/><G105/><T48/><D134/><U6/><E106/><V109/><F109/><W60/><G49/><T71/><D107/><U120/><E120/><V72/><F125/><W76/><G110/><T19/><D73/><U92/><E34/><V133/><F133/><W46/><G46/><T128/><D128/><U28/><E81/><V127/><F127/><W22/><G0/><T52/><D71/><U84/><E50/><V16/><F72/><W118/><G1/><T67/><D30/><U33/><E33/><V59/><F40/><W57/><G118/><T55/><D3/><U126/><E126/><V51/><F99/><N who="3" m="59503" /><G80/><T117/><D117/><U53/><E53/><V97/><F51/><W111/><G111/><T116/><D55/><U23/><E23/><N who="3" m="8714" /><G25/><T131/><D116/><U129/><E129/><V74/><F74/><W78/><G78/><T39/><D131/><U85/><E104/><V47/><F70/><W130/><G130/><T69/><D39/><U42/><E85/><V75/><F75/><W12/><G12/><T31/><D83/><U103/><E84/><V9/><F97/><W108/><G108/><T101/><D87/><U90/><E103/><V7/><F47/><W61/><G61/><T132/><D101/><U36/><E102/><V5/><F32/><W15/><G15/><T17/><D45/><N who="1" m="23719" /><E65/><V115/><F115/><W54/><G54/><T82/><D132/><U112/><E112/><RYUUKYOKU ba="0,0" sc="250,-15,250,15,250,-15,250,15" hai1="6,14,24,28,35,42,43,90,92,98" hai3="11,13,57,60,64,76,79" /><INIT seed="1,1,0,1,2,41" ten="235,265,235,265" oya="1" hai0="19,75,89,43,52,13,53,40,55,54,20,14,37" hai1="27,96,107,22,30,134,60,46,17,108,104,79,7" hai2="99,36,51,59,100,80,0,111,122,15,93,113,127" hai3="48,28,91,84,18,38,92,58,94,95,3,11,132"/><U125/><E134/><V2/><F122/><W74/><G132/><T6/><D75/><U112/><E112/><V1/><F113/><W61/><G38/><T116/><D116/><U16/><E125/><V81/><F127/><W130/><G130/><T35/><D35/><U68/><E107/><V71/><F111/><W83/><G28/><T129/><D129/><U33/><E108/><V90/><F36/><W121/><G121/><T98/><D37/><U21/><E79/><V118/><F118/><W67/><G74/><T32/><D32/><U39/><E7/><V82/><F71/><W45/><G3/><T128/><D128/><U72/><E72/><V64/><F15/><N who="3" m="7551" /><G94/><N who="0" m="56655" /><D55/><AGARI ba="1,0" hai="45,48,55,58,61,67,83,84,91,92,95" m="7551" machi="55" ten="30,3900,0" yaku="25,1,8,1,52,1" doraHai="41" who="3" fromWho="0" sc="235,-42,265,0,235,0,265,42" /><INIT seed="2,0,0,2,3,135" ten="193,265,235,307" oya="2" hai0="120,72,21,126,3,46,16,134,98,6,77,88,39" hai1="37,121,117,111,28,122,36,109,56,24,51,91,4" hai2="67,14,130,53,45,107,73,113,10,131,116,5,132" hai3="9,42,99,96,35,108,38,79,123,128,18,86,12"/><V127/><F113/><W2/><G123/><N who="1" m="47114" /><E4/><V87/><F116/><W50/><G128/><N who="2" m="49193" /><F73/><W29/><G38/><N who="1" m="14954" /><E24/><V41/><F132/><W57/><G108/><N who="1" m="41546" /><E28/><V55/><F107/><W71/><G71/><T125/><D120/><U54/><E91/><V83/><F67/><W33/><G2/><T22/><D134/><U47/><E117/><V97/><F97/><W64/><G99/><T63/><D6/><U26/><E26/><V65/><F5/><W44/><G96/><T103/><D3/><U49/><E49/><V40/><F14/><W60/><G29/><T8/><D72/><U89/><E89/><V32/><F32/><W20/><G35/><T68/><D88/><U78/><E78/><V25/><F25/><W58/><G33/><T104/><D77/><U76/><E76/><V82/><F87/><W48/><G86/><T30/><D30/><U59/><AGARI ba="0,0" hai="47,51,54,56,59" m="41546,14954,47114" machi="59" ten="40,8000,1" yaku="13,1,14,1,34,2" doraHai="135" who="1" fromWho="1" sc="193,-20,265,80,235,-40,307,-20" /><INIT seed="3,0,0,3,2,78" ten="173,345,195,287" oya="3" hai0="7,62,96,49,21,80,77,85,122,98,101,120,17" hai1="73,40,1,30,28,39,52,64,19,51,35,61,115" hai2="121,25,99,63,3,86,91,95,4,135,132,72,92" hai3="127,68,6,107,13,69,119,44,116,70,74,89,42"/><W10/><G127/><T48/><D7/><U124/><E1/><V114/><F114/><W60/><G107/><T84/><D62/><U16/><E73/><V133/><F121/><W58/><G74/><T100/><D120/><U47/><E115/><V93/><F72/><W12/><G12/><T102/><D122/><U46/><E124/><V131/><F131/><W38/><REACH who="3" step="1"/><G89/><REACH who="3" ten="173,345,195,277" step="2"/><T15/><REACH who="0" step="1"/><D85/><REACH who="0" ten="163,345,195,277" step="2"/><U27/><E30/><V105/><F86/><W111/><G111/><T50/><AGARI ba="0,2" hai="15,17,21,48,49,50,77,80,84,96,98,100,101,102" machi="50" ten="30,8000,1" yaku="1,1,2,1,0,1,8,1,52,1,53,0" doraHai="78" doraHaiUra="37" who="0" fromWho="0" sc="163,100,345,-20,195,-20,277,-40" /><INIT seed="4,0,0,1,3,53" ten="263,325,175,237" oya="0" hai0="90,122,102,6,106,12,2,9,46,68,95,62,77" hai1="49,28,44,87,112,79,25,86,39,63,73,20,124" hai2="92,105,51,16,78,72,24,4,35,45,114,101,15" hai3="96,43,108,99,34,128,113,58,129,123,17,22,5"/><T84/><D122/><U67/><E124/><V21/><F114/><W36/><G34/><T0/><D77/><U10/><E39/><V121/><F121/><W76/><G108/><T120/><D120/><U111/><E111/><V38/><F38/><W59/><G123/><T75/><D75/><U48/><E112/><V13/><F105/><W132/><G113/><T71/><D106/><U89/><E73/><V91/><F101/><W54/><G132/><T52/><D102/><U80/><E10/><V31/><F72/><W83/><G5/><T85/><D85/><U8/><E8/><V126/><F126/><W100/><G54/><T56/><REACH who="0" step="1"/><D46/><REACH who="0" ten="253,325,175,237" step="2"/><U27/><E44/><V88/><F78/><W115/><G115/><T116/><D116/><U82/><E27/><V125/><F125/><W103/><G103/><T107/><D107/><U81/><REACH who="1" step="1"/><E82/><REACH who="1" ten="253,315,175,237" step="2"/><V37/><F24/><W109/><G83/><T57/><D57/><AGARI ba="0,2" hai="20,25,28,48,49,57,63,67,79,80,81,86,87,89" machi="57" ten="30,8000,1" yaku="1,1,2,1,7,1,8,1,52,1,53,0" doraHai="53" doraHaiUra="130" who="1" fromWho="0" sc="253,-80,315,100,175,0,237,0" /><INIT seed="5,0,0,2,0,40" ten="173,415,175,237" oya="1" hai0="50,66,85,39,124,131,108,22,84,69,21,68,35" hai1="16,90,10,112,75,26,65,79,126,18,12,101,8" hai2="5,27,33,46,31,28,58,95,113,103,57,59,45" hai3="97,38,106,23,77,133,122,89,123,49,44,88,11"/><U61/><E112/><V102/><F113/><W132/><G38/><T71/><D108/><U51/><E126/><V43/><F5/><W87/><G11/><T118/><D118/><U56/><E101/><V67/><F31/><W55/><G23/><T48/><D39/><U76/><E75/><V100/><F67/><W111/><G111/><T81/><D35/><U0/><E0/><V62/><F62/><W94/><G106/><T121/><D66/><U72/><E72/><V98/><REACH who="2" step="1"/><F43/><REACH who="2" ten="173,415,165,237" step="2"/><W96/><G123/><T13/><D121/><U107/><E65/><V110/><F110/><W9/><G122/><T117/><D117/><U17/><E61/><V125/><F125/><W19/><G19/><T4/><D124/><U41/><E16/><V25/><F25/><W92/><G9/><T3/><D4/><U34/><E17/><V47/><AGARI ba="0,1" hai="27,28,33,45,46,47,57,58,59,95,98,100,102,103" machi="47" ten="30,8000,1" yaku="1,1,0,1,52,3,53,0" doraHai="40" doraHaiUra="1" who="2" fromWho="2" sc="173,-20,415,-40,165,90,237,-20" /><INIT seed="6,0,0,3,5,53" ten="153,375,255,217" oya="2" hai0="117,96,124,49,77,31,130,61,84,41,27,115,125" hai1="79,30,62,19,80,101,98,76,81,28,135,47,107" hai2="55,7,10,88,17,70,71,24,1,75,39,85,45" hai3="64,9,16,56,69,127,82,26,91,110,22,122,18"/><V5/><F75/><W102/><G110/><T108/><D108/><U42/><E135/><V57/><F7/><W59/><G122/><T52/><D115/><U3/><E3/><V111/><F111/><W40/><G127/><N who="0" m="48715" /><D130/><U95/><E107/><V0/><F0/><W131/><G131/><T32/><D117/><U48/><E19/><V60/><F39/><W112/><G112/><T123/><D123/><U36/><E36/><V12/><F24/><W89/><G69/><T73/><D73/><U21/><E21/><V72/><F72/><W11/><G64/><T14/><D96/><U6/><E6/><V99/><F99/><W65/><G65/><T43/><D61/><U93/><E93/><V113/><F45/><W15/><G102/><T37/><D14/><U67/><E81/><V68/><F113/><W92/><G40/><T25/><D25/><U83/><E83/><V109/><F109/><W50/><G50/><T104/><D104/><U29/><REACH who="1" step="1"/><E80/><REACH who="1" ten="153,365,255,217" step="2"/><V105/><F105/><W54/><G82/><N who="0" m="47183" /><D37/><U106/><E106/><V66/><F1/><W132/><G92/><T114/><D114/><U78/><E78/><V116/><F116/><W58/><G132/><T2/><D2/><U121/><E121/><V86/><F86/><W23/><G9/><T38/><D38/><U63/><E63/><V4/><REACH who="2" step="1"/><F66/><REACH who="2" ten="153,365,245,217" step="2"/><W20/><G26/><T13/><D13/><U8/><E8/><V120/><F120/><W44/><G18/><T133/><D133/><U134/><E134/><V33/><F33/><W51/><AGARI ba="0,2" hai="11,15,16,20,22,23,44,51,54,56,58,59,89,91" machi="51" ten="40,12000,2" yaku="0,1,8,1,52,3,54,1" doraHai="53" who="3" fromWho="3" sc="153,-30,365,-30,245,-60,217,140" /><INIT seed="7,0,0,5,1,33" ten="123,335,185,357" oya="3" hai0="121,101,116,80,71,113,26,117,99,78,89,52,50" hai1="123,59,115,19,130,95,67,129,45,1,107,5,124" hai2="104,77,17,61,16,51,122,112,55,32,65,62,20" hai3="108,111,127,98,46,132,12,49,131,6,134,96,68"/><W18/><G68/><T66/><D121/><U38/><E123/><V54/><F122/><W3/><G131/><N who="1" m="50186" /><E107/><V60/><F104/><W42/><G127/><T87/><D113/><U83/><E124/><V97/><F32/><W128/><G128/><T23/><D78/><U7/><E7/><V39/><F39/><W35/><G35/><T105/><D66/><U73/><E115/><V100/><F112/><W53/><G6/><T133/><D71/><U106/><E106/><V43/><F77/><W90/><G42/><T10/><D10/><N who="1" m="2351" /><E73/><V86/><F86/><W84/><G3/><T125/><D125/><U72/><E72/><V30/><F97/><N who="3" m="37483" /><G12/><T47/><REACH who="0" step="1"/><D133/><REACH who="0" ten="113,335,185,357" step="2"/><N who="3" m="51305" /><G18/><AGARI ba="0,1" hai="18,23,26,47,50,52,80,87,89,99,101,105,116,117" machi="18" ten="30,3900,0" yaku="1,1,7,1,54,1,53,0" doraHai="33" doraHaiUra="58" who="0" fromWho="3" sc="113,49,335,0,185,0,357,-39" owari="162,-34.0,335,43.0,185,-21.0,318,12.0" /></mjloggm>