<mjloggm ver="2.3"><GO type="169" lobby="0"/><UN n0="%E5%AE%9F%E5%AD%98" n1="%E3%81%98%E3%81%98%E3%81%84%E3%81%8C%E5%91%BC%E3%82%93%E3%81%A0" n2="%E7%94%B0%E6%89%80%E3%81%8D%E3%82%89%E3%81%84" n3="%E8%A1%9B%E8%97%A4%E7%BE%8E%E5%BD%A9" dan="17,16,17,16" rate="2177.52,2131.73,2131.89,2133.29" sx="M,M,F,M"/><TAIKYOKU oya="0"/><INIT seed="0,0,0,3,5,30" ten="250,250,250,250" oya="0" hai0="43,118,66,22,120,94,4,86,131,37,103,126,108" hai1="65,25,15,89,102,75,84,130,48,9,67,34,35" hai2="12,26,50,51,49,104,41,98,96,52,87,1,135" hai3="53,68,79,112,113,18,117,92,119,91,125,78,55"/><T101/><D120/><U21/><E75/><V107/><F1/><W59/><G68/><T3/><D118/><U97/><E130/><V57/><F135/><W72/><G18/><T124/><D131/><U99/><E48/><V73/><F73/><W44/><G44/><T13/><D3/><U8/><E67/><V74/><F74/><W109/><G125/><T11/><D108/><U58/><E58/><V5/><F87/><W36/><G36/><T122/><D122/><U133/><E65/><V70/><F70/><W17/><G17/><T69/><D22/><U129/><E129/><V0/><F0/><W60/><G53/><T128/><D128/><U19/><E133/><V77/><F77/><W6/><G6/><T71/><D71/><U33/><E102/><V40/><F104/><W47/><G47/><N who="0" m="24047" /><D94/><U45/><E45/><V63/><F107/><W114/><G109/><T90/><D66/><U88/><E89/><V39/><F39/><W20/><G78/><T10/><D69/><U83/><REACH who="1" step="1"/><E8/><REACH who="1" ten="250,240,250,250" step="2"/><N who="2" m="4111" /><F26/><W85/><G72/><T93/><D10/><U42/><E42/><AGARI ba="0,1" hai="40,41,42,49,50,51,52,57,63,96,98" m="4111" machi="42" ten="30,2000,0" yaku="8,1,54,1" doraHai="30" who="2" fromWho="1" sc="250,0,240,-20,250,30,250,0" /><INIT seed="1,0,0,4,0,54" ten="250,220,280,250" oya="1" hai0="47,83,21,103,46,75,93,62,125,76,111,57,126" hai1="87,80,70,61,114,39,121,52,27,101,107,22,133" hai2="33,64,8,69,106,94,38,19,23,51,36,40,11" hai3="124,100,92,34,58,13,128,99,73,97,9,17,113"/><U14/><E114/><V65/><F106/><W60/><G113/><T6/><D111/><U86/><E121/><V45/><F33/><W55/><G34/><T32/><D32/><U81/><E39/><V41/><F69/><W118/><G118/><T98/><D6/><U49/><E133/><V110/><F110/><W104/><G128/><T90/><D126/><U42/><E42/><V53/><F38/><W134/><G134/><T44/><D125/><U66/><E14/><V95/><F11/><W26/><G73/><T89/><REACH who="0" step="1"/><D21/><REACH who="0" ten="240,220,280,250" step="2"/><U79/><E22/><V30/><F23/><W77/><G124/><T67/><AGARI ba="0,1" hai="44,46,47,57,62,67,75,76,83,89,90,93,98,103" machi="67" ten="30,7900,0" yaku="1,1,2,1,0,1,52,1,53,0" doraHai="54" doraHaiUra="7" who="0" fromWho="0" sc="240,89,220,-39,280,-20,250,-20" /><INIT seed="2,0,0,4,0,61" ten="329,181,260,230" oya="2" hai0="62,33,88,114,86,128,84,1,42,41,63,80,44" hai1="107,81,38,28,89,82,18,130,115,123,118,10,29" hai2="6,99,83,46,40,27,96,117,104,90,12,119,132" hai3="37,16,8,36,72,43,94,106,76,131,21,23,51"/><V34/><F132/><W98/><G106/><T15/><D114/><U14/><E115/><V127/><F127/><W75/><G131/><T39/><D1/><U65/><E118/><V125/><F125/><W58/><G8/><T77/><D33/><U5/><E130/><V67/><F6/><W102/><G21/><T74/><D74/><U95/><E107/><V20/><F34/><W3/><G3/><T64/><D128/><U35/><E38/><V97/><F12/><W109/><G109/><T54/><D15/><U129/><E129/><V47/><F104/><W4/><G4/><T113/><D113/><U69/><E123/><V78/><F90/><W134/><G134/><T30/><D30/><U101/><E101/><V66/><F117/><W11/><G11/><T26/><D26/><U13/><E69/><V68/><F68/><W56/><G76/><T55/><D63/><U59/><E35/><V91/><F91/><W31/><G31/><N who="1" m="11850" /><E14/><V19/><F119/><W52/><G56/><T17/><D41/><U79/><E79/><V73/><REACH who="2" step="1"/><F47/><REACH who="2" ten="329,181,250,230" step="2"/><W24/><G72/><T120/><D120/><U110/><E5/><V116/><F116/><W22/><G75/><T50/><D44/><U71/><E71/><V45/><F45/><W124/><G124/><T92/><D88/><U60/><E110/><V32/><F32/><W108/><G108/><T87/><D77/><U103/><E103/><V9/><F9/><W25/><G23/><T126/><D126/><U100/><E100/><V85/><F85/><AGARI ba="0,1" hai="10,13,18,59,60,65,81,82,85,89,95" m="11850" machi="85" ten="30,2000,0" yaku="8,1,52,1" doraHai="61" who="1" fromWho="2" sc="329,0,181,30,250,-20,230,0" /><INIT seed="3,0,0,0,1,45" ten="329,211,230,230" oya="3" hai0="30,16,116,36,51,101,95,134,13,37,85,60,46" hai1="84,68,131,34,57,62,69,109,107,126,40,15,111" hai2="98,61,76,0,67,130,29,128,63,93,119,86,41" hai3="11,10,123,112,59,133,8,113,83,117,125,1,132"/><W135/><G123/><T50/><D116/><U104/><E34/><V12/><F0/><W124/><G117/><T115/><D134/><U118/><E118/><V28/><F119/><W7/><G59/><T4/><D115/><N who="3" m="44105" /><G83/><T3/><D30/><U52/><E126/><AGARI ba="0,0" hai="1,7,8,10,11,124,125,126,132,133,135" m="44105" machi="126" ten="40,12000,1" yaku="18,1,20,1,34,2" doraHai="45" who="3" fromWho="1" sc="329,0,211,-120,230,0,230,120" /><INIT seed="3,1,0,0,3,5" ten="329,91,230,350" oya="3" hai0="43,98,70,10,6,35,16,9,89,48,31,91,50" hai1="47,57,12,71,27,111,4,42,64,55,118,93,82" hai2="44,25,78,132,121,24,19,74,0,21,120,85,41" hai3="88,80,131,87,115,101,79,122,110,76,83,109,66"/><W114/><G66/><T134/><D70/><U51/><E111/><N who="3" m="42506" /><G122/><N who="2" m="47209" /><F132/><W46/><G46/><T65/><D134/><U38/><E118/><V106/><F106/><W60/><G60/><T40/><D65/><U94/><E27/><V99/><F99/><W108/><N who="3" m="42514" /><W15/><DORA hai="104" /><G15/><T34/><D98/><U8/><E82/><N who="3" m="31274" /><G101/><T36/><D36/><U30/><E30/><V81/><F0/><W37/><G37/><T119/><D31/><U68/><E68/><V75/><F25/><W107/><G107/><T123/><D119/><U100/><E100/><V72/><F85/><W20/><G20/><T128/><D34/><U33/><E33/><V73/><F74/><W90/><G131/><T11/><D35/><U22/><E22/><V59/><F59/><W116/><G116/><T117/><D117/><U23/><E23/><V13/><F24/><W69/><G69/><T58/><D58/><U18/><REACH who="1" step="1"/><E4/><REACH who="1" ten="329,81,230,350" step="2"/><V39/><AGARI ba="1,1" hai="13,19,21,39,41,44,72,73,75,78,81" m="47209" machi="39" ten="30,7900,0" yaku="13,1,52,3" doraHai="5,104" who="2" fromWho="2" sc="329,-21,81,-21,230,92,350,-40" /><INIT seed="4,0,0,3,0,55" ten="308,60,322,310" oya="0" hai0="128,28,24,44,113,123,95,63,124,23,92,102,20" hai1="101,117,58,49,46,131,45,122,108,9,17,91,1" hai2="35,94,2,47,37,77,88,38,65,133,129,97,81" hai3="68,25,98,41,67,50,87,76,31,11,12,112,21"/><T90/><D123/><U132/><E108/><V32/><F2/><W14/><G112/><T7/><D113/><U80/><E122/><V106/><F129/><W111/><G111/><T53/><D128/><U36/><E131/><V74/><F133/><W66/><G68/><T48/><D124/><U33/><E117/><V15/><F65/><W27/><G27/><T118/><D118/><U71/><E71/><V61/><F61/><W110/><G98/><T22/><D7/><U135/><E33/><V103/><F15/><W120/><G110/><T134/><D134/><N who="1" m="51243" /><E101/><V116/><F116/><W130/><G14/><T72/><D72/><U115/><E115/><V39/><REACH who="2" step="1"/><F47/><REACH who="2" ten="308,60,312,310" step="2"/><N who="3" m="25967" /><G120/><T89/><D63/><U125/><E1/><V30/><F30/><W64/><G130/><T52/><D53/><N who="1" m="32047" /><E125/><V10/><F10/><W121/><G121/><T105/><D105/><U96/><E36/><V79/><F79/><W83/><G66/><T4/><D4/><AGARI ba="0,1" hai="4,11,12,21,25,31,64,67,76,83,87" m="25967" machi="4" ten="30,2000,0" yaku="25,1,8,1" doraHai="55" who="3" fromWho="0" sc="308,-20,60,0,312,0,310,30" /><INIT seed="5,0,0,4,4,50" ten="288,60,312,340" oya="1" hai0="11,82,88,133,8,22,132,79,99,127,9,101,119" hai1="113,2,21,52,72,7,6,116,87,62,91,124,128" hai2="104,64,81,35,111,23,5,103,106,12,42,95,43" hai3="27,0,102,125,57,115,76,48,51,66,109,80,36"/><U31/><E116/><V117/><F35/><W17/><G115/><T123/><D119/><U83/><E113/><V28/><F64/><W13/><G36/><T20/><D127/><U1/><E124/><V46/><F106/><W121/><G0/><T108/><D108/><U59/><E128/><V26/><F104/><W49/><G109/><T73/><D123/><U97/><E72/><V44/><F111/><W93/><G121/><T130/><D130/><U118/><E118/><V34/><F34/><W3/><G3/><T29/><D29/><U94/><E1/><V110/><F110/><W4/><G4/><T134/><D88/><N who="1" m="55495" /><E2/><V32/><F32/><W96/><G27/><AGARI ba="0,0" hai="6,7,21,27,31,52,59,62,83,87,91" m="55495" machi="27" ten="30,11600,0" yaku="8,1,52,1,54,2" doraHai="50" who="1" fromWho="3" sc="288,0,60,116,312,0,340,-116" /><INIT seed="5,1,0,0,2,107" ten="288,176,312,224" oya="1" hai0="77,45,26,74,115,35,132,18,76,93,79,19,31" hai1="42,44,25,95,16,9,84,68,11,38,87,54,0" hai2="58,24,98,57,47,37,91,104,8,73,103,36,113" hai3="49,48,101,67,118,71,6,109,75,129,50,88,70"/><U105/><E105/><V63/><F58/><W85/><G109/><T69/><D69/><U55/><E68/><V130/><F130/><W23/><G129/><T92/><D74/><U131/><E131/><V51/><F73/><W27/><G75/><T110/><D110/><U28/><E11/><V97/><F8/><W99/><G6/><T34/><D115/><U134/><E134/><V108/><F24/><W20/><G118/><T128/><D128/><U53/><E95/><V4/><F4/><W72/><G72/><T133/><D45/><U106/><E106/><V52/><F113/><W30/><G20/><T46/><D46/><U102/><E102/><V43/><F108/><W114/><G114/><T3/><D3/><U1/><E1/><V65/><F97/><W14/><G14/><T86/><D86/><U96/><E96/><V120/><F120/><W119/><G119/><T127/><D127/><U64/><E64/><V123/><F91/><W15/><G15/><T122/><D122/><U33/><REACH who="1" step="1"/><E16/><REACH who="1" ten="288,166,312,224" step="2"/><V116/><F123/><W112/><G67/><T29/><D92/><U89/><E89/><V39/><F116/><W32/><G112/><T121/><D93/><U66/><E66/><V21/><F21/><W135/><G23/><T2/><D2/><U111/><E111/><V40/><AGARI ba="1,1" hai="36,37,39,40,43,47,51,52,57,63,65,98,103,104" machi="40" ten="40,2700,0" yaku="0,1,54,1" doraHai="107" who="2" fromWho="2" sc="288,-8,166,-14,312,40,224,-8" /><INIT seed="6,0,0,2,3,65" ten="280,152,352,216" oya="2" hai0="97,64,133,83,31,54,60,19,9,104,33,11,125" hai1="0,13,79,48,17,81,61,99,22,1,129,82,24" hai2="49,59,105,39,106,27,88,110,131,116,95,21,122" hai3="16,96,112,126,117,74,18,12,69,123,135,76,108"/><V80/><F39/><W32/><G76/><T102/><D133/><U53/><E129/><V28/><F122/><W124/><G96/><T46/><D125/><U15/><E99/><V119/><F110/><W45/><G45/><T90/><D19/><U36/><E36/><V84/><F131/><W23/><G74/><T100/><D100/><U2/><E61/><V4/><F4/><W38/><G38/><T41/><D54/><U51/><E82/><V67/><F95/><W29/><G69/><T127/><D127/><N who="3" m="48681" /><G123/><T68/><D90/><U66/><E66/><V3/><F3/><W75/><G75/><T25/><D83/><U62/><E62/><V70/><F70/><W132/><G108/><T134/><D134/><N who="3" m="51241" /><G112/><T63/><D63/><U55/><E51/><AGARI ba="0,0" hai="9,11,25,31,33,41,46,51,60,64,68,97,102,104" machi="51" ten="30,7700,0" yaku="7,1,25,2,52,1" doraHai="65" who="0" fromWho="1" sc="280,77,152,-77,352,0,216,0" /><INIT seed="7,0,0,2,4,129" ten="357,75,352,216" oya="3" hai0="67,75,42,53,58,113,86,65,108,112,12,43,96" hai1="46,84,0,15,26,122,3,17,79,68,119,41,29" hai2="78,106,103,19,13,94,83,88,124,99,56,5,110" hai3="100,81,35,98,72,33,38,87,102,54,32,44,116"/><W93/><G116/><T114/><D108/><U22/><E68/><V55/><F110/><W64/><G72/><T82/><D75/><U70/><E70/><V25/><F5/><W11/><G64/><N who="0" m="24651" /><D96/><U59/><E119/><V2/><F2/><W8/><G102/><T40/><D12/><U27/><E122/><V6/><F6/><W126/><G126/><T132/><D132/><U117/><E117/><V14/><F124/><W60/><G60/><N who="0" m="35919" /><D40/><U20/><E59/><V111/><F111/><W49/><REACH who="3" step="1"/><G38/><REACH who="3" ten="357,75,352,206" step="2"/><T128/><D128/><U104/><E104/><V52/><F106/><W61/><G61/><T130/><D130/><U133/><E0/><V9/><F103/><W37/><G37/><T134/><D134/><U135/><E3/><V39/><F39/><W28/><G28/><T69/><D69/><U91/><E15/><V21/><F14/><W50/><G50/><T36/><D36/><U7/><E7/><N who="2" m="3263" /><F56/><W66/><G66/><T89/><AGARI ba="0,1" hai="42,43,82,86,89,112,113,114" m="35919,24651" machi="89" ten="40,2700,0" yaku="15,1,11,1" doraHai="129" who="0" fromWho="0" sc="357,37,75,-7,352,-7,206,-13" owari="394,49.0,68,-43.0,345,15.0,193,-21.0" /></mjloggm>