<mjloggm ver="2.3"><GO type="169" lobby="0"/><UN n0="%70%69%6E%63%65%72%73" n1="%E8%87%AA%E6%83%9A%E3%82%8C%E3%83%AA%E3%83%BC%E3%83%81" n2="%E7%A0%B2%E3%81%AE%E4%B8%8A%E3%81%AE%E3%81%82%E3%81%AE%E5%A8%98" n3="%E3%82%AD%E3%83%B3%E3%82%B0%E3%81%82%E3%81%A4%E3%81%97" dan="16,16,16,17" rate="2154.52,2060.95,2157.39,2189.50" sx="M,M,F,M"/><TAIKYOKU oya="0"/><INIT seed="0,0,0,0,3,30" ten="250,250,250,250" oya="0" hai0="46,39,125,110,35,82,18,20,15,16,9,31,41" hai1="122,44,3,104,5,62,77,119,59,54,14,99,28" hai2="17,128,26,109,106,65,92,127,53,55,43,90,72" hai3="45,101,29,63,105,8,86,116,94,22,10,32,84"/><T7/><D125/><U11/><E122/><V100/><F127/><W98/><G116/><T49/><D110/><U79/><E119/><V2/><F2/><W107/><G107/><T95/><D95/><U34/><E104/><V61/><F109/><W23/><G45/><T87/><D39/><U24/><E99/><V91/><F72/><W83/><G84/><T78/><D35/><U50/><REACH who="1" step="1"/><E3/><REACH who="1" ten="250,240,250,250" step="2"/><V108/><F106/><W103/><G105/><T102/><D102/><U74/><E74/><V112/><F100/><W113/><G101/><T85/><D87/><U97/><E97/><V71/><F108/><W51/><G98/><T88/><D78/><U73/><E73/><V89/><F112/><W131/><G86/><T135/><D135/><U66/><AGARI ba="0,1" hai="5,11,14,24,28,34,44,50,54,59,62,66,77,79" machi="66" ten="20,5200,0" yaku="1,1,0,1,7,1,52,1,53,0" doraHai="30" doraHaiUra="13" who="1" fromWho="1" sc="250,-26,240,62,250,-13,250,-13" /><INIT seed="1,0,0,0,3,1" ten="224,302,237,237" oya="1" hai0="120,88,54,71,18,32,113,53,45,83,26,74,90" hai1="57,34,87,112,94,52,42,135,75,80,5,37,133" hai2="6,33,7,24,96,82,124,9,13,68,99,134,127" hai3="39,38,131,118,16,78,109,62,61,67,48,97,122"/><U46/><E112/><V103/><F68/><W123/><G78/><T36/><D113/><U23/><E34/><V43/><F134/><N who="1" m="51209" /><E75/><V59/><F43/><W79/><G79/><T8/><D120/><U35/><E35/><V65/><F82/><W69/><G97/><N who="2" m="37449" /><F103/><W56/><G16/><T3/><D71/><U22/><E94/><V10/><F33/><W117/><G48/><T130/><D130/><U30/><E30/><V121/><F121/><N who="3" m="46091" /><G131/><T27/><D74/><U107/><E107/><V114/><F114/><W76/><G76/><T101/><D101/><U81/><E87/><V105/><F105/><W25/><G25/><T108/><D26/><U40/><E40/><V116/><F24/><W93/><G93/><T64/><D27/><U98/><E98/><V49/><F116/><N who="3" m="44651" /><G109/><T106/><D108/><U73/><E73/><V55/><F65/><AGARI ba="0,0" hai="38,39,56,61,62,65,67,69" m="44651,46091" machi="65" ten="30,3900,0" yaku="12,1,34,2" doraHai="1" who="3" fromWho="2" sc="224,0,302,0,237,-39,237,39" /><INIT seed="2,0,0,0,1,112" ten="224,302,198,276" oya="2" hai0="94,42,95,59,56,10,67,57,53,33,76,74,71" hai1="98,32,106,134,18,15,28,127,46,68,88,12,91" hai2="114,8,31,115,104,22,86,83,37,30,55,51,50" hai3="25,26,19,4,9,82,126,0,27,20,119,63,3"/><V14/><F37/><W62/><G63/><T2/><D33/><U102/><E127/><V11/><F104/><W81/><G62/><T130/><D130/><U36/><E68/><V44/><F115/><W79/><G81/><T122/><D122/><U118/><E134/><V39/><F39/><W45/><G45/><T6/><D42/><U121/><E28/><V93/><F114/><W35/><G82/><T99/><D94/><U123/><E32/><V73/><F73/><W58/><G58/><T120/><D120/><N who="1" m="46155" /><E118/><V29/><F93/><W125/><G79/><T65/><D71/><U52/><E15/><V34/><F34/><W66/><G66/><T111/><D111/><U84/><E84/><V89/><REACH who="2" step="1"/><F51/><REACH who="2" ten="224,302,188,276" step="2"/><W103/><G35/><T1/><D74/><U90/><E36/><V85/><F85/><W133/><G126/><T116/><D95/><U21/><E91/><V13/><F13/><W43/><G125/><T61/><D65/><U132/><E132/><V16/><AGARI ba="0,1" hai="8,11,14,16,22,29,30,31,44,50,55,83,86,89" machi="16" ten="30,12000,1" yaku="1,1,0,1,8,1,54,1,53,1" doraHai="112" doraHaiUra="77" who="2" fromWho="2" sc="224,-40,302,-40,188,130,276,-40" /><INIT seed="2,1,0,5,0,4" ten="184,262,318,236" oya="2" hai0="61,99,125,83,101,88,24,54,123,94,15,112,45" hai1="100,14,11,107,49,67,30,130,36,89,50,29,72" hai2="7,82,44,73,65,53,96,104,13,6,42,34,131" hai3="118,12,77,79,105,10,9,87,93,43,1,64,39"/><V59/><F131/><W0/><G105/><T92/><D123/><U38/><E72/><V114/><F34/><W48/><G39/><T110/><D110/><U58/><E107/><V98/><F114/><W90/><G1/><T135/><D112/><U56/><E100/><V28/><F28/><W117/><G0/><T8/><D135/><U121/><E67/><V106/><F65/><W108/><G108/><T46/><D125/><U111/><E111/><V97/><F73/><W62/><G117/><T84/><D24/><U2/><E2/><V47/><F82/><W63/><G118/><T75/><D75/><U115/><E115/><V23/><F104/><W5/><G9/><T76/><D61/><N who="3" m="23049" /><G64/><T113/><D54/><N who="1" m="31823" /><E38/><V22/><F106/><W69/><G69/><T33/><D33/><U80/><E36/><V124/><F124/><W57/><G57/><T66/><D66/><U20/><E130/><V78/><F78/><W41/><G48/><T3/><D3/><U128/><E20/><N who="2" m="7723" /><F42/><AGARI ba="1,0" hai="5,10,12,41,42,43,77,79,87,90,93" m="23049" machi="42" ten="30,2000,0" yaku="8,1,52,1" doraHai="4" who="3" fromWho="2" sc="184,0,262,0,318,-23,236,23" /><INIT seed="3,0,0,5,1,121" ten="184,262,295,259" oya="3" hai0="95,82,6,66,17,35,32,86,13,21,56,112,118" hai1="132,73,46,97,123,116,83,77,113,126,100,71,40" hai2="93,85,89,114,111,124,20,68,22,14,99,98,45" hai3="131,29,122,23,41,54,61,5,80,130,128,103,63"/><W115/><G122/><T38/><D38/><U59/><E123/><V92/><F68/><W58/><G115/><T108/><D118/><U70/><E126/><V67/><F114/><W47/><G103/><T84/><D112/><U42/><E132/><V81/><F124/><W127/><G127/><T25/><D95/><N who="2" m="36426" /><F111/><W119/><G119/><T76/><D84/><U101/><E116/><V135/><F135/><W134/><G134/><T16/><D6/><U31/><E31/><V34/><F34/><W10/><G80/><T7/><D7/><U75/><E75/><V64/><F45/><W79/><G79/><T2/><D2/><U3/><E3/><V15/><F15/><W24/><G61/><T11/><REACH who="0" step="1"/><D108/><REACH who="0" ten="174,262,295,259" step="2"/><U37/><E37/><V109/><F109/><W55/><G5/><T107/><D107/><U105/><E105/><V74/><F74/><W57/><G128/><T52/><D52/><U9/><E73/><V106/><F106/><W96/><G130/><T50/><D50/><U0/><E0/><V91/><F85/><W110/><G131/><T133/><D133/><U78/><E113/><V28/><F99/><W26/><G96/><T36/><D36/><U18/><E97/><V129/><F98/><W4/><G110/><T49/><D49/><U8/><E100/><V87/><F87/><W62/><G4/><T88/><D88/><U43/><E101/><V1/><F89/><W102/><G102/><T69/><D69/><U48/><E71/><V117/><F91/><W120/><G120/><T60/><AGARI ba="0,1" hai="11,13,16,17,21,25,32,35,56,60,66,76,82,86" machi="60" ten="30,8000,1" yaku="1,1,0,1,54,1,53,2" doraHai="121" doraHaiUra="30" who="0" fromWho="0" sc="174,90,262,-20,295,-20,259,-40" /><INIT seed="4,0,0,0,2,110" ten="264,242,275,219" oya="0" hai0="117,105,123,33,48,67,1,12,91,13,6,78,30" hai1="35,89,113,118,5,92,7,63,21,111,39,54,72" hai2="99,109,16,66,94,50,24,56,64,32,31,96,74" hai3="59,4,106,128,60,135,58,98,57,104,107,8,14"/><T41/><D117/><U119/><E35/><V49/><F109/><W51/><G128/><T80/><D123/><U116/><E111/><V75/><F75/><W95/><G135/><T34/><D105/><U3/><E72/><V55/><F74/><W83/><G83/><T84/><D67/><U19/><E39/><V61/><F99/><W2/><G51/><T20/><D1/><U85/><E3/><V101/><F50/><W9/><G9/><N who="0" m="4151" /><D91/><U79/><E79/><V90/><F101/><W0/><REACH who="3" step="1"/><G60/><REACH who="3" ten="264,242,275,209" step="2"/><T87/><D80/><U52/><E63/><V18/><REACH who="2" step="1"/><F64/><REACH who="2" ten="264,242,265,209" step="2"/><W38/><G38/><T27/><D48/><U26/><E119/><V40/><F40/><W62/><G62/><T25/><D41/><U76/><E118/><V46/><AGARI ba="0,2" hai="16,18,24,31,32,46,49,55,56,61,66,90,94,96" machi="46" ten="20,5200,0" yaku="1,1,0,1,7,1,54,1,53,0" doraHai="110" doraHaiUra="11" who="2" fromWho="2" sc="264,-26,242,-13,265,72,209,-13" /><INIT seed="5,0,0,3,4,76" ten="238,229,337,196" oya="1" hai0="72,42,0,28,64,16,71,118,93,47,44,11,98" hai1="127,111,119,120,100,66,125,114,116,128,84,13,54" hai2="45,105,134,86,90,123,107,52,59,19,17,3,14" hai3="124,56,75,96,91,18,106,4,62,77,48,5,131"/><U43/><E120/><V50/><F123/><W102/><G124/><N who="1" m="47690" /><E100/><V60/><F3/><W122/><G122/><T27/><D118/><N who="1" m="45099" /><E13/><V67/><F134/><W21/><G131/><T33/><D72/><U15/><E15/><V6/><F6/><W103/><G48/><T117/><D117/><U88/><E43/><V30/><F30/><W8/><G91/><T41/><D42/><U22/><E22/><V69/><F69/><W7/><G102/><T20/><D41/><U35/><E35/><V74/><F74/><W49/><G49/><T29/><D71/><U57/><E66/><V36/><F36/><W40/><G40/><T70/><D64/><U80/><E128/><V34/><F34/><W39/><G39/><T108/><D70/><U110/><E114/><V97/><F17/><W92/><G106/><T130/><D130/><U126/><N who="1" m="47698" /><U129/><DORA hai="113" /><E129/><V24/><F24/><W68/><G68/><T53/><D27/><U87/><E84/><V104/><F97/><W65/><G8/><T61/><D98/><U1/><E1/><V89/><REACH who="2" step="1"/><F86/><REACH who="2" ten="238,229,327,196" step="2"/><W82/><REACH who="3" step="1"/><G7/><REACH who="3" ten="238,229,327,186" step="2"/><T133/><D11/><AGARI ba="0,2" hai="11,14,19,45,50,52,59,60,67,89,90,104,105,107" machi="11" ten="40,8000,1" yaku="1,1,2,1,54,1,53,1" doraHai="76,113" doraHaiUra="55,37" who="2" fromWho="0" sc="238,-80,229,0,327,100,186,0" /><INIT seed="6,0,0,0,0,112" ten="158,229,427,186" oya="2" hai0="80,87,38,89,12,125,104,34,64,48,15,135,110" hai1="9,36,124,16,105,51,30,22,67,4,98,114,3" hai2="31,129,14,35,130,47,70,86,24,8,109,95,113" hai3="40,21,76,93,61,49,25,65,23,100,78,133,41"/><V119/><F70/><W43/><G133/><T90/><D110/><U116/><E36/><V71/><F71/><W97/><G49/><T20/><D34/><U18/><E67/><V7/><F113/><W28/><REACH who="3" step="1"/><G21/><REACH who="3" ten="158,229,427,176" step="2"/><T5/><D135/><U50/><E114/><V46/><F129/><W123/><G123/><T26/><D38/><U11/><E51/><V32/><F130/><W10/><G10/><T19/><D125/><U66/><E50/><V120/><F8/><W29/><G29/><T127/><D127/><U6/><E30/><V96/><F31/><W107/><G107/><T126/><D126/><U91/><E105/><V37/><F120/><W39/><G39/><T79/><D104/><U115/><E22/><V82/><F37/><W62/><G62/><T0/><D48/><U92/><E115/><V52/><F109/><W108/><G108/><T27/><D64/><U117/><E66/><V73/><F35/><W69/><AGARI ba="0,1" hai="23,25,28,40,41,43,61,65,69,76,78,93,97,100" machi="69" ten="30,2000,0" yaku="1,1,0,1,53,0" doraHai="112" doraHaiUra="33" who="3" fromWho="3" sc="158,-5,229,-5,427,-10,176,30" /><INIT seed="7,0,0,2,1,73" ten="153,224,417,206" oya="3" hai0="101,90,84,97,103,66,11,39,127,5,17,128,72" hai1="23,45,59,6,62,55,114,87,118,82,83,52,85" hai2="40,74,131,124,32,100,48,13,10,130,80,70,109" hai3="18,27,125,65,54,112,28,3,33,110,4,111,14"/><W76/><G65/><T25/><D128/><U58/><E114/><V119/><F70/><W105/><G112/><T104/><D127/><U31/><E6/><V41/><F109/><W42/><G42/><T7/><D39/><U129/><E129/><N who="2" m="49163" /><F32/><W50/><G105/><T78/><D66/><U69/><E69/><V20/><F119/><W22/><G76/><T123/><D101/><U99/><E99/><V98/><F20/><W35/><G35/><T96/><D96/><U44/><E87/><V0/><F0/><W46/><G125/><T51/><D51/><N who="1" m="31007" /><E83/><V36/><F48/><W126/><G126/><T15/><D123/><U16/><E31/><V89/><F36/><W63/><G63/><T106/><D106/><U56/><E56/><V79/><F89/><W95/><G95/><T34/><D34/><U47/><E118/><V38/><F38/><W134/><G134/><T94/><D25/><N who="1" m="14567" /><E47/><V21/><F124/><W30/><G30/><T113/><D113/><U108/><E108/><V120/><F120/><W115/><G115/><T12/><D12/><U132/><E132/><V29/><F29/><W93/><G4/><T43/><D43/><U8/><E8/><V91/><F10/><W24/><G3/><T86/><D84/><U26/><E26/><V19/><F100/><W9/><G24/><T122/><D122/><U57/><E85/><V121/><F121/><W116/><G27/><T135/><D135/><U60/><E60/><V2/><F2/><W53/><G111/><T75/><D75/><U102/><E62/><V77/><F74/><W107/><G110/><RYUUKYOKU ba="0,0" sc="153,30,224,-10,417,-10,206,-10" hai0="5,7,11,15,17,72,78,86,90,94,97,103,104" owari="183,-32.0,214,1.0,407,51.0,196,-20.0" /></mjloggm>