<mjloggm ver="2.3"><GO type="169" lobby="0"/><UN n0="%E7%8B%82%E7%8A%AC" n1="%E5%BD%A9%E4%BA%AC" n2="%E8%83%83%E3%81%A8%E8%85%B8" n3="%E3%81%8D%E3%81%BE%E3%81%99" dan="16,17,18,17" rate="2136.92,2198.59,2231.71,2211.14" sx="M,M,M,M"/><TAIKYOKU oya="0"/><INIT seed="0,0,0,4,5,19" ten="250,250,250,250" oya="0" hai0="89,55,56,105,8,108,0,53,21,36,62,66,101" hai1="112,111,82,14,38,94,2,50,26,39,104,22,135" hai2="133,67,37,134,7,45,92,97,40,114,64,132,44" hai3="32,85,83,122,123,130,23,125,113,59,1,5,98"/><T115/><D115/><U65/><E104/><V102/><F114/><W25/><G113/><T24/><D36/><U99/><E112/><V29/><F7/><W75/><G75/><T128/><D128/><U80/><E2/><V77/><F77/><W127/><G98/><T63/><D108/><U41/><E111/><V109/><F109/><W16/><G59/><T119/><D119/><U48/><E65/><V58/><F44/><W30/><G130/><T86/><D105/><U74/><E14/><V42/><F42/><W54/><G54/><T17/><D101/><U118/><E135/><V46/><F46/><W131/><G85/><T95/><REACH who="0" step="1"/><D63/><REACH who="0" ten="240,250,250,250" step="2"/><U28/><E118/><V27/><REACH who="2" step="1"/><F58/><REACH who="2" ten="240,250,240,250" step="2"/><W71/><G131/><T107/><D107/><U116/><E116/><V93/><F93/><W84/><G71/><T6/><AGARI ba="0,2" hai="0,6,8,17,21,24,53,55,56,62,66,86,89,95" machi="6" ten="30,6000,0" yaku="1,1,0,1,52,1,53,0" doraHai="19" doraHaiUra="100" who="0" fromWho="0" sc="240,80,250,-20,240,-20,250,-20" /><INIT seed="0,1,0,0,0,37" ten="320,230,220,230" oya="0" hai0="53,32,3,21,65,121,17,80,112,82,113,84,24" hai1="52,25,57,71,66,23,38,129,109,55,36,54,79" hai2="45,50,44,49,33,74,100,72,73,19,124,111,76" hai3="0,104,120,123,126,135,28,13,105,102,116,14,18"/><T131/><D121/><N who="3" m="46665" /><G0/><T81/><D3/><U58/><E109/><V97/><F111/><W51/><G116/><T108/><D108/><U11/><E79/><V6/><F6/><W7/><G102/><T31/><D131/><U67/><E11/><V91/><F124/><W29/><G126/><T114/><D65/><N who="1" m="24587" /><E23/><V56/><F33/><W48/><G135/><T86/><REACH who="0" step="1"/><D53/><REACH who="0" ten="310,230,220,230" step="2"/><U92/><E129/><V47/><F72/><W119/><G119/><T60/><D60/><U115/><E55/><V96/><F73/><W22/><G105/><T5/><D5/><U63/><E54/><V94/><F74/><W87/><G104/><T93/><D93/><U35/><E92/><V69/><F94/><W8/><G87/><T134/><D134/><U127/><E52/><V42/><F49/><AGARI ba="1,1" hai="7,8,13,14,18,22,28,29,48,49,51" m="46665" machi="49" ten="30,1000,0" yaku="13,1" doraHai="37" who="3" fromWho="2" sc="310,0,230,0,220,-13,230,23" /><INIT seed="1,0,0,4,1,132" ten="310,230,207,253" oya="1" hai0="68,50,115,0,85,109,29,131,28,1,102,59,99" hai1="17,43,64,34,73,92,78,100,114,54,126,113,16" hai2="47,119,82,67,62,19,105,94,95,55,135,30,69" hai3="134,36,86,118,87,52,98,57,125,81,5,104,20"/><U63/><E34/><V124/><F135/><W22/><G36/><T3/><D115/><U84/><E43/><V60/><F119/><W45/><G134/><T101/><D68/><U10/><E54/><V41/><F105/><W32/><G32/><T110/><D85/><U91/><E100/><N who="0" m="38505" /><D99/><U83/><E126/><V33/><F82/><W51/><G118/><T116/><D116/><U13/><REACH who="1" step="1"/><E17/><REACH who="1" ten="310,220,207,253" step="2"/><V44/><F19/><W53/><G125/><T25/><D110/><U112/><E112/><V9/><F124/><W6/><G53/><T66/><D109/><U37/><E37/><V23/><F33/><W21/><G6/><T123/><D28/><U42/><E42/><V80/><F30/><W127/><G5/><T70/><D29/><U11/><E11/><V108/><F9/><W88/><G127/><T38/><D38/><U97/><E97/><V61/><F108/><W18/><G98/><T121/><D121/><U120/><E120/><V93/><F41/><W2/><G18/><T40/><D123/><U76/><E76/><V15/><F55/><W74/><G52/><T90/><D40/><U39/><E39/><V49/><F44/><W106/><G45/><T7/><D7/><U27/><E27/><V89/><F47/><W107/><G21/><T111/><D25/><U26/><E26/><V77/><F77/><W72/><G20/><T117/><D111/><U35/><E35/><V129/><F23/><W130/><G22/><T96/><D96/><U48/><E48/><V31/><F49/><W46/><G51/><T65/><D50/><U128/><E128/><RYUUKYOKU ba="0,1" sc="310,-10,220,30,207,-10,253,-10" hai1="10,13,16,63,64,73,78,83,84,91,92,113,114" /><INIT seed="1,1,1,2,5,113" ten="300,250,197,243" oya="1" hai0="121,3,108,103,11,1,114,35,37,82,89,36,72" hai1="0,69,42,68,70,76,13,104,109,67,31,54,60" hai2="78,79,120,59,86,22,101,98,96,80,126,119,124" hai3="132,45,131,134,27,41,115,40,29,100,26,4,19"/><U74/><E0/><N who="0" m="73" /><D11/><U28/><E42/><N who="3" m="16490" /><G131/><T63/><D89/><U117/><E104/><V106/><F59/><W49/><G115/><T52/><D114/><U102/><E102/><V95/><F22/><N who="3" m="13663" /><G4/><T73/><D103/><U14/><E109/><V128/><F128/><W38/><G100/><T2/><N who="0" m="81" /><T127/><DORA hai="116" /><D82/><U81/><E69/><V7/><F7/><W51/><G45/><T112/><D112/><U8/><E70/><V118/><F78/><W55/><G55/><T25/><D108/><U61/><E14/><V92/><F120/><W43/><G43/><T65/><D52/><U57/><REACH who="1" step="1"/><E117/><REACH who="1" ten="300,240,197,243" step="2"/><N who="2" m="44555" /><F106/><W53/><G38/><T111/><D111/><U48/><E48/><V47/><F47/><W84/><G51/><T18/><D36/><U66/><E66/><V77/><F77/><W71/><G49/><T44/><D44/><U130/><E130/><V88/><AGARI ba="1,2" hai="79,80,86,88,92,95,96,98,101,124,126" m="44555" machi="88" ten="30,12000,2" yaku="34,2,52,3,54,1" doraHai="113,116" who="2" fromWho="2" sc="300,-31,240,-61,197,143,243,-31" /><INIT seed="2,0,0,0,3,53" ten="269,179,340,212" oya="2" hai0="48,15,39,115,3,94,18,83,2,123,79,132,43" hai1="65,128,42,129,32,99,70,80,98,101,68,10,74" hai2="7,109,103,113,110,78,97,31,20,61,126,71,16" hai3="19,84,17,133,77,41,50,67,125,58,108,55,127"/><V87/><F113/><W120/><G108/><N who="2" m="41577" /><F126/><N who="3" m="48139" /><G120/><T45/><D132/><U73/><E32/><V63/><F71/><W72/><G72/><T134/><D134/><U121/><E121/><V81/><F31/><W26/><G133/><T93/><D115/><U89/><E42/><V85/><F85/><W24/><G67/><T6/><D123/><U37/><E37/><V66/><F7/><W82/><G41/><T35/><D35/><U102/><E74/><V11/><F11/><W119/><G119/><T28/><D28/><U8/><E73/><V100/><F66/><W30/><G26/><T57/><D2/><U90/><E65/><V29/><F29/><W21/><AGARI ba="0,0" hai="17,19,21,24,30,50,55,58,77,82,84" m="48139" machi="21" ten="30,2000,0" yaku="18,1,52,1" doraHai="53" who="3" fromWho="3" sc="269,-5,179,-5,340,-10,212,20" /><INIT seed="3,0,0,5,0,52" ten="264,174,330,232" oya="3" hai0="124,53,82,115,79,90,99,114,0,65,92,32,86" hai1="19,121,132,88,105,95,66,117,51,125,89,78,85" hai2="134,91,67,126,11,50,118,108,109,129,106,54,49" hai3="113,64,98,130,3,80,72,96,8,14,38,35,26"/><W74/><G38/><T128/><D0/><U10/><E121/><V83/><F118/><W102/><G113/><N who="0" m="43019" /><D32/><U59/><E105/><V28/><F126/><W5/><G98/><T13/><D13/><N who="1" m="7607" /><E125/><V12/><F129/><W43/><G80/><N who="0" m="47391" /><D53/><N who="1" m="32191" /><E132/><V111/><F134/><W77/><G77/><T6/><D65/><U60/><E117/><V133/><F133/><W15/><G64/><T34/><D6/><U101/><E78/><V25/><F106/><W2/><G43/><T97/><D34/><U18/><E18/><N who="2" m="8479" /><F67/><W87/><G130/><T41/><D41/><U75/><E75/><V55/><F55/><W110/><G72/><T4/><D4/><U1/><E1/><V21/><F54/><W94/><G74/><T40/><D40/><U33/><E33/><V112/><F112/><W122/><G122/><T120/><D120/><U30/><E30/><V123/><F123/><W104/><G3/><T48/><D48/><U70/><E101/><V9/><F9/><W7/><G5/><T84/><D128/><U62/><E66/><V131/><F131/><W45/><G2/><T63/><D63/><N who="1" m="24107" /><E70/><V58/><F49/><W47/><G35/><T23/><D23/><U73/><E73/><V71/><F50/><W56/><G8/><T46/><D46/><U29/><E29/><V100/><F71/><W69/><G47/><T127/><D99/><U24/><E24/><V107/><F25/><W103/><G26/><T36/><D36/><U76/><E76/><AGARI ba="0,0" hai="76,82,84,90,92,97,124,127" m="47391,43019" machi="76" ten="30,3900,0" yaku="11,1,34,2" doraHai="52" who="0" fromWho="1" sc="264,39,174,-39,330,0,232,0" /><INIT seed="4,0,0,1,0,97" ten="303,135,330,232" oya="0" hai0="115,38,131,128,32,17,112,42,85,98,92,134,43" hai1="28,88,48,89,9,8,64,67,37,26,127,11,77" hai2="13,29,23,14,30,55,45,125,79,126,16,39,123" hai3="107,109,2,81,111,99,56,117,35,66,70,113,68"/><T105/><D17/><U78/><E37/><V27/><F123/><W54/><G35/><T83/><D32/><U91/><E127/><N who="2" m="48651" /><F79/><W12/><G2/><T52/><D38/><U118/><E118/><V93/><F93/><W22/><G117/><T86/><D52/><U114/><E114/><N who="0" m="43561" /><D42/><U133/><E133/><V19/><F55/><W5/><G113/><T130/><D43/><U58/><E67/><V122/><F45/><W18/><G5/><T90/><D134/><U69/><E69/><V53/><F53/><W96/><G66/><T80/><D105/><U57/><E48/><V61/><F61/><W21/><G107/><T34/><D34/><U1/><E1/><V71/><F71/><W59/><G54/><T24/><D24/><U50/><E50/><V94/><F39/><W124/><G18/><N who="2" m="6697" /><F122/><W65/><G124/><T44/><D44/><U102/><E58/><V33/><F94/><W25/><G65/><T106/><D106/><U10/><N who="1" m="2048" /><DORA hai="75" /><U73/><E73/><V110/><F33/><W40/><G40/><T15/><D15/><N who="2" m="5642" /><F29/><W119/><G70/><T100/><D131/><U49/><E49/><V103/><F103/><W121/><G68/><T0/><D0/><U4/><E102/><V36/><F36/><W62/><G56/><T120/><D120/><U46/><E46/><V84/><F84/><W129/><G59/><T116/><D116/><U41/><E41/><V74/><F74/><W51/><G119/><T135/><D135/><U63/><E4/><V47/><F47/><W82/><G62/><T60/><D60/><U31/><E31/><RYUUKYOKU ba="0,0" sc="303,10,135,10,330,10,232,-30" hai0="80,83,85,86,90,92,98,100,128,130" hai1="26,28,57,63,64,77,78,88,89,91" hai2="23,27,30,110" /><INIT seed="4,1,0,1,3,101" ten="313,145,340,202" oya="0" hai0="23,74,103,34,31,116,122,90,87,94,78,95,48" hai1="60,1,21,59,18,134,111,61,120,127,106,110,26" hai2="43,84,13,41,46,68,107,91,66,98,8,70,113" hai3="83,10,97,3,5,65,82,50,92,7,20,38,15"/><T33/><D116/><U12/><E120/><V39/><F113/><W130/><G38/><T19/><D122/><U51/><E1/><V114/><F114/><W14/><G130/><T6/><D6/><U67/><E127/><V16/><F66/><W126/><G126/><T112/><D31/><U96/><E134/><V121/><F121/><W104/><G104/><T55/><D112/><U4/><E51/><V22/><F41/><W25/><G65/><T119/><D119/><U53/><E4/><V88/><F22/><W42/><G7/><T99/><D78/><U45/><E45/><V24/><F24/><W32/><G15/><T73/><D73/><U79/><E79/><V28/><F28/><N who="3" m="19471" /><G50/><T30/><D74/><U62/><E12/><V123/><F123/><W47/><G47/><T124/><D30/><U71/><REACH who="1" step="1"/><E61/><REACH who="1" ten="313,135,340,202" step="2"/><V105/><F13/><W52/><G14/><N who="0" m="9719" /><D124/><U76/><E76/><V115/><F115/><W57/><G3/><T100/><D33/><U2/><E2/><V117/><F46/><W64/><G5/><T11/><D34/><U37/><E37/><V9/><F39/><W109/><G109/><T35/><D35/><U132/><E132/><V129/><F117/><W80/><G42/><T0/><D0/><U131/><E131/><V77/><F43/><W69/><G69/><T29/><D11/><U63/><E63/><V81/><F129/><W36/><G10/><T86/><D48/><U54/><E54/><V102/><F8/><W17/><G52/><T108/><D55/><U89/><E89/><N who="2" m="34379" /><F68/><W40/><G36/><T125/><D125/><RYUUKYOKU ba="1,1" sc="313,-10,135,30,340,-10,202,-10" hai1="18,21,26,53,59,60,62,67,71,96,106,110,111" /><INIT seed="5,2,1,5,0,65" ten="303,165,330,192" oya="1" hai0="97,45,80,118,18,78,84,108,63,57,112,16,73" hai1="15,90,119,101,0,12,42,14,64,52,98,127,79" hai2="103,49,19,46,130,44,59,53,1,104,68,9,121" hai3="102,133,32,135,111,25,67,17,87,92,85,7,100"/><U11/><E119/><V75/><F121/><W27/><G111/><T54/><D112/><U66/><E127/><V81/><F130/><W61/><G7/><T4/><D108/><U26/><E79/><V31/><F31/><W21/><G32/><T86/><D118/><U123/><E42/><V10/><F1/><W96/><G102/><T56/><D4/><U30/><E0/><V74/><F104/><W72/><G72/><T82/><D73/><U106/><E11/><V114/><F103/><W110/><G27/><T3/><D3/><U117/><E117/><V37/><F114/><W69/><REACH who="3" step="1"/><G110/><REACH who="3" ten="303,165,330,182" step="2"/><T125/><D125/><U36/><E123/><V29/><F74/><W48/><G48/><T22/><D97/><U124/><E124/><V20/><F75/><W89/><G89/><T39/><D39/><U77/><E36/><V2/><F37/><W76/><G76/><T126/><D126/><U91/><E77/><V6/><F49/><W5/><G5/><T131/><D131/><U71/><E91/><V13/><F6/><W109/><G109/><T99/><D99/><U116/><E116/><V120/><F120/><W55/><G55/><T113/><D113/><U51/><E90/><V33/><F53/><W8/><G8/><T50/><D22/><N who="1" m="15703" /><E66/><V115/><F9/><W35/><G35/><T94/><D78/><U41/><E64/><V24/><F115/><W122/><G122/><T43/><D86/><AGARI ba="2,2" hai="17,21,25,61,67,69,85,86,87,92,96,100,133,135" machi="86" ten="40,2600,0" yaku="1,1,52,1,53,0" doraHai="65" doraHaiUra="34" who="3" fromWho="0" sc="303,-32,165,0,330,0,182,52" /><INIT seed="6,0,0,0,2,82" ten="271,165,330,234" oya="2" hai0="8,104,94,116,63,2,74,9,93,36,107,88,95" hai1="6,102,49,32,103,54,27,112,124,111,78,56,110" hai2="98,90,25,21,67,100,41,1,20,31,7,24,130" hai3="120,14,58,119,35,28,39,133,16,5,135,118,12"/><V15/><F130/><W87/><G39/><T96/><D36/><U43/><E112/><V45/><F1/><W129/><G58/><T42/><D42/><U18/><E124/><V55/><F67/><W61/><G61/><T122/><D63/><U3/><E111/><V33/><F55/><W19/><G87/><N who="0" m="52383" /><D8/><U44/><E110/><V57/><F57/><W60/><G129/><T85/><D9/><U23/><E32/><V22/><F7/><W127/><G60/><T37/><D2/><U84/><E6/><V17/><F90/><W89/><G89/><N who="0" m="53551" /><D37/><U101/><E3/><V109/><F109/><W59/><G59/><T52/><D52/><U69/><E69/><V121/><F33/><W10/><G127/><T79/><D122/><U132/><E132/><V26/><F121/><W113/><G120/><T65/><D65/><U62/><REACH who="1" step="1"/><E102/><REACH who="1" ten="271,155,330,234" step="2"/><V77/><F100/><W51/><G135/><T75/><D116/><U83/><AGARI ba="0,1" hai="18,23,27,43,44,49,54,56,62,78,83,84,101,103" machi="83" ten="30,12000,2" yaku="1,1,2,1,0,1,8,1,52,1,53,1" doraHai="82" doraHaiUra="50" who="1" fromWho="1" sc="271,-30,155,130,330,-60,234,-30" /><INIT seed="7,0,0,5,1,119" ten="241,285,270,204" oya="3" hai0="85,93,94,42,46,68,112,44,120,117,108,45,132" hai1="95,13,40,75,19,82,58,98,64,25,131,33,48" hai2="128,91,129,17,12,99,35,100,34,18,103,74,16" hai3="51,92,56,101,65,123,61,106,26,2,102,7,110"/><W111/><G106/><T80/><D108/><N who="3" m="41513" /><G26/><T10/><D117/><U38/><E38/><V71/><F71/><W97/><G51/><T24/><D68/><U81/><E25/><V55/><F74/><W27/><G27/><T89/><D132/><U1/><E33/><V50/><F12/><W66/><G66/><T41/><D120/><U135/><E1/><V70/><F70/><W20/><G20/><T60/><D112/><U124/><E64/><V53/><F91/><N who="3" m="55455" /><G123/><T109/><D109/><U15/><E48/><V62/><F50/><W107/><G107/><T76/><D60/><U22/><E22/><V118/><F62/><W47/><G47/><T133/><D133/><U6/><E135/><V130/><F118/><W52/><G65/><T78/><D10/><AGARI ba="0,0" hai="2,7,10,52,56,61,101,102" m="55455,41513" machi="10" ten="30,2900,0" yaku="10,1,54,1" doraHai="119" who="3" fromWho="0" sc="241,-29,285,0,270,0,204,29" /><INIT seed="7,1,0,2,2,88" ten="212,285,270,233" oya="3" hai0="45,133,77,109,131,135,130,7,93,6,51,124,39" hai1="67,108,66,58,87,38,97,125,95,98,41,82,126" hai2="25,36,35,78,104,8,15,72,101,100,132,23,127" hai3="116,55,90,112,47,80,76,91,29,34,94,123,103"/><W53/><G123/><T121/><D109/><U52/><E108/><V9/><F36/><W48/><G112/><T92/><D121/><U40/><E98/><V84/><F72/><W10/><G34/><T19/><D39/><U106/><E106/><V86/><F35/><W120/><G29/><T60/><D77/><N who="1" m="46543" /><E66/><V1/><F104/><W115/><G115/><T79/><D79/><U33/><E67/><V54/><F1/><W5/><G116/><T0/><D60/><N who="1" m="35911" /><E33/><V26/><F78/><W119/><G120/><T31/><D19/><U2/><E2/><V128/><F84/><W17/><G76/><T14/><D31/><U85/><E85/><V122/><F86/><W44/><G119/><T13/><D124/><N who="1" m="47723" /><E38/><V49/><F127/><W21/><G80/><T20/><D0/><U63/><E63/><V57/><F122/><W102/><G94/><N who="0" m="36459" /><D6/><U30/><E30/><V28/><F28/><W32/><G32/><T111/><D111/><U11/><E11/><V105/><F8/><W50/><G10/><T99/><D99/><U56/><E56/><V118/><F57/><W89/><REACH who="3" step="1"/><G5/><REACH who="3" ten="212,285,270,223" step="2"/><T12/><D7/><U43/><E95/><V64/><F105/><W75/><G75/><T59/><D20/><U22/><E22/><V68/><F23/><W42/><G42/><N who="0" m="25015" /><D59/><U83/><E97/><V4/><F118/><W61/><G61/><T18/><D18/><U81/><AGARI ba="1,1" hai="40,41,43,81,83" m="47723,35911,46543" machi="81" ten="40,2700,0" yaku="18,1,54,1" doraHai="88" who="1" fromWho="1" sc="212,-8,285,40,270,-8,223,-14" owari="204,-30.0,325,43.0,262,6.0,209,-19.0" /></mjloggm>