<mjloggm ver="2.3"><GO type="169" lobby="0"/><UN n0="%E7%A9%B4%E4%BA%95%E6%88%91%E8%81%9E" n1="%E3%83%A4%E3%83%9E%E3%83%80%E3%81%95%E3%82%93" n2="%E3%81%8B%E3%81%A4%E3%81%A9%E3%82%93" n3="%E3%82%8F%E3%81%A3%E3%81%97%E3%82%87%E3%81%84%E5%90%9B%32%E5%8F%B7" dan="16,16,17,16" rate="2108.89,2105.61,2244.06,2152.63" sx="M,M,F,M"/><TAIKYOKU oya="0"/><INIT seed="0,0,0,0,5,61" ten="250,250,250,250" oya="0" hai0="35,50,105,90,57,30,83,124,24,19,68,87,20" hai1="16,109,116,25,72,55,48,133,134,128,26,81,95" hai2="14,96,112,0,40,103,17,56,101,76,91,86,117" hai3="37,27,108,53,67,31,129,63,41,45,28,66,84"/><T22/><D124/><U18/><E116/><V121/><F121/><W6/><G129/><T32/><D68/><U36/><E36/><V21/><F112/><W5/><G108/><T102/><D102/><U2/><E2/><V79/><F117/><W7/><G84/><T126/><D105/><U64/><E95/><V10/><F40/><W54/><G28/><T51/><D126/><U125/><E125/><V38/><F38/><W93/><G93/><T130/><D130/><U77/><E128/><V132/><F132/><N who="1" m="50793" /><E64/><V12/><F0/><W43/><G43/><T80/><D80/><U123/><E123/><V113/><F113/><W3/><G3/><T74/><D74/><U120/><E109/><V98/><F101/><W42/><G42/><T59/><D50/><U34/><E120/><V8/><F103/><W11/><G11/><T122/><D122/><U118/><E118/><V82/><F56/><W111/><G111/><T49/><D49/><U33/><E26/><V131/><F131/><W135/><G135/><T65/><D57/><N who="1" m="32999" /><E25/><V23/><F96/><W71/><REACH who="3" step="1"/><G67/><REACH who="3" ten="250,250,250,240" step="2"/><T75/><D75/><U46/><E46/><V89/><F98/><W62/><G62/><T4/><D65/><U99/><E99/><V39/><F39/><W115/><G115/><T88/><D51/><U1/><E1/><V106/><F106/><W110/><G110/><T114/><D114/><U78/><E78/><V104/><F104/><W13/><G13/><T44/><D44/><U47/><E47/><V97/><F79/><W60/><G60/><T107/><D107/><U52/><E52/><RYUUKYOKU ba="0,1" sc="250,-15,250,15,250,-15,240,15" hai1="16,18,33,34,72,77,81" hai3="5,6,7,27,31,37,41,45,53,54,63,66,71" /><INIT seed="1,1,1,4,2,59" ten="235,265,235,255" oya="1" hai0="130,112,83,32,110,84,125,108,61,127,38,103,105" hai1="48,82,71,49,80,97,46,92,27,81,39,21,44" hai2="106,74,16,7,43,118,114,15,29,3,41,102,33" hai3="91,76,63,55,50,121,68,120,35,69,78,0,23"/><U131/><E71/><V133/><F118/><W95/><G35/><T60/><D32/><U14/><E131/><V30/><F74/><W9/><G68/><T119/><D119/><U57/><E39/><V22/><F114/><W53/><G0/><T88/><D38/><U45/><E14/><V2/><F133/><W11/><G23/><T107/><D112/><U85/><E85/><V70/><F70/><W109/><G109/><N who="0" m="42091" /><D130/><U8/><E8/><N who="3" m="3146" /><G69/><T87/><D87/><U5/><E5/><V99/><F7/><W93/><G121/><T56/><D103/><U116/><E57/><V73/><F73/><W101/><G120/><T72/><D72/><U135/><E135/><V47/><F41/><W51/><G101/><T54/><D61/><U1/><E1/><V111/><F111/><W6/><G63/><T62/><D62/><U124/><E124/><AGARI ba="1,1" hai="54,56,60,83,84,88,105,107,124,125,127" m="42091" machi="124" ten="30,7700,0" yaku="18,1,14,1,52,1,54,1" doraHai="59" who="0" fromWho="1" sc="235,90,265,-80,235,0,255,0" /><INIT seed="2,0,0,5,5,8" ten="325,185,235,255" oya="2" hai0="4,2,59,76,60,72,116,25,23,93,42,126,68" hai1="48,117,14,47,108,27,28,109,128,58,74,7,91" hai2="120,44,73,3,113,52,123,15,82,92,13,64,36" hai3="135,46,115,119,77,75,104,53,130,6,87,110,112"/><V127/><F3/><W89/><G119/><T70/><D116/><U83/><E117/><V97/><F113/><N who="3" m="43595" /><G6/><T103/><D126/><U17/><E7/><V12/><F64/><W124/><G53/><T37/><D103/><U125/><E125/><V105/><F105/><W67/><G46/><T11/><D93/><U41/><E58/><V131/><F127/><W10/><G10/><T100/><D100/><U40/><E40/><V62/><F131/><W24/><G24/><T94/><D94/><U29/><E128/><V98/><F36/><W54/><G54/><T49/><D49/><U20/><E29/><V133/><F133/><W111/><G67/><T96/><D96/><U102/><E102/><V19/><F19/><W65/><G65/><T121/><D121/><U71/><E71/><V30/><F30/><W43/><G43/><T18/><D59/><U101/><E101/><N who="2" m="60583" /><F98/><W81/><G124/><T21/><D60/><U0/><E0/><V1/><F1/><W22/><G130/><T32/><D32/><U69/><E69/><V51/><F62/><W57/><G104/><T56/><D56/><U39/><E39/><V80/><F123/><W5/><G57/><T66/><D66/><U99/><E99/><V114/><F114/><W31/><G135/><T118/><D118/><U33/><REACH who="1" step="1"/><E74/><REACH who="1" ten="325,175,235,255" step="2"/><V85/><F120/><W16/><G31/><N who="0" m="17839" /><D70/><U50/><E50/><N who="2" m="28743" /><F73/><W26/><G5/><T78/><D72/><U61/><E61/><V34/><F34/><W35/><G35/><T134/><D68/><U88/><E88/><N who="2" m="51239" /><F51/><W90/><G75/><T55/><D134/><RYUUKYOKU ba="0,1" sc="325,-30,175,10,235,10,255,10" hai1="14,17,20,27,28,33,41,47,48,83,91,108,109" hai2="12,13,15,82" hai3="16,22,26,77,81,87,89,90,110,111" /><INIT seed="2,1,1,4,4,66" ten="295,185,245,265" oya="2" hai0="46,58,135,122,89,33,112,95,109,93,25,127,97" hai1="41,0,5,72,85,18,108,60,103,83,45,49,3" hai2="35,61,59,1,32,87,7,67,6,70,15,120,91" hai3="74,125,16,131,104,9,14,2,82,28,38,129,124"/><V86/><F120/><W117/><G104/><T96/><D122/><U24/><E108/><V94/><F1/><W107/><G107/><T99/><D109/><U126/><E103/><V37/><F37/><W102/><G102/><T78/><D112/><U111/><E111/><V57/><F6/><N who="3" m="1239" /><G38/><T39/><D135/><U30/><E72/><V27/><F87/><W90/><G117/><T88/><D127/><N who="3" m="48713" /><G28/><T17/><D78/><U84/><E126/><V29/><REACH who="2" step="1"/><F35/><REACH who="2" ten="295,185,235,265" step="2"/><W118/><G118/><T12/><D33/><U64/><E5/><V48/><F48/><W52/><G74/><T92/><D25/><U81/><E85/><V11/><AGARI ba="1,2" hai="7,11,15,27,29,32,57,59,61,67,70,86,91,94" machi="11" ten="30,6000,0" yaku="1,1,0,1,52,1,53,0" doraHai="66" doraHaiUra="113" who="2" fromWho="2" sc="295,-21,185,-21,235,83,265,-21" /><INIT seed="2,2,0,0,3,66" ten="274,164,318,244" oya="2" hai0="69,80,64,106,31,11,28,105,65,50,1,75,94" hai1="16,101,4,18,53,116,8,115,73,40,118,38,107" hai2="119,2,91,6,134,123,103,33,52,99,17,56,49" hai3="95,39,7,35,67,90,122,112,20,5,121,34,47"/><V98/><F119/><W19/><G112/><T15/><D1/><U70/><E115/><V124/><F123/><W51/><G39/><T132/><D132/><U111/><E73/><V59/><F134/><W130/><G130/><T30/><D94/><U23/><E18/><V117/><F117/><W83/><G83/><T92/><D92/><U93/><E107/><V55/><F33/><W32/><G67/><T133/><D133/><U41/><E53/><V74/><F74/><W10/><G20/><T86/><D75/><U58/><E58/><V24/><F124/><W102/><G19/><T44/><D106/><U25/><E41/><V87/><F103/><W82/><G82/><T13/><D105/><U135/><E135/><V12/><F24/><W113/><G102/><T72/><D72/><U43/><E43/><V42/><F42/><W128/><G128/><T21/><D21/><U120/><E120/><V89/><F6/><W110/><G110/><T45/><D69/><U97/><E70/><V129/><F2/><N who="3" m="311" /><G7/><T26/><D26/><U36/><E36/><V63/><F129/><W48/><G113/><T104/><D104/><U109/><E40/><V37/><F37/><W88/><G90/><N who="2" m="34313" /><F87/><N who="3" m="52639" /><G122/><T46/><D86/><U3/><REACH who="1" step="1"/><E38/><REACH who="1" ten="274,154,318,244" step="2"/><V0/><F0/><W68/><G121/><T79/><D80/><U78/><E78/><V76/><F76/><W57/><G68/><T14/><D79/><U9/><E9/><AGARI ba="2,1" hai="9,12,17,49,52,55,56,59,63,98,99" m="34313" machi="9" ten="30,2900,0" yaku="8,1,54,1" doraHai="66" who="2" fromWho="1" sc="274,0,154,-35,318,45,244,0" /><INIT seed="2,3,0,0,2,21" ten="274,119,363,244" oya="2" hai0="87,84,110,18,31,9,134,92,91,89,120,1,123" hai1="17,55,47,27,43,115,3,130,50,11,42,56,76" hai2="105,30,46,83,59,131,2,79,13,74,124,8,28" hai3="14,15,29,81,133,109,67,71,106,57,35,6,48"/><V132/><F132/><W61/><G133/><T72/><D110/><U99/><E115/><V85/><F131/><W119/><G119/><T112/><D112/><U96/><E130/><V12/><F124/><W62/><G109/><T117/><D72/><U49/><E76/><V111/><F111/><W128/><G128/><T114/><D114/><U78/><E78/><V58/><F105/><W103/><G48/><T44/><D117/><U98/><E3/><V122/><F2/><W97/><G81/><T104/><D104/><U66/><E66/><V77/><F74/><W5/><G14/><T52/><D134/><U73/><E73/><V116/><F79/><W129/><G15/><T41/><D31/><N who="2" m="11818" /><F122/><W38/><G38/><T93/><D52/><N who="1" m="29759" /><E11/><V54/><F116/><W45/><G45/><T102/><D102/><U4/><E4/><N who="2" m="3079" /><F13/><W126/><G126/><T23/><D9/><U100/><E100/><V7/><F7/><W40/><G129/><T39/><REACH who="0" step="1"/><D1/><REACH who="0" ten="264,119,363,244" step="2"/><U125/><E125/><V101/><F101/><W32/><G32/><T25/><AGARI ba="3,1" hai="18,23,25,39,41,44,84,87,89,91,92,93,120,123" machi="25" ten="20,12000,2" yaku="1,1,2,1,0,1,7,1,9,1,52,1,53,0" doraHai="21" doraHaiUra="135" who="0" fromWho="0" sc="264,139,119,-33,363,-63,244,-33" /><INIT seed="3,0,0,4,5,2" ten="403,86,300,211" oya="3" hai0="47,51,39,104,42,35,31,1,101,70,48,114,106" hai1="58,7,0,84,62,74,34,123,36,69,77,131,30" hai2="27,86,134,98,99,118,132,11,63,71,52,19,57" hai3="22,41,78,28,108,40,124,43,24,38,102,130,53"/><W15/><G124/><T17/><D114/><U56/><E123/><V92/><F118/><W129/><G102/><T122/><D122/><U88/><E36/><V103/><F71/><W105/><G105/><T93/><D17/><U49/><E74/><V6/><F86/><W76/><G38/><T133/><D133/><N who="2" m="51306" /><F99/><W81/><G108/><T60/><D93/><U68/><E77/><V85/><F85/><W135/><G135/><T120/><D106/><U14/><E0/><N who="2" m="455" /><F19/><W67/><G67/><T33/><D120/><U87/><E87/><V95/><F27/><W32/><G53/><T9/><D104/><AGARI ba="0,0" hai="52,57,63,92,95,98,103,104" m="455,51306" machi="104" ten="30,3900,0" yaku="20,1,52,1,54,1" doraHai="2" who="2" fromWho="0" sc="403,-39,86,0,300,39,211,0" /><INIT seed="4,0,0,5,1,78" ten="364,86,339,211" oya="0" hai0="25,12,43,42,92,31,102,103,30,51,100,114,106" hai1="8,45,119,90,135,115,98,3,67,65,63,57,32" hai2="41,132,2,0,56,54,124,79,24,104,86,44,123" hai3="46,48,11,18,94,83,71,58,68,120,39,107,121"/><T34/><D114/><U118/><E32/><V70/><F123/><N who="3" m="47179" /><G107/><T93/><D106/><U95/><E135/><V128/><F70/><W87/><G39/><T99/><D31/><U64/><E115/><V82/><F132/><W10/><G58/><T69/><D69/><N who="3" m="26697" /><G94/><T76/><D12/><U22/><E22/><V131/><F124/><W9/><G18/><T130/><D130/><N who="2" m="49706" /><F104/><W26/><G26/><T60/><D60/><U47/><E3/><V81/><F24/><W23/><G23/><T1/><D1/><U96/><E119/><V35/><F35/><W122/><N who="3" m="47187" /><W133/><DORA hai="112" /><G133/><T129/><D129/><U72/><E118/><V7/><F0/><W62/><G62/><T134/><D134/><U38/><E38/><V6/><F2/><W117/><G117/><T111/><D25/><U109/><E109/><V29/><F29/><W15/><G15/><T28/><BYE who="3" /><D28/><UN n3="%E3%82%8F%E3%81%A3%E3%81%97%E3%82%87%E3%81%84%E5%90%9B%32%E5%8F%B7" /><U4/><E45/><V126/><F126/><W20/><G20/><T13/><D13/><U127/><E47/><V110/><F110/><W116/><G116/><T27/><D111/><U89/><E127/><V37/><F81/><W50/><G46/><T21/><D34/><U80/><E57/><V108/><F108/><W66/><G66/><T105/><D105/><U17/><E64/><V101/><F101/><N who="0" m="39018" /><D93/><N who="1" m="56367" /><E67/><V55/><F55/><W88/><AGARI ba="0,0" hai="9,10,11,48,50,83,87,88" m="26697,47187" machi="88" ten="50,6400,0" yaku="13,1,52,1,54,1" doraHai="78,112" who="3" fromWho="3" sc="364,-32,86,-16,339,-16,211,64" /><INIT seed="5,0,0,1,1,59" ten="332,70,323,275" oya="1" hai0="73,36,125,32,48,112,84,113,13,25,128,58,79" hai1="87,116,83,104,92,14,72,55,109,16,15,54,33" hai2="122,43,18,132,60,40,11,85,119,66,56,35,27" hai3="30,82,64,9,126,31,50,67,8,77,52,57,12"/><U86/><E116/><V135/><F119/><W22/><G126/><T34/><D36/><U46/><E104/><V95/><F122/><W6/><G9/><T44/><D73/><U29/><E109/><V28/><F85/><W61/><G22/><T70/><D70/><U115/><E115/><V111/><F111/><W76/><G67/><T26/><D125/><U69/><E69/><V24/><F95/><W101/><G101/><T39/><D128/><U78/><E33/><V105/><F105/><W47/><REACH who="3" step="1"/><G76/><REACH who="3" ten="332,70,323,265" step="2"/><T4/><D34/><U98/><E29/><V62/><F11/><W23/><G23/><T123/><D32/><U94/><E94/><V88/><F35/><W106/><G106/><T114/><D79/><U130/><E130/><V0/><F28/><W81/><G81/><T65/><D65/><U99/><E92/><V71/><F0/><W20/><G20/><T121/><D114/><U19/><E78/><V5/><F5/><W37/><G37/><T45/><D39/><U133/><E83/><V3/><F3/><W100/><G100/><T17/><D113/><U21/><E21/><V7/><F7/><W131/><G131/><T96/><D4/><U1/><E1/><V42/><F18/><W108/><G108/><T110/><D112/><U89/><E89/><V103/><F103/><W53/><G53/><T49/><D110/><U117/><E117/><V75/><F88/><W127/><G127/><T90/><D90/><U63/><E19/><V68/><F66/><W97/><G97/><T2/><D2/><U124/><E124/><V118/><F118/><RYUUKYOKU ba="0,1" sc="332,-10,70,-10,323,-10,265,30" hai3="6,8,12,30,31,47,50,52,57,61,64,77,82" /><INIT seed="6,1,1,5,3,32" ten="322,60,313,295" oya="2" hai0="104,4,84,17,85,48,86,23,60,67,123,1,0" hai1="43,13,12,78,42,36,81,100,77,95,121,74,76" hai2="91,116,90,40,103,129,106,131,120,53,46,73,97" hai3="66,119,110,98,92,6,61,62,29,49,87,105,112"/><V15/><F116/><W55/><G119/><T102/><D123/><U124/><E121/><V11/><F73/><W80/><G110/><T27/><D4/><U128/><E100/><V134/><F53/><W65/><G105/><T45/><D102/><U111/><E111/><V64/><F64/><N who="3" m="24683" /><G29/><T127/><D104/><U47/><E124/><V69/><F69/><W133/><G6/><T7/><D7/><U3/><E128/><N who="2" m="49227" /><F134/><W59/><G112/><T122/><D127/><U58/><E43/><V41/><F120/><W19/><G19/><T99/><D99/><U117/><E117/><V20/><F20/><W70/><G70/><T34/><D34/><U5/><E58/><V14/><F40/><W63/><G133/><T132/><D132/><U10/><E95/><V28/><F28/><W72/><G72/><T109/><D109/><U31/><REACH who="1" step="1"/><E31/><REACH who="1" ten="322,50,313,295" step="2"/><V18/><F15/><AGARI ba="1,2" hai="3,5,10,12,13,15,36,42,47,74,76,77,78,81" machi="15" ten="40,8000,1" yaku="1,1,2,1,25,2,52,1,53,0" doraHai="32" doraHaiUra="101" who="1" fromWho="2" sc="322,0,50,103,313,-83,295,0" /><INIT seed="7,0,0,0,4,105" ten="322,153,230,295" oya="3" hai0="13,27,44,123,18,66,56,78,120,46,49,67,95" hai1="9,51,93,129,101,54,2,37,125,106,68,134,32" hai2="14,19,135,118,20,64,70,39,132,119,63,24,88" hai3="99,34,73,55,130,5,85,3,117,89,124,38,92"/><W111/><G117/><T36/><D27/><U126/><E32/><V113/><F39/><W12/><G38/><T133/><D133/><N who="2" m="51274" /><F113/><W26/><G3/><T16/><D36/><U30/><E134/><V84/><F24/><W11/><G124/><T90/><D78/><U116/><E30/><V76/><F76/><W53/><G130/><T74/><D74/><U81/><E37/><V31/><F31/><W29/><G111/><T115/><D115/><U82/><E106/><V48/><F48/><W79/><REACH who="3" step="1"/><G85/><REACH who="3" ten="322,153,230,285" step="2"/><N who="0" m="52687" /><D123/><U28/><E129/><V60/><F84/><W65/><G65/><N who="0" m="24587" /><D120/><U23/><E116/><V6/><F64/><W107/><G107/><T108/><D108/><U62/><E125/><V72/><F119/><W102/><G102/><T61/><D49/><U10/><E126/><V127/><F127/><W122/><G122/><T52/><D18/><U75/><E2/><V25/><F19/><W4/><G4/><T33/><D33/><U0/><E68/><V57/><F70/><W59/><G59/><T103/><D103/><U41/><E0/><V17/><F57/><W121/><G121/><T1/><D1/><U7/><E7/><V83/><F118/><W97/><G97/><T110/><D110/><U42/><E101/><V77/><F6/><W50/><G50/><T21/><AGARI ba="0,1" hai="13,16,21,44,46,52,56,61" m="24587,52687" machi="21" ten="30,4000,0" yaku="8,1,54,2" doraHai="105" who="0" fromWho="0" sc="322,50,153,-10,230,-10,285,-20" owari="372,47.0,143,-36.0,220,-18.0,265,7.0" /></mjloggm>