<mjloggm ver="2.3"><GO type="169" lobby="0"/><UN n0="%79%6F%74%65%72%75" n1="%6D%61%74%6F%30%36%30%33" n2="%E6%B2%96%E3%83%92%E3%82%AB%E3%83%AB%EF%BC%88%E6%9C%AC%E7%89%A9%EF%BC%89" n3="%64%75%72%72%72%72%72" dan="18,18,16,18" rate="2242.17,2288.87,2069.93,2236.69" sx="F,M,F,M"/><TAIKYOKU oya="0"/><INIT seed="0,0,0,1,3,118" ten="250,250,250,250" oya="0" hai0="83,35,85,114,127,107,37,43,32,16,55,34,36" hai1="133,3,47,57,63,134,96,75,2,86,18,28,27" hai2="95,91,110,56,51,69,112,103,1,89,120,131,126" hai3="93,46,17,90,8,88,41,128,4,79,73,97,124"/><T70/><D114/><U49/><E75/><V61/><F1/><W72/><G128/><T60/><D127/><U104/><E18/><V130/><F112/><W62/><G124/><T6/><D107/><U25/><E86/><V108/><F126/><W132/><G132/><N who="1" m="50794" /><E96/><N who="2" m="59807" /><F51/><W67/><G17/><T15/><D6/><U123/><E104/><V92/><F69/><W135/><G90/><N who="2" m="34313" /><F92/><W84/><G135/><T122/><D43/><N who="1" m="24831" /><E27/><V121/><F56/><W71/><G79/><T21/><D85/><U33/><E123/><N who="2" m="47179" /><F61/><W26/><G26/><T50/><D122/><U24/><E24/><V129/><AGARI ba="0,0" hai="108,110,129,130,131" m="47179,34313,59807" machi="129" ten="40,12000,2" yaku="19,1,34,2,52,3" doraHai="118" who="2" fromWho="2" sc="250,-60,250,-30,250,120,250,-30" /><INIT seed="1,0,0,0,5,23" ten="190,220,370,220" oya="1" hai0="86,65,66,88,41,19,127,104,110,102,4,67,81" hai1="115,63,26,18,2,113,121,21,108,48,74,111,129" hai2="112,120,13,64,101,22,33,12,93,6,38,133,58" hai3="89,7,59,29,114,20,9,25,118,78,69,51,3"/><U123/><E74/><V5/><F33/><W57/><G69/><T56/><D110/><N who="1" m="42027" /><E48/><V80/><F38/><W124/><G114/><N who="1" m="43530" /><E63/><V8/><F120/><N who="1" m="46153" /><E2/><V116/><F112/><W0/><G118/><T92/><D41/><U95/><E95/><V1/><F116/><W60/><G124/><T68/><D127/><U31/><E129/><V100/><F93/><W73/><G0/><T50/><D68/><U119/><E119/><V27/><F1/><W106/><G106/><T125/><D104/><U17/><AGARI ba="0,0" hai="17,18,21,26,31" m="46153,43530,42027" machi="17" ten="40,12000,1" yaku="14,1,10,1,34,2,52,1" doraHai="23" who="1" fromWho="1" sc="190,-40,220,120,370,-40,220,-40" /><INIT seed="1,1,0,3,3,33" ten="150,340,330,180" oya="1" hai0="117,100,76,51,37,55,105,73,107,26,7,15,56" hai1="86,118,108,90,129,95,40,89,91,93,36,101,35" hai2="43,24,112,131,127,96,61,50,84,98,6,134,126" hai3="27,29,14,59,38,2,48,123,130,11,114,12,102"/><U46/><E35/><V57/><F112/><W97/><G38/><T39/><D117/><U30/><E118/><V104/><F6/><W32/><G123/><T128/><D128/><U78/><E30/><V109/><F131/><W23/><G130/><T121/><D121/><U22/><E129/><V119/><F119/><W120/><G120/><T83/><D26/><U68/><E68/><V8/><F84/><W82/><G114/><T99/><REACH who="0" step="1"/><D107/><REACH who="0" ten="140,340,330,180" step="2"/><U122/><E122/><V74/><F104/><W58/><G32/><T85/><D85/><U18/><E108/><V135/><F24/><W133/><G133/><T66/><D66/><U64/><E64/><V19/><F109/><W47/><G27/><T21/><D21/><U52/><E86/><V60/><F135/><W87/><G23/><T65/><D65/><U42/><E22/><V53/><F134/><W113/><G113/><T125/><D125/><U4/><E95/><V13/><F127/><W75/><G29/><T72/><D72/><U115/><E93/><V44/><F74/><W94/><G75/><T132/><D132/><U5/><E115/><V28/><F126/><W63/><G87/><T10/><AGARI ba="1,1" hai="7,10,15,37,39,51,55,56,73,76,83,99,100,105" machi="10" ten="30,2000,0" yaku="1,1,0,1,53,0" doraHai="33" doraHaiUra="111" who="0" fromWho="0" sc="140,33,340,-11,330,-6,180,-6" /><INIT seed="2,0,0,3,1,124" ten="173,329,324,174" oya="2" hai0="104,89,49,23,123,70,27,17,5,133,44,125,93" hai1="97,112,118,7,68,22,35,107,114,42,33,55,64" hai2="66,65,31,122,86,73,60,128,62,98,52,10,63" hai3="134,84,20,28,51,72,129,61,3,100,0,13,115"/><V57/><F73/><W94/><G72/><T121/><D125/><U82/><E118/><V25/><F122/><W106/><G106/><T26/><D104/><U79/><E55/><V8/><F98/><W119/><G119/><T132/><D70/><U91/><E22/><N who="2" m="15799" /><F86/><W59/><G134/><N who="0" m="51819" /><D5/><U103/><E91/><V32/><F32/><N who="1" m="12361" /><E42/><V90/><F90/><W16/><G28/><T41/><D27/><U130/><E7/><V110/><F110/><W116/><G129/><T105/><D105/><U71/><E130/><V83/><F83/><W43/><G115/><N who="1" m="44074" /><E64/><N who="2" m="24683" /><F128/><W95/><G116/><T108/><D108/><U21/><E21/><V4/><F4/><W39/><G0/><T19/><D19/><U11/><E11/><AGARI ba="0,0" hai="8,10,11,52,57,60,62,63" m="24683,15799" machi="11" ten="30,2900,0" yaku="8,1,54,1" doraHai="124" who="2" fromWho="1" sc="173,0,329,-29,324,29,174,0" /><INIT seed="2,1,0,0,0,116" ten="173,300,353,174" oya="2" hai0="35,69,83,53,58,128,61,121,90,46,96,104,28" hai1="15,11,60,49,129,5,92,43,99,109,122,4,119" hai2="17,21,20,102,62,114,29,56,1,79,86,7,106" hai3="72,55,38,95,24,13,74,85,73,25,124,75,8"/><V71/><F71/><W81/><G38/><T100/><D128/><U52/><E119/><V118/><F118/><W64/><G124/><T22/><D69/><U48/><E129/><V57/><F114/><W6/><G64/><T78/><D35/><U89/><E109/><V133/><F1/><W91/><N who="3" m="18432" /><DORA hai="27" /><W41/><G41/><T131/><D131/><U33/><E33/><V80/><F7/><W115/><G115/><T101/><D121/><U50/><E122/><V125/><F133/><W107/><G107/><T51/><D78/><U77/><E77/><V10/><F57/><W19/><G95/><N who="0" m="56439" /><D83/><U36/><E36/><V32/><F102/><W45/><REACH who="3" step="1"/><G6/><REACH who="3" ten="173,300,353,164" step="2"/><T12/><D104/><U111/><E111/><V123/><F106/><W16/><G16/><N who="0" m="10503" /><D28/><U14/><E4/><V126/><F29/><W70/><G70/><T63/><D63/><U31/><E31/><V40/><F62/><W135/><G135/><T18/><D18/><U34/><E5/><V37/><F17/><W117/><G117/><T2/><D2/><U9/><E60/><V97/><F37/><W103/><G103/><T113/><D113/><U110/><E110/><V65/><F126/><W23/><G23/><T130/><D130/><U67/><E34/><V76/><F21/><W120/><G120/><T47/><D61/><U39/><E39/><V84/><F20/><W112/><G112/><T94/><D101/><U82/><E92/><V134/><F32/><W98/><G98/><AGARI ba="1,1" hai="46,47,51,53,58,94,98,100" m="10503,56439" machi="98" ten="30,2000,0" yaku="8,1,54,1" doraHai="116,27" who="0" fromWho="3" sc="173,33,300,0,353,0,164,-23" /><INIT seed="3,0,0,0,1,3" ten="206,300,353,141" oya="3" hai0="117,29,4,100,96,103,6,69,30,125,99,63,94" hai1="67,57,88,56,26,95,134,68,66,16,38,41,51" hai2="104,44,90,19,5,74,37,87,98,73,71,78,84" hai3="13,31,79,126,45,123,35,120,122,97,113,109,132"/><W116/><G79/><T2/><D117/><U55/><E134/><V108/><F71/><W107/><G116/><T1/><D125/><U135/><E135/><V28/><F28/><W127/><G132/><T46/><D46/><U47/><E68/><V81/><F108/><W83/><G83/><T48/><D48/><U0/><E0/><V76/><F19/><W75/><G75/><N who="2" m="28681" /><F44/><W18/><G45/><T130/><D130/><U101/><E101/><N who="2" m="62519" /><F37/><W27/><G97/><T86/><D86/><N who="2" m="32810" /><F5/><W114/><G107/><T34/><D94/><U11/><E57/><V89/><F81/><W25/><G25/><T133/><D69/><U24/><E24/><V21/><F21/><N who="3" m="11471" /><G109/><T65/><D133/><U42/><E42/><V64/><F64/><W115/><AGARI ba="0,0" hai="27,31,35,113,114,115,120,122,123,126,127" m="11471" machi="115" ten="40,3900,0" yaku="34,2" doraHai="3" who="3" fromWho="3" sc="206,-13,300,-13,353,-13,141,39" /><INIT seed="3,1,0,2,5,81" ten="193,287,340,180" oya="3" hai0="24,134,18,105,61,38,92,49,110,51,82,102,101" hai1="106,41,32,96,37,4,15,3,64,62,31,36,27" hai2="20,60,99,34,70,124,9,59,39,48,86,109,46" hai3="17,57,67,28,88,117,89,1,65,26,115,116,19"/><W90/><G1/><T108/><D105/><U14/><E3/><V118/><F34/><W83/><G115/><T50/><D134/><U123/><E123/><V58/><F109/><N who="0" m="42090" /><D38/><U95/><E4/><V71/><F99/><W84/><G116/><T111/><N who="0" m="42098" /><T103/><DORA hai="75" /><D61/><U114/><E114/><V97/><F97/><W53/><G117/><T47/><D82/><U69/><E106/><V5/><F20/><N who="3" m="15431" /><G67/><T55/><D92/><U40/><E37/><V54/><F118/><W66/><G65/><T76/><D76/><U21/><E32/><V104/><F104/><W133/><G66/><T6/><D6/><U2/><E2/><V8/><F5/><W128/><G128/><T63/><D63/><U74/><E74/><V33/><F60/><N who="3" m="35887" /><G133/><T78/><D78/><AGARI ba="1,0" hai="17,19,78,83,84,88,89,90" m="35887,15431" machi="78" ten="30,11600,0" yaku="8,1,52,2,54,1" doraHai="81,75" who="3" fromWho="0" sc="193,-119,287,0,340,0,180,119" /><INIT seed="3,2,0,3,4,82" ten="74,287,340,299" oya="3" hai0="68,118,12,66,57,119,74,75,76,101,111,96,5" hai1="117,81,16,102,133,2,116,26,30,123,87,47,36" hai2="7,45,15,42,134,98,73,113,124,18,60,125,43" hai3="51,114,120,93,21,35,31,83,24,58,25,107,80"/><W108/><G114/><T22/><D68/><U41/><E123/><V65/><F73/><W78/><G107/><T54/><D66/><U92/><E2/><V17/><F113/><W132/><G120/><T97/><D111/><U89/><E133/><V11/><F134/><W104/><G104/><T61/><D97/><U19/><E102/><V99/><F43/><W77/><G132/><T13/><D13/><U10/><E81/><V8/><F98/><W62/><G108/><T130/><D130/><U0/><E0/><V40/><F99/><W63/><G93/><T59/><D59/><U105/><E105/><V9/><F42/><W1/><G1/><T90/><D90/><U128/><E128/><V34/><F34/><W28/><G51/><T6/><D76/><U71/><E71/><V79/><F79/><W29/><G29/><T37/><D37/><U106/><E106/><V44/><F15/><W14/><G14/><T91/><D101/><U56/><E56/><N who="2" m="36999" /><F7/><N who="0" m="2570" /><D75/><U46/><E46/><N who="2" m="18027" /><F40/><W127/><G127/><AGARI ba="2,0" hai="8,9,11,17,18,124,125,127" m="18027,36999" machi="127" ten="30,1000,0" yaku="18,1" doraHai="82" who="2" fromWho="3" sc="74,0,287,0,340,16,299,-16" /><INIT seed="4,0,0,5,2,2" ten="74,287,356,283" oya="0" hai0="96,16,29,83,41,20,48,10,8,120,126,88,100" hai1="114,102,70,64,35,81,66,39,113,121,75,54,99" hai2="30,4,86,38,60,65,77,79,17,53,118,62,13" hai3="24,46,57,76,124,107,125,111,43,135,32,106,12"/><T6/><D120/><U109/><E109/><V45/><F118/><W1/><G1/><T103/><D126/><N who="3" m="48745" /><G111/><T56/><D29/><U119/><E119/><V127/><F30/><N who="3" m="19527" /><G135/><T21/><D21/><U25/><E39/><V133/><F133/><W19/><G57/><T52/><D41/><U117/><E117/><V104/><F104/><W15/><G76/><T36/><D36/><U50/><E121/><V0/><F86/><W82/><G82/><T115/><D115/><U63/><E81/><V122/><F79/><W11/><G15/><N who="0" m="5527" /><D10/><U90/><E75/><V72/><F77/><W130/><G130/><T49/><D49/><AGARI ba="0,0" hai="11,12,19,43,46,49,106,107" m="19527,48745" machi="49" ten="30,1000,0" yaku="18,1" doraHai="2" who="3" fromWho="0" sc="74,-10,287,0,356,0,283,10" /><INIT seed="5,0,0,0,2,1" ten="64,287,356,293" oya="1" hai0="84,123,56,111,12,104,24,89,105,124,2,130,49" hai1="44,51,81,120,28,113,29,60,48,41,20,91,57" hai2="134,69,15,47,66,129,38,131,75,133,118,34,40" hai3="36,94,23,82,22,108,103,43,93,33,135,7,96"/><U100/><E120/><V115/><F34/><W0/><G108/><T18/><D123/><U62/><E113/><V52/><F75/><W110/><G110/><T8/><D111/><U80/><E100/><V127/><F15/><W45/><G33/><T55/><D130/><N who="2" m="49674" /><F118/><W99/><G135/><N who="2" m="51721" /><F115/><W107/><G107/><T117/><D117/><U26/><E29/><V126/><F52/><W102/><G82/><N who="1" m="31850" /><E91/><V13/><F13/><W98/><G98/><T9/><D24/><U71/><E71/><V116/><F116/><W112/><G112/><T59/><D59/><U54/><AGARI ba="0,0" hai="20,26,28,41,44,48,51,54,57,60,62" m="31850" machi="54" ten="30,1500,0" yaku="8,1" doraHai="1" who="1" fromWho="1" sc="64,-5,287,15,356,-5,293,-5" /><INIT seed="5,1,0,3,1,25" ten="59,302,351,288" oya="1" hai0="57,133,124,41,67,16,109,58,78,104,20,106,65" hai1="17,5,3,51,2,54,81,63,115,35,59,120,135" hai2="108,69,132,98,126,111,21,116,4,36,89,19,71" hai3="31,38,70,134,26,0,102,72,50,90,99,47,42"/><U76/><E120/><V28/><F36/><W52/><G0/><T22/><D109/><U43/><E35/><V118/><F98/><W15/><G70/><T131/><D78/><U95/><E115/><V23/><F89/><W29/><G72/><T62/><D124/><U13/><E135/><V119/><F132/><W113/><G134/><T97/><D133/><U82/><E95/><V92/><F92/><W73/><G73/><T1/><D1/><U49/><E81/><V48/><F48/><W37/><G113/><T123/><D131/><U18/><E2/><V46/><F46/><W40/><G38/><T11/><D123/><U66/><E3/><V85/><F85/><W103/><G90/><T45/><D11/><N who="1" m="4335" /><E43/><N who="3" m="16426" /><G37/><T61/><D97/><U122/><E122/><V83/><F71/><W30/><G26/><T101/><D101/><N who="3" m="38409" /><G15/><T7/><D7/><U53/><E82/><V34/><F83/><W127/><G127/><T128/><D128/><U129/><E76/><V107/><F69/><W6/><G6/><T55/><D41/><U10/><E129/><V86/><F4/><W44/><G44/><T79/><D79/><U64/><E10/><V117/><F126/><W112/><G112/><T56/><D45/><N who="1" m="27823" /><E66/><V87/><F119/><W12/><G12/><T68/><D68/><U39/><E39/><V24/><F107/><W8/><G8/><T110/><D110/><N who="2" m="42026" /><F34/><W93/><G93/><T121/><D121/><U80/><E80/><V91/><F91/><W84/><G84/><N who="2" m="32297" /><F118/><W100/><G100/><T88/><D104/><U114/><E114/><V14/><AGARI ba="1,0" hai="14,19,21,23,24,28,116,117" m="32297,42026" machi="14" ten="30,2000,0" yaku="5,1,52,1" doraHai="25" who="2" fromWho="2" sc="59,-6,302,-11,351,23,288,-6" /><INIT seed="6,0,0,1,5,12" ten="53,291,374,282" oya="2" hai0="27,69,3,50,31,0,75,59,33,88,84,56,36" hai1="34,124,25,123,1,5,116,101,113,23,87,2,91" hai2="6,60,57,73,52,105,54,107,127,71,13,76,89" hai3="133,62,99,17,77,97,58,94,44,30,119,92,21"/><V22/><F71/><W45/><G133/><T118/><D69/><U72/><E72/><V83/><F127/><W132/><G30/><T93/><D118/><U11/><E116/><V126/><F126/><W131/><G77/><T29/><D36/><U110/><E110/><V24/><F89/><N who="3" m="55439" /><G131/><T104/><D104/><U74/><E74/><V16/><F54/><N who="3" m="34135" /><G132/><T102/><D75/><U120/><E124/><V135/><F135/><W38/><G38/><T40/><D102/><U79/><E79/><V55/><F55/><W46/><G119/><T106/><D106/><U14/><E101/><V64/><F64/><W10/><G10/><T63/><D31/><N who="1" m="17855" /><E34/><V109/><F109/><W80/><G80/><T18/><D0/><U19/><E5/><V98/><F98/><W121/><G121/><N who="1" m="46666" /><E113/><V35/><F35/><W112/><G112/><T49/><D3/><U68/><E68/><V129/><F129/><W128/><G128/><T90/><D40/><U108/><E108/><V78/><F78/><W41/><G41/><T32/><D32/><U42/><E42/><V28/><F6/><W4/><G4/><T81/><D59/><U65/><E65/><V96/><F96/><W85/><G85/><T86/><REACH who="0" step="1"/><D18/><REACH who="0" ten="43,291,374,282" step="2"/><U115/><E115/><V130/><F130/><W20/><G17/><T122/><D122/><U103/><E103/><AGARI ba="0,1" hai="20,21,44,45,46,94,99,103" m="34135,55439" machi="103" ten="30,1000,0" yaku="8,1" doraHai="12" who="3" fromWho="1" sc="43,0,291,-10,374,0,282,20" /><INIT seed="7,0,0,0,4,56" ten="43,281,374,302" oya="3" hai0="129,119,97,121,107,106,43,82,27,65,55,63,135" hai1="35,124,114,45,21,44,5,22,77,30,111,60,98" hai2="72,125,32,112,19,123,71,84,105,1,40,85,61" hai3="31,46,128,81,86,11,117,88,75,38,52,91,6"/><W10/><G117/><T39/><D27/><U47/><E111/><V104/><F1/><W62/><G75/><T42/><D82/><U90/><E114/><V14/><F72/><W34/><G34/><T69/><D97/><U23/><E124/><V0/><F0/><W18/><G31/><T116/><D106/><U70/><E70/><V78/><F32/><W13/><G128/><T134/><D107/><U109/><E109/><V33/><F33/><W101/><G101/><T83/><D83/><U87/><E5/><V131/><F112/><W49/><G62/><T89/><D89/><U126/><E126/><V53/><F123/><W37/><G91/><T100/><D100/><U80/><E35/><V130/><F125/><W12/><AGARI ba="0,0" hai="6,10,11,12,13,18,37,38,46,49,52,81,86,88" machi="12" ten="20,18000,2" yaku="0,1,7,1,25,2,54,2" doraHai="56" who="3" fromWho="3" sc="43,-60,281,-60,374,-60,302,180" owari="-17,-52.0,221,-18.0,314,11.0,482,59.0" /></mjloggm>