<mjloggm ver="2.3"><GO type="169" lobby="0"/><UN n0="%E5%AE%89%E8%89%AF%E5%B2%A1%E8%8A%B1%E7%81%AB" n1="%E9%81%8A%E3%81%B3%E5%BF%83" n2="%4E%4F%2E%E2%85%A0" n3="%E9%95%B7%E5%B2%A1" dan="16,18,16,17" rate="2087.93,2209.97,2179.75,2178.88" sx="M,M,M,M"/><TAIKYOKU oya="0"/><INIT seed="0,0,0,1,1,112" ten="250,250,250,250" oya="0" hai0="98,0,41,56,37,52,127,124,117,132,99,103,22" hai1="121,70,85,48,4,114,15,33,2,89,59,106,34" hai2="115,55,73,116,26,19,135,77,68,91,128,24,109" hai3="47,63,101,61,46,87,11,93,122,40,20,79,125"/><T7/><D132/><U118/><E121/><V14/><F109/><W107/><G125/><N who="0" m="48203" /><D117/><U76/><E2/><V133/><F115/><W3/><G122/><T90/><D90/><U1/><E70/><V80/><F128/><W36/><G107/><T96/><D22/><U86/><E76/><V53/><F68/><W57/><G3/><T126/><N who="0" m="48211" /><T13/><DORA hai="25" /><D0/><U49/><E1/><V72/><F72/><W134/><G20/><T64/><D64/><U31/><E89/><V74/><F74/><W123/><G123/><T29/><D29/><U17/><E31/><V120/><F120/><W16/><G79/><T104/><D37/><U81/><E106/><V43/><F116/><W30/><G30/><T62/><D41/><U88/><E88/><V83/><F43/><W42/><G134/><N who="2" m="51209" /><F91/><W119/><G119/><T9/><AGARI ba="0,0" hai="7,9,13,52,56,62,96,98,99,103,104" m="48211" machi="9" ten="40,3900,0" yaku="18,1,54,1" doraHai="112,25" who="0" fromWho="0" sc="250,39,250,-13,250,-13,250,-13" /><INIT seed="0,1,0,1,2,129" ten="289,237,237,237" oya="0" hai0="62,57,70,73,20,94,105,23,55,82,21,123,92" hai1="13,124,97,72,28,134,35,51,5,103,110,109,64" hai2="34,81,50,10,93,1,106,107,128,47,87,116,33" hai3="17,46,75,56,43,122,19,95,54,91,89,99,42"/><T98/><D123/><U118/><E118/><V77/><F128/><W135/><G75/><T32/><D32/><U121/><E121/><V100/><F116/><W85/><G135/><T6/><D6/><U60/><E72/><V26/><F93/><W4/><G4/><T132/><D132/><U101/><E124/><V66/><F66/><W67/><G67/><T12/><D12/><U30/><E134/><V65/><F65/><W53/><G122/><T63/><D70/><U104/><E101/><V61/><F61/><W44/><G56/><T27/><D27/><N who="1" m="18847" /><E51/><V8/><F1/><W59/><G59/><T117/><D117/><U2/><E30/><V11/><F26/><W126/><G126/><T15/><D15/><U22/><E22/><V49/><F49/><W31/><G31/><T130/><D130/><U16/><E16/><V127/><F127/><W25/><G25/><T68/><D68/><N who="1" m="41991" /><E13/><V131/><F131/><W111/><G85/><T119/><D119/><U48/><E48/><V36/><F36/><W113/><G95/><T24/><D63/><U133/><E133/><V9/><N who="2" m="2048" /><DORA hai="90" /><V112/><F33/><W3/><G3/><T45/><D24/><U38/><E38/><V74/><F74/><W14/><G14/><T0/><D0/><U84/><E84/><V115/><F34/><W76/><G19/><T88/><D45/><U80/><E80/><V79/><F79/><W18/><G76/><N who="0" m="44303" /><D105/><N who="2" m="39946" /><F100/><W125/><G125/><T108/><D94/><U58/><E58/><V37/><F37/><W52/><G18/><T41/><D41/><U102/><E102/><RYUUKYOKU ba="1,0" sc="289,10,237,10,237,10,237,-30" hai0="20,21,23,55,57,62,88,92,98,108" hai1="2,5,97,103,104,109,110" hai2="47,50,77,81,87,112,115" /><INIT seed="0,2,0,3,5,24" ten="299,247,247,207" oya="0" hai0="8,61,99,15,68,32,73,41,110,120,130,30,75" hai1="69,23,36,50,42,34,57,5,29,10,89,105,76" hai2="87,100,22,85,122,70,64,48,118,115,88,11,12" hai3="98,95,126,44,66,37,0,106,125,129,9,128,4"/><T31/><D120/><U82/><E34/><V74/><F115/><W53/><G66/><T79/><D130/><N who="3" m="50281" /><G106/><T113/><D113/><U67/><E105/><V135/><F135/><W51/><G37/><T86/><D41/><U104/><E104/><V114/><F74/><W90/><AGARI ba="2,0" hai="0,4,9,44,51,53,90,95,98,125,126" m="50281" machi="90" ten="30,1100,0" yaku="19,1" doraHai="24" who="3" fromWho="3" sc="299,-7,247,-5,247,-5,207,17" /><INIT seed="1,0,0,5,5,10" ten="292,242,242,224" oya="1" hai0="116,94,131,105,126,101,98,13,37,72,22,52,83" hai1="16,47,78,84,68,82,23,43,85,100,118,132,104" hai2="28,61,5,62,95,44,49,65,125,63,67,25,130" hai3="14,77,134,99,26,59,55,34,87,27,6,97,64"/><U2/><E118/><V112/><F130/><W121/><G121/><T0/><D131/><U38/><E2/><V58/><F125/><W31/><G134/><T19/><D0/><U20/><E132/><V30/><F112/><W76/><G64/><T29/><D116/><U108/><E23/><V102/><F5/><W127/><G127/><T107/><D126/><U36/><E68/><V91/><F102/><W79/><G27/><T7/><D37/><U50/><E85/><V86/><F25/><W111/><G111/><T129/><D29/><U73/><E108/><V12/><F12/><W54/><G87/><T60/><D7/><U35/><E35/><V75/><F75/><W41/><G41/><T39/><D39/><U51/><E51/><V66/><REACH who="2" step="1"/><F58/><REACH who="2" ten="292,242,232,224" step="2"/><W8/><REACH who="3" step="1"/><G59/><REACH who="3" ten="292,242,232,214" step="2"/><T69/><D129/><U106/><E73/><V48/><F48/><W81/><G81/><T103/><D83/><U124/><E124/><V32/><F32/><W53/><AGARI ba="0,2" hai="6,8,14,26,31,34,53,54,55,76,77,79,97,99" machi="53" ten="30,7900,0" yaku="1,1,0,1,52,1,53,1" doraHai="10" doraHaiUra="3" who="3" fromWho="3" sc="292,-20,242,-39,232,-20,214,99" /><INIT seed="2,0,0,0,4,72" ten="272,203,212,313" oya="2" hai0="122,85,62,109,54,0,82,50,55,81,134,126,9" hai1="19,121,129,63,94,12,57,43,135,2,5,10,75" hai2="59,28,13,17,52,88,67,90,71,87,100,118,83" hai3="114,40,18,132,21,11,25,116,58,105,128,78,74"/><V29/><F118/><W6/><G116/><T47/><D122/><U70/><E121/><V4/><F4/><W130/><G105/><T119/><D119/><U24/><E70/><V127/><F127/><W66/><G40/><T35/><D126/><U26/><E129/><N who="3" m="49770" /><G132/><T106/><D134/><U36/><E135/><V14/><F100/><W95/><G95/><T112/><D112/><U108/><E108/><V117/><F117/><W45/><G45/><T15/><D35/><U51/><E51/><N who="2" m="31135" /><F71/><W20/><G21/><T16/><D106/><U23/><E43/><V125/><F125/><W49/><G114/><T102/><D109/><U84/><E75/><V79/><F67/><W73/><G78/><T120/><D120/><U30/><E36/><V92/><F13/><N who="3" m="5367" /><G66/><T44/><D0/><U42/><E42/><V8/><F90/><W115/><G115/><T39/><D39/><U93/><E84/><AGARI ba="0,0" hai="8,14,17,28,29,79,83,84,87,88,92" m="31135" machi="84" ten="30,11600,0" yaku="8,1,52,1,54,2" doraHai="72" who="2" fromWho="1" sc="272,0,203,-116,212,116,313,0" /><INIT seed="2,1,0,1,1,116" ten="272,87,328,313" oya="2" hai0="131,43,30,14,92,87,120,118,2,89,49,96,34" hai1="56,107,74,78,28,114,91,15,82,127,16,54,41" hai2="119,23,6,73,108,106,22,93,103,126,8,133,24" hai3="65,19,39,64,109,111,17,5,129,61,63,1,132"/><V57/><F119/><W55/><G39/><T3/><D118/><U135/><E114/><V7/><F133/><W21/><G55/><T40/><D131/><U26/><E107/><V95/><F126/><W9/><G129/><T0/><D120/><U112/><E112/><V68/><F68/><W20/><G132/><T105/><D30/><U115/><E115/><V98/><F73/><W76/><G76/><T94/><D34/><U125/><E135/><V101/><F108/><W86/><G86/><T72/><D105/><U32/><E41/><V69/><F69/><W128/><G128/><T29/><D29/><U84/><E74/><V33/><F33/><W77/><G77/><T58/><D14/><U59/><E78/><V38/><F38/><W102/><G102/><T104/><D104/><U121/><E121/><V110/><F110/><W53/><G53/><T10/><D10/><U122/><E122/><V62/><F101/><W11/><REACH who="3" step="1"/><G1/><REACH who="3" ten="272,87,328,303" step="2"/><T47/><D2/><U124/><REACH who="1" step="1"/><E54/><REACH who="1" ten="272,77,328,303" step="2"/><N who="2" m="34103" /><F106/><W113/><G113/><T117/><D117/><U70/><E70/><V50/><F103/><W52/><G52/><T12/><D40/><U48/><E48/><V46/><F50/><W83/><G83/><T18/><D49/><U35/><E35/><V60/><F46/><W134/><G134/><T27/><D47/><U25/><E25/><V31/><F24/><W4/><AGARI ba="1,2" hai="4,5,9,11,17,19,20,21,61,63,64,65,109,111" machi="4" ten="25,6400,0" yaku="1,1,0,1,22,2,53,0" doraHai="116" doraHaiUra="99" who="3" fromWho="3" sc="272,-17,77,-17,328,-33,303,87" /><INIT seed="3,0,0,0,1,94" ten="255,60,295,390" oya="3" hai0="59,61,27,78,41,9,88,105,111,45,74,93,24" hai1="13,16,60,90,20,89,100,1,28,36,128,67,12" hai2="15,3,108,115,25,50,83,130,135,71,31,35,124" hai3="110,112,30,8,53,17,10,95,77,109,42,33,19"/><W123/><G42/><T131/><D111/><N who="3" m="42505" /><G77/><T127/><D127/><U79/><E1/><V54/><F108/><W120/><G53/><T101/><D131/><U114/><E36/><V68/><F3/><W102/><G112/><T56/><D9/><N who="3" m="3689" /><G102/><T122/><D122/><N who="3" m="46633" /><G95/><T14/><D101/><U2/><E2/><V86/><F115/><W96/><G96/><T81/><D105/><U5/><E128/><V75/><F54/><W65/><G65/><T80/><D80/><U47/><E114/><V70/><F83/><W55/><G55/><T39/><D14/><U129/><E12/><V23/><F15/><W97/><G97/><T132/><D41/><U133/><E129/><V43/><F43/><W106/><G106/><T76/><D76/><U37/><E79/><V62/><F130/><W11/><G11/><T32/><D45/><U69/><E47/><V48/><F48/><W22/><G22/><T103/><D103/><U29/><E100/><V118/><F23/><W107/><G107/><T18/><D39/><U34/><E37/><V85/><F50/><W38/><G38/><T49/><D49/><U121/><E121/><V126/><F75/><W64/><G64/><T82/><D74/><U119/><E67/><V26/><F124/><W51/><G51/><T21/><D78/><U46/><E13/><V72/><F126/><W7/><G7/><T73/><D73/><U117/><E20/><V44/><F72/><W104/><G104/><T87/><D21/><U57/><E5/><V40/><F44/><W63/><G63/><T91/><D61/><U134/><E60/><RYUUKYOKU ba="0,0" sc="255,-10,60,-10,295,-10,390,30" hai3="17,19,30,33" /><INIT seed="3,1,0,0,0,46" ten="245,50,285,420" oya="3" hai0="7,67,33,15,41,112,101,14,12,24,71,122,111" hai1="49,107,52,25,120,126,8,20,134,132,113,131,10" hai2="98,40,57,32,96,51,104,89,121,0,106,102,62" hai3="72,110,11,115,133,2,68,4,55,100,1,99,69"/><W19/><G115/><T125/><D122/><U45/><E120/><V23/><F32/><W117/><G117/><T77/><D112/><U128/><E113/><V5/><F121/><W75/><G19/><T76/><D111/><U82/><E82/><V114/><F114/><W74/><G110/><T95/><D41/><U61/><E61/><V86/><F23/><W88/><G133/><N who="1" m="51306" /><E107/><V28/><F28/><W36/><G36/><T18/><D7/><U63/><E63/><V9/><F96/><W54/><G2/><T87/><D125/><U31/><E126/><V44/><F106/><W116/><G116/><T16/><D67/><U92/><E92/><V129/><F129/><AGARI ba="1,0" hai="8,10,20,25,31,45,49,52,128,129,131" m="51306" machi="129" ten="30,7700,0" yaku="19,1,20,1,52,1,54,1" doraHai="46" who="1" fromWho="2" sc="245,0,50,80,285,-80,420,0" /><INIT seed="4,0,0,5,5,14" ten="245,130,205,420" oya="0" hai0="68,72,0,115,98,38,35,49,9,129,31,54,100" hai1="99,109,45,120,52,25,103,59,118,75,134,66,63" hai2="70,13,48,95,85,84,121,67,102,135,69,58,3" hai3="56,97,114,12,44,21,8,10,18,81,19,1,46"/><T112/><D72/><U125/><E120/><V92/><F3/><W50/><G114/><T11/><D38/><U101/><E118/><V128/><F121/><W132/><G132/><T123/><D123/><U39/><E109/><V27/><F135/><W30/><G30/><T130/><D68/><U86/><E134/><V131/><F27/><N who="3" m="14775" /><G1/><T4/><D54/><U93/><E75/><V28/><F28/><W57/><G97/><T15/><D49/><U116/><E116/><V83/><F13/><N who="3" m="7591" /><G81/><T5/><D98/><U32/><E86/><V42/><F83/><W76/><G76/><T65/><D65/><U91/><E125/><V111/><F67/><W23/><G23/><T80/><D80/><U124/><E124/><V106/><F106/><W126/><G126/><T73/><D73/><U108/><E108/><V43/><F111/><W110/><G110/><T94/><D100/><U6/><E6/><V17/><F102/><W53/><G57/><T29/><D94/><U26/><E32/><V16/><F58/><W2/><G2/><T71/><D71/><U96/><E39/><V33/><REACH who="2" step="1"/><F48/><REACH who="2" ten="245,130,195,420" step="2"/><W34/><G34/><AGARI ba="0,1" hai="16,17,33,34,42,43,69,70,84,85,92,95,128,131" machi="34" ten="25,16000,3" yaku="1,1,2,1,22,2,52,2,54,1,53,2" doraHai="14" doraHaiUra="89" who="2" fromWho="3" sc="245,0,130,0,195,170,420,-160" /><INIT seed="5,0,0,4,1,72" ten="245,130,365,260" oya="1" hai0="133,107,60,84,56,128,23,98,1,24,7,97,108" hai1="96,93,51,41,121,10,73,114,102,40,85,115,47" hai2="125,11,110,90,3,69,9,54,34,18,113,65,82" hai3="117,35,42,62,116,13,109,55,127,81,129,5,6"/><U134/><E73/><V48/><F110/><W19/><G42/><T53/><D108/><U92/><E121/><V66/><F125/><W112/><G109/><T75/><D133/><U27/><E134/><V49/><F34/><W43/><G43/><T106/><D128/><U99/><E41/><V2/><F113/><N who="1" m="43017" /><E85/><N who="2" m="50487" /><F69/><W63/><G112/><T86/><D75/><U17/><E27/><V22/><F2/><W94/><G35/><T31/><D107/><N who="1" m="63943" /><E99/><V68/><F3/><W111/><G111/><T36/><D36/><U124/><E124/><V59/><F48/><W32/><G127/><T67/><D98/><U120/><E120/><V8/><F68/><W103/><G129/><T26/><D97/><U20/><E20/><V29/><F29/><W61/><G32/><T46/><D106/><U58/><E58/><V4/><F4/><N who="3" m="1643" /><G103/><T15/><D1/><U21/><E21/><V14/><AGARI ba="0,0" hai="8,9,11,14,18,22,49,54,59,65,66" m="50487" machi="14" ten="30,1100,0" yaku="8,1" doraHai="72" who="2" fromWho="2" sc="245,-3,130,-5,365,11,260,-3" /><INIT seed="6,0,0,3,1,100" ten="242,125,376,257" oya="2" hai0="118,66,77,112,5,41,30,19,85,87,35,102,132" hai1="90,4,134,10,42,69,52,27,127,135,0,98,76" hai2="75,57,3,91,15,26,115,89,101,49,73,7,119" hai3="40,68,39,93,16,129,96,133,1,124,70,46,72"/><V106/><F115/><W67/><G129/><T50/><D112/><U128/><E69/><V113/><F3/><W43/><G124/><T32/><D132/><U78/><E127/><V62/><F119/><W86/><G72/><T59/><D5/><U107/><E128/><V95/><F113/><W18/><G1/><T79/><D35/><U34/><E42/><V9/><F49/><W24/><G86/><T123/><D32/><U56/><E90/><V122/><F122/><W2/><G2/><T65/><D30/><U84/><E34/><V121/><F121/><W22/><G43/><T125/><D118/><U131/><E131/><V82/><F26/><W71/><G133/><T20/><D123/><U60/><E27/><V8/><F106/><W13/><G67/><N who="0" m="25611" /><D102/><U80/><REACH who="1" step="1"/><E76/><REACH who="1" ten="242,115,376,257" step="2"/><V108/><F91/><W28/><G70/><T48/><D125/><U33/><E33/><V47/><F89/><W12/><G68/><T109/><D79/><U94/><E94/><V54/><F95/><W64/><G71/><T61/><D77/><U104/><E104/><V53/><F82/><W97/><G93/><T130/><D41/><U45/><E45/><V11/><F47/><W117/><G117/><T21/><D130/><U83/><E83/><V36/><F36/><W74/><G40/><T38/><D38/><U114/><E114/><V105/><F105/><W63/><G46/><T17/><D59/><U111/><E111/><V23/><F57/><W88/><G39/><T25/><D25/><U103/><AGARI ba="0,1" hai="0,4,10,52,56,60,78,80,84,98,103,107,134,135" machi="103" ten="30,8000,1" yaku="1,1,0,1,52,1,54,1,53,1" doraHai="100" doraHaiUra="6" who="1" fromWho="1" sc="242,-20,115,90,376,-40,257,-20" /><INIT seed="7,0,0,4,4,7" ten="222,205,336,237" oya="3" hai0="21,135,129,50,84,90,82,88,52,85,92,66,26" hai1="2,29,80,119,109,125,8,36,126,87,0,81,77" hai2="54,67,99,110,78,11,61,76,31,113,123,45,74" hai3="72,133,12,9,132,122,130,127,10,63,91,39,121"/><W19/><G39/><T32/><D32/><U4/><E109/><V93/><F113/><W56/><G72/><T6/><D135/><N who="3" m="51785" /><G91/><T65/><D129/><U106/><E106/><V17/><F31/><W57/><G130/><T98/><D6/><U75/><E119/><V107/><F107/><W108/><G127/><N who="1" m="48650" /><E29/><V53/><F110/><W20/><G108/><T101/><D101/><U103/><E103/><V100/><F123/><N who="3" m="47115" /><G56/><N who="0" m="32791" /><D98/><U131/><E131/><V95/><F99/><W120/><G120/><T33/><D33/><U94/><E94/><V34/><F93/><W73/><G73/><T49/><D49/><U59/><E59/><V18/><F95/><W83/><G83/><T5/><D5/><U42/><E42/><V28/><F34/><W128/><G128/><T48/><D48/><U69/><E69/><V89/><F74/><W13/><G57/><T104/><D104/><U71/><E71/><V1/><F100/><W105/><G105/><T97/><D97/><U46/><E46/><V27/><F45/><W111/><G111/><T22/><D22/><U134/><E134/><V124/><F124/><W41/><G41/><T24/><D24/><U44/><E44/><V64/><F27/><W62/><G20/><T60/><D60/><U115/><E36/><V51/><F61/><W30/><G62/><T16/><AGARI ba="0,0" hai="16,21,26,65,66,82,84,85,88,90,92" m="32791" machi="16" ten="30,7900,0" yaku="8,1,54,3" doraHai="7" who="0" fromWho="0" sc="222,79,205,-20,336,-20,237,-39" owari="301,10.0,185,-31.0,316,41.0,198,-20.0" /></mjloggm>