<mjloggm ver="2.3"><GO type="169" lobby="0"/><UN n0="%E3%83%95%E3%82%B5%E3%82%A6%E3%83%9F%E3%82%B3%E3%83%83%E3%83%97" n1="%E9%9B%80%E8%8D%98%E4%B8%AD%E5%B7%9D" n2="%E7%94%9F%E3%81%97%E3%82%89%E3%81%99" n3="%E6%9C%A8%E6%BC%8F%E3%82%8C%E6%97%A5" dan="17,17,16,17" rate="2199.96,2182.29,2082.76,2200.43" sx="M,M,M,M"/><TAIKYOKU oya="0"/><INIT seed="0,0,0,4,5,68" ten="250,250,250,250" oya="0" hai0="88,47,50,29,10,81,25,84,55,74,27,21,4" hai1="61,89,123,44,82,113,73,16,75,1,0,135,130" hai2="114,121,43,15,78,20,118,76,3,90,53,35,6" hai3="63,107,110,19,17,49,22,93,48,5,38,2,67"/><T99/><D74/><U131/><E123/><V79/><F114/><W92/><G107/><T32/><D99/><U37/><E113/><V28/><F35/><W42/><G110/><T129/><D129/><N who="1" m="49163" /><E75/><V133/><F3/><W86/><G2/><T77/><D77/><N who="1" m="44335" /><E135/><V122/><F43/><W126/><G5/><T134/><D134/><U45/><E45/><V103/><F103/><W56/><G126/><T39/><D39/><U14/><E89/><V60/><F90/><W46/><G19/><T102/><D102/><U31/><E31/><V52/><F28/><W98/><G86/><T66/><D66/><U127/><E61/><V40/><F60/><W108/><G108/><T120/><D120/><U12/><E12/><V94/><F15/><W36/><G49/><T132/><D132/><U119/><E119/><V112/><F118/><W115/><G115/><T69/><D69/><U70/><E70/><V100/><F112/><W7/><G7/><T34/><REACH who="0" step="1"/><D27/><REACH who="0" ten="240,250,250,250" step="2"/><U26/><E26/><V71/><F133/><W95/><REACH who="3" step="1"/><G98/><REACH who="3" ten="240,250,250,240" step="2"/><T54/><D54/><U23/><E127/><V11/><F53/><W125/><G125/><T128/><D128/><U105/><E105/><V41/><F122/><W96/><G96/><T83/><D83/><U117/><E117/><V87/><F52/><W111/><G111/><T9/><D9/><U65/><E65/><V59/><F121/><W58/><G58/><T57/><D57/><U30/><E30/><V80/><F59/><W97/><G97/><T104/><D104/><U33/><E33/><V109/><F71/><W116/><G116/><RYUUKYOKU ba="0,2" sc="240,10,250,10,250,-30,240,10" hai0="4,10,21,25,29,32,34,47,50,55,81,84,88" hai1="0,1,14,16,23,37,44" hai3="17,22,36,38,42,46,48,56,63,67,92,93,95" /><INIT seed="0,1,2,1,1,3" ten="250,260,220,250" oya="0" hai0="56,8,105,32,40,70,120,128,4,9,59,22,88" hai1="65,25,132,35,12,64,62,50,18,63,5,10,108" hai2="53,104,86,38,126,44,131,36,49,81,47,58,92" hai3="78,96,125,100,52,67,39,16,45,29,115,55,122"/><T17/><D120/><U26/><E108/><V119/><F104/><W83/><G115/><T113/><D113/><U80/><E132/><V21/><F131/><W43/><G122/><T98/><D128/><U134/><E134/><V28/><F36/><W116/><G116/><T30/><D70/><U69/><E35/><V57/><F126/><W46/><G125/><T103/><D40/><U130/><E130/><V42/><F119/><W114/><G114/><T121/><D121/><U24/><E50/><N who="2" m="28871" /><F92/><W112/><G112/><T102/><D102/><U94/><E80/><V66/><F66/><W73/><G29/><T118/><D118/><U0/><E94/><V60/><F60/><W107/><G67/><T7/><D88/><U51/><E51/><V129/><F38/><W82/><G46/><T90/><D90/><U127/><E127/><V87/><F87/><W109/><G109/><T2/><D30/><U19/><REACH who="1" step="1"/><E0/><REACH who="1" ten="250,250,220,250" step="2"/><V54/><F129/><W91/><G83/><T135/><D32/><U68/><AGARI ba="1,3" hai="5,10,12,18,19,24,25,26,62,63,64,65,68,69" machi="68" ten="30,8000,1" yaku="1,1,2,1,0,1,9,1,52,1,53,0" doraHai="3" doraHaiUra="117" who="1" fromWho="1" sc="250,-41,250,113,220,-21,250,-21" /><INIT seed="1,0,0,4,5,41" ten="209,363,199,229" oya="1" hai0="124,112,10,75,113,47,70,80,40,132,102,117,1" hai1="8,59,71,134,123,23,45,65,99,110,42,97,54" hai2="3,19,64,83,88,76,27,35,128,91,24,120,17" hai3="68,105,103,55,36,84,118,127,92,95,77,49,72"/><U81/><E123/><V51/><F120/><W0/><G36/><N who="0" m="21895" /><D117/><U48/><E134/><V115/><F3/><W107/><G0/><T98/><D132/><U50/><E110/><V114/><F128/><W11/><G68/><T133/><D133/><U135/><E135/><V22/><F64/><W58/><G127/><T26/><D26/><U63/><E8/><V94/><F51/><W29/><G72/><T7/><D70/><U28/><REACH who="1" step="1"/><E81/><REACH who="1" ten="209,353,199,229" step="2"/><V79/><F83/><W109/><G109/><T21/><D124/><U106/><E106/><V121/><F121/><W101/><G107/><N who="0" m="63959" /><D21/><U30/><E30/><V67/><F22/><W39/><G29/><T5/><D5/><U33/><E33/><V100/><F35/><W73/><G105/><T126/><D126/><U116/><E116/><V82/><F82/><W96/><G118/><T56/><D80/><U122/><E122/><V61/><F94/><W37/><G95/><T87/><D10/><U52/><E52/><V15/><F67/><W53/><G11/><T104/><D104/><U129/><E129/><V119/><F119/><W2/><G55/><T16/><D7/><U14/><E14/><V74/><F15/><W20/><G2/><T93/><D93/><U12/><E12/><V32/><F32/><W89/><G20/><T90/><D1/><U25/><AGARI ba="0,1" hai="23,25,28,42,45,48,50,54,59,63,65,71,97,99" machi="25" ten="30,11700,0" yaku="1,1,0,1,52,1,53,1" doraHai="41" doraHaiUra="62" who="1" fromWho="1" sc="209,-39,353,127,199,-39,229,-39" /><INIT seed="1,1,0,1,4,30" ten="170,480,160,190" oya="1" hai0="113,65,26,76,37,53,99,88,118,110,83,39,13" hai1="25,51,64,125,109,47,67,2,111,24,29,134,8" hai2="32,58,54,101,117,4,87,40,106,52,98,14,126" hai3="129,107,34,119,131,61,103,115,41,89,46,108,90"/><U12/><E2/><V66/><F126/><W15/><G115/><T77/><D113/><U78/><E78/><V23/><F117/><W69/><G119/><T55/><D118/><U85/><E85/><V7/><F40/><W31/><G15/><T22/><D110/><N who="1" m="41995" /><E25/><V80/><F66/><N who="3" m="41167" /><G108/><T72/><D76/><U105/><E105/><V50/><F32/><W59/><G59/><T122/><D122/><U35/><E134/><V38/><F38/><N who="3" m="21815" /><G90/><T57/><D13/><U6/><E125/><V3/><F3/><W128/><G89/><T16/><D65/><U81/><E81/><V5/><F54/><AGARI ba="1,0" hai="6,8,12,24,29,35,47,51,54,64,67" m="41995" machi="54" ten="30,5800,0" yaku="14,1,10,1,52,1" doraHai="30" who="1" fromWho="2" sc="170,0,480,61,160,-61,190,0" /><INIT seed="1,2,0,1,2,112" ten="170,541,99,190" oya="1" hai0="18,35,106,11,52,96,34,84,28,37,90,77,41" hai1="94,1,130,62,125,123,27,36,29,135,131,15,16" hai2="119,95,59,76,98,64,134,89,75,4,133,46,66" hai3="47,102,126,2,65,101,83,109,20,26,9,72,79"/><U117/><E36/><V122/><F122/><W53/><G109/><T92/><D37/><U21/><E123/><V5/><F46/><W110/><G110/><T113/><D41/><U100/><E62/><V74/><F76/><W61/><G126/><T54/><D113/><U71/><E71/><V78/><F78/><W30/><G53/><T129/><D129/><N who="1" m="49163" /><E100/><V51/><F51/><W127/><G127/><T70/><D70/><U121/><E94/><V82/><F82/><W80/><G80/><T67/><D67/><N who="2" m="25642" /><F59/><W56/><G47/><T132/><D77/><U23/><E121/><V128/><F119/><W85/><G72/><N who="2" m="27689" /><F128/><W6/><AGARI ba="2,0" hai="2,6,9,20,26,30,56,61,65,79,83,85,101,102" machi="6" ten="30,1100,0" yaku="0,1" doraHai="112" who="3" fromWho="3" sc="170,-5,541,-7,99,-5,190,17" /><INIT seed="2,0,0,2,2,17" ten="165,534,94,207" oya="2" hai0="65,44,116,5,75,72,66,61,27,96,9,33,42" hai1="2,93,90,104,86,45,32,14,126,124,1,92,77" hai2="105,117,62,12,108,54,23,129,135,39,41,134,101" hai3="36,56,58,18,120,53,82,7,103,47,22,89,46"/><V20/><F117/><W19/><G120/><T4/><D116/><U99/><E32/><V81/><F129/><W115/><G115/><T112/><D112/><U114/><E114/><V102/><F41/><W29/><G7/><T49/><D5/><U125/><E104/><V26/><F39/><W28/><G103/><T35/><D96/><U119/><E119/><V0/><F0/><W68/><G68/><T3/><D66/><U24/><E24/><V70/><F108/><W80/><G36/><T30/><REACH who="0" step="1"/><D35/><REACH who="0" ten="155,534,94,207" step="2"/><U131/><E126/><V43/><F105/><W6/><G6/><T127/><D127/><U73/><E99/><V67/><F102/><W111/><G111/><T87/><D87/><U31/><E86/><V74/><F101/><W69/><G69/><AGARI ba="0,1" hai="3,4,9,27,30,33,42,44,49,61,65,69,72,75" machi="69" ten="30,2000,0" yaku="1,1,7,1,53,0" doraHai="17" doraHaiUra="83" who="0" fromWho="3" sc="155,30,534,0,94,0,207,-20" /><INIT seed="3,0,0,3,0,54" ten="185,534,94,187" oya="3" hai0="80,8,10,123,51,112,117,17,47,62,86,71,28" hai1="4,82,26,69,57,120,89,121,77,32,126,95,2" hai2="124,96,38,114,49,99,50,6,15,24,128,115,90" hai3="18,45,84,97,103,127,16,7,92,40,0,42,68"/><W12/><G68/><T105/><D123/><U3/><E69/><V101/><F38/><W118/><G118/><T108/><D117/><U135/><E3/><V93/><F128/><W56/><G127/><T91/><D108/><U29/><E126/><V30/><F124/><W59/><G0/><T131/><D105/><U43/><E135/><V58/><F115/><W85/><G7/><T79/><D131/><U39/><E57/><N who="3" m="22090" /><G18/><T94/><D112/><U19/><E19/><V37/><F37/><W65/><G65/><T106/><D106/><U113/><E113/><V25/><F58/><W98/><G98/><T27/><D17/><U125/><E125/><V74/><F74/><W31/><G31/><T100/><D71/><U111/><E4/><V78/><F30/><W9/><G45/><T87/><D62/><U64/><E2/><V81/><F6/><W35/><G35/><T61/><D61/><U122/><E64/><V53/><F15/><W72/><G72/><T75/><D75/><N who="1" m="43327" /><E122/><V13/><F13/><W119/><G119/><T1/><D1/><U66/><E66/><V48/><F114/><W5/><G5/><T109/><D28/><U104/><E121/><V20/><F96/><W70/><G70/><T21/><D47/><N who="1" m="24063" /><E120/><V130/><F130/><W83/><G85/><T14/><D87/><N who="1" m="52671" /><E104/><V41/><F99/><W129/><G129/><T132/><D86/><U60/><E60/><V44/><F25/><W133/><G133/><T55/><D27/><U36/><E36/><V63/><F24/><W73/><G73/><T76/><D132/><U102/><E26/><RYUUKYOKU ba="0,0" sc="185,-10,534,-10,94,-10,187,30" hai3="9,12,16,40,42,83,84,92,97,103" /><INIT seed="3,1,0,3,1,96" ten="175,524,84,217" oya="3" hai0="28,36,39,1,12,68,10,4,132,84,57,58,22" hai1="133,7,14,106,16,6,47,72,103,125,129,63,126" hai2="117,107,0,97,111,33,90,116,53,88,62,48,56" hai3="113,37,29,78,135,20,25,60,98,134,93,54,92"/><W8/><G37/><T89/><D68/><U80/><E129/><V64/><F111/><W87/><G113/><T17/><D132/><N who="3" m="50729" /><G8/><T50/><D28/><U114/><E114/><V101/><F0/><W40/><G40/><T45/><D58/><U52/><E133/><V131/><F131/><W11/><G11/><T15/><D1/><U34/><E34/><V35/><F35/><W5/><G5/><T42/><REACH who="0" step="1"/><D57/><REACH who="0" ten="165,524,84,217" step="2"/><U43/><E126/><V26/><F117/><W46/><G29/><T94/><AGARI ba="1,1" hai="4,10,12,15,17,22,36,39,42,45,50,84,89,94" machi="94" ten="20,5200,0" yaku="1,1,2,1,0,1,7,1,53,0" doraHai="96" doraHaiUra="130" who="0" fromWho="0" sc="165,65,524,-14,84,-14,217,-27" /><INIT seed="4,0,0,2,2,28" ten="230,510,70,190" oya="0" hai0="87,40,97,17,31,53,72,62,37,10,65,33,70" hai1="19,135,112,80,99,126,90,96,114,110,50,13,102" hai2="89,118,100,122,15,39,56,82,2,107,22,1,113" hai3="3,85,36,134,6,123,81,124,94,76,79,41,27"/><T121/><D121/><U132/><E110/><V129/><F122/><W8/><G123/><T116/><D72/><U128/><E128/><V30/><F56/><W4/><G124/><T52/><D116/><U43/><E126/><V130/><F39/><W78/><G134/><N who="1" m="51242" /><E80/><V93/><F113/><W92/><G6/><T69/><D69/><U117/><E117/><V115/><F115/><N who="1" m="44073" /><E90/><V74/><F15/><W18/><G36/><T111/><D111/><U86/><E86/><N who="2" m="52407" /><F22/><W120/><G120/><T91/><D97/><U98/><E50/><V9/><F118/><W0/><G0/><T38/><D38/><U49/><E49/><V84/><F1/><W14/><G3/><T73/><D73/><U55/><E55/><V83/><F2/><W63/><G41/><T59/><D70/><U67/><E67/><V24/><F74/><W88/><G63/><T45/><D53/><U103/><E43/><V68/><F68/><W108/><G108/><T64/><D64/><U29/><E29/><V66/><F66/><W105/><G105/><T61/><D61/><U42/><E42/><V95/><F107/><W77/><G77/><T106/><D65/><U51/><E51/><V60/><F60/><W20/><AGARI ba="0,0" hai="4,8,14,18,20,27,76,78,79,81,85,88,92,94" machi="20" ten="30,4000,0" yaku="0,1,8,1,54,1" doraHai="28" who="3" fromWho="3" sc="230,-20,510,-10,70,-10,190,40" /><INIT seed="5,0,0,1,1,5" ten="210,500,60,230" oya="1" hai0="81,15,105,75,77,43,47,49,26,2,69,128,67" hai1="93,101,120,84,86,129,24,132,6,23,117,10,83" hai2="103,31,27,134,35,19,91,62,58,42,16,72,12" hai3="106,68,74,46,45,40,0,131,54,112,22,1,4"/><U89/><E117/><V76/><F134/><W64/><G106/><T123/><D2/><U29/><E132/><V115/><F115/><W50/><G74/><T80/><D128/><U100/><E129/><V125/><F125/><W98/><G131/><T135/><D135/><U32/><E32/><V79/><F72/><W34/><G34/><T114/><D114/><U116/><E120/><V107/><F42/><W37/><G112/><T57/><D105/><U82/><E116/><V70/><F91/><W130/><G130/><T85/><D69/><U118/><E118/><V66/><F58/><W113/><G113/><T55/><D67/><U119/><E93/><V73/><F73/><W109/><G109/><T14/><D26/><U90/><E119/><V96/><REACH who="2" step="1"/><F19/><REACH who="2" ten="210,500,50,230" step="2"/><W121/><G40/><T110/><D110/><U65/><E65/><V8/><AGARI ba="0,1" hai="8,12,16,27,31,35,62,66,70,76,79,96,103,107" machi="8" ten="20,16000,3" yaku="1,1,2,1,0,1,7,1,25,2,52,1,54,1,53,0" doraHai="5" doraHaiUra="127" who="2" fromWho="2" sc="210,-40,500,-80,50,170,230,-40" /><INIT seed="6,0,0,1,2,62" ten="170,420,220,190" oya="2" hai0="86,63,99,32,51,49,82,75,122,20,129,30,125" hai1="7,45,65,84,74,113,19,97,89,134,13,4,91" hai2="78,126,50,9,128,96,60,23,56,17,77,127,117" hai3="44,81,131,5,73,130,67,46,103,76,69,119,33"/><V48/><F117/><W90/><G119/><T12/><D122/><U15/><E74/><V135/><F9/><W107/><G33/><T70/><D129/><N who="3" m="49161" /><G5/><T42/><D125/><N who="2" m="47626" /><F135/><W93/><G103/><T59/><D75/><U124/><E7/><V21/><F96/><N who="3" m="57399" /><G107/><T40/><D70/><U43/><E4/><V35/><F23/><W110/><G110/><T80/><D32/><U114/><E97/><V95/><F95/><W14/><G14/><T105/><D105/><U6/><E6/><V79/><F35/><W92/><G92/><T27/><D99/><U132/><E134/><V31/><F31/><W1/><G1/><T10/><D42/><U16/><E132/><V111/><F111/><W2/><G2/><T85/><D40/><U34/><E124/><V94/><F94/><W37/><G37/><T26/><D26/><U118/><E34/><V61/><F128/><W3/><G3/><T88/><D12/><U102/><E118/><V0/><F17/><W71/><G71/><T72/><D10/><U55/><E16/><V87/><F21/><W54/><G54/><N who="0" m="34295" /><D72/><U123/><E19/><V29/><F29/><W100/><G100/><T38/><D38/><U108/><E15/><V106/><F106/><W57/><G69/><T47/><D47/><U28/><E13/><V104/><F104/><W22/><G22/><T68/><D68/><U58/><E108/><V115/><F0/><W25/><G25/><T24/><D24/><U112/><E28/><V66/><F87/><W109/><G109/><T8/><D8/><U64/><E84/><V18/><F18/><RYUUKYOKU ba="0,0" sc="170,15,420,-15,220,-15,190,15" hai0="20,27,30,49,51,80,82,85,86,88" hai3="44,46,57,67,73,76,81" /><INIT seed="7,1,0,4,5,101" ten="185,405,205,205" oya="3" hai0="44,17,50,74,122,89,116,78,95,87,117,70,35" hai1="130,29,11,81,118,31,124,67,85,93,128,36,115" hai2="54,107,46,23,26,80,112,65,120,79,4,15,55" hai3="77,73,133,24,6,22,99,119,38,76,113,123,84"/><W57/><G38/><T104/><D122/><U32/><E36/><V100/><F107/><W114/><G73/><T108/><D108/><U98/><E67/><V2/><F2/><W58/><G6/><T13/><D70/><U10/><E115/><N who="3" m="44042" /><G119/><T42/><D35/><U129/><E124/><V131/><F100/><W125/><G123/><T9/><D104/><U61/><E61/><V14/><F131/><W68/><G68/><T19/><D74/><U88/><E118/><V66/><F112/><W21/><G133/><T1/><D1/><U83/><E83/><V60/><F55/><W109/><G99/><T75/><D75/><U135/><E135/><V28/><F4/><W39/><G39/><T72/><D72/><U127/><E127/><V18/><F120/><W134/><G109/><T62/><D78/><N who="3" m="30313" /><G84/><T63/><D63/><U92/><E98/><V33/><F14/><W86/><G86/><T7/><D62/><U132/><E132/><V20/><F33/><W49/><G134/><T40/><D40/><U64/><E130/><V47/><F60/><W30/><G125/><T51/><D51/><U105/><E129/><V59/><F66/><W110/><G110/><T25/><REACH who="0" step="1"/><D7/><REACH who="0" ten="175,405,205,205" step="2"/><U3/><E128/><V91/><F65/><W5/><G5/><T34/><D34/><U126/><E32/><V96/><F96/><W102/><G49/><T8/><D8/><N who="1" m="3115" /><E64/><V97/><F97/><W94/><G102/><T71/><D71/><U103/><E126/><V106/><F79/><W48/><G48/><T16/><D16/><U43/><E3/><V27/><F106/><RYUUKYOKU ba="1,1" sc="175,30,405,-10,205,-10,205,-10" hai0="9,13,17,19,25,42,44,50,87,89,95,116,117" owari="205,1.0,405,49.0,195,-20.0,195,-30.0" /></mjloggm>