<mjloggm ver="2.3"><GO type="169" lobby="0"/><UN n0="%6B%5F%6D%5F%62" n1="%E5%BD%97%E6%98%9F%E5%85%A5%E3%83%92%E3%82%B3" n2="%E3%81%B5%E3%82%8A%E3%81%AA%E3%81%9F%CE%B1" n3="%E9%9B%AA%E6%9C%88%E9%A2%A8%E8%8A%B1" dan="16,16,16,16" rate="2133.61,2135.28,2060.19,2218.52" sx="M,M,M,M"/><TAIKYOKU oya="0"/><INIT seed="0,0,0,3,4,127" ten="250,250,250,250" oya="0" hai0="102,25,95,89,63,46,91,81,11,85,57,113,50" hai1="8,10,32,31,71,76,13,131,23,120,110,112,114" hai2="40,51,33,75,59,101,88,19,6,12,61,105,41" hai3="64,92,34,38,39,90,84,94,3,16,86,83,97"/><T67/><D113/><N who="1" m="43627" /><E110/><V121/><F75/><W27/><G3/><T77/><D11/><N who="1" m="4139" /><E71/><V58/><F33/><W65/><G39/><T14/><D14/><U66/><E66/><V20/><F6/><W107/><G38/><T96/><REACH who="0" step="1"/><D25/><REACH who="0" ten="240,250,250,250" step="2"/><N who="1" m="18543" /><E120/><V132/><F121/><W73/><G27/><T52/><AGARI ba="0,1" hai="46,50,52,57,63,67,77,81,85,89,91,95,96,102" machi="52" ten="20,12000,1" yaku="1,1,0,1,7,1,8,1,54,1,53,0" doraHai="127" doraHaiUra="106" who="0" fromWho="0" sc="240,130,250,-40,250,-40,250,-40" /><INIT seed="0,1,0,3,4,80" ten="370,210,210,210" oya="0" hai0="120,59,53,62,26,95,11,106,134,35,117,54,52" hai1="71,100,13,36,118,4,41,84,121,129,124,16,99" hai2="34,61,6,130,30,92,12,51,131,82,55,42,107" hai3="24,115,68,66,113,27,91,119,63,25,43,28,2"/><T31/><D117/><U132/><E118/><V65/><F65/><W126/><G119/><T127/><D120/><U17/><E121/><V69/><F42/><W105/><G28/><T45/><D127/><U76/><E71/><V86/><F107/><W133/><G126/><T135/><D106/><U39/><E124/><V57/><F34/><W73/><G73/><T89/><D11/><U88/><E76/><N who="2" m="46407" /><F30/><W23/><G23/><T93/><D93/><U19/><E132/><N who="0" m="50729" /><D45/><U78/><E78/><V102/><F69/><W112/><G133/><T38/><D38/><U110/><E110/><V46/><F102/><W114/><G105/><T20/><D35/><U90/><E39/><V96/><F96/><AGARI ba="1,0" hai="20,26,31,52,53,54,59,62,89,95,96" m="50729" machi="96" ten="30,2900,0" yaku="20,1,54,1" doraHai="80" who="0" fromWho="2" sc="370,32,210,0,210,-32,210,0" /><INIT seed="0,2,0,3,2,88" ten="402,210,178,210" oya="0" hai0="41,80,26,44,103,72,28,4,94,84,125,42,50" hai1="82,31,55,95,24,61,48,98,51,110,104,111,124" hai2="14,79,73,67,56,39,91,127,90,108,54,107,17" hai3="65,58,40,3,76,32,87,92,134,6,2,38,123"/><T20/><D125/><U135/><E124/><V118/><F107/><W57/><G123/><T5/><D42/><U116/><E116/><V30/><F39/><W81/><G32/><T99/><D72/><U19/><E135/><V36/><F36/><W100/><G134/><T21/><REACH who="0" step="1"/><D20/><REACH who="0" ten="392,210,178,210" step="2"/><N who="1" m="13343" /><E111/><V102/><F108/><W112/><G40/><T27/><D27/><U109/><E109/><V126/><F127/><W130/><G112/><T8/><D8/><U117/><E117/><V93/><F126/><W60/><G38/><T119/><D119/><U132/><E110/><V29/><F118/><W46/><G130/><T96/><D96/><U47/><E98/><N who="2" m="59727" /><F73/><W12/><G87/><T53/><D53/><U85/><E55/><V9/><F54/><W33/><G33/><T74/><D74/><U1/><E85/><V52/><F52/><W63/><G60/><T122/><D122/><U10/><E61/><N who="2" m="38311" /><F79/><AGARI ba="2,1" hai="4,5,21,26,28,41,44,50,79,80,84,94,99,103" machi="79" ten="30,11600,0" yaku="1,1,7,1,8,1,52,1,53,0" doraHai="88" doraHaiUra="120" who="0" fromWho="2" sc="392,132,210,0,178,-122,210,0" /><INIT seed="0,3,0,3,2,12" ten="524,210,56,210" oya="0" hai0="134,46,50,21,102,36,0,52,95,33,116,43,5" hai1="41,124,55,65,10,126,61,17,80,60,101,107,120" hai2="16,51,115,128,79,38,92,132,123,56,77,135,57" hai3="131,90,89,104,11,30,45,42,110,62,105,47,96"/><T26/><D116/><U130/><E120/><V87/><F123/><W108/><G30/><T73/><D134/><N who="2" m="51242" /><F115/><W127/><G62/><T98/><D73/><U14/><E130/><V22/><F38/><W122/><G122/><T24/><D33/><U35/><E35/><V72/><F72/><W125/><G11/><T133/><D133/><U114/><E114/><V6/><F6/><W113/><G113/><T78/><D78/><N who="2" m="29706" /><F128/><W100/><G42/><T15/><D0/><U63/><E80/><V74/><F74/><W91/><G131/><T66/><D66/><U81/><E81/><V76/><F51/><W4/><G4/><T13/><D5/><U25/><E65/><V99/><N who="2" m="29714" /><V93/><DORA hai="119" /><F87/><W44/><REACH who="3" step="1"/><G105/><REACH who="3" ten="524,210,56,200" step="2"/><T97/><D43/><U109/><E41/><V3/><F3/><W86/><G86/><T94/><D36/><U70/><E107/><V37/><F37/><W20/><G20/><T53/><D53/><U19/><E55/><V58/><F99/><W32/><G32/><T27/><D21/><U29/><E10/><V8/><F8/><W59/><G59/><N who="2" m="15105" /><V64/><DORA hai="18" /><F64/><W40/><G40/><T49/><D49/><U67/><E67/><V68/><F68/><W84/><G84/><T1/><D1/><U71/><E71/><V7/><F7/><W103/><G103/><AGARI ba="3,1" hai="13,15,24,26,27,46,50,52,94,95,97,98,102,103" machi="103" ten="40,7700,0" yaku="9,1,8,1,54,1" doraHai="12,119,18" who="0" fromWho="3" sc="524,96,210,0,56,0,200,-86" /><INIT seed="0,4,0,3,0,91" ten="620,210,56,114" oya="0" hai0="30,21,92,88,49,102,94,4,52,33,115,74,99" hai1="46,0,25,84,15,8,38,109,111,65,10,36,32" hai2="26,48,89,104,87,98,61,120,129,22,83,103,62" hai3="50,44,59,71,27,20,12,35,34,128,95,24,101"/><T14/><D115/><U131/><E0/><V134/><F129/><W45/><G71/><T86/><D74/><U108/><E131/><V7/><F134/><W23/><G128/><T106/><D33/><U96/><E65/><V85/><F120/><W63/><G12/><T13/><D106/><U133/><E133/><V54/><F7/><W11/><G11/><T40/><D40/><U57/><E96/><V112/><F87/><W125/><G125/><T97/><D4/><U66/><E84/><V93/><F104/><W72/><G72/><T118/><D118/><U60/><E46/><V16/><F112/><W47/><G50/><T78/><D78/><U132/><E132/><V42/><F42/><W28/><G34/><T9/><D9/><N who="1" m="3691" /><E15/><V80/><REACH who="2" step="1"/><F83/><REACH who="2" ten="620,210,46,114" step="2"/><W41/><G41/><T130/><D86/><U2/><E2/><V121/><F121/><W105/><G105/><T6/><D6/><U75/><E75/><V69/><F69/><W122/><G122/><T3/><D3/><U124/><E124/><V53/><F53/><W135/><G135/><T67/><D130/><U18/><E111/><V107/><F107/><W58/><G35/><T113/><D113/><U127/><E127/><V43/><F43/><W79/><G79/><T126/><D126/><U55/><E55/><V81/><F81/><W5/><G5/><T37/><D37/><N who="1" m="14443" /><E32/><V76/><F76/><W73/><G73/><T17/><D67/><U77/><E77/><V29/><F29/><N who="3" m="17543" /><G63/><T1/><D1/><U64/><E64/><V70/><F70/><W90/><G28/><T116/><D116/><RYUUKYOKU ba="4,1" sc="620,-15,210,15,46,15,114,-15" hai1="18,25,57,60,66,108,109" hai2="16,22,26,48,54,61,62,80,85,89,93,98,103" /><INIT seed="1,5,1,0,1,40" ten="605,225,61,99" oya="1" hai0="122,16,43,56,46,70,134,128,121,62,108,28,53" hai1="107,111,59,101,26,12,3,117,77,30,93,63,106" hai2="32,109,127,132,88,92,22,45,14,41,52,31,7" hai3="0,65,97,37,17,94,61,55,76,118,115,124,99"/><U39/><E39/><V78/><F109/><W10/><G37/><N who="0" m="21871" /><D28/><U81/><E3/><V75/><F132/><W29/><G118/><T68/><D16/><U50/><E117/><V19/><F75/><W120/><G55/><N who="0" m="34079" /><D108/><U23/><E50/><N who="2" m="28751" /><F41/><W66/><G120/><N who="0" m="46187" /><D134/><U95/><E111/><V103/><F78/><W104/><G76/><T9/><D9/><U54/><E12/><V42/><F42/><W47/><G10/><T80/><D80/><U67/><E54/><V91/><F7/><W126/><G0/><T110/><D110/><U112/><E112/><V90/><F127/><W96/><G115/><T48/><D128/><U83/><E83/><V85/><F32/><W35/><G35/><T51/><D51/><U58/><E95/><V11/><F103/><W69/><G104/><T24/><D24/><AGARI ba="5,1" hai="11,14,19,22,24,31,85,88,90,91,92" m="28751" machi="24" ten="30,7700,0" yaku="8,1,52,1,54,2" doraHai="40" who="2" fromWho="0" sc="605,-92,225,0,61,102,99,0" /><INIT seed="2,0,0,0,0,81" ten="513,225,163,99" oya="2" hai0="37,113,1,104,115,90,75,76,103,133,21,39,10" hai1="121,65,116,126,8,22,32,72,13,78,51,64,88" hai2="63,49,30,44,105,6,26,122,43,57,55,18,125" hai3="34,61,38,62,71,91,87,14,102,119,68,7,132"/><V29/><F122/><W67/><G119/><T33/><D21/><U24/><E116/><V99/><F125/><W86/><G38/><N who="0" m="14347" /><D90/><U11/><E126/><V58/><F6/><W109/><G102/><T114/><D133/><U27/><E121/><V20/><REACH who="2" step="1"/><F58/><REACH who="2" ten="513,225,153,99" step="2"/><W31/><G132/><T84/><D114/><U98/><E65/><V66/><F66/><W128/><G67/><T16/><D113/><U117/><E64/><V15/><F15/><W35/><G14/><T94/><D1/><U130/><E13/><V2/><F2/><W82/><G7/><T107/><D115/><U47/><E117/><V12/><F12/><W74/><G128/><T45/><D10/><U83/><E130/><V25/><F25/><W118/><G118/><T120/><D120/><U96/><E27/><V80/><F80/><W79/><G82/><T73/><D73/><U36/><E8/><V42/><F42/><W101/><G74/><T134/><D75/><U129/><E11/><V9/><F9/><W127/><G127/><T48/><D134/><U19/><E129/><V124/><F124/><W3/><G3/><T131/><D131/><U85/><E83/><V46/><F46/><W106/><G68/><T17/><D45/><U111/><E47/><V123/><F123/><W5/><G71/><T97/><D76/><U0/><E78/><V50/><F50/><W40/><G79/><T23/><D48/><U95/><E51/><V93/><F93/><N who="3" m="54519" /><G40/><T89/><D104/><U110/><E72/><V100/><AGARI ba="0,1" hai="18,20,26,29,30,43,44,49,55,57,63,99,100,105" machi="100" ten="30,3000,0" yaku="1,1,0,1,53,0" doraHai="81" doraHaiUra="60" who="2" fromWho="2" sc="513,-10,225,-10,153,40,99,-10" /><INIT seed="2,1,0,5,5,77" ten="503,215,193,89" oya="2" hai0="98,13,111,130,109,79,30,35,9,3,121,128,73" hai1="112,134,33,127,85,8,92,4,107,81,114,49,90" hai2="42,15,32,70,118,60,45,1,14,67,68,41,0" hai3="62,47,50,74,86,117,21,103,53,135,131,80,22"/><V64/><F32/><W78/><G117/><T7/><D121/><U126/><E33/><V52/><F118/><W16/><G135/><T124/><D124/><N who="1" m="47659" /><E107/><V94/><F94/><W63/><G74/><T97/><D3/><N who="1" m="31" /><E134/><V59/><F1/><W36/><G22/><T25/><D79/><N who="1" m="46271" /><E49/><N who="2" m="28719" /><F0/><W27/><G131/><N who="0" m="50219" /><D73/><U17/><E17/><V72/><F14/><W2/><G2/><T83/><D83/><U120/><E120/><V51/><F15/><W102/><G36/><T101/><D97/><AGARI ba="1,0" hai="90,92,97,112,114" m="46271,31,47659" machi="97" ten="30,2000,0" yaku="18,1,52,1" doraHai="77" who="1" fromWho="0" sc="503,-23,215,23,193,0,89,0" /><INIT seed="3,0,0,3,2,9" ten="480,238,193,89" oya="3" hai0="103,87,132,43,42,71,115,134,25,54,41,47,21" hai1="97,81,127,84,131,104,60,36,79,19,66,102,14" hai2="31,44,126,29,99,101,124,12,123,75,3,73,93" hai3="69,6,91,96,38,130,120,56,80,82,37,133,122"/><W26/><G69/><T17/><D115/><U4/><E127/><N who="2" m="48683" /><F3/><W45/><G130/><T95/><D71/><U10/><E131/><V49/><F123/><W8/><G133/><N who="0" m="51307" /><D54/><U62/><E36/><V20/><F29/><W118/><G118/><T51/><D87/><U55/><E55/><N who="2" m="30119" /><F31/><W83/><G26/><T30/><D95/><U92/><E66/><V110/><F110/><W11/><G11/><T39/><D39/><U64/><E64/><V119/><F119/><W52/><G37/><T5/><D5/><U68/><E68/><V35/><F35/><W78/><G78/><T107/><D30/><U111/><E111/><V129/><F129/><W77/><G77/><T135/><D135/><U100/><REACH who="1" step="1"/><E4/><REACH who="1" ten="480,228,193,89" step="2"/><V13/><F20/><W46/><G38/><T23/><D21/><U98/><AGARI ba="0,1" hai="10,14,19,60,62,79,81,84,92,97,98,100,102,104" machi="98" ten="30,7900,0" yaku="1,1,2,1,0,1,52,1,53,0" doraHai="9" doraHaiUra="34" who="1" fromWho="1" sc="480,-20,228,89,193,-20,89,-39" /><INIT seed="4,0,0,3,0,119" ten="460,317,173,50" oya="0" hai0="21,100,105,1,23,118,122,33,11,103,38,101,68" hai1="129,91,17,131,133,30,93,135,24,88,40,15,0" hai2="46,13,70,127,54,6,37,124,7,12,63,94,73" hai3="116,62,48,22,132,3,27,55,78,2,19,44,80"/><T120/><D118/><U125/><E40/><V25/><F73/><W71/><G116/><T113/><D33/><N who="1" m="20679" /><E0/><V56/><F25/><W16/><G132/><N who="1" m="50762" /><E125/><N who="2" m="48203" /><F94/><W26/><G71/><T110/><D105/><U57/><E57/><V28/><F28/><W42/><G62/><T95/><D68/><U4/><E4/><N who="2" m="1579" /><F70/><W97/><G97/><T102/><D38/><U52/><E52/><N who="2" m="34183" /><F37/><W90/><G55/><T5/><D110/><U109/><E109/><V29/><F29/><W108/><G108/><T130/><D130/><N who="1" m="49675" /><E93/><V117/><F117/><W49/><G3/><T84/><D113/><U112/><E112/><V115/><F115/><W43/><G2/><T8/><D95/><U83/><E83/><V72/><F72/><W14/><G42/><T81/><D100/><U106/><E106/><V75/><F75/><W89/><G49/><AGARI ba="0,0" hai="12,13,46,49,54" m="34183,1579,48203" machi="49" ten="30,2000,0" yaku="18,1,54,1" doraHai="119" who="2" fromWho="3" sc="460,0,317,0,173,20,50,-20" /><INIT seed="5,0,0,2,5,33" ten="460,317,193,30" oya="1" hai0="113,133,135,24,87,105,69,72,100,15,131,90,53" hai1="129,89,61,82,34,17,21,47,13,36,93,119,46" hai2="50,64,97,77,35,18,37,56,116,75,14,43,8" hai3="108,115,40,23,2,122,12,30,3,88,32,48,104"/><U10/><E119/><V86/><F116/><W60/><G104/><T6/><D113/><U107/><E107/><V28/><F75/><W123/><G115/><T68/><D131/><U7/><E34/><V134/><F134/><N who="0" m="51210" /><D72/><U120/><E120/><V25/><F37/><W39/><G108/><T65/><D24/><U66/><E129/><V58/><F97/><W106/><G39/><T52/><D100/><U124/><E82/><N who="2" m="47439" /><F64/><W1/><G106/><T26/><D105/><U67/><E124/><V130/><F130/><W0/><G60/><N who="0" m="39975" /><D26/><U49/><E36/><V41/><F41/><W11/><G88/><T121/><D69/><U5/><E5/><V112/><F112/><W59/><G40/><T95/><D121/><N who="3" m="46089" /><G48/><T83/><D83/><U118/><E47/><N who="2" m="25983" /><F35/><W80/><G59/><N who="2" m="22569" /><F25/><N who="3" m="18511" /><G80/><T78/><D78/><U4/><E118/><V54/><F54/><W79/><N who="3" m="0" /><DORA hai="20" /><W84/><G79/><T73/><D73/><U92/><E49/><V9/><F28/><W45/><G45/><T117/><D117/><U94/><E46/><V125/><F125/><W111/><G84/><T57/><D57/><N who="1" m="37167" /><E67/><V16/><F8/><AGARI ba="0,0" hai="6,8,15,52,53,87,90,95" m="39975,51210" machi="8" ten="30,2000,0" yaku="20,1,54,1" doraHai="33,20" who="0" fromWho="2" sc="460,20,317,0,193,-20,30,0" /><INIT seed="6,0,0,2,1,61" ten="480,317,173,30" oya="2" hai0="50,73,129,36,133,19,48,111,120,115,62,18,112" hai1="43,35,33,124,21,4,55,88,69,38,47,2,16" hai2="92,75,123,72,97,84,5,131,27,121,125,49,81" hai3="58,13,76,82,57,100,34,102,83,78,12,28,105"/><V6/><F125/><W46/><G105/><T1/><D50/><U22/><E124/><V42/><F27/><W60/><G34/><T101/><D19/><U85/><E69/><V41/><F131/><W99/><G99/><T87/><D62/><U77/><E77/><V106/><F49/><W135/><G60/><T70/><D87/><U45/><E4/><V25/><F25/><W108/><G135/><T89/><D89/><U134/><E2/><V20/><F20/><W114/><G114/><T104/><D18/><U79/><E79/><N who="2" m="46143" /><F42/><W29/><REACH who="3" step="1"/><G108/><REACH who="3" ten="480,317,173,20" step="2"/><T127/><D101/><U10/><E33/><V64/><F123/><W132/><G132/><T90/><D48/><N who="1" m="29071" /><E35/><V0/><F106/><W128/><G128/><T15/><D90/><U26/><E134/><V93/><F121/><W44/><AGARI ba="0,1" hai="12,13,28,29,44,46,57,58,76,78,82,83,100,102" machi="44" ten="25,8000,1" yaku="1,1,0,1,22,2,8,1,53,0" doraHai="61" doraHaiUra="110" who="3" fromWho="3" sc="480,-20,317,-20,173,-40,20,90" /><INIT seed="7,0,0,1,4,77" ten="460,297,133,110" oya="3" hai0="131,60,18,59,32,125,17,129,37,20,103,127,29" hai1="119,110,88,33,23,90,34,69,39,21,86,53,92" hai2="38,105,130,65,61,1,94,9,120,50,8,36,10" hai3="30,24,46,52,19,16,63,75,93,82,133,128,31"/><W112/><G112/><T114/><D37/><U117/><E110/><V122/><F105/><W76/><G128/><N who="0" m="49227" /><D103/><U132/><E132/><V95/><F50/><W81/><G133/><T54/><D114/><U7/><E69/><N who="2" m="42159" /><F1/><W87/><G93/><N who="2" m="35337" /><F130/><W134/><G134/><T123/><D123/><AGARI ba="0,0" hai="8,9,10,36,38,120,122,123" m="35337,42159" machi="123" ten="30,1000,0" yaku="13,1" doraHai="77" who="2" fromWho="0" sc="460,-10,297,0,133,10,110,0" owari="450,55.0,297,10.0,143,-26.0,110,-39.0" /></mjloggm>