<mjloggm ver="2.3"><GO type="169" lobby="0"/><UN n0="%E3%81%96%E3%82%8A%E3%81%8C%E3%81%AB%E3%81%8F%E3%82%93" n1="%67%6F%74%61%70%6F%6F%68" n2="%E3%82%AB%E3%83%83%E3%82%AB%E3%83%83%E3%82%AB%E3%83%83" n3="%E3%83%AF%E3%83%8B%54%41" dan="17,16,16,17" rate="2233.24,2181.19,2103.25,2269.99" sx="M,M,M,M"/><TAIKYOKU oya="0"/><INIT seed="0,0,0,4,1,64" ten="250,250,250,250" oya="0" hai0="37,92,91,52,35,6,127,75,115,18,28,103,97" hai1="71,135,134,117,42,104,62,50,80,106,124,29,65" hai2="54,55,131,96,98,102,31,9,88,47,56,119,36" hai3="128,121,126,63,90,20,13,67,74,12,14,72,82"/><T79/><D115/><U99/><E117/><V118/><F131/><W38/><G128/><T24/><D127/><U27/><E124/><V108/><F108/><W73/><G38/><T94/><D37/><U130/><E130/><V83/><F31/><W78/><G126/><T110/><D6/><U87/><E42/><V25/><F25/><W76/><G121/><T132/><D132/><N who="1" m="50731" /><E50/><V4/><F36/><W68/><REACH who="3" step="1"/><G20/><REACH who="3" ten="250,250,250,240" step="2"/><T93/><D110/><U122/><E122/><V17/><F118/><W95/><G95/><T33/><D33/><N who="1" m="20671" /><E99/><V86/><F96/><W89/><G89/><AGARI ba="0,1" hai="62,65,71,80,87,89,104,106" m="20671,50731" machi="89" ten="30,2000,0" yaku="20,1,52,1" doraHai="64" who="1" fromWho="3" sc="250,0,250,30,250,0,240,-20" /><INIT seed="1,0,0,0,2,40" ten="250,280,250,220" oya="1" hai0="68,12,49,47,91,112,19,23,52,24,72,74,8" hai1="80,122,81,75,41,51,126,92,4,10,20,89,102" hai2="88,128,86,133,27,108,106,113,66,6,135,57,73" hai3="33,14,0,76,65,103,5,44,97,85,125,87,100"/><U94/><E122/><V30/><F106/><W127/><G0/><T123/><D112/><U117/><E117/><V56/><F73/><W121/><G121/><T3/><D68/><U119/><E119/><V69/><F113/><W11/><G33/><T64/><D64/><U16/><E126/><N who="3" m="48138" /><G65/><T83/><D3/><U46/><E102/><N who="3" m="38954" /><G97/><T124/><D124/><U17/><E94/><V22/><F108/><W104/><G104/><T18/><D123/><U50/><E50/><V42/><F128/><W109/><G109/><T130/><D130/><U36/><E36/><V79/><F79/><W78/><G44/><T105/><D105/><U15/><E75/><V129/><F129/><W62/><G62/><T120/><D120/><U101/><E101/><V96/><F96/><W99/><G99/><T134/><D134/><U9/><E9/><V2/><F135/><W93/><G93/><T25/><D25/><N who="1" m="14471" /><E4/><V114/><F133/><W26/><G26/><T45/><D45/><U98/><AGARI ba="0,0" hai="10,15,17,41,46,51,80,81,89,92,98" m="14471" machi="98" ten="30,6000,0" yaku="8,1,52,1,54,1" doraHai="40" who="1" fromWho="1" sc="250,-20,280,60,250,-20,220,-20" /><INIT seed="1,1,0,4,1,66" ten="230,340,230,200" oya="1" hai0="77,135,118,64,19,22,116,69,91,14,35,30,109" hai1="103,23,129,85,11,100,34,127,55,0,29,134,83" hai2="88,97,1,21,111,57,53,2,52,58,131,38,123" hai3="31,102,121,110,95,114,62,101,17,3,49,18,7"/><U124/><E34/><V72/><F123/><W68/><G110/><T10/><D109/><U99/><E55/><V84/><F111/><W41/><G114/><T15/><D77/><U78/><E29/><V125/><F72/><W94/><G31/><T133/><D91/><U86/><E23/><V36/><F125/><N who="1" m="48201" /><E0/><V119/><F119/><W104/><G104/><T5/><D69/><U27/><E27/><V89/><F131/><W43/><G7/><T65/><D65/><U93/><E11/><V40/><F84/><N who="1" m="32361" /><E134/><N who="0" m="51209" /><D64/><U79/><E129/><V71/><F97/><W76/><G3/><T120/><D120/><U70/><E70/><V45/><F71/><W56/><G68/><T90/><D90/><N who="1" m="55735" /><E79/><V117/><F21/><W33/><G76/><T48/><D48/><U16/><E16/><N who="3" m="6250" /><G33/><T106/><D35/><U81/><E81/><V82/><F82/><W42/><G49/><T126/><D30/><U60/><E60/><V12/><F12/><W87/><G121/><T25/><D25/><U67/><E67/><V47/><F117/><N who="0" m="45162" /><D126/><U39/><E39/><V130/><F130/><W51/><G51/><T112/><D15/><U92/><E92/><V113/><F40/><W75/><G42/><T26/><D26/><U4/><E4/><V32/><F32/><W80/><G41/><T46/><D22/><U37/><E37/><V44/><F44/><W96/><G43/><T98/><D19/><U24/><E24/><V20/><F20/><W54/><G94/><T122/><D46/><U6/><E6/><V73/><F73/><AGARI ba="1,0" hai="73,78,83,100,103" m="55735,32361,48201" machi="73" ten="30,5800,0" yaku="18,1,34,2" doraHai="66" who="1" fromWho="2" sc="230,0,340,61,230,-61,200,0" /><INIT seed="1,2,0,2,2,60" ten="230,401,169,200" oya="1" hai0="109,14,30,54,47,59,61,44,124,69,46,17,55" hai1="49,62,99,50,128,80,100,23,10,13,29,71,26" hai2="58,52,129,132,111,130,1,33,84,133,3,2,127" hai3="40,20,113,28,38,6,79,68,112,8,88,7,98"/><U125/><E125/><V110/><F33/><W116/><G68/><T103/><D109/><N who="2" m="41482" /><F127/><W25/><G79/><T117/><D124/><U27/><E27/><V9/><F9/><W37/><G116/><T106/><D117/><U126/><E128/><N who="2" m="49259" /><F84/><W101/><G6/><T63/><D30/><U134/><E134/><N who="2" m="51819" /><F3/><W75/><G112/><T16/><D106/><U89/><E126/><V15/><F15/><W94/><G113/><T73/><D73/><U93/><E13/><V51/><AGARI ba="2,0" hai="1,2,51,52,58" m="51819,49259,41482" machi="51" ten="40,8000,1" yaku="14,1,19,1,20,1,54,1" doraHai="60" who="2" fromWho="2" sc="230,-22,401,-42,169,86,200,-22" /><INIT seed="2,0,0,4,4,1" ten="208,359,255,178" oya="2" hai0="87,54,75,58,32,30,80,5,106,37,44,129,88" hai1="61,103,4,56,127,101,49,125,92,135,69,100,66" hai2="113,28,93,82,0,9,20,27,64,84,2,62,126" hai3="47,70,86,63,12,33,39,22,109,98,31,122,48"/><V65/><F113/><W130/><G109/><T77/><D129/><U120/><E135/><V96/><F126/><N who="1" m="48137" /><E120/><V38/><F38/><W102/><G122/><T42/><D106/><U23/><E4/><V40/><F40/><W110/><G110/><T55/><D32/><U10/><E10/><V8/><F0/><W73/><G73/><T46/><D30/><U95/><E23/><V52/><F2/><W132/><G39/><T35/><D35/><U13/><E13/><V117/><F117/><W89/><G130/><T72/><D5/><U76/><E76/><V115/><F115/><W111/><G111/><T133/><D133/><U3/><E3/><V94/><F82/><W34/><G34/><T134/><D134/><U119/><E119/><V131/><F84/><W108/><G108/><T15/><D15/><U36/><E36/><V68/><F65/><W128/><G70/><T83/><D46/><U90/><E90/><V51/><F94/><N who="1" m="35881" /><E49/><V18/><F28/><W104/><G33/><T116/><D116/><U21/><E21/><V6/><F6/><W105/><G105/><T124/><D124/><U25/><E25/><V26/><F26/><W7/><G104/><T59/><REACH who="0" step="1"/><D75/><REACH who="0" ten="198,359,255,178" step="2"/><U43/><E43/><V79/><F131/><W114/><G132/><T16/><D16/><U11/><E11/><V67/><F8/><W99/><G128/><T29/><D29/><U107/><E107/><V91/><F9/><W74/><G74/><T112/><D112/><U17/><E17/><V19/><F19/><W85/><G114/><T41/><D41/><U45/><E45/><RYUUKYOKU type="nm" ba="0,1" sc="198,-20,359,-20,255,-40,178,80" hai0="37,42,44,54,55,58,59,72,77,80,83,87,88" hai1="56,61,66,69,100,101,103" /><INIT seed="3,1,1,1,3,54" ten="178,339,215,258" oya="3" hai0="33,97,116,132,101,4,34,2,21,38,45,15,22" hai1="114,44,0,40,7,5,55,3,88,60,69,52,135" hai2="32,25,96,123,75,109,71,92,115,50,39,24,130" hai3="124,16,64,65,127,10,53,77,31,79,121,93,9"/><W19/><G121/><T30/><D116/><U72/><E114/><V129/><F109/><W106/><G93/><T58/><D132/><U131/><E72/><V13/><F115/><W108/><G31/><T133/><D133/><U57/><E135/><V36/><F71/><W6/><G53/><T118/><D118/><U113/><E113/><V83/><F123/><W81/><G6/><T11/><D38/><U18/><E69/><V128/><F13/><W122/><G122/><T119/><D119/><U63/><E131/><V73/><F50/><W80/><REACH who="3" step="1"/><G108/><REACH who="3" ten="178,339,215,248" step="2"/><T14/><D30/><U134/><E7/><V89/><F92/><W28/><G28/><T87/><D4/><U112/><E5/><V111/><F111/><W86/><G86/><T90/><D87/><U120/><E120/><V8/><F129/><W76/><G76/><T17/><D33/><U12/><E134/><V107/><F128/><W104/><AGARI ba="1,2" hai="9,10,16,19,64,65,77,79,80,81,104,106,124,127" machi="104" ten="25,12000,1" yaku="1,1,0,1,22,2,54,1,53,0" doraHai="54" doraHaiUra="49" who="3" fromWho="3" sc="178,-41,339,-41,215,-41,248,143" /><INIT seed="3,2,0,1,5,34" ten="137,298,174,391" oya="3" hai0="9,3,43,37,91,70,108,11,16,109,49,71,32" hai1="69,79,67,0,88,50,86,38,21,111,59,132,19" hai2="58,128,30,10,103,115,107,51,7,89,35,22,112" hai3="64,104,80,102,56,61,77,44,99,98,24,101,46"/><W126/><G126/><T120/><D37/><U83/><E132/><V81/><F128/><W134/><G24/><T2/><D32/><U116/><E111/><N who="0" m="42569" /><D120/><U123/><E123/><V57/><F35/><W33/><G33/><T6/><D91/><U106/><E106/><V45/><F107/><W62/><G62/><T26/><D43/><U65/><E38/><V31/><F103/><W8/><G8/><N who="0" m="3147" /><D49/><U105/><E105/><V5/><F112/><W87/><G134/><T54/><D54/><N who="1" m="32215" /><E69/><N who="0" m="26121" /><D6/><U94/><E116/><V129/><F5/><W15/><G15/><T75/><D75/><U124/><E67/><V78/><F89/><W130/><G130/><T73/><D73/><U121/><E65/><V72/><F129/><W27/><G27/><T96/><D96/><N who="3" m="36905" /><G104/><T125/><D125/><U90/><E90/><V47/><F115/><W39/><G39/><T66/><D66/><U100/><E100/><AGARI ba="2,0" hai="44,46,56,61,64,77,80,87,100,101,102" m="36905" machi="100" ten="30,1500,0" yaku="8,1" doraHai="34" who="3" fromWho="1" sc="137,0,298,-21,174,0,391,21" /><INIT seed="3,3,0,1,3,72" ten="137,277,174,412" oya="3" hai0="125,121,60,42,28,77,106,21,54,87,105,97,120" hai1="92,79,134,115,94,75,113,26,80,36,40,45,11" hai2="129,37,133,41,70,88,47,73,3,13,82,29,83" hai3="78,122,101,22,96,43,110,117,114,48,124,59,25"/><W130/><G117/><T46/><D125/><U31/><E134/><V17/><F133/><W107/><G122/><T69/><D28/><U61/><E94/><V91/><F129/><W56/><G114/><T14/><D21/><U65/><E92/><V33/><F3/><W135/><G135/><T132/><D14/><U123/><E123/><V68/><F33/><W58/><G130/><T49/><D132/><U27/><E27/><V71/><F29/><W20/><G124/><T66/><D97/><U63/><E63/><V8/><REACH who="2" step="1"/><F82/><REACH who="2" ten="137,277,164,412" step="2"/><W7/><G110/><T12/><D121/><U76/><E113/><V67/><F67/><W57/><G20/><T2/><D2/><U44/><E80/><V18/><F18/><W24/><G22/><T127/><D127/><U5/><E115/><V126/><F126/><W50/><G7/><T128/><D128/><U90/><E65/><V108/><F108/><W0/><G0/><T95/><D120/><U131/><E31/><V112/><F112/><W19/><G19/><T53/><D12/><U16/><E16/><V93/><F93/><W23/><G25/><T38/><D95/><U86/><E26/><V4/><F4/><W62/><G24/><T64/><D64/><U39/><E5/><V55/><F55/><W10/><G62/><T30/><D54/><U103/><E61/><V89/><F89/><W74/><G107/><T109/><D30/><U99/><E131/><V32/><F32/><W100/><G23/><T9/><D109/><U52/><E52/><V34/><F34/><W98/><G10/><T85/><D9/><RYUUKYOKU ba="3,1" sc="137,-10,277,-10,164,30,412,-10" hai2="8,13,17,37,41,47,68,70,71,73,83,88,91" /><INIT seed="4,4,1,4,5,48" ten="127,267,194,402" oya="0" hai0="127,111,75,122,106,61,100,18,3,131,116,93,13" hai1="41,52,80,19,85,16,7,31,58,91,47,12,63" hai2="128,20,97,72,53,50,82,101,59,6,46,56,107" hai3="74,11,37,121,62,123,64,22,67,55,94,88,14"/><T79/><D122/><N who="3" m="46601" /><G37/><T10/><D116/><U70/><E70/><V4/><F128/><W78/><G22/><T114/><D114/><U119/><E119/><V83/><F20/><W77/><G55/><T120/><D120/><U105/><E105/><V102/><F102/><W118/><G118/><T109/><D131/><U113/><E113/><V38/><F56/><N who="3" m="36935" /><G67/><T36/><D127/><U134/><E134/><V23/><F23/><W45/><G45/><T44/><D106/><U40/><E31/><V21/><F21/><W135/><G74/><T103/><D3/><U51/><E41/><V57/><F57/><W99/><G135/><T129/><D129/><U90/><E90/><V66/><F72/><W69/><G69/><T108/><D93/><U34/><E34/><V87/><F38/><W117/><G117/><T17/><D17/><AGARI ba="4,1" hai="11,14,17,77,78,88,94,99" m="36935,46601" machi="17" ten="30,2000,0" yaku="13,1,54,1" doraHai="48" who="3" fromWho="0" sc="127,-32,267,0,194,0,402,42" /><INIT seed="5,0,0,3,0,31" ten="95,267,194,444" oya="1" hai0="40,126,91,88,120,44,87,58,99,48,18,61,0" hai1="114,133,119,90,54,89,121,100,51,111,47,108,24" hai2="52,113,79,103,94,20,109,23,70,9,134,7,67" hai3="85,135,106,34,122,131,110,3,19,66,74,22,4"/><U26/><E121/><V63/><F109/><N who="1" m="42057" /><E119/><V39/><F134/><W105/><G85/><T1/><D126/><U76/><E114/><V95/><F39/><W77/><G19/><T6/><D120/><U71/><E71/><V86/><F113/><W28/><G22/><T65/><D6/><U96/><E76/><V30/><F30/><W97/><G97/><T132/><D132/><U104/><E133/><V59/><F79/><W69/><G4/><T38/><D99/><U2/><E2/><V117/><F103/><W35/><G28/><T81/><D91/><AGARI ba="0,0" hai="24,26,47,51,54,89,90,91,96,100,104" m="42057" machi="91" ten="30,1500,0" yaku="10,1" doraHai="31" who="1" fromWho="0" sc="95,-15,267,15,194,0,444,0" /><INIT seed="5,1,0,2,2,79" ten="80,282,194,444" oya="1" hai0="25,4,83,26,125,124,35,93,52,41,20,89,8" hai1="65,7,17,45,56,28,44,59,1,5,112,24,51" hai2="101,111,54,73,104,117,22,43,0,99,68,67,66" hai3="76,14,55,77,130,31,92,82,63,69,48,61,115"/><U47/><E112/><V105/><F111/><W16/><G115/><T128/><D128/><U2/><E17/><V40/><F117/><W57/><G31/><T10/><D41/><U94/><E65/><V3/><F73/><W116/><G130/><T75/><D35/><U29/><E94/><V108/><F108/><W49/><G69/><T122/><D122/><U71/><E71/><V109/><F109/><W74/><G77/><T91/><D93/><U62/><E51/><V87/><F54/><W88/><G61/><T33/><D33/><U38/><E62/><V132/><F132/><W133/><G116/><T70/><D70/><U37/><E47/><V97/><F87/><W81/><G81/><T96/><D96/><U90/><E90/><V19/><F68/><W50/><G63/><T118/><D118/><U127/><REACH who="1" step="1"/><E24/><REACH who="1" ten="80,272,194,444" step="2"/><V106/><F67/><W12/><G49/><T23/><D4/><U30/><E30/><V78/><F19/><W46/><G16/><T121/><D121/><U85/><E85/><V21/><F66/><W129/><G48/><T102/><D75/><U13/><E13/><V119/><F119/><W134/><G46/><T6/><D6/><U58/><E58/><V131/><F105/><W72/><G12/><T100/><REACH who="0" step="1"/><D83/><REACH who="0" ten="70,272,194,444" step="2"/><U86/><E86/><V126/><F106/><W95/><G82/><T34/><D34/><U15/><E15/><V107/><F107/><W135/><G14/><T110/><D110/><U114/><E114/><V120/><F104/><W84/><G74/><T98/><D98/><U103/><E103/><V53/><F97/><RYUUKYOKU ba="1,2" sc="70,15,272,15,194,-15,444,-15" hai0="8,10,20,23,25,26,52,89,91,100,102,124,125" hai1="1,2,5,7,28,29,37,38,44,45,56,59,127" /><INIT seed="5,2,2,1,4,22" ten="85,287,179,429" oya="1" hai0="29,114,119,6,2,34,96,57,83,98,37,16,10" hai1="36,47,8,32,71,125,69,120,115,91,135,28,94" hai2="26,72,84,30,11,76,3,87,90,46,63,41,117" hai3="55,101,9,23,110,35,1,86,131,68,54,17,61"/><U80/><E120/><V25/><F117/><W15/><G110/><T97/><D119/><U64/><E115/><V78/><F72/><W49/><G101/><T82/><D114/><U89/><E135/><V52/><F3/><W58/><G35/><T70/><D70/><U79/><E125/><V74/><F11/><W14/><G1/><T31/><D37/><U67/><E8/><V104/><F104/><W121/><G121/><T40/><D40/><U106/><E106/><V129/><F74/><W130/><G86/><N who="2" m="32809" /><F90/><W43/><G43/><T99/><N who="0" m="24576" /><DORA hai="124" /><T21/><D57/><U92/><E28/><V7/><F129/><N who="3" m="49163" /><G68/><T13/><REACH who="0" step="1"/><D31/><REACH who="0" ten="75,287,179,429" step="2"/><U24/><E36/><V50/><F30/><W4/><G55/><T107/><D107/><U93/><E71/><V132/><F132/><W62/><AGARI ba="2,3" hai="4,9,14,15,17,23,49,54,58,61,62" m="49163" machi="62" ten="30,7900,0" yaku="19,1,52,3" doraHai="22,124" who="3" fromWho="3" sc="75,-22,287,-41,179,-22,429,115" /><INIT seed="6,0,0,0,5,38" ten="53,246,157,544" oya="2" hai0="91,135,82,12,48,71,28,88,31,29,32,6,3" hai1="45,21,112,121,37,49,114,26,130,53,10,59,11" hai2="119,42,24,90,75,111,104,47,97,35,94,41,65" hai3="62,125,129,109,36,39,58,25,122,117,132,127,89"/><V85/><F119/><W79/><G79/><T92/><D135/><U16/><E130/><V5/><F111/><W43/><G25/><T2/><D32/><U64/><E121/><V95/><F75/><W19/><G19/><T113/><D113/><N who="1" m="43627" /><E37/><V110/><F104/><W15/><G15/><T20/><D71/><U131/><E131/><V107/><F107/><W14/><G14/><T40/><D2/><U8/><E64/><V9/><F65/><W126/><G89/><T120/><D3/><U30/><E59/><V18/><F47/><N who="3" m="24039" /><G39/><T76/><D120/><U115/><N who="1" m="43635" /><U80/><DORA hai="87" /><E80/><V27/><F110/><W102/><G122/><T73/><D92/><U7/><E7/><V0/><F24/><W106/><G132/><T57/><D57/><U68/><E68/><V99/><F85/><W77/><G109/><T83/><D83/><U50/><E50/><V96/><F96/><N who="3" m="61767" /><G117/><T1/><D1/><U72/><E72/><V103/><REACH who="2" step="1"/><F18/><AGARI ba="0,0" hai="8,10,11,16,18,21,26,30,45,49,53" m="43635" machi="18" ten="50,3200,0" yaku="15,1,54,1" doraHai="38,87" who="1" fromWho="2" sc="53,0,246,32,157,-32,544,0" /><INIT seed="7,0,0,5,2,82" ten="53,278,125,544" oya="3" hai0="8,95,42,73,28,134,20,31,10,125,103,21,62" hai1="48,78,39,50,43,115,37,14,89,35,57,15,59" hai2="67,1,5,75,80,133,97,99,63,88,123,100,122" hai3="11,114,9,24,33,2,45,54,4,60,7,77,0"/><W94/><G114/><T111/><D134/><U51/><E89/><V36/><F133/><W81/><G94/><T83/><D125/><U30/><E78/><N who="2" m="44127" /><F36/><W120/><G120/><N who="2" m="46121" /><F88/><W116/><G116/><T71/><D111/><U65/><E43/><V56/><F100/><W117/><G117/><T27/><D42/><U41/><E41/><V113/><F113/><W18/><G18/><T58/><D71/><U38/><E30/><V70/><F70/><W84/><G24/><T105/><D105/><U90/><E90/><V46/><F46/><W55/><G33/><T127/><D127/><U98/><E35/><V126/><F126/><W91/><G45/><T106/><D106/><U44/><E44/><V23/><F23/><W129/><G129/><T34/><D83/><U25/><E25/><V92/><F92/><W121/><G121/><T96/><D73/><U68/><E68/><V130/><F130/><W109/><G109/><T118/><D34/><U69/><E69/><V119/><F119/><W85/><G60/><T47/><D47/><U86/><E115/><V135/><F135/><W13/><G13/><T102/><D102/><U26/><E26/><V108/><F108/><W104/><G104/><T93/><D118/><U132/><E132/><V16/><F16/><W87/><G91/><T40/><D40/><U124/><E124/><V107/><F107/><W53/><AGARI ba="0,0" hai="0,2,4,7,9,11,53,54,55,77,81,84,85,87" machi="53" ten="30,12000,1" yaku="0,1,9,1,52,3" doraHai="82" who="3" fromWho="3" sc="53,-40,278,-40,125,-40,544,120" owari="13,-49.0,238,4.0,85,-31.0,664,76.0" /></mjloggm>