<mjloggm ver="2.3"><GO type="169" lobby="0"/><UN n0="%64%75%72%72%72%72%72" n1="%6B%75%72%69%6D%75" n2="%E5%9B%9B%E5%AE%AE%E7%B4%85%E8%BC%9D" n3="%E7%B4%85%E3%81%84%E7%9E%B3%E3%81%AE%E6%AD%A6%E4%B8%B8" dan="18,18,18,16" rate="2230.74,2272.92,2289.57,2082.09" sx="M,M,F,M"/><TAIKYOKU oya="0"/><INIT seed="0,0,0,2,0,95" ten="250,250,250,250" oya="0" hai0="64,103,51,107,85,75,42,13,91,122,11,70,131" hai1="100,79,74,10,2,92,71,62,96,21,41,108,87" hai2="56,80,104,78,1,5,126,24,112,90,63,28,9" hai3="115,37,88,99,128,53,15,20,69,30,44,98,40"/><T86/><D122/><U31/><E108/><V127/><F112/><W54/><G115/><T111/><D75/><U129/><E129/><V67/><F104/><W132/><G128/><T135/><D131/><U26/><E41/><V130/><F90/><W29/><G69/><T76/><D135/><U105/><E2/><V120/><F120/><W17/><G132/><T118/><D118/><U84/><E10/><V102/><F102/><W14/><G14/><T65/><D70/><U58/><E105/><V121/><F121/><W47/><G54/><T3/><D3/><U36/><E36/><V12/><F12/><W134/><G134/><T49/><D76/><U4/><E4/><V77/><F130/><W94/><REACH who="3" step="1"/><G98/><REACH who="3" ten="250,250,250,240" step="2"/><N who="0" m="61943" /><D13/><U82/><E71/><V0/><F0/><W117/><G117/><T27/><D65/><AGARI ba="0,1" hai="21,26,31,58,62,65,74,79,82,84,87,92,96,100" machi="65" ten="30,7700,0" yaku="7,1,25,2,52,1" doraHai="95" who="1" fromWho="0" sc="250,-77,250,87,250,0,240,0" /><INIT seed="1,0,0,1,1,92" ten="173,337,250,240" oya="1" hai0="31,26,11,77,51,73,2,63,18,39,6,119,89" hai1="27,120,0,48,14,113,133,122,29,30,36,66,64" hai2="94,79,13,102,72,125,42,111,44,8,76,21,121" hai3="129,24,52,23,22,97,71,100,25,57,56,91,37"/><U78/><E113/><V61/><F111/><W74/><G74/><T87/><D39/><U88/><E36/><V109/><F109/><W19/><G71/><T104/><D119/><U131/><E0/><V105/><F105/><W124/><G124/><T82/><D104/><U70/><E78/><V134/><F121/><W130/><G37/><T93/><D18/><U5/><E131/><N who="3" m="50186" /><G91/><T99/><D51/><U20/><E133/><V95/><F61/><N who="3" m="35975" /><G57/><T108/><D63/><U85/><E30/><V43/><F72/><W118/><G118/><T33/><REACH who="0" step="1"/><D108/><REACH who="0" ten="163,337,250,240" step="2"/><U41/><E120/><V12/><F125/><W69/><G69/><T49/><D49/><U126/><E48/><V86/><F134/><W65/><G65/><T103/><D103/><U83/><E66/><V55/><F102/><W107/><G23/><T128/><D128/><U35/><E64/><V123/><F123/><W53/><G53/><T16/><D16/><U3/><E20/><V34/><F55/><W28/><G28/><T47/><D47/><U117/><E29/><V98/><F44/><W62/><G62/><T132/><D132/><U67/><E67/><V9/><F21/><W60/><G60/><T115/><D115/><U32/><E70/><V40/><F40/><W50/><G50/><T106/><D106/><U90/><E41/><V110/><F110/><W101/><G101/><T7/><D7/><U96/><E117/><V127/><F42/><W81/><G25/><T112/><D112/><U135/><E126/><V59/><F127/><W116/><G116/><T58/><D58/><U68/><E122/><RYUUKYOKU ba="0,1" sc="163,15,337,-15,250,-15,240,15" hai0="2,6,11,26,31,33,73,77,82,87,89,93,99" hai3="19,22,24,81,97,100,107" /><INIT seed="2,1,1,4,4,96" ten="178,322,235,255" oya="2" hai0="37,97,54,39,11,80,34,122,117,94,22,27,89" hai1="124,38,44,8,14,66,125,113,92,90,81,45,120" hai2="134,93,82,21,32,127,0,41,114,40,111,1,53" hai3="15,101,77,119,4,79,19,87,112,91,74,131,116"/><V104/><F114/><W135/><G135/><T115/><D122/><U72/><E113/><V132/><F104/><W29/><G112/><T33/><D115/><U86/><E66/><V52/><F32/><W57/><G131/><T59/><D117/><U110/><E110/><V100/><F82/><W67/><G4/><T28/><D33/><U20/><E20/><V63/><F127/><N who="1" m="48713" /><E38/><V6/><F21/><W98/><G29/><T88/><D34/><U69/><E69/><V108/><F63/><W50/><G116/><T65/><D65/><U35/><E35/><V130/><F6/><W106/><G119/><T13/><D80/><U107/><E107/><V17/><F17/><W47/><G74/><T16/><REACH who="0" step="1"/><D89/><REACH who="0" ten="168,322,235,255" step="2"/><U105/><E120/><V49/><F130/><W36/><G67/><T60/><AGARI ba="1,2" hai="11,13,16,22,27,28,37,39,54,59,60,88,94,97" machi="60" ten="20,12000,2" yaku="1,1,2,1,0,1,7,1,54,2,53,1" doraHai="96" doraHaiUra="56" who="0" fromWho="0" sc="168,143,322,-31,235,-61,255,-31" /><INIT seed="3,0,0,5,4,23" ten="311,291,174,224" oya="3" hai0="95,49,4,99,50,45,89,118,87,85,43,63,44" hai1="78,34,2,106,55,67,48,28,90,22,117,110,42" hai2="68,26,69,24,122,98,102,76,8,123,41,126,107" hai3="27,20,16,125,74,9,33,114,70,75,11,58,17"/><W52/><G114/><T115/><D115/><U101/><E2/><V130/><F130/><W29/><G70/><N who="2" m="27241" /><F76/><W73/><G125/><T61/><D118/><U112/><E117/><V131/><F131/><W15/><REACH who="3" step="1"/><G17/><REACH who="3" ten="311,291,174,214" step="2"/><T86/><REACH who="0" step="1"/><D4/><REACH who="0" ten="301,291,174,214" step="2"/><U18/><E112/><V77/><F126/><W10/><G10/><T54/><AGARI ba="0,2" hai="43,44,45,49,50,54,61,63,85,86,87,89,95,99" machi="54" ten="30,7900,0" yaku="1,1,2,1,0,1,8,1,53,0" doraHai="23" doraHaiUra="108" who="0" fromWho="0" sc="301,99,291,-20,174,-20,214,-39" /><INIT seed="4,0,0,2,5,130" ten="400,271,154,175" oya="0" hai0="96,17,15,39,95,100,79,83,60,42,114,93,88" hai1="14,128,129,113,25,84,44,72,27,112,76,46,74" hai2="13,19,99,30,110,26,34,36,115,24,2,37,69" hai3="103,97,16,98,49,5,135,32,56,9,21,120,124"/><T1/><D1/><U94/><E14/><V119/><F69/><W8/><G32/><T65/><D114/><N who="1" m="44139" /><E94/><V18/><F115/><W73/><G73/><N who="1" m="28266" /><E84/><V3/><F99/><W4/><G120/><T0/><D0/><N who="2" m="42" /><F36/><W57/><G124/><T41/><D39/><U101/><E76/><V38/><F38/><W131/><G131/><N who="1" m="50250" /><E101/><V107/><F107/><W122/><G122/><T116/><D83/><U11/><E11/><N who="2" m="6463" /><F37/><W29/><G103/><T66/><D79/><U51/><E51/><V59/><F59/><W85/><G85/><T78/><D78/><U121/><E121/><V23/><F110/><W80/><G57/><T127/><D95/><U133/><E133/><V132/><F119/><W118/><G135/><AGARI ba="0,0" hai="19,23,24,26,30,34,132,135" m="6463,42" machi="135" ten="30,7700,0" yaku="34,2,52,2" doraHai="130" who="2" fromWho="3" sc="400,0,271,0,154,77,175,-77" /><INIT seed="5,0,0,2,0,2" ten="400,271,231,98" oya="1" hai0="104,64,133,58,21,79,61,120,116,70,16,14,125" hai1="13,66,53,60,99,54,49,43,39,130,24,90,7" hai2="115,52,41,71,94,6,85,100,101,128,109,110,105" hai3="9,55,134,80,132,37,131,82,68,27,46,15,26"/><U0/><E130/><V1/><F128/><W108/><G131/><T77/><D116/><U121/><E121/><V56/><F71/><W103/><G68/><T50/><D104/><U86/><E0/><V76/><F115/><W91/><G103/><T40/><D120/><U98/><E24/><V45/><F105/><W106/><G108/><T117/><D117/><U122/><E39/><V63/><F100/><W44/><G106/><T32/><D32/><U118/><E43/><V114/><F114/><W65/><G65/><T5/><D133/><U25/><E25/><V33/><F33/><W57/><G132/><T97/><D125/><U17/><E118/><V126/><F126/><W28/><G134/><T95/><D5/><U123/><E7/><V30/><F30/><W111/><G111/><T102/><D70/><U22/><E122/><V48/><F76/><W34/><G26/><T127/><D127/><U4/><E4/><V124/><F124/><W20/><G34/><T81/><D81/><N who="1" m="49487" /><E123/><V89/><REACH who="2" step="1"/><F101/><REACH who="2" ten="400,271,221,98" step="2"/><W29/><G29/><T74/><D74/><U75/><E75/><V135/><F135/><W69/><G69/><T92/><D77/><U113/><E113/><V83/><F83/><W12/><G82/><T62/><D79/><U112/><E112/><V36/><F36/><W129/><G37/><T67/><D102/><U119/><E119/><V51/><F51/><W18/><G129/><T31/><D31/><U47/><E66/><V42/><F42/><W107/><G28/><T88/><D40/><N who="1" m="24807" /><E60/><N who="0" m="23145" /><D92/><U78/><E78/><V19/><F19/><W84/><G18/><RYUUKYOKU ba="0,1" sc="400,10,271,10,221,10,98,-30" hai0="14,16,21,50,58,64,67,88,95,97" hai1="13,17,22,53,54,98,99" hai2="1,6,41,45,48,52,56,63,85,89,94,109,110" /><INIT seed="5,1,1,1,0,59" ten="410,281,231,68" oya="1" hai0="29,1,116,106,76,35,62,5,28,88,36,82,80" hai1="2,121,132,38,23,25,111,126,43,110,87,131,118" hai2="42,39,51,103,9,21,10,96,53,99,128,65,30" hai3="73,125,94,46,109,17,102,95,120,107,83,100,78"/><U37/><E121/><V26/><F128/><W24/><G109/><N who="1" m="41482" /><E2/><V86/><F65/><W4/><G120/><T0/><D0/><U12/><E118/><V14/><F39/><N who="1" m="14857" /><E43/><V40/><F86/><W115/><G115/><T20/><D36/><U74/><E74/><V54/><F54/><W44/><G125/><T123/><D1/><U71/><E12/><V122/><F122/><W61/><G4/><T55/><D5/><U13/><E13/><V47/><F10/><W49/><G46/><T101/><D35/><U3/><E3/><V56/><F103/><W117/><G117/><T18/><D20/><U8/><E8/><V72/><F72/><W69/><G102/><T7/><D7/><U41/><E41/><N who="2" m="15979" /><F47/><W32/><G44/><T70/><D123/><U33/><E33/><V6/><AGARI ba="1,1" hai="6,9,14,21,26,30,51,53,56,96,99" m="15979" machi="6" ten="30,1100,0" yaku="8,1" doraHai="59" who="2" fromWho="2" sc="410,-4,281,-6,231,24,68,-4" /><INIT seed="6,0,0,5,0,47" ten="406,275,255,64" oya="2" hai0="43,74,11,35,39,124,51,113,111,83,76,55,50" hai1="114,101,8,126,60,1,21,66,6,100,117,5,88" hai2="109,57,116,120,54,73,82,122,119,103,92,86,31" hai3="44,96,80,72,25,53,90,28,33,64,12,27,112"/><V102/><F31/><W3/><G3/><T108/><D111/><U37/><E114/><V38/><F38/><W130/><G112/><T24/><D108/><U61/><E126/><V59/><F54/><W106/><G130/><T94/><D113/><U48/><E37/><V13/><F13/><W98/><G64/><T107/><D107/><U135/><E135/><V131/><F109/><W18/><G25/><T19/><D124/><U62/><E6/><V2/><F92/><W127/><G127/><T77/><D77/><U58/><E21/><V104/><F73/><W134/><G134/><T56/><D39/><U84/><E117/><V9/><F9/><W118/><G118/><T133/><D133/><U87/><E87/><V75/><F75/><W69/><G69/><T121/><D43/><U15/><E1/><V23/><F23/><W78/><G90/><T81/><D81/><N who="1" m="49167" /><E66/><V46/><F86/><W123/><G123/><T71/><D71/><U67/><E67/><V79/><F2/><W91/><G91/><T17/><D94/><U85/><E85/><V128/><F82/><W125/><G125/><T45/><D11/><U40/><E58/><V110/><F110/><W7/><G7/><T30/><D121/><U4/><E5/><V105/><REACH who="2" step="1"/><F46/><AGARI ba="0,0" hai="4,8,15,40,46,48,60,61,62,100,101" m="49167" machi="46" ten="30,3900,0" yaku="8,1,52,1,54,1" doraHai="47" who="1" fromWho="2" sc="406,0,275,39,255,-39,64,0" /><INIT seed="7,0,0,4,2,0" ten="406,314,216,64" oya="3" hai0="26,40,30,47,52,91,2,73,46,104,86,34,87" hai1="108,96,69,42,50,85,64,105,16,126,37,38,71" hai2="93,123,22,1,110,107,70,76,33,55,31,45,7" hai3="83,11,102,74,20,95,127,89,4,80,119,60,65"/><W28/><G119/><T132/><D73/><U59/><E85/><V14/><F107/><W79/><G127/><T43/><D104/><U61/><E96/><V125/><F70/><N who="1" m="26633" /><E16/><V66/><F66/><W94/><G102/><T124/><D2/><U27/><E27/><V122/><F110/><W23/><G83/><T62/><D124/><U8/><E105/><V9/><F76/><W13/><G28/><T98/><D98/><U35/><E8/><V67/><F67/><W58/><REACH who="3" step="1"/><G94/><REACH who="3" ten="406,314,216,54" step="2"/><T111/><D30/><U17/><E126/><V12/><F93/><W97/><AGARI ba="0,1" hai="4,11,13,20,23,58,60,65,74,79,80,89,95,97" machi="97" ten="20,12000,1" yaku="1,1,2,1,0,1,7,1,52,1,53,0" doraHai="0" doraHaiUra="118" who="3" fromWho="3" sc="406,-40,314,-40,216,-40,54,130" /><INIT seed="7,1,0,5,4,119" ten="366,274,176,184" oya="3" hai0="90,27,66,12,70,50,59,127,17,46,42,15,85" hai1="102,23,111,135,41,87,81,58,1,125,77,34,56" hai2="110,11,95,112,115,126,57,99,31,122,97,124,113" hai3="121,107,63,55,29,105,75,5,2,26,43,10,9"/><W103/><G121/><T73/><D70/><U24/><E125/><N who="2" m="48235" /><F110/><W3/><G55/><T47/><D73/><U0/><E135/><V72/><F72/><W20/><G75/><T8/><D127/><U48/><E34/><V53/><F122/><W86/><G43/><T49/><D27/><U51/><E102/><V25/><F11/><W92/><G63/><N who="0" m="38271" /><D15/><U80/><E80/><V118/><F95/><W18/><G86/><T45/><D49/><U39/><E39/><V33/><F118/><W4/><REACH who="3" step="1"/><G29/><REACH who="3" ten="366,274,176,174" step="2"/><T21/><D42/><U114/><E41/><V129/><F129/><W38/><G38/><T36/><D36/><U88/><E87/><V61/><AGARI ba="1,1" hai="25,31,33,53,57,61,97,99,112,113,115" m="48235" machi="61" ten="40,2700,0" yaku="15,1,18,1" doraHai="119" who="2" fromWho="2" sc="366,-8,274,-8,176,40,174,-14" owari="358,45.0,266,7.0,216,-18.0,160,-34.0" /></mjloggm>