<mjloggm ver="2.3"><GO type="169" lobby="0"/><UN n0="%E3%81%AB%E3%81%A3%E3%81%A1%E3%82%87" n1="%E6%9D%A5%E9%80%B1%E3%81%AE%E7%B3%B8%E4%BA%95" n2="%E7%B7%91%E3%81%AE%E3%83%A9%E3%83%B3%E3%83%97" n3="%E9%81%8A%E3%81%B3%E5%BF%83" dan="17,16,16,18" rate="2157.77,2143.21,2081.35,2212.28" sx="M,M,M,M"/><TAIKYOKU oya="0"/><INIT seed="0,0,0,0,0,27" ten="250,250,250,250" oya="0" hai0="1,32,16,24,96,60,88,72,4,80,99,12,40" hai1="30,82,7,3,130,21,129,95,34,50,84,135,61" hai2="8,94,85,5,14,47,28,108,45,97,132,76,106" hai3="81,2,41,57,29,11,53,9,67,58,71,109,120"/><T26/><D40/><U116/><E116/><V43/><F108/><W73/><G109/><T134/><D134/><U114/><E135/><V78/><F106/><W56/><G120/><T74/><D74/><U52/><E114/><V42/><F132/><W122/><G122/><T49/><D1/><U19/><E61/><V124/><F124/><W17/><G71/><T104/><D4/><U93/><E7/><V46/><F28/><W18/><G67/><T126/><D126/><U36/><E36/><V59/><F59/><N who="3" m="22603" /><G41/><N who="2" m="15369" /><F85/><W86/><G73/><T105/><D60/><U70/><E70/><V35/><F35/><W31/><G2/><T51/><D72/><U77/><E3/><V75/><F75/><W65/><G65/><T79/><D79/><U48/><E34/><V33/><F33/><W123/><G17/><T87/><D105/><U64/><E64/><V89/><AGARI ba="0,0" hai="5,8,14,45,46,47,76,78,89,94,97" m="15369" machi="89" ten="30,1100,0" yaku="8,1" doraHai="27" who="2" fromWho="2" sc="250,-5,250,-3,250,11,250,-3" /><INIT seed="1,0,0,3,5,62" ten="245,247,261,247" oya="1" hai0="83,6,10,74,36,126,96,76,33,84,78,20,18" hai1="3,58,12,38,91,124,117,73,0,70,22,75,28" hai2="65,106,135,17,19,131,7,21,39,61,23,69,34" hai3="40,89,42,130,129,93,14,43,102,94,56,46,77"/><U99/><E70/><V51/><F39/><W5/><G77/><T66/><D126/><U122/><E117/><V87/><F34/><W72/><G72/><T112/><D112/><U60/><E38/><V47/><F7/><W1/><G102/><T35/><D36/><U57/><E122/><V125/><F125/><W37/><G94/><T110/><D110/><U4/><E124/><V25/><F131/><N who="3" m="50187" /><G1/><T31/><D96/><U68/><E68/><V45/><F106/><W134/><G134/><T86/><D78/><U85/><E99/><V105/><F105/><W11/><G56/><T53/><D53/><U15/><E58/><V111/><F111/><W101/><G101/><T64/><D86/><AGARI ba="0,0" hai="5,11,14,37,40,42,43,46,86,89,93" m="50187" machi="86" ten="30,1000,0" yaku="19,1" doraHai="62" who="3" fromWho="0" sc="245,-10,247,0,261,0,247,10" /><INIT seed="2,0,0,3,3,26" ten="235,247,261,257" oya="2" hai0="50,135,133,14,130,132,75,73,51,3,117,107,28" hai1="106,16,64,7,58,105,129,82,6,13,25,63,57" hai2="101,110,93,85,55,29,74,81,78,2,56,87,46" hai3="126,131,114,119,39,113,19,128,15,120,98,122,36"/><V134/><F2/><W97/><G119/><T45/><D3/><U109/><E109/><V88/><F134/><W47/><G19/><T37/><D117/><U10/><E129/><N who="3" m="49738" /><G15/><T118/><D118/><U4/><E82/><V61/><F110/><W94/><G126/><T60/><D130/><U33/><REACH who="1" step="1"/><E58/><REACH who="1" ten="235,237,261,257" step="2"/><V18/><F46/><W62/><G114/><T125/><D132/><U23/><E23/><V100/><F74/><W27/><G113/><T84/><D75/><U124/><E124/><V108/><F108/><W49/><G120/><T34/><D73/><U32/><E32/><V22/><REACH who="2" step="1"/><F29/><AGARI ba="0,1" hai="4,6,7,10,13,16,25,29,33,57,63,64,105,106" machi="29" ten="40,5200,0" yaku="1,1,52,1,54,1,53,0" doraHai="26" doraHaiUra="92" who="1" fromWho="2" sc="235,0,237,62,261,-52,257,0" /><INIT seed="3,0,0,2,3,128" ten="235,299,209,257" oya="3" hai0="111,17,126,60,98,24,20,33,134,99,77,4,85" hai1="43,110,55,124,11,46,118,69,86,40,84,68,13" hai2="29,63,75,48,18,32,129,1,73,132,65,39,120" hai3="45,41,104,53,5,72,80,6,78,10,135,44,130"/><W76/><G130/><T67/><D111/><U122/><E122/><V47/><F129/><W71/><G104/><T7/><D126/><U51/><E110/><V27/><F120/><W127/><G127/><T95/><D33/><U14/><E124/><V94/><F1/><W21/><G71/><T66/><D66/><U8/><E51/><V123/><F123/><W109/><G5/><T12/><D134/><U119/><E55/><V37/><F37/><W15/><G109/><T114/><D114/><U58/><E58/><V83/><F39/><W115/><G115/><T61/><D61/><U57/><REACH who="1" step="1"/><E57/><REACH who="1" ten="235,289,209,257" step="2"/><V101/><F48/><W117/><G53/><T35/><D67/><U19/><E19/><V16/><F47/><AGARI ba="0,1" hai="8,11,13,14,40,43,46,47,68,69,84,86,118,119" machi="47" ten="25,3200,0" yaku="1,1,22,2,53,0" doraHai="128" doraHaiUra="116" who="1" fromWho="2" sc="235,0,289,42,209,-32,257,0" /><INIT seed="4,0,0,3,1,96" ten="235,331,177,257" oya="0" hai0="99,120,31,126,130,48,117,78,121,116,82,77,118" hai1="56,26,11,90,98,66,68,63,34,123,10,49,80" hai2="36,58,38,39,87,107,93,134,21,79,75,102,6" hai3="69,30,43,42,71,125,89,32,1,51,59,45,72"/><T124/><D31/><U47/><E123/><N who="0" m="47177" /><D48/><U86/><E68/><V37/><F134/><W128/><G1/><T15/><D15/><U2/><E2/><V33/><F33/><W60/><G32/><T111/><D130/><U122/><E122/><V115/><F115/><W9/><G30/><T24/><D24/><U105/><E34/><V54/><F6/><W55/><G9/><T129/><D129/><U114/><E114/><V23/><N who="2" m="9216" /><DORA hai="76" /><V13/><F13/><W64/><G128/><T19/><D19/><U131/><E131/><V84/><F107/><W27/><G27/><T81/><D99/><U94/><E105/><V100/><F75/><W85/><G72/><N who="0" m="43175" /><D111/><U106/><E106/><V104/><F104/><W62/><G69/><T133/><D133/><U3/><E3/><V53/><F93/><W16/><G43/><T112/><D112/><U61/><E61/><V110/><F110/><W46/><G46/><T29/><D29/><U0/><E26/><V95/><F95/><W8/><G16/><T103/><D103/><N who="2" m="39466" /><F58/><W17/><G17/><T25/><D25/><U135/><E135/><V67/><F79/><W22/><G59/><T14/><D14/><U92/><E0/><V74/><F74/><AGARI ba="0,0" hai="74,78,82,116,117,118,124,126" m="43175,47177" machi="74" ten="40,12000,1" yaku="23,1,34,2,52,2" doraHai="96,76" who="0" fromWho="2" sc="235,120,331,0,177,-120,257,0" /><INIT seed="4,1,0,4,1,38" ten="355,331,57,257" oya="0" hai0="58,106,71,40,70,131,48,120,125,85,93,18,81" hai1="28,19,126,26,42,83,49,37,67,65,118,130,41" hai2="32,88,3,117,44,16,61,56,87,129,105,103,77" hai3="92,94,27,111,116,21,30,34,110,108,1,29,102"/><T134/><D120/><U66/><E118/><V90/><F32/><W72/><G116/><T15/><D106/><U74/><E37/><V64/><F3/><W75/><G1/><T95/><D125/><U24/><E126/><V97/><F117/><W2/><G2/><T99/><D131/><U60/><E130/><V31/><F31/><W119/><G119/><T11/><D134/><U82/><E60/><V79/><F129/><W13/><G102/><T23/><D11/><U5/><E5/><V114/><F90/><W7/><G7/><T14/><D15/><U135/><E135/><V51/><F114/><W46/><G46/><T22/><D23/><N who="1" m="15391" /><E74/><V69/><F69/><W128/><G128/><T91/><D81/><N who="1" m="30731" /><E49/><V109/><F109/><W4/><G4/><T35/><D35/><U57/><E57/><V47/><F47/><W9/><G72/><T127/><D127/><U78/><E78/><V6/><F6/><W115/><G75/><T36/><D36/><U8/><E8/><V0/><F0/><W39/><G9/><T112/><D112/><U104/><E104/><V52/><REACH who="2" step="1"/><F16/><REACH who="2" ten="355,331,47,257" step="2"/><W12/><G30/><T17/><D17/><U59/><E59/><V133/><F133/><W76/><G34/><T96/><D71/><U101/><E101/><V68/><F68/><W45/><G110/><T84/><D70/><U25/><E19/><V53/><F53/><W124/><G108/><T55/><D40/><AGARI ba="1,1" hai="25,26,40,41,42,65,66,67" m="30731,15391" machi="40" ten="30,7700,0" yaku="8,1,52,3" doraHai="38" who="1" fromWho="0" sc="355,-80,331,90,47,0,257,0" /><INIT seed="5,0,0,1,1,64" ten="275,421,47,257" oya="1" hai0="77,87,111,26,118,8,80,42,83,34,85,72,71" hai1="5,36,56,125,78,53,47,55,37,113,31,97,117" hai2="11,43,115,116,25,0,101,134,127,114,102,60,70" hai3="2,41,54,13,10,38,58,66,73,103,12,123,40"/><U3/><E117/><V6/><F116/><W82/><G2/><T128/><D118/><U19/><E113/><N who="2" m="43019" /><F134/><W65/><G123/><T32/><D111/><U96/><E125/><V129/><F43/><N who="3" m="16459" /><G73/><T131/><D42/><U107/><E31/><V75/><F75/><W104/><G104/><T4/><D72/><U130/><E78/><V95/><F127/><W15/><G38/><T81/><D81/><U22/><E130/><N who="0" m="49705" /><D26/><U110/><E37/><V45/><F45/><W9/><G103/><T100/><D100/><U57/><E107/><V121/><F121/><W52/><G82/><T79/><D71/><U7/><E110/><V16/><F95/><W67/><G58/><T49/><D49/><U89/><E57/><V88/><F88/><W33/><G33/><T61/><D61/><U132/><E89/><V59/><F59/><W135/><G135/><T50/><D50/><U30/><E56/><V105/><F105/><W74/><G74/><T63/><D63/><U17/><E47/><V35/><F35/><W90/><G90/><T48/><D48/><U44/><E44/><V1/><F129/><W21/><G21/><T112/><D112/><U28/><E36/><V91/><F91/><W119/><G119/><T84/><D87/><U29/><E132/><V106/><F106/><W76/><G76/><T14/><AGARI ba="0,0" hai="4,8,14,32,34,77,79,80,83,84,85" m="49705" machi="14" ten="30,1100,0" yaku="19,1" doraHai="64" who="0" fromWho="0" sc="275,11,421,-5,47,-3,257,-3" /><INIT seed="6,0,0,0,2,44" ten="286,416,44,254" oya="2" hai0="104,41,79,103,31,22,76,91,77,48,72,98,118" hai1="61,101,38,135,130,11,51,111,9,37,18,84,40" hai2="80,90,114,132,128,68,36,43,20,99,59,6,30" hai3="134,58,66,123,65,52,115,15,82,73,45,53,117"/><V50/><F68/><W19/><G117/><T33/><D118/><U62/><E111/><V110/><F110/><W0/><G123/><T12/><D33/><U42/><E101/><V122/><F122/><W39/><G0/><T126/><D126/><U127/><E18/><V28/><F114/><W64/><G134/><T102/><D72/><U131/><E84/><N who="2" m="50439" /><F36/><W4/><G4/><T81/><D104/><U21/><E21/><V2/><F2/><W107/><G107/><T74/><D74/><U63/><E63/><V46/><F6/><W13/><G13/><T83/><D91/><U116/><E116/><V109/><F109/><W97/><G97/><T88/><D103/><U32/><E32/><V87/><F99/><W10/><G115/><T27/><D12/><U113/><E113/><V8/><F8/><W129/><G39/><T5/><D5/><U70/><E70/><V60/><F132/><W23/><G10/><T29/><D29/><N who="2" m="11370" /><F128/><W124/><G129/><T47/><D102/><U95/><E135/><V14/><F87/><W112/><G112/><T106/><D106/><U1/><E1/><V24/><F14/><W26/><G15/><T85/><D85/><U96/><E96/><V121/><F121/><W78/><G124/><T133/><D133/><U67/><E127/><V120/><F120/><W105/><G105/><T57/><D57/><U89/><E131/><V56/><F60/><N who="3" m="35911" /><G66/><T3/><D3/><U7/><E67/><V17/><AGARI ba="0,0" hai="17,20,24,43,46,50,56,59" m="11370,50439" machi="17" ten="30,3000,0" yaku="8,1,52,1" doraHai="44" who="2" fromWho="2" sc="286,-10,416,-10,44,30,254,-10" /><INIT seed="6,1,0,4,2,110" ten="276,406,74,244" oya="2" hai0="32,28,14,116,85,6,21,4,31,89,75,29,56" hai1="77,122,69,81,76,127,22,11,119,120,50,7,0" hai2="80,124,91,66,3,35,27,40,130,115,48,23,10" hai3="57,74,79,131,117,111,67,44,96,133,39,97,15"/><V103/><F103/><W60/><G111/><T64/><D116/><U49/><E119/><V30/><F130/><W106/><G117/><T55/><D75/><U107/><E127/><V53/><F124/><W42/><G131/><T109/><D109/><U2/><E69/><V25/><F66/><W135/><G106/><T73/><D73/><U26/><E107/><V68/><F68/><W104/><G15/><T62/><D32/><U5/><E5/><V105/><F105/><W41/><G41/><T18/><REACH who="0" step="1"/><D64/><REACH who="0" ten="266,406,74,244" step="2"/><U95/><E122/><V61/><F61/><W43/><G67/><T88/><D88/><U12/><E120/><V84/><F40/><W20/><G74/><T86/><D86/><U72/><E72/><V93/><F3/><W13/><G43/><T65/><D65/><U82/><E0/><V59/><F10/><W98/><G42/><T113/><D113/><U83/><E11/><V17/><REACH who="2" step="1"/><F80/><AGARI ba="1,1" hai="4,6,14,18,21,28,29,31,55,56,62,80,85,89" machi="80" ten="40,2600,0" yaku="1,1,8,1,53,0" doraHai="110" doraHaiUra="92" who="0" fromWho="2" sc="266,39,406,0,74,-29,244,0" /><INIT seed="7,0,0,1,4,87" ten="305,406,45,244" oya="3" hai0="21,129,123,68,97,135,38,23,94,20,77,132,121" hai1="22,108,3,63,67,19,60,32,133,96,111,86,93" hai2="10,47,50,76,115,90,103,7,112,29,130,0,79" hai3="73,31,105,119,25,66,104,81,131,46,56,107,101"/><W13/><G119/><T117/><D117/><U12/><E32/><V37/><F103/><W127/><G127/><T15/><D38/><U52/><E3/><V24/><F50/><W125/><G125/><T69/><D77/><U28/><E28/><V128/><F47/><W114/><G114/><T84/><D84/><U54/><E133/><N who="0" m="51273" /><D15/><U110/><E86/><V61/><F61/><W99/><G131/><T134/><N who="0" m="51281" /><T124/><DORA hai="118" /><D124/><U80/><E80/><V51/><F51/><W100/><G101/><N who="0" m="60599" /><D129/><U62/><E67/><V14/><F37/><W40/><G13/><T57/><D57/><U41/><E41/><V45/><F45/><W92/><G56/><T17/><D17/><U53/><E110/><V64/><F64/><W39/><G66/><T126/><D126/><U1/><E1/><V5/><F14/><W109/><G109/><T42/><D42/><U74/><E74/><V35/><F29/><W43/><G43/><T8/><D8/><U27/><E12/><V113/><F113/><W85/><G73/><T83/><D83/><U58/><E58/><V2/><F10/><W34/><REACH who="3" step="1"/><G105/><REACH who="3" ten="305,406,45,234" step="2"/><T91/><D69/><U116/><E116/><V65/><F65/><W36/><G36/><T95/><D68/><U120/><E111/><V82/><F82/><W26/><G26/><T71/><D71/><U88/><E108/><V98/><F24/><W44/><G44/><T122/><D95/><U4/><E93/><V75/><F75/><W70/><G70/><T55/><D55/><U48/><E52/><V106/><F106/><W16/><G16/><RYUUKYOKU ba="0,1" sc="305,15,406,-15,45,-15,234,15" hai0="20,21,23,91,121,122,123" hai3="25,31,34,39,40,46,81,85,92,99,100,104,107" /><INIT seed="7,1,1,1,5,85" ten="320,391,30,249" oya="3" hai0="102,125,67,119,116,101,42,108,107,23,74,46,68" hai1="126,0,61,32,49,86,12,53,97,29,13,94,41" hai2="130,98,4,7,1,33,80,28,2,84,60,78,89" hai3="79,64,55,114,90,75,37,43,25,30,81,62,8"/><W54/><G114/><T58/><D108/><U10/><E126/><V113/><F60/><W3/><G90/><T104/><D125/><U111/><E111/><V117/><F28/><W76/><G76/><T96/><D74/><U121/><E121/><V106/><F33/><W131/><G131/><T82/><D68/><U134/><E134/><V100/><F7/><W87/><G75/><T17/><D82/><U105/><E105/><V95/><F4/><W103/><G103/><T52/><D67/><U38/><E38/><V110/><F110/><W88/><G79/><T133/><D133/><U120/><E120/><V50/><F50/><W20/><G3/><T18/><D102/><U70/><E41/><V44/><F44/><W93/><G8/><T47/><D107/><U11/><E86/><V109/><F109/><W51/><G37/><T73/><D73/><U63/><E0/><V71/><F71/><W83/><G43/><T9/><D9/><U112/><E70/><V91/><F1/><W124/><G124/><T6/><D6/><U24/><E12/><V99/><F2/><W128/><G128/><T19/><D23/><U127/><E10/><V31/><F31/><W34/><G34/><T65/><D65/><U92/><E112/><V48/><F48/><W129/><G129/><T59/><D59/><U45/><E127/><V132/><F132/><W36/><G36/><N who="0" m="21831" /><D47/><U56/><E45/><V14/><F130/><W15/><G15/><T123/><D123/><U77/><E13/><V21/><F14/><W5/><G5/><T122/><D122/><U40/><E11/><RYUUKYOKU ba="1,1" sc="320,30,391,-10,30,-10,249,-10" hai0="17,18,19,52,58,96,101,104,116,119" owari="350,15.0,391,49.0,20,-48.0,239,-16.0" /></mjloggm>