<mjloggm ver="2.3"><GO type="169" lobby="0"/><UN n0="%E5%85%AC%E5%8B%99%E5%93%A1%E3%81%8F%E3%82%93" n1="%E5%AE%89%E9%81%94%E3%81%95%E3%81%8F%E3%82%89" n2="%E3%81%8F%E3%81%85%E3%81%A1%E3%82%83%E3%82%93%EF%BC%A0%50%45" n3="%E4%B8%89%E5%86%A0%E7%8E%8B%E3%83%BB%E5%B1%B1%E7%94%B0%E5%93%B2%E4%BA%BA" dan="16,17,16,17" rate="2150.19,2199.99,2178.89,2210.31" sx="F,M,M,M"/><TAIKYOKU oya="0"/><INIT seed="0,0,0,1,2,126" ten="250,250,250,250" oya="0" hai0="56,80,123,46,117,71,32,61,21,59,52,20,39" hai1="68,15,127,101,92,1,6,41,53,76,36,47,11" hai2="130,10,88,104,18,17,78,125,83,111,75,64,57" hai3="114,26,86,60,105,40,63,122,67,107,51,77,84"/><T128/><D117/><U73/><E127/><V23/><F125/><W69/><G114/><T91/><D123/><U58/><E68/><V102/><F111/><W103/><G122/><T85/><D32/><U93/><E101/><V70/><F70/><W116/><G116/><T27/><D71/><U90/><E90/><V34/><F34/><W44/><G63/><T134/><D134/><U119/><E119/><V97/><F130/><W14/><G77/><T89/><D128/><U55/><E15/><V133/><F133/><W109/><G109/><T29/><D20/><U99/><E99/><V72/><F72/><W16/><G26/><T54/><D39/><U95/><REACH who="1" step="1"/><E58/><REACH who="1" ten="250,240,250,250" step="2"/><V25/><F57/><W121/><G121/><T87/><D46/><U43/><E43/><V62/><F88/><N who="0" m="33866" /><D80/><AGARI ba="0,1" hai="1,6,11,36,41,47,53,55,73,76,80,92,93,95" machi="80" ten="40,5200,0" yaku="1,1,25,2,53,0" doraHai="126" doraHaiUra="82" who="1" fromWho="0" sc="250,-52,240,62,250,0,250,0" /><INIT seed="1,0,0,3,4,78" ten="198,302,250,250" oya="1" hai0="18,69,64,43,121,90,60,47,74,83,81,51,49" hai1="10,98,52,32,5,101,122,131,100,30,31,40,124" hai2="127,110,91,1,84,75,11,115,48,54,35,42,123" hai3="130,56,79,2,3,7,15,33,25,93,97,22,125"/><U27/><E122/><V58/><F123/><W114/><G114/><T28/><D121/><U126/><E131/><V133/><F115/><W38/><G130/><T61/><D28/><U120/><E120/><V0/><F110/><W87/><G38/><T68/><D74/><U119/><E119/><V16/><F133/><W14/><G125/><T67/><D90/><U41/><E31/><V76/><F127/><N who="1" m="48681" /><E52/><V117/><F35/><W12/><G33/><T72/><D72/><U88/><E101/><V80/><F42/><W106/><G56/><T20/><REACH who="0" step="1"/><D51/><REACH who="0" ten="188,302,250,250" step="2"/><U37/><E37/><V128/><F128/><W118/><G79/><T89/><D89/><U53/><E88/><V6/><F117/><W19/><G118/><T99/><D99/><U73/><E73/><V9/><F75/><W86/><G86/><T39/><D39/><U34/><E34/><V77/><REACH who="2" step="1"/><F16/><REACH who="2" ten="188,302,240,250" step="2"/><W135/><G19/><T132/><D132/><U95/><E32/><V102/><F102/><W65/><G135/><T96/><D96/><U59/><E30/><V85/><F85/><W24/><G87/><T92/><D92/><U71/><E95/><V103/><F103/><W113/><G93/><T57/><D57/><U26/><E98/><V45/><F45/><W36/><G97/><T55/><D55/><U105/><E100/><V116/><F116/><W66/><G113/><T129/><D129/><U94/><E53/><V108/><F108/><W46/><G46/><T4/><D4/><AGARI ba="0,2" hai="0,1,4,6,9,11,48,54,58,76,77,80,84,91" machi="4" ten="40,5200,0" yaku="1,1,9,1,52,1,53,0" doraHai="78" doraHaiUra="112" who="2" fromWho="0" sc="188,-52,302,0,240,72,250,0" /><INIT seed="2,0,0,1,0,121" ten="136,302,312,250" oya="2" hai0="59,123,78,87,27,125,66,60,74,56,14,106,13" hai1="12,122,114,48,21,85,73,47,4,43,49,18,38" hai2="92,22,126,131,133,52,32,89,20,26,97,30,119" hai3="75,40,83,67,84,70,101,118,29,127,117,23,107"/><V54/><F119/><W113/><G23/><T71/><D123/><U24/><E122/><V72/><F131/><W46/><G84/><T129/><D106/><U120/><E120/><V42/><F126/><W9/><G127/><T6/><D129/><U105/><E114/><V39/><F133/><W100/><G100/><T79/><D125/><U0/><E105/><V8/><F72/><W80/><G80/><T102/><D102/><U15/><E73/><V69/><F69/><W33/><G9/><T93/><D71/><U37/><E0/><V98/><F98/><N who="3" m="61879" /><G113/><T104/><D104/><U3/><E3/><V77/><F77/><N who="3" m="44479" /><G46/><T7/><D74/><U81/><E48/><V34/><F34/><W68/><G40/><T2/><D2/><U5/><E15/><N who="0" m="5641" /><D56/><U91/><REACH who="1" step="1"/><E12/><REACH who="1" ten="136,292,312,250" step="2"/><V130/><F130/><W94/><G118/><T57/><D7/><AGARI ba="0,1" hai="4,5,7,18,21,24,37,38,43,47,49,81,85,91" machi="7" ten="40,2600,0" yaku="1,1,2,1,53,0" doraHai="121" doraHaiUra="132" who="1" fromWho="0" sc="136,-26,292,36,312,0,250,0" /><INIT seed="3,0,0,0,1,94" ten="110,328,312,250" oya="3" hai0="134,100,70,64,41,24,118,72,125,109,106,135,40" hai1="32,25,102,39,4,103,124,33,132,53,20,59,65" hai2="45,51,81,79,60,110,30,0,108,71,105,12,31" hai3="17,21,86,92,131,130,1,6,80,50,58,98,2"/><W119/><G119/><T49/><D118/><U5/><E39/><V87/><F105/><W22/><G22/><T13/><D72/><U47/><E124/><V69/><F0/><W101/><G50/><T88/><D125/><U76/><E132/><V82/><F82/><W112/><G112/><T66/><D109/><N who="2" m="42090" /><F12/><W18/><G58/><T7/><D24/><U93/><E76/><V84/><F84/><W121/><G121/><T15/><D49/><U133/><E133/><V123/><F123/><W115/><G115/><T3/><D106/><U117/><E117/><V14/><F14/><W129/><G6/><T128/><D7/><U122/><E122/><V23/><F23/><W63/><G63/><T37/><D128/><U75/><E75/><V16/><F16/><N who="3" m="6251" /><G21/><T8/><D37/><U85/><E4/><V111/><N who="2" m="42098" /><V27/><DORA hai="54" /><F27/><W57/><G57/><T95/><D8/><U43/><E5/><V107/><F107/><W91/><AGARI ba="0,0" hai="1,2,80,86,91,92,98,101,129,130,131" m="6251" machi="91" ten="40,7800,0" yaku="19,1,52,1,54,1" doraHai="94,54" who="3" fromWho="3" sc="110,-26,328,-26,312,-26,250,78" /><INIT seed="3,1,0,2,3,27" ten="84,302,286,328" oya="3" hai0="112,8,12,4,67,130,23,2,41,19,29,0,18" hai1="124,11,113,9,89,20,73,37,5,129,116,110,95" hai2="104,68,75,39,92,53,103,99,106,100,33,62,88" hai3="80,119,22,108,43,97,117,21,36,17,84,55,76"/><W82/><G36/><T105/><D105/><U58/><E113/><V61/><F39/><W52/><G43/><T38/><D67/><U85/><E37/><V66/><F75/><W56/><G108/><T42/><D42/><U28/><E110/><V59/><REACH who="2" step="1"/><F33/><REACH who="2" ten="84,302,276,328" step="2"/><W60/><G119/><T135/><D38/><U30/><E73/><V109/><F109/><W35/><G117/><T48/><D112/><U10/><E116/><V50/><F50/><W40/><G35/><T57/><D130/><U93/><E129/><V16/><F16/><W107/><G40/><T133/><D41/><U118/><E118/><V90/><F90/><W1/><G1/><N who="0" m="15" /><D48/><U47/><E124/><V132/><F132/><N who="0" m="50762" /><D57/><U45/><E58/><V115/><F115/><W134/><G134/><T126/><D126/><U49/><E49/><V125/><F125/><W87/><G17/><N who="0" m="6155" /><D12/><U131/><E131/><V74/><F74/><W91/><G55/><T3/><D23/><U51/><E20/><V122/><F122/><W46/><G46/><T44/><D44/><U71/><E47/><V96/><F96/><W78/><G91/><T14/><D14/><U63/><E51/><V101/><AGARI ba="1,1" hai="53,59,61,62,66,68,88,92,99,100,101,103,104,106" machi="101" ten="30,4000,0" yaku="1,1,0,1,54,1,53,0" doraHai="27" doraHaiUra="111" who="2" fromWho="2" sc="84,-11,302,-11,276,53,328,-21" /><INIT seed="4,0,0,1,2,19" ten="73,291,329,307" oya="0" hai0="29,25,7,77,10,80,116,0,64,133,74,129,8" hai1="59,102,101,117,21,121,68,44,70,99,5,123,135" hai2="98,60,54,100,6,26,75,106,81,131,32,4,9" hai3="112,84,119,37,92,27,115,93,20,86,24,82,63"/><T56/><D116/><U12/><E117/><V114/><F114/><N who="3" m="43563" /><G37/><T109/><D129/><U34/><E135/><V132/><F131/><W88/><G119/><T127/><D133/><U47/><E34/><V31/><F132/><W18/><G63/><T38/><D38/><U40/><E59/><V61/><F6/><W71/><G71/><T57/><D127/><U126/><E126/><V125/><F125/><W50/><G50/><T124/><D124/><U17/><E5/><V43/><F43/><W42/><G42/><T87/><D109/><U105/><E102/><V15/><REACH who="2" step="1"/><F54/><REACH who="2" ten="73,291,319,307" step="2"/><W96/><G86/><T14/><D74/><U3/><E3/><V110/><F110/><W89/><G82/><T65/><D65/><U107/><E40/><V72/><F72/><W90/><G90/><T66/><D66/><U23/><E123/><V33/><F33/><W11/><G11/><T83/><D83/><U51/><E121/><V130/><F130/><W46/><G46/><T111/><D111/><U79/><E44/><V22/><F22/><W67/><G67/><T49/><D64/><U48/><E47/><V58/><F58/><W52/><G52/><T104/><D49/><U78/><E48/><V28/><F28/><W39/><G39/><T36/><D36/><U41/><E51/><V76/><AGARI ba="0,1" hai="4,9,15,26,31,32,60,61,75,76,81,98,100,106" machi="76" ten="30,4000,0" yaku="1,1,0,1,53,1" doraHai="19" doraHaiUra="103" who="2" fromWho="2" sc="73,-20,291,-10,319,50,307,-10" /><INIT seed="5,0,0,3,4,13" ten="53,281,369,297" oya="1" hai0="117,104,70,59,89,51,39,9,74,44,67,23,12" hai1="93,24,32,85,100,116,42,103,49,111,119,68,88" hai2="81,52,4,18,5,30,15,11,69,98,27,35,105" hai3="14,83,91,113,95,40,99,112,25,134,31,53,80"/><U82/><E68/><V60/><F81/><W26/><G134/><T65/><D117/><N who="1" m="45131" /><E24/><V71/><F71/><W36/><G26/><T84/><D74/><U106/><E49/><V72/><F72/><W124/><G124/><T135/><D135/><U37/><E42/><V130/><F130/><W66/><G66/><T77/><D104/><U38/><E32/><V131/><F131/><W92/><G53/><T133/><D133/><U58/><E58/><V97/><F97/><W21/><G95/><T87/><D70/><U90/><E37/><V29/><F30/><W19/><G40/><T50/><D39/><U16/><E38/><V127/><F127/><W41/><G41/><T64/><D23/><U114/><E16/><V48/><F48/><W79/><G36/><T123/><D123/><U132/><E132/><V3/><F3/><W110/><G110/><T62/><D51/><U101/><E114/><N who="3" m="44138" /><G79/><T28/><D28/><U10/><E10/><AGARI ba="0,0" hai="10,14,19,21,25,31,80,83,91,92,99" m="44138" machi="10" ten="30,2000,0" yaku="15,1,52,1" doraHai="13" who="3" fromWho="1" sc="53,0,281,-20,369,0,297,20" /><INIT seed="6,0,0,5,3,29" ten="53,261,369,317" oya="2" hai0="98,11,132,34,120,23,75,1,42,93,106,8,47" hai1="7,18,60,94,104,70,21,32,45,74,59,54,48" hai2="33,62,86,103,131,67,88,0,25,56,121,110,58" hai3="124,71,38,108,68,105,92,63,19,83,99,119,133"/><V2/><F121/><W115/><G19/><T125/><D120/><U3/><E104/><V46/><F131/><W95/><G95/><T6/><D125/><U10/><E74/><V31/><F110/><W41/><G92/><T50/><D132/><U97/><E70/><V37/><F103/><W26/><G26/><T100/><D75/><U117/><E117/><V39/><F56/><W101/><G83/><T77/><D77/><U20/><E18/><V15/><F15/><W102/><G99/><T9/><D106/><U89/><REACH who="1" step="1"/><E32/><REACH who="1" ten="53,251,369,317" step="2"/><V134/><F134/><W130/><G71/><T73/><D73/><U22/><E22/><V112/><F112/><W43/><G68/><T126/><D126/><U123/><E123/><V122/><F122/><W79/><G105/><T90/><D23/><U61/><E61/><V81/><REACH who="2" step="1"/><F46/><REACH who="2" ten="53,251,359,317" step="2"/><W13/><G124/><T28/><REACH who="0" step="1"/><D100/><REACH who="0" ten="43,251,359,317" step="2"/><U66/><AGARI ba="0,3" hai="3,7,10,20,21,45,48,54,59,60,66,89,94,97" machi="66" ten="20,2700,0" yaku="1,1,0,1,7,1,53,0" doraHai="29" doraHaiUra="78" who="1" fromWho="1" sc="43,-7,251,57,359,-13,317,-7" /><INIT seed="7,0,0,4,1,93" ten="36,308,346,310" oya="3" hai0="16,88,8,27,54,47,102,31,11,0,30,67,126" hai1="82,69,15,129,25,111,114,123,108,36,84,23,103" hai2="94,85,61,77,92,133,132,48,12,56,127,43,119" hai3="130,40,112,60,125,28,63,110,124,9,19,59,64"/><W32/><G112/><T76/><D126/><N who="3" m="48745" /><G130/><T6/><D67/><U20/><E69/><V46/><F127/><W135/><G135/><N who="2" m="51785" /><F119/><W45/><G110/><T52/><D76/><U83/><E84/><V96/><F12/><N who="3" m="7567" /><G60/><T37/><D102/><U99/><E99/><V74/><F74/><W73/><G73/><T113/><D113/><U49/><E103/><V120/><F120/><W3/><G3/><T90/><D37/><U5/><E49/><V131/><F131/><W68/><G68/><T34/><D47/><U2/><E23/><V65/><F96/><W29/><G32/><T41/><D41/><U51/><E83/><AGARI ba="0,0" hai="43,46,48,56,61,65,77,83,85,92,94" m="51785" machi="83" ten="30,1000,0" yaku="20,1" doraHai="93" who="2" fromWho="1" sc="36,0,308,-10,346,10,310,0" owari="36,-46.0,298,-10.0,356,45.0,310,11.0" /></mjloggm>