<mjloggm ver="2.3"><GO type="169" lobby="0"/><UN n0="%E4%B8%83%E3%83%84%E6%98%9F%E3%83%9B%E3%82%AF%E3%82%B5%E3%82%A4" n1="%E3%82%A8%E3%82%B9%E3%82%B1%E3%83%BC" n2="%42%41%4E%44%49%54" n3="%E3%81%A8%E3%81%B3%E3%81%BE%E3%81%93" dan="17,16,16,16" rate="2219.08,2070.37,2151.22,2062.74" sx="M,M,M,M"/><TAIKYOKU oya="0"/><INIT seed="0,0,0,2,4,10" ten="250,250,250,250" oya="0" hai0="1,112,13,43,69,92,118,60,78,70,99,93,81" hai1="71,104,101,59,48,97,119,51,26,8,123,44,33" hai2="28,77,135,37,52,2,122,9,16,90,22,100,106" hai3="36,4,83,61,11,50,58,64,84,94,20,114,62"/><T73/><D118/><U115/><E119/><V30/><F37/><W53/><G114/><T96/><D112/><U105/><E115/><V40/><F40/><W18/><G36/><T102/><D1/><U121/><E71/><V29/><F122/><W24/><G94/><T134/><D134/><U17/><E105/><V127/><F135/><W6/><G11/><T82/><D43/><U38/><E38/><V54/><F127/><W66/><G61/><T47/><D47/><U19/><E59/><V35/><F35/><W117/><G117/><T88/><D60/><U0/><E51/><V15/><F77/><W75/><G75/><T87/><REACH who="0" step="1"/><D13/><REACH who="0" ten="240,250,250,250" step="2"/><N who="1" m="7335" /><E0/><V128/><F2/><W76/><REACH who="3" step="1"/><G64/><REACH who="3" ten="240,250,250,240" step="2"/><T86/><D86/><U91/><E121/><V57/><F128/><W63/><G63/><T34/><D34/><U72/><E33/><V103/><F106/><W80/><G80/><T116/><D116/><U110/><E104/><V130/><F130/><W49/><G49/><T131/><D131/><U27/><E48/><V133/><F133/><W85/><G85/><T129/><D129/><U41/><E123/><V125/><F125/><W32/><G32/><T107/><D107/><U7/><E72/><V111/><F111/><W89/><G89/><AGARI ba="0,2" hai="69,70,73,78,81,82,87,88,89,92,93,96,99,102" machi="89" ten="30,11600,0" yaku="1,1,7,1,54,1,53,1" doraHai="10" doraHaiUra="98" who="0" fromWho="3" sc="240,136,250,0,250,0,240,-116" /><INIT seed="0,1,0,4,3,98" ten="376,250,250,124" oya="0" hai0="14,35,66,116,27,82,55,10,95,130,22,115,37" hai1="42,114,52,61,85,124,101,40,89,102,50,12,29" hai2="70,72,127,113,135,134,5,91,19,43,21,110,9" hai3="17,97,58,69,46,107,28,111,2,56,7,49,93"/><T73/><D116/><U16/><E124/><V45/><F113/><W80/><G107/><T59/><D115/><U121/><E29/><V44/><F70/><W74/><G111/><T71/><D37/><U92/><E121/><V90/><F72/><W106/><G106/><T3/><D130/><U0/><E0/><N who="2" m="167" /><F110/><W75/><G69/><T64/><D71/><U54/><E61/><V117/><F127/><W18/><G28/><T39/><D39/><U53/><E114/><V103/><F103/><N who="1" m="39433" /><E50/><N who="2" m="26911" /><F45/><W88/><G7/><T63/><D3/><U94/><E94/><V132/><F117/><W8/><G2/><T1/><D35/><U83/><E92/><V123/><F123/><W126/><G126/><T23/><D1/><U109/><E109/><V96/><F96/><W36/><G36/><T30/><D73/><U60/><E60/><V100/><F100/><W48/><G75/><T67/><D95/><U41/><E40/><V119/><F119/><W47/><G74/><T79/><D30/><U118/><E118/><V4/><F4/><W87/><G49/><T122/><D122/><U112/><E112/><V120/><F120/><W6/><G56/><T105/><D105/><U15/><E15/><AGARI ba="1,0" hai="15,19,21,90,91,132,134,135" m="26911,167" machi="15" ten="30,1000,0" yaku="20,1" doraHai="98" who="2" fromWho="1" sc="376,0,250,-13,250,13,124,0" /><INIT seed="1,0,0,4,4,101" ten="376,237,263,124" oya="1" hai0="11,65,52,119,112,17,114,0,12,7,132,104,75" hai1="129,16,44,41,85,91,122,131,42,53,115,93,43" hai2="5,67,106,110,78,6,56,98,111,55,81,2,26" hai3="135,77,66,61,45,9,36,39,46,37,29,69,24"/><U86/><E122/><V133/><F67/><W117/><G77/><T127/><D119/><U102/><E115/><V94/><F133/><W92/><G117/><T121/><D75/><U116/><E116/><V95/><F26/><W128/><G135/><T100/><D132/><U62/><E102/><N who="2" m="62807" /><F95/><W50/><G92/><T113/><D65/><U105/><E105/><V21/><F94/><W83/><G83/><T49/><D127/><U87/><E16/><V28/><F2/><W99/><G99/><T120/><D100/><U35/><E35/><V89/><F89/><W64/><G128/><N who="1" m="49226" /><E62/><N who="2" m="36127" /><F21/><W68/><G9/><T27/><D104/><U47/><E53/><V58/><F58/><W32/><REACH who="3" step="1"/><G50/><REACH who="3" ten="376,237,263,114" step="2"/><T130/><D130/><U126/><E126/><V10/><F10/><W33/><G33/><T18/><D113/><U109/><E109/><V80/><F111/><W19/><G19/><T57/><D114/><U107/><E107/><V74/><F110/><W14/><G14/><T4/><D112/><U13/><E13/><V88/><F28/><W63/><AGARI ba="0,1" hai="24,29,32,36,37,39,45,46,61,63,64,66,68,69" machi="63" ten="40,8000,1" yaku="1,1,0,1,9,1,53,2" doraHai="101" doraHaiUra="59" who="3" fromWho="3" sc="376,-20,237,-40,263,-20,114,90" /><INIT seed="2,0,0,2,3,2" ten="356,197,243,204" oya="2" hai0="95,46,84,62,12,27,65,108,109,92,63,77,36" hai1="29,122,34,44,13,40,31,97,104,79,18,55,76" hai2="58,28,128,74,39,68,124,4,100,33,61,105,37" hai3="131,102,5,71,98,49,120,91,89,72,82,38,80"/><V16/><F74/><W135/><G38/><T99/><D27/><U103/><E122/><V57/><F128/><W115/><G71/><T126/><D126/><U114/><E114/><V59/><F124/><W83/><G120/><T15/><D77/><U23/><E55/><V7/><F33/><W134/><G49/><T19/><D84/><U106/><E106/><V70/><F28/><W112/><G5/><N who="2" m="2121" /><F61/><W117/><G131/><T116/><D36/><N who="2" m="13898" /><F100/><W32/><G117/><T20/><D116/><U132/><E132/><N who="3" m="50730" /><G72/><T9/><D62/><U73/><E34/><V60/><F60/><W24/><G24/><T123/><D123/><U85/><E73/><V25/><F105/><N who="3" m="63703" /><G32/><T78/><D63/><U10/><E31/><V129/><F129/><W11/><G11/><T51/><D9/><U30/><E30/><V21/><F25/><W56/><G56/><T94/><D65/><U47/><E10/><V87/><F87/><W96/><G96/><T93/><D99/><U130/><E85/><V50/><F50/><W75/><G75/><T14/><D51/><N who="1" m="27015" /><E29/><V64/><F64/><W101/><G101/><T3/><D93/><U54/><E130/><V66/><F66/><W45/><G45/><T26/><D46/><U42/><E42/><V22/><F16/><W86/><G91/><T8/><D8/><U121/><E121/><V81/><F81/><AGARI ba="0,0" hai="80,81,82,83,86,89,112,115" m="63703,50730" machi="81" ten="30,3900,0" yaku="20,1,34,2" doraHai="2" who="3" fromWho="2" sc="356,0,197,0,243,-39,204,39" /><INIT seed="3,0,0,0,1,134" ten="356,197,204,243" oya="3" hai0="99,70,131,62,0,83,69,18,41,13,8,108,130" hai1="76,133,128,5,96,28,4,67,88,61,125,29,56" hai2="105,16,58,65,37,129,93,47,81,86,115,80,21" hai3="1,94,132,22,27,92,20,51,48,101,15,79,54"/><W30/><G1/><T31/><D108/><U124/><E133/><V14/><F105/><W52/><G132/><T71/><D41/><U64/><E128/><N who="0" m="49193" /><D31/><N who="1" m="11851" /><E76/><V66/><F129/><W40/><G79/><T38/><D38/><U98/><E88/><V11/><F115/><W120/><G120/><T26/><D26/><U85/><E85/><V39/><F39/><W57/><G40/><T113/><D113/><U19/><E19/><V114/><F114/><W123/><G123/><T25/><D25/><U49/><E49/><V50/><F37/><W89/><G101/><T117/><D117/><U10/><E64/><N who="2" m="24683" /><F58/><N who="3" m="33031" /><G89/><T82/><D62/><U34/><E34/><V104/><F104/><W97/><G97/><N who="1" m="37482" /><E10/><V135/><F135/><W2/><G2/><T74/><D99/><U102/><E102/><V36/><F36/><W77/><G77/><N who="0" m="44343" /><D0/><U100/><E100/><V121/><F121/><W35/><G35/><T24/><D24/><U118/><E118/><V90/><F21/><W7/><G22/><T95/><D83/><U23/><E23/><V122/><F122/><W3/><G3/><T42/><D42/><AGARI ba="0,0" hai="11,14,16,42,47,50,80,81,86,90,93" m="24683" machi="42" ten="30,2000,0" yaku="8,1,54,1" doraHai="134" who="2" fromWho="0" sc="356,-20,197,0,204,20,243,0" /><INIT seed="4,0,0,5,3,13" ten="336,197,224,243" oya="0" hai0="103,55,133,106,99,47,54,20,120,32,23,2,71" hai1="25,39,73,132,1,16,95,118,127,128,90,92,123" hai2="135,119,83,126,11,44,60,105,111,18,6,91,15" hai3="40,72,24,121,35,74,34,37,82,64,113,70,101"/><T100/><D32/><U62/><E1/><V56/><F111/><W63/><G113/><T17/><D2/><U94/><E39/><V86/><F105/><W14/><G121/><T41/><D120/><U68/><E73/><V57/><F135/><W130/><G130/><T50/><D133/><U102/><E102/><V12/><F126/><W84/><G101/><T53/><D71/><U107/><E107/><V80/><F119/><W134/><G134/><T52/><D103/><U28/><E123/><V89/><F44/><W33/><G24/><T81/><D81/><U122/><E122/><V51/><F51/><W10/><G40/><T26/><N who="0" m="13312" /><DORA hai="67" /><T131/><REACH who="0" step="1"/><D23/><REACH who="0" ten="326,197,224,243" step="2"/><N who="1" m="13543" /><E132/><V87/><F60/><W36/><G72/><T5/><D5/><U69/><E62/><V78/><F78/><W43/><G74/><T75/><D75/><U8/><E68/><V22/><AGARI ba="0,1" hai="6,11,12,15,18,22,56,57,80,83,86,87,89,91" machi="22" ten="20,8000,1" yaku="0,1,7,1,9,1,8,1,52,1" doraHai="13,67" who="2" fromWho="2" sc="326,-40,197,-20,224,90,243,-20" /><INIT seed="5,0,0,4,2,33" ten="286,177,314,223" oya="1" hai0="96,52,14,3,88,91,73,97,100,77,82,16,25" hai1="129,27,39,113,26,79,126,63,29,106,86,109,127" hai2="95,56,102,104,65,32,11,115,21,45,50,17,74" hai3="4,117,110,30,48,20,75,8,57,22,132,89,98"/><U68/><E106/><V131/><F32/><W99/><G110/><T121/><D121/><U58/><E68/><V54/><F74/><W80/><G132/><T69/><D69/><U44/><E109/><V61/><F131/><W107/><G117/><T94/><D3/><U93/><E129/><V43/><F115/><W28/><G28/><T2/><D2/><U67/><E113/><V7/><F104/><W111/><G111/><T15/><D25/><U41/><E93/><V134/><F134/><W53/><G30/><T130/><D14/><U12/><E12/><N who="2" m="5247" /><F102/><W122/><G122/><T103/><D130/><U46/><E46/><V13/><F95/><W71/><G71/><T123/><D123/><U37/><E39/><V42/><AGARI ba="0,0" hai="13,17,21,42,43,45,50,54,56,61,65" m="5247" machi="42" ten="30,1100,0" yaku="8,1" doraHai="33" who="2" fromWho="2" sc="286,-3,177,-5,314,11,223,-3" /><INIT seed="6,0,0,0,3,74" ten="283,172,325,220" oya="2" hai0="87,129,60,100,72,68,52,46,42,27,101,119,12" hai1="132,43,110,54,76,62,102,97,126,123,63,18,83" hai2="28,21,103,135,49,53,19,78,82,111,20,108,1" hai3="84,41,104,121,73,23,130,61,106,131,25,34,70"/><V80/><F1/><W13/><G73/><T56/><D72/><U51/><E110/><N who="2" m="42027" /><F135/><W58/><G121/><T67/><D129/><N who="3" m="49161" /><G70/><T114/><D119/><U91/><E132/><V47/><F103/><W11/><G41/><T59/><D114/><U86/><E123/><V37/><F37/><W118/><G84/><T36/><D27/><U44/><E126/><V98/><F98/><W7/><G34/><T64/><D12/><U30/><E30/><V125/><F125/><W8/><G8/><T2/><D2/><U116/><E116/><V50/><F28/><N who="3" m="17471" /><G118/><T55/><D87/><U95/><E18/><V29/><F29/><W122/><G122/><T35/><D35/><U79/><E62/><V92/><F21/><W15/><G15/><T99/><D99/><U117/><E117/><V16/><F20/><W26/><G26/><T120/><D120/><U96/><E96/><V71/><F71/><W0/><G0/><T40/><D40/><U105/><E105/><V65/><F65/><AGARI ba="0,0" hai="7,11,13,58,61,65,104,106" m="17471,49161" machi="65" ten="30,1000,0" yaku="19,1" doraHai="74" who="3" fromWho="2" sc="283,0,172,0,325,-10,220,10" /><INIT seed="7,0,0,3,3,23" ten="283,172,315,230" oya="3" hai0="72,128,52,125,1,103,78,126,0,133,88,54,69" hai1="132,109,92,98,18,122,129,50,95,97,113,53,35" hai2="25,85,46,60,14,10,58,2,20,16,12,112,86" hai3="63,94,21,102,120,44,80,79,17,115,106,11,34"/><W19/><G34/><T39/><D69/><U108/><E122/><V62/><F112/><W83/><G115/><T105/><D39/><U45/><E35/><V121/><F121/><W24/><G106/><T87/><D133/><U70/><E113/><V29/><F2/><W42/><G120/><T31/><D128/><U57/><E70/><V26/><F46/><W22/><G11/><T5/><D31/><U55/><E129/><V89/><F29/><W131/><G63/><N who="2" m="24105" /><F58/><W76/><G131/><T127/><D78/><N who="3" m="29737" /><G44/><T61/><D72/><U4/><E132/><V91/><F86/><W9/><G9/><N who="0" m="2215" /><D61/><U130/><E130/><V90/><F85/><W116/><G116/><T84/><D84/><U67/><E67/><V71/><F71/><W56/><G56/><T6/><D6/><AGARI ba="0,0" hai="6,10,12,14,16,20,25,26,89,90,91" m="24105" machi="6" ten="30,7700,0" yaku="8,1,52,2,54,1" doraHai="23" who="2" fromWho="0" sc="283,-77,172,0,315,77,230,0" owari="206,-19.0,172,-33.0,392,49.0,230,3.0" /></mjloggm>