<mjloggm ver="2.3"><GO type="169" lobby="0"/><UN n0="%E2%98%85%E3%83%9B%E3%83%BC%E3%82%B9%E2%98%85" n1="%E5%A4%A7%E8%B3%A2%E8%89%AF%E5%B8%AB" n2="%40%75" n3="%E4%B9%BE%E5%9D%A4%E5%8D%81%E4%BA%94%E6%93%B2" dan="16,16,16,16" rate="2165.61,2050.21,2100.72,2120.43" sx="M,M,F,M"/><TAIKYOKU oya="0"/><INIT seed="0,0,0,4,5,67" ten="250,250,250,250" oya="0" hai0="51,86,115,10,135,35,68,28,57,26,47,32,44" hai1="7,75,72,126,85,80,24,5,9,94,124,60,82" hai2="63,46,110,83,90,97,40,65,84,27,119,21,133" hai3="122,29,0,12,37,106,107,89,33,2,78,6,69"/><T109/><D115/><U96/><E24/><V121/><F110/><W108/><G89/><T42/><D109/><U31/><E31/><V98/><F133/><W120/><G108/><T16/><D135/><U56/><E75/><V45/><F121/><N who="3" m="46699" /><G12/><T62/><D86/><U73/><E73/><V11/><F119/><W79/><G37/><T111/><D111/><U52/><E72/><V14/><F14/><W105/><G79/><T99/><D99/><U39/><E39/><V49/><F45/><W117/><G78/><T58/><D35/><U13/><E5/><V103/><F11/><W36/><G36/><T102/><D102/><U114/><E114/><V130/><F130/><W48/><G48/><T132/><D132/><U92/><E92/><V100/><F100/><W64/><G117/><T87/><D87/><U95/><E95/><V20/><F20/><W113/><G113/><T22/><D44/><U30/><E30/><V71/><REACH who="2" step="1"/><F103/><REACH who="2" ten="250,250,240,250" step="2"/><W81/><G6/><T128/><D128/><U41/><E7/><V1/><F1/><W38/><G2/><T34/><D10/><U116/><E9/><V70/><F70/><W61/><G0/><T74/><D34/><U25/><E13/><V129/><F129/><W54/><G33/><T4/><D4/><U8/><E8/><V88/><F88/><W118/><G118/><T77/><D77/><U76/><E76/><V101/><F101/><W123/><G123/><T131/><D74/><U50/><E116/><V66/><F66/><W127/><G64/><N who="0" m="40983" /><D131/><U53/><E85/><V3/><F3/><W43/><G107/><RYUUKYOKU ba="0,1" sc="250,15,250,-15,240,15,250,-15" hai0="16,22,26,28,32,42,47,51,57,58" hai2="21,27,40,46,49,63,65,71,83,84,90,97,98" /><INIT seed="0,1,1,1,1,39" ten="265,235,255,235" oya="0" hai0="82,54,75,42,131,27,22,40,59,97,63,5,135" hai1="37,46,122,62,107,55,19,11,53,33,89,25,41" hai2="34,114,66,83,65,81,110,96,3,127,70,133,17" hai3="50,120,45,123,71,117,29,14,100,121,36,26,67"/><T85/><D75/><U69/><E122/><V95/><F34/><W9/><G36/><T73/><D73/><U21/><E107/><V1/><F114/><W15/><G117/><T80/><D135/><U115/><E115/><V118/><F110/><W31/><G100/><T119/><D119/><U86/><E33/><V134/><F17/><W92/><G92/><T79/><D131/><U60/><E11/><V48/><F118/><W88/><G88/><N who="0" m="51239" /><D5/><U68/><E62/><N who="2" m="40247" /><F48/><W76/><G76/><T77/><D97/><U52/><REACH who="1" step="1"/><E60/><REACH who="1" ten="265,225,255,235" step="2"/><V111/><F134/><W4/><G71/><T12/><D82/><AGARI ba="1,2" hai="19,21,25,37,41,46,52,53,55,68,69,82,86,89" machi="82" ten="40,8000,1" yaku="1,1,2,1,52,1,54,1,53,0" doraHai="39" doraHaiUra="6" who="1" fromWho="0" sc="265,-83,225,103,255,0,235,0" /><INIT seed="1,0,0,3,4,58" ten="182,328,255,235" oya="1" hai0="51,41,107,75,128,68,35,71,106,16,36,131,99" hai1="17,126,44,102,61,127,62,116,88,43,21,78,95" hai2="25,1,63,87,47,65,8,133,113,85,69,24,10" hai3="46,83,105,0,92,130,66,84,117,73,60,98,114"/><U110/><E102/><V67/><F133/><W123/><G0/><T20/><D35/><U37/><E78/><V22/><F113/><W125/><G114/><T57/><D36/><U13/><E116/><V111/><F111/><W14/><G117/><T5/><D5/><U11/><E11/><V4/><F65/><W70/><G123/><T76/><D75/><U86/><REACH who="1" step="1"/><E110/><REACH who="1" ten="182,318,255,235" step="2"/><V100/><F100/><W135/><G135/><T80/><D76/><U90/><E90/><V23/><F10/><W2/><G105/><T120/><D106/><U79/><E79/><V40/><F23/><W101/><G73/><T104/><D104/><U121/><E121/><V108/><F108/><W81/><G101/><T132/><D120/><U119/><E119/><V97/><F8/><W94/><G2/><T27/><D107/><U53/><E53/><V122/><F1/><W103/><G103/><T49/><D132/><U45/><E45/><V89/><F47/><W6/><G46/><T115/><D115/><U124/><AGARI ba="0,1" hai="13,17,21,37,43,44,61,62,86,88,95,124,126,127" machi="124" ten="30,18000,2" yaku="1,1,0,1,18,1,52,2,54,1,53,0" doraHai="58" doraHaiUra="30" who="1" fromWho="1" sc="182,-60,318,190,255,-60,235,-60" /><INIT seed="1,1,0,0,0,11" ten="122,508,195,175" oya="1" hai0="85,1,21,100,51,87,17,93,61,114,131,132,123" hai1="78,106,80,36,129,120,125,110,111,98,19,6,135" hai2="35,112,16,126,22,70,115,41,65,42,14,25,102" hai3="2,54,24,30,75,127,108,20,86,5,23,104,113"/><U58/><E120/><V88/><F102/><W99/><G75/><T3/><D123/><U105/><E36/><V45/><F65/><W49/><G108/><N who="1" m="41514" /><E125/><V90/><F70/><W68/><G68/><T63/><D114/><N who="2" m="43562" /><F126/><W44/><G127/><T134/><D51/><U56/><E135/><V4/><F4/><W34/><G113/><T52/><D131/><U94/><E129/><V27/><F42/><W81/><G2/><T29/><D29/><U79/><E6/><V124/><F124/><W64/><G64/><T9/><D1/><U60/><E19/><N who="2" m="12511" /><F27/><W10/><G104/><N who="1" m="40042" /><E80/><V53/><F53/><W37/><G37/><T40/><D52/><N who="1" m="33799" /><E58/><V18/><F35/><W109/><G109/><T57/><D57/><U103/><AGARI ba="1,0" hai="78,79,94,98,103" m="33799,40042,41514" machi="103" ten="30,6000,0" yaku="14,1,10,1,54,1" doraHai="11" who="1" fromWho="1" sc="122,-21,508,63,195,-21,175,-21" /><INIT seed="1,2,0,5,0,114" ten="101,571,174,154" oya="1" hai0="105,122,132,12,113,74,118,108,96,92,126,111,45" hai1="62,61,11,44,54,110,128,8,120,30,57,21,37" hai2="77,59,91,124,16,78,60,10,89,76,34,9,103" hai3="39,127,53,43,133,95,32,94,101,42,106,46,135"/><U98/><E120/><V130/><F130/><W134/><G32/><T25/><D113/><U73/><E73/><V68/><F124/><W102/><G127/><T119/><D126/><U35/><E35/><V65/><F34/><W13/><G43/><T40/><D74/><U79/><E79/><V27/><F68/><W86/><G106/><T23/><D122/><U52/><E128/><V4/><F103/><N who="3" m="39435" /><G53/><T1/><D1/><U100/><E110/><N who="0" m="42025" /><D105/><U107/><E37/><V6/><F6/><W22/><G86/><T17/><D132/><U24/><E44/><V36/><F36/><W85/><G85/><T109/><N who="0" m="42033" /><T50/><DORA hai="81" /><D25/><U26/><E26/><V29/><F10/><W115/><G115/><T63/><D63/><U58/><AGARI ba="2,0" hai="8,11,21,24,30,52,54,57,58,61,62,98,100,107" machi="58" ten="30,6000,0" yaku="0,1,9,1,54,1" doraHai="114,81" who="1" fromWho="1" sc="101,-22,571,66,174,-22,154,-22" /><INIT seed="1,3,0,1,3,50" ten="79,637,152,132" oya="1" hai0="8,95,81,48,101,84,41,135,3,15,134,97,110" hai1="62,68,117,92,108,43,32,94,88,104,111,21,90" hai2="123,28,98,125,27,33,71,10,64,24,124,44,87" hai3="17,80,103,102,40,100,51,122,63,37,79,54,26"/><U119/><E32/><V69/><F123/><W126/><G126/><N who="2" m="48745" /><F64/><W59/><G122/><T96/><D110/><N who="1" m="42027" /><E104/><V9/><F87/><W2/><G2/><T76/><D3/><U66/><E21/><V11/><F44/><W131/><G131/><T77/><D96/><N who="1" m="57351" /><E43/><V23/><F98/><AGARI ba="3,0" hai="62,66,68,90,94,98,117,119" m="57351,42027" machi="98" ten="30,5800,0" yaku="14,1,10,1,54,1" doraHai="50" who="1" fromWho="2" sc="79,0,637,67,152,-67,132,0" /><INIT seed="1,4,0,2,1,59" ten="79,704,85,132" oya="1" hai0="118,68,94,133,99,52,67,17,128,115,83,1,84" hai1="92,7,72,74,47,34,30,46,57,23,119,9,55" hai2="10,95,41,18,21,54,108,100,130,14,96,120,124" hai3="111,12,126,113,88,78,49,24,44,48,50,22,11"/><U2/><E119/><V91/><F108/><W123/><G113/><T51/><D118/><U4/><E34/><V79/><F130/><W66/><G123/><T32/><D115/><U121/><E121/><V58/><F124/><W65/><G126/><T76/><D1/><U80/><E7/><V35/><F35/><W33/><G33/><T42/><D128/><U27/><E92/><V122/><F41/><W56/><G78/><T101/><D133/><U0/><E0/><V82/><F10/><W89/><G111/><T39/><D32/><U61/><REACH who="1" step="1"/><E80/><REACH who="1" ten="79,694,85,132" step="2"/><V135/><F82/><W38/><G44/><AGARI ba="4,1" hai="2,4,9,23,27,30,44,46,47,55,57,61,72,74" machi="44" ten="40,7700,0" yaku="1,1,2,1,52,1,53,0" doraHai="59" doraHaiUra="62" who="1" fromWho="3" sc="79,0,694,99,85,0,132,-89" /><INIT seed="1,5,0,3,5,110" ten="79,793,85,43" oya="1" hai0="75,7,104,17,118,39,34,111,38,87,101,67,46" hai1="135,124,15,45,66,126,99,22,84,12,11,35,33" hai2="31,13,68,120,21,23,53,130,127,28,78,79,114" hai3="89,60,27,86,41,0,92,14,32,71,58,83,8"/><U73/><E73/><V54/><F68/><W1/><G71/><T85/><D111/><U102/><E135/><V129/><F13/><W94/><G41/><T49/><D75/><U10/><E66/><V4/><F4/><W26/><G1/><T29/><D118/><U9/><E45/><V93/><F93/><N who="3" m="35947" /><G0/><T80/><D7/><U97/><E84/><V113/><F127/><N who="1" m="48681" /><E102/><V62/><F62/><W44/><G44/><T37/><D17/><U108/><E108/><V42/><F42/><W43/><G32/><N who="1" m="12362" /><E22/><V115/><F115/><W103/><G43/><T76/><D85/><U40/><E40/><V95/><F95/><W51/><G103/><T52/><D67/><U90/><E90/><V63/><F63/><W82/><G82/><T134/><D134/><U47/><E47/><V119/><F119/><W72/><G72/><T74/><D74/><U56/><E56/><V48/><F48/><W59/><G51/><T65/><D65/><U77/><E77/><V100/><F100/><W18/><G59/><T98/><D39/><U2/><E2/><V16/><F23/><W96/><G96/><AGARI ba="5,0" hai="9,10,11,12,15,96,97,99" m="12362,48681" machi="96" ten="40,7700,0" yaku="28,2,18,1" doraHai="110" who="1" fromWho="3" sc="79,0,793,92,85,0,43,-92" owari="79,-32.0,885,98.0,85,-11.0,-49,-55.0" /></mjloggm>