<mjloggm ver="2.3"><GO type="169" lobby="0"/><UN n0="%E5%8D%83%E7%BE%BD%E9%B4%89" n1="%E3%82%84%E3%81%BE%E3%81%8C%E3%82%89%E3%83%BC" n2="%E3%81%BE%E3%81%99%E3%81%9E%E3%81%88" n3="%45%7A%61%6B%69" dan="17,17,16,16" rate="2236.56,2179.61,2108.26,2114.53" sx="F,M,M,M"/><TAIKYOKU oya="0"/><INIT seed="0,0,0,5,0,81" ten="250,250,250,250" oya="0" hai0="100,77,90,92,51,93,132,116,102,57,17,13,42" hai1="37,27,88,14,123,11,120,74,98,1,97,103,6" hai2="68,44,117,67,82,70,41,7,134,95,101,110,86" hai3="45,112,9,18,66,33,84,55,34,105,80,96,85"/><T65/><D116/><U133/><E133/><V52/><F110/><W71/><G112/><T32/><D32/><U12/><E74/><V30/><F134/><W108/><G108/><T115/><D115/><U135/><E135/><V47/><F30/><W63/><G34/><T127/><D127/><U36/><E27/><V46/><F117/><W89/><G33/><T21/><D132/><U50/><E50/><V87/><F70/><W25/><G105/><T118/><D118/><U19/><E1/><V4/><F41/><W62/><G80/><T31/><D31/><U122/><E97/><N who="2" m="59583" /><F67/><W131/><G131/><T23/><D77/><U75/><E75/><V10/><F68/><W5/><G45/><N who="2" m="17513" /><F82/><W73/><G73/><T114/><D114/><U128/><E128/><V2/><F2/><W129/><G129/><T99/><D42/><U20/><REACH who="1" step="1"/><E88/><REACH who="1" ten="250,240,250,250" step="2"/><V124/><F124/><W24/><G24/><T94/><D51/><U130/><E130/><V107/><F47/><W39/><G89/><T53/><D90/><U72/><E72/><V48/><F107/><AGARI ba="0,1" hai="6,11,12,14,19,20,36,37,98,103,107,120,122,123" machi="107" ten="40,1300,0" yaku="1,1,53,0" doraHai="81" doraHaiUra="111" who="1" fromWho="2" sc="250,0,240,23,250,-13,250,0" /><INIT seed="1,0,0,3,2,65" ten="250,263,237,250" oya="1" hai0="125,47,130,5,63,120,12,9,70,98,24,95,99" hai1="3,73,115,17,134,84,56,110,109,88,1,119,22" hai2="64,41,13,20,15,52,126,124,118,77,37,105,30" hai3="66,96,4,31,116,101,16,55,51,132,133,79,67"/><U58/><E115/><V35/><F105/><W75/><G31/><T69/><D130/><U27/><E73/><V59/><F118/><W131/><G131/><T26/><D125/><N who="2" m="48234" /><F35/><W11/><G116/><T49/><D120/><U10/><E134/><N who="3" m="51818" /><G79/><T76/><D76/><U97/><E97/><V68/><F77/><W93/><G75/><T14/><D14/><U53/><E119/><V43/><F30/><W7/><G16/><T57/><D24/><U89/><E89/><V44/><F41/><W60/><G60/><T117/><D26/><U62/><E56/><V50/><F20/><W111/><G111/><N who="1" m="42506" /><E10/><V82/><F82/><AGARI ba="0,0" hai="1,3,17,22,27,53,58,62,82,84,88" m="42506" machi="82" ten="30,5800,0" yaku="14,1,10,1,54,1" doraHai="65" who="1" fromWho="2" sc="250,0,263,58,237,-58,250,0" /><INIT seed="1,1,0,0,0,135" ten="250,321,179,250" oya="1" hai0="124,57,102,84,23,22,133,107,64,68,130,59,50" hai1="26,131,109,8,43,58,116,86,118,63,4,30,93" hai2="112,83,111,66,49,80,126,95,37,53,65,42,32" hai3="21,97,6,9,28,98,19,73,5,81,12,1,106"/><U11/><E131/><V33/><F111/><W90/><G6/><T13/><D133/><U45/><E109/><V17/><F112/><W78/><G28/><T52/><D68/><U10/><E4/><V3/><F126/><W113/><G113/><T92/><D130/><U51/><E86/><V76/><F42/><W74/><G74/><T114/><D114/><U70/><E70/><V89/><F37/><W120/><G120/><T40/><D124/><U38/><E93/><V87/><F3/><W110/><G110/><T0/><D0/><U35/><REACH who="1" step="1"/><E38/><REACH who="1" ten="250,311,179,250" step="2"/><V67/><F83/><W88/><REACH who="3" step="1"/><G97/><REACH who="3" ten="250,311,179,240" step="2"/><T96/><D96/><U127/><E127/><V27/><F87/><W7/><G7/><T29/><D84/><U94/><E94/><V25/><F95/><W85/><G85/><T48/><D92/><U60/><E60/><V129/><F76/><W47/><G47/><T128/><D128/><U14/><E14/><V125/><F129/><W24/><G24/><T77/><D13/><U82/><E82/><V108/><F80/><W79/><G79/><T115/><D77/><U132/><E132/><V36/><F27/><W41/><G41/><T123/><D115/><U119/><E119/><V62/><F25/><W54/><G54/><AGARI ba="1,2" hai="8,10,11,26,30,35,43,45,51,54,58,63,116,118" machi="54" ten="40,2000,0" yaku="1,1,53,0" doraHai="135" doraHaiUra="69" who="1" fromWho="3" sc="250,0,311,43,179,0,240,-23" /><INIT seed="1,2,0,0,3,79" ten="250,354,179,217" oya="1" hai0="122,76,50,39,129,132,57,78,80,31,0,13,53" hai1="17,61,85,71,116,8,5,59,69,121,96,120,134" hai2="88,51,104,95,105,43,54,35,133,3,41,68,93" hai3="11,42,45,48,94,101,37,46,110,55,89,74,19"/><U107/><E116/><V128/><F128/><W26/><G110/><T6/><D129/><U2/><E134/><V32/><F3/><W24/><G74/><T60/><D39/><U84/><E17/><V62/><F133/><W102/><G26/><T58/><D132/><U21/><E21/><V87/><F68/><W82/><G24/><T86/><D122/><U83/><E85/><V109/><F109/><W64/><G64/><T124/><D124/><U16/><E69/><V135/><F135/><W117/><G117/><T77/><D0/><U40/><E40/><V30/><F62/><W4/><G4/><T20/><D31/><U7/><E71/><V131/><F131/><W126/><G126/><T47/><D57/><U119/><E119/><V36/><F36/><W34/><G34/><T73/><D73/><U14/><E96/><V15/><F15/><N who="3" m="7679" /><G94/><T91/><D20/><U25/><E107/><V97/><F104/><W33/><G33/><T112/><D112/><U12/><E25/><V130/><F105/><W99/><G99/><T100/><D100/><U103/><E103/><V72/><F72/><W108/><G108/><T56/><REACH who="0" step="1"/><D60/><REACH who="0" ten="240,354,179,217" step="2"/><U111/><E111/><V38/><F130/><W29/><G29/><T70/><D70/><U22/><E2/><V67/><F38/><W90/><G102/><T10/><AGARI ba="2,1" hai="6,10,13,47,50,53,56,58,76,77,78,80,86,91" machi="10" ten="30,7900,0" yaku="1,1,0,1,8,1,52,1,53,0" doraHai="79" doraHaiUra="106" who="0" fromWho="0" sc="240,95,354,-41,179,-22,217,-22" /><INIT seed="2,0,0,3,5,100" ten="335,313,157,195" oya="2" hai0="29,44,52,71,49,7,38,36,106,134,73,135,93" hai1="8,21,78,123,117,61,58,101,66,62,109,124,91" hai2="97,41,85,55,25,108,107,132,51,63,22,5,99" hai3="16,46,125,68,115,34,83,86,43,76,57,131,18"/><V35/><F132/><N who="0" m="50730" /><D73/><U48/><E117/><V84/><F35/><W28/><G68/><T121/><D7/><U104/><E109/><V95/><F108/><W70/><G70/><T133/><D29/><U45/><E78/><V9/><F41/><W98/><G131/><T94/><D121/><U27/><E123/><V20/><F107/><W42/><G125/><T81/><D81/><U67/><E124/><V113/><F113/><W26/><G115/><T75/><D75/><U59/><E8/><V126/><F126/><W119/><G119/><T118/><D118/><U96/><E91/><V33/><F33/><W47/><G98/><N who="2" m="37385" /><F63/><W130/><G130/><T4/><D4/><U102/><E96/><V88/><F84/><W39/><REACH who="3" step="1"/><G57/><REACH who="3" ten="335,313,157,185" step="2"/><T17/><D71/><U64/><E64/><V14/><F25/><W40/><G40/><T56/><D56/><AGARI ba="0,1" hai="5,9,14,20,22,51,55,56,85,88,95" m="37385" machi="56" ten="30,2900,0" yaku="8,1,54,1" doraHai="100" who="2" fromWho="0" sc="335,-29,313,0,157,39,185,0" /><INIT seed="2,1,0,1,0,122" ten="306,313,196,185" oya="2" hai0="121,42,81,95,85,23,16,6,54,47,57,88,39" hai1="38,0,45,12,9,77,129,126,14,103,132,110,130" hai2="83,49,75,104,92,21,116,101,100,62,128,123,1" hai3="15,89,61,33,80,13,26,131,119,19,118,72,106"/><V135/><F123/><W55/><G106/><T35/><D121/><U32/><E32/><V109/><F116/><W73/><G131/><N who="1" m="50186" /><E126/><V60/><F1/><W94/><G119/><T40/><D35/><U108/><E132/><V105/><F128/><W70/><G118/><T59/><D6/><N who="1" m="1223" /><E77/><V25/><F49/><W18/><G18/><T97/><D42/><N who="1" m="22743" /><E103/><V28/><F135/><W82/><G13/><AGARI ba="1,0" hai="12,13,14,108,110" m="22743,1223,50186" machi="13" ten="30,3900,0" yaku="19,1,52,2" doraHai="122" who="1" fromWho="3" sc="306,0,313,42,196,0,185,-42" /><INIT seed="3,0,0,3,3,105" ten="306,355,196,143" oya="3" hai0="75,110,63,53,46,125,74,117,55,73,83,133,126" hai1="20,36,42,69,34,39,24,135,0,115,113,59,93" hai2="96,118,76,26,106,37,21,16,89,95,92,134,121" hai3="88,119,17,13,40,12,132,108,98,120,85,114,62"/><W51/><G120/><T25/><D117/><U68/><E34/><V66/><F121/><W35/><G119/><T56/><D110/><U127/><E0/><V6/><F118/><W3/><G114/><T67/><D133/><U111/><E111/><V82/><F37/><W87/><G108/><T78/><D25/><U23/><E135/><V104/><F134/><W123/><G123/><T7/><D7/><U84/><E127/><N who="0" m="48649" /><D46/><U107/><E107/><V102/><F66/><W101/><G35/><T90/><D90/><U2/><E2/><V91/><F6/><W52/><G3/><T28/><D28/><U47/><E39/><V81/><F102/><W65/><G132/><T72/><AGARI ba="0,0" hai="53,55,56,63,67,72,73,74,75,78,83" m="48649" machi="72" ten="40,8000,1" yaku="18,1,52,4" doraHai="105" who="0" fromWho="0" sc="306,80,355,-20,196,-20,143,-40" /><INIT seed="4,0,0,2,2,135" ten="386,335,176,103" oya="0" hai0="20,97,62,87,36,65,30,11,125,4,79,13,117" hai1="104,52,91,73,29,60,57,18,114,2,130,74,63" hai2="1,116,112,55,103,110,94,70,0,31,133,126,40" hai3="86,26,68,124,106,102,90,66,19,6,35,96,21"/><T8/><D117/><U16/><E130/><V45/><F133/><W105/><G105/><T27/><D36/><U42/><E2/><V82/><F116/><W56/><G6/><T44/><D125/><U120/><E120/><V115/><F70/><W118/><G118/><T134/><D134/><U76/><E42/><V98/><F110/><W53/><G68/><T80/><D44/><U28/><E104/><V109/><F126/><W92/><G66/><T7/><D97/><U121/><E121/><V99/><F109/><W48/><REACH who="3" step="1"/><G35/><REACH who="3" ten="386,335,176,93" step="2"/><T84/><D65/><U24/><E114/><V12/><F112/><W77/><G77/><T113/><D113/><U10/><E76/><V23/><F115/><W37/><G37/><T58/><D79/><U34/><E34/><V111/><F111/><W14/><G14/><T50/><D7/><U93/><E73/><V5/><F12/><W85/><G85/><T51/><D87/><N who="1" m="52479" /><E74/><V22/><F1/><W61/><G61/><T127/><D127/><AGARI ba="0,1" hai="19,21,26,48,53,56,86,90,92,96,102,106,124,127" machi="127" ten="40,5200,0" yaku="1,1,52,2,53,0" doraHai="135" doraHaiUra="69" who="3" fromWho="0" sc="386,-52,335,0,176,0,93,62" /><INIT seed="5,0,0,5,4,101" ten="334,335,176,155" oya="1" hai0="79,68,47,55,39,132,74,31,2,63,121,90,46" hai1="129,81,3,30,107,78,83,35,7,59,118,60,44" hai2="73,19,106,0,89,92,70,123,128,115,10,135,108" hai3="53,15,75,32,100,42,16,54,17,95,64,45,103"/><U29/><E118/><V13/><RYUUKYOKU type="yao9" ba="0,0" sc="334,0,335,0,176,0,155,0" hai2="0,10,13,19,70,73,89,92,106,108,115,123,128,135" /><INIT seed="5,1,0,3,1,16" ten="334,335,176,155" oya="1" hai0="112,100,120,108,86,41,65,127,71,11,97,105,135" hai1="45,10,21,4,47,99,84,85,39,48,69,40,25" hai2="95,8,87,110,3,91,17,34,130,124,57,128,133" hai3="54,119,88,23,67,56,82,96,132,44,18,12,1"/><U103/><E69/><V90/><F110/><W68/><G1/><T89/><D41/><U26/><E26/><V14/><F124/><W101/><G132/><T38/><D38/><U6/><E47/><V102/><F133/><W22/><G119/><T2/><D135/><U113/><E39/><V43/><F34/><W64/><G68/><T109/><D65/><N who="3" m="25161" /><G44/><T126/><D11/><U81/><E113/><V61/><F43/><W19/><G101/><T73/><D2/><U53/><E40/><V62/><F3/><W20/><G12/><T42/><D42/><U93/><E10/><V13/><F102/><W123/><G123/><T111/><D71/><U98/><E98/><V46/><F46/><W31/><G31/><T115/><D73/><U75/><E75/><V80/><F14/><W59/><G59/><T83/><D120/><U106/><E106/><V30/><F30/><W66/><N who="3" m="25169" /><W32/><DORA hai="52" /><G32/><T70/><REACH who="0" step="1"/><D70/><REACH who="0" ten="324,335,176,155" step="2"/><U122/><E122/><V121/><F121/><W60/><G82/><T15/><D15/><U5/><REACH who="1" step="1"/><E81/><REACH who="1" ten="324,325,176,155" step="2"/><V118/><F118/><W76/><G76/><T7/><D7/><U72/><E72/><V129/><REACH who="2" step="1"/><F57/><REACH who="2" ten="324,325,166,155" step="2"/><W27/><G27/><T51/><D51/><U36/><E36/><V35/><F35/><W94/><AGARI ba="1,3" hai="18,19,20,22,23,54,56,60,88,94,96" m="25169" machi="94" ten="40,12000,2" yaku="8,1,52,4,54,1" doraHai="16,52" who="3" fromWho="3" sc="324,-31,325,-61,166,-31,155,153" /><INIT seed="6,0,0,0,1,131" ten="293,264,135,308" oya="2" hai0="126,2,10,52,41,65,58,86,80,96,57,0,115" hai1="92,54,69,77,8,50,67,1,113,128,71,26,81" hai2="28,124,18,120,114,11,116,85,47,111,107,87,39" hai3="23,84,75,132,109,88,44,46,5,91,112,135,30"/><V38/><F107/><W79/><G109/><T24/><D115/><U108/><E108/><V72/><F111/><W55/><G75/><T78/><D126/><U100/><E113/><V82/><F114/><W43/><G5/><T40/><D2/><U134/><E128/><V35/><F116/><W62/><G112/><T74/><D74/><U66/><E26/><V45/><F120/><W110/><G110/><T97/><D24/><U104/><E104/><V19/><F124/><W93/><G30/><T42/><D10/><U3/><E100/><V98/><F72/><W33/><G33/><T34/><D0/><U102/><E102/><V125/><F125/><W51/><G79/><T70/><D70/><U16/><E92/><V12/><F98/><W53/><G23/><T123/><D34/><U73/><E67/><V121/><F121/><W22/><G22/><T64/><D58/><U68/><E66/><N who="0" m="25705" /><D123/><U133/><E16/><V61/><F61/><AGARI ba="0,0" hai="40,41,42,52,57,61,78,80,86,96,97" m="25705" machi="61" ten="30,2000,0" yaku="8,1,54,1" doraHai="131" who="0" fromWho="2" sc="293,20,264,0,135,-20,308,0" /><INIT seed="7,0,0,5,0,83" ten="313,264,115,308" oya="3" hai0="44,25,81,103,129,82,54,17,101,98,125,52,28" hai1="49,7,39,122,117,133,102,65,37,31,9,76,61" hai2="90,36,135,123,34,42,62,128,60,105,97,99,1" hai3="77,50,108,45,6,64,113,16,20,91,89,130,78"/><W56/><G113/><T5/><D125/><U8/><E122/><V69/><F42/><N who="3" m="24887" /><G130/><T2/><D129/><U46/><E133/><V38/><F105/><W95/><G6/><T126/><D126/><U0/><E117/><V63/><F128/><W35/><G35/><T118/><D118/><U110/><E110/><V121/><F34/><W14/><G108/><T107/><D101/><U79/><E31/><V3/><F69/><W67/><G91/><T71/><D71/><U119/><E119/><V111/><F135/><W75/><G75/><T86/><D17/><U51/><E102/><V73/><F90/><W55/><G78/><T70/><D81/><U94/><E94/><V87/><F73/><W47/><G47/><T66/><D44/><U22/><E22/><V33/><F33/><W27/><G27/><T88/><D5/><U48/><E9/><V21/><F21/><W74/><G77/><T43/><D2/><U96/><E76/><V40/><F40/><W124/><G74/><T112/><D43/><U58/><E79/><V41/><F41/><W30/><G30/><T72/><D72/><U109/><E109/><V32/><F32/><W114/><G114/><T92/><D112/><U93/><E46/><V131/><F111/><W4/><G4/><T11/><D107/><U106/><E106/><V18/><F63/><N who="3" m="36255" /><G124/><T12/><D28/><U80/><E61/><V68/><F131/><W120/><G120/><T19/><D25/><U26/><E26/><V57/><F121/><W53/><G53/><N who="0" m="20587" /><D70/><U127/><E127/><V100/><F123/><W15/><G15/><RYUUKYOKU ba="0,0" sc="313,15,264,-15,115,-15,308,15" hai0="11,12,19,66,82,86,88,92,98,103" hai3="14,16,20,64,67,89,95" /><INIT seed="7,1,0,1,5,127" ten="328,249,100,323" oya="3" hai0="3,42,32,125,7,47,119,95,131,54,117,2,109" hai1="25,108,70,68,105,89,56,51,102,5,107,74,9" hai2="46,40,94,97,4,118,126,50,55,75,93,98,13" hai3="129,36,88,67,41,23,30,103,61,10,92,79,24"/><W16/><G129/><T73/><D131/><U44/><E108/><V45/><F126/><W130/><G130/><T91/><D125/><U110/><E110/><V86/><F118/><W135/><G135/><T76/><D32/><U85/><E74/><V53/><F75/><W84/><G36/><N who="0" m="21959" /><D54/><U100/><E56/><V114/><F114/><W133/><G133/><T72/><D3/><U132/><E132/><V120/><F120/><W58/><G41/><T115/><D109/><U0/><E102/><V18/><F4/><W96/><G79/><T69/><D69/><U31/><E100/><V52/><F86/><W34/><G34/><T57/><D57/><U71/><E89/><V60/><F60/><W78/><G78/><T43/><D43/><U6/><E6/><V26/><F26/><W66/><G66/><T1/><D1/><U112/><E85/><V63/><F63/><W65/><G65/><T22/><D22/><U64/><E64/><V48/><F40/><W27/><G27/><T39/><D39/><U77/><E77/><V104/><F104/><W38/><G38/><T134/><D73/><U87/><E87/><V82/><F82/><N who="3" m="49175" /><G10/><N who="0" m="2423" /><D115/><U8/><E9/><V81/><F81/><W101/><G101/><T99/><D134/><U49/><E112/><V111/><F111/><W17/><AGARI ba="1,0" hai="16,17,23,24,30,58,61,67,92,96,103" m="49175" machi="17" ten="30,11700,0" yaku="25,1,8,1,54,2" doraHai="127" who="3" fromWho="3" sc="328,-40,249,-40,100,-40,323,120" owari="288,9.0,209,-19.0,60,-44.0,443,54.0" /></mjloggm>