<mjloggm ver="2.3"><GO type="169" lobby="0"/><UN n0="%E3%81%97%E3%81%BF%73" n1="%E4%B8%83%E3%83%84%E6%98%9F%E3%83%9B%E3%82%AF%E3%82%B5%E3%82%A4" n2="%28%3B%E3%83%BB%E2%88%80%E3%83%BB%29" n3="%E5%A4%A9%E7%A5%9E%E9%B3%B3%E4%BD%8D" dan="17,17,16,16" rate="2147.39,2221.35,2166.65,2127.45" sx="M,M,M,M"/><TAIKYOKU oya="0"/><INIT seed="0,0,0,2,4,65" ten="250,250,250,250" oya="0" hai0="119,45,11,37,41,5,34,92,4,6,35,61,87" hai1="26,123,79,134,112,128,25,73,101,7,62,80,93" hai2="44,100,55,52,21,30,94,127,108,115,2,68,10" hai3="102,14,12,103,78,15,32,38,16,118,3,31,53"/><T90/><D119/><U22/><E123/><V40/><F115/><W49/><G118/><T54/><D11/><U104/><E128/><V9/><F108/><W64/><G38/><T24/><D24/><U116/><E116/><V106/><F106/><W59/><G3/><T83/><D54/><U42/><E134/><V72/><F72/><W105/><G78/><T117/><D117/><U81/><E112/><V77/><F77/><W74/><G74/><T76/><REACH who="0" step="1"/><D61/><REACH who="0" ten="240,250,250,250" step="2"/><U47/><E62/><V8/><F55/><W110/><G64/><T39/><D39/><U58/><E26/><N who="2" m="16719" /><F52/><W89/><G110/><T29/><D29/><U129/><E25/><V88/><F10/><W86/><G31/><T135/><D135/><U57/><E42/><V28/><F9/><N who="3" m="6159" /><G32/><T121/><D121/><U107/><E129/><V71/><F28/><W97/><G14/><T33/><D33/><U85/><E22/><V126/><F8/><W56/><G15/><T63/><D63/><U132/><E132/><V20/><F20/><W122/><G122/><T19/><D19/><U46/><E7/><V95/><F2/><W133/><G133/><T75/><AGARI ba="0,1" hai="4,5,6,34,35,37,41,45,75,76,83,87,90,92" machi="75" ten="30,3000,0" yaku="1,1,0,1,53,0" doraHai="65" doraHaiUra="18" who="0" fromWho="0" sc="240,40,250,-10,250,-10,250,-10" /><INIT seed="0,1,0,0,3,7" ten="280,240,240,240" oya="0" hai0="83,109,113,5,40,69,28,68,132,95,76,6,11" hai1="131,74,127,112,63,78,52,104,125,44,36,89,84" hai2="14,105,42,18,133,73,35,107,47,106,62,115,27" hai3="12,10,15,58,75,87,85,98,82,39,102,123,61"/><T118/><D118/><U45/><E104/><V126/><F115/><W128/><G128/><T43/><D113/><U48/><E112/><V60/><F73/><W134/><G134/><T1/><D132/><U66/><E131/><V57/><F133/><W111/><G111/><T103/><D28/><U46/><E78/><V50/><F126/><N who="1" m="48137" /><E74/><V29/><REACH who="2" step="1"/><F57/><REACH who="2" ten="280,240,230,240" step="2"/><W70/><G75/><T24/><D109/><U67/><E36/><V100/><F100/><W19/><G39/><T92/><D103/><U55/><E84/><V119/><F119/><W93/><G123/><T34/><D69/><N who="1" m="42207" /><E89/><V120/><F120/><W56/><G87/><T88/><D68/><U114/><E114/><V116/><F116/><W117/><G117/><T21/><D88/><U32/><E32/><V65/><F65/><W122/><G122/><T129/><D34/><U59/><E67/><V2/><F2/><W94/><G70/><T54/><D1/><U108/><E108/><V79/><F79/><W101/><G101/><T49/><D76/><U3/><E3/><V22/><AGARI ba="1,1" hai="14,18,22,27,29,35,42,47,50,60,62,105,106,107" machi="22" ten="30,2000,0" yaku="1,1,0,1,53,0" doraHai="7" doraHaiUra="86" who="2" fromWho="2" sc="280,-11,240,-6,230,33,240,-6" /><INIT seed="1,0,0,2,5,29" ten="269,234,263,234" oya="1" hai0="128,81,120,33,25,67,75,58,23,104,46,103,102" hai1="116,27,130,114,53,99,47,5,68,55,0,121,24" hai2="44,105,112,1,12,94,51,107,9,37,36,7,91" hai3="82,74,64,21,40,78,31,69,57,54,110,100,77"/><U14/><E121/><V3/><F112/><W60/><G110/><T35/><D120/><U66/><E114/><V42/><F37/><W117/><G117/><T63/><D128/><U92/><E116/><V86/><REACH who="2" step="1"/><F36/><REACH who="2" ten="269,234,253,234" step="2"/><W38/><G38/><T108/><D108/><U59/><E130/><V39/><F39/><W80/><G74/><T11/><D104/><AGARI ba="0,1" hai="1,3,7,9,12,42,44,51,86,91,94,104,105,107" machi="104" ten="40,1300,0" yaku="1,1,53,0" doraHai="29" doraHaiUra="19" who="2" fromWho="0" sc="269,-13,234,0,253,23,234,0" /><INIT seed="2,0,0,3,2,31" ten="256,234,276,234" oya="2" hai0="45,81,66,82,59,97,118,64,125,0,53,120,32" hai1="58,39,109,75,55,87,103,126,49,133,42,98,67" hai2="129,30,70,5,63,96,131,4,7,65,134,41,8" hai3="92,74,116,35,121,62,104,90,135,88,56,29,79"/><V84/><F134/><W17/><G116/><T113/><D0/><U34/><E75/><V95/><F41/><W36/><G121/><T37/><D32/><U6/><E109/><V89/><F30/><W40/><G135/><T127/><D82/><U105/><E133/><V106/><F8/><W47/><G104/><T72/><D97/><U10/><E126/><N who="0" m="48137" /><D81/><U11/><E34/><V110/><F110/><W124/><G124/><T28/><D28/><U68/><E87/><V94/><REACH who="2" step="1"/><F106/><REACH who="2" ten="256,234,266,234" step="2"/><W102/><G29/><T73/><D118/><U27/><E6/><V101/><AGARI ba="0,1" hai="4,5,7,63,65,70,84,89,94,95,96,101,129,131" machi="101" ten="30,6000,0" yaku="1,1,2,1,0,1,53,0" doraHai="31" doraHaiUra="128" who="2" fromWho="2" sc="256,-20,234,-20,266,70,234,-20" /><INIT seed="2,1,0,5,0,107" ten="236,214,336,214" oya="2" hai0="27,45,58,33,31,37,88,124,23,64,35,83,81" hai1="34,56,0,115,101,119,114,135,80,10,40,105,18" hai2="25,84,49,132,96,122,112,8,16,36,6,9,57" hai3="78,47,26,128,13,43,7,97,41,14,111,42,91"/><V67/><F112/><W76/><G111/><T109/><D109/><U73/><E119/><V38/><F122/><W15/><G128/><T28/><D124/><U53/><E135/><V32/><F132/><W51/><G7/><T125/><D125/><U11/><E34/><V85/><F96/><W126/><G126/><T44/><D37/><U50/><E40/><V120/><F120/><W93/><REACH who="3" step="1"/><G26/><REACH who="3" ten="236,214,336,204" step="2"/><T48/><D27/><U118/><E115/><V69/><F6/><W71/><G71/><T66/><D35/><U90/><E114/><V2/><F69/><W59/><G59/><T106/><D58/><U110/><E110/><V21/><F32/><W89/><G89/><T104/><D33/><U133/><E133/><V130/><F130/><W1/><G1/><T87/><D88/><U60/><E0/><V123/><F123/><W99/><G99/><T98/><D98/><U113/><E113/><V95/><F2/><W4/><G4/><T134/><D134/><U17/><E90/><V72/><F57/><W131/><G131/><T30/><D45/><U82/><E56/><V62/><F25/><W86/><G86/><T121/><D87/><U103/><E60/><V29/><F85/><W24/><G24/><T94/><D121/><U5/><E5/><V22/><F62/><W46/><G46/><T54/><D44/><U116/><E118/><V63/><F84/><W79/><AGARI ba="1,1" hai="13,14,15,41,42,43,47,51,76,78,79,91,93,97" machi="79" ten="30,4000,0" yaku="1,1,0,1,8,1,53,0" doraHai="107" doraHaiUra="55" who="3" fromWho="3" sc="236,-11,214,-11,336,-21,204,53" /><INIT seed="3,0,0,0,4,112" ten="225,203,315,257" oya="3" hai0="67,95,45,60,68,21,115,19,49,114,23,32,10" hai1="27,62,99,73,47,119,1,57,13,20,52,48,55" hai2="17,61,42,82,6,94,74,30,90,78,87,40,129" hai3="92,29,76,25,113,2,88,91,8,43,107,98,4"/><W85/><G113/><T131/><D32/><U71/><E1/><V109/><F109/><W72/><G43/><T125/><D125/><U33/><E73/><V51/><F129/><W130/><G130/><T133/><D133/><U134/><E134/><V59/><F30/><W9/><G9/><T132/><D132/><U123/><E123/><V11/><F17/><W105/><G76/><T104/><D104/><U66/><E33/><V54/><REACH who="2" step="1"/><F61/><REACH who="2" ten="225,203,305,257" step="2"/><W28/><G28/><T69/><D131/><U5/><E5/><V0/><AGARI ba="0,1" hai="0,6,11,40,42,51,54,59,74,78,82,87,90,94" machi="0" ten="20,8000,1" yaku="1,1,2,1,0,1,7,1,53,1" doraHai="112" doraHaiUra="50" who="2" fromWho="2" sc="225,-20,203,-20,305,90,257,-40" /><INIT seed="4,0,0,2,4,81" ten="205,183,395,217" oya="0" hai0="52,87,31,135,17,106,61,86,132,123,44,70,32" hai1="78,91,71,98,134,55,104,58,6,76,110,88,59" hai2="42,94,101,20,133,63,83,56,84,18,54,112,51" hai3="0,8,120,67,118,90,125,64,111,36,43,99,66"/><T117/><D106/><U26/><E71/><V35/><F35/><W80/><G111/><T34/><D117/><U113/><E110/><V114/><F133/><N who="0" m="51274" /><D123/><U127/><E134/><V45/><F101/><W85/><G118/><T15/><D70/><U1/><E127/><V2/><F94/><W115/><G120/><T60/><D60/><U74/><E113/><V95/><F95/><W128/><G115/><T12/><D12/><U75/><E26/><V38/><F2/><W103/><G125/><T40/><D31/><U53/><E1/><V50/><F112/><W92/><G128/><T77/><D77/><U11/><E11/><V108/><F108/><W3/><REACH who="3" step="1"/><G8/><REACH who="3" ten="205,183,395,207" step="2"/><N who="0" m="6375" /><D32/><U57/><E98/><V16/><F114/><W22/><G22/><T14/><D34/><U96/><E96/><V122/><F122/><W24/><G24/><T62/><D14/><U30/><E104/><V49/><REACH who="2" step="1"/><F20/><REACH who="2" ten="205,183,385,207" step="2"/><W129/><G129/><T97/><D97/><U28/><REACH who="1" step="1"/><E58/><REACH who="1" ten="205,173,385,207" step="2"/><V131/><F131/><W105/><G105/><T25/><D25/><U33/><E33/><V69/><F69/><W73/><G73/><T41/><D44/><AGARI ba="0,3" hai="0,3,36,43,44,64,66,67,80,85,90,92,99,103" machi="44" ten="40,5200,0" yaku="1,1,52,1,53,1" doraHai="81" doraHaiUra="79" who="3" fromWho="0" sc="205,-52,173,0,385,0,207,82" /><INIT seed="5,0,0,4,2,107" ten="153,173,385,289" oya="1" hai0="117,22,132,2,29,118,99,61,51,47,56,4,11" hai1="50,87,106,76,28,62,10,90,71,64,19,75,82" hai2="105,108,119,52,42,96,14,18,135,38,128,80,65" hai3="59,48,134,33,37,6,73,12,114,57,112,1,130"/><U121/><E121/><V66/><F108/><W7/><G37/><T86/><D132/><U39/><E39/><V36/><F119/><W17/><G33/><T24/><D86/><U93/><E28/><V35/><F135/><W100/><G134/><T5/><D5/><N who="3" m="1545" /><G1/><T124/><D124/><U127/><E127/><V131/><F35/><W95/><G130/><N who="2" m="49705" /><F80/><W44/><G73/><T122/><D122/><U113/><E113/><N who="3" m="43626" /><G95/><T0/><D0/><U20/><E50/><V67/><F42/><N who="3" m="24599" /><G100/><T21/><D99/><U126/><E126/><V63/><F96/><W55/><G55/><T77/><D118/><U68/><E106/><V129/><F105/><W116/><G116/><T123/><D117/><U72/><E10/><AGARI ba="0,0" hai="10,12,17,57,59" m="24599,43626,1545" machi="10" ten="30,1000,0" yaku="15,1" doraHai="107" who="3" fromWho="1" sc="153,0,173,-10,385,0,289,10" /><INIT seed="6,0,0,0,5,92" ten="153,163,385,299" oya="2" hai0="30,54,97,117,14,5,63,44,99,113,8,32,48" hai1="13,6,18,12,43,16,28,90,73,70,98,86,96" hai2="101,133,39,0,72,46,40,89,52,103,88,1,102" hai3="107,77,120,50,57,42,64,94,37,53,67,51,31"/><V74/><F133/><W24/><G107/><T119/><D113/><U58/><E73/><V60/><F74/><W11/><G37/><T9/><D30/><U59/><E70/><V121/><F72/><W33/><G120/><T84/><D32/><U56/><E43/><V132/><F132/><W85/><G11/><T36/><D36/><U80/><E28/><V27/><F27/><W78/><G94/><T41/><D84/><U123/><E6/><V82/><F121/><W25/><G25/><T17/><D63/><U104/><E104/><V35/><F35/><W45/><G85/><T65/><D65/><U66/><E66/><V3/><REACH who="2" step="1"/><F82/><REACH who="2" ten="153,163,375,299" step="2"/><W55/><G33/><T22/><D117/><U114/><E123/><V109/><F109/><W76/><G24/><T116/><D119/><U131/><E114/><V20/><F20/><W83/><G83/><T19/><D116/><U4/><E131/><V111/><F111/><W115/><G115/><T130/><D130/><U2/><E2/><V49/><F49/><N who="3" m="26807" /><G31/><T105/><D22/><N who="1" m="11527" /><E4/><V87/><F87/><W128/><G128/><T124/><D5/><U21/><AGARI ba="0,1" hai="13,18,21,56,58,59,80,86,90,96,98" m="11527" machi="21" ten="30,7900,0" yaku="8,1,52,2,54,1" doraHai="92" who="1" fromWho="1" sc="153,-20,163,89,375,-39,299,-20" /><INIT seed="7,0,0,5,3,105" ten="133,252,336,279" oya="3" hai0="91,81,32,80,64,37,20,34,24,5,36,72,11" hai1="73,108,114,96,39,106,125,21,52,33,88,132,27" hai2="128,109,70,8,68,82,16,13,85,95,124,0,76" hai3="14,65,38,51,18,57,40,48,126,55,31,63,67"/><W94/><G126/><T4/><D64/><U120/><RYUUKYOKU type="yao9" ba="0,0" sc="133,0,252,0,336,0,279,0" hai1="21,27,33,39,52,73,88,96,106,108,114,120,125,132" /><INIT seed="7,1,0,4,1,119" ten="133,252,336,279" oya="3" hai0="21,84,70,40,94,41,124,125,82,80,32,5,112" hai1="85,72,15,122,132,120,105,99,88,16,51,23,62" hai2="126,79,121,130,42,22,1,36,34,55,118,13,35" hai3="110,116,74,75,3,14,54,78,134,19,0,10,20"/><W131/><G116/><T25/><D32/><U31/><E72/><V93/><F118/><W50/><G131/><T108/><D70/><U73/><E73/><V29/><F1/><W92/><G134/><T133/><D133/><U102/><E132/><V97/><F130/><W101/><G110/><T27/><D94/><U57/><E51/><V98/><F79/><W64/><G64/><T77/><D108/><U65/><E31/><V39/><F55/><W114/><G114/><T61/><D112/><U45/><E45/><V48/><F48/><W86/><G101/><T89/><D77/><U53/><E65/><V46/><F39/><W104/><G104/><T111/><D111/><U60/><E62/><V26/><F97/><W56/><G78/><T63/><D21/><U8/><E23/><V106/><F106/><W87/><G87/><T113/><D113/><U6/><E6/><V30/><F13/><W107/><G107/><T117/><D117/><U76/><E76/><V2/><F2/><N who="3" m="555" /><G10/><T115/><D115/><U12/><E12/><V96/><F96/><W49/><G49/><T66/><D66/><U43/><E43/><V123/><F126/><W47/><G47/><T109/><D109/><U91/><E91/><AGARI ba="1,0" hai="14,19,20,50,54,56,74,75,86,91,92" m="555" machi="91" ten="30,1500,0" yaku="25,1" doraHai="119" who="3" fromWho="1" sc="133,0,252,-18,336,0,279,18" /><INIT seed="7,2,0,3,3,63" ten="133,234,336,297" oya="3" hai0="78,104,135,120,9,57,74,77,4,33,41,66,84" hai1="109,72,19,54,76,111,25,6,103,20,101,94,29" hai2="40,70,48,88,58,34,115,121,130,44,110,12,27" hai3="14,124,45,93,118,122,56,30,2,97,64,13,126"/><W98/><G118/><T50/><D120/><U91/><E111/><V68/><F110/><W21/><G122/><T83/><D104/><U24/><E109/><V32/><F121/><W35/><G2/><T69/><D33/><U37/><E37/><V16/><F115/><W79/><G79/><T18/><D135/><U8/><E76/><V81/><F130/><W133/><G35/><T117/><D117/><U65/><E72/><V119/><F119/><W5/><G45/><T87/><D69/><U28/><E54/><V0/><F0/><W3/><G3/><T131/><D131/><U11/><E6/><V132/><F132/><W7/><G98/><T71/><D71/><U92/><E19/><V85/><F34/><W114/><G114/><T39/><D18/><U105/><E105/><V128/><F128/><W53/><G133/><T134/><D134/><U43/><E43/><V100/><F100/><N who="3" m="60463" /><G53/><T113/><D113/><U112/><E112/><V102/><F102/><W52/><G52/><T99/><D99/><U47/><E47/><V106/><F106/><W108/><G108/><T86/><D77/><U125/><E125/><V17/><F68/><W51/><G124/><T129/><D129/><U116/><E116/><V62/><F70/><W55/><G5/><T95/><D95/><U107/><E107/><V38/><F38/><W60/><G7/><T67/><D57/><U31/><E31/><N who="2" m="19583" /><F12/><W90/><G13/><N who="0" m="5287" /><D39/><U26/><E26/><V49/><F49/><W75/><G51/><T36/><D36/><U46/><E92/><V22/><F22/><W80/><G21/><RYUUKYOKU ba="2,0" sc="133,15,234,-15,336,15,297,-15" hai0="41,50,66,67,74,78,83,84,86,87" hai2="16,17,40,44,48,58,62,81,85,88" owari="148,-35.0,219,-18.0,351,45.0,282,8.0" /></mjloggm>