<mjloggm ver="2.3"><GO type="185" lobby="0"/><UN n0="%E3%81%BF%E3%82%83%E3%83%BC%E3%81%B6%E3%82%8C%E3%81%84%E3%81%8F" n1="%E7%89%8C%E6%B5%81%E5%AE%9A%E7%9F%B3%E6%9C%80%E9%AB%98" n2="%E2%99%AA%E5%A4%A2%E5%85%88%E6%A1%88%E5%86%85%E4%BA%BA" n3="" dan="16,16,17,0" rate="2181.59,2162.03,2273.27,1500.00" sx="M,M,F,C"/><TAIKYOKU oya="0"/><INIT seed="0,0,0,5,5,40" ten="350,350,350,0" oya="0" hai0="48,58,35,128,105,92,80,134,114,56,127,118,107" hai1="38,65,69,93,61,52,113,112,96,71,88,116,111" hai2="47,0,66,62,55,50,45,51,119,34,129,67,103" hai3=""/><T91/><D114/><U37/><E111/><V124/><F0/><T97/><D118/><U95/><E71/><V57/><F34/><T60/><D35/><U130/><E116/><V106/><F119/><T59/><D127/><U126/><E126/><V100/><F124/><T73/><D134/><U115/><E130/><V79/><F129/><T77/><D128/><U85/><REACH who="1" step="1"/><E52/><REACH who="1" ten="350,340,350,0" step="2"/><V72/><F66/><T44/><REACH who="0" step="1"/><D60/><REACH who="0" ten="340,340,350,0" step="2"/><U46/><E46/><V125/><F125/><T122/><N who="0" m="31264" /><T83/><D83/><U54/><E54/><AGARI ba="0,2" hai="44,48,54,56,58,59,73,77,80,91,92,97,105,107" m="31264" machi="54" ten="40,7700,0" yaku="1,1,52,2,53,0" doraHai="40" doraHaiUra="64" who="0" fromWho="1" sc="340,97,340,-77,350,0,0,0" /><INIT seed="0,1,0,2,2,129" ten="437,263,350,0" oya="0" hai0="84,54,81,107,59,125,118,80,112,106,113,108,49" hai1="120,122,2,91,57,85,132,63,93,34,119,40,61" hai2="78,68,50,66,46,109,114,104,75,55,95,73,86" hai3=""/><T115/><D118/><U130/><N who="1" m="30752" /><U58/><N who="1" m="31264" /><U128/><E2/><V42/><F114/><T51/><D125/><U133/><E34/><V67/><F104/><T79/><D108/><U94/><E40/><V52/><F109/><T36/><D36/><U135/><E119/><V53/><F95/><T83/><D81/><U70/><E70/><V77/><F86/><T60/><D51/><U121/><N who="1" m="31008" /><U97/><E57/><V101/><F101/><T45/><REACH who="0" step="1"/><D83/><REACH who="0" ten="427,263,350,0" step="2"/><U90/><REACH who="1" step="1"/><E63/><REACH who="1" ten="427,253,350,0" step="2"/><V126/><F126/><T134/><D134/><U32/><E32/><V43/><F50/><T72/><D72/><U89/><E89/><V39/><F73/><T99/><D99/><U35/><E35/><V87/><F75/><T3/><D3/><U71/><E71/><V131/><F68/><T124/><D124/><U98/><E98/><V38/><F38/><T100/><D100/><U117/><E117/><V88/><F39/><T96/><D96/><U92/><E92/><V37/><F37/><T33/><D33/><U44/><E44/><V47/><F47/><T74/><D74/><U69/><E69/><V116/><F46/><T62/><D62/><U111/><E111/><V127/><F116/><T110/><D110/><RYUUKYOKU ba="1,2" sc="427,10,253,10,350,-20,0,0" hai0="45,49,54,59,60,79,80,84,106,107,112,113,115" hai1="58,61,85,90,91,93,94,97,128,130,132,133,135" /><INIT seed="0,2,2,2,2,132" ten="437,263,330,0" oya="0" hai0="49,80,51,98,108,54,89,123,134,128,68,78,65" hai1="34,43,2,97,118,84,63,83,3,105,130,135,131" hai2="70,86,39,62,55,46,103,53,61,116,37,64,44" hai3=""/><T57/><N who="0" m="31520" /><T60/><D134/><U40/><E34/><V125/><F103/><T126/><D128/><N who="1" m="49195" /><E118/><V120/><N who="2" m="30752" /><V48/><F86/><T104/><D108/><U114/><E114/><V117/><F125/><T127/><D51/><U35/><E135/><V72/><F72/><T67/><D65/><U122/><N who="1" m="31264" /><U119/><E119/><N who="2" m="45643" /><F44/><T112/><D112/><U133/><E35/><V92/><F92/><T59/><D68/><U121/><N who="1" m="31008" /><U75/><E75/><V115/><F115/><T73/><REACH who="0" step="1"/><D89/><REACH who="0" ten="427,263,330,0" step="2"/><U109/><E109/><V71/><F71/><T95/><D95/><U42/><E133/><V93/><F93/><T69/><D69/><U87/><E2/><V91/><F91/><T124/><D124/><U81/><E3/><V88/><F88/><T56/><D56/><AGARI ba="2,3" hai="37,39,46,48,53,55,56,61,62,64,70" m="45643,30752" machi="56" ten="30,7700,0" yaku="12,1,34,2,52,1" doraHai="132" who="2" fromWho="0" sc="427,-81,263,0,330,111,0,0" /><INIT seed="1,0,0,5,3,126" ten="346,263,441,0" oya="1" hai0="54,34,115,77,105,80,89,98,65,60,99,3,55" hai1="74,96,132,110,112,62,32,134,56,61,133,103,53" hai2="39,113,85,78,50,88,129,42,93,36,67,125,45" hai3=""/><U47/><E32/><V101/><F125/><T120/><N who="0" m="30752" /><T86/><D115/><U131/><E112/><V92/><F113/><T52/><D3/><U122/><N who="1" m="31264" /><U82/><E110/><V109/><F109/><T111/><D34/><U123/><N who="1" m="31520" /><U79/><E47/><V121/><N who="2" m="31008" /><V48/><F67/><T66/><D111/><U33/><E33/><V73/><F129/><T72/><D105/><U70/><E70/><V127/><F127/><T116/><D116/><U59/><E131/><V38/><F50/><T81/><REACH who="0" step="1"/><D66/><REACH who="0" ten="336,263,441,0" step="2"/><U40/><E40/><V35/><F35/><T71/><AGARI ba="0,1" hai="52,54,55,60,65,71,72,77,80,81,86,89,98,99" m="30752" machi="71" ten="30,6000,1" yaku="1,1,2,1,0,1,52,1,54,1,53,0" doraHai="126" doraHaiUra="130" who="0" fromWho="0" sc="336,70,263,-40,441,-20,0,0" /><INIT seed="2,0,0,5,1,0" ten="406,223,421,0" oya="2" hai0="71,39,122,107,63,58,104,66,132,96,65,118,126" hai1="44,121,108,117,86,110,34,75,37,38,123,67,85" hai2="124,78,72,56,103,2,98,109,64,120,128,84,105" hai3=""/><V51/><N who="2" m="30752" /><V55/><F2/><T90/><N who="0" m="31264" /><T114/><D118/><U79/><N who="1" m="31008" /><U81/><N who="1" m="31520" /><U33/><E117/><V82/><F124/><T88/><D126/><U106/><E106/><V97/><F128/><T49/><D132/><U69/><E75/><V113/><F113/><T119/><D119/><U80/><E69/><V100/><F109/><N who="1" m="42089" /><E67/><V54/><F64/><T89/><D114/><U87/><E44/><V45/><F72/><T95/><D39/><N who="1" m="14859" /><E85/><V92/><REACH who="2" step="1"/><F56/><REACH who="2" ten="406,223,411,0" step="2"/><T42/><D66/><U131/><E131/><V129/><F129/><T59/><D59/><U50/><E50/><V47/><F47/><T77/><D58/><U35/><E35/><V57/><F57/><T62/><D65/><U70/><E70/><V111/><F111/><T60/><D71/><U130/><E130/><V133/><F133/><T127/><D49/><U46/><E46/><V32/><F32/><T135/><D135/><U134/><E134/><V48/><F48/><T76/><D127/><U41/><E41/><AGARI ba="0,1" hai="41,45,51,54,55,78,82,84,92,97,98,100,103,105" m="30752" machi="41" ten="30,12000,1" yaku="1,1,7,1,52,1,53,2" doraHai="0" doraHaiUra="99" who="2" fromWho="1" sc="406,0,223,-120,411,130,0,0" /><INIT seed="2,1,0,4,4,80" ten="406,103,541,0" oya="2" hai0="51,119,134,40,128,59,97,98,63,105,116,77,57" hai1="2,35,74,82,56,108,72,44,88,78,39,135,86" hai2="87,33,62,117,84,32,70,50,132,102,69,93,42" hai3=""/><V112/><F117/><T65/><D134/><U133/><E2/><V0/><F112/><T34/><D34/><U90/><E35/><V106/><F0/><T111/><D111/><U36/><E108/><V1/><F1/><T68/><D128/><U118/><E118/><V83/><F132/><N who="1" m="50761" /><E56/><V122/><N who="2" m="31264" /><V124/><F106/><T52/><D77/><U85/><E44/><V47/><F124/><T120/><N who="0" m="30752" /><T67/><D98/><U79/><E39/><V104/><F104/><T91/><D40/><U53/><E53/><V76/><F69/><T115/><D115/><U123/><N who="1" m="31520" /><U81/><E36/><V61/><F62/><T100/><D91/><AGARI ba="1,0" hai="72,74,78,79,81,82,85,86,88,90,91" m="31520,50761" machi="91" ten="30,12000,2" yaku="20,1,34,2,52,3,54,1" doraHai="80" who="1" fromWho="0" sc="406,-122,103,122,541,0,0,0" /><INIT seed="4,0,0,4,2,94" ten="284,225,541,0" oya="0" hai0="58,41,96,59,92,123,124,46,1,50,117,131,91" hai1="83,87,98,118,129,134,57,48,74,122,114,107,86" hai2="40,89,72,108,70,119,109,42,65,54,44,121,106" hai3=""/><T88/><N who="0" m="31520" /><T66/><D117/><U64/><N who="1" m="31264" /><U33/><E33/><V2/><N who="2" m="31008" /><V105/><F2/><T35/><D35/><U37/><E37/><V76/><F119/><T104/><D1/><U127/><E118/><V95/><F54/><T63/><D124/><U102/><E127/><V56/><F70/><T101/><D131/><U45/><E134/><V67/><F40/><T32/><D32/><U93/><E129/><V47/><F47/><T49/><D104/><U3/><E3/><V80/><F105/><T135/><D135/><U75/><E114/><V0/><F106/><T78/><D78/><U36/><E36/><V115/><F115/><T82/><D82/><U125/><E125/><V62/><F65/><T73/><D73/><U68/><E68/><V112/><F112/><T51/><REACH who="0" step="1"/><D59/><REACH who="0" ten="274,225,541,0" step="2"/><U103/><E75/><V69/><F0/><T120/><N who="0" m="30752" /><T110/><D110/><U79/><E74/><V38/><F69/><T34/><D34/><U52/><E107/><V116/><F116/><T99/><D99/><AGARI ba="0,1" hai="38,42,44,56,62,67,72,76,80,89,95,99,108,109" m="31008" machi="99" ten="30,3900,0" yaku="7,1,52,2" doraHai="94" who="2" fromWho="0" sc="274,-39,225,0,541,49,0,0" /><INIT seed="5,0,0,3,0,51" ten="235,225,590,0" oya="1" hai0="101,127,134,119,70,109,110,120,82,102,99,81,54" hai1="69,100,53,77,98,93,38,130,42,39,58,49,32" hai2="96,44,89,124,80,107,132,68,121,2,59,104,92" hai3=""/><U63/><E32/><V0/><N who="2" m="31008" /><V72/><F68/><T56/><N who="0" m="30752" /><T97/><D127/><U106/><E130/><V95/><F124/><T34/><D34/><U118/><E118/><V123/><N who="2" m="31520" /><V88/><F132/><T115/><D134/><U41/><E77/><V114/><F114/><T128/><D128/><U33/><E33/><V35/><F35/><T55/><D70/><U125/><E125/><V1/><F59/><T37/><D37/><U84/><E69/><V116/><F116/><T36/><D36/><U3/><E3/><V64/><F64/><T87/><D119/><U45/><REACH who="1" step="1"/><E42/><REACH who="1" ten="235,215,590,0" step="2"/><V48/><F0/><T91/><D115/><U73/><E73/><V46/><F72/><T62/><D110/><U79/><E79/><V103/><F1/><T50/><D109/><U122/><N who="1" m="31264" /><U108/><E108/><V65/><F2/><T85/><D101/><U76/><E76/><V60/><F103/><T117/><D102/><U83/><E83/><V105/><F80/><T61/><D117/><U47/><E47/><V86/><F44/><T111/><D111/><U75/><E75/><V131/><F131/><T94/><D82/><U112/><E112/><V52/><F46/><T67/><D81/><RYUUKYOKU ba="0,1" sc="235,-10,215,20,590,-10,0,0" hai1="38,39,41,45,49,53,58,63,84,93,98,100,106" /><INIT seed="5,1,1,0,0,103" ten="225,235,580,0" oya="1" hai0="86,75,3,48,130,77,104,1,38,80,83,132,82" hai1="78,116,111,2,115,127,126,64,34,117,59,133,41" hai2="135,63,71,56,105,112,94,62,54,113,70,69,58" hai3=""/><U50/><E2/><V37/><F105/><T101/><D38/><U114/><E34/><V40/><F94/><T53/><D132/><U65/><E133/><V119/><F135/><T92/><D130/><U32/><E78/><V72/><F72/><T36/><D36/><U35/><E111/><V45/><F119/><T131/><D131/><U95/><E95/><V88/><F88/><T47/><D92/><U123/><N who="1" m="31520" /><U39/><E32/><V121/><N who="2" m="31008" /><V84/><F84/><T0/><REACH who="0" step="1"/><D86/><REACH who="0" ten="215,235,580,0" step="2"/><U81/><E35/><V87/><F87/><T60/><D60/><U66/><E39/><V109/><F109/><T42/><D42/><U49/><E41/><V108/><F108/><T128/><D128/><U120/><N who="1" m="30752" /><U99/><E117/><V129/><F129/><T33/><D33/><U51/><E116/><V96/><F96/><AGARI ba="1,2" hai="0,1,3,47,48,53,75,77,80,82,83,96,101,104" machi="96" ten="40,5200,0" yaku="1,1,52,1,53,1" doraHai="103" doraHaiUra="106" who="0" fromWho="2" sc="215,74,235,0,580,-54,0,0" /><INIT seed="6,0,0,0,3,115" ten="289,235,526,0" oya="2" hai0="133,76,129,74,75,82,41,64,120,99,80,1,32" hai1="105,101,45,58,92,98,84,60,67,66,68,85,47" hai2="130,43,122,112,46,113,116,39,126,109,117,132,33" hai3=""/><V106/><F33/><T71/><N who="0" m="30752" /><T95/><D1/><U73/><E73/><V72/><F106/><T53/><D133/><U42/><E45/><V65/><F132/><T57/><D129/><U56/><E105/><V36/><F130/><T124/><D124/><U52/><E68/><V38/><F72/><T35/><D41/><U128/><E128/><V79/><F79/><T86/><D64/><U3/><E3/><V70/><F109/><T61/><D71/><U83/><E58/><V131/><N who="2" m="31264" /><V88/><F88/><T62/><D75/><U134/><E134/><V110/><F110/><T77/><D62/><U127/><E127/><V0/><F36/><T123/><N who="0" m="31520" /><T40/><D40/><U59/><E59/><V50/><F38/><T81/><D82/><U90/><REACH who="1" step="1"/><E85/><REACH who="1" ten="289,225,526,0" step="2"/><V63/><F0/><T49/><D74/><U93/><E93/><V118/><F126/><T102/><D86/><U111/><E111/><V87/><F87/><T121/><D95/><U51/><AGARI ba="0,1" hai="42,47,51,52,56,60,66,67,83,84,90,92,98,101" machi="51" ten="20,9000,2" yaku="1,1,0,1,7,1,8,1,54,1,53,1" doraHai="115" doraHaiUra="55" who="1" fromWho="1" sc="289,-30,225,100,526,-60,0,0" owari="259,-34.0,325,-7.0,466,41.0,0,0.0" /></mjloggm>