<mjloggm ver="2.3"><GO type="169" lobby="0"/><UN n0="%E9%B4%A8%E8%91%B1%E5%A4%AA%E9%83%8E" n1="%73%61%6E%64%69%72%69%73" n2="%E9%81%8A%E8%B5%B0" n3="%79%6F%75%61%6C%70%68%61" dan="17,17,17,17" rate="2178.12,2217.35,2202.11,2148.07" sx="M,M,M,M"/><TAIKYOKU oya="0"/><INIT seed="0,0,0,4,1,66" ten="250,250,250,250" oya="0" hai0="2,60,108,123,106,19,124,56,119,29,103,30,62" hai1="42,53,82,23,127,44,41,4,71,130,100,61,11" hai2="39,64,125,78,126,9,131,34,7,37,120,74,84" hai3="49,118,109,25,81,69,0,93,6,73,129,14,92"/><T116/><D2/><U75/><E130/><V46/><F120/><W58/><G118/><T101/><D123/><U21/><E127/><N who="2" m="48651" /><F131/><W70/><G0/><T52/><D106/><U67/><E100/><V128/><F128/><W27/><G49/><T105/><D105/><U43/><E75/><V97/><F34/><W121/><G129/><T40/><D40/><U91/><E53/><V98/><F64/><W26/><G58/><T87/><D124/><U111/><E111/><V13/><F74/><W24/><G24/><T45/><D45/><U35/><E35/><V65/><F65/><W85/><G121/><T76/><D19/><U83/><E44/><V104/><F46/><W132/><G73/><T113/><D113/><U114/><E114/><V80/><F104/><W99/><G109/><T48/><D108/><U50/><E50/><V88/><F78/><W17/><G6/><T94/><D116/><U110/><E110/><V95/><F80/><W68/><G99/><AGARI ba="0,0" hai="7,9,13,37,39,84,88,95,97,98,99" m="48651" machi="99" ten="30,2000,0" yaku="18,1,54,1" doraHai="66" who="2" fromWho="3" sc="250,0,250,0,250,20,250,-20" /><INIT seed="1,0,0,5,0,50" ten="250,250,270,230" oya="1" hai0="41,115,55,52,46,45,26,108,59,127,43,75,20" hai1="79,64,38,33,129,114,56,57,101,88,107,128,13" hai2="47,7,29,10,82,71,66,84,135,11,36,116,85" hai3="121,25,63,16,65,60,6,124,86,93,54,89,32"/><U125/><E114/><V95/><F116/><W5/><G121/><T81/><D115/><U72/><E38/><V111/><F135/><W35/><G124/><T42/><D127/><U122/><E33/><V99/><F111/><W9/><G35/><T119/><D108/><U78/><E125/><V133/><F133/><W19/><G32/><T37/><D119/><U109/><E109/><V94/><F29/><W102/><G102/><T117/><D117/><U2/><E2/><V17/><F17/><N who="3" m="6731" /><G65/><T1/><D1/><U134/><E13/><V8/><F7/><N who="3" m="2571" /><G25/><T74/><D59/><U3/><E3/><V31/><F31/><W69/><G69/><T70/><D70/><U30/><E30/><V106/><F106/><W44/><G9/><T90/><D20/><U27/><E27/><V68/><F66/><W130/><G130/><N who="1" m="50282" /><E122/><V131/><F131/><W120/><G120/><T51/><D26/><U91/><E134/><V92/><F99/><W104/><G104/><T18/><D18/><U12/><E12/><V49/><F36/><W87/><G87/><T118/><D118/><U97/><E64/><V103/><F85/><W21/><G21/><T23/><D23/><U53/><E72/><V62/><F103/><W14/><G14/><T100/><D100/><U113/><E113/><V77/><REACH who="2" step="1"/><F62/><REACH who="2" ten="250,250,260,230" step="2"/><W67/><G67/><T22/><D37/><U61/><E107/><V83/><F83/><W110/><G110/><T48/><D22/><U24/><E101/><V123/><F123/><W80/><G80/><T4/><D4/><U39/><E39/><V0/><F0/><RYUUKYOKU ba="0,1" sc="250,10,250,-30,260,10,230,10" hai0="41,42,43,45,46,48,51,52,55,74,75,81,90" hai2="8,10,11,47,49,68,71,77,82,84,92,94,95" hai3="44,54,60,63,86,89,93" /><INIT seed="2,1,1,4,1,42" ten="260,220,270,240" oya="2" hai0="128,120,13,15,40,105,38,35,116,55,108,17,124" hai1="127,92,18,126,88,125,6,111,30,67,123,66,19" hai2="2,90,99,78,33,107,73,81,37,41,80,98,134" hai3="112,22,83,82,25,54,91,79,95,3,63,31,43"/><V5/><F33/><W53/><G3/><T14/><D105/><U106/><E106/><V9/><F134/><W1/><G1/><T97/><D120/><U24/><E111/><V0/><F0/><W28/><G112/><T103/><D116/><U27/><E6/><V131/><F131/><W52/><G43/><T96/><D35/><U21/><E123/><V20/><F20/><W110/><G110/><T70/><D70/><U93/><E93/><V94/><F81/><W58/><G31/><T57/><D128/><U104/><E104/><V34/><F34/><W4/><G4/><T135/><D135/><U77/><E77/><V118/><F118/><W47/><G47/><T39/><D124/><U113/><E113/><V68/><F68/><W50/><G50/><T69/><D69/><U10/><E10/><V49/><F49/><W72/><REACH who="3" step="1"/><G82/><REACH who="3" ten="260,220,270,230" step="2"/><T89/><D108/><U115/><E115/><V74/><F41/><W16/><G16/><N who="1" m="6186" /><E27/><V133/><F133/><W122/><G122/><T48/><D39/><U100/><E100/><V102/><REACH who="2" step="1"/><F37/><REACH who="2" ten="260,220,260,230" step="2"/><W32/><G32/><T11/><D38/><U29/><E29/><V61/><F61/><W56/><G56/><T75/><D57/><U60/><E60/><V85/><AGARI ba="1,3" hai="2,5,9,73,74,78,80,85,90,94,98,99,102,107" machi="85" ten="20,3900,0" yaku="1,1,0,1,7,1,53,0" doraHai="42" doraHaiUra="119" who="2" fromWho="2" sc="260,-14,220,-14,260,72,230,-14" /><INIT seed="2,2,0,2,3,5" ten="246,206,332,216" oya="2" hai0="67,130,17,135,131,77,48,22,108,65,72,31,70" hai1="103,73,112,114,53,68,1,99,21,46,43,82,128" hai2="93,14,45,51,57,119,110,117,36,23,6,76,56" hai3="55,47,100,89,4,18,40,86,16,0,84,61,64"/><V34/><F34/><W27/><G100/><T60/><D67/><U42/><E128/><V12/><F36/><W95/><G55/><T24/><D135/><U74/><E68/><V134/><F134/><W25/><G86/><T122/><D122/><U87/><E1/><V9/><F110/><W124/><G124/><T132/><D132/><U28/><E74/><V113/><F113/><W97/><G84/><T37/><D37/><U33/><E73/><V19/><F76/><W127/><G127/><T66/><D66/><U83/><E83/><V102/><F119/><W13/><G0/><T120/><D120/><U69/><E69/><V32/><F32/><W58/><G4/><T126/><D108/><U125/><E33/><V121/><F121/><W3/><G3/><T118/><D118/><U71/><E71/><V79/><F79/><W20/><REACH who="3" step="1"/><G18/><REACH who="3" ten="246,206,332,206" step="2"/><T105/><D126/><U129/><E125/><V7/><F117/><W92/><G92/><T50/><D105/><U2/><E2/><V15/><F102/><W115/><G115/><T75/><D75/><U106/><E114/><V94/><F93/><W39/><AGARI ba="2,1" hai="13,16,20,25,27,39,40,47,58,61,64,89,95,97" machi="39" ten="20,5200,0" yaku="1,1,0,1,7,1,54,1,53,0" doraHai="5" doraHaiUra="81" who="3" fromWho="3" sc="246,-15,206,-15,332,-28,206,68" /><INIT seed="3,0,0,2,3,90" ten="231,191,304,274" oya="3" hai0="16,46,54,60,114,135,21,40,12,43,82,122,101" hai1="71,11,9,2,8,47,133,10,17,20,97,7,73" hai2="123,100,91,3,50,33,69,131,117,70,28,85,34" hai3="80,129,56,77,126,72,19,95,49,132,41,68,63"/><W25/><G68/><T115/><D122/><U86/><E73/><V106/><F117/><W18/><G129/><T4/><D135/><U96/><E71/><V99/><F131/><W116/><G116/><T104/><D4/><U14/><E133/><V120/><F3/><W6/><G132/><T105/><D82/><U102/><E102/><V130/><F50/><W76/><G126/><T61/><D43/><U0/><E0/><V42/><F42/><W88/><G76/><T78/><D78/><U58/><E47/><V74/><F74/><W93/><G6/><T127/><D127/><U53/><REACH who="1" step="1"/><E86/><REACH who="1" ten="231,181,304,274" step="2"/><V109/><F130/><W55/><G72/><T29/><D101/><U119/><E119/><V62/><F69/><W45/><G25/><T27/><D114/><U1/><E1/><V75/><F75/><W124/><G124/><T15/><D115/><U83/><E83/><V118/><F118/><W57/><G57/><T39/><D105/><U98/><E98/><V108/><F123/><W92/><G77/><T32/><D104/><U64/><E64/><N who="2" m="41239" /><F120/><W113/><G113/><T38/><D38/><U22/><E22/><V5/><F99/><W26/><G26/><T59/><D15/><U107/><E107/><V111/><F100/><W23/><G23/><T84/><D84/><AGARI ba="0,1" hai="18,19,41,45,49,55,56,63,80,84,88,92,93,95" machi="84" ten="40,12000,1" yaku="8,1,52,3,54,1" doraHai="90" who="3" fromWho="0" sc="231,-120,181,0,304,0,274,130" /><INIT seed="3,1,0,0,4,34" ten="111,181,304,404" oya="3" hai0="17,56,3,25,58,4,95,47,16,38,90,104,20" hai1="26,36,22,134,88,42,122,101,10,89,81,52,31" hai2="30,40,62,28,103,121,96,8,63,33,102,82,64" hai3="75,12,66,65,5,130,77,116,45,125,97,128,15"/><W29/><G116/><T61/><D104/><U92/><E122/><V99/><F121/><W112/><G112/><T2/><D4/><U106/><E134/><V124/><F40/><W113/><G113/><T70/><D70/><U19/><E106/><V85/><F8/><W79/><G29/><N who="2" m="11369" /><F33/><W110/><G45/><T57/><D17/><U44/><E81/><V72/><F72/><W13/><G75/><T39/><D61/><N who="2" m="23050" /><F124/><W35/><G35/><T83/><D83/><U118/><E118/><V123/><F123/><W46/><G46/><T68/><D68/><U54/><E101/><N who="2" m="38411" /><F64/><N who="3" m="24683" /><G125/><T7/><D7/><U0/><E89/><AGARI ba="1,0" hai="82,85,89,96,99" m="38411,23050,11369" machi="89" ten="30,1000,0" yaku="8,1" doraHai="34" who="2" fromWho="1" sc="111,0,181,-13,304,13,404,0" /><INIT seed="4,0,0,0,5,79" ten="111,168,317,404" oya="0" hai0="114,62,1,82,68,28,73,70,16,18,29,9,110" hai1="31,97,87,26,69,100,115,40,103,2,98,8,33" hai2="125,12,13,4,43,45,65,108,48,128,24,72,39" hai3="50,34,119,51,38,117,25,122,14,63,6,41,85"/><T95/><D110/><U81/><E69/><V30/><F108/><W84/><G38/><T52/><D114/><U112/><E40/><V132/><F128/><W7/><G63/><T75/><D1/><U80/><E2/><V0/><F132/><W15/><G41/><T121/><D95/><U56/><E8/><V49/><F125/><W76/><G25/><T57/><D121/><U133/><E133/><V5/><F65/><W134/><G134/><T129/><D129/><U105/><E56/><V27/><F72/><W22/><G22/><T67/><D70/><U118/><E118/><V23/><F0/><W86/><G76/><T36/><D36/><U21/><E33/><V71/><F71/><W46/><G46/><T83/><D73/><U3/><E3/><V58/><F24/><W55/><G55/><T131/><D75/><U60/><E60/><V111/><F111/><W77/><G77/><T44/><D131/><U74/><E74/><V123/><F123/><W37/><G37/><T127/><D127/><U96/><E96/><V109/><F109/><W35/><G85/><T104/><D104/><N who="1" m="63503" /><E87/><V20/><F39/><W32/><G32/><T106/><D106/><U107/><E107/><V126/><F126/><W10/><G122/><T120/><D120/><U17/><E31/><N who="0" m="11849" /><D68/><U42/><E42/><V92/><F92/><W53/><G53/><T66/><D9/><AGARI ba="0,0" hai="6,7,9,10,14,15,34,35,50,51,84,86,117,119" machi="9" ten="25,1600,0" yaku="22,2" doraHai="79" who="3" fromWho="0" sc="111,-16,168,0,317,0,404,16" /><INIT seed="5,0,0,0,0,126" ten="95,168,317,420" oya="1" hai0="103,129,65,130,39,25,92,2,29,53,45,0,134" hai1="116,3,100,133,108,77,127,68,96,90,80,73,71" hai2="109,44,30,110,17,70,120,98,40,33,49,93,11" hai3="63,99,48,8,125,76,101,119,51,122,27,47,54"/><U123/><E3/><V56/><F120/><W79/><G122/><T72/><D72/><U61/><E123/><V118/><F70/><W107/><G125/><T38/><D65/><U16/><E127/><V20/><F118/><W78/><G119/><T12/><D12/><U58/><E116/><V88/><F11/><W46/><G63/><T9/><D134/><U22/><E133/><V112/><F112/><W114/><G114/><T10/><D53/><U74/><E74/><V57/><F33/><W26/><REACH who="3" step="1"/><G8/><REACH who="3" ten="95,168,317,410" step="2"/><T15/><D10/><U97/><E61/><V1/><F110/><W5/><G5/><T124/><D124/><U66/><E108/><V115/><F109/><W19/><G19/><T104/><D2/><U13/><E16/><V41/><F115/><W4/><G4/><T21/><D0/><U28/><E28/><V32/><F1/><W37/><G37/><T23/><D23/><U132/><E22/><V60/><F60/><W105/><G105/><T43/><D104/><U36/><E36/><V64/><F64/><W81/><G81/><T50/><D38/><U102/><E80/><V62/><F62/><W95/><G95/><T67/><D67/><U42/><E66/><V128/><F30/><W135/><G135/><T111/><D39/><U24/><E132/><V6/><F6/><W18/><G18/><N who="0" m="8559" /><D111/><U34/><E71/><V84/><F17/><W7/><G7/><T14/><D14/><U69/><E13/><V75/><F20/><W113/><G113/><T52/><D43/><AGARI ba="0,1" hai="26,27,43,46,47,48,51,54,76,78,79,99,101,107" machi="43" ten="40,1300,0" yaku="1,1,53,0" doraHai="126" doraHaiUra="86" who="3" fromWho="0" sc="95,-13,168,0,317,0,410,23" /><INIT seed="6,0,0,1,5,35" ten="82,168,317,433" oya="2" hai0="3,49,38,125,110,126,45,129,68,24,12,62,9" hai1="21,132,108,123,40,27,19,116,4,11,122,134,84" hai2="107,127,59,128,23,135,82,16,0,101,105,7,96" hai3="98,17,114,85,54,131,104,70,66,112,48,56,87"/><V22/><F128/><W30/><G131/><T25/><D38/><U113/><E40/><V117/><F117/><W72/><G72/><T77/><D129/><U14/><E84/><V95/><F135/><N who="1" m="51753" /><E108/><V103/><F127/><W60/><G30/><T80/><D110/><U76/><E76/><V102/><F23/><W91/><G91/><T67/><D126/><U69/><E69/><V73/><F59/><W100/><G17/><T31/><D31/><N who="1" m="17903" /><E116/><V33/><F33/><W15/><G15/><T13/><D125/><U42/><E42/><V119/><F119/><W2/><G2/><T109/><D109/><U32/><E32/><V97/><F103/><W133/><G133/><T118/><D13/><N who="1" m="5351" /><E113/><AGARI ba="0,0" hai="48,54,56,60,66,70,85,87,98,100,104,112,113,114" machi="113" ten="40,2600,0" yaku="15,1,11,1" doraHai="35" who="3" fromWho="1" sc="82,0,168,-26,317,0,433,26" /><INIT seed="7,0,0,2,1,105" ten="82,142,317,459" oya="3" hai0="23,36,80,31,109,47,62,106,123,125,113,21,63" hai1="110,72,17,90,12,85,67,55,134,13,119,6,11" hai2="2,20,97,124,88,82,129,10,32,56,114,83,50" hai3="52,18,5,102,1,121,4,40,130,100,19,108,7"/><W101/><G121/><T46/><D106/><U122/><E110/><V27/><F32/><W98/><G98/><T22/><D109/><U132/><E72/><V78/><F114/><W92/><G92/><T116/><D123/><U69/><E119/><V89/><F129/><W42/><G1/><T76/><D116/><U48/><E122/><V128/><F124/><W51/><G108/><T118/><D125/><U81/><E67/><V79/><F128/><W58/><G130/><T28/><D118/><U103/><E103/><V33/><F33/><W49/><G49/><T60/><D36/><U16/><E69/><V94/><F2/><W26/><G26/><T104/><D104/><U84/><E84/><V74/><F10/><W39/><G39/><T30/><D113/><U70/><E70/><V37/><F37/><W45/><G45/><T34/><D34/><U93/><E93/><V25/><F89/><W131/><G131/><T14/><D14/><U111/><E111/><V59/><F50/><W38/><G38/><T95/><D95/><U65/><E65/><V127/><F127/><W57/><G57/><T35/><D35/><U77/><E77/><V117/><F117/><W75/><G101/><T99/><D99/><U96/><E96/><V126/><F126/><W9/><G102/><T68/><D68/><U54/><E13/><V41/><F41/><W120/><G100/><T133/><D133/><U0/><E134/><V53/><F53/><N who="1" m="19977" /><E0/><V61/><F61/><W73/><G42/><T8/><D8/><U86/><E132/><V43/><F43/><W66/><G40/><RYUUKYOKU ba="0,0" sc="82,30,142,-10,317,-10,459,-10" hai0="21,22,23,28,30,31,46,47,60,62,63,76,80" owari="112,-39.0,132,-27.0,307,11.0,449,55.0" /></mjloggm>