<mjloggm ver="2.3"><GO type="185" lobby="0"/><UN n0="%68%6F%70%70%6F%31%32%33" n1="%E3%81%BE%E3%82%8D%E3%81%AB%E3%81%84" n2="%63%61%6C%63%2E" n3="" dan="16,16,19,0" rate="2082.65,2068.05,2400.12,1500.00" sx="M,M,M,C"/><TAIKYOKU oya="0"/><INIT seed="0,0,0,0,5,57" ten="350,350,350,0" oya="0" hai0="54,135,52,41,111,119,59,49,84,43,115,42,66" hai1="123,78,107,69,53,106,95,128,72,94,92,116,79" hai2="101,55,114,108,38,99,129,63,91,60,45,61,76" hai3=""/><T122/><N who="0" m="31264" /><T64/><D115/><U40/><N who="1" m="31520" /><U130/><E69/><V125/><F114/><T62/><D119/><U93/><E40/><V118/><F108/><T132/><D84/><U83/><E53/><V58/><F129/><N who="1" m="49769" /><E116/><V44/><F118/><T117/><D117/><U51/><E51/><V74/><F91/><T81/><D81/><U39/><E39/><V37/><F125/><T47/><D111/><U87/><N who="1" m="23552" /><DORA hai="2" /><U103/><E103/><V85/><F37/><T90/><REACH who="0" step="1"/><D90/><REACH who="0" ten="340,350,350,0" step="2"/><U120/><N who="1" m="30752" /><U1/><E1/><V105/><F38/><T109/><D109/><U73/><E79/><V50/><F76/><T96/><D96/><U113/><E113/><V46/><F99/><T67/><AGARI ba="0,1" hai="41,42,43,47,49,52,54,59,62,64,66,67,132,135" m="31264" machi="67" ten="40,16000,3" yaku="1,1,0,1,34,3,52,2,54,1,53,0" doraHai="57,2" doraHaiUra="82,86" who="0" fromWho="0" sc="340,170,350,-80,350,-80,0,0" /><INIT seed="0,1,0,3,2,51" ten="510,270,270,0" oya="0" hai0="104,34,121,38,42,73,47,111,115,33,127,78,44" hai1="97,82,135,117,69,67,131,74,52,48,53,92,110" hai2="133,90,65,105,56,129,80,35,39,60,75,119,132" hai3=""/><T63/><N who="0" m="31008" /><T36/><D115/><U94/><E117/><V96/><F35/><T0/><D127/><U43/><E135/><N who="2" m="51787" /><F39/><T55/><D104/><U81/><E131/><V106/><F129/><T76/><D0/><U118/><E118/><V2/><F119/><T45/><D111/><U66/><E110/><V99/><F2/><T61/><D73/><U134/><E134/><V103/><F90/><T85/><D85/><U1/><E1/><V126/><F126/><T40/><REACH who="0" step="1"/><D45/><REACH who="0" ten="500,270,270,0" step="2"/><U64/><E74/><V124/><F124/><T125/><D125/><U122/><N who="1" m="31264" /><U113/><E113/><V79/><F99/><T71/><D71/><U101/><E69/><V83/><F105/><T114/><D114/><U70/><E70/><V68/><F68/><T59/><D59/><U88/><E82/><AGARI ba="1,1" hai="56,60,65,75,79,80,82,83,96,103,106" m="51787" machi="82" ten="30,1000,0" yaku="20,1" doraHai="51" who="2" fromWho="1" sc="500,0,270,-12,270,22,0,0" /><INIT seed="1,0,0,0,4,83" ten="500,258,292,0" oya="1" hai0="89,75,59,37,91,70,46,55,56,3,41,69,81" hai1="64,63,67,74,115,123,33,84,99,40,71,114,93" hai2="62,102,118,36,42,131,61,117,108,96,113,129,103" hai3=""/><U90/><N who="1" m="31520" /><U54/><E33/><V50/><F108/><T47/><D3/><U35/><E35/><V112/><F96/><T134/><D134/><U88/><E74/><V124/><F50/><T97/><D59/><U43/><E67/><V44/><F124/><T68/><D47/><U133/><E133/><V66/><F103/><T132/><D132/><U80/><REACH who="1" step="1"/><E54/><REACH who="1" ten="500,248,292,0" step="2"/><V76/><F66/><T60/><D68/><U32/><E32/><V122/><F122/><T78/><D69/><U82/><E82/><V106/><F117/><T121/><N who="0" m="31008" /><T120/><N who="0" m="30752" /><T111/><D70/><U87/><E87/><V98/><F118/><T39/><D111/><U125/><E125/><V49/><F113/><AGARI ba="0,1" hai="40,43,63,64,71,80,84,88,90,93,99,113,114,115" m="31520" machi="113" ten="40,12000,1" yaku="1,1,52,2,54,1,53,0" doraHai="83" doraHaiUra="45" who="1" fromWho="2" sc="500,0,248,130,292,-120,0,0" /><INIT seed="1,1,0,0,2,116" ten="500,378,172,0" oya="1" hai0="46,65,120,133,66,128,93,127,50,135,69,114,107" hai1="109,49,112,88,132,2,115,72,62,37,91,73,32" hai2="68,111,134,52,117,74,131,94,57,64,61,104,60" hai3=""/><U89/><E2/><V85/><F117/><T70/><N who="0" m="30752" /><T55/><D114/><U78/><E32/><V79/><F111/><T44/><D107/><U110/><E37/><V87/><F104/><T95/><D127/><U126/><E126/><V76/><F131/><T58/><D128/><U35/><E35/><V1/><F1/><T42/><D93/><U96/><E62/><V40/><F134/><N who="0" m="51210" /><D95/><U121/><N who="1" m="31008" /><U43/><E132/><V125/><F125/><T81/><D81/><U86/><E49/><V98/><F40/><T39/><D44/><U0/><E43/><V101/><REACH who="2" step="1"/><F74/><REACH who="2" ten="500,378,162,0" step="2"/><N who="1" m="28777" /><E0/><V118/><F118/><T45/><D45/><U71/><E71/><AGARI ba="1,1" hai="39,42,46,50,55,58,65,66,69,70,71" m="51210,30752" machi="71" ten="30,8000,1" yaku="20,1,34,2,52,2" doraHai="116" who="0" fromWho="1" sc="500,92,378,-82,162,0,0,0" /><INIT seed="2,0,0,2,2,85" ten="592,296,162,0" oya="2" hai0="2,124,70,113,121,111,54,135,127,90,105,72,100" hai1="118,125,104,134,91,96,75,40,58,120,3,36,89" hai2="115,114,84,62,87,51,34,108,122,123,97,81,55" hai3=""/><V102/><N who="2" m="31264" /><V52/><N who="2" m="31520" /><V63/><F34/><T117/><D90/><U106/><N who="1" m="30752" /><U131/><E3/><V103/><F108/><T83/><D100/><U99/><E118/><V1/><F1/><T76/><D54/><U56/><E134/><V53/><F51/><T44/><D44/><U86/><E75/><V73/><F73/><T60/><D60/><U46/><E131/><V67/><F87/><T64/><D64/><U82/><E125/><V128/><F128/><T65/><D65/><U68/><E68/><V35/><F35/><T32/><D83/><U92/><REACH who="1" step="1"/><E99/><REACH who="1" ten="592,286,162,0" step="2"/><V41/><F41/><T88/><N who="0" m="31008" /><T0/><D117/><U69/><E69/><V101/><F97/><T43/><D32/><U95/><E95/><V107/><F107/><AGARI ba="0,1" hai="36,40,46,56,58,82,86,89,91,92,96,104,106,107" m="30752" machi="107" ten="40,8000,1" yaku="1,1,52,3,53,0" doraHai="85" doraHaiUra="50" who="1" fromWho="2" sc="592,0,286,90,162,-80,0,0" /><INIT seed="4,0,0,2,3,95" ten="592,376,82,0" oya="0" hai0="82,76,99,94,71,96,135,77,89,81,106,40,123" hai1="35,52,1,125,133,116,130,104,112,100,109,38,50" hai2="60,67,78,124,33,121,3,66,105,86,126,41,61" hai3=""/><T56/><N who="0" m="31520" /><T72/><D71/><U117/><E52/><V92/><N who="2" m="31008" /><V46/><F105/><T49/><D135/><U98/><E50/><V36/><F33/><T97/><D106/><U42/><E42/><V101/><F3/><T115/><D115/><U68/><E98/><V114/><F114/><T37/><D37/><U69/><E100/><V64/><F78/><T55/><D40/><U85/><E85/><AGARI ba="0,0" hai="49,55,56,72,76,77,81,82,85,89,94,96,97,99" m="31520" machi="85" ten="30,12000,1" yaku="7,1,52,4" doraHai="95" who="0" fromWho="1" sc="592,120,376,-120,82,0,0,0" /><INIT seed="4,1,0,0,1,95" ten="712,256,82,0" oya="0" hai0="61,127,48,47,114,98,128,96,50,94,62,45,85" hai1="40,63,91,53,37,105,87,46,49,122,134,118,74" hai2="70,77,130,82,69,38,129,52,135,89,88,71,81" hai3=""/><T100/><D127/><U68/><N who="1" m="31264" /><U79/><E105/><V106/><F38/><T133/><D114/><U109/><E118/><V73/><F135/><T55/><D133/><U44/><E134/><V90/><F106/><T58/><D128/><U59/><E109/><V113/><F113/><T35/><D35/><U33/><E33/><V2/><F2/><T121/><N who="0" m="31008" /><T56/><D85/><U39/><E74/><V41/><F41/><T57/><D96/><U83/><E39/><V107/><F107/><T97/><REACH who="0" step="1"/><D98/><REACH who="0" ten="702,256,82,0" step="2"/><U0/><E0/><V126/><F126/><T103/><D103/><U86/><E68/><V112/><F112/><T108/><D108/><U120/><N who="1" m="30752" /><U99/><E99/><V78/><F130/><T132/><D132/><U101/><E101/><V64/><F129/><T104/><D104/><U92/><E87/><V123/><N who="2" m="31520" /><V102/><F102/><T124/><D124/><U125/><E125/><V80/><F73/><T36/><D36/><U93/><REACH who="1" step="1"/><E79/><REACH who="1" ten="702,246,82,0" step="2"/><V116/><F77/><T54/><AGARI ba="1,2" hai="45,47,48,50,54,55,56,57,58,61,62,94,97,100" m="31008" machi="54" ten="30,12000,2" yaku="1,1,0,1,9,1,8,1,52,2,53,0" doraHai="95" doraHaiUra="115" who="0" fromWho="0" sc="702,142,246,-61,82,-61,0,0" /><INIT seed="4,2,0,4,2,132" ten="844,185,21,0" oya="0" hai0="32,63,114,72,96,49,59,43,97,123,135,38,86" hai1="92,53,88,121,71,61,56,119,65,67,68,128,2" hai2="95,33,37,46,44,76,48,94,40,41,134,98,82" hai3=""/><T70/><N who="0" m="31520" /><T51/><D32/><U74/><N who="1" m="31008" /><U87/><E2/><V81/><F33/><T79/><D72/><U3/><E3/><V47/><F134/><T35/><D135/><U107/><E119/><V115/><F115/><T39/><D35/><U110/><E110/><V84/><F47/><T60/><D114/><U111/><E111/><V34/><F34/><T89/><D70/><U36/><E36/><V125/><F125/><T101/><D79/><U64/><E107/><V0/><F0/><T106/><D96/><U116/><E116/><V126/><F126/><T120/><N who="0" m="30752" /><T103/><D103/><U73/><REACH who="1" step="1"/><E128/><REACH who="1" ten="844,175,21,0" step="2"/><V113/><F113/><T118/><D118/><U45/><E45/><V58/><F98/><T109/><D109/><U127/><E127/><V54/><REACH who="2" step="1"/><F82/><REACH who="2" ten="844,175,11,0" step="2"/><T112/><D112/><U100/><E100/><V99/><F99/><T83/><D97/><U85/><E85/><V52/><F52/><T130/><D101/><U131/><E131/><V55/><F55/><T93/><D130/><U108/><E108/><V105/><F105/><T124/><D106/><U1/><E1/><V117/><F117/><T50/><D124/><U104/><E104/><V91/><F91/><T102/><D83/><RYUUKYOKU ba="2,2" sc="844,-20,175,10,11,10,0,0" hai1="53,56,61,64,65,67,68,71,73,74,87,88,92" hai2="37,40,41,44,46,48,54,58,76,81,84,94,95" /><INIT seed="5,3,2,3,3,33" ten="824,185,21,0" oya="1" hai0="87,134,83,116,98,41,82,64,2,78,108,37,128" hai1="96,130,61,91,44,56,114,93,85,32,39,71,43" hai2="111,92,103,122,67,46,77,124,94,132,0,105,88" hai3=""/><U81/><E32/><V70/><N who="2" m="31264" /><V126/><F111/><T52/><D108/><U66/><E130/><V50/><F132/><T121/><N who="0" m="31008" /><T42/><D134/><U131/><E131/><V101/><F105/><T89/><D2/><U51/><E114/><V68/><F77/><T90/><D116/><U107/><E107/><V79/><F79/><T123/><N who="0" m="31520" /><T104/><D37/><U58/><REACH who="1" step="1"/><E39/><REACH who="1" ten="824,175,21,0" step="2"/><V40/><F0/><T113/><D113/><U49/><E49/><V1/><F1/><T34/><D128/><U102/><AGARI ba="3,3" hai="43,44,51,56,58,61,66,71,81,85,91,93,96,102" machi="102" ten="20,5200,0" yaku="1,1,0,1,7,1,53,1" doraHai="33" doraHaiUra="62" who="1" fromWho="1" sc="824,-29,175,88,21,-29,0,0" owari="795,75.0,263,-14.0,-8,-61.0,0,0.0" /></mjloggm>