<mjloggm ver="2.3"><GO type="225" lobby="0"/><UN n0="%E3%81%93%E3%81%84%E3%82%8F%E3%81%84%E3%82%88%E3%81%A4%E3%81%B0" n1="%E3%81%82%E3%82%89%E3%81%8C%E3%81%8D%E3%81%82%E3%82%84%E3%81%9B" n2="%E3%81%82%E3%81%9A%E3%81%8D%E3%81%82%E3%81%9A%E3%81%95" n3="%E8%88%B9%E8%A6%8B%E7%B5%90%E8%A1%A3%E3%81%A1%E3%82%83%E3%82%93" dan="18,16,16,16" rate="2234.01,2140.31,2107.71,2157.59" sx="M,F,M,F"/><TAIKYOKU oya="0"/><INIT seed="0,0,0,5,2,74" ten="250,250,250,250" oya="0" hai0="92,84,63,31,124,78,36,39,12,113,50,57,83" hai1="135,40,28,128,120,10,66,62,121,97,19,0,125" hai2="85,8,43,32,131,69,107,111,53,77,119,115,64" hai3="20,45,49,48,73,75,114,102,65,17,9,41,46"/><T122/><D113/><U94/><E135/><V72/><F115/><W54/><G114/><T118/><D118/><U104/><E128/><V67/><F67/><W109/><G109/><T88/><D122/><U25/><E125/><V103/><F85/><W29/><G65/><T90/><D124/><U13/><E40/><V80/><F53/><W60/><G60/><T68/><D68/><U129/><E0/><V98/><F111/><W18/><G102/><T133/><D133/><U58/><E104/><V91/><F91/><W27/><G9/><T130/><D130/><U105/><E105/><V37/><F131/><W24/><REACH who="3" step="1"/><G17/><REACH who="3" ten="250,250,250,240" step="2"/><T6/><D63/><U79/><E129/><V117/><F8/><W16/><G16/><T70/><D70/><U81/><E121/><V110/><F110/><W112/><G112/><T34/><D6/><U108/><E120/><V116/><F116/><W76/><G76/><T59/><D78/><U100/><E108/><V56/><F69/><W123/><G123/><T2/><D90/><U1/><E1/><V33/><F64/><W22/><AGARI ba="0,1" hai="18,20,22,24,27,29,41,45,46,48,49,54,73,75" machi="22" ten="20,2700,0" yaku="1,1,0,1,7,1,53,0" doraHai="74" doraHaiUra="93" who="3" fromWho="3" sc="250,-13,250,-7,250,-7,240,37" /><INIT seed="1,0,0,5,4,56" ten="237,243,243,277" oya="1" hai0="39,5,121,42,92,123,129,117,131,88,35,109,64" hai1="52,40,22,23,27,46,108,12,29,87,65,79,80" hai2="24,1,21,51,91,48,54,37,116,0,100,72,85" hai3="17,28,130,104,69,57,103,50,106,93,75,10,132"/><U41/><E108/><V84/><F116/><W2/><G69/><T26/><D117/><U98/><E65/><V90/><F72/><W11/><G75/><T96/><D109/><U3/><E3/><V124/><F37/><W78/><G78/><T9/><D42/><U82/><E82/><V32/><F32/><W102/><G28/><N who="0" m="19863" /><D39/><U81/><E81/><V4/><F100/><W62/><G50/><T119/><D119/><U67/><E67/><V59/><F48/><W49/><G49/><T63/><D9/><U120/><E120/><N who="0" m="46153" /><D5/><U15/><E98/><V70/><F4/><W126/><G126/><T110/><D110/><U66/><E66/><V8/><F8/><W97/><G132/><T111/><D111/><U34/><E34/><V122/><F124/><W14/><G130/><T31/><D31/><U86/><E86/><V77/><F85/><W47/><G2/><T99/><D96/><U76/><E76/><V105/><F77/><W73/><G73/><T118/><D118/><U94/><E41/><V53/><F122/><W101/><G10/><T20/><D20/><U19/><E40/><V61/><F21/><W133/><G133/><T55/><D55/><U25/><E94/><V112/><F1/><W71/><G106/><T114/><D114/><U60/><E46/><V38/><F105/><W83/><G104/><T89/><D89/><U127/><E127/><V125/><F125/><W18/><G93/><T74/><D74/><U68/><E68/><AGARI ba="0,0" hai="63,64,68,88,92,99,129,131" m="46153,19863" machi="68" ten="30,3900,0" yaku="13,1,52,1,54,1" doraHai="56" who="0" fromWho="1" sc="237,39,243,-39,243,0,277,0" /><INIT seed="2,0,0,2,2,58" ten="276,204,243,277" oya="2" hai0="93,123,88,70,39,79,61,2,126,30,3,7,78" hai1="52,83,43,41,92,29,4,46,26,117,118,97,122" hai2="101,64,72,112,102,19,24,133,119,129,10,116,36" hai3="85,50,31,12,56,35,128,37,125,69,131,38,109"/><V20/><F112/><W91/><G69/><T74/><D123/><U84/><E122/><V103/><F129/><N who="3" m="49739" /><G109/><T15/><D39/><U13/><E13/><V90/><F133/><W77/><G125/><T86/><D126/><U1/><E1/><V48/><F36/><W113/><G113/><T57/><D70/><U135/><E135/><V5/><F72/><W18/><G77/><T120/><D120/><U71/><E4/><V96/><F64/><W63/><G50/><T34/><D34/><U16/><E71/><V23/><F48/><W49/><G49/><T130/><D130/><U132/><E132/><V75/><F75/><W82/><G31/><T17/><D30/><U121/><E121/><V27/><F90/><W22/><G35/><T105/><D105/><U32/><E118/><V8/><F96/><W14/><G14/><T111/><D111/><U6/><E6/><V81/><F81/><W44/><G44/><T42/><D7/><U51/><E117/><V80/><F80/><W134/><G134/><T115/><D115/><U0/><E0/><V124/><F124/><W45/><G45/><T87/><D74/><U54/><E16/><N who="2" m="12295" /><F5/><W66/><AGARI ba="0,0" hai="12,18,22,37,38,56,63,66,82,85,91" m="49739" machi="66" ten="30,2000,0" yaku="19,1,52,1" doraHai="58" who="3" fromWho="3" sc="276,-5,204,-5,243,-10,277,20" /><INIT seed="3,0,0,3,2,72" ten="271,199,233,297" oya="3" hai0="37,24,110,119,129,71,54,3,52,4,134,50,94" hai1="13,107,21,53,40,25,128,87,122,130,17,46,91" hai2="39,92,68,75,79,47,42,9,112,118,83,10,34" hai3="90,44,82,89,67,116,131,117,74,98,16,93,59"/><W58/><G131/><T108/><D119/><U78/><E107/><V102/><F118/><W49/><G116/><T104/><D104/><U81/><E122/><V64/><F112/><W115/><G115/><T19/><D37/><U41/><E53/><V126/><F126/><W103/><G117/><T123/><D123/><U15/><E41/><V56/><F68/><W109/><G109/><T43/><D71/><U32/><E91/><N who="3" m="34826" /><G82/><T111/><D94/><U80/><E80/><V8/><F34/><W48/><G74/><T11/><D134/><U113/><E113/><V12/><F64/><W105/><G105/><T26/><D129/><N who="1" m="49771" /><E32/><V73/><F73/><W33/><G33/><T45/><D54/><U77/><E77/><V0/><F0/><W35/><G35/><T1/><D1/><U7/><E7/><V133/><F56/><N who="3" m="21547" /><G44/><T84/><D43/><U69/><E69/><V27/><F133/><W127/><G127/><T114/><D114/><U95/><E95/><V66/><F42/><W65/><G65/><T14/><REACH who="0" step="1"/><D84/><REACH who="0" ten="261,199,233,297" step="2"/><U97/><E97/><V18/><F92/><W30/><G67/><T5/><D5/><U85/><E85/><V96/><F66/><W38/><G38/><AGARI ba="0,1" hai="13,15,17,21,25,38,40,46,78,81,87" m="49771" machi="38" ten="30,2000,0" yaku="19,1,52,1" doraHai="72" who="1" fromWho="3" sc="261,0,199,30,233,0,297,-20" /><INIT seed="4,0,0,1,1,122" ten="261,229,233,277" oya="0" hai0="79,77,89,127,19,58,27,36,48,97,70,65,12" hai1="76,131,93,2,24,13,62,41,110,98,6,112,11" hai2="116,38,90,81,74,40,9,5,80,55,25,33,31" hai3="118,126,107,88,135,51,18,115,17,102,91,66,61"/><T73/><D36/><U32/><E131/><V39/><F116/><W15/><G118/><T45/><D70/><U101/><E112/><V121/><F121/><W22/><G115/><T129/><D127/><U84/><E110/><V3/><F55/><W114/><G114/><T130/><D27/><U57/><E41/><V103/><F103/><W44/><G126/><T125/><D125/><U133/><E133/><V30/><F30/><W100/><G135/><T123/><D123/><U10/><E32/><V8/><F40/><N who="3" m="24967" /><G107/><T20/><D73/><U78/><E84/><V14/><F80/><W4/><G4/><T72/><D72/><U59/><E59/><V52/><F52/><W35/><G35/><T99/><D129/><U43/><E43/><V85/><REACH who="2" step="1"/><F74/><REACH who="2" ten="261,229,223,277" step="2"/><W21/><G102/><T68/><D130/><U16/><REACH who="1" step="1"/><E24/><REACH who="1" ten="261,219,223,277" step="2"/><V42/><F42/><W64/><G64/><AGARI ba="0,2" hai="2,6,10,11,13,16,57,62,64,76,78,93,98,101" machi="64" ten="30,8000,1" yaku="1,1,2,1,7,1,54,1,53,1" doraHai="122" doraHaiUra="60" who="1" fromWho="3" sc="261,0,219,100,223,0,277,-80" owari="261,6.0,319,42.0,223,-18.0,197,-30.0" /></mjloggm>