<mjloggm ver="2.3"><GO type="169" lobby="0"/><UN n0="%E4%BF%A1%E6%BF%83%E3%81%AE%E8%8D%92%E6%B3%95%E5%B8%AB" n1="%4C%4F%4E" n2="%E3%83%8E%E3%82%AA%E3%83%81%E3%83%A3%E3%83%99%E3%82%B9" n3="%45%75%6D%65%6E%65%73" dan="18,16,16,17" rate="2228.51,2116.65,2114.48,2182.21" sx="M,M,M,M"/><TAIKYOKU oya="0"/><INIT seed="0,0,0,1,2,39" ten="250,250,250,250" oya="0" hai0="76,34,27,46,118,74,107,70,0,30,44,54,66" hai1="106,108,15,111,17,98,3,21,12,19,123,62,120" hai2="18,124,45,63,92,93,81,52,119,36,69,8,95" hai3="50,77,14,61,10,110,25,53,104,49,28,20,113"/><T90/><D118/><U117/><E62/><V41/><F119/><W82/><G110/><N who="1" m="42026" /><E98/><V121/><F121/><N who="1" m="46665" /><E106/><V58/><F124/><W129/><G113/><T6/><D74/><U71/><E71/><V132/><F132/><W22/><G129/><T79/><D90/><U80/><E80/><V128/><F128/><W130/><G130/><T97/><D46/><U133/><E117/><V57/><F81/><W2/><G2/><T101/><D0/><U55/><E55/><V116/><F116/><W125/><G125/><T4/><D54/><U75/><E75/><V84/><F58/><W32/><G49/><T29/><D29/><U94/><E94/><V26/><F69/><W1/><G1/><T96/><D96/><U114/><E3/><V56/><F56/><W131/><G104/><T127/><D44/><U16/><E133/><V73/><F73/><W115/><G61/><N who="0" m="40271" /><D127/><U135/><E135/><V68/><F68/><W24/><G131/><T43/><D43/><U126/><E126/><V60/><F60/><W5/><G82/><T38/><D38/><U102/><E102/><V89/><F8/><W59/><G77/><AGARI ba="0,0" hai="4,6,27,30,34,76,77,79,97,101,107" m="40271" machi="77" ten="30,1500,0" yaku="25,1" doraHai="39" who="0" fromWho="3" sc="250,15,250,0,250,0,250,-15" /><INIT seed="0,1,0,2,0,60" ten="265,250,250,235" oya="0" hai0="121,53,125,115,48,47,33,61,78,91,29,131,123" hai1="51,17,72,54,118,3,1,42,95,96,104,27,98" hai2="83,127,57,102,59,28,23,117,6,0,46,44,9" hai3="7,107,82,134,58,49,106,80,64,2,52,94,21"/><T74/><D74/><U89/><E118/><V37/><F117/><W31/><G134/><T24/><D78/><U14/><E72/><V130/><F46/><W41/><G2/><T86/><D115/><U15/><E42/><V36/><F102/><W119/><G7/><T71/><D131/><U88/><E27/><V87/><F127/><W133/><G133/><T35/><D35/><U12/><E17/><V99/><F99/><W39/><G119/><T100/><D100/><U85/><E98/><V132/><F130/><W20/><G94/><T5/><D125/><U120/><E120/><V19/><F28/><W45/><G31/><T69/><D5/><U73/><E73/><V77/><F132/><W112/><G112/><T50/><D50/><U116/><E116/><V84/><F87/><W22/><REACH who="3" step="1"/><G64/><REACH who="3" ten="265,250,250,225" step="2"/><T93/><REACH who="0" step="1"/><D61/><REACH who="0" ten="255,250,250,225" step="2"/><U68/><E1/><V122/><F6/><W43/><G43/><T129/><D129/><U63/><E3/><V30/><F0/><W11/><G11/><T97/><D97/><U32/><E96/><V135/><F9/><W25/><G25/><T67/><D67/><U124/><E63/><V40/><F135/><W75/><G75/><T8/><D8/><U13/><E124/><V65/><F65/><W55/><G55/><T110/><D110/><U62/><E62/><V34/><F40/><W108/><G108/><T70/><AGARI ba="1,2" hai="24,29,33,47,48,53,69,70,71,86,91,93,121,123" machi="70" ten="30,6000,0" yaku="1,1,0,1,53,1" doraHai="60" doraHaiUra="90" who="0" fromWho="0" sc="255,83,250,-21,250,-21,225,-21" /><INIT seed="0,2,0,0,2,78" ten="338,229,229,204" oya="0" hai0="109,86,39,62,113,44,82,4,120,91,76,75,74" hai1="3,70,92,22,51,46,21,38,54,27,103,31,20" hai2="48,135,13,47,45,106,29,68,89,5,37,110,94" hai3="100,124,52,102,17,83,19,28,7,79,117,81,96"/><T90/><D113/><U8/><E70/><V126/><F106/><W35/><G117/><T41/><D120/><U105/><E105/><V69/><F29/><W99/><G7/><T67/><D109/><U32/><E38/><V56/><F135/><W43/><G43/><T66/><D66/><U18/><E103/><N who="3" m="39466" /><G35/><T36/><D36/><U10/><E92/><V24/><F24/><W129/><G79/><T59/><REACH who="0" step="1"/><D4/><REACH who="0" ten="328,229,229,204" step="2"/><N who="1" m="1055" /><E10/><V114/><F5/><W50/><G124/><T132/><D132/><U34/><E34/><V88/><F126/><W127/><G127/><T121/><D121/><U111/><E111/><V64/><F110/><W12/><G129/><T72/><AGARI ba="2,1" hai="39,41,44,59,62,67,72,74,75,76,82,86,90,91" machi="72" ten="30,11700,0" yaku="1,1,0,1,52,1,53,1" doraHai="78" doraHaiUra="55" who="0" fromWho="0" sc="328,133,229,-41,229,-41,204,-41" /><INIT seed="0,3,0,5,4,36" ten="461,188,188,163" oya="0" hai0="50,20,32,4,14,40,1,58,106,23,31,16,96" hai1="22,121,100,72,19,76,38,78,71,125,112,54,135" hai2="60,3,28,21,68,131,44,107,56,24,35,93,45" hai3="83,17,67,69,73,42,59,82,122,63,5,7,86"/><T62/><D32/><U9/><E121/><V91/><F107/><W123/><G73/><T74/><D74/><U116/><E71/><V27/><F3/><W97/><G97/><T12/><D1/><U34/><E38/><V94/><F94/><W8/><G69/><T10/><D31/><U84/><E34/><V79/><F79/><W41/><G17/><T6/><D50/><U120/><E116/><V134/><F68/><W99/><G99/><T66/><D40/><N who="3" m="15465" /><G8/><T133/><D133/><U110/><E9/><V126/><F131/><W39/><G39/><T132/><D132/><U61/><E135/><V37/><F126/><W89/><G82/><T115/><D115/><U129/><E125/><V29/><F134/><W88/><G89/><T109/><D23/><U85/><E22/><V81/><F81/><W64/><G67/><T2/><D2/><U128/><E128/><V87/><F37/><W114/><G114/><T49/><D96/><U52/><E72/><V48/><F48/><W77/><G77/><T33/><D106/><U51/><E129/><V65/><AGARI ba="3,0" hai="21,24,27,28,29,35,44,45,56,60,65,87,91,93" machi="65" ten="20,1500,0" yaku="0,1,7,1" doraHai="36" who="2" fromWho="2" sc="461,-10,188,-7,188,24,163,-7" /><INIT seed="1,0,0,4,1,20" ten="451,181,212,156" oya="1" hai0="26,29,77,112,128,100,35,65,57,72,50,90,48" hai1="106,49,92,107,88,19,41,47,96,67,8,56,36" hai2="70,105,133,94,7,14,2,115,0,10,64,120,111" hai3="68,34,101,18,127,118,79,110,24,89,44,61,75"/><U108/><E108/><V9/><F105/><W28/><G127/><T69/><D72/><U114/><E114/><V31/><F94/><W39/><G110/><T131/><D77/><U116/><E116/><V130/><F64/><W5/><G89/><T113/><D100/><U87/><E96/><V98/><F70/><W129/><G129/><T52/><D50/><U119/><E119/><V84/><F84/><W99/><G18/><T73/><D73/><U4/><E19/><V6/><F98/><W125/><G5/><T53/><D53/><U3/><REACH who="1" step="1"/><E67/><REACH who="1" ten="451,171,212,156" step="2"/><V85/><F111/><W27/><G118/><T1/><D112/><U17/><E17/><V38/><F115/><W123/><G99/><T21/><D113/><U124/><E124/><V40/><F7/><W59/><G125/><T55/><D128/><U97/><E97/><V91/><F6/><W135/><G101/><T122/><D131/><U25/><E25/><V81/><F130/><W54/><G24/><T93/><D65/><U63/><E63/><V82/><F120/><W134/><G123/><T126/><D126/><U86/><E86/><V51/><F85/><W13/><G27/><T45/><D122/><U95/><E95/><V103/><F103/><W104/><G61/><N who="0" m="36007" /><D35/><U30/><E30/><V42/><F31/><W11/><G28/><T23/><D26/><U58/><E58/><V78/><F82/><W62/><G34/><T109/><D109/><U43/><E43/><V32/><F42/><W102/><G102/><T74/><D29/><U60/><E60/><V12/><F32/><W80/><G62/><RYUUKYOKU ba="0,1" sc="451,-10,171,30,212,-10,156,-10" hai1="3,4,8,36,41,47,49,56,87,88,92,106,107" /><INIT seed="1,1,1,1,5,17" ten="441,201,202,146" oya="1" hai0="91,0,79,18,88,21,129,11,119,74,14,105,39" hai1="34,15,4,68,111,72,107,135,62,123,2,24,127" hai2="48,115,1,61,28,101,22,96,42,106,51,90,77" hai3="45,93,25,116,132,130,35,63,104,31,131,3,80"/><U113/><RYUUKYOKU type="yao9" ba="1,1" sc="441,0,201,0,202,0,146,0" hai1="2,4,15,24,34,62,68,72,107,111,113,123,127,135" /><INIT seed="1,2,1,0,4,2" ten="441,201,202,146" oya="1" hai0="100,96,7,8,23,79,17,123,74,97,45,68,120" hai1="122,66,127,37,76,25,104,106,34,117,78,16,91" hai2="15,42,62,27,80,13,84,1,33,11,82,12,41" hai3="63,81,0,109,98,47,57,87,110,69,29,86,10"/><U31/><E122/><N who="0" m="46633" /><D68/><U54/><E117/><V113/><F113/><W103/><G69/><T89/><D89/><U58/><E37/><V70/><F82/><W131/><G131/><T115/><D115/><U92/><E127/><V18/><F70/><W50/><G29/><T14/><D45/><U134/><E134/><V83/><F83/><W125/><G125/><T119/><D119/><U121/><E66/><V114/><F62/><W108/><G50/><T32/><D32/><U35/><E35/><V56/><F56/><W135/><G47/><T64/><D64/><U46/><E46/><V85/><F85/><W43/><G43/><T65/><D65/><U3/><E3/><V49/><F49/><W39/><G39/><T90/><D90/><U19/><E121/><V60/><F60/><W28/><G135/><T107/><D97/><U99/><E106/><V55/><F55/><N who="3" m="34239" /><G81/><N who="0" m="45303" /><D23/><U52/><E104/><V116/><F116/><W6/><G28/><T95/><D17/><U59/><E59/><V4/><F114/><W129/><G129/><T102/><D102/><U105/><E105/><AGARI ba="2,1" hai="0,6,10,86,87,98,103,105,108,109,110" m="34239" machi="105" ten="30,2000,0" yaku="14,1,52,1" doraHai="2" who="3" fromWho="1" sc="441,0,201,-26,202,0,146,36" /><AGARI ba="2,0" hai="7,8,14,95,96,100,105,107" m="45303,46633" machi="105" ten="30,2000,0" yaku="13,1,52,1" doraHai="2" who="0" fromWho="1" sc="441,20,175,-20,202,0,182,0" /><INIT seed="2,0,0,5,2,11" ten="461,155,202,182" oya="2" hai0="19,130,0,22,50,107,82,118,5,62,30,86,55" hai1="96,105,121,38,101,41,123,128,76,111,63,103,88" hai2="106,21,14,80,49,16,66,18,89,75,114,29,53" hai3="120,134,58,95,115,15,85,37,127,67,68,47,26"/><V74/><F114/><W98/><G120/><N who="1" m="46154" /><E63/><V56/><F106/><W87/><G68/><T20/><D62/><U17/><E111/><V34/><F66/><W23/><G134/><T42/><D42/><U122/><N who="1" m="46162" /><U132/><DORA hai="79" /><E132/><V78/><F74/><W64/><G127/><T77/><D130/><U133/><E133/><V7/><F34/><W28/><G115/><T39/><D39/><U52/><E128/><V124/><F124/><W32/><G58/><T113/><D118/><U40/><E103/><V91/><F29/><W72/><G72/><T48/><D107/><U54/><E76/><V2/><REACH who="2" step="1"/><F18/><REACH who="2" ten="461,155,192,182" step="2"/><W112/><G67/><T9/><D113/><U51/><E17/><V44/><F44/><W119/><G64/><T99/><D30/><U61/><E105/><V69/><F69/><W84/><G112/><T135/><D135/><U73/><E73/><V13/><F13/><W117/><G15/><T102/><D19/><U70/><E70/><V81/><F81/><W126/><G126/><T27/><D27/><U92/><E38/><V93/><F93/><W31/><G31/><T35/><D35/><U90/><E61/><V110/><F110/><W60/><G60/><T100/><D82/><U131/><E131/><V10/><AGARI ba="0,1" hai="2,7,10,14,16,21,49,53,56,75,78,80,89,91" machi="10" ten="30,18000,2" yaku="1,1,0,1,52,2,54,1,53,1" doraHai="11,79" doraHaiUra="65,4" who="2" fromWho="2" sc="461,-60,155,-60,192,190,182,-60" /><INIT seed="2,1,0,1,0,78" ten="401,95,382,122" oya="2" hai0="28,23,116,61,62,70,47,27,56,86,54,41,57" hai1="31,38,88,135,73,30,55,125,71,85,87,107,29" hai2="108,96,114,81,113,102,77,89,104,52,91,90,101" hai3="1,67,9,53,66,37,15,59,14,4,76,98,26"/><V128/><F52/><W65/><G37/><T50/><D116/><U92/><E73/><V49/><F49/><W8/><G26/><T5/><D70/><U95/><E107/><V131/><F102/><W75/><G98/><T94/><D5/><U82/><E38/><V43/><F43/><W19/><G1/><T18/><D28/><U109/><E71/><V129/><F108/><W97/><G97/><T93/><REACH who="0" step="1"/><D86/><AGARI ba="1,0" hai="77,81,86,89,90,91,96,101,104,113,114,128,129,131" machi="86" ten="50,12000,1" yaku="19,1,34,3,52,1" doraHai="78" who="2" fromWho="0" sc="401,-123,95,0,382,123,122,0" /><INIT seed="2,2,0,4,2,110" ten="278,95,505,122" oya="2" hai0="59,64,60,42,21,45,78,84,38,135,95,0,93" hai1="79,115,65,51,7,39,94,24,2,129,3,57,91" hai2="4,41,105,81,80,54,27,30,111,66,11,112,25" hai3="123,5,73,82,14,48,134,34,35,107,68,104,120"/><V50/><F105/><W109/><G48/><T130/><D0/><U31/><E39/><V131/><F111/><W75/><G14/><T77/><D130/><U124/><E129/><V62/><F41/><W29/><G5/><T87/><D135/><U108/><E108/><V118/><F118/><W20/><G20/><T106/><D106/><U13/><E124/><V49/><F112/><W19/><G19/><T121/><D121/><U117/><E79/><V89/><F131/><W44/><G44/><T125/><D125/><U96/><E117/><V58/><F89/><W72/><G29/><T43/><D43/><U16/><E115/><V8/><F50/><W92/><G109/><T9/><D9/><U12/><E7/><V32/><F27/><W88/><G68/><T100/><D100/><U23/><E12/><V74/><F74/><N who="3" m="28779" /><G34/><T128/><D128/><U55/><REACH who="1" step="1"/><E65/><REACH who="1" ten="278,85,505,122" step="2"/><V98/><F4/><W69/><G134/><T46/><D78/><U83/><E83/><V10/><REACH who="2" step="1"/><F98/><REACH who="2" ten="278,85,495,122" step="2"/><W40/><G123/><T133/><D133/><U70/><E70/><AGARI ba="2,2" hai="8,10,11,25,30,32,49,54,58,62,66,70,80,81" machi="70" ten="40,7700,0" yaku="1,1,2,1,53,1" doraHai="110" doraHaiUra="56" who="2" fromWho="1" sc="278,0,85,-83,495,103,122,0" /><INIT seed="2,3,0,5,2,45" ten="278,2,598,122" oya="2" hai0="75,15,20,116,54,24,132,40,113,107,21,44,81" hai1="59,133,41,69,86,26,33,8,96,13,131,74,63" hai2="58,17,2,27,70,79,90,50,100,52,82,108,84" hai3="89,37,88,23,66,0,39,87,117,18,106,22,62"/><V1/><F70/><W14/><G0/><T104/><D113/><U56/><E74/><V6/><F6/><W73/><G73/><T48/><D132/><U76/><E133/><V34/><F100/><W105/><G117/><T119/><D15/><U3/><E3/><V51/><F108/><W126/><G126/><T123/><D123/><U112/><E112/><V10/><F10/><W64/><G62/><T111/><D20/><U103/><E131/><V130/><F130/><W42/><G42/><T25/><D24/><U38/><E76/><V80/><F51/><W114/><G14/><T30/><D111/><U71/><E86/><V55/><F55/><W124/><G18/><T94/><D54/><U49/><E71/><V16/><F17/><W7/><G87/><T127/><D127/><U12/><E13/><V61/><F61/><W115/><G7/><T91/><D116/><U85/><E85/><V9/><F9/><W19/><G19/><T128/><D119/><U32/><E38/><V135/><F135/><W68/><G124/><T95/><D128/><U11/><E11/><V46/><F46/><W97/><G68/><T122/><D75/><U78/><E78/><V28/><F16/><W5/><G5/><T118/><D118/><U36/><E36/><V43/><F43/><W47/><G47/><T101/><D40/><U93/><E69/><V110/><F110/><W72/><G72/><AGARI ba="3,0" hai="1,2,27,28,34,50,52,58,72,79,80,82,84,90" machi="72" ten="30,5800,0" yaku="7,1,52,1,54,1" doraHai="45" who="2" fromWho="3" sc="278,0,2,0,598,67,122,-67" /><INIT seed="2,4,0,4,1,22" ten="278,2,665,55" oya="2" hai0="64,63,121,84,133,16,69,99,119,66,49,55,89" hai1="19,48,72,31,102,87,104,36,8,30,67,86,97" hai2="68,135,108,124,109,129,5,4,115,18,91,23,42" hai3="114,27,51,12,40,45,33,54,111,53,20,34,56"/><V106/><F68/><W126/><G111/><N who="2" m="42569" /><F106/><W35/><G126/><T80/><D66/><U96/><E36/><V74/><F74/><W61/><G114/><T77/><D121/><U85/><E72/><V2/><F42/><W52/><REACH who="3" step="1"/><G12/><REACH who="3" ten="278,2,665,45" step="2"/><T113/><D113/><U0/><E0/><V94/><F115/><W82/><G82/><T70/><D80/><U32/><E104/><V78/><F124/><W26/><G26/><T24/><D24/><U3/><E3/><V47/><F2/><W120/><G120/><T79/><D133/><U107/><E107/><V110/><F135/><W81/><G81/><T71/><D119/><U118/><E118/><V7/><F110/><W134/><G134/><T29/><D77/><U128/><E128/><V75/><F129/><W10/><G10/><T21/><D79/><U103/><E67/><V11/><F11/><W50/><G50/><T83/><D49/><U123/><E48/><V125/><F125/><W37/><G37/><T38/><D83/><U60/><E123/><V127/><F127/><W101/><G101/><N who="1" m="38410" /><E60/><V105/><F105/><W14/><G14/><T62/><D62/><U95/><E95/><V98/><F78/><W25/><G25/><T6/><D63/><U43/><E43/><V59/><F75/><W73/><G73/><T44/><D64/><U46/><E46/><V65/><F47/><W132/><G132/><T116/><D116/><U100/><N who="1" m="38418" /><U88/><DORA hai="131" /><E32/><V1/><F1/><W93/><G93/><T9/><D44/><U117/><E117/><V76/><F76/><W90/><G90/><RYUUKYOKU ba="4,1" sc="278,-10,2,-10,665,-10,45,30" hai3="20,27,33,34,35,40,45,51,52,53,54,56,61" owari="268,7.0,-8,-51.0,665,76.0,75,-32.0" /></mjloggm>