<mjloggm ver="2.3"><GO type="169" lobby="0"/><UN n0="%E3%81%AF%E3%81%90%E3%82%8A%E3%82%93%EF%BC%A0" n1="%E6%B3%A2%E7%91%A0" n2="%75%63%63%68%69%2D%30%32" n3="%E3%82%B7%E3%83%A9%E3%80%82" dan="18,16,16,17" rate="2209.07,2148.15,2188.35,2163.77" sx="M,F,M,M"/><TAIKYOKU oya="0"/><INIT seed="0,0,0,2,2,38" ten="250,250,250,250" oya="0" hai0="76,108,63,112,9,29,90,24,118,10,32,102,13" hai1="55,33,92,25,69,41,103,119,113,46,8,20,74" hai2="27,129,49,1,44,135,120,65,58,51,98,121,67" hai3="26,36,57,100,93,122,109,99,28,2,18,124,82"/><T128/><D118/><U85/><E74/><V56/><F1/><W123/><G109/><T75/><D112/><U87/><E33/><V77/><F77/><W0/><G124/><T68/><D128/><U88/><E103/><V6/><F6/><W40/><G18/><T42/><D108/><U80/><E119/><V83/><F83/><W70/><G70/><T34/><D34/><U47/><E69/><V97/><F27/><W91/><G57/><T15/><D102/><U133/><E113/><V50/><F50/><W125/><G125/><T101/><D101/><U111/><E111/><V71/><F71/><W86/><G40/><T23/><D90/><U52/><E8/><V35/><F35/><N who="3" m="20887" /><G36/><T60/><D32/><U31/><E47/><V131/><REACH who="2" step="1"/><F44/><REACH who="2" ten="250,250,240,250" step="2"/><W134/><G134/><AGARI ba="0,1" hai="49,51,56,58,65,67,97,98,120,121,129,131,134,135" machi="134" ten="25,6400,0" yaku="1,1,2,1,22,2,53,0" doraHai="38" doraHaiUra="3" who="2" fromWho="3" sc="250,0,250,0,240,74,250,-64" /><INIT seed="1,0,0,4,0,32" ten="250,250,314,186" oya="1" hai0="13,61,9,123,20,130,96,55,116,28,83,107,62" hai1="35,38,78,5,101,45,51,18,3,54,44,66,100" hai2="125,97,117,88,70,23,74,25,118,68,58,46,119" hai3="71,43,1,82,134,27,47,131,33,87,67,40,111"/><U29/><E78/><V19/><F74/><W36/><G111/><T89/><D116/><U4/><E4/><V8/><F125/><W0/><G134/><T112/><D112/><U103/><E66/><V69/><F8/><W57/><G131/><T124/><D130/><U132/><E132/><V63/><F46/><W129/><G129/><T104/><D124/><U105/><E18/><V108/><F108/><W22/><G71/><T128/><D123/><U93/><E105/><V65/><REACH who="2" step="1"/><F119/><REACH who="2" ten="250,250,304,186" step="2"/><W12/><G47/><T59/><D9/><U39/><E44/><V52/><F52/><W76/><G43/><T41/><D41/><U133/><E133/><V24/><F24/><W106/><G40/><T77/><D128/><U16/><E39/><V127/><F127/><W30/><G36/><T72/><D55/><U49/><E38/><V84/><F84/><W98/><G98/><T15/><D96/><U90/><E51/><V120/><F120/><W114/><G114/><T135/><D135/><U37/><E37/><V95/><AGARI ba="0,1" hai="19,23,25,58,63,65,68,69,70,88,95,97,117,118" machi="95" ten="40,5200,0" yaku="1,1,0,1,54,1,53,0" doraHai="32" doraHaiUra="126" who="2" fromWho="2" sc="250,-13,250,-26,304,62,186,-13" /><INIT seed="2,0,0,2,2,86" ten="237,224,366,173" oya="2" hai0="98,70,54,30,106,134,102,63,128,99,59,40,31" hai1="8,57,81,62,127,51,1,120,10,129,78,109,126" hai2="69,65,58,28,4,6,95,17,2,75,33,93,27" hai3="74,73,19,110,112,107,12,113,90,83,66,38,72"/><V47/><F75/><W3/><G3/><T68/><D128/><U53/><E129/><V84/><F69/><W96/><G38/><T50/><D134/><U101/><E101/><V16/><F95/><W111/><G66/><T133/><D133/><U64/><E109/><N who="3" m="41482" /><G19/><T49/><D49/><U100/><E100/><V52/><F47/><W46/><G46/><T7/><D7/><U55/><E55/><V89/><F65/><W60/><G60/><T44/><D70/><U132/><E132/><V39/><F39/><W0/><G0/><T103/><REACH who="0" step="1"/><D68/><REACH who="0" ten="227,224,366,173" step="2"/><U35/><E51/><N who="2" m="31007" /><F6/><W36/><G36/><T97/><D97/><U80/><E1/><V94/><F4/><W20/><G96/><T116/><D116/><U41/><E41/><V45/><F2/><W14/><G113/><T77/><D77/><U29/><E78/><V119/><F119/><W48/><G112/><T56/><D56/><U114/><E57/><V88/><F45/><W91/><G48/><T124/><D124/><U26/><E114/><V105/><F105/><AGARI ba="0,1" hai="30,31,40,44,50,54,59,63,98,99,102,103,105,106" machi="105" ten="30,3900,0" yaku="1,1,7,1,9,1,53,0" doraHai="86" doraHaiUra="22" who="0" fromWho="2" sc="227,49,224,0,366,-39,173,0" /><INIT seed="3,0,0,4,5,34" ten="276,224,327,173" oya="3" hai0="100,107,54,40,19,31,27,81,97,65,102,42,8" hai1="28,56,37,79,128,92,134,38,17,60,114,84,63" hai2="130,124,7,75,119,71,70,74,93,91,23,26,109" hai3="46,25,53,59,43,80,20,125,6,10,22,94,132"/><W99/><G132/><T5/><D19/><U117/><E114/><V126/><F119/><W9/><G125/><N who="2" m="48233" /><F109/><W101/><G80/><T96/><D54/><U103/><E117/><V110/><F110/><W77/><G77/><T105/><D81/><U14/><E128/><V68/><F130/><W64/><G64/><T76/><D76/><U36/><E28/><N who="2" m="17503" /><F7/><W1/><G10/><T58/><D58/><U113/><E113/><V131/><F131/><W133/><G133/><T85/><D85/><AGARI ba="0,0" hai="68,70,71,74,75,85,91,93" m="17503,48233" machi="85" ten="40,1300,0" yaku="18,1" doraHai="34" who="2" fromWho="0" sc="276,-13,224,0,327,13,173,0" /><INIT seed="4,0,0,2,0,99" ten="263,224,340,173" oya="0" hai0="18,44,124,131,47,105,96,122,134,13,49,69,78" hai1="58,59,114,107,89,27,74,2,123,56,37,34,130" hai2="93,109,55,75,17,135,68,91,118,115,45,127,108" hai3="54,103,4,65,113,7,23,5,100,26,73,22,30"/><T48/><D122/><U28/><E2/><V19/><F115/><W36/><G113/><T110/><D131/><U120/><E114/><V53/><F68/><W12/><G73/><T77/><D69/><U16/><E37/><V51/><F75/><W64/><G36/><T129/><D129/><U112/><E112/><V8/><F135/><W116/><G116/><T35/><D35/><U111/><E74/><V9/><F118/><W84/><G54/><T25/><D25/><U102/><E89/><V46/><F127/><W97/><G84/><T57/><D57/><U38/><E38/><V43/><F43/><W11/><G22/><T126/><D110/><U80/><E80/><V14/><F93/><W42/><G42/><T101/><D134/><U83/><E83/><V132/><F91/><W32/><G32/><T3/><D3/><U86/><E86/><V21/><F132/><W76/><G76/><T63/><D63/><U41/><E41/><V87/><F87/><W24/><G24/><T52/><D126/><U95/><E107/><V67/><F67/><N who="3" m="25675" /><G97/><T85/><D124/><U6/><E130/><V60/><F60/><W61/><G61/><T125/><D125/><U40/><E40/><V15/><F21/><W92/><G92/><T39/><D39/><U10/><E111/><V98/><F98/><W94/><G94/><T133/><D133/><U33/><E33/><V104/><F104/><W106/><G106/><T62/><D62/><U31/><E120/><V72/><F72/><W79/><G79/><T117/><D85/><U66/><E123/><V90/><F90/><RYUUKYOKU ba="0,0" sc="263,-15,224,-15,340,15,173,15" hai2="8,9,14,15,17,19,45,46,51,53,55,108,109" hai3="4,5,7,11,12,23,26,30,100,103" /><INIT seed="5,1,0,3,5,38" ten="248,209,355,188" oya="1" hai0="3,134,8,15,94,88,93,42,119,28,50,113,9" hai1="106,2,120,76,18,100,65,57,12,128,92,54,22" hai2="123,47,31,107,116,133,77,6,90,26,5,83,11" hai3="37,32,29,75,64,121,109,36,131,69,39,118,68"/><U105/><E120/><V91/><F123/><W23/><G23/><T49/><D119/><U61/><E2/><V125/><F116/><W35/><G29/><T27/><D134/><U66/><E76/><V72/><F133/><W112/><G64/><T59/><D113/><U62/><E128/><V34/><F107/><W108/><G121/><T129/><D94/><U85/><E54/><V63/><F125/><W103/><G118/><T56/><D3/><U58/><REACH who="1" step="1"/><E100/><REACH who="1" ten="248,199,355,188" step="2"/><V87/><F77/><W14/><G103/><T101/><D101/><U95/><E95/><V19/><F83/><W97/><G109/><T44/><D129/><U84/><E84/><V30/><F87/><W124/><G108/><T24/><D93/><U126/><E126/><V33/><F72/><W40/><G75/><T45/><D88/><AGARI ba="1,1" hai="12,18,22,57,58,61,62,65,66,85,88,92,105,106" machi="88" ten="40,7700,0" yaku="1,1,9,1,54,1,53,0" doraHai="38" doraHaiUra="98" who="1" fromWho="0" sc="248,-80,199,90,355,0,188,0" /><INIT seed="5,2,0,3,1,11" ten="168,289,355,188" oya="1" hai0="2,80,77,40,26,127,28,3,10,33,8,16,31" hai1="84,99,116,42,61,17,71,81,69,106,120,118,35" hai2="135,9,103,37,88,114,13,43,62,125,39,107,92" hai3="90,52,86,24,6,95,59,105,55,104,74,27,82"/><U63/><E35/><V14/><F135/><W131/><G131/><T130/><D130/><U134/><E120/><V98/><F125/><W7/><G55/><T54/><D127/><U4/><E134/><V65/><F114/><W121/><G121/><T36/><D31/><U12/><E4/><N who="3" m="1578" /><G105/><T66/><D66/><U117/><E42/><V1/><F1/><W19/><G74/><T111/><D111/><U68/><E99/><V115/><F115/><W75/><G75/><T102/><D102/><U124/><E106/><V110/><F110/><W20/><G104/><T101/><D101/><U70/><E124/><V89/><F89/><W45/><G45/><T64/><D64/><U132/><E132/><V23/><F43/><W46/><G46/><T129/><D129/><U113/><E113/><V73/><F73/><W67/><G67/><T32/><D32/><U30/><E30/><V53/><F53/><W83/><G27/><T109/><D109/><U18/><E18/><V21/><F107/><W87/><G87/><T91/><D54/><U97/><E97/><V51/><F65/><W93/><G93/><T15/><D91/><U0/><E0/><V133/><F88/><W94/><G94/><T96/><D96/><U76/><N who="1" m="17408" /><DORA hai="72" /><U126/><REACH who="1" step="1"/><E126/><REACH who="1" ten="168,279,355,188" step="2"/><V34/><F98/><W29/><G29/><T47/><D2/><U128/><E128/><V79/><F133/><W48/><AGARI ba="2,1" hai="19,20,24,48,52,59,82,83,86,90,95" m="1578" machi="48" ten="30,2000,0" yaku="8,1,54,1" doraHai="11,72" who="3" fromWho="3" sc="168,-7,279,-12,355,-7,188,36" /><INIT seed="6,0,0,5,0,90" ten="161,267,348,224" oya="2" hai0="16,57,85,48,104,124,36,51,47,45,67,77,70" hai1="97,91,125,12,129,93,50,75,55,25,111,82,29" hai2="88,84,58,74,119,28,131,122,118,44,21,127,71" hai3="17,100,101,11,6,103,7,9,80,35,83,18,64"/><V65/><F122/><W120/><G35/><T3/><D3/><U68/><E68/><V27/><F74/><W116/><G64/><T53/><D104/><U5/><E111/><V86/><F131/><W110/><G110/><T66/><D124/><U42/><E42/><V19/><F127/><W34/><G34/><T46/><D77/><U81/><E125/><V126/><F71/><W10/><G116/><T60/><D85/><U49/><E49/><N who="0" m="19017" /><D16/><N who="3" m="6249" /><G120/><T63/><D67/><U107/><E107/><V98/><F44/><W117/><G117/><T114/><D114/><U62/><E62/><N who="2" m="38103" /><F126/><W108/><G108/><T113/><D113/><U69/><E69/><V39/><F39/><AGARI ba="0,0" hai="36,39,45,46,47,53,57,60,63,66,70" m="19017" machi="39" ten="30,8000,1" yaku="35,5" doraHai="90" who="0" fromWho="2" sc="161,80,267,0,348,-80,224,0" /><INIT seed="7,0,0,1,5,80" ten="241,267,268,224" oya="3" hai0="88,64,22,94,43,48,52,124,45,33,117,23,4" hai1="108,28,133,44,12,111,89,134,2,98,101,53,13" hai2="32,58,93,106,7,104,71,49,132,90,70,109,82" hai3="78,112,68,30,96,59,85,57,102,81,55,1,38"/><W0/><G112/><T20/><D117/><U65/><E2/><V69/><F32/><W84/><G68/><T50/><D33/><U121/><E65/><V8/><F109/><W122/><G122/><T24/><D124/><U92/><E28/><V129/><F82/><W5/><G38/><T51/><D64/><U62/><E121/><V113/><F113/><W16/><G30/><T74/><D74/><U120/><E120/><V9/><F129/><W27/><G5/><T17/><D4/><U26/><E26/><V25/><F132/><N who="1" m="50793" /><E101/><V118/><F25/><W66/><G66/><T29/><D29/><U63/><E44/><V73/><F73/><W39/><G39/><T3/><D3/><U31/><E31/><V116/><F116/><W119/><G59/><T47/><D50/><U128/><E128/><V34/><F34/><W130/><G130/><T105/><D105/><U41/><E41/><V110/><F110/><N who="1" m="42025" /><E53/><N who="2" m="32047" /><F118/><W11/><G119/><T19/><D24/><U61/><AGARI ba="0,0" hai="12,13,61,62,63,89,92,98" m="42025,50793" machi="61" ten="40,1500,0" yaku="20,1" doraHai="80" who="1" fromWho="1" sc="241,-4,267,15,268,-4,224,-7" /><INIT seed="8,0,0,0,2,110" ten="237,282,264,217" oya="0" hai0="83,85,115,111,39,76,19,129,67,80,12,90,24" hai1="135,84,94,126,54,40,60,65,124,38,55,71,59" hai2="88,47,11,22,48,32,77,108,5,63,37,120,117" hai3="87,31,66,121,14,93,25,113,109,96,27,69,82"/><T61/><D111/><U70/><E84/><V57/><F108/><W81/><G109/><T17/><D39/><U107/><E94/><V21/><F32/><W45/><G121/><T73/><D129/><U79/><E79/><V99/><F37/><W52/><G113/><T128/><D128/><U42/><E107/><V53/><F120/><W46/><G14/><T44/><D44/><N who="1" m="23575" /><E42/><V133/><F133/><W41/><G81/><T62/><D115/><U20/><E20/><V116/><F77/><N who="3" m="46543" /><G66/><T95/><D80/><U92/><E92/><N who="2" m="56711" /><F5/><W6/><G69/><N who="1" m="26122" /><E135/><V102/><F11/><W13/><G41/><T2/><D2/><U101/><E101/><V18/><F102/><N who="3" m="60687" /><G31/><T15/><D15/><U103/><E103/><V131/><F131/><W8/><G46/><T30/><D67/><U23/><E23/><V29/><F29/><W56/><G45/><T72/><D72/><U130/><E130/><V105/><F105/><W28/><G28/><T91/><D91/><U98/><E98/><V9/><F9/><W58/><G58/><T0/><D0/><U7/><E7/><V100/><F100/><W78/><G78/><T64/><D64/><U75/><E75/><V74/><F74/><W43/><G43/><T4/><D4/><U68/><N who="1" m="26130" /><U132/><DORA hai="16" /><E132/><V33/><F33/><W3/><G3/><T114/><D114/><U26/><E26/><N who="2" m="14647" /><F22/><W122/><G122/><T36/><D36/><U106/><E106/><V123/><F123/><W10/><G8/><N who="0" m="6279" /><D19/><U89/><E89/><V104/><F104/><W112/><G112/><T86/><D73/><RYUUKYOKU ba="0,0" sc="237,0,282,0,264,0,217,0" hai0="24,30,61,62,76,83,85,86,90,95" hai1="54,55,59,60,65,124,126" hai2="47,48,53,57,63,116,117" hai3="6,10,13,25,27,52,56" /><INIT seed="8,1,0,2,0,1" ten="237,282,264,217" oya="0" hai0="120,98,46,125,30,80,97,8,115,72,4,113,47" hai1="114,33,78,40,87,132,122,70,104,37,116,129,38" hai2="66,45,52,2,5,31,123,28,48,32,3,93,55" hai3="43,100,18,61,134,84,105,71,39,13,79,26,77"/><T7/><D120/><U75/><RYUUKYOKU type="yao9" ba="1,0" sc="237,0,282,0,264,0,217,0" hai1="33,37,38,40,70,75,78,87,104,114,116,122,129,132" /><INIT seed="8,2,0,3,4,123" ten="237,282,264,217" oya="0" hai0="135,76,58,131,52,60,12,11,132,113,77,111,106" hai1="126,110,115,73,39,3,20,47,85,6,74,48,64" hai2="86,82,8,36,29,24,10,51,15,81,49,21,57" hai3="31,102,124,61,9,103,59,112,17,26,91,114,116"/><T99/><D113/><U70/><E115/><V72/><F36/><W1/><G116/><T43/><D43/><U87/><E39/><V108/><F108/><W80/><G124/><T37/><D37/><U101/><E110/><V63/><F72/><W19/><G114/><T18/><D111/><U56/><E70/><V118/><F118/><W129/><G129/><T93/><D106/><U105/><E74/><V75/><F75/><W53/><G112/><T69/><D69/><U128/><E73/><V97/><F97/><W89/><G1/><T16/><D131/><U78/><E128/><V38/><F38/><W13/><G19/><T50/><D50/><N who="2" m="18954" /><F15/><W40/><G40/><T35/><D35/><U25/><E78/><N who="2" m="46391" /><F82/><W68/><G68/><T130/><D130/><U71/><E71/><V14/><F14/><W45/><G45/><T94/><D94/><U90/><E90/><N who="3" m="34314" /><G80/><T133/><D18/><U122/><E3/><V66/><AGARI ba="2,0" hai="8,10,21,24,29,57,63,66" m="46391,18954" machi="66" ten="30,1100,0" yaku="8,1" doraHai="123" who="2" fromWho="2" sc="237,-7,282,-5,264,17,217,-5" /><INIT seed="9,0,0,5,4,61" ten="230,277,281,212" oya="1" hai0="132,6,26,102,3,131,87,31,28,85,33,69,17" hai1="0,56,16,9,86,18,42,123,29,64,127,25,82" hai2="118,117,95,4,81,66,133,24,94,104,124,72,129" hai3="47,71,63,116,43,35,30,53,62,37,13,7,58"/><U52/><E123/><V113/><F104/><W32/><G116/><N who="2" m="44649" /><F133/><W27/><G35/><T115/><D115/><U108/><E42/><V22/><F113/><W96/><G96/><T90/><D102/><U73/><E64/><V49/><F129/><W48/><REACH who="3" step="1"/><G71/><REACH who="3" ten="230,277,281,202" step="2"/><T34/><D69/><U45/><E108/><V39/><F124/><W78/><G78/><T15/><D131/><U100/><E127/><V65/><F39/><W112/><G112/><T110/><D110/><U75/><E100/><V122/><F122/><W51/><G51/><T57/><D132/><U99/><E99/><V84/><F49/><W67/><G67/><N who="2" m="25609" /><F72/><W38/><G38/><T92/><D34/><U103/><E75/><V107/><F107/><W101/><G101/><T11/><D33/><U120/><E73/><V119/><F119/><W68/><G68/><T135/><D135/><U130/><E103/><V88/><F4/><W126/><G126/><T98/><D6/><U41/><E130/><V109/><F109/><W83/><G83/><T36/><D36/><U93/><E82/><V44/><F44/><W60/><G60/><T76/><D98/><U97/><E97/><V74/><F74/><W111/><G111/><T46/><D46/><U79/><E45/><V105/><F105/><W50/><G50/><T70/><D70/><U55/><E120/><V23/><F81/><W91/><G91/><T20/><D90/><U114/><E114/><V80/><F80/><W77/><G77/><T134/><D134/><U54/><E79/><V125/><F125/><W2/><G2/><T128/><D128/><RYUUKYOKU ba="0,1" sc="230,-10,277,-10,281,-10,202,30" hai3="7,13,27,30,32,37,43,47,48,53,58,62,63" /><INIT seed="10,1,1,1,0,117" ten="220,267,271,232" oya="2" hai0="35,104,16,80,99,135,103,79,115,105,44,89,72" hai1="75,77,106,5,111,76,61,110,62,123,127,52,53" hai2="2,128,31,130,116,81,100,49,65,29,32,120,1" hai3="97,114,73,118,92,38,70,12,67,15,54,0,125"/><V86/><F116/><W50/><G118/><T30/><D115/><U133/><E106/><V102/><F65/><W55/><G38/><T9/><D135/><U59/><E133/><V34/><F49/><W124/><G0/><N who="2" m="105" /><F86/><W113/><G73/><T56/><D105/><U57/><E127/><N who="3" m="48714" /><G67/><T4/><D56/><U126/><E126/><V20/><F81/><W82/><G70/><T21/><D89/><U27/><E5/><V33/><F120/><W10/><G82/><T74/><D35/><U64/><E64/><V26/><F102/><N who="3" m="60711" /><G55/><T14/><D30/><N who="2" m="11274" /><F100/><W7/><G15/><T88/><D88/><U47/><E123/><V131/><F34/><W58/><AGARI ba="1,1" hai="7,10,12,50,54,58,113,114" m="60711,48714" machi="58" ten="30,1100,0" yaku="18,1" doraHai="117" who="3" fromWho="3" sc="220,-4,267,-4,271,-6,232,24" /><INIT seed="11,0,0,1,3,112" ten="216,263,265,256" oya="3" hai0="106,90,125,53,33,99,77,70,115,67,128,42,133" hai1="47,36,0,72,46,60,124,22,130,79,63,66,73" hai2="58,17,87,123,131,12,121,111,64,101,118,76,122" hai3="49,92,8,83,108,19,68,55,86,39,38,119,78"/><W34/><G108/><T84/><D115/><U89/><E0/><V69/><F111/><W25/><G68/><T18/><D125/><U37/><E124/><V31/><F31/><W29/><G119/><T4/><D128/><U15/><E130/><V134/><F131/><W45/><REACH who="3" step="1"/><G92/><REACH who="3" ten="216,263,265,246" step="2"/><T10/><D133/><U109/><E109/><V71/><F118/><W14/><AGARI ba="0,1" hai="8,14,19,25,29,34,38,39,45,49,55,78,83,86" machi="14" ten="30,11700,0" yaku="1,1,2,1,0,1,53,1" doraHai="112" doraHaiUra="13" who="3" fromWho="3" sc="216,-39,263,-39,265,-39,246,127" owari="177,-32.0,224,-18.0,226,3.0,373,47.0" /></mjloggm>