<mjloggm ver="2.3"><GO type="225" lobby="0"/><UN n0="%E7%B6%BE%E9%87%8E%E7%8F%AA%E5%AD%90" n1="%E3%81%82%E3%82%89%E3%81%8C%E3%81%8D%E3%81%82%E3%82%84%E3%81%9B" n2="%61%73%61%64%61%31%32" n3="%E3%81%82%E3%81%9A%E3%81%8D%E3%81%82%E3%81%9A%E3%81%95" dan="17,16,16,16" rate="2220.69,2144.36,2100.71,2102.30" sx="F,F,M,M"/><TAIKYOKU oya="0"/><INIT seed="0,0,0,3,0,70" ten="250,250,250,250" oya="0" hai0="20,122,69,128,26,7,44,12,9,15,55,97,6" hai1="114,4,78,75,107,1,21,135,80,29,62,115,5" hai2="85,113,63,40,67,120,13,111,16,112,18,108,28" hai3="76,130,125,124,127,89,39,32,42,118,109,65,41"/><T2/><D69/><U68/><E135/><V83/><F28/><W14/><G118/><T27/><D122/><U74/><E107/><V105/><F105/><W54/><G109/><N who="2" m="42057" /><F120/><W71/><G130/><T33/><D97/><U82/><E1/><V38/><F63/><N who="3" m="40383" /><G32/><T95/><D95/><U35/><E21/><N who="2" m="11407" /><F67/><W61/><G76/><T104/><D104/><U31/><E62/><V19/><F18/><W126/><G126/><T133/><D133/><U106/><E106/><V50/><F50/><W49/><G14/><T91/><D12/><U8/><E68/><V11/><F19/><W102/><G61/><T36/><D128/><U64/><E64/><V56/><F56/><N who="3" m="32847" /><G102/><T58/><D15/><U46/><E35/><V96/><F11/><W0/><G0/><T25/><D2/><U10/><E78/><N who="2" m="46327" /><F96/><W3/><G3/><T123/><D123/><U24/><E24/><V87/><F87/><W132/><G132/><T134/><D134/><U117/><E117/><V94/><F94/><W101/><G124/><T92/><D33/><U81/><E81/><V47/><AGARI ba="0,0" hai="38,40,47,112,113" m="46327,11407,42057" machi="47" ten="30,4000,0" yaku="14,1,52,1,54,1" doraHai="70" who="2" fromWho="2" sc="250,-20,250,-10,250,40,250,-10" /><INIT seed="1,0,0,5,3,100" ten="230,240,290,240" oya="1" hai0="94,123,42,64,0,133,106,63,46,19,127,104,67" hai1="105,115,65,30,34,28,120,37,55,4,53,98,2" hai2="132,48,26,101,52,87,112,73,99,33,126,16,21" hai3="27,31,103,44,108,23,61,79,134,109,82,107,20"/><U12/><E120/><V92/><F73/><W76/><G134/><T86/><D0/><U72/><E72/><V43/><F33/><W113/><G113/><T45/><D133/><U38/><E2/><V135/><F126/><W1/><G1/><T6/><D6/><U25/><E30/><V91/><F43/><W36/><G61/><T130/><D130/><U40/><E115/><V119/><F112/><W47/><G23/><T88/><D127/><U58/><E65/><V85/><F119/><W49/><G76/><T15/><D67/><U89/><E40/><V62/><F62/><W97/><G36/><T22/><D46/><U117/><E117/><V128/><F87/><W131/><G131/><T129/><D129/><U29/><E29/><V116/><F128/><W68/><G68/><T71/><REACH who="0" step="1"/><D123/><REACH who="0" ten="220,240,290,240" step="2"/><U13/><E4/><V7/><F7/><W75/><REACH who="3" step="1"/><G44/><REACH who="3" ten="220,240,290,230" step="2"/><T125/><D125/><U121/><E121/><V83/><REACH who="2" step="1"/><F116/><REACH who="2" ten="220,240,280,230" step="2"/><W74/><G74/><T78/><D78/><U124/><E124/><V41/><F41/><AGARI ba="0,3" hai="20,27,31,41,47,49,75,79,82,97,103,107,108,109" machi="41" ten="40,2600,0" yaku="1,1,52,1,53,0" doraHai="100" doraHaiUra="8" who="3" fromWho="2" sc="220,0,240,0,280,-26,230,56" /><INIT seed="2,0,0,4,5,121" ten="220,240,254,286" oya="2" hai0="59,94,53,25,105,8,118,78,31,104,116,114,99" hai1="37,20,109,57,4,50,47,22,87,79,62,81,86" hai2="32,6,26,97,18,102,101,44,41,93,134,24,106" hai3="117,63,49,27,131,100,73,119,74,13,43,3,34"/><V30/><F134/><W58/><G3/><T122/><D122/><U91/><E37/><V132/><F6/><W69/><G131/><T92/><D8/><U96/><E96/><V85/><F132/><W51/><G100/><T120/><D120/><U126/><E4/><V61/><F101/><W110/><G69/><T113/><D59/><U2/><E2/><V36/><F85/><W45/><G51/><T115/><D53/><U11/><E11/><V135/><F135/><W66/><G13/><T33/><D78/><U68/><E68/><V1/><F1/><W15/><G15/><T52/><D52/><U123/><E123/><V28/><F18/><W60/><G60/><T133/><D133/><U38/><E38/><V9/><F9/><W46/><G46/><T70/><D70/><U77/><E126/><V98/><F61/><W55/><G55/><T83/><D83/><U127/><E127/><V19/><F19/><W56/><G56/><T16/><D16/><U72/><E72/><V88/><REACH who="2" step="1"/><F32/><REACH who="2" ten="220,240,244,286" step="2"/><W5/><G5/><T90/><REACH who="0" step="1"/><D94/><REACH who="0" ten="210,240,244,286" step="2"/><U17/><E17/><V67/><F67/><W82/><G66/><T128/><D128/><U80/><E62/><V0/><F0/><W29/><G63/><T108/><D108/><U112/><E109/><V76/><F76/><W124/><G110/><T39/><D39/><U95/><E79/><V40/><F40/><W111/><G111/><T84/><D84/><U107/><E95/><V21/><F21/><W129/><G129/><T65/><D65/><U23/><E23/><V64/><F64/><W14/><G43/><RYUUKYOKU ba="0,2" sc="210,15,240,-15,244,15,286,-15" hai0="25,31,33,90,92,99,104,105,113,114,115,116,118" hai2="24,26,28,30,36,41,44,88,93,97,98,102,106" /><INIT seed="2,1,2,1,1,6" ten="225,225,259,271" oya="2" hai0="28,32,120,134,53,104,40,23,46,113,98,70,42" hai1="31,33,18,94,78,59,117,48,24,101,3,60,79" hai2="122,49,39,100,74,1,112,105,20,71,65,116,110" hai3="87,7,56,80,58,126,62,131,125,41,21,127,11"/><V132/><RYUUKYOKU type="yao9" ba="1,2" sc="225,0,225,0,259,0,271,0" hai2="1,20,39,49,65,71,74,100,105,110,112,116,122,132" /><INIT seed="2,2,2,1,0,101" ten="225,225,259,271" oya="2" hai0="74,104,14,59,89,126,70,13,85,50,134,29,19" hai1="95,56,39,20,6,31,119,46,53,47,0,38,62" hai2="43,120,5,58,34,11,125,25,41,110,108,75,9" hai3="124,10,123,115,94,111,12,35,107,84,133,122,91"/><V36/><F75/><W118/><G118/><T33/><D74/><U76/><E119/><V22/><F120/><W65/><G35/><T112/><D112/><U114/><E114/><V3/><F125/><W68/><G115/><T17/><D70/><U81/><E95/><V44/><F41/><W15/><G124/><T23/><D126/><U60/><E31/><N who="2" m="19823" /><F58/><W51/><G111/><N who="2" m="42537" /><F11/><W26/><G10/><T2/><D59/><U57/><E47/><V117/><F22/><W72/><G72/><T63/><D23/><U129/><E20/><V93/><F93/><W24/><G94/><T90/><D33/><U71/><E46/><V130/><F117/><W21/><G21/><T40/><D29/><U87/><E71/><V4/><F4/><W102/><G68/><T78/><D40/><U109/><E109/><V127/><F127/><W98/><G122/><T73/><D73/><U106/><E6/><V69/><F69/><W27/><G123/><T54/><D2/><U67/><E0/><V88/><F88/><W103/><G91/><T92/><D90/><U105/><REACH who="1" step="1"/><E129/><AGARI ba="2,2" hai="3,5,9,36,43,44,129,130" m="42537,19823" machi="129" ten="30,5800,0" yaku="14,1,10,1,23,1" doraHai="101" who="2" fromWho="1" sc="225,0,225,-64,259,84,271,0" /><INIT seed="2,3,0,4,0,62" ten="225,161,343,271" oya="2" hai0="94,131,57,77,82,21,24,5,12,53,129,1,33" hai1="87,25,121,132,110,3,55,105,20,97,22,46,8" hai2="7,71,125,127,66,107,44,90,9,51,34,27,111" hai3="92,75,102,26,118,41,79,42,100,13,63,72,86"/><V122/><F122/><W93/><G118/><T134/><D134/><U120/><E110/><V116/><F116/><W36/><G36/><T96/><D1/><U17/><E132/><V88/><F107/><W89/><G26/><T16/><D5/><U119/><E119/><V81/><F27/><W45/><G13/><T14/><D33/><U40/><E55/><V126/><F34/><W135/><G41/><T133/><D133/><U108/><E108/><V98/><F111/><W47/><G47/><T70/><D70/><U99/><E87/><V60/><F98/><W69/><G79/><T64/><D64/><U28/><E99/><V104/><F81/><W124/><G124/><T128/><D82/><U130/><E130/><V50/><F104/><W113/><G113/><T58/><D77/><U10/><E105/><V39/><F39/><W61/><G93/><T84/><D84/><U68/><E68/><V65/><F66/><N who="3" m="41167" /><G63/><N who="0" m="36271" /><D58/><U6/><E97/><V91/><F44/><W114/><G114/><T112/><D112/><U80/><E80/><V95/><F95/><W73/><G135/><T4/><D4/><U52/><E40/><V23/><F23/><W48/><G75/><T49/><D49/><U83/><E83/><V56/><F71/><W32/><G32/><T38/><D38/><U43/><E43/><V2/><AGARI ba="3,0" hai="2,7,9,50,51,56,60,65,88,90,91,125,126,127" machi="2" ten="40,12000,1" yaku="0,1,18,1,52,1,54,1" doraHai="62" who="2" fromWho="2" sc="225,-43,161,-43,343,129,271,-43" /><INIT seed="2,4,0,2,5,20" ten="182,118,472,228" oya="2" hai0="97,127,33,62,59,10,126,4,5,26,88,1,32" hai1="129,128,102,23,112,63,101,2,78,83,72,58,85" hai2="93,51,24,7,86,8,134,50,3,98,108,114,36" hai3="13,69,133,130,25,37,22,92,91,16,65,12,79"/><V94/><F36/><W0/><G37/><T45/><D45/><U73/><E2/><V11/><F114/><W52/><G0/><T21/><D5/><U90/><E23/><V67/><F134/><W27/><G133/><T116/><D116/><U41/><E41/><V49/><F11/><W46/><G130/><N who="1" m="50282" /><E63/><V87/><F108/><W70/><G65/><T132/><D132/><U14/><E14/><N who="3" m="5738" /><G70/><T135/><D135/><U34/><E58/><V19/><F67/><W17/><G79/><T110/><D110/><U103/><E34/><V107/><F107/><W53/><G69/><T121/><D33/><U28/><E28/><V68/><F68/><W15/><G46/><T120/><D32/><U64/><E64/><V106/><F106/><W55/><G17/><T56/><D62/><U99/><E112/><V39/><F39/><W117/><G117/><T38/><D38/><U123/><E123/><V104/><F104/><W40/><G40/><T113/><D121/><U47/><E47/><V100/><F94/><AGARI ba="4,0" hai="72,73,78,83,85,90,94,99,101,102,103" m="50282" machi="94" ten="30,3900,0" yaku="19,1,34,2" doraHai="20" who="1" fromWho="2" sc="182,0,118,51,472,-51,228,0" /><INIT seed="3,0,0,2,3,101" ten="182,169,421,228" oya="3" hai0="123,41,109,1,91,95,110,98,131,56,17,83,34" hai1="58,7,105,80,121,108,75,5,88,79,82,118,32" hai2="71,37,90,112,30,43,100,122,89,49,40,9,10" hai3="60,106,94,42,22,115,116,0,130,55,85,52,18"/><W45/><G115/><T2/><D123/><U29/><E121/><V63/><F37/><W120/><G116/><T73/><D131/><U74/><E118/><V23/><F112/><W4/><G106/><T68/><D68/><U46/><E105/><V3/><F3/><W78/><G130/><T69/><D69/><U129/><E129/><V62/><F71/><W70/><G4/><T134/><D134/><U20/><E32/><V126/><F100/><W25/><G0/><T57/><D34/><U92/><E108/><N who="0" m="41577" /><D41/><U96/><E46/><V21/><F122/><W24/><G24/><T19/><D2/><U77/><E58/><N who="0" m="22633" /><D1/><U13/><E13/><V84/><F84/><W117/><G85/><N who="0" m="50623" /><D73/><U97/><E97/><V33/><F33/><W39/><G42/><T51/><D51/><U104/><E104/><V124/><F30/><W16/><G70/><T28/><D28/><U15/><E15/><V48/><AGARI ba="0,0" hai="9,10,21,23,40,43,48,49,62,63,89,90,124,126" machi="48" ten="25,3200,0" yaku="0,1,22,2" doraHai="101" who="2" fromWho="2" sc="182,-8,169,-8,421,32,228,-16" owari="174,-23.0,161,-34.0,453,56.0,212,1.0" /></mjloggm>