<mjloggm ver="2.3"><GO type="185" lobby="0"/><UN n0="%E3%81%BE%E3%81%A3%E3%81%97%E3%83%BC" n1="%E9%9D%92%E6%A3%AE%E3%81%AE%E3%81%B2%E3%82%88%E3%81%93" n2="%79%61%6E%62%61%72%75%2D" n3="" dan="17,17,17,0" rate="2248.09,2247.83,2249.10,1500.00" sx="F,M,M,C"/><TAIKYOKU oya="0"/><INIT seed="0,0,0,5,5,84" ten="350,350,350,0" oya="0" hai0="102,87,43,110,93,117,91,65,81,42,38,86,129" hai1="100,32,77,107,98,50,54,72,82,2,80,64,74" hai2="59,71,75,106,111,85,122,52,1,45,88,132,89" hai3=""/><T105/><D117/><U76/><E2/><V78/><N who="2" m="31264" /><V96/><F1/><T134/><D129/><U48/><E32/><V61/><F132/><T53/><D134/><U39/><E39/><V40/><F111/><T94/><D110/><U69/><E64/><V46/><F75/><T115/><D115/><U125/><E69/><V95/><F106/><T83/><D65/><U70/><E70/><V33/><F33/><T133/><D133/><U41/><E125/><V109/><F109/><T118/><D118/><U58/><REACH who="1" step="1"/><E41/><REACH who="1" ten="350,340,350,0" step="2"/><V36/><F71/><T128/><D128/><U57/><E57/><V68/><F68/><T66/><D66/><U37/><E37/><V119/><F119/><T130/><D130/><U135/><E135/><V44/><REACH who="2" step="1"/><F78/><REACH who="2" ten="350,340,340,0" step="2"/><T60/><D38/><U112/><E112/><V126/><F126/><T101/><D105/><U124/><E124/><V123/><N who="2" m="31520" /><V63/><F63/><AGARI ba="0,2" hai="48,50,54,58,63,72,74,76,77,80,82,98,100,107" machi="63" ten="30,7700,0" yaku="1,1,7,1,9,1,53,1" doraHai="84" doraHaiUra="97" who="1" fromWho="2" sc="350,0,340,97,340,-77,0,0" /><INIT seed="1,0,0,4,5,105" ten="350,437,263,0" oya="1" hai0="76,97,73,41,2,54,62,75,45,100,47,49,120" hai1="81,3,43,40,122,78,111,99,46,71,83,52,124" hai2="84,116,51,87,88,0,55,67,77,104,135,42,106" hai3=""/><U82/><N who="1" m="31264" /><U94/><E3/><V133/><F0/><T36/><N who="0" m="30752" /><T59/><D2/><U48/><E124/><V108/><F116/><T101/><D76/><U44/><E71/><V117/><F117/><T39/><D39/><U32/><E32/><V34/><F34/><T129/><D129/><U60/><E111/><V134/><F42/><T85/><D85/><U118/><E118/><V38/><F38/><T125/><D125/><U57/><E78/><V66/><F77/><T109/><D109/><U126/><E126/><V115/><F108/><T113/><D113/><U69/><E69/><V58/><F84/><T92/><REACH who="0" step="1"/><D101/><REACH who="0" ten="340,437,263,0" step="2"/><U98/><REACH who="1" step="1"/><E94/><REACH who="1" ten="340,427,263,0" step="2"/><V91/><F115/><T80/><D80/><U102/><E102/><V103/><F103/><T96/><D96/><U68/><E68/><V89/><REACH who="2" step="1"/><F87/><REACH who="2" ten="340,427,253,0" step="2"/><T72/><D72/><U121/><N who="1" m="31008" /><U33/><E33/><V1/><F1/><T114/><D114/><U90/><E90/><V50/><F50/><AGARI ba="0,3" hai="40,43,44,46,48,50,52,57,60,81,82,83,98,99" m="31008,31264" machi="50" ten="40,24000,3" yaku="1,1,9,1,8,1,52,2,54,1,53,3" doraHai="105" doraHaiUra="79" who="1" fromWho="2" sc="340,0,427,270,253,-240,0,0" /><INIT seed="1,1,0,5,3,49" ten="340,697,13,0" oya="1" hai0="108,115,100,84,0,112,53,57,77,61,75,109,132" hai1="116,82,114,71,128,41,87,69,1,123,91,38,2" hai2="86,37,125,96,135,120,111,74,95,67,97,92,124" hai3=""/><U79/><N who="1" m="31520" /><U63/><E116/><V46/><N who="2" m="30752" /><V122/><N who="2" m="31264" /><V59/><F74/><T64/><D75/><U50/><E114/><N who="0" m="43561" /><D100/><U62/><E128/><V3/><F3/><T106/><D0/><U88/><E38/><V103/><F135/><T105/><D132/><U94/><E91/><V52/><F111/><N who="0" m="42570" /><D64/><U40/><E1/><V45/><F86/><T72/><D72/><U54/><E2/><V66/><F67/><T81/><AGARI ba="1,0" hai="53,57,61,77,81,84,105,106" m="42570,43561" machi="81" ten="40,2000,0" yaku="14,1,52,1" doraHai="49" who="0" fromWho="0" sc="340,22,697,-14,13,-8,0,0" /><INIT seed="2,0,0,0,4,77" ten="362,683,5,0" oya="2" hai0="134,123,100,114,46,80,69,115,58,116,78,36,106" hai1="67,41,34,107,133,95,38,111,82,0,102,3,101" hai2="47,53,75,43,132,130,87,42,65,84,49,135,99" hai3=""/><V48/><F75/><T109/><N who="0" m="31520" /><T44/><D116/><U83/><E34/><V63/><F99/><T64/><D69/><U90/><E67/><V33/><F33/><T35/><D35/><U92/><E41/><V62/><F130/><T120/><N who="0" m="30752" /><T32/><D36/><U97/><E38/><V86/><F42/><T117/><D32/><U66/><E66/><V98/><F98/><T88/><D117/><U129/><E97/><V125/><F125/><T108/><D106/><U76/><E107/><V91/><F91/><T85/><D100/><U71/><E101/><V79/><F79/><T105/><D134/><N who="2" m="51242" /><F65/><T113/><D88/><U128/><E90/><V51/><F51/><T89/><D105/><U119/><E133/><V73/><F73/><T57/><D64/><U94/><E119/><V127/><F127/><T40/><D40/><U56/><E102/><V50/><F50/><T59/><D89/><U55/><E129/><V110/><F110/><AGARI ba="0,0" hai="44,46,57,58,59,78,80,85,108,109,110,113,114,115" m="30752,31520" machi="110" ten="50,8000,1" yaku="14,1,11,1,52,3" doraHai="77" who="0" fromWho="2" sc="362,80,683,0,5,-80,0,0" owari="442,4.0,683,64.0,-75,-68.0,0,0.0" /></mjloggm>