<mjloggm ver="2.3"><GO type="185" lobby="0"/><UN n0="%E6%96%B0%E5%AE%BF%E6%96%B9%E9%9D%A2%E3%80%82" n1="%74%69%65%66%62%6C%61%75" n2="%E5%BF%AB%E9%81%A9" n3="" dan="16,16,17,0" rate="2104.01,2160.29,2291.60,1500.00" sx="M,M,M,C"/><TAIKYOKU oya="0"/><INIT seed="0,0,0,5,0,109" ten="350,350,350,0" oya="0" hai0="96,90,47,56,63,45,76,46,127,2,99,37,100" hai1="35,92,123,62,43,87,58,107,67,69,61,53,85" hai2="55,114,94,78,129,121,130,93,72,59,40,128,83" hai3=""/><T79/><D2/><U91/><N who="1" m="31520" /><U1/><E1/><V110/><N who="2" m="31008" /><V120/><N who="2" m="30752" /><V116/><F110/><T131/><D37/><U41/><E35/><V124/><F116/><T103/><D131/><U64/><E107/><V0/><F0/><T133/><D90/><U81/><REACH who="1" step="1"/><E64/><REACH who="1" ten="350,340,350,0" step="2"/><V134/><F134/><T36/><D133/><U60/><E60/><V104/><F104/><T75/><D63/><U3/><E3/><V71/><F124/><T84/><D127/><U33/><E33/><V101/><F129/><T97/><D36/><U89/><AGARI ba="0,1" hai="41,43,53,58,61,62,67,69,81,85,87,89,91,92" m="31520" machi="89" ten="20,6000,1" yaku="1,1,0,1,7,1,52,1,53,1" doraHai="109" doraHaiUra="117" who="1" fromWho="1" sc="350,-40,340,70,350,-20,0,0" /><INIT seed="1,0,0,0,5,101" ten="310,410,330,0" oya="1" hai0="79,52,40,91,60,111,121,93,82,81,89,35,105" hai1="74,59,48,109,125,83,3,1,80,128,46,73,127" hai2="115,123,112,47,32,113,96,66,78,39,114,77,132" hai3=""/><U62/><E128/><V120/><N who="2" m="30752" /><V50/><N who="2" m="31520" /><V97/><F114/><T94/><N who="0" m="31008" /><T108/><D35/><U106/><E106/><V70/><F32/><T51/><D60/><U133/><E133/><V76/><F39/><T45/><D40/><U134/><E134/><V130/><F132/><T116/><D116/><U122/><N who="1" m="31264" /><U65/><E109/><N who="0" m="42057" /><D105/><U38/><E38/><V54/><F130/><T104/><D104/><U61/><E1/><V0/><F0/><T117/><D117/><U86/><E3/><V119/><F119/><T64/><D64/><U69/><E74/><V2/><F2/><T55/><D55/><U90/><E73/><V68/><REACH who="2" step="1"/><F66/><REACH who="2" ten="310,410,320,0" step="2"/><T33/><D33/><U49/><E125/><V57/><F57/><T131/><D131/><U67/><E127/><V124/><F124/><T103/><D45/><U102/><E46/><V126/><F126/><T44/><D44/><U107/><REACH who="1" step="1"/><E83/><REACH who="1" ten="310,400,320,0" step="2"/><V118/><F118/><T99/><D82/><U95/><E95/><V53/><F53/><T71/><D94/><U56/><E56/><V100/><F100/><T36/><D36/><U63/><E63/><V98/><AGARI ba="0,2" hai="47,50,54,68,70,76,77,78,96,97,98,112,113,115" m="31520,30752" machi="98" ten="40,9000,2" yaku="1,1,0,1,29,2,11,1,52,2,53,0" doraHai="101" doraHaiUra="87" who="2" fromWho="2" sc="310,-30,400,-60,320,110,0,0" /><INIT seed="2,0,0,3,3,44" ten="280,340,430,0" oya="2" hai0="47,40,119,54,2,53,52,97,111,102,41,69,80" hai1="135,126,64,87,78,112,77,86,46,3,105,58,32" hai2="37,98,50,84,34,35,103,48,122,108,68,134,101" hai3=""/><V1/><N who="2" m="31264" /><V116/><F1/><T99/><D2/><U36/><E3/><V110/><F116/><T45/><D119/><U66/><E32/><V65/><F37/><T59/><D69/><U109/><E112/><V56/><F134/><T127/><D111/><N who="2" m="42538" /><F101/><T82/><D127/><U61/><E126/><V120/><N who="2" m="30752" /><V79/><F68/><T38/><D59/><U100/><E58/><V106/><F79/><T51/><REACH who="0" step="1"/><D99/><REACH who="0" ten="270,340,430,0" step="2"/><U43/><E109/><V70/><F70/><T75/><D75/><U67/><E66/><V92/><F34/><T129/><D129/><U33/><E67/><V55/><F35/><T74/><D74/><U89/><E64/><V76/><F65/><T88/><D88/><U90/><E89/><V131/><F131/><T115/><D115/><U132/><E90/><V0/><F0/><T91/><D91/><U83/><E33/><V96/><F76/><T94/><AGARI ba="0,1" hai="38,40,41,45,47,51,52,53,54,80,82,94,97,102" machi="94" ten="30,5900,0" yaku="1,1,0,1,52,1,54,1,53,0" doraHai="44" doraHaiUra="128" who="0" fromWho="0" sc="270,69,340,-20,430,-39,0,0" /><INIT seed="4,0,0,4,3,57" ten="339,320,391,0" oya="0" hai0="32,62,41,113,99,119,53,123,37,38,84,94,110" hai1="68,64,77,130,78,45,55,75,59,47,135,90,132" hai2="66,72,58,106,85,46,97,54,129,92,71,117,105" hai3=""/><T63/><N who="0" m="31520" /><T96/><D32/><U50/><E130/><V116/><F129/><T127/><D119/><U101/><E101/><V43/><F72/><T121/><N who="0" m="31008" /><T89/><D53/><U56/><E68/><V34/><F85/><T118/><D118/><N who="2" m="45674" /><F71/><T33/><D33/><U44/><E90/><V82/><F82/><T126/><D110/><U122/><N who="1" m="31264" /><U81/><E77/><V125/><F66/><T3/><D3/><U103/><E103/><V83/><F83/><T73/><D73/><U76/><E76/><V109/><F125/><N who="0" m="47626" /><D41/><U60/><AGARI ba="0,0" hai="44,45,47,50,55,56,59,60,64,75,78,81,132,135" m="31264" machi="60" ten="30,3000,0" yaku="0,1,52,2" doraHai="57" who="1" fromWho="1" sc="339,-20,320,30,391,-10,0,0" /><INIT seed="5,0,0,4,0,78" ten="319,350,381,0" oya="1" hai0="40,49,71,82,93,51,117,34,53,61,113,131,36" hai1="39,102,43,104,48,132,126,90,55,110,35,66,58" hai2="68,67,92,54,123,38,112,94,0,87,65,103,106" hai3=""/><U81/><E35/><V56/><N who="2" m="31520" /><V116/><F0/><T32/><D93/><U99/><E132/><V69/><F116/><T86/><D117/><U47/><E126/><V62/><F38/><T74/><D74/><U45/><E110/><V37/><F37/><T1/><D1/><U97/><E66/><V84/><F106/><T42/><D131/><U59/><REACH who="1" step="1"/><E97/><REACH who="1" ten="319,340,381,0" step="2"/><V105/><F67/><T118/><D118/><U73/><E73/><V63/><F68/><T80/><D71/><U41/><E41/><V134/><F134/><T121/><N who="0" m="31008" /><T79/><D32/><U89/><E89/><V115/><F87/><AGARI ba="0,1" hai="39,43,45,47,48,55,58,59,81,87,90,99,102,104" machi="87" ten="40,3900,0" yaku="1,1,52,1,53,0" doraHai="78" doraHaiUra="109" who="1" fromWho="2" sc="319,0,340,49,381,-39,0,0" /><INIT seed="5,1,0,4,1,63" ten="319,389,342,0" oya="1" hai0="45,99,3,71,56,114,83,133,65,49,70,100,34" hai1="57,127,97,93,118,48,84,58,104,89,1,75,86" hai2="80,82,90,78,43,73,106,47,74,85,54,121,112" hai3=""/><U53/><E1/><V123/><N who="2" m="31008" /><V130/><N who="2" m="31520" /><V41/><F130/><T124/><D3/><U37/><E118/><V67/><F106/><T35/><D133/><U66/><E75/><V122/><N who="2" m="31264" /><V96/><F112/><T33/><D114/><U59/><E37/><V81/><F96/><T102/><D83/><U39/><E39/><V64/><F54/><T134/><D134/><U120/><N who="1" m="30752" /><U32/><E32/><V72/><F41/><T95/><D102/><U103/><E127/><V44/><F44/><T94/><D94/><U2/><E2/><V87/><REACH who="2" step="1"/><F81/><REACH who="2" ten="319,389,332,0" step="2"/><T128/><D128/><U126/><E126/><V62/><F62/><T111/><D124/><U129/><E129/><V105/><F105/><T125/><D125/><U98/><REACH who="1" step="1"/><E66/><REACH who="1" ten="319,379,332,0" step="2"/><V50/><AGARI ba="1,2" hai="43,47,50,64,67,72,73,74,78,80,82,85,87,90" m="31264,31520,31008" machi="50" ten="30,12000,3" yaku="1,1,0,1,52,5,53,3" doraHai="63" doraHaiUra="107" who="2" fromWho="2" sc="319,-41,379,-81,332,142,0,0" /><INIT seed="6,0,0,0,4,38" ten="278,298,474,0" oya="2" hai0="126,82,42,114,104,88,0,95,123,51,109,117,36" hai1="131,35,63,112,96,87,101,39,56,47,128,83,135" hai2="84,103,118,100,134,54,72,127,115,91,41,98,65" hai3=""/><V52/><F41/><T68/><RYUUKYOKU type="yao9" ba="0,0" sc="278,0,298,0,474,0,0,0" hai0="0,36,42,51,68,82,88,95,104,109,114,117,123,126" /><INIT seed="6,1,0,3,4,102" ten="278,298,474,0" oya="2" hai0="118,51,56,46,107,111,77,98,35,65,126,133,86" hai1="113,53,40,71,50,68,75,60,120,0,123,32,49" hai2="2,115,79,73,91,100,122,80,33,36,61,58,82" hai3=""/><V66/><N who="2" m="31264" /><V106/><F115/><T44/><D35/><U97/><N who="1" m="30752" /><U117/><N who="1" m="31520" /><U109/><E0/><V37/><F33/><T112/><D111/><U76/><E32/><V104/><F100/><T92/><D118/><U108/><E76/><V55/><F37/><T88/><D112/><U103/><E75/><V89/><F36/><T94/><D133/><U132/><E113/><V52/><F104/><T57/><D107/><U59/><E132/><V81/><F61/><T119/><D119/><U95/><E117/><V74/><F66/><T93/><D44/><U70/><REACH who="1" step="1"/><E40/><REACH who="1" ten="278,288,474,0" step="2"/><V121/><N who="2" m="31008" /><V105/><F79/><T78/><D126/><U101/><E101/><V64/><F73/><T135/><D135/><U114/><E114/><V69/><F74/><T127/><D127/><U90/><E90/><V41/><F91/><T39/><D39/><U45/><E45/><V128/><F89/><T72/><D72/><U54/><E54/><V42/><F55/><T131/><D131/><U124/><E124/><V134/><F52/><T43/><D77/><U87/><E87/><V67/><F2/><T129/><D129/><U62/><E62/><V83/><N who="2" m="20480" /><DORA hai="47" /><V84/><F128/><T34/><D34/><RYUUKYOKU ba="1,1" sc="278,-10,288,20,474,-10,0,0" hai1="49,50,53,59,60,68,70,71,95,97,103,108,109" owari="268,-33.0,308,-9.0,474,42.0,0,0.0" /></mjloggm>