<mjloggm ver="2.3"><GO type="185" lobby="0"/><UN n0="%44%75%73%6B" n1="%41%74%72%69%61" n2="%E7%9C%9F%E3%81%95%E3%82%80" n3="" dan="16,17,16,0" rate="2219.60,2257.64,2080.95,1500.00" sx="M,F,M,C"/><TAIKYOKU oya="0"/><INIT seed="0,0,0,1,3,50" ten="350,350,350,0" oya="0" hai0="98,79,74,77,116,133,104,72,118,123,59,111,101" hai1="131,67,120,63,64,40,117,88,110,103,36,89,1" hai2="46,60,129,2,127,92,65,56,84,100,48,76,85" hai3=""/><T32/><N who="0" m="31520" /><T3/><D32/><U86/><N who="1" m="30752" /><U119/><E1/><V42/><F2/><T66/><D3/><U109/><E103/><V83/><F129/><T106/><D66/><U37/><E86/><V114/><F114/><T71/><D71/><U41/><REACH who="1" step="1"/><E63/><REACH who="1" ten="350,340,350,0" step="2"/><V70/><F85/><T75/><D116/><U0/><E0/><V112/><F112/><T45/><D118/><U81/><E81/><V58/><F127/><T132/><D101/><U105/><E105/><V128/><F128/><AGARI ba="0,1" hai="36,37,40,41,64,67,88,89,109,110,117,119,128,131" m="30752" machi="128" ten="25,8000,1" yaku="1,1,22,2,52,1,54,1,53,0" doraHai="50" doraHaiUra="34" who="1" fromWho="2" sc="350,0,340,90,350,-80,0,0" /><INIT seed="1,0,0,1,0,55" ten="350,430,270,0" oya="1" hai0="54,1,44,124,97,56,106,62,116,113,42,98,107" hai1="69,108,75,84,35,41,99,3,130,64,91,39,122" hai2="61,104,135,88,53,87,82,96,112,105,133,32,90" hai3=""/><U45/><N who="1" m="31264" /><U57/><E35/><V81/><F32/><T101/><D116/><U48/><E3/><V72/><F112/><T126/><D1/><U40/><E75/><V128/><F128/><T119/><D119/><U52/><E130/><V83/><F53/><T58/><D113/><U38/><E99/><V34/><F61/><T123/><N who="0" m="31520" /><T37/><D98/><U80/><E108/><V43/><F43/><T49/><REACH who="0" step="1"/><D107/><REACH who="0" ten="340,430,270,0" step="2"/><N who="2" m="41034" /><F34/><T36/><D36/><U103/><E38/><V94/><F72/><T60/><D60/><U100/><E41/><V68/><F68/><T92/><D92/><AGARI ba="0,1" hai="81,82,83,87,88,90,92,94,96,133,135" m="41034" machi="92" ten="40,5200,0" yaku="34,2,54,1" doraHai="55" who="2" fromWho="0" sc="340,-52,430,0,270,62,0,0" /><INIT seed="2,0,0,0,0,116" ten="288,430,332,0" oya="2" hai0="37,71,55,89,91,94,103,43,0,106,87,40,100" hai1="67,83,42,81,97,3,59,126,44,74,127,47,32" hai2="85,104,63,124,107,51,45,69,56,130,2,34,90" hai3=""/><V101/><F2/><T113/><D0/><U109/><E3/><V96/><F34/><T84/><D113/><U98/><E32/><V76/><F130/><T61/><D106/><U115/><E115/><V117/><F117/><T36/><D71/><U62/><E109/><V133/><F133/><T128/><D61/><U122/><N who="1" m="31264" /><U79/><E81/><V65/><F76/><T121/><N who="0" m="31008" /><T105/><D105/><U73/><E73/><V110/><F110/><T131/><D94/><U54/><E67/><V108/><F108/><T95/><D95/><U111/><E47/><V52/><F107/><T132/><D55/><U92/><E111/><V70/><REACH who="2" step="1"/><F124/><REACH who="2" ten="288,430,322,0" step="2"/><N who="1" m="47657" /><E92/><AGARI ba="0,1" hai="45,51,52,56,63,65,69,70,85,90,92,96,101,104" machi="92" ten="30,11600,0" yaku="1,1,7,1,54,1,53,1" doraHai="116" doraHaiUra="53" who="2" fromWho="1" sc="288,0,430,-116,322,126,0,0" /><INIT seed="2,1,0,1,4,108" ten="288,314,448,0" oya="2" hai0="56,85,102,95,115,37,117,70,100,66,34,86,61" hai1="75,45,94,133,118,125,47,110,41,105,92,55,84" hai2="49,76,67,82,128,119,78,81,111,120,77,79,62" hai3=""/><V131/><N who="2" m="30752" /><V48/><F119/><T42/><D34/><U112/><E75/><V126/><N who="2" m="19456" /><DORA hai="60" /><V98/><F111/><T57/><D117/><U0/><E105/><V101/><F126/><T2/><D2/><U124/><E0/><V38/><F38/><T134/><D134/><U71/><E71/><V83/><F48/><T80/><D42/><U3/><E3/><V73/><F49/><T58/><D37/><U64/><E110/><V46/><F46/><T89/><REACH who="0" step="1"/><D115/><REACH who="0" ten="278,314,448,0" step="2"/><U97/><E133/><V35/><F35/><T96/><D96/><U53/><E97/><V106/><REACH who="2" step="1"/><F73/><REACH who="2" ten="278,314,438,0" step="2"/><T63/><D63/><U104/><E118/><V103/><F103/><T114/><D114/><U99/><E112/><V74/><F74/><T129/><D129/><U36/><E36/><V132/><F132/><T72/><D72/><U135/><E135/><V127/><F127/><T68/><D68/><AGARI ba="1,2" hai="62,67,68,81,82,83,98,101,106,128,131" m="19456,30752" machi="68" ten="60,11600,0" yaku="1,1,52,2,53,0" doraHai="108,60" doraHaiUra="54,88" who="2" fromWho="0" sc="278,-118,314,0,438,138,0,0" /><INIT seed="2,2,0,0,0,93" ten="160,314,576,0" oya="2" hai0="35,40,110,130,116,134,0,108,115,59,33,109,74" hai1="52,41,102,45,43,73,47,1,89,104,48,121,50" hai2="91,81,62,96,51,119,66,80,128,88,37,86,64" hai3=""/><V99/><F37/><T79/><D115/><U123/><N who="1" m="31008" /><U105/><N who="1" m="31520" /><U68/><E1/><V57/><F119/><T46/><D116/><U120/><N who="1" m="30752" /><U84/><E73/><V53/><F128/><T126/><D0/><U118/><E118/><V132/><F132/><T95/><D134/><U113/><E113/><V34/><F34/><N who="0" m="12810" /><D130/><U36/><E68/><V127/><F127/><T42/><D126/><U77/><E77/><V56/><F64/><T106/><D106/><U124/><E102/><V122/><N who="2" m="31264" /><V39/><F39/><T83/><D46/><U92/><E124/><V60/><F60/><T133/><D133/><U114/><E114/><V44/><F44/><AGARI ba="2,0" hai="36,41,43,44,45,47,48,50,52,84,89,92,104,105" m="30752,31520,31008" machi="44" ten="30,8000,1" yaku="7,1,52,3,54,1" doraHai="93" who="1" fromWho="2" sc="160,0,314,84,576,-84,0,0" /><INIT seed="4,0,0,3,2,131" ten="160,398,492,0" oya="0" hai0="124,101,46,113,0,115,52,82,135,3,119,87,63" hai1="62,73,57,64,41,120,77,116,70,118,117,91,48" hai2="56,32,54,76,83,79,130,93,110,72,85,55,50" hai3=""/><T133/><D119/><U105/><N who="1" m="30752" /><U129/><E105/><V95/><F32/><T38/><D101/><U94/><E129/><V74/><F130/><T132/><D124/><U66/><E77/><V69/><F69/><T114/><D38/><U34/><E73/><V68/><F68/><T125/><D125/><U102/><E102/><V127/><F127/><T99/><D99/><U92/><E34/><V65/><F65/><T103/><D103/><U33/><E33/><V37/><F37/><T47/><D63/><U84/><E66/><V96/><F96/><T42/><D42/><U123/><N who="1" m="31520" /><U112/><E112/><V97/><F97/><T121/><N who="0" m="31008" /><T104/><D104/><U75/><E75/><V126/><F126/><T53/><D46/><U51/><E51/><V81/><F50/><T134/><N who="0" m="34304" /><DORA hai="49" /><T61/><D61/><U128/><E128/><V36/><F36/><T58/><D58/><U111/><E41/><V40/><F40/><T59/><D59/><U108/><E48/><V67/><F72/><T88/><D47/><U45/><E45/><V90/><F74/><T78/><D78/><U43/><E43/><V86/><F76/><T107/><D107/><U1/><E57/><V80/><F56/><RYUUKYOKU ba="0,0" sc="160,20,398,-10,492,-10,0,0" hai0="0,3,52,53,82,87,88,113,114,115" /><INIT seed="4,1,0,4,1,108" ten="180,388,482,0" oya="0" hai0="77,84,132,121,53,102,69,134,124,58,47,101,128" hai1="119,33,52,135,129,123,48,49,96,76,37,3,131" hai2="105,114,104,126,110,39,72,80,83,65,122,127,125" hai3=""/><T35/><N who="0" m="31008" /><T61/><D35/><U78/><N who="1" m="31520" /><U87/><E119/><V75/><N who="2" m="31264" /><V94/><F39/><T109/><D109/><U64/><E37/><V45/><F110/><T115/><D115/><U73/><E3/><V57/><F114/><T70/><D128/><U86/><E64/><V120/><N who="2" m="30752" /><V98/><F45/><T60/><D47/><U54/><E96/><V62/><F83/><T63/><D124/><U100/><E100/><N who="0" m="38505" /><D84/><U89/><E89/><V46/><F46/><T90/><D90/><U74/><E33/><V88/><F72/><T91/><D91/><U133/><AGARI ba="1,0" hai="48,49,52,54,73,74,76,78,86,87,129,131,133,135" m="31520" machi="133" ten="25,6000,1" yaku="0,1,22,2,52,1,54,1" doraHai="108" who="1" fromWho="1" sc="180,-41,388,62,482,-21,0,0" /><INIT seed="5,0,0,3,2,61" ten="139,450,461,0" oya="1" hai0="81,128,63,75,112,34,84,48,113,120,122,90,95" hai1="42,79,125,114,37,66,135,71,116,130,57,49,131" hai2="106,68,54,92,78,46,52,105,117,74,115,65,64" hai3=""/><U107/><E107/><V55/><F117/><T82/><N who="0" m="30752" /><T87/><N who="0" m="31264" /><T39/><D34/><U53/><E79/><V126/><F126/><T59/><D39/><U124/><E116/><V3/><F3/><T88/><D48/><U2/><E2/><V108/><F108/><T51/><D51/><U89/><E89/><V58/><F68/><T109/><D109/><U44/><E114/><N who="0" m="44137" /><D128/><N who="1" m="49195" /><E135/><V45/><F58/><T97/><D59/><U43/><E43/><V32/><F32/><T60/><D60/><AGARI ba="0,0" hai="37,42,44,49,53,57,60,66,71,124,125" m="49195" machi="60" ten="30,12000,1" yaku="24,1,19,1,34,2,52,1" doraHai="61" who="1" fromWho="0" sc="139,-120,450,120,461,0,0,0" /><INIT seed="5,1,0,5,5,45" ten="19,570,461,0" oya="1" hai0="103,37,83,40,131,46,99,90,105,111,53,135,60" hai1="87,35,95,104,117,125,76,102,100,127,62,132,65" hai2="67,56,33,32,61,73,0,86,110,134,52,91,126" hai3=""/><U124/><E35/><V82/><F110/><T42/><D111/><U39/><E39/><V54/><F0/><T115/><D115/><U69/><E117/><V71/><F134/><T119/><D119/><U3/><E3/><V66/><F126/><T59/><D135/><U89/><E132/><V38/><F38/><T63/><D131/><U98/><E102/><V122/><N who="2" m="31264" /><V43/><F43/><T81/><D42/><U123/><N who="1" m="31520" /><U107/><REACH who="1" step="1"/><E76/><REACH who="1" ten="19,560,461,0" step="2"/><V129/><F32/><T118/><D118/><U55/><E55/><V120/><N who="2" m="30752" /><V128/><F33/><T94/><REACH who="0" step="1"/><D63/><REACH who="0" ten="9,560,461,0" step="2"/><U48/><E48/><V49/><F129/><T113/><D113/><U34/><E34/><V47/><F128/><T77/><D77/><U2/><E2/><V74/><REACH who="2" step="1"/><F67/><REACH who="2" ten="9,560,451,0" step="2"/><T41/><D41/><U79/><E79/><V70/><F70/><T112/><D112/><U116/><E116/><V88/><F88/><T51/><D51/><AGARI ba="1,3" hai="47,49,51,52,54,56,61,66,71,73,74,82,86,91" m="30752,31264" machi="51" ten="30,12000,2" yaku="1,1,7,1,52,4,54,1,53,0" doraHai="45" doraHaiUra="109" who="2" fromWho="0" sc="9,-122,560,0,451,152,0,0" owari="-113,-71.0,560,16.0,603,55.0,0,0.0" /></mjloggm>