<mjloggm ver="2.3"><GO type="185" lobby="0"/><UN n0="%E5%BF%AB%E9%81%A9" n1="%E3%81%BF%E3%83%BC%E3%82%8F" n2="%E9%95%B7%E5%85%89%E9%BA%BB%E5%A4%9C" n3="" dan="17,17,16,0" rate="2297.78,2249.81,2233.36,1500.00" sx="M,M,M,C"/><TAIKYOKU oya="0"/><INIT seed="0,0,0,4,5,130" ten="350,350,350,0" oya="0" hai0="123,106,39,76,87,128,66,3,129,102,133,119,91" hai1="67,68,69,35,36,64,135,71,108,126,122,60,2" hai2="45,58,84,70,50,121,104,34,38,78,42,112,63" hai3=""/><T65/><N who="0" m="31520" /><T90/><D3/><U117/><N who="1" m="31264" /><U110/><E2/><V48/><N who="2" m="31008" /><V1/><F1/><T111/><D39/><U131/><E35/><V73/><F34/><T32/><D32/><U93/><E131/><N who="0" m="50249" /><D119/><U72/><E72/><V33/><F33/><T118/><D118/><U97/><E117/><V74/><F104/><T80/><D111/><N who="1" m="42539" /><E135/><V59/><F112/><T116/><D116/><U77/><E77/><V56/><F84/><T125/><D125/><U100/><E36/><V124/><F124/><T88/><D133/><U109/><N who="1" m="42547" /><U61/><DORA hai="41" /><E126/><V114/><F114/><T52/><D52/><U82/><E82/><V134/><F134/><T95/><D106/><U94/><E93/><V96/><F38/><T47/><D47/><U51/><E51/><V105/><F50/><T75/><D75/><U85/><E85/><V37/><F37/><T107/><D107/><U83/><E83/><V132/><F132/><T101/><D95/><U46/><E46/><V89/><F74/><T92/><D92/><U0/><E0/><V115/><F105/><T103/><AGARI ba="0,0" hai="65,66,76,80,87,88,90,91,101,102,103" m="50249,31520" machi="103" ten="40,5200,0" yaku="19,1,52,1,54,1" doraHai="130,41" who="0" fromWho="0" sc="350,52,350,-26,350,-26,0,0" /><INIT seed="0,1,0,4,5,35" ten="402,324,324,0" oya="0" hai0="127,106,135,59,91,72,105,1,123,45,44,68,64" hai1="41,115,104,58,113,39,107,83,73,120,110,94,87" hai2="81,84,47,114,93,54,78,100,99,102,77,74,96" hai3=""/><T101/><N who="0" m="31520" /><T57/><D72/><U34/><N who="1" m="30752" /><U70/><E34/><V108/><F108/><T82/><D127/><U33/><E33/><V36/><F36/><T46/><D135/><U42/><E70/><V37/><F37/><T128/><D128/><U88/><E110/><V63/><F63/><T133/><D133/><U3/><E3/><V66/><F66/><T61/><D1/><U86/><E58/><V131/><F54/><T116/><D116/><U89/><E73/><V62/><F47/><T65/><D101/><U38/><E94/><V134/><F62/><T112/><D112/><U118/><REACH who="1" step="1"/><E83/><REACH who="1" ten="402,314,324,0" step="2"/><V56/><F134/><T71/><D59/><U124/><E124/><V132/><F56/><T129/><D57/><U80/><E80/><V75/><F132/><T92/><D82/><U48/><E48/><V40/><F81/><T79/><D68/><U53/><E53/><V50/><F50/><T32/><D32/><U95/><E95/><V117/><F93/><T43/><D92/><U0/><E0/><V2/><F2/><T122/><D71/><U125/><E125/><V126/><F126/><T67/><D122/><U98/><E98/><V111/><F74/><T121/><N who="0" m="31008" /><T119/><D65/><RYUUKYOKU ba="1,1" sc="402,-10,314,20,324,-10,0,0" hai1="38,39,41,42,86,87,88,89,104,107,113,115,118" /><INIT seed="1,2,1,1,4,65" ten="392,334,314,0" oya="1" hai0="64,122,58,44,1,118,80,46,129,59,71,3,131" hai1="37,60,76,97,41,93,72,114,42,96,124,100,66" hai2="61,63,102,89,103,50,94,77,69,132,119,130,123" hai3=""/><U48/><E114/><V91/><N who="2" m="31520" /><V57/><F119/><T127/><N who="0" m="31264" /><T126/><D118/><U70/><E124/><N who="0" m="47657" /><D80/><U0/><E0/><N who="0" m="73" /><D71/><U133/><E133/><V111/><F132/><T40/><D64/><U85/><E37/><V68/><F130/><N who="0" m="49674" /><D46/><U2/><E2/><V49/><F77/><T83/><D83/><U98/><E72/><V62/><F57/><T74/><D74/><U81/><E48/><AGARI ba="2,1" hai="40,44,48,58,59" m="49674,73,47657,31264" machi="48" ten="40,5200,0" yaku="18,1,19,1,52,1" doraHai="65" who="0" fromWho="1" sc="392,66,334,-56,314,0,0,0" /><INIT seed="2,0,0,4,4,45" ten="458,278,314,0" oya="2" hai0="47,48,113,39,43,97,115,41,74,128,110,51,50" hai1="133,61,42,54,86,101,0,60,121,108,118,89,131" hai2="93,82,49,77,117,114,111,95,81,46,102,75,87" hai3=""/><V71/><F117/><T69/><D74/><U55/><N who="1" m="31008" /><U83/><E0/><V105/><F114/><N who="0" m="43530" /><D128/><U35/><E131/><V68/><F111/><T59/><D110/><U126/><E108/><V100/><F68/><T98/><D69/><U122/><N who="1" m="31264" /><U34/><E118/><V52/><F71/><T116/><D116/><U38/><E133/><V132/><F132/><T88/><D43/><U80/><E101/><V92/><REACH who="2" step="1"/><F105/><REACH who="2" ten="458,278,304,0" step="2"/><T73/><D73/><U107/><E107/><V119/><F119/><T64/><D88/><AGARI ba="0,1" hai="46,49,52,75,77,81,82,87,88,92,93,95,100,102" machi="88" ten="40,12000,1" yaku="1,1,52,1,54,2,53,0" doraHai="45" doraHaiUra="1" who="2" fromWho="0" sc="458,-120,278,0,304,130,0,0" /><INIT seed="2,1,0,3,4,110" ten="338,278,434,0" oya="2" hai0="108,91,61,74,134,79,120,97,48,66,56,35,42" hai1="95,33,65,132,1,119,60,133,84,44,72,135,118" hai2="62,0,116,127,111,71,105,63,117,104,57,93,67" hai3=""/><V83/><F0/><T131/><N who="0" m="30752" /><T38/><D35/><U92/><E33/><V34/><F34/><T52/><D108/><U101/><E1/><V89/><F111/><T124/><D124/><U109/><E109/><V43/><F43/><T82/><D134/><U51/><E72/><V106/><F83/><T114/><D131/><U96/><E84/><V76/><F76/><T68/><D114/><U102/><E95/><V45/><F45/><T37/><D42/><U59/><REACH who="1" step="1"/><E102/><REACH who="1" ten="338,268,434,0" step="2"/><V64/><REACH who="2" step="1"/><F127/><REACH who="2" ten="338,268,424,0" step="2"/><T98/><REACH who="0" step="1"/><D91/><REACH who="0" ten="328,268,424,0" step="2"/><U49/><E49/><V47/><F47/><T88/><D88/><U100/><E100/><V81/><F81/><T121/><N who="0" m="31008" /><T53/><D53/><AGARI ba="1,3" hai="44,51,53,59,60,65,92,96,101,118,119,132,133,135" machi="53" ten="40,2600,0" yaku="1,1,20,1,53,0" doraHai="110" doraHaiUra="125" who="1" fromWho="0" sc="328,-28,268,58,424,0,0,0" /><INIT seed="4,0,0,4,3,127" ten="300,326,424,0" oya="0" hai0="97,106,120,75,115,55,70,103,90,2,133,71,78" hai1="73,81,74,84,93,102,85,61,1,46,50,89,92" hai2="109,62,35,52,56,95,83,76,69,42,128,123,100" hai3=""/><T41/><N who="0" m="30752" /><T124/><D2/><U51/><E1/><V118/><N who="2" m="31520" /><V65/><F35/><T39/><D124/><U67/><E73/><V112/><F109/><T79/><D115/><U111/><E111/><V104/><F112/><T59/><D133/><U37/><E37/><V33/><F33/><T101/><D101/><U48/><E74/><V131/><F104/><T94/><D41/><U43/><E102/><V105/><F105/><T98/><D39/><U3/><E3/><V68/><F42/><T63/><REACH who="0" step="1"/><D75/><REACH who="0" ten="290,326,424,0" step="2"/><U36/><REACH who="1" step="1"/><E85/><REACH who="1" ten="290,316,424,0" step="2"/><V32/><F32/><T134/><D134/><U135/><E135/><V130/><F128/><T116/><D116/><U126/><E126/><V121/><F118/><T119/><D119/><U114/><E114/><V117/><F117/><T40/><D40/><U113/><E113/><V77/><N who="2" m="31008" /><V64/><F130/><T107/><D107/><U122/><N who="1" m="31264" /><U38/><E38/><V87/><F131/><T44/><D44/><U47/><E47/><V72/><F72/><T110/><D110/><U99/><E99/><V80/><F87/><T34/><D34/><U54/><E54/><V96/><F52/><T60/><D60/><U86/><E86/><V88/><F96/><RYUUKYOKU ba="0,2" sc="290,10,316,10,424,-20,0,0" hai0="55,59,63,70,71,78,79,90,94,97,98,103,106" hai1="36,43,46,48,50,51,61,67,81,84,89,92,93" /><INIT seed="4,1,2,0,2,94" ten="300,326,404,0" oya="0" hai0="59,124,113,134,37,36,54,69,101,102,96,33,38" hai1="44,111,123,98,0,51,92,120,125,127,74,100,2" hai2="66,126,85,70,115,39,62,68,118,40,89,32,60" hai3=""/><T119/><D33/><U93/><N who="1" m="30752" /><U82/><N who="1" m="31520" /><U128/><E111/><V64/><F32/><T95/><D119/><U90/><E128/><V48/><F115/><T67/><D113/><U53/><E74/><V83/><F118/><T46/><D124/><N who="1" m="47691" /><E82/><V91/><F126/><T73/><D73/><U106/><E106/><V117/><F117/><T131/><D131/><U110/><E110/><V114/><F114/><T84/><D134/><U105/><E105/><V99/><F39/><T71/><D67/><U108/><E108/><V34/><F34/><T75/><D75/><U109/><E109/><V130/><F130/><T87/><D102/><U52/><E53/><V45/><F99/><AGARI ba="1,2" hai="0,2,44,51,52,90,92,93,98,99,100" m="47691,31520,30752" machi="99" ten="30,12000,2" yaku="18,1,52,4,54,1" doraHai="94" who="1" fromWho="2" sc="300,0,326,142,404,-122,0,0" /><INIT seed="5,0,0,3,3,52" ten="300,468,282,0" oya="1" hai0="40,124,60,69,105,131,62,2,78,82,90,108,76" hai1="3,1,66,88,94,74,128,80,132,122,39,111,77" hai2="83,95,129,63,97,85,93,75,123,50,130,103,106" hai3=""/><U36/><N who="1" m="31264" /><U112/><E112/><V118/><N who="2" m="31520" /><V79/><F63/><T109/><D2/><U104/><E132/><V33/><F33/><T59/><D124/><U42/><E104/><V119/><F50/><T44/><D131/><N who="2" m="50186" /><F75/><T37/><D105/><U135/><E128/><V117/><AGARI ba="0,0" hai="79,83,85,93,95,97,103,106,117,118,119" m="50186,31520" machi="117" ten="40,6000,1" yaku="19,1,34,2,52,1" doraHai="52" who="2" fromWho="2" sc="300,-20,468,-40,282,60,0,0" /><INIT seed="6,0,0,0,1,98" ten="280,428,342,0" oya="2" hai0="102,47,49,3,77,59,69,114,68,33,107,54,120" hai1="36,34,61,104,70,88,43,109,0,58,127,55,74" hai2="83,130,122,106,76,92,63,2,73,65,56,40,90" hai3=""/><V116/><N who="2" m="31264" /><V86/><F2/><T94/><N who="0" m="30752" /><T126/><D3/><U35/><E0/><V111/><F111/><T85/><D33/><U79/><E109/><V99/><F130/><T113/><D126/><U64/><E104/><V133/><F133/><T97/><D59/><U42/><E127/><V129/><F129/><T52/><D54/><U82/><E88/><V119/><F40/><T131/><D131/><U118/><E118/><V80/><REACH who="2" step="1"/><F106/><REACH who="2" ten="280,428,332,0" step="2"/><T81/><REACH who="0" step="1"/><D107/><REACH who="0" ten="270,428,332,0" step="2"/><U32/><E34/><V67/><F67/><T37/><D37/><U78/><E32/><V132/><F132/><T123/><N who="0" m="31520" /><T46/><D46/><U101/><E36/><V62/><F62/><T103/><D103/><AGARI ba="0,2" hai="56,63,65,73,76,80,83,86,90,92,99,103,116,119" m="31264" machi="103" ten="30,12000,1" yaku="1,1,7,1,52,2,53,1" doraHai="98" doraHaiUra="91" who="2" fromWho="0" sc="270,-120,428,0,332,140,0,0" owari="150,-45.0,428,3.0,472,42.0,0,0.0" /></mjloggm>