<mjloggm ver="2.3"><GO type="169" lobby="0"/><UN n0="%E3%81%BE%E3%81%8F%E3%81%A9%E3%81%AA%E3%82%8B%E3%81%AA%E3%82%8B%E3%81%A9" n1="%E3%81%82%E3%81%84%E3%81%A0%E3%81%A6" n2="%E3%82%AA%E3%83%AA%E5%A7%AB%E5%A5%B3%E5%AD%90" n3="%E6%B2%B3%E5%B6%8B%4B%4B" dan="16,16,16,19" rate="2140.93,2096.79,2056.37,2255.36" sx="M,M,F,M"/><TAIKYOKU oya="0"/><INIT seed="0,0,0,4,3,12" ten="250,250,250,250" oya="0" hai0="8,67,92,123,122,3,13,26,7,16,11,24,55" hai1="50,59,39,127,27,53,75,57,97,82,106,19,100" hai2="117,87,33,21,64,116,108,76,88,61,43,113,126" hai3="135,93,40,132,129,15,17,70,25,66,65,6,0"/><T42/><D67/><U4/><E4/><V119/><F108/><W80/><G40/><T31/><D42/><U48/><E39/><V102/><F113/><W85/><G129/><T46/><D92/><U49/><E127/><V107/><F126/><W83/><G25/><N who="0" m="9835" /><D55/><U98/><E98/><N who="2" m="61911" /><F33/><W38/><G38/><T109/><D46/><U99/><E99/><V71/><F43/><W37/><G37/><T128/><D128/><U73/><E82/><N who="2" m="49271" /><F21/><W41/><G41/><T112/><D112/><U78/><E78/><AGARI ba="0,0" hai="61,64,71,76,78,116,117,119" m="49271,61911" machi="78" ten="30,2000,0" yaku="12,1,54,1" doraHai="12" who="2" fromWho="1" sc="250,0,250,-20,250,20,250,0" /><INIT seed="1,0,0,0,4,63" ten="250,230,270,250" oya="1" hai0="72,126,42,58,81,75,132,48,96,7,78,54,84" hai1="119,45,28,100,110,57,70,90,112,103,6,64,40" hai2="131,56,18,121,44,10,104,108,97,12,27,101,127" hai3="29,124,95,89,30,8,9,59,130,107,51,91,68"/><U115/><E119/><V33/><F108/><W109/><G107/><T128/><D128/><U66/><E70/><V82/><F131/><W23/><G130/><T87/><D126/><U31/><E6/><V46/><F127/><W76/><G68/><T123/><D132/><U86/><E110/><V41/><F121/><W105/><G105/><T120/><D7/><U53/><E112/><V65/><F82/><W21/><G76/><T3/><D3/><U85/><E45/><V77/><F77/><W24/><G124/><T83/><D42/><U34/><E40/><V4/><F41/><W74/><G74/><T99/><D75/><U93/><E85/><N who="0" m="32841" /><D83/><U49/><E115/><V47/><F33/><W125/><G125/><T80/><D80/><U114/><E114/><V118/><F118/><W16/><G95/><T71/><D71/><U25/><REACH who="1" step="1"/><E31/><REACH who="1" ten="250,220,270,250" step="2"/><V111/><F111/><W135/><G30/><T52/><D123/><U102/><AGARI ba="0,1" hai="25,28,34,49,53,57,64,66,86,90,93,100,102,103" machi="102" ten="30,12000,1" yaku="1,1,2,1,0,1,52,2,53,0" doraHai="63" doraHaiUra="14" who="1" fromWho="1" sc="250,-40,220,130,270,-40,250,-40" /><INIT seed="1,1,0,4,2,64" ten="210,350,230,210" oya="1" hai0="36,27,121,35,88,39,69,96,119,110,38,66,63" hai1="54,6,133,129,51,84,13,17,1,57,20,68,123" hai2="5,55,112,95,26,10,15,89,91,59,74,67,29" hai3="132,25,43,109,127,106,77,79,107,76,90,114,85"/><U2/><E123/><V131/><F131/><W98/><G43/><T81/><D119/><U52/><E129/><V62/><F74/><W61/><G61/><T31/><D121/><U48/><E68/><V120/><F120/><W14/><G14/><T104/><D110/><U113/><E113/><V128/><F128/><W134/><G25/><T124/><D124/><U72/><E72/><V80/><F112/><W99/><G114/><T8/><D8/><U4/><E133/><N who="3" m="51306" /><G109/><T23/><D81/><U34/><E34/><V22/><F80/><N who="3" m="49447" /><G127/><T0/><D0/><U32/><E32/><V49/><REACH who="2" step="1"/><F95/><REACH who="2" ten="210,350,220,210" step="2"/><W18/><G18/><T101/><REACH who="0" step="1"/><D88/><REACH who="0" ten="200,350,220,210" step="2"/><U33/><E4/><V65/><F65/><W125/><G125/><T16/><D16/><U108/><E6/><V94/><F94/><W21/><G79/><T3/><D3/><U116/><E116/><V135/><F135/><W53/><G77/><T93/><D93/><U103/><E1/><V118/><F118/><W56/><G76/><T75/><D75/><U41/><E2/><V86/><F86/><W92/><G92/><T82/><D82/><U11/><E108/><V71/><AGARI ba="1,2" hai="5,10,15,22,26,29,49,55,59,62,67,71,89,91" machi="71" ten="20,5200,0" yaku="1,1,0,1,7,1,52,1,53,0" doraHai="64" doraHaiUra="126" who="2" fromWho="2" sc="200,-14,350,-27,220,75,210,-14" /><INIT seed="2,0,0,1,2,97" ten="186,323,295,196" oya="2" hai0="52,92,70,121,62,120,34,54,131,18,46,4,82" hai1="44,115,19,0,53,100,102,98,38,1,20,112,33" hai2="110,51,128,125,55,114,89,27,56,12,64,81,17" hai3="28,60,133,24,48,16,15,129,45,29,103,87,42"/><V7/><F114/><W95/><G129/><T14/><D34/><U84/><E33/><V31/><F128/><W94/><G133/><T86/><D131/><U72/><E72/><V113/><F113/><W11/><G94/><T3/><D92/><U58/><E112/><V32/><F125/><W96/><G87/><T105/><D105/><U122/><E98/><V26/><F26/><W8/><G24/><T9/><D70/><U63/><E122/><V118/><F118/><W119/><G119/><T41/><D62/><U127/><E127/><V108/><F7/><W134/><G134/><T93/><D93/><U88/><E0/><V23/><REACH who="2" step="1"/><F64/><REACH who="2" ten="186,323,285,196" step="2"/><W50/><G29/><T47/><D121/><U69/><E115/><V132/><F132/><W90/><G28/><T73/><D120/><U40/><E1/><V106/><F106/><W67/><G50/><T116/><D116/><U75/><E69/><V61/><F61/><W135/><G135/><T35/><D3/><U117/><E117/><V65/><F65/><W6/><G60/><T49/><D4/><U80/><E75/><V79/><F79/><W130/><G67/><T36/><D73/><U78/><E78/><V37/><F37/><W21/><G130/><T13/><D13/><AGARI ba="0,1" hai="13,19,20,38,40,44,53,58,63,80,84,88,100,102" machi="13" ten="30,7700,0" yaku="7,1,52,2,54,1" doraHai="97" who="1" fromWho="0" sc="186,-77,323,87,285,0,196,0" /><INIT seed="3,0,0,4,5,79" ten="109,410,285,196" oya="3" hai0="65,56,103,83,52,120,90,68,132,57,45,60,75" hai1="38,100,18,1,133,17,63,37,59,80,9,112,21" hai2="88,23,105,66,16,126,72,95,7,12,85,64,14" hai3="130,19,71,46,99,40,11,96,78,92,28,43,89"/><W48/><G130/><T118/><D120/><U26/><E112/><V97/><F126/><W10/><G71/><T2/><D118/><U109/><E100/><V122/><F72/><W32/><G32/><T113/><D2/><U82/><E109/><V54/><F122/><W102/><G28/><T42/><D132/><U51/><E133/><V61/><F105/><W69/><G69/><T67/><D113/><U101/><E101/><V4/><F97/><W115/><G115/><T29/><D29/><U134/><E134/><V49/><F12/><W111/><G111/><T33/><D33/><U30/><E38/><V6/><REACH who="2" step="1"/><F61/><REACH who="2" ten="109,410,275,196" step="2"/><W106/><G99/><T76/><D103/><U70/><E1/><V24/><F24/><W8/><G106/><T104/><D104/><U127/><E37/><V35/><F35/><W55/><G102/><T27/><D27/><U41/><E127/><V22/><F22/><W124/><G124/><T77/><D75/><U129/><E129/><V15/><F15/><W31/><G11/><T3/><D3/><U116/><E9/><V39/><F39/><W62/><G10/><T119/><D60/><U123/><E123/><V58/><AGARI ba="0,1" hai="4,6,7,14,16,23,49,54,58,64,66,85,88,95" machi="58" ten="30,12000,2" yaku="1,1,0,1,25,2,8,1,54,2,53,0" doraHai="79" doraHaiUra="74" who="2" fromWho="2" sc="109,-30,410,-30,275,130,196,-60" /><INIT seed="4,0,0,0,5,64" ten="79,380,405,136" oya="0" hai0="60,131,32,47,135,50,97,6,31,87,101,35,117" hai1="132,109,121,89,113,102,15,63,70,57,88,58,96" hai2="106,44,81,93,30,17,67,86,41,42,69,5,119" hai3="77,40,11,26,95,7,80,100,83,65,124,52,1"/><T13/><D117/><U74/><E121/><V90/><F106/><W73/><G124/><T66/><D131/><U56/><E74/><V107/><F107/><W110/><G110/><T98/><D135/><U3/><E3/><V55/><F119/><W49/><G40/><T105/><D98/><U61/><E109/><V24/><F5/><W78/><G65/><T8/><D31/><U72/><E72/><V34/><F17/><W4/><G4/><T122/><D122/><U36/><E36/><V54/><F42/><W39/><G39/><T116/><D87/><U12/><E70/><V99/><F67/><W45/><G26/><T25/><D25/><U104/><E113/><V125/><F69/><W20/><G20/><T18/><D6/><U126/><E126/><V128/><F128/><W82/><REACH who="3" step="1"/><G73/><REACH who="3" ten="79,380,405,126" step="2"/><T133/><D116/><U14/><REACH who="1" step="1"/><E132/><REACH who="1" ten="79,370,405,126" step="2"/><V129/><F125/><W53/><G53/><T118/><D133/><U37/><E37/><V79/><F129/><W23/><G23/><T0/><D118/><U22/><E22/><V28/><F55/><W123/><G123/><T46/><D0/><U71/><E71/><V51/><F54/><W134/><G134/><T115/><D115/><U48/><E48/><V130/><F130/><W62/><G62/><AGARI ba="0,2" hai="12,14,15,56,57,58,61,62,63,88,89,96,102,104" machi="62" ten="40,2600,0" yaku="1,1,54,1,53,0" doraHai="64" doraHaiUra="120" who="1" fromWho="3" sc="79,0,370,46,405,0,126,-26" /><INIT seed="5,0,0,1,2,10" ten="79,416,405,100" oya="1" hai0="27,66,42,14,59,41,119,18,23,113,22,44,55" hai1="34,130,12,110,63,45,117,123,112,32,111,29,87" hai2="80,134,61,62,2,118,33,79,54,82,39,98,48" hai3="13,77,131,76,132,72,9,43,71,28,85,67,74"/><U97/><E117/><V124/><F124/><W100/><G43/><T68/><D119/><U78/><E123/><V19/><F134/><W108/><G108/><N who="1" m="41514" /><E29/><V36/><F118/><W6/><G132/><T31/><D113/><U115/><E130/><V81/><F33/><N who="1" m="12905" /><E97/><V56/><F2/><W17/><G28/><T102/><D102/><U58/><E45/><V21/><F79/><W86/><G100/><T30/><D68/><U126/><E126/><V91/><F39/><W135/><G135/><T90/><D66/><N who="1" m="39287" /><E78/><V107/><F36/><W93/><G131/><T88/><D30/><U103/><E87/><V105/><F105/><W24/><G67/><T106/><D106/><U53/><E53/><V104/><F104/><W20/><G71/><T47/><D42/><U116/><E103/><V37/><F37/><W64/><G64/><T122/><D122/><U7/><E116/><V89/><F107/><W52/><G74/><T127/><D127/><U5/><E5/><V46/><F46/><N who="0" m="17450" /><D41/><U92/><E92/><N who="2" m="56591" /><F91/><N who="3" m="53495" /><G72/><T83/><D83/><U101/><E101/><V50/><F62/><AGARI ba="0,0" hai="14,18,22,23,27,31,55,59,62,88,90" m="17450" machi="62" ten="30,3900,0" yaku="8,1,52,1,54,1" doraHai="10" who="0" fromWho="2" sc="79,39,416,0,405,-39,100,0" /><INIT seed="6,0,0,0,0,28" ten="118,416,366,100" oya="2" hai0="108,46,50,41,68,120,65,115,75,89,17,74,20" hai1="88,5,49,18,42,26,133,127,101,21,67,125,99" hai2="22,37,61,33,90,9,109,35,62,135,82,111,32" hai3="71,124,31,83,47,86,0,4,10,44,23,112,25"/><V45/><F135/><W1/><G124/><N who="1" m="47690" /><E133/><V134/><F134/><W122/><G122/><T36/><D120/><U16/><E5/><V55/><F22/><W102/><G71/><T2/><D2/><U6/><E6/><V130/><F130/><W34/><G0/><T24/><D115/><U43/><E67/><V103/><F103/><W100/><G112/><T56/><D108/><N who="2" m="41546" /><F9/><W19/><G102/><T79/><D79/><U29/><E101/><V129/><F129/><W30/><G100/><T69/><D89/><U113/><E113/><V94/><F82/><W53/><G53/><N who="0" m="31799" /><D69/><U40/><E49/><N who="2" m="29103" /><F37/><W38/><G31/><T72/><D72/><U98/><E98/><AGARI ba="0,0" hai="32,33,35,61,62,90,94,98" m="29103,41546" machi="98" ten="40,12000,1" yaku="10,1,52,3" doraHai="28" who="2" fromWho="1" sc="118,0,416,-120,366,120,100,0" /><INIT seed="6,1,0,4,0,5" ten="118,296,486,100" oya="2" hai0="37,71,14,29,76,3,17,110,96,121,130,72,60" hai1="9,16,7,50,59,65,33,111,118,134,73,40,123" hai2="11,117,2,100,24,18,57,64,90,44,10,125,54" hai3="38,75,0,116,6,45,99,36,109,20,28,95,131"/><V92/><F125/><W83/><G109/><T126/><D29/><U135/><E73/><V35/><F117/><W88/><G116/><T74/><D76/><U105/><E105/><V81/><F2/><W32/><G32/><T43/><D121/><U41/><E33/><V1/><F1/><W30/><G131/><T128/><D110/><U102/><E111/><V119/><F119/><W115/><G115/><T69/><D3/><N who="1" m="255" /><E102/><V85/><F64/><W8/><G20/><T62/><D126/><U87/><E87/><V21/><F35/><W15/><G15/><T46/><D96/><U68/><E68/><N who="0" m="26185" /><D74/><U78/><E78/><N who="2" m="46263" /><F44/><W52/><G38/><T80/><D80/><U48/><E40/><V82/><F82/><W97/><G97/><T70/><D72/><U89/><E41/><V108/><F100/><W31/><G36/><T112/><D112/><U86/><E59/><V25/><F25/><W93/><G93/><T55/><D70/><U106/><E65/><V47/><F47/><W129/><G129/><N who="0" m="49771" /><D55/><U67/><E67/><V107/><F107/><W122/><G122/><T63/><D63/><U58/><E106/><V23/><F23/><AGARI ba="1,0" hai="14,17,23,37,43,46,60,62" m="49771,26185" machi="23" ten="30,1000,0" yaku="19,1" doraHai="5" who="0" fromWho="2" sc="118,13,296,0,486,-13,100,0" /><INIT seed="7,0,0,0,2,10" ten="131,296,473,100" oya="3" hai0="41,56,88,48,74,67,21,114,64,99,117,53,103" hai1="82,26,3,8,28,91,62,52,4,36,85,83,109" hai2="2,113,25,66,73,79,98,124,130,128,131,14,46" hai3="94,16,65,119,89,45,112,23,86,129,133,95,59"/><W102/><G119/><T93/><D117/><U87/><E36/><V123/><F113/><W42/><G112/><T75/><D114/><U57/><E109/><V72/><F124/><W1/><G1/><T58/><D41/><U63/><E63/><V120/><F2/><W51/><G129/><T38/><D38/><U6/><E6/><V49/><F66/><N who="0" m="25130" /><D75/><N who="2" m="28746" /><F79/><W84/><G133/><T22/><D74/><U60/><E60/><V107/><F14/><N who="3" m="9623" /><G102/><T134/><D134/><U68/><E68/><V33/><F25/><W125/><G125/><T71/><D71/><U37/><E37/><V40/><F33/><W43/><G43/><T70/><D70/><U104/><E104/><V12/><F12/><W106/><G106/><T24/><D24/><U115/><E115/><V92/><F107/><W108/><G108/><T121/><D121/><U18/><E18/><V29/><F29/><W19/><G19/><T35/><D35/><U54/><E54/><V110/><F110/><W47/><G47/><N who="0" m="27807" /><D103/><AGARI ba="0,0" hai="40,46,49,92,98,103,120,123,128,130,131" m="28746" machi="103" ten="40,1300,0" yaku="19,1" doraHai="10" who="2" fromWho="0" sc="131,-13,296,0,473,13,100,0" owari="118,-28.0,296,10.0,486,58.0,100,-40.0" /></mjloggm>