<mjloggm ver="2.3"><GO type="169" lobby="0"/><UN n0="%E9%BA%BB%E9%9B%80%E3%81%A7%E9%A3%9F%E3%81%88%21" n1="%E3%81%B5%E3%81%98%E3%81%8B%E3%81%A4" n2="%E3%81%B5%E3%81%8F%E3%82%8D%E3%81%86%E3%81%95%E3%82%93" n3="%47%2E%4B%2E" dan="18,16,18,17" rate="2220.77,2159.23,2210.95,2200.06" sx="M,M,F,M"/><TAIKYOKU oya="0"/><INIT seed="0,0,0,1,1,17" ten="250,250,250,250" oya="0" hai0="90,30,109,69,18,104,49,72,135,15,114,79,67" hai1="111,95,13,62,39,126,93,40,130,25,108,98,44" hai2="36,61,127,9,27,53,100,6,55,86,66,81,112" hai3="134,14,42,121,34,19,3,88,23,28,20,10,8"/><T107/><D114/><U117/><E117/><V78/><F112/><W80/><G42/><T106/><D135/><U97/><E13/><V56/><F127/><W32/><G134/><T47/><D30/><U128/><E62/><V54/><F36/><W115/><G115/><T70/><D67/><U2/><E2/><V12/><F100/><W85/><G121/><T1/><D1/><U33/><E126/><V116/><F116/><W65/><G65/><T48/><D90/><U77/><E77/><V131/><F131/><N who="1" m="50217" /><E33/><V26/><AGARI ba="0,0" hai="6,9,12,26,27,53,54,55,56,61,66,78,81,86" machi="26" ten="30,2000,0" yaku="0,1,8,1" doraHai="17" who="2" fromWho="2" sc="250,-10,250,-5,250,20,250,-5" /><INIT seed="1,0,0,2,1,16" ten="240,245,270,245" oya="1" hai0="107,133,118,18,34,76,94,63,37,14,132,96,86" hai1="62,19,135,5,7,11,15,43,39,60,10,58,112" hai2="125,124,41,3,24,70,26,102,54,73,66,33,59" hai3="55,61,115,1,93,104,50,85,28,79,8,52,113"/><U101/><E112/><V25/><F73/><W72/><G104/><T129/><D118/><U75/><E135/><N who="0" m="51785" /><D34/><U48/><E75/><V2/><F33/><W83/><G28/><T117/><D117/><U111/><E39/><V4/><F41/><W106/><G106/><T20/><D37/><U40/><E101/><V114/><F114/><W108/><G108/><T134/><N who="0" m="51793" /><T51/><DORA hai="95" /><D107/><U80/><E111/><V64/><F102/><W53/><G61/><T128/><D63/><U110/><E110/><V6/><F70/><W90/><REACH who="3" step="1"/><G50/><REACH who="3" ten="240,245,270,235" step="2"/><T17/><D51/><U84/><E60/><V99/><F125/><W45/><G45/><T57/><D57/><U12/><E48/><V81/><F124/><W120/><G120/><T67/><D67/><U56/><E58/><V68/><F66/><W9/><G9/><T42/><D129/><U98/><E56/><V123/><F64/><W71/><G71/><T130/><D128/><U122/><E62/><V92/><F68/><W38/><G38/><T126/><D126/><U78/><E122/><V27/><F123/><W91/><G91/><N who="0" m="55391" /><D130/><U0/><E0/><V127/><F2/><W116/><G116/><T88/><D76/><U131/><E131/><V100/><F127/><W65/><G65/><T22/><D88/><U89/><E19/><V47/><F47/><W87/><G87/><T74/><D86/><U23/><E78/><V13/><F59/><W103/><G103/><T35/><D74/><U21/><E98/><V29/><F99/><W44/><G44/><T49/><D18/><U36/><E36/><RYUUKYOKU ba="0,1" sc="240,-15,245,15,270,-15,235,15" hai1="5,7,10,11,12,15,21,23,40,43,80,84,89" hai3="1,8,52,53,55,72,79,83,85,90,93,113,115" /><INIT seed="1,1,1,0,1,99" ten="225,260,255,250" oya="1" hai0="83,103,3,90,89,51,17,52,118,11,128,34,126" hai1="134,77,85,64,30,41,110,48,80,38,114,55,5" hai2="43,19,4,67,42,65,22,7,115,23,106,32,40" hai3="127,66,98,84,47,21,74,14,24,97,101,53,1"/><U62/><E114/><V9/><F32/><W63/><G74/><T131/><D34/><U121/><E121/><V88/><F106/><W60/><G1/><T104/><D118/><U79/><E30/><V45/><F115/><W111/><G111/><T124/><D104/><U109/><E5/><N who="2" m="2123" /><F45/><W27/><G127/><N who="0" m="48683" /><D3/><U46/><E134/><V130/><F130/><N who="0" m="49706" /><D103/><U25/><E25/><V44/><F44/><W15/><G24/><T72/><D72/><U20/><E20/><N who="2" m="7723" /><F88/><N who="0" m="33898" /><D83/><U94/><E94/><V71/><F71/><W81/><G81/><T68/><D68/><N who="1" m="42007" /><E79/><V133/><F133/><W119/><G119/><T36/><D36/><U105/><E105/><V117/><F117/><W116/><G116/><T28/><D28/><U39/><E39/><V86/><F86/><W31/><G84/><T8/><D17/><U78/><E77/><V58/><F58/><AGARI ba="1,1" hai="8,11,51,52,58" m="33898,49706,48683" machi="58" ten="30,7700,0" yaku="18,1,19,1,54,2" doraHai="99" who="0" fromWho="2" sc="225,90,260,0,255,-80,250,0" /><AGARI ba="1,0" hai="38,41,46,48,55,58,78,80,85,109,110" m="42007" machi="58" ten="30,1500,0" yaku="24,1" doraHai="99" who="1" fromWho="2" sc="315,0,260,15,175,-15,250,0" /><INIT seed="1,2,0,4,4,71" ten="315,275,160,250" oya="1" hai0="97,44,87,127,66,35,19,28,36,74,104,131,33" hai1="86,27,85,96,117,69,133,115,112,20,26,10,31" hai2="124,52,76,128,43,125,134,61,119,102,99,77,14" hai3="110,113,2,48,65,8,6,98,60,5,103,70,13"/><U22/><E69/><V24/><F119/><W59/><G110/><T72/><D19/><U58/><E117/><V45/><F24/><W53/><G113/><T68/><D87/><U129/><E129/><V94/><F14/><W78/><G78/><T21/><D21/><U132/><E58/><V38/><F128/><W41/><G41/><N who="0" m="22567" /><D131/><U92/><E10/><V64/><F134/><N who="1" m="51817" /><E86/><V23/><F23/><W95/><REACH who="3" step="1"/><G2/><REACH who="3" ten="315,275,160,240" step="2"/><T4/><D127/><U101/><E85/><V16/><F77/><W105/><G105/><T135/><D135/><U49/><E115/><V75/><F76/><W122/><G122/><T30/><D104/><U80/><E112/><V3/><F3/><W29/><G29/><T55/><D30/><N who="1" m="17735" /><E80/><V32/><F75/><W15/><G15/><T126/><D72/><U111/><E111/><V120/><F120/><W130/><G130/><T42/><D74/><U40/><E40/><V54/><F125/><W17/><AGARI ba="2,1" hai="5,6,8,13,17,48,53,59,60,65,70,95,98,103" machi="17" ten="20,5200,0" yaku="1,1,0,1,7,1,53,1" doraHai="71" doraHaiUra="57" who="3" fromWho="3" sc="315,-15,275,-28,160,-15,240,68" /><INIT seed="2,0,0,0,0,12" ten="300,247,145,308" oya="2" hai0="90,108,111,82,132,40,113,117,67,129,79,62,78" hai1="94,70,81,19,83,124,126,101,121,53,125,33,66" hai2="115,29,3,0,133,95,59,97,77,14,26,39,34" hai3="24,84,57,75,72,58,25,61,36,102,11,55,49"/><V13/><F39/><W71/><G36/><T87/><D113/><U99/><E33/><V30/><F115/><W96/><G71/><T74/><D117/><U120/><E70/><V6/><F133/><W107/><G84/><T100/><D132/><U56/><E66/><V32/><F77/><W93/><G107/><T131/><D40/><U47/><E47/><V42/><F42/><W116/><G116/><T134/><D134/><U119/><E119/><V98/><F59/><W91/><G102/><T105/><D62/><U64/><E64/><V2/><F95/><W51/><G51/><T73/><D67/><U18/><E81/><V1/><F98/><W104/><G104/><T60/><D60/><N who="1" m="35855" /><E83/><V48/><F97/><W23/><G75/><N who="0" m="28683" /><D100/><U44/><E44/><V17/><F48/><W37/><G72/><T118/><D105/><U68/><E68/><V27/><REACH who="2" step="1"/><F17/><AGARI ba="0,0" hai="17,18,19,94,99,101,120,121,124,125,126" m="35855" machi="17" ten="40,8000,1" yaku="18,1,52,3" doraHai="12" who="1" fromWho="2" sc="300,0,247,80,145,-80,308,0" /><INIT seed="3,0,0,5,4,14" ten="300,327,65,308" oya="3" hai0="113,4,44,46,34,131,86,28,39,121,55,125,108" hai1="5,128,84,127,123,118,91,80,15,32,6,63,105" hai2="43,52,94,79,2,19,85,134,11,18,62,116,12" hai3="110,72,65,111,73,56,92,102,81,24,41,119,40"/><W129/><G119/><T68/><D121/><U30/><E123/><V13/><F116/><W3/><G3/><T115/><D68/><U70/><E118/><V77/><F134/><W133/><G133/><T87/><D4/><U76/><E105/><V37/><F2/><W22/><G129/><T61/><D131/><U101/><E128/><V100/><F37/><W135/><G135/><T54/><D125/><U98/><E127/><V17/><F43/><W120/><G120/><T8/><D8/><U45/><E45/><N who="0" m="17513" /><D39/><U130/><E130/><V20/><F19/><N who="3" m="12383" /><G81/><T31/><D34/><U51/><E51/><V71/><F71/><W57/><G92/><T83/><D61/><U95/><E32/><V38/><F38/><W112/><G102/><T16/><D16/><U97/><E30/><N who="0" m="11305" /><D108/><N who="3" m="41513" /><G112/><N who="0" m="43083" /><D87/><U42/><E70/><V53/><F85/><W117/><G117/><T29/><N who="0" m="11313" /><T82/><DORA hai="33" /><D82/><U23/><E63/><V126/><F126/><W66/><G56/><T49/><D49/><U69/><E69/><V78/><REACH who="2" step="1"/><F62/><REACH who="2" ten="300,327,55,308" step="2"/><N who="3" m="38095" /><G66/><T93/><D83/><U104/><E80/><V7/><F7/><W103/><G103/><T122/><D122/><U64/><E5/><V25/><F25/><W60/><G60/><T90/><AGARI ba="0,1" hai="54,55,86,90,93" m="43083,11313,17513" machi="90" ten="40,1500,0" yaku="11,1" doraHai="14,33" who="0" fromWho="0" sc="300,25,327,-4,55,-4,308,-7" /><INIT seed="4,0,0,5,1,111" ten="325,323,51,301" oya="0" hai0="38,66,24,65,76,43,37,45,88,22,26,106,113" hai1="16,74,103,129,75,82,41,84,50,40,13,126,18" hai2="118,93,70,87,120,133,29,34,7,42,58,12,107" hai3="112,101,53,109,14,55,33,59,125,69,19,83,124"/><T98/><D37/><U132/><E132/><V20/><F120/><W39/><G69/><T79/><D26/><U104/><E129/><V8/><F107/><W28/><G39/><T27/><D24/><U72/><E126/><N who="3" m="48746" /><G101/><T1/><D1/><U57/><E104/><V108/><F108/><W23/><G109/><T127/><D127/><U71/><E103/><V44/><F70/><W63/><G33/><T100/><D113/><U9/><E71/><V17/><F133/><W51/><G28/><T56/><D88/><U11/><E57/><V36/><F118/><W119/><G83/><T6/><D6/><U73/><N who="1" m="18432" /><DORA hai="77" /><U60/><E60/><V92/><F58/><N who="3" m="33087" /><G119/><T30/><REACH who="0" step="1"/><D56/><REACH who="0" ten="315,323,51,301" step="2"/><U64/><E13/><V131/><F131/><W25/><G112/><T114/><D114/><U54/><E18/><V32/><F32/><W117/><G117/><T15/><D15/><AGARI ba="0,1" hai="14,15,19,23,25,55,59,63" m="33087,48746" machi="15" ten="30,1000,0" yaku="18,1" doraHai="111,77" who="3" fromWho="0" sc="315,-10,323,0,51,0,301,20" /><INIT seed="5,0,0,4,5,53" ten="305,323,51,321" oya="1" hai0="15,30,58,112,83,9,56,8,81,57,31,116,20" hai1="16,51,98,120,50,41,130,118,119,72,75,93,80" hai2="25,123,109,76,90,95,63,106,88,22,103,111,121" hai3="2,7,135,10,66,108,35,132,18,71,6,48,60"/><U46/><E120/><N who="2" m="46155" /><F22/><W97/><G108/><N who="2" m="41545" /><F25/><W0/><G18/><N who="0" m="10335" /><D116/><U89/><E130/><V70/><F70/><W62/><G48/><T42/><D42/><U92/><E75/><V37/><F63/><W47/><G97/><T125/><D125/><U104/><E92/><V44/><F44/><W11/><G47/><T14/><D112/><U77/><E51/><V19/><F19/><W3/><G3/><T1/><D1/><U78/><E78/><V26/><F26/><W4/><G4/><N who="0" m="3335" /><D9/><U101/><REACH who="1" step="1"/><E16/><REACH who="1" ten="305,313,51,321" step="2"/><V59/><F37/><W39/><G39/><T87/><D83/><U27/><E27/><V129/><F129/><W29/><G62/><T69/><D69/><U5/><E5/><V28/><F28/><W24/><AGARI ba="0,1" hai="0,2,6,7,10,11,24,29,35,60,66,71,132,135" machi="24" ten="30,7900,0" yaku="0,1,9,1,23,2" doraHai="53" who="3" fromWho="3" sc="305,-20,313,-39,51,-20,321,89" /><INIT seed="6,0,0,5,1,92" ten="285,274,31,410" oya="2" hai0="12,58,72,99,129,54,125,60,107,44,30,110,64" hai1="77,128,90,106,86,95,57,74,19,101,116,31,46" hai2="47,24,43,2,122,94,91,81,109,118,123,68,1" hai3="36,55,70,103,98,37,124,11,26,134,97,130,96"/><V35/><F118/><W51/><G70/><T6/><D110/><U38/><E116/><V83/><F68/><W65/><G65/><T29/><D72/><U127/><E31/><V34/><F109/><W9/><G103/><T80/><D125/><U16/><E127/><V112/><F112/><W132/><G124/><T22/><D129/><U131/><E57/><V67/><F67/><W0/><G130/><N who="1" m="49706" /><E46/><V13/><F13/><W48/><G26/><T78/><D107/><U63/><E63/><V18/><F18/><W135/><G48/><T62/><D44/><U50/><E50/><V21/><F34/><W25/><G25/><T76/><D62/><U73/><E38/><N who="3" m="14954" /><G0/><T49/><D60/><U41/><E41/><V69/><F69/><W85/><G85/><T89/><D64/><U4/><E4/><V39/><F35/><W27/><G27/><N who="0" m="16631" /><D30/><U33/><E33/><V113/><F113/><W53/><G53/><T14/><D80/><N who="2" m="30794" /><F1/><W93/><G93/><N who="0" m="56751" /><D12/><U45/><E45/><AGARI ba="0,0" hai="9,11,45,51,55,96,97,98,132,134,135" m="14954" machi="45" ten="40,8000,1" yaku="20,1,52,3" doraHai="92" who="3" fromWho="1" sc="285,0,274,-80,31,0,410,80" /><INIT seed="7,0,0,5,1,33" ten="285,194,31,490" oya="3" hai0="24,120,57,55,54,96,101,126,86,100,107,35,119" hai1="91,106,15,48,90,13,60,5,121,78,93,113,128" hai2="0,104,98,7,122,29,73,105,23,132,10,116,38" hai3="30,4,66,63,125,127,61,31,21,11,75,94,95"/><W17/><G75/><T92/><D120/><U26/><E121/><V42/><F122/><W45/><G45/><T133/><D126/><N who="3" m="48137" /><G94/><T14/><D133/><U135/><E106/><V114/><F116/><W97/><G17/><T68/><D68/><U64/><E113/><V72/><F132/><W19/><G19/><T80/><D119/><U37/><E128/><V110/><F110/><W6/><G21/><T16/><D107/><U88/><E37/><V117/><F117/><W115/><G115/><T79/><D35/><U9/><E135/><V52/><F114/><W130/><G130/><T118/><D118/><U129/><E129/><V20/><F20/><W84/><G84/><T51/><D24/><U77/><E26/><V65/><F23/><W1/><G6/><T108/><D108/><U59/><E93/><V89/><F89/><N who="3" m="55535" /><G63/><T103/><D55/><U134/><E134/><V27/><F52/><W40/><G40/><T99/><D99/><U131/><E131/><V36/><F65/><W28/><G28/><T83/><D80/><U58/><E15/><V32/><F105/><W47/><G47/><T62/><D62/><U22/><E22/><AGARI ba="0,0" hai="14,16,22,51,54,57,79,83,86,92,96,100,101,103" machi="22" ten="30,3900,0" yaku="7,1,8,1,54,1" doraHai="33" who="0" fromWho="1" sc="285,39,194,-39,31,0,490,0" owari="324,12.0,155,-24.0,31,-47.0,490,59.0" /></mjloggm>