<mjloggm ver="2.3"><GO type="169" lobby="0"/><UN n0="%E4%B8%96%E7%9B%B4%E3%81%97%E4%BA%BA" n1="%E3%83%8F%E3%82%B9%E5%A4%AA" n2="%E6%84%9B%E5%86%85%E9%87%8C%E8%8F%9C" n3="%E3%83%8B%E3%83%A3%E3%83%83%E3%83%94%E3%83%BC%E5%A4%8F%E7%9B%AE" dan="17,16,18,18" rate="2188.65,2120.00,2176.09,2276.82" sx="M,M,F,M"/><TAIKYOKU oya="0"/><INIT seed="0,0,0,3,0,133" ten="250,250,250,250" oya="0" hai0="24,34,122,59,53,72,74,62,9,132,89,109,51" hai1="97,82,14,38,18,91,67,115,117,106,90,32,75" hai2="131,108,21,112,3,7,54,37,70,84,60,114,96" hai3="42,69,83,6,8,36,35,103,49,88,58,66,129"/><T105/><D122/><U113/><E38/><V101/><F108/><W46/><G35/><T50/><D105/><U121/><E32/><V93/><F131/><W100/><G129/><T63/><D132/><U65/><E121/><V0/><F37/><W40/><G69/><T104/><D104/><U39/><E39/><V98/><F84/><N who="3" m="50207" /><G36/><T76/><D109/><U78/><E117/><V102/><F21/><W33/><G33/><T126/><D89/><N who="1" m="33803" /><E97/><V110/><F110/><W55/><G6/><T16/><D34/><U13/><E13/><V80/><F80/><W87/><G8/><T10/><D76/><U128/><E106/><V52/><F60/><N who="3" m="38167" /><G87/><T26/><D59/><U77/><E77/><V119/><F7/><W130/><G130/><T23/><D23/><N who="1" m="11735" /><E128/><V12/><F12/><W73/><G73/><T47/><D47/><U41/><E41/><AGARI ba="0,0" hai="40,41,42,46,49,55,100,103" m="38167,50207" machi="41" ten="30,2000,0" yaku="8,1,54,1" doraHai="133" who="3" fromWho="1" sc="250,0,250,-20,250,0,250,20" /><INIT seed="1,0,0,3,2,19" ten="250,230,250,270" oya="1" hai0="103,35,40,66,87,107,42,67,91,109,8,129,22" hai1="5,68,93,78,117,55,73,10,7,79,49,9,52" hai2="65,76,120,59,88,41,60,130,95,29,46,53,92" hai3="121,18,37,61,100,85,38,56,104,31,39,113,106"/><U97/><E117/><V77/><F130/><W2/><G2/><T70/><D35/><U124/><E68/><V131/><F131/><W111/><G121/><T34/><D34/><U62/><E124/><V110/><F110/><W133/><G113/><T27/><D129/><U134/><E134/><V28/><F120/><W33/><G111/><T94/><D109/><U74/><E49/><V114/><F114/><W86/><G133/><T3/><D107/><U126/><E126/><V122/><F122/><W72/><G72/><T84/><D103/><U96/><REACH who="1" step="1"/><E93/><REACH who="1" ten="250,220,250,270" step="2"/><V112/><F95/><W125/><G125/><T69/><D69/><U128/><E128/><V71/><F112/><W102/><G106/><T58/><D70/><U45/><E45/><V47/><F47/><W43/><G104/><T25/><D94/><U105/><E105/><V30/><F41/><W118/><G43/><T48/><D48/><U83/><E83/><V63/><REACH who="2" step="1"/><F46/><REACH who="2" ten="250,220,240,270" step="2"/><W90/><G118/><T57/><D42/><U24/><E24/><V36/><F36/><W44/><G38/><T23/><D40/><U115/><E115/><V54/><F54/><W13/><G44/><T116/><D116/><U50/><E50/><V64/><F64/><W6/><G39/><T99/><D67/><U51/><E51/><V127/><F127/><W75/><G37/><T4/><D66/><U20/><E20/><V16/><F16/><W108/><G18/><N who="0" m="12503" /><D23/><U17/><E17/><V15/><F15/><W82/><G13/><T12/><D27/><U32/><E32/><V89/><F89/><W1/><G90/><RYUUKYOKU ba="0,2" sc="250,-15,220,15,240,15,270,-15" hai1="5,7,9,10,52,55,62,73,74,78,79,96,97" hai2="28,29,30,53,59,60,63,65,71,76,77,88,92" /><INIT seed="1,1,2,1,1,6" ten="235,235,255,255" oya="1" hai0="73,68,27,15,38,132,79,17,107,46,77,8,59" hai1="34,74,75,102,3,52,101,22,24,9,84,123,63" hai2="13,0,58,82,80,61,90,105,125,113,85,108,57" hai3="19,117,71,32,133,122,88,23,114,55,35,95,96"/><U12/><E123/><V87/><F0/><W124/><G114/><T69/><D107/><U104/><E84/><V112/><F105/><W37/><G122/><T40/><D132/><U76/><E76/><V131/><F108/><W72/><G72/><T20/><D59/><N who="1" m="35303" /><E75/><V128/><F125/><W92/><G124/><T53/><D53/><U48/><E48/><V16/><F61/><W10/><G133/><T78/><REACH who="0" step="1"/><D73/><REACH who="0" ten="225,235,255,255" step="2"/><U30/><E74/><V2/><F58/><W129/><G55/><T86/><D86/><U67/><E104/><V98/><F57/><W66/><G71/><T54/><D54/><U5/><E67/><V14/><F98/><W121/><G96/><T4/><AGARI ba="1,3" hai="4,8,15,17,20,27,38,40,46,68,69,77,78,79" machi="4" ten="30,4000,0" yaku="1,1,0,1,52,1,53,0" doraHai="6" doraHaiUra="25" who="0" fromWho="0" sc="225,73,235,-21,255,-11,255,-11" /><INIT seed="2,0,0,1,0,44" ten="298,214,244,244" oya="2" hai0="57,101,70,103,134,23,27,115,130,92,113,54,63" hai1="84,95,132,48,49,56,35,93,3,1,16,126,58" hai2="38,121,36,135,18,69,117,120,31,66,131,13,19" hai3="20,73,128,133,106,11,96,60,21,86,105,61,99"/><V118/><F31/><W2/><G73/><T77/><D130/><U28/><E28/><V71/><F13/><W90/><G128/><T10/><D134/><U29/><E29/><V17/><F131/><W0/><G86/><T5/><D70/><N who="2" m="26634" /><F66/><W114/><G90/><T24/><D77/><U80/><E84/><V65/><F65/><W87/><G87/><T4/><D27/><U7/><E132/><V82/><F82/><W94/><G94/><T33/><D33/><U40/><E80/><V52/><F52/><W34/><G11/><T41/><D41/><U107/><E40/><V9/><F9/><W104/><G34/><T78/><D78/><U124/><E35/><V64/><F64/><W37/><G37/><N who="2" m="14441" /><F135/><W116/><G133/><T123/><D10/><U122/><E16/><N who="2" m="4099" /><V25/><DORA hai="8" /><F25/><W47/><G47/><T67/><D67/><U14/><E14/><V75/><F75/><W112/><REACH who="3" step="1"/><G106/><REACH who="3" ten="298,214,244,234" step="2"/><T68/><D92/><U26/><E107/><V88/><F88/><W129/><G129/><T62/><D24/><U53/><E26/><V119/><AGARI ba="0,1" hai="117,118,119,120,121" m="4099,14441,26634" machi="119" ten="50,9600,0" yaku="28,2,54,1" doraHai="44,8" who="2" fromWho="2" sc="298,-32,214,-32,244,106,234,-32" /><INIT seed="2,1,0,4,4,95" ten="266,182,350,202" oya="2" hai0="38,13,49,80,115,51,1,64,130,41,100,12,0" hai1="37,112,132,79,83,118,113,84,128,119,27,71,103" hai2="131,105,66,44,102,88,121,73,18,45,89,36,14" hai3="133,114,108,124,63,78,86,3,52,26,23,81,56"/><V72/><F121/><W6/><G108/><T123/><D123/><U21/><E37/><V57/><F131/><W90/><G133/><T99/><D115/><U31/><E71/><V120/><F120/><W134/><G134/><T2/><D130/><U104/><E128/><V20/><F72/><W98/><G124/><T16/><D64/><U127/><E132/><V17/><F73/><W117/><G117/><T35/><D35/><U24/><E127/><V28/><F28/><W93/><G114/><T85/><D38/><U60/><E60/><V47/><F36/><W54/><G3/><T22/><D13/><U116/><REACH who="1" step="1"/><E27/><REACH who="1" ten="266,172,350,202" step="2"/><N who="2" m="14735" /><F105/><W15/><G15/><T109/><D109/><U129/><E129/><V59/><F102/><W75/><G6/><T4/><D4/><U19/><E19/><V70/><F70/><W61/><G75/><T58/><D2/><U7/><E7/><V10/><F66/><N who="3" m="39207" /><G63/><T33/><D1/><U53/><E53/><V91/><AGARI ba="1,1" hai="10,14,18,44,45,47,57,59,88,89,91" m="14735" machi="91" ten="30,3000,0" yaku="8,1,54,1" doraHai="95" who="2" fromWho="2" sc="266,-11,172,-11,350,43,202,-11" /><INIT seed="2,2,0,4,3,10" ten="255,161,393,191" oya="2" hai0="25,68,24,126,110,31,107,95,109,52,114,131,85" hai1="72,35,32,8,125,115,83,60,87,113,47,121,56" hai2="62,2,42,100,61,65,38,118,108,90,45,86,79" hai3="9,55,80,134,112,84,64,54,92,77,76,44,14"/><V81/><F118/><W123/><G123/><T59/><D114/><U124/><E72/><V28/><F2/><W16/><G134/><T117/><D68/><U75/><E75/><V130/><F130/><W135/><G135/><T96/><D131/><U21/><E47/><V33/><F108/><W7/><G112/><T70/><D70/><U27/><E87/><V43/><F43/><W11/><G64/><T30/><D117/><U36/><E83/><V13/><F100/><W129/><G129/><T105/><D85/><U82/><E56/><V6/><F33/><N who="1" m="12873" /><E60/><V29/><F90/><W101/><G76/><T18/><D59/><U37/><E82/><V104/><F104/><W93/><G44/><T15/><D95/><U23/><E37/><V99/><F99/><W127/><G127/><N who="1" m="48714" /><E36/><V4/><F4/><W94/><REACH who="3" step="1"/><G101/><REACH who="3" ten="255,161,393,181" step="2"/><T51/><D126/><U5/><E121/><V1/><F65/><W88/><G88/><T102/><D102/><U19/><E23/><V50/><F79/><W49/><G49/><T128/><D51/><U3/><AGARI ba="2,1" hai="3,5,8,19,21,27,113,115" m="48714,12873" machi="3" ten="30,4000,0" yaku="18,1,34,2" doraHai="10" who="1" fromWho="1" sc="255,-12,161,56,393,-22,181,-12" /><INIT seed="3,0,0,0,4,106" ten="243,217,371,169" oya="3" hai0="126,83,92,72,56,114,21,27,112,25,119,15,7" hai1="45,111,62,115,39,103,69,76,51,71,133,49,30" hai2="95,118,100,16,132,134,53,38,0,34,130,77,80" hai3="14,129,121,8,22,63,86,18,57,32,6,47,70"/><W52/><G121/><T36/><D119/><U60/><E103/><V19/><F118/><W104/><G104/><T37/><D126/><U17/><E30/><V122/><F122/><W61/><G129/><T31/><D92/><U89/><E76/><V24/><F130/><W107/><G107/><T55/><D27/><U11/><E89/><V90/><F38/><W135/><G135/><N who="2" m="51753" /><F0/><W117/><G117/><T28/><D28/><U48/><E133/><V59/><F100/><W128/><G128/><T68/><D68/><U124/><E17/><V127/><F127/><W102/><G32/><T78/><D7/><U97/><E11/><V101/><F101/><W13/><G102/><T23/><D15/><U74/><E97/><N who="2" m="57591" /><F24/><W113/><G113/><N who="0" m="43627" /><D21/><U41/><E115/><V110/><F110/><W105/><G105/><T120/><D120/><U88/><E111/><V108/><F34/><W50/><G70/><T79/><D79/><U29/><E124/><V96/><F96/><W1/><G1/><T3/><D3/><U44/><E88/><V9/><F9/><W54/><REACH who="3" step="1"/><G86/><REACH who="3" ten="243,217,371,159" step="2"/><T4/><D4/><U81/><E71/><V20/><F108/><W75/><G75/><T91/><D91/><U40/><E74/><N who="2" m="43063" /><F20/><W35/><G35/><T43/><D23/><U26/><E69/><V125/><F125/><W33/><G33/><T109/><D109/><U58/><E81/><V98/><F98/><W93/><G93/><T85/><D83/><U46/><E26/><V67/><F67/><W87/><G87/><T64/><D85/><U12/><E29/><V82/><F82/><RYUUKYOKU ba="0,1" sc="243,-15,217,-15,371,15,159,15" hai2="16,19,53,59" hai3="6,8,13,14,18,22,47,50,52,54,57,61,63" /><INIT seed="3,1,1,5,3,15" ten="228,202,386,174" oya="3" hai0="16,70,117,110,55,45,104,39,75,112,4,124,77" hai1="36,14,9,128,111,65,99,11,2,33,53,103,126" hai2="96,13,50,0,127,40,83,67,80,1,6,105,73" hai3="114,57,71,88,79,76,69,32,82,87,90,47,115"/><W46/><G32/><T118/><D104/><U58/><E33/><V91/><F67/><W64/><G64/><T8/><D70/><U107/><E111/><V7/><F127/><W12/><G12/><T24/><D110/><U38/><E126/><V74/><F13/><W52/><G57/><T51/><D124/><U35/><E128/><V100/><F40/><W20/><G20/><T130/><D39/><U29/><E65/><V66/><F50/><W41/><G41/><T17/><D130/><U123/><E123/><V93/><F66/><W132/><G87/><T125/><D125/><U97/><E97/><V60/><F60/><W34/><G34/><T22/><D112/><U119/><E119/><V30/><F30/><W121/><G82/><T56/><D77/><U101/><E101/><V63/><F63/><W129/><G129/><T113/><D75/><U62/><E29/><V10/><F74/><W25/><G25/><T49/><D113/><U3/><E35/><V44/><F73/><W21/><G21/><T54/><REACH who="0" step="1"/><D17/><REACH who="0" ten="218,202,386,174" step="2"/><U89/><E38/><V78/><F78/><W133/><REACH who="3" step="1"/><G121/><REACH who="3" ten="218,202,386,164" step="2"/><T61/><D61/><U84/><E62/><V37/><F37/><W5/><G5/><T92/><D92/><U109/><E36/><V68/><F7/><W43/><G43/><T134/><D134/><U23/><E109/><V48/><F6/><W26/><G26/><T85/><D85/><U81/><E84/><V108/><F108/><W86/><G86/><T18/><D18/><U72/><E72/><V27/><F93/><W135/><G135/><T94/><D94/><RYUUKYOKU ba="1,3" sc="218,15,202,-15,386,-15,164,15" hai0="4,8,16,22,24,45,49,51,54,55,56,117,118" hai3="46,47,52,69,71,76,79,88,90,114,115,132,133" /><INIT seed="3,2,3,5,3,43" ten="233,187,371,179" oya="3" hai0="135,99,82,116,132,118,110,128,8,60,111,78,93" hai1="124,15,65,127,50,66,64,41,129,33,26,68,0" hai2="59,92,107,98,77,45,70,102,27,46,94,69,18" hai3="114,67,89,21,31,44,57,23,95,101,39,96,115"/><W76/><G76/><T97/><D60/><U3/><E129/><V121/><F70/><W84/><G67/><T16/><D8/><U85/><E68/><V120/><F69/><W103/><G57/><T49/><D49/><U133/><E133/><N who="0" m="51273" /><D16/><U24/><E85/><V83/><F94/><W22/><G31/><T87/><D99/><U134/><E134/><V47/><F59/><W6/><G6/><T113/><D128/><U56/><E15/><V79/><F79/><W29/><G29/><T37/><D37/><U88/><E88/><V123/><F18/><W108/><G108/><N who="0" m="41515" /><D113/><U126/><E33/><V86/><F27/><N who="1" m="10281" /><E56/><V117/><F107/><W51/><G39/><T80/><D80/><U106/><E106/><V130/><F130/><W38/><G38/><T61/><D61/><U9/><E9/><V62/><F62/><W12/><G12/><T2/><D2/><U4/><E4/><V75/><F120/><W105/><REACH who="3" step="1"/><G103/><AGARI ba="2,3" hai="78,82,87,93,97,103,116,118" m="41515,51273" machi="103" ten="30,7700,0" yaku="20,1,14,1,34,2" doraHai="43" who="0" fromWho="3" sc="233,113,187,0,371,0,179,-83" /><INIT seed="4,0,0,5,3,64" ten="346,187,371,96" oya="0" hai0="131,87,28,3,120,17,0,35,102,27,46,67,51" hai1="1,111,40,79,122,73,110,89,25,4,41,94,62" hai2="55,84,44,106,18,96,52,127,47,105,121,43,37" hai3="10,116,119,14,5,33,16,21,38,66,26,74,34"/><T56/><D120/><U99/><E122/><V133/><F121/><W31/><G74/><T95/><D131/><U53/><E25/><V85/><F133/><W97/><G38/><T113/><D113/><U63/><E73/><V22/><F127/><W129/><G97/><T98/><D17/><U13/><E1/><V91/><F85/><W71/><G129/><T76/><D76/><U118/><E118/><V132/><F132/><W107/><G107/><T103/><D102/><U69/><E79/><V75/><F75/><W23/><G66/><T135/><D87/><U72/><E72/><V126/><F126/><W124/><G71/><T6/><D6/><U30/><E30/><V83/><F47/><W50/><G50/><T130/><D135/><U20/><E63/><V82/><F82/><W24/><REACH who="3" step="1"/><G124/><REACH who="3" ten="346,187,371,86" step="2"/><T36/><D36/><U81/><E69/><V15/><REACH who="2" step="1"/><F106/><REACH who="2" ten="346,187,361,86" step="2"/><W57/><G57/><T93/><D130/><U29/><E110/><V117/><F117/><AGARI ba="0,2" hai="5,10,14,16,21,23,24,26,31,33,34,116,117,119" machi="117" ten="40,8000,1" yaku="1,1,34,3,54,1,53,0" doraHai="64" doraHaiUra="100" who="3" fromWho="2" sc="346,0,187,0,361,-80,86,100" /><INIT seed="5,0,0,5,2,8" ten="346,187,281,186" oya="1" hai0="73,94,83,34,120,72,7,13,126,97,46,106,45" hai1="25,113,51,22,1,122,31,26,50,105,76,117,42" hai2="129,78,54,93,53,56,86,11,85,102,81,88,32" hai3="66,20,119,90,19,64,100,30,68,70,3,21,10"/><U125/><E117/><V2/><F129/><W40/><G119/><T44/><D34/><U9/><E122/><V87/><F32/><W35/><G100/><T41/><D106/><U27/><E113/><V132/><F132/><W124/><G124/><T29/><D29/><U65/><E125/><V24/><F102/><W110/><G110/><T62/><D126/><U111/><E111/><V133/><F133/><W15/><G40/><T123/><D41/><U52/><E105/><V80/><F24/><N who="3" m="18887" /><G90/><N who="0" m="55511" /><D83/><U118/><E118/><V84/><F56/><W14/><G70/><T99/><D99/><U37/><E37/><V18/><F86/><W5/><G68/><T6/><D62/><U69/><E76/><V114/><F114/><W92/><G92/><T12/><D6/><U115/><E115/><V4/><REACH who="2" step="1"/><F18/><AGARI ba="0,0" hai="3,5,10,14,15,18,19,20,21,64,66" m="18887" machi="18" ten="30,3900,0" yaku="24,1,52,2" doraHai="8" who="3" fromWho="2" sc="346,0,187,0,281,-39,186,39" /><INIT seed="6,0,0,3,1,44" ten="346,187,242,225" oya="2" hai0="120,72,95,102,16,118,94,93,73,74,132,12,79" hai1="37,60,119,80,84,107,21,99,108,100,114,109,69" hai2="36,25,70,81,43,48,104,116,124,39,111,126,78" hai3="56,1,51,67,52,15,57,90,8,18,66,75,71"/><V10/><F116/><W59/><G75/><T133/><D120/><U13/><E119/><V125/><F111/><W87/><G1/><T105/><D118/><U7/><E37/><N who="2" m="14411" /><F104/><W32/><G32/><T134/><D105/><U35/><E35/><V46/><F70/><W83/><G71/><T47/><D47/><AGARI ba="0,0" hai="8,15,18,47,51,52,56,57,59,66,67,83,87,90" machi="47" ten="40,8000,1" yaku="25,2,8,1,52,1,54,1" doraHai="44" who="3" fromWho="0" sc="346,-80,187,0,242,0,225,80" /><INIT seed="7,0,0,0,5,5" ten="266,187,242,305" oya="3" hai0="2,1,16,42,76,106,55,93,81,85,123,35,45" hai1="34,117,130,84,28,118,96,112,25,20,23,9,69" hai2="27,87,120,119,13,104,54,67,124,51,33,30,71" hai3="128,39,40,21,127,18,3,75,86,102,135,36,15"/><W43/><G75/><T94/><D106/><U95/><E69/><V48/><F119/><N who="1" m="45577" /><E112/><V64/><F124/><W49/><G3/><T8/><D35/><U129/><E84/><V38/><F38/><W65/><G127/><T72/><D123/><U66/><E66/><V68/><F104/><W79/><G65/><T47/><D2/><U22/><E95/><V131/><F64/><W19/><G135/><T56/><D1/><U134/><E96/><V111/><F87/><W98/><G128/><N who="1" m="49258" /><E134/><V91/><F67/><W73/><G73/><T116/><D116/><U6/><E34/><V58/><F131/><W100/><G39/><T77/><D72/><U110/><E110/><V107/><F111/><W88/><G36/><T14/><D77/><U105/><E105/><V37/><F107/><W89/><G79/><T60/><D47/><U4/><E4/><V31/><F33/><W78/><G78/><T113/><D113/><U126/><E126/><V32/><F32/><W97/><G97/><T108/><D108/><U122/><E122/><V29/><F120/><W115/><G115/><T24/><D94/><U121/><E121/><V62/><F68/><W92/><G89/><T80/><D93/><U10/><E10/><V59/><F91/><W41/><G49/><N who="0" m="26807" /><D81/><U50/><E50/><V52/><F37/><W7/><G7/><T114/><D114/><U12/><AGARI ba="0,0" hai="6,9,12,20,22,23,25,28" m="49258,45577" machi="12" ten="30,8000,1" yaku="12,1,19,1,34,2,52,1" doraHai="5" who="1" fromWho="1" sc="266,-20,187,80,242,-20,305,-40" /><INIT seed="8,0,0,4,1,62" ten="246,267,222,265" oya="0" hai0="70,83,44,36,118,19,39,24,60,13,58,129,102" hai1="109,64,48,93,53,88,73,68,105,28,33,107,31" hai2="99,65,122,95,87,135,117,49,40,32,16,6,123" hai3="47,82,101,74,84,125,131,38,106,116,29,55,5"/><T113/><D113/><U128/><E109/><V67/><F32/><W50/><G116/><T52/><D118/><U4/><E73/><V23/><F117/><W114/><G114/><T43/><D129/><U15/><E128/><V119/><F119/><W90/><G131/><T127/><D127/><U57/><E105/><V22/><F122/><W66/><G125/><T133/><D133/><U56/><E68/><V42/><F135/><W85/><G38/><T51/><D102/><U89/><E107/><V104/><F6/><W121/><G121/><T130/><D130/><U41/><E41/><N who="2" m="15979" /><F104/><W59/><G74/><T25/><D83/><U35/><E35/><V124/><F124/><W30/><G106/><T2/><D2/><U26/><E31/><V134/><F134/><W110/><G110/><T3/><D3/><U7/><E89/><N who="2" m="55791" /><F123/><W98/><G5/><T91/><D91/><U17/><E57/><V76/><F49/><W75/><G75/><T81/><D81/><U46/><E56/><V45/><F45/><W71/><G71/><T20/><D39/><U8/><REACH who="1" step="1"/><E64/><AGARI ba="0,0" hai="13,19,20,24,25,36,43,44,51,52,58,60,64,70" machi="64" ten="40,12000,1" yaku="24,2,52,1,54,1" doraHai="62" who="0" fromWho="1" sc="246,120,267,-120,222,0,265,0" owari="366,46.0,147,-35.0,222,-18.0,265,7.0" /></mjloggm>