<mjloggm ver="2.3"><GO type="169" lobby="0"/><UN n0="%E3%81%A0%E3%82%81%E3%81%AE%E3%81%99%E3%81%91" n1="%E3%83%A8%E3%82%B3%E3%83%A8%E3%82%B3" n2="%E3%81%A6%E3%82%93%E3%81%A6%E3%81%93%E7%8B%90" n3="%E3%83%9E%E3%83%8A%E3%83%96%E9%9B%B6" dan="16,16,16,16" rate="2179.77,2115.73,2159.90,2133.16" sx="M,M,M,M"/><TAIKYOKU oya="0"/><INIT seed="0,0,0,1,0,51" ten="250,250,250,250" oya="0" hai0="125,63,4,2,61,117,80,18,74,59,57,129,123" hai1="52,87,65,68,11,30,134,93,9,33,104,118,132" hai2="135,48,89,3,70,8,40,46,31,73,49,98,0" hai3="37,124,27,95,15,54,32,101,100,5,16,83,90"/><T108/><D123/><U130/><E118/><V92/><F135/><N who="1" m="51753" /><E104/><V36/><F70/><W109/><G37/><T77/><D117/><U56/><E130/><V24/><F73/><W35/><G109/><T20/><D129/><U121/><E121/><V102/><F49/><W10/><G124/><T111/><D125/><U53/><E33/><V7/><F36/><W67/><G67/><T116/><D116/><U26/><E68/><V45/><F45/><W122/><G83/><T25/><D4/><U112/><E112/><V128/><F128/><W21/><G122/><T114/><D2/><U44/><E93/><V12/><REACH who="2" step="1"/><F102/><REACH who="2" ten="250,250,240,250" step="2"/><W94/><G101/><T79/><D114/><U103/><E103/><V110/><F110/><N who="0" m="42026" /><D77/><U107/><E107/><V78/><F78/><W58/><G100/><T131/><D131/><U47/><E47/><V120/><F120/><W97/><REACH who="3" step="1"/><G95/><REACH who="3" ten="250,250,240,240" step="2"/><T84/><D74/><U115/><E115/><V88/><F88/><W76/><G76/><T14/><D79/><U99/><E65/><V72/><F72/><W1/><G1/><T105/><D105/><U106/><E106/><V113/><F113/><W62/><AGARI ba="0,2" hai="5,10,15,16,21,27,32,35,54,58,62,90,94,97" machi="62" ten="20,16000,3" yaku="1,1,0,1,7,1,25,2,52,1,54,1,53,1" doraHai="51" doraHaiUra="17" who="3" fromWho="3" sc="250,-80,250,-40,240,-40,240,180" /><INIT seed="1,0,0,1,2,17" ten="170,210,200,420" oya="1" hai0="49,116,99,34,119,18,57,0,90,47,31,61,71" hai1="74,107,46,124,102,72,76,94,122,43,88,125,100" hai2="132,121,92,22,37,113,73,7,26,80,66,29,97" hai3="96,86,12,120,84,134,62,25,118,135,123,55,126"/><U9/><E9/><V93/><F121/><W52/><G25/><T91/><D0/><U83/><E46/><V16/><F132/><W21/><G96/><T101/><D71/><U106/><E43/><V114/><F37/><W30/><G126/><N who="1" m="48746" /><E122/><N who="3" m="46634" /><G118/><T78/><D78/><U24/><E24/><V10/><F80/><W68/><G30/><T58/><D31/><U19/><E19/><V54/><F73/><W95/><G95/><T129/><D34/><U11/><E11/><V105/><F92/><W64/><G84/><T133/><D18/><U67/><E67/><V63/><F105/><N who="1" m="39945" /><E72/><V28/><F54/><N who="3" m="20523" /><G86/><AGARI ba="0,0" hai="74,76,83,86,88,94,100,102" m="39945,48746" machi="86" ten="30,11600,0" yaku="18,1,34,2,54,1" doraHai="17" who="1" fromWho="3" sc="170,0,210,116,200,0,420,-116" /><INIT seed="1,1,0,4,5,98" ten="170,326,200,304" oya="1" hai0="74,119,34,111,100,49,12,103,19,25,13,127,121" hai1="5,99,114,95,23,47,51,3,43,56,130,15,52" hai2="116,90,63,82,133,40,70,37,65,20,29,6,46" hai3="41,26,61,14,109,55,84,28,11,112,122,105,31"/><U68/><E114/><V125/><F116/><W91/><G112/><T113/><D74/><U39/><E130/><V124/><F6/><W60/><G122/><T73/><D73/><U64/><E3/><V54/><F82/><W21/><G109/><T88/><D119/><U18/><E5/><V53/><F90/><W94/><G105/><T107/><D107/><U71/><REACH who="1" step="1"/><E64/><REACH who="1" ten="170,316,200,304" step="2"/><V126/><F133/><W62/><G31/><T44/><D113/><U1/><E1/><V115/><F115/><W38/><G38/><T83/><D121/><U27/><E27/><AGARI ba="1,1" hai="20,27,29,37,40,46,53,54,63,65,70,124,125,126" machi="27" ten="40,1300,0" yaku="18,1" doraHai="98" who="2" fromWho="1" sc="170,0,316,-16,200,26,304,0" /><INIT seed="2,0,0,0,4,50" ten="170,300,226,304" oya="2" hai0="65,76,112,103,109,101,53,92,124,13,120,44,72" hai1="15,99,49,5,123,27,89,94,127,62,126,54,75" hai2="24,6,84,11,70,100,16,110,34,73,125,134,28" hai3="90,48,46,133,57,91,61,69,128,111,38,18,79"/><V116/><F73/><W1/><G1/><T52/><D120/><U118/><E123/><V26/><F70/><W40/><G111/><T23/><D112/><U130/><E118/><V29/><F100/><N who="0" m="38474" /><D72/><U64/><E130/><V77/><F116/><W33/><G128/><T104/><D104/><U132/><E132/><V19/><F134/><W56/><G133/><T3/><D3/><U106/><E75/><V35/><F110/><W8/><G33/><T66/><D124/><U114/><E114/><V82/><REACH who="2" step="1"/><F125/><REACH who="2" ten="170,300,216,304" step="2"/><W30/><G69/><T63/><D109/><U95/><E126/><V21/><F21/><W86/><G8/><T115/><D115/><U22/><E127/><V0/><AGARI ba="0,1" hai="0,6,11,16,19,24,26,28,29,34,35,77,82,84" machi="0" ten="20,12000,1" yaku="1,1,0,1,7,1,9,1,54,1,53,0" doraHai="50" doraHaiUra="41" who="2" fromWho="2" sc="170,-40,300,-40,216,130,304,-40" /><INIT seed="2,1,0,5,1,23" ten="130,260,346,264" oya="2" hai0="30,95,128,39,126,76,59,106,74,41,63,11,60" hai1="19,111,15,99,40,3,131,10,75,9,117,0,57" hai2="98,51,42,65,61,56,62,49,50,101,112,29,113" hai3="81,45,2,135,32,54,20,115,1,87,96,78,89"/><V69/><F29/><W121/><G121/><T46/><D106/><U86/><E75/><V84/><F84/><W110/><G32/><T130/><D126/><U7/><E117/><V93/><REACH who="2" step="1"/><F42/><REACH who="2" ten="130,260,336,264" step="2"/><W97/><G87/><T107/><D30/><U21/><E40/><V52/><AGARI ba="1,1" hai="49,50,51,52,56,61,62,65,69,93,98,101,112,113" machi="52" ten="30,11700,0" yaku="1,1,2,1,0,1,54,1,53,0" doraHai="23" doraHaiUra="125" who="2" fromWho="2" sc="130,-40,260,-40,336,130,264,-40" /><INIT seed="2,2,0,1,5,101" ten="90,220,466,224" oya="2" hai0="61,16,1,83,85,9,105,17,40,95,108,70,91" hai1="80,20,111,52,57,55,79,104,115,132,7,65,76" hai2="92,107,32,134,72,56,110,82,12,103,11,75,37" hai3="100,26,89,6,33,39,59,30,98,119,54,84,120"/><V38/><F32/><W97/><G120/><T53/><D108/><U21/><E115/><V34/><F34/><W3/><G119/><T25/><D105/><U109/><E7/><V62/><F92/><W73/><G39/><T51/><D1/><U86/><E132/><V117/><F117/><W41/><G41/><T131/><D131/><U49/><E104/><V113/><F113/><W14/><G3/><T64/><D40/><U28/><E65/><V60/><F60/><W5/><G73/><T63/><D63/><U94/><E76/><V102/><F102/><W66/><G66/><T129/><D129/><U77/><E77/><V124/><F37/><W23/><G33/><T58/><D9/><U15/><E94/><V87/><F38/><W122/><G122/><T78/><REACH who="0" step="1"/><D25/><REACH who="0" ten="80,220,466,224" step="2"/><U93/><E111/><V0/><F0/><W35/><G35/><T90/><D90/><U45/><E109/><V127/><F110/><W50/><G100/><T44/><D44/><U13/><E93/><V126/><F134/><W135/><G135/><T106/><D106/><U43/><E43/><V24/><F24/><W123/><G123/><T46/><D46/><U125/><E45/><V114/><F114/><W19/><G5/><T48/><D48/><U8/><E49/><V118/><F118/><W121/><G6/><T18/><D18/><U99/><E8/><V47/><F47/><W71/><G121/><T36/><D36/><U29/><E79/><N who="2" m="46559" /><F103/><W67/><G26/><T31/><D31/><U69/><E29/><V27/><F27/><W130/><G30/><T42/><D42/><RYUUKYOKU ba="2,1" sc="80,30,220,-10,466,-10,224,-10" hai0="16,17,51,53,58,61,64,70,78,83,85,91,95" /><INIT seed="3,3,1,0,5,22" ten="110,210,456,214" oya="3" hai0="70,30,8,23,39,35,63,25,87,17,18,75,57" hai1="86,36,88,122,7,59,123,10,99,5,92,135,28" hai2="72,107,2,90,62,105,19,58,127,118,128,44,61" hai3="14,132,104,134,84,108,47,71,81,11,49,117,116"/><W9/><G104/><T95/><D75/><U15/><E135/><N who="3" m="51754" /><G71/><T133/><D133/><U125/><E125/><V29/><F2/><W38/><G38/><T54/><D39/><U13/><E36/><V97/><F72/><W40/><G108/><T103/><D70/><U67/><E28/><V112/><F58/><W79/><G9/><T0/><D35/><U21/><E5/><AGARI ba="3,1" hai="5,11,14,40,47,49,79,81,84,116,117" m="51754" machi="5" ten="30,2900,0" yaku="25,1,20,1" doraHai="22" who="3" fromWho="1" sc="110,0,210,-38,456,0,214,48" /><INIT seed="3,4,0,3,0,66" ten="110,172,456,262" oya="3" hai0="26,132,86,104,63,110,5,131,116,124,44,127,68" hai1="10,16,39,106,13,133,62,35,37,58,73,21,14" hai2="120,57,0,59,12,33,80,4,118,48,2,98,108" hai3="95,9,105,134,25,126,18,91,119,88,17,45,101"/><W102/><G119/><T50/><D104/><U123/><E123/><V103/><F33/><W22/><G134/><T112/><D116/><U8/><E133/><V94/><F118/><W81/><G126/><N who="0" m="48171" /><D132/><U40/><E106/><V55/><F108/><W69/><G69/><T36/><D5/><U82/><E35/><V7/><F120/><W85/><G105/><T29/><D131/><U67/><E40/><V46/><F80/><W24/><G45/><T61/><D36/><U115/><E115/><V135/><F135/><W53/><G53/><N who="0" m="29895" /><D68/><U122/><E122/><V113/><F113/><W70/><G70/><T78/><D110/><U89/><E21/><V83/><F0/><W92/><G81/><N who="0" m="47415" /><D112/><U51/><E51/><V114/><F2/><W41/><G41/><T1/><D1/><U60/><E62/><V79/><F114/><W84/><G9/><T15/><D15/><U54/><E54/><V93/><F93/><W19/><REACH who="3" step="1"/><G25/><REACH who="3" ten="110,172,456,252" step="2"/><T75/><D75/><U64/><E37/><V87/><F59/><W56/><G56/><T31/><D26/><U100/><E39/><V111/><F111/><W107/><G107/><T34/><D34/><U47/><E47/><V117/><F117/><W96/><G96/><T125/><D125/><U71/><E58/><V52/><F12/><W42/><G42/><T121/><D121/><U65/><E13/><V43/><F43/><W38/><G38/><T32/><D32/><U49/><E14/><V90/><F79/><W128/><G128/><T72/><D72/><U23/><E71/><V11/><F11/><N who="1" m="4137" /><E73/><V20/><F20/><RYUUKYOKU ba="4,1" sc="110,10,172,-30,456,10,252,10" hai0="29,31,61,63" hai2="4,7,46,48,52,55,57,83,87,90,94,98,103" hai3="17,18,19,22,24,84,85,88,91,92,95,101,102" /><INIT seed="3,5,1,5,2,133" ten="120,142,466,262" oya="3" hai0="43,75,30,22,78,53,60,58,4,39,5,94,71" hai1="121,44,69,84,48,12,65,129,32,14,116,126,91" hai2="34,68,28,47,25,1,59,66,6,24,123,125,95" hai3="93,79,45,107,88,83,23,86,70,10,104,20,21"/><W82/><G70/><T36/><D36/><U31/><E121/><V98/><F68/><W97/><G45/><N who="0" m="23807" /><D94/><U0/><E0/><V99/><F125/><W3/><REACH who="3" step="1"/><G83/><REACH who="3" ten="120,142,466,252" step="2"/><T131/><D71/><U61/><E126/><V46/><F47/><W92/><G92/><T135/><D135/><U57/><E129/><V76/><F46/><W130/><G130/><T37/><D131/><U120/><E116/><V16/><F95/><W85/><G85/><T117/><D117/><U40/><E120/><V41/><F123/><W67/><G67/><T110/><D58/><U111/><E111/><V100/><F59/><W96/><G96/><T80/><D110/><U127/><E127/><V77/><F66/><W2/><G2/><T15/><D80/><U108/><E108/><V128/><F1/><W33/><G33/><T102/><D37/><U87/><E69/><V9/><F34/><W35/><G35/><T13/><D75/><U8/><E84/><V105/><F128/><W50/><G50/><T55/><D60/><U17/><E32/><V74/><F74/><W62/><G62/><T56/><D56/><U26/><E87/><V38/><F38/><W19/><G19/><T106/><D55/><U134/><E134/><V81/><F98/><W27/><G27/><T18/><D53/><U103/><E31/><V122/><F99/><W49/><G49/><T29/><D29/><U113/><E26/><V114/><F122/><W63/><G63/><T112/><D30/><U52/><E65/><V115/><F28/><W11/><G11/><T7/><D18/><U73/><E17/><RYUUKYOKU ba="5,2" sc="120,-10,142,-10,466,-10,252,30" hai3="3,10,20,21,23,79,82,86,88,93,97,104,107" /><INIT seed="3,6,2,0,4,65" ten="110,132,456,282" oya="3" hai0="61,131,71,82,70,44,114,7,66,17,78,5,111" hai1="19,104,135,98,87,73,120,48,118,41,62,129,84" hai2="15,99,113,12,59,58,60,1,28,133,115,49,52" hai3="122,83,94,63,4,64,67,112,29,132,92,0,30"/><W90/><G112/><T33/><D114/><U37/><E120/><V93/><F1/><W89/><G122/><T40/><D33/><U106/><E118/><V18/><F133/><W123/><G123/><T51/><D111/><U85/><E135/><V110/><F12/><W6/><G132/><T25/><D131/><U119/><E129/><V13/><F15/><W116/><G0/><T20/><REACH who="0" step="1"/><D71/><REACH who="0" ten="100,132,456,282" step="2"/><U105/><E119/><V80/><F110/><W26/><G116/><T39/><D39/><U3/><E37/><V47/><F115/><W76/><G76/><T121/><D121/><U91/><E3/><V69/><F113/><W126/><G126/><T31/><D31/><U14/><E73/><AGARI ba="6,3" hai="5,7,17,20,25,40,44,51,61,66,70,73,78,82" machi="73" ten="30,7700,0" yaku="1,1,7,1,52,1,53,1" doraHai="65" doraHaiUra="38" who="0" fromWho="1" sc="100,125,132,-95,456,0,282,0" /><INIT seed="4,0,0,5,0,42" ten="225,37,456,282" oya="0" hai0="69,7,4,1,26,21,58,105,20,98,64,126,130" hai1="93,51,131,65,103,3,66,59,50,76,90,129,12" hai2="38,135,132,49,99,68,45,80,2,61,32,109,29" hai3="0,14,18,107,13,27,100,97,118,43,24,10,17"/><T28/><D130/><N who="1" m="49675" /><E3/><V6/><F109/><W56/><G118/><T125/><D69/><U87/><E103/><V89/><F38/><W119/><G0/><T36/><D36/><U71/><E71/><V73/><F32/><W127/><G127/><N who="0" m="48651" /><D1/><U84/><E12/><V46/><F29/><W23/><G119/><T124/><N who="0" m="48659" /><T128/><DORA hai="40" /><D128/><U62/><E66/><N who="2" m="41039" /><F49/><N who="1" m="18441" /><E76/><N who="2" m="44047" /><F89/><W35/><G35/><T60/><D21/><U91/><E91/><V74/><F99/><AGARI ba="0,0" hai="59,62,65,84,87,90,93,99" m="18441,49675" machi="99" ten="30,1000,0" yaku="19,1" doraHai="42,40" who="1" fromWho="2" sc="225,0,37,10,456,-10,282,0" /><INIT seed="5,0,0,3,5,46" ten="225,47,446,282" oya="1" hai0="8,5,100,22,71,96,19,94,115,60,87,49,65" hai1="92,66,51,6,111,57,97,67,114,108,12,32,38" hai2="132,117,112,56,95,10,53,81,116,88,2,7,74" hai3="15,30,61,14,85,1,4,73,75,86,31,130,58"/><U44/><E32/><V45/><F132/><W124/><G1/><T107/><D115/><U20/><E114/><V118/><F112/><W17/><G130/><T113/><D113/><U68/><E38/><V134/><F134/><W48/><G124/><T3/><D49/><U127/><E127/><V21/><F45/><W42/><G75/><T72/><D72/><U128/><E128/><V84/><F21/><W104/><G104/><T25/><REACH who="0" step="1"/><D87/><REACH who="0" ten="215,47,446,282" step="2"/><U28/><E68/><V109/><F109/><N who="1" m="42057" /><E6/><V23/><F74/><W64/><G73/><T9/><D9/><U105/><E105/><AGARI ba="0,1" hai="3,5,8,19,22,25,60,65,71,94,96,100,105,107" machi="105" ten="40,2600,0" yaku="1,1,53,1" doraHai="46" doraHaiUra="13" who="0" fromWho="1" sc="215,36,47,-26,446,0,282,0" /><INIT seed="6,0,0,0,5,18" ten="251,21,446,282" oya="2" hai0="35,41,26,65,36,95,0,70,82,43,109,48,55" hai1="114,96,119,37,79,117,106,45,77,103,104,10,30" hai2="100,60,14,84,115,98,75,67,68,19,3,93,25" hai3="58,81,101,88,80,38,13,78,34,76,2,118,12"/><V54/><F75/><W71/><G118/><T123/><D123/><U87/><E30/><V83/><F3/><W16/><G71/><T8/><D109/><U66/><E45/><V33/><F115/><W49/><G38/><T107/><D107/><U108/><E66/><V133/><F133/><W122/><G122/><T23/><D35/><U94/><E10/><V51/><F33/><W86/><G34/><T62/><D36/><U50/><E50/><V113/><F113/><W63/><G2/><T39/><D39/><U31/><E31/><V61/><F25/><W27/><G101/><T126/><D126/><U64/><E64/><V110/><F110/><W4/><G49/><T20/><D82/><U105/><E37/><V127/><F127/><W73/><G4/><T91/><D8/><U57/><E57/><V21/><F67/><W124/><G124/><T47/><D0/><U135/><E108/><V17/><F17/><W130/><G78/><T44/><D44/><U56/><E56/><N who="2" m="32863" /><F68/><W22/><G130/><T6/><D6/><U24/><E24/><V121/><F121/><W99/><G99/><T1/><D1/><U92/><E114/><V131/><F131/><W9/><G9/><T29/><D20/><U28/><E28/><V5/><F5/><W112/><G112/><T72/><REACH who="0" step="1"/><D72/><REACH who="0" ten="241,21,446,282" step="2"/><U7/><E7/><V42/><F42/><W46/><G46/><T90/><D90/><AGARI ba="0,1" hai="14,19,21,60,61,83,84,90,93,98,100" m="32863" machi="90" ten="30,2900,0" yaku="8,1,52,1" doraHai="18" who="2" fromWho="0" sc="241,-29,21,0,446,39,282,0" /><INIT seed="6,1,0,4,2,59" ten="212,21,485,282" oya="2" hai0="134,55,79,73,115,3,84,42,96,31,26,54,51" hai1="61,101,19,83,17,133,118,39,119,57,62,60,80" hai2="53,113,11,56,33,110,28,9,74,70,95,50,38" hai3="14,105,32,72,114,68,8,85,64,128,10,102,40"/><V112/><F74/><W35/><G72/><T69/><D3/><U123/><E57/><V0/><F110/><W88/><G128/><T92/><D69/><U49/><E49/><V111/><F111/><W87/><G40/><T21/><D115/><U71/><E71/><V132/><F132/><W91/><G114/><T18/><D134/><U103/><E133/><V12/><F38/><W108/><G108/><T120/><D120/><U81/><E39/><V15/><F0/><W5/><G102/><N who="1" m="38922" /><E123/><V129/><F129/><W30/><G105/><T77/><D18/><AGARI ba="1,0" hai="17,18,19,60,61,62,80,81,83,118,119" m="38922" machi="18" ten="40,8000,1" yaku="28,2,52,3" doraHai="59" who="1" fromWho="0" sc="212,-83,21,83,485,0,282,0" /><INIT seed="7,0,0,0,0,36" ten="129,104,485,282" oya="3" hai0="30,109,61,129,44,65,121,79,96,107,110,124,5" hai1="27,33,101,87,22,123,45,126,128,40,133,75,82" hai2="100,64,51,14,54,103,134,122,21,46,37,73,9" hai3="0,67,105,13,6,52,74,57,111,77,26,78,116"/><W62/><G116/><T35/><D121/><U99/><E123/><V47/><F122/><W58/><G0/><T104/><D104/><U50/><E126/><V12/><F73/><W53/><G111/><T71/><D124/><U66/><E128/><V17/><F134/><W39/><G105/><T11/><D129/><U84/><E133/><V97/><F64/><W8/><G39/><T85/><D44/><U43/><E33/><V69/><F69/><W32/><G74/><T34/><D34/><U91/><E66/><V7/><F37/><W108/><G108/><T132/><D132/><U29/><E75/><V98/><F46/><W20/><G32/><T119/><D119/><U90/><E43/><V4/><F4/><W2/><G2/><N who="0" m="439" /><D85/><U131/><E131/><V130/><F130/><W93/><G93/><T92/><D92/><U68/><E68/><V117/><F117/><W23/><G67/><T102/><D79/><U31/><E31/><V1/><F1/><W42/><G42/><T10/><D10/><U106/><REACH who="1" step="1"/><E87/><REACH who="1" ten="129,94,485,282" step="2"/><V70/><F70/><W63/><G23/><T86/><D86/><U127/><E127/><V89/><F89/><AGARI ba="0,1" hai="22,27,29,40,45,50,82,84,89,90,91,99,101,106" machi="89" ten="30,3900,0" yaku="1,1,7,1,52,1,53,0" doraHai="36" doraHaiUra="72" who="1" fromWho="2" sc="129,0,94,49,485,-39,282,0" owari="129,-37.0,143,-26.0,446,55.0,282,8.0" /></mjloggm>