<mjloggm ver="2.3"><GO type="169" lobby="0"/><UN n0="%E6%84%9B%E5%86%85%E9%87%8C%E8%8F%9C" n1="%6D%6F%72%65%6B%6F%75" n2="%E5%AE%89%E9%81%94%E3%81%95%E3%81%8F%E3%82%89" n3="%E5%8F%A4%E6%9C%AC" dan="18,16,17,16" rate="2182.34,2077.80,2194.57,2067.09" sx="F,M,M,M"/><TAIKYOKU oya="0"/><INIT seed="0,0,0,2,3,24" ten="250,250,250,250" oya="0" hai0="21,83,57,72,80,44,113,8,92,77,19,86,66" hai1="71,47,135,55,42,51,45,58,132,63,9,130,50" hai2="69,17,131,90,14,2,68,82,37,7,134,34,52" hai3="38,33,27,61,91,105,111,100,128,108,125,107,13"/><T115/><D8/><U31/><E9/><V102/><F37/><W117/><G117/><T3/><D3/><U18/><E18/><V110/><F34/><W101/><G38/><T64/><D92/><U35/><E35/><V93/><F110/><N who="3" m="42027" /><G125/><T89/><D44/><N who="1" m="25879" /><E31/><V79/><F102/><N who="3" m="39531" /><G128/><T39/><D39/><U84/><E84/><V98/><F134/><N who="1" m="51241" /><E130/><V15/><F131/><W119/><G119/><T41/><D41/><U120/><E120/><V106/><F106/><W94/><G13/><T87/><D72/><U70/><E47/><V56/><F7/><W73/><G73/><T26/><REACH who="0" step="1"/><D57/><REACH who="0" ten="240,250,250,250" step="2"/><U28/><E28/><V133/><F2/><W53/><G107/><T118/><D118/><U1/><E1/><V16/><F133/><W124/><G105/><T49/><D49/><U22/><E22/><V0/><F0/><W126/><G94/><T123/><D123/><U5/><E5/><V74/><F17/><W81/><G126/><T99/><D99/><U6/><E6/><V103/><F103/><W95/><G124/><T12/><D12/><U30/><E30/><V97/><F97/><W4/><G95/><T88/><D88/><U25/><E25/><V112/><F14/><W40/><G91/><T62/><D62/><U78/><E78/><V85/><F74/><W36/><G4/><T127/><D127/><U75/><E75/><V23/><REACH who="2" step="1"/><F112/><AGARI ba="0,1" hai="19,21,26,64,66,77,80,83,86,87,89,112,113,115" machi="112" ten="40,2000,0" yaku="1,1,53,0" doraHai="24" doraHaiUra="114" who="0" fromWho="2" sc="240,30,250,0,250,-20,250,0" /><INIT seed="0,1,0,1,3,69" ten="270,250,230,250" oya="0" hai0="45,77,116,34,11,26,109,124,14,84,94,30,120" hai1="38,43,105,121,49,93,95,70,36,41,6,61,16" hai2="99,32,8,125,24,92,89,1,28,44,12,29,21" hai3="134,46,62,98,122,123,86,59,119,2,88,56,71"/><T96/><D116/><U60/><E105/><V108/><F108/><W102/><G119/><T3/><D120/><N who="3" m="46121" /><G2/><T9/><D109/><U107/><E107/><V20/><F125/><W82/><G134/><T67/><D124/><U113/><E6/><V50/><F1/><W40/><G71/><T53/><D67/><U4/><E4/><V0/><F0/><W132/><G132/><T81/><D3/><U126/><E121/><V57/><F57/><W66/><G59/><T131/><D131/><U37/><E126/><V103/><F29/><W106/><G40/><T100/><REACH who="0" step="1"/><D14/><REACH who="0" ten="260,250,230,250" step="2"/><U129/><E113/><V7/><REACH who="2" step="1"/><F103/><REACH who="2" ten="260,250,220,250" step="2"/><W15/><G15/><T72/><D72/><U87/><E129/><V111/><F111/><W74/><G74/><T5/><D5/><U85/><E70/><V64/><F64/><W65/><G65/><T112/><D112/><U97/><E16/><V79/><F79/><W51/><G102/><T27/><D27/><U54/><E97/><V128/><F128/><W117/><G98/><T17/><D17/><U118/><E118/><V13/><F13/><W78/><G117/><T73/><D73/><U110/><E110/><V25/><F25/><W76/><G66/><T90/><D90/><U19/><E19/><V22/><F22/><W48/><G88/><T10/><D10/><U104/><E85/><V135/><F135/><W130/><G86/><T47/><D47/><N who="1" m="27967" /><E87/><V91/><F91/><W80/><G130/><T115/><D115/><U52/><E37/><V114/><F114/><W23/><G23/><T35/><D35/><U42/><E38/><RYUUKYOKU ba="1,2" sc="260,15,250,-15,220,15,250,-15" hai0="9,11,26,30,34,45,53,77,81,84,94,96,100" hai2="7,8,12,20,21,24,28,32,44,50,89,92,99" /><INIT seed="0,2,2,5,2,7" ten="275,235,235,235" oya="0" hai0="11,13,126,32,68,51,53,130,111,55,117,127,124" hai1="19,64,80,83,128,39,56,132,63,27,45,86,12" hai2="134,97,57,84,120,72,23,122,29,21,6,42,102" hai3="77,15,22,101,131,35,40,121,1,113,26,54,95"/><T41/><D117/><U74/><E128/><V107/><F72/><W24/><G113/><T123/><D123/><U52/><E132/><V103/><F134/><W36/><G1/><T135/><D135/><U78/><E27/><V71/><F71/><W46/><G121/><T109/><D130/><U50/><E39/><V88/><F103/><W59/><G131/><T112/><D112/><U118/><E118/><V75/><F75/><W48/><G77/><T110/><D32/><U34/><E34/><V100/><F100/><W5/><G35/><T16/><D68/><U76/><E12/><V60/><F42/><W91/><G101/><T33/><D33/><U31/><E19/><V2/><F23/><W18/><REACH who="3" step="1"/><G5/><REACH who="3" ten="275,235,235,225" step="2"/><T89/><D89/><U114/><E114/><V3/><F3/><W28/><G28/><T49/><D49/><U61/><E31/><V47/><F29/><W93/><G93/><T87/><D87/><AGARI ba="2,3" hai="15,18,22,24,26,36,40,46,48,54,59,87,91,95" machi="87" ten="30,7700,0" yaku="1,1,7,1,25,2,53,0" doraHai="7" doraHaiUra="98" who="3" fromWho="0" sc="275,-83,235,0,235,0,225,113" /><INIT seed="1,0,0,2,1,65" ten="192,235,235,338" oya="1" hai0="116,78,125,68,46,39,120,97,93,40,31,43,89" hai1="74,15,16,22,77,32,72,129,44,111,26,132,28" hai2="21,90,124,19,52,109,131,110,119,4,128,62,114" hai3="112,25,127,70,47,61,98,67,60,63,1,75,48"/><U56/><E129/><N who="2" m="49739" /><F119/><W85/><G112/><T133/><D116/><U34/><E132/><V92/><F114/><W6/><G75/><T101/><D133/><U115/><E115/><V54/><F4/><W8/><G127/><T45/><D125/><U117/><E117/><V123/><F123/><W69/><G98/><T29/><D120/><U27/><E111/><N who="2" m="42507" /><F62/><W24/><G85/><T84/><D68/><U104/><E104/><V59/><F59/><W82/><G82/><T57/><D78/><U118/><E118/><V64/><F64/><W53/><G63/><T18/><D18/><U7/><E77/><V14/><F124/><W108/><G108/><T96/><D57/><U88/><E56/><V38/><F38/><W20/><G20/><T30/><REACH who="0" step="1"/><D101/><REACH who="0" ten="182,235,235,338" step="2"/><U58/><E58/><V55/><F55/><W13/><G70/><T11/><D11/><U105/><E44/><V81/><F81/><W102/><G102/><T121/><D121/><U66/><E66/><V9/><F9/><W106/><G67/><T86/><D86/><AGARI ba="0,1" hai="14,19,21,52,54,86,90,92" m="42507,49739" machi="86" ten="30,3900,0" yaku="19,1,14,1,54,1" doraHai="65" who="2" fromWho="0" sc="182,-39,235,0,235,49,338,0" /><INIT seed="2,0,0,3,1,31" ten="143,235,284,338" oya="2" hai0="118,40,33,34,105,90,94,46,55,134,115,107,76" hai1="19,67,113,74,117,30,124,80,99,92,37,12,5" hai2="101,2,35,87,24,135,28,132,9,123,56,112,8" hai3="59,114,103,86,14,38,85,3,79,26,32,61,68"/><V60/><F112/><W18/><G3/><T23/><D115/><U16/><E113/><V66/><F123/><W64/><G38/><T97/><D134/><N who="2" m="51242" /><F2/><W48/><G114/><T125/><D125/><U122/><E117/><V21/><F101/><W110/><G110/><T91/><D118/><U129/><E37/><V104/><F104/><W81/><G103/><T25/><D55/><U20/><E124/><V82/><F21/><W6/><G6/><T13/><D76/><AGARI ba="0,0" hai="8,9,24,28,35,56,60,66,76,82,87" m="51242" machi="76" ten="30,2900,0" yaku="20,1,52,1" doraHai="31" who="2" fromWho="0" sc="143,-29,235,0,284,29,338,0" /><INIT seed="2,1,0,5,0,124" ten="114,235,313,338" oya="2" hai0="128,104,43,64,27,83,8,20,72,12,120,19,127" hai1="57,101,50,113,44,73,22,11,87,117,102,71,17" hai2="24,82,48,91,63,62,106,108,85,86,68,129,133" hai3="3,92,52,15,36,33,76,61,67,118,31,84,80"/><V66/><F106/><W77/><G118/><T69/><D120/><U96/><E73/><V28/><F133/><W39/><G3/><T59/><D127/><U40/><E71/><V30/><F108/><W5/><G77/><T21/><D69/><U65/><E113/><V110/><F110/><W132/><G132/><T23/><D43/><U109/><E109/><V135/><F135/><W94/><G36/><T51/><D72/><U121/><E117/><V7/><F7/><W123/><G39/><T78/><D104/><U114/><E114/><V47/><F63/><W74/><G74/><T105/><D105/><U54/><E65/><V49/><F129/><W2/><G2/><T93/><D93/><U35/><E35/><V46/><F86/><W88/><G123/><T41/><D128/><U18/><E96/><V45/><REACH who="2" step="1"/><F30/><REACH who="2" ten="114,235,303,338" step="2"/><W70/><G31/><T9/><D19/><U10/><E121/><V112/><F112/><W89/><G5/><T95/><D27/><U38/><E87/><V97/><F97/><W16/><G84/><T58/><D12/><U122/><E122/><V125/><F125/><W134/><G61/><T6/><D6/><U115/><E115/><V81/><F81/><W42/><G80/><T103/><D83/><U119/><E119/><V107/><F107/><W34/><G134/><T130/><D130/><U55/><E18/><V99/><F99/><W56/><G16/><T60/><D60/><N who="1" m="35895" /><E11/><V111/><F111/><W14/><G14/><T90/><D9/><U75/><E10/><V25/><F25/><W79/><G15/><T26/><D8/><RYUUKYOKU ba="1,1" sc="114,-10,235,-10,303,30,338,-10" hai2="24,28,45,46,47,48,49,62,66,68,82,85,91" /><INIT seed="2,2,1,0,4,98" ten="104,225,333,328" oya="2" hai0="59,93,29,31,6,119,117,71,103,7,23,5,13" hai1="54,42,75,56,35,74,115,92,0,94,14,21,1" hai2="2,24,51,83,66,50,82,95,36,25,130,33,133" hai3="128,114,10,89,113,90,86,109,111,58,34,131,72"/><V64/><F36/><W15/><G34/><T87/><D71/><U100/><E35/><V85/><F33/><W12/><G58/><T9/><D59/><U43/><E115/><N who="3" m="44042" /><G72/><T88/><D103/><U27/><E75/><V20/><F2/><W53/><G53/><T48/><D48/><U123/><E74/><V105/><F105/><W46/><G46/><T44/><D44/><U97/><E123/><V73/><F73/><W32/><G32/><T124/><D124/><U55/><E1/><V76/><F66/><W28/><G28/><T41/><D41/><U101/><E14/><N who="3" m="5162" /><G10/><T77/><D77/><U134/><E134/><V112/><F64/><W22/><G22/><T60/><D60/><N who="1" m="35863" /><E55/><V18/><F20/><W96/><G96/><T121/><D121/><U47/><E0/><V79/><F133/><W8/><G8/><T99/><D23/><U126/><E126/><V37/><F112/><W84/><G84/><T129/><D87/><U26/><E47/><V49/><F85/><W30/><G30/><T110/><D13/><U16/><E27/><V62/><F25/><W61/><G61/><T81/><D9/><U57/><E57/><V135/><F24/><W19/><G19/><T108/><D29/><U38/><E38/><V17/><F37/><W102/><G102/><N who="1" m="39530" /><E94/><V80/><F135/><W106/><G106/><T78/><D93/><U91/><AGARI ba="2,1" hai="16,21,26,42,43,91,92,97" m="39530,35863" machi="91" ten="30,12000,2" yaku="25,1,8,1,52,3,54,1" doraHai="98" who="1" fromWho="1" sc="104,-32,225,136,333,-62,328,-32" /><INIT seed="3,0,0,2,3,41" ten="72,361,271,296" oya="3" hai0="74,93,75,112,126,133,3,104,66,115,27,90,125" hai1="123,94,46,127,120,91,61,118,69,128,99,131,105" hai2="32,47,39,11,22,71,0,121,98,49,78,113,42" hai3="132,35,2,95,130,54,106,135,116,108,52,48,28"/><W124/><G116/><T72/><D3/><U36/><E118/><V18/><F113/><N who="0" m="43594" /><D66/><N who="1" m="41167" /><E105/><V40/><F32/><W101/><G2/><T100/><D27/><U102/><E127/><N who="0" m="48649" /><D133/><N who="3" m="51273" /><G124/><T68/><D68/><U70/><E70/><V4/><F71/><W63/><G130/><N who="1" m="49706" /><E102/><V73/><F121/><W43/><G108/><T114/><N who="0" m="43602" /><T77/><DORA hai="21" /><D100/><U26/><E26/><V29/><F29/><W6/><G106/><T84/><D104/><U65/><E65/><V44/><F98/><N who="3" m="59615" /><G6/><T60/><D60/><U119/><E119/><V23/><REACH who="2" step="1"/><F18/><REACH who="2" ten="72,361,261,296" step="2"/><W67/><G28/><T5/><D5/><U1/><E120/><V17/><F17/><W8/><G35/><T12/><D12/><U88/><E123/><V83/><AGARI ba="0,1" hai="0,4,11,22,23,39,40,42,44,47,49,73,78,83" machi="83" ten="30,12000,2" yaku="1,1,0,1,25,2,52,2,53,0" doraHai="41,21" doraHaiUra="109,51" who="2" fromWho="2" sc="72,-30,361,-30,261,130,296,-60" /><INIT seed="4,0,0,0,5,33" ten="42,331,391,236" oya="0" hai0="124,62,66,134,98,46,123,115,14,21,70,35,53" hai1="97,19,131,112,125,18,2,102,40,29,36,24,7" hai2="133,126,77,65,13,90,86,69,17,26,130,59,50" hai3="76,58,72,132,9,129,68,8,5,73,92,107,55"/><T85/><D123/><U10/><E125/><V52/><F126/><W3/><G107/><T74/><D124/><U34/><E131/><V56/><F130/><W57/><G129/><T75/><D35/><U135/><E135/><V80/><F133/><W83/><G68/><T49/><D134/><U20/><E112/><V39/><F39/><W95/><G132/><T42/><D115/><U113/><E113/><V117/><F117/><W87/><G73/><T91/><D98/><U99/><E19/><V16/><F69/><W93/><G9/><T118/><D118/><U15/><E102/><V128/><F128/><W25/><G25/><T63/><D63/><U51/><E36/><V54/><F65/><W32/><G32/><T44/><D21/><U0/><E0/><V119/><F119/><W1/><G72/><T78/><D78/><U43/><E43/><V23/><F77/><W12/><REACH who="3" step="1"/><G58/><REACH who="3" ten="42,331,391,226" step="2"/><T81/><REACH who="0" step="1"/><D14/><REACH who="0" ten="32,331,391,226" step="2"/><U96/><E96/><V41/><F13/><W103/><G103/><T111/><D111/><U105/><E105/><V120/><F23/><W4/><G4/><T45/><D45/><AGARI ba="0,2" hai="2,7,10,15,18,20,24,29,34,40,45,51,97,99" machi="45" ten="40,5200,0" yaku="24,2,52,1" doraHai="33" who="1" fromWho="0" sc="32,-52,331,72,391,0,226,0" owari="-20,-52.0,403,50.0,391,19.0,226,-17.0" /></mjloggm>