<mjloggm ver="2.3"><GO type="169" lobby="0"/><UN n0="%E3%81%82%E3%81%84%E3%81%A0%E3%81%A6" n1="%E3%82%AA%E3%83%AA%E5%A7%AB%E5%A5%B3%E5%AD%90" n2="%E5%A4%A9%E6%99%B4" n3="%E8%83%83%E3%81%A8%E8%85%B8" dan="16,16,16,18" rate="2098.66,2062.05,2123.35,2213.15" sx="M,F,M,M"/><TAIKYOKU oya="0"/><INIT seed="0,0,0,2,5,50" ten="250,250,250,250" oya="0" hai0="58,123,52,59,32,73,102,14,38,135,70,121,104" hai1="112,96,0,4,68,116,86,53,20,78,99,36,103" hai2="77,76,17,109,71,35,25,10,115,12,23,34,111" hai3="40,118,75,97,24,41,84,5,54,15,133,83,42"/><T98/><D70/><U82/><E116/><V72/><F71/><W45/><G118/><T88/><D135/><U18/><E112/><V16/><F115/><W63/><G133/><T51/><D32/><N who="2" m="12330" /><F72/><W124/><G124/><T62/><D38/><U132/><E132/><V106/><F106/><W29/><G75/><T28/><D73/><U44/><E68/><V92/><F92/><W26/><G97/><T100/><D28/><U46/><E36/><V31/><F31/><W117/><G117/><T1/><D1/><U130/><E130/><V55/><F55/><W37/><G29/><T127/><D127/><U91/><E4/><V22/><F10/><N who="3" m="4559" /><G37/><T49/><D49/><U94/><E0/><V79/><F79/><N who="3" m="46207" /><G45/><T2/><D2/><U110/><E110/><N who="2" m="41995" /><F77/><W120/><G120/><T43/><D43/><U39/><E39/><V67/><F76/><W81/><G81/><T134/><D134/><U27/><REACH who="1" step="1"/><E53/><REACH who="1" ten="250,240,250,250" step="2"/><V131/><F131/><W66/><G54/><N who="0" m="32223" /><D121/><U8/><E8/><N who="2" m="6279" /><F67/><W7/><G66/><T13/><D123/><U19/><E19/><V21/><AGARI ba="0,1" hai="16,21,22,23,25" m="6279,41995,12330" machi="21" ten="40,8000,1" yaku="14,1,34,2,54,1" doraHai="50" who="2" fromWho="2" sc="250,-40,240,-20,250,90,250,-20" /><INIT seed="1,0,0,2,3,69" ten="210,220,340,230" oya="1" hai0="96,120,70,84,37,60,68,77,58,71,130,104,125" hai1="3,27,43,103,9,129,116,20,85,8,7,115,65" hai2="100,11,98,118,126,31,94,50,52,102,4,134,128" hai3="6,88,79,124,89,36,114,101,5,23,106,75,76"/><U24/><E115/><V97/><F118/><W105/><G114/><T59/><D125/><U42/><E116/><V110/><F126/><W107/><G124/><T1/><D1/><U16/><E129/><V74/><F74/><W72/><G23/><T45/><D130/><U131/><E131/><V66/><F128/><W10/><G10/><T32/><D32/><U25/><E103/><V55/><F110/><W13/><G13/><T18/><D104/><U62/><E9/><V48/><F134/><W29/><G29/><T38/><D45/><U41/><REACH who="1" step="1"/><E85/><REACH who="1" ten="210,210,340,230" step="2"/><V119/><F119/><W30/><G101/><T12/><D120/><U51/><E51/><V40/><F50/><W53/><G72/><T123/><D123/><U63/><E63/><V117/><F117/><W46/><G75/><T93/><D84/><U122/><E122/><V14/><F48/><W44/><G106/><T54/><D77/><U39/><E39/><V49/><F49/><W21/><G36/><T135/><D135/><U121/><E121/><V47/><F102/><W80/><G105/><T86/><D86/><U2/><E2/><V17/><F100/><W133/><G107/><T34/><D37/><U112/><E112/><V113/><F113/><W78/><G133/><T61/><D38/><U109/><E109/><V87/><F87/><N who="3" m="50279" /><G89/><T132/><D132/><U111/><E111/><V26/><F11/><W56/><G44/><T83/><D83/><U57/><AGARI ba="0,1" hai="3,7,8,16,20,24,25,27,41,42,43,57,62,65" machi="57" ten="30,6000,0" yaku="1,1,0,1,54,1,53,0" doraHai="69" doraHaiUra="127" who="1" fromWho="1" sc="210,-20,210,70,340,-20,230,-20" /><INIT seed="1,1,0,2,2,51" ten="190,280,320,210" oya="1" hai0="106,122,31,7,102,48,46,12,79,74,3,111,128" hai1="109,107,58,105,90,27,89,57,28,22,100,67,104" hai2="18,54,14,135,44,80,98,6,65,76,52,8,5" hai3="73,130,24,94,95,83,78,119,101,93,126,81,35"/><U33/><E109/><V121/><F121/><W123/><G123/><T2/><D111/><U127/><E127/><V40/><F135/><W43/><G126/><T42/><D31/><U133/><E133/><V62/><F98/><W38/><G130/><T113/><D113/><U117/><E117/><V59/><F5/><W56/><G119/><T26/><D26/><U10/><E100/><V60/><F18/><W131/><G131/><T15/><D128/><U37/><E37/><V47/><F60/><W97/><G81/><T92/><D106/><U66/><E10/><V1/><F1/><W53/><G43/><T61/><D61/><U87/><E33/><V132/><F132/><W82/><G82/><N who="0" m="45431" /><D92/><U19/><E28/><V118/><F118/><W9/><G38/><N who="0" m="21847" /><D102/><U124/><E124/><V75/><F47/><W20/><G35/><T77/><D77/><U91/><REACH who="1" step="1"/><E87/><REACH who="1" ten="190,270,320,210" step="2"/><V85/><F75/><W103/><G103/><T134/><D122/><U39/><E39/><AGARI ba="1,1" hai="6,8,14,39,40,44,52,54,59,62,65,76,80,85" machi="39" ten="30,7700,0" yaku="7,1,52,2,54,1" doraHai="51" who="2" fromWho="1" sc="190,0,270,-80,320,90,210,0" /><INIT seed="2,0,0,0,0,134" ten="190,190,410,210" oya="2" hai0="48,82,115,106,92,9,8,55,10,97,37,99,117" hai1="58,70,27,133,35,94,130,67,76,5,119,112,59" hai2="6,1,24,33,107,12,51,54,125,57,22,69,14" hai3="96,124,65,2,68,62,120,114,118,121,78,17,113"/><V135/><F69/><W31/><G118/><T60/><D37/><U77/><E133/><V100/><F135/><W44/><G2/><T74/><D115/><N who="3" m="44041" /><G31/><T45/><D117/><U26/><E112/><V88/><F33/><W98/><G78/><T16/><D106/><U132/><E132/><V85/><F1/><W46/><G17/><T36/><D36/><U18/><E119/><V91/><F125/><W39/><G96/><T41/><D74/><U15/><E5/><V61/><F6/><W86/><G98/><T83/><D97/><U84/><E130/><V11/><F107/><W49/><G86/><T20/><D60/><U129/><E129/><V42/><F100/><W108/><G108/><T47/><D47/><U40/><E40/><V110/><F110/><W126/><G39/><T93/><D41/><U56/><E94/><V21/><F91/><W131/><G44/><T4/><D93/><U23/><E35/><V43/><F21/><W102/><G102/><T72/><D72/><U34/><E34/><V52/><F11/><N who="0" m="2818" /><T116/><DORA hai="0" /><D4/><U75/><E75/><V30/><F42/><N who="3" m="24791" /><G131/><T81/><D116/><U122/><E122/><AGARI ba="0,0" hai="62,65,68,120,121,122,124,126" m="24791,44041" machi="122" ten="30,8000,1" yaku="11,1,34,2,52,2" doraHai="134,0" who="3" fromWho="1" sc="190,0,190,-80,410,0,210,80" /><INIT seed="3,0,0,1,4,62" ten="190,110,410,290" oya="3" hai0="53,112,89,56,95,36,105,127,22,18,21,63,74" hai1="98,61,25,119,71,85,2,107,132,126,76,60,93" hai2="17,27,104,32,66,19,134,123,47,101,13,94,23" hai3="108,24,73,128,96,10,0,135,122,80,133,40,44"/><W92/><G122/><T29/><D105/><U51/><E126/><V6/><F104/><W64/><G128/><T65/><D74/><U16/><E132/><V59/><F134/><W68/><G108/><T103/><D36/><U55/><E2/><V39/><F123/><W111/><G111/><T110/><D127/><U121/><E119/><V38/><F6/><W30/><G0/><T8/><D112/><U81/><E107/><V83/><F83/><W120/><G120/><T114/><D114/><U84/><E84/><V129/><F129/><W57/><G68/><T118/><D103/><U52/><E121/><V113/><F113/><W124/><G124/><T130/><D130/><U77/><E77/><V82/><F82/><W31/><G80/><T91/><D91/><N who="1" m="55615" /><E71/><V50/><F101/><W7/><G73/><T99/><D118/><U125/><E125/><V54/><F94/><W14/><G92/><T4/><D29/><U78/><E78/><V117/><F117/><W42/><G30/><T45/><D110/><U106/><E106/><V102/><F102/><W46/><G96/><T97/><D97/><U15/><E25/><V34/><F34/><W28/><G24/><T12/><D4/><U20/><E55/><V26/><F32/><W75/><G133/><T48/><AGARI ba="0,0" hai="8,12,18,21,22,45,48,53,56,63,65,89,95,99" machi="48" ten="30,4000,0" yaku="0,1,8,1,52,1" doraHai="62" who="0" fromWho="0" sc="190,40,110,-10,410,-10,290,-20" /><INIT seed="4,0,0,4,5,24" ten="230,100,400,270" oya="0" hai0="27,58,98,11,26,45,103,1,9,62,18,135,114" hai1="119,49,104,129,106,73,13,67,124,102,5,44,92" hai2="40,88,128,75,15,66,89,130,74,109,19,99,108" hai3="96,68,28,118,81,78,72,112,117,132,33,61,8"/><T12/><D114/><U116/><E129/><N who="2" m="49771" /><F66/><W2/><G112/><T101/><D135/><U55/><E124/><V63/><F63/><W110/><G110/><N who="2" m="42601" /><F40/><W79/><G132/><T125/><D125/><U100/><E73/><N who="2" m="27659" /><F99/><W37/><G96/><T48/><D1/><U90/><E67/><V111/><N who="2" m="42609" /><V105/><DORA hai="53" /><F105/><W69/><G61/><T82/><D9/><AGARI ba="0,0" hai="9,15,19,88,89" m="27659,42609,49771" machi="9" ten="50,3200,0" yaku="19,1,54,1" doraHai="24,53" who="2" fromWho="0" sc="230,-32,100,0,400,32,270,0" /><INIT seed="5,0,0,4,4,131" ten="198,100,432,270" oya="1" hai0="28,46,73,31,52,124,132,93,115,121,49,79,59" hai1="76,21,91,95,66,60,89,51,40,100,41,114,88" hai2="50,67,86,82,11,116,134,57,98,122,92,105,72" hai3="27,80,117,108,90,65,7,96,68,56,99,55,107"/><U16/><E114/><V133/><F116/><W19/><G108/><T61/><D115/><U54/><E76/><V2/><F122/><W43/><G107/><T23/><D121/><U87/><E100/><V20/><F72/><W25/><G7/><T69/><D124/><U118/><E118/><V12/><F2/><W9/><G43/><T14/><D132/><N who="2" m="50794" /><F105/><W24/><G68/><T15/><D69/><U125/><E125/><V84/><F20/><W103/><G103/><T35/><D79/><U62/><E41/><V0/><F0/><W10/><G10/><T58/><D58/><N who="1" m="33119" /><E40/><V6/><F82/><W85/><G80/><T94/><D73/><U32/><E32/><V104/><F104/><W44/><G56/><T130/><D35/><U126/><E126/><V5/><F5/><W45/><G9/><T42/><D130/><U33/><E33/><V113/><F113/><W47/><G117/><T22/><D93/><U38/><E38/><V129/><F129/><W39/><G39/><T123/><D123/><U127/><E127/><V1/><F1/><W119/><G119/><T70/><D70/><N who="1" m="42311" /><E62/><N who="2" m="38351" /><F50/><W8/><G8/><T97/><D23/><U102/><E102/><AGARI ba="0,0" hai="6,11,12,84,86,92,98,102" m="38351,50794" machi="102" ten="30,7700,0" yaku="20,1,52,3" doraHai="131" who="2" fromWho="1" sc="198,0,100,-77,432,77,270,0" /><INIT seed="6,0,0,5,0,98" ten="198,23,509,270" oya="2" hai0="109,89,36,101,62,50,60,106,49,33,83,95,43" hai1="104,94,97,30,71,4,22,17,88,75,5,65,79" hai2="116,131,129,134,82,53,110,58,9,38,25,31,63" hai3="123,29,112,1,102,113,52,37,124,55,2,72,130"/><V81/><F116/><W96/><G123/><T6/><D109/><U51/><E30/><V119/><F119/><W19/><G124/><T42/><D33/><U12/><E104/><V15/><F38/><W121/><G121/><T128/><D106/><U47/><E65/><V122/><F122/><W91/><G130/><N who="2" m="49673" /><F110/><W78/><G37/><T41/><D36/><U108/><E71/><V14/><F134/><W18/><G91/><T48/><D128/><U100/><E108/><V76/><F9/><W21/><G29/><T90/><D6/><U120/><E120/><V46/><F46/><W7/><G7/><T70/><D83/><N who="2" m="31754" /><F76/><W64/><G64/><T35/><D35/><AGARI ba="0,0" hai="14,15,25,31,35,53,58,63" m="31754,49673" machi="35" ten="30,1500,0" yaku="19,1" doraHai="98" who="2" fromWho="0" sc="198,-15,23,0,509,15,270,0" /><INIT seed="6,1,0,0,2,44" ten="183,23,524,270" oya="2" hai0="73,18,60,134,129,69,106,34,75,39,8,21,64" hai1="115,66,108,135,124,97,82,67,100,79,1,80,9" hai2="31,128,71,83,14,24,3,85,23,59,65,87,119" hai3="10,35,29,38,47,68,131,54,32,98,2,76,132"/><V37/><F119/><W7/><G68/><T91/><D34/><U26/><E108/><V107/><F3/><W48/><G29/><T22/><D39/><U62/><E115/><V112/><F71/><W49/><G38/><T118/><D106/><U104/><E124/><V121/><F121/><W133/><G131/><T53/><D8/><U20/><E135/><N who="3" m="51786" /><G76/><T0/><D0/><U55/><E55/><V36/><F107/><W109/><G109/><T120/><D120/><U6/><E62/><V93/><F112/><W96/><G48/><T40/><D40/><U84/><REACH who="1" step="1"/><E82/><REACH who="1" ten="183,13,524,270" step="2"/><V25/><F83/><W123/><G123/><T13/><D134/><U12/><E12/><V72/><F14/><W86/><G54/><T74/><D118/><U94/><E94/><V28/><F93/><W127/><G127/><T113/><D113/><U126/><E126/><V4/><F128/><W90/><G2/><T19/><D129/><U99/><E99/><V130/><F130/><W61/><G96/><T16/><D13/><U46/><E46/><V50/><F25/><W81/><G47/><T56/><REACH who="0" step="1"/><D91/><REACH who="0" ten="173,13,524,270" step="2"/><U122/><E122/><V95/><F24/><W103/><G90/><T52/><D52/><U17/><AGARI ba="1,2" hai="1,6,9,17,20,26,66,67,79,80,84,97,100,104" machi="17" ten="20,2700,0" yaku="1,1,0,1,7,1,53,0" doraHai="44" doraHaiUra="51" who="1" fromWho="1" sc="173,-8,13,50,524,-14,270,-8" /><INIT seed="7,0,0,4,4,94" ten="165,63,510,262" oya="3" hai0="120,7,107,21,66,15,39,27,99,34,3,53,19" hai1="97,69,130,62,11,109,25,60,81,119,122,126,95" hai2="98,38,59,75,12,5,22,23,117,50,114,133,14" hai3="45,20,76,16,33,88,44,128,68,37,43,61,67"/><W9/><G128/><T17/><D39/><U31/><E109/><V73/><F117/><W54/><G33/><T96/><D107/><U6/><E130/><V91/><F38/><W111/><G76/><T70/><D120/><U127/><E122/><V2/><F2/><W110/><G9/><N who="0" m="2303" /><D19/><U125/><E119/><V93/><F114/><W112/><G112/><T102/><D102/><U0/><E81/><V101/><F133/><W87/><G44/><T113/><D113/><U40/><E40/><V35/><F35/><W41/><G41/><T115/><D115/><U103/><REACH who="1" step="1"/><E69/><REACH who="1" ten="165,53,510,262" step="2"/><V13/><F23/><AGARI ba="0,1" hai="0,6,11,23,25,31,60,62,95,97,103,125,126,127" machi="23" ten="40,8000,1" yaku="1,1,2,1,18,1,52,1,53,1" doraHai="94" doraHaiUra="89" who="1" fromWho="2" sc="165,0,53,90,510,-80,262,0" owari="165,-23.0,143,-36.0,430,53.0,262,6.0" /></mjloggm>