<mjloggm ver="2.3"><GO type="185" lobby="0"/><UN n0="%E5%BF%AB%E9%81%A9" n1="%68%69%72%6F%6E%6E%32%30" n2="%E4%BD%90%E8%97%A4%E7%BE%8E%E5%92%8C%E5%AD%90" n3="" dan="17,17,16,0" rate="2304.61,2183.37,2145.02,1500.00" sx="M,M,M,C"/><TAIKYOKU oya="0"/><INIT seed="0,0,0,2,0,80" ten="350,350,350,0" oya="0" hai0="71,38,89,83,96,126,134,49,109,32,112,106,130" hai1="86,60,46,117,135,111,99,85,123,131,78,110,36" hai2="118,56,81,79,87,39,52,74,1,125,77,102,88" hai3=""/><T70/><RYUUKYOKU type="yao9" ba="0,0" sc="350,0,350,0,350,0,0,0" hai0="32,38,49,70,71,83,89,96,106,109,112,126,130,134" /><INIT seed="0,1,0,2,2,121" ten="350,350,350,0" oya="0" hai0="79,100,86,109,33,130,54,134,44,83,45,82,110" hai1="91,116,90,84,126,75,101,37,1,61,40,118,58" hai2="97,104,85,123,51,112,135,113,92,102,80,124,66" hai3=""/><T87/><D33/><U78/><E1/><V99/><N who="2" m="31520" /><V64/><F64/><T88/><D134/><U63/><E126/><V60/><F135/><T50/><D130/><U94/><E63/><V35/><F35/><T42/><REACH who="0" step="1"/><D100/><REACH who="0" ten="340,350,350,0" step="2"/><U125/><E125/><V34/><F124/><T46/><D46/><U129/><E129/><V115/><F34/><T106/><D106/><U71/><E101/><V32/><F32/><T74/><D74/><U119/><E75/><V62/><F104/><T89/><D89/><U0/><E91/><V53/><F102/><T76/><D76/><U111/><E78/><V57/><F113/><T77/><D77/><U67/><E0/><V127/><F115/><T2/><D2/><U96/><E119/><V120/><F112/><T108/><D108/><U56/><E111/><V114/><F114/><T72/><D72/><U128/><E128/><V133/><F133/><T98/><D98/><U131/><E131/><V107/><F99/><T3/><D3/><U52/><E96/><V38/><F97/><T70/><D70/><U105/><E71/><V103/><F127/><T93/><D93/><U59/><E105/><V132/><F107/><T41/><D41/><U39/><E40/><V47/><F132/><RYUUKYOKU ba="1,1" sc="340,20,350,-10,350,-10,0,0" hai0="42,44,45,50,54,79,82,83,86,87,88,109,110" /><INIT seed="0,2,1,1,1,56" ten="360,340,340,0" oya="0" hai0="101,53,119,89,85,81,41,100,71,82,40,94,129" hai1="34,50,123,78,43,95,86,122,121,33,0,135,84" hai2="65,98,97,88,68,75,58,80,69,74,72,87,91" hai3=""/><T99/><D119/><U83/><N who="1" m="31008" /><U55/><N who="1" m="31264" /><U42/><N who="1" m="31520" /><U96/><E0/><V51/><F51/><T118/><D118/><U133/><E86/><V73/><N who="2" m="18432" /><DORA hai="32" /><V130/><F130/><T128/><D71/><U110/><E110/><V120/><N who="2" m="30752" /><V93/><REACH who="2" step="1"/><F98/><REACH who="2" ten="360,340,330,0" step="2"/><T134/><D129/><U61/><E33/><V60/><AGARI ba="2,2" hai="58,60,65,68,69,80,87,88,91,93,97" m="30752,18432" machi="60" ten="60,12000,3" yaku="1,1,2,1,0,1,52,2,54,1,53,4" doraHai="56,32" doraHaiUra="104,132" who="2" fromWho="2" sc="360,-82,340,-42,330,144,0,0" /><INIT seed="1,0,0,1,1,59" ten="278,298,474,0" oya="1" hai0="123,128,71,126,51,85,119,33,103,86,50,53,65" hai1="121,0,108,94,116,93,55,84,64,91,77,104,125" hai2="106,79,69,89,41,52,81,90,70,129,48,67,130" hai3=""/><U66/><N who="1" m="31008" /><U118/><E0/><V54/><F106/><T3/><N who="0" m="31520" /><T97/><D3/><U131/><E104/><V68/><F41/><T83/><D33/><U120/><N who="1" m="30752" /><U112/><E112/><V124/><F124/><T49/><D126/><U127/><E77/><V100/><F100/><T78/><D128/><N who="2" m="49258" /><F67/><T35/><D35/><U42/><E131/><V96/><F96/><T1/><D119/><U107/><E107/><V34/><F34/><T82/><D1/><U73/><E73/><V88/><F48/><T57/><D71/><U117/><E42/><V111/><F111/><T113/><D65/><U72/><E72/><AGARI ba="0,0" hai="52,54,68,69,70,72,79,81,88,89,90" m="49258" machi="72" ten="40,5200,0" yaku="19,1,54,2" doraHai="59" who="2" fromWho="1" sc="278,0,298,-52,474,52,0,0" /><INIT seed="2,0,0,0,4,2" ten="278,246,526,0" oya="2" hai0="49,71,65,127,58,1,111,50,62,96,112,73,89" hai1="91,110,45,83,90,76,48,52,61,42,44,134,88" hai2="132,121,104,80,74,70,86,122,38,77,126,98,79" hai3=""/><V87/><N who="2" m="31008" /><V124/><N who="2" m="31264" /><V57/><F70/><T114/><D73/><U85/><E110/><V53/><F38/><T99/><D1/><U33/><E134/><V47/><F47/><T69/><D89/><U130/><E130/><V72/><F132/><T41/><D99/><U37/><REACH who="1" step="1"/><E61/><REACH who="1" ten="278,236,526,0" step="2"/><V117/><F117/><T93/><D62/><U36/><E36/><V54/><F124/><T113/><D127/><U116/><E116/><V3/><F126/><T108/><D108/><U59/><E59/><V94/><F3/><T119/><D111/><U105/><E105/><V135/><F104/><T115/><D114/><U60/><E60/><V34/><F135/><T101/><D119/><U102/><E102/><V107/><F57/><T81/><D58/><U67/><E67/><V39/><F39/><T46/><D65/><U35/><AGARI ba="0,1" hai="33,35,37,42,44,45,48,52,76,83,85,88,90,91" machi="35" ten="30,9000,2" yaku="1,1,0,1,52,2,54,2,53,0" doraHai="2" doraHaiUra="66" who="1" fromWho="1" sc="278,-30,236,100,526,-60,0,0" /><INIT seed="4,0,0,5,1,116" ten="248,336,466,0" oya="0" hai0="64,49,47,43,90,3,84,44,130,85,113,87,123" hai1="105,56,72,57,41,54,86,109,126,45,38,106,80" hai2="127,75,132,33,122,0,73,134,118,50,77,117,112" hai3=""/><T92/><N who="0" m="31520" /><T66/><D3/><U51/><E109/><V103/><N who="2" m="31264" /><V100/><F33/><T58/><D130/><U89/><E126/><V37/><F37/><T69/><D113/><U95/><E72/><N who="2" m="27723" /><F0/><T46/><D69/><U135/><E135/><N who="2" m="51755" /><F127/><T63/><D66/><U81/><E57/><V36/><F36/><T114/><D114/><U34/><E34/><V70/><F70/><T88/><REACH who="0" step="1"/><D85/><REACH who="0" ten="238,336,466,0" step="2"/><U2/><E2/><V133/><F112/><T1/><D1/><U110/><E110/><V107/><F133/><T115/><D115/><U104/><AGARI ba="0,1" hai="38,41,45,51,54,56,80,81,86,89,95,104,105,106" machi="104" ten="30,800,0" yaku="0,1" doraHai="116" who="1" fromWho="1" sc="238,-5,336,18,466,-3,0,0" /><INIT seed="5,0,0,3,1,32" ten="233,354,463,0" oya="1" hai0="133,111,85,82,71,44,103,42,125,1,75,107,110" hai1="76,91,67,77,101,102,54,62,51,98,116,97,53" hai2="68,105,79,0,64,117,60,3,95,99,61,45,131" hai3=""/><U84/><E116/><V66/><F117/><T38/><D133/><U96/><E67/><V130/><F79/><N who="1" m="30281" /><E62/><V93/><F45/><T34/><D75/><U114/><E114/><V128/><F105/><T129/><D34/><U120/><N who="1" m="30752" /><U65/><E65/><V123/><N who="2" m="31520" /><V49/><F49/><T37/><D107/><U106/><E106/><V41/><F41/><T59/><D42/><U109/><E109/><V83/><F83/><T80/><D44/><U78/><N who="1" m="30289" /><U74/><DORA hai="52" /><E74/><V58/><F95/><T57/><D71/><U40/><E54/><V119/><F119/><T69/><D69/><U73/><E73/><V124/><F124/><T88/><D125/><U33/><E33/><V72/><F72/><T46/><D111/><U87/><E40/><V118/><F118/><T47/><D110/><U86/><E91/><AGARI ba="0,0" hai="0,3,58,60,61,64,66,68,91,93,99,128,130,131" m="31520" machi="91" ten="40,8000,1" yaku="19,1,52,4" doraHai="32,52" who="2" fromWho="1" sc="233,0,354,-80,463,80,0,0" /><INIT seed="6,0,0,0,4,91" ten="233,274,543,0" oya="2" hai0="132,44,51,93,56,97,105,119,121,110,55,2,128" hai1="38,33,35,115,74,113,80,90,61,70,53,101,58" hai2="94,69,109,117,84,120,68,123,57,0,118,89,100" hai3=""/><V130/><F57/><T107/><N who="0" m="31008" /><T92/><D110/><U88/><E38/><V1/><F94/><T39/><D119/><U67/><E101/><V41/><F89/><T73/><D2/><U131/><E131/><V124/><F84/><T37/><D128/><U126/><E126/><V45/><F100/><T111/><D111/><U66/><E66/><V103/><F45/><T79/><D132/><U72/><E72/><V49/><F103/><T83/><D39/><U135/><E135/><V106/><F49/><T127/><D127/><U85/><E74/><V48/><F41/><T43/><D93/><U133/><E133/><V40/><F40/><T99/><D97/><U76/><E90/><AGARI ba="0,0" hai="37,43,44,51,55,56,73,79,83,90,92,99,105,107" m="31008" machi="90" ten="30,3900,0" yaku="7,1,52,2" doraHai="91" who="0" fromWho="1" sc="233,39,274,-39,543,0,0,0" owari="272,-13.0,235,-36.0,543,49.0,0,0.0" /></mjloggm>