<mjloggm ver="2.3"><GO type="225" lobby="0"/><UN n0="%E9%88%B4%E4%B8%B8" n1="%E3%81%82%E3%81%9A%E3%81%8D%E3%81%82%E3%81%9A%E3%81%95" n2="%E3%83%98%E3%82%AF%E3%82%B5%E3%83%BC" n3="%E3%83%A2%E3%82%B0%E3%83%9E%E3%83%AA%E3%83%A2" dan="17,16,16,16" rate="2195.28,2105.98,2137.37,2125.47" sx="M,M,M,M"/><TAIKYOKU oya="0"/><INIT seed="0,0,0,4,1,110" ten="250,250,250,250" oya="0" hai0="13,87,112,70,86,79,104,43,33,28,124,85,107" hai1="20,55,0,72,49,25,77,59,78,95,51,73,129" hai2="92,22,26,113,12,94,10,66,30,60,96,36,101" hai3="75,54,11,40,128,6,81,56,106,126,122,99,65"/><T98/><D124/><U46/><E129/><V21/><F36/><W1/><G128/><T84/><D70/><U31/><E0/><V93/><F22/><W97/><G126/><T100/><D107/><U19/><E72/><V29/><F29/><W109/><G109/><T108/><D108/><U116/><E73/><V68/><REACH who="2" step="1"/><F113/><REACH who="2" ten="250,250,240,250" step="2"/><W38/><G38/><T111/><D111/><U2/><E31/><V32/><F32/><W134/><G122/><T115/><D43/><U37/><E37/><V23/><F23/><W61/><G40/><T48/><D48/><U14/><E51/><V62/><F62/><W67/><G61/><T76/><D28/><U57/><E20/><V83/><F83/><W130/><G81/><N who="0" m="47143" /><D33/><U52/><E49/><V118/><F118/><W24/><G130/><T41/><D41/><U135/><E116/><V18/><AGARI ba="0,1" hai="10,12,18,21,26,30,60,66,68,92,93,94,96,101" machi="18" ten="20,2700,0" yaku="1,1,0,1,7,1,53,0" doraHai="110" doraHaiUra="34" who="2" fromWho="2" sc="250,-13,250,-7,240,37,250,-7" /><INIT seed="1,0,0,4,2,64" ten="237,243,277,243" oya="1" hai0="74,94,54,135,29,105,43,91,60,123,5,18,78" hai1="58,15,90,119,126,121,55,71,13,85,38,52,76" hai2="114,45,103,26,22,62,35,70,97,50,41,73,122" hai3="134,34,115,99,100,113,20,31,30,88,104,39,117"/><U107/><E119/><V128/><F122/><W80/><G39/><T47/><D105/><U46/><E121/><V84/><F73/><W68/><G117/><T77/><D123/><U120/><E120/><V23/><F128/><W8/><G134/><T109/><D109/><U0/><E0/><V42/><F114/><W3/><G20/><T112/><D112/><U96/><E126/><V21/><F42/><W24/><G31/><T93/><D29/><U133/><E133/><V86/><F35/><W27/><G27/><T65/><D93/><U28/><E28/><V66/><REACH who="2" step="1"/><F26/><REACH who="2" ten="237,243,267,243" step="2"/><W59/><G113/><T127/><D74/><U44/><E38/><V4/><F4/><W14/><G115/><T108/><D5/><U72/><E72/><V19/><F19/><W51/><G24/><T101/><D18/><U83/><E13/><V10/><F10/><W36/><G8/><T130/><D43/><U61/><E15/><V82/><F82/><W37/><G80/><T124/><D130/><U79/><E83/><V48/><F48/><W12/><G51/><T40/><D40/><U32/><E32/><V2/><F2/><W57/><G3/><T125/><D135/><U67/><E76/><V25/><F25/><W17/><G34/><T81/><D81/><U110/><E79/><V53/><F53/><W102/><G17/><T49/><D108/><U92/><E110/><V6/><F6/><W95/><G36/><T7/><D7/><U33/><E33/><V63/><F63/><W118/><G37/><T1/><D1/><U16/><E55/><V69/><F69/><RYUUKYOKU ba="0,1" sc="237,-10,243,-10,267,30,243,-10" hai2="21,22,23,41,45,50,62,66,70,84,86,97,103" /><INIT seed="2,1,1,4,1,65" ten="227,233,297,233" oya="2" hai0="63,34,103,4,83,76,109,84,47,75,17,122,52" hai1="11,57,98,1,128,123,3,67,49,29,130,68,18" hai2="23,62,66,15,93,114,81,131,132,133,56,40,54" hai3="105,73,20,16,78,85,38,6,95,43,117,134,44"/><V79/><F114/><W116/><G105/><T107/><D122/><U59/><E123/><V5/><F131/><N who="1" m="50217" /><E29/><V113/><F113/><W14/><G134/><N who="2" m="51817" /><F40/><W82/><G85/><T106/><D109/><U72/><E72/><N who="2" m="43239" /><F93/><W37/><G37/><T39/><D34/><U94/><E18/><N who="2" m="10719" /><F5/><W46/><G46/><T102/><D4/><U96/><E94/><V111/><F111/><W124/><G124/><T100/><D17/><U87/><E1/><V60/><F60/><W125/><G95/><T19/><D19/><U12/><E3/><V28/><F28/><W86/><G125/><T55/><D75/><U26/><E98/><V97/><F97/><W112/><G86/><T64/><D106/><U120/><E96/><V51/><F51/><W71/><G112/><T32/><D107/><U0/><E49/><V48/><F48/><W135/><G135/><T35/><D39/><U58/><E0/><V126/><F126/><W70/><REACH who="3" step="1"/><G6/><REACH who="3" ten="227,233,297,223" step="2"/><T53/><REACH who="0" step="1"/><D47/><REACH who="0" ten="217,233,297,223" step="2"/><U77/><E120/><V129/><F129/><W104/><G104/><T74/><D74/><U88/><E87/><V101/><F101/><W69/><AGARI ba="1,3" hai="14,16,20,38,43,44,69,70,71,73,78,82,116,117" machi="69" ten="30,12000,2" yaku="1,1,0,1,52,3,54,1,53,0" doraHai="65" doraHaiUra="24" who="3" fromWho="3" sc="217,-31,233,-31,297,-61,223,153" /><INIT seed="3,0,0,3,3,125" ten="186,202,236,376" oya="3" hai0="119,52,89,75,7,64,99,72,128,116,0,6,77" hai1="33,24,68,79,84,92,17,94,35,131,105,12,50" hai2="38,30,40,27,10,127,122,129,31,117,97,55,98" hai3="13,111,106,56,15,23,43,26,1,65,41,108,9"/><W2/><G106/><T16/><D64/><U46/><E105/><V87/><F117/><W120/><G23/><T109/><D109/><U112/><E112/><V39/><F127/><W5/><G26/><T59/><D128/><U3/><E131/><V60/><F87/><W66/><G56/><T115/><D115/><U19/><E3/><V18/><F55/><W118/><G5/><T25/><D116/><U51/><E68/><V53/><F30/><W54/><G54/><T29/><D119/><U37/><E37/><V103/><F40/><W91/><G91/><T81/><D72/><U88/><E79/><V58/><F27/><W130/><G9/><T134/><D134/><U61/><E61/><V21/><F10/><W86/><G86/><T107/><D0/><U71/><E71/><V4/><F4/><W121/><G118/><T49/><D16/><U11/><E94/><V70/><F18/><W82/><G82/><T67/><D67/><U44/><E44/><V83/><F83/><W8/><G8/><T114/><D114/><U74/><E74/><V126/><F31/><W85/><G85/><T110/><D110/><U90/><E90/><V14/><F126/><W63/><G63/><T22/><REACH who="0" step="1"/><D89/><REACH who="0" ten="176,202,236,376" step="2"/><U45/><E19/><V113/><F129/><AGARI ba="0,1" hai="1,2,13,15,41,43,65,66,108,111,120,121,129,130" machi="129" ten="25,9600,0" yaku="22,2,52,2" doraHai="125" who="3" fromWho="2" sc="176,0,202,0,236,-96,376,106" owari="176,-22.0,202,0.0,140,-36.0,482,58.0" /></mjloggm>