<mjloggm ver="2.3"><GO type="169" lobby="0"/><UN n0="%E6%96%87%E5%9B%9B%E9%83%8E" n1="%E5%A4%A7%E5%92%8C%E7%94%B0%E9%A0%AD%E5%8F%96" n2="%E3%81%B5%E3%81%98%E3%81%8B%E3%81%A4" n3="%E3%83%8E%E3%82%AA%E3%83%81%E3%83%A3%E3%83%99%E3%82%B9" dan="16,18,16,16" rate="2158.98,2232.74,2153.17,2112.21" sx="M,M,M,M"/><TAIKYOKU oya="0"/><INIT seed="0,0,0,1,0,133" ten="250,250,250,250" oya="0" hai0="128,16,79,100,9,54,62,35,113,41,53,114,56" hai1="82,131,7,52,117,26,126,73,102,120,48,58,78" hai2="65,88,85,121,87,127,129,51,49,72,97,77,91" hai3="130,6,28,1,118,50,101,115,23,95,24,12,31"/><T17/><D35/><U13/><E117/><V106/><F65/><W68/><G68/><T112/><D41/><U20/><E120/><V111/><F121/><W57/><G115/><T75/><D100/><U32/><E131/><V76/><F51/><W110/><G130/><T45/><D128/><U122/><E122/><V40/><F129/><W116/><G1/><T86/><D75/><U81/><E102/><N who="2" m="62799" /><F49/><W83/><G83/><T123/><D123/><U21/><E82/><N who="2" m="45319" /><F40/><W98/><G110/><T47/><D53/><U55/><E55/><V0/><F0/><W22/><G118/><T2/><D79/><U27/><E32/><V70/><F111/><W89/><G116/><T92/><D2/><U11/><E21/><V39/><F39/><W93/><G6/><T103/><D103/><U42/><E42/><V71/><F71/><W94/><G101/><T66/><D66/><U10/><E10/><V18/><F18/><N who="3" m="10567" /><G31/><T124/><D9/><U37/><E37/><V119/><F70/><W74/><G74/><T29/><D29/><U59/><E59/><V61/><F61/><W109/><G109/><T30/><D30/><N who="1" m="17735" /><E27/><V107/><F107/><W132/><G132/><T43/><D17/><U69/><E69/><V67/><F67/><W46/><G57/><T125/><D16/><U4/><E4/><V90/><F119/><W64/><G64/><T34/><D34/><U15/><E15/><V84/><F127/><N who="0" m="48714" /><D43/><AGARI ba="0,0" hai="23,24,28,43,46,50,89,93,94,95,98" m="10567" machi="43" ten="30,1000,0" yaku="8,1" doraHai="133" who="3" fromWho="0" sc="250,-10,250,0,250,0,250,10" /><INIT seed="1,0,0,2,0,39" ten="240,250,250,260" oya="1" hai0="92,77,89,106,8,49,102,115,112,110,32,24,105" hai1="76,18,81,28,12,51,96,99,67,6,14,120,11" hai2="94,124,44,69,64,72,17,56,93,90,65,19,88" hai3="75,0,53,38,126,26,54,98,3,122,9,128,30"/><U82/><E120/><V22/><F72/><W133/><G75/><T45/><D77/><U83/><E76/><V25/><F124/><W100/><G122/><T95/><D110/><U87/><E87/><V119/><F119/><W135/><G128/><T84/><D8/><U127/><E127/><V117/><F117/><W60/><G38/><T20/><D32/><U63/><E28/><V48/><F69/><W23/><G126/><T4/><D4/><U46/><E63/><V2/><F2/><W57/><G54/><T42/><D95/><U123/><E67/><V107/><F107/><W73/><G73/><T59/><D59/><U66/><E66/><N who="2" m="25707" /><F56/><W43/><G9/><T70/><D70/><U125/><E123/><V16/><F94/><W62/><G62/><T97/><REACH who="0" step="1"/><D106/><REACH who="0" ten="230,250,250,260" step="2"/><U86/><E125/><V85/><F90/><W101/><G57/><T130/><D130/><U55/><REACH who="1" step="1"/><E86/><REACH who="1" ten="230,240,250,260" step="2"/><V40/><AGARI ba="0,2" hai="16,17,19,22,25,40,44,48,85,88,93" m="25707" machi="40" ten="30,7900,0" yaku="8,1,52,1,54,2" doraHai="39" who="2" fromWho="2" sc="230,-20,240,-39,250,99,260,-20" /><INIT seed="2,0,0,5,2,129" ten="210,201,349,240" oya="2" hai0="34,67,102,69,92,83,27,11,43,121,40,59,54" hai1="41,66,98,133,51,119,120,71,91,124,47,127,111" hai2="63,90,132,97,135,52,16,75,95,108,32,42,5" hai3="81,8,68,24,112,13,4,77,29,35,116,86,94"/><V96/><F32/><W118/><G68/><T128/><D121/><U72/><E72/><V65/><F75/><W3/><G112/><T9/><D128/><U46/><E119/><V117/><F117/><W87/><G94/><T84/><D67/><U28/><E28/><V58/><F5/><W100/><G100/><T115/><D69/><U55/><E98/><V79/><F79/><W39/><G39/><T80/><D115/><U78/><E91/><V61/><F42/><N who="0" m="15914" /><D34/><U123/><E78/><V99/><F108/><W53/><G87/><T50/><D27/><U82/><E82/><N who="0" m="31273" /><D102/><U110/><E66/><V88/><F16/><W105/><G105/><T44/><D59/><U31/><E31/><V0/><F0/><W37/><G37/><T106/><D106/><U109/><E71/><V125/><F125/><N who="1" m="48201" /><E133/><N who="2" m="51275" /><F90/><AGARI ba="0,0" hai="9,11,44,50,54,84,90,92" m="31273,15914" machi="90" ten="30,1000,0" yaku="8,1" doraHai="129" who="0" fromWho="2" sc="210,10,201,0,349,-10,240,0" /><INIT seed="3,0,0,0,2,27" ten="220,201,339,240" oya="3" hai0="116,97,96,43,124,89,15,110,90,84,21,7,72" hai1="100,67,50,14,87,16,51,93,123,30,106,35,22" hai2="131,73,92,34,125,38,39,69,65,4,81,78,2" hai3="86,82,105,75,62,28,120,0,9,127,79,66,37"/><W119/><G119/><T26/><D72/><U20/><E123/><V128/><F92/><W117/><G117/><T71/><D116/><U108/><E108/><V54/><F54/><W41/><G120/><T101/><D110/><U70/><E35/><V58/><F58/><W121/><G121/><T98/><D71/><U88/><E70/><V68/><F125/><W6/><G127/><T113/><D124/><U132/><E132/><V91/><F91/><N who="0" m="34826" /><D113/><U5/><E5/><V115/><F115/><W111/><G86/><T18/><D43/><U13/><E67/><V95/><F95/><W44/><G111/><T64/><D64/><U85/><E85/><V53/><F53/><W52/><G52/><T49/><D84/><U59/><E59/><V77/><F77/><W135/><G135/><T32/><D32/><U33/><E33/><V57/><F57/><W114/><G114/><T10/><D49/><N who="1" m="18443" /><E106/><V40/><F34/><W61/><G105/><T3/><D3/><U1/><E1/><V45/><F38/><W29/><G62/><T25/><D26/><N who="1" m="16727" /><E100/><AGARI ba="0,0" hai="7,10,15,18,21,25,96,97,98,100,101" m="34826" machi="100" ten="30,1000,0" yaku="8,1" doraHai="27" who="0" fromWho="1" sc="220,10,201,-10,339,0,240,0" /><INIT seed="4,0,0,4,2,101" ten="230,191,339,240" oya="0" hai0="107,12,49,9,6,34,27,53,24,10,28,119,5" hai1="56,61,77,16,81,55,129,36,108,105,109,50,18" hai2="67,73,94,75,117,57,71,95,115,133,43,25,3" hai3="131,7,84,58,104,87,40,99,52,118,120,93,91"/><T97/><D119/><U13/><E36/><V41/><F3/><W85/><G118/><T74/><D74/><U54/><E129/><V103/><F117/><W83/><G131/><T11/><D27/><U4/><E4/><V135/><F71/><W132/><G132/><N who="2" m="50761" /><F115/><W15/><G120/><T51/><D51/><U130/><E130/><V90/><F25/><W37/><G40/><N who="2" m="15433" /><F103/><W134/><G37/><T116/><D116/><U76/><E105/><V80/><F80/><W78/><G134/><T112/><D112/><U22/><E18/><V60/><F95/><W89/><G104/><T69/><D69/><U17/><E17/><V102/><F102/><W114/><G114/><T21/><D34/><U127/><E127/><V44/><F44/><W72/><G72/><T26/><D24/><U88/><E109/><V14/><F14/><W38/><G38/><T113/><D113/><U20/><E20/><V122/><F122/><W30/><G30/><T19/><D12/><U0/><E0/><V68/><F68/><W62/><G89/><T32/><D32/><U125/><E125/><V63/><F63/><W126/><G126/><T39/><D39/><U96/><E108/><V106/><F106/><W82/><G82/><T35/><D35/><U33/><E33/><V65/><F65/><W86/><G15/><T123/><D28/><U79/><E81/><V100/><F100/><W70/><G70/><T2/><D2/><U42/><E42/><V46/><F46/><W48/><G62/><T47/><D123/><U23/><E13/><V8/><F8/><W111/><G111/><RYUUKYOKU ba="0,0" sc="230,10,191,-30,339,10,240,10" hai0="5,6,9,10,11,19,21,26,47,49,53,97,107" hai2="57,60,67,73,75,90,94" hai3="7,48,52,58,78,83,84,85,86,87,91,93,99" /><INIT seed="4,1,0,0,2,6" ten="240,161,349,250" oya="0" hai0="64,102,49,36,87,15,31,77,27,19,90,40,122" hai1="95,74,21,89,75,63,114,106,66,34,73,53,35" hai2="48,5,131,2,11,94,9,28,120,71,105,47,7" hai3="100,135,55,58,41,111,99,33,38,130,124,69,96"/><T92/><D122/><U113/><E106/><V43/><F120/><W117/><G99/><T108/><D36/><U119/><E21/><V80/><F131/><W81/><G81/><T18/><D64/><U32/><E53/><V84/><F105/><W39/><G96/><T59/><D102/><U98/><REACH who="1" step="1"/><E119/><REACH who="1" ten="240,151,349,250" step="2"/><V8/><F2/><W133/><G117/><T24/><D108/><U107/><E107/><V60/><F28/><W13/><G55/><T44/><D77/><U12/><E12/><V4/><F71/><AGARI ba="1,1" hai="32,34,35,63,66,71,73,74,75,89,95,98,113,114" machi="71" ten="50,1600,0" yaku="1,1,53,0" doraHai="6" doraHaiUra="0" who="1" fromWho="2" sc="240,0,151,29,349,-19,250,0" /><INIT seed="5,0,0,5,3,132" ten="240,180,330,250" oya="1" hai0="97,129,110,100,18,17,52,36,43,115,19,125,126" hai1="31,9,26,0,104,5,39,8,108,78,71,54,117" hai2="61,48,13,102,45,73,123,80,30,20,111,113,84" hai3="15,56,94,105,77,69,1,118,42,25,66,41,103"/><U91/><E117/><V82/><F123/><W29/><G1/><T101/><D110/><U40/><E108/><V62/><F111/><W59/><G94/><T81/><D115/><U35/><E54/><V63/><F113/><W58/><G15/><T33/><D33/><U85/><E104/><V121/><F121/><W95/><G95/><T88/><D129/><U23/><E71/><V28/><F102/><W99/><G77/><T83/><D43/><U53/><E78/><V76/><F73/><W116/><G42/><T90/><D36/><U87/><E53/><N who="2" m="29839" /><F82/><W131/><G41/><T12/><D12/><U75/><E75/><V124/><F124/><N who="0" m="47722" /><D52/><U51/><E39/><V109/><F109/><W133/><G133/><T67/><D67/><U107/><E35/><V44/><F44/><W65/><G131/><T11/><D11/><U6/><E40/><V47/><F47/><W16/><G118/><T134/><D134/><U37/><E37/><V32/><F32/><N who="3" m="20527" /><G66/><T3/><D3/><U4/><E0/><V130/><F130/><W10/><G116/><T127/><N who="0" m="47730" /><T70/><DORA hai="50" /><D70/><U119/><E119/><V86/><F13/><N who="3" m="7223" /><G59/><T27/><D27/><U2/><E2/><V98/><F62/><AGARI ba="0,0" hai="56,58,62,65,69,99,103,105" m="7223,20527" machi="62" ten="30,2000,0" yaku="25,1,54,1" doraHai="132,50" who="3" fromWho="2" sc="240,0,180,0,330,-20,250,20" /><INIT seed="6,0,0,3,3,35" ten="240,180,310,270" oya="2" hai0="54,25,70,21,116,67,72,27,88,2,32,60,71" hai1="74,14,106,9,53,52,111,101,1,76,87,122,128" hai2="20,16,112,98,59,47,65,134,80,49,94,100,11" hai3="38,103,66,123,110,23,69,12,31,64,10,99,15"/><V77/><F134/><W56/><G38/><T68/><D72/><U104/><E111/><V39/><F112/><W3/><G110/><T73/><D73/><U78/><E128/><V63/><F39/><W22/><G69/><T89/><D116/><U108/><E108/><V97/><F11/><W109/><G123/><T75/><D75/><U5/><E122/><V19/><F20/><W57/><G3/><T26/><D32/><U55/><E101/><V85/><REACH who="2" step="1"/><F98/><REACH who="2" ten="240,180,300,270" step="2"/><W113/><G113/><T92/><D21/><U33/><E33/><V119/><F119/><W117/><G117/><T95/><D54/><AGARI ba="0,1" hai="16,19,47,49,54,59,63,65,77,80,85,94,97,100" machi="54" ten="30,12000,1" yaku="1,1,7,1,8,1,54,1,53,1" doraHai="35" doraHaiUra="81" who="2" fromWho="0" sc="240,-120,180,0,300,130,270,0" /><INIT seed="6,1,0,5,3,13" ten="120,180,430,270" oya="2" hai0="64,131,66,62,128,116,22,41,47,123,44,84,75" hai1="103,54,67,77,50,79,65,0,82,37,12,46,9" hai2="61,21,135,42,56,71,57,85,1,130,78,104,96" hai3="110,98,92,97,48,81,108,8,76,59,74,107,100"/><V18/><F1/><W89/><G59/><T58/><D75/><U102/><E0/><V88/><F135/><W111/><G48/><T30/><D123/><U15/><E37/><V45/><F130/><W124/><G8/><T109/><D109/><U105/><E15/><V91/><F78/><N who="1" m="29705" /><E82/><V134/><F134/><W10/><G10/><T52/><D116/><U120/><E105/><V5/><F5/><W99/><G124/><T14/><D84/><AGARI ba="1,0" hai="74,76,81,84,89,92,97,98,99,100,107,108,110,111" machi="84" ten="40,8000,1" yaku="24,2,34,3" doraHai="13" who="3" fromWho="0" sc="120,-83,180,0,430,0,270,83" /><INIT seed="7,0,0,3,5,100" ten="37,180,430,353" oya="3" hai0="10,69,0,78,106,35,112,45,80,52,32,97,18" hai1="67,29,14,12,75,63,123,33,131,11,77,3,132" hai2="95,121,133,61,13,122,54,99,85,107,117,20,88" hai3="1,120,8,53,127,68,82,72,103,64,108,41,38"/><W19/><G120/><N who="2" m="46185" /><F117/><W62/><G127/><T125/><D69/><U34/><E14/><V135/><F61/><W128/><G128/><T43/><D125/><U24/><E132/><N who="2" m="50763" /><F54/><W118/><G118/><T114/><D18/><U71/><E33/><V70/><F70/><W7/><G108/><T92/><D92/><U6/><E77/><V50/><F50/><W79/><G53/><T46/><D46/><U57/><E75/><V56/><F56/><W119/><G119/><T102/><D10/><U40/><E11/><V101/><F20/><W90/><G19/><T130/><D0/><U2/><E29/><V21/><F21/><W30/><G90/><T126/><D130/><U110/><E12/><AGARI ba="0,0" hai="12,13,85,88,95,99,101,107" m="50763,46185" machi="12" ten="30,7700,0" yaku="13,1,20,1,52,1,54,1" doraHai="100" who="2" fromWho="1" sc="37,0,180,-77,430,77,353,0" owari="37,-46.0,103,-30.0,507,61.0,353,15.0" /></mjloggm>