<mjloggm ver="2.3"><GO type="185" lobby="0"/><UN n0="%E5%A4%9A%E6%9E%97%E6%99%8B" n1="%79%61%6E%62%61%72%75%2D" n2="%E3%81%97%E3%82%81%E3%81%98%E3%82%93" n3="" dan="16,17,17,0" rate="2193.34,2243.00,2268.10,1500.00" sx="M,M,F,C"/><TAIKYOKU oya="0"/><INIT seed="0,0,0,0,1,64" ten="350,350,350,0" oya="0" hai0="48,93,71,101,129,102,120,126,106,53,1,118,104" hai1="33,70,119,110,92,130,75,125,50,32,77,52,121" hai2="72,108,114,97,40,78,43,59,39,47,135,86,36" hai3=""/><T58/><N who="0" m="30752" /><T107/><D1/><U133/><N who="1" m="31008" /><U56/><E119/><V2/><F2/><T122/><N who="0" m="31264" /><T132/><D118/><U117/><E117/><V61/><F72/><T35/><D35/><U116/><E116/><V109/><F97/><T105/><N who="0" m="26624" /><DORA hai="34" /><T41/><D129/><U46/><E130/><V83/><F114/><T55/><D132/><U91/><E133/><V112/><F112/><T134/><D134/><U69/><E125/><V79/><F79/><T76/><D71/><U81/><E110/><N who="2" m="42603" /><F135/><T115/><D115/><U128/><E128/><V66/><F43/><T87/><D126/><U95/><E32/><V113/><F113/><T131/><D131/><U65/><E33/><V89/><F78/><T44/><D55/><U3/><E3/><V38/><AGARI ba="0,0" hai="36,38,39,40,47,59,61,66,83,86,89" m="42603" machi="38" ten="30,800,0" yaku="14,1" doraHai="64,34" who="2" fromWho="2" sc="350,-5,350,-3,350,8,0,0" /><INIT seed="1,0,0,0,0,134" ten="345,347,358,0" oya="1" hai0="84,105,47,124,60,35,131,92,62,46,135,108,33" hai1="122,96,56,107,111,65,36,57,114,109,88,58,59" hai2="133,69,99,63,127,123,44,110,38,89,78,118,34" hai3=""/><U3/><N who="1" m="31264" /><U1/><E114/><V53/><F78/><T106/><D135/><U43/><N who="1" m="14336" /><DORA hai="93" /><U120/><N who="1" m="30752" /><U2/><E65/><V86/><F44/><T95/><D84/><U112/><E112/><V64/><F53/><T132/><D132/><U104/><E43/><V103/><F38/><T55/><D131/><U74/><E74/><V80/><F118/><T41/><D41/><U37/><E88/><V77/><N who="2" m="31520" /><V67/><F67/><T61/><D61/><U94/><E94/><V113/><F34/><T50/><D50/><U71/><E71/><V75/><F113/><T81/><D81/><U42/><E42/><V85/><F85/><T126/><D108/><N who="1" m="41547" /><E96/><V79/><F110/><T76/><D76/><U116/><E116/><V87/><F79/><T125/><REACH who="0" step="1"/><D126/><REACH who="0" ten="335,347,358,0" step="2"/><U66/><E66/><V130/><F133/><T98/><D98/><U39/><AGARI ba="0,1" hai="1,2,3,36,37,39,104,107" m="41547,30752,14336,31264" machi="39" ten="60,16000,3" yaku="29,2,28,2,14,1,10,1,52,2" doraHai="134,93" who="1" fromWho="1" sc="335,-80,347,170,358,-80,0,0" /><INIT seed="1,1,0,3,3,37" ten="255,517,278,0" oya="1" hai0="3,116,46,84,109,96,68,75,100,125,32,131,59" hai1="58,52,86,134,133,103,34,63,0,76,130,124,93" hai2="38,72,95,42,70,49,132,129,135,69,123,54,104" hai3=""/><U60/><E34/><V66/><N who="2" m="31520" /><V83/><F104/><T67/><D75/><U78/><E0/><V101/><F129/><T48/><D3/><U79/><E130/><V114/><F114/><T87/><D32/><U62/><E124/><V50/><F72/><T71/><D131/><U89/><REACH who="1" step="1"/><E103/><REACH who="1" ten="255,507,278,0" step="2"/><V41/><F101/><T39/><D125/><U119/><E119/><V2/><F2/><T85/><D116/><U108/><E108/><V80/><F38/><T77/><D109/><U36/><E36/><V126/><F126/><T99/><D39/><U121/><N who="1" m="31008" /><U64/><E64/><V113/><F66/><T43/><D100/><U127/><E127/><V117/><F117/><T44/><D77/><U51/><AGARI ba="1,1" hai="51,52,58,60,62,63,76,78,79,86,89,93,133,134" m="31008" machi="51" ten="40,8000,1" yaku="1,1,0,1,52,1,54,1,53,1" doraHai="37" doraHaiUra="91" who="1" fromWho="1" sc="255,-41,507,92,278,-41,0,0" /><INIT seed="1,2,0,4,4,84" ten="214,599,237,0" oya="1" hai0="93,35,62,124,60,109,123,121,1,94,91,98,52" hai1="66,2,78,105,34,96,127,108,95,130,100,116,53" hai2="88,63,71,64,3,86,129,33,67,106,132,59,32" hai3=""/><U43/><E34/><V125/><F3/><T47/><N who="0" m="31008" /><T104/><N who="0" m="31520" /><T103/><D35/><U112/><E2/><V38/><F106/><T114/><D1/><U89/><E112/><V113/><F38/><T85/><D114/><U39/><E116/><V107/><F107/><T65/><D109/><U69/><E130/><V37/><F37/><T77/><D124/><U70/><E127/><V72/><F72/><T101/><D103/><U40/><E78/><V74/><F74/><T51/><D77/><U135/><E135/><V81/><F132/><T128/><D128/><U80/><E80/><V36/><F36/><T131/><D131/><U55/><E108/><V57/><F71/><T118/><D118/><U49/><E55/><V87/><F125/><T44/><D65/><U58/><E66/><V92/><F129/><T68/><D68/><U48/><E70/><V119/><F119/><T102/><REACH who="0" step="1"/><D47/><REACH who="0" ten="204,599,237,0" step="2"/><U0/><E69/><V126/><F126/><T115/><D115/><U75/><E0/><V46/><F113/><T79/><D79/><U110/><E110/><V82/><F32/><T42/><D42/><U90/><E43/><V50/><F33/><T61/><D61/><U120/><N who="1" m="30752" /><U99/><E40/><RYUUKYOKU type="nm" ba="2,1" sc="204,-20,599,-40,237,60,0,0" hai0="44,51,52,60,62,85,91,93,94,98,101,102,104" /><INIT seed="2,3,1,4,5,103" ten="184,559,297,0" oya="2" hai0="83,65,112,56,47,2,85,89,95,98,39,100,48" hai1="57,77,119,68,40,43,38,79,74,52,118,67,54" hai2="53,86,130,88,129,37,120,102,66,64,61,110,133" hai3=""/><V93/><N who="2" m="30752" /><V59/><F133/><T94/><D2/><U73/><E68/><V46/><F110/><T109/><D109/><U76/><E67/><V96/><F37/><T78/><D112/><U34/><E34/><V87/><F87/><T122/><N who="0" m="31264" /><T42/><D65/><U134/><E134/><V80/><REACH who="2" step="1"/><F46/><REACH who="2" ten="184,559,287,0" step="2"/><T41/><D56/><U33/><E38/><V107/><F107/><T1/><D1/><U32/><E32/><V51/><F51/><T113/><D113/><U36/><E33/><V0/><F0/><T49/><REACH who="0" step="1"/><D42/><REACH who="0" ten="174,559,287,0" step="2"/><U126/><E43/><V101/><F101/><T71/><D71/><U104/><E40/><V69/><F69/><T45/><D45/><U121/><E121/><V90/><F90/><T91/><D91/><U117/><E57/><V127/><F127/><T131/><D131/><AGARI ba="3,3" hai="53,59,61,64,66,80,86,88,93,96,102,129,130,131" m="30752" machi="131" ten="40,12000,1" yaku="1,1,19,1,52,1,54,1,53,0" doraHai="103" doraHaiUra="111" who="2" fromWho="0" sc="174,-126,559,0,287,156,0,0" /><INIT seed="2,4,0,0,0,99" ten="48,559,443,0" oya="2" hai0="65,36,107,83,70,113,58,3,103,37,96,85,86" hai1="72,125,66,0,63,1,112,71,109,119,94,57,127" hai2="35,100,92,90,124,131,46,108,39,80,106,49,132" hai3=""/><V114/><F35/><T53/><D3/><U128/><E112/><V116/><F114/><T40/><D113/><U56/><E72/><V95/><F116/><T51/><D40/><U98/><E119/><V102/><F39/><T120/><N who="0" m="30752" /><T33/><D33/><U104/><E104/><V111/><F106/><T47/><D86/><U68/><E128/><V62/><F131/><T77/><REACH who="0" step="1"/><D70/><REACH who="0" ten="38,559,443,0" step="2"/><U34/><E34/><V121/><N who="2" m="31008" /><V122/><N who="2" m="31264" /><V54/><F132/><T48/><D48/><U135/><E135/><V91/><F62/><AGARI ba="4,1" hai="36,37,47,51,53,58,62,65,77,83,85,96,103,107" m="30752" machi="62" ten="40,8000,1" yaku="1,1,52,2,53,1" doraHai="99" doraHaiUra="79" who="0" fromWho="2" sc="38,98,559,0,443,-88,0,0" /><INIT seed="4,0,0,1,5,91" ten="136,559,355,0" oya="0" hai0="128,88,66,86,39,111,106,115,120,104,55,72,49" hai1="102,1,76,107,69,131,33,81,2,99,63,108,32" hai2="133,40,34,134,41,35,90,129,96,73,60,75,82" hai3=""/><T103/><N who="0" m="30752" /><T126/><D111/><U71/><E108/><V47/><F129/><T95/><D39/><U67/><E71/><V84/><F60/><T101/><D128/><U0/><REACH who="1" step="1"/><E131/><REACH who="1" ten="136,549,355,0" step="2"/><V121/><N who="2" m="31008" /><V64/><F35/><T122/><N who="0" m="31264" /><T127/><D72/><AGARI ba="0,1" hai="0,1,2,32,33,63,67,69,72,76,81,99,102,107" machi="72" ten="40,8000,1" yaku="1,1,33,3,53,1" doraHai="91" doraHaiUra="65" who="1" fromWho="0" sc="136,-80,549,90,355,0,0,0" /><INIT seed="5,0,0,2,4,85" ten="56,639,355,0" oya="1" hai0="122,59,109,91,3,40,118,73,113,121,44,54,38" hai1="46,110,123,127,82,52,96,35,69,89,117,90,100" hai2="101,88,111,129,108,112,93,103,62,79,107,124,125" hai3=""/><U61/><N who="1" m="31520" /><U74/><E35/><V104/><F62/><T42/><N who="0" m="31008" /><T135/><N who="0" m="31264" /><T86/><D3/><U132/><E117/><V41/><F41/><T0/><D0/><U80/><E132/><V130/><F79/><T83/><D109/><U34/><E34/><V36/><F36/><T134/><D118/><U97/><E110/><V99/><F112/><T71/><D71/><U126/><E69/><V98/><F93/><T72/><D113/><U64/><E64/><V106/><F106/><T92/><D42/><U33/><E33/><V48/><F48/><T51/><REACH who="0" step="1"/><D92/><REACH who="0" ten="46,639,355,0" step="2"/><U84/><E126/><V67/><F111/><T49/><D49/><U120/><N who="1" m="30752" /><U75/><E127/><N who="2" m="48715" /><F108/><T66/><D66/><U116/><E116/><V81/><F67/><T60/><D60/><U95/><E61/><V32/><F32/><T133/><AGARI ba="0,1" hai="38,40,44,51,54,59,72,73,83,86,91,133,134,135" m="31264,31008" machi="133" ten="30,12000,3" yaku="1,1,0,1,20,1,52,3,53,3" doraHai="85" doraHaiUra="131" who="0" fromWho="0" sc="46,130,639,-80,355,-40,0,0" /><INIT seed="6,0,0,0,5,48" ten="176,559,315,0" oya="2" hai0="55,100,91,81,3,94,79,112,117,97,132,1,76" hai1="41,96,80,125,62,92,67,46,78,129,83,128,75" hai2="53,89,126,102,57,52,63,71,122,120,70,99,85" hai3=""/><V134/><N who="2" m="30752" /><V121/><N who="2" m="31008" /><V56/><N who="2" m="31264" /><V60/><F134/><T73/><D117/><U118/><E125/><V95/><REACH who="2" step="1"/><F126/><REACH who="2" ten="176,559,305,0" step="2"/><T116/><D132/><U123/><N who="1" m="31520" /><U47/><E118/><V64/><F64/><T130/><D116/><U50/><E129/><V109/><F109/><T111/><D111/><U34/><E128/><V93/><AGARI ba="0,1" hai="52,53,56,57,60,63,70,71,85,89,93,95,99,102" m="31264,31008,30752" machi="93" ten="20,16000,3" yaku="1,1,0,1,7,1,9,1,52,5,54,1,53,0" doraHai="48" doraHaiUra="2" who="2" fromWho="2" sc="176,-80,559,-80,305,170,0,0" /><INIT seed="6,1,0,4,5,39" ten="96,479,475,0" oya="2" hai0="120,70,68,44,94,0,129,58,64,91,35,93,67" hai1="131,110,73,124,48,132,71,40,33,79,99,3,109" hai2="53,57,83,85,37,45,50,97,82,92,43,86,96" hai3=""/><V32/><F32/><T55/><N who="0" m="30752" /><T107/><D35/><U111/><E33/><V56/><F56/><T116/><D107/><U78/><E3/><V115/><F115/><T126/><D0/><U60/><E131/><V52/><F53/><T119/><D129/><U74/><E132/><V69/><F69/><T106/><D106/><U75/><E124/><V80/><REACH who="2" step="1"/><F97/><REACH who="2" ten="96,479,465,0" step="2"/><T77/><D93/><U88/><E71/><V108/><F108/><T59/><D91/><AGARI ba="1,1" hai="37,43,45,50,52,57,80,82,83,85,86,91,92,96" machi="91" ten="40,7700,0" yaku="1,1,52,1,54,1,53,0" doraHai="39" doraHaiUra="104" who="2" fromWho="0" sc="96,-79,479,0,465,89,0,0" owari="17,-58.0,479,8.0,554,50.0,0,0.0" /></mjloggm>