<mjloggm ver="2.3"><GO type="169" lobby="0"/><UN n0="%E4%B9%BE%E5%9D%A4%E5%8D%81%E4%BA%94%E6%93%B2" n1="%75%63%63%68%69%2D%30%32" n2="%E3%81%8B%E3%81%A5%E3%81%8D%EF%BC%B8%EF%BC%A9" n3="%4B%45%4E%2D%4F%47%41%53" dan="16,16,16,16" rate="2099.96,2190.30,2118.19,2129.18" sx="M,M,M,M"/><TAIKYOKU oya="0"/><INIT seed="0,0,0,1,2,34" ten="250,250,250,250" oya="0" hai0="92,69,16,66,133,35,27,9,108,47,52,38,71" hai1="107,129,25,20,22,10,36,100,83,56,132,127,97" hai2="28,3,122,23,62,126,113,135,14,54,40,73,99" hai3="24,53,46,121,21,114,67,88,17,124,79,63,117"/><T89/><D133/><U19/><E132/><V12/><F73/><W111/><G114/><T0/><D108/><U84/><E36/><V76/><F113/><W59/><G124/><T60/><D71/><U106/><E127/><V115/><F40/><W110/><G117/><T82/><D82/><U68/><E68/><V39/><F39/><W112/><G112/><T45/><D35/><U95/><E129/><V128/><F122/><W48/><G79/><T91/><D38/><U118/><E118/><V74/><F126/><W93/><REACH who="3" step="1"/><G121/><REACH who="3" ten="250,250,250,240" step="2"/><T31/><D31/><U43/><E43/><V96/><F28/><W103/><G103/><T30/><D30/><U72/><E72/><V6/><F74/><W7/><G7/><T130/><D130/><U51/><E100/><V11/><F6/><W29/><G29/><T41/><D91/><U55/><E19/><V64/><F76/><W98/><AGARI ba="0,1" hai="17,21,24,46,48,53,59,63,67,88,93,98,110,111" machi="98" ten="30,7900,0" yaku="1,1,0,1,54,1,53,1" doraHai="34" doraHaiUra="42" who="3" fromWho="3" sc="250,-39,250,-20,250,-20,240,89" /><INIT seed="1,0,0,1,3,33" ten="211,230,230,329" oya="1" hai0="45,73,71,135,25,30,119,17,77,122,32,54,12" hai1="95,28,116,72,58,115,99,16,118,105,133,110,126" hai2="3,9,85,92,120,43,91,57,101,82,125,75,36" hai3="111,37,66,48,102,129,7,15,13,113,65,112,1"/><U117/><E28/><V26/><F120/><W61/><G37/><T53/><D122/><U103/><E115/><V24/><F57/><W88/><G102/><T60/><D119/><U114/><E114/><V131/><F131/><W86/><G66/><T55/><D135/><U41/><E133/><V40/><F40/><W39/><G39/><T34/><D45/><U31/><E31/><V107/><F125/><W47/><G129/><T68/><D34/><U87/><E126/><V67/><F67/><W81/><G111/><T63/><D77/><U90/><E41/><V89/><F89/><W35/><G35/><T78/><D78/><U132/><E132/><V84/><F84/><W109/><G109/><T128/><D73/><U100/><E110/><V27/><F107/><W18/><G15/><T76/><D76/><U42/><E42/><V8/><F8/><W98/><G98/><T52/><N who="0" m="13312" /><DORA hai="108" /><T79/><D79/><U130/><E58/><V11/><F75/><W4/><G1/><T104/><D104/><U19/><E72/><V70/><F70/><W83/><G83/><T14/><D128/><U134/><E134/><V94/><F101/><W0/><G0/><T124/><D124/><U62/><E130/><V29/><F29/><W38/><G38/><T56/><D56/><U6/><E103/><V127/><F127/><W2/><G2/><T74/><D74/><U22/><E118/><V21/><F21/><W59/><G7/><T69/><REACH who="0" step="1"/><D17/><REACH who="0" ten="201,230,230,329" step="2"/><N who="1" m="6731" /><E117/><V46/><REACH who="2" step="1"/><F11/><REACH who="2" ten="201,230,220,329" step="2"/><N who="3" m="6463" /><G4/><AGARI ba="0,2" hai="3,4,9,24,26,27,36,43,46,82,85,91,92,94" machi="4" ten="40,2600,0" yaku="1,1,52,1,53,0" doraHai="33,108" doraHaiUra="64,106" who="2" fromWho="3" sc="201,0,230,0,220,46,329,-26" /><INIT seed="2,0,0,0,2,1" ten="201,230,266,303" oya="2" hai0="52,8,25,65,109,51,45,66,33,97,131,88,117" hai1="112,40,92,101,87,82,64,7,17,73,9,55,5" hai2="6,59,41,91,57,133,70,89,53,27,103,130,47" hai3="78,108,18,93,116,77,81,60,129,132,67,11,80"/><V134/><F70/><W48/><G116/><T71/><D117/><U42/><E112/><V96/><F130/><W12/><G129/><T104/><D109/><U50/><E64/><V0/><F27/><W120/><G132/><N who="2" m="50793" /><F6/><N who="1" m="2057" /><E73/><V32/><F0/><W62/><G120/><T135/><D135/><U54/><E101/><V49/><F32/><W19/><G108/><T20/><D131/><U107/><E92/><N who="2" m="58759" /><F57/><W63/><G67/><T122/><D122/><U84/><E84/><V28/><F28/><W46/><G93/><N who="0" m="56487" /><D33/><U39/><E107/><V125/><F125/><W113/><G113/><T35/><D104/><U126/><E126/><V29/><F29/><W43/><G19/><N who="0" m="12447" /><D35/><U110/><E39/><AGARI ba="0,0" hai="39,41,47,49,53,59,89,91" m="58759,50793" machi="39" ten="30,1500,0" yaku="20,1" doraHai="1" who="2" fromWho="1" sc="201,0,230,-15,266,15,303,0" /><INIT seed="2,1,0,5,2,5" ten="201,215,281,303" oya="2" hai0="28,84,6,58,33,95,41,0,121,7,39,87,130" hai1="118,81,29,91,23,79,74,13,46,131,63,123,35" hai2="109,126,31,86,133,88,71,62,114,122,120,4,129" hai3="25,72,113,124,18,73,19,1,21,90,106,20,93"/><V2/><F114/><W102/><G124/><T108/><D121/><U65/><E123/><V135/><F31/><W112/><G1/><T3/><D130/><U94/><E131/><V57/><F71/><W83/><G83/><T56/><D108/><U26/><E118/><V110/><F4/><W16/><G106/><T104/><D104/><U119/><E119/><V68/><F2/><W67/><G102/><T12/><D41/><U76/><E46/><V111/><F68/><W85/><G67/><T54/><D39/><U66/><E79/><V27/><F27/><W70/><G70/><T128/><D128/><U36/><E36/><V64/><F126/><W47/><G47/><T107/><D107/><U24/><E13/><V100/><F100/><W132/><G132/><N who="2" m="50761" /><F129/><W40/><G40/><T17/><D3/><U32/><E63/><V105/><F105/><W61/><G61/><T92/><D0/><U52/><E52/><V50/><F50/><W98/><G98/><T101/><D101/><U44/><E44/><V89/><F89/><W59/><G59/><T22/><D58/><U127/><E127/><V103/><F103/><W53/><G53/><T99/><D54/><U80/><E35/><V60/><F60/><W37/><G37/><T115/><D56/><U69/><E69/><V117/><F117/><W34/><G34/><T75/><D33/><U96/><E32/><V49/><F49/><W14/><REACH who="3" step="1"/><G18/><REACH who="3" ten="201,215,281,293" step="2"/><T38/><D38/><U43/><E43/><V55/><F55/><W78/><G78/><T82/><D17/><U9/><E66/><V45/><F45/><RYUUKYOKU ba="1,1" sc="201,-15,215,-15,281,15,293,15" hai2="57,62,64,86,88,109,110,111,120,122" hai3="14,16,19,20,21,25,72,73,85,90,93,112,113" /><INIT seed="2,2,1,0,5,77" ten="186,200,296,308" oya="2" hai0="60,6,127,121,57,58,75,39,134,25,84,37,27" hai1="87,126,46,72,79,130,115,21,31,26,132,49,89" hai2="43,54,68,38,36,97,69,110,113,35,59,41,65" hai3="19,76,5,91,56,102,24,116,18,29,47,133,124"/><V125/><F35/><W23/><G116/><T12/><D121/><U3/><E115/><V44/><F97/><W108/><G108/><T101/><D75/><U98/><E3/><V85/><F85/><W117/><G117/><T83/><D127/><U55/><E126/><V119/><F119/><W88/><G133/><T30/><D134/><U92/><E132/><V82/><F82/><W99/><G124/><T109/><D109/><U63/><E130/><V28/><F28/><W42/><G5/><T45/><D101/><U95/><E63/><V22/><F22/><W7/><G7/><T114/><D114/><U135/><E135/><V111/><F125/><W67/><G76/><T103/><D103/><U118/><E118/><V120/><F120/><W10/><G10/><T70/><D70/><N who="2" m="27242" /><F65/><W93/><G19/><T122/><D122/><U50/><E50/><N who="2" m="31191" /><F113/><W62/><G18/><T73/><D6/><U80/><REACH who="1" step="1"/><E98/><REACH who="1" ten="186,190,296,308" step="2"/><V66/><F66/><W64/><G67/><T100/><D60/><U86/><E86/><V96/><F96/><W107/><G107/><T11/><D84/><U129/><E129/><V32/><F32/><W34/><G34/><T51/><D73/><U16/><E16/><V104/><F104/><W106/><G106/><T123/><D123/><U131/><E131/><V94/><F111/><W4/><G4/><T17/><D17/><U1/><E1/><V33/><F110/><W8/><G8/><T53/><D11/><U90/><E90/><V52/><F33/><W105/><G105/><T15/><D100/><U48/><E48/><AGARI ba="2,2" hai="23,24,29,42,47,48,56,62,64,88,91,93,99,102" machi="48" ten="30,8000,1" yaku="7,1,25,2,8,1,54,1" doraHai="77" who="3" fromWho="1" sc="186,0,190,-86,296,0,308,106" /><INIT seed="3,0,0,0,2,4" ten="186,104,296,414" oya="3" hai0="32,47,13,26,116,83,23,75,53,24,48,134,115" hai1="90,102,72,6,40,131,105,11,108,114,17,29,12" hai2="25,98,52,9,96,110,30,88,122,86,16,34,112" hai3="113,7,128,19,92,10,85,97,37,133,87,70,5"/><W65/><G37/><T67/><D116/><U28/><E114/><V135/><F110/><W118/><G118/><T74/><D115/><U93/><E108/><V27/><F112/><W82/><G113/><T61/><D134/><U91/><E72/><V22/><F135/><W1/><G128/><T64/><D64/><U120/><E131/><V68/><F68/><W60/><G133/><T123/><D123/><U57/><E120/><V3/><F122/><W124/><G124/><T80/><D75/><U94/><E40/><V104/><F104/><W111/><G111/><T130/><D130/><U2/><E105/><V55/><F98/><W103/><G82/><T99/><D32/><U132/><E102/><V95/><REACH who="2" step="1"/><F96/><REACH who="2" ten="186,104,286,414" step="2"/><W38/><G38/><T81/><D99/><U36/><E132/><V33/><F33/><W101/><G101/><T127/><D74/><U51/><E36/><V54/><F54/><W50/><G50/><T0/><D127/><U66/><E51/><V121/><F121/><W63/><G63/><T59/><REACH who="0" step="1"/><D0/><REACH who="0" ten="176,104,286,414" step="2"/><U126/><E126/><V39/><F39/><W31/><G97/><T15/><D15/><U56/><E2/><V79/><F79/><W43/><G1/><T84/><D84/><U71/><E66/><V77/><F77/><W58/><G87/><T45/><D45/><U106/><E12/><V78/><F78/><W119/><G85/><T49/><D49/><U8/><E106/><V35/><F35/><W44/><G119/><T109/><D109/><U42/><E71/><V69/><F69/><N who="3" m="42151" /><G44/><T76/><D76/><U18/><E42/><RYUUKYOKU ba="0,2" sc="176,10,104,10,286,10,414,-30" hai0="13,23,24,26,47,48,53,59,61,67,80,81,83" hai1="6,8,11,17,18,28,29,56,57,90,91,93,94" hai2="3,9,16,22,25,27,30,34,52,55,86,88,95" /><INIT seed="4,1,2,3,3,89" ten="186,114,296,384" oya="0" hai0="13,36,18,69,62,97,33,109,42,107,24,134,96" hai1="95,46,4,19,31,54,66,53,9,47,100,0,58" hai2="76,112,91,15,61,23,35,41,57,49,7,132,27" hai3="79,124,14,40,50,129,120,55,105,22,71,72,133"/><T126/><D126/><U94/><E31/><V101/><F35/><W80/><G105/><T39/><D134/><U123/><E123/><V63/><F132/><W29/><G133/><T28/><D13/><U131/><E131/><V113/><F101/><W78/><G71/><T16/><D97/><U92/><E100/><V64/><F76/><W93/><G40/><T5/><D5/><U82/><E82/><V128/><F128/><W65/><G65/><N who="0" m="41143" /><D109/><U10/><E66/><V106/><F106/><W25/><G129/><T26/><D26/><U70/><E70/><V74/><F74/><W111/><G111/><T81/><D81/><U67/><E67/><V121/><F121/><W115/><G120/><T11/><D11/><U77/><E77/><V85/><F15/><W116/><G116/><T6/><D6/><U20/><E10/><V56/><F7/><W99/><G124/><T68/><D68/><U127/><E127/><V52/><F23/><W48/><G79/><T1/><D1/><U37/><E37/><N who="0" m="14409" /><D42/><U3/><E3/><V119/><F27/><W86/><G72/><T43/><D43/><U38/><E38/><V118/><F119/><W12/><G12/><T117/><D117/><U83/><E83/><V32/><F32/><W88/><G14/><T30/><D30/><U75/><E75/><V45/><REACH who="2" step="1"/><F118/><REACH who="2" ten="186,114,286,384" step="2"/><W135/><G135/><T17/><D17/><U34/><E34/><V103/><F103/><AGARI ba="1,3" hai="16,18,24,28,33,96,103,107" m="14409,41143" machi="103" ten="30,2900,0" yaku="25,1,54,1" doraHai="89" who="0" fromWho="2" sc="186,62,114,0,286,-32,384,0" /><INIT seed="4,2,0,5,0,21" ten="248,114,254,384" oya="0" hai0="62,36,6,87,94,77,30,101,111,84,129,48,103" hai1="16,91,32,9,39,121,71,127,133,23,17,66,50" hai2="88,10,99,107,83,104,1,59,130,20,63,19,22" hai3="93,33,114,75,57,58,46,105,74,67,76,68,108"/><T128/><D36/><U118/><E39/><V44/><F130/><N who="0" m="50282" /><D6/><U115/><E118/><V35/><F35/><W132/><G68/><T135/><D62/><U12/><E121/><V3/><F20/><W122/><G46/><T41/><D30/><U45/><E32/><V54/><F10/><W78/><G67/><T116/><D41/><U27/><E133/><V60/><F60/><W7/><G7/><T64/><D48/><U4/><E127/><V124/><F124/><W14/><G14/><T89/><D64/><U38/><E38/><V119/><F119/><W47/><G47/><T65/><D65/><U79/><E79/><V42/><F83/><W49/><G49/><T110/><D135/><U18/><E115/><V28/><F28/><W134/><G33/><T72/><D72/><U0/><E0/><V69/><F69/><W43/><G43/><T92/><D116/><U5/><E5/><V85/><F3/><W2/><G2/><T25/><D25/><U125/><E125/><V37/><F1/><W53/><G53/><T97/><D103/><U51/><E51/><V109/><F37/><W70/><G70/><T123/><D123/><U11/><E11/><V126/><F126/><W26/><G134/><T24/><D24/><U82/><E66/><V80/><F42/><W95/><G132/><T102/><D102/><U29/><E71/><V8/><F44/><W117/><G122/><T52/><D52/><N who="1" m="29775" /><E82/><AGARI ba="2,0" hai="77,82,84,87,89,92,94,97,101,110,111" m="50282" machi="82" ten="30,5800,0" yaku="19,1,34,2" doraHai="21" who="0" fromWho="1" sc="248,64,114,-64,254,0,384,0" /><INIT seed="4,3,0,3,2,98" ten="312,50,254,384" oya="0" hai0="12,11,112,43,1,114,111,21,78,47,115,75,45" hai1="32,58,120,106,0,102,77,67,25,41,54,65,10" hai2="132,2,14,39,63,134,4,130,80,110,82,53,27" hai3="101,79,60,116,38,62,109,121,6,93,35,48,30"/><T122/><D122/><U89/><E77/><V128/><F39/><W8/><G109/><T72/><D111/><U123/><E41/><V16/><F2/><W17/><G116/><T42/><D21/><U5/><E123/><V126/><F27/><W83/><G17/><T73/><D1/><U26/><E120/><V76/><F4/><W18/><G18/><T61/><D61/><U68/><E89/><V117/><F117/><W125/><G48/><T105/><D105/><U127/><E127/><V49/><F63/><W64/><G125/><T9/><D78/><U96/><E26/><V88/><F110/><W104/><G93/><T22/><D22/><U107/><E107/><V37/><F37/><W119/><G119/><T103/><D103/><U99/><E99/><V40/><F40/><N who="0" m="15402" /><D12/><U52/><E68/><V57/><F126/><W46/><G60/><T90/><D90/><U23/><E32/><V31/><F31/><W15/><G30/><T74/><N who="0" m="18432" /><DORA hai="28" /><T94/><D94/><U85/><E85/><N who="2" m="50231" /><F80/><W135/><G121/><T113/><D115/><U19/><REACH who="1" step="1"/><E54/><REACH who="1" ten="312,40,254,384" step="2"/><V108/><F76/><W124/><G124/><T7/><D7/><U95/><E95/><V20/><F108/><W81/><G79/><T69/><D69/><U133/><E133/><AGARI ba="3,1" hai="14,16,20,49,53,57,128,130,132,133,134" m="50231" machi="133" ten="30,3900,0" yaku="20,1,54,2" doraHai="98,28" who="2" fromWho="1" sc="312,0,40,-48,254,58,384,0" owari="312,11.0,-8,-51.0,312,-9.0,384,49.0" /></mjloggm>