<mjloggm ver="2.3"><GO type="169" lobby="0"/><UN n0="%EF%BC%A9%EF%BC%A3%EF%BC%A8%EF%BC%A9" n1="%52%59%4F%40%53%53" n2="%69%70%73%E6%88%A6%E5%A3%AB" n3="%E4%BD%8E%E3%82%81%E3%82%B9%E3%83%A9%E3%82%A4%E3%83%80%E3%83%BC" dan="17,18,16,16" rate="2103.08,2217.66,2036.10,2151.49" sx="M,M,M,F"/><TAIKYOKU oya="0"/><INIT seed="0,0,0,1,5,90" ten="250,250,250,250" oya="0" hai0="60,58,69,85,122,88,10,5,98,11,91,80,43" hai1="49,78,118,114,83,20,17,9,13,117,130,3,42" hai2="103,72,24,134,121,106,68,62,79,81,108,76,19" hai3="12,40,87,75,71,74,97,95,133,132,47,92,45"/><T50/><D122/><U73/><E130/><V125/><F121/><W2/><G2/><T23/><D69/><U21/><E114/><V57/><F68/><W115/><G71/><T38/><D38/><U25/><E3/><V94/><F125/><W100/><G115/><T7/><D23/><U0/><E0/><V39/><F39/><W86/><G12/><T128/><D128/><U99/><E21/><V124/><F124/><W15/><G15/><T89/><D50/><U53/><E42/><V56/><F106/><W64/><G64/><T14/><D43/><U6/><REACH who="1" step="1"/><E99/><REACH who="1" ten="250,240,250,250" step="2"/><N who="2" m="59895" /><F134/><W27/><G40/><T34/><D34/><U129/><E129/><V105/><F105/><W55/><G97/><T111/><D98/><U35/><E35/><V4/><F108/><W119/><G119/><T63/><D111/><U104/><E104/><V52/><F72/><W33/><G33/><T22/><D22/><U41/><E41/><V102/><F102/><W65/><G100/><T110/><D110/><U113/><E113/><V93/><F24/><W77/><G27/><T28/><D14/><U135/><E135/><V126/><F126/><W54/><G65/><T36/><D85/><U29/><E29/><V32/><F32/><W101/><G101/><T8/><D8/><U107/><E107/><V48/><F4/><W127/><G127/><T96/><D7/><U26/><E26/><V82/><F19/><W16/><G16/><T59/><D5/><U123/><E123/><V51/><F76/><AGARI ba="0,1" hai="45,47,54,55,74,75,76,77,86,87,92,95,132,133" machi="76" ten="25,6400,0" yaku="22,2,52,2" doraHai="90" who="3" fromWho="2" sc="250,0,240,0,250,-64,250,74" /><INIT seed="1,0,0,5,4,14" ten="250,240,186,324" oya="1" hai0="98,80,21,73,66,74,23,60,65,12,29,46,79" hai1="88,114,11,0,58,112,32,15,96,54,41,70,116" hai2="76,4,126,49,22,53,129,132,81,86,40,28,94" hai3="87,36,134,118,67,89,133,128,62,27,59,68,106"/><U130/><E116/><V31/><F126/><W25/><G36/><T113/><D113/><U10/><E70/><V57/><F132/><N who="3" m="50795" /><G106/><T50/><D74/><U105/><E32/><V33/><F33/><W109/><G128/><T119/><D119/><U83/><E130/><V93/><F129/><W131/><G131/><T77/><D77/><U90/><E41/><V9/><F40/><W121/><G121/><T35/><D35/><U17/><E105/><V39/><F39/><W19/><G109/><T61/><D98/><U48/><E96/><V13/><F22/><N who="3" m="13535" /><G27/><T24/><D66/><U52/><E54/><V100/><F100/><W37/><G37/><T125/><D65/><U47/><E58/><V108/><F108/><W78/><G78/><T85/><D73/><U72/><E72/><V92/><AGARI ba="0,0" hai="4,9,13,28,31,49,53,57,76,81,86,92,93,94" machi="92" ten="30,2000,0" yaku="0,1,8,1" doraHai="14" who="2" fromWho="2" sc="250,-5,240,-10,186,20,324,-5" /><INIT seed="2,0,0,5,2,129" ten="245,230,206,319" oya="2" hai0="62,100,36,78,24,53,99,73,0,49,4,70,19" hai1="5,31,41,46,112,69,76,25,8,68,10,79,120" hai2="22,131,52,34,109,28,113,45,64,84,50,124,85" hai3="110,98,87,96,42,135,33,118,67,65,126,61,91"/><V94/><F113/><W97/><G33/><T82/><D36/><U75/><E112/><V30/><F131/><W127/><G118/><T6/><D0/><U71/><E120/><V56/><F34/><W23/><G42/><T60/><D24/><U102/><E102/><V83/><F124/><N who="3" m="47659" /><G110/><T101/><D101/><U38/><E10/><V106/><F106/><W86/><G135/><T66/><D19/><U15/><REACH who="1" step="1"/><E75/><REACH who="1" ten="245,220,206,319" step="2"/><V111/><F111/><W16/><G91/><T117/><D117/><U11/><E11/><V32/><F109/><W3/><G3/><T116/><D116/><U54/><E54/><V128/><F128/><W133/><G133/><T72/><D72/><U122/><E122/><V89/><F32/><AGARI ba="0,1" hai="5,8,15,25,31,32,38,41,46,68,69,71,76,79" machi="32" ten="40,1300,0" yaku="1,1,53,0" doraHai="129" doraHaiUra="12" who="1" fromWho="2" sc="245,0,220,23,206,-13,319,0" /><INIT seed="3,0,0,4,1,36" ten="245,243,193,319" oya="3" hai0="21,83,79,64,58,85,113,1,88,16,91,3,105" hai1="120,75,5,84,0,4,78,68,14,104,124,129,55" hai2="100,94,2,15,93,23,110,37,52,74,134,126,35" hai3="10,81,38,57,25,45,95,133,41,92,18,49,24"/><W76/><G133/><T72/><D113/><U62/><E104/><V128/><F35/><W70/><G70/><T112/><D112/><U90/><E0/><V39/><F2/><W29/><G10/><T98/><D64/><U108/><E120/><V118/><F118/><W27/><G18/><T89/><D58/><U114/><E114/><V32/><F32/><W12/><G12/><T69/><D69/><U26/><E124/><V42/><F126/><W48/><G29/><T59/><D59/><U44/><E129/><V63/><F128/><W13/><G13/><T22/><D22/><U43/><E78/><V66/><F74/><W96/><G57/><T56/><D56/><N who="1" m="35103" /><E75/><V7/><F134/><W61/><G61/><T60/><D60/><U82/><E68/><V119/><F119/><W87/><REACH who="3" step="1"/><G95/><REACH who="3" ten="245,243,193,309" step="2"/><T102/><REACH who="0" step="1"/><D72/><REACH who="0" ten="235,243,193,309" step="2"/><U20/><E5/><V97/><F7/><W80/><G80/><T28/><D28/><U103/><E4/><V117/><F63/><W106/><G106/><T101/><D101/><AGARI ba="0,2" hai="24,25,27,38,41,45,48,49,76,81,87,92,96,101" machi="101" ten="40,3900,0" yaku="1,1,52,1,53,0" doraHai="36" doraHaiUra="9" who="3" fromWho="0" sc="235,-39,243,0,193,0,309,59" /><INIT seed="3,1,0,0,3,49" ten="196,243,193,368" oya="3" hai0="81,94,20,53,106,62,64,83,76,100,77,103,112" hai1="66,60,85,55,32,105,45,126,54,9,21,52,129" hai2="72,26,33,61,56,42,13,124,40,51,71,118,0" hai3="87,22,48,113,128,31,17,134,73,96,25,117,47"/><W98/><G117/><T114/><D106/><U122/><E105/><V70/><F0/><W115/><G73/><T29/><D64/><U38/><E122/><V107/><F72/><W75/><G75/><T43/><D43/><U3/><E32/><V91/><F118/><W58/><G115/><T28/><D62/><U135/><E126/><V74/><F74/><W23/><G113/><T93/><REACH who="0" step="1"/><D20/><REACH who="0" ten="186,243,193,368" step="2"/><U109/><E21/><V27/><F107/><W89/><G134/><T82/><D82/><U133/><E135/><V125/><F125/><W123/><G123/><T24/><D24/><U67/><E133/><V44/><F124/><W78/><G128/><T121/><D121/><U57/><E129/><V110/><F42/><N who="3" m="24695" /><G58/><T12/><D12/><U63/><E3/><V97/><F71/><W99/><G23/><T7/><D7/><U102/><E67/><V14/><F70/><W127/><G127/><T92/><D92/><U79/><E66/><V108/><F27/><W39/><G39/><T119/><D119/><U104/><E38/><V10/><F14/><W19/><G31/><T5/><D5/><U1/><E1/><V80/><F26/><W37/><G37/><T131/><D131/><U116/><E116/><V18/><F33/><W88/><G19/><T35/><D35/><U120/><E120/><V50/><F18/><W36/><G36/><T68/><D68/><U101/><E104/><V95/><F13/><W69/><G69/><T11/><D11/><U30/><E9/><V46/><F10/><W4/><G4/><T90/><D90/><U132/><E132/><RYUUKYOKU ba="1,1" sc="186,15,243,-15,193,-15,368,15" hai0="28,29,53,76,77,81,83,93,94,100,103,112,114" hai3="17,22,25,78,87,88,89,96,98,99" /><INIT seed="3,2,1,0,0,13" ten="201,228,178,383" oya="3" hai0="55,81,80,94,98,67,106,97,42,44,89,118,88" hai1="128,86,38,78,37,68,34,41,113,29,40,132,76" hai2="133,1,36,18,19,121,115,46,9,82,65,4,64" hai3="112,135,10,101,60,87,12,25,32,48,63,58,24"/><W47/><G112/><T114/><D114/><U77/><E68/><V127/><F115/><W131/><G131/><T22/><D118/><U109/><E113/><V15/><F121/><W103/><G135/><T33/><D33/><U100/><E100/><N who="3" m="38474" /><G32/><T50/><D106/><U17/><E128/><V52/><F133/><W16/><G87/><T20/><D67/><N who="2" m="25674" /><F1/><W11/><G11/><T125/><D125/><U27/><E132/><V28/><F36/><W5/><G58/><T96/><D55/><U49/><E86/><V61/><F127/><W53/><G5/><T111/><D111/><U6/><E109/><V75/><F75/><W21/><G10/><T130/><D130/><U71/><E6/><V120/><F120/><W83/><G83/><N who="0" m="31819" /><D89/><U57/><E71/><V56/><F28/><W51/><G51/><T26/><D88/><U14/><E38/><V102/><F102/><W7/><G7/><T2/><D2/><U73/><E37/><V134/><F134/><W23/><G25/><T74/><D26/><U124/><E124/><V54/><F82/><W104/><G104/><T119/><D74/><U0/><E0/><V93/><F93/><W92/><G92/><T85/><D94/><U69/><E69/><V8/><F8/><W31/><AGARI ba="2,1" hai="12,16,21,23,24,31,47,48,53,60,63" m="38474" machi="31" ten="30,6000,0" yaku="8,1,52,1,54,1" doraHai="13" who="3" fromWho="3" sc="201,-22,228,-22,178,-22,383,76" /><INIT seed="3,3,0,3,5,104" ten="179,206,156,459" oya="3" hai0="128,73,81,50,105,75,0,85,94,51,118,77,123" hai1="58,44,78,79,107,133,92,101,25,106,6,9,41" hai2="32,16,26,52,20,69,127,53,93,56,120,134,99" hai3="109,12,102,24,91,43,89,112,29,13,17,14,28"/><W125/><G112/><T132/><D0/><U54/><E133/><V122/><F69/><W63/><G125/><T80/><D50/><U88/><E25/><V40/><F127/><W84/><G109/><T34/><D34/><U1/><E101/><V33/><F134/><W76/><G43/><T36/><D36/><U65/><E65/><V3/><F3/><W98/><G63/><T96/><D132/><U59/><E107/><V19/><F40/><W82/><G17/><T108/><D105/><U103/><E103/><N who="2" m="60911" /><F19/><W35/><REACH who="3" step="1"/><G29/><REACH who="3" ten="179,206,156,449" step="2"/><T70/><D108/><U39/><E41/><V111/><F111/><W74/><G74/><T23/><D75/><U119/><E119/><V31/><F31/><W131/><G131/><T95/><D73/><U49/><E6/><V4/><F4/><W64/><G64/><T116/><D128/><U5/><E5/><V115/><F115/><W124/><G124/><T8/><D118/><U66/><E66/><V22/><F53/><W7/><G7/><T60/><D116/><U61/><E54/><V114/><F114/><W27/><G27/><T90/><D60/><U83/><E1/><V57/><F52/><W121/><G121/><T46/><D123/><U100/><E61/><V135/><F135/><W2/><G2/><T21/><D51/><U86/><E49/><V71/><F122/><W87/><G87/><T47/><D85/><U42/><E42/><V67/><F120/><W15/><N who="3" m="3072" /><DORA hai="11" /><W18/><G18/><T48/><D48/><U97/><E86/><V110/><F110/><W30/><G30/><T37/><D47/><RYUUKYOKU ba="3,1" sc="179,-10,206,-10,156,-10,449,30" hai3="24,28,35,76,82,84,89,91,98,102" /><INIT seed="3,4,1,2,4,33" ten="169,196,146,479" oya="3" hai0="4,8,65,49,48,105,35,110,127,114,47,41,103" hai1="131,64,62,79,72,42,55,132,120,95,27,6,97" hai2="0,45,36,107,92,101,38,89,85,39,106,87,50" hai3="5,63,76,112,23,78,22,124,34,116,68,11,58"/><W134/><G116/><T25/><D110/><U73/><E120/><V21/><F101/><W99/><G112/><T88/><D114/><U17/><E131/><V86/><F0/><W13/><G134/><T69/><D127/><U7/><E42/><V43/><REACH who="2" step="1"/><F21/><REACH who="2" ten="169,196,136,479" step="2"/><W77/><G23/><T29/><D103/><U57/><E132/><V28/><F28/><W44/><G22/><T125/><D125/><U10/><E10/><V12/><F12/><W111/><G124/><T102/><D102/><U113/><E113/><V133/><F133/><W100/><G111/><T84/><D105/><AGARI ba="4,2" hai="36,38,39,43,45,50,85,86,87,89,92,105,106,107" machi="105" ten="50,1600,0" yaku="1,1,53,0" doraHai="33" doraHaiUra="52" who="2" fromWho="0" sc="169,-28,196,0,136,48,479,0" /><INIT seed="4,0,0,1,0,117" ten="141,196,184,479" oya="0" hai0="124,13,20,104,82,19,64,119,107,134,39,74,93" hai1="44,67,38,94,57,76,0,24,61,114,121,9,18" hai2="131,99,42,123,97,111,1,112,47,41,5,79,29" hai3="72,55,36,132,54,48,103,88,50,120,15,122,100"/><T4/><D119/><U7/><E114/><V109/><F112/><W101/><G36/><T87/><D39/><U77/><E121/><N who="3" m="46698" /><G132/><T105/><D134/><U90/><E44/><V12/><F123/><W27/><G72/><T10/><D124/><U91/><E91/><V73/><F42/><W118/><G118/><T69/><D74/><U52/><E38/><N who="2" m="21943" /><F29/><W51/><G27/><T70/><D93/><U14/><E67/><V31/><F31/><W34/><G34/><T46/><D46/><U125/><E125/><V85/><F131/><W2/><G2/><T43/><D43/><U80/><E80/><N who="2" m="45167" /><F12/><W49/><G49/><T40/><D40/><U16/><E0/><V65/><F85/><W23/><G88/><T8/><D13/><U95/><E24/><V133/><F133/><W83/><G83/><T106/><D82/><U71/><E90/><V45/><F109/><W92/><G92/><T21/><D107/><U28/><E95/><V3/><F3/><W110/><G110/><T35/><D87/><U37/><E94/><V135/><F111/><W89/><G89/><T126/><D106/><U86/><E86/><V68/><F135/><W128/><G128/><T84/><D84/><U25/><E37/><V78/><F1/><W53/><G15/><T11/><D105/><U32/><E77/><V75/><F78/><W127/><G23/><T130/><D104/><U108/><E76/><V129/><F75/><W30/><G30/><T66/><D130/><U96/><E108/><V115/><F129/><W102/><G102/><T59/><D35/><U26/><E32/><RYUUKYOKU ba="0,0" sc="141,-10,196,-10,184,-10,479,30" hai3="48,50,51,53,54,55,100,101,103,127" /><INIT seed="5,1,0,4,5,48" ten="131,186,174,509" oya="1" hai0="41,52,96,57,111,22,49,110,70,24,97,32,95" hai1="29,129,23,67,69,125,10,127,11,112,31,51,15" hai2="45,89,68,116,108,104,115,72,62,20,75,44,122" hai3="86,114,7,14,36,27,64,109,133,98,54,37,123"/><U81/><E112/><V21/><F122/><W18/><G109/><T16/><D70/><U135/><E81/><V0/><F116/><W76/><G133/><T126/><D126/><N who="1" m="48139" /><E51/><V84/><F0/><W120/><G114/><T58/><D41/><U131/><E67/><V78/><F104/><W92/><G64/><T13/><D58/><U4/><E69/><V43/><F108/><W90/><G36/><T66/><D97/><U50/><E50/><V105/><F105/><W113/><G37/><T35/><D66/><U53/><E53/><V85/><F115/><W80/><G113/><T121/><D121/><U42/><E42/><V87/><F62/><W59/><G27/><T94/><D94/><U107/><E107/><V65/><F65/><W101/><G7/><T91/><REACH who="0" step="1"/><D35/><REACH who="0" ten="121,186,174,509" step="2"/><U102/><E135/><V82/><F68/><W5/><G123/><T19/><D19/><N who="1" m="8703" /><E102/><V47/><F43/><W103/><G120/><T30/><AGARI ba="1,1" hai="13,16,22,24,30,32,49,52,57,91,95,96,110,111" machi="30" ten="30,8000,1" yaku="1,1,0,1,52,1,54,2,53,0" doraHai="48" doraHaiUra="79" who="0" fromWho="0" sc="121,93,186,-41,174,-21,509,-21" /><INIT seed="6,0,0,0,0,18" ten="214,145,153,488" oya="2" hai0="85,41,15,6,3,113,37,34,106,51,1,31,17" hai1="89,83,74,71,36,7,22,103,80,35,49,28,92" hai2="114,81,0,122,120,10,42,48,5,105,79,109,121" hai3="115,32,14,60,40,46,39,64,123,97,95,52,38"/><V131/><F105/><W67/><G32/><T66/><D37/><N who="3" m="13833" /><G95/><T77/><D106/><U58/><E71/><V96/><F109/><W102/><G97/><T30/><D66/><N who="3" m="25129" /><G102/><T45/><D113/><U33/><E36/><V91/><F114/><W76/><G14/><T59/><D59/><U21/><E7/><V73/><F131/><W12/><G12/><T16/><D3/><U19/><E74/><V75/><F96/><W84/><G84/><T2/><D2/><U56/><E103/><V11/><F91/><W82/><G82/><N who="1" m="31274" /><E33/><V57/><F11/><W101/><G101/><T116/><D1/><U125/><E35/><V55/><REACH who="2" step="1"/><F42/><REACH who="2" ten="214,145,143,488" step="2"/><W43/><G115/><T25/><D41/><U70/><E70/><V72/><AGARI ba="0,1" hai="0,5,10,48,55,57,72,73,75,79,81,120,121,122" machi="72" ten="40,7800,0" yaku="1,1,2,1,0,1,53,0" doraHai="18" doraHaiUra="132" who="2" fromWho="2" sc="214,-26,145,-26,143,88,488,-26" /><INIT seed="6,1,0,4,1,125" ten="188,119,231,462" oya="2" hai0="74,38,106,60,85,89,100,131,87,42,35,28,64" hai1="123,57,32,82,96,55,26,29,115,113,11,130,56" hai2="134,61,67,50,122,15,58,65,91,4,13,111,120" hai3="53,44,6,34,47,104,93,68,18,21,31,46,30"/><V45/><F111/><W69/><G104/><T102/><D74/><U48/><E123/><V36/><F36/><W12/><G6/><T92/><D38/><U94/><E11/><V80/><F134/><W129/><G129/><T66/><D42/><U108/><E108/><V126/><F126/><W83/><G69/><T27/><D131/><U95/><E82/><V71/><F4/><W1/><G68/><N who="0" m="41991" /><D66/><U75/><E75/><V121/><F67/><W10/><G34/><T43/><D43/><U22/><E130/><V90/><F71/><W73/><G73/><T63/><D63/><U51/><E32/><V40/><F80/><W117/><G117/><T97/><D102/><U39/><E39/><V124/><F124/><W33/><G33/><T112/><D112/><U110/><E110/><V3/><F3/><W19/><G1/><T128/><D128/><U72/><E72/><V5/><F5/><W52/><G93/><T127/><D127/><U88/><REACH who="1" step="1"/><E95/><REACH who="1" ten="188,109,231,462" step="2"/><V37/><F37/><W133/><G83/><T2/><D2/><U119/><E119/><V135/><F135/><W24/><G133/><T76/><D76/><U109/><E109/><V86/><F121/><W103/><G103/><T77/><D77/><U98/><E98/><AGARI ba="1,1" hai="27,28,35,85,87,89,92,97,98,100,106" m="41991" machi="98" ten="30,1000,0" yaku="25,1" doraHai="125" who="0" fromWho="1" sc="188,23,109,-13,231,0,462,0" /><INIT seed="7,0,0,1,1,58" ten="211,96,231,462" oya="3" hai0="106,61,74,80,71,116,83,89,32,30,65,59,94" hai1="97,54,127,10,98,101,57,75,66,85,91,21,7" hai2="88,14,96,31,19,46,79,28,126,107,115,16,22" hai3="122,33,131,45,114,102,121,41,29,36,12,135,118"/><W47/><G114/><T82/><D116/><U0/><E75/><V76/><F115/><W103/><G118/><T120/><D120/><U35/><E35/><V100/><F126/><W8/><G29/><T104/><D74/><U69/><E127/><V109/><F109/><W49/><G33/><T37/><D37/><U108/><E108/><V95/><F46/><W72/><G72/><T43/><D43/><U62/><E101/><V110/><F110/><W105/><G135/><T26/><REACH who="0" step="1"/><D71/><REACH who="0" ten="201,96,231,462" step="2"/><U113/><E113/><V11/><F31/><W132/><G122/><T2/><D2/><U15/><E0/><V53/><F28/><W18/><G121/><T24/><D24/><U56/><E69/><V124/><F124/><W34/><G41/><T44/><D44/><U92/><REACH who="1" step="1"/><E21/><REACH who="1" ten="201,86,231,462" step="2"/><V39/><F22/><W93/><G36/><T77/><D77/><U40/><E40/><V99/><F39/><W117/><G117/><T6/><D6/><U90/><E90/><V128/><F79/><W1/><G1/><T81/><N who="0" m="20992" /><DORA hai="129" /><T25/><D25/><U9/><E9/><V123/><F76/><W70/><G8/><T51/><D51/><AGARI ba="0,2" hai="7,10,15,51,54,56,57,62,66,85,91,92,97,98" machi="51" ten="30,8000,1" yaku="1,1,7,1,8,1,52,1,53,1" doraHai="58,129" doraHaiUra="84,42" who="1" fromWho="0" sc="201,-80,86,100,231,0,462,0" owari="121,-38.0,186,-21.0,231,3.0,462,56.0" /></mjloggm>