<mjloggm ver="2.3"><GO type="185" lobby="0"/><UN n0="%63%61%6C%63%2E" n1="%E5%BF%AB%E9%81%A9" n2="%E3%81%BE%E3%81%A4%E3%81%AE%E3%81%8F%E3%82%93" n3="" dan="19,17,17,0" rate="2393.04,2297.07,2236.09,1500.00" sx="M,M,M,C"/><TAIKYOKU oya="0"/><INIT seed="0,0,0,0,2,62" ten="350,350,350,0" oya="0" hai0="37,96,45,78,134,33,71,76,102,68,38,0,111" hai1="103,75,40,50,42,126,79,3,51,49,60,64,85" hai2="61,88,83,127,94,122,105,123,73,82,65,120,133" hai3=""/><T129/><D33/><U104/><E3/><V80/><N who="2" m="30752" /><V69/><N who="2" m="31264" /><V57/><N who="2" m="31520" /><V43/><F105/><T44/><D0/><U81/><E126/><V107/><F107/><T58/><D129/><U90/><E103/><V52/><F127/><T128/><D128/><U101/><E101/><V46/><F133/><T53/><D111/><U124/><E104/><V117/><F117/><T125/><D125/><U70/><REACH who="1" step="1"/><E124/><REACH who="1" ten="350,340,350,0" step="2"/><V130/><F130/><T113/><D102/><U74/><E74/><V39/><F73/><T121/><N who="0" m="31008" /><T34/><D34/><U131/><E131/><V63/><REACH who="2" step="1"/><F83/><AGARI ba="0,1" hai="40,42,49,50,51,60,64,70,75,79,81,83,85,90" machi="83" ten="40,2600,0" yaku="1,1,52,1,53,0" doraHai="62" doraHaiUra="2" who="1" fromWho="2" sc="350,0,340,36,350,-26,0,0" /><INIT seed="1,0,0,4,3,119" ten="350,376,324,0" oya="1" hai0="128,66,132,110,1,81,96,59,40,36,32,55,130" hai1="44,108,72,124,122,65,75,117,109,76,56,42,129" hai2="39,41,107,91,85,101,133,100,83,87,118,74,34" hai3=""/><U48/><N who="1" m="31264" /><U45/><E117/><V135/><F118/><T70/><D32/><U102/><E124/><V43/><F34/><T123/><N who="0" m="31520" /><T33/><D33/><U90/><E129/><N who="0" m="49769" /><D1/><U84/><E102/><V77/><F39/><T58/><D96/><U79/><E45/><V68/><F68/><T97/><D97/><U104/><E104/><V67/><F67/><T3/><D81/><U103/><E103/><N who="2" m="39499" /><F107/><T53/><D132/><N who="2" m="50762" /><F74/><T51/><D3/><U111/><E75/><V88/><F77/><T99/><D99/><U0/><E72/><V92/><AGARI ba="0,0" hai="41,43,83,85,87,88,91,92" m="50762,39499" machi="92" ten="30,1500,0" yaku="20,1,54,1" doraHai="119" who="2" fromWho="2" sc="350,-5,376,-10,324,15,0,0" /><INIT seed="2,0,0,3,3,0" ten="345,366,339,0" oya="2" hai0="124,72,1,85,59,3,34,97,47,40,117,37,48" hai1="87,79,106,51,96,89,70,41,135,44,2,50,63" hai2="35,108,133,38,67,83,134,113,71,39,98,74,69" hai3=""/><V60/><F113/><T102/><D72/><U80/><E2/><V112/><F112/><T76/><D117/><U131/><E135/><N who="2" m="51723" /><F108/><T55/><D124/><U116/><E131/><V45/><F35/><T92/><REACH who="0" step="1"/><D34/><REACH who="0" ten="335,366,339,0" step="2"/><U100/><E116/><V95/><F71/><T120/><N who="0" m="30752" /><T43/><D43/><U121/><N who="1" m="31008" /><U81/><E70/><V128/><F128/><T78/><D78/><U88/><E63/><V64/><F64/><T86/><D86/><U90/><REACH who="1" step="1"/><E51/><REACH who="1" ten="335,356,339,0" step="2"/><V118/><F118/><T77/><D77/><U122/><N who="1" m="31264" /><U105/><E105/><V57/><F69/><T130/><D130/><U62/><E62/><V61/><F61/><T53/><D53/><U58/><E58/><V126/><F126/><T82/><AGARI ba="0,2" hai="1,3,37,40,47,48,55,59,76,82,85,92,97,102" m="30752" machi="82" ten="30,3000,0" yaku="1,1,0,1,52,1,53,0" doraHai="0" doraHaiUra="65" who="0" fromWho="0" sc="335,50,356,-10,339,-20,0,0" /><INIT seed="4,0,0,2,5,97" ten="385,346,319,0" oya="0" hai0="95,80,111,0,126,127,64,1,51,100,107,92,130" hai1="99,45,117,56,109,44,76,36,3,34,83,43,101" hai2="133,35,135,41,93,110,65,53,42,63,105,55,96" hai3=""/><T85/><D130/><U77/><E3/><V59/><F110/><T39/><D39/><U124/><E34/><V49/><F105/><T50/><D64/><U48/><E109/><V47/><F35/><T94/><D111/><U2/><E2/><V68/><F93/><T73/><D73/><U71/><E124/><N who="0" m="47657" /><D0/><U103/><E71/><V74/><F96/><T67/><D67/><U123/><N who="1" m="31520" /><U131/><E117/><V91/><F91/><T62/><D62/><U119/><E77/><V116/><F116/><T38/><D38/><U118/><E56/><V134/><F74/><T82/><D1/><U66/><E66/><V57/><F68/><T129/><D129/><U86/><E131/><V70/><F70/><T121/><N who="0" m="31008" /><T46/><D85/><U98/><E119/><V125/><F125/><T108/><D108/><U69/><E118/><V81/><F81/><N who="0" m="31338" /><D46/><U88/><E69/><V112/><REACH who="2" step="1"/><F112/><REACH who="2" ten="385,346,309,0" step="2"/><T79/><D79/><U78/><E78/><V128/><F128/><T104/><D107/><U113/><E113/><V115/><F115/><T60/><D104/><U32/><E32/><V61/><AGARI ba="0,1" hai="41,42,47,49,53,55,57,59,61,63,65,133,134,135" machi="61" ten="40,9000,2" yaku="1,1,0,1,20,1,34,3,53,0" doraHai="97" doraHaiUra="122" who="2" fromWho="2" sc="385,-60,346,-30,309,100,0,0" /><INIT seed="5,0,0,0,2,118" ten="325,316,409,0" oya="1" hai0="85,57,96,115,87,41,102,131,2,134,40,51,105" hai1="75,64,109,42,113,54,128,125,90,62,86,116,77" hai2="117,94,83,99,49,39,74,121,68,0,71,110,130" hai3=""/><U111/><E116/><V98/><N who="2" m="31008" /><V93/><F117/><T78/><D2/><U81/><E128/><V65/><F39/><T124/><D131/><U135/><E135/><V69/><F130/><T33/><D33/><U82/><E125/><V47/><F110/><T32/><D32/><U126/><E126/><V46/><F0/><T61/><D124/><U70/><E113/><V114/><F114/><T104/><D115/><U120/><N who="1" m="30752" /><U58/><REACH who="1" step="1"/><E42/><REACH who="1" ten="325,306,409,0" step="2"/><V112/><F112/><T76/><D134/><U100/><E100/><V108/><F108/><T95/><D40/><U50/><AGARI ba="0,1" hai="50,54,58,62,64,70,75,77,81,82,86,90,109,111" m="30752" machi="50" ten="30,8000,1" yaku="1,1,0,1,52,2,53,1" doraHai="118" doraHaiUra="59" who="1" fromWho="1" sc="325,-40,306,90,409,-40,0,0" /><INIT seed="5,1,0,1,2,110" ten="285,396,369,0" oya="1" hai0="62,74,108,44,118,128,96,105,54,100,101,82,97" hai1="130,38,66,81,120,40,123,103,2,98,56,60,111" hai2="77,36,41,104,68,114,119,122,79,125,37,48,35" hai3=""/><U80/><N who="1" m="30752" /><U83/><N who="1" m="31520" /><U85/><E111/><V133/><F48/><T73/><D108/><U113/><E2/><V86/><F86/><T67/><D128/><U84/><E130/><V107/><F41/><T57/><D118/><U129/><E113/><V116/><N who="2" m="31264" /><V117/><F68/><T93/><D82/><U52/><E129/><V134/><F35/><T45/><D44/><U90/><E38/><N who="2" m="14955" /><F125/><T72/><REACH who="0" step="1"/><D45/><REACH who="0" ten="275,396,369,0" step="2"/><U92/><E40/><V99/><F99/><T49/><D49/><U42/><E42/><V75/><F75/><T43/><D43/><U32/><E32/><V33/><F33/><T64/><AGARI ba="1,1" hai="54,57,62,64,67,72,73,74,93,96,97,100,101,105" machi="64" ten="40,6000,1" yaku="1,1,0,1,53,2" doraHai="110" doraHaiUra="63" who="0" fromWho="0" sc="275,72,396,-41,369,-21,0,0" /><INIT seed="6,0,0,2,0,51" ten="347,355,348,0" oya="2" hai0="133,102,85,50,70,49,73,94,48,36,74,62,107" hai1="42,53,39,126,131,122,93,80,34,135,45,2,87" hai2="33,35,109,75,92,83,114,59,64,100,119,69,55" hai3=""/><V130/><F119/><T115/><D36/><U117/><N who="1" m="31264" /><U32/><E2/><V116/><F116/><T89/><D133/><U103/><E117/><V105/><F105/><T132/><D132/><U3/><E3/><V125/><F109/><T82/><D115/><U91/><E135/><V72/><F114/><T47/><D107/><U58/><E131/><V60/><F130/><T79/><D102/><U71/><E71/><V41/><F41/><T66/><REACH who="0" step="1"/><D74/><REACH who="0" ten="337,355,348,0" step="2"/><U110/><E110/><V84/><F125/><T52/><AGARI ba="0,1" hai="47,48,49,50,52,62,66,70,73,79,82,85,89,94" machi="52" ten="20,9000,2" yaku="1,1,2,1,0,1,7,1,52,1,54,1,53,0" doraHai="51" doraHaiUra="98" who="0" fromWho="0" sc="337,100,355,-30,348,-60,0,0" owari="437,38.0,325,-7.0,288,-31.0,0,0.0" /></mjloggm>