<mjloggm ver="2.3"><GO type="185" lobby="0"/><UN n0="%44%75%73%6B" n1="%E3%81%AE%E3%83%BC%E3%81%97" n2="%E3%81%BE%E3%81%A4%E3%81%AE%E3%81%8F%E3%82%93" n3="" dan="16,18,17,0" rate="2213.60,2293.67,2242.13,1500.00" sx="M,M,M,C"/><TAIKYOKU oya="0"/><INIT seed="0,0,0,2,0,93" ten="350,350,350,0" oya="0" hai0="82,100,90,105,124,77,85,36,80,40,134,130,99" hai1="111,128,87,120,68,45,71,1,66,61,52,114,113" hai2="41,88,2,37,69,92,98,58,3,74,107,34,122" hai3=""/><T108/><D130/><U84/><N who="1" m="30752" /><U95/><E1/><V76/><N who="2" m="31264" /><V67/><F34/><T63/><D63/><U125/><E71/><V35/><F35/><T81/><D40/><U46/><E111/><V0/><F69/><T60/><D60/><U42/><E128/><V131/><F131/><T39/><D108/><U50/><E125/><V106/><F67/><T51/><D124/><U119/><E119/><V55/><F76/><T57/><D134/><U38/><REACH who="1" step="1"/><E95/><REACH who="1" ten="350,340,350,0" step="2"/><V83/><F107/><T89/><D36/><U75/><E75/><V103/><F106/><T48/><D39/><U118/><E118/><V47/><F74/><T64/><D64/><U32/><E32/><V49/><REACH who="2" step="1"/><F83/><REACH who="2" ten="350,340,340,0" step="2"/><T102/><D81/><U117/><E117/><V121/><N who="2" m="31008" /><V112/><F112/><AGARI ba="0,2" hai="38,42,45,46,50,52,61,66,68,84,87,112,113,114" m="30752" machi="112" ten="40,8000,1" yaku="1,1,11,1,52,1,54,1,53,0" doraHai="93" doraHaiUra="96" who="1" fromWho="2" sc="350,0,340,100,340,-80,0,0" /><INIT seed="1,0,0,5,0,58" ten="350,440,260,0" oya="1" hai0="102,50,96,41,37,47,65,36,76,66,135,120,51" hai1="132,129,101,2,117,60,121,116,85,114,84,89,128" hai2="3,110,80,53,103,134,78,109,63,86,90,112,118" hai3=""/><U54/><N who="1" m="31008" /><U93/><E2/><V91/><F3/><T111/><N who="0" m="30752" /><T125/><D111/><N who="2" m="42506" /><F118/><T99/><D135/><U1/><E1/><V75/><F134/><T69/><D76/><U61/><E132/><V92/><F112/><T0/><D0/><U39/><E39/><V115/><F115/><T38/><D125/><U83/><E101/><V40/><F40/><T72/><D72/><U126/><E114/><V67/><F53/><T98/><D102/><U59/><E61/><V88/><F103/><T42/><D69/><AGARI ba="0,0" hai="63,67,69,75,78,80,86,88,90,91,92" m="42506" machi="69" ten="30,3900,0" yaku="14,1,52,1,54,1" doraHai="58" who="2" fromWho="0" sc="350,-39,440,0,260,39,0,0" /><INIT seed="2,0,0,0,4,66" ten="311,440,299,0" oya="2" hai0="99,123,98,64,33,76,109,106,115,88,135,101,63" hai1="75,107,129,95,82,105,57,86,79,69,116,42,103" hai2="80,72,119,49,97,65,125,62,61,108,117,52,39" hai3=""/><V1/><F1/><T60/><N who="0" m="31520" /><T73/><D109/><U134/><E116/><V133/><F108/><T81/><D33/><U74/><E42/><V44/><F125/><T36/><D36/><U2/><E57/><V100/><F133/><T132/><D115/><U48/><E48/><V87/><F72/><N who="1" m="27689" /><E2/><V46/><F39/><T110/><D110/><U43/><E43/><V32/><F44/><T114/><D114/><U85/><E69/><V128/><F32/><T83/><D63/><U104/><E134/><N who="0" m="51241" /><D64/><U70/><E70/><V41/><F41/><T38/><D60/><U94/><E129/><V120/><N who="2" m="30752" /><V96/><F128/><T56/><D56/><U122/><N who="1" m="31264" /><U130/><E130/><V93/><F62/><T90/><D38/><U55/><E55/><V37/><F37/><T47/><D47/><U50/><E50/><V68/><REACH who="2" step="1"/><F96/><REACH who="2" ten="311,440,289,0" step="2"/><T51/><D51/><U118/><E118/><V89/><AGARI ba="0,1" hai="46,49,52,61,65,68,80,87,89,93,97,100,117,119" m="30752" machi="89" ten="20,16000,3" yaku="1,1,2,1,0,1,7,1,52,2,54,1,53,1" doraHai="66" doraHaiUra="67" who="2" fromWho="2" sc="311,-80,440,-80,289,170,0,0" /><INIT seed="2,1,0,4,4,119" ten="231,360,459,0" oya="2" hai0="51,70,104,40,0,82,68,125,48,41,101,34,62" hai1="110,121,60,109,100,38,118,95,76,120,77,80,84" hai2="107,35,123,122,85,67,92,61,86,3,96,126,106" hai3=""/><V42/><N who="2" m="31264" /><V47/><N who="2" m="31520" /><V66/><F3/><T99/><D34/><U111/><E38/><V103/><F35/><T49/><D0/><U94/><E60/><V93/><F126/><T81/><D125/><U117/><N who="1" m="30752" /><U91/><N who="1" m="31008" /><U131/><E131/><V43/><F67/><T1/><D1/><U39/><E39/><V64/><F64/><T71/><REACH who="0" step="1"/><D62/><REACH who="0" ten="221,360,459,0" step="2"/><U133/><E133/><V116/><F116/><N who="1" m="44649" /><E100/><V74/><F74/><T2/><D2/><U55/><E55/><V63/><F63/><T53/><D53/><U127/><E127/><V78/><F42/><AGARI ba="1,1" hai="40,41,42,48,49,51,68,70,71,81,82,99,101,104" machi="42" ten="50,1600,0" yaku="1,1,53,0" doraHai="119" doraHaiUra="129" who="0" fromWho="2" sc="221,28,360,0,459,-18,0,0" /><INIT seed="4,0,0,4,0,128" ten="249,360,441,0" oya="0" hai0="111,109,33,58,74,85,2,110,117,127,60,130,0" hai1="65,47,42,57,39,97,83,59,55,41,71,53,132" hai2="3,125,103,35,77,72,115,124,80,113,118,101,94" hai3=""/><T40/><D117/><U106/><E83/><V129/><F3/><T66/><D33/><U114/><E114/><N who="2" m="43531" /><F35/><T122/><N who="0" m="31264" /><T62/><D130/><U44/><E97/><V91/><F129/><T61/><D74/><U37/><E106/><V78/><F78/><T54/><D40/><U49/><E132/><V135/><F135/><T116/><D116/><U50/><E65/><V68/><F68/><AGARI ba="0,0" hai="37,39,41,42,44,47,49,50,53,55,57,59,68,71" machi="68" ten="40,16000,3" yaku="32,3,35,6" doraHai="128" who="1" fromWho="2" sc="249,0,360,160,441,-160,0,0" /><INIT seed="5,0,0,1,1,88" ten="249,520,281,0" oya="1" hai0="87,106,89,94,41,63,46,44,127,92,90,118,59" hai1="109,78,52,53,33,47,125,40,84,121,123,82,43" hai2="124,91,107,131,114,134,83,79,110,104,34,100,97" hai3=""/><U130/><N who="1" m="31008" /><U70/><N who="1" m="31520" /><U113/><E33/><V80/><F34/><T119/><D106/><U86/><E70/><V133/><F110/><T122/><N who="0" m="31264" /><T37/><D127/><U3/><E125/><V95/><F124/><T67/><REACH who="0" step="1"/><D44/><REACH who="0" ten="239,520,281,0" step="2"/><U126/><E47/><V35/><F35/><T115/><D115/><U77/><E113/><V62/><F114/><T54/><D54/><U39/><E126/><V111/><F111/><T117/><D117/><U102/><E109/><V45/><F45/><T68/><D68/><U38/><E52/><V71/><F131/><T101/><D101/><U69/><E53/><V99/><F71/><T93/><D93/><U73/><E69/><V112/><F112/><T48/><D48/><U98/><E130/><V49/><F49/><T85/><AGARI ba="0,1" hai="37,41,46,59,63,67,85,87,89,90,92,94,118,119" m="31264" machi="85" ten="30,9000,2" yaku="1,1,0,1,9,1,52,3,53,1" doraHai="88" doraHaiUra="60" who="0" fromWho="0" sc="239,100,520,-60,281,-30,0,0" /><INIT seed="6,0,0,3,1,101" ten="339,460,251,0" oya="2" hai0="117,57,104,72,75,79,63,3,97,92,85,89,107" hai1="119,98,33,32,56,99,94,127,45,132,44,77,55" hai2="87,84,62,78,43,39,73,34,54,0,125,135,66" hai3=""/><V111/><F0/><T126/><D3/><U115/><E119/><V64/><F34/><T59/><D117/><U100/><E132/><V47/><F135/><T50/><D126/><U82/><E127/><V91/><F125/><T110/><D110/><U40/><E99/><V112/><F111/><T41/><D72/><U122/><N who="1" m="31264" /><U129/><E129/><V80/><F112/><T69/><D69/><U35/><E115/><V113/><F113/><T48/><D75/><U124/><E124/><V133/><F133/><T38/><D38/><U65/><E65/><V1/><F1/><T114/><D114/><U70/><E70/><V53/><F73/><T49/><D41/><U103/><E103/><V37/><F37/><T51/><N who="0" m="12800" /><DORA hai="121" /><T68/><D68/><U123/><N who="1" m="31520" /><U88/><E100/><V86/><F86/><T60/><D79/><U120/><N who="1" m="30752" /><U2/><E2/><V71/><REACH who="2" step="1"/><F66/><REACH who="2" ten="339,460,241,0" step="2"/><T74/><D74/><U128/><E32/><V96/><F96/><T83/><D97/><U108/><E98/><V131/><F131/><T134/><D134/><U95/><E128/><V93/><AGARI ba="0,1" hai="39,43,47,53,54,62,64,71,78,80,84,87,91,93" machi="93" ten="20,2600,0" yaku="1,1,0,1,7,1,53,0" doraHai="101,121" doraHaiUra="106,116" who="2" fromWho="2" sc="339,-13,460,-13,241,36,0,0" /><INIT seed="6,1,0,5,4,116" ten="326,447,277,0" oya="2" hai0="40,79,123,132,125,44,52,94,58,54,95,108,89" hai1="113,119,41,50,55,69,81,43,134,61,124,37,49" hai2="102,105,3,46,109,120,98,66,103,48,70,99,106" hai3=""/><V36/><N who="2" m="30752" /><V128/><F3/><T51/><N who="0" m="31520" /><T2/><D108/><U107/><E107/><V129/><F36/><T114/><D2/><U59/><E119/><V115/><F109/><T62/><D132/><U122/><N who="1" m="31264" /><U73/><E134/><V80/><F115/><T53/><D125/><U82/><E124/><V86/><F66/><T76/><D114/><U83/><E113/><V32/><F70/><T96/><D95/><U63/><E73/><V87/><F32/><T133/><D133/><U64/><E37/><V35/><F35/><T42/><D42/><U104/><E104/><V38/><F38/><T117/><D117/><U71/><E50/><V92/><F92/><T78/><D53/><U88/><E88/><V110/><F110/><T75/><D75/><U0/><E0/><V101/><F101/><T121/><N who="0" m="31008" /><T60/><D40/><U56/><E71/><V72/><F72/><T1/><D1/><U135/><E135/><V39/><F39/><T47/><D62/><U33/><E33/><V65/><F65/><T130/><D130/><N who="2" m="50282" /><F80/><T85/><D44/><U77/><E82/><AGARI ba="1,0" hai="47,51,52,54,58,60,76,78,79,82,85,89,94,96" m="31008,31520" machi="82" ten="40,12000,2" yaku="8,1,52,4,54,1" doraHai="116" who="0" fromWho="1" sc="326,122,447,-122,277,0,0,0" owari="448,39.0,325,-7.0,277,-32.0,0,0.0" /></mjloggm>