<mjloggm ver="2.3"><GO type="185" lobby="0"/><UN n0="%41%74%72%69%61" n1="%E7%9C%9F%E3%81%95%E3%82%80" n2="%44%75%73%6B" n3="" dan="17,16,16,0" rate="2257.99,2074.39,2225.79,1500.00" sx="F,M,M,C"/><TAIKYOKU oya="0"/><INIT seed="0,0,0,0,0,108" ten="350,350,350,0" oya="0" hai0="86,55,111,65,34,91,72,112,68,115,103,121,135" hai1="44,106,76,120,119,69,88,95,84,53,105,78,43" hai2="52,104,58,42,90,54,71,83,93,0,46,92,38" hai3=""/><T37/><N who="0" m="31008" /><T87/><D72/><U109/><N who="1" m="30752" /><U110/><E119/><V123/><N who="2" m="31520" /><V94/><F71/><T85/><D34/><U3/><E3/><V116/><F104/><T66/><D37/><U40/><E69/><V107/><F107/><T33/><D33/><U98/><E53/><V125/><F0/><T79/><D111/><N who="1" m="42507" /><E40/><V35/><F35/><T134/><D103/><U39/><E106/><V64/><F116/><T49/><D79/><N who="1" m="30251" /><E105/><V50/><F64/><N who="0" m="24682" /><D68/><U80/><E80/><V57/><F83/><T73/><D73/><U61/><E61/><V41/><F41/><T1/><D1/><U122/><N who="1" m="31264" /><U129/><E98/><V96/><REACH who="2" step="1"/><F125/><REACH who="2" ten="350,350,340,0" step="2"/><T132/><D91/><U99/><E43/><V117/><F117/><T100/><D100/><U102/><E102/><V70/><F70/><T130/><D130/><U74/><E129/><V47/><F47/><AGARI ba="0,1" hai="47,49,55,85,86,87,112,115,132,134,135" m="24682,31008" machi="47" ten="40,12000,1" yaku="20,1,52,3" doraHai="108" who="0" fromWho="2" sc="350,130,350,0,340,-120,0,0" /><INIT seed="0,1,0,3,1,57" ten="480,350,220,0" oya="0" hai0="36,90,74,106,116,127,49,113,95,130,122,0,110" hai1="76,70,79,117,33,112,59,62,55,118,123,63,93" hai2="45,91,53,99,105,51,86,61,111,67,98,40,114" hai3=""/><T44/><RYUUKYOKU type="yao9" ba="1,0" sc="480,0,350,0,220,0,0,0" hai0="0,36,44,49,74,90,95,106,110,113,116,122,127,130" /><INIT seed="0,2,0,1,3,97" ten="480,350,220,0" oya="0" hai0="54,101,80,89,122,83,60,1,35,82,116,85,32" hai1="46,99,95,63,56,86,72,59,130,2,94,109,44" hai2="98,92,37,53,61,49,66,106,113,48,91,43,90" hai3=""/><T87/><N who="0" m="31264" /><T132/><D116/><U135/><E72/><V124/><F113/><T103/><D1/><U128/><E2/><V33/><F33/><T75/><D75/><U96/><E86/><V50/><F124/><T38/><D38/><U100/><E109/><V111/><F111/><T55/><D132/><U47/><E135/><V70/><F106/><T39/><D39/><U77/><E77/><V117/><F117/><T108/><D108/><U93/><E63/><V115/><F115/><T68/><D82/><U121/><N who="1" m="31008" /><U114/><E114/><V120/><N who="2" m="30752" /><V127/><F127/><T74/><D74/><U104/><REACH who="1" step="1"/><E99/><REACH who="1" ten="480,340,220,0" step="2"/><V51/><F43/><T125/><D125/><U57/><AGARI ba="2,1" hai="44,46,47,56,57,59,93,94,95,96,100,104,128,130" m="31008" machi="57" ten="40,9000,2" yaku="1,1,2,1,0,1,29,2,52,2,53,0" doraHai="97" doraHaiUra="79" who="1" fromWho="1" sc="480,-62,340,104,220,-32,0,0" /><INIT seed="1,0,0,0,1,56" ten="418,444,188,0" oya="1" hai0="125,41,135,80,132,90,108,84,71,133,107,103,32" hai1="83,49,60,43,87,63,57,52,69,104,64,68,89" hai2="54,115,39,67,47,46,114,101,1,72,73,86,50" hai3=""/><U100/><E43/><V134/><F1/><T70/><D32/><U33/><E33/><V0/><F0/><T66/><D108/><U91/><E100/><V116/><F116/><T74/><D125/><U93/><E104/><V126/><F126/><T102/><D74/><U78/><E93/><V88/><F134/><T121/><N who="0" m="31008" /><T95/><D41/><U127/><E127/><V123/><N who="2" m="31520" /><V98/><F67/><AGARI ba="0,0" hai="49,52,57,60,63,64,67,68,69,78,83,87,89,91" machi="67" ten="40,12000,1" yaku="9,1,52,2,54,1" doraHai="56" who="1" fromWho="2" sc="418,0,444,120,188,-120,0,0" /><INIT seed="1,1,0,3,0,33" ten="418,564,68,0" oya="1" hai0="101,91,0,94,53,103,55,109,50,104,48,108,84" hai1="58,95,68,70,73,37,132,65,38,45,78,122,61" hai2="80,76,92,40,44,110,82,39,100,62,49,125,42" hai3=""/><U64/><N who="1" m="31264" /><U77/><E132/><V117/><F110/><N who="0" m="42602" /><D104/><U107/><E107/><V51/><F125/><T47/><D0/><U86/><E73/><V97/><F117/><T81/><D94/><U71/><E65/><V133/><F133/><T124/><D124/><U69/><N who="1" m="17408" /><DORA hai="87" /><U34/><E34/><V126/><F126/><T114/><D114/><U67/><E67/><V135/><F135/><T59/><AGARI ba="1,0" hai="47,48,50,53,55,59,81,84,91,101,103" m="42602" machi="59" ten="30,1500,0" yaku="14,1,52,1" doraHai="33,87" who="0" fromWho="0" sc="418,17,564,-11,68,-6,0,0" /><INIT seed="2,0,0,5,0,114" ten="435,553,62,0" oya="2" hai0="67,76,74,34,130,86,71,48,126,89,115,39,83" hai1="50,132,60,96,80,94,129,35,77,104,97,93,118" hai2="70,124,122,117,110,133,52,134,95,85,127,68,135" hai3=""/><V100/><N who="2" m="31264" /><V0/><F0/><T98/><D34/><U119/><E35/><V49/><F100/><T56/><D39/><U59/><E132/><V61/><F95/><T32/><D32/><U69/><E129/><V112/><F85/><T43/><D115/><U65/><E104/><V73/><F73/><T72/><D126/><N who="2" m="48170" /><F112/><T103/><D130/><U55/><E94/><V53/><F110/><T106/><D71/><N who="2" m="27178" /><F61/><T79/><D74/><U101/><REACH who="1" step="1"/><E97/><REACH who="1" ten="435,543,62,0" step="2"/><V92/><F92/><T64/><D106/><U44/><E44/><V38/><F38/><T36/><D36/><U41/><E41/><V66/><F66/><T125/><D125/><U120/><N who="1" m="30752" /><U87/><AGARI ba="0,1" hai="50,55,59,60,65,69,77,80,87,93,96,101,118,119" m="30752" machi="87" ten="30,9000,2" yaku="1,1,4,1,0,1,52,3,53,1" doraHai="114" doraHaiUra="45" who="1" fromWho="1" sc="435,-30,543,100,62,-60,0,0" /><INIT seed="4,0,0,4,5,2" ten="405,643,2,0" oya="0" hai0="118,120,119,43,116,111,76,104,56,79,75,50,84" hai1="81,133,38,95,72,57,103,37,109,90,94,45,71" hai2="64,106,132,98,49,66,62,61,114,125,88,42,33" hai3=""/><T69/><D69/><U107/><E109/><V73/><F73/><T122/><N who="0" m="30752" /><T96/><N who="0" m="31264" /><T35/><D35/><U127/><E71/><V134/><F125/><T51/><D111/><U58/><E127/><V59/><F106/><T41/><D75/><U131/><E107/><V129/><F129/><T47/><D84/><U83/><E131/><V92/><F114/><T68/><D68/><U123/><N who="1" m="31520" /><U113/><E103/><V44/><F33/><T34/><D34/><U0/><E113/><V87/><F87/><T115/><D115/><U40/><E0/><V48/><F48/><T63/><D96/><U93/><E133/><N who="2" m="51307" /><F62/><T102/><D102/><U77/><E37/><V54/><AGARI ba="0,0" hai="42,44,49,54,59,61,64,66,88,92,98" m="51307" machi="54" ten="30,1500,0" yaku="20,1,54,1" doraHai="2" who="2" fromWho="2" sc="405,-10,643,-5,2,15,0,0" /><INIT seed="5,0,0,0,1,113" ten="395,638,17,0" oya="1" hai0="32,68,89,97,87,119,132,84,125,128,88,91,107" hai1="57,53,129,56,60,61,96,76,100,77,94,101,55" hai2="37,33,43,111,0,58,49,79,115,103,59,105,40" hai3=""/><U130/><REACH who="1" step="1"/><E101/><REACH who="1" ten="395,628,17,0" step="2"/><V75/><F111/><T93/><D32/><U41/><E41/><V117/><F117/><T51/><D119/><U3/><E3/><V48/><F115/><T39/><D125/><U126/><E126/><V122/><F33/><T62/><D128/><AGARI ba="0,1" hai="53,55,56,57,60,61,76,77,94,96,100,128,129,130" machi="128" ten="40,18000,2" yaku="21,2,9,1,19,1,53,2" doraHai="113" doraHaiUra="72" who="1" fromWho="0" sc="395,-180,628,190,17,0,0,0" /><INIT seed="5,1,0,2,1,60" ten="215,818,17,0" oya="1" hai0="57,69,117,130,65,0,100,85,76,54,78,39,92" hai1="129,91,72,105,95,43,2,40,47,103,44,45,90" hai2="1,113,115,68,80,55,124,120,83,121,127,94,107" hai3=""/><U38/><E2/><V70/><N who="2" m="30752" /><V3/><N who="2" m="31008" /><V35/><F107/><T75/><D0/><N who="2" m="74" /><F55/><T101/><D39/><U99/><E72/><V134/><F94/><T87/><D117/><U74/><E74/><V106/><F106/><T59/><D75/><U81/><E129/><V32/><F134/><T84/><D130/><U112/><E112/><N who="2" m="43083" /><F83/><T33/><D92/><U93/><E81/><V82/><F82/><T67/><D54/><U73/><E73/><V79/><F79/><T51/><D78/><U98/><REACH who="1" step="1"/><E43/><REACH who="1" ten="215,808,17,0" step="2"/><V97/><F80/><T118/><D76/><U119/><E119/><V41/><F41/><T36/><D118/><U50/><E50/><V122/><N who="2" m="31264" /><V116/><F116/><T77/><D51/><U104/><E104/><V126/><F97/><AGARI ba="1,1" hai="38,40,44,45,47,90,91,93,95,97,98,99,103,105" machi="97" ten="30,5800,0" yaku="1,1,7,1,9,1,53,0" doraHai="60" doraHaiUra="111" who="1" fromWho="2" sc="215,0,808,70,17,-60,0,0" owari="215,-18.0,878,82.0,-43,-64.0,0,0.0" /></mjloggm>