<mjloggm ver="2.3"><GO type="169" lobby="0"/><UN n0="%E9%BA%BB%E9%9B%80%E3%81%A7%E9%A3%9F%E3%81%88%21" n1="%28%C2%B4%E3%81%B8%CE%B5%E3%81%B8%60%29" n2="%CE%BC%E3%81%97%E3%82%82%E3%81%A7" n3="%70%69%72%62%79" dan="18,16,17,16" rate="2215.16,2089.13,2163.84,2079.27" sx="M,M,M,M"/><TAIKYOKU oya="0"/><INIT seed="0,0,0,4,4,89" ten="250,250,250,250" oya="0" hai0="105,17,49,106,109,2,92,44,115,48,43,121,62" hai1="103,34,79,86,77,27,52,10,125,28,82,56,102" hai2="58,9,69,122,35,123,128,111,96,14,81,119,61" hai3="71,32,127,74,7,13,38,131,0,120,33,55,124"/><T31/><D121/><U26/><E125/><N who="3" m="48202" /><G71/><T85/><D115/><U101/><E26/><V98/><F35/><N who="3" m="13387" /><G38/><T132/><D2/><U3/><E79/><V78/><F69/><W133/><G74/><T113/><D113/><U29/><E29/><V65/><F119/><W24/><G55/><T57/><D31/><U99/><E10/><V76/><F76/><W114/><G114/><T59/><D17/><U80/><E80/><V15/><F128/><W12/><G120/><T108/><D49/><U21/><E3/><V75/><F123/><W19/><G131/><T16/><D16/><U45/><E34/><V100/><F122/><W1/><G133/><T47/><D47/><U20/><E20/><V54/><F98/><W42/><G42/><T110/><D132/><U90/><E45/><V40/><F40/><W118/><G118/><T51/><D48/><U63/><REACH who="1" step="1"/><E77/><REACH who="1" ten="250,240,250,250" step="2"/><V11/><F81/><W23/><G0/><T117/><D117/><U36/><E36/><V18/><F78/><W72/><G72/><T73/><D73/><U104/><AGARI ba="0,1" hai="21,27,28,52,56,63,82,86,90,99,101,102,103,104" machi="104" ten="20,8000,1" yaku="1,1,0,1,7,1,54,1,53,1" doraHai="89" doraHaiUra="53" who="1" fromWho="1" sc="250,-40,240,90,250,-20,250,-20" /><INIT seed="1,0,0,0,0,79" ten="210,330,230,230" oya="1" hai0="51,66,9,82,16,94,53,43,30,78,37,50,23" hai1="34,41,116,72,22,70,131,92,25,69,47,31,74" hai2="20,129,107,71,45,13,80,2,86,105,63,93,83" hai3="5,106,48,118,15,97,112,42,125,38,61,121,14"/><U60/><E116/><V84/><F2/><W89/><G106/><T124/><D124/><U24/><E131/><V110/><F129/><W29/><G38/><T8/><D66/><U132/><E132/><V111/><F45/><W119/><G112/><T67/><D67/><U117/><E117/><V17/><F63/><W6/><G29/><T135/><D135/><U3/><E92/><V123/><F71/><W108/><G61/><T115/><D115/><U12/><E12/><V62/><F62/><W99/><G48/><T104/><D104/><U120/><E120/><V134/><F134/><W113/><G113/><T122/><D122/><U59/><E3/><V73/><F73/><W102/><G121/><T18/><D37/><U98/><E98/><V36/><F36/><W91/><G102/><T21/><D30/><U87/><E87/><V130/><F123/><W103/><G103/><T57/><D94/><U35/><E72/><V58/><F93/><W56/><G42/><T101/><D101/><U0/><E0/><V85/><F58/><W81/><G56/><T11/><D23/><U55/><E74/><V127/><F130/><W7/><G5/><T109/><D109/><N who="2" m="41482" /><F127/><W96/><G108/><T75/><REACH who="0" step="1"/><D21/><REACH who="0" ten="200,330,230,230" step="2"/><U126/><E126/><V4/><F107/><W33/><G125/><T10/><N who="0" m="2048" /><DORA hai="49" /><T114/><D114/><U64/><E64/><V88/><F105/><W40/><G118/><T28/><D28/><N who="1" m="19727" /><E22/><V68/><F4/><W100/><G119/><T46/><AGARI ba="0,1" hai="16,18,43,46,50,51,53,57,75,78,82" m="2048" machi="46" ten="40,16000,3" yaku="1,1,0,1,52,2,54,1,53,3" doraHai="79,49" doraHaiUra="44,76" who="0" fromWho="0" sc="200,170,330,-80,230,-40,230,-40" /><INIT seed="2,0,0,2,4,87" ten="370,250,190,190" oya="2" hai0="35,28,116,121,27,133,82,56,13,1,31,37,47" hai1="95,45,113,126,110,93,81,21,97,111,20,114,108" hai2="25,118,130,29,4,42,84,99,59,132,43,32,62" hai3="76,86,101,3,40,64,12,54,74,92,129,18,34"/><V124/><F118/><W63/><G3/><T100/><D1/><U134/><E45/><V73/><F73/><W83/><G129/><T36/><D121/><U70/><E70/><V94/><F130/><W85/><G34/><T69/><D69/><U0/><E0/><V77/><F124/><W115/><G54/><T91/><D116/><U131/><E131/><V102/><F4/><W67/><G115/><N who="1" m="44042" /><E126/><V89/><F132/><W22/><G40/><T90/><D133/><U125/><E125/><V24/><F77/><W120/><G120/><T2/><D2/><U23/><E134/><V11/><F11/><W122/><G67/><T68/><D68/><U88/><E95/><V55/><REACH who="2" step="1"/><F25/><REACH who="2" ten="370,250,180,190" step="2"/><W44/><G122/><T15/><D27/><U52/><E81/><AGARI ba="0,1" hai="24,29,32,42,43,55,59,62,81,84,89,94,99,102" machi="81" ten="30,12000,1" yaku="1,1,2,1,7,1,52,1,53,1" doraHai="87" doraHaiUra="50" who="2" fromWho="1" sc="370,0,250,-120,180,130,190,0" /><INIT seed="2,1,0,4,1,45" ten="370,130,310,190" oya="2" hai0="7,51,112,2,47,74,102,96,9,3,50,108,67" hai1="120,56,36,72,32,131,115,5,124,135,20,128,41" hai2="42,101,73,38,132,84,63,99,81,98,117,12,92" hai3="111,100,89,85,133,8,70,57,60,1,90,35,69"/><V116/><F132/><W103/><G133/><T104/><D112/><U95/><E135/><V86/><F38/><W29/><G89/><T37/><D108/><U17/><E115/><V65/><F42/><W24/><G111/><T113/><D113/><U27/><E72/><V68/><F73/><W79/><G79/><T130/><D130/><U54/><E124/><V114/><F114/><W83/><G8/><T110/><D110/><U119/><E119/><V94/><F12/><W91/><G91/><T71/><D74/><U93/><E120/><V52/><F86/><W49/><G1/><T55/><D37/><U78/><E78/><V134/><F134/><W39/><G39/><T53/><D67/><U15/><E41/><V76/><REACH who="2" step="1"/><F52/><REACH who="2" ten="370,130,300,190" step="2"/><W61/><G85/><T121/><D121/><U19/><E36/><V48/><F48/><W66/><G49/><T11/><D51/><U40/><E40/><V75/><F75/><W30/><G61/><T127/><D127/><U6/><E128/><V64/><F64/><W58/><G66/><T118/><D118/><U16/><E131/><V44/><F44/><W18/><G60/><T62/><D55/><U0/><E15/><V31/><F31/><W14/><G30/><T59/><D47/><U122/><E122/><V106/><F106/><W125/><G125/><T22/><D50/><U10/><E54/><V88/><AGARI ba="1,1" hai="63,65,68,76,81,84,88,92,94,98,99,101,116,117" machi="88" ten="20,7800,0" yaku="1,1,0,1,7,1,54,1,53,0" doraHai="45" doraHaiUra="126" who="2" fromWho="2" sc="370,-27,130,-27,300,91,190,-27" /><INIT seed="2,2,0,3,1,13" ten="343,103,391,163" oya="2" hai0="92,53,59,24,6,116,93,131,45,31,48,34,112" hai1="51,88,4,52,44,99,54,96,35,41,87,37,17" hai2="1,9,121,79,28,11,103,27,65,132,134,25,120" hai3="7,14,89,114,73,62,129,21,64,81,133,115,100"/><V86/><F103/><W47/><G129/><T18/><D131/><U80/><E35/><V40/><F79/><W30/><G133/><N who="2" m="51305" /><F86/><W66/><G100/><T3/><D112/><N who="3" m="43049" /><G62/><T22/><D116/><U42/><E4/><V49/><F40/><N who="1" m="15465" /><E37/><V23/><F49/><W83/><G47/><T5/><D45/><U130/><E130/><V101/><F65/><W75/><G7/><T111/><D111/><U77/><E54/><V74/><F74/><W82/><G30/><T125/><D125/><U39/><E39/><V63/><F63/><W117/><G117/><T60/><D60/><U67/><E67/><N who="3" m="25642" /><G89/><T69/><D69/><U108/><E108/><V8/><F101/><W102/><G102/><T119/><D119/><U50/><E50/><V15/><F1/><W122/><G122/><N who="2" m="47209" /><F25/><W46/><G46/><T95/><REACH who="0" step="1"/><D3/><REACH who="0" ten="333,103,391,163" step="2"/><U32/><E44/><V126/><F126/><W127/><G127/><T61/><D61/><U85/><E51/><V106/><F106/><W76/><G76/><T36/><D36/><U58/><E58/><V109/><F109/><W110/><G110/><T12/><AGARI ba="2,1" hai="5,6,12,18,22,24,31,34,48,53,59,92,93,95" machi="12" ten="30,12000,2" yaku="1,1,0,1,52,1,53,3" doraHai="13" doraHaiUra="90" who="0" fromWho="0" sc="333,136,103,-32,391,-62,163,-32" /><INIT seed="3,0,0,4,5,17" ten="469,71,329,131" oya="3" hai0="28,30,135,72,3,24,46,34,50,77,92,54,87" hai1="19,93,100,117,109,27,91,59,88,14,32,42,5" hai2="18,101,90,80,6,127,129,37,74,11,94,131,55" hai3="98,12,115,40,108,99,97,45,104,102,106,52,113"/><W33/><G33/><T95/><D3/><U21/><E109/><V13/><F37/><W43/><G108/><T20/><D72/><U112/><E112/><V128/><F127/><W119/><G119/><T122/><D122/><U105/><E117/><V70/><F70/><W96/><G104/><T67/><D135/><U41/><E105/><V76/><F101/><W83/><G115/><T48/><D67/><U111/><E111/><V10/><F55/><W125/><G113/><T66/><D66/><U53/><E100/><V22/><REACH who="2" step="1"/><F6/><REACH who="2" ten="469,71,319,131" step="2"/><W110/><G125/><T44/><D54/><U132/><E132/><V47/><F47/><W26/><G110/><T49/><D44/><U8/><E32/><V64/><F64/><W23/><G52/><T9/><D46/><U116/><E116/><V89/><F89/><W133/><G45/><T15/><D48/><U81/><E81/><V84/><AGARI ba="0,1" hai="10,11,13,18,22,74,76,80,84,90,94,128,129,131" machi="84" ten="30,7900,0" yaku="1,1,0,1,19,1,52,1,53,0" doraHai="17" doraHaiUra="69" who="2" fromWho="2" sc="469,-20,71,-20,319,89,131,-39" /><INIT seed="4,0,0,3,4,19" ten="449,51,408,92" oya="0" hai0="41,46,118,60,96,35,79,10,21,129,99,38,83" hai1="98,88,43,92,8,117,18,58,132,134,82,23,124" hai2="6,66,91,87,116,31,64,34,127,85,47,113,90" hai3="55,56,45,5,39,65,50,109,126,123,32,11,104"/><T20/><D35/><U131/><E117/><V97/><F116/><W54/><G109/><T63/><D118/><U9/><E124/><V125/><F6/><W135/><G126/><N who="2" m="48137" /><F97/><W84/><G123/><T69/><D129/><U29/><E131/><V48/><F113/><W128/><G135/><N who="1" m="51754" /><E43/><V110/><F110/><W67/><G104/><T76/><D99/><U70/><E70/><V95/><F31/><W36/><G32/><T2/><D96/><U28/><E58/><V25/><F25/><W13/><G128/><T16/><D76/><U33/><E82/><N who="2" m="49463" /><F34/><W122/><G122/><T93/><D93/><U81/><E81/><V120/><F120/><W14/><G14/><T42/><D42/><AGARI ba="0,0" hai="42,47,48,64,66,87,91,95" m="49463,48137" machi="42" ten="30,1000,0" yaku="18,1" doraHai="19" who="2" fromWho="0" sc="449,-10,51,0,408,10,92,0" /><INIT seed="5,0,0,2,4,21" ten="439,51,418,92" oya="1" hai0="107,40,75,99,103,32,91,108,123,17,25,131,76" hai1="51,77,116,113,120,114,84,26,43,33,115,31,86" hai2="63,92,127,22,0,64,69,68,133,96,71,24,125" hai3="134,54,73,102,110,119,117,16,124,72,50,49,130"/><U85/><E120/><V45/><F0/><W34/><G110/><T46/><D108/><U15/><E116/><N who="3" m="44618" /><G124/><N who="2" m="47689" /><F45/><W48/><G130/><T42/><D131/><U27/><E43/><V105/><F105/><W55/><G134/><T122/><D91/><U13/><E51/><V7/><F7/><W41/><G41/><T52/><D17/><U109/><E109/><V53/><F53/><N who="3" m="19979" /><G34/><T6/><D6/><U80/><REACH who="1" step="1"/><E27/><REACH who="1" ten="439,41,418,92" step="2"/><V104/><F133/><W35/><G50/><N who="0" m="28759" /><D25/><U97/><E97/><V132/><F132/><W70/><G49/><T101/><D40/><U19/><E19/><N who="2" m="12383" /><F104/><W94/><G48/><T112/><D42/><U65/><E65/><V95/><F96/><W56/><G16/><T1/><D99/><U88/><E88/><V126/><F126/><W60/><G102/><T8/><D107/><U2/><E2/><V4/><F4/><W90/><G90/><T100/><D1/><U59/><E59/><AGARI ba="0,1" hai="59,63,64,68,69,71,92,95" m="12383,47689" machi="59" ten="40,2600,0" yaku="18,1,52,1" doraHai="21" who="2" fromWho="1" sc="439,0,41,-26,418,36,92,0" /><INIT seed="6,0,0,0,1,86" ten="439,15,454,92" oya="2" hai0="78,100,120,39,24,124,135,95,98,35,96,127,51" hai1="68,52,42,65,97,49,9,60,58,11,83,34,41" hai2="36,20,119,117,90,111,69,107,74,48,6,37,106" hai3="91,79,21,0,32,67,118,125,8,17,31,18,56"/><V76/><F69/><W19/><G118/><T43/><D120/><U40/><E34/><V38/><F6/><W61/><G32/><T30/><D135/><U104/><REACH who="1" step="1"/><E83/><REACH who="1" ten="439,5,454,92" step="2"/><V5/><F119/><W14/><G125/><T59/><D127/><U62/><E62/><V66/><F117/><W47/><G61/><T87/><D124/><U130/><E130/><V33/><F33/><W3/><G19/><T1/><D35/><U93/><E93/><V112/><F107/><W70/><G18/><T71/><D95/><U22/><E22/><V72/><F106/><W27/><G17/><T101/><D30/><U44/><E44/><V15/><F20/><W64/><G47/><T116/><D116/><U54/><E54/><V2/><F66/><W25/><G64/><T16/><D16/><U123/><E123/><V4/><F4/><W23/><G67/><T114/><D24/><U92/><E92/><V10/><F5/><W102/><G31/><T55/><D55/><U57/><E57/><V132/><F132/><W63/><G56/><T84/><D59/><U105/><E105/><V12/><F10/><W80/><G8/><T28/><D28/><U128/><E128/><V131/><F131/><W103/><G63/><T126/><D126/><U50/><E50/><V45/><F48/><W113/><G25/><T109/><D51/><U75/><E75/><V77/><F72/><W115/><G27/><T89/><D71/><U26/><E26/><V13/><F45/><W99/><G70/><T88/><D39/><U82/><E82/><V133/><F37/><W134/><G80/><RYUUKYOKU ba="0,1" sc="439,-10,5,30,454,-10,92,-10" hai1="9,11,40,41,42,49,52,58,60,65,68,97,104" /><INIT seed="7,1,1,3,1,60" ten="429,35,444,82" oya="3" hai0="88,48,103,14,68,57,121,66,42,72,51,1,120" hai1="85,118,29,76,73,87,89,80,105,122,70,125,15" hai2="13,64,40,93,92,74,96,97,46,124,129,16,59" hai3="131,107,43,11,114,30,31,112,126,24,98,130,86"/><W18/><G43/><T117/><D1/><U2/><E122/><V119/><F74/><W109/><G107/><T81/><D68/><U3/><E125/><V17/><F119/><W32/><G98/><N who="2" m="37993" /><F124/><W37/><G37/><T134/><D117/><U27/><E118/><V108/><F108/><W25/><G126/><T44/><D103/><U135/><E105/><V78/><F78/><W69/><G86/><N who="0" m="50255" /><D72/><U101/><E101/><V71/><F71/><W79/><G79/><T45/><D134/><U77/><E135/><V65/><F59/><W91/><G91/><T58/><D121/><U127/><E127/><V84/><F129/><N who="3" m="49163" /><G69/><T19/><D66/><N who="2" m="25706" /><F84/><W38/><G38/><T102/><D102/><U133/><E133/><V99/><F99/><W82/><G82/><T61/><D61/><U67/><E73/><V56/><F56/><W104/><G104/><T36/><D36/><U47/><E76/><V22/><F17/><W115/><G109/><T23/><D120/><U128/><E128/><V53/><F40/><AGARI ba="1,1" hai="14,19,23,40,42,44,45,48,51,57,58" m="50255" machi="40" ten="30,2000,0" yaku="8,1,54,1" doraHai="60" who="0" fromWho="2" sc="429,33,35,0,444,-23,82,0" owari="462,56.0,35,-46.0,421,22.0,82,-32.0" /></mjloggm>