<mjloggm ver="2.3"><GO type="185" lobby="0"/><UN n0="%E3%81%BE%E3%81%A3%E3%81%97%E3%83%BC" n1="%E9%95%B7%E5%85%89%E9%BA%BB%E5%A4%9C" n2="%79%61%6E%62%61%72%75%2D" n3="" dan="17,16,17,0" rate="2248.11,2239.33,2243.09,1500.00" sx="F,M,M,C"/><TAIKYOKU oya="0"/><INIT seed="0,0,0,2,5,38" ten="350,350,350,0" oya="0" hai0="35,96,48,116,77,120,105,52,134,128,130,90,43" hai1="111,121,39,101,123,61,79,71,113,33,65,62,99" hai2="50,68,131,115,100,74,2,49,63,122,67,76,40" hai3=""/><T69/><N who="0" m="30752" /><T118/><D35/><U124/><N who="1" m="31008" /><U59/><N who="1" m="31520" /><U133/><E33/><V0/><N who="2" m="31264" /><V70/><F115/><T75/><D69/><U82/><E124/><V37/><F131/><N who="0" m="50218" /><D134/><U56/><E133/><V132/><F132/><T72/><D77/><U102/><E39/><V86/><F74/><N who="0" m="28202" /><D43/><U57/><E113/><V83/><F70/><T107/><D90/><U94/><E111/><V103/><F0/><T46/><D96/><U60/><REACH who="1" step="1"/><E102/><REACH who="1" ten="350,340,350,0" step="2"/><V45/><F2/><T1/><D1/><U93/><E93/><V87/><F103/><T129/><D129/><U47/><E47/><V42/><F100/><T91/><D91/><U34/><E34/><V36/><F87/><AGARI ba="0,1" hai="56,57,59,60,61,62,65,71,79,82,87,94,99,101" m="31520,31008" machi="87" ten="40,5200,0" yaku="1,1,52,2,53,0" doraHai="38" doraHaiUra="51" who="1" fromWho="2" sc="350,0,340,62,350,-52,0,0" /><INIT seed="1,0,0,5,2,1" ten="350,402,298,0" oya="1" hai0="129,43,68,122,77,32,38,98,75,58,52,93,47" hai1="125,45,106,114,82,59,37,36,41,66,97,88,110" hai2="69,118,70,131,61,119,49,74,115,132,34,42,117" hai3=""/><U95/><E114/><V85/><F74/><T78/><N who="0" m="31264" /><T128/><D68/><U87/><E125/><V63/><F115/><T65/><D65/><U3/><E3/><V73/><F73/><T121/><N who="0" m="31008" /><T56/><D56/><U103/><E110/><V80/><F132/><T92/><D32/><U60/><REACH who="1" step="1"/><E37/><REACH who="1" ten="350,392,298,0" step="2"/><V33/><F118/><T71/><D71/><U53/><E53/><V84/><F42/><T120/><N who="0" m="30752" /><T67/><D67/><U112/><E112/><V133/><F133/><T72/><D72/><U89/><E89/><V76/><F76/><T62/><D75/><U102/><E102/><V107/><F131/><N who="0" m="50250" /><D93/><AGARI ba="0,1" hai="36,41,45,59,60,66,82,87,88,93,95,97,103,106" machi="93" ten="40,7700,0" yaku="1,1,54,1,53,1" doraHai="1" doraHaiUra="55" who="1" fromWho="0" sc="350,-77,392,87,298,0,0,0" /><INIT seed="1,1,0,5,2,100" ten="273,479,298,0" oya="1" hai0="65,68,92,41,128,131,95,48,55,40,34,127,114" hai1="83,81,110,43,98,60,46,51,70,115,33,91,66" hai2="125,121,52,103,93,116,97,49,109,106,35,78,89" hai3=""/><U67/><E33/><V59/><N who="2" m="31008" /><V94/><F35/><T108/><D34/><U76/><E115/><V90/><F116/><T56/><D114/><U96/><E110/><V113/><F113/><T111/><D95/><U124/><E124/><V71/><F109/><N who="0" m="42058" /><D92/><U74/><REACH who="1" step="1"/><E67/><REACH who="1" ten="273,469,298,0" step="2"/><V1/><F125/><T58/><D127/><U102/><E102/><V134/><F1/><T72/><D72/><U44/><E44/><V135/><F135/><T36/><D36/><U64/><E64/><V0/><F134/><T38/><D38/><U73/><E73/><V107/><F0/><T63/><D58/><U50/><E50/><V3/><F3/><T132/><D132/><U104/><E104/><V117/><F117/><T42/><AGARI ba="1,1" hai="40,41,42,48,55,56,63,65,68,128,131" m="42058" machi="42" ten="40,3900,0" yaku="14,1,34,2" doraHai="100" who="0" fromWho="0" sc="273,51,469,-27,298,-14,0,0" /><INIT seed="2,0,0,5,5,61" ten="324,442,284,0" oya="2" hai0="40,128,79,96,53,107,134,83,115,110,44,43,71" hai1="123,95,32,64,117,45,133,73,130,72,90,51,68" hai2="101,48,132,41,56,113,49,2,99,89,126,118,119" hai3=""/><V98/><F2/><T69/><D110/><U102/><N who="1" m="31520" /><U67/><E32/><V46/><F113/><T116/><D116/><U37/><E37/><V35/><F35/><T120/><N who="0" m="30752" /><T34/><D34/><U100/><E117/><V131/><F126/><T42/><D128/><U108/><E108/><V86/><F131/><T65/><D115/><U74/><E68/><V50/><F132/><T76/><D134/><U47/><E130/><V121/><N who="2" m="31008" /><V77/><F77/><T88/><D79/><U85/><E45/><V80/><F99/><T82/><D65/><U3/><E3/><V39/><REACH who="2" step="1"/><F56/><REACH who="2" ten="324,442,274,0" step="2"/><T1/><D1/><U75/><E133/><V125/><F125/><T55/><D71/><U81/><N who="1" m="18432" /><DORA hai="92" /><U60/><E102/><V33/><F33/><T94/><D69/><U114/><E114/><V129/><F129/><T62/><D76/><U66/><E100/><V122/><N who="2" m="31264" /><V58/><F58/><T59/><D107/><AGARI ba="0,1" hai="39,41,46,48,49,50,80,86,89,98,101,107,118,119" m="31264,31008" machi="107" ten="40,12000,1" yaku="1,1,52,3,53,0" doraHai="61,92" doraHaiUra="54,135" who="2" fromWho="0" sc="324,-120,442,0,274,130,0,0" /><INIT seed="2,1,0,3,1,47" ten="204,442,404,0" oya="2" hai0="56,73,112,34,94,133,89,54,66,106,109,130,121" hai1="114,108,52,0,91,105,33,48,100,86,123,132,104" hai2="83,57,62,99,102,2,128,124,3,76,45,116,60" hai3=""/><V134/><F116/><T69/><RYUUKYOKU type="yao9" ba="1,0" sc="204,0,442,0,404,0,0,0" hai0="34,54,56,66,69,73,89,94,106,109,112,121,130,133" /><INIT seed="2,2,0,0,0,62" ten="204,442,404,0" oya="2" hai0="134,125,55,68,66,0,95,43,93,2,64,1,123" hai1="130,89,128,80,110,116,71,105,94,34,33,47,126" hai2="119,79,120,117,100,40,56,73,32,131,85,88,36" hai3=""/><V77/><N who="2" m="30752" /><V82/><F32/><T121/><N who="0" m="31008" /><T92/><N who="0" m="31520" /><T107/><D107/><U70/><E126/><V115/><F115/><T44/><D125/><U63/><E105/><V87/><F131/><N who="1" m="50217" /><E110/><V108/><F108/><T35/><D35/><N who="1" m="13323" /><E116/><V52/><F100/><T48/><D134/><U69/><E80/><V97/><F97/><T114/><D114/><U91/><E47/><V127/><F127/><T39/><REACH who="0" step="1"/><D68/><REACH who="0" ten="194,442,404,0" step="2"/><U57/><E94/><V109/><F109/><T132/><D132/><U84/><E71/><V111/><F111/><T51/><D51/><U102/><E70/><V81/><F119/><T41/><D41/><U53/><E69/><V112/><F117/><T61/><D61/><U72/><E63/><V37/><F112/><T99/><D99/><U38/><E38/><V129/><F129/><T3/><N who="0" m="0" /><DORA hai="58" /><T42/><D42/><U78/><E53/><V46/><F37/><T118/><D118/><U50/><E50/><V59/><REACH who="2" step="1"/><F52/><REACH who="2" ten="194,442,394,0" step="2"/><T135/><D135/><U101/><E57/><AGARI ba="2,2" hai="39,43,44,48,55,57,64,66,92,93,95" m="0,31520,31008" machi="57" ten="70,12000,2" yaku="1,1,52,4,53,1" doraHai="62,58" doraHaiUra="54,75" who="0" fromWho="1" sc="194,144,442,-124,394,0,0,0" /><INIT seed="4,0,0,0,2,96" ten="338,318,394,0" oya="0" hai0="2,62,87,40,78,93,89,56,94,0,115,113,114" hai1="3,91,49,48,81,101,53,107,82,105,133,111,36" hai2="70,134,129,59,47,55,43,46,44,106,110,122,109" hai3=""/><T90/><D40/><U92/><E3/><V126/><N who="2" m="31264" /><V83/><F106/><T127/><D127/><U76/><E111/><N who="2" m="42507" /><F83/><T104/><D104/><U125/><E36/><V103/><F103/><T42/><D42/><U68/><E68/><V98/><F98/><T50/><D50/><U116/><E125/><V132/><F126/><T32/><D32/><U57/><E116/><V135/><F70/><T97/><REACH who="0" step="1"/><D78/><REACH who="0" ten="328,318,394,0" step="2"/><U77/><E107/><V38/><F129/><T67/><AGARI ba="0,1" hai="0,2,56,62,67,87,89,90,93,94,97,113,114,115" machi="67" ten="30,12000,2" yaku="1,1,2,1,0,1,15,1,53,2" doraHai="96" doraHaiUra="86" who="0" fromWho="0" sc="328,130,318,-60,394,-60,0,0" /><INIT seed="4,1,0,3,2,62" ten="458,258,334,0" oya="0" hai0="85,69,96,74,0,48,46,130,42,103,70,3,38" hai1="81,117,131,106,37,97,104,33,49,78,113,116,107" hai2="109,82,80,126,39,73,79,72,121,50,35,56,71" hai3=""/><T59/><D74/><U87/><E33/><V83/><N who="2" m="31008" /><V110/><F35/><T134/><D134/><U51/><E37/><V114/><F39/><T118/><D118/><U65/><E131/><V34/><F34/><T92/><D130/><U64/><E113/><V112/><F71/><T36/><D70/><U58/><E97/><V63/><F50/><T105/><D69/><U40/><E51/><V108/><F126/><T123/><N who="0" m="31520" /><T53/><D38/><U45/><REACH who="1" step="1"/><E58/><REACH who="1" ten="458,248,334,0" step="2"/><V94/><F56/><T119/><D119/><AGARI ba="1,1" hai="40,45,49,64,65,78,81,87,104,106,107,116,117,119" machi="119" ten="50,8000,1" yaku="1,1,2,1,52,2,53,0" doraHai="62" doraHaiUra="91" who="1" fromWho="0" sc="458,-82,248,92,334,0,0,0" /><INIT seed="5,0,0,1,2,135" ten="376,340,334,0" oya="1" hai0="118,68,113,51,133,36,72,132,60,80,44,32,116" hai1="115,129,109,35,107,62,131,77,119,79,89,130,108" hai2="101,83,0,126,95,127,111,98,82,78,49,81,65" hai3=""/><U46/><E35/><V39/><F0/><T55/><D32/><U103/><E119/><N who="0" m="45609" /><D72/><U99/><E115/><V100/><F39/><T104/><D104/><U90/><E62/><V124/><F111/><N who="1" m="42569" /><E46/><V96/><F65/><T53/><D80/><U73/><E73/><V105/><F49/><T66/><D113/><U92/><E90/><V67/><F67/><T70/><D70/><U125/><E125/><V57/><F57/><T1/><D1/><U88/><E89/><V74/><AGARI ba="0,0" hai="74,78,81,82,83,95,96,98,100,101,105,124,126,127" machi="74" ten="30,12000,3" yaku="0,1,18,1,34,3,52,3" doraHai="135" who="2" fromWho="2" sc="376,-40,340,-80,334,120,0,0" /><INIT seed="6,0,0,4,4,131" ten="336,260,454,0" oya="2" hai0="83,72,129,82,89,51,120,100,85,53,92,71,101" hai1="80,128,110,44,78,35,76,107,48,50,112,114,70" hai2="34,113,84,97,61,104,91,42,1,88,33,103,124" hai3=""/><V66/><F1/><T130/><N who="0" m="30752" /><T57/><D71/><U132/><E35/><V65/><F113/><T52/><D72/><U43/><E128/><N who="0" m="49257" /><D53/><U95/><E107/><V86/><F124/><T123/><N who="0" m="31520" /><T81/><AGARI ba="0,0" hai="51,52,57,81,82,83,85,89,92,100,101" m="31520,49257,30752" machi="81" ten="30,6000,1" yaku="4,1,19,1,52,2,54,1" doraHai="131" who="0" fromWho="0" sc="336,60,260,-20,454,-40,0,0" owari="396,0.0,240,-36.0,414,36.0,0,0.0" /></mjloggm>