<mjloggm ver="2.3"><GO type="185" lobby="0"/><UN n0="%E3%81%BE%E3%81%A3%E3%81%97%E3%83%BC" n1="%E9%95%B7%E5%85%89%E9%BA%BB%E5%A4%9C" n2="%E3%81%BA%E3%82%93%E3%81%8E%E3%82%93%E3%81%95%E3%82%93" n3="" dan="17,16,16,0" rate="2241.98,2239.50,2118.78,1500.00" sx="F,M,F,C"/><TAIKYOKU oya="0"/><INIT seed="0,0,0,2,1,1" ten="350,350,350,0" oya="0" hai0="32,131,87,135,123,85,33,76,103,86,39,124,134" hai1="92,53,117,60,122,66,2,69,82,100,59,42,132" hai2="65,79,35,80,83,45,113,107,73,114,57,58,121" hai3=""/><T51/><N who="0" m="31520" /><T55/><D39/><U128/><N who="1" m="31264" /><U47/><E2/><V104/><N who="2" m="31008" /><V54/><F45/><T3/><D3/><U74/><E128/><V112/><F80/><T90/><D131/><U56/><E117/><V70/><F70/><T88/><D76/><U91/><E100/><V64/><F35/><T38/><D38/><U68/><E132/><N who="0" m="50729" /><D103/><U99/><E82/><V71/><F71/><T46/><D124/><U94/><E74/><V95/><F95/><T118/><D118/><U43/><E94/><V109/><F109/><T110/><D110/><U133/><E43/><V127/><F127/><T49/><D51/><U36/><REACH who="1" step="1"/><E133/><REACH who="1" ten="350,340,350,0" step="2"/><V41/><F114/><T62/><D62/><AGARI ba="0,1" hai="36,42,47,53,56,59,60,62,66,68,69,91,92,99" m="31264" machi="62" ten="30,7700,0" yaku="1,1,2,1,7,1,52,1,53,0" doraHai="1" doraHaiUra="98" who="1" fromWho="0" sc="350,-77,340,87,350,0,0,0" /><INIT seed="1,0,0,0,5,120" ten="273,427,350,0" oya="1" hai0="101,69,0,3,80,62,84,102,87,125,63,81,76" hai1="123,85,46,47,135,74,32,104,58,45,50,96,95" hai2="73,39,33,70,38,88,92,117,40,59,107,67,79" hai3=""/><U130/><N who="1" m="31520" /><U41/><E32/><V42/><F33/><T106/><D125/><U109/><E74/><V35/><F35/><T1/><D106/><U118/><E118/><V65/><F107/><T119/><D119/><U82/><E135/><V90/><F117/><T121/><N who="0" m="31008" /><T124/><D124/><U2/><E2/><V60/><F79/><T55/><D55/><U112/><E112/><V78/><F78/><T61/><D69/><U93/><E130/><V49/><F73/><T89/><AGARI ba="0,0" hai="0,1,3,61,62,63,76,80,81,84,87,89,101,102" m="31008" machi="89" ten="40,2000,0" yaku="0,1,52,1" doraHai="120" who="0" fromWho="0" sc="273,20,427,-13,350,-7,0,0" /><INIT seed="2,0,0,4,2,105" ten="293,414,343,0" oya="2" hai0="80,79,35,91,124,92,134,61,38,98,99,64,93" hai1="117,113,94,55,51,34,50,52,42,89,47,129,36" hai2="67,110,130,43,127,107,88,131,125,118,108,85,0" hai3=""/><V70/><F0/><T75/><D35/><U121/><N who="1" m="31008" /><U65/><E34/><V86/><F118/><T58/><D134/><U57/><E113/><V84/><F107/><T133/><D133/><U37/><E129/><N who="2" m="49163" /><F43/><T82/><D124/><N who="2" m="47690" /><F67/><T109/><D109/><N who="2" m="42090" /><F70/><T106/><D106/><U76/><E117/><V90/><AGARI ba="0,0" hai="84,85,86,88,90" m="42090,47690,49163" machi="90" ten="40,16000,3" yaku="28,2,19,1,18,1,14,1,10,1,34,2,54,1" doraHai="105" who="2" fromWho="2" sc="293,-80,414,-80,343,160,0,0" /><INIT seed="2,1,0,5,5,103" ten="213,334,503,0" oya="2" hai0="115,107,132,123,71,39,114,95,77,94,65,104,69" hai1="57,101,0,130,82,131,134,108,133,111,79,54,122" hai2="98,43,89,85,44,125,56,99,50,90,40,46,121" hai3=""/><V64/><N who="2" m="31008" /><V87/><F125/><T91/><N who="0" m="31520" /><T102/><D39/><U61/><N who="1" m="31264" /><U62/><E101/><V75/><F75/><T36/><D36/><U86/><E0/><V48/><F56/><T117/><D117/><U63/><E54/><V1/><F64/><T127/><D127/><U118/><E57/><V128/><REACH who="2" step="1"/><F128/><REACH who="2" ten="213,334,493,0" step="2"/><N who="1" m="49193" /><E118/><V51/><F51/><T53/><D65/><U34/><E34/><V58/><F58/><T124/><D124/><U119/><E119/><V106/><F106/><T42/><D107/><U47/><E47/><V135/><F135/><AGARI ba="1,1" hai="61,62,63,79,82,86,108,111,133,134,135" m="49193,31264" machi="135" ten="40,5200,0" yaku="20,1,19,1,52,1" doraHai="103" who="1" fromWho="2" sc="213,0,334,64,493,-54,0,0" /><INIT seed="4,0,0,5,0,111" ten="213,398,439,0" oya="0" hai0="59,104,43,87,99,79,66,38,37,1,114,49,82" hai1="46,113,130,88,68,122,94,42,54,65,70,102,44" hai2="89,127,112,72,109,101,58,131,60,86,123,55,83" hai3=""/><T100/><D1/><U78/><N who="1" m="31264" /><U95/><E130/><V39/><N who="2" m="31520" /><V97/><F39/><T53/><D114/><U120/><N who="1" m="30752" /><U0/><E0/><V61/><F131/><T57/><REACH who="0" step="1"/><D43/><REACH who="0" ten="203,398,439,0" step="2"/><U116/><E42/><V129/><F112/><T56/><D56/><U85/><E113/><V77/><F129/><T75/><D75/><U35/><E70/><V91/><F109/><T74/><D74/><U135/><E68/><V103/><F72/><T40/><D40/><U105/><E46/><V90/><F127/><T76/><D76/><U47/><E78/><V48/><REACH who="2" step="1"/><F103/><REACH who="2" ten="203,398,429,0" step="2"/><T115/><D115/><U63/><E102/><V62/><F62/><AGARI ba="0,2" hai="37,38,49,53,57,59,62,66,79,82,87,99,100,104" machi="62" ten="40,2000,0" yaku="1,1,53,0" doraHai="111" doraHaiUra="33" who="0" fromWho="2" sc="203,40,398,0,429,-20,0,0" /><INIT seed="4,1,0,1,2,3" ten="243,398,409,0" oya="0" hai0="125,40,42,92,84,116,87,108,68,121,119,53,1" hai1="41,56,77,74,97,66,122,134,106,100,99,46,80" hai2="101,35,71,36,63,112,32,33,95,82,120,81,52" hai3=""/><T128/><N who="0" m="31008" /><T59/><D1/><U75/><N who="1" m="31264" /><U73/><E134/><V70/><N who="2" m="30752" /><V118/><F36/><T45/><D68/><U131/><E131/><V126/><F126/><T72/><D72/><U43/><E43/><V127/><F127/><T93/><D128/><U133/><E133/><V105/><F105/><T51/><D125/><U88/><E66/><V86/><F112/><T37/><D108/><U124/><E56/><V64/><F118/><T91/><D40/><U123/><N who="1" m="31520" /><U55/><E55/><V115/><F115/><T103/><REACH who="0" step="1"/><D87/><REACH who="0" ten="233,398,409,0" step="2"/><U89/><E124/><V130/><F130/><T39/><D39/><U94/><E89/><V2/><F2/><T104/><D104/><U54/><REACH who="1" step="1"/><E54/><REACH who="1" ten="233,388,409,0" step="2"/><V61/><F52/><T102/><D102/><U76/><E76/><V58/><F101/><T79/><D79/><U47/><E47/><V129/><F129/><T96/><AGARI ba="1,2" hai="37,42,45,51,53,59,84,91,92,93,96,103,116,119" m="31008" machi="96" ten="30,7800,0" yaku="1,1,0,1,52,1,53,1" doraHai="3" doraHaiUra="98" who="0" fromWho="0" sc="233,100,388,-40,409,-40,0,0" /><INIT seed="4,2,0,0,0,40" ten="333,348,369,0" oya="0" hai0="63,32,39,98,58,134,34,93,126,82,132,37,128" hai1="49,88,35,108,102,57,38,69,73,95,60,124,78" hai2="53,79,107,111,75,64,76,91,131,87,81,123,117" hai3=""/><T120/><N who="0" m="30752" /><T105/><D105/><U80/><E35/><N who="0" m="13353" /><D82/><U104/><E124/><V122/><N who="2" m="31264" /><V1/><N who="2" m="31520" /><V116/><F1/><T2/><D2/><U56/><E38/><V125/><F125/><T118/><D118/><U36/><E36/><V74/><F107/><T66/><D126/><U115/><E69/><V51/><F64/><T41/><D41/><U130/><E49/><V114/><F53/><T135/><D128/><U85/><E130/><V109/><F51/><T90/><AGARI ba="2,0" hai="37,39,58,63,66,90,93,98,132,134,135" m="13353,30752" machi="90" ten="40,2600,0" yaku="20,1,52,1" doraHai="40" who="0" fromWho="0" sc="333,30,348,-15,369,-15,0,0" /><INIT seed="4,3,0,3,2,48" ten="363,333,354,0" oya="0" hai0="129,128,117,102,90,118,85,44,45,132,106,75,64" hai1="38,40,91,54,92,123,95,87,36,58,104,103,112" hai2="124,81,120,79,135,99,41,0,60,94,108,71,89" hai3=""/><T49/><D75/><U122/><N who="1" m="31264" /><U114/><N who="1" m="31520" /><U83/><E40/><V113/><N who="2" m="30752" /><V88/><F0/><T72/><D72/><U97/><E38/><V61/><F108/><T33/><D33/><U65/><E65/><V131/><F113/><N who="1" m="43625" /><E36/><V125/><F135/><T130/><D64/><U115/><N who="1" m="43633" /><U133/><DORA hai="57" /><E133/><V93/><F131/><T52/><D132/><U32/><E32/><V101/><F101/><T116/><D102/><U111/><E111/><V76/><F41/><T134/><D134/><U119/><E119/><V74/><F79/><T80/><D106/><U1/><E1/><V96/><REACH who="2" step="1"/><F71/><REACH who="2" ten="363,333,344,0" step="2"/><T43/><D118/><U126/><E126/><AGARI ba="3,1" hai="60,61,74,76,81,88,89,93,94,96,99,124,125,126" m="30752" machi="126" ten="40,16000,3" yaku="1,1,2,1,9,1,18,1,52,3,54,1,53,0" doraHai="48,57" doraHaiUra="127,35" who="2" fromWho="1" sc="363,0,333,-166,344,176,0,0" /><INIT seed="5,0,0,5,4,94" ten="363,167,520,0" oya="1" hai0="97,57,72,91,2,69,92,77,76,84,48,53,54" hai1="33,3,117,126,134,107,65,39,38,78,59,60,101" hai2="108,102,129,114,115,86,56,98,82,104,133,75,41" hai3=""/><U73/><E33/><V70/><F108/><T120/><N who="0" m="30752" /><T128/><D2/><U95/><E3/><V90/><F70/><T132/><D69/><U45/><E117/><V55/><F133/><T67/><D132/><U105/><E134/><V63/><F129/><T99/><D128/><U32/><E32/><V35/><F35/><T93/><D72/><U64/><E126/><V50/><F75/><T125/><D125/><U40/><E38/><V0/><F0/><T46/><D67/><U109/><E109/><V88/><F90/><T52/><D54/><U80/><REACH who="1" step="1"/><E65/><REACH who="1" ten="363,157,520,0" step="2"/><V130/><F130/><T1/><D1/><U116/><E116/><V42/><F115/><T85/><D85/><U81/><E81/><V113/><F113/><T135/><D135/><U110/><E110/><V96/><F114/><T83/><D83/><U121/><N who="1" m="31008" /><U66/><E66/><V87/><F87/><T118/><D118/><U89/><E89/><V62/><F86/><T51/><D84/><U79/><E79/><V119/><F119/><T47/><D57/><U100/><E100/><AGARI ba="0,1" hai="46,47,48,51,52,53,76,77,91,92,93,97,99,100" m="30752" machi="100" ten="30,12000,2" yaku="7,1,9,1,8,1,52,3,54,1" doraHai="94" who="0" fromWho="1" sc="363,130,157,-120,520,0,0,0" /><INIT seed="6,0,0,5,2,127" ten="493,37,520,0" oya="2" hai0="75,66,122,61,56,124,101,104,89,91,35,109,112" hai1="114,80,111,50,107,105,72,79,41,54,123,106,37" hai2="102,58,36,134,95,125,49,43,3,86,126,74,96" hai3=""/><V128/><F128/><T81/><N who="0" m="31264" /><T59/><D35/><U45/><N who="1" m="31520" /><U52/><E114/><V119/><F119/><T47/><D109/><U68/><E111/><V132/><F3/><T40/><D124/><N who="2" m="47722" /><F74/><T76/><D112/><U48/><E68/><V62/><F86/><T33/><D33/><U115/><E115/><V84/><F84/><T71/><D101/><U44/><E41/><V82/><F82/><T38/><D104/><U67/><E37/><V42/><F49/><T135/><D135/><N who="2" m="51754" /><F36/><T88/><AGARI ba="0,0" hai="38,40,47,56,59,61,66,71,75,76,81,88,89,91" m="31264" machi="88" ten="30,3000,0" yaku="0,1,52,1,54,1" doraHai="127" who="0" fromWho="0" sc="493,30,37,-10,520,-20,0,0" owari="523,47.0,27,-57.0,500,10.0,0,0.0" /></mjloggm>