<mjloggm ver="2.3"><GO type="225" lobby="0"/><UN n0="%E7%84%A1%E3%81%84%EF%BC%81%EF%BC%81" n1="%E3%81%A4%E3%81%A3%E3%81%97%E3%83%BC%E3%81%BE" n2="%E3%83%98%E3%82%AF%E3%82%B5%E3%83%BC" n3="%E8%A8%88%E7%AE%97%E6%A9%9F%E8%87%AA%E7%84%B6" dan="16,16,16,17" rate="2084.85,2068.61,2129.49,2242.29" sx="M,M,M,M"/><TAIKYOKU oya="0"/><INIT seed="0,0,0,5,2,0" ten="250,250,250,250" oya="0" hai0="99,91,86,1,60,58,65,31,83,94,25,116,13" hai1="16,90,123,98,125,5,77,51,89,28,102,126,4" hai2="111,92,54,120,66,47,7,84,52,87,8,93,115" hai3="2,85,23,74,55,79,80,128,132,88,18,106,71"/><T15/><D116/><U134/><E123/><V133/><F120/><W30/><G132/><T46/><D1/><U9/><E28/><V49/><F115/><W34/><G128/><T81/><D46/><U129/><E77/><V124/><F124/><N who="1" m="47721" /><E51/><V121/><F121/><W56/><G71/><T112/><D112/><U69/><E69/><V67/><F111/><W36/><G106/><T62/><D62/><U33/><E33/><V107/><F107/><W95/><G36/><T35/><REACH who="0" step="1"/><D81/><REACH who="0" ten="240,250,250,250" step="2"/><U57/><E129/><V63/><F133/><W114/><G2/><T110/><D110/><U122/><E134/><V10/><F47/><W61/><G114/><T109/><D109/><U11/><E122/><V24/><F63/><W108/><G108/><T64/><D64/><U27/><E57/><V14/><F49/><W37/><G37/><T96/><D96/><U130/><E130/><V40/><F67/><W101/><G61/><T3/><D3/><U76/><E98/><V105/><F66/><W21/><G56/><T113/><D113/><U119/><E119/><V103/><F54/><W43/><G55/><T78/><AGARI ba="0,1" hai="13,15,25,31,35,58,60,65,78,83,86,91,94,99" machi="78" ten="20,7800,0" yaku="1,1,0,1,7,1,53,1" doraHai="0" doraHaiUra="29" who="0" fromWho="0" sc="240,88,250,-26,250,-26,250,-26" /><INIT seed="0,1,0,4,5,55" ten="328,224,224,224" oya="0" hai0="110,33,101,6,76,42,25,112,38,120,4,51,36" hai1="61,0,118,49,107,116,111,78,29,77,40,43,41" hai2="59,89,63,100,56,86,93,31,135,30,82,67,39" hai3="96,23,103,122,127,75,7,73,98,119,48,18,13"/><T53/><D112/><U22/><E0/><V62/><F135/><W117/><G122/><T28/><D120/><U37/><E107/><V66/><F39/><W106/><G127/><T129/><D129/><U124/><E124/><V24/><F24/><W92/><G7/><T45/><D110/><U19/><E29/><V105/><F105/><W54/><G119/><T58/><D38/><U35/><E35/><V79/><REACH who="2" step="1"/><F100/><REACH who="2" ten="328,224,214,224" step="2"/><W99/><G117/><T133/><D133/><U15/><E118/><V87/><AGARI ba="1,1" hai="30,31,56,59,62,63,66,67,79,82,86,87,89,93" machi="87" ten="20,16000,3" yaku="1,1,2,1,0,1,7,1,9,1,8,1,52,2,53,2" doraHai="55" doraHaiUra="27" who="2" fromWho="2" sc="328,-81,224,-41,214,173,224,-41" /><INIT seed="1,0,0,1,4,104" ten="247,183,387,183" oya="1" hai0="85,102,86,84,119,122,100,51,93,31,21,83,72" hai1="53,109,29,121,69,63,110,32,23,88,129,12,30" hai2="96,57,103,40,58,76,94,80,70,56,97,34,62" hai3="2,6,108,52,126,128,28,54,50,101,125,19,38"/><U91/><E121/><V89/><F34/><W131/><G38/><T135/><D119/><U41/><E41/><V87/><F40/><W111/><G28/><N who="1" m="10858" /><E32/><V74/><F70/><W14/><G101/><T61/><D122/><U49/><E129/><N who="3" m="49738" /><G6/><T33/><D33/><U3/><E3/><V13/><F13/><W24/><G24/><T59/><D135/><U1/><E1/><V39/><F39/><W44/><G2/><T123/><D123/><U118/><E118/><V79/><F79/><W114/><G114/><T26/><D51/><U124/><E124/><N who="3" m="47722" /><G54/><T73/><D83/><U17/><E63/><V60/><F80/><W37/><G37/><T0/><D0/><U115/><E69/><V4/><F103/><W18/><G18/><T67/><D100/><U127/><E115/><V71/><F4/><W27/><G27/><T68/><D68/><U132/><E127/><V45/><F71/><W130/><N who="3" m="49746" /><W75/><DORA hai="35" /><G75/><T9/><D9/><AGARI ba="0,0" hai="9,14,19,44,50,52,108,111" m="47722,49746" machi="9" ten="50,6400,0" yaku="19,1,18,1,54,1" doraHai="104,35" who="3" fromWho="0" sc="247,-64,183,0,387,0,183,64" /><INIT seed="2,0,0,0,3,47" ten="183,183,387,247" oya="2" hai0="114,33,5,25,95,61,28,83,36,134,96,79,67" hai1="116,118,26,107,53,60,135,108,30,9,98,106,29" hai2="15,74,12,31,42,77,18,131,127,86,71,24,65" hai3="6,64,73,101,78,105,37,16,0,130,132,123,54"/><V129/><F42/><W76/><G123/><T14/><D114/><U51/><E108/><V109/><F86/><W84/><G37/><T87/><D36/><U35/><E135/><V82/><F65/><W45/><G73/><T70/><D134/><U43/><E60/><V63/><F63/><W22/><G132/><T90/><D14/><N who="2" m="5162" /><F71/><W100/><G130/><N who="2" m="49673" /><F18/><W11/><G64/><T68/><REACH who="0" step="1"/><D5/><REACH who="0" ten="173,183,387,247" step="2"/><U48/><E118/><V17/><F127/><W81/><G6/><T111/><D111/><U40/><E116/><V128/><F128/><W19/><G0/><T66/><D66/><U21/><E9/><V89/><F109/><W133/><G133/><T52/><D52/><U117/><E117/><V59/><F24/><W110/><G110/><T69/><AGARI ba="0,1" hai="25,28,33,61,67,68,69,70,79,83,87,90,95,96" machi="69" ten="20,2700,0" yaku="1,1,0,1,7,1,53,0" doraHai="47" doraHaiUra="13" who="0" fromWho="0" sc="173,37,183,-7,387,-13,247,-7" /><INIT seed="3,0,0,4,1,44" ten="210,176,374,240" oya="3" hai0="49,73,12,108,94,31,7,2,3,116,46,63,103" hai1="97,41,84,127,60,29,110,85,99,24,75,33,124" hai2="61,121,69,100,102,71,132,15,13,47,39,16,22" hai3="114,93,26,51,21,40,119,19,36,28,112,105,104"/><W91/><G36/><T134/><D116/><U5/><E75/><V96/><F132/><W55/><G40/><T34/><D73/><U83/><E41/><V130/><F47/><W120/><G119/><T20/><D134/><U53/><E110/><V86/><F39/><W106/><G120/><T128/><D63/><U23/><E5/><V32/><F32/><W77/><G77/><T74/><D74/><U81/><E33/><V118/><F118/><W109/><G28/><T92/><D128/><U11/><E11/><V101/><F130/><W62/><G62/><T131/><D131/><U18/><E29/><V37/><F37/><W66/><G66/><T57/><D34/><U30/><E30/><V89/><F61/><W129/><G114/><T113/><D113/><U14/><E24/><V48/><F48/><W8/><G8/><T87/><D49/><U123/><E123/><V72/><F72/><W65/><G65/><T82/><D31/><U67/><E53/><V107/><F121/><W59/><G109/><T1/><D108/><U43/><E43/><V111/><F111/><W80/><G129/><T122/><D122/><U54/><E54/><V88/><F69/><W90/><G112/><T56/><D2/><U115/><E115/><V38/><F71/><W6/><G6/><T126/><D3/><U68/><E127/><V35/><F35/><W78/><G55/><T42/><D7/><U79/><REACH who="1" step="1"/><E124/><REACH who="1" ten="210,166,374,240" step="2"/><V125/><F125/><W27/><G27/><T58/><D126/><U76/><AGARI ba="0,1" hai="14,18,23,60,67,68,76,79,81,83,84,85,97,99" machi="76" ten="20,8000,1" yaku="1,1,2,1,0,1,7,1,9,1,53,0" doraHai="44" doraHaiUra="0" who="1" fromWho="1" sc="210,-20,166,90,374,-20,240,-40" owari="190,-31.0,256,6.0,354,45.0,200,-20.0" /></mjloggm>