<mjloggm ver="2.3"><GO type="185" lobby="0"/><UN n0="%E7%9C%9F%E3%81%95%E3%82%80" n1="%41%74%72%69%61" n2="%E3%81%BA%E3%82%93%E3%81%8E%E3%82%93%E3%81%95%E3%82%93" n3="" dan="16,17,16,0" rate="2079.64,2253.00,2119.28,1500.00" sx="M,F,F,C"/><TAIKYOKU oya="0"/><INIT seed="0,0,0,5,4,115" ten="350,350,350,0" oya="0" hai0="2,61,38,74,56,93,77,63,81,45,87,40,88" hai1="65,55,96,1,50,104,108,90,120,3,84,72,80" hai2="60,123,116,48,69,112,82,86,73,113,78,44,130" hai3=""/><T62/><REACH who="0" step="1"/><D2/><REACH who="0" ten="340,350,350,0" step="2"/><U71/><E1/><V102/><F113/><T110/><D110/><U64/><E3/><V67/><F112/><T124/><D124/><U106/><E108/><V103/><F123/><T95/><D95/><U132/><E120/><V35/><F35/><T118/><D118/><U46/><E104/><V85/><F116/><T128/><D128/><U129/><E129/><V99/><F130/><T54/><AGARI ba="0,1" hai="38,40,45,54,56,61,62,63,74,77,81,87,88,93" machi="54" ten="20,12000,2" yaku="21,2,0,1,7,1,54,1,53,1" doraHai="115" doraHaiUra="79" who="0" fromWho="0" sc="340,130,350,-60,350,-60,0,0" /><INIT seed="0,1,0,0,4,94" ten="470,290,290,0" oya="0" hai0="62,80,75,89,130,36,46,97,61,70,45,42,50" hai1="82,134,99,123,125,87,90,53,78,35,60,95,83" hai2="63,124,128,131,1,66,74,110,118,47,98,129,76" hai3=""/><T37/><D130/><U86/><N who="1" m="31520" /><U133/><E35/><V101/><F1/><T127/><D127/><U2/><E2/><V112/><F124/><T91/><D36/><U54/><E125/><V96/><F112/><T44/><D44/><U51/><E60/><V117/><F110/><T120/><N who="0" m="30752" /><T100/><D70/><U113/><E113/><V115/><F47/><T39/><D39/><U103/><REACH who="1" step="1"/><E54/><REACH who="1" ten="470,280,290,0" step="2"/><V79/><F115/><T102/><D61/><U81/><E81/><V84/><F117/><T59/><D80/><U106/><E106/><V116/><F118/><T69/><D62/><U104/><E104/><V0/><F0/><T68/><D42/><U111/><E111/><V88/><F116/><T58/><D37/><U135/><E135/><V52/><F52/><T72/><D50/><U38/><E38/><V93/><F63/><T108/><D108/><U73/><E73/><V77/><F74/><T33/><D33/><U49/><E49/><V126/><F126/><T114/><D114/><U105/><E105/><V121/><N who="2" m="31008" /><V85/><F66/><T107/><D107/><AGARI ba="1,1" hai="76,77,79,84,85,88,93,96,98,101,107,128,129,131" m="31008" machi="107" ten="50,16000,3" yaku="19,1,34,3,52,3,54,1" doraHai="94" who="2" fromWho="0" sc="470,-162,280,0,290,172,0,0" /><INIT seed="1,0,0,2,3,128" ten="308,280,462,0" oya="1" hai0="135,3,81,2,60,102,35,69,0,124,38,40,53" hai1="48,85,104,75,84,95,119,98,78,59,64,58,123" hai2="67,100,46,134,68,103,57,76,47,32,65,88,118" hai3=""/><U125/><N who="1" m="31520" /><U70/><E119/><V111/><F32/><T1/><D35/><U41/><E104/><V73/><F118/><T51/><D124/><U89/><E125/><V107/><F107/><T133/><D0/><U96/><E75/><V105/><F105/><T129/><D129/><U101/><E70/><V115/><F68/><T132/><D102/><U43/><E101/><V39/><F57/><T50/><D81/><U71/><E71/><V83/><F39/><T45/><D53/><U91/><E78/><V110/><F83/><T56/><D56/><U55/><E41/><V114/><F88/><T113/><D113/><U93/><REACH who="1" step="1"/><E43/><REACH who="1" ten="308,270,462,0" step="2"/><V79/><F73/><T99/><D69/><U62/><AGARI ba="0,1" hai="48,55,58,59,62,64,84,85,89,91,93,95,96,98" m="31520" machi="62" ten="30,12000,2" yaku="1,1,2,1,0,1,9,1,8,1,52,1,53,0" doraHai="128" doraHaiUra="37" who="1" fromWho="1" sc="308,-60,270,130,462,-60,0,0" /><INIT seed="1,1,0,0,4,72" ten="248,400,402,0" oya="1" hai0="104,95,47,116,121,110,99,44,106,93,37,112,102" hai1="64,94,100,132,101,51,86,96,55,2,108,46,67" hai2="61,71,117,85,133,80,135,59,43,131,107,68,92" hai3=""/><U75/><E75/><V123/><N who="2" m="31520" /><V134/><F117/><T89/><N who="0" m="31008" /><T118/><D112/><U122/><N who="1" m="31264" /><U45/><E2/><V83/><F107/><T1/><D1/><U84/><E132/><V39/><F131/><T114/><D114/><U127/><E127/><V90/><F43/><T36/><D110/><U109/><E100/><V32/><F39/><T57/><D57/><U77/><E45/><V105/><F105/><T52/><D102/><U56/><E84/><V124/><F124/><T128/><D99/><U70/><E70/><N who="2" m="26667" /><F32/><T48/><D48/><U79/><E86/><V73/><F73/><T38/><D38/><U34/><E34/><V0/><F0/><T69/><D69/><U40/><E109/><V97/><F97/><T74/><D74/><U3/><E108/><V54/><AGARI ba="1,0" hai="54,59,61,80,83,85,90,92,133,134,135" m="26667,31520" machi="54" ten="40,2000,0" yaku="20,1,52,1" doraHai="72" who="2" fromWho="2" sc="248,-8,400,-14,402,22,0,0" /><INIT seed="2,0,0,0,2,58" ten="240,386,424,0" oya="2" hai0="41,42,76,133,86,32,69,78,132,74,68,43,91" hai1="72,53,40,128,102,94,134,67,108,99,80,106,124" hai2="35,61,57,64,121,125,120,59,38,51,107,98,87" hai3=""/><V45/><N who="2" m="30752" /><V104/><N who="2" m="31008" /><V119/><F35/><T90/><D86/><U73/><E108/><V75/><F119/><T95/><D95/><U84/><E134/><N who="0" m="51817" /><D74/><U62/><E124/><V3/><F3/><T123/><N who="0" m="31520" /><T131/><D131/><U111/><E111/><V33/><F38/><T96/><D96/><U126/><E126/><V70/><F75/><T92/><D92/><U105/><E40/><V55/><F33/><T113/><D113/><U0/><E0/><V122/><N who="2" m="31264" /><V81/><F125/><T77/><D32/><U97/><E53/><V93/><F107/><T47/><D47/><U79/><E128/><V110/><F110/><T101/><D101/><U82/><E82/><V83/><F104/><T54/><D54/><U1/><E1/><V85/><F83/><T36/><D36/><U118/><E105/><V116/><F116/><T114/><D114/><U46/><E118/><V39/><F39/><T52/><D52/><U89/><E46/><V100/><F85/><T56/><D56/><AGARI ba="0,0" hai="56,62,67,72,73,79,80,84,89,94,97,99,102,106" machi="56" ten="30,2000,0" yaku="7,1,52,1" doraHai="58" who="1" fromWho="0" sc="240,-20,386,20,424,0,0,0" /><INIT seed="4,0,0,0,4,74" ten="220,406,424,0" oya="0" hai0="51,55,99,131,122,62,63,111,93,132,61,121,109" hai1="49,127,98,120,83,54,106,33,103,112,71,2,56" hai2="64,129,58,1,79,96,113,95,91,107,125,80,66" hai3=""/><T119/><N who="0" m="31008" /><T41/><N who="0" m="31264" /><T123/><N who="0" m="31520" /><T90/><D119/><U0/><N who="1" m="30752" /><U77/><E33/><V124/><F129/><T85/><D131/><U108/><E108/><N who="0" m="41545" /><D132/><U116/><E116/><V82/><F113/><T114/><D114/><U60/><E112/><V102/><F82/><T130/><D130/><U128/><E128/><V105/><F1/><T76/><D41/><U35/><E35/><V52/><F107/><T94/><D76/><U134/><E134/><V69/><F69/><T40/><D40/><U39/><E39/><V43/><F43/><T84/><D94/><U59/><E71/><V133/><F133/><T135/><D135/><U45/><E127/><V110/><F110/><T50/><D50/><U36/><E36/><V32/><F32/><T88/><D90/><U92/><E92/><V73/><F125/><T118/><D118/><U81/><E2/><V57/><F124/><T86/><D86/><U75/><E0/><V104/><F104/><T46/><AGARI ba="0,0" hai="46,51,55,61,62,63,84,85,88,93,99" m="41545,31520,31264,31008" machi="46" ten="30,8000,1" yaku="10,1,52,3,54,1" doraHai="74" who="0" fromWho="0" sc="220,80,406,-40,424,-40,0,0" /><INIT seed="4,1,0,1,1,109" ten="300,366,384,0" oya="0" hai0="52,84,87,86,96,33,77,39,94,123,100,67,76" hai1="106,114,135,45,74,51,44,60,34,125,37,111,48" hai2="88,49,79,47,122,104,55,58,69,120,115,131,134" hai3=""/><T43/><N who="0" m="31520" /><T121/><N who="0" m="31008" /><T1/><D1/><U57/><E74/><V93/><N who="2" m="30752" /><V81/><N who="2" m="31264" /><V118/><F104/><T107/><D33/><U3/><E106/><V89/><F69/><T110/><D110/><U99/><E99/><V130/><F134/><T64/><D107/><U101/><E101/><V68/><F68/><T112/><D112/><U116/><E34/><V73/><F89/><T105/><D105/><U59/><E3/><V36/><F118/><T71/><D52/><U103/><E103/><V56/><F115/><T113/><D113/><U62/><E114/><V117/><F36/><T98/><D98/><U32/><E32/><V80/><F80/><T82/><D76/><U41/><E116/><V95/><F95/><T70/><D70/><U129/><E135/><V85/><F117/><T124/><D124/><U53/><E125/><V54/><REACH who="2" step="1"/><F47/><REACH who="2" ten="300,366,374,0" step="2"/><T61/><REACH who="0" step="1"/><D67/><REACH who="0" ten="290,366,374,0" step="2"/><U91/><E111/><V38/><F38/><T42/><D42/><U46/><E37/><V127/><F127/><T128/><D128/><U83/><E129/><V102/><F102/><T63/><D63/><AGARI ba="1,2" hai="49,54,55,56,58,63,73,79,81,85,88,93,130,131" m="31264,30752" machi="63" ten="40,8000,1" yaku="1,1,52,2,54,1,53,1" doraHai="109" doraHaiUra="75" who="2" fromWho="0" sc="290,-82,366,0,374,102,0,0" /><INIT seed="5,0,0,1,0,69" ten="208,366,476,0" oya="1" hai0="115,103,83,133,132,75,81,86,74,114,35,53,84" hai1="56,44,38,72,71,95,45,129,106,58,42,76,67" hai2="88,46,41,99,54,122,123,108,70,97,62,110,61" hai3=""/><U87/><E106/><V102/><N who="2" m="31264" /><V121/><N who="2" m="31008" /><V40/><N who="2" m="31520" /><V104/><F41/><T109/><D35/><U51/><E72/><N who="0" m="27689" /><D53/><U131/><E95/><V2/><F2/><T64/><D103/><U105/><E105/><V85/><F97/><T1/><D64/><U112/><E112/><N who="0" m="43049" /><D109/><U73/><E73/><V93/><F61/><T124/><D124/><U127/><E127/><V80/><F104/><T33/><D33/><U98/><E98/><V82/><F82/><N who="0" m="31242" /><D1/><U43/><E87/><AGARI ba="0,0" hai="84,86,87,132,133" m="31242,43049,27689" machi="87" ten="40,8000,1" yaku="28,2,15,1,34,2" doraHai="69" who="0" fromWho="1" sc="208,80,366,-80,476,0,0,0" /><INIT seed="6,0,0,4,5,91" ten="288,286,476,0" oya="2" hai0="89,127,53,84,118,130,59,70,125,64,50,40,99" hai1="44,65,104,69,63,2,62,55,43,95,58,115,0" hai2="129,38,79,111,112,77,101,135,45,48,81,75,114" hai3=""/><V56/><F135/><T67/><D118/><U105/><E115/><V90/><F129/><T107/><D130/><U36/><REACH who="1" step="1"/><E95/><REACH who="1" ten="288,276,476,0" step="2"/><V47/><F112/><T126/><D70/><U71/><E71/><V51/><F114/><T93/><D40/><U88/><E88/><V121/><F90/><T1/><D1/><AGARI ba="0,1" hai="0,1,2,36,43,44,55,58,62,63,65,69,104,105" machi="1" ten="40,1300,0" yaku="1,1,53,0" doraHai="91" doraHaiUra="46" who="1" fromWho="0" sc="288,-13,276,23,476,0,0,0" owari="275,-32.0,299,-10.0,476,42.0,0,0.0" /></mjloggm>