<mjloggm ver="2.3"><GO type="185" lobby="0"/><UN n0="%68%69%72%6F%6E%6E%32%30" n1="%E3%81%BE%E3%81%A3%E3%81%97%E3%83%BC" n2="%79%61%6E%62%61%72%75%2D" n3="" dan="16,17,17,0" rate="2177.77,2248.10,2243.10,1500.00" sx="M,F,M,C"/><TAIKYOKU oya="0"/><INIT seed="0,0,0,2,1,104" ten="350,350,350,0" oya="0" hai0="35,101,82,80,75,57,72,119,133,112,92,87,110" hai1="115,44,45,127,105,74,95,73,3,32,0,47,39" hai2="43,132,113,70,118,135,131,51,41,50,109,67,66" hai3=""/><T1/><D35/><U58/><E105/><V91/><F91/><T49/><D1/><U62/><E32/><V37/><F113/><T76/><D112/><U52/><E115/><V125/><F125/><T55/><D119/><U103/><E127/><V33/><F33/><T48/><D133/><N who="2" m="51274" /><F118/><T108/><D48/><N who="2" m="18474" /><F109/><N who="0" m="42090" /><D82/><U106/><E106/><V53/><F131/><T78/><D78/><U134/><E134/><V100/><F100/><T71/><D71/><U130/><E39/><V93/><F93/><T107/><D107/><U124/><E130/><V63/><F67/><T65/><D65/><U114/><E124/><V59/><F37/><T116/><D116/><U61/><E114/><V34/><F34/><T129/><D129/><U88/><E103/><V69/><F66/><T122/><N who="0" m="31264" /><T128/><D128/><U46/><N who="1" m="11264" /><DORA hai="60" /><U68/><E0/><V98/><F98/><AGARI ba="0,0" hai="49,55,57,72,75,76,80,87,92,98,101" m="31264,42090" machi="98" ten="30,12000,1" yaku="14,1,10,1,52,3" doraHai="104,60" who="0" fromWho="2" sc="350,120,350,0,350,-120,0,0" /><INIT seed="0,1,0,0,4,75" ten="470,350,230,0" oya="0" hai0="79,125,115,64,113,43,44,3,123,47,103,127,74" hai1="86,51,78,124,76,62,133,94,53,96,102,63,49" hai2="129,134,32,130,52,108,88,77,46,135,106,45,117" hai3=""/><T37/><N who="0" m="31520" /><T82/><D3/><U95/><E133/><N who="2" m="50699" /><F32/><T67/><D103/><U109/><E124/><N who="0" m="47689" /><D47/><N who="2" m="17930" /><F106/><T104/><D104/><U34/><E34/><V98/><F108/><T128/><D128/><N who="2" m="49258" /><F52/><T2/><D2/><U83/><E109/><V97/><F117/><T101/><D101/><U93/><E53/><V112/><F112/><AGARI ba="1,0" hai="37,43,44,64,67,74,79,82,112,113,115" m="47689,31520" machi="112" ten="30,5800,0" yaku="18,1,52,2" doraHai="75" who="0" fromWho="2" sc="470,60,350,0,230,-60,0,0" /><INIT seed="0,2,0,5,5,79" ten="530,350,170,0" oya="0" hai0="32,44,89,121,58,117,60,133,120,111,55,92,3" hai1="126,109,86,101,116,127,134,77,70,62,105,37,94" hai2="39,108,33,115,128,83,125,53,1,61,119,96,104" hai3=""/><T69/><N who="0" m="30752" /><T97/><N who="0" m="31008" /><T75/><D117/><U41/><E116/><V72/><F53/><T90/><D3/><U78/><E105/><V114/><F83/><T100/><D32/><U113/><E113/><V34/><F96/><T49/><D133/><U40/><E134/><V59/><F59/><T46/><D75/><U118/><E118/><V88/><F88/><T135/><D135/><U103/><E109/><V130/><F61/><T2/><D2/><U71/><E37/><V0/><F72/><T122/><N who="0" m="31264" /><T48/><D111/><U102/><E62/><V123/><N who="2" m="31520" /><V107/><F108/><T112/><D112/><U87/><E102/><V82/><F119/><T80/><D69/><U43/><E43/><V84/><F39/><T38/><D38/><U51/><E94/><V131/><F131/><T98/><D98/><U35/><E51/><N who="0" m="19529" /><D100/><U76/><E76/><V36/><F36/><T91/><D91/><U106/><E103/><V129/><F129/><T81/><D81/><U110/><E101/><V95/><F82/><T93/><D93/><U57/><E110/><V52/><F95/><T85/><AGARI ba="2,0" hai="44,46,55,58,60,80,85,89,90,92,97" m="19529,31264,31008,30752" machi="85" ten="30,8000,1" yaku="8,1,52,4" doraHai="79" who="0" fromWho="0" sc="530,84,350,-42,170,-42,0,0" /><INIT seed="0,3,0,3,1,128" ten="614,308,128,0" oya="0" hai0="65,55,93,133,47,98,119,58,42,111,109,103,104" hai1="49,79,132,115,91,40,74,99,56,96,116,101,66" hai2="134,34,112,57,124,114,59,72,129,60,48,105,127" hai3=""/><T71/><D119/><U82/><E116/><V61/><F34/><T84/><D104/><U52/><E115/><N who="2" m="44075" /><F105/><T113/><D113/><U95/><E132/><V70/><F72/><T43/><D133/><U32/><E32/><V39/><F134/><T85/><D42/><U0/><E0/><V90/><F90/><T102/><D102/><U73/><E40/><V75/><F75/><T89/><D71/><U2/><E2/><V110/><F39/><T50/><D65/><U131/><E131/><V86/><F86/><T135/><D135/><U122/><N who="1" m="31264" /><U88/><E74/><V38/><F38/><T87/><REACH who="0" step="1"/><D89/><REACH who="0" ten="604,308,128,0" step="2"/><U69/><E91/><V106/><F129/><T92/><D92/><U3/><E3/><V45/><F106/><T44/><D44/><U1/><E1/><V81/><F70/><T63/><AGARI ba="3,1" hai="43,47,50,55,58,63,84,85,87,93,98,103,109,111" machi="63" ten="30,4000,0" yaku="1,1,0,1,53,1" doraHai="128" doraHaiUra="46" who="0" fromWho="0" sc="604,56,308,-23,128,-23,0,0" /><INIT seed="0,4,0,4,3,102" ten="660,285,105,0" oya="0" hai0="119,122,39,132,69,65,131,53,33,124,90,70,58" hai1="60,72,63,104,133,129,111,59,41,85,79,61,127" hai2="55,135,62,64,97,110,1,3,121,56,45,115,101" hai3=""/><T95/><D33/><U57/><E72/><V91/><N who="2" m="31008" /><V113/><F115/><T130/><N who="0" m="31264" /><T48/><D119/><U51/><E111/><V88/><F113/><T118/><D118/><U76/><E127/><V47/><F110/><T78/><D78/><U50/><E133/><V66/><F135/><T54/><D39/><U38/><E38/><V77/><F77/><T114/><D114/><U86/><E63/><V46/><F3/><T99/><D124/><U2/><E41/><V81/><F1/><T106/><D65/><U73/><E73/><V34/><F34/><T74/><D74/><U84/><E84/><V52/><F81/><T80/><D53/><N who="2" m="20554" /><F64/><T128/><D80/><U103/><E2/><V43/><F43/><T82/><D82/><U108/><E108/><V40/><F40/><T96/><D132/><U93/><E93/><AGARI ba="4,0" hai="45,46,47,56,62,66,88,91,93,97,101" m="20554,31008" machi="93" ten="30,7700,0" yaku="8,1,52,1,54,2" doraHai="102" who="2" fromWho="1" sc="660,0,285,-85,105,85,0,0" /><INIT seed="1,0,0,3,2,39" ten="660,200,190,0" oya="1" hai0="106,48,100,109,41,93,65,81,114,49,73,129,103" hai1="130,96,47,66,85,115,79,1,36,53,70,50,105" hai2="99,74,128,120,71,33,123,75,131,97,59,113,126" hai3=""/><U76/><E1/><V44/><N who="2" m="30752" /><V118/><N who="2" m="31520" /><V3/><F71/><T55/><D114/><U58/><E115/><V90/><F3/><T116/><D109/><U110/><E130/><N who="2" m="49707" /><F113/><T63/><D106/><U40/><E110/><V119/><F33/><T0/><D116/><N who="2" m="44586" /><F59/><T82/><D129/><U57/><E57/><V135/><F135/><T52/><D73/><N who="2" m="27658" /><F44/><T122/><N who="0" m="31264" /><T46/><D0/><U69/><E85/><V56/><F56/><T83/><D65/><U89/><E70/><V112/><F112/><T101/><D63/><U125/><E125/><V64/><F64/><T92/><D49/><U67/><E67/><V98/><F126/><T34/><D34/><U2/><E2/><V80/><F80/><T45/><D45/><U38/><E66/><V72/><N who="2" m="27666" /><V37/><DORA hai="117" /><F37/><T43/><D55/><U87/><E69/><V86/><F86/><T134/><D134/><U62/><E36/><V124/><F124/><T95/><AGARI ba="0,0" hai="41,43,46,48,52,81,82,83,92,93,95,100,101,103" m="31264" machi="95" ten="40,12000,3" yaku="0,1,29,2,8,1,52,4,54,1" doraHai="39,117" who="0" fromWho="0" sc="660,120,200,-80,190,-40,0,0" /><INIT seed="2,0,0,1,4,120" ten="780,120,150,0" oya="2" hai0="114,57,42,102,45,133,119,76,32,100,132,80,60" hai1="39,47,103,65,126,91,112,49,3,58,51,95,86" hai2="74,125,77,2,104,41,96,92,68,79,84,37,108" hai3=""/><V127/><F2/><T72/><D119/><U93/><E3/><V83/><F68/><T109/><D114/><U115/><E126/><N who="2" m="48139" /><F41/><T124/><D109/><U122/><N who="1" m="31264" /><U128/><E128/><V123/><N who="2" m="31520" /><V38/><F104/><T69/><D69/><U130/><E130/><V56/><F56/><T61/><D61/><U90/><E103/><V110/><F79/><T33/><D33/><U1/><E1/><V107/><F107/><T101/><D32/><U52/><E39/><N who="2" m="14859" /><F74/><T78/><D78/><U54/><REACH who="1" step="1"/><E65/><REACH who="1" ten="780,110,150,0" step="2"/><V111/><F110/><T121/><N who="0" m="31008" /><T53/><D124/><U70/><E70/><V71/><F71/><T63/><D102/><AGARI ba="0,1" hai="77,83,84,92,96,102,108,111" m="14859,31520,48139" machi="102" ten="40,12000,1" yaku="18,1,52,3" doraHai="120" who="2" fromWho="0" sc="780,-120,110,0,150,130,0,0" /><INIT seed="2,1,0,4,2,84" ten="660,110,280,0" oya="2" hai0="103,78,3,98,102,46,111,49,56,123,96,42,106" hai1="54,33,57,97,1,37,32,127,90,70,77,43,109" hai2="48,126,39,64,105,130,128,129,45,83,75,74,122" hai3=""/><V47/><N who="2" m="31264" /><V40/><F105/><T68/><N who="0" m="31520" /><T41/><D111/><U55/><E1/><V94/><F126/><T131/><D131/><U61/><E127/><V117/><F117/><T38/><D68/><U66/><E109/><V62/><F83/><T89/><D78/><U34/><E77/><V67/><F94/><T113/><D113/><U69/><E69/><V91/><F91/><T95/><D3/><U101/><E90/><V79/><F79/><T93/><D56/><U92/><REACH who="1" step="1"/><E57/><REACH who="1" ten="660,100,280,0" step="2"/><V132/><F132/><T85/><D38/><U108/><E108/><V110/><F110/><T44/><D44/><AGARI ba="1,1" hai="32,33,34,37,43,44,54,55,61,66,70,92,97,101" machi="44" ten="40,1300,0" yaku="1,1,53,0" doraHai="84" doraHaiUra="87" who="1" fromWho="0" sc="660,-15,100,25,280,0,0,0" /><INIT seed="4,0,0,0,5,96" ten="645,125,280,0" oya="0" hai0="53,77,59,95,129,108,70,42,80,93,118,73,46" hai1="48,35,84,40,107,116,103,55,99,113,37,54,92" hai2="62,124,115,110,119,134,78,33,2,63,88,85,49" hai3=""/><T72/><D118/><U38/><E35/><V34/><F2/><T112/><D108/><U75/><E116/><V82/><F119/><T114/><D70/><U97/><E75/><V120/><N who="2" m="30752" /><V109/><F115/><N who="0" m="44074" /><D73/><U131/><E131/><V52/><F134/><T44/><D129/><U39/><E113/><V94/><F124/><T133/><D133/><U83/><E40/><V74/><F109/><T43/><D43/><U56/><E54/><V117/><F117/><T100/><D100/><U89/><REACH who="1" step="1"/><E99/><REACH who="1" ten="645,115,280,0" step="2"/><V126/><F110/><T32/><D32/><U86/><E86/><V41/><F41/><T87/><D72/><U101/><E101/><V125/><F125/><T127/><D127/><U121/><N who="1" m="31008" /><U45/><E45/><N who="0" m="17513" /><D42/><U1/><E1/><V111/><F126/><T98/><D98/><U102/><E102/><V65/><F111/><T69/><D69/><U60/><E60/><AGARI ba="0,1" hai="53,59,60,77,80,87,93,95" m="17513,44074" machi="60" ten="30,1500,0" yaku="15,1" doraHai="96" who="0" fromWho="1" sc="645,25,115,-15,280,0,0,0" /><INIT seed="4,1,0,2,3,41" ten="670,100,280,0" oya="0" hai0="0,57,62,63,96,127,76,128,46,78,82,121,105" hai1="132,33,61,120,87,51,81,75,69,88,94,111,95" hai2="86,114,100,77,3,125,40,2,80,131,52,50,103" hai3=""/><T115/><N who="0" m="31008" /><T32/><D0/><U104/><N who="1" m="30752" /><U130/><E33/><V54/><F114/><T108/><D32/><U42/><E111/><V39/><F131/><T65/><D115/><U49/><E130/><V84/><F125/><T72/><D127/><U59/><E104/><V66/><F66/><T37/><D108/><U92/><E69/><V129/><F129/><T1/><D1/><U117/><E117/><V71/><F71/><T36/><D78/><U112/><E112/><V48/><F40/><T101/><D63/><U67/><E132/><V70/><F70/><T89/><D128/><U44/><REACH who="1" step="1"/><E49/><REACH who="1" ten="670,90,280,0" step="2"/><V64/><F39/><T56/><D36/><U74/><AGARI ba="1,1" hai="42,44,51,59,61,67,74,75,81,87,88,92,94,95" m="30752" machi="74" ten="30,9000,2" yaku="1,1,2,1,0,1,52,2,54,1,53,1" doraHai="41" doraHaiUra="55" who="1" fromWho="1" sc="670,-61,90,102,280,-31,0,0" /><INIT seed="5,0,0,4,5,84" ten="609,192,249,0" oya="1" hai0="95,50,3,103,2,82,123,81,40,110,52,129,116" hai1="112,42,114,62,106,78,53,0,134,90,37,88,34" hai2="65,71,97,36,102,80,113,131,117,77,99,109,64" hai3=""/><U58/><E0/><V57/><F109/><T127/><N who="0" m="31520" /><T126/><D110/><U54/><E34/><V119/><F71/><T61/><D40/><U48/><E106/><V49/><F36/><T111/><D116/><U67/><E134/><V74/><F131/><T63/><D129/><U73/><E37/><V1/><F1/><T35/><D35/><U85/><E42/><V38/><F38/><T83/><D111/><U46/><E73/><V43/><F113/><N who="1" m="43625" /><E78/><V55/><F43/><T100/><D2/><U115/><N who="1" m="43633" /><U125/><DORA hai="69" /><E125/><N who="0" m="47625" /><D3/><U124/><E124/><V105/><F117/><T121/><N who="0" m="31008" /><T56/><D95/><U86/><E86/><V41/><F119/><T107/><D107/><U32/><E32/><V59/><F41/><T128/><D128/><U101/><E101/><AGARI ba="0,0" hai="50,52,56,61,63,81,82,83,100,101,103" m="31008,47625,31520" machi="101" ten="30,7700,0" yaku="18,1,52,2,54,1" doraHai="84,69" who="0" fromWho="1" sc="609,77,192,-77,249,0,0,0" /><INIT seed="6,0,0,2,1,86" ten="686,115,249,0" oya="2" hai0="43,117,90,84,107,77,85,59,32,125,120,123,55" hai1="42,81,61,114,121,79,111,87,52,95,64,115,106" hai2="133,36,78,82,33,71,109,3,108,112,62,73,70" hai3=""/><V44/><F33/><T39/><N who="0" m="30752" /><T100/><N who="0" m="31520" /><T88/><D117/><U122/><N who="1" m="31008" /><U113/><N who="1" m="31264" /><U53/><E106/><V132/><F3/><T124/><D32/><U46/><E111/><N who="2" m="42571" /><F112/><T94/><D77/><U2/><E2/><V97/><F97/><T69/><D69/><N who="2" m="26122" /><F62/><T54/><D100/><U49/><REACH who="1" step="1"/><E95/><REACH who="1" ten="686,105,249,0" step="2"/><V91/><F133/><T40/><D107/><U45/><E45/><V50/><F132/><T93/><D59/><U38/><E38/><AGARI ba="0,1" hai="38,39,40,43,54,55,84,85,88,90,93,94,124,125" m="31520,30752" machi="38" ten="25,12000,2" yaku="22,2,52,4,54,1" doraHai="86" who="0" fromWho="1" sc="686,130,105,-120,249,0,0,0" owari="816,77.0,-15,-62.0,249,-15.0,0,0.0" /></mjloggm>