<mjloggm ver="2.3"><GO type="169" lobby="0"/><UN n0="%E5%8D%83%E7%BE%BD%E9%B4%89" n1="%47%2E%4B%2E" n2="%6B%75%72%6F%35%35%36%36" n3="%E4%B9%BE%E5%9D%A4%E5%8D%81%E4%BA%94%E6%93%B2" dan="17,17,16,16" rate="2239.76,2196.51,2090.24,2105.69" sx="F,M,M,M"/><TAIKYOKU oya="0"/><INIT seed="0,0,0,0,5,76" ten="250,250,250,250" oya="0" hai0="0,38,99,120,83,65,20,13,94,41,42,16,47" hai1="91,113,128,78,63,131,129,40,106,15,124,17,88" hai2="73,39,117,8,114,81,11,12,64,24,72,112,67" hai3="31,1,97,43,110,50,61,101,27,60,133,74,33"/><T104/><D120/><U82/><E106/><V93/><F39/><W21/><G110/><T75/><D0/><U80/><E124/><V5/><F93/><W92/><G133/><T115/><D115/><U95/><E113/><V53/><F114/><W87/><G1/><T36/><D65/><U26/><E40/><V108/><F112/><W52/><G43/><T4/><D4/><U51/><E51/><V34/><F108/><W29/><G74/><T59/><D59/><U49/><E49/><V7/><F117/><W103/><G103/><T55/><D104/><U116/><E116/><V126/><F126/><W130/><G130/><T28/><D55/><U54/><E26/><V105/><F105/><W134/><G134/><T48/><D28/><U56/><E78/><V119/><F119/><W132/><G132/><T77/><REACH who="0" step="1"/><D42/><REACH who="0" ten="240,250,250,250" step="2"/><U127/><E127/><V10/><F53/><W123/><G123/><T107/><D107/><U37/><E37/><V9/><F5/><W111/><G111/><T69/><D69/><U89/><REACH who="1" step="1"/><E95/><REACH who="1" ten="240,240,250,250" step="2"/><V6/><F6/><W90/><G31/><T19/><D19/><U84/><E84/><V121/><F121/><W85/><G85/><T14/><D14/><U3/><E3/><V68/><F72/><W45/><REACH who="3" step="1"/><G33/><REACH who="3" ten="240,240,250,240" step="2"/><T86/><D86/><U125/><E125/><V18/><F34/><W30/><G30/><T23/><D23/><AGARI ba="0,3" hai="15,17,23,54,56,63,80,82,88,89,91,128,129,131" machi="23" ten="50,8000,1" yaku="1,1,19,1,52,2,54,1,53,0" doraHai="76" doraHaiUra="2" who="1" fromWho="0" sc="240,-80,240,110,250,0,240,0" /><INIT seed="1,0,0,5,3,127" ten="160,350,250,240" oya="1" hai0="134,11,10,21,92,126,119,116,75,50,73,49,90" hai1="18,103,85,12,84,78,79,89,27,32,107,57,51" hai2="55,38,95,83,128,6,100,25,59,130,45,3,101" hai3="47,124,110,64,29,99,34,30,52,43,31,76,94"/><U115/><E115/><V129/><F83/><W97/><G124/><T67/><D126/><U0/><E0/><V19/><F6/><W87/><G110/><T133/><D67/><U102/><E32/><V111/><F3/><W54/><G64/><T66/><D66/><U48/><E27/><V37/><F111/><W120/><G120/><T33/><D21/><U113/><E113/><V131/><N who="2" m="33280" /><DORA hai="81" /><V112/><F112/><W62/><G34/><T72/><D33/><U109/><E107/><V65/><F65/><W8/><G8/><N who="0" m="3115" /><D90/><U39/><E89/><V24/><F45/><W121/><G121/><T70/><D92/><U35/><E57/><V14/><F25/><W88/><G76/><T114/><D70/><U86/><E109/><V61/><F24/><W122/><G122/><T60/><D60/><U17/><E35/><V42/><F42/><W63/><G63/><T22/><D22/><U71/><E71/><V125/><F125/><W44/><G62/><T40/><D40/><U4/><E4/><V28/><F28/><W46/><G43/><T68/><D68/><U74/><E79/><V9/><REACH who="2" step="1"/><F95/><REACH who="2" ten="160,350,240,240" step="2"/><W36/><G36/><AGARI ba="0,1" hai="9,14,19,36,37,38,55,59,61,100,101" m="33280" machi="36" ten="70,16000,3" yaku="1,1,2,1,19,1,52,4,53,1" doraHai="127,81" doraHaiUra="15,23" who="2" fromWho="3" sc="160,0,350,0,240,170,240,-160" /><INIT seed="2,0,0,5,0,103" ten="160,350,410,80" oya="2" hai0="87,89,64,39,113,73,19,63,100,127,20,18,34" hai1="91,120,44,23,88,110,16,80,124,55,52,112,131" hai2="17,118,33,99,125,13,49,21,59,43,90,0,107" hai3="77,46,79,126,68,45,57,82,47,25,66,121,71"/><V76/><F118/><W4/><G121/><T48/><D39/><U123/><E112/><V98/><F125/><W6/><G126/><T115/><D73/><U132/><E124/><V114/><F114/><W38/><G38/><T30/><D127/><U60/><E110/><V94/><F0/><W97/><G97/><T69/><D100/><U9/><E132/><V10/><F33/><W31/><G71/><T95/><D19/><U32/><E32/><V109/><F109/><W116/><G68/><T36/><D36/><U135/><E135/><V70/><F70/><W106/><G106/><T83/><D30/><U122/><E131/><V42/><F76/><W130/><G130/><T56/><D83/><U26/><E60/><V41/><F107/><W134/><G134/><T84/><D84/><N who="1" m="50183" /><E91/><V15/><F99/><W85/><G79/><T62/><D34/><U65/><E65/><V11/><F15/><W5/><G116/><T128/><D128/><U28/><E44/><V37/><REACH who="2" step="1"/><F37/><REACH who="2" ten="160,350,400,80" step="2"/><W35/><G35/><T2/><D2/><U78/><E78/><V129/><F129/><W8/><G77/><T104/><D104/><U67/><E67/><V72/><F72/><W92/><G66/><N who="0" m="39271" /><D115/><U22/><E9/><V53/><AGARI ba="0,1" hai="10,11,13,17,21,41,42,43,49,53,59,90,94,98" machi="53" ten="30,6000,0" yaku="1,1,0,1,8,1,53,0" doraHai="103" doraHaiUra="24" who="2" fromWho="2" sc="160,-20,350,-20,400,70,80,-20" /><INIT seed="2,1,0,3,2,65" ten="140,330,470,60" oya="2" hai0="58,4,91,1,25,98,8,100,97,109,95,132,127" hai1="131,116,17,129,19,134,81,135,87,78,62,112,73" hai2="37,128,26,29,7,122,3,5,20,57,105,119,88" hai3="48,117,85,30,52,118,114,27,102,41,115,108,51"/><V22/><F105/><W96/><G85/><T86/><D109/><U55/><E116/><V32/><F37/><W33/><G51/><T89/><D127/><U120/><E120/><V2/><F122/><W103/><G41/><T61/><D132/><N who="1" m="50731" /><E112/><N who="3" m="43050" /><G108/><T123/><D123/><U94/><E94/><V90/><F119/><N who="3" m="45579" /><G96/><T42/><D42/><U72/><E55/><V110/><F110/><W10/><G10/><T124/><D124/><U21/><E62/><V15/><F128/><N who="1" m="49225" /><E19/><N who="2" m="10367" /><F57/><AGARI ba="1,0" hai="27,30,33,48,52,57,102,103" m="45579,43050" machi="57" ten="30,2000,0" yaku="11,1,54,1" doraHai="65" who="3" fromWho="2" sc="140,0,330,0,470,-23,60,23" /><INIT seed="3,0,0,1,3,128" ten="140,330,447,83" oya="3" hai0="119,51,16,90,105,6,115,1,66,24,123,79,49" hai1="50,121,77,83,108,22,124,20,33,87,131,71,127" hai2="35,72,32,34,135,85,61,86,130,9,84,23,99" hai3="39,102,65,117,17,28,80,112,126,43,92,134,41"/><W110/><G117/><T2/><D119/><U114/><E114/><V44/><F72/><W29/><G112/><T48/><D115/><U53/><E33/><V64/><F130/><W104/><G104/><T47/><D123/><U14/><E71/><V8/><F23/><W132/><G126/><N who="1" m="48170" /><E108/><V69/><F44/><N who="3" m="23615" /><G43/><T93/><D105/><U63/><E63/><V21/><F21/><N who="1" m="8297" /><E14/><V60/><F99/><N who="3" m="59751" /><G110/><T5/><D49/><U118/><E118/><V73/><F73/><W26/><G65/><T7/><D47/><N who="1" m="27871" /><E131/><V122/><F122/><AGARI ba="0,0" hai="77,83,87,121,122" m="27871,8297,48170" machi="122" ten="30,1000,0" yaku="18,1" doraHai="128" who="1" fromWho="2" sc="140,0,330,10,447,-10,83,0" /><INIT seed="4,0,0,2,4,98" ten="140,340,437,83" oya="0" hai0="31,128,61,111,45,93,34,36,13,83,112,19,1" hai1="41,55,125,57,123,6,9,2,37,121,39,95,104" hai2="71,129,69,27,7,102,43,88,15,12,75,119,100" hai3="91,118,108,79,81,58,20,11,130,66,35,18,78"/><T120/><D120/><U46/><E104/><V52/><F75/><W97/><G118/><T74/><D1/><U47/><E125/><V21/><F43/><W89/><G35/><T131/><D34/><U99/><E46/><V67/><F119/><W3/><G108/><T40/><D31/><U25/><E25/><V68/><F129/><W82/><G130/><T28/><D28/><U62/><REACH who="1" step="1"/><E39/><REACH who="1" ten="140,330,437,83" step="2"/><V30/><F27/><W132/><G132/><T22/><D36/><U60/><E60/><V29/><F29/><W117/><G117/><T49/><D111/><U80/><E80/><V38/><F30/><W133/><G133/><T56/><D93/><U42/><E42/><V113/><F38/><W122/><G82/><T109/><D109/><U59/><E59/><V65/><F71/><W116/><G116/><T53/><REACH who="0" step="1"/><D112/><REACH who="0" ten="130,330,437,83" step="2"/><U77/><E77/><AGARI ba="0,2" hai="13,19,22,40,45,49,53,56,61,74,77,83,128,131" machi="77" ten="40,7700,0" yaku="1,1,2,1,53,1" doraHai="98" doraHaiUra="72" who="0" fromWho="1" sc="130,97,330,-77,437,0,83,0" /><INIT seed="4,1,0,3,5,88" ten="227,253,437,83" oya="0" hai0="0,62,23,4,82,127,83,55,61,7,92,120,125" hai1="114,79,12,105,22,40,59,129,15,63,86,25,19" hai2="28,107,53,51,84,80,106,95,50,16,27,49,118" hai3="38,39,48,29,18,103,113,24,13,89,52,110,43"/><T65/><D120/><U109/><E105/><V102/><F118/><W101/><G110/><T8/><D4/><U128/><E109/><V104/><F53/><W97/><G113/><T111/><D111/><U72/><E72/><V42/><F42/><W96/><G43/><T112/><D112/><U117/><E40/><V14/><F102/><W41/><G41/><T108/><D108/><U54/><E117/><V58/><F58/><W60/><G60/><T75/><D75/><U70/><E70/><V64/><F64/><W116/><G116/><T98/><D23/><U133/><E133/><V122/><F122/><W91/><G39/><T121/><D121/><U44/><E44/><V78/><F95/><N who="3" m="58559" /><G38/><T47/><D125/><U67/><E67/><V46/><F46/><N who="3" m="27671" /><G24/><T115/><D115/><U74/><E74/><V77/><F77/><W68/><G29/><T81/><D127/><U73/><E73/><V10/><REACH who="2" step="1"/><F107/><REACH who="2" ten="227,253,427,83" step="2"/><W33/><G68/><T5/><D65/><U11/><E114/><V26/><F26/><W119/><G119/><T130/><D55/><U17/><E25/><V100/><F100/><W20/><G33/><AGARI ba="1,1" hai="10,14,16,27,28,33,49,50,51,78,80,84,104,106" machi="33" ten="40,2600,0" yaku="1,1,54,1,53,0" doraHai="88" doraHaiUra="131" who="2" fromWho="3" sc="227,0,253,0,427,39,83,-29" /><INIT seed="5,0,0,5,2,13" ten="227,253,466,54" oya="1" hai0="23,4,68,16,101,103,63,34,115,9,61,53,134" hai1="99,78,29,43,48,3,98,62,56,72,100,17,45" hai2="120,38,118,25,65,57,22,94,51,21,117,87,126" hai3="59,52,125,83,88,7,107,41,133,44,116,130,95"/><U31/><E3/><V39/><F120/><W26/><G116/><T132/><D34/><U32/><E32/><V28/><F39/><W33/><G125/><T47/><D115/><U113/><E113/><V80/><F38/><W37/><G133/><N who="0" m="51307" /><D47/><U0/><E0/><V91/><F126/><W76/><G130/><T90/><D90/><U66/><E72/><V89/><F21/><W119/><G107/><T60/><D68/><U97/><E78/><V109/><F109/><W131/><G131/><T18/><D53/><U64/><E64/><V54/><F65/><W86/><G119/><T121/><D121/><U20/><REACH who="1" step="1"/><E100/><REACH who="1" ten="227,243,466,54" step="2"/><N who="0" m="38473" /><D23/><U79/><E79/><V81/><F81/><W123/><G123/><T74/><D74/><U19/><E19/><V112/><F112/><W11/><G76/><T84/><D84/><AGARI ba="0,1" hai="22,25,28,51,54,57,80,84,87,89,91,94,117,118" machi="84" ten="30,1000,0" yaku="7,1" doraHai="13" who="2" fromWho="0" sc="227,-10,243,0,466,20,54,0" /><INIT seed="6,0,0,1,1,73" ten="217,243,486,54" oya="2" hai0="35,16,109,82,74,119,94,65,26,133,122,125,61" hai1="128,1,108,90,77,114,70,18,113,9,116,39,99" hai2="27,68,123,80,120,22,115,63,5,85,72,10,98" hai3="57,13,81,69,40,105,84,64,104,126,25,37,132"/><V51/><F72/><W101/><G69/><T52/><D122/><U6/><E116/><V102/><F115/><N who="1" m="44041" /><E70/><V75/><F75/><W56/><G126/><T83/><D109/><U8/><E39/><V127/><F127/><W89/><G132/><T23/><D119/><U43/><E43/><V87/><F51/><W17/><G25/><T30/><D133/><U48/><E77/><V124/><F124/><W118/><G118/><T3/><D74/><U130/><E48/><V46/><F46/><W67/><G37/><T79/><D3/><U129/><E108/><V106/><F63/><W2/><G40/><T58/><D79/><U66/><E66/><V21/><F68/><W20/><G2/><T111/><D111/><U117/><E117/><V11/><F85/><W19/><G67/><T95/><D125/><U121/><E121/><V112/><F112/><W131/><G64/><T15/><D95/><N who="1" m="56823" /><E9/><V107/><F107/><W54/><G105/><T93/><D93/><U24/><E18/><V135/><F135/><W59/><G19/><T32/><D32/><U44/><E44/><V41/><F41/><W134/><G134/><T33/><D33/><U7/><E24/><V31/><F21/><W92/><G104/><T60/><D94/><U78/><E78/><N who="2" m="46487" /><F11/><W36/><G36/><T0/><D0/><U96/><E96/><V55/><F55/><W42/><G42/><T62/><D62/><U76/><E76/><V86/><F86/><W47/><G47/><T34/><D34/><U53/><E53/><V28/><F28/><W45/><G45/><T38/><D38/><RYUUKYOKU ba="0,0" sc="217,10,243,10,486,10,54,-30" hai0="15,16,23,26,30,35,52,58,60,61,65,82,83" hai1="1,6,7,8,128,129,130" hai2="5,10,22,27,31,98,102,106,120,123" /><INIT seed="6,1,0,4,4,122" ten="227,253,496,24" oya="2" hai0="92,91,27,18,105,66,104,2,129,111,3,106,56" hai1="102,67,134,97,5,74,4,31,112,39,23,9,126" hai2="90,26,71,64,6,83,38,88,57,15,50,96,78" hai3="7,58,41,79,100,28,35,47,127,98,37,45,130"/><V48/><F38/><W21/><G127/><T24/><D66/><U11/><E74/><V55/><F71/><W29/><G35/><T81/><D56/><U1/><E39/><V82/><F26/><W53/><G130/><T20/><D81/><U120/><E112/><V123/><F123/><W59/><G79/><T133/><D129/><U68/><E134/><V63/><F48/><W62/><G7/><T70/><D70/><U94/><E126/><V69/><F96/><W135/><G135/><T17/><D111/><U124/><E124/><V61/><F61/><W54/><G47/><T99/><D133/><U117/><E117/><V125/><F125/><W16/><G98/><T8/><D8/><U84/><E84/><V30/><F30/><W115/><G100/><T87/><D99/><U110/><E110/><V131/><F131/><W32/><G32/><T36/><D36/><U43/><E43/><V40/><F40/><W76/><G76/><T114/><D114/><U14/><E120/><V113/><F113/><W73/><G73/><T86/><D86/><U13/><E67/><V80/><REACH who="2" step="1"/><F78/><REACH who="2" ten="227,253,486,24" step="2"/><W77/><G77/><T103/><D103/><U51/><E68/><V107/><F107/><W89/><G115/><T60/><D60/><U25/><E51/><V0/><F0/><AGARI ba="1,1" hai="0,1,4,5,9,11,13,14,23,25,31,94,97,102" machi="0" ten="30,2000,0" yaku="7,1,9,1" doraHai="122" who="1" fromWho="2" sc="227,0,253,33,486,-23,24,0" /><INIT seed="7,0,0,3,4,62" ten="227,286,463,24" oya="3" hai0="40,80,19,124,118,97,75,126,128,103,117,81,50" hai1="21,61,9,16,76,89,7,2,35,110,29,122,66" hai2="65,55,30,42,24,92,115,31,86,67,78,135,116" hai3="1,15,85,69,12,129,109,101,105,37,33,87,32"/><W20/><G37/><T0/><D0/><U56/><E110/><V36/><F116/><W44/><G69/><T119/><D19/><U112/><E112/><V68/><F68/><W10/><G44/><T43/><D50/><U98/><E76/><V102/><F36/><W45/><G45/><T27/><D27/><U53/><E122/><V133/><F42/><W17/><G87/><T83/><D128/><U70/><E98/><N who="2" m="59719" /><F115/><W26/><G85/><T77/><D43/><U22/><E89/><V25/><F55/><W63/><G63/><T131/><D40/><U51/><E22/><V5/><F5/><N who="3" m="1327" /><G101/><T4/><D4/><U100/><E29/><V52/><F52/><W125/><G105/><T88/><D131/><U41/><E35/><N who="3" m="13386" /><G129/><T71/><D71/><U127/><E41/><V57/><F86/><W8/><G109/><T113/><D113/><U121/><E100/><V23/><F78/><W91/><G91/><T132/><D88/><U108/><E108/><V120/><F120/><W13/><G125/><N who="0" m="48235" /><D75/><U54/><E121/><V39/><F39/><W28/><AGARI ba="0,0" hai="8,12,13,15,17,20,26,28" m="13386,1327" machi="28" ten="30,12000,1" yaku="35,5" doraHai="62" who="3" fromWho="3" sc="227,-40,286,-40,463,-40,24,120" /><INIT seed="7,1,0,1,4,71" ten="187,246,423,144" oya="3" hai0="33,12,56,98,97,22,62,125,63,122,111,108,115" hai1="57,70,109,82,78,80,29,60,40,130,132,24,45" hai2="27,99,107,64,88,94,68,96,119,0,69,93,25" hai3="21,14,128,5,114,123,50,131,135,67,51,15,42"/><W3/><G123/><T54/><D33/><U38/><E109/><V117/><F0/><W95/><G67/><T32/><D32/><U116/><E130/><N who="3" m="49706" /><G114/><T34/><D34/><U55/><E132/><V2/><F2/><W6/><G135/><T7/><D122/><U90/><E116/><V35/><F107/><W19/><G3/><T66/><D125/><U102/><E102/><V65/><F35/><W9/><G95/><T74/><D74/><U81/><E90/><AGARI ba="1,0" hai="25,27,64,65,68,69,88,90,93,94,96,99,117,119" machi="90" ten="25,3200,0" yaku="22,2,54,1" doraHai="71" who="2" fromWho="1" sc="187,0,246,-35,423,35,144,0" owari="187,-21.0,211,1.0,458,56.0,144,-36.0" /></mjloggm>