<mjloggm ver="2.3"><GO type="185" lobby="0"/><UN n0="%E3%82%BF%E3%83%AD%E3%81%95" n1="%E3%82%AA%E3%83%A0%E3%81%82%E3%82%93%E3%81%93" n2="%E3%81%AE%E3%83%BC%E3%81%97" n3="" dan="16,16,18,0" rate="2090.42,2154.64,2293.46,1500.00" sx="M,M,M,C"/><TAIKYOKU oya="0"/><INIT seed="0,0,0,1,0,133" ten="350,350,350,0" oya="0" hai0="98,124,40,126,77,97,68,73,118,131,48,119,43" hai1="110,65,104,78,56,62,0,99,61,33,82,120,128" hai2="1,92,74,101,115,50,130,107,90,88,132,116,71" hai3=""/><T46/><D68/><U111/><N who="1" m="30752" /><U112/><E33/><V109/><F130/><T127/><D131/><U103/><E128/><V121/><F115/><T72/><D77/><U113/><E0/><V84/><F109/><N who="1" m="41481" /><E61/><V44/><N who="2" m="31008" /><V52/><F132/><T55/><D73/><AGARI ba="0,0" hai="56,62,65,73,78,82,99,103,104,112,113" m="41481,30752" machi="73" ten="30,2000,0" yaku="14,1,52,1" doraHai="133" who="1" fromWho="0" sc="350,-20,350,20,350,0,0,0" /><INIT seed="1,0,0,2,0,33" ten="330,370,350,0" oya="1" hai0="110,100,56,111,48,3,120,116,117,109,88,122,91" hai1="129,38,70,47,126,82,118,42,46,74,72,76,97" hai2="79,64,78,65,52,81,108,134,103,101,55,105,32" hai3=""/><U2/><E118/><N who="0" m="45673" /><D3/><U63/><E129/><V36/><F36/><T119/><N who="0" m="45681" /><T37/><DORA hai="86" /><D37/><U85/><E126/><V114/><F81/><T68/><D68/><U43/><E2/><V121/><N who="2" m="31008" /><V98/><F32/><T90/><D100/><U50/><REACH who="1" step="1"/><E97/><REACH who="1" ten="330,360,350,0" step="2"/><V131/><F98/><T87/><N who="0" m="30752" /><T1/><N who="0" m="31264" /><T59/><D1/><U113/><E113/><V77/><F114/><T84/><D48/><U102/><E102/><V60/><F131/><T53/><D53/><U94/><E94/><V51/><F55/><T71/><D71/><U92/><E92/><V58/><F52/><T115/><D115/><U61/><E61/><V123/><F60/><T73/><D73/><U112/><E112/><V130/><F130/><T128/><D128/><U44/><E44/><V57/><F123/><T35/><D35/><U127/><E127/><V83/><F101/><T34/><D34/><U89/><E89/><V133/><F103/><T125/><D125/><U0/><E0/><V96/><F96/><T93/><D91/><U49/><E49/><V66/><F51/><T69/><D69/><U95/><E95/><AGARI ba="0,1" hai="56,59,84,87,88,90,93,95,109,110,111" m="31264,30752,45681" machi="95" ten="50,12000,2" yaku="14,1,12,1,52,4,54,1" doraHai="33,86" who="0" fromWho="1" sc="330,130,360,-120,350,0,0,0" /><INIT seed="2,0,0,3,5,88" ten="460,240,350,0" oya="2" hai0="124,46,72,58,129,73,71,50,83,44,33,131,65" hai1="66,79,93,89,125,59,122,75,80,133,118,121,55" hai2="42,70,113,64,69,126,130,49,84,48,104,109,117" hai3=""/><V41/><F104/><T91/><D124/><U39/><E125/><V1/><F84/><T36/><D33/><U98/><E118/><V110/><F1/><T128/><D36/><U95/><E39/><V82/><F126/><T43/><D46/><U119/><E119/><V135/><F82/><T76/><D91/><U94/><E66/><V74/><F74/><T86/><D71/><U115/><E115/><V40/><F117/><T132/><D132/><U106/><E133/><V62/><F113/><T67/><D65/><U3/><E3/><V123/><N who="2" m="31520" /><V0/><F0/><T2/><D2/><U105/><E105/><V51/><F135/><T78/><D78/><U90/><E106/><V68/><F130/><T61/><AGARI ba="0,0" hai="43,44,50,58,61,67,72,73,76,83,86,128,129,131" machi="61" ten="40,2000,0" yaku="0,1,19,1" doraHai="88" who="0" fromWho="0" sc="460,20,240,-7,350,-13,0,0" /><INIT seed="4,0,0,1,0,91" ten="480,233,337,0" oya="0" hai0="34,106,71,57,110,105,89,117,81,48,115,113,122" hai1="101,123,114,134,64,92,33,65,56,88,60,2,42" hai2="58,102,52,44,54,107,69,131,82,130,73,0,74" hai3=""/><T53/><N who="0" m="31264" /><T119/><D34/><U100/><N who="1" m="31520" /><U66/><E2/><V86/><F69/><T80/><D71/><U47/><E33/><V40/><F0/><T116/><D110/><U120/><N who="1" m="30752" /><U45/><E134/><V135/><F135/><T104/><REACH who="0" step="1"/><D89/><REACH who="0" ten="470,233,337,0" step="2"/><U59/><E114/><AGARI ba="0,1" hai="48,53,57,80,81,104,105,106,113,114,115,116,117,119" m="31264" machi="114" ten="50,12000,1" yaku="1,1,2,1,15,1,52,1,53,0" doraHai="91" doraHaiUra="96" who="0" fromWho="1" sc="470,130,233,-120,337,0,0,0" /><INIT seed="4,1,0,0,1,32" ten="600,113,337,0" oya="0" hai0="40,87,71,60,39,80,91,90,114,101,105,130,116" hai1="123,135,52,96,75,56,124,35,55,99,68,119,58" hai2="97,2,93,42,104,48,47,43,34,81,125,92,133" hai3=""/><T128/><D116/><U126/><N who="1" m="31520" /><U46/><E35/><V66/><F34/><T120/><N who="0" m="30752" /><T41/><D114/><U110/><E119/><V83/><F133/><T61/><D71/><U112/><E75/><V37/><F125/><N who="1" m="48233" /><E68/><V84/><F66/><T102/><D39/><U117/><E117/><V79/><F2/><T134/><D134/><U107/><E135/><V67/><F67/><T69/><D69/><U95/><E110/><V3/><F3/><T122/><N who="0" m="31264" /><T88/><D105/><U85/><E112/><V132/><F132/><T115/><D115/><U64/><E64/><V108/><F108/><T1/><D1/><U45/><E85/><V74/><F37/><T77/><D130/><U63/><E107/><V100/><REACH who="2" step="1"/><F42/><REACH who="2" ten="600,113,327,0" step="2"/><N who="0" m="16490" /><D128/><U94/><E46/><V57/><F57/><T76/><D76/><AGARI ba="1,1" hai="43,47,48,74,76,79,81,83,84,92,93,97,100,104" machi="76" ten="30,2000,0" yaku="1,1,7,1,53,0" doraHai="32" doraHaiUra="51" who="2" fromWho="0" sc="600,-22,113,0,327,32,0,0" /><INIT seed="5,0,0,5,0,52" ten="578,113,359,0" oya="1" hai0="77,92,118,67,70,49,36,120,46,53,87,130,129" hai1="37,74,45,50,119,104,82,69,54,115,126,75,59" hai2="71,47,113,97,108,107,0,86,111,51,72,125,132" hai3=""/><U44/><E115/><V34/><RYUUKYOKU type="yao9" ba="0,0" sc="578,0,113,0,359,0,0,0" hai2="0,34,47,51,71,72,86,97,107,108,111,113,125,132" /><INIT seed="5,1,0,0,0,50" ten="578,113,359,0" oya="1" hai0="90,42,73,60,53,135,61,100,54,64,0,56,48" hai1="102,65,2,69,119,115,89,62,122,94,46,109,58" hai2="121,36,80,133,99,128,132,107,81,86,118,43,110" hai3=""/><U68/><N who="1" m="31264" /><U116/><E2/><V93/><N who="2" m="31008" /><V59/><F110/><T127/><D73/><U83/><E109/><V77/><F118/><T72/><D72/><U3/><E3/><V98/><F128/><T51/><D100/><U66/><E46/><V130/><F130/><T1/><D135/><N who="2" m="51786" /><F59/><T32/><D127/><U74/><E115/><V97/><F43/><T84/><D32/><U103/><E58/><V112/><F36/><T52/><D42/><U34/><E34/><V78/><F112/><T57/><D1/><U45/><E45/><V104/><F93/><T96/><D96/><U125/><E125/><V124/><F124/><T126/><D0/><U75/><E94/><V108/><F108/><T134/><D134/><U44/><E44/><V55/><F55/><N who="0" m="21066" /><D126/><U92/><E92/><AGARI ba="1,0" hai="48,51,54,56,57,60,61,64,84,90,92" m="21066" machi="92" ten="30,12000,2" yaku="8,1,52,4,54,1" doraHai="50" who="0" fromWho="1" sc="578,122,113,-122,359,0,0,0" owari="700,65.0,-9,-61.0,359,-4.0,0,0.0" /></mjloggm>