<mjloggm ver="2.3"><GO type="225" lobby="0"/><UN n0="%E3%81%82%E3%81%9A%E3%81%8D%E3%81%82%E3%81%9A%E3%81%95" n1="%E7%B6%BE%E9%87%8E%E7%8F%AA%E5%AD%90" n2="%E3%81%82%E3%82%89%E3%81%8C%E3%81%8D%E3%81%82%E3%82%84%E3%81%9B" n3="%E3%81%98%E3%81%98%E3%81%84%E3%81%8C%E5%91%BC%E3%82%93%E3%81%A0" dan="16,17,16,16" rate="2108.16,2215.08,2146.41,2071.82" sx="M,F,F,M"/><TAIKYOKU oya="0"/><INIT seed="0,0,0,3,3,34" ten="250,250,250,250" oya="0" hai0="50,10,11,12,20,126,121,29,75,25,109,60,74" hai1="43,115,97,13,122,0,26,76,87,33,125,59,110" hai2="130,77,7,90,22,70,112,32,23,21,124,99,66" hai3="45,89,81,67,64,80,15,4,68,61,135,102,73"/><T129/><D121/><U56/><E122/><V41/><F112/><W44/><G135/><T42/><D129/><U82/><E0/><V14/><F77/><W19/><G102/><T65/><D126/><U84/><E125/><V106/><F41/><W92/><G64/><T117/><D117/><U113/><E110/><V103/><F124/><W31/><G31/><T28/><D109/><U134/><E134/><V123/><F32/><W51/><G4/><T17/><D10/><U128/><E128/><V18/><F7/><W48/><G45/><T2/><D29/><N who="1" m="19639" /><E43/><V46/><F46/><W98/><G73/><T91/><D42/><U85/><E97/><V127/><F127/><W30/><G30/><T107/><D107/><U78/><E13/><V95/><F130/><W36/><G36/><T93/><D50/><U40/><E40/><V86/><F123/><W38/><G38/><T133/><D2/><U58/><E82/><N who="3" m="31850" /><G44/><T72/><D133/><U57/><N who="1" m="14336" /><DORA hai="1" /><U5/><E5/><V24/><REACH who="2" step="1"/><F14/><REACH who="2" ten="250,250,240,250" step="2"/><W47/><G47/><T71/><REACH who="0" step="1"/><D75/><REACH who="0" ten="240,250,240,250" step="2"/><U63/><E115/><V9/><F9/><N who="3" m="6639" /><G48/><T8/><D8/><U105/><E113/><V6/><F6/><W101/><G51/><T62/><D62/><AGARI ba="0,2" hai="18,21,22,23,24,62,66,70,86,90,95,99,103,106" machi="62" ten="40,1300,0" yaku="1,1,53,0" doraHai="34,1" doraHaiUra="79,116" who="2" fromWho="0" sc="240,-13,250,0,240,33,250,0" /><INIT seed="1,0,0,5,3,71" ten="227,250,273,250" oya="1" hai0="78,5,102,17,51,54,123,116,101,35,97,12,63" hai1="60,95,9,31,133,108,76,129,88,99,66,87,89" hai2="43,50,112,39,96,30,20,109,49,134,37,4,44" hai3="98,1,119,32,86,81,21,94,15,2,110,80,59"/><U25/><E129/><V3/><F134/><W77/><G32/><T34/><D116/><U42/><E133/><V135/><F135/><W75/><G110/><T41/><D123/><U62/><E108/><V56/><F109/><W106/><G119/><T92/><D78/><U68/><E76/><V105/><F20/><W19/><G81/><T131/><D131/><U82/><E42/><V65/><F30/><W36/><G36/><T10/><D102/><U128/><E128/><V73/><F73/><W46/><G46/><T84/><D84/><U47/><E62/><V67/><F4/><W64/><G64/><N who="2" m="24649" /><F96/><W132/><G132/><T6/><D41/><U115/><E115/><V125/><F105/><W90/><REACH who="3" step="1"/><G59/><REACH who="3" ten="227,250,273,240" step="2"/><T8/><D35/><U0/><E47/><V93/><F56/><W53/><G53/><T55/><D55/><U74/><E74/><V14/><F39/><W118/><G118/><T38/><D38/><U113/><E113/><V26/><F37/><W11/><G11/><T117/><D10/><U127/><E9/><V130/><F112/><W48/><G48/><T24/><D117/><U91/><E127/><V13/><F125/><W79/><G79/><T124/><D124/><U85/><E66/><V23/><F130/><W100/><AGARI ba="0,1" hai="1,2,15,19,21,75,77,80,86,90,94,98,100,106" machi="100" ten="30,7900,0" yaku="1,1,0,1,24,2,53,0" doraHai="71" doraHaiUra="57" who="3" fromWho="3" sc="227,-20,250,-39,273,-20,240,89" /><INIT seed="2,0,0,1,4,30" ten="207,211,253,329" oya="2" hai0="108,20,22,119,98,123,40,65,23,37,79,63,28" hai1="55,49,125,14,25,84,99,113,118,53,62,128,67" hai2="42,103,38,50,10,133,111,95,73,96,32,93,72" hai3="27,45,106,68,60,76,105,85,91,75,9,77,109"/><V131/><F32/><W104/><G109/><T44/><D123/><U21/><E113/><V52/><F38/><W26/><G45/><T101/><D108/><U54/><E118/><V5/><F42/><W110/><G110/><T18/><D119/><U16/><E128/><V129/><F111/><W94/><G9/><T39/><D79/><U83/><E125/><V56/><F133/><W11/><G11/><T19/><D28/><U47/><E99/><V132/><F132/><W41/><G41/><T86/><D86/><U1/><E1/><V48/><F48/><W82/><REACH who="3" step="1"/><G76/><REACH who="3" ten="207,211,253,319" step="2"/><T3/><D3/><U90/><REACH who="1" step="1"/><E14/><REACH who="1" ten="207,201,253,319" step="2"/><V31/><F131/><W33/><G33/><T134/><D134/><U117/><E117/><V126/><F129/><W116/><G116/><T120/><D120/><U58/><AGARI ba="0,2" hai="16,21,25,47,49,53,54,55,58,62,67,83,84,90" machi="58" ten="20,12000,2" yaku="1,1,0,1,7,1,8,1,54,1,53,1" doraHai="30" doraHaiUra="17" who="1" fromWho="1" sc="207,-30,201,140,253,-60,319,-30" /><INIT seed="3,0,0,5,2,89" ten="177,341,193,289" oya="3" hai0="123,44,92,83,119,49,37,70,108,135,56,36,76" hai1="113,48,6,132,9,33,99,25,121,39,11,79,105" hai2="60,94,125,96,90,114,55,61,67,27,78,47,52" hai3="45,10,59,2,103,110,133,126,131,75,127,130,74"/><W12/><G2/><T109/><D119/><U68/><E39/><V111/><F111/><N who="0" m="42570" /><D123/><U18/><E113/><V23/><F125/><N who="3" m="47627" /><G110/><T116/><D116/><U65/><E121/><V82/><F114/><W134/><G59/><T101/><D70/><U124/><E124/><V17/><F47/><W77/><G45/><T57/><D135/><N who="3" m="51721" /><G103/><T117/><D117/><U15/><E132/><V19/><F19/><N who="3" m="8599" /><G77/><T38/><D44/><U20/><E79/><V120/><F120/><W29/><G29/><T72/><D49/><U50/><E33/><V41/><F41/><W54/><G54/><T93/><D101/><U73/><E68/><V69/><F61/><W88/><G88/><T81/><D81/><U5/><E65/><V66/><F66/><W102/><G102/><T35/><D35/><U62/><E62/><V91/><F91/><W63/><G63/><T31/><D31/><U86/><E50/><V53/><F53/><W34/><G34/><T46/><D46/><U104/><E48/><V8/><F8/><W43/><G43/><T7/><D7/><U98/><E11/><V28/><F28/><W85/><G85/><AGARI ba="0,0" hai="17,23,27,52,55,60,67,69,78,82,85,90,94,96" machi="85" ten="30,3900,0" yaku="7,1,52,1,54,1" doraHai="89" who="2" fromWho="3" sc="177,0,341,0,193,39,289,-39" owari="177,-32.0,341,44.0,232,-17.0,250,5.0" /></mjloggm>