<mjloggm ver="2.3"><GO type="169" lobby="0"/><UN n0="%E5%B0%8F%E6%B1%A0%E7%BE%8E%E6%B3%A2%E2%8A%BF" n1="%61%6E%6C%75%6E" n2="%E7%A9%B4%E4%BA%95%E6%88%91%E8%81%9E" n3="%E6%97%A9%E5%A4%A7%E3%83%80%E3%83%A1%E4%BF%AE%E5%A3%AB" dan="16,16,16,16" rate="2122.10,2117.43,2104.16,2188.85" sx="F,M,M,M"/><TAIKYOKU oya="0"/><INIT seed="0,0,0,0,0,78" ten="250,250,250,250" oya="0" hai0="74,38,131,37,90,107,102,20,121,118,7,14,80" hai1="129,135,22,59,124,4,115,58,72,31,98,132,85" hai2="26,1,44,114,88,15,69,79,19,116,68,92,76" hai3="57,6,109,9,55,96,23,86,46,70,11,63,133"/><T73/><D118/><U91/><E72/><V34/><F1/><W49/><G109/><T2/><D121/><U108/><E108/><V45/><F114/><W104/><G133/><N who="1" m="51274" /><E4/><V17/><F116/><W33/><G33/><T71/><D2/><U82/><E124/><V48/><F69/><W56/><G70/><T65/><D107/><U110/><E110/><V32/><F68/><W100/><G57/><T87/><D102/><U94/><E129/><V84/><F45/><W25/><G86/><T60/><D131/><U64/><E64/><V54/><F19/><W41/><REACH who="3" step="1"/><G6/><REACH who="3" ten="250,250,250,240" step="2"/><T93/><D74/><U0/><E115/><V12/><F34/><W75/><G75/><T97/><D73/><U62/><E62/><V119/><F119/><W66/><G66/><T95/><D7/><U36/><E59/><V117/><F117/><W89/><G89/><T39/><REACH who="0" step="1"/><D97/><REACH who="0" ten="240,250,250,240" step="2"/><U126/><E98/><V5/><F5/><W101/><G101/><T120/><D120/><U30/><E0/><V127/><F127/><W29/><AGARI ba="0,2" hai="9,11,23,25,29,41,46,49,55,56,63,96,100,104" machi="29" ten="20,2700,0" yaku="1,1,0,1,7,1,53,0" doraHai="78" doraHaiUra="123" who="3" fromWho="3" sc="240,-13,250,-7,250,-7,240,47" /><INIT seed="1,0,0,0,4,12" ten="227,243,243,287" oya="1" hai0="111,119,14,20,25,118,56,88,41,113,11,36,98" hai1="75,9,117,3,83,40,59,29,132,31,54,7,103" hai2="77,23,126,43,21,55,72,62,35,0,102,133,92" hai3="44,89,129,112,94,106,45,125,27,131,28,99,2"/><U63/><E117/><V19/><F35/><W1/><G112/><T49/><D113/><U80/><E132/><V87/><F0/><N who="3" m="107" /><G106/><T32/><D32/><U85/><E103/><V17/><F133/><W123/><G123/><T10/><D36/><U91/><E40/><V128/><F128/><N who="3" m="49227" /><G125/><T116/><D111/><U64/><E75/><V96/><F126/><W39/><G39/><T16/><D56/><U71/><REACH who="1" step="1"/><E83/><REACH who="1" ten="227,233,243,287" step="2"/><V47/><F72/><W68/><G68/><T61/><D119/><U57/><E57/><V114/><F43/><W130/><G130/><T51/><D118/><U67/><E67/><V24/><F114/><W58/><G58/><T26/><D41/><U101/><E101/><V134/><F134/><W122/><G122/><T93/><D116/><U135/><E135/><V15/><F47/><W13/><G44/><T5/><D61/><AGARI ba="0,1" hai="3,7,9,29,31,54,59,61,63,64,71,80,85,91" machi="61" ten="30,2900,0" yaku="1,1,7,1,53,0" doraHai="12" doraHaiUra="124" who="1" fromWho="0" sc="227,-29,233,39,243,0,287,0" /><INIT seed="1,1,0,0,4,112" ten="198,272,243,287" oya="1" hai0="59,91,98,111,118,38,49,26,110,51,135,39,27" hai1="95,89,106,5,7,8,124,119,97,127,30,66,120" hai2="134,107,108,9,114,72,42,11,96,33,64,71,86" hai3="24,46,37,94,73,35,55,68,58,100,125,53,41"/><U123/><E106/><V44/><F114/><W103/><G73/><T54/><D135/><U70/><E30/><V81/><F108/><N who="0" m="41514" /><D51/><U131/><E131/><V3/><F134/><W4/><G125/><N who="1" m="48202" /><E7/><V79/><F33/><W1/><G68/><T29/><D118/><U117/><E66/><V122/><F122/><N who="1" m="46633" /><E70/><V101/><F64/><W61/><G35/><N who="0" m="20919" /><D27/><U28/><E28/><V80/><F71/><W87/><G24/><T67/><D67/><U133/><E133/><V130/><F130/><W85/><G4/><T76/><D76/><U34/><E34/><V93/><F3/><AGARI ba="1,0" hai="3,5,8,89,95,97,117,119" m="46633,48202" machi="3" ten="30,5800,0" yaku="18,1,52,2" doraHai="112" who="1" fromWho="2" sc="198,0,272,61,243,-61,287,0" /><INIT seed="1,2,0,1,3,108" ten="198,333,182,287" oya="1" hai0="3,97,121,135,53,89,107,35,84,7,26,105,6" hai1="19,112,37,70,87,78,36,17,67,47,28,23,100" hai2="50,15,96,24,79,122,8,126,88,74,49,110,82" hai3="104,77,69,9,56,12,125,133,73,31,98,20,42"/><U128/><E128/><V38/><F122/><W55/><G69/><T2/><D135/><U106/><E112/><V61/><F110/><W93/><G133/><T34/><D121/><U129/><E129/><V64/><F38/><W86/><G104/><T119/><D119/><U85/><E70/><V5/><F24/><W57/><G73/><T1/><D53/><U54/><E67/><V80/><F126/><W103/><G125/><T46/><D46/><U4/><E4/><V21/><F21/><W92/><G42/><T0/><D107/><U65/><E65/><V51/><F96/><W41/><G41/><T95/><N who="0" m="0" /><DORA hai="30" /><T72/><D72/><U123/><E123/><V114/><F114/><W33/><G33/><T81/><D105/><U60/><E37/><V118/><F118/><W116/><G116/><T18/><D35/><U117/><E117/><V45/><F45/><W68/><G68/><T10/><D10/><U111/><E111/><V75/><F75/><W58/><G20/><T134/><D134/><U130/><E130/><V44/><F44/><W59/><G31/><T132/><D132/><U25/><E100/><V113/><F113/><W62/><G77/><T101/><REACH who="0" step="1"/><D18/><REACH who="0" ten="188,333,182,287" step="2"/><N who="1" m="6667" /><E106/><V127/><F127/><W48/><G55/><T115/><D115/><U39/><E39/><V91/><REACH who="2" step="1"/><F82/><REACH who="2" ten="188,333,172,287" step="2"/><W16/><G62/><T66/><D66/><U90/><E36/><V102/><F102/><W124/><G124/><T40/><D40/><U32/><E47/><V120/><F120/><W43/><G43/><T13/><D13/><U29/><E60/><V27/><F27/><RYUUKYOKU ba="2,2" sc="188,15,333,-15,172,15,287,-15" hai0="6,7,26,34,81,84,89,95,97,101" hai2="5,8,15,49,50,51,61,64,74,79,80,88,91" /><INIT seed="2,3,2,0,4,52" ten="203,318,187,272" oya="2" hai0="13,82,104,130,53,24,21,12,110,109,48,4,60" hai1="74,14,78,8,10,2,66,99,61,88,133,73,84" hai2="81,55,95,102,46,30,36,97,129,125,57,132,121" hai3="92,79,85,45,77,72,40,58,6,111,17,35,23"/><V106/><F121/><W42/><G111/><N who="0" m="42507" /><D104/><U114/><E114/><V67/><F132/><W124/><G124/><T63/><D130/><U122/><E133/><V131/><F125/><W50/><G35/><T64/><D82/><U83/><E122/><V93/><F67/><W33/><G33/><T27/><D27/><U117/><E117/><V101/><F30/><W29/><G29/><N who="0" m="17551" /><D4/><U119/><E119/><V56/><F81/><W126/><G126/><T54/><D54/><U91/><E74/><V107/><F55/><W105/><G105/><T9/><D9/><U3/><E10/><V32/><F32/><W75/><G6/><T127/><D127/><U87/><E73/><V98/><F46/><W123/><G75/><T89/><D89/><U38/><E3/><V70/><F36/><W65/><G72/><T71/><D63/><U34/><E38/><V20/><F20/><W31/><G40/><T19/><D19/><U1/><E34/><V69/><AGARI ba="3,2" hai="56,57,69,70,93,95,97,98,101,102,106,107,129,131" machi="69" ten="25,12000,1" yaku="0,1,22,2,52,2" doraHai="52" who="2" fromWho="2" sc="203,-43,318,-43,187,149,272,-43" /><INIT seed="2,4,0,5,4,9" ten="160,275,336,229" oya="2" hai0="33,86,19,105,53,39,64,73,24,6,18,23,124" hai1="92,29,130,82,17,61,40,77,71,93,32,37,119" hai2="76,25,135,50,28,15,74,46,13,102,100,109,126" hai3="117,131,55,120,98,122,65,95,96,68,88,16,125"/><V10/><F135/><W94/><G117/><T47/><D73/><U134/><E119/><V90/><F126/><W1/><G125/><T42/><D105/><U104/><E134/><V85/><F74/><W118/><G118/><T113/><D113/><U112/><E112/><V7/><F76/><W128/><G1/><T49/><D64/><U84/><E130/><N who="3" m="49706" /><G55/><T41/><D124/><U51/><E37/><V5/><F109/><W59/><G68/><T87/><D42/><U52/><E104/><V99/><F99/><W60/><G16/><T108/><D108/><U20/><E29/><V34/><F5/><W83/><G83/><T132/><D132/><U114/><E32/><V115/><F15/><W62/><G62/><T63/><D63/><U27/><E114/><V12/><F12/><W103/><AGARI ba="4,0" hai="59,60,65,88,94,95,96,98,103,120,122" m="49706" machi="103" ten="30,2000,0" yaku="19,1,54,1" doraHai="9" who="3" fromWho="3" sc="160,-9,275,-9,336,-14,229,32" /><INIT seed="3,0,0,5,1,2" ten="151,266,322,261" oya="3" hai0="54,18,30,21,99,82,63,33,93,85,46,66,134" hai1="61,111,72,89,80,1,74,79,101,27,34,13,38" hai2="32,15,52,40,62,88,96,25,28,58,3,31,123" hai3="86,112,50,22,45,135,42,56,98,69,55,124,67"/><W49/><G112/><T120/><D120/><U23/><E38/><V84/><F3/><W105/><G124/><T115/><D134/><U77/><E111/><V60/><F123/><W53/><G135/><T7/><D115/><U70/><E1/><V39/><F31/><W92/><G105/><T0/><D33/><U127/><E127/><V16/><F96/><W107/><G107/><T131/><D30/><U109/><E109/><V126/><F126/><W19/><G69/><T122/><D131/><U71/><E101/><V47/><F62/><N who="3" m="38343" /><G50/><T59/><D122/><U36/><E36/><V43/><F43/><W103/><G86/><T12/><D46/><U90/><E71/><V114/><F114/><W35/><G35/><T121/><D121/><U130/><E130/><V108/><F108/><W119/><G119/><T4/><D0/><U51/><E51/><V24/><F24/><AGARI ba="0,0" hai="19,22,24,42,45,49,53,55,92,98,103" m="38343" machi="24" ten="30,1500,0" yaku="8,1" doraHai="2" who="3" fromWho="2" sc="151,0,266,0,322,-15,261,15" /><INIT seed="3,1,0,3,0,126" ten="151,266,307,276" oya="3" hai0="132,29,28,80,123,9,97,26,83,20,98,7,71" hai1="117,46,30,87,17,77,14,11,57,53,82,49,42" hai2="18,12,91,95,39,131,120,58,111,54,16,62,40" hai3="52,45,134,10,68,127,78,121,72,8,63,110,2"/><W5/><G121/><T104/><D123/><U15/><E117/><V43/><F111/><W99/><G127/><T1/><D132/><U64/><E64/><V90/><F120/><W107/><G134/><T41/><D71/><U6/><E30/><V128/><F18/><W74/><G78/><T116/><D116/><U34/><E34/><V33/><F33/><W113/><G113/><T118/><D118/><U32/><E32/><V94/><F94/><W75/><G10/><T96/><D104/><U85/><E87/><V47/><F43/><W21/><G21/><T86/><D41/><U67/><E67/><V13/><F13/><W84/><G84/><T100/><D100/><U59/><REACH who="1" step="1"/><E53/><REACH who="1" ten="151,256,307,276" step="2"/><V73/><F73/><W19/><G75/><T103/><D29/><U101/><E101/><V81/><F81/><W106/><G74/><T66/><D66/><U129/><E129/><N who="2" m="49739" /><F95/><W27/><G72/><T38/><D80/><U88/><E88/><V89/><F89/><W92/><G92/><T76/><D103/><U48/><E48/><V65/><F65/><W93/><G93/><T22/><D38/><U135/><E135/><V124/><F124/><W79/><G107/><T60/><D83/><U56/><E56/><V0/><F0/><W35/><G35/><T105/><D1/><U114/><E114/><V23/><AGARI ba="1,1" hai="12,16,23,39,40,47,54,58,62,90,91" m="49739" machi="23" ten="30,8000,1" yaku="19,1,52,3,54,1" doraHai="126" who="2" fromWho="2" sc="151,-21,256,-21,307,93,276,-41" /><INIT seed="4,0,0,4,0,91" ten="130,235,400,235" oya="0" hai0="13,65,14,125,39,88,44,135,74,56,27,1,34" hai1="46,129,95,116,79,67,133,5,24,40,76,85,119" hai2="110,9,94,101,47,20,53,63,23,29,62,31,80" hai3="19,98,126,70,55,59,103,100,30,3,43,17,38"/><T4/><D74/><U105/><E105/><V118/><F9/><W102/><G70/><T107/><D107/><U15/><E67/><V84/><F80/><W6/><G126/><T11/><D135/><U112/><E133/><V10/><F10/><W73/><G73/><T123/><D123/><U89/><E129/><V18/><F110/><W93/><G30/><T114/><D114/><U32/><E112/><V45/><F84/><W52/><G3/><T42/><D125/><U54/><E32/><V22/><F22/><W132/><G6/><T71/><D71/><U83/><E24/><V90/><F90/><W69/><G69/><T109/><D109/><U104/><E104/><V60/><F60/><W86/><G86/><T87/><D56/><U117/><E54/><V128/><F101/><W2/><G2/><T41/><D41/><U48/><E5/><V122/><F53/><W108/><G132/><T75/><D65/><U82/><E15/><V113/><F18/><N who="3" m="6667" /><G38/><T0/><D75/><U134/><E134/><V25/><F113/><W92/><G43/><T111/><D1/><U50/><E50/><V8/><F8/><W115/><G108/><T21/><D34/><U64/><E64/><V33/><F33/><W78/><G115/><T12/><D111/><U35/><E35/><V49/><F122/><W51/><G78/><T36/><D36/><U120/><E120/><V68/><F68/><W26/><G26/><T66/><D66/><U7/><E7/><V97/><F25/><W106/><G55/><T81/><D27/><U131/><E131/><V121/><F128/><RYUUKYOKU ba="0,0" sc="130,10,235,10,400,-30,235,10" hai0="0,4,11,12,13,14,21,39,42,44,81,87,88" hai1="40,46,48,76,79,82,83,85,89,95,116,117,119" hai3="51,52,59,92,93,98,100,102,103,106" /><INIT seed="4,1,0,5,4,45" ten="140,245,370,245" oya="0" hai0="93,97,71,132,36,76,35,31,115,57,107,64,69" hai1="104,84,92,13,18,99,77,113,26,47,39,87,106" hai2="37,33,124,1,117,118,68,86,83,5,127,52,101" hai3="48,100,62,32,120,135,15,50,111,95,7,56,22"/><T49/><D36/><U133/><E133/><V82/><F68/><W38/><G32/><T55/><D107/><U67/><E67/><V134/><F37/><W46/><G111/><T60/><D132/><U128/><E128/><V94/><F33/><W61/><G135/><T29/><D115/><U51/><E39/><V80/><F134/><W122/><G38/><T65/><D76/><U109/><E109/><V88/><F101/><W116/><G116/><N who="2" m="44649" /><F5/><W105/><G105/><T119/><D119/><U114/><E26/><V108/><F1/><W11/><G22/><T34/><D34/><U14/><E14/><V16/><F108/><W2/><G2/><T27/><D29/><U75/><E104/><V125/><F16/><N who="3" m="8319" /><G46/><T121/><D65/><U81/><E106/><V90/><F52/><N who="3" m="33927" /><G62/><T0/><D0/><U123/><E123/><N who="3" m="47146" /><G7/><T63/><D121/><U28/><E28/><V21/><F21/><W78/><G78/><T131/><D131/><U54/><E113/><V91/><AGARI ba="1,0" hai="80,82,83,86,88,90,91,94,124,125,127" m="44649" machi="91" ten="40,8000,1" yaku="18,1,12,1,34,2,54,1" doraHai="45" who="2" fromWho="2" sc="140,-41,245,-21,370,83,245,-21" /><INIT seed="5,0,0,4,3,40" ten="99,224,453,224" oya="1" hai0="120,65,100,90,0,102,72,2,93,125,61,75,32" hai1="45,129,123,52,49,37,107,35,101,21,103,31,80" hai2="115,43,73,88,48,121,111,104,57,5,99,36,18" hai3="112,82,94,87,62,76,128,96,20,56,58,63,116"/><U74/><E123/><V39/><F111/><W30/><G112/><T26/><D125/><U79/><E35/><V113/><F73/><W114/><G114/><N who="2" m="43529" /><F5/><W91/><G128/><T119/><D119/><U83/><E129/><V86/><F18/><W85/><G116/><T13/><D120/><U4/><E107/><V23/><F23/><W16/><G30/><T12/><D72/><U3/><E37/><V33/><F33/><W22/><G87/><T6/><D75/><U7/><E3/><V25/><F25/><W135/><G135/><T11/><D2/><U81/><E74/><V67/><F67/><W66/><G16/><T8/><D26/><N who="1" m="16847" /><E79/><V84/><F84/><W118/><G118/><T124/><D32/><U134/><E134/><V69/><F69/><W14/><REACH who="3" step="1"/><G14/><REACH who="3" ten="99,224,453,214" step="2"/><T71/><D0/><U34/><E34/><V15/><F15/><W19/><G19/><T55/><D13/><U64/><E64/><AGARI ba="0,1" hai="20,22,56,58,62,63,64,66,76,82,85,91,94,96" machi="64" ten="30,7700,0" yaku="1,1,7,1,9,1,8,1,53,0" doraHai="40" doraHaiUra="50" who="3" fromWho="1" sc="99,0,224,-77,453,0,214,87" /><INIT seed="6,0,0,3,2,103" ten="99,147,453,301" oya="2" hai0="88,91,19,39,82,123,69,29,37,64,111,32,119" hai1="70,106,125,3,6,44,61,94,66,18,100,73,104" hai2="36,108,7,47,20,13,130,120,99,35,135,127,54" hai3="48,8,83,75,23,52,132,97,110,90,89,59,34"/><V81/><F120/><W71/><G34/><T84/><D123/><U22/><E73/><V80/><F35/><W72/><G71/><T62/><D111/><U101/><E125/><V134/><F127/><W124/><G110/><T113/><D113/><U50/><E6/><V17/><F108/><W42/><G124/><T31/><D119/><U58/><E3/><V95/><F130/><W16/><G132/><T68/><D68/><U133/><E133/><V109/><F109/><W131/><G42/><T128/><D128/><U116/><E116/><V2/><F2/><W45/><G8/><T27/><D31/><U9/><E9/><V38/><F7/><W33/><G33/><T26/><D26/><U0/><E0/><V49/><F38/><W56/><G75/><T105/><D105/><U14/><E70/><V51/><F36/><W28/><G28/><T53/><D19/><U11/><E11/><V79/><F51/><W114/><G114/><T43/><D43/><U10/><E10/><V25/><F25/><N who="3" m="14567" /><G72/><T46/><D46/><U122/><E122/><V1/><F1/><W21/><G21/><T87/><REACH who="0" step="1"/><D53/><REACH who="0" ten="89,147,453,301" step="2"/><U86/><E106/><V92/><F135/><W96/><G131/><T60/><D60/><U107/><E107/><V4/><F54/><W85/><G45/><T40/><D40/><N who="1" m="24839" /><E104/><V41/><F41/><W76/><G56/><T115/><D115/><U78/><E61/><V98/><F47/><W63/><G63/><T118/><D118/><U12/><E58/><V67/><F134/><W121/><G121/><T117/><D117/><U24/><E24/><RYUUKYOKU ba="0,1" sc="89,15,147,-15,453,-15,301,15" hai0="27,29,32,37,39,62,64,69,82,84,87,88,91" hai3="48,52,59,76,83,85,89,90,96,97" /><INIT seed="7,1,1,4,4,53" ten="104,132,438,316" oya="3" hai0="14,79,45,132,125,49,12,27,110,111,31,48,93" hai1="75,21,68,41,11,76,102,115,64,80,103,36,62" hai2="133,69,70,130,32,86,135,116,65,90,42,0,78" hai3="51,56,35,40,113,84,46,57,63,38,19,8,33"/><W37/><G113/><T59/><D111/><U13/><E115/><V1/><F116/><W39/><G84/><T120/><D110/><U15/><E36/><V112/><F78/><W30/><G63/><T101/><D120/><U129/><E41/><V108/><F108/><W5/><G19/><T73/><D73/><U67/><E67/><V26/><F42/><W89/><G89/><T114/><D114/><U122/><E129/><V18/><F130/><W128/><G128/><T109/><D109/><U10/><E122/><V22/><F32/><W47/><G47/><T29/><D132/><N who="2" m="50762" /><F112/><W126/><G126/><T4/><D125/><U34/><E21/><V123/><F123/><W88/><G88/><T105/><D105/><U82/><E34/><V55/><F55/><W85/><G85/><T25/><D79/><U77/><E77/><V6/><F6/><W23/><G23/><T124/><D124/><U44/><E82/><N who="2" m="49495" /><F65/><W17/><G17/><T2/><D2/><AGARI ba="1,1" hai="0,1,2,18,22,26,69,70" m="49495,50762" machi="2" ten="30,1000,0" yaku="20,1" doraHai="53" who="2" fromWho="0" sc="104,-13,132,0,438,23,316,0" owari="91,-41.0,132,-27.0,461,56.0,316,12.0" /></mjloggm>