<mjloggm ver="2.3"><GO type="169" lobby="0"/><UN n0="%4E%4F%2E%E2%85%A0" n1="%E3%82%84%E3%81%BE%E3%83%BC%E3%82%93" n2="%E3%81%B4%E3%83%BC%E3%81%8A%E3%81%8B" n3="%E5%8D%97%E5%B8%9D%E5%8D%97%E6%B5%A6" dan="16,19,16,16" rate="2213.61,2295.64,2165.98,2081.30" sx="M,M,M,F"/><TAIKYOKU oya="0"/><INIT seed="0,0,0,2,3,19" ten="250,250,250,250" oya="0" hai0="53,65,58,128,104,107,76,82,40,1,117,116,86" hai1="133,75,66,3,83,90,123,96,115,39,88,60,97" hai2="25,12,14,29,30,37,28,55,42,6,57,41,126" hai3="122,85,105,27,111,4,95,24,124,13,92,112,21"/><T23/><D128/><U78/><E123/><V31/><F126/><W74/><G112/><T56/><D1/><U109/><E115/><V80/><F80/><W94/><G74/><T22/><D40/><U52/><E39/><V98/><F98/><W81/><G111/><T102/><D65/><U99/><E109/><V63/><F37/><W59/><G105/><T130/><D130/><U15/><E3/><V64/><F55/><W72/><G72/><T91/><D91/><U35/><E35/><V108/><F108/><W33/><G122/><T32/><D32/><U18/><E133/><V20/><F14/><W0/><G124/><T8/><D8/><AGARI ba="0,0" hai="6,8,12,20,25,28,29,30,31,41,42,57,63,64" machi="8" ten="40,2600,0" yaku="8,1,52,1" doraHai="19" who="2" fromWho="0" sc="250,-26,250,0,250,26,250,0" /><INIT seed="1,0,0,4,3,44" ten="224,250,276,250" oya="1" hai0="52,80,88,78,106,110,43,69,123,109,83,99,10" hai1="1,132,16,119,6,27,135,118,75,89,111,36,90" hai2="73,2,68,40,74,65,41,121,15,35,57,37,50" hai3="19,134,125,53,130,62,42,96,79,63,98,131,64"/><U32/><E75/><V11/><F35/><W17/><G79/><T46/><D69/><U94/><E36/><V86/><F2/><W87/><G87/><T93/><D123/><U101/><E101/><V49/><F121/><W9/><G42/><T18/><D106/><U104/><E104/><V26/><F26/><W81/><G81/><T133/><D133/><N who="1" m="51275" /><E90/><V100/><F100/><W127/><G134/><T67/><D67/><U22/><E111/><N who="0" m="42505" /><D52/><U45/><E45/><V76/><F68/><W117/><G53/><T55/><D55/><U122/><E122/><V97/><F97/><W0/><G117/><N who="1" m="44554" /><E89/><V84/><F37/><W91/><G91/><T4/><D18/><U124/><E94/><V129/><F57/><W105/><G105/><T14/><D78/><U66/><E66/><V116/><F76/><W120/><G64/><T20/><D20/><U85/><E85/><V7/><F65/><W60/><G120/><T113/><D113/><U39/><E39/><AGARI ba="0,0" hai="4,10,14,39,43,46,80,83,88,93,99" m="42505" machi="39" ten="30,2000,0" yaku="14,1,54,1" doraHai="44" who="0" fromWho="1" sc="224,20,250,-20,276,0,250,0" /><INIT seed="2,0,0,1,4,38" ten="244,230,276,250" oya="2" hai0="94,3,59,41,53,92,60,88,93,58,0,28,77" hai1="12,71,122,47,42,97,39,40,55,51,37,1,29" hai2="109,85,113,8,23,19,103,11,5,89,119,110,106" hai3="134,2,45,46,79,27,34,121,63,32,82,83,118"/><V31/><F113/><W22/><G121/><T56/><D77/><U131/><E1/><V84/><F119/><W80/><G118/><T13/><D28/><U20/><E122/><V132/><F31/><W120/><G120/><T104/><D104/><U127/><E71/><V117/><F117/><W64/><G2/><T10/><D0/><U107/><E127/><V112/><F112/><W101/><G101/><T54/><D3/><U68/><E68/><V100/><F5/><W81/><G134/><T67/><D41/><N who="1" m="15979" /><E107/><V62/><F62/><W33/><N who="3" m="20480" /><DORA hai="73" /><W86/><G86/><T35/><D35/><U115/><E39/><V50/><F50/><W18/><REACH who="3" step="1"/><G79/><REACH who="3" ten="244,230,276,240" step="2"/><T108/><D88/><U6/><E115/><V130/><F89/><W72/><G72/><T75/><D75/><U57/><E131/><V114/><F114/><W30/><G30/><T74/><D74/><U16/><E37/><V24/><F130/><W49/><G49/><T125/><D125/><U14/><E29/><V105/><F132/><W69/><AGARI ba="0,1" hai="18,22,27,32,33,34,45,46,63,64,69" m="20480" machi="69" ten="50,3200,0" yaku="1,1,0,1,53,0" doraHai="38,73" doraHaiUra="116,9" who="3" fromWho="3" sc="244,-8,230,-8,276,-16,240,42" /><INIT seed="3,0,0,2,0,1" ten="236,222,260,282" oya="3" hai0="74,26,101,112,68,48,25,21,9,65,120,105,133" hai1="67,11,130,45,4,85,131,91,5,54,102,88,41" hai2="14,79,127,92,6,95,7,66,27,46,119,126,116" hai3="108,10,122,76,63,33,53,70,0,78,104,80,22"/><W121/><G104/><T114/><D120/><U106/><E67/><V129/><F79/><W35/><G108/><T128/><D74/><U81/><E54/><V71/><F14/><W61/><G53/><T135/><D128/><N who="1" m="49195" /><E11/><V24/><F129/><W125/><G22/><T113/><D101/><U77/><E102/><V18/><F66/><W31/><G31/><T16/><D105/><U38/><E106/><V58/><F58/><W52/><G52/><T13/><D48/><U132/><E132/><N who="0" m="50761" /><D9/><U44/><E45/><V40/><F18/><W109/><G10/><T50/><D50/><U90/><AGARI ba="0,0" hai="4,5,38,41,44,77,81,85,88,90,91" m="49195" machi="90" ten="30,7900,0" yaku="19,1,52,2,54,1" doraHai="1" who="1" fromWho="1" sc="236,-20,222,79,260,-20,282,-39" /><INIT seed="4,0,0,0,1,106" ten="216,301,240,243" oya="0" hai0="117,74,69,24,100,22,125,28,70,13,56,60,76" hai1="72,35,54,38,66,40,18,67,128,17,110,48,20" hai2="27,88,120,41,26,104,49,90,68,87,124,78,31" hai3="57,115,39,33,1,29,97,112,135,116,6,108,133"/><T99/><D117/><U16/><E110/><V32/><F120/><W85/><G39/><T10/><D125/><U121/><E35/><V102/><F124/><W107/><G85/><T36/><D36/><U42/><E72/><V53/><F68/><W62/><G116/><T4/><D76/><U37/><E128/><V83/><F41/><N who="1" m="15977" /><E38/><V80/><F26/><N who="3" m="18615" /><G108/><T109/><D74/><U89/><E37/><V23/><F32/><W103/><G57/><T30/><D30/><U0/><E0/><V12/><F12/><W59/><G62/><T34/><D34/><U47/><E121/><V82/><F82/><W134/><G59/><T130/><D130/><U73/><E73/><V84/><F104/><W86/><G86/><T3/><D3/><U131/><E89/><V94/><F102/><W21/><G21/><T127/><D127/><U93/><E93/><V14/><F14/><W5/><G1/><T11/><D11/><U65/><E131/><V44/><F94/><W46/><G46/><T92/><REACH who="0" step="1"/><D109/><REACH who="0" ten="206,301,240,243" step="2"/><U2/><E2/><V91/><AGARI ba="0,1" hai="23,27,31,44,49,53,78,80,83,84,87,88,90,91" machi="91" ten="20,5200,0" yaku="0,1,7,1,8,1,54,1" doraHai="106" who="2" fromWho="2" sc="206,-26,301,-13,240,62,243,-13" /><INIT seed="5,0,0,3,3,92" ten="180,288,302,230" oya="1" hai0="79,111,27,38,58,29,53,107,20,123,125,126,66" hai1="62,42,91,4,24,2,9,124,64,93,118,59,45" hai2="21,121,32,134,73,46,119,100,72,82,48,78,85" hai3="41,112,30,74,87,47,130,34,71,128,40,60,11"/><U15/><E124/><N who="0" m="47721" /><D111/><U8/><E24/><V61/><F119/><W25/><G112/><T56/><D38/><U18/><E118/><V51/><F121/><W122/><G122/><T80/><D123/><U14/><E2/><V22/><F32/><W52/><G74/><N who="0" m="43127" /><D66/><U106/><E106/><V103/><F134/><W68/><G87/><T44/><D107/><U12/><E8/><V69/><F72/><W6/><G41/><T129/><D129/><U89/><E89/><V33/><F33/><W104/><G104/><T83/><D83/><U81/><E81/><V17/><F22/><W54/><G71/><T5/><D5/><U110/><E4/><V95/><F73/><W55/><G68/><T131/><D131/><U31/><E31/><V94/><F61/><W96/><G96/><T67/><D67/><U26/><E26/><N who="2" m="14639" /><F51/><AGARI ba="0,0" hai="20,27,29,44,51,53,56,58" m="43127,47721" machi="51" ten="30,1000,0" yaku="18,1" doraHai="92" who="0" fromWho="2" sc="180,10,288,0,302,-10,230,0" /><INIT seed="6,0,0,0,3,120" ten="190,288,292,230" oya="2" hai0="80,59,5,10,3,4,92,101,0,99,14,6,103" hai1="26,49,18,12,115,74,79,16,95,52,60,61,126" hai2="54,109,48,38,7,42,91,20,127,50,28,35,70" hai3="63,100,108,9,129,40,98,45,83,85,110,78,106"/><V39/><F127/><W8/><G129/><T105/><BYE who="3" /><D105/><U15/><E115/><V104/><F70/><W11/><G11/><T23/><D103/><U67/><E74/><UN n3="%E5%8D%97%E5%B8%9D%E5%8D%97%E6%B5%A6" /><V117/><F117/><W90/><G63/><N who="1" m="24138" /><E126/><V43/><F104/><W64/><G64/><T27/><D59/><N who="1" m="33167" /><E79/><V96/><F7/><W128/><G128/><T102/><D102/><U32/><E32/><V113/><F35/><W68/><G68/><T97/><D97/><U65/><E26/><V57/><F96/><W29/><G29/><T94/><D94/><U82/><E82/><V47/><F20/><W132/><G132/><T31/><REACH who="0" step="1"/><D80/><REACH who="0" ten="180,288,292,230" step="2"/><U44/><E95/><V93/><F93/><W58/><G58/><T24/><D24/><U56/><E56/><V75/><F57/><W2/><G78/><T66/><D66/><U36/><E67/><V118/><F118/><W30/><G106/><T21/><D21/><U130/><E65/><V19/><F113/><W1/><G100/><T62/><D62/><U46/><E130/><V81/><F81/><W133/><G98/><T131/><D131/><U123/><E44/><V125/><F47/><W87/><G45/><T121/><D121/><U119/><E123/><V71/><F71/><W122/><G83/><T76/><D76/><U116/><E46/><V124/><F124/><W53/><G122/><T37/><D37/><U89/><E36/><V73/><F38/><W22/><G22/><T114/><D114/><U41/><E116/><V17/><F39/><W84/><G90/><T86/><D86/><U55/><E119/><V51/><F91/><RYUUKYOKU ba="0,1" sc="180,30,288,-10,292,-10,230,-10" hai0="0,3,4,5,6,10,14,23,27,31,92,99,101" /><INIT seed="7,1,1,5,1,56" ten="210,278,282,220" oya="3" hai0="99,89,63,94,46,120,133,22,85,12,35,81,107" hai1="31,18,90,57,97,52,76,25,82,6,88,64,13" hai2="15,78,84,69,135,3,67,60,116,53,2,123,68" hai3="0,51,72,112,71,48,45,83,114,29,1,9,113"/><W59/><G29/><T42/><D120/><U129/><E64/><V121/><F116/><W50/><G71/><T132/><D35/><U91/><E6/><V21/><F69/><W134/><G134/><N who="0" m="51819" /><D107/><U10/><E97/><V80/><F135/><W98/><G98/><T58/><D12/><U92/><E92/><V20/><F53/><W73/><G59/><T17/><D22/><N who="2" m="8810" /><F15/><W28/><G28/><T26/><D17/><U127/><E127/><V117/><F117/><W14/><G45/><T70/><D26/><U79/><E129/><V4/><F4/><W126/><G126/><T65/><D70/><U24/><E31/><V93/><F93/><W106/><G106/><T30/><D30/><U110/><E110/><V19/><F19/><N who="3" m="8655" /><G83/><T47/><D42/><U44/><E44/><V131/><F131/><W122/><G122/><AGARI ba="1,1" hai="2,3,60,67,68,78,80,84,121,122,123" m="8810" machi="122" ten="30,2000,0" yaku="13,1,52,1" doraHai="56" who="2" fromWho="3" sc="210,0,278,0,282,33,220,-23" owari="210,-19.0,278,8.0,315,41.0,197,-30.0" /></mjloggm>