<mjloggm ver="2.3"><GO type="225" lobby="0"/><UN n0="%E5%B7%A5%E8%97%A4%E6%96%B0%E4%B8%80" n1="%E3%82%8F%E3%81%A3%E3%81%97%E3%82%87%E3%81%84%E5%90%9B%32%E5%8F%B7" n2="%E6%96%87%E8%B1%AA" n3="%E3%81%BF%E3%81%BF%E3%81%9A" dan="16,17,16,16" rate="2087.62,2292.21,2052.32,2210.79" sx="M,M,M,M"/><TAIKYOKU oya="0"/><INIT seed="0,0,0,1,4,34" ten="250,250,250,250" oya="0" hai0="102,5,30,17,3,29,92,107,35,68,13,0,79" hai1="9,106,85,56,21,72,51,128,19,95,32,63,54" hai2="49,8,96,47,94,131,45,55,60,12,101,108,103" hai3="36,118,134,88,50,98,104,65,2,91,77,115,10"/><T70/><D107/><U74/><E106/><V71/><F108/><W132/><G36/><T81/><D92/><U58/><E32/><V86/><F131/><W116/><G115/><T52/><D102/><U99/><E128/><V90/><F71/><W42/><G65/><T38/><D38/><U37/><E37/><V113/><F113/><W6/><G77/><T80/><D5/><U112/><E9/><V87/><F60/><W33/><G33/><T24/><D29/><U39/><E39/><V31/><F47/><N who="3" m="25975" /><G104/><T119/><D119/><N who="3" m="45609" /><G98/><T57/><D70/><U64/><E112/><V82/><F31/><W84/><G84/><T120/><D68/><U133/><E133/><AGARI ba="0,0" hai="2,6,10,88,91,132,133,134" m="45609,25975" machi="133" ten="30,3900,0" yaku="20,1,52,1,54,1" doraHai="34" who="3" fromWho="1" sc="250,0,250,-39,250,0,250,39" /><INIT seed="1,0,0,2,0,33" ten="250,211,250,289" oya="1" hai0="103,63,12,3,100,111,1,54,19,105,56,59,37" hai1="129,27,51,68,5,41,62,53,34,127,18,76,25" hai2="99,90,80,124,22,72,97,21,8,49,102,31,110" hai3="96,69,133,108,45,20,9,83,86,88,52,35,82"/><U39/><E127/><V92/><F110/><W67/><G35/><T50/><D111/><U61/><E129/><V131/><F124/><W30/><G108/><T7/><D37/><U128/><E128/><V121/><F121/><W125/><G125/><T130/><D130/><U91/><E76/><V46/><F131/><W123/><G123/><T16/><D19/><U81/><E5/><V94/><F31/><W11/><G133/><T40/><D7/><U48/><E39/><V74/><F8/><N who="3" m="3147" /><G69/><T32/><D32/><U14/><E41/><V73/><REACH who="2" step="1"/><F80/><REACH who="2" ten="250,211,240,289" step="2"/><N who="3" m="49223" /><G96/><T2/><D105/><U132/><E132/><V122/><F122/><W109/><G109/><T79/><D79/><U6/><E81/><V89/><F89/><W115/><G115/><T75/><D75/><U126/><E91/><V36/><F36/><W47/><G83/><T114/><D114/><U24/><E126/><V64/><F64/><W13/><G67/><T135/><D135/><U15/><E34/><V104/><F104/><W116/><G82/><T0/><N who="0" m="0" /><DORA hai="10" /><T65/><REACH who="0" step="1"/><D40/><AGARI ba="0,1" hai="21,22,40,46,49,72,73,74,90,92,94,97,99,102" machi="40" ten="40,2600,0" yaku="1,1,53,1" doraHai="33,10" doraHaiUra="87,120" who="2" fromWho="0" sc="250,-26,211,0,240,36,289,0" /><INIT seed="2,0,0,4,3,80" ten="224,211,276,289" oya="2" hai0="121,45,116,10,48,115,88,71,92,57,105,3,117" hai1="70,131,97,34,2,13,17,64,120,119,66,24,118" hai2="98,40,93,52,55,103,90,79,89,84,113,36,43" hai3="51,111,39,122,94,108,42,125,62,83,44,23,135"/><V25/><F113/><W15/><G122/><T28/><D121/><U85/><E120/><V130/><F130/><W63/><G135/><T12/><D115/><U69/><E131/><V1/><F1/><W74/><G125/><T54/><D71/><U101/><E2/><V16/><F79/><N who="3" m="44535" /><G94/><T109/><D109/><N who="3" m="42057" /><G39/><T75/><D75/><U20/><E70/><V33/><F33/><W100/><G100/><T47/><D28/><N who="1" m="19719" /><E66/><V107/><F90/><W6/><G23/><T110/><D105/><N who="1" m="63663" /><E85/><V106/><F106/><W14/><G14/><T5/><D12/><U19/><E17/><V127/><F127/><W72/><G72/><T53/><D110/><U129/><E129/><V65/><F65/><W86/><G86/><N who="0" m="52247" /><D53/><N who="2" m="20554" /><F36/><W112/><G112/><T31/><D31/><U102/><E102/><V7/><F107/><W26/><G26/><T77/><D77/><U60/><AGARI ba="0,0" hai="13,19,20,60,64,69,118,119" m="63663,19719" machi="60" ten="30,1100,0" yaku="25,1" doraHai="80" who="1" fromWho="1" sc="224,-3,211,11,276,-5,289,-3" /><INIT seed="3,0,0,1,4,54" ten="221,222,271,286" oya="3" hai0="135,70,109,95,8,30,49,9,62,10,80,17,39" hai1="36,43,53,69,44,55,61,114,82,14,27,68,110" hai2="83,113,20,47,100,125,74,75,111,33,117,64,65" hai3="22,25,119,133,72,26,48,76,12,93,112,90,3"/><W4/><G112/><T6/><D109/><U132/><E114/><V35/><F117/><W123/><G119/><T31/><D135/><U84/><E132/><V96/><F20/><W11/><G133/><T1/><D39/><U66/><E110/><V57/><F47/><W79/><G123/><T130/><D130/><U87/><E69/><V19/><F19/><W40/><G3/><T134/><D134/><U77/><E27/><N who="3" m="10250" /><G72/><T63/><D80/><U51/><E87/><V98/><F113/><W60/><G60/><T88/><D49/><U102/><E102/><V121/><F83/><W18/><G4/><T37/><D37/><U86/><E86/><V0/><F0/><W56/><G11/><T67/><D62/><U28/><E28/><V124/><F111/><W42/><G56/><T127/><D127/><U92/><E92/><V129/><F129/><W126/><G126/><T73/><D73/><U15/><E55/><V24/><F121/><W104/><G104/><T118/><D118/><U128/><E128/><V2/><F100/><W59/><G40/><T58/><D70/><U108/><E108/><V13/><F125/><W99/><G42/><T101/><D101/><U7/><E7/><V38/><F124/><W29/><G29/><N who="0" m="10763" /><D9/><U85/><E85/><V16/><F75/><W120/><G120/><T115/><D115/><U105/><E105/><V116/><F116/><W45/><G45/><AGARI ba="0,0" hai="14,15,36,43,44,45,51,53,61,66,68,77,82,84" machi="45" ten="30,1000,0" yaku="7,1" doraHai="54" who="1" fromWho="3" sc="221,0,222,10,271,0,286,-10" /><INIT seed="4,0,0,4,4,22" ten="221,232,271,276" oya="0" hai0="109,100,87,13,98,29,38,69,46,62,119,101,84" hai1="79,94,44,125,14,8,55,24,23,20,50,9,2" hai2="92,39,72,133,71,115,45,6,76,7,85,116,12" hai3="123,31,111,51,18,43,117,35,86,83,59,53,82"/><T102/><D119/><U58/><E125/><V70/><F72/><W33/><G117/><T34/><D109/><U26/><E2/><V134/><F116/><W108/><G83/><T91/><D13/><U120/><E120/><V90/><F76/><W124/><G124/><T21/><D34/><U42/><E79/><V41/><F115/><W131/><G123/><T0/><D0/><U93/><E8/><N who="2" m="4119" /><F7/><W3/><G3/><T97/><D69/><U135/><E135/><V78/><F78/><W54/><G43/><T112/><D112/><U107/><E107/><V30/><F30/><W73/><G73/><T17/><D29/><N who="1" m="17543" /><E14/><V63/><F63/><W61/><G31/><T74/><D74/><U110/><E9/><V126/><F126/><W88/><G131/><T129/><D129/><U40/><E110/><V64/><F71/><W32/><REACH who="3" step="1"/><G18/><REACH who="3" ten="221,232,271,266" step="2"/><T99/><D38/><U67/><E42/><V65/><F134/><W16/><G16/><T27/><D46/><AGARI ba="0,1" hai="32,33,35,46,51,53,54,59,61,82,86,88,108,111" machi="46" ten="40,2600,0" yaku="1,1,54,1,53,0" doraHai="22" doraHaiUra="4" who="3" fromWho="0" sc="221,-26,232,0,271,0,266,36" owari="195,-30.0,232,-17.0,271,7.0,302,40.0" /></mjloggm>