<mjloggm ver="2.3"><GO type="169" lobby="0"/><UN n0="%6F%63%69%6E%70%6F%70%6F" n1="%69%70%73%E6%88%A6%E5%A3%AB" n2="%E3%81%8B%E3%81%8B%E3%81%8B%E3%81%8B" n3="%E8%A1%9B%E8%97%A4%E7%BE%8E%E5%BD%A9" dan="17,16,16,16" rate="2115.49,2014.59,2132.71,2128.19" sx="F,M,M,M"/><TAIKYOKU oya="0"/><INIT seed="0,0,0,1,5,25" ten="250,250,250,250" oya="0" hai0="13,69,1,108,53,97,125,51,121,92,131,61,79" hai1="116,7,62,37,100,21,106,40,128,52,17,26,45" hai2="19,130,39,31,4,73,83,109,88,63,76,122,54" hai3="112,24,6,43,86,87,27,102,93,8,57,2,120"/><T60/><D121/><U78/><E116/><V96/><F122/><W80/><G120/><T34/><D1/><U10/><E128/><V66/><F39/><W117/><G117/><T127/><D34/><U64/><E78/><V114/><F114/><W9/><G112/><T98/><D131/><U33/><E33/><V36/><F36/><W91/><G43/><T44/><D79/><U22/><E22/><V16/><F130/><W133/><G133/><T129/><D129/><U38/><E100/><V29/><F4/><W12/><G57/><T14/><D97/><U103/><E103/><V41/><F54/><W113/><G113/><T126/><D108/><U48/><E106/><V67/><F41/><W56/><G56/><T111/><D111/><U71/><REACH who="1" step="1"/><E40/><REACH who="1" ten="250,240,250,250" step="2"/><V58/><F109/><W82/><G102/><N who="0" m="60743" /><D69/><U49/><E49/><V89/><F66/><W124/><G124/><T50/><D51/><U35/><E35/><V115/><F115/><W18/><REACH who="3" step="1"/><G93/><REACH who="3" ten="250,240,250,240" step="2"/><T101/><D101/><U75/><E75/><V15/><F73/><W85/><G85/><T55/><D60/><U46/><E46/><V118/><F118/><W5/><G5/><T90/><D125/><U3/><AGARI ba="0,2" hai="3,7,10,17,21,26,37,38,45,48,52,62,64,71" machi="3" ten="20,8000,1" yaku="1,1,0,1,7,1,54,1,53,1" doraHai="25" doraHaiUra="23" who="1" fromWho="1" sc="250,-40,240,100,250,-20,240,-20" /><INIT seed="1,0,0,4,1,80" ten="210,340,230,220" oya="1" hai0="119,16,81,89,117,72,112,71,113,58,25,28,0" hai1="70,128,13,109,121,82,48,34,9,76,5,31,129" hai2="37,23,100,18,52,94,65,101,105,62,40,56,92" hai3="6,49,111,88,14,122,93,47,95,75,33,27,67"/><U103/><E121/><V74/><F74/><W54/><G122/><T96/><D71/><U126/><E70/><V46/><F105/><W110/><G75/><T22/><D0/><U133/><E103/><V32/><F32/><W1/><G1/><T127/><D127/><U125/><E109/><N who="3" m="41482" /><G67/><T39/><D39/><U45/><E31/><V26/><F92/><W98/><G33/><T15/><D112/><U84/><E34/><V78/><F78/><W8/><G95/><T116/><D113/><U4/><E4/><V19/><F19/><W10/><G8/><T114/><D114/><U42/><E133/><V120/><F120/><W83/><G83/><T85/><D72/><U59/><E59/><V69/><REACH who="2" step="1"/><F94/><REACH who="2" ten="210,340,220,220" step="2"/><W30/><G30/><T135/><D135/><U11/><E11/><V87/><F87/><N who="3" m="52383" /><G27/><T107/><D107/><U130/><AGARI ba="0,1" hai="5,9,13,42,45,48,76,82,84,125,126,128,129,130" machi="130" ten="40,12000,1" yaku="0,1,25,2,19,1,52,1" doraHai="80" who="1" fromWho="1" sc="210,-40,340,130,220,-40,220,-40" /><INIT seed="1,1,0,0,0,11" ten="170,470,180,180" oya="1" hai0="92,124,41,39,1,110,14,32,125,79,122,115,25" hai1="109,52,23,72,43,116,81,78,9,35,8,10,42" hai2="62,132,13,106,45,24,31,21,17,58,44,103,121" hai3="123,4,101,120,33,129,22,102,47,36,68,55,93"/><U85/><E35/><V28/><F121/><W5/><G33/><T38/><D1/><U12/><E116/><V57/><F132/><W26/><G68/><T127/><D115/><U77/><E109/><V51/><F31/><W108/><G108/><T20/><D110/><U90/><E72/><V113/><F113/><W7/><G129/><T54/><D41/><N who="1" m="15371" /><E52/><N who="2" m="31903" /><F103/><W75/><G75/><T66/><D66/><U130/><E130/><V98/><F98/><W134/><G134/><T61/><D79/><N who="1" m="30219" /><E23/><N who="2" m="15391" /><F106/><W50/><G36/><T112/><D38/><U60/><E60/><V105/><F105/><W119/><G119/><T117/><D39/><U70/><E70/><V95/><F95/><W29/><REACH who="3" step="1"/><G93/><REACH who="3" ten="170,470,180,170" step="2"/><T6/><D92/><U40/><E40/><V111/><F111/><W16/><G16/><AGARI ba="1,1" hai="8,9,10,12,16,81,85,90" m="30219,15371" machi="16" ten="30,5800,0" yaku="8,1,52,1,54,1" doraHai="11" who="1" fromWho="3" sc="170,0,470,71,180,0,170,-61" /><INIT seed="1,2,0,3,1,14" ten="170,541,180,109" oya="1" hai0="86,82,21,96,29,63,107,3,7,85,41,20,66" hai1="119,74,135,54,87,69,34,31,94,32,47,1,111" hai2="75,133,18,117,49,76,93,72,129,81,123,62,125" hai3="33,83,109,60,42,77,128,130,22,101,53,65,114"/><U99/><E74/><V100/><F123/><W131/><G114/><T113/><D3/><U36/><E1/><V16/><F117/><W73/><G109/><T0/><D113/><U108/><E119/><V104/><F104/><W10/><G33/><T12/><D41/><U122/><E69/><V67/><F75/><W15/><G42/><T30/><D30/><U4/><E4/><V84/><F125/><W88/><G101/><T56/><D85/><U126/><E122/><V70/><F133/><W118/><G118/><T79/><D0/><U43/><E126/><V27/><F129/><W52/><G22/><T103/><REACH who="0" step="1"/><D29/><REACH who="0" ten="160,541,180,109" step="2"/><U11/><E31/><V78/><F72/><W59/><REACH who="3" step="1"/><G88/><REACH who="3" ten="160,541,180,99" step="2"/><T64/><D64/><U98/><E111/><V28/><F67/><W37/><G37/><T9/><AGARI ba="2,2" hai="7,9,12,20,21,56,63,66,79,82,86,96,103,107" machi="9" ten="30,4000,0" yaku="1,1,0,1,53,1" doraHai="14" doraHaiUra="102" who="0" fromWho="0" sc="160,66,541,-22,180,-12,99,-12" /><INIT seed="2,0,0,2,4,117" ten="226,519,168,87" oya="2" hai0="78,37,31,109,5,26,133,102,94,74,59,129,125" hai1="17,48,104,72,106,56,6,97,70,21,16,47,51" hai2="64,65,116,0,54,132,49,134,119,101,120,113,127" hai3="99,15,130,84,121,25,96,45,53,2,46,91,83"/><V41/><F0/><W18/><G2/><T13/><D37/><U114/><E70/><V57/><F101/><W55/><G130/><T115/><D115/><U42/><E72/><V135/><F113/><W11/><G121/><T61/><D109/><U9/><E114/><V19/><F19/><W58/><G25/><T43/><D43/><U52/><E97/><V123/><F127/><W10/><G10/><T14/><D78/><U77/><E77/><V98/><F98/><W82/><G82/><T67/><D74/><U66/><E66/><N who="2" m="25707" /><F41/><W24/><G24/><T81/><D81/><U88/><E17/><V73/><F73/><W75/><G75/><T38/><D38/><U86/><E6/><V69/><F69/><W124/><G124/><T110/><D110/><U30/><E9/><V118/><AGARI ba="0,0" hai="49,54,57,116,118,119,120,123,132,134,135" m="25707" machi="118" ten="40,12000,1" yaku="20,1,34,2,52,2" doraHai="117" who="2" fromWho="2" sc="226,-40,519,-40,168,120,87,-40" /><INIT seed="2,1,0,2,3,118" ten="186,479,288,47" oya="2" hai0="135,127,83,88,113,94,121,51,49,134,119,10,28" hai1="84,65,75,92,18,52,122,25,100,61,50,2,81" hai2="53,62,104,108,85,32,110,77,105,107,43,130,5" hai3="55,22,99,64,6,106,97,31,26,103,89,60,102"/><V79/><F32/><W63/><G6/><T131/><D113/><U66/><E2/><V86/><F43/><W37/><G37/><T98/><D119/><U42/><E42/><V67/><F5/><W14/><G89/><T72/><D131/><U9/><E75/><V126/><F126/><W13/><G55/><T44/><D127/><U7/><E7/><V36/><F36/><W69/><REACH who="3" step="1"/><G63/><REACH who="3" ten="186,479,288,37" step="2"/><T132/><D132/><U15/><E61/><V129/><F53/><W48/><G48/><T128/><D49/><U87/><E65/><V101/><F101/><W12/><G12/><T45/><D88/><N who="1" m="53255" /><E66/><V47/><F62/><W54/><G54/><T109/><D51/><U90/><E100/><V117/><F67/><W123/><G123/><T30/><D121/><U115/><E122/><V95/><F117/><W120/><G120/><T0/><D134/><U112/><E25/><V4/><F4/><W24/><G24/><T80/><D135/><U11/><E115/><V1/><F1/><W21/><G21/><T133/><D0/><U111/><E112/><V96/><F47/><W46/><G46/><T17/><D44/><N who="1" m="27719" /><E111/><N who="2" m="42539" /><F77/><W57/><G57/><T39/><D45/><U8/><AGARI ba="1,1" hai="8,9,11,15,18,81,87,90" m="27719,53255" machi="8" ten="30,7900,0" yaku="25,1,8,1,54,2" doraHai="118" who="1" fromWho="1" sc="186,-21,479,92,288,-40,37,-21" /><INIT seed="3,0,0,2,4,70" ten="165,571,248,16" oya="3" hai0="59,58,125,108,77,34,61,71,107,66,10,100,78" hai1="2,119,123,20,126,121,89,102,86,54,23,109,29" hai2="27,43,116,60,94,63,99,98,21,30,134,93,40" hai3="72,17,115,79,104,3,90,14,84,65,49,92,74"/><W75/><G115/><T82/><D108/><U76/><E109/><V48/><F134/><W46/><G3/><T53/><D125/><U39/><E126/><V11/><F116/><W132/><G132/><T1/><D77/><U13/><E2/><V62/><F11/><W101/><G65/><T28/><D53/><U0/><E0/><V97/><REACH who="2" step="1"/><F48/><REACH who="2" ten="165,571,238,16" step="2"/><W15/><G79/><T67/><D10/><U50/><E119/><V38/><F38/><W18/><G104/><T44/><D107/><U87/><E39/><V130/><F130/><W33/><G33/><T19/><D78/><U88/><E76/><V26/><F26/><W131/><G131/><T127/><D34/><U9/><E9/><V85/><F85/><W83/><G101/><T36/><D100/><U35/><E102/><V57/><F57/><W7/><G92/><AGARI ba="0,1" hai="21,27,30,40,43,60,62,63,92,93,94,97,98,99" machi="92" ten="40,2600,0" yaku="1,1,8,1,53,0" doraHai="70" doraHaiUra="68" who="2" fromWho="3" sc="165,0,571,0,238,36,16,-26" owari="165,-23.0,571,67.0,274,7.0,-10,-51.0" /></mjloggm>