<mjloggm ver="2.3"><GO type="169" lobby="0"/><UN n0="%63%6C%75%74%63%68%37%33" n1="%E3%81%A6%E3%82%93%E3%81%BD%E3%81%84%E3%82%93%E3%81%A8" n2="%E7%9B%AE%E7%8E%89%E7%84%BC%E3%81%8D" n3="%E3%82%84%E3%81%BE%E3%83%BC%E3%82%93" dan="17,16,16,19" rate="2178.14,2200.24,2117.38,2294.12" sx="M,F,M,M"/><TAIKYOKU oya="0"/><INIT seed="0,0,0,5,4,129" ten="250,250,250,250" oya="0" hai0="11,26,104,99,39,1,117,3,31,32,123,23,128" hai1="109,106,4,111,19,72,24,71,94,78,134,87,135" hai2="79,9,16,82,75,27,92,58,112,44,91,113,74" hai3="96,22,63,42,25,86,2,130,81,65,51,20,10"/><T43/><BYE who="1" /><D123/><U57/><E57/><V17/><F74/><W33/><G130/><T28/><D128/><U50/><E50/><V70/><F70/><W67/><G33/><T131/><D131/><U0/><E0/><V56/><F44/><W102/><G22/><T95/><D104/><U36/><E36/><V66/><F17/><W41/><G10/><T127/><D117/><U6/><E6/><V29/><F66/><W8/><G8/><T38/><D127/><U15/><E15/><V107/><F107/><W90/><G2/><T7/><D1/><U126/><E126/><V98/><F58/><W61/><G61/><T5/><D5/><U62/><E62/><V110/><F56/><W69/><G51/><T46/><D38/><U120/><E120/><V34/><REACH who="2" step="1"/><F110/><REACH who="2" ten="250,250,240,250" step="2"/><W93/><G67/><T108/><D108/><U13/><E13/><AGARI ba="0,1" hai="9,13,16,27,29,34,75,79,82,91,92,98,112,113" machi="13" ten="40,5200,0" yaku="1,1,2,1,54,1,53,0" doraHai="129" doraHaiUra="37" who="2" fromWho="1" sc="250,0,250,-52,240,62,250,0" /><INIT seed="1,0,0,2,2,114" ten="250,198,302,250" oya="1" hai0="99,124,16,68,8,112,12,51,69,49,57,78,115" hai1="100,133,41,39,19,86,62,91,85,71,18,102,59" hai2="6,72,95,113,25,105,14,15,109,118,50,131,132" hai3="129,94,83,9,73,90,28,125,121,128,106,13,5"/><U31/><E31/><V26/><F113/><W70/><G121/><T52/><D124/><U126/><E126/><V40/><F109/><W56/><G70/><T87/><D115/><U119/><E119/><V55/><F105/><W27/><G106/><T20/><D112/><U81/><E81/><V67/><F72/><W38/><G38/><T36/><D36/><U54/><E54/><V127/><F127/><W45/><G125/><T47/><D99/><U4/><E4/><V1/><F67/><W48/><G56/><T17/><D78/><U76/><E76/><V80/><F118/><W23/><G83/><T79/><D87/><U93/><E93/><V0/><F80/><W98/><REACH who="3" step="1"/><G73/><REACH who="3" ten="250,198,302,240" step="2"/><T63/><D79/><U77/><E77/><V84/><F132/><W42/><AGARI ba="0,1" hai="5,9,13,23,27,28,42,45,48,90,94,98,128,129" machi="42" ten="30,4000,0" yaku="1,1,2,1,0,1,53,0" doraHai="114" doraHaiUra="58" who="3" fromWho="3" sc="250,-10,198,-20,302,-10,240,50" /><INIT seed="2,0,0,4,2,18" ten="240,178,292,290" oya="2" hai0="97,114,107,41,126,46,128,29,37,129,91,42,115" hai1="1,61,109,102,15,71,3,99,8,17,47,75,100" hai2="14,72,103,22,101,80,20,76,89,52,79,83,13" hai3="78,59,131,113,49,82,108,51,74,66,11,26,86"/><V88/><REACH who="2" step="1"/><F52/><REACH who="2" ten="240,178,282,290" step="2"/><W119/><G119/><T64/><D115/><U135/><E135/><V118/><F118/><W50/><G113/><UN n1="%E3%81%A6%E3%82%93%E3%81%BD%E3%81%84%E3%82%93%E3%81%A8" /><T54/><D114/><U44/><E75/><AGARI ba="0,1" hai="13,14,20,22,72,75,76,79,80,83,88,89,101,103" machi="75" ten="25,18000,2" yaku="21,2,22,2,52,2,54,1,53,0" doraHai="18" doraHaiUra="65" who="2" fromWho="1" sc="240,0,178,-180,282,190,290,0" owari="240,-16.0,-2,-50.0,472,57.0,290,9.0" /></mjloggm>