<mjloggm ver="2.3"><GO type="225" lobby="0"/><UN n0="%E3%82%84%E3%82%8B%E3%81%AD%E3%81%87%EF%BC%81" n1="%E3%83%8B%E3%83%A3%E3%83%83%E3%83%94%E3%83%BC%E5%A4%8F%E7%9B%AE" n2="%E5%B7%A5%E8%97%A4%E6%96%B0%E4%B8%80" n3="%E8%91%B5%E3%81%A1%E3%82%83%E3%82%93" dan="16,18,16,16" rate="2106.40,2310.64,2081.99,2153.30" sx="M,M,M,F"/><TAIKYOKU oya="0"/><INIT seed="0,0,0,4,3,0" ten="250,250,250,250" oya="0" hai0="60,45,49,120,39,75,8,46,109,89,66,92,57" hai1="62,111,35,80,127,71,58,108,81,130,54,6,33" hai2="82,91,31,83,86,4,101,74,98,67,70,134,115" hai3="28,10,65,24,29,93,22,95,5,112,72,59,132"/><T3/><D120/><U11/><E130/><V107/><F31/><W38/><G112/><T123/><D123/><U41/><E41/><V12/><F115/><W23/><G72/><T84/><D75/><U14/><E71/><V122/><F122/><W110/><G38/><T13/><D3/><U135/><E135/><V102/><F134/><W7/><G110/><N who="1" m="42026" /><E127/><V61/><F102/><W133/><G10/><T88/><D109/><U116/><E116/><V36/><F36/><W128/><G128/><T87/><D39/><U90/><E90/><V19/><F4/><W125/><G125/><T27/><D27/><U114/><E114/><V15/><REACH who="2" step="1"/><F19/><REACH who="2" ten="250,250,240,250" step="2"/><W68/><G133/><T106/><D106/><U117/><E117/><V105/><F105/><W44/><G132/><T79/><D79/><AGARI ba="0,1" hai="12,15,61,67,70,74,79,82,83,86,91,98,101,107" machi="79" ten="40,1300,0" yaku="1,1,53,0" doraHai="0" doraHaiUra="34" who="2" fromWho="0" sc="250,-13,250,0,240,23,250,0" /><INIT seed="1,0,0,5,3,10" ten="237,250,263,250" oya="1" hai0="115,57,94,20,23,111,81,134,14,12,17,124,30" hai1="128,69,0,110,90,108,106,59,65,62,6,4,107" hai2="3,39,109,70,135,22,105,2,88,87,82,73,28" hai3="1,93,100,101,19,127,33,50,27,31,132,41,35"/><U86/><E128/><V56/><F109/><N who="1" m="42089" /><E69/><V68/><F135/><W112/><G35/><T131/><D111/><U38/><E38/><V104/><F39/><W84/><G112/><T130/><D115/><U133/><E133/><V26/><F73/><W125/><G132/><T55/><D134/><U48/><E48/><V103/><F56/><W114/><G114/><T64/><D124/><N who="3" m="47689" /><G1/><T15/><D64/><U92/><E0/><V36/><F36/><W80/><G93/><T63/><D94/><U13/><E4/><V40/><F40/><W119/><G19/><T54/><D81/><U97/><E97/><V52/><F3/><W47/><G119/><T83/><D83/><U113/><E113/><V29/><F2/><W79/><AGARI ba="0,0" hai="27,31,33,41,47,50,79,80,84,100,101" m="47689" machi="79" ten="30,1100,0" yaku="18,1" doraHai="10" who="3" fromWho="3" sc="237,-3,250,-5,263,-3,250,11" /><INIT seed="2,0,0,0,2,125" ten="234,245,260,261" oya="2" hai0="19,45,112,44,130,14,60,15,79,104,28,73,4" hai1="2,12,29,26,107,83,31,84,23,105,48,18,78" hai2="91,88,106,22,82,51,11,113,9,64,33,87,117" hai3="118,34,37,135,43,16,76,81,102,41,132,109,63"/><V97/><F113/><W122/><G118/><T80/><D112/><U110/><E2/><V101/><F117/><W98/><G34/><T96/><D28/><U59/><E110/><V20/><F33/><W116/><G109/><T90/><D130/><U58/><E31/><V115/><F115/><W128/><G128/><T66/><D4/><U32/><REACH who="1" step="1"/><E48/><REACH who="1" ten="234,235,260,261" step="2"/><V57/><F51/><W93/><G116/><T133/><D133/><U129/><E129/><V53/><F64/><W49/><G49/><T50/><D50/><U35/><E35/><V100/><F22/><W8/><G135/><T103/><D44/><U77/><E77/><V71/><F20/><W6/><G76/><T38/><D45/><U120/><E120/><V121/><F121/><W95/><G122/><T119/><D119/><U75/><E75/><V85/><F11/><W3/><G8/><T61/><D66/><U5/><E5/><V68/><F9/><W74/><G6/><T56/><D38/><U36/><E36/><V27/><F27/><W10/><G74/><T89/><D14/><U65/><E65/><V21/><F21/><W62/><G3/><T123/><D123/><U134/><E134/><V131/><F131/><W94/><G37/><T70/><D73/><U86/><E86/><V55/><F85/><W1/><G132/><T54/><D15/><U24/><E24/><V39/><F39/><W92/><G1/><T0/><D0/><U114/><E114/><V17/><F87/><W40/><REACH who="3" step="1"/><G81/><REACH who="3" ten="234,235,260,251" step="2"/><T111/><D80/><U108/><E108/><V47/><F82/><W126/><G126/><RYUUKYOKU ba="0,2" sc="234,-15,235,15,260,-15,251,15" hai1="12,18,23,26,29,32,58,59,78,83,84,105,107" hai3="10,16,40,41,43,62,63,92,93,94,95,98,102" /><INIT seed="3,1,2,4,2,17" ten="219,250,245,266" oya="3" hai0="14,31,26,37,94,87,124,95,49,50,23,22,45" hai1="85,79,32,52,89,39,69,24,16,123,59,86,25" hai2="9,90,11,65,107,1,54,27,117,42,58,67,33" hai3="62,29,122,51,97,109,55,21,93,35,113,19,75"/><W38/><G38/><T114/><D124/><U108/><E123/><V43/><F117/><W13/><G122/><T48/><D114/><U92/><E69/><V40/><F107/><W128/><G113/><T3/><D3/><U7/><E39/><V133/><F133/><W129/><G75/><T57/><D37/><U82/><E108/><V76/><F76/><W66/><G109/><T70/><D70/><U112/><E112/><V5/><F9/><W119/><G119/><T104/><D104/><U8/><E16/><V2/><F2/><W134/><G134/><T105/><D105/><U12/><E32/><V121/><F121/><W91/><G29/><N who="0" m="17623" /><D57/><U77/><E77/><V100/><F100/><W78/><G35/><T120/><D120/><U64/><E64/><V135/><F135/><W18/><G78/><T6/><D45/><U47/><E47/><V71/><F71/><W126/><G126/><T73/><D73/><U56/><E56/><V4/><F4/><W101/><G101/><T99/><D87/><U102/><E102/><V115/><F115/><W110/><G110/><T10/><D99/><U88/><E79/><V15/><F1/><W74/><G74/><T131/><D131/><U80/><E80/><V46/><F46/><N who="3" m="28151" /><G129/><T127/><D127/><U96/><E96/><V44/><F44/><W125/><G125/><T36/><D36/><U116/><E116/><V53/><F90/><W84/><G128/><T106/><D106/><U132/><E132/><V28/><REACH who="2" step="1"/><F53/><REACH who="2" ten="219,250,235,266" step="2"/><W130/><G130/><T83/><D83/><U98/><E98/><V118/><F118/><RYUUKYOKU ba="1,3" sc="219,10,250,10,235,10,266,-30" hai0="6,10,14,23,31,48,49,50,94,95" hai1="7,8,12,24,25,52,59,82,85,86,88,89,92" hai2="5,11,15,27,28,33,40,42,43,54,58,65,67" /><INIT seed="4,2,3,5,0,36" ten="229,260,245,236" oya="0" hai0="18,4,126,96,22,122,134,25,74,98,110,114,0" hai1="106,85,17,48,84,34,35,68,12,43,44,100,88" hai2="29,10,59,129,58,92,45,21,77,133,13,63,41" hai3="135,16,57,107,113,20,89,115,49,14,33,65,62"/><T60/><D122/><U7/><E68/><V27/><F129/><W23/><G33/><T11/><D74/><U112/><E112/><N who="3" m="43082" /><G135/><T80/><D114/><U26/><E7/><V119/><F133/><W117/><G117/><T73/><D134/><U46/><E46/><V75/><F119/><W52/><G107/><T123/><D123/><U95/><E26/><V79/><F92/><W97/><G89/><T6/><D126/><U71/><E71/><V81/><F77/><W64/><G97/><T38/><D6/><U54/><E54/><V50/><F63/><W53/><G23/><T2/><D2/><U56/><E56/><AGARI ba="2,3" hai="14,16,20,49,52,53,56,57,62,64,65" m="43082" machi="56" ten="30,3900,0" yaku="15,1,54,2" doraHai="36" who="3" fromWho="1" sc="229,0,260,-45,245,0,236,75" owari="229,-17.0,215,-28.0,245,5.0,311,40.0" /></mjloggm>