<mjloggm ver="2.3"><GO type="225" lobby="0"/><UN n0="%E8%91%B5%E3%81%A1%E3%82%83%E3%82%93" n1="%E3%82%8F%E3%81%A3%E3%81%97%E3%82%87%E3%81%84%E5%90%9B%32%E5%8F%B7" n2="%E3%81%BF%E3%81%BF%E3%81%9A" n3="%E3%82%84%E3%82%8B%E3%81%AD%E3%81%87%EF%BC%81" dan="16,17,16,16" rate="2147.08,2298.75,2208.88,2105.67" sx="F,M,M,M"/><TAIKYOKU oya="0"/><INIT seed="0,0,0,2,0,133" ten="250,250,250,250" oya="0" hai0="46,22,99,74,93,32,116,54,94,11,3,44,100" hai1="87,47,18,56,9,86,60,67,52,134,113,69,95" hai2="21,73,103,49,12,122,42,48,37,101,112,82,111" hai3="117,24,79,57,102,30,8,19,107,104,120,126,28"/><T115/><D115/><U127/><E134/><V64/><F112/><W119/><G57/><T55/><D32/><U33/><E113/><V45/><F122/><W88/><G79/><T13/><D74/><U97/><E127/><V43/><F64/><W128/><G102/><T31/><D3/><U130/><E130/><V68/><F68/><W10/><G24/><N who="0" m="16791" /><D94/><U25/><E33/><V62/><F62/><W108/><G19/><N who="0" m="8639" /><D116/><U61/><E47/><AGARI ba="0,0" hai="44,46,47,54,55,93,99,100" m="8639,16791" machi="47" ten="30,1500,0" yaku="8,1" doraHai="133" who="0" fromWho="1" sc="250,15,250,-15,250,0,250,0" /><INIT seed="0,1,0,4,5,17" ten="265,235,250,250" oya="0" hai0="48,131,25,8,117,59,94,100,36,24,71,95,18" hai1="114,78,0,133,7,38,9,13,23,70,58,34,50" hai2="72,61,113,130,90,43,29,11,97,39,47,40,6" hai3="103,88,19,110,81,55,30,68,27,75,1,115,54"/><T20/><D117/><U15/><E70/><V101/><F113/><W49/><G115/><T83/><D36/><U132/><E38/><V73/><F43/><W79/><G1/><T135/><D71/><U106/><E106/><V26/><F130/><W67/><G103/><T112/><D112/><U91/><E114/><V123/><F90/><W3/><G3/><T92/><D131/><U76/><E34/><V105/><F61/><W87/><G19/><T121/><D121/><U80/><E91/><V134/><F134/><N who="1" m="51817" /><E23/><V65/><F65/><W96/><G67/><T126/><D126/><U5/><E5/><V28/><F28/><W124/><G88/><T119/><D119/><U118/><E118/><V53/><F53/><W93/><G55/><N who="0" m="32231" /><D8/><U33/><E33/><V69/><F69/><W57/><G68/><T86/><D135/><U84/><E78/><V31/><F31/><W104/><G79/><N who="0" m="46463" /><D25/><U128/><E128/><V4/><F123/><W66/><G27/><T45/><D45/><U35/><E35/><N who="2" m="20919" /><F4/><W122/><G122/><T16/><D18/><U56/><E56/><V21/><F21/><W102/><G57/><T64/><D64/><U10/><E10/><V41/><F41/><W2/><G66/><T98/><AGARI ba="1,0" hai="16,20,24,92,94,95,98,100" m="46463,32231" machi="98" ten="30,6000,0" yaku="8,1,52,1,54,1" doraHai="17" who="0" fromWho="0" sc="265,63,235,-21,250,-21,250,-21" /><INIT seed="0,2,0,3,4,48" ten="328,214,229,229" oya="0" hai0="129,27,94,80,19,86,33,118,39,104,102,93,120" hai1="40,6,64,101,3,63,85,70,113,34,26,75,54" hai2="87,25,36,16,61,41,126,65,131,30,42,4,47" hai3="96,84,89,9,53,72,108,97,51,127,116,32,125"/><T56/><D118/><U109/><E109/><V110/><F110/><W46/><G108/><T62/><D120/><U106/><E75/><V135/><F126/><N who="3" m="48139" /><G116/><T103/><D39/><U22/><E113/><V66/><F131/><W130/><G130/><T5/><D5/><U132/><E132/><V24/><F135/><W55/><G32/><T13/><D27/><U50/><E40/><V115/><F115/><W29/><G29/><T58/><D33/><U12/><E34/><V82/><F4/><W81/><G72/><T90/><D58/><U20/><E3/><V2/><F2/><W71/><G71/><T21/><D129/><U73/><E73/><V123/><F123/><W37/><G37/><T68/><D68/><U99/><E85/><V122/><F122/><W1/><G53/><N who="0" m="34063" /><D104/><U0/><E0/><V15/><F42/><W91/><G91/><N who="0" m="53495" /><D80/><U28/><E26/><V92/><F30/><W59/><G59/><T57/><D57/><U114/><E28/><V52/><F66/><W133/><G133/><T121/><D121/><U7/><E114/><V44/><F65/><W117/><G117/><T83/><D83/><U17/><E6/><AGARI ba="2,0" hai="1,6,9,46,51,55,81,84,89,96,97" m="48139" machi="6" ten="30,2000,0" yaku="18,1,52,1" doraHai="48" who="3" fromWho="1" sc="328,0,214,-26,229,0,229,26" /><INIT seed="1,0,0,0,0,107" ten="328,188,229,255" oya="1" hai0="41,54,8,47,48,74,14,58,2,124,91,59,15" hai1="23,103,18,109,17,11,24,43,96,101,75,30,126" hai2="129,32,9,20,93,38,127,130,84,90,95,1,118" hai3="83,116,108,73,19,52,39,49,86,82,34,125,120"/><U16/><E126/><V113/><F32/><W100/><G120/><T13/><D124/><U5/><E109/><V110/><F127/><W128/><G125/><T50/><D74/><U26/><E75/><V56/><F118/><W60/><G34/><T40/><D2/><U10/><E43/><V89/><F38/><W4/><G39/><T98/><D41/><U45/><E45/><V33/><F33/><W88/><G100/><N who="1" m="38474" /><E96/><V22/><F110/><W71/><G4/><N who="0" m="3207" /><D59/><U46/><E46/><V68/><F68/><W37/><G37/><T115/><D115/><U80/><E80/><V105/><F105/><W70/><G108/><T131/><D131/><N who="2" m="50186" /><F113/><W25/><G128/><T87/><D98/><U85/><E85/><N who="2" m="52399" /><F56/><W72/><G116/><T104/><D104/><U123/><E123/><V12/><F1/><W3/><G3/><T133/><D133/><U134/><E134/><V27/><F27/><N who="1" m="10281" /><E5/><AGARI ba="0,0" hai="5,9,12,20,22,84,90,95" m="52399,50186" machi="5" ten="30,1000,0" yaku="19,1" doraHai="107" who="2" fromWho="1" sc="328,0,188,-10,229,10,255,0" /><INIT seed="2,0,0,2,3,119" ten="328,178,239,255" oya="2" hai0="24,125,108,69,1,131,14,6,55,41,117,87,5" hai1="25,13,60,35,77,80,134,89,40,32,46,104,133" hai2="31,100,95,17,43,106,10,102,107,12,4,79,111" hai3="28,105,11,18,59,3,126,128,20,78,72,8,61"/><V37/><F79/><W7/><G105/><T52/><D69/><U82/><E104/><V124/><F31/><W123/><G78/><T47/><D1/><U33/><E13/><V71/><F71/><W92/><G72/><T23/><D125/><U45/><E60/><V118/><F118/><W53/><G126/><T50/><D108/><U127/><E127/><V81/><F124/><W54/><G128/><T94/><D131/><U135/><E89/><V29/><F81/><N who="1" m="31337" /><E77/><V19/><F29/><W16/><G8/><N who="0" m="4367" /><D6/><U27/><E40/><V103/><F111/><W85/><G11/><T91/><D117/><U67/><E67/><V112/><F112/><W96/><G61/><T2/><D2/><U36/><E36/><V115/><F115/><W51/><G7/><T15/><D15/><U70/><E70/><V66/><F66/><W114/><G3/><T132/><D132/><N who="1" m="33795" /><U38/><DORA hai="113" /><E38/><V109/><F95/><W88/><G92/><T56/><D41/><U34/><N who="1" m="8192" /><DORA hai="116" /><U93/><E93/><V130/><F109/><W97/><G114/><T48/><D48/><U49/><E49/><V9/><F130/><W76/><G51/><T0/><D0/><U44/><AGARI ba="0,0" hai="25,27,44,45,46" m="8192,33795,31337" machi="44" ten="80,8000,1" yaku="28,2,20,1" doraHai="119,113,116" who="1" fromWho="1" sc="328,-20,178,80,239,-40,255,-20" /><INIT seed="3,0,0,5,4,46" ten="308,258,199,235" oya="3" hai0="94,67,47,88,13,18,36,135,5,55,25,92,61" hai1="91,53,48,134,71,29,112,65,63,107,79,120,96" hai2="2,24,60,129,22,121,116,114,69,43,58,38,51" hai3="106,101,131,98,82,75,118,78,17,108,109,6,90"/><W81/><G6/><T80/><D135/><U89/><E120/><V87/><F116/><W70/><G70/><T20/><D36/><U27/><E112/><V95/><F114/><W122/><G17/><T41/><D41/><U4/><E79/><V93/><F2/><W54/><G54/><T66/><D80/><U102/><E4/><V49/><F121/><W76/><G122/><T35/><D94/><N who="2" m="35850" /><F38/><W62/><G62/><T57/><D47/><U30/><E134/><V50/><F69/><W127/><G131/><T119/><D119/><U115/><E115/><V86/><F43/><W34/><G34/><T1/><D1/><U16/><E16/><N who="2" m="12359" /><F129/><W32/><G32/><T132/><D132/><U64/><E64/><AGARI ba="0,0" hai="49,50,51,58,60,64,86,87" m="12359,35850" machi="64" ten="30,8000,1" yaku="8,1,52,3,54,1" doraHai="46" who="2" fromWho="1" sc="308,0,258,-80,199,80,235,0" owari="308,40.0,178,-32.0,279,8.0,235,-16.0" /></mjloggm>