<mjloggm ver="2.3"><GO type="169" lobby="0"/><UN n0="%E8%BC%9D%E5%A4%9C%E6%9C%88" n1="%E3%81%93%E3%81%A1" n2="%E3%82%84%E3%81%BE%E3%83%BC%E3%82%93" n3="%E3%83%81%E3%83%83%E3%83%97%E3%82%B3%E3%83%AC%E3%82%AF%E3%82%BF%E3%83%BC" dan="17,17,19,16" rate="2233.93,2191.12,2296.55,2120.27" sx="F,F,M,M"/><TAIKYOKU oya="0"/><INIT seed="0,0,0,2,1,73" ten="250,250,250,250" oya="0" hai0="58,126,119,98,110,40,10,20,101,74,86,111,88" hai1="117,122,90,97,19,59,116,8,30,60,13,33,23" hai2="57,77,1,78,6,53,17,47,9,118,94,82,84" hai3="55,71,106,100,115,79,83,104,66,120,105,7,92"/><T63/><D119/><U38/><E122/><V3/><F118/><W123/><G7/><T109/><D74/><U64/><E38/><V43/><F17/><W39/><G39/><T31/><D126/><U132/><E132/><V44/><F1/><W42/><G42/><T21/><D40/><U52/><E33/><V67/><F67/><W96/><G66/><N who="0" m="39287" /><D10/><U80/><E64/><V112/><F112/><W68/><G55/><T135/><D31/><U15/><E30/><V22/><F94/><W75/><REACH who="3" step="1"/><G115/><REACH who="3" ten="250,250,250,240" step="2"/><T93/><D135/><U81/><E117/><V11/><F43/><W54/><G54/><T121/><D121/><AGARI ba="0,1" hai="68,71,75,79,83,92,96,100,104,105,106,120,121,123" machi="121" ten="50,6400,0" yaku="1,1,13,1,52,1,53,0" doraHai="73" doraHaiUra="49" who="3" fromWho="0" sc="250,-64,250,0,250,0,240,74" /><INIT seed="1,0,0,3,5,27" ten="186,250,250,314" oya="1" hai0="20,57,58,121,21,56,45,92,118,76,5,116,24" hai1="75,103,119,52,4,83,63,0,135,71,15,54,94" hai2="60,3,42,25,50,80,134,19,53,101,31,85,79" hai3="14,81,41,37,32,67,77,17,47,86,126,6,130"/><U23/><E119/><V46/><F134/><W128/><G126/><T39/><D121/><U106/><E106/><V107/><F3/><W74/><G67/><T51/><D39/><U38/><E135/><V66/><F107/><W70/><G70/><T82/><D5/><U18/><E38/><V133/><F133/><W114/><G114/><T98/><D118/><U44/><E0/><V127/><F127/><W100/><G100/><T13/><D13/><U48/><E4/><V124/><F124/><W91/><G32/><T69/><D69/><U64/><E75/><V110/><F110/><W129/><G6/><T96/><D116/><U22/><E83/><V88/><F101/><W12/><REACH who="3" step="1"/><G17/><REACH who="3" ten="186,250,250,304" step="2"/><T73/><D92/><AGARI ba="0,1" hai="12,14,37,41,47,74,77,81,86,91,92,128,129,130" machi="92" ten="40,5200,0" yaku="1,1,2,1,19,1,53,0" doraHai="27" doraHaiUra="34" who="3" fromWho="0" sc="186,-52,250,0,250,0,304,62" /><INIT seed="2,0,0,5,0,29" ten="134,250,250,366" oya="2" hai0="81,42,1,43,83,55,72,37,109,92,106,65,124" hai1="67,4,12,61,66,32,2,41,77,3,80,14,31" hai2="128,118,45,75,10,105,47,59,116,110,24,115,50" hai3="101,46,135,113,25,53,44,27,36,122,84,121,38"/><V104/><F115/><W132/><G113/><T23/><D106/><U119/><E119/><V60/><F75/><W96/><G84/><T15/><D1/><U74/><E41/><V40/><F104/><W73/><G73/><T7/><D109/><U114/><E114/><V18/><F105/><W112/><G112/><T52/><D124/><U125/><E125/><V129/><F10/><W90/><G90/><T64/><D92/><U123/><E123/><N who="3" m="47114" /><G53/><N who="0" m="20555" /><D37/><N who="3" m="14441" /><G96/><T91/><D72/><U20/><E67/><N who="0" m="25673" /><D91/><U26/><E12/><V97/><F110/><W51/><G101/><T8/><D23/><U131/><E131/><N who="2" m="50251" /><F97/><W19/><G51/><T78/><D78/><U48/><E48/><V88/><F88/><W87/><G87/><T94/><D94/><U63/><E3/><V22/><F47/><N who="3" m="17963" /><G19/><T98/><D98/><U126/><E126/><V111/><F111/><W103/><G103/><T82/><AGARI ba="0,0" hai="7,8,15,42,43,81,82,83" m="25673,20555" machi="82" ten="30,2000,0" yaku="8,1,54,1" doraHai="29" who="0" fromWho="0" sc="134,20,250,-5,250,-10,366,-5" /><INIT seed="3,0,0,0,1,22" ten="154,245,240,361" oya="3" hai0="42,3,94,18,48,46,6,71,114,51,59,38,135" hai1="12,111,28,73,43,25,75,52,130,131,44,20,123" hai2="36,97,80,101,16,119,9,79,63,37,92,10,126" hai3="35,124,121,2,107,23,78,128,106,134,91,14,72"/><W49/><G121/><T32/><D32/><U34/><E123/><V89/><F119/><W105/><G35/><T84/><D71/><U27/><E12/><V115/><F115/><W110/><G2/><T132/><D114/><U55/><E75/><V50/><F126/><W117/><G117/><T21/><D6/><U125/><E73/><V26/><F37/><W69/><G69/><T54/><D38/><N who="1" m="21623" /><E111/><V129/><F129/><N who="1" m="49161" /><E125/><V60/><F36/><W45/><G124/><T109/><D3/><U112/><E112/><V57/><F101/><W81/><G128/><T88/><REACH who="0" step="1"/><D109/><REACH who="0" ten="144,245,240,361" step="2"/><U15/><E15/><AGARI ba="0,1" hai="15,18,21,42,46,48,51,54,59,84,88,94,132,135" machi="15" ten="40,8000,1" yaku="1,1,2,1,25,2,54,1,53,0" doraHai="22" doraHaiUra="120" who="0" fromWho="1" sc="144,90,245,-80,240,0,361,0" /><INIT seed="4,0,0,0,5,113" ten="234,165,240,361" oya="0" hai0="107,127,1,82,68,23,109,99,122,86,31,30,88" hai1="130,134,60,101,53,29,45,56,128,81,27,114,40" hai2="22,52,38,32,91,34,33,8,124,7,108,94,41" hai3="132,84,75,54,47,110,111,89,44,16,42,50,46"/><T80/><D122/><U125/><E125/><V133/><F108/><W79/><G132/><T39/><D127/><U85/><E134/><V51/><F133/><W12/><G75/><T102/><D109/><U98/><E114/><V26/><F41/><W3/><G3/><T129/><D129/><U37/><E85/><V83/><F83/><W20/><G79/><T19/><D39/><U95/><REACH who="1" step="1"/><E81/><REACH who="1" ten="234,155,240,361" step="2"/><V21/><F124/><W126/><G126/><T123/><D82/><U97/><E97/><V135/><F135/><W65/><G111/><T115/><D115/><U17/><E17/><V61/><F38/><W106/><G16/><T5/><D123/><U92/><E92/><V120/><F120/><W63/><G84/><T43/><D19/><U0/><E0/><V96/><F26/><W2/><G2/><T24/><D1/><U70/><E70/><V72/><F7/><W58/><G110/><T4/><D68/><U73/><E73/><V116/><F72/><W59/><G106/><T25/><REACH who="0" step="1"/><D43/><REACH who="0" ten="224,155,240,361" step="2"/><U55/><E55/><V62/><F52/><W18/><G42/><T11/><D11/><U103/><E103/><V118/><F8/><W93/><G54/><T36/><D36/><U131/><E131/><V100/><F100/><W78/><G65/><T15/><D15/><U49/><E49/><V87/><F51/><W77/><G50/><T105/><D105/><U67/><E67/><V71/><F71/><W35/><G12/><T76/><D76/><U104/><E104/><V121/><F121/><W10/><G78/><T66/><D66/><U74/><E74/><RYUUKYOKU ba="0,2" sc="224,15,155,15,240,-15,361,-15" hai0="4,5,23,24,25,30,31,80,86,88,99,102,107" hai1="27,29,37,40,45,53,56,60,95,98,101,128,130" /><INIT seed="4,1,2,5,3,51" ten="239,170,225,346" oya="0" hai0="42,83,77,120,134,9,124,15,49,66,106,37,16" hai1="94,1,57,70,63,29,119,36,118,4,7,100,13" hai2="130,21,108,87,11,0,123,135,60,96,88,112,131" hai3="127,105,32,86,81,99,95,69,59,27,97,78,26"/><T113/><D120/><U33/><E36/><V8/><F123/><W30/><G127/><T64/><D37/><U41/><E41/><V117/><F108/><W47/><G69/><T44/><D124/><U82/><E70/><V18/><F112/><W98/><G105/><T85/><D106/><U89/><E1/><V102/><F135/><W109/><G109/><T46/><D113/><U53/><E100/><V54/><F96/><W92/><G47/><N who="0" m="25847" /><D134/><U68/><E82/><N who="2" m="49271" /><F102/><W74/><G74/><T126/><D126/><U79/><E79/><V91/><F91/><W116/><G116/><T129/><D129/><N who="2" m="49162" /><F117/><W34/><REACH who="3" step="1"/><G59/><REACH who="3" ten="239,170,225,336" step="2"/><T31/><D44/><U23/><E68/><V6/><F6/><W56/><G56/><T5/><D46/><U55/><E119/><V125/><F125/><W38/><G38/><T67/><D31/><AGARI ba="1,3" hai="26,27,30,31,32,34,78,81,86,92,95,97,98,99" machi="31" ten="40,8000,1" yaku="1,1,9,1,53,2" doraHai="51" doraHaiUra="90" who="3" fromWho="0" sc="239,-83,170,0,225,0,336,113" /><INIT seed="5,0,0,5,2,22" ten="156,170,225,449" oya="1" hai0="4,44,46,70,73,10,16,64,14,109,87,128,59" hai1="123,12,106,101,27,13,88,34,69,36,78,2,84" hai2="45,110,23,85,96,119,118,95,134,75,50,126,24" hai3="133,41,54,56,66,67,68,99,63,3,83,6,81"/><U129/><E123/><V49/><F110/><W1/><G133/><T38/><D109/><U77/><E2/><V125/><F75/><W39/><G6/><T18/><D73/><U93/><E36/><V9/><F9/><W65/><G99/><T48/><D128/><U32/><E129/><V130/><F85/><W61/><G81/><T71/><D71/><U102/><E69/><V43/><F50/><W26/><G83/><T40/><D87/><U111/><E111/><V37/><F37/><W117/><G26/><T35/><D35/><U25/><E106/><V15/><F15/><N who="1" m="5705" /><E32/><V116/><F134/><W90/><G90/><T21/><D21/><U135/><E34/><V58/><F58/><N who="3" m="35031" /><G1/><T98/><D70/><U76/><E135/><V17/><REACH who="2" step="1"/><F130/><REACH who="2" ten="156,170,215,449" step="2"/><W19/><G68/><T20/><D38/><U0/><E0/><V131/><F131/><W120/><G3/><T7/><D10/><U107/><E107/><V47/><F47/><W31/><G39/><T72/><D72/><U57/><E57/><V52/><F52/><W11/><G56/><T94/><D44/><U80/><E80/><V74/><F74/><W53/><G53/><T115/><D59/><U121/><E121/><V103/><AGARI ba="0,1" hai="17,23,24,43,45,49,95,96,103,116,118,119,125,126" machi="103" ten="40,5200,0" yaku="1,1,0,1,52,1,53,0" doraHai="22" doraHaiUra="86" who="2" fromWho="2" sc="156,-13,170,-26,215,62,449,-13" /><INIT seed="6,0,0,3,0,2" ten="143,144,277,436" oya="2" hai0="55,74,4,117,50,22,124,73,36,9,116,15,35" hai1="37,105,14,44,10,34,129,104,91,90,70,77,5" hai2="43,60,23,130,112,120,32,78,63,42,20,16,80" hai3="67,125,83,96,72,81,135,38,41,11,123,54,19"/><V79/><F120/><W132/><G123/><T65/><D35/><U98/><E70/><V7/><F32/><W75/><G67/><T25/><D124/><U24/><E129/><V33/><F33/><W48/><G125/><T84/><D36/><U57/><E77/><V26/><F112/><W6/><G19/><T17/><D65/><U8/><E57/><V85/><F130/><W133/><G96/><T87/><D87/><U30/><E8/><V3/><F23/><W39/><G41/><T49/><D84/><U56/><E56/><V51/><F78/><N who="3" m="44231" /><G83/><T111/><D111/><U119/><E119/><N who="0" m="45641" /><D50/><U102/><REACH who="1" step="1"/><E105/><REACH who="1" ten="143,134,277,436" step="2"/><V62/><REACH who="2" step="1"/><F51/><REACH who="2" ten="143,134,267,436" step="2"/><W95/><G48/><T58/><AGARI ba="0,2" hai="4,9,15,17,22,25,49,55,58,73,74" m="45641" machi="58" ten="30,2000,0" yaku="12,1,52,1" doraHai="2" who="0" fromWho="0" sc="143,40,134,-5,267,-10,436,-5" /><INIT seed="7,0,0,1,0,45" ten="183,129,257,431" oya="3" hai0="71,102,120,106,94,110,29,117,111,16,2,108,50" hai1="83,65,118,39,41,47,122,104,95,66,4,63,52" hai2="124,87,20,31,100,44,6,114,119,30,62,86,89" hai3="15,74,58,25,57,59,51,64,127,133,53,70,135"/><W81/><G127/><T88/><D117/><U13/><E104/><V75/><F6/><W79/><G15/><T90/><D71/><U78/><E122/><V98/><F86/><W77/><G77/><T61/><D29/><U40/><E118/><V35/><F20/><W105/><G105/><T130/><D61/><U72/><E40/><V12/><F12/><W73/><G25/><T7/><D130/><U48/><E95/><V8/><F62/><N who="3" m="40215" /><G73/><T32/><D94/><U1/><E13/><V112/><F31/><W84/><G74/><T103/><D32/><U0/><E63/><V128/><F35/><W129/><G129/><T131/><D131/><U92/><E92/><V125/><F119/><W56/><G56/><T28/><D28/><U11/><E0/><V43/><F43/><W9/><G9/><T93/><D93/><U68/><E68/><V121/><F8/><W97/><G97/><T38/><D106/><U42/><E42/><V54/><F98/><W67/><G67/><T36/><D2/><U116/><E116/><V33/><F125/><W91/><G91/><T132/><D103/><U14/><E14/><V34/><F100/><W27/><G27/><T17/><D102/><U22/><E22/><V5/><F124/><W126/><G126/><T82/><D110/><U69/><E69/><V96/><F34/><W19/><G19/><T18/><D18/><U46/><AGARI ba="0,0" hai="1,4,11,39,41,46,47,48,52,65,66,72,78,83" machi="46" ten="20,12000,2" yaku="0,1,7,1,25,2,52,1,54,1" doraHai="45" who="1" fromWho="1" sc="183,-30,129,120,257,-30,431,-60" owari="153,-35.0,249,5.0,227,-17.0,371,47.0" /></mjloggm>