<mjloggm ver="2.3"><GO type="169" lobby="0"/><UN n0="%6F%63%69%6E%70%6F%70%6F" n1="%63%6C%75%74%63%68%37%33" n2="%E9%97%98%E5%A3%AB%E2%98%86%E6%B8%8B%E5%B7%9D%E8%80%81" n3="%E3%83%81%E3%83%83%E3%83%97%E3%82%B3%E3%83%AC%E3%82%AF%E3%82%BF%E3%83%BC" dan="17,17,18,16" rate="2113.41,2176.24,2123.57,2126.73" sx="F,M,M,M"/><TAIKYOKU oya="0"/><INIT seed="0,0,0,5,3,44" ten="250,250,250,250" oya="0" hai0="89,3,131,115,95,90,91,110,18,78,38,56,6" hai1="73,53,112,31,68,84,130,109,75,74,80,5,28" hai2="105,129,119,65,118,94,10,117,1,14,79,15,8" hai3="104,36,81,76,83,126,57,122,63,106,121,52,42"/><T87/><D115/><U128/><E109/><V135/><F105/><W35/><G35/><T67/><D38/><U51/><E68/><V62/><F135/><W124/><G36/><T71/><D71/><U102/><E102/><V72/><F129/><N who="1" m="49769" /><E5/><V107/><F107/><N who="3" m="41003" /><G42/><T41/><D41/><U48/><E112/><V103/><F79/><W27/><G27/><T69/><D69/><U59/><E84/><V50/><F72/><N who="3" m="43143" /><G83/><T120/><D78/><U77/><E80/><V0/><F65/><W132/><G132/><T134/><D67/><U58/><E77/><V114/><F62/><W125/><AGARI ba="0,0" hai="52,57,63,121,122,124,125,126" m="43143,41003" machi="125" ten="40,2700,0" yaku="18,1,54,1" doraHai="44" who="3" fromWho="3" sc="250,-13,250,-7,250,-7,250,27" /><INIT seed="1,0,0,1,4,112" ten="237,243,243,277" oya="1" hai0="65,89,91,23,80,0,105,86,8,43,122,2,33" hai1="97,131,62,113,51,24,1,127,18,106,14,53,37" hai2="40,77,96,109,111,38,67,66,32,134,45,118,76" hai3="41,9,133,48,30,88,104,12,64,103,5,52,100"/><U132/><E37/><V16/><F32/><W81/><G133/><T110/><D33/><U128/><E1/><V6/><F6/><W49/><G104/><T3/><D105/><U83/><E132/><V31/><F31/><W61/><G30/><T57/><D110/><N who="2" m="41994" /><F96/><W19/><G41/><T70/><D70/><U123/><E123/><V11/><F134/><W87/><G5/><T82/><D122/><U27/><E113/><V4/><F16/><W20/><G20/><T107/><D107/><U13/><E83/><V98/><F98/><W47/><G49/><T119/><D43/><U126/><E97/><V63/><F118/><W36/><G36/><T44/><D44/><N who="1" m="27879" /><E106/><V135/><F135/><W29/><G29/><T46/><D46/><U75/><E75/><V90/><F90/><W99/><G99/><T125/><D125/><N who="1" m="47627" /><E13/><N who="2" m="5351" /><F67/><W69/><AGARI ba="0,0" hai="9,12,19,47,48,52,61,64,69,81,87,88,100,103" machi="69" ten="20,12000,2" yaku="0,1,7,1,25,2,54,2" doraHai="112" who="3" fromWho="3" sc="237,-30,243,-60,243,-30,277,120" /><INIT seed="2,0,0,2,0,36" ten="207,183,213,397" oya="2" hai0="108,100,118,18,92,51,12,65,35,130,102,87,39" hai1="81,47,93,131,41,127,133,5,97,106,126,134,88" hai2="75,7,56,8,43,64,26,96,34,121,3,72,61" hai3="128,46,60,79,119,109,110,21,104,77,62,55,103"/><V125/><F121/><W117/><G128/><T82/><D39/><U45/><E5/><V48/><F125/><N who="1" m="47625" /><E47/><V86/><F86/><W78/><G21/><T1/><D1/><U114/><E114/><V58/><F96/><W112/><G112/><T69/><D35/><U0/><E0/><V76/><F76/><W42/><G103/><T68/><D68/><U44/><E44/><V80/><F80/><W85/><G85/><T38/><D38/><N who="1" m="21687" /><E106/><V66/><F43/><W84/><G84/><T124/><D130/><U40/><E40/><V19/><F48/><W71/><G104/><T67/><D51/><U94/><E81/><V20/><REACH who="2" step="1"/><F34/><REACH who="2" ten="207,183,203,397" step="2"/><W49/><G42/><T91/><D124/><U23/><E131/><V111/><F111/><W32/><G32/><T27/><D108/><U25/><E94/><V10/><F10/><W17/><G110/><T107/><D107/><U54/><E54/><V31/><F31/><AGARI ba="0,1" hai="23,25,31,88,93,97,133,134" m="21687,47625" machi="31" ten="30,3900,0" yaku="18,1,52,1,54,1" doraHai="36" who="1" fromWho="2" sc="207,0,183,49,203,-39,397,0" /><INIT seed="3,0,0,1,0,6" ten="207,232,164,397" oya="3" hai0="112,63,3,126,24,62,116,2,71,80,78,122,43" hai1="79,134,88,113,11,123,131,57,50,36,61,74,45" hai2="19,14,96,55,16,40,10,73,120,9,93,33,130" hai3="109,103,72,51,64,85,108,105,97,5,27,48,30"/><W47/><G72/><T129/><D116/><U77/><E123/><V32/><F73/><W84/><G64/><T76/><D122/><U13/><E113/><V83/><F120/><W75/><G75/><T22/><D43/><U37/><E131/><V60/><F40/><W107/><G107/><T31/><D126/><U135/><E74/><V20/><F130/><W127/><G127/><T54/><D22/><U102/><E102/><V12/><F83/><W86/><G5/><T26/><D54/><U17/><E77/><V70/><F20/><W4/><G4/><T8/><D31/><U52/><E79/><V117/><F117/><W95/><G105/><T89/><D129/><U59/><E59/><V106/><F106/><W1/><G1/><T90/><D71/><U115/><E115/><V68/><F55/><W128/><G128/><T69/><D69/><U41/><REACH who="1" step="1"/><E88/><REACH who="1" ten="207,222,164,397" step="2"/><V87/><F87/><W42/><REACH who="3" step="1"/><G51/><REACH who="3" ten="207,222,164,387" step="2"/><T0/><D112/><U99/><E99/><V25/><F96/><W53/><G53/><T39/><D39/><AGARI ba="0,2" hai="11,13,17,36,37,39,41,45,50,52,57,61,134,135" machi="39" ten="40,8000,1" yaku="1,1,52,1,54,1,53,1" doraHai="6" doraHaiUra="58" who="1" fromWho="0" sc="207,-80,222,100,164,0,387,0" /><INIT seed="4,0,0,5,4,58" ten="127,322,164,387" oya="0" hai0="42,133,123,100,48,101,67,92,41,62,0,45,21" hai1="63,37,106,3,70,114,99,27,90,74,118,10,16" hai2="112,116,24,46,8,36,73,89,96,135,30,39,104" hai3="11,28,35,80,57,53,128,9,17,81,7,107,1"/><T22/><D123/><U15/><E118/><V129/><F73/><W13/><G128/><T102/><D133/><U113/><E74/><V87/><F46/><W127/><G107/><T49/><D0/><U23/><E37/><V85/><F8/><W20/><G127/><T125/><D125/><U76/><E76/><V55/><F55/><W83/><G11/><T14/><D92/><U69/><E3/><V29/><F112/><W95/><G95/><T18/><D21/><U117/><E117/><V31/><F24/><N who="3" m="18823" /><G83/><T84/><D84/><U91/><E91/><V75/><F75/><W6/><G6/><T122/><D122/><U94/><E106/><V19/><F19/><W88/><G88/><T66/><D66/><U25/><E25/><V12/><F12/><W51/><AGARI ba="0,0" hai="1,7,9,13,17,20,51,53,57,80,81" m="18823" machi="51" ten="30,1100,0" yaku="24,1" doraHai="58" who="3" fromWho="3" sc="127,-5,322,-3,164,-3,387,11" /><INIT seed="5,0,0,5,4,88" ten="122,319,161,398" oya="1" hai0="12,38,31,53,81,86,28,11,30,32,70,4,66" hai1="107,43,116,16,15,85,6,22,18,65,127,55,133" hai2="9,57,105,69,79,68,35,131,84,27,8,13,91" hai3="75,71,119,87,108,39,120,21,36,34,73,125,77"/><U113/><E116/><V80/><F105/><W100/><G21/><T47/><D70/><U89/><E133/><V41/><F131/><W123/><G87/><T61/><D32/><U2/><E127/><V26/><F41/><W51/><G51/><T40/><D53/><U103/><E113/><V115/><F115/><W3/><G100/><T1/><D1/><U63/><E43/><V111/><F111/><W67/><G67/><T17/><D17/><U0/><E55/><V72/><F57/><W76/><G125/><T64/><REACH who="0" step="1"/><D61/><REACH who="0" ten="112,319,161,398" step="2"/><U58/><E6/><V46/><F35/><W23/><G34/><T96/><D96/><U117/><E2/><V102/><F69/><W24/><G3/><T101/><D101/><U128/><E0/><V62/><F102/><W52/><G71/><T121/><D121/><U122/><E122/><V78/><F62/><W56/><G52/><T129/><D129/><U49/><E128/><V50/><F68/><W92/><G123/><T95/><D95/><U54/><E103/><V14/><F46/><W99/><G92/><T74/><D74/><U104/><E18/><N who="2" m="8487" /><F72/><W106/><G75/><T10/><D10/><U37/><E107/><V45/><F9/><W114/><G73/><T132/><D132/><U126/><E104/><V33/><F33/><W83/><G106/><T44/><D44/><U93/><E126/><V29/><F29/><W112/><G120/><T42/><D42/><U97/><E97/><V59/><F45/><W48/><G114/><T94/><D94/><U82/><E63/><V118/><F59/><W124/><G112/><RYUUKYOKU ba="0,1" sc="112,30,319,-10,161,-10,398,-10" hai0="4,11,12,28,30,31,38,40,47,64,66,81,86" /><INIT seed="6,1,1,4,2,34" ten="142,309,151,388" oya="2" hai0="135,74,116,30,66,118,64,99,15,2,106,53,81" hai1="130,132,7,110,82,56,73,3,61,84,6,8,42" hai2="108,86,129,115,17,50,92,80,102,58,69,29,0" hai3="70,105,28,75,39,19,55,57,112,122,27,111,94"/><V121/><F69/><W88/><G122/><T32/><D32/><U54/><E110/><V31/><F121/><W9/><G111/><T68/><D30/><N who="2" m="11274" /><F0/><W1/><G105/><T77/><D2/><U72/><E132/><V93/><F108/><W119/><G119/><N who="0" m="45611" /><D68/><U33/><E33/><V97/><F115/><W96/><G112/><T35/><D35/><U24/><E130/><V5/><F129/><W128/><G128/><T25/><D25/><U98/><E98/><N who="2" m="59719" /><F5/><W14/><G75/><T104/><D135/><U36/><E7/><V11/><F11/><W60/><G39/><T13/><D53/><U16/><E42/><V114/><F114/><W127/><G127/><T123/><D123/><U43/><E43/><V91/><F17/><W59/><G1/><T65/><D99/><U103/><E36/><V48/><F58/><N who="3" m="34911" /><G70/><T12/><AGARI ba="1,1" hai="12,13,15,64,65,66,74,77,81,104,106" m="45611" machi="12" ten="40,1500,0" yaku="12,1" doraHai="34" who="0" fromWho="0" sc="142,28,309,-5,151,-8,388,-5" /><INIT seed="7,0,0,4,5,123" ten="170,304,143,383" oya="3" hai0="87,5,122,13,34,14,97,68,124,113,36,32,116" hai1="62,85,33,22,93,50,56,112,108,110,42,2,109" hai2="46,132,17,79,0,66,74,72,120,43,77,114,104" hai3="26,3,134,12,81,76,40,31,57,89,118,99,27"/><W52/><G118/><T101/><D122/><U107/><E33/><V86/><F120/><W47/><G3/><T92/><D36/><U117/><E107/><V20/><F0/><W39/><G134/><T7/><D68/><U59/><E2/><V61/><F104/><W48/><G12/><T82/><D116/><U94/><E112/><V98/><F114/><W44/><G44/><T53/><D124/><U60/><E117/><V133/><F98/><W84/><G31/><T28/><D28/><U131/><E131/><V100/><F100/><W103/><G76/><T19/><D113/><U96/><E85/><V83/><F132/><W16/><G16/><T111/><D111/><U135/><E135/><V91/><F133/><W10/><G10/><T55/><D32/><U18/><E42/><V67/><F74/><W128/><G128/><T70/><D70/><U25/><E50/><V65/><F61/><W129/><G129/><T58/><D53/><U63/><REACH who="1" step="1"/><E94/><AGARI ba="0,0" hai="26,27,39,40,47,48,52,57,81,84,89,94,99,103" machi="94" ten="30,2900,0" yaku="7,1,54,1" doraHai="123" who="3" fromWho="1" sc="170,0,304,-29,143,0,383,29" owari="170,-23.0,275,8.0,143,-36.0,412,51.0" /></mjloggm>