<mjloggm ver="2.3"><GO type="225" lobby="0"/><UN n0="%E9%81%85%E5%88%BB%E3%81%AE%E3%83%97%E3%83%AA%E3%83%B3%E3%82%B9%E2%99%AA" n1="%E3%82%84%E3%82%8B%E3%81%AD%E3%81%87%EF%BC%81" n2="%E8%BC%9D%E5%A4%9C%E6%9C%88" n3="%E3%81%AB%E3%82%83%EF%BD%9E%E3%81%8A" dan="16,16,17,16" rate="2174.17,2104.10,2227.82,2146.39" sx="F,M,F,M"/><TAIKYOKU oya="0"/><INIT seed="0,0,0,0,1,3" ten="250,250,250,250" oya="0" hai0="107,6,106,93,91,29,134,120,130,112,111,21,123" hai1="63,59,12,0,65,125,57,101,92,13,83,26,53" hai2="10,27,116,85,100,4,30,114,41,62,94,48,15" hai3="103,22,16,51,55,77,113,80,131,117,24,56,102"/><T1/><D29/><U35/><E125/><V11/><F114/><W31/><G113/><T9/><D112/><U88/><E0/><V121/><F121/><W87/><G117/><T43/><D134/><U5/><E35/><V135/><F135/><W37/><G37/><T36/><D130/><U25/><E83/><V19/><F116/><W8/><G131/><T115/><D115/><U32/><E101/><V74/><F74/><W81/><G81/><T76/><D21/><U70/><E70/><V52/><F62/><W14/><AGARI ba="0,0" hai="8,14,16,22,24,31,51,55,56,77,80,87,102,103" machi="14" ten="30,4000,0" yaku="0,1,8,1,54,1" doraHai="3" who="3" fromWho="3" sc="250,-20,250,-10,250,-10,250,40" /><INIT seed="1,0,0,3,1,111" ten="230,240,240,290" oya="1" hai0="1,120,106,121,3,133,101,38,8,59,88,17,7" hai1="51,100,103,56,80,25,11,105,35,65,4,62,102" hai2="108,49,119,43,135,28,92,31,32,122,64,22,12" hai3="127,90,60,36,130,81,79,77,37,10,96,72,33"/><U107/><E80/><V54/><F122/><N who="0" m="47210" /><D133/><U76/><E76/><V47/><F119/><W99/><G33/><T73/><D73/><U84/><E84/><V52/><F108/><W29/><G29/><N who="2" m="11337" /><F32/><W20/><G79/><T87/><D38/><U46/><E35/><V2/><F2/><W14/><G37/><T18/><D3/><U34/><E34/><V114/><F114/><W91/><G36/><T110/><D110/><U93/><E25/><V68/><F68/><W13/><G77/><T94/><D59/><U104/><E93/><V134/><F64/><W30/><G30/><T53/><D53/><U39/><E39/><V97/><F135/><W98/><G81/><T21/><D21/><U129/><E129/><V55/><F134/><W109/><G20/><T19/><D101/><U70/><E70/><V16/><F55/><W58/><G72/><T82/><D106/><U42/><REACH who="1" step="1"/><E105/><REACH who="1" ten="230,230,240,290" step="2"/><V74/><F74/><W40/><G130/><T118/><D118/><U69/><E69/><V15/><F15/><AGARI ba="0,1" hai="4,11,15,42,46,51,56,62,65,100,102,103,104,107" machi="15" ten="40,3900,0" yaku="1,1,53,1" doraHai="111" doraHaiUra="44" who="1" fromWho="2" sc="230,0,230,49,240,-39,290,0" /><INIT seed="1,1,0,1,0,16" ten="230,279,201,290" oya="1" hai0="8,111,34,33,59,41,68,66,19,1,105,76,56" hai1="95,45,44,125,112,123,57,104,65,54,100,46,40" hai2="96,81,12,32,29,37,27,17,39,78,121,74,62" hai3="9,10,13,115,80,18,91,103,87,83,92,22,14"/><U71/><E104/><V36/><F121/><W93/><G115/><T4/><D105/><U60/><E112/><V25/><F96/><N who="3" m="59791" /><G10/><T113/><D113/><U106/><E106/><V122/><F122/><W97/><G97/><T127/><D111/><U0/><E0/><V89/><F89/><W6/><AGARI ba="1,0" hai="6,9,13,14,18,22,80,83,87,91,92" m="59791" machi="6" ten="30,2000,0" yaku="8,1,52,1" doraHai="16" who="3" fromWho="3" sc="230,-6,279,-11,201,-6,290,23" /><INIT seed="2,0,0,4,3,32" ten="224,268,195,313" oya="2" hai0="132,115,96,13,22,72,59,94,66,15,54,25,31" hai1="43,129,1,5,125,84,87,24,44,134,118,56,95" hai2="127,38,98,39,133,23,40,106,47,89,42,3,2" hai3="26,117,123,79,108,109,102,124,58,19,37,80,70"/><V116/><F116/><W86/><G70/><T126/><D115/><U33/><E118/><V41/><F23/><N who="3" m="13695" /><G117/><T91/><D72/><U0/><E134/><V62/><F133/><W52/><G37/><T114/><D114/><U30/><E129/><V49/><F127/><W131/><G123/><T6/><D132/><U29/><E29/><V120/><F120/><W11/><G131/><T76/><D126/><U112/><E112/><V97/><F62/><W85/><G102/><T35/><D76/><U111/><E125/><V14/><F14/><W53/><G11/><T10/><D66/><U51/><E111/><N who="3" m="42570" /><G124/><T28/><D28/><U74/><E74/><V122/><F122/><W82/><G58/><T64/><D64/><U4/><E56/><V121/><F121/><W46/><G46/><T9/><D35/><U7/><REACH who="1" step="1"/><E95/><REACH who="1" ten="224,258,195,313" step="2"/><V88/><F106/><W50/><G50/><T75/><D75/><U67/><E67/><V20/><F49/><W69/><G69/><T107/><D107/><U104/><E104/><V17/><F47/><W90/><AGARI ba="0,1" hai="52,53,79,80,82,85,86,90" m="42570,13695" machi="90" ten="30,2000,0" yaku="14,1,54,1" doraHai="32" who="3" fromWho="3" sc="224,-5,258,-5,195,-10,313,30" /><INIT seed="3,0,0,5,3,81" ten="219,253,185,343" oya="3" hai0="100,65,64,117,107,40,36,58,52,33,94,103,14" hai1="90,11,16,99,7,135,25,32,112,97,101,15,61" hai2="75,20,13,83,133,123,41,115,23,127,26,9,85" hai3="111,34,42,0,35,18,31,104,57,110,118,108,96"/><W5/><G118/><T69/><D69/><U131/><E112/><V50/><F115/><W124/><G124/><T17/><D117/><U8/><E135/><V2/><F2/><W48/><G31/><T70/><D70/><U95/><E131/><V29/><F133/><W80/><G18/><T43/><D33/><U39/><E39/><V63/><F127/><W130/><G130/><T6/><D6/><U86/><E32/><V55/><F75/><W106/><G80/><T30/><D30/><U125/><E125/><V121/><F63/><W27/><G27/><T98/><D103/><U68/><E25/><V79/><F23/><W60/><G5/><T132/><D107/><N who="3" m="41001" /><G96/><T19/><D19/><U120/><E120/><V62/><F62/><W105/><G105/><T87/><D87/><U46/><E101/><V1/><F1/><W109/><G0/><T134/><D134/><U84/><E99/><V128/><F128/><W45/><G111/><T91/><D100/><U113/><E113/><V129/><F129/><W119/><G119/><T93/><D93/><U56/><E46/><V122/><F55/><AGARI ba="0,0" hai="34,35,42,45,48,55,57,60,108,109,110" m="41001" machi="55" ten="40,3900,0" yaku="14,1,10,1" doraHai="81" who="3" fromWho="2" sc="219,0,253,0,185,-39,343,39" owari="219,-18.0,253,5.0,146,-35.0,382,48.0" /></mjloggm>