<mjloggm ver="2.3"><GO type="169" lobby="0"/><UN n0="%E8%A1%9B%E8%97%A4%E7%BE%8E%E5%BD%A9" n1="%E2%91%A3%E3%82%BB%E3%83%B3%E3%83%81" n2="%7A%65%52%6F" n3="%67%73%6B%67%33" dan="16,18,18,16" rate="2122.04,2240.26,2167.33,2156.49" sx="M,M,M,M"/><TAIKYOKU oya="0"/><INIT seed="0,0,0,3,0,12" ten="250,250,250,250" oya="0" hai0="37,4,103,33,113,0,104,95,25,127,2,69,73" hai1="36,61,64,27,10,15,121,49,70,52,68,65,5" hai2="125,123,82,128,55,90,28,114,30,40,75,116,92" hai3="117,87,93,3,6,134,96,50,131,63,51,88,101"/><T9/><D113/><U35/><E36/><V1/><F123/><W74/><G117/><T45/><D95/><U76/><E76/><V66/><F1/><W124/><G74/><T118/><D118/><U16/><E121/><V7/><F7/><W84/><G131/><T126/><D73/><U47/><E35/><V97/><F114/><W48/><G134/><T120/><D120/><U13/><E27/><V17/><F40/><W72/><G72/><T107/><D0/><U109/><E109/><V122/><F122/><W129/><G129/><T21/><D69/><U32/><E32/><V60/><F116/><W67/><G124/><N who="0" m="47659" /><D103/><U79/><E79/><V14/><F128/><W94/><G3/><T115/><D33/><U110/><E110/><V71/><F125/><W46/><G6/><T53/><D115/><U59/><E65/><V62/><F82/><W91/><G46/><T8/><D8/><AGARI ba="0,0" hai="5,8,10,13,15,16,47,49,52,59,61,64,68,70" machi="8" ten="30,7700,0" yaku="7,1,52,1,54,2" doraHai="12" who="1" fromWho="0" sc="250,-77,250,77,250,0,250,0" /><INIT seed="1,0,0,5,1,47" ten="173,327,250,250" oya="1" hai0="130,58,92,25,109,72,71,95,131,45,68,96,28" hai1="6,5,66,10,12,105,30,44,19,108,22,75,80" hai2="74,36,65,35,113,63,135,24,13,3,37,20,123" hai3="110,73,70,55,114,29,103,2,91,84,121,88,57"/><U59/><E105/><V104/><F123/><W119/><G114/><T93/><D72/><U39/><E75/><V69/><F3/><W34/><G70/><T42/><D109/><U132/><E132/><V94/><F74/><W115/><G115/><T27/><D58/><U48/><E39/><V116/><F116/><W107/><G2/><T106/><D106/><U97/><E97/><V8/><F35/><W87/><G121/><T17/><D17/><U124/><E80/><V0/><F0/><W11/><G11/><T49/><D96/><U99/><E99/><V38/><F135/><W82/><G110/><T118/><D118/><U86/><E86/><V125/><F125/><W60/><G119/><T16/><D16/><N who="1" m="8215" /><E30/><V112/><F104/><W117/><G117/><T52/><D42/><N who="1" m="24599" /><E124/><V46/><F38/><W79/><G103/><T111/><D111/><U56/><E108/><V54/><F37/><W83/><G107/><T133/><D133/><U15/><E66/><V62/><F36/><W32/><REACH who="3" step="1"/><G29/><REACH who="3" ten="173,327,250,240" step="2"/><T9/><D9/><U50/><E59/><V51/><F112/><W26/><G26/><N who="0" m="9739" /><D28/><U78/><E78/><V18/><F113/><W102/><G102/><T41/><D71/><U100/><E100/><V7/><F69/><W98/><G98/><T126/><D68/><U127/><E127/><V129/><F24/><W53/><G53/><AGARI ba="0,1" hai="5,6,15,19,22,50,53,56" m="24599,8215" machi="53" ten="30,11600,0" yaku="8,1,52,2,54,1" doraHai="47" who="1" fromWho="3" sc="173,0,327,126,250,0,240,-116" /><INIT seed="1,1,0,0,0,130" ten="173,453,250,124" oya="1" hai0="84,108,15,89,51,34,17,93,115,103,67,105,54" hai1="82,133,30,66,61,3,92,46,102,76,1,111,13" hai2="110,22,97,38,79,69,58,132,36,63,56,49,75" hai3="72,128,64,74,60,42,12,44,43,32,2,94,127"/><U113/><E113/><V50/><F75/><W25/><G2/><T83/><D115/><U131/><E131/><V96/><F79/><W98/><G128/><T99/><D34/><U41/><E30/><V35/><F22/><W8/><G127/><T117/><D117/><U26/><E26/><V90/><F90/><W134/><G32/><T14/><D108/><U55/><E55/><V21/><F21/><W122/><G25/><T4/><D67/><U121/><E121/><V57/><F97/><W52/><G122/><T62/><D62/><U77/><E77/><V123/><F96/><W120/><G120/><T126/><D126/><U85/><E92/><V107/><F107/><W11/><G72/><T53/><D105/><U19/><E102/><V80/><F80/><W5/><G11/><N who="0" m="4455" /><D51/><N who="2" m="19466" /><F35/><W33/><G74/><T104/><D104/><U27/><E27/><V91/><F91/><W71/><G33/><T16/><D17/><U87/><E87/><V31/><F31/><W109/><G109/><T23/><AGARI ba="1,0" hai="15,16,23,53,54,83,84,89,93,99,103" m="4455" machi="23" ten="30,2000,0" yaku="8,1,54,1" doraHai="130" who="0" fromWho="0" sc="173,23,453,-11,250,-6,124,-6" /><INIT seed="2,0,0,3,4,127" ten="196,442,244,118" oya="2" hai0="90,34,1,101,59,66,77,37,46,74,81,78,124" hai1="107,79,60,48,99,36,54,45,120,88,118,68,28" hai2="87,134,57,35,17,29,51,10,24,102,3,97,13" hai3="103,55,85,67,70,113,75,86,133,11,52,108,114"/><V42/><F134/><W105/><G75/><T15/><D124/><U58/><E118/><V6/><F87/><N who="3" m="33291" /><G133/><T115/><D115/><N who="3" m="44041" /><G11/><T27/><D1/><U4/><E79/><V64/><F42/><W19/><G19/><T56/><D78/><U129/><E120/><V132/><F132/><W47/><G47/><T84/><D101/><U30/><E4/><V21/><F51/><W93/><G105/><T117/><D117/><U131/><E68/><V106/><F57/><W112/><N who="3" m="44049" /><W111/><DORA hai="116" /><G103/><T43/><D66/><AGARI ba="0,0" hai="3,6,10,13,17,21,24,29,35,64,66,97,102,106" machi="66" ten="40,3900,0" yaku="24,2" doraHai="127,116" who="2" fromWho="0" sc="196,-39,442,0,244,39,118,0" /><INIT seed="2,1,0,5,0,123" ten="157,442,283,118" oya="2" hai0="106,111,71,21,46,12,60,7,93,114,38,129,28" hai1="102,35,25,69,56,77,90,78,10,55,1,13,92" hai2="31,37,49,82,4,96,57,103,98,5,79,75,18" hai3="131,64,97,81,45,6,58,126,125,48,32,2,80"/><V104/><F37/><W66/><G32/><T107/><D114/><U24/><E69/><V54/><F31/><W119/><G119/><T53/><D129/><U59/><E1/><V30/><F30/><W17/><G131/><T63/><D71/><U85/><E102/><V23/><REACH who="2" step="1"/><F98/><REACH who="2" ten="157,442,273,118" step="2"/><W99/><G99/><T109/><D28/><U128/><E128/><V116/><F116/><W94/><G97/><T110/><D38/><U8/><E35/><V15/><AGARI ba="1,1" hai="4,5,15,18,23,49,54,57,75,79,82,96,103,104" machi="15" ten="20,3900,0" yaku="1,1,0,1,7,1,53,0" doraHai="123" doraHaiUra="122" who="2" fromWho="2" sc="157,-14,442,-14,273,52,118,-14" /><INIT seed="2,2,0,3,2,105" ten="143,428,325,104" oya="2" hai0="22,52,78,91,30,71,101,119,44,98,31,56,84" hai1="2,87,100,19,77,88,10,16,80,38,50,51,130" hai2="49,107,74,39,29,83,111,11,46,115,69,28,121" hai3="99,93,128,14,81,27,118,36,4,60,32,23,40"/><V9/><F121/><W64/><G118/><T75/><D71/><U97/><E38/><V37/><F115/><W43/><G128/><T1/><D1/><U114/><E114/><V82/><F107/><W113/><G113/><T21/><D119/><U48/><E130/><V18/><F69/><W132/><G132/><T70/><D70/><U135/><E135/><V95/><F95/><W3/><G81/><T133/><D44/><U15/><E2/><V55/><F111/><W42/><G3/><T57/><D133/><U131/><E131/><V54/><F49/><W35/><G36/><T6/><D6/><U127/><E127/><V53/><F53/><W89/><G14/><T106/><D56/><U47/><E19/><V94/><F94/><W73/><G4/><T129/><D129/><U12/><E15/><V126/><F18/><W85/><G85/><T34/><D34/><U109/><E109/><V61/><F46/><W134/><G134/><T0/><D0/><U120/><E120/><V59/><F59/><W41/><N who="3" m="10240" /><DORA hai="125" /><W7/><G7/><T103/><D103/><U24/><E24/><V72/><REACH who="2" step="1"/><F61/><REACH who="2" ten="143,428,315,104" step="2"/><W65/><G60/><T112/><D112/><U33/><E47/><V86/><F86/><W110/><G110/><T45/><D45/><U92/><REACH who="1" step="1"/><E33/><REACH who="1" ten="143,418,315,104" step="2"/><V17/><F17/><N who="3" m="12783" /><G32/><T8/><D31/><U76/><AGARI ba="2,2" hai="10,12,16,48,50,51,76,77,80,87,88,92,97,100" machi="76" ten="30,8000,1" yaku="1,1,0,1,8,1,54,2,53,0" doraHai="105,125" doraHaiUra="20,124" who="1" fromWho="1" sc="143,-22,418,106,315,-42,104,-22" /><INIT seed="3,0,0,1,4,37" ten="121,524,273,82" oya="3" hai0="84,51,82,66,41,17,115,34,71,50,85,128,94" hai1="19,125,62,24,12,36,126,70,43,131,13,38,48" hai2="90,124,47,107,28,61,101,18,106,35,27,104,117" hai3="81,119,75,16,39,91,100,97,23,132,32,40,87"/><W74/><G32/><T77/><D128/><U0/><E0/><V79/><F117/><W22/><G119/><T89/><D115/><U88/><E131/><V105/><F124/><W96/><G132/><T45/><D34/><U63/><E24/><V58/><F79/><W4/><G4/><T59/><D71/><U135/><E135/><V72/><F72/><W29/><G29/><T127/><D127/><U76/><E76/><V83/><F18/><W73/><G23/><T30/><D30/><U31/><E31/><V26/><F26/><W64/><G64/><T52/><D66/><U33/><E19/><AGARI ba="0,0" hai="17,19,41,45,50,51,52,59,77,82,84,85,89,94" machi="19" ten="40,5200,0" yaku="8,1,52,1,54,1" doraHai="37" who="0" fromWho="1" sc="121,52,524,-52,273,0,82,0" /><INIT seed="4,0,0,3,2,1" ten="173,472,273,82" oya="0" hai0="103,100,73,125,82,66,11,20,58,122,12,7,107" hai1="128,119,29,36,54,89,6,83,72,80,8,104,42" hai2="129,93,37,108,23,74,16,95,33,126,101,17,123" hai3="109,102,94,44,84,116,63,50,13,60,115,114,81"/><T87/><D122/><U39/><E104/><V19/><F108/><W111/><G102/><T130/><D130/><U32/><E119/><V18/><F123/><W22/><G94/><T90/><D125/><U78/><E128/><V9/><F33/><W34/><G34/><T59/><D73/><U38/><E54/><V71/><F37/><W35/><G35/><T56/><D107/><U30/><E32/><V27/><F71/><W51/><G22/><T117/><D117/><U96/><E42/><V127/><F74/><W15/><G116/><T0/><D66/><U45/><E45/><V118/><F118/><W97/><G84/><T48/><D0/><U133/><E133/><V88/><F129/><W43/><G81/><T64/><D64/><U28/><E83/><V113/><F113/><N who="3" m="43019" /><G97/><T67/><D67/><U5/><REACH who="1" step="1"/><E8/><REACH who="1" ten="173,462,273,82" step="2"/><V40/><F40/><W55/><G15/><T106/><D106/><U26/><E26/><V86/><REACH who="2" step="1"/><F9/><REACH who="2" ten="173,462,263,82" step="2"/><W47/><G13/><T132/><D132/><U41/><E41/><V105/><F105/><W57/><G44/><T120/><D120/><U98/><E98/><AGARI ba="0,2" hai="16,17,18,19,23,27,86,88,93,95,98,101,126,127" machi="98" ten="40,5200,0" yaku="1,1,54,2,53,0" doraHai="1" doraHaiUra="3" who="2" fromWho="1" sc="173,0,462,-52,263,72,82,0" /><INIT seed="5,0,0,3,1,2" ten="173,410,335,82" oya="1" hai0="25,6,3,86,65,119,17,125,113,128,1,116,68" hai1="43,41,130,54,38,60,129,87,37,31,107,102,57" hai2="48,58,5,106,18,101,81,105,134,108,19,74,28" hai3="14,131,36,0,20,26,111,33,32,120,118,109,95"/><U21/><E107/><V98/><F108/><W126/><G95/><T82/><D113/><U115/><E102/><V132/><F105/><W46/><G46/><T123/><D123/><U70/><E87/><V51/><F28/><W22/><G36/><N who="1" m="13930" /><E21/><N who="3" m="8298" /><G120/><T59/><D68/><U50/><E31/><V10/><F19/><W71/><G71/><T45/><D128/><N who="1" m="49259" /><E115/><V67/><F18/><W12/><G131/><T117/><D25/><U93/><E93/><V8/><F8/><W91/><G91/><T34/><D34/><N who="3" m="13417" /><G0/><T61/><D17/><U73/><E73/><V110/><F110/><N who="3" m="41995" /><G126/><T72/><D125/><U124/><E124/><V42/><F106/><W97/><G97/><T44/><D72/><U49/><E70/><V66/><F98/><W55/><G55/><T16/><D1/><U99/><E99/><V9/><F101/><W53/><G53/><T83/><D3/><U85/><E85/><V56/><F74/><W30/><G118/><T62/><D86/><U24/><E24/><V69/><F69/><W11/><G11/><T122/><D122/><U133/><E50/><V100/><F100/><W135/><G135/><T103/><D103/><U78/><E133/><V92/><F92/><W121/><G121/><T112/><D112/><U29/><E78/><V23/><F23/><AGARI ba="0,0" hai="12,14,23,26,30" m="41995,13417,8298" machi="23" ten="30,2000,0" yaku="34,2" doraHai="2" who="3" fromWho="2" sc="173,0,410,0,335,-20,82,20" /><INIT seed="6,0,0,0,4,67" ten="173,410,315,102" oya="2" hai0="122,83,37,58,56,128,73,131,109,112,53,41,76" hai1="100,107,91,26,90,60,101,24,105,123,49,93,17" hai2="95,19,102,0,110,38,70,8,75,134,45,103,64" hai3="87,30,115,22,126,42,96,69,68,4,106,111,125"/><V81/><F110/><W52/><G42/><T1/><D109/><U32/><E123/><V61/><F134/><W72/><G72/><T7/><D122/><U121/><E121/><V44/><F44/><W39/><G39/><T132/><D132/><U40/><E60/><V92/><F102/><N who="3" m="62791" /><G111/><T78/><D78/><U23/><E32/><V63/><F63/><W62/><G4/><T47/><D112/><U33/><E33/><V82/><F19/><W2/><G2/><T29/><D29/><U36/><E36/><V117/><F117/><W86/><G30/><T3/><D56/><U114/><E91/><V5/><F103/><W79/><G22/><T46/><D46/><N who="1" m="25799" /><E107/><V133/><F133/><W27/><G27/><N who="1" m="10282" /><E114/><V43/><REACH who="2" step="1"/><F81/><REACH who="2" ten="173,410,305,102" step="2"/><N who="3" m="47423" /><G115/><T34/><D47/><U135/><E135/><V54/><F54/><W48/><G62/><T50/><D53/><U15/><E105/><V113/><F113/><W6/><G6/><T10/><D7/><U11/><E11/><V35/><F35/><W94/><G94/><T25/><D10/><U9/><E9/><V127/><F127/><N who="3" m="48651" /><G87/><AGARI ba="0,1" hai="15,17,23,87,90,93,100,101" m="10282,25799" machi="87" ten="30,1000,0" yaku="8,1" doraHai="67" who="1" fromWho="3" sc="173,0,410,20,305,0,102,-10" /><INIT seed="7,0,0,3,1,3" ten="173,430,305,92" oya="3" hai0="2,133,135,48,110,57,113,51,35,43,38,90,128" hai1="16,131,111,71,104,54,56,0,116,41,1,32,55" hai2="63,4,47,89,103,108,33,28,30,66,18,134,62" hai3="121,123,21,124,92,119,132,70,78,129,53,122,26"/><W82/><G70/><T127/><D35/><U44/><E71/><V15/><F108/><W95/><G119/><T61/><D2/><U29/><E104/><V50/><F134/><N who="0" m="51210" /><D90/><U75/><E75/><V36/><F36/><W52/><G132/><T37/><D110/><U49/><E111/><V10/><F103/><W72/><G129/><T11/><D11/><U13/><E55/><V115/><F115/><W46/><G124/><T20/><D20/><U14/><E14/><V81/><F33/><W86/><G72/><T100/><D100/><U125/><E131/><V65/><F65/><W96/><G46/><N who="0" m="25695" /><D128/><U73/><E73/><V74/><F74/><W120/><N who="3" m="30720" /><DORA hai="58" /><W88/><REACH who="3" step="1"/><G95/><REACH who="3" ten="173,430,305,82" step="2"/><T77/><D127/><U101/><E125/><V105/><F47/><W64/><G64/><T130/><D130/><U79/><E116/><V97/><F66/><W6/><G6/><T67/><D113/><U91/><E44/><V19/><F4/><W112/><G112/><T31/><D67/><U25/><E56/><V118/><F118/><W109/><G109/><T93/><D57/><U7/><E7/><V40/><F105/><W45/><G45/><T34/><D93/><U27/><E41/><V39/><F40/><W9/><G9/><T69/><D69/><U60/><E54/><V98/><F10/><W8/><G8/><T5/><D5/><U68/><E68/><V76/><F39/><W22/><G22/><T24/><D38/><U17/><E1/><V99/><F81/><W83/><G83/><T23/><D37/><U59/><E0/><V114/><F114/><RYUUKYOKU ba="0,1" sc="173,-10,430,-10,305,-10,82,30" hai3="21,26,52,53,78,82,86,88,92,96" /><INIT seed="7,1,1,0,5,47" ten="163,420,295,112" oya="3" hai0="37,133,23,127,130,12,67,3,105,39,26,134,54" hai1="24,75,113,55,86,34,122,61,45,35,29,120,9" hai2="31,53,98,46,95,0,2,90,38,84,103,81,20" hai3="89,71,16,97,76,43,27,4,6,117,96,119,131"/><W99/><G71/><T110/><D110/><U107/><E75/><V15/><F2/><W41/><G131/><T85/><D130/><U114/><E107/><V109/><F0/><W21/><G76/><T116/><D116/><U49/><E35/><V69/><F69/><W28/><G119/><T58/><D3/><U64/><E9/><V36/><F109/><W1/><G117/><T40/><D105/><U78/><E86/><V82/><F36/><N who="0" m="13898" /><D40/><U100/><E100/><V79/><F38/><W77/><G77/><T129/><D129/><U13/><E13/><V32/><F32/><W52/><G89/><T59/><D12/><U102/><E102/><V68/><F68/><W57/><G28/><N who="0" m="17503" /><D67/><U115/><E78/><V17/><F31/><W14/><G1/><T101/><D101/><U80/><E80/><V118/><F118/><W18/><G43/><T74/><D74/><U62/><E64/><V10/><F79/><W25/><G41/><T7/><D7/><N who="3" m="2601" /><G18/><T66/><D66/><U44/><E44/><V83/><REACH who="2" step="1"/><F20/><REACH who="2" ten="163,420,285,112" step="2"/><W72/><G72/><T50/><D133/><U42/><E42/><V70/><F70/><W51/><AGARI ba="1,2" hai="14,16,21,25,27,51,52,57,96,97,99" m="2601" machi="51" ten="30,11700,0" yaku="8,1,52,1,54,2" doraHai="47" who="3" fromWho="3" sc="163,-40,420,-40,285,-40,112,140" /><INIT seed="7,2,0,3,5,57" ten="123,380,245,252" oya="3" hai0="85,123,15,8,24,41,68,49,96,89,9,16,98" hai1="70,45,22,12,135,67,1,7,122,94,118,128,19" hai2="30,61,62,91,105,54,80,59,29,87,33,3,13" hai3="129,130,107,27,72,76,111,102,78,133,25,125,99"/><W60/><G133/><T64/><D123/><U35/><E122/><V55/><F105/><W21/><G125/><T69/><D69/><U34/><E70/><V116/><F116/><W6/><G6/><T121/><D121/><U18/><E67/><V81/><F3/><W104/><G111/><T11/><D24/><U23/><E135/><V10/><F33/><W73/><G21/><T17/><D68/><U114/><E118/><V74/><F74/><W44/><G44/><T108/><D64/><U56/><E56/><N who="2" m="34967" /><F81/><W106/><G99/><T97/><D108/><U0/><E23/><V14/><F14/><W113/><G102/><T39/><D39/><U38/><E114/><V47/><F47/><W4/><G4/><AGARI ba="2,0" hai="4,10,13,29,30,55,59,62,80,87,91" m="34967" machi="4" ten="30,3900,0" yaku="8,1,52,2" doraHai="57" who="2" fromWho="3" sc="123,0,380,0,245,45,252,-45" owari="123,-38.0,380,48.0,290,9.0,207,-19.0" /></mjloggm>