<mjloggm ver="2.3"><GO type="169" lobby="0"/><UN n0="%E3%82%8A%E3%82%86%E3%83%BC" n1="%E7%AB%8B%E7%9B%B4%E5%BE%8C%E5%8D%B3%E6%94%BE%E9%8A%83" n2="%E5%86%AC%E9%A6%AC%E6%98%A5%E5%B8%8C" n3="%E6%B2%96%E3%83%92%E3%82%AB%E3%83%AB%EF%BC%88%E6%9C%AC%E7%89%A9%EF%BC%89" dan="18,16,16,16" rate="2256.43,2095.97,2097.10,2077.27" sx="M,F,M,F"/><TAIKYOKU oya="0"/><INIT seed="0,0,0,2,1,39" ten="250,250,250,250" oya="0" hai0="28,132,121,15,24,44,38,53,31,82,88,29,130" hai1="101,36,98,21,69,13,91,20,107,10,32,109,59" hai2="19,48,57,111,126,71,3,90,14,129,92,99,47" hai3="86,40,75,122,62,93,76,18,94,103,54,123,87"/><T26/><D121/><N who="3" m="46089" /><G54/><T77/><D132/><U34/><E109/><V135/><F71/><W66/><G18/><T41/><D130/><U45/><E69/><V58/><F3/><W80/><G40/><T30/><N who="0" m="7168" /><DORA hai="0" /><T25/><D15/><U61/><E91/><V85/><F126/><W8/><G8/><T23/><D88/><U97/><E98/><V96/><F111/><W37/><G37/><T1/><D1/><U4/><E34/><V11/><F135/><W106/><G62/><T56/><D23/><U89/><E89/><V9/><F9/><W33/><G66/><T7/><D7/><U49/><E36/><V81/><F99/><N who="3" m="61823" /><G33/><T65/><D65/><U118/><E118/><V100/><REACH who="2" step="1"/><F129/><REACH who="2" ten="250,250,240,250" step="2"/><W46/><G46/><T102/><D102/><U112/><E32/><V68/><F68/><W64/><G64/><T133/><D133/><U79/><E10/><V74/><F74/><W22/><G22/><T114/><D114/><U115/><E20/><V55/><AGARI ba="0,1" hai="11,14,19,47,48,55,57,58,81,85,90,92,96,100" machi="55" ten="20,16000,3" yaku="1,1,0,1,7,1,25,2,8,1,53,2" doraHai="39,0" doraHaiUra="52,124" who="2" fromWho="2" sc="250,-80,250,-40,240,170,250,-40" /><INIT seed="1,0,0,1,2,57" ten="170,210,410,210" oya="1" hai0="4,36,53,114,12,126,2,82,95,108,61,60,6" hai1="129,32,124,94,21,74,3,72,19,93,46,33,31" hai2="56,40,88,128,102,18,58,135,112,25,27,35,107" hai3="59,24,106,11,98,42,119,47,83,62,50,132,121"/><U134/><E3/><V89/><F40/><W48/><G121/><T68/><D114/><U92/><E31/><V5/><F5/><W9/><G119/><T16/><D36/><U105/><E105/><V28/><F128/><W8/><G132/><T71/><D2/><U122/><E122/><V73/><F73/><W37/><G24/><T118/><D118/><U69/><E134/><V34/><F135/><W81/><G50/><T44/><D82/><U7/><E7/><N who="0" m="2601" /><D71/><U55/><E129/><V100/><F18/><W45/><G98/><T125/><D68/><U75/><E124/><N who="0" m="47721" /><D95/><U52/><E69/><V115/><REACH who="2" step="1"/><F107/><REACH who="2" ten="170,210,400,210" step="2"/><W22/><G106/><T67/><D108/><U127/><E127/><V79/><F79/><W110/><G110/><T1/><D1/><U99/><E99/><V87/><F87/><W66/><REACH who="3" step="1"/><G22/><REACH who="3" ten="170,210,400,200" step="2"/><N who="0" m="11527" /><D67/><U90/><E33/><V109/><F109/><W10/><N who="3" m="2560" /><DORA hai="65" /><W70/><G70/><T39/><D39/><U43/><E32/><V130/><F130/><W51/><G51/><AGARI ba="0,2" hai="44,51,53,60,61" m="11527,47721,2601" machi="51" ten="30,7700,0" yaku="18,1,52,2,54,1" doraHai="57,65" who="0" fromWho="3" sc="170,97,210,0,400,0,200,-77" /><INIT seed="2,0,0,1,3,14" ten="267,210,400,123" oya="2" hai0="74,49,44,38,46,65,103,54,33,64,61,50,132" hai1="68,122,83,17,66,45,77,12,3,125,67,100,97" hai2="119,128,129,24,109,32,22,35,116,80,98,72,19" hai3="55,26,90,63,6,105,23,92,36,2,73,131,31"/><V134/><F72/><W15/><G105/><T89/><D74/><U101/><E125/><V20/><F98/><W16/><G131/><N who="2" m="50249" /><F80/><W85/><G73/><T40/><D33/><N who="2" m="12874" /><F134/><W62/><G36/><T88/><D132/><U41/><E3/><V7/><F109/><W76/><G76/><T70/><D103/><U58/><E68/><V57/><F57/><W135/><G135/><T42/><D65/><U107/><E101/><V69/><F69/><W52/><G6/><T117/><D117/><U18/><E58/><AGARI ba="0,0" hai="38,40,42,44,46,49,50,54,58,61,64,70,88,89" machi="58" ten="30,7700,0" yaku="7,1,24,2,54,1" doraHai="14" who="0" fromWho="1" sc="267,77,210,-77,400,0,123,0" /><INIT seed="3,0,0,5,4,90" ten="344,133,400,123" oya="3" hai0="104,42,61,71,65,31,7,78,80,112,53,94,100" hai1="113,91,76,130,21,120,26,119,52,79,19,109,59" hai2="40,63,20,83,74,54,38,6,73,102,64,55,133" hai3="123,3,25,128,30,27,35,99,0,106,107,92,17"/><W77/><G123/><T131/><D131/><U122/><E130/><V108/><F102/><W82/><G128/><T51/><D112/><U89/><E113/><V5/><F40/><W66/><G66/><T103/><D104/><U8/><E109/><V49/><F38/><W87/><G107/><T18/><D31/><U126/><E126/><V47/><F133/><W45/><G106/><T24/><D7/><U117/><E8/><V97/><F83/><W4/><G45/><T13/><D24/><U9/><E9/><V1/><F1/><W72/><G72/><T84/><D42/><U58/><E58/><V135/><F55/><W12/><G25/><T111/><D111/><U132/><E132/><V29/><F135/><W127/><G4/><T36/><D36/><U44/><E44/><V101/><F74/><W32/><G35/><T86/><D86/><U37/><E37/><V105/><F73/><W129/><G127/><T134/><D94/><U96/><E96/><V16/><F29/><W75/><G75/><T110/><D134/><U34/><E34/><V121/><F121/><W43/><G43/><T39/><D39/><U70/><E70/><V88/><F108/><W81/><G81/><T114/><D114/><U14/><E26/><N who="2" m="14599" /><F5/><W28/><G28/><T50/><D110/><U62/><E122/><V116/><F6/><W46/><G129/><T11/><D53/><U67/><E52/><V10/><F116/><N who="1" m="44617" /><E120/><V93/><F10/><N who="3" m="6295" /><G46/><T23/><D11/><U60/><E60/><V124/><F124/><W69/><G69/><T41/><D41/><U118/><E118/><RYUUKYOKU ba="0,0" sc="344,10,133,10,400,-30,123,10" hai0="13,18,23,50,51,61,65,71,78,80,84,100,103" hai1="14,19,21,59,62,67,76,79,89,91" hai3="0,3,27,30,32,77,82,87,92,99" /><INIT seed="3,1,0,2,3,8" ten="354,143,370,133" oya="3" hai0="80,1,111,56,134,20,17,78,126,19,75,113,62" hai1="44,108,47,85,127,132,60,39,64,36,5,58,33" hai2="87,97,46,66,3,51,9,24,21,112,82,37,116" hai3="73,29,45,65,102,118,133,22,107,14,122,98,23"/><W43/><G118/><T81/><D111/><U95/><E108/><V88/><F37/><W6/><G122/><T123/><D123/><U52/><E33/><V15/><F3/><W49/><G73/><T74/><D134/><U90/><E132/><V71/><F112/><W92/><G107/><T27/><D113/><U115/><E127/><V109/><F109/><W129/><G133/><T55/><D1/><U125/><E125/><V99/><F66/><W105/><G105/><T61/><D126/><U130/><E130/><V35/><F71/><W26/><G65/><T54/><D17/><U41/><E115/><V59/><F59/><W117/><G129/><T25/><D25/><U76/><E5/><V16/><F35/><W84/><G84/><T106/><D106/><U121/><E121/><V89/><F89/><W101/><G117/><T48/><D55/><U53/><REACH who="1" step="1"/><E76/><AGARI ba="1,0" hai="19,20,27,48,54,56,61,62,74,75,76,78,80,81" machi="76" ten="40,1300,0" yaku="9,1" doraHai="8" who="0" fromWho="1" sc="354,16,143,-16,370,0,133,0" /><INIT seed="4,0,0,2,1,38" ten="370,127,370,133" oya="0" hai0="69,36,109,129,12,95,133,43,46,64,85,98,7" hai1="101,57,135,22,115,68,8,59,63,49,121,99,71" hai2="72,87,50,60,27,5,100,62,39,14,134,130,118" hai3="123,132,40,58,76,128,44,31,119,21,105,11,127"/><T82/><D133/><U114/><E121/><V0/><F100/><W32/><G105/><T70/><D129/><U45/><E135/><V24/><F39/><W3/><G119/><T19/><D109/><U30/><E8/><V84/><F72/><W1/><G128/><T25/><D64/><U13/><E59/><V110/><F0/><W96/><G96/><T20/><D7/><U4/><E4/><V97/><F118/><W106/><G58/><T111/><D111/><U122/><E122/><V108/><F97/><W35/><G106/><T9/><D9/><U88/><E13/><V117/><F117/><W37/><G76/><T78/><REACH who="0" step="1"/><D25/><REACH who="0" ten="360,127,370,133" step="2"/><U28/><E115/><V56/><F5/><W53/><G11/><T89/><AGARI ba="0,1" hai="12,19,20,36,43,46,69,70,78,82,85,89,95,98" machi="89" ten="20,18000,2" yaku="1,1,2,1,0,1,7,1,52,1,53,1" doraHai="38" doraHaiUra="91" who="0" fromWho="0" sc="360,190,127,-60,370,-60,133,-60" /><INIT seed="4,1,0,1,4,132" ten="550,67,310,73" oya="0" hai0="127,56,40,64,93,13,82,109,116,52,37,12,115" hai1="112,32,129,36,78,96,77,130,27,35,57,133,47" hai2="33,110,14,89,74,6,114,106,126,39,0,85,79" hai3="31,134,42,59,16,81,58,8,46,15,103,101,28"/><T49/><D116/><U44/><E133/><V38/><F33/><N who="1" m="12873" /><E27/><V25/><F110/><W107/><G134/><T65/><D115/><U1/><E57/><V97/><F114/><W67/><G107/><T91/><D109/><U80/><E112/><V7/><F0/><W55/><G67/><T117/><D117/><U24/><E24/><V21/><F39/><W30/><G81/><T17/><D82/><U61/><E80/><N who="2" m="45175" /><F38/><W73/><G73/><T3/><D3/><U122/><E36/><V29/><F14/><W69/><G69/><T20/><D12/><U118/><E96/><V4/><F4/><W76/><G76/><N who="1" m="29290" /><E1/><V124/><F6/><W84/><G84/><T2/><D2/><U111/><E111/><V23/><F7/><W10/><G10/><T43/><D37/><U53/><E53/><V48/><F21/><W135/><G135/><T70/><D70/><U131/><E118/><V121/><F121/><W50/><G59/><T5/><D5/><U100/><E100/><N who="2" m="62735" /><F48/><AGARI ba="1,0" hai="8,15,16,28,30,31,42,46,48,50,55,58,101,103" machi="48" ten="40,2600,0" yaku="8,1,54,1" doraHai="132" who="3" fromWho="2" sc="550,0,67,0,310,-29,73,29" /><INIT seed="5,0,0,0,5,124" ten="550,67,281,102" oya="1" hai0="71,77,16,23,130,60,52,119,65,10,111,42,47" hai1="33,107,82,28,79,131,4,66,26,69,0,102,127" hai2="117,91,125,8,34,103,81,37,54,6,133,18,64" hai3="106,24,108,112,5,21,44,76,116,74,92,73,40"/><U68/><E127/><V39/><F34/><W13/><G106/><T97/><D111/><U61/><E68/><V27/><F64/><W86/><G108/><T46/><D119/><U45/><E45/><V62/><F103/><W101/><G116/><T85/><D97/><N who="1" m="61903" /><E82/><V32/><F133/><W100/><G112/><T25/><D130/><U129/><E79/><V22/><F32/><W120/><G120/><T59/><D42/><U104/><E104/><V50/><F62/><W15/><G74/><T123/><D123/><U41/><E41/><V63/><F63/><W2/><G15/><N who="0" m="7287" /><D65/><U90/><E90/><V121/><F121/><W36/><G13/><T49/><D49/><U12/><E12/><V58/><F117/><W113/><G113/><T89/><D77/><U35/><E35/><V30/><F18/><W56/><G56/><T31/><D71/><U96/><E96/><V98/><F125/><W83/><G86/><T29/><D29/><U99/><E99/><V17/><F30/><N who="3" m="17679" /><G92/><AGARI ba="0,0" hai="23,25,31,46,47,52,59,60,85,89,92" m="7287" machi="92" ten="30,3900,0" yaku="8,1,54,2" doraHai="124" who="0" fromWho="3" sc="550,39,67,0,281,0,102,-39" /><INIT seed="6,0,0,4,0,45" ten="589,67,281,63" oya="2" hai0="85,18,60,63,33,36,30,66,75,12,102,17,128" hai1="62,3,52,46,106,96,13,90,89,123,20,93,98" hai2="44,21,91,69,121,23,127,101,80,118,65,95,114" hai3="110,39,67,109,107,87,76,56,129,108,53,27,29"/><V14/><F118/><W50/><G107/><T51/><D75/><U113/><E113/><V55/><F121/><W61/><G39/><T133/><D36/><U37/><E3/><V70/><F127/><W43/><G43/><T116/><D133/><U5/><E123/><V64/><F101/><W24/><G129/><T11/><D128/><U34/><E34/><V117/><F117/><W58/><G29/><T42/><D102/><U22/><E37/><V97/><F69/><W99/><G99/><T77/><D18/><U122/><E122/><V131/><F114/><W81/><AGARI ba="0,0" hai="24,27,50,53,56,58,61,67,76,81,87,108,109,110" machi="81" ten="40,2700,0" yaku="0,1,52,1" doraHai="45" who="3" fromWho="3" sc="589,-7,67,-7,281,-13,63,27" /><INIT seed="7,0,0,1,4,96" ten="582,60,268,90" oya="3" hai0="103,71,79,110,3,17,86,13,0,49,132,44,120" hai1="114,95,99,123,85,4,113,107,56,51,11,33,125" hai2="48,38,117,57,112,126,25,134,30,119,23,82,100" hai3="128,130,88,104,90,74,97,2,40,41,102,89,72"/><W106/><G2/><T50/><D110/><U59/><E125/><V15/><F38/><W28/><G28/><T64/><D120/><U27/><E123/><V52/><F100/><N who="3" m="62479" /><G41/><T105/><D64/><U32/><E107/><V8/><F126/><W133/><G40/><T84/><D71/><U31/><E33/><V63/><F134/><W118/><G118/><T65/><D65/><U39/><E39/><V34/><F34/><W78/><G133/><T94/><D105/><U45/><E85/><V92/><F63/><W115/><G115/><T60/><D60/><U20/><E32/><V19/><F112/><W69/><G69/><T75/><D132/><U16/><E113/><V10/><F10/><W46/><G46/><T80/><D0/><U101/><E31/><V1/><F1/><W87/><G87/><T47/><D3/><U111/><E111/><V36/><F36/><W70/><G70/><T77/><D77/><U5/><E114/><V53/><F53/><W122/><G122/><T93/><D75/><N who="3" m="28713" /><G78/><T68/><D68/><U55/><E11/><V73/><F119/><W91/><N who="3" m="23040" /><DORA hai="21" /><W76/><G76/><T9/><D47/><U26/><E26/><V98/><F117/><W116/><G116/><T83/><D44/><U58/><AGARI ba="0,0" hai="4,5,16,20,27,45,51,55,56,58,59,95,99,101" machi="58" ten="30,8000,1" yaku="0,1,8,1,52,2,54,1" doraHai="96,21" who="1" fromWho="1" sc="582,-20,60,80,268,-20,90,-40" owari="562,66.0,140,-26.0,248,5.0,50,-45.0" /></mjloggm>