<mjloggm ver="2.3"><GO type="185" lobby="0"/><UN n0="%E3%83%B4%E3%82%A3%E3%83%AF%E3%82%B3%E3%82%B0%E3%83%8B" n1="%63%61%6C%63%2E" n2="%6A%68%6B%6C%3B%2E%3A%2F" n3="" dan="18,19,16,0" rate="2316.07,2390.14,2146.62,1500.00" sx="M,M,F,C"/><TAIKYOKU oya="0"/><INIT seed="0,0,0,1,4,94" ten="350,350,350,0" oya="0" hai0="64,65,110,62,75,124,2,47,128,113,67,36,1" hai1="73,69,88,109,40,108,115,78,84,43,53,81,34" hai2="130,87,57,41,91,125,32,131,127,66,39,122,55" hai3=""/><T61/><D113/><U49/><E34/><V132/><N who="2" m="31264" /><V134/><F32/><T101/><D75/><U121/><N who="1" m="31008" /><U105/><E69/><V45/><F66/><T106/><D128/><N who="2" m="49194" /><F91/><T79/><D79/><U123/><N who="1" m="31520" /><U95/><E105/><V118/><F87/><T104/><D101/><U85/><E115/><V54/><F118/><T42/><D110/><N who="1" m="42603" /><E84/><V98/><F98/><T133/><D1/><U72/><E73/><V52/><F57/><AGARI ba="0,0" hai="40,43,49,53,57,72,78,81,85,88,95" m="42603,31520,31008" machi="57" ten="30,7700,0" yaku="14,1,52,2,54,1" doraHai="94" who="1" fromWho="2" sc="350,0,350,77,350,-77,0,0" /><INIT seed="1,0,0,0,2,118" ten="350,427,273,0" oya="1" hai0="132,38,102,109,72,83,123,59,104,107,51,65,119" hai1="76,94,82,129,106,96,41,112,135,47,55,120,63" hai2="97,98,48,86,100,67,95,54,56,84,113,133,66" hai3=""/><U101/><N who="1" m="30752" /><U61/><E112/><V58/><F133/><T77/><N who="0" m="31520" /><T130/><D38/><U39/><E135/><V43/><F113/><T78/><D132/><U32/><E32/><V116/><F116/><T105/><D119/><U33/><E33/><V49/><F43/><T128/><D109/><U99/><E129/><N who="0" m="49769" /><D77/><U122/><N who="1" m="31264" /><U124/><E55/><V134/><F134/><T121/><N who="0" m="31008" /><T60/><D51/><U79/><E124/><V111/><F111/><T73/><D73/><U87/><REACH who="1" step="1"/><E79/><REACH who="1" ten="350,417,273,0" step="2"/><V2/><F54/><T74/><D74/><U50/><E50/><V37/><F37/><T90/><D90/><AGARI ba="0,1" hai="39,41,47,61,63,76,82,87,90,94,96,99,101,106" m="31264,30752" machi="90" ten="30,18000,2" yaku="1,1,7,1,52,4,53,0" doraHai="118" doraHaiUra="3" who="1" fromWho="0" sc="350,-180,417,190,273,0,0,0" /><INIT seed="1,1,0,4,1,40" ten="170,607,273,0" oya="1" hai0="69,95,50,134,117,125,96,116,126,99,114,132,56" hai1="3,106,88,93,52,94,37,130,70,85,80,107,100" hai2="49,86,74,47,119,105,112,127,45,128,62,76,123" hai3=""/><U32/><E3/><V122/><N who="2" m="31264" /><V124/><N who="2" m="31520" /><V53/><F119/><N who="0" m="45642" /><D69/><U111/><E32/><V59/><F112/><T34/><D34/><U54/><E70/><V75/><F105/><T120/><N who="0" m="30752" /><T36/><D36/><U43/><E130/><V89/><F128/><T115/><D56/><U98/><E111/><V35/><F35/><T51/><D51/><U48/><E54/><V77/><F62/><T63/><D50/><U110/><E110/><V41/><F41/><T57/><D57/><U58/><REACH who="1" step="1"/><E106/><REACH who="1" ten="170,597,273,0" step="2"/><V67/><F67/><T66/><D66/><U81/><E81/><V0/><F0/><T82/><D82/><U91/><E91/><V121/><N who="2" m="31008" /><V2/><F2/><T83/><D83/><U46/><AGARI ba="1,1" hai="37,43,46,48,52,58,80,85,88,93,94,98,100,107" machi="46" ten="30,8000,1" yaku="1,1,0,1,52,1,54,2,53,0" doraHai="40" doraHaiUra="135" who="1" fromWho="1" sc="170,-41,597,92,273,-41,0,0" /><INIT seed="1,2,0,3,3,113" ten="129,689,232,0" oya="1" hai0="80,112,73,64,99,94,93,53,85,60,124,45,133" hai1="90,59,3,35,100,32,89,116,135,131,71,63,127" hai2="40,110,58,38,33,102,91,105,43,54,70,67,48" hai3=""/><U47/><E3/><V55/><F110/><T115/><D73/><U66/><E100/><V123/><N who="2" m="31520" /><V126/><F33/><T109/><D109/><U92/><E47/><V118/><F118/><T79/><D133/><U78/><E78/><V104/><F126/><T2/><D2/><U114/><E114/><V120/><N who="2" m="30752" /><V37/><F102/><T117/><D124/><U75/><E75/><V95/><F70/><T128/><D128/><U68/><E127/><V65/><F91/><T97/><D45/><U72/><E72/><V83/><F95/><T62/><D53/><U107/><E107/><V111/><F111/><T69/><D60/><U57/><E63/><V56/><REACH who="2" step="1"/><F48/><REACH who="2" ten="129,689,222,0" step="2"/><T50/><D50/><U129/><E116/><V121/><N who="2" m="31008" /><V130/><F130/><T39/><D117/><U103/><E103/><V132/><F132/><T46/><D94/><U0/><E135/><V86/><F86/><T34/><D34/><U96/><E92/><V77/><F77/><T74/><D85/><U51/><E51/><V41/><F41/><T108/><D108/><U42/><E42/><V87/><F87/><T122/><N who="0" m="31264" /><T36/><D93/><U125/><E125/><V119/><F119/><T98/><D112/><RYUUKYOKU ba="2,1" sc="129,-10,689,-10,222,20,0,0" hai2="37,38,40,43,54,55,56,58,65,67,83,104,105" /><INIT seed="2,3,1,4,1,107" ten="119,679,242,0" oya="2" hai0="49,76,84,43,135,47,37,111,44,123,77,129,1" hai1="36,81,32,106,89,40,127,97,125,122,53,131,119" hai2="99,93,87,133,41,114,101,109,2,121,132,73,78" hai3=""/><V60/><N who="2" m="31008" /><V72/><F2/><T105/><N who="0" m="31520" /><T39/><D1/><U34/><N who="1" m="31264" /><U100/><E131/><V46/><F109/><T3/><D3/><U90/><E119/><V134/><F114/><T118/><D118/><U124/><E53/><V82/><REACH who="2" step="1"/><F60/><REACH who="2" ten="119,679,232,0" step="2"/><T55/><D111/><U35/><E32/><V85/><F85/><T67/><D84/><U0/><E0/><V33/><F33/><T38/><D129/><U91/><E34/><V94/><F94/><T66/><D105/><U59/><E35/><V70/><F70/><T120/><N who="0" m="30752" /><T52/><D135/><U74/><E106/><V98/><F98/><T65/><REACH who="0" step="1"/><D55/><REACH who="0" ten="109,679,232,0" step="2"/><U104/><E104/><V116/><F116/><T50/><AGARI ba="3,3" hai="37,38,39,43,44,47,49,50,52,65,66,67,76,77" m="30752,31520" machi="50" ten="40,12000,3" yaku="1,1,2,1,0,1,52,2,54,1,53,3" doraHai="107" doraHaiUra="62" who="0" fromWho="0" sc="109,156,679,-43,232,-83,0,0" /><INIT seed="4,0,0,3,0,47" ten="265,636,149,0" oya="0" hai0="34,39,102,115,89,103,134,58,2,97,112,110,96" hai1="123,65,98,60,0,85,75,104,81,131,1,100,114" hai2="130,74,129,83,117,93,40,61,32,109,67,43,79" hai3=""/><T133/><D2/><U68/><N who="1" m="31520" /><U76/><E131/><V135/><F32/><T91/><D39/><U92/><E114/><N who="0" m="43561" /><D34/><U94/><E94/><V113/><F113/><T106/><D110/><U35/><E35/><V59/><F117/><T38/><D38/><U88/><AGARI ba="0,0" hai="0,1,60,65,68,75,76,81,85,88,92,98,100,104" m="31520" machi="88" ten="30,6000,1" yaku="0,1,24,2,52,1,54,1" doraHai="47" who="1" fromWho="1" sc="265,-40,636,60,149,-20,0,0" /><INIT seed="5,0,0,4,0,83" ten="225,696,129,0" oya="1" hai0="94,2,45,40,126,100,107,104,119,97,79,76,102" hai1="64,65,46,42,105,133,90,47,101,85,122,93,35" hai2="33,95,70,116,86,130,135,89,132,1,131,39,56" hai3=""/><U78/><N who="1" m="31264" /><U81/><E35/><V66/><F33/><T73/><D2/><U41/><E133/><N who="2" m="51275" /><F1/><T53/><D126/><U80/><E105/><V91/><F39/><T98/><D119/><U44/><E101/><V57/><F116/><T3/><D3/><U51/><E80/><V87/><F70/><T92/><D53/><U60/><E60/><V69/><F69/><T0/><D0/><U111/><E111/><V72/><F72/><T48/><D73/><U55/><E42/><V84/><F66/><T74/><D74/><U117/><E117/><V82/><F57/><T109/><D109/><U110/><E110/><V113/><F56/><T123/><N who="0" m="31520" /><T129/><D129/><N who="2" m="49162" /><F113/><T114/><D114/><U134/><E134/><V125/><F125/><T43/><D45/><N who="1" m="17515" /><E55/><V52/><F52/><T103/><D40/><U124/><E124/><V108/><F108/><T36/><D36/><U127/><E127/><V71/><F71/><T120/><D43/><U67/><E65/><V32/><F32/><T99/><N who="0" m="30752" /><T38/><D38/><U121/><N who="1" m="31008" /><U68/><E68/><V106/><F106/><T63/><D63/><U59/><E59/><V112/><F112/><T96/><D48/><U37/><E41/><RYUUKYOKU ba="0,0" sc="225,10,696,-20,129,10,0,0" hai0="76,79,92,94,96,97,98,99,100,102,103,104,107" hai2="82,84,86,87,89,91,95" /><INIT seed="6,1,0,0,2,115" ten="235,676,139,0" oya="2" hai0="81,131,94,86,105,87,126,56,103,32,62,88,55" hai1="98,132,116,42,120,90,1,97,92,113,106,45,133" hai2="80,109,38,64,43,129,66,121,57,134,59,93,68" hai3=""/><V102/><F134/><N who="1" m="51817" /><E116/><V69/><N who="2" m="31008" /><V110/><F129/><T78/><D131/><U48/><E113/><V53/><F80/><T52/><D32/><U89/><E1/><V35/><F35/><T0/><D0/><U75/><E75/><V60/><F93/><T76/><D126/><U101/><E89/><V50/><F102/><T112/><D112/><U91/><E91/><V84/><F84/><T96/><D55/><U119/><E119/><V70/><REACH who="2" step="1"/><F66/><REACH who="2" ten="235,676,129,0" step="2"/><T122/><N who="0" m="31264" /><AGARI ba="1,1" hai="42,45,48,90,92,97,98,101,106,120,122" m="51817" machi="122" ten="30,1000,0" yaku="20,1" doraHai="115" who="1" fromWho="0" sc="235,-12,676,22,129,0,0,0" owari="223,-18.0,698,65.0,129,-47.0,0,0.0" /></mjloggm>