<mjloggm ver="2.3"><GO type="169" lobby="0"/><UN n0="%E3%81%AF%E3%81%84%E3%81%A6%E3%82%93%E3%81%BC%E3%83%BC" n1="%EF%BC%A0%E3%81%86%E3%81%95%E3%81%BF%E3%82%93" n2="%E9%95%B7%E5%B2%A1" n3="%E3%81%8B%E3%82%8A%E3%82%93%E3%81%95%E3%82%93" dan="16,16,17,18" rate="2176.97,2138.92,2193.19,2213.08" sx="M,M,M,M"/><TAIKYOKU oya="0"/><INIT seed="0,0,0,3,1,9" ten="250,250,250,250" oya="0" hai0="112,18,29,78,66,130,11,107,60,2,104,21,67" hai1="10,86,54,87,69,122,134,95,123,126,125,19,25" hai2="15,58,127,27,48,68,121,65,115,88,119,6,129" hai3="103,75,133,71,38,47,4,106,17,16,72,76,84"/><T113/><D78/><U28/><E69/><V50/><F121/><W120/><G120/><T64/><D29/><U98/><E134/><V111/><F115/><W22/><G71/><T90/><D130/><U92/><E123/><V36/><F36/><W31/><G133/><T53/><D90/><U124/><E54/><V79/><F79/><W24/><G4/><T26/><D113/><U59/><E59/><V51/><F129/><W7/><G7/><T33/><D33/><U13/><E122/><V105/><F105/><W52/><G84/><T0/><D112/><U77/><E77/><V117/><F111/><W39/><G39/><T46/><D60/><U32/><REACH who="1" step="1"/><E92/><REACH who="1" ten="250,240,250,250" step="2"/><V8/><F68/><W91/><G76/><T45/><D53/><U20/><E20/><V114/><F114/><W101/><G106/><T44/><D107/><U93/><E93/><V35/><F58/><W99/><G52/><T63/><D104/><U70/><E70/><V89/><F65/><W74/><G47/><T12/><REACH who="0" step="1"/><D63/><REACH who="0" ten="240,240,250,250" step="2"/><U102/><AGARI ba="0,2" hai="10,13,19,25,28,32,86,87,95,98,102,124,125,126" machi="102" ten="30,7900,0" yaku="1,1,0,1,18,1,52,1,53,0" doraHai="9" doraHaiUra="42" who="1" fromWho="1" sc="240,-39,240,99,250,-20,250,-20" /><INIT seed="1,0,0,0,2,99" ten="201,339,230,230" oya="1" hai0="77,87,23,17,101,111,35,112,80,16,50,97,121" hai1="133,12,64,28,115,106,119,126,18,116,34,41,54" hai2="114,103,3,24,113,117,58,68,59,109,25,44,37" hai3="11,31,89,71,39,81,29,96,102,94,10,110,123"/><U65/><E115/><N who="2" m="44043" /><F117/><W45/><G123/><T55/><D112/><U53/><E106/><V131/><F68/><W92/><G71/><T84/><D35/><U8/><E41/><N who="2" m="22575" /><F109/><W107/><G110/><T72/><D121/><U67/><E133/><V90/><F131/><W62/><G62/><T19/><D111/><U86/><E126/><V122/><F3/><W0/><G107/><T57/><REACH who="0" step="1"/><D23/><REACH who="0" ten="191,339,230,230" step="2"/><U4/><E119/><V56/><F122/><W61/><G11/><T15/><D15/><U32/><E32/><V47/><F25/><W127/><G10/><T125/><D125/><U135/><E116/><V69/><F24/><W46/><G127/><T22/><D22/><U2/><E135/><V83/><F69/><W82/><G0/><T76/><D76/><U26/><E86/><N who="2" m="50527" /><F47/><W100/><G39/><T13/><D13/><U74/><REACH who="1" step="1"/><E74/><REACH who="1" ten="191,329,230,230" step="2"/><V1/><F1/><W52/><G96/><T85/><D85/><U66/><N who="1" m="16384" /><DORA hai="49" /><U132/><E132/><V98/><F98/><W43/><G43/><T129/><D129/><U36/><E36/><V30/><F58/><W40/><G40/><T93/><AGARI ba="0,2" hai="16,17,19,50,55,57,72,77,80,84,87,93,97,101" machi="93" ten="30,8000,1" yaku="1,1,0,1,52,2,54,1,53,0" doraHai="99,49" doraHaiUra="108,128" who="0" fromWho="0" sc="191,100,329,-40,230,-20,230,-20" /><INIT seed="2,0,0,2,3,132" ten="291,289,210,210" oya="2" hai0="42,110,123,39,8,127,76,63,68,124,55,103,3" hai1="109,111,71,10,129,75,21,19,97,106,0,70,98" hai2="116,101,49,34,7,1,24,4,84,87,29,20,22" hai3="115,99,83,95,37,35,78,17,23,44,74,114,14"/><V119/><F101/><W45/><G35/><T100/><D123/><U108/><E75/><V77/><F49/><W93/><G93/><T112/><D112/><N who="3" m="43049" /><G37/><T107/><D110/><U79/><E79/><V113/><F113/><W59/><G59/><T38/><D76/><U43/><E43/><V67/><F67/><W90/><AGARI ba="0,0" hai="14,17,23,44,45,74,78,83,90,95,99" m="43049" machi="90" ten="30,1100,0" yaku="11,1" doraHai="132" who="3" fromWho="3" sc="291,-3,289,-3,210,-5,210,11" /><INIT seed="3,0,0,4,4,4" ten="288,286,205,221" oya="3" hai0="121,36,19,84,17,0,112,10,5,9,24,100,43" hai1="72,63,96,65,42,21,59,41,28,81,104,135,125" hai2="3,54,87,130,92,133,111,108,15,90,71,38,114" hai3="116,134,6,82,86,88,67,102,47,8,44,89,52"/><W107/><G116/><T80/><D121/><U68/><E135/><V62/><F114/><W122/><G122/><T39/><D112/><U79/><E125/><V128/><F3/><W110/><G134/><T31/><D100/><U32/><E21/><V51/><F38/><W53/><G67/><T69/><D69/><U66/><E59/><V61/><F133/><W13/><G110/><N who="2" m="42025" /><F15/><W124/><G124/><T1/><D43/><U45/><E66/><N who="2" m="41423" /><F62/><W58/><G107/><T46/><D46/><AGARI ba="0,0" hai="46,51,54,87,90,92,128,130" m="41423,42025" machi="46" ten="30,1000,0" yaku="14,1" doraHai="4" who="2" fromWho="0" sc="288,-10,286,0,205,10,221,0" /><INIT seed="4,0,0,3,4,63" ten="278,286,215,221" oya="0" hai0="79,7,17,10,41,73,126,118,87,103,54,99,21" hai1="60,133,52,127,115,32,48,123,125,108,98,42,121" hai2="131,62,49,113,57,74,129,107,72,47,5,104,26" hai3="120,8,59,117,95,75,36,114,20,89,0,23,102"/><T83/><D118/><U22/><E32/><V101/><F5/><W64/><G117/><T6/><D126/><N who="1" m="48139" /><E108/><V80/><F26/><W84/><G120/><N who="1" m="46154" /><E98/><N who="2" m="61495" /><F80/><W91/><G75/><T11/><D41/><U85/><E85/><V122/><F107/><W46/><G102/><T25/><D73/><U128/><E22/><V68/><F68/><W132/><G23/><T28/><D54/><U66/><E133/><V38/><F122/><W90/><G20/><T86/><D86/><U61/><E128/><N who="2" m="49227" /><F72/><W2/><G132/><T112/><D112/><U39/><E115/><V13/><F113/><W119/><G114/><T111/><D111/><U34/><E34/><V43/><F74/><W134/><G119/><T130/><D130/><U65/><E39/><V44/><F38/><W88/><G134/><T56/><D56/><N who="1" m="34823" /><E61/><V16/><F47/><AGARI ba="0,0" hai="42,47,48,65,66" m="34823,46154,48139" machi="47" ten="30,12000,2" yaku="18,1,34,2,52,2,54,1" doraHai="63" who="1" fromWho="2" sc="278,0,286,120,215,-120,221,0" /><INIT seed="5,0,0,2,4,17" ten="278,406,95,221" oya="1" hai0="110,12,3,89,69,55,108,133,44,76,119,131,114" hai1="13,18,118,63,10,87,30,62,81,92,54,19,70" hai2="39,112,90,73,45,7,127,109,128,11,71,113,103" hai3="33,41,78,97,25,8,132,105,72,53,49,86,37"/><U120/><E118/><V9/><F109/><W16/><G132/><T23/><D3/><U101/><E120/><V20/><F73/><W42/><G72/><T46/><D69/><U24/><E70/><V31/><F71/><W51/><G37/><T43/><D119/><U129/><E19/><V88/><F103/><W35/><G105/><T104/><D104/><U95/><E129/><V65/><F65/><W85/><G78/><T98/><D76/><U80/><E80/><V135/><F135/><W91/><G33/><T100/><D133/><U26/><E26/><N who="2" m="16839" /><F128/><W117/><G35/><T82/><D100/><U61/><E101/><V84/><F127/><W47/><G42/><T94/><D131/><U2/><E2/><V130/><F130/><W68/><G68/><T59/><D82/><U27/><E27/><V60/><F60/><W77/><G77/><T36/><D46/><U32/><REACH who="1" step="1"/><E54/><REACH who="1" ten="278,396,95,221" step="2"/><V64/><F7/><W111/><G117/><T0/><D0/><U134/><E134/><V126/><F126/><W93/><G111/><T67/><D108/><U22/><E22/><V28/><F28/><W75/><G25/><T83/><D83/><U115/><E115/><N who="2" m="44107" /><F64/><W15/><REACH who="3" step="1"/><G75/><REACH who="3" ten="278,396,95,211" step="2"/><T123/><D114/><U66/><E66/><V56/><F11/><W5/><G5/><T14/><D67/><U74/><E74/><V107/><F9/><W34/><G34/><T4/><D4/><U106/><E106/><V38/><F107/><W58/><AGARI ba="0,2" hai="8,15,16,41,47,49,51,53,58,85,86,91,93,97" machi="58" ten="20,8000,1" yaku="1,1,0,1,7,1,8,1,54,1,53,0" doraHai="17" doraHaiUra="96" who="3" fromWho="3" sc="278,-20,396,-40,95,-20,211,100" /><INIT seed="6,0,0,2,3,28" ten="258,356,75,311" oya="2" hai0="112,100,98,11,83,92,76,10,78,45,73,66,74" hai1="124,108,85,80,32,57,26,113,42,114,81,31,93" hai2="51,82,118,62,17,67,119,134,63,75,54,47,44" hai3="107,30,77,15,41,72,4,129,88,133,90,19,126"/><V115/><F17/><W18/><G107/><T2/><D112/><N who="1" m="43115" /><E108/><V59/><F115/><W61/><G126/><T60/><D2/><U130/><E130/><V125/><F75/><W1/><G1/><T56/><D45/><N who="2" m="17482" /><F82/><AGARI ba="0,0" hai="10,11,56,60,66,73,74,76,78,82,83,92,98,100" machi="82" ten="40,1300,0" yaku="9,1" doraHai="28" who="0" fromWho="2" sc="258,13,356,0,75,-13,311,0" /><INIT seed="7,0,0,0,3,120" ten="271,356,62,311" oya="3" hai0="131,63,16,104,71,119,77,102,72,94,73,127,111" hai1="52,124,76,98,85,78,31,38,30,41,19,83,8" hai2="18,1,37,53,68,29,84,10,100,80,113,64,81" hai3="35,69,88,56,110,91,46,0,121,125,90,28,24"/><W26/><G121/><T128/><D119/><U89/><E124/><V36/><F113/><W123/><G123/><T133/><D71/><U82/><E41/><V97/><F53/><W3/><G69/><T70/><D70/><U61/><E38/><V4/><F81/><W117/><G117/><T25/><D104/><U13/><E98/><V115/><F115/><W135/><G125/><T93/><D127/><U2/><E2/><V54/><F54/><W58/><G135/><T75/><D63/><U134/><E134/><V65/><F65/><W44/><G110/><T43/><D43/><U42/><E42/><V9/><F9/><W22/><G3/><T39/><D39/><U51/><E61/><V57/><F57/><N who="3" m="22123" /><G0/><T114/><D114/><U101/><E101/><V108/><F108/><W50/><G35/><T87/><D133/><U132/><E132/><V55/><F55/><N who="3" m="30151" /><G26/><T96/><D111/><U11/><E11/><V74/><F68/><W106/><G106/><T60/><D60/><U103/><E103/><V116/><F116/><W47/><AGARI ba="0,0" hai="22,24,28,46,47,88,90,91" m="30151,22123" machi="47" ten="30,3000,0" yaku="8,1,54,1" doraHai="120" who="3" fromWho="3" sc="271,-10,356,-10,62,-10,311,30" /><INIT seed="7,1,0,4,3,110" ten="261,346,52,341" oya="3" hai0="105,8,64,43,40,31,100,65,66,88,104,123,58" hai1="32,47,79,16,125,77,95,56,3,13,18,84,5" hai2="72,30,124,26,134,63,49,82,109,86,67,135,24" hai3="28,46,83,129,73,133,39,94,69,78,2,12,0"/><W87/><G69/><T93/><D123/><U38/><E32/><V127/><F86/><W42/><G133/><T111/><D111/><U54/><E3/><V106/><F106/><W61/><G129/><T34/><D100/><U91/><E125/><V33/><F49/><W37/><G37/><T57/><D8/><N who="1" m="4239" /><E47/><V70/><F109/><W71/><G28/><T90/><D34/><U119/><E38/><V19/><F19/><N who="1" m="7209" /><E119/><V17/><F17/><W50/><G12/><T80/><D31/><U96/><E84/><V20/><F20/><W120/><G120/><T35/><D35/><U75/><E75/><V22/><F22/><W97/><G73/><T101/><D101/><U74/><E74/><V48/><F48/><AGARI ba="1,0" hai="48,54,56,77,79,91,95,96" m="7209,4239" machi="48" ten="30,2000,0" yaku="8,1,54,1" doraHai="110" who="1" fromWho="2" sc="261,0,346,23,52,-23,341,0" owari="261,-14.0,369,47.0,29,-47.0,341,14.0" /></mjloggm>