<mjloggm ver="2.3"><GO type="185" lobby="0"/><UN n0="%E3%83%A6%E3%83%B3%E3%82%B0%E3%83%99%E3%83%AA" n1="%E3%81%82%E3%81%96%E3%81%B6" n2="%E3%81%BE%E3%81%A3%E3%81%97%E3%83%BC" n3="" dan="16,17,16,0" rate="2128.36,2267.17,2234.28,1500.00" sx="M,M,F,C"/><TAIKYOKU oya="0"/><INIT seed="0,0,0,2,1,132" ten="350,350,350,0" oya="0" hai0="32,88,58,102,123,130,87,113,124,57,92,125,81" hai1="100,0,66,117,107,68,33,40,94,39,101,75,79" hai2="53,63,127,48,77,135,44,51,119,104,95,46,45" hai3=""/><T86/><N who="0" m="31520" /><T122/><N who="0" m="31264" /><T126/><D113/><U112/><E112/><V89/><F104/><T56/><D130/><U55/><E33/><V99/><F135/><T43/><D32/><U110/><E117/><V109/><F119/><T74/><D74/><U85/><E0/><V90/><F109/><T1/><D1/><U93/><E110/><V118/><F118/><T91/><D102/><U52/><E107/><V133/><F133/><T120/><N who="0" m="30752" /><T72/><D72/><U59/><E75/><V76/><F127/><T41/><AGARI ba="0,0" hai="41,43,56,57,58,81,86,87,88,91,92,124,125,126" m="30752,31264,31520" machi="41" ten="40,16000,3" yaku="0,1,18,1,52,6,54,1" doraHai="132" who="0" fromWho="0" sc="350,160,350,-80,350,-80,0,0" /><INIT seed="0,1,0,1,5,92" ten="510,270,270,0" oya="0" hai0="77,46,100,47,108,91,107,33,97,88,34,126,89" hai1="80,135,50,104,130,78,32,119,53,35,124,122,38" hai2="54,37,44,84,74,134,73,62,131,48,1,68,132" hai3=""/><T42/><D126/><U40/><N who="1" m="31264" /><U75/><E119/><V109/><F1/><T63/><D108/><U102/><E124/><V72/><F109/><T99/><D77/><U117/><E117/><V128/><F37/><T87/><D87/><U36/><E130/><N who="2" m="49707" /><F84/><T129/><D129/><U64/><E135/><N who="2" m="51755" /><F62/><T111/><D111/><U103/><E38/><V116/><F116/><T105/><D63/><U127/><E36/><V59/><F68/><T65/><D65/><U94/><E64/><V86/><F86/><T110/><D110/><U58/><E35/><V76/><F59/><T125/><D125/><U82/><E58/><V133/><N who="2" m="51763" /><V61/><DORA hai="51" /><F61/><T96/><D100/><U71/><E102/><V115/><F115/><T90/><N who="0" m="22528" /><DORA hai="81" /><T3/><D3/><U120/><E103/><V66/><F66/><T118/><D118/><U113/><E113/><V101/><F101/><T123/><N who="0" m="31520" /><T70/><D70/><U83/><E71/><V85/><F85/><T39/><REACH who="0" step="1"/><D46/><REACH who="0" ten="500,270,270,0" step="2"/><U2/><E2/><V98/><F76/><T67/><D67/><U121/><E78/><V45/><F44/><T69/><D69/><U49/><N who="1" m="30752" /><U112/><N who="1" m="31008" /><U79/><E79/><V0/><F0/><RYUUKYOKU ba="1,1" sc="500,10,270,-20,270,10,0,0" hai0="33,34,39,42,47,96,97,99,105,107" hai2="45,48,54,72,73,74,98" /><INIT seed="0,2,1,4,2,94" ten="510,250,280,0" oya="0" hai0="97,102,130,53,58,82,107,56,41,72,60,69,132" hai1="44,34,88,106,96,125,115,135,121,37,78,116,99" hai2="0,47,54,101,45,62,40,131,95,111,74,123,98" hai3=""/><T39/><D130/><U1/><RYUUKYOKU type="yao9" ba="2,1" sc="510,0,250,0,280,0,0,0" hai1="1,34,37,44,78,88,96,99,106,115,116,121,125,135" /><INIT seed="0,3,1,3,0,61" ten="510,250,280,0" oya="0" hai0="119,100,75,33,39,50,72,57,87,117,112,99,129" hai1="114,34,124,130,82,94,52,106,66,98,108,71,91" hai2="92,41,77,74,1,110,103,73,113,102,48,107,126" hai3=""/><T3/><D39/><U37/><E34/><V78/><F1/><T95/><D3/><U90/><E108/><V83/><F41/><T68/><D33/><U93/><E130/><V35/><F48/><T36/><D36/><U123/><N who="1" m="31520" /><U88/><E124/><V135/><F35/><T56/><D68/><U54/><E114/><V118/><F110/><T62/><D112/><U104/><E37/><V45/><F45/><T96/><D129/><U125/><E125/><V79/><F113/><T76/><D50/><U65/><E82/><V120/><N who="2" m="30752" /><V58/><F58/><T42/><D42/><U32/><E32/><V67/><F67/><T64/><D57/><U132/><E132/><V115/><F115/><T81/><REACH who="0" step="1"/><D96/><REACH who="0" ten="500,250,280,0" step="2"/><U0/><E0/><V122/><N who="2" m="31264" /><V101/><F126/><T85/><D85/><U46/><E71/><V109/><F109/><T40/><D40/><U55/><E46/><V133/><F133/><T63/><D63/><U2/><E2/><V53/><F135/><T131/><D131/><U44/><E44/><V121/><F74/><AGARI ba="3,2" hai="56,62,64,72,74,75,76,81,87,95,99,100,117,119" machi="74" ten="40,3900,0" yaku="1,1,52,1,53,0" doraHai="61" doraHaiUra="69" who="0" fromWho="2" sc="500,65,250,0,280,-45,0,0" /><INIT seed="0,4,0,5,1,102" ten="565,250,235,0" oya="0" hai0="35,121,58,97,69,123,3,88,98,84,70,33,2" hai1="76,41,118,130,74,57,110,132,77,122,82,94,51" hai2="45,91,107,93,34,50,64,32,116,131,80,103,44" hai3=""/><T105/><N who="0" m="31008" /><T92/><N who="0" m="31520" /><T62/><D33/><U42/><N who="1" m="31264" /><U114/><E118/><V72/><F116/><T68/><D35/><U39/><E110/><V49/><F131/><T124/><D124/><U65/><E132/><V129/><F129/><T108/><D108/><U0/><E0/><V73/><F64/><T71/><N who="0" m="17408" /><DORA hai="90" /><T127/><D127/><U133/><E114/><V54/><F103/><T37/><D37/><U78/><E133/><V46/><F107/><T89/><D98/><U56/><E39/><V87/><F73/><T112/><D112/><U135/><E135/><V134/><F134/><T86/><D86/><U36/><E36/><V125/><F125/><T53/><REACH who="0" step="1"/><D105/><REACH who="0" ten="555,250,235,0" step="2"/><U52/><E130/><V59/><F34/><T83/><AGARI ba="4,1" hai="2,3,53,58,62,83,84,88,89,92,97" m="17408,31520,31008" machi="83" ten="60,16000,3" yaku="1,1,2,1,0,1,52,3,54,1,53,2" doraHai="102,90" doraHaiUra="119,60" who="0" fromWho="0" sc="555,178,250,-84,235,-84,0,0" /><INIT seed="0,5,0,3,4,129" ten="733,166,151,0" oya="0" hai0="95,36,107,45,98,68,135,90,120,88,125,74,115" hai1="97,130,56,2,57,63,70,112,81,87,54,66,67" hai2="103,116,65,104,53,108,49,113,62,84,58,80,99" hai3=""/><T55/><N who="0" m="30752" /><T86/><D115/><U132/><E2/><V77/><F113/><T122/><N who="0" m="31264" /><T118/><D118/><U96/><E112/><V64/><F116/><T100/><D68/><U71/><E130/><V131/><F131/><T41/><D125/><U92/><E97/><V83/><F108/><T93/><D74/><U32/><E32/><V85/><F62/><T40/><D135/><U109/><E132/><V78/><AGARI ba="5,0" hai="49,53,58,64,65,77,78,80,83,84,85,99,103,104" machi="78" ten="20,2000,0" yaku="0,1,7,1,9,1" doraHai="129" who="2" fromWho="2" sc="733,-18,166,-12,151,30,0,0" /><INIT seed="1,0,0,3,1,40" ten="715,154,181,0" oya="1" hai0="3,82,44,53,111,85,104,71,84,102,65,83,101" hai1="45,88,123,98,94,1,81,108,50,55,48,134,91" hai2="49,78,60,125,63,126,66,135,67,90,33,68,124" hai3=""/><U58/><N who="1" m="31520" /><U114/><E114/><V57/><F33/><T37/><D111/><U0/><E134/><V73/><F135/><T62/><D3/><U122/><N who="1" m="31264" /><U127/><E108/><V86/><F73/><T100/><D104/><U41/><E127/><V115/><F78/><T52/><D37/><U32/><E32/><V59/><F115/><T76/><REACH who="0" step="1"/><D44/><REACH who="0" ten="705,154,181,0" step="2"/><U46/><REACH who="1" step="1"/><E45/><REACH who="1" ten="705,144,181,0" step="2"/><V120/><N who="2" m="30752" /><V56/><REACH who="2" step="1"/><F49/><REACH who="2" ten="705,144,171,0" step="2"/><T99/><D99/><U121/><N who="1" m="31008" /><U87/><AGARI ba="0,3" hai="0,1,41,46,48,50,55,58,81,87,88,91,94,98" m="31008,31264,31520" machi="87" ten="30,24000,4" yaku="1,1,4,1,0,1,52,4,54,1,53,3" doraHai="40" doraHaiUra="119" who="1" fromWho="1" sc="705,-120,144,270,171,-120,0,0" /><INIT seed="1,1,0,3,5,78" ten="585,414,51,0" oya="1" hai0="67,113,87,76,47,44,32,90,46,62,45,38,133" hai1="120,33,88,70,135,0,54,101,65,122,83,118,75" hai2="60,134,50,74,2,85,121,3,126,104,106,68,132" hai3=""/><U73/><N who="1" m="30752" /><U119/><N who="1" m="31264" /><U86/><E33/><V115/><N who="2" m="31008" /><V81/><F74/><T99/><D113/><U107/><E0/><N who="2" m="43" /><F115/><T56/><D32/><U84/><E135/><N who="2" m="51755" /><F126/><T96/><D133/><U48/><E73/><V100/><F100/><T80/><D38/><U82/><E75/><V129/><F129/><T79/><N who="0" m="11264" /><DORA hai="58" /><T63/><D63/><U97/><E48/><V36/><F36/><T41/><D41/><U102/><E54/><V128/><F128/><T112/><D112/><U71/><E65/><V105/><F50/><T59/><D59/><U108/><E108/><V52/><F52/><T64/><D64/><U117/><REACH who="1" step="1"/><E101/><REACH who="1" ten="585,404,51,0" step="2"/><V39/><F39/><T35/><D35/><U130/><E130/><V51/><F51/><T111/><D111/><U66/><E66/><V89/><F68/><T53/><D53/><U94/><E94/><V72/><F72/><T61/><D61/><AGARI ba="1,1" hai="60,61,81,85,89,104,105,106" m="51755,43,31008" machi="61" ten="40,8000,1" yaku="20,1,52,4" doraHai="78,58" who="2" fromWho="0" sc="585,-82,404,0,51,92,0,0" /><INIT seed="2,0,0,0,1,132" ten="503,404,143,0" oya="2" hai0="35,129,124,46,123,3,85,107,70,41,58,72,64" hai1="54,77,99,62,118,119,135,33,59,66,63,111,134" hai2="89,84,0,90,51,78,52,88,47,113,127,36,100" hai3=""/><V117/><F0/><T103/><D85/><U109/><E77/><V131/><F117/><N who="1" m="44553" /><E99/><V112/><F131/><T93/><D103/><U116/><N who="1" m="44561" /><U75/><DORA hai="91" /><E75/><V122/><N who="2" m="31264" /><V83/><F127/><T104/><D93/><U53/><E33/><V97/><REACH who="2" step="1"/><F36/><REACH who="2" ten="503,404,133,0" step="2"/><T67/><D124/><U101/><E134/><V71/><F71/><T65/><D70/><U74/><E135/><V37/><F37/><T40/><D3/><U1/><E1/><V92/><AGARI ba="0,1" hai="47,51,52,78,83,84,88,89,90,92,97,100,112,113" m="31264" machi="92" ten="30,16000,3" yaku="1,1,0,1,52,2,54,2,53,3" doraHai="132,91" doraHaiUra="108,45" who="2" fromWho="2" sc="503,-80,404,-80,133,170,0,0" /><INIT seed="2,1,0,2,4,52" ten="423,324,303,0" oya="2" hai0="132,127,63,33,73,82,84,51,103,59,76,89,2" hai1="105,90,117,85,55,46,56,97,99,108,57,78,39" hai2="3,48,69,34,110,134,106,112,68,87,77,102,61" hai3=""/><V67/><F3/><T120/><N who="0" m="30752" /><T41/><D33/><U119/><E108/><V58/><F34/><T43/><D2/><U123/><N who="1" m="31520" /><U71/><E71/><V115/><F110/><T60/><D127/><U88/><E78/><V107/><F134/><T72/><D132/><U91/><E85/><V118/><F118/><N who="1" m="45065" /><E105/><V121/><N who="2" m="31008" /><V70/><F48/><T74/><D103/><U32/><E32/><V47/><F47/><T93/><D60/><U86/><E86/><V92/><F102/><T83/><D83/><U111/><E111/><V35/><F35/><T49/><D49/><U64/><E64/><V135/><F135/><T104/><D51/><U44/><E55/><V116/><F116/><T65/><REACH who="0" step="1"/><D104/><REACH who="0" ten="413,324,303,0" step="2"/><U114/><E114/><V122/><N who="2" m="31264" /><V42/><F107/><T0/><D0/><U36/><E36/><V79/><F106/><T126/><D126/><U50/><E50/><V95/><F115/><T62/><D62/><U94/><E39/><V109/><F112/><T129/><D129/><U54/><E54/><V113/><F113/><T130/><D130/><U100/><E97/><AGARI ba="1,1" hai="41,43,59,63,65,72,73,74,76,82,84,89,93,97" m="30752" machi="97" ten="40,5200,0" yaku="1,1,52,2,53,0" doraHai="52" doraHaiUra="1" who="0" fromWho="1" sc="413,64,324,-54,303,0,0,0" /><INIT seed="4,0,0,3,1,36" ten="477,270,303,0" oya="0" hai0="134,58,50,61,3,45,106,80,33,74,66,120,54" hai1="126,67,112,41,52,109,118,64,82,117,93,115,69" hai2="2,65,130,46,135,133,104,123,43,96,37,62,49" hai3=""/><T108/><N who="0" m="30752" /><T73/><D106/><U81/><E109/><V34/><N who="2" m="31520" /><V125/><F2/><T35/><D3/><U94/><E69/><V68/><F34/><T103/><D108/><U113/><E126/><V78/><F78/><T59/><D103/><U40/><E112/><V102/><F125/><T95/><D134/><N who="2" m="51210" /><F49/><T86/><D95/><U56/><E56/><V76/><F76/><T131/><D131/><AGARI ba="0,0" hai="37,43,46,62,65,68,96,102,104,130,131" m="51210,31520" machi="131" ten="30,7700,0" yaku="20,1,23,1,52,2" doraHai="36" who="2" fromWho="0" sc="477,-77,270,0,303,77,0,0" /><INIT seed="5,0,0,5,2,46" ten="400,270,380,0" oya="1" hai0="110,128,86,59,97,75,105,123,58,129,42,124,89" hai1="72,66,36,49,79,95,88,47,70,96,40,108,84" hai2="83,122,103,53,57,127,39,41,117,77,1,114,119" hai3=""/><U38/><E108/><V113/><N who="2" m="31264" /><V62/><F1/><T67/><N who="0" m="31520" /><T82/><D110/><U32/><E32/><V93/><F127/><T133/><D124/><U92/><E72/><V0/><F0/><T56/><D133/><U104/><E104/><V54/><F41/><T35/><D35/><U109/><E109/><V80/><F39/><T130/><D42/><U34/><E34/><V125/><F125/><T2/><D2/><U91/><REACH who="1" step="1"/><E79/><REACH who="1" ten="400,260,380,0" step="2"/><V85/><F119/><T71/><D75/><U3/><E3/><V98/><F117/><T135/><D135/><U60/><AGARI ba="0,1" hai="36,38,40,47,49,60,66,70,84,88,91,92,95,96" machi="60" ten="30,8000,1" yaku="1,1,0,1,52,1,54,1,53,1" doraHai="46" doraHaiUra="63" who="1" fromWho="1" sc="400,-40,260,90,380,-40,0,0" /><INIT seed="5,1,0,1,0,70" ten="360,350,340,0" oya="1" hai0="59,57,114,118,89,90,130,3,107,42,80,105,50" hai1="46,86,36,60,34,49,65,74,119,71,83,132,56" hai2="128,79,35,96,44,108,88,75,124,54,32,101,41" hai3=""/><U66/><E119/><V76/><F108/><T1/><D114/><U111/><E34/><V99/><F124/><T87/><D130/><U45/><E111/><V110/><F110/><T123/><N who="0" m="31520" /><T61/><D118/><U72/><E132/><V39/><F128/><T93/><D105/><U131/><E131/><V77/><F75/><T38/><D107/><U62/><E46/><V55/><F99/><T127/><D57/><U67/><E67/><V97/><F97/><T33/><D50/><U84/><E84/><V125/><F125/><T69/><D69/><U121/><N who="1" m="31008" /><U102/><E102/><V134/><F88/><T115/><D115/><U100/><E100/><V122/><N who="2" m="31264" /><V91/><F91/><T47/><D127/><U0/><E0/><V135/><F32/><T37/><D37/><U63/><E36/><V58/><F35/><T113/><D113/><U98/><E98/><V94/><REACH who="2" step="1"/><F58/><REACH who="2" ten="360,350,330,0" step="2"/><T78/><D33/><U109/><E109/><V106/><F106/><T51/><D89/><U116/><E116/><V85/><F85/><T81/><D87/><U52/><E86/><V104/><F104/><T129/><D129/><U43/><E83/><V133/><AGARI ba="1,1" hai="39,41,44,54,55,76,77,79,94,96,101,133,134,135" m="31264" machi="133" ten="40,6000,1" yaku="1,1,0,1,20,1,52,2,53,0" doraHai="70" doraHaiUra="112" who="2" fromWho="2" sc="360,-21,350,-41,330,72,0,0" /><INIT seed="6,0,0,2,4,105" ten="339,309,402,0" oya="2" hai0="53,78,68,99,67,114,120,130,82,90,81,133,33" hai1="118,59,104,38,49,129,79,36,88,86,89,96,32" hai2="72,117,113,60,116,91,106,123,39,102,80,94,50" hai3=""/><V0/><N who="2" m="31520" /><V45/><F0/><T84/><N who="0" m="30752" /><T63/><D33/><U121/><N who="1" m="31008" /><U48/><E32/><V109/><F39/><T108/><D108/><U3/><E3/><V110/><F113/><T55/><D114/><U57/><E129/><V61/><F102/><T92/><D133/><U66/><E118/><V83/><F106/><T77/><REACH who="0" step="1"/><D130/><REACH who="0" ten="329,309,402,0" step="2"/><U47/><E36/><V73/><F117/><T93/><D93/><U112/><E38/><V65/><F116/><T103/><D103/><U71/><E112/><V122/><N who="2" m="31264" /><V1/><F1/><T2/><D2/><U43/><E104/><V107/><F107/><T56/><D56/><U100/><E59/><V101/><F101/><T40/><D40/><U64/><E100/><V74/><F110/><T85/><AGARI ba="0,1" hai="53,55,63,67,68,77,78,81,82,84,85,90,92,99" m="30752" machi="85" ten="20,6000,1" yaku="1,1,0,1,7,1,9,1,52,1,53,0" doraHai="105" doraHaiUra="125" who="0" fromWho="0" sc="329,70,309,-20,402,-40,0,0" /><INIT seed="8,0,0,0,5,95" ten="399,289,362,0" oya="0" hai0="58,120,124,78,100,110,64,77,93,48,32,134,117" hai1="36,127,49,2,103,119,131,104,34,75,59,68,33" hai2="53,42,60,82,54,35,112,96,3,108,80,62,67" hai3=""/><T63/><N who="0" m="30752" /><T91/><D110/><U38/><E2/><V83/><F3/><T76/><D32/><U44/><E119/><V94/><F35/><T39/><D117/><U72/><E127/><V123/><N who="2" m="31520" /><V71/><F112/><T37/><D124/><U61/><E131/><V70/><F108/><T79/><D134/><U52/><E34/><V125/><F125/><T126/><D126/><U1/><E1/><V88/><F42/><T133/><D133/><U55/><E33/><V41/><F41/><T86/><D100/><U111/><E111/><V81/><N who="2" m="20480" /><DORA hai="129" /><V101/><F101/><T106/><D106/><U130/><E68/><V99/><F99/><T114/><D114/><U109/><E130/><V121/><N who="2" m="31008" /><V92/><F92/><T105/><D105/><U0/><E0/><V128/><F128/><T98/><D86/><U87/><E109/><V50/><F50/><T46/><N who="0" m="19456" /><DORA hai="47" /><T65/><REACH who="0" step="1"/><D65/><AGARI ba="0,0" hai="53,54,60,62,65,67,70,71,88,94,96" m="31008,20480,31520" machi="65" ten="50,8000,1" yaku="9,1,52,3,54,1" doraHai="95,129,47" who="2" fromWho="0" sc="399,-80,289,0,362,80,0,0" owari="319,-8.0,289,-31.0,442,39.0,0,0.0" /></mjloggm>