<mjloggm ver="2.3"><GO type="185" lobby="0"/><UN n0="%44%75%73%6B" n1="%E3%83%84%E3%83%BC%E3%82%A2%E3%82%A6%E3%83%88" n2="%E3%81%AE%E3%83%BC%E3%81%97" n3="" dan="16,16,17,0" rate="2170.52,2130.98,2272.05,1500.00" sx="M,M,M,C"/><TAIKYOKU oya="0"/><INIT seed="0,0,0,2,2,46" ten="350,350,350,0" oya="0" hai0="97,128,51,69,47,109,0,110,76,44,66,1,58" hai1="61,40,124,119,107,83,71,115,102,113,122,94,118" hai2="86,63,81,55,45,82,114,74,70,87,101,52,49" hai3=""/><T48/><D76/><U129/><N who="1" m="31264" /><U43/><E124/><V79/><F114/><N who="1" m="43529" /><E129/><V60/><F101/><T56/><D69/><U35/><E35/><V112/><F112/><T64/><REACH who="0" step="1"/><D97/><REACH who="0" ten="340,350,350,0" step="2"/><U127/><E71/><V126/><F126/><T121/><N who="0" m="31008" /><T132/><D132/><U77/><E127/><V135/><F135/><T111/><D111/><U120/><N who="1" m="30752" /><U105/><E119/><V33/><F70/><T80/><D80/><U91/><E118/><V68/><F33/><T133/><D133/><U130/><E130/><AGARI ba="0,1" hai="0,1,44,47,48,51,56,58,64,66,109,110,128,130" m="31008" machi="130" ten="25,18000,2" yaku="1,1,22,2,52,3,53,0" doraHai="46" doraHaiUra="3" who="0" fromWho="1" sc="340,190,350,-180,350,0,0,0" /><INIT seed="0,1,0,2,3,106" ten="530,170,350,0" oya="0" hai0="0,124,58,123,128,101,92,108,131,36,73,74,97" hai1="52,44,75,87,77,40,61,126,90,70,91,72,111" hai2="39,80,121,125,116,110,66,133,98,118,96,67,53" hai3=""/><T37/><N who="0" m="31520" /><T107/><D124/><U45/><E126/><V88/><N who="2" m="31008" /><V102/><F39/><N who="0" m="14922" /><D92/><U93/><E111/><V95/><F110/><T129/><D108/><U122/><N who="1" m="31264" /><U109/><E109/><V51/><F125/><T105/><D105/><U81/><E70/><V104/><F133/><T134/><D134/><U60/><E40/><V59/><REACH who="2" step="1"/><F80/><REACH who="2" ten="530,170,340,0" step="2"/><T68/><D68/><U84/><E61/><V3/><F3/><T64/><D0/><U43/><E43/><V54/><F54/><T99/><D99/><U63/><E63/><AGARI ba="1,1" hai="58,63,64,73,74,97,101,107,128,129,131" m="14922,31520" machi="63" ten="40,12000,1" yaku="19,1,52,3" doraHai="106" who="0" fromWho="1" sc="530,132,170,-122,340,0,0,0" /><INIT seed="0,2,0,1,4,128" ten="662,48,340,0" oya="0" hai0="55,1,112,42,131,91,34,127,83,72,68,95,133" hai1="103,52,81,90,135,67,106,115,58,111,105,97,63" hai2="104,57,119,75,116,113,53,77,93,120,89,114,61" hai3=""/><T88/><D131/><U86/><E111/><V98/><N who="2" m="30752" /><V110/><F110/><T130/><D130/><U71/><E115/><V108/><F108/><T134/><D34/><U54/><E135/><V45/><F104/><T40/><D1/><U80/><E106/><V73/><F45/><T37/><D112/><N who="2" m="43114" /><F77/><T2/><D2/><U107/><E107/><V70/><F70/><T82/><D68/><U43/><E43/><V92/><F93/><T41/><D37/><U96/><E96/><V66/><F66/><T101/><D55/><U129/><E129/><V94/><F94/><T121/><N who="0" m="31008" /><T39/><D39/><U44/><E44/><V62/><F61/><T85/><D101/><U117/><E117/><AGARI ba="2,0" hai="53,57,62,73,75,89,92,98,116,117,119" m="43114,30752" machi="117" ten="30,2000,0" yaku="12,1,52,1" doraHai="128" who="2" fromWho="1" sc="662,0,48,-24,340,24,0,0" /><INIT seed="1,0,0,0,4,55" ten="662,24,364,0" oya="1" hai0="97,42,0,129,51,114,71,127,48,117,89,99,119" hai1="61,44,82,131,72,87,126,3,113,118,135,65,103" hai2="102,60,64,34,69,90,108,121,112,40,68,105,132" hai3=""/><U46/><E3/><V122/><N who="2" m="31008" /><V111/><N who="2" m="31264" /><V124/><F34/><T76/><D114/><U79/><E113/><V92/><F112/><T56/><D71/><U75/><E118/><N who="0" m="45065" /><D0/><U98/><E126/><V95/><F124/><T58/><D129/><U33/><E131/><V57/><F105/><T93/><D127/><U41/><E135/><V91/><F102/><T50/><D42/><U70/><E33/><V45/><F132/><T101/><D76/><U107/><REACH who="1" step="1"/><E46/><REACH who="1" ten="662,14,364,0" step="2"/><V81/><F45/><T84/><D99/><U109/><E109/><V39/><F108/><T125/><D125/><U66/><E66/><V62/><F64/><T36/><D36/><AGARI ba="0,1" hai="36,41,44,61,65,70,72,75,79,82,87,98,103,107" machi="36" ten="30,2900,0" yaku="1,1,7,1,53,0" doraHai="55" doraHaiUra="47" who="1" fromWho="0" sc="662,-29,14,39,364,0,0,0" /><INIT seed="1,1,0,0,1,51" ten="633,53,364,0" oya="1" hai0="0,33,111,48,79,40,93,100,70,75,35,65,78" hai1="119,2,98,110,133,41,125,94,54,49,37,122,58" hai2="132,120,34,108,87,114,62,113,60,85,69,101,92" hai3=""/><U74/><N who="1" m="31264" /><U42/><E2/><V127/><N who="2" m="30752" /><V126/><F34/><T106/><D0/><U1/><E1/><V116/><F116/><T71/><D93/><U99/><E119/><V123/><N who="2" m="31520" /><V115/><F108/><T64/><D100/><U81/><E110/><V124/><F132/><T103/><D48/><U121/><N who="1" m="31008" /><U80/><E133/><V88/><F69/><T72/><D103/><U68/><E68/><V84/><F101/><T47/><D47/><U66/><E125/><V135/><F135/><T117/><D40/><N who="1" m="15467" /><E37/><V91/><F92/><T61/><D106/><U129/><E129/><V89/><AGARI ba="1,0" hai="60,62,84,85,87,88,89,91,113,114,115,124,126,127" m="31520,30752" machi="89" ten="50,24000,5" yakuman="40" doraHai="51" who="2" fromWho="2" sc="633,-81,53,-161,364,242,0,0" owari="552,15.0,-108,-71.0,606,56.0,0,0.0" /></mjloggm>