<mjloggm ver="2.3"><GO type="169" lobby="0"/><UN n0="%E3%81%B5%E3%81%8F%E3%82%8D%E3%81%86%E3%81%95%E3%82%93" n1="%E4%B9%9D%E4%B8%88%E8%8A%B1%E9%9F%B3" n2="%E4%B8%89%E5%86%A0%E7%8E%8B%E3%83%BB%E5%B1%B1%E7%94%B0%E5%93%B2%E4%BA%BA" n3="%E7%9F%A5%E3%82%89%E3%82%93%E3%81%8C%E3%81%AA" dan="18,16,17,16" rate="2219.15,2176.85,2224.00,2111.69" sx="F,F,M,F"/><TAIKYOKU oya="0"/><BYE who="0" /><UN n0="%E3%81%B5%E3%81%8F%E3%82%8D%E3%81%86%E3%81%95%E3%82%93" /><INIT seed="0,0,0,1,1,29" ten="250,250,250,250" oya="0" hai0="68,11,79,39,71,120,5,41,0,30,119,132,6" hai1="66,77,124,46,54,111,85,109,17,25,133,69,58" hai2="95,59,94,60,116,117,55,97,107,123,131,62,31" hai3="78,44,10,101,92,129,50,135,106,127,22,47,88"/><T108/><BYE who="2" /><D119/><UN n2="%E4%B8%89%E5%86%A0%E7%8E%8B%E3%83%BB%E5%B1%B1%E7%94%B0%E5%93%B2%E4%BA%BA" /><U70/><E77/><V102/><F123/><W96/><G135/><T33/><D120/><U122/><E122/><V65/><F131/><W45/><G129/><T84/><D132/><U82/><E133/><V24/><F95/><W2/><G127/><T42/><D42/><U43/><E124/><V134/><F134/><W53/><G78/><T15/><D108/><U8/><E25/><V12/><F12/><W83/><G83/><T40/><D40/><U73/><E73/><V114/><F114/><W35/><G22/><T100/><D100/><U115/><E115/><V48/><F62/><W86/><REACH who="3" step="1"/><G35/><REACH who="3" ten="250,250,250,240" step="2"/><T20/><D79/><U49/><E82/><V105/><F117/><W103/><G103/><T16/><D84/><U21/><E85/><V32/><REACH who="2" step="1"/><F116/><REACH who="2" ten="250,250,240,240" step="2"/><W90/><G90/><T27/><REACH who="0" step="1"/><D6/><AGARI ba="0,2" hai="2,6,10,44,45,47,50,53,86,88,92,96,101,106" machi="6" ten="40,2600,0" yaku="1,1,54,1,53,0" doraHai="29" doraHaiUra="56" who="3" fromWho="0" sc="250,-26,250,0,240,0,240,46" /><INIT seed="1,0,0,1,5,120" ten="224,250,240,286" oya="1" hai0="30,29,60,78,12,47,97,24,57,10,80,13,111" hai1="100,130,66,5,91,93,53,67,101,37,119,105,74" hai2="68,128,28,11,50,41,79,52,86,22,88,83,2" hai3="90,89,85,9,73,116,114,132,103,33,95,58,135"/><U124/><E119/><V19/><F68/><W46/><G33/><T106/><D106/><U44/><E130/><V7/><F128/><W55/><G116/><T113/><D113/><U118/><E118/><V76/><F41/><W98/><G114/><T104/><D104/><U61/><E124/><V63/><F63/><W8/><G46/><T48/><D97/><U82/><E5/><V125/><F28/><W121/><G73/><T70/><D70/><U126/><E126/><V87/><F87/><W69/><G69/><T62/><D111/><U39/><E39/><V81/><F81/><W20/><G121/><T131/><D131/><U117/><E37/><V6/><F6/><W92/><G20/><T133/><D133/><N who="3" m="51273" /><G103/><T72/><D13/><U59/><E74/><V107/><F107/><W75/><G75/><T64/><D60/><AGARI ba="0,0" hai="8,9,55,58,60,85,89,90,92,95,98" m="51273" machi="60" ten="30,1000,0" yaku="20,1" doraHai="120" who="3" fromWho="0" sc="224,-10,250,0,240,0,286,10" /><INIT seed="2,0,0,1,3,58" ten="214,250,240,296" oya="2" hai0="19,29,132,96,25,42,8,43,108,57,31,74,3" hai1="91,86,84,52,63,54,122,68,48,116,26,83,21" hai2="79,17,90,20,123,51,55,38,124,77,105,2,126" hai3="106,120,75,121,56,112,12,18,5,0,61,23,59"/><V95/><F38/><W30/><G106/><T45/><D108/><U119/><E122/><V82/><F123/><W111/><G111/><T71/><D71/><U103/><E103/><V127/><F2/><W109/><G109/><T99/><D132/><U4/><E4/><V100/><F100/><W131/><G59/><T128/><D128/><U16/><E86/><V125/><F82/><W40/><G131/><T88/><D74/><U107/><E107/><V28/><F28/><W53/><G112/><T13/><D3/><U67/><E54/><V1/><F1/><W46/><G75/><T50/><D43/><U101/><E101/><V24/><N who="2" m="31744" /><DORA hai="115" /><V85/><REACH who="2" step="1"/><F105/><REACH who="2" ten="214,250,230,296" step="2"/><W10/><REACH who="3" step="1"/><G30/><REACH who="3" ten="214,250,230,286" step="2"/><T129/><D129/><U133/><REACH who="1" step="1"/><E133/><REACH who="1" ten="214,240,230,286" step="2"/><V6/><F6/><W62/><G62/><T35/><D31/><U34/><E34/><V73/><F73/><W104/><G104/><T134/><D134/><U7/><E7/><V76/><F76/><W130/><G130/><T87/><D35/><U36/><E36/><AGARI ba="0,3" hai="0,5,10,12,18,23,36,40,46,53,56,61,120,121" machi="36" ten="30,8000,1" yaku="1,1,7,1,52,1,53,2" doraHai="58,115" doraHaiUra="93,117" who="3" fromWho="1" sc="214,0,240,-80,230,0,286,110" /><INIT seed="3,0,0,2,0,32" ten="214,160,230,396" oya="3" hai0="78,47,62,67,6,46,59,52,58,33,100,19,51" hai1="39,125,60,68,133,66,80,2,4,40,73,24,65" hai2="132,127,54,75,128,15,135,98,25,123,113,79,29" hai3="119,81,96,18,30,72,106,74,90,95,110,21,134"/><W8/><G119/><T27/><D6/><U93/><E133/><V118/><F54/><W48/><G134/><T41/><D100/><U55/><E125/><V130/><F98/><W43/><G106/><T37/><D78/><U101/><E65/><V99/><F99/><W42/><G74/><T38/><D19/><U94/><E24/><V9/><F79/><W0/><G72/><T16/><D33/><U108/><E108/><V34/><F75/><W109/><G81/><T20/><REACH who="0" step="1"/><D38/><REACH who="0" ten="204,160,230,396" step="2"/><U3/><E101/><V115/><F132/><W129/><G18/><T61/><D61/><U126/><E4/><N who="2" m="3495" /><F135/><W120/><G110/><T116/><D116/><U92/><E60/><V26/><F118/><W121/><G109/><T22/><D22/><U112/><E73/><V23/><F127/><W45/><G21/><T86/><D86/><U85/><E85/><V53/><F23/><W70/><G30/><T28/><D28/><U91/><E126/><V107/><F29/><W57/><G96/><T89/><D89/><U83/><E91/><V17/><F34/><W56/><G90/><T76/><D76/><U88/><E88/><V64/><F17/><W117/><G117/><T69/><AGARI ba="0,1" hai="16,20,27,37,41,46,47,51,52,58,59,62,67,69" machi="69" ten="20,8000,1" yaku="1,1,0,1,7,1,54,2,53,0" doraHai="32" doraHaiUra="87" who="0" fromWho="0" sc="204,90,160,-20,230,-20,396,-40" /><INIT seed="4,0,0,0,5,132" ten="294,140,210,356" oya="0" hai0="63,48,76,37,119,28,77,54,118,127,129,30,101" hai1="53,14,135,86,40,64,78,25,99,56,6,117,108" hai2="23,126,134,27,4,13,69,113,109,19,92,20,1" hai3="58,51,15,0,133,95,102,44,62,105,89,85,7"/><T98/><D37/><U22/><E108/><V5/><F69/><W94/><G133/><T68/><D129/><U123/><E135/><V96/><F134/><W47/><G0/><T72/><D68/><U115/><E117/><V114/><F109/><W66/><G105/><T103/><D63/><U121/><E40/><V2/><F126/><W61/><G61/><T55/><D98/><U107/><E64/><V31/><F92/><W124/><G124/><T67/><D67/><U50/><E115/><N who="2" m="44043" /><F96/><N who="3" m="59679" /><G51/><T11/><D11/><AGARI ba="0,0" hai="7,11,15,44,47,58,62,66,85,89,94" m="59679" machi="11" ten="30,1000,0" yaku="8,1" doraHai="132" who="3" fromWho="0" sc="294,-10,140,0,210,0,356,10" /><INIT seed="5,0,0,0,2,76" ten="284,140,210,366" oya="1" hai0="7,68,17,69,64,100,70,54,67,73,132,127,108" hai1="118,33,15,95,38,14,96,66,16,89,104,48,123" hai2="12,25,43,99,13,92,32,27,125,29,35,37,19" hai3="112,87,133,60,63,72,9,81,117,106,3,74,122"/><U134/><E118/><V20/><F125/><W90/><G122/><T36/><D7/><U101/><E123/><V86/><F37/><W24/><G117/><T77/><D100/><U110/><E38/><V22/><F43/><W109/><G109/><T28/><D28/><U2/><E2/><V21/><F86/><W10/><G112/><T65/><D108/><U93/><E110/><V129/><F92/><W115/><G115/><T5/><D5/><U113/><E113/><V75/><F99/><W34/><G106/><T52/><D17/><U114/><E114/><V39/><F75/><W1/><G133/><T82/><D132/><U11/><E33/><N who="2" m="12875" /><F39/><W23/><G34/><T97/><D127/><U105/><E134/><V57/><F57/><W31/><G3/><T30/><D36/><U49/><E66/><V71/><F71/><W126/><G1/><T119/><D119/><U120/><E120/><V59/><F59/><W88/><G74/><T130/><D130/><U94/><E94/><V84/><F84/><N who="3" m="50191" /><G72/><T55/><D30/><U51/><REACH who="1" step="1"/><E14/><REACH who="1" ten="284,130,210,366" step="2"/><N who="2" m="9335" /><F129/><W46/><G126/><T135/><D135/><U111/><E111/><V78/><F78/><W58/><G90/><T121/><D121/><U53/><E53/><V47/><F47/><W116/><G116/><T80/><D97/><AGARI ba="0,1" hai="11,15,16,48,49,51,89,93,95,96,97,101,104,105" machi="97" ten="40,3900,0" yaku="1,1,54,1,53,0" doraHai="76" doraHaiUra="56" who="1" fromWho="0" sc="284,-39,130,49,210,0,366,0" /><INIT seed="5,1,0,1,4,1" ten="245,179,210,366" oya="1" hai0="114,130,127,117,109,27,112,30,36,77,121,131,41" hai1="38,122,106,17,133,97,20,92,55,47,48,93,99" hai2="103,88,71,115,54,79,50,82,35,98,19,105,132" hai3="51,29,58,9,85,64,4,111,42,10,94,74,25"/><U100/><E133/><V59/><F132/><W120/><G74/><T126/><D77/><U43/><E122/><V87/><F35/><W60/><G120/><T72/><D72/><U73/><E73/><V75/><F115/><N who="0" m="44074" /><D41/><U11/><E11/><V134/><F134/><W18/><G111/><T67/><D67/><U96/><E106/><V24/><F71/><W7/><G18/><T14/><D36/><U68/><E68/><V104/><F104/><W49/><G10/><T57/><D57/><U135/><E135/><V86/><F86/><W102/><G9/><T123/><D109/><U31/><E31/><V101/><F101/><W63/><G63/><T129/><D117/><U32/><E32/><V119/><F119/><W3/><G3/><T84/><D84/><U37/><E37/><V45/><F24/><W125/><G125/><N who="0" m="47627" /><D14/><N who="1" m="9271" /><E38/><V21/><F75/><W39/><G39/><T95/><D95/><N who="1" m="36427" /><E100/><V62/><F103/><W65/><G85/><T2/><D2/><U90/><E90/><V33/><F88/><W69/><G102/><T23/><AGARI ba="1,0" hai="23,27,30,121,123,129,130,131" m="47627,44074" machi="23" ten="40,8000,1" yaku="19,1,15,1,18,1,34,2" doraHai="1" who="0" fromWho="0" sc="245,83,179,-41,210,-21,366,-21" /><INIT seed="6,0,0,5,1,75" ten="328,138,189,345" oya="2" hai0="40,48,56,125,105,31,65,70,29,69,15,133,8" hai1="128,97,102,41,16,93,71,83,25,89,124,20,63" hai2="17,96,2,66,19,115,110,112,11,1,99,109,98" hai3="28,108,122,104,100,51,90,12,80,77,47,14,79"/><V103/><F66/><W43/><G108/><N who="2" m="41577" /><F103/><W135/><G122/><T64/><D105/><U39/><E128/><V107/><F107/><W76/><G135/><T42/><D133/><U84/><E124/><V32/><F32/><W4/><G28/><T126/><D15/><N who="3" m="5673" /><G104/><T127/><D8/><U120/><E120/><V55/><F55/><W134/><G134/><T9/><D9/><U94/><E71/><N who="0" m="27145" /><D29/><U50/><E39/><V87/><F87/><N who="3" m="50535" /><G100/><T68/><D31/><U85/><E63/><V62/><F62/><W7/><AGARI ba="0,0" hai="4,7,43,47,51,76,77,79" m="50535,5673" machi="7" ten="30,7900,0" yaku="8,1,52,3" doraHai="75" who="3" fromWho="3" sc="328,-20,138,-20,189,-39,345,79" /><INIT seed="7,0,0,2,1,44" ten="308,118,150,424" oya="3" hai0="104,2,17,126,117,81,9,37,32,71,40,5,13" hai1="20,65,41,21,59,49,42,128,26,35,54,48,122" hai2="77,27,83,6,100,91,98,80,108,133,28,102,124" hai3="62,10,111,105,30,115,101,131,15,130,107,70,33"/><W103/><G115/><T66/><D117/><U99/><E122/><V3/><F108/><W116/><G116/><T120/><D120/><U22/><E128/><N who="3" m="49194" /><G33/><T16/><D126/><U110/><E110/><V94/><F124/><W24/><G111/><T74/><D104/><N who="3" m="40009" /><G24/><T36/><D32/><U85/><E99/><V118/><F133/><W87/><G30/><T52/><D66/><U14/><E14/><V45/><F118/><W72/><G72/><T95/><D71/><U67/><E85/><N who="2" m="48271" /><F3/><W43/><G43/><N who="1" m="16394" /><E35/><V18/><F28/><W123/><G87/><T73/><D17/><U69/><E69/><V84/><F6/><N who="3" m="3543" /><G123/><T29/><D29/><U106/><E106/><V78/><F27/><W121/><G121/><T64/><D64/><AGARI ba="0,0" hai="62,64,70,101,103" m="3543,40009,49194" machi="64" ten="30,1500,0" yaku="19,1" doraHai="44" who="3" fromWho="0" sc="308,-15,118,0,150,0,424,15" owari="293,9.0,118,-38.0,150,-25.0,439,54.0" /></mjloggm>