<mjloggm ver="2.3"><GO type="169" lobby="0"/><UN n0="%E3%82%AD%E3%83%B3%E3%82%B0%E3%81%82%E3%81%A4%E3%81%97" n1="%E3%81%8B%E3%81%A5%E3%81%8D%EF%BC%B8%EF%BC%A9" n2="%E6%A4%8E%E5%90%8D%E3%82%8A%E3%81%8F" n3="%E6%88%91%E7%A0%B4%E9%AD%94" dan="17,17,17,16" rate="2169.07,2117.23,2216.61,2162.78" sx="M,M,F,M"/><TAIKYOKU oya="0"/><INIT seed="0,0,0,4,3,71" ten="250,250,250,250" oya="0" hai0="14,48,19,21,112,120,86,18,6,32,75,110,68" hai1="72,99,95,31,0,76,54,101,7,90,22,83,80" hai2="28,57,37,128,133,38,20,4,89,103,134,23,1" hai3="24,67,94,125,47,3,10,126,82,130,56,65,74"/><T127/><D120/><U104/><E7/><V34/><F103/><W27/><G130/><T46/><D112/><U59/><E0/><V107/><F107/><W77/><G3/><T100/><D75/><U91/><E31/><V81/><F128/><W40/><G10/><T93/><D68/><U85/><E22/><N who="2" m="8235" /><F57/><W79/><G94/><T17/><D32/><U9/><E9/><N who="2" m="2191" /><F81/><W16/><G16/><N who="0" m="10391" /><D6/><U25/><E25/><N who="2" m="18703" /><F89/><W69/><G69/><T58/><D110/><U41/><E41/><V44/><F44/><W111/><G47/><T61/><D127/><U73/><E59/><V132/><AGARI ba="0,0" hai="37,38,132,133,134" m="18703,2191,8235" machi="132" ten="40,5200,0" yaku="20,1,52,2" doraHai="71" who="2" fromWho="2" sc="250,-26,250,-13,250,52,250,-13" /><INIT seed="1,0,0,0,3,15" ten="224,237,302,237" oya="1" hai0="80,118,122,52,46,128,121,9,33,57,62,50,71" hai1="78,119,84,67,42,36,28,90,58,14,111,44,65" hai2="89,100,103,45,107,43,51,70,127,16,49,17,56" hai3="24,102,55,60,86,131,64,123,116,113,26,54,117"/><U132/><E119/><N who="3" m="45642" /><G123/><N who="0" m="47115" /><D118/><U48/><E132/><V35/><F70/><W4/><G113/><T61/><D33/><U77/><E28/><V66/><F35/><W79/><G102/><N who="2" m="38953" /><F107/><W20/><G4/><T22/><D9/><U93/><E111/><V98/><F127/><W25/><G20/><T135/><D80/><U2/><E2/><V101/><N who="2" m="38961" /><V129/><DORA hai="124" /><F129/><W99/><G99/><T108/><D22/><U53/><E65/><V63/><F51/><W130/><G86/><T72/><D72/><U0/><E0/><V12/><F12/><W74/><G79/><T105/><D105/><U37/><E37/><V115/><F115/><W96/><G96/><T73/><D73/><U95/><E95/><AGARI ba="0,0" hai="16,17,43,45,49,56,63,66,89,95,98" m="38961" machi="95" ten="30,7700,0" yaku="8,1,52,2,54,1" doraHai="15,124" who="2" fromWho="1" sc="224,0,237,-77,302,77,237,0" /><INIT seed="2,0,0,3,4,99" ten="224,160,379,237" oya="2" hai0="5,8,134,105,80,126,7,122,67,121,86,51,96" hai1="22,68,59,57,85,18,89,25,39,107,135,13,133" hai2="49,56,75,27,113,53,44,78,64,29,76,0,30" hai3="112,119,26,20,17,46,32,102,116,33,81,28,95"/><V41/><F113/><W108/><G112/><T88/><D67/><U91/><E68/><V79/><F0/><W21/><G108/><T125/><D51/><U12/><E39/><V117/><F117/><W65/><G65/><T23/><D23/><U74/><E74/><V60/><F75/><W45/><G81/><T66/><D66/><U37/><E37/><V36/><REACH who="2" step="1"/><F27/><REACH who="2" ten="224,160,369,237" step="2"/><W42/><G26/><T101/><D134/><U4/><E135/><V131/><F131/><W132/><G132/><T61/><D61/><U43/><E133/><V84/><F84/><W124/><G119/><T9/><D122/><U35/><E85/><V38/><F38/><W52/><G116/><T10/><REACH who="0" step="1"/><D121/><REACH who="0" ten="214,160,369,237" step="2"/><U24/><E25/><V123/><F123/><W90/><G33/><T73/><D73/><U94/><E24/><V14/><F14/><W34/><G32/><T6/><AGARI ba="0,2" hai="5,6,7,8,9,10,80,86,88,96,101,105,125,126" machi="6" ten="40,8000,1" yaku="1,1,0,1,52,1,54,1,53,0" doraHai="99" doraHaiUra="47" who="0" fromWho="0" sc="214,100,160,-20,369,-40,237,-20" /><INIT seed="3,0,0,0,2,20" ten="314,140,329,217" oya="3" hai0="63,133,87,86,77,115,43,127,124,107,66,106,67" hai1="6,93,122,0,100,131,24,104,114,49,81,29,134" hai2="126,96,35,40,10,91,85,58,65,9,52,5,110" hai3="84,13,36,132,62,8,68,109,51,111,59,80,28"/><W76/><G36/><T38/><D77/><U44/><E114/><V37/><F35/><W21/><G68/><T92/><D38/><U1/><E122/><V39/><F110/><N who="3" m="41995" /><G51/><T14/><D43/><U56/><E104/><V90/><F126/><W123/><G123/><T23/><D133/><U47/><E131/><V2/><F65/><N who="3" m="39135" /><G132/><T103/><D115/><U101/><E134/><V71/><F71/><W57/><G57/><T19/><D67/><U18/><E81/><V135/><F135/><W112/><G112/><T4/><D66/><U117/><E117/><V102/><F40/><W50/><G50/><T15/><D63/><U54/><E47/><V32/><F39/><W7/><G21/><T45/><D45/><U70/><E56/><V82/><F37/><W41/><G41/><T12/><D124/><U22/><E70/><V128/><F128/><W116/><G116/><T105/><D127/><U48/><E48/><V31/><F58/><W64/><G64/><T25/><D4/><U53/><E6/><V46/><F46/><W99/><G99/><T125/><D125/><U94/><E54/><V75/><F52/><W42/><G42/><T30/><D23/><U130/><E130/><V26/><F10/><W119/><G119/><T78/><D30/><AGARI ba="0,0" hai="7,8,13,28,30,76,80,84" m="39135,41995" machi="30" ten="30,2900,0" yaku="14,1,10,1" doraHai="20" who="3" fromWho="0" sc="314,-29,140,0,329,0,217,29" /><INIT seed="3,1,0,1,4,131" ten="285,140,329,246" oya="3" hai0="74,19,9,58,118,30,77,82,122,26,78,103,79" hai1="44,123,89,17,25,53,14,110,2,15,91,54,37" hai2="106,87,64,97,98,121,27,52,45,18,105,5,66" hai3="120,83,134,33,16,21,133,102,4,84,76,69,62"/><W51/><G120/><T35/><D118/><U117/><E2/><V75/><F75/><W48/><G33/><T100/><D122/><U115/><E110/><V92/><F5/><W36/><G36/><T73/><D58/><U132/><E115/><V40/><F40/><W7/><G102/><T125/><D125/><U119/><E123/><V107/><F121/><W116/><G116/><N who="1" m="44618" /><E37/><V71/><F87/><W43/><G69/><T8/><D19/><U63/><E63/><V95/><F71/><W11/><G62/><T135/><D135/><N who="3" m="51721" /><G43/><T10/><D78/><U93/><E132/><V23/><F106/><W57/><G57/><T41/><D41/><U85/><E89/><N who="2" m="55439" /><F107/><W32/><G32/><T3/><D3/><U0/><E0/><V38/><F105/><W80/><G80/><AGARI ba="1,0" hai="8,9,10,26,30,35,73,74,77,79,80,82,100,103" machi="80" ten="40,1300,0" yaku="9,1" doraHai="131" who="0" fromWho="3" sc="285,16,140,0,329,0,246,-16" /><INIT seed="4,0,0,0,2,24" ten="301,140,329,230" oya="0" hai0="94,1,20,31,32,116,55,69,44,88,125,37,43" hai1="72,71,35,36,119,128,92,80,26,112,3,109,91" hai2="21,97,7,78,38,41,50,6,45,93,48,124,49" hai3="135,107,89,102,67,82,133,123,13,5,57,47,132"/><T11/><D116/><U15/><RYUUKYOKU type="yao9" ba="0,0" sc="301,0,140,0,329,0,230,0" hai1="3,15,26,35,36,71,72,80,91,92,109,112,119,128" /><INIT seed="4,1,0,2,0,96" ten="301,140,329,230" oya="0" hai0="62,85,47,80,108,125,131,86,69,93,57,30,134" hai1="2,127,3,42,112,26,114,78,117,5,102,82,89" hai2="103,38,58,7,41,65,67,100,116,81,29,106,75" hai3="72,33,76,52,63,68,92,43,35,44,105,66,126"/><T59/><D131/><U23/><E117/><V90/><F106/><W61/><G105/><T120/><D120/><U133/><E89/><V119/><F29/><W54/><G126/><T124/><D134/><U34/><E34/><V25/><F25/><W71/><G92/><T110/><D30/><U12/><E127/><N who="0" m="48713" /><D93/><U113/><E133/><V0/><F58/><N who="0" m="22026" /><D47/><U11/><E42/><V97/><F65/><W55/><G76/><N who="0" m="46215" /><D86/><N who="1" m="48471" /><E102/><N who="2" m="38955" /><F97/><W31/><G72/><T8/><D8/><U45/><E45/><N who="2" m="23735" /><F90/><W87/><G87/><T51/><D51/><U36/><E36/><V73/><F67/><AGARI ba="1,0" hai="62,67,69,108,110" m="46215,22026,48713" machi="67" ten="30,1500,0" yaku="18,1" doraHai="96" who="0" fromWho="2" sc="301,18,140,0,329,-18,230,0" /><INIT seed="4,2,0,5,0,134" ten="319,140,311,230" oya="0" hai0="56,57,59,40,65,132,20,17,21,45,120,106,78" hai1="32,114,26,42,5,16,37,83,53,68,118,124,84" hai2="91,6,89,69,13,81,18,63,121,1,119,52,70" hai3="44,14,30,117,87,74,96,76,116,92,23,51,111"/><T100/><D120/><U135/><E68/><V102/><F121/><W115/><G74/><T90/><D132/><U8/><E118/><V34/><F34/><W47/><G111/><T73/><D106/><U38/><E135/><V71/><F102/><W60/><G115/><T113/><D100/><U25/><E114/><V62/><F1/><W61/><G116/><T129/><D113/><U82/><E42/><V85/><F6/><W2/><G2/><T33/><D33/><U27/><E32/><V41/><F41/><W77/><G47/><T122/><D122/><U0/><E53/><V131/><F131/><W97/><G97/><T108/><D129/><U24/><E124/><V126/><F119/><W75/><G75/><T31/><D78/><N who="3" m="30313" /><G87/><T49/><D73/><U43/><E43/><V19/><F126/><W79/><G79/><T55/><D65/><U64/><E64/><V4/><F91/><N who="3" m="55327" /><G14/><T127/><D127/><U99/><E99/><V107/><F107/><W66/><G66/><T11/><D108/><U128/><E128/><V105/><F105/><W80/><G80/><T22/><D90/><U93/><E93/><V50/><F13/><W9/><G9/><T98/><D98/><U28/><E28/><V130/><F130/><W10/><G10/><T94/><D94/><U67/><E67/><V35/><F35/><W88/><G88/><T103/><D31/><U101/><E101/><V3/><F3/><W95/><G95/><T48/><D103/><U123/><E123/><V29/><F29/><W36/><G117/><T104/><D104/><U125/><E125/><RYUUKYOKU ba="2,0" sc="319,30,140,-10,311,-10,230,-10" hai0="11,17,20,21,22,40,45,48,49,55,56,57,59" /><INIT seed="4,3,0,1,5,89" ten="349,130,301,220" oya="0" hai0="44,45,107,31,51,58,49,46,81,117,22,24,12" hai1="61,8,38,54,52,57,26,79,106,42,126,40,23" hai2="75,25,91,16,90,119,0,6,69,109,13,88,133" hai3="110,70,62,43,37,14,63,67,80,85,21,100,95"/><T118/><D107/><U112/><E106/><V96/><F109/><W120/><G110/><T48/><D58/><U83/><E126/><V66/><F75/><W74/><G74/><T115/><D115/><U71/><E71/><V135/><F119/><W50/><G37/><T39/><D39/><U86/><E112/><V59/><F69/><W116/><G120/><T36/><D36/><U125/><E125/><V128/><F128/><W82/><G116/><T124/><D124/><U113/><E113/><V33/><F0/><W108/><G108/><T132/><D132/><N who="2" m="50762" /><F6/><W102/><G80/><T84/><REACH who="0" step="1"/><D12/><REACH who="0" ten="339,130,301,220" step="2"/><U127/><E127/><V3/><F3/><W30/><G14/><T56/><D56/><U92/><E38/><V93/><F59/><W2/><G2/><T9/><D9/><U5/><E54/><V129/><F66/><W10/><G67/><T76/><AGARI ba="3,1" hai="22,24,31,44,45,46,48,49,51,76,81,84,117,118" machi="76" ten="30,6000,0" yaku="1,1,0,1,53,1" doraHai="89" doraHaiUra="20" who="0" fromWho="0" sc="339,79,130,-23,301,-23,220,-23" /><INIT seed="4,4,0,3,5,11" ten="418,107,278,197" oya="0" hai0="45,125,84,93,5,57,77,2,75,85,67,41,129" hai1="25,99,23,61,1,33,116,134,114,135,128,34,43" hai2="82,90,37,80,122,100,130,28,126,16,39,14,36" hai3="115,47,108,22,123,118,38,69,102,117,132,124,31"/><T44/><D125/><U104/><E43/><V89/><F122/><W91/><G102/><T18/><D129/><U60/><E116/><V55/><F126/><W86/><G124/><T49/><D5/><U133/><E1/><V50/><F28/><W105/><G105/><T21/><D2/><U71/><E128/><V30/><F30/><W112/><G69/><T74/><D84/><U72/><E72/><V17/><F17/><W66/><G66/><T15/><D45/><U4/><E4/><V106/><F130/><W3/><G3/><T19/><D19/><U78/><E78/><V51/><F51/><W64/><G64/><T127/><D127/><U119/><E119/><N who="3" m="45578" /><G38/><T73/><D93/><U65/><E61/><V101/><F80/><N who="3" m="49607" /><G31/><T79/><REACH who="0" step="1"/><D85/><REACH who="0" ten="408,107,278,197" step="2"/><U32/><E114/><V7/><F106/><W113/><G113/><T56/><D56/><U92/><E104/><V107/><F107/><W26/><G115/><T87/><D87/><U68/><E68/><V62/><F7/><W76/><G47/><T131/><D131/><U96/><E92/><V20/><F16/><AGARI ba="4,1" hai="16,23,25,32,33,34,60,65,71,96,99,133,134,135" machi="16" ten="50,3200,0" yaku="20,1,54,1" doraHai="11" who="1" fromWho="2" sc="408,0,107,54,278,-44,197,0" /><INIT seed="5,0,0,4,5,69" ten="408,161,234,197" oya="1" hai0="31,106,39,114,19,68,20,62,87,78,28,108,119" hai1="12,84,8,122,107,6,104,35,93,92,48,46,90" hai2="13,58,16,21,95,115,25,33,127,131,26,75,50" hai3="83,22,97,4,133,72,32,49,124,98,110,102,53"/><U103/><E35/><V2/><F75/><W116/><G110/><T105/><D119/><U11/><E122/><V77/><F2/><W126/><G32/><T100/><D108/><U91/><E103/><V56/><F127/><W117/><G133/><T125/><D39/><U89/><E89/><V42/><F131/><W80/><G4/><T129/><D114/><U47/><E11/><V86/><F115/><W57/><G22/><T36/><D36/><U40/><REACH who="1" step="1"/><E47/><REACH who="1" ten="408,151,234,197" step="2"/><N who="2" m="25975" /><F33/><W41/><G102/><T61/><D100/><U59/><E59/><N who="2" m="22571" /><F77/><W74/><G57/><T27/><D78/><U73/><E73/><V112/><F112/><W23/><G23/><T51/><D20/><U14/><E14/><V24/><F13/><W134/><G117/><T30/><D129/><U111/><E111/><V82/><F82/><W17/><G80/><T37/><D125/><U5/><E5/><V76/><F76/><W94/><G83/><T135/><D135/><U132/><E132/><V109/><F109/><W88/><G134/><T71/><D68/><U60/><E60/><V38/><F26/><W9/><G116/><T66/><D62/><U101/><E101/><V130/><F25/><W79/><G79/><T118/><D27/><U52/><E52/><V123/><F130/><W18/><G72/><T64/><D61/><U1/><E1/><V29/><F123/><W0/><G74/><T113/><D71/><U44/><E44/><V96/><F21/><W63/><G126/><T3/><D3/><U54/><E54/><V43/><F24/><W81/><G124/><T7/><D118/><RYUUKYOKU ba="0,1" sc="408,-10,151,30,234,-10,197,-10" hai1="6,8,12,40,46,48,84,90,91,92,93,104,107" /><INIT seed="5,1,1,4,0,79" ten="398,181,224,187" oya="1" hai0="84,61,103,102,126,47,72,55,116,93,24,130,6" hai1="7,28,29,68,35,36,114,60,30,43,19,121,53" hai2="94,91,97,128,39,87,92,100,44,109,119,134,11" hai3="21,22,2,0,78,115,132,112,82,90,65,71,63"/><U38/><E121/><V80/><F109/><W124/><G124/><T45/><D116/><U101/><E35/><V20/><F119/><W66/><G132/><T73/><D126/><U110/><E110/><V52/><F134/><W3/><G90/><N who="0" m="53447" /><D73/><U37/><E43/><V104/><F128/><W83/><G66/><T88/><D72/><U127/><E7/><V129/><F129/><W25/><G78/><T18/><D6/><U111/><E111/><V9/><F20/><W33/><G33/><T17/><D47/><U81/><E127/><V62/><F39/><W86/><G86/><T8/><D18/><U77/><E114/><N who="3" m="43562" /><G22/><T117/><D88/><U50/><E101/><N who="2" m="60599" /><F104/><W12/><G12/><T120/><D24/><U85/><E19/><AGARI ba="1,1" hai="0,2,3,19,21,25,63,65,71,82,83" m="43562" machi="19" ten="40,5200,0" yaku="15,1,52,2" doraHai="79" who="3" fromWho="1" sc="398,0,181,-55,224,0,187,65" /><INIT seed="6,0,0,2,4,85" ten="398,126,224,252" oya="2" hai0="19,22,77,20,95,56,129,135,115,27,14,121,17" hai1="55,1,9,60,103,44,12,117,84,126,24,111,31" hai2="46,49,33,131,94,2,45,91,51,116,57,26,119" hai3="54,122,80,87,93,10,64,98,81,92,114,102,29"/><V89/><F2/><W79/><G122/><T48/><D121/><U40/><E1/><V86/><F57/><W69/><G114/><T124/><D115/><U63/><E111/><V42/><F131/><W97/><G69/><T108/><D108/><U71/><E117/><V66/><F66/><W0/><G64/><T50/><D124/><U125/><E103/><V83/><F33/><W36/><G36/><T38/><D38/><U28/><E71/><V134/><F134/><W70/><G70/><T106/><D106/><U35/><E31/><V59/><F59/><W61/><G29/><T6/><D77/><U100/><E100/><V7/><F26/><W15/><G0/><T74/><D74/><U96/><E96/><V72/><F7/><N who="3" m="3551" /><G81/><T58/><D129/><U68/><E68/><V123/><F123/><W25/><G25/><T99/><D6/><U8/><E125/><V18/><F18/><W75/><G75/><T110/><D135/><U34/><E34/><V5/><F5/><W39/><G39/><T112/><D112/><U132/><E132/><V109/><F109/><W41/><G41/><T73/><D73/><U118/><E40/><V32/><F32/><W128/><G128/><T65/><D110/><U133/><E133/><V11/><F72/><W88/><G54/><T104/><D104/><U4/><E126/><V130/><F130/><W13/><G13/><T43/><D43/><U37/><E37/><V101/><F119/><W127/><G127/><T90/><D65/><U47/><E118/><V113/><F116/><W78/><G61/><N who="1" m="23626" /><E9/><V53/><F113/><RYUUKYOKU ba="0,0" sc="398,15,126,-15,224,-15,252,15" hai0="14,17,19,20,22,27,48,50,56,58,90,95,99" hai3="78,79,80,87,88,92,93,97,98,102" /><INIT seed="7,1,0,4,1,113" ten="413,111,209,267" oya="3" hai0="108,63,50,94,82,90,96,76,40,134,45,28,72" hai1="100,59,86,84,109,80,35,124,2,16,46,95,78" hai2="104,37,74,116,22,3,42,69,89,120,33,27,4" hai3="18,115,51,106,103,39,54,73,112,48,24,34,93"/><W25/><G106/><T130/><D108/><U75/><E2/><V64/><F89/><W87/><G73/><T58/><D130/><U114/><E35/><V117/><F22/><W57/><G39/><T126/><D134/><U65/><E46/><N who="2" m="23887" /><F104/><W121/><G121/><T101/><D126/><U105/><E109/><V111/><F111/><W62/><G25/><T31/><D101/><U36/><E36/><V21/><F21/><N who="3" m="13367" /><G34/><T6/><D6/><U29/><E29/><N who="2" m="19647" /><F74/><W47/><G47/><T43/><D43/><U125/><E114/><N who="3" m="43562" /><G87/><T118/><D118/><N who="2" m="45674" /><F120/><W102/><G103/><T30/><D30/><U71/><E105/><V110/><F110/><W12/><G12/><T68/><D68/><U17/><E100/><V61/><F4/><W135/><G102/><T122/><D122/><U107/><E107/><V99/><F99/><W70/><G70/><T123/><D123/><U14/><E71/><V129/><F3/><W9/><G93/><T7/><D7/><U131/><E95/><V67/><F64/><AGARI ba="1,0" hai="28,31,40,45,50,58,63,64,72,76,82,90,94,96" machi="64" ten="30,1000,0" yaku="7,1" doraHai="113" who="0" fromWho="2" sc="413,13,111,0,209,-13,267,0" owari="426,52.0,111,-39.0,196,-20.0,267,7.0" /></mjloggm>