<mjloggm ver="2.3"><GO type="225" lobby="0"/><UN n0="%6B%79%6F%6E%6B%6F%31%31" n1="%E9%88%B4%E4%B8%B8" n2="%E9%89%84%E5%BC%B7%E3%83%A2%E3%83%92%E3%83%BC%E3%83%8C%E4%B8%83%E6%AE%B5" n3="%E3%83%81%E3%83%BC%E3%83%88%E3%82%A4%E7%9F%AD%E6%9C%9F%E5%A4%A7%E5%AD%A6" dan="17,16,18,16" rate="2199.79,2209.33,2238.07,2141.93" sx="M,M,F,M"/><TAIKYOKU oya="0"/><INIT seed="0,0,0,4,2,84" ten="250,250,250,250" oya="0" hai0="79,82,133,98,36,21,124,90,31,116,66,125,27" hai1="123,56,59,64,6,15,35,3,76,78,68,72,134" hai2="87,105,22,100,102,118,28,129,4,93,5,41,99" hai3="126,10,85,77,20,29,54,32,23,26,81,11,50"/><T1/><D116/><U97/><E35/><V0/><F118/><W30/><G126/><N who="0" m="48747" /><D36/><U83/><E123/><V114/><F114/><W40/><G40/><T104/><D1/><U106/><E134/><V7/><F129/><W65/><G65/><T122/><D122/><U12/><E76/><V63/><F0/><W37/><G37/><T113/><D113/><U75/><E72/><V18/><F28/><W53/><G53/><T131/><D66/><U101/><E3/><V16/><F41/><W115/><G115/><T24/><D131/><U111/><E111/><V34/><F34/><W108/><G108/><T52/><D133/><U57/><REACH who="1" step="1"/><E6/><REACH who="1" ten="250,240,250,250" step="2"/><V19/><F7/><W110/><G110/><T112/><D112/><U120/><E120/><V71/><F4/><W17/><G32/><T94/><D79/><U14/><E14/><V95/><F5/><W39/><G39/><T130/><D130/><U42/><E42/><V73/><F73/><W38/><G38/><T51/><D27/><U49/><E49/><V86/><F19/><W74/><G74/><T46/><D104/><U127/><E127/><V107/><F107/><W91/><G77/><T47/><D47/><U33/><E33/><V92/><F105/><W128/><G128/><T119/><D119/><U117/><E117/><V9/><F18/><W58/><REACH who="3" step="1"/><G29/><REACH who="3" ten="250,240,250,240" step="2"/><T2/><D2/><U109/><E109/><V70/><F63/><AGARI ba="0,2" hai="12,15,56,57,59,63,64,68,75,78,83,97,101,106" machi="63" ten="40,1300,0" yaku="1,1,53,0" doraHai="84" doraHaiUra="13" who="1" fromWho="2" sc="250,0,240,33,250,-13,240,0" /><INIT seed="1,0,0,1,2,12" ten="250,273,237,240" oya="1" hai0="9,86,10,19,111,48,35,103,27,115,38,97,29" hai1="110,51,36,112,59,11,89,116,129,98,24,18,14" hai2="23,135,49,25,7,108,109,100,81,94,113,96,58" hai3="69,70,105,134,128,31,60,63,4,17,46,1,74"/><U68/><E116/><V73/><F135/><W34/><G74/><T67/><D38/><U8/><E112/><V84/><F113/><W77/><G105/><T132/><D115/><U80/><E36/><V41/><F73/><W130/><G77/><T76/><D132/><U133/><E68/><N who="3" m="26218" /><G134/><T131/><D67/><U118/><E133/><V54/><F7/><W75/><G75/><T64/><D64/><U52/><E118/><V90/><REACH who="2" step="1"/><F41/><REACH who="2" ten="250,273,227,240" step="2"/><W104/><G4/><T72/><D72/><U40/><E40/><V88/><F88/><W126/><G130/><T30/><D76/><U78/><E129/><V82/><F82/><W121/><G128/><T92/><D131/><U32/><E78/><V91/><F91/><W28/><G121/><T62/><D111/><U53/><E110/><V0/><F0/><W61/><G1/><T87/><D62/><U65/><E80/><V102/><F102/><W66/><G61/><T22/><D48/><U21/><E89/><V117/><F117/><W123/><G60/><T122/><D122/><U37/><E37/><V44/><F44/><W79/><G79/><T125/><D125/><U95/><E51/><V47/><F47/><W55/><G123/><T42/><D42/><U15/><E65/><V71/><F71/><W57/><G126/><T3/><D3/><U5/><E59/><V50/><F50/><W26/><G46/><T45/><D45/><U20/><E53/><V16/><AGARI ba="0,1" hai="16,23,25,49,54,58,81,84,90,94,96,100,108,109" machi="16" ten="30,7900,0" yaku="1,1,0,1,52,1,54,1,53,0" doraHai="12" doraHaiUra="43" who="2" fromWho="2" sc="250,-20,273,-39,227,89,240,-20" /><INIT seed="2,0,0,4,3,4" ten="230,234,316,220" oya="2" hai0="113,73,16,126,129,2,124,116,134,55,122,43,30" hai1="74,106,112,104,15,61,35,107,64,119,84,59,3" hai2="65,5,40,27,63,96,6,98,9,77,60,0,23" hai3="102,8,110,18,103,101,24,14,83,120,118,48,54"/><V81/><F6/><W117/><G120/><T85/><D73/><U128/><E74/><V97/><F65/><W28/><G110/><T38/><D122/><U72/><E72/><V31/><REACH who="2" step="1"/><F40/><REACH who="2" ten="230,234,306,220" step="2"/><W22/><REACH who="3" step="1"/><G83/><REACH who="3" ten="230,234,306,210" step="2"/><T76/><D126/><U80/><E80/><V94/><F94/><W67/><G67/><T42/><D124/><U89/><E64/><V39/><F39/><W95/><G95/><T32/><D38/><U75/><E104/><V62/><F62/><W33/><G33/><T100/><D32/><U26/><E61/><V123/><F123/><W88/><G88/><T87/><D113/><U34/><E89/><V121/><F121/><W68/><G68/><T44/><D116/><U17/><E34/><V41/><F41/><W111/><G111/><T109/><D42/><U10/><E35/><V12/><F12/><W92/><G92/><T56/><D43/><U45/><E15/><V79/><F79/><W50/><G50/><T131/><D76/><U93/><E93/><V86/><AGARI ba="0,2" hai="0,5,9,23,27,31,60,63,77,81,86,96,97,98" machi="86" ten="30,6000,0" yaku="1,1,0,1,52,1,53,0" doraHai="4" doraHaiUra="53" who="2" fromWho="2" sc="230,-20,234,-20,306,80,210,-20" /><INIT seed="2,1,0,5,0,66" ten="210,214,386,190" oya="2" hai0="91,64,83,70,46,116,49,39,45,59,96,4,24" hai1="72,131,86,30,27,134,88,29,120,135,112,111,71" hai2="15,105,74,65,56,98,63,75,81,17,113,110,80" hai3="18,62,7,124,19,8,54,121,44,68,33,67,97"/><V125/><F113/><W119/><G119/><T35/><D116/><U73/><E112/><V37/><F37/><W90/><G121/><T36/><D4/><U25/><E120/><V47/><F125/><W23/><G33/><T99/><D35/><N who="1" m="20911" /><E111/><V34/><F34/><W31/><G124/><T132/><D24/><U42/><E42/><V12/><F47/><W58/><G44/><T53/><D132/><N who="1" m="50731" /><E71/><V76/><F110/><W89/><G31/><T3/><D3/><U60/><E60/><V122/><F122/><W107/><G107/><T93/><D46/><U84/><E84/><V61/><F61/><W92/><G90/><T118/><D118/><U94/><E131/><V10/><F15/><W28/><G28/><T104/><D70/><U52/><E52/><V11/><F80/><W6/><G23/><AGARI ba="1,0" hai="23,27,30,72,73,86,88,94" m="50731,20911" machi="23" ten="30,2000,0" yaku="20,1,54,1" doraHai="66" who="1" fromWho="3" sc="210,0,214,23,386,0,190,-23" /><INIT seed="3,0,0,4,0,24" ten="210,237,386,167" oya="3" hai0="128,58,86,45,36,82,95,15,69,81,115,34,84" hai1="122,0,16,127,59,61,42,62,125,32,73,76,83" hai2="135,103,50,99,132,48,37,64,25,47,94,92,102" hai3="54,17,27,119,21,49,101,7,29,96,33,63,30"/><W108/><G119/><T70/><D34/><U113/><E113/><V129/><F129/><W133/><G133/><N who="2" m="51273" /><F64/><W41/><G108/><T126/><D95/><U74/><E122/><V117/><F117/><W120/><G120/><T11/><D126/><N who="1" m="48139" /><E0/><V51/><F25/><W130/><G130/><T39/><D58/><U43/><E73/><V5/><F5/><W38/><G38/><T90/><D115/><U57/><E32/><V52/><F37/><W134/><G134/><T8/><D128/><U98/><E16/><V35/><F35/><W104/><G7/><T118/><D118/><U55/><E98/><AGARI ba="0,0" hai="47,48,50,51,52,92,94,98,99,102,103" m="51273" machi="98" ten="30,2000,0" yaku="20,1,54,1" doraHai="24" who="2" fromWho="1" sc="210,0,237,-20,386,20,167,0" owari="210,-19.0,217,2.0,406,50.0,167,-33.0" /></mjloggm>