<mjloggm ver="2.3"><GO type="169" lobby="0"/><UN n0="%E2%98%85%E6%9C%88%E7%A5%9E%E2%98%85%EF%BC%A0%4D%4A" n1="%E3%81%88%E3%82%8A%E3%82%93%E3%81%BC%50" n2="%43%61%70" n3="%E3%82%AB%E3%83%83%E3%82%AB%E3%83%83%E3%82%AB%E3%83%83" dan="18,17,16,16" rate="2235.68,2204.03,2097.37,2108.55" sx="M,M,M,M"/><TAIKYOKU oya="0"/><INIT seed="0,0,0,5,2,69" ten="250,250,250,250" oya="0" hai0="125,97,119,133,66,36,14,98,3,25,94,21,46" hai1="23,47,112,22,55,72,88,40,101,39,130,78,8" hai2="10,132,91,4,20,52,37,76,80,83,73,1,38" hai3="105,49,77,116,19,27,61,17,9,87,53,100,70"/><T65/><D119/><U58/><E112/><V12/><F132/><W32/><G116/><T43/><D3/><U129/><E101/><V5/><F5/><W121/><G77/><T28/><D133/><U81/><E8/><V95/><F83/><W42/><G42/><T63/><D125/><U102/><E102/><V79/><F79/><W84/><G121/><T123/><D123/><U89/><E22/><V93/><F93/><W50/><G50/><T56/><D14/><U60/><REACH who="1" step="1"/><E23/><REACH who="1" ten="250,240,250,250" step="2"/><V11/><F20/><W7/><G100/><T13/><D13/><U75/><E75/><V2/><F2/><W118/><G105/><T92/><D98/><U74/><E74/><V135/><F135/><W90/><G87/><T45/><D97/><U114/><E114/><V29/><F11/><W115/><G115/><T111/><D111/><U6/><E6/><V134/><F1/><W113/><G7/><T106/><D106/><U54/><E54/><V62/><F134/><W67/><G9/><T96/><D96/><U26/><E26/><V108/><F108/><W86/><G113/><T124/><D124/><U71/><E71/><V18/><F4/><W128/><G84/><T127/><D127/><U104/><E104/><V120/><F120/><W68/><G68/><T109/><D109/><U15/><E15/><V35/><F10/><W0/><G0/><T99/><D99/><U30/><E30/><V44/><F12/><W41/><G118/><T107/><D107/><U24/><E24/><V48/><F29/><W16/><G27/><T57/><D25/><U110/><E110/><RYUUKYOKU ba="0,1" sc="250,-10,240,30,250,-10,250,-10" hai1="39,40,47,55,58,60,72,78,81,88,89,129,130" /><INIT seed="1,1,1,3,3,26" ten="240,270,240,240" oya="1" hai0="48,102,124,44,2,113,96,61,13,90,97,20,49" hai1="12,131,112,29,4,45,46,121,27,36,18,59,40" hai2="51,127,76,103,43,110,35,109,99,115,80,72,73" hai3="88,34,94,117,89,87,1,39,130,56,67,74,64"/><U23/><E121/><V62/><F127/><W63/><G130/><T8/><D124/><U71/><E131/><V28/><F43/><W75/><G117/><T53/><D113/><U54/><E71/><V84/><F51/><W24/><G39/><T70/><D2/><U22/><E45/><V86/><F62/><W11/><G67/><T134/><D134/><U82/><E82/><N who="2" m="47175" /><F35/><W77/><G89/><T98/><D90/><U83/><E83/><V9/><F9/><W25/><G77/><T133/><D133/><U0/><E0/><V7/><F7/><W15/><G1/><T66/><D20/><U105/><E105/><N who="2" m="63743" /><F28/><W58/><G58/><T32/><D32/><U69/><E69/><V16/><F16/><W60/><G60/><T104/><REACH who="0" step="1"/><D49/><REACH who="0" ten="230,270,240,240" step="2"/><U128/><E128/><V129/><F115/><W5/><REACH who="3" step="1"/><G25/><REACH who="3" ten="230,270,240,230" step="2"/><T3/><D3/><U114/><E112/><V14/><F129/><W125/><G125/><T6/><AGARI ba="1,3" hai="6,8,13,44,48,53,61,66,70,96,97,98,102,104" machi="6" ten="20,5200,0" yaku="1,1,0,1,7,1,53,1" doraHai="26" doraHaiUra="41" who="0" fromWho="0" sc="230,85,270,-27,240,-14,230,-14" /><INIT seed="2,0,0,4,2,23" ten="315,243,226,216" oya="2" hai0="114,115,112,130,119,4,51,109,116,87,67,101,126" hai1="21,81,135,26,31,17,97,65,36,32,66,37,39" hai2="35,64,85,95,33,122,110,25,92,63,11,98,10" hai3="7,6,24,27,30,22,16,73,88,19,89,45,121"/><V34/><F122/><W108/><G73/><T118/><D4/><N who="3" m="1577" /><G121/><T102/><D67/><U90/><E135/><V0/><F0/><W55/><G108/><T9/><D9/><U69/><E69/><V128/><F128/><W13/><G19/><T83/><D51/><U8/><E8/><V94/><F110/><W96/><G30/><T15/><D15/><U127/><E127/><V103/><F85/><W49/><G96/><T131/><D109/><U76/><E90/><AGARI ba="0,0" hai="13,16,22,24,27,45,49,55,88,89,90" m="1577" machi="90" ten="30,8000,1" yaku="8,1,52,2,54,2" doraHai="23" who="3" fromWho="1" sc="315,0,243,-80,226,0,216,80" /><INIT seed="3,0,0,4,0,23" ten="315,163,226,296" oya="3" hai0="42,118,90,131,54,30,0,80,81,37,35,130,14" hai1="91,5,79,52,24,86,39,102,85,120,92,103,65" hai2="93,134,57,2,16,123,49,111,56,38,25,29,87" hai3="100,128,67,46,1,94,66,78,48,112,11,47,40"/><W60/><G112/><T89/><D0/><U109/><E39/><V125/><F38/><W113/><G113/><T110/><D118/><U116/><E116/><V17/><F2/><W122/><G122/><T106/><D106/><U73/><E120/><V18/><F123/><W129/><G78/><T83/><D110/><U135/><E109/><V104/><F104/><W31/><G47/><N who="0" m="24015" /><D14/><U22/><E65/><V9/><F111/><W75/><G75/><T50/><D30/><U88/><E5/><V27/><F29/><W114/><G31/><T4/><D4/><U64/><E64/><V3/><F134/><W77/><G77/><T21/><D21/><U7/><E7/><V53/><F125/><W82/><G114/><T61/><D61/><U71/><E71/><V127/><F127/><W32/><G32/><T58/><D35/><U8/><E8/><V97/><F87/><W41/><G11/><T95/><D95/><N who="1" m="54671" /><E79/><V99/><F3/><W115/><G1/><T6/><D6/><U45/><E73/><V10/><F10/><W62/><G115/><T33/><D33/><U19/><E135/><V43/><F9/><W98/><G62/><T107/><D107/><U126/><E126/><V96/><F93/><W133/><G133/><T121/><D121/><U34/><E34/><V44/><REACH who="2" step="1"/><F57/><REACH who="2" ten="315,163,216,296" step="2"/><N who="3" m="37135" /><G94/><T101/><D101/><U76/><E76/><V36/><AGARI ba="0,1" hai="16,17,18,25,27,36,43,44,49,53,56,96,97,99" machi="36" ten="30,8000,1" yaku="1,1,0,1,52,2,54,1,53,0" doraHai="23" doraHaiUra="74" who="2" fromWho="2" sc="315,-20,163,-20,216,90,296,-40" /><INIT seed="4,0,0,1,4,77" ten="295,143,306,256" oya="0" hai0="125,54,87,26,20,130,32,114,74,70,121,39,47" hai1="45,94,38,35,15,69,85,56,91,31,23,116,119" hai2="131,108,128,18,12,41,46,127,33,102,58,79,73" hai3="22,120,66,98,28,61,5,101,48,93,24,62,52"/><T90/><D74/><U135/><E69/><V110/><F33/><W57/><G120/><T21/><D121/><U107/><E107/><V76/><F102/><W44/><G5/><T63/><D130/><N who="2" m="49706" /><F58/><W17/><G61/><T78/><D78/><N who="2" m="29738" /><F73/><W14/><REACH who="3" step="1"/><G14/><REACH who="3" ten="295,143,306,246" step="2"/><T34/><D63/><U96/><E135/><V97/><F127/><W80/><G80/><T55/><D125/><U89/><E116/><V123/><F123/><W25/><G25/><T64/><D26/><U129/><E119/><V30/><F110/><W104/><G104/><T49/><D114/><U103/><E129/><V40/><F12/><W115/><G115/><T13/><D13/><U132/><E132/><V37/><F108/><W124/><G124/><T0/><D0/><U6/><E6/><V53/><F18/><AGARI ba="0,1" hai="17,18,22,24,28,44,48,52,57,62,66,93,98,101" machi="18" ten="40,8000,1" yaku="1,1,25,2,8,1,54,1,53,0" doraHai="77" doraHaiUra="122" who="3" fromWho="2" sc="295,0,143,0,306,-80,246,90" /><INIT seed="5,0,0,3,2,17" ten="295,143,226,336" oya="1" hai0="118,53,22,60,4,128,74,126,40,122,2,25,114" hai1="67,52,120,68,57,46,55,42,33,90,66,107,112" hai2="135,115,104,28,20,23,83,37,116,98,50,71,34" hai3="47,31,88,121,82,80,14,11,76,61,81,130,6"/><U102/><E120/><V123/><F37/><W0/><G130/><T93/><D122/><U119/><E119/><V117/><F123/><W106/><G121/><T13/><D74/><U91/><E33/><V101/><F135/><W89/><G106/><T64/><D118/><U8/><E112/><V7/><F115/><W26/><G76/><T16/><D114/><U30/><E30/><V132/><F132/><W113/><G113/><T124/><D128/><U111/><E111/><V29/><F7/><W49/><G61/><T96/><D40/><U38/><E55/><V12/><F12/><W1/><G1/><T84/><D2/><U19/><E102/><V108/><F108/><W27/><G0/><T86/><D53/><U32/><E107/><V85/><F116/><W58/><G58/><T105/><D105/><U133/><E32/><V56/><F71/><W99/><G99/><T97/><D4/><U35/><E35/><V73/><F73/><W15/><G15/><T51/><D51/><N who="1" m="30879" /><E66/><V10/><F34/><W24/><G31/><T92/><D13/><N who="1" m="7591" /><E133/><V78/><F117/><W44/><G44/><T79/><D96/><U18/><E18/><V48/><F28/><W9/><G9/><T21/><D21/><N who="2" m="8266" /><F29/><W41/><AGARI ba="0,0" hai="6,11,14,24,26,27,41,47,49,80,81,82,88,89" machi="41" ten="30,4000,0" yaku="0,1,8,1,54,1" doraHai="17" who="3" fromWho="3" sc="295,-10,143,-20,226,-10,336,40" /><INIT seed="6,0,0,4,0,86" ten="285,123,216,376" oya="2" hai0="32,75,48,122,88,101,72,108,14,7,107,92,68" hai1="27,126,65,77,26,35,33,109,22,15,52,17,110" hai2="54,85,5,81,13,94,24,60,69,97,118,53,99" hai3="134,44,117,114,10,123,6,73,64,37,135,30,79"/><V125/><F118/><W111/><G111/><T121/><D68/><U62/><E77/><V102/><F125/><W124/><G124/><T49/><D32/><U0/><E126/><V132/><F132/><W59/><G30/><T129/><D108/><U45/><E109/><V9/><F69/><W38/><G114/><T78/><D129/><U28/><E110/><V130/><F130/><W61/><G123/><T4/><D101/><U55/><E45/><V131/><F131/><W76/><G76/><T113/><D107/><U2/><E2/><V18/><F60/><W25/><G25/><T127/><D113/><U57/><REACH who="1" step="1"/><E0/><REACH who="1" ten="285,113,216,376" step="2"/><V74/><F74/><W31/><G79/><T120/><D127/><U104/><E104/><V63/><F63/><W84/><G61/><T1/><D1/><U119/><E119/><V8/><F99/><W80/><G73/><T89/><D78/><U34/><E34/><V58/><F97/><W105/><G117/><T19/><D75/><U36/><E36/><V51/><F51/><W103/><G38/><T128/><D72/><U133/><E133/><V71/><F71/><W43/><G37/><T12/><D128/><U11/><E11/><V106/><F8/><W96/><G10/><T50/><D50/><U41/><E41/><V70/><F70/><W82/><G134/><T42/><D42/><U87/><E87/><V66/><F106/><W3/><G43/><T83/><D121/><U20/><E20/><V39/><F39/><W98/><G135/><T16/><D122/><U115/><E115/><V112/><F112/><W56/><G105/><RYUUKYOKU ba="0,1" sc="285,-10,113,30,216,-10,376,-10" hai1="15,17,22,26,27,28,33,35,52,55,57,62,65" /><INIT seed="7,1,1,5,2,44" ten="275,143,206,366" oya="3" hai0="123,75,57,2,36,47,72,50,134,91,105,127,70" hai1="28,125,132,15,30,113,96,16,128,87,62,6,76" hai2="106,80,37,34,133,3,97,1,63,43,45,68,135" hai3="108,126,11,65,89,14,58,51,21,92,25,32,27"/><W88/><G126/><T13/><D2/><U41/><E125/><V93/><F80/><W115/><G115/><T71/><D127/><U73/><E113/><V78/><F78/><W94/><G32/><T35/><D123/><U24/><E73/><V0/><F34/><W23/><G108/><T86/><D35/><U124/><E124/><V42/><F42/><W99/><G23/><T17/><D105/><U74/><E74/><V9/><F9/><W131/><G21/><T49/><D134/><N who="2" m="51210" /><F106/><W121/><G131/><T84/><D36/><U120/><E128/><V53/><F68/><W31/><G31/><T61/><D71/><U104/><E120/><V19/><F19/><W129/><G129/><T98/><D70/><U130/><E130/><V59/><F1/><W110/><G92/><N who="0" m="56607" /><D72/><U56/><E132/><V77/><F77/><W5/><G121/><T18/><D18/><U29/><E104/><V46/><F45/><W116/><G110/><T52/><D61/><U82/><E96/><V69/><F69/><W4/><G99/><T81/><D75/><U66/><E6/><V64/><F64/><W22/><G4/><T39/><D39/><U117/><E117/><V40/><F0/><W111/><G65/><T100/><D100/><U60/><E62/><V119/><F3/><W55/><G116/><T103/><D103/><U20/><REACH who="1" step="1"/><E41/><REACH who="1" ten="275,133,206,366" step="2"/><V48/><F119/><W38/><G5/><T112/><D112/><U90/><E90/><N who="2" m="55479" /><F40/><W102/><G111/><T95/><D95/><U118/><E118/><V67/><F43/><W122/><G122/><T26/><D81/><RYUUKYOKU ba="1,2" sc="275,-15,133,15,206,15,366,-15" hai1="15,16,20,24,28,29,30,56,60,66,76,82,87" hai2="37,46,48,53,59,63,67" owari="260,6.0,148,-35.0,221,-18.0,371,47.0" /></mjloggm>