<mjloggm ver="2.3"><GO type="225" lobby="0"/><UN n0="%6B%79%6F%6E%6B%6F%31%31" n1="%E5%B6%BA%E4%B8%8A%E5%92%B2" n2="%E8%A8%88%E7%AE%97%E6%A9%9F%E8%87%AA%E7%84%B6" n3="%E9%89%84%E5%BC%B7%E3%83%A2%E3%83%92%E3%83%BC%E3%83%8C%E4%B8%83%E6%AE%B5" dan="17,17,17,18" rate="2197.78,2212.91,2263.20,2243.87" sx="M,F,M,F"/><TAIKYOKU oya="0"/><INIT seed="0,0,0,1,2,66" ten="250,250,250,250" oya="0" hai0="23,105,42,88,2,80,123,54,46,7,12,40,98" hai1="20,113,119,68,55,85,72,58,107,122,15,16,109" hai2="73,135,49,26,52,1,4,27,125,57,75,3,84" hai3="28,103,90,114,94,8,69,31,67,132,37,120,0"/><T97/><D123/><U124/><E122/><V99/><F135/><W9/><G114/><T86/><D2/><U134/><E72/><V25/><F125/><W22/><G37/><T60/><D105/><U79/><E119/><V106/><F84/><W126/><G120/><T50/><D60/><U115/><E107/><V41/><F41/><W108/><G103/><T64/><D64/><U127/><E109/><V11/><REACH who="2" step="1"/><F1/><REACH who="2" ten="250,250,240,250" step="2"/><W95/><G0/><T63/><D42/><U39/><E134/><V44/><F44/><W92/><G132/><T48/><D63/><U102/><E127/><V93/><F93/><W89/><G95/><T91/><D98/><U96/><E124/><V56/><F56/><W128/><G94/><T110/><D110/><U118/><E113/><V129/><F129/><W21/><G92/><T70/><D97/><U30/><E115/><V76/><F76/><W82/><G108/><T78/><D70/><U36/><E68/><V29/><F29/><W77/><G128/><T35/><D35/><U32/><E32/><V34/><F34/><W38/><G77/><T17/><D7/><U51/><E118/><V133/><F133/><W14/><G69/><T83/><D80/><U19/><E36/><V65/><F65/><W6/><G38/><T87/><D86/><U5/><E39/><V100/><AGARI ba="0,1" hai="3,4,11,25,26,27,49,52,57,73,75,99,100,106" machi="100" ten="30,4000,0" yaku="1,1,0,1,54,1,53,0" doraHai="66" doraHaiUra="116" who="2" fromWho="2" sc="250,-20,250,-10,240,50,250,-10" /><INIT seed="1,0,0,3,5,70" ten="230,240,290,240" oya="1" hai0="112,124,9,11,71,20,101,2,110,84,115,39,57" hai1="116,83,12,103,121,48,126,26,128,129,24,8,62" hai2="76,28,86,17,117,94,119,123,111,41,91,32,60" hai3="53,105,107,43,5,22,93,81,61,38,52,36,80"/><U67/><E116/><V34/><F123/><W16/><G5/><T29/><D71/><U25/><E121/><V63/><F111/><W95/><G43/><T51/><D110/><U96/><E126/><V54/><F41/><W50/><G22/><T13/><D124/><U56/><E48/><V75/><F17/><W6/><G6/><T49/><D101/><U87/><E8/><V35/><F28/><W125/><G125/><T15/><D84/><U85/><E12/><V40/><F40/><W44/><G16/><T77/><D77/><U55/><E67/><V92/><F92/><W59/><G59/><T104/><D104/><U79/><REACH who="1" step="1"/><E85/><REACH who="1" ten="230,230,290,240" step="2"/><V73/><F119/><W90/><G50/><T68/><D51/><U130/><E130/><V120/><F117/><W118/><G118/><T18/><D49/><U47/><E47/><V58/><F120/><W30/><G44/><T99/><D15/><U98/><E98/><V64/><F64/><W135/><G53/><T66/><D99/><U14/><E14/><V65/><F65/><W19/><G52/><T10/><D10/><U122/><E122/><V88/><F60/><W37/><G61/><N who="0" m="40015" /><D11/><U69/><E69/><V21/><F63/><W109/><G109/><T133/><D57/><U132/><E132/><V0/><F58/><W74/><G135/><T27/><D133/><U7/><E7/><V78/><F54/><W23/><G38/><T97/><D39/><U134/><E134/><V106/><F86/><W72/><G37/><T102/><D2/><U131/><E131/><V33/><N who="2" m="8192" /><DORA hai="3" /><V89/><F0/><RYUUKYOKU ba="0,1" sc="230,15,230,15,290,-15,240,-15" hai0="9,13,18,20,27,29,97,102,112,115" hai1="24,25,26,55,56,62,79,83,87,96,103,128,129" /><INIT seed="1,1,1,0,2,44" ten="245,245,275,225" oya="1" hai0="61,84,40,98,127,104,64,31,60,124,50,80,12" hai1="114,38,47,59,103,15,28,27,86,91,90,66,131" hai2="73,14,125,71,113,4,51,63,87,53,37,52,111" hai3="106,30,70,33,6,79,18,75,123,115,26,135,32"/><U121/><E114/><V68/><F73/><W9/><G106/><T25/><D12/><U62/><E121/><V42/><F87/><W126/><G70/><N who="2" m="26665" /><F14/><W120/><G115/><T54/><D40/><U13/><E131/><V122/><F4/><W2/><G135/><T22/><D64/><U58/><E103/><V92/><F92/><W129/><G129/><T10/><D10/><U45/><E38/><V82/><F82/><W102/><G102/><T105/><D98/><U96/><E96/><V130/><F130/><W134/><G134/><T1/><D1/><U21/><E90/><V101/><F101/><W76/><G76/><T118/><D118/><U36/><E36/><V93/><F93/><W83/><G126/><N who="0" m="48171" /><D105/><U55/><E13/><V19/><F42/><W88/><G33/><T67/><D67/><U24/><E15/><V74/><F37/><W56/><G123/><T69/><D69/><U11/><E11/><V16/><F113/><W17/><G120/><T81/><D104/><U57/><E24/><V99/><F99/><W43/><G43/><T7/><D7/><U72/><E72/><V41/><F74/><W119/><G119/><T85/><D85/><U65/><E65/><V97/><F97/><W39/><G39/><T109/><D81/><N who="1" m="49615" /><E66/><V112/><F112/><W108/><G75/><T0/><D0/><U89/><E89/><V20/><F125/><W46/><G88/><N who="0" m="51207" /><D109/><U116/><E116/><V3/><F111/><W117/><G108/><T23/><D23/><U48/><E62/><V100/><F122/><W8/><G117/><T29/><D29/><RYUUKYOKU ba="1,1" sc="245,15,245,15,275,-15,225,-15" hai0="22,25,31,50,54,60,61" hai1="21,27,28,45,47,48,55,57,58,59" /><INIT seed="1,2,1,0,1,87" ten="260,260,260,210" oya="1" hai0="46,63,110,83,121,50,106,34,67,21,113,56,119" hai1="81,52,41,51,84,95,104,22,43,1,114,44,135" hai2="13,62,107,86,126,19,20,47,49,124,88,23,0" hai3="25,28,12,39,117,98,92,120,36,48,65,116,55"/><U27/><E104/><V102/><F0/><W11/><G120/><T100/><D34/><U64/><E1/><V7/><F7/><W133/><G133/><T61/><D119/><N who="3" m="45641" /><G65/><T9/><D110/><U59/><E114/><V78/><F78/><W127/><G127/><N who="2" m="48681" /><F62/><W69/><G69/><T91/><D113/><U4/><E4/><V90/><F86/><W42/><G42/><N who="1" m="15882" /><E135/><V75/><F75/><W58/><G12/><T112/><D9/><U96/><E64/><V57/><F57/><W109/><G11/><T40/><D63/><U16/><E59/><V123/><F123/><W24/><G24/><T26/><D121/><U118/><E118/><V82/><F82/><W66/><G66/><T54/><D112/><U111/><E111/><V128/><F20/><N who="3" m="15399" /><G109/><T5/><D5/><U73/><E73/><V125/><N who="2" m="48689" /><V74/><DORA hai="105" /><F74/><W115/><G115/><T2/><D2/><U132/><E132/><V71/><F71/><W134/><G134/><T14/><D67/><U122/><E122/><V53/><F128/><W97/><G97/><AGARI ba="2,1" hai="13,19,23,47,49,53,88,90,97,102,107" m="48689" machi="97" ten="40,8000,1" yaku="18,1,52,2,54,1" doraHai="87,105" who="2" fromWho="3" sc="260,0,260,0,260,96,210,-86" /><INIT seed="2,0,0,4,1,4" ten="260,260,356,124" oya="2" hai0="14,34,79,55,121,129,126,27,100,134,52,11,6" hai1="105,130,88,37,61,50,110,30,60,104,125,135,74" hai2="84,18,9,46,25,65,2,35,122,106,96,71,44" hai3="83,32,36,39,85,8,81,87,45,115,116,90,47"/><V103/><F122/><W82/><G116/><T22/><D121/><U93/><E37/><V73/><F73/><W128/><G128/><T108/><D129/><U1/><E110/><V42/><F84/><W89/><G32/><T124/><D108/><U48/><E74/><V24/><F24/><W132/><G132/><T64/><D134/><U26/><E1/><V40/><F2/><W123/><G123/><T75/><D64/><U127/><E130/><V21/><F9/><W53/><G115/><T16/><D100/><U19/><E19/><V17/><F17/><W10/><G82/><N who="0" m="45439" /><D34/><N who="1" m="20823" /><E60/><V43/><F35/><W59/><G53/><T111/><D111/><U95/><E61/><V13/><F25/><W120/><G120/><T133/><D133/><U62/><E62/><V92/><F106/><N who="1" m="41065" /><E95/><V33/><F33/><W15/><REACH who="3" step="1"/><G59/><REACH who="3" ten="260,260,356,114" step="2"/><T38/><D38/><U107/><E135/><V3/><F65/><W57/><G57/><T20/><D20/><U98/><E107/><V54/><F21/><W7/><G7/><T58/><D58/><U112/><E112/><V80/><F54/><W76/><G76/><T41/><D41/><U0/><E0/><V51/><F3/><W28/><G28/><T29/><D29/><U70/><E70/><V119/><F71/><W99/><G99/><T113/><D113/><U101/><E101/><V56/><F103/><W91/><G91/><T66/><D66/><U117/><E117/><V69/><F119/><W23/><G23/><T86/><D86/><U77/><E77/><V68/><F68/><W97/><G97/><T109/><D109/><RYUUKYOKU ba="0,1" sc="260,10,260,10,356,-30,114,10" hai0="6,11,14,16,22,27,52,55,124,126" hai1="48,50,88,93,98,125,127" hai3="8,10,15,36,39,45,47,81,83,85,87,89,90" /><INIT seed="3,1,1,0,4,57" ten="270,270,326,124" oya="3" hai0="28,101,68,86,108,82,104,117,23,69,131,43,118" hai1="110,87,79,22,74,112,41,81,34,62,89,125,51" hai2="58,38,44,19,105,12,71,122,133,124,94,66,7" hai3="76,64,14,33,70,107,30,39,80,8,92,134,49"/><W60/><G134/><T3/><D3/><U88/><E34/><V36/><F105/><W59/><G107/><T67/><D43/><U29/><E112/><V45/><F71/><W130/><G130/><T90/><D131/><U5/><E110/><V20/><F133/><W6/><G39/><T11/><D108/><U83/><E125/><V95/><F124/><W31/><G33/><T54/><D11/><U75/><E5/><V119/><F119/><W48/><G92/><T135/><D68/><U111/><E111/><V113/><F113/><W4/><G4/><T129/><D54/><U56/><E74/><V1/><F122/><W99/><G99/><N who="0" m="61503" /><D135/><U77/><E29/><V96/><F36/><W127/><G127/><T53/><D53/><U10/><E22/><V102/><F38/><W121/><G121/><T0/><D0/><U13/><E51/><V47/><F95/><W18/><G6/><T91/><D23/><U128/><E41/><V16/><F1/><W116/><G116/><T15/><D15/><U114/><E114/><V65/><F7/><W63/><G31/><T37/><D37/><U126/><E126/><V78/><F78/><W61/><G30/><T72/><D28/><U40/><E40/><V9/><F58/><W115/><G115/><T46/><D129/><U106/><E106/><V24/><AGARI ba="1,1" hai="9,12,16,19,20,24,44,45,47,65,66,94,96,102" machi="24" ten="30,4000,0" yaku="0,1,8,1,54,1" doraHai="57" who="2" fromWho="2" sc="270,-11,270,-11,326,53,124,-21" owari="259,6.0,259,-14.0,379,48.0,103,-40.0" /></mjloggm>