<mjloggm ver="2.3"><GO type="225" lobby="0"/><UN n0="%E3%83%81%E3%83%BC%E3%83%88%E3%82%A4%E7%9F%AD%E6%9C%9F%E5%A4%A7%E5%AD%A6" n1="%E9%88%B4%E4%B8%B8" n2="%E5%B7%A5%E8%97%A4%E6%96%B0%E4%B8%80" n3="%6B%79%6F%6E%6B%6F%31%31" dan="16,16,16,17" rate="2139.79,2203.51,2119.03,2201.96" sx="M,M,M,M"/><TAIKYOKU oya="0"/><INIT seed="0,0,0,3,1,105" ten="250,250,250,250" oya="0" hai0="30,87,117,31,27,11,123,120,110,36,127,131,122" hai1="133,88,28,112,116,41,8,4,107,95,89,24,72" hai2="65,12,17,23,90,114,126,66,2,34,22,135,98" hai3="96,59,100,104,118,54,115,53,124,85,113,132,14"/><T51/><D36/><U78/><E116/><V81/><F126/><W63/><G118/><T35/><D117/><U61/><E107/><V121/><F135/><W48/><G124/><T74/><D127/><U37/><E133/><V18/><F114/><W7/><G132/><T0/><D87/><U128/><E128/><V56/><F121/><W68/><G68/><T86/><D86/><U5/><E5/><V21/><F34/><W73/><G73/><T134/><D134/><U82/><E61/><V20/><F2/><W33/><G33/><N who="0" m="20703" /><D51/><U16/><E112/><V103/><F90/><W62/><G62/><T92/><D92/><U76/><E76/><V15/><F81/><W79/><G7/><N who="0" m="1511" /><D74/><U6/><E6/><V46/><F46/><W69/><G14/><T91/><D91/><U44/><E95/><N who="2" m="58847" /><F56/><W58/><REACH who="3" step="1"/><G69/><REACH who="3" ten="250,250,250,240" step="2"/><T1/><D1/><N who="1" m="15" /><E16/><V32/><F32/><AGARI ba="0,1" hai="24,28,32,37,41,44,72,78,82,88,89" m="15" machi="32" ten="30,3900,0" yaku="25,1,52,1,54,1" doraHai="105" who="1" fromWho="2" sc="250,0,250,49,250,-39,240,0" /><INIT seed="1,0,0,3,0,66" ten="250,299,211,240" oya="1" hai0="80,16,57,50,3,44,65,103,51,21,24,20,98" hai1="122,64,26,62,134,85,14,96,7,8,117,114,99" hai2="10,129,90,78,128,30,72,113,60,47,109,94,35" hai3="52,112,101,25,9,105,115,53,23,6,100,34,68"/><U55/><E114/><V97/><F109/><W89/><G34/><T135/><D3/><U1/><E117/><V81/><F113/><W75/><G75/><T102/><D135/><U58/><E134/><V63/><F10/><W73/><G73/><T77/><D21/><U93/><E1/><V5/><F5/><W111/><G111/><T119/><D119/><U132/><E122/><V56/><F47/><W59/><G68/><T108/><D108/><U61/><E132/><V70/><F70/><W36/><G36/><T91/><D91/><N who="1" m="53487" /><E26/><N who="2" m="18903" /><F56/><AGARI ba="0,0" hai="7,8,14,55,56,58,61,62,64,96,99" m="53487" machi="56" ten="30,1500,0" yaku="8,1" doraHai="66" who="1" fromWho="2" sc="250,0,299,15,211,-15,240,0" /><INIT seed="1,1,0,2,0,83" ten="250,314,196,240" oya="1" hai0="134,36,76,92,31,108,104,27,98,102,8,57,38" hai1="42,94,103,96,68,64,33,6,89,35,84,24,29" hai2="52,18,0,37,88,50,82,85,19,74,90,75,115" hai3="78,119,34,129,39,48,101,51,58,128,111,81,4"/><U7/><E42/><V73/><F115/><W47/><G34/><T17/><D134/><U53/><E53/><V16/><F0/><W71/><G101/><T114/><D114/><U107/><E33/><V124/><F124/><W95/><G95/><T106/><D57/><U125/><REACH who="1" step="1"/><E125/><REACH who="1" ten="250,304,196,240" step="2"/><V2/><F37/><W70/><G39/><T135/><D38/><U69/><E69/><V21/><F2/><W30/><G70/><T55/><D36/><U67/><E67/><V109/><F109/><W100/><G71/><T25/><D55/><U121/><E121/><V1/><F1/><W12/><G111/><T5/><D108/><U11/><E11/><V99/><F21/><W43/><G43/><T3/><D8/><U10/><E10/><V23/><F23/><W120/><G120/><T14/><D3/><U41/><E41/><V80/><F99/><W20/><G20/><T113/><D98/><U9/><E9/><V118/><F118/><W60/><G119/><T97/><D97/><U56/><E56/><V126/><F126/><W79/><G58/><T62/><D5/><U13/><E13/><V123/><F123/><W105/><G12/><T46/><D14/><U40/><E40/><V77/><REACH who="2" step="1"/><F90/><REACH who="2" ten="250,304,186,240" step="2"/><W122/><G122/><T112/><D112/><U131/><E131/><V87/><F87/><N who="3" m="48567" /><G129/><T45/><D113/><U65/><E65/><V49/><F49/><W26/><G51/><T32/><D32/><U93/><E93/><V132/><F132/><W61/><G48/><T44/><D135/><U15/><E15/><V72/><F72/><W54/><G128/><RYUUKYOKU ba="1,2" sc="250,-15,304,15,186,15,240,-15" hai1="6,7,24,29,35,64,68,84,89,94,96,103,107" hai2="16,18,19,50,52,73,74,75,77,80,82,85,88" /><INIT seed="1,2,2,3,0,37" ten="235,319,201,225" oya="1" hai0="0,130,22,43,131,129,1,30,62,96,72,9,101" hai1="67,46,20,44,74,85,133,51,90,61,29,56,63" hai2="76,105,38,26,25,123,104,55,57,113,15,97,99" hai3="75,31,19,132,121,21,48,77,70,42,5,24,81"/><U135/><E74/><V6/><F123/><W18/><G121/><T33/><D72/><U92/><E29/><V110/><F110/><W122/><G122/><T126/><D126/><U119/><E119/><V41/><F76/><W16/><G70/><T89/><D22/><U112/><E20/><V39/><F113/><W60/><G5/><T53/><D89/><U120/><E112/><V117/><F117/><W106/><G106/><T108/><D108/><U32/><E32/><V114/><F114/><W17/><G60/><T80/><D80/><U91/><E120/><V84/><F84/><W98/><G132/><N who="1" m="50762" /><E51/><V58/><F15/><W49/><G98/><T134/><D134/><U124/><E124/><V71/><F55/><W87/><G75/><T28/><D33/><U118/><E118/><V11/><F11/><W86/><G86/><T3/><D9/><U103/><E103/><V8/><F8/><W88/><G77/><T127/><D127/><U66/><E90/><V83/><F83/><W47/><N who="3" m="4096" /><DORA hai="65" /><W111/><REACH who="3" step="1"/><G111/><REACH who="3" ten="235,319,201,215" step="2"/><T45/><D96/><U50/><E50/><AGARI ba="2,3" hai="21,24,31,42,47,48,49,50,81,87,88" m="4096" machi="50" ten="50,12000,2" yaku="1,1,2,1,8,1,52,1,54,2,53,0" doraHai="37,65" doraHaiUra="94,34" who="3" fromWho="1" sc="235,0,319,-126,201,0,215,156" /><INIT seed="2,0,0,5,5,87" ten="235,193,201,371" oya="2" hai0="65,74,29,18,34,127,51,89,126,79,20,22,104" hai1="93,53,58,128,16,13,70,63,12,40,112,44,6" hai2="80,67,94,9,3,38,46,105,1,129,91,99,122" hai3="110,24,71,116,35,61,17,43,114,11,69,66,19"/><V109/><F122/><W82/><G116/><T57/><D104/><U41/><E112/><V21/><F129/><W28/><G69/><T76/><D34/><U7/><E128/><V119/><F119/><W23/><G110/><T48/><D29/><U37/><E70/><V88/><F109/><W134/><G134/><T131/><D131/><U0/><E0/><V30/><F67/><W97/><G43/><T60/><D89/><U5/><E40/><V95/><F105/><W90/><G114/><T56/><D20/><U14/><REACH who="1" step="1"/><E93/><REACH who="1" ten="235,183,201,371" step="2"/><V96/><F80/><W115/><G82/><N who="0" m="45335" /><D126/><U72/><E72/><V132/><F132/><W78/><G71/><T27/><D127/><U113/><E113/><V101/><F101/><W55/><G115/><T59/><D79/><U106/><E106/><V45/><F38/><W123/><G78/><T62/><D62/><U4/><N who="1" m="1024" /><DORA hai="33" /><U42/><E42/><V84/><F3/><W121/><G61/><T68/><D51/><U102/><E102/><V15/><F1/><W52/><G121/><T36/><D48/><U39/><E39/><V25/><REACH who="2" step="1"/><F84/><REACH who="2" ten="235,183,191,371" step="2"/><W86/><G86/><T47/><D36/><U118/><E118/><V26/><F26/><W73/><G24/><T108/><D108/><U81/><E81/><V120/><F120/><W100/><G100/><T98/><D27/><U83/><E83/><V133/><F133/><W125/><G123/><T124/><D124/><U111/><E111/><V135/><F135/><W103/><G103/><T31/><D68/><U49/><E49/><V8/><F8/><AGARI ba="0,2" hai="8,12,13,14,16,37,41,44,53,58,63" m="1024" machi="8" ten="50,12000,2" yaku="1,1,54,1,53,4" doraHai="87,33" doraHaiUra="2,107" who="1" fromWho="2" sc="235,0,183,140,191,-120,371,0" /><INIT seed="3,0,0,5,3,70" ten="235,323,71,371" oya="3" hai0="125,12,123,40,6,101,76,127,39,36,2,87,74" hai1="0,134,94,128,25,104,118,21,109,42,120,117,92" hai2="30,115,130,62,78,57,81,29,91,63,41,114,65" hai3="56,9,22,90,100,15,131,122,67,108,126,19,102"/><W55/><G122/><T85/><D123/><U35/><E120/><V38/><F91/><W54/><G126/><N who="0" m="48139" /><D2/><U8/><E104/><V1/><F1/><W119/><G119/><N who="1" m="45578" /><E42/><V18/><F18/><W24/><G131/><T52/><D40/><U64/><E64/><V86/><F130/><W60/><G108/><T88/><D101/><N who="3" m="39017" /><G90/><T82/><D52/><U7/><E128/><V89/><F89/><W34/><G34/><T48/><D48/><U46/><E46/><V84/><F41/><W32/><G32/><T116/><D116/><U121/><E121/><V69/><F65/><W79/><G79/><T37/><D88/><U13/><E109/><V93/><F93/><W71/><G71/><T103/><D103/><U33/><E92/><V83/><F69/><W14/><G14/><T72/><D72/><U28/><E94/><V49/><F49/><W133/><G133/><T110/><D110/><U80/><E80/><V98/><F78/><W66/><G66/><T20/><D20/><U53/><E53/><V27/><F57/><W10/><G10/><AGARI ba="0,0" hai="6,10,12,36,37,39,74,76,82,85,87" m="48139" machi="10" ten="40,8000,1" yaku="18,1,52,3" doraHai="70" who="0" fromWho="3" sc="235,80,323,0,71,0,371,-80" owari="315,12.0,323,42.0,71,-43.0,291,-11.0" /></mjloggm>