<mjloggm ver="2.3"><GO type="169" lobby="0"/><UN n0="%6B%6F%7A%61%6B%69%6E%67" n1="%E3%81%8A%E3%81%98%E3%81%95%E3%82%93" n2="%E3%81%8D%E3%81%BE%E3%81%99" n3="%28%3B%E3%83%BB%E2%88%80%E3%83%BB%29" dan="16,16,17,16" rate="2075.61,2178.74,2199.77,2197.81" sx="M,M,M,M"/><TAIKYOKU oya="0"/><INIT seed="0,0,0,1,3,73" ten="250,250,250,250" oya="0" hai0="70,4,29,1,23,119,35,26,43,67,15,99,123" hai1="97,84,75,50,47,21,111,102,108,76,74,3,10" hai2="42,14,91,94,113,34,57,39,54,79,61,25,28" hai3="18,128,92,103,8,85,32,89,11,126,101,115,135"/><T51/><D123/><U96/><E21/><V48/><F113/><W62/><G115/><T49/><D119/><U83/><E74/><V87/><F39/><W90/><G32/><T124/><D124/><U68/><E68/><V131/><F131/><W22/><G128/><T132/><D132/><U12/><E3/><V38/><F38/><W72/><G72/><T122/><D122/><U77/><E75/><V40/><F14/><W46/><G126/><T7/><D7/><U37/><E37/><V55/><REACH who="2" step="1"/><F79/><REACH who="2" ten="250,250,240,250" step="2"/><W114/><G114/><T118/><D118/><U95/><E77/><V60/><F60/><W86/><G135/><T33/><D15/><U81/><E81/><V53/><F53/><W109/><G62/><T80/><D51/><U45/><E50/><V65/><F65/><W64/><G64/><T130/><D49/><U2/><E2/><V134/><F134/><W16/><G109/><N who="1" m="42058" /><E97/><V24/><F24/><N who="3" m="14407" /><G46/><AGARI ba="0,1" hai="25,28,34,40,42,46,48,54,55,57,61,87,91,94" machi="46" ten="30,2000,0" yaku="1,1,7,1,53,0" doraHai="73" doraHaiUra="5" who="2" fromWho="3" sc="250,0,250,0,240,30,250,-20" /><INIT seed="1,0,0,3,4,24" ten="250,250,270,230" oya="1" hai0="87,90,8,79,14,80,39,119,50,12,48,62,41" hai1="34,115,32,107,133,31,0,67,5,120,73,114,95" hai2="44,72,98,25,127,29,74,122,97,46,10,102,91" hai3="126,78,121,84,106,22,86,21,52,6,100,16,116"/><U82/><E107/><V132/><F122/><W92/><G121/><T117/><D39/><U75/><E120/><V85/><F132/><W99/><G126/><T53/><D117/><U101/><E133/><V88/><F10/><W69/><G69/><T15/><D119/><U128/><E128/><V13/><F13/><W17/><G116/><T3/><D3/><U4/><E67/><V26/><F85/><W61/><G6/><T66/><D41/><U135/><E135/><V94/><F94/><W130/><G130/><T129/><D129/><U134/><E134/><V89/><F89/><W64/><G64/><T11/><D50/><U123/><E123/><V59/><F59/><N who="3" m="35047" /><G78/><T58/><REACH who="0" step="1"/><D79/><REACH who="0" ten="240,250,270,230" step="2"/><U18/><E115/><V1/><F1/><W76/><G106/><T81/><D81/><U54/><E114/><V108/><F127/><W70/><G70/><AGARI ba="0,1" hai="8,11,12,14,15,48,53,58,62,66,70,80,87,90" machi="70" ten="40,2600,0" yaku="1,1,53,1" doraHai="24" doraHaiUra="60" who="0" fromWho="3" sc="240,36,250,0,270,0,230,-26" /><INIT seed="2,0,0,5,5,128" ten="276,250,270,204" oya="2" hai0="110,41,111,76,90,55,81,50,113,25,20,13,57" hai1="116,1,17,88,105,69,135,130,77,114,10,54,107" hai2="8,16,118,94,102,100,104,65,85,2,92,22,32" hai3="52,71,91,53,61,31,12,106,74,4,11,83,79"/><V6/><F118/><W3/><G106/><T18/><D113/><U133/><E114/><V95/><F32/><W51/><G31/><T34/><D90/><U120/><E116/><V99/><F65/><W63/><G71/><T14/><D41/><U35/><E69/><V97/><REACH who="2" step="1"/><F85/><REACH who="2" ten="276,250,260,204" step="2"/><W62/><G3/><T115/><D34/><U33/><E33/><V0/><F0/><W96/><REACH who="3" step="1"/><G51/><REACH who="3" ten="276,250,260,194" step="2"/><T123/><D50/><U66/><E1/><V7/><F7/><W125/><G125/><T78/><D115/><U86/><E130/><V30/><F30/><W15/><G15/><AGARI ba="0,2" hai="2,6,8,15,16,22,92,94,95,97,99,100,102,104" machi="15" ten="30,5800,0" yaku="1,1,7,1,54,1,53,0" doraHai="128" doraHaiUra="84" who="2" fromWho="3" sc="276,0,250,0,260,78,194,-58" /><INIT seed="2,1,0,4,0,28" ten="276,250,338,136" oya="2" hai0="55,122,98,102,72,49,132,30,62,64,43,35,18" hai1="12,125,65,112,93,101,9,33,107,92,11,45,53" hai2="74,117,91,121,90,29,124,86,52,10,37,95,109" hai3="104,32,47,127,115,39,51,7,22,133,68,36,116"/><V79/><F121/><W57/><G7/><T19/><D122/><U66/><E112/><V123/><F123/><W27/><G22/><T42/><D72/><U76/><E125/><V54/><F37/><W48/><G27/><T13/><D132/><U106/><E76/><V5/><F124/><W31/><G31/><T3/><D3/><U82/><E82/><V73/><F117/><W128/><G104/><T44/><D43/><U89/><E101/><V108/><F29/><W1/><G1/><T77/><D77/><U105/><E33/><V15/><F91/><W21/><G21/><T130/><D130/><U2/><E2/><V67/><F67/><W129/><G127/><T135/><D42/><U99/><E93/><V38/><F38/><N who="3" m="14379" /><G32/><T4/><D4/><U87/><E99/><V97/><F97/><W58/><G116/><T6/><D6/><U20/><E20/><V26/><F26/><W40/><G133/><T83/><D83/><U69/><E69/><V59/><F79/><W131/><G115/><T88/><D88/><U100/><E100/><V50/><REACH who="2" step="1"/><F54/><REACH who="2" ten="276,250,328,136" step="2"/><W85/><G85/><T96/><D96/><U81/><E87/><V8/><F8/><W71/><G58/><T46/><D135/><U111/><E9/><V60/><F60/><W41/><G57/><T75/><D62/><U78/><E11/><V25/><F25/><W103/><G103/><T134/><D102/><U61/><E61/><V84/><F84/><W16/><G16/><T63/><D19/><U120/><E120/><V23/><F23/><W113/><G113/><T118/><D134/><RYUUKYOKU ba="1,1" sc="276,-15,250,-15,328,15,136,15" hai2="5,10,15,50,52,59,73,74,86,90,95,108,109" hai3="40,41,47,48,51,68,71,128,129,131" /><INIT seed="2,2,1,5,1,9" ten="261,235,343,151" oya="2" hai0="74,60,79,86,108,29,32,77,50,37,94,134,47" hai1="89,75,65,110,16,39,99,26,63,4,25,41,21" hai2="45,48,22,93,51,43,91,85,5,2,6,17,95" hai3="117,54,62,12,78,7,53,20,46,34,87,55,70"/><V100/><F2/><W96/><G34/><T40/><D108/><U24/><E75/><V90/><F100/><W113/><G117/><T111/><D111/><U31/><E110/><V19/><F51/><W27/><G113/><T83/><D134/><U104/><E4/><V68/><F68/><W124/><G124/><T33/><D60/><U101/><E89/><V71/><F71/><W82/><G46/><T131/><D131/><U35/><E41/><V67/><F67/><W61/><G70/><T42/><D42/><U133/><E39/><V103/><F19/><W118/><G118/><T92/><D92/><U0/><E0/><V106/><F103/><W64/><G64/><T73/><D73/><U13/><REACH who="1" step="1"/><E133/><REACH who="1" ten="261,225,343,151" step="2"/><V57/><F106/><W10/><REACH who="3" step="1"/><G96/><REACH who="3" ten="261,225,343,141" step="2"/><T84/><D33/><U18/><E18/><AGARI ba="2,3" hai="7,10,12,18,20,27,53,54,55,61,62,78,82,87" machi="18" ten="40,8000,1" yaku="1,1,2,1,8,1,52,1,53,1" doraHai="9" doraHaiUra="8" who="3" fromWho="1" sc="261,0,225,-86,343,0,141,116" /><INIT seed="3,0,0,5,5,87" ten="261,139,343,257" oya="3" hai0="107,75,66,125,61,93,36,64,77,94,74,25,32" hai1="42,23,6,116,50,99,8,67,78,16,9,5,41" hai2="38,37,24,44,130,82,40,118,30,2,65,14,121" hai3="27,33,89,7,104,128,68,34,17,115,63,101,19"/><W11/><G115/><T18/><D107/><U51/><E116/><V3/><F118/><W28/><G34/><T110/><D110/><U92/><E78/><V112/><F112/><W58/><G128/><T111/><D111/><U48/><E67/><V129/><F121/><W80/><G80/><T76/><D36/><U60/><E60/><V133/><F38/><W113/><G113/><T12/><D125/><U0/><E9/><V26/><F26/><W84/><G68/><T46/><D46/><U120/><E6/><V4/><F4/><W100/><G104/><T97/><D25/><U45/><E120/><V88/><F14/><W15/><G101/><T39/><D39/><U49/><E42/><V73/><F65/><W83/><REACH who="3" step="1"/><G100/><REACH who="3" ten="261,139,343,247" step="2"/><T122/><D32/><U135/><E135/><V56/><F133/><W96/><G96/><T79/><D97/><U108/><E108/><V35/><F130/><W124/><G124/><T59/><D122/><U71/><E71/><V98/><F35/><W114/><G114/><T86/><D75/><U70/><E70/><V52/><F98/><W117/><G117/><T91/><D74/><U29/><E99/><V109/><F73/><W103/><G103/><T127/><D127/><U20/><E92/><V31/><F82/><W13/><G13/><T119/><D94/><U69/><E69/><V105/><F129/><W72/><G72/><T102/><D102/><U126/><E126/><V81/><F105/><W1/><G1/><T21/><D119/><U53/><E0/><V22/><F2/><W134/><G134/><T85/><D85/><RYUUKYOKU ba="0,1" sc="261,15,139,-15,343,-15,247,15" hai0="12,18,21,59,61,64,66,76,77,79,86,91,93" hai3="7,11,15,17,19,27,28,33,58,63,83,84,89" /><INIT seed="3,1,1,1,0,127" ten="276,124,328,262" oya="3" hai0="65,86,41,118,3,93,30,66,29,31,89,4,15" hai1="23,14,50,70,100,94,134,34,1,97,6,107,42" hai2="62,39,26,12,79,46,7,110,106,38,90,47,84" hai3="96,92,52,32,33,76,112,101,35,135,56,57,83"/><W67/><G112/><T28/><D118/><U60/><E134/><V124/><F110/><W99/><G135/><T115/><D115/><U36/><E36/><V116/><F124/><W19/><G57/><T73/><D73/><U61/><E34/><V49/><F116/><W69/><G69/><T2/><N who="0" m="7168" /><DORA hai="71" /><T44/><D3/><U22/><E1/><V53/><F26/><W17/><G67/><T77/><D2/><U20/><E70/><V98/><F79/><W58/><G58/><T81/><D4/><U43/><E107/><V80/><F46/><W8/><G96/><T131/><D15/><U24/><E24/><V126/><F62/><N who="1" m="24169" /><E50/><V121/><F121/><W123/><G123/><T91/><D131/><U75/><E75/><V72/><F72/><W88/><G101/><T5/><D5/><U125/><E125/><V104/><F126/><W111/><G111/><T74/><REACH who="0" step="1"/><D91/><REACH who="0" ten="266,124,328,262" step="2"/><U21/><N who="1" m="5120" /><DORA hai="117" /><U114/><E114/><V18/><F7/><W128/><G128/><T130/><D130/><U122/><E122/><V37/><F12/><W63/><REACH who="3" step="1"/><G8/><AGARI ba="1,2" hai="6,8,14,42,43,94,97,100" m="5120,24169" machi="8" ten="40,1300,0" yaku="8,1" doraHai="127,71,117" who="1" fromWho="3" sc="266,0,124,36,328,0,262,-16" /><INIT seed="4,0,0,4,5,124" ten="266,160,328,246" oya="0" hai0="116,71,36,111,19,97,104,58,115,69,96,64,92" hai1="24,87,32,130,126,66,106,42,7,74,59,93,122" hai2="45,112,114,60,75,9,55,84,134,37,15,34,12" hai3="68,81,79,94,86,3,2,132,18,108,95,113,61"/><T46/><D116/><U52/><E122/><V109/><F109/><W14/><G108/><T56/><D111/><U131/><E106/><V72/><F34/><W103/><G132/><T54/><D104/><U44/><E74/><V47/><F37/><W101/><G113/><N who="2" m="43625" /><F134/><W90/><G68/><T82/><D115/><U48/><E126/><V21/><F84/><W1/><G61/><T28/><D28/><U23/><E32/><V0/><F21/><W133/><G133/><T128/><D96/><U40/><E7/><N who="2" m="1255" /><F60/><W20/><REACH who="3" step="1"/><G94/><REACH who="3" ten="266,160,328,236" step="2"/><T99/><D71/><U70/><E70/><V8/><F8/><W35/><G35/><T25/><D69/><U105/><E105/><V13/><F47/><W89/><G89/><T65/><D46/><U51/><E66/><V49/><AGARI ba="0,1" hai="12,13,15,45,49,55,72,75" m="1255,43625" machi="49" ten="40,1500,0" yaku="15,1" doraHai="124" who="2" fromWho="2" sc="266,-7,160,-4,328,25,236,-4" /><INIT seed="5,0,0,2,1,55" ten="259,156,353,232" oya="1" hai0="29,96,65,114,97,115,59,1,88,35,111,133,62" hai1="113,58,75,4,102,77,38,132,110,57,34,86,119" hai2="15,91,24,69,64,116,80,105,37,16,54,122,78" hai3="100,46,6,79,20,73,112,121,48,128,103,95,30"/><U72/><E34/><V60/><F116/><W117/><G121/><T81/><D1/><U71/><E119/><V2/><F2/><W50/><G117/><T90/><D111/><U92/><E71/><V13/><F105/><W94/><G112/><N who="0" m="43051" /><D133/><U22/><E113/><V9/><F37/><W106/><G6/><T120/><D120/><U8/><E132/><V33/><F15/><W61/><G73/><T135/><D135/><U126/><E38/><V109/><F91/><N who="0" m="34858" /><D81/><N who="1" m="47407" /><E72/><V134/><F109/><W39/><G79/><T74/><D74/><U43/><E75/><V41/><F41/><W11/><G11/><T53/><D65/><U125/><E43/><V123/><F134/><W26/><G39/><T52/><D53/><U5/><E22/><V127/><F54/><W89/><G106/><T131/><D131/><U18/><E18/><V84/><F123/><W44/><G89/><T19/><D19/><U12/><E4/><V23/><F122/><W87/><G128/><T70/><D70/><U104/><E104/><V0/><F0/><W7/><G7/><T56/><D56/><N who="1" m="21611" /><E110/><V36/><F36/><W118/><G118/><T10/><D10/><U51/><E51/><V67/><F69/><W25/><G50/><T107/><D107/><U21/><E21/><V49/><F23/><W40/><G48/><T108/><D108/><U42/><E42/><V76/><F49/><W82/><G20/><T14/><D14/><U32/><E32/><V68/><F16/><W27/><G40/><T28/><D35/><U3/><E12/><V101/><F13/><W47/><G30/><AGARI ba="0,0" hai="28,29,30,52,59,62,96,97" m="34858,43051" machi="30" ten="30,8000,1" yaku="6,1,15,1,52,1,54,2" doraHai="55" who="0" fromWho="3" sc="259,80,156,0,353,0,232,-80" /><INIT seed="6,0,0,1,3,86" ten="339,156,353,152" oya="2" hai0="89,132,133,9,40,32,126,6,72,58,71,82,87" hai1="29,61,12,128,50,70,78,14,16,24,15,46,41" hai2="112,20,135,105,69,108,114,10,110,55,5,80,3" hai3="117,52,0,92,113,22,90,43,36,27,123,102,26"/><V91/><F69/><W81/><G117/><T99/><D71/><U106/><E128/><V39/><F39/><W51/><G123/><T122/><D122/><U34/><E106/><V107/><F55/><W76/><G0/><T103/><D32/><U125/><E125/><V21/><F135/><N who="0" m="51786" /><D126/><U18/><REACH who="1" step="1"/><E78/><REACH who="1" ten="339,146,353,152" step="2"/><V2/><F107/><W42/><G113/><T60/><D40/><U23/><E23/><V93/><F21/><W4/><G42/><T100/><D72/><U84/><E84/><V74/><F20/><W33/><G43/><T129/><D99/><U8/><E8/><V97/><F105/><W53/><G36/><T101/><D129/><U131/><E131/><V95/><F74/><W59/><G33/><T68/><D9/><U57/><E57/><V96/><F10/><W31/><G27/><T63/><D58/><U118/><E118/><V130/><F130/><W66/><G102/><T77/><D68/><U75/><E75/><V19/><F114/><W62/><G4/><T127/><D6/><U119/><E119/><V37/><F5/><W65/><G76/><T124/><D77/><U17/><E17/><V54/><F19/><W73/><G73/><T11/><D11/><U44/><E44/><V30/><F37/><W25/><G25/><T111/><D127/><U85/><E85/><V28/><F112/><W13/><G13/><T38/><D124/><U94/><E94/><V64/><F95/><W45/><G81/><T116/><D116/><U104/><E104/><V134/><F93/><W98/><AGARI ba="0,1" hai="22,26,31,45,51,52,53,59,62,65,66,90,92,98" machi="98" ten="20,8000,1" yaku="0,1,7,1,8,1,52,1,54,1" doraHai="86" who="3" fromWho="3" sc="339,-20,146,-20,353,-40,152,90" /><INIT seed="7,0,0,4,5,28" ten="319,126,313,242" oya="3" hai0="21,46,35,3,85,135,79,57,103,7,32,98,86" hai1="84,129,63,44,74,23,12,126,108,71,73,24,115" hai2="67,62,82,130,69,70,6,25,102,83,93,31,132" hai3="15,122,111,60,127,40,105,2,18,121,39,45,90"/><W36/><G2/><T48/><D135/><U87/><E108/><V66/><F132/><W29/><G111/><T77/><D57/><U58/><E115/><V72/><F6/><W37/><G105/><T5/><D21/><U81/><E126/><V19/><F19/><W14/><G127/><T61/><D61/><U109/><E129/><V95/><F130/><W52/><G29/><T113/><D113/><U123/><E109/><V20/><F72/><W134/><G90/><T30/><D30/><U101/><E123/><V89/><F102/><W13/><G18/><T119/><D119/><U125/><E71/><V104/><F104/><W26/><G26/><T75/><D75/><U56/><E125/><V27/><F27/><W97/><G97/><T92/><D32/><U42/><E12/><V88/><F25/><W4/><G4/><N who="0" m="1611" /><D35/><U120/><E120/><V65/><F65/><W9/><G9/><T17/><D17/><U114/><E114/><V110/><F62/><W100/><G100/><T10/><D10/><U22/><E101/><V55/><F31/><W47/><G134/><T133/><D3/><U0/><E0/><V51/><F110/><W16/><G16/><T34/><D34/><U1/><E1/><V43/><F20/><N who="1" m="7721" /><E24/><V76/><F76/><N who="0" m="29258" /><D133/><U50/><E58/><V59/><F59/><N who="3" m="34919" /><G45/><T11/><D11/><U68/><E68/><V38/><F38/><W131/><G131/><T49/><D46/><U54/><E74/><V80/><F69/><W78/><G78/><T33/><D33/><U128/><E128/><V107/><F70/><W8/><G8/><RYUUKYOKU ba="0,0" sc="319,10,126,10,313,-30,242,10" hai0="48,49,85,86,92,98,103" hai1="42,44,50,54,56,63,73,81,84,87" hai3="13,14,15,36,37,39,40,47,121,122" /><INIT seed="7,1,0,0,4,123" ten="329,136,283,252" oya="3" hai0="15,37,90,32,66,7,29,80,36,1,122,116,16" hai1="77,100,6,106,19,78,5,33,111,20,68,56,128" hai2="27,79,67,3,104,49,35,47,38,65,133,129,42" hai3="134,91,83,9,72,75,105,21,92,119,43,52,132"/><W59/><G105/><T18/><D122/><U10/><E77/><V53/><F3/><W24/><G119/><T96/><D66/><N who="2" m="25098" /><F27/><W135/><G43/><T125/><D18/><U89/><E68/><V131/><F35/><W58/><G58/><T70/><D70/><U94/><E128/><N who="2" m="49227" /><F79/><W95/><G9/><N who="0" m="2287" /><D125/><U102/><E78/><V4/><F4/><W107/><G83/><T88/><D90/><U44/><E33/><V93/><F93/><N who="3" m="35915" /><G91/><T63/><D96/><U23/><E106/><V48/><F104/><W50/><G107/><T81/><D37/><U17/><E89/><V85/><F85/><W34/><G34/><T62/><D36/><U121/><E94/><V87/><F87/><W115/><G115/><T73/><D116/><U126/><E10/><V76/><F133/><W57/><G57/><T46/><D81/><U8/><E8/><V82/><F82/><W130/><G130/><T74/><D88/><U101/><E126/><V2/><F2/><W41/><G41/><T114/><D114/><U25/><E121/><V22/><F22/><W99/><G99/><T31/><D80/><U97/><E97/><V64/><F64/><W69/><G69/><T118/><D118/><U60/><E44/><N who="2" m="27815" /><F76/><W110/><G110/><T26/><D74/><U0/><E0/><V103/><F103/><W113/><G113/><T11/><D73/><U14/><REACH who="1" step="1"/><E111/><REACH who="1" ten="329,126,283,252" step="2"/><V86/><F86/><W51/><G51/><AGARI ba="1,1" hai="38,42,47,48,51" m="27815,49227,25098" machi="51" ten="30,3900,0" yaku="19,1,34,2" doraHai="123" who="2" fromWho="3" sc="329,0,126,0,283,52,252,-42" owari="329,13.0,126,-37.0,335,43.0,210,-19.0" /></mjloggm>