<mjloggm ver="2.3"><GO type="225" lobby="0"/><UN n0="%E9%9F%93%E8%A1%9B%E9%9D%92" n1="%E3%82%B3%E3%83%9E%E3%83%84%E3%81%AE%E9%85%92" n2="%E3%81%82%E3%82%89%E3%81%8C%E3%81%8D%E3%81%82%E3%82%84%E3%81%9B" n3="%E8%A8%88%E7%AE%97%E6%A9%9F%E8%87%AA%E7%84%B6" dan="16,16,16,17" rate="2174.29,2136.28,2125.84,2257.62" sx="F,M,F,M"/><TAIKYOKU oya="0"/><INIT seed="0,0,0,0,0,20" ten="250,250,250,250" oya="0" hai0="9,115,1,15,78,26,110,47,64,16,43,54,38" hai1="125,109,87,118,8,74,105,107,3,35,7,23,19" hai2="84,28,129,119,103,100,99,5,101,10,121,97,126" hai3="59,58,11,135,93,65,73,17,12,50,98,18,116"/><T33/><D115/><U27/><E118/><V132/><F121/><W79/><G116/><T95/><D64/><U117/><E117/><V69/><F119/><W111/><G111/><T31/><D110/><U75/><E109/><V51/><F69/><W94/><G135/><T88/><D78/><U49/><E125/><V130/><F126/><W86/><G73/><T55/><D1/><U89/><E74/><V6/><F132/><W41/><G18/><T22/><REACH who="0" step="1"/><D33/><REACH who="0" ten="240,250,250,250" step="2"/><U67/><E75/><V44/><F129/><W32/><G32/><T40/><D40/><U29/><E67/><V68/><F130/><W66/><G66/><T91/><D91/><U56/><E56/><V76/><F68/><W70/><G70/><T108/><D108/><U133/><E133/><V113/><F113/><W85/><G79/><T112/><D112/><U96/><E35/><V62/><F76/><W0/><G0/><T4/><D4/><U37/><E3/><V80/><F6/><W52/><G41/><T127/><D127/><U131/><E7/><V92/><F5/><W48/><G65/><T124/><D124/><U134/><E134/><V39/><F101/><N who="3" m="60623" /><G59/><T63/><D63/><U60/><E60/><V71/><F62/><W25/><G58/><T36/><D36/><U120/><E37/><V77/><F39/><W114/><G114/><T21/><D21/><U2/><E2/><V24/><F71/><W128/><G128/><T30/><D30/><U45/><E120/><V106/><F10/><W102/><G11/><T53/><D53/><N who="1" m="29871" /><E131/><V61/><F61/><W72/><G72/><RYUUKYOKU ba="0,1" sc="240,30,250,-10,250,-10,250,-10" hai0="9,15,16,22,26,31,38,43,47,54,55,88,95" /><INIT seed="0,1,1,4,2,111" ten="270,240,240,240" oya="0" hai0="52,107,89,69,123,96,92,122,5,10,21,55,121" hai1="133,36,117,23,88,0,112,49,42,125,54,28,108" hai2="132,126,12,95,47,3,11,82,44,43,134,24,38" hai3="67,75,1,13,4,6,129,16,90,119,34,104,2"/><T8/><D69/><U80/><E117/><V66/><F126/><W7/><G104/><T25/><D107/><U22/><E0/><N who="3" m="106" /><G90/><T105/><D105/><U127/><E108/><V100/><F3/><W19/><G67/><T102/><D102/><U35/><E133/><V70/><F82/><W39/><G39/><T17/><REACH who="0" step="1"/><D5/><REACH who="0" ten="260,240,240,240" step="2"/><U106/><E106/><V56/><F70/><W26/><G119/><T113/><D113/><U94/><E112/><V76/><F100/><W71/><G71/><T9/><AGARI ba="1,2" hai="8,9,10,17,21,25,52,55,89,92,96,121,122,123" machi="9" ten="40,7800,0" yaku="1,1,0,1,54,1,53,0" doraHai="111" doraHaiUra="114" who="0" fromWho="0" sc="260,101,240,-27,240,-27,240,-27" /><INIT seed="0,2,0,3,5,57" ten="361,213,213,213" oya="0" hai0="47,60,35,125,108,5,0,38,87,7,112,45,105" hai1="131,113,81,117,67,97,13,49,4,121,89,102,70" hai2="120,20,135,128,84,25,106,23,1,37,55,24,61" hai3="99,19,79,92,10,56,44,64,118,82,58,46,28"/><T63/><D112/><U52/><E117/><V73/><F73/><W85/><G118/><T65/><D35/><U130/><E121/><V18/><F120/><W16/><G28/><T95/><D105/><U43/><E43/><V114/><F128/><N who="1" m="49193" /><E70/><V3/><F135/><W53/><G64/><T104/><D104/><U109/><E67/><V62/><F106/><W2/><G58/><T129/><D129/><U9/><E109/><V54/><F37/><W80/><G2/><T40/><D108/><U33/><E33/><V91/><F114/><W59/><G59/><T30/><D30/><U15/><E81/><N who="2" m="49551" /><F3/><W86/><G44/><T48/><D65/><U34/><E34/><V76/><F76/><N who="3" m="46215" /><G46/><T68/><D125/><U90/><E13/><V96/><F96/><W132/><G10/><T124/><D124/><U32/><E32/><V98/><F98/><W26/><G26/><T11/><D7/><U12/><E12/><V22/><F1/><W50/><G132/><T72/><D72/><U17/><E4/><V27/><F18/><W83/><G83/><T69/><D69/><U133/><E113/><V111/><F111/><W101/><AGARI ba="2,0" hai="16,19,50,53,56,79,82,86,92,99,101" m="46215" machi="101" ten="30,2000,0" yaku="8,1,54,1" doraHai="57" who="3" fromWho="3" sc="361,-12,213,-7,213,-7,213,26" /><INIT seed="1,0,0,3,1,68" ten="349,206,206,239" oya="1" hai0="133,127,44,50,116,86,17,125,120,70,5,40,118" hai1="104,74,2,16,73,32,88,94,59,35,105,99,130" hai2="115,61,63,102,15,58,28,84,11,39,100,92,55" hai3="72,75,43,13,21,82,9,114,80,71,24,66,3"/><U93/><E2/><V103/><F115/><W25/><G114/><T31/><D31/><U10/><E130/><V69/><F28/><W81/><G3/><T53/><D5/><U22/><E10/><V46/><F69/><W135/><G135/><T29/><D29/><U51/><E105/><V113/><F113/><W52/><G43/><T45/><D17/><U12/><E104/><V57/><F46/><W62/><G52/><N who="0" m="29767" /><D86/><U65/><E51/><V109/><F109/><W67/><G67/><T36/><D133/><U7/><E7/><V14/><F39/><W79/><G21/><T121/><D70/><U6/><E6/><V132/><F132/><W37/><G75/><T117/><D53/><U41/><E41/><V101/><N who="2" m="25600" /><DORA hai="23" /><V56/><F55/><W97/><G97/><T38/><D38/><U90/><E35/><V26/><F26/><W30/><G37/><T83/><D83/><U112/><E32/><V42/><F42/><W48/><G25/><T19/><D19/><U60/><E112/><V85/><F11/><W126/><G24/><T128/><D128/><U77/><E77/><V1/><F1/><W107/><G79/><T98/><D98/><AGARI ba="0,0" hai="12,16,22,59,60,65,73,74,88,90,93,94,98,99" machi="98" ten="30,11600,0" yaku="7,1,9,1,54,2" doraHai="68,23" who="1" fromWho="0" sc="349,-116,206,116,206,0,239,0" /><INIT seed="1,1,0,4,2,116" ten="233,322,206,239" oya="1" hai0="113,8,1,99,100,96,55,102,56,28,81,79,2" hai1="41,129,19,128,86,115,7,90,43,59,13,49,109" hai2="47,44,121,135,54,14,74,72,48,61,120,24,101" hai3="127,119,105,98,108,5,114,30,122,20,80,53,32"/><U75/><E75/><V60/><F101/><W111/><G114/><T97/><D113/><U0/><E115/><V107/><F107/><W83/><G32/><T9/><D28/><U4/><E0/><V21/><F14/><W89/><G119/><T92/><D2/><U40/><E109/><N who="3" m="42058" /><G127/><T3/><D3/><U25/><E25/><V117/><F117/><W37/><G37/><T58/><D1/><U104/><E104/><V46/><F135/><W84/><G5/><T110/><D110/><U126/><E126/><V68/><F74/><W34/><G34/><T87/><D58/><U91/><E129/><V42/><F72/><W67/><G67/><T71/><D71/><U85/><E128/><V31/><F68/><W64/><G64/><T12/><D100/><U45/><E59/><V76/><F76/><W18/><G30/><T88/><D102/><U106/><E106/><V50/><REACH who="2" step="1"/><F47/><REACH who="2" ten="233,322,196,239" step="2"/><W17/><G105/><T130/><D130/><U15/><E15/><V124/><F124/><W132/><G132/><T39/><D39/><U26/><E13/><V78/><F78/><W95/><G89/><T27/><D27/><U123/><E91/><V70/><F70/><W22/><G80/><T133/><D133/><U69/><E69/><V23/><F23/><W82/><G22/><T52/><D9/><U36/><E90/><V11/><F11/><W38/><G20/><T65/><D79/><U77/><E77/><V73/><F73/><W103/><G103/><T131/><D81/><U118/><E118/><V57/><F57/><W63/><G82/><T112/><D131/><RYUUKYOKU ba="1,1" sc="233,-10,322,-10,196,30,239,-10" hai2="21,24,31,42,44,46,48,50,54,60,61,120,121" /><INIT seed="2,2,1,5,3,102" ten="223,312,226,229" oya="2" hai0="75,122,19,33,88,98,86,27,17,45,84,117,6" hai1="39,7,85,130,16,44,64,37,69,77,14,71,73" hai2="72,93,116,66,42,87,1,107,49,24,46,128,127" hai3="67,133,5,134,131,52,23,115,125,91,79,70,47"/><V96/><F116/><W135/><G125/><T108/><D122/><U89/><E7/><V119/><F119/><W43/><G131/><T58/><D117/><U15/><E15/><V4/><F72/><W8/><G115/><T48/><D75/><U120/><E77/><V31/><F128/><W109/><G109/><T118/><D118/><U68/><E73/><V83/><F66/><W36/><G79/><T74/><D74/><U103/><E130/><V92/><F127/><W90/><G23/><N who="0" m="13807" /><D33/><U32/><E32/><V126/><F126/><W30/><G30/><T80/><D6/><U51/><E64/><V54/><F4/><W113/><G113/><T18/><D108/><U132/><E132/><V57/><F1/><N who="3" m="47" /><G52/><N who="0" m="29711" /><D98/><U63/><E63/><AGARI ba="2,1" hai="36,43,47,63,67,70,90,91,133,134,135" m="47" machi="63" ten="30,1000,0" yaku="20,1" doraHai="102" who="3" fromWho="1" sc="223,0,312,-16,226,0,229,26" /><INIT seed="3,0,0,2,2,129" ten="223,296,226,255" oya="3" hai0="106,25,97,88,8,105,54,18,5,113,17,109,92" hai1="27,134,21,48,40,70,107,61,33,91,127,93,15" hai2="90,52,116,135,81,84,73,104,115,131,89,74,47" hai3="80,132,32,120,68,51,112,36,24,96,102,64,110"/><W50/><G112/><T121/><D121/><U22/><E107/><V4/><F115/><W69/><G120/><T55/><D113/><U94/><E33/><V7/><F116/><W82/><G36/><T99/><D109/><U57/><E70/><V29/><F104/><N who="3" m="63559" /><G68/><T87/><D106/><U126/><E134/><V49/><F131/><W67/><G64/><T28/><D105/><U20/><E15/><V125/><F125/><N who="1" m="47625" /><E91/><V65/><F65/><W98/><G98/><N who="0" m="37387" /><D5/><U34/><E48/><N who="3" m="18474" /><G110/><T19/><D8/><U53/><E40/><V16/><F135/><W9/><G9/><T122/><D122/><U114/><E114/><V38/><F38/><W23/><G23/><AGARI ba="0,0" hai="17,18,19,23,25,28,54,55,87,88,92" m="37387" machi="23" ten="30,2000,0" yaku="8,1,54,1" doraHai="129" who="0" fromWho="3" sc="223,20,296,0,226,0,255,-20" /><INIT seed="4,0,0,2,4,40" ten="243,296,226,235" oya="0" hai0="28,127,4,95,107,59,126,125,64,101,56,77,33" hai1="3,123,111,93,79,71,92,132,19,68,69,52,70" hai2="98,23,38,108,130,97,131,117,84,118,67,7,80" hai3="105,15,13,63,120,133,86,49,135,20,89,78,58"/><T134/><D134/><N who="3" m="51209" /><G105/><T39/><D4/><U81/><E111/><V2/><F67/><N who="3" m="39415" /><G120/><T65/><D77/><U85/><E123/><V50/><F38/><W103/><G103/><T115/><D115/><U31/><N who="1" m="17408" /><DORA hai="22" /><U76/><E3/><V90/><F108/><W53/><G78/><T100/><D39/><U57/><E76/><V43/><F23/><W106/><G106/><T94/><D107/><U44/><E44/><N who="2" m="25887" /><F7/><W45/><G20/><T8/><D8/><U35/><E19/><V12/><F12/><W66/><G66/><N who="0" m="25707" /><D28/><U47/><E47/><V116/><F2/><W32/><G32/><T73/><D73/><U91/><E79/><V128/><AGARI ba="0,0" hai="80,84,90,97,98,116,117,118,128,130,131" m="25887" machi="128" ten="40,5200,0" yaku="12,1,19,1,52,1" doraHai="40,22" who="2" fromWho="2" sc="243,-26,296,-13,226,52,235,-13" /><INIT seed="5,0,0,2,3,32" ten="217,283,278,222" oya="1" hai0="0,61,123,66,19,73,48,132,90,12,59,127,54" hai1="55,96,84,49,74,3,47,21,100,131,119,124,10" hai2="2,82,110,102,36,91,37,81,103,63,71,22,43" hai3="117,41,6,77,120,111,31,27,57,33,121,34,135"/><U68/><E119/><V104/><F110/><W112/><G41/><T11/><D73/><U39/><E74/><V16/><F2/><W86/><G111/><T88/><D132/><U106/><E68/><V115/><F115/><W51/><G34/><T128/><D128/><U40/><E131/><V35/><F35/><W70/><G70/><T101/><D127/><U133/><E133/><V1/><F1/><W4/><G135/><T50/><D123/><U134/><E134/><V42/><F71/><W97/><G112/><T98/><D0/><U15/><E124/><V56/><F37/><W9/><G117/><T45/><REACH who="0" step="1"/><D50/><REACH who="0" ten="207,283,278,222" step="2"/><U76/><E3/><V14/><F36/><W130/><G130/><T65/><D65/><U125/><E125/><V122/><F122/><W83/><G121/><T80/><D80/><U60/><E39/><V129/><F129/><W5/><G120/><T64/><D64/><U75/><E75/><V18/><F82/><W17/><G97/><T26/><D26/><U29/><E49/><V44/><F81/><W58/><REACH who="3" step="1"/><G51/><REACH who="3" ten="207,283,278,212" step="2"/><T30/><D30/><U108/><E29/><V126/><F126/><W8/><G8/><T20/><D20/><U62/><E21/><V25/><F22/><W118/><G118/><T105/><AGARI ba="0,2" hai="11,12,19,45,48,54,59,61,66,88,90,98,101,105" machi="105" ten="20,5200,0" yaku="1,1,0,1,7,1,54,1,53,0" doraHai="32" doraHaiUra="67" who="0" fromWho="0" sc="207,72,283,-26,278,-13,212,-13" /><INIT seed="6,0,0,4,5,93" ten="279,257,265,199" oya="2" hai0="64,107,10,18,74,37,121,101,120,41,43,5,20" hai1="2,17,126,103,16,82,40,49,0,11,46,25,35" hai2="131,6,116,106,98,118,50,57,75,72,87,134,99" hai3="48,44,81,67,4,90,124,83,123,119,33,86,3"/><V59/><F6/><W130/><G119/><N who="2" m="45609" /><F50/><W117/><G117/><T104/><D64/><U34/><E103/><V91/><F59/><W60/><G123/><T78/><D43/><U105/><E105/><V23/><F23/><W9/><G130/><T97/><D104/><U8/><E49/><V1/><F57/><W53/><G124/><T31/><D31/><U122/><E40/><V27/><F27/><W29/><G81/><N who="0" m="45271" /><D18/><U54/><E46/><V62/><F62/><W30/><REACH who="3" step="1"/><G33/><REACH who="3" ten="279,257,265,189" step="2"/><T70/><D120/><U58/><E82/><N who="2" m="49655" /><F131/><W128/><G128/><T56/><D121/><U36/><E122/><V109/><F109/><W79/><G79/><T85/><D20/><U89/><E34/><V88/><F134/><W15/><G15/><T111/><D111/><U129/><E35/><V42/><F1/><W51/><G51/><T113/><D37/><U61/><E36/><V39/><F39/><W14/><G14/><T7/><D10/><U114/><E129/><V26/><F26/><W135/><G135/><T63/><D63/><U76/><E25/><V127/><F127/><W100/><G100/><T71/><D101/><U84/><E0/><V94/><F42/><W80/><G80/><T132/><D41/><U73/><E2/><V66/><F66/><W12/><G12/><T112/><D132/><U133/><E133/><V21/><F21/><W68/><AGARI ba="0,1" hai="3,4,9,29,30,44,48,53,60,67,68,83,86,90" machi="68" ten="20,8000,1" yaku="1,1,0,1,7,1,53,2" doraHai="93" doraHaiUra="24" who="3" fromWho="3" sc="279,-20,257,-20,265,-40,189,90" /><INIT seed="7,0,0,5,2,38" ten="259,237,225,279" oya="3" hai0="35,98,109,88,75,13,111,96,3,77,131,132,9" hai1="34,36,71,130,59,85,42,108,30,55,48,103,7" hai2="15,82,10,106,62,5,86,124,11,64,70,54,119" hai3="52,100,129,72,2,78,19,63,121,45,117,123,134"/><W20/><G117/><T24/><D3/><U128/><E71/><V115/><F119/><W49/><G2/><T66/><D66/><U41/><E36/><V56/><F124/><W6/><G6/><T0/><D0/><U65/><E7/><V29/><F115/><W110/><G100/><T68/><D68/><U21/><E108/><V67/><F106/><W135/><G110/><T28/><D98/><U107/><E65/><V26/><F11/><W91/><G129/><N who="1" m="49770" /><E34/><V120/><F120/><W133/><G91/><T74/><D131/><U46/><E46/><V50/><F70/><W39/><G39/><T81/><D75/><U16/><E30/><V84/><F62/><W101/><G101/><T99/><D99/><N who="1" m="61951" /><E85/><V116/><F116/><W23/><G63/><T27/><D132/><U127/><E127/><V80/><F86/><W97/><G97/><T8/><D35/><U18/><E18/><V125/><F125/><W51/><G51/><T94/><D28/><U126/><E126/><V113/><F113/><W60/><G60/><T102/><D109/><U118/><E118/><V83/><REACH who="2" step="1"/><F84/><REACH who="2" ten="259,237,215,279" step="2"/><W89/><G123/><T44/><D111/><U122/><E122/><V79/><F79/><W112/><G121/><T58/><D77/><U61/><E61/><V1/><F1/><W76/><G112/><T25/><D74/><U17/><E17/><V31/><F31/><W37/><G72/><T69/><D69/><U57/><E57/><V114/><F114/><W12/><G134/><T95/><D58/><U43/><E16/><V93/><F93/><N who="0" m="35338" /><D9/><U32/><E32/><AGARI ba="0,1" hai="5,10,15,26,29,32,50,54,56,64,67,80,82,83" machi="32" ten="40,2600,0" yaku="1,1,6,1,53,0" doraHai="38" doraHaiUra="92" who="2" fromWho="1" sc="259,0,237,-26,215,36,279,0" owari="259,6.0,211,-29.0,251,-15.0,279,38.0" /></mjloggm>