<mjloggm ver="2.3"><GO type="169" lobby="0"/><UN n0="%74%6F%6D%75%74%6F%6D%69" n1="%E3%81%9F%E3%81%8F%E3%81%98%E3%82%8D%E3%81%86" n2="%E4%B8%89%E5%86%A0%E7%8E%8B%E3%83%BB%E5%B1%B1%E7%94%B0%E5%93%B2%E4%BA%BA" n3="%E3%81%8F%E3%81%86%E3%81%9F%E3%82%8D" dan="16,16,17,17" rate="2094.30,2127.46,2212.58,2159.45" sx="M,M,M,M"/><TAIKYOKU oya="0"/><INIT seed="0,0,0,0,2,116" ten="250,250,250,250" oya="0" hai0="80,114,62,108,26,128,100,111,103,115,32,58,44" hai1="1,43,104,119,121,0,28,4,50,99,55,9,74" hai2="11,95,51,127,122,59,94,19,133,125,17,85,33" hai3="40,73,24,92,47,3,118,18,130,107,36,39,110"/><T37/><D80/><U76/><E119/><V78/><F33/><W93/><G118/><T129/><D32/><U79/><E43/><V31/><F31/><W23/><G110/><N who="0" m="42027" /><D26/><U131/><E131/><N who="0" m="50249" /><D44/><U42/><E42/><V84/><F78/><W134/><G40/><T89/><D37/><U88/><E79/><V97/><F133/><W66/><G47/><T41/><D41/><U13/><E76/><V8/><F97/><W46/><G46/><T123/><D89/><U49/><E88/><V72/><F72/><W6/><G73/><T105/><D123/><U87/><E121/><V67/><F122/><W7/><G24/><T2/><D2/><U53/><E0/><V91/><F91/><W68/><G3/><T106/><D58/><U113/><E1/><V77/><F77/><W14/><G39/><T29/><D29/><U70/><E28/><V30/><F59/><W21/><G36/><T101/><D62/><U16/><E74/><V12/><F30/><W35/><G35/><T98/><D98/><U109/><E99/><V22/><F51/><W65/><G130/><T117/><D117/><U126/><E50/><V45/><F45/><W112/><G134/><T81/><D81/><U15/><E49/><V27/><F27/><W63/><G63/><T102/><N who="0" m="26112" /><DORA hai="83" /><T124/><D124/><U34/><E126/><V71/><F125/><W57/><G57/><T48/><D48/><U61/><E34/><V38/><F127/><W52/><G14/><T56/><D56/><U90/><E15/><V10/><F38/><W135/><G135/><T20/><D20/><RYUUKYOKU ba="0,0" sc="250,30,250,-10,250,-10,250,-10" hai0="105,106,114,115" /><INIT seed="0,1,0,1,5,49" ten="280,240,240,240" oya="0" hai0="37,129,92,30,44,64,25,110,57,42,102,29,93" hai1="3,6,61,101,4,113,58,91,133,127,99,56,122" hai2="40,107,16,117,81,63,104,69,11,94,89,97,77" hai3="7,54,13,5,111,17,21,26,55,52,46,134,100"/><T124/><D124/><U98/><E122/><V22/><F117/><W38/><G111/><T66/><D110/><U73/><E127/><V47/><F11/><N who="3" m="6335" /><G134/><T112/><D112/><U67/><E133/><V32/><F32/><W121/><G38/><T74/><D74/><U82/><E113/><V126/><F126/><W106/><G106/><T96/><D129/><U132/><E132/><V86/><F69/><W95/><G46/><T35/><D30/><U27/><E3/><V72/><F72/><W53/><G53/><T103/><REACH who="0" step="1"/><D57/><REACH who="0" ten="270,240,240,240" step="2"/><U10/><E58/><V12/><REACH who="2" step="1"/><F63/><REACH who="2" ten="270,240,230,240" step="2"/><W33/><G121/><T50/><D50/><AGARI ba="1,2" hai="12,16,22,40,47,50,77,81,86,89,94,97,104,107" machi="50" ten="30,8000,1" yaku="1,1,2,1,7,1,54,1,53,1" doraHai="49" doraHaiUra="45" who="2" fromWho="0" sc="270,-83,240,0,230,103,240,0" /><INIT seed="1,0,0,1,3,40" ten="187,240,333,240" oya="1" hai0="77,129,103,8,112,66,7,82,122,125,45,79,0" hai1="106,1,50,104,39,111,81,88,67,131,121,74,119" hai2="83,47,21,75,95,101,19,41,10,53,35,73,27" hai3="116,36,109,13,132,51,123,46,20,113,135,15,4"/><U48/><E119/><V29/><F53/><W117/><G113/><T108/><D112/><U12/><E1/><V43/><F41/><W91/><G36/><T96/><D108/><U58/><E39/><V71/><F71/><W14/><G123/><T6/><D129/><U99/><E121/><V57/><F57/><W54/><G109/><T118/><D118/><N who="3" m="45673" /><G4/><T93/><D125/><U34/><E34/><V37/><F10/><W134/><G91/><T61/><D122/><U60/><E111/><V68/><F68/><W59/><G20/><T11/><D82/><U31/><E131/><V90/><F83/><W24/><G24/><T69/><REACH who="0" step="1"/><D45/><AGARI ba="0,0" hai="13,14,15,45,46,51,54,59,132,134,135" m="45673" machi="45" ten="40,8000,1" yaku="20,1,12,1,52,2" doraHai="40" who="3" fromWho="0" sc="187,-80,240,0,333,0,240,80" /><INIT seed="2,0,0,3,2,128" ten="107,240,333,320" oya="2" hai0="98,114,51,91,43,111,31,88,90,21,97,119,49" hai1="71,101,63,131,7,52,29,115,47,41,85,87,132" hai2="123,60,110,70,125,12,124,133,112,32,68,130,84" hai3="11,20,77,65,33,89,22,40,102,96,24,103,14"/><V93/><F112/><W78/><G33/><T122/><D122/><U66/><E115/><V104/><F104/><W82/><G40/><T1/><D1/><U83/><E131/><V55/><F123/><W134/><G65/><T30/><D114/><U64/><E64/><V75/><F75/><W28/><G22/><T10/><D111/><U117/><E117/><V35/><F130/><W109/><G109/><T92/><D119/><U120/><E29/><V26/><F110/><W15/><G15/><T61/><D10/><U67/><E67/><V44/><F133/><W113/><G134/><T121/><D121/><U48/><E132/><V105/><F105/><W0/><G0/><T108/><D108/><U72/><E101/><N who="3" m="38410" /><G113/><T54/><D43/><U34/><E34/><V19/><F35/><W53/><G53/><T116/><D116/><U57/><E7/><V3/><F32/><W74/><G74/><T94/><D90/><U8/><E8/><V38/><F38/><W107/><G107/><T62/><D21/><U99/><E99/><V36/><F36/><W9/><G9/><T56/><D51/><U69/><E69/><V58/><F70/><W127/><G127/><T73/><D73/><U42/><E120/><V25/><F68/><W13/><G96/><T46/><D56/><U39/><E41/><V27/><F3/><W80/><G89/><T16/><D16/><U45/><E45/><V135/><F125/><W59/><G59/><T37/><D37/><U17/><E17/><V129/><F135/><W5/><G13/><T118/><D118/><U2/><E2/><RYUUKYOKU type="nm" ba="0,0" sc="107,-40,240,-40,333,120,320,-40" hai0="30,31,46,49,54,61,62,88,91,92,94,97,98" hai1="39,42,47,48,52,57,63,66,71,72,83,85,87" hai3="5,11,14,20,24,28,77,78,80,82" /><INIT seed="3,1,0,0,0,31" ten="67,200,453,280" oya="3" hai0="23,128,61,95,108,73,9,7,16,53,26,64,96" hai1="115,2,13,8,66,48,44,39,104,19,107,126,87" hai2="4,12,89,86,77,76,117,0,78,129,133,40,121" hai3="11,135,134,34,1,94,80,65,90,99,50,70,124"/><W122/><G122/><T105/><D108/><U110/><E115/><V18/><F117/><W15/><G1/><T3/><D128/><U127/><E110/><V84/><F0/><W33/><G70/><T17/><D105/><U14/><E39/><V98/><F129/><W38/><G38/><T101/><D53/><U36/><E36/><V91/><F133/><N who="3" m="50699" /><G65/><T125/><D125/><U72/><E72/><V49/><F4/><N who="3" m="3559" /><G124/><N who="1" m="47658" /><E2/><V10/><F121/><W85/><G50/><T32/><D73/><U79/><E66/><V20/><F10/><W111/><G111/><T28/><REACH who="0" step="1"/><D23/><REACH who="0" ten="57,200,453,280" step="2"/><U54/><E107/><V103/><F20/><W27/><G27/><T83/><D83/><N who="1" m="47615" /><E104/><V21/><F21/><W37/><G37/><T100/><D100/><AGARI ba="1,1" hai="33,34,80,85,90,94,99,100" m="3559,50699" machi="100" ten="30,5800,0" yaku="20,1,52,2" doraHai="31" who="3" fromWho="0" sc="57,-61,200,0,453,0,280,71" owari="-4,-50.0,200,-20.0,453,55.0,351,15.0" /></mjloggm>