<mjloggm ver="2.3"><GO type="185" lobby="0"/><UN n0="%E3%81%95%E3%81%A8%E3%81%95%E3%81%A8%31%31" n1="%E3%81%BF%E3%82%83%E3%83%BC%E3%81%B6%E3%82%8C%E3%81%84%E3%81%8F" n2="%E3%82%A2%E3%83%AA%E3%82%A2%E3%83%AA%E5%90%9B" n3="" dan="17,16,16,0" rate="2270.14,2188.52,2205.47,1500.00" sx="M,M,M,C"/><TAIKYOKU oya="0"/><INIT seed="0,0,0,4,0,48" ten="350,350,350,0" oya="0" hai0="129,3,34,50,33,105,95,37,62,43,69,101,74" hai1="76,110,84,115,78,98,99,35,46,104,94,135,73" hai2="126,111,72,116,70,54,100,134,93,57,106,56,59" hai3=""/><T130/><D74/><U123/><N who="1" m="31520" /><U38/><E35/><V102/><F116/><T114/><D3/><U75/><E38/><V128/><F106/><T86/><D114/><U92/><E46/><V119/><F119/><T81/><D37/><U88/><E115/><V96/><F128/><T83/><D105/><U42/><E42/><V109/><F70/><T103/><D69/><U65/><E65/><V91/><F72/><N who="1" m="27721" /><E110/><N who="2" m="41995" /><F134/><T133/><D133/><U52/><E52/><V82/><F82/><T40/><D95/><N who="1" m="36395" /><E135/><V0/><F0/><T118/><D118/><U64/><E64/><V113/><F113/><T63/><D86/><U1/><E1/><V47/><F47/><T89/><D50/><U127/><E127/><V61/><F126/><T79/><REACH who="0" step="1"/><D89/><REACH who="0" ten="340,350,350,0" step="2"/><U44/><E104/><V97/><F91/><T71/><D71/><U58/><E88/><V49/><F49/><T66/><D66/><U87/><E84/><V108/><F108/><T77/><AGARI ba="0,1" hai="33,34,40,43,62,63,77,79,81,83,101,103,129,130" machi="77" ten="25,6400,0" yaku="1,1,0,1,22,2,53,0" doraHai="48" doraHaiUra="132" who="0" fromWho="0" sc="340,74,350,-32,350,-32,0,0" /><INIT seed="0,1,0,3,2,42" ten="414,318,318,0" oya="0" hai0="95,3,56,71,49,125,67,2,127,130,66,1,131" hai1="88,87,73,85,35,123,107,63,77,83,59,99,106" hai2="126,53,109,82,96,57,38,89,68,103,0,91,90" hai3=""/><T74/><D74/><U40/><N who="1" m="31520" /><U122/><N who="1" m="31264" /><U44/><E35/><V33/><F33/><T93/><D71/><U55/><E99/><V62/><F0/><T113/><D113/><U119/><E119/><V64/><F109/><T132/><D49/><U128/><E128/><N who="0" m="49193" /><D56/><U92/><REACH who="1" step="1"/><E73/><REACH who="1" ten="414,308,318,0" step="2"/><V37/><F126/><N who="0" m="48138" /><D132/><U43/><E43/><V80/><F37/><AGARI ba="1,1" hai="37,40,44,55,59,63,77,83,85,87,88,92,106,107" m="31264,31520" machi="37" ten="30,12000,2" yaku="1,1,7,1,52,3,54,1,53,0" doraHai="42" doraHaiUra="104" who="1" fromWho="2" sc="414,0,308,132,318,-122,0,0" /><INIT seed="1,0,0,1,0,134" ten="414,440,196,0" oya="1" hai0="127,109,100,54,65,50,58,47,120,77,97,135,129" hai1="42,59,105,99,119,122,69,96,101,35,60,74,44" hai2="68,38,95,112,103,84,66,86,63,1,72,56,121" hai3=""/><U81/><N who="1" m="31264" /><U83/><E119/><V110/><N who="2" m="31008" /><V55/><F1/><T118/><N who="0" m="30752" /><T70/><D118/><U89/><E35/><V76/><F110/><T78/><D109/><U49/><E69/><V62/><F38/><T132/><D129/><U92/><REACH who="1" step="1"/><E74/><REACH who="1" ten="414,430,196,0" step="2"/><V117/><F117/><T111/><D70/><U123/><N who="1" m="31520" /><U73/><E73/><V124/><F72/><T52/><D111/><U108/><E108/><V131/><F131/><T126/><D132/><U88/><E88/><V2/><F2/><T133/><D133/><U48/><E48/><V90/><F90/><T34/><D135/><U64/><AGARI ba="0,1" hai="42,44,49,59,60,64,81,83,89,92,96,99,101,105" m="31520,31264" machi="64" ten="20,8000,1" yaku="1,1,0,1,7,1,52,2,53,0" doraHai="134" doraHaiUra="128" who="1" fromWho="1" sc="414,-40,430,90,196,-40,0,0" /><INIT seed="1,1,0,4,0,83" ten="374,520,156,0" oya="1" hai0="58,39,91,70,55,86,46,49,132,115,96,118,34" hai1="123,81,105,103,35,74,126,54,50,67,113,135,121" hai2="79,69,130,133,128,64,88,94,95,100,2,60,47" hai3=""/><U73/><N who="1" m="31008" /><U110/><N who="1" m="31520" /><U42/><E113/><V98/><F2/><T119/><D34/><U44/><E35/><V134/><F47/><T82/><D115/><U76/><E126/><V66/><F66/><T77/><D70/><U97/><E135/><N who="2" m="51723" /><F79/><T80/><D132/><U120/><N who="1" m="30752" /><U1/><E1/><V122/><N who="2" m="31264" /><V131/><F95/><T127/><D127/><U99/><E110/><V129/><N who="2" m="32768" /><DORA hai="87" /><V84/><F100/><T112/><D112/><U52/><E74/><V104/><F104/><T57/><D39/><U108/><E108/><V71/><F71/><T90/><D118/><U85/><E73/><V62/><F62/><T65/><D65/><U89/><E67/><V36/><F36/><T43/><D119/><U111/><E111/><V45/><F45/><T41/><D58/><U0/><E0/><V106/><F106/><T125/><D125/><U40/><E40/><V72/><F72/><T117/><D46/><U32/><E32/><V59/><F69/><T75/><REACH who="0" step="1"/><D117/><REACH who="0" ten="364,520,156,0" step="2"/><U56/><E56/><V114/><F114/><T53/><D53/><U3/><E3/><V38/><F38/><T51/><D51/><U37/><E37/><V63/><F60/><T68/><D68/><RYUUKYOKU ba="1,1" sc="364,0,520,0,156,0,0,0" hai0="41,43,49,55,57,75,77,80,82,86,90,91,96" hai1="42,44,50,52,54,76,81,85,89,97,99,103,105" hai2="59,63,64,84,88,94,98" /><INIT seed="1,2,1,1,5,42" ten="364,520,156,0" oya="1" hai0="127,123,119,89,52,77,111,36,61,34,130,117,79" hai1="38,59,109,135,98,39,0,106,44,81,1,48,74" hai2="122,92,99,75,64,3,57,37,62,124,58,103,95" hai3=""/><U50/><E135/><V94/><N who="2" m="31264" /><V63/><F3/><T72/><N who="0" m="31520" /><T83/><D36/><U107/><E109/><V121/><N who="2" m="31008" /><V84/><F75/><T40/><D40/><U110/><E110/><V90/><F37/><T118/><D118/><U80/><E59/><V73/><F73/><T113/><D111/><U85/><E74/><V132/><F124/><T116/><D34/><U32/><E85/><V82/><REACH who="2" step="1"/><F132/><REACH who="2" ten="364,520,146,0" step="2"/><T67/><D127/><U97/><E32/><V134/><F134/><T93/><D119/><U47/><AGARI ba="2,2" hai="0,1,38,39,44,47,48,50,80,81,97,98,106,107" machi="47" ten="25,8000,1" yaku="0,1,22,2,52,2" doraHai="42" who="1" fromWho="1" sc="364,-42,520,104,146,-42,0,0" /><INIT seed="1,3,0,4,0,39" ten="322,624,104,0" oya="1" hai0="35,105,98,97,104,134,124,122,123,117,81,62,40" hai1="126,3,67,128,115,42,36,91,45,51,127,59,94" hai2="131,120,102,107,135,109,90,106,119,112,88,99,53" hai3=""/><U37/><E3/><V84/><N who="2" m="30752" /><V75/><F119/><T86/><N who="0" m="31264" /><T70/><N who="0" m="31520" /><T72/><D35/><U132/><E115/><V32/><F32/><T56/><D124/><N who="1" m="47659" /><E132/><V78/><F53/><T47/><D134/><U116/><E116/><V121/><N who="2" m="31008" /><V89/><F135/><T73/><D117/><U79/><E79/><V49/><F49/><T43/><D70/><U74/><E74/><V66/><F66/><T87/><D47/><U69/><E69/><V71/><F71/><T125/><D81/><U54/><E67/><V111/><F112/><T76/><D125/><U133/><E133/><V2/><F2/><T101/><D101/><U34/><E34/><V44/><F44/><T103/><D103/><U52/><E54/><V50/><F50/><T118/><D118/><U114/><E114/><V61/><F61/><T65/><D65/><U129/><E37/><V110/><F131/><T58/><D76/><U95/><E129/><V60/><F60/><AGARI ba="3,0" hai="40,43,56,58,60,62,72,73,86,87,97,98,104,105" m="31520,31264" machi="60" ten="25,12000,2" yaku="22,2,52,4" doraHai="39" who="0" fromWho="2" sc="322,126,624,0,104,-126,0,0" owari="448,5.0,624,57.0,-22,-62.0,0,0.0" /></mjloggm>