<mjloggm ver="2.3"><GO type="169" lobby="0"/><UN n0="%E6%8A%BC%E3%81%99%E3%81%97%E5%B1%8B%E3%81%95%E3%82%93" n1="%E2%96%BD%E4%B8%8E%E4%BD%9C%28%E3%81%8A%E3%81%AB%E3%81%8E%E3%82%8A" n2="%E9%97%98%E5%A3%AB%E2%98%86%E6%B8%8B%E5%B7%9D%E8%80%81" n3="%E9%B4%A8%E8%91%B1%E5%A4%AA%E9%83%8E" dan="16,17,18,17" rate="2101.24,2174.88,2121.08,2163.66" sx="M,M,M,M"/><TAIKYOKU oya="0"/><INIT seed="0,0,0,5,3,111" ten="250,250,250,250" oya="0" hai0="112,105,20,103,34,33,9,6,84,131,130,26,74" hai1="62,128,91,108,90,99,37,81,70,42,121,16,31" hai2="115,125,77,66,92,79,120,19,58,41,51,104,8" hai3="14,46,22,25,2,69,98,71,135,10,76,23,48"/><T32/><D74/><U96/><E121/><V35/><F104/><W4/><G135/><T86/><D103/><U75/><E108/><V113/><F35/><W67/><G67/><T3/><D105/><U101/><E31/><V29/><F29/><W63/><G63/><T11/><D86/><U100/><E70/><V117/><F120/><W107/><G23/><T123/><D84/><U122/><E122/><V88/><F66/><W97/><G2/><T80/><D80/><U72/><E62/><V78/><F125/><W15/><G14/><T52/><D52/><U45/><E128/><N who="0" m="49193" /><D11/><U64/><E64/><V38/><F38/><W17/><G76/><T12/><D123/><U124/><E124/><V59/><F41/><W40/><G98/><T85/><D85/><U106/><E81/><V116/><F19/><W132/><G132/><T73/><D73/><U68/><E75/><V50/><F8/><W5/><G107/><T93/><D93/><U133/><E72/><V30/><F30/><W1/><G97/><T43/><D43/><U18/><E133/><V127/><F127/><W82/><G82/><T56/><D56/><N who="2" m="21546" /><F50/><W28/><G71/><T102/><D32/><U13/><E68/><V109/><F51/><W24/><G69/><T89/><D34/><U54/><E54/><V118/><F109/><W39/><G48/><T0/><D33/><U53/><E53/><V61/><F61/><W95/><G28/><T119/><D0/><U110/><E110/><V83/><F83/><W44/><G39/><T47/><D3/><U21/><E18/><V87/><AGARI ba="0,0" hai="77,78,79,87,88,92,113,115,116,117,118" m="21546" machi="87" ten="40,8000,1" yaku="5,1,12,1,52,2,54,1" doraHai="111" who="2" fromWho="2" sc="250,-40,250,-20,250,80,250,-20" /><INIT seed="1,0,0,5,4,83" ten="210,230,330,230" oya="1" hai0="13,55,124,75,88,42,99,73,36,78,50,95,105" hai1="127,116,0,114,7,133,3,111,87,48,112,67,82" hai2="84,37,79,62,19,20,24,91,101,121,33,109,22" hai3="72,5,102,77,12,31,69,58,6,56,104,38,92"/><U21/><E116/><V9/><F37/><W64/><G38/><T45/><D124/><U71/><E127/><V129/><F33/><W118/><G104/><T2/><D2/><U125/><E125/><V126/><F121/><W57/><G72/><T70/><D105/><U11/><E133/><V120/><F120/><W108/><G77/><T18/><D78/><U122/><E122/><V49/><F109/><W1/><G108/><T90/><D70/><U128/><E111/><V131/><F101/><W119/><G1/><T86/><D90/><U52/><E3/><V46/><F79/><W28/><G69/><T44/><REACH who="0" step="1"/><D99/><REACH who="0" ten="200,230,330,230" step="2"/><U103/><E103/><V8/><F91/><W51/><G119/><T32/><D32/><U100/><E100/><V115/><F126/><W27/><G118/><T15/><D15/><U123/><E123/><V117/><F117/><W106/><G106/><T61/><D61/><U89/><E112/><V39/><F62/><W113/><G12/><T81/><D81/><U63/><E114/><V130/><F115/><W10/><G113/><T110/><D110/><U93/><E82/><V65/><F130/><W74/><G102/><T29/><D29/><U66/><E128/><V94/><F131/><W134/><G31/><T41/><D41/><U26/><E63/><V135/><F129/><W68/><G28/><T97/><D97/><U98/><E98/><V30/><F30/><W60/><G68/><T107/><D107/><U43/><E43/><V4/><F94/><W23/><G92/><T80/><D80/><U35/><E35/><V132/><F132/><RYUUKYOKU ba="0,1" sc="200,30,230,-10,330,-10,230,-10" hai0="13,18,36,42,44,45,50,55,73,75,86,88,95" /><INIT seed="2,1,1,0,0,54" ten="230,220,320,220" oya="2" hai0="56,99,1,6,129,128,131,10,22,117,50,82,127" hai1="81,133,34,8,94,130,47,46,119,85,49,109,63" hai2="58,116,24,9,71,104,132,87,93,113,11,126,114" hai3="29,60,77,5,64,111,112,44,135,121,38,52,65"/><V51/><F71/><W102/><G121/><T100/><D127/><U72/><E119/><V48/><F104/><W40/><G102/><T12/><D117/><U103/><E34/><V7/><F116/><W69/><G29/><T15/><D82/><U39/><E109/><V90/><F126/><W70/><G111/><T101/><D101/><U110/><E110/><V59/><F132/><W32/><G32/><T61/><D50/><N who="2" m="18986" /><F114/><W25/><G25/><T134/><D22/><U73/><E39/><V41/><F113/><W95/><G95/><T105/><REACH who="0" step="1"/><D134/><REACH who="0" ten="220,220,320,220" step="2"/><U118/><E133/><V92/><F11/><W20/><G20/><T13/><D13/><U27/><E8/><V76/><F24/><W88/><G112/><T62/><D62/><U35/><E27/><V33/><F33/><W122/><G60/><T23/><D23/><U31/><E35/><V57/><F41/><W68/><G40/><T18/><D18/><U42/><E42/><V17/><F17/><W2/><G135/><T26/><D26/><U67/><E118/><V4/><F76/><W37/><G77/><T28/><D28/><U53/><E31/><V96/><F9/><W120/><G38/><T66/><AGARI ba="1,2" hai="1,6,10,12,15,56,61,66,99,100,105,128,129,131" machi="66" ten="30,7900,0" yaku="1,1,0,1,19,1,52,1,53,0" doraHai="54" doraHaiUra="74" who="0" fromWho="0" sc="220,102,220,-21,320,-40,220,-21" /><INIT seed="3,0,0,3,0,9" ten="322,199,280,199" oya="3" hai0="3,115,62,38,104,17,11,1,22,35,37,111,65" hai1="2,0,31,78,73,50,100,103,75,77,99,127,97" hai2="25,107,135,46,132,24,27,108,28,36,47,119,14" hai3="70,130,105,8,76,87,124,49,68,60,74,91,92"/><W21/><G105/><T106/><D35/><U72/><E31/><V34/><F107/><W112/><G112/><T82/><D115/><U52/><E50/><V129/><F119/><W5/><G130/><T133/><D111/><U96/><E127/><V6/><F36/><W13/><G124/><T64/><D11/><U126/><E52/><V94/><F108/><W56/><G74/><T12/><D82/><U57/><E57/><V29/><F94/><W16/><G76/><T39/><D133/><N who="2" m="51274" /><F129/><W110/><G110/><T55/><D104/><U93/><E126/><V18/><F6/><W83/><G83/><T66/><D106/><U86/><E0/><V71/><F71/><W7/><G7/><T88/><D88/><N who="1" m="53399" /><E2/><V102/><F102/><AGARI ba="0,0" hai="72,73,75,77,78,96,97,99,100,102,103" m="53399" machi="102" ten="40,12000,2" yaku="35,5,54,1" doraHai="9" who="1" fromWho="2" sc="322,0,199,120,280,-120,199,0" /><INIT seed="4,0,0,5,0,38" ten="322,319,160,199" oya="0" hai0="28,105,19,26,71,75,1,73,65,47,11,112,32" hai1="125,66,109,101,16,62,60,15,54,103,33,49,3" hai2="7,131,133,108,85,69,36,63,34,2,52,106,14" hai3="20,92,64,40,8,5,31,29,118,27,80,0,114"/><T89/><D89/><U76/><E3/><V88/><F36/><W55/><G118/><T115/><D105/><U70/><E109/><V93/><F2/><W48/><G64/><T113/><D47/><U83/><E33/><V99/><F34/><W23/><G114/><T61/><REACH who="0" step="1"/><D19/><REACH who="0" ten="312,319,160,199" step="2"/><U135/><E125/><V78/><F106/><W126/><G126/><T81/><D81/><U13/><E16/><V53/><F88/><W94/><G80/><T25/><D25/><U110/><E83/><V51/><F93/><W74/><G94/><T44/><D44/><U50/><E101/><V72/><F108/><W124/><G92/><T4/><AGARI ba="0,1" hai="1,4,11,26,28,32,61,65,71,73,75,112,113,115" machi="4" ten="40,12000,1" yaku="1,1,0,1,15,1,23,2,53,0" doraHai="38" doraHaiUra="86" who="0" fromWho="0" sc="312,130,319,-40,160,-40,199,-40" /><INIT seed="4,1,0,2,3,90" ten="442,279,120,159" oya="0" hai0="60,93,61,30,135,29,8,95,80,66,24,28,23" hai1="68,100,123,99,36,15,37,120,79,27,91,3,67" hai2="1,114,31,56,103,47,131,65,92,25,51,48,44" hai3="126,121,112,32,33,6,128,5,63,7,54,22,53"/><T40/><D135/><U62/><E3/><V55/><F1/><W74/><G74/><T113/><D113/><U12/><E79/><V18/><F114/><W83/><G112/><T10/><D40/><U26/><E91/><V69/><F131/><W98/><G128/><T78/><D80/><U4/><E15/><V50/><F18/><W122/><G83/><T109/><D78/><U64/><E64/><V102/><F69/><W119/><G119/><T13/><D109/><U46/><E4/><V96/><F65/><W39/><G39/><T85/><D85/><U87/><E87/><V117/><F117/><W72/><G72/><T41/><D41/><U108/><E12/><V89/><F47/><W106/><G22/><T125/><D125/><U82/><E82/><V21/><REACH who="2" step="1"/><F50/><REACH who="2" ten="442,279,110,159" step="2"/><W57/><G126/><T9/><D29/><U34/><E37/><V43/><AGARI ba="1,1" hai="21,25,31,43,44,48,51,55,56,89,92,96,102,103" machi="43" ten="20,12000,2" yaku="1,1,2,1,0,1,7,1,8,1,52,1,53,0" doraHai="90" doraHaiUra="2" who="2" fromWho="2" sc="442,-61,279,-31,110,133,159,-31" /><INIT seed="5,0,0,3,3,102" ten="381,248,243,128" oya="1" hai0="76,101,103,59,71,43,81,8,83,72,92,44,14" hai1="41,51,78,17,2,42,126,64,46,24,25,96,97" hai2="114,115,94,65,40,89,90,66,30,26,80,15,122" hai3="85,62,106,21,18,98,20,0,6,113,60,54,107"/><U4/><E126/><V129/><F122/><W87/><G0/><T5/><D71/><U132/><E132/><V110/><F110/><W55/><G6/><T34/><D34/><U79/><E64/><V19/><F40/><W134/><G98/><T124/><D124/><U112/><E112/><N who="2" m="43051" /><F80/><W37/><G37/><T31/><D31/><U39/><E39/><V11/><F129/><W58/><G113/><T93/><D59/><U119/><E119/><V52/><F52/><W117/><G18/><T84/><D101/><U10/><E42/><V16/><F19/><W111/><G58/><T73/><D103/><U1/><E1/><V50/><F50/><W3/><G3/><T74/><REACH who="0" step="1"/><D83/><REACH who="0" ten="371,248,243,128" step="2"/><U130/><E130/><V36/><F94/><W13/><G134/><T27/><D27/><U125/><E125/><V61/><F26/><W9/><G117/><T45/><D45/><U70/><E25/><V69/><F30/><W133/><G133/><T29/><D29/><U23/><E70/><V56/><F69/><W75/><G75/><T77/><D77/><U121/><E121/><V48/><F90/><W22/><G111/><T57/><D57/><U88/><E79/><V86/><F66/><W128/><G128/><T109/><D109/><U100/><E78/><V12/><F89/><W118/><G118/><T99/><D99/><N who="1" m="37963" /><E88/><V127/><F127/><W28/><G28/><T49/><AGARI ba="0,1" hai="5,8,14,43,44,49,72,73,74,76,81,84,92,93" machi="49" ten="30,7900,0" yaku="1,1,0,1,25,2,53,0" doraHai="102" doraHaiUra="131" who="0" fromWho="0" sc="371,89,248,-39,243,-20,128,-20" /><INIT seed="6,0,0,0,1,86" ten="460,209,223,108" oya="2" hai0="16,113,7,89,12,22,126,130,127,90,44,21,84" hai1="11,6,23,49,66,110,34,26,15,55,85,32,25" hai2="62,92,2,95,57,4,65,96,71,112,105,56,54" hai3="87,19,47,115,131,79,129,0,119,111,124,83,13"/><V61/><F112/><W109/><G0/><T68/><D68/><U103/><E110/><V70/><F105/><W30/><G30/><T102/><D113/><U116/><E116/><V78/><F78/><W93/><G115/><T53/><D102/><U114/><E114/><V128/><F128/><N who="3" m="49227" /><G47/><T17/><D7/><U59/><E103/><V3/><F4/><W132/><G19/><T80/><D130/><U121/><E121/><V20/><F20/><W31/><G31/><T76/><D126/><U52/><E66/><V60/><F92/><W69/><G69/><T72/><D72/><U135/><E135/><V40/><F40/><W98/><G13/><N who="0" m="9359" /><D127/><U117/><E117/><V88/><F71/><W77/><G124/><T82/><D82/><U120/><E120/><V37/><F37/><W63/><G119/><T41/><D41/><U122/><E122/><V81/><F81/><N who="3" m="47535" /><G132/><T28/><D28/><U58/><E34/><V75/><F75/><N who="3" m="43519" /><G63/><T123/><D123/><U67/><E32/><V10/><F10/><W91/><AGARI ba="0,0" hai="91,93,98,109,111" m="43519,47535,49227" machi="91" ten="30,7900,0" yaku="19,1,34,2,52,1" doraHai="86" who="3" fromWho="3" sc="460,-20,209,-20,223,-39,108,79" /><INIT seed="7,0,0,1,2,101" ten="440,189,184,187" oya="3" hai0="22,72,130,0,25,99,104,121,118,86,51,74,76" hai1="53,10,85,134,124,79,127,11,105,87,64,41,19" hai2="126,4,78,17,23,63,44,18,2,34,102,60,59" hai3="47,33,56,114,106,98,83,113,16,28,45,110,135"/><W67/><G110/><T31/><D0/><U68/><E105/><V35/><F102/><N who="3" m="62807" /><G28/><T93/><D121/><U103/><E134/><V15/><F78/><W1/><G1/><T14/><D118/><U24/><E103/><V36/><F126/><N who="1" m="48169" /><E41/><V109/><F109/><W84/><G33/><T131/><D14/><U82/><E53/><V100/><F100/><W49/><G16/><T75/><D22/><N who="1" m="13407" /><E87/><V38/><F60/><AGARI ba="0,0" hai="10,11,60,64,68,79,82,85" m="13407,48169" machi="60" ten="30,1000,0" yaku="18,1" doraHai="101" who="1" fromWho="2" sc="440,0,189,10,184,-10,187,0" owari="440,54.0,199,0.0,174,-33.0,187,-21.0" /></mjloggm>