<mjloggm ver="2.3"><GO type="185" lobby="0"/><UN n0="%E3%81%BE%E3%81%A3%E3%81%97%E3%83%BC" n1="%E3%83%A6%E3%83%B3%E3%82%B0%E3%83%99%E3%83%AA" n2="%54%61%6B%61%52%6F%6E" n3="" dan="16,16,17,0" rate="2240.16,2128.77,2225.24,1500.00" sx="F,M,M,C"/><TAIKYOKU oya="0"/><INIT seed="0,0,0,1,1,89" ten="350,350,350,0" oya="0" hai0="109,102,99,74,41,114,134,57,80,95,130,40,52" hai1="120,94,62,92,1,125,105,64,37,117,56,104,60" hai2="55,48,58,33,32,73,53,54,34,101,71,100,51" hai3=""/><T91/><D114/><U123/><N who="1" m="30752" /><U121/><N who="1" m="31008" /><U79/><N who="1" m="31520" /><U127/><E1/><V65/><F73/><T128/><D134/><U119/><E79/><V118/><F118/><T132/><D132/><U85/><E85/><V78/><F78/><T35/><D35/><U88/><E88/><V108/><F71/><T131/><D109/><U47/><E56/><V38/><F38/><T106/><D80/><U44/><E37/><V83/><F83/><T39/><D74/><U43/><E43/><N who="0" m="16457" /><D39/><U66/><AGARI ba="0,0" hai="44,47,60,62,64,66,92,94,104,105,117,119,125,127" m="31520,31008,30752" machi="66" ten="25,12000,3" yaku="0,1,22,2,52,5" doraHai="89" who="1" fromWho="1" sc="350,-80,350,120,350,-40,0,0" /><INIT seed="1,0,0,3,2,32" ten="270,470,310,0" oya="1" hai0="131,97,115,130,125,126,82,128,1,76,2,62,46" hai1="96,60,35,100,59,40,84,123,112,3,101,81,45" hai2="121,37,55,70,65,79,44,98,95,64,75,109,134" hai3=""/><U127/><N who="1" m="31520" /><U77/><E112/><V69/><N who="2" m="31008" /><V73/><F65/><T57/><D115/><U132/><E35/><V118/><F118/><T34/><D97/><U88/><E132/><V42/><F134/><T106/><D46/><U93/><E127/><N who="0" m="48649" /><D106/><U72/><E3/><N who="0" m="1033" /><D34/><U108/><E108/><V61/><F109/><T58/><D62/><U124/><E124/><V89/><F70/><T52/><D52/><U105/><E100/><V71/><F69/><T113/><D113/><U114/><E114/><V68/><F68/><T116/><D116/><U90/><E90/><V53/><F53/><T67/><D67/><U135/><E135/><V119/><F119/><T104/><D104/><U133/><E133/><V51/><REACH who="2" step="1"/><F79/><REACH who="2" ten="270,470,300,0" step="2"/><T56/><D131/><U33/><E33/><V0/><F0/><T86/><AGARI ba="0,1" hai="56,57,58,76,82,86,128,130" m="1033,48649" machi="86" ten="40,6000,1" yaku="18,1,52,3" doraHai="32" who="0" fromWho="0" sc="270,70,470,-40,300,-20,0,0" /><INIT seed="2,0,0,3,5,87" ten="340,430,280,0" oya="2" hai0="102,36,105,113,80,88,101,77,2,109,49,94,84" hai1="68,74,70,117,81,90,133,46,119,58,85,86,43" hai2="35,63,112,89,64,40,57,107,62,82,61,83,115" hai3=""/><V91/><F35/><T37/><D2/><U93/><E74/><V54/><F107/><T96/><D109/><U65/><E58/><V73/><F40/><T110/><D110/><U129/><E129/><V48/><F64/><T116/><D116/><N who="1" m="44619" /><E133/><V69/><F69/><T104/><D113/><U72/><E72/><V118/><F118/><T38/><D49/><U47/><E65/><V95/><F91/><T55/><D55/><U125/><E125/><V60/><N who="2" m="15360" /><DORA hai="134" /><V44/><F57/><T33/><D33/><U98/><E86/><V122/><N who="2" m="31264" /><V52/><F54/><T103/><AGARI ba="0,0" hai="36,37,38,77,80,84,88,94,96,101,102,103,104,105" machi="103" ten="40,3900,0" yaku="0,1,52,1,54,1" doraHai="87,134" who="0" fromWho="0" sc="340,39,430,-13,280,-26,0,0" /><INIT seed="4,0,0,1,5,57" ten="379,417,254,0" oya="0" hai0="99,97,105,69,43,98,129,95,115,39,123,37,133" hai1="74,100,2,106,76,131,113,111,128,49,130,102,80" hai2="38,92,68,125,1,135,104,109,42,67,110,3,46" hai3=""/><T107/><N who="0" m="31520" /><T85/><D69/><U44/><E2/><V63/><F104/><T86/><D115/><U122/><N who="1" m="31264" /><U91/><E111/><N who="2" m="42507" /><F92/><T90/><D133/><U0/><E0/><N who="2" m="75" /><F125/><T126/><D126/><U41/><E113/><V59/><F59/><T118/><D118/><U134/><E134/><AGARI ba="0,0" hai="38,42,46,63,67,68,134,135" m="75,42507" machi="134" ten="40,2600,0" yaku="23,1,52,1" doraHai="57" who="2" fromWho="1" sc="379,0,417,-26,254,26,0,0" /><INIT seed="5,0,0,3,2,76" ten="379,391,280,0" oya="1" hai0="67,91,45,123,112,38,74,36,37,42,126,77,125" hai1="127,94,71,1,3,124,131,108,41,101,119,32,78" hai2="82,63,66,58,2,93,98,33,69,75,129,135,118" hai3=""/><U80/><E119/><V68/><F118/><T51/><N who="0" m="31520" /><T56/><D91/><U113/><E32/><V34/><F2/><T52/><D112/><U115/><E71/><V120/><N who="2" m="30752" /><V55/><F129/><T60/><D77/><U35/><E35/><V132/><F33/><T109/><D74/><U70/><E70/><V114/><F34/><T107/><D107/><U128/><E41/><V90/><F114/><N who="1" m="43529" /><E94/><V134/><F66/><T62/><D109/><U95/><E95/><V105/><F105/><T104/><D104/><U106/><E101/><V92/><F92/><T100/><D100/><U0/><E108/><V83/><F75/><T49/><D60/><U103/><E103/><V84/><REACH who="2" step="1"/><F83/><REACH who="2" ten="379,391,270,0" step="2"/><T81/><REACH who="0" step="1"/><D81/><REACH who="0" ten="369,391,270,0" step="2"/><U61/><E106/><V57/><F57/><AGARI ba="0,2" hai="36,37,38,42,45,49,51,52,56,57,62,67,125,126" m="31520" machi="57" ten="40,12000,2" yaku="1,1,2,1,34,3,52,1,54,1,53,0" doraHai="76" doraHaiUra="99" who="0" fromWho="2" sc="369,140,391,0,270,-120,0,0" /><INIT seed="6,0,0,3,1,115" ten="509,391,150,0" oya="2" hai0="44,62,45,129,42,46,54,67,0,133,64,97,83" hai1="78,116,51,77,1,52,130,76,43,59,99,119,114" hai2="40,102,106,36,48,79,91,107,33,111,65,63,89" hai3=""/><V71/><F33/><T96/><D0/><U100/><E114/><V69/><F69/><T118/><D118/><N who="1" m="45099" /><E1/><V34/><F34/><T110/><D110/><U98/><E130/><V90/><F111/><T134/><D129/><U3/><E3/><V124/><F124/><T47/><D83/><U53/><E43/><V41/><F102/><T66/><D54/><U94/><E99/><V95/><F95/><T84/><D62/><U73/><E53/><V101/><F36/><T74/><D84/><U61/><E61/><V32/><F32/><T103/><D74/><AGARI ba="0,0" hai="51,52,59,73,74,76,77,78,94,98,100" m="45099" machi="74" ten="30,8000,1" yaku="12,1,52,3,54,1" doraHai="115" who="1" fromWho="0" sc="509,-80,391,80,150,0,0,0" owari="429,3.0,471,42.0,150,-45.0,0,0.0" /></mjloggm>