<mjloggm ver="2.3"><GO type="169" lobby="0"/><UN n0="%E3%81%88%E3%82%8A%E3%82%93%E3%81%BC%50" n1="%4B%45%4E%2D%4F%47%41%53" n2="%74%63%61%30%30" n3="%EF%BC%91%EF%BC%90%E9%80%A3%E3%82%AC%E3%83%81%E3%83%A3" dan="17,16,16,16" rate="2197.82,2122.47,2152.80,2072.60" sx="M,M,M,M"/><TAIKYOKU oya="0"/><INIT seed="0,0,0,5,3,17" ten="250,250,250,250" oya="0" hai0="46,88,112,32,33,130,109,64,69,92,119,108,132" hai1="90,41,18,30,106,27,1,113,10,55,134,39,24" hai2="52,89,48,122,125,76,87,97,67,103,104,34,111" hai3="115,44,77,99,45,49,63,110,40,116,37,29,68"/><T107/><D119/><U73/><E106/><V105/><F122/><W121/><G115/><T15/><D112/><U95/><E73/><V2/><F2/><W57/><G116/><T13/><D107/><U65/><E65/><V128/><F34/><N who="0" m="13418" /><D46/><U129/><E113/><V25/><F105/><W43/><G77/><T100/><D100/><U54/><E27/><V38/><F38/><W0/><G0/><T9/><D132/><U91/><E91/><V19/><F76/><W93/><G68/><T78/><D78/><U72/><E72/><V114/><F114/><W4/><G4/><T20/><D130/><U3/><E3/><V56/><F128/><W98/><G121/><T28/><D9/><U74/><E74/><V61/><F125/><W133/><G133/><T35/><N who="0" m="13426" /><T60/><DORA hai="59" /><D28/><U120/><E134/><V79/><F79/><W127/><G29/><T80/><D80/><U85/><E30/><V126/><F126/><W36/><G127/><T51/><D20/><U131/><E120/><V101/><F101/><W50/><G93/><T42/><D51/><N who="3" m="19465" /><G98/><N who="0" m="57607" /><D42/><U66/><E131/><V84/><F84/><W118/><G99/><T62/><D62/><U70/><E129/><V12/><F87/><W117/><G117/><T58/><D69/><U82/><E82/><V5/><F89/><W71/><G71/><T47/><D47/><N who="1" m="23999" /><E1/><V135/><F135/><W22/><G118/><T7/><D7/><U53/><E70/><N who="2" m="42351" /><F5/><W75/><G75/><T23/><D23/><N who="1" m="13431" /><E10/><V8/><F104/><W123/><G123/><T16/><D16/><U83/><E83/><RYUUKYOKU ba="0,0" sc="250,15,250,15,250,-15,250,-15" hai0="13,15,58,60,64,108,109" hai1="53,54,55,66,85,90,95" /><INIT seed="0,1,0,3,4,37" ten="265,265,235,235" oya="0" hai0="57,98,96,11,106,41,80,61,87,132,84,16,18" hai1="101,27,13,135,111,90,50,46,25,75,8,26,100" hai2="40,70,53,102,83,86,76,129,104,99,82,1,123" hai3="69,44,45,58,62,128,0,60,89,36,73,35,48"/><T79/><D132/><U64/><E111/><V113/><F70/><W7/><G73/><T14/><D106/><U112/><E135/><V63/><F1/><W32/><G128/><T51/><D84/><U118/><E118/><V122/><F113/><W133/><G133/><T12/><D51/><U43/><E112/><V49/><F129/><W117/><G117/><T78/><D79/><U54/><E75/><V33/><F33/><W5/><G48/><T94/><D41/><U55/><E64/><V110/><F110/><W124/><G58/><T56/><D94/><U4/><REACH who="1" step="1"/><E90/><REACH who="1" ten="265,255,235,235" step="2"/><V130/><F130/><W108/><G89/><T74/><D74/><U91/><E91/><V15/><F123/><W29/><G108/><T34/><D34/><U127/><E127/><V85/><F122/><W23/><G124/><T77/><D78/><U52/><AGARI ba="1,1" hai="4,8,13,25,26,27,43,46,50,52,54,55,100,101" machi="52" ten="30,12000,2" yaku="1,1,0,1,8,1,52,1,54,1,53,2" doraHai="37" doraHaiUra="97" who="1" fromWho="1" sc="265,-61,255,133,235,-31,235,-31" /><INIT seed="1,0,0,4,5,107" ten="204,388,204,204" oya="1" hai0="16,64,112,48,100,0,24,65,94,56,131,83,79" hai1="67,53,47,58,68,36,31,60,133,92,96,57,11" hai2="87,4,39,29,115,90,116,25,30,43,120,89,32" hai3="70,51,35,74,22,8,46,86,129,113,93,101,98"/><U33/><E133/><V124/><F120/><W52/><G113/><T7/><D112/><U69/><E11/><V55/><F115/><W41/><G35/><T9/><D131/><U2/><E2/><V28/><F116/><W125/><G125/><T6/><D6/><U102/><E33/><V23/><F124/><W12/><G70/><T75/><D100/><U50/><E31/><V76/><F4/><W15/><G74/><T114/><D114/><U106/><E106/><V78/><F43/><W5/><G129/><T34/><D34/><U119/><E119/><V61/><F39/><W13/><G86/><T130/><D130/><U14/><E14/><V1/><F1/><W134/><G134/><T95/><D64/><U126/><E126/><V3/><F3/><W104/><G104/><T122/><D122/><U82/><E82/><V80/><F89/><W111/><G111/><T19/><D48/><U18/><E18/><V108/><F108/><W103/><G103/><T81/><D83/><U72/><E72/><V49/><F61/><W132/><G132/><T38/><D38/><U42/><AGARI ba="0,0" hai="36,42,47,50,53,57,58,60,67,68,69,92,96,102" machi="42" ten="30,1500,0" yaku="0,1" doraHai="107" who="1" fromWho="1" sc="204,-5,388,15,204,-5,204,-5" /><INIT seed="1,1,0,5,0,25" ten="199,403,199,199" oya="1" hai0="84,85,6,21,127,28,94,33,62,73,131,31,116" hai1="77,97,17,129,2,98,76,50,121,111,71,59,4" hai2="119,91,14,18,46,106,24,132,1,16,3,42,81" hai3="117,102,74,134,114,113,38,36,126,101,20,39,107"/><U30/><E71/><V88/><F119/><W61/><G117/><T41/><D33/><U68/><E68/><V35/><F106/><W112/><G134/><T10/><D73/><U130/><E121/><V115/><F132/><W89/><G74/><T45/><D116/><U118/><E118/><V135/><F135/><W27/><G126/><T104/><D104/><U110/><E17/><V124/><F124/><W47/><G47/><T58/><D127/><U78/><E4/><V122/><F122/><W56/><G89/><T29/><D21/><U19/><E19/><V22/><F115/><W51/><G51/><N who="0" m="27055" /><D94/><U12/><E12/><V105/><F105/><W72/><G72/><T123/><D131/><N who="1" m="50187" /><E2/><V96/><F91/><W52/><REACH who="3" step="1"/><G107/><REACH who="3" ten="199,403,199,189" step="2"/><T5/><D123/><U13/><E50/><V120/><F120/><W103/><G103/><T63/><D63/><U48/><E48/><V133/><F133/><W65/><G65/><N who="0" m="39127" /><D10/><U100/><E100/><V9/><F35/><W34/><G34/><T69/><D69/><U128/><E128/><V109/><F46/><W75/><G75/><T125/><D125/><U15/><E59/><V99/><F42/><W60/><G60/><T80/><D85/><U70/><E70/><V23/><F9/><W95/><G95/><T55/><D55/><U83/><E83/><V43/><F43/><W82/><G82/><T87/><D84/><U0/><E98/><V57/><F96/><W40/><G40/><T66/><D66/><U90/><E97/><V32/><F99/><W49/><G49/><T92/><D92/><U67/><E67/><RYUUKYOKU ba="1,1" sc="199,15,403,-15,199,-15,189,15" hai0="5,6,28,29,31,80,87" hai3="20,27,36,38,39,52,56,61,101,102,112,113,114" /><INIT seed="2,2,1,0,3,36" ten="214,388,184,204" oya="2" hai0="39,55,42,35,88,111,99,20,45,71,66,15,113" hai1="27,73,40,104,83,129,72,77,63,29,79,51,84" hai2="134,4,12,6,18,21,123,44,11,125,92,3,135" hai3="75,32,132,105,110,98,2,60,97,64,33,131,10"/><V34/><F123/><W22/><G132/><N who="2" m="50729" /><F92/><W49/><G110/><T95/><D111/><U8/><E104/><V122/><F122/><W101/><G97/><T65/><D35/><U25/><E129/><V128/><F44/><W102/><G102/><T28/><D71/><U86/><E63/><V53/><F53/><W30/><G49/><T68/><D68/><U57/><E57/><V87/><F87/><W81/><G22/><T59/><D113/><U37/><E37/><V7/><F128/><W19/><G131/><T118/><D118/><U67/><E67/><V114/><F114/><W90/><G90/><T47/><D47/><U85/><E8/><V46/><F46/><W126/><G19/><T76/><D76/><U58/><E40/><V70/><F70/><N who="3" m="42247" /><G126/><T127/><D127/><U100/><E100/><V26/><F125/><W93/><G93/><T78/><D78/><U112/><E112/><V38/><F38/><W31/><G31/><AGARI ba="2,1" hai="3,4,6,7,11,12,18,21,26,31,34" m="50729" machi="31" ten="30,11600,0" yaku="24,1,20,1,34,2" doraHai="36" who="2" fromWho="3" sc="214,0,388,0,184,132,204,-122" /><INIT seed="2,3,0,3,1,54" ten="214,388,316,82" oya="2" hai0="2,113,36,11,109,69,125,49,5,35,50,119,108" hai1="81,59,26,29,1,52,28,103,24,22,44,132,48" hai2="61,80,63,38,123,111,15,12,43,27,74,118,25" hai3="129,67,116,53,32,128,78,18,104,6,107,102,101"/><V47/><F123/><W30/><G78/><T134/><RYUUKYOKU type="yao9" ba="3,0" sc="214,0,388,0,316,0,82,0" hai0="2,5,11,35,36,49,50,69,108,109,113,119,125,134" /><INIT seed="2,4,0,5,4,56" ten="214,388,316,82" oya="2" hai0="38,114,122,3,116,19,96,108,31,129,7,131,79" hai1="45,11,80,12,29,73,123,63,102,89,125,101,51" hai2="117,91,90,1,13,4,53,93,16,124,35,92,0" hai3="112,127,78,47,120,77,72,40,64,118,57,103,130"/><V109/><F117/><W98/><G118/><T22/><D116/><U14/><E125/><V115/><F115/><W76/><G120/><T36/><D114/><U99/><E123/><V105/><F105/><W106/><G127/><T62/><D122/><U34/><E34/><V135/><F124/><W85/><G112/><T86/><D31/><U95/><E29/><V113/><F113/><W119/><G130/><N who="0" m="49675" /><D108/><U46/><E14/><V5/><F35/><W52/><G119/><T104/><D7/><U128/><E46/><V97/><F135/><W61/><G85/><T133/><D3/><U70/><E63/><V67/><F67/><W48/><REACH who="3" step="1"/><G64/><REACH who="3" ten="214,388,316,72" step="2"/><T37/><D133/><U25/><E128/><V132/><F132/><W27/><G27/><N who="0" m="14815" /><D86/><U15/><E73/><AGARI ba="4,1" hai="40,47,48,52,57,61,72,73,76,77,78,98,103,106" machi="73" ten="40,5200,0" yaku="1,1,52,1,54,1,53,0" doraHai="56" doraHaiUra="24" who="3" fromWho="1" sc="214,0,388,-64,316,0,72,74" /><INIT seed="3,0,0,3,4,11" ten="214,324,316,146" oya="3" hai0="90,62,30,77,40,88,81,5,55,63,28,94,104" hai1="107,33,48,45,119,61,64,134,37,123,121,23,130" hai2="51,128,47,85,3,92,14,27,79,132,106,100,75" hai3="18,34,67,120,25,117,54,76,1,4,24,32,122"/><W113/><G67/><T80/><D104/><U112/><E23/><V95/><F3/><W109/><G76/><T35/><D5/><U10/><E10/><V84/><F27/><W50/><G113/><T53/><D40/><U26/><E119/><V17/><F132/><W52/><G117/><T72/><D94/><U97/><E112/><V16/><F128/><W110/><G50/><T69/><D35/><N who="3" m="13353" /><G18/><T9/><D9/><U59/><E37/><V83/><F106/><W131/><G4/><T125/><D77/><U135/><E130/><V44/><F17/><W74/><G74/><T70/><REACH who="0" step="1"/><D72/><REACH who="0" ten="204,324,316,146" step="2"/><U0/><E107/><V127/><F75/><W41/><G41/><T108/><D108/><N who="3" m="41577" /><G131/><T66/><D66/><U102/><E33/><V8/><F79/><W38/><G1/><T73/><D73/><U129/><E0/><V89/><F83/><W22/><G38/><T103/><D103/><U56/><E129/><V93/><F100/><W87/><G87/><T36/><D36/><U101/><E101/><V42/><F85/><W31/><G25/><T126/><AGARI ba="0,1" hai="28,30,53,55,62,63,69,70,80,81,88,90,125,126" machi="126" ten="25,8000,1" yaku="1,1,0,1,22,2,54,1,53,0" doraHai="11" doraHaiUra="98" who="0" fromWho="0" sc="204,90,324,-20,316,-20,146,-40" /><INIT seed="4,0,0,4,5,47" ten="294,304,296,106" oya="0" hai0="21,4,14,30,74,10,116,64,114,113,128,90,32" hai1="95,51,69,109,55,5,104,8,37,44,119,108,81" hai2="61,100,73,34,33,29,124,46,45,91,57,66,19" hai3="38,42,80,122,24,27,15,48,111,115,11,117,58"/><T56/><D74/><U82/><E119/><V71/><F124/><W103/><G111/><T35/><D116/><U96/><E104/><V0/><F0/><W6/><G117/><T72/><D72/><U84/><E69/><V99/><F73/><W88/><G122/><T76/><D76/><U126/><E37/><V50/><F29/><W23/><G103/><T97/><D128/><U89/><E126/><V52/><F91/><W62/><G115/><N who="0" m="44043" /><D21/><U135/><E135/><V41/><F19/><W13/><G38/><T31/><D64/><U129/><E129/><V18/><F18/><N who="3" m="10703" /><G42/><T105/><D56/><U60/><E60/><V94/><REACH who="2" step="1"/><F45/><REACH who="2" ten="294,304,286,106" step="2"/><W131/><G131/><T1/><D1/><U12/><REACH who="1" step="1"/><E82/><REACH who="1" ten="294,294,286,106" step="2"/><V85/><F85/><N who="3" m="50215" /><G62/><AGARI ba="0,2" hai="33,34,41,46,50,52,57,61,62,66,71,94,99,100" machi="62" ten="30,7700,0" yaku="1,1,7,1,52,1,54,1,53,0" doraHai="47" doraHaiUra="25" who="2" fromWho="3" sc="294,0,294,0,286,97,106,-77" /><INIT seed="5,0,0,0,2,117" ten="294,294,383,29" oya="1" hai0="60,41,56,43,90,39,101,24,100,59,47,72,13" hai1="115,20,88,9,111,28,71,33,14,134,67,19,30" hai2="126,38,133,52,130,135,0,1,91,15,61,44,29" hai3="34,104,122,27,48,65,131,49,51,16,45,23,62"/><U113/><E71/><V50/><F126/><W121/><G104/><T57/><D72/><U58/><E111/><V114/><F130/><W97/><G131/><T3/><D3/><U66/><E134/><N who="2" m="51211" /><F114/><N who="1" m="43529" /><E33/><V99/><F29/><N who="1" m="11369" /><E58/><N who="2" m="35015" /><F38/><W93/><G34/><T87/><D24/><N who="1" m="14367" /><E88/><V40/><F15/><W35/><G35/><T110/><D110/><U86/><E86/><V85/><F99/><W78/><G78/><T31/><D31/><U69/><E69/><V102/><F102/><W55/><G49/><T98/><D43/><U80/><E80/><AGARI ba="0,0" hai="0,1,40,44,50,80,85,91" m="35015,51211" machi="80" ten="30,2000,0" yaku="20,1,54,1" doraHai="117" who="2" fromWho="1" sc="294,0,294,-20,383,20,29,0" /><INIT seed="6,0,0,3,1,135" ten="294,274,403,29" oya="2" hai0="23,90,16,131,68,78,101,10,105,104,36,41,43" hai1="76,85,51,21,59,6,37,58,34,98,54,132,102" hai2="38,69,107,97,64,114,15,2,0,24,118,133,60" hai3="11,109,73,95,111,117,121,96,1,35,106,99,75"/><V120/><F120/><W65/><G35/><T110/><D110/><U7/><E132/><V84/><F133/><W113/><G65/><T33/><D33/><U103/><E34/><V32/><F114/><W13/><G113/><T92/><D68/><U66/><E37/><V122/><F122/><W87/><G1/><T130/><D10/><U55/><E66/><V77/><F38/><W93/><G11/><T5/><D5/><U52/><E76/><V48/><F48/><W17/><G13/><T18/><D78/><U26/><E85/><V94/><F15/><W79/><G17/><T71/><D71/><U61/><E55/><V50/><F50/><W124/><G121/><T8/><D8/><U125/><E125/><V115/><F118/><W42/><G42/><N who="0" m="15883" /><D18/><U134/><E134/><V39/><F39/><W72/><G124/><T80/><D101/><U30/><REACH who="1" step="1"/><E103/><REACH who="1" ten="294,264,403,29" step="2"/><N who="2" m="62959" /><F84/><W126/><G126/><T74/><D36/><U49/><E49/><V100/><F77/><W22/><G117/><T89/><D74/><U3/><E3/><V56/><F64/><W25/><G87/><N who="0" m="50407" /><D131/><U44/><E44/><V57/><F0/><W53/><G79/><T46/><D46/><U116/><E116/><V91/><F2/><W12/><G73/><T129/><D129/><U81/><E81/><V4/><F32/><W88/><G72/><T67/><D67/><U62/><E62/><V20/><F60/><W127/><G75/><T31/><D130/><U19/><E19/><V27/><F100/><N who="3" m="60431" /><G127/><T28/><D16/><U9/><E9/><V86/><F115/><W128/><G128/><RYUUKYOKU ba="0,1" sc="294,-10,264,30,403,-10,29,-10" hai1="6,7,21,26,30,51,52,54,58,59,61,98,102" /><INIT seed="7,1,1,2,1,22" ten="284,294,393,19" oya="3" hai0="89,57,123,10,72,56,66,82,127,104,80,125,98" hai1="58,109,9,71,32,14,6,77,55,134,79,85,49" hai2="70,1,62,117,105,44,92,40,83,91,116,59,102" hai3="42,103,60,12,118,68,19,129,106,36,65,121,28"/><W11/><G118/><T24/><D123/><U133/><E109/><V23/><F1/><W101/><G121/><T95/><D104/><U39/><E39/><V5/><F5/><W2/><G129/><T108/><D108/><U73/><E73/><V74/><F70/><W130/><G130/><T64/><D10/><U33/><E71/><V54/><F105/><W30/><G2/><T63/><D24/><U94/><E94/><V81/><F102/><W84/><G84/><T100/><D72/><U90/><E90/><V18/><F74/><W113/><G113/><T35/><D35/><N who="1" m="13387" /><E85/><V122/><F122/><W31/><REACH who="3" step="1"/><G106/><REACH who="3" ten="284,294,393,9" step="2"/><T37/><D125/><U51/><E134/><V41/><F117/><W45/><AGARI ba="1,2" hai="11,12,19,28,30,31,36,42,45,60,65,68,101,103" machi="45" ten="30,6000,0" yaku="1,1,2,1,0,1,53,0" doraHai="22" doraHaiUra="128" who="3" fromWho="3" sc="284,-21,294,-21,393,-21,9,83" /><INIT seed="7,2,0,4,5,119" ten="263,273,372,92" oya="3" hai0="127,118,75,23,58,113,68,6,134,57,3,86,33" hai1="77,20,2,97,8,104,56,7,60,36,22,52,123" hai2="26,25,116,85,9,49,82,101,110,21,12,1,135" hai3="131,17,42,4,133,70,92,107,32,79,126,122,50"/><W95/><G107/><T105/><RYUUKYOKU type="yao9" ba="2,0" sc="263,0,273,0,372,0,92,0" hai0="3,6,23,33,57,58,68,75,86,105,113,118,127,134" /><INIT seed="7,3,0,0,0,112" ten="263,273,372,92" oya="3" hai0="100,23,65,118,80,70,1,102,55,84,81,124,13" hai1="19,73,45,6,50,18,44,53,88,68,129,89,16" hai2="66,28,121,92,98,131,95,51,113,123,56,9,96" hai3="126,133,60,104,11,38,77,2,36,39,87,83,46"/><W52/><G104/><T79/><D1/><U78/><E129/><V33/><F131/><W75/><G133/><T127/><D118/><U48/><E68/><V71/><F71/><W8/><G126/><N who="0" m="48171" /><D55/><N who="1" m="30087" /><E73/><V31/><F113/><W5/><G11/><T101/><D70/><U90/><E78/><V41/><F66/><W103/><G103/><T59/><D80/><U105/><E105/><V21/><F56/><W85/><REACH who="3" step="1"/><G60/><REACH who="3" ten="263,273,372,82" step="2"/><N who="0" m="38047" /><D100/><U4/><AGARI ba="3,1" hai="4,6,16,18,19,45,50,53,88,89,90" m="30087" machi="4" ten="40,5200,0" yaku="8,1,54,2" doraHai="112" who="1" fromWho="1" sc="263,-16,273,71,372,-16,82,-29" owari="247,-15.0,344,14.0,356,46.0,53,-45.0" /></mjloggm>