<mjloggm ver="2.3"><GO type="169" lobby="0"/><UN n0="%EF%BC%91%EF%BC%90%E9%80%A3%E3%82%AC%E3%83%81%E3%83%A3" n1="%E3%81%88%E3%82%8A%E3%82%93%E3%81%BC%50" n2="%6F%75%74%E7%A5%AD%E3%82%8A" n3="%E6%B3%A2%E7%91%A0" dan="16,17,17,16" rate="2066.92,2195.52,2211.21,2152.27" sx="M,M,M,F"/><TAIKYOKU oya="0"/><INIT seed="0,0,0,3,3,87" ten="250,250,250,250" oya="0" hai0="56,2,63,92,115,76,46,106,21,47,44,27,33" hai1="12,68,36,121,26,91,133,74,113,28,107,85,98" hai2="69,125,122,51,71,80,109,79,99,10,39,24,11" hai3="40,135,78,88,108,131,45,9,57,31,65,8,90"/><T64/><D106/><U117/><E121/><V52/><F39/><W20/><G78/><T112/><D2/><U54/><E117/><V89/><F122/><W72/><G72/><T111/><D33/><U4/><E74/><V95/><F109/><W61/><G108/><T15/><D111/><U38/><E68/><V0/><F125/><W1/><G131/><T66/><D15/><U132/><E54/><V42/><F42/><W77/><G77/><T128/><D128/><U29/><E113/><V104/><F104/><W86/><G86/><T70/><D76/><U103/><E28/><V110/><F24/><N who="3" m="16775" /><G1/><T116/><D116/><U127/><E127/><V37/><F37/><W3/><G3/><T25/><D25/><U83/><E36/><V62/><F110/><W48/><G135/><T94/><D66/><U67/><E67/><V30/><F30/><W14/><G8/><T49/><D70/><U60/><E38/><V58/><F51/><W55/><G65/><T16/><REACH who="0" step="1"/><D49/><REACH who="0" ten="240,250,250,250" step="2"/><U22/><E60/><V134/><F0/><W120/><G120/><T23/><D23/><U53/><E12/><V126/><F126/><W114/><G114/><AGARI ba="0,1" hai="16,21,27,44,46,47,56,63,64,92,94,112,114,115" machi="114" ten="40,3900,0" yaku="1,1,54,1,53,0" doraHai="87" doraHaiUra="123" who="0" fromWho="3" sc="240,49,250,0,250,0,250,-39" /><INIT seed="0,1,0,0,4,53" ten="289,250,250,211" oya="0" hai0="50,79,59,49,113,103,68,111,64,82,26,96,134" hai1="33,56,118,6,43,62,47,22,131,24,133,106,66" hai2="98,14,71,54,60,48,52,37,15,130,114,13,42" hai3="38,70,39,92,3,89,21,27,112,29,87,132,61"/><T105/><D113/><U35/><E118/><V23/><F114/><W63/><G3/><T83/><D134/><U65/><E133/><V18/><F130/><W93/><G112/><T28/><D111/><U125/><E131/><V73/><F73/><W94/><G132/><T46/><D50/><U77/><E106/><V91/><F37/><W88/><G92/><T41/><D79/><U127/><E77/><V90/><F71/><W5/><G5/><T0/><D0/><U109/><E6/><V72/><F72/><W86/><G70/><T75/><D75/><U78/><E78/><V19/><F98/><W116/><G116/><T121/><D121/><U32/><E65/><V117/><F117/><W55/><G63/><T36/><D36/><U11/><E11/><V4/><F4/><W115/><G115/><T30/><D30/><U1/><E1/><V122/><F122/><W129/><G129/><T99/><D99/><U16/><REACH who="1" step="1"/><E109/><REACH who="1" ten="289,240,250,211" step="2"/><V58/><F42/><W9/><G9/><T97/><D105/><U44/><E44/><N who="2" m="27655" /><F19/><W102/><G102/><T85/><D103/><U119/><E119/><V101/><F101/><W84/><G84/><T120/><D85/><U128/><E128/><V108/><F108/><W8/><G8/><T123/><D97/><U107/><E107/><V10/><F10/><W76/><G76/><T110/><D96/><U74/><E74/><V25/><AGARI ba="1,1" hai="13,14,15,18,23,25,54,58,60,90,91" m="27655" machi="25" ten="30,4000,0" yaku="8,1,52,1,54,1" doraHai="53" who="2" fromWho="2" sc="289,-21,240,-11,250,53,211,-11" /><INIT seed="1,0,0,0,1,84" ten="268,229,303,200" oya="1" hai0="14,77,11,15,91,97,5,38,118,99,44,89,35" hai1="101,78,46,81,124,111,113,94,51,26,59,131,41" hai2="18,43,96,104,85,95,66,4,112,129,22,37,75" hai3="108,128,60,10,58,39,3,50,126,6,34,87,52"/><U114/><E124/><V92/><F75/><W70/><G39/><T73/><D35/><U33/><E131/><V19/><F129/><W76/><G128/><T107/><D107/><U23/><E33/><V17/><F4/><W28/><G126/><T55/><D38/><U57/><E111/><V90/><F104/><W88/><G76/><T79/><D73/><U115/><E94/><V63/><F112/><W0/><G108/><T100/><D15/><U127/><E101/><V69/><F37/><W20/><G34/><T13/><D13/><U53/><E127/><V67/><F43/><W16/><G28/><T80/><D118/><U116/><E116/><V119/><F119/><W72/><G72/><T42/><D100/><U103/><E103/><V102/><REACH who="2" step="1"/><F67/><REACH who="2" ten="268,229,293,200" step="2"/><W29/><G3/><T54/><D42/><U133/><E41/><V32/><F32/><W8/><G8/><T121/><D121/><U56/><E133/><V83/><F83/><W27/><G70/><T40/><D80/><U134/><E134/><V110/><F110/><W125/><G125/><T132/><D132/><U123/><E123/><V86/><F86/><W93/><REACH who="3" step="1"/><G60/><REACH who="3" ten="268,229,293,190" step="2"/><T48/><D77/><U106/><E106/><V2/><F2/><W117/><G117/><T12/><D79/><U1/><E1/><V9/><F9/><W65/><G65/><T45/><D11/><U24/><E23/><AGARI ba="0,2" hai="17,18,19,22,23,63,66,69,85,90,92,95,96,102" machi="23" ten="40,2600,0" yaku="1,1,52,1,53,0" doraHai="84" doraHaiUra="105" who="2" fromWho="1" sc="268,0,229,-26,293,46,190,0" /><INIT seed="2,0,0,0,5,114" ten="268,203,339,190" oya="2" hai0="69,70,47,96,21,51,39,43,134,108,68,31,33" hai1="110,5,0,63,116,49,74,46,109,101,56,23,115" hai2="78,19,97,37,85,86,65,130,73,120,121,4,89" hai3="135,128,2,12,129,90,1,29,117,27,40,38,32"/><V52/><F65/><W92/><G135/><T119/><D108/><N who="1" m="41579" /><E115/><V102/><F37/><W41/><G12/><T24/><D134/><U79/><E74/><V118/><F4/><W53/><G53/><T99/><D39/><U64/><E79/><V131/><F19/><W87/><G117/><T42/><D42/><N who="1" m="24791" /><E101/><V3/><F52/><W25/><G25/><T62/><D119/><U83/><E83/><N who="2" m="45519" /><F118/><W81/><G81/><T14/><D62/><U104/><E104/><N who="2" m="63567" /><F3/><W17/><G17/><T8/><REACH who="0" step="1"/><D33/><REACH who="0" ten="258,203,339,190" step="2"/><U20/><E116/><V13/><F121/><W61/><G61/><T44/><D44/><U34/><E34/><V55/><F120/><W132/><G132/><T50/><D50/><U88/><E63/><V94/><F131/><N who="3" m="50251" /><G38/><T76/><D76/><U72/><E64/><V35/><F130/><W84/><G41/><T22/><D22/><U66/><E66/><V111/><F55/><W18/><G40/><T106/><D106/><U28/><E20/><V77/><F35/><W9/><G9/><T45/><D45/><U98/><E23/><V103/><F111/><W7/><G32/><T71/><N who="0" m="17408" /><DORA hai="67" /><T107/><D107/><U80/><E56/><V59/><F59/><W124/><G29/><T75/><D75/><U26/><E72/><V82/><F13/><W48/><G48/><T36/><D36/><U10/><E28/><V122/><F122/><W57/><G57/><T125/><D125/><U91/><E0/><V126/><F126/><W133/><G124/><T16/><AGARI ba="0,1" hai="8,14,16,21,24,31,43,47,51,96,99" m="17408" machi="16" ten="60,16000,3" yaku="1,1,0,1,52,4,54,1,53,2" doraHai="114,67" doraHaiUra="113,93" who="0" fromWho="0" sc="258,170,203,-40,339,-80,190,-40" /><INIT seed="3,0,0,5,2,78" ten="428,163,259,150" oya="3" hai0="99,48,64,90,89,41,130,27,82,80,12,15,115" hai1="73,118,131,68,21,132,1,33,105,36,104,69,103" hai2="84,45,98,119,121,42,128,124,20,13,49,129,86" hai3="85,62,58,127,19,51,101,47,134,71,61,25,28"/><W72/><G72/><T18/><D130/><N who="2" m="50282" /><F119/><W107/><G134/><T110/><D110/><U113/><E21/><V53/><F124/><W5/><G127/><T59/><D27/><U122/><E103/><V67/><F67/><W55/><G5/><T117/><D115/><U70/><E104/><V44/><F98/><W111/><G111/><T116/><D41/><U8/><E8/><V31/><F121/><W112/><G112/><T100/><D100/><U63/><E63/><V114/><F114/><W56/><G19/><T10/><D99/><U9/><E9/><V39/><F13/><W50/><G101/><T106/><D106/><U35/><E35/><V60/><F60/><W54/><G107/><T46/><D15/><U77/><E77/><V120/><F120/><W87/><G47/><T32/><D32/><U57/><E57/><V17/><F17/><W94/><G71/><T37/><D37/><U109/><REACH who="1" step="1"/><E69/><REACH who="1" ten="428,153,259,150" step="2"/><V97/><F20/><W3/><G3/><T22/><D22/><U52/><E52/><V6/><F53/><W95/><G25/><T14/><D10/><U65/><E65/><V43/><F31/><AGARI ba="0,1" hai="28,31,50,51,54,55,56,58,61,62,85,87,94,95" machi="31" ten="25,4800,0" yaku="22,2,8,1" doraHai="78" who="3" fromWho="2" sc="428,0,153,0,259,-48,150,58" /><INIT seed="3,1,0,3,0,121" ten="428,153,211,208" oya="3" hai0="57,67,75,0,62,88,97,125,110,58,77,20,93" hai1="106,11,84,113,24,13,55,76,134,87,135,120,105" hai2="37,22,8,45,46,90,128,82,9,19,122,10,124" hai3="92,7,63,132,1,44,69,112,28,83,66,118,86"/><W40/><G118/><T54/><D110/><U74/><E120/><V133/><F122/><W18/><G28/><T23/><D0/><U27/><E13/><V32/><F32/><W119/><G119/><T42/><D42/><U85/><E11/><V35/><F35/><W64/><G64/><T78/><D75/><U31/><E55/><V47/><F124/><W59/><G112/><T111/><D111/><U100/><E113/><V102/><F128/><W114/><G114/><T16/><D20/><U34/><E24/><V68/><F133/><N who="1" m="50697" /><E100/><V98/><F68/><W96/><G132/><T41/><D41/><U107/><E74/><V2/><F37/><W51/><G18/><T70/><D70/><U52/><E52/><V50/><F2/><W30/><G30/><T126/><D126/><U61/><E61/><V129/><F129/><W103/><G1/><T4/><D4/><U95/><E95/><N who="2" m="58719" /><F50/><W72/><G72/><T39/><D39/><U29/><E29/><V12/><F47/><W43/><G7/><T25/><D125/><U104/><N who="1" m="26624" /><DORA hai="89" /><U99/><E99/><V117/><F117/><W36/><G36/><T81/><D81/><AGARI ba="1,0" hai="27,31,34,76,81,84,85,87" m="26624,50697" machi="81" ten="60,2000,0" yaku="20,1" doraHai="121,89" who="1" fromWho="0" sc="428,-23,153,23,211,0,208,0" /><INIT seed="4,0,0,5,0,57" ten="405,176,211,208" oya="0" hai0="88,80,72,62,55,108,30,11,107,48,106,98,121" hai1="122,7,69,43,3,50,99,17,63,123,16,114,56" hai2="46,15,44,21,103,93,95,47,118,78,36,23,13" hai3="73,127,131,86,0,97,9,67,135,58,27,10,119"/><T71/><D121/><U115/><E99/><V28/><F118/><W51/><G73/><T84/><D30/><U91/><E91/><V87/><F36/><W112/><G119/><T37/><D37/><U25/><E69/><V70/><F70/><W132/><G112/><N who="1" m="43050" /><E43/><V113/><F113/><W111/><G111/><T75/><D106/><U129/><E50/><V32/><F32/><W76/><G131/><T126/><D126/><U85/><E85/><V40/><F40/><W53/><G127/><T124/><D124/><U82/><E82/><N who="2" m="47575" /><F28/><W92/><G67/><T77/><D75/><U120/><E25/><V34/><F34/><W42/><G42/><T125/><D125/><U65/><E129/><V52/><F52/><W4/><G27/><T64/><D108/><U39/><E39/><V41/><F41/><W18/><G76/><T101/><D72/><U133/><E133/><V66/><F66/><W35/><G86/><T31/><D77/><U117/><E117/><V2/><F103/><W81/><G81/><T26/><D48/><U19/><E122/><V29/><F95/><W134/><G35/><T1/><D55/><U24/><E24/><V100/><F93/><W96/><G92/><T33/><D1/><U130/><E130/><V89/><F2/><W60/><G51/><T59/><D59/><U116/><E116/><V83/><F29/><W94/><G94/><T5/><D5/><U105/><E105/><V109/><F100/><W14/><AGARI ba="0,0" hai="0,4,9,10,14,18,53,58,60,96,97,132,134,135" machi="14" ten="40,5200,0" yaku="0,1,20,1,52,1" doraHai="57" who="3" fromWho="3" sc="405,-26,176,-13,211,-13,208,52" /><INIT seed="5,0,0,2,2,13" ten="379,163,198,260" oya="1" hai0="40,50,3,88,38,77,115,45,65,60,133,10,31" hai1="2,33,41,85,98,74,24,129,7,99,81,56,21" hai2="19,79,67,62,134,15,128,96,82,25,42,75,44" hai3="94,100,116,37,58,123,48,124,66,18,53,47,114"/><U55/><E74/><V22/><F128/><W0/><G0/><T34/><D133/><U78/><E33/><V6/><F134/><W30/><G123/><T108/><D115/><U70/><E70/><V36/><F96/><W102/><G114/><T130/><D108/><U92/><E129/><V9/><F62/><W107/><G107/><T43/><D77/><U113/><E113/><V73/><F67/><W105/><G105/><T103/><D103/><U12/><E41/><V93/><F93/><W95/><G30/><T91/><D43/><U111/><E2/><V57/><F57/><W87/><G124/><T23/><D38/><U8/><E92/><V131/><F131/><W132/><G132/><T64/><D34/><U83/><E81/><V46/><F46/><W80/><G116/><T69/><D64/><U84/><E85/><AGARI ba="0,0" hai="6,9,15,19,22,25,36,42,44,73,75,79,82,85" machi="85" ten="30,2000,0" yaku="7,1,52,1" doraHai="13" who="2" fromWho="1" sc="379,0,163,-20,198,20,260,0" /><INIT seed="6,0,0,0,5,121" ten="379,143,218,260" oya="2" hai0="134,120,104,40,27,86,42,53,0,87,7,38,49" hai1="71,67,129,76,56,2,16,28,23,109,135,1,11" hai2="81,128,113,82,77,95,119,18,92,34,26,15,99" hai3="111,20,72,102,37,45,107,68,55,48,100,29,75"/><V117/><F113/><W52/><G37/><T46/><D104/><U9/><E71/><V31/><F128/><W98/><G68/><T54/><D134/><U97/><E129/><V8/><F92/><W59/><G102/><T125/><D125/><U70/><E70/><V118/><REACH who="2" step="1"/><F77/><REACH who="2" ten="379,143,208,260" step="2"/><W112/><G112/><T133/><D120/><U85/><E135/><V83/><F83/><W89/><G89/><AGARI ba="0,1" hai="8,15,18,26,31,34,81,82,89,95,99,117,118,119" machi="89" ten="40,3900,0" yaku="1,1,53,1" doraHai="121" doraHaiUra="21" who="2" fromWho="3" sc="379,0,143,0,208,49,260,-39" /><INIT seed="6,1,0,2,2,35" ten="379,143,257,221" oya="2" hai0="11,60,116,43,85,52,87,100,18,47,46,80,32" hai1="38,131,92,90,21,130,70,34,122,112,105,123,7" hai2="68,117,22,6,62,71,27,101,28,127,13,135,48" hai3="110,50,113,84,4,66,55,16,72,45,114,93,125"/><V63/><F117/><W79/><G110/><T109/><D32/><U31/><E34/><V64/><F127/><W8/><G125/><T134/><D109/><U129/><E38/><V103/><F135/><W121/><G66/><T26/><D100/><U94/><E70/><V36/><F36/><W23/><G72/><T10/><D87/><U104/><E7/><V41/><F63/><W88/><G79/><T132/><D116/><U115/><E21/><V17/><F68/><W40/><G40/><T89/><D46/><U108/><E31/><V33/><F41/><W102/><G102/><T56/><D26/><U99/><E92/><V128/><F48/><W59/><G45/><T2/><D11/><U91/><E90/><V3/><F128/><W24/><REACH who="3" step="1"/><G121/><REACH who="3" ten="379,143,257,211" step="2"/><N who="1" m="46090" /><E108/><V69/><F71/><W83/><G83/><T49/><D132/><U120/><N who="1" m="46098" /><U61/><DORA hai="78" /><E61/><V107/><F107/><AGARI ba="1,1" hai="91,94,99,104,105,107,112,115,129,130,131" m="46098" machi="107" ten="50,8000,1" yaku="19,1,13,1,34,2" doraHai="35,78" who="1" fromWho="2" sc="379,0,143,93,257,-83,211,0" /><INIT seed="7,0,0,0,2,72" ten="379,236,174,211" oya="3" hai0="111,19,27,123,1,101,11,110,36,132,98,114,120" hai1="34,61,62,20,85,7,3,65,119,133,52,94,96" hai2="41,92,44,15,112,38,39,4,80,56,53,126,127" hai3="84,33,89,6,63,18,12,46,48,22,78,79,16"/><W8/><G33/><T99/><D36/><U102/><E34/><V31/><F31/><W29/><G63/><T97/><D101/><U37/><E37/><V28/><F28/><W67/><G67/><T75/><D75/><U108/><E108/><V83/><F39/><W82/><G29/><T128/><D114/><U66/><E119/><V88/><F112/><W107/><G107/><T91/><D91/><U30/><E3/><V116/><F116/><W40/><REACH who="3" step="1"/><G18/><REACH who="3" ten="379,236,174,201" step="2"/><T59/><D19/><U47/><E61/><N who="2" m="35983" /><F4/><W134/><G134/><T51/><D132/><U10/><E133/><V55/><F15/><AGARI ba="0,1" hai="6,8,12,15,16,22,40,46,48,78,79,82,84,89" machi="15" ten="30,18000,2" yaku="1,1,7,1,8,1,52,2,54,1,53,1" doraHai="72" doraHaiUra="0" who="3" fromWho="2" sc="379,0,236,0,174,-180,201,190" owari="379,18.0,236,-16.0,-6,-51.0,391,49.0" /></mjloggm>