<mjloggm ver="2.3"><GO type="185" lobby="0"/><UN n0="%E9%96%A2%E8%A5%BF%E9%9B%80%E5%A3%AB%E4%BC%9A" n1="%E6%96%B0%E4%B8%96%E7%95%8C%E3%81%AE%E7%B4%99" n2="%41%2E%4B%39%6D%65%63" n3="" dan="16,17,18,0" rate="2118.78,2277.92,2354.57,1500.00" sx="M,F,M,C"/><TAIKYOKU oya="0"/><INIT seed="0,0,0,1,1,131" ten="350,350,350,0" oya="0" hai0="92,68,49,72,41,109,127,85,101,64,42,125,96" hai1="53,79,69,104,114,76,90,63,46,82,108,110,107" hai2="62,77,65,102,73,35,130,57,135,88,134,33,54" hai3=""/><T43/><D72/><U123/><N who="1" m="31520" /><U132/><E114/><V128/><F102/><T122/><N who="0" m="31264" /><T58/><D109/><N who="1" m="42091" /><E132/><N who="2" m="50731" /><F77/><N who="1" m="29769" /><E46/><V67/><F73/><T44/><D68/><U83/><E53/><V99/><F88/><T121/><N who="0" m="31008" /><T66/><D85/><U56/><E56/><V117/><F99/><T113/><D113/><U0/><E0/><V86/><F86/><T34/><D34/><N who="2" m="12810" /><F117/><T38/><D38/><U1/><E1/><V45/><F45/><T2/><D2/><U80/><E90/><V48/><F48/><T106/><D106/><U95/><E95/><V50/><F50/><T78/><D78/><U119/><E119/><V71/><F71/><T74/><D74/><U118/><E118/><V70/><F70/><T115/><D115/><U39/><E39/><V61/><F61/><T98/><D98/><U105/><E69/><V84/><F84/><T129/><D58/><U3/><E3/><V126/><F126/><T52/><D129/><AGARI ba="0,0" hai="54,57,62,65,67,128,129,130" m="12810,50731" machi="129" ten="40,8000,1" yaku="19,1,20,1,52,3" doraHai="131" who="2" fromWho="0" sc="350,-80,350,0,350,80,0,0" /><INIT seed="1,0,0,0,4,96" ten="270,350,430,0" oya="1" hai0="121,2,80,114,1,135,45,74,130,118,106,105,82" hai1="3,49,55,60,100,90,43,41,104,123,112,134,64" hai2="71,33,131,95,88,78,54,35,83,89,124,122,97" hai3=""/><U113/><N who="1" m="31520" /><U36/><E3/><V87/><N who="2" m="31264" /><V32/><F131/><T66/><N who="0" m="31008" /><T58/><D114/><U102/><E134/><V75/><F71/><T107/><D135/><U132/><E132/><V108/><F108/><T59/><D130/><U56/><E90/><V133/><F133/><T85/><D118/><U73/><E73/><V46/><F124/><T68/><D68/><U76/><E76/><V84/><F54/><T47/><D74/><U40/><E36/><V67/><F67/><T39/><D39/><U127/><E127/><V119/><F119/><T72/><D72/><U77/><E77/><V63/><F63/><T42/><D42/><U37/><E37/><V103/><F46/><N who="0" m="17418" /><D85/><U0/><E0/><N who="0" m="105" /><D66/><U51/><E51/><V93/><REACH who="2" step="1"/><F35/><REACH who="2" ten="270,350,420,0" step="2"/><T44/><D44/><U65/><E65/><V48/><F48/><T101/><D101/><U117/><E117/><V69/><F69/><T109/><D109/><U125/><E125/><V94/><AGARI ba="0,1" hai="32,33,75,78,83,84,87,88,89,93,94,95,97,103" m="31264" machi="94" ten="20,9000,2" yaku="1,1,0,1,7,1,9,1,52,2,54,1,53,0" doraHai="96" doraHaiUra="61" who="2" fromWho="2" sc="270,-30,350,-60,420,100,0,0" /><INIT seed="2,0,0,5,1,34" ten="240,290,520,0" oya="2" hai0="51,53,94,107,121,104,113,68,35,59,71,69,57" hai1="105,129,78,42,128,60,130,120,90,126,48,41,55" hai2="52,132,95,83,108,33,84,93,112,62,64,65,1" hai3=""/><V74/><F112/><T101/><N who="0" m="31008" /><T88/><D35/><U99/><N who="1" m="30752" /><U131/><N who="1" m="32768" /><DORA hai="3" /><U124/><E78/><V50/><F33/><T56/><D113/><U89/><E60/><V96/><F132/><T38/><D38/><U127/><E105/><V70/><F65/><T125/><D125/><U46/><E99/><V54/><F108/><T100/><D107/><U0/><E0/><V92/><F74/><T80/><D80/><U87/><E90/><V119/><F119/><T66/><D66/><U76/><E76/><V114/><F114/><T79/><D79/><U115/><E115/><V45/><F1/><T39/><D39/><U32/><E32/><V73/><F73/><T72/><D72/><U47/><E46/><V2/><F2/><T97/><REACH who="0" step="1"/><D101/><REACH who="0" ten="230,290,520,0" step="2"/><U43/><E127/><V111/><F111/><T133/><D133/><U40/><N who="1" m="10240" /><DORA hai="49" /><U135/><E135/><V123/><N who="2" m="31520" /><V110/><F110/><T81/><D81/><AGARI ba="0,1" hai="47,48,55,81,87,89,124,126" m="10240,32768,30752" machi="81" ten="80,8000,1" yaku="19,1,52,2" doraHai="34,3,49" who="1" fromWho="0" sc="230,-80,290,90,520,0,0,0" /><INIT seed="4,0,0,1,3,40" ten="150,380,520,0" oya="0" hai0="46,58,113,101,131,39,41,64,59,62,74,38,107" hai1="69,49,134,60,82,76,121,1,43,44,89,118,116" hai2="55,66,91,73,112,57,117,95,99,35,75,100,133" hai3=""/><T63/><D74/><U87/><N who="1" m="31008" /><U42/><E1/><V77/><F35/><T70/><D113/><U50/><E134/><V114/><F133/><T71/><D107/><U93/><E69/><N who="0" m="26121" /><D101/><U109/><E109/><V124/><F66/><T53/><D131/><U135/><E60/><V65/><F65/><T32/><D32/><U81/><E135/><V2/><F2/><T54/><D64/><U111/><E111/><V51/><F117/><T85/><D85/><U68/><E68/><V0/><F0/><T88/><D88/><U48/><E82/><V98/><F77/><T97/><D97/><U83/><E81/><V67/><F67/><T128/><D128/><U115/><E115/><V126/><F114/><T106/><D106/><U45/><E118/><V103/><F112/><T105/><D105/><U78/><E116/><V52/><F91/><T47/><D47/><N who="1" m="17995" /><E78/><V110/><F110/><T129/><D129/><U80/><E80/><V119/><F119/><T102/><D102/><U122/><N who="1" m="31264" /><U108/><E108/><V120/><N who="2" m="30752" /><V36/><F103/><T92/><D92/><U86/><AGARI ba="0,0" hai="42,43,48,49,50,76,83,86,87,89,93" m="31264,17995,31008" machi="86" ten="30,9000,2" yaku="8,1,52,5" doraHai="40" who="1" fromWho="1" sc="150,-60,380,90,520,-30,0,0" /><INIT seed="5,0,0,5,4,125" ten="90,470,490,0" oya="1" hai0="108,49,128,126,57,32,40,85,118,129,64,92,50" hai1="73,82,103,123,119,52,109,68,46,77,88,60,87" hai2="3,102,45,97,95,33,93,111,99,79,2,65,131" hai3=""/><U66/><N who="1" m="31520" /><U89/><E119/><V69/><F111/><T112/><D108/><U122/><N who="1" m="31264" /><U51/><E109/><V56/><F33/><T54/><D32/><U110/><E110/><V42/><F69/><T48/><D112/><U105/><REACH who="1" step="1"/><E73/><REACH who="1" ten="90,460,490,0" step="2"/><V61/><F131/><N who="0" m="50250" /><D118/><U86/><E86/><V71/><F71/><T117/><D117/><U84/><E84/><V70/><F70/><T74/><D74/><U59/><E59/><V75/><F75/><T53/><D126/><U135/><E135/><V37/><F79/><T83/><D92/><U115/><E115/><V55/><F65/><T132/><D132/><U36/><E36/><V81/><F81/><T127/><D127/><U134/><E134/><V35/><F35/><T43/><D85/><U100/><E100/><AGARI ba="0,1" hai="2,3,37,42,45,55,56,61,93,95,97,99,100,102" machi="100" ten="30,2000,0" yaku="7,1,9,1" doraHai="125" who="2" fromWho="1" sc="90,0,460,-20,490,30,0,0" /><INIT seed="6,0,0,0,5,124" ten="90,440,520,0" oya="2" hai0="82,125,55,56,40,100,131,81,35,105,3,79,90" hai1="62,68,50,122,111,115,53,101,120,108,47,98,134" hai2="129,127,57,73,99,93,75,80,45,88,121,37,86" hai3=""/><V130/><N who="2" m="31008" /><V94/><F127/><T84/><D35/><U112/><N who="1" m="30752" /><U48/><N who="1" m="31264" /><U116/><E134/><V118/><F118/><T114/><D3/><U52/><E116/><V103/><F57/><T128/><D125/><U107/><E68/><V117/><F117/><T110/><D110/><U135/><E62/><V58/><F58/><T54/><D40/><U66/><E66/><V36/><F45/><T78/><D114/><N who="1" m="43563" /><E135/><V123/><N who="2" m="31520" /><V85/><F37/><T96/><D55/><U92/><E107/><V77/><F36/><T0/><D0/><U2/><E2/><V76/><F76/><T95/><D54/><U87/><E87/><V91/><F73/><T60/><D60/><U113/><N who="1" m="43571" /><U63/><DORA hai="106" /><E63/><V89/><F89/><T109/><D109/><U71/><E71/><V44/><F44/><AGARI ba="0,0" hai="44,47,48,50,52,53,92,98,101,108,111" m="43571,31264,30752" machi="44" ten="40,8000,1" yaku="15,1,52,2,54,1" doraHai="124,106" who="1" fromWho="2" sc="90,0,440,80,520,-80,0,0" owari="90,-51.0,520,47.0,440,4.0,0,0.0" /></mjloggm>