<mjloggm ver="2.3"><GO type="225" lobby="0"/><UN n0="%E3%81%BF%E3%81%BF%E3%81%9A" n1="%E5%BE%80%E5%B9%B4%E3%81%AE%E3%82%B4%E3%83%AA%E3%83%A9" n2="%E8%88%B9%E8%A6%8B%E7%B5%90%E8%A1%A3%E3%81%A1%E3%82%83%E3%82%93" n3="%E3%82%A4%E3%83%8A%E3%82%BA%E3%83%9E%E8%91%AC%E5%84%80" dan="16,16,16,17" rate="2130.25,2078.57,2133.77,2215.69" sx="M,M,F,F"/><TAIKYOKU oya="0"/><INIT seed="0,0,0,0,3,59" ten="250,250,250,250" oya="0" hai0="49,134,80,54,108,107,90,113,50,130,55,18,21" hai1="109,69,60,52,41,128,0,56,129,88,75,7,64" hai2="74,111,1,63,58,89,133,119,123,12,65,14,62" hai3="98,17,13,67,97,22,99,68,116,51,2,100,29"/><T9/><D113/><U104/><E104/><V110/><F123/><W35/><G116/><T82/><D107/><U114/><E114/><V127/><F119/><W8/><G51/><T45/><D130/><N who="1" m="50283" /><E75/><V85/><F74/><W28/><G100/><T48/><D134/><U44/><E109/><N who="2" m="41483" /><F1/><W32/><G29/><T19/><D108/><U11/><E88/><V106/><F106/><W122/><G122/><T53/><D45/><U25/><E25/><V47/><F47/><W112/><G112/><T43/><D43/><U124/><E124/><V73/><F73/><W34/><G67/><T23/><D9/><U92/><E92/><N who="2" m="54319" /><F127/><W5/><G68/><T91/><D91/><U10/><E10/><V37/><F37/><W40/><G40/><T4/><D4/><U94/><E94/><V79/><F79/><W46/><G46/><T115/><D115/><U96/><E96/><V66/><F133/><W27/><AGARI ba="0,0" hai="2,5,8,13,17,22,27,28,32,34,35,97,98,99" machi="27" ten="30,4000,0" yaku="0,1,24,2" doraHai="59" who="3" fromWho="3" sc="250,-20,250,-10,250,-10,250,40" /><INIT seed="1,0,0,5,2,64" ten="230,240,240,290" oya="1" hai0="13,0,114,101,95,104,43,68,46,45,115,40,129" hai1="70,127,120,6,124,96,36,47,87,4,83,3,41" hai2="71,57,56,48,122,32,65,28,105,8,69,77,19" hai3="55,102,7,117,10,42,109,128,131,27,97,37,14"/><U93/><E120/><V44/><F105/><W116/><G109/><T89/><D0/><U16/><E3/><V17/><F122/><W5/><G5/><T132/><D104/><U58/><E58/><V63/><F77/><W29/><G55/><T60/><D101/><U130/><E130/><N who="3" m="49706" /><G42/><T49/><D129/><U126/><E70/><V18/><F8/><W66/><G37/><T80/><D80/><U81/><E81/><V2/><F2/><W99/><G66/><T88/><D13/><U34/><E34/><V103/><F103/><W54/><G54/><T86/><D132/><U82/><E82/><V52/><REACH who="2" step="1"/><F44/><REACH who="2" ten="230,240,230,290" step="2"/><W67/><G102/><T25/><D89/><N who="1" m="55343" /><E16/><V133/><F133/><W12/><G10/><T125/><D115/><U61/><E4/><V94/><F94/><W98/><G7/><T1/><D114/><U100/><E100/><V135/><F135/><W62/><G117/><T84/><D1/><U24/><E6/><V50/><F50/><W11/><G11/><T35/><D95/><U107/><E107/><V73/><F73/><W30/><G116/><T39/><D88/><U92/><E92/><V90/><F90/><W78/><G78/><T111/><D111/><U85/><E83/><V23/><F23/><N who="3" m="15615" /><G30/><N who="0" m="19919" /><D86/><U118/><E118/><V33/><F33/><W22/><G22/><T110/><D84/><U106/><E106/><V9/><F9/><W38/><G38/><T113/><D110/><U26/><E85/><V74/><F74/><W112/><G112/><T21/><D113/><U75/><E87/><V91/><F91/><W53/><G98/><RYUUKYOKU ba="0,1" sc="230,-10,240,-10,230,30,290,-10" hai2="17,18,19,28,32,48,52,56,57,63,65,69,71" /><INIT seed="2,1,1,3,3,30" ten="220,230,260,280" oya="2" hai0="2,109,92,83,63,4,32,12,9,126,79,49,5" hai1="96,82,51,102,87,127,48,19,13,17,101,3,128" hai2="86,44,60,77,62,104,81,114,22,123,78,118,46" hai3="20,134,124,24,40,131,111,29,25,34,58,85,36"/><V27/><F123/><W93/><G111/><T72/><D109/><U74/><E74/><V107/><F114/><W130/><G124/><T100/><D126/><U66/><E3/><V88/><F118/><W15/><G134/><T64/><D32/><U120/><E127/><V95/><F107/><W67/><G15/><T31/><D31/><U75/><E75/><V28/><F104/><W112/><G112/><T133/><D133/><U38/><E38/><V105/><F105/><W132/><G132/><T37/><D37/><U65/><E120/><V69/><F78/><W76/><G40/><T21/><D49/><N who="1" m="19019" /><E128/><V1/><F1/><W110/><G36/><T119/><D119/><U42/><E42/><V108/><F108/><W98/><G110/><T54/><D54/><U6/><E6/><V41/><F41/><W89/><G58/><T99/><D21/><N who="1" m="11439" /><E19/><V55/><F69/><W33/><G67/><N who="1" m="25610" /><E96/><N who="2" m="57447" /><F55/><W61/><G131/><T129/><D129/><U52/><E52/><V18/><F18/><W50/><G130/><T97/><D99/><U70/><E70/><V91/><F77/><AGARI ba="1,1" hai="77,82,87,101,102" m="25610,11439,19019" machi="77" ten="30,1000,0" yaku="8,1" doraHai="30" who="1" fromWho="2" sc="220,0,230,23,260,-13,280,0" /><INIT seed="3,0,0,0,0,116" ten="220,253,247,280" oya="3" hai0="128,4,124,11,6,72,132,9,115,73,60,17,30" hai1="106,44,46,76,39,33,57,70,37,58,47,83,102" hai2="35,43,54,130,107,110,22,71,85,91,79,125,97" hai3="111,95,135,94,38,66,67,81,20,127,61,1,131"/><W90/><G127/><T113/><D30/><U5/><E33/><V123/><F35/><W7/><G135/><T92/><D132/><U82/><E70/><V104/><F71/><W19/><G131/><T120/><D128/><U77/><E106/><V99/><F43/><W14/><G38/><N who="1" m="14346" /><E102/><V27/><F130/><W42/><G42/><T101/><D60/><U75/><E75/><N who="0" m="28745" /><D124/><U117/><E5/><N who="0" m="2153" /><D17/><U13/><E13/><V126/><F126/><W28/><G28/><T93/><D101/><U51/><E51/><V62/><F125/><W36/><G36/><T59/><D59/><N who="1" m="22539" /><E117/><V10/><F107/><W74/><G74/><T18/><D18/><U86/><E86/><V15/><F104/><W84/><G61/><T48/><D48/><U32/><E32/><V100/><F62/><W109/><G67/><T40/><D40/><U16/><E16/><V49/><F49/><W121/><G66/><T55/><D55/><U89/><E89/><V25/><F54/><W21/><G21/><T134/><D134/><U119/><E119/><V50/><F22/><W118/><G118/><T78/><D78/><AGARI ba="0,0" hai="44,46,47,76,77,78,82,83" m="22539,14346" machi="78" ten="40,2600,0" yaku="28,2" doraHai="116" who="1" fromWho="0" sc="220,-26,253,26,247,0,280,0" /><INIT seed="4,0,0,0,5,71" ten="194,279,247,280" oya="0" hai0="112,72,70,97,44,61,33,121,7,16,118,39,75" hai1="29,34,49,25,14,84,83,131,81,96,26,55,21" hai2="36,37,82,115,24,59,1,86,63,117,123,10,30" hai3="93,69,5,53,124,3,20,119,9,125,51,133,67"/><T23/><D121/><U126/><E131/><V92/><F123/><W122/><G119/><T56/><D118/><U74/><E126/><V116/><F116/><W66/><G122/><T80/><D33/><U65/><E65/><V103/><F117/><W91/><G133/><T17/><D70/><U95/><E14/><V89/><F115/><W43/><G43/><T38/><D7/><U88/><E74/><V32/><F1/><W6/><G6/><T85/><D97/><U113/><E113/><V110/><F110/><W130/><G130/><T18/><D23/><U2/><E2/><V79/><F10/><W22/><G22/><T134/><D112/><U99/><E99/><V58/><F103/><W50/><G50/><T40/><D134/><U60/><E60/><V42/><F42/><W78/><G78/><T87/><D39/><U105/><E105/><V35/><F59/><N who="3" m="33215" /><G20/><T4/><D4/><U62/><E62/><V8/><F8/><W132/><G69/><T15/><D15/><U104/><E104/><V68/><F35/><W28/><G28/><T98/><D98/><U12/><E12/><V108/><F108/><W111/><G111/><T106/><D106/><U102/><E102/><V19/><F68/><W46/><G132/><T11/><D11/><U100/><E100/><V127/><F19/><W73/><G73/><T54/><REACH who="0" step="1"/><D87/><REACH who="0" ten="184,279,247,280" step="2"/><U129/><E96/><V41/><F86/><N who="3" m="52471" /><G125/><T52/><D52/><U90/><E129/><V27/><F32/><W76/><G124/><T114/><D114/><U48/><E34/><V47/><F127/><W101/><G9/><RYUUKYOKU ba="0,1" sc="184,30,279,-10,247,-10,280,-10" hai0="16,17,18,38,40,44,54,56,61,72,75,80,85" /><INIT seed="4,1,1,1,3,24" ten="214,269,237,270" oya="0" hai0="76,48,89,113,134,95,26,7,58,51,99,72,25" hai1="44,92,104,127,46,96,100,12,59,19,37,34,10" hai2="111,45,131,79,118,62,14,49,103,121,9,39,125" hai3="86,61,17,63,135,106,122,117,27,73,60,126,129"/><T83/><D113/><U69/><E127/><V36/><F121/><W53/><G73/><T42/><D134/><U107/><E69/><V70/><F125/><W67/><G106/><T120/><D120/><U75/><E75/><V66/><F111/><W52/><G117/><T124/><D124/><U71/><E71/><V29/><F131/><W128/><G135/><T47/><REACH who="0" step="1"/><D7/><REACH who="0" ten="204,269,237,270" step="2"/><U31/><E104/><V119/><F118/><W1/><G122/><T56/><D56/><U82/><E107/><V102/><F119/><W133/><G133/><T80/><D80/><U109/><E82/><V15/><F79/><W28/><G126/><T0/><D0/><U123/><E123/><V20/><F36/><W93/><G1/><T114/><D114/><U91/><E37/><V94/><F39/><W90/><G129/><T22/><D22/><U105/><E59/><V32/><F32/><W3/><G3/><T77/><D77/><U85/><E109/><V112/><F112/><W5/><G5/><T65/><D65/><U130/><E130/><V54/><F94/><W68/><G128/><T50/><D50/><U43/><E105/><V18/><REACH who="2" step="1"/><F29/><REACH who="2" ten="204,269,227,270" step="2"/><W97/><G28/><T11/><D11/><U101/><E31/><V40/><F40/><W30/><G30/><T98/><D98/><U88/><E34/><V74/><F74/><W33/><G33/><T87/><D87/><U78/><E43/><V57/><F57/><W2/><G97/><T81/><D81/><N who="1" m="47287" /><E100/><V110/><F110/><W4/><G93/><T16/><D16/><AGARI ba="1,3" hai="9,14,15,16,18,20,45,49,54,62,66,70,102,103" machi="16" ten="30,3900,0" yaku="1,1,7,1,54,1,53,0" doraHai="24" doraHaiUra="116" who="2" fromWho="0" sc="204,-42,269,0,227,72,270,0" /><INIT seed="5,0,0,4,5,84" ten="162,269,299,270" oya="1" hai0="55,131,69,96,82,16,35,111,29,22,93,85,130" hai1="10,50,12,14,58,135,102,100,74,73,63,113,17" hai2="80,46,42,27,52,54,34,32,64,129,4,21,86" hai3="25,11,43,49,57,76,51,13,53,44,123,39,24"/><U79/><E135/><V112/><F64/><W26/><G123/><T28/><D111/><U88/><E113/><V71/><F71/><W72/><G72/><T70/><D55/><U37/><E37/><V119/><F4/><W122/><G122/><T23/><D35/><U19/><E50/><V78/><F129/><N who="0" m="49162" /><D23/><U31/><E31/><N who="0" m="11849" /><D93/><U90/><E73/><V56/><F56/><W125/><G125/><T104/><D96/><U75/><E75/><V103/><F103/><N who="1" m="39465" /><E79/><V59/><F59/><W77/><G39/><T66/><D66/><N who="1" m="39287" /><E74/><V107/><F107/><W126/><G126/><T65/><D65/><U83/><E83/><V68/><F68/><W87/><G87/><T38/><D104/><U9/><AGARI ba="0,0" hai="9,10,12,14,17,19,88,90" m="39287,39465" machi="9" ten="30,11700,0" yaku="8,1,52,2,54,1" doraHai="84" who="1" fromWho="1" sc="162,-39,269,117,299,-39,270,-39" owari="123,-38.0,386,49.0,260,6.0,231,-17.0" /></mjloggm>