<mjloggm ver="2.3"><GO type="169" lobby="0"/><UN n0="%74%6F%6D%75%74%6F%6D%69" n1="%E8%A5%BF%E6%9D%91%E9%9B%84%E4%B8%80%E9%83%8E" n2="%E6%84%9B%E5%86%85%E9%87%8C%E8%8F%9C" n3="%E3%81%AE%E3%82%93%E3%81%B3%E3%82%8A%E3%81%8F%E3%82%93" dan="16,18,18,16" rate="2091.95,2329.90,2173.36,2049.54" sx="M,M,F,M"/><TAIKYOKU oya="0"/><INIT seed="0,0,0,2,1,121" ten="250,250,250,250" oya="0" hai0="28,39,120,19,87,60,12,13,91,34,15,43,6" hai1="47,100,123,57,32,75,73,10,17,111,62,88,92" hai2="126,93,113,108,85,94,42,48,70,37,82,22,84" hai3="90,81,55,18,122,66,30,78,97,49,36,98,115"/><T0/><D120/><U112/><E123/><V135/><F37/><W63/><G122/><T54/><D43/><U46/><E32/><V23/><F70/><W76/><G36/><T9/><D39/><U59/><E100/><V51/><F82/><W119/><G119/><T109/><D54/><U26/><E112/><V118/><F135/><W16/><G115/><T50/><D50/><U116/><E116/><V41/><F113/><W114/><G114/><T117/><D60/><U4/><E57/><V128/><F118/><W21/><G30/><T127/><D127/><U5/><E75/><V132/><F128/><W106/><G106/><T52/><D52/><N who="1" m="34151" /><E73/><V67/><F67/><W68/><G78/><T2/><D117/><U33/><E33/><V64/><F64/><W45/><G90/><T20/><D87/><U58/><E58/><V131/><F131/><W95/><G95/><T134/><D134/><U8/><E8/><V124/><F132/><W11/><G11/><T72/><D72/><U101/><E101/><V35/><F35/><W7/><G7/><N who="1" m="2634" /><E10/><V130/><F130/><W38/><G38/><T107/><D107/><U104/><E104/><V31/><F31/><W24/><REACH who="3" step="1"/><G18/><REACH who="3" ten="250,250,250,240" step="2"/><T77/><D77/><U61/><E88/><V14/><F126/><W65/><G65/><T71/><D91/><U56/><E92/><V40/><F94/><W80/><G80/><T25/><D71/><U29/><E17/><V99/><F124/><W1/><G1/><T89/><D89/><U3/><E29/><V83/><F93/><W133/><G133/><T86/><D0/><RYUUKYOKU ba="0,1" sc="250,-10,250,-10,250,-10,240,30" hai3="16,21,24,45,49,55,63,66,68,76,81,97,98" /><INIT seed="1,1,1,2,3,65" ten="240,240,240,270" oya="1" hai0="120,59,31,35,6,58,41,30,3,105,32,68,124" hai1="72,55,91,12,122,131,123,9,71,121,47,15,108" hai2="89,0,74,92,44,19,20,10,79,85,8,46,23" hai3="53,132,87,98,57,96,75,112,48,4,28,130,40"/><U134/><E72/><V22/><F0/><W38/><G112/><T26/><D124/><U13/><E134/><V33/><F33/><W64/><G75/><T133/><D133/><U103/><E131/><V43/><F19/><W101/><G101/><T18/><D41/><U70/><E103/><V81/><REACH who="2" step="1"/><F44/><REACH who="2" ten="240,240,230,270" step="2"/><W69/><G132/><T77/><D3/><U42/><E9/><V37/><AGARI ba="1,2" hai="8,10,20,22,23,37,43,46,74,79,81,85,89,92" machi="37" ten="30,7900,0" yaku="1,1,2,1,0,1,53,1" doraHai="65" doraHaiUra="73" who="2" fromWho="2" sc="240,-21,240,-40,230,102,270,-21" /><INIT seed="2,0,0,5,3,80" ten="219,200,332,249" oya="2" hai0="64,54,109,84,2,114,7,10,33,68,91,41,130" hai1="134,95,20,90,1,110,122,38,50,26,11,79,81" hai2="32,45,93,106,49,108,86,15,63,57,126,24,124" hai3="131,36,128,46,102,19,58,30,65,51,96,21,97"/><V37/><F106/><W100/><G36/><T98/><D114/><U132/><E38/><V62/><F37/><W135/><G30/><T74/><D74/><U12/><E1/><V35/><F15/><W29/><G29/><T27/><D41/><U25/><E50/><V77/><F108/><W47/><G65/><T85/><D109/><U4/><E122/><V28/><F35/><W39/><G39/><T117/><D33/><U42/><E42/><V120/><F120/><W123/><G123/><T31/><D130/><N who="3" m="49705" /><G58/><T8/><D8/><U83/><E83/><N who="2" m="47471" /><F93/><W92/><G135/><N who="1" m="51754" /><E20/><V48/><F57/><W127/><G127/><N who="2" m="48681" /><F48/><W23/><G51/><T16/><D54/><AGARI ba="0,0" hai="24,28,32,45,49,54,62,63" m="48681,47471" machi="54" ten="30,2900,0" yaku="18,1,52,1" doraHai="80" who="2" fromWho="0" sc="219,-29,200,0,332,29,249,0" /><INIT seed="2,1,0,2,5,101" ten="190,200,361,249" oya="2" hai0="8,47,90,82,61,122,17,55,57,60,88,94,128" hai1="24,134,29,92,87,65,100,36,112,58,62,27,37" hai2="43,74,30,25,20,48,116,51,135,111,86,109,10" hai3="18,50,78,70,72,15,26,103,123,0,34,59,53"/><V132/><F116/><W5/><G123/><T130/><D122/><U93/><E112/><V115/><F115/><W95/><G70/><T39/><D61/><U56/><E134/><N who="2" m="51243" /><F74/><W31/><G72/><T81/><D39/><U38/><E27/><V98/><F43/><W104/><G78/><T9/><D47/><U52/><E87/><V12/><F86/><W28/><G28/><T67/><D67/><U21/><REACH who="1" step="1"/><E100/><REACH who="1" ten="190,190,361,249" step="2"/><V117/><F117/><W113/><G113/><T133/><D133/><U99/><E99/><V66/><F98/><W97/><G95/><T129/><D94/><U124/><E124/><V76/><F76/><W41/><G97/><T83/><REACH who="0" step="1"/><D17/><REACH who="0" ten="180,190,361,249" step="2"/><U118/><E118/><V63/><F109/><W64/><G18/><T54/><D54/><U4/><E4/><N who="2" m="3143" /><F111/><W11/><G5/><T108/><D108/><U91/><E91/><AGARI ba="1,2" hai="8,9,55,57,60,81,82,83,88,90,91,128,129,130" machi="91" ten="50,6400,0" yaku="1,1,19,1,54,1,53,0" doraHai="101" doraHaiUra="13" who="0" fromWho="1" sc="180,87,190,-67,361,0,249,0" /><INIT seed="3,0,0,5,2,100" ten="267,123,361,249" oya="3" hai0="90,23,27,34,60,82,64,128,134,76,92,37,47" hai1="51,105,126,26,62,21,97,89,41,19,5,52,88" hai2="117,85,116,119,123,102,28,54,93,108,43,6,106" hai3="94,73,96,13,15,113,11,115,22,130,75,125,35"/><W80/><G35/><T17/><D128/><U36/><E126/><V44/><F54/><W50/><G125/><T57/><D134/><U42/><E36/><V39/><F6/><W25/><G130/><T10/><D34/><U127/><E127/><V84/><F28/><W4/><G115/><T99/><D37/><U104/><E5/><V69/><F69/><W111/><G113/><T18/><D47/><U9/><E9/><V0/><F0/><W74/><G111/><T131/><D131/><U103/><E105/><V29/><F29/><W77/><G15/><T31/><REACH who="0" step="1"/><D10/><REACH who="0" ten="257,123,361,249" step="2"/><U86/><E62/><V79/><F44/><W71/><G71/><T1/><D1/><U68/><E68/><V87/><F39/><W118/><G118/><T61/><D61/><U63/><E63/><V98/><F43/><W40/><G50/><T46/><D46/><U124/><E124/><V114/><F114/><W83/><G40/><T110/><D110/><U91/><REACH who="1" step="1"/><E86/><AGARI ba="0,1" hai="17,18,23,27,31,57,60,64,76,82,86,90,92,99" machi="86" ten="30,7700,0" yaku="1,1,7,1,8,1,53,1" doraHai="100" doraHaiUra="53" who="0" fromWho="1" sc="257,87,123,-77,361,0,249,0" /><INIT seed="4,0,0,5,3,63" ten="344,46,361,249" oya="0" hai0="130,81,29,85,24,97,128,115,38,104,36,87,82" hai1="77,46,79,35,66,90,10,103,76,127,114,45,135" hai2="101,53,125,102,119,20,110,64,83,65,70,84,113" hai3="3,78,74,42,5,0,44,21,92,124,121,71,134"/><T22/><D115/><U33/><E103/><N who="2" m="39435" /><F110/><W88/><G71/><T126/><D97/><U52/><E135/><V73/><F73/><W11/><G134/><T2/><D104/><U4/><E127/><V116/><F70/><W106/><G124/><T94/><D94/><U86/><E114/><V50/><F113/><W18/><G106/><T43/><D2/><U15/><E66/><N who="2" m="25707" /><F125/><W27/><G121/><T118/><D118/><N who="2" m="45098" /><F20/><W25/><G0/><T39/><D126/><U31/><E35/><V91/><F50/><W59/><G59/><T93/><D93/><U112/><E112/><V67/><N who="2" m="25715" /><V60/><DORA hai="107" /><F53/><W41/><G74/><T16/><D29/><U69/><E69/><V40/><F40/><W123/><G42/><T19/><D43/><U17/><E31/><V34/><F60/><W14/><G123/><T131/><D19/><U89/><E33/><AGARI ba="0,0" hai="33,34,83,84,91" m="45098,25715,39435" machi="33" ten="40,8000,1" yaku="12,1,52,4" doraHai="63,107" who="2" fromWho="1" sc="344,0,46,-80,361,80,249,0" owari="344,14.0,-34,-53.0,441,54.0,249,-15.0" /></mjloggm>