<mjloggm ver="2.3"><GO type="169" lobby="0"/><UN n0="%E3%81%AF%E3%81%84%E3%81%A6%E3%82%93%E3%81%BC%E3%83%BC" n1="%43%61%70" n2="%E3%81%B5%E3%81%98%E3%81%8B%E3%81%A4" n3="%E3%81%8B%E3%82%8A%E3%82%93%E3%81%95%E3%82%93" dan="16,16,16,18" rate="2174.99,2095.70,2167.87,2214.92" sx="M,M,M,M"/><TAIKYOKU oya="0"/><INIT seed="0,0,0,2,4,36" ten="250,250,250,250" oya="0" hai0="75,34,92,112,26,41,20,111,5,27,122,100,78" hai1="88,86,66,25,91,129,127,69,101,35,82,121,2" hai2="124,99,81,96,21,114,0,110,10,38,131,65,16" hai3="33,73,93,67,120,9,63,11,133,6,125,94,74"/><T51/><D122/><U77/><E121/><V117/><F114/><W44/><G120/><T29/><D112/><U52/><E2/><V104/><F110/><W118/><G118/><T108/><D5/><U90/><E129/><V107/><F117/><W132/><G33/><T54/><D75/><U3/><E3/><V57/><F131/><W134/><G125/><T18/><D78/><U60/><E101/><V103/><F124/><W39/><G93/><T14/><D27/><U8/><E8/><V109/><F109/><N who="0" m="42058" /><D100/><U95/><E127/><V126/><F126/><W47/><G94/><T72/><D92/><U130/><E130/><V55/><F81/><W102/><G102/><T48/><D72/><N who="3" m="27753" /><G39/><T106/><D106/><U45/><E25/><V42/><F107/><W40/><G6/><T49/><D54/><U113/><E35/><V15/><F65/><W80/><G80/><T56/><D56/><N who="1" m="37127" /><E113/><V115/><F115/><W37/><G44/><AGARI ba="0,0" hai="14,18,20,26,29,34,41,44,48,49,51" m="42058" machi="44" ten="30,5800,0" yaku="14,1,10,1,52,1" doraHai="36" who="0" fromWho="3" sc="250,58,250,0,250,0,250,-58" /><INIT seed="0,1,0,5,4,91" ten="308,250,250,192" oya="0" hai0="36,92,87,66,55,116,33,34,60,83,65,28,84" hai1="123,105,26,119,63,27,41,14,94,68,113,101,112" hai2="97,64,19,46,80,99,106,9,3,43,38,59,117" hai3="122,1,18,90,53,13,20,6,32,31,85,56,24"/><T86/><D116/><U103/><E119/><V0/><F117/><W71/><G71/><T7/><D36/><U30/><E105/><V11/><F106/><W4/><G122/><T67/><D7/><U39/><E39/><V5/><F80/><W37/><G37/><T124/><D124/><U135/><E41/><V15/><F0/><W128/><G128/><T8/><D8/><U61/><E123/><V129/><F129/><W88/><G1/><T23/><D83/><U12/><E30/><V74/><F74/><W45/><G45/><T51/><D60/><U40/><E40/><V82/><F64/><W21/><G32/><T100/><D34/><U79/><E79/><V52/><REACH who="2" step="1"/><F82/><REACH who="2" ten="308,250,240,192" step="2"/><W104/><G104/><T118/><D118/><U29/><E113/><V115/><F115/><W114/><G114/><T35/><D35/><U96/><E112/><V44/><F44/><W54/><G54/><T49/><D33/><U57/><E68/><V98/><F98/><W120/><G120/><T126/><D126/><U25/><E96/><V72/><F72/><W108/><G108/><T70/><D70/><U111/><E111/><V16/><F16/><N who="3" m="10255" /><G31/><T58/><D28/><U131/><E29/><V95/><F95/><N who="3" m="54671" /><G90/><T50/><D55/><U78/><E131/><V121/><F121/><W73/><G73/><T76/><D67/><U93/><E57/><V134/><F134/><W132/><G132/><T127/><D58/><U10/><E135/><V109/><F109/><W42/><G42/><T22/><D66/><U81/><E81/><V17/><F17/><W107/><G107/><RYUUKYOKU ba="1,1" sc="308,-15,250,-15,240,15,192,15" hai2="3,5,9,11,15,19,38,43,46,52,59,97,99" hai3="4,6,18,21,24,53,56" /><INIT seed="1,2,1,5,2,120" ten="293,235,255,207" oya="1" hai0="119,8,91,40,44,118,35,19,125,31,36,70,84" hai1="13,38,113,100,81,122,67,96,57,66,3,64,130" hai2="99,133,90,39,111,80,110,26,41,68,47,62,59" hai3="2,78,25,116,10,54,49,52,117,60,48,83,102"/><U75/><E3/><V103/><F68/><W6/><G102/><T24/><D70/><U104/><E38/><V93/><F26/><W63/><G25/><T132/><D132/><U22/><E122/><V16/><F133/><W18/><G18/><T85/><D85/><U128/><E113/><V123/><F123/><W0/><G2/><T124/><D19/><N who="1" m="10607" /><E75/><V134/><F134/><W108/><G49/><T4/><D91/><U1/><E1/><V72/><F16/><W129/><G54/><T101/><D101/><U87/><E57/><V92/><F80/><W98/><G98/><T30/><D30/><U7/><E7/><V12/><F12/><W82/><G82/><T53/><D84/><U106/><E106/><V5/><F72/><W28/><G28/><T42/><D42/><U32/><E32/><V61/><F5/><W86/><G129/><N who="1" m="49770" /><E66/><V114/><F114/><W79/><G79/><AGARI ba="2,1" hai="64,67,79,81,87,96,100,104" m="49770,10607" machi="79" ten="30,1500,0" yaku="19,1" doraHai="120" who="1" fromWho="3" sc="293,0,235,31,255,0,207,-21" /><INIT seed="1,3,0,1,2,52" ten="293,266,255,186" oya="1" hai0="47,69,21,49,31,124,129,35,76,90,25,105,7" hai1="6,120,95,101,103,73,125,110,10,27,54,36,39" hai2="135,114,30,93,51,55,115,43,14,22,38,131,72" hai3="44,57,121,113,74,104,117,127,4,122,12,83,64"/><U98/><E73/><V15/><F72/><W81/><G104/><T100/><D69/><U87/><E120/><V107/><F107/><W46/><G113/><N who="2" m="43017" /><F135/><W89/><G127/><T17/><D124/><U71/><E71/><V118/><F131/><W16/><G117/><T32/><D129/><U92/><E110/><V29/><F38/><W94/><G4/><T24/><D35/><U26/><E36/><V34/><F43/><W1/><G1/><T99/><D7/><U48/><E39/><V2/><F2/><W65/><G74/><T8/><D8/><U40/><E40/><V111/><F111/><W77/><G77/><T80/><D90/><N who="1" m="53343" /><E103/><V68/><F68/><W134/><G134/><T20/><D32/><U85/><E85/><V37/><F37/><W58/><G94/><T88/><D76/><U96/><E96/><V132/><F132/><W63/><G89/><T75/><D75/><U13/><E125/><V41/><F41/><W126/><G126/><T109/><D109/><U123/><E123/><V33/><F93/><W0/><G0/><T84/><D49/><U97/><E97/><V19/><F118/><W23/><G121/><T53/><D53/><U61/><E61/><V50/><F50/><W9/><G122/><T82/><D47/><AGARI ba="3,0" hai="6,10,13,26,27,47,48,54,95,98,101" m="53343" machi="47" ten="30,1500,0" yaku="8,1" doraHai="52" who="1" fromWho="0" sc="293,-24,266,24,255,0,186,0" /><INIT seed="1,4,0,2,0,128" ten="269,290,255,186" oya="1" hai0="116,22,27,30,68,69,2,6,87,28,13,99,35" hai1="111,18,103,61,31,100,23,25,55,67,86,46,56" hai2="16,76,8,50,40,92,114,85,45,3,115,32,21" hai3="17,78,49,64,79,109,9,121,74,57,44,120,93"/><U12/><E111/><V84/><F32/><W91/><G109/><T34/><D116/><U129/><E129/><V131/><F131/><W110/><G110/><T75/><D75/><U43/><E67/><V58/><F3/><W37/><G37/><T118/><D118/><U24/><E86/><V80/><F8/><W105/><G105/><T113/><D113/><U70/><E70/><V123/><F123/><W33/><G33/><T59/><D99/><U15/><E15/><V73/><F58/><W47/><G74/><T104/><D104/><U81/><E81/><V126/><F126/><W135/><G47/><T65/><D87/><U108/><E108/><V5/><F5/><W29/><G44/><T72/><D72/><U60/><E60/><V82/><F92/><W26/><G57/><T107/><D107/><U11/><REACH who="1" step="1"/><E24/><REACH who="1" ten="269,280,255,186" step="2"/><V95/><F115/><W53/><G26/><T19/><D65/><U62/><E62/><V88/><F114/><W77/><G64/><T125/><D69/><U1/><E1/><V127/><F127/><W106/><G121/><T112/><D68/><U4/><E4/><V101/><F82/><W98/><G120/><T97/><D125/><U122/><E122/><V10/><F73/><W132/><G78/><T63/><D112/><U41/><E41/><V42/><F42/><W83/><G79/><T7/><D7/><U39/><AGARI ba="4,1" hai="11,12,18,23,25,31,39,43,46,55,56,61,100,103" machi="39" ten="20,3900,0" yaku="1,1,0,1,7,1,53,0" doraHai="128" doraHaiUra="130" who="1" fromWho="1" sc="269,-17,280,61,255,-17,186,-17" /><INIT seed="1,5,0,5,4,12" ten="252,341,238,169" oya="1" hai0="95,133,114,23,55,35,6,43,36,30,106,27,86" hai1="111,19,120,53,94,85,64,11,20,67,90,54,3" hai2="33,26,103,126,49,124,92,96,112,63,132,107,118" hai3="66,48,71,39,115,37,101,59,42,128,81,21,119"/><U102/><E120/><V127/><F118/><W31/><G115/><T52/><D114/><U40/><E40/><V15/><F112/><W17/><G119/><T56/><D106/><U73/><E73/><V14/><F132/><W25/><G128/><T77/><D133/><U109/><E102/><V88/><F49/><W10/><G101/><T18/><D6/><U87/><E3/><V123/><F123/><W108/><G108/><N who="1" m="41546" /><E11/><V13/><F63/><W9/><G39/><T7/><D7/><U51/><E85/><V29/><REACH who="2" step="1"/><F13/><REACH who="2" ten="252,341,228,169" step="2"/><W91/><G37/><T97/><D36/><U58/><E53/><V28/><F28/><W122/><G31/><T2/><D55/><U47/><E47/><V4/><F4/><W125/><G122/><T105/><D2/><U131/><E131/><V62/><F62/><W0/><G0/><T79/><D43/><U22/><E22/><V8/><F8/><W24/><G21/><T121/><D121/><U113/><E113/><V98/><AGARI ba="5,1" hai="14,15,26,29,33,88,92,96,98,103,107,124,126,127" machi="98" ten="40,8000,1" yaku="1,1,0,1,18,1,54,1,53,0" doraHai="12" doraHaiUra="78" who="2" fromWho="2" sc="252,-25,341,-45,228,105,169,-25" /><INIT seed="2,0,0,4,4,79" ten="227,296,333,144" oya="2" hai0="92,67,111,13,110,5,63,14,65,52,71,18,57" hai1="78,101,2,70,43,74,35,133,54,37,132,56,34" hai2="39,102,59,27,62,38,44,95,16,124,90,21,80" hai3="10,46,41,82,53,113,32,66,55,135,117,126,100"/><V75/><F124/><W15/><G117/><T4/><D92/><U106/><E54/><V107/><F44/><W121/><G121/><T108/><D14/><U31/><E56/><V48/><F48/><W1/><G32/><T85/><D85/><U33/><E31/><V118/><F118/><W69/><G1/><T81/><D81/><N who="1" m="45271" /><E2/><V24/><F107/><W115/><G100/><T28/><D28/><U3/><E3/><V116/><F102/><W104/><G104/><T30/><D30/><U25/><E25/><V91/><F116/><W122/><G122/><T83/><D83/><U12/><E12/><V23/><F75/><W49/><G126/><T20/><REACH who="0" step="1"/><D67/><REACH who="0" ten="217,296,333,144" step="2"/><U42/><E34/><V130/><F80/><W51/><G82/><T89/><D89/><U64/><E64/><V98/><F90/><W129/><G66/><T93/><D93/><U50/><E33/><V47/><F47/><W22/><G46/><T99/><D99/><U11/><E35/><V120/><F120/><W97/><G97/><T103/><D103/><U58/><E101/><V6/><F6/><W45/><G45/><T77/><D77/><U19/><E19/><V60/><F23/><W72/><G22/><T8/><D8/><U40/><E11/><V119/><F27/><W105/><G10/><T96/><D96/><U76/><E76/><V128/><F119/><W26/><G26/><T29/><D29/><U73/><E73/><V17/><F17/><W123/><G72/><T7/><D7/><U61/><E106/><V84/><F98/><W88/><G105/><T9/><D9/><RYUUKYOKU ba="0,1" sc="217,30,296,-10,333,-10,144,-10" hai0="4,5,13,18,20,52,57,63,65,71,108,110,111" /><INIT seed="3,1,1,2,1,66" ten="247,286,323,134" oya="3" hai0="41,75,98,36,29,13,19,51,97,45,25,10,110" hai1="2,11,112,49,69,53,115,62,8,87,12,124,130" hai2="47,96,21,39,27,132,7,129,72,103,58,118,94" hai3="18,43,0,101,78,68,80,120,60,102,89,61,86"/><W79/><G120/><T108/><D75/><U106/><E106/><V17/><F118/><W33/><G0/><T99/><REACH who="0" step="1"/><D36/><REACH who="0" ten="237,286,323,134" step="2"/><U131/><E112/><V31/><F72/><W91/><G33/><AGARI ba="1,2" hai="10,13,19,25,29,33,41,45,51,97,98,99,108,110" machi="33" ten="40,2600,0" yaku="1,1,2,1,53,0" doraHai="66" doraHaiUra="77" who="0" fromWho="3" sc="237,49,286,0,323,0,134,-29" /><INIT seed="4,0,0,3,0,116" ten="286,286,323,105" oya="0" hai0="37,103,88,61,76,24,12,94,59,98,14,126,33" hai1="1,13,42,11,66,8,54,134,99,109,63,127,87" hai2="91,4,84,47,93,96,83,130,23,40,131,2,107" hai3="3,31,135,25,104,119,86,48,73,97,5,106,49"/><T125/><D37/><U70/><E109/><V105/><F2/><W16/><G73/><T115/><D76/><U45/><E1/><V133/><F4/><W29/><G119/><T50/><D50/><U56/><E134/><V81/><F23/><W0/><G135/><T26/><D115/><U64/><E127/><N who="0" m="48649" /><D103/><U60/><E99/><V41/><F133/><W113/><G5/><T85/><D98/><U114/><E114/><V57/><F57/><W71/><G97/><T72/><D72/><U121/><E64/><V129/><F41/><W44/><G113/><T52/><D24/><U69/><E69/><V38/><REACH who="2" step="1"/><F83/><REACH who="2" ten="286,286,313,105" step="2"/><W28/><G71/><T101/><D101/><AGARI ba="0,1" hai="38,40,47,81,84,91,93,96,101,105,107,129,130,131" machi="101" ten="40,8000,1" yaku="1,1,2,1,19,1,53,2" doraHai="116" doraHaiUra="102" who="2" fromWho="0" sc="286,-80,286,0,313,90,105,0" /><INIT seed="5,0,0,0,3,26" ten="206,286,403,105" oya="1" hai0="23,102,11,21,4,86,78,6,38,95,18,103,28" hai1="85,81,135,22,62,131,43,105,34,121,84,36,44" hai2="56,116,74,60,75,71,12,19,134,99,100,106,125" hai3="110,61,123,76,37,49,57,130,87,129,89,20,29"/><U17/><E34/><V16/><F116/><W33/><G123/><T3/><D38/><U65/><E121/><V108/><F108/><W2/><G110/><T63/><D4/><U64/><E105/><V109/><F109/><W118/><G37/><T119/><D119/><U101/><E101/><V58/><F134/><W59/><G2/><T1/><D1/><U92/><E135/><V79/><F125/><W10/><G33/><T120/><D23/><U88/><E131/><N who="3" m="50186" /><G10/><T97/><D120/><U55/><E55/><V50/><F71/><W14/><G76/><T82/><D63/><U98/><E81/><V68/><F68/><W53/><G118/><T45/><D45/><U47/><E47/><V113/><F113/><W93/><G14/><T39/><D39/><U128/><E128/><V114/><F114/><W133/><G133/><T112/><D112/><U67/><REACH who="1" step="1"/><E62/><REACH who="1" ten="206,276,403,105" step="2"/><V15/><F60/><W52/><G20/><T73/><D103/><U72/><E72/><V27/><F75/><W70/><G70/><T46/><D46/><U35/><E35/><V117/><F74/><W94/><G93/><T40/><D73/><U5/><E5/><V51/><F117/><W111/><G111/><T115/><D115/><U54/><E54/><V96/><F106/><W77/><G77/><T80/><D80/><U30/><E30/><AGARI ba="0,1" hai="29,30,49,52,53,57,59,61,87,89,94" m="50186" machi="30" ten="30,7700,0" yaku="19,1,52,2,54,1" doraHai="26" who="3" fromWho="1" sc="206,0,276,-77,403,0,105,87" /><INIT seed="6,0,0,1,0,35" ten="206,199,403,192" oya="2" hai0="30,42,31,101,37,73,21,93,94,63,122,26,6" hai1="27,46,134,57,97,102,81,92,18,95,9,128,131" hai2="40,1,129,67,88,70,125,130,104,66,108,77,75" hai3="33,49,89,34,54,126,47,80,71,87,69,90,15"/><V99/><F40/><W84/><G126/><T59/><D122/><U22/><E134/><V10/><F125/><W76/><G33/><T51/><D73/><U16/><E81/><N who="2" m="45247" /><F104/><W4/><G34/><T106/><D37/><U23/><E46/><V56/><F56/><W91/><G84/><T109/><D109/><U111/><E111/><V119/><F119/><W28/><G28/><T133/><D6/><U14/><E57/><V61/><F108/><W105/><REACH who="3" step="1"/><G105/><REACH who="3" ten="206,199,403,182" step="2"/><T7/><D31/><U96/><REACH who="1" step="1"/><E23/><REACH who="1" ten="206,189,403,182" step="2"/><V25/><F130/><W58/><G58/><T62/><D59/><U20/><E20/><V124/><F129/><W107/><G107/><T48/><D106/><U123/><E123/><V2/><F124/><W68/><G68/><T114/><D21/><U113/><E113/><V19/><F70/><W118/><G118/><T39/><D114/><U43/><E43/><V120/><F120/><W55/><G55/><T50/><D42/><U103/><AGARI ba="0,2" hai="9,14,16,18,22,27,92,95,96,97,102,103,128,131" machi="103" ten="30,7900,0" yaku="1,1,0,1,9,1,54,1,53,0" doraHai="35" doraHaiUra="85" who="1" fromWho="1" sc="206,-20,189,99,403,-39,182,-20" /><INIT seed="7,0,0,4,1,29" ten="186,288,364,162" oya="3" hai0="49,53,79,15,28,43,22,35,72,74,68,26,56" hai1="25,48,92,66,50,21,55,42,132,95,94,78,38" hai2="24,59,88,73,134,84,123,69,100,86,125,127,67" hai3="126,83,31,99,20,87,135,2,32,58,14,124,16"/><W82/><G135/><T6/><D68/><U7/><E38/><V130/><F69/><W10/><G99/><T91/><D79/><U117/><E132/><V85/><F134/><W52/><G2/><T44/><D91/><U40/><E66/><V18/><F130/><W63/><G10/><T109/><D109/><U112/><E112/><V81/><F100/><W122/><G122/><T57/><D57/><U12/><E78/><N who="2" m="44239" /><F67/><W108/><G108/><T96/><D96/><U5/><E117/><V107/><F59/><W30/><G83/><T129/><D129/><U80/><E80/><V47/><F47/><W102/><G102/><T118/><D118/><U51/><E55/><V1/><F1/><W11/><G11/><T106/><D106/><U37/><E37/><V19/><F107/><W103/><G103/><T46/><D46/><U45/><E12/><V90/><F24/><W39/><G39/><T4/><D4/><U75/><E75/><V54/><F54/><W110/><G110/><T116/><D116/><U131/><E131/><V111/><F111/><W76/><REACH who="3" step="1"/><G32/><REACH who="3" ten="186,288,364,152" step="2"/><T33/><D33/><U64/><E94/><V0/><F0/><W61/><G61/><T23/><D35/><U104/><E92/><V121/><F90/><W128/><G128/><T97/><D97/><U120/><E95/><V89/><F89/><W101/><G101/><T65/><D6/><U3/><E5/><V62/><F62/><W70/><G70/><T119/><D119/><U41/><E7/><V98/><F98/><W34/><G34/><T71/><D71/><U115/><E3/><RYUUKYOKU ba="0,1" sc="186,-10,288,-10,364,-10,152,30" hai3="14,16,20,30,31,52,58,63,76,82,87,124,126" /><INIT seed="7,1,1,0,5,48" ten="176,278,354,182" oya="3" hai0="123,32,46,111,99,66,37,62,130,14,65,117,116" hai1="58,16,124,67,4,60,44,85,18,102,27,135,72" hai2="35,54,2,128,109,9,6,10,121,101,33,13,100" hai3="20,52,120,83,40,84,73,31,29,95,7,42,34"/><W105/><G120/><T45/><D32/><U11/><E72/><V41/><F109/><W59/><G105/><T110/><D14/><U112/><E112/><V19/><F41/><N who="3" m="15979" /><G34/><T131/><D99/><U89/><E135/><V5/><F128/><N who="0" m="49194" /><D123/><U56/><E44/><N who="0" m="17001" /><D37/><U17/><E102/><V22/><F121/><W134/><G134/><T127/><D127/><U3/><E124/><V98/><F101/><W63/><G73/><T81/><D81/><U97/><E97/><V43/><F43/><W53/><G7/><T122/><D122/><U8/><E8/><V93/><F6/><W38/><G38/><T126/><D126/><U76/><E76/><V79/><F79/><N who="3" m="46207" /><G95/><T103/><D103/><U49/><E27/><V64/><F33/><W94/><G94/><T78/><D78/><U96/><E3/><V39/><F35/><W132/><G132/><T87/><D87/><U113/><E4/><V21/><F39/><W1/><G1/><T106/><D106/><U88/><E85/><V125/><F125/><W51/><G20/><T133/><D133/><U0/><E0/><V108/><F22/><W77/><G77/><T61/><D61/><U86/><E86/><V107/><F21/><W129/><G129/><T90/><D90/><U26/><E89/><V28/><F107/><W82/><G82/><T47/><N who="0" m="17009" /><AGARI ba="1,1" hai="29,31,47,51,52,53,59,63" m="46207,15979" machi="47" ten="30,12000,1" yaku="3,1,8,1,52,2,54,1" doraHai="48" who="3" fromWho="0" sc="176,-123,278,0,354,0,182,133" /><INIT seed="7,2,0,4,5,120" ten="53,278,354,315" oya="3" hai0="56,44,109,5,95,105,4,108,102,18,81,42,36" hai1="115,79,55,2,37,60,75,30,41,57,8,106,59" hai2="90,22,24,80,113,130,76,116,43,67,97,50,123" hai3="9,96,85,21,58,15,26,83,114,110,99,133,86"/><W98/><G133/><T49/><D105/><U63/><E106/><V39/><F116/><W62/><G114/><T118/><D118/><U74/><E115/><V52/><F113/><W117/><G117/><T89/><D102/><U93/><E30/><V126/><F126/><W12/><G110/><T101/><D101/><U14/><E2/><V47/><F130/><W11/><G12/><T19/><D81/><U7/><E79/><V1/><F1/><W6/><G11/><T132/><D132/><U88/><E41/><V17/><F123/><W124/><G83/><T100/><D100/><U48/><E37/><V104/><F67/><N who="3" m="39383" /><G124/><T53/><D19/><AGARI ba="2,0" hai="6,9,15,19,21,26,85,86,96,98,99" m="39383" machi="19" ten="30,1500,0" yaku="8,1" doraHai="120" who="3" fromWho="0" sc="53,-21,278,0,354,0,315,21" /><INIT seed="7,3,0,4,2,6" ten="32,278,354,336" oya="3" hai0="66,84,20,83,77,131,89,12,82,34,2,3,106" hai1="50,33,111,32,1,11,121,110,8,63,47,58,96" hai2="114,119,130,92,24,45,72,67,120,27,59,0,101" hai3="87,55,97,43,128,118,28,35,21,4,102,132,127"/><W100/><G118/><T29/><D106/><U112/><E121/><V80/><F119/><W15/><G127/><T74/><D131/><U17/><E1/><V61/><F0/><W73/><G73/><T124/><D124/><U25/><E112/><V113/><F45/><W103/><G128/><T19/><D66/><U115/><E115/><N who="2" m="44043" /><F130/><W69/><G69/><T46/><D34/><U104/><E33/><V51/><F51/><W31/><G35/><T37/><D29/><N who="3" m="11337" /><G43/><T54/><D37/><U16/><E110/><V133/><F120/><W81/><G132/><T85/><D74/><U57/><E32/><V56/><F133/><W39/><G39/><T76/><D89/><U13/><E104/><V123/><F123/><W65/><G55/><T64/><D64/><U49/><E96/><N who="2" m="59527" /><F59/><N who="1" m="22537" /><E111/><V108/><F108/><W90/><G65/><T126/><D126/><U79/><E63/><V134/><F134/><W86/><G86/><T22/><D2/><U99/><E99/><V26/><F72/><W109/><G109/><T52/><D3/><U122/><E122/><V78/><F78/><W40/><G40/><T41/><D41/><N who="1" m="24815" /><E79/><V116/><F116/><W38/><G38/><T5/><D5/><U105/><E105/><V53/><F67/><W18/><G97/><T30/><D46/><U93/><E50/><V62/><F61/><W9/><G103/><T91/><D91/><U71/><E71/><V135/><F135/><W36/><G36/><T10/><REACH who="0" step="1"/><D30/><REACH who="0" ten="22,278,354,336" step="2"/><U98/><E17/><V7/><F7/><W95/><G95/><T88/><D88/><N who="1" m="55591" /><E25/><AGARI ba="3,1" hai="4,9,15,18,21,25,81,87,90,100,102" m="11337" machi="25" ten="30,2900,0" yaku="8,1,52,1" doraHai="6" who="3" fromWho="1" sc="22,0,278,-38,354,0,336,48" owari="22,-48.0,240,-16.0,354,15.0,384,49.0" /></mjloggm>