<mjloggm ver="2.3"><GO type="185" lobby="0"/><UN n0="%E3%83%B4%E3%82%A3%E3%83%AF%E3%82%B3%E3%82%B0%E3%83%8B" n1="%E6%B0%B7%E3%81%AE%4B" n2="%68%69%72%6F%6E%6E%32%30" n3="" dan="18,16,17,0" rate="2316.53,2129.76,2224.00,1500.00" sx="M,M,M,C"/><TAIKYOKU oya="0"/><INIT seed="0,0,0,3,1,61" ten="350,350,350,0" oya="0" hai0="39,100,127,62,80,85,84,45,66,60,76,113,132" hai1="52,116,98,65,33,95,91,40,38,41,126,34,104" hai2="69,119,108,101,68,70,32,121,105,74,93,89,51" hai3=""/><T47/><D127/><U97/><E126/><V71/><N who="2" m="31008" /><V83/><F32/><T112/><D132/><U129/><E116/><V59/><F108/><T114/><D100/><U131/><E65/><V3/><F3/><T48/><D39/><U123/><N who="1" m="31520" /><U2/><E2/><V109/><F109/><T57/><D48/><U111/><E111/><V135/><F135/><T54/><REACH who="0" step="1"/><D84/><REACH who="0" ten="340,350,350,0" step="2"/><U133/><E133/><V106/><F119/><T110/><D110/><U78/><E38/><V53/><F74/><T1/><D1/><U125/><E125/><V55/><F71/><AGARI ba="0,1" hai="45,47,54,57,60,62,66,71,76,80,85,112,113,114" machi="71" ten="40,7700,0" yaku="1,1,52,1,53,1" doraHai="61" doraHaiUra="64" who="0" fromWho="2" sc="340,87,350,0,350,-77,0,0" /><INIT seed="0,1,0,4,1,109" ten="427,350,273,0" oya="0" hai0="59,70,48,0,99,41,132,134,119,89,90,77,121" hai1="127,120,39,130,49,34,88,44,58,133,93,111,32" hai2="92,85,35,112,125,40,80,91,75,73,113,103,54" hai3=""/><T45/><N who="0" m="31008" /><T76/><D70/><U114/><N who="1" m="30752" /><U43/><E111/><V131/><F35/><T107/><D119/><U61/><E133/><N who="0" m="51305" /><D0/><U68/><E130/><V101/><F131/><T96/><D59/><U122/><N who="1" m="31264" /><U62/><E127/><V3/><F40/><T52/><D41/><U53/><E114/><N who="2" m="44139" /><F54/><T50/><D50/><U100/><E100/><N who="2" m="38475" /><F125/><T2/><D2/><U95/><E95/><V46/><F46/><T1/><D1/><U38/><E38/><V82/><F3/><T86/><D90/><U87/><E62/><V74/><AGARI ba="1,0" hai="73,74,75,80,82,85,91,92" m="38475,44139" machi="74" ten="40,6000,1" yaku="34,2,52,3" doraHai="109" who="2" fromWho="2" sc="427,-41,350,-21,273,62,0,0" /><INIT seed="1,0,0,2,2,125" ten="386,329,335,0" oya="1" hai0="72,92,116,34,129,110,69,95,70,50,97,107,64" hai1="117,47,90,55,35,40,99,112,133,82,37,2,122" hai2="87,105,83,56,73,132,79,134,48,88,98,32,74" hai3=""/><U59/><E2/><V103/><F32/><T77/><D34/><U96/><N who="1" m="31264" /><U71/><E35/><V80/><F48/><T113/><D113/><U109/><E112/><V51/><F51/><T33/><D116/><U39/><E117/><V131/><F56/><T85/><D72/><U3/><E3/><V44/><F44/><T43/><D64/><U54/><E133/><N who="2" m="51307" /><F73/><T53/><D43/><U76/><E109/><V81/><F81/><T89/><D50/><U128/><E71/><V67/><F67/><T52/><D110/><U65/><E37/><V60/><F60/><T36/><D36/><U58/><E65/><V100/><F100/><T45/><D33/><U114/><E114/><V119/><F119/><T66/><D66/><U38/><E47/><V42/><F42/><T126/><D45/><U46/><E46/><V91/><F91/><T1/><D89/><U57/><E40/><V49/><F49/><T102/><D69/><U0/><E0/><V118/><F118/><T130/><D70/><U104/><E59/><V61/><F61/><T68/><D68/><U41/><E41/><V124/><F124/><T78/><D126/><U84/><E90/><V115/><F115/><T135/><D1/><U106/><E38/><RYUUKYOKU ba="0,0" sc="386,-10,329,-10,335,20,0,0" hai2="74,79,80,83,87,88,98,103,105,131" /><INIT seed="2,1,0,4,1,99" ten="376,319,355,0" oya="2" hai0="47,92,132,48,52,119,129,70,73,105,133,66,126" hai1="104,74,54,102,85,95,1,61,37,42,121,130,124" hai2="82,103,81,63,77,106,35,135,3,110,88,128,64" hai3=""/><V84/><F3/><T44/><D105/><U111/><N who="1" m="31008" /><U91/><E1/><V90/><F35/><T71/><D73/><U53/><E130/><V98/><F128/><T36/><D129/><U32/><E32/><V109/><F135/><N who="0" m="51786" /><D92/><U79/><E124/><V57/><REACH who="2" step="1"/><F81/><REACH who="2" ten="376,319,345,0" step="2"/><T41/><D126/><U86/><E111/><AGARI ba="1,1" hai="57,63,64,77,82,84,88,90,98,103,106,109,110,111" machi="111" ten="40,18000,2" yaku="1,1,2,1,14,1,10,1,52,1,54,1,53,0" doraHai="99" doraHaiUra="116" who="2" fromWho="1" sc="376,0,319,-182,345,192,0,0" /><INIT seed="2,2,0,1,5,110" ten="376,137,537,0" oya="2" hai0="122,133,126,134,135,63,39,125,78,87,36,42,79" hai1="114,102,59,116,67,70,99,53,77,76,71,54,119" hai2="127,91,92,45,69,2,112,61,38,46,131,130,65" hai3=""/><V41/><F2/><T95/><N who="0" m="31264" /><T111/><D111/><U86/><E114/><V93/><F93/><T35/><D35/><U66/><E86/><V89/><F127/><N who="0" m="48650" /><D63/><U40/><E40/><V48/><F92/><T75/><D42/><U50/><E99/><V64/><F112/><T1/><D1/><U82/><E102/><V55/><REACH who="2" step="1"/><F65/><REACH who="2" ten="376,137,527,0" step="2"/><T74/><D95/><U49/><E82/><V107/><F107/><T58/><D87/><U0/><E0/><V57/><F57/><AGARI ba="2,1" hai="49,50,53,54,57,59,66,67,70,71,76,77,116,119" machi="57" ten="25,1600,0" yaku="22,2" doraHai="110" who="1" fromWho="2" sc="376,0,137,30,527,-20,0,0" /><INIT seed="4,0,0,1,3,120" ten="376,167,507,0" oya="0" hai0="52,89,134,55,83,1,58,68,97,87,75,135,115" hai1="88,121,93,67,113,78,124,95,59,38,61,47,131" hai2="106,118,127,41,64,119,45,54,32,79,65,107,92" hai3=""/><T94/><D68/><U66/><E131/><V116/><F32/><T71/><D71/><U109/><N who="1" m="31008" /><U82/><E113/><V39/><F127/><T40/><D1/><U35/><E35/><V112/><F112/><T103/><D115/><U130/><E130/><V126/><F126/><T133/><D40/><U122/><N who="1" m="31264" /><U102/><E124/><V104/><F79/><T60/><REACH who="0" step="1"/><D75/><REACH who="0" ten="366,167,507,0" step="2"/><U73/><E73/><V99/><F54/><AGARI ba="0,1" hai="52,54,55,58,60,83,87,89,94,97,103,133,134,135" machi="54" ten="40,12000,1" yaku="1,1,2,1,20,1,54,1,53,0" doraHai="120" doraHaiUra="37" who="0" fromWho="2" sc="366,130,167,0,507,-120,0,0" /><INIT seed="4,1,0,2,1,77" ten="496,167,387,0" oya="0" hai0="79,49,122,85,109,61,120,71,51,59,95,65,125" hai1="41,73,38,119,102,32,130,96,34,35,129,57,67" hai2="93,107,90,43,81,1,108,100,46,112,87,0,69" hai3=""/><T50/><N who="0" m="30752" /><T131/><N who="0" m="31264" /><T103/><D125/><U101/><E73/><V33/><F108/><T53/><D131/><N who="1" m="50187" /><E119/><V123/><N who="2" m="31520" /><V94/><F69/><T115/><D115/><U36/><E41/><V110/><F110/><T39/><D109/><U114/><E114/><V99/><F33/><T98/><D39/><N who="1" m="14891" /><E96/><V83/><F112/><T121/><N who="0" m="31008" /><T64/><REACH who="0" step="1"/><D71/><REACH who="0" ten="486,167,387,0" step="2"/><U124/><E124/><V92/><F0/><T3/><D3/><U91/><E35/><V42/><F1/><T89/><D89/><U117/><E91/><V55/><F90/><T126/><D126/><U66/><E32/><V127/><F127/><T75/><D75/><U106/><E34/><V76/><F87/><T72/><D72/><U68/><E68/><V70/><F70/><T113/><D113/><U40/><E117/><V84/><F84/><T54/><D54/><U80/><E67/><V2/><F2/><T63/><D63/><U74/><E66/><V135/><F42/><T88/><D88/><U134/><E40/><V58/><F76/><T111/><D111/><U118/><E118/><V48/><REACH who="2" step="1"/><F135/><REACH who="2" ten="486,167,377,0" step="2"/><T47/><D47/><U78/><E134/><V37/><AGARI ba="1,2" hai="37,43,46,48,55,58,81,83,92,93,94,99,100,107" m="31520" machi="37" ten="30,9000,2" yaku="1,1,2,1,0,1,52,3,53,0" doraHai="77" doraHaiUra="82" who="2" fromWho="2" sc="486,-61,167,-31,377,112,0,0" /><INIT seed="5,0,0,4,3,64" ten="425,136,489,0" oya="1" hai0="60,76,131,87,122,68,117,49,84,71,135,129,132" hai1="0,91,103,107,100,92,38,55,2,85,110,104,1" hai2="88,46,119,57,47,53,101,36,37,115,89,35,133" hai3=""/><U48/><E38/><V73/><F119/><T70/><N who="0" m="31264" /><T90/><D117/><U93/><E110/><V40/><F73/><T134/><D60/><U72/><E72/><V125/><F133/><T62/><D62/><U77/><E77/><V75/><F75/><T83/><REACH who="0" step="1"/><D49/><REACH who="0" ten="415,136,489,0" step="2"/><U56/><REACH who="1" step="1"/><E93/><AGARI ba="0,1" hai="68,70,71,76,83,84,87,90,93,129,131,132,134,135" m="31264" machi="93" ten="50,12000,2" yaku="1,1,2,1,20,1,52,4,53,0" doraHai="64" doraHaiUra="98" who="0" fromWho="1" sc="415,130,136,-120,489,0,0,0" /><INIT seed="6,0,0,5,0,47" ten="545,16,489,0" oya="2" hai0="104,64,134,52,97,98,111,46,1,50,84,45,68" hai1="93,54,95,105,37,109,86,117,55,82,88,2,90" hai2="133,63,130,112,33,79,83,70,80,115,91,41,65" hai3=""/><V122/><N who="2" m="31264" /><V35/><F133/><T89/><D111/><U94/><E2/><V100/><F100/><T107/><D1/><U48/><E37/><V108/><F108/><T114/><D134/><U62/><E117/><V118/><F118/><T77/><D77/><U38/><E109/><V0/><F0/><T34/><D34/><N who="2" m="12810" /><F41/><T110/><D110/><U87/><E38/><V126/><F91/><T75/><D75/><U74/><E62/><V106/><F83/><T49/><D64/><U78/><E48/><V76/><F76/><T32/><D68/><U59/><E54/><V101/><F130/><T44/><D32/><U69/><E55/><V51/><F51/><T58/><D49/><U85/><E59/><V120/><N who="2" m="30752" /><V36/><F36/><T125/><D104/><U53/><E53/><V121/><N who="2" m="31008" /><V119/><F119/><T123/><N who="0" m="31520" /><T72/><D107/><U81/><E69/><V96/><F126/><T99/><D125/><U131/><E131/><V124/><F124/><T67/><D72/><AGARI ba="0,0" hai="63,65,70,72,79,80,96,101,106,112,115" m="31008,30752,12810,31264" machi="72" ten="30,11600,0" yaku="23,1,52,3" doraHai="47" who="2" fromWho="0" sc="545,-116,16,0,489,116,0,0" owari="429,3.0,16,-58.0,605,55.0,0,0.0" /></mjloggm>