<mjloggm ver="2.3"><GO type="169" lobby="0"/><UN n0="%74%6F%6D%75%74%6F%6D%69" n1="%E9%89%84%E7%A8%9A%E9%AD%9A%E3%82%AB%E3%83%A2%E9%A4%8A%E5%88%86" n2="%E3%82%82%E3%83%BC%E3%82%8A%E3%83%BC" n3="%E3%83%A1%E3%82%AB%E3%82%BC%E3%83%83%E3%83%88%E3%83%B3" dan="16,18,16,16" rate="2088.58,2193.88,2157.25,2133.79" sx="M,F,M,M"/><TAIKYOKU oya="0"/><INIT seed="0,0,0,5,0,125" ten="250,250,250,250" oya="0" hai0="3,63,103,55,52,132,80,81,89,110,31,79,100" hai1="26,116,101,41,27,74,45,118,61,92,7,25,78" hai2="75,17,67,99,54,113,12,129,106,40,71,117,36" hai3="32,57,23,97,49,14,114,122,59,95,73,51,8"/><T130/><D3/><U44/><E7/><V90/><F113/><W94/><G73/><T72/><D31/><U24/><E74/><V127/><F75/><W124/><G122/><T88/><D132/><U64/><E78/><V19/><F19/><W56/><G32/><T76/><D72/><U131/><E27/><V16/><F17/><W5/><G124/><T21/><D110/><U107/><E107/><V104/><F54/><W4/><G114/><T126/><D21/><U35/><E35/><V1/><F1/><W85/><G5/><T42/><D42/><U86/><E45/><V58/><F71/><W29/><G85/><T65/><D65/><U60/><E60/><V48/><F36/><W83/><G83/><T109/><D109/><U33/><E33/><V91/><F106/><W98/><G94/><T6/><D6/><U9/><E9/><V82/><F117/><W15/><G15/><T66/><D66/><U123/><E123/><V112/><F112/><W105/><G105/><T111/><D111/><U62/><E62/><V133/><F133/><W120/><G120/><T20/><D20/><U84/><E118/><V30/><F104/><W70/><G70/><T0/><D0/><U38/><E116/><V11/><F11/><W47/><G95/><T77/><D77/><U135/><E135/><V108/><F108/><W87/><G87/><N who="1" m="33322" /><E92/><V28/><F82/><W96/><REACH who="3" step="1"/><G47/><REACH who="3" ten="250,250,250,240" step="2"/><T39/><D126/><U53/><E44/><V102/><F127/><W43/><G43/><T13/><D13/><U46/><E41/><V68/><F40/><W121/><G121/><RYUUKYOKU ba="0,1" sc="250,-10,250,-10,250,-10,240,30" hai3="4,8,14,23,29,49,51,56,57,59,96,97,98" /><INIT seed="1,1,1,4,0,94" ten="240,240,240,270" oya="1" hai0="88,40,89,38,28,47,10,83,117,84,93,116,101" hai1="122,3,21,121,71,35,44,6,62,41,54,86,49" hai2="27,78,42,90,70,111,46,22,105,63,107,127,50" hai3="102,52,87,26,113,29,66,14,16,33,100,61,56"/><U24/><E35/><V13/><F111/><W92/><G113/><T131/><D131/><U60/><E3/><V76/><F127/><W112/><G112/><T53/><D101/><U73/><E73/><V17/><F105/><W55/><G87/><T43/><D28/><U1/><E1/><V11/><F107/><W67/><G67/><T2/><D43/><U130/><E6/><V20/><F20/><W32/><G32/><T95/><D53/><U69/><E130/><V12/><F12/><W134/><G134/><T109/><D109/><U106/><E106/><V124/><F124/><W39/><G39/><T51/><D38/><U5/><E5/><V120/><F120/><W45/><G45/><T74/><D10/><U114/><E86/><V126/><F126/><W80/><G80/><T4/><D4/><U9/><E9/><V129/><F129/><W34/><G34/><T72/><D2/><U64/><E114/><V7/><F70/><W30/><G30/><T18/><D18/><U37/><E24/><V77/><F63/><W68/><G68/><T19/><D19/><U85/><E85/><V99/><F90/><W91/><G102/><T104/><D104/><U103/><E21/><V65/><F65/><W79/><G100/><T75/><D83/><U132/><E103/><V115/><F115/><W58/><G79/><T118/><D118/><U57/><E132/><V96/><AGARI ba="1,1" hai="7,11,13,17,22,27,42,46,50,76,77,78,96,99" machi="96" ten="30,7900,0" yaku="0,1,8,1,52,2" doraHai="94" who="2" fromWho="2" sc="240,-21,240,-40,240,92,270,-21" /><INIT seed="2,0,0,0,5,6" ten="219,200,332,249" oya="2" hai0="97,55,42,71,60,17,13,127,20,56,11,63,91" hai1="87,38,25,39,111,101,83,33,80,26,94,1,8" hai2="126,9,100,85,132,62,48,34,52,14,12,84,123" hai3="122,76,119,10,44,59,121,110,86,107,49,75,134"/><V114/><F123/><W88/><G107/><T125/><D42/><U68/><E68/><V61/><F114/><W22/><G110/><T72/><D72/><U120/><E111/><V124/><F34/><W50/><G119/><T29/><D29/><U99/><E120/><V81/><F100/><W45/><G59/><T7/><D63/><U128/><E128/><V67/><F132/><W79/><G134/><T3/><D71/><U131/><E131/><V54/><F12/><W96/><G96/><T93/><AGARI ba="0,0" hai="3,7,11,13,17,20,55,56,60,91,93,97,125,127" machi="93" ten="30,2000,0" yaku="0,1,52,1" doraHai="6" who="0" fromWho="0" sc="219,20,200,-5,332,-10,249,-5" /><INIT seed="3,0,0,4,1,84" ten="239,195,322,244" oya="3" hai0="50,83,36,16,88,14,109,51,30,73,117,12,127" hai1="44,108,2,95,107,37,87,33,24,65,26,119,111" hai2="35,11,101,63,34,114,81,15,132,121,39,130,1" hai3="70,106,57,49,79,9,91,104,113,97,55,128,25"/><W13/><G70/><T58/><D36/><U40/><E107/><V118/><F101/><W4/><G113/><T46/><D73/><U92/><E119/><V133/><F81/><W124/><G124/><T62/><D127/><U100/><E2/><V72/><F63/><W120/><G120/><T20/><D109/><U112/><E112/><V43/><F43/><W67/><G128/><T47/><D30/><U52/><E65/><V129/><F39/><W85/><G67/><T96/><D117/><U71/><E71/><V131/><F72/><W53/><G79/><T126/><D126/><U64/><E64/><V110/><F118/><W3/><G97/><T19/><D62/><U68/><E68/><V28/><F114/><W22/><G53/><N who="0" m="32055" /><D51/><N who="1" m="28775" /><E40/><V5/><F110/><N who="1" m="42025" /><E37/><V75/><F75/><W38/><G3/><T66/><D66/><U59/><E59/><V123/><F1/><W60/><G60/><T122/><D122/><N who="2" m="46602" /><F28/><W17/><REACH who="3" step="1"/><G38/><REACH who="3" ten="239,195,322,234" step="2"/><T18/><D96/><U29/><E100/><V56/><F56/><W21/><G21/><T77/><D77/><U69/><E69/><V27/><F27/><W116/><G116/><T105/><D20/><U94/><E24/><V10/><F10/><W86/><G86/><AGARI ba="0,1" hai="26,29,33,86,87,92,94,95" m="42025,28775" machi="86" ten="30,2000,0" yaku="14,1,54,1" doraHai="84" who="1" fromWho="3" sc="239,0,195,30,322,0,234,-20" /><INIT seed="4,0,0,1,1,61" ten="239,225,322,214" oya="0" hai0="28,134,63,111,20,99,79,94,85,132,25,117,126" hai1="70,22,87,74,84,113,45,100,54,78,51,65,38" hai2="2,127,124,33,107,62,64,12,23,43,122,10,32" hai3="6,106,81,29,93,1,53,95,91,44,108,73,88"/><T31/><D117/><U112/><E38/><V121/><F107/><W48/><G106/><T35/><D126/><N who="2" m="48170" /><F43/><W116/><G108/><T47/><D111/><U50/><E100/><V9/><F23/><W125/><G125/><T40/><D35/><N who="2" m="13386" /><F2/><W59/><G116/><T41/><D31/><U98/><E74/><V75/><F75/><W86/><G29/><T92/><D63/><N who="1" m="40255" /><E78/><V110/><F110/><W55/><G73/><T52/><D92/><U115/><E98/><V135/><F135/><N who="0" m="51754" /><D85/><U72/><E72/><V4/><F9/><W114/><G114/><T39/><D79/><U102/><E102/><V89/><F89/><W7/><G1/><T49/><D39/><U14/><E51/><V105/><F105/><W66/><G66/><T15/><D15/><U90/><E90/><AGARI ba="0,0" hai="20,25,28,40,41,47,49,52,90,94,99" m="51754" machi="90" ten="30,2900,0" yaku="20,1,54,1" doraHai="61" who="0" fromWho="1" sc="239,29,225,-29,322,0,214,0" /><INIT seed="4,1,0,0,5,6" ten="268,196,322,214" oya="0" hai0="8,129,97,37,118,71,94,27,77,61,134,87,76" hai1="52,38,126,90,110,104,114,15,53,16,80,123,32" hai2="7,28,60,24,65,58,79,20,99,75,48,13,4" hai3="133,2,113,107,89,49,22,9,69,54,135,35,115"/><T105/><D118/><U11/><E123/><V78/><F75/><W29/><G35/><T44/><D134/><N who="3" m="51209" /><G69/><T88/><D129/><U116/><E110/><V86/><F86/><W122/><G107/><T30/><D37/><U19/><E116/><V83/><F83/><W1/><G122/><T57/><D44/><U91/><E104/><V111/><F111/><W82/><G82/><T56/><D71/><U67/><E32/><V70/><F70/><W39/><G89/><N who="1" m="33802" /><E38/><V21/><F48/><W34/><G39/><T96/><D105/><U120/><E120/><V131/><F131/><W47/><G34/><T73/><D73/><U31/><E126/><V23/><F7/><N who="3" m="1263" /><G2/><T72/><D72/><U92/><E114/><N who="3" m="43530" /><G22/><N who="2" m="8809" /><F99/><W127/><G29/><T103/><D97/><U33/><E33/><V64/><F64/><W128/><G128/><T100/><D100/><U124/><E31/><V50/><F50/><W36/><G36/><T132/><D132/><U0/><E0/><V43/><F43/><W66/><G127/><T45/><D103/><U55/><E124/><V125/><F125/><W3/><G3/><T85/><D96/><U95/><E67/><AGARI ba="1,0" hai="47,49,54,66,67" m="43530,1263,51209" machi="67" ten="30,3900,0" yaku="20,1,15,1,52,1" doraHai="6" who="3" fromWho="1" sc="268,0,196,-42,322,0,214,42" /><INIT seed="5,0,0,5,1,126" ten="268,154,322,256" oya="1" hai0="16,97,127,77,65,129,83,36,85,56,39,91,11" hai1="50,74,78,64,116,18,38,2,101,72,51,124,9" hai2="106,55,37,80,114,92,17,43,34,54,22,81,30" hai3="3,130,98,23,100,4,104,58,12,117,49,13,53"/><U133/><E116/><V24/><F106/><W26/><G117/><T10/><D127/><U73/><E38/><V32/><F32/><W70/><G70/><T29/><D29/><U96/><E124/><V42/><F114/><W61/><G61/><N who="0" m="38055" /><D39/><U31/><E133/><V109/><F109/><W123/><G123/><T125/><D36/><U108/><E108/><V118/><F118/><W14/><G3/><T82/><D129/><U107/><E78/><V0/><F0/><W41/><G130/><T113/><D113/><U27/><E64/><V57/><F54/><W15/><G41/><T19/><D125/><U93/><E107/><V115/><F115/><W8/><REACH who="3" step="1"/><G12/><REACH who="3" ten="268,154,322,246" step="2"/><T102/><D11/><U7/><REACH who="1" step="1"/><E18/><AGARI ba="0,1" hai="4,8,13,14,15,18,23,26,49,53,58,98,100,104" machi="18" ten="30,3900,0" yaku="1,1,2,1,7,1,53,0" doraHai="126" doraHaiUra="87" who="3" fromWho="1" sc="268,0,154,-39,322,0,246,49" /><INIT seed="6,0,0,2,1,101" ten="268,115,322,295" oya="2" hai0="32,47,54,88,125,83,90,57,36,102,121,7,25" hai1="14,94,123,37,55,49,20,16,42,107,110,128,100" hai2="18,64,56,15,39,0,86,40,132,29,34,135,61" hai3="51,91,111,68,73,92,5,6,79,4,85,33,131"/><V66/><F0/><W75/><G68/><T12/><D121/><U103/><E110/><V53/><F34/><W81/><G111/><T106/><D125/><U95/><E123/><V82/><F29/><W80/><G33/><T126/><D126/><U2/><E2/><V43/><F66/><W98/><G131/><T60/><D83/><U105/><E128/><V78/><F39/><W71/><G71/><T44/><D47/><U122/><E122/><V87/><F86/><W113/><G113/><T62/><D60/><U118/><E118/><V129/><F129/><W52/><REACH who="3" step="1"/><G80/><REACH who="3" ten="268,115,322,285" step="2"/><T19/><D32/><U114/><E114/><V104/><F132/><W41/><G41/><T127/><D127/><U70/><E70/><V22/><F135/><W27/><G27/><T45/><D25/><U13/><E42/><N who="2" m="15915" /><F104/><W69/><G69/><T38/><D38/><U89/><E37/><V97/><F97/><W46/><AGARI ba="0,1" hai="4,5,6,46,51,52,73,75,79,81,85,91,92,98" machi="46" ten="30,4000,0" yaku="1,1,0,1,54,1,53,0" doraHai="101" doraHaiUra="109" who="3" fromWho="3" sc="268,-10,115,-10,322,-20,285,50" /><INIT seed="7,0,0,4,1,98" ten="258,105,302,335" oya="3" hai0="112,78,19,76,56,48,94,118,128,100,5,106,122" hai1="60,87,16,120,27,134,46,102,72,26,44,51,8" hai2="107,88,82,29,103,114,2,93,47,7,96,91,28" hai3="71,22,74,86,89,65,0,52,135,38,80,108,30"/><W125/><G38/><T79/><D122/><U12/><E120/><V85/><F114/><W6/><G74/><T110/><D110/><U101/><E72/><V90/><F2/><W37/><G37/><T95/><D5/><U111/><E111/><V54/><F7/><W97/><G108/><T3/><D3/><U35/><E134/><V24/><F107/><W50/><G125/><T61/><D118/><U43/><E60/><V18/><F18/><W49/><G49/><T116/><D116/><U130/><E130/><V57/><F47/><W34/><G34/><T53/><D128/><U105/><E105/><V73/><F73/><W9/><G97/><T84/><D112/><U23/><E35/><V68/><F68/><W59/><G135/><T126/><D126/><U36/><E87/><V67/><F67/><W40/><G40/><T83/><D19/><U132/><E132/><V39/><F39/><W31/><G22/><T133/><D133/><U21/><E21/><N who="2" m="15375" /><F29/><W66/><G66/><T10/><D10/><U92/><E92/><V62/><AGARI ba="0,0" hai="54,57,62,82,85,88,90,91,93,96,103" m="15375" machi="62" ten="30,4000,0" yaku="8,1,52,1,54,1" doraHai="98" who="2" fromWho="2" sc="258,-10,105,-10,302,40,335,-20" owari="248,-15.0,95,-40.0,342,43.0,315,12.0" /></mjloggm>