<mjloggm ver="2.3"><GO type="169" lobby="0"/><UN n0="%E5%90%89%E6%BE%A4%E2%98%86%E7%91%A0%E5%81%89" n1="%E3%81%97%E3%82%85%E3%82%93%E3%81%A4%E3%81%A7" n2="%E5%A5%88%E8%90%BD%E3%81%AE%E7%8E%8B" n3="%E3%81%9F%E3%81%A1%E3%83%90%E3%83%8A%E3%83%8A%40" dan="16,17,17,17" rate="2135.66,2245.82,2181.12,2162.78" sx="M,M,M,M"/><TAIKYOKU oya="0"/><INIT seed="0,0,0,5,5,4" ten="250,250,250,250" oya="0" hai0="102,110,56,80,46,113,92,68,115,97,77,13,48" hai1="38,127,124,98,135,123,125,90,27,87,88,71,15" hai2="25,112,67,35,75,81,7,29,6,22,100,111,131" hai3="118,5,12,76,2,34,28,45,134,39,70,120,78"/><T116/><D68/><U103/><E38/><V58/><F112/><W105/><G28/><T14/><D116/><U26/><E71/><V57/><F111/><W64/><G12/><T50/><D110/><U19/><E123/><V36/><F36/><W31/><G78/><T54/><D113/><U0/><E0/><V126/><F126/><W17/><G17/><T89/><D102/><U9/><E135/><V55/><F131/><W96/><G76/><T99/><D97/><U52/><E90/><V10/><F81/><W24/><G134/><T85/><REACH who="0" step="1"/><D115/><REACH who="0" ten="240,250,250,250" step="2"/><U42/><E42/><AGARI ba="0,1" hai="13,14,42,46,48,50,54,56,77,80,85,89,92,99" machi="42" ten="30,11600,0" yaku="1,1,2,1,7,1,8,1,53,0" doraHai="4" doraHaiUra="109" who="0" fromWho="1" sc="240,126,250,-116,250,0,250,0" /><INIT seed="0,1,0,2,4,70" ten="366,134,250,250" oya="0" hai0="0,25,29,13,30,85,52,115,64,118,27,40,88" hai1="109,105,32,43,99,28,18,77,96,79,47,15,58" hai2="108,86,84,6,111,104,106,101,121,60,2,26,116" hai3="112,131,93,35,45,3,22,31,1,90,72,95,122"/><T56/><D0/><U4/><E109/><V10/><F121/><W107/><G95/><T133/><D118/><U76/><E4/><V44/><F116/><W128/><G107/><T66/><D40/><U39/><E105/><V117/><F117/><W61/><G72/><T34/><D13/><U57/><E28/><N who="0" m="10857" /><D34/><U89/><E32/><V42/><F26/><N who="0" m="9738" /><D133/><U97/><REACH who="1" step="1"/><E89/><REACH who="1" ten="366,124,250,250" step="2"/><V21/><F104/><W124/><G90/><T11/><D115/><U19/><E19/><V50/><F106/><W62/><G35/><T23/><D11/><AGARI ba="1,1" hai="11,15,18,39,43,47,57,58,76,77,79,96,97,99" machi="11" ten="40,5200,0" yaku="1,1,52,1,53,1" doraHai="70" doraHaiUra="71" who="1" fromWho="0" sc="366,-55,124,65,250,0,250,0" /><INIT seed="1,0,0,5,5,111" ten="311,189,250,250" oya="1" hai0="41,100,43,19,117,106,39,128,73,81,1,16,125" hai1="74,22,124,59,130,86,97,12,110,133,21,33,20" hai2="108,94,31,32,62,107,99,24,40,17,126,132,54" hai3="101,18,91,102,114,103,79,23,98,4,66,11,83"/><U50/><E74/><V6/><F108/><W28/><G66/><T69/><D1/><U60/><E33/><V95/><F132/><W52/><G28/><T55/><D69/><U2/><E2/><V113/><F126/><W25/><G91/><T8/><D117/><U56/><E110/><V80/><F6/><W65/><G65/><T121/><D121/><U82/><E133/><V67/><F54/><W51/><G114/><T34/><D34/><U26/><E130/><V135/><F40/><W47/><G98/><T61/><D106/><U134/><E134/><V10/><F80/><W63/><G63/><T64/><D64/><N who="1" m="38919" /><E124/><V7/><F17/><W45/><G45/><T109/><D100/><U72/><E72/><V104/><F113/><W71/><G71/><T118/><D39/><U30/><E97/><V96/><F96/><W75/><REACH who="3" step="1"/><G103/><REACH who="3" ten="311,189,250,240" step="2"/><T46/><D125/><U92/><E12/><AGARI ba="0,1" hai="4,11,12,18,23,25,47,51,52,75,79,83,101,102" machi="12" ten="30,8000,1" yaku="1,1,2,1,7,1,54,1,53,1" doraHai="111" doraHaiUra="77" who="3" fromWho="1" sc="311,0,189,-80,250,0,240,90" /><INIT seed="2,0,0,1,0,16" ten="311,109,250,330" oya="2" hai0="102,63,88,122,30,78,113,105,124,67,128,21,76" hai1="117,69,72,73,95,12,4,89,121,83,96,14,84" hai2="65,57,2,56,135,100,91,61,66,1,9,54,32" hai3="34,52,125,81,46,98,24,41,93,132,8,134,43"/><V26/><F135/><N who="3" m="51755" /><G8/><T59/><D122/><U90/><E69/><V19/><F100/><W112/><G81/><T114/><D128/><U11/><E117/><V17/><F91/><W39/><G125/><T47/><D124/><U5/><E121/><V6/><F2/><W103/><G112/><T68/><D47/><U37/><E37/><V126/><F126/><W20/><G34/><T71/><D102/><U97/><E73/><V31/><REACH who="2" step="1"/><F66/><REACH who="2" ten="311,109,240,330" step="2"/><W75/><G103/><T87/><D114/><U64/><E64/><V60/><AGARI ba="0,1" hai="1,6,9,17,19,26,31,32,54,56,57,60,61,65" machi="60" ten="20,7800,0" yaku="1,1,2,1,0,1,7,1,53,0" doraHai="16" doraHaiUra="131" who="2" fromWho="2" sc="311,-26,109,-26,240,88,330,-26" /><INIT seed="2,1,0,5,1,66" ten="285,83,328,304" oya="2" hai0="130,79,70,49,14,125,47,75,48,126,99,1,6" hai1="95,90,88,115,68,15,122,28,23,26,56,27,67" hai2="17,21,72,120,61,3,44,57,7,93,35,107,38" hai3="105,127,113,39,46,43,87,9,86,45,96,135,18"/><V34/><F107/><W58/><G127/><T111/><D1/><U92/><E115/><V91/><F72/><W16/><G135/><T114/><D114/><U31/><E122/><V85/><F120/><W83/><G113/><T62/><D111/><U98/><E15/><V94/><F94/><W128/><G128/><T123/><D123/><U104/><E104/><V110/><F110/><W32/><G32/><T133/><D99/><U50/><E68/><V97/><F85/><W84/><G46/><T102/><D102/><U134/><E134/><V124/><F124/><N who="0" m="47722" /><D133/><U20/><E50/><V13/><F7/><W22/><G9/><N who="0" m="4407" /><D47/><U29/><E29/><V40/><REACH who="2" step="1"/><F3/><REACH who="2" ten="285,83,318,304" step="2"/><W24/><G86/><T74/><D130/><U69/><E69/><V36/><F36/><W108/><G84/><T116/><D75/><U132/><E132/><V89/><F89/><W8/><G105/><T80/><D116/><U0/><E0/><V64/><AGARI ba="1,1" hai="13,17,21,34,35,38,40,44,57,61,64,91,93,97" machi="64" ten="20,3900,0" yaku="1,1,0,1,7,1,53,0" doraHai="66" doraHaiUra="109" who="2" fromWho="2" sc="285,-14,83,-14,318,52,304,-14" /><INIT seed="2,2,0,0,3,88" ten="271,69,370,290" oya="2" hai0="63,9,55,97,90,25,36,72,100,29,118,16,73" hai1="110,50,18,46,12,117,37,13,3,120,71,79,77" hai2="31,39,14,98,94,84,24,26,101,122,8,133,64" hai3="44,42,96,20,113,106,59,56,30,69,17,7,85"/><V40/><F122/><W32/><G7/><T82/><D36/><U67/><E110/><V57/><F133/><W135/><G85/><T92/><D118/><U95/><E117/><V11/><F39/><W34/><G135/><T112/><D112/><U129/><E3/><V43/><F84/><W121/><G69/><T89/><D73/><U91/><E129/><V19/><F11/><W53/><G30/><T70/><D72/><U102/><E37/><V4/><F19/><W6/><G6/><T119/><D119/><U75/><E102/><V130/><F130/><W5/><G5/><T127/><D127/><U10/><E120/><V76/><F76/><W116/><G113/><T86/><D100/><U87/><E75/><V123/><F123/><W66/><G106/><T78/><D78/><U48/><E48/><V58/><F26/><W62/><G121/><T15/><D70/><U114/><E114/><V74/><F74/><W99/><G32/><T27/><D29/><U65/><E13/><V80/><F80/><W61/><G34/><T68/><D68/><U33/><E33/><V60/><F58/><AGARI ba="2,0" hai="9,15,16,25,27,55,58,63,82,86,89,90,92,97" machi="58" ten="40,5200,0" yaku="8,1,52,1,54,1" doraHai="88" who="0" fromWho="2" sc="271,58,69,0,370,-58,290,0" /><INIT seed="3,0,0,3,1,73" ten="329,69,312,290" oya="3" hai0="119,67,78,130,13,3,20,41,125,80,127,43,44" hai1="87,38,84,111,95,30,74,129,4,2,19,11,71" hai2="115,17,85,1,91,33,117,103,49,83,7,105,59" hai3="46,21,101,90,123,53,9,28,37,29,99,60,104"/><W26/><G123/><T82/><D3/><U135/><E111/><V128/><F115/><W79/><G90/><T23/><D119/><U121/><E121/><V12/><F33/><W72/><G9/><T113/><D67/><U102/><E71/><V51/><F117/><W57/><G28/><T54/><D130/><U45/><E135/><V81/><F128/><W124/><G124/><T88/><D113/><U50/><E30/><V122/><F122/><W69/><G69/><T39/><D54/><U31/><E31/><V56/><F7/><W6/><G6/><T63/><D43/><U75/><E38/><V35/><F1/><W96/><G96/><T70/><D63/><U77/><E129/><V68/><F35/><W66/><G37/><T58/><D58/><N who="2" m="22058" /><F105/><W62/><G62/><T0/><D0/><U36/><E36/><V107/><F107/><W42/><G42/><T22/><D70/><U14/><E87/><N who="2" m="50671" /><F103/><W27/><G27/><T76/><D80/><N who="1" m="47119" /><E95/><V18/><F68/><W97/><G97/><T65/><D65/><U64/><E64/><V132/><F132/><W15/><G15/><T114/><D13/><U108/><E102/><V24/><F24/><W98/><G98/><T16/><D114/><U89/><E89/><N who="2" m="51391" /><F18/><W55/><REACH who="3" step="1"/><G46/><REACH who="3" ten="329,69,312,280" step="2"/><T118/><D118/><U47/><E47/><V126/><F126/><N who="0" m="48138" /><D16/><U93/><E2/><V86/><F17/><W109/><G109/><T40/><D41/><N who="1" m="24879" /><E108/><V110/><F110/><W120/><G120/><T92/><D40/><U100/><E19/><V94/><F12/><W106/><G106/><T48/><D39/><RYUUKYOKU ba="0,1" sc="329,-30,69,10,312,10,280,10" hai1="4,11,14,74,75,93,100" hai2="49,51,86,94" hai3="21,26,29,53,55,57,60,66,72,79,99,101,104" /><INIT seed="3,1,1,0,2,123" ten="299,79,322,290" oya="3" hai0="78,116,91,104,0,135,122,71,64,45,41,49,61" hai1="28,120,81,62,50,47,31,68,121,12,131,40,7" hai2="107,32,72,98,124,79,6,102,92,128,110,21,87" hai3="33,93,29,3,58,74,83,101,112,113,77,130,24"/><W100/><G3/><T57/><D0/><U46/><E131/><V76/><F32/><W18/><G130/><T70/><D104/><U126/><E126/><V97/><F6/><W132/><G132/><T9/><D78/><U66/><E121/><V119/><F21/><W75/><G75/><T103/><D103/><U73/><E120/><V89/><F128/><W114/><G93/><T19/><D122/><U56/><E73/><V134/><F124/><W105/><G105/><T85/><D116/><U52/><E81/><N who="2" m="45191" /><F119/><W34/><G34/><T23/><D9/><U37/><E46/><V125/><F125/><W35/><G35/><T36/><D135/><U39/><E39/><V15/><F15/><W10/><REACH who="3" step="1"/><G58/><REACH who="3" ten="299,79,322,280" step="2"/><T127/><D127/><U25/><E25/><V80/><F134/><W111/><G111/><AGARI ba="1,2" hai="79,80,87,89,92,97,98,102,107,110,111" m="45191" machi="111" ten="30,7700,0" yaku="34,2,52,2" doraHai="123" who="2" fromWho="3" sc="299,0,79,0,322,100,280,-80" /><INIT seed="4,0,0,5,5,50" ten="299,79,422,200" oya="0" hai0="81,75,125,98,78,28,122,66,94,135,61,113,117" hai1="54,123,24,105,64,133,41,5,56,132,63,22,79" hai2="29,74,32,2,57,72,47,33,115,114,130,92,44" hai3="36,116,76,43,102,93,26,99,127,15,60,100,126"/><T52/><D122/><U107/><E123/><V18/><F2/><W112/><G112/><T89/><D117/><U83/><E5/><V6/><F6/><W67/><G116/><T58/><D113/><U16/><E41/><V39/><F57/><W37/><G76/><T35/><D135/><U8/><E8/><V106/><F92/><W59/><G102/><T85/><D125/><N who="3" m="47625" /><G43/><T110/><D110/><U38/><E38/><V70/><F18/><W7/><G26/><T80/><D35/><U20/><E20/><V101/><F101/><W119/><G119/><T19/><D28/><U9/><E9/><AGARI ba="0,0" hai="7,9,15,36,37,59,60,67,93,99,100" m="47625" machi="9" ten="30,1000,0" yaku="18,1" doraHai="50" who="3" fromWho="1" sc="299,0,79,-10,422,0,200,10" /><INIT seed="5,0,0,3,1,110" ten="299,69,422,210" oya="1" hai0="73,105,24,132,52,81,119,77,12,26,129,72,39" hai1="113,58,123,11,115,99,118,60,86,23,89,117,44" hai2="95,32,57,130,88,94,50,38,126,30,6,71,15" hai3="135,93,36,56,97,40,82,96,8,9,28,64,134"/><U25/><E123/><V106/><F106/><W16/><G28/><T47/><D105/><U116/><E116/><V63/><F38/><W79/><G16/><T103/><D103/><U43/><E11/><V20/><F32/><W80/><G97/><T34/><D119/><U90/><E99/><V124/><F71/><W29/><G29/><T75/><D132/><N who="3" m="50729" /><G82/><T78/><D34/><U42/><E118/><V104/><F95/><W45/><G56/><T131/><D39/><U31/><E117/><V21/><F104/><W1/><G64/><T92/><D92/><U109/><E109/><V33/><F33/><W3/><G3/><T41/><D41/><N who="1" m="15371" /><E44/><V114/><F30/><W14/><G14/><T74/><D12/><U62/><E86/><V133/><F15/><W66/><G66/><T112/><D78/><U101/><E101/><V5/><F57/><W61/><G61/><N who="1" m="23658" /><E58/><V48/><F63/><W120/><G1/><T108/><D108/><U7/><E7/><V49/><F6/><W84/><G120/><T121/><D121/><U69/><E69/><V4/><F5/><W18/><G18/><T98/><D98/><U83/><E83/><V68/><F4/><W91/><AGARI ba="0,0" hai="8,9,36,40,45,79,80,84,91,93,96" m="50729" machi="91" ten="30,1100,0" yaku="20,1" doraHai="110" who="3" fromWho="3" sc="299,-3,69,-5,422,-3,210,11" /><INIT seed="6,0,0,3,2,61" ten="296,64,419,221" oya="2" hai0="66,84,100,101,5,25,99,107,120,67,6,39,33" hai1="30,11,34,102,121,119,19,82,42,111,95,64,60" hai2="44,22,118,58,86,80,69,70,35,123,68,63,20" hai3="87,117,52,12,134,38,48,104,129,23,76,116,89"/><V57/><F35/><W114/><G104/><T90/><D39/><U21/><E111/><V125/><F118/><W113/><G38/><T54/><D120/><U47/><E119/><V36/><F123/><W91/><G76/><T94/><D54/><U14/><E82/><V50/><F36/><W15/><G91/><T92/><D33/><U41/><E121/><V103/><F103/><W16/><G12/><T2/><D25/><U49/><E34/><V56/><F63/><W115/><G129/><T93/><D2/><U4/><E30/><V132/><F132/><W122/><G134/><T79/><D79/><U13/><E102/><V81/><F125/><W75/><G75/><T7/><REACH who="0" step="1"/><D101/><REACH who="0" ten="286,64,419,221" step="2"/><U45/><E95/><AGARI ba="0,1" hai="5,6,7,66,67,84,90,92,93,94,95,99,100,107" machi="95" ten="40,8000,1" yaku="1,1,2,1,52,2,53,0" doraHai="61" doraHaiUra="72" who="0" fromWho="1" sc="286,90,64,-80,419,0,221,0" owari="376,18.0,-16,-52.0,419,52.0,221,-18.0" /></mjloggm>