<mjloggm ver="2.3"><GO type="169" lobby="0"/><UN n0="%61%6E%6C%75%6E" n1="%E5%A6%B9%E5%A9%9A%2D%E3%82%B7%E3%82%B9%E3%82%B3%E3%83%B3%2D" n2="%E3%83%95%E3%82%A1%E3%83%AA%E3%82%B9" n3="%74%65%6E%6B%65%79%33" dan="16,16,16,16" rate="2120.90,2126.49,2125.07,2084.53" sx="M,M,F,M"/><TAIKYOKU oya="0"/><INIT seed="0,0,0,3,2,127" ten="250,250,250,250" oya="0" hai0="42,115,71,93,69,1,14,61,66,57,114,50,54" hai1="16,113,37,70,79,125,98,129,60,44,135,49,47" hai2="6,22,100,121,36,19,89,45,53,78,62,109,55" hai3="15,63,11,74,8,73,80,90,94,130,43,117,82"/><T64/><D1/><U35/><E125/><V133/><F121/><W65/><G117/><T131/><D14/><U120/><E120/><V10/><F100/><W40/><G74/><T103/><D103/><U9/><E35/><V72/><F133/><W99/><G8/><T13/><D13/><U7/><E113/><V88/><F78/><W118/><G118/><T102/><D102/><U17/><E135/><V3/><F72/><W111/><G111/><T27/><D27/><U30/><E30/><V126/><F55/><W46/><G73/><T20/><D20/><U59/><E79/><V0/><F0/><W41/><G46/><N who="0" m="25943" /><D93/><U18/><E70/><N who="0" m="26633" /><D131/><U110/><E129/><V4/><F4/><W81/><G130/><T51/><D115/><U106/><E98/><V132/><F132/><W85/><G99/><T101/><D101/><U29/><E106/><V124/><F124/><W97/><G97/><T33/><D33/><U39/><E29/><V48/><F126/><W83/><N who="3" m="20480" /><DORA hai="107" /><W32/><G32/><T25/><D25/><U23/><E23/><V128/><F128/><W5/><G40/><T12/><D12/><U77/><E9/><V58/><F10/><W104/><G104/><T28/><D28/><U96/><E96/><V24/><F3/><W84/><G84/><T75/><D75/><U52/><E77/><V122/><F6/><W119/><G119/><T68/><D114/><U31/><E7/><V67/><F122/><W86/><G86/><T2/><D2/><U34/><E34/><V112/><F112/><W26/><G26/><T123/><D123/><RYUUKYOKU ba="0,0" sc="250,15,250,-15,250,-15,250,15" hai0="51,54,57,61,64,66,68" hai3="5,11,15,41,43,63,65,85,90,94" /><INIT seed="0,1,0,4,0,39" ten="265,235,235,265" oya="0" hai0="128,127,67,66,51,123,33,93,29,74,36,82,101" hai1="75,19,60,17,76,83,13,4,71,37,96,65,14" hai2="42,107,117,64,12,5,31,41,99,57,72,86,6" hai3="28,102,48,68,80,104,16,120,25,54,94,131,109"/><T88/><D123/><U85/><E37/><V47/><F72/><W55/><G120/><T91/><D36/><U126/><E126/><V7/><F117/><W30/><G104/><T100/><D127/><U84/><E4/><V134/><F134/><W110/><G68/><T89/><D128/><U87/><E96/><V92/><F107/><W46/><G131/><T10/><D29/><U35/><E35/><V113/><F113/><W1/><G1/><T38/><D38/><U44/><E44/><V53/><F31/><W108/><G80/><T77/><D33/><U97/><E97/><V18/><F86/><W95/><G55/><T58/><D10/><U50/><E50/><N who="2" m="30903" /><F47/><W135/><G135/><T90/><D100/><U118/><E118/><V129/><F64/><W15/><G102/><T63/><D101/><U49/><E49/><V59/><F59/><W2/><G2/><T81/><D51/><U3/><E3/><V79/><F79/><W103/><G103/><T34/><D34/><U73/><E73/><V114/><F114/><W119/><G119/><T115/><D115/><U22/><REACH who="1" step="1"/><E75/><REACH who="1" ten="265,225,235,265" step="2"/><V133/><F129/><W69/><G46/><T20/><D82/><U52/><E52/><V43/><F133/><W27/><G54/><T111/><D67/><U56/><E56/><V26/><F5/><W11/><G48/><T70/><D58/><U45/><E45/><V9/><F6/><W98/><G98/><T112/><D74/><U125/><E125/><V24/><F7/><W122/><G122/><T124/><D124/><U116/><E116/><V40/><F40/><RYUUKYOKU ba="1,1" sc="265,-15,225,15,235,15,265,-15" hai1="13,14,17,19,22,60,65,71,76,83,84,85,87" hai2="9,12,18,24,26,41,42,43,92,99" /><INIT seed="1,2,1,0,3,33" ten="250,240,250,250" oya="1" hai0="58,16,69,88,44,41,61,1,130,65,103,86,11" hai1="43,8,132,54,79,56,12,39,53,118,6,124,40" hai2="25,91,48,50,117,116,63,129,84,98,128,82,70" hai3="80,101,126,106,99,78,71,112,47,81,5,18,3"/><U119/><E124/><V51/><F25/><W68/><G126/><T96/><D96/><U20/><BYE who="0" /><E132/><V100/><F70/><W107/><G112/><UN n0="%61%6E%6C%75%6E" /><T10/><D130/><N who="2" m="50282" /><F63/><W95/><G81/><T30/><D103/><U114/><E114/><V31/><F31/><W92/><G107/><AGARI ba="2,1" hai="48,50,51,82,84,91,98,100,107,116,117" m="50282" machi="107" ten="30,1000,0" yaku="19,1" doraHai="33" who="2" fromWho="3" sc="250,0,240,0,250,26,250,-16" /><INIT seed="2,0,0,2,3,116" ten="250,240,276,234" oya="2" hai0="74,63,38,24,15,110,46,57,33,8,80,54,40" hai1="43,105,88,52,84,41,81,71,121,67,12,0,21" hai2="124,113,61,64,58,4,83,118,59,131,13,37,114" hai3="56,130,47,14,100,101,55,48,26,39,134,94,1"/><V31/><F118/><W49/><G39/><T75/><D110/><U108/><E0/><V90/><F37/><W32/><G1/><T62/><D62/><U127/><E105/><V25/><F131/><W77/><G130/><T53/><D53/><U111/><E127/><V132/><F124/><W7/><G134/><T34/><D24/><U28/><E121/><V123/><F132/><W82/><G32/><T51/><D75/><U60/><E52/><V78/><F123/><W29/><G7/><T87/><D74/><U103/><E103/><V119/><F59/><W128/><G14/><T93/><D93/><U5/><E5/><V125/><F119/><W11/><G11/><T44/><D44/><U66/><E66/><V42/><F42/><W133/><G94/><T129/><D38/><U106/><E106/><V10/><F90/><W2/><G2/><T18/><D129/><U70/><E70/><V89/><F89/><AGARI ba="0,0" hai="8,15,18,33,34,40,46,51,54,57,63,80,87,89" machi="89" ten="30,1000,0" yaku="7,1" doraHai="116" who="0" fromWho="2" sc="250,10,240,0,276,-10,234,0" /><INIT seed="3,0,0,5,3,99" ten="260,240,266,234" oya="3" hai0="70,74,73,87,134,123,28,7,0,50,15,86,13" hai1="128,44,66,49,53,17,9,77,108,88,110,91,65" hai2="40,116,95,37,115,120,126,112,92,46,22,81,24" hai3="56,8,67,52,43,47,57,63,84,89,114,75,62"/><W69/><G114/><T35/><D123/><U119/><E119/><V122/><F116/><W101/><G75/><T38/><D70/><U16/><E77/><V102/><F126/><W129/><G129/><T58/><D38/><U131/><E65/><V93/><F81/><W109/><G109/><N who="1" m="42090" /><E66/><V45/><F45/><W21/><G69/><T117/><D117/><U107/><E107/><V85/><F85/><W23/><G8/><T90/><D134/><U72/><E72/><V118/><F118/><W27/><G27/><T41/><D87/><U30/><E30/><N who="2" m="17687" /><F102/><W97/><G84/><T26/><D74/><U6/><E6/><V94/><F94/><W121/><G121/><AGARI ba="0,0" hai="37,40,46,92,93,95,112,115,120,121,122" m="17687" machi="121" ten="30,1000,0" yaku="13,1" doraHai="99" who="2" fromWho="3" sc="260,0,240,0,266,10,234,-10" /><INIT seed="4,0,0,3,5,125" ten="260,240,276,224" oya="0" hai0="70,113,66,126,13,63,82,118,41,116,59,86,17" hai1="0,18,68,60,75,42,107,14,93,131,51,91,104" hai2="25,28,103,55,71,26,135,35,94,83,112,100,50" hai3="53,97,67,62,54,34,1,57,133,16,36,122,80"/><T12/><D12/><U11/><BYE who="0" /><E75/><V117/><F71/><W21/><G34/><T10/><D10/><UN n0="%61%6E%6C%75%6E" /><U29/><E29/><V123/><F123/><W89/><G122/><T84/><D126/><U130/><E0/><V78/><F112/><W76/><G1/><T38/><D113/><U101/><E101/><V56/><F135/><W95/><G36/><T52/><D13/><U20/><E42/><V77/><F77/><W27/><REACH who="3" step="1"/><G133/><REACH who="3" ten="260,240,276,214" step="2"/><T110/><D110/><U98/><E51/><V106/><F117/><W58/><G58/><T87/><D82/><U128/><E11/><V22/><F35/><W43/><G43/><T19/><D116/><U30/><E30/><V102/><F28/><W132/><G132/><T127/><D118/><U2/><E2/><V31/><F56/><W124/><G124/><T33/><D127/><U40/><E40/><V39/><F31/><W61/><G61/><T3/><D3/><U121/><E121/><V24/><F39/><W72/><AGARI ba="0,1" hai="16,21,27,53,54,57,62,67,72,76,80,89,95,97" machi="72" ten="20,5200,0" yaku="1,1,0,1,7,1,54,1,53,0" doraHai="125" doraHaiUra="47" who="3" fromWho="3" sc="260,-26,240,-13,276,-13,214,62" /><INIT seed="5,0,0,1,5,56" ten="234,227,263,276" oya="1" hai0="49,106,59,107,85,54,135,5,31,30,0,37,36" hai1="82,47,100,41,74,83,102,109,80,3,132,88,34" hai2="110,133,46,111,61,79,94,123,32,18,8,131,24" hai3="17,125,96,97,108,120,128,89,73,50,105,113,6"/><U11/><E132/><V98/><F123/><W42/><G120/><T52/><D135/><U4/><E109/><V104/><F133/><W20/><G73/><T57/><D5/><U39/><E34/><V130/><F104/><W118/><G108/><T72/><D0/><U58/><E74/><V53/><F79/><W27/><G118/><T92/><D72/><U9/><E9/><V112/><F112/><W101/><G113/><T48/><D85/><U60/><REACH who="1" step="1"/><E88/><REACH who="1" ten="234,217,263,276" step="2"/><N who="2" m="55623" /><F32/><W129/><G89/><T1/><D1/><U40/><E40/><V16/><F8/><W86/><G42/><T29/><REACH who="0" step="1"/><D92/><REACH who="0" ten="224,217,263,276" step="2"/><U90/><E90/><V126/><F110/><W2/><G105/><AGARI ba="0,2" hai="29,30,31,36,37,48,49,52,54,57,59,105,106,107" machi="105" ten="40,12000,2" yaku="1,1,2,1,9,1,54,1,53,3" doraHai="56" doraHaiUra="25" who="0" fromWho="3" sc="224,140,217,0,263,0,276,-120" /><INIT seed="6,0,0,2,3,61" ten="364,217,263,156" oya="2" hai0="17,67,103,98,123,42,51,77,66,97,134,54,89" hai1="37,30,132,91,64,25,120,80,130,27,75,116,29" hai2="121,135,31,9,106,122,59,128,131,28,133,45,58" hai3="16,2,11,34,79,4,47,81,108,87,46,3,129"/><V78/><F106/><W125/><G125/><T94/><D123/><N who="2" m="47114" /><F45/><W43/><G129/><N who="2" m="49737" /><F9/><W26/><G108/><T92/><D134/><N who="2" m="51210" /><F78/><W86/><G47/><N who="0" m="28031" /><D77/><U10/><E10/><V109/><F109/><W18/><G3/><T90/><D42/><U118/><E120/><V76/><F76/><W69/><G69/><T50/><D50/><U127/><E132/><V82/><F82/><W96/><G96/><T57/><D57/><AGARI ba="0,0" hai="28,31,57,58,59" m="51210,49737,47114" machi="57" ten="40,12000,1" yaku="28,2,19,1,20,1" doraHai="61" who="2" fromWho="0" sc="364,-120,217,0,263,120,156,0" /><INIT seed="6,1,0,2,3,92" ten="244,217,383,156" oya="2" hai0="12,37,134,70,19,78,11,72,64,29,13,74,4" hai1="33,51,2,27,118,115,110,1,20,124,9,54,107" hai2="108,14,67,79,89,38,7,23,52,125,129,109,135" hai3="71,80,63,60,104,50,123,28,55,24,105,25,101"/><V30/><F38/><W130/><G123/><T127/><D127/><U57/><E110/><V3/><F3/><W88/><G130/><T120/><D120/><U32/><E118/><V56/><F129/><W82/><G71/><T103/><D134/><U113/><E107/><V65/><F135/><W86/><G82/><T98/><D29/><U53/><E124/><V90/><F125/><W41/><G41/><T81/><D37/><U58/><E9/><V39/><F39/><W68/><G24/><T95/><D70/><U66/><E66/><V17/><F79/><W31/><G31/><T48/><D48/><U131/><E131/><V40/><F40/><W61/><G68/><T114/><D114/><N who="1" m="43531" /><E1/><V0/><F0/><W16/><G101/><T10/><REACH who="0" step="1"/><D64/><REACH who="0" ten="234,217,383,156" step="2"/><U35/><E2/><V133/><F133/><W96/><G28/><T43/><D43/><U76/><E35/><V21/><F30/><W93/><G50/><T18/><D18/><N who="1" m="12695" /><E32/><V121/><F121/><W22/><REACH who="3" step="1"/><G55/><REACH who="3" ten="234,217,383,146" step="2"/><T100/><D100/><U36/><E33/><V122/><F122/><W42/><G42/><T73/><AGARI ba="1,2" hai="4,10,11,12,13,19,72,73,74,78,81,95,98,103" machi="73" ten="20,5200,0" yaku="1,1,0,1,7,1,52,1,53,0" doraHai="92" doraHaiUra="132" who="0" fromWho="0" sc="234,75,217,-14,383,-27,146,-14" /><INIT seed="7,0,0,3,4,20" ten="309,203,356,132" oya="3" hai0="11,94,63,54,21,32,66,41,73,74,81,38,56" hai1="13,67,36,60,16,59,83,129,42,68,104,96,5" hai2="77,50,126,97,57,69,52,80,70,85,92,65,121" hai3="27,3,51,2,75,87,82,116,123,15,14,132,33"/><W130/><G116/><T22/><D32/><U78/><E68/><V10/><F126/><W119/><G119/><T106/><D106/><U8/><E129/><V31/><F121/><W117/><G117/><T124/><D124/><U48/><E36/><V135/><F135/><W7/><G123/><T29/><D11/><U62/><E104/><V61/><F10/><W58/><G75/><T76/><D74/><U79/><E62/><V45/><F31/><W99/><G132/><T112/><D112/><U91/><E5/><V101/><AGARI ba="0,0" hai="45,50,52,57,61,65,69,70,77,80,85,92,97,101" machi="101" ten="20,2700,0" yaku="0,1,7,1,54,1" doraHai="20" who="2" fromWho="2" sc="309,-7,203,-7,356,27,132,-13" owari="302,10.0,196,-20.0,383,48.0,119,-38.0" /></mjloggm>