<mjloggm ver="2.3"><GO type="225" lobby="0"/><UN n0="%E4%B8%89%E5%86%A0%E7%8E%8B%E3%83%BB%E5%B1%B1%E7%94%B0%E5%93%B2%E4%BA%BA" n1="%6B%79%6F%6E%6B%6F%31%31" n2="%E3%83%81%E3%83%BC%E3%83%88%E3%82%A4%E7%9F%AD%E6%9C%9F%E5%A4%A7%E5%AD%A6" n3="%E9%88%B4%E4%B8%B8" dan="17,17,16,16" rate="2218.72,2200.01,2141.55,2197.55" sx="M,M,M,M"/><TAIKYOKU oya="0"/><INIT seed="0,0,0,4,0,0" ten="250,250,250,250" oya="0" hai0="87,111,107,92,110,114,73,42,3,69,112,47,131" hai1="51,74,52,7,124,30,116,22,1,2,71,133,118" hai2="55,96,48,95,36,35,41,84,129,77,17,32,64" hai3="26,106,76,100,54,58,38,5,80,57,29,66,56"/><T125/><D107/><U61/><E74/><V19/><F129/><W134/><G134/><T15/><D73/><U97/><E133/><V33/><F64/><W135/><G135/><T8/><D69/><U82/><E2/><V60/><F60/><W67/><G38/><T109/><D131/><U86/><E124/><V13/><F36/><W44/><G100/><T39/><D3/><U102/><E30/><V24/><F41/><W127/><G106/><T89/><REACH who="0" step="1"/><D125/><REACH who="0" ten="240,250,250,250" step="2"/><U14/><E71/><V50/><F33/><W6/><G127/><T10/><D10/><N who="1" m="4447" /><E1/><V43/><F32/><W93/><G66/><T21/><D21/><U65/><E118/><V16/><F35/><W12/><G67/><T94/><D94/><N who="1" m="58679" /><E116/><V20/><F95/><W117/><G93/><T123/><D123/><U40/><E65/><V130/><F130/><W79/><G117/><T49/><D49/><U88/><E22/><V113/><F50/><N who="3" m="28999" /><G80/><T25/><D25/><U46/><E61/><V91/><F24/><W101/><G12/><T122/><D122/><U105/><E105/><V126/><F126/><W128/><G128/><T72/><D72/><U70/><E70/><V104/><F104/><W115/><G101/><T98/><D98/><U83/><E83/><V81/><F96/><W103/><G103/><T9/><D9/><U132/><E132/><V18/><F13/><W28/><G26/><T78/><D78/><U53/><AGARI ba="0,1" hai="40,46,51,52,53,82,86,88" m="58679,4447" machi="53" ten="30,7900,0" yaku="8,1,52,1,54,2" doraHai="0" who="1" fromWho="1" sc="240,-39,250,89,250,-20,250,-20" /><INIT seed="1,0,0,2,3,8" ten="201,339,230,230" oya="1" hai0="127,7,0,87,101,12,70,128,113,111,72,86,11" hai1="49,73,79,134,90,42,129,118,33,122,62,34,131" hai2="19,6,104,14,22,119,5,135,43,91,61,110,2" hai3="39,106,29,124,1,41,103,27,21,4,107,97,59"/><U58/><E122/><V55/><F119/><W94/><G124/><T105/><D113/><U45/><E118/><V126/><F104/><W133/><G133/><T115/><D115/><U46/><E134/><V69/><F135/><W10/><G39/><T47/><D127/><U93/><E46/><V96/><F126/><W68/><G68/><T25/><D72/><U85/><E79/><V109/><F43/><W112/><G41/><T82/><D111/><N who="2" m="42506" /><F2/><W83/><G112/><T64/><D128/><N who="1" m="49227" /><E73/><V50/><F61/><W74/><REACH who="3" step="1"/><G59/><REACH who="3" ten="201,339,230,220" step="2"/><T3/><D47/><U78/><E78/><AGARI ba="0,1" hai="1,4,10,21,27,29,74,78,83,94,97,103,106,107" machi="78" ten="40,2600,0" yaku="1,1,2,1,53,0" doraHai="8" doraHaiUra="67" who="3" fromWho="1" sc="201,0,339,-26,230,0,220,36" /><INIT seed="2,0,0,4,0,86" ten="201,313,230,256" oya="2" hai0="81,0,84,102,104,122,12,14,87,66,80,101,24" hai1="46,130,26,121,3,47,108,7,79,76,64,33,61" hai2="115,109,8,71,111,42,29,13,57,5,68,48,36" hai3="19,88,103,21,75,32,114,25,18,92,43,107,119"/><V72/><F115/><W113/><G119/><T124/><D0/><U50/><E108/><N who="2" m="41547" /><F72/><W45/><G75/><T91/><D124/><U90/><E130/><V112/><F112/><N who="3" m="43115" /><G32/><T17/><D122/><U35/><E7/><V40/><F29/><N who="3" m="17583" /><G103/><T83/><D66/><U74/><E3/><V135/><F135/><W125/><G107/><T56/><D104/><U22/><E74/><V41/><F36/><N who="3" m="21735" /><G125/><T99/><D56/><N who="1" m="36903" /><E33/><V132/><F132/><W2/><G2/><T94/><D102/><U116/><E35/><V1/><F1/><W49/><G49/><T51/><D51/><U96/><E121/><V100/><F100/><W28/><G28/><T106/><REACH who="0" step="1"/><D84/><AGARI ba="0,0" hai="18,19,84,88,92" m="21735,17583,43115" machi="84" ten="30,3900,0" yaku="11,1,52,1,54,1" doraHai="86" who="3" fromWho="0" sc="201,-39,313,0,230,0,256,39" /><INIT seed="3,0,0,3,1,109" ten="162,313,230,295" oya="3" hai0="111,36,65,81,0,132,29,26,126,80,127,112,22" hai1="91,79,84,96,35,78,62,130,72,117,70,19,68" hai2="11,31,6,83,52,33,89,102,61,124,57,53,88" hai3="14,32,59,43,49,107,115,98,44,100,76,82,67"/><W119/><G115/><T39/><D0/><U133/><E35/><V101/><F124/><W34/><G119/><T116/><D116/><U5/><E72/><V10/><F33/><W114/><G114/><T48/><D112/><U134/><E117/><V97/><F31/><W64/><G14/><T105/><D105/><U122/><E5/><V40/><F40/><W94/><G107/><T51/><D111/><U4/><E4/><V74/><F74/><W128/><G128/><T69/><D132/><N who="1" m="50795" /><E96/><V106/><F101/><W50/><G32/><T3/><D3/><U28/><E28/><V99/><F53/><N who="3" m="32175" /><G34/><T9/><D29/><U8/><E122/><V18/><F18/><W54/><G43/><T27/><D69/><N who="1" m="26731" /><E62/><V71/><F6/><W86/><AGARI ba="0,0" hai="44,50,54,64,67,76,82,86,94,98,100" m="32175" machi="86" ten="30,1500,0" yaku="8,1" doraHai="109" who="3" fromWho="3" sc="162,-5,313,-5,230,-5,295,15" owari="157,-34.0,308,11.0,225,-17.0,310,40.0" /></mjloggm>