<mjloggm ver="2.3"><GO type="185" lobby="0"/><UN n0="%53%47%E4%BA%8C%E7%95%99" n1="%41%2E%4B%39%6D%65%63" n2="%58%65%6C%65%72%61%74%6F" n3="" dan="17,18,16,0" rate="2260.38,2354.05,2198.37,1500.00" sx="M,M,F,C"/><TAIKYOKU oya="0"/><INIT seed="0,0,0,5,3,1" ten="350,350,350,0" oya="0" hai0="117,104,128,127,97,54,2,107,84,61,99,135,102" hai1="76,66,111,94,95,63,123,65,34,118,126,121,91" hai2="96,103,120,78,67,59,88,51,77,106,55,40,37" hai3=""/><T125/><D2/><U58/><N who="1" m="31008" /><U0/><N who="1" m="31520" /><U116/><E0/><V83/><N who="2" m="30752" /><V42/><F67/><T73/><D73/><U33/><E111/><V32/><F32/><T56/><D117/><U92/><E76/><V90/><F78/><T124/><D128/><U75/><E75/><V68/><F68/><T81/><D135/><U122/><N who="1" m="31264" /><U46/><E126/><V108/><F108/><T82/><REACH who="0" step="1"/><D84/><REACH who="0" ten="340,350,350,0" step="2"/><U50/><E118/><V115/><F115/><T60/><D60/><U87/><E116/><V38/><F38/><T52/><D52/><U113/><E113/><V47/><REACH who="2" step="1"/><F40/><REACH who="2" ten="340,350,340,0" step="2"/><T112/><D112/><U79/><E66/><V44/><F44/><T130/><D130/><U132/><E132/><V105/><F105/><T74/><D74/><AGARI ba="0,2" hai="37,42,47,51,55,59,74,77,83,88,90,96,103,106" m="30752" machi="74" ten="30,8000,1" yaku="1,1,7,1,52,1,54,1,53,1" doraHai="1" doraHaiUra="71" who="2" fromWho="0" sc="340,-80,350,0,340,100,0,0" /><INIT seed="1,0,0,5,1,38" ten="260,350,440,0" oya="1" hai0="80,79,122,98,118,117,123,76,70,130,82,50,133" hai1="86,132,113,120,2,1,105,107,71,0,78,91,51" hai2="121,60,96,40,126,131,85,94,135,67,66,134,43" hai3=""/><U112/><N who="1" m="30752" /><U58/><E71/><V69/><N who="2" m="31008" /><V73/><F73/><T48/><N who="0" m="31264" /><T128/><N who="0" m="31520" /><T37/><D37/><U119/><E119/><V63/><F85/><T62/><D70/><U44/><E78/><V64/><F126/><T108/><D98/><U125/><E58/><V83/><F83/><T75/><D62/><U110/><E132/><N who="2" m="50731" /><F131/><N who="0" m="50218" /><D133/><U90/><E125/><V55/><F55/><T81/><D108/><U88/><E86/><V54/><F54/><T65/><D65/><N who="2" m="25194" /><F60/><T68/><D68/><U52/><REACH who="1" step="1"/><E110/><REACH who="1" ten="260,340,440,0" step="2"/><V114/><F114/><AGARI ba="0,1" hai="0,1,2,44,51,52,88,90,91,105,107,112,113,114" m="30752" machi="114" ten="50,18000,2" yaku="1,1,2,1,52,1,54,2,53,2" doraHai="38" doraHaiUra="102" who="1" fromWho="2" sc="260,0,340,190,440,-180,0,0" /><INIT seed="1,1,0,3,3,122" ten="260,530,260,0" oya="1" hai0="32,38,35,66,52,40,90,100,98,36,51,65,104" hai1="3,120,87,124,57,72,89,119,81,71,48,96,37" hai2="44,99,78,121,88,33,134,128,123,0,60,41,86" hai3=""/><U55/><N who="1" m="30752" /><U111/><E119/><V68/><N who="2" m="31008" /><V80/><N who="2" m="31520" /><V73/><F134/><T102/><D90/><U127/><E3/><V77/><F0/><T82/><D82/><U116/><E116/><V53/><F128/><T117/><D117/><U129/><E129/><V109/><F109/><T76/><D76/><U70/><E37/><V91/><F33/><T94/><D104/><U50/><E111/><V79/><F99/><T125/><D125/><N who="1" m="48203" /><E72/><V62/><F91/><T118/><D118/><U75/><E75/><V46/><F73/><T34/><D102/><U113/><E113/><V59/><REACH who="2" step="1"/><F41/><REACH who="2" ten="260,530,250,0" step="2"/><T43/><D40/><U74/><E74/><V133/><F133/><T83/><D43/><U93/><E48/><V110/><F110/><T58/><D38/><U131/><E131/><V47/><F47/><T106/><D36/><U64/><E64/><AGARI ba="1,1" hai="44,46,53,59,60,62,64,68,77,78,79,80,86,88" m="31520,31008" machi="64" ten="40,8000,1" yaku="1,1,52,2,54,1,53,0" doraHai="122" doraHaiUra="132" who="2" fromWho="1" sc="260,0,530,-82,250,92,0,0" /><INIT seed="2,0,0,4,1,66" ten="260,448,342,0" oya="2" hai0="100,131,111,84,2,92,53,76,106,97,49,95,50" hai1="121,101,83,120,55,37,34,87,40,129,79,119,58" hai2="118,39,128,93,67,71,133,33,125,59,64,103,0" hai3=""/><V107/><RYUUKYOKU type="yao9" ba="0,0" sc="260,0,448,0,342,0,0,0" hai2="0,33,39,59,64,67,71,93,103,107,118,125,128,133" /><INIT seed="2,1,0,4,1,126" ten="260,448,342,0" oya="2" hai0="120,3,103,116,125,115,114,66,88,36,123,122,91" hai1="41,101,95,67,119,113,53,50,82,56,112,94,77" hai2="87,121,132,117,84,37,48,90,128,38,86,93,92" hai3=""/><V65/><N who="2" m="31008" /><V0/><F117/><T49/><N who="0" m="30752" /><T79/><N who="0" m="31264" /><T51/><N who="0" m="31520" /><T80/><D116/><U108/><E119/><V44/><F0/><T110/><D3/><U135/><E108/><V57/><F132/><T130/><D110/><U81/><E135/><V118/><F118/><T55/><D125/><U131/><E131/><V106/><F106/><T34/><D34/><U73/><E67/><V76/><F128/><T69/><D36/><U99/><E41/><V96/><F76/><T42/><D103/><U68/><E68/><V71/><F71/><T78/><D130/><U70/><E70/><V40/><F37/><T1/><D1/><U134/><E134/><V45/><F57/><T100/><D100/><U105/><E81/><V64/><REACH who="2" step="1"/><F93/><REACH who="2" ten="260,448,332,0" step="2"/><T35/><D69/><U72/><E95/><V33/><F33/><T63/><D35/><U129/><E129/><V109/><F109/><T32/><D32/><U102/><E94/><V107/><F107/><T46/><D79/><U133/><E133/><V97/><F97/><T98/><D98/><U104/><E104/><V54/><AGARI ba="1,1" hai="38,40,44,45,48,54,64,65,84,86,87,90,92,96" m="31008" machi="54" ten="30,7800,0" yaku="1,1,0,1,52,1,53,1" doraHai="126" doraHaiUra="47" who="2" fromWho="2" sc="260,-40,448,-40,332,90,0,0" /><INIT seed="2,2,0,4,5,120" ten="220,408,422,0" oya="2" hai0="102,128,34,65,91,58,53,75,109,103,36,63,132" hai1="115,45,89,43,99,0,66,85,2,135,116,83,57" hai2="74,35,32,39,111,38,56,81,98,64,134,96,60" hai3=""/><V46/><F46/><T78/><D34/><U44/><E115/><V113/><F113/><T101/><D128/><U131/><E131/><V3/><F3/><T118/><D118/><U124/><E116/><V47/><F47/><T79/><D132/><U106/><E135/><V69/><F56/><T110/><D36/><N who="2" m="13866" /><F98/><T92/><D65/><U70/><E57/><V59/><F59/><T123/><N who="0" m="31520" /><T80/><REACH who="0" step="1"/><D79/><REACH who="0" ten="210,408,422,0" step="2"/><U55/><E66/><V126/><F134/><T108/><D108/><U62/><E0/><V49/><F111/><T105/><D105/><U82/><E106/><V94/><F32/><T33/><D33/><U48/><E2/><V52/><F35/><T122/><N who="0" m="31264" /><T90/><D90/><U77/><E89/><V71/><F64/><T104/><D104/><U97/><E77/><V68/><F68/><T72/><D72/><U100/><E70/><V41/><F74/><T54/><D54/><U88/><E55/><V50/><F69/><T119/><D119/><U121/><E121/><V112/><F71/><T61/><D61/><U133/><E62/><V42/><F60/><T125/><D125/><U127/><E124/><V51/><F126/><T73/><D73/><U95/><E127/><V1/><F52/><RYUUKYOKU ba="2,1" sc="210,20,408,-10,422,-10,0,0" hai0="53,58,63,75,78,80,91,92,101,102,103,109,110" /><INIT seed="4,3,1,1,4,131" ten="230,398,412,0" oya="0" hai0="132,51,61,100,56,103,122,39,89,46,92,58,38" hai1="130,104,83,45,133,63,86,109,121,82,76,62,110" hai2="49,101,98,108,52,106,105,50,77,55,48,119,40" hai3=""/><T79/><N who="0" m="31264" /><T36/><D79/><U129/><N who="1" m="31008" /><U84/><E104/><V2/><F2/><T41/><D132/><U34/><E45/><V127/><F119/><T116/><D116/><U57/><E34/><V71/><F71/><T107/><D107/><U72/><E72/><V113/><F108/><T120/><N who="0" m="30752" /><T96/><REACH who="0" step="1"/><D56/><REACH who="0" ten="220,398,412,0" step="2"/><U114/><E57/><V53/><F77/><T134/><D134/><U64/><E76/><V35/><F105/><T70/><D70/><U87/><E133/><V115/><F35/><T128/><D128/><U32/><E32/><V118/><F118/><T68/><D68/><U60/><E129/><V69/><F69/><T91/><D91/><U42/><E130/><V102/><F102/><T90/><D90/><U81/><E110/><V65/><F101/><T112/><D112/><U59/><E114/><V74/><F106/><T0/><D0/><U3/><E109/><V85/><F113/><T73/><D73/><U117/><E3/><V99/><F115/><T125/><D125/><U37/><E117/><V93/><F127/><T78/><D78/><U67/><E59/><V1/><F1/><T43/><D43/><U47/><AGARI ba="3,2" hai="37,42,47,60,62,63,64,67,81,82,83,84,86,87" m="31008" machi="47" ten="40,6000,1" yaku="0,1,29,2,52,1" doraHai="131" who="1" fromWho="1" sc="220,-43,398,86,412,-23,0,0" /><INIT seed="5,0,0,0,0,69" ten="177,484,389,0" oya="1" hai0="39,111,87,0,119,47,2,116,118,42,99,58,93" hai1="105,49,114,91,112,110,72,104,51,36,81,43,44" hai2="65,84,71,92,32,74,134,97,41,77,1,125,37" hai3=""/><U135/><E135/><V123/><F125/><T38/><D111/><U89/><E110/><V132/><N who="2" m="31520" /><V79/><F74/><T54/><D87/><U128/><E128/><V82/><F79/><T80/><D80/><U107/><E51/><V33/><F1/><T101/><REACH who="0" step="1"/><D39/><REACH who="0" ten="167,484,389,0" step="2"/><U109/><E109/><V102/><F134/><T56/><D56/><U40/><E72/><V63/><F132/><T130/><D130/><U64/><E81/><V52/><F32/><T113/><D113/><U3/><E36/><V85/><F33/><T103/><D103/><U73/><E73/><V66/><F85/><T53/><D53/><U55/><E55/><V129/><F129/><T122/><N who="0" m="31264" /><T86/><D86/><U75/><E75/><V120/><N who="2" m="30752" /><V106/><F52/><T100/><D100/><U78/><E114/><V133/><F133/><T76/><D76/><U60/><E78/><V35/><F35/><T83/><D83/><U34/><E112/><V117/><F77/><T96/><D96/><U70/><E34/><V127/><F82/><T68/><D68/><U124/><E70/><V90/><F71/><T131/><D131/><U94/><E43/><V67/><F41/><T50/><AGARI ba="0,1" hai="0,2,38,42,47,50,54,58,93,99,101,116,118,119" m="31264" machi="50" ten="30,6000,1" yaku="1,1,0,1,12,1,52,2,53,0" doraHai="69" doraHaiUra="61" who="0" fromWho="0" sc="167,70,484,-40,389,-20,0,0" /><INIT seed="6,0,0,4,2,114" ten="237,444,369,0" oya="2" hai0="56,51,43,64,75,58,122,103,133,91,45,57,88" hai1="98,100,90,66,83,62,2,130,36,80,55,82,84" hai2="117,89,86,125,68,131,52,121,38,54,94,79,47" hai3=""/><V96/><N who="2" m="31008" /><V113/><F113/><T78/><N who="0" m="31264" /><T115/><D115/><U97/><E2/><V81/><F131/><T124/><D133/><U95/><E36/><V61/><F125/><T101/><D124/><U132/><E132/><V127/><F127/><T110/><D110/><U60/><E130/><V3/><F3/><T77/><D64/><U39/><E39/><V85/><F117/><T116/><D116/><U106/><E55/><V46/><F86/><T99/><D75/><U119/><E119/><V67/><REACH who="2" step="1"/><F47/><REACH who="2" ten="237,444,359,0" step="2"/><T59/><N who="0" m="14336" /><DORA hai="42" /><T32/><D32/><U105/><E66/><V40/><AGARI ba="0,1" hai="38,40,46,52,54,61,67,68,79,81,85,89,94,96" m="31008" machi="40" ten="30,8000,1" yaku="1,1,0,1,52,2,54,1,53,0" doraHai="114,42" doraHaiUra="1,129" who="2" fromWho="2" sc="237,-40,444,-40,359,90,0,0" owari="197,-40.0,404,0.0,449,40.0,0,0.0" /></mjloggm>