<mjloggm ver="2.3"><GO type="169" lobby="0"/><UN n0="%E3%81%B5%E3%81%8F%E3%82%8D%E3%81%86%E3%81%95%E3%82%93" n1="%E4%B8%89%E5%86%A0%E7%8E%8B%E3%83%BB%E5%B1%B1%E7%94%B0%E5%93%B2%E4%BA%BA" n2="%62%69%67%6D%6F%75%74%68" n3="%69%6B%65%64%61%64%61" dan="18,17,16,16" rate="2221.43,2218.26,2060.42,2157.86" sx="F,M,M,M"/><TAIKYOKU oya="0"/><INIT seed="0,0,0,5,1,128" ten="250,250,250,250" oya="0" hai0="132,11,91,39,82,21,105,47,85,64,114,44,77" hai1="111,55,78,27,12,61,54,86,70,112,7,59,28" hai2="71,31,125,62,99,38,96,88,127,133,95,33,36" hai3="103,50,69,53,9,109,51,40,3,52,19,4,75"/><T5/><D114/><U57/><E112/><V123/><F123/><W65/><G75/><T129/><D129/><U90/><E111/><V120/><F120/><W58/><G109/><T104/><D64/><U63/><E70/><V131/><F131/><W0/><G40/><T117/><D117/><U35/><E78/><V119/><F119/><W130/><G130/><T76/><D76/><U74/><E74/><V118/><F118/><W22/><G103/><T126/><D126/><N who="2" m="48138" /><F99/><W20/><G0/><T43/><D132/><U107/><E107/><V134/><F31/><W48/><G48/><T13/><D47/><U102/><E102/><V79/><F33/><W18/><G22/><T41/><D41/><U25/><E25/><V115/><F115/><W67/><G19/><T32/><D32/><U68/><E68/><V42/><F79/><W98/><G98/><T135/><D135/><N who="2" m="51722" /><F42/><W24/><REACH who="3" step="1"/><G69/><REACH who="3" ten="250,250,250,240" step="2"/><T56/><D21/><U89/><E35/><V110/><F110/><W30/><G30/><T122/><D122/><U37/><E28/><V10/><F10/><W29/><G29/><T101/><D101/><U121/><E121/><V2/><F2/><W97/><G97/><T45/><D105/><U66/><E90/><V100/><F100/><W84/><G84/><T87/><D104/><U6/><E86/><V113/><F113/><W93/><G93/><T92/><D43/><U26/><E89/><V60/><F71/><W94/><G94/><T116/><D116/><U17/><E17/><V73/><F73/><W80/><G80/><T83/><D83/><U106/><E106/><RYUUKYOKU ba="0,1" sc="250,-15,250,-15,250,15,240,15" hai2="36,38,60,62,88,95,96" hai3="3,4,9,18,20,24,50,51,52,53,58,65,67" /><INIT seed="1,1,1,0,3,13" ten="235,235,265,255" oya="1" hai0="50,109,51,121,77,99,101,96,46,49,67,11,59" hai1="29,133,111,43,105,91,123,32,131,118,81,89,1" hai2="72,86,68,47,23,69,114,22,18,19,76,34,20" hai3="66,87,30,113,55,0,4,84,95,37,115,8,15"/><U3/><E43/><V5/><F34/><W108/><G37/><T100/><D109/><U27/><E89/><V7/><F72/><W12/><G108/><T92/><D121/><U35/><E91/><V54/><F114/><W48/><G66/><T124/><D124/><U74/><E81/><N who="2" m="47399" /><F69/><W104/><G104/><T16/><D77/><U134/><E35/><V75/><F75/><W28/><G95/><N who="0" m="58399" /><D67/><U57/><E57/><V112/><F68/><W126/><G126/><T24/><D59/><U9/><E74/><V110/><F110/><W78/><G78/><T82/><D82/><U60/><E105/><V64/><F64/><W65/><G65/><T79/><D79/><U98/><E111/><V70/><F70/><W106/><G106/><T40/><D11/><U125/><E125/><V117/><F117/><W2/><G8/><T103/><D101/><U94/><E123/><V44/><F112/><W21/><G21/><AGARI ba="1,1" hai="16,21,24,40,46,49,50,51,92,99,103" m="58399" machi="21" ten="30,3900,0" yaku="8,1,52,1,54,1" doraHai="13" who="0" fromWho="3" sc="235,52,235,0,265,0,255,-42" /><INIT seed="2,0,0,2,4,71" ten="287,235,265,213" oya="2" hai0="119,85,75,92,7,96,79,56,100,110,89,23,107" hai1="42,82,6,99,98,131,130,43,94,33,31,93,101" hai2="132,34,3,36,68,30,105,57,41,135,70,17,9" hai3="22,74,117,133,134,63,66,103,69,126,39,78,58"/><V129/><F105/><W76/><G117/><T45/><D119/><U128/><E6/><V40/><F129/><W47/><G103/><T61/><D110/><U106/><E33/><V81/><F41/><W77/><G74/><T102/><D102/><U55/><E31/><V116/><F116/><W73/><G73/><T120/><D120/><U95/><E99/><V16/><F57/><W65/><G22/><T59/><D7/><U118/><E118/><V62/><F81/><W83/><G83/><N who="0" m="45567" /><D61/><U97/><E98/><V26/><F3/><W113/><G113/><T72/><D72/><U64/><E64/><V124/><F124/><W115/><G115/><T46/><D23/><U90/><E55/><V111/><F111/><W86/><G86/><AGARI ba="0,0" hai="42,43,82,86,90,93,94,95,97,101,106,128,130,131" machi="86" ten="50,1600,0" yaku="19,1" doraHai="71" who="1" fromWho="3" sc="287,0,235,16,265,0,213,-16" /><INIT seed="3,0,0,4,2,79" ten="287,251,265,197" oya="3" hai0="111,134,74,51,132,128,36,76,84,9,34,58,102" hai1="13,8,71,81,133,107,41,114,0,91,95,75,29" hai2="82,124,60,56,4,97,66,47,123,61,122,130,33" hai3="65,131,106,19,129,99,110,126,39,31,63,78,23"/><W37/><G31/><T28/><D36/><U12/><E71/><V117/><F117/><W11/><G11/><T93/><D34/><U54/><E114/><V64/><F33/><W57/><G126/><T1/><D28/><U94/><E107/><V115/><F115/><W20/><G20/><T22/><D22/><U26/><E133/><V27/><F124/><W105/><G78/><T46/><D58/><U112/><E112/><V62/><F130/><N who="3" m="49675" /><G110/><T18/><D128/><U80/><E0/><V92/><F4/><W2/><G2/><T68/><D1/><U125/><E125/><V83/><F27/><N who="3" m="14847" /><G99/><T52/><D111/><U25/><E75/><V55/><F123/><W53/><G65/><T5/><D5/><U43/><E29/><V50/><F122/><W32/><G32/><T73/><D9/><U119/><E8/><V127/><F127/><W3/><G3/><T116/><D18/><U48/><E119/><V72/><F72/><W113/><G113/><T40/><D116/><U15/><E12/><V21/><F21/><W109/><G109/><T101/><D74/><U100/><E13/><V69/><REACH who="2" step="1"/><F61/><REACH who="2" ten="287,251,255,197" step="2"/><W70/><G70/><T118/><D68/><U104/><E25/><V59/><F59/><W108/><G108/><T49/><D118/><U90/><E26/><V44/><F44/><W88/><G88/><AGARI ba="0,1" hai="47,50,55,56,60,62,64,66,69,82,83,88,92,97" machi="88" ten="30,8000,1" yaku="1,1,7,1,52,2,54,1,53,0" doraHai="79" doraHaiUra="38" who="2" fromWho="3" sc="287,0,251,0,255,90,197,-80" /><INIT seed="4,0,0,2,4,114" ten="287,251,345,117" oya="0" hai0="99,128,131,20,12,117,40,133,83,16,85,120,51" hai1="9,27,60,44,69,70,52,135,14,125,95,57,22" hai2="96,126,19,34,121,71,56,93,101,124,87,90,106" hai3="113,18,119,21,25,61,24,129,66,132,43,118,2"/><T100/><D120/><U33/><E125/><N who="2" m="48235" /><F121/><W64/><G2/><T31/><D133/><U30/><E135/><V65/><F34/><W8/><G132/><T39/><D39/><U49/><E33/><V28/><F28/><W89/><G113/><T32/><D117/><U54/><REACH who="1" step="1"/><E95/><REACH who="1" ten="287,241,345,117" step="2"/><V67/><F93/><W116/><G129/><T62/><D32/><U10/><E10/><V73/><F106/><W59/><G43/><T108/><D108/><U41/><E41/><V76/><F71/><W13/><G89/><T3/><D131/><U7/><AGARI ba="0,1" hai="7,9,14,22,27,30,44,49,52,54,57,60,69,70" machi="7" ten="20,12000,2" yaku="1,1,0,1,7,1,54,1,53,2" doraHai="114" doraHaiUra="48" who="1" fromWho="1" sc="287,-60,241,130,345,-30,117,-30" /><INIT seed="5,0,0,2,2,12" ten="227,371,315,87" oya="1" hai0="81,121,82,105,16,49,79,14,131,10,29,7,108" hai1="45,94,90,125,124,77,83,30,129,41,24,23,58" hai2="134,56,118,123,73,68,48,27,64,91,26,71,86" hai3="19,103,8,95,120,38,52,74,116,33,63,75,101"/><U114/><E114/><V85/><F123/><W132/><G120/><T96/><D121/><U89/><E129/><V28/><F118/><W65/><G116/><T36/><D108/><U109/><E58/><V15/><F73/><W6/><G132/><T70/><D36/><U47/><E109/><V3/><F3/><W87/><G33/><T32/><D70/><U110/><E110/><V67/><F134/><W18/><G38/><T11/><D131/><U34/><E34/><V122/><F122/><W20/><G75/><T0/><D105/><U1/><E1/><V100/><F100/><N who="3" m="38475" /><G74/><T53/><D96/><N who="1" m="57423" /><E77/><V88/><F15/><N who="3" m="7527" /><G6/><T37/><D37/><U126/><E41/><V4/><F4/><W66/><G95/><T59/><REACH who="0" step="1"/><D79/><REACH who="0" ten="217,371,315,87" step="2"/><U9/><E125/><V130/><F130/><W50/><G87/><T46/><D46/><U55/><E47/><V80/><F71/><W99/><G99/><T54/><D54/><U115/><E55/><V76/><F76/><W39/><G39/><T107/><D107/><U135/><E45/><V13/><F68/><W104/><G104/><T106/><D106/><U111/><E111/><V25/><F86/><W69/><G69/><T117/><D117/><U44/><E135/><V43/><F85/><W113/><G113/><T119/><D119/><U128/><E115/><V98/><F98/><W21/><G63/><T5/><D5/><U92/><E128/><V2/><F48/><W97/><G97/><T133/><D133/><U102/><E126/><V93/><F43/><W35/><G35/><T40/><D40/><U72/><E72/><RYUUKYOKU ba="0,1" sc="217,30,371,-10,315,-10,87,-10" hai0="0,7,10,11,14,16,29,32,49,53,59,81,82" /><INIT seed="6,1,1,4,1,25" ten="247,361,305,77" oya="2" hai0="48,34,55,131,126,111,13,36,18,56,127,125,21" hai1="20,77,63,39,15,14,85,99,72,67,59,10,49" hai2="129,61,64,86,41,52,84,38,9,108,81,100,94" hai3="43,0,95,120,60,65,42,3,123,27,4,30,45"/><V97/><F129/><W117/><G117/><T47/><D111/><U133/><E39/><V134/><F108/><W22/><G43/><T33/><D131/><U103/><E72/><V73/><F134/><W54/><G54/><T28/><D36/><U96/><E133/><V78/><F41/><W112/><G112/><T98/><D98/><U75/><E75/><V62/><F38/><W114/><G114/><T46/><D28/><U35/><E35/><AGARI ba="1,1" hai="13,18,21,33,34,35,46,47,48,55,56,125,126,127" machi="35" ten="50,1600,0" yaku="18,1" doraHai="25" who="0" fromWho="1" sc="247,29,361,-19,305,0,77,0" /><INIT seed="7,0,0,1,0,123" ten="276,342,305,77" oya="3" hai0="135,9,103,89,8,3,30,73,109,68,119,10,65" hai1="81,114,0,31,130,99,108,49,74,26,57,104,40" hai2="125,124,23,2,39,27,51,18,15,98,72,76,12" hai3="36,93,6,126,117,77,80,132,19,75,22,13,82"/><W94/><G117/><T115/><D109/><U7/><E108/><V43/><F2/><W105/><G105/><T28/><D119/><U121/><E121/><V84/><F72/><W92/><G132/><T42/><D3/><U129/><E114/><V5/><F39/><W116/><G116/><T61/><D73/><U70/><E70/><V71/><F71/><W122/><G122/><T53/><D135/><U45/><E0/><V69/><F69/><W47/><G126/><N who="2" m="48745" /><F5/><W44/><G36/><T34/><D42/><U111/><E7/><V62/><F62/><W50/><G50/><T60/><D89/><U79/><E111/><V41/><F98/><W56/><G56/><T96/><D60/><U120/><E120/><V14/><F51/><W1/><REACH who="3" step="1"/><G80/><AGARI ba="0,0" hai="12,14,15,18,23,27,41,43,76,80,84" m="48745" machi="80" ten="30,1000,0" yaku="18,1" doraHai="123" who="2" fromWho="3" sc="276,0,342,0,305,10,77,-10" owari="276,-12.0,342,43.0,315,12.0,67,-43.0" /></mjloggm>