<mjloggm ver="2.3"><GO type="185" lobby="0"/><UN n0="%E3%81%AE%E3%83%BC%E3%81%97" n1="%63%61%6C%63%2E" n2="%44%75%73%6B" n3="" dan="17,19,16,0" rate="2277.65,2397.31,2170.63,1500.00" sx="M,M,M,C"/><TAIKYOKU oya="0"/><INIT seed="0,0,0,4,2,78" ten="350,350,350,0" oya="0" hai0="110,106,122,3,86,80,61,95,123,83,71,89,133" hai1="46,64,103,118,66,134,36,72,119,101,33,76,79" hai2="2,34,87,108,128,73,96,93,97,126,51,32,85" hai3=""/><T92/><N who="0" m="31264" /><T50/><N who="0" m="31520" /><T91/><D3/><U37/><E46/><V48/><F73/><T115/><D106/><U114/><E72/><V68/><F93/><T111/><D115/><U67/><E67/><V42/><F42/><T132/><D50/><U100/><E100/><V49/><F68/><T107/><D107/><U40/><E40/><V98/><F108/><N who="0" m="41514" /><D61/><U127/><E114/><V94/><F94/><N who="0" m="35882" /><D71/><U124/><E33/><V0/><F128/><T77/><D89/><U99/><E99/><V63/><F63/><T105/><D105/><U70/><E70/><V109/><F109/><T58/><D58/><U38/><E37/><V82/><F0/><T1/><D1/><U44/><E44/><V57/><F2/><T125/><D125/><U39/><E39/><V56/><F126/><T47/><D47/><U88/><E88/><V102/><F102/><T62/><D62/><U52/><E124/><V59/><F32/><T60/><D60/><U120/><N who="1" m="30752" /><U135/><E127/><V81/><F34/><T121/><N who="0" m="31008" /><T55/><D55/><AGARI ba="0,0" hai="36,38,52,55,64,66,76,79,101,103,118,119,134,135" m="30752" machi="55" ten="25,6400,0" yaku="22,2,52,1,54,1" doraHai="78" who="1" fromWho="0" sc="350,-64,350,64,350,0,0,0" /><INIT seed="1,0,0,5,0,53" ten="286,414,350,0" oya="1" hai0="77,107,49,91,117,122,60,125,106,64,3,70,52" hai1="44,40,109,62,119,66,59,92,95,68,46,61,50" hai2="97,102,37,57,99,71,110,0,116,123,93,108,47" hai3=""/><U115/><E115/><V34/><N who="2" m="31520" /><V88/><F71/><T94/><N who="0" m="31264" /><T65/><D3/><U1/><E119/><V75/><F34/><T113/><D117/><U36/><E1/><V124/><F116/><T33/><D33/><U134/><E134/><V67/><F0/><T74/><D64/><U131/><E131/><V63/><F75/><T32/><D32/><U42/><REACH who="1" step="1"/><E109/><REACH who="1" ten="286,404,350,0" step="2"/><V78/><F108/><T85/><D113/><U82/><E82/><V111/><F110/><T41/><D125/><U2/><E2/><V118/><F111/><T130/><D130/><U133/><E133/><V51/><F124/><T98/><D106/><U83/><E83/><V84/><F118/><T38/><D107/><U48/><E48/><V55/><F55/><AGARI ba="0,1" hai="36,40,42,44,46,50,55,59,61,62,66,68,92,95" machi="55" ten="30,5800,0" yaku="1,1,7,1,52,1,53,0" doraHai="53" doraHaiUra="72" who="1" fromWho="2" sc="286,0,404,68,350,-58,0,0" /><INIT seed="1,1,0,4,4,60" ten="286,472,292,0" oya="1" hai0="98,133,120,97,125,71,119,102,109,34,66,132,91" hai1="126,52,83,89,96,73,79,1,108,116,47,67,92" hai2="87,134,114,58,115,35,104,55,44,93,33,49,76" hai3=""/><U45/><E116/><V107/><F134/><T85/><N who="0" m="30752" /><T64/><D34/><N who="2" m="12810" /><F76/><T65/><D119/><U3/><E126/><V62/><F87/><T127/><D71/><U106/><E108/><V80/><F80/><T54/><D54/><U121/><N who="1" m="31008" /><U124/><E124/><N who="0" m="47689" /><D109/><U81/><E83/><V53/><F93/><T69/><D69/><U36/><E106/><V48/><F48/><T37/><D37/><U110/><E110/><V40/><F40/><T0/><D0/><U75/><E3/><V78/><F78/><T135/><D102/><U57/><E1/><V117/><F117/><T112/><D112/><AGARI ba="1,0" hai="44,49,53,55,58,62,104,107,112,114,115" m="12810" machi="112" ten="30,1000,0" yaku="11,1" doraHai="60" who="2" fromWho="0" sc="286,-12,472,0,292,12,0,0" /><INIT seed="2,0,0,0,4,68" ten="274,472,304,0" oya="2" hai0="103,32,92,70,51,119,102,57,97,54,96,33,66" hai1="89,115,61,58,135,52,39,98,1,56,71,112,133" hai2="101,55,116,106,50,75,85,53,80,76,64,90,65" hai3=""/><V100/><F116/><T46/><D119/><U82/><E1/><V131/><F131/><T114/><D70/><U129/><E71/><V40/><F40/><T111/><D111/><U87/><E129/><V134/><F134/><N who="1" m="51209" /><E39/><V124/><F124/><T94/><D114/><U132/><N who="1" m="51217" /><U109/><DORA hai="44" /><E109/><V107/><F55/><T41/><REACH who="0" step="1"/><D66/><REACH who="0" ten="264,472,304,0" step="2"/><U86/><E112/><V73/><F64/><T84/><D84/><U72/><E115/><V63/><F73/><T120/><N who="0" m="30752" /><T60/><AGARI ba="0,1" hai="32,33,41,46,51,54,57,60,92,94,96,97,102,103" m="30752" machi="60" ten="20,12000,3" yaku="1,1,4,1,0,1,7,1,9,1,52,2,53,2" doraHai="68,44" doraHaiUra="37,118" who="0" fromWho="0" sc="264,130,472,-40,304,-80,0,0" /><INIT seed="4,0,0,4,4,107" ten="394,432,224,0" oya="0" hai0="134,42,60,112,37,86,78,90,76,50,87,48,39" hai1="103,51,126,88,68,53,117,46,97,133,79,92,110" hai2="109,105,40,58,98,120,118,85,35,55,111,82,95" hai3=""/><T96/><D112/><U104/><E110/><V34/><N who="2" m="30752" /><V0/><F0/><T63/><D134/><U45/><E117/><V66/><F118/><T70/><D96/><U102/><E133/><V80/><F105/><T106/><D106/><U47/><E68/><V44/><F66/><T123/><N who="0" m="31520" /><T57/><D57/><U2/><E2/><V73/><F80/><T128/><D42/><U3/><E3/><V52/><F55/><T121/><N who="0" m="31008" /><T36/><D36/><U49/><E126/><V101/><F109/><T129/><REACH who="0" step="1"/><D90/><REACH who="0" ten="384,432,224,0" step="2"/><U69/><E104/><V116/><F111/><T99/><D99/><U125/><E125/><V119/><F116/><T94/><D94/><U89/><E89/><V56/><F119/><T59/><D59/><U132/><E132/><V33/><F58/><T54/><D54/><U41/><E53/><V124/><F124/><T1/><D1/><U114/><E41/><V72/><F33/><T32/><D32/><U122/><E114/><V64/><F34/><T71/><AGARI ba="0,1" hai="37,39,48,50,60,63,70,71,76,78,86,87,128,129" m="31008,31520" machi="71" ten="25,12000,2" yaku="1,1,0,1,22,2,52,2,53,0" doraHai="107" doraHaiUra="84" who="0" fromWho="0" sc="384,130,432,-60,224,-60,0,0" /><INIT seed="4,1,0,3,0,43" ten="514,372,164,0" oya="0" hai0="41,76,100,80,86,61,125,60,132,131,56,112,105" hai1="45,106,130,77,135,126,65,42,32,55,85,36,93" hai2="48,82,78,134,37,96,54,102,90,129,38,89,75" hai3=""/><T122/><N who="0" m="31264" /><T52/><D132/><U49/><E32/><V46/><F129/><T44/><D131/><U79/><E130/><V108/><F134/><T83/><D125/><U35/><E35/><V115/><F115/><T81/><D112/><U120/><N who="1" m="30752" /><U58/><E135/><V124/><F108/><T51/><REACH who="0" step="1"/><D61/><REACH who="0" ten="504,372,164,0" step="2"/><U84/><E126/><V70/><F124/><T116/><D116/><U113/><E113/><V74/><F37/><T119/><D119/><U67/><E106/><V33/><F38/><T88/><D88/><U68/><E93/><V64/><F89/><T1/><D1/><U66/><REACH who="1" step="1"/><E68/><REACH who="1" ten="504,362,164,0" step="2"/><V99/><F90/><T57/><D57/><U98/><E98/><AGARI ba="1,2" hai="41,44,51,52,56,60,76,80,81,83,86,98,100,105" m="31264" machi="98" ten="40,12000,1" yaku="1,1,52,2,54,1,53,0" doraHai="43" doraHaiUra="111" who="0" fromWho="1" sc="504,142,362,-122,164,0,0,0" /><INIT seed="4,2,0,3,0,75" ten="646,240,164,0" oya="0" hai0="58,85,99,114,54,94,90,113,60,34,63,89,120" hai1="71,102,50,119,49,46,106,68,100,109,36,98,77" hai2="103,2,52,111,123,73,45,78,81,43,37,42,62" hai3=""/><T95/><N who="0" m="30752" /><T41/><D34/><U132/><E109/><V70/><N who="2" m="31520" /><V53/><F2/><T48/><D41/><U96/><E119/><V108/><F43/><T133/><D133/><U39/><E46/><V55/><REACH who="2" step="1"/><F103/><REACH who="2" ten="646,240,154,0" step="2"/><T3/><D3/><U126/><E132/><V74/><F74/><T93/><D93/><U76/><E126/><V134/><F134/><T117/><D117/><U66/><E106/><V35/><F35/><T84/><D99/><U107/><E107/><V122/><N who="2" m="31264" /><V105/><F105/><T129/><D129/><U112/><E112/><AGARI ba="2,1" hai="48,54,58,60,63,84,85,89,90,94,95,112,113,114" m="30752" machi="112" ten="40,7700,0" yaku="9,1,15,1,52,1" doraHai="75" who="0" fromWho="1" sc="646,91,240,-81,154,0,0,0" /><INIT seed="4,3,0,3,3,120" ten="737,159,154,0" oya="0" hai0="60,113,52,37,132,43,94,35,111,90,46,44,77" hai1="79,114,126,1,100,80,123,48,3,96,112,54,115" hai2="68,82,127,134,58,76,118,53,103,71,98,34,135" hai3=""/><T95/><D35/><U85/><N who="1" m="31520" /><U83/><E126/><V65/><F127/><T69/><D132/><N who="2" m="50730" /><F65/><T130/><D130/><U119/><E80/><V88/><F118/><T41/><D77/><U64/><E64/><V51/><F34/><T40/><D40/><U104/><REACH who="1" step="1"/><E119/><REACH who="1" ten="737,149,154,0" step="2"/><V107/><F76/><T117/><D117/><U121/><N who="1" m="31008" /><U63/><E63/><V91/><F82/><T36/><D60/><U124/><E124/><V105/><F105/><T133/><D95/><U131/><E131/><V110/><F71/><T109/><D69/><U93/><E93/><V89/><F68/><T70/><D70/><U81/><E81/><V2/><F2/><T125/><D125/><U42/><E42/><V72/><F72/><T59/><D133/><U73/><E73/><V56/><F56/><AGARI ba="3,1" hai="1,3,48,54,56,79,83,85,96,100,104,112,114,115" m="31008,31520" machi="56" ten="40,12000,2" yaku="1,1,15,1,11,1,52,2,53,1" doraHai="120" doraHaiUra="45" who="1" fromWho="2" sc="737,0,149,136,154,-126,0,0" /><INIT seed="5,0,0,3,2,75" ten="737,285,28,0" oya="1" hai0="128,126,109,40,71,48,49,116,133,95,130,121,86" hai1="113,98,0,110,32,64,74,77,81,92,62,72,78" hai2="55,101,52,51,61,115,106,103,68,63,39,84,132" hai3=""/><U66/><E32/><V100/><F39/><T38/><D71/><U94/><E0/><V41/><F132/><T88/><D126/><U47/><E113/><V93/><F106/><T112/><D112/><U91/><E110/><V119/><F119/><T87/><D133/><U123/><N who="1" m="31520" /><U59/><E47/><V3/><F3/><T58/><D116/><U107/><E107/><V114/><F41/><T45/><D109/><U60/><E92/><V73/><F73/><T69/><D69/><U56/><E77/><V79/><F68/><T83/><N who="0" m="31008" /><T97/><D87/><AGARI ba="0,0" hai="56,59,60,62,64,66,72,74,78,81,87,91,94,98" m="31520" machi="87" ten="30,11600,0" yaku="7,1,9,1,52,2" doraHai="75" who="1" fromWho="0" sc="737,-116,285,116,28,0,0,0" /><INIT seed="5,1,0,4,4,87" ten="621,401,28,0" oya="1" hai0="109,125,42,63,45,112,131,128,46,68,117,121,38" hai1="124,130,101,55,110,32,107,0,100,132,52,41,111" hai2="102,129,118,85,108,74,83,2,116,33,57,43,37" hai3=""/><U98/><E0/><V79/><F108/><N who="1" m="41513" /><E32/><V122/><N who="2" m="31264" /><V86/><F102/><T60/><N who="0" m="31008" /><T115/><D109/><U62/><E130/><N who="0" m="49705" /><D117/><U105/><E132/><V81/><F129/><T1/><D1/><U92/><E124/><V127/><F127/><T54/><D68/><U103/><E41/><V93/><F43/><T123/><N who="0" m="31520" /><T91/><D91/><U69/><E103/><V47/><F33/><T56/><D125/><U49/><E101/><V64/><F2/><T76/><D76/><U67/><E55/><V72/><F64/><T70/><D45/><AGARI ba="1,0" hai="45,49,52,62,67,69,92,98,100,105,107" m="41513" machi="45" ten="30,2900,0" yaku="10,1,54,1" doraHai="87" who="1" fromWho="0" sc="621,-31,401,31,28,0,0,0" /><INIT seed="5,2,0,3,1,67" ten="590,432,28,0" oya="1" hai0="132,95,41,71,42,133,127,44,84,80,83,129,113" hai1="64,77,52,94,47,81,1,62,90,38,115,114,51" hai2="98,48,58,61,107,97,66,128,102,86,73,121,92" hai3=""/><U106/><E106/><V35/><N who="2" m="31008" /><V99/><F128/><T100/><D129/><U70/><E1/><V96/><F73/><T85/><D127/><U111/><E111/><V39/><F39/><T59/><D71/><U91/><E38/><V122/><N who="2" m="31264" /><V89/><REACH who="2" step="1"/><F48/><REACH who="2" ten="590,432,18,0" step="2"/><T32/><D132/><U108/><E108/><V103/><F103/><T118/><D100/><U2/><E2/><V78/><F78/><T53/><D133/><U117/><E117/><V134/><F134/><T116/><D118/><U131/><E131/><V74/><F74/><T50/><D116/><U124/><E124/><V68/><F68/><T0/><D0/><U109/><E109/><V119/><F119/><T69/><D69/><U120/><N who="1" m="30752" /><U34/><E34/><AGARI ba="2,1" hai="34,35,58,61,66,86,89,92,96,97,98,99,102,107" m="31264,31008" machi="34" ten="40,5200,0" yaku="1,1,52,2,53,0" doraHai="67" doraHaiUra="123" who="2" fromWho="1" sc="590,0,432,-56,18,66,0,0" /><INIT seed="6,0,0,0,2,3" ten="590,376,84,0" oya="2" hai0="99,36,72,86,60,76,63,61,97,92,89,74,111" hai1="70,52,124,37,98,54,117,65,129,119,82,77,85" hai2="103,34,135,122,84,88,80,48,1,78,114,69,46" hai3=""/><V90/><N who="2" m="31264" /><V40/><F1/><T51/><D36/><U50/><E37/><V106/><F69/><T102/><D111/><U45/><E129/><V49/><F114/><T109/><D109/><U113/><E124/><V123/><N who="2" m="31520" /><V35/><F135/><T104/><D51/><U95/><E113/><V44/><F103/><T101/><D76/><U105/><E105/><AGARI ba="0,0" hai="60,61,63,72,74,86,89,92,97,99,101,102,104,105" machi="105" ten="40,1300,0" yaku="9,1" doraHai="3" who="0" fromWho="1" sc="590,13,376,-13,84,0,0,0" owari="603,56.0,363,-4.0,84,-52.0,0,0.0" /></mjloggm>