<mjloggm ver="2.3"><GO type="185" lobby="0"/><UN n0="%E3%81%BE%E3%81%A3%E3%81%97%E3%83%BC" n1="%E3%83%A6%E3%83%B3%E3%82%B0%E3%83%99%E3%83%AA" n2="%E9%95%B7%E9%87%8E%E6%9D%BE%E6%9C%AC" n3="" dan="16,16,17,0" rate="2239.95,2135.12,2231.59,1500.00" sx="F,M,M,C"/><TAIKYOKU oya="0"/><INIT seed="0,0,0,3,5,63" ten="350,350,350,0" oya="0" hai0="117,54,119,72,124,69,43,86,76,57,104,91,106" hai1="93,35,99,82,115,49,32,38,114,81,33,45,121" hai2="58,53,90,129,56,67,111,92,73,52,85,125,101" hai3=""/><T37/><D69/><U109/><N who="1" m="31008" /><U103/><E38/><V1/><F1/><T47/><D124/><U112/><REACH who="1" step="1"/><E109/><REACH who="1" ten="350,340,350,0" step="2"/><V96/><F111/><T75/><D119/><U51/><E51/><V65/><F125/><T40/><D117/><U123/><N who="1" m="31520" /><U118/><E118/><V50/><F129/><T108/><D108/><U71/><E71/><V62/><REACH who="2" step="1"/><F73/><REACH who="2" ten="350,340,340,0" step="2"/><T120/><N who="0" m="30752" /><T132/><D75/><U48/><E48/><V64/><F64/><T133/><D72/><U135/><E135/><V126/><F126/><T98/><D133/><U3/><E3/><V2/><F2/><T74/><D132/><U70/><E70/><V134/><F134/><T89/><D74/><U94/><E94/><AGARI ba="0,2" hai="50,52,53,56,58,62,65,67,85,90,92,94,96,101" machi="94" ten="30,12000,2" yaku="1,1,7,1,8,1,52,2,54,1,53,0" doraHai="63" doraHaiUra="127" who="2" fromWho="1" sc="350,0,340,-120,340,140,0,0" /><INIT seed="1,0,0,0,0,78" ten="350,220,480,0" oya="1" hai0="88,129,73,37,124,68,60,89,128,105,49,61,110" hai1="40,97,115,47,85,41,36,39,50,91,83,107,131" hai2="34,113,126,87,75,81,100,70,95,111,104,44,99" hai3=""/><U123/><N who="1" m="31520" /><U63/><E115/><V52/><F34/><T72/><D37/><U94/><E131/><N who="0" m="50249" /><D105/><U2/><E2/><V77/><F111/><T59/><D124/><U134/><E134/><V130/><F70/><T38/><D38/><U69/><E40/><V90/><F130/><T93/><D110/><U84/><E107/><V98/><F126/><T51/><D68/><U102/><REACH who="1" step="1"/><E84/><REACH who="1" ten="350,210,480,0" step="2"/><V125/><F125/><T57/><D73/><U121/><N who="1" m="31008" /><U108/><E108/><V101/><F113/><T43/><D72/><U103/><E103/><V74/><F44/><T3/><D3/><U35/><E35/><V116/><F116/><T55/><D43/><U119/><E119/><V80/><F52/><T65/><D89/><U117/><E117/><V64/><F64/><AGARI ba="0,1" hai="36,39,41,47,50,63,64,69,83,85,91,94,97,102" m="31008,31520" machi="64" ten="40,12000,1" yaku="1,1,52,3,53,0" doraHai="78" doraHaiUra="0" who="1" fromWho="2" sc="350,0,210,130,480,-120,0,0" /><INIT seed="1,1,0,1,3,85" ten="350,340,360,0" oya="1" hai0="69,76,101,0,63,37,41,124,77,62,67,86,75" hai1="135,3,55,57,119,71,89,128,100,54,50,83,103" hai2="118,132,48,87,105,72,90,110,98,32,35,73,80" hai3=""/><U107/><E3/><V130/><F132/><T74/><D0/><U43/><E119/><V51/><F118/><T84/><D124/><U126/><E126/><V33/><F130/><T47/><D101/><U91/><E71/><V113/><F110/><T102/><D102/><U56/><E128/><V114/><F105/><T88/><D86/><U134/><E43/><V60/><F60/><T39/><D39/><U64/><E64/><V122/><N who="2" m="31264" /><V59/><F98/><T34/><D34/><U52/><E83/><V120/><N who="2" m="30752" /><V68/><F68/><T42/><D42/><U112/><E54/><V111/><F111/><T94/><REACH who="0" step="1"/><D62/><REACH who="0" ten="340,340,360,0" step="2"/><U61/><E61/><V40/><F40/><T44/><D44/><U2/><E2/><V97/><F32/><T93/><D93/><U116/><E116/><V53/><F33/><T131/><D131/><U81/><E81/><V106/><F35/><T95/><D95/><U45/><E45/><V1/><F1/><T70/><D70/><U49/><E107/><V99/><F106/><T58/><D58/><U66/><E66/><V133/><F80/><T82/><D82/><U117/><E117/><V123/><F123/><T125/><D125/><U38/><E38/><V109/><F109/><RYUUKYOKU ba="1,1" sc="340,10,340,10,360,-20,0,0" hai0="37,41,47,63,67,69,74,75,76,77,84,88,94" hai1="49,50,52,55,56,57,89,91,100,103,112,134,135" /><INIT seed="1,2,1,3,3,119" ten="350,350,340,0" oya="1" hai0="101,116,94,39,55,37,77,62,120,72,49,45,125" hai1="50,64,96,131,48,1,51,40,83,70,113,114,117" hai2="91,97,132,129,93,111,121,0,57,73,133,107,135" hai3=""/><U3/><E117/><V84/><N who="2" m="31008" /><V127/><F0/><T59/><N who="0" m="30752" /><T88/><D116/><U92/><E131/><V78/><F129/><T66/><D125/><U123/><N who="1" m="31520" /><U71/><E40/><V105/><F127/><T35/><D35/><U65/><E83/><V53/><F111/><T43/><D101/><U74/><E74/><V115/><F115/><T46/><D77/><U99/><E50/><V110/><F110/><T85/><D72/><U33/><REACH who="1" step="1"/><E92/><REACH who="1" ten="350,340,340,0" step="2"/><V47/><F73/><T100/><D100/><U104/><E104/><V54/><F107/><T126/><D126/><U124/><E124/><V42/><F105/><T106/><D106/><U41/><E41/><V122/><N who="2" m="31264" /><V89/><F78/><T75/><D75/><U80/><E80/><V52/><F42/><T130/><D130/><U44/><E44/><V58/><F47/><T108/><D108/><U60/><E60/><V38/><F38/><AGARI ba="2,2" hai="37,38,39,43,45,46,49,55,59,62,66,85,88,94" m="30752" machi="38" ten="30,7700,0" yaku="7,1,52,2,54,1" doraHai="119" who="0" fromWho="2" sc="350,101,340,0,340,-81,0,0" /><INIT seed="2,0,0,2,3,51" ten="451,340,259,0" oya="2" hai0="134,36,94,114,67,37,66,50,77,118,64,79,127" hai1="124,34,45,113,96,133,95,86,42,92,89,85,61" hai2="111,72,57,63,40,107,71,130,59,75,56,99,126" hai3=""/><V108/><F126/><T62/><D118/><U41/><E34/><V98/><F130/><T135/><D127/><U90/><E124/><V82/><F40/><T104/><D104/><U132/><E113/><V35/><F35/><T125/><D125/><U58/><E96/><N who="2" m="36907" /><F107/><T120/><N who="0" m="30752" /><T112/><D94/><U131/><E131/><V115/><F82/><T48/><D62/><U73/><E73/><N who="2" m="28235" /><F71/><T68/><D66/><U80/><E80/><V39/><F39/><T43/><D43/><U103/><E103/><V121/><N who="2" m="31008" /><V3/><F3/><T105/><D105/><U70/><E70/><AGARI ba="0,0" hai="36,37,48,50,64,67,68,70,77,79,112,114,134,135" m="30752" machi="70" ten="25,3200,0" yaku="22,2,52,1" doraHai="51" who="0" fromWho="1" sc="451,32,340,-32,259,0,0,0" /><INIT seed="4,0,0,2,5,110" ten="483,308,259,0" oya="0" hai0="94,79,80,42,129,59,91,48,86,120,135,78,123" hai1="52,47,71,81,76,57,109,51,50,64,84,90,37" hai2="45,41,75,116,113,102,2,128,55,121,83,62,82" hai3=""/><T54/><N who="0" m="30752" /><T58/><N who="0" m="31520" /><T132/><D129/><U60/><E109/><V92/><N who="2" m="31008" /><V122/><F2/><T105/><D105/><U117/><E117/><V95/><N who="2" m="31264" /><V39/><F116/><T119/><D119/><U40/><REACH who="1" step="1"/><E50/><REACH who="1" ten="483,298,259,0" step="2"/><V38/><F38/><T118/><D118/><U36/><E36/><V85/><F128/><T68/><D68/><U74/><E74/><V133/><F75/><T1/><D1/><U108/><E108/><V134/><F134/><N who="0" m="51242" /><D42/><U49/><E49/><V97/><F133/><T66/><D80/><U124/><E124/><V65/><F83/><T46/><D59/><U114/><E114/><V96/><F113/><T127/><D127/><U44/><E44/><V3/><F82/><T112/><D112/><U63/><E63/><AGARI ba="0,1" hai="46,48,54,58,63,66,78,79,86,91,94" m="51242,31520,30752" machi="63" ten="30,5800,0" yaku="20,1,52,2" doraHai="110" who="0" fromWho="1" sc="483,68,298,-58,259,0,0,0" /><INIT seed="4,1,0,3,5,114" ten="551,240,259,0" oya="0" hai0="35,131,108,49,94,103,2,134,68,54,70,43,69" hai1="100,110,48,41,77,92,52,133,128,63,71,79,99" hai2="32,80,126,83,129,36,121,72,118,81,37,57,130" hai3=""/><T120/><N who="0" m="30752" /><T75/><D2/><U91/><E110/><V85/><N who="2" m="31008" /><V124/><F32/><T55/><D35/><U64/><E128/><N who="2" m="49259" /><F72/><T53/><D131/><U105/><E133/><V87/><F57/><T1/><D1/><U122/><N who="1" m="31264" /><U60/><E60/><V96/><F96/><T50/><D75/><U132/><E41/><V119/><F36/><T104/><D104/><U113/><E113/><V117/><F37/><T109/><D134/><U86/><REACH who="1" step="1"/><E132/><REACH who="1" ten="551,230,259,0" step="2"/><V33/><F33/><T101/><D43/><U89/><E89/><V39/><F39/><T78/><D109/><U38/><E38/><V62/><F62/><T47/><D108/><U82/><E82/><V65/><F65/><T116/><D50/><U127/><E127/><AGARI ba="1,1" hai="80,81,83,85,87,117,118,119,124,126,127" m="49259,31008" machi="127" ten="40,24000,4" yaku="28,2,12,1,18,1,19,1,34,2,52,4" doraHai="114" who="2" fromWho="1" sc="551,0,230,-242,259,252,0,0" owari="551,50.0,-12,-61.0,511,11.0,0,0.0" /></mjloggm>