<mjloggm ver="2.3"><GO type="169" lobby="0"/><UN n0="%E8%A5%BF%E5%B2%A1%E8%82%B2%E6%9C%AA%E2%99%AA" n1="%E4%B9%BE%E5%9D%A4%E5%8D%81%E4%BA%94%E6%93%B2" n2="%E3%82%A2%E3%83%8B%E3%82%AA%E3%83%B3%EF%BC%92" n3="%E3%83%AF%E3%83%8B%54%41" dan="16,16,16,17" rate="2098.28,2114.66,2125.64,2244.81" sx="F,M,F,M"/><TAIKYOKU oya="0"/><INIT seed="0,0,0,1,2,87" ten="250,250,250,250" oya="0" hai0="7,57,17,26,11,10,128,65,14,95,83,39,58" hai1="70,50,134,112,37,45,59,43,105,125,74,16,126" hai2="84,115,124,61,109,2,9,116,86,79,29,108,132" hai3="18,114,33,107,60,63,111,131,127,94,53,1,52"/><T3/><D128/><U98/><E74/><V49/><F115/><W12/><G111/><T31/><D39/><U62/><E105/><V66/><F116/><W54/><G114/><T47/><D47/><U28/><E28/><V75/><F29/><W90/><G1/><T104/><D104/><U72/><E72/><V21/><F21/><N who="3" m="11463" /><G33/><T121/><D121/><U38/><E98/><V89/><F124/><N who="1" m="47721" /><E112/><V102/><F102/><W73/><G73/><T129/><D129/><U15/><E134/><V133/><F75/><W106/><G107/><T99/><D83/><U41/><E41/><V77/><F49/><W24/><G106/><T32/><REACH who="0" step="1"/><D65/><REACH who="0" ten="240,250,250,250" step="2"/><N who="1" m="39135" /><E70/><V88/><F66/><W71/><G71/><T40/><D40/><U117/><E117/><V0/><REACH who="2" step="1"/><F61/><REACH who="2" ten="240,250,240,250" step="2"/><W64/><G131/><T91/><AGARI ba="0,2" hai="3,7,10,11,14,17,26,31,32,57,58,91,95,99" machi="91" ten="20,7800,0" yaku="1,1,0,1,7,1,52,1,53,0" doraHai="87" doraHaiUra="96" who="0" fromWho="0" sc="240,98,250,-26,240,-26,250,-26" /><INIT seed="0,1,0,2,2,98" ten="338,224,214,224" oya="0" hai0="87,35,129,54,93,42,77,91,2,103,81,11,46" hai1="118,12,80,51,73,76,96,22,113,121,127,99,30" hai2="8,62,1,13,94,72,6,106,104,9,122,130,37" hai3="111,92,60,120,117,133,36,49,128,90,64,17,32"/><T107/><D35/><U78/><E121/><V68/><F72/><W65/><G111/><T18/><D129/><U67/><E118/><V7/><F122/><W66/><G117/><T79/><D54/><U26/><E127/><V28/><F37/><W29/><G120/><T108/><D108/><U10/><E113/><V25/><F130/><W75/><G75/><T112/><D112/><U71/><E78/><V61/><F94/><W3/><G3/><T115/><D115/><U34/><E34/><V119/><F119/><W55/><G133/><T82/><D2/><U132/><E132/><V95/><F95/><W59/><G17/><T123/><D123/><U33/><E33/><V101/><F68/><W102/><G36/><T27/><D107/><U109/><E109/><V23/><F106/><W19/><G128/><T70/><D70/><U83/><E83/><V16/><F28/><W39/><G39/><T110/><D110/><U58/><E71/><V40/><REACH who="2" step="1"/><F40/><REACH who="2" ten="338,224,204,224" step="2"/><W24/><G92/><T4/><D93/><U5/><E73/><V0/><F0/><W124/><G29/><T38/><D38/><U131/><E131/><V135/><F135/><W20/><G124/><T84/><D42/><U44/><E30/><V15/><F15/><W41/><G41/><T85/><D82/><U50/><E80/><V63/><F63/><W74/><G60/><T45/><D81/><U43/><E43/><V69/><F69/><W88/><G74/><T105/><D79/><U125/><E76/><V21/><F21/><W116/><G116/><T134/><D77/><U52/><E22/><RYUUKYOKU ba="1,1" sc="338,-10,224,-10,204,30,224,-10" hai2="1,6,7,8,9,13,16,23,25,61,62,101,104" /><INIT seed="1,2,1,0,0,32" ten="328,214,234,214" oya="1" hai0="7,113,4,38,99,37,107,88,70,79,51,118,50" hai1="85,110,40,20,22,9,94,21,117,97,52,128,80" hai2="89,119,16,3,56,27,11,24,63,8,25,112,114" hai3="95,28,10,126,105,44,73,47,18,42,13,45,68"/><U83/><E117/><V125/><F125/><W86/><G73/><T39/><D118/><U87/><E128/><V78/><F78/><W34/><G105/><T2/><D113/><N who="2" m="43626" /><F119/><W49/><G126/><T53/><D70/><U100/><E40/><V59/><F89/><W43/><G68/><T93/><D79/><U64/><E64/><V72/><F72/><W91/><G34/><T129/><D129/><U60/><E110/><V81/><F81/><N who="1" m="31305" /><E9/><V98/><F98/><W26/><G43/><T6/><D107/><U61/><E61/><V108/><F108/><W116/><G116/><T23/><D23/><U90/><E90/><V46/><F46/><W19/><G28/><T12/><D12/><U65/><E65/><V130/><F130/><W109/><G109/><T124/><D124/><U77/><E77/><V66/><F11/><W82/><G82/><T35/><D35/><U134/><E134/><V48/><F48/><W69/><G69/><T96/><D51/><U57/><AGARI ba="2,1" hai="20,21,22,52,57,60,85,87,94,97,100" m="31305" machi="57" ten="30,3000,0" yaku="8,1,54,1" doraHai="32" who="1" fromWho="1" sc="328,-12,214,46,234,-12,214,-12" /><INIT seed="1,3,0,3,2,134" ten="316,260,222,202" oya="1" hai0="32,99,73,68,113,5,63,131,111,53,65,33,22" hai1="89,70,121,35,122,61,85,46,69,23,30,36,31" hai2="6,96,14,4,75,49,90,77,20,62,8,52,64" hai3="133,118,117,80,88,29,79,104,135,126,100,26,106"/><U114/><E114/><V58/><F75/><N who="3" m="43135" /><G29/><T9/><D113/><U124/><E124/><V127/><F127/><W28/><G28/><T40/><D73/><U81/><E35/><V56/><F77/><W102/><G26/><T38/><D22/><U92/><E31/><V25/><F14/><W39/><G39/><T37/><D53/><U125/><E125/><V108/><F8/><W57/><G57/><T42/><D111/><U17/><E30/><V41/><F41/><W60/><G60/><T16/><D16/><U10/><E10/><V98/><F108/><W120/><G120/><T86/><D86/><U45/><E122/><V43/><F43/><W109/><G109/><T27/><D27/><U115/><E121/><V2/><F2/><W112/><G112/><T47/><D99/><N who="2" m="37930" /><F90/><W24/><G24/><T93/><D93/><U74/><E115/><V87/><F87/><W107/><G88/><T71/><D68/><U66/><E70/><V67/><F67/><W78/><G78/><T129/><D33/><U97/><E74/><V15/><F15/><W1/><G1/><N who="0" m="175" /><D32/><U123/><E123/><V105/><F4/><W116/><G126/><T7/><D7/><U72/><E72/><V34/><F6/><W103/><AGARI ba="3,0" hai="100,102,103,104,106,107,116,117,118,133,135" m="43135" machi="103" ten="50,8000,1" yaku="29,2,12,1,34,2" doraHai="134" who="3" fromWho="3" sc="316,-23,260,-43,222,-23,202,89" /><INIT seed="2,0,0,3,4,100" ten="293,217,199,291" oya="2" hai0="27,125,16,36,94,120,95,126,113,123,51,83,50" hai1="42,3,72,10,110,66,24,47,53,37,80,14,15" hai2="7,116,71,134,103,104,67,81,98,122,114,4,8" hai3="44,106,12,73,107,56,20,129,101,124,70,112,55"/><V108/><F122/><N who="0" m="46634" /><D36/><U25/><E110/><V18/><F114/><W89/><G101/><T132/><D83/><U99/><E66/><V11/><F108/><W130/><G70/><T1/><D113/><U59/><E99/><V39/><F116/><W21/><G73/><T93/><D1/><U17/><E15/><V34/><F134/><W128/><G124/><N who="0" m="47723" /><D132/><U115/><E115/><V45/><F18/><N who="3" m="10311" /><G112/><T92/><D92/><U35/><E35/><V60/><F81/><W6/><G6/><T65/><D65/><U84/><E72/><V78/><F78/><W61/><G89/><T40/><D40/><U52/><E3/><V0/><F4/><W63/><G63/><T97/><D97/><U86/><E86/><V23/><F8/><W90/><G90/><T131/><D131/><U118/><E118/><V58/><F23/><AGARI ba="0,0" hai="16,23,27,50,51,93,94,95" m="47723,46634" machi="23" ten="40,2600,0" yaku="18,1,54,1" doraHai="100" who="0" fromWho="2" sc="293,26,217,0,199,-26,291,0" /><INIT seed="3,0,0,1,4,88" ten="319,217,173,291" oya="3" hai0="87,84,127,35,108,115,4,14,26,117,81,34,28" hai1="132,113,38,48,93,45,79,86,23,41,85,78,128" hai2="99,5,10,50,65,76,39,68,97,33,42,59,67" hai3="114,63,36,104,55,89,110,119,129,73,40,82,71"/><W57/><G119/><T12/><D117/><U1/><E113/><V116/><F116/><W37/><G114/><T15/><D115/><U7/><E132/><V24/><F76/><W66/><G104/><T120/><D120/><U80/><E128/><V49/><F33/><W77/><G129/><T135/><D135/><U27/><E1/><V101/><F24/><W18/><G110/><T56/><D108/><U90/><E7/><V62/><F67/><W134/><G134/><T111/><D111/><U92/><E38/><V91/><F91/><W83/><G18/><T74/><D127/><U46/><E46/><V133/><F133/><W8/><G8/><T95/><D34/><U53/><E78/><V118/><F118/><W61/><REACH who="3" step="1"/><G40/><REACH who="3" ten="319,217,173,281" step="2"/><T52/><D4/><U72/><E72/><V17/><F17/><W30/><G30/><T75/><D75/><U100/><E41/><V126/><F10/><W58/><G58/><T60/><D74/><U43/><E43/><V31/><F59/><W51/><G51/><T94/><REACH who="0" step="1"/><D84/><AGARI ba="0,1" hai="36,37,55,57,61,63,66,71,73,77,82,83,84,89" machi="84" ten="40,2000,0" yaku="1,1,53,0" doraHai="88" doraHaiUra="122" who="3" fromWho="0" sc="319,-20,217,0,173,0,281,30" /><INIT seed="3,1,0,3,0,17" ten="299,217,173,311" oya="3" hai0="115,85,129,19,84,5,46,36,130,82,6,35,116" hai1="121,131,60,57,33,74,134,102,101,45,65,86,56" hai2="132,125,52,90,8,112,80,66,7,9,22,104,61" hai3="122,117,40,110,79,76,123,12,43,109,87,120,126"/><W108/><G12/><T51/><D36/><U11/><E121/><V88/><F104/><W64/><G64/><T93/><D35/><U28/><E74/><V20/><F112/><W95/><G126/><T113/><D93/><U49/><E134/><V63/><F125/><W119/><G95/><T62/><D62/><U106/><E131/><N who="0" m="50185" /><D19/><U94/><E106/><V53/><F132/><W10/><G10/><N who="2" m="4201" /><F7/><N who="0" m="2570" /><D116/><N who="3" m="44617" /><G87/><N who="0" m="33355" /><D82/><U4/><E33/><V75/><F75/><W26/><G26/><T24/><D24/><U91/><E28/><V42/><F80/><W70/><G70/><T16/><D16/><U30/><E30/><V72/><F72/><W133/><G133/><T18/><D18/><U23/><E57/><N who="2" m="37167" /><F63/><W83/><G83/><T127/><D127/><U44/><E102/><V73/><F73/><W13/><G13/><T92/><D92/><U0/><E101/><V59/><F59/><W47/><G47/><T103/><D103/><U114/><E45/><V135/><F135/><W54/><G54/><AGARI ba="1,0" hai="46,51,54,113,115" m="33355,2570,50185" machi="54" ten="30,1000,0" yaku="19,1" doraHai="17" who="0" fromWho="3" sc="299,13,217,0,173,0,311,-13" /><INIT seed="4,0,0,3,5,88" ten="312,217,173,298" oya="0" hai0="124,58,31,135,86,132,92,9,13,35,5,116,99" hai1="93,74,54,2,68,126,59,110,111,82,123,21,53" hai2="38,39,134,47,32,102,112,87,0,45,19,104,72" hai3="127,81,62,91,117,119,36,51,6,103,105,121,15"/><T26/><D116/><U16/><E123/><V1/><F134/><W41/><G36/><T106/><D124/><U4/><E126/><V42/><F112/><W90/><G127/><T48/><D106/><U133/><E133/><N who="0" m="51273" /><D86/><U108/><E68/><V49/><F32/><W129/><G105/><T10/><D10/><U52/><E2/><V66/><F66/><W18/><G129/><T113/><D113/><U70/><E4/><V8/><F72/><W25/><G6/><T43/><D58/><U46/><E46/><V75/><F75/><W77/><G121/><T17/><D48/><U12/><E70/><V115/><F87/><W94/><G51/><T122/><D43/><U14/><E14/><V7/><F19/><W40/><G62/><T98/><D98/><U65/><E65/><V73/><F73/><W95/><G117/><T96/><D96/><U56/><REACH who="1" step="1"/><E93/><REACH who="1" ten="312,207,173,298" step="2"/><V71/><F71/><W27/><G95/><T50/><D122/><U28/><E28/><V89/><F115/><W69/><G94/><T20/><D92/><U23/><E23/><V67/><F67/><W125/><G69/><T109/><D109/><U78/><AGARI ba="0,1" hai="12,16,21,52,53,54,56,59,74,78,82,108,110,111" machi="78" ten="40,8000,1" yaku="1,1,0,1,54,2,53,0" doraHai="88" doraHaiUra="63" who="1" fromWho="1" sc="312,-40,207,90,173,-20,298,-20" /><INIT seed="5,0,0,4,0,135" ten="272,297,153,278" oya="1" hai0="14,40,26,73,33,97,96,20,69,124,42,104,15" hai1="28,46,58,52,8,35,98,119,89,24,106,57,61" hai2="95,85,91,62,36,48,39,6,22,76,0,17,44" hai3="114,131,102,81,100,29,32,115,107,27,108,83,101"/><U68/><E119/><V87/><F62/><W7/><G108/><T125/><D69/><U90/><E46/><V2/><F2/><W128/><G7/><T93/><D73/><U129/><E129/><N who="3" m="49738" /><G107/><T18/><D104/><U127/><E127/><N who="0" m="48713" /><D97/><U59/><E8/><V122/><F122/><W84/><G83/><T126/><N who="0" m="48721" /><T118/><DORA hai="53" /><D118/><U75/><E75/><V92/><F6/><W31/><G31/><N who="0" m="19703" /><D14/><U3/><E3/><V110/><F0/><W72/><G72/><T19/><D19/><U34/><E34/><V80/><F110/><W77/><AGARI ba="0,0" hai="27,29,32,77,81,84,100,101,102,114,115" m="49738" machi="77" ten="40,1500,0" yaku="19,1" doraHai="135,53" who="3" fromWho="3" sc="272,-4,297,-7,153,-4,278,15" /><INIT seed="6,0,0,3,3,59" ten="268,290,149,293" oya="2" hai0="98,91,50,79,3,89,67,121,10,24,119,109,102" hai1="90,133,48,45,8,134,84,108,70,33,7,73,110" hai2="1,106,125,11,54,63,104,65,41,131,58,127,4" hai3="15,47,30,49,40,9,18,82,75,20,86,74,64"/><V96/><F41/><W80/><G64/><T92/><D109/><U114/><E70/><V77/><F77/><W0/><G80/><T2/><D121/><U29/><E73/><V93/><F131/><W100/><G100/><T72/><D119/><U128/><E128/><V120/><F120/><W129/><G129/><T16/><D79/><U28/><E114/><V55/><F104/><W115/><G115/><T78/><D78/><U62/><E62/><V17/><F17/><W13/><G0/><T21/><D72/><U85/><E85/><V87/><F87/><W103/><G103/><T97/><D91/><U118/><E118/><V112/><F106/><W38/><G38/><T88/><D89/><U71/><E71/><V130/><F112/><W36/><G36/><T14/><D50/><U27/><E29/><V122/><F122/><W43/><G43/><T53/><D53/><U81/><E134/><V105/><F105/><W46/><G46/><T60/><D98/><U95/><E133/><V66/><F66/><W132/><G132/><T61/><D102/><U22/><E33/><V113/><F130/><W6/><REACH who="3" step="1"/><G30/><REACH who="3" ten="268,290,149,283" step="2"/><T69/><REACH who="0" step="1"/><D61/><REACH who="0" ten="258,290,149,283" step="2"/><U111/><E111/><V31/><F113/><W39/><G39/><T23/><D23/><U68/><E110/><V56/><F65/><W37/><G37/><T117/><D117/><U32/><E108/><V19/><F63/><W83/><G83/><T123/><D123/><U57/><E81/><V124/><F124/><W101/><G101/><T25/><D25/><U135/><E22/><V107/><F127/><W76/><AGARI ba="0,2" hai="6,9,13,15,18,20,40,47,49,74,75,76,82,86" machi="76" ten="20,12000,2" yaku="1,1,5,1,0,1,7,1,25,2,53,0" doraHai="59" doraHaiUra="35" who="3" fromWho="3" sc="258,-30,290,-30,149,-60,283,140" /><INIT seed="7,0,0,5,4,104" ten="228,260,89,423" oya="3" hai0="100,87,62,41,16,74,110,97,82,25,106,34,30" hai1="99,11,2,61,72,5,78,46,127,107,17,59,67" hai2="94,85,12,57,73,69,75,49,9,134,38,122,92" hai3="42,89,93,45,35,37,65,135,63,20,133,50,40"/><W103/><G35/><T117/><D117/><U79/><E127/><V115/><F69/><W26/><G103/><T31/><D110/><U120/><E120/><V83/><F38/><W44/><G89/><T43/><D31/><U7/><E7/><V112/><F122/><W118/><G93/><T132/><D132/><N who="3" m="50761" /><G118/><T54/><D74/><N who="2" m="28170" /><F134/><W77/><G77/><T28/><D28/><U113/><E72/><V91/><F57/><N who="3" m="37103" /><G20/><T10/><D54/><U130/><E79/><V47/><F9/><W111/><G26/><T95/><D62/><U96/><E78/><V3/><F3/><W88/><G88/><T32/><D106/><U13/><E107/><V23/><F23/><W8/><G8/><T22/><D10/><U66/><E11/><V70/><F12/><W119/><G119/><T121/><D121/><U24/><E2/><V71/><F71/><W27/><G27/><T36/><D36/><U80/><E24/><V48/><F70/><W102/><G102/><T19/><D34/><U58/><E5/><V105/><F105/><W4/><G4/><T53/><D53/><U125/><E13/><V98/><F49/><W128/><G111/><T109/><D109/><U131/><E67/><V123/><F123/><W1/><G1/><T90/><D19/><U60/><E17/><V86/><F48/><W52/><G128/><T56/><D56/><U6/><E131/><V114/><F47/><W116/><G116/><T76/><D76/><U124/><E130/><V84/><F94/><W33/><G33/><T81/><D32/><U18/><E59/><V21/><F21/><RYUUKYOKU ba="0,0" sc="228,-15,260,-15,89,15,423,15" hai2="83,84,85,86,91,92,98,112,114,115" hai3="37,40,42,44,45,50,52" owari="213,-19.0,245,5.0,104,-40.0,438,54.0" /></mjloggm>