<mjloggm ver="2.3"><GO type="169" lobby="0"/><UN n0="%63%61%74%6D%65%56%47%43" n1="%E3%81%88%E3%81%8C%E3%82%8F%E3%82%8A%E3%81%8A" n2="%E3%83%80%E3%83%9C" n3="%E3%81%99%E3%81%B1%E3%81%95%E3%81%B6" dan="16,16,17,17" rate="2174.85,2067.04,2205.29,2210.14" sx="M,M,M,M"/><TAIKYOKU oya="0"/><INIT seed="0,0,0,4,0,39" ten="250,250,250,250" oya="0" hai0="92,52,134,79,89,10,1,34,45,122,53,24,128" hai1="94,87,118,129,57,65,56,86,99,58,61,32,103" hai2="4,97,63,25,71,105,62,19,72,7,41,43,22" hai3="109,29,6,132,82,108,26,0,96,35,15,47,69"/><T114/><D114/><U27/><E118/><V131/><F72/><W98/><G69/><T68/><D122/><U54/><E129/><V36/><F36/><W133/><G82/><T18/><D68/><U40/><E40/><N who="2" m="15435" /><F71/><W119/><G47/><T20/><D79/><U8/><E8/><V14/><F105/><W126/><G119/><T83/><D83/><U93/><E93/><V49/><F97/><N who="3" m="37483" /><G0/><T115/><D45/><U44/><E44/><V84/><F131/><W73/><G73/><T117/><D115/><U125/><E125/><V127/><F127/><W120/><G120/><T121/><D134/><N who="3" m="51817" /><G126/><T64/><D34/><U38/><E38/><V3/><F3/><W55/><G55/><T31/><D52/><U90/><E103/><V101/><F49/><W60/><G60/><N who="2" m="23081" /><F101/><W13/><G6/><N who="2" m="2089" /><F84/><W100/><G100/><T66/><D1/><U30/><E30/><V33/><F33/><W116/><G116/><T48/><D31/><U123/><E123/><V81/><F81/><W113/><G113/><T16/><D121/><U50/><E86/><V76/><F76/><W23/><G35/><T107/><D107/><U12/><E87/><V74/><F74/><W85/><G85/><N who="0" m="52271" /><D128/><U51/><E32/><V21/><F21/><W88/><G88/><T124/><D124/><U95/><E90/><V130/><F130/><W77/><G77/><T5/><D117/><U28/><E51/><V91/><F91/><W2/><G2/><N who="0" m="311" /><D48/><U102/><E50/><V78/><F78/><W80/><G80/><T112/><D20/><U9/><E102/><V104/><F104/><RYUUKYOKU ba="0,0" sc="250,-15,250,-15,250,15,250,15" hai2="14,19,22,25" hai3="13,15,23,26,29,108,109" /><INIT seed="1,1,0,1,3,4" ten="235,235,265,265" oya="1" hai0="64,3,116,32,21,53,25,81,52,93,84,121,75" hai1="77,95,122,16,54,17,12,102,39,113,47,99,37" hai2="38,109,23,89,7,80,79,20,101,6,92,96,115" hai3="8,67,106,128,129,85,78,73,119,127,48,62,88"/><U43/><E113/><V18/><F38/><W117/><G106/><T9/><D116/><N who="3" m="44617" /><G127/><T91/><D121/><U83/><E122/><V40/><F115/><W126/><G126/><T5/><D64/><U65/><E37/><V69/><F69/><N who="3" m="42231" /><G48/><T118/><D118/><U111/><E111/><V132/><F132/><W51/><G51/><T44/><D44/><U29/><E29/><V41/><F109/><W82/><G8/><T66/><D66/><U33/><E33/><V0/><F23/><W35/><G35/><T56/><D32/><U13/><E65/><V31/><F31/><W134/><G134/><T108/><D108/><U76/><E54/><V15/><F101/><W10/><G10/><T107/><D107/><U14/><REACH who="1" step="1"/><E76/><REACH who="1" ten="235,225,265,265" step="2"/><V90/><F79/><W1/><G1/><T27/><D53/><U120/><E120/><V100/><F0/><W60/><G60/><T105/><D3/><U71/><E71/><V104/><F40/><W97/><G97/><T103/><D52/><U26/><E26/><V28/><F41/><W123/><G123/><T24/><D24/><U135/><E135/><V72/><F28/><W125/><G125/><T63/><D25/><U59/><E59/><V124/><F124/><W87/><G129/><T49/><D56/><U11/><E11/><V114/><F114/><W57/><G128/><T110/><D9/><U98/><E98/><V50/><F96/><W55/><G57/><T36/><D36/><U130/><E130/><V2/><F2/><W70/><G70/><T112/><D110/><U45/><E45/><V68/><F68/><RYUUKYOKU ba="1,1" sc="235,-10,225,30,265,-10,265,-10" hai1="12,13,14,16,17,39,43,47,77,83,95,99,102" /><INIT seed="1,2,1,2,2,39" ten="225,255,255,255" oya="1" hai0="131,53,72,16,8,18,86,10,29,97,61,92,122" hai1="101,123,90,50,119,33,24,71,121,36,109,105,98" hai2="89,107,68,127,42,44,0,23,66,52,43,3,5" hai3="108,47,13,69,115,70,79,63,74,126,59,84,6"/><U111/><E119/><V27/><F107/><W76/><G115/><T129/><D72/><U4/><E36/><V117/><F117/><W85/><G74/><T96/><D29/><N who="1" m="19623" /><E4/><V103/><F103/><W106/><G106/><T112/><D112/><U40/><E90/><V38/><F127/><W30/><G126/><T64/><D53/><U48/><E48/><V82/><F5/><W49/><G30/><T14/><D122/><U87/><E87/><N who="2" m="50423" /><F38/><W60/><G6/><T95/><D86/><U94/><E94/><V41/><F3/><W65/><G13/><T37/><D37/><U31/><E71/><V26/><F0/><W81/><G63/><T130/><D18/><U110/><E31/><N who="2" m="17887" /><F68/><W45/><G69/><N who="0" m="42127" /><D8/><U99/><E99/><AGARI ba="2,1" hai="10,14,16,92,95,96,97,99,129,130,131" m="42127" machi="99" ten="30,2000,0" yaku="19,1,54,1" doraHai="39" who="0" fromWho="1" sc="225,36,255,-26,255,0,255,0" /><INIT seed="2,0,0,1,2,50" ten="261,229,255,255" oya="2" hai0="68,65,20,130,119,40,123,127,74,91,43,53,48" hai1="125,76,54,86,26,24,39,6,134,82,27,105,80" hai2="97,96,70,16,30,115,55,32,57,131,3,29,88" hai3="37,33,78,49,64,63,90,92,46,107,75,106,120"/><V12/><F3/><W62/><G33/><T13/><D74/><U118/><E118/><V25/><F131/><W113/><G120/><T22/><D123/><U77/><E125/><V69/><F115/><W72/><G37/><T110/><D110/><U102/><E134/><V109/><F109/><W45/><G113/><T44/><D127/><U19/><E39/><V89/><F30/><W4/><G4/><T73/><D73/><U122/><E122/><V67/><F70/><W38/><G38/><T56/><D130/><U66/><E6/><V15/><F15/><W93/><G49/><T17/><D119/><U108/><E66/><V104/><F67/><W101/><G64/><T1/><D1/><U31/><E19/><V7/><F7/><W128/><G101/><T35/><D35/><U51/><E108/><V5/><F69/><W21/><G21/><T133/><D133/><U61/><E61/><V71/><F71/><W8/><G78/><T81/><D68/><U103/><E105/><V23/><F5/><W41/><G90/><T28/><D28/><U95/><E95/><V126/><F126/><W132/><G41/><T98/><D20/><U124/><E31/><V79/><F79/><W83/><G83/><T9/><D22/><U47/><REACH who="1" step="1"/><E124/><REACH who="1" ten="261,219,255,255" step="2"/><V11/><F104/><W2/><G132/><T84/><D98/><N who="2" m="37994" /><F32/><W121/><G121/><T114/><D114/><U10/><E10/><V111/><F111/><W135/><G135/><T52/><D65/><U14/><E14/><V100/><F100/><W117/><G117/><T116/><D116/><U112/><E112/><RYUUKYOKU ba="0,1" sc="261,10,219,10,255,10,255,-30" hai0="9,13,17,40,43,44,48,52,53,56,81,84,91" hai1="24,26,27,47,51,54,76,77,80,82,86,102,103" hai2="11,12,16,23,25,29,55,57,88,89" /><INIT seed="2,1,1,2,2,88" ten="271,229,265,225" oya="2" hai0="126,24,48,128,114,37,87,73,34,5,16,31,106" hai1="93,68,134,86,112,69,80,59,15,83,98,10,58" hai2="122,89,104,130,97,6,23,72,75,79,129,28,110" hai3="133,96,19,40,3,18,39,0,49,94,100,95,53"/><V7/><F122/><W102/><G133/><T92/><D114/><U103/><E134/><V8/><F23/><W38/><G40/><T13/><D106/><U55/><E112/><V30/><F79/><W64/><G96/><T50/><D73/><N who="2" m="28234" /><F8/><W33/><G49/><T4/><D37/><U77/><E80/><V44/><F44/><W78/><G78/><T27/><D27/><U76/><E77/><V121/><F121/><W43/><G43/><T35/><D35/><U107/><E107/><V61/><F61/><W108/><G53/><T101/><D128/><N who="2" m="49258" /><F89/><W56/><G56/><T91/><D126/><U99/><E58/><V65/><F65/><W67/><REACH who="3" step="1"/><G33/><REACH who="3" ten="271,229,265,215" step="2"/><T57/><D101/><U21/><E69/><V22/><F97/><W71/><G71/><T116/><D116/><U63/><E99/><V66/><F66/><W84/><G84/><T47/><D50/><U51/><E68/><V41/><F41/><W42/><G42/><T45/><D45/><U60/><REACH who="1" step="1"/><E21/><REACH who="1" ten="271,219,265,215" step="2"/><V111/><F22/><W82/><G82/><T135/><D135/><U74/><E74/><V62/><F104/><W11/><G11/><T70/><D70/><U117/><E117/><V120/><F120/><W124/><G124/><T85/><D85/><U132/><E132/><V113/><F113/><W118/><G118/><T54/><D47/><U25/><E25/><V32/><F32/><W105/><G105/><T125/><D125/><U90/><E90/><V2/><F111/><AGARI ba="1,3" hai="0,3,18,19,38,39,64,67,94,95,100,102,108,111" machi="111" ten="25,8000,1" yaku="1,1,22,2,52,2,53,0" doraHai="88" doraHaiUra="29" who="3" fromWho="2" sc="271,0,219,0,265,-83,215,113" /><INIT seed="3,0,0,3,2,1" ten="271,219,182,328" oya="3" hai0="72,65,9,82,48,10,98,56,51,13,134,116,90" hai1="77,26,96,33,45,109,27,120,106,12,22,31,85" hai2="15,49,113,61,17,53,88,111,94,2,63,28,40" hai3="43,34,129,38,107,118,42,29,57,25,102,3,75"/><W73/><G43/><T108/><D108/><U68/><E109/><V30/><F111/><W47/><G57/><T122/><D122/><U95/><E120/><V93/><F2/><W124/><G118/><T5/><D116/><U112/><E112/><V104/><F104/><W71/><G129/><T83/><D134/><U121/><E121/><V128/><F128/><W117/><G117/><T14/><D72/><U135/><E135/><V59/><F113/><W101/><G101/><T78/><D78/><U62/><E106/><V97/><F94/><W110/><G124/><T67/><D98/><U58/><E68/><V105/><F105/><W76/><G76/><T54/><D51/><U46/><E12/><V18/><F18/><W21/><G21/><T100/><D100/><U0/><E0/><V60/><REACH who="2" step="1"/><F40/><REACH who="2" ten="271,219,172,328" step="2"/><W66/><G3/><T52/><D54/><U32/><E95/><V8/><AGARI ba="0,1" hai="8,15,17,28,30,49,53,59,60,61,63,88,93,97" machi="8" ten="30,12000,2" yaku="1,1,2,1,0,1,8,1,54,1,53,1" doraHai="1" doraHaiUra="7" who="2" fromWho="2" sc="271,-30,219,-30,172,130,328,-60" /><INIT seed="4,0,0,1,0,28" ten="241,189,302,268" oya="0" hai0="82,34,70,4,132,128,114,107,8,13,58,25,30" hai1="91,95,47,116,89,32,97,44,122,117,17,48,106" hai2="123,37,113,75,71,130,121,83,81,88,87,105,63" hai3="55,27,73,68,64,115,108,5,16,45,124,98,120"/><T41/><D70/><U109/><E122/><V112/><F37/><W38/><G120/><N who="2" m="46153" /><F63/><W84/><G73/><T15/><D107/><U60/><E109/><V57/><F57/><W134/><G108/><T33/><D114/><N who="2" m="44138" /><F71/><W78/><G5/><T26/><D41/><U76/><E76/><N who="2" m="44191" /><F105/><W126/><G45/><T22/><D82/><U11/><E60/><V127/><F127/><W39/><G64/><T62/><D128/><AGARI ba="0,0" hai="83,87,88,128,130" m="44191,44138,46153" machi="128" ten="40,8000,1" yaku="15,1,34,2,54,1" doraHai="28" who="2" fromWho="0" sc="241,-80,189,0,302,80,268,0" /><INIT seed="5,0,0,0,2,117" ten="161,189,382,268" oya="1" hai0="19,59,38,94,128,62,114,21,65,92,56,27,116" hai1="89,32,77,111,50,74,6,67,51,53,91,8,124" hai2="127,120,115,60,40,22,130,48,95,85,55,63,97" hai3="29,135,42,13,66,23,18,87,75,93,99,100,118"/><U122/><E124/><V30/><F120/><W15/><G75/><T20/><D116/><U11/><E122/><V79/><F127/><W7/><G118/><T69/><D114/><U49/><E111/><V52/><F115/><W123/><G135/><T110/><D128/><U9/><E32/><V0/><F0/><W103/><G29/><T28/><D110/><U121/><E121/><V64/><F130/><W44/><G123/><T10/><D38/><U133/><E133/><V25/><F40/><W73/><G73/><T119/><D119/><U113/><E113/><V3/><F3/><W14/><G66/><T104/><D104/><U31/><E31/><V101/><F64/><W46/><G46/><T107/><D107/><U43/><E43/><V106/><F55/><W126/><G100/><T70/><D10/><U68/><E53/><V134/><F134/><W2/><G126/><T84/><D59/><U47/><E47/><N who="2" m="27679" /><F106/><W129/><G129/><T132/><D132/><U35/><E35/><V12/><F12/><W86/><G2/><T57/><D57/><U61/><REACH who="1" step="1"/><E6/><REACH who="1" ten="161,179,382,268" step="2"/><V131/><F131/><W26/><REACH who="3" step="1"/><G7/><REACH who="3" ten="161,179,382,258" step="2"/><T102/><D28/><U4/><E4/><V83/><AGARI ba="0,2" hai="22,25,30,60,63,79,83,85,95,97,101" m="27679" machi="83" ten="30,2000,0" yaku="8,1,54,1" doraHai="117" who="2" fromWho="2" sc="161,-5,179,-10,382,40,258,-5" /><INIT seed="6,0,0,5,5,51" ten="156,169,422,253" oya="2" hai0="44,27,67,111,19,103,82,65,53,106,101,72,57" hai1="29,83,26,135,32,37,132,129,12,125,77,9,60" hai2="131,56,7,122,62,114,134,21,68,55,39,116,108" hai3="59,91,95,28,80,90,35,52,2,40,121,120,117"/><V42/><F7/><W70/><G117/><T124/><D111/><U100/><E37/><V73/><F21/><W75/><G70/><T47/><D106/><U87/><E125/><V107/><F42/><W96/><G2/><T36/><D36/><U98/><E129/><V61/><F61/><W38/><G35/><T97/><D72/><U10/><E60/><V0/><F56/><W99/><G28/><T64/><D82/><U33/><E32/><V94/><F94/><W31/><G31/><T50/><D124/><U86/><E86/><V89/><F89/><W85/><G99/><T18/><D97/><U84/><E84/><V30/><F62/><W5/><G5/><T34/><D34/><U69/><E69/><V24/><F24/><W17/><G17/><N who="0" m="6155" /><D27/><U102/><E102/><AGARI ba="0,0" hai="44,47,50,53,57,64,65,67,101,102,103" m="6155" machi="102" ten="30,2000,0" yaku="8,1,52,1" doraHai="51" who="0" fromWho="1" sc="156,20,169,-20,422,0,253,0" /><INIT seed="7,0,0,3,0,18" ten="176,149,422,253" oya="3" hai0="72,29,114,88,12,69,16,62,135,110,0,37,21" hai1="95,39,130,24,15,133,58,118,132,70,79,66,68" hai2="76,38,129,7,5,124,25,35,125,9,30,27,106" hai3="43,56,41,111,131,61,85,80,36,115,48,51,123"/><W113/><G85/><T28/><D110/><U52/><E79/><V99/><F38/><W91/><G91/><T77/><D0/><U31/><E15/><V96/><F76/><W119/><G80/><T81/><D37/><U122/><E122/><V14/><F129/><W97/><G97/><T65/><D135/><N who="1" m="51787" /><E95/><V26/><F5/><W127/><G123/><T84/><D114/><U117/><E130/><V3/><F3/><W116/><G131/><T54/><D54/><U86/><E86/><V67/><F67/><W6/><G6/><T92/><AGARI ba="0,0" hai="12,16,21,28,29,62,65,69,72,77,81,84,88,92" machi="92" ten="20,8000,1" yaku="0,1,7,1,52,1,54,2" doraHai="18" who="0" fromWho="0" sc="176,80,149,-20,422,-20,253,-40" owari="256,6.0,129,-37.0,402,50.0,213,-19.0" /></mjloggm>