<mjloggm ver="2.3"><GO type="169" lobby="0"/><UN n0="%E5%90%89%E6%BE%A4%E2%98%86%E7%91%A0%E5%81%89" n1="%E5%A4%A7%E8%BE%BB" n2="%E8%A5%BF%E5%B2%A1%E8%82%B2%E6%9C%AA%E2%99%AA" n3="%E5%A5%88%E8%90%BD%E3%81%AE%E7%8E%8B" dan="16,16,16,17" rate="2133.68,2090.11,2100.14,2187.41" sx="M,M,F,M"/><TAIKYOKU oya="0"/><INIT seed="0,0,0,2,4,72" ten="250,250,250,250" oya="0" hai0="90,40,79,77,107,121,126,13,103,68,117,60,41" hai1="69,81,111,27,35,122,67,48,73,84,28,89,135" hai2="29,134,71,39,78,119,47,31,63,5,10,85,50" hai3="23,14,70,16,98,44,7,2,32,53,21,15,101"/><T88/><D121/><U42/><E111/><V102/><F39/><W58/><G70/><T9/><D117/><U80/><E122/><V57/><F71/><W6/><G32/><T105/><D126/><U131/><E131/><V24/><F102/><W43/><G2/><T104/><D103/><U96/><E135/><V99/><F99/><W64/><G64/><T92/><D68/><U25/><E96/><V1/><F134/><W22/><G58/><T106/><D60/><U76/><E25/><V65/><F119/><W46/><G53/><T18/><N who="0" m="26624" /><DORA hai="66" /><T61/><D61/><U74/><E42/><V34/><F31/><W17/><G23/><T118/><D118/><U12/><E48/><V93/><F93/><N who="3" m="58575" /><G43/><T38/><D41/><U87/><REACH who="1" step="1"/><E12/><REACH who="1" ten="250,240,250,250" step="2"/><V108/><F108/><W4/><AGARI ba="0,1" hai="4,6,7,14,15,16,17,21,22,44,46" m="58575" machi="4" ten="30,2000,0" yaku="8,1,54,1" doraHai="72,66" who="3" fromWho="3" sc="250,-10,240,-5,250,-5,250,30" /><INIT seed="1,0,0,2,4,24" ten="240,235,245,280" oya="1" hai0="109,10,34,12,23,51,108,88,115,38,56,2,101" hai1="3,110,132,89,121,63,93,105,37,133,58,53,120" hai2="21,64,114,55,98,72,68,15,85,42,41,79,28" hai3="130,40,84,17,18,102,46,48,131,61,97,69,60"/><U91/><E3/><V75/><F64/><W119/><G119/><T78/><D38/><U94/><E37/><V107/><F68/><W73/><G73/><T99/><D115/><U129/><E129/><N who="3" m="49162" /><G84/><T66/><D78/><U77/><E77/><V47/><F55/><W45/><G45/><T44/><D34/><U82/><E82/><V123/><F42/><W83/><G83/><T33/><D33/><U111/><E105/><V104/><F85/><W90/><G90/><N who="1" m="34314" /><E53/><V25/><F123/><N who="1" m="47177" /><E58/><V6/><F114/><W16/><G69/><T50/><D2/><U32/><E32/><V52/><F52/><W1/><G1/><T13/><D66/><U67/><E67/><V11/><F79/><W134/><G134/><N who="1" m="51818" /><E63/><V49/><REACH who="2" step="1"/><F98/><REACH who="2" ten="240,235,235,280" step="2"/><W92/><AGARI ba="0,1" hai="16,17,18,40,46,48,60,61,92,97,102" m="49162" machi="92" ten="30,2000,0" yaku="19,1,54,1" doraHai="24" who="3" fromWho="3" sc="240,-5,235,-10,235,-5,280,30" /><INIT seed="2,0,0,5,0,77" ten="235,225,230,310" oya="2" hai0="109,5,102,103,119,30,58,59,66,60,76,113,54" hai1="130,29,12,121,118,98,53,110,39,84,90,13,38" hai2="135,116,31,24,101,114,49,15,44,128,40,69,80" hai3="78,131,11,65,81,48,32,3,93,82,72,57,132"/><V67/><F114/><W96/><G32/><T117/><D113/><U23/><E118/><V2/><F2/><W36/><G36/><T107/><D5/><U8/><E110/><V50/><F116/><N who="0" m="44618" /><D109/><U68/><E121/><V16/><F128/><W0/><G131/><T56/><D30/><U73/><E73/><V63/><F135/><W123/><G123/><T115/><D115/><U52/><E68/><V55/><F101/><N who="0" m="38410" /><D107/><U133/><E98/><V14/><F80/><N who="3" m="30827" /><G72/><T127/><D127/><U51/><E39/><V92/><F92/><W105/><G105/><T85/><D85/><U62/><E38/><V46/><F16/><W21/><G3/><T108/><D76/><U124/><E124/><V120/><F120/><W70/><G70/><N who="0" m="42311" /><D108/><U106/><E106/><V33/><AGARI ba="0,0" hai="14,15,24,31,33,40,44,46,49,50,55,63,67,69" machi="33" ten="20,2100,0" yaku="0,1,7,1" doraHai="77" who="2" fromWho="2" sc="235,-7,225,-7,230,21,310,-7" /><INIT seed="2,1,0,1,2,116" ten="228,218,251,303" oya="2" hai0="69,80,114,122,10,113,3,124,94,120,76,83,109" hai1="13,121,20,9,129,14,73,57,7,79,65,29,66" hai2="15,104,62,53,12,127,103,61,24,71,26,1,18" hai3="38,75,39,118,59,51,60,100,5,93,21,86,42"/><V77/><F1/><W23/><G75/><T95/><D69/><U63/><E129/><V50/><F127/><W16/><G5/><T36/><D10/><U101/><E101/><V99/><F77/><W43/><G118/><T52/><D3/><U84/><E73/><V131/><F131/><W70/><G70/><T64/><D52/><U107/><E107/><V55/><F12/><W125/><G125/><T49/><D49/><U47/><E47/><V56/><F62/><W58/><G51/><T30/><D64/><U67/><E121/><V123/><F123/><W96/><G86/><T54/><D54/><U87/><E84/><V74/><F74/><W11/><G11/><T108/><D30/><U32/><E32/><V68/><F68/><W31/><G39/><T19/><D19/><U112/><E112/><V27/><F71/><W110/><G38/><T126/><D36/><U91/><E79/><AGARI ba="1,0" hai="76,79,80,83,94,95,108,109,113,114,120,122,124,126" machi="79" ten="25,12000,2" yaku="22,2,34,3,52,2" doraHai="116" who="0" fromWho="1" sc="228,123,218,-123,251,0,303,0" /><INIT seed="3,0,0,3,4,36" ten="351,95,251,303" oya="3" hai0="79,34,32,60,114,117,21,111,77,58,75,3,99" hai1="48,6,16,12,96,10,54,62,85,103,121,25,92" hai2="71,100,35,131,97,83,27,64,61,23,57,80,40" hai3="17,106,9,33,65,129,13,78,132,11,7,82,118"/><W47/><G118/><T128/><D3/><U108/><E108/><V8/><F131/><W63/><G129/><T69/><D117/><U133/><E133/><V72/><F35/><W42/><G132/><T46/><D69/><U116/><E116/><V2/><F72/><W0/><G33/><T55/><D128/><U43/><E121/><V90/><F71/><W120/><G106/><T105/><D114/><U122/><E122/><V50/><F2/><W89/><G89/><T94/><D105/><U28/><E62/><V126/><F8/><W73/><G120/><T39/><D111/><U41/><E85/><V98/><F126/><W67/><REACH who="3" step="1"/><G63/><REACH who="3" ten="351,95,251,293" step="2"/><T18/><D34/><U22/><REACH who="1" step="1"/><E28/><REACH who="1" ten="351,85,251,293" step="2"/><V107/><F61/><W66/><G66/><T53/><D60/><U119/><E119/><V56/><F64/><W101/><G101/><T102/><D102/><U84/><E84/><V130/><F100/><W4/><G4/><T135/><D135/><U112/><E112/><V59/><F130/><W134/><G134/><T68/><D75/><U14/><E14/><V20/><F107/><W91/><G91/><T124/><D124/><U44/><AGARI ba="0,2" hai="6,10,12,16,22,25,41,43,44,48,54,92,96,103" machi="44" ten="20,16000,3" yaku="1,1,0,1,7,1,8,1,52,2,54,1,53,1" doraHai="36" doraHaiUra="93" who="1" fromWho="1" sc="351,-40,85,180,251,-40,293,-80" /><INIT seed="4,0,0,2,3,48" ten="311,265,211,213" oya="0" hai0="62,38,92,126,63,24,49,114,107,33,40,34,30" hai1="79,9,106,15,120,94,25,68,28,98,12,133,90" hai2="22,97,43,39,88,108,2,53,42,58,27,47,76" hai3="65,104,127,125,121,13,32,72,56,35,99,7,73"/><T3/><D3/><U109/><E68/><V55/><F108/><W69/><G69/><T51/><D38/><U81/><E109/><V31/><F2/><W128/><G128/><T26/><D107/><U132/><E106/><V83/><F43/><W8/><G121/><T111/><D111/><U46/><E46/><V57/><F97/><W129/><G129/><T52/><D114/><U5/><E15/><V0/><F0/><W45/><G45/><T20/><D40/><U131/><E120/><V16/><F88/><W134/><G134/><T50/><D126/><N who="3" m="48137" /><G65/><T4/><D4/><U14/><E14/><V82/><F31/><W123/><G56/><T54/><D92/><U1/><E1/><V122/><F122/><W77/><G123/><T37/><D37/><U44/><E44/><V67/><F67/><W41/><G41/><T100/><D100/><U60/><E60/><V95/><F95/><W78/><G78/><T89/><D89/><U116/><E116/><V124/><F124/><W59/><G59/><T66/><D33/><N who="3" m="12873" /><G77/><T110/><D110/><U23/><REACH who="1" step="1"/><E131/><REACH who="1" ten="311,255,211,213" step="2"/><V103/><F76/><W11/><G11/><T85/><D63/><U135/><E135/><V84/><F47/><W80/><G104/><T64/><D66/><U36/><E36/><V113/><F39/><W105/><G105/><T117/><D117/><U102/><E102/><V91/><F103/><W130/><G130/><T21/><D62/><U115/><E115/><V112/><F112/><W118/><G118/><T6/><D64/><U70/><E70/><V18/><F113/><W61/><G61/><RYUUKYOKU ba="0,1" sc="311,-10,255,30,211,-10,213,-10" hai1="5,9,12,23,25,28,79,81,90,94,98,132,133" /><INIT seed="5,1,1,4,3,105" ten="301,285,201,203" oya="1" hai0="25,2,73,42,54,106,3,79,59,55,44,21,103" hai1="76,50,41,93,132,109,98,94,85,22,12,82,4" hai2="38,135,16,111,51,13,57,127,80,121,5,81,125" hai3="104,115,33,20,118,122,78,7,133,56,26,119,84"/><U40/><E132/><V1/><F38/><W131/><G122/><T27/><D106/><U11/><E109/><V113/><F111/><W35/><G104/><T60/><D103/><U29/><E29/><V34/><F34/><W88/><G133/><T53/><D3/><U70/><E70/><V65/><F121/><W97/><G7/><T101/><D2/><U120/><E120/><V32/><F32/><W112/><G56/><T24/><D101/><U61/><E61/><N who="2" m="38063" /><F135/><W114/><G131/><T67/><D79/><U99/><E22/><N who="2" m="11535" /><F113/><W100/><G100/><T58/><D73/><U64/><E64/><V18/><F18/><N who="3" m="12567" /><G97/><N who="1" m="36874" /><E41/><V31/><F31/><W96/><G96/><T36/><REACH who="0" step="1"/><D21/><REACH who="0" ten="291,285,201,203" step="2"/><U107/><E107/><V0/><F0/><W129/><G78/><T126/><D126/><U10/><E10/><V45/><F1/><W39/><G129/><T116/><D116/><N who="3" m="44585" /><G39/><T14/><D14/><U86/><E85/><V23/><F23/><W66/><G66/><T52/><D52/><U69/><E69/><AGARI ba="1,2" hai="24,25,27,36,42,44,53,54,55,58,59,60,67,69" machi="69" ten="40,1300,0" yaku="1,1,53,0" doraHai="105" doraHaiUra="28" who="0" fromWho="1" sc="291,36,285,-16,201,0,203,0" /><INIT seed="6,0,0,1,3,135" ten="327,269,201,203" oya="2" hai0="2,51,107,76,20,109,44,98,75,114,48,88,118" hai1="101,130,72,43,58,120,3,56,8,7,87,47,89" hai2="25,36,13,49,100,33,74,110,113,73,24,27,34" hai3="40,14,79,96,86,60,52,65,41,22,90,46,55"/><V105/><F36/><W9/><G79/><T26/><D2/><U12/><E120/><V126/><F113/><W31/><G96/><T103/><D109/><U129/><E72/><V84/><F110/><W125/><G22/><T85/><D118/><U95/><E101/><V97/><F126/><W64/><G31/><T119/><D119/><U128/><REACH who="1" step="1"/><E3/><REACH who="1" ten="327,259,201,203" step="2"/><V29/><F74/><W117/><G117/><T134/><D134/><U66/><E66/><V93/><F73/><W132/><G65/><T62/><D75/><U94/><E94/><V0/><F0/><W37/><G132/><T83/><D107/><U19/><E19/><V23/><F34/><W131/><G64/><T92/><D103/><U112/><E112/><V99/><F33/><W78/><G125/><T115/><D114/><U30/><E30/><V111/><F111/><W127/><G127/><T35/><D35/><U53/><E53/><V91/><F29/><W21/><G52/><T57/><D115/><U50/><AGARI ba="0,1" hai="7,8,12,43,47,50,56,58,87,89,95,128,129,130" machi="50" ten="30,7900,0" yaku="1,1,0,1,19,1,53,1" doraHai="135" doraHaiUra="5" who="1" fromWho="1" sc="327,-20,259,89,201,-39,203,-20" /><INIT seed="7,0,0,5,3,16" ten="307,348,162,183" oya="3" hai0="76,5,73,42,86,97,74,71,114,129,32,57,11" hai1="31,98,77,134,82,93,72,69,20,52,41,12,60" hai2="107,94,30,61,40,38,119,115,23,101,108,120,58" hai3="2,91,37,125,83,33,123,84,122,19,59,68,63"/><W121/><G33/><T112/><D71/><U9/><E41/><V3/><F108/><W50/><G37/><T29/><D42/><U92/><E134/><V45/><F119/><W128/><G2/><T124/><D29/><U113/><E113/><N who="0" m="43625" /><D32/><U48/><E60/><V81/><F115/><W47/><G68/><T90/><D57/><U110/><E69/><V135/><F135/><W116/><G116/><T85/><D124/><U54/><E110/><V4/><F120/><W117/><G117/><T14/><D97/><U6/><E54/><V62/><F107/><W0/><G0/><T10/><D10/><U34/><E34/><V109/><F109/><W56/><G125/><T87/><D76/><U8/><E8/><V133/><F133/><W18/><G59/><T49/><D49/><U99/><E98/><V25/><F3/><W100/><G100/><T127/><D90/><U102/><E20/><V131/><F131/><W132/><G128/><T66/><D66/><U130/><E31/><V67/><F4/><W89/><G89/><T105/><D105/><U126/><E126/><V13/><F62/><W70/><G70/><T35/><D35/><U21/><E21/><V24/><F24/><W22/><G22/><T7/><D127/><U43/><E43/><V46/><F13/><W75/><G132/><T64/><D64/><U80/><E130/><V95/><F101/><W51/><G51/><T111/><D111/><U15/><E15/><V44/><F81/><N who="3" m="49551" /><G63/><T96/><D129/><U53/><E77/><V78/><F78/><N who="3" m="44511" /><G56/><T36/><D36/><U88/><E102/><RYUUKYOKU ba="0,0" sc="307,-15,348,-15,162,15,183,15" hai2="23,25,30,38,40,44,45,46,58,61,67,94,95" hai3="18,19,47,50,121,122,123" /><INIT seed="7,1,0,3,2,117" ten="292,333,177,198" oya="3" hai0="52,67,46,4,7,12,78,55,102,60,130,71,17" hai1="129,98,115,87,34,30,123,23,8,112,122,92,132" hai2="83,44,27,91,72,85,58,79,65,38,32,103,49" hai3="62,37,3,61,69,54,124,50,22,97,119,43,68"/><W13/><G3/><T99/><D130/><U108/><E129/><V6/><F103/><W48/><G119/><T77/><D77/><U1/><E87/><V9/><F38/><W111/><G97/><T63/><D78/><U109/><E34/><V36/><F36/><W100/><G100/><T107/><D55/><U120/><E132/><V128/><F128/><W26/><G13/><T41/><D41/><U81/><E81/><V16/><F58/><W118/><G118/><T131/><D131/><U133/><E133/><V88/><F65/><W94/><G94/><T29/><D29/><U19/><E30/><V113/><F113/><N who="1" m="43593" /><E8/><V2/><F72/><W15/><G37/><T5/><D5/><U95/><E1/><V40/><REACH who="2" step="1"/><F32/><REACH who="2" ten="292,333,167,198" step="2"/><W76/><G69/><T126/><D67/><U110/><E98/><V21/><AGARI ba="1,1" hai="2,6,9,16,21,27,40,44,49,79,83,85,88,91" machi="21" ten="30,8000,1" yaku="1,1,2,1,0,1,54,2,53,0" doraHai="117" doraHaiUra="105" who="2" fromWho="2" sc="292,-21,333,-21,167,93,198,-41" owari="271,7.0,312,41.0,260,-14.0,157,-34.0" /></mjloggm>