<mjloggm ver="2.3"><GO type="169" lobby="0"/><UN n0="%EF%BC%A0%E3%81%86%E3%81%95%E3%81%BF%E3%82%93" n1="%E3%83%81%E3%83%83%E3%83%97%E3%82%B3%E3%83%AC%E3%82%AF%E3%82%BF%E3%83%BC" n2="%E6%9D%BE%E5%B1%8B%E3%81%8A%E3%81%98%E3%81%95%E3%82%93" n3="%E9%95%B7%E5%B2%A1" dan="16,16,19,17" rate="2145.13,2160.42,2263.13,2187.13" sx="M,M,M,M"/><TAIKYOKU oya="0"/><INIT seed="0,0,0,3,1,90" ten="250,250,250,250" oya="0" hai0="59,18,100,73,89,132,77,102,40,123,117,31,114" hai1="126,11,33,38,112,92,80,17,56,44,50,128,16" hai2="124,86,125,5,105,62,28,61,52,60,101,35,96" hai3="49,133,55,71,84,122,113,106,58,72,45,12,88"/><T97/><D114/><U83/><E112/><V94/><F5/><W46/><G113/><T51/><D117/><U22/><E128/><V82/><F35/><W63/><G133/><T27/><D123/><U23/><E33/><V78/><F28/><W110/><G110/><T8/><D132/><U66/><E126/><N who="2" m="48747" /><F105/><W32/><G72/><T10/><D77/><U36/><E36/><V87/><F87/><W24/><G106/><T93/><D73/><U95/><E38/><V120/><F120/><W111/><G111/><T1/><D1/><U135/><E135/><V21/><F21/><N who="1" m="7689" /><E56/><AGARI ba="0,0" hai="52,56,60,61,62,78,82,86,94,96,101" m="48747" machi="56" ten="30,3900,0" yaku="18,1,52,1,54,1" doraHai="90" who="2" fromWho="1" sc="250,0,250,-39,250,39,250,0" /><INIT seed="1,0,0,5,2,30" ten="250,211,289,250" oya="1" hai0="96,131,35,22,46,69,54,99,29,32,56,45,44" hai1="48,58,13,23,24,121,34,128,51,74,79,42,20" hai2="100,66,113,33,70,103,25,15,68,19,123,26,75" hai3="86,62,47,95,73,76,53,84,81,85,124,11,14"/><U125/><E121/><V2/><F123/><W88/><G124/><T21/><D69/><U117/><E117/><V4/><F75/><W134/><G134/><T104/><D131/><U52/><E128/><V57/><F113/><W130/><G130/><T126/><D126/><U61/><E125/><V63/><F2/><W98/><G73/><T92/><D104/><U105/><E105/><V115/><F4/><W132/><G132/><T17/><D29/><U28/><E42/><V133/><F115/><W36/><G36/><T39/><D39/><U114/><E114/><V89/><F133/><W102/><G102/><N who="2" m="38953" /><F33/><W87/><G98/><T16/><D56/><U112/><E112/><V120/><F68/><W80/><G95/><T10/><D10/><U94/><E94/><V31/><F31/><W83/><G83/><T59/><D59/><U7/><E20/><N who="0" m="7785" /><D54/><U5/><E5/><V38/><F70/><W67/><G67/><T72/><D92/><U91/><E7/><V6/><F6/><N who="3" m="3447" /><G47/><T55/><D55/><U116/><E116/><V43/><F43/><W106/><G106/><T101/><D101/><U71/><E71/><V27/><F38/><W41/><G41/><T77/><D77/><U0/><E79/><V93/><F120/><W1/><G1/><T8/><D8/><U78/><E78/><V109/><F93/><W129/><G129/><T49/><D49/><U111/><E0/><V12/><F66/><W3/><G3/><T82/><D82/><U40/><E74/><V60/><F57/><AGARI ba="0,0" hai="53,57,62,76,80,81,84,85,86,87,88" m="3447" machi="57" ten="30,2000,0" yaku="8,1,54,1" doraHai="30" who="3" fromWho="2" sc="250,0,211,0,289,-20,250,20" /><INIT seed="2,0,0,4,2,122" ten="250,211,269,270" oya="2" hai0="78,1,64,79,119,69,13,45,3,134,41,5,40" hai1="17,132,83,102,9,92,60,22,113,67,73,11,131" hai2="96,59,50,121,65,103,76,46,47,117,53,30,127" hai3="72,55,91,110,115,32,31,25,88,36,126,10,20"/><V71/><F117/><W120/><G120/><T49/><D41/><U104/><E113/><V16/><F121/><W90/><G126/><T101/><D101/><U125/><E125/><V12/><F127/><W118/><G118/><T89/><D119/><U7/><E104/><V6/><F6/><W56/><G115/><T105/><D105/><U68/><E131/><V116/><F116/><W39/><G72/><T18/><D134/><U106/><E106/><V33/><F76/><W99/><G99/><T4/><D4/><U2/><E9/><V94/><F71/><W107/><G107/><T34/><D34/><U19/><E132/><V43/><F65/><W37/><G110/><T87/><D64/><U8/><E8/><V98/><F98/><W61/><REACH who="3" step="1"/><G10/><REACH who="3" ten="250,211,269,260" step="2"/><N who="0" m="4303" /><D1/><U108/><E108/><V81/><F96/><W27/><G27/><T14/><D3/><U86/><E73/><V80/><F103/><W48/><G48/><T62/><D62/><U38/><E60/><V77/><F50/><W124/><G124/><T51/><D51/><U23/><E102/><V24/><F24/><W26/><G26/><T97/><D97/><U63/><E63/><V95/><F12/><W70/><G70/><T130/><D69/><U128/><E68/><V57/><F57/><W42/><G42/><T75/><D75/><U82/><E2/><V84/><F59/><W135/><G135/><T111/><D111/><U133/><E133/><V100/><F43/><W123/><G123/><T29/><D130/><U15/><E128/><V85/><F100/><W54/><G54/><T112/><D112/><RYUUKYOKU ba="0,1" sc="250,-10,211,-10,269,-10,260,30" hai3="20,25,31,32,36,37,39,55,56,61,88,90,91" /><INIT seed="3,1,1,3,4,62" ten="240,201,259,290" oya="3" hai0="13,82,117,11,73,23,26,84,35,124,22,30,95" hai1="101,97,46,76,92,36,86,72,34,77,25,69,61" hai2="87,88,112,7,126,98,49,2,15,106,105,16,79" hai3="60,14,20,71,68,3,1,110,45,0,123,128,96"/><W90/><G123/><T47/><D117/><U130/><E130/><V102/><F112/><W93/><G128/><T104/><D104/><U118/><E118/><V120/><F120/><W99/><G110/><T39/><D124/><U12/><E72/><V37/><F37/><W53/><G99/><T125/><D73/><U119/><E119/><V65/><F126/><W127/><G127/><T131/><D131/><U89/><E12/><V100/><F79/><W5/><G45/><T122/><D122/><U64/><E46/><V75/><F75/><W10/><REACH who="3" step="1"/><G20/><REACH who="3" ten="240,201,259,280" step="2"/><T18/><D125/><U41/><E97/><V85/><F98/><W31/><G31/><T67/><D23/><U21/><E21/><V56/><F105/><W29/><G29/><T42/><D22/><U114/><E114/><V58/><F106/><W116/><G116/><T19/><D30/><U81/><E34/><V113/><F113/><W8/><G8/><T24/><D35/><U48/><E25/><V74/><F100/><W108/><G108/><T70/><D26/><U32/><E101/><V43/><F102/><W38/><G38/><T107/><D24/><U91/><E36/><V111/><F111/><W129/><G129/><T80/><D107/><U109/><E32/><V27/><F27/><W78/><G78/><T134/><D47/><N who="1" m="25711" /><E109/><V121/><F121/><W94/><G94/><T28/><D95/><U17/><E76/><V55/><F88/><W52/><G52/><T33/><D33/><U133/><E92/><V44/><F44/><W51/><G51/><T57/><D39/><U9/><E77/><RYUUKYOKU ba="1,2" sc="240,-10,201,-10,259,-10,280,30" hai3="0,1,3,5,10,14,53,60,68,71,90,93,96" /><INIT seed="3,2,2,1,4,21" ten="230,191,249,310" oya="3" hai0="47,106,64,43,41,12,111,33,5,11,81,61,55" hai1="29,87,72,50,45,16,91,20,22,34,89,109,125" hai2="38,103,6,108,83,62,94,44,95,96,99,25,27" hai3="42,69,39,122,18,63,134,86,84,132,127,54,112"/><W51/><G112/><T67/><D106/><U135/><E72/><V121/><F108/><W59/><G122/><T65/><D33/><U24/><E109/><V70/><F121/><W15/><G127/><T14/><D111/><U79/><E125/><V110/><F110/><W115/><G115/><T100/><D100/><U93/><E135/><N who="3" m="51754" /><G39/><T48/><D61/><U78/><E91/><V32/><F32/><W13/><G13/><T30/><D30/><U98/><E98/><V56/><F70/><W10/><G69/><T4/><D81/><U102/><E102/><V26/><F6/><W131/><G131/><T7/><D14/><N who="1" m="9239" /><E34/><V75/><F38/><W118/><G118/><T80/><D80/><U28/><E28/><V52/><F44/><AGARI ba="2,2" hai="10,15,18,42,44,51,54,59,63,84,86" m="51754" machi="44" ten="30,1500,0" yaku="20,1" doraHai="21" who="3" fromWho="2" sc="230,0,191,0,249,-21,310,41" /><INIT seed="3,3,0,3,0,91" ten="230,191,228,351" oya="3" hai0="50,128,53,25,52,73,27,86,68,26,81,5,124" hai1="74,87,89,119,55,120,54,123,47,121,133,42,134" hai2="79,22,115,4,114,85,29,75,130,88,127,56,9" hai3="41,7,37,36,11,102,105,24,116,38,100,77,71"/><W39/><G116/><T126/><D73/><U31/><E119/><V20/><F127/><N who="0" m="48682" /><D68/><U106/><E31/><V40/><F130/><W1/><G24/><T118/><D118/><U49/><E106/><V12/><F40/><W23/><G23/><T66/><D66/><U76/><E76/><V112/><F29/><W21/><G21/><T45/><D5/><U125/><E74/><V83/><REACH who="2" step="1"/><F56/><REACH who="2" ten="230,191,218,351" step="2"/><W109/><G41/><N who="0" m="24879" /><D128/><U96/><E125/><V80/><AGARI ba="3,1" hai="4,9,12,20,22,75,79,80,83,85,88,112,114,115" machi="80" ten="40,5200,0" yaku="1,1,0,1,54,1,53,0" doraHai="91" doraHaiUra="35" who="2" fromWho="2" sc="230,-16,191,-16,218,71,351,-29" /><INIT seed="4,0,0,4,1,128" ten="214,175,289,322" oya="0" hai0="44,120,63,8,79,78,60,48,12,66,35,16,4" hai1="91,122,43,95,97,131,6,49,107,1,133,92,101" hai2="106,130,9,67,65,64,7,134,76,45,56,10,14" hai3="135,118,18,26,47,129,29,19,13,71,127,32,17"/><T46/><D120/><U59/><E122/><V22/><F106/><W104/><G71/><T89/><D35/><U36/><E36/><V105/><F105/><W0/><G104/><T42/><D46/><U119/><E119/><V98/><F130/><W114/><G118/><T83/><D4/><U81/><E131/><V37/><F76/><W112/><G129/><T50/><D50/><U86/><E6/><V41/><F98/><W126/><G47/><T24/><D24/><U109/><E1/><V94/><F94/><W2/><G13/><T25/><D25/><U57/><E109/><V15/><F22/><W72/><G72/><T52/><D42/><U117/><E117/><V62/><F134/><W116/><G116/><T11/><D11/><U96/><E133/><V84/><F84/><W88/><G88/><T40/><D40/><U111/><E111/><V61/><F61/><N who="0" m="23626" /><D66/><U53/><E43/><V123/><F123/><W121/><G135/><T28/><D28/><U21/><E21/><V30/><F30/><W132/><G132/><T100/><D100/><U73/><E73/><V51/><F37/><W103/><G103/><T69/><D69/><U87/><E107/><V5/><AGARI ba="0,0" hai="5,7,9,10,14,15,41,45,51,56,62,64,65,67" machi="5" ten="20,5200,0" yaku="0,1,7,1,9,1,8,1" doraHai="128" who="2" fromWho="2" sc="214,-26,175,-13,289,52,322,-13" /><INIT seed="5,0,0,0,3,70" ten="188,162,341,309" oya="1" hai0="21,50,109,6,88,14,7,131,105,38,79,123,40" hai1="68,119,122,134,84,108,34,107,69,3,56,82,102" hai2="106,11,74,18,36,29,103,99,60,77,115,118,63" hai3="97,22,124,71,73,110,55,16,81,80,96,85,52"/><U42/><E119/><V46/><F118/><W47/><G110/><T51/><D79/><U39/><E122/><V101/><F29/><W112/><G71/><T98/><D109/><U37/><E108/><V64/><F101/><W92/><G112/><T27/><D105/><U19/><E3/><V17/><F63/><W125/><G73/><T135/><D123/><U0/><E0/><V133/><F133/><W128/><G128/><T89/><D131/><U94/><E34/><V35/><F35/><W95/><G85/><T25/><D135/><U15/><E107/><V100/><F100/><W113/><G113/><T28/><D27/><U1/><E1/><V54/><F11/><W83/><G124/><T61/><D61/><U43/><E69/><V127/><F127/><W33/><G33/><T23/><D38/><U126/><E39/><V93/><F93/><N who="3" m="35915" /><G125/><T65/><D65/><U76/><E37/><V117/><F60/><W75/><G75/><T57/><D98/><N who="3" m="37993" /><G47/><T121/><D121/><U41/><E68/><V86/><F54/><W90/><G90/><N who="0" m="34923" /><D57/><U116/><E116/><V59/><F17/><W111/><G111/><T12/><D40/><U120/><E120/><V104/><F59/><W48/><G48/><N who="0" m="18475" /><D14/><AGARI ba="0,0" hai="14,16,22,52,55,80,81,83" m="37993,35915" machi="14" ten="30,3900,0" yaku="8,1,54,2" doraHai="70" who="3" fromWho="0" sc="188,-39,162,0,341,0,309,39" /><INIT seed="6,0,0,1,0,59" ten="149,162,341,348" oya="2" hai0="18,76,4,118,41,89,67,80,95,65,55,28,61" hai1="53,102,58,45,12,66,10,79,96,130,119,85,21" hai2="13,90,7,31,109,128,70,37,99,43,29,129,83" hai3="101,42,98,52,64,132,30,26,110,57,22,17,3"/><V35/><F35/><W112/><G110/><T27/><D4/><U84/><E130/><N who="2" m="50283" /><F109/><W116/><G116/><T131/><D41/><U23/><E66/><V73/><F70/><W56/><G3/><T51/><D118/><U0/><E45/><N who="2" m="23791" /><F99/><W74/><G132/><T93/><D18/><U106/><E0/><V124/><F124/><W24/><G74/><T15/><D15/><U47/><E47/><V60/><F60/><N who="3" m="37895" /><G112/><T6/><D6/><U46/><E46/><V8/><F90/><W20/><G42/><T117/><D51/><U100/><E119/><V34/><F34/><W71/><G71/><T115/><D115/><U54/><E102/><V126/><F126/><W69/><G69/><T5/><D5/><U113/><E113/><V108/><F108/><W39/><G39/><T81/><D89/><U48/><E79/><AGARI ba="0,0" hai="7,8,13,29,31,73,79,83" m="23791,50283" machi="79" ten="30,1500,0" yaku="19,1" doraHai="59" who="2" fromWho="1" sc="149,0,162,-15,341,15,348,0" /><INIT seed="6,1,0,3,1,128" ten="149,147,356,348" oya="2" hai0="114,126,21,94,45,9,116,83,18,132,58,46,87" hai1="40,91,130,72,27,81,75,61,90,92,32,93,5" hai2="1,99,69,74,6,50,44,53,36,106,111,23,96" hai3="117,15,20,63,57,19,107,98,4,129,33,30,108"/><V80/><F69/><W34/><G108/><T52/><D114/><U110/><E110/><V56/><F111/><W35/><G117/><T120/><D120/><U26/><E130/><V104/><F23/><W10/><G129/><T113/><D113/><U64/><E40/><V54/><F99/><W66/><G107/><T22/><D116/><U42/><E42/><V78/><F96/><W85/><G98/><T79/><D126/><U124/><E124/><V109/><F109/><W60/><G85/><T122/><D122/><U95/><E5/><V100/><F100/><W13/><REACH who="3" step="1"/><G60/><REACH who="3" ten="149,147,356,338" step="2"/><T102/><D102/><U123/><E123/><V43/><REACH who="2" step="1"/><F54/><REACH who="2" ten="149,147,346,338" step="2"/><W11/><G11/><AGARI ba="1,2" hai="1,6,11,36,43,44,50,53,56,74,78,80,104,106" machi="11" ten="40,12000,1" yaku="1,1,2,1,25,2,53,1" doraHai="128" doraHaiUra="49" who="2" fromWho="3" sc="149,0,147,0,346,143,338,-123" /><INIT seed="6,2,0,1,2,101" ten="149,147,489,215" oya="2" hai0="56,104,32,5,34,79,20,41,125,49,87,23,6" hai1="25,37,102,80,2,73,75,31,38,57,13,134,53" hai2="76,135,50,72,96,28,115,45,48,61,117,114,26" hai3="118,0,100,92,94,39,14,12,51,130,84,103,17"/><V86/><F117/><W16/><G39/><T88/><D79/><U123/><E2/><V68/><F135/><W121/><G0/><T1/><D125/><U64/><E134/><V124/><F124/><W54/><G130/><T65/><D104/><U122/><E102/><N who="3" m="38954" /><G121/><N who="1" m="46090" /><E13/><N who="3" m="5226" /><G118/><T127/><D127/><U109/><E64/><V93/><F50/><W30/><G30/><T119/><D119/><U36/><E80/><V44/><F86/><W24/><G84/><T8/><D34/><N who="1" m="20847" /><E109/><V90/><F90/><W106/><G106/><T126/><D32/><U120/><N who="1" m="46098" /><U29/><DORA hai="97" /><E29/><V98/><F48/><AGARI ba="2,0" hai="36,37,38,48,53,57,73,75" m="20847,46098" machi="48" ten="50,1600,0" yaku="13,1" doraHai="101,97" who="1" fromWho="2" sc="149,0,147,22,489,-22,215,0" /><INIT seed="7,0,0,2,1,84" ten="149,169,467,215" oya="3" hai0="81,82,95,25,2,37,105,132,115,21,26,31,127" hai1="121,117,119,94,113,96,20,131,62,38,58,9,41" hai2="11,30,53,114,14,111,73,5,42,123,109,79,66" hai3="0,63,59,18,99,122,29,24,33,54,128,69,124"/><W65/><G122/><T93/><D2/><U52/><E121/><V12/><F123/><W50/><G128/><T48/><D37/><U112/><E131/><V129/><F129/><W76/><G124/><T72/><D105/><U102/><E20/><V85/><F73/><W78/><G0/><T17/><D127/><U88/><E102/><V80/><F114/><N who="1" m="44137" /><E9/><V74/><F74/><W87/><G87/><T4/><D115/><U104/><E104/><V6/><F66/><W34/><G34/><T134/><D4/><U118/><E41/><V68/><F68/><W120/><G120/><T77/><D82/><U40/><E40/><V133/><F133/><W101/><G18/><T22/><REACH who="0" step="1"/><D48/><REACH who="0" ten="139,169,467,215" step="2"/><U126/><E126/><V60/><F6/><W43/><G50/><T57/><D57/><U7/><E7/><V67/><F5/><W51/><G59/><T45/><D45/><U46/><E46/><V47/><F47/><W61/><G51/><T49/><D49/><U32/><E32/><V98/><F109/><W103/><G43/><T27/><D27/><U13/><E13/><V44/><F44/><W64/><G33/><T19/><D19/><U35/><E35/><V39/><F42/><W107/><G24/><T106/><D106/><U1/><E1/><V8/><F39/><AGARI ba="0,1" hai="38,39,52,58,62,88,94,96,117,118,119" m="44137" machi="39" ten="40,8000,1" yaku="12,1,15,1,52,1,54,2" doraHai="84" who="1" fromWho="2" sc="139,0,169,90,467,-80,215,0" owari="139,-36.0,259,6.0,387,48.0,215,-18.0" /></mjloggm>