<mjloggm ver="2.3"><GO type="169" lobby="0"/><UN n0="%63%6C%75%74%63%68%37%33" n1="%EF%BC%BC%28%EF%BC%BE%6F%EF%BC%BE%29%EF%BC%8F%E2%98%85" n2="%E3%81%8F%E3%81%86%E3%81%9F%E3%82%8D" n3="%E3%81%9F%E3%81%8F%E3%81%98%E3%82%8D%E3%81%86" dan="17,17,17,16" rate="2159.17,2215.40,2161.40,2125.57" sx="M,M,M,M"/><TAIKYOKU oya="0"/><INIT seed="0,0,0,1,3,57" ten="250,250,250,250" oya="0" hai0="29,88,27,71,86,117,83,5,99,127,43,101,87" hai1="42,111,92,55,128,104,121,109,39,16,1,67,80" hai2="76,129,4,22,134,8,21,20,131,68,0,51,113" hai3="89,66,54,132,95,118,74,72,85,65,78,48,64"/><T26/><D127/><U12/><E104/><V116/><F68/><W75/><G118/><T46/><D117/><U19/><E1/><V59/><F116/><W13/><G132/><T119/><D119/><U14/><E67/><V9/><F76/><W56/><REACH who="3" step="1"/><G13/><REACH who="3" ten="250,250,250,240" step="2"/><T90/><D5/><U120/><E14/><V10/><F134/><W133/><G133/><T81/><D71/><U123/><E12/><V112/><F4/><W41/><G41/><T122/><D122/><U62/><E42/><V70/><F0/><W98/><G98/><T35/><D27/><U2/><E2/><V44/><F70/><W49/><G49/><T107/><D43/><U108/><E39/><V50/><F59/><W60/><G60/><T7/><D7/><U31/><E123/><V114/><F44/><AGARI ba="0,1" hai="26,29,35,44,46,81,83,86,87,88,90,99,101,107" machi="44" ten="40,3900,0" yaku="9,1,54,1" doraHai="57" who="0" fromWho="2" sc="250,49,250,0,250,-39,240,0" /><INIT seed="0,1,0,5,0,32" ten="299,250,211,240" oya="0" hai0="68,114,5,86,71,62,72,131,10,12,30,91,34" hai1="6,17,15,8,1,99,108,82,40,76,90,51,135" hai2="128,105,47,44,127,58,113,116,134,37,78,121,117" hai3="132,112,115,89,39,46,103,120,63,28,126,69,98"/><T45/><D114/><U88/><E108/><V23/><F113/><W22/><G132/><T2/><D131/><U60/><E135/><V57/><F134/><W53/><G126/><T74/><D45/><N who="2" m="17482" /><F23/><W54/><G89/><T66/><D71/><U81/><E51/><V119/><F78/><W29/><G120/><T59/><D68/><U95/><E40/><V9/><F121/><W125/><G125/><T21/><D34/><U118/><E118/><V43/><F127/><W80/><G80/><T124/><D124/><U102/><E60/><V109/><F105/><W4/><G63/><T42/><D42/><U48/><E48/><V38/><F43/><W133/><G133/><T18/><REACH who="0" step="1"/><D30/><REACH who="0" ten="289,250,211,240" step="2"/><U94/><E76/><V97/><F128/><W93/><G29/><T35/><D35/><U129/><E129/><V75/><F119/><W19/><G69/><T96/><D96/><U14/><E90/><V0/><F97/><W84/><G28/><T106/><D106/><U111/><E111/><V33/><F33/><W11/><G115/><T41/><D41/><U24/><E88/><V64/><F117/><W70/><G70/><T27/><D27/><U110/><E110/><V65/><F109/><W107/><G112/><T67/><D67/><U20/><E24/><V92/><F116/><W31/><G31/><T100/><D100/><U7/><E99/><V56/><F65/><W52/><G107/><T36/><D36/><U85/><E102/><V16/><F64/><W73/><G39/><T101/><D101/><U13/><E20/><V25/><F37/><W79/><G103/><RYUUKYOKU ba="1,1" sc="289,30,250,-10,211,-10,240,-10" hai0="2,5,10,12,18,21,59,62,66,72,74,86,91" /><INIT seed="0,2,1,0,4,21" ten="319,240,201,230" oya="0" hai0="39,42,78,95,47,22,43,53,52,30,90,61,14" hai1="26,106,0,45,82,55,18,65,108,96,7,88,81" hai2="3,102,129,93,12,115,114,91,6,112,57,46,1" hai3="117,107,77,49,15,71,133,2,51,48,29,64,94"/><T84/><D78/><U111/><E65/><V89/><F129/><W67/><G2/><T98/><D43/><U127/><E127/><V32/><F32/><W113/><G107/><T135/><D135/><U76/><E7/><V35/><F35/><W92/><G113/><T121/><D121/><U105/><E0/><V125/><F125/><W104/><G104/><T73/><D73/><U123/><E123/><V118/><F118/><W59/><G71/><T97/><D14/><U69/><E69/><V131/><F131/><W11/><G77/><T66/><D98/><U116/><E116/><V79/><F3/><W83/><G83/><T16/><D30/><U60/><E106/><V120/><F1/><W63/><G133/><T54/><D97/><U122/><E122/><V126/><F126/><W124/><G124/><T8/><D8/><U5/><E5/><V36/><F36/><W41/><G67/><T4/><D4/><U40/><E55/><V85/><F120/><W19/><G117/><T109/><D109/><N who="1" m="42059" /><E60/><V13/><F114/><W9/><G41/><T33/><D33/><U119/><E119/><V27/><F112/><W130/><G130/><T99/><D99/><U10/><E10/><V24/><F115/><W68/><G68/><T50/><D66/><U38/><E76/><V17/><F79/><W101/><G101/><T87/><D87/><U44/><E45/><V86/><F46/><W80/><G9/><T132/><D132/><U134/><E134/><V128/><F128/><W25/><G80/><T28/><D61/><U34/><E105/><V70/><F70/><RYUUKYOKU ba="2,1" sc="319,-10,240,-10,201,-10,230,30" hai3="11,15,19,25,29,48,49,51,59,63,64,92,94" /><INIT seed="1,3,1,3,1,38" ten="309,230,191,260" oya="1" hai0="67,18,60,71,0,49,32,61,81,99,57,94,79" hai1="106,46,125,65,124,6,92,51,110,31,135,59,108" hai2="4,100,12,17,119,66,23,30,25,47,87,90,5" hai3="62,127,73,7,9,44,98,83,13,33,68,111,104"/><U26/><E106/><V1/><F1/><W82/><G111/><N who="1" m="42538" /><E6/><V109/><F119/><W107/><G127/><N who="1" m="48714" /><E92/><V102/><F109/><W134/><G134/><T3/><D32/><N who="1" m="20599" /><E135/><V42/><F5/><W129/><G33/><T58/><D18/><U22/><E22/><V112/><F4/><W121/><G107/><T54/><D71/><U72/><E72/><V11/><F112/><W75/><G68/><T105/><D105/><U93/><E93/><V41/><F100/><W95/><G73/><T39/><D94/><U117/><E117/><V115/><F115/><W8/><G75/><T36/><D99/><U64/><E59/><V50/><F50/><W123/><G7/><T128/><D0/><U19/><E19/><V53/><F102/><W2/><G2/><T15/><D3/><U70/><E70/><V56/><F56/><W114/><G104/><T122/><D15/><U21/><E21/><V101/><F101/><W29/><G13/><T55/><D58/><U97/><E97/><V77/><F77/><W74/><G98/><T86/><D57/><U69/><E69/><V78/><F78/><W45/><G74/><T52/><D79/><U37/><E37/><V43/><F90/><W118/><G118/><T76/><D36/><U130/><E130/><V14/><F23/><W48/><G129/><T28/><D39/><U84/><E84/><V80/><F17/><W10/><G95/><T24/><D86/><U35/><E35/><V16/><F16/><W88/><G114/><T34/><D128/><U40/><AGARI ba="3,1" hai="40,46,51,64,65" m="20599,48714,42538" machi="40" ten="30,11700,0" yaku="14,1,10,1,18,1,52,1" doraHai="38" who="1" fromWho="1" sc="309,-42,230,136,191,-42,260,-42" /><INIT seed="1,4,0,5,3,131" ten="267,366,149,218" oya="1" hai0="100,125,108,40,58,85,39,112,35,7,74,20,42" hai1="8,66,32,70,48,122,37,101,116,104,114,5,77" hai2="25,28,0,94,21,52,91,129,30,55,10,135,64" hai3="13,107,113,46,33,83,62,109,44,17,87,61,68"/><U50/><E77/><V4/><F129/><W81/><G113/><T89/><D35/><U111/><E66/><V102/><F102/><W123/><G123/><T26/><D112/><U45/><E101/><V60/><F135/><W132/><G107/><T34/><D74/><U54/><E8/><V49/><F28/><W97/><G33/><T47/><D34/><U117/><E5/><V9/><F9/><W110/><G97/><T51/><D125/><U15/><E15/><V53/><F49/><W119/><G13/><T24/><D100/><U130/><E54/><V105/><F105/><W99/><G99/><T16/><D7/><U75/><E48/><V106/><F106/><W96/><G96/><T98/><D98/><U127/><E50/><V27/><F27/><W128/><G17/><T93/><D108/><U12/><E45/><V126/><F126/><W134/><G68/><T86/><D86/><U59/><E59/><V133/><F133/><W120/><G87/><T1/><D1/><U115/><E12/><V63/><REACH who="2" step="1"/><F64/><REACH who="2" ten="267,366,139,218" step="2"/><W95/><G128/><T23/><D39/><U14/><E115/><V84/><AGARI ba="4,1" hai="0,4,10,21,25,30,52,53,55,60,63,84,91,94" machi="84" ten="30,7900,0" yaku="1,1,2,1,0,1,54,1,53,0" doraHai="131" doraHaiUra="78" who="2" fromWho="2" sc="267,-24,366,-43,139,101,218,-24" /><INIT seed="2,0,0,4,5,98" ten="243,323,240,194" oya="2" hai0="11,42,30,59,74,68,66,52,71,46,1,92,100" hai1="9,82,19,102,50,49,12,37,45,31,106,10,73" hai2="21,113,6,129,135,2,25,107,112,125,110,75,39" hai3="48,62,93,131,81,29,14,63,83,33,18,95,115"/><V17/><RYUUKYOKU type="yao9" ba="0,0" sc="243,0,323,0,240,0,194,0" hai2="2,6,17,21,25,39,75,107,110,112,113,125,129,135" /><INIT seed="2,1,0,1,2,115" ten="243,323,240,194" oya="2" hai0="5,116,12,43,119,86,46,110,126,18,130,69,29" hai1="80,73,66,13,95,107,39,112,102,3,10,27,96" hai2="56,76,31,62,111,52,70,25,22,108,68,104,135" hai3="125,37,47,133,91,72,127,34,53,123,87,103,15"/><V6/><F104/><W134/><G34/><T78/><D110/><N who="2" m="42026" /><F135/><N who="3" m="51723" /><G72/><T20/><D130/><U118/><E112/><V55/><F76/><W81/><G123/><T67/><D126/><N who="3" m="48137" /><G15/><T129/><D129/><U79/><E39/><V89/><F6/><W0/><G0/><T48/><D29/><U105/><E3/><V121/><F121/><W28/><G28/><T109/><D109/><U64/><E118/><N who="0" m="45097" /><D5/><U128/><E128/><V63/><F89/><W84/><G37/><T82/><D67/><U85/><E27/><V1/><F1/><W71/><G71/><AGARI ba="1,0" hai="12,18,20,43,46,48,69,71,78,82,86" m="45097" machi="71" ten="30,7700,0" yaku="12,1,52,3" doraHai="115" who="0" fromWho="3" sc="243,80,323,0,240,0,194,-80" /><INIT seed="3,0,0,3,3,56" ten="323,323,240,114" oya="3" hai0="33,7,51,126,13,74,125,84,87,83,89,24,6" hai1="62,99,90,37,103,42,132,129,117,60,75,19,45" hai2="47,49,9,115,32,54,25,63,77,101,38,107,85" hai3="91,64,106,11,21,18,102,61,94,123,88,97,57"/><W124/><G123/><T44/><D74/><U34/><E75/><V27/><F115/><W105/><G124/><N who="0" m="47723" /><D13/><U50/><E34/><V52/><F38/><W29/><G105/><T28/><D87/><U113/><E113/><V22/><F32/><W55/><G106/><T133/><D133/><U41/><E132/><V86/><F107/><W93/><G93/><T112/><D112/><U15/><E129/><V81/><F101/><W70/><G11/><T96/><D96/><U127/><E127/><V46/><F9/><W17/><G29/><T48/><D48/><U58/><E90/><V69/><F85/><W26/><REACH who="3" step="1"/><G17/><REACH who="3" ten="323,323,240,104" step="2"/><T128/><D128/><U31/><E31/><V36/><F22/><W108/><G108/><T12/><D12/><U80/><E19/><V120/><F120/><W134/><G134/><T131/><D131/><U79/><E15/><V72/><F27/><W78/><G78/><T2/><D2/><U109/><E109/><V59/><F25/><W3/><G3/><T71/><D71/><U92/><E92/><V76/><F69/><W130/><G130/><T14/><D14/><U53/><E117/><V98/><F76/><W66/><G66/><T100/><D100/><U119/><E119/><V111/><F111/><W104/><G104/><T118/><D118/><U121/><E121/><V73/><F73/><W114/><G114/><T40/><AGARI ba="0,1" hai="6,7,24,28,33,40,44,51,83,84,89" m="47723" machi="40" ten="30,1100,0" yaku="18,1" doraHai="56" who="0" fromWho="0" sc="323,21,323,-3,240,-3,104,-5" /><INIT seed="4,0,0,5,2,2" ten="344,320,237,99" oya="0" hai0="130,78,115,33,11,10,21,120,64,123,131,38,83" hai1="97,80,65,63,100,59,8,99,54,124,79,71,14" hai2="72,69,74,13,101,126,89,127,25,23,98,53,113" hai3="6,135,92,7,75,27,108,122,86,128,105,24,16"/><T70/><D38/><U94/><E124/><N who="2" m="47659" /><F69/><W109/><G105/><T106/><D106/><U37/><E37/><V62/><F13/><W125/><G125/><T87/><D33/><U40/><E40/><V31/><F89/><N who="3" m="53303" /><G75/><T96/><D96/><U57/><E71/><V42/><F42/><W41/><G109/><T116/><D116/><U44/><E44/><V84/><F84/><W30/><G108/><T26/><D115/><U91/><E65/><V129/><F129/><N who="0" m="49162" /><D64/><U36/><E59/><N who="2" m="35183" /><F113/><W119/><G119/><T60/><D60/><U112/><E36/><V32/><F32/><W132/><G128/><T1/><D70/><U76/><E112/><V22/><F22/><N who="3" m="13383" /><G41/><T85/><D85/><N who="1" m="50599" /><E97/><V82/><F82/><W77/><G77/><T61/><D61/><U50/><E63/><V48/><F48/><W133/><G122/><N who="0" m="46635" /><D1/><U49/><E50/><V43/><F43/><W56/><G56/><T19/><AGARI ba="0,0" hai="10,11,19,21,26,78,83,87" m="46635,49162" machi="19" ten="30,1500,0" yaku="19,1" doraHai="2" who="0" fromWho="0" sc="344,15,320,-5,237,-5,99,-5" /><INIT seed="4,1,0,3,3,115" ten="359,315,232,94" oya="0" hai0="25,107,119,92,4,27,67,29,42,108,97,65,1" hai1="117,121,55,76,105,44,93,49,120,98,45,110,10" hai2="36,20,74,21,114,106,26,133,127,130,28,9,90" hai3="33,79,100,40,94,54,89,16,69,129,5,31,124"/><T113/><D107/><U24/><E105/><V81/><F36/><W41/><G69/><T73/><D113/><U60/><E110/><V8/><F106/><W128/><G100/><T111/><D73/><U80/><E117/><V53/><F114/><W101/><G101/><T72/><D119/><U58/><E10/><V123/><F123/><W56/><G5/><T47/><D72/><U70/><E70/><V17/><F127/><W38/><G79/><T2/><D47/><U19/><E45/><V134/><F53/><W82/><G82/><T77/><D77/><U15/><E24/><N who="2" m="16391" /><F130/><W22/><G31/><T96/><D92/><U66/><E15/><V109/><F109/><W59/><G33/><T118/><D29/><U23/><E23/><V71/><F71/><W52/><G124/><T35/><D118/><U125/><E19/><V91/><F74/><W75/><G75/><T0/><D0/><U99/><E125/><V50/><F50/><N who="3" m="30743" /><G38/><T116/><D116/><U78/><E78/><V87/><F91/><W84/><G129/><T102/><D102/><U103/><E99/><V51/><F51/><N who="3" m="31199" /><G128/><T32/><REACH who="0" step="1"/><D4/><REACH who="0" ten="349,315,232,94" step="2"/><U85/><AGARI ba="1,1" hai="44,49,55,58,60,66,76,80,85,93,98,103,120,121" machi="85" ten="20,1500,0" yaku="0,1,7,1" doraHai="115" who="1" fromWho="1" sc="349,-8,315,28,232,-5,94,-5" /><INIT seed="5,0,0,1,1,123" ten="341,343,227,89" oya="1" hai0="95,7,29,86,93,9,130,115,68,76,50,99,66" hai1="1,4,31,63,73,28,119,59,17,11,0,37,117" hai2="67,36,131,122,101,8,124,100,70,112,56,2,125" hai3="72,88,106,61,92,22,38,128,127,24,129,60,113"/><U74/><E37/><V94/><F122/><W78/><G106/><T42/><D115/><U126/><E59/><V116/><F116/><N who="1" m="44617" /><E63/><N who="2" m="40319" /><F36/><W132/><G38/><T81/><D68/><U84/><E84/><V118/><F118/><W121/><G121/><T52/><D66/><U41/><E41/><V58/><F131/><N who="3" m="50251" /><G78/><T57/><D130/><U53/><E53/><V35/><F35/><W18/><G72/><T82/><D42/><U48/><E48/><V104/><F104/><W91/><G91/><T77/><D99/><U46/><E46/><V75/><F75/><W33/><G33/><T40/><D40/><U54/><E54/><V10/><F112/><W49/><G49/><T65/><D65/><U23/><E74/><V26/><F58/><W47/><G47/><T20/><D81/><U135/><E73/><V13/><F94/><W108/><G113/><T114/><D77/><U97/><E97/><V3/><F101/><W109/><G61/><T45/><D45/><U69/><E69/><V107/><F100/><W134/><G60/><T71/><D71/><U98/><E98/><V43/><F56/><W102/><G102/><T27/><D114/><U16/><E1/><AGARI ba="0,0" hai="1,7,9,20,27,29,50,52,57,76,82,86,93,95" machi="1" ten="30,2000,0" yaku="7,1,54,1" doraHai="123" who="0" fromWho="1" sc="341,20,343,-20,227,0,89,0" /><INIT seed="6,0,0,4,2,126" ten="361,323,227,89" oya="2" hai0="16,105,35,114,47,110,56,109,22,80,2,71,55" hai1="118,10,20,81,117,111,90,98,51,96,7,23,44" hai2="135,119,40,125,13,21,14,52,29,9,6,50,132" hai3="83,72,30,120,41,84,65,58,0,129,104,94,67"/><V87/><F119/><W25/><G120/><T53/><D71/><U43/><E111/><V108/><F40/><W42/><G0/><T34/><D2/><U48/><E117/><V17/><F125/><W122/><G122/><T128/><D105/><U82/><E118/><V24/><F87/><W99/><G104/><T115/><D80/><U1/><E51/><V37/><F37/><W91/><G72/><T124/><D124/><U63/><E23/><V101/><F101/><W89/><G129/><T31/><D128/><U131/><E131/><V15/><F108/><N who="0" m="41578" /><D31/><U28/><E63/><V127/><F127/><W106/><G106/><T116/><D47/><U8/><E10/><V74/><F74/><W134/><G134/><N who="2" m="51241" /><F29/><W36/><G36/><T18/><D22/><U27/><E98/><V112/><F112/><N who="0" m="43050" /><D55/><U12/><E1/><V93/><F93/><AGARI ba="0,0" hai="7,8,12,20,27,28,43,44,48,81,82,90,93,96" machi="93" ten="40,1300,0" yaku="8,1" doraHai="126" who="1" fromWho="2" sc="361,0,323,13,227,-13,89,0" /><INIT seed="7,0,0,1,3,20" ten="361,336,214,89" oya="3" hai0="26,19,94,107,37,8,48,35,24,6,17,62,110" hai1="127,115,39,98,80,129,11,112,121,33,90,38,108" hai2="135,85,29,16,118,68,18,21,123,106,131,84,45" hai3="83,122,117,22,74,43,125,67,132,93,76,57,5"/><W53/><G117/><T99/><D37/><U88/><E108/><V1/><F118/><W9/><G122/><T49/><D107/><U41/><E121/><V59/><F68/><W63/><G132/><T66/><D35/><U52/><E127/><V27/><F106/><W32/><G125/><T15/><D110/><U46/><E129/><V25/><F1/><W42/><G32/><T7/><D19/><U102/><E33/><V65/><F65/><W13/><G93/><T0/><D0/><U109/><E109/><V111/><F111/><W116/><G116/><T2/><D2/><U54/><E11/><V95/><F123/><W91/><G91/><N who="1" m="34858" /><E80/><V75/><F75/><W96/><G96/><T87/><D87/><U101/><E38/><V50/><F59/><W128/><G128/><T100/><D6/><U104/><E101/><V58/><F131/><W73/><G73/><T119/><D119/><U82/><E82/><V70/><F95/><W105/><G105/><T47/><D7/><U69/><E69/><V134/><F84/><W23/><G67/><T124/><D124/><U34/><E34/><V86/><F86/><W60/><G60/><T114/><D114/><AGARI ba="0,0" hai="39,41,46,52,54,98,102,104,112,114,115" m="34858" machi="114" ten="30,3900,0" yaku="15,1,54,2" doraHai="20" who="1" fromWho="0" sc="361,-39,336,39,214,0,89,0" owari="322,12.0,375,48.0,214,-19.0,89,-41.0" /></mjloggm>