<mjloggm ver="2.3"><GO type="169" lobby="0"/><UN n0="%68%61%72%75%6B%61%73" n1="%E9%81%8A%E3%81%B3%E5%BF%83" n2="%72%79%6F%31%37" n3="%E9%B4%A8%E8%91%B1%E5%A4%AA%E9%83%8E" dan="17,18,16,17" rate="2118.28,2218.72,2018.41,2161.55" sx="M,M,M,M"/><TAIKYOKU oya="0"/><INIT seed="0,0,0,4,4,134" ten="250,250,250,250" oya="0" hai0="82,3,7,120,20,16,91,133,38,65,102,73,86" hai1="107,92,18,79,115,9,8,104,71,84,39,70,96" hai2="41,126,37,58,77,30,56,72,22,69,116,85,12" hai3="81,131,61,127,60,35,110,129,50,108,6,100,40"/><T47/><D120/><U25/><E39/><V106/><F72/><W75/><G35/><T62/><D133/><U124/><E25/><V59/><F69/><W31/><G31/><T78/><D102/><U63/><E84/><V52/><F106/><W36/><G100/><T21/><D20/><U90/><E79/><V119/><F37/><W99/><G99/><T122/><D7/><U2/><E18/><V103/><F103/><W128/><G6/><T53/><D3/><U15/><E15/><V95/><F41/><W57/><G81/><T123/><D53/><U125/><E115/><V34/><F34/><W89/><G89/><T55/><D55/><U105/><E2/><V109/><F109/><N who="3" m="42091" /><G75/><T98/><D98/><U26/><E26/><V0/><F0/><W132/><G132/><T10/><D10/><N who="1" m="4203" /><E63/><V64/><F12/><W83/><G83/><T29/><D29/><U42/><E42/><V114/><F85/><W28/><G28/><T67/><D78/><U88/><E90/><V93/><F30/><W66/><G61/><T54/><D73/><U87/><E87/><V1/><F77/><W117/><G36/><T130/><D38/><U24/><E24/><V49/><F1/><W43/><G43/><T101/><D101/><U68/><E104/><V76/><F76/><W5/><G5/><T112/><D122/><U51/><E51/><V94/><F95/><W45/><G117/><T23/><D123/><U19/><E19/><V80/><F116/><W48/><G48/><T32/><D16/><U11/><E11/><V27/><F119/><W4/><G4/><RYUUKYOKU ba="0,0" sc="250,-15,250,15,250,-15,250,15" hai1="68,70,71,88,92,96,105,107,124,125" hai3="40,45,50,57,60,66,127,128,129,131" /><INIT seed="1,1,0,0,3,53" ten="235,265,235,265" oya="1" hai0="90,120,113,128,41,18,24,55,25,29,130,1,48" hai1="37,49,28,86,133,108,34,124,50,58,64,83,67" hai2="44,71,3,30,0,104,84,12,23,73,76,79,121" hai3="31,21,92,40,106,11,16,94,70,123,75,132,59"/><U56/><E37/><V45/><F121/><W54/><G70/><T98/><D113/><U10/><E34/><V17/><F73/><W102/><G75/><T19/><D1/><U38/><E38/><V7/><F71/><W129/><G123/><T107/><D41/><U66/><E124/><V13/><F104/><W5/><G31/><T35/><D120/><U15/><E28/><V89/><F30/><W51/><G129/><T110/><D110/><U112/><E133/><V63/><F63/><W8/><G8/><T105/><D90/><N who="1" m="51551" /><E112/><V85/><F89/><W47/><G102/><T116/><D116/><U93/><E93/><V118/><F23/><W81/><G81/><T99/><D29/><U26/><E26/><V6/><REACH who="2" step="1"/><F17/><REACH who="2" ten="235,265,225,265" step="2"/><W52/><G106/><T2/><D107/><U43/><E108/><V103/><F103/><W88/><G132/><T22/><D105/><U20/><E20/><V117/><AGARI ba="1,1" hai="0,3,6,7,12,13,44,45,76,79,84,85,117,118" machi="117" ten="25,6400,0" yaku="1,1,0,1,22,2,53,0" doraHai="53" doraHaiUra="100" who="2" fromWho="2" sc="235,-17,265,-33,225,77,265,-17" /><INIT seed="2,0,0,4,4,97" ten="218,232,302,248" oya="2" hai0="15,45,114,7,65,83,18,113,96,70,58,115,122" hai1="16,125,117,38,39,34,116,17,85,48,81,120,127" hai2="75,0,124,74,89,105,134,69,72,61,119,66,68" hai3="54,25,106,12,108,49,14,101,102,52,10,112,43"/><V19/><F119/><N who="1" m="45641" /><E34/><V5/><F124/><N who="1" m="47689" /><E48/><V56/><F134/><W53/><G106/><T32/><D122/><U94/><E94/><V50/><F105/><W67/><G67/><T63/><D32/><U31/><E31/><V26/><F50/><W1/><G1/><T4/><D70/><U77/><E120/><V133/><F133/><W126/><G112/><T8/><D45/><U92/><E92/><V27/><F89/><W6/><G108/><T23/><D83/><U93/><E93/><V3/><F5/><W42/><G126/><T129/><D7/><U47/><E47/><V76/><F76/><W84/><G84/><T37/><D96/><U9/><E9/><V11/><F11/><N who="3" m="4215" /><G25/><T95/><D95/><U40/><E40/><N who="3" m="15402" /><G49/><T35/><D35/><U130/><E130/><V73/><F27/><W44/><G44/><T121/><D129/><U57/><E57/><V118/><F75/><W78/><G78/><T104/><D121/><U91/><E77/><V87/><F69/><W64/><G64/><T20/><D104/><U30/><E30/><V88/><F68/><W33/><G33/><T80/><D115/><U103/><E103/><V13/><F3/><W86/><G86/><T135/><D113/><U59/><E59/><V21/><F0/><W107/><G107/><T90/><D135/><U111/><E111/><V109/><F109/><W24/><G24/><T131/><D114/><U82/><E82/><N who="2" m="49271" /><F26/><W60/><G60/><T22/><D131/><U71/><E71/><V29/><F29/><W100/><G101/><T132/><D132/><U51/><E51/><RYUUKYOKU ba="0,0" sc="218,-30,232,10,302,10,248,10" hai1="16,17,38,39,81,85,91" hai2="13,19,21,56,61,66,72,73,74,118" hai3="10,14,52,53,54,100,102" /><INIT seed="2,1,0,0,5,3" ten="188,242,312,258" oya="2" hai0="49,86,66,73,42,102,83,85,82,36,48,110,129" hai1="59,8,79,33,25,122,111,70,88,100,132,44,116" hai2="16,92,115,114,13,1,94,71,52,69,54,126,87" hai3="109,29,38,55,77,61,112,50,57,67,20,133,68"/><V108/><F1/><W11/><G112/><T46/><D110/><U106/><E70/><V96/><F126/><W60/><G109/><T58/><D73/><U37/><E79/><V128/><F108/><W56/><G77/><T127/><D127/><U76/><E76/><V51/><F128/><W22/><G29/><T99/><D129/><U7/><E59/><V28/><F28/><W90/><G38/><T23/><D23/><U14/><E100/><V6/><F87/><W18/><G90/><T101/><D36/><U113/><E132/><V31/><F31/><W119/><G133/><T34/><D34/><U117/><E106/><V62/><F62/><W39/><G39/><T118/><D118/><U5/><E33/><V32/><F32/><W80/><G80/><T93/><D102/><U0/><E25/><V81/><F81/><N who="0" m="30730" /><D49/><U74/><E74/><V27/><F27/><W75/><G75/><T123/><D123/><U134/><E134/><V4/><F51/><W64/><G119/><T21/><D21/><U2/><E111/><V65/><F13/><W17/><G17/><T89/><D101/><U9/><E113/><V26/><F26/><W45/><G68/><T125/><D125/><U35/><E35/><V120/><F16/><W124/><G124/><T78/><D78/><U53/><E122/><V30/><F30/><W121/><G121/><T63/><AGARI ba="1,0" hai="42,46,48,58,63,66,85,86,89,93,99" m="30730" machi="63" ten="30,1100,0" yaku="8,1" doraHai="3" who="0" fromWho="0" sc="188,14,242,-4,312,-6,258,-4" /><INIT seed="3,0,0,5,0,72" ten="202,238,306,254" oya="3" hai0="135,98,96,89,122,62,43,118,104,113,53,51,69" hai1="93,78,101,92,85,9,1,15,75,77,11,90,49" hai2="108,86,74,116,29,119,129,59,10,41,0,58,103" hai3="83,95,84,66,28,99,70,117,36,19,22,126,131"/><W111/><BYE who="1" /><G36/><UN n1="%E9%81%8A%E3%81%B3%E5%BF%83" /><T37/><D118/><U2/><E75/><V34/><F74/><W97/><G117/><T17/><D122/><U33/><E33/><V134/><F108/><W128/><G28/><T64/><D135/><U44/><E1/><V6/><F134/><W127/><G66/><T38/><D113/><U109/><E109/><V27/><F129/><N who="3" m="49739" /><G70/><T107/><D17/><U42/><E2/><V80/><F119/><W5/><G5/><T14/><D14/><U123/><E123/><V46/><F116/><W24/><G111/><T55/><D55/><U81/><E9/><V31/><F31/><W16/><G19/><T91/><D38/><U102/><E93/><V125/><F125/><N who="3" m="47627" /><G95/><T82/><D37/><U124/><E124/><V130/><F130/><W23/><G23/><T60/><D64/><U25/><E25/><V105/><F105/><W76/><AGARI ba="0,0" hai="16,22,24,76,83,84,97,99" m="47627,49739" machi="76" ten="30,11700,0" yaku="19,1,18,1,52,1,54,1" doraHai="72" who="3" fromWho="3" sc="202,-39,238,-39,306,-39,254,117" /><INIT seed="3,1,0,3,2,62" ten="163,199,267,371" oya="3" hai0="15,57,32,61,134,58,108,84,35,123,82,111,83" hai1="10,46,121,22,49,122,29,119,63,86,41,75,93" hai2="130,30,13,34,6,116,5,103,114,16,64,59,92" hai3="74,88,117,8,20,33,11,81,17,50,53,19,118"/><W124/><G33/><T109/><D123/><U135/><E75/><V14/><F116/><W60/><G60/><T48/><D134/><U45/><E119/><V94/><F114/><W80/><G124/><T25/><D15/><U67/><E135/><V107/><F107/><W26/><G74/><T0/><D0/><U21/><E45/><V112/><F112/><W3/><G3/><T18/><D18/><U40/><E40/><V7/><F130/><W68/><G68/><T102/><D102/><U113/><E113/><V69/><F69/><W99/><G117/><T56/><D48/><U97/><E86/><V77/><F77/><W9/><G19/><T70/><D25/><U110/><E10/><V131/><F131/><W106/><G106/><T36/><D36/><U126/><E110/><V129/><F129/><W37/><G37/><T28/><D28/><U27/><E126/><V78/><F78/><W44/><G118/><T38/><D38/><U85/><E85/><V91/><F103/><W87/><G99/><T101/><D101/><U31/><E21/><V66/><F34/><N who="0" m="12842" /><D84/><U105/><E105/><V23/><F30/><W54/><G53/><T47/><D47/><U120/><E31/><V90/><F14/><W73/><G73/><T39/><D39/><U72/><E72/><V133/><F133/><W43/><G54/><T100/><D100/><N who="1" m="60463" /><E122/><V52/><F91/><W1/><G1/><T128/><D128/><U51/><E49/><N who="2" m="31119" /><F90/><W125/><G125/><T71/><D71/><U65/><E63/><V42/><F42/><W4/><G4/><T76/><D76/><RYUUKYOKU ba="1,0" sc="163,0,199,0,267,0,371,0" hai0="56,57,58,61,70,82,83,108,109,111" hai1="22,27,29,41,46,51,65,67,120,121" hai2="5,6,7,13,16,23,64,66,92,94" hai3="8,9,11,17,20,26,43,44,50,80,81,87,88" /><INIT seed="3,2,0,2,1,83" ten="163,199,267,371" oya="3" hai0="99,69,109,100,133,101,103,34,47,107,134,73,135" hai1="86,54,106,95,9,44,127,20,17,8,97,46,113" hai2="75,55,124,120,132,121,53,80,112,51,11,77,48" hai3="21,12,18,56,68,129,36,37,30,60,29,26,40"/><W59/><G129/><T49/><D34/><U19/><E113/><V15/><F112/><W76/><G30/><T130/><D130/><U104/><E127/><V131/><F131/><W41/><G68/><T5/><D69/><U39/><E39/><V67/><F124/><W25/><G25/><T10/><D73/><U71/><E71/><V128/><F128/><W3/><G3/><N who="0" m="319" /><D109/><U1/><E1/><V27/><F67/><W7/><G7/><T43/><AGARI ba="2,0" hai="43,47,49,99,100,101,103,107,133,134,135" m="319" machi="43" ten="30,1100,0" yaku="20,1" doraHai="83" who="0" fromWho="0" sc="163,17,199,-5,267,-5,371,-7" /><INIT seed="4,0,0,4,3,55" ten="180,194,262,364" oya="0" hai0="52,97,90,27,95,6,61,36,118,78,37,84,101" hai1="0,58,45,28,79,12,69,70,41,109,102,23,11" hai2="49,124,65,18,115,103,44,75,63,94,19,50,111" hai3="47,88,126,92,31,100,25,13,30,10,26,66,106"/><T59/><D118/><U120/><E109/><V121/><F111/><W105/><G66/><T135/><D135/><U2/><E120/><V127/><F121/><W51/><G100/><T81/><D6/><U4/><E102/><V129/><F75/><W15/><G15/><T42/><D42/><U32/><E79/><V7/><F115/><W3/><G3/><T99/><REACH who="0" step="1"/><D27/><REACH who="0" ten="170,194,262,364" step="2"/><N who="1" m="18463" /><E0/><V48/><F7/><W5/><G26/><T96/><D96/><U93/><E2/><V114/><F114/><W67/><G25/><T110/><D110/><U132/><E41/><V72/><F127/><W108/><G126/><T122/><D122/><U112/><E132/><V24/><F24/><W1/><G1/><T113/><D113/><U68/><E112/><V17/><F124/><W60/><G108/><T64/><D64/><U133/><E133/><V57/><F19/><W22/><G31/><T130/><D130/><U91/><E4/><V83/><F129/><W89/><G30/><T123/><D123/><U76/><E12/><V38/><F18/><W46/><G5/><T9/><D9/><U16/><E11/><V134/><F17/><W116/><G13/><T35/><D35/><U104/><E16/><V43/><F134/><W73/><G10/><T53/><D53/><U80/><E23/><V82/><F43/><W33/><G22/><T62/><D62/><U85/><E104/><AGARI ba="0,1" hai="36,37,52,59,61,78,81,84,90,95,97,99,101,104" machi="104" ten="30,12000,1" yaku="1,1,7,1,52,1,54,1,53,1" doraHai="55" doraHaiUra="98" who="0" fromWho="1" sc="170,130,194,-120,262,0,364,0" /><INIT seed="4,1,0,4,3,18" ten="300,74,262,364" oya="0" hai0="33,10,15,69,93,31,8,34,124,122,121,21,85" hai1="36,129,0,30,55,130,32,29,64,108,116,114,133" hai2="126,58,128,48,112,17,52,42,87,26,7,19,106" hai3="99,50,83,51,44,45,2,134,54,13,127,41,119"/><T47/><D69/><U97/><E116/><V70/><F70/><W72/><G2/><T28/><D47/><U22/><E108/><V67/><F106/><W77/><G119/><T5/><D85/><U35/><E36/><V25/><F67/><W131/><G127/><T78/><D93/><U39/><E39/><V135/><F126/><W118/><G131/><N who="1" m="50186" /><E55/><V49/><F128/><W24/><G134/><T62/><D78/><U88/><E64/><V14/><F135/><W109/><G109/><T43/><D62/><U63/><E133/><V90/><F7/><W101/><G13/><T117/><D43/><U68/><E63/><V65/><F65/><W66/><G66/><T3/><D124/><U125/><E68/><V132/><F132/><W94/><G24/><N who="0" m="16399" /><D117/><U79/><E79/><V76/><F76/><W46/><G118/><T110/><D110/><U27/><E125/><V37/><F37/><W74/><G45/><T75/><D75/><AGARI ba="1,0" hai="41,44,46,50,51,54,72,74,75,77,83,94,99,101" machi="75" ten="30,1000,0" yaku="7,1" doraHai="18" who="3" fromWho="0" sc="300,-13,74,0,262,0,364,13" /><INIT seed="5,0,0,3,3,70" ten="287,74,262,377" oya="1" hai0="133,13,67,36,109,129,106,2,100,134,119,82,101" hai1="38,59,80,46,50,53,25,12,54,55,79,120,92" hai2="81,21,22,69,93,114,9,44,89,135,43,32,19" hai3="87,40,76,99,122,83,131,33,107,27,66,126,103"/><U8/><E120/><V60/><F32/><W48/><G122/><T95/><D2/><U17/><E92/><V37/><F135/><W56/><G126/><T118/><D67/><U5/><E25/><V132/><F132/><W74/><G131/><T23/><D129/><U16/><E38/><V115/><F81/><W97/><G97/><T61/><D36/><U108/><E108/><V28/><F28/><W47/><G33/><T110/><D95/><U90/><E90/><V63/><F9/><W41/><G27/><T49/><D82/><U86/><REACH who="1" step="1"/><E59/><REACH who="1" ten="287,64,262,377" step="2"/><V121/><F121/><W39/><G39/><T72/><D110/><U78/><E78/><V65/><F89/><W24/><G24/><T52/><D109/><U91/><E91/><V35/><F93/><W128/><G128/><T112/><D133/><U104/><E104/><V84/><F37/><W42/><G56/><T58/><D106/><U7/><E7/><V94/><F94/><W34/><G107/><T116/><D134/><U98/><E98/><V102/><F69/><W6/><G99/><T20/><D116/><U10/><E10/><V0/><F115/><W14/><G6/><T73/><D112/><U30/><E30/><V123/><F114/><W85/><G76/><T26/><D26/><U64/><E64/><V111/><F65/><W62/><G66/><T77/><D77/><U68/><E68/><V71/><F71/><W88/><G88/><T3/><D119/><U31/><E31/><V29/><F29/><W4/><G4/><T15/><D118/><U45/><E45/><V105/><F111/><RYUUKYOKU ba="0,1" sc="287,-10,64,30,262,-10,377,-10" hai1="5,8,12,16,17,46,50,53,54,55,79,80,86" /><INIT seed="5,1,1,1,4,43" ten="277,94,252,367" oya="1" hai0="69,22,81,39,134,97,15,19,80,71,125,42,8" hai1="46,18,123,51,132,78,47,49,62,16,68,102,50" hai2="88,114,61,2,23,32,30,58,53,29,55,41,116" hai3="98,52,129,14,93,6,110,99,86,11,59,28,130"/><U34/><E123/><V124/><F116/><W67/><G67/><T73/><D125/><U131/><E34/><V79/><F32/><W83/><G28/><T35/><D35/><U25/><E132/><V26/><F2/><W108/><G98/><T54/><D134/><U127/><E131/><N who="3" m="50186" /><G86/><T38/><D71/><U91/><E127/><V65/><F124/><W36/><G36/><T66/><D66/><U94/><E68/><V0/><F0/><W45/><G45/><N who="1" m="16906" /><E62/><V82/><F61/><N who="3" m="36071" /><G83/><T9/><D39/><U57/><E78/><V103/><F79/><W72/><G72/><T121/><D73/><U135/><E102/><AGARI ba="1,1" hai="6,11,14,93,99,102,108,110" m="36071,50186" machi="102" ten="30,2000,0" yaku="19,1,54,1" doraHai="43" who="3" fromWho="1" sc="277,0,94,-23,252,0,367,33" /><INIT seed="6,0,0,1,5,110" ten="277,71,252,400" oya="2" hai0="69,21,29,38,57,68,119,50,73,113,42,5,66" hai1="44,78,2,47,117,127,55,88,116,41,22,108,101" hai2="23,96,84,18,39,126,121,36,80,132,6,25,49" hai3="54,83,112,111,59,129,77,100,94,46,131,4,75"/><V0/><F121/><W20/><G111/><T124/><D73/><U71/><E2/><V61/><F126/><W26/><G46/><N who="0" m="23895" /><D5/><U9/><E127/><V51/><F96/><W118/><G4/><T53/><D124/><U115/><E108/><V58/><F132/><W34/><G34/><T14/><D69/><U32/><E71/><V13/><F0/><W135/><G118/><T122/><D122/><U11/><E32/><V45/><F39/><W104/><G104/><T95/><D95/><U107/><E78/><V33/><F36/><W16/><G94/><T56/><D56/><U52/><E107/><V15/><F33/><W120/><G100/><T106/><D106/><U10/><E41/><V17/><F6/><W62/><G135/><T63/><D119/><U3/><E9/><V128/><F45/><W133/><G133/><T65/><D65/><U134/><E3/><V7/><F7/><W86/><G75/><T109/><D109/><U12/><E134/><V74/><F74/><W87/><G87/><T91/><D91/><U114/><E101/><V105/><F105/><W60/><G60/><T8/><D21/><U67/><E67/><V64/><F128/><N who="3" m="49227" /><G120/><T90/><D90/><U92/><E92/><V43/><F43/><W19/><G19/><N who="0" m="8647" /><D29/><U97/><E22/><N who="2" m="11615" /><F25/><W102/><G102/><T35/><D35/><U48/><E12/><V93/><F93/><W89/><G89/><AGARI ba="0,0" hai="13,17,23,49,51,58,61,64,80,84,89" m="11615" machi="89" ten="30,1500,0" yaku="8,1" doraHai="110" who="2" fromWho="3" sc="277,0,71,0,252,15,400,-15" /><INIT seed="6,1,0,4,5,97" ten="277,71,267,385" oya="2" hai0="107,64,84,121,0,108,34,118,86,3,17,96,52" hai1="13,20,120,91,57,90,94,99,89,31,128,69,129" hai2="74,45,101,36,126,79,16,48,50,70,104,37,55" hai3="68,65,25,42,106,81,93,133,51,61,60,76,130"/><V2/><F2/><W100/><G61/><T114/><D108/><U58/><E69/><V123/><F123/><W103/><G106/><T24/><D121/><U127/><E120/><V32/><F32/><W95/><G133/><T83/><D114/><U56/><E127/><V39/><F70/><W19/><G95/><T30/><D64/><U66/><E66/><V4/><F4/><W1/><G93/><T80/><D17/><U88/><N who="1" m="22528" /><DORA hai="109" /><U98/><E13/><V7/><F7/><W105/><G105/><T18/><D84/><U40/><E40/><V33/><F33/><W67/><G67/><T21/><D83/><U46/><E46/><V11/><F126/><W53/><G42/><T92/><D107/><U63/><E63/><V113/><F113/><W41/><G41/><T115/><D86/><U125/><E125/><V111/><F111/><W15/><G25/><T135/><D80/><U62/><E62/><V77/><F50/><W131/><G1/><T49/><D135/><U71/><E71/><V28/><F28/><W47/><G130/><T116/><D115/><U117/><E117/><N who="0" m="45161" /><D30/><U82/><E82/><V35/><F74/><W85/><G131/><T5/><D5/><U112/><E112/><V22/><F11/><AGARI ba="1,0" hai="11,15,19,47,51,53,60,65,68,76,81,85,100,103" machi="11" ten="30,3900,0" yaku="7,1,52,2" doraHai="97,109" who="3" fromWho="2" sc="277,0,71,0,267,-42,385,42" /><INIT seed="7,0,0,2,5,62" ten="277,71,225,427" oya="3" hai0="61,9,97,99,95,75,81,127,116,102,0,19,43" hai1="86,48,103,98,11,10,31,130,105,71,54,34,78" hai2="3,29,131,110,113,35,109,91,39,119,135,73,23" hai3="67,16,133,108,15,76,53,123,94,7,49,45,57"/><W64/><G123/><T107/><D116/><U129/><E86/><V101/><RYUUKYOKU type="yao9" ba="0,0" sc="277,0,71,0,225,0,427,0" hai2="3,23,29,35,39,73,91,101,109,110,113,119,131,135" /><INIT seed="7,1,0,1,4,117" ten="277,71,225,427" oya="3" hai0="13,101,131,74,83,46,114,121,113,22,60,57,110" hai1="72,77,108,68,64,69,3,88,78,132,127,71,125" hai2="103,5,40,52,21,7,135,89,120,26,128,12,79" hai3="67,30,34,98,45,84,66,63,33,99,96,32,59"/><W90/><G45/><T107/><D110/><U100/><E108/><V8/><F135/><W25/><G67/><T62/><D121/><U31/><E132/><V43/><F128/><W44/><G44/><T6/><D131/><U106/><E64/><V48/><F7/><W4/><G4/><T130/><D130/><U91/><E31/><V20/><F20/><W37/><G37/><T80/><D46/><U39/><E39/><V129/><F129/><W94/><AGARI ba="1,0" hai="25,30,32,33,34,59,63,66,84,90,94,96,98,99" machi="94" ten="30,1500,0" yaku="0,1" doraHai="117" who="3" fromWho="3" sc="277,-6,71,-6,225,-6,427,18" owari="271,7.0,65,-43.0,219,-18.0,445,54.0" /></mjloggm>