<mjloggm ver="2.3"><GO type="169" lobby="0"/><UN n0="%E7%A2%A7%E4%B9%83" n1="%E3%83%80%E3%83%9C" n2="%E3%82%AB%E3%83%83%E3%82%AB%E3%83%83%E3%82%AB%E3%83%83" n3="%E3%81%88%E3%81%8C%E3%82%8F%E3%82%8A%E3%81%8A" dan="16,17,16,16" rate="2119.80,2211.09,2114.82,2061.53" sx="F,M,M,M"/><TAIKYOKU oya="0"/><INIT seed="0,0,0,1,0,123" ten="250,250,250,250" oya="0" hai0="18,50,38,86,14,6,67,121,30,95,76,59,81" hai1="63,103,27,100,15,107,31,1,131,68,133,52,47" hai2="54,53,128,70,104,33,4,35,74,110,75,83,48" hai3="43,39,127,55,64,44,7,45,28,16,41,109,20"/><T85/><D38/><U2/><E131/><V82/><F110/><W117/><G117/><T66/><D121/><U71/><E15/><V19/><F128/><W58/><G127/><T93/><D30/><U10/><E133/><V91/><F104/><W80/><G64/><T29/><D29/><U3/><E10/><V125/><F70/><W32/><G7/><T97/><D6/><U111/><E111/><V119/><F4/><W99/><G109/><T87/><D93/><U115/><E115/><V17/><F48/><W129/><G129/><T112/><D112/><U34/><E71/><V36/><F36/><W56/><G99/><T69/><D69/><U12/><E12/><V101/><F91/><W134/><G134/><T122/><D122/><U79/><E79/><V57/><F57/><W40/><G80/><T84/><D50/><U37/><E107/><V114/><F114/><W116/><G116/><T120/><D59/><U113/><E113/><V23/><F119/><W126/><G126/><T106/><D106/><U94/><E94/><V61/><F125/><W118/><G118/><T65/><D120/><U8/><E8/><V105/><F105/><W132/><G132/><T5/><D5/><U46/><E46/><N who="3" m="18026" /><G39/><T108/><D108/><U89/><E89/><V49/><F33/><W21/><G32/><T24/><D24/><U98/><E98/><V130/><F35/><W88/><G58/><T25/><D25/><U78/><E78/><V102/><F130/><W60/><G88/><N who="0" m="55527" /><D85/><U22/><E34/><V13/><F75/><W11/><G28/><T96/><D96/><RYUUKYOKU ba="0,0" sc="250,15,250,-15,250,-15,250,15" hai0="14,18,65,66,67,76,81,84,86,87" hai3="11,16,20,21,40,41,43,55,56,60" /><INIT seed="0,1,0,2,2,104" ten="265,235,235,265" oya="0" hai0="32,59,39,31,96,127,61,113,73,98,28,78,77" hai1="103,12,132,35,9,80,18,8,129,116,51,117,106" hai2="68,16,89,24,79,97,36,56,13,53,60,4,54" hai3="71,50,94,120,3,95,130,42,85,109,100,1,26"/><T122/><D122/><U29/><E132/><V70/><F36/><W115/><G115/><T91/><D113/><U46/><E129/><V93/><F4/><W67/><G130/><T37/><D127/><U23/><E35/><V30/><F53/><W75/><G75/><T111/><D32/><U128/><E128/><V135/><F135/><W83/><G109/><T15/><D15/><U0/><E103/><V20/><REACH who="2" step="1"/><F79/><REACH who="2" ten="265,235,225,265" step="2"/><W110/><G3/><T119/><D78/><U11/><E0/><V34/><AGARI ba="1,1" hai="13,16,20,24,30,34,54,56,60,68,70,89,93,97" machi="34" ten="20,8000,1" yaku="1,1,2,1,0,1,7,1,54,1,53,0" doraHai="104" doraHaiUra="108" who="2" fromWho="2" sc="265,-41,235,-21,225,93,265,-21" /><INIT seed="1,0,0,5,1,92" ten="224,214,318,244" oya="1" hai0="85,3,14,4,118,11,60,95,84,1,80,39,7" hai1="133,6,131,82,123,134,35,57,27,43,81,86,20" hai2="105,109,102,66,75,19,17,128,61,44,28,101,77" hai3="13,69,34,83,8,12,88,48,135,106,58,51,22"/><U52/><E35/><V87/><F109/><W76/><G135/><N who="1" m="51722" /><E43/><V100/><F128/><W110/><G110/><T132/><D39/><U114/><E114/><V23/><F75/><W67/><G34/><T40/><D132/><U98/><E6/><V5/><F5/><W63/><G106/><T113/><D113/><U31/><E123/><V89/><F77/><W97/><G22/><T64/><D40/><U65/><E65/><V15/><F105/><W121/><G13/><T25/><D118/><U33/><E131/><V10/><F28/><W54/><G51/><T73/><D73/><U111/><E111/><V49/><F49/><W115/><G115/><T41/><D41/><U29/><E86/><V55/><F66/><W71/><G71/><T72/><D72/><U119/><E119/><V112/><F87/><W36/><G36/><T26/><D4/><U47/><E47/><V130/><F44/><W91/><G121/><T129/><D129/><U78/><E78/><V126/><F130/><W0/><G0/><T50/><D1/><U122/><E122/><V37/><F37/><W79/><G79/><T42/><D3/><U103/><E31/><V96/><F112/><W45/><G69/><T46/><D84/><U104/><E33/><V53/><F17/><W70/><G70/><T108/><D108/><U124/><E124/><V94/><F126/><W74/><G97/><T2/><D2/><U18/><E29/><V38/><F38/><W125/><G125/><T68/><D80/><U62/><AGARI ba="0,0" hai="18,20,27,52,57,62,81,82,98,103,104" m="51722" machi="62" ten="30,6000,0" yaku="20,1,52,1,54,1" doraHai="92" who="1" fromWho="1" sc="224,-20,214,60,318,-20,244,-20" /><INIT seed="1,1,0,5,1,2" ten="204,274,298,224" oya="1" hai0="118,53,114,38,18,104,109,66,27,37,51,34,119" hai1="74,117,7,100,15,52,26,99,9,41,110,83,55" hai2="0,65,12,44,46,4,132,49,64,108,124,39,79" hai3="102,125,54,58,78,115,11,31,96,6,87,129,122"/><U85/><E74/><V134/><F108/><W10/><G115/><T29/><D104/><U135/><E117/><V19/><F124/><W69/><G125/><T76/><D114/><U131/><E135/><N who="2" m="51755" /><F39/><W105/><G105/><T111/><D66/><U23/><E131/><V130/><F130/><W36/><G122/><T21/><D76/><U86/><E41/><V98/><F79/><W88/><G69/><T50/><D50/><U93/><E110/><N who="0" m="41993" /><D37/><U22/><E22/><N who="2" m="11623" /><F98/><W82/><G36/><T59/><D38/><U25/><E26/><AGARI ba="1,0" hai="18,21,26,27,29,34,51,53,59,118,119" m="41993" machi="26" ten="30,1000,0" yaku="14,1" doraHai="2" who="0" fromWho="1" sc="204,13,274,-13,298,0,224,0" /><INIT seed="2,0,0,4,5,54" ten="217,261,298,224" oya="2" hai0="99,57,6,46,31,89,41,53,63,42,95,56,133" hai1="12,11,110,77,91,51,43,26,55,65,4,131,81" hai2="61,117,109,62,14,27,106,30,35,74,59,20,114" hai3="32,79,16,5,33,45,49,123,38,76,10,120,84"/><V134/><F114/><W115/><G38/><T132/><D6/><U130/><E43/><V28/><F117/><W135/><G115/><T122/><D122/><U25/><E91/><V17/><F134/><N who="0" m="51818" /><D31/><U36/><E36/><V100/><F74/><W37/><G37/><T47/><D47/><U66/><E110/><V83/><F109/><W50/><G135/><T15/><D15/><U29/><E26/><V88/><F30/><W8/><G5/><T105/><D105/><U111/><E111/><V94/><F83/><W72/><G84/><T126/><D126/><U116/><E116/><V48/><F100/><W1/><G45/><T21/><D21/><U9/><E9/><V121/><F106/><W52/><G1/><T78/><D78/><U34/><E130/><V44/><F44/><W19/><REACH who="3" step="1"/><G52/><REACH who="3" ten="217,261,298,214" step="2"/><N who="0" m="34183" /><D46/><U60/><E131/><V67/><F62/><AGARI ba="0,1" hai="41,42,53,57,62,89,95,99" m="34183,51818" machi="62" ten="30,7700,0" yaku="20,1,52,2,54,1" doraHai="54" who="0" fromWho="2" sc="217,87,261,0,298,-77,214,0" /><INIT seed="3,0,0,2,3,77" ten="304,261,221,214" oya="3" hai0="73,42,89,58,72,19,39,9,114,95,7,67,84" hai1="48,27,100,74,29,36,112,45,96,31,41,10,35" hai2="110,47,60,128,26,116,11,119,76,55,49,43,24" hai3="103,23,109,57,131,102,1,101,21,80,53,56,65"/><W83/><G131/><T79/><D114/><U61/><E112/><V106/><F110/><W18/><G1/><T94/><D19/><U92/><E74/><V133/><F128/><W118/><G118/><T98/><D39/><U132/><E132/><V86/><F133/><W50/><G109/><T62/><D42/><U8/><E36/><V108/><F106/><W130/><G130/><T12/><REACH who="0" step="1"/><D79/><REACH who="0" ten="294,261,221,214" step="2"/><U52/><E31/><V124/><F43/><W64/><G23/><T69/><D69/><U70/><E41/><V125/><F76/><W104/><G104/><T3/><D3/><U81/><E70/><V120/><F119/><W2/><G2/><T107/><D107/><U5/><E5/><V91/><F116/><W32/><G32/><T99/><D99/><U129/><E129/><V113/><F108/><W17/><G17/><T117/><D117/><U63/><E35/><V68/><F113/><W85/><G57/><T30/><D30/><U111/><E111/><V33/><F33/><W78/><REACH who="3" step="1"/><G80/><REACH who="3" ten="294,261,221,204" step="2"/><T51/><D51/><U13/><E48/><V87/><F49/><W123/><G123/><T122/><D122/><U90/><E29/><V71/><F120/><W54/><G54/><T28/><D28/><U88/><E52/><V134/><F55/><W127/><G127/><T34/><D34/><U126/><E126/><V22/><F124/><W93/><G93/><T14/><D14/><AGARI ba="0,2" hai="14,18,21,50,53,56,64,65,78,83,85,101,102,103" machi="14" ten="40,7700,0" yaku="1,1,8,1,52,1,53,0" doraHai="77" doraHaiUra="59" who="3" fromWho="0" sc="294,-77,261,0,221,0,204,97" /><INIT seed="3,1,0,2,5,61" ten="217,261,221,301" oya="3" hai0="18,25,95,10,102,49,124,16,45,43,129,55,11" hai1="41,90,4,32,120,133,2,106,12,70,80,42,35" hai2="44,36,7,14,91,67,22,63,76,105,72,97,23" hai3="75,34,114,21,109,17,107,68,100,83,20,121,5"/><W3/><G114/><T27/><D124/><U77/><E106/><V128/><F128/><W87/><G121/><T65/><D129/><U50/><E120/><V125/><F125/><W59/><G34/><T79/><D79/><U0/><E12/><V132/><F132/><W94/><G68/><T66/><D43/><U122/><E122/><V86/><F72/><W58/><G20/><T130/><D130/><U1/><E4/><V19/><F7/><W96/><G109/><T39/><D39/><U37/><E50/><V99/><F76/><W33/><G33/><T57/><D45/><U62/><E90/><V8/><F44/><W103/><G103/><T131/><D131/><U92/><E92/><V81/><F36/><W126/><G126/><T111/><D111/><U6/><E6/><V93/><F105/><W64/><G64/><N who="0" m="24683" /><D18/><U46/><E42/><V60/><F60/><W119/><G119/><T30/><D30/><U84/><E133/><V53/><F53/><W108/><G108/><T88/><D102/><U134/><E134/><V73/><F73/><W78/><G5/><T135/><D135/><U29/><E29/><V38/><F38/><W69/><G3/><T110/><D110/><U26/><E0/><V117/><F117/><W98/><G69/><T28/><D28/><N who="1" m="19479" /><E35/><V13/><F19/><W51/><G75/><T123/><D123/><U85/><E1/><V31/><F31/><W74/><G74/><T56/><D57/><U9/><E70/><V127/><F127/><W48/><G58/><T71/><D71/><U113/><E2/><V112/><F67/><RYUUKYOKU ba="1,0" sc="217,0,261,0,221,0,301,0" /><INIT seed="4,2,0,2,2,5" ten="217,261,221,301" oya="0" hai0="30,3,70,135,129,117,73,26,47,109,98,79,75" hai1="115,113,6,101,20,132,8,81,64,1,128,90,80" hai2="42,116,123,103,4,49,106,95,43,28,46,32,38" hai3="74,23,88,93,126,24,114,119,84,12,45,110,121"/><T120/><D47/><U134/><E101/><V92/><F123/><W66/><G110/><T17/><D17/><U65/><E20/><V35/><F116/><W27/><G119/><T55/><D55/><U18/><E18/><V51/><F4/><W53/><G121/><T33/><D98/><U96/><E128/><V63/><F38/><W57/><G74/><T2/><D117/><U124/><E124/><V52/><F63/><W85/><G126/><T104/><D120/><U111/><E111/><V67/><F67/><N who="1" m="25673" /><E96/><V76/><F76/><W44/><G114/><N who="1" m="43530" /><E90/><V9/><F103/><W10/><G66/><T56/><D109/><U36/><E36/><V16/><F106/><W108/><G108/><T0/><D104/><U89/><E89/><V83/><F32/><W59/><G84/><T97/><D97/><U15/><E1/><V127/><F35/><W78/><G78/><T82/><D129/><U69/><E69/><V29/><F127/><W91/><G91/><T105/><D105/><U61/><E61/><V34/><F34/><W102/><G102/><T48/><D70/><U118/><E118/><V54/><F16/><N who="3" m="12391" /><G27/><T133/><REACH who="0" step="1"/><D73/><REACH who="0" ten="207,261,221,301" step="2"/><U87/><E87/><V100/><F100/><W122/><G122/><T112/><D112/><U107/><E107/><V19/><F19/><N who="3" m="8599" /><G57/><T71/><D71/><U131/><E131/><V58/><F58/><W60/><AGARI ba="2,1" hai="44,45,53,59,60,85,88,93" m="8599,12391" machi="60" ten="30,7900,0" yaku="8,1,52,1,54,2" doraHai="5" who="3" fromWho="3" sc="207,-41,261,-22,221,-22,301,95" /><INIT seed="5,0,0,5,2,108" ten="166,239,199,396" oya="1" hai0="60,12,76,21,67,94,29,89,36,113,35,131,31" hai1="5,77,73,53,22,59,115,78,63,34,129,88,98" hai2="7,11,135,75,50,13,65,64,3,17,93,83,95" hai3="15,41,56,80,46,124,62,85,28,109,70,82,118"/><U130/><E34/><V84/><F135/><W9/><G109/><T27/><D36/><U45/><E5/><V18/><F75/><W81/><G124/><T2/><D2/><U120/><E120/><V55/><F93/><W133/><G70/><T134/><D134/><U19/><E73/><V116/><F95/><W97/><G133/><T30/><D131/><N who="1" m="50187" /><E45/><V104/><F104/><W102/><G28/><T114/><D76/><U79/><E115/><N who="0" m="44041" /><D12/><N who="1" m="9575" /><E88/><N who="2" m="51231" /><F116/><W111/><G118/><T16/><D35/><U61/><E98/><V105/><F105/><W66/><G97/><N who="0" m="57551" /><D31/><U58/><E79/><V44/><F3/><W1/><G1/><T96/><D96/><U69/><E69/><AGARI ba="0,0" hai="16,21,27,29,30,60,67,69" m="57551,44041" machi="69" ten="30,8000,1" yaku="15,1,52,3,54,1" doraHai="108" who="0" fromWho="1" sc="166,80,239,-80,199,0,396,0" /><INIT seed="6,0,0,0,1,25" ten="246,159,199,396" oya="2" hai0="49,47,84,58,23,26,51,130,71,45,124,93,57" hai1="54,65,79,31,88,35,120,97,127,12,128,62,74" hai2="91,11,13,17,107,67,110,44,113,92,9,116,55" hai3="27,99,6,135,106,48,115,87,29,7,108,131,28"/><V66/><F116/><W103/><G108/><T64/><D130/><U36/><E36/><V22/><F107/><W90/><G131/><T114/><D114/><U117/><E117/><V134/><F134/><W42/><G135/><T85/><D124/><U77/><E128/><V43/><F113/><W101/><G103/><T132/><D132/><U60/><E127/><V68/><F55/><W21/><G28/><T61/><D51/><U121/><E12/><V63/><F67/><W133/><G133/><T59/><D93/><N who="1" m="56487" /><E54/><V14/><F14/><W73/><G73/><T56/><D49/><U118/><E118/><V78/><F78/><N who="1" m="29705" /><E65/><V111/><F111/><W33/><G33/><T18/><D71/><U82/><E82/><V4/><F4/><W129/><G115/><T5/><D5/><U89/><E89/><V3/><F3/><W37/><G37/><T104/><D104/><U112/><E74/><V122/><F110/><W126/><G126/><T76/><D76/><U80/><E80/><V100/><F100/><W38/><G38/><T98/><D98/><U83/><E83/><V81/><F81/><W125/><G125/><T123/><D123/><N who="1" m="47179" /><E112/><V102/><F102/><W70/><G129/><T10/><D10/><U69/><E69/><V1/><F1/><W75/><G70/><T32/><D85/><U16/><E16/><V96/><REACH who="2" step="1"/><F122/><REACH who="2" ten="246,159,189,396" step="2"/><W8/><G7/><T2/><D2/><U34/><E34/><V53/><F53/><W46/><G6/><T20/><D32/><U24/><AGARI ba="0,1" hai="24,31,35,60,62" m="47179,29705,56487" machi="24" ten="30,4000,0" yaku="13,1,52,1,54,1" doraHai="25" who="1" fromWho="1" sc="246,-10,159,50,189,-20,396,-10" /><INIT seed="7,0,0,2,1,52" ten="236,209,169,386" oya="3" hai0="59,24,15,33,123,87,80,82,116,10,101,11,39" hai1="72,36,84,93,90,73,66,71,89,63,103,64,118" hai2="92,110,17,125,1,111,12,88,79,18,108,37,98" hai3="107,133,77,105,114,81,31,74,57,47,29,0,16"/><W131/><G0/><T42/><D123/><U95/><E36/><V14/><F1/><W41/><G57/><T121/><D121/><U8/><E103/><V32/><F125/><W43/><G16/><T70/><D70/><U91/><E118/><V54/><F32/><W102/><G114/><T60/><D11/><U50/><E50/><V21/><F37/><W5/><G5/><T22/><D101/><U97/><E90/><V132/><F132/><W78/><G133/><T46/><D33/><U13/><E66/><V55/><REACH who="2" step="1"/><F79/><REACH who="2" ten="236,209,159,386" step="2"/><W124/><G78/><T45/><D116/><U135/><E135/><V112/><F112/><W9/><G77/><T99/><D39/><U127/><E127/><V51/><F51/><W129/><G124/><T56/><D80/><U26/><E26/><V23/><AGARI ba="0,1" hai="12,14,17,18,21,23,54,55,88,92,98,108,110,111" machi="23" ten="30,7900,0" yaku="1,1,0,1,9,1,54,1,53,0" doraHai="52" doraHaiUra="100" who="2" fromWho="2" sc="236,-20,209,-20,159,89,386,-39" owari="216,-18.0,189,-31.0,248,5.0,347,44.0" /></mjloggm>