<mjloggm ver="2.3"><GO type="169" lobby="0"/><UN n0="%E3%83%8F%E3%82%BF%E3%83%A2%E3%83%88%E3%83%92%E3%83%AD" n1="%E3%83%94%E3%83%A8%E3%81%A3%E3%81%99" n2="%4E%6F%6D%65%72%63%79" n3="%E4%B8%89%E5%86%A0%E7%8E%8B%E3%83%BB%E5%B1%B1%E7%94%B0%E5%93%B2%E4%BA%BA" dan="17,17,16,17" rate="2143.93,2168.99,2157.83,2211.08" sx="M,M,F,M"/><TAIKYOKU oya="0"/><INIT seed="0,0,0,0,3,113" ten="250,250,250,250" oya="0" hai0="28,1,4,77,123,56,9,34,22,13,72,46,43" hai1="129,21,10,62,89,103,37,107,6,86,134,23,57" hai2="12,59,87,73,110,133,48,79,70,131,26,47,78" hai3="125,135,104,105,124,106,117,128,39,96,121,91,36"/><T119/><D123/><U122/><E37/><V97/><F73/><W32/><G91/><T25/><D56/><U83/><E122/><V84/><F70/><W80/><G121/><T40/><D46/><U20/><E129/><V108/><F131/><W3/><G96/><T132/><D132/><U112/><E112/><V64/><F133/><W90/><G90/><T11/><D119/><U33/><E33/><V93/><F84/><W44/><G135/><T30/><D30/><U85/><E85/><V95/><F95/><W35/><G128/><T49/><D49/><U8/><E6/><V7/><F26/><W111/><G80/><T52/><D52/><U88/><E89/><V94/><F94/><W98/><G98/><T2/><D11/><U29/><E29/><V0/><F0/><W24/><G24/><T102/><D102/><U16/><E103/><N who="2" m="60847" /><F12/><W45/><G3/><T54/><D54/><N who="1" m="34103" /><E107/><V31/><F7/><W115/><G115/><T75/><D1/><U81/><E81/><N who="2" m="47543" /><F79/><W74/><G105/><T51/><D51/><U114/><E114/><V99/><F31/><W127/><G127/><T41/><REACH who="0" step="1"/><D77/><REACH who="0" ten="240,250,250,250" step="2"/><U55/><E134/><V120/><F120/><W58/><G36/><T130/><D130/><U38/><E38/><V101/><F59/><W63/><G58/><T76/><D76/><U68/><E55/><N who="2" m="30111" /><F64/><W42/><G39/><T65/><D65/><U126/><E126/><V82/><F101/><W118/><G125/><T14/><D14/><N who="1" m="7255" /><E68/><V71/><F71/><W53/><G124/><T67/><D67/><U15/><E8/><V50/><F50/><RYUUKYOKU ba="0,1" sc="240,15,250,15,250,-15,250,-15" hai0="2,4,9,13,22,25,28,34,40,41,43,72,75" hai1="15,20,21,23,83,86,88" /><INIT seed="0,1,1,4,3,24" ten="255,265,235,235" oya="0" hai0="5,10,41,89,17,82,76,11,130,31,56,8,54" hai1="36,72,7,27,83,70,117,120,132,66,88,112,63" hai2="80,44,129,18,92,124,119,22,71,57,109,0,108" hai3="47,53,9,114,15,28,100,68,59,62,21,135,13"/><T60/><D130/><U25/><E117/><V50/><F129/><W29/><G114/><T64/><D41/><U127/><E120/><V74/><F119/><W123/><G123/><T35/><D17/><U61/><E36/><V134/><F71/><W126/><G126/><T40/><D40/><U39/><E39/><V97/><F0/><W38/><G135/><T84/><D5/><U30/><E127/><V4/><F4/><W102/><G68/><T107/><D107/><U43/><E43/><V16/><F134/><W121/><G121/><T86/><D54/><U116/><E116/><V115/><F115/><W51/><G38/><T46/><D46/><U3/><E132/><V105/><F105/><W58/><G21/><T95/><D35/><U33/><E112/><V1/><F1/><W93/><G59/><T99/><REACH who="0" step="1"/><D31/><REACH who="0" ten="245,265,235,235" step="2"/><N who="3" m="11849" /><G93/><T34/><D34/><U90/><E33/><V128/><F124/><W106/><G106/><T52/><D52/><U91/><E30/><V42/><F128/><W49/><G49/><T103/><D103/><N who="3" m="39465" /><G9/><T78/><D78/><U69/><E66/><AGARI ba="1,2" hai="13,15,47,51,53,58,62,66" m="39465,11849" machi="66" ten="30,7700,0" yaku="8,1,52,3" doraHai="24" who="3" fromWho="1" sc="245,0,265,-80,235,0,235,100" /><INIT seed="1,0,0,2,1,122" ten="245,185,235,335" oya="1" hai0="83,62,130,50,44,33,2,87,84,66,110,128,35" hai1="96,68,113,19,43,11,116,39,15,0,21,1,51" hai2="115,52,112,47,90,77,63,22,82,65,79,95,100" hai3="24,7,93,72,99,114,132,135,9,111,17,81,75"/><U69/><E39/><V56/><F100/><W64/><G114/><N who="2" m="43561" /><F22/><W58/><G17/><T123/><D2/><U67/><E113/><V4/><F4/><W133/><G24/><T127/><D123/><U27/><E116/><V103/><F103/><N who="3" m="60911" /><G111/><T117/><D127/><U125/><E125/><V37/><F82/><W78/><G58/><T109/><D117/><U97/><E0/><V46/><F37/><W36/><G36/><T31/><D31/><U53/><E1/><V101/><F101/><W23/><G23/><T98/><D98/><U49/><E43/><V34/><F34/><W70/><G75/><T38/><D38/><U80/><E80/><V29/><F29/><W131/><G9/><T18/><D18/><U20/><E11/><V74/><F74/><W41/><G7/><T12/><D12/><U105/><E15/><V57/><F47/><W30/><G81/><T16/><D16/><U5/><E5/><V6/><F46/><W119/><G30/><T14/><D14/><U85/><E19/><V73/><F73/><W28/><G72/><T8/><D8/><U40/><E27/><V54/><F6/><W129/><G28/><T45/><D83/><U106/><E20/><V71/><F71/><W61/><G70/><T134/><D44/><U13/><E21/><V89/><F89/><W26/><G26/><T91/><D91/><U121/><E13/><V118/><F118/><W104/><G119/><T86/><D33/><U42/><E121/><V126/><F126/><W48/><G78/><N who="2" m="29705" /><F56/><N who="3" m="36903" /><G104/><T32/><D32/><U25/><E106/><V60/><F60/><RYUUKYOKU ba="0,0" sc="245,-15,185,-15,235,15,335,15" hai2="52,54,57,63,65,90,95" hai3="41,48,129,131,132,133,135" /><INIT seed="2,1,0,2,5,45" ten="230,170,250,350" oya="2" hai0="102,36,10,38,89,128,99,120,104,48,101,86,49" hai1="33,66,57,71,80,31,78,74,56,97,83,23,27" hai2="47,127,81,28,134,0,119,29,116,30,19,67,14" hai3="12,117,65,4,130,135,133,90,93,25,77,41,82"/><V113/><F113/><W9/><G117/><T59/><D120/><U58/><E71/><V54/><F0/><W105/><G105/><T112/><D112/><U87/><E97/><V22/><F134/><W100/><G100/><T32/><D32/><U85/><E74/><V26/><F127/><W132/><G130/><T50/><D128/><U88/><REACH who="1" step="1"/><E33/><REACH who="1" ten="230,160,250,350" step="2"/><V108/><F119/><W103/><G133/><T115/><D115/><U111/><E111/><V37/><F116/><W7/><G135/><T109/><D109/><U69/><E69/><V52/><F108/><W53/><G132/><T72/><D72/><U6/><E6/><V95/><F67/><AGARI ba="1,1" hai="23,27,31,56,57,58,66,67,78,80,83,85,87,88" machi="67" ten="40,8000,1" yaku="1,1,8,1,54,1,53,1" doraHai="45" doraHaiUra="84" who="1" fromWho="2" sc="230,0,160,93,250,-83,350,0" /><INIT seed="3,0,0,5,2,3" ten="230,253,167,350" oya="3" hai0="33,74,52,45,98,93,31,133,129,73,65,2,114" hai1="15,99,32,107,10,67,100,116,19,135,8,130,20" hai2="63,112,23,64,14,29,4,57,53,48,81,80,56" hai3="90,30,132,118,94,44,41,58,68,124,106,76,21"/><W95/><G68/><T37/><D129/><U123/><E123/><V61/><F112/><W16/><G106/><T103/><D133/><U34/><E130/><V0/><F0/><W134/><G118/><T108/><D108/><U43/><E135/><V105/><F105/><W119/><G119/><T22/><D65/><U75/><E116/><V101/><F101/><W120/><G120/><T79/><D33/><U17/><E75/><V83/><F29/><W24/><G124/><T42/><D79/><U72/><E72/><V13/><F23/><W87/><G76/><T7/><D114/><U77/><E77/><V96/><F96/><W71/><G71/><T110/><D110/><U111/><E111/><V70/><F70/><W55/><G95/><T49/><D22/><U89/><E67/><V59/><REACH who="2" step="1"/><F4/><REACH who="2" ten="230,253,157,350" step="2"/><W85/><G30/><T1/><D1/><U38/><E20/><V18/><F18/><W122/><G122/><T102/><D102/><U84/><E19/><V91/><F91/><W36/><REACH who="3" step="1"/><G85/><REACH who="3" ten="230,253,157,340" step="2"/><T126/><D31/><U115/><E115/><V82/><N who="2" m="20480" /><DORA hai="12" /><V40/><F40/><W54/><G54/><AGARI ba="0,2" hai="13,14,48,53,54,56,57,59,61,63,64" m="20480" machi="54" ten="50,3200,0" yaku="1,1,8,1,53,0" doraHai="3,12" doraHaiUra="109,127" who="2" fromWho="3" sc="230,0,253,0,157,52,340,-32" /><INIT seed="4,0,0,3,4,77" ten="230,253,209,308" oya="0" hai0="109,20,4,132,24,71,29,104,74,17,67,56,111" hai1="9,117,30,59,87,69,129,83,120,91,116,0,72" hai2="42,123,23,28,12,128,54,79,52,114,97,113,53" hai3="37,41,21,1,110,131,7,66,93,58,122,40,55"/><T101/><D71/><U31/><E69/><V14/><F123/><W76/><G122/><T94/><D104/><U45/><E120/><V13/><F128/><W64/><G131/><T65/><D132/><U118/><E129/><V133/><F133/><W82/><G110/><N who="0" m="41995" /><D74/><U32/><E32/><V102/><F42/><W39/><G93/><T98/><D4/><U99/><E72/><V100/><F79/><W5/><G41/><T105/><D56/><U46/><E59/><V16/><F28/><W68/><G21/><N who="0" m="15503" /><D105/><U6/><REACH who="1" step="1"/><E99/><REACH who="1" ten="230,243,209,308" step="2"/><V124/><F124/><W38/><G68/><T47/><D47/><AGARI ba="0,1" hai="0,6,9,30,31,45,46,47,83,87,91,116,117,118" machi="47" ten="40,5200,0" yaku="1,1,2,1,52,1,53,0" doraHai="77" doraHaiUra="108" who="1" fromWho="0" sc="230,-52,243,62,209,0,308,0" /><INIT seed="5,0,0,1,5,124" ten="178,305,209,308" oya="1" hai0="109,40,64,130,81,7,24,111,63,34,74,22,57" hai1="8,6,129,127,18,42,66,62,17,73,132,59,67" hai2="120,117,0,94,58,16,53,61,70,80,26,106,52" hai3="77,54,68,14,49,82,46,128,25,131,123,92,90"/><U10/><E73/><V107/><F117/><W105/><G123/><T110/><D34/><U60/><E127/><V31/><F120/><W15/><G105/><T89/><D40/><U29/><E132/><V20/><F0/><W37/><G68/><T36/><D36/><U98/><E129/><N who="3" m="49738" /><G37/><T91/><D7/><U28/><E42/><V13/><F70/><W39/><G39/><T121/><D121/><U134/><E98/><V100/><F80/><W41/><G25/><T9/><D9/><U114/><E114/><V19/><F19/><W12/><G41/><T102/><D130/><U5/><E134/><V112/><F112/><W47/><G46/><T45/><D45/><U85/><E59/><V133/><F133/><W48/><G49/><T108/><D108/><U115/><E115/><V69/><F69/><W76/><G82/><T88/><D81/><U33/><E33/><V86/><F107/><W87/><AGARI ba="0,0" hai="12,14,15,47,48,54,76,77,87,90,92" m="49738" machi="87" ten="30,7900,0" yaku="19,1,52,3" doraHai="124" who="3" fromWho="3" sc="178,-20,305,-39,209,-20,308,79" /><INIT seed="6,0,0,5,3,61" ten="158,266,189,387" oya="2" hai0="81,1,36,27,50,67,102,28,29,108,10,72,40" hai1="12,128,92,26,44,8,30,129,6,91,11,23,78" hai2="0,84,76,69,4,103,2,133,120,105,68,83,122" hai3="7,93,15,100,116,123,19,77,58,97,34,89,16"/><V127/><F133/><W80/><G34/><T74/><D108/><U13/><E78/><V117/><F117/><W94/><G123/><T56/><D102/><U85/><REACH who="1" step="1"/><E44/><REACH who="1" ten="158,256,189,387" step="2"/><V3/><F120/><W48/><G77/><T39/><D72/><U49/><E49/><V35/><F122/><W112/><G48/><T119/><D39/><U70/><E70/><V86/><F69/><W99/><G116/><T14/><D36/><U47/><E47/><V125/><F68/><W118/><G118/><T51/><D51/><U64/><E64/><V95/><F125/><W33/><G58/><T71/><D71/><U60/><E60/><V9/><F127/><W38/><G38/><T55/><D67/><U82/><E82/><V106/><F3/><W54/><G80/><T110/><D1/><U57/><E57/><V37/><F2/><W20/><G112/><T132/><D119/><U45/><E45/><V21/><F0/><W73/><G73/><T59/><D59/><U104/><E104/><V79/><F105/><W41/><G41/><T52/><D40/><U5/><AGARI ba="0,1" hai="5,6,8,11,12,13,23,26,30,85,91,92,128,129" machi="5" ten="30,7900,0" yaku="1,1,0,1,9,1,53,1" doraHai="61" doraHaiUra="87" who="1" fromWho="1" sc="158,-20,256,89,189,-39,387,-20" /><INIT seed="7,0,0,3,2,27" ten="138,345,150,367" oya="3" hai0="20,45,104,87,33,55,96,108,24,88,13,3,122" hai1="39,29,117,8,76,9,95,53,116,49,119,107,77" hai2="132,125,30,102,25,94,85,84,62,63,135,22,64" hai3="28,82,99,74,130,103,115,10,14,72,123,1,4"/><W59/><G123/><T57/><D3/><U114/><E107/><V73/><F73/><W124/><G115/><T71/><D71/><U11/><E114/><V80/><F125/><W37/><G124/><T32/><D108/><U90/><E39/><V120/><F120/><W50/><G37/><T131/><D45/><U56/><REACH who="1" step="1"/><E29/><REACH who="1" ten="138,335,150,367" step="2"/><V40/><F132/><W112/><G112/><T48/><D122/><U133/><E133/><V2/><F135/><W5/><G28/><N who="0" m="19463" /><D33/><U26/><E26/><V83/><F30/><W0/><G130/><T69/><D131/><U110/><E110/><V129/><F129/><W61/><G50/><T89/><D69/><U127/><E127/><V18/><F63/><W106/><G5/><T68/><D68/><U23/><E23/><V98/><F62/><W7/><G7/><T41/><D104/><U105/><E105/><V54/><F25/><W51/><G51/><T79/><D41/><U86/><AGARI ba="0,1" hai="8,9,11,49,53,56,76,77,86,90,95,116,117,119" machi="86" ten="40,5200,0" yaku="1,1,0,1,12,1,53,0" doraHai="27" doraHaiUra="93" who="1" fromWho="1" sc="138,-13,335,62,150,-13,367,-26" owari="125,-37.0,397,49.0,137,-26.0,341,14.0" /></mjloggm>