<mjloggm ver="2.3"><GO type="169" lobby="0"/><UN n0="%E5%BD%A9%E4%BA%AC" n1="%2D%E8%B1%8A%E5%8F%A3%E3%82%81%E3%81%90%E3%81%BF%2D" n2="%E9%BA%BB%E9%9B%80%E3%81%A7%E9%A3%9F%E3%81%88%21" n3="%E6%81%A9%E7%94%B0%E5%B8%8C" dan="17,18,18,16" rate="2180.31,2192.91,2242.00,2151.54" sx="M,F,M,F"/><TAIKYOKU oya="0"/><INIT seed="0,0,0,5,4,80" ten="250,250,250,250" oya="0" hai0="120,101,133,91,6,71,65,9,107,121,74,63,94" hai1="67,22,10,78,73,36,93,3,130,38,119,58,56" hai2="87,125,85,37,84,132,69,62,15,14,11,60,96" hai3="112,90,2,51,19,79,123,88,46,8,114,104,0"/><T108/><D74/><U97/><E119/><V48/><F37/><W72/><G104/><T27/><D133/><U77/><E22/><V124/><F132/><W30/><G123/><T47/><D108/><U49/><E58/><V44/><F96/><W23/><G72/><T1/><D47/><U118/><E118/><V92/><F92/><W41/><G79/><T100/><D27/><U82/><E78/><V52/><F14/><W109/><G109/><T111/><D111/><U7/><E130/><V18/><REACH who="2" step="1"/><F69/><REACH who="2" ten="250,250,240,250" step="2"/><W12/><G0/><T68/><D71/><U76/><E38/><V42/><F42/><W4/><REACH who="3" step="1"/><G30/><REACH who="3" ten="250,250,240,240" step="2"/><T95/><D107/><U25/><E3/><V115/><F115/><AGARI ba="0,2" hai="2,4,8,12,19,23,41,46,51,88,90,112,114,115" machi="115" ten="40,8000,1" yaku="1,1,2,1,54,1,53,1" doraHai="80" doraHaiUra="16" who="3" fromWho="2" sc="250,0,250,0,240,-80,240,100" /><INIT seed="1,0,0,1,4,86" ten="250,250,160,340" oya="1" hai0="133,79,98,104,82,28,116,107,131,96,72,64,49" hai1="97,128,31,4,118,84,39,23,48,42,111,9,6" hai2="74,94,56,89,57,109,43,125,119,18,90,5,78" hai3="58,130,47,85,16,15,108,38,54,45,17,29,3"/><U7/><E118/><V51/><F119/><W120/><G3/><T63/><D116/><U132/><E39/><V59/><F125/><W10/><G38/><T101/><D133/><U12/><E132/><V103/><F109/><W99/><G120/><T66/><D131/><U32/><E128/><V95/><F5/><W65/><G29/><T50/><D28/><U75/><E75/><V62/><F74/><W8/><G65/><T22/><D22/><U36/><E36/><V46/><F78/><W44/><G108/><T55/><D66/><U70/><E70/><V100/><F18/><W25/><G99/><T0/><D0/><U112/><E32/><V121/><F121/><W52/><G130/><T30/><D30/><U117/><E112/><V87/><F62/><N who="3" m="36167" /><G85/><AGARI ba="0,0" hai="43,46,51,56,57,59,85,87,89,90,94,95,100,103" machi="85" ten="40,8000,1" yaku="9,1,8,1,52,2" doraHai="86" who="2" fromWho="3" sc="250,0,250,0,160,80,340,-80" /><INIT seed="2,0,0,5,5,118" ten="250,250,240,260" oya="2" hai0="11,12,28,3,30,125,103,135,108,100,40,75,127" hai1="77,32,116,76,115,112,80,24,17,64,26,51,53" hai2="98,87,66,1,107,65,61,81,4,88,97,105,35" hai3="18,74,109,23,9,92,59,90,122,126,128,33,83"/><V119/><F119/><W20/><G33/><T85/><D75/><U15/><E116/><V14/><F1/><W60/><G109/><T111/><D3/><U93/><E64/><V95/><F35/><W129/><G126/><N who="0" m="48139" /><D40/><U82/><E93/><V94/><F4/><W62/><G9/><T27/><D85/><U48/><E32/><V58/><F14/><W120/><G83/><T34/><D30/><U72/><E15/><V67/><F107/><W45/><G45/><T124/><N who="0" m="48147" /><T38/><DORA hai="10" /><D38/><U37/><E37/><V86/><F105/><W55/><G62/><T123/><D123/><U134/><E134/><V79/><F86/><W52/><G55/><T2/><D2/><U0/><E0/><V46/><F46/><W49/><G74/><T44/><D44/><U19/><E53/><V117/><REACH who="2" step="1"/><F117/><REACH who="2" ten="250,250,230,260" step="2"/><W16/><G23/><T39/><D135/><U41/><E72/><V21/><F21/><W63/><G20/><T132/><D132/><U47/><E47/><V99/><F99/><W6/><G6/><N who="0" m="3191" /><D39/><U104/><E104/><V113/><F113/><W50/><G18/><T69/><D69/><U96/><E96/><V57/><F57/><W106/><G16/><T70/><D70/><U36/><E36/><V133/><F133/><W131/><G106/><T68/><D68/><U91/><E41/><V84/><F84/><W54/><G59/><T110/><AGARI ba="0,1" hai="27,28,34,100,103,108,110,111" m="3191,48147" machi="110" ten="50,6400,0" yaku="14,1,18,1,52,1" doraHai="118,10" who="0" fromWho="0" sc="250,74,250,-16,230,-32,260,-16" /><INIT seed="3,0,0,2,5,94" ten="324,234,198,244" oya="3" hai0="21,64,124,114,40,127,25,3,90,91,28,115,44" hai1="66,59,11,120,58,103,13,56,113,20,50,98,88" hai2="105,14,2,122,119,131,36,70,126,38,101,80,23" hai3="82,17,84,60,5,92,110,33,116,0,123,26,83"/><W18/><G123/><T57/><D3/><U9/><E113/><N who="0" m="43017" /><D64/><U34/><E34/><V86/><F70/><W42/><G116/><T8/><D8/><N who="1" m="3147" /><E120/><V135/><F2/><W77/><G0/><T121/><D57/><U87/><E66/><V35/><F35/><W106/><G5/><T132/><D121/><U125/><E125/><N who="0" m="48201" /><D132/><U134/><E134/><V7/><F135/><W51/><G60/><T85/><D85/><U41/><E41/><V43/><F119/><W12/><G84/><T30/><D30/><U29/><E50/><AGARI ba="0,0" hai="21,25,28,40,44,50,90,91" m="48201,43017" machi="50" ten="30,2000,0" yaku="11,1,18,1" doraHai="94" who="0" fromWho="1" sc="324,20,234,-20,198,0,244,0" /><INIT seed="4,0,0,4,1,19" ten="344,214,198,244" oya="0" hai0="91,1,28,92,43,132,8,0,40,39,25,29,73" hai1="22,69,76,61,121,119,82,49,66,106,16,36,72" hai2="98,51,54,111,116,127,87,31,5,95,41,58,108" hai3="55,78,84,120,42,93,35,86,46,23,79,109,56"/><T129/><D73/><U34/><E119/><V123/><F116/><W113/><G35/><T94/><D132/><U81/><E36/><V30/><F123/><W26/><G109/><T63/><D129/><U117/><E121/><V15/><F127/><W4/><G4/><T133/><D133/><U37/><E37/><V3/><F3/><W131/><G131/><T125/><D39/><U21/><E34/><V44/><F87/><N who="3" m="33323" /><G93/><T50/><D125/><U11/><E106/><V97/><F108/><W90/><G90/><T130/><D91/><U71/><E71/><V47/><F111/><W70/><G70/><T24/><D130/><U102/><E102/><V38/><F47/><W48/><G113/><T75/><D75/><U88/><E117/><V9/><F97/><W122/><G120/><T65/><D92/><U57/><E82/><V77/><REACH who="2" step="1"/><F77/><REACH who="2" ten="344,214,188,244" step="2"/><W105/><G122/><T124/><D1/><U126/><E126/><V13/><F13/><W64/><G46/><T135/><D0/><U104/><E104/><V85/><F85/><W2/><G79/><T107/><D124/><U18/><E76/><V33/><F33/><W80/><G2/><T7/><D135/><U45/><E72/><V27/><F27/><W6/><G105/><T67/><D107/><U110/><E110/><V83/><F83/><W112/><G80/><T103/><D25/><N who="1" m="14503" /><E81/><V118/><F118/><W20/><G78/><T59/><D24/><N who="1" m="14423" /><E45/><V114/><F114/><W68/><G112/><T53/><D94/><U101/><E101/><AGARI ba="0,1" hai="5,9,15,30,31,38,41,44,51,54,58,95,98,101" machi="101" ten="30,3900,0" yaku="1,1,7,1,53,1" doraHai="19" doraHaiUra="10" who="2" fromWho="1" sc="344,0,214,-39,188,49,244,0" /><INIT seed="5,0,0,4,2,46" ten="344,175,237,244" oya="1" hai0="51,53,111,42,27,69,116,113,68,86,6,79,72" hai1="4,114,16,120,73,133,8,99,84,94,36,55,59" hai2="15,43,119,34,32,21,48,63,118,132,12,19,129" hai3="38,90,98,9,28,25,74,33,107,83,41,102,92"/><U17/><E120/><V89/><F129/><W26/><G38/><T39/><D116/><U103/><E73/><V24/><F63/><W7/><G41/><T65/><D111/><U14/><E114/><V11/><F89/><W62/><G62/><T18/><D72/><U56/><E133/><V5/><F132/><W95/><G26/><T31/><D6/><U47/><E84/><V60/><F60/><W70/><G70/><T23/><D65/><U88/><E103/><V87/><F87/><W22/><G33/><N who="2" m="12905" /><F48/><W91/><G91/><T131/><D42/><U81/><E81/><V110/><F43/><W125/><G125/><T124/><D39/><U82/><E36/><V109/><F24/><W64/><G64/><T40/><D40/><U135/><E135/><V37/><F37/><W127/><G127/><T67/><D67/><U76/><E47/><V128/><F128/><W71/><G71/><T80/><D124/><U77/><E59/><V122/><F122/><W75/><G75/><T66/><D131/><U123/><E123/><V58/><F58/><W29/><G92/><T49/><D69/><U100/><E100/><V35/><N who="2" m="12913" /><V101/><DORA hai="0" /><F101/><W104/><G83/><T108/><D80/><U50/><E82/><V112/><F112/><W3/><G74/><T10/><D113/><U93/><E94/><V20/><F20/><N who="3" m="15399" /><G90/><T2/><D68/><U115/><E115/><V54/><F54/><W126/><G126/><T44/><D53/><U97/><E99/><V1/><F1/><W85/><G85/><T52/><D2/><U45/><E56/><RYUUKYOKU ba="0,0" sc="344,-30,175,10,237,10,244,10" hai1="4,8,14,16,17,45,50,55,76,77,88,93,97" hai2="5,11,12,15,19,21,109,110,118,119" hai3="3,7,9,22,29,95,98,102,104,107" /><INIT seed="5,1,0,0,5,115" ten="314,185,247,254" oya="1" hai0="9,78,131,27,132,121,50,25,31,123,83,65,52" hai1="17,97,10,72,64,32,104,93,47,11,69,96,49" hai2="71,5,127,54,67,111,41,82,102,48,113,95,7" hai3="57,24,106,112,33,88,134,4,75,46,51,122,103"/><U35/><E72/><V89/><F111/><W116/><G122/><N who="0" m="46603" /><D131/><U126/><E126/><V61/><F127/><W129/><G4/><T36/><D36/><U1/><E104/><V37/><F113/><W107/><G24/><T15/><D65/><U60/><E97/><V34/><F34/><W120/><G57/><N who="0" m="32919" /><D31/><U13/><E11/><V63/><F61/><W79/><G51/><T16/><D132/><U40/><REACH who="1" step="1"/><E1/><REACH who="1" ten="314,175,247,254" step="2"/><V2/><F2/><W99/><G120/><T42/><D42/><U12/><E12/><V38/><F41/><W119/><G112/><T73/><AGARI ba="1,1" hai="9,15,16,25,27,73,78,83" m="32919,46603" machi="73" ten="30,4000,0" yaku="13,1,54,2" doraHai="115" who="0" fromWho="0" sc="314,53,175,-21,247,-11,254,-11" /><INIT seed="6,0,0,3,4,21" ten="367,154,236,243" oya="2" hai0="122,97,93,106,78,11,123,92,41,121,99,39,10" hai1="79,91,96,133,74,3,53,9,4,118,25,65,12" hai2="128,131,33,110,69,120,107,59,66,135,71,36,68" hai3="109,62,111,45,82,72,40,77,114,17,32,86,90"/><V60/><F107/><W85/><G32/><T83/><D106/><U58/><E118/><V124/><F33/><W84/><G114/><T49/><D39/><U116/><E116/><V132/><F120/><W94/><G62/><T56/><D56/><U88/><E133/><N who="2" m="51275" /><F110/><W34/><G34/><T2/><D2/><U48/><E3/><V43/><F124/><W104/><G17/><T73/><D49/><U108/><E108/><V129/><F43/><W16/><G16/><T119/><D41/><U105/><E105/><V50/><F36/><W47/><G47/><T6/><D119/><U112/><E112/><V13/><F13/><W44/><G44/><T95/><D11/><U35/><E79/><V64/><F50/><W87/><REACH who="3" step="1"/><G104/><REACH who="3" ten="367,154,236,233" step="2"/><T27/><D122/><U19/><E65/><AGARI ba="0,1" hai="59,60,64,65,66,68,69,71,128,129,131" m="51275" machi="65" ten="50,12000,1" yaku="19,1,20,1,34,2" doraHai="21" who="2" fromWho="1" sc="367,0,154,-120,236,130,233,0" /><INIT seed="6,1,0,2,0,47" ten="367,34,366,233" oya="2" hai0="132,99,112,101,90,71,38,63,1,21,61,17,43" hai1="86,16,20,7,18,100,109,36,53,55,128,127,15" hai2="64,120,44,56,123,131,29,41,89,31,60,34,27" hai3="119,4,54,51,114,122,13,110,96,57,77,25,59"/><V58/><F131/><W93/><G110/><T42/><D1/><U19/><E109/><V52/><F31/><W72/><G122/><T68/><D112/><U129/><E128/><V30/><F30/><W98/><G72/><T108/><D108/><U111/><E111/><V79/><F79/><W73/><G25/><T8/><D132/><U32/><E129/><V22/><F34/><W2/><G2/><T78/><D78/><U134/><E134/><V35/><F35/><W113/><G119/><T135/><D8/><U92/><E127/><V115/><F115/><N who="3" m="44043" /><G93/><T9/><D71/><U116/><E116/><V133/><F133/><W81/><G59/><T33/><D68/><U117/><E117/><V46/><F44/><W66/><G66/><T80/><D33/><U23/><E36/><V37/><F89/><W28/><G28/><T40/><D38/><U62/><E32/><V24/><F24/><W97/><G4/><T48/><D135/><U87/><E7/><V91/><F91/><W130/><G13/><T0/><D0/><U3/><E3/><V76/><F76/><W84/><G73/><T103/><D63/><AGARI ba="1,0" hai="22,27,29,37,41,46,52,56,58,60,63,64,120,123" machi="63" ten="30,2900,0" yaku="7,1,54,1" doraHai="47" who="2" fromWho="0" sc="367,-32,34,0,366,32,233,0" /><INIT seed="6,2,0,4,4,53" ten="335,34,398,233" oya="2" hai0="34,132,75,74,104,47,103,45,81,24,64,50,19" hai1="66,118,117,8,30,21,135,65,52,106,43,15,134" hai2="124,114,83,119,0,76,33,62,58,41,39,115,55" hai3="107,80,12,108,101,61,51,77,59,98,68,86,113"/><V7/><F33/><W57/><G108/><T27/><D132/><U9/><E106/><V121/><F121/><W5/><G113/><T99/><D64/><U13/><E21/><V4/><F119/><W60/><G51/><T131/><D131/><U128/><E43/><V126/><F41/><W110/><G110/><T122/><D122/><U40/><E40/><V63/><F63/><W79/><G79/><T82/><D34/><U37/><E30/><V32/><F39/><W71/><G60/><T23/><D27/><U54/><REACH who="1" step="1"/><E37/><REACH who="1" ten="335,24,398,233" step="2"/><V92/><F32/><W109/><G109/><T94/><D104/><U87/><E87/><V85/><F114/><W25/><G86/><T89/><D75/><U70/><E70/><V35/><F35/><W18/><G71/><T2/><D23/><U20/><E20/><V112/><F115/><W38/><G107/><T120/><D74/><U26/><E26/><V133/><F112/><W14/><G25/><T96/><D24/><U56/><E56/><V69/><F69/><W22/><G59/><T130/><D120/><U84/><E84/><V48/><F133/><W90/><G38/><T42/><D42/><U36/><E36/><V116/><F116/><W3/><G68/><T97/><D130/><AGARI ba="2,1" hai="8,9,13,15,52,54,65,66,117,118,128,130,134,135" machi="130" ten="25,6400,0" yaku="1,1,22,2,54,1,53,0" doraHai="53" doraHaiUra="123" who="1" fromWho="0" sc="335,-70,24,80,398,0,233,0" /><INIT seed="7,0,0,0,3,50" ten="265,104,398,233" oya="3" hai0="107,38,97,55,77,60,106,96,28,44,126,25,105" hai1="81,37,124,112,9,127,61,24,74,83,52,5,31" hai2="131,132,117,103,20,98,115,130,100,123,41,82,101" hai3="22,68,78,120,95,8,102,40,16,63,133,48,121"/><W66/><G133/><T30/><D77/><U59/><E37/><V109/><F109/><W18/><G78/><T33/><D126/><U116/><E112/><V39/><F115/><W13/><G102/><T134/><D134/><U12/><E116/><V114/><F117/><W56/><G95/><T88/><D30/><U45/><E74/><V43/><F114/><W72/><G72/><T3/><D3/><U108/><E108/><V69/><F132/><W62/><G48/><T6/><D6/><U84/><E45/><N who="2" m="23743" /><F43/><W14/><REACH who="3" step="1"/><G40/><REACH who="3" ten="265,104,398,223" step="2"/><T90/><D38/><U49/><E49/><V119/><F119/><W7/><G7/><T21/><D105/><U75/><E75/><V118/><F118/><W29/><G29/><T57/><D106/><U35/><REACH who="1" step="1"/><E83/><REACH who="1" ten="265,94,398,223" step="2"/><V2/><F82/><W92/><G92/><T89/><D107/><U26/><E26/><V122/><F101/><W87/><G87/><T113/><D113/><U32/><E32/><V54/><F103/><W0/><G0/><T93/><D93/><U135/><E135/><V128/><F2/><W80/><G80/><T86/><D33/><U70/><E70/><V47/><F69/><W71/><G71/><T125/><D25/><U53/><E53/><AGARI ba="0,2" hai="8,13,14,16,18,22,53,56,62,63,66,68,120,121" machi="53" ten="30,11600,0" yaku="1,1,7,1,52,1,54,1,53,0" doraHai="50" doraHaiUra="110" who="3" fromWho="1" sc="265,0,94,-116,398,0,223,136" owari="265,-13.0,-22,-52.0,398,49.0,359,16.0" /></mjloggm>