<mjloggm ver="2.3"><GO type="169" lobby="0"/><UN n0="%E3%81%A6%E3%82%93%E3%81%BD%E3%81%84%E3%82%93%E3%81%A8" n1="%73%65%61%73%74%6F%72%79" n2="%E7%A5%9E%E6%9E%B6%E3%82%BF%E3%82%A4%E3%82%BF%E3%83%8B%E3%83%83%E3%82%AF" n3="%E3%81%BF%E3%81%8B%E3%82%82%E3%82%81" dan="17,16,16,17" rate="2204.88,2085.69,2054.54,2202.93" sx="F,M,M,M"/><TAIKYOKU oya="0"/><INIT seed="0,0,0,2,4,83" ten="250,250,250,250" oya="0" hai0="90,75,105,86,110,29,35,100,85,50,119,132,42" hai1="87,16,46,135,10,13,73,93,98,49,79,18,71" hai2="56,80,112,34,20,9,84,120,106,89,109,61,51" hai3="126,36,122,32,57,77,62,128,74,95,102,44,131"/><T104/><D35/><U43/><E71/><V118/><F120/><W40/><G32/><T111/><D119/><U4/><E73/><V103/><F112/><W125/><G102/><T96/><D29/><U94/><E135/><V82/><F34/><W130/><G95/><N who="0" m="56439" /><D75/><U45/><E45/><V48/><F109/><N who="0" m="41482" /><D132/><U68/><E68/><V97/><F118/><W1/><G1/><T64/><D64/><U91/><E79/><V12/><F20/><W63/><G74/><T19/><D19/><U114/><E114/><V28/><F80/><W2/><G77/><T133/><D133/><U53/><E43/><V54/><REACH who="2" step="1"/><F28/><REACH who="2" ten="250,250,240,250" step="2"/><W60/><G122/><T59/><D100/><AGARI ba="0,1" hai="4,10,13,16,18,46,49,53,87,91,93,94,98,100" machi="100" ten="30,7700,0" yaku="7,1,8,1,52,1,54,1" doraHai="83" who="1" fromWho="0" sc="250,-77,250,87,240,0,250,0" /><INIT seed="1,0,0,3,4,54" ten="173,337,240,250" oya="1" hai0="77,79,97,84,120,80,81,28,61,88,24,86,16" hai1="15,25,32,14,118,38,83,87,29,121,74,56,119" hai2="53,93,76,20,1,107,75,64,43,72,35,124,68" hai3="55,6,117,9,13,41,59,98,104,37,22,21,99"/><U4/><E121/><V109/><F35/><W34/><G117/><T17/><D120/><U114/><E38/><V42/><F107/><W73/><G34/><T133/><D133/><U128/><E114/><V126/><F1/><W116/><G116/><T65/><D97/><U94/><E128/><V39/><F75/><W33/><G33/><T130/><D130/><U36/><E36/><V47/><F93/><W60/><G73/><T71/><REACH who="0" step="1"/><D79/><REACH who="0" ten="163,337,240,250" step="2"/><U69/><E119/><V12/><F76/><W110/><G110/><T111/><D111/><U113/><E118/><V67/><F109/><W66/><G99/><T57/><D57/><U85/><E56/><V91/><F124/><W131/><G131/><T92/><D92/><U89/><E113/><V31/><F126/><W18/><G98/><T132/><D132/><U51/><E69/><V50/><F68/><W45/><G104/><T70/><D70/><U82/><E94/><V129/><F129/><W30/><G30/><T46/><D46/><U26/><E29/><V101/><F47/><W2/><REACH who="3" step="1"/><G66/><REACH who="3" ten="163,337,240,240" step="2"/><T49/><D49/><U52/><E51/><V106/><F67/><W96/><G96/><T0/><D0/><U100/><E100/><V5/><F64/><W19/><G19/><T8/><D8/><AGARI ba="0,2" hai="2,6,8,9,13,18,21,22,37,41,45,55,59,60" machi="8" ten="30,7700,0" yaku="1,1,7,1,52,1,53,1" doraHai="54" doraHaiUra="40" who="3" fromWho="0" sc="163,-77,337,0,240,0,240,97" /><INIT seed="2,0,0,4,3,129" ten="86,337,240,337" oya="2" hai0="104,51,110,92,115,39,95,107,34,130,8,46,105" hai1="84,5,22,45,117,66,28,108,0,32,73,119,126" hai2="57,29,61,99,106,127,38,42,131,100,40,20,111" hai3="18,123,37,114,43,132,4,69,1,3,13,35,77"/><V30/><F131/><W14/><G69/><T16/><D130/><U60/><E73/><V62/><F127/><W63/><G63/><T23/><D115/><U83/><E126/><V56/><F111/><W70/><G70/><T48/><D34/><U53/><E108/><V75/><F75/><W52/><G77/><T122/><D122/><U9/><E32/><V80/><F80/><W82/><G82/><T96/><D8/><U26/><E53/><V59/><F38/><W116/><G37/><T97/><D39/><U10/><E10/><V135/><F135/><W85/><G85/><T11/><D11/><U50/><E50/><V27/><REACH who="2" step="1"/><F30/><REACH who="2" ten="86,337,230,337" step="2"/><W79/><G132/><T112/><D110/><U17/><E28/><V24/><F24/><W19/><G114/><T58/><D112/><U98/><E26/><V54/><F54/><W6/><G52/><T67/><D67/><U68/><E83/><V44/><F44/><W118/><G43/><AGARI ba="0,1" hai="20,27,29,40,42,43,56,57,59,61,62,99,100,106" machi="43" ten="40,2000,0" yaku="1,1,53,0" doraHai="129" doraHaiUra="121" who="2" fromWho="3" sc="86,0,337,0,230,30,337,-20" /><INIT seed="2,1,0,4,3,112" ten="86,337,260,317" oya="2" hai0="123,72,126,14,122,40,5,110,79,92,127,66,44" hai1="125,78,52,63,30,62,60,8,9,116,23,37,105" hai2="2,45,3,119,33,88,51,97,76,0,89,82,47" hai3="98,99,38,29,48,28,64,59,39,71,43,18,6"/><V100/><F33/><W65/><G6/><T54/><D14/><U73/><E105/><V15/><F119/><W134/><G134/><T111/><D5/><U41/><E116/><V20/><F20/><W74/><G74/><T85/><D54/><U10/><E125/><N who="0" m="47625" /><D66/><U70/><E70/><V117/><F117/><W104/><G104/><T108/><D44/><U36/><E41/><V121/><F121/><N who="0" m="46090" /><D40/><U35/><E78/><V32/><F32/><W130/><G130/><T87/><D92/><U53/><E35/><V25/><F15/><W118/><G71/><T11/><D11/><U128/><E128/><V90/><F25/><W56/><G43/><T27/><D27/><U129/><E129/><V67/><F67/><W94/><G94/><T4/><D4/><U58/><E37/><V68/><F51/><W103/><G48/><T83/><AGARI ba="1,0" hai="72,79,83,85,87,108,110,111" m="46090,47625" machi="83" ten="40,8000,1" yaku="14,1,18,1,34,2" doraHai="112" who="0" fromWho="0" sc="86,83,337,-21,260,-41,317,-21" /><INIT seed="3,0,0,3,0,18" ten="169,316,219,296" oya="3" hai0="122,26,64,103,3,134,86,105,111,67,59,65,88" hai1="53,72,19,56,47,115,33,12,6,83,106,49,129" hai2="46,16,61,51,124,92,95,104,37,84,23,93,45" hai3="71,25,90,41,32,20,121,21,24,74,94,76,39"/><W70/><G121/><T96/><D111/><U120/><E115/><V126/><F104/><W11/><G32/><T128/><D128/><U66/><E120/><V82/><F37/><W79/><G39/><T109/><D109/><U87/><E106/><V52/><F61/><W125/><G41/><T68/><D134/><U127/><E33/><V130/><F45/><W54/><G74/><T58/><D68/><U75/><E129/><V31/><F31/><N who="3" m="17799" /><G71/><T10/><D122/><U0/><E0/><V108/><F108/><W77/><G70/><T110/><D110/><U15/><E127/><N who="2" m="48683" /><F130/><W114/><G114/><T14/><D26/><U99/><E99/><V27/><F95/><W62/><G11/><T98/><D98/><U81/><E6/><V57/><F46/><W48/><G62/><T1/><D1/><U85/><E75/><V34/><F34/><W7/><G7/><T119/><D3/><U101/><E72/><V9/><F9/><W50/><G54/><T29/><D29/><U63/><E101/><V4/><F4/><W60/><G60/><T80/><REACH who="0" step="1"/><D119/><REACH who="0" ten="159,316,219,296" step="2"/><U89/><REACH who="1" step="1"/><E19/><AGARI ba="0,1" hai="10,14,19,58,59,64,65,67,80,86,88,96,103,105" machi="19" ten="40,5200,0" yaku="1,1,2,1,54,1,53,0" doraHai="18" doraHaiUra="17" who="0" fromWho="1" sc="159,62,316,-52,219,0,296,0" /><INIT seed="4,0,0,3,4,57" ten="221,264,219,296" oya="0" hai0="127,113,79,99,124,52,104,42,10,101,70,11,53" hai1="118,47,98,14,30,49,34,126,13,15,128,28,83" hai2="92,114,41,84,90,73,75,100,12,66,29,68,107" hai3="56,86,132,76,133,26,59,6,102,91,96,67,40"/><T85/><D42/><U24/><E118/><V17/><F114/><W58/><G76/><T32/><D32/><U16/><E128/><V18/><F18/><W27/><G6/><T105/><D70/><U131/><E131/><V39/><F29/><W50/><G67/><T55/><D113/><U115/><E126/><N who="0" m="48169" /><D105/><U19/><E115/><V51/><F39/><W44/><G102/><T35/><D35/><U71/><E71/><V108/><F108/><W103/><G103/><T125/><N who="0" m="48177" /><T61/><DORA hai="97" /><D61/><U23/><E98/><V135/><F100/><W106/><G96/><T9/><D85/><U22/><E83/><V74/><F107/><W88/><G106/><T109/><D79/><U112/><E112/><V117/><F68/><W36/><G36/><T63/><D63/><U65/><E65/><V95/><F41/><W64/><G64/><T130/><D130/><U82/><E82/><V134/><F66/><W21/><G86/><T7/><D109/><U62/><E62/><V33/><F33/><W4/><G4/><AGARI ba="0,0" hai="4,7,9,10,11,52,53,55,99,101,104" m="48177" machi="4" ten="50,9600,0" yaku="18,1,52,1,54,1" doraHai="57,97" who="0" fromWho="3" sc="221,96,264,0,219,0,296,-96" /><INIT seed="4,1,0,5,3,69" ten="317,264,219,200" oya="0" hai0="9,95,7,88,13,129,47,73,71,114,110,124,36" hai1="135,33,50,99,65,18,82,39,133,60,22,101,93" hai2="14,6,91,83,100,125,3,120,87,70,58,107,85" hai3="0,2,79,5,37,48,63,64,132,126,38,26,102"/><T116/><D116/><U97/><E33/><V68/><F120/><W45/><G102/><T94/><D73/><U42/><E50/><V35/><F125/><W34/><G126/><T130/><D124/><U131/><E82/><V111/><F3/><W112/><G79/><T81/><D71/><U1/><E1/><V113/><F35/><W123/><G0/><T53/><D53/><U77/><E77/><V74/><F74/><W30/><G123/><T75/><D75/><U108/><E99/><V67/><F111/><W98/><G98/><T10/><D10/><U134/><E108/><V46/><F46/><W25/><G112/><T11/><D11/><U55/><E55/><V84/><F107/><W76/><G132/><T78/><D114/><U27/><E131/><N who="0" m="50185" /><D78/><U56/><E42/><V118/><F70/><W59/><G26/><T121/><D121/><U29/><E18/><V16/><F68/><W24/><G25/><T40/><D110/><U115/><REACH who="1" step="1"/><E115/><REACH who="1" ten="317,254,219,200" step="2"/><V90/><F113/><W23/><G76/><T54/><D54/><U57/><E57/><V127/><F127/><W51/><G34/><T17/><D17/><U4/><E4/><V44/><F6/><W8/><G48/><T117/><D117/><U66/><E66/><V28/><F67/><W89/><G89/><T31/><D31/><U52/><E52/><AGARI ba="1,1" hai="2,5,8,23,24,30,37,38,45,51,52,59,63,64" machi="52" ten="30,7700,0" yaku="7,1,52,2,54,1" doraHai="69" who="3" fromWho="1" sc="317,0,254,-80,219,0,200,90" /><INIT seed="5,0,0,2,0,118" ten="317,174,219,290" oya="1" hai0="81,93,19,101,28,4,68,7,98,21,39,85,71" hai1="82,29,100,114,9,92,24,131,117,65,58,59,22" hai2="83,5,122,120,14,77,111,18,110,50,103,96,52" hai3="37,11,84,53,17,69,57,113,45,15,0,106,25"/><U133/><E117/><V63/><F5/><W112/><G69/><T88/><D39/><U132/><E131/><V108/><F63/><W123/><G106/><T33/><D71/><U109/><E109/><V31/><F31/><W61/><G0/><T107/><D68/><U102/><E114/><N who="3" m="44138" /><G25/><T73/><D28/><U36/><E36/><V135/><F135/><N who="1" m="51785" /><E9/><V34/><F34/><W127/><G84/><T75/><D33/><U35/><E82/><V116/><F116/><W16/><G127/><T97/><D75/><U26/><E65/><V41/><F41/><N who="3" m="22703" /><G123/><T86/><D73/><U66/><E66/><V67/><F67/><W42/><G42/><T119/><D119/><U134/><N who="1" m="51793" /><U60/><DORA hai="20" /><E60/><V54/><F120/><W55/><G55/><T46/><D81/><U1/><E1/><V56/><F54/><W125/><G125/><T74/><D74/><U126/><E126/><V78/><F83/><W94/><G94/><T87/><REACH who="0" step="1"/><D46/><REACH who="0" ten="307,174,219,290" step="2"/><U2/><E2/><V95/><REACH who="2" step="1"/><F122/><REACH who="2" ten="307,174,209,290" step="2"/><W51/><G61/><T79/><D79/><U12/><E59/><V10/><AGARI ba="0,2" hai="10,14,18,50,52,56,77,78,95,96,103,108,110,111" machi="10" ten="30,7900,0" yaku="1,1,2,1,0,1,54,1,53,0" doraHai="118,20" doraHaiUra="43,30" who="2" fromWho="2" sc="307,-20,174,-39,209,99,290,-20" /><INIT seed="6,0,0,3,0,87" ten="287,135,308,270" oya="2" hai0="127,123,11,68,36,44,97,104,47,102,74,27,106" hai1="77,23,73,26,72,71,30,108,96,15,55,58,16" hai2="62,94,52,85,70,120,82,63,61,128,99,105,40" hai3="35,98,122,64,121,19,38,124,20,78,113,81,51"/><V10/><F120/><W32/><G38/><T76/><D47/><U111/><E71/><V37/><F105/><W56/><G124/><T21/><D68/><U18/><E73/><V3/><F70/><W95/><G113/><T134/><D21/><U131/><E131/><V129/><F40/><W45/><G121/><T130/><D27/><U126/><E126/><V91/><F37/><W49/><G122/><T66/><D66/><U17/><E72/><V117/><F117/><W12/><G64/><T100/><D123/><U14/><E77/><V83/><F83/><W29/><G56/><T101/><D134/><U86/><E86/><V112/><F112/><W41/><G51/><T75/><D75/><U34/><E96/><V103/><F10/><W109/><G29/><T84/><D130/><N who="2" m="50282" /><F3/><W25/><G109/><T6/><D106/><U48/><REACH who="1" step="1"/><E18/><REACH who="1" ten="287,125,308,270" step="2"/><V39/><F39/><W7/><G78/><T60/><D36/><U79/><E79/><V42/><F42/><W119/><G41/><T46/><D76/><U28/><E28/><V1/><F1/><W50/><G19/><T125/><D125/><U65/><E65/><V107/><F82/><W31/><G81/><T22/><D127/><U33/><E33/><V13/><F85/><W57/><G35/><T59/><D84/><U118/><E118/><V89/><F99/><W2/><G32/><T4/><D97/><U110/><E110/><V53/><F53/><W67/><G2/><N who="0" m="407" /><D74/><U133/><E133/><V93/><F52/><N who="3" m="31887" /><G98/><T132/><D132/><U0/><E0/><V5/><F107/><W8/><G119/><RYUUKYOKU ba="0,1" sc="287,-10,125,30,308,-10,270,-10" hai1="14,15,16,17,23,26,30,34,48,55,58,108,111" /><INIT seed="7,1,1,2,4,29" ten="277,155,298,260" oya="3" hai0="51,44,50,12,46,42,70,75,99,122,95,39,118" hai1="88,98,72,74,49,66,34,117,63,47,38,52,27" hai2="81,1,8,53,104,13,48,25,127,2,64,69,28" hai3="105,85,23,21,130,17,103,77,58,26,40,6,76"/><W121/><G121/><T55/><D118/><U116/><E38/><V79/><F104/><W80/><G130/><T110/><D110/><U54/><E54/><V68/><F127/><W87/><G6/><T3/><D3/><U45/><E45/><V36/><F36/><W22/><G40/><T60/><D75/><U71/><E117/><V11/><F2/><W31/><G105/><T107/><D122/><U10/><E10/><V30/><F1/><W92/><G58/><N who="0" m="34911" /><D70/><U133/><E133/><V43/><F11/><W83/><G31/><T73/><D73/><U35/><E116/><V94/><F94/><W9/><G9/><T134/><D107/><U16/><E74/><V124/><F124/><W102/><G102/><N who="0" m="60799" /><D134/><U135/><E72/><V84/><F43/><W32/><G32/><T101/><D101/><U19/><E135/><V108/><F108/><W65/><G65/><T33/><D33/><U86/><E98/><AGARI ba="1,1" hai="17,21,22,23,26,76,77,80,83,85,87,92,98,103" machi="98" ten="40,3900,0" yaku="9,1,8,1" doraHai="29" who="3" fromWho="1" sc="277,0,155,-42,298,0,260,52" owari="277,-12.0,113,-39.0,298,10.0,312,41.0" /></mjloggm>