<mjloggm ver="2.3"><GO type="169" lobby="0"/><UN n0="%64%75%72%72%72%72%72" n1="%E7%B6%BE%E7%80%AC%E5%B8%82%E6%B0%91" n2="%E9%BB%92%E7%8C%AB%73%69%6E" n3="%E4%B8%BB%E5%B8%AD" dan="18,17,17,16" rate="2282.03,2125.74,2198.06,2159.66" sx="M,M,M,M"/><TAIKYOKU oya="0"/><INIT seed="0,0,0,0,2,21" ten="250,250,250,250" oya="0" hai0="109,75,10,89,85,18,64,86,8,34,22,88,72" hai1="57,111,12,113,26,17,78,56,112,118,9,15,6" hai2="5,124,44,101,102,110,120,38,116,115,55,119,83" hai3="23,76,0,122,41,39,91,31,70,103,28,77,130"/><T47/><D34/><U65/><E118/><N who="2" m="45099" /><F120/><W66/><G0/><T29/><D29/><U20/><E78/><V63/><F115/><N who="1" m="44105" /><E65/><V69/><F110/><W24/><G122/><T129/><D129/><U36/><E36/><V2/><F124/><W121/><G130/><T135/><D135/><U37/><E37/><V68/><F83/><W133/><G121/><T96/><D96/><U107/><E107/><V52/><F63/><W3/><G3/><T19/><D64/><U67/><E67/><V25/><F5/><W132/><G103/><N who="2" m="39433" /><F2/><W94/><G133/><T71/><D71/><N who="2" m="27210" /><F25/><W46/><G132/><T97/><D97/><U98/><E98/><V1/><F1/><W30/><G66/><T93/><D109/><U100/><E100/><V53/><F38/><W4/><G4/><T106/><D106/><U114/><E114/><V50/><AGARI ba="0,0" hai="44,50,52,53,55" m="27210,39433,45099" machi="50" ten="40,2700,0" yaku="12,1,54,1" doraHai="21" who="2" fromWho="2" sc="250,-13,250,-7,250,27,250,-7" /><INIT seed="1,0,0,4,0,50" ten="237,243,277,243" oya="1" hai0="98,35,39,59,1,21,130,9,122,8,93,16,74" hai1="2,83,65,69,124,90,12,119,92,52,27,102,62" hai2="14,108,81,46,40,37,6,106,113,89,3,88,118" hai3="134,28,111,0,75,33,123,79,56,128,31,42,47"/><U54/><E119/><V127/><F118/><W121/><G0/><T10/><D74/><U117/><E117/><V19/><F108/><W132/><G111/><T84/><D39/><U48/><E2/><V100/><F127/><W129/><G79/><T34/><D1/><U38/><E38/><V32/><F32/><W112/><G75/><T23/><D130/><N who="3" m="50281" /><G112/><T72/><D72/><U61/><E124/><V120/><F120/><N who="3" m="46155" /><G56/><T97/><D122/><U25/><E102/><V126/><F126/><W101/><G101/><T70/><D70/><U66/><E83/><V26/><F113/><W71/><G71/><T96/><D59/><N who="1" m="35063" /><E62/><V24/><F81/><W133/><G33/><T116/><D23/><U5/><E69/><V94/><F100/><W115/><G115/><T11/><D116/><U76/><E76/><V30/><F3/><W131/><N who="3" m="50289" /><W125/><DORA hai="73" /><G125/><T13/><N who="0" m="2048" /><DORA hai="4" /><T18/><REACH who="0" step="1"/><D18/><REACH who="0" ten="227,243,277,243" step="2"/><U64/><E5/><V43/><F6/><W110/><G110/><T85/><D85/><N who="1" m="52303" /><E12/><V7/><F7/><W44/><G133/><T17/><D17/><U109/><E109/><V15/><F19/><W45/><G134/><T114/><D114/><U29/><E29/><N who="3" m="11338" /><G132/><T67/><D67/><U57/><AGARI ba="0,1" hai="25,27,48,52,57,64,65,66" m="52303,35063" machi="57" ten="30,11700,0" yaku="8,1,52,2,54,1" doraHai="50,73,4" who="1" fromWho="1" sc="227,-39,243,127,277,-39,243,-39" /><INIT seed="1,1,0,1,3,68" ten="188,370,238,204" oya="1" hai0="18,31,125,78,77,69,70,130,37,47,132,27,51" hai1="91,21,14,0,88,57,2,13,38,73,85,133,105" hai2="135,9,28,62,30,117,114,92,120,121,53,29,115" hai3="65,7,33,81,97,25,86,20,24,19,42,108,72"/><U22/><E73/><V40/><F92/><W111/><G72/><T119/><D119/><U10/><E105/><V80/><F80/><W5/><G65/><T44/><D18/><U52/><E38/><V82/><F82/><W129/><G42/><T60/><D132/><U83/><E133/><V1/><F135/><W50/><G50/><T66/><D70/><U93/><E2/><V3/><F40/><W59/><G59/><T123/><D130/><U126/><E0/><N who="2" m="75" /><F53/><W124/><G97/><T64/><D64/><U96/><E126/><V98/><F98/><W55/><G55/><T128/><D128/><U56/><E56/><V43/><F43/><W45/><G45/><T109/><D47/><U94/><E83/><V63/><F9/><W101/><G101/><T49/><D37/><U99/><E85/><V8/><F8/><W131/><G124/><T95/><D51/><N who="1" m="30879" /><E14/><V110/><F117/><W113/><G86/><T100/><D125/><U26/><E26/><V71/><F71/><W12/><G81/><T46/><D46/><U127/><E127/><V75/><F75/><W112/><G12/><T103/><D49/><U23/><E23/><V84/><F84/><W39/><G20/><N who="0" m="15847" /><D44/><U116/><E116/><V89/><F120/><W34/><G39/><T11/><D123/><U61/><E61/><V54/><F121/><W15/><G15/><T104/><D11/><U58/><E58/><N who="2" m="35159" /><F63/><W90/><G113/><T35/><D35/><U74/><E74/><V17/><F115/><W6/><G112/><T67/><D67/><U4/><AGARI ba="1,0" hai="4,10,13,21,22,88,91,93,94,96,99" m="30879" machi="4" ten="30,6000,0" yaku="8,1,54,2" doraHai="68" who="1" fromWho="1" sc="188,-21,370,63,238,-21,204,-21" /><INIT seed="1,2,0,4,3,11" ten="167,433,217,183" oya="1" hai0="69,5,3,97,52,89,58,101,54,62,130,78,127" hai1="92,49,112,14,118,105,12,26,119,39,35,18,91" hai2="27,73,19,126,53,86,65,109,43,38,122,124,59" hai3="21,96,95,80,2,30,46,131,85,32,93,116,25"/><U107/><E112/><V56/><F73/><W31/><G2/><T44/><D69/><U45/><E39/><V9/><F122/><W72/><G72/><T70/><D70/><U33/><E33/><V77/><F109/><W103/><G131/><T55/><D78/><U99/><E107/><V22/><F65/><W120/><G120/><T75/><D75/><U50/><E50/><V7/><F43/><W74/><G74/><T48/><D130/><U83/><E83/><N who="2" m="47471" /><F53/><W63/><G116/><T6/><D127/><N who="2" m="48682" /><F38/><W79/><G32/><T111/><D111/><U106/><E106/><V40/><F40/><W24/><G46/><T102/><D55/><U82/><E82/><V133/><F133/><W28/><G63/><T100/><REACH who="0" step="1"/><D3/><AGARI ba="2,0" hai="3,7,9,19,22,27,56,59" m="48682,47471" machi="3" ten="30,1000,0" yaku="18,1" doraHai="11" who="2" fromWho="0" sc="167,-16,433,0,217,16,183,0" /><INIT seed="2,0,0,3,1,33" ten="151,433,233,183" oya="2" hai0="2,4,104,8,58,1,77,114,75,101,89,108,102" hai1="47,92,132,86,38,29,112,55,59,6,126,111,10" hai2="31,36,134,11,21,70,135,25,133,0,35,69,123" hai3="83,130,113,117,84,26,63,40,121,5,42,98,53"/><V109/><F123/><W80/><G121/><T107/><D114/><U9/><E112/><V85/><F36/><W39/><G113/><T46/><D108/><U32/><E111/><V90/><F109/><W16/><G117/><T128/><D128/><U78/><E126/><V48/><F48/><W115/><G115/><T52/><D89/><U103/><E132/><V57/><F57/><N who="3" m="35247" /><G39/><T119/><D119/><U118/><E118/><V67/><F67/><W110/><G110/><T7/><D46/><U79/><E10/><V74/><F74/><W68/><G68/><T50/><D4/><U28/><E103/><V88/><F35/><W60/><G5/><T14/><D102/><U116/><E92/><N who="2" m="54287" /><F90/><N who="3" m="51463" /><G130/><T72/><D72/><U94/><E94/><V34/><F34/><W37/><G37/><T17/><D7/><AGARI ba="0,0" hai="0,7,11,21,25,31,69,70,133,134,135" m="54287" machi="7" ten="30,5800,0" yaku="20,1,52,1,54,1" doraHai="33" who="2" fromWho="0" sc="151,-58,433,0,233,58,183,0" /><INIT seed="2,1,0,1,4,62" ten="93,433,291,183" oya="2" hai0="0,133,104,81,86,90,8,52,7,130,99,115,132" hai1="87,83,84,31,108,10,119,45,122,93,124,82,9" hai2="26,135,89,70,43,2,53,128,33,98,94,19,46" hai3="56,116,23,18,72,27,100,16,79,25,101,57,117"/><V67/><F128/><W12/><G79/><T60/><D115/><U36/><E119/><V74/><F135/><W118/><G72/><T35/><D35/><U127/><E108/><V22/><F74/><W11/><REACH who="3" step="1"/><G27/><REACH who="3" ten="93,433,291,173" step="2"/><T34/><D130/><U5/><E124/><V66/><F33/><W131/><G131/><T51/><D34/><U59/><E127/><V91/><F2/><W21/><G21/><T107/><D132/><U41/><E122/><V88/><F70/><W3/><G3/><T120/><D133/><U29/><E10/><V37/><REACH who="2" step="1"/><F53/><REACH who="2" ten="93,433,281,173" step="2"/><W68/><G68/><T4/><D120/><U17/><E9/><V58/><F58/><AGARI ba="1,2" hai="11,12,16,18,23,25,56,57,58,100,101,116,117,118" machi="58" ten="40,2600,0" yaku="1,1,54,1,53,0" doraHai="62" doraHaiUra="1" who="3" fromWho="2" sc="93,0,433,0,281,-29,173,49" /><INIT seed="3,0,0,2,0,25" ten="93,433,252,222" oya="3" hai0="126,103,46,134,80,26,58,35,101,89,86,67,92" hai1="40,53,13,135,14,22,82,16,112,45,60,129,9" hai2="132,121,31,52,27,76,116,73,33,42,32,10,54" hai3="75,15,72,1,21,93,23,5,128,98,87,123,120"/><W108/><G1/><T38/><D134/><U39/><E112/><V127/><F116/><W106/><G106/><T3/><D3/><U49/><E135/><V41/><F132/><W4/><G87/><T20/><D35/><U37/><E129/><V69/><F69/><W63/><G128/><T97/><D126/><U8/><E82/><V79/><F27/><W94/><G63/><N who="0" m="38391" /><D38/><U6/><REACH who="1" step="1"/><E9/><REACH who="1" ten="93,423,252,222" step="2"/><V24/><F10/><W77/><G123/><T17/><D46/><U61/><E61/><V78/><F121/><W44/><G120/><T59/><D59/><AGARI ba="0,1" hai="6,8,13,14,16,22,37,39,40,45,49,53,59,60" machi="59" ten="40,2600,0" yaku="1,1,54,1,53,0" doraHai="25" doraHaiUra="115" who="1" fromWho="0" sc="93,-26,423,36,252,0,222,0" /><INIT seed="4,0,0,0,3,60" ten="67,459,252,222" oya="0" hai0="63,57,135,31,51,13,82,78,5,30,128,85,132" hai1="113,107,89,10,73,47,32,40,33,124,112,106,23" hai2="95,123,110,28,49,8,133,36,111,93,7,34,119" hai3="16,90,11,84,2,48,109,130,70,92,122,96,134"/><T126/><D126/><U117/><E117/><V61/><F36/><W21/><G109/><T77/><D128/><U55/><E124/><V76/><F123/><W67/><G130/><T26/><D78/><U100/><E73/><V69/><F76/><W1/><G134/><T72/><D72/><U104/><E10/><V46/><F34/><N who="1" m="13417" /><E55/><V59/><F28/><W114/><G122/><T50/><D31/><U74/><E89/><V98/><F69/><W101/><G114/><N who="1" m="44138" /><E23/><V20/><F20/><W6/><G1/><T102/><D102/><U120/><E120/><V87/><F8/><W52/><G70/><T68/><D68/><U103/><E74/><V53/><F53/><W129/><G129/><T99/><D13/><U131/><E131/><V91/><F91/><W29/><G29/><T14/><D14/><U38/><AGARI ba="0,0" hai="38,40,47,100,103,104,106,107" m="44138,13417" machi="38" ten="40,2700,0" yaku="15,1,11,1" doraHai="60" who="1" fromWho="1" sc="67,-13,459,27,252,-7,222,-7" /><INIT seed="5,0,0,4,1,79" ten="54,486,245,215" oya="1" hai0="33,105,24,51,42,85,11,81,96,57,37,12,109" hai1="118,128,14,94,34,49,43,32,134,121,84,48,47" hai2="101,80,130,31,30,60,71,56,111,100,39,29,5" hai3="69,113,127,21,35,76,116,18,62,131,99,98,129"/><U77/><E118/><V28/><F71/><W72/><G35/><T65/><D109/><U8/><E121/><V125/><F111/><W104/><G116/><T7/><D37/><U92/><E134/><V44/><F130/><N who="3" m="49675" /><G104/><T66/><D33/><U108/><E128/><V114/><F125/><W68/><G127/><T82/><D24/><U112/><E112/><V107/><F107/><W123/><G123/><T19/><D19/><U89/><E108/><V64/><F114/><W75/><G113/><T119/><D119/><U58/><E77/><V90/><N who="2" m="7168" /><DORA hai="124" /><V0/><F0/><W87/><G87/><T26/><D26/><U132/><E132/><V93/><F5/><W25/><G75/><T10/><D10/><U45/><E84/><N who="2" m="50439" /><F39/><W59/><G76/><T17/><D17/><U36/><E36/><V88/><F44/><W74/><G74/><T95/><D105/><U61/><E45/><V83/><F93/><W46/><G46/><N who="0" m="26071" /><D85/><AGARI ba="0,0" hai="56,60,64,83,85,88,100,101" m="50439,7168" machi="85" ten="40,8000,1" yaku="8,1,52,2,54,1" doraHai="79,124" who="2" fromWho="0" sc="54,-80,486,0,245,80,215,0" owari="-26,-53.0,486,58.0,325,13.0,215,-18.0" /></mjloggm>