<mjloggm ver="2.3"><GO type="225" lobby="0"/><UN n0="%E3%82%8F%E3%81%A3%E3%81%97%E3%82%87%E3%81%84%E5%90%9B%32%E5%8F%B7" n1="%E5%AE%89%E8%97%A4%E3%82%AB%E3%82%B1%E3%83%AB" n2="%E5%8F%AF%E5%85%90%E9%82%A3%E7%94%B1%E5%A4%9A" n3="%70%69%6E%70%69%6E%36" dan="18,16,17,16" rate="2270.66,2063.17,2176.74,2187.70" sx="M,M,F,M"/><TAIKYOKU oya="0"/><INIT seed="0,0,0,4,0,62" ten="250,250,250,250" oya="0" hai0="43,121,82,11,87,105,24,99,133,97,93,115,5" hai1="131,47,75,58,10,72,81,95,117,36,76,66,29" hai2="16,127,108,102,92,83,74,51,109,80,55,85,27" hai3="130,45,33,112,42,84,110,25,9,14,6,113,128"/><T21/><D121/><U63/><E117/><V41/><F41/><W48/><G110/><N who="2" m="42601" /><F74/><W125/><G125/><T2/><D115/><U65/><E131/><N who="3" m="50218" /><G84/><T54/><D133/><U0/><E29/><AGARI ba="0,0" hai="6,9,14,25,29,33,42,45,48,112,113" m="50218" machi="29" ten="30,1000,0" yaku="19,1" doraHai="62" who="3" fromWho="1" sc="250,0,250,-10,250,0,250,10" /><INIT seed="1,0,0,2,5,13" ten="250,240,250,260" oya="1" hai0="37,7,84,71,96,133,0,18,4,86,54,72,102" hai1="114,65,61,60,74,8,124,119,110,56,127,38,59" hai2="83,50,134,87,6,16,99,95,9,73,34,111,36" hai3="82,57,97,117,69,15,77,125,19,29,115,28,106"/><U47/><E74/><V21/><F34/><W105/><G69/><T49/><D37/><U58/><E8/><V67/><F36/><W52/><G115/><T103/><D72/><U41/><E114/><V62/><F73/><W70/><G70/><T129/><D71/><U120/><E119/><V90/><F111/><W32/><G125/><N who="1" m="48202" /><E120/><V80/><F134/><W108/><G108/><T122/><D133/><U100/><E100/><V116/><F116/><W45/><G45/><T101/><D0/><U20/><E20/><V88/><F50/><W2/><G2/><T112/><D122/><U40/><E110/><V93/><F9/><W126/><G126/><T42/><D4/><U12/><E12/><N who="2" m="9351" /><F6/><W3/><G3/><T51/><D7/><U66/><E40/><V17/><F17/><W33/><G33/><T81/><D42/><U23/><E23/><V85/><F99/><W123/><G123/><T11/><D112/><U104/><E104/><V75/><F75/><W22/><G117/><T53/><D11/><U44/><E44/><V89/><F89/><W25/><G29/><T79/><D102/><U118/><E118/><V107/><F107/><W31/><G97/><T10/><D103/><U135/><E135/><V98/><F98/><W64/><G31/><T30/><D30/><U68/><AGARI ba="0,0" hai="38,41,47,56,58,59,60,61,65,66,68" m="48202" machi="68" ten="30,6000,0" yaku="18,1,34,2" doraHai="13" who="1" fromWho="1" sc="250,-20,240,60,250,-20,260,-20" /><INIT seed="1,1,0,0,0,59" ten="230,300,230,240" oya="1" hai0="80,134,133,17,23,53,16,76,41,130,98,83,26" hai1="6,126,132,103,118,5,48,40,64,85,1,92,89" hai2="81,94,12,52,88,115,69,71,14,32,109,62,90" hai3="79,74,66,30,104,96,123,110,36,25,127,35,82"/><U2/><E118/><V46/><F32/><W9/><G123/><T39/><D130/><U84/><E126/><V0/><F0/><W68/><G127/><T120/><D120/><U33/><E33/><V111/><F115/><W13/><G110/><N who="2" m="41993" /><F81/><W113/><G113/><T101/><D17/><U21/><E132/><N who="0" m="50793" /><D76/><U51/><E103/><V106/><F106/><W60/><G36/><T119/><D119/><U29/><E64/><N who="2" m="41111" /><F71/><W95/><G104/><N who="0" m="63543" /><D53/><U102/><E102/><V37/><F37/><W58/><G96/><T4/><D4/><U114/><E114/><V78/><F78/><W107/><G107/><T117/><D117/><U87/><E2/><V97/><F90/><W125/><G125/><T70/><D70/><U108/><E1/><V11/><F11/><W135/><G135/><T61/><D61/><U65/><E108/><V45/><F45/><AGARI ba="1,0" hai="16,23,26,39,41,45,80,83" m="63543,50793" machi="45" ten="30,2000,0" yaku="20,1,54,1" doraHai="59" who="0" fromWho="2" sc="230,23,300,0,230,-23,240,0" /><INIT seed="2,0,0,5,2,60" ten="253,300,207,240" oya="2" hai0="72,58,41,62,103,2,76,117,54,104,21,67,102" hai1="73,47,43,46,25,96,90,85,56,77,29,98,66" hai2="132,91,6,84,118,14,129,74,126,86,95,27,131" hai3="71,109,99,119,23,35,135,130,89,107,33,134,75"/><V50/><F74/><W81/><G119/><T11/><D117/><U10/><E73/><V121/><F118/><W64/><G109/><T18/><D41/><U108/><E77/><V4/><F121/><W133/><G130/><N who="2" m="49673" /><F132/><W36/><G36/><T52/><D2/><U106/><E108/><V55/><F126/><W69/><G23/><T59/><D11/><U128/><E128/><V70/><F70/><W92/><G107/><T57/><D76/><U26/><E10/><N who="2" m="4423" /><F6/><W79/><REACH who="3" step="1"/><G64/><REACH who="3" ten="253,300,207,230" step="2"/><T65/><D104/><U24/><E66/><N who="0" m="25097" /><D72/><U37/><E106/><V7/><F27/><W105/><G105/><T112/><D112/><U8/><E24/><V101/><F101/><N who="0" m="38410" /><D62/><U115/><E37/><V63/><F63/><W80/><G80/><T110/><D110/><U0/><E115/><V20/><F20/><W94/><G94/><T42/><D42/><U82/><E43/><V17/><F7/><W39/><G39/><T120/><D120/><U38/><E38/><V28/><F28/><W93/><G93/><T114/><D114/><U9/><E29/><V3/><F17/><W34/><AGARI ba="0,1" hai="33,34,35,69,71,75,79,81,89,92,99,133,134,135" machi="34" ten="40,8000,1" yaku="1,1,0,1,20,1,53,1" doraHai="60" doraHaiUra="78" who="3" fromWho="3" sc="253,-20,300,-20,207,-40,230,90" /><INIT seed="3,0,0,4,1,42" ten="233,280,167,320" oya="3" hai0="119,91,6,1,14,69,12,64,106,94,33,117,104" hai1="80,34,36,93,40,51,124,38,92,74,57,100,128" hai2="112,28,16,76,81,29,84,26,52,50,127,77,17" hai3="70,37,85,35,41,31,11,114,90,30,129,43,99"/><W108/><G129/><T56/><D33/><U107/><E34/><V71/><F71/><W102/><G70/><T79/><D79/><U49/><E107/><V2/><F2/><W48/><G37/><T65/><D69/><U73/><E128/><V4/><F112/><W82/><G114/><T96/><D1/><U0/><E0/><V111/><F111/><W97/><G108/><T134/><D134/><U116/><E116/><V86/><F127/><W8/><G35/><T75/><D75/><U126/><E40/><N who="3" m="15434" /><G48/><T103/><D6/><U123/><E123/><V105/><F105/><W55/><G55/><T68/><D94/><U66/><E100/><V54/><F4/><W130/><G130/><T83/><D96/><N who="3" m="36937" /><G102/><T25/><D103/><U46/><E124/><V59/><F54/><W44/><G44/><T110/><D68/><U72/><E126/><V10/><F17/><W113/><G113/><T3/><D110/><U78/><E36/><V18/><F18/><W13/><G13/><T47/><D47/><U133/><E38/><V67/><F67/><W95/><G95/><T121/><D83/><U118/><E80/><N who="2" m="47111" /><F26/><W122/><G122/><T20/><D121/><U135/><E135/><V89/><F77/><W39/><G39/><T58/><D3/><U24/><E78/><V115/><F115/><W45/><G45/><T61/><D25/><U22/><E24/><V27/><F27/><W60/><G60/><T88/><D61/><U63/><E63/><V131/><F131/><W101/><G101/><T32/><D32/><U5/><E133/><V62/><F62/><RYUUKYOKU ba="0,0" sc="233,10,280,-30,167,10,320,10" hai0="12,14,20,56,58,64,65,88,91,104,106,117,119" hai2="10,16,28,29,50,52,59,81,86,89" hai3="8,11,30,31,82,85,90" owari="243,-16.0,250,5.0,177,-32.0,330,43.0" /></mjloggm>