<mjloggm ver="2.3"><GO type="169" lobby="0"/><UN n0="%63%6C%75%74%63%68%37%33" n1="%E5%8D%97%E5%B8%9D%E5%8D%97%E6%B5%A6" n2="%E7%8B%82%E7%8A%AC" n3="%E8%A1%9B%E8%97%A4%E7%BE%8E%E5%BD%A9" dan="17,16,16,16" rate="2179.75,2055.11,2141.98,2118.55" sx="M,F,M,M"/><TAIKYOKU oya="0"/><INIT seed="0,0,0,2,2,32" ten="250,250,250,250" oya="0" hai0="6,113,67,75,40,66,130,65,23,79,108,58,96" hai1="57,43,16,81,17,48,72,119,115,35,47,61,134" hai2="10,80,18,53,131,126,36,14,89,104,128,64,49" hai3="37,4,69,63,62,73,122,132,2,68,0,26,82"/><T34/><D34/><U9/><E119/><V52/><F36/><W3/><G37/><T125/><D113/><U71/><E115/><V103/><F126/><W88/><G4/><T25/><D75/><U55/><E35/><V102/><F64/><W28/><G132/><T27/><D79/><U24/><E134/><V100/><F104/><W109/><G109/><T22/><D108/><U20/><E71/><V129/><REACH who="2" step="1"/><F49/><REACH who="2" ten="250,250,240,250" step="2"/><W106/><G106/><T97/><D125/><U42/><E72/><V8/><F8/><W85/><G73/><T21/><D130/><U101/><E101/><V118/><F118/><W38/><G38/><T112/><D112/><U116/><E116/><V13/><F13/><W78/><G122/><T87/><D6/><U56/><E81/><V77/><F77/><W107/><G107/><T90/><D40/><U46/><E9/><V5/><F5/><W30/><G78/><T39/><D39/><U83/><E83/><V19/><F19/><W11/><G11/><T45/><D27/><U98/><E17/><V127/><F127/><W1/><N who="3" m="0" /><DORA hai="15" /><W7/><G7/><T94/><D25/><U135/><E135/><V59/><F59/><W120/><G120/><T124/><D124/><U133/><E133/><V12/><F12/><W33/><REACH who="3" step="1"/><G28/><REACH who="3" ten="250,250,240,240" step="2"/><T91/><D22/><U95/><E43/><V51/><F51/><W117/><G117/><T70/><D21/><U121/><E42/><V31/><F31/><W76/><G76/><T99/><D23/><U114/><E121/><V60/><F60/><AGARI ba="0,2" hai="26,30,33,60,62,63,68,69,82,85,88" m="0" machi="60" ten="70,12000,2" yaku="1,1,52,4,54,1,53,0" doraHai="32,15" doraHaiUra="110,111" who="3" fromWho="2" sc="250,0,250,0,240,-120,240,140" /><INIT seed="1,0,0,4,2,79" ten="250,250,120,380" oya="1" hai0="28,76,22,7,100,56,105,10,124,6,93,87,122" hai1="107,52,68,88,26,34,11,75,64,127,84,97,117" hai2="77,72,48,57,74,86,119,67,90,82,95,60,81" hai3="134,111,43,53,3,9,102,99,51,37,18,94,130"/><U89/><E117/><V19/><F119/><W96/><G111/><T103/><D122/><U17/><E75/><V46/><F19/><W66/><G134/><T91/><D124/><U15/><E127/><V129/><F129/><W55/><G130/><T5/><D10/><U21/><E34/><V45/><F48/><W25/><G66/><T16/><D28/><U50/><E64/><V42/><F42/><W133/><G133/><T23/><D23/><U101/><E68/><V35/><F35/><W33/><G37/><T13/><D105/><U31/><REACH who="1" step="1"/><E84/><REACH who="1" ten="250,240,120,380" step="2"/><V44/><REACH who="2" step="1"/><F82/><REACH who="2" ten="250,240,110,380" step="2"/><W98/><G33/><T132/><D132/><U47/><AGARI ba="0,2" hai="11,15,17,21,26,31,47,50,52,88,89,97,101,107" machi="47" ten="20,18000,2" yaku="1,1,2,1,0,1,7,1,54,2,53,0" doraHai="79" doraHaiUra="125" who="1" fromWho="1" sc="250,-60,240,200,110,-60,380,-60" /><INIT seed="1,1,0,1,4,53" ten="190,440,50,320" oya="1" hai0="123,5,24,130,9,60,10,71,3,13,98,54,97" hai1="63,59,132,50,109,35,7,105,117,122,86,27,114" hai2="119,126,84,89,121,30,15,18,72,107,22,49,93" hai3="83,81,12,28,31,73,25,68,80,106,37,94,118"/><U32/><E122/><V38/><F126/><W20/><G106/><T102/><D130/><U66/><E117/><V75/><F121/><W79/><G118/><T48/><D123/><U42/><E114/><V36/><F119/><W92/><G68/><T88/><D24/><U56/><E105/><V8/><F107/><W99/><G37/><T69/><D102/><U1/><E132/><V112/><F112/><W46/><G28/><T55/><D98/><U65/><E109/><V124/><F124/><W21/><G92/><T39/><D39/><U87/><E27/><V76/><F75/><W133/><G133/><T34/><D55/><U33/><E42/><V64/><F64/><W103/><G46/><T0/><D60/><U127/><E127/><V17/><F72/><W61/><G21/><T78/><D78/><U40/><E40/><V125/><F30/><W131/><G131/><T90/><D34/><U19/><E19/><V111/><F76/><W91/><G91/><T43/><D43/><U108/><E108/><V58/><F111/><W47/><G47/><T100/><D100/><U51/><E7/><V16/><F125/><W120/><G120/><T6/><D13/><U85/><E1/><V23/><F23/><W101/><G101/><T104/><D104/><U57/><E63/><V74/><F74/><W70/><G12/><T134/><D134/><U11/><E11/><V4/><REACH who="2" step="1"/><F22/><REACH who="2" ten="190,440,40,320" step="2"/><W52/><G70/><T95/><D71/><U115/><E115/><V2/><F2/><W128/><G128/><T44/><D69/><U26/><E26/><V113/><F113/><RYUUKYOKU ba="1,1" sc="190,0,440,0,40,0,320,0" hai0="0,3,5,6,9,10,44,48,54,88,90,95,97" hai1="32,33,35,50,51,56,57,59,65,66,85,86,87" hai2="4,8,15,16,17,18,36,38,49,58,84,89,93" hai3="20,25,31,52,61,73,79,80,81,83,94,99,103" /><INIT seed="1,2,1,0,4,22" ten="190,440,40,320" oya="1" hai0="94,121,9,102,3,127,27,83,70,7,21,80,67" hai1="16,8,135,55,44,58,108,131,72,53,43,26,56" hai2="115,113,118,69,133,47,95,32,116,40,39,132,12" hai3="124,87,109,29,15,25,92,54,106,5,2,98,17"/><U13/><E72/><V48/><F32/><W52/><G124/><T76/><D127/><U49/><E131/><V4/><F12/><W57/><G109/><T73/><D121/><U107/><E107/><V1/><F4/><W60/><G106/><T62/><D83/><U37/><E135/><N who="2" m="51787" /><F1/><W125/><G125/><T104/><D104/><U0/><E0/><V97/><F97/><W34/><G87/><T89/><D102/><U105/><E105/><V81/><F81/><W126/><G5/><T96/><D21/><U110/><REACH who="1" step="1"/><E26/><REACH who="1" ten="190,430,40,320" step="2"/><V91/><F95/><W50/><G2/><T35/><REACH who="0" step="1"/><D27/><REACH who="0" ten="180,430,40,320" step="2"/><U38/><E38/><V112/><F91/><W14/><G126/><T128/><D128/><U31/><E31/><V86/><F86/><W122/><G122/><T42/><D42/><U61/><AGARI ba="2,3" hai="8,13,16,37,43,44,49,53,55,56,58,61,108,110" machi="61" ten="30,6000,0" yaku="1,1,0,1,54,1,53,0" doraHai="22" doraHaiUra="111" who="1" fromWho="1" sc="180,-22,430,96,40,-22,320,-22" /><INIT seed="1,3,0,1,0,103" ten="158,526,18,298" oya="1" hai0="86,97,9,68,79,44,32,11,46,99,129,89,29" hai1="12,36,61,119,87,94,73,122,15,43,92,111,54" hai2="51,47,100,58,1,30,93,17,55,65,81,134,107" hai3="20,50,77,120,132,41,64,90,82,113,88,4,126"/><U8/><E119/><V70/><F134/><W114/><G120/><T27/><D129/><U123/><E73/><V80/><F1/><W96/><G132/><T85/><D68/><U112/><E112/><V78/><F70/><W105/><G126/><T35/><D79/><U16/><E111/><V33/><F33/><W6/><G64/><T76/><D76/><U2/><E2/><V128/><F128/><W74/><G20/><T108/><D27/><U37/><E43/><V59/><F30/><W135/><G135/><T39/><D39/><U53/><E61/><V23/><F65/><W38/><G50/><T28/><REACH who="0" step="1"/><D89/><REACH who="0" ten="148,526,18,298" step="2"/><U106/><E123/><V130/><F130/><W101/><G90/><T98/><D98/><U5/><E122/><V31/><F31/><W19/><G88/><T131/><D131/><U121/><E37/><V116/><F116/><W125/><G38/><T83/><D83/><N who="2" m="31818" /><F78/><W69/><G82/><T26/><D26/><U14/><E36/><V49/><F107/><W56/><G105/><T48/><D48/><U109/><E106/><V118/><F49/><W24/><G77/><T66/><D66/><U18/><E121/><V71/><F71/><W45/><G69/><T75/><D75/><U110/><E110/><AGARI ba="3,1" hai="9,11,28,29,32,35,44,46,85,86,97,99,108,110" machi="110" ten="25,3200,0" yaku="1,1,22,2,53,0" doraHai="103" doraHaiUra="133" who="0" fromWho="1" sc="148,51,526,-41,18,0,298,0" /><INIT seed="2,0,0,0,1,77" ten="199,485,18,298" oya="2" hai0="13,45,48,61,6,9,112,35,78,79,37,104,102" hai1="16,17,114,76,119,121,106,117,5,11,92,20,83" hai2="69,103,22,97,63,109,12,3,68,113,96,50,125" hai3="110,41,15,80,28,14,30,71,43,123,81,120,126"/><V34/><F113/><W36/><G36/><T53/><D112/><U26/><E114/><V46/><F3/><W73/><G73/><T118/><D118/><U131/><E121/><V91/><F34/><W49/><G49/><T60/><D35/><U134/><E131/><V70/><F125/><W10/><G10/><T25/><D37/><U18/><E106/><V54/><F109/><W87/><G87/><T32/><D104/><U2/><E134/><V129/><F129/><W132/><G71/><T1/><D102/><U59/><E59/><V75/><F75/><W39/><G39/><T66/><D1/><U24/><E92/><V19/><F103/><W23/><G23/><T95/><D95/><U115/><E115/><V99/><REACH who="2" step="1"/><F91/><REACH who="2" ten="199,485,8,298" step="2"/><W64/><G126/><T33/><D33/><U62/><E119/><V21/><F21/><W52/><G110/><T100/><D100/><U40/><E117/><V58/><F58/><W7/><G132/><T55/><D32/><U84/><E20/><V65/><AGARI ba="0,1" hai="12,19,22,46,50,54,63,65,68,69,70,96,97,99" machi="65" ten="30,3000,0" yaku="1,1,0,1,53,0" doraHai="77" doraHaiUra="90" who="2" fromWho="2" sc="199,-10,485,-10,8,40,298,-10" /><INIT seed="2,1,0,3,3,30" ten="189,475,48,288" oya="2" hai0="44,46,103,87,63,7,81,55,84,67,0,22,91" hai1="59,6,60,95,119,33,82,102,115,112,14,62,123" hai2="98,35,135,117,3,65,134,1,127,76,23,130,93" hai3="96,99,118,24,121,45,16,106,15,89,71,116,19"/><V90/><F117/><W8/><G121/><T48/><D103/><U97/><E119/><V100/><F65/><W73/><G71/><T77/><D0/><N who="2" m="74" /><F76/><W78/><G96/><T50/><D7/><U86/><E123/><V12/><F100/><W85/><G78/><T108/><D22/><U129/><E33/><V20/><F12/><W37/><G73/><T110/><D67/><U40/><E40/><V34/><F130/><W128/><G128/><T43/><REACH who="0" step="1"/><D63/><REACH who="0" ten="179,475,48,288" step="2"/><U107/><E62/><V28/><F127/><W2/><G118/><T32/><D32/><N who="2" m="12330" /><F28/><W66/><G116/><T31/><D31/><U64/><E129/><V58/><F58/><W38/><G2/><T92/><AGARI ba="1,1" hai="43,44,46,48,50,55,77,81,84,87,91,92,108,110" machi="92" ten="30,7900,0" yaku="1,1,0,1,53,2" doraHai="30" doraHaiUra="41" who="0" fromWho="0" sc="179,92,475,-21,48,-40,288,-21" /><INIT seed="3,0,0,0,4,112" ten="271,454,8,267" oya="3" hai0="41,81,128,90,3,9,13,18,103,59,22,69,72" hai1="130,27,7,55,23,83,42,125,38,14,73,1,58" hai2="15,129,11,46,133,124,56,51,107,66,40,71,31" hai3="49,2,75,116,20,47,26,12,132,96,63,99,78"/><W134/><G2/><T135/><D69/><U57/><E125/><V123/><F124/><W0/><G0/><T111/><D111/><U77/><E130/><V102/><F129/><W127/><G127/><T30/><D128/><U100/><E100/><V106/><F133/><N who="3" m="51307" /><G63/><T70/><D70/><U60/><E58/><V131/><F131/><W80/><G12/><T101/><D72/><U43/><E1/><V86/><F123/><W94/><G94/><T52/><D41/><U21/><E38/><V89/><F31/><N who="3" m="17863" /><G116/><T39/><D39/><U19/><E7/><V121/><F121/><W117/><G117/><T65/><D65/><U4/><E4/><V36/><F102/><W68/><G68/><T16/><D30/><U113/><E113/><V5/><F71/><W17/><G17/><T64/><D64/><U6/><E6/><V85/><F85/><W92/><G92/><T110/><D110/><U37/><E37/><V61/><F36/><W24/><G24/><N who="0" m="14407" /><D3/><U98/><E98/><V35/><F35/><W32/><G32/><T34/><D34/><U104/><E104/><V53/><F66/><W105/><G105/><T10/><D10/><U108/><E108/><V48/><F61/><W126/><G126/><T91/><D135/><U8/><E8/><V79/><F79/><W82/><G80/><AGARI ba="0,0" hai="5,11,15,40,46,48,51,53,56,80,86,89,106,107" machi="80" ten="30,1000,0" yaku="7,1" doraHai="112" who="2" fromWho="3" sc="271,0,454,0,8,10,267,-10" /><INIT seed="4,0,0,0,2,94" ten="271,454,18,257" oya="0" hai0="13,125,87,2,32,12,10,111,89,118,119,25,61" hai1="76,39,114,53,134,68,116,30,75,85,36,110,124" hai2="41,50,83,127,3,26,133,97,104,77,58,126,120" hai3="16,90,62,100,11,19,117,46,131,35,56,20,47"/><T88/><D125/><N who="2" m="47626" /><F3/><W98/><G117/><T44/><D111/><U0/><E85/><N who="2" m="48367" /><F26/><W103/><G35/><T123/><D123/><U23/><E23/><V91/><F58/><W5/><G131/><T96/><D2/><U79/><E53/><V45/><F50/><W24/><G19/><T42/><D32/><U14/><E14/><V31/><F45/><N who="3" m="16907" /><G90/><T107/><D25/><U22/><E22/><V74/><F41/><W57/><G62/><T115/><D61/><U112/><E30/><V73/><F31/><W64/><G64/><T84/><D107/><U54/><E54/><V65/><F65/><W52/><G103/><T21/><D44/><U106/><E79/><V15/><F15/><N who="3" m="5615" /><G52/><T82/><D21/><U121/><E76/><V70/><F70/><W38/><G38/><T69/><D69/><U4/><E4/><V6/><F6/><W17/><G17/><T102/><D42/><U60/><E60/><V9/><F9/><W129/><G129/><T99/><D10/><U92/><E92/><AGARI ba="0,0" hai="16,20,24,56,57,92,98,100" m="5615,16907" machi="92" ten="30,3900,0" yaku="8,1,52,1,54,1" doraHai="94" who="3" fromWho="1" sc="271,0,454,-39,18,0,257,39" /><INIT seed="5,0,0,4,4,95" ten="271,415,18,296" oya="1" hai0="114,1,75,119,8,67,48,132,24,117,10,105,36" hai1="25,78,104,128,14,70,31,93,33,120,80,92,76" hai2="16,123,56,100,99,66,32,113,108,131,90,107,106" hai3="97,3,124,118,6,4,60,79,5,54,44,47,96"/><U130/><E120/><V53/><F108/><W82/><G118/><T21/><D36/><U38/><E38/><V71/><F123/><W13/><G3/><T81/><D105/><U112/><E112/><V2/><F2/><W45/><G124/><T115/><D67/><U87/><E104/><V18/><F131/><N who="1" m="50217" /><E70/><V22/><F32/><W46/><G13/><T111/><D48/><U62/><E62/><V17/><F107/><W74/><N who="3" m="11264" /><DORA hai="116" /><W121/><REACH who="3" step="1"/><G121/><REACH who="3" ten="271,415,18,286" step="2"/><T77/><D111/><U35/><E14/><V39/><F39/><W23/><G23/><T68/><D119/><U37/><E37/><V73/><F22/><W15/><G15/><T34/><D117/><U86/><E35/><V42/><F42/><W85/><G85/><T102/><D34/><U127/><E127/><V61/><F73/><W101/><G101/><T110/><D110/><U126/><E126/><V11/><F113/><W63/><G63/><T91/><D102/><U51/><E51/><V122/><F122/><W103/><G103/><T20/><D20/><U50/><E50/><V94/><F11/><W134/><G134/><T58/><D132/><U0/><E0/><V19/><N who="2" m="4096" /><DORA hai="12" /><V89/><REACH who="2" step="1"/><F106/><REACH who="2" ten="271,415,8,286" step="2"/><W52/><G52/><T43/><D43/><U84/><E78/><V30/><F30/><W83/><G83/><T28/><D1/><U72/><AGARI ba="0,2" hai="25,31,33,72,76,80,84,86,87,92,93" m="50217" machi="72" ten="30,1500,0" yaku="19,1" doraHai="95,116,12" who="1" fromWho="1" sc="271,-5,415,35,8,-5,286,-5" /><INIT seed="5,1,0,5,0,117" ten="266,450,3,281" oya="1" hai0="14,52,126,118,38,112,102,94,76,84,105,123,57" hai1="62,40,27,95,106,13,64,111,89,69,43,67,54" hai2="91,58,66,68,1,79,37,130,59,99,101,60,21" hai3="81,108,109,83,90,53,30,70,17,7,119,47,12"/><U33/><E106/><V51/><F1/><W127/><G119/><T42/><D118/><U48/><E111/><V132/><F79/><W133/><G127/><T24/><D126/><U34/><E67/><V113/><F91/><W31/><G70/><T128/><D112/><U39/><E13/><V2/><F2/><W107/><G107/><T135/><D105/><U23/><E34/><V78/><F78/><W18/><G133/><T11/><D38/><U80/><E33/><V19/><F37/><W61/><G108/><T10/><D42/><U110/><E39/><V98/><F132/><W75/><G75/><T63/><D135/><U115/><E115/><V65/><F113/><W55/><G55/><T25/><D128/><U44/><E80/><N who="3" m="30794" /><G90/><N who="0" m="53575" /><D76/><U73/><E73/><V116/><F116/><W29/><G109/><T122/><D11/><U92/><E110/><V74/><F74/><W9/><G61/><T124/><D102/><U56/><E69/><V114/><F114/><W72/><G72/><T15/><D15/><U121/><E121/><N who="0" m="46089" /><D124/><U129/><E129/><V77/><F77/><W100/><G100/><T104/><D104/><U134/><E134/><V49/><F130/><W85/><G85/><T6/><AGARI ba="1,0" hai="6,10,14,24,25,52,57,63" m="46089,53575" machi="6" ten="30,8000,1" yaku="13,1,52,3,54,1" doraHai="117" who="0" fromWho="0" sc="266,83,450,-41,3,-21,281,-21" owari="349,15.0,409,51.0,-18,-52.0,260,-14.0" /></mjloggm>