<mjloggm ver="2.3"><GO type="169" lobby="0"/><UN n0="%E3%82%88%E3%81%93%40%63" n1="%E6%88%B0%E8%89%A6%E3%83%AC%E7%B4%9A" n2="%E4%B9%BE%E5%9D%A4%E5%8D%81%E4%BA%94%E6%93%B2" n3="%73%69%6E%34%36" dan="17,16,16,16" rate="2140.89,2130.24,2134.78,2162.37" sx="F,F,M,M"/><TAIKYOKU oya="0"/><INIT seed="0,0,0,0,1,99" ten="250,250,250,250" oya="0" hai0="29,101,48,23,123,117,8,20,46,38,85,104,49" hai1="63,43,84,112,0,122,35,33,133,79,37,125,75" hai2="11,129,97,72,115,128,27,50,44,42,82,80,134" hai3="90,76,61,57,10,73,31,107,118,113,110,21,70"/><T32/><D123/><U2/><E122/><V86/><F115/><W111/><G70/><T59/><D117/><U103/><E84/><V127/><F127/><W106/><G73/><T67/><D38/><U93/><E93/><V19/><F134/><W68/><G68/><T120/><D32/><U96/><E133/><V87/><F72/><W47/><G76/><T109/><D120/><U3/><E63/><V69/><F69/><W74/><G74/><T40/><D8/><U100/><E100/><V119/><F119/><W65/><G47/><T14/><D14/><U12/><E12/><V102/><F11/><W83/><G10/><T108/><D29/><U52/><E52/><N who="2" m="29767" /><F19/><W91/><G107/><T58/><D85/><N who="2" m="32266" /><F27/><W121/><G106/><T78/><D78/><U92/><E125/><V132/><F42/><W124/><G124/><T13/><D13/><U15/><E15/><V62/><F132/><W77/><G118/><T60/><D20/><U88/><E112/><V26/><F26/><W81/><G21/><T24/><D58/><U94/><E43/><V5/><F5/><W53/><G57/><T34/><D49/><U7/><E7/><V64/><F62/><W30/><G61/><T98/><REACH who="0" step="1"/><D34/><REACH who="0" ten="240,250,250,250" step="2"/><U95/><E37/><V22/><F22/><W16/><G121/><T66/><D66/><U9/><E35/><V41/><F64/><W135/><G65/><T4/><D4/><N who="1" m="1183" /><E33/><V25/><F25/><W71/><G113/><T54/><D54/><U56/><E56/><V17/><F41/><W126/><G135/><T28/><AGARI ba="0,1" hai="23,24,28,40,46,48,59,60,67,98,101,104,108,109" machi="28" ten="30,11700,0" yaku="1,1,0,1,52,1,53,1" doraHai="99" doraHaiUra="55" who="0" fromWho="0" sc="240,127,250,-39,250,-39,250,-39" /><INIT seed="0,1,0,5,0,94" ten="367,211,211,211" oya="0" hai0="84,95,121,30,17,132,81,130,116,58,113,98,51" hai1="27,46,123,133,117,124,34,2,126,86,93,5,73" hai2="37,11,20,129,31,134,63,78,3,32,26,75,52" hai3="107,91,67,28,15,72,90,79,127,6,21,47,87"/><T56/><D116/><U101/><E117/><V96/><F134/><W103/><G67/><T66/><D132/><U105/><E133/><V100/><F129/><W4/><G91/><N who="0" m="55679" /><D130/><U39/><E123/><V43/><F78/><W33/><G33/><T125/><D113/><U82/><E34/><V60/><F75/><W83/><G127/><T104/><D104/><U80/><E27/><V102/><F102/><W18/><G28/><T42/><D30/><U16/><E82/><V41/><F32/><W99/><REACH who="3" step="1"/><G47/><REACH who="3" ten="367,211,211,201" step="2"/><N who="0" m="26103" /><D66/><U19/><E124/><V1/><F31/><W62/><G62/><T57/><D125/><U48/><E126/><V68/><F63/><W64/><G64/><T44/><D121/><U120/><E120/><V22/><F60/><W7/><G7/><T106/><D44/><U76/><E46/><V122/><F122/><W36/><G36/><T38/><D38/><U118/><E39/><V40/><F37/><W55/><G55/><T61/><D61/><U0/><E118/><V115/><F52/><W88/><G88/><N who="0" m="51215" /><D17/><U89/><E48/><V97/><F115/><W45/><G45/><T24/><D24/><U10/><E2/><V92/><F1/><W128/><G128/><T135/><D135/><U35/><E35/><V112/><F3/><W71/><G71/><T8/><D8/><U9/><E10/><V54/><F11/><W74/><G74/><T49/><D49/><U70/><E70/><V77/><F68/><W65/><G65/><T59/><D59/><U50/><E50/><V23/><F43/><W69/><G69/><T110/><D110/><RYUUKYOKU ba="1,1" sc="367,10,211,10,211,-30,201,10" hai0="56,57,58,106" hai1="0,5,9,16,19,73,76,80,86,89,93,101,105" hai3="4,6,15,18,21,72,79,83,87,90,99,103,107" /><INIT seed="0,2,1,0,1,106" ten="377,221,181,211" oya="0" hai0="13,131,23,50,105,63,55,83,34,7,22,68,111" hai1="77,82,113,12,104,109,65,135,16,134,74,49,9" hai2="96,132,51,95,39,121,93,91,122,36,14,33,126" hai3="115,127,69,11,102,76,128,119,90,29,60,67,112"/><T41/><D105/><U27/><E109/><V124/><F33/><W107/><G119/><T15/><D34/><U46/><E104/><V72/><F132/><N who="1" m="50729" /><E113/><V45/><F72/><W8/><G90/><T58/><D111/><U0/><E65/><V73/><F73/><W43/><G43/><T4/><D131/><U87/><E0/><V62/><F62/><W84/><G128/><T98/><D98/><U32/><E87/><V52/><F14/><N who="0" m="5130" /><D68/><U5/><E32/><V42/><F95/><W80/><G115/><T28/><D83/><U130/><E130/><V54/><F54/><W6/><G112/><T35/><D35/><U79/><E79/><V66/><F66/><W118/><G67/><N who="0" m="39415" /><D41/><N who="1" m="24783" /><E27/><V78/><F78/><W3/><G76/><T97/><D97/><U101/><E101/><V56/><REACH who="2" step="1"/><F36/><REACH who="2" ten="377,221,171,211" step="2"/><W1/><G1/><T19/><D55/><U70/><E70/><V129/><F129/><W64/><G3/><T48/><D4/><AGARI ba="2,2" hai="4,5,9,12,16,74,77,82" m="24783,50729" machi="4" ten="30,3900,0" yaku="20,1,52,1,54,1" doraHai="106" who="1" fromWho="0" sc="377,-45,221,65,171,0,211,0" /><INIT seed="1,0,0,2,3,30" ten="332,286,171,211" oya="1" hai0="81,46,72,21,28,82,132,8,47,85,91,123,90" hai1="89,35,55,88,49,108,2,36,67,57,70,103,106" hai2="6,102,63,64,77,26,94,129,7,18,34,19,60" hai3="95,86,44,124,50,29,135,0,45,22,25,121,84"/><U128/><E2/><V122/><F122/><W27/><G0/><T31/><D123/><U53/><E36/><V118/><F118/><W104/><G104/><T78/><D132/><U24/><E128/><V23/><F129/><W16/><G121/><T62/><D8/><U96/><E53/><V73/><F73/><W98/><G135/><T131/><D131/><U92/><E92/><V14/><F77/><W97/><G124/><T12/><D91/><U127/><E127/><V48/><F48/><W39/><G39/><T15/><D62/><N who="1" m="40311" /><E108/><V99/><F63/><W93/><G97/><T130/><D130/><U126/><E126/><V66/><F66/><W38/><G93/><T4/><D4/><U13/><E13/><V133/><F133/><W37/><G45/><N who="0" m="16907" /><D72/><U9/><E9/><V59/><F34/><W40/><G38/><T58/><D58/><U107/><E107/><V51/><REACH who="2" step="1"/><F51/><REACH who="2" ten="332,286,161,211" step="2"/><W134/><G134/><T20/><D78/><U17/><E17/><V76/><F76/><W41/><G37/><T83/><D12/><U10/><E10/><AGARI ba="0,1" hai="6,7,10,14,18,19,23,26,59,60,64,94,99,102" machi="10" ten="30,3900,0" yaku="1,1,7,1,8,1,53,0" doraHai="30" doraHaiUra="113" who="2" fromWho="1" sc="332,0,286,-39,161,49,211,0" /><INIT seed="2,0,0,5,5,59" ten="332,247,210,211" oya="2" hai0="37,77,93,10,120,14,1,11,82,70,84,135,68" hai1="94,54,7,32,87,0,122,128,23,81,46,116,60" hai2="62,88,26,119,45,113,102,53,71,115,52,76,99" hai3="106,30,4,21,104,63,110,57,38,69,19,29,40"/><V48/><F119/><W6/><G69/><T67/><D120/><U105/><E116/><V133/><F133/><W47/><G110/><T13/><D1/><U22/><E105/><V124/><F124/><W123/><G123/><T66/><D37/><U126/><E122/><V107/><F76/><W108/><G108/><T9/><D135/><U95/><E32/><V27/><F115/><W74/><G74/><T132/><D132/><U8/><E46/><V3/><F3/><W73/><G73/><T114/><D114/><U101/><E101/><V50/><F113/><W16/><G104/><T75/><D75/><U97/><E95/><V17/><F17/><W5/><G106/><T90/><D70/><U39/><E39/><V79/><F79/><W49/><G38/><T36/><D36/><U103/><E128/><V109/><F109/><W51/><G51/><T112/><D112/><U127/><E127/><V35/><F35/><W28/><REACH who="3" step="1"/><G21/><REACH who="3" ten="332,247,210,201" step="2"/><T64/><D68/><U134/><E126/><V18/><F71/><W43/><G43/><T131/><D131/><U25/><E134/><V83/><F107/><W58/><G58/><T89/><D77/><U78/><E23/><V86/><F50/><W118/><G118/><T15/><D90/><U85/><E22/><V111/><F111/><W91/><G91/><T2/><D2/><U20/><E20/><V34/><F48/><W129/><G129/><T41/><D41/><U96/><E0/><V44/><F88/><W33/><G33/><T65/><N who="0" m="16384" /><DORA hai="121" /><T12/><N who="0" m="3072" /><DORA hai="98" /><T61/><D82/><U117/><E81/><RYUUKYOKU ba="0,1" sc="332,15,247,-15,210,-15,201,15" hai0="9,10,11,61,84,89,93" hai3="4,5,6,16,19,28,29,30,40,47,49,57,63" /><INIT seed="3,1,1,1,2,17" ten="347,232,195,216" oya="3" hai0="49,97,96,38,43,120,104,68,118,124,55,99,61" hai1="133,42,37,93,92,54,88,31,46,19,83,24,77" hai2="123,113,128,48,66,20,112,34,53,135,75,130,0" hai3="5,72,47,6,65,134,100,8,58,25,114,78,13"/><W7/><G114/><T91/><D120/><U111/><E111/><V125/><F66/><W127/><G134/><T98/><D118/><U57/><E19/><V35/><F75/><W109/><G127/><T85/><D124/><U82/><E92/><V11/><F125/><W131/><G100/><T59/><D104/><U14/><E14/><V116/><F116/><W73/><G131/><N who="2" m="50217" /><F123/><W122/><G122/><T27/><D38/><U26/><E133/><V63/><F63/><W108/><G47/><N who="0" m="25855" /><D68/><U10/><E10/><V52/><F135/><W107/><G107/><T95/><D27/><U45/><E45/><V36/><F36/><W84/><G84/><AGARI ba="1,1" hai="55,59,61,84,85,91,95,96,97,98,99" m="25855" machi="84" ten="30,1000,0" yaku="8,1" doraHai="17" who="0" fromWho="3" sc="347,23,232,0,195,0,216,-13" /><INIT seed="4,0,0,1,2,74" ten="370,232,195,203" oya="0" hai0="90,39,105,13,16,66,83,77,37,59,93,122,134" hai1="86,82,81,70,14,98,46,1,60,130,101,11,12" hai2="92,97,49,120,6,117,3,22,107,128,42,29,79" hai3="26,36,53,35,91,7,69,0,62,32,133,34,100"/><T9/><D105/><U18/><E130/><V57/><F120/><W21/><G36/><T28/><D134/><U131/><E131/><V73/><F107/><W51/><G100/><T111/><D122/><U5/><E81/><V129/><F117/><W31/><G133/><T89/><D111/><U19/><E46/><V20/><F6/><W87/><G0/><T95/><D28/><U118/><E118/><V125/><F3/><W132/><G7/><T126/><D126/><U40/><E40/><V41/><F125/><W115/><G115/><T71/><D71/><U23/><E1/><V45/><F42/><W38/><G38/><T112/><D112/><U43/><E43/><V68/><F68/><W80/><G132/><T84/><D90/><U58/><E5/><V123/><F123/><W76/><G62/><T109/><D95/><U4/><E4/><V52/><F129/><W48/><G69/><T113/><D113/><U110/><E110/><V104/><F104/><W8/><G8/><T33/><D33/><U10/><E23/><V119/><F119/><W44/><REACH who="3" step="1"/><G48/><REACH who="3" ten="370,232,195,193" step="2"/><T67/><D109/><U56/><E70/><V25/><F128/><W54/><G54/><T94/><D37/><U64/><E60/><V24/><F24/><W116/><G116/><T102/><D39/><U72/><E64/><V108/><F108/><W15/><G15/><T47/><D67/><U106/><REACH who="1" step="1"/><E72/><REACH who="1" ten="370,222,195,193" step="2"/><V55/><F73/><W127/><G127/><T99/><D66/><U78/><AGARI ba="0,2" hai="10,11,12,14,18,19,56,58,78,82,86,98,101,106" machi="78" ten="20,12000,2" yaku="1,1,2,1,0,1,7,1,9,1,52,1,53,0" doraHai="74" doraHaiUra="65" who="1" fromWho="1" sc="370,-60,222,140,195,-30,193,-30" /><INIT seed="5,0,0,1,2,81" ten="310,362,165,163" oya="1" hai0="25,56,52,55,75,62,30,35,119,36,13,96,106" hai1="54,79,60,15,100,50,8,128,51,0,32,12,10" hai2="76,49,28,11,120,68,39,45,85,97,71,69,114" hai3="109,4,66,47,58,67,43,3,133,92,102,129,64"/><U94/><E128/><V132/><F120/><W118/><G109/><T57/><D119/><U72/><E32/><V53/><F132/><W42/><G129/><T44/><D75/><U31/><E31/><V116/><F116/><W99/><G133/><T70/><D70/><U127/><E127/><V123/><F123/><W122/><G122/><T84/><D13/><U95/><E60/><V101/><F114/><W18/><G118/><T111/><D111/><U121/><E121/><V93/><F39/><W87/><G3/><T38/><D44/><U98/><E94/><V1/><F28/><W6/><G58/><T135/><D135/><U117/><E0/><V112/><F112/><W48/><G43/><T19/><D19/><U103/><E103/><V59/><F1/><W105/><G105/><T24/><D24/><U91/><E12/><V113/><F113/><W90/><REACH who="3" step="1"/><G18/><REACH who="3" ten="310,362,165,153" step="2"/><T130/><D130/><U16/><E16/><V26/><F59/><W115/><G115/><T65/><D57/><U9/><E117/><V63/><F71/><W108/><G108/><T74/><D106/><U89/><E9/><V41/><F69/><W34/><G34/><T27/><D35/><U73/><E8/><V14/><F68/><W5/><G5/><T46/><D56/><U23/><E10/><V126/><F11/><W131/><G131/><T37/><D30/><U2/><E2/><V88/><F41/><W7/><G7/><T40/><D40/><U29/><E29/><V124/><F124/><W134/><G134/><T20/><D62/><U80/><E23/><V86/><F63/><RYUUKYOKU ba="0,1" sc="310,-10,362,-10,165,-10,153,30" hai3="4,6,42,47,48,64,66,67,87,90,92,99,102" /><INIT seed="6,1,1,2,4,49" ten="300,352,155,183" oya="2" hai0="83,62,88,131,51,56,36,30,86,52,72,103,99" hai1="127,97,10,133,73,121,33,79,75,23,112,104,18" hai2="54,89,9,71,130,78,115,125,43,50,47,64,44" hai3="111,67,29,120,116,48,124,13,74,32,6,4,107"/><V14/><F78/><W22/><G107/><T91/><D36/><U101/><E33/><V17/><F115/><W122/><G74/><T109/><D109/><U100/><E10/><V128/><F125/><W106/><G106/><T129/><D72/><U84/><E18/><V1/><F1/><W42/><G32/><T102/><D30/><U31/><E23/><V119/><F119/><W0/><G67/><N who="0" m="39367" /><D91/><U94/><E31/><V40/><F64/><W135/><G48/><T96/><D129/><N who="2" m="49770" /><F71/><W45/><G13/><T117/><D117/><U118/><E118/><V19/><F19/><W114/><G6/><T90/><D131/><U66/><E66/><V81/><F47/><W8/><G45/><N who="0" m="27759" /><D90/><U76/><E75/><V53/><F43/><W134/><G42/><T38/><D38/><U41/><E41/><V27/><F27/><W37/><G37/><T57/><D57/><U87/><E73/><V123/><F123/><W15/><G116/><T3/><D3/><U69/><E121/><V92/><F81/><W68/><G68/><T132/><D132/><N who="3" m="50729" /><G122/><T61/><D61/><U24/><E69/><V28/><F28/><W108/><G120/><T65/><D65/><U95/><E133/><V126/><F126/><W2/><G124/><T25/><D25/><U34/><E127/><V39/><F39/><W70/><G70/><T82/><D83/><U46/><E24/><V93/><F93/><W55/><G111/><T59/><D59/><U63/><E95/><V105/><F105/><W7/><G108/><T113/><D113/><U80/><E112/><V77/><F77/><RYUUKYOKU ba="1,1" sc="300,15,352,-15,155,15,183,-15" hai0="82,86,88,96,99,102,103" hai2="9,14,17,40,44,50,53,54,89,92" /><INIT seed="6,2,1,3,5,103" ten="315,337,170,168" oya="2" hai0="38,2,132,20,130,22,69,39,106,122,71,24,104" hai1="35,30,111,47,81,95,134,86,3,133,28,126,45" hai2="101,77,4,119,128,9,102,84,29,110,99,32,64" hai3="87,26,114,91,66,74,59,60,82,100,8,97,72"/><V120/><F120/><W6/><G26/><T80/><D24/><N who="1" m="18823" /><E111/><V52/><F119/><W34/><G34/><T31/><D122/><U131/><E3/><V65/><F128/><W123/><G114/><T36/><D31/><U121/><E121/><V63/><F110/><W73/><G123/><T54/><D2/><U50/><E131/><V129/><F129/><W58/><G58/><T25/><D130/><U94/><E30/><V88/><F29/><W113/><G113/><T79/><D25/><U117/><E117/><V85/><F32/><W68/><G68/><N who="0" m="26187" /><D54/><N who="1" m="30031" /><E47/><V115/><F115/><W62/><G62/><T37/><D37/><U98/><E98/><V27/><F27/><W135/><G135/><N who="1" m="51722" /><E126/><V67/><F99/><W1/><REACH who="3" step="1"/><G73/><REACH who="3" ten="315,337,170,158" step="2"/><T0/><D132/><U46/><E46/><V13/><F85/><W108/><G108/><T33/><D33/><U12/><E12/><V11/><F77/><AGARI ba="2,2" hai="77,81,86,94,95" m="51722,30031,18823" machi="77" ten="30,1000,0" yaku="20,1" doraHai="103" who="1" fromWho="2" sc="315,0,337,36,170,-16,158,0" /><INIT seed="7,0,0,5,2,6" ten="315,373,154,158" oya="3" hai0="86,35,117,15,50,1,127,44,91,71,41,105,28" hai1="118,90,17,8,38,51,10,68,74,11,102,59,27" hai2="45,64,58,80,61,82,54,65,0,116,88,133,107" hai3="126,53,40,129,13,12,33,87,109,32,76,9,124"/><W119/><G119/><T4/><D117/><U21/><E118/><V94/><F107/><W77/><G40/><T134/><D105/><U52/><E74/><V43/><F0/><W46/><G129/><T18/><D71/><U106/><E106/><V75/><F133/><W60/><G109/><T47/><D134/><U92/><E102/><V23/><F116/><W57/><G46/><T96/><D127/><N who="3" m="48681" /><G13/><T108/><D96/><N who="1" m="57367" /><E68/><V5/><F5/><N who="3" m="3119" /><G87/><T95/><D108/><U113/><E38/><V89/><F75/><W34/><AGARI ba="0,0" hai="32,33,34,53,57,60,76,77" m="3119,48681" machi="34" ten="40,3900,0" yaku="18,1,52,1" doraHai="6" who="3" fromWho="3" sc="315,-13,373,-13,154,-13,158,39" /><INIT seed="7,1,0,3,1,119" ten="302,360,141,197" oya="3" hai0="28,120,61,116,91,68,34,111,106,98,10,2,57" hai1="102,12,99,39,77,130,21,3,18,40,50,107,84" hai2="117,55,123,75,108,44,89,132,8,93,60,9,101" hai3="19,52,81,118,59,53,95,104,49,20,121,7,25"/><W134/><G104/><T69/><D116/><U26/><E3/><V67/><F117/><W125/><G118/><T29/><D57/><U133/><E39/><V73/><F101/><W43/><G125/><T94/><D111/><U54/><E40/><V64/><F108/><W13/><G134/><T56/><D2/><U113/><E113/><V62/><F132/><W6/><G43/><T80/><D106/><U32/><E133/><V37/><F37/><W78/><G121/><T92/><D80/><U42/><E42/><V87/><F123/><W1/><G1/><T97/><D10/><U63/><E63/><V48/><F73/><W45/><G95/><T128/><D128/><U76/><E84/><V115/><F75/><W90/><G90/><T22/><D22/><U16/><E32/><V131/><F131/><W51/><REACH who="3" step="1"/><G25/><REACH who="3" ten="302,360,141,187" step="2"/><T100/><D120/><U124/><E124/><V46/><F115/><W0/><G0/><T126/><D126/><U47/><E130/><V112/><F112/><W72/><AGARI ba="1,1" hai="6,7,13,19,20,45,49,51,52,53,59,72,78,81" machi="72" ten="20,7800,0" yaku="1,1,0,1,7,1,54,1,53,0" doraHai="119" doraHaiUra="4" who="3" fromWho="3" sc="302,-27,360,-27,141,-27,187,91" /><INIT seed="7,2,0,5,5,38" ten="275,333,114,278" oya="3" hai0="63,16,72,37,76,110,30,39,20,17,66,61,59" hai1="15,48,92,29,69,10,100,87,79,132,82,78,84" hai2="88,2,57,104,35,45,118,68,125,21,13,32,31" hai3="28,65,129,83,115,123,106,73,43,95,40,91,12"/><W27/><G123/><T4/><D110/><U94/><E69/><V127/><F118/><W14/><G106/><T121/><D121/><U56/><E132/><V41/><F104/><W60/><G115/><T8/><D30/><U24/><E100/><V3/><F68/><W89/><G129/><T116/><D116/><U47/><E56/><V23/><F57/><W0/><G0/><T52/><D76/><N who="1" m="29227" /><E24/><V5/><F88/><W85/><G73/><T124/><D72/><U42/><E29/><V112/><F112/><W26/><G65/><T54/><D124/><U117/><E117/><V122/><F122/><W96/><G60/><T44/><D17/><N who="1" m="8439" /><E84/><V11/><F45/><W98/><G98/><T18/><D18/><U126/><E126/><N who="2" m="48139" /><F41/><N who="3" m="15947" /><G26/><N who="0" m="14599" /><D39/><U51/><E51/><V77/><F77/><AGARI ba="2,0" hai="42,47,48,77,82,87,92,94" m="8439,29227" machi="77" ten="30,2000,0" yaku="8,1,52,1" doraHai="38" who="1" fromWho="2" sc="275,0,333,26,114,-26,278,0" owari="275,-12.0,359,45.0,88,-41.0,278,8.0" /></mjloggm>