<mjloggm ver="2.3"><GO type="169" lobby="0"/><UN n0="%E6%9C%A8%E6%BC%8F%E3%82%8C%E6%97%A5" n1="%E3%81%A4%E3%82%89%E3%81%84%E3%80%82" n2="%E3%81%BF%E3%81%A3%E3%81%8D%E3%83%BC" n3="%E5%A4%A9%E7%A5%9E%E9%B3%B3%E4%BD%8D" dan="17,16,17,16" rate="2237.04,2083.37,2199.78,2147.86" sx="M,M,M,M"/><TAIKYOKU oya="0"/><INIT seed="0,0,0,3,0,61" ten="250,250,250,250" oya="0" hai0="96,112,63,77,102,65,73,118,53,123,94,100,105" hai1="115,3,124,135,35,62,41,122,97,72,89,119,4" hai2="78,116,75,15,33,17,44,22,11,76,80,34,111" hai3="99,68,82,84,27,56,1,87,126,43,71,128,131"/><T24/><D112/><U54/><E72/><V103/><F111/><W50/><G1/><T93/><D118/><U38/><E35/><V40/><F116/><W19/><G126/><T55/><D123/><U47/><E119/><V13/><F103/><W36/><G36/><T67/><D105/><U32/><E32/><V5/><REACH who="2" step="1"/><F78/><REACH who="2" ten="250,250,240,250" step="2"/><W125/><G125/><T57/><D77/><U132/><E124/><V109/><F109/><W29/><G128/><T106/><D73/><U113/><E122/><V45/><F45/><W10/><G131/><T83/><D102/><U14/><E115/><V79/><F79/><W30/><G82/><T18/><D83/><U37/><E113/><V12/><F12/><W42/><G27/><T26/><D26/><U101/><E101/><V114/><F114/><W7/><G43/><T74/><D74/><U133/><E14/><V91/><F91/><W58/><G42/><T52/><REACH who="0" step="1"/><D67/><REACH who="0" ten="240,250,240,250" step="2"/><U9/><E133/><V108/><F108/><W66/><G66/><T127/><D127/><U60/><E132/><V59/><F59/><W23/><G56/><T129/><D129/><U46/><E135/><V86/><F86/><W16/><G58/><T70/><D70/><U51/><E97/><V6/><F6/><W48/><G7/><T107/><D107/><U92/><E89/><V64/><F64/><W69/><G71/><T21/><AGARI ba="0,2" hai="18,21,24,52,53,55,57,63,65,93,94,96,100,106" machi="21" ten="30,18000,2" yaku="1,1,0,1,52,1,54,1,53,2" doraHai="61" doraHaiUra="90" who="0" fromWho="0" sc="240,200,250,-60,240,-60,250,-60" /><INIT seed="0,1,0,4,4,22" ten="440,190,180,190" oya="0" hai0="51,134,49,110,60,128,97,4,55,69,29,23,38" hai1="13,132,109,20,98,124,72,119,64,34,5,48,28" hai2="85,106,8,61,80,68,76,11,83,19,15,24,99" hai3="27,63,46,31,101,107,93,42,37,2,82,112,88"/><T116/><D116/><U74/><E119/><V118/><F118/><W14/><G112/><T0/><D38/><U41/><E109/><V87/><F106/><W65/><G2/><T84/><D110/><U58/><E34/><V67/><F99/><W114/><G114/><T102/><D128/><U94/><E124/><V130/><F130/><W100/><G14/><T95/><D134/><U32/><E32/><V47/><F47/><W36/><G82/><T71/><D51/><U115/><E115/><V92/><F92/><W79/><G79/><T86/><D4/><U62/><E132/><V117/><F117/><W108/><G107/><T123/><D0/><U39/><E39/><V104/><F104/><W30/><G30/><T111/><D123/><U7/><E74/><V45/><F45/><W126/><G126/><T52/><D71/><U121/><E72/><V40/><F40/><W135/><G37/><T33/><D33/><U127/><E121/><V81/><F24/><W75/><G75/><T25/><D111/><U9/><E127/><V17/><F85/><N who="3" m="52367" /><G135/><T35/><D35/><U44/><E5/><V122/><F122/><W50/><G36/><T89/><D86/><U78/><E78/><V131/><F131/><W103/><G108/><T26/><D26/><N who="1" m="16455" /><E94/><V73/><F73/><W3/><G3/><T12/><D12/><AGARI ba="1,0" hai="8,11,12,15,17,19,61,67,68,76,80,81,83,87" machi="12" ten="40,1300,0" yaku="9,1" doraHai="22" who="2" fromWho="0" sc="440,-16,190,0,180,16,190,0" /><INIT seed="1,0,0,1,4,1" ten="424,190,196,190" oya="1" hai0="101,4,0,24,32,91,92,39,102,111,122,30,84" hai1="10,115,94,128,106,48,3,38,114,12,85,96,22" hai2="60,63,47,99,43,53,105,74,130,71,36,61,88" hai3="27,35,78,31,26,125,87,70,23,40,28,90,18"/><U16/><E38/><V76/><F130/><W21/><G125/><T62/><D39/><U15/><E128/><V56/><F74/><W121/><G121/><T119/><D119/><U98/><E3/><V64/><F76/><W81/><G70/><T131/><D131/><U51/><E106/><V77/><F77/><W5/><G40/><T45/><D111/><U104/><E104/><V66/><F105/><W109/><G109/><T123/><D45/><U13/><E114/><V120/><F120/><N who="0" m="46122" /><D62/><N who="2" m="24170" /><F99/><N who="1" m="37929" /><E115/><V113/><F88/><W54/><G54/><T29/><D29/><U20/><E13/><V134/><F134/><W118/><G118/><T67/><D67/><N who="2" m="25642" /><F113/><W41/><G41/><T69/><D69/><AGARI ba="0,0" hai="36,43,47,53,56,63,69,71" m="25642,24170" machi="69" ten="30,8000,1" yaku="35,5" doraHai="1" who="2" fromWho="0" sc="424,-80,190,0,196,80,190,0" /><INIT seed="2,0,0,0,5,36" ten="344,190,276,190" oya="2" hai0="81,108,39,1,53,24,130,79,20,11,19,21,9" hai1="13,107,65,45,97,124,40,0,102,29,61,119,135" hai2="88,5,90,125,74,3,89,129,85,8,127,58,87" hai3="63,55,106,56,117,27,105,83,15,23,101,70,41"/><V14/><F74/><W133/><G117/><T99/><D108/><U113/><E119/><V67/><F129/><W28/><G133/><T86/><D130/><U4/><E135/><V52/><F67/><W47/><G70/><T54/><D39/><N who="1" m="21663" /><E13/><V71/><F71/><W95/><G83/><T77/><D1/><U94/><E94/><V80/><F3/><W84/><G15/><N who="0" m="9343" /><D79/><U43/><E29/><V123/><F123/><W112/><G112/><T93/><D11/><N who="1" m="2439" /><E43/><V116/><F116/><W38/><G84/><T111/><D9/><U128/><E128/><V42/><F42/><W131/><G131/><T62/><D111/><U35/><E35/><V46/><F46/><W122/><G122/><T2/><D2/><U48/><E48/><V91/><REACH who="2" step="1"/><F87/><REACH who="2" ten="344,190,266,190" step="2"/><W49/><G38/><T69/><D69/><N who="1" m="42159" /><E113/><V59/><F59/><W73/><G41/><T26/><D86/><U34/><E34/><V66/><F66/><N who="3" m="39271" /><G73/><T100/><D54/><U75/><E75/><V57/><F57/><W50/><G49/><AGARI ba="0,1" hai="5,8,14,49,52,58,80,85,88,89,90,91,125,127" machi="49" ten="40,12000,1" yaku="1,1,54,2,53,1" doraHai="36" doraHaiUra="10" who="2" fromWho="3" sc="344,0,190,0,266,130,190,-120" /><INIT seed="2,1,0,1,2,131" ten="344,190,396,70" oya="2" hai0="45,21,25,112,63,13,18,119,124,120,70,103,99" hai1="56,89,101,65,53,46,85,94,33,74,24,37,84" hai2="100,130,19,97,111,88,35,14,8,115,0,126,82" hai3="127,134,98,113,47,60,15,75,106,133,6,83,67"/><V71/><F115/><W10/><G113/><T62/><D112/><U2/><E74/><V69/><F35/><W76/><G127/><T55/><D120/><U28/><E2/><V41/><F126/><W72/><G47/><T43/><D124/><U22/><E101/><V7/><F130/><W104/><G75/><T86/><D119/><U107/><E107/><V122/><F122/><W16/><G6/><T118/><D118/><U32/><E65/><V11/><F111/><W59/><G98/><T110/><D110/><U12/><E84/><V114/><F114/><W68/><G68/><T105/><D70/><U135/><E135/><AGARI ba="1,0" hai="10,15,16,59,60,67,72,76,83,104,106,133,134,135" machi="135" ten="40,8000,1" yaku="20,1,52,3,54,1" doraHai="131" who="3" fromWho="1" sc="344,0,190,-83,396,0,70,83" /><INIT seed="3,0,0,0,4,108" ten="344,107,396,153" oya="3" hai0="100,17,114,86,80,110,20,42,34,3,97,23,112" hai1="56,31,98,1,83,92,14,18,21,77,45,2,125" hai2="132,131,36,25,33,67,123,37,91,58,11,53,50" hai3="84,87,26,134,135,62,39,13,118,130,30,59,60"/><W15/><G118/><T88/><D34/><U76/><E125/><V68/><F123/><W71/><G39/><T124/><D3/><U44/><E31/><V81/><F11/><W126/><G126/><T29/><D124/><U94/><E56/><V47/><F132/><N who="3" m="50731" /><G130/><T115/><D110/><U109/><E109/><V120/><F120/><W79/><G71/><T128/><D128/><U116/><E116/><V64/><F131/><W7/><G62/><T38/><D29/><U54/><E94/><V65/><F68/><W93/><G7/><T57/><D57/><U24/><E24/><V35/><F35/><N who="3" m="20951" /><G79/><T133/><D133/><U48/><E45/><V82/><F47/><W28/><G28/><T4/><D4/><U89/><REACH who="1" step="1"/><E76/><REACH who="1" ten="344,97,396,153" step="2"/><V103/><F33/><W32/><G32/><T61/><D61/><U113/><E113/><V55/><F25/><W78/><G93/><N who="0" m="58415" /><D17/><U102/><E102/><V43/><F103/><W104/><G78/><T119/><D119/><U85/><AGARI ba="0,1" hai="1,2,14,18,21,44,48,54,77,83,85,89,92,98" machi="85" ten="20,5200,0" yaku="1,1,0,1,7,1,53,1" doraHai="108" doraHaiUra="9" who="1" fromWho="1" sc="344,-13,97,62,396,-13,153,-26" /><INIT seed="4,0,0,5,1,2" ten="331,159,383,127" oya="0" hai0="20,70,102,21,23,34,86,58,101,29,44,37,9" hai1="92,11,74,14,12,85,38,1,49,97,110,78,121" hai2="48,0,120,90,61,53,99,91,66,43,24,67,8" hai3="79,82,19,108,109,50,47,62,56,55,96,81,51"/><T63/><D70/><U40/><E110/><V26/><F120/><W72/><G82/><T3/><D34/><U18/><E121/><V88/><F43/><W32/><G32/><T45/><D29/><U93/><E74/><V135/><F135/><W39/><G39/><T65/><D37/><U59/><E38/><V10/><F99/><W107/><G50/><T52/><D86/><U4/><E59/><N who="2" m="37183" /><F67/><W127/><G127/><T94/><D65/><U111/><E111/><V76/><F0/><W130/><G130/><T15/><D3/><U114/><E114/><V5/><F76/><W22/><G96/><N who="0" m="59543" /><D102/><U71/><E71/><V35/><F35/><W42/><REACH who="3" step="1"/><G107/><REACH who="3" ten="331,159,383,117" step="2"/><T17/><AGARI ba="0,1" hai="9,15,17,20,21,23,44,45,52,58,63" m="59543" machi="17" ten="30,3000,0" yaku="8,1,54,1" doraHai="2" who="0" fromWho="0" sc="331,40,159,-10,383,-10,117,-10" /><INIT seed="4,1,0,2,3,37" ten="371,149,373,107" oya="0" hai0="112,90,132,14,33,98,122,135,87,121,96,100,110" hai1="92,38,15,80,59,130,11,99,107,2,133,82,118" hai2="28,39,113,46,23,42,127,76,3,7,73,21,49" hai3="88,69,36,22,134,111,30,12,124,81,74,51,83"/><T55/><D33/><U13/><E118/><V102/><F127/><W52/><G111/><T131/><D14/><U105/><E130/><V17/><F102/><W66/><G124/><T91/><D55/><U18/><E2/><V115/><F28/><W8/><G134/><N who="0" m="51243" /><D112/><N who="2" m="43082" /><F17/><W97/><G36/><T125/><D125/><U24/><E38/><V108/><F108/><W78/><G69/><T84/><D110/><U20/><E133/><V62/><F62/><W116/><G116/><T6/><D6/><U26/><E107/><V34/><F34/><W10/><G66/><T0/><D0/><U63/><E105/><V129/><F129/><W95/><G83/><N who="0" m="49439" /><D131/><U47/><E47/><N who="2" m="24031" /><F7/><W27/><REACH who="3" step="1"/><G12/><REACH who="3" ten="371,149,373,97" step="2"/><T1/><D1/><U120/><E15/><V65/><F65/><W128/><G128/><T89/><D122/><U4/><E120/><V41/><F3/><W54/><G54/><T106/><D121/><U67/><REACH who="1" step="1"/><E26/><REACH who="1" ten="371,139,373,97" step="2"/><V19/><F46/><AGARI ba="1,2" hai="8,10,22,27,30,46,51,52,74,78,81,88,95,97" machi="46" ten="30,8000,1" yaku="1,1,7,1,54,2,53,1" doraHai="37" doraHaiUra="77" who="3" fromWho="2" sc="371,0,139,0,373,-83,97,103" /><INIT seed="5,0,0,3,5,9" ten="371,139,290,200" oya="1" hai0="57,25,133,7,101,94,44,65,34,93,15,128,129" hai1="104,6,80,27,85,56,14,108,109,103,131,110,68" hai2="105,13,78,60,79,82,0,73,58,49,59,48,62" hai3="98,84,37,23,74,91,63,97,55,64,33,99,75"/><U21/><E68/><V119/><F0/><W66/><G33/><T130/><D133/><U111/><N who="1" m="27648" /><DORA hai="46" /><U1/><E1/><V50/><F105/><W32/><G32/><T90/><D101/><U8/><E131/><V121/><F119/><W40/><G55/><T125/><D125/><U5/><E56/><N who="2" m="21547" /><F73/><W22/><G40/><T86/><D57/><U95/><E104/><V61/><F121/><W12/><G37/><T10/><D65/><U30/><E103/><V71/><F71/><W41/><G41/><T43/><D34/><U19/><REACH who="1" step="1"/><E95/><REACH who="1" ten="371,129,290,200" step="2"/><V113/><F113/><W16/><G64/><T20/><D94/><U38/><E38/><V31/><F61/><W2/><G2/><T3/><D3/><U127/><E127/><V70/><F60/><W135/><G63/><T35/><D130/><U45/><E45/><V106/><F70/><W36/><G36/><T114/><D114/><U17/><E17/><V87/><F106/><W26/><G66/><T42/><D129/><U92/><E92/><V77/><F62/><W54/><G135/><T112/><D128/><U53/><E53/><V115/><F115/><W89/><G54/><T81/><D112/><U47/><E47/><V24/><F48/><W134/><G134/><T72/><D44/><U67/><E67/><V28/><F49/><W102/><G102/><T69/><D69/><U107/><E107/><V96/><F50/><W51/><G51/><T123/><D43/><U100/><E100/><V126/><F126/><W118/><G16/><T52/><D52/><U18/><E18/><V117/><F31/><RYUUKYOKU ba="0,1" sc="371,-10,129,30,290,-10,200,-10" hai1="5,6,8,14,19,21,27,30,80,85" /><INIT seed="5,1,1,2,5,68" ten="361,159,280,190" oya="1" hai0="28,33,78,11,29,77,48,19,49,53,115,130,55" hai1="41,45,26,36,69,102,61,99,132,98,106,118,129" hai2="47,67,95,107,63,60,30,10,133,131,40,89,117" hai3="72,93,23,81,121,35,111,134,39,104,76,15,112"/><U101/><E118/><V56/><F107/><W80/><G111/><T96/><D33/><U125/><E129/><V37/><F117/><W59/><G121/><T3/><D3/><U100/><E125/><V20/><F133/><W74/><G104/><T120/><D115/><U135/><E26/><V38/><F131/><W12/><G35/><T83/><D96/><U64/><REACH who="1" step="1"/><E106/><REACH who="1" ten="361,149,280,190" step="2"/><V44/><F30/><W70/><G112/><T32/><D130/><U22/><E22/><V14/><F20/><W110/><G23/><T124/><D124/><U126/><E126/><V34/><F34/><W18/><G110/><T50/><D32/><U1/><E1/><V17/><F63/><W71/><G134/><AGARI ba="1,2" hai="36,41,45,61,64,69,98,99,100,101,102,132,134,135" machi="134" ten="40,12000,1" yaku="1,1,20,1,52,1,53,2" doraHai="68" doraHaiUra="92" who="1" fromWho="3" sc="361,0,149,143,280,0,190,-123" /><INIT seed="5,2,0,3,3,45" ten="361,292,280,67" oya="1" hai0="39,78,38,102,119,22,98,17,11,29,3,123,12" hai1="105,52,63,131,120,51,125,126,103,60,97,85,62" hai2="58,89,72,92,18,118,7,106,23,30,95,40,47" hai3="124,9,68,27,70,132,87,50,81,16,20,80,110"/><U37/><E120/><V59/><F106/><W33/><G110/><T36/><D119/><U55/><E37/><V93/><F118/><W66/><G132/><T100/><D123/><U56/><E131/><V122/><F72/><W31/><G124/><N who="1" m="47722" /><E85/><V91/><F30/><W84/><G9/><T88/><D78/><U71/><E71/><V49/><F7/><W2/><G2/><T96/><D3/><U69/><E69/><V112/><F112/><W74/><G74/><T21/><D29/><U6/><E6/><V8/><F8/><W117/><G117/><T128/><D128/><U53/><AGARI ba="2,0" hai="51,52,53,55,56,60,62,63,97,103,105" m="47722" machi="53" ten="40,7800,0" yaku="18,1,52,1,54,1" doraHai="45" who="1" fromWho="1" sc="361,-28,292,84,280,-28,67,-28" /><INIT seed="5,3,0,2,2,113" ten="333,376,252,39" oya="1" hai0="15,96,87,122,67,56,106,41,7,59,11,50,119" hai1="55,78,86,90,123,16,130,46,31,89,40,125,34" hai2="88,47,21,23,25,117,38,30,112,5,6,0,126" hai3="2,35,75,52,76,9,124,118,65,28,92,99,111"/><U33/><E123/><V13/><F38/><W116/><G111/><T84/><D122/><U107/><E107/><V12/><F47/><W101/><G124/><T73/><D73/><U83/><E125/><V22/><F126/><W95/><G65/><T18/><D119/><N who="3" m="45609" /><G92/><T93/><D106/><U49/><E130/><V45/><F117/><W98/><G98/><T62/><D7/><N who="2" m="2570" /><F45/><W53/><G2/><T42/><D42/><U82/><E31/><V63/><F112/><W85/><G75/><T10/><D10/><U100/><E100/><V131/><F131/><W32/><G9/><T108/><D108/><U37/><E16/><N who="2" m="10383" /><F63/><W3/><G3/><T66/><D41/><U77/><E89/><V71/><F88/><W134/><G134/><T91/><D50/><U19/><E19/><N who="2" m="10599" /><F71/><W27/><G35/><T74/><D74/><U115/><E90/><V94/><F94/><W54/><G53/><T109/><D109/><U80/><E115/><V20/><F0/><W103/><G103/><T48/><D67/><U36/><E82/><AGARI ba="3,0" hai="27,28,32,52,54,76,82,85,95,99,101" m="45609" machi="82" ten="30,8000,1" yaku="12,1,52,3,54,1" doraHai="113" who="3" fromWho="1" sc="333,0,376,-89,252,0,39,89" /><INIT seed="6,0,0,3,4,57" ten="333,287,252,128" oya="2" hai0="96,34,30,130,35,13,110,79,14,8,127,117,32" hai1="7,80,25,115,58,78,91,135,133,17,87,42,64" hai2="9,15,16,50,124,101,107,52,128,116,106,11,36" hai3="33,22,83,77,108,4,6,45,68,59,73,134,70"/><V112/><F116/><W82/><G108/><T88/><D110/><U67/><E42/><V44/><F112/><W26/><G33/><T76/><D30/><U20/><E7/><V121/><F121/><W0/><G134/><N who="1" m="51210" /><E115/><V94/><F124/><W95/><G83/><T3/><D3/><U56/><E56/><V131/><F36/><W31/><G45/><T111/><D14/><U18/><E18/><V114/><F114/><W38/><G38/><T5/><D130/><N who="2" m="49706" /><F9/><W97/><G59/><T99/><D127/><U24/><E24/><V119/><F119/><W1/><G6/><T90/><D111/><U93/><E58/><V85/><F85/><AGARI ba="0,0" hai="17,20,25,64,67,78,80,85,87,91,93" m="51210" machi="85" ten="30,1000,0" yaku="20,1" doraHai="57" who="1" fromWho="2" sc="333,0,287,10,252,-10,128,0" /><INIT seed="7,0,0,1,4,129" ten="333,297,242,128" oya="3" hai0="21,111,135,89,19,18,43,115,80,119,77,48,51" hai1="93,79,46,67,84,6,103,83,125,8,71,41,90" hai2="94,64,131,95,44,114,29,70,60,15,81,40,109" hai3="104,54,61,91,113,42,68,133,108,97,38,24,87"/><W130/><G130/><T117/><D111/><U58/><E125/><V123/><F109/><W9/><G108/><T132/><D89/><U88/><E71/><V0/><F0/><W12/><G113/><T75/><D115/><U4/><E103/><V28/><F114/><W63/><G24/><N who="0" m="14391" /><D19/><U33/><E33/><V82/><F15/><W50/><G42/><T69/><D69/><U112/><E112/><V14/><F14/><W128/><G38/><T26/><D26/><U127/><E127/><V78/><F81/><W101/><G68/><T76/><D76/><U120/><E120/><V98/><F94/><W100/><G100/><T52/><D43/><U17/><E17/><V74/><F123/><W55/><G128/><T37/><D51/><U65/><E58/><V2/><F2/><W47/><G55/><T116/><D37/><U25/><E25/><V110/><F110/><W10/><G133/><N who="0" m="51275" /><D119/><U1/><E4/><V96/><F96/><W31/><G31/><T49/><D49/><U20/><E20/><V11/><F11/><W62/><REACH who="3" step="1"/><G12/><REACH who="3" ten="333,297,242,118" step="2"/><T122/><D122/><U106/><E65/><V57/><F70/><W7/><G7/><T105/><D105/><U27/><E67/><V73/><F131/><W53/><G53/><T59/><AGARI ba="0,1" hai="48,52,59,75,77,80,116,117" m="51275,14391" machi="59" ten="30,8000,1" yaku="20,1,52,3,54,1" doraHai="129" who="0" fromWho="0" sc="333,90,297,-20,242,-20,118,-40" owari="423,52.0,277,8.0,222,-18.0,78,-42.0" /></mjloggm>