<mjloggm ver="2.3"><GO type="169" lobby="0"/><UN n0="%E9%96%A2%E3%82%B1%E5%8E%9F" n1="%E3%82%A2%E3%83%A1%E3%83%B3%E3%83%9D%E3%81%A6%E3%81%B5" n2="%E5%9B%9B%E5%AE%AE%E7%B4%85%E8%BC%9D" n3="%E3%81%B5%E3%81%81%E3%82%93%E3%81%A7%E3%82%8B%E3%81%95%E3%83%BC%E3%82%8B" dan="16,17,18,16" rate="2172.87,2246.83,2253.86,2173.50" sx="M,M,F,M"/><TAIKYOKU oya="0"/><INIT seed="0,0,0,2,4,109" ten="250,250,250,250" oya="0" hai0="68,14,76,108,1,66,60,20,16,56,111,104,19" hai1="54,105,17,131,101,46,38,28,59,9,61,80,75" hai2="118,25,82,8,81,52,6,124,123,29,125,35,48" hai3="31,129,127,5,65,11,90,15,69,77,97,100,94"/><T24/><D1/><U96/><E131/><V73/><F123/><W107/><G129/><T117/><D117/><U12/><E28/><V86/><F73/><W27/><G77/><T53/><D76/><U74/><REACH who="1" step="1"/><E80/><REACH who="1" ten="250,240,250,250" step="2"/><V70/><F118/><W33/><G127/><T7/><D104/><U41/><AGARI ba="0,1" hai="9,12,17,38,41,46,54,59,61,74,75,96,101,105" machi="41" ten="30,4000,0" yaku="1,1,2,1,0,1,53,0" doraHai="109" doraHaiUra="135" who="1" fromWho="1" sc="250,-20,240,50,250,-10,250,-10" /><INIT seed="1,0,0,4,5,107" ten="230,290,240,240" oya="1" hai0="51,65,13,128,3,26,97,127,20,62,35,123,7" hai1="22,99,72,38,61,29,126,116,18,69,122,23,60" hai2="63,110,73,6,98,108,101,100,89,12,118,77,115" hai3="50,111,134,59,30,0,80,42,11,47,15,9,90"/><U106/><E122/><V43/><F118/><W8/><G111/><N who="2" m="42537" /><F43/><W93/><G0/><T17/><D128/><U85/><E116/><V95/><F63/><W41/><G134/><T125/><D123/><U4/><E38/><V103/><F12/><W74/><G30/><N who="0" m="19927" /><D51/><U79/><E4/><V32/><F32/><W56/><G42/><T68/><D97/><U57/><E126/><N who="0" m="48137" /><D7/><U46/><E29/><V112/><F6/><W102/><G15/><T39/><D39/><U83/><E69/><V31/><F31/><W130/><G102/><T34/><D34/><U135/><E99/><V58/><F58/><W5/><G5/><T119/><D119/><U40/><E135/><V81/><AGARI ba="0,0" hai="73,77,81,89,95,98,100,101,103,112,115" m="42537" machi="81" ten="40,8000,1" yaku="14,1,34,2,52,1" doraHai="107" who="2" fromWho="2" sc="230,-20,290,-40,240,80,240,-20" /><INIT seed="2,0,0,4,2,94" ten="210,250,320,220" oya="2" hai0="12,8,119,23,109,67,5,46,88,125,63,106,104" hai1="21,66,51,82,87,17,96,113,27,98,38,4,11" hai2="89,55,56,10,19,83,59,102,18,115,57,130,93" hai3="3,128,133,120,124,95,127,112,1,35,68,77,39"/><V100/><F130/><W116/><G77/><T54/><D109/><U110/><E113/><V48/><F115/><W123/><G95/><T117/><D125/><N who="3" m="48201" /><G112/><T36/><D23/><U31/><E110/><V99/><F10/><W111/><G68/><T60/><D60/><U122/><E122/><N who="3" m="46634" /><G111/><T75/><D75/><U49/><E38/><V13/><F83/><W73/><G73/><T134/><D134/><U97/><E66/><V26/><F26/><W61/><G61/><T118/><D88/><N who="1" m="51319" /><E4/><V107/><F107/><W108/><G108/><T70/><REACH who="0" step="1"/><D54/><REACH who="0" ten="200,250,320,220" step="2"/><U103/><E103/><V52/><F55/><W25/><G133/><T24/><D24/><U92/><E92/><V58/><REACH who="2" step="1"/><F13/><AGARI ba="0,1" hai="11,13,17,21,27,31,49,51,96,97,98" m="51319" machi="13" ten="30,8000,1" yaku="8,1,52,3,54,1" doraHai="94" who="1" fromWho="2" sc="200,0,250,90,320,-80,220,0" /><INIT seed="3,0,0,5,0,75" ten="200,340,240,220" oya="3" hai0="67,115,124,102,98,39,56,17,41,76,122,24,111" hai1="116,106,51,117,1,58,119,129,47,29,5,20,21" hai2="52,90,74,23,61,114,15,120,2,22,54,121,127" hai3="57,66,131,60,72,135,36,34,110,99,125,26,91"/><W31/><G131/><T87/><D111/><U7/><E106/><V123/><F2/><W78/><G110/><T133/><D133/><U82/><E129/><V30/><F114/><W92/><G135/><T8/><D124/><U62/><E1/><V25/><F127/><W13/><G36/><T42/><D122/><U113/><E113/><V68/><F74/><W35/><G125/><T53/><D67/><N who="1" m="39383" /><E82/><V80/><F68/><W77/><G72/><T94/><D39/><U45/><E45/><V126/><F61/><W49/><G35/><T59/><D59/><U16/><E29/><V37/><F37/><W109/><G109/><T63/><D115/><U100/><E100/><V40/><F40/><W79/><G13/><N who="0" m="7335" /><D24/><N who="1" m="14343" /><E21/><V134/><F134/><W89/><REACH who="3" step="1"/><G49/><REACH who="3" ten="200,340,240,210" step="2"/><T14/><D14/><U105/><E105/><V84/><F126/><W112/><G112/><T4/><D4/><U12/><E12/><V88/><F15/><W64/><G64/><T81/><AGARI ba="0,1" hai="41,42,53,56,63,76,81,87,94,98,102" m="7335" machi="81" ten="30,2000,0" yaku="8,1,52,1" doraHai="75" who="0" fromWho="0" sc="200,30,340,-5,240,-5,210,-10" /><INIT seed="4,0,0,1,3,49" ten="230,335,235,200" oya="0" hai0="39,88,32,21,108,122,62,19,87,22,51,8,74" hai1="77,26,14,86,7,53,64,94,41,42,33,31,35" hai2="100,57,105,0,58,106,25,82,97,133,18,34,24" hai3="85,81,76,84,63,125,92,29,89,110,78,54,115"/><T107/><D122/><U55/><E64/><V132/><F0/><W30/><G110/><T99/><D39/><U69/><E69/><V56/><F105/><W121/><G115/><T23/><D74/><U91/><E77/><V9/><F34/><W114/><G125/><T3/><D32/><U38/><E35/><V124/><F124/><W73/><G114/><T20/><D108/><U101/><E101/><V130/><F130/><W61/><G121/><T93/><D62/><U119/><E119/><V83/><F9/><W102/><G76/><T10/><D3/><U117/><E117/><V43/><F43/><W96/><G63/><T67/><D67/><U111/><E111/><V47/><F47/><W129/><G129/><T134/><D134/><N who="2" m="51818" /><F18/><W27/><G27/><AGARI ba="0,0" hai="24,25,27,56,57,58,82,83,97,100,106" m="51818" machi="27" ten="30,1000,0" yaku="20,1" doraHai="49" who="2" fromWho="3" sc="230,0,335,0,235,10,200,-10" /><INIT seed="5,0,0,2,3,134" ten="230,335,245,190" oya="1" hai0="13,4,41,130,133,117,131,114,77,118,127,75,80" hai1="82,2,135,70,91,23,25,33,107,21,121,30,46" hai2="104,1,62,98,31,78,5,54,84,10,125,26,67" hai3="74,105,11,9,132,29,28,69,19,106,87,111,112"/><U123/><E70/><V49/><F84/><W7/><G74/><T0/><D13/><U52/><E107/><V38/><F78/><W44/><G111/><T120/><D41/><U59/><E2/><V35/><F38/><W76/><G69/><T124/><D4/><U64/><E64/><V66/><F125/><N who="0" m="48202" /><D0/><U93/><E46/><V50/><F66/><W60/><G29/><T53/><D114/><U72/><E82/><V36/><F54/><W68/><G28/><T12/><D12/><U108/><E72/><V89/><F89/><W17/><G7/><T116/><D120/><U8/><E8/><V65/><F65/><W128/><G9/><T85/><D133/><U88/><E108/><V119/><F36/><W48/><G11/><T45/><D75/><U18/><E123/><V37/><F37/><W94/><G112/><T47/><D47/><U95/><E135/><V115/><F115/><W40/><G40/><T102/><D102/><U86/><E121/><V39/><F39/><W56/><G44/><T51/><AGARI ba="0,0" hai="45,51,53,77,80,85,116,117,118,130,131" m="48202" machi="51" ten="40,8000,1" yaku="18,1,52,3" doraHai="134" who="0" fromWho="0" sc="230,80,335,-40,245,-20,190,-20" /><INIT seed="6,0,0,0,4,97" ten="310,295,225,170" oya="2" hai0="35,7,66,25,98,127,10,29,95,70,91,27,65" hai1="107,102,8,72,113,46,130,34,100,121,48,16,118" hai2="76,49,90,23,69,58,4,89,124,87,84,22,14" hai3="71,77,126,37,17,73,21,38,68,132,94,104,24"/><V75/><F124/><W40/><G104/><T117/><D127/><U92/><E118/><V52/><F69/><W51/><G126/><T83/><D70/><U43/><E72/><V47/><F75/><W63/><G71/><T56/><D117/><U50/><E107/><V105/><F105/><W60/><G132/><T67/><D27/><U61/><E34/><V12/><F76/><W109/><G109/><T64/><D83/><U42/><E113/><V15/><F4/><W112/><G112/><T57/><N who="0" m="16384" /><DORA hai="19" /><T106/><REACH who="0" step="1"/><D106/><REACH who="0" ten="300,295,225,170" step="2"/><U114/><E114/><V53/><F84/><W74/><G68/><T131/><D131/><U2/><E130/><V119/><F119/><W79/><G73/><T129/><D129/><U20/><E121/><V32/><F32/><W28/><G74/><T116/><D116/><U101/><E92/><N who="2" m="54335" /><F90/><W36/><G94/><T39/><D39/><U88/><E88/><V18/><F18/><W125/><G17/><T54/><D54/><U135/><E16/><V93/><F93/><W9/><G125/><T134/><D134/><U108/><E135/><V96/><F96/><W45/><REACH who="3" step="1"/><G9/><REACH who="3" ten="300,295,225,160" step="2"/><T122/><D122/><U5/><E8/><V103/><F103/><W123/><G123/><T55/><D55/><U128/><E102/><V44/><F53/><W3/><G3/><AGARI ba="0,2" hai="3,7,10,25,29,35,56,57,91,95,98" m="16384" machi="3" ten="50,1600,0" yaku="1,1,53,0" doraHai="97,19" doraHaiUra="41,13" who="0" fromWho="3" sc="300,36,295,0,225,0,160,-16" /><INIT seed="7,0,0,4,0,19" ten="336,295,225,144" oya="3" hai0="111,134,41,78,31,0,62,95,102,37,5,64,69" hai1="100,74,128,77,46,7,113,30,115,84,75,2,47" hai2="81,129,101,17,21,51,55,108,1,24,86,14,93" hai3="32,58,79,9,42,127,119,71,59,4,29,18,114"/><W27/><G119/><T35/><D111/><U135/><E100/><V92/><F129/><W38/><G114/><N who="1" m="43530" /><E128/><V39/><F39/><W123/><G123/><T120/><D120/><U56/><E56/><N who="2" m="32895" /><F1/><W99/><G71/><T15/><D102/><U33/><E135/><V122/><F108/><W73/><G127/><T88/><D134/><U130/><E130/><V80/><F122/><W104/><G18/><T109/><D109/><U26/><E84/><V57/><F57/><W131/><G131/><T133/><D133/><U72/><E77/><N who="2" m="46351" /><F101/><W6/><G99/><T52/><D78/><U132/><E132/><V76/><F24/><W54/><G104/><T65/><D69/><U34/><E33/><V107/><F107/><W124/><G124/><T50/><D35/><U90/><E90/><V126/><F126/><W36/><G4/><T8/><D88/><U105/><E105/><V117/><F117/><W89/><G89/><T106/><D106/><U53/><E53/><V66/><F66/><W85/><G85/><AGARI ba="0,0" hai="14,17,21,76,81,85,92,93" m="46351,32895" machi="85" ten="30,2000,0" yaku="8,1,52,1" doraHai="19" who="2" fromWho="3" sc="336,0,295,0,225,20,144,-20" owari="336,43.0,295,10.0,245,-15.0,124,-38.0" /></mjloggm>