<mjloggm ver="2.3"><GO type="185" lobby="0"/><UN n0="%E3%82%B3%E3%82%B3%E3%82%A2%E3%81%AF%E4%BF%BA%E3%81%AE%E5%AB%81" n1="%E3%83%84%E3%83%BC%E3%82%A2%E3%82%A6%E3%83%88" n2="%E9%96%A2%E8%A5%BF%E9%9B%80%E5%A3%AB%E4%BC%9A" n3="" dan="17,16,16,0" rate="2243.38,2137.02,2099.78,1500.00" sx="F,M,M,C"/><TAIKYOKU oya="0"/><INIT seed="0,0,0,0,1,60" ten="350,350,350,0" oya="0" hai0="79,39,106,127,130,94,74,0,114,80,82,103,47" hai1="97,75,101,59,95,96,73,65,89,53,126,57,1" hai2="102,35,112,77,62,132,99,111,41,69,104,34,91" hai3=""/><T70/><D0/><U93/><E126/><V71/><F112/><T50/><D114/><U129/><E129/><V38/><F132/><T119/><D119/><U87/><E1/><V81/><F111/><T32/><D32/><U2/><E2/><V131/><F131/><T107/><D130/><U100/><E65/><V58/><F41/><T43/><D127/><U116/><E116/><V84/><F38/><T98/><D70/><U72/><REACH who="1" step="1"/><E53/><REACH who="1" ten="350,340,350,0" step="2"/><V85/><F34/><T66/><D66/><U134/><E134/><V88/><F35/><T44/><REACH who="0" step="1"/><D82/><AGARI ba="0,1" hai="57,59,72,73,75,82,87,89,93,95,96,97,100,101" machi="82" ten="40,2600,0" yaku="1,1,9,1,53,0" doraHai="60" doraHaiUra="63" who="1" fromWho="0" sc="350,-26,340,36,350,0,0,0" /><INIT seed="1,0,0,3,2,118" ten="324,376,350,0" oya="1" hai0="91,98,119,88,128,59,47,44,51,127,56,68,96" hai1="64,36,133,43,108,120,54,0,81,65,62,122,32" hai2="99,117,125,132,63,131,134,124,60,48,85,101,109" hai3=""/><U58/><N who="1" m="30752" /><U34/><N who="1" m="31264" /><U100/><E0/><V73/><F117/><T67/><D119/><U70/><E133/><N who="2" m="51307" /><F73/><T49/><D68/><U87/><E108/><V115/><F109/><T82/><D128/><U86/><E100/><V111/><F111/><T1/><D1/><U104/><E104/><V74/><F74/><T75/><D75/><U113/><E113/><V79/><F48/><T102/><D127/><N who="2" m="48714" /><F115/><T3/><D3/><U57/><E87/><V84/><F79/><T110/><D110/><U135/><E135/><V93/><F60/><T42/><D82/><U41/><E34/><V69/><F69/><T52/><D67/><U50/><E32/><V94/><F63/><T72/><D72/><U83/><E70/><V116/><F116/><T78/><D78/><U77/><E36/><V105/><F131/><T97/><D102/><U38/><E38/><V53/><F53/><T80/><D80/><U33/><E33/><V2/><F2/><T121/><N who="0" m="31008" /><T35/><D35/><U90/><E65/><V46/><F46/><T126/><D126/><U55/><E64/><V114/><F114/><T92/><D91/><U89/><E89/><V107/><F107/><T71/><D71/><U40/><E77/><RYUUKYOKU ba="0,0" sc="324,0,376,0,350,0,0,0" hai0="42,44,47,49,51,52,56,59,88,92,96,97,98" hai1="40,41,43,50,54,55,57,58,62,81,83,86,90" hai2="84,85,93,94,99,101,105" /><INIT seed="1,1,0,5,3,108" ten="324,376,350,0" oya="1" hai0="89,97,68,114,132,3,82,72,86,54,80,79,75" hai1="67,112,106,49,94,123,128,70,44,92,125,134,51" hai2="48,50,113,0,63,65,133,69,85,102,58,60,53" hai3=""/><U47/><N who="1" m="31520" /><U115/><E106/><V105/><F0/><T55/><D3/><U101/><E101/><V81/><F133/><T88/><D68/><U73/><E73/><V126/><F126/><T52/><D132/><U42/><E134/><V110/><F110/><T39/><D39/><U93/><E125/><V32/><F32/><T66/><D66/><U35/><E35/><V99/><REACH who="2" step="1"/><F113/><REACH who="2" ten="324,376,340,0" step="2"/><T109/><D114/><U98/><E128/><V62/><F62/><T111/><D111/><U36/><E98/><V96/><F96/><T43/><D109/><U59/><E70/><V95/><F95/><T104/><D104/><U40/><E36/><V1/><F1/><T2/><D2/><U90/><E90/><AGARI ba="1,1" hai="48,50,53,58,60,63,65,69,81,85,90,99,102,105" machi="90" ten="30,3900,0" yaku="1,1,7,1,53,1" doraHai="108" doraHaiUra="78" who="2" fromWho="1" sc="324,0,376,-41,340,51,0,0" /><INIT seed="2,0,0,1,0,49" ten="324,335,391,0" oya="2" hai0="70,54,93,104,56,84,110,101,86,129,128,75,58" hai1="64,73,120,48,95,79,44,42,115,125,0,117,38" hai2="51,32,99,82,33,105,81,62,90,74,72,34,65" hai3=""/><V118/><F118/><T47/><D75/><U39/><N who="1" m="30752" /><U135/><E0/><V36/><F36/><T102/><D70/><U60/><E117/><V111/><F105/><T55/><D47/><U132/><E79/><V100/><F100/><T43/><D43/><U2/><E73/><V124/><F124/><T76/><D110/><U87/><E2/><V130/><F130/><N who="0" m="50282" /><D104/><U88/><E125/><V127/><F127/><T92/><D76/><U83/><E83/><V107/><F107/><T35/><D35/><U68/><REACH who="1" step="1"/><E115/><REACH who="1" ten="324,325,391,0" step="2"/><V66/><F74/><T133/><D133/><AGARI ba="0,1" hai="38,39,42,44,48,60,64,68,87,88,95,132,133,135" m="30752" machi="133" ten="40,8000,1" yaku="1,1,2,1,20,1,52,1,54,1,53,0" doraHai="49" doraHaiUra="97" who="1" fromWho="0" sc="324,-80,325,90,391,0,0,0" /><INIT seed="4,0,0,4,5,92" ten="244,415,391,0" oya="0" hai0="68,79,69,99,127,132,2,89,96,75,100,72,114" hai1="131,52,39,105,102,85,38,103,35,65,81,87,91" hai2="94,116,109,71,0,76,90,59,64,46,33,43,41" hai3=""/><T134/><D2/><U115/><E35/><V133/><F109/><T119/><D119/><U88/><E115/><V126/><F33/><T36/><D114/><U121/><N who="1" m="31008" /><U118/><E118/><V57/><F133/><N who="0" m="51306" /><D36/><U51/><E131/><V106/><F106/><T135/><N who="0" m="51314" /><T62/><DORA hai="97" /><D127/><U112/><E65/><V66/><F126/><T84/><D79/><U54/><E112/><V130/><F130/><T49/><D49/><U56/><E105/><V128/><F128/><T110/><D110/><U45/><E39/><V1/><F76/><T55/><D55/><U124/><E124/><V117/><F71/><N who="0" m="27210" /><D62/><U78/><E38/><V60/><F117/><T122/><N who="0" m="31264" /><T111/><D111/><U61/><E78/><V74/><F116/><T95/><D96/><U40/><E54/><V101/><F1/><T37/><D37/><U80/><AGARI ba="0,0" hai="40,45,51,52,56,61,80,81,85,87,88,91,102,103" m="31008" machi="80" ten="20,12000,3" yaku="0,1,7,1,9,1,8,1,52,3,54,2" doraHai="92,97" who="1" fromWho="1" sc="244,-80,415,120,391,-40,0,0" /><INIT seed="5,0,0,2,4,104" ten="164,535,351,0" oya="1" hai0="94,118,87,81,79,52,51,39,111,130,100,84,56" hai1="135,86,98,124,71,0,99,37,64,80,93,49,83" hai2="116,129,122,110,119,127,105,60,55,125,58,63,107" hai3=""/><U106/><E0/><V46/><N who="2" m="31264" /><V62/><F110/><T76/><D111/><U40/><E37/><V47/><F129/><T61/><D130/><U132/><E64/><V48/><F107/><T102/><D39/><U54/><E71/><V3/><F105/><T90/><D118/><U91/><E40/><V36/><F3/><T72/><D79/><U123/><N who="1" m="31520" /><U134/><E124/><N who="2" m="47691" /><F36/><T108/><D108/><U57/><E106/><V88/><F88/><T128/><D128/><U69/><E69/><V32/><F32/><T114/><D114/><U103/><E99/><V101/><F101/><T50/><D102/><U41/><E41/><V68/><F68/><T75/><REACH who="0" step="1"/><D100/><REACH who="0" ten="154,535,351,0" step="2"/><U42/><E135/><V33/><F33/><T73/><AGARI ba="0,1" hai="50,51,52,56,61,72,73,75,76,81,84,87,90,94" machi="73" ten="30,9000,2" yaku="1,1,2,1,0,1,52,3,54,1,53,0" doraHai="104" doraHaiUra="95" who="0" fromWho="0" sc="154,100,535,-60,351,-30,0,0" /><INIT seed="6,0,0,5,3,109" ten="254,475,321,0" oya="2" hai0="126,79,130,41,67,76,123,117,71,56,2,60,66" hai1="97,98,88,59,134,127,118,84,69,58,51,42,81" hai2="47,116,64,74,57,48,106,131,83,33,75,108,32" hai3=""/><V1/><F1/><T35/><N who="0" m="31520" /><T65/><D2/><U91/><E118/><V95/><F116/><T0/><D0/><U94/><E69/><V87/><F106/><T36/><D35/><U73/><E127/><V44/><F131/><T112/><D117/><U125/><E125/><V104/><F104/><T119/><D119/><U115/><E134/><V37/><F108/><T49/><D126/><U85/><E115/><V3/><F3/><T54/><D130/><U124/><E124/><V78/><F37/><T100/><D112/><U55/><E73/><V63/><F47/><T62/><D100/><U93/><E42/><V68/><F68/><T77/><REACH who="0" step="1"/><D62/><REACH who="0" ten="244,475,321,0" step="2"/><U105/><E105/><V121/><N who="2" m="31008" /><V92/><F32/><T122/><N who="0" m="31264" /><T43/><D43/><U103/><E103/><V107/><F33/><T99/><D99/><U40/><E40/><V111/><F107/><T135/><D135/><U129/><E129/><V38/><F111/><T46/><AGARI ba="0,1" hai="36,41,46,49,54,56,60,65,66,67,71,76,77,79" m="31264,31520" machi="46" ten="30,9000,2" yaku="1,1,0,1,24,2,52,2,53,0" doraHai="109" doraHaiUra="80" who="0" fromWho="0" sc="244,100,475,-30,321,-60,0,0" owari="344,-6.0,445,40.0,261,-34.0,0,0.0" /></mjloggm>