<mjloggm ver="2.3"><GO type="169" lobby="0"/><UN n0="%E3%82%BF%E3%83%9E%E3%83%8D%E3%82%AE" n1="%73%65%61%73%74%6F%72%79" n2="%E3%81%A6%E3%82%93%E3%81%BD%E3%81%84%E3%82%93%E3%81%A8" n3="%6F%6B%6A%6D" dan="17,16,17,18" rate="2168.00,2079.95,2202.55,2308.83" sx="M,M,F,M"/><TAIKYOKU oya="0"/><INIT seed="0,0,0,1,0,91" ten="250,250,250,250" oya="0" hai0="68,131,120,95,106,42,59,60,40,10,112,121,23" hai1="67,87,90,116,18,110,117,69,39,22,80,74,2" hai2="107,8,1,56,11,123,115,31,98,47,41,73,99" hai3="86,127,76,27,4,92,94,35,70,135,24,126,43"/><T122/><D106/><U72/><E2/><V130/><F123/><W78/><G70/><T109/><D112/><U124/><E39/><V29/><F56/><W104/><G104/><T34/><D34/><U97/><E124/><N who="3" m="47658" /><G135/><T66/><D131/><U65/><E110/><V14/><F73/><W3/><G43/><T128/><D128/><U45/><E69/><V28/><F115/><W103/><G103/><T102/><D109/><U75/><E45/><V53/><F53/><W55/><G55/><T19/><D10/><U84/><E97/><V6/><F107/><W81/><G78/><T44/><D68/><U7/><E7/><V113/><F113/><W54/><G54/><T129/><D129/><U134/><E134/><V85/><F11/><N who="3" m="2463" /><G24/><T132/><D132/><U25/><REACH who="1" step="1"/><E87/><REACH who="1" ten="250,240,250,250" step="2"/><V64/><F1/><W57/><G57/><T118/><D44/><U77/><E77/><V9/><F130/><W51/><G51/><T15/><REACH who="0" step="1"/><D118/><AGARI ba="0,1" hai="18,22,25,65,67,72,74,75,80,84,90,116,117,118" machi="118" ten="50,6400,0" yaku="1,1,53,2" doraHai="91" doraHaiUra="62" who="1" fromWho="0" sc="250,-64,240,74,250,0,250,0" /><INIT seed="1,0,0,3,1,63" ten="186,314,250,250" oya="1" hai0="50,36,126,82,39,42,93,25,1,65,19,44,118" hai1="9,114,107,61,57,32,96,122,75,130,74,58,110" hai2="13,46,94,59,112,92,88,108,105,70,73,69,83" hai3="111,78,48,27,97,35,56,11,28,134,5,120,24"/><U95/><E122/><V103/><F108/><W132/><G120/><T71/><D118/><U76/><E114/><V68/><F112/><W135/><G111/><T84/><D1/><U4/><E110/><V64/><F46/><W101/><G78/><T89/><D126/><U6/><E32/><V52/><F105/><W23/><G48/><T86/><D25/><U14/><E107/><V37/><F37/><W91/><G91/><T30/><D30/><U62/><E4/><V29/><F29/><W116/><G56/><T41/><D19/><U16/><E130/><V33/><F103/><W119/><G97/><T113/><D113/><U127/><E127/><V131/><F33/><W26/><G101/><T77/><REACH who="0" step="1"/><D41/><REACH who="0" ten="176,314,250,250" step="2"/><U133/><E6/><V31/><F31/><N who="3" m="17823" /><G27/><T51/><D51/><U20/><E61/><AGARI ba="0,1" hai="36,39,42,44,50,61,65,71,77,82,84,86,89,93" machi="61" ten="40,2600,0" yaku="1,1,52,1,53,0" doraHai="63" doraHaiUra="129" who="0" fromWho="1" sc="176,36,314,-26,250,0,250,0" /><INIT seed="2,0,0,4,1,118" ten="212,288,250,250" oya="2" hai0="18,96,94,4,1,70,19,75,103,13,25,107,63" hai1="20,29,51,90,24,68,62,44,3,80,26,57,22" hai2="6,53,115,47,40,129,60,74,119,39,117,12,120" hai3="108,0,55,84,111,98,83,109,132,37,61,45,46"/><V116/><F74/><W67/><G0/><T99/><D75/><U52/><E3/><V77/><F77/><W21/><G132/><T9/><D25/><U110/><E68/><V34/><F34/><W91/><G37/><T14/><D14/><U23/><E110/><V88/><F115/><W31/><G55/><T69/><D63/><U105/><E105/><V50/><F129/><W48/><G48/><T133/><D133/><U126/><E126/><V102/><F102/><W78/><G31/><T86/><D86/><N who="1" m="50503" /><E29/><V104/><F104/><W5/><G5/><T106/><D19/><U123/><E123/><V30/><F30/><W121/><G21/><T112/><D112/><U10/><E10/><V27/><F27/><W92/><REACH who="3" step="1"/><G121/><REACH who="3" ten="212,288,250,240" step="2"/><T8/><REACH who="0" step="1"/><D106/><REACH who="0" ten="202,288,250,240" step="2"/><U122/><E122/><V11/><F120/><W49/><G49/><T56/><D56/><AGARI ba="0,2" hai="45,46,56,61,67,78,83,84,91,92,98,108,109,111" machi="56" ten="40,2600,0" yaku="1,1,14,1,53,0" doraHai="118" doraHaiUra="15" who="3" fromWho="0" sc="202,-26,288,0,250,0,240,46" /><INIT seed="3,0,0,1,3,124" ten="176,288,250,286" oya="3" hai0="120,116,127,125,43,107,97,51,122,77,87,70,75" hai1="99,86,85,123,52,38,71,132,53,78,14,108,89" hai2="83,4,42,93,39,6,56,111,46,115,130,67,49" hai3="60,27,126,26,88,96,80,15,128,0,92,9,95"/><W55/><G0/><T34/><D34/><U13/><E123/><N who="0" m="47145" /><D70/><U76/><E71/><V113/><F93/><W30/><G126/><N who="0" m="48139" /><D51/><U24/><E38/><V66/><F83/><W105/><G105/><T22/><D22/><U45/><E132/><V82/><F82/><W3/><G3/><T25/><D25/><U63/><E108/><V94/><F94/><W29/><G128/><T104/><D43/><U41/><E99/><V54/><F6/><W91/><G80/><N who="0" m="45119" /><D87/><U98/><E24/><N who="3" m="9258" /><G55/><T48/><D48/><U11/><E53/><V100/><F54/><W109/><G109/><T31/><D31/><U73/><E52/><V90/><F49/><W129/><G129/><T110/><D110/><U114/><E41/><V10/><F42/><W18/><G60/><T5/><D5/><U118/><E45/><V36/><F130/><W84/><AGARI ba="0,0" hai="9,15,18,29,30,84,88,91,92,95,96" m="9258" machi="84" ten="30,3000,0" yaku="8,1,54,1" doraHai="124" who="3" fromWho="3" sc="176,-10,288,-10,250,-10,286,30" /><INIT seed="3,1,0,0,3,124" ten="166,278,240,316" oya="3" hai0="95,33,1,106,132,46,83,39,68,59,38,107,55" hai1="131,85,125,67,58,75,53,6,52,128,94,60,14" hai2="101,57,34,100,32,123,2,118,25,111,20,64,133" hai3="12,50,126,98,65,11,114,42,56,134,9,104,61"/><W93/><G114/><T18/><D132/><U40/><E75/><V74/><F118/><W105/><G126/><T13/><D1/><U129/><E40/><V7/><F74/><W96/><G134/><T44/><D68/><U48/><E125/><V89/><F111/><W71/><G9/><T80/><D33/><U27/><E27/><V127/><F123/><W135/><G135/><T99/><D38/><U31/><E31/><V73/><F73/><W22/><G22/><T47/><D39/><U3/><E3/><V15/><F89/><W77/><G77/><T115/><D107/><U26/><E26/><V76/><F76/><W66/><G42/><T110/><D106/><U87/><E94/><V113/><F113/><W116/><G116/><T23/><D110/><U49/><E6/><V37/><F37/><W84/><G84/><T24/><D13/><U54/><E14/><V79/><F79/><W28/><G28/><T112/><D112/><U21/><E21/><V102/><F2/><W69/><G105/><T91/><REACH who="0" step="1"/><D115/><REACH who="0" ten="156,278,240,316" step="2"/><U45/><REACH who="1" step="1"/><E54/><REACH who="1" ten="156,268,240,316" step="2"/><V103/><F133/><W0/><G12/><T86/><D86/><U108/><E108/><V5/><F127/><W30/><G0/><T130/><D130/><U119/><E119/><V117/><F117/><W29/><G104/><T97/><D97/><U81/><E81/><V16/><F15/><W41/><G98/><T19/><D19/><U82/><E82/><V43/><F34/><W92/><G96/><T17/><D17/><U88/><E88/><V62/><N who="2" m="25600" /><DORA hai="35" /><V51/><F32/><W4/><G30/><RYUUKYOKU ba="1,2" sc="156,10,268,10,240,10,316,-30" hai0="18,23,24,44,46,47,55,59,80,83,91,95,99" hai1="45,48,49,52,53,58,60,67,85,87,128,129,131" hai2="5,7,16,20,25,43,51,57,62,64" /><INIT seed="4,2,2,5,5,39" ten="166,278,250,286" oya="0" hai0="33,4,99,48,96,31,30,70,10,14,38,118,93" hai1="132,126,66,56,85,88,100,73,125,6,59,50,84" hai2="106,20,105,128,110,1,87,34,109,61,64,22,89" hai3="40,42,25,121,75,122,77,55,62,82,44,97,78"/><T24/><D118/><U35/><E73/><V86/><F34/><W67/><G78/><T133/><D133/><U15/><E132/><V47/><F1/><W76/><G76/><T95/><D38/><U80/><E35/><V11/><F11/><W60/><G97/><T79/><D70/><U102/><E85/><V83/><F47/><W9/><G25/><T119/><D119/><U32/><E32/><V98/><F61/><W94/><G94/><T2/><D31/><U27/><E27/><V58/><F58/><N who="1" m="22057" /><E66/><V53/><F64/><W29/><G29/><T72/><D2/><U123/><E50/><V71/><F71/><W135/><G9/><T63/><D63/><U3/><E3/><V23/><F98/><W5/><G5/><T92/><REACH who="0" step="1"/><D48/><REACH who="0" ten="156,278,250,286" step="2"/><U130/><E123/><N who="3" m="47114" /><G135/><T68/><D68/><U19/><E130/><V41/><F128/><W13/><G62/><T36/><D36/><U127/><E6/><V17/><F109/><W54/><G60/><T90/><D90/><U104/><E104/><V101/><F110/><W117/><G117/><T74/><D74/><U131/><E131/><V65/><F89/><W120/><G120/><T91/><D91/><U37/><E37/><V7/><F106/><W0/><G0/><T18/><D18/><U124/><N who="1" m="31744" /><DORA hai="52" /><U57/><E57/><V81/><F105/><W8/><G67/><T108/><D108/><U16/><E19/><V115/><F17/><N who="3" m="8359" /><G44/><T134/><D134/><U21/><AGARI ba="2,3" hai="15,16,21,80,84,88,100,102" m="31744,22057" machi="21" ten="60,12000,2" yaku="18,1,52,3,54,2" doraHai="39,52" who="1" fromWho="1" sc="156,-62,278,156,250,-32,286,-32" /><INIT seed="5,0,0,5,0,102" ten="94,434,218,254" oya="1" hai0="78,82,69,62,119,122,92,31,132,19,20,106,27" hai1="56,116,36,38,0,9,67,81,11,68,43,50,1" hai2="7,46,64,61,23,54,17,2,121,100,39,29,126" hai3="32,114,45,14,70,107,37,60,3,124,34,129,52"/><U21/><E116/><V71/><F121/><W104/><G3/><T130/><D119/><U83/><E68/><V93/><F126/><W91/><G124/><T15/><D122/><U76/><E21/><V49/><F29/><W33/><G114/><T123/><D123/><U42/><E50/><V87/><F7/><W109/><G109/><T108/><D108/><U18/><E56/><V115/><F2/><W90/><G129/><T30/><D132/><U25/><E25/><V75/><F75/><W53/><G14/><T8/><D130/><U13/><E13/><V48/><F115/><W58/><G70/><T40/><D40/><U113/><E113/><V88/><F100/><W97/><G97/><T101/><D92/><U135/><E67/><V74/><F74/><W80/><G80/><T16/><D62/><U131/><E131/><V94/><F49/><W110/><G110/><T22/><D8/><U51/><E51/><V111/><F111/><W41/><REACH who="3" step="1"/><G53/><REACH who="3" ten="94,434,218,244" step="2"/><T84/><REACH who="0" step="1"/><D69/><REACH who="0" ten="84,434,218,244" step="2"/><U26/><E135/><V103/><F71/><W72/><G72/><T6/><D6/><U79/><E26/><V134/><F134/><W5/><G5/><T99/><AGARI ba="0,2" hai="15,16,19,20,22,27,30,31,78,82,84,99,101,106" machi="99" ten="30,7900,0" yaku="1,1,0,1,52,1,54,1,53,0" doraHai="102" doraHaiUra="112" who="0" fromWho="0" sc="84,99,434,-39,218,-20,244,-20" /><INIT seed="6,0,0,5,1,82" ten="183,395,198,224" oya="2" hai0="121,35,108,42,9,24,76,87,80,72,88,117,2" hai1="1,60,89,21,36,53,66,124,102,118,23,30,97" hai2="10,114,68,34,63,62,83,6,50,7,51,103,74" hai3="127,75,98,37,64,101,3,128,130,54,110,119,111"/><V79/><F114/><W11/><G119/><T90/><D121/><U99/><E118/><V39/><F34/><W13/><G3/><T49/><D108/><U81/><E1/><V94/><F6/><W93/><G75/><T95/><D117/><U135/><E36/><V4/><F7/><W5/><G37/><T104/><D2/><U122/><E122/><V0/><F63/><W84/><G64/><T132/><D132/><U67/><E135/><V69/><F68/><W129/><G127/><T57/><D9/><U26/><E124/><V100/><F100/><W91/><REACH who="3" step="1"/><G54/><REACH who="3" ten="183,395,198,214" step="2"/><N who="0" m="31951" /><D72/><U70/><E53/><V55/><F39/><W15/><G15/><T131/><D131/><U106/><E67/><V16/><F55/><W133/><G133/><T32/><D42/><U46/><E66/><V40/><F40/><W56/><G56/><T86/><D104/><AGARI ba="0,1" hai="5,11,13,84,91,93,98,101,104,110,111,128,129,130" machi="104" ten="40,5200,0" yaku="1,1,19,1,52,1,53,0" doraHai="82" doraHaiUra="28" who="3" fromWho="0" sc="183,-52,395,0,198,0,214,62" /><INIT seed="7,0,0,3,2,72" ten="131,395,198,276" oya="3" hai0="111,5,133,16,104,14,88,44,131,7,127,29,78" hai1="10,17,52,89,134,77,106,50,61,108,43,82,26" hai2="34,100,96,71,51,1,66,124,81,92,73,9,91" hai3="4,128,76,118,75,90,3,130,117,121,25,38,39"/><W62/><G121/><T103/><D111/><U101/><E108/><V107/><F51/><W33/><G90/><T47/><D127/><U37/><E134/><V70/><F66/><W12/><G12/><T27/><D131/><N who="3" m="50217" /><G62/><T126/><D126/><U115/><E115/><V21/><F21/><W123/><G123/><T24/><D133/><U35/><E89/><V79/><F34/><W120/><G120/><T18/><D104/><U40/><E61/><V0/><F124/><W49/><G49/><T122/><D122/><U94/><E106/><V116/><F116/><N who="3" m="44651" /><G4/><T119/><D119/><U59/><E37/><V69/><REACH who="2" step="1"/><F9/><REACH who="2" ten="131,395,188,276" step="2"/><W86/><G39/><T87/><D103/><U53/><E10/><V68/><N who="2" m="17408" /><DORA hai="109" /><V98/><AGARI ba="0,1" hai="0,1,73,79,81,91,92,96,98,100,107" m="17408" machi="98" ten="60,8000,1" yaku="1,1,4,1,0,1,52,1,53,0" doraHai="72,109" doraHaiUra="132,46" who="2" fromWho="2" sc="131,-20,395,-20,188,90,276,-40" owari="111,-39.0,375,47.0,278,8.0,236,-16.0" /></mjloggm>