<mjloggm ver="2.3"><GO type="185" lobby="0"/><UN n0="%E9%96%A2%E8%A5%BF%E9%9B%80%E5%A3%AB%E4%BC%9A" n1="%E3%81%9F%E3%82%93%E3%82%86%E3%81%86" n2="%E3%82%B3%E3%82%B3%E3%82%A2%E3%81%AF%E4%BF%BA%E3%81%AE%E5%AB%81" n3="" dan="16,16,17,0" rate="2099.31,2240.02,2237.60,1500.00" sx="M,F,F,C"/><TAIKYOKU oya="0"/><INIT seed="0,0,0,1,1,100" ten="350,350,350,0" oya="0" hai0="108,110,52,81,59,53,0,122,115,55,61,74,99" hai1="45,64,33,97,86,134,43,44,106,118,66,41,72" hai2="73,84,101,120,67,65,111,46,82,35,63,132,56" hai3=""/><T98/><N who="0" m="31264" /><T47/><D0/><U62/><E33/><V40/><N who="2" m="30752" /><V36/><F35/><T71/><D115/><U121/><N who="1" m="31008" /><U80/><E72/><V123/><N who="2" m="31520" /><V58/><F73/><T42/><D71/><U60/><E118/><V104/><F111/><N who="0" m="42538" /><D81/><U2/><E2/><V112/><F112/><T116/><D116/><U91/><E134/><V96/><F132/><T83/><D83/><U78/><E106/><V88/><F58/><T102/><D74/><U117/><E117/><V119/><F119/><T109/><D109/><U57/><E97/><N who="0" m="36873" /><D102/><U114/><E114/><V85/><F85/><T32/><D32/><U70/><E78/><V92/><REACH who="2" step="1"/><F67/><REACH who="2" ten="350,350,340,0" step="2"/><T68/><D68/><U89/><E89/><V105/><AGARI ba="0,1" hai="36,40,46,56,63,65,82,84,88,92,96,101,104,105" m="31520,30752" machi="105" ten="30,12000,3" yaku="1,1,2,1,0,1,52,4,54,1,53,0" doraHai="100" doraHaiUra="130" who="2" fromWho="2" sc="350,-80,350,-40,340,130,0,0" /><INIT seed="1,0,0,0,5,59" ten="270,310,470,0" oya="1" hai0="82,70,33,47,83,34,51,66,122,102,65,2,105" hai1="55,45,75,0,41,88,107,104,128,62,113,97,77" hai2="3,64,78,101,80,100,129,95,92,54,114,68,116" hai3=""/><U50/><E0/><V117/><F3/><T37/><N who="0" m="31264" /><T32/><D2/><U76/><E113/><V35/><F35/><T43/><D37/><U67/><E128/><V90/><F114/><T40/><D40/><U108/><E108/><V109/><F109/><T60/><REACH who="0" step="1"/><D66/><REACH who="0" ten="260,310,470,0" step="2"/><U48/><E75/><V87/><F64/><T52/><D52/><U121/><N who="1" m="31008" /><U127/><E127/><V61/><F54/><T94/><D94/><U56/><E107/><V73/><F92/><T110/><D110/><U103/><REACH who="1" step="1"/><E88/><REACH who="1" ten="260,300,470,0" step="2"/><V99/><F90/><T86/><D86/><U106/><E106/><V38/><F87/><T125/><D125/><U115/><E115/><V74/><F73/><T91/><D91/><U132/><E132/><V96/><F74/><T126/><D126/><U1/><E1/><V93/><F93/><T131/><D131/><U79/><E79/><V81/><F78/><T120/><N who="0" m="30752" /><T130/><D130/><U57/><AGARI ba="0,2" hai="41,45,48,50,55,56,57,62,67,76,77,97,103,104" m="31008" machi="57" ten="20,12000,2" yaku="1,1,0,1,7,1,52,2,53,1" doraHai="59" doraHaiUra="118" who="1" fromWho="1" sc="260,-60,300,140,470,-60,0,0" /><INIT seed="1,1,0,4,0,74" ten="200,440,410,0" oya="1" hai0="115,77,126,63,56,134,85,88,92,100,37,125,131" hai1="119,107,43,73,51,67,98,70,105,72,133,130,32" hai2="61,127,62,0,103,84,34,66,124,64,101,79,135" hai3=""/><U36/><E32/><V123/><N who="2" m="31520" /><V90/><F34/><T117/><D115/><U2/><E2/><V39/><F0/><T35/><D35/><U41/><E119/><V113/><F39/><T3/><D3/><U44/><E130/><V114/><F79/><T82/><D37/><U53/><E133/><V65/><F135/><T33/><D33/><U69/><E43/><V49/><F49/><T86/><D134/><U87/><E87/><V48/><F48/><T110/><D110/><U99/><E99/><V96/><F84/><T116/><D131/><U97/><E97/><V104/><F90/><T83/><D100/><U57/><E70/><V121/><N who="2" m="31008" /><V71/><F103/><T111/><D111/><U81/><E98/><V120/><N who="2" m="30752" /><V108/><F108/><T75/><D56/><U93/><E93/><V128/><F128/><T106/><D63/><N who="2" m="24074" /><F71/><T109/><D106/><U46/><E69/><V94/><F104/><T47/><D47/><U50/><E73/><V89/><F101/><T122/><N who="0" m="31264" /><T68/><D68/><U59/><E105/><V80/><F80/><T76/><D109/><U55/><E107/><V45/><F45/><T40/><D40/><U38/><E38/><V129/><F129/><RYUUKYOKU ba="1,0" sc="200,10,440,-20,410,10,0,0" hai0="75,76,77,82,83,85,86,88,92,116,117,125,126" hai2="64,65,66,89,94,96,113,114,124,127" /><INIT seed="2,2,0,0,0,102" ten="210,420,420,0" oya="2" hai0="39,129,95,96,85,59,118,61,2,134,78,36,132" hai1="50,116,88,32,103,97,70,49,65,82,101,119,105" hai2="43,58,76,92,112,0,100,33,54,115,48,94,90" hai3=""/><V135/><F0/><T109/><D2/><U45/><E32/><V1/><F1/><T37/><D118/><N who="1" m="45099" /><E103/><V3/><F3/><T55/><D109/><U74/><E74/><V125/><F33/><T111/><D111/><U60/><E45/><V80/><F125/><T121/><N who="0" m="31008" /><T52/><D129/><U40/><E40/><V69/><F69/><T77/><D55/><U107/><E107/><V99/><F135/><N who="0" m="51754" /><D85/><AGARI ba="2,0" hai="49,50,60,65,70,82,85,88,97,101,105" m="45099" machi="85" ten="30,3900,0" yaku="12,1,52,1,54,1" doraHai="102" who="1" fromWho="0" sc="210,-43,420,43,420,0,0,0" /><INIT seed="4,0,0,4,1,59" ten="167,463,420,0" oya="0" hai0="71,103,126,113,128,83,61,42,62,92,119,89,80" hai1="109,116,40,39,106,0,73,95,134,55,36,52,2" hai2="104,58,37,96,123,48,110,87,49,98,127,132,77" hai3=""/><T101/><D119/><U44/><E106/><V66/><N who="2" m="31520" /><V114/><F110/><T125/><D71/><U60/><E116/><V47/><F114/><T93/><D42/><U82/><E109/><V32/><F32/><T51/><D51/><U57/><E39/><V45/><F127/><N who="0" m="48650" /><D128/><U105/><E105/><V33/><F33/><T74/><D113/><U81/><E95/><N who="0" m="36425" /><D89/><U117/><E117/><V46/><F132/><T121/><N who="0" m="31008" /><T129/><D129/><U68/><E134/><V3/><F3/><T35/><D74/><U50/><E73/><V131/><F48/><T64/><D64/><U91/><E91/><V118/><F66/><T108/><D35/><U84/><E68/><V56/><F49/><T76/><D108/><U88/><E81/><N who="0" m="31305" /><D76/><U130/><E130/><V94/><F118/><T100/><AGARI ba="0,0" hai="61,62,100,101,103" m="31305,31008,36425,48650" machi="100" ten="40,12000,2" yaku="28,2,18,1,52,3" doraHai="59" who="0" fromWho="0" sc="167,120,463,-60,420,-60,0,0" /><INIT seed="4,1,0,2,4,129" ten="287,403,360,0" oya="0" hai0="69,1,104,33,38,92,110,88,119,63,122,34,61" hai1="115,55,94,46,114,37,112,126,70,41,79,120,111" hai2="78,68,54,102,56,121,123,39,101,96,131,35,105" hai3=""/><T74/><RYUUKYOKU type="yao9" ba="1,0" sc="287,0,403,0,360,0,0,0" hai0="1,33,34,38,61,63,69,74,88,92,104,110,119,122" /><INIT seed="4,2,0,2,3,0" ten="287,403,360,0" oya="0" hai0="90,126,62,91,125,103,73,112,92,68,48,86,99" hai1="130,128,134,110,57,52,123,118,119,88,98,60,111" hai2="97,113,41,50,43,64,56,38,78,131,122,67,107" hai3=""/><T66/><D73/><U133/><N who="1" m="31520" /><U34/><E34/><V72/><N who="2" m="31264" /><V70/><F113/><T59/><D112/><U35/><E35/><V1/><F1/><T79/><D79/><U82/><E82/><V36/><F131/><N who="1" m="50217" /><E98/><V100/><F78/><T55/><REACH who="0" step="1"/><D91/><REACH who="0" ten="277,403,360,0" step="2"/><U84/><E88/><V115/><F72/><T93/><AGARI ba="2,1" hai="48,55,59,62,66,68,86,90,92,93,99,103,125,126" machi="93" ten="30,4000,0" yaku="1,1,2,1,0,1,53,0" doraHai="0" doraHaiUra="32" who="0" fromWho="0" sc="277,54,403,-22,360,-22,0,0" /><INIT seed="4,3,0,3,2,83" ten="331,381,338,0" oya="0" hai0="100,113,118,110,64,36,94,34,129,123,65,84,95" hai1="96,66,117,0,43,1,85,107,115,70,93,122,35" hai2="76,33,53,39,130,134,73,49,132,57,121,48,116" hai3=""/><T32/><N who="0" m="31520" /><T125/><D118/><U40/><N who="1" m="31264" /><U45/><E35/><V67/><N who="2" m="31008" /><V55/><F33/><T99/><D36/><U54/><E117/><V90/><F116/><T74/><D74/><U37/><E43/><V126/><F39/><T101/><D113/><U104/><E104/><V52/><F126/><T102/><D129/><U86/><E107/><V78/><F130/><T38/><D38/><U60/><E115/><V135/><F90/><T133/><D133/><U72/><E72/><V103/><F103/><T91/><D125/><U119/><E119/><V47/><F73/><T79/><D110/><U105/><E105/><V63/><REACH who="2" step="1"/><F55/><REACH who="2" ten="331,381,328,0" step="2"/><T120/><N who="0" m="30752" /><T69/><D34/><U89/><REACH who="1" step="1"/><E54/><REACH who="1" ten="331,371,328,0" step="2"/><V98/><F98/><T81/><D32/><U61/><E61/><V59/><AGARI ba="3,2" hai="47,48,49,52,53,57,59,63,67,76,78,132,134,135" m="31008" machi="59" ten="30,6000,1" yaku="1,1,0,1,20,1,52,1,54,1,53,0" doraHai="83" doraHaiUra="124" who="2" fromWho="2" sc="331,-43,371,-23,328,86,0,0" /><INIT seed="5,0,0,0,3,57" ten="288,348,414,0" oya="1" hai0="105,46,115,135,110,68,94,43,118,91,3,52,35" hai1="62,81,70,133,58,32,109,76,2,67,84,130,116" hai2="51,87,101,77,79,98,65,83,55,47,104,125,113" hai3=""/><U39/><E2/><V69/><F125/><T45/><D35/><U1/><E1/><V112/><F69/><T120/><N who="0" m="30752" /><T44/><D105/><U36/><E32/><V122/><N who="2" m="31264" /><V50/><F65/><T97/><D110/><U73/><E116/><V56/><REACH who="2" step="1"/><F79/><REACH who="2" ten="288,348,404,0" step="2"/><T96/><D3/><U99/><E109/><V85/><F85/><T129/><D68/><U63/><E130/><V41/><AGARI ba="0,1" hai="41,47,50,51,55,56,77,83,87,98,101,104,112,113" m="31264" machi="41" ten="30,5900,0" yaku="1,1,0,1,52,1,53,1" doraHai="57" doraHaiUra="72" who="2" fromWho="2" sc="288,-20,348,-39,404,69,0,0" /><INIT seed="6,0,0,1,4,63" ten="268,309,473,0" oya="2" hai0="86,93,74,80,132,58,59,78,119,102,67,71,112" hai1="131,110,66,90,0,82,49,36,69,84,124,129,1" hai2="70,77,130,98,127,2,83,133,105,128,51,44,37" hai3=""/><V126/><F2/><T99/><D132/><U92/><E36/><V55/><F70/><T35/><D35/><U125/><E110/><V85/><F37/><T81/><D119/><U91/><E49/><V87/><F133/><T32/><D32/><U135/><E135/><V42/><F87/><T109/><D109/><U107/><E107/><V60/><F98/><T48/><D112/><U65/><E69/><V118/><F105/><T113/><D113/><U89/><E89/><V53/><F118/><T79/><REACH who="0" step="1"/><D48/><REACH who="0" ten="258,309,473,0" step="2"/><U88/><E1/><V117/><F117/><T62/><AGARI ba="0,1" hai="58,59,62,67,71,74,78,79,80,81,86,93,99,102" machi="62" ten="30,6000,1" yaku="1,1,2,1,0,1,52,1,53,1" doraHai="63" doraHaiUra="97" who="0" fromWho="0" sc="258,70,309,-20,473,-40,0,0" owari="328,-7.0,289,-31.0,433,38.0,0,0.0" /></mjloggm>