<mjloggm ver="2.3"><GO type="169" lobby="0"/><UN n0="%73%69%6E%34%36" n1="%77%69%6C%73%6F%6E" n2="%E3%81%9F%E3%82%93%E3%82%86%E3%81%86" n3="%E3%81%B4%E3%83%BC%E3%81%8A%E3%81%8B" dan="16,16,16,16" rate="2157.38,2155.36,2145.79,2136.70" sx="M,M,F,M"/><TAIKYOKU oya="0"/><INIT seed="0,0,0,4,0,75" ten="250,250,250,250" oya="0" hai0="15,47,8,134,41,102,3,50,122,66,73,34,86" hai1="32,129,126,23,101,35,83,25,110,29,5,70,130" hai2="33,100,24,46,40,108,67,133,1,99,132,109,74" hai3="84,37,92,115,135,76,61,6,22,93,62,52,0"/><T97/><D73/><U7/><E70/><V72/><F1/><W28/><G115/><T89/><D122/><U45/><E101/><V13/><F13/><W48/><G135/><N who="2" m="51785" /><F67/><W88/><G37/><T10/><D34/><N who="1" m="12843" /><E45/><V98/><F98/><W68/><G68/><T95/><D134/><U118/><E83/><V27/><F27/><N who="3" m="16503" /><G6/><N who="1" m="2058" /><E118/><V105/><F24/><W36/><G0/><T128/><D3/><U54/><E54/><V90/><F33/><W81/><G36/><T16/><D128/><N who="1" m="49259" /><E110/><N who="2" m="42603" /><F90/><W17/><G17/><T2/><D2/><U114/><E114/><V111/><N who="2" m="42611" /><V18/><DORA hai="20" /><F18/><W4/><G4/><T55/><D66/><U117/><E117/><V103/><F103/><W9/><G9/><T38/><D8/><U60/><E60/><N who="3" m="23146" /><G88/><T113/><D113/><U65/><E65/><V77/><F100/><W59/><AGARI ba="0,0" hai="48,52,59,76,81,84,92,93" m="23146,16503" machi="59" ten="30,7900,0" yaku="8,1,52,2,54,1" doraHai="75,20" who="3" fromWho="3" sc="250,-39,250,-20,250,-20,250,79" /><INIT seed="1,0,0,5,3,40" ten="211,230,230,329" oya="1" hai0="125,124,121,0,36,83,13,33,76,130,120,16,97" hai1="75,65,49,7,112,37,86,2,3,66,79,1,22" hai2="119,94,5,100,10,20,108,93,34,26,110,87,60" hai3="27,80,59,24,46,126,122,57,45,4,128,12,53"/><U21/><E37/><V132/><F34/><W11/><G122/><N who="0" m="47211" /><D36/><U68/><E112/><V72/><F72/><W103/><G126/><N who="0" m="48747" /><D97/><U50/><E75/><V123/><F123/><W133/><G128/><T88/><D0/><U105/><E105/><V44/><F119/><W38/><G133/><T131/><D76/><U32/><E32/><V74/><F74/><W62/><G38/><T23/><D33/><U82/><E7/><V109/><F132/><W41/><G41/><T47/><D47/><N who="3" m="17929" /><G103/><T64/><D64/><U99/><E99/><V98/><F44/><W51/><G80/><T15/><D13/><U28/><E68/><V63/><F87/><AGARI ba="0,0" hai="15,16,23,83,87,88,130,131" m="48747,47211" machi="87" ten="40,8000,1" yaku="13,1,18,1,54,2" doraHai="40" who="0" fromWho="2" sc="211,80,230,0,230,-80,329,0" /><INIT seed="2,0,0,3,0,115" ten="291,230,150,329" oya="2" hai0="121,41,98,59,75,96,15,87,76,108,88,82,110" hai1="2,11,20,16,44,24,134,99,67,14,7,133,83" hai2="47,97,63,27,72,119,9,124,6,36,25,43,53" hai3="58,21,120,101,68,79,42,130,93,113,106,26,107"/><V50/><F124/><W52/><G68/><T112/><D41/><U90/><E67/><V51/><F51/><W109/><G120/><T132/><D59/><U28/><E44/><V74/><F97/><N who="0" m="37482" /><D15/><U105/><E83/><V57/><F72/><W40/><G109/><N who="0" m="42091" /><D112/><U117/><E117/><V92/><F92/><W126/><G93/><N who="0" m="54431" /><D132/><N who="1" m="50795" /><E90/><V95/><F95/><W94/><G94/><T114/><D114/><U64/><E64/><V86/><F86/><W103/><G126/><T84/><D121/><U78/><E78/><V77/><F63/><W116/><G79/><T54/><D54/><U18/><E99/><V1/><REACH who="2" step="1"/><F119/><REACH who="2" ten="291,230,140,329" step="2"/><W104/><G116/><T125/><D125/><U69/><E105/><V10/><F10/><W89/><G107/><T73/><AGARI ba="0,1" hai="73,75,76,82,84" m="54431,42091,37482" machi="73" ten="30,7900,0" yaku="14,1,34,2,54,1" doraHai="115" who="0" fromWho="0" sc="291,89,230,-20,140,-39,329,-20" /><INIT seed="3,0,0,5,5,70" ten="380,210,101,309" oya="3" hai0="38,128,121,23,68,134,89,98,62,37,27,5,12" hai1="18,112,39,46,48,76,102,56,4,69,42,81,40" hai2="8,1,124,133,93,82,116,32,20,16,73,96,92" hai3="25,111,60,95,64,120,75,88,106,11,59,114,101"/><W44/><G114/><T36/><D121/><U84/><E112/><V91/><F32/><W30/><G120/><T119/><D119/><U115/><E115/><V26/><F116/><W74/><G111/><T50/><D128/><U29/><E69/><V113/><F113/><W130/><G130/><T135/><D50/><U104/><E29/><V100/><F124/><W10/><G74/><T79/><D79/><U19/><E4/><V107/><F133/><N who="0" m="50698" /><D98/><U47/><REACH who="1" step="1"/><E56/><REACH who="1" ten="380,200,101,309" step="2"/><V110/><F110/><W53/><G75/><T45/><D45/><U28/><E28/><V66/><F66/><W14/><G44/><T21/><D89/><U125/><E125/><V54/><F54/><W118/><G53/><T105/><D105/><U17/><E17/><V6/><REACH who="2" step="1"/><F91/><REACH who="2" ten="380,200,91,309" step="2"/><W109/><G88/><T129/><D129/><U80/><E80/><V52/><F52/><W0/><G118/><T78/><D78/><AGARI ba="0,2" hai="1,6,8,16,20,26,73,78,82,92,93,96,100,107" machi="78" ten="40,2600,0" yaku="1,1,54,1,53,0" doraHai="70" doraHaiUra="57" who="2" fromWho="0" sc="380,-26,200,0,91,46,309,0" /><INIT seed="4,0,0,3,1,39" ten="354,200,137,309" oya="0" hai0="100,121,1,104,7,26,42,67,77,59,68,31,129" hai1="99,0,81,3,54,122,97,13,32,19,23,41,112" hai2="131,107,75,6,117,44,95,18,49,57,133,43,113" hai3="128,116,10,83,22,53,61,63,47,46,103,123,65"/><T29/><D121/><U58/><E122/><V98/><F107/><W79/><G116/><T89/><D129/><U60/><E32/><V36/><F75/><W115/><G115/><T5/><D59/><U127/><E127/><V56/><F113/><W37/><G128/><T8/><D89/><U118/><E112/><V9/><F131/><W70/><G103/><T50/><D5/><U73/><E118/><V66/><F117/><W87/><G123/><T90/><D90/><U76/><REACH who="1" step="1"/><E41/><REACH who="1" ten="354,190,137,309" step="2"/><V15/><F133/><W34/><G34/><T109/><D42/><U110/><E110/><V24/><F36/><W33/><G37/><T64/><D109/><U52/><E52/><V96/><F66/><W126/><G33/><T125/><D64/><U38/><E38/><V84/><F84/><W124/><G124/><T40/><D40/><U62/><E62/><V69/><F69/><W102/><G63/><T51/><D67/><U80/><E80/><V16/><F98/><AGARI ba="0,1" hai="0,3,13,19,23,54,58,60,73,76,81,97,98,99" machi="98" ten="40,1300,0" yaku="1,1,53,0" doraHai="39" doraHaiUra="119" who="1" fromWho="2" sc="354,0,190,23,137,-13,309,0" /><INIT seed="5,0,0,4,1,32" ten="354,213,124,309" oya="1" hai0="13,97,110,59,66,88,112,69,3,122,2,104,46" hai1="36,25,115,111,79,42,1,61,107,30,0,60,34" hai2="63,26,15,118,135,80,14,133,49,86,64,19,74" hai3="11,98,4,108,83,100,117,94,73,101,37,53,102"/><U113/><E111/><V96/><F74/><W119/><G108/><T20/><D110/><U92/><E92/><V43/><F118/><N who="3" m="45067" /><G37/><T51/><D69/><U18/><E107/><V130/><F130/><W48/><G73/><T106/><D112/><N who="1" m="43083" /><E79/><V85/><F96/><W126/><G83/><T38/><D106/><U109/><E109/><V76/><F85/><W70/><G70/><T77/><D77/><U22/><E36/><V7/><F26/><W52/><G126/><T17/><D38/><U105/><E42/><V41/><F15/><N who="3" m="5607" /><G53/><T10/><D122/><U12/><E105/><V89/><F89/><W91/><G91/><T31/><D104/><U33/><E33/><V116/><F116/><W131/><G131/><T125/><D125/><U24/><E24/><V134/><F7/><W27/><G27/><T121/><D121/><U84/><E84/><V129/><F129/><W124/><G124/><T62/><D31/><U56/><E61/><V81/><F80/><W28/><G28/><T45/><D20/><U9/><E22/><N who="2" m="11639" /><F49/><W50/><G50/><T47/><REACH who="0" step="1"/><D51/><REACH who="0" ten="344,213,124,309" step="2"/><U132/><E132/><V95/><F95/><AGARI ba="0,1" hai="2,3,10,13,17,45,46,47,59,62,66,88,95,97" machi="95" ten="40,8000,1" yaku="1,1,2,1,52,2,54,1,53,0" doraHai="32" doraHaiUra="128" who="0" fromWho="2" sc="344,90,213,0,124,-80,309,0" /><INIT seed="6,0,0,0,2,79" ten="434,213,44,309" oya="2" hai0="118,72,107,12,25,61,35,90,131,78,68,85,106" hai1="41,89,5,113,4,63,88,116,33,133,135,121,30" hai2="60,110,49,27,74,122,125,132,104,17,44,57,42" hai3="114,112,117,32,94,58,134,66,77,70,86,48,59"/><V99/><F122/><W111/><G117/><T105/><D131/><U37/><E116/><V91/><F132/><N who="1" m="50761" /><E121/><V82/><F125/><W23/><G134/><T126/><D12/><U100/><E113/><N who="3" m="43626" /><G32/><T54/><D78/><U16/><E100/><V65/><F110/><W97/><G111/><T87/><D87/><U34/><E37/><V21/><F104/><W26/><G48/><T51/><D72/><U56/><E41/><V43/><F74/><W95/><G70/><T71/><D61/><U28/><E34/><V19/><F43/><W24/><G66/><T50/><D50/><U11/><E33/><V2/><F2/><W108/><G24/><T1/><D1/><N who="1" m="399" /><E5/><V13/><F99/><W83/><G108/><T119/><D126/><U0/><E0/><V67/><F67/><W52/><G52/><T93/><D119/><U47/><E47/><V10/><REACH who="2" step="1"/><F91/><REACH who="2" ten="434,213,34,309" step="2"/><N who="3" m="55551" /><G94/><T115/><D118/><U109/><E109/><V3/><F3/><W39/><G39/><T20/><D115/><U120/><E120/><V128/><F128/><W31/><AGARI ba="0,1" hai="23,26,31,58,59,77,83,86" m="55551,43626" machi="31" ten="30,4000,0" yaku="15,1,11,1,52,1" doraHai="79" who="3" fromWho="3" sc="434,-10,213,-10,34,-20,309,50" /><INIT seed="7,0,0,4,1,86" ten="424,203,14,359" oya="3" hai0="13,93,68,123,105,114,111,7,28,24,103,12,59" hai1="104,58,3,6,70,78,82,130,10,39,48,95,2" hai2="40,67,124,118,20,52,112,76,15,134,71,121,87" hai3="50,100,35,101,22,33,18,9,4,122,99,26,92"/><W88/><G122/><T5/><D68/><U17/><E70/><V117/><F20/><W54/><G33/><T127/><D105/><U62/><E104/><V8/><F15/><W1/><REACH who="3" step="1"/><G35/><REACH who="3" ten="424,203,14,349" step="2"/><N who="0" m="20871" /><D111/><U29/><E130/><V57/><F8/><W126/><G126/><T66/><D123/><U25/><E39/><V34/><F34/><W116/><G116/><T64/><D127/><U51/><E3/><V135/><F76/><W133/><G133/><T113/><D5/><U27/><E17/><V85/><F85/><W84/><G84/><T83/><D7/><U53/><E95/><V21/><F87/><W90/><G90/><T30/><D83/><U31/><E31/><V74/><F74/><W14/><G14/><N who="0" m="5739" /><D30/><U110/><E110/><V43/><F21/><W46/><AGARI ba="0,1" hai="1,4,9,18,22,26,46,50,54,88,92,99,100,101" machi="46" ten="20,18000,2" yaku="1,1,0,1,7,1,52,1,54,1,53,1" doraHai="86" doraHaiUra="45" who="3" fromWho="3" sc="424,-60,203,-60,14,-60,349,190" owari="364,16.0,143,-26.0,-46,-55.0,539,65.0" /></mjloggm>