<mjloggm ver="2.3"><GO type="169" lobby="0"/><UN n0="%E3%82%A2%E3%83%A1%E3%83%B3%E3%83%9D%E3%81%A6%E3%81%B5" n1="%E6%9C%A8%E6%BC%8F%E3%82%8C%E6%97%A5" n2="%4B%57" n3="%5C%E3%81%AF%E3%81%A1%E3%81%8D%E3%82%87%E3%81%86%2F" dan="17,17,16,16" rate="2174.22,2192.94,2050.24,2103.72" sx="M,M,M,M"/><TAIKYOKU oya="0"/><INIT seed="0,0,0,5,3,132" ten="250,250,250,250" oya="0" hai0="11,79,32,133,42,95,78,5,102,9,39,109,63" hai1="118,70,49,2,41,55,60,73,38,58,17,98,59" hai2="1,64,113,12,24,111,62,129,29,103,22,27,71" hai3="106,130,86,4,43,76,92,125,26,36,46,67,124"/><T31/><D133/><U56/><E73/><V94/><F113/><W121/><G130/><T3/><D9/><U13/><E2/><V10/><F129/><W85/><G106/><T23/><D32/><U50/><E98/><V116/><F111/><W104/><G104/><T96/><D109/><U91/><E91/><V110/><F110/><W115/><G115/><T89/><D89/><U88/><E88/><V135/><F135/><W47/><G121/><T35/><D35/><U48/><E13/><V72/><F72/><W52/><G92/><T6/><D6/><U34/><E17/><V80/><F80/><W7/><G67/><T126/><D126/><N who="3" m="48745" /><G26/><T82/><D82/><U128/><E34/><V14/><F116/><W40/><G52/><T25/><D42/><U74/><E118/><V100/><F27/><W28/><G28/><T122/><D122/><U90/><E128/><V123/><F123/><W84/><G76/><T87/><D79/><U66/><E90/><V117/><F117/><W44/><G44/><T101/><D78/><U119/><E74/><V8/><F1/><W20/><G20/><T33/><D23/><U65/><E119/><V45/><F45/><W54/><G54/><T114/><D114/><U99/><E99/><V75/><F75/><W97/><G97/><T105/><D105/><U69/><E55/><V120/><F120/><W83/><G83/><T53/><D53/><U134/><E134/><V108/><F108/><W68/><G68/><N who="1" m="26218" /><E66/><V112/><F112/><W18/><G18/><T93/><D25/><U131/><E131/><V57/><F24/><RYUUKYOKU ba="0,0" sc="250,-15,250,15,250,-15,250,15" hai1="38,41,48,49,50,56,58,59,60,65" hai3="4,7,36,40,43,46,47,84,85,86" /><INIT seed="1,1,0,3,1,66" ten="235,265,235,265" oya="1" hai0="43,99,78,0,84,117,42,62,86,2,13,101,104" hai1="17,10,91,88,32,123,11,18,116,109,90,134,72" hai2="127,126,3,25,95,16,105,115,37,130,97,67,61" hai3="68,124,60,38,128,33,58,54,113,73,7,65,112"/><U24/><E116/><V44/><F130/><W108/><G33/><T125/><D117/><U51/><E123/><V46/><F115/><N who="3" m="44107" /><G73/><T5/><D125/><N who="2" m="47626" /><F3/><W75/><G7/><T118/><D118/><U35/><E72/><V36/><F105/><W129/><G124/><T79/><D62/><U63/><E134/><V14/><F25/><W100/><G75/><T119/><D119/><U71/><E51/><V19/><F37/><W70/><G100/><T31/><D31/><U87/><E87/><V28/><F28/><W82/><G82/><T12/><D5/><U135/><E135/><V57/><F36/><W41/><G108/><T47/><D101/><U114/><E114/><V77/><F77/><W83/><G83/><T23/><D104/><U102/><E102/><N who="2" m="60735" /><F19/><W9/><G9/><AGARI ba="1,0" hai="9,14,16,44,46,57,61,67" m="60735,47626" machi="9" ten="30,2000,0" yaku="18,1,54,1" doraHai="66" who="2" fromWho="3" sc="235,0,265,0,235,23,265,-23" /><INIT seed="2,0,0,2,2,0" ten="235,265,258,242" oya="2" hai0="40,80,90,70,68,61,96,117,6,2,95,86,34" hai1="109,31,25,113,4,1,37,102,93,52,28,38,74" hai2="66,9,105,7,67,57,110,131,54,58,60,62,88" hai3="42,16,75,100,133,107,125,51,53,129,17,79,128"/><V24/><F131/><N who="3" m="50251" /><G133/><T64/><D117/><U121/><E113/><V5/><F110/><W112/><G112/><T83/><D34/><U20/><E74/><V41/><F105/><W81/><G125/><T124/><D124/><U132/><E109/><V35/><F41/><W22/><G42/><T23/><D40/><U11/><E132/><V21/><F35/><W10/><G10/><T97/><D70/><U44/><E31/><N who="2" m="17807" /><F9/><W94/><G107/><T47/><D47/><U116/><E116/><V49/><F88/><W59/><G22/><T82/><D23/><U55/><E121/><V45/><AGARI ba="0,0" hai="5,7,45,49,54,57,58,60,62,66,67" m="17807" machi="45" ten="30,6000,0" yaku="8,1,52,2" doraHai="0" who="2" fromWho="2" sc="235,-20,265,-20,258,60,242,-20" /><INIT seed="2,1,0,1,4,77" ten="215,245,318,222" oya="2" hai0="15,51,4,130,123,104,108,42,17,89,30,36,118" hai1="119,59,131,100,133,37,73,128,103,87,47,23,24" hai2="126,58,54,66,20,46,85,72,81,95,43,18,16" hai3="44,33,116,97,34,10,99,39,110,96,90,92,2"/><V49/><F126/><W11/><G116/><T67/><D123/><U31/><E73/><V109/><F109/><W129/><G110/><T79/><D108/><U38/><E119/><V74/><F66/><W56/><G129/><N who="1" m="49738" /><E133/><V115/><F95/><W107/><G107/><T8/><D104/><U124/><E124/><V101/><F101/><N who="1" m="38985" /><E47/><V135/><F115/><W122/><G122/><T70/><D118/><U22/><E59/><V55/><F55/><W69/><G69/><T62/><D36/><N who="1" m="13931" /><E87/><V63/><F135/><W0/><G56/><T13/><D130/><U28/><E24/><V40/><F40/><W112/><G112/><T12/><D42/><U76/><E76/><V3/><F3/><W50/><G39/><T21/><D79/><U57/><E57/><V41/><F43/><W114/><G114/><T106/><D106/><U6/><E6/><V19/><REACH who="2" step="1"/><F20/><AGARI ba="1,0" hai="20,22,23,28,31" m="13931,38985,49738" machi="20" ten="40,5200,0" yaku="28,2,19,1" doraHai="77" who="1" fromWho="2" sc="215,0,245,55,318,-55,222,0" /><INIT seed="3,0,0,4,3,133" ten="215,300,263,222" oya="3" hai0="81,106,77,103,85,91,109,42,4,120,48,18,86" hai1="69,57,1,67,54,34,3,98,68,13,0,82,73" hai2="33,30,99,11,97,118,10,63,43,46,55,94,12" hai3="84,122,92,126,80,32,79,70,50,65,101,37,75"/><W127/><G122/><T39/><D120/><U56/><E34/><V62/><F118/><W27/><G37/><T9/><D109/><U112/><E112/><V14/><F33/><W93/><G101/><T51/><D18/><U134/><E134/><V102/><F30/><N who="3" m="19551" /><G75/><T116/><D116/><U130/><E130/><V96/><F12/><W111/><G111/><T49/><D106/><U104/><E13/><V5/><F11/><W15/><G15/><N who="0" m="5543" /><D39/><U35/><E35/><V7/><F7/><W45/><G65/><T8/><D8/><U71/><E67/><V117/><F117/><W88/><G70/><T105/><D105/><U131/><E131/><V22/><F22/><W132/><G79/><T125/><D103/><U115/><E115/><V58/><REACH who="2" step="1"/><F63/><REACH who="2" ten="215,300,253,222" step="2"/><W19/><G132/><T36/><D42/><U95/><E3/><V61/><F61/><W16/><G19/><T128/><D128/><U87/><E1/><V129/><F129/><W26/><G16/><T40/><D40/><U76/><E0/><V23/><F23/><W2/><G2/><T41/><D41/><U108/><E108/><V38/><AGARI ba="0,1" hai="5,10,14,38,43,46,55,58,62,94,96,97,99,102" machi="38" ten="20,5200,0" yaku="1,1,0,1,7,1,53,1" doraHai="133" doraHaiUra="89" who="2" fromWho="2" sc="215,-13,300,-13,253,62,222,-26" /><INIT seed="4,0,0,1,2,27" ten="202,287,315,196" oya="0" hai0="61,79,11,12,70,35,9,43,40,23,119,101,115" hai1="39,90,120,74,107,47,36,134,38,44,42,121,130" hai2="15,24,103,106,99,122,135,41,55,50,60,72,129" hai3="88,78,4,5,83,33,54,48,1,26,56,95,105"/><T7/><D119/><U2/><E90/><V25/><F122/><N who="1" m="47209" /><E107/><V113/><F113/><W67/><G105/><T116/><D116/><U117/><E74/><V80/><F129/><W76/><G1/><T34/><D115/><U0/><E117/><V63/><F135/><W17/><G67/><T97/><D79/><N who="3" m="30249" /><G83/><T86/><D86/><U45/><E2/><V94/><F72/><W102/><G102/><T92/><D9/><U52/><E0/><V109/><F80/><W10/><G33/><T96/><D96/><U98/><E98/><V29/><F109/><W91/><G91/><T58/><D70/><U112/><E112/><V77/><F77/><W100/><G100/><T124/><D124/><U81/><E81/><V19/><F41/><W64/><G64/><T37/><D37/><N who="1" m="21583" /><E134/><V21/><F25/><W111/><G111/><T28/><D35/><U32/><E32/><V20/><REACH who="2" step="1"/><F106/><REACH who="2" ten="202,287,305,196" step="2"/><W118/><G118/><T126/><D126/><U65/><E130/><V93/><F93/><W22/><G10/><T132/><D132/><U8/><E8/><V85/><F85/><AGARI ba="0,1" hai="4,5,17,22,26,48,54,56,85,88,95" m="30249" machi="85" ten="30,2000,0" yaku="8,1,54,1" doraHai="27" who="3" fromWho="2" sc="202,0,287,0,305,-20,196,30" /><INIT seed="5,0,0,1,5,60" ten="202,287,285,226" oya="1" hai0="91,8,62,82,93,127,40,84,104,129,122,71,115" hai1="107,52,42,90,44,89,72,117,77,112,100,45,41" hai2="12,63,97,133,33,121,105,131,25,50,39,0,120" hai3="109,74,79,81,21,118,26,78,69,32,65,5,92"/><U7/><E117/><V27/><F39/><W16/><G109/><T96/><D115/><U20/><E112/><V132/><F0/><W128/><G118/><T108/><D108/><U59/><E7/><V134/><F131/><W30/><G128/><T3/><D129/><U36/><E107/><V2/><F2/><W83/><G5/><T55/><D40/><U28/><E100/><N who="2" m="62607" /><F50/><W48/><G48/><T135/><D122/><N who="2" m="47210" /><F33/><W75/><G92/><T101/><D104/><U103/><E103/><V53/><F12/><W67/><G69/><T18/><D3/><U24/><E77/><V15/><F15/><AGARI ba="0,0" hai="15,16,21,26,30,32,65,67,74,75,78,79,81,83" machi="15" ten="30,8000,1" yaku="7,1,9,1,52,2,54,1" doraHai="60" who="3" fromWho="2" sc="202,0,287,0,285,-80,226,80" /><INIT seed="6,0,0,3,1,114" ten="202,287,205,306" oya="2" hai0="67,85,74,92,119,82,55,135,107,73,19,99,87" hai1="22,91,42,132,41,2,125,80,36,59,53,46,29" hai2="26,48,109,77,12,103,133,115,97,31,88,121,15" hai3="111,13,69,134,52,34,8,49,47,21,72,32,16"/><V83/><F121/><W96/><G111/><T118/><D67/><U63/><E2/><V89/><F115/><W18/><G134/><T23/><D135/><U131/><E132/><V54/><F133/><W56/><G69/><T101/><D55/><U58/><E131/><V51/><F15/><W122/><G122/><T128/><D128/><U95/><E125/><V70/><F12/><W86/><G72/><N who="0" m="27755" /><D19/><U6/><E6/><V113/><F70/><W11/><G96/><N who="0" m="61863" /><D23/><U106/><E106/><V66/><F66/><W0/><G0/><T116/><D82/><U38/><E80/><V117/><F113/><W90/><G8/><T28/><D28/><U81/><E81/><V50/><F54/><W30/><G30/><T14/><D14/><U75/><E75/><V39/><F109/><W57/><G32/><T100/><AGARI ba="0,0" hai="85,87,92,99,100,116,118,119" m="61863,27755" machi="100" ten="40,12000,2" yaku="12,1,34,2,52,3" doraHai="114" who="0" fromWho="0" sc="202,120,287,-30,205,-60,306,-30" /><INIT seed="7,0,0,1,1,33" ten="322,257,145,276" oya="3" hai0="63,48,18,38,9,70,76,4,113,116,13,57,83" hai1="85,117,95,5,49,3,22,94,122,93,111,44,47" hai2="104,17,69,106,126,75,60,131,103,78,123,97,71" hai3="24,40,72,16,27,128,89,0,31,119,109,35,10"/><W86/><G119/><T62/><D116/><U64/><E111/><V107/><F123/><W124/><G109/><T108/><D108/><U50/><E122/><V36/><F17/><W55/><G128/><T56/><D38/><U51/><E117/><V92/><F131/><W81/><G124/><T134/><D134/><U114/><E114/><V79/><F126/><W96/><G40/><T54/><D113/><U101/><E64/><V67/><F92/><W42/><G42/><T65/><D18/><U28/><E101/><V8/><F78/><W29/><G72/><T61/><D70/><U68/><E68/><V73/><F71/><W1/><G96/><T53/><D65/><U11/><REACH who="1" step="1"/><E85/><AGARI ba="0,0" hai="4,9,13,48,53,54,56,57,61,62,63,76,83,85" machi="85" ten="30,2000,0" yaku="7,1,8,1" doraHai="33" who="0" fromWho="1" sc="322,20,257,-20,145,0,276,0" owari="342,43.0,237,-16.0,145,-35.0,276,8.0" /></mjloggm>