<mjloggm ver="2.3"><GO type="169" lobby="0"/><UN n0="%E3%82%BF%E3%83%9E%E3%83%8D%E3%82%AE" n1="%E3%81%B4%E3%83%BC%E3%81%8A%E3%81%8B" n2="%E3%82%A4%E3%82%AB%E3%81%AB%E3%82%82%E6%9D%B1%E5%8C%97" n3="%73%69%6E%34%36" dan="17,16,16,16" rate="2186.42,2142.77,2101.05,2159.34" sx="M,M,M,M"/><TAIKYOKU oya="0"/><INIT seed="0,0,0,2,0,129" ten="250,250,250,250" oya="0" hai0="101,46,122,95,70,9,94,5,72,63,33,36,43" hai1="40,84,115,83,55,59,125,120,123,25,48,41,39" hai2="81,19,100,20,69,32,15,103,110,89,78,126,109" hai3="56,68,82,112,74,111,61,42,135,45,98,131,127"/><T67/><D122/><U31/><E125/><V57/><F69/><W85/><G68/><T14/><D33/><U7/><E115/><V117/><F126/><W17/><G74/><T58/><D72/><U16/><E7/><V60/><F117/><W37/><G112/><T91/><D101/><U121/><E39/><V118/><F89/><W22/><G131/><T35/><D35/><U92/><E92/><V54/><F32/><W28/><G28/><T1/><D1/><U29/><E29/><V2/><F2/><W24/><G111/><N who="2" m="42505" /><F118/><W53/><G98/><T119/><D119/><U8/><E31/><V64/><F64/><W65/><G127/><T130/><D130/><U87/><E87/><AGARI ba="0,0" hai="15,19,20,54,57,60,78,81,87,100,103" m="42505" machi="87" ten="30,1000,0" yaku="14,1" doraHai="129" who="2" fromWho="1" sc="250,0,250,-10,250,10,250,0" /><INIT seed="1,0,0,2,2,66" ten="250,240,260,250" oya="1" hai0="117,65,10,55,101,36,53,107,89,105,93,63,30" hai1="77,124,7,46,120,34,19,133,99,134,28,49,59" hai2="122,116,102,126,87,119,85,40,15,83,42,32,106" hai3="45,54,47,110,2,18,50,68,131,5,27,48,44"/><U100/><E120/><V118/><F32/><W79/><G79/><T81/><D117/><U8/><E124/><V20/><F122/><W111/><G5/><T29/><D36/><U31/><E77/><V17/><F126/><W128/><G18/><T125/><D125/><U121/><E121/><V6/><F87/><W123/><G27/><T71/><D81/><U9/><E59/><V97/><REACH who="2" step="1"/><F6/><REACH who="2" ten="250,240,250,250" step="2"/><W1/><G123/><T88/><D30/><U12/><E34/><V91/><AGARI ba="0,1" hai="15,17,20,40,42,83,85,91,97,102,106,116,118,119" machi="91" ten="30,4000,0" yaku="1,1,2,1,0,1,53,0" doraHai="66" doraHaiUra="64" who="2" fromWho="2" sc="250,-10,240,-20,250,50,250,-10" /><INIT seed="2,0,0,2,4,66" ten="240,220,300,240" oya="2" hai0="95,20,50,91,6,83,29,89,120,38,77,45,104" hai1="100,94,113,65,37,15,126,7,107,73,8,124,103" hai2="56,133,128,59,41,16,97,82,53,72,31,5,117" hai3="2,3,54,119,11,33,88,12,19,87,1,85,68"/><V121/><F117/><W24/><G119/><T9/><D104/><U57/><E113/><V23/><F121/><W98/><G54/><T26/><D38/><U46/><E73/><V22/><F128/><W75/><G75/><T123/><D89/><U49/><E107/><V0/><F133/><W111/><G111/><T69/><D69/><U96/><E103/><V106/><F41/><W64/><G33/><T48/><D48/><U84/><E84/><V10/><F31/><W132/><G24/><T14/><D95/><U78/><E78/><V109/><F23/><W127/><G127/><N who="1" m="48682" /><E37/><V39/><F39/><W34/><G34/><T81/><D91/><U99/><E99/><V44/><F109/><W55/><G55/><T114/><D83/><U47/><E65/><V116/><F116/><W21/><G132/><T18/><D114/><U115/><E115/><V122/><F122/><W90/><G90/><T40/><REACH who="0" step="1"/><D29/><REACH who="0" ten="230,220,300,240" step="2"/><U112/><E112/><V92/><F106/><W129/><G129/><T76/><D76/><U36/><E36/><V32/><F92/><W80/><G98/><T74/><AGARI ba="0,1" hai="6,9,14,18,20,26,40,45,50,74,77,81,120,123" machi="74" ten="20,2700,0" yaku="1,1,0,1,7,1,53,0" doraHai="66" doraHaiUra="58" who="0" fromWho="0" sc="230,37,220,-7,300,-13,240,-7" /><INIT seed="3,0,0,3,2,132" ten="267,213,287,233" oya="3" hai0="8,90,38,30,128,70,73,39,127,36,113,59,60" hai1="110,77,122,51,21,87,24,130,96,20,92,89,93" hai2="46,58,62,3,115,83,37,52,19,13,104,2,107" hai3="17,91,66,45,125,11,40,41,27,63,106,75,25"/><W118/><G106/><T50/><D128/><U71/><E110/><V6/><F115/><W1/><G118/><T82/><D113/><U53/><E130/><V18/><F18/><W65/><G75/><T0/><D70/><U7/><E122/><V120/><F120/><W34/><G41/><T16/><D30/><U61/><E7/><V126/><F6/><W15/><G1/><T49/><D0/><U133/><E133/><V55/><F83/><W48/><G34/><T109/><D109/><U76/><E61/><V84/><F84/><W42/><G42/><T31/><D31/><U103/><E71/><V134/><F37/><W114/><G114/><T29/><D29/><N who="1" m="17543" /><E21/><V108/><F134/><W74/><G74/><T64/><D90/><U121/><E121/><V101/><F107/><W22/><G27/><T88/><D88/><U33/><E33/><V56/><F101/><W99/><G63/><T80/><D80/><U67/><E67/><V81/><F104/><W78/><G78/><T79/><REACH who="0" step="1"/><D127/><REACH who="0" ten="257,213,287,233" step="2"/><U43/><E43/><V94/><F126/><W119/><G125/><T57/><D57/><AGARI ba="0,1" hai="51,53,57,76,77,87,89,92,93,96,103" m="17543" machi="57" ten="30,1000,0" yaku="8,1" doraHai="132" who="1" fromWho="0" sc="257,-10,213,20,287,0,233,0" /><INIT seed="4,0,0,2,3,8" ten="247,233,287,233" oya="0" hai0="39,133,113,18,13,92,104,82,41,46,69,54,65" hai1="78,120,45,16,61,14,115,90,22,56,7,110,48" hai2="43,6,17,47,119,29,85,126,129,59,20,23,19" hai3="135,58,128,42,76,123,70,49,86,40,12,132,75"/><T134/><D104/><U117/><E110/><V24/><F129/><W122/><G75/><T71/><D113/><U101/><E117/><V80/><F126/><W9/><G70/><T52/><D92/><U127/><E120/><N who="3" m="46122" /><G128/><T84/><D65/><U31/><E127/><V114/><F114/><W72/><G72/><T131/><D131/><U91/><E115/><V81/><F119/><W67/><G76/><N who="0" m="46151" /><D71/><U116/><E116/><V1/><F1/><W95/><G95/><T88/><D88/><N who="1" m="33835" /><E78/><V108/><F6/><N who="3" m="3127" /><G86/><T97/><D97/><U124/><E101/><V37/><F85/><W100/><G100/><T93/><D93/><U21/><E7/><V55/><F29/><W51/><G67/><T89/><D89/><U62/><E124/><V44/><F108/><W111/><G111/><T68/><D68/><U87/><E87/><V60/><REACH who="2" step="1"/><F47/><REACH who="2" ten="247,233,277,233" step="2"/><N who="3" m="25831" /><G58/><T107/><D69/><U36/><E56/><V27/><AGARI ba="0,1" hai="17,19,20,23,24,27,37,43,44,55,59,60,80,81" machi="27" ten="20,5200,0" yaku="1,1,0,1,7,1,9,1,53,0" doraHai="8" doraHaiUra="103" who="2" fromWho="2" sc="247,-26,233,-13,277,62,233,-13" /><INIT seed="5,0,0,3,1,31" ten="221,220,339,220" oya="1" hai0="30,93,99,118,42,32,62,60,85,79,132,49,109" hai1="75,43,127,39,78,103,12,73,91,17,23,45,129" hai2="8,15,54,122,53,104,22,46,116,126,80,112,58" hai3="71,90,105,96,115,7,111,128,135,94,61,33,21"/><U14/><E129/><V26/><F116/><W107/><G111/><T120/><D109/><U5/><E127/><V86/><F122/><W48/><G128/><T6/><D118/><U130/><E130/><V28/><F104/><W134/><G7/><T119/><D119/><U125/><E125/><V113/><F46/><W19/><G48/><T20/><D32/><U29/><E103/><V87/><F126/><W56/><G71/><T52/><D42/><U35/><E91/><N who="2" m="51655" /><F58/><W72/><G72/><T65/><D6/><U68/><E68/><V34/><F22/><W114/><G33/><T44/><D132/><N who="3" m="50729" /><G107/><T102/><D65/><U16/><E5/><N who="2" m="3471" /><F87/><W84/><G84/><T97/><D120/><U10/><REACH who="1" step="1"/><E78/><REACH who="1" ten="221,210,339,220" step="2"/><V70/><F70/><W25/><G105/><T11/><D79/><U24/><AGARI ba="0,1" hai="10,12,14,16,17,23,24,29,35,39,43,45,73,75" machi="24" ten="30,12000,1" yaku="1,1,2,1,0,1,52,1,54,1,53,0" doraHai="31" doraHaiUra="133" who="1" fromWho="1" sc="221,-40,210,130,339,-40,220,-40" /><INIT seed="5,1,0,4,2,17" ten="181,340,299,180" oya="1" hai0="90,72,79,16,40,24,88,91,38,62,114,111,125" hai1="26,108,83,70,87,131,96,109,101,130,32,13,44" hai2="94,7,122,0,30,45,98,102,68,64,46,75,36" hai3="41,73,112,84,99,10,49,126,61,42,20,100,67"/><U129/><E70/><V52/><F122/><W35/><G35/><T86/><D111/><N who="1" m="42571" /><E13/><V1/><F75/><W37/><G73/><T48/><D38/><U39/><E39/><V124/><F124/><W120/><G37/><T81/><D125/><U135/><E44/><V22/><F7/><W103/><G120/><T76/><D114/><U34/><E26/><V97/><F97/><W3/><G126/><T56/><D72/><U9/><E9/><V123/><F123/><W119/><G119/><T31/><D76/><N who="1" m="46567" /><E135/><V95/><F95/><AGARI ba="1,0" hai="32,34,95,96,101,129,130,131" m="46567,42571" machi="95" ten="40,3900,0" yaku="19,1,10,1" doraHai="17" who="1" fromWho="2" sc="181,0,340,42,299,-42,180,0" /><INIT seed="5,2,0,0,3,15" ten="181,382,257,180" oya="1" hai0="33,71,5,21,75,119,62,1,23,83,73,111,13" hai1="47,64,58,100,28,80,61,123,7,32,133,25,115" hai2="19,94,104,126,107,37,29,40,8,53,101,24,96" hai3="51,74,39,67,22,102,54,49,38,43,42,9,81"/><U30/><E123/><V129/><F129/><W35/><G35/><T109/><D71/><U105/><E115/><V59/><F126/><W118/><G102/><T127/><D62/><U0/><E133/><V130/><F130/><W117/><G9/><N who="0" m="2223" /><D83/><U110/><E110/><N who="0" m="41993" /><D73/><U84/><E30/><V34/><F40/><N who="3" m="15403" /><G81/><T103/><D103/><U4/><E0/><V82/><F37/><N who="3" m="13835" /><G74/><T113/><D75/><U90/><REACH who="1" step="1"/><E47/><REACH who="1" ten="181,372,257,180" step="2"/><V14/><REACH who="2" step="1"/><F82/><REACH who="2" ten="181,372,247,180" step="2"/><W20/><G118/><T56/><D119/><U68/><E68/><V52/><F52/><W69/><G117/><T16/><D113/><U92/><E92/><V106/><F106/><W134/><G54/><T79/><D127/><U85/><E85/><V132/><F132/><W108/><G134/><T121/><D121/><U36/><E36/><V120/><F120/><W11/><G108/><T18/><D56/><U122/><E122/><V95/><F95/><W87/><G87/><T45/><D45/><U97/><AGARI ba="2,2" hai="4,7,25,28,32,58,61,64,80,84,90,97,100,105" machi="97" ten="30,6000,0" yaku="1,1,0,1,53,1" doraHai="15" doraHaiUra="31" who="1" fromWho="1" sc="181,-22,372,86,247,-22,180,-22" /><INIT seed="5,3,0,3,4,62" ten="159,458,225,158" oya="1" hai0="0,103,59,107,86,16,78,1,128,131,22,117,23" hai1="101,80,121,20,3,72,85,129,8,90,127,35,7" hai2="25,111,18,30,97,9,65,75,47,55,67,34,24" hai3="82,130,76,74,64,70,11,94,102,79,84,26,135"/><U66/><E121/><V49/><F111/><W50/><G130/><N who="0" m="49707" /><D117/><U83/><E127/><V13/><F75/><W27/><G135/><T115/><D115/><U100/><E35/><V123/><F123/><W5/><G50/><T15/><D59/><U110/><E129/><V2/><F25/><W99/><G76/><T36/><D36/><U68/><E110/><V125/><F125/><W45/><G45/><T6/><D6/><U95/><E20/><N who="0" m="7721" /><D103/><U33/><E33/><V124/><F124/><W28/><G74/><T21/><D107/><U56/><E68/><V133/><F133/><W14/><REACH who="3" step="1"/><G28/><REACH who="3" ten="159,458,225,148" step="2"/><T48/><D48/><U88/><E72/><V39/><F39/><W12/><G12/><T120/><D120/><U89/><E3/><N who="0" m="1097" /><D78/><U112/><E112/><V29/><F2/><W37/><G37/><T92/><D86/><U109/><E85/><V98/><REACH who="2" step="1"/><F30/><REACH who="2" ten="159,458,215,148" step="2"/><W43/><G43/><T19/><D15/><U93/><E109/><V108/><F108/><W113/><G113/><T69/><D19/><U96/><E7/><V38/><F38/><W114/><G114/><T53/><D16/><U31/><E31/><V61/><F61/><AGARI ba="3,2" hai="5,11,14,26,27,61,64,70,79,82,84,94,99,102" machi="61" ten="40,5200,0" yaku="1,1,52,1,53,1" doraHai="62" doraHaiUra="60" who="3" fromWho="2" sc="159,0,458,0,215,-61,148,81" /><INIT seed="6,0,0,1,4,27" ten="159,458,154,229" oya="2" hai0="116,98,14,107,26,19,17,125,76,124,0,44,79" hai1="39,65,70,24,113,29,53,16,86,45,18,5,23" hai2="103,77,43,102,84,120,21,109,81,42,128,49,52" hai3="2,75,22,100,67,87,99,131,15,57,58,105,95"/><V91/><F120/><W10/><G2/><T80/><D0/><U68/><E113/><V48/><F128/><W12/><G75/><T9/><D116/><U41/><E5/><V129/><F129/><W108/><G108/><T123/><D123/><U104/><E104/><V101/><F109/><W82/><G105/><T121/><D121/><U89/><E53/><V132/><F132/><W56/><G131/><T97/><D44/><U135/><E135/><V88/><F21/><W37/><G37/><T6/><D76/><U63/><E70/><V55/><F77/><N who="3" m="46543" /><G12/><T8/><D26/><U38/><E39/><V28/><F28/><W117/><G22/><T96/><D107/><U122/><E122/><V30/><F30/><W114/><G114/><T62/><D62/><U61/><E63/><V7/><F7/><N who="3" m="3551" /><G117/><T93/><D8/><U35/><E35/><V1/><F1/><W66/><AGARI ba="0,0" hai="56,57,58,66,67,95,99,100" m="3551,46543" machi="66" ten="30,1100,0" yaku="8,1" doraHai="27" who="3" fromWho="3" sc="159,-3,458,-3,154,-5,229,11" /><INIT seed="7,0,0,3,3,122" ten="156,455,149,240" oya="3" hai0="22,129,8,83,127,90,30,39,117,2,65,26,110" hai1="121,92,133,25,20,59,100,57,82,112,104,99,116" hai2="55,13,89,76,108,9,75,14,31,109,97,91,135" hai3="33,47,18,5,120,81,61,49,27,126,132,28,40"/><W41/><G120/><T12/><D110/><U11/><E121/><V23/><F135/><W24/><G5/><N who="0" m="3087" /><D39/><U42/><E112/><V7/><F76/><W73/><G41/><T71/><D71/><U107/><E133/><V16/><F75/><W34/><G61/><T69/><D69/><U60/><E42/><V53/><F31/><W58/><G58/><T54/><D117/><U45/><E45/><V43/><F43/><W84/><G73/><T66/><D2/><U70/><E82/><V0/><F0/><W85/><G85/><N who="0" m="50495" /><D129/><U74/><E116/><V52/><REACH who="2" step="1"/><F97/><REACH who="2" ten="156,455,139,240" step="2"/><W46/><G132/><T21/><D127/><U15/><E15/><V95/><F95/><W10/><G126/><T72/><D72/><U101/><E59/><V105/><F105/><W29/><G47/><T96/><D96/><U119/><E100/><V123/><F123/><W114/><G114/><T103/><D103/><U87/><E11/><V51/><F51/><W4/><G81/><T124/><D124/><U130/><E60/><V94/><F94/><W86/><G29/><N who="0" m="17615" /><D54/><U88/><E57/><V62/><F62/><W131/><G28/><T17/><D30/><U6/><E74/><V3/><F3/><W37/><G40/><T118/><D118/><U64/><E119/><V1/><F1/><W38/><G49/><T128/><D128/><U48/><E130/><V78/><F78/><W93/><G93/><T134/><D134/><U67/><E48/><V77/><F77/><W115/><G131/><T63/><D63/><N who="1" m="40223" /><E92/><V44/><F44/><W35/><G46/><T56/><D56/><RYUUKYOKU ba="0,1" sc="156,15,455,-15,139,15,240,-15" hai0="17,22,65,66" hai2="7,9,13,14,16,23,52,53,55,89,91,108,109" owari="171,-23.0,450,55.0,154,-35.0,225,3.0" /></mjloggm>