<mjloggm ver="2.3"><GO type="169" lobby="0"/><UN n0="%52%59%4F%40%53%53" n1="%E5%A4%A9%E9%BC%93" n2="%E9%95%B7%E5%B1%B1%E5%A4%A7%E6%A8%B9" n3="%E3%82%A2%E3%83%A1%E3%83%B3%E3%83%9D%E3%81%A6%E3%81%B5" dan="18,19,16,17" rate="2213.30,2214.48,2112.01,2180.01" sx="M,M,M,M"/><TAIKYOKU oya="0"/><INIT seed="0,0,0,1,4,114" ten="250,250,250,250" oya="0" hai0="9,81,46,135,27,132,87,55,82,11,79,13,53" hai1="96,100,44,16,92,76,105,41,130,77,134,43,116" hai2="23,56,69,36,18,91,65,26,7,88,20,101,10" hai3="115,90,86,58,113,61,67,103,33,104,97,6,34"/><T39/><D27/><U45/><E130/><V71/><F36/><W83/><REACH who="3" step="1"/><G6/><REACH who="3" ten="250,250,250,240" step="2"/><T126/><D135/><U19/><E134/><V22/><F71/><W66/><G66/><T35/><D132/><U108/><E108/><V110/><F69/><W75/><G75/><T40/><D126/><U17/><E116/><V73/><F110/><W12/><G12/><T121/><D121/><U127/><E127/><V107/><F73/><W74/><G74/><T37/><D37/><U106/><E106/><V112/><F7/><W4/><G4/><T70/><D70/><U2/><E2/><V5/><F5/><W84/><G84/><T118/><D118/><U95/><E105/><V129/><F129/><W80/><G80/><T133/><D133/><U123/><E123/><V38/><F112/><AGARI ba="0,1" hai="33,34,58,61,67,83,86,90,97,103,104,112,113,115" machi="112" ten="40,2600,0" yaku="21,2,53,0" doraHai="114" doraHaiUra="124" who="3" fromWho="2" sc="250,0,250,0,250,-26,240,36" /><INIT seed="1,0,0,4,3,39" ten="250,250,224,276" oya="1" hai0="58,31,63,27,79,54,94,73,40,109,128,5,13" hai1="32,20,56,36,14,38,8,76,92,86,50,98,61" hai2="95,119,71,11,105,91,52,102,69,114,9,78,103" hai3="26,101,41,74,53,127,113,48,34,51,120,135,116"/><U72/><E32/><V12/><F119/><W4/><G120/><T125/><D125/><U60/><E72/><V0/><F114/><W111/><G113/><T16/><D128/><U131/><E131/><V55/><F78/><W84/><G74/><T122/><D122/><U123/><E123/><V106/><F12/><W10/><G127/><T89/><D5/><U100/><E20/><V83/><F95/><W28/><G111/><T46/><D109/><U96/><E96/><V68/><F83/><W57/><G135/><T112/><D79/><U37/><E76/><V67/><F67/><W1/><G101/><N who="2" m="38409" /><F91/><W59/><G84/><T80/><D80/><U121/><E86/><V132/><F0/><W66/><G116/><T134/><D73/><U118/><E118/><V15/><F15/><W64/><G57/><T104/><D104/><N who="2" m="40042" /><F132/><W30/><REACH who="3" step="1"/><G28/><REACH who="3" ten="250,250,224,266" step="2"/><T25/><D31/><U110/><E110/><V107/><F107/><W90/><G90/><T43/><D112/><U35/><E121/><V87/><F87/><W3/><G3/><T108/><D134/><U45/><E56/><V65/><F65/><W88/><G88/><T23/><D108/><U42/><REACH who="1" step="1"/><E35/><REACH who="1" ten="250,240,224,266" step="2"/><V129/><F129/><W126/><G126/><T62/><D58/><U24/><E24/><V81/><F81/><W75/><G75/><T85/><D27/><U130/><E130/><V18/><F71/><W97/><G97/><T19/><D25/><U17/><AGARI ba="0,2" hai="8,14,17,36,37,38,42,45,50,60,61,92,98,100" machi="17" ten="30,6000,0" yaku="1,1,0,1,52,1,53,0" doraHai="39" doraHaiUra="33" who="1" fromWho="1" sc="250,-20,240,80,224,-20,266,-20" /><INIT seed="1,1,0,2,2,71" ten="230,320,204,246" oya="1" hai0="13,81,30,91,12,0,75,1,7,17,24,116,73" hai1="31,3,65,100,90,131,133,125,26,74,33,59,50" hai2="38,110,101,97,11,105,82,21,68,115,32,25,134" hai3="43,20,77,102,104,103,51,86,28,6,128,72,56"/><U130/><E3/><V84/><F110/><W93/><G128/><N who="1" m="49194" /><E74/><V94/><F68/><W83/><G6/><T76/><D75/><U87/><E100/><V121/><F121/><W129/><G129/><T120/><D116/><U9/><E9/><V78/><F134/><W2/><G2/><T66/><D120/><U117/><E125/><V127/><F127/><W58/><G102/><T44/><D66/><U112/><E133/><V119/><F119/><W106/><G20/><T126/><D7/><U22/><E117/><V57/><F32/><W61/><G28/><T63/><D0/><U29/><E112/><V19/><F115/><W79/><G79/><T107/><D1/><U62/><E50/><V67/><F11/><W52/><G72/><T35/><D76/><U111/><E111/><V45/><F105/><W98/><REACH who="3" step="1"/><G43/><REACH who="3" ten="230,320,204,236" step="2"/><T10/><D73/><U39/><E31/><V36/><REACH who="2" step="1"/><F45/><REACH who="2" ten="230,320,194,236" step="2"/><W34/><G34/><T15/><D44/><U69/><E33/><V8/><F8/><W55/><AGARI ba="1,2" hai="51,52,55,56,58,61,77,83,86,93,98,103,104,106" machi="55" ten="20,8000,1" yaku="1,1,0,1,7,1,54,1,53,1" doraHai="71" doraHaiUra="89" who="3" fromWho="3" sc="230,-21,320,-41,194,-21,236,103" /><INIT seed="2,0,0,3,3,118" ten="209,279,173,339" oya="2" hai0="58,97,31,75,135,5,13,20,134,56,100,32,105" hai1="26,110,24,44,131,71,38,115,96,72,108,83,8" hai2="22,102,129,81,91,46,19,48,76,78,73,15,1" hai3="28,3,107,53,52,4,61,23,70,74,42,119,123"/><V25/><F129/><W106/><G119/><T88/><D75/><U67/><E115/><V18/><F1/><W43/><G74/><T14/><D32/><U104/><E131/><V16/><F102/><W21/><G3/><T30/><D5/><U64/><E8/><V128/><F128/><W90/><G4/><T49/><D49/><U121/><E104/><V101/><F101/><W80/><G70/><T6/><D6/><U68/><E96/><V124/><F124/><W111/><G80/><T40/><D40/><U12/><E12/><V95/><F78/><W55/><G55/><T35/><D35/><U122/><E72/><V127/><F15/><W87/><G87/><T63/><D58/><U33/><E83/><V120/><F120/><N who="1" m="46185" /><E44/><V11/><F11/><W37/><G107/><T57/><D97/><U86/><E38/><V125/><F125/><W92/><G37/><T29/><D105/><U2/><E86/><V77/><F77/><W62/><G106/><T130/><D13/><U41/><E41/><V0/><F0/><W99/><G42/><T94/><D14/><U126/><E126/><V10/><F10/><W113/><G43/><T89/><D130/><U66/><E2/><V133/><F127/><W39/><G39/><T50/><D100/><U27/><E33/><V84/><REACH who="2" step="1"/><F133/><REACH who="2" ten="209,279,163,339" step="2"/><W85/><G123/><T9/><D9/><U117/><E117/><V65/><F65/><W7/><G7/><T79/><D135/><U82/><E82/><V112/><F112/><W59/><G113/><T17/><D134/><U36/><E36/><V60/><F60/><RYUUKYOKU ba="0,1" sc="209,-15,279,15,163,15,339,-15" hai1="24,26,27,64,66,67,68,71,108,110" hai2="16,18,19,22,25,46,48,73,76,81,84,91,95" /><INIT seed="2,1,1,3,3,89" ten="194,294,178,324" oya="2" hai0="60,42,132,4,126,13,44,12,78,131,84,93,135" hai1="23,11,71,28,21,97,74,39,9,105,111,27,116" hai2="30,118,41,87,104,3,123,67,10,63,81,68,45" hai3="56,99,91,120,19,53,35,83,110,16,36,7,114"/><V92/><F118/><W127/><G120/><T43/><D126/><U1/><E116/><V5/><F104/><W79/><G35/><T64/><D131/><U32/><E39/><V54/><F123/><W122/><G122/><T25/><D25/><U130/><E74/><V22/><F54/><W117/><G36/><T47/><D78/><U66/><E111/><V0/><F0/><W121/><G121/><T80/><D80/><U6/><E11/><V73/><F30/><W106/><G110/><T124/><D124/><U109/><E130/><V100/><F22/><W8/><G117/><T18/><D4/><U37/><E37/><V90/><F100/><W31/><G31/><T75/><D75/><U26/><E26/><V94/><REACH who="2" step="1"/><F73/><REACH who="2" ten="194,294,168,324" step="2"/><W62/><G106/><T76/><D43/><U15/><E109/><V134/><F134/><W72/><G127/><T29/><D29/><U128/><E128/><V69/><F69/><W34/><G34/><T17/><D42/><U133/><E133/><V55/><F55/><W86/><G72/><T38/><D135/><U57/><E71/><V96/><F96/><W61/><G99/><T59/><D132/><U88/><E105/><V2/><F2/><W49/><G53/><T101/><D101/><U40/><E40/><V119/><F119/><W113/><G113/><T20/><D20/><U70/><E70/><V129/><F129/><W115/><G115/><T107/><D107/><U52/><E52/><V98/><F98/><W95/><G114/><T33/><D33/><U102/><E32/><V24/><F24/><W58/><G58/><RYUUKYOKU ba="1,2" sc="194,-10,294,-10,168,30,324,-10" hai2="3,5,10,41,45,63,67,68,81,87,90,92,94" /><INIT seed="2,2,2,1,3,36" ten="184,284,198,314" oya="2" hai0="131,23,53,85,43,94,44,135,78,51,113,98,57" hai1="104,96,38,68,116,62,0,69,106,19,16,65,61" hai2="79,22,134,39,54,73,70,80,82,32,90,109,37" hai3="30,126,88,129,59,101,122,18,21,63,46,91,75"/><V49/><F32/><W114/><G122/><T50/><D131/><U45/><E0/><V133/><F70/><W108/><G129/><T29/><D135/><N who="2" m="51722" /><F22/><W120/><G75/><T92/><D113/><U8/><E116/><V17/><F17/><W95/><G120/><T52/><D78/><U111/><E111/><V71/><F71/><W41/><G108/><T25/><D85/><U31/><E31/><V66/><F66/><W118/><G126/><T33/><D33/><U81/><E8/><V2/><F2/><W4/><G4/><T103/><D94/><U47/><E81/><V84/><F109/><W105/><G105/><T127/><D127/><U28/><E28/><V77/><F90/><W55/><G118/><T12/><D12/><U87/><E65/><V123/><F123/><W130/><G130/><T6/><D6/><U67/><E67/><V27/><F27/><W40/><G114/><T15/><D15/><U5/><E19/><V119/><F119/><W121/><G30/><T115/><D115/><U124/><E16/><V72/><F72/><W110/><G110/><T132/><D132/><U112/><E112/><V60/><F60/><W14/><G121/><T35/><D35/><U97/><E124/><V26/><F26/><W24/><G24/><T100/><D53/><U83/><E5/><V48/><F48/><N who="3" m="26695" /><G41/><T56/><D56/><AGARI ba="2,2" hai="37,39,49,54,56,73,77,79,80,82,84" m="51722" machi="56" ten="30,1500,0" yaku="20,1" doraHai="36" who="2" fromWho="0" sc="184,-21,284,0,198,41,314,0" /><INIT seed="2,3,0,0,5,124" ten="163,284,239,314" oya="2" hai0="70,79,87,54,77,14,53,68,117,109,114,55,97" hai1="86,99,40,20,1,127,3,119,62,10,120,24,74" hai2="47,38,107,106,122,44,83,19,31,25,126,42,90" hai3="131,37,35,80,101,7,23,4,27,59,125,67,100"/><V111/><F122/><W82/><G125/><T89/><D114/><U13/><E119/><V49/><F126/><W102/><G37/><T2/><D2/><U0/><E74/><V128/><F111/><W45/><G35/><T92/><D117/><U76/><E127/><V104/><F19/><W88/><G131/><T132/><D132/><U133/><E40/><V93/><F83/><W8/><G45/><T135/><D135/><U95/><E62/><V15/><F15/><W134/><G134/><T96/><D109/><U105/><E105/><V118/><F118/><W33/><G33/><T11/><D70/><U113/><E86/><V16/><F128/><W72/><G72/><T6/><REACH who="0" step="1"/><D68/><REACH who="0" ten="153,284,239,314" step="2"/><U51/><E0/><V60/><F107/><W46/><G102/><T73/><D73/><U103/><E1/><V65/><F106/><W129/><G101/><T108/><D108/><U36/><E3/><V71/><F104/><W29/><G100/><T110/><D110/><U94/><E113/><V12/><F71/><W81/><G129/><T43/><D43/><U64/><E103/><V66/><F42/><W58/><G88/><T26/><D26/><U130/><E24/><V34/><F90/><W21/><G27/><T28/><D28/><U17/><E130/><V5/><F25/><W9/><G29/><T61/><D61/><U63/><E63/><V98/><F31/><W57/><G67/><T48/><D48/><U75/><E133/><V91/><F66/><W69/><G69/><T18/><D18/><U112/><E112/><V85/><F65/><W116/><G116/><RYUUKYOKU ba="3,1" sc="153,30,284,-10,239,-10,314,-10" hai0="6,11,14,53,54,55,77,79,87,89,92,96,97" /><INIT seed="3,4,1,3,1,128" ten="183,274,229,304" oya="3" hai0="96,95,71,11,90,60,73,18,121,94,106,54,97" hai1="16,10,124,111,122,6,93,81,75,84,7,61,78" hai2="100,17,22,127,129,55,134,99,133,88,2,42,113" hai3="28,125,66,20,29,116,72,24,91,80,26,107,108"/><W131/><G116/><T57/><D73/><U41/><E122/><V44/><F129/><W102/><G131/><T59/><D106/><U130/><E130/><V49/><F127/><W39/><G39/><T117/><D121/><U52/><E111/><V3/><F113/><W1/><G1/><T105/><D105/><U12/><E124/><V70/><F70/><W36/><G36/><T89/><D117/><U92/><E41/><V56/><F88/><W85/><G72/><T53/><D71/><U23/><E75/><V77/><F77/><W87/><G125/><T69/><D69/><U0/><REACH who="1" step="1"/><E6/><REACH who="1" ten="183,264,229,304" step="2"/><V64/><F42/><W123/><G108/><T30/><D30/><U103/><E103/><V83/><F133/><W76/><G102/><T120/><D120/><U37/><E37/><V86/><F134/><W9/><G123/><T79/><D18/><U48/><E48/><V14/><F49/><W46/><G29/><T135/><D135/><U118/><E118/><V35/><F17/><W82/><G28/><T115/><D115/><U51/><E51/><V62/><F100/><W110/><G110/><T65/><D11/><U15/><E15/><V4/><F14/><W21/><G9/><T126/><D126/><U109/><E109/><V119/><F4/><W40/><G40/><T45/><D60/><U132/><E132/><V58/><F62/><W13/><G13/><T8/><D8/><U43/><E43/><V101/><F119/><W63/><G63/><T114/><D114/><U19/><E19/><V68/><F101/><W47/><G107/><T74/><D74/><RYUUKYOKU ba="4,2" sc="183,-10,264,30,229,-10,304,-10" hai1="0,7,10,12,16,23,52,61,78,81,84,92,93" /><INIT seed="4,5,2,1,4,68" ten="173,294,219,294" oya="0" hai0="46,17,135,93,72,78,6,27,19,57,97,110,52" hai1="73,65,12,5,54,89,92,77,1,40,124,121,60" hai2="26,48,115,56,122,80,104,126,98,44,129,32,130" hai3="120,107,18,105,23,132,116,106,76,87,62,50,102"/><T133/><D6/><U99/><E121/><V34/><F122/><W28/><G120/><T8/><D110/><U41/><E1/><V67/><F115/><W82/><G116/><T84/><D72/><U7/><E124/><V4/><F4/><W125/><G125/><T33/><D46/><U113/><E113/><V59/><F126/><W43/><G28/><N who="0" m="19615" /><D8/><N who="1" m="4111" /><E73/><V2/><F80/><W81/><G81/><T45/><D45/><U118/><E118/><V88/><F2/><W103/><G132/><N who="0" m="50763" /><D84/><U100/><E77/><V86/><F86/><W20/><G20/><T127/><D78/><U30/><E7/><V70/><F32/><W21/><G21/><T24/><D24/><U94/><E54/><V71/><F26/><W131/><G76/><T10/><D10/><U69/><E69/><V35/><F71/><W39/><G23/><T25/><D25/><U61/><E30/><V55/><F70/><W9/><G9/><T114/><D127/><U3/><E3/><V36/><F35/><W16/><G18/><T58/><D114/><U66/><E40/><N who="2" m="22535" /><F34/><W90/><G43/><T128/><D128/><U64/><E41/><V134/><F134/><W119/><G131/><T91/><D58/><U47/><E47/><V109/><F109/><W15/><G119/><T22/><D22/><U14/><E14/><V101/><F59/><W38/><G15/><T37/><D37/><U42/><E42/><V117/><F117/><W75/><G75/><T123/><D123/><U83/><E83/><V29/><F29/><W85/><G82/><T108/><D108/><U112/><E112/><RYUUKYOKU ba="5,2" sc="173,15,294,15,219,-15,294,-15" hai0="17,19,52,57,91,93,97" hai1="60,61,64,65,66,89,92,94,99,100" /><INIT seed="4,6,2,2,1,26" ten="188,309,204,279" oya="0" hai0="30,61,35,116,83,135,9,22,41,50,131,107,71" hai1="81,19,37,111,79,6,90,88,85,53,119,98,121" hai2="25,123,104,45,8,23,47,97,112,57,89,36,84" hai3="27,0,2,54,56,44,113,117,91,65,28,55,108"/><T120/><D116/><U118/><E111/><V100/><F123/><W126/><G108/><T14/><D120/><U1/><E121/><V33/><F33/><W129/><G117/><T134/><D107/><U4/><E37/><V133/><F112/><W21/><G113/><T62/><D35/><U12/><E1/><V114/><F114/><W10/><G126/><T5/><D131/><U106/><E118/><V75/><F36/><W40/><G129/><T24/><D83/><U16/><E19/><V46/><F133/><N who="0" m="50698" /><D71/><U96/><E53/><V124/><F75/><W80/><G65/><T82/><D82/><U69/><E69/><V122/><F124/><W31/><G2/><T132/><N who="0" m="50706" /><T49/><DORA hai="43" /><D49/><U74/><E74/><V51/><F8/><W73/><G10/><T76/><D76/><U39/><E39/><V29/><F122/><W34/><G0/><T110/><D110/><U86/><E79/><V130/><F130/><W103/><G73/><T77/><D77/><U92/><E106/><V38/><F38/><W78/><G78/><T70/><D70/><U109/><E119/><V67/><F51/><W7/><G34/><T72/><D72/><U15/><E109/><V87/><REACH who="2" step="1"/><F89/><REACH who="2" ten="188,309,194,279" step="2"/><W101/><G91/><T128/><D128/><U66/><E90/><V48/><F48/><W93/><G80/><T102/><D50/><U32/><E32/><V3/><F3/><W68/><G40/><T115/><D41/><U94/><E81/><V18/><F18/><W125/><G125/><T11/><D115/><U64/><E88/><V58/><F58/><RYUUKYOKU ba="6,3" sc="188,-15,309,15,194,15,279,-15" hai1="4,6,12,15,16,64,66,85,86,92,94,96,98" hai2="23,25,29,45,46,47,57,67,84,87,97,100,104" /><INIT seed="5,7,3,1,1,42" ten="173,324,209,264" oya="1" hai0="110,2,86,7,13,115,133,114,100,54,91,25,106" hai1="70,89,23,47,93,61,51,90,48,12,35,11,9" hai2="45,127,49,44,22,120,72,109,105,92,50,95,10" hai3="1,118,111,39,107,128,46,58,132,63,40,96,15"/><U94/><E35/><V81/><F105/><W31/><G111/><T16/><D110/><U4/><E70/><V73/><F109/><W41/><G1/><T84/><D133/><U82/><E61/><V14/><F120/><W21/><G132/><T78/><D78/><U79/><E23/><V36/><F36/><W103/><G128/><T112/><D25/><U130/><E130/><V6/><F127/><W125/><G125/><T20/><D54/><U83/><E11/><V101/><F73/><W98/><G41/><T87/><D100/><U67/><E51/><N who="2" m="19467" /><F72/><W43/><G43/><T119/><D106/><U64/><E93/><N who="2" m="35915" /><F81/><N who="1" m="30729" /><E79/><V53/><F101/><W102/><G102/><T17/><D119/><U121/><E121/><V134/><F134/><W33/><G118/><T28/><D28/><U38/><E38/><V57/><F22/><W18/><G103/><T108/><D108/><U52/><E90/><V129/><F129/><W122/><G107/><T97/><D91/><U69/><E69/><V113/><F113/><W30/><G122/><T75/><D75/><U5/><E5/><V117/><F117/><W19/><G33/><T37/><D37/><U104/><E104/><V26/><F26/><W124/><G124/><T126/><D126/><U59/><E94/><V3/><F3/><W80/><G80/><T62/><D2/><U55/><E89/><V99/><F99/><W68/><G98/><T66/><D97/><U131/><E131/><V24/><F24/><N who="3" m="14391" /><G96/><T71/><D7/><U27/><E27/><V60/><AGARI ba="7,3" hai="6,10,14,44,45,53,57,60" m="35915,19467" machi="60" ten="30,4000,0" yaku="8,1,52,2" doraHai="42" who="2" fromWho="2" sc="173,-17,324,-27,209,91,264,-17" /><INIT seed="6,0,0,2,2,68" ten="156,297,300,247" oya="2" hai0="18,101,116,13,135,48,74,95,98,84,76,123,59" hai1="23,106,53,88,5,111,34,63,134,9,131,119,71" hai2="72,30,114,2,78,69,35,22,60,15,121,110,109" hai3="27,93,117,122,24,133,125,45,94,31,81,90,44"/><V97/><F121/><W91/><G122/><T26/><D123/><U87/><E119/><V103/><F2/><W4/><G117/><T55/><D116/><U3/><E34/><V64/><F114/><W96/><G133/><T8/><D135/><U0/><E106/><N who="2" m="63855" /><F22/><W11/><G125/><T108/><D74/><U118/><E111/><V32/><F15/><N who="3" m="5607" /><G81/><T25/><REACH who="0" step="1"/><D108/><REACH who="0" ten="146,297,300,247" step="2"/><U100/><E118/><V47/><F110/><W58/><G58/><T83/><AGARI ba="0,1" hai="8,13,18,25,26,48,55,59,76,83,84,95,98,101" machi="83" ten="30,8000,1" yaku="1,1,2,1,0,1,8,1,53,1" doraHai="68" doraHaiUra="6" who="0" fromWho="0" sc="146,90,297,-20,300,-40,247,-20" /><INIT seed="7,0,0,1,1,5" ten="236,277,260,227" oya="3" hai0="52,31,62,38,98,119,50,84,39,76,118,77,120" hai1="90,67,103,63,89,126,56,125,51,131,22,104,10" hai2="11,42,133,61,66,80,33,79,60,36,55,69,17" hai3="121,87,73,107,41,32,28,83,88,123,48,3,7"/><W97/><G32/><T18/><D120/><U27/><E103/><V54/><F33/><W101/><G28/><T132/><D31/><U25/><E104/><V110/><F110/><W30/><G30/><T49/><D98/><U96/><E51/><V53/><F133/><W99/><G97/><T24/><D84/><U100/><E131/><V2/><F42/><W78/><G41/><T70/><D62/><U85/><E22/><V81/><F36/><W91/><G48/><T45/><D70/><U9/><E125/><V64/><F79/><W23/><G23/><T43/><D132/><U14/><E14/><V4/><REACH who="2" step="1"/><F17/><REACH who="2" ten="236,277,250,227" step="2"/><W37/><G37/><T40/><D18/><U68/><E126/><V15/><F15/><W16/><G16/><T82/><D39/><U46/><E27/><V111/><F111/><W113/><G113/><T12/><D12/><U134/><E25/><V117/><F117/><W74/><G3/><T112/><D112/><U20/><E134/><V128/><F128/><W47/><G7/><T34/><D34/><U65/><E20/><V127/><F127/><W72/><G47/><T108/><D108/><U57/><E46/><V0/><F0/><W19/><G19/><T92/><D38/><U135/><E135/><V115/><F115/><W102/><G102/><T124/><D124/><U58/><E100/><V106/><F106/><W21/><G21/><T29/><D45/><U130/><E130/><V86/><F86/><W59/><G59/><AGARI ba="0,1" hai="2,4,11,53,54,55,59,60,61,64,66,69,80,81" machi="59" ten="40,5200,0" yaku="1,1,52,1,53,1" doraHai="5" doraHaiUra="6" who="2" fromWho="3" sc="236,0,277,0,250,62,227,-52" owari="236,-16.0,277,8.0,312,40.0,175,-32.0" /></mjloggm>