<mjloggm ver="2.3"><GO type="169" lobby="0"/><UN n0="%E3%81%8B%E3%81%A4%E3%81%A9%E3%82%93" n1="%E8%A5%BF%E5%B2%A1%E8%82%B2%E6%9C%AA%E2%99%AA" n2="%E7%A2%A7%E4%B9%83" n3="%E8%91%B5%E3%81%A1%E3%82%83%E3%82%93" dan="17,16,16,16" rate="2234.34,2100.78,2149.36,2140.57" sx="F,F,F,F"/><TAIKYOKU oya="0"/><INIT seed="0,0,0,2,4,97" ten="250,250,250,250" oya="0" hai0="12,76,70,121,23,77,123,39,3,130,38,117,78" hai1="66,109,102,92,33,86,31,0,132,68,72,74,73" hai2="98,10,94,84,115,80,24,50,37,103,114,79,113" hai3="106,54,116,120,82,64,134,57,40,16,18,29,34"/><T126/><D3/><U27/><E109/><V85/><F37/><W110/><G116/><T111/><D117/><U71/><E132/><V48/><F24/><W105/><G110/><T19/><D111/><U63/><E0/><V107/><F10/><W55/><G134/><T90/><D130/><U83/><E68/><V67/><F67/><W112/><G112/><T28/><D126/><U2/><E2/><V129/><F50/><W125/><G40/><T69/><D28/><U32/><E32/><V60/><F60/><W42/><G42/><T8/><D39/><U88/><REACH who="1" step="1"/><E102/><REACH who="1" ten="250,240,250,250" step="2"/><V104/><F48/><W1/><G34/><T5/><D38/><U58/><E58/><V127/><F129/><W45/><G57/><T118/><D118/><U22/><E22/><V100/><F127/><W99/><G1/><T61/><D70/><U51/><E51/><V36/><F36/><W44/><G125/><T95/><D69/><U93/><AGARI ba="0,1" hai="27,31,33,63,66,71,72,73,74,83,86,88,92,93" machi="93" ten="40,5200,0" yaku="1,1,0,1,54,1,53,0" doraHai="97" doraHaiUra="9" who="1" fromWho="1" sc="250,-26,240,62,250,-13,250,-13" /><INIT seed="1,0,0,1,0,95" ten="224,302,237,237" oya="1" hai0="57,43,69,59,29,93,84,125,38,17,56,85,133" hai1="90,6,109,78,10,46,36,27,92,45,62,91,70" hai2="16,22,102,124,118,121,86,119,33,111,132,61,113" hai3="79,35,52,100,67,63,7,114,110,83,3,1,31"/><U2/><E109/><V96/><F121/><W13/><G114/><T88/><D69/><U104/><E104/><V99/><F33/><W19/><G110/><T127/><D133/><U41/><E78/><V14/><F111/><W68/><G7/><T20/><D29/><U129/><E129/><V54/><F119/><W131/><G131/><T74/><D74/><U32/><E46/><V107/><F118/><W101/><G31/><T75/><D75/><U97/><E32/><V128/><F128/><W135/><G135/><T80/><D43/><U58/><E27/><V9/><F132/><W122/><G35/><T103/><D38/><U50/><E70/><V66/><F113/><W44/><G3/><T82/><D103/><U112/><E112/><V34/><F34/><W28/><G28/><T116/><D116/><U55/><REACH who="1" step="1"/><E91/><REACH who="1" ten="224,292,237,237" step="2"/><V37/><F107/><W21/><G79/><T65/><D125/><U47/><E47/><V53/><F124/><W94/><G44/><T0/><D127/><U4/><E4/><V15/><F37/><AGARI ba="0,1" hai="2,6,10,36,37,41,45,50,55,58,62,90,92,97" machi="37" ten="40,3900,0" yaku="1,1,52,1,53,0" doraHai="95" doraHaiUra="26" who="1" fromWho="2" sc="224,0,292,49,237,-39,237,0" /><INIT seed="1,1,0,2,1,70" ten="224,341,198,237" oya="1" hai0="84,3,67,51,32,91,81,56,11,29,85,134,69" hai1="111,121,4,42,122,27,109,49,95,93,77,106,105" hai2="125,101,41,36,44,62,108,7,103,48,58,22,119" hai3="131,35,9,71,92,129,90,130,57,127,31,132,80"/><U16/><E4/><V25/><F119/><W15/><G71/><T33/><D134/><U52/><E42/><V117/><F117/><W110/><G110/><N who="1" m="41994" /><E77/><V2/><F108/><W63/><G80/><T135/><D135/><U59/><E95/><V53/><F125/><W89/><G127/><T45/><D69/><U20/><E93/><V120/><F120/><AGARI ba="1,0" hai="16,20,27,49,52,59,105,106,120,121,122" m="41994" machi="120" ten="30,11600,0" yaku="14,1,10,1,54,2" doraHai="70" who="1" fromWho="2" sc="224,0,341,119,198,-119,237,0" /><INIT seed="1,2,0,1,1,85" ten="224,460,79,237" oya="1" hai0="31,131,66,25,5,20,104,134,44,95,76,120,127" hai1="108,123,129,43,60,80,2,49,115,101,65,70,105" hai2="13,19,84,34,74,110,3,79,33,1,48,112,130" hai3="86,18,61,78,21,35,100,88,119,16,91,96,125"/><U30/><E2/><V47/><F74/><W71/><G119/><T103/><D131/><U121/><E105/><V56/><F130/><W29/><G35/><T51/><D104/><U97/><E129/><V124/><F124/><W50/><G125/><T6/><D127/><U62/><E30/><V45/><F110/><W69/><G50/><T102/><D134/><U99/><E99/><V92/><F112/><W83/><G71/><T55/><D120/><U26/><E26/><V53/><F1/><W64/><G29/><T122/><D122/><U89/><E115/><V75/><F75/><W132/><G132/><T10/><D76/><U7/><E7/><N who="0" m="2569" /><D10/><U73/><E73/><V72/><F72/><W135/><G135/><T4/><N who="0" m="2577" /><T32/><DORA hai="126" /><D32/><U128/><E128/><V37/><F3/><W63/><G18/><T94/><D66/><U27/><E65/><V52/><F45/><W67/><G67/><T58/><D44/><N who="1" m="25759" /><E70/><V90/><F79/><W107/><REACH who="3" step="1"/><G63/><REACH who="3" ten="224,460,79,227" step="2"/><T87/><D31/><U77/><E62/><V41/><REACH who="2" step="1"/><F53/><REACH who="2" ten="224,460,69,227" step="2"/><W133/><G133/><T114/><D55/><U40/><E123/><V109/><F109/><W111/><G111/><T39/><D114/><U38/><E108/><V8/><AGARI ba="2,2" hai="8,13,19,33,34,37,41,47,48,52,56,84,90,92" machi="8" ten="20,12000,2" yaku="1,1,0,1,7,1,52,1,54,1,53,2" doraHai="85,126" doraHaiUra="36,9" who="2" fromWho="2" sc="224,-32,460,-62,69,146,227,-32" /><INIT seed="2,0,0,5,3,131" ten="192,398,215,195" oya="2" hai0="105,106,101,21,102,4,37,42,43,34,63,66,52" hai1="98,118,47,133,56,57,114,61,17,109,31,65,113" hai2="32,39,124,25,0,7,54,64,40,68,55,79,19" hai3="84,51,5,20,91,96,62,119,117,30,11,18,35"/><V104/><F104/><W116/><G96/><T126/><D34/><U95/><E118/><V110/><F124/><W15/><G62/><T33/><D33/><U129/><E129/><V111/><F79/><W83/><G51/><T132/><D126/><U77/><E77/><V97/><F0/><W71/><G71/><T85/><D4/><U23/><E31/><N who="2" m="19567" /><F7/><W94/><G94/><T128/><D128/><U60/><E47/><N who="2" m="23967" /><F19/><W134/><G30/><T12/><D37/><U99/><E99/><V135/><F97/><W108/><G35/><T103/><D106/><U90/><E109/><N who="2" m="41483" /><F135/><W22/><G108/><T46/><D105/><U45/><E45/><V48/><F48/><W38/><G38/><T50/><D132/><U125/><E125/><V127/><F127/><W8/><REACH who="3" step="1"/><G134/><REACH who="3" ten="192,398,215,185" step="2"/><T53/><D50/><U70/><E133/><V120/><F120/><W74/><G74/><T59/><D63/><AGARI ba="0,1" hai="54,55,63,64,68" m="41483,23967,19567" machi="63" ten="30,2900,0" yaku="14,1,10,1" doraHai="131" who="2" fromWho="0" sc="192,-29,398,0,215,39,185,0" /><INIT seed="2,1,0,3,2,56" ten="163,398,254,185" oya="2" hai0="85,26,11,15,8,102,105,82,76,83,93,129,90" hai1="72,109,29,96,58,39,17,48,112,13,30,107,7" hai2="98,87,46,38,118,79,14,89,84,16,53,23,100" hai3="80,78,52,115,45,74,63,42,50,32,64,28,37"/><V61/><F118/><W62/><G115/><T119/><D129/><U86/><E72/><V75/><F75/><W55/><G64/><T47/><D119/><U91/><E39/><V43/><F79/><W97/><G97/><T0/><D0/><U36/><E36/><V70/><F89/><W18/><G18/><T132/><D132/><U41/><E109/><V5/><F5/><W126/><G126/><T110/><D110/><U73/><E73/><V9/><F9/><W21/><G32/><T123/><D123/><U31/><E7/><V67/><REACH who="2" step="1"/><F53/><REACH who="2" ten="163,398,244,185" step="2"/><W125/><G55/><T68/><D11/><U135/><E112/><V49/><F49/><W77/><G78/><T25/><D76/><U71/><E48/><V59/><F59/><W122/><G122/><T99/><D8/><U116/><E58/><V60/><F60/><W128/><G125/><T66/><D90/><U1/><E116/><V124/><F124/><W12/><G52/><T111/><D111/><U113/><E135/><V117/><F117/><W33/><G37/><T104/><D68/><U22/><E71/><V106/><AGARI ba="1,1" hai="14,16,23,38,43,46,61,67,70,84,87,98,100,106" machi="106" ten="20,12000,1" yaku="1,1,0,1,7,1,52,1,54,1,53,0" doraHai="56" doraHaiUra="2" who="2" fromWho="2" sc="163,-41,398,-41,244,133,185,-41" /><INIT seed="2,2,0,5,3,47" ten="122,357,377,144" oya="2" hai0="127,118,102,113,37,133,2,92,23,69,14,62,58" hai1="46,98,7,65,122,134,131,8,119,115,13,129,42" hai2="1,68,123,79,125,120,121,54,112,3,34,73,82" hai3="48,21,90,10,32,40,94,78,52,24,35,83,95"/><V0/><F112/><W43/><G10/><T18/><D113/><U114/><E119/><V6/><F125/><W45/><G35/><T11/><D127/><U38/><E134/><V89/><F34/><W110/><G110/><T36/><D69/><U105/><E122/><V49/><F68/><W67/><G67/><T111/><D111/><U63/><E105/><V88/><REACH who="2" step="1"/><F6/><REACH who="2" ten="122,357,367,144" step="2"/><W87/><G32/><T103/><D118/><U126/><E126/><V100/><F100/><W93/><REACH who="3" step="1"/><G90/><REACH who="3" ten="122,357,367,134" step="2"/><T56/><D133/><U109/><E109/><V5/><F5/><W107/><G107/><T57/><D103/><U135/><E135/><V27/><F27/><W130/><G130/><T28/><D102/><U70/><E115/><V108/><F108/><W80/><G80/><T72/><D92/><U75/><E114/><V29/><F29/><AGARI ba="2,2" hai="21,24,29,40,43,45,48,52,78,83,87,93,94,95" machi="29" ten="40,8000,1" yaku="1,1,8,1,52,1,54,1,53,1" doraHai="47" doraHaiUra="17" who="3" fromWho="2" sc="122,0,357,0,367,-86,134,106" /><INIT seed="3,0,0,2,1,21" ten="122,357,281,240" oya="3" hai0="80,24,113,72,109,123,126,16,96,47,61,51,36" hai1="87,48,119,20,41,127,64,70,18,128,89,0,32" hai2="105,45,91,74,29,46,34,4,8,94,27,118,102" hai3="92,100,35,22,84,114,49,93,108,15,56,6,67"/><W10/><G35/><T71/><D123/><U5/><E32/><V83/><F118/><W25/><G114/><T17/><D113/><U58/><E119/><V30/><F30/><W37/><G37/><T2/><D36/><U103/><E5/><V53/><F105/><W59/><G108/><T116/><D116/><U122/><E0/><V86/><F53/><N who="3" m="31791" /><G100/><T77/><D109/><U82/><E122/><V52/><F74/><W13/><G13/><T112/><D112/><U75/><E75/><V110/><F110/><W81/><G59/><T43/><D126/><U66/><E70/><V130/><F130/><W121/><G67/><T60/><D2/><U104/><E128/><V31/><F31/><N who="3" m="17847" /><G121/><T55/><D71/><U14/><E127/><V78/><F102/><W54/><G54/><T79/><D55/><N who="1" m="32103" /><E104/><V88/><F52/><W63/><G63/><T39/><D39/><U65/><E103/><V12/><REACH who="2" step="1"/><F78/><AGARI ba="0,0" hai="6,10,15,78,81,84,92,93" m="17847,31791" machi="78" ten="30,2900,0" yaku="8,1,52,1" doraHai="21" who="3" fromWho="2" sc="122,0,357,0,281,-29,240,29" /><INIT seed="3,1,0,0,2,69" ten="122,357,252,269" oya="3" hai0="2,23,130,42,128,14,19,135,99,108,0,129,50" hai1="53,1,67,27,60,41,81,95,28,25,113,98,30" hai2="94,122,22,116,93,68,62,112,75,49,83,117,45" hai3="66,48,65,11,44,115,119,63,131,56,21,52,47"/><W77/><G119/><T26/><D108/><U85/><E113/><V32/><F32/><W96/><G115/><T106/><D135/><U124/><E1/><V102/><F112/><W16/><G131/><T51/><D26/><U10/><E41/><V73/><F122/><W29/><G77/><T61/><D61/><U127/><E53/><V97/><F116/><W132/><G132/><T39/><D50/><U82/><E10/><V15/><F93/><W80/><G80/><T87/><D51/><U134/><E134/><V20/><F117/><W4/><G29/><T123/><D123/><U7/><E7/><V104/><F104/><W86/><G86/><T34/><D34/><U64/><E95/><V101/><F101/><W88/><G47/><N who="0" m="24031" /><D87/><U118/><E118/><V133/><F133/><W71/><G71/><T58/><D58/><U72/><E72/><V3/><F3/><N who="0" m="1066" /><D99/><U17/><E98/><V57/><F68/><W121/><G121/><T74/><D74/><U110/><E110/><V18/><F20/><W76/><G76/><T33/><D33/><U5/><E5/><V125/><F83/><W78/><G78/><T89/><D106/><U43/><E85/><V12/><F73/><W109/><G109/><T92/><D92/><U35/><E35/><V114/><F75/><W126/><G4/><T8/><D8/><U84/><E84/><V111/><F111/><W91/><G11/><T70/><D70/><U9/><E82/><V37/><F114/><W13/><G96/><T40/><D40/><U59/><E81/><V38/><F97/><W79/><G79/><RYUUKYOKU ba="1,0" sc="122,30,357,-10,252,-10,269,-10" hai0="14,19,23,89,128,129,130" /><INIT seed="4,2,0,0,1,46" ten="152,347,242,259" oya="0" hai0="23,116,60,27,59,25,3,124,69,47,37,42,1" hai1="33,128,58,28,22,18,15,32,106,92,135,90,73" hai2="68,31,53,67,17,71,80,115,78,103,84,112,114" hai3="54,94,82,49,105,72,19,36,29,87,111,97,30"/><T5/><D116/><U20/><E106/><V51/><F31/><W118/><G111/><T133/><D133/><U89/><E73/><V7/><F103/><W88/><G118/><T99/><D124/><U85/><E128/><V10/><F67/><W55/><G36/><T45/><D69/><U56/><E135/><V21/><F21/><W70/><G70/><T11/><D1/><U117/><E117/><V4/><F4/><W65/><G65/><T0/><D0/><U102/><E102/><V52/><F53/><W122/><G72/><T24/><D47/><U134/><E134/><V120/><F17/><W9/><G105/><T44/><D44/><U93/><E32/><V14/><F120/><W16/><G55/><T123/><D99/><N who="1" m="57743" /><E33/><V50/><F50/><W98/><G98/><T127/><D127/><U129/><E129/><V79/><F78/><N who="3" m="46551" /><G122/><T57/><D123/><U38/><E38/><V110/><F110/><W40/><G40/><T121/><D121/><U12/><E12/><V130/><F130/><W95/><G95/><T132/><D132/><U62/><E62/><V66/><F66/><W83/><G83/><T101/><D101/><U41/><E41/><V91/><F79/><W43/><G43/><T100/><D100/><U63/><E63/><V107/><F107/><W74/><G74/><T8/><D60/><U35/><E35/><V76/><F76/><W119/><G119/><T48/><D37/><U113/><E113/><V34/><F34/><W104/><G104/><T2/><D42/><U75/><E75/><V6/><F7/><W125/><G125/><RYUUKYOKU ba="2,0" sc="152,-15,347,15,242,15,259,-15" hai1="15,18,20,22,28,56,58,85,90,93" hai2="6,10,14,51,52,68,71,80,84,91,112,114,115" /><INIT seed="5,3,0,2,4,11" ten="137,362,257,244" oya="1" hai0="30,129,34,55,10,102,48,32,116,87,65,95,12" hai1="132,86,54,134,59,40,9,110,122,83,13,84,71" hai2="21,104,107,130,62,91,96,49,35,26,80,17,4" hai3="123,60,101,105,112,108,77,93,92,61,114,8,75"/><U120/><E71/><V27/><F130/><W82/><G108/><T31/><D116/><U68/><E68/><V41/><F4/><W111/><G111/><T127/><D129/><U89/><E40/><V33/><F62/><N who="3" m="24171" /><G123/><T90/><D65/><U103/><E103/><V94/><F80/><W15/><G101/><T45/><D127/><U67/><E67/><V14/><F27/><W76/><G76/><T1/><D1/><U44/><E44/><V131/><F131/><W109/><G105/><T118/><D118/><U22/><E22/><V6/><F35/><W128/><G109/><T52/><D102/><U58/><E86/><V72/><F72/><W63/><G63/><T106/><D106/><U79/><E79/><V53/><F41/><W100/><G100/><T99/><D87/><U18/><E110/><V7/><F107/><W5/><G128/><T47/><D34/><U16/><E18/><V125/><F125/><W24/><G24/><T25/><D31/><U42/><E42/><V117/><F117/><W23/><G23/><T70/><D70/><U29/><E29/><V56/><F104/><W119/><G119/><T124/><D124/><U51/><REACH who="1" step="1"/><E59/><REACH who="1" ten="137,352,257,244" step="2"/><N who="2" m="33199" /><F33/><W46/><G46/><T74/><D74/><U20/><E20/><N who="2" m="11319" /><F56/><W64/><G64/><T57/><REACH who="0" step="1"/><D55/><REACH who="0" ten="127,352,257,244" step="2"/><U121/><AGARI ba="3,2" hai="9,13,16,51,54,58,83,84,89,120,121,122,132,134" machi="121" ten="40,12000,1" yaku="1,1,0,1,52,1,54,1,53,0" doraHai="11" doraHaiUra="88" who="1" fromWho="1" sc="127,-43,352,149,257,-43,244,-43" /><INIT seed="5,4,0,4,1,86" ten="84,501,214,201" oya="1" hai0="4,39,78,12,112,128,29,102,66,101,47,36,13" hai1="65,133,76,118,134,87,51,43,17,131,95,127,7" hai2="80,96,91,82,49,130,104,84,77,126,119,105,121" hai3="117,114,70,135,67,68,123,34,108,35,89,24,62"/><U3/><E118/><V10/><F119/><W85/><G117/><T92/><D66/><U19/><E131/><V107/><F10/><W16/><G123/><T103/><D128/><U44/><E127/><V132/><F130/><W42/><G108/><T54/><D112/><U9/><E65/><V97/><F49/><W111/><G70/><T46/><D78/><U18/><E76/><V41/><F41/><W26/><G111/><T53/><D29/><U120/><E120/><V71/><F71/><W58/><G42/><T90/><D4/><U100/><E100/><N who="2" m="62471" /><F121/><W109/><G109/><T30/><D30/><U63/><E63/><V64/><F64/><W45/><G114/><T6/><D6/><U69/><E69/><V21/><F21/><W81/><G45/><N who="0" m="16907" /><D39/><U33/><E33/><V27/><F27/><W93/><G68/><T48/><D36/><U99/><E87/><N who="2" m="48527" /><F132/><W83/><G135/><T25/><D25/><U57/><E57/><V37/><F37/><W116/><G116/><T88/><D48/><U2/><E2/><V38/><F38/><W15/><G35/><T52/><D92/><U32/><E32/><V28/><F28/><W75/><G34/><T129/><D129/><U8/><E8/><V59/><F59/><W115/><G115/><T11/><D11/><U110/><E110/><V56/><F56/><W1/><G1/><T20/><D20/><U23/><E23/><V79/><F126/><W0/><G0/><T113/><D113/><U122/><E122/><V50/><F50/><W55/><G26/><T14/><AGARI ba="4,0" hai="12,13,14,52,53,54,88,90,101,102,103" m="16907" machi="14" ten="40,16000,3" yaku="29,2,28,2,8,1,52,2,54,2" doraHai="86" who="0" fromWho="0" sc="84,172,501,-84,214,-44,201,-44" /><INIT seed="6,0,0,2,1,37" ten="256,417,170,157" oya="2" hai0="89,130,44,96,112,33,52,76,117,74,129,82,92" hai1="28,63,127,67,19,132,36,94,56,68,30,10,77" hai2="100,124,71,125,39,5,111,102,79,34,135,57,20" hai3="83,65,108,46,32,27,17,88,55,11,123,99,50"/><V53/><F71/><W134/><G108/><T42/><D112/><U15/><E132/><V101/><F34/><W98/><G134/><T22/><D33/><U58/><E127/><V6/><F135/><W113/><G123/><T47/><D117/><U133/><E133/><V114/><F114/><W26/><G113/><T31/><D52/><U126/><E36/><V119/><F119/><W18/><G65/><T93/><D93/><U107/><E107/><V90/><F79/><W64/><G64/><T59/><D59/><U72/><E126/><N who="2" m="48747" /><F39/><W85/><G32/><T25/><REACH who="0" step="1"/><D47/><REACH who="0" ten="246,417,170,157" step="2"/><U110/><E58/><V2/><F111/><W62/><G62/><T118/><D118/><U97/><E110/><V66/><F66/><W9/><G99/><T49/><AGARI ba="0,1" hai="22,25,31,42,44,49,74,76,82,89,92,96,129,130" machi="49" ten="30,4000,0" yaku="1,1,0,1,52,1,53,0" doraHai="37" doraHaiUra="116" who="0" fromWho="0" sc="246,50,417,-10,170,-20,157,-10" /><INIT seed="7,0,0,1,5,99" ten="296,407,150,147" oya="3" hai0="46,20,89,49,113,25,73,65,122,107,56,77,60" hai1="94,93,9,132,76,51,16,0,71,103,17,120,7" hai2="12,33,108,6,95,61,104,134,82,133,5,22,11" hai3="3,14,62,100,58,24,87,114,1,131,126,36,91"/><W57/><G36/><T55/><D122/><U78/><E71/><V105/><F33/><W2/><G114/><T44/><D107/><U117/><E120/><V39/><F39/><W125/><G131/><T109/><D109/><U116/><E51/><V110/><F5/><W38/><G38/><T27/><D73/><U111/><E111/><N who="2" m="42539" /><F82/><W112/><G112/><T32/><D77/><N who="1" m="29803" /><E132/><N who="2" m="50795" /><F22/><W70/><G70/><T59/><D32/><U40/><E40/><V81/><F81/><N who="3" m="49647" /><G24/><T67/><D27/><U79/><E79/><V74/><F74/><W123/><G123/><T43/><D113/><U118/><E94/><V4/><F4/><W83/><G83/><T106/><D106/><U86/><E86/><V66/><F95/><W98/><G14/><T69/><D25/><U10/><E10/><V80/><F80/><W124/><G62/><T53/><D60/><U90/><E90/><V31/><F31/><W26/><G26/><T45/><D69/><AGARI ba="0,0" hai="6,11,12,61,66,69,104,105" m="50795,42539" machi="69" ten="30,1000,0" yaku="20,1" doraHai="99" who="2" fromWho="0" sc="296,-10,407,0,150,10,147,0" owari="286,9.0,407,50.0,160,-24.0,147,-35.0" /></mjloggm>