<mjloggm ver="2.3"><GO type="169" lobby="0"/><UN n0="%E5%B1%8A%E3%81%8B%E3%81%AA%E3%81%84%E6%81%8B" n1="%E3%81%B4%E3%83%BC%E3%81%8A%E3%81%8B" n2="%6D%6F%73%61" n3="%73%69%6E%34%36" dan="16,16,16,16" rate="2117.28,2130.69,2112.99,2163.54" sx="M,M,M,M"/><TAIKYOKU oya="0"/><INIT seed="0,0,0,5,4,72" ten="250,250,250,250" oya="0" hai0="49,29,46,83,3,99,125,60,104,87,77,42,114" hai1="100,123,102,59,128,7,79,112,62,23,6,14,78" hai2="21,64,8,16,91,121,13,108,25,109,33,55,12" hai3="74,66,76,52,131,116,31,80,97,115,71,15,32"/><T40/><D125/><U82/><E123/><V37/><F121/><W18/><G115/><T110/><D114/><U5/><E112/><V50/><F37/><W34/><G116/><T119/><D119/><U45/><E82/><V84/><F64/><W98/><G131/><T85/><D3/><U135/><E128/><V67/><F67/><W75/><G74/><T53/><D110/><N who="2" m="42602" /><F33/><W38/><G38/><T103/><D29/><U134/><E45/><N who="2" m="28111" /><F8/><W95/><G98/><T11/><D85/><U28/><E134/><V127/><F127/><W124/><G31/><T36/><D36/><U118/><E118/><V58/><F58/><W44/><G66/><T47/><D47/><U126/><E126/><V105/><F105/><W73/><G73/><T4/><REACH who="0" step="1"/><D60/><REACH who="0" ten="240,250,250,250" step="2"/><U130/><E130/><V132/><F132/><W30/><G30/><T101/><D101/><U10/><E135/><V63/><F63/><W22/><G124/><T113/><D113/><U26/><E102/><V35/><F35/><W107/><G34/><T86/><D86/><U117/><E100/><V0/><F0/><W57/><G32/><T65/><D65/><N who="1" m="39135" /><E117/><V17/><F17/><AGARI ba="0,1" hai="5,6,7,10,14,17,23,26,28,78,79" m="39135" machi="17" ten="30,3900,0" yaku="8,1,52,2" doraHai="72" who="1" fromWho="2" sc="240,0,250,49,250,-39,250,0" /><INIT seed="1,0,0,5,4,51" ten="240,299,211,250" oya="1" hai0="95,68,25,55,18,30,81,75,39,76,133,2,40" hai1="21,35,63,84,101,78,114,45,14,99,119,0,118" hai2="38,98,26,4,10,106,60,41,1,109,71,130,125" hai3="91,34,46,48,58,113,57,50,49,122,11,24,120"/><U135/><E114/><V37/><F109/><W17/><G113/><T44/><D68/><U70/><E35/><V23/><F130/><W131/><G131/><T6/><D133/><U89/><E0/><V116/><F116/><W117/><G117/><T27/><D95/><U66/><E135/><V111/><F111/><W87/><G122/><T73/><D73/><U20/><E78/><V7/><F7/><W28/><G120/><T83/><D83/><U90/><E45/><V93/><F106/><W67/><G67/><T100/><D100/><U22/><E14/><V129/><F125/><W16/><G46/><T31/><D18/><U92/><REACH who="1" step="1"/><E90/><REACH who="1" ten="240,289,211,250" step="2"/><V15/><F1/><W36/><G36/><T126/><D126/><U79/><E79/><V59/><F129/><W124/><G124/><T56/><D27/><U97/><E97/><V65/><F38/><W3/><G3/><T52/><D56/><U86/><E86/><V12/><F59/><W104/><G58/><T62/><D62/><U121/><E121/><V61/><F60/><W47/><G47/><T123/><D123/><U132/><E132/><V8/><F61/><W43/><G57/><T96/><D96/><U69/><E69/><V110/><F71/><W107/><G91/><T33/><REACH who="0" step="1"/><D31/><REACH who="0" ten="230,289,211,250" step="2"/><U108/><E108/><V32/><F98/><W77/><G28/><T134/><D134/><U54/><E54/><V53/><F53/><W127/><G127/><T94/><D94/><AGARI ba="0,2" hai="20,21,22,63,66,70,84,89,92,94,99,101,118,119" machi="94" ten="40,2000,0" yaku="1,1,53,0" doraHai="51" doraHaiUra="42" who="1" fromWho="0" sc="230,-20,289,40,211,0,250,0" /><INIT seed="1,1,0,1,4,8" ten="210,329,211,250" oya="1" hai0="74,4,116,82,26,122,1,36,9,96,17,68,28" hai1="77,7,67,31,75,6,37,128,135,49,87,76,97" hai2="42,85,65,94,33,95,119,56,19,35,133,21,2" hai3="58,40,63,11,53,66,20,25,84,108,131,127,39"/><U92/><E37/><V88/><F119/><W104/><G108/><T55/><D122/><U30/><E128/><V103/><F133/><W110/><G110/><T90/><D116/><U48/><E135/><V129/><F2/><W72/><G72/><T10/><D68/><U113/><E113/><V109/><F129/><W18/><G104/><T98/><D55/><U89/><E75/><V5/><F5/><N who="1" m="1545" /><E67/><V134/><F109/><W78/><G131/><T57/><D57/><U111/><E111/><V112/><F42/><W52/><G11/><T12/><D36/><U32/><E32/><V54/><F65/><W44/><G127/><T81/><D74/><U124/><E124/><V69/><F69/><W29/><G78/><N who="1" m="30314" /><E87/><V102/><F112/><W93/><G84/><T34/><REACH who="0" step="1"/><D98/><REACH who="0" ten="200,329,211,250" step="2"/><U105/><E105/><V107/><F107/><W126/><G126/><T79/><D79/><U47/><E49/><V106/><F106/><W46/><G93/><AGARI ba="1,1" hai="1,4,9,10,12,17,26,28,34,81,82,90,93,96" machi="93" ten="40,2600,0" yaku="1,1,52,1,53,0" doraHai="8" doraHaiUra="125" who="0" fromWho="3" sc="200,39,329,0,211,0,250,-29" /><INIT seed="2,0,0,2,1,91" ten="239,329,211,221" oya="2" hai0="130,15,22,38,107,60,45,3,62,28,76,1,124" hai1="122,37,86,99,121,120,110,8,125,129,66,53,16" hai2="132,23,118,113,21,128,106,10,108,77,0,42,59" hai3="25,5,44,47,80,88,57,31,116,48,34,117,54"/><V101/><F113/><W19/><G5/><T81/><D107/><U100/><E110/><V92/><F118/><W61/><G44/><T20/><D130/><U52/><E129/><V111/><F128/><W134/><G19/><T26/><D124/><U24/><E37/><V36/><F106/><W93/><G80/><T79/><D79/><U109/><E109/><N who="2" m="42059" /><F132/><W126/><G126/><T112/><D112/><U123/><E125/><V95/><F101/><W133/><G133/><T17/><D1/><U12/><E120/><V98/><F98/><W29/><G31/><T69/><D69/><U135/><E135/><V104/><F104/><W39/><G39/><T58/><D58/><U13/><E24/><V73/><F59/><W131/><G131/><T41/><REACH who="0" step="1"/><D3/><REACH who="0" ten="229,329,211,221" step="2"/><U119/><E122/><V68/><F68/><W27/><G134/><T72/><AGARI ba="0,1" hai="15,17,20,22,26,28,38,41,45,60,62,72,76,81" machi="72" ten="20,8000,1" yaku="1,1,2,1,0,1,7,1,53,1" doraHai="91" doraHaiUra="105" who="0" fromWho="0" sc="229,90,329,-20,211,-40,221,-20" /><INIT seed="3,0,0,3,4,13" ten="319,309,171,201" oya="3" hai0="30,118,57,85,98,126,23,131,83,28,91,27,124" hai1="89,70,3,63,22,72,120,0,41,34,112,20,47" hai2="7,134,111,14,121,52,18,31,76,95,129,39,108" hai3="45,32,49,135,26,64,66,105,117,61,65,110,5"/><W107/><G117/><T79/><D118/><U114/><E120/><V133/><F129/><W71/><G135/><N who="2" m="51721" /><F39/><W102/><G110/><N who="2" m="42025" /><F7/><W19/><G5/><T92/><D131/><U42/><E34/><V115/><F115/><W10/><G10/><T81/><D57/><U53/><E72/><V4/><F4/><W97/><G107/><T132/><D132/><U109/><E89/><V15/><F15/><W78/><G78/><T125/><REACH who="0" step="1"/><D83/><REACH who="0" ten="309,309,171,201" step="2"/><U82/><E82/><V94/><F121/><W103/><G102/><T73/><D73/><U75/><E75/><V116/><F116/><W9/><G9/><T51/><D51/><U16/><E109/><V59/><F76/><W87/><G87/><T12/><D12/><U67/><E112/><V88/><F88/><W104/><G105/><T56/><D56/><U96/><E114/><V128/><F128/><W69/><G69/><T29/><AGARI ba="0,1" hai="23,27,28,29,30,79,81,85,91,92,98,124,125,126" machi="29" ten="40,5200,0" yaku="1,1,0,1,18,1,53,0" doraHai="13" doraHaiUra="54" who="0" fromWho="0" sc="309,62,309,-13,171,-13,201,-26" /><INIT seed="4,0,0,4,1,129" ten="371,296,158,175" oya="0" hai0="77,71,26,57,99,32,10,92,88,126,56,114,34" hai1="87,9,5,50,38,80,37,18,82,109,72,47,76" hai2="85,40,29,106,1,112,91,132,78,117,86,113,104" hai3="130,74,75,134,67,121,64,100,97,63,15,66,12"/><T30/><D126/><U16/><E109/><V8/><F29/><W39/><G130/><T3/><D114/><N who="2" m="44138" /><F40/><W123/><G39/><T105/><D71/><U53/><E37/><V118/><F1/><W52/><G100/><T124/><D124/><U48/><E48/><V116/><F8/><W51/><G97/><T70/><D70/><U96/><E96/><V23/><F23/><W61/><G51/><T95/><D105/><U127/><E38/><V107/><F132/><W83/><G83/><T54/><D77/><U94/><E94/><N who="2" m="54639" /><F86/><W65/><G134/><T59/><D32/><U6/><E6/><V4/><F4/><W120/><N who="3" m="16384" /><DORA hai="17" /><W44/><G44/><T73/><D10/><U14/><REACH who="1" step="1"/><E127/><REACH who="1" ten="371,286,158,175" step="2"/><V31/><F31/><W58/><REACH who="3" step="1"/><G63/><REACH who="3" ten="371,286,158,165" step="2"/><T20/><D34/><U90/><AGARI ba="0,2" hai="5,9,14,16,18,47,50,53,72,76,80,82,87,90" machi="90" ten="20,8000,1" yaku="1,1,2,1,0,1,7,1,54,1,53,0" doraHai="129,17" doraHaiUra="108,27" who="1" fromWho="1" sc="371,-40,286,100,158,-20,165,-20" /><INIT seed="5,0,0,5,2,91" ten="331,386,138,145" oya="1" hai0="92,58,74,121,46,108,31,48,38,70,8,15,2" hai1="110,55,105,62,34,125,61,109,72,36,23,16,69" hai2="63,12,57,6,18,4,114,100,11,54,66,80,127" hai3="20,93,97,5,33,47,42,19,30,37,115,101,133"/><U119/><E119/><V7/><F127/><W99/><G115/><T10/><D74/><U0/><E125/><V21/><F114/><W120/><G120/><T107/><D107/><U106/><E0/><V85/><F100/><W78/><G133/><T132/><D70/><U87/><E72/><V17/><F66/><W96/><G5/><T73/><D73/><U24/><E36/><V128/><F128/><W89/><G78/><T59/><D132/><U64/><E34/><V53/><F53/><W45/><G30/><T122/><D38/><U111/><E87/><V113/><F113/><W116/><G33/><T50/><D31/><U65/><REACH who="1" step="1"/><E55/><REACH who="1" ten="331,376,138,145" step="2"/><V76/><REACH who="2" step="1"/><F17/><REACH who="2" ten="331,376,128,145" step="2"/><W82/><G116/><T77/><D122/><U44/><E44/><V26/><AGARI ba="0,2" hai="4,6,7,11,12,18,21,26,54,57,63,76,80,85" machi="26" ten="20,12000,2" yaku="1,1,2,1,0,1,7,1,8,1,53,1" doraHai="91" doraHaiUra="83" who="2" fromWho="2" sc="331,-30,376,-60,128,140,145,-30" /><INIT seed="6,0,0,2,2,31" ten="301,316,268,115" oya="2" hai0="107,53,99,66,17,23,56,108,45,93,73,59,72" hai1="89,60,112,37,115,29,0,94,105,120,76,24,34" hai2="65,5,30,124,4,78,9,48,46,33,26,126,91" hai3="8,70,111,22,15,127,39,3,86,90,114,6,69"/><V125/><F78/><W88/><G39/><T12/><D108/><U44/><E105/><V47/><F65/><W21/><G111/><T64/><D107/><U57/><E0/><V106/><F106/><W96/><G127/><T77/><D77/><U121/><E76/><V54/><F91/><W117/><G117/><T80/><D80/><U134/><E44/><V82/><F82/><W113/><G96/><T97/><D97/><N who="1" m="57551" /><E37/><V11/><F46/><W18/><G22/><T102/><D73/><U13/><E13/><V1/><REACH who="2" step="1"/><F124/><REACH who="2" ten="301,316,258,115" step="2"/><W95/><REACH who="3" step="1"/><G90/><REACH who="3" ten="301,316,258,105" step="2"/><T84/><D102/><U118/><E118/><V123/><F123/><W133/><G133/><T2/><D72/><U42/><E134/><V40/><F40/><W16/><G16/><T38/><D17/><U122/><E42/><V74/><F74/><W81/><G81/><T19/><D19/><U25/><E121/><V98/><F98/><W7/><G7/><T131/><D99/><U79/><E122/><V10/><F10/><W116/><G116/><T130/><D130/><U129/><E129/><V71/><F71/><AGARI ba="0,2" hai="3,6,8,15,18,21,69,70,71,86,88,95,113,114" machi="71" ten="40,8000,1" yaku="1,1,54,1,53,2" doraHai="31" doraHaiUra="110" who="3" fromWho="2" sc="301,0,316,0,258,-80,105,100" /><INIT seed="7,0,0,4,4,107" ten="301,316,178,205" oya="3" hai0="117,52,61,59,116,129,113,95,20,120,102,4,99" hai1="73,51,130,3,110,98,124,115,55,74,71,87,7" hai2="100,0,46,106,88,5,48,11,96,83,70,108,33" hai3="37,57,32,64,50,38,109,58,6,16,1,27,21"/><W56/><G109/><T66/><D120/><U97/><E110/><V65/><F108/><W60/><G32/><T30/><D129/><U123/><E123/><V79/><F33/><W19/><G1/><T67/><D113/><U22/><E71/><V41/><F70/><W112/><G6/><T126/><D126/><U62/><E62/><V35/><F35/><W75/><G112/><T10/><D67/><U121/><E121/><V36/><F65/><W17/><G75/><T47/><D10/><U111/><E111/><V89/><F48/><W91/><G91/><T80/><D80/><U78/><E115/><V63/><REACH who="2" step="1"/><F63/><REACH who="2" ten="301,316,168,205" step="2"/><W85/><G85/><AGARI ba="0,1" hai="0,5,11,36,41,46,79,83,85,88,89,96,100,106" machi="85" ten="30,7700,0" yaku="1,1,2,1,7,1,54,1,53,0" doraHai="107" doraHaiUra="133" who="2" fromWho="3" sc="301,0,316,0,168,87,205,-77" owari="301,10.0,316,41.0,255,-14.0,128,-37.0" /></mjloggm>