<mjloggm ver="2.3"><GO type="169" lobby="0"/><UN n0="%E7%A2%A7%E4%B9%83" n1="%6B%75%72%69%6D%75" n2="%E8%A5%BF%E5%B2%A1%E8%82%B2%E6%9C%AA%E2%99%AA" n3="%69%71%31%38%30%E7%9C%9F%E5%89%A3%E6%A7%98" dan="16,18,16,16" rate="2147.40,2271.38,2107.06,2150.53" sx="F,M,F,M"/><TAIKYOKU oya="0"/><INIT seed="0,0,0,4,2,75" ten="250,250,250,250" oya="0" hai0="21,65,133,95,22,44,97,112,110,47,49,125,69" hai1="62,46,90,79,88,118,81,85,70,43,20,115,84" hai2="116,89,37,17,117,77,30,96,52,19,64,35,78" hai3="67,23,3,134,16,42,107,32,56,55,135,105,129"/><T25/><D112/><U111/><E111/><V119/><F37/><W53/><G32/><T83/><D133/><N who="3" m="50697" /><G3/><T5/><D125/><U98/><E118/><V114/><F114/><W128/><G42/><T18/><D5/><U124/><E124/><V131/><F131/><N who="3" m="50251" /><G67/><T27/><D110/><U13/><E62/><V127/><F127/><W74/><G74/><T9/><D9/><U87/><E70/><V109/><F109/><W36/><G36/><T60/><D49/><N who="1" m="26847" /><E115/><V31/><F64/><W132/><N who="3" m="50705" /><W12/><DORA hai="63" /><G55/><T66/><D83/><U120/><E120/><V8/><F35/><W93/><G93/><T71/><D71/><U123/><E123/><V94/><F52/><W38/><G38/><T28/><REACH who="0" step="1"/><D66/><REACH who="0" ten="240,250,250,250" step="2"/><U61/><E61/><AGARI ba="0,1" hai="12,16,23,53,56,61,105,107" m="50251,50705" machi="61" ten="40,5200,0" yaku="20,1,19,1,54,1" doraHai="75,63" who="3" fromWho="1" sc="240,0,250,-52,250,0,250,62" /><INIT seed="1,0,0,0,4,22" ten="240,198,250,312" oya="1" hai0="29,40,46,109,92,133,63,132,123,116,106,135,121" hai1="124,50,48,15,127,58,25,108,26,103,75,52,69" hai2="112,1,89,7,60,90,118,64,17,119,79,131,68" hai3="62,82,59,128,97,113,27,120,45,70,126,0,80"/><U53/><E75/><V100/><F131/><W65/><G120/><N who="0" m="46155" /><D106/><U122/><E69/><V23/><F112/><W6/><G113/><T35/><D92/><U14/><E122/><V38/><F38/><W88/><G128/><T61/><D35/><U13/><E108/><V28/><F28/><W134/><G134/><T105/><D29/><U71/><E71/><V37/><F37/><W31/><G70/><T83/><D83/><U41/><E41/><V56/><F79/><W72/><G126/><N who="1" m="48170" /><E103/><V73/><F73/><W20/><G45/><AGARI ba="0,0" hai="13,14,15,25,26,45,48,50,52,53,58" m="48170" machi="45" ten="30,11600,0" yaku="18,1,52,2,54,1" doraHai="22" who="1" fromWho="3" sc="240,0,198,116,250,0,312,-116" /><INIT seed="1,1,0,3,2,120" ten="240,314,250,196" oya="1" hai0="105,27,24,37,35,31,113,39,92,107,124,131,111" hai1="125,6,67,82,58,8,44,88,38,25,114,102,15" hai2="0,103,118,93,115,97,126,122,128,59,7,84,94" hai3="23,34,90,16,49,91,133,110,64,60,76,74,80"/><U79/><E125/><V61/><F122/><W47/><G133/><T29/><D113/><U41/><E114/><V2/><F118/><W65/><G110/><T99/><D124/><U33/><E102/><V121/><F121/><W104/><G104/><T72/><D72/><U42/><E42/><V11/><F126/><W106/><G34/><T5/><D5/><U1/><E15/><V75/><F75/><W32/><G32/><T52/><D131/><U55/><E67/><V81/><F115/><W12/><G106/><T83/><D83/><U130/><E130/><V77/><F128/><W14/><G12/><T96/><D35/><U36/><E25/><V54/><F94/><W18/><G18/><T9/><D52/><U26/><E26/><V48/><F61/><W10/><G23/><T117/><D92/><U28/><E33/><V89/><REACH who="2" step="1"/><F0/><REACH who="2" ten="240,314,240,196" step="2"/><W68/><REACH who="3" step="1"/><G64/><REACH who="3" ten="240,314,240,186" step="2"/><T123/><D123/><U50/><E1/><V62/><F62/><W51/><G51/><T20/><D117/><U13/><E50/><V66/><F66/><W127/><G127/><T22/><REACH who="0" step="1"/><D9/><REACH who="0" ten="230,314,240,186" step="2"/><U78/><E8/><V73/><F73/><W3/><G3/><T69/><D69/><U45/><E36/><V46/><F46/><W98/><G98/><T19/><D19/><U86/><E44/><V57/><F57/><W109/><G109/><AGARI ba="1,3" hai="20,22,24,27,29,31,37,39,96,99,105,107,109,111" machi="109" ten="25,8000,1" yaku="1,1,22,2,52,2,53,0" doraHai="120" doraHaiUra="56" who="0" fromWho="3" sc="230,113,314,0,240,0,186,-83" /><INIT seed="2,0,0,4,2,30" ten="343,314,240,103" oya="2" hai0="22,75,23,69,56,133,1,64,73,16,67,8,0" hai1="96,66,132,111,58,33,47,129,89,128,102,92,44" hai2="62,105,27,74,13,85,51,130,2,109,88,126,37" hai3="10,78,114,120,65,45,110,38,134,26,3,42,94"/><V46/><F2/><W11/><G120/><T35/><D35/><U53/><E132/><V98/><F74/><W14/><G134/><T18/><D69/><U124/><E111/><V43/><F130/><N who="1" m="50281" /><E124/><V121/><F121/><W100/><G110/><T84/><D133/><U99/><E66/><V112/><F112/><W21/><G114/><T104/><D104/><N who="1" m="63559" /><E33/><V115/><F115/><W77/><G3/><T71/><D71/><U7/><E7/><V68/><F109/><W59/><G10/><T57/><D84/><U106/><E106/><V12/><F126/><W50/><G94/><T6/><D8/><U135/><E135/><V55/><F98/><W60/><G100/><T131/><D131/><U28/><E28/><V49/><F105/><W32/><G38/><T4/><AGARI ba="0,0" hai="0,1,4,6,16,18,22,23,56,57,64,67,73,75" machi="4" ten="25,6400,0" yaku="0,1,22,2,54,1" doraHai="30" who="0" fromWho="0" sc="343,64,314,-16,240,-32,103,-16" /><INIT seed="3,0,0,4,2,19" ten="407,298,208,87" oya="3" hai0="55,47,77,17,98,70,119,102,44,86,94,71,128" hai1="113,60,6,49,134,61,7,100,131,16,96,114,121" hai2="93,36,69,99,54,30,2,14,26,13,62,87,4" hai3="89,103,5,40,120,41,39,56,53,124,11,23,9"/><W32/><G120/><T25/><D119/><U81/><E121/><V75/><F75/><W104/><G124/><T88/><D128/><U133/><E81/><V91/><F36/><W64/><G32/><T105/><D70/><U67/><E131/><V73/><F73/><W42/><G39/><T50/><D71/><U20/><E49/><V34/><F2/><W117/><G117/><T118/><D118/><U63/><E67/><V126/><F126/><W21/><G64/><T127/><D127/><U76/><E76/><V132/><F132/><N who="1" m="50793" /><E7/><V68/><F4/><W57/><G57/><T83/><D17/><U112/><E6/><V28/><F28/><W35/><G35/><T116/><D116/><U8/><E8/><N who="3" m="3146" /><G104/><T123/><D123/><U48/><E48/><V84/><F68/><W29/><G103/><T129/><D129/><U33/><E33/><V59/><F69/><W97/><G5/><T66/><D66/><U82/><E82/><V122/><F122/><W24/><G29/><T10/><D10/><U51/><E51/><V108/><F30/><W109/><G24/><T38/><D25/><N who="1" m="14471" /><E63/><V92/><F26/><W111/><G53/><T65/><D65/><U110/><E110/><N who="3" m="41994" /><G56/><T46/><D38/><U95/><AGARI ba="0,0" hai="60,61,95,96,100,112,113,114" m="14471,50793" machi="95" ten="40,5200,0" yaku="20,1,52,1,54,1" doraHai="19" who="1" fromWho="1" sc="407,-13,298,52,208,-13,87,-26" /><INIT seed="4,0,0,2,0,134" ten="394,350,195,61" oya="0" hai0="5,107,73,13,47,44,100,23,126,41,76,112,38" hai1="108,63,78,43,85,82,124,103,6,113,56,91,69" hai2="19,114,72,118,105,20,120,115,52,26,1,123,125" hai3="60,71,54,62,17,135,128,130,64,87,121,33,55"/><T99/><D112/><N who="2" m="43050" /><F72/><W97/><G33/><T3/><D13/><U35/><E108/><V8/><F105/><W83/><G97/><T24/><D47/><U57/><E35/><V119/><F52/><N who="3" m="20011" /><G17/><T7/><D7/><U132/><E43/><V14/><F1/><W65/><G87/><T117/><D117/><N who="2" m="44554" /><F125/><W21/><G83/><N who="0" m="45455" /><D24/><U110/><E124/><V81/><F81/><W122/><G21/><T51/><D51/><U53/><E53/><V22/><F22/><W111/><G111/><T79/><D23/><U93/><E6/><AGARI ba="0,0" hai="6,8,14,19,20,26,120,123" m="44554,43050" machi="6" ten="30,7700,0" yaku="15,1,12,1,34,2" doraHai="134" who="2" fromWho="1" sc="394,0,350,-77,195,77,61,0" /><INIT seed="5,0,0,0,3,100" ten="394,273,272,61" oya="1" hai0="64,46,122,38,41,88,40,58,76,98,39,101,29" hai1="133,125,60,123,27,23,99,135,69,70,114,116,107" hai2="7,85,106,3,93,82,57,6,55,43,20,109,110" hai3="87,54,78,119,130,15,21,34,79,4,112,132,90"/><U18/><E123/><V53/><F106/><W8/><G34/><T94/><D122/><U113/><E116/><V42/><F93/><W108/><G108/><T72/><D29/><U127/><E60/><V36/><F20/><W16/><G112/><N who="1" m="43114" /><E99/><V51/><F36/><W104/><G130/><T91/><D72/><U59/><E59/><N who="2" m="33215" /><F3/><W128/><G128/><T63/><REACH who="0" step="1"/><D76/><REACH who="0" ten="384,273,272,61" step="2"/><U115/><E115/><V32/><F110/><W74/><G119/><T47/><AGARI ba="0,1" hai="38,39,40,41,46,47,58,63,64,88,91,94,98,101" machi="47" ten="30,8000,1" yaku="1,1,2,1,0,1,9,1,54,1,53,0" doraHai="100" doraHaiUra="11" who="0" fromWho="0" sc="384,90,273,-40,272,-20,61,-20" /><INIT seed="6,0,0,1,3,115" ten="474,233,252,41" oya="2" hai0="27,1,135,59,131,21,67,56,120,117,111,94,58" hai1="18,64,129,13,46,110,119,0,75,68,17,60,14" hai2="20,33,38,66,32,53,106,61,28,50,91,102,29" hai3="65,73,84,9,108,128,80,83,85,23,76,116,87"/><V41/><F106/><W37/><G37/><T79/><D1/><U2/><E110/><V40/><F102/><W105/><G65/><T10/><D111/><U97/><E75/><V6/><F6/><W122/><G9/><T39/><D39/><U42/><E119/><V26/><F38/><W57/><G23/><T19/><D117/><U101/><E129/><V88/><F32/><W43/><G57/><T44/><D120/><U95/><E46/><V31/><F61/><W127/><G43/><N who="2" m="16457" /><F33/><W11/><G11/><T78/><D131/><U24/><E24/><V81/><F66/><W70/><G70/><T63/><D44/><U104/><E42/><V35/><F35/><W62/><G62/><T126/><D67/><U5/><E5/><V125/><F125/><W113/><G128/><T71/><D71/><U25/><E25/><V123/><F81/><N who="3" m="45199" /><G127/><T99/><D63/><U93/><E2/><V49/><F49/><W132/><G108/><T133/><D126/><U86/><E86/><N who="3" m="33386" /><G122/><T48/><D48/><U124/><E0/><V90/><F123/><W36/><G36/><T100/><D10/><U45/><E45/><AGARI ba="0,0" hai="20,26,28,29,31,45,50,53,88,90,91" m="16457" machi="45" ten="30,2900,0" yaku="8,1,54,1" doraHai="115" who="2" fromWho="1" sc="474,0,233,-29,252,29,41,0" /><INIT seed="6,1,0,3,4,93" ten="474,204,281,41" oya="2" hai0="129,45,14,79,104,102,5,0,60,34,44,86,130" hai1="99,95,13,59,9,121,106,38,3,73,116,128,77" hai2="67,6,131,8,119,78,39,50,58,70,19,115,33" hai3="81,56,17,25,28,80,54,94,76,109,74,107,1"/><V12/><F119/><W52/><G109/><T90/><D34/><U114/><E114/><V40/><F115/><W96/><G1/><T55/><D79/><U108/><E128/><V72/><F131/><N who="0" m="50186" /><D102/><U63/><E121/><V85/><F33/><W113/><G113/><T11/><D104/><U43/><E116/><V49/><F72/><W84/><G17/><T92/><D0/><U20/><E106/><V68/><F39/><W127/><G127/><T126/><D126/><U117/><E108/><V48/><F68/><W83/><G107/><T53/><D53/><U47/><E20/><V135/><F135/><W111/><G111/><T51/><D60/><U124/><E124/><V7/><F70/><W30/><G30/><T62/><D62/><U64/><E117/><V112/><F112/><W118/><G118/><T4/><D45/><U98/><E95/><V32/><F40/><W57/><G57/><T91/><D90/><U61/><E61/><N who="2" m="38327" /><F32/><W123/><G123/><T23/><D23/><U22/><E22/><V27/><F27/><W71/><G71/><T15/><D15/><U18/><REACH who="1" step="1"/><E3/><REACH who="1" ten="474,194,281,41" step="2"/><V24/><F24/><W2/><G2/><T31/><D31/><U105/><E105/><V97/><F97/><W10/><G25/><T87/><D87/><U35/><E35/><V36/><F85/><W120/><G28/><T101/><D86/><U26/><E26/><V65/><F65/><W41/><G84/><T110/><D110/><U132/><E132/><V46/><F78/><W133/><G120/><T37/><D37/><U16/><E16/><V88/><F88/><RYUUKYOKU ba="1,1" sc="474,-15,194,15,281,15,41,-15" hai1="9,13,18,38,43,47,59,63,64,73,77,98,99" hai2="6,7,8,12,19,36,46,48,49,50" /><INIT seed="6,2,1,5,1,100" ten="459,209,296,26" oya="2" hai0="2,105,135,49,59,118,129,130,69,36,92,70,61" hai1="22,8,86,128,6,65,77,97,62,73,107,75,122" hai2="119,131,0,96,46,58,132,124,90,82,127,99,57" hai3="117,51,71,28,27,19,109,101,133,29,44,25,17"/><V10/><F119/><W24/><G133/><T37/><D2/><U64/><E128/><N who="0" m="49257" /><D92/><U33/><E33/><V11/><F131/><W88/><G71/><N who="0" m="27147" /><D105/><U104/><E22/><V121/><F46/><W4/><G117/><T108/><D118/><U15/><E122/><V125/><F132/><W89/><G109/><T13/><D13/><U5/><E86/><N who="2" m="50519" /><F121/><W48/><G101/><T38/><D135/><U20/><E20/><V30/><F30/><W83/><G4/><T134/><D134/><U21/><E21/><V114/><F114/><W93/><G83/><T103/><D103/><U78/><E62/><V94/><F99/><W126/><G126/><T67/><D49/><U66/><E97/><V54/><F0/><W98/><G89/><T9/><D9/><N who="2" m="3082" /><F54/><W111/><G51/><T14/><D14/><U106/><REACH who="1" step="1"/><E5/><REACH who="1" ten="459,199,296,26" step="2"/><V85/><F85/><W45/><G111/><AGARI ba="2,2" hai="36,37,38,59,61,67,108,111" m="27147,49257" machi="111" ten="40,5200,0" yaku="19,1,34,2" doraHai="100" who="0" fromWho="3" sc="459,78,199,0,296,0,26,-58" owari="537,63.0,199,-20.0,296,10.0,-32,-53.0" /></mjloggm>