<mjloggm ver="2.3"><GO type="169" lobby="0"/><UN n0="%4A%57%49%4C%4C" n1="%E6%AD%A6%E5%A8%81" n2="%E7%9B%AE%E7%8E%89%E7%84%BC%E3%81%8D" n3="%E3%81%BE%E3%81%99%E3%81%9E%E3%81%88" dan="16,17,16,16" rate="2126.41,2146.69,2112.74,2117.91" sx="M,M,M,M"/><TAIKYOKU oya="0"/><INIT seed="0,0,0,1,2,108" ten="250,250,250,250" oya="0" hai0="89,74,2,87,132,127,9,135,129,23,28,31,26" hai1="56,82,109,8,128,107,102,100,73,69,10,32,104" hai2="21,99,63,13,46,37,105,54,122,131,78,25,12" hai3="68,98,3,55,117,66,34,17,50,38,121,48,51"/><T96/><D74/><U6/><E69/><V118/><F122/><W75/><G121/><T65/><D65/><U77/><E109/><V53/><F118/><W35/><G117/><T97/><D31/><U47/><E32/><V36/><F78/><W80/><G38/><T60/><D60/><U57/><E128/><V5/><F131/><W106/><G3/><T126/><D129/><U79/><E47/><V86/><F36/><W85/><G75/><T111/><D111/><U101/><E79/><V133/><F37/><W103/><G55/><T119/><D119/><U76/><E76/><V42/><F42/><W84/><G17/><T58/><D58/><U112/><E112/><V95/><F105/><W41/><G41/><T59/><D59/><U71/><E71/><V0/><F0/><W16/><G16/><T52/><D52/><N who="2" m="20074" /><F63/><W4/><G4/><N who="0" m="1175" /><D97/><U62/><E57/><V124/><F5/><W44/><G85/><T15/><D96/><U39/><E104/><V72/><F72/><W134/><G134/><N who="0" m="51243" /><D89/><U115/><E107/><V24/><F133/><W29/><G68/><T43/><D87/><U114/><E39/><V92/><F86/><W22/><G66/><T20/><D43/><U88/><E88/><N who="2" m="55687" /><F95/><W1/><G106/><T64/><D64/><U7/><E62/><V30/><F46/><W116/><G44/><T61/><D61/><U40/><E40/><V14/><F124/><N who="0" m="47658" /><D15/><N who="1" m="5527" /><E56/><V93/><F93/><W33/><G116/><T90/><D90/><U70/><E70/><V113/><F113/><N who="1" m="43017" /><E102/><V83/><F83/><W130/><G80/><T11/><D11/><RYUUKYOKU ba="0,0" sc="250,10,250,10,250,10,250,-30" hai0="20,23,26,28" hai1="7,10,73,77,82,100,101" hai2="12,13,14,21,24,25,30" /><INIT seed="0,1,0,2,4,52" ten="260,260,260,220" oya="0" hai0="67,37,55,104,74,114,92,108,77,90,60,58,50" hai1="31,121,12,70,82,42,76,62,28,14,0,47,84" hai2="1,16,36,80,32,110,72,71,109,122,41,35,38" hai3="21,10,126,44,65,73,134,29,34,17,115,135,118"/><T46/><D104/><U89/><E121/><V23/><F122/><W105/><G115/><T100/><D114/><U97/><E0/><V88/><F1/><W127/><G73/><T45/><D100/><U87/><E97/><V22/><F71/><W6/><G105/><T56/><D108/><N who="2" m="41578" /><F41/><W19/><G65/><T85/><D37/><N who="2" m="14442" /><F22/><W66/><G66/><T27/><D74/><U54/><E42/><V59/><F59/><W81/><G81/><N who="0" m="47279" /><D27/><U25/><E70/><V24/><F72/><W101/><G44/><T94/><D94/><N who="1" m="54567" /><E47/><V53/><F53/><W95/><G118/><T102/><D102/><U91/><E54/><V49/><F49/><W63/><G95/><T69/><D69/><U26/><E62/><V61/><F61/><W123/><G101/><T116/><D116/><U119/><E119/><V64/><F64/><W48/><G63/><T2/><D2/><U78/><E26/><V107/><F107/><W40/><G48/><T83/><D83/><U117/><E117/><V98/><F80/><W8/><G40/><T4/><D4/><U51/><E51/><V43/><F43/><W131/><G123/><T20/><D20/><N who="1" m="15399" /><E31/><V18/><F18/><W39/><G19/><T120/><D120/><U96/><E78/><V86/><F86/><AGARI ba="1,0" hai="45,46,50,55,56,58,60,67,86,90,92" m="47279" machi="86" ten="30,5800,0" yaku="8,1,52,2" doraHai="52" who="0" fromWho="2" sc="260,61,260,0,260,-61,220,0" /><INIT seed="0,2,0,5,5,131" ten="321,260,199,220" oya="0" hai0="83,90,106,125,116,98,53,97,57,3,64,85,41" hai1="68,135,96,39,5,82,118,78,73,110,42,113,49" hai2="13,112,17,70,9,127,32,2,119,55,45,117,91" hai3="69,56,50,10,65,62,31,124,104,22,6,115,100"/><T28/><D3/><U79/><E118/><N who="2" m="45067" /><F70/><W18/><G115/><T93/><D116/><U121/><E121/><V46/><F112/><W16/><G124/><T71/><D125/><U81/><E113/><V132/><F127/><W84/><G104/><T75/><D41/><U14/><E110/><V103/><F103/><W27/><G100/><N who="0" m="62743" /><D71/><U43/><E68/><V89/><F32/><W67/><G84/><T66/><D28/><U11/><E39/><V34/><F34/><W54/><REACH who="3" step="1"/><G67/><REACH who="3" ten="321,260,199,210" step="2"/><T94/><D66/><U102/><E102/><V19/><F89/><W74/><G74/><T134/><D64/><U30/><E96/><V123/><F91/><W35/><G35/><T21/><D97/><U36/><E73/><V101/><F101/><W87/><G87/><T25/><D25/><U29/><E78/><V95/><F123/><W130/><G130/><T26/><D75/><U111/><E79/><V126/><F126/><W80/><G80/><T1/><D83/><U12/><E81/><V23/><F95/><W24/><G24/><T129/><D94/><U60/><E82/><V133/><F2/><AGARI ba="2,1" hai="2,6,10,16,18,22,27,31,50,54,56,62,65,69" machi="2" ten="30,3900,0" yaku="1,1,7,1,54,1,53,0" doraHai="131" doraHaiUra="77" who="3" fromWho="2" sc="321,0,260,0,199,-45,210,55" /><INIT seed="1,0,0,3,2,107" ten="321,260,154,265" oya="1" hai0="102,18,3,17,95,67,135,62,21,76,82,121,48" hai1="31,42,120,41,118,71,15,74,83,110,45,7,57" hai2="105,127,99,26,93,91,79,43,40,131,29,23,19" hai3="33,16,72,38,133,124,64,84,119,25,13,11,46"/><U109/><E118/><V49/><F127/><W55/><G124/><T104/><D104/><U24/><E120/><V113/><F131/><W60/><G119/><T56/><D3/><U32/><E71/><V66/><F113/><W1/><G72/><T126/><D126/><U94/><E94/><V37/><F37/><W103/><G133/><T0/><D0/><U28/><E28/><V125/><F125/><W69/><G103/><T128/><D128/><U8/><E57/><V54/><F66/><W52/><G1/><T86/><D135/><U108/><REACH who="1" step="1"/><E45/><REACH who="1" ten="321,250,154,265" step="2"/><V73/><F105/><W96/><G46/><T47/><D121/><U87/><E87/><V115/><F115/><W34/><G84/><T122/><D122/><U89/><E89/><V85/><F29/><W130/><G130/><T6/><D95/><U58/><E58/><V78/><F78/><AGARI ba="0,1" hai="7,8,15,24,31,32,41,42,74,78,83,108,109,110" machi="78" ten="40,12000,1" yaku="1,1,14,1,10,1,52,1,53,0" doraHai="107" doraHaiUra="63" who="1" fromWho="2" sc="321,0,250,130,154,-120,265,0" /><INIT seed="1,1,0,3,3,127" ten="321,380,34,265" oya="1" hai0="95,106,39,124,108,117,48,134,76,10,1,128,56" hai1="129,126,53,125,118,35,66,19,87,62,12,113,130" hai2="30,84,58,29,78,121,5,65,54,120,21,93,9" hai3="37,114,0,17,68,132,107,44,14,50,22,63,82"/><U28/><E113/><V24/><F121/><W133/><G114/><T3/><D76/><U55/><E118/><V42/><F120/><W25/><G0/><T41/><D95/><U57/><E87/><V90/><F42/><W135/><G107/><T33/><D56/><U40/><E40/><V26/><F65/><W119/><G37/><T92/><D92/><U20/><E28/><V75/><F75/><W59/><G119/><T4/><D48/><U122/><E35/><V102/><F102/><W89/><G68/><T6/><D41/><U85/><E85/><V47/><F47/><W74/><G25/><T80/><D80/><U38/><E38/><V15/><F78/><W99/><G99/><T32/><D10/><U73/><E73/><V88/><F90/><W115/><G115/><T60/><D60/><U100/><E100/><V2/><F2/><W45/><G50/><T77/><D77/><U81/><E81/><V111/><F111/><W18/><G18/><T96/><D96/><U116/><E116/><V13/><F26/><W36/><G36/><T27/><D27/><U11/><E11/><V98/><F15/><W72/><G72/><T105/><D39/><U16/><E19/><V79/><F79/><W51/><G74/><T69/><D117/><U8/><E8/><V46/><F46/><W71/><G45/><T112/><D112/><U7/><E7/><V94/><F30/><W101/><G82/><T52/><D4/><U86/><E86/><V83/><F98/><W34/><G101/><T61/><D6/><U23/><E122/><V104/><F104/><RYUUKYOKU ba="1,0" sc="321,-10,380,-10,34,30,265,-10" hai2="5,9,13,21,24,29,54,58,83,84,88,93,94" /><INIT seed="2,2,0,4,5,67" ten="311,370,64,255" oya="2" hai0="32,68,17,48,95,15,82,39,129,104,8,70,92" hai1="37,38,79,74,65,94,98,90,60,125,45,100,34" hai2="105,42,77,71,112,75,19,123,73,83,122,40,56" hai3="23,22,111,91,128,109,86,61,12,124,7,81,131"/><V88/><F112/><W102/><G124/><T113/><D39/><U6/><E125/><V132/><F105/><W4/><G102/><T58/><D104/><U21/><E34/><V115/><F115/><W20/><G61/><T76/><D32/><U87/><E6/><N who="3" m="2090" /><G81/><T3/><D3/><U121/><E121/><V85/><F73/><W57/><G91/><T126/><D126/><U25/><E45/><V31/><F31/><W55/><G55/><T99/><D113/><U134/><E134/><V110/><F56/><W108/><G86/><T117/><D117/><U96/><E96/><V116/><F116/><W97/><G97/><T33/><D33/><U106/><E21/><V5/><F5/><W80/><G80/><T36/><D36/><U18/><E18/><V64/><F132/><W52/><G52/><T30/><D30/><U14/><E14/><V49/><F49/><W13/><G57/><T89/><D129/><AGARI ba="2,0" hai="12,13,20,22,23,108,109,111,128,129,131" m="2090" machi="129" ten="40,12000,2" yaku="28,2,14,1,19,1,34,2" doraHai="67" who="3" fromWho="0" sc="311,-126,370,0,64,0,255,126" /><INIT seed="3,0,0,1,5,57" ten="185,370,64,381" oya="3" hai0="75,92,82,30,42,89,84,41,25,116,52,4,36" hai1="53,124,83,90,88,63,106,134,15,35,94,68,101" hai2="131,6,33,121,69,109,77,117,22,79,132,91,27" hai3="23,129,32,133,66,44,76,61,72,126,65,16,104"/><W78/><G104/><T96/><D116/><U130/><E124/><V8/><F69/><W81/><G129/><T85/><D75/><U38/><E38/><V40/><F117/><W108/><G126/><T59/><D4/><U102/><E106/><V98/><F131/><W46/><G133/><T120/><D120/><U14/><E35/><V93/><F132/><W62/><G32/><T115/><D115/><U80/><E130/><V28/><F121/><W125/><G125/><T51/><D36/><U127/><E127/><V58/><F109/><W64/><G108/><T86/><REACH who="0" step="1"/><D82/><REACH who="0" ten="175,370,64,381" step="2"/><U17/><E83/><V122/><F122/><W29/><G78/><T39/><D39/><U118/><E80/><V21/><F79/><W110/><G110/><T70/><D70/><U1/><E68/><V12/><F77/><W112/><G112/><T24/><D24/><U11/><E118/><V113/><F113/><W20/><G81/><T2/><D2/><U3/><E3/><V103/><F40/><W50/><G76/><T45/><D45/><N who="3" m="17513" /><G72/><T18/><D18/><U74/><E74/><V135/><F135/><W105/><G105/><T111/><D111/><U19/><E1/><V123/><F123/><W10/><G29/><T55/><D55/><U13/><E134/><V97/><REACH who="2" step="1"/><F58/><REACH who="2" ten="175,370,54,381" step="2"/><W48/><G66/><T95/><D95/><AGARI ba="0,2" hai="6,8,12,21,22,27,28,33,91,93,95,97,98,103" machi="95" ten="30,3900,0" yaku="1,1,2,1,7,1,53,0" doraHai="57" doraHaiUra="73" who="2" fromWho="0" sc="175,-39,370,0,54,59,381,0" /><INIT seed="4,0,0,1,0,120" ten="136,370,113,381" oya="0" hai0="31,74,81,22,70,84,131,91,46,49,0,106,39" hai1="89,58,52,34,119,69,15,115,71,82,95,87,37" hai2="105,50,54,75,10,85,42,13,23,62,90,5,112" hai3="56,83,133,16,72,14,3,125,117,129,80,65,63"/><T26/><D131/><U135/><E119/><V29/><F105/><W93/><G129/><T45/><D70/><U28/><E37/><V126/><F75/><W64/><G133/><T100/><D0/><U61/><E135/><V127/><F112/><W108/><G108/><T103/><D74/><U79/><E115/><V35/><F35/><W96/><G125/><N who="2" m="47625" /><F42/><W18/><G3/><T116/><D116/><U107/><E107/><V98/><F62/><W66/><G117/><T60/><D106/><U88/><E89/><V1/><F98/><W134/><G72/><T118/><D118/><U2/><E2/><V24/><F1/><W77/><G134/><T11/><D39/><U47/><E15/><V99/><F99/><W25/><G25/><T121/><D121/><U51/><E34/><V101/><F101/><N who="3" m="60559" /><G18/><T102/><D49/><U123/><E28/><V97/><F97/><W124/><G124/><T48/><D48/><U94/><E123/><V92/><F50/><W43/><G43/><T55/><REACH who="0" step="1"/><D11/><REACH who="0" ten="126,370,113,381" step="2"/><U111/><E71/><V27/><F24/><W6/><G63/><T76/><D76/><U19/><E69/><V44/><F44/><W4/><G77/><T67/><D67/><U122/><E122/><V38/><F38/><W104/><G104/><T30/><D30/><U110/><E51/><V114/><F114/><W17/><G66/><T8/><D8/><U68/><E68/><V128/><F128/><W21/><G65/><T113/><D113/><U130/><E130/><V57/><F57/><AGARI ba="0,1" hai="22,26,31,45,46,55,57,60,81,84,91,100,102,103" machi="57" ten="40,3900,0" yaku="1,1,8,1,53,0" doraHai="120" doraHaiUra="32" who="0" fromWho="2" sc="126,49,370,0,113,-39,381,0" /><INIT seed="4,1,0,3,4,132" ten="175,370,74,381" oya="0" hai0="20,79,73,131,62,96,97,63,65,36,123,134,21" hai1="107,40,70,81,8,47,104,12,30,54,14,119,60" hai2="10,68,86,48,0,35,116,133,4,110,112,44,2" hai3="93,117,55,124,31,5,91,84,16,77,74,122,18"/><T7/><D123/><U101/><E119/><V127/><F110/><W24/><G117/><T23/><D36/><U125/><E30/><V43/><F116/><W19/><G124/><T106/><D134/><U75/><E101/><V39/><F133/><W22/><G122/><T95/><D131/><U64/><E54/><V33/><F68/><W126/><G126/><T56/><D106/><U6/><E125/><V45/><F127/><W90/><G5/><T41/><D41/><U69/><E69/><V103/><F112/><W61/><G74/><T32/><D32/><U98/><E98/><V13/><F103/><W15/><G77/><T92/><D7/><U27/><E27/><V87/><F33/><W83/><G55/><T82/><D96/><U108/><E108/><V100/><F100/><W26/><G61/><T76/><D76/><U25/><E25/><V49/><F35/><W85/><REACH who="3" step="1"/><G26/><REACH who="3" ten="175,370,74,371" step="2"/><T114/><D114/><U109/><E109/><V121/><F121/><W99/><G99/><T130/><D130/><U78/><REACH who="1" step="1"/><E14/><AGARI ba="1,1" hai="14,15,16,18,19,22,24,31,83,84,85,90,91,93" machi="14" ten="40,5200,0" yaku="1,1,8,1,54,1,53,0" doraHai="132" doraHaiUra="3" who="3" fromWho="1" sc="175,0,370,-55,74,0,371,65" /><INIT seed="5,0,0,5,4,121" ten="175,315,74,436" oya="1" hai0="35,122,81,112,37,97,120,96,95,31,48,110,93" hai1="9,50,61,45,107,101,90,19,65,116,29,103,0" hai2="82,102,25,68,49,114,111,78,128,119,131,85,125" hai3="87,12,40,23,71,129,26,4,76,18,70,123,66"/><U15/><E116/><V86/><F119/><W54/><G123/><N who="0" m="47147" /><D37/><U22/><E107/><V20/><F68/><W80/><G129/><N who="2" m="49737" /><F125/><W126/><G126/><T8/><D8/><U58/><E90/><V11/><F11/><W67/><G40/><T14/><D14/><U92/><E92/><N who="0" m="35401" /><D48/><U94/><E94/><V91/><F102/><W69/><G4/><T83/><D31/><U64/><E64/><V62/><F62/><W47/><G47/><T100/><D35/><U59/><E59/><V43/><F114/><W5/><G5/><T30/><D30/><U124/><E124/><V133/><F133/><W17/><G54/><T27/><D27/><N who="1" m="16631" /><E0/><V109/><F86/><W74/><G87/><T104/><D112/><U56/><E56/><V88/><F49/><W39/><G39/><T84/><D97/><U60/><E60/><V63/><F63/><W46/><G46/><T13/><D13/><U134/><E134/><V21/><F43/><AGARI ba="0,0" hai="9,15,19,43,45,50,58,61,65,101,103" m="16631" machi="43" ten="30,1500,0" yaku="8,1" doraHai="121" who="1" fromWho="2" sc="175,0,315,15,74,-15,436,0" /><INIT seed="5,1,0,4,5,45" ten="175,330,59,436" oya="1" hai0="38,134,114,30,0,29,67,62,128,51,123,50,121" hai1="89,41,94,87,111,76,66,5,55,77,19,99,25" hai2="64,116,49,88,61,103,109,2,53,10,80,20,74" hai3="31,81,73,56,75,106,113,95,127,78,43,96,35"/><U124/><E124/><V120/><F109/><W115/><G127/><T57/><D38/><U28/><E111/><V21/><F120/><N who="0" m="46154" /><D0/><U107/><E5/><V70/><F116/><W90/><G43/><T97/><D114/><N who="3" m="43529" /><G31/><N who="0" m="11787" /><D128/><U32/><E41/><V85/><F103/><N who="3" m="62823" /><G56/><T39/><D39/><U59/><E66/><V72/><F72/><N who="3" m="43207" /><G35/><T122/><N who="0" m="46162" /><T71/><DORA hai="1" /><D134/><U3/><E3/><V48/><F74/><W84/><AGARI ba="1,0" hai="73,75,84,90,95" m="43207,62823,43529" machi="84" ten="30,7900,0" yaku="24,1,15,1,34,2" doraHai="45,1" who="3" fromWho="3" sc="175,-21,330,-40,59,-21,436,82" /><INIT seed="6,0,0,2,5,53" ten="154,290,38,518" oya="2" hai0="106,48,98,121,8,69,49,37,32,115,27,110,28" hai1="135,87,57,9,38,123,72,129,41,58,0,26,39" hai2="67,100,134,12,105,96,14,101,24,78,18,36,63" hai3="118,21,65,117,127,23,84,76,20,11,68,47,90"/><V42/><F134/><W92/><G127/><T73/><D110/><U122/><E72/><V64/><F78/><W109/><G76/><T13/><D121/><N who="1" m="46091" /><E129/><V124/><F124/><W55/><G109/><T10/><D73/><U50/><E26/><V80/><F80/><W114/><G114/><T85/><D37/><N who="1" m="13835" /><E87/><V46/><F101/><W99/><G65/><T133/><D133/><U119/><E119/><V88/><F67/><W17/><G17/><T104/><D115/><U16/><E0/><V40/><F40/><W74/><G84/><T43/><D69/><U29/><E29/><V77/><F77/><W3/><G99/><T116/><D116/><U60/><E60/><V5/><F5/><W70/><G3/><T103/><D106/><U113/><E113/><V59/><REACH who="2" step="1"/><F88/><REACH who="2" ten="154,290,28,518" step="2"/><W61/><G90/><T1/><D43/><U31/><E135/><V83/><F83/><W4/><G4/><T79/><D79/><U7/><E7/><V112/><F112/><W120/><G118/><T128/><D85/><U30/><E41/><V81/><F81/><W6/><G6/><T54/><D1/><U130/><E130/><V33/><F33/><W126/><G117/><T132/><D128/><U66/><E66/><V44/><F44/><W34/><G47/><T108/><D132/><U94/><E94/><V97/><F97/><W71/><G92/><T19/><D108/><U125/><E125/><V2/><F2/><W111/><G111/><T86/><D86/><U25/><E31/><V107/><F107/><W91/><G126/><T82/><D82/><U95/><E30/><RYUUKYOKU ba="0,1" sc="154,-10,290,-10,28,30,518,-10" hai2="12,14,18,24,36,42,46,59,63,64,96,100,105" /><INIT seed="6,1,1,1,0,24" ten="144,280,58,508" oya="2" hai0="45,132,129,94,12,118,9,51,115,98,131,133,34" hai1="62,103,22,86,112,119,4,31,75,3,53,65,70" hai2="130,66,126,32,14,42,68,120,48,40,72,7,89" hai3="106,59,56,60,82,114,91,64,124,69,95,87,123"/><V109/><F120/><W108/><G108/><T58/><D94/><U0/><E119/><V28/><F109/><W134/><G134/><N who="0" m="51819" /><D98/><U104/><E75/><V44/><F130/><N who="0" m="49674" /><D34/><U84/><E53/><V2/><F126/><W107/><G124/><T135/><N who="0" m="51827" /><T49/><DORA hai="29" /><D12/><U102/><E102/><V93/><F72/><W25/><G114/><T10/><D115/><U78/><E112/><V117/><F117/><W46/><G123/><T5/><D118/><U21/><E103/><V19/><F68/><W30/><G46/><T125/><D125/><U85/><E104/><V100/><F66/><W128/><G128/><T50/><D5/><U71/><E4/><V8/><F100/><W33/><G107/><T77/><D77/><U61/><E78/><V55/><F2/><W54/><G106/><T74/><D74/><U81/><E81/><V110/><F110/><W97/><G54/><T41/><D9/><U127/><E127/><V83/><F7/><W23/><G33/><T63/><D10/><U113/><E113/><V122/><F122/><W96/><G96/><T1/><D1/><U35/><E3/><V27/><REACH who="2" step="1"/><F83/><REACH who="2" ten="144,280,48,508" step="2"/><W38/><G82/><T20/><D20/><U39/><E0/><V17/><F17/><W6/><G6/><T15/><D15/><U13/><E13/><V26/><F26/><W36/><G23/><T111/><D111/><U76/><E22/><V88/><F88/><W80/><G25/><T90/><D90/><U57/><E21/><V73/><F73/><W11/><G91/><T116/><D116/><U37/><E76/><RYUUKYOKU ba="1,2" sc="144,15,280,-15,48,15,508,-15" hai0="41,45,49,50,51,58,63" hai2="8,14,19,27,28,32,40,42,44,48,55,89,93" /><INIT seed="6,2,2,5,0,25" ten="159,265,63,493" oya="2" hai0="15,57,63,75,129,56,102,106,50,109,105,48,108" hai1="123,59,38,9,33,88,45,83,54,113,112,121,39" hai2="17,21,37,93,27,84,53,13,61,4,60,24,130" hai3="70,12,1,85,120,126,43,2,128,23,6,94,66"/><V73/><F37/><N who="1" m="13833" /><E33/><V71/><F73/><W28/><G128/><T103/><D15/><U117/><E9/><V52/><F130/><W16/><G126/><T30/><D75/><U69/><E69/><V125/><F125/><W96/><G43/><T49/><D129/><U10/><E10/><V118/><F118/><W115/><G120/><N who="1" m="46154" /><E45/><V11/><F27/><W22/><G66/><T132/><D63/><N who="2" m="24138" /><F71/><W80/><G70/><T47/><D47/><U127/><E127/><V67/><F67/><W86/><G6/><T32/><D32/><U99/><E117/><V26/><F26/><N who="3" m="16471" /><G2/><T82/><D82/><U122/><E122/><V114/><F114/><W8/><G115/><T31/><REACH who="0" step="1"/><D50/><REACH who="0" ten="149,265,63,493" step="2"/><N who="1" m="31191" /><E83/><V101/><F101/><N who="3" m="60567" /><G80/><T72/><D72/><U14/><E14/><V62/><N who="2" m="24146" /><V46/><DORA hai="90" /><F46/><W87/><G1/><T55/><D55/><U77/><E77/><V51/><F51/><W81/><G81/><T78/><D78/><U20/><E20/><AGARI ba="2,3" hai="8,12,16,20,23,85,86,87" m="60567,16471" machi="20" ten="30,7700,0" yaku="8,1,52,2,54,1" doraHai="25,90" who="3" fromWho="1" sc="149,0,265,-83,63,0,493,113" /><INIT seed="7,0,0,3,4,134" ten="149,182,63,606" oya="3" hai0="117,39,70,78,101,103,111,14,86,131,122,130,119" hai1="47,27,100,20,51,133,92,112,65,66,12,128,40" hai2="94,25,109,2,126,71,120,74,91,79,124,50,44" hai3="116,13,72,15,93,114,95,49,104,83,96,67,4"/><W77/><G93/><T56/><D70/><U63/><E112/><V5/><F109/><W90/><G67/><T22/><D39/><U108/><E108/><V55/><F71/><W57/><G114/><T64/><D64/><U7/><E128/><N who="0" m="49193" /><D56/><U132/><E63/><V29/><F120/><W48/><G57/><T42/><D42/><U102/><E65/><V45/><F74/><W85/><G116/><N who="0" m="44619" /><D14/><N who="3" m="5129" /><G4/><T28/><D22/><U115/><E66/><V0/><F79/><W106/><G106/><T3/><D28/><N who="1" m="17511" /><E115/><V125/><F44/><W26/><G26/><T118/><N who="0" m="44627" /><T34/><DORA hai="59" /><D34/><U73/><E73/><V105/><F5/><W31/><G31/><T129/><N who="0" m="49201" /><T75/><DORA hai="38" /><D3/><U37/><E37/><V69/><F69/><W52/><G52/><T76/><D111/><U9/><E92/><V97/><F105/><W6/><G6/><T36/><D36/><U113/><E113/><V88/><F91/><W123/><G123/><T80/><D122/><U107/><E107/><V98/><F98/><W8/><G8/><T46/><D46/><U18/><E7/><V35/><AGARI ba="0,0" hai="0,2,25,29,35,45,50,55,88,94,97,124,125,126" machi="35" ten="30,12000,2" yaku="0,1,18,1,52,3,54,1" doraHai="134,59,38" who="2" fromWho="2" sc="149,-30,182,-30,63,120,606,-60" owari="119,-38.0,152,-25.0,183,-2.0,546,65.0" /></mjloggm>