<mjloggm ver="2.3"><GO type="169" lobby="0"/><UN n0="%E3%81%A9%E3%83%BC%E3%82%82%E5%83%95%E3%81%A7%E3%81%99" n1="%E7%94%B0%E6%89%80%E3%81%8D%E3%82%89%E3%81%84" n2="%E6%87%90%E3%81%8F%E5%AE%B6%E7%95%9C" n3="%E3%81%8B%E3%81%A5%E3%81%8D%EF%BC%B8%EF%BC%A9" dan="16,17,16,17" rate="2175.26,2133.61,2111.37,2115.37" sx="F,F,M,M"/><TAIKYOKU oya="0"/><INIT seed="0,0,0,5,1,57" ten="250,250,250,250" oya="0" hai0="34,20,36,7,92,21,99,62,115,118,127,116,73" hai1="106,14,83,114,82,1,107,5,12,11,47,123,91" hai2="31,122,58,63,69,51,65,16,64,61,52,119,130" hai3="87,22,133,60,75,98,112,56,76,46,48,84,124"/><T37/><D115/><U109/><E123/><V41/><F122/><W18/><G112/><T39/><D34/><U128/><E1/><V86/><F119/><W2/><G2/><T9/><D73/><U97/><E107/><V19/><F130/><W44/><G133/><T74/><D74/><U30/><E30/><V8/><F31/><W101/><G124/><T49/><D127/><U50/><E106/><V13/><F41/><W66/><G75/><T4/><D49/><U89/><E109/><V25/><F86/><W94/><G76/><T6/><D9/><U15/><E15/><V35/><F35/><W108/><G108/><T40/><D40/><U72/><E72/><V3/><F3/><W32/><G32/><T132/><D132/><U111/><E128/><V95/><F95/><W126/><G126/><T43/><D43/><U10/><E111/><V129/><F129/><W78/><G78/><T70/><D118/><U27/><E27/><V45/><F25/><W100/><G100/><T68/><D116/><U38/><E38/><V0/><F0/><W135/><G135/><T71/><REACH who="0" step="1"/><D62/><REACH who="0" ten="240,250,250,250" step="2"/><U24/><E50/><V104/><F104/><W96/><G48/><T33/><D33/><U121/><E11/><V134/><F134/><W103/><G46/><T53/><D53/><U117/><E10/><V88/><F88/><AGARI ba="0,1" hai="4,6,7,20,21,36,37,39,68,70,71,88,92,99" machi="88" ten="50,12000,1" yaku="1,1,29,2,54,1,53,0" doraHai="57" doraHaiUra="42" who="0" fromWho="2" sc="240,130,250,0,250,-120,250,0" /><INIT seed="0,1,0,1,0,46" ten="370,250,130,250" oya="0" hai0="105,73,83,31,4,61,40,51,92,14,49,96,122" hai1="42,0,26,57,11,98,107,3,114,68,38,58,94" hai2="123,1,110,30,21,85,101,29,48,127,78,111,23" hai3="19,112,28,17,12,100,90,63,66,10,124,27,82"/><T5/><D122/><U32/><E107/><V45/><F1/><W65/><G112/><T8/><D105/><U117/><E68/><V103/><F127/><W44/><G124/><T125/><D125/><U120/><E38/><V59/><F123/><W109/><G109/><T50/><D31/><U129/><E32/><V115/><F59/><W130/><G130/><T39/><D61/><U70/><E70/><V69/><F69/><W37/><G100/><T108/><D108/><U16/><E3/><V128/><F85/><W34/><G19/><T113/><D113/><U86/><E0/><V15/><F115/><W71/><G65/><T80/><D73/><U133/><E133/><V106/><F106/><W131/><G131/><T74/><D74/><U43/><E58/><V102/><F128/><W79/><G90/><T55/><D55/><U25/><E25/><V93/><F78/><W87/><G44/><N who="0" m="25735" /><D39/><U56/><E56/><V13/><F103/><W62/><G62/><T53/><D5/><U47/><E114/><V75/><F45/><W41/><G41/><T7/><D7/><U91/><E43/><V72/><F93/><W97/><G37/><T18/><D4/><U77/><E117/><V64/><F64/><W33/><G34/><T52/><D52/><U6/><E42/><V67/><F67/><W118/><G118/><T89/><D53/><U121/><E129/><V135/><F135/><W20/><G33/><T81/><AGARI ba="1,0" hai="8,14,18,50,51,80,81,83,89,92,96" m="25735" machi="81" ten="30,11700,0" yaku="8,1,52,3" doraHai="46" who="0" fromWho="0" sc="370,120,250,-40,130,-40,250,-40" /><INIT seed="0,2,0,2,5,98" ten="490,210,90,210" oya="0" hai0="51,115,36,7,58,131,17,105,33,37,28,5,63" hai1="77,96,95,2,52,123,54,73,32,107,4,127,24" hai2="56,99,59,116,94,130,1,49,113,30,21,83,38" hai3="84,81,86,82,46,9,106,25,44,15,111,45,23"/><T125/><D115/><U121/><E107/><V119/><F38/><W108/><G106/><T67/><D131/><U71/><E71/><V124/><F113/><W102/><G23/><T87/><D125/><U69/><E69/><V6/><F1/><W22/><G22/><T31/><D105/><U100/><E73/><V118/><F6/><W110/><G25/><T88/><D36/><U85/><E2/><V26/><F130/><W13/><G9/><T14/><D37/><U134/><E4/><N who="0" m="1609" /><D51/><U112/><E134/><V93/><F124/><W92/><G92/><N who="0" m="54303" /><D33/><U34/><E34/><V128/><F128/><W120/><G120/><T74/><D74/><U64/><E127/><V114/><F114/><W122/><G122/><T72/><D72/><U103/><E112/><V70/><F70/><W42/><G42/><T12/><D12/><U91/><E32/><V20/><F49/><W8/><G15/><T117/><D117/><U97/><E24/><V132/><F132/><W53/><G13/><T109/><D109/><U10/><E121/><V48/><F48/><W61/><G110/><T57/><D57/><U3/><E3/><V68/><F68/><W43/><G111/><T35/><D35/><U78/><E123/><V129/><F129/><W133/><G108/><T66/><D66/><U27/><E64/><V65/><F65/><W76/><G133/><T79/><D79/><U11/><E78/><V41/><F118/><W75/><G76/><T39/><D39/><U47/><E77/><V104/><F119/><W0/><G75/><T19/><D14/><U135/><E135/><RYUUKYOKU ba="2,0" sc="490,30,210,-10,90,-10,210,-10" hai0="17,19,28,31,58,63,67" /><INIT seed="0,3,0,1,5,88" ten="520,200,80,200" oya="0" hai0="52,101,61,11,77,12,128,68,55,112,102,84,23" hai1="86,134,13,83,1,76,103,126,4,59,113,48,24" hai2="33,34,16,98,28,129,108,74,45,87,25,114,96" hai3="30,29,32,40,95,63,118,132,22,10,70,7,135"/><T91/><D112/><U43/><E1/><V14/><F114/><W36/><G118/><T130/><D77/><U67/><E126/><V79/><F129/><N who="0" m="49770" /><D23/><U18/><E4/><V3/><F3/><W82/><G82/><N who="0" m="49559" /><D68/><U47/><E134/><N who="3" m="51242" /><G40/><T75/><D75/><U115/><E24/><V85/><F34/><W5/><G36/><T60/><D60/><U27/><E27/><V133/><F133/><W21/><G63/><T56/><D55/><U51/><E67/><V0/><F33/><W26/><G70/><T57/><D57/><U6/><E59/><V31/><F45/><W46/><G46/><T62/><D62/><U73/><E73/><V99/><F74/><W72/><G72/><T123/><D123/><U41/><E41/><V37/><F37/><W104/><G29/><T125/><D125/><U120/><E120/><V122/><F122/><W9/><G22/><T105/><D105/><U20/><E51/><V49/><F49/><W54/><G104/><T42/><D42/><U35/><E35/><V117/><F31/><W121/><G32/><T127/><D127/><U8/><E113/><V78/><F28/><W53/><G121/><T50/><D50/><U19/><E115/><V71/><F71/><W64/><G30/><T94/><D94/><U66/><E66/><V17/><F78/><W107/><G107/><T106/><D106/><U93/><E20/><V38/><F79/><W65/><G65/><T58/><D58/><U2/><E2/><V131/><F38/><W97/><G64/><T81/><D81/><U124/><E124/><V80/><F131/><RYUUKYOKU ba="3,0" sc="520,15,200,15,80,-15,200,-15" hai0="11,12,52,56,61,101,102" hai1="6,8,13,18,19,43,47,48,76,83,86,93,103" /><INIT seed="0,4,0,3,1,56" ten="535,215,65,185" oya="0" hai0="2,59,108,97,72,115,28,7,127,43,118,90,8" hai1="50,71,119,117,134,32,75,121,67,128,123,57,63" hai2="62,60,98,126,129,23,15,92,66,25,101,109,10" hai3="33,11,124,20,131,96,83,49,21,116,132,55,34"/><T112/><D118/><N who="1" m="45067" /><E75/><V107/><F129/><W70/><G124/><T37/><D127/><U78/><E78/><V69/><F126/><W77/><G132/><T89/><D72/><U130/><E32/><V79/><F109/><W68/><G131/><N who="1" m="50218" /><E134/><V39/><F39/><W26/><G96/><T74/><D74/><U120/><E50/><V40/><F40/><W22/><G11/><T93/><D108/><U86/><E86/><V94/><F79/><W135/><G135/><T80/><D43/><U1/><E1/><V5/><REACH who="2" step="1"/><F60/><REACH who="2" ten="535,215,55,185" step="2"/><W87/><G116/><T58/><D37/><U73/><E73/><V51/><F51/><W14/><G26/><T31/><D112/><U81/><E81/><V82/><F82/><W44/><REACH who="3" step="1"/><G14/><REACH who="3" ten="535,215,55,175" step="2"/><T18/><D2/><U106/><E106/><V99/><F99/><W27/><G27/><T104/><D97/><U45/><E45/><V16/><AGARI ba="4,2" hai="5,10,15,16,23,25,62,66,69,92,94,98,101,107" machi="16" ten="20,8000,1" yaku="1,1,0,1,7,1,52,1,54,1,53,0" doraHai="56" doraHaiUra="35" who="2" fromWho="2" sc="535,-44,215,-24,55,112,175,-24" /><INIT seed="1,0,0,0,0,113" ten="491,191,167,151" oya="1" hai0="122,26,58,123,82,128,70,59,96,0,114,50,94" hai1="56,134,54,16,130,47,4,101,7,104,14,132,64" hai2="63,30,57,37,19,22,34,43,8,62,124,27,135" hai3="103,60,115,38,65,100,91,12,106,116,102,23,93"/><U95/><E104/><V45/><F135/><N who="1" m="51753" /><E64/><V107/><F124/><W133/><G38/><T119/><D114/><U92/><E47/><V129/><F129/><W28/><G115/><T6/><D128/><U131/><E131/><V111/><F111/><W67/><G133/><T78/><D70/><U11/><E130/><V25/><F107/><W52/><G106/><T90/><D50/><N who="1" m="30807" /><E101/><V117/><F117/><W97/><G116/><T66/><D119/><U39/><E39/><V3/><F57/><N who="3" m="34855" /><G28/><T88/><D66/><U105/><E105/><V73/><F73/><W9/><G23/><T48/><D48/><U35/><E35/><V81/><F81/><W85/><G97/><T44/><D44/><U69/><E69/><V79/><F79/><W51/><G51/><T18/><D59/><U108/><E108/><V121/><F121/><W83/><G83/><T40/><D40/><U10/><E7/><AGARI ba="0,0" hai="7,9,12,65,67,85,91,93,100,102,103" m="34855" machi="7" ten="30,2000,0" yaku="8,1,54,1" doraHai="113" who="3" fromWho="1" sc="491,0,191,-20,167,0,151,20" /><INIT seed="2,0,0,3,0,22" ten="491,171,167,171" oya="2" hai0="4,102,126,77,3,92,84,86,131,105,104,13,107" hai1="72,61,28,123,90,39,135,94,26,27,10,7,31" hai2="117,36,85,95,83,50,125,5,75,121,74,12,103" hai3="29,70,120,53,8,46,69,64,57,49,112,19,67"/><V78/><F36/><W11/><G29/><T63/><D3/><U101/><E72/><V68/><F68/><N who="3" m="26219" /><G19/><T32/><D32/><U115/><E39/><V35/><F35/><W93/><G93/><T124/><D63/><U0/><E115/><V17/><F121/><W127/><G11/><N who="0" m="4327" /><D77/><U109/><E109/><V114/><F114/><W111/><G8/><T81/><D81/><U106/><E135/><V45/><F117/><W40/><G120/><T21/><D21/><U52/><E101/><V122/><F122/><W133/><G133/><T37/><D37/><U18/><E106/><V41/><F125/><N who="0" m="48234" /><D131/><U96/><E123/><V59/><F59/><W118/><G118/><T128/><D128/><U24/><REACH who="1" step="1"/><E18/><REACH who="1" ten="491,161,167,171" step="2"/><V58/><F17/><W97/><G127/><T44/><D105/><U71/><E71/><V51/><F103/><W130/><G130/><T38/><D104/><U113/><E113/><V15/><F74/><W30/><G112/><T65/><D107/><U116/><E116/><V87/><F75/><W66/><G111/><T132/><D132/><U16/><E16/><V34/><F5/><W82/><G30/><T79/><D38/><U47/><E47/><V108/><F108/><W134/><G134/><T110/><D44/><U62/><E62/><V48/><F58/><AGARI ba="0,1" hai="0,7,10,24,26,27,28,31,52,58,61,90,94,96" machi="58" ten="40,8000,1" yaku="1,1,52,3,54,1,53,0" doraHai="22" doraHaiUra="80" who="1" fromWho="2" sc="491,0,161,90,167,-80,171,0" /><INIT seed="3,0,0,0,4,101" ten="491,251,87,171" oya="3" hai0="13,53,35,2,103,63,83,20,43,38,126,49,130" hai1="23,113,76,120,18,48,32,134,119,102,42,37,40" hai2="25,124,21,34,60,128,27,79,24,117,51,106,78" hai3="100,91,107,71,121,92,61,44,131,94,65,104,133"/><W36/><G121/><T132/><D35/><U45/><E32/><V52/><F117/><W135/><G131/><T72/><D2/><U11/><E134/><N who="3" m="51210" /><G100/><T68/><D132/><U80/><E113/><V30/><F128/><W118/><G118/><T108/><D130/><U14/><E120/><V125/><F25/><W55/><G55/><T127/><D103/><U81/><E119/><V115/><F115/><W73/><G73/><T111/><D38/><U3/><E81/><V4/><F4/><W17/><G17/><N who="0" m="10287" /><D72/><U9/><E3/><V70/><F70/><W87/><G92/><T57/><D83/><U19/><E19/><V56/><F60/><W47/><G36/><T129/><D129/><U46/><REACH who="1" step="1"/><E102/><REACH who="1" ten="491,241,87,171" step="2"/><V123/><F123/><W8/><G8/><T66/><D126/><N who="2" m="48746" /><F106/><AGARI ba="0,1" hai="44,47,61,65,71,87,91,94,104,106,107" m="51210" machi="106" ten="30,11600,0" yaku="20,1,52,3" doraHai="101" who="3" fromWho="2" sc="491,0,241,0,87,-116,171,126" owari="491,59.0,241,-16.0,-29,-53.0,297,10.0" /></mjloggm>