<mjloggm ver="2.3"><GO type="169" lobby="0"/><UN n0="%E5%B0%8F%E6%89%8B%E8%BF%94%E6%92%B2%E6%BB%85%E4%BC%9A%E9%95%B7" n1="%E4%BF%A1%E6%BF%83%E3%81%AE%E8%8D%92%E6%B3%95%E5%B8%AB" n2="%E3%81%82%E3%81%8A%E3%81%8D%E3%82%93%E3%81%90" n3="%E5%A4%A9%E9%BC%93" dan="17,18,16,19" rate="2158.27,2250.06,2112.27,2216.31" sx="F,M,M,M"/><TAIKYOKU oya="0"/><INIT seed="0,0,0,4,2,35" ten="250,250,250,250" oya="0" hai0="29,83,24,47,135,97,76,88,111,10,67,121,125" hai1="128,113,9,73,58,87,107,68,25,52,46,21,119" hai2="71,106,131,94,13,51,82,22,132,130,112,123,101" hai3="74,55,57,39,63,89,3,70,61,37,40,117,102"/><T104/><D121/><U105/><E73/><V92/><F51/><W28/><G89/><T133/><D125/><U115/><E68/><V4/><F13/><W122/><G102/><T126/><D126/><U65/><E119/><V15/><F15/><W44/><G74/><T77/><D47/><U49/><E128/><V54/><F54/><W41/><G28/><T12/><D67/><U43/><E65/><V99/><F4/><W11/><G11/><T30/><D111/><U66/><E66/><V1/><F22/><W75/><G3/><T85/><D104/><U5/><E87/><V120/><F1/><W79/><G79/><N who="0" m="30283" /><D24/><U100/><E100/><V20/><F101/><W93/><G75/><T34/><D97/><U48/><E105/><V14/><F99/><W23/><G93/><T62/><D62/><U16/><REACH who="1" step="1"/><E107/><REACH who="1" ten="250,240,250,250" step="2"/><V72/><F106/><W60/><G117/><T91/><D91/><U116/><E116/><V17/><F72/><W59/><G70/><T2/><D88/><U81/><E81/><V80/><F80/><W96/><G96/><T7/><D83/><U114/><E114/><V36/><F82/><W31/><G122/><T69/><D69/><U84/><E84/><V27/><F112/><W118/><G118/><T90/><D85/><U8/><E8/><V56/><F71/><W42/><G37/><T124/><D90/><U108/><E108/><V53/><F36/><W45/><G39/><T32/><D124/><U50/><E50/><V19/><F120/><W95/><G63/><T129/><D10/><U109/><E109/><V103/><F123/><RYUUKYOKU ba="0,1" sc="250,-10,240,30,250,-10,250,-10" hai1="5,9,16,21,25,43,46,48,49,52,58,113,115" /><INIT seed="1,1,1,1,4,135" ten="240,270,240,240" oya="1" hai0="31,102,80,111,101,100,41,45,127,116,39,87,106" hai1="107,58,73,2,134,26,61,23,92,32,103,79,121" hai2="76,105,0,49,62,42,54,98,1,37,120,6,28" hai3="130,14,95,53,34,126,129,11,47,65,9,46,3"/><U97/><E121/><V104/><F120/><W27/><G65/><T75/><D116/><U113/><E113/><V82/><F62/><W21/><G95/><T59/><D111/><U84/><E134/><V110/><F110/><W64/><G64/><T119/><D119/><U50/><E2/><V94/><F28/><N who="3" m="19743" /><G53/><T60/><D75/><U52/><E32/><V133/><F133/><W125/><G47/><T72/><D72/><U8/><E8/><N who="3" m="3146" /><G46/><T4/><D4/><U16/><E73/><V109/><F54/><W77/><G77/><T90/><D31/><U131/><E131/><N who="3" m="50186" /><G3/><T55/><REACH who="0" step="1"/><D106/><REACH who="0" ten="230,270,240,240" step="2"/><U10/><E107/><V35/><F105/><W43/><G43/><T117/><D117/><U7/><E7/><V68/><F6/><W86/><G86/><T13/><D13/><N who="1" m="7223" /><E84/><V20/><F1/><W51/><G51/><T30/><D30/><N who="1" m="17759" /><E79/><V48/><F0/><W36/><G36/><T108/><D108/><U74/><E74/><V44/><F37/><W89/><G89/><T81/><D81/><U71/><E71/><V40/><F68/><W29/><G29/><T33/><D33/><U123/><E123/><V128/><F35/><W70/><G70/><T93/><D93/><U91/><E91/><V12/><F82/><W96/><G96/><T112/><D112/><U57/><E61/><V56/><F109/><W17/><AGARI ba="1,2" hai="14,17,21,125,126" m="50186,3146,19743" machi="17" ten="40,8000,1" yaku="19,1,34,2,52,2" doraHai="135" who="3" fromWho="3" sc="230,-21,270,-41,240,-21,240,103" /><INIT seed="2,0,0,1,4,35" ten="209,229,219,343" oya="2" hai0="57,107,27,50,39,134,129,69,81,64,113,75,103" hai1="23,87,74,14,120,17,20,33,130,99,9,77,80" hai2="44,66,10,117,6,24,21,52,114,96,55,42,93" hai3="133,104,92,112,38,121,91,109,95,131,56,127,125"/><V94/><F114/><W111/><G38/><T25/><D39/><U115/><E115/><V123/><F66/><W29/><G112/><T86/><D75/><U98/><E33/><V46/><F117/><W41/><G41/><T8/><D134/><U72/><E130/><V70/><F70/><W5/><G104/><T59/><D69/><U110/><E110/><N who="3" m="41994" /><G121/><T0/><D129/><U88/><E74/><V73/><F73/><W119/><G119/><T54/><D103/><U11/><E11/><V30/><F123/><W106/><G106/><T124/><D124/><U85/><E72/><V97/><F97/><N who="1" m="36873" /><E120/><V47/><F42/><W4/><G131/><T37/><D37/><U79/><E79/><V83/><F83/><AGARI ba="0,0" hai="9,14,17,20,23,77,80,83,85,87,88" m="36873" machi="83" ten="30,2000,0" yaku="8,1,54,1" doraHai="35" who="1" fromWho="2" sc="209,0,229,20,219,-20,343,0" /><INIT seed="3,0,0,1,3,133" ten="209,249,199,343" oya="3" hai0="114,62,55,83,35,84,92,7,48,103,106,123,0" hai1="101,11,24,127,73,81,108,65,64,4,122,28,116" hai2="130,45,32,17,40,23,2,119,10,42,22,52,71" hai3="68,86,20,8,91,9,57,30,18,21,90,38,134"/><W70/><G38/><T49/><D123/><U47/><E122/><V39/><F130/><W95/><G134/><T25/><D106/><U58/><E108/><V132/><F132/><W3/><G70/><T33/><D7/><U60/><E116/><V26/><F71/><W99/><G68/><T51/><D0/><U124/><E101/><V56/><F119/><W13/><G57/><T77/><D114/><U69/><E47/><V129/><F129/><W36/><G36/><T19/><D35/><N who="1" m="20871" /><E64/><V34/><F42/><W107/><G107/><T109/><D109/><U16/><E16/><V100/><F100/><W31/><G3/><T72/><D33/><U82/><E58/><V135/><F135/><W50/><G31/><T115/><D115/><U67/><E67/><V1/><F1/><W104/><G30/><T46/><D25/><U54/><E54/><V111/><F23/><W66/><G21/><T126/><D19/><U43/><E43/><V6/><REACH who="2" step="1"/><F111/><REACH who="2" ten="209,249,189,343" step="2"/><W63/><G20/><T121/><D121/><U53/><E69/><V85/><F85/><W5/><G86/><T97/><D84/><U118/><E118/><V88/><F88/><W110/><G91/><T120/><D120/><U61/><E73/><V41/><F41/><W80/><G110/><T27/><D103/><U102/><E102/><V87/><F87/><W96/><G104/><T75/><D72/><U105/><E105/><V128/><F128/><W79/><G99/><T113/><D97/><U117/><E117/><V112/><F112/><W44/><G96/><T12/><D113/><U37/><E11/><RYUUKYOKU ba="0,1" sc="209,-10,249,-10,189,30,343,-10" hai2="2,6,10,17,22,26,32,34,39,40,45,52,56" /><INIT seed="4,1,1,0,0,45" ten="199,239,219,333" oya="0" hai0="126,50,8,122,115,120,29,124,32,101,98,22,113" hai1="24,44,1,15,102,56,42,66,35,135,11,86,121" hai2="59,36,83,2,67,9,134,100,5,28,117,112,111" hai3="107,114,23,71,116,26,129,54,14,70,99,49,90"/><T16/><D8/><U131/><E121/><V0/><F111/><W65/><G116/><T47/><D32/><U27/><E1/><V73/><F2/><W118/><G118/><T133/><D29/><U108/><E108/><V53/><F117/><W7/><G65/><T34/><D34/><U19/><E131/><V128/><F128/><W87/><G107/><T38/><D38/><U13/><E135/><V41/><F134/><W40/><G40/><N who="0" m="24935" /><D133/><U89/><E102/><V64/><F100/><W106/><G7/><T61/><D61/><N who="1" m="38183" /><E35/><V31/><F31/><W109/><G71/><T58/><D58/><U93/><E15/><V30/><F28/><W17/><G70/><T55/><D55/><U52/><E42/><V37/><F30/><W127/><G129/><T132/><D132/><U97/><E97/><V21/><F41/><W82/><G109/><T88/><D122/><U48/><AGARI ba="1,1" hai="11,13,19,24,27,44,48,52,86,89,93" m="38183" machi="48" ten="30,4000,0" yaku="8,1,52,1,54,1" doraHai="45" who="1" fromWho="1" sc="199,-21,239,53,219,-11,333,-11" /><INIT seed="5,0,0,5,2,71" ten="178,292,208,322" oya="1" hai0="28,73,96,39,100,17,72,43,105,24,54,122,77" hai1="121,26,0,35,69,84,27,50,65,135,104,63,89" hai2="22,38,36,42,12,3,132,62,80,37,124,21,88" hai3="51,6,108,130,60,2,129,112,107,48,93,99,33"/><U127/><E121/><V133/><F3/><W66/><G108/><T47/><D122/><U118/><E118/><V20/><F124/><W128/><G112/><T25/><D77/><U31/><E127/><V64/><F42/><W111/><G111/><T126/><D126/><U134/><E0/><V91/><F12/><W106/><G33/><T32/><REACH who="0" step="1"/><D54/><REACH who="0" ten="168,292,208,322" step="2"/><U57/><E134/><N who="2" m="51819" /><F80/><W1/><G128/><T86/><D86/><U82/><E84/><V113/><F113/><W8/><G129/><T46/><D46/><U7/><E82/><V67/><F67/><W109/><G130/><T78/><D78/><U14/><E65/><V131/><F131/><W110/><G109/><T85/><D85/><U123/><E123/><V30/><F30/><W59/><G110/><T70/><D70/><AGARI ba="0,1" hai="20,21,22,36,37,38,62,64,70,88,91" m="51819" machi="70" ten="40,8000,1" yaku="20,1,52,3,54,1" doraHai="71" who="2" fromWho="0" sc="168,-80,292,0,208,90,322,0" /><INIT seed="6,0,0,1,4,128" ten="88,292,298,322" oya="2" hai0="71,33,57,4,52,3,36,127,83,103,126,18,124" hai1="54,91,135,94,87,86,42,60,53,110,132,26,73" hai2="64,68,77,114,113,90,6,131,29,106,31,40,15" hai3="118,22,12,81,59,125,49,41,116,11,56,84,111"/><V72/><F106/><W47/><G111/><T7/><D71/><U75/><E110/><V93/><F40/><W76/><G125/><T117/><D3/><U88/><E42/><V104/><F104/><W133/><G133/><N who="1" m="51274" /><E26/><V108/><F90/><W43/><G22/><T99/><D36/><U96/><E87/><V130/><F31/><W23/><G23/><T105/><D33/><U8/><E8/><V32/><F29/><W20/><G20/><T67/><D67/><U44/><E44/><V34/><F64/><W13/><G13/><T115/><D115/><U122/><E122/><V63/><F15/><W5/><G43/><T80/><D117/><AGARI ba="0,0" hai="5,11,12,41,47,49,56,59,76,81,84,116,117,118" machi="117" ten="40,2600,0" yaku="25,2" doraHai="128" who="3" fromWho="0" sc="88,-26,292,0,298,0,322,26" /><INIT seed="7,0,0,2,4,7" ten="62,292,298,348" oya="3" hai0="108,61,119,36,66,101,117,54,28,6,25,40,29" hai1="71,128,52,77,131,79,96,57,118,89,72,85,22" hai2="12,2,102,74,116,21,34,94,73,32,35,9,47" hai3="100,0,64,59,27,115,87,130,110,46,65,10,124"/><W17/><G115/><T42/><D101/><U135/><E71/><V92/><F116/><W37/><G100/><T112/><D25/><U41/><E118/><V111/><F111/><W82/><G124/><T18/><D18/><U33/><E33/><V8/><F47/><W56/><G130/><N who="1" m="49706" /><E72/><N who="2" m="27755" /><F21/><W24/><G0/><T5/><D61/><N who="1" m="36007" /><E135/><V114/><F12/><N who="3" m="7319" /><G37/><T93/><D54/><U3/><E41/><V13/><F13/><W98/><G98/><T97/><D97/><U78/><E3/><V76/><F102/><W38/><G38/><T84/><D84/><U107/><E107/><V120/><F2/><W15/><G46/><T123/><D36/><U23/><E96/><V1/><F1/><W4/><G110/><T62/><D108/><U133/><E133/><V113/><F76/><N who="1" m="19457" /><U86/><DORA hai="83" /><E86/><V69/><F69/><W90/><G59/><T20/><D93/><AGARI ba="0,0" hai="22,23,85,89,93" m="19457,36007,49706" machi="93" ten="40,5200,0" yaku="19,1,52,1,54,1" doraHai="7,83" who="1" fromWho="0" sc="62,-52,292,52,298,0,348,0" owari="10,-49.0,344,14.0,298,-10.0,348,45.0" /></mjloggm>