<mjloggm ver="2.3"><GO type="169" lobby="0"/><UN n0="%E5%B0%8F%E6%89%8B%E8%BF%94%E6%92%B2%E6%BB%85%E4%BC%9A%E9%95%B7" n1="%E5%9C%92%E5%9F%8E%E5%AF%BA%E6%80%9C" n2="%E8%A5%BF%E5%B2%A1%E8%82%B2%E6%9C%AA%E2%99%AA" n3="%E3%81%8B%E3%81%A4%E3%81%A9%E3%82%93" dan="17,17,16,17" rate="2166.26,2198.67,2109.38,2235.95" sx="F,F,F,F"/><TAIKYOKU oya="0"/><INIT seed="0,0,0,1,2,112" ten="250,250,250,250" oya="0" hai0="57,84,7,62,97,34,121,71,114,75,101,60,106" hai1="110,30,52,89,95,24,81,118,63,14,131,128,64" hai2="108,125,135,48,126,69,61,16,127,53,77,79,5" hai3="83,91,65,28,2,19,92,90,85,13,73,58,80"/><T86/><D114/><U59/><E110/><V26/><F108/><W76/><G2/><T116/><D121/><U32/><E81/><V94/><F5/><W88/><G28/><T109/><D75/><U72/><E72/><V56/><F135/><W27/><G27/><T55/><D109/><U12/><E118/><V8/><F94/><W96/><G65/><T1/><D116/><U36/><E36/><V93/><F93/><W22/><REACH who="3" step="1"/><G58/><REACH who="3" ten="250,250,250,240" step="2"/><T113/><D113/><U39/><E64/><N who="2" m="41103" /><F26/><W42/><G42/><T115/><D115/><U111/><E111/><V82/><F82/><W70/><G70/><T15/><D1/><U67/><E67/><V124/><F124/><W40/><G40/><T78/><D71/><U10/><E14/><AGARI ba="0,1" hai="8,14,16,48,53,56,77,79,125,126,127" m="41103" machi="14" ten="30,2000,0" yaku="18,1,54,1" doraHai="112" who="2" fromWho="1" sc="250,0,250,-20,250,30,240,0" /><INIT seed="1,0,0,5,5,47" ten="250,230,280,240" oya="1" hai0="96,6,104,97,37,20,45,38,111,59,120,65,4" hai1="10,125,23,1,62,126,83,109,44,89,85,73,131" hai2="52,103,114,99,48,60,67,132,66,100,64,93,55" hai3="36,74,21,101,115,26,79,41,84,24,63,86,82"/><U15/><E131/><V78/><F132/><W107/><G115/><T71/><D111/><U39/><E109/><V46/><F114/><W88/><G36/><T18/><D71/><U135/><E135/><V35/><F35/><W54/><G41/><T90/><D120/><U117/><E117/><V22/><F78/><W3/><G3/><T95/><D104/><U17/><E62/><V106/><F106/><W8/><G8/><T81/><D97/><U61/><E61/><V76/><F76/><W33/><G33/><T129/><D81/><U53/><E73/><V42/><F100/><W40/><G40/><T105/><D105/><U133/><E39/><V51/><F22/><W102/><G107/><T7/><D45/><U30/><E133/><V2/><F2/><W134/><G134/><T56/><D56/><U31/><E1/><V94/><F94/><N who="3" m="54535" /><G74/><T13/><D129/><U34/><E34/><V29/><F29/><N who="3" m="17551" /><G26/><T98/><D98/><U113/><E113/><V5/><F5/><W12/><G12/><T16/><D18/><U58/><E23/><V118/><F118/><W32/><G32/><T0/><D0/><U130/><E30/><V77/><F77/><W92/><G92/><T121/><D121/><U127/><E31/><V119/><F119/><W75/><G75/><T122/><D122/><U11/><E10/><V128/><F128/><W124/><G124/><T91/><D91/><U14/><E15/><V87/><F87/><W70/><G70/><T19/><D19/><U110/><E110/><V50/><F60/><W69/><G69/><T116/><D116/><RYUUKYOKU ba="0,0" sc="250,10,230,-30,280,10,240,10" hai0="4,6,7,13,16,20,37,38,59,65,90,95,96" hai2="42,46,48,50,51,52,55,64,66,67,93,99,103" hai3="54,63,79,82,86,101,102" /><INIT seed="2,1,0,3,0,2" ten="260,200,290,250" oya="2" hai0="30,51,74,12,1,18,50,8,115,86,47,34,77" hai1="0,125,37,75,113,28,94,81,132,92,93,98,79" hai2="62,116,58,15,61,104,48,41,64,23,9,110,36" hai3="46,121,39,42,102,82,122,105,80,130,106,53,3"/><V71/><F116/><W109/><G109/><T128/><D115/><U4/><E113/><V22/><F104/><W84/><G130/><T134/><D74/><U60/><E132/><V55/><F110/><W5/><G82/><T97/><D128/><U87/><E125/><V54/><F36/><W96/><G105/><T108/><D108/><U65/><E28/><V43/><F23/><W6/><G53/><T38/><D38/><U131/><E131/><V127/><F22/><W123/><REACH who="3" step="1"/><G3/><REACH who="3" ten="260,200,290,240" step="2"/><T103/><D1/><U29/><E0/><V16/><REACH who="2" step="1"/><F127/><REACH who="2" ten="260,200,280,240" step="2"/><W114/><G114/><T76/><D134/><U32/><E37/><V45/><AGARI ba="1,2" hai="9,15,16,41,43,45,48,54,55,58,61,62,64,71" machi="45" ten="20,12000,1" yaku="1,1,2,1,0,1,7,1,54,1,53,0" doraHai="2" doraHaiUra="124" who="2" fromWho="2" sc="260,-41,200,-41,280,143,240,-41" /><INIT seed="2,2,0,5,5,6" ten="219,159,423,199" oya="2" hai0="68,95,133,36,8,113,72,44,79,24,81,111,30" hai1="135,16,70,91,109,131,75,63,11,78,93,22,12" hai2="52,7,58,90,122,102,23,5,33,53,39,69,65" hai3="94,114,35,32,104,21,112,77,83,28,129,97,116"/><V55/><F33/><W76/><G116/><T19/><D113/><N who="3" m="43625" /><G104/><T118/><D111/><U42/><E109/><V89/><F39/><W130/><G21/><T46/><D133/><U134/><E131/><N who="3" m="50186" /><G28/><T120/><D120/><U87/><E42/><V14/><F69/><W2/><G2/><T73/><D68/><U13/><E70/><V96/><F122/><W25/><G25/><T85/><D118/><U48/><E63/><N who="2" m="38135" /><F23/><W38/><G38/><T9/><D19/><U56/><E78/><N who="3" m="30314" /><G83/><T121/><D121/><U29/><E75/><V108/><F108/><W34/><G97/><T119/><D119/><U123/><E123/><V47/><F47/><W92/><AGARI ba="2,0" hai="32,34,35,92,94" m="30314,50186,43625" machi="92" ten="50,8000,1" yaku="28,2,11,1,19,1" doraHai="6" who="3" fromWho="3" sc="219,-22,159,-22,423,-42,199,86" /><INIT seed="3,0,0,4,5,33" ten="197,137,381,285" oya="3" hai0="68,72,77,79,88,121,104,113,96,47,78,126,101" hai1="81,25,58,59,109,2,62,42,8,55,86,29,51" hai2="98,34,65,118,102,114,52,9,61,97,66,92,46" hai3="49,112,36,129,1,133,17,48,74,27,90,14,20"/><W43/><G112/><T135/><D68/><U39/><E109/><V26/><F114/><W21/><G74/><T16/><D113/><U54/><E39/><V75/><F75/><W83/><G133/><T50/><D121/><U30/><E42/><V94/><F118/><W111/><G111/><T53/><D135/><U13/><E2/><V132/><F132/><W23/><G129/><T107/><D126/><U31/><E8/><V85/><F85/><N who="3" m="50495" /><G1/><T24/><D104/><U84/><E13/><V12/><F26/><N who="3" m="14607" /><G36/><T108/><D108/><U93/><E93/><V89/><F89/><W0/><G0/><T64/><D64/><U125/><E125/><V124/><F34/><W70/><G70/><T4/><D4/><U37/><E37/><V127/><F127/><W130/><G43/><T40/><D40/><U35/><REACH who="1" step="1"/><E86/><REACH who="1" ten="197,127,381,285" step="2"/><V117/><F124/><W71/><G130/><T105/><D105/><U69/><E69/><V82/><F117/><W45/><G71/><T22/><D72/><U7/><E7/><V41/><F41/><W123/><G123/><T73/><D73/><U128/><E128/><V19/><F94/><W131/><G131/><T28/><D107/><U5/><E5/><V119/><F119/><W134/><G134/><T110/><D110/><U6/><E6/><V57/><F98/><W87/><G87/><T76/><D96/><U10/><E10/><V80/><F80/><W44/><G14/><T100/><D100/><U95/><E95/><V32/><F82/><W56/><G27/><T3/><D101/><U122/><E122/><V115/><F115/><RYUUKYOKU ba="0,1" sc="197,-10,127,30,381,-10,285,-10" hai1="25,29,30,31,35,51,54,55,58,59,62,81,84" /><INIT seed="4,1,1,5,2,88" ten="187,157,371,275" oya="0" hai0="100,2,69,8,71,59,5,129,130,19,119,108,111" hai1="6,42,47,55,118,89,74,133,91,67,30,76,113" hai2="23,64,10,28,54,96,48,77,102,51,86,128,41" hai3="85,58,3,20,82,132,94,79,127,73,18,35,114"/><T33/><D33/><U14/><E118/><V13/><F128/><N who="0" m="49258" /><D119/><U36/><E133/><V66/><F86/><W70/><G70/><T131/><N who="0" m="49266" /><T15/><DORA hai="26" /><D100/><U134/><E134/><V1/><F77/><W50/><G114/><T21/><D59/><U12/><E67/><V16/><F48/><W90/><G127/><T124/><D124/><U25/><E55/><V115/><F41/><W84/><G132/><T37/><D37/><U122/><E122/><V7/><F28/><W43/><G35/><T22/><D21/><U63/><E63/><V45/><REACH who="2" step="1"/><F115/><REACH who="2" ten="187,157,361,275" step="2"/><W57/><G50/><T120/><D120/><U11/><E113/><V104/><AGARI ba="1,2" hai="1,7,10,13,16,23,45,51,54,64,66,96,102,104" machi="104" ten="20,12000,2" yaku="1,1,2,1,0,1,7,1,54,1,53,1" doraHai="88,26" doraHaiUra="65,99" who="2" fromWho="2" sc="187,-61,157,-31,361,143,275,-31" /><INIT seed="5,0,0,2,0,92" ten="126,126,504,244" oya="1" hai0="20,16,103,65,90,98,29,0,97,10,129,9,78" hai1="135,30,57,115,15,73,122,38,50,75,11,124,21" hai2="107,19,94,58,32,1,127,93,130,87,64,60,45" hai3="77,108,102,113,53,41,8,35,70,34,74,49,2"/><U40/><E122/><V25/><F1/><W33/><G108/><T121/><D129/><U117/><E117/><V7/><F7/><W100/><G70/><T27/><D78/><U54/><E115/><V24/><F107/><W28/><G41/><T76/><D76/><U13/><E124/><V52/><F130/><W106/><G28/><T46/><D46/><U47/><E135/><V68/><F127/><W133/><G106/><T114/><D114/><U39/><E38/><V132/><F132/><W81/><G133/><T95/><D121/><U99/><E99/><N who="0" m="37897" /><D0/><U120/><E120/><V119/><F119/><W56/><G113/><T67/><D103/><U44/><E44/><V43/><F32/><W80/><G100/><T71/><D71/><U55/><E55/><V5/><F5/><W123/><G102/><T6/><D6/><U17/><REACH who="1" step="1"/><E30/><REACH who="1" ten="126,116,504,244" step="2"/><V84/><F45/><W88/><G123/><T131/><D131/><U128/><E128/><V83/><F52/><W12/><G53/><T59/><D29/><U61/><E61/><V22/><F43/><W23/><G49/><T42/><D42/><U63/><E63/><V86/><F68/><W109/><G109/><T69/><D69/><U31/><E31/><V110/><F110/><W26/><G56/><T104/><D104/><U111/><E111/><V18/><F64/><N who="0" m="24650" /><D59/><U82/><E82/><V105/><F83/><W3/><G80/><T118/><D118/><U85/><E85/><AGARI ba="0,1" hai="9,10,16,20,27,85,90,95" m="24650,37897" machi="85" ten="30,8000,1" yaku="8,1,52,3,54,1" doraHai="92" who="0" fromWho="1" sc="126,90,116,-80,504,0,244,0" /><INIT seed="6,0,0,0,5,125" ten="216,36,504,244" oya="2" hai0="126,48,36,52,81,64,5,90,124,53,77,18,110" hai1="94,11,98,50,86,27,97,16,119,88,28,39,127" hai2="7,6,135,35,128,121,92,103,84,49,93,113,66" hai3="101,129,109,46,47,75,100,51,31,120,24,67,83"/><V19/><F121/><W43/><G129/><T9/><D36/><U112/><E119/><V34/><F128/><W42/><G109/><T62/><D110/><U33/><E127/><N who="0" m="48681" /><D90/><U60/><E39/><V10/><F66/><W70/><G120/><T74/><D18/><U131/><E112/><V17/><F49/><W76/><G67/><T99/><D99/><U89/><E60/><V3/><F84/><W116/><G70/><N who="0" m="42263" /><D48/><U4/><E50/><V0/><F103/><W56/><G56/><T115/><D115/><U21/><E89/><V15/><F113/><W111/><G116/><T118/><D118/><U8/><E8/><N who="2" m="2119" /><F93/><W132/><G111/><T58/><D58/><U130/><E98/><V54/><F92/><W108/><G108/><T30/><D30/><U79/><E79/><V26/><F54/><W95/><G95/><T37/><D37/><U69/><E69/><V80/><F80/><W104/><G100/><T82/><D82/><U38/><E38/><V102/><F102/><W96/><G51/><T22/><D22/><U14/><REACH who="1" step="1"/><E97/><REACH who="1" ten="216,26,504,244" step="2"/><V133/><F133/><W44/><G132/><T12/><AGARI ba="0,1" hai="5,9,12,52,53,74,77,81" m="42263,48681" machi="12" ten="30,2000,0" yaku="18,1,54,1" doraHai="125" who="0" fromWho="0" sc="216,30,26,-5,504,-10,244,-5" /><INIT seed="7,0,0,1,5,73" ten="246,21,494,239" oya="3" hai0="86,112,119,51,89,120,48,33,30,12,132,25,36" hai1="100,43,106,8,130,124,63,101,37,61,16,135,97" hai2="35,7,81,103,75,76,102,22,60,34,90,26,128" hai3="129,80,77,0,67,98,57,64,50,95,11,39,74"/><W58/><G129/><T85/><D120/><U2/><E124/><V65/><F128/><W55/><G39/><T38/><D119/><U3/><E135/><V1/><F90/><W84/><G74/><T29/><D132/><U113/><E130/><V54/><F54/><W88/><REACH who="3" step="1"/><G58/><REACH who="3" ten="246,21,494,229" step="2"/><T105/><D38/><U5/><E113/><V6/><F35/><W72/><G72/><T20/><D36/><U31/><E31/><V134/><F34/><W10/><G10/><T126/><D112/><U47/><E100/><V42/><F103/><W62/><G62/><T109/><D29/><U44/><E2/><V40/><F102/><W110/><G110/><T94/><D109/><U27/><REACH who="1" step="1"/><E44/><REACH who="1" ten="246,11,494,229" step="2"/><V123/><F60/><W131/><G131/><T24/><D30/><U71/><E71/><V19/><F75/><W117/><G117/><T52/><D126/><U83/><E83/><V66/><F81/><W91/><G91/><T45/><D89/><U68/><E68/><V87/><F134/><W93/><G93/><T114/><D94/><U115/><E115/><V14/><F123/><W49/><G49/><T13/><D114/><U125/><E125/><V111/><F111/><W108/><G108/><T70/><D70/><U96/><E96/><V99/><F99/><W69/><G69/><T127/><D127/><U82/><E82/><V4/><F1/><W59/><G59/><T107/><D45/><U116/><E116/><V32/><F87/><W28/><G28/><T78/><D86/><U18/><E18/><V133/><F19/><W21/><G21/><T46/><D85/><RYUUKYOKU ba="0,2" sc="246,-15,11,15,494,-15,229,15" hai1="3,5,8,16,27,37,43,47,61,63,97,101,106" hai3="0,11,50,55,57,64,67,77,80,84,88,95,98" /><INIT seed="7,1,2,1,0,112" ten="231,26,479,244" oya="3" hai0="34,66,120,53,135,57,101,74,2,87,121,80,69" hai1="58,49,59,67,4,55,33,119,21,133,130,48,7" hai2="88,54,104,122,115,76,30,27,13,31,94,96,20" hai3="15,110,84,26,81,68,51,77,103,23,63,127,106"/><W25/><G127/><T37/><D74/><U12/><E33/><V61/><F115/><W32/><G110/><T65/><D2/><U10/><E133/><V129/><F129/><W123/><G123/><T93/><D34/><U52/><E130/><V9/><F104/><W43/><G15/><T108/><D108/><U79/><E21/><V46/><F122/><W109/><G109/><T83/><D37/><U50/><E79/><V118/><F118/><W124/><G124/><T36/><D36/><U60/><E119/><V85/><F31/><W102/><G32/><T89/><D83/><U24/><E24/><V111/><F111/><W126/><G106/><T38/><D38/><U92/><E92/><V29/><F29/><N who="3" m="17599" /><G68/><T90/><D69/><U3/><E3/><V6/><F76/><W64/><G126/><T42/><D42/><U16/><REACH who="1" step="1"/><E49/><REACH who="1" ten="231,16,479,244" step="2"/><N who="2" m="28983" /><F61/><W128/><G128/><T78/><D78/><U134/><E134/><V95/><F95/><W117/><G51/><T8/><D135/><U97/><E97/><AGARI ba="1,3" hai="6,9,13,20,27,30,85,88,94,96,97" m="28983" machi="97" ten="30,2000,0" yaku="8,1,54,1" doraHai="112" who="2" fromWho="1" sc="231,0,16,-23,479,53,244,0" owari="231,-17.0,-7,-51.0,532,64.0,244,4.0" /></mjloggm>