<mjloggm ver="2.3"><GO type="169" lobby="0"/><UN n0="%61%6E%6C%75%6E" n1="%6D%6F%73%61" n2="%E3%81%B4%E3%81%8A%E3%81%B4%E3%81%8A%EF%BC%91%EF%BC%91" n3="%E3%83%95%E3%82%A9%E3%82%B9%E3%82%BF%E3%83%BC" dan="16,16,18,16" rate="2106.22,2111.09,2328.96,2093.17" sx="M,M,M,M"/><TAIKYOKU oya="0"/><INIT seed="0,0,0,1,2,69" ten="250,250,250,250" oya="0" hai0="74,96,105,11,40,51,59,135,115,7,57,79,21" hai1="27,102,49,45,110,99,55,26,34,28,131,133,125" hai2="33,35,117,92,54,31,66,22,114,63,78,108,129" hai3="8,103,119,41,101,95,20,127,53,100,87,91,98"/><T109/><D115/><U90/><E110/><V120/><F120/><W39/><G119/><T82/><D135/><U12/><E133/><V37/><F114/><W46/><G127/><T1/><D109/><U128/><E125/><V88/><F108/><W38/><G53/><T94/><D105/><U93/><E12/><V13/><F129/><N who="1" m="49737" /><E27/><V68/><F78/><W112/><G112/><T97/><D21/><U116/><E116/><V32/><F117/><W47/><G20/><T52/><D40/><U123/><E123/><V81/><F81/><W86/><G8/><T75/><D75/><U18/><E18/><V70/><F70/><W71/><REACH who="3" step="1"/><G71/><REACH who="3" ten="250,250,250,240" step="2"/><T83/><D74/><U73/><E73/><V61/><F54/><W48/><G48/><T5/><D79/><U111/><E111/><V67/><F63/><W43/><AGARI ba="0,1" hai="38,39,41,43,46,47,86,87,91,95,98,100,101,103" machi="43" ten="30,8000,1" yaku="1,1,0,1,9,1,52,2,53,0" doraHai="69" doraHaiUra="16" who="3" fromWho="3" sc="250,-40,250,-20,250,-20,240,90" /><INIT seed="1,0,0,3,3,109" ten="210,230,230,330" oya="1" hai0="124,98,8,20,87,126,135,122,56,35,60,110,79" hai1="118,82,101,11,104,9,4,74,38,121,108,90,17" hai2="29,70,111,28,76,88,45,16,107,132,42,3,34" hai3="14,71,91,69,120,116,5,67,119,62,12,64,2"/><U10/><E118/><N who="3" m="45098" /><G120/><T68/><D35/><U13/><E121/><V73/><F107/><W48/><G67/><T94/><D122/><U24/><E108/><V61/><F3/><W26/><G48/><T32/><D110/><U102/><E104/><V115/><F111/><W39/><G39/><T105/><D32/><U113/><E38/><V51/><F132/><W21/><G71/><T46/><D68/><U1/><E11/><V54/><F34/><W80/><G91/><T75/><D135/><U93/><E24/><V63/><F73/><W30/><G80/><N who="0" m="45183" /><D20/><U133/><E133/><V43/><F76/><W89/><G89/><N who="0" m="53567" /><D46/><U117/><E117/><V7/><F7/><W22/><G22/><T99/><D8/><AGARI ba="0,0" hai="2,5,8,12,14,21,26,30,62,64,69" m="45098" machi="8" ten="30,1000,0" yaku="12,1" doraHai="109" who="3" fromWho="0" sc="210,-10,230,0,230,0,330,10" /><INIT seed="2,0,0,2,0,130" ten="200,230,230,340" oya="2" hai0="61,125,32,110,51,52,48,18,40,0,31,101,50" hai1="81,12,90,21,74,84,106,78,111,5,93,59,56" hai2="45,127,117,124,4,118,89,115,97,60,57,17,114" hai3="132,16,131,35,119,14,72,65,113,98,23,42,104"/><V25/><F97/><W66/><G119/><N who="2" m="45577" /><F4/><W36/><G131/><T43/><D0/><U70/><E111/><V58/><F25/><W88/><G72/><T28/><D110/><U100/><E70/><V20/><F89/><W54/><G35/><T128/><D128/><U129/><E129/><V38/><F20/><W8/><G36/><T55/><D32/><U105/><E105/><V33/><F17/><W69/><G69/><T85/><D101/><U135/><E21/><V108/><F33/><W62/><G42/><N who="0" m="15915" /><D61/><U87/><E84/><V2/><F2/><W6/><G104/><T30/><D125/><N who="2" m="48202" /><F108/><W102/><G102/><T34/><D34/><U80/><E80/><V41/><F58/><W109/><G109/><T96/><D96/><N who="1" m="61703" /><E12/><V86/><F86/><W7/><G14/><T79/><D18/><U11/><E11/><V15/><F15/><W116/><G8/><T120/><D120/><U39/><E5/><V64/><AGARI ba="0,0" hai="38,41,45,57,60,64,114,115" m="48202,45577" machi="64" ten="30,6000,0" yaku="18,1,34,2" doraHai="130" who="2" fromWho="2" sc="200,-20,230,-20,230,60,340,-20" /><INIT seed="2,1,0,3,5,81" ten="180,210,290,320" oya="2" hai0="66,125,25,4,92,75,101,109,67,104,68,99,127" hai1="20,90,106,74,102,76,91,56,85,94,54,30,33" hai2="87,12,31,1,39,133,8,118,46,124,23,83,88" hai3="35,122,86,32,112,96,79,22,98,114,13,51,116"/><V15/><F118/><W72/><G122/><T28/><D109/><U18/><E33/><V0/><F133/><W103/><G72/><T9/><D75/><U45/><E30/><V55/><F124/><W47/><G98/><T10/><D92/><U100/><E106/><V63/><F63/><W49/><G51/><T105/><D105/><U24/><E45/><V71/><F71/><W77/><G77/><T16/><D4/><U7/><E7/><V134/><F134/><W27/><G13/><T61/><D67/><U131/><E131/><V14/><F8/><W57/><G57/><T128/><D128/><U44/><E44/><V78/><F78/><W2/><G2/><T19/><D10/><U11/><E11/><V123/><F123/><W126/><G126/><N who="0" m="48139" /><D9/><U135/><E91/><V107/><F107/><N who="3" m="63975" /><G116/><T42/><D42/><U5/><E5/><V58/><F58/><W53/><G79/><T121/><D121/><U84/><E74/><V82/><F82/><W108/><G108/><T115/><D115/><U40/><E40/><V6/><F6/><W119/><G119/><T59/><D59/><U111/><E111/><V70/><F70/><W38/><G114/><T37/><D37/><U73/><E73/><V52/><F39/><W110/><G110/><T48/><D48/><N who="1" m="30791" /><E135/><V41/><F41/><W129/><G129/><T60/><D61/><U93/><E94/><V97/><F46/><W130/><G130/><T34/><AGARI ba="1,0" hai="16,19,25,28,34,60,66,68,99,101,104" m="48139" machi="34" ten="30,4000,0" yaku="25,1,18,1,54,1" doraHai="81" who="0" fromWho="0" sc="180,43,210,-11,290,-21,320,-11" /><INIT seed="3,0,0,2,4,129" ten="223,199,269,309" oya="3" hai0="61,11,13,98,1,8,100,128,42,56,49,99,123" hai1="55,91,43,48,7,52,75,122,127,19,39,72,65" hai2="66,117,64,69,23,74,81,22,112,104,28,124,88" hai3="80,84,68,30,9,134,33,89,82,115,16,96,67"/><W76/><G115/><T109/><D123/><U97/><E122/><V120/><F117/><W4/><G33/><T3/><D128/><U86/><E127/><V12/><F112/><W126/><G30/><T2/><D109/><U0/><E55/><V40/><F120/><W125/><G96/><T50/><D99/><U44/><E97/><V135/><F104/><W14/><G67/><T131/><D131/><U46/><E65/><V119/><F119/><W85/><G68/><T93/><D42/><U59/><E59/><V118/><F118/><W113/><G113/><T63/><D11/><U24/><E7/><V21/><F28/><W29/><G29/><T92/><D93/><U103/><E0/><V34/><F34/><W38/><G38/><T95/><D95/><U87/><E103/><V110/><F110/><W26/><G134/><T51/><REACH who="0" step="1"/><D56/><REACH who="0" ten="213,199,269,309" step="2"/><U132/><E43/><V27/><F40/><W101/><G101/><T107/><D107/><U57/><E57/><V83/><F69/><W6/><G126/><T114/><D114/><U10/><E10/><V35/><F124/><W47/><G125/><T62/><D62/><U58/><E58/><V60/><F60/><W37/><G37/><T20/><D20/><U71/><E39/><V90/><F35/><W53/><G9/><T73/><D73/><U17/><E71/><V116/><F116/><W15/><G53/><T77/><D77/><U130/><E52/><V94/><F66/><W18/><G76/><T79/><D79/><U78/><E130/><V106/><F64/><W54/><G54/><T133/><D133/><RYUUKYOKU ba="0,1" sc="213,30,199,-10,269,-10,309,-10" hai0="1,2,3,8,13,49,50,51,61,63,92,98,100" /><INIT seed="4,1,1,0,3,79" ten="243,189,259,299" oya="0" hai0="35,41,134,112,89,47,24,62,129,43,124,14,107" hai1="84,120,31,6,130,50,80,99,19,118,110,58,122" hai2="44,66,9,36,12,132,56,131,30,53,87,61,105" hai3="3,59,63,88,71,121,42,70,34,10,20,60,17"/><T127/><D107/><U28/><E110/><V46/><F131/><W109/><G109/><T86/><D129/><U98/><E118/><V39/><F132/><W68/><G34/><T32/><D134/><U93/><E130/><V13/><F105/><W85/><G42/><T92/><D112/><U123/><E6/><V25/><F39/><W1/><G10/><T29/><D62/><U23/><E58/><V65/><F13/><W108/><G121/><T133/><D133/><U114/><E50/><V69/><F87/><W0/><G59/><T111/><D111/><U51/><E51/><V55/><F36/><W74/><G74/><T119/><D119/><U67/><E67/><V100/><F100/><W81/><REACH who="3" step="1"/><G108/><REACH who="3" ten="243,189,259,289" step="2"/><T94/><D43/><U4/><E120/><V5/><F46/><W78/><G78/><T38/><D35/><U27/><E122/><V75/><F75/><W103/><G103/><T11/><REACH who="0" step="1"/><D94/><REACH who="0" ten="233,189,259,289" step="2"/><U2/><E93/><V97/><F61/><W57/><G57/><T76/><D76/><U116/><E123/><V22/><F56/><W54/><G54/><T113/><D113/><U15/><E114/><V104/><F55/><W96/><G96/><T91/><D91/><N who="1" m="51591" /><E116/><V101/><F69/><W52/><G52/><T64/><D64/><U95/><E99/><V40/><F53/><W48/><G48/><T125/><D125/><U128/><E128/><V26/><F40/><W21/><G21/><T73/><D73/><U72/><E72/><V83/><F65/><W82/><G82/><T49/><D49/><U115/><E115/><V16/><F66/><RYUUKYOKU ba="1,3" sc="233,15,189,-15,259,-15,289,15" hai0="11,14,24,29,32,38,41,47,86,89,92,124,127" hai3="0,1,3,17,20,60,63,68,70,71,81,85,88" /><INIT seed="4,2,3,3,5,77" ten="248,174,244,304" oya="0" hai0="25,3,89,5,97,94,129,116,43,98,2,14,35" hai1="0,23,102,100,128,8,67,92,37,53,117,125,63" hai2="26,85,75,47,70,68,6,126,105,88,45,76,71" hai3="11,108,72,119,7,49,84,131,107,95,52,50,44"/><T28/><D116/><U132/><E117/><V113/><F105/><W118/><G108/><T54/><D43/><U124/><E128/><V61/><F113/><W32/><G72/><T74/><D129/><U109/><E37/><V42/><F126/><N who="1" m="48745" /><E53/><V15/><F26/><W36/><G107/><T30/><D30/><U87/><E132/><V80/><F61/><W90/><G32/><T31/><D31/><U91/><E23/><V17/><F6/><W82/><G36/><T83/><D54/><U111/><E0/><V115/><F115/><W123/><G123/><T104/><D5/><U79/><E8/><V59/><F59/><W12/><G131/><T133/><D133/><U122/><E79/><V64/><F64/><W120/><G120/><T22/><D22/><U93/><E122/><V112/><F112/><W24/><G24/><T114/><D114/><U18/><E18/><V101/><F101/><N who="1" m="39017" /><E93/><V58/><F42/><N who="3" m="24727" /><G119/><T110/><D110/><U134/><E134/><V106/><F106/><W66/><G118/><T55/><D55/><U57/><AGARI ba="2,3" hai="57,63,67,87,91,92,109,111" m="39017,48745" machi="57" ten="30,1100,0" yaku="18,1" doraHai="77" who="1" fromWho="1" sc="248,-7,174,47,244,-5,304,-5" /><INIT seed="5,0,0,4,3,38" ten="241,221,239,299" oya="1" hai0="129,19,119,11,13,106,123,28,40,35,34,48,62" hai1="9,108,45,82,72,92,15,130,30,64,21,27,81" hai2="61,42,133,26,122,125,14,85,37,31,43,115,69" hai3="90,36,51,23,17,97,47,95,41,132,86,114,20"/><U50/><E130/><V110/><F110/><W29/><G114/><T124/><D106/><U67/><E108/><V4/><F122/><W118/><G132/><T87/><D119/><U5/><E92/><V32/><F37/><W70/><G70/><T46/><D129/><U84/><E72/><V12/><F133/><W16/><G118/><T105/><D105/><U83/><REACH who="1" step="1"/><E84/><REACH who="1" ten="241,211,239,299" step="2"/><V126/><F115/><W57/><G86/><T63/><D123/><U100/><E100/><V3/><F85/><W88/><G95/><T94/><D124/><U120/><E120/><V56/><F125/><W80/><G97/><T22/><D94/><U7/><E7/><V96/><F96/><W89/><G80/><T44/><D87/><U8/><E8/><V128/><F126/><W1/><G89/><T116/><D116/><U58/><E58/><V107/><F128/><W54/><G88/><T77/><D77/><U121/><E121/><V99/><F69/><W104/><G90/><T53/><D11/><U113/><E113/><V6/><F99/><W71/><G104/><T39/><D28/><U98/><E98/><V111/><F107/><W65/><G29/><T52/><REACH who="0" step="1"/><D53/><AGARI ba="0,1" hai="5,9,15,21,27,30,45,50,53,64,67,81,82,83" machi="53" ten="40,7700,0" yaku="1,1,8,1,53,1" doraHai="38" doraHaiUra="2" who="1" fromWho="0" sc="241,-77,211,87,239,0,299,0" /><INIT seed="5,1,0,5,0,108" ten="164,298,239,299" oya="1" hai0="57,95,43,130,46,80,132,29,13,79,87,77,31" hai1="69,40,42,27,134,19,33,105,41,66,30,117,37" hai2="5,17,92,119,115,20,36,71,14,26,28,123,68" hai3="52,22,85,75,49,58,94,48,100,106,59,103,2"/><U53/><E117/><V118/><F123/><W131/><G75/><T0/><D0/><U125/><E105/><V120/><F120/><W76/><G2/><T11/><D132/><U111/><E134/><V98/><F36/><W60/><G106/><T34/><D130/><U1/><E1/><V124/><F124/><W47/><G131/><T61/><D79/><U64/><E125/><V7/><F71/><W135/><G135/><T93/><D34/><U86/><E37/><V102/><F68/><W97/><G22/><T91/><D61/><U101/><E69/><V67/><F67/><N who="3" m="39319" /><G85/><T9/><D57/><U110/><E53/><V112/><F118/><W35/><G76/><T25/><D25/><U88/><E101/><V6/><REACH who="2" step="1"/><F119/><REACH who="2" ten="164,298,229,299" step="2"/><W63/><G35/><AGARI ba="1,1" hai="5,6,7,14,17,20,26,28,35,92,98,102,112,115" machi="35" ten="40,8000,1" yaku="1,1,2,1,52,2,53,1" doraHai="108" doraHaiUra="8" who="2" fromWho="3" sc="164,0,298,0,229,93,299,-83" /><INIT seed="6,0,0,5,2,23" ten="164,298,322,216" oya="2" hai0="118,123,85,102,64,49,124,22,27,39,17,88,107" hai1="104,60,47,61,129,21,3,6,110,84,51,89,101" hai2="75,11,15,97,5,81,106,9,67,29,98,45,111" hai3="74,24,80,34,40,133,94,72,65,2,19,7,122"/><V18/><F111/><W4/><G122/><T10/><D123/><U134/><E110/><V1/><F67/><W25/><G65/><T48/><D39/><U117/><E117/><V125/><F125/><W91/><G40/><T52/><D124/><U13/><E3/><V59/><F59/><W127/><G127/><T99/><D118/><U35/><E35/><V78/><F106/><W31/><G133/><T120/><D120/><U70/><E70/><V32/><F32/><W63/><G63/><T62/><D10/><U54/><E134/><V73/><F73/><W53/><G53/><T12/><D12/><U82/><E129/><V16/><F29/><W96/><G2/><T28/><D28/><U56/><E104/><V132/><F132/><W0/><G0/><T116/><D116/><U95/><E101/><V121/><F121/><W112/><G112/><T68/><REACH who="0" step="1"/><D52/><REACH who="0" ten="154,298,322,216" step="2"/><N who="1" m="29823" /><E61/><V126/><F126/><W115/><G115/><T57/><D57/><U30/><E30/><V130/><F130/><W33/><G33/><T113/><D113/><U55/><E55/><V100/><F45/><W50/><G50/><T79/><D79/><U69/><E54/><V109/><F109/><W20/><G4/><T131/><D131/><U86/><E6/><V103/><F18/><W41/><G7/><T119/><D119/><U108/><E108/><V114/><F114/><W46/><G41/><T93/><AGARI ba="0,1" hai="17,22,27,48,49,62,64,68,85,88,93,99,102,107" machi="93" ten="20,8000,1" yaku="1,1,0,1,7,1,52,1,54,1,53,0" doraHai="23" doraHaiUra="71" who="0" fromWho="0" sc="154,90,298,-20,322,-40,216,-20" /><INIT seed="7,0,0,5,5,21" ten="244,278,282,196" oya="3" hai0="46,108,64,23,96,120,40,109,61,68,78,110,58" hai1="105,88,28,41,75,29,17,100,35,49,19,33,77" hai2="72,122,32,116,107,79,82,106,51,4,91,119,13" hai3="30,60,24,121,102,7,65,80,99,3,129,6,34"/><W18/><G129/><T115/><D78/><U48/><E77/><V89/><F32/><W69/><G18/><T97/><D120/><U112/><E75/><V52/><F4/><W85/><G121/><T53/><D23/><U132/><E100/><V126/><F13/><W22/><G3/><T81/><D81/><U67/><E105/><N who="2" m="39947" /><F52/><W76/><G22/><T37/><D115/><U59/><E112/><V128/><F51/><AGARI ba="0,0" hai="37,40,46,51,53,58,61,64,68,96,97,108,109,110" machi="51" ten="40,2600,0" yaku="24,2" doraHai="21" who="0" fromWho="2" sc="244,26,278,0,282,-26,196,0" /><INIT seed="8,0,0,0,1,134" ten="270,278,256,196" oya="0" hai0="15,61,23,99,113,95,5,71,117,79,116,26,93" hai1="38,2,129,120,98,96,19,68,8,41,64,111,97" hai2="83,123,122,131,18,121,66,48,9,30,52,108,76" hai3="87,92,20,3,125,78,60,86,75,126,39,119,100"/><T109/><D113/><U28/><E111/><V1/><F108/><W57/><G119/><N who="0" m="45643" /><D79/><U127/><E120/><V53/><F131/><W105/><G3/><T31/><D109/><U58/><E68/><V118/><F118/><W74/><G39/><T85/><D85/><N who="3" m="32265" /><G105/><T14/><D95/><U32/><E129/><V7/><F66/><N who="3" m="39183" /><G78/><T72/><D72/><U21/><E32/><V132/><F132/><W84/><N who="3" m="32273" /><W49/><DORA hai="24" /><G49/><T94/><D94/><U106/><E38/><V6/><F48/><W89/><G89/><N who="0" m="55727" /><D5/><U4/><E4/><V104/><F104/><W90/><G90/><T133/><D133/><U91/><E91/><V103/><F7/><W110/><G110/><T16/><D71/><U13/><E106/><V81/><F81/><W29/><G75/><T51/><D51/><U112/><E96/><V102/><F83/><W59/><G59/><T54/><D61/><U70/><E70/><V35/><F76/><W22/><G74/><T11/><D15/><U37/><E97/><V56/><F56/><W130/><G130/><T10/><D54/><U114/><E98/><V42/><F42/><W25/><G92/><T115/><D115/><U44/><E112/><V50/><F50/><W45/><G100/><T12/><D12/><U65/><E114/><V124/><F102/><W33/><G45/><T46/><D46/><U55/><E2/><V88/><F103/><W101/><G101/><T47/><D47/><U128/><E128/><V80/><F80/><W34/><G34/><AGARI ba="0,0" hai="10,11,14,16,23,26,31,34" m="55727,45643" machi="34" ten="30,5800,0" yaku="16,1,52,1,54,1" doraHai="134,24" who="0" fromWho="3" sc="270,58,278,0,256,0,196,-58" owari="328,42.0,278,8.0,256,-14.0,138,-36.0" /></mjloggm>