<mjloggm ver="2.3"><GO type="169" lobby="0"/><UN n0="%E8%8C%B6%E8%89%B2%E3%81%AE%E3%82%A2%E3%83%AC" n1="%72%52%66%44%79%55%66" n2="%77%69%6C%73%6F%6E" n3="%E3%81%8B%E3%81%8B%E3%81%8B%E3%81%8B" dan="17,16,16,16" rate="2179.07,2127.90,2153.33,2103.19" sx="M,M,M,M"/><TAIKYOKU oya="0"/><BYE who="3" /><UN n3="%E3%81%8B%E3%81%8B%E3%81%8B%E3%81%8B" /><INIT seed="0,0,0,1,5,62" ten="250,250,250,250" oya="0" hai0="89,57,80,5,96,10,92,2,119,99,135,73,101" hai1="19,87,104,79,45,77,78,30,88,124,61,86,71" hai2="102,134,13,51,118,82,60,72,12,84,98,26,112" hai3="37,127,1,107,81,15,93,36,55,105,43,126,123"/><T11/><D119/><U85/><E124/><N who="3" m="47658" /><G43/><T17/><D135/><U67/><E104/><N who="3" m="40010" /><G1/><T133/><D133/><U66/><E30/><V4/><F134/><W63/><G81/><T53/><D73/><U39/><E67/><V120/><F112/><W47/><G123/><T115/><D115/><U122/><E122/><V46/><F120/><W106/><G106/><T38/><D38/><U42/><REACH who="1" step="1"/><E19/><REACH who="1" ten="250,240,250,250" step="2"/><V40/><F118/><W58/><G93/><AGARI ba="0,1" hai="39,42,45,61,66,71,77,78,79,85,86,87,88,93" machi="93" ten="40,8000,1" yaku="1,1,2,1,52,1,54,1,53,0" doraHai="62" doraHaiUra="28" who="1" fromWho="3" sc="250,0,240,90,250,0,250,-80" /><INIT seed="1,0,0,0,5,38" ten="250,330,250,170" oya="1" hai0="123,27,132,26,70,8,3,10,128,61,125,5,66" hai1="34,130,102,79,74,114,0,13,28,115,126,118,81" hai2="57,25,6,88,78,54,97,71,56,117,75,91,76" hai3="16,106,108,119,43,29,55,98,107,89,22,93,14"/><U63/><E118/><V134/><F117/><W84/><G108/><T90/><D125/><U135/><E0/><V62/><F71/><W112/><G119/><T116/><D116/><U96/><E126/><V31/><F134/><W111/><G111/><T49/><D132/><U2/><E2/><V105/><F6/><W45/><G112/><T40/><D128/><U73/><E135/><V133/><F133/><W15/><G29/><T24/><D123/><U33/><E130/><V59/><F75/><W46/><G46/><T86/><D5/><U100/><E13/><V104/><F78/><W50/><G55/><T19/><D3/><U124/><E124/><V18/><F76/><W109/><G109/><T20/><D10/><U47/><E47/><V72/><F72/><W42/><G42/><T11/><D11/><U122/><E122/><V82/><F18/><W37/><G37/><T131/><D8/><U9/><E9/><V21/><F82/><W53/><G14/><T64/><D131/><U48/><E74/><V87/><F87/><W32/><G32/><N who="1" m="12394" /><E28/><V69/><F69/><W129/><G129/><T39/><D39/><U7/><E7/><V113/><F113/><W77/><G77/><T127/><D127/><U92/><E102/><N who="2" m="62543" /><F105/><W94/><G53/><T110/><D110/><U67/><E48/><V68/><F54/><W4/><REACH who="3" step="1"/><G4/><REACH who="3" ten="250,330,250,160" step="2"/><T17/><D61/><U95/><E114/><V23/><F23/><W44/><G44/><N who="0" m="25735" /><D20/><U35/><E115/><V1/><F1/><W85/><G85/><T80/><D64/><U36/><E35/><V121/><F121/><RYUUKYOKU ba="0,1" sc="250,10,330,-30,250,10,160,10" hai0="17,19,24,26,27,66,70,80,86,90" hai2="21,25,31,56,57,59,62,68,88,91" hai3="15,16,22,43,45,50,84,89,93,94,98,106,107" /><INIT seed="2,1,1,5,2,110" ten="260,300,260,170" oya="2" hai0="7,115,43,52,46,87,78,123,94,65,60,122,44" hai1="84,111,34,104,2,128,48,81,70,20,93,73,19" hai2="71,27,75,106,35,36,11,90,82,101,41,57,66" hai3="56,42,21,13,29,5,76,62,120,53,61,86,47"/><V108/><F108/><W63/><G120/><T129/><D129/><U59/><E111/><V88/><F71/><W112/><G112/><T69/><D7/><U89/><E34/><V54/><F66/><W117/><G117/><T50/><D115/><U23/><E104/><V91/><F36/><W28/><G28/><T14/><D14/><U98/><E70/><V92/><F41/><W72/><G72/><T31/><D31/><U33/><E33/><V103/><F106/><W30/><G30/><T26/><D26/><U3/><E128/><V45/><F35/><W96/><G96/><T16/><D16/><U135/><E73/><V39/><F27/><W132/><G132/><T68/><D68/><U40/><E23/><V4/><F39/><W105/><G105/><T100/><D100/><U58/><E135/><V125/><F125/><W22/><G22/><T85/><D85/><U0/><E48/><V38/><F38/><W83/><G29/><T12/><D12/><U24/><REACH who="1" step="1"/><E40/><REACH who="1" ten="260,290,260,170" step="2"/><V18/><F75/><W109/><G109/><T107/><D107/><U64/><E64/><V74/><F74/><W116/><G116/><T9/><D65/><U15/><E15/><V67/><F67/><W80/><G21/><T6/><D69/><U77/><AGARI ba="1,2" hai="0,2,3,19,20,24,58,59,77,81,84,89,93,98" machi="77" ten="30,2000,0" yaku="1,1,0,1,53,0" doraHai="110" doraHaiUra="8" who="1" fromWho="1" sc="260,-6,290,43,260,-11,170,-6" /><INIT seed="3,0,0,5,0,131" ten="254,333,249,164" oya="3" hai0="80,70,26,66,44,126,56,114,28,4,57,39,47" hai1="97,133,45,49,53,123,1,91,90,5,107,41,73" hai2="77,46,118,40,11,16,9,100,3,88,82,33,96" hai3="127,8,15,22,51,29,105,30,25,55,110,13,21"/><W20/><G105/><T113/><D4/><U60/><E133/><V101/><F118/><W93/><G127/><T109/><D80/><U6/><E123/><V23/><F33/><W94/><G110/><T95/><D109/><U18/><E73/><V79/><F79/><W24/><G22/><T36/><D95/><N who="1" m="56567" /><E1/><V78/><F78/><W124/><G124/><T2/><D2/><U122/><E122/><V10/><F3/><W130/><G130/><T104/><D26/><U115/><E107/><V42/><F42/><W102/><G102/><T129/><D28/><U132/><E132/><V135/><F135/><W58/><REACH who="3" step="1"/><G13/><REACH who="3" ten="254,333,249,154" step="2"/><T32/><D129/><U84/><E115/><N who="0" m="44041" /><D104/><U87/><E5/><AGARI ba="0,1" hai="5,8,15,20,21,24,25,29,30,51,55,58,93,94" machi="5" ten="30,11600,0" yaku="1,1,7,1,9,1,8,1,53,0" doraHai="131" doraHaiUra="34" who="3" fromWho="1" sc="254,0,333,-116,249,0,154,126" /><INIT seed="3,1,0,0,4,16" ten="254,217,249,280" oya="3" hai0="124,42,19,76,125,80,36,120,26,73,46,104,14" hai1="107,23,0,41,64,60,94,39,29,15,118,30,21" hai2="101,115,127,43,51,40,24,71,109,13,93,57,87" hai3="112,32,126,6,47,81,68,17,58,117,59,105,113"/><W63/><G32/><T79/><D120/><U66/><E107/><V5/><F71/><W90/><G105/><T4/><D104/><U52/><E0/><V34/><F115/><W82/><G68/><T38/><D79/><U99/><E118/><V86/><F109/><W119/><G6/><T121/><D121/><U102/><E41/><V88/><F127/><N who="0" m="48714" /><D26/><U108/><E39/><V35/><F101/><W84/><G126/><T129/><D4/><U37/><E37/><V18/><F5/><W70/><G70/><T91/><D91/><U3/><E3/><V78/><F34/><W33/><G33/><T128/><D38/><U132/><E132/><V114/><F114/><W20/><G113/><T130/><D14/><U10/><E108/><V27/><F35/><W100/><G100/><T69/><D69/><U110/><E110/><V56/><F78/><W97/><G112/><T135/><D19/><U25/><E30/><V96/><F43/><W95/><G119/><T1/><D1/><U65/><E23/><N who="2" m="11727" /><F24/><W92/><G117/><T12/><D12/><U77/><E77/><V61/><F27/><W44/><G17/><T67/><D67/><U89/><E102/><V8/><F8/><W54/><G20/><T116/><D116/><U123/><E123/><V122/><F122/><W74/><G74/><T2/><D2/><U103/><E103/><V31/><F31/><W55/><G90/><T75/><D73/><U22/><E22/><V83/><F61/><W131/><G63/><T133/><AGARI ba="1,0" hai="36,42,46,75,76,80,128,129,130,133,135" m="48714" machi="133" ten="40,8000,1" yaku="30,2,19,1,18,1,23,1" doraHai="16" who="0" fromWho="0" sc="254,83,217,-21,249,-21,280,-41" /><INIT seed="4,0,0,2,5,95" ten="337,196,228,239" oya="0" hai0="113,23,71,65,24,58,68,41,48,30,131,51,1" hai1="85,32,120,100,21,42,36,52,90,124,86,9,19" hai2="46,34,125,108,127,13,50,73,116,89,8,54,112" hai3="70,4,93,10,37,57,40,12,35,121,101,28,103"/><T69/><D113/><U96/><E124/><N who="2" m="47691" /><F108/><W61/><G70/><T129/><D1/><U27/><E120/><V2/><F112/><W62/><G121/><T126/><D126/><U78/><E32/><V64/><F34/><W91/><G62/><N who="0" m="38103" /><D41/><U75/><E75/><V60/><F116/><W80/><G80/><T53/><D53/><U106/><E9/><V16/><F73/><W11/><G40/><T118/><D118/><U45/><E78/><V56/><F89/><W76/><G37/><T107/><D107/><U0/><E0/><AGARI ba="0,0" hai="0,2,8,13,16,46,50,54,56,60,64" m="47691" machi="0" ten="30,2000,0" yaku="18,1,54,1" doraHai="95" who="2" fromWho="1" sc="337,0,196,-20,228,20,239,0" /><INIT seed="5,0,0,1,2,50" ten="337,176,248,239" oya="1" hai0="116,96,51,38,117,106,83,71,35,68,124,112,104" hai1="14,88,66,92,70,119,87,41,135,13,77,110,56" hai2="37,54,97,67,15,102,30,49,25,11,80,29,27" hai3="48,3,20,131,8,108,100,24,1,125,113,63,103"/><U4/><E135/><V7/><F37/><W127/><G108/><T9/><D112/><U2/><E119/><V53/><F67/><W23/><G131/><T121/><D35/><U36/><E110/><V73/><F73/><W90/><G113/><T72/><D38/><U89/><E77/><V95/><F80/><W17/><G63/><T28/><D28/><N who="2" m="10858" /><F49/><W16/><G48/><T85/><D72/><U111/><E111/><V115/><F115/><W114/><G114/><T19/><D51/><U47/><E70/><V33/><F33/><W81/><G90/><T130/><D83/><U61/><REACH who="1" step="1"/><E89/><REACH who="1" ten="337,166,248,239" step="2"/><V126/><F126/><W55/><G127/><T52/><D71/><U32/><E32/><V5/><F5/><W43/><G125/><T65/><D68/><U118/><E118/><V91/><F91/><W98/><G98/><T120/><D96/><U59/><E59/><V82/><F82/><W26/><G81/><T58/><D124/><U76/><E76/><V69/><F69/><W45/><G1/><T31/><D58/><U78/><E78/><V0/><F0/><W6/><G3/><T22/><D117/><U79/><E79/><V99/><F99/><W40/><G6/><T44/><D116/><U128/><E128/><V39/><F39/><W74/><G74/><T57/><D130/><U34/><E34/><V132/><F132/><W12/><G103/><T122/><D57/><U107/><E107/><V109/><F109/><W133/><G100/><T129/><D104/><U86/><E86/><V101/><F101/><W84/><G133/><T62/><D129/><RYUUKYOKU ba="0,1" sc="337,-15,166,15,248,15,239,-15" hai1="2,4,13,14,36,41,47,56,61,66,87,88,92" hai2="7,11,15,25,27,53,54,95,97,102" /><INIT seed="5,1,1,4,3,12" ten="322,181,263,224" oya="1" hai0="115,86,119,58,126,98,5,54,59,57,87,106,19" hai1="52,73,9,89,48,72,4,30,60,23,105,101,21" hai2="83,117,29,6,125,129,102,93,92,35,132,100,20" hai3="120,47,39,127,10,103,123,95,41,34,44,22,71"/><U28/><E60/><V63/><F117/><W2/><G34/><T33/><D119/><U97/><E89/><V130/><F35/><W14/><G71/><T45/><D33/><U90/><E90/><V1/><F132/><W96/><G2/><T31/><D31/><U51/><E51/><V133/><F133/><W38/><G22/><T118/><D118/><U94/><E105/><V26/><F125/><W77/><G127/><T8/><D45/><U49/><E49/><V74/><F1/><W75/><G77/><T25/><D54/><U111/><E111/><V116/><F116/><W85/><G85/><T43/><D43/><U109/><E109/><V128/><F6/><W27/><G27/><T46/><D46/><U37/><E37/><V65/><F74/><W18/><G75/><T122/><D106/><U88/><E101/><N who="2" m="39019" /><F83/><W16/><G18/><T80/><D126/><U131/><E131/><N who="2" m="33539" /><V68/><AGARI ba="1,1" hai="20,26,29,63,65,68,92,93" m="33539,39019" machi="68" ten="40,2700,0" yaku="4,1,19,1" doraHai="12" who="2" fromWho="2" sc="322,-8,181,-14,263,40,224,-8" /><INIT seed="6,0,0,0,3,96" ten="314,167,303,216" oya="2" hai0="118,4,76,44,32,27,64,108,75,45,88,28,69" hai1="112,50,134,125,34,14,105,90,35,52,92,126,73" hai2="130,102,94,26,62,91,79,41,68,29,37,33,13" hai3="5,31,95,6,117,59,122,60,9,30,39,20,89"/><V119/><F119/><W49/><G39/><T71/><D108/><U0/><E105/><V109/><F109/><W66/><G122/><T111/><D111/><U113/><E0/><V131/><F79/><W67/><G117/><T61/><D118/><U107/><E107/><V106/><F37/><W24/><G49/><T120/><D120/><U21/><E73/><V70/><F41/><W2/><G5/><T100/><D100/><U98/><E134/><V129/><F13/><W56/><G31/><T121/><D69/><U40/><E40/><V25/><F25/><W19/><G30/><T47/><D4/><U53/><E14/><V83/><F83/><W1/><G1/><T93/><D121/><U85/><E85/><N who="2" m="52591" /><F62/><W63/><G89/><T42/><D76/><U101/><E90/><V82/><F82/><W133/><G95/><T54/><D75/><U10/><E21/><V38/><F38/><W43/><REACH who="3" step="1"/><G43/><REACH who="3" ten="314,167,303,206" step="2"/><T36/><D42/><U55/><E50/><V104/><F104/><W86/><G86/><T78/><D36/><U115/><REACH who="1" step="1"/><E10/><REACH who="1" ten="314,157,303,206" step="2"/><V103/><F106/><W99/><G99/><T123/><D123/><U72/><E72/><V84/><F84/><W81/><G81/><T23/><D78/><U124/><AGARI ba="0,2" hai="34,35,52,53,55,92,98,101,112,113,115,124,125,126" machi="124" ten="50,24000,4" yaku="1,1,0,1,29,2,15,1,18,1,52,1,54,1,53,3" doraHai="96" doraHaiUra="51" who="1" fromWho="1" sc="314,-60,157,260,303,-120,206,-60" /><INIT seed="7,0,0,1,3,109" ten="254,417,183,146" oya="3" hai0="54,105,100,45,103,81,8,66,53,82,131,68,37" hai1="19,52,125,111,29,79,43,67,118,50,92,0,129" hai2="57,25,94,124,114,27,59,133,93,13,120,15,83" hai3="26,18,80,46,33,119,96,89,20,78,74,49,38"/><W132/><G119/><T99/><D68/><U95/><E52/><V1/><F1/><W17/><G33/><T73/><D66/><U7/><E95/><V77/><F133/><W23/><G132/><T126/><D131/><U30/><E19/><V32/><F124/><W55/><G38/><T34/><D34/><U106/><E50/><V16/><F120/><W48/><G48/><T122/><D103/><U12/><E79/><V128/><F128/><W40/><G96/><T107/><D107/><U9/><E12/><N who="2" m="4683" /><F32/><W108/><G89/><T117/><D117/><U121/><E92/><N who="2" m="35435" /><F114/><W101/><G108/><T56/><D73/><U42/><E67/><V88/><F77/><W91/><G91/><T116/><D105/><U39/><E43/><V71/><F71/><W84/><G101/><T10/><D126/><U76/><E9/><V72/><F72/><W104/><G104/><T115/><D116/><U113/><E7/><V58/><F16/><W28/><G74/><T41/><D54/><U14/><E30/><V135/><F135/><W22/><G23/><T65/><D56/><N who="2" m="14338" /><V85/><AGARI ba="0,0" hai="25,27,83,85,88" m="14338,35435,4683" machi="85" ten="40,5200,0" yaku="4,1,8,1,54,1" doraHai="109" who="2" fromWho="2" sc="254,-13,417,-13,183,52,146,-26" owari="241,4.0,404,50.0,235,-16.0,120,-38.0" /></mjloggm>