<mjloggm ver="2.3"><GO type="169" lobby="0"/><UN n0="%E5%BD%97%E6%98%9F%E5%85%A5%E3%83%92%E3%82%B3" n1="%E8%A5%BF%E5%B2%A1%E8%82%B2%E6%9C%AA%E2%99%AA" n2="%E4%BF%BA%54%55%45%45%45%45%45" n3="%64%75%72%72%72%72%72" dan="16,16,18,18" rate="2131.30,2113.93,2234.86,2218.86" sx="M,F,F,M"/><TAIKYOKU oya="0"/><INIT seed="0,0,0,2,0,39" ten="250,250,250,250" oya="0" hai0="18,132,129,16,118,10,49,36,15,86,134,127,115" hai1="71,99,94,75,24,114,47,32,13,27,90,124,26" hai2="52,110,55,93,79,111,42,17,45,22,83,120,72" hai3="63,59,98,48,31,87,29,128,33,131,106,6,135"/><T57/><D36/><U92/><E124/><V119/><F120/><W46/><G6/><T133/><D115/><U74/><E71/><V91/><F119/><W95/><G87/><T97/><D118/><U61/><E32/><V105/><F105/><W60/><G106/><T23/><D127/><U100/><E114/><V19/><F93/><W125/><G125/><T5/><D129/><U113/><E113/><V40/><F91/><W66/><G63/><T56/><D97/><U121/><E121/><V1/><F1/><W101/><G33/><T116/><D116/><U73/><E61/><V41/><F17/><W130/><REACH who="3" step="1"/><G135/><REACH who="3" ten="250,250,250,240" step="2"/><T103/><D103/><U14/><E75/><V85/><F72/><W122/><G122/><T12/><D86/><U96/><E74/><V2/><F2/><W62/><G62/><T77/><D77/><U126/><E73/><V8/><F8/><W76/><G76/><T70/><D70/><U108/><E126/><V109/><F45/><W68/><G68/><T117/><D117/><U82/><E108/><V7/><F7/><W69/><G69/><T25/><REACH who="0" step="1"/><D49/><REACH who="0" ten="240,250,250,240" step="2"/><U43/><E82/><V34/><F34/><W78/><G78/><T50/><D50/><AGARI ba="0,2" hai="13,14,24,26,27,43,47,50,90,92,94,96,99,100" machi="50" ten="40,2600,0" yaku="8,1,52,1" doraHai="39" who="1" fromWho="0" sc="240,-26,250,46,250,0,240,0" /><INIT seed="1,0,0,3,0,74" ten="214,296,250,240" oya="1" hai0="37,86,78,113,14,82,135,28,96,59,31,18,101" hai1="108,25,58,8,36,23,46,117,22,106,122,133,50" hai2="114,126,52,97,80,24,17,2,109,45,77,49,64" hai3="44,16,104,90,19,121,51,127,68,13,29,0,67"/><U111/><E117/><V40/><F2/><W107/><G121/><T53/><D113/><U134/><E106/><V21/><F109/><N who="1" m="42057" /><E122/><V76/><F126/><W89/><G0/><T35/><D135/><N who="1" m="51723" /><E36/><V11/><F114/><W3/><G3/><T71/><D37/><U42/><E8/><V79/><F64/><W115/><G29/><T85/><D71/><U110/><N who="1" m="42065" /><U43/><DORA hai="57" /><E58/><V7/><F97/><W63/><G19/><T124/><D124/><U55/><E22/><V103/><F103/><W39/><G39/><T61/><D86/><U118/><E118/><V9/><F7/><W48/><G48/><T4/><D4/><U10/><E10/><N who="2" m="3595" /><F80/><W6/><G6/><T83/><D83/><U56/><E46/><V132/><F132/><W120/><G120/><T30/><D59/><U73/><E73/><V125/><F125/><W34/><G127/><T112/><D82/><U131/><E131/><V93/><F93/><W105/><G115/><T99/><D112/><U54/><E54/><AGARI ba="0,0" hai="17,21,24,40,45,49,52,54,76,77,79" m="3595" machi="54" ten="30,8000,1" yaku="8,1,52,3,54,1" doraHai="74,57" who="2" fromWho="1" sc="214,0,296,-80,250,80,240,0" /><INIT seed="2,0,0,4,0,74" ten="214,216,330,240" oya="2" hai0="73,45,135,4,23,8,20,34,11,129,63,50,88" hai1="35,94,0,52,26,125,41,7,48,6,42,16,130" hai2="65,57,124,66,132,39,116,106,123,55,58,31,51" hai3="78,92,84,12,114,47,9,5,119,46,93,22,67"/><V18/><F106/><W54/><G119/><T91/><D34/><U56/><E130/><V95/><F116/><W25/><G114/><T115/><D115/><U49/><E125/><V72/><F123/><W87/><G67/><T85/><D73/><U89/><E0/><V76/><F124/><W121/><G121/><T134/><D129/><U131/><E131/><V2/><F2/><W120/><G120/><T70/><D70/><U111/><E111/><V29/><F39/><W40/><G54/><T75/><D75/><U33/><E33/><V36/><F36/><W83/><G87/><T53/><D63/><U19/><E35/><V105/><F105/><W30/><G47/><T69/><D69/><U27/><E27/><V81/><F132/><N who="0" m="50730" /><D91/><U61/><E61/><V79/><F18/><N who="1" m="6697" /><E26/><V71/><F71/><W96/><G96/><T59/><D59/><U112/><E112/><V43/><F57/><W14/><G12/><N who="0" m="5127" /><D11/><U109/><E109/><V37/><F65/><W103/><REACH who="3" step="1"/><G103/><REACH who="3" ten="214,216,330,230" step="2"/><T133/><N who="0" m="50738" /><T100/><DORA hai="104" /><D100/><U98/><E49/><AGARI ba="0,1" hai="5,9,14,22,25,30,40,46,49,78,83,84,92,93" machi="49" ten="30,12000,2" yaku="1,1,7,1,25,2,8,1,52,1,53,0" doraHai="74,104" doraHaiUra="99,127" who="3" fromWho="1" sc="214,0,216,-120,330,0,230,130" /><INIT seed="3,0,0,3,3,33" ten="214,96,330,360" oya="3" hai0="77,76,41,119,5,0,65,8,82,52,93,105,21" hai1="110,92,80,62,118,44,135,47,100,129,67,13,49" hai2="101,59,63,58,95,57,79,109,4,103,37,88,68" hai3="36,19,12,125,126,35,24,116,90,64,42,15,14"/><W96/><G64/><T23/><D119/><U18/><E110/><V72/><F109/><W32/><G90/><T60/><D105/><U56/><E118/><V130/><F130/><W120/><G116/><T121/><D121/><U11/><E129/><V69/><F37/><W108/><G108/><T17/><D41/><U107/><E135/><V28/><F28/><W16/><G96/><T29/><D29/><U111/><E111/><V46/><F46/><W89/><G89/><T91/><D82/><U45/><E107/><V26/><F26/><W3/><G42/><T66/><D66/><U128/><E128/><V113/><F113/><W9/><G36/><T124/><D23/><U70/><E70/><V99/><F63/><W114/><G120/><T53/><D77/><U51/><REACH who="1" step="1"/><E80/><REACH who="1" ten="214,86,330,360" step="2"/><V25/><F69/><W61/><G114/><T6/><D124/><U71/><E71/><V133/><F68/><W122/><G122/><T22/><D93/><U104/><E104/><V94/><F133/><W115/><G115/><T81/><D81/><U34/><E34/><V78/><F95/><W84/><G35/><T73/><D76/><U7/><E7/><V83/><F4/><W85/><G125/><T40/><D6/><U112/><E112/><V10/><F78/><W55/><G126/><T123/><D5/><U31/><E31/><V20/><F20/><BYE who="2" /><UN n2="%E4%BF%BA%54%55%45%45%45%45%45" /><W87/><G32/><T86/><D22/><U97/><AGARI ba="0,1" hai="11,13,18,44,45,47,49,51,56,62,67,92,97,100" machi="97" ten="30,4000,0" yaku="1,1,0,1,8,1,53,0" doraHai="33" doraHaiUra="106" who="1" fromWho="1" sc="214,-10,86,50,330,-10,360,-20" /><INIT seed="4,0,0,0,0,41" ten="204,136,320,340" oya="0" hai0="128,83,121,89,43,48,15,106,51,71,101,38,12" hai1="124,36,134,10,104,37,52,45,16,126,92,131,68" hai2="86,115,118,1,57,69,11,35,53,80,110,90,79" hai3="103,32,93,123,84,108,34,81,47,107,19,99,7"/><T112/><D121/><U94/><E104/><V31/><F110/><W129/><G108/><T76/><D112/><U75/><E68/><V3/><F69/><W132/><G123/><T102/><D128/><U49/><E75/><V55/><F115/><W33/><G129/><T14/><D71/><U117/><E131/><V62/><F118/><W119/><G119/><T25/><D25/><U22/><E117/><V116/><F116/><W74/><G7/><T24/><D24/><N who="1" m="14407" /><E10/><V82/><F35/><W59/><G59/><T46/><D89/><U58/><E134/><V72/><F31/><W54/><G19/><T77/><D77/><U127/><E58/><V27/><F27/><W63/><G63/><T98/><REACH who="0" step="1"/><D101/><REACH who="0" ten="194,136,320,340" step="2"/><U135/><E135/><V91/><F91/><N who="3" m="53479" /><G132/><T18/><D18/><U5/><E5/><V40/><F90/><W105/><G34/><T42/><D42/><U100/><E100/><V2/><F40/><W130/><G130/><T39/><D39/><AGARI ba="0,1" hai="36,37,39,45,49,52,92,94,124,126,127" m="14407" machi="39" ten="40,8000,1" yaku="18,1,52,1,54,2" doraHai="41" who="1" fromWho="0" sc="194,-80,136,90,320,0,340,0" /><INIT seed="5,0,0,1,3,17" ten="114,226,320,340" oya="1" hai0="39,15,131,59,35,26,64,44,75,5,28,101,68" hai1="19,132,106,67,124,3,60,127,103,112,128,129,78" hai2="41,104,58,46,107,34,66,118,18,62,85,109,65" hai3="126,90,7,96,119,53,27,84,1,51,73,54,4"/><U52/><E3/><V25/><F109/><W0/><G73/><T115/><D68/><U22/><E78/><V70/><F118/><W108/><G108/><T20/><D75/><U32/><E32/><V24/><F85/><W113/><G119/><T56/><D115/><U93/><E106/><V43/><F43/><W71/><G71/><T13/><D131/><N who="1" m="50251" /><E112/><V21/><F65/><W111/><G96/><T29/><D101/><U61/><E103/><V63/><F63/><W120/><G120/><T33/><D64/><U40/><E40/><V6/><F6/><W36/><G4/><T123/><D123/><U57/><E93/><V105/><F70/><W76/><G76/><T92/><D92/><U116/><E116/><V11/><F11/><W102/><G102/><T121/><D121/><U81/><E81/><V74/><F74/><W31/><G1/><T110/><D110/><U125/><E132/><V9/><F9/><W16/><G0/><T23/><D5/><U8/><E8/><V49/><REACH who="2" step="1"/><F34/><REACH who="2" ten="114,226,310,340" step="2"/><N who="3" m="20863" /><G7/><T47/><REACH who="0" step="1"/><D26/><AGARI ba="0,1" hai="18,21,24,25,26,41,46,49,58,62,66,104,105,107" machi="26" ten="40,2600,0" yaku="1,1,52,1,53,0" doraHai="17" doraHaiUra="77" who="2" fromWho="0" sc="114,-26,226,0,310,36,340,0" /><INIT seed="6,0,0,2,5,107" ten="88,226,346,340" oya="2" hai0="128,5,84,1,116,100,41,93,24,44,59,79,38" hai1="58,134,39,13,91,53,118,99,20,65,46,83,119" hai2="42,82,114,121,55,3,77,8,102,66,86,4,115" hai3="30,14,74,61,125,31,126,132,22,123,98,29,63"/><V52/><F121/><W19/><G123/><T127/><D128/><U68/><E134/><V54/><F102/><W70/><G132/><T124/><D116/><U69/><E69/><V11/><F66/><W75/><G98/><T23/><D100/><U108/><E108/><V28/><F28/><W76/><G76/><T80/><D93/><U96/><E68/><V111/><F111/><W40/><G40/><T57/><D127/><N who="3" m="48649" /><G70/><T43/><D43/><U50/><E39/><V109/><F109/><W135/><G135/><T122/><D122/><U89/><E119/><V9/><REACH who="2" step="1"/><F42/><REACH who="2" ten="88,226,336,340" step="2"/><W92/><G92/><T106/><D124/><U120/><E65/><V85/><F85/><W87/><G87/><T33/><D106/><U37/><E120/><V10/><AGARI ba="0,1" hai="3,4,8,9,10,11,52,54,55,77,82,86,114,115" machi="10" ten="40,12000,1" yaku="1,1,0,1,54,1,53,1" doraHai="107" doraHaiUra="78" who="2" fromWho="2" sc="88,-40,226,-40,336,130,340,-40" /><INIT seed="6,1,0,0,4,99" ten="48,186,466,300" oya="2" hai0="84,69,28,72,16,101,3,7,90,94,80,82,124" hai1="58,35,53,60,18,77,107,104,27,135,15,86,33" hai2="125,12,95,67,118,56,98,68,48,128,83,113,45" hai3="24,29,116,54,37,25,47,22,59,63,57,70,79"/><V41/><F118/><W13/><G116/><T49/><D69/><U75/><E75/><V115/><F128/><W119/><G119/><T43/><D28/><U114/><E114/><V131/><F131/><W110/><G110/><T20/><D124/><U44/><E135/><V130/><F130/><W19/><G70/><T85/><D72/><U42/><E77/><V51/><F125/><W62/><G79/><T65/><D65/><U112/><E112/><N who="2" m="43083" /><F83/><W96/><G37/><T10/><D43/><U123/><E86/><V127/><F127/><W132/><G47/><T2/><D2/><U26/><E123/><V133/><F133/><W39/><G39/><T40/><D40/><U73/><E73/><V102/><F12/><W129/><G129/><T122/><D49/><U34/><E107/><V46/><F68/><W100/><G29/><T9/><D122/><U0/><E104/><V105/><F105/><W126/><G126/><T78/><D10/><U111/><E0/><V97/><F98/><W6/><G6/><T120/><D120/><U87/><E87/><V106/><F106/><W17/><G17/><T1/><D1/><U71/><E71/><V23/><F23/><W61/><G132/><T76/><D82/><U36/><E111/><V30/><F30/><W11/><G22/><T38/><D78/><U66/><E27/><N who="3" m="10314" /><G54/><T92/><D38/><U103/><E26/><V74/><F74/><W109/><G109/><T5/><D5/><U8/><E53/><N who="2" m="31783" /><F45/><W134/><G134/><T55/><D3/><U52/><E52/><V89/><F67/><W64/><G64/><RYUUKYOKU ba="1,0" sc="48,-30,186,10,466,10,300,10" hai1="8,15,18,33,34,35,36,42,44,58,60,66,103" hai2="41,46,51,89,95,97,102" hai3="11,13,19,57,59,61,62,63,96,100" /><INIT seed="6,2,0,4,4,5" ten="18,196,476,310" oya="2" hai0="107,97,26,94,134,109,34,57,102,53,41,90,121" hai1="79,54,87,122,33,3,133,95,114,13,16,18,125" hai2="12,11,20,35,101,99,58,2,6,19,77,106,7" hai3="104,48,128,37,52,15,123,96,70,115,14,103,30"/><V27/><F77/><W25/><G123/><T78/><D121/><U130/><E3/><V50/><F6/><W23/><G37/><T86/><D109/><U118/><E122/><V72/><F72/><W129/><G70/><T40/><D134/><U45/><E118/><V63/><F50/><W120/><G120/><T135/><D135/><U0/><E0/><V4/><F4/><W28/><G28/><T47/><D47/><U124/><E133/><V76/><F76/><W66/><G66/><T117/><D117/><U68/><E68/><V17/><F35/><W42/><G42/><T131/><D131/><N who="3" m="50249" /><G115/><T80/><D26/><U59/><E33/><V119/><F119/><W113/><G113/><T108/><D34/><U111/><E114/><V81/><F81/><W69/><G69/><T62/><REACH who="0" step="1"/><D108/><REACH who="0" ten="8,196,476,310" step="2"/><U55/><E111/><V75/><F27/><W105/><G104/><T100/><D100/><U49/><E130/><V61/><F101/><W51/><G105/><T132/><D132/><U9/><E125/><V83/><F106/><W91/><G103/><T21/><D21/><U46/><E45/><V60/><F20/><W56/><G23/><T43/><D43/><U127/><E127/><V93/><F2/><W82/><G25/><T74/><AGARI ba="2,1" hai="40,41,53,57,62,74,78,80,86,90,94,97,102,107" machi="74" ten="20,12000,2" yaku="1,1,0,1,7,1,24,2,53,1" doraHai="5" doraHaiUra="98" who="0" fromWho="0" sc="8,136,196,-32,476,-62,310,-32" /><INIT seed="7,0,0,5,3,107" ten="144,164,414,278" oya="3" hai0="133,84,122,61,69,16,117,59,86,70,108,42,102" hai1="1,60,55,41,80,105,33,68,44,87,110,119,19" hai2="29,99,94,125,90,4,34,128,37,30,111,53,39" hai3="96,113,47,6,35,109,36,124,112,71,65,134,50"/><W15/><G35/><T9/><D117/><U98/><E110/><V22/><F111/><W20/><G96/><T76/><D108/><U73/><E1/><V40/><F34/><W85/><G85/><T101/><D122/><U118/><E73/><V57/><F4/><W121/><G20/><T92/><D133/><U106/><E33/><V21/><F39/><W120/><G15/><T72/><D42/><U49/><E19/><V43/><F128/><W48/><G6/><T14/><D72/><U17/><E17/><V79/><F79/><W51/><G109/><T88/><D69/><U83/><E83/><V114/><F125/><W5/><G5/><T13/><D70/><U2/><E2/><V130/><F130/><W82/><G82/><N who="0" m="47175" /><D13/><U10/><E10/><V18/><F114/><N who="3" m="44139" /><G124/><T132/><D132/><U52/><E105/><V8/><F8/><W95/><G95/><T58/><D58/><U77/><E68/><V62/><F21/><W56/><G134/><T25/><D25/><U104/><E104/><V97/><F97/><W11/><G11/><T28/><D28/><N who="2" m="10858" /><F37/><W127/><G127/><T116/><D116/><N who="1" m="44587" /><E60/><V78/><F78/><W24/><G71/><T74/><D74/><U64/><E64/><AGARI ba="0,0" hai="9,14,16,59,61,64,86,88,92,101,102" m="47175" machi="64" ten="30,3900,0" yaku="8,1,54,2" doraHai="107" who="0" fromWho="1" sc="144,39,164,-39,414,0,278,0" owari="183,-22.0,125,-37.0,414,51.0,278,8.0" /></mjloggm>