<mjloggm ver="2.3"><GO type="169" lobby="0"/><UN n0="%6F%75%74%E7%A5%AD%E3%82%8A" n1="%E5%85%B6%E7%82%BA%E5%8F%B3%E6%89%8B" n2="%4A%57%49%4C%4C" n3="%E7%A2%A7%E4%B9%83" dan="17,16,16,16" rate="2211.99,2168.69,2120.41,2153.51" sx="M,M,M,F"/><TAIKYOKU oya="0"/><INIT seed="0,0,0,1,5,89" ten="250,250,250,250" oya="0" hai0="97,117,101,65,13,98,21,7,72,51,48,22,69" hai1="74,133,100,29,43,93,82,83,64,44,110,27,85" hai2="3,9,31,30,84,60,78,37,26,14,20,135,71" hai3="123,52,34,106,81,91,68,76,45,108,99,46,40"/><T67/><D72/><U113/><E110/><V87/><F37/><W134/><G108/><T33/><D33/><U16/><E133/><V53/><F135/><W47/><G134/><T80/><D80/><U25/><E113/><V66/><F3/><W42/><G34/><T23/><D117/><U17/><E64/><N who="0" m="24649" /><D69/><U6/><E6/><V1/><F1/><W19/><G68/><T119/><D119/><U121/><E121/><V50/><F31/><W36/><G123/><T41/><D41/><U24/><E29/><V111/><F78/><W86/><G106/><T95/><D98/><N who="1" m="59471" /><E74/><V75/><F75/><W63/><G36/><T61/><D61/><U54/><E43/><N who="3" m="16426" /><G19/><N who="1" m="7242" /><E85/><V94/><F111/><W4/><G4/><T129/><D129/><U59/><E44/><V127/><F127/><W8/><G8/><AGARI ba="0,0" hai="7,8,13,21,22,23,48,51,95,97,101" m="24649" machi="8" ten="30,2900,0" yaku="8,1,52,1" doraHai="89" who="0" fromWho="3" sc="250,29,250,0,250,0,250,-29" /><INIT seed="0,1,0,4,0,71" ten="279,250,250,221" oya="0" hai0="40,129,10,53,14,105,118,21,0,58,126,6,23" hai1="89,112,100,109,107,122,51,128,130,13,80,36,56" hai2="52,125,98,76,26,82,32,119,95,133,59,20,19" hai3="64,39,2,33,47,73,63,113,50,30,60,31,93"/><T66/><D118/><U45/><E122/><V77/><F119/><W86/><G73/><T67/><D105/><U42/><E109/><V48/><F133/><W123/><G113/><T68/><D68/><U104/><E112/><V3/><F3/><W5/><G39/><T79/><D126/><U18/><E80/><V99/><F125/><W106/><G106/><T91/><D79/><U35/><E35/><V57/><F32/><W29/><G63/><T131/><D40/><U49/><E89/><V54/><F82/><W132/><G132/><T38/><D38/><U43/><E100/><V69/><F69/><W24/><G5/><T15/><D91/><U25/><E25/><V22/><F22/><W11/><G11/><T114/><D114/><U87/><E87/><V90/><F98/><W61/><G61/><AGARI ba="1,0" hai="19,20,26,48,52,54,57,59,61,76,77,90,95,99" machi="61" ten="30,8000,1" yaku="7,1,25,2,8,1,54,1" doraHai="71" who="2" fromWho="3" sc="279,0,250,0,250,83,221,-83" /><INIT seed="1,0,0,4,5,7" ten="279,250,333,138" oya="1" hai0="46,19,107,116,44,57,98,37,25,35,118,30,101" hai1="52,95,63,66,125,21,8,99,132,39,84,41,61" hai2="14,11,124,78,15,68,110,129,82,135,121,32,45" hai3="38,94,47,80,96,79,6,115,49,59,60,40,103"/><U81/><E125/><V87/><F121/><W120/><G115/><T42/><D57/><U104/><E132/><V3/><F124/><W127/><G127/><T33/><D19/><U134/><E134/><V56/><F135/><W97/><G120/><T76/><D35/><U65/><E104/><V36/><F68/><W113/><G113/><T71/><D76/><U109/><E109/><V31/><F110/><W92/><G38/><T23/><D23/><U88/><E39/><V93/><F129/><W34/><G34/><T77/><D46/><U117/><E117/><V9/><F3/><W119/><G119/><T20/><D20/><U114/><E114/><V100/><F32/><W130/><G130/><T83/><REACH who="0" step="1"/><D71/><REACH who="0" ten="269,250,333,138" step="2"/><U91/><E21/><V13/><F31/><W10/><G59/><T75/><AGARI ba="0,1" hai="25,30,33,37,42,44,75,77,83,98,101,107,116,118" machi="75" ten="20,12000,2" yaku="1,1,2,1,0,1,7,1,23,2,53,1" doraHai="7" doraHaiUra="72" who="0" fromWho="0" sc="269,130,250,-60,333,-30,138,-30" /><INIT seed="2,0,0,5,5,120" ten="399,190,303,108" oya="2" hai0="133,101,15,55,69,92,13,46,42,100,49,77,81" hai1="70,33,52,89,40,79,114,44,98,1,34,61,113" hai2="71,2,122,63,47,97,21,45,111,134,10,39,106" hai3="72,87,9,68,107,23,135,83,17,90,117,37,75"/><V16/><F122/><W130/><G117/><T22/><D69/><U88/><E1/><V53/><F134/><W102/><G68/><T105/><D105/><U112/><E79/><V80/><F80/><W31/><G37/><T76/><D133/><U131/><E131/><V43/><F111/><W48/><G135/><T96/><D101/><U123/><E123/><V119/><F119/><W128/><G31/><T50/><D22/><U118/><E118/><V94/><F106/><W99/><G48/><T103/><D103/><U66/><E52/><V74/><F74/><W132/><G9/><T41/><D77/><U104/><E89/><V4/><F71/><W12/><REACH who="3" step="1"/><G132/><REACH who="3" ten="399,190,303,98" step="2"/><T86/><D42/><U20/><E20/><V124/><F39/><W65/><G65/><T51/><D51/><U126/><E126/><V57/><F124/><W95/><G95/><T6/><D50/><U67/><E67/><V14/><REACH who="2" step="1"/><F43/><REACH who="2" ten="399,190,293,98" step="2"/><W7/><G7/><T110/><D6/><U127/><E127/><V108/><F108/><W18/><G18/><T58/><D110/><U64/><E104/><V54/><F54/><W11/><G11/><T62/><AGARI ba="0,2" hai="13,15,41,46,49,55,58,62,76,81,86,92,96,100" machi="62" ten="20,2700,0" yaku="0,1,7,1,8,1" doraHai="120" who="0" fromWho="0" sc="399,47,190,-7,293,-13,98,-7" /><INIT seed="3,0,0,0,2,10" ten="446,183,280,91" oya="3" hai0="134,113,84,59,52,88,41,42,8,109,50,20,111" hai1="48,102,112,44,35,40,121,130,120,33,60,11,77" hai2="86,46,117,57,56,49,93,25,53,66,32,14,132" hai3="24,123,39,34,96,65,61,80,128,37,83,94,133"/><W90/><G123/><T23/><D134/><U55/><E102/><V69/><F117/><W75/><G133/><T31/><D113/><U1/><E112/><V78/><F132/><W103/><G128/><T21/><D8/><U135/><E135/><V47/><F69/><W98/><G83/><N who="0" m="49183" /><D31/><U95/><E130/><V125/><F125/><W79/><G34/><T70/><D70/><U71/><E77/><V99/><F25/><W16/><G96/><T73/><D73/><U89/><E35/><V115/><F32/><W76/><G76/><T101/><D101/><U17/><E33/><V68/><F68/><W22/><REACH who="3" step="1"/><G103/><REACH who="3" ten="446,183,280,81" step="2"/><T100/><D100/><U105/><E120/><V85/><F115/><W28/><G28/><T7/><D111/><U107/><E121/><V104/><F78/><W9/><G9/><T36/><D109/><U29/><E29/><V87/><F99/><W126/><G126/><T18/><D23/><U110/><E110/><V6/><F93/><W74/><G74/><T118/><D21/><U72/><E72/><V19/><F86/><W43/><G43/><T0/><D42/><U2/><E40/><V127/><F87/><W82/><G82/><T58/><D41/><U67/><E105/><V114/><F85/><W38/><G38/><T15/><D36/><U124/><E107/><V30/><F104/><W97/><G97/><T81/><D118/><U116/><E116/><V45/><F127/><W3/><G3/><N who="1" m="1034" /><E124/><V26/><F114/><W62/><G62/><T27/><D0/><U91/><E95/><V119/><F119/><W63/><G63/><RYUUKYOKU ba="0,1" sc="446,-15,183,15,280,-15,81,15" hai1="11,17,44,48,55,60,67,71,89,91" hai3="16,22,24,37,39,61,65,75,79,80,90,94,98" /><INIT seed="3,1,1,5,2,119" ten="431,198,265,96" oya="3" hai0="38,126,7,65,37,124,85,96,106,1,43,79,20" hai1="127,93,16,9,8,30,92,47,128,6,2,15,27" hai2="19,56,95,36,14,48,26,49,46,76,130,18,13" hai3="64,5,29,84,86,72,40,51,44,125,71,68,82"/><W100/><G125/><N who="0" m="48235" /><D43/><U88/><E127/><V104/><F104/><W50/><G29/><T81/><D65/><U83/><E128/><V133/><F130/><W134/><G100/><N who="0" m="62727" /><D20/><U102/><E47/><V33/><F133/><W111/><G134/><T60/><D60/><U78/><E102/><V41/><F76/><W109/><G5/><T3/><D7/><U69/><E69/><V53/><F33/><W35/><G35/><T73/><D85/><N who="3" m="32873" /><G64/><T55/><D55/><U21/><REACH who="1" step="1"/><E88/><REACH who="1" ten="431,188,265,96" step="2"/><V112/><F112/><W24/><G68/><T117/><D117/><U57/><E57/><V39/><F95/><W11/><G71/><T0/><AGARI ba="1,2" hai="0,1,3,37,38,73,79,81" m="62727,48235" machi="0" ten="40,2700,0" yaku="18,1,23,1" doraHai="119" who="0" fromWho="0" sc="431,50,188,-8,265,-8,96,-14" /><INIT seed="4,0,0,4,3,36" ten="481,180,257,82" oya="0" hai0="31,37,69,65,99,1,82,119,14,116,88,70,6" hai1="96,58,60,79,50,5,76,131,130,29,0,92,89" hai2="78,35,124,113,118,44,71,67,40,135,27,105,53" hai3="56,133,8,32,120,134,127,41,39,81,9,54,109"/><T84/><D1/><U12/><E0/><V63/><F113/><W59/><G32/><T132/><D31/><U38/><E38/><N who="2" m="21527" /><F78/><W68/><G68/><T107/><D37/><U48/><E29/><N who="2" m="19903" /><F53/><W110/><G81/><T90/><D14/><U115/><E115/><V22/><F22/><W95/><G95/><T128/><D107/><U61/><E61/><V45/><F45/><N who="3" m="23743" /><G8/><T24/><D6/><U19/><E5/><V46/><F46/><W129/><G9/><T34/><D34/><U21/><E79/><V91/><F91/><W30/><G30/><T98/><D84/><U17/><E76/><V123/><F123/><W25/><G25/><T100/><D24/><U10/><E130/><V101/><F135/><N who="3" m="51723" /><G129/><T106/><D128/><U47/><E131/><V33/><F33/><W2/><G2/><T83/><D132/><U86/><E47/><V57/><F57/><N who="3" m="22091" /><G120/><T51/><D70/><U7/><E86/><V87/><F87/><W104/><G104/><T23/><D106/><U13/><REACH who="1" step="1"/><E19/><REACH who="1" ten="481,170,257,82" step="2"/><V77/><F77/><W114/><G114/><T16/><D16/><U122/><E122/><V74/><F74/><W85/><G85/><T121/><D121/><U11/><E11/><V108/><F63/><W111/><G127/><T103/><D83/><U73/><E73/><V102/><F124/><W126/><G126/><T75/><D82/><U26/><E26/><V20/><F71/><W18/><G18/><T52/><D69/><U112/><E112/><V117/><F67/><AGARI ba="0,1" hai="7,10,12,13,17,21,48,50,58,60,67,89,92,96" machi="67" ten="30,7700,0" yaku="1,1,7,1,8,1,53,1" doraHai="36" doraHaiUra="15" who="1" fromWho="2" sc="481,0,170,87,257,-77,82,0" /><INIT seed="5,0,0,2,4,65" ten="481,257,180,82" oya="1" hai0="97,58,119,134,101,46,18,71,35,15,111,99,54" hai1="50,128,3,72,124,82,55,74,24,67,94,33,114" hai2="100,44,16,79,76,20,26,84,42,60,123,106,91" hai3="126,70,103,107,34,7,75,12,17,109,11,129,19"/><U90/><E3/><V23/><F123/><W53/><G109/><T133/><D71/><U102/><E114/><V118/><F118/><W49/><G75/><T28/><D46/><U62/><E128/><V4/><F4/><W10/><G34/><T69/><D69/><U41/><E124/><V105/><F60/><W59/><G129/><T9/><D111/><U1/><E1/><V63/><F63/><W36/><G36/><T87/><D87/><U29/><E41/><V80/><F23/><W43/><G43/><T6/><D18/><U66/><E102/><V112/><F112/><W48/><G126/><T77/><D101/><U92/><E92/><V83/><F100/><W5/><G49/><T31/><D35/><U130/><E130/><V0/><F0/><W21/><G21/><T98/><D9/><U22/><E33/><V95/><F80/><W120/><G120/><T89/><D6/><U96/><E82/><V68/><F68/><W116/><G116/><T30/><D119/><U78/><E78/><V14/><F14/><W64/><G103/><T81/><D15/><U39/><E39/><V122/><F122/><W27/><G27/><T2/><D89/><U73/><REACH who="1" step="1"/><E62/><REACH who="1" ten="481,247,180,82" step="2"/><V37/><REACH who="2" step="1"/><F79/><REACH who="2" ten="481,247,170,82" step="2"/><W93/><G107/><T115/><D2/><U56/><AGARI ba="0,2" hai="22,24,29,50,55,56,66,67,72,73,74,90,94,96" machi="56" ten="30,11700,0" yaku="1,1,2,1,0,1,53,1" doraHai="65" doraHaiUra="52" who="1" fromWho="1" sc="481,-39,247,137,170,-39,82,-39" /><INIT seed="5,1,0,4,5,127" ten="442,384,131,43" oya="1" hai0="128,71,74,109,114,47,46,77,115,8,69,36,33" hai1="66,34,22,96,38,60,92,35,41,4,87,18,79" hai2="104,100,13,119,78,31,6,29,102,108,129,52,88" hai3="89,105,68,98,54,30,44,110,7,75,20,51,45"/><U111/><E4/><V15/><F108/><W132/><G110/><T113/><D109/><U101/><E111/><V5/><F78/><W80/><G68/><N who="0" m="26187" /><D128/><U134/><E134/><V65/><F65/><W19/><G132/><T123/><D33/><U131/><E131/><V11/><F104/><W86/><G75/><T70/><D8/><U14/><E41/><V117/><F11/><W53/><G7/><T26/><D26/><U39/><E35/><V62/><F62/><W85/><G30/><T97/><D97/><U56/><REACH who="1" step="1"/><E34/><REACH who="1" ten="442,374,131,43" step="2"/><V27/><F129/><W99/><G105/><T121/><D121/><U103/><E103/><V120/><F120/><W130/><G130/><T118/><D123/><U122/><E122/><V83/><F5/><W21/><G99/><T3/><D3/><U73/><E73/><V135/><F6/><W37/><G98/><T63/><D118/><U58/><E58/><V116/><F135/><W25/><G37/><T64/><D36/><U9/><E9/><V48/><F102/><W61/><G85/><T28/><D74/><U133/><E133/><V32/><F100/><W16/><G20/><T23/><D23/><U50/><E50/><V59/><REACH who="2" step="1"/><F31/><REACH who="2" ten="442,374,121,43" step="2"/><N who="3" m="17839" /><G61/><T1/><D28/><U82/><AGARI ba="1,2" hai="14,18,22,38,39,56,60,66,79,82,87,92,96,101" machi="82" ten="30,3000,0" yaku="1,1,0,1,53,0" doraHai="127" doraHaiUra="124" who="1" fromWho="1" sc="442,-11,374,53,121,-11,43,-11" /><INIT seed="5,2,0,5,5,22" ten="431,427,110,32" oya="1" hai0="124,10,92,59,6,25,38,105,33,118,62,28,129" hai1="31,123,71,121,12,37,114,89,82,26,27,29,69" hai2="98,50,48,65,79,127,32,85,100,64,130,63,55" hai3="107,60,57,88,58,95,72,77,80,61,30,18,119"/><U94/><E37/><V102/><F130/><W109/><G109/><T11/><D105/><U23/><E114/><V44/><F127/><W40/><G107/><T75/><D75/><U1/><E1/><V101/><F32/><W52/><G119/><T104/><D104/><U68/><E82/><V110/><F110/><W39/><G39/><T134/><D92/><U24/><E12/><V16/><F98/><W93/><G40/><T47/><D11/><U41/><E41/><V3/><F3/><W87/><G30/><T42/><D134/><U4/><E4/><V45/><F63/><W83/><REACH who="3" step="1"/><G18/><REACH who="3" ten="431,427,110,22" step="2"/><T115/><D118/><U15/><E15/><V43/><F16/><W49/><G49/><T135/><D28/><U67/><E67/><AGARI ba="2,1" hai="52,57,58,60,61,67,72,77,80,83,87,88,93,95" machi="67" ten="30,12000,2" yaku="1,1,7,1,54,2,53,2" doraHai="22" doraHaiUra="53" who="3" fromWho="1" sc="431,0,427,-126,110,0,22,136" /><INIT seed="6,0,0,4,4,44" ten="431,301,110,158" oya="2" hai0="7,11,48,115,42,21,126,52,27,107,2,15,129" hai1="130,63,118,75,101,81,26,12,73,18,120,92,89" hai2="121,46,83,106,41,22,23,35,47,33,100,127,37" hai3="40,5,66,79,72,60,133,98,111,131,64,6,108"/><V80/><F121/><W61/><G72/><T105/><D115/><U67/><E120/><V91/><F127/><W50/><G79/><T69/><D69/><U87/><E118/><V58/><F58/><N who="3" m="36887" /><G98/><T125/><D42/><U45/><E130/><V119/><F119/><W8/><G8/><T25/><D2/><U116/><E116/><V31/><F100/><W134/><G5/><T94/><D94/><U34/><E45/><V65/><F65/><W68/><G6/><T93/><D93/><U29/><E101/><V0/><F0/><W13/><G13/><T84/><D84/><U38/><E38/><V39/><F31/><W109/><G131/><T114/><D129/><U32/><E32/><V24/><F24/><W95/><G95/><T17/><D27/><U135/><E92/><V88/><REACH who="2" step="1"/><F41/><REACH who="2" ten="431,301,100,158" step="2"/><W99/><G99/><T122/><D122/><U53/><E26/><V76/><F76/><W74/><G74/><T112/><D107/><AGARI ba="0,1" hai="22,23,33,35,37,39,46,47,80,83,88,91,106,107" machi="107" ten="25,9600,0" yaku="1,1,22,2,54,1,53,0" doraHai="44" doraHaiUra="110" who="2" fromWho="0" sc="431,-96,301,0,100,106,158,0" /><INIT seed="6,1,0,3,2,118" ten="335,301,206,158" oya="2" hai0="100,17,28,47,95,103,61,132,74,123,39,83,102" hai1="93,115,18,107,0,16,79,133,19,4,43,129,49" hai2="50,42,99,40,108,128,1,98,111,88,38,54,109" hai3="30,101,48,82,119,36,92,97,21,23,59,89,127"/><V104/><F1/><W85/><G36/><T34/><D123/><U81/><E107/><V71/><F71/><W86/><G119/><T63/><D95/><U46/><E115/><V14/><F38/><W45/><G127/><T72/><D17/><U57/><E129/><V131/><F14/><W24/><G59/><T55/><D28/><U26/><E133/><V5/><F5/><W9/><G9/><T122/><D34/><U15/><E0/><V56/><F104/><W69/><G69/><T126/><D122/><U116/><E116/><V8/><F8/><W3/><G3/><T53/><D132/><U73/><E4/><V113/><F99/><W67/><G67/><T27/><D27/><U121/><E121/><V68/><F68/><W94/><G21/><T135/><D83/><U35/><E93/><N who="2" m="56615" /><F113/><W112/><G112/><T106/><D126/><U105/><E105/><V110/><N who="2" m="27648" /><DORA hai="2" /><V58/><F58/><W91/><G48/><T7/><D106/><U25/><E57/><V44/><F44/><AGARI ba="1,0" hai="23,24,30,44,45,82,85,86,89,91,92,94,97,101" machi="44" ten="40,1300,0" yaku="8,1" doraHai="118,2" who="3" fromWho="2" sc="335,0,301,0,206,-16,158,16" /><INIT seed="7,0,0,1,3,54" ten="335,301,190,174" oya="3" hai0="70,9,98,31,10,128,94,23,68,12,37,6,109" hai1="104,47,85,135,17,65,20,26,8,48,45,66,2" hai2="108,11,7,79,24,64,91,76,22,29,134,3,39" hai3="34,51,90,92,56,43,123,106,95,126,81,28,41"/><W55/><G123/><T124/><D109/><U127/><E104/><V83/><F108/><W44/><G106/><T75/><D75/><U101/><E135/><V102/><F134/><W84/><G126/><T25/><D37/><U46/><E127/><V14/><F39/><W77/><G34/><T93/><D128/><U61/><E101/><V86/><F102/><W129/><G129/><T42/><D42/><U33/><E33/><V112/><F112/><W67/><G28/><T120/><D120/><U15/><E2/><V99/><F99/><W40/><REACH who="3" step="1"/><G77/><REACH who="3" ten="335,301,190,164" step="2"/><T38/><D124/><U121/><E121/><V107/><F107/><W78/><G78/><T73/><D31/><U69/><E85/><V71/><F79/><W58/><G58/><T115/><D73/><U133/><E133/><V49/><F76/><W32/><G32/><T63/><D70/><U19/><E66/><V36/><F71/><W132/><G132/><T111/><D68/><U97/><E97/><V118/><F64/><W103/><G103/><T59/><D98/><U72/><E72/><V80/><F29/><W119/><G119/><T27/><D111/><U74/><E74/><V105/><F118/><W114/><G114/><T89/><D115/><U100/><E100/><V18/><F105/><W130/><G130/><T0/><D89/><U50/><AGARI ba="0,1" hai="8,15,17,19,20,26,45,46,47,48,50,61,65,69" machi="50" ten="30,1100,0" yaku="0,1" doraHai="54" who="1" fromWho="1" sc="335,-3,301,21,190,-3,164,-5" owari="332,43.0,322,12.0,187,-21.0,159,-34.0" /></mjloggm>