<mjloggm ver="2.3"><GO type="169" lobby="0"/><UN n0="%61%6E%6C%75%6E" n1="%E6%B1%9F%E6%88%B8%E7%93%A6%E3%82%B3%E3%83%8A%E3%83%B3%CE%A7" n2="%E7%AB%8B%E7%9B%B4%E5%BE%8C%E5%8D%B3%E6%94%BE%E9%8A%83" n3="%E3%83%9E%E3%83%8A%E3%83%96%E9%9B%B6" dan="16,16,16,16" rate="2112.49,2064.75,2090.30,2136.52" sx="M,F,F,M"/><TAIKYOKU oya="0"/><INIT seed="0,0,0,2,3,41" ten="250,250,250,250" oya="0" hai0="87,115,46,101,18,124,53,1,81,130,105,79,129" hai1="45,56,111,94,70,128,118,69,112,23,96,66,100" hai2="92,71,29,17,132,117,28,98,97,14,62,30,20" hai3="21,19,34,102,123,9,36,82,49,65,107,122,131"/><T93/><D1/><U90/><E118/><V52/><F132/><W51/><G34/><T106/><D18/><U43/><E111/><V48/><F117/><W39/><G65/><T133/><D115/><U116/><E116/><V72/><F72/><W119/><G119/><T86/><D133/><U35/><E35/><V73/><F73/><W76/><G9/><T60/><D60/><U25/><E90/><V95/><F71/><W135/><G135/><T24/><D24/><U80/><E80/><V37/><F37/><W114/><G114/><T50/><D124/><U77/><E77/><V99/><REACH who="2" step="1"/><F62/><REACH who="2" ten="250,250,240,250" step="2"/><W127/><G39/><T26/><D129/><U32/><E128/><V47/><AGARI ba="0,1" hai="14,17,20,28,29,30,47,48,52,92,95,97,98,99" machi="47" ten="30,12000,2" yaku="1,1,2,1,0,1,8,1,52,1,54,1,53,0" doraHai="41" doraHaiUra="108" who="2" fromWho="2" sc="250,-60,250,-30,240,130,250,-30" /><INIT seed="1,0,0,2,1,60" ten="190,220,370,220" oya="1" hai0="55,7,39,28,11,88,78,105,62,33,114,67,23" hai1="99,92,127,125,50,65,26,79,76,120,20,133,91" hai2="54,43,49,25,113,98,35,72,102,13,118,51,46" hai3="52,10,109,122,3,69,0,9,5,6,97,126,32"/><U29/><E120/><V44/><F118/><W24/><G122/><T21/><D114/><U15/><E133/><V112/><F72/><W129/><G69/><T110/><D39/><U100/><E50/><V30/><REACH who="2" step="1"/><F13/><REACH who="2" ten="190,220,360,220" step="2"/><W38/><G129/><T70/><D110/><U37/><E15/><V83/><F83/><W94/><G109/><T42/><D78/><U66/><E37/><V107/><AGARI ba="0,1" hai="25,30,35,43,44,46,49,51,54,98,102,107,112,113" machi="107" ten="30,2000,0" yaku="1,1,0,1,53,0" doraHai="60" doraHaiUra="124" who="2" fromWho="2" sc="190,-5,220,-10,360,30,220,-5" /><INIT seed="2,0,0,2,0,26" ten="185,210,390,215" oya="2" hai0="127,129,76,1,101,40,57,21,75,20,113,74,44" hai1="23,27,132,126,30,11,66,19,128,25,53,2,90" hai2="91,62,79,88,77,130,54,81,80,116,98,108,6" hai3="117,123,82,16,39,28,43,12,56,3,105,114,24"/><V52/><F116/><W41/><G117/><T49/><D113/><U47/><E132/><V34/><F34/><W89/><G123/><T119/><D119/><U111/><E111/><V38/><F38/><W67/><G3/><T135/><D135/><U122/><E122/><V68/><F68/><W31/><G105/><T110/><D110/><U133/><E133/><V60/><F108/><W64/><G114/><T71/><D127/><U4/><E126/><V107/><F107/><W7/><G7/><T55/><D129/><U65/><E128/><V48/><F130/><W37/><G24/><T42/><D42/><N who="3" m="15881" /><G39/><T69/><D101/><U109/><E90/><N who="2" m="34347" /><F98/><W106/><G106/><T63/><D1/><U124/><E124/><V51/><F6/><W100/><G100/><T93/><D93/><U14/><E109/><V103/><F103/><W131/><G37/><T115/><D115/><U134/><E134/><V118/><F118/><W0/><G0/><T9/><D75/><U73/><E73/><V10/><F10/><N who="3" m="6167" /><G131/><T97/><D97/><U29/><E27/><V58/><F81/><W22/><G22/><T125/><D125/><U96/><E96/><V95/><F95/><W46/><G46/><T15/><D71/><U45/><E45/><N who="2" m="28015" /><F80/><W50/><G50/><T86/><D69/><U85/><E47/><V13/><F13/><W104/><G104/><T83/><REACH who="0" step="1"/><D74/><REACH who="0" ten="175,210,390,215" step="2"/><U8/><E2/><V36/><F36/><W78/><G78/><AGARI ba="0,1" hai="48,52,58,60,62,77,78,79" m="28015,34347" machi="78" ten="30,5800,0" yaku="8,1,54,2" doraHai="26" who="2" fromWho="3" sc="175,0,210,0,390,68,215,-58" /><INIT seed="2,1,0,4,1,2" ten="175,210,458,157" oya="2" hai0="4,88,125,73,102,117,101,29,78,3,59,28,94" hai1="50,46,55,25,26,47,22,17,127,123,51,97,31" hai2="103,72,67,92,57,134,20,132,64,76,106,83,56" hai3="33,86,32,90,69,104,118,39,128,66,95,18,107"/><V12/><F106/><W71/><G118/><T131/><D117/><U109/><E109/><V35/><F35/><N who="3" m="13387" /><G66/><N who="2" m="25129" /><F20/><W112/><G39/><T65/><D125/><U105/><E127/><V122/><F12/><W74/><G74/><T44/><D131/><U81/><E123/><V13/><F13/><W52/><G18/><T98/><D101/><U7/><E81/><V10/><F10/><W19/><G19/><T79/><D73/><U133/><E133/><N who="2" m="51307" /><F122/><W53/><G128/><T99/><D29/><U40/><E97/><AGARI ba="1,0" hai="56,57,72,76,83,92,97,103" m="51307,25129" machi="97" ten="30,1500,0" yaku="20,1" doraHai="2" who="2" fromWho="1" sc="175,0,210,-18,458,18,157,0" /><INIT seed="2,2,0,0,0,50" ten="175,192,476,157" oya="2" hai0="36,27,73,93,94,9,42,89,55,130,76,59,40" hai1="23,52,128,43,16,18,131,125,44,8,30,60,107" hai2="112,79,133,7,87,114,123,51,34,25,103,31,67" hai3="85,117,48,68,84,22,10,69,119,91,122,6,13"/><V99/><F123/><W24/><G122/><T26/><D130/><N who="1" m="49707" /><E107/><V118/><F133/><W82/><G85/><T102/><D36/><N who="1" m="21607" /><E8/><V100/><F103/><W98/><G98/><N who="0" m="59727" /><D73/><U72/><E125/><V21/><F118/><W62/><G62/><N who="0" m="36223" /><D76/><U97/><E97/><V115/><F67/><W61/><G61/><T37/><D37/><U127/><E72/><V113/><F34/><W14/><G14/><T41/><D9/><U64/><E64/><V88/><F79/><W38/><G38/><T47/><D47/><U134/><E127/><V12/><F112/><W35/><G35/><T135/><D135/><U4/><E4/><V96/><F7/><W75/><G75/><T20/><D20/><U105/><E105/><V80/><F21/><W65/><G65/><T46/><D46/><U17/><E134/><V2/><F2/><W57/><G119/><T11/><D11/><U116/><E116/><V106/><F106/><W77/><G117/><T109/><D109/><U63/><E63/><V129/><F113/><W29/><REACH who="3" step="1"/><G77/><REACH who="3" ten="175,192,476,147" step="2"/><T120/><D120/><U49/><E60/><V90/><F129/><W5/><G5/><T83/><D83/><U110/><E110/><V126/><F80/><W66/><G66/><T19/><D19/><U45/><E30/><V78/><F31/><W101/><G101/><T71/><D71/><U54/><E23/><V28/><F28/><W95/><G95/><T0/><D0/><U32/><E32/><V92/><F115/><W1/><G1/><T53/><D27/><U70/><E70/><V86/><F114/><W132/><G132/><RYUUKYOKU ba="2,1" sc="175,-15,192,15,476,-15,147,15" hai1="16,17,18,45,49,52,54" hai3="6,10,13,22,24,29,48,57,68,69,82,84,91" /><INIT seed="3,3,1,0,0,112" ten="160,207,461,162" oya="3" hai0="103,84,11,28,30,63,64,132,76,104,18,92,19" hai1="91,37,35,23,17,65,114,95,68,15,98,108,121" hai2="43,3,21,115,100,107,106,90,116,50,39,44,96" hai3="1,85,124,42,61,8,49,32,36,60,16,74,73"/><W70/><G32/><T128/><D128/><U97/><E121/><V72/><F116/><W117/><G36/><T113/><D113/><U0/><E114/><V102/><F115/><W125/><G117/><T62/><D132/><U38/><E108/><V129/><F129/><W7/><G85/><T78/><D104/><U127/><E127/><N who="3" m="48714" /><G70/><T20/><D103/><U135/><E135/><V89/><F3/><W12/><G42/><T82/><D78/><U118/><E118/><V66/><F72/><N who="3" m="27755" /><G49/><T5/><D92/><U109/><E109/><V13/><F50/><W59/><G59/><T51/><D51/><U99/><E35/><V45/><F45/><W34/><G34/><T122/><D122/><U131/><E131/><V33/><F33/><W4/><G4/><T52/><D63/><U101/><E0/><V9/><F44/><W2/><G7/><T81/><D81/><U46/><E46/><V79/><F43/><W86/><G86/><T57/><D64/><U77/><E77/><V24/><F39/><W123/><G123/><T53/><D53/><U111/><E111/><V71/><F79/><W55/><G55/><T29/><REACH who="0" step="1"/><D20/><REACH who="0" ten="150,207,461,162" step="2"/><U133/><E133/><V69/><F66/><W80/><G80/><T25/><D25/><U67/><E101/><V26/><F102/><W93/><G93/><T94/><D94/><U88/><E95/><V83/><F100/><W134/><G134/><T31/><N who="0" m="7680" /><DORA hai="126" /><T41/><D41/><U27/><E27/><V105/><F26/><W48/><G48/><T14/><AGARI ba="3,2" hai="5,11,14,18,19,52,57,62,76,82,84" m="7680" machi="14" ten="40,8000,1" yaku="1,1,0,1,8,1,54,1,53,1" doraHai="112,126" doraHaiUra="75,40" who="0" fromWho="0" sc="150,109,207,-23,461,-23,162,-43" /><INIT seed="4,0,0,1,3,94" ten="259,184,438,119" oya="0" hai0="93,101,76,109,73,121,129,70,83,132,85,35,56" hai1="50,38,78,112,89,131,98,80,0,126,41,65,134" hai2="31,14,7,119,124,66,36,79,49,42,25,51,88" hai3="27,12,133,39,11,9,82,3,135,37,110,74,104"/><T102/><D70/><U77/><E38/><N who="3" m="14346" /><G27/><T29/><D29/><U22/><E0/><V1/><F1/><W117/><G3/><T55/><D35/><U40/><E134/><N who="3" m="51210" /><G110/><T23/><D132/><U17/><E131/><V120/><F25/><W130/><G117/><T103/><D129/><U67/><E126/><V5/><F124/><W71/><G71/><T108/><D23/><U58/><E112/><V53/><F119/><W4/><G130/><T46/><D46/><N who="1" m="25927" /><E41/><V26/><F14/><W30/><G11/><T69/><D69/><U52/><E67/><V90/><F26/><W47/><G47/><T128/><D128/><U34/><E65/><V72/><F66/><W111/><G111/><N who="0" m="42571" /><D121/><U118/><E34/><V91/><F120/><W61/><G61/><T18/><D18/><U97/><E89/><V100/><F88/><W13/><G30/><T127/><D127/><U62/><E118/><V2/><F90/><W6/><G104/><T84/><D93/><U95/><E95/><V123/><F91/><W19/><G13/><T64/><D64/><U15/><E80/><V60/><F60/><AGARI ba="0,0" hai="55,56,60,73,76,83,84,85,101,102,103" m="42571" machi="60" ten="30,1500,0" yaku="10,1" doraHai="94" who="0" fromWho="2" sc="259,15,184,0,438,-15,119,0" /><INIT seed="4,1,0,5,0,59" ten="274,184,423,119" oya="0" hai0="37,84,94,70,111,88,77,49,107,35,48,42,99" hai1="4,126,18,62,60,112,116,93,54,22,8,104,20" hai2="65,15,92,30,80,115,11,110,122,78,106,87,52" hai3="10,31,79,29,40,130,95,72,61,124,51,43,6"/><T129/><D35/><U97/><E104/><V32/><F110/><W66/><G130/><T83/><D129/><U86/><E116/><V3/><F3/><W41/><G124/><T105/><D111/><U16/><E126/><V81/><F122/><W46/><G95/><T17/><D70/><U120/><E86/><V34/><F106/><W133/><G133/><T123/><D123/><U132/><E112/><V12/><F115/><W39/><G31/><T63/><D107/><U98/><E132/><V9/><F87/><W23/><G51/><T89/><D37/><U13/><E54/><V1/><F65/><W125/><G125/><T101/><D42/><U50/><E50/><V71/><F1/><W7/><G7/><T67/><D17/><N who="1" m="6763" /><E120/><V103/><F78/><W90/><G90/><T5/><D5/><U2/><E2/><V58/><F30/><W113/><G113/><T56/><D89/><N who="1" m="55471" /><E98/><AGARI ba="1,0" hai="48,49,56,63,67,77,83,84,88,94,98,99,101,105" machi="98" ten="30,5800,0" yaku="7,1,52,1,54,1" doraHai="59" who="0" fromWho="1" sc="274,61,184,-61,423,0,119,0" /><INIT seed="4,2,0,5,2,16" ten="335,123,423,119" oya="0" hai0="107,95,134,59,97,82,46,93,61,129,8,114,112" hai1="4,135,100,26,20,74,18,39,57,29,5,51,104" hai2="123,9,128,37,103,133,2,89,49,119,88,78,23" hai3="132,31,66,1,117,32,72,36,108,41,33,43,106"/><T105/><D46/><U96/><E39/><V58/><F123/><W14/><G66/><T101/><D8/><U120/><E74/><V79/><F37/><W35/><G14/><T7/><D7/><U34/><E135/><V68/><F68/><W92/><G92/><N who="0" m="58535" /><D134/><U90/><E120/><V130/><F133/><W19/><G19/><T77/><D59/><U48/><E90/><N who="2" m="34923" /><F58/><W54/><G54/><T111/><D61/><U87/><E87/><V44/><F103/><W12/><G12/><T71/><D71/><U47/><E57/><V11/><F119/><W94/><G31/><T60/><D60/><U127/><E127/><V56/><F23/><W24/><G24/><T109/><D129/><N who="2" m="49770" /><F56/><W40/><G36/><T102/><D102/><U63/><E63/><V118/><F118/><W124/><G117/><T27/><D27/><U13/><REACH who="1" step="1"/><E51/><REACH who="1" ten="335,113,423,119" step="2"/><V17/><F49/><W30/><G132/><T85/><D111/><U86/><E86/><V53/><F44/><W98/><G108/><T52/><D109/><U91/><E91/><V45/><F78/><W99/><G72/><T125/><D125/><U73/><E73/><V38/><F79/><W69/><G124/><T6/><D85/><U21/><E21/><V80/><F45/><W50/><G50/><T83/><D77/><U67/><E67/><V126/><F38/><W76/><G76/><T113/><D113/><U10/><E10/><V0/><F11/><W15/><G35/><T70/><D114/><U115/><E115/><V121/><F9/><W28/><G33/><T64/><D112/><U62/><E62/><RYUUKYOKU ba="2,1" sc="335,-10,113,30,423,-10,119,-10" hai1="4,5,13,18,20,26,29,34,47,48,96,100,104" /><INIT seed="5,3,1,2,0,88" ten="325,143,413,109" oya="1" hai0="0,20,113,34,97,35,38,76,48,99,78,17,28" hai1="8,10,83,75,59,72,129,107,51,62,82,42,1" hai2="127,128,22,124,80,54,77,101,89,68,29,105,23" hai3="120,70,50,64,7,19,90,33,60,63,71,94,123"/><U126/><E107/><V109/><F109/><W5/><G33/><T103/><D38/><U104/><E104/><V26/><F128/><W32/><G32/><T92/><D0/><U14/><E129/><V98/><F68/><W6/><G50/><T49/><D113/><U85/><E1/><V31/><F89/><W130/><G130/><T118/><D118/><U46/><E126/><N who="2" m="48171" /><F54/><W43/><G43/><T102/><D28/><N who="2" m="10826" /><F26/><W9/><G9/><T79/><D35/><U112/><E112/><V58/><F58/><W21/><G63/><T106/><REACH who="0" step="1"/><D34/><REACH who="0" ten="315,143,413,109" step="2"/><U11/><E72/><AGARI ba="3,2" hai="22,23,72,77,80,98,101,105" m="10826,48171" machi="72" ten="30,1000,0" yaku="18,1" doraHai="88" who="2" fromWho="1" sc="315,0,143,-19,413,39,109,0" /><INIT seed="6,0,0,0,0,23" ten="315,124,452,109" oya="2" hai0="91,22,106,9,16,28,104,66,78,101,26,132,103" hai1="93,55,10,41,43,134,49,135,121,19,73,18,115" hai2="96,123,60,77,29,48,45,75,14,42,38,58,69" hai3="27,131,3,32,92,54,13,72,25,59,40,30,83"/><V63/><F123/><W24/><G3/><T81/><D132/><N who="1" m="50731" /><E73/><V128/><F128/><W68/><G68/><T5/><D91/><U35/><E35/><V57/><F96/><W6/><G131/><T71/><D104/><U46/><E121/><V120/><F120/><W47/><G92/><T102/><D106/><U53/><E115/><V51/><F14/><W56/><G56/><N who="2" m="21609" /><F29/><W119/><G119/><T62/><D28/><U50/><E93/><V36/><F77/><W2/><G2/><T127/><D127/><U39/><E39/><N who="2" m="14891" /><F75/><W116/><G116/><T15/><REACH who="0" step="1"/><D103/><REACH who="0" ten="305,124,452,109" step="2"/><U31/><E31/><V52/><F69/><W21/><G32/><T85/><AGARI ba="0,1" hai="5,9,15,16,22,26,62,66,71,78,81,85,101,102" machi="85" ten="20,12000,2" yaku="1,1,2,1,0,1,7,1,52,1,54,1,53,0" doraHai="23" doraHaiUra="70" who="0" fromWho="0" sc="305,130,124,-30,452,-60,109,-30" /><INIT seed="7,0,0,0,5,126" ten="435,94,392,79" oya="3" hai0="128,69,97,99,19,14,98,15,110,60,70,30,13" hai1="23,5,101,109,116,120,102,32,72,54,130,16,86" hai2="80,37,64,88,100,39,4,48,6,31,8,41,61" hai3="43,29,53,7,92,111,135,3,40,35,112,103,83"/><W33/><G135/><T42/><D110/><U21/><E72/><V11/><F100/><W73/><G111/><T51/><D128/><U77/><E32/><V104/><F31/><W58/><G112/><T26/><D60/><U63/><E109/><V10/><F104/><W107/><G107/><T75/><D75/><U87/><E130/><V131/><F131/><W133/><G133/><T24/><D69/><U55/><E120/><V62/><F48/><W125/><G125/><T74/><D70/><U108/><E5/><V90/><F80/><W105/><G105/><T96/><D96/><U67/><E116/><V113/><F113/><W119/><G119/><T123/><D74/><U132/><E132/><V68/><F62/><W18/><G18/><T81/><D81/><N who="1" m="47407" /><E87/><V20/><F20/><N who="1" m="7753" /><E16/><V47/><REACH who="2" step="1"/><F39/><REACH who="2" ten="435,94,382,79" step="2"/><W38/><G29/><T94/><D30/><U127/><E108/><V0/><F0/><W28/><G38/><T52/><D123/><U79/><E127/><V66/><F66/><W91/><G103/><T44/><D94/><U129/><E129/><V36/><F36/><W117/><G117/><T71/><D19/><U134/><E134/><V122/><F122/><W59/><G28/><T95/><D95/><U84/><E101/><V85/><F85/><N who="3" m="52335" /><G35/><T22/><D22/><U2/><E102/><V49/><F49/><N who="3" m="31023" /><G33/><T25/><D71/><U1/><E2/><V46/><F46/><W124/><G124/><T65/><D65/><U27/><E1/><V118/><F118/><W12/><G3/><T56/><D99/><U82/><E27/><N who="0" m="6913" /><T76/><DORA hai="106" /><D98/><RYUUKYOKU ba="0,1" sc="435,-15,94,15,382,15,79,-15" hai1="54,55,63,67,79,82,84" hai2="4,6,8,10,11,37,41,47,61,64,68,88,90" owari="430,53.0,109,-29.0,397,20.0,64,-44.0" /></mjloggm>