<mjloggm ver="2.3"><GO type="169" lobby="0"/><UN n0="%62%6F%79%61%74%65%74%75" n1="%64%75%72%72%72%72%72" n2="%E7%94%B0%E6%89%80%E3%81%8D%E3%82%89%E3%81%84" n3="%69%6B%65%64%61%64%61" dan="16,18,17,16" rate="2111.86,2249.73,2126.27,2149.90" sx="M,M,F,M"/><TAIKYOKU oya="0"/><INIT seed="0,0,0,2,3,5" ten="250,250,250,250" oya="0" hai0="33,2,107,34,69,76,130,116,29,20,47,78,81" hai1="122,12,87,32,35,37,79,9,27,55,67,54,10" hai2="19,92,24,1,71,18,4,133,26,123,118,115,15" hai3="68,105,126,74,66,88,106,28,65,111,135,104,72"/><T25/><D116/><U14/><E37/><V43/><F71/><W8/><G28/><T84/><D130/><U7/><E122/><V134/><F123/><W86/><G111/><T58/><D69/><U30/><E67/><V49/><F115/><W120/><G120/><T108/><D108/><U93/><E35/><V6/><F43/><W11/><G135/><N who="2" m="51721" /><F49/><W132/><G132/><T127/><D127/><U91/><E79/><V50/><F50/><W31/><G31/><T131/><D131/><U23/><E32/><V16/><F92/><W57/><G68/><T94/><D107/><U62/><E62/><V112/><F112/><W97/><G97/><T80/><D94/><U121/><E121/><V53/><F53/><W90/><G126/><T75/><D47/><U70/><E70/><V99/><F99/><W124/><G124/><T82/><D82/><U77/><E77/><V17/><F118/><W128/><G128/><T56/><D56/><U41/><E41/><V52/><F52/><W64/><G57/><T36/><D36/><U117/><E117/><V119/><F119/><W101/><G101/><T102/><D102/><U103/><E103/><V22/><F1/><W38/><G38/><T100/><D100/><U63/><E63/><V96/><F96/><W125/><G125/><T40/><D40/><U21/><E21/><N who="2" m="13351" /><F15/><W59/><G59/><T3/><D58/><U129/><E129/><V48/><F48/><W83/><REACH who="3" step="1"/><G90/><REACH who="3" ten="250,250,250,240" step="2"/><T85/><D85/><U95/><E95/><V73/><F73/><AGARI ba="0,1" hai="8,11,64,65,66,72,73,74,83,86,88,104,105,106" machi="73" ten="50,8000,1" yaku="1,1,2,1,52,2,54,1,53,0" doraHai="5" doraHaiUra="89" who="3" fromWho="2" sc="250,0,250,0,250,-80,240,90" /><INIT seed="1,0,0,1,1,102" ten="250,250,170,330" oya="1" hai0="75,24,4,101,103,73,76,125,85,91,33,69,1" hai1="71,52,17,120,39,105,135,96,14,60,37,25,0" hai2="56,94,41,123,49,90,108,95,34,98,77,70,67" hai3="117,79,22,40,84,104,32,131,68,62,89,42,58"/><U115/><E115/><V66/><F108/><W129/><G32/><T18/><D69/><U110/><E120/><V82/><F123/><W44/><G68/><T3/><D125/><U78/><E0/><V121/><F121/><W9/><G117/><T97/><D103/><U20/><E135/><V10/><F34/><W48/><G79/><T64/><D64/><U46/><E71/><V83/><F70/><W114/><G114/><T87/><D1/><U100/><E110/><V113/><F113/><W12/><G22/><T119/><D119/><U86/><E25/><V27/><F27/><W61/><G42/><T128/><D128/><N who="3" m="49225" /><G58/><T130/><D130/><U43/><E39/><V6/><F94/><N who="3" m="54567" /><G104/><T28/><D76/><U81/><REACH who="1" step="1"/><E52/><REACH who="1" ten="250,240,170,330" step="2"/><N who="2" m="31759" /><F66/><W126/><G126/><T55/><D24/><U50/><E50/><V109/><F67/><W45/><G45/><T116/><D55/><U132/><E132/><V88/><F109/><W51/><G51/><T13/><D116/><U59/><E59/><V16/><F41/><W19/><AGARI ba="0,1" hai="9,12,19,40,44,48,61,62" m="54567,49225" machi="19" ten="30,1100,0" yaku="19,1" doraHai="102" who="3" fromWho="3" sc="250,-3,240,-5,170,-3,330,21" /><INIT seed="2,0,0,5,0,52" ten="247,235,167,351" oya="2" hai0="78,21,100,129,64,61,24,91,125,97,111,122,25" hai1="104,93,5,16,46,42,83,118,60,26,128,57,109" hai2="4,102,27,72,49,50,56,14,39,95,89,13,23" hai3="37,20,38,54,127,80,58,115,96,86,34,113,110"/><V32/><F39/><W120/><G34/><T130/><D122/><U90/><E104/><V48/><F72/><W76/><G120/><T87/><D125/><U119/><E109/><V79/><F32/><W124/><G20/><T31/><D78/><U3/><E128/><V0/><F102/><W55/><G55/><T99/><D111/><U114/><E114/><N who="3" m="43530" /><G96/><T19/><D100/><U92/><E5/><V65/><F79/><W94/><G94/><T112/><D112/><U105/><E3/><V88/><F0/><W75/><G75/><T121/><D121/><U84/><E105/><V116/><F116/><W82/><G82/><T126/><D126/><N who="3" m="48169" /><G110/><T117/><D117/><U2/><E2/><V15/><F4/><W40/><G40/><T132/><D99/><U9/><E119/><V62/><REACH who="2" step="1"/><F95/><REACH who="2" ten="247,235,157,351" step="2"/><W53/><G37/><T71/><D129/><U123/><E118/><V98/><F98/><W12/><G38/><T35/><D97/><U66/><E123/><V11/><F11/><W59/><G12/><T44/><D130/><U73/><E73/><V63/><F63/><W68/><G76/><T43/><D61/><U45/><E9/><V108/><F108/><W135/><G80/><T103/><D35/><U33/><E33/><V18/><AGARI ba="0,1" hai="13,14,15,18,23,27,48,49,50,56,62,65,88,89" machi="18" ten="30,24000,3" yaku="1,1,0,1,8,1,52,1,54,1,53,3" doraHai="52" doraHaiUra="8" who="2" fromWho="2" sc="247,-80,235,-80,157,250,351,-80" /><INIT seed="2,1,0,3,5,14" ten="167,155,407,271" oya="2" hai0="4,56,7,117,110,54,97,93,24,3,128,18,50" hai1="31,75,119,20,71,100,133,129,124,59,11,86,88" hai2="27,131,66,94,32,43,118,34,51,121,95,112,114" hai3="105,25,89,22,68,61,63,15,113,44,69,99,13"/><V60/><F118/><W57/><G113/><T76/><D110/><U80/><E119/><V28/><F121/><W67/><G44/><T122/><D122/><U70/><E71/><V42/><F34/><W103/><G89/><T30/><D117/><U17/><E70/><V36/><F36/><W1/><G1/><T10/><D128/><U39/><E39/><V58/><F131/><W126/><G126/><T45/><D76/><U74/><E129/><V101/><F95/><W116/><G116/><T106/><D106/><U84/><E133/><V62/><F62/><W26/><G26/><T104/><D104/><U83/><E100/><V127/><F127/><W82/><G82/><T9/><D45/><U111/><E111/><V81/><F81/><W78/><G78/><T55/><D55/><U91/><E124/><V65/><F65/><W134/><G134/><T77/><D77/><U49/><E11/><V107/><F107/><W35/><G69/><T52/><D54/><N who="1" m="32207" /><E31/><V2/><F2/><W102/><G102/><N who="0" m="60719" /><D30/><U41/><E41/><V19/><F43/><W90/><G90/><T109/><D109/><U21/><E74/><V47/><REACH who="2" step="1"/><F19/><REACH who="2" ten="167,155,397,271" step="2"/><W53/><G35/><T23/><D3/><U72/><E17/><AGARI ba="1,1" hai="13,15,17,22,25,53,57,61,63,67,68,99,103,105" machi="17" ten="30,2000,0" yaku="7,1,52,1" doraHai="14" who="3" fromWho="1" sc="167,0,155,-23,397,0,271,33" /><INIT seed="3,0,0,4,0,2" ten="167,132,397,304" oya="3" hai0="20,43,8,75,21,118,67,32,47,117,85,68,23" hai1="125,84,89,81,6,61,133,5,115,45,48,128,94" hai2="56,0,14,9,83,101,88,130,31,12,108,120,57" hai3="96,98,29,72,122,13,15,74,104,42,52,82,103"/><W41/><G122/><T126/><D75/><U54/><E115/><V33/><F0/><W106/><G29/><T127/><D32/><U10/><E133/><V71/><F71/><W4/><G82/><T77/><D68/><U55/><E128/><V24/><F108/><W38/><G38/><T64/><D77/><N who="1" m="46127" /><E10/><V129/><F101/><W99/><G99/><T90/><D117/><U63/><E125/><N who="0" m="47625" /><D8/><U119/><E119/><V95/><F83/><W59/><G74/><T28/><D28/><U62/><E55/><V70/><F70/><W19/><G72/><T124/><N who="0" m="47633" /><T100/><DORA hai="58" /><D100/><U132/><E132/><V18/><F120/><W17/><G103/><T110/><D110/><U131/><E131/><N who="2" m="50187" /><F12/><W86/><G15/><T30/><D30/><U109/><E109/><V35/><F33/><W79/><G106/><T121/><D121/><U27/><E27/><V7/><F18/><W69/><G104/><T50/><D118/><U80/><E80/><AGARI ba="0,0" hai="20,21,23,43,47,50,64,67,80,85,90" m="47633" machi="80" ten="40,1300,0" yaku="18,1" doraHai="2,58" who="0" fromWho="1" sc="167,13,132,-13,397,0,304,0" /><INIT seed="4,0,0,0,1,40" ten="180,119,397,304" oya="0" hai0="130,46,51,108,123,106,39,26,65,36,0,76,44" hai1="47,67,28,124,81,35,4,62,45,72,105,93,33" hai2="29,54,112,30,110,7,114,61,128,90,41,50,68" hai3="78,24,1,113,80,99,88,85,86,43,79,73,133"/><T104/><D123/><U109/><E105/><V120/><F110/><W5/><G24/><T56/><D0/><U119/><E109/><V115/><F120/><W89/><G43/><T117/><D108/><U69/><E119/><V107/><F107/><W16/><G16/><T48/><D26/><U100/><E124/><V25/><F128/><W131/><G5/><T91/><D76/><U75/><E81/><V9/><F41/><W98/><G1/><T83/><D117/><U37/><E37/><N who="0" m="14409" /><D91/><U18/><E4/><V116/><F116/><W64/><G64/><T20/><D20/><U23/><E28/><V10/><F90/><W17/><G17/><T57/><D83/><U14/><E75/><V21/><F30/><W53/><G80/><T101/><D101/><U71/><E71/><V102/><F102/><W70/><G70/><T15/><D15/><U12/><E12/><V13/><F10/><W84/><G84/><T134/><D130/><U129/><E72/><V66/><REACH who="2" step="1"/><F114/><REACH who="2" ten="180,119,387,304" step="2"/><W3/><G89/><T2/><D104/><U55/><E129/><V118/><F118/><W126/><G88/><T125/><D106/><U63/><E100/><V87/><F87/><W103/><G86/><T74/><D74/><U32/><REACH who="1" step="1"/><E93/><REACH who="1" ten="180,109,387,304" step="2"/><V121/><F121/><W122/><G73/><T19/><D125/><U111/><E111/><V42/><F42/><W49/><G126/><T38/><D38/><U92/><E92/><V31/><F31/><W60/><G131/><T127/><D127/><U34/><N who="1" m="8192" /><DORA hai="94" /><U27/><E27/><V59/><AGARI ba="0,2" hai="7,9,13,21,25,29,50,54,59,61,66,68,112,115" machi="59" ten="30,2000,0" yaku="1,1,0,1,53,0" doraHai="40,94" doraHaiUra="95,97" who="2" fromWho="2" sc="180,-10,109,-5,387,40,304,-5" /><INIT seed="5,0,0,4,4,129" ten="170,104,427,299" oya="1" hai0="40,93,89,76,80,77,22,3,78,117,74,41,109" hai1="52,69,98,70,118,32,64,37,68,102,124,53,7" hai2="79,20,127,46,134,25,121,24,130,97,122,44,132" hai3="49,120,75,116,34,35,56,123,39,59,115,43,29"/><U119/><E32/><V96/><F79/><W28/><G75/><T65/><D117/><U60/><E7/><V11/><F11/><W0/><G0/><T105/><D109/><U114/><E98/><V5/><F5/><W95/><G95/><T66/><D3/><U73/><E102/><V126/><F20/><W131/><G49/><T51/><D105/><U128/><E73/><V26/><F26/><W48/><G48/><T54/><D80/><U107/><E107/><V58/><F58/><W86/><G86/><T50/><D74/><U110/><E128/><AGARI ba="0,0" hai="24,25,44,46,96,97,121,122,126,127,128,130,132,134" machi="128" ten="25,6400,0" yaku="22,2,52,2" doraHai="129" who="2" fromWho="1" sc="170,0,104,-64,427,64,299,0" /><INIT seed="6,0,0,5,1,12" ten="170,40,491,299" oya="2" hai0="25,52,124,3,62,19,114,87,92,40,120,108,63" hai1="37,46,116,43,68,24,1,59,30,112,73,111,17" hai2="79,107,85,18,4,86,131,15,128,22,7,41,72" hai3="74,118,21,0,71,132,82,29,49,60,44,2,35"/><V33/><F72/><W51/><G35/><T96/><D120/><U123/><E123/><V115/><F115/><W93/><G51/><T65/><D108/><U76/><E112/><V32/><F107/><W14/><G93/><T56/><D124/><U113/><E113/><V125/><F125/><W38/><G38/><T100/><D3/><U10/><E111/><V109/><F109/><W69/><G69/><T6/><D6/><N who="2" m="2090" /><F41/><W39/><G39/><T104/><D40/><U11/><E116/><V130/><F79/><W70/><G70/><T13/><D114/><U106/><E106/><V67/><F67/><W47/><G47/><T77/><D104/><U121/><E121/><V75/><F75/><W78/><G132/><T54/><D25/><U119/><E119/><V50/><F50/><W101/><G118/><T117/><D63/><U88/><E68/><V80/><F85/><W53/><G60/><T126/><D126/><U105/><E105/><V103/><F103/><W58/><G101/><T57/><D117/><U83/><E1/><V20/><F20/><W127/><G71/><T129/><D129/><U98/><E59/><V9/><F22/><W31/><G127/><T61/><D65/><U16/><E98/><V28/><F28/><N who="3" m="10827" /><G58/><T122/><D122/><U26/><E88/><V66/><F66/><W135/><G135/><T5/><D77/><U8/><REACH who="1" step="1"/><E26/><REACH who="1" ten="170,30,491,299" step="2"/><V42/><F128/><W133/><G133/><T95/><D96/><U81/><E81/><V97/><F80/><W48/><G82/><T134/><D134/><U90/><E90/><V55/><F131/><RYUUKYOKU ba="0,1" sc="170,-10,30,30,491,-10,299,-10" hai1="8,10,11,16,17,24,30,37,43,46,73,76,83" /><INIT seed="7,1,1,0,5,102" ten="160,60,481,289" oya="3" hai0="5,104,105,34,42,60,119,76,66,112,88,56,37" hai1="113,20,46,122,129,131,132,114,41,44,30,13,45" hai2="96,87,51,35,77,12,101,103,94,95,121,110,85" hai3="47,84,19,57,97,120,3,106,99,23,65,25,64"/><W39/><G120/><T126/><D119/><U52/><E13/><V100/><F35/><W80/><G3/><T24/><D76/><U55/><E20/><V53/><F110/><W49/><G39/><T109/><D5/><U98/><E98/><N who="3" m="37386" /><G106/><T18/><D37/><U90/><E90/><N who="2" m="53583" /><F121/><W15/><G25/><T32/><D24/><U130/><E122/><V118/><F118/><W4/><G57/><T38/><D56/><U72/><E30/><V0/><F0/><W62/><G62/><T17/><D60/><U29/><E29/><V14/><F87/><W115/><G115/><N who="1" m="44042" /><E72/><V27/><F77/><N who="3" m="46095" /><G4/><T82/><D112/><U48/><E132/><V50/><F27/><W21/><G21/><T116/><D116/><U124/><E124/><V16/><F14/><W70/><G70/><T59/><D126/><U93/><E93/><V128/><F128/><W26/><G15/><T67/><D32/><U2/><E2/><V8/><F51/><W89/><G89/><T83/><D38/><N who="1" m="21559" /><E45/><AGARI ba="1,1" hai="8,12,16,45,50,53,95,96,100,101,103" m="53583" machi="45" ten="30,2000,0" yaku="8,1,54,1" doraHai="102" who="2" fromWho="1" sc="160,0,60,-23,481,33,289,0" owari="160,-24.0,37,-46.0,514,61.0,289,9.0" /></mjloggm>