<mjloggm ver="2.3"><GO type="169" lobby="0"/><UN n0="%E3%83%AD%E3%83%83%E3%82%BD" n1="%E2%98%85%E9%B3%B3%E8%9D%B6" n2="%E8%B7%AF%E5%9C%B0%E8%A3%8F%E3%81%AE%E3%81%B2%E3%81%BE%E3%82%8F%E3%82%8A" n3="%E2%98%85%E3%83%9B%E3%83%BC%E3%82%B9%E2%98%85" dan="17,16,16,16" rate="2175.67,2094.18,2129.66,2128.70" sx="F,F,M,M"/><TAIKYOKU oya="0"/><INIT seed="0,0,0,1,0,78" ten="250,250,250,250" oya="0" hai0="91,34,46,50,108,82,131,20,54,95,72,102,117" hai1="63,130,92,132,71,19,7,23,3,77,94,51,120" hai2="116,124,86,48,31,69,53,119,45,104,28,37,5" hai3="38,110,43,10,125,135,115,66,97,44,16,133,80"/><T18/><D117/><N who="2" m="45130" /><F104/><W129/><G115/><T29/><D131/><U60/><E120/><V128/><F128/><W87/><G129/><T2/><D2/><U79/><E71/><V39/><F124/><W47/><G125/><T88/><D34/><U61/><E130/><V62/><F5/><W75/><G75/><T26/><D108/><U67/><E67/><N who="2" m="41207" /><F86/><W12/><G110/><T22/><D102/><U40/><E7/><V103/><F103/><W1/><G66/><T81/><D72/><U25/><E3/><V70/><F70/><W89/><G1/><T90/><D95/><N who="1" m="36395" /><E132/><N who="3" m="50762" /><G44/><AGARI ba="0,0" hai="19,23,25,40,44,51,60,61,63,77,79" m="36395" machi="44" ten="30,1000,0" yaku="8,1" doraHai="78" who="1" fromWho="3" sc="250,0,250,10,250,0,250,-10" /><INIT seed="1,0,0,5,1,30" ten="250,260,250,240" oya="1" hai0="135,94,60,96,0,61,81,116,45,91,132,18,10" hai1="6,53,74,5,117,84,48,46,85,128,93,99,51" hai2="1,123,34,39,16,38,102,11,7,98,23,40,56" hai3="108,9,49,44,27,26,83,103,82,107,127,24,131"/><U59/><E117/><V33/><F123/><W58/><G108/><T114/><D116/><U80/><E74/><V76/><F76/><W118/><G118/><T13/><D114/><U29/><E29/><V86/><F86/><W78/><G127/><T109/><D109/><U97/><E85/><V115/><F115/><W4/><G131/><T66/><D0/><U20/><E20/><V21/><F21/><W73/><G83/><T134/><D66/><U25/><E25/><V129/><F129/><W41/><G58/><T42/><REACH who="0" step="1"/><D81/><REACH who="0" ten="240,260,250,240" step="2"/><U28/><E128/><V122/><F122/><W68/><G68/><T120/><D120/><U95/><E80/><V112/><F112/><W15/><G107/><T19/><D19/><U3/><E3/><V125/><F125/><W55/><G103/><T12/><D12/><U36/><E84/><V126/><F126/><W75/><REACH who="3" step="1"/><G73/><REACH who="3" ten="240,260,250,230" step="2"/><T87/><D87/><U62/><E97/><V57/><F98/><W22/><G22/><T2/><D2/><U130/><E99/><V31/><F102/><W110/><G110/><T35/><D35/><U89/><E130/><V113/><F113/><W69/><G69/><T65/><D65/><U77/><E95/><V105/><F105/><W111/><G111/><T52/><D52/><AGARI ba="0,2" hai="4,9,15,24,26,27,41,44,49,52,55,75,78,82" machi="52" ten="40,8000,1" yaku="1,1,54,1,53,2" doraHai="30" doraHaiUra="50" who="3" fromWho="0" sc="240,-80,260,0,250,0,230,100" /><INIT seed="2,0,0,3,2,122" ten="160,260,250,330" oya="2" hai0="93,50,97,6,43,44,32,83,31,78,94,52,61" hai1="35,109,66,82,26,55,119,79,123,5,129,57,63" hai2="132,90,59,38,115,127,68,15,11,33,67,120,112" hai3="12,37,71,89,9,29,98,107,85,56,8,45,72"/><V0/><F120/><W95/><G71/><T42/><D32/><U103/><E119/><V13/><F68/><W54/><G72/><T121/><D121/><U135/><E123/><V7/><F38/><W48/><G29/><T60/><D31/><U74/><E103/><V133/><F90/><W110/><G110/><T64/><D6/><U40/><E40/><V101/><F101/><W91/><G107/><T128/><D128/><U51/><E129/><V3/><F33/><W28/><G28/><T96/><D94/><U23/><E35/><V21/><F127/><W25/><G25/><T92/><D92/><U58/><E5/><V41/><F41/><W80/><G37/><T17/><D17/><U114/><E114/><N who="2" m="43563" /><F59/><W30/><G30/><T19/><D19/><U130/><E130/><V53/><F53/><N who="3" m="29839" /><G12/><T105/><D105/><U86/><E135/><N who="2" m="51787" /><F67/><W39/><G39/><T22/><D61/><AGARI ba="0,0" hai="8,9,54,56,61,80,85,89,91,95,98" m="29839" machi="61" ten="30,1000,0" yaku="8,1" doraHai="122" who="3" fromWho="0" sc="160,-10,260,0,250,0,330,10" /><INIT seed="3,0,0,0,2,10" ten="150,260,250,340" oya="3" hai0="50,108,73,42,133,80,36,49,9,46,19,72,22" hai1="94,106,91,11,71,54,69,87,3,101,65,26,15" hai2="79,121,12,53,39,92,38,96,124,18,103,78,28" hai3="40,110,44,17,90,5,86,117,35,127,125,27,52"/><W88/><G117/><T48/><D108/><U132/><E3/><V60/><F124/><N who="3" m="47691" /><G5/><T107/><D107/><U74/><E65/><V109/><F109/><W83/><G110/><T100/><D100/><U24/><E132/><V21/><F121/><W20/><G35/><T30/><D133/><U4/><E74/><V128/><F128/><W122/><G122/><T34/><D34/><U99/><E54/><V85/><F28/><W126/><N who="3" m="47699" /><W84/><DORA hai="119" /><G52/><T64/><D64/><U25/><E71/><V97/><F97/><W55/><G55/><T14/><D80/><U33/><REACH who="1" step="1"/><E69/><REACH who="1" ten="150,250,250,340" step="2"/><V81/><F53/><W82/><G40/><T104/><D104/><U8/><E8/><V129/><F129/><W95/><G44/><T112/><D112/><U75/><E75/><V2/><F2/><W116/><G116/><T31/><D73/><U105/><E105/><V57/><F57/><W1/><G1/><T115/><D115/><U41/><E41/><V7/><F60/><W47/><G47/><T135/><D135/><U113/><E113/><V120/><F120/><W76/><G76/><T58/><D72/><U13/><E13/><V102/><F79/><W29/><G82/><T62/><D62/><U45/><E45/><V43/><F43/><W70/><G70/><T68/><D68/><U77/><E77/><V118/><F118/><W134/><G134/><T67/><D67/><U98/><E98/><V61/><F61/><W93/><G83/><T0/><REACH who="0" step="1"/><D58/><REACH who="0" ten="140,250,250,340" step="2"/><U123/><E123/><V131/><F81/><W6/><G95/><T32/><D32/><AGARI ba="0,2" hai="4,11,15,24,25,26,32,33,87,91,94,99,101,106" machi="32" ten="40,12000,2" yaku="1,1,6,1,52,1,53,3" doraHai="10,119" doraHaiUra="23,66" who="1" fromWho="0" sc="140,-120,250,140,250,0,340,0" /><INIT seed="4,0,0,1,0,39" ten="20,390,250,340" oya="0" hai0="3,12,89,116,55,23,87,64,16,121,51,114,41" hai1="69,71,25,115,83,58,97,17,14,40,74,60,37" hai2="47,94,57,77,72,66,31,100,36,10,112,61,104" hai3="99,29,44,90,5,24,117,43,80,75,62,123,26"/><T120/><D116/><U124/><E25/><V46/><F104/><W34/><G117/><T1/><D114/><U79/><E115/><V65/><F112/><W67/><G123/><T38/><D64/><U30/><E30/><V109/><F109/><W33/><G5/><T20/><D121/><U92/><E124/><V45/><F31/><W0/><G0/><T8/><D120/><U4/><E4/><V6/><F72/><W86/><G75/><T134/><D134/><U105/><E105/><V59/><F77/><W50/><G24/><T135/><D135/><U98/><E58/><V54/><F36/><W107/><G107/><T21/><D38/><U126/><E126/><V7/><F10/><W15/><G15/><T78/><D78/><U52/><E97/><N who="2" m="59447" /><F66/><W129/><G99/><T53/><D41/><U108/><E108/><V42/><F42/><W22/><REACH who="3" step="1"/><G129/><REACH who="3" ten="20,390,250,330" step="2"/><T91/><D91/><U93/><E14/><V9/><F9/><W18/><G18/><T11/><D11/><U49/><E98/><V95/><F7/><W2/><G2/><T68/><D68/><AGARI ba="0,1" hai="22,26,29,33,34,43,44,50,62,67,68,80,86,90" machi="68" ten="30,3900,0" yaku="1,1,7,1,52,1,53,0" doraHai="39" doraHaiUra="103" who="3" fromWho="0" sc="20,-39,390,0,250,0,330,49" owari="-19,-52.0,390,49.0,250,-15.0,379,18.0" /></mjloggm>