<mjloggm ver="2.3"><GO type="225" lobby="0"/><UN n0="%E4%B8%96%E7%9B%B4%E3%81%97%E4%BA%BA" n1="%E3%81%AB%E3%82%83%EF%BD%9E%E3%81%8A" n2="%E3%83%81%E3%83%BC%E3%83%88%E3%82%A4%E7%9F%AD%E6%9C%9F%E5%A4%A7%E5%AD%A6" n3="%E3%81%A8%E3%82%89%E3%81%84%E3%81%A1" dan="17,16,16,16" rate="2194.97,2134.31,2130.83,2057.54" sx="M,M,M,M"/><TAIKYOKU oya="0"/><INIT seed="0,0,0,5,1,38" ten="250,250,250,250" oya="0" hai0="24,124,98,83,33,119,34,96,29,69,0,79,127" hai1="4,87,58,116,84,118,117,8,94,88,72,131,109" hai2="111,95,60,31,57,104,26,59,90,46,9,44,25" hai3="74,16,113,64,115,18,23,82,5,130,12,80,62"/><T65/><D119/><U132/><E72/><V3/><F104/><W47/><G130/><T67/><D0/><U27/><E131/><V61/><F111/><W35/><G35/><T76/><D83/><U54/><E109/><V123/><F123/><W91/><G5/><T81/><D81/><U70/><E70/><V28/><F3/><W135/><G135/><T7/><D7/><U15/><E27/><V107/><F107/><W40/><G18/><T11/><D11/><U10/><E10/><V21/><F9/><W105/><G105/><T14/><D14/><U41/><E132/><V51/><F95/><W85/><G80/><T78/><D69/><U22/><E22/><V93/><F93/><W49/><REACH who="3" step="1"/><G74/><REACH who="3" ten="250,250,250,240" step="2"/><T37/><D34/><U68/><E116/><V63/><F90/><W120/><G120/><T100/><D37/><U52/><E117/><V106/><F106/><W92/><G92/><N who="0" m="58375" /><D98/><U129/><E94/><V36/><F36/><W75/><G75/><T71/><D71/><AGARI ba="0,1" hai="12,16,23,40,47,49,62,64,71,82,85,91,113,115" machi="71" ten="30,8000,1" yaku="1,1,7,1,52,1,54,1,53,1" doraHai="38" doraHaiUra="43" who="3" fromWho="0" sc="250,-80,250,0,250,0,240,90" /><INIT seed="1,0,0,5,1,59" ten="170,250,250,330" oya="1" hai0="79,31,87,21,17,41,103,13,57,100,86,133,124" hai1="108,32,55,92,1,12,127,24,96,26,114,22,4" hai2="82,99,65,85,3,49,34,63,70,39,119,80,7" hai3="48,123,88,45,117,60,37,118,5,101,120,28,16"/><U10/><E114/><V30/><F119/><N who="3" m="45579" /><G5/><T29/><D133/><U113/><E113/><V122/><F39/><W15/><G28/><T93/><D124/><U78/><E127/><V11/><F122/><W106/><G37/><T40/><D57/><U8/><E108/><V36/><F36/><W72/><G72/><T83/><D31/><U94/><E78/><V75/><F75/><W25/><G25/><T67/><D29/><U115/><E115/><V51/><F30/><W121/><G60/><T74/><D67/><U38/><E38/><V109/><F34/><W91/><G101/><N who="0" m="38987" /><D74/><U18/><E96/><V43/><F109/><W107/><G107/><T112/><D112/><U56/><E32/><V62/><F43/><N who="0" m="16458" /><D87/><U131/><E131/><V71/><F99/><W58/><G58/><T23/><D93/><U89/><E89/><V134/><F134/><W95/><G95/><T46/><D46/><U52/><E55/><V73/><F73/><W126/><G106/><T84/><D84/><U135/><BYE who="0" /><E135/><V35/><F35/><W116/><G116/><T14/><D14/><U105/><E105/><V20/><F20/><N who="3" m="11295" /><G126/><T44/><D44/><U53/><E26/><V54/><F54/><AGARI ba="0,0" hai="45,48,54,88,91,120,121,123" m="11295,45579" machi="54" ten="40,5200,0" yaku="12,1,54,2" doraHai="59" who="3" fromWho="2" sc="170,0,250,0,250,-52,330,52" /><INIT seed="2,0,0,4,3,17" ten="170,250,198,382" oya="2" hai0="9,48,84,133,108,26,82,28,3,93,36,57,54" hai1="122,58,72,127,123,23,32,60,102,63,66,94,120" hai2="106,65,10,78,49,45,116,117,47,4,2,1,70" hai3="14,129,131,13,69,24,61,121,107,77,124,101,98"/><V110/><F106/><W111/><G121/><T31/><D31/><U104/><E72/><V92/><F2/><W128/><G111/><T8/><D8/><U89/><E32/><V16/><F110/><W83/><G124/><T125/><D125/><U74/><E74/><V90/><F78/><W118/><G118/><T73/><D73/><U112/><E112/><V12/><F47/><W88/><G88/><T38/><D38/><U115/><E115/><V99/><F65/><N who="3" m="41135" /><G24/><T55/><D55/><U11/><E127/><V5/><F70/><W103/><G103/><T18/><D18/><U86/><E11/><V75/><F75/><AGARI ba="0,0" hai="13,14,75,77,83,98,101,107,128,129,131" m="41135" machi="75" ten="30,1000,0" yaku="19,1" doraHai="17" who="3" fromWho="2" sc="170,0,250,0,198,-10,382,10" /><INIT seed="3,0,0,1,5,10" ten="170,250,188,392" oya="3" hai0="135,50,121,122,56,89,64,82,30,42,47,36,126" hai1="55,38,120,40,28,78,23,9,98,97,104,51,15" hai2="132,99,48,32,118,72,74,2,77,103,69,6,5" hai3="127,90,19,53,68,86,102,37,60,112,39,131,70"/><W92/><G53/><T24/><D24/><U62/><E38/><V101/><F118/><W63/><G19/><T13/><D13/><U85/><E104/><V73/><F32/><W115/><G102/><T52/><D52/><U128/><E62/><V107/><F69/><W123/><G123/><T106/><D106/><U26/><E128/><V61/><F132/><W44/><G44/><T81/><D81/><N who="1" m="47287" /><E120/><V66/><F103/><W133/><G133/><T4/><D4/><N who="1" m="3495" /><E40/><V134/><F134/><W34/><G34/><T79/><D79/><U129/><E129/><V119/><F77/><W108/><G131/><T31/><D31/><U114/><E114/><V8/><F119/><W16/><G63/><T105/><D105/><U93/><E93/><V91/><F61/><W76/><G60/><T71/><D71/><U45/><AGARI ba="0,0" hai="23,26,28,45,51,55,97,98" m="3495,47287" machi="45" ten="30,2000,0" yaku="8,1,52,1" doraHai="10" who="1" fromWho="1" sc="170,-5,250,20,188,-5,392,-10" owari="165,-33.0,270,7.0,183,-22.0,382,48.0" /></mjloggm>