<mjloggm ver="2.3"><GO type="225" lobby="0"/><UN n0="%6E%6F%72%69%6F%2D%74%6B" n1="%E3%81%95%E3%81%8D%E3%81%9F%E3%81%BE%E6%9E%97%E6%AA%8E" n2="%E3%81%AB%E3%82%83%EF%BD%9E%E3%81%8A" n3="%E3%83%81%E3%83%BC%E3%83%88%E3%82%A4%E7%9F%AD%E6%9C%9F%E5%A4%A7%E5%AD%A6" dan="16,16,16,16" rate="2053.06,2165.68,2136.29,2128.83" sx="M,M,M,M"/><TAIKYOKU oya="0"/><INIT seed="0,0,0,1,4,49" ten="250,250,250,250" oya="0" hai0="12,96,104,81,123,15,62,68,38,124,0,86,43" hai1="14,16,132,44,56,54,34,110,112,84,10,94,79" hai2="6,71,129,29,51,111,97,35,89,36,31,19,7" hai3="28,134,30,67,8,47,105,39,48,128,114,65,59"/><T73/><D123/><U53/><E112/><V46/><F36/><W17/><G114/><T25/><D0/><U121/><E121/><V99/><F71/><W22/><G105/><T27/><D73/><U23/><E34/><V26/><F111/><W102/><G39/><T11/><D124/><U24/><E110/><V92/><F129/><W135/><G102/><T78/><D38/><U91/><E132/><N who="3" m="50730" /><G8/><T83/><D104/><U63/><E79/><V45/><F45/><W50/><G50/><T87/><D96/><U122/><E122/><V60/><F60/><N who="3" m="38047" /><G67/><T37/><D37/><U1/><E1/><V21/><F97/><W75/><G75/><T85/><D43/><U115/><E115/><V118/><F118/><W33/><G33/><T108/><D108/><U20/><E24/><V13/><REACH who="2" step="1"/><F31/><REACH who="2" ten="250,250,240,250" step="2"/><W40/><G128/><T95/><D62/><U66/><E44/><V109/><F109/><W117/><G117/><T101/><D68/><U72/><E72/><V82/><F82/><W2/><G2/><T119/><D119/><U4/><E4/><V127/><F127/><W64/><G64/><T55/><D83/><U58/><E66/><V120/><F120/><W98/><G98/><N who="0" m="59615" /><D81/><U18/><E18/><V103/><F103/><W133/><N who="3" m="50738" /><W107/><DORA hai="32" /><G107/><T69/><D69/><U57/><E57/><V52/><AGARI ba="0,1" hai="6,7,13,19,21,26,29,35,46,51,52,89,92,99" machi="52" ten="20,8000,1" yaku="1,1,0,1,7,1,52,1,54,1,53,0" doraHai="49,32" doraHaiUra="76,80" who="2" fromWho="2" sc="250,-40,250,-20,240,90,250,-20" /><INIT seed="1,0,0,0,1,26" ten="210,230,330,230" oya="1" hai0="90,0,53,76,84,123,77,108,104,65,38,50,99" hai1="111,81,17,25,27,61,80,125,73,121,89,70,21" hai2="86,113,95,96,40,6,119,43,2,103,1,9,24" hai3="87,107,128,31,66,29,12,13,88,127,30,60,105"/><U47/><E121/><V64/><F119/><W20/><G128/><T124/><D0/><U115/><E115/><V130/><F130/><W69/><G127/><T126/><D38/><U109/><E125/><N who="0" m="48233" /><D65/><U46/><E73/><V22/><F2/><W117/><G117/><T91/><D123/><U114/><E114/><V4/><F4/><W74/><G74/><T42/><D42/><U122/><E122/><V68/><F113/><W82/><REACH who="3" step="1"/><G20/><REACH who="3" ten="210,230,330,220" step="2"/><T133/><D133/><U120/><E120/><V57/><F22/><W94/><G94/><N who="0" m="56799" /><D104/><AGARI ba="0,1" hai="12,13,29,30,31,60,66,69,82,87,88,104,105,107" machi="104" ten="40,8000,1" yaku="1,1,52,3,54,1,53,0" doraHai="26" doraHaiUra="23" who="3" fromWho="0" sc="210,-80,230,0,330,0,220,90" /><INIT seed="2,0,0,2,1,100" ten="130,230,330,310" oya="2" hai0="11,39,50,23,119,73,58,93,99,120,53,40,97" hai1="94,86,4,66,54,91,107,72,44,48,59,78,81" hai2="75,115,109,65,105,80,57,90,35,101,123,67,89" hai3="6,113,19,37,52,55,24,17,45,38,116,96,102"/><V87/><F123/><W133/><G116/><T61/><D120/><U83/><E4/><V16/><F115/><W15/><G133/><T32/><D32/><U29/><E29/><V64/><F35/><W10/><G113/><T70/><D73/><U132/><E132/><V26/><F75/><W82/><G82/><T62/><D119/><U104/><REACH who="1" step="1"/><E83/><REACH who="1" ten="130,220,330,310" step="2"/><V13/><F80/><W127/><G127/><T110/><D110/><U95/><E95/><V56/><F109/><W14/><G6/><T128/><D128/><U77/><E77/><V112/><F112/><W125/><G125/><T84/><D70/><U131/><E131/><V121/><F121/><W34/><G34/><T1/><D1/><U7/><E7/><V135/><F135/><W42/><G24/><T27/><D27/><U8/><E8/><V60/><F26/><W79/><G79/><T12/><D23/><U5/><E5/><V69/><F13/><W3/><G3/><T117/><D117/><U68/><E68/><V22/><F69/><W41/><G15/><T92/><D12/><U25/><E25/><V18/><F22/><W43/><G17/><T30/><D11/><U122/><E122/><V98/><F16/><W31/><G31/><T21/><D30/><U51/><E51/><V0/><F18/><W20/><G10/><T9/><D21/><U76/><E76/><V126/><F0/><W103/><G14/><T124/><D9/><U111/><E111/><V114/><F114/><W33/><G19/><T46/><D124/><U108/><E108/><V134/><F126/><W49/><G20/><RYUUKYOKU ba="0,1" sc="130,-10,220,30,330,-10,310,-10" hai1="44,48,54,59,66,72,78,81,86,91,94,104,107" /><INIT seed="3,1,1,1,0,7" ten="120,250,320,300" oya="3" hai0="31,16,129,22,94,63,109,106,29,42,78,57,24" hai1="56,35,118,67,6,17,0,104,134,64,92,13,95" hai2="66,39,100,79,128,114,27,99,103,51,71,49,69" hai3="46,52,132,53,120,101,77,18,54,32,44,81,3"/><W135/><G120/><T20/><D106/><U113/><E35/><V1/><F39/><W80/><G32/><T33/><D33/><U96/><E113/><V117/><F1/><W88/><G3/><T19/><D129/><U111/><E111/><V83/><F114/><W25/><G101/><T105/><D105/><U10/><E134/><N who="3" m="51242" /><G88/><T97/><D109/><U119/><E104/><V110/><F103/><W59/><G59/><T41/><D78/><U62/><E67/><V14/><F110/><W50/><G46/><T82/><D82/><N who="3" m="31849" /><G77/><T124/><D124/><U89/><REACH who="1" step="1"/><E92/><REACH who="1" ten="120,240,320,300" step="2"/><V23/><F66/><W60/><G60/><T36/><D36/><U126/><E126/><V131/><F131/><W15/><G25/><T125/><D125/><U38/><E38/><V9/><F128/><W133/><G133/><T70/><D70/><U73/><E73/><V28/><F69/><W108/><G108/><T5/><D5/><U8/><AGARI ba="1,2" hai="0,6,8,10,13,17,56,62,64,89,95,96,118,119" machi="8" ten="30,12000,2" yaku="1,1,0,1,52,2,53,2" doraHai="7" doraHaiUra="112" who="1" fromWho="1" sc="120,-31,240,143,320,-31,300,-61" owari="89,-41.0,383,48.0,289,9.0,239,-16.0" /></mjloggm>