<mjloggm ver="2.3"><GO type="169" lobby="0"/><UN n0="%E9%89%84%E7%A8%9A%E9%AD%9A%E3%82%AB%E3%83%A2%E9%A4%8A%E5%88%86" n1="%73%65%61%73%74%6F%72%79" n2="%E6%9C%A8%E6%BC%8F%E3%82%8C%E6%97%A5" n3="%E3%83%99%E3%82%B8%E2%80%95%E3%82%BF" dan="18,16,17,16" rate="2201.02,2078.74,2197.75,2148.92" sx="F,M,M,M"/><TAIKYOKU oya="0"/><INIT seed="0,0,0,3,4,24" ten="250,250,250,250" oya="0" hai0="61,8,121,22,63,97,79,105,20,68,76,112,81" hai1="41,57,43,25,85,18,122,39,107,56,7,36,55" hai2="13,89,6,100,37,60,45,16,46,50,102,26,80" hai3="135,118,40,108,88,58,78,51,103,77,47,95,113"/><T110/><D112/><U83/><E107/><V87/><F37/><W44/><G113/><T93/><D121/><U33/><E122/><V130/><F130/><W114/><G114/><T133/><D105/><U101/><E101/><V82/><F6/><W31/><G118/><T29/><D133/><U72/><E72/><V117/><F117/><W12/><G103/><T134/><D134/><U15/><E7/><V119/><F119/><W11/><G108/><T4/><D79/><U67/><E67/><V116/><F46/><W21/><G47/><T28/><D110/><U129/><E129/><V120/><F120/><W14/><G58/><T2/><D22/><U62/><E57/><V123/><F116/><W124/><G124/><T65/><D20/><U27/><E39/><V126/><F126/><W0/><G0/><T48/><D63/><U125/><E125/><V64/><F82/><W106/><G106/><T49/><D49/><U32/><E32/><V132/><F26/><N who="1" m="9737" /><E36/><V59/><F123/><W92/><G92/><T109/><D48/><U115/><E33/><V96/><F96/><N who="3" m="57447" /><G135/><T99/><D109/><U127/><E127/><V42/><REACH who="2" step="1"/><F132/><REACH who="2" ten="250,250,240,250" step="2"/><W91/><G44/><T104/><D99/><U30/><E115/><V38/><F38/><W86/><G14/><T23/><D104/><U1/><E1/><V73/><F73/><W70/><G12/><T19/><D81/><U17/><E83/><V53/><F53/><W94/><G94/><T74/><D74/><U52/><E55/><V54/><F54/><W71/><G78/><T84/><D76/><U9/><E52/><RYUUKYOKU ba="0,1" sc="250,-10,250,-10,240,30,250,-10" hai2="13,16,42,45,50,59,60,64,80,87,89,100,102" /><INIT seed="1,1,1,3,5,69" ten="240,240,270,240" oya="1" hai0="79,14,33,29,129,85,61,42,120,84,104,46,110" hai1="117,70,59,22,12,93,131,16,34,111,94,56,0" hai2="9,62,78,30,1,121,105,4,73,17,49,10,11" hai3="132,106,45,96,66,130,64,52,80,2,125,58,91"/><U74/><E117/><V41/><F105/><W32/><G2/><T123/><D104/><U118/><E118/><V81/><F121/><W43/><G32/><T76/><D110/><U18/><E70/><V60/><F30/><W128/><G125/><T44/><D129/><N who="3" m="49769" /><G132/><T35/><D14/><U92/><E131/><V15/><F11/><W48/><G80/><T8/><D61/><U28/><E74/><V99/><F99/><W108/><G108/><T114/><D42/><U24/><E0/><V19/><F19/><W25/><G25/><T95/><D95/><U126/><E111/><V89/><F89/><W133/><G133/><T7/><D29/><U68/><E68/><V57/><F57/><W75/><G75/><T103/><D103/><U72/><E72/><V109/><F109/><W6/><G6/><T135/><D135/><U101/><E126/><V37/><F49/><N who="3" m="30991" /><G91/><T119/><D119/><U63/><E101/><AGARI ba="1,1" hai="43,45,48,64,66,96,101,106" m="30991,49769" machi="101" ten="30,2000,0" yaku="19,1,54,1" doraHai="69" who="3" fromWho="1" sc="240,0,240,-23,270,0,240,33" /><INIT seed="2,0,0,4,2,67" ten="240,217,270,273" oya="2" hai0="33,51,49,3,115,69,86,2,123,113,104,85,12" hai1="81,37,118,9,101,8,15,127,70,76,13,22,36" hai2="57,68,18,125,19,54,59,120,88,119,27,135,94" hai3="61,10,83,73,84,45,82,6,7,40,97,87,5"/><V52/><F119/><W93/><G73/><T112/><D104/><U30/><E118/><V65/><F120/><W80/><G10/><T75/><D75/><U53/><E101/><V77/><F77/><W130/><G130/><T78/><D33/><U35/><E35/><V90/><F125/><W0/><G0/><T105/><D105/><U31/><E127/><V110/><F135/><W4/><G61/><T129/><D12/><U132/><E132/><V74/><F74/><W26/><G26/><T92/><D92/><U100/><E100/><V34/><F110/><W107/><G107/><T111/><D78/><U95/><E95/><V99/><F68/><W128/><G128/><T71/><D129/><U14/><E53/><N who="2" m="20587" /><F34/><W29/><G29/><T11/><D11/><U103/><E103/><N who="2" m="60919" /><F27/><W1/><G1/><T20/><D20/><U66/><E37/><V96/><F96/><W126/><G126/><T42/><D113/><U25/><E36/><V121/><F121/><W124/><G124/><T50/><D111/><U134/><E134/><V64/><F64/><W28/><G28/><T16/><D123/><U117/><E31/><V44/><F44/><W116/><G116/><T46/><D50/><U106/><E106/><V72/><F72/><W56/><G56/><N who="2" m="21577" /><F65/><W41/><N who="3" m="1536" /><DORA hai="21" /><W55/><G55/><T43/><D46/><U79/><E117/><V122/><F122/><W133/><G133/><T63/><D63/><N who="1" m="40287" /><E79/><V17/><AGARI ba="0,0" hai="17,18,19,88,90" m="21577,60919,20587" machi="17" ten="30,6000,0" yaku="8,1,54,2" doraHai="67,21" who="2" fromWho="2" sc="240,-20,217,-20,270,60,273,-20" /><INIT seed="2,1,0,3,5,109" ten="220,197,330,253" oya="2" hai0="103,35,33,24,56,58,64,127,92,61,51,66,43" hai1="63,123,113,10,53,112,125,9,86,74,107,52,134" hai2="60,4,30,34,120,25,26,79,47,11,65,16,15" hai3="101,72,102,106,133,37,91,55,88,41,78,23,73"/><V121/><F79/><W135/><G55/><T59/><D127/><U95/><E125/><V20/><REACH who="2" step="1"/><F47/><REACH who="2" ten="220,197,320,253" step="2"/><W96/><G78/><T131/><D64/><U117/><E123/><V100/><F100/><W124/><G102/><T84/><D66/><U77/><E117/><V7/><F7/><W111/><G124/><T83/><D103/><U108/><E108/><V36/><F36/><W32/><G111/><T19/><D59/><AGARI ba="1,1" hai="4,11,15,16,20,25,26,30,34,59,60,65,120,121" machi="59" ten="30,5800,0" yaku="1,1,7,1,54,1,53,0" doraHai="109" doraHaiUra="130" who="2" fromWho="0" sc="220,-61,197,0,320,71,253,0" /><INIT seed="2,2,0,5,5,56" ten="159,197,391,253" oya="2" hai0="123,127,76,68,60,31,5,109,113,33,66,79,42" hai1="16,25,102,44,36,19,27,101,39,49,58,13,84" hai2="63,133,83,26,53,34,37,135,116,71,35,2,115" hai3="82,106,131,103,15,128,75,10,69,122,107,18,126"/><V105/><F115/><W40/><G122/><T20/><D123/><U129/><E129/><N who="3" m="49738" /><G126/><T117/><D113/><U121/><E121/><V59/><F116/><W50/><G69/><T6/><D127/><U7/><E7/><V100/><F2/><W28/><G28/><T72/><D109/><U11/><E84/><V112/><F112/><W97/><G107/><T41/><D33/><U65/><E39/><V94/><F37/><W119/><G119/><T38/><D117/><U52/><E36/><V81/><F105/><W22/><G10/><T46/><D42/><U9/><E27/><V134/><F71/><W21/><G21/><T61/><D72/><U47/><E47/><V110/><F110/><W62/><G62/><N who="0" m="24171" /><D38/><U99/><E65/><V91/><F35/><W73/><G82/><T30/><D66/><U74/><E74/><V12/><F34/><W48/><G48/><N who="0" m="26703" /><D68/><U70/><E70/><V114/><F114/><W29/><G50/><T78/><D20/><U32/><E19/><V77/><F135/><W17/><G40/><T108/><D108/><U88/><E32/><V125/><F125/><W130/><G130/><T45/><D45/><U95/><E44/><V87/><F134/><W85/><G18/><T3/><D3/><U96/><E96/><N who="2" m="59415" /><F133/><W132/><G132/><T43/><D43/><U90/><E102/><V14/><F26/><W120/><G120/><T93/><D93/><U23/><E9/><V8/><F8/><W1/><G73/><T98/><D98/><U118/><E118/><V4/><F4/><AGARI ba="2,0" hai="4,5,6,30,31,76,78,79" m="26703,24171" machi="4" ten="30,7700,0" yaku="8,1,52,3" doraHai="56" who="0" fromWho="2" sc="159,83,197,0,391,-83,253,0" /><INIT seed="3,0,0,2,3,95" ten="242,197,308,253" oya="3" hai0="107,96,93,114,0,43,29,126,7,105,20,33,55" hai1="122,57,76,25,86,72,108,59,99,117,121,112,68" hai2="6,100,9,10,123,101,128,124,98,26,67,60,87" hai3="45,110,24,85,109,39,71,103,92,54,119,52,49"/><W8/><G119/><T56/><D43/><U58/><E117/><V115/><F115/><W46/><G71/><T77/><D33/><U88/><E68/><V83/><F124/><W48/><G39/><T81/><D126/><U3/><E3/><V133/><F128/><W41/><G41/><T84/><D114/><U44/><E112/><V63/><F133/><W80/><G24/><T2/><D29/><U17/><E44/><V50/><F123/><W18/><G103/><T131/><D20/><U14/><E25/><V23/><F50/><W113/><G92/><T69/><D69/><U127/><E127/><V62/><F67/><W97/><G97/><T78/><D78/><U73/><E76/><V111/><F111/><N who="3" m="42507" /><G113/><T70/><D70/><U120/><E108/><V53/><F53/><W61/><G61/><T31/><D31/><U135/><E135/><V82/><F101/><W91/><G8/><T51/><D131/><U32/><E32/><V104/><F10/><W134/><G134/><T75/><D93/><U12/><E99/><V130/><F130/><W132/><G132/><T125/><D96/><U28/><E28/><V19/><REACH who="2" step="1"/><F87/><REACH who="2" ten="242,197,298,253" step="2"/><W5/><G5/><T21/><D84/><U116/><E116/><V38/><F38/><W30/><G30/><T79/><D7/><U64/><E64/><V4/><F4/><W47/><G18/><T22/><D125/><U37/><E37/><V106/><F106/><W27/><G27/><T36/><D36/><U35/><E17/><V118/><F118/><W1/><G1/><AGARI ba="0,1" hai="1,6,9,19,23,26,60,62,63,82,83,98,100,104" machi="1" ten="40,2600,0" yaku="1,1,52,1,53,0" doraHai="95" doraHaiUra="40" who="2" fromWho="3" sc="242,0,197,0,298,36,253,-26" /><INIT seed="4,0,0,0,5,91" ten="242,197,334,227" oya="0" hai0="76,20,68,121,27,114,78,122,73,77,92,13,113" hai1="111,67,127,53,82,38,46,59,102,51,12,22,87" hai2="75,61,118,50,105,135,28,123,35,9,34,64,24" hai3="72,93,89,131,128,48,33,132,106,134,100,125,26"/><T62/><D73/><U65/><E111/><V63/><F123/><W16/><G72/><T98/><D13/><U80/><E127/><V49/><F75/><W88/><G106/><T11/><D11/><U47/><E102/><V5/><F105/><W83/><G33/><T7/><D7/><U110/><E110/><V40/><F135/><N who="3" m="51755" /><G48/><T94/><D62/><U31/><E38/><V119/><F35/><W30/><G30/><T130/><D68/><U60/><E82/><V17/><F17/><W42/><G42/><T39/><D39/><U57/><E31/><V71/><F63/><W55/><G55/><T109/><D109/><U2/><E2/><N who="2" m="183" /><F40/><W90/><G83/><T120/><D130/><N who="3" m="49705" /><G125/><T14/><D121/><U18/><E67/><V0/><F0/><W129/><N who="3" m="49713" /><W107/><DORA hai="116" /><G107/><T66/><D66/><U103/><REACH who="1" step="1"/><E103/><REACH who="1" ten="242,187,334,227" step="2"/><V84/><F64/><W1/><G1/><T37/><D37/><U85/><E85/><V74/><F84/><N who="3" m="52359" /><G100/><T21/><D122/><U124/><E124/><V95/><F74/><W23/><AGARI ba="0,1" hai="16,23,26,89,90" m="52359,49713,51755" machi="23" ten="50,8000,1" yaku="20,1,19,1,52,1,54,2" doraHai="91,116" who="3" fromWho="3" sc="242,-40,187,-20,334,-20,227,90" /><INIT seed="5,0,0,3,4,66" ten="202,167,314,317" oya="1" hai0="94,7,85,96,37,17,50,30,39,133,56,65,72" hai1="121,63,54,93,95,90,33,68,2,20,69,127,3" hai2="118,112,84,6,55,64,80,18,34,116,42,74,13" hai3="41,47,29,79,81,83,49,57,60,98,122,105,77"/><U113/><E121/><V110/><F110/><W5/><G122/><T9/><D72/><U36/><E33/><V103/><F74/><W62/><G29/><T10/><D30/><U101/><E36/><V16/><F34/><W26/><G26/><T35/><D35/><U89/><E101/><V40/><F64/><W8/><G105/><T22/><D133/><U59/><E127/><V78/><F103/><W23/><G23/><T52/><D65/><U38/><E38/><V76/><F112/><W21/><G21/><T67/><D85/><U114/><E20/><V4/><F55/><W135/><G98/><T120/><D67/><U44/><E44/><V53/><F53/><W92/><G92/><T24/><D10/><U129/><E129/><V11/><F78/><W126/><G135/><T87/><D87/><U123/><E123/><V82/><F82/><W134/><G126/><T48/><D50/><U128/><E128/><V45/><F42/><W27/><G81/><T70/><D70/><N who="1" m="27243" /><E95/><V119/><F6/><W115/><G5/><T132/><D132/><U117/><E117/><V58/><F58/><W91/><G57/><T43/><D43/><U97/><E90/><V102/><F102/><W71/><G91/><T73/><D73/><U1/><E1/><V108/><F108/><W99/><G71/><T0/><D120/><U51/><E51/><AGARI ba="0,0" hai="4,11,13,16,18,40,45,51,76,80,84,116,118,119" machi="51" ten="40,5200,0" yaku="25,2,54,1" doraHai="66" who="2" fromWho="1" sc="202,0,167,-52,314,52,317,0" /><INIT seed="6,0,0,0,2,79" ten="202,115,366,317" oya="2" hai0="49,76,2,39,4,21,50,62,33,84,13,54,20" hai1="59,8,110,122,116,34,95,91,3,17,77,128,124" hai2="102,85,113,5,67,53,26,9,127,36,121,51,108" hai3="38,78,73,32,135,27,103,120,130,65,134,6,126"/><V89/><F36/><W30/><G120/><T58/><D33/><U97/><E122/><V41/><F41/><W133/><G126/><T24/><D2/><U131/><E116/><V114/><F67/><W105/><G130/><N who="1" m="49706" /><E110/><V19/><F102/><W1/><G65/><T81/><D39/><U119/><E119/><V87/><F87/><W106/><G103/><T96/><D96/><U64/><E124/><V71/><F71/><W101/><G101/><T82/><D82/><U75/><E34/><V52/><F108/><W44/><G44/><T115/><D115/><N who="2" m="44042" /><F51/><W42/><G42/><T69/><D69/><U93/><E95/><N who="2" m="54703" /><F121/><W29/><G38/><T31/><D4/><N who="1" m="1055" /><E64/><V48/><F48/><W72/><G30/><T61/><D50/><U70/><E70/><V94/><F94/><W104/><G78/><T90/><D76/><U15/><E59/><V123/><F127/><W7/><G7/><T18/><AGARI ba="0,0" hai="13,18,20,21,24,31,49,54,58,61,62,81,84,90" machi="18" ten="30,4000,0" yaku="0,1,8,1,52,1" doraHai="79" who="0" fromWho="0" sc="202,40,115,-10,366,-20,317,-10" /><INIT seed="7,0,0,3,2,119" ten="242,105,346,307" oya="3" hai0="133,63,37,3,66,67,17,71,2,121,32,97,108" hai1="34,65,68,13,74,60,115,104,12,56,93,15,107" hai2="25,36,96,18,35,26,49,130,118,1,59,135,22" hai3="58,20,127,70,14,92,129,80,125,122,11,27,87"/><W39/><G70/><T64/><D108/><U7/><E34/><V9/><F36/><W51/><G39/><T131/><D37/><U86/><E74/><V61/><F118/><W79/><G129/><T53/><D32/><U46/><E7/><V33/><F130/><W82/><G92/><T76/><D131/><U72/><E72/><V128/><F128/><W45/><G58/><T29/><D29/><U24/><E68/><V54/><F135/><W120/><G82/><T40/><D40/><U48/><E24/><V6/><F26/><W103/><G103/><T28/><D28/><U114/><E93/><V41/><F96/><W21/><G27/><T75/><D97/><U55/><REACH who="1" step="1"/><E86/><REACH who="1" ten="242,95,346,307" step="2"/><V44/><AGARI ba="0,1" hai="1,6,9,18,22,25,33,35,41,44,49,54,59,61" machi="44" ten="30,1100,0" yaku="0,1" doraHai="119" who="2" fromWho="2" sc="242,-3,95,-3,346,21,307,-5" owari="239,-16.0,92,-41.0,367,47.0,302,10.0" /></mjloggm>