<mjloggm ver="2.3"><GO type="185" lobby="0"/><UN n0="%E3%81%82%E3%81%9F%E3%82%89%E3%81%AA%E3%81%84%E3%81%A7%EF%BC%81" n1="%E3%81%82%E3%81%96%E3%81%B6" n2="%E3%81%BF%E3%83%BC%E3%82%8F" n3="" dan="16,17,17,0" rate="2153.35,2253.39,2244.81,1500.00" sx="M,M,M,C"/><TAIKYOKU oya="0"/><INIT seed="0,0,0,1,0,114" ten="350,350,350,0" oya="0" hai0="59,127,124,34,105,129,89,74,119,84,45,63,0" hai1="64,108,58,53,69,43,121,73,95,51,47,88,35" hai2="94,125,135,91,61,93,112,78,115,77,55,99,54" hai3=""/><T81/><D0/><U1/><N who="1" m="31008" /><U38/><E1/><V103/><F135/><T131/><D34/><U41/><E35/><V79/><F125/><N who="0" m="48202" /><D45/><U116/><E73/><V132/><F132/><T130/><D105/><U120/><N who="1" m="30752" /><U3/><E3/><V68/><F68/><T92/><D59/><U107/><E107/><V71/><F71/><T80/><D63/><U101/><E101/><V96/><REACH who="2" step="1"/><F61/><REACH who="2" ten="350,350,340,0" step="2"/><T36/><D36/><U85/><E38/><V33/><F33/><T122/><N who="0" m="31264" /><T32/><D32/><U123/><E123/><V52/><AGARI ba="0,1" hai="52,54,55,77,78,79,91,93,94,96,99,103,112,115" machi="52" ten="30,9000,2" yaku="1,1,0,1,54,1,53,3" doraHai="114" doraHaiUra="49" who="2" fromWho="2" sc="350,-60,350,-30,340,100,0,0" /><INIT seed="1,0,0,0,2,129" ten="290,320,440,0" oya="1" hai0="72,118,71,47,33,92,88,46,35,127,83,131,43" hai1="102,76,106,113,56,49,3,78,38,109,90,48,53" hai2="135,117,41,60,119,126,107,73,89,134,52,116,96" hai3=""/><U81/><E113/><V50/><F73/><T108/><D131/><U58/><E3/><V64/><F41/><T36/><D108/><U67/><E38/><V99/><F126/><T55/><D71/><U82/><E109/><V115/><F115/><T0/><D0/><U51/><E90/><V87/><F107/><T69/><D69/><U63/><E102/><V79/><F79/><T111/><D111/><U124/><E106/><V100/><F100/><T104/><D104/><U44/><E124/><V57/><F87/><T61/><D118/><U37/><E37/><V34/><F34/><T128/><D128/><U121/><N who="1" m="31008" /><U39/><E39/><V70/><F89/><T114/><D114/><U77/><REACH who="1" step="1"/><E51/><REACH who="1" ten="290,310,440,0" step="2"/><V105/><REACH who="2" step="1"/><F105/><REACH who="2" ten="290,310,430,0" step="2"/><T32/><D127/><U110/><E110/><V103/><F103/><T66/><D32/><U75/><E75/><V101/><F101/><T98/><D33/><U120/><N who="1" m="30752" /><U91/><E91/><V68/><F68/><T85/><D35/><U1/><E1/><V2/><F2/><T125/><D72/><U132/><E132/><AGARI ba="0,2" hai="50,52,57,60,64,70,96,99,116,117,119,132,134,135" machi="132" ten="50,12000,2" yaku="1,1,20,1,52,3,54,1,53,0" doraHai="129" doraHaiUra="122" who="2" fromWho="1" sc="290,0,310,-120,430,140,0,0" /><INIT seed="2,0,0,5,4,112" ten="290,190,570,0" oya="2" hai0="117,56,74,43,122,51,80,87,52,110,49,42,91" hai1="85,96,88,90,135,46,82,107,118,99,81,115,37" hai2="114,111,119,131,75,57,66,54,36,34,77,120,58" hai3=""/><V95/><N who="2" m="30752" /><V2/><F114/><T55/><N who="0" m="31264" /><T40/><D110/><U126/><E115/><V134/><F119/><T53/><D74/><U128/><E37/><V93/><F2/><T105/><D105/><U133/><E46/><V71/><F34/><T123/><N who="0" m="31520" /><T89/><D117/><U64/><E64/><V130/><F36/><T50/><REACH who="0" step="1"/><D91/><REACH who="0" ten="280,190,570,0" step="2"/><U44/><E118/><V60/><F75/><T109/><D109/><U106/><E126/><V69/><F111/><T63/><AGARI ba="0,1" hai="40,42,43,49,50,51,52,53,55,56,63,80,87,89" m="31520,31264" machi="63" ten="30,12000,3" yaku="1,1,0,1,8,1,52,2,54,1,53,3" doraHai="112" doraHaiUra="45" who="0" fromWho="0" sc="280,130,190,-40,570,-80,0,0" /><INIT seed="4,0,0,2,0,72" ten="410,150,490,0" oya="0" hai0="80,112,46,54,110,70,2,40,130,115,127,102,83" hai1="3,76,120,51,77,42,103,53,125,44,71,88,87" hai2="0,108,90,57,73,34,68,119,84,122,113,81,123" hai3=""/><T134/><D2/><U86/><N who="1" m="30752" /><U132/><E3/><V63/><N who="2" m="31264" /><V98/><N who="2" m="31520" /><V121/><N who="2" m="31008" /><V38/><F0/><T47/><D110/><U91/><E71/><V69/><F34/><T96/><D70/><U135/><E103/><V131/><F108/><T64/><D64/><U133/><E125/><V56/><F131/><T118/><D130/><U67/><E67/><V1/><F1/><T94/><D127/><U39/><E86/><V129/><F129/><T62/><D46/><U97/><E97/><V124/><F113/><T50/><D112/><U35/><E35/><V75/><F38/><T104/><D115/><U79/><E87/><V52/><F119/><T74/><D118/><U45/><AGARI ba="0,0" hai="39,42,44,45,51,53,76,77,79,88,91,132,133,135" m="30752" machi="45" ten="40,9000,2" yaku="0,1,20,1,52,4,54,1" doraHai="72" who="1" fromWho="1" sc="410,-60,150,90,490,-30,0,0" /><INIT seed="5,0,0,3,3,115" ten="350,240,460,0" oya="1" hai0="131,95,39,66,36,97,83,118,112,44,33,50,114" hai1="89,127,68,41,32,45,121,116,37,42,113,86,92" hai2="109,117,98,35,76,71,106,77,43,103,56,65,128" hai3=""/><U88/><N who="1" m="31008" /><U67/><E32/><V52/><F109/><T69/><D33/><U46/><E113/><N who="0" m="43625" /><D131/><U58/><E127/><V38/><F128/><T78/><D69/><U81/><E68/><V84/><F117/><T59/><D59/><U85/><E116/><V90/><F35/><T105/><D66/><U57/><REACH who="1" step="1"/><E67/><REACH who="1" ten="350,230,460,0" step="2"/><V119/><F119/><T74/><D118/><U75/><E75/><V91/><F65/><T102/><D105/><U3/><E3/><V53/><F106/><T132/><D132/><U93/><E93/><V108/><F71/><T94/><D95/><U73/><E73/><V110/><F110/><T133/><D133/><U124/><E124/><V64/><F108/><T99/><D99/><U40/><E40/><AGARI ba="0,1" hai="36,39,40,44,50,74,78,83,94,97,102" m="43625" machi="40" ten="30,1000,0" yaku="15,1" doraHai="115" who="0" fromWho="1" sc="350,20,230,-10,460,0,0,0" /><INIT seed="6,0,0,1,0,111" ten="370,220,460,0" oya="2" hai0="93,102,112,81,89,78,120,66,128,100,77,87,101" hai1="127,59,52,116,121,53,91,126,134,109,46,118,38" hai2="64,47,106,42,54,1,69,2,50,58,84,117,113" hai3=""/><V57/><F117/><N who="1" m="45161" /><E91/><V39/><F113/><T133/><N who="0" m="30752" /><T110/><D66/><U122/><N who="1" m="31008" /><U74/><N who="1" m="31264" /><U33/><E74/><V37/><F106/><T92/><D110/><U61/><E33/><V95/><F1/><T103/><D128/><U115/><E109/><V49/><F84/><T68/><D68/><U32/><E32/><V104/><F95/><N who="0" m="36426" /><D133/><U75/><E75/><V72/><F104/><T67/><D67/><U51/><E134/><V34/><F72/><T130/><D130/><U80/><E80/><V0/><F2/><T55/><D55/><U98/><E98/><V83/><F0/><T99/><D112/><U79/><E79/><N who="0" m="30217" /><D103/><U41/><E115/><V73/><F34/><T119/><D119/><U36/><E38/><V56/><F37/><T88/><D89/><U97/><E97/><AGARI ba="0,0" hai="81,87,88,97,99,100,101,102" m="30217,36426,30752" machi="97" ten="30,16000,3" yaku="8,1,35,5,52,1,54,1" doraHai="111" who="0" fromWho="1" sc="370,160,220,-160,460,0,0,0" owari="530,48.0,60,-54.0,460,6.0,0,0.0" /></mjloggm>