<mjloggm ver="2.3"><GO type="185" lobby="0"/><UN n0="%E3%81%9F%E3%81%BE%E3%82%89%E3%82%93%E3%82%AC%E3%83%83%E3%83%91" n1="%6E%69%6B%6F%6C%75%30%33" n2="%E6%B5%B7%E8%83%86%E3%83%88%E3%83%AD%E7%83%8F%E8%B3%8A" n3="" dan="16,17,18,0" rate="2125.93,2275.62,2372.70,1500.00" sx="M,M,M,C"/><TAIKYOKU oya="0"/><INIT seed="0,0,0,2,5,126" ten="350,350,350,0" oya="0" hai0="37,83,60,52,123,41,81,131,97,84,67,86,39" hai1="33,59,2,98,134,49,79,112,106,121,118,91,56" hai2="42,43,99,63,110,82,44,116,85,40,109,127,133" hai3=""/><T105/><N who="0" m="31520" /><T76/><D131/><U53/><N who="1" m="31008" /><U108/><E118/><V72/><F127/><T70/><D41/><U78/><E2/><V132/><F72/><T119/><D119/><U130/><E33/><V57/><F99/><T65/><D65/><U95/><E112/><V50/><F85/><T48/><D105/><U34/><E34/><V61/><F82/><T89/><REACH who="0" step="1"/><D97/><REACH who="0" ten="340,350,350,0" step="2"/><U94/><E106/><V120/><N who="2" m="30752" /><V101/><F116/><T107/><D107/><U54/><E130/><V96/><F96/><T135/><D135/><U51/><E134/><V90/><F133/><T71/><D71/><U66/><E66/><V114/><F132/><T111/><D111/><U69/><E69/><V1/><F110/><T55/><D55/><U122/><N who="1" m="31264" /><U45/><E108/><V92/><F109/><T64/><D64/><U88/><E45/><AGARI ba="0,1" hai="37,39,45,48,52,60,67,70,76,81,83,84,86,89" m="31520" machi="45" ten="30,12000,1" yaku="1,1,7,1,52,1,54,1,53,1" doraHai="126" doraHaiUra="87" who="0" fromWho="1" sc="340,130,350,-120,350,0,0,0" /><INIT seed="0,1,0,0,5,77" ten="470,230,350,0" oya="0" hai0="117,94,57,104,71,84,123,58,74,64,107,40,51" hai1="45,126,120,35,122,53,56,135,116,55,82,63,131" hai2="72,59,124,106,132,92,113,44,61,2,68,39,90" hai3=""/><T70/><N who="0" m="31520" /><T69/><D74/><U99/><N who="1" m="30752" /><U54/><N who="1" m="31264" /><U128/><E35/><V109/><F2/><T60/><D117/><U81/><E116/><V0/><F0/><T89/><REACH who="0" step="1"/><D58/><REACH who="0" ten="460,230,350,0" step="2"/><U50/><E126/><V1/><F72/><T129/><D129/><N who="1" m="49739" /><E135/><V108/><F59/><T105/><D105/><U85/><E85/><V130/><F106/><T125/><D125/><U65/><E99/><V43/><F124/><T79/><D79/><U80/><AGARI ba="1,1" hai="45,50,53,54,55,56,63,65,80,81,82" m="49739,31264,30752" machi="80" ten="30,9000,2" yaku="19,1,52,5" doraHai="77" who="1" fromWho="1" sc="460,-61,230,102,350,-31,0,0" /><INIT seed="1,0,0,2,2,96" ten="399,332,319,0" oya="1" hai0="104,134,59,80,60,54,124,79,51,83,73,36,101" hai1="1,87,89,50,112,49,76,133,81,58,94,126,48" hai2="114,97,99,62,93,119,110,57,123,71,95,69,74" hai3=""/><U85/><E112/><V52/><N who="2" m="31520" /><V46/><F119/><T40/><D124/><U118/><E118/><V131/><F114/><T53/><D134/><U135/><E1/><V86/><F74/><T90/><D36/><U42/><E126/><V125/><F125/><T92/><D40/><U34/><E34/><V115/><F115/><T84/><D83/><U37/><REACH who="1" step="1"/><E58/><REACH who="1" ten="399,322,319,0" step="2"/><V32/><F32/><T106/><D101/><U100/><E100/><V77/><F57/><AGARI ba="0,1" hai="51,53,54,57,59,60,73,79,80,84,90,92,104,106" machi="57" ten="30,1000,0" yaku="7,1" doraHai="96" who="0" fromWho="2" sc="399,20,322,0,319,-10,0,0" /><INIT seed="2,0,0,5,4,65" ten="419,322,309,0" oya="2" hai0="34,66,102,100,111,92,90,106,47,67,68,69,44" hai1="97,110,73,109,83,46,84,48,91,87,37,96,50" hai2="95,120,122,38,79,88,64,121,36,128,99,2,61" hai3=""/><V53/><N who="2" m="30752" /><V126/><N who="2" m="31008" /><V49/><N who="2" m="31264" /><V86/><F2/><T104/><D34/><U33/><E33/><V125/><F128/><T60/><D111/><N who="1" m="42507" /><E73/><V112/><F112/><T129/><D129/><U118/><E118/><V113/><F113/><T71/><D90/><U56/><E56/><V94/><F49/><N who="1" m="19049" /><E84/><V51/><F79/><T32/><D32/><U43/><AGARI ba="0,0" hai="37,43,46,83,87,91,96,97" m="19049,42507" machi="43" ten="30,800,0" yaku="14,1" doraHai="65" who="1" fromWho="1" sc="419,-3,322,8,309,-5,0,0" /><INIT seed="4,0,0,3,1,35" ten="416,330,304,0" oya="0" hai0="47,120,98,76,64,66,118,117,33,69,106,85,135" hai1="108,3,43,93,134,56,133,84,91,82,116,68,57" hai2="48,99,37,61,36,51,129,122,127,89,63,45,46" hai3=""/><T2/><N who="0" m="30752" /><T80/><D33/><U95/><E108/><V126/><N who="2" m="31264" /><V105/><F89/><T128/><D128/><U123/><N who="1" m="31520" /><U65/><E116/><V110/><F99/><T49/><D135/><N who="1" m="51723" /><E43/><V74/><F74/><T55/><D2/><U130/><E130/><V75/><F75/><T131/><D131/><U87/><E95/><V38/><F105/><T96/><D96/><U109/><E109/><V67/><F129/><T79/><D79/><U71/><E3/><V42/><F110/><T103/><REACH who="0" step="1"/><D69/><REACH who="0" ten="406,330,304,0" step="2"/><N who="1" m="26699" /><E65/><AGARI ba="0,1" hai="47,49,55,64,65,66,76,80,85,98,103,106,117,118" m="30752" machi="65" ten="40,3900,0" yaku="1,1,52,1,53,0" doraHai="35" doraHaiUra="54" who="0" fromWho="1" sc="406,49,330,-39,304,0,0,0" /><INIT seed="4,1,0,4,1,60" ten="455,291,304,0" oya="0" hai0="49,38,70,67,86,98,56,107,0,110,121,3,81" hai1="61,126,76,44,96,66,57,119,73,103,46,102,34" hai2="129,79,84,99,80,85,122,69,112,63,114,118,105" hai3=""/><T104/><N who="0" m="31008" /><T37/><D110/><U72/><E119/><V2/><N who="2" m="31264" /><V113/><F2/><T91/><D70/><U48/><E34/><V62/><F118/><T55/><D107/><U111/><E111/><V68/><F129/><T35/><D35/><U65/><E126/><V132/><F132/><T115/><D115/><U1/><E1/><V50/><F50/><T54/><D67/><U125/><E125/><V124/><F124/><T130/><D130/><U36/><E103/><V109/><F109/><T133/><D133/><U32/><E32/><V87/><F68/><T88/><D38/><U43/><E76/><V101/><REACH who="2" step="1"/><F69/><REACH who="2" ten="455,291,294,0" step="2"/><T74/><D3/><U78/><E61/><AGARI ba="1,1" hai="61,62,63,79,80,84,85,87,99,101,105,112,113,114" m="31264" machi="61" ten="40,8000,1" yaku="1,1,2,1,15,1,52,1,53,0" doraHai="60" doraHaiUra="64" who="2" fromWho="1" sc="455,0,291,-82,294,92,0,0" /><INIT seed="5,0,0,0,4,114" ten="455,209,386,0" oya="1" hai0="98,49,83,0,61,91,112,51,122,78,3,129,41" hai1="58,123,75,84,42,32,134,100,40,44,52,101,109" hai2="95,126,74,65,125,55,47,121,113,88,68,64,116" hai3=""/><U37/><N who="1" m="31520" /><U2/><E32/><V80/><N who="2" m="31008" /><V130/><F116/><T54/><N who="0" m="31264" /><T82/><D112/><U60/><E2/><V107/><F107/><T117/><D129/><U92/><E75/><V105/><F105/><T104/><D117/><U46/><E134/><V79/><F113/><T110/><D110/><U67/><E109/><V90/><F130/><T133/><D133/><U45/><E84/><V85/><F90/><T120/><N who="0" m="30752" /><T124/><D124/><N who="2" m="47722" /><F68/><T50/><D104/><U77/><E77/><V48/><AGARI ba="0,0" hai="47,48,55,64,65,74,79,80,85,88,95" m="47722,31008" machi="48" ten="30,3000,0" yaku="18,1,52,1,54,1" doraHai="114" who="2" fromWho="2" sc="455,-10,209,-20,386,30,0,0" /><INIT seed="6,0,0,5,5,119" ten="445,189,416,0" oya="2" hai0="88,3,66,76,110,63,61,2,49,50,37,64,1" hai1="132,70,60,53,128,83,121,97,79,95,80,111,51" hai2="93,32,42,40,108,106,62,107,87,34,99,41,117" hai3=""/><V72/><F117/><T56/><D110/><U55/><N who="1" m="31008" /><U109/><E128/><V71/><F72/><T124/><D124/><U86/><E132/><V38/><F38/><T105/><D37/><U57/><E80/><V100/><F108/><T46/><D105/><U73/><E70/><V68/><F68/><T120/><N who="0" m="30752" /><T96/><D76/><U35/><E35/><V113/><F113/><T54/><D50/><U103/><REACH who="1" step="1"/><E73/><REACH who="1" ten="445,179,416,0" step="2"/><V47/><F32/><T45/><D1/><U126/><E126/><V84/><F34/><T43/><D2/><U123/><N who="1" m="31520" /><U39/><E39/><V114/><F114/><T130/><D3/><U75/><E75/><V131/><F131/><T77/><D130/><U102/><E102/><V90/><F100/><T89/><D89/><U98/><E98/><V115/><F115/><T67/><D88/><U48/><E48/><V82/><F99/><T69/><D96/><U133/><E133/><V44/><F71/><T81/><D69/><U112/><E112/><V127/><F127/><T65/><D81/><U52/><E52/><V74/><F74/><T116/><D67/><U134/><E134/><V59/><F82/><T101/><D101/><U125/><E125/><V92/><F90/><RYUUKYOKU ba="0,1" sc="445,-10,179,20,416,-10,0,0" hai1="51,53,55,57,60,79,83,86,95,97,103,109,111" owari="445,39.0,199,-40.0,406,1.0,0,0.0" /></mjloggm>