<mjloggm ver="2.3"><GO type="169" lobby="0"/><UN n0="%73%69%6E%34%36" n1="%E4%B9%9D%E4%B8%88%E8%8A%B1%E9%9F%B3" n2="%E9%9B%80%E8%8D%98%E4%B8%AD%E5%B7%9D" n3="%E5%A4%95%E5%87%AA" dan="16,16,17,18" rate="2168.62,2176.71,2184.01,2209.52" sx="M,F,M,M"/><TAIKYOKU oya="0"/><INIT seed="0,0,0,0,1,85" ten="250,250,250,250" oya="0" hai0="60,6,78,1,119,90,15,19,87,79,99,29,104" hai1="95,113,77,66,108,2,30,43,40,93,127,122,24" hai2="73,65,7,124,18,37,11,75,46,20,51,135,88" hai3="9,34,111,52,0,16,91,49,13,35,69,55,50"/><T27/><D119/><U21/><E122/><V56/><F37/><W130/><G69/><T128/><D128/><U62/><E108/><V100/><F100/><W48/><G111/><T47/><D1/><U92/><E127/><V54/><F124/><W86/><G130/><T25/><D6/><U44/><E113/><V36/><F135/><W33/><REACH who="3" step="1"/><G0/><REACH who="3" ten="250,250,250,240" step="2"/><T61/><D104/><U129/><E2/><V28/><F75/><W83/><AGARI ba="0,1" hai="9,13,16,33,34,35,48,49,50,52,55,83,86,91" machi="83" ten="40,12000,2" yaku="1,1,2,1,0,1,52,1,54,2,53,0" doraHai="85" doraHaiUra="114" who="3" fromWho="3" sc="250,-60,250,-30,250,-30,240,130" /><INIT seed="1,0,0,1,2,84" ten="190,220,220,370" oya="1" hai0="4,134,40,70,92,15,64,43,97,112,94,0,19" hai1="125,116,7,55,53,71,2,102,123,11,109,63,39" hai2="30,90,17,76,37,41,111,131,66,81,101,3,8" hai3="75,45,36,31,21,23,58,47,78,46,132,72,129"/><U32/><E116/><V91/><F111/><W18/><G36/><T135/><D112/><U68/><E123/><V122/><F122/><W120/><G120/><T74/><D74/><U10/><E125/><V105/><F131/><W80/><G129/><T82/><D4/><U83/><E39/><V87/><F30/><W73/><G132/><N who="0" m="50731" /><D0/><U5/><E32/><V35/><F35/><W107/><G107/><T126/><D82/><U89/><E102/><V104/><F66/><W60/><G31/><T115/><D115/><U54/><E63/><V59/><F59/><W67/><G23/><N who="0" m="11775" /><D92/><U49/><E49/><V16/><F3/><W51/><G51/><T86/><D86/><U38/><E38/><V103/><F105/><W95/><G95/><T44/><D44/><U127/><E109/><V79/><F104/><W118/><G118/><T113/><D126/><U9/><E127/><V1/><F1/><W124/><G124/><T13/><D13/><U133/><E133/><V114/><F114/><W62/><G62/><N who="0" m="40215" /><D113/><U110/><E110/><V61/><F61/><W26/><AGARI ba="0,0" hai="18,21,26,45,46,47,58,60,67,72,73,75,78,80" machi="26" ten="30,1100,0" yaku="0,1" doraHai="84" who="3" fromWho="3" sc="190,-3,220,-5,220,-3,370,11" /><INIT seed="2,0,0,4,2,36" ten="187,215,217,381" oya="2" hai0="34,0,23,13,52,51,22,14,100,107,75,125,76" hai1="101,33,95,35,63,1,21,89,87,7,71,15,133" hai2="116,58,17,26,45,24,29,106,84,90,91,60,73" hai3="119,126,109,46,66,18,31,83,50,122,65,120,4"/><V85/><F116/><W62/><G119/><T30/><D0/><U74/><E133/><V61/><F73/><W57/><G31/><T43/><D125/><U67/><E74/><V38/><F106/><W97/><G4/><T130/><D34/><U40/><E1/><V111/><F111/><W94/><G126/><T80/><D130/><U20/><E20/><V28/><F17/><W9/><G109/><T135/><D135/><U27/><E101/><V112/><F112/><W79/><G66/><T129/><D129/><U124/><E124/><V96/><F96/><W123/><G9/><T105/><D43/><U82/><E40/><V117/><F117/><W110/><G18/><T56/><D22/><U81/><E35/><V78/><F58/><W98/><G110/><T134/><D134/><U11/><REACH who="1" step="1"/><E33/><REACH who="1" ten="187,205,217,381" step="2"/><V70/><F70/><W6/><G123/><T47/><D100/><U19/><AGARI ba="0,1" hai="7,11,15,19,21,27,63,67,71,81,82,87,89,95" machi="19" ten="20,5200,0" yaku="1,1,2,1,0,1,7,1,53,0" doraHai="36" doraHaiUra="93" who="1" fromWho="1" sc="187,-13,205,62,217,-26,381,-13" /><INIT seed="3,0,0,5,3,107" ten="174,267,191,368" oya="3" hai0="33,49,37,62,45,127,5,54,91,122,52,47,131" hai1="106,82,124,73,53,77,92,56,24,83,32,23,114" hai2="119,98,9,51,134,16,93,111,59,57,88,18,103" hai3="112,21,8,102,2,40,66,69,85,97,58,38,35"/><W42/><G112/><T129/><D33/><U67/><E114/><V71/><F119/><W100/><G35/><T109/><D5/><U115/><E115/><V68/><F111/><W25/><G69/><T26/><D26/><U96/><E124/><V14/><F134/><W121/><G121/><T76/><D91/><U132/><E132/><V81/><F71/><W10/><G85/><T90/><D90/><U126/><E126/><V123/><F68/><W50/><G38/><T29/><D76/><U34/><E106/><V70/><F70/><W28/><G102/><T46/><D29/><U1/><E1/><V118/><F118/><W63/><G50/><N who="0" m="28751" /><D127/><U12/><E12/><V79/><F123/><W89/><G89/><T20/><D20/><U133/><E83/><V113/><F113/><W0/><G0/><T61/><D109/><U65/><E34/><V101/><F18/><W108/><G108/><T75/><D75/><U116/><E32/><V74/><F51/><W60/><G10/><T94/><D94/><U117/><E133/><V15/><F15/><W11/><G11/><T87/><D87/><U125/><E125/><V6/><F6/><W27/><G27/><T99/><D99/><U22/><E22/><V41/><F41/><W110/><G8/><T36/><D122/><U104/><E104/><V43/><F43/><W130/><G110/><T128/><D46/><U80/><E80/><V84/><F103/><W3/><G3/><T64/><D64/><U78/><E117/><V31/><F31/><W135/><G2/><T86/><D86/><N who="1" m="48463" /><E116/><V39/><F39/><AGARI ba="0,0" hai="36,37,39,47,49,54,61,62,128,129,131" m="28751" machi="39" ten="40,8000,1" yaku="6,1,19,1,34,2,54,1" doraHai="107" who="0" fromWho="2" sc="174,80,267,0,191,-80,368,0" /><INIT seed="4,0,0,0,5,125" ten="254,267,111,368" oya="0" hai0="53,38,1,20,67,87,27,131,76,86,47,62,92" hai1="29,98,32,117,34,126,36,24,89,17,88,95,49" hai2="14,8,90,110,97,107,108,35,55,59,44,60,48" hai3="23,11,40,100,69,31,71,102,2,42,101,106,77"/><T129/><D1/><U72/><E117/><V79/><F35/><W12/><G106/><T54/><D76/><U118/><E118/><V103/><F79/><W10/><G77/><T63/><D63/><U3/><E36/><V114/><F90/><W58/><G2/><T94/><D94/><U64/><E72/><V33/><F33/><W83/><G83/><T105/><D105/><U84/><E126/><V45/><F114/><W128/><G71/><T130/><D38/><U78/><E3/><V56/><F56/><W7/><G10/><T61/><D61/><U120/><E34/><V15/><F45/><W18/><G31/><N who="0" m="17895" /><D47/><U21/><E120/><V5/><REACH who="2" step="1"/><F15/><REACH who="2" ten="254,267,101,368" step="2"/><W73/><G12/><T51/><D51/><U81/><E32/><V37/><F37/><W41/><G58/><N who="0" m="37335" /><D86/><U74/><E49/><V13/><F13/><W124/><G124/><T19/><D19/><U39/><E39/><V82/><F82/><W43/><G18/><T122/><D122/><U6/><E17/><V96/><F96/><W65/><G65/><AGARI ba="0,1" hai="5,8,14,44,48,55,59,60,65,97,103,107,108,110" machi="65" ten="30,2000,0" yaku="1,1,7,1,53,0" doraHai="125" doraHaiUra="30" who="2" fromWho="3" sc="254,0,267,0,101,30,368,-20" /><INIT seed="5,0,0,3,4,67" ten="254,267,131,348" oya="1" hai0="22,91,58,43,18,27,131,40,60,34,7,55,11" hai1="72,112,117,57,85,87,109,116,25,90,111,80,2" hai2="102,37,48,35,120,127,76,70,20,73,96,42,71" hai3="59,108,12,14,6,103,23,98,104,50,119,124,61"/><U16/><E2/><V46/><F120/><W49/><G108/><N who="1" m="41546" /><E57/><V8/><F35/><W4/><G124/><T133/><D131/><U0/><E0/><V77/><F127/><W26/><G119/><T45/><D133/><U129/><E129/><V30/><F8/><W83/><G83/><T122/><D122/><U54/><E54/><V39/><F30/><W115/><G115/><T84/><D34/><U9/><E112/><V32/><F32/><W97/><G4/><T125/><D45/><U17/><E72/><V121/><F20/><W5/><G5/><T126/><D126/><U81/><E25/><V79/><F73/><W10/><G14/><N who="0" m="5503" /><D125/><U21/><E21/><V106/><REACH who="2" step="1"/><F121/><REACH who="2" ten="254,267,121,348" step="2"/><W75/><G23/><T99/><D22/><U19/><E9/><V53/><F53/><W113/><G113/><T28/><D55/><U74/><E74/><V128/><F128/><W86/><G75/><T31/><D31/><U51/><E51/><V135/><F135/><W82/><G50/><T89/><D28/><U62/><E62/><V64/><F64/><N who="3" m="38975" /><G49/><T114/><D60/><U69/><E116/><V95/><F95/><W123/><G123/><T94/><D114/><U1/><E117/><V38/><AGARI ba="0,1" hai="37,38,39,42,46,48,70,71,76,77,79,96,102,106" machi="38" ten="40,8000,1" yaku="1,1,0,1,52,2,53,0" doraHai="67" doraHaiUra="134" who="2" fromWho="2" sc="254,-20,267,-40,121,90,348,-20" /><INIT seed="6,0,0,0,2,9" ten="234,227,211,328" oya="2" hai0="117,23,43,131,33,101,90,38,88,77,37,55,3" hai1="97,15,115,17,78,128,125,6,119,110,69,75,58" hai2="118,127,4,82,67,48,60,135,49,7,5,44,22" hai3="98,89,111,108,12,57,65,120,25,66,94,40,26"/><V95/><F118/><W24/><G120/><T73/><D33/><U99/><E110/><V132/><F127/><W96/><G40/><T104/><D3/><U11/><E119/><V74/><F95/><N who="3" m="56431" /><G111/><T72/><D43/><U112/><E69/><V106/><F106/><W126/><G108/><T20/><D77/><U21/><E125/><V27/><F82/><W130/><G130/><T61/><D55/><U54/><E128/><V116/><F74/><W70/><G70/><T0/><D61/><N who="1" m="36055" /><E75/><V59/><F116/><W46/><G46/><T113/><D0/><U41/><E78/><V50/><REACH who="2" step="1"/><F44/><REACH who="2" ten="234,227,201,328" step="2"/><W86/><G126/><T13/><D117/><U1/><E112/><V107/><F107/><W80/><G94/><T83/><D104/><U35/><E115/><V8/><F8/><W53/><G80/><T18/><D83/><U47/><E47/><V124/><F124/><W123/><G123/><T105/><D105/><U63/><E11/><V36/><F36/><W32/><G86/><T122/><D113/><U56/><E99/><V93/><F93/><W133/><G98/><T42/><D131/><U91/><E97/><V121/><F121/><W52/><G133/><T109/><D122/><U16/><E91/><V71/><F71/><W34/><G34/><T87/><D109/><U102/><E35/><V29/><AGARI ba="0,1" hai="4,5,7,22,27,29,48,49,50,59,60,67,132,135" machi="29" ten="40,3900,0" yaku="1,1,0,1,53,0" doraHai="9" doraHaiUra="68" who="2" fromWho="2" sc="234,-13,227,-13,201,49,328,-13" /><INIT seed="6,1,0,4,3,123" ten="221,214,250,315" oya="2" hai0="39,49,110,56,126,74,30,41,69,131,17,33,89" hai1="28,55,54,68,35,48,7,114,27,102,16,31,94" hai2="106,53,20,128,115,1,122,46,40,78,24,21,130" hai3="6,37,23,0,9,120,8,132,36,4,58,83,80"/><V82/><F122/><W22/><G120/><T134/><D74/><U121/><E121/><V2/><F106/><W5/><G58/><T47/><D126/><U90/><E68/><V66/><F66/><W101/><G101/><T86/><D131/><N who="2" m="50218" /><F53/><W96/><G96/><T127/><D30/><N who="1" m="11307" /><E35/><V77/><F115/><W51/><G51/><T71/><D33/><U105/><E105/><V133/><F133/><W75/><G75/><T97/><D127/><U76/><E76/><N who="2" m="29291" /><F82/><W44/><G132/><T112/><D134/><U135/><E135/><V65/><F65/><W116/><G116/><T13/><D112/><U15/><E114/><V29/><F21/><W12/><G23/><T25/><D71/><U10/><E48/><AGARI ba="1,0" hai="1,2,20,24,29,40,46,48" m="29291,50218" machi="48" ten="30,1500,0" yaku="19,1" doraHai="123" who="2" fromWho="1" sc="221,0,214,-18,250,18,315,0" /><INIT seed="6,2,0,3,0,122" ten="221,196,268,315" oya="2" hai0="84,50,38,49,78,32,89,5,121,133,104,52,100" hai1="41,8,96,28,56,62,20,135,94,126,101,64,99" hai2="124,22,105,128,24,91,31,88,110,58,92,95,1" hai3="82,21,119,51,102,127,111,131,23,113,107,27,98"/><V60/><F105/><W132/><G119/><T74/><D38/><U67/><E135/><V13/><F1/><W76/><G132/><T34/><D121/><U19/><E126/><V116/><F124/><W118/><G118/><T17/><D49/><U46/><E99/><V18/><F116/><W108/><G127/><T59/><D5/><U81/><E81/><V129/><F110/><W26/><G131/><N who="2" m="50249" /><F95/><W14/><G14/><T61/><D133/><U70/><E70/><V7/><F92/><W123/><G123/><T16/><D78/><U29/><E8/><N who="2" m="6439" /><F7/><W80/><G113/><T134/><D134/><U87/><E87/><V53/><AGARI ba="2,0" hai="22,24,31,53,58,60,88,91" m="6439,50249" machi="53" ten="30,3000,0" yaku="19,1,54,1" doraHai="122" who="2" fromWho="2" sc="221,-12,196,-12,268,36,315,-12" /><INIT seed="6,3,0,1,1,115" ten="209,184,304,303" oya="2" hai0="68,105,81,73,132,135,117,118,10,91,79,98,70" hai1="101,54,66,103,108,51,24,46,57,90,35,71,97" hai2="44,49,28,88,5,80,1,23,43,123,83,125,37" hai3="16,127,60,124,4,33,84,77,47,27,56,82,34"/><V50/><F123/><W62/><G4/><T86/><D10/><U25/><E108/><V19/><F125/><N who="3" m="48203" /><G47/><T112/><D112/><U17/><E71/><V93/><F28/><W22/><G62/><T94/><D68/><U99/><E35/><V107/><F107/><W15/><G27/><N who="1" m="10314" /><E17/><V110/><F110/><W58/><G58/><T0/><D0/><U75/><E75/><V85/><F1/><W106/><G106/><T133/><D70/><U12/><E12/><V64/><F5/><W48/><G48/><T113/><D113/><U26/><N who="1" m="10322" /><U130/><DORA hai="42" /><E130/><V61/><F50/><W18/><G18/><T67/><D67/><AGARI ba="3,0" hai="15,16,22,33,34,56,60,67,77,82,84" m="48203" machi="67" ten="30,2000,0" yaku="18,1,54,1" doraHai="115,42" who="3" fromWho="0" sc="209,-29,184,0,304,0,303,29" /><INIT seed="7,0,0,4,1,98" ten="180,184,304,332" oya="3" hai0="96,82,39,41,68,99,94,27,131,80,125,6,85" hai1="63,9,133,55,15,8,12,52,17,120,0,124,72" hai2="70,134,35,129,24,20,13,3,117,26,97,37,105" hai3="92,7,61,10,71,29,47,126,43,128,25,69,18"/><W111/><G111/><T48/><D68/><U36/><E120/><V11/><F117/><W66/><G18/><T74/><D39/><U2/><E72/><V108/><F37/><N who="3" m="21999" /><G92/><T31/><D74/><U81/><E36/><V130/><F70/><N who="3" m="42319" /><G128/><T119/><D131/><N who="2" m="50186" /><F108/><W56/><G56/><T58/><D119/><U62/><E133/><V122/><F105/><W88/><G88/><N who="0" m="53519" /><D6/><U16/><E124/><V79/><F79/><W30/><G30/><T67/><D125/><U40/><E81/><N who="0" m="31337" /><D67/><U53/><E53/><V109/><F97/><N who="0" m="37450" /><D58/><U73/><E73/><V89/><F109/><W121/><G121/><T104/><D104/><U4/><E4/><N who="2" m="1439" /><F122/><W59/><G126/><T115/><D115/><U75/><E75/><V127/><F127/><W113/><G113/><T91/><D91/><U22/><E40/><V84/><F134/><W44/><G59/><T118/><D118/><U50/><E50/><V112/><F112/><W107/><G44/><N who="0" m="25615" /><D31/><U21/><AGARI ba="0,0" hai="0,2,8,9,12,15,16,17,21,22,52,55,62,63" machi="21" ten="25,8000,1" yaku="0,1,22,2,54,2" doraHai="98" who="1" fromWho="1" sc="180,-20,184,80,304,-20,332,-40" /><INIT seed="8,0,0,1,3,3" ten="160,264,284,292" oya="0" hai0="76,41,42,81,66,16,118,23,13,89,109,63,129" hai1="92,87,7,68,67,22,4,38,44,116,51,124,12" hai2="103,5,111,86,94,46,74,40,123,24,14,58,131" hai3="82,20,114,117,126,59,21,88,106,33,43,37,2"/><T100/><D118/><U134/><E38/><V54/><F74/><W45/><G33/><T133/><D129/><U85/><E116/><V113/><F111/><W11/><G106/><T55/><D109/><U122/><E122/><V110/><F110/><W112/><G117/><T71/><D100/><U83/><E68/><V26/><F113/><W28/><G59/><T62/><D133/><U65/><E124/><V57/><F57/><W105/><G105/><T15/><D89/><N who="1" m="53311" /><E22/><V96/><F131/><W48/><G37/><T104/><D104/><U115/><E12/><V56/><F56/><W19/><G126/><T80/><D62/><U93/><E93/><V90/><F123/><W53/><G43/><T78/><D55/><N who="1" m="30183" /><E134/><V84/><F84/><N who="3" m="50199" /><G2/><T127/><D127/><U60/><E60/><V29/><F29/><W107/><G107/><T17/><D80/><U125/><E115/><N who="3" m="44074" /><G28/><T99/><D99/><U50/><E50/><N who="2" m="31063" /><F46/><W39/><G39/><T97/><D97/><U121/><E121/><V1/><F1/><W91/><G91/><T0/><D0/><U18/><E125/><V79/><F40/><W31/><G31/><T30/><D30/><U9/><E67/><V135/><F79/><W132/><G132/><T98/><D98/><U35/><E35/><V101/><F135/><W102/><G102/><N who="2" m="38921" /><F96/><W49/><G49/><T10/><REACH who="0" step="1"/><D76/><REACH who="0" ten="150,264,284,292" step="2"/><N who="1" m="46311" /><E65/><V36/><F36/><W72/><G53/><T27/><D27/><U47/><E47/><V130/><F130/><W34/><G45/><T95/><D95/><U32/><E32/><V6/><F14/><W64/><G34/><RYUUKYOKU ba="0,1" sc="150,10,264,10,284,10,292,-30" hai0="10,13,15,16,17,23,41,42,63,66,71,78,81" hai1="4,7,9,18" hai2="5,6,24,26,86,90,94" /><INIT seed="8,1,1,4,0,29" ten="160,274,294,262" oya="0" hai0="84,58,9,79,7,36,128,56,95,6,116,16,113" hai1="44,42,125,118,81,67,134,69,93,132,101,70,80" hai2="33,46,8,87,13,89,47,32,105,20,107,39,52" hai3="35,72,27,30,77,117,61,133,21,112,1,57,97"/><T86/><D116/><U91/><E118/><V66/><F66/><W109/><G117/><T41/><D113/><U48/><E125/><V18/><F107/><W17/><G112/><T71/><D71/><U88/><E101/><V15/><F105/><W3/><G109/><T104/><D104/><U94/><E67/><V102/><F102/><W38/><G38/><T126/><D126/><U5/><E5/><N who="0" m="1545" /><D36/><U31/><E31/><V96/><F96/><W74/><G133/><N who="1" m="51306" /><E93/><V28/><F47/><W129/><G129/><T103/><D41/><U45/><E45/><V25/><F15/><W64/><G97/><N who="0" m="59839" /><D128/><U11/><E11/><V76/><F76/><W19/><G77/><T0/><D0/><U40/><E40/><V98/><F98/><W2/><G19/><T51/><D51/><U82/><E91/><V119/><F119/><W120/><G120/><T54/><D54/><U49/><E48/><N who="2" m="28695" /><F39/><W106/><G106/><T122/><D122/><U100/><E100/><V108/><F108/><W99/><G99/><AGARI ba="1,1" hai="42,44,49,69,70,80,81,82,88,94,99" m="51306" machi="99" ten="30,2000,0" yaku="20,1,54,1" doraHai="29" who="1" fromWho="3" sc="160,0,274,33,294,0,262,-23" owari="160,-34.0,307,41.0,294,9.0,239,-16.0" /></mjloggm>