<mjloggm ver="2.3"><GO type="185" lobby="0"/><UN n0="%E5%A4%9A%E6%9E%97%E6%99%8B" n1="%E6%B5%B7%E8%83%86%E3%83%88%E3%83%AD%E7%83%8F%E8%B3%8A" n2="%E4%B8%96%E7%9B%B4%E3%81%97%E4%BA%BA" n3="" dan="16,18,17,0" rate="2200.94,2373.22,2227.97,1500.00" sx="M,M,M,C"/><TAIKYOKU oya="0"/><INIT seed="0,0,0,0,5,33" ten="350,350,350,0" oya="0" hai0="82,122,80,121,114,40,61,111,99,39,71,69,52" hai1="55,78,58,2,95,94,102,65,51,62,44,104,130" hai2="68,60,46,37,84,117,53,110,75,70,90,128,35" hai3=""/><T109/><N who="0" m="31008" /><T59/><N who="0" m="31264" /><T86/><D114/><U113/><E113/><V42/><F35/><T92/><D39/><U36/><E130/><V50/><F75/><T83/><D40/><U133/><E133/><V54/><F128/><T96/><D86/><U66/><E36/><V98/><F110/><N who="0" m="41994" /><D99/><U1/><E78/><V105/><F117/><T129/><D129/><U127/><E127/><V45/><F98/><T123/><N who="0" m="31520" /><T67/><D67/><U64/><E64/><V106/><F37/><T38/><D38/><U87/><E66/><V119/><F42/><T41/><D41/><U93/><E87/><V34/><F84/><T131/><D131/><U77/><E77/><V74/><F34/><T126/><D126/><U88/><E88/><AGARI ba="0,0" hai="52,59,61,69,71,80,82,83,88,92,96" m="31520,41994,31264,31008" machi="88" ten="30,18000,2" yaku="14,1,10,1,52,3,54,2" doraHai="33" who="0" fromWho="1" sc="350,180,350,-180,350,0,0,0" /><INIT seed="0,1,0,0,2,85" ten="530,170,350,0" oya="0" hai0="72,3,80,37,134,78,36,102,115,121,38,32,104" hai1="34,108,86,96,93,45,116,48,127,84,118,53,64" hai2="92,58,79,126,49,68,98,107,67,82,120,100,77" hai3=""/><T87/><N who="0" m="31008" /><T40/><D3/><U83/><E34/><V103/><N who="2" m="30752" /><V74/><F126/><T88/><D32/><U33/><E33/><V101/><F79/><T0/><D0/><U47/><E127/><V59/><F107/><T70/><D70/><U89/><E108/><V50/><F68/><T52/><D115/><U119/><E64/><V110/><F110/><T76/><D134/><U51/><REACH who="1" step="1"/><E83/><REACH who="1" ten="530,160,350,0" step="2"/><V125/><F125/><T75/><D72/><U117/><N who="1" m="30208" /><DORA hai="41" /><U113/><E113/><V94/><F67/><T46/><D75/><U60/><E60/><V132/><F132/><T43/><D43/><AGARI ba="1,1" hai="43,45,47,48,51,53,84,86,89,93,96" m="30208" machi="43" ten="70,8000,1" yaku="1,1,52,3,53,0" doraHai="85,41" doraHaiUra="124,2" who="1" fromWho="0" sc="530,-82,160,92,350,0,0,0" /><INIT seed="1,0,0,1,4,82" ten="448,252,350,0" oya="1" hai0="80,126,90,93,133,46,47,131,128,54,106,113,50" hai1="96,77,105,121,116,129,122,56,44,55,33,81,123" hai2="41,89,87,92,107,75,48,60,119,132,99,117,85" hai3=""/><U43/><N who="1" m="31008" /><U69/><N who="1" m="31264" /><U36/><N who="1" m="31520" /><U72/><E116/><V98/><F75/><T62/><D106/><U49/><E69/><V115/><F60/><T73/><D113/><U32/><REACH who="1" step="1"/><E129/><REACH who="1" ten="448,242,350,0" step="2"/><V63/><F119/><T59/><D131/><U79/><E79/><V68/><F117/><T37/><D128/><U130/><E130/><V58/><F68/><T91/><D133/><U95/><E95/><V134/><F132/><T38/><D126/><U114/><E114/><V76/><F134/><T53/><D91/><U1/><E1/><V71/><F71/><T57/><D93/><U66/><E66/><V52/><F115/><T3/><D3/><U125/><E125/><V51/><F76/><T102/><D90/><U104/><E104/><V127/><F127/><T94/><D94/><U103/><AGARI ba="0,1" hai="32,33,36,43,44,49,55,56,72,77,81,96,103,105" m="31520,31264,31008" machi="103" ten="30,12000,2" yaku="1,1,0,1,52,3,53,2" doraHai="82" doraHaiUra="0" who="1" fromWho="1" sc="448,-60,242,130,350,-60,0,0" /><INIT seed="1,1,0,0,2,3" ten="388,372,290,0" oya="1" hai0="44,98,53,66,32,52,57,50,35,130,36,133,108" hai1="129,106,116,114,100,56,97,102,77,60,119,79,76" hai2="42,131,45,109,86,121,89,37,99,88,41,74,128" hai3=""/><U2/><E2/><V69/><N who="2" m="31008" /><V83/><F69/><T46/><D133/><U112/><E129/><N who="2" m="49739" /><F109/><T123/><N who="0" m="31520" /><T117/><D130/><U94/><E56/><V68/><F68/><T132/><D108/><U103/><E60/><V118/><F118/><N who="1" m="45097" /><E106/><V51/><F74/><T110/><D110/><U40/><E40/><N who="2" m="15467" /><F37/><T63/><D132/><U120/><N who="1" m="30752" /><U39/><E39/><V78/><F99/><T122/><N who="0" m="31264" /><T55/><D117/><U95/><E97/><V49/><F51/><T65/><D36/><U127/><E127/><V33/><F33/><T125/><D125/><U93/><AGARI ba="1,0" hai="76,77,79,93,94,95,100,102,103,112,114" m="30752,45097" machi="93" ten="40,12000,2" yaku="29,2,28,2,34,2,52,1" doraHai="3" who="1" fromWho="1" sc="388,-61,372,122,290,-61,0,0" /><INIT seed="1,2,0,4,1,2" ten="327,494,229,0" oya="1" hai0="127,71,63,134,56,47,42,110,49,87,107,44,39" hai1="54,85,116,84,1,37,109,83,98,135,92,80,48" hai2="96,73,45,76,100,70,117,132,123,65,34,94,50" hai3=""/><U52/><E1/><V91/><N who="2" m="31520" /><V105/><F117/><T130/><D107/><U67/><E116/><V121/><N who="2" m="31008" /><V133/><F34/><T35/><D130/><U122/><N who="1" m="31264" /><U126/><E37/><V68/><F76/><T61/><D35/><U41/><E126/><V58/><F73/><T131/><D131/><U72/><E135/><N who="2" m="51787" /><F58/><T118/><D134/><U32/><E32/><V51/><F65/><T55/><D87/><U86/><E72/><V3/><F3/><T36/><D118/><U33/><E67/><V81/><F81/><N who="1" m="31305" /><E33/><V125/><F125/><T88/><D127/><U104/><E104/><V62/><F62/><T64/><D61/><U79/><E79/><V115/><F115/><T102/><D63/><U113/><E113/><V108/><F108/><T95/><D110/><U66/><E66/><V129/><F129/><T38/><D64/><U59/><E109/><V75/><F75/><T99/><D56/><U103/><E59/><V93/><F105/><T53/><D71/><N who="2" m="27178" /><F45/><AGARI ba="2,0" hai="41,45,48,52,54,84,85,86,92,98,103" m="31305,31264" machi="45" ten="30,5800,0" yaku="8,1,52,1,54,1" doraHai="2" who="1" fromWho="2" sc="327,0,494,62,229,-62,0,0" /><INIT seed="1,3,0,2,4,103" ten="327,556,167,0" oya="1" hai0="66,43,110,38,133,135,84,51,75,111,53,1,94" hai1="83,127,82,49,59,41,101,132,100,131,32,48,69" hai2="125,33,37,35,106,63,60,134,42,91,116,71,105" hai3=""/><U0/><E0/><V123/><N who="2" m="31520" /><V119/><F91/><T55/><D1/><U77/><E69/><V93/><F93/><T79/><D75/><U70/><E70/><V80/><F80/><T104/><D104/><U98/><E32/><V113/><F134/><N who="0" m="51210" /><D66/><U121/><N who="1" m="31008" /><U114/><E132/><V68/><F42/><T88/><D79/><U126/><E114/><V118/><F116/><T36/><D43/><U45/><E131/><V102/><F102/><T61/><D61/><U117/><E101/><V58/><F58/><T122/><N who="0" m="31264" /><T64/><D64/><U90/><E117/><V108/><F37/><N who="0" m="14442" /><D53/><U89/><E77/><V92/><F92/><T39/><N who="0" m="14450" /><T54/><DORA hai="107" /><D55/><U52/><E83/><V72/><F113/><T40/><D40/><U73/><E73/><V115/><F115/><T44/><AGARI ba="3,0" hai="44,51,54,84,88,94,110,111" m="14450,31264,51210" machi="44" ten="50,4800,0" yaku="20,1,52,1,54,1" doraHai="103,107" who="0" fromWho="0" sc="327,54,556,-35,167,-19,0,0" /><INIT seed="2,0,0,0,2,34" ten="381,521,148,0" oya="2" hai0="105,57,96,80,79,47,118,133,62,132,110,65,93" hai1="108,41,83,54,87,59,102,46,88,128,111,127,64" hai2="55,77,72,121,36,104,98,61,32,60,91,120,131" hai3=""/><V42/><N who="2" m="30752" /><V53/><N who="2" m="31008" /><V117/><F32/><T67/><D105/><U122/><N who="1" m="31264" /><U97/><E64/><V38/><F117/><T39/><D118/><U3/><E128/><V114/><F114/><T119/><D119/><U81/><E81/><V43/><F131/><T116/><D116/><U129/><E129/><V40/><F77/><T76/><D79/><U45/><E127/><V126/><F72/><T125/><D125/><U100/><E3/><V35/><F35/><T74/><D65/><U86/><E86/><V90/><F126/><T134/><D110/><N who="1" m="42027" /><E41/><V66/><F104/><T106/><D106/><U0/><E0/><V33/><F33/><T75/><D74/><U123/><N who="1" m="31520" /><U56/><E56/><V69/><F98/><T82/><D82/><U95/><E102/><V70/><F43/><T68/><D133/><U113/><E113/><V1/><F66/><T78/><D78/><U130/><E130/><V84/><F84/><T135/><D135/><U2/><E2/><AGARI ba="0,0" hai="1,2,36,38,40,42,53,55,60,61,69,70,90,91" m="31008,30752" machi="2" ten="25,18000,2" yaku="22,2,52,4" doraHai="34" who="2" fromWho="1" sc="381,0,521,-180,148,180,0,0" /><INIT seed="2,1,0,1,5,75" ten="381,341,328,0" oya="2" hai0="32,79,125,62,54,71,45,0,2,61,83,110,97" hai1="59,41,70,51,102,46,34,101,43,64,56,103,57" hai2="118,128,133,44,106,63,39,80,134,104,127,48,123" hai3=""/><V109/><N who="2" m="31520" /><V84/><F118/><T81/><D32/><U85/><E34/><V3/><F3/><T38/><D125/><U91/><E70/><V1/><F1/><T67/><D110/><U99/><E99/><V68/><F39/><T122/><N who="0" m="31264" /><T95/><D83/><U121/><N who="1" m="31008" /><U72/><E72/><V114/><F114/><T96/><D97/><U89/><E64/><V108/><F127/><T78/><D81/><U129/><E129/><V111/><F128/><T55/><D0/><U130/><E130/><V92/><F92/><T87/><D87/><U74/><E74/><V116/><F116/><T53/><D62/><U60/><E60/><V93/><F93/><T124/><D124/><U135/><E135/><N who="2" m="51723" /><F63/><T77/><D2/><U69/><E69/><V82/><F68/><T107/><D107/><N who="2" m="41002" /><F84/><T76/><N who="0" m="19456" /><DORA hai="58" /><T105/><D105/><U94/><REACH who="1" step="1"/><E91/><REACH who="1" ten="381,331,328,0" step="2"/><V73/><F73/><T98/><D98/><U88/><E88/><V40/><AGARI ba="1,1" hai="40,44,48,80,82,108,109,111" m="41002,51723,31520" machi="40" ten="40,8000,1" yaku="14,1,10,1,20,1,52,1" doraHai="75,58" who="2" fromWho="2" sc="381,-41,331,-41,328,92,0,0" /><INIT seed="2,2,0,0,2,129" ten="340,290,420,0" oya="2" hai0="45,102,81,58,92,101,66,68,108,32,117,91,132" hai1="53,112,34,35,85,84,37,39,83,94,42,86,64" hai2="61,76,109,88,49,122,133,80,126,78,46,98,121" hai3=""/><V56/><N who="2" m="31008" /><V59/><N who="2" m="31264" /><V107/><F126/><T110/><D32/><U33/><E112/><V82/><F109/><T118/><D68/><U47/><E64/><V69/><F69/><T130/><D130/><U36/><E53/><V50/><F107/><T72/><D66/><U105/><E105/><V124/><F124/><T2/><D58/><U55/><E55/><V3/><F3/><T52/><D2/><U62/><E62/><V120/><N who="2" m="30752" /><V96/><F46/><T79/><D45/><U87/><REACH who="1" step="1"/><E94/><REACH who="1" ten="340,280,420,0" step="2"/><V99/><F98/><T131/><D131/><U57/><E57/><V75/><F61/><T103/><D92/><U67/><E67/><V54/><F54/><T114/><D52/><U106/><E106/><V60/><F60/><T113/><D113/><U134/><E134/><V40/><F40/><T127/><D132/><U71/><E71/><V43/><F43/><T70/><D114/><U115/><E115/><V93/><F133/><T100/><D70/><U116/><E116/><V38/><F93/><T104/><D104/><U95/><E95/><V0/><F0/><T97/><D118/><U1/><E1/><V65/><F65/><T125/><D117/><U123/><N who="1" m="31520" /><U89/><AGARI ba="2,1" hai="33,34,35,36,37,39,42,47,83,84,85,86,87,89" m="31520" machi="89" ten="40,6000,1" yaku="1,1,4,1,0,1,52,1,53,1" doraHai="129" doraHaiUra="41" who="1" fromWho="1" sc="340,-22,280,74,420,-42,0,0" /><INIT seed="4,0,0,2,2,45" ten="318,354,378,0" oya="0" hai0="109,65,118,89,57,78,132,104,95,58,37,60,71" hai1="86,76,79,73,62,0,42,129,110,125,44,90,111" hai2="119,2,114,120,99,130,33,72,39,83,77,91,56" hai3=""/><T113/><D118/><U53/><E0/><V134/><RYUUKYOKU type="yao9" ba="0,0" sc="318,0,354,0,378,0,0,0" hai2="2,33,39,56,72,77,83,91,99,114,119,120,130,134" /><INIT seed="4,1,0,2,1,50" ten="318,354,378,0" oya="0" hai0="67,132,122,53,83,73,37,102,131,34,3,125,52" hai1="100,94,97,56,107,89,69,75,71,129,133,78,111" hai2="96,55,82,61,42,57,91,130,114,59,38,99,64" hai3=""/><T46/><N who="0" m="31264" /><T39/><D3/><U98/><E111/><V120/><N who="2" m="30752" /><V66/><F114/><T41/><D34/><U47/><E133/><V62/><F130/><T44/><D132/><U84/><E129/><V65/><F42/><T60/><D131/><U92/><E47/><V104/><F38/><T45/><D102/><U32/><E32/><V85/><REACH who="2" step="1"/><F104/><REACH who="2" ten="318,354,368,0" step="2"/><T109/><D109/><U86/><E107/><V117/><F117/><T51/><D125/><U88/><E100/><V0/><F0/><T74/><D37/><U119/><E119/><V70/><F70/><T90/><D39/><U35/><E35/><V112/><F112/><T93/><D41/><U101/><E101/><V1/><F1/><T2/><D2/><U36/><E36/><V33/><F33/><T118/><D118/><U49/><E71/><V116/><F116/><T87/><D51/><U134/><E69/><V108/><F108/><T115/><D115/><U106/><E134/><V126/><F126/><T113/><D113/><U103/><E106/><V105/><F105/><T128/><D128/><U68/><E49/><V121/><N who="2" m="31008" /><V43/><F43/><T54/><REACH who="0" step="1"/><D93/><REACH who="0" ten="308,354,368,0" step="2"/><U76/><E103/><V77/><F77/><T95/><D95/><RYUUKYOKU ba="1,2" sc="308,10,354,-20,368,10,0,0" hai0="44,45,46,52,53,54,60,67,73,74,83,87,90" hai2="55,57,59,61,62,64,65,66,82,85,91,96,99" /><INIT seed="4,2,2,0,1,83" ten="318,334,378,0" oya="0" hai0="53,41,64,78,132,1,80,124,71,123,61,32,97" hai1="90,35,110,77,62,131,104,79,54,96,81,98,36" hai2="100,33,127,135,93,87,65,114,3,128,112,38,72" hai3=""/><T107/><N who="0" m="31520" /><T134/><D1/><U76/><E110/><V44/><F3/><T47/><D32/><U85/><E36/><V118/><F33/><T34/><D34/><U115/><E35/><V56/><F72/><T94/><D107/><U73/><E131/><V68/><F68/><T46/><D53/><U2/><E2/><V109/><F109/><T117/><D117/><U116/><E116/><V113/><F118/><T60/><D61/><U59/><E115/><V0/><F0/><T40/><D124/><U130/><E130/><V74/><F127/><T39/><D94/><U42/><E42/><V105/><F105/><T129/><D97/><U67/><E73/><V125/><F74/><T103/><D103/><U101/><REACH who="1" step="1"/><E98/><REACH who="1" ten="318,324,378,0" step="2"/><V49/><F114/><T43/><D129/><U52/><AGARI ba="2,3" hai="52,54,59,62,67,76,77,79,81,85,90,96,101,104" machi="52" ten="30,9000,2" yaku="1,1,2,1,0,1,52,1,54,1,53,1" doraHai="83" doraHaiUra="86" who="1" fromWho="1" sc="318,-62,324,124,378,-32,0,0" /><INIT seed="5,0,0,5,2,62" ten="256,448,346,0" oya="1" hai0="35,66,68,120,132,36,51,87,73,48,75,98,39" hai1="117,124,121,133,50,108,0,114,1,99,58,92,135" hai2="97,131,49,72,46,74,95,54,64,90,63,112,130" hai3=""/><U82/><N who="1" m="31008" /><U85/><E117/><V128/><REACH who="2" step="1"/><F112/><REACH who="2" ten="256,448,336,0" step="2"/><T110/><N who="0" m="30752" /><T102/><D35/><U76/><E114/><V134/><F134/><T3/><D132/><U78/><E135/><V86/><F86/><T104/><D3/><U122/><E133/><V115/><F115/><T67/><D110/><U91/><E108/><V126/><F126/><T116/><D116/><U123/><N who="1" m="31264" /><U107/><E124/><V70/><AGARI ba="0,1" hai="46,49,54,63,64,70,72,74,90,95,97,128,130,131" machi="70" ten="30,5900,0" yaku="1,1,0,1,19,1,52,1,53,0" doraHai="62" doraHaiUra="81" who="2" fromWho="2" sc="256,-20,448,-39,336,69,0,0" /><INIT seed="6,0,0,1,1,68" ten="236,409,405,0" oya="2" hai0="126,96,45,125,101,121,46,127,112,119,66,124,56" hai1="105,110,36,95,115,113,3,55,129,132,77,67,88" hai2="98,108,84,116,87,130,102,69,131,76,58,73,38" hai3=""/><V106/><F69/><T71/><N who="0" m="31008" /><T54/><N who="0" m="31744" /><DORA hai="91" /><T57/><D119/><U78/><E110/><V89/><F38/><T33/><D33/><U60/><E3/><V90/><F58/><T64/><D71/><U114/><E132/><V117/><F73/><T107/><D112/><U53/><E36/><V99/><F76/><N who="1" m="29289" /><E105/><V93/><F108/><T123/><N who="0" m="31520" /><T1/><D1/><U118/><E129/><N who="2" m="49163" /><F87/><T44/><REACH who="0" step="1"/><D57/><REACH who="0" ten="226,409,405,0" step="2"/><U50/><E118/><V41/><F41/><T82/><D82/><AGARI ba="0,1" hai="82,84,89,90,93,98,99,102,106,116,117" m="49163" machi="82" ten="30,11600,0" yaku="19,1,34,2,52,1" doraHai="68,91" who="2" fromWho="0" sc="226,-116,409,0,405,126,0,0" owari="110,-49.0,409,1.0,531,48.0,0,0.0" /></mjloggm>