<mjloggm ver="2.3"><GO type="169" lobby="0"/><UN n0="%E3%83%8E%E3%82%AA%E3%83%81%E3%83%A3%E3%83%99%E3%82%B9" n1="%E3%81%98%E3%81%98%E3%81%84%E3%81%8C%E5%91%BC%E3%82%93%E3%81%A0" n2="%64%75%72%72%72%72%72" n3="%E3%81%8B%E3%81%A4%E3%81%A9%E3%82%93" dan="16,16,18,17" rate="2082.04,2117.94,2243.28,2253.05" sx="M,M,M,F"/><TAIKYOKU oya="0"/><INIT seed="0,0,0,0,4,76" ten="250,250,250,250" oya="0" hai0="83,54,65,52,126,45,90,37,84,118,94,123,116" hai1="29,86,10,12,100,20,60,71,19,112,58,120,67" hai2="103,109,95,59,24,55,128,88,1,92,63,48,43" hai3="17,82,115,73,75,11,87,69,119,131,66,38,80"/><T106/><D106/><U130/><E120/><V15/><F1/><W2/><G115/><T6/><D123/><U113/><E130/><V18/><F128/><W26/><G119/><T111/><D126/><U44/><E44/><V108/><F24/><W51/><G38/><T89/><D65/><U81/><E100/><V107/><F107/><W97/><G131/><T125/><D125/><U47/><E47/><V13/><F43/><W33/><G97/><T102/><D102/><U85/><E71/><V72/><F72/><W14/><G2/><T121/><D121/><U93/><E93/><V36/><F36/><W70/><G51/><T110/><D6/><U30/><E86/><N who="2" m="52247" /><F63/><W129/><G129/><T3/><D3/><U16/><E113/><V53/><F53/><N who="0" m="20586" /><D45/><U96/><E96/><N who="2" m="59807" /><F13/><W122/><G122/><T124/><D37/><U8/><E112/><V79/><F79/><W39/><G39/><T7/><D7/><U74/><E74/><V91/><F91/><N who="3" m="51687" /><G73/><T4/><D4/><U68/><E68/><V22/><AGARI ba="0,0" hai="15,18,22,48,55,59,108,109" m="59807,52247" machi="22" ten="30,2000,0" yaku="25,1,54,1" doraHai="76" who="2" fromWho="2" sc="250,-10,250,-5,250,20,250,-5" /><INIT seed="1,0,0,5,5,122" ten="240,245,270,245" oya="1" hai0="115,106,36,2,24,67,40,77,20,49,60,3,9" hai1="47,94,128,4,97,54,56,34,96,103,117,83,31" hai2="11,5,72,53,62,130,123,81,86,10,129,64,108" hai3="85,116,110,93,69,107,22,0,114,63,42,120,8"/><U30/><E117/><V90/><F123/><W33/><G120/><T84/><D106/><U109/><E128/><V68/><F72/><W19/><G107/><T38/><D49/><U65/><E4/><V48/><F108/><W133/><G33/><T16/><D115/><U66/><E47/><V58/><REACH who="2" step="1"/><F10/><REACH who="2" ten="240,245,260,245" step="2"/><W88/><G110/><T80/><D9/><U44/><E109/><V57/><F57/><W45/><G8/><T13/><D24/><U41/><E56/><V79/><F79/><W52/><G116/><T91/><D77/><U112/><E112/><V125/><F125/><W50/><G114/><T87/><D87/><U1/><E97/><V61/><F61/><W127/><G127/><T92/><D80/><U121/><E121/><V132/><F132/><W111/><G111/><T55/><D55/><U98/><E98/><V70/><F70/><W18/><G133/><T78/><D78/><U37/><E54/><V27/><F27/><W25/><G69/><T126/><D126/><U119/><E119/><V100/><F100/><W124/><G124/><T17/><D60/><U28/><E83/><V99/><F99/><W14/><G63/><T21/><D67/><N who="1" m="25611" /><E34/><V12/><AGARI ba="0,1" hai="5,11,12,48,53,58,62,64,68,81,86,90,129,130" machi="12" ten="30,2000,0" yaku="1,1,0,1,53,0" doraHai="122" doraHaiUra="104" who="2" fromWho="2" sc="240,-5,245,-10,260,30,245,-5" /><INIT seed="2,0,0,5,2,45" ten="235,235,290,240" oya="2" hai0="16,131,33,48,109,49,72,37,17,26,5,76,50" hai1="38,65,79,105,46,15,58,122,113,134,117,52,67" hai2="101,29,93,115,75,116,56,8,135,89,20,3,23" hai3="14,36,61,81,78,47,103,44,118,24,28,120,127"/><V2/><F116/><W21/><G118/><T41/><D109/><U91/><E117/><V18/><F115/><W88/><G120/><T71/><D71/><U31/><E113/><V110/><F75/><W126/><G103/><T100/><D131/><U87/><E122/><V70/><F70/><W125/><G36/><T119/><D119/><U7/><E134/><V83/><F135/><W69/><G14/><T39/><D100/><U96/><E31/><V11/><F101/><W107/><G107/><T55/><D55/><U60/><E105/><V121/><F83/><W77/><G88/><T132/><D132/><U85/><E38/><V57/><F29/><W82/><G69/><T62/><D62/><U22/><E46/><N who="3" m="17450" /><G61/><T99/><D99/><U19/><E7/><V30/><F89/><W123/><G123/><T43/><D5/><U124/><E96/><V95/><F121/><W66/><G66/><T35/><D50/><U106/><E106/><V98/><F98/><W112/><G112/><T59/><D72/><U34/><E34/><V25/><F2/><W12/><G12/><T92/><D26/><U6/><E6/><V27/><F3/><W114/><G114/><T94/><D59/><N who="2" m="22602" /><F110/><W63/><G63/><T73/><D73/><U128/><E91/><V13/><F27/><W51/><G51/><T86/><D86/><U0/><E0/><V1/><F1/><W40/><G40/><T133/><D133/><U9/><E87/><V68/><F68/><W129/><G129/><T108/><D108/><U64/><E128/><V97/><F97/><W84/><G84/><RYUUKYOKU ba="0,0" sc="235,10,235,-30,290,10,240,10" hai0="16,17,33,35,37,39,41,43,48,49,76,92,94" hai2="8,11,13,18,20,23,25,30,93,95" hai3="21,24,28,77,78,81,82,125,126,127" /><INIT seed="2,1,0,4,5,109" ten="245,205,300,250" oya="2" hai0="75,20,8,0,31,17,79,122,131,110,55,21,49" hai1="43,96,32,97,12,95,125,91,119,73,117,34,111" hai2="48,100,118,102,50,116,19,27,44,132,25,126,2" hai3="87,120,133,6,80,135,85,71,29,59,104,54,57"/><V128/><F2/><W9/><G71/><T46/><D110/><U7/><E111/><V121/><F44/><W65/><G104/><T22/><D122/><U77/><E125/><V63/><F126/><W68/><G120/><T89/><D131/><U33/><E43/><V18/><F121/><W28/><G68/><T56/><D79/><U129/><E129/><V60/><REACH who="2" step="1"/><F128/><REACH who="2" ten="245,205,290,250" step="2"/><W114/><G135/><AGARI ba="1,1" hai="18,19,25,27,48,50,60,63,100,102,116,118,132,135" machi="135" ten="25,9600,0" yaku="1,1,2,1,22,2,53,0" doraHai="109" doraHaiUra="30" who="2" fromWho="3" sc="245,0,205,0,290,109,250,-99" /><INIT seed="2,2,0,2,4,127" ten="245,205,399,151" oya="2" hai0="105,93,111,27,0,29,52,89,116,31,19,34,74" hai1="22,54,112,37,13,11,77,65,66,47,122,88,100" hai2="73,134,40,91,132,4,130,126,96,69,113,106,92" hai3="107,3,1,97,46,78,75,59,58,90,81,15,5"/><V120/><F69/><W2/><G46/><T25/><D105/><U67/><E112/><V110/><F40/><W80/><G80/><T28/><D74/><U123/><E100/><N who="2" m="62727" /><F4/><W51/><G51/><T30/><D0/><U117/><E117/><V70/><F70/><W125/><G125/><T85/><D116/><U99/><E77/><V84/><F126/><W135/><G135/><N who="2" m="51753" /><F113/><W72/><G72/><T83/><D111/><U45/><E22/><V7/><F7/><W103/><G90/><T57/><D19/><U64/><N who="1" m="16384" /><DORA hai="60" /><U44/><E37/><V124/><F130/><W86/><G75/><T87/><D34/><U43/><E43/><V108/><F124/><W133/><G133/><T121/><D121/><N who="1" m="46091" /><E54/><V39/><F39/><W32/><G32/><T21/><N who="0" m="7168" /><DORA hai="104" /><T38/><D21/><U128/><E128/><V33/><F120/><W109/><G109/><N who="2" m="42089" /><F73/><W8/><AGARI ba="2,0" hai="1,2,3,5,8,15,58,59,78,81,86,97,103,107" machi="8" ten="40,1500,0" yaku="0,1" doraHai="127,60,104" who="3" fromWho="3" sc="245,-6,205,-6,399,-9,151,21" /><INIT seed="3,0,0,3,5,81" ten="239,199,390,172" oya="3" hai0="108,27,130,89,120,70,68,45,80,116,66,79,121" hai1="110,101,122,2,118,73,85,25,77,46,19,113,114" hai2="63,129,28,123,26,53,65,90,37,127,50,6,31" hai3="95,125,5,135,13,35,134,71,96,16,40,88,9"/><W43/><G35/><T17/><D116/><U112/><E2/><V107/><F37/><W72/><G71/><T131/><D89/><U74/><E25/><V102/><F127/><W36/><G125/><T44/><D27/><U20/><E122/><N who="0" m="47209" /><D17/><U91/><E46/><N who="0" m="18025" /><D66/><U54/><E54/><V22/><F90/><W126/><G126/><T32/><D32/><U49/><E49/><V115/><F65/><W11/><G36/><T98/><D98/><U92/><E118/><V61/><F53/><W18/><G72/><T55/><D55/><U24/><E110/><V1/><F50/><W106/><G106/><T52/><D52/><U47/><E47/><V0/><F26/><W93/><G93/><T100/><D100/><U23/><E23/><V132/><F22/><W82/><G82/><T99/><D99/><U117/><E117/><V7/><F102/><W60/><G60/><T15/><D15/><U128/><E101/><V42/><F107/><W109/><G109/><T78/><D80/><U10/><E10/><V34/><F63/><W62/><G62/><T69/><D108/><U133/><E74/><V38/><F61/><W84/><G96/><T67/><D67/><U21/><E73/><V64/><F64/><W119/><G119/><T58/><D58/><U111/><E111/><V59/><F59/><W51/><G18/><T124/><D124/><U33/><E33/><V75/><F34/><W103/><G103/><T8/><D8/><U3/><E113/><V14/><F115/><W105/><G51/><T97/><D97/><N who="1" m="57503" /><E114/><V104/><F123/><W4/><G11/><RYUUKYOKU ba="0,0" sc="239,30,199,-10,390,-10,172,-10" hai0="68,69,70,78,79,130,131" /><INIT seed="4,1,0,0,4,106" ten="269,189,380,162" oya="0" hai0="5,28,66,100,67,65,27,29,2,135,46,24,131" hai1="7,113,55,83,0,20,40,117,34,51,53,121,54" hai2="110,108,134,122,33,23,95,125,43,4,15,49,12" hai3="87,98,8,3,84,31,79,99,22,19,85,103,124"/><T94/><D131/><U32/><E117/><V76/><F33/><W133/><G133/><T107/><D107/><U114/><E121/><V129/><F122/><W92/><G124/><T112/><D135/><U13/><E0/><V120/><F120/><W41/><G41/><T105/><D105/><U60/><E60/><V73/><F134/><W72/><G31/><T16/><D112/><N who="1" m="43115" /><E83/><V104/><F104/><W36/><G36/><T111/><D111/><U91/><E91/><V6/><F125/><W102/><G8/><T78/><D5/><U90/><E90/><V35/><F129/><W101/><G3/><T21/><D2/><U58/><E20/><V123/><F23/><W77/><G103/><T128/><D128/><U126/><E126/><V93/><F123/><W57/><G77/><T48/><D78/><U62/><E40/><V86/><F43/><W96/><G96/><N who="0" m="59415" /><D27/><U71/><E71/><V14/><F76/><W81/><G98/><T50/><D50/><U70/><E70/><V25/><F108/><W37/><G37/><T30/><D67/><N who="1" m="39383" /><E51/><V118/><F110/><W97/><G101/><T130/><D130/><U74/><E74/><V10/><F118/><W68/><G68/><T61/><D61/><U17/><E7/><V26/><F4/><W56/><REACH who="3" step="1"/><G99/><REACH who="3" ten="269,189,380,152" step="2"/><T88/><D88/><U39/><E39/><V18/><F10/><W1/><G1/><T119/><D119/><U115/><E115/><V38/><F38/><W127/><G127/><T47/><D48/><U69/><E69/><V52/><F49/><W132/><G132/><T82/><D82/><RYUUKYOKU ba="1,1" sc="269,10,189,10,380,-30,152,10" hai0="16,21,24,28,29,30,46,47,65,66" hai1="13,17,32,34,53,54,55" hai3="19,22,56,57,72,79,81,84,85,87,92,97,102" /><INIT seed="4,2,1,3,2,75" ten="279,199,350,162" oya="0" hai0="39,30,27,13,21,79,120,40,56,0,64,118,78" hai1="127,93,117,61,109,16,115,122,32,94,82,104,2" hai2="48,123,25,126,36,116,37,71,10,46,28,73,67" hai3="14,35,96,20,113,125,72,112,90,95,31,19,121"/><T17/><D118/><U68/><RYUUKYOKU type="yao9" ba="2,1" sc="279,0,199,0,350,0,162,0" hai1="2,16,32,61,68,82,93,94,104,109,115,117,122,127" /><INIT seed="4,3,1,1,5,64" ten="279,199,350,162" oya="0" hai0="113,134,2,33,13,67,85,26,1,21,132,50,82" hai1="112,131,119,73,100,61,70,43,47,31,14,0,83" hai2="115,54,79,48,106,24,44,52,90,96,68,107,19" hai3="42,37,4,58,5,93,89,11,88,41,63,23,84"/><T20/><D67/><N who="1" m="41327" /><E14/><V3/><F68/><W65/><G37/><T72/><D72/><U49/><E31/><V127/><F115/><W76/><G76/><T86/><D113/><U110/><E100/><V18/><F127/><W38/><G38/><T102/><D102/><U109/><E83/><V34/><F3/><W94/><G23/><T95/><D95/><U92/><E92/><N who="2" m="56343" /><F34/><W104/><G104/><T118/><D118/><U12/><E12/><V40/><F107/><W8/><G8/><T78/><D86/><U91/><E91/><V32/><F32/><W80/><G80/><T98/><D98/><U124/><E0/><N who="0" m="105" /><D13/><U55/><E73/><V27/><F79/><W87/><REACH who="3" step="1"/><G11/><REACH who="3" ten="279,199,350,152" step="2"/><T59/><D33/><U35/><E35/><V114/><F106/><W60/><G60/><T108/><D108/><N who="1" m="41579" /><E112/><V135/><F114/><W77/><G77/><T39/><D21/><U10/><E10/><V105/><F105/><W133/><G133/><T17/><D134/><U46/><E119/><V51/><F135/><W97/><G97/><T125/><D132/><U99/><E99/><V103/><F103/><W53/><G53/><N who="0" m="32183" /><D39/><N who="1" m="21887" /><E124/><V74/><F74/><W111/><G111/><T15/><D125/><U62/><E62/><V120/><F24/><W29/><G29/><T101/><D101/><U56/><E131/><V121/><F27/><W28/><G28/><T9/><D9/><U36/><E36/><N who="2" m="21511" /><F18/><W7/><AGARI ba="3,2" hai="4,5,7,41,42,58,63,65,84,87,88,89,93,94" machi="7" ten="30,8000,1" yaku="1,1,0,1,9,1,8,1,54,1,53,0" doraHai="64" doraHaiUra="71" who="3" fromWho="3" sc="279,-43,199,-23,350,-23,152,109" /><INIT seed="5,0,0,0,4,103" ten="236,176,327,261" oya="1" hai0="69,114,29,89,59,8,21,129,119,87,71,49,93" hai1="58,67,100,37,7,61,44,112,54,45,4,35,14" hai2="63,79,40,17,125,3,20,15,31,28,83,122,34" hai3="32,22,13,75,134,126,10,42,102,52,127,51,57"/><U26/><E112/><V56/><F122/><W6/><G32/><T121/><D119/><U130/><E130/><V41/><F3/><W106/><G75/><T86/><D121/><U19/><E100/><V53/><F125/><N who="3" m="47627" /><G134/><T0/><D114/><U118/><E118/><V11/><F34/><W64/><G64/><T81/><D129/><U66/><E35/><V90/><F90/><W43/><G22/><T120/><D120/><U24/><E37/><V23/><F23/><W48/><G51/><T99/><D87/><U30/><E30/><V39/><F39/><W62/><G62/><T72/><D72/><U101/><E101/><V96/><F96/><AGARI ba="0,0" hai="6,10,13,42,43,48,52,57,96,102,106" m="47627" machi="96" ten="30,3900,0" yaku="18,1,52,1,54,1" doraHai="103" who="3" fromWho="2" sc="236,0,176,0,327,-39,261,39" /><INIT seed="6,0,0,2,0,105" ten="236,176,288,300" oya="2" hai0="79,118,58,71,44,65,81,51,115,114,4,25,112" hai1="52,45,132,66,120,109,47,85,54,5,126,123,15" hai2="30,86,16,17,98,134,29,21,41,49,26,64,125" hai3="8,3,82,34,131,9,6,104,116,88,90,36,96"/><V22/><F134/><W62/><G116/><T107/><D107/><U1/><E109/><V127/><F64/><W37/><G34/><T28/><D118/><U102/><E132/><V20/><F98/><W31/><G31/><N who="2" m="11785" /><F86/><W68/><G131/><T91/><D4/><U80/><E126/><N who="2" m="48139" /><F41/><W24/><G24/><T99/><D71/><U19/><E5/><V53/><F26/><W76/><G96/><T13/><D13/><U27/><E27/><V110/><F110/><W61/><G104/><T84/><D58/><AGARI ba="0,0" hai="16,17,20,21,22,49,53,58" m="48139,11785" machi="58" ten="30,2900,0" yaku="18,1,54,1" doraHai="105" who="2" fromWho="0" sc="236,-29,176,0,288,29,300,0" /><INIT seed="6,1,0,3,4,119" ten="207,176,317,300" oya="2" hai0="90,108,113,105,77,47,121,131,102,125,91,104,48" hai1="50,51,84,20,72,36,66,15,4,31,126,123,12" hai2="23,13,55,38,21,94,22,0,1,9,133,42,130" hai3="117,70,120,74,14,19,17,118,97,83,3,112,8"/><V98/><F38/><W37/><G120/><T124/><D48/><N who="1" m="18475" /><E72/><V75/><F75/><W44/><G70/><T39/><D39/><U114/><E36/><V26/><F42/><N who="3" m="22607" /><G97/><T46/><D102/><U34/><E34/><V2/><F55/><W111/><G111/><T103/><D103/><U110/><E110/><V80/><F80/><W92/><G92/><T115/><D108/><U65/><E114/><N who="0" m="43529" /><D77/><U30/><E126/><N who="0" m="48745" /><D131/><U59/><E123/><V53/><F53/><W122/><G122/><T27/><D27/><N who="1" m="16743" /><E31/><V95/><F130/><W134/><G112/><T67/><D67/><N who="1" m="25611" /><E4/><V132/><F26/><W54/><G74/><T41/><D41/><U129/><E129/><V101/><REACH who="2" step="1"/><F95/><REACH who="2" ten="207,176,307,300" step="2"/><W6/><G118/><T57/><D121/><U88/><E59/><V25/><F25/><W89/><G117/><T87/><D57/><U128/><E128/><V29/><F29/><W135/><G83/><AGARI ba="1,1" hai="12,15,83,84,88" m="25611,16743,18475" machi="83" ten="30,2000,0" yaku="8,1,54,1" doraHai="119" who="1" fromWho="3" sc="207,0,176,33,307,0,300,-23" /><INIT seed="7,0,0,2,1,6" ten="207,209,307,277" oya="3" hai0="28,64,110,55,90,113,71,102,99,120,41,82,96" hai1="65,98,118,1,84,95,103,134,22,127,20,44,109" hai2="39,100,40,17,7,10,23,83,87,91,79,116,8" hai3="72,5,76,94,93,67,119,75,12,52,43,63,68"/><W125/><G119/><T61/><D120/><U115/><E109/><V73/><F116/><W74/><G125/><T60/><D110/><U105/><E118/><V62/><F7/><W106/><G106/><T3/><D3/><U97/><E127/><V108/><F108/><W56/><G76/><T24/><D41/><U123/><E123/><V15/><F100/><W42/><G5/><T112/><D55/><U81/><E1/><V131/><F131/><W46/><G12/><T114/><D61/><U70/><E134/><V101/><F101/><W36/><REACH who="3" step="1"/><G43/><REACH who="3" ten="207,209,307,267" step="2"/><T121/><D121/><U129/><E129/><V16/><F79/><W18/><G18/><T88/><D82/><U48/><E115/><V35/><F17/><W19/><G19/><T111/><D111/><U54/><E105/><V31/><F16/><W50/><AGARI ba="0,1" hai="36,42,46,50,52,56,63,67,68,72,74,75,93,94" machi="50" ten="30,24000,3" yaku="1,1,0,1,24,2,54,1,53,3" doraHai="6" doraHaiUra="107" who="3" fromWho="3" sc="207,-80,209,-80,307,-80,267,250" owari="127,-37.0,129,-27.0,227,3.0,517,61.0" /></mjloggm>