<mjloggm ver="2.3"><GO type="169" lobby="0"/><UN n0="%E5%B0%8F%E6%B1%A0%E7%BE%8E%E6%B3%A2%E2%8A%BF" n1="%E3%83%99%E3%82%B8%E2%80%95%E3%82%BF" n2="%E6%9C%A8%E6%BC%8F%E3%82%8C%E6%97%A5" n3="%6D%69%6E%65%72%61%6C%32" dan="16,16,17,16" rate="2110.01,2155.07,2196.11,2035.07" sx="F,M,M,M"/><TAIKYOKU oya="0"/><INIT seed="0,0,0,4,2,31" ten="250,250,250,250" oya="0" hai0="6,34,123,68,29,133,63,7,107,33,49,61,88" hai1="52,54,96,55,78,117,116,131,86,129,120,65,10" hai2="30,122,60,18,83,24,102,121,14,39,21,26,84" hai3="67,134,32,128,19,35,103,15,100,47,87,115,132"/><T66/><D123/><U1/><E120/><V104/><F39/><W109/><G115/><T46/><D133/><N who="3" m="51305" /><G109/><T62/><D107/><U43/><E43/><V94/><F104/><W5/><G5/><T127/><D127/><U82/><E65/><V119/><F119/><W75/><G75/><T101/><D101/><N who="3" m="38985" /><G67/><T73/><D73/><U64/><E96/><V2/><F2/><W135/><G128/><N who="1" m="49226" /><E64/><V108/><F108/><W125/><G125/><T17/><D17/><U110/><E110/><V59/><F122/><W126/><G126/><T57/><D6/><AGARI ba="0,0" hai="1,6,10,52,54,55,78,82,86,116,117" m="49226" machi="6" ten="30,2000,0" yaku="19,1,54,1" doraHai="31" who="1" fromWho="0" sc="250,-20,250,20,250,0,250,0" /><INIT seed="1,0,0,3,5,135" ten="230,270,250,250" oya="1" hai0="66,120,83,31,45,119,29,126,73,103,53,114,81" hai1="15,62,6,22,79,1,24,85,52,13,64,80,61" hai2="36,93,41,77,35,82,125,133,4,46,42,113,132" hai3="17,58,99,101,109,105,123,90,74,34,16,86,47"/><U20/><E1/><V43/><F35/><W127/><G123/><T108/><D114/><U107/><E107/><V51/><F113/><W104/><G104/><T84/><D119/><U130/><E130/><V88/><F4/><W12/><G34/><T70/><D103/><U48/><E20/><V14/><F14/><N who="1" m="5129" /><E64/><V124/><F36/><W69/><G69/><T92/><D92/><U2/><E6/><V122/><F122/><W28/><G28/><T100/><D100/><U18/><E2/><V50/><F82/><W40/><G74/><T38/><D73/><U9/><E9/><V55/><F77/><W129/><G17/><T11/><D83/><U111/><E111/><V75/><F51/><W128/><G58/><AGARI ba="0,0" hai="18,22,24,48,52,58,61,62,79,80,85" m="5129" machi="58" ten="30,2900,0" yaku="8,1,54,1" doraHai="135" who="1" fromWho="3" sc="230,0,270,29,250,0,250,-29" /><INIT seed="1,1,0,1,0,71" ten="230,299,250,221" oya="1" hai0="42,2,25,121,97,111,13,74,40,51,45,9,83" hai1="64,102,6,57,108,11,17,63,35,38,4,98,73" hai2="119,90,110,104,36,69,123,122,120,41,112,8,7" hai3="89,72,130,67,47,26,99,79,68,49,24,28,88"/><U115/><E115/><V86/><F119/><W14/><G130/><T128/><D111/><U62/><E73/><V118/><F118/><W103/><G72/><T20/><D128/><U23/><E35/><V53/><F104/><W59/><G79/><T109/><D109/><U101/><E108/><V18/><F69/><W46/><G26/><T29/><D2/><U91/><E91/><V125/><F110/><W52/><G14/><T135/><D135/><U78/><E78/><V54/><F18/><W61/><G47/><T94/><D74/><U55/><E38/><V95/><F125/><W129/><G129/><T77/><D77/><U19/><E19/><V70/><F70/><W43/><G43/><T0/><D0/><U27/><E11/><V16/><F112/><W84/><G84/><T93/><D83/><U33/><E33/><V10/><F10/><W65/><G65/><T58/><D58/><N who="1" m="35167" /><E98/><V30/><F30/><W87/><G87/><T81/><D81/><U48/><E48/><V131/><F131/><W80/><G80/><T12/><D12/><U3/><E3/><V114/><F114/><W76/><G76/><T126/><D126/><U56/><E56/><V100/><F16/><W5/><G5/><AGARI ba="1,0" hai="4,5,6,17,23,27,57,63,64,101,102" m="35167" machi="5" ten="30,1500,0" yaku="8,1" doraHai="71" who="1" fromWho="3" sc="230,0,299,18,250,0,221,-18" /><INIT seed="1,2,0,4,5,72" ten="230,317,250,203" oya="1" hai0="110,93,49,30,35,1,129,5,45,37,58,86,82" hai1="73,63,65,21,8,98,77,32,15,39,96,90,106" hai2="104,71,134,61,41,76,94,54,3,57,48,89,43" hai3="14,79,62,59,31,81,102,60,64,85,24,87,53"/><U126/><E32/><V78/><F104/><W2/><G2/><T27/><D37/><U99/><E39/><V131/><F3/><W121/><G121/><T11/><D110/><U25/><E126/><V42/><F134/><W13/><G102/><T56/><D129/><U6/><E106/><V125/><F131/><W114/><G87/><T133/><D93/><U9/><E9/><V80/><F80/><W84/><G84/><T40/><REACH who="0" step="1"/><D133/><REACH who="0" ten="220,317,250,203" step="2"/><U26/><E99/><N who="2" m="57807" /><F125/><W92/><G92/><T52/><D52/><U44/><E98/><V29/><F71/><W22/><REACH who="3" step="1"/><G114/><REACH who="3" ten="220,317,250,193" step="2"/><T105/><D105/><U113/><E113/><V135/><F135/><W50/><G50/><T101/><D101/><U107/><E96/><V0/><F48/><W28/><G28/><T108/><D108/><U120/><E107/><V132/><F132/><W66/><G66/><T75/><D75/><U12/><E65/><V7/><F29/><W109/><G109/><T127/><D127/><U128/><E73/><V118/><F118/><W103/><G103/><T116/><D116/><U55/><E128/><V74/><F74/><W67/><G67/><T130/><D130/><U69/><E120/><V23/><F0/><W18/><G18/><T4/><D4/><U124/><E6/><V115/><F115/><W122/><G122/><T100/><D100/><U19/><E19/><V88/><F7/><W51/><G51/><T123/><D123/><U68/><E124/><V97/><F97/><W83/><G83/><T70/><D70/><AGARI ba="2,2" hai="13,14,22,24,31,53,59,60,62,64,70,79,81,85" machi="70" ten="30,3900,0" yaku="1,1,7,1,52,1,53,0" doraHai="72" doraHaiUra="36" who="3" fromWho="0" sc="220,-45,317,0,250,0,193,65" /><INIT seed="2,0,0,3,5,63" ten="175,317,250,258" oya="2" hai0="14,121,100,22,105,73,24,112,55,42,19,125,91" hai1="127,83,67,123,58,90,68,70,126,75,130,27,108" hai2="106,103,89,97,129,119,1,12,0,20,122,87,77" hai3="88,113,65,109,46,99,35,23,84,98,3,26,95"/><V79/><F119/><W110/><G3/><T32/><D112/><U28/><E108/><N who="3" m="41578" /><G35/><T25/><D121/><U101/><E101/><V16/><F122/><W41/><G65/><T92/><D125/><N who="1" m="47627" /><E130/><V52/><F129/><W118/><G118/><T18/><D73/><U61/><E123/><V94/><F1/><W4/><G4/><T31/><D42/><U15/><E15/><V114/><F0/><W37/><G113/><T44/><D105/><U34/><E90/><V71/><F114/><W56/><G56/><T30/><D100/><U93/><E93/><V62/><REACH who="2" step="1"/><F71/><REACH who="2" ten="175,317,240,258" step="2"/><W131/><G131/><T6/><D14/><U134/><E70/><V128/><F128/><W5/><G5/><T133/><D6/><U82/><E68/><V86/><F86/><W76/><G76/><T81/><D25/><U9/><E75/><V45/><F45/><W10/><G84/><T59/><D44/><U13/><E134/><V50/><F50/><W29/><G99/><T48/><D133/><U11/><E13/><V107/><F107/><W116/><G116/><T43/><D24/><U40/><E27/><V69/><F69/><W17/><G29/><T60/><D31/><U64/><E28/><V115/><F115/><W135/><G135/><T80/><D30/><U51/><E51/><V117/><F117/><W49/><G49/><T33/><D48/><U120/><E120/><V47/><F47/><W38/><G38/><T96/><D43/><U78/><E40/><V85/><F85/><W7/><G7/><T8/><D33/><U36/><E34/><V132/><F132/><RYUUKYOKU ba="0,1" sc="175,-15,317,-15,240,15,258,15" hai2="12,16,20,52,62,77,79,87,89,94,97,103,106" hai3="10,17,23,26,37,41,46,88,95,98" /><INIT seed="2,1,1,5,1,19" ten="160,302,255,273" oya="2" hai0="42,92,83,128,32,13,82,97,68,59,131,112,38" hai1="18,74,5,39,24,78,116,8,85,104,20,4,44" hai2="25,93,101,118,52,62,14,12,121,86,15,70,79" hai3="109,46,60,99,41,84,33,64,16,107,63,22,65"/><V47/><F118/><W127/><G33/><T75/><D68/><U95/><E104/><V130/><F121/><W108/><G127/><T134/><D112/><U66/><E116/><V69/><F130/><W103/><G84/><T132/><D32/><U37/><E74/><V72/><F72/><W102/><G102/><T76/><D59/><U9/><E66/><V54/><F70/><W29/><G29/><T126/><D38/><U90/><E78/><V48/><F69/><W67/><G63/><T2/><D2/><U119/><E119/><V43/><F62/><W3/><G3/><T35/><D42/><U105/><E105/><V114/><F114/><W88/><G88/><N who="0" m="55431" /><D13/><U117/><E117/><V71/><F71/><W51/><REACH who="3" step="1"/><G60/><REACH who="3" ten="160,302,255,263" step="2"/><T89/><D35/><U17/><E90/><N who="2" m="53463" /><F101/><W61/><G61/><T129/><D126/><U122/><E85/><AGARI ba="1,2" hai="75,76,82,83,85,89,128,129,131,132,134" m="55431" machi="85" ten="40,8000,1" yaku="19,1,34,2,54,1" doraHai="19" who="0" fromWho="1" sc="160,103,302,-83,255,0,263,0" /><INIT seed="3,0,0,3,2,81" ten="263,219,255,263" oya="3" hai0="83,32,109,70,26,87,112,117,7,11,111,2,25" hai1="60,6,104,89,94,102,67,39,107,35,105,130,51" hai2="100,12,125,64,56,42,76,86,69,122,22,93,85" hai3="9,53,47,43,52,108,34,113,23,4,92,3,72"/><W134/><G113/><T103/><D117/><U124/><E39/><V88/><F69/><W71/><G134/><T84/><D112/><U91/><E35/><V41/><F125/><W132/><G132/><T133/><D133/><U49/><E124/><V120/><F100/><W27/><G108/><N who="0" m="41547" /><D70/><U19/><E130/><V73/><F73/><W106/><G106/><T90/><D32/><U68/><E6/><V58/><F64/><W5/><G71/><T97/><D84/><N who="2" m="32362" /><F76/><W0/><G72/><T31/><D31/><U114/><E114/><V135/><F135/><W77/><G77/><T118/><D118/><U123/><E123/><N who="2" m="47147" /><F12/><W36/><G34/><T55/><D55/><U57/><E102/><V17/><F17/><W62/><G62/><T28/><D28/><U127/><E127/><V38/><F22/><W75/><G75/><T29/><D29/><U116/><E116/><V119/><F119/><W121/><G121/><T21/><D21/><U128/><E19/><V46/><F42/><W15/><G15/><T14/><D14/><U66/><E66/><V33/><F33/><W115/><G115/><T79/><D79/><U48/><E68/><V59/><F59/><W98/><G5/><T80/><D80/><U13/><E13/><V61/><F61/><W99/><G23/><T20/><D20/><U78/><E78/><V40/><F40/><W65/><G65/><T95/><AGARI ba="0,0" hai="2,7,11,25,26,83,87,90,95,97,103" m="41547" machi="95" ten="30,2000,0" yaku="14,1,52,1" doraHai="81" who="0" fromWho="0" sc="263,20,219,-5,255,-5,263,-10" /><INIT seed="4,0,0,1,3,11" ten="283,214,250,253" oya="0" hai0="69,97,0,54,56,29,37,47,113,12,114,99,21" hai1="116,34,110,117,18,31,103,129,81,62,2,133,101" hai2="15,38,7,10,112,83,61,20,26,68,45,125,131" hai3="77,27,134,52,64,80,72,79,84,13,51,87,41"/><T39/><D69/><U63/><E110/><V28/><F112/><N who="0" m="43114" /><D0/><U8/><E133/><V123/><F123/><W53/><G64/><T36/><D47/><U127/><E127/><V96/><F125/><W17/><G134/><T109/><D109/><U24/><E129/><V33/><F131/><W14/><G72/><T85/><D85/><U49/><E49/><V25/><F96/><N who="0" m="36938" /><D29/><U67/><E81/><V74/><F83/><N who="3" m="47215" /><G41/><T73/><D73/><U132/><E132/><V88/><F74/><W4/><G4/><T126/><D126/><U66/><E2/><V23/><F45/><N who="3" m="27759" /><G53/><T40/><D40/><U65/><E117/><V100/><F68/><W115/><G115/><T43/><D43/><U120/><E116/><V58/><F38/><W60/><G60/><N who="0" m="35863" /><D39/><U118/><E118/><V106/><F61/><W42/><G42/><T78/><D78/><U89/><E120/><V71/><F71/><W135/><G135/><T46/><D46/><U16/><E63/><V55/><F55/><W59/><G59/><T95/><D95/><U98/><E62/><V102/><F58/><W32/><G32/><T44/><D44/><U48/><E66/><V1/><F33/><W22/><AGARI ba="0,0" hai="13,14,17,22,27,79,80,87" m="27759,47215" machi="22" ten="30,7900,0" yaku="8,1,52,2,54,1" doraHai="11" who="3" fromWho="3" sc="283,-39,214,-20,250,-20,253,79" /><INIT seed="5,0,0,1,5,113" ten="244,194,230,332" oya="1" hai0="30,37,50,60,11,69,72,21,67,0,63,124,109" hai1="19,4,12,48,87,130,99,101,18,49,8,65,131" hai2="133,54,82,17,127,102,44,24,70,46,6,80,135" hai3="105,27,57,41,79,10,132,75,16,36,114,35,121"/><U77/><E65/><V134/><F70/><W13/><G105/><T40/><D72/><U9/><E77/><V59/><F6/><W43/><G121/><T1/><D109/><U86/><E99/><V29/><F17/><N who="1" m="6153" /><E101/><V51/><F102/><W119/><G36/><T118/><D37/><U100/><E100/><V122/><F127/><W120/><G120/><T71/><D124/><U92/><E92/><V108/><F108/><W94/><G94/><T115/><D63/><U76/><E76/><V91/><F122/><W68/><G68/><T104/><D104/><U106/><E106/><V81/><REACH who="2" step="1"/><F91/><REACH who="2" ten="244,194,220,332" step="2"/><W111/><G111/><T61/><D71/><U89/><E89/><V26/><F26/><W73/><G27/><T20/><D69/><U96/><E9/><V78/><F78/><W39/><G79/><T64/><D11/><U83/><E96/><V15/><F15/><W33/><G13/><T62/><D67/><U88/><E87/><V125/><F125/><W98/><G10/><T93/><D0/><U32/><E32/><AGARI ba="0,1" hai="24,29,32,44,46,51,54,59,80,81,82,133,134,135" machi="32" ten="50,3200,0" yaku="1,1,20,1,53,0" doraHai="113" doraHaiUra="90" who="2" fromWho="1" sc="244,0,194,-32,220,42,332,0" /><INIT seed="6,0,0,5,2,8" ten="244,162,262,332" oya="2" hai0="95,74,70,99,25,103,67,132,23,47,21,73,29" hai1="16,55,24,86,54,3,40,44,120,71,105,27,31" hai2="32,4,38,2,83,41,104,94,69,52,1,43,60" hai3="20,97,26,88,98,77,90,87,110,128,91,53,108"/><V0/><F104/><W39/><G39/><T58/><D70/><U84/><E105/><V93/><F32/><W22/><G128/><T107/><D132/><U126/><E126/><V134/><F134/><W92/><G108/><T127/><D127/><U129/><E129/><V115/><F115/><W109/><G109/><T121/><D121/><U59/><E71/><V12/><F83/><N who="3" m="47599" /><G110/><T85/><D47/><U14/><E3/><V82/><F82/><W118/><G118/><T6/><D85/><U35/><E27/><V100/><F38/><W101/><G53/><T46/><D107/><U131/><E131/><V78/><F78/><W117/><G117/><T72/><D46/><U76/><E120/><V89/><F100/><N who="3" m="60455" /><G26/><T80/><D6/><U18/><E18/><V114/><F114/><W133/><G133/><T119/><D23/><U75/><E75/><V48/><F94/><AGARI ba="0,0" hai="20,22,88,90,91,94,98,101" m="60455,47599" machi="94" ten="30,2000,0" yaku="8,1,54,1" doraHai="8" who="3" fromWho="2" sc="244,0,162,0,262,-20,332,20" /><INIT seed="7,0,0,3,5,123" ten="244,162,242,352" oya="3" hai0="93,118,128,17,22,73,54,84,67,63,5,102,107" hai1="108,6,82,96,60,130,112,72,98,4,59,64,115" hai2="29,110,71,12,131,106,94,76,43,16,62,47,28" hai3="23,9,69,68,79,14,74,103,129,51,45,92,66"/><W109/><G109/><T20/><D118/><U31/><E31/><V83/><F106/><W114/><G74/><T34/><D34/><U99/><E72/><V8/><F110/><W122/><G79/><T56/><D107/><U18/><E108/><V89/><F131/><W97/><G122/><T121/><D73/><U46/><E130/><V85/><F71/><W125/><G129/><T91/><D121/><U41/><E82/><V117/><F62/><W61/><G23/><T87/><D5/><U126/><E126/><V37/><F117/><W105/><G114/><T11/><D102/><U53/><E64/><V111/><F111/><W134/><G134/><T49/><D87/><AGARI ba="0,0" hai="8,12,16,28,29,37,43,47,76,83,85,87,89,94" machi="87" ten="30,2000,0" yaku="7,1,54,1" doraHai="123" who="2" fromWho="0" sc="244,-20,162,0,242,20,352,0" owari="224,-18.0,162,-34.0,262,6.0,352,46.0" /></mjloggm>