<mjloggm ver="2.3"><GO type="169" lobby="0"/><UN n0="%52%45%49%4E%E6%A3%AE%E4%B9%85%E4%BF%9D%50" n1="%E5%BD%97%E6%98%9F%E5%85%A5%E3%83%92%E3%82%B3" n2="%28%3B%E3%83%BB%E2%88%80%E3%83%BB%29" n3="%E7%9F%B3%E5%A1%9A" dan="16,16,16,16" rate="2144.44,2127.74,2185.68,2089.47" sx="M,M,M,M"/><TAIKYOKU oya="0"/><INIT seed="0,0,0,1,3,41" ten="250,250,250,250" oya="0" hai0="62,11,126,81,96,8,72,111,18,44,134,22,69" hai1="21,15,124,6,82,47,98,59,76,84,52,36,75" hai2="132,91,120,65,0,129,14,50,32,83,58,24,123" hai3="2,67,106,7,9,110,78,10,49,85,128,94,17"/><T73/><D134/><U131/><E124/><V116/><F0/><W4/><G110/><T121/><D121/><U133/><E133/><V113/><F113/><W103/><G128/><T86/><D126/><U57/><E131/><V45/><F132/><W122/><G122/><T48/><D111/><U61/><E98/><V71/><F71/><W119/><G119/><T66/><D96/><U26/><E75/><V100/><F100/><W107/><G67/><T79/><D72/><U53/><E36/><V68/><F68/><W33/><G33/><T101/><D101/><U1/><E1/><V5/><F129/><W43/><G17/><T28/><D28/><U12/><E47/><V70/><F70/><W108/><G108/><T25/><REACH who="0" step="1"/><D73/><REACH who="0" ten="240,250,250,250" step="2"/><U104/><E104/><V30/><F30/><W105/><G103/><T60/><D60/><N who="1" m="35887" /><E6/><V93/><F5/><W29/><G29/><AGARI ba="0,1" hai="12,15,21,26,29,52,59,61,76,82,84" m="35887" machi="29" ten="30,2000,0" yaku="8,1,54,1" doraHai="41" who="1" fromWho="3" sc="240,0,250,30,250,0,250,-20" /><INIT seed="1,0,0,1,1,24" ten="240,280,250,230" oya="1" hai0="79,78,128,69,5,20,123,93,32,86,27,57,15" hai1="53,12,42,63,114,22,36,50,104,85,37,108,106" hai2="54,95,88,0,92,3,28,70,51,125,113,33,82" hai3="134,110,80,60,84,61,45,135,133,101,34,9,26"/><U31/><E114/><V77/><F70/><W49/><G110/><T116/><D69/><U120/><E120/><V17/><F125/><W6/><G101/><T107/><D116/><U39/><E108/><V62/><F62/><W25/><G25/><T94/><D107/><U7/><E31/><V18/><F92/><W118/><G118/><T56/><D128/><U19/><E7/><V21/><F33/><W122/><G122/><T38/><D32/><U73/><E73/><V66/><F66/><W111/><G111/><T29/><D38/><U8/><E8/><V35/><F35/><W16/><G6/><T81/><D78/><U48/><E63/><V68/><F68/><W124/><G124/><T89/><D123/><U126/><E126/><V127/><F127/><W40/><G9/><N who="0" m="4527" /><D94/><U112/><E112/><V10/><F10/><W23/><REACH who="3" step="1"/><G34/><REACH who="3" ten="240,280,250,220" step="2"/><T11/><D11/><U96/><E106/><V90/><F113/><W97/><G97/><AGARI ba="0,1" hai="20,27,29,56,57,79,81,86,89,93,97" m="4527" machi="97" ten="30,2000,0" yaku="8,1,52,1" doraHai="24" who="0" fromWho="3" sc="240,30,280,0,250,0,220,-20" /><INIT seed="2,0,0,4,1,73" ten="270,280,250,200" oya="2" hai0="60,33,13,5,3,56,88,124,109,112,132,122,72" hai1="64,83,105,85,38,69,131,4,103,58,114,91,63" hai2="30,2,116,47,92,8,48,22,119,100,26,49,70" hai3="130,86,87,57,106,50,12,20,45,98,117,75,97"/><V89/><F70/><W24/><G117/><T43/><D33/><U128/><E114/><V93/><F100/><W66/><G75/><T95/><D3/><U123/><E38/><V51/><F47/><W1/><G1/><T108/><D112/><U55/><E123/><V129/><F129/><N who="1" m="49737" /><E4/><V118/><REACH who="2" step="1"/><F89/><REACH who="2" ten="270,280,240,200" step="2"/><W104/><G45/><T115/><D88/><U113/><E113/><V74/><F74/><W17/><G130/><T127/><D72/><U25/><E103/><V21/><F21/><W39/><G20/><T7/><D115/><U19/><E105/><V14/><F14/><W18/><G12/><T111/><D13/><U11/><E69/><V79/><F79/><W52/><G106/><T84/><D122/><U40/><E11/><V42/><F42/><W76/><G76/><T62/><D43/><U6/><E40/><V134/><F134/><W29/><G104/><T16/><D132/><U61/><E91/><V35/><F35/><W110/><G110/><T94/><D111/><U102/><E102/><V101/><F101/><W135/><G135/><T44/><D44/><U82/><E25/><V107/><F107/><W81/><G24/><T80/><D108/><U125/><E58/><V65/><F65/><W28/><G66/><T96/><D56/><U32/><E64/><V46/><F46/><W90/><G90/><T59/><D59/><U53/><E53/><V31/><F31/><W9/><G52/><T121/><D109/><U15/><E55/><V77/><F77/><W27/><G27/><T67/><D67/><U36/><E15/><V126/><F126/><RYUUKYOKU ba="0,1" sc="270,-10,280,-10,240,30,200,-10" hai2="2,8,22,26,30,48,49,51,92,93,116,118,119" /><INIT seed="2,1,1,5,4,9" ten="260,270,270,190" oya="2" hai0="76,7,134,135,0,114,24,98,46,30,35,113,11" hai1="120,49,23,116,70,102,94,81,108,74,99,69,43" hai2="119,33,92,127,48,60,16,105,56,27,59,79,29" hai3="68,125,58,14,13,40,54,126,12,52,130,64,118"/><V38/><F105/><W122/><G118/><T131/><D76/><U39/><E116/><V57/><F38/><W34/><G122/><T72/><D72/><U106/><E120/><V20/><F119/><W32/><G68/><T124/><D46/><U107/><E39/><V37/><F37/><W75/><G75/><T112/><D98/><U82/><E108/><V8/><F127/><N who="3" m="48651" /><G130/><T100/><D100/><U109/><E109/><V93/><F79/><W101/><G40/><T61/><D61/><U45/><E107/><V128/><F128/><W84/><G101/><T85/><D85/><U19/><E74/><V88/><F93/><W65/><G52/><T4/><D124/><U110/><E110/><V42/><F48/><N who="3" m="31047" /><G84/><T21/><D131/><U123/><E123/><V132/><F42/><W51/><G51/><T83/><D83/><U115/><E106/><V80/><F80/><W133/><G133/><N who="0" m="50699" /><D4/><U67/><E70/><V96/><F132/><W36/><G36/><T63/><D63/><U104/><E104/><V28/><F28/><W129/><G129/><T91/><D91/><U50/><E50/><V55/><REACH who="2" step="1"/><F8/><REACH who="2" ten="260,270,260,190" step="2"/><W97/><G97/><T73/><D73/><U95/><E82/><V17/><F17/><W26/><G34/><AGARI ba="1,2" hai="0,7,11,21,24,30,34,35,112,113,114" m="50699" machi="34" ten="40,5200,0" yaku="20,1,34,2" doraHai="9" who="0" fromWho="3" sc="260,75,270,0,260,0,190,-55" /><INIT seed="3,0,0,4,3,46" ten="335,270,260,135" oya="3" hai0="56,17,62,38,39,86,131,26,91,94,77,60,113" hai1="58,100,76,129,59,125,97,124,14,103,24,66,122" hai2="18,93,53,6,4,20,12,110,68,104,34,22,85" hai3="52,127,75,111,27,126,29,92,117,118,0,49,8"/><W84/><G75/><T105/><D105/><U36/><E122/><V3/><F34/><W21/><G111/><T72/><D131/><U61/><E36/><V23/><F104/><W63/><G63/><T116/><D116/><U65/><E129/><V42/><F110/><W7/><G84/><T78/><D113/><U87/><E24/><V11/><F68/><W2/><G0/><T133/><D133/><U81/><E14/><V90/><F42/><W57/><REACH who="3" step="1"/><G92/><REACH who="3" ten="335,270,260,125" step="2"/><T45/><D62/><U115/><E115/><V102/><F3/><W69/><G69/><T47/><D72/><U80/><E61/><V48/><REACH who="2" step="1"/><F102/><REACH who="2" ten="335,270,250,125" step="2"/><W40/><G40/><T132/><D132/><U101/><E101/><V37/><F37/><W64/><G64/><T112/><D39/><U128/><E128/><V1/><F1/><W55/><G55/><T107/><D38/><U79/><E87/><V13/><F13/><W130/><G130/><T123/><D112/><U134/><E134/><V73/><F73/><W96/><G96/><AGARI ba="0,2" hai="58,59,65,66,76,79,80,81,96,97,100,103,124,125" machi="96" ten="25,1600,0" yaku="22,2" doraHai="46" who="1" fromWho="3" sc="335,0,270,36,250,0,125,-16" /><INIT seed="4,0,0,4,2,134" ten="335,306,250,109" oya="0" hai0="93,55,51,54,38,74,50,102,97,65,124,129,127" hai1="117,95,104,3,107,98,119,43,135,111,46,116,91" hai2="59,128,4,28,22,131,86,125,105,82,11,26,40" hai3="1,113,48,63,94,90,5,77,92,31,64,67,58"/><T133/><D133/><U76/><E135/><V66/><F105/><W15/><G1/><T71/><D74/><U32/><E3/><V53/><F66/><W108/><G108/><T118/><D38/><U17/><E32/><V52/><F40/><W20/><G113/><T30/><D118/><U81/><E17/><V70/><F70/><W123/><G123/><T89/><D30/><U2/><E2/><N who="2" m="407" /><F59/><W44/><G77/><T33/><D33/><U57/><E57/><V21/><F21/><W14/><G67/><T0/><D0/><U8/><E111/><V132/><F132/><W100/><G5/><T75/><D75/><U115/><E115/><V62/><F62/><W23/><G94/><N who="0" m="58679" /><D129/><N who="2" m="49738" /><F125/><N who="0" m="48202" /><D65/><U79/><E119/><V27/><F27/><W7/><G100/><T41/><D71/><U42/><E117/><V68/><F68/><W109/><G109/><T35/><D35/><U19/><E116/><V106/><F106/><W10/><G31/><T6/><D6/><U60/><E107/><V112/><F112/><W24/><G24/><T25/><D25/><U47/><E104/><V110/><F110/><W56/><G14/><T49/><D41/><U13/><E43/><V9/><F9/><W61/><G15/><T36/><D36/><U12/><E42/><V72/><F72/><W78/><G10/><T84/><AGARI ba="0,0" hai="49,50,51,54,55,84,89,93" m="48202,58679" machi="84" ten="30,11700,0" yaku="18,1,52,3" doraHai="134" who="0" fromWho="0" sc="335,117,306,-39,250,-39,109,-39" /><INIT seed="4,1,0,2,1,88" ten="452,267,211,70" oya="0" hai0="53,0,121,110,71,126,134,127,33,84,117,68,44" hai1="72,128,27,93,40,95,39,109,103,101,108,5,54" hai2="98,10,47,43,76,69,41,26,12,8,111,64,120" hai3="56,14,91,55,61,59,21,79,22,30,86,3,83"/><T36/><D53/><U85/><E72/><V104/><F111/><W67/><G3/><T6/><D84/><U46/><E128/><V94/><F104/><W65/><G30/><T11/><D44/><U97/><E5/><V25/><F120/><W42/><G42/><T16/><D16/><U132/><E132/><V51/><F76/><W125/><G125/><T89/><D89/><U31/><E54/><V57/><F69/><W99/><G67/><T49/><D49/><U80/><E80/><V131/><F131/><W29/><G29/><T112/><D11/><U123/><E123/><V129/><F129/><W75/><G14/><T62/><D6/><U70/><E70/><V116/><F116/><W87/><G99/><T102/><D62/><U113/><E113/><V19/><F43/><W7/><G7/><T124/><D102/><U24/><E24/><V52/><F64/><W38/><G38/><T107/><D126/><U118/><E118/><V73/><F73/><W17/><G17/><T115/><D115/><U58/><E58/><V66/><F66/><W63/><REACH who="3" step="1"/><G75/><REACH who="3" ten="452,267,211,60" step="2"/><T105/><D124/><U82/><E97/><V37/><REACH who="2" step="1"/><F10/><REACH who="2" ten="452,267,201,60" step="2"/><W32/><G32/><T35/><D33/><N who="1" m="20735" /><E40/><V60/><F60/><W50/><G50/><T1/><D71/><U15/><E109/><V130/><F130/><W81/><AGARI ba="1,2" hai="21,22,55,56,59,61,63,65,79,81,83,86,87,91" machi="81" ten="20,5200,0" yaku="1,1,0,1,7,1,8,1,53,0" doraHai="88" doraHaiUra="45" who="3" fromWho="3" sc="452,-27,267,-14,201,-14,60,75" /><INIT seed="5,0,0,3,0,63" ten="425,253,187,135" oya="1" hai0="100,108,41,80,44,54,10,32,12,126,0,16,25" hai1="62,29,74,93,127,37,26,47,2,13,11,88,8" hai2="97,59,111,23,24,51,40,77,90,15,83,53,119" hai3="133,39,123,79,38,102,134,66,49,65,107,105,42"/><U132/><E127/><V36/><F111/><W84/><G123/><T116/><D108/><U125/><E125/><V18/><F119/><W95/><G102/><T4/><D126/><U28/><E132/><N who="3" m="50794" /><G49/><T135/><D135/><U17/><E74/><V68/><F68/><W75/><G42/><T27/><D116/><U7/><E62/><V76/><F36/><N who="3" m="13867" /><G75/><T99/><D54/><U109/><E109/><V60/><F40/><W5/><G5/><T30/><D27/><U131/><E131/><V78/><F51/><W58/><G58/><T103/><D80/><U89/><E47/><V14/><F83/><N who="3" m="47231" /><G95/><AGARI ba="0,0" hai="14,15,18,23,24,53,59,60,76,77,78,90,95,97" machi="95" ten="40,5200,0" yaku="25,2,8,1" doraHai="63" who="2" fromWho="3" sc="425,0,253,0,187,52,135,-52" /><INIT seed="6,0,0,0,4,12" ten="425,253,239,83" oya="2" hai0="105,25,38,15,91,78,75,69,106,111,42,65,1" hai1="61,119,27,9,77,11,29,10,74,35,98,8,30" hai2="104,132,63,52,80,49,92,103,5,44,127,131,110" hai3="107,117,88,71,59,24,90,16,123,45,3,81,102"/><V113/><F110/><W56/><G117/><T99/><D15/><U26/><E74/><V79/><F104/><W0/><G71/><T126/><D25/><U47/><E77/><V41/><F113/><W57/><G123/><T95/><D65/><U70/><E119/><V54/><F127/><W39/><G39/><T101/><D42/><U84/><E84/><V64/><F131/><W82/><G45/><T135/><D91/><U133/><E47/><V76/><F132/><W72/><G102/><T4/><D95/><U19/><E98/><V124/><F124/><W129/><G107/><T86/><D86/><U87/><E87/><V109/><F109/><W34/><G34/><T128/><D99/><U114/><E114/><V73/><F76/><W93/><G129/><T51/><D4/><U55/><E133/><V23/><F5/><W89/><G93/><T31/><D51/><U21/><E70/><V36/><F36/><W48/><G48/><T68/><D31/><N who="1" m="19959" /><E61/><V121/><F121/><W83/><G72/><T58/><D101/><U66/><E55/><V118/><F118/><W122/><G122/><T125/><D78/><U40/><E66/><V2/><F2/><W94/><G94/><T53/><D135/><U32/><E40/><V50/><F50/><W20/><G20/><T18/><D38/><U62/><E62/><V17/><F92/><W116/><G116/><T33/><D111/><U108/><E108/><V130/><F103/><W7/><G7/><T28/><D125/><U96/><N who="1" m="2048" /><DORA hai="43" /><U115/><E115/><V37/><F37/><W46/><G46/><RYUUKYOKU ba="0,0" sc="425,-10,253,-10,239,-10,83,30" hai3="0,3,16,24,56,57,59,81,82,83,88,89,90" /><INIT seed="7,1,0,2,1,82" ten="415,243,229,113" oya="3" hai0="121,135,68,107,96,114,39,78,48,70,50,49,129" hai1="115,18,40,98,113,111,128,87,41,7,53,6,73" hai2="132,123,14,65,13,75,71,25,1,131,103,21,8" hai3="69,56,4,106,44,84,58,61,42,86,16,93,24"/><W30/><G106/><T20/><D48/><U26/><E73/><V66/><F75/><W100/><G4/><T102/><D49/><U77/><E111/><V52/><F1/><W67/><G100/><T72/><D50/><U12/><E98/><V118/><F118/><W59/><G93/><T90/><D68/><U51/><E128/><V122/><F131/><W54/><G54/><T105/><D70/><U43/><E26/><V109/><F109/><W133/><G133/><T60/><D39/><U119/><E119/><V19/><F14/><W126/><G126/><T83/><D60/><U124/><E124/><V22/><F22/><W0/><G0/><T81/><D20/><N who="1" m="11335" /><E115/><V125/><F125/><W74/><G74/><T104/><D135/><U11/><E113/><V64/><F71/><W80/><G80/><T37/><D37/><U10/><E87/><V88/><F103/><W110/><G110/><T15/><D15/><U94/><E94/><V120/><F132/><W76/><G76/><T97/><D121/><N who="2" m="46698" /><F88/><W55/><G55/><T9/><D9/><N who="1" m="3083" /><E77/><V33/><F33/><N who="3" m="20679" /><G16/><T63/><D63/><U29/><E29/><N who="2" m="17583" /><F123/><W108/><G108/><T101/><D114/><U17/><E17/><V95/><F95/><W79/><G79/><T57/><D57/><AGARI ba="1,0" hai="6,7,40,41,43,51,53,57" m="3083,11335" machi="57" ten="30,1000,0" yaku="8,1" doraHai="82" who="1" fromWho="0" sc="415,-13,243,13,229,0,113,0" owari="402,50.0,256,6.0,229,-17.0,113,-39.0" /></mjloggm>