<mjloggm ver="2.3"><GO type="169" lobby="0"/><UN n0="%E5%AE%9F%E5%AD%98" n1="%E3%83%95%E3%82%A9%E3%82%B9%E3%82%BF%E3%83%BC" n2="%4B%69%7A%75%6E%65%72" n3="%E5%AE%89%E6%96%8E" dan="17,16,17,17" rate="2191.49,2076.13,2175.45,2226.48" sx="M,M,F,F"/><TAIKYOKU oya="0"/><INIT seed="0,0,0,5,3,127" ten="250,250,250,250" oya="0" hai0="27,83,95,60,112,114,74,45,78,20,116,4,97" hai1="113,24,23,69,52,63,34,122,10,7,70,50,43" hai2="115,96,12,41,33,108,13,55,132,77,118,39,91" hai3="85,80,99,38,54,66,59,105,117,11,29,61,107"/><T17/><D116/><U126/><E122/><V123/><F118/><W1/><G117/><T84/><D4/><U72/><E126/><V3/><F55/><W25/><G38/><T30/><D45/><U76/><E34/><V2/><F91/><W37/><G37/><T28/><D74/><U35/><E35/><V106/><F77/><W68/><G11/><T46/><D46/><U111/><E111/><V109/><F41/><W65/><G1/><N who="2" m="9" /><F39/><W62/><G54/><T128/><D128/><U8/><E43/><V87/><F87/><W16/><G99/><T125/><D125/><U49/><E49/><V135/><F115/><W71/><G59/><T88/><D114/><U110/><E110/><N who="2" m="42603" /><F123/><W53/><G53/><T44/><D112/><U86/><E72/><V94/><F94/><W51/><G51/><T121/><D121/><U90/><E76/><V82/><F82/><W130/><G130/><T129/><D129/><U48/><E48/><V102/><F33/><W36/><G36/><T103/><D44/><U133/><E113/><V56/><F56/><W32/><REACH who="3" step="1"/><G16/><REACH who="3" ten="250,250,250,240" step="2"/><T40/><D40/><U119/><E119/><V0/><F0/><W120/><G120/><T57/><D103/><U104/><E50/><V9/><F9/><W5/><G5/><T98/><D98/><U64/><E10/><V42/><F42/><W92/><G92/><T18/><D18/><N who="1" m="12407" /><E8/><V101/><F101/><W124/><G124/><T131/><D131/><U81/><E7/><V19/><F19/><W79/><AGARI ba="0,1" hai="25,29,32,61,62,65,66,68,71,79,80,85,105,107" machi="79" ten="20,5200,0" yaku="1,1,0,1,7,1,9,1,53,0" doraHai="127" doraHaiUra="14" who="3" fromWho="3" sc="250,-26,250,-13,250,-13,240,62" /><INIT seed="1,0,0,3,4,122" ten="224,237,237,302" oya="1" hai0="132,126,96,97,42,114,91,109,58,128,10,63,127" hai1="100,14,17,71,92,101,133,129,93,24,41,73,113" hai2="0,117,45,6,7,47,99,16,12,39,104,69,121" hai3="90,67,95,8,21,27,20,46,36,72,78,25,131"/><U9/><E113/><V89/><F117/><W19/><G131/><T110/><D114/><U56/><E71/><V120/><F69/><W102/><G67/><T26/><D128/><U79/><E73/><V76/><F76/><W31/><G102/><N who="1" m="39530" /><E129/><V134/><F104/><W88/><G8/><T85/><D42/><U11/><E79/><V49/><F134/><W124/><G124/><N who="0" m="47659" /><D26/><U3/><E3/><V105/><F105/><W84/><G72/><T125/><N who="0" m="47667" /><T29/><DORA hai="103" /><D29/><U52/><E41/><V77/><F77/><W111/><G78/><T59/><D10/><N who="1" m="3595" /><E24/><V80/><F0/><W43/><REACH who="3" step="1"/><G90/><REACH who="3" ten="224,237,237,292" step="2"/><T68/><D132/><U70/><E133/><V74/><F89/><W48/><G48/><T5/><D5/><U15/><E70/><V38/><F7/><W86/><G86/><T115/><D68/><U82/><E82/><V119/><F80/><W33/><G33/><T66/><D115/><U23/><E93/><V106/><F6/><W118/><G118/><T30/><D85/><U94/><E94/><V83/><F83/><W51/><G51/><T44/><D91/><U107/><E92/><V54/><F74/><W87/><G87/><T75/><D75/><U2/><E107/><V22/><F119/><W130/><G130/><T34/><D34/><U65/><E65/><V32/><F32/><W108/><AGARI ba="0,1" hai="19,20,21,25,27,31,36,43,46,84,88,95,108,111" machi="108" ten="30,8000,1" yaku="1,1,0,1,52,2,54,1,53,0" doraHai="122,103" doraHaiUra="57,135" who="3" fromWho="3" sc="224,-20,237,-40,237,-20,292,90" /><INIT seed="2,0,0,0,5,93" ten="204,197,217,382" oya="2" hai0="51,50,10,81,94,60,125,83,134,72,43,35,7" hai1="77,120,65,80,68,61,15,64,38,101,119,97,14" hai2="37,74,33,107,0,22,112,48,34,135,23,29,99" hai3="3,122,103,88,82,76,45,52,55,54,111,71,113"/><V30/><F112/><W130/><G122/><T66/><D134/><U123/><E119/><V21/><F37/><W91/><G113/><T8/><D35/><U117/><E117/><V127/><F74/><W132/><G132/><T126/><D72/><U11/><E38/><V86/><F86/><W78/><G111/><T49/><D43/><U121/><E65/><V109/><F135/><W108/><G108/><T62/><D94/><U59/><E68/><V47/><F109/><W57/><G71/><T4/><D66/><U100/><E100/><V89/><F127/><W90/><G3/><T41/><D41/><U75/><REACH who="1" step="1"/><E11/><REACH who="1" ten="204,187,217,382" step="2"/><V114/><F114/><W19/><G103/><T102/><D102/><U31/><E31/><V131/><F131/><W6/><G130/><T79/><D8/><U84/><E84/><V1/><F107/><AGARI ba="0,1" hai="14,15,59,61,64,75,77,80,97,101,107,120,121,123" machi="107" ten="40,8000,1" yaku="1,1,13,1,52,1,53,1" doraHai="93" doraHaiUra="95" who="1" fromWho="2" sc="204,0,187,90,217,-80,382,0" /><INIT seed="3,0,0,5,0,65" ten="204,277,137,382" oya="3" hai0="78,55,19,134,96,58,70,17,38,48,115,18,128" hai1="62,108,123,54,88,28,109,60,16,67,74,103,34" hai2="50,79,71,104,68,122,44,80,12,91,64,114,119" hai3="111,98,113,132,86,90,23,135,3,39,87,95,92"/><W94/><G3/><T40/><D134/><N who="3" m="51241" /><G39/><T129/><D115/><U66/><E74/><V69/><F114/><W25/><G113/><T53/><D78/><U13/><E103/><V59/><F119/><W33/><G33/><T83/><D83/><U37/><E37/><V130/><F104/><W52/><G111/><N who="1" m="42570" /><E28/><V112/><F112/><W127/><G127/><T9/><D9/><N who="1" m="6191" /><E123/><V43/><F130/><W131/><G131/><T57/><D38/><U10/><E10/><V101/><F122/><W0/><G0/><T84/><D128/><U106/><E106/><V75/><F101/><W1/><G1/><T49/><D129/><U118/><E34/><V46/><F12/><W100/><G23/><T63/><D84/><N who="3" m="32297" /><G25/><T126/><D126/><U8/><E8/><V93/><F46/><W82/><G52/><T29/><D40/><U85/><E118/><V15/><F15/><W27/><G27/><T21/><D21/><U77/><E77/><V102/><F102/><W42/><G42/><T125/><D125/><U121/><E121/><V31/><F31/><W6/><G6/><T2/><D29/><U30/><E30/><V72/><F72/><W20/><G20/><T4/><D4/><U124/><E124/><V89/><REACH who="2" step="1"/><F93/><REACH who="2" ten="204,277,127,382" step="2"/><N who="3" m="58447" /><G82/><T73/><D2/><U120/><E120/><V56/><F56/><W133/><N who="3" m="51249" /><W14/><DORA hai="107" /><G14/><T5/><D57/><N who="1" m="34871" /><E62/><AGARI ba="0,1" hai="43,44,50,59,62,64,68,69,71,75,79,80,89,91" machi="62" ten="40,12000,2" yaku="1,1,52,4,53,1" doraHai="65,107" doraHaiUra="41,97" who="2" fromWho="1" sc="204,0,277,-120,127,130,382,0" /><INIT seed="4,0,0,2,5,86" ten="204,157,257,382" oya="0" hai0="126,22,97,64,1,110,3,129,30,36,63,29,24" hai1="135,9,121,91,109,35,6,69,46,58,115,98,87" hai2="85,17,112,105,14,119,37,49,7,118,89,132,78" hai3="71,128,65,67,80,54,95,59,94,31,15,19,133"/><T131/><D36/><U83/><E109/><V12/><F37/><W103/><G128/><T42/><D110/><U134/><E121/><V8/><F112/><W92/><G133/><N who="1" m="50698" /><E69/><V61/><F132/><W57/><G71/><T74/><D74/><U116/><E116/><N who="2" m="44587" /><F105/><W104/><G31/><T82/><D42/><U4/><E35/><V73/><F78/><W102/><G80/><T53/><D126/><U130/><E130/><N who="0" m="49673" /><D53/><U32/><E32/><V96/><F73/><W25/><G25/><T28/><D82/><U48/><E58/><N who="3" m="22026" /><G54/><T43/><D43/><N who="1" m="24671" /><E115/><V55/><F61/><W20/><G104/><T16/><D63/><U76/><E9/><N who="2" m="4159" /><F55/><W77/><G77/><T84/><D64/><AGARI ba="0,0" hai="15,19,20,64,65,67,92,94,95,102,103" m="22026" machi="64" ten="30,1000,0" yaku="8,1" doraHai="86" who="3" fromWho="0" sc="204,-10,157,0,257,0,382,10" /><INIT seed="5,0,0,1,0,124" ten="194,157,257,392" oya="1" hai0="73,87,59,77,12,48,34,39,53,82,51,6,86" hai1="129,64,21,55,127,121,111,101,65,69,29,5,13" hai2="31,30,132,37,123,42,49,71,91,126,117,105,94" hai3="18,54,116,33,92,93,95,35,2,83,24,9,17"/><U20/><E121/><V76/><F76/><W108/><G108/><T25/><D39/><U47/><E127/><V97/><F37/><W50/><G116/><T11/><D34/><U125/><E125/><V74/><F74/><W85/><G2/><T22/><REACH who="0" step="1"/><D51/><REACH who="0" ten="184,157,257,392" step="2"/><U66/><E111/><V110/><F126/><W109/><G33/><T100/><D100/><U89/><E101/><V90/><F110/><W133/><G35/><T14/><D14/><U70/><E13/><V120/><F120/><W28/><G109/><T41/><D41/><U57/><E70/><V23/><F123/><W61/><G50/><T32/><D32/><U27/><E69/><V79/><F117/><W75/><G24/><T134/><D134/><U119/><E119/><V84/><F71/><W122/><G133/><T103/><D103/><U128/><E47/><V102/><F132/><W40/><G122/><T67/><D67/><U62/><E5/><V10/><F49/><W19/><G40/><T7/><D7/><U15/><E15/><V45/><F102/><W52/><G54/><T78/><D78/><U104/><E104/><V3/><F79/><W88/><G52/><T130/><D130/><N who="1" m="50283" /><E21/><V113/><F23/><W58/><G9/><T68/><D68/><N who="1" m="42007" /><E89/><V135/><F105/><W107/><G107/><T0/><D0/><U46/><E46/><V60/><F135/><W1/><G1/><T96/><D96/><U38/><E38/><V43/><F45/><W8/><G8/><T44/><D44/><U4/><E4/><V131/><F10/><W106/><G106/><T98/><D98/><RYUUKYOKU ba="0,1" sc="184,15,157,15,257,-15,392,-15" hai0="6,11,12,22,25,48,53,59,73,77,82,86,87" hai1="20,27,29,55,57,65,66" /><INIT seed="5,1,1,4,4,131" ten="199,172,242,377" oya="1" hai0="18,0,47,101,15,86,78,40,33,36,8,35,92" hai1="66,42,87,55,129,76,74,20,111,82,79,102,113" hai2="46,11,17,73,64,43,50,29,135,6,85,115,14" hai3="41,95,126,109,133,75,130,105,114,28,122,58,97"/><U69/><E129/><V26/><F115/><W124/><G130/><T106/><D0/><U2/><E113/><V65/><F73/><W63/><G114/><T112/><D112/><U99/><E2/><V83/><F135/><W25/><G133/><T120/><D120/><U60/><E111/><V23/><REACH who="2" step="1"/><F29/><REACH who="2" ten="199,172,232,377" step="2"/><W110/><G75/><T103/><D106/><U21/><E42/><V104/><F104/><W77/><G105/><T52/><D40/><U121/><E121/><V116/><F116/><W57/><G122/><T107/><D107/><U31/><E74/><V19/><F19/><W7/><G41/><T37/><D18/><U100/><E31/><V48/><F48/><W12/><G109/><T54/><D37/><U45/><E79/><AGARI ba="1,2" hai="6,11,14,17,23,26,43,46,50,64,65,79,83,85" machi="79" ten="30,8000,1" yaku="1,1,7,1,25,2,8,1,53,0" doraHai="131" doraHaiUra="56" who="2" fromWho="1" sc="199,0,172,-83,232,103,377,0" /><INIT seed="6,0,0,5,2,42" ten="199,89,335,377" oya="2" hai0="99,25,129,124,58,46,63,103,44,4,10,87,108" hai1="3,75,76,61,16,6,40,88,22,56,125,12,117" hai2="34,118,45,43,89,79,53,131,38,98,60,67,29" hai3="0,9,84,54,37,134,128,47,65,97,28,92,30"/><V18/><F18/><W62/><BYE who="2" /><G128/><T23/><D108/><UN n2="%4B%69%7A%75%6E%65%72" /><U112/><E117/><V11/><F118/><W1/><G134/><T7/><D124/><U31/><E125/><V70/><F131/><W73/><G73/><T32/><D32/><U52/><E112/><V20/><F34/><W123/><G123/><T57/><D87/><U36/><E3/><V127/><F127/><W132/><G132/><T130/><D130/><U80/><E6/><V113/><F113/><W59/><G84/><T49/><D49/><U135/><E135/><V94/><F79/><W74/><G74/><T8/><D129/><U116/><E116/><V27/><F11/><W26/><G9/><T50/><D50/><U2/><E2/><V91/><REACH who="2" step="1"/><F53/><REACH who="2" ten="199,89,325,377" step="2"/><W13/><G54/><T85/><D10/><U71/><E31/><V126/><F126/><W64/><G28/><T77/><D8/><U19/><E19/><V102/><AGARI ba="0,1" hai="20,27,29,38,43,45,60,67,70,89,91,94,98,102" machi="102" ten="20,7800,0" yaku="1,1,0,1,7,1,52,1,53,0" doraHai="42" doraHaiUra="51" who="2" fromWho="2" sc="199,-26,89,-26,325,88,377,-26" /><INIT seed="6,1,0,2,4,23" ten="173,63,413,351" oya="2" hai0="42,5,77,87,66,40,50,108,55,107,1,24,78" hai1="115,104,20,72,26,110,11,82,99,10,25,60,63" hai2="9,93,27,3,32,89,4,111,132,57,85,69,101" hai3="125,81,91,88,44,133,37,117,119,65,22,95,80"/><V62/><F132/><W129/><G65/><T83/><D107/><U64/><E110/><V100/><F111/><W118/><G37/><T48/><D48/><U130/><E115/><V54/><REACH who="2" step="1"/><F69/><REACH who="2" ten="173,63,403,351" step="2"/><W39/><G133/><T35/><D108/><U68/><E68/><V98/><F98/><W13/><G125/><T112/><D112/><U31/><E130/><V18/><F18/><W114/><G129/><T56/><D5/><U58/><E99/><V49/><F49/><W120/><G114/><T7/><D50/><U96/><E63/><V135/><F135/><W33/><G118/><T105/><D7/><U113/><E113/><V38/><F38/><W6/><G39/><T41/><D41/><U2/><E96/><V97/><F97/><W46/><G6/><T14/><D42/><U123/><E104/><V8/><F8/><W53/><G117/><T17/><D17/><U134/><E134/><V19/><F19/><W0/><G119/><T116/><D40/><U51/><E123/><V36/><F36/><W124/><G120/><T52/><D105/><U21/><E51/><V15/><F15/><W43/><G124/><T94/><D14/><U29/><E2/><V28/><AGARI ba="1,1" hai="3,4,9,27,28,32,54,57,62,85,89,93,100,101" machi="28" ten="30,6000,0" yaku="1,1,0,1,52,1,53,0" doraHai="23" doraHaiUra="73" who="2" fromWho="2" sc="173,-21,63,-21,403,73,351,-21" /><INIT seed="6,2,0,0,5,30" ten="152,42,476,330" oya="2" hai0="22,51,42,39,74,111,126,98,81,2,69,79,8" hai1="10,36,15,64,120,26,101,94,25,45,90,71,129" hai2="57,70,48,62,122,77,12,55,78,46,49,11,9" hai3="18,7,6,99,5,52,19,89,56,3,67,102,34"/><V53/><F122/><W44/><G3/><T130/><D69/><U96/><E120/><V13/><F70/><W104/><G34/><T124/><D111/><U117/><E117/><V1/><F1/><W59/><G89/><T33/><D33/><U110/><E110/><V40/><F13/><W86/><G86/><T87/><D130/><U65/><E129/><V23/><F23/><W118/><G118/><T76/><D51/><U60/><E65/><V68/><F68/><W119/><G119/><T47/><D76/><U97/><E36/><V128/><F128/><W17/><REACH who="3" step="1"/><G67/><REACH who="3" ten="152,42,476,320" step="2"/><T121/><D87/><U28/><E45/><V20/><F78/><W105/><G105/><T125/><D121/><U61/><E64/><V135/><F77/><W123/><G123/><T31/><D125/><U75/><E75/><V63/><F135/><W24/><G24/><T85/><D85/><U14/><E14/><V32/><F32/><W103/><G103/><T37/><D126/><U88/><E26/><V115/><F115/><W80/><G80/><T116/><D124/><U109/><E109/><V0/><F0/><W41/><G41/><T72/><D116/><U106/><E90/><V100/><F100/><W133/><G133/><T112/><D74/><U132/><E132/><V108/><F108/><W84/><G84/><T83/><D112/><U43/><E43/><V54/><F40/><W27/><G27/><N who="0" m="16887" /><D81/><U21/><REACH who="1" step="1"/><E71/><REACH who="1" ten="152,32,476,320" step="2"/><V16/><F46/><W127/><G127/><T4/><D37/><U131/><E131/><V35/><F57/><W91/><G91/><T134/><D134/><RYUUKYOKU ba="2,2" sc="152,10,32,10,476,-30,320,10" hai0="2,4,8,39,42,47,72,79,83,98" hai1="10,15,21,25,28,60,61,88,94,96,97,101,106" hai3="5,6,7,17,18,19,44,52,56,59,99,102,104" /><INIT seed="7,3,2,1,0,16" ten="162,42,446,330" oya="3" hai0="10,96,48,119,66,58,3,95,105,34,54,131,37" hai1="135,46,47,63,69,83,40,132,79,77,65,126,108" hai2="122,55,76,125,114,15,41,85,51,104,8,121,68" hai3="22,116,18,64,130,100,120,78,111,129,102,94,90"/><W71/><G120/><N who="2" m="46185" /><F114/><W4/><G116/><T59/><D34/><U42/><E83/><N who="2" m="47335" /><F125/><W134/><G134/><N who="1" m="51242" /><E79/><V103/><F68/><W115/><G115/><T62/><D105/><U82/><E82/><V23/><F41/><W13/><G111/><T38/><D119/><U80/><E80/><V113/><F113/><W5/><G78/><T53/><D95/><U17/><E77/><V11/><F23/><W27/><G64/><T106/><D96/><U88/><E88/><V19/><F11/><N who="3" m="4327" /><G71/><T25/><D106/><U36/><E17/><V128/><F128/><N who="3" m="49259" /><G5/><T26/><D131/><U109/><E126/><V75/><F75/><W74/><G74/><T60/><D10/><U6/><E6/><V30/><F30/><W87/><AGARI ba="3,2" hai="18,22,27,87,90,94,100,102" m="49259,4327" machi="87" ten="30,3000,0" yaku="19,1,52,1" doraHai="16" who="3" fromWho="3" sc="162,-13,42,-13,446,-13,330,59" /><INIT seed="7,4,0,4,5,112" ten="149,29,433,389" oya="3" hai0="105,58,9,118,34,12,82,11,90,93,78,106,83" hai1="19,65,135,28,21,80,17,111,62,33,98,45,57" hai2="104,116,51,88,75,36,0,54,24,20,81,22,56" hai3="49,53,92,10,30,79,3,50,84,130,55,121,120"/><W71/><G71/><T5/><D34/><U132/><E111/><V59/><F116/><W69/><G69/><T133/><D118/><U94/><E33/><V102/><F36/><W85/><G30/><T114/><D83/><U127/><E127/><V27/><F0/><W110/><G110/><T74/><D133/><U131/><E131/><V37/><F37/><W1/><G92/><T48/><D114/><U61/><E61/><V64/><F104/><W35/><G35/><T103/><D103/><U126/><E126/><V134/><F134/><W26/><G26/><N who="2" m="9769" /><F75/><W101/><G101/><T129/><D129/><U109/><E109/><V124/><F102/><W95/><G130/><T47/><D9/><U70/><E135/><V13/><F124/><W67/><G95/><T2/><D58/><U107/><E70/><V122/><F122/><W97/><G67/><T14/><D14/><U91/><E107/><V44/><F13/><W41/><G10/><T86/><D2/><U6/><E132/><V63/><F56/><W18/><G41/><AGARI ba="4,0" hai="5,11,12,41,47,48,74,78,82,86,90,93,105,106" machi="41" ten="30,1000,0" yaku="7,1" doraHai="112" who="0" fromWho="3" sc="149,22,29,0,433,0,389,-22" owari="171,-23.0,29,-47.0,433,53.0,367,17.0" /></mjloggm>