<mjloggm ver="2.3"><GO type="225" lobby="0"/><UN n0="%E5%B7%A5%E8%97%A4%E6%96%B0%E4%B8%80" n1="%E3%81%95%E3%81%8D%E3%81%9F%E3%81%BE%E6%9E%97%E6%AA%8E" n2="%E4%B8%8A%E9%96%93%E7%AB%9C%E4%B9%9F" n3="%E8%83%83%E3%81%A8%E8%85%B8" dan="16,16,16,18" rate="2127.14,2169.38,2084.57,2231.31" sx="M,M,M,M"/><TAIKYOKU oya="0"/><INIT seed="0,0,0,0,2,125" ten="250,250,250,250" oya="0" hai0="115,27,9,57,6,83,24,4,87,31,62,112,120" hai1="8,60,0,3,63,33,73,92,43,22,41,80,131" hai2="88,50,18,13,12,99,51,89,130,78,44,74,110" hai3="108,114,111,91,69,30,119,39,122,102,109,23,55"/><T66/><D120/><U65/><E33/><V32/><F32/><W126/><G119/><T121/><D121/><U100/><E22/><V15/><F110/><W61/><G122/><T113/><D31/><U10/><E100/><V82/><F130/><W40/><G114/><T116/><D116/><U2/><E92/><V38/><F38/><W25/><G126/><T28/><D28/><U97/><E97/><V85/><F18/><W36/><G102/><T42/><D42/><U86/><E73/><V101/><F44/><W93/><G40/><T45/><D45/><U7/><E3/><V21/><F21/><W52/><G69/><T107/><D107/><U76/><E60/><V35/><F35/><W106/><G106/><T54/><D66/><U79/><E76/><V58/><F58/><N who="3" m="35015" /><G55/><T71/><D71/><U118/><E118/><V134/><F134/><W67/><G67/><T124/><D124/><U53/><E53/><V1/><F1/><W90/><G90/><N who="2" m="34921" /><F74/><W96/><AGARI ba="0,0" hai="23,25,30,36,39,91,93,96,108,109,111" m="35015" machi="96" ten="30,2000,0" yaku="14,1,54,1" doraHai="125" who="3" fromWho="3" sc="250,-10,250,-5,250,-5,250,20" /><INIT seed="1,0,0,2,2,37" ten="240,245,245,270" oya="1" hai0="109,131,106,81,116,107,122,10,115,130,76,125,22" hai1="97,121,132,92,6,21,127,51,60,26,124,118,84" hai2="30,17,1,16,35,119,0,36,134,27,18,112,88" hai3="54,93,110,102,13,63,49,86,46,47,58,78,44"/><U7/><E118/><V48/><F36/><W101/><G110/><T55/><D55/><U8/><E121/><V50/><F119/><W95/><G13/><T114/><D22/><U19/><E132/><V29/><F134/><W39/><G39/><T33/><D10/><U85/><E60/><V73/><F73/><W123/><G123/><T61/><D61/><U64/><E64/><V96/><F112/><N who="0" m="43050" /><D116/><U94/><E94/><N who="3" m="35850" /><G63/><T104/><D122/><U52/><E124/><V135/><F135/><W24/><G24/><T79/><D33/><U100/><E127/><V42/><F96/><W89/><G78/><N who="0" m="29739" /><D125/><U31/><E31/><V23/><F35/><W15/><G15/><T83/><D109/><U11/><E8/><V74/><F30/><W113/><G113/><T62/><D62/><U12/><REACH who="1" step="1"/><E6/><REACH who="1" ten="240,235,245,270" step="2"/><V128/><F29/><W9/><G9/><T103/><D103/><U14/><E14/><V72/><F0/><W87/><G101/><T4/><D4/><U82/><E82/><AGARI ba="0,1" hai="81,82,83,104,106,107,130,131" m="29739,43050" machi="82" ten="40,8000,1" yaku="28,2,34,2" doraHai="37" who="0" fromWho="1" sc="240,90,235,-80,245,0,270,0" /><INIT seed="2,0,0,4,4,69" ten="330,155,245,270" oya="2" hai0="5,108,41,54,65,99,89,47,33,3,111,107,110" hai1="15,9,100,120,119,61,59,103,94,8,115,28,16" hai2="98,124,68,71,44,48,35,49,133,123,83,77,73" hai3="40,134,58,96,78,112,51,76,18,38,63,11,42"/><V102/><F123/><W25/><G134/><T91/><D33/><U27/><E115/><V37/><F133/><W72/><G112/><T20/><D54/><U66/><E119/><V95/><F124/><W106/><G72/><T82/><D65/><U93/><E120/><V43/><F49/><W6/><G38/><N who="0" m="21943" /><D20/><U113/><E113/><V24/><REACH who="2" step="1"/><F48/><REACH who="2" ten="330,155,235,270" step="2"/><W39/><G51/><T60/><D111/><U90/><E8/><V30/><AGARI ba="0,1" hai="24,30,35,37,43,44,68,71,73,77,83,95,98,102" machi="30" ten="30,12000,1" yaku="1,1,2,1,0,1,52,1,53,1" doraHai="69" doraHaiUra="105" who="2" fromWho="2" sc="330,-40,155,-40,235,130,270,-40" /><INIT seed="2,1,0,3,2,104" ten="290,115,365,230" oya="2" hai0="85,76,117,72,10,3,49,17,126,1,89,121,55" hai1="33,15,0,65,93,87,135,21,42,8,37,53,120" hai2="67,31,56,123,51,20,22,68,77,118,73,29,9" hai3="41,35,99,25,111,116,130,127,119,34,113,44,90"/><V32/><F118/><W128/><G111/><T50/><D126/><U5/><E65/><V100/><F123/><W2/><G2/><T54/><D121/><U91/><E120/><V107/><F9/><W97/><G127/><T98/><D117/><U108/><E108/><V12/><F56/><W52/><G113/><T39/><D39/><U4/><E135/><V106/><F51/><N who="3" m="28775" /><G41/><T40/><D98/><N who="3" m="37385" /><G90/><T115/><D40/><U134/><E134/><V83/><F100/><W102/><G102/><T14/><D115/><U129/><E129/><N who="3" m="49770" /><G34/><T47/><D1/><U132/><E132/><V101/><F101/><W43/><G43/><T84/><D3/><U7/><E33/><V61/><F32/><W71/><G71/><T59/><REACH who="0" step="1"/><D89/><REACH who="0" ten="280,115,365,230" step="2"/><U78/><E0/><V86/><F106/><W24/><G116/><T38/><D38/><U103/><E37/><V74/><F107/><W95/><G119/><T82/><AGARI ba="1,1" hai="10,14,17,47,49,50,54,55,59,72,76,82,84,85" machi="82" ten="30,4000,0" yaku="1,1,0,1,52,1,53,0" doraHai="104" doraHaiUra="58" who="0" fromWho="0" sc="280,53,115,-11,365,-21,230,-11" /><INIT seed="3,0,0,2,5,115" ten="333,104,344,219" oya="3" hai0="90,126,110,130,123,55,80,105,59,117,20,49,16" hai1="58,26,47,116,77,22,1,64,36,74,89,5,75" hai2="132,31,135,86,111,98,48,33,76,109,62,121,14" hai3="30,133,35,40,57,8,101,85,51,99,43,66,124"/><W0/><G124/><T19/><D110/><N who="2" m="41994" /><F121/><W120/><G120/><T100/><D130/><U127/><E127/><V3/><F3/><W93/><G133/><T92/><D126/><U68/><E89/><V24/><F98/><W95/><G0/><T71/><D123/><U128/><E128/><V65/><F48/><W9/><G35/><T45/><D117/><U50/><E75/><V12/><F76/><W34/><G34/><T119/><D119/><U41/><E22/><V63/><F86/><W83/><G93/><T131/><D131/><U129/><E129/><V52/><F52/><N who="3" m="31903" /><G66/><T53/><D71/><U108/><E108/><V78/><F78/><N who="3" m="46327" /><G30/><T106/><D80/><U134/><E134/><N who="2" m="51243" /><F63/><W27/><G27/><T104/><D100/><U79/><E26/><V70/><AGARI ba="0,0" hai="12,14,24,31,33,62,65,70" m="51243,41994" machi="70" ten="30,2000,0" yaku="14,1,20,1" doraHai="115" who="2" fromWho="2" sc="333,-5,104,-5,344,20,219,-10" owari="328,13.0,99,-40.0,364,46.0,209,-19.0" /></mjloggm>