<mjloggm ver="2.3"><GO type="169" lobby="0"/><UN n0="%E3%81%BF%E3%81%8B%E3%82%82%E3%82%81" n1="%6C%65%6F%6E%6C%65%6F%6E" n2="%E3%81%AB%E3%81%A3%E3%81%A1%E3%82%87" n3="%E3%81%BF%E3%81%A3%E3%81%8D%E3%83%BC" dan="17,16,17,17" rate="2194.04,2135.61,2159.73,2217.50" sx="M,M,M,M"/><TAIKYOKU oya="0"/><INIT seed="0,0,0,3,3,123" ten="250,250,250,250" oya="0" hai0="106,58,52,51,48,53,86,49,57,107,79,56,59" hai1="3,110,128,73,60,117,76,85,92,80,1,69,21" hai2="114,122,112,20,47,41,65,97,30,93,77,105,100" hai3="46,113,84,54,61,129,104,83,28,134,45,109,37"/><T44/><REACH who="0" step="1"/><D48/><REACH who="0" ten="240,250,250,250" step="2"/><U96/><E117/><V22/><F114/><W2/><G113/><T31/><D31/><U26/><E128/><V115/><F112/><W17/><G28/><T82/><AGARI ba="0,1" hai="44,49,51,52,53,56,57,58,59,79,82,86,106,107" machi="82" ten="30,11700,0" yaku="21,2,0,1,54,1,53,0" doraHai="123" doraHaiUra="121" who="0" fromWho="0" sc="240,127,250,-39,250,-39,250,-39" /><INIT seed="0,1,0,1,3,110" ten="367,211,211,211" oya="0" hai0="45,19,40,93,36,76,62,3,44,0,83,28,14" hai1="120,70,26,5,52,25,51,57,16,107,63,49,60" hai2="108,133,18,9,102,87,104,72,100,61,91,113,10" hai3="17,124,119,89,34,13,84,99,105,33,43,55,27"/><T37/><D28/><U88/><E120/><V129/><F108/><W131/><G119/><T38/><D93/><U132/><E107/><V78/><F129/><W97/><G124/><T47/><D62/><N who="1" m="23595" /><E70/><V8/><F133/><W66/><G66/><T59/><D59/><U42/><E5/><V106/><F61/><W122/><G43/><T126/><D126/><U2/><E2/><V69/><F69/><W109/><G27/><T80/><D40/><U125/><E132/><V73/><F18/><W58/><G131/><T101/><D101/><U117/><E117/><V123/><F78/><W79/><G79/><T48/><D48/><U134/><E134/><V121/><F10/><N who="3" m="6327" /><G105/><T74/><REACH who="0" step="1"/><D80/><REACH who="0" ten="357,211,211,211" step="2"/><U39/><E125/><V103/><F103/><W67/><G109/><T92/><D92/><U30/><E30/><V54/><F106/><W75/><G33/><T12/><D12/><U85/><E39/><V4/><F104/><W50/><G34/><T1/><D1/><U23/><E26/><V82/><F82/><W135/><G135/><T31/><D31/><U95/><E42/><V116/><F116/><W56/><G58/><T77/><D77/><U24/><E24/><V127/><F127/><W32/><G32/><T112/><D112/><U128/><E128/><V64/><F113/><W96/><G56/><T68/><D68/><U111/><E111/><V130/><F130/><W53/><G50/><AGARI ba="1,1" hai="16,23,25,49,50,51,52,57,85,88,95" m="23595" machi="50" ten="30,7700,0" yaku="8,1,54,3" doraHai="110" who="1" fromWho="3" sc="357,0,211,90,211,0,211,-80" /><INIT seed="1,0,0,0,0,73" ten="357,301,211,131" oya="1" hai0="97,82,27,0,128,113,54,20,94,114,51,48,34" hai1="86,59,76,77,105,106,68,74,93,118,14,55,85" hai2="132,107,16,49,15,1,32,104,101,78,42,125,95" hai3="109,22,60,79,8,9,121,21,110,6,96,58,111"/><U47/><E68/><V29/><F1/><W100/><G121/><T52/><D34/><U12/><E118/><V80/><F125/><W18/><G9/><T26/><D0/><U24/><E74/><V63/><F132/><W112/><G112/><T88/><D128/><U44/><E24/><V69/><F29/><W10/><G10/><T102/><D113/><U53/><E93/><V127/><F32/><W43/><G43/><T3/><D3/><U116/><E116/><V87/><F127/><W115/><G115/><T131/><D131/><U56/><AGARI ba="0,0" hai="12,14,44,47,53,55,56,59,76,77,85,86,105,106" machi="56" ten="25,12000,1" yaku="0,1,22,2,52,2" doraHai="73" who="1" fromWho="1" sc="357,-40,301,120,211,-40,131,-40" /><INIT seed="1,1,0,5,4,129" ten="317,421,171,91" oya="1" hai0="12,48,40,32,43,61,59,90,72,77,5,18,34" hai1="4,55,53,49,89,79,13,80,68,111,99,41,122" hai2="56,62,112,133,101,125,37,126,3,15,104,51,52" hai3="44,98,130,58,115,86,92,14,9,21,42,57,94"/><U23/><E122/><V107/><F3/><W82/><G115/><T75/><D5/><U46/><E68/><V102/><F112/><W84/><G21/><T81/><D75/><U100/><E89/><V19/><F37/><W8/><G130/><T74/><D72/><U110/><E23/><V121/><F121/><W93/><G98/><T76/><D76/><U114/><E114/><V66/><F102/><W69/><G69/><T88/><D34/><U7/><E55/><V20/><F133/><W108/><G108/><N who="1" m="41514" /><E53/><V132/><F132/><W97/><G97/><T22/><D32/><U109/><N who="1" m="41522" /><U87/><DORA hai="118" /><E13/><V17/><F101/><W67/><G67/><T73/><D73/><U24/><E24/><V6/><F6/><W119/><G119/><T64/><REACH who="0" step="1"/><D40/><REACH who="0" ten="307,421,171,91" step="2"/><U113/><E113/><V95/><F126/><W131/><G42/><T27/><D27/><U70/><E70/><V33/><F125/><W103/><G131/><T85/><D85/><U16/><E16/><V91/><F19/><W35/><G84/><T54/><D54/><U65/><E65/><V120/><F33/><W71/><G86/><T25/><D25/><U26/><E26/><V11/><F66/><W2/><G35/><T78/><D78/><U1/><E1/><V124/><F124/><W38/><G2/><T106/><D106/><AGARI ba="1,1" hai="4,7,41,46,49,79,80,87,99,100,106" m="41522" machi="106" ten="40,3900,0" yaku="14,1,10,1" doraHai="129,118" who="1" fromWho="0" sc="307,-42,421,52,171,0,91,0" /><INIT seed="1,2,0,5,1,119" ten="265,473,171,91" oya="1" hai0="121,10,95,58,43,78,57,111,49,51,50,74,87" hai1="15,129,128,60,16,131,75,123,104,82,4,67,124" hai2="81,94,102,46,68,7,17,122,28,55,69,36,35" hai3="24,117,23,22,11,76,133,91,37,101,85,32,132"/><U26/><E124/><V27/><F7/><W61/><G37/><T54/><D111/><U12/><E104/><V52/><F17/><W97/><G76/><T110/><D110/><U127/><E127/><V33/><F33/><W83/><G11/><T86/><D74/><U19/><E4/><V65/><F81/><W106/><G117/><T98/><D121/><U40/><E40/><V114/><F114/><W14/><G14/><T112/><D112/><U42/><E42/><V116/><F116/><W108/><G108/><T38/><D38/><U48/><E48/><V20/><F20/><W79/><G61/><T77/><D10/><U66/><E26/><V88/><F102/><W34/><G22/><T3/><D3/><U6/><E6/><V107/><F107/><W41/><G41/><T125/><D125/><U39/><E39/><V73/><F73/><W130/><G79/><N who="0" m="30219" /><D43/><U134/><E75/><V89/><F36/><W47/><G47/><T80/><D80/><U96/><E82/><V70/><F122/><W99/><G130/><T100/><D58/><U63/><E123/><V5/><F46/><W21/><G34/><T13/><D13/><U92/><E129/><V53/><F5/><W72/><G72/><T0/><D0/><U84/><E128/><V2/><F2/><W30/><G32/><T118/><D118/><U126/><E131/><V135/><F135/><N who="3" m="51787" /><G21/><T18/><D18/><U29/><E19/><V59/><F94/><W1/><G1/><T8/><D8/><U62/><E92/><V90/><F59/><W31/><G31/><T105/><D105/><RYUUKYOKU ba="2,0" sc="265,10,473,-30,171,10,91,10" hai0="49,50,51,54,57,86,87,95,98,100" hai2="27,28,35,52,53,55,65,68,69,70,88,89,90" hai3="23,24,30,83,85,91,97,99,101,106" /><INIT seed="2,3,0,4,4,47" ten="275,443,181,101" oya="2" hai0="67,46,106,87,70,12,34,79,35,53,29,123,118" hai1="133,97,81,61,18,98,48,107,10,104,89,88,17" hai2="44,112,30,124,86,6,73,95,50,126,39,96,60" hai3="65,58,85,20,90,127,109,16,23,116,115,120,51"/><V72/><F112/><W40/><G116/><T32/><D123/><U41/><E133/><V75/><F39/><W55/><G120/><T1/><D1/><U93/><E61/><V63/><F86/><W83/><G109/><T38/><D118/><U19/><E10/><V11/><F30/><W92/><G127/><N who="2" m="48681" /><F95/><W0/><G0/><T102/><D12/><U57/><E81/><V22/><F22/><W110/><G110/><T56/><D29/><U69/><E69/><V25/><F25/><W42/><G115/><T28/><D28/><U52/><E41/><N who="2" m="24847" /><F96/><N who="3" m="57367" /><G65/><T74/><D74/><N who="2" m="18946" /><V132/><DORA hai="78" /><F132/><W3/><G3/><AGARI ba="3,0" hai="3,6,11,60,63" m="18946,24847,48681" machi="3" ten="40,3900,0" yaku="18,1,52,1" doraHai="47,78" who="2" fromWho="3" sc="275,0,443,0,181,48,101,-48" /><INIT seed="2,4,0,3,2,80" ten="275,443,229,53" oya="2" hai0="58,39,30,67,133,69,76,73,120,111,95,34,37" hai1="11,81,64,100,91,10,74,110,70,19,94,60,129" hai2="83,12,35,54,98,96,59,56,109,43,82,5,16" hai3="68,79,52,9,115,22,46,86,25,71,118,124,72"/><V42/><F35/><W132/><G118/><T53/><D120/><U51/><E110/><V108/><F5/><W77/><G72/><T101/><D111/><N who="2" m="42570" /><F83/><W15/><G124/><T61/><D133/><U40/><E129/><V63/><F82/><W2/><G2/><T14/><D76/><U31/><E31/><V127/><F127/><W130/><G68/><T114/><D73/><U88/><E100/><V135/><F135/><W90/><G71/><T107/><D114/><U41/><E19/><V66/><F43/><W17/><G130/><T49/><D95/><U116/><E116/><V18/><F42/><W75/><G75/><T123/><D123/><U62/><E74/><V112/><F112/><W104/><G104/><T126/><D14/><U65/><E81/><V92/><F12/><W113/><G132/><T7/><D7/><U121/><E121/><V20/><F20/><W122/><G122/><T44/><D126/><U85/><E91/><N who="2" m="55327" /><F98/><W119/><G119/><T89/><D89/><U0/><E0/><V29/><F29/><N who="3" m="17591" /><G115/><T1/><D1/><U117/><E117/><V50/><AGARI ba="4,0" hai="16,18,50,54,56,59,63,66" m="55327,42570" machi="50" ten="30,6000,0" yaku="14,1,10,1,54,1" doraHai="80" who="2" fromWho="2" sc="275,-24,443,-24,229,72,53,-24" /><INIT seed="2,5,0,1,4,42" ten="251,419,301,29" oya="2" hai0="72,135,4,46,103,127,58,62,48,78,89,40,34" hai1="84,134,119,99,88,86,68,16,51,122,26,71,109" hai2="85,104,2,52,107,132,131,60,41,47,3,91,97" hai3="123,98,55,63,129,65,28,77,116,126,32,36,96"/><V44/><F131/><W113/><G28/><T81/><D135/><U118/><E134/><V59/><F132/><W95/><G32/><T23/><D127/><U21/><E109/><V45/><F41/><W79/><G36/><T111/><D111/><U17/><E122/><V29/><F29/><W5/><G5/><T22/><D34/><U114/><E114/><V121/><F121/><W50/><G129/><T101/><D4/><U105/><E71/><V110/><F110/><W108/><G116/><T33/><D33/><U24/><E68/><V31/><F31/><W11/><G11/><T67/><D89/><U25/><E51/><V125/><F125/><W0/><G0/><T80/><D81/><U13/><E17/><V15/><F15/><W9/><G9/><T35/><D35/><U73/><E73/><V83/><REACH who="2" step="1"/><F97/><REACH who="2" ten="251,419,291,29" step="2"/><W75/><G108/><T37/><REACH who="0" step="1"/><D37/><REACH who="0" ten="241,419,291,29" step="2"/><U66/><E118/><V12/><F12/><W6/><G126/><T102/><AGARI ba="5,2" hai="22,23,40,46,48,58,62,67,72,78,80,101,102,103" machi="102" ten="30,7900,0" yaku="1,1,2,1,0,1,52,1,53,0" doraHai="42" doraHaiUra="115" who="0" fromWho="0" sc="241,114,419,-25,291,-44,29,-25" /><INIT seed="3,0,0,2,5,25" ten="355,394,247,4" oya="3" hai0="67,109,29,16,72,103,80,61,35,111,62,79,30" hai1="112,108,123,52,51,13,48,38,31,55,34,45,50" hai2="4,94,17,5,47,74,70,54,41,27,71,120,39" hai3="107,110,58,125,19,77,93,18,122,130,100,26,116"/><W76/><G116/><T124/><D124/><U57/><E112/><V91/><F74/><W132/><G122/><T37/><D37/><U8/><E123/><V1/><F120/><W12/><G125/><T42/><D42/><N who="1" m="24631" /><E34/><V15/><F54/><W84/><G107/><T86/><D35/><U95/><E38/><V83/><F83/><N who="3" m="47207" /><G132/><T105/><D62/><U64/><E108/><N who="0" m="41545" /><D72/><U121/><E121/><V75/><F75/><W22/><G130/><T28/><D16/><N who="3" m="6185" /><G110/><T98/><D61/><N who="1" m="37935" /><E31/><V60/><F71/><W66/><G12/><T117/><D67/><U53/><E95/><V3/><F15/><W2/><G2/><T73/><D73/><U97/><E97/><V49/><F3/><W6/><G6/><AGARI ba="0,0" hai="6,8,13,50,51,52,53,55" m="37935,24631" machi="6" ten="30,2000,0" yaku="8,1,54,1" doraHai="25" who="1" fromWho="3" sc="355,0,394,20,247,0,4,-20" owari="355,16.0,414,51.0,247,-15.0,-16,-52.0" /></mjloggm>