<mjloggm ver="2.3"><GO type="169" lobby="0"/><UN n0="%E4%B9%9D%E4%B8%88%E8%8A%B1%E9%9F%B3" n1="%E4%BF%AE%E5%A3%AB%33%E5%B9%B4" n2="%6F%75%74%E7%A5%AD%E3%82%8A" n3="%6B%75%72%69%6D%75" dan="16,17,17,18" rate="2170.62,2093.94,2210.71,2272.09" sx="F,M,M,M"/><TAIKYOKU oya="0"/><INIT seed="0,0,0,1,0,5" ten="250,250,250,250" oya="0" hai0="77,89,17,127,132,50,63,128,94,133,75,9,111" hai1="1,46,84,33,61,24,30,35,29,135,2,107,113" hai2="126,57,18,21,123,42,54,109,48,59,12,110,25" hai3="122,0,99,68,27,40,47,34,53,95,22,51,88"/><T105/><D105/><U91/><E107/><V83/><F123/><W78/><G122/><T69/><D128/><U82/><E135/><N who="0" m="51785" /><D127/><U85/><E113/><V11/><F126/><W125/><G68/><T81/><D50/><U119/><E119/><V44/><F83/><W76/><G34/><T32/><D32/><U121/><E121/><V15/><F15/><W92/><G0/><T64/><D111/><U66/><E46/><V41/><F59/><W93/><G125/><T55/><D55/><U43/><E43/><V3/><F3/><W62/><G62/><T131/><D131/><U65/><E84/><V134/><F134/><W114/><G114/><T73/><D73/><U117/><E65/><V45/><F45/><W56/><G78/><T39/><D39/><U67/><E67/><V80/><F80/><W58/><G76/><T8/><D17/><U36/><E36/><V116/><F116/><W108/><G108/><N who="2" m="41577" /><F44/><W97/><G97/><AGARI ba="0,0" hai="8,9,63,64,69,75,77,81,89,94,97" m="51785" machi="97" ten="30,5800,0" yaku="20,1,52,2" doraHai="5" who="0" fromWho="3" sc="250,58,250,0,250,0,250,-58" /><INIT seed="0,1,0,2,1,108" ten="308,250,250,192" oya="0" hai0="52,45,121,2,91,10,115,66,43,89,133,34,16" hai1="30,87,14,29,39,47,41,73,90,80,129,55,5" hai2="27,13,70,11,127,54,24,100,51,85,32,0,4" hai3="7,95,33,82,124,77,23,92,26,81,113,103,79"/><T22/><D121/><U8/><E129/><V18/><F70/><W48/><G33/><T126/><D34/><U93/><E55/><V25/><F100/><W1/><G124/><T101/><D126/><U57/><E57/><V72/><F72/><W98/><G7/><T105/><D133/><U17/><E73/><V96/><F96/><W94/><G1/><T130/><D66/><U61/><E61/><V35/><F85/><W19/><G113/><T62/><D115/><U9/><REACH who="1" step="1"/><E80/><REACH who="1" ten="308,240,250,192" step="2"/><V118/><F127/><W119/><G119/><T58/><D130/><U97/><E97/><V75/><F75/><W122/><G122/><T88/><D105/><U99/><E99/><V68/><F118/><W56/><G81/><T42/><D101/><U3/><AGARI ba="1,1" hai="3,5,8,9,14,17,29,30,39,41,47,87,90,93" machi="3" ten="20,2700,0" yaku="1,1,0,1,7,1,53,0" doraHai="108" doraHaiUra="44" who="1" fromWho="1" sc="308,-14,240,40,250,-8,192,-8" /><INIT seed="1,0,0,1,2,129" ten="294,280,242,184" oya="1" hai0="66,45,110,10,90,135,59,82,24,18,133,78,89" hai1="32,13,83,77,107,64,95,68,49,101,93,79,131" hai2="17,61,127,50,72,69,52,58,113,3,16,31,125" hai3="29,85,55,81,27,25,65,118,28,40,1,100,37"/><U53/><E32/><V57/><F69/><W19/><G118/><T4/><D110/><U123/><E123/><V23/><F3/><W128/><G128/><T130/><D130/><U80/><E131/><V124/><F72/><W117/><G1/><T8/><D45/><U92/><E68/><V63/><F113/><W76/><G100/><T109/><D109/><U116/><E64/><V21/><F50/><W74/><G65/><T105/><D105/><U9/><E116/><V73/><F73/><W39/><G19/><N who="2" m="7241" /><F31/><W20/><G40/><T38/><D38/><U86/><E107/><V121/><F121/><W114/><G114/><T7/><D59/><N who="2" m="22538" /><F52/><W34/><G55/><T33/><D66/><U22/><E22/><AGARI ba="0,0" hai="21,22,23,61,63,124,125,127" m="22538,7241" machi="22" ten="40,8000,1" yaku="28,2,18,1,54,1" doraHai="129" who="2" fromWho="1" sc="294,0,280,-80,242,80,184,0" /><INIT seed="2,0,0,2,2,14" ten="294,200,322,184" oya="2" hai0="63,35,47,38,73,74,128,75,59,81,104,69,43" hai1="109,26,65,39,27,28,71,67,58,3,7,130,42" hai2="86,60,53,52,114,84,117,127,57,34,44,2,6" hai3="94,121,22,112,115,12,77,101,80,64,124,122,61"/><V16/><F34/><W125/><G22/><T25/><D128/><U120/><E71/><V76/><F117/><W79/><G12/><T107/><D81/><U85/><E130/><V18/><F114/><N who="3" m="43563" /><G61/><T116/><D59/><U62/><E120/><N who="3" m="46186" /><G64/><N who="0" m="41119" /><D116/><U10/><E109/><V90/><F2/><W29/><G29/><AGARI ba="0,0" hai="25,29,35,38,43,47,73,74,75,104,107" m="41119" machi="29" ten="30,2000,0" yaku="33,2" doraHai="14" who="0" fromWho="3" sc="294,20,200,0,322,0,184,-20" /><INIT seed="3,0,0,4,5,84" ten="314,200,322,164" oya="3" hai0="56,53,1,129,132,66,10,88,58,36,35,31,25" hai1="119,52,69,118,4,127,18,75,60,77,22,87,16" hai2="73,51,45,33,24,135,49,62,122,43,83,130,61" hai3="108,27,106,0,98,124,115,47,126,65,26,90,23"/><W86/><G0/><T70/><D129/><U13/><E75/><V5/><F130/><W131/><G131/><T57/><D132/><U128/><E128/><V125/><F5/><W113/><G65/><T102/><D102/><U54/><E4/><V28/><F135/><W123/><G123/><T78/><D78/><U7/><E7/><V37/><F125/><N who="3" m="48235" /><G47/><T8/><D36/><U40/><E40/><V121/><F51/><W96/><G108/><T14/><D1/><U71/><E127/><V68/><F49/><W46/><G46/><T89/><D66/><U38/><E38/><V95/><F68/><W133/><G133/><T79/><D79/><U20/><E87/><V50/><F62/><W41/><G41/><T34/><D34/><U120/><E77/><N who="2" m="44463" /><F61/><W117/><G117/><N who="1" m="44554" /><E120/><V134/><F134/><W67/><G67/><T110/><D70/><N who="1" m="26635" /><E60/><V6/><F37/><W29/><G26/><AGARI ba="0,0" hai="13,16,18,20,22,26,52,54" m="26635,44554" machi="26" ten="30,3900,0" yaku="12,1,54,2" doraHai="84" who="1" fromWho="3" sc="314,0,200,39,322,0,164,-39" /><INIT seed="4,0,0,1,2,118" ten="314,239,322,125" oya="0" hai0="80,135,77,123,101,129,54,127,52,120,53,67,107" hai1="88,70,90,82,85,42,113,43,23,105,15,57,109" hai2="19,4,27,121,79,28,91,45,21,32,44,64,130" hai3="92,51,22,36,89,24,41,69,3,116,94,78,56"/><T65/><D129/><U14/><E70/><V12/><F64/><W68/><G3/><T87/><D135/><U110/><E105/><V26/><F130/><W108/><G108/><T125/><D101/><U61/><E113/><V35/><F79/><W47/><G78/><T39/><D39/><U104/><E104/><V133/><F121/><N who="0" m="46666" /><D107/><U60/><E23/><V46/><F133/><W124/><G124/><AGARI ba="0,0" hai="52,53,54,65,67,77,80,87,124,125,127" m="46666" machi="124" ten="40,12000,1" yaku="18,1,52,3,54,1" doraHai="118" who="0" fromWho="3" sc="314,120,239,0,322,0,125,-120" /><INIT seed="4,1,0,3,1,39" ten="434,239,322,5" oya="0" hai0="74,85,6,17,57,62,72,46,88,5,34,16,69" hai1="75,67,13,81,129,26,130,92,53,117,104,42,114" hai2="4,116,35,83,134,64,120,1,101,28,86,102,98" hai3="21,71,59,29,135,23,48,84,112,133,87,55,96"/><T111/><D34/><U100/><E117/><V20/><F35/><W63/><G112/><T89/><D69/><U126/><E104/><V3/><F64/><W22/><G29/><T93/><D74/><U66/><E126/><V115/><F120/><W44/><G71/><T65/><D72/><U45/><E53/><V70/><F70/><W27/><G27/><T106/><D106/><U119/><E119/><V80/><F134/><N who="3" m="51211" /><G96/><N who="0" m="57383" /><D46/><U10/><E26/><V12/><F28/><W52/><AGARI ba="1,0" hai="21,22,23,44,48,52,55,59,63,84,87" m="51211" machi="52" ten="30,2000,0" yaku="20,1,54,1" doraHai="39" who="3" fromWho="3" sc="434,-11,239,-6,322,-6,5,23" /><INIT seed="5,0,0,3,3,3" ten="423,233,316,28" oya="1" hai0="14,64,76,77,23,95,45,5,93,8,60,88,19" hai1="2,38,1,132,34,18,70,41,13,110,83,73,72" hai2="16,122,56,54,127,118,99,133,30,31,46,87,21" hai3="49,105,55,4,126,134,22,57,111,74,103,75,80"/><U100/><E34/><V47/><F122/><W79/><G134/><T43/><D93/><U84/><E70/><V116/><F133/><W82/><G126/><T81/><D81/><U6/><E132/><V66/><F127/><W89/><G111/><T32/><D32/><U107/><E110/><V86/><F99/><W120/><G120/><T101/><D101/><U17/><E100/><V24/><F66/><W96/><G22/><T0/><D60/><U130/><E107/><V40/><F118/><W62/><G89/><T53/><D53/><U112/><E41/><V11/><F116/><W36/><G36/><T7/><D7/><U20/><E38/><V69/><F69/><W61/><REACH who="3" step="1"/><G4/><REACH who="3" ten="423,233,316,18" step="2"/><T117/><D117/><U131/><E6/><V29/><F29/><W119/><G119/><T58/><D5/><U39/><E39/><V12/><F31/><W28/><G28/><T48/><D88/><U113/><E20/><V124/><F124/><W15/><G15/><T125/><D14/><U123/><E13/><V63/><F40/><W106/><G106/><T78/><D43/><U128/><E123/><V115/><F115/><N who="1" m="44105" /><E1/><V114/><F114/><W97/><G97/><T27/><D0/><U59/><E2/><V52/><F30/><W44/><G44/><T102/><D45/><U98/><E98/><V109/><F46/><W9/><G9/><T50/><D8/><U37/><E37/><V65/><F109/><W121/><G121/><T71/><D125/><U94/><E18/><N who="2" m="8479" /><F47/><W129/><G129/><T67/><D19/><U92/><E131/><V51/><F16/><RYUUKYOKU ba="0,1" sc="423,-10,233,-10,316,-10,18,30" hai3="49,55,57,61,62,74,75,79,80,82,96,103,105" /><INIT seed="6,1,1,4,3,5" ten="413,223,306,48" oya="2" hai0="58,10,24,23,13,28,87,17,1,125,40,25,38" hai1="6,30,128,98,49,80,66,20,4,91,54,68,78" hai2="107,43,95,47,92,19,77,82,115,22,88,100,129" hai3="0,133,12,101,61,7,15,67,65,39,104,70,84"/><V122/><F122/><W52/><G133/><T2/><D38/><U34/><E34/><V127/><F115/><W123/><G39/><T106/><D58/><U102/><E91/><V8/><F127/><W75/><G75/><T89/><D106/><U56/><E128/><V48/><F129/><W121/><G67/><T86/><D86/><U16/><E30/><V35/><F35/><W69/><G70/><T9/><D40/><U103/><E66/><V120/><F120/><W55/><G0/><N who="0" m="107" /><D87/><N who="1" m="48535" /><E68/><V126/><F126/><W11/><G84/><T36/><D89/><U62/><E49/><V116/><F107/><W37/><G37/><T118/><D36/><U99/><E99/><N who="2" m="57735" /><F116/><W131/><G131/><T96/><D96/><U41/><E41/><V109/><F109/><W105/><G121/><T134/><D134/><U29/><E29/><V124/><F124/><W72/><G72/><T51/><D51/><U93/><E103/><V113/><F113/><W83/><G123/><T97/><D97/><U32/><E32/><V108/><F108/><W130/><G130/><T33/><D118/><U110/><E110/><V85/><F100/><W135/><G135/><T21/><D125/><U114/><E114/><V117/><F117/><W90/><G101/><T81/><D81/><U76/><E76/><V42/><F95/><W26/><G104/><T94/><D94/><U71/><E71/><V53/><F42/><W64/><G105/><T112/><D112/><U119/><E119/><V46/><F43/><W3/><G69/><T45/><D45/><U31/><E31/><AGARI ba="1,1" hai="9,10,13,17,21,23,24,25,28,31,33" m="107" machi="31" ten="30,12000,2" yaku="35,5,52,2" doraHai="5" who="0" fromWho="1" sc="413,133,223,-123,306,0,48,0" /><INIT seed="7,0,0,4,4,124" ten="546,100,306,48" oya="3" hai0="34,65,98,52,60,43,104,127,83,42,108,100,101" hai1="71,96,16,28,68,125,110,134,74,114,133,54,1" hai2="12,117,40,3,11,20,115,21,6,61,64,94,89" hai3="86,106,5,70,39,8,126,90,135,95,128,103,56"/><W111/><G39/><T67/><D108/><U7/><E110/><V69/><F40/><W4/><G70/><T41/><D34/><U32/><E74/><V48/><F117/><W102/><G111/><T59/><D127/><U72/><E125/><V22/><F48/><W99/><G126/><T132/><D132/><N who="1" m="50795" /><E72/><V93/><F115/><W119/><G119/><T26/><D83/><U19/><E54/><V50/><F50/><W30/><G135/><T82/><D26/><N who="1" m="18455" /><E96/><V76/><F94/><W57/><G102/><T2/><D2/><U131/><E131/><V92/><F92/><W44/><G30/><T35/><D35/><U58/><E58/><V77/><F3/><W13/><G128/><T63/><D63/><U38/><E38/><V121/><F121/><W88/><G4/><T23/><D23/><U73/><E73/><V9/><F9/><W75/><G44/><T31/><D31/><U18/><E114/><V116/><F116/><W129/><G129/><T49/><D67/><U51/><E51/><V123/><F123/><W53/><G53/><T85/><D101/><U10/><AGARI ba="0,0" hai="1,7,10,16,18,19,68,71" m="18455,50795" machi="10" ten="40,2700,0" yaku="20,1,54,1" doraHai="124" who="1" fromWho="1" sc="546,-7,100,27,306,-7,48,-13" owari="539,63.0,127,-27.0,299,10.0,35,-46.0" /></mjloggm>