<mjloggm ver="2.3"><GO type="169" lobby="0"/><UN n0="%28%3B%E3%83%BB%E2%88%80%E3%83%BB%29" n1="%E5%BD%97%E6%98%9F%E5%85%A5%E3%83%92%E3%82%B3" n2="%E7%9F%B3%E5%A1%9A" n3="%E3%81%8B%E3%81%A4%E3%81%A9%E3%82%93" dan="16,16,16,17" rate="2183.77,2133.58,2091.10,2247.46" sx="M,M,M,F"/><TAIKYOKU oya="0"/><INIT seed="0,0,0,3,2,43" ten="250,250,250,250" oya="0" hai0="113,93,47,99,110,40,70,112,41,56,91,42,101" hai1="54,69,12,29,46,2,90,109,85,62,88,32,120" hai2="107,71,52,66,22,125,30,80,79,74,123,135,37" hai3="96,97,89,3,82,86,45,0,4,48,19,38,68"/><T63/><D70/><U76/><E120/><V98/><F123/><W24/><G68/><T55/><D110/><U21/><E109/><V134/><F125/><W103/><G38/><T34/><D34/><U58/><E2/><V84/><F37/><W26/><G97/><T59/><D59/><U35/><E69/><V9/><F9/><W115/><G115/><T111/><D111/><U72/><E72/><V39/><F39/><W128/><G128/><T100/><REACH who="0" step="1"/><D47/><REACH who="0" ten="240,250,250,250" step="2"/><U118/><E35/><V17/><F71/><W13/><G45/><T132/><D132/><U25/><E46/><V81/><F135/><W16/><G0/><T124/><D124/><U102/><E118/><V73/><F134/><W108/><G3/><T23/><D23/><U77/><E32/><V83/><F66/><W49/><G108/><T117/><D117/><U6/><E58/><V51/><F74/><W11/><G48/><T7/><D7/><U94/><E21/><V44/><F73/><W53/><G4/><T122/><D122/><U129/><E6/><V31/><F44/><W105/><G49/><T20/><D20/><U28/><E129/><V50/><F50/><W60/><G60/><T95/><D95/><U75/><E94/><V126/><F126/><W61/><G61/><T114/><AGARI ba="0,1" hai="40,41,42,55,56,63,91,93,99,100,101,112,113,114" machi="114" ten="40,3900,0" yaku="1,1,0,1,53,0" doraHai="43" doraHaiUra="18" who="0" fromWho="0" sc="240,49,250,-13,250,-13,250,-13" /><INIT seed="0,1,0,5,1,83" ten="289,237,237,237" oya="0" hai0="82,115,18,8,62,7,105,58,41,111,119,48,11" hai1="9,68,0,61,51,135,56,88,71,21,42,44,70" hai2="134,1,86,3,29,109,35,94,75,36,76,27,80" hai3="127,55,89,67,131,64,31,96,114,125,40,60,5"/><T107/><D115/><U15/><E135/><V126/><F36/><W120/><G114/><T28/><D119/><U4/><E21/><V25/><F109/><W133/><G133/><T57/><D28/><U112/><E112/><V113/><F134/><W78/><G131/><T123/><D123/><U32/><E32/><V6/><F113/><W47/><G120/><T37/><D37/><U72/><E72/><V54/><F126/><N who="3" m="48139" /><G78/><T122/><D122/><U101/><E101/><V23/><F6/><W104/><G5/><T59/><D62/><U66/><REACH who="1" step="1"/><E88/><REACH who="1" ten="289,227,237,237" step="2"/><V2/><F35/><W85/><G31/><T77/><D111/><U24/><E24/><V46/><F27/><W100/><G89/><T34/><D34/><U103/><E103/><V95/><F75/><W97/><G97/><T33/><D33/><U98/><E98/><V16/><REACH who="2" step="1"/><F29/><REACH who="2" ten="289,227,227,237" step="2"/><W117/><G117/><T99/><D99/><U118/><E118/><V74/><F74/><W108/><G108/><T106/><D105/><U38/><E38/><V13/><F13/><AGARI ba="1,2" hai="0,4,9,13,15,42,44,51,56,61,66,68,70,71" machi="13" ten="40,2600,0" yaku="1,1,53,1" doraHai="83" doraHaiUra="63" who="1" fromWho="2" sc="289,0,227,49,227,-29,237,0" /><INIT seed="1,0,0,1,4,106" ten="289,276,198,237" oya="1" hai0="94,132,10,57,68,15,11,69,50,122,29,97,80" hai1="3,135,27,4,71,79,134,20,117,65,58,52,130" hai2="111,127,53,40,7,60,87,30,19,108,16,82,34" hai3="56,109,77,93,47,23,9,42,12,73,105,24,118"/><U55/><E117/><V89/><F127/><W95/><G105/><T22/><D132/><N who="1" m="50731" /><E130/><V90/><F7/><W51/><G109/><N who="2" m="42057" /><F40/><W0/><G0/><T113/><D113/><U61/><E79/><V126/><F126/><W112/><G112/><T104/><D104/><U101/><E101/><V43/><F43/><W33/><G33/><T46/><D57/><U41/><E41/><V131/><F131/><W103/><G118/><T129/><D129/><U78/><E78/><V59/><F90/><W88/><G103/><T28/><D122/><U14/><E3/><V76/><F89/><W25/><G88/><N who="0" m="55495" /><D69/><U124/><E124/><V70/><F70/><W74/><G77/><T119/><D68/><U6/><E14/><V114/><F114/><W64/><G12/><T107/><D107/><U67/><E67/><V120/><F120/><W54/><G64/><T8/><D80/><U62/><E55/><V92/><F92/><W13/><G93/><T48/><D119/><U116/><E116/><V37/><F37/><W36/><G95/><T91/><D91/><U26/><E26/><AGARI ba="0,0" hai="16,19,26,30,34,53,59,60,76,82,87" m="42057" machi="26" ten="30,2000,0" yaku="14,1,54,1" doraHai="106" who="2" fromWho="1" sc="289,0,276,-20,198,20,237,0" /><INIT seed="2,0,0,5,1,4" ten="289,256,218,237" oya="2" hai0="24,39,85,88,60,102,125,77,31,14,120,32,113" hai1="35,119,126,124,29,33,53,11,93,0,54,27,131" hai2="42,103,101,112,21,23,70,99,2,26,127,45,128" hai3="105,80,38,57,47,34,8,55,90,1,63,95,108"/><V30/><F112/><W106/><G34/><T56/><D113/><U91/><E119/><V79/><F128/><W87/><G108/><T81/><D120/><U6/><E35/><V12/><F2/><W133/><G133/><T96/><D39/><U104/><E104/><V117/><F127/><N who="1" m="48681" /><E131/><V122/><F117/><W116/><G116/><T89/><D125/><U100/><E100/><V130/><F122/><W75/><G38/><T78/><D78/><U51/><E51/><V129/><F103/><W74/><G47/><T97/><D14/><U94/><E94/><V15/><F70/><W135/><G135/><T114/><D114/><U121/><E121/><V52/><F79/><W28/><G28/><T40/><D40/><U41/><E41/><V65/><F65/><W58/><G58/><T134/><D134/><U46/><E46/><V92/><F130/><W69/><G69/><T62/><D96/><AGARI ba="0,0" hai="0,6,11,27,29,33,53,54,91,93,96" m="48681" machi="96" ten="30,2000,0" yaku="18,1,52,1" doraHai="4" who="1" fromWho="0" sc="289,-20,256,20,218,0,237,0" /><INIT seed="3,0,0,2,2,3" ten="269,276,218,237" oya="3" hai0="65,55,110,130,68,67,58,81,15,40,129,39,98" hai1="71,127,12,66,9,0,14,37,91,13,102,69,25" hai2="8,124,85,33,34,53,28,87,74,32,86,116,54" hai3="125,109,46,94,60,20,59,48,134,96,52,5,117"/><W2/><G117/><T19/><D110/><U47/><E127/><V82/><F124/><W95/><G125/><T45/><D81/><U4/><E102/><V113/><F116/><W10/><G109/><T50/><D98/><U30/><E91/><V1/><F82/><W78/><G134/><T132/><D132/><U104/><E104/><V99/><F99/><W126/><G126/><T31/><D31/><U128/><E128/><N who="0" m="49257" /><D68/><U76/><E76/><V51/><F28/><W84/><G96/><T97/><D97/><U135/><E135/><V101/><F113/><W75/><G75/><T57/><D57/><U21/><REACH who="1" step="1"/><E66/><REACH who="1" ten="269,266,218,237" step="2"/><V43/><F101/><W17/><G78/><T26/><D26/><U88/><E88/><V29/><F29/><W63/><G84/><T56/><D67/><U108/><E108/><V44/><F74/><W115/><G115/><T80/><D65/><U61/><E61/><V89/><F89/><W41/><REACH who="3" step="1"/><G63/><REACH who="3" ten="269,266,218,227" step="2"/><T107/><D107/><U72/><E72/><V23/><F87/><W105/><G105/><T27/><D80/><U77/><E77/><V93/><F86/><W7/><G7/><T16/><D58/><U118/><E118/><V92/><F85/><W114/><G114/><T131/><D131/><U79/><E79/><V120/><F93/><W22/><G22/><T111/><D111/><U70/><E70/><V35/><F92/><W11/><G11/><T103/><D103/><U18/><E18/><V133/><F23/><W123/><G123/><T73/><D73/><U122/><E122/><V83/><N who="2" m="8192" /><DORA hai="121" /><V36/><F120/><RYUUKYOKU ba="0,2" sc="269,-15,266,15,218,-15,227,15" hai1="0,4,9,12,13,14,21,25,30,37,47,69,71" hai3="2,5,10,17,20,41,46,48,52,59,60,94,95" /><INIT seed="3,1,2,2,5,76" ten="254,281,203,242" oya="3" hai0="126,47,70,35,57,88,64,107,9,27,84,14,12" hai1="60,106,80,15,50,122,133,120,54,81,121,79,49" hai2="77,113,102,65,0,92,71,10,94,32,36,82,131" hai3="45,38,114,103,69,61,128,20,93,100,56,105,90"/><W74/><G114/><T13/><D70/><U2/><E2/><V55/><F113/><W98/><G69/><T17/><D107/><U39/><E39/><V125/><F32/><W19/><G128/><T25/><D126/><U78/><E106/><V130/><F125/><W109/><G74/><T129/><D129/><U26/><E26/><V6/><F55/><N who="3" m="33951" /><G105/><T18/><D47/><U111/><E133/><V66/><F36/><W52/><G109/><T68/><D68/><U89/><E111/><V24/><F24/><N who="3" m="14367" /><G38/><T117/><D117/><U37/><E37/><V115/><F115/><W22/><G22/><T53/><D64/><N who="2" m="24682" /><F71/><W29/><G29/><T28/><D18/><U119/><E119/><V44/><F131/><W116/><G116/><T112/><D27/><U46/><E15/><V108/><F108/><W99/><G99/><T21/><D35/><U23/><E23/><V3/><F3/><W33/><G33/><T73/><D73/><U11/><E122/><V40/><F130/><W118/><G118/><T30/><D30/><U85/><E121/><V96/><F96/><W1/><G1/><T95/><REACH who="0" step="1"/><D112/><REACH who="0" ten="244,281,203,242" step="2"/><U41/><E120/><V43/><F6/><W101/><G45/><T48/><AGARI ba="1,3" hai="9,12,13,14,17,21,25,28,48,53,57,84,88,95" machi="48" ten="20,12000,2" yaku="1,1,2,1,0,1,7,1,8,1,54,1,53,1" doraHai="76" doraHaiUra="16" who="0" fromWho="0" sc="244,153,281,-31,203,-31,242,-61" /><INIT seed="4,0,0,0,2,9" ten="397,250,172,181" oya="0" hai0="55,17,66,96,58,125,74,98,118,0,86,133,60" hai1="64,100,95,3,129,18,73,134,116,101,90,110,24" hai2="51,89,30,21,109,44,132,37,43,4,108,97,120" hai3="63,11,40,112,49,59,61,99,35,42,94,62,105"/><T34/><D74/><U93/><E116/><V127/><F120/><W26/><G105/><T33/><D118/><U50/><E3/><V31/><F132/><W29/><G112/><T52/><D0/><U56/><E73/><V47/><F127/><W8/><G59/><T36/><D36/><U6/><E110/><V119/><F119/><W14/><G49/><T69/><D125/><U23/><E129/><V76/><F76/><W54/><G54/><T104/><D133/><U115/><E134/><V103/><F89/><W19/><REACH who="3" step="1"/><G11/><REACH who="3" ten="397,250,172,171" step="2"/><T123/><D55/><U106/><E50/><V16/><F109/><W114/><G114/><T84/><D104/><U102/><E106/><V124/><F108/><W22/><G22/><T81/><D58/><U27/><E115/><V65/><F124/><W25/><G25/><T12/><D52/><U39/><E39/><V122/><F122/><W79/><G79/><T77/><D123/><U113/><E113/><V38/><F38/><W128/><G128/><T117/><D117/><U45/><E27/><V46/><F37/><W131/><G131/><T7/><D77/><U111/><E111/><V130/><F130/><W121/><G121/><T83/><D33/><U1/><E56/><V13/><F51/><W41/><G41/><T82/><D34/><U87/><E24/><N who="2" m="14375" /><F43/><W91/><AGARI ba="0,1" hai="8,14,19,26,29,35,40,42,61,62,63,91,94,99" machi="91" ten="30,7900,0" yaku="1,1,0,1,52,1,53,1" doraHai="9" doraHaiUra="28" who="3" fromWho="3" sc="397,-39,250,-20,172,-20,171,89" /><INIT seed="5,0,0,3,4,2" ten="358,230,152,260" oya="1" hai0="43,15,100,50,14,28,78,23,110,129,125,79,5" hai1="65,69,51,90,104,121,72,85,55,44,131,76,114" hai2="6,22,84,36,46,12,94,99,27,117,11,70,58" hai3="132,111,128,33,123,62,7,86,9,77,133,68,41"/><U66/><E121/><V108/><F117/><W49/><G111/><T16/><D110/><U31/><E104/><V0/><F108/><W26/><G123/><T101/><D125/><U24/><E131/><V107/><F70/><W71/><G128/><T130/><D130/><U116/><E116/><V73/><F73/><W67/><G68/><T1/><D1/><U59/><E69/><V120/><F120/><W32/><G41/><T42/><D28/><U4/><E114/><V63/><F107/><W83/><G49/><T64/><D64/><U40/><E72/><V35/><F84/><W54/><G54/><T88/><D129/><U118/><E76/><N who="0" m="29225" /><D88/><U89/><E118/><V53/><F35/><W113/><G26/><T17/><D5/><U124/><E4/><V3/><F46/><W102/><G102/><N who="0" m="39531" /><D50/><U45/><E124/><V61/><F61/><W37/><G113/><T80/><D80/><U21/><E45/><V30/><REACH who="2" step="1"/><F36/><REACH who="2" ten="358,230,142,260" step="2"/><W82/><G37/><T19/><D19/><U60/><E90/><AGARI ba="0,1" hai="0,3,6,11,12,22,27,30,53,58,63,90,94,99" machi="90" ten="30,7700,0" yaku="1,1,2,1,7,1,52,1,53,0" doraHai="2" doraHaiUra="115" who="2" fromWho="1" sc="358,0,230,-77,142,87,260,0" /><INIT seed="6,0,0,4,3,118" ten="358,153,229,260" oya="2" hai0="1,17,0,85,87,120,65,130,66,74,84,63,44" hai1="108,79,78,72,127,49,16,45,113,121,48,7,41" hai2="5,32,122,96,35,71,50,12,98,86,117,107,67" hai3="20,104,13,124,38,90,105,106,60,51,102,123,59"/><V111/><F117/><W22/><G38/><T30/><D120/><U73/><E108/><V69/><F67/><W33/><G33/><N who="2" m="12873" /><F86/><W133/><G123/><T89/><D74/><U53/><E121/><V119/><F119/><W58/><G102/><T21/><D30/><U101/><E113/><V134/><F50/><W76/><G76/><T31/><D31/><U80/><E101/><V37/><F12/><W64/><G90/><T18/><D130/><U114/><E114/><V128/><F5/><W27/><G51/><T100/><D100/><U47/><E7/><V34/><F34/><W4/><G4/><T115/><D115/><U3/><E3/><V75/><F122/><W52/><G64/><T109/><D109/><U10/><E127/><V29/><F29/><W97/><G124/><T62/><D44/><U92/><E92/><V129/><F111/><W57/><G104/><T116/><D116/><U54/><E41/><V125/><F125/><W25/><G105/><T99/><D99/><N who="2" m="37930" /><F107/><W132/><G13/><T28/><D28/><U43/><E43/><V88/><F88/><W8/><G97/><T24/><D89/><U83/><E10/><V81/><F37/><W6/><G106/><T126/><D126/><U61/><E61/><V56/><F56/><N who="3" m="34823" /><G8/><T15/><D63/><U91/><E91/><V131/><F134/><N who="3" m="51819" /><G6/><T19/><D65/><U11/><E11/><V2/><F2/><W70/><G59/><N who="0" m="37215" /><D19/><AGARI ba="0,0" hai="16,19,45,47,48,49,53,54,72,73,78,79,80,83" machi="19" ten="40,8000,1" yaku="32,3,54,1" doraHai="118" who="1" fromWho="0" sc="358,-80,153,80,229,0,260,0" /><INIT seed="7,0,0,4,5,78" ten="278,233,229,260" oya="3" hai0="94,67,122,71,34,38,98,79,36,87,5,52,89" hai1="105,53,63,56,113,107,29,20,68,27,44,93,99" hai2="23,42,100,65,135,10,69,16,121,13,109,128,74" hai3="92,43,6,17,47,55,104,15,9,26,120,129,111"/><W14/><G104/><T115/><D122/><U66/><E113/><V118/><F109/><W46/><G120/><T2/><D34/><U7/><E7/><V73/><F121/><W58/><G129/><T62/><D115/><U95/><E95/><V127/><F118/><W60/><G26/><T18/><D18/><U123/><E123/><V117/><F117/><W41/><G111/><T112/><D112/><U88/><REACH who="1" step="1"/><E44/><REACH who="1" ten="278,223,229,260" step="2"/><V102/><F128/><W8/><G92/><T82/><D5/><U54/><E54/><V4/><F42/><AGARI ba="0,1" hai="6,8,9,14,15,17,41,42,43,46,47,55,58,60" machi="42" ten="40,2000,0" yaku="8,1" doraHai="78" who="3" fromWho="2" sc="278,0,223,0,229,-20,260,30" /><INIT seed="7,1,0,5,0,102" ten="278,223,209,290" oya="3" hai0="32,24,63,120,112,88,58,133,97,109,121,56,81" hai1="84,23,7,135,107,110,34,113,37,21,104,123,89" hai2="22,52,64,47,72,4,0,99,75,78,14,74,124" hai3="125,25,30,114,118,41,18,105,45,83,100,50,77"/><W35/><G118/><T46/><D109/><U60/><E110/><V80/><F124/><W134/><G125/><T57/><D133/><U73/><E73/><V129/><F129/><W59/><G134/><T132/><D132/><U94/><E135/><V17/><F64/><W53/><G114/><T2/><D2/><U130/><E34/><V68/><F68/><W6/><G6/><T90/><D63/><U67/><E113/><V19/><F19/><W20/><G105/><T116/><D112/><U131/><E123/><V3/><F99/><W86/><G100/><T103/><D116/><U12/><E37/><V98/><F98/><W70/><G70/><T27/><D46/><U91/><E91/><V42/><F52/><W96/><G96/><T13/><D13/><U31/><E7/><V40/><F40/><W126/><G126/><T71/><D71/><N who="1" m="42471" /><E12/><V44/><F44/><W9/><G9/><T101/><D32/><U33/><E33/><V36/><REACH who="2" step="1"/><F0/><REACH who="2" ten="278,223,199,290" step="2"/><W128/><G128/><N who="1" m="49194" /><E31/><V43/><F43/><W95/><G41/><T106/><D121/><U8/><E8/><AGARI ba="1,1" hai="3,4,8,14,17,22,36,42,47,72,74,75,78,80" machi="8" ten="40,8000,1" yaku="1,1,25,2,53,1" doraHai="102" doraHaiUra="16" who="2" fromWho="1" sc="278,0,223,-83,199,93,290,0" /><INIT seed="8,0,0,3,0,3" ten="278,140,292,290" oya="0" hai0="80,127,10,98,9,79,57,4,58,54,92,105,21" hai1="19,28,34,122,70,85,69,72,118,43,81,68,84" hai2="47,76,40,110,88,99,109,87,17,113,29,103,12" hai3="45,86,95,5,89,130,56,104,2,52,38,16,31"/><T64/><D105/><U123/><E118/><V55/><F113/><W73/><G73/><T25/><D64/><U0/><E0/><V83/><F29/><W135/><G104/><T13/><D127/><U46/><E19/><V107/><F76/><W77/><G31/><T108/><D108/><U133/><E133/><V71/><F71/><W11/><G135/><T35/><D35/><U36/><E85/><V75/><F75/><W15/><G130/><T106/><D106/><U126/><E126/><V60/><F60/><W132/><G132/><T20/><D10/><U102/><E102/><V93/><F93/><W18/><G77/><T96/><D57/><U112/><E112/><V30/><F30/><W39/><G45/><T53/><D53/><U32/><E84/><V24/><F24/><W26/><G26/><T78/><D96/><U44/><E44/><V119/><F119/><W22/><G18/><N who="0" m="12471" /><D20/><U120/><REACH who="1" step="1"/><E28/><REACH who="1" ten="278,130,292,290" step="2"/><V131/><F110/><W115/><G115/><T66/><D80/><U128/><E128/><V74/><F109/><W129/><G129/><T82/><D82/><U42/><E42/><V23/><F131/><W101/><G101/><N who="0" m="60615" /><D66/><U50/><E50/><AGARI ba="0,1" hai="2,5,11,15,16,22,38,39,50,52,56,86,89,95" machi="50" ten="30,12000,2" yaku="7,1,25,2,52,1,54,2" doraHai="3" who="3" fromWho="1" sc="278,0,130,-120,292,0,290,130" /><AGARI ba="0,0" hai="4,9,13,50,54,58,78,79" m="60615,12471" machi="50" ten="30,2900,0" yaku="8,1,52,1" doraHai="3" who="0" fromWho="1" sc="278,29,10,-29,292,0,420,0" owari="307,11.0,-19,-52.0,292,-11.0,420,52.0" /></mjloggm>