<mjloggm ver="2.3"><GO type="169" lobby="0"/><UN n0="%6D%61%74%6F%30%36%30%33" n1="%E3%82%8A%E3%82%86%E3%83%BC" n2="%E3%81%B2%E3%81%90%E3%81%A1" n3="%E5%B0%8F%E6%B1%A0%E7%BE%8E%E6%B3%A2%E2%8A%BF" dan="18,17,17,16" rate="2273.71,2259.07,2243.83,2108.09" sx="M,M,M,F"/><TAIKYOKU oya="0"/><INIT seed="0,0,0,3,1,78" ten="250,250,250,250" oya="0" hai0="86,133,93,119,27,28,53,109,22,56,94,100,90" hai1="125,122,43,82,59,54,50,47,85,98,75,30,55" hai2="37,52,107,31,58,16,13,113,38,19,67,135,10" hai3="121,25,92,17,20,76,88,49,132,48,106,66,129"/><T24/><D119/><U44/><E125/><V116/><F113/><W84/><G106/><T99/><D133/><U114/><E122/><V131/><F135/><W23/><G132/><T0/><D0/><U62/><E114/><V14/><F131/><W39/><G129/><T81/><D109/><U8/><E30/><V26/><F67/><W2/><G39/><T42/><D42/><U71/><E98/><V97/><F116/><W9/><G66/><T45/><D27/><U80/><E75/><V61/><F107/><W69/><G69/><T126/><D126/><U11/><E71/><V68/><F97/><W63/><G63/><T33/><D45/><U111/><E111/><V1/><F1/><W65/><G65/><T7/><D7/><U115/><E115/><V130/><F68/><W46/><G23/><T60/><REACH who="0" step="1"/><D33/><REACH who="0" ten="240,250,250,250" step="2"/><U74/><E44/><V34/><REACH who="2" step="1"/><F130/><REACH who="2" ten="240,250,240,250" step="2"/><W36/><G2/><T91/><D91/><U102/><E43/><V72/><F72/><W117/><G88/><T70/><D70/><U128/><E128/><V105/><F105/><AGARI ba="0,2" hai="22,24,28,53,56,60,81,86,90,93,94,99,100,105" machi="105" ten="30,5800,0" yaku="1,1,7,1,52,1,53,0" doraHai="78" doraHaiUra="104" who="0" fromWho="2" sc="240,78,250,0,240,-58,250,0" /><INIT seed="0,1,0,0,2,126" ten="318,250,182,250" oya="0" hai0="51,24,72,53,85,120,71,49,111,44,37,89,77" hai1="18,31,62,68,94,81,101,63,119,67,114,55,45" hai2="16,66,12,134,64,92,15,4,32,41,87,135,100" hai3="93,59,28,97,78,33,117,129,109,79,58,115,26"/><T76/><D120/><U14/><E119/><V35/><F41/><W0/><G115/><T47/><D37/><U125/><E114/><V112/><F112/><W7/><G117/><T23/><D71/><U69/><E125/><V20/><F100/><W27/><G109/><T25/><D111/><U42/><E31/><V2/><F2/><W106/><G106/><T105/><D105/><U80/><E101/><V102/><F102/><W75/><G27/><T61/><D61/><U131/><E94/><V36/><F36/><W123/><G75/><T29/><D25/><U108/><E108/><V48/><F48/><W118/><G118/><T122/><D72/><U13/><E13/><V90/><F12/><W74/><G74/><T110/><D122/><U84/><E55/><V95/><F95/><W17/><G17/><T21/><D21/><U107/><E107/><V43/><F43/><W5/><G93/><N who="0" m="54447" /><D110/><U116/><E116/><V50/><F50/><W96/><G33/><N who="2" m="12873" /><F4/><W65/><G7/><T73/><D73/><U82/><E62/><V133/><AGARI ba="1,0" hai="15,16,20,64,66,87,90,92,133,134,135" m="12873" machi="133" ten="40,2700,0" yaku="20,1,54,1" doraHai="126" who="2" fromWho="2" sc="318,-14,250,-8,182,30,250,-8" /><INIT seed="1,0,0,1,3,33" ten="304,242,212,242" oya="1" hai0="60,132,70,94,20,58,78,95,92,123,105,75,29" hai1="110,98,3,117,46,30,127,99,7,24,45,8,93" hai2="62,86,134,44,19,85,116,35,56,87,126,15,52" hai3="118,6,9,124,130,36,37,65,89,43,135,22,59"/><U64/><E117/><V27/><F116/><W49/><G118/><T63/><D105/><U128/><E127/><V111/><F126/><W69/><G124/><T72/><D70/><U38/><E128/><V48/><F111/><W133/><G69/><T53/><D132/><U88/><E64/><V83/><F134/><W50/><G22/><T55/><D123/><U101/><E110/><V84/><F27/><W61/><G89/><T91/><D78/><U66/><E66/><V42/><F35/><W5/><G130/><T97/><D72/><U51/><E38/><V112/><F112/><W104/><G104/><T125/><D75/><U71/><E71/><V18/><REACH who="2" step="1"/><F15/><REACH who="2" ten="304,242,202,242" step="2"/><W47/><G135/><T12/><D125/><U73/><E73/><V106/><F106/><W129/><G133/><T76/><D12/><U82/><E24/><V103/><F103/><W16/><G129/><T17/><D29/><U31/><E31/><V21/><F21/><W113/><G113/><T32/><D32/><U4/><E30/><V102/><F102/><W115/><G115/><T121/><D121/><U74/><E74/><V0/><F0/><W68/><G36/><T119/><D119/><U14/><E3/><V96/><F96/><W100/><G100/><T54/><D97/><U67/><E98/><V34/><F34/><W25/><G37/><T28/><D28/><U23/><E99/><V108/><F108/><W13/><G25/><T114/><D114/><U120/><E101/><V2/><F2/><W80/><G80/><T1/><D1/><N who="1" m="15" /><E120/><V107/><F107/><W40/><G13/><RYUUKYOKU ba="0,1" sc="304,-10,242,-10,202,30,242,-10" hai2="18,19,42,44,48,52,56,62,83,84,85,86,87" /><INIT seed="2,1,1,3,3,86" ten="294,232,232,232" oya="2" hai0="10,125,42,122,83,104,112,17,63,0,128,82,75" hai1="129,40,30,113,7,116,77,61,79,6,8,89,54" hai2="67,43,1,58,120,97,37,5,51,28,90,66,119" hai3="65,60,64,114,105,101,127,16,132,39,27,81,59"/><V32/><F119/><W29/><G39/><T88/><D122/><U62/><E129/><V18/><F120/><W11/><G132/><T19/><D112/><U100/><E113/><V24/><F37/><W121/><G121/><T44/><D104/><U98/><E116/><V107/><F5/><W111/><G114/><T135/><D128/><U131/><E30/><V115/><F1/><W118/><G101/><T84/><D135/><U57/><E40/><V92/><F115/><W103/><G103/><T36/><D125/><U21/><E21/><V20/><F107/><W33/><G127/><T15/><D63/><U68/><E131/><V52/><REACH who="2" step="1"/><F43/><REACH who="2" ten="294,232,222,232" step="2"/><W25/><G105/><T133/><D133/><U2/><E6/><V49/><F49/><W130/><G118/><T50/><D0/><U46/><E7/><V76/><F76/><W73/><G130/><T117/><D117/><U87/><E77/><V9/><F9/><W35/><G11/><T47/><D36/><U91/><E79/><V106/><F106/><W48/><G48/><T124/><D124/><U85/><E8/><V74/><F74/><W108/><G73/><T93/><D75/><U3/><E3/><V109/><F109/><W94/><G111/><T22/><REACH who="0" step="1"/><D44/><REACH who="0" ten="284,232,222,232" step="2"/><U80/><E46/><V72/><F72/><W53/><G108/><T123/><D123/><U126/><E2/><V69/><F69/><W56/><G60/><T31/><D31/><U34/><E126/><V96/><F96/><W134/><G134/><T14/><AGARI ba="1,3" hai="10,14,15,17,19,22,42,47,50,82,83,84,88,93" machi="14" ten="20,12000,2" yaku="1,1,0,1,7,1,8,1,52,1,54,1,53,0" doraHai="86" doraHaiUra="110" who="0" fromWho="0" sc="284,153,232,-31,222,-61,232,-31" /><INIT seed="3,0,0,0,1,99" ten="437,201,161,201" oya="3" hai0="133,66,89,34,15,84,26,82,119,125,51,85,33" hai1="44,25,80,12,88,13,3,86,111,36,2,67,23" hai2="96,131,110,132,29,121,91,120,112,6,48,116,31" hai3="30,64,78,71,46,27,79,59,117,98,74,95,35"/><W40/><G71/><T22/><D119/><U20/><E111/><V62/><F112/><W114/><G114/><T107/><D133/><U108/><E108/><V135/><F6/><W73/><G117/><T134/><D134/><N who="2" m="51242" /><F116/><W128/><G128/><T97/><D125/><U102/><E67/><V10/><F10/><W4/><G4/><T32/><D66/><U11/><E23/><V38/><F38/><W129/><G129/><T72/><D72/><U7/><E2/><V28/><F110/><W122/><G74/><T126/><D126/><U60/><E60/><V57/><F48/><W43/><G73/><T45/><D15/><U127/><E127/><V55/><F131/><W14/><G14/><T103/><D84/><U90/><E90/><V104/><F91/><W61/><G122/><N who="2" m="47209" /><F28/><W17/><G17/><T68/><D68/><U56/><E12/><V1/><F1/><W81/><G81/><T123/><D123/><U21/><E3/><V113/><F113/><W16/><G16/><T53/><D34/><U87/><E13/><V63/><F63/><W124/><G124/><T101/><D101/><AGARI ba="0,0" hai="29,31,55,57,62,96,101,104" m="47209,51242" machi="101" ten="30,3900,0" yaku="20,1,13,1,52,1" doraHai="99" who="2" fromWho="0" sc="437,-39,201,0,161,39,201,0" /><INIT seed="4,0,0,3,3,19" ten="398,201,200,201" oya="0" hai0="67,21,92,61,2,74,52,107,51,5,9,119,122" hai1="65,113,41,109,133,57,53,104,116,111,101,48,49" hai2="15,125,17,75,23,54,37,26,95,90,105,3,81" hai3="108,35,45,98,1,85,0,121,84,39,32,55,73"/><T102/><D107/><U56/><E104/><V10/><F105/><W86/><G108/><T132/><D119/><U40/><E101/><V13/><F37/><W43/><G121/><T117/><D117/><U89/><E89/><V59/><F125/><W42/><G73/><T31/><D122/><U44/><E116/><V68/><F68/><W120/><G120/><T135/><D74/><U62/><E133/><N who="0" m="51273" /><D31/><U106/><E106/><V123/><F123/><W93/><G55/><T115/><D115/><U72/><E72/><V7/><F75/><W27/><G43/><T25/><D92/><U124/><E124/><V63/><REACH who="2" step="1"/><F81/><REACH who="2" ten="398,201,190,201" step="2"/><W83/><G83/><T96/><D102/><U70/><E113/><V12/><F12/><W33/><REACH who="3" step="1"/><G27/><REACH who="3" ten="398,201,190,191" step="2"/><T97/><D25/><U50/><E40/><V99/><AGARI ba="0,2" hai="3,7,10,13,15,17,23,26,54,59,63,90,95,99" machi="99" ten="20,12000,2" yaku="1,1,0,1,7,1,25,2,52,1,53,0" doraHai="19" doraHaiUra="127" who="2" fromWho="2" sc="398,-60,201,-30,190,140,191,-30" /><INIT seed="5,0,0,5,2,8" ten="338,171,330,161" oya="1" hai0="122,72,48,87,29,56,42,16,104,126,40,10,5" hai1="131,123,41,107,70,23,36,106,4,12,134,129,61" hai2="83,117,6,96,119,98,111,19,94,17,133,9,14" hai3="103,62,132,121,76,68,92,95,46,101,22,114,128"/><U84/><E123/><V37/><F111/><W75/><G46/><T116/><D72/><U50/><E134/><V108/><F108/><W97/><G121/><T88/><D116/><U49/><E36/><V24/><F37/><W77/><G68/><T21/><D104/><N who="1" m="39979" /><E41/><V31/><F133/><W15/><G132/><T54/><D122/><U109/><E84/><V125/><F96/><N who="3" m="59527" /><G75/><T130/><D130/><N who="1" m="49675" /><E109/><V105/><F105/><W115/><G128/><T64/><D126/><U20/><E4/><V120/><F120/><W47/><G47/><T78/><D78/><U118/><E118/><V93/><F93/><W67/><G67/><T30/><D64/><N who="1" m="41231" /><E23/><V2/><F83/><W81/><G62/><T73/><D73/><U110/><E110/><V7/><F125/><W69/><G69/><T65/><D65/><U11/><E11/><N who="2" m="2519" /><F94/><W53/><G53/><T44/><D42/><U25/><E12/><N who="2" m="7311" /><F7/><W135/><G81/><N who="0" m="49263" /><D40/><U3/><E3/><V100/><F98/><W74/><G74/><T51/><D5/><U39/><E39/><V99/><F99/><W28/><G135/><T52/><D10/><U63/><E63/><V1/><F1/><W35/><G76/><T27/><AGARI ba="0,0" hai="16,21,27,29,30,44,48,51,52,54,56" m="49263" machi="27" ten="30,7900,0" yaku="8,1,54,3" doraHai="8" who="0" fromWho="0" sc="338,79,171,-39,330,-20,161,-20" /><INIT seed="6,0,0,2,5,9" ten="417,132,310,141" oya="2" hai0="33,60,132,83,16,131,36,133,62,124,28,81,34" hai1="54,46,128,1,49,70,11,4,30,100,105,129,98" hai2="51,66,101,31,123,115,59,108,86,17,58,50,38" hai3="76,117,25,52,48,23,47,121,24,73,68,78,72"/><V2/><F2/><W114/><G117/><T7/><D131/><U80/><E70/><V109/><F31/><W22/><G121/><T37/><D124/><U39/><E30/><V64/><F101/><W40/><G68/><T43/><D7/><U0/><E0/><V12/><F86/><W74/><G114/><T10/><D10/><U56/><E39/><V29/><F29/><W84/><G84/><T99/><D16/><U130/><REACH who="1" step="1"/><E80/><REACH who="1" ten="417,122,310,141" step="2"/><V93/><F38/><W5/><G5/><T77/><D83/><U57/><AGARI ba="0,1" hai="1,4,11,46,49,54,56,57,98,100,105,128,129,130" machi="57" ten="40,8000,1" yaku="1,1,2,1,0,1,19,1,53,0" doraHai="9" doraHaiUra="135" who="1" fromWho="1" sc="417,-20,122,90,310,-40,141,-20" /><INIT seed="7,0,0,2,0,52" ten="397,212,270,121" oya="3" hai0="2,57,24,46,114,14,116,123,73,33,76,42,50" hai1="23,130,68,103,15,61,32,80,17,5,9,7,95" hai2="16,127,72,108,118,69,102,125,90,132,10,122,25" hai3="66,1,121,60,13,105,19,38,115,39,77,106,64"/><W87/><G121/><T35/><D2/><U30/><E68/><V63/><F118/><W89/><G1/><T56/><D116/><U107/><E107/><V55/><F108/><W112/><G77/><T62/><D123/><U48/><E130/><V88/><F132/><W67/><G105/><T120/><D120/><U99/><E32/><V92/><F72/><W83/><G106/><T124/><D124/><N who="2" m="47690" /><F55/><W27/><G27/><T86/><D73/><U135/><E135/><V110/><F110/><W126/><G126/><T104/><D114/><U93/><E80/><V96/><F10/><W98/><G98/><T28/><D35/><U34/><E34/><V4/><F4/><W117/><G117/><T37/><D14/><U85/><E48/><V97/><F96/><W49/><G49/><T54/><D104/><U82/><E95/><V65/><F122/><W44/><G60/><T109/><D109/><U70/><E70/><V20/><AGARI ba="0,0" hai="16,20,25,63,65,69,88,90,92,97,102" m="47690" machi="20" ten="30,4000,0" yaku="18,1,54,2" doraHai="52" who="2" fromWho="2" sc="397,-10,212,-10,270,40,121,-20" owari="387,49.0,202,-20.0,310,11.0,101,-40.0" /></mjloggm>