<mjloggm ver="2.3"><GO type="169" lobby="0"/><UN n0="%4B%57" n1="%E7%A5%9E%E9%A2%A8%E3%81%A6%E3%81%83%E3%81%A3%E3%81%97%E3%82%85" n2="%E3%82%AA%E3%83%83%E3%83%91%E3%82%AA" n3="%E7%8F%BE%E5%A4%A7%E7%9C%9F%E9%BE%8D%E5%B0%86" dan="16,16,17,16" rate="2043.93,2161.54,2176.57,2044.22" sx="M,M,M,M"/><TAIKYOKU oya="0"/><INIT seed="0,0,0,5,0,0" ten="250,250,250,250" oya="0" hai0="96,98,134,42,29,19,60,15,34,79,93,74,56" hai1="5,57,50,78,43,103,62,92,112,21,73,54,100" hai2="1,58,99,84,81,47,107,123,4,94,126,125,31" hai3="3,41,12,101,40,121,71,26,66,113,68,110,132"/><T10/><D134/><U46/><E112/><V51/><F123/><W127/><G3/><T115/><D115/><U24/><E73/><V65/><F107/><W69/><G113/><T30/><D42/><U124/><E124/><V118/><F31/><W91/><G127/><N who="2" m="48649" /><F58/><W97/><G132/><T8/><D34/><U55/><E78/><N who="2" m="46135" /><F65/><W76/><G76/><T32/><D32/><U122/><E122/><V77/><F77/><W129/><G121/><T89/><D98/><U36/><E5/><V38/><F38/><W83/><G66/><T59/><D59/><U105/><E105/><V45/><F51/><W86/><G129/><T7/><D79/><U48/><E36/><V117/><F1/><W2/><G2/><T14/><REACH who="0" step="1"/><D74/><REACH who="0" ten="240,250,250,250" step="2"/><U85/><E43/><V72/><F72/><W35/><G35/><T20/><D20/><U106/><E106/><V53/><F117/><W27/><G69/><T87/><D87/><U13/><E85/><V108/><F118/><W33/><G68/><T88/><D88/><U37/><E103/><V64/><F99/><W67/><G71/><T25/><D25/><U102/><E102/><V11/><F47/><W120/><G27/><T39/><D39/><U130/><E37/><V82/><F45/><W131/><G120/><T52/><AGARI ba="0,1" hai="7,8,10,14,15,19,29,30,52,56,60,89,93,96" machi="52" ten="20,18000,2" yaku="1,1,0,1,7,1,8,1,52,1,54,1,53,0" doraHai="0" doraHaiUra="61" who="0" fromWho="0" sc="240,190,250,-60,250,-60,250,-60" /><INIT seed="0,1,0,2,5,117" ten="430,190,190,190" oya="0" hai0="24,26,105,31,10,72,12,93,32,56,96,84,23" hai1="33,9,109,2,88,43,8,92,5,68,98,18,113" hai2="128,64,50,87,85,51,101,55,116,14,41,107,123" hai3="45,118,75,100,19,57,104,35,82,125,73,135,53"/><T37/><D72/><U30/><E109/><V60/><F116/><W47/><G118/><T59/><D37/><U61/><E43/><V39/><F39/><W126/><G35/><T69/><D84/><U83/><E113/><V22/><F128/><W13/><G135/><T111/><D69/><U102/><E30/><V48/><F123/><W76/><G73/><T99/><D105/><U40/><E40/><V7/><F41/><W119/><G119/><T28/><D111/><U66/><E33/><V91/><F107/><W42/><G100/><T129/><D129/><U70/><E70/><V103/><F55/><W122/><G104/><T89/><REACH who="0" step="1"/><D99/><REACH who="0" ten="420,190,190,190" step="2"/><U11/><E68/><V17/><F85/><W131/><G131/><T121/><D121/><U49/><E98/><V21/><F87/><W114/><G122/><T29/><D29/><U127/><E83/><V58/><F51/><W27/><G82/><T94/><D94/><U34/><E92/><V134/><F50/><W1/><G75/><T80/><D80/><U133/><E49/><V52/><F48/><W44/><G42/><T106/><D106/><U4/><E61/><V46/><F60/><W132/><G47/><T36/><D36/><U20/><E133/><V108/><F46/><W97/><G132/><T90/><D90/><U65/><E88/><V38/><F91/><W112/><G45/><T6/><AGARI ba="1,1" hai="6,10,12,23,24,26,28,31,32,56,59,89,93,96" machi="6" ten="20,3900,0" yaku="1,1,0,1,7,1,53,0" doraHai="117" doraHaiUra="62" who="0" fromWho="0" sc="420,52,190,-14,190,-14,190,-14" /><INIT seed="0,2,0,0,2,2" ten="472,176,176,176" oya="0" hai0="80,98,93,107,14,45,134,47,38,37,105,21,76" hai1="40,82,120,13,60,127,52,73,62,44,102,64,68" hai2="59,119,5,78,121,108,65,16,4,99,89,83,118" hai3="115,57,124,43,42,81,94,12,113,92,25,116,97"/><T71/><D71/><U87/><E120/><V123/><F108/><W126/><G116/><N who="2" m="44585" /><F65/><W26/><G12/><T50/><D134/><U24/><E127/><V3/><F3/><W79/><G57/><T27/><D14/><U74/><E102/><V46/><F46/><W49/><G49/><T128/><D128/><U72/><E24/><V32/><F32/><W110/><G81/><T19/><D107/><U35/><E35/><V88/><F59/><W100/><G100/><T53/><D105/><U55/><E62/><V28/><F28/><W70/><G97/><T95/><D47/><U114/><E114/><V66/><F66/><W117/><G79/><T61/><D61/><U34/><E34/><V30/><F30/><W67/><G117/><T130/><D95/><U69/><E69/><V18/><F123/><W39/><G67/><T112/><D130/><U1/><E1/><V54/><F54/><W96/><G96/><T58/><D45/><U0/><E0/><V23/><F18/><W104/><G104/><T56/><D56/><U33/><E33/><V106/><F106/><W63/><G63/><T22/><D22/><U84/><E13/><N who="2" m="9615" /><F121/><W86/><G70/><T7/><D112/><U133/><E133/><V48/><F48/><W90/><G110/><T85/><D38/><U10/><E40/><V125/><F125/><W101/><G39/><T36/><D36/><U75/><E44/><V131/><F131/><W132/><G132/><T11/><D37/><U20/><E20/><V51/><F51/><W135/><G135/><T122/><D122/><U8/><E68/><RYUUKYOKU ba="2,0" sc="472,0,176,0,176,0,176,0" /><INIT seed="1,3,0,3,3,41" ten="472,176,176,176" oya="1" hai0="109,55,12,11,115,117,59,54,126,56,49,95,118" hai1="17,93,74,10,75,44,78,16,123,129,6,3,40" hai2="101,104,48,7,15,79,60,45,28,24,130,21,100" hai3="110,77,127,96,113,35,25,125,114,52,20,72,37"/><U13/><E123/><V43/><F130/><W111/><G35/><T68/><D115/><N who="3" m="44041" /><G37/><T90/><D68/><U87/><E129/><V4/><F104/><W46/><G96/><T71/><D71/><U122/><E122/><V34/><F34/><W1/><G77/><T112/><D109/><N who="3" m="41481" /><G72/><T98/><D126/><N who="3" m="48137" /><G1/><T106/><D106/><U63/><E3/><V91/><F79/><W36/><G36/><T5/><D112/><U38/><E75/><V30/><F30/><W29/><G52/><T133/><D55/><U66/><E74/><V94/><F60/><W22/><G20/><T57/><D54/><U132/><E132/><V33/><F33/><W69/><G69/><T80/><D49/><U85/><E93/><V119/><F119/><W116/><G46/><T65/><D133/><U99/><E99/><N who="2" m="57823" /><F15/><W42/><G42/><T120/><D118/><AGARI ba="3,0" hai="22,25,29,116,118" m="48137,41481,44041" machi="118" ten="40,8000,1" yaku="14,1,18,1,34,2" doraHai="41" who="3" fromWho="0" sc="472,-89,176,0,176,0,176,89" /><INIT seed="2,0,0,4,4,100" ten="383,176,176,265" oya="2" hai0="62,33,88,132,107,9,15,119,76,0,115,16,135" hai1="86,47,10,21,20,112,2,89,18,30,78,95,42" hai2="48,125,108,102,81,60,73,129,82,41,65,114,64" hai3="97,127,110,40,72,51,79,37,4,75,120,104,32"/><V57/><F114/><W31/><G31/><T111/><D115/><U6/><E112/><V39/><F39/><W44/><G44/><T29/><D111/><U71/><E71/><V98/><F125/><W12/><G12/><T58/><D119/><U133/><E133/><N who="0" m="51273" /><D0/><U24/><E78/><V124/><F124/><W90/><G90/><T99/><D76/><U69/><E69/><V101/><F129/><W49/><G49/><T38/><D38/><U74/><E74/><V59/><F108/><W121/><G121/><T93/><D107/><U3/><E3/><V17/><F73/><W67/><G67/><T113/><D113/><U116/><E116/><V52/><F17/><W83/><G83/><N who="2" m="31753" /><F41/><W27/><G27/><N who="0" m="18623" /><D58/><U130/><E130/><V77/><F77/><W28/><G28/><T68/><D62/><U19/><REACH who="1" step="1"/><E21/><REACH who="1" ten="383,166,176,265" step="2"/><V80/><F65/><W94/><G94/><T55/><D68/><U84/><E84/><V128/><F128/><W34/><G34/><T63/><D63/><U85/><E85/><V53/><F64/><W122/><G122/><T22/><D55/><U23/><E23/><AGARI ba="0,1" hai="9,15,16,22,23,88,93,99" m="18623,51273" machi="23" ten="30,3900,0" yaku="20,1,54,2" doraHai="100" who="0" fromWho="1" sc="383,49,166,-39,176,0,265,0" /><INIT seed="3,0,0,4,4,58" ten="432,127,176,265" oya="3" hai0="29,61,108,93,19,54,13,38,49,28,50,62,92" hai1="96,2,130,118,48,9,134,75,53,95,36,133,115" hai2="27,82,63,83,87,100,112,10,47,86,56,55,4" hai3="114,107,73,135,125,18,98,15,109,105,44,41,30"/><W111/><G114/><T104/><D104/><U76/><E115/><V89/><F112/><W71/><G73/><T5/><D38/><U123/><E123/><V88/><F100/><W34/><G71/><T101/><D5/><U103/><E36/><V122/><F122/><W21/><G125/><T59/><D108/><N who="3" m="41545" /><G135/><T3/><D3/><U78/><E2/><V77/><F27/><N who="3" m="18783" /><G98/><N who="0" m="59591" /><D93/><U72/><E9/><V51/><F77/><N who="1" m="29801" /><E53/><V23/><F23/><W106/><G107/><T127/><D127/><U35/><E48/><AGARI ba="0,0" hai="15,18,21,41,44,48,105,106" m="18783,41545" machi="48" ten="30,2900,0" yaku="14,1,10,1" doraHai="58" who="3" fromWho="1" sc="432,0,127,-29,176,0,265,29" /><INIT seed="3,1,0,4,0,72" ten="432,98,176,294" oya="3" hai0="101,25,126,56,46,108,48,117,30,111,118,51,97" hai1="113,78,20,27,23,87,13,124,70,22,53,34,120" hai2="68,115,62,3,104,11,75,92,88,26,77,61,74" hai3="73,128,95,135,90,122,89,15,107,2,86,16,83"/><W44/><G2/><T1/><D1/><U67/><E113/><V121/><F115/><W106/><G122/><T81/><D126/><U102/><E120/><V116/><F116/><W14/><G128/><T58/><D118/><U4/><E124/><V127/><F104/><W0/><G0/><T37/><D37/><U93/><E67/><V60/><F127/><W36/><G14/><T50/><D46/><U71/><E70/><V8/><F121/><W35/><G35/><T84/><D117/><U54/><E71/><V6/><F68/><W129/><G129/><T32/><D111/><U79/><E34/><V17/><F77/><N who="1" m="29193" /><E27/><V31/><F17/><W39/><G135/><T69/><D69/><U133/><E133/><V18/><F18/><W103/><G103/><T105/><REACH who="0" step="1"/><D108/><REACH who="0" ten="422,98,176,294" step="2"/><U130/><E130/><V123/><F123/><W134/><G134/><T42/><D42/><U33/><E33/><V125/><F125/><W21/><G36/><T55/><D55/><N who="1" m="21003" /><E102/><V96/><REACH who="2" step="1"/><F11/><REACH who="2" ten="422,98,166,294" step="2"/><W38/><G107/><T19/><D19/><N who="1" m="10351" /><E4/><V76/><F76/><AGARI ba="1,2" hai="25,30,32,48,50,51,56,58,76,81,84,97,101,105" machi="76" ten="40,2600,0" yaku="1,1,52,1,53,0" doraHai="72" doraHaiUra="10" who="0" fromWho="2" sc="422,49,98,0,166,-29,294,0" /><INIT seed="4,0,0,4,1,45" ten="471,98,137,294" oya="0" hai0="64,60,131,99,135,68,16,34,71,78,54,39,117" hai1="70,123,73,108,66,6,98,26,127,29,47,79,115" hai2="30,43,42,59,46,103,86,28,120,32,55,75,36" hai3="53,56,8,116,95,124,33,40,14,114,109,23,132"/><T10/><D117/><U134/><E108/><V21/><F75/><W91/><G33/><T93/><D131/><U51/><E123/><V3/><F3/><W106/><G106/><T49/><D39/><U126/><E134/><V22/><F120/><W38/><G109/><T107/><D135/><U52/><E115/><V25/><F103/><W112/><G132/><T105/><D34/><U35/><E6/><V48/><F43/><W67/><G67/><T4/><D71/><U90/><E79/><V100/><F30/><W65/><G65/><T102/><D78/><U84/><E73/><V62/><F100/><W129/><G23/><T110/><D110/><U74/><E74/><V119/><F119/><W85/><G116/><T113/><D113/><N who="3" m="43625" /><G129/><T121/><D121/><U82/><REACH who="1" step="1"/><E98/><REACH who="1" ten="471,88,137,294" step="2"/><V12/><F86/><W1/><G85/><T130/><D130/><U57/><E57/><V125/><F125/><W18/><G56/><T61/><D4/><U133/><E133/><V118/><F118/><W122/><G124/><T77/><D77/><U87/><E87/><V69/><F12/><W37/><G122/><T94/><D99/><U72/><E72/><V0/><F0/><W80/><G1/><T63/><D68/><U27/><E27/><V89/><F89/><W101/><G91/><T20/><D102/><U9/><E9/><V83/><F83/><W104/><G80/><T96/><D10/><U76/><E76/><V17/><F17/><W7/><G101/><T31/><D16/><U128/><E128/><V92/><F92/><W13/><G95/><T15/><D94/><RYUUKYOKU ba="0,1" sc="471,-15,88,15,137,15,294,-15" hai1="26,29,35,47,51,52,66,70,82,84,90,126,127" hai2="21,22,25,28,32,36,42,46,48,55,59,62,69" /><INIT seed="5,1,1,3,3,89" ten="456,103,152,279" oya="1" hai0="42,125,60,61,86,112,57,9,0,47,91,29,46" hai1="113,123,115,122,40,119,121,63,72,99,45,120,95" hai2="28,130,18,77,67,109,58,62,118,43,11,24,37" hai3="97,108,54,4,94,12,41,135,127,132,33,92,7"/><U111/><N who="1" m="30720" /><DORA hai="76" /><U22/><E72/><V44/><F118/><W116/><G108/><T100/><D125/><U84/><E119/><V32/><F109/><W30/><G116/><T66/><D100/><U93/><E111/><V64/><F130/><W8/><G127/><T5/><D112/><N who="1" m="43083" /><E99/><V80/><F67/><W17/><G41/><T36/><D29/><U82/><E63/><V74/><F11/><W53/><G97/><T78/><D61/><U103/><E103/><V87/><REACH who="2" step="1"/><F18/><REACH who="2" ten="456,103,142,279" step="2"/><W96/><G17/><T107/><D66/><U34/><E34/><V27/><F27/><W35/><G35/><T31/><D9/><U15/><E15/><V79/><F79/><W83/><G33/><T51/><D78/><N who="1" m="46167" /><E22/><V124/><F124/><W101/><G12/><T129/><D129/><U59/><E59/><V117/><F117/><W75/><G8/><T90/><D57/><U114/><N who="1" m="43091" /><U131/><DORA hai="69" /><E131/><V10/><F10/><W105/><G4/><T65/><D5/><U49/><AGARI ba="1,2" hai="40,45,49,93,95" m="46167,43091,30720" machi="49" ten="70,12000,1" yaku="15,1,52,3" doraHai="89,76,69" who="1" fromWho="1" sc="456,-41,103,143,142,-41,279,-41" /><INIT seed="5,2,0,4,5,50" ten="415,246,101,238" oya="1" hai0="31,70,91,53,99,117,96,72,29,79,42,87,36" hai1="120,100,37,15,28,58,106,125,73,51,102,105,13" hai2="115,27,9,52,122,90,2,95,71,83,69,7,101" hai3="98,108,116,16,68,4,35,112,109,33,124,23,59"/><U26/><E120/><V131/><F122/><W1/><G68/><T56/><D117/><U94/><E37/><V22/><F131/><W80/><G116/><T8/><D70/><U113/><E73/><V38/><F38/><W17/><G17/><T134/><D134/><U3/><E3/><V5/><F5/><W47/><G47/><T128/><D128/><U107/><E125/><V123/><F123/><W92/><G124/><T75/><D8/><U127/><E127/><V20/><F20/><W77/><G112/><T6/><D6/><U63/><E51/><V97/><F115/><W41/><G41/><T135/><D135/><U82/><E82/><V43/><F43/><W132/><G132/><T30/><D42/><U85/><E113/><V126/><F126/><W110/><G59/><T81/><D36/><U48/><E48/><V25/><F25/><W118/><G118/><T93/><REACH who="0" step="1"/><D75/><REACH who="0" ten="405,246,101,238" step="2"/><U49/><E49/><AGARI ba="2,1" hai="29,30,31,49,53,56,72,79,81,87,91,93,96,99" machi="49" ten="40,8000,1" yaku="1,1,2,1,52,1,53,1" doraHai="50" doraHaiUra="74" who="0" fromWho="1" sc="405,96,246,-86,101,0,238,0" /><INIT seed="6,0,0,4,5,34" ten="501,160,101,238" oya="2" hai0="113,103,48,50,43,28,70,19,45,84,51,49,73" hai1="112,3,74,66,18,6,135,55,118,92,93,65,102" hai2="77,22,85,76,116,16,89,54,127,95,63,2,8" hai3="125,101,5,7,41,0,33,106,57,69,26,47,71"/><V42/><F116/><W68/><G57/><T131/><D73/><U123/><E118/><V31/><F127/><W39/><G125/><T72/><D72/><U58/><E123/><V20/><F42/><W88/><G88/><T126/><D70/><U90/><E74/><V59/><F31/><N who="3" m="19703" /><G7/><T120/><D113/><U25/><E135/><V14/><REACH who="2" step="1"/><F22/><REACH who="2" ten="501,160,91,238" step="2"/><W67/><G41/><T128/><D28/><U81/><E112/><V15/><F15/><W53/><G39/><T21/><D126/><U62/><E25/><V24/><F24/><W78/><G0/><T91/><D43/><U60/><E3/><V56/><F56/><W129/><G69/><T104/><D45/><U114/><E114/><V115/><F115/><W52/><G47/><T86/><D131/><U82/><E58/><V4/><AGARI ba="0,1" hai="2,4,8,14,16,20,54,59,63,76,77,85,89,95" machi="4" ten="30,11700,0" yaku="1,1,0,1,52,1,54,1,53,0" doraHai="34" doraHaiUra="64" who="2" fromWho="2" sc="501,-39,160,-39,91,127,238,-39" /><INIT seed="6,1,0,4,5,16" ten="462,121,218,199" oya="2" hai0="94,37,88,32,58,23,127,95,73,18,59,68,82" hai1="39,105,27,8,74,28,46,41,124,122,54,107,17" hai2="10,29,80,103,117,108,40,24,51,84,26,89,110" hai3="21,70,125,9,91,47,45,101,3,134,67,120,22"/><V113/><F117/><W69/><G120/><T36/><D68/><U135/><E135/><V129/><F113/><W102/><G134/><T60/><D32/><U44/><E124/><V12/><F129/><W50/><G125/><T20/><D127/><U111/><E111/><N who="2" m="42539" /><F103/><W76/><G76/><T30/><D30/><U121/><E74/><V75/><F75/><W131/><G131/><T83/><D73/><U118/><E118/><V106/><F106/><W49/><G91/><T112/><D18/><U6/><E17/><N who="2" m="8343" /><F29/><W65/><G9/><T52/><D60/><U92/><E107/><V13/><F13/><W119/><G119/><T123/><D88/><U19/><E105/><V63/><F63/><W55/><G55/><T126/><D52/><U34/><E19/><V132/><F132/><W128/><G128/><T97/><D126/><U66/><E66/><V130/><F130/><W4/><G4/><T98/><D112/><U87/><E122/><AGARI ba="1,0" hai="20,23,36,37,58,59,82,83,94,95,97,98,122,123" machi="122" ten="25,6400,0" yaku="22,2,52,2" doraHai="16" who="0" fromWho="1" sc="462,67,121,-67,218,0,199,0" /><INIT seed="7,0,0,2,5,25" ten="529,54,218,199" oya="3" hai0="131,117,43,122,49,93,121,120,75,20,61,63,95" hai1="130,45,112,5,0,89,65,42,116,84,27,111,71" hai2="11,125,72,53,92,103,9,14,2,6,119,86,60" hai3="101,82,128,3,19,98,64,83,127,126,24,115,41"/><W58/><G3/><T50/><D117/><U85/><E111/><V104/><F119/><W32/><G41/><T7/><D131/><U55/><E130/><V54/><F72/><W10/><G128/><T47/><D75/><U29/><E116/><V79/><F104/><W76/><G115/><T66/><D7/><U99/><E112/><V80/><F125/><N who="3" m="47627" /><G76/><T107/><D107/><U21/><E65/><V33/><F33/><W56/><G10/><T57/><D49/><U81/><E71/><V134/><F134/><W48/><G19/><T94/><D20/><U133/><E133/><V108/><F108/><W52/><G58/><T135/><D135/><U36/><E5/><V34/><F34/><W106/><G64/><T69/><REACH who="0" step="1"/><D122/><REACH who="0" ten="519,54,218,199" step="2"/><U15/><E0/><V59/><F2/><W22/><G22/><T17/><D17/><U74/><E74/><V40/><F6/><W35/><G35/><T30/><D30/><AGARI ba="0,1" hai="24,30,32,48,52,56,82,83,98,101,106" m="47627" machi="30" ten="30,5800,0" yaku="18,1,52,1,54,1" doraHai="25" who="3" fromWho="0" sc="519,-58,54,0,218,0,199,68" /><INIT seed="7,1,0,4,1,88" ten="461,54,218,267" oya="3" hai0="100,80,39,19,25,40,98,51,91,2,118,124,7" hai1="108,74,114,76,99,52,86,49,130,129,10,35,26" hai2="134,122,104,11,61,69,43,33,83,90,13,41,77" hai3="64,95,113,135,93,111,34,120,42,82,115,28,16"/><W45/><G120/><T70/><D118/><U97/><E108/><V38/><F33/><W125/><G111/><T23/><D70/><U131/><E74/><V30/><F30/><W1/><G1/><T47/><D124/><U24/><E114/><V5/><F104/><W14/><G125/><T46/><D2/><U73/><E73/><V59/><F69/><W75/><G64/><T20/><D7/><U3/><E35/><V9/><F38/><W72/><G72/><T119/><D119/><U36/><E36/><V102/><F102/><W96/><G135/><T105/><D23/><U92/><E97/><V6/><F134/><W55/><G55/><T58/><D58/><U68/><E68/><V15/><F90/><W81/><G96/><T103/><D105/><U85/><E85/><V31/><F31/><W50/><G28/><T71/><D71/><U94/><E10/><V22/><F22/><N who="3" m="11543" /><G34/><T8/><D8/><U60/><E60/><V48/><F48/><W123/><G123/><T32/><D32/><U56/><E3/><V17/><F17/><W109/><G109/><T37/><D37/><U54/><E54/><V79/><F122/><W89/><G89/><T107/><D103/><U101/><REACH who="1" step="1"/><E94/><REACH who="1" ten="461,44,218,267" step="2"/><N who="3" m="35850" /><G75/><T65/><D91/><U128/><N who="1" m="32768" /><DORA hai="121" /><U117/><E117/><V44/><F79/><W132/><G132/><T116/><D65/><U29/><E29/><V110/><F77/><W21/><G21/><T18/><D116/><U106/><E106/><V78/><F78/><W57/><G113/><T66/><D20/><U4/><E4/><V127/><F6/><RYUUKYOKU ba="1,1" sc="461,-10,44,30,218,-10,267,-10" hai1="24,26,49,52,56,76,86,92,99,101" owari="461,56.0,74,-43.0,208,-19.0,257,6.0" /></mjloggm>