<mjloggm ver="2.3"><GO type="169" lobby="0"/><UN n0="%E5%A4%95%E5%87%AA" n1="%E5%BD%A9%E4%BA%AC" n2="%E3%83%94%E3%83%B3%E3%83%9D%E3%83%B3%E3%83%91%E3%83%BC%E3%83%AB" n3="%E2%80%A0%E6%B0%B4%E9%8A%80%E7%87%88%E2%80%A0" dan="18,17,16,16" rate="2207.73,2204.58,2094.65,2152.43" sx="M,M,F,F"/><TAIKYOKU oya="0"/><INIT seed="0,0,0,2,2,107" ten="250,250,250,250" oya="0" hai0="133,88,109,44,110,28,24,61,80,8,102,56,114" hai1="72,33,60,84,30,106,39,5,55,66,100,70,120" hai2="73,50,46,118,17,18,71,119,111,82,79,52,10" hai3="67,131,122,65,58,43,86,130,42,113,69,125,19"/><T1/><D114/><U92/><E120/><V36/><F71/><W12/><G86/><T47/><D133/><U49/><E39/><V15/><F111/><N who="0" m="42506" /><D102/><U96/><E5/><V45/><REACH who="2" step="1"/><F18/><REACH who="2" ten="250,250,240,250" step="2"/><W38/><G69/><T22/><D1/><U76/><E70/><V115/><F115/><W77/><G113/><T51/><D8/><U25/><E30/><V64/><F64/><W98/><G65/><N who="0" m="39079" /><D51/><U112/><E49/><V59/><F59/><W20/><G67/><T108/><D108/><U26/><E66/><V99/><F99/><W132/><G58/><T91/><D91/><U103/><E96/><V126/><F126/><W35/><G125/><T85/><AGARI ba="0,1" hai="22,24,28,44,47,80,85,88" m="39079,42506" machi="85" ten="30,6000,0" yaku="14,1,10,1,54,1" doraHai="107" who="0" fromWho="0" sc="250,70,250,-20,240,-20,250,-20" /><INIT seed="0,1,0,1,4,49" ten="320,230,220,230" oya="0" hai0="133,22,71,51,135,117,101,88,64,115,131,111,130" hai1="5,113,43,17,36,76,105,69,122,99,21,68,120" hai2="89,121,97,15,100,54,60,126,57,40,127,8,132" hai3="134,52,102,19,62,116,29,47,4,98,10,110,103"/><T56/><D115/><U74/><E113/><V1/><F121/><W53/><G116/><T124/><D117/><U61/><E5/><V23/><F132/><N who="0" m="50762" /><D101/><U96/><E74/><V106/><F1/><W95/><G134/><T25/><D71/><U50/><E76/><V86/><F40/><W16/><G110/><T93/><D111/><U9/><E9/><V11/><F23/><W66/><G29/><T0/><D0/><U2/><E2/><V90/><F11/><W59/><G102/><T3/><D3/><U48/><E105/><V119/><F119/><W83/><G83/><T42/><D64/><U125/><E69/><V18/><REACH who="2" step="1"/><F90/><REACH who="2" ten="320,230,210,230" step="2"/><W39/><G39/><T35/><D42/><U72/><E43/><V30/><F30/><W38/><G38/><T107/><D88/><U58/><E36/><V63/><F63/><W70/><G47/><T13/><D22/><U78/><E21/><V85/><F85/><W28/><G28/><T7/><D56/><U118/><E58/><V24/><F24/><W65/><G65/><T6/><D25/><U37/><E118/><V31/><F31/><W75/><G75/><T87/><D87/><U14/><E72/><V114/><F114/><W44/><G44/><T109/><D109/><U108/><E108/><V12/><F12/><N who="3" m="5191" /><G70/><T26/><D26/><U104/><E68/><V94/><AGARI ba="1,1" hai="8,15,18,54,57,60,86,89,94,97,100,106,126,127" machi="94" ten="30,7900,0" yaku="1,1,0,1,52,1,53,1" doraHai="49" doraHaiUra="91" who="2" fromWho="2" sc="320,-40,230,-21,210,92,230,-21" /><INIT seed="1,0,0,2,0,44" ten="280,209,302,209" oya="1" hai0="125,92,35,49,48,94,24,7,0,70,121,58,19" hai1="43,74,33,99,130,117,131,66,38,1,106,126,32" hai2="9,123,15,114,118,135,28,120,37,103,51,55,80" hai3="36,69,47,30,129,52,76,67,5,20,11,14,91"/><U107/><E117/><V101/><F118/><W112/><G112/><T62/><D125/><U25/><E126/><V90/><F37/><W54/><G129/><N who="1" m="49162" /><E74/><V96/><F114/><W102/><G102/><T79/><D70/><U77/><E77/><V71/><F71/><W132/><G132/><T41/><D41/><U46/><E1/><V31/><F135/><W4/><G76/><T115/><D115/><U72/><E72/><V105/><F103/><W17/><G69/><T134/><D121/><U12/><E66/><V65/><F65/><W86/><G67/><T39/><D39/><U34/><E25/><V81/><F81/><N who="3" m="49615" /><G36/><T97/><D79/><U128/><N who="1" m="49170" /><U108/><DORA hai="98" /><E108/><V6/><F123/><W42/><G42/><T124/><D0/><U87/><E87/><V133/><F133/><W59/><G54/><T3/><D3/><U75/><E75/><V8/><F120/><W104/><G104/><N who="1" m="39978" /><E99/><V68/><F68/><W16/><G30/><T110/><D97/><U93/><E93/><V122/><F122/><W27/><G47/><T82/><D110/><U21/><E34/><V13/><F80/><W50/><AGARI ba="0,0" hai="4,5,11,14,16,17,20,27,50,52,59" m="49615" machi="50" ten="30,7900,0" yaku="8,1,52,1,54,2" doraHai="44,98" who="3" fromWho="3" sc="280,-20,209,-39,302,-20,209,79" /><INIT seed="2,0,0,2,3,48" ten="260,170,282,288" oya="2" hai0="53,60,72,28,129,58,11,123,126,127,45,42,57" hai1="61,1,120,128,63,23,92,47,102,59,40,62,105" hai2="41,27,89,111,13,32,95,6,110,14,43,74,8" hai3="2,122,94,4,91,29,77,83,54,81,133,24,103"/><V34/><F74/><W115/><G122/><T55/><D72/><U36/><E105/><V118/><F43/><W70/><G70/><T73/><D73/><U99/><E1/><V113/><F41/><W131/><G131/><T10/><D28/><U107/><E128/><V71/><F71/><W100/><G133/><T46/><D129/><U86/><E120/><V49/><F118/><W5/><G115/><T104/><D104/><U106/><E86/><V84/><F113/><W18/><G18/><T97/><D97/><U17/><REACH who="1" step="1"/><E59/><REACH who="1" ten="260,160,282,288" step="2"/><V19/><F27/><AGARI ba="0,1" hai="17,23,27,36,40,47,61,62,63,92,99,102,106,107" machi="27" ten="40,5200,0" yaku="1,1,2,1,53,1" doraHai="48" doraHaiUra="96" who="1" fromWho="2" sc="260,0,160,62,282,-52,288,0" /><INIT seed="3,0,0,2,5,4" ten="260,222,230,288" oya="3" hai0="88,38,47,51,75,56,29,102,7,12,78,69,20" hai1="60,94,68,110,81,106,30,104,103,52,76,133,79" hai2="3,24,54,34,18,101,129,36,119,107,14,122,31" hai3="66,48,132,112,116,6,92,90,9,120,15,43,13"/><W108/><G112/><T91/><D69/><U67/><E133/><V17/><F3/><W70/><G116/><T114/><D114/><U126/><E126/><V64/><F36/><W118/><G120/><T82/><D102/><U127/><E127/><V93/><F122/><W65/><G118/><T62/><D38/><U21/><E110/><V16/><F119/><W80/><G132/><T115/><D115/><U5/><E106/><V33/><F107/><W11/><G80/><T0/><D0/><U44/><E104/><V35/><F64/><N who="3" m="24683" /><G70/><T85/><D75/><U124/><E5/><V97/><F129/><W105/><G108/><T98/><D98/><U37/><E124/><V63/><REACH who="2" step="1"/><F14/><REACH who="2" ten="260,222,220,288" step="2"/><N who="3" m="5131" /><G105/><T86/><D12/><U109/><E37/><V19/><N who="2" m="4096" /><DORA hai="58" /><V130/><F130/><W77/><G6/><T42/><D7/><U73/><E109/><V8/><F8/><N who="3" m="3147" /><G77/><T135/><D135/><U89/><E79/><V22/><F22/><W2/><G2/><T61/><D78/><U59/><E21/><V72/><F72/><W23/><G23/><T96/><D20/><U87/><E76/><V27/><F27/><W131/><G131/><T25/><D25/><U121/><E73/><V39/><F39/><W113/><G113/><T1/><D1/><U84/><E121/><V128/><F128/><W99/><G48/><T55/><D51/><U32/><E68/><V74/><F74/><W46/><G46/><T57/><D47/><U53/><E44/><V111/><F111/><W26/><G26/><T71/><D71/><U41/><E32/><V28/><F28/><RYUUKYOKU ba="0,1" sc="260,-15,222,-15,220,15,288,15" hai2="24,31,33,34,35,54,63,93,97,101" hai3="43,90,92,99" /><INIT seed="3,1,1,2,3,7" ten="245,207,235,303" oya="3" hai0="43,32,130,4,76,54,129,119,28,71,42,90,95" hai1="11,108,80,85,63,91,126,59,1,132,133,79,39" hai2="46,19,5,36,99,33,84,24,30,60,112,109,47" hai3="116,37,87,82,41,17,9,75,123,74,40,20,86"/><W18/><G116/><T44/><D119/><U27/><E108/><V77/><F109/><W53/><G123/><T62/><D76/><U8/><E39/><V100/><F112/><W115/><G115/><T58/><D71/><U56/><E126/><V89/><F77/><W83/><G37/><T117/><D117/><U93/><E1/><V127/><F127/><W45/><G20/><T48/><D4/><U31/><E59/><V131/><F131/><N who="0" m="50186" /><D28/><U73/><E133/><V14/><F5/><W10/><G53/><N who="0" m="34127" /><D32/><U106/><E106/><V57/><F36/><W104/><G45/><T81/><D81/><U122/><E132/><V70/><F84/><AGARI ba="1,1" hai="42,43,44,48,54,84,90,95" m="34127,50186" machi="84" ten="30,1000,0" yaku="19,1" doraHai="7" who="0" fromWho="2" sc="245,23,207,0,235,-13,303,0" /><INIT seed="4,0,0,4,0,101" ten="268,207,222,303" oya="0" hai0="73,59,52,39,129,132,126,69,23,85,31,17,5" hai1="70,32,51,58,111,109,3,103,84,125,7,18,127" hai2="4,79,68,119,26,117,75,104,28,30,66,116,46" hai3="76,34,97,10,33,87,40,37,41,120,54,86,25"/><T131/><D73/><U135/><E70/><V74/><F4/><W113/><G113/><T115/><D69/><U8/><E32/><V134/><F134/><W99/><G120/><T11/><D39/><U78/><E135/><V96/><F79/><W42/><G37/><T89/><D132/><U98/><E18/><V123/><F123/><W71/><G71/><T53/><D31/><U124/><E78/><V90/><F46/><W63/><G10/><T1/><D126/><U57/><E84/><V133/><F133/><W50/><G63/><T12/><D115/><U102/><E103/><N who="2" m="62567" /><F90/><W77/><G50/><T105/><D105/><U13/><E3/><V80/><F80/><W56/><G56/><N who="1" m="21610" /><E51/><V27/><F27/><W22/><G41/><T36/><D36/><U72/><E72/><N who="2" m="27691" /><F26/><W92/><G25/><T93/><REACH who="0" step="1"/><D53/><REACH who="0" ten="258,207,222,303" step="2"/><U45/><E45/><V128/><F128/><W94/><G54/><T9/><D9/><U60/><E60/><AGARI ba="0,1" hai="28,30,60,66,68,116,117,119" m="27691,62567" machi="60" ten="40,2600,0" yaku="12,1,52,1" doraHai="101" who="2" fromWho="1" sc="258,0,207,-26,222,36,303,0" /><AGARI ba="0,0" hai="1,5,11,12,17,23,52,59,60,85,89,93,129,131" machi="60" ten="40,7700,0" yaku="1,1,54,1,53,1" doraHai="101" doraHaiUra="19" who="0" fromWho="1" sc="258,77,181,-77,258,0,303,0" /><INIT seed="4,1,0,2,4,26" ten="335,104,258,303" oya="0" hai0="5,35,29,20,76,12,69,116,90,133,0,39,34" hai1="81,117,94,45,84,127,132,74,96,109,49,85,27" hai2="61,83,47,1,21,95,51,105,7,31,33,65,48" hai3="104,50,134,22,46,122,2,106,100,135,3,80,125"/><T126/><D116/><U11/><E117/><V15/><F105/><W115/><G115/><T128/><D69/><U92/><E109/><V44/><F33/><N who="0" m="12298" /><D90/><U103/><E132/><N who="3" m="50730" /><G122/><T19/><D76/><U37/><E37/><V70/><F1/><N who="3" m="11" /><G100/><T91/><D91/><U23/><E127/><V6/><F95/><W107/><G125/><T98/><D98/><U9/><E74/><V77/><F15/><W10/><G10/><N who="0" m="2343" /><D39/><U87/><E92/><V36/><F36/><W119/><G119/><T72/><D72/><U18/><REACH who="1" step="1"/><E81/><REACH who="1" ten="335,94,258,303" step="2"/><V64/><F83/><W56/><G80/><T75/><D75/><U97/><E97/><V16/><F77/><W25/><G104/><T13/><D133/><U113/><E113/><V89/><F70/><W123/><G106/><T86/><D86/><U102/><E102/><V14/><F89/><W38/><G107/><T78/><D78/><U28/><E28/><V63/><F31/><W59/><G38/><T129/><D126/><U52/><AGARI ba="1,1" hai="9,11,18,23,27,45,49,52,84,85,87,94,96,103" machi="52" ten="30,7900,0" yaku="1,1,0,1,8,1,54,1,53,0" doraHai="26" doraHaiUra="112" who="1" fromWho="1" sc="335,-40,94,92,258,-21,303,-21" /><INIT seed="5,0,0,0,1,62" ten="295,186,237,282" oya="1" hai0="59,102,3,58,37,123,110,63,19,0,75,100,27" hai1="91,22,31,60,17,49,87,70,7,42,28,39,131" hai2="69,84,55,13,9,101,23,61,1,2,126,68,48" hai3="5,65,54,98,44,51,25,64,109,15,14,103,47"/><U117/><E117/><V20/><F126/><W45/><G109/><T127/><D110/><U86/><E39/><V56/><F69/><W94/><G25/><T132/><D75/><U72/><E72/><V26/><F23/><W130/><G130/><T21/><D132/><U93/><E131/><V104/><F84/><W33/><G33/><T82/><D123/><U113/><E113/><V119/><F119/><W32/><G32/><T77/><D37/><U71/><E7/><V29/><F68/><W78/><G78/><T38/><D38/><U88/><E71/><V36/><F36/><W89/><G89/><T43/><D43/><U18/><E60/><V120/><F120/><W96/><G96/><T129/><D127/><U79/><E79/><V11/><F11/><N who="3" m="4463" /><G15/><T112/><D112/><U97/><E70/><V134/><F134/><W35/><G35/><T66/><D0/><U30/><E22/><V115/><F115/><W10/><G10/><T133/><D3/><U12/><E12/><V108/><F108/><W105/><G105/><T85/><D133/><U107/><E107/><V53/><F101/><W135/><G135/><T125/><D129/><U50/><E97/><V52/><F104/><W76/><G76/><T83/><D125/><U111/><E111/><V99/><F99/><W90/><G103/><T6/><D6/><U122/><E122/><V24/><F24/><W4/><G4/><T116/><D116/><U80/><E42/><V121/><F121/><W128/><G128/><T73/><D102/><U67/><E67/><AGARI ba="0,0" hai="44,45,47,51,54,64,65,67,90,94,98" m="4463" machi="67" ten="30,7700,0" yaku="8,1,52,3" doraHai="62" who="3" fromWho="1" sc="295,0,186,-77,237,0,282,77" /><INIT seed="6,0,0,2,1,46" ten="295,109,237,359" oya="2" hai0="41,119,93,125,25,103,84,129,134,45,110,100,59" hai1="87,88,89,10,120,111,51,61,36,3,132,4,40" hai2="57,24,70,76,49,12,94,99,7,52,17,11,53" hai3="128,83,38,98,117,115,39,91,2,22,116,66,26"/><V82/><F70/><W13/><G2/><T121/><D110/><U131/><E111/><V77/><F82/><W107/><G128/><T79/><D121/><U29/><E131/><V73/><F73/><W27/><G66/><T126/><D129/><U68/><E132/><V74/><F74/><W31/><G115/><T65/><D134/><U8/><E120/><V35/><F53/><W62/><G62/><N who="0" m="38111" /><D119/><U42/><E29/><V108/><F108/><W54/><G54/><T14/><D25/><U72/><E72/><V20/><F35/><W6/><G107/><T135/><D14/><U48/><E36/><V37/><REACH who="2" step="1"/><F37/><REACH who="2" ten="295,109,227,359" step="2"/><W30/><G83/><T109/><D109/><U18/><E68/><V19/><F19/><W75/><G75/><T67/><D67/><U96/><E18/><V28/><F28/><W81/><G81/><T0/><D135/><U95/><E61/><V58/><F58/><W32/><G38/><T56/><D56/><U97/><E4/><V133/><F133/><W130/><G39/><T106/><D79/><U114/><E114/><V127/><F127/><W43/><G130/><T23/><D126/><U112/><E112/><V5/><F5/><W33/><G6/><T34/><D34/><U1/><E95/><V47/><F47/><W85/><G32/><T63/><D45/><U44/><E44/><V86/><F86/><AGARI ba="0,1" hai="1,3,8,10,40,42,48,51,86,87,88,89,96,97" machi="86" ten="25,8000,1" yaku="22,2,52,2,54,1" doraHai="46" who="1" fromWho="2" sc="295,0,109,90,227,-80,359,0" /><INIT seed="7,0,0,4,0,123" ten="295,199,147,359" oya="3" hai0="32,29,106,36,92,124,134,109,4,95,62,83,113" hai1="88,77,122,117,24,42,84,112,11,33,3,125,74" hai2="86,20,26,107,96,44,56,67,28,75,43,89,46" hai3="70,9,78,73,79,22,45,17,31,58,7,129,127"/><W80/><G70/><T30/><D106/><U15/><E122/><V82/><F75/><W34/><G129/><T48/><D36/><U16/><E112/><V2/><F2/><W85/><G34/><T93/><D32/><U115/><E115/><V132/><F132/><W51/><G31/><N who="0" m="11787" /><D113/><U8/><E24/><V94/><F107/><W68/><G68/><T133/><D48/><U41/><E125/><V104/><F104/><W50/><G127/><T91/><D124/><U90/><E90/><V18/><F43/><N who="3" m="24895" /><G73/><T66/><D4/><U105/><E105/><V69/><F69/><W35/><G35/><T47/><D47/><U98/><E33/><V12/><F56/><W10/><G7/><T76/><D62/><U64/><E117/><V114/><F67/><W19/><G78/><T99/><D66/><U121/><E64/><V61/><F61/><W57/><G51/><T116/><D99/><U60/><E98/><V14/><F114/><W23/><G57/><T72/><D91/><U40/><E60/><V25/><F25/><N who="3" m="14543" /><G58/><T110/><D116/><U55/><E121/><V49/><F49/><W111/><G111/><T13/><D13/><AGARI ba="0,0" hai="9,10,13,19,23,79,80,85" m="14543,24895" machi="13" ten="30,1500,0" yaku="8,1" doraHai="123" who="3" fromWho="0" sc="295,-15,199,0,147,0,359,15" owari="280,8.0,199,-20.0,147,-35.0,374,47.0" /></mjloggm>