<mjloggm ver="2.3"><GO type="169" lobby="0"/><UN n0="%E7%8F%BE%E5%A4%A7%E7%9C%9F%E9%BE%8D%E5%B0%86" n1="%E3%83%8F%E3%82%B9%E5%A4%AA" n2="%6B%75%72%69%6D%75" n3="%E8%8C%B6%E8%89%B2%E3%81%AE%E3%82%A2%E3%83%AC" dan="16,16,18,17" rate="2049.65,2134.13,2274.65,2190.14" sx="M,M,M,M"/><TAIKYOKU oya="0"/><INIT seed="0,0,0,1,0,35" ten="250,250,250,250" oya="0" hai0="0,96,113,10,74,37,106,63,61,125,124,71,36" hai1="15,75,47,54,119,67,30,39,85,13,122,9,87" hai2="84,21,66,130,120,76,97,5,109,128,4,32,65" hai3="33,132,50,77,108,3,52,68,91,60,12,53,44"/><T94/><D106/><U24/><E119/><V55/><F32/><W62/><G33/><T112/><D74/><U79/><E122/><V126/><F120/><W73/><G108/><T1/><D94/><U34/><E67/><V6/><F109/><W56/><G132/><T123/><D10/><U135/><E135/><V116/><F126/><W121/><G121/><T17/><D17/><U101/><E101/><V95/><F116/><W86/><G77/><T20/><D123/><U90/><E75/><V127/><F127/><W80/><G73/><T92/><D92/><U57/><E79/><V19/><F55/><W16/><G3/><T134/><D20/><U26/><E26/><V114/><F114/><W69/><REACH who="3" step="1"/><G62/><REACH who="3" ten="250,250,250,240" step="2"/><T117/><D134/><U27/><E34/><V105/><F76/><W42/><G42/><T107/><D117/><U43/><E43/><V59/><F128/><W131/><G131/><T88/><D125/><U46/><E85/><V99/><F84/><W14/><G14/><T22/><D124/><U45/><E15/><V18/><F99/><W102/><G102/><T129/><D129/><U28/><E13/><V7/><F97/><W49/><G49/><T2/><D113/><U83/><E39/><V72/><F72/><W40/><G40/><T23/><D112/><U51/><E24/><V115/><F115/><W41/><G41/><T93/><D61/><U98/><E98/><V48/><F48/><W81/><G81/><T104/><D104/><U118/><E118/><V111/><F130/><W31/><G31/><N who="1" m="11818" /><E27/><V133/><N who="2" m="1024" /><DORA hai="78" /><V11/><F133/><RYUUKYOKU ba="0,1" sc="250,-15,250,15,250,-15,240,15" hai1="9,45,46,47,51,54,57,83,87,90" hai3="12,16,44,50,52,53,56,60,68,69,80,86,91" /><INIT seed="1,1,1,3,4,130" ten="235,265,235,255" oya="1" hai0="101,16,127,37,7,79,24,53,132,32,108,30,73" hai1="123,116,126,61,21,122,18,13,46,63,83,92,91" hai2="49,72,66,121,60,36,76,19,67,44,50,54,75" hai3="58,48,80,104,89,134,1,105,70,113,51,93,34"/><U112/><E112/><V111/><F121/><W56/><G70/><T31/><D37/><U43/><E116/><V20/><F111/><W27/><G1/><T135/><D31/><U125/><E83/><V100/><F100/><W38/><G38/><T77/><D108/><U15/><E15/><V22/><F36/><W99/><G113/><T2/><D127/><N who="1" m="48651" /><E43/><V3/><F3/><W57/><G80/><T110/><D110/><U41/><E41/><V23/><F19/><W71/><G71/><T5/><D101/><U131/><E46/><V68/><F67/><W35/><G27/><T33/><D33/><U118/><E118/><V128/><F128/><W81/><G81/><N who="0" m="45231" /><D2/><U119/><E119/><V47/><REACH who="2" step="1"/><F76/><REACH who="2" ten="235,265,225,255" step="2"/><W85/><G104/><T62/><D79/><U42/><E131/><V88/><F88/><W69/><G105/><T28/><D16/><U78/><E78/><V59/><F59/><W90/><G57/><N who="0" m="35119" /><D30/><U45/><E123/><V4/><F4/><W97/><G69/><T0/><D0/><U117/><E122/><V124/><F124/><W14/><G58/><T115/><D115/><U107/><E117/><V26/><F26/><W87/><G56/><T25/><D24/><U29/><E29/><V114/><F114/><W64/><G64/><T84/><D84/><N who="1" m="52327" /><E107/><V52/><AGARI ba="1,2" hai="20,22,23,44,47,49,50,52,54,60,66,68,72,75" machi="52" ten="30,7900,0" yaku="1,1,0,1,9,1,54,1,53,0" doraHai="130" doraHaiUra="109" who="2" fromWho="2" sc="235,-21,265,-40,225,102,255,-21" /><INIT seed="2,0,0,5,3,91" ten="214,225,327,234" oya="2" hai0="53,41,36,35,117,110,52,81,5,37,8,50,74" hai1="130,49,61,94,113,55,92,43,38,48,29,15,18" hai2="133,14,121,33,30,11,16,20,65,63,105,124,56" hai3="6,31,123,95,86,77,73,87,66,88,129,45,82"/><V84/><F105/><W134/><G123/><T4/><D35/><U112/><E38/><V10/><F124/><W109/><G109/><T28/><D28/><U99/><E130/><V76/><F133/><W9/><G129/><T1/><D110/><U32/><E32/><V44/><F121/><W93/><G134/><T89/><D41/><U19/><E29/><V39/><F33/><W59/><G31/><T102/><D102/><U111/><E111/><V96/><F30/><W79/><G45/><T126/><D126/><U34/><E34/><V104/><F44/><W78/><G73/><T2/><D117/><U127/><E127/><V67/><F67/><W83/><G59/><T80/><D89/><U3/><E3/><V64/><F64/><W108/><G66/><T0/><D50/><U25/><E25/><V122/><F39/><N who="0" m="14922" /><D8/><U22/><E61/><V27/><F27/><W128/><G128/><T132/><D74/><U85/><E85/><V135/><F135/><W21/><G21/><T40/><D40/><U100/><E43/><V118/><F118/><W62/><G62/><T24/><D24/><U57/><E49/><V60/><F60/><W7/><G108/><T12/><D132/><U97/><REACH who="1" step="1"/><E19/><REACH who="1" ten="214,215,327,234" step="2"/><V51/><F51/><W71/><G7/><N who="0" m="2635" /><D12/><U58/><E58/><V115/><F122/><W23/><G71/><T26/><D26/><U46/><E46/><V68/><F68/><W131/><G131/><T75/><D75/><U98/><E98/><V107/><F96/><W69/><G69/><T120/><D120/><U103/><AGARI ba="0,1" hai="15,18,22,48,55,57,92,94,97,99,100,103,112,113" machi="103" ten="20,12000,2" yaku="1,1,0,1,7,1,9,1,52,2,53,1" doraHai="91" doraHaiUra="47" who="1" fromWho="1" sc="214,-30,215,130,327,-60,234,-30" /><INIT seed="3,0,0,3,4,23" ten="184,345,267,204" oya="3" hai0="28,4,110,108,47,5,100,121,91,33,59,52,48" hai1="125,24,22,74,25,118,35,119,133,29,41,8,90" hai2="44,75,101,18,78,112,9,38,89,68,83,105,134" hai3="20,19,60,96,92,26,76,6,132,135,93,87,114"/><W0/><G114/><T51/><D121/><U79/><E41/><V116/><F116/><N who="1" m="44585" /><E90/><V113/><F68/><W65/><G6/><T37/><D37/><U12/><E133/><N who="3" m="51274" /><G0/><T69/><D69/><U61/><E125/><V30/><F134/><W124/><G124/><T14/><D100/><U66/><E79/><V98/><F18/><W94/><G87/><T43/><D91/><U104/><E104/><V32/><F9/><W57/><G76/><T97/><D97/><AGARI ba="0,0" hai="19,20,26,57,60,65,92,93,94,96,97" m="51274" machi="97" ten="30,2900,0" yaku="20,1,52,1" doraHai="23" who="3" fromWho="0" sc="184,-29,345,0,267,0,204,29" /><INIT seed="3,1,0,2,1,60" ten="155,345,267,233" oya="3" hai0="62,18,13,118,49,55,85,74,86,76,90,126,31" hai1="120,122,72,27,70,48,44,89,26,96,112,14,47" hai2="117,94,51,127,129,46,64,123,131,133,30,110,45" hai3="22,108,114,16,81,25,57,7,91,107,106,54,87"/><W69/><G114/><T61/><D74/><U2/><E2/><V121/><F30/><W105/><G108/><T28/><D118/><U40/><E112/><V10/><F10/><W36/><G36/><T0/><D0/><U88/><E72/><V100/><F94/><W109/><G109/><T34/><D126/><U92/><E70/><V41/><F100/><W125/><G125/><T93/><D34/><U130/><E130/><N who="2" m="49675" /><F110/><W43/><G43/><T11/><D31/><U8/><E89/><V59/><F127/><W132/><G132/><T79/><D28/><U82/><E82/><V23/><F23/><W35/><G35/><T103/><D103/><U33/><E33/><V97/><F97/><W21/><G69/><T124/><D124/><U68/><E68/><V75/><F75/><W19/><G7/><T63/><REACH who="0" step="1"/><D85/><REACH who="0" ten="145,345,267,233" step="2"/><U37/><E120/><N who="2" m="46155" /><F117/><W50/><REACH who="3" step="1"/><G105/><REACH who="3" ten="145,345,267,223" step="2"/><T83/><D83/><U113/><E122/><V71/><F133/><W135/><G135/><T12/><D12/><AGARI ba="1,2" hai="12,16,19,21,22,25,50,54,57,81,87,91,106,107" machi="12" ten="30,11600,0" yaku="1,1,7,1,54,1,53,1" doraHai="60" doraHaiUra="78" who="3" fromWho="0" sc="145,-119,345,0,267,0,223,139" /><INIT seed="3,2,0,0,3,28" ten="26,345,267,362" oya="3" hai0="43,135,92,14,100,75,60,25,91,69,33,23,63" hai1="3,10,96,57,62,128,31,34,71,83,8,0,66" hai2="97,87,88,56,90,45,126,68,21,4,78,130,27" hai3="59,109,120,61,39,123,121,65,117,15,80,46,2"/><W24/><G2/><T111/><D75/><U81/><E128/><V77/><F68/><W53/><G117/><T11/><D33/><U124/><E124/><V44/><F126/><W101/><G101/><T110/><D100/><U18/><E57/><V116/><F130/><W102/><G102/><T114/><D43/><U74/><E96/><V72/><F72/><W50/><G109/><N who="0" m="41483" /><D69/><U55/><E55/><V93/><F4/><W89/><G24/><T113/><D135/><U26/><E83/><N who="2" m="49279" /><F56/><W9/><G39/><T134/><D134/><U42/><E42/><V132/><F132/><W29/><G29/><N who="0" m="17599" /><D60/><U17/><E10/><V108/><F116/><W41/><G41/><T86/><D63/><U13/><REACH who="1" step="1"/><E17/><AGARI ba="2,0" hai="11,14,17,86,91,92,113,114" m="17599,41483" machi="17" ten="30,1000,0" yaku="14,1" doraHai="28" who="0" fromWho="1" sc="26,16,345,-16,267,0,362,0" /><INIT seed="4,0,0,0,1,31" ten="42,329,267,362" oya="0" hai0="20,21,103,25,26,38,115,128,13,77,97,54,91" hai1="87,129,39,118,61,17,47,73,93,37,43,55,131" hai2="72,57,30,89,35,40,112,109,27,105,83,0,2" hai3="53,22,46,63,76,121,85,42,101,64,45,8,5"/><T125/><D38/><U94/><E118/><V33/><F109/><W104/><G121/><T18/><D77/><U12/><E73/><V65/><F105/><W108/><G108/><T11/><D91/><N who="1" m="53503" /><E94/><V19/><F40/><W130/><G130/><N who="1" m="49674" /><E55/><V4/><F112/><W1/><G53/><T62/><D128/><U132/><E61/><V59/><F35/><W123/><G123/><T69/><D115/><U122/><E132/><V48/><F19/><W3/><G3/><T98/><D125/><U107/><E107/><V81/><F4/><W74/><G74/><T117/><D117/><U110/><E110/><V50/><F48/><W28/><G85/><T120/><D120/><U111/><E111/><V44/><F2/><W102/><G76/><T14/><D14/><U60/><E122/><V56/><F65/><W99/><G42/><T58/><D69/><U9/><E60/><V80/><F0/><W51/><G51/><AGARI ba="0,0" hai="9,12,17,37,39,43,47,51" m="49674,53503" machi="51" ten="30,1000,0" yaku="19,1" doraHai="31" who="1" fromWho="3" sc="42,0,329,10,267,0,362,-10" /><INIT seed="5,0,0,3,5,16" ten="42,339,267,352" oya="1" hai0="24,100,98,5,76,65,78,132,46,72,20,95,112" hai1="106,52,19,22,81,134,109,117,36,118,41,93,64" hai2="121,23,87,101,69,58,110,130,45,47,63,89,77" hai3="97,84,53,66,120,43,2,56,108,40,123,32,6"/><U135/><E106/><V49/><F130/><W91/><G108/><T10/><D112/><U122/><E109/><V3/><F121/><W39/><G32/><T128/><D128/><U111/><E111/><V1/><F69/><W94/><G66/><T86/><D72/><U73/><E122/><V61/><F77/><W103/><G2/><T62/><D46/><N who="1" m="23847" /><E64/><V27/><F101/><W12/><G43/><T8/><D132/><N who="1" m="50731" /><E93/><V104/><F104/><W119/><G119/><T71/><D86/><U79/><E52/><V114/><F114/><W88/><G91/><T80/><D80/><U11/><E11/><V124/><F124/><W105/><G40/><T85/><D85/><U17/><E17/><V28/><F110/><W131/><G39/><T55/><D55/><U34/><E34/><V51/><F3/><W37/><G37/><T29/><REACH who="0" step="1"/><D10/><REACH who="0" ten="32,339,267,352" step="2"/><U96/><E96/><V127/><F47/><W60/><G131/><T115/><D115/><U67/><E67/><V33/><F45/><W92/><G120/><T50/><D50/><U75/><E73/><V25/><F51/><W83/><G105/><T133/><D133/><U44/><E44/><V54/><F127/><W99/><G123/><T9/><D9/><U125/><E125/><V13/><F1/><AGARI ba="0,1" hai="1,5,8,20,24,29,62,65,71,76,78,95,98,100" machi="1" ten="30,3900,0" yaku="1,1,7,1,52,1,53,0" doraHai="16" doraHaiUra="48" who="0" fromWho="2" sc="32,49,339,0,267,-39,352,0" /><INIT seed="6,0,0,1,4,62" ten="81,339,228,352" oya="2" hai0="93,7,28,125,65,17,80,58,34,6,18,21,74" hai1="132,133,57,121,29,105,24,75,51,87,131,117,90" hai2="128,115,1,102,89,71,30,113,50,85,94,41,8" hai3="106,10,111,13,33,40,45,83,27,123,12,114,108"/><V42/><F71/><W81/><G123/><T130/><D125/><U31/><E121/><V32/><F30/><W11/><G106/><T15/><D130/><U120/><E120/><V135/><F32/><W98/><G114/><N who="2" m="43529" /><F128/><W84/><G98/><T39/><D39/><U101/><E131/><V3/><F135/><N who="1" m="51785" /><E117/><V38/><F38/><W46/><G27/><T95/><D34/><U126/><E126/><V43/><F102/><W103/><G33/><T69/><D28/><U82/><E24/><V124/><F124/><W78/><G103/><T79/><D69/><U53/><E75/><V48/><F8/><W73/><G73/><T5/><REACH who="0" step="1"/><D18/><REACH who="0" ten="71,339,228,352" step="2"/><U92/><E105/><V127/><F127/><W55/><G108/><T72/><D72/><U14/><E29/><V22/><F22/><W2/><G111/><T47/><D47/><U16/><E31/><V88/><F89/><W86/><G11/><T116/><D116/><U134/><E134/><V61/><F61/><AGARI ba="0,1" hai="5,6,7,15,17,21,58,61,65,74,79,80,93,95" machi="61" ten="40,2600,0" yaku="1,1,52,1,53,0" doraHai="62" doraHaiUra="4" who="0" fromWho="2" sc="71,36,339,0,228,-26,352,0" /><INIT seed="7,0,0,5,4,60" ten="107,339,202,352" oya="3" hai0="16,66,5,52,20,0,23,73,25,123,37,32,56" hai1="22,86,129,40,133,9,115,28,90,117,126,122,72" hai2="10,76,125,110,33,114,103,59,87,55,128,70,36" hai3="124,112,39,18,65,91,130,42,50,34,97,113,7"/><W62/><G34/><T69/><D32/><U111/><E122/><V44/><F33/><W63/><G124/><T135/><D37/><U21/><E111/><V79/><F110/><W81/><G130/><T35/><D35/><U94/><E126/><V92/><F70/><W107/><G7/><T6/><D123/><U31/><E115/><N who="3" m="44106" /><G39/><T27/><D73/><U132/><E129/><V45/><F36/><W108/><G108/><T38/><D38/><U15/><E40/><V30/><F30/><N who="1" m="11305" /><E72/><V71/><F71/><N who="3" m="42423" /><G63/><N who="0" m="38247" /><D69/><U13/><E117/><V84/><F114/><W82/><G18/><N who="0" m="12439" /><D0/><U131/><E131/><V26/><F128/><W49/><G91/><T68/><D68/><U29/><N who="1" m="11313" /><U102/><DORA hai="57" /><E102/><V101/><F103/><N who="3" m="62959" /><G42/><T105/><D105/><U85/><E85/><V83/><F87/><W4/><G4/><T77/><D77/><U78/><E78/><V19/><F76/><W47/><G47/><T46/><D135/><N who="1" m="51787" /><E15/><V118/><F125/><W109/><G109/><T99/><D99/><U127/><E127/><V53/><F79/><W134/><G134/><T75/><D75/><U121/><E121/><V41/><F118/><W1/><G1/><T93/><D93/><U8/><E8/><V54/><F92/><W43/><G43/><T106/><D106/><U17/><AGARI ba="0,0" hai="9,13,17,21,22,86,90,94" m="51787,11313" machi="17" ten="40,1500,0" yaku="20,1" doraHai="60,57" who="1" fromWho="1" sc="107,-4,339,15,202,-4,352,-7" owari="103,-40.0,354,45.0,198,-20.0,345,15.0" /></mjloggm>