<mjloggm ver="2.3"><GO type="169" lobby="0"/><UN n0="%E8%87%AA%E6%83%9A%E3%82%8C%E3%83%AA%E3%83%BC%E3%83%81" n1="%E3%83%94%E3%83%A8%E3%81%A3%E3%81%99" n2="%E7%83%8F%E8%B3%8A%E4%B9%8B%E8%BC%94" n3="%E3%81%8D%E3%81%BE%E3%81%99" dan="16,17,17,17" rate="2063.35,2159.66,2223.39,2206.87" sx="M,M,M,M"/><TAIKYOKU oya="0"/><INIT seed="0,0,0,1,3,14" ten="250,250,250,250" oya="0" hai0="19,27,63,53,129,127,76,114,62,77,118,84,67" hai1="3,125,4,20,11,56,92,121,18,74,100,69,8" hai2="41,91,108,98,66,33,30,109,130,9,2,57,82" hai3="104,0,135,81,61,15,124,24,96,40,31,42,123"/><T68/><D118/><U126/><E69/><V45/><F33/><W111/><G0/><T32/><D114/><U64/><E74/><V99/><F30/><W29/><G111/><N who="2" m="42569" /><F130/><W38/><G124/><N who="1" m="47722" /><E4/><N who="2" m="1175" /><F82/><W5/><G123/><T65/><D129/><U13/><E3/><V75/><F91/><W26/><G81/><T37/><D37/><U120/><E120/><V101/><F75/><W73/><G73/><T39/><D39/><U12/><E121/><V44/><F44/><W71/><G38/><T110/><D110/><U47/><E47/><V48/><F101/><W79/><G79/><T21/><D127/><U28/><E28/><V6/><F6/><W116/><G5/><T25/><D84/><U34/><E34/><V88/><F88/><W22/><G116/><T117/><D117/><U10/><E100/><V128/><F128/><W132/><G31/><T78/><D32/><U94/><E12/><V87/><F87/><W70/><G15/><T58/><REACH who="0" step="1"/><D27/><REACH who="0" ten="240,250,250,250" step="2"/><U50/><E50/><V80/><F48/><W107/><G26/><T95/><D95/><U59/><E94/><V54/><F80/><W103/><G107/><T60/><D60/><N who="1" m="37895" /><E92/><V106/><F106/><W97/><G61/><T51/><D51/><U113/><E113/><V85/><F85/><W7/><G104/><T105/><D105/><U43/><E43/><V115/><F115/><W35/><G42/><T83/><D83/><U52/><E11/><V46/><F41/><W1/><G40/><T89/><D89/><U122/><E122/><V23/><F99/><N who="3" m="37963" /><G35/><T93/><D93/><U134/><E10/><RYUUKYOKU ba="0,1" sc="240,30,250,-10,250,-10,250,-10" hai0="19,21,25,53,58,62,63,65,67,68,76,77,78" /><INIT seed="0,1,1,0,3,117" ten="270,240,240,240" oya="0" hai0="125,24,76,65,122,37,62,114,118,36,129,73,104" hai1="135,53,110,0,23,14,133,48,85,64,124,52,90" hai2="4,34,3,80,78,32,116,70,12,35,51,59,31" hai3="43,58,60,54,15,130,26,6,1,20,38,49,10"/><T100/><D118/><U71/><E0/><V91/><F116/><W98/><G130/><T75/><D129/><U66/><E110/><V132/><F70/><W55/><G38/><T88/><D114/><U19/><E124/><V126/><F3/><W127/><G43/><T72/><D76/><U28/><E28/><V21/><F126/><W86/><G127/><T115/><D115/><U11/><E11/><V50/><F132/><N who="1" m="50761" /><E71/><V61/><F91/><W99/><G86/><T22/><D125/><U46/><E53/><V84/><F31/><W119/><G1/><T93/><D104/><U83/><AGARI ba="1,1" hai="14,19,23,46,48,52,64,66,83,85,90" m="50761" machi="83" ten="30,2000,0" yaku="20,1,54,1" doraHai="117" who="1" fromWho="1" sc="270,-11,240,33,240,-6,240,-6" /><INIT seed="1,0,0,1,2,12" ten="259,273,234,234" oya="1" hai0="10,84,119,36,59,28,118,104,114,85,109,90,107" hai1="108,63,35,122,83,21,97,18,15,13,11,41,4" hai2="7,100,80,52,129,124,0,65,89,123,31,51,20" hai3="81,46,102,87,62,99,1,127,3,64,2,38,33"/><U103/><E122/><V120/><F124/><W95/><G33/><T22/><D36/><U126/><E126/><V78/><F129/><W56/><G127/><T115/><D10/><U86/><E108/><V66/><F100/><W105/><G38/><T125/><D59/><U67/><E35/><V45/><F89/><W73/><G46/><T106/><D28/><U128/><E41/><V70/><F0/><W111/><G111/><T58/><D58/><U24/><E128/><V14/><F70/><W91/><REACH who="3" step="1"/><G2/><REACH who="3" ten="259,273,234,224" step="2"/><T69/><D109/><U39/><E39/><V133/><F120/><W25/><G25/><T92/><D125/><U55/><E24/><V117/><F123/><W5/><G5/><T96/><D69/><U130/><E130/><V116/><F7/><W16/><G16/><T43/><D43/><U68/><E4/><V82/><F31/><W27/><G27/><T94/><D22/><U76/><E15/><V42/><F14/><W79/><AGARI ba="0,1" hai="1,3,56,62,64,73,79,81,87,91,95,99,102,105" machi="79" ten="30,7900,0" yaku="1,1,0,1,24,2,53,0" doraHai="12" doraHaiUra="37" who="3" fromWho="3" sc="259,-20,273,-39,234,-20,224,89" /><INIT seed="2,0,0,1,2,24" ten="239,234,214,313" oya="2" hai0="8,102,72,47,69,84,113,44,88,135,54,18,130" hai1="64,116,42,4,77,25,53,65,85,82,34,61,105" hai2="52,86,74,22,134,128,60,95,7,93,43,50,76" hai3="55,111,39,32,115,9,106,87,35,114,2,129,83"/><V122/><F122/><W40/><G106/><T27/><D130/><U30/><E116/><V5/><F74/><W101/><G111/><T117/><D135/><U112/><E112/><N who="3" m="43050" /><G101/><T79/><D69/><U29/><E105/><V45/><F128/><W132/><G55/><T75/><D102/><U23/><E42/><V121/><F121/><W70/><G70/><T68/><D68/><U0/><E0/><V62/><F134/><W28/><G132/><T12/><D79/><U15/><E4/><N who="2" m="1611" /><F22/><W97/><G9/><T92/><D117/><U100/><E100/><V73/><F73/><W19/><G19/><N who="0" m="8583" /><D75/><U57/><REACH who="1" step="1"/><E15/><REACH who="1" ten="239,224,214,313" step="2"/><V21/><F43/><W13/><G40/><T71/><D113/><U63/><E63/><V91/><F62/><W124/><G13/><T46/><D72/><U127/><E127/><V109/><F60/><W58/><G124/><T1/><D1/><U107/><E107/><V131/><F131/><W56/><G2/><T110/><D110/><U123/><E123/><V94/><F109/><W14/><G129/><T16/><D71/><U98/><E98/><V36/><F36/><W38/><G97/><T48/><D18/><U49/><E49/><V99/><F99/><W20/><G39/><T3/><D3/><U90/><E90/><V11/><F91/><N who="3" m="51711" /><G38/><T41/><D41/><U89/><E89/><V96/><F96/><W120/><G120/><T66/><D66/><U80/><E80/><N who="2" m="47367" /><F11/><W33/><G14/><T6/><D6/><U103/><E103/><V81/><F81/><W51/><G51/><T26/><D16/><U108/><E108/><RYUUKYOKU ba="0,1" sc="239,0,224,0,214,0,313,0" hai0="26,27,44,46,47,48,54,84,88,92" hai1="23,25,29,30,34,53,57,61,64,65,77,82,85" hai2="21,45,50,52,93,94,95" hai3="20,28,32,33,35,56,58" /><INIT seed="2,1,1,1,3,32" ten="239,224,214,313" oya="2" hai0="80,55,96,82,77,66,12,1,87,26,3,95,122" hai1="88,112,100,89,129,7,109,21,47,24,50,43,10" hai2="86,60,105,133,83,27,128,68,41,56,65,92,17" hai3="33,130,126,61,25,37,48,71,113,114,132,22,13"/><V64/><F105/><W53/><G37/><T45/><D122/><U84/><E112/><N who="3" m="43114" /><G132/><T52/><D66/><U19/><E109/><V46/><F133/><W67/><G130/><T35/><D12/><U30/><E129/><V106/><F106/><W11/><G33/><T120/><D120/><U16/><E100/><V28/><F128/><W110/><G126/><T69/><D69/><U117/><E117/><V38/><F92/><W36/><G36/><T18/><D82/><U94/><E89/><V14/><F68/><W15/><G110/><T78/><D77/><U79/><E79/><V6/><F6/><W31/><G11/><T5/><D5/><U116/><E116/><V75/><F75/><W111/><G111/><T121/><D121/><U34/><E34/><V91/><F27/><W135/><G135/><T107/><D107/><U81/><E81/><V57/><F28/><W101/><G101/><T29/><D18/><U85/><E85/><V127/><F127/><W2/><G2/><AGARI ba="1,1" hai="2,7,10,16,19,21,24,30,43,47,50,84,88,94" machi="2" ten="30,7700,0" yaku="7,1,52,1,54,2" doraHai="32" who="1" fromWho="3" sc="239,0,224,90,214,0,313,-80" /><INIT seed="3,0,0,2,3,40" ten="239,314,214,233" oya="3" hai0="46,54,25,23,84,109,118,65,7,80,53,17,116" hai1="83,14,43,6,88,134,0,71,98,76,111,87,62" hai2="10,103,127,77,85,130,99,31,34,131,121,33,70" hai3="119,94,15,75,8,123,48,52,128,27,126,74,49"/><W115/><G123/><T110/><D65/><U36/><E0/><V105/><F70/><W90/><G128/><N who="2" m="49193" /><F121/><W32/><G126/><T69/><D69/><U91/><E111/><N who="0" m="42505" /><D7/><U108/><E108/><V97/><F97/><W56/><G49/><N who="0" m="28855" /><D54/><U68/><E6/><V3/><F31/><W29/><G115/><T61/><D61/><U67/><E71/><V16/><F3/><W55/><G55/><T120/><D120/><U41/><E67/><V107/><F107/><W44/><G56/><T24/><D24/><U93/><E68/><V86/><F77/><AGARI ba="0,0" hai="17,23,25,77,80,84,116,118" m="28855,42505" machi="77" ten="30,2000,0" yaku="14,1,52,1" doraHai="40" who="0" fromWho="2" sc="239,20,314,0,214,-20,233,0" /><INIT seed="4,0,0,0,3,45" ten="259,314,194,233" oya="0" hai0="74,21,26,72,7,75,90,2,115,23,44,91,9" hai1="41,101,54,3,13,77,58,31,19,96,124,66,57" hai2="79,11,129,104,89,15,133,50,67,56,30,34,38" hai3="85,102,6,47,99,17,131,81,95,53,42,25,36"/><T73/><N who="0" m="18432" /><DORA hai="123" /><T4/><D115/><U33/><E3/><V27/><F38/><W97/><G6/><T61/><D7/><U119/><E41/><V76/><F104/><W84/><G131/><T16/><D44/><U107/><E77/><V59/><F129/><W51/><G99/><T125/><D125/><U109/><E119/><V22/><F34/><W122/><G122/><T82/><D82/><U39/><E39/><V32/><F32/><W110/><G110/><T60/><D61/><U8/><E109/><V52/><F133/><W64/><G64/><T106/><D106/><U48/><E66/><V118/><F89/><W0/><G0/><T18/><REACH who="0" step="1"/><D60/><REACH who="0" ten="249,314,194,233" step="2"/><U120/><E124/><V1/><F118/><W87/><G81/><T20/><D20/><U88/><E107/><V94/><F1/><W12/><G36/><T80/><D80/><U35/><E35/><V98/><F59/><W69/><G69/><T116/><D116/><U132/><E58/><V112/><F112/><W62/><G62/><T68/><D68/><U29/><E33/><V100/><F67/><W108/><G108/><T37/><D37/><U70/><E70/><V24/><F24/><AGARI ba="0,1" hai="2,4,9,16,18,21,23,24,26,90,91" m="18432" machi="24" ten="70,12000,1" yaku="1,1,9,1,54,1,53,0" doraHai="45,123" doraHaiUra="78,135" who="0" fromWho="2" sc="249,130,314,0,194,-120,233,0" /><INIT seed="4,1,0,3,4,77" ten="379,314,74,233" oya="0" hai0="43,110,38,106,96,27,33,31,60,12,39,34,49" hai1="78,81,91,1,133,40,58,83,23,4,74,130,89" hai2="129,104,103,29,36,115,87,41,75,117,19,64,135" hai3="116,24,85,16,28,46,95,118,15,30,62,35,9"/><T21/><D110/><U8/><E130/><V100/><F29/><W112/><G112/><T99/><D99/><U26/><E133/><V108/><F108/><W37/><G30/><T107/><D107/><U92/><E40/><V123/><F64/><W109/><G109/><T102/><D34/><U42/><E42/><V126/><F41/><W71/><G71/><T73/><D73/><U113/><E113/><V122/><F19/><W88/><REACH who="3" step="1"/><G62/><REACH who="3" ten="379,314,74,223" step="2"/><T124/><D60/><U98/><E58/><V44/><F115/><W90/><G90/><T52/><D124/><U111/><E111/><V94/><F126/><W53/><G53/><T45/><D39/><U22/><REACH who="1" step="1"/><E26/><REACH who="1" ten="379,304,74,223" step="2"/><V127/><F127/><W121/><G121/><T128/><D128/><U7/><E7/><V82/><F129/><W84/><G84/><AGARI ba="1,2" hai="1,4,8,22,23,74,78,81,83,84,89,91,92,98" machi="84" ten="40,5200,0" yaku="1,1,52,2,53,0" doraHai="77" doraHaiUra="134" who="1" fromWho="3" sc="379,0,304,75,74,0,223,-55" /><INIT seed="5,0,0,1,5,102" ten="379,379,74,168" oya="1" hai0="19,2,121,76,134,77,97,92,20,113,114,86,132" hai1="108,35,52,28,8,85,5,13,58,7,44,33,4" hai2="53,91,32,120,63,30,43,34,131,59,83,126,80" hai3="64,39,31,73,70,61,48,125,18,10,27,96,104"/><U106/><E108/><V133/><F120/><W100/><G39/><T128/><D2/><U124/><E124/><V21/><F126/><W109/><G73/><T74/><D74/><U38/><E106/><V93/><F133/><N who="0" m="51306" /><D128/><U122/><E85/><V17/><F131/><W42/><G109/><T127/><D127/><U62/><E122/><V25/><F43/><W46/><G18/><T118/><D121/><U60/><E60/><V56/><F56/><W26/><G26/><T23/><D23/><U89/><E89/><V49/><F63/><W65/><G65/><T41/><D41/><U115/><E115/><V12/><REACH who="2" step="1"/><F34/><REACH who="2" ten="379,379,64,168" step="2"/><W107/><G125/><T55/><D114/><U50/><E35/><V110/><F110/><W67/><G67/><T57/><D113/><U54/><E38/><V88/><F88/><W78/><G78/><T51/><D57/><U116/><E116/><V99/><AGARI ba="0,1" hai="12,17,21,25,30,32,49,53,59,80,83,91,93,99" machi="99" ten="20,2700,0" yaku="1,1,0,1,7,1,53,0" doraHai="102" doraHaiUra="101" who="2" fromWho="2" sc="379,-7,379,-13,64,37,168,-7" /><INIT seed="6,0,0,4,4,73" ten="372,366,101,161" oya="2" hai0="78,131,13,111,105,80,106,75,68,128,22,5,34" hai1="115,53,108,89,21,124,129,123,28,118,17,51,100" hai2="81,61,12,74,0,38,37,50,48,133,1,39,110" hai3="117,9,14,62,8,126,72,103,11,64,42,107,70"/><V112/><F112/><W36/><G126/><T130/><D34/><U91/><E108/><V99/><F110/><W4/><G117/><T20/><D111/><U67/><E118/><V16/><F133/><W35/><G72/><T25/><D68/><U15/><E115/><V95/><F61/><W92/><G107/><T101/><D101/><U7/><E129/><V27/><F27/><W94/><G35/><T127/><D127/><U23/><E7/><V32/><F32/><W83/><G83/><T76/><D76/><U134/><E123/><V52/><F50/><W88/><G42/><T104/><D25/><N who="1" m="16447" /><E67/><V18/><F18/><W10/><G36/><T24/><D24/><U90/><E134/><V41/><F41/><W125/><G125/><T6/><D6/><U98/><E100/><V30/><F30/><W85/><REACH who="3" step="1"/><G103/><REACH who="3" ten="372,366,101,151" step="2"/><T113/><D113/><U96/><E124/><V26/><F81/><W2/><G2/><T66/><D106/><U59/><AGARI ba="0,1" hai="15,17,21,51,53,59,89,90,91,96,98" m="16447" machi="59" ten="30,1100,0" yaku="8,1" doraHai="73" who="1" fromWho="1" sc="372,-3,366,21,101,-5,151,-3" /><INIT seed="7,0,0,5,1,44" ten="369,387,96,148" oya="3" hai0="75,101,12,51,38,6,50,94,85,13,32,40,109" hai1="97,58,105,34,2,131,48,96,127,53,128,113,91" hai2="106,116,47,95,45,25,80,130,119,36,123,120,86" hai3="108,10,33,71,26,111,8,70,52,134,18,17,15"/><W23/><G134/><T7/><D75/><U99/><E113/><V88/><F25/><W93/><G93/><T16/><D32/><U104/><E127/><V65/><F65/><W0/><G52/><T112/><D38/><U14/><E2/><V55/><F36/><W98/><G98/><N who="1" m="37994" /><E14/><N who="0" m="5737" /><D109/><N who="3" m="42057" /><G71/><T11/><D112/><U29/><E29/><V43/><F43/><W41/><G41/><T122/><D122/><N who="2" m="46634" /><F45/><W1/><G70/><T82/><D40/><U4/><E4/><N who="0" m="1577" /><D11/><U49/><E49/><N who="0" m="18441" /><D94/><N who="1" m="56799" /><E34/><V63/><F47/><W118/><G118/><N who="2" m="45097" /><F55/><W117/><G117/><T78/><D101/><U87/><E87/><N who="2" m="52639" /><F63/><W61/><G61/><T121/><D121/><U107/><E48/><V28/><F28/><N who="3" m="19607" /><G10/><T69/><D69/><U35/><E53/><V20/><F20/><W114/><G114/><T57/><D57/><U27/><E58/><V110/><F110/><W64/><G64/><T129/><D129/><N who="1" m="49739" /><E35/><V74/><F130/><W89/><G1/><T115/><D115/><U56/><E56/><V62/><F62/><W76/><G0/><T84/><D84/><U3/><E3/><V60/><F60/><W102/><G8/><T9/><D9/><U126/><E126/><V22/><F22/><W21/><G21/><T42/><D42/><U83/><E105/><V77/><F86/><W54/><G23/><T103/><D16/><U100/><E107/><AGARI ba="0,0" hai="74,77,80,106,107" m="52639,45097,46634" machi="107" ten="30,7700,0" yaku="13,1,34,2,54,1" doraHai="44" who="2" fromWho="1" sc="369,0,387,-77,96,77,148,0" owari="369,47.0,310,11.0,173,-23.0,148,-35.0" /></mjloggm>