<mjloggm ver="2.3"><GO type="185" lobby="0"/><UN n0="%E3%81%BF%E3%83%BC%E3%82%8F" n1="%E3%81%82%E3%81%9F%E3%82%89%E3%81%AA%E3%81%84%E3%81%A7%EF%BC%81" n2="%E3%81%AE%E3%83%BC%E3%81%97" n3="" dan="17,16,18,0" rate="2244.68,2159.67,2285.34,1500.00" sx="M,M,M,C"/><TAIKYOKU oya="0"/><INIT seed="0,0,0,4,5,43" ten="350,350,350,0" oya="0" hai0="40,68,37,102,93,108,60,129,78,103,83,99,109" hai1="53,131,36,52,32,45,91,92,65,38,76,1,44" hai2="63,101,98,120,132,64,61,119,111,75,115,42,113" hai3=""/><T71/><D129/><U79/><E1/><V123/><N who="2" m="30752" /><V100/><N who="2" m="31520" /><V122/><N who="2" m="31264" /><V86/><F75/><T59/><D103/><U39/><E32/><V54/><F111/><N who="0" m="42570" /><D37/><U95/><E65/><V34/><F34/><T124/><D40/><U70/><E70/><V77/><F119/><T80/><D124/><U47/><E131/><V46/><F132/><T116/><D116/><U82/><E91/><V125/><F125/><T135/><D135/><U62/><E62/><V51/><F101/><T128/><D83/><U87/><REACH who="1" step="1"/><E79/><REACH who="1" ten="350,340,350,0" step="2"/><V96/><F63/><T81/><D128/><U41/><E41/><V117/><F117/><T3/><D3/><U2/><E2/><V74/><F42/><T112/><D78/><U85/><E85/><V130/><F86/><T127/><D127/><U110/><E110/><V33/><F33/><T0/><D0/><U114/><E114/><V94/><F130/><T50/><D112/><U90/><E90/><V97/><F113/><T58/><D71/><U133/><E133/><V35/><F115/><T73/><D68/><U56/><E56/><V105/><F35/><T107/><D59/><U48/><E48/><V72/><F77/><T49/><D50/><U55/><AGARI ba="0,1" hai="36,38,39,44,45,47,52,53,55,76,82,87,92,95" machi="55" ten="40,12000,3" yaku="1,1,5,1,0,1,29,2,52,3,54,1,53,0" doraHai="43" doraHaiUra="121" who="1" fromWho="1" sc="350,-80,340,130,350,-40,0,0" /><INIT seed="1,0,0,1,3,91" ten="270,470,310,0" oya="1" hai0="0,67,70,94,61,122,95,130,44,124,59,127,118" hai1="88,81,114,82,83,42,36,33,99,96,102,35,115" hai2="76,121,68,55,134,109,125,128,133,85,108,105,50" hai3=""/><U51/><E36/><V97/><N who="2" m="31008" /><V93/><F68/><T101/><N who="0" m="31264" /><T46/><D0/><U116/><E116/><V49/><F128/><T63/><D130/><U39/><E39/><V43/><F125/><N who="0" m="48202" /><D101/><U80/><E42/><V38/><F105/><T34/><D118/><U106/><E51/><V112/><F38/><T103/><D103/><U110/><E110/><V45/><F112/><T48/><D34/><U52/><E52/><V47/><F85/><T117/><D117/><U66/><E66/><V104/><F76/><T41/><D44/><U98/><E33/><V53/><F104/><T3/><D3/><U90/><E35/><V2/><F2/><T72/><D72/><U1/><E1/><V100/><F43/><T57/><D70/><U120/><N who="1" m="30752" /><U58/><E58/><V32/><F32/><T86/><D86/><U135/><N who="1" m="20480" /><DORA hai="92" /><U56/><E56/><V84/><F84/><T111/><D111/><AGARI ba="0,0" hai="45,47,49,50,53,55,93,97,100,108,109,111,133,134" m="31008" machi="111" ten="40,8000,1" yaku="9,1,14,1,52,3" doraHai="91,92" who="2" fromWho="0" sc="270,-80,470,0,310,80,0,0" /><INIT seed="2,0,0,4,1,55" ten="190,470,390,0" oya="2" hai0="76,38,127,84,101,98,56,42,77,89,110,46,117" hai1="111,114,112,82,64,133,70,75,51,130,32,128,134" hai2="86,122,62,60,100,65,74,85,118,99,96,116,125" hai3=""/><V106/><N who="2" m="31264" /><V95/><F74/><T69/><D117/><U48/><E82/><V78/><F125/><T129/><D127/><U123/><E75/><V80/><F85/><T33/><D33/><U120/><E32/><V126/><F60/><T36/><D129/><N who="1" m="49771" /><E70/><V115/><F126/><T45/><D69/><U39/><E64/><V71/><REACH who="2" step="1"/><F115/><REACH who="2" ten="190,470,380,0" step="2"/><N who="1" m="44073" /><E39/><V103/><AGARI ba="0,1" hai="62,65,71,78,80,86,95,96,99,100,103,106,116,118" m="31264" machi="103" ten="20,5200,0" yaku="1,1,0,1,7,1,52,1,53,0" doraHai="55" doraHaiUra="124" who="2" fromWho="2" sc="190,-26,470,-26,380,62,0,0" /><INIT seed="2,1,0,3,2,101" ten="164,444,442,0" oya="2" hai0="91,128,46,47,124,100,99,123,112,105,37,41,51" hai1="68,56,89,113,2,79,62,78,86,107,65,40,44" hai2="71,108,54,34,133,90,49,92,50,83,119,132,76" hai3=""/><V77/><F34/><T33/><N who="0" m="31520" /><T93/><D33/><U94/><E2/><V75/><F71/><T131/><D124/><U104/><E113/><V43/><F119/><T57/><D57/><U122/><N who="1" m="31264" /><U106/><REACH who="1" step="1"/><E68/><REACH who="1" ten="164,434,442,0" step="2"/><V118/><F118/><T84/><REACH who="0" step="1"/><D112/><REACH who="0" ten="154,434,442,0" step="2"/><U129/><E129/><V67/><F133/><T134/><D134/><U111/><E111/><V109/><F132/><T121/><N who="0" m="31008" /><T32/><D32/><U55/><E55/><AGARI ba="1,2" hai="37,41,46,47,51,55,84,91,93,99,100,105,128,131" m="31008,31520" machi="55" ten="40,8000,1" yaku="1,1,52,3,53,1" doraHai="101" doraHaiUra="87" who="0" fromWho="1" sc="154,102,434,-82,442,0,0,0" /><INIT seed="4,0,0,0,2,116" ten="256,352,442,0" oya="0" hai0="39,42,69,90,124,93,78,40,66,47,118,32,61" hai1="111,85,34,55,133,135,59,65,2,60,103,0,80" hai2="130,126,64,123,131,79,97,46,86,33,36,122,91" hai3=""/><T96/><D118/><U48/><E34/><V68/><N who="2" m="31264" /><V41/><N who="2" m="31520" /><V52/><F33/><T37/><D32/><U72/><E103/><V95/><F126/><T56/><D124/><U76/><E111/><V88/><F79/><T98/><D78/><U70/><REACH who="1" step="1"/><E85/><REACH who="1" ten="256,342,442,0" step="2"/><V127/><F127/><T112/><D112/><U75/><E75/><V84/><F84/><T128/><D128/><U35/><E35/><V1/><F1/><AGARI ba="0,1" hai="0,1,2,48,55,59,60,65,70,72,76,80,133,135" machi="1" ten="40,1300,0" yaku="1,1,53,0" doraHai="116" doraHaiUra="109" who="1" fromWho="2" sc="256,0,342,23,442,-13,0,0" /><INIT seed="5,0,0,4,2,87" ten="256,365,429,0" oya="1" hai0="95,44,32,90,85,1,70,61,47,110,123,111,105" hai1="40,124,126,3,115,98,45,116,100,38,57,76,133" hai2="127,125,117,114,94,65,41,119,48,0,75,84,58" hai3=""/><U51/><E116/><V134/><F0/><T71/><N who="0" m="31520" /><T72/><D1/><U106/><E3/><V74/><F41/><T92/><D32/><U62/><E115/><V78/><F114/><T68/><D105/><U107/><E133/><V135/><F48/><T99/><D72/><U93/><E76/><V104/><F58/><T97/><D85/><U91/><E38/><V83/><F65/><T77/><D77/><U103/><E100/><V53/><F53/><T55/><D61/><U120/><N who="1" m="30752" /><U39/><E39/><V56/><F104/><T122/><N who="0" m="31264" /><T33/><D33/><U80/><E80/><V73/><F94/><T88/><D55/><U52/><REACH who="1" step="1"/><E107/><REACH who="1" ten="256,355,429,0" step="2"/><V89/><F78/><T66/><D66/><U131/><E131/><V132/><F119/><T59/><REACH who="0" step="1"/><D59/><REACH who="0" ten="246,355,429,0" step="2"/><U54/><E54/><V118/><F56/><T82/><D82/><U108/><E108/><AGARI ba="0,2" hai="44,47,68,70,71,88,90,92,95,97,99,108,110,111" m="31264,31520" machi="108" ten="50,12000,2" yaku="1,1,9,1,52,4,54,1,53,0" doraHai="87" doraHaiUra="112" who="0" fromWho="1" sc="246,140,355,-120,429,0,0,0" /><INIT seed="6,0,0,0,3,108" ten="386,235,429,0" oya="2" hai0="90,117,38,33,133,93,126,115,122,86,63,46,78" hai1="82,89,1,114,55,98,81,87,110,109,45,32,88" hai2="106,101,60,67,58,120,94,68,107,54,43,111,37" hai3=""/><V57/><N who="2" m="30752" /><V112/><F111/><T135/><N who="0" m="31264" /><T97/><D117/><U125/><E1/><V99/><F112/><T118/><D118/><U83/><E32/><V76/><F76/><T75/><D33/><U129/><E45/><V65/><F57/><T66/><D126/><U41/><E41/><V72/><F72/><T96/><D115/><U103/><E55/><V69/><F43/><T0/><D0/><U95/><E114/><V35/><F37/><T102/><D38/><U42/><E42/><V2/><F2/><T105/><D46/><U131/><E125/><V44/><F35/><T40/><D40/><U62/><E62/><V116/><F116/><T113/><D113/><U119/><E119/><V47/><F47/><T39/><D96/><U34/><E34/><V70/><REACH who="2" step="1"/><F44/><REACH who="2" ten="386,235,419,0" step="2"/><T130/><D39/><U80/><E109/><V77/><F77/><T71/><D130/><N who="1" m="49675" /><E110/><V121/><N who="2" m="31008" /><V91/><F91/><AGARI ba="0,1" hai="80,81,82,83,87,88,89,91,95,98,103" m="49675" machi="91" ten="30,7700,0" yaku="19,1,34,2,54,1" doraHai="108" who="1" fromWho="2" sc="386,0,235,87,419,-77,0,0" /><INIT seed="8,0,0,4,1,127" ten="386,322,342,0" oya="0" hai0="109,96,54,89,116,59,0,57,48,65,63,66,81" hai1="132,3,122,120,111,37,100,105,134,74,130,62,58" hai2="84,104,114,39,80,92,68,87,69,42,71,103,98" hai3=""/><T128/><D0/><U55/><N who="1" m="30752" /><U90/><N who="1" m="31264" /><U88/><E111/><V101/><F114/><T67/><D109/><U86/><E3/><V115/><F115/><T94/><D116/><U64/><E74/><V53/><F42/><T52/><D128/><U56/><E130/><V38/><F53/><T131/><D131/><U34/><E37/><V124/><F124/><T40/><D40/><U119/><E119/><V129/><F129/><T91/><D81/><U43/><E43/><V78/><REACH who="2" step="1"/><F103/><AGARI ba="0,0" hai="48,52,54,57,59,63,65,66,67,89,91,94,96,103" machi="103" ten="40,3900,0" yaku="8,1,54,1" doraHai="127" who="0" fromWho="2" sc="386,39,322,0,342,-39,0,0" owari="425,38.0,322,-8.0,303,-30.0,0,0.0" /></mjloggm>