<mjloggm ver="2.3"><GO type="185" lobby="0"/><UN n0="%E3%81%82%E3%81%9F%E3%82%89%E3%81%AA%E3%81%84%E3%81%A7%EF%BC%81" n1="%E9%AC%BC" n2="%E4%B8%96%E7%9B%B4%E3%81%97%E4%BA%BA" n3="" dan="16,17,17,0" rate="2147.00,2264.40,2234.06,1500.00" sx="M,F,M,C"/><TAIKYOKU oya="0"/><INIT seed="0,0,0,2,4,90" ten="350,350,350,0" oya="0" hai0="35,116,60,0,103,58,100,89,95,91,40,119,44" hai1="124,87,59,117,115,104,34,46,108,78,106,33,57" hai2="53,133,77,131,129,3,122,79,50,80,94,96,92" hai3=""/><T130/><D0/><U65/><E117/><V75/><N who="2" m="31264" /><V120/><N who="2" m="30752" /><V43/><F3/><T42/><D35/><U101/><E115/><V85/><F43/><T111/><D130/><N who="2" m="49674" /><F133/><T82/><D40/><U86/><E124/><V45/><F96/><T37/><D111/><U127/><E127/><V61/><F61/><T68/><D68/><U123/><E108/><V118/><F118/><T112/><D112/><U109/><E109/><V70/><F70/><T73/><D116/><U88/><N who="1" m="31520" /><U1/><E1/><V125/><F125/><T128/><D128/><U84/><E34/><V132/><F132/><T102/><D119/><U69/><E69/><V67/><F67/><T2/><D2/><U62/><E33/><V54/><F54/><T71/><D71/><U41/><E62/><V38/><F38/><T36/><D36/><U63/><E63/><V74/><F79/><T114/><D114/><U99/><E65/><V39/><F39/><T47/><D37/><U51/><E78/><V49/><F49/><T48/><D48/><U76/><E76/><V83/><F83/><T72/><D82/><U55/><E41/><V97/><F94/><T66/><D95/><U56/><E106/><V105/><F105/><RYUUKYOKU ba="0,0" sc="350,-20,350,10,350,10,0,0" hai1="46,51,55,56,57,59,84,86,87,88,99,101,104" hai2="45,50,53,74,75,77,80,85,92,97" /><INIT seed="1,1,0,2,2,116" ten="330,360,360,0" oya="1" hai0="111,135,55,79,68,66,0,123,113,77,74,105,46" hai1="45,124,54,60,120,95,112,70,47,119,85,34,51" hai2="59,121,72,127,132,35,88,114,80,118,53,33,41" hai3=""/><U90/><N who="1" m="30752" /><U40/><E119/><V130/><N who="2" m="31008" /><V44/><F118/><T98/><N who="0" m="31520" /><T75/><D113/><U89/><E124/><V67/><F67/><T106/><D0/><U82/><E112/><V37/><F114/><T63/><D111/><U97/><E34/><V39/><F39/><T102/><D135/><U134/><E134/><V3/><F132/><T101/><D55/><U2/><E2/><V96/><F3/><T99/><D46/><U49/><E70/><V129/><F127/><T48/><REACH who="0" step="1"/><D48/><REACH who="0" ten="320,360,360,0" step="2"/><U1/><E1/><V128/><F72/><AGARI ba="1,1" hai="63,66,68,72,74,75,77,79,98,99,101,102,105,106" m="31520" machi="72" ten="40,8000,1" yaku="1,1,2,1,9,1,52,2,53,0" doraHai="116" doraHaiUra="83" who="0" fromWho="2" sc="320,92,360,0,360,-82,0,0" /><INIT seed="2,0,0,4,0,65" ten="412,360,278,0" oya="2" hai0="105,109,128,78,36,125,129,76,60,84,35,61,77" hai1="112,99,69,34,68,62,96,55,3,44,106,132,124" hai2="67,43,104,70,83,130,74,102,113,59,72,2,38" hai3=""/><V80/><F59/><T122/><N who="0" m="31264" /><T86/><D35/><U40/><E112/><V0/><F113/><T56/><D36/><U75/><E3/><V116/><F116/><T54/><D105/><U87/><E75/><V49/><F49/><T45/><D109/><U32/><E124/><V98/><F83/><T71/><D125/><U88/><E132/><V52/><F52/><T93/><D45/><U79/><E79/><V127/><F127/><T81/><D93/><U101/><E99/><V57/><F57/><T47/><D47/><U103/><E103/><V97/><F97/><T53/><D53/><U108/><E108/><V94/><F94/><T63/><D84/><U133/><E133/><V85/><F85/><T111/><D111/><U50/><E34/><V33/><F33/><T126/><D126/><U123/><N who="1" m="31520" /><U66/><E32/><V51/><F0/><T110/><D110/><U73/><E73/><V100/><F74/><T118/><D118/><U64/><E55/><V107/><F72/><T39/><D39/><U92/><E64/><V134/><F67/><T48/><REACH who="0" step="1"/><D71/><AGARI ba="0,0" hai="40,44,50,62,66,68,69,71,87,88,92,96,101,106" m="31520" machi="71" ten="30,12000,2" yaku="7,1,52,4,54,1" doraHai="65" who="1" fromWho="0" sc="412,-120,360,120,278,0,0,0" /><INIT seed="4,0,0,0,2,3" ten="292,480,278,0" oya="0" hai0="111,49,36,59,43,134,58,37,86,90,40,121,129" hai1="70,107,67,46,75,93,64,132,124,71,92,120,35" hai2="72,76,42,60,96,116,1,105,113,85,41,100,102" hai3=""/><T126/><N who="0" m="31008" /><T104/><D104/><U57/><N who="1" m="30752" /><U2/><E2/><V34/><F1/><T87/><D111/><U80/><E107/><V50/><F72/><T82/><D129/><U101/><E35/><V65/><F113/><T39/><D126/><U83/><E46/><V62/><F116/><T77/><D134/><U133/><E57/><V73/><F102/><T123/><N who="0" m="31520" /><T135/><D135/><U131/><E101/><V32/><F73/><T84/><D84/><U106/><E106/><V127/><F62/><T55/><REACH who="0" step="1"/><D59/><REACH who="0" ten="282,480,278,0" step="2"/><U118/><E131/><V97/><F127/><T63/><D63/><U110/><E124/><V89/><F60/><T56/><D56/><U81/><E75/><V68/><F105/><T95/><AGARI ba="0,1" hai="36,37,39,40,43,49,55,58,77,82,86,87,90,95" m="31520,31008" machi="95" ten="30,7800,0" yaku="1,1,0,1,52,2,53,0" doraHai="3" doraHaiUra="108" who="0" fromWho="0" sc="282,88,480,-39,278,-39,0,0" /><INIT seed="4,1,0,4,4,91" ten="370,441,239,0" oya="0" hai0="107,135,132,78,131,42,98,101,93,71,103,60,120" hai1="82,102,121,106,36,111,96,59,119,3,105,133,94" hai2="84,57,56,0,55,54,65,58,104,32,67,85,77" hai3=""/><T43/><N who="0" m="30752" /><T68/><D131/><U40/><N who="1" m="31008" /><U88/><E3/><V48/><F0/><T39/><D78/><U45/><E111/><V99/><F32/><T33/><D33/><U90/><E119/><V44/><F104/><T83/><D83/><U122/><N who="1" m="31264" /><U2/><E2/><V134/><F99/><T75/><D75/><U79/><E133/><N who="0" m="51273" /><D39/><U127/><E127/><V51/><F134/><T47/><D47/><U73/><E59/><N who="2" m="22603" /><F77/><T123/><N who="0" m="31520" /><T74/><D74/><U100/><E105/><V118/><F118/><T124/><D124/><U112/><E102/><N who="0" m="38921" /><D107/><U70/><E106/><V50/><F51/><T61/><D61/><U63/><E100/><V53/><F55/><T108/><D108/><U41/><E90/><V37/><F37/><T66/><D68/><U49/><E36/><V62/><F62/><T89/><AGARI ba="1,0" hai="42,43,60,66,71,89,93,98" m="38921,31520,51273,30752" machi="89" ten="30,7800,0" yaku="20,1,52,3" doraHai="91" who="0" fromWho="0" sc="370,80,441,-40,239,-40,0,0" /><INIT seed="4,2,0,3,5,58" ten="450,401,199,0" oya="0" hai0="105,76,50,99,122,135,132,42,75,102,121,57,80" hai1="91,41,54,44,37,66,124,51,81,63,60,2,112" hai2="73,61,0,34,67,33,39,92,120,1,46,70,133" hai3=""/><T49/><N who="0" m="31008" /><T77/><N who="0" m="31264" /><T38/><D77/><U131/><E2/><V47/><N who="2" m="30752" /><V110/><F110/><T79/><D76/><U85/><E131/><V96/><F73/><T129/><D129/><U126/><E112/><V95/><F133/><N who="0" m="51274" /><D38/><U104/><E104/><V48/><F39/><T68/><D68/><U78/><E78/><V89/><F47/><T117/><D117/><U134/><E134/><V45/><F45/><T115/><D115/><U111/><E111/><V55/><REACH who="2" step="1"/><F95/><REACH who="2" ten="450,401,189,0" step="2"/><T98/><D42/><U71/><REACH who="1" step="1"/><E37/><REACH who="1" ten="450,391,189,0" step="2"/><V53/><F53/><T82/><D105/><U86/><E86/><V101/><F101/><T88/><D102/><U84/><E84/><V128/><F128/><T56/><D99/><U123/><N who="1" m="31520" /><U64/><E64/><V59/><F59/><AGARI ba="2,2" hai="41,44,51,54,59,60,63,66,71,81,85,91,124,126" m="31520" machi="59" ten="40,8000,1" yaku="1,1,52,3,53,1" doraHai="58" doraHaiUra="52" who="1" fromWho="2" sc="450,0,391,104,189,-84,0,0" /><INIT seed="5,0,0,5,2,51" ten="450,495,105,0" oya="1" hai0="34,119,95,115,100,88,123,102,105,65,75,59,66" hai1="82,0,71,131,120,72,133,78,124,103,134,109,70" hai2="126,90,43,97,116,3,129,87,130,50,108,83,81" hai3=""/><U46/><N who="1" m="30752" /><U112/><E0/><V76/><F3/><T49/><N who="0" m="31520" /><T55/><D34/><U38/><E112/><V63/><F108/><T107/><D75/><U69/><E124/><V122/><N who="2" m="31264" /><V91/><F116/><T74/><D74/><U45/><E131/><V98/><F63/><T89/><D89/><U52/><E103/><V68/><F68/><T104/><D115/><U79/><E79/><V40/><F50/><T56/><D119/><U33/><E33/><V111/><F111/><T135/><D135/><N who="1" m="51723" /><E109/><V37/><F37/><T125/><D125/><U39/><E46/><V67/><F126/><T32/><D32/><U47/><E47/><V42/><F76/><T118/><D118/><U64/><E64/><V35/><F67/><T127/><D127/><U44/><E44/><V62/><F35/><T113/><D113/><U96/><E96/><V77/><F77/><T93/><D66/><U2/><E2/><V99/><F130/><T57/><D65/><U60/><E45/><V73/><F129/><T41/><D41/><U106/><E39/><V85/><F73/><T1/><D1/><U128/><E128/><V92/><F91/><T54/><D88/><U94/><E70/><V110/><F110/><RYUUKYOKU ba="0,0" sc="450,0,495,0,105,0,0,0" /><INIT seed="6,1,0,1,4,70" ten="450,495,105,0" oya="2" hai0="83,103,51,101,80,107,82,64,102,34,129,94,95" hai1="66,65,45,2,75,76,93,71,134,124,72,78,62" hai2="126,69,53,104,128,100,131,57,114,54,105,39,98" hai3=""/><V42/><F69/><T97/><D34/><U50/><E2/><V91/><F114/><T92/><D64/><U132/><E93/><N who="0" m="35945" /><D51/><U47/><E124/><V88/><F126/><T122/><N who="0" m="31264" /><T84/><D129/><N who="2" m="49738" /><F105/><T123/><N who="0" m="31520" /><T1/><D1/><U37/><E37/><V68/><F68/><T74/><D74/><U90/><E90/><AGARI ba="1,0" hai="80,82,83,84,90,95,97,101,102,103,107" m="31520,31264,35945" machi="90" ten="30,12000,2" yaku="35,5,52,2" doraHai="70" who="0" fromWho="1" sc="450,122,495,-122,105,0,0,0" owari="572,52.0,373,-3.0,105,-49.0,0,0.0" /></mjloggm>