<mjloggm ver="2.3"><GO type="225" lobby="0"/><UN n0="%E3%82%AB%E3%83%9C%E3%83%81%E3%83%A3%E3%82%BF%E3%83%8D" n1="%E3%81%B7%E3%82%8B%E3%81%B7%E3%82%8B%E3%81%A0%E3%81%9E" n2="%E3%83%81%E3%83%BC%E3%83%88%E3%82%A4%E7%9F%AD%E6%9C%9F%E5%A4%A7%E5%AD%A6" n3="%79%6A%69%72%6F" dan="16,16,16,17" rate="2082.40,2115.53,2126.80,2185.93" sx="M,M,M,M"/><TAIKYOKU oya="0"/><INIT seed="0,0,0,2,4,128" ten="250,250,250,250" oya="0" hai0="28,115,8,78,49,92,53,46,130,85,73,35,104" hai1="123,91,19,82,89,93,125,88,10,40,58,129,15" hai2="18,102,51,2,60,101,69,7,11,0,48,67,22" hai3="87,42,59,122,127,72,44,133,90,27,66,38,20"/><T94/><D104/><U23/><E129/><V65/><F65/><W17/><G72/><T54/><D130/><U13/><E125/><V97/><F2/><W70/><G127/><T5/><D115/><U95/><E123/><V52/><F97/><W3/><G122/><T37/><D37/><U1/><E1/><V34/><F48/><W6/><G70/><T84/><D73/><U86/><E40/><V116/><F34/><W64/><G133/><T50/><D28/><U25/><E58/><V99/><F99/><W81/><REACH who="3" step="1"/><G59/><REACH who="3" ten="250,250,250,240" step="2"/><T126/><D126/><U76/><REACH who="1" step="1"/><E15/><REACH who="1" ten="250,240,250,240" step="2"/><V68/><F116/><W77/><G77/><T14/><D78/><U108/><E108/><V16/><F68/><W30/><G30/><AGARI ba="0,2" hai="10,13,19,23,25,30,76,82,86,88,89,91,93,95" machi="30" ten="40,5200,0" yaku="1,1,8,1,54,1,53,0" doraHai="128" doraHaiUra="135" who="1" fromWho="3" sc="250,0,240,72,250,0,240,-52" /><INIT seed="1,0,0,5,0,129" ten="250,312,250,188" oya="1" hai0="51,65,50,131,75,103,1,25,82,91,105,98,11" hai1="49,2,74,84,30,38,62,29,18,56,37,127,10" hai2="83,72,42,134,73,113,27,28,21,44,9,20,4" hai3="60,64,120,40,0,58,23,48,135,46,31,88,34"/><U16/><E74/><V133/><F113/><W63/><G120/><T78/><D131/><U116/><E116/><V45/><F21/><W118/><G118/><T106/><D106/><U97/><E127/><V130/><F130/><W123/><G123/><T61/><D1/><U90/><E97/><V12/><F44/><W66/><G0/><T52/><D11/><U92/><E49/><V77/><REACH who="2" step="1"/><F73/><REACH who="2" ten="250,312,240,188" step="2"/><W3/><G34/><T102/><D75/><U33/><E33/><V128/><F128/><W125/><G125/><T111/><D111/><U53/><E2/><V26/><F26/><W17/><G3/><T117/><D25/><U86/><E10/><V81/><F81/><W69/><G31/><N who="1" m="11786" /><E37/><AGARI ba="0,1" hai="4,9,12,20,27,28,37,42,45,72,77,83,133,134" machi="37" ten="40,5200,0" yaku="1,1,52,2,53,0" doraHai="129" doraHaiUra="126" who="2" fromWho="1" sc="250,0,312,-52,240,62,188,0" /><INIT seed="2,0,0,1,1,80" ten="250,260,302,188" oya="2" hai0="94,62,104,134,110,93,78,79,105,29,119,57,101" hai1="74,70,109,42,95,37,135,71,17,38,68,87,122" hai2="8,1,75,40,39,11,113,48,132,129,115,24,2" hai3="114,47,43,44,35,76,73,4,118,34,46,127,100"/><V64/><F39/><W33/><G118/><T89/><D29/><U23/><E74/><V3/><F75/><W111/><G111/><T121/><D57/><U116/><E116/><V9/><F132/><W32/><N who="3" m="8192" /><DORA hai="96" /><W112/><G127/><T50/><D50/><U22/><E109/><V106/><F106/><N who="0" m="41066" /><D62/><U82/><E95/><V99/><F129/><W77/><G4/><T10/><D10/><U16/><E122/><V61/><F99/><W31/><G31/><T97/><D110/><U63/><E63/><V103/><F24/><W25/><G25/><T66/><D66/><U49/><E135/><V13/><F13/><W85/><G73/><T56/><D56/><U108/><E108/><V15/><F15/><W52/><G43/><T72/><D134/><U6/><E6/><V124/><F124/><W125/><G125/><T90/><D119/><U21/><E49/><V27/><F27/><W51/><G100/><T126/><D126/><U54/><E54/><V107/><F103/><W83/><REACH who="3" step="1"/><G77/><REACH who="3" ten="250,260,302,178" step="2"/><N who="0" m="29195" /><D72/><U69/><E42/><V28/><F28/><W18/><G18/><T5/><D5/><U98/><E17/><V102/><F40/><W65/><G65/><T55/><D55/><U60/><E16/><V67/><F67/><W123/><G123/><T88/><D121/><U36/><N who="1" m="17408" /><DORA hai="81" /><U20/><N who="1" m="5120" /><DORA hai="41" /><U84/><E37/><V128/><F64/><W120/><G120/><T30/><D30/><U12/><E36/><V45/><F128/><W19/><G19/><T133/><D133/><U86/><E38/><V92/><F113/><AGARI ba="0,1" hai="44,46,47,51,52,76,83,85,112,113,114" m="8192" machi="113" ten="70,16000,3" yaku="1,1,11,1,52,5,54,1,53,0" doraHai="80,96,81,41" doraHaiUra="26,117,130,131" who="3" fromWho="2" sc="250,0,260,0,302,-160,178,170" /><INIT seed="3,0,0,0,5,95" ten="250,260,142,348" oya="3" hai0="76,12,22,69,94,46,91,125,19,63,29,88,7" hai1="27,130,24,96,116,39,33,104,17,78,120,72,43" hai2="25,18,99,48,80,79,64,117,118,4,26,30,101" hai3="54,119,10,111,113,89,123,114,16,2,135,128,45"/><W41/><G119/><T15/><D125/><U53/><E120/><V28/><F4/><W67/><G123/><T73/><D29/><U40/><E116/><V90/><F64/><W20/><G67/><T106/><D106/><U23/><E130/><V77/><F18/><W55/><G89/><T59/><D69/><U82/><E39/><V8/><F90/><W103/><G103/><T56/><D91/><U11/><E11/><V105/><F8/><W93/><G93/><T97/><D7/><U60/><E33/><V74/><F77/><W13/><G135/><T52/><D46/><U32/><E32/><V84/><F48/><W102/><G102/><T107/><D107/><U122/><E122/><V109/><F109/><W57/><G128/><T108/><D108/><U127/><E127/><V38/><F84/><W49/><G111/><T51/><D76/><U126/><E126/><V65/><F65/><W14/><G55/><N who="0" m="31871" /><D73/><U70/><E70/><V81/><F81/><W36/><G2/><T85/><D85/><U61/><E24/><AGARI ba="0,0" hai="12,15,19,22,24,52,59,63,88,94,97" m="31871" machi="24" ten="30,8000,1" yaku="25,1,8,1,52,1,54,2" doraHai="95" who="0" fromWho="1" sc="250,80,260,-80,142,0,348,0" owari="330,13.0,180,-22.0,142,-36.0,348,45.0" /></mjloggm>