<mjloggm ver="2.3"><GO type="185" lobby="0"/><UN n0="%E9%AC%BC" n1="%E2%80%A0%E6%B0%B4%E9%8A%80%E7%87%88%E2%80%A0" n2="%E3%81%82%E3%81%9F%E3%82%89%E3%81%AA%E3%81%84%E3%81%A7%EF%BC%81" n3="" dan="17,16,16,0" rate="2264.78,2156.54,2140.76,1500.00" sx="F,F,M,C"/><TAIKYOKU oya="0"/><INIT seed="0,0,0,0,1,43" ten="350,350,350,0" oya="0" hai0="34,124,38,73,110,101,67,1,87,88,83,129,61" hai1="100,56,127,65,96,102,132,50,66,79,120,77,94" hai2="85,33,89,128,97,80,35,3,42,134,108,95,32" hai3=""/><T117/><D117/><U72/><N who="1" m="30752" /><U92/><E127/><V98/><F3/><T59/><D1/><U112/><E132/><V63/><F134/><T84/><D124/><U62/><E112/><V70/><F128/><T104/><D129/><U90/><E72/><V60/><F108/><T44/><D110/><U122/><N who="1" m="31264" /><U114/><E114/><V121/><N who="2" m="31008" /><V81/><F42/><T99/><D87/><U109/><E109/><V82/><REACH who="2" step="1"/><F70/><REACH who="2" ten="350,350,340,0" step="2"/><T123/><N who="0" m="31520" /><T49/><D34/><U130/><E130/><V76/><F76/><T115/><D115/><U125/><E125/><V131/><F131/><T86/><D73/><U0/><E0/><V47/><F47/><T39/><REACH who="0" step="1"/><D84/><REACH who="0" ten="340,350,340,0" step="2"/><U55/><E77/><V48/><F48/><T37/><D37/><U71/><E79/><V91/><F91/><T126/><D126/><U107/><E90/><V103/><F103/><T51/><D51/><U58/><E100/><V45/><F45/><T78/><D78/><U119/><E102/><V135/><F135/><T113/><D113/><U106/><E50/><V105/><F105/><T93/><D93/><U133/><E92/><V53/><F53/><AGARI ba="0,2" hai="38,39,44,49,53,59,61,67,83,86,88,99,101,104" m="31520" machi="53" ten="30,18000,2" yaku="1,1,7,1,52,2,54,1,53,2" doraHai="43" doraHaiUra="69" who="0" fromWho="2" sc="340,200,350,0,340,-180,0,0" /><INIT seed="0,1,0,3,5,131" ten="540,350,160,0" oya="0" hai0="70,104,123,133,102,95,42,115,52,59,53,48,124" hai1="134,2,88,122,97,99,89,36,86,92,91,33,93" hai2="94,105,47,135,63,76,118,3,114,64,127,100,130" hai3=""/><T67/><N who="0" m="31520" /><T129/><D115/><U132/><N who="1" m="31264" /><U119/><E2/><V117/><F3/><T101/><D129/><U78/><E33/><V45/><F130/><T73/><D73/><U60/><E36/><V96/><F114/><T49/><D42/><U39/><E39/><V58/><F127/><T106/><D124/><U1/><E1/><V111/><F111/><T128/><D128/><U65/><E78/><V41/><F76/><T110/><D110/><U120/><N who="1" m="30752" /><U69/><E119/><N who="2" m="45579" /><F47/><T62/><D95/><AGARI ba="1,0" hai="60,65,69,86,88,89,91,92,93,95,97,99,132,134" m="30752,31264" machi="95" ten="40,12000,2" yaku="9,1,52,4,54,1" doraHai="131" who="1" fromWho="0" sc="540,-122,350,122,160,0,0,0" /><INIT seed="1,0,0,3,3,50" ten="418,472,160,0" oya="1" hai0="72,57,126,121,131,87,73,33,100,36,41,111,56" hai1="99,118,45,115,104,53,114,120,59,101,1,110,135" hai2="109,79,106,52,103,105,78,44,81,39,84,48,124" hai3=""/><U2/><N who="1" m="30752" /><U37/><E118/><V58/><F109/><T60/><N who="0" m="31008" /><T112/><D33/><U64/><E110/><V83/><F124/><T91/><D126/><U89/><E135/><V88/><F103/><T54/><D112/><U63/><E89/><V0/><F0/><T95/><D131/><U82/><E82/><V127/><F127/><T71/><D71/><U93/><E104/><V3/><F3/><T130/><D130/><U76/><E76/><V67/><F79/><T116/><D116/><U68/><E1/><V94/><F83/><T134/><D134/><U42/><REACH who="1" step="1"/><E2/><REACH who="1" ten="418,462,160,0" step="2"/><V133/><F133/><T90/><D90/><U47/><E47/><V86/><REACH who="2" step="1"/><F67/><REACH who="2" ten="418,462,150,0" step="2"/><T49/><D111/><U123/><N who="1" m="31520" /><U107/><E107/><V40/><AGARI ba="0,2" hai="39,40,44,48,52,58,78,81,84,86,88,94,105,106" machi="40" ten="30,6000,1" yaku="1,1,0,1,52,1,54,2,53,0" doraHai="50" doraHaiUra="113" who="2" fromWho="2" sc="418,-20,462,-40,150,80,0,0" /><INIT seed="2,0,0,5,5,94" ten="398,422,230,0" oya="2" hai0="52,2,129,46,106,97,55,44,92,74,101,81,84" hai1="99,67,123,102,59,131,64,115,70,78,3,41,47" hai2="62,86,83,112,108,63,35,128,0,54,48,89,69" hai3=""/><V120/><N who="2" m="30752" /><V85/><F112/><T113/><D113/><U87/><N who="1" m="31520" /><U49/><E115/><V105/><F0/><T117/><D117/><U103/><E3/><V79/><F35/><T126/><D126/><U50/><E131/><V125/><F105/><T66/><D66/><U119/><E119/><V91/><F128/><T75/><D129/><U32/><E32/><V42/><F125/><T96/><D44/><U114/><E70/><V33/><F33/><T135/><D135/><U116/><E103/><V134/><F134/><T118/><D118/><U132/><E132/><V45/><F108/><T65/><D65/><U77/><E87/><V39/><F69/><T58/><D46/><U43/><E114/><V104/><F104/><T100/><D55/><U34/><E34/><V38/><F38/><T109/><D109/><U61/><E67/><V122/><N who="2" m="31264" /><V76/><F39/><T71/><D2/><U90/><E43/><V111/><F111/><T82/><D71/><U80/><E116/><V93/><F42/><T60/><D82/><U130/><E130/><V36/><F36/><T68/><D68/><U40/><E40/><V121/><N who="2" m="31008" /><V98/><F98/><T127/><D127/><U133/><E133/><RYUUKYOKU ba="0,0" sc="398,10,422,-20,230,10,0,0" hai0="52,58,60,74,75,81,84,92,96,97,100,101,106" hai2="45,48,54,62,63,76,79,83,85,86,89,91,93" /><INIT seed="2,1,0,2,2,115" ten="408,402,240,0" oya="2" hai0="107,57,118,127,116,113,80,58,92,82,41,132,71" hai1="46,119,49,50,77,44,68,53,103,64,94,0,65" hai2="97,88,121,124,125,39,74,2,34,101,54,73,123" hai3=""/><V111/><N who="2" m="31008" /><V126/><N who="2" m="31520" /><V110/><F2/><T129/><D107/><U51/><E0/><V95/><F39/><T131/><D71/><U38/><E77/><V99/><F54/><T56/><D113/><U91/><E103/><V48/><F48/><T59/><D59/><U104/><E104/><V62/><F62/><T78/><D132/><U70/><E91/><V33/><F33/><T108/><D127/><U135/><E94/><V128/><F128/><N who="0" m="49226" /><D92/><U100/><E100/><V40/><F40/><T122/><N who="0" m="31264" /><T85/><D108/><N who="2" m="41514" /><F34/><T112/><D112/><U47/><E135/><V32/><F32/><T37/><D82/><U90/><E38/><V42/><F42/><T72/><D85/><U114/><E114/><V36/><F36/><T120/><N who="0" m="30752" /><T86/><D86/><U106/><E46/><AGARI ba="1,0" hai="37,41,46,56,57,58,72,78,80,116,118" m="30752,31264,49226" machi="46" ten="30,8000,1" yaku="19,1,52,4" doraHai="115" who="0" fromWho="1" sc="408,82,402,-82,240,0,0,0" /><INIT seed="4,0,0,5,5,94" ten="490,320,240,0" oya="0" hai0="51,63,64,59,122,79,77,58,124,46,65,39,66" hai1="128,135,54,84,36,67,56,108,61,114,47,116,93" hai2="88,60,81,111,43,127,96,91,37,103,55,48,44" hai3=""/><T90/><N who="0" m="31264" /><T119/><D119/><U115/><E108/><V109/><F127/><T38/><D124/><U129/><E116/><V76/><F60/><T40/><D90/><U86/><E135/><V69/><F69/><T34/><D34/><U2/><E2/><V68/><F68/><T35/><D35/><U106/><E106/><V99/><F111/><T0/><D0/><U95/><E95/><V130/><F130/><N who="1" m="50281" /><E93/><V126/><F126/><T134/><D134/><U100/><E100/><V50/><F37/><N who="0" m="13834" /><D79/><U120/><N who="1" m="30752" /><U102/><E102/><V118/><F118/><T42/><D77/><U132/><E132/><V87/><F109/><T82/><D82/><U105/><E105/><V32/><F32/><T89/><D89/><N who="2" m="34378" /><F103/><T57/><D40/><U131/><E131/><V117/><F117/><T78/><D78/><U83/><E83/><V75/><F75/><T49/><D49/><U123/><N who="1" m="31520" /><U107/><E107/><V45/><AGARI ba="0,0" hai="43,44,45,48,50,55,76,81,87,96,99" m="34378" machi="45" ten="30,5900,0" yaku="8,1,52,2,54,1" doraHai="94" who="2" fromWho="2" sc="490,-39,320,-20,240,59,0,0" /><INIT seed="5,0,0,3,3,115" ten="451,300,299,0" oya="1" hai0="36,41,78,116,130,58,125,66,47,42,117,49,87" hai1="55,77,74,40,93,113,103,83,109,33,86,95,32" hai2="134,124,0,63,72,52,82,56,111,60,65,34,69" hai3=""/><U102/><E113/><V107/><F0/><T44/><D130/><U108/><E40/><V98/><F34/><T84/><D125/><U76/><E55/><V54/><F124/><T106/><D106/><U122/><N who="1" m="31264" /><U61/><E61/><V68/><F111/><N who="1" m="42569" /><E32/><V121/><N who="2" m="31008" /><V3/><F3/><T1/><D1/><U104/><E33/><V88/><F134/><T112/><D112/><U48/><E48/><V64/><F107/><T126/><D126/><U53/><E53/><V120/><N who="2" m="30752" /><V62/><F62/><T71/><D71/><U43/><E43/><V133/><F133/><T105/><D105/><U135/><E135/><V129/><F56/><T70/><D70/><U89/><E104/><V35/><F35/><T57/><D66/><U50/><E50/><V85/><F129/><T131/><D131/><U119/><E119/><N who="0" m="45641" /><D58/><U123/><N who="1" m="31520" /><U90/><E77/><V128/><F128/><T100/><D57/><U114/><E114/><V96/><F68/><T45/><D45/><U127/><E127/><V2/><F69/><T67/><D67/><U80/><E95/><V38/><F2/><T79/><D79/><U99/><AGARI ba="0,0" hai="74,76,80,83,86,89,90,93,99,102,103" m="31520,42569,31264" machi="99" ten="30,8000,1" yaku="10,1,34,2,52,2" doraHai="115" who="1" fromWho="1" sc="451,-40,300,80,299,-40,0,0" /><INIT seed="5,1,0,5,3,81" ten="411,380,259,0" oya="1" hai0="46,96,111,88,54,0,100,67,129,57,33,99,118" hai1="104,105,79,52,87,103,97,69,68,121,42,34,133" hai2="78,82,126,51,91,60,73,1,50,135,44,86,89" hai3=""/><U98/><N who="1" m="31008" /><U76/><E34/><V93/><F1/><T53/><D111/><U117/><E117/><V125/><F51/><T92/><D129/><U66/><E133/><V61/><F135/><T2/><D118/><U37/><E66/><V101/><F101/><T107/><D33/><U120/><N who="1" m="30752" /><U84/><E42/><V127/><REACH who="2" step="1"/><F91/><REACH who="2" ten="411,380,249,0" step="2"/><T45/><D0/><U63/><E103/><V123/><N who="2" m="31520" /><V35/><F35/><T41/><D2/><U95/><E37/><V47/><F47/><T80/><D45/><U71/><E104/><V38/><F38/><T58/><D107/><U48/><E105/><V59/><F59/><T122/><N who="0" m="31264" /><T110/><D110/><U62/><E48/><V106/><F106/><T134/><D134/><U74/><E69/><V112/><F112/><T72/><D58/><U85/><E68/><V119/><F119/><T64/><D57/><U130/><E71/><V43/><AGARI ba="1,1" hai="43,44,50,60,61,73,78,82,86,89,93,125,126,127" m="31520" machi="43" ten="30,6000,1" yaku="1,1,0,1,18,1,52,2,53,0" doraHai="81" doraHaiUra="65" who="2" fromWho="2" sc="411,-21,380,-41,249,72,0,0" /><INIT seed="6,0,0,4,3,94" ten="390,339,321,0" oya="2" hai0="129,87,77,93,127,78,81,3,75,51,62,74,135" hai1="52,35,119,95,56,40,70,32,42,123,92,41,68" hai2="58,115,96,88,63,91,38,84,0,34,133,82,76" hai3=""/><V55/><F0/><T132/><D3/><U86/><N who="1" m="31520" /><U80/><E119/><V83/><F34/><T50/><D127/><U90/><E32/><V97/><F115/><T102/><D129/><U89/><E35/><V98/><F38/><T79/><D62/><U72/><E72/><N who="0" m="27689" /><D51/><U110/><E110/><V107/><F133/><N who="0" m="51274" /><D50/><U106/><E106/><V99/><REACH who="2" step="1"/><F83/><REACH who="2" ten="390,339,311,0" step="2"/><T101/><D93/><U124/><E124/><V73/><F73/><T85/><D81/><U112/><E112/><V64/><F64/><T45/><D78/><U69/><REACH who="1" step="1"/><E90/><REACH who="1" ten="390,329,311,0" step="2"/><V103/><AGARI ba="0,2" hai="55,58,63,76,82,84,88,91,96,97,98,99,103,107" machi="103" ten="30,12000,2" yaku="1,1,0,1,52,4,54,1,53,0" doraHai="94" doraHaiUra="33" who="2" fromWho="2" sc="390,-60,329,-60,311,140,0,0" owari="330,-7.0,269,-33.0,451,40.0,0,0.0" /></mjloggm>