<mjloggm ver="2.3"><GO type="169" lobby="0"/><UN n0="%6B%75%72%69%6D%75" n1="%31%74%61" n2="%67%6F%74%61%70%6F%6F%68" n3="%E4%BF%AE%E5%A3%AB%33%E5%B9%B4" dan="18,17,16,17" rate="2265.67,2171.87,2184.60,2092.41" sx="M,M,M,M"/><TAIKYOKU oya="0"/><INIT seed="0,0,0,5,0,12" ten="250,250,250,250" oya="0" hai0="54,3,105,82,81,13,107,34,39,120,58,112,67" hai1="2,6,35,132,21,133,14,91,102,50,126,42,45" hai2="131,48,134,53,16,19,51,5,124,24,32,56,114" hai3="89,73,79,36,11,44,31,108,55,20,70,128,33"/><T111/><D120/><U106/><E126/><V86/><F114/><W123/><G70/><T8/><D34/><U119/><E119/><V4/><F124/><W25/><G108/><T84/><D39/><U65/><E65/><V66/><F134/><N who="1" m="51817" /><E35/><V23/><F131/><W18/><G128/><T9/><D112/><U69/><E69/><V125/><F125/><W93/><G123/><T83/><D67/><U103/><E106/><V109/><F109/><W121/><G121/><T59/><D111/><U17/><E91/><V135/><F135/><W115/><G115/><T22/><D84/><U110/><E110/><V122/><F122/><W94/><G73/><T101/><D101/><U92/><E92/><V68/><F32/><W74/><G74/><T129/><D129/><U72/><E72/><V30/><F51/><W64/><G79/><T117/><D117/><U95/><E95/><V40/><F40/><W127/><G127/><T99/><D99/><U43/><E42/><V57/><F68/><W118/><G118/><T49/><D59/><U46/><E46/><V76/><F76/><W100/><G64/><T130/><D130/><U98/><E98/><V28/><F28/><W113/><G113/><T41/><D41/><U90/><E90/><V97/><F97/><W63/><G33/><T80/><N who="0" m="20480" /><DORA hai="96" /><T85/><D85/><U77/><E77/><V62/><F86/><W37/><G100/><T15/><D105/><U61/><E61/><V38/><F38/><N who="3" m="14955" /><G89/><T27/><D107/><U116/><E116/><V26/><F30/><W104/><G104/><T71/><D71/><RYUUKYOKU ba="0,0" sc="250,-15,250,15,250,15,250,-15" hai1="2,6,14,17,21,43,45,50,102,103" hai2="4,5,16,19,23,24,26,48,53,56,57,62,66" /><INIT seed="1,1,0,4,0,50" ten="235,265,265,235" oya="1" hai0="103,65,31,8,117,70,114,126,64,119,24,12,66" hai1="73,36,57,98,124,59,47,45,120,53,89,19,77" hai2="52,115,111,40,16,131,118,62,15,72,107,58,56" hai3="100,63,71,123,122,0,132,106,33,25,38,32,74"/><U129/><E120/><V76/><F118/><W88/><G74/><T91/><D114/><U127/><E129/><V82/><F115/><W7/><G38/><T87/><D103/><U92/><E73/><V3/><F3/><W43/><G43/><T93/><D126/><N who="1" m="48171" /><E77/><V21/><F131/><W9/><G132/><T54/><D70/><U96/><E96/><V79/><F107/><W125/><G88/><T109/><D109/><U13/><E36/><V34/><F34/><N who="3" m="13419" /><G25/><T27/><D31/><U133/><E133/><V14/><F40/><W23/><G23/><T121/><D121/><U75/><E57/><V130/><F111/><W128/><G128/><T46/><D117/><U90/><E90/><V61/><F130/><W28/><G125/><T29/><D29/><U49/><E75/><V6/><F79/><W51/><G28/><T55/><D119/><U105/><E105/><V83/><F72/><W5/><G100/><T69/><D46/><U60/><E60/><V44/><F76/><W86/><G106/><T30/><D69/><U48/><E48/><V116/><F44/><W11/><G51/><T108/><D108/><U78/><E78/><V39/><F39/><W41/><G86/><T104/><D104/><U10/><AGARI ba="1,0" hai="10,13,19,45,47,49,53,59,89,92,98" m="48171" machi="10" ten="30,3000,0" yaku="18,1,52,1" doraHai="50" who="1" fromWho="1" sc="235,-11,265,33,265,-11,235,-11" /><INIT seed="1,2,0,4,0,101" ten="224,298,254,224" oya="1" hai0="55,115,82,33,70,73,107,86,48,111,97,69,118" hai1="4,130,75,134,1,89,43,99,17,59,94,13,34" hai2="31,87,65,52,119,63,66,53,56,79,131,0,90" hai3="62,47,71,67,127,64,49,100,60,24,116,28,123"/><U12/><E75/><V8/><F119/><W102/><G127/><T133/><D33/><U117/><E117/><V113/><F131/><W7/><G7/><T30/><D115/><U6/><E34/><V44/><F113/><W19/><G19/><T40/><D30/><U35/><E35/><V88/><F31/><W45/><G123/><T68/><D133/><U120/><E120/><V110/><F110/><W61/><G116/><T129/><D111/><U54/><E130/><V132/><F132/><W109/><G109/><T38/><D73/><U80/><E1/><V58/><F44/><W9/><G9/><T21/><D21/><U103/><E43/><V29/><F29/><W92/><G62/><T46/><D129/><U16/><E134/><V78/><F8/><W108/><G108/><T125/><D125/><U114/><E114/><V41/><F41/><W106/><G92/><T95/><D118/><U27/><E27/><V22/><F22/><W135/><G135/><T5/><D5/><N who="1" m="2155" /><E13/><V2/><F87/><W10/><G10/><T25/><D25/><U42/><E42/><V83/><F63/><W98/><G100/><T50/><D107/><U18/><E12/><V23/><F23/><W93/><G106/><T3/><D3/><U124/><E124/><V72/><F72/><W126/><G126/><T96/><D95/><U39/><E39/><V74/><F74/><W84/><G24/><T76/><D38/><U57/><E54/><V112/><F112/><W85/><G28/><T105/><D105/><U122/><E122/><V121/><F121/><W91/><G93/><RYUUKYOKU ba="2,0" sc="224,10,298,10,254,10,224,-30" hai0="40,46,48,50,55,68,69,70,76,82,86,96,97" hai1="16,17,18,57,59,80,89,94,99,103" hai2="0,2,52,53,56,58,65,66,78,79,83,88,90" /><INIT seed="1,3,0,3,0,41" ten="234,308,264,194" oya="1" hai0="6,58,105,50,86,95,64,70,110,74,91,44,39" hai1="51,120,82,73,30,9,15,19,43,99,53,27,106" hai2="4,77,98,107,67,87,63,23,94,42,68,128,28" hai3="21,11,2,24,34,57,81,59,118,123,101,130,75"/><U46/><E120/><V62/><F128/><W0/><G123/><T124/><D110/><U89/><E106/><V32/><F4/><W125/><G34/><T79/><D124/><U131/><E131/><V33/><F63/><W102/><G130/><T122/><D105/><U60/><E73/><V37/><F23/><W29/><G125/><T113/><D113/><U7/><E7/><V18/><F18/><W1/><G118/><T97/><D39/><U76/><E76/><V56/><F56/><W135/><G11/><T3/><D6/><U25/><E99/><V5/><F5/><W84/><G75/><T13/><D3/><U71/><E71/><V16/><F16/><W66/><G57/><T52/><D13/><U108/><E108/><V133/><F77/><W100/><G59/><T35/><D74/><U45/><E30/><V109/><F87/><W96/><G66/><T80/><D70/><U12/><E12/><V47/><F109/><W90/><REACH who="3" step="1"/><G135/><REACH who="3" ten="234,308,264,184" step="2"/><T72/><D35/><U31/><E60/><V93/><F133/><W134/><G134/><T61/><D122/><U126/><E126/><V104/><F33/><W129/><G129/><T49/><D72/><U121/><E121/><V88/><REACH who="2" step="1"/><F94/><AGARI ba="3,1" hai="0,1,2,21,24,29,81,84,90,94,96,100,101,102" machi="94" ten="40,1300,0" yaku="1,1,53,0" doraHai="41" doraHaiUra="48" who="3" fromWho="2" sc="234,0,308,0,264,-22,184,32" /><INIT seed="2,0,0,1,0,65" ten="234,308,242,216" oya="2" hai0="95,68,39,55,97,10,36,113,132,54,20,94,24" hai1="45,52,117,96,41,90,110,114,135,119,131,0,102" hai2="111,120,86,108,6,11,83,76,46,98,7,72,80" hai3="128,116,130,56,14,40,4,99,74,79,123,82,16"/><V109/><F120/><W115/><G116/><T60/><D113/><U77/><E114/><V59/><F98/><W34/><G115/><T67/><D132/><U18/><E0/><V126/><F126/><W85/><G123/><T78/><D78/><U12/><E110/><V51/><F59/><W25/><G40/><T129/><D129/><U43/><E131/><V49/><F49/><W105/><G56/><T53/><D10/><U81/><E135/><V35/><F35/><W91/><G4/><T100/><REACH who="0" step="1"/><D95/><REACH who="0" ten="224,308,242,216" step="2"/><N who="1" m="58655" /><E77/><N who="2" m="46447" /><F11/><W92/><G130/><T66/><D66/><U87/><E119/><V84/><F72/><W127/><G128/><T15/><D15/><U118/><E118/><V69/><F69/><W32/><G127/><T93/><D93/><U133/><E133/><V33/><F33/><W61/><G25/><T27/><D27/><U48/><E117/><V47/><F47/><W58/><G74/><T17/><AGARI ba="0,1" hai="17,20,24,36,39,53,54,55,60,67,68,94,97,100" machi="17" ten="30,4000,0" yaku="1,1,0,1,52,1,53,0" doraHai="65" doraHaiUra="44" who="0" fromWho="0" sc="224,50,308,-10,242,-20,216,-10" /><INIT seed="3,0,0,2,0,125" ten="274,298,222,206" oya="3" hai0="96,112,48,78,114,37,27,97,108,46,117,89,73" hai1="18,90,7,83,62,44,36,63,56,103,29,59,30" hai2="104,24,22,68,55,84,98,28,11,134,3,13,58" hai3="57,76,127,49,4,132,39,120,1,15,69,12,32"/><W77/><G69/><T81/><D37/><U67/><E7/><V50/><F134/><W79/><G39/><T26/><D117/><U93/><E36/><V34/><F68/><W42/><G120/><T14/><D108/><U102/><E44/><V107/><F98/><W85/><G32/><T17/><D96/><N who="1" m="57399" /><E18/><V43/><F43/><W111/><G127/><T86/><D97/><U121/><E121/><V126/><F126/><W66/><G132/><T95/><D112/><U88/><E83/><V23/><F23/><W116/><G116/><T130/><D114/><U38/><E88/><V72/><F72/><W60/><G111/><T52/><D130/><U54/><E38/><V92/><F92/><W25/><G25/><T9/><AGARI ba="0,0" hai="9,14,17,26,27,46,48,52,73,78,81,86,89,95" machi="9" ten="20,2700,0" yaku="0,1,7,1,54,1" doraHai="125" who="0" fromWho="0" sc="274,27,298,-7,222,-7,206,-13" /><INIT seed="4,0,0,0,3,45" ten="301,291,215,193" oya="0" hai0="64,34,68,131,22,24,74,106,7,126,38,81,49" hai1="93,12,122,43,27,87,32,70,62,3,97,17,5" hai2="94,77,114,66,127,18,88,19,23,60,133,130,10" hai3="85,110,28,128,124,57,86,108,48,96,105,120,129"/><T90/><D106/><U89/><E122/><V33/><F33/><W111/><G28/><T13/><D38/><U6/><E43/><V44/><F114/><W103/><G120/><T14/><D34/><U104/><E3/><V31/><F130/><N who="3" m="50283" /><G124/><T119/><D119/><U21/><E70/><V112/><F112/><W29/><G29/><T58/><D126/><U98/><E62/><V115/><F115/><W53/><AGARI ba="0,0" hai="48,53,57,85,86,96,103,105,108,110,111" m="50283" machi="53" ten="40,2700,0" yaku="19,1,52,1" doraHai="45" who="3" fromWho="3" sc="301,-13,291,-7,215,-7,193,27" /><INIT seed="5,0,0,2,0,82" ten="288,284,208,220" oya="1" hai0="98,18,22,27,72,109,95,59,69,21,57,19,2" hai1="114,17,75,119,111,63,34,85,101,117,52,36,31" hai2="54,132,7,33,6,10,106,11,87,130,78,44,133" hai3="110,16,123,115,62,80,38,70,65,56,125,49,105"/><U14/><E75/><V103/><F33/><W108/><G105/><T89/><D109/><U53/><E111/><V3/><F130/><W135/><G123/><T60/><D72/><U128/><E128/><V12/><F103/><W47/><G115/><T0/><D69/><U39/><E114/><V26/><F106/><W118/><G125/><T77/><D77/><U51/><E101/><V90/><F26/><W121/><G121/><T92/><D95/><U73/><E73/><V96/><F96/><W88/><G135/><T131/><D131/><U112/><E112/><V45/><F78/><W116/><G70/><T42/><D42/><U122/><E122/><V32/><F32/><W4/><G4/><T43/><D43/><U58/><E31/><V29/><F29/><W74/><G38/><T35/><D57/><U25/><E25/><V9/><F9/><W15/><G74/><T24/><REACH who="0" step="1"/><D35/><REACH who="0" ten="278,284,208,220" step="2"/><U13/><E34/><V30/><F133/><W107/><G107/><T5/><D5/><U8/><E119/><V61/><F132/><W93/><G108/><T71/><D71/><U129/><E117/><V48/><F30/><W41/><G110/><T37/><D37/><U40/><E129/><V102/><F102/><W94/><G116/><T23/><D23/><U50/><E40/><V83/><REACH who="2" step="1"/><F61/><REACH who="2" ten="278,284,198,220" step="2"/><W20/><G118/><T99/><D99/><U28/><E63/><V104/><F104/><W84/><AGARI ba="0,2" hai="15,16,20,41,47,49,56,62,65,80,84,88,93,94" machi="84" ten="30,8000,1" yaku="0,1,8,1,52,1,54,2" doraHai="82" who="3" fromWho="3" sc="278,-20,284,-40,198,-20,220,100" /><INIT seed="6,0,0,5,1,118" ten="258,244,178,320" oya="2" hai0="35,71,53,97,130,46,16,54,67,28,68,132,74" hai1="7,9,30,59,26,85,127,106,50,62,33,20,21" hai2="63,56,122,3,14,69,55,100,75,89,72,134,129" hai3="38,88,117,87,64,78,92,131,45,81,82,10,111"/><V32/><F3/><W2/><G111/><T108/><D74/><U110/><E110/><V123/><F32/><W102/><G117/><T91/><D108/><U112/><E112/><V113/><F100/><W101/><G131/><T98/><D28/><U18/><E106/><V73/><F113/><W42/><G64/><T80/><D35/><U128/><E128/><V8/><F129/><W5/><G82/><T39/><D132/><U51/><E127/><V116/><F116/><W93/><G92/><T40/><D130/><U119/><E119/><V109/><F109/><W61/><G61/><T70/><D67/><U83/><E7/><V31/><F31/><W124/><G124/><T57/><D54/><N who="1" m="34167" /><E9/><V66/><F89/><W49/><G49/><T95/><D80/><U52/><E33/><V103/><F103/><W19/><G19/><T104/><D16/><U115/><E52/><V4/><REACH who="2" step="1"/><F134/><REACH who="2" ten="258,244,168,320" step="2"/><W0/><G0/><T120/><D120/><U65/><E115/><V94/><F94/><W1/><G1/><T77/><D104/><U37/><E65/><V24/><F24/><W27/><G27/><T44/><D77/><N who="1" m="46319" /><E37/><V105/><F105/><W34/><G34/><T25/><D25/><AGARI ba="0,1" hai="18,20,21,25,26,30,50,51" m="46319,34167" machi="25" ten="30,1000,0" yaku="8,1" doraHai="118" who="1" fromWho="0" sc="258,-10,244,20,168,0,320,0" /><INIT seed="7,0,0,5,5,63" ten="248,264,168,320" oya="3" hai0="23,53,116,52,56,130,86,114,135,79,54,1,129" hai1="17,83,80,122,12,119,121,21,32,5,39,132,31" hai2="112,26,110,51,88,37,2,29,106,111,35,128,71" hai3="124,50,123,16,105,84,118,96,76,90,78,67,74"/><W104/><G118/><T0/><D116/><U18/><E119/><V43/><F112/><W41/><G123/><T45/><D135/><U42/><E132/><V131/><F51/><W94/><G67/><T97/><D45/><U9/><E42/><V95/><F106/><W40/><G124/><T103/><D56/><U58/><E39/><V55/><F2/><W113/><G113/><T82/><D23/><U98/><E58/><V101/><F101/><W134/><G104/><T93/><REACH who="0" step="1"/><D114/><REACH who="0" ten="238,264,168,320" step="2"/><U6/><E98/><V69/><F37/><W59/><G134/><T30/><D30/><U77/><E83/><V46/><F43/><W13/><G40/><T3/><AGARI ba="0,1" hai="0,1,3,52,53,54,79,82,86,93,97,103,129,130" machi="3" ten="40,5200,0" yaku="1,1,0,1,54,1,53,0" doraHai="63" doraHaiUra="57" who="0" fromWho="0" sc="238,62,264,-13,168,-13,320,-26" owari="300,40.0,251,-15.0,155,-34.0,294,9.0" /></mjloggm>