<mjloggm ver="2.3"><GO type="169" lobby="0"/><UN n0="%E3%81%B2%E3%81%A3%E3%81%93%E3%82%8D%32%36" n1="%E8%B7%AF%E5%9C%B0%E8%A3%8F%E3%81%AE%E3%81%B2%E3%81%BE%E3%82%8F%E3%82%8A" n2="%50%45%41%43%45%31%30" n3="%E3%81%AF%E3%81%98%E3%82%81%E3%81%A3%E3%81%A1" dan="16,16,16,17" rate="2119.64,2136.46,2185.03,2209.60" sx="M,M,M,F"/><TAIKYOKU oya="0"/><INIT seed="0,0,0,2,0,99" ten="250,250,250,250" oya="0" hai0="0,93,60,94,43,16,14,110,124,107,135,104,57" hai1="61,24,65,88,9,103,71,50,86,51,29,11,120" hai2="27,56,12,64,95,113,116,84,121,82,21,92,36" hai3="111,129,122,23,54,90,59,4,28,78,125,73,74"/><T108/><D0/><U3/><E120/><V72/><F113/><W15/><G122/><T76/><D135/><U48/><E3/><V26/><F121/><W106/><G111/><N who="0" m="42539" /><D124/><U100/><E9/><V67/><F36/><W6/><G125/><T49/><D76/><U19/><E19/><N who="2" m="10471" /><F72/><W34/><G34/><T96/><D49/><U44/><E11/><V119/><F56/><W89/><G106/><T8/><D43/><U70/><E70/><V39/><F39/><W30/><G23/><T5/><D5/><U46/><E46/><V22/><F26/><W62/><G78/><T33/><D33/><U105/><E105/><N who="0" m="40521" /><D96/><U10/><E10/><V101/><F119/><W25/><G6/><T79/><D79/><U13/><E13/><V41/><F41/><W87/><G15/><T31/><D31/><U117/><E117/><V118/><F118/><W58/><G4/><T55/><AGARI ba="0,0" hai="8,14,16,55,57,60,93,94" m="40521,42539" machi="55" ten="30,6000,0" yaku="14,1,10,1,54,1" doraHai="99" who="0" fromWho="0" sc="250,60,250,-20,250,-20,250,-20" /><INIT seed="0,1,0,2,1,47" ten="310,230,230,230" oya="0" hai0="65,0,77,117,87,9,48,52,123,69,2,115,1" hai1="35,49,86,78,131,60,82,26,100,98,80,101,36" hai2="11,134,27,44,42,132,66,16,7,107,93,53,96" hai3="28,97,92,6,74,70,119,105,109,71,84,37,51"/><T120/><D117/><U34/><E36/><V54/><F107/><W55/><G37/><T17/><D115/><U106/><E131/><V75/><F75/><W39/><G39/><T21/><D69/><U72/><E101/><V61/><F134/><W129/><G74/><T116/><D116/><U67/><E26/><V91/><F132/><W46/><G119/><T23/><D65/><U56/><REACH who="1" step="1"/><E49/><REACH who="1" ten="310,220,230,230" step="2"/><N who="2" m="26775" /><F7/><W89/><G6/><T15/><D123/><U12/><E12/><N who="2" m="7199" /><F27/><W76/><G129/><T130/><D130/><U79/><AGARI ba="1,1" hai="34,35,56,60,67,72,78,79,80,82,86,98,100,106" machi="79" ten="20,5200,0" yaku="1,1,0,1,7,1,53,1" doraHai="47" doraHaiUra="104" who="1" fromWho="1" sc="310,-27,220,65,230,-14,230,-14" /><INIT seed="1,0,0,3,5,43" ten="283,285,216,216" oya="1" hai0="135,1,2,71,33,114,12,94,78,112,21,46,62" hai1="14,107,11,98,93,92,20,10,83,131,26,6,18" hai2="123,60,128,82,3,63,91,77,118,105,113,133,58" hai3="25,41,89,16,28,17,101,52,109,75,116,49,48"/><U37/><E131/><V66/><F118/><W70/><G109/><T42/><D33/><U45/><E83/><V110/><F123/><W76/><G116/><T95/><D78/><U23/><E23/><V44/><F105/><W39/><G70/><T53/><D53/><U120/><E120/><V129/><F3/><W55/><G39/><T40/><D12/><U50/><E37/><V86/><F113/><W126/><G126/><T103/><D62/><U61/><E61/><V51/><F110/><W34/><G101/><T24/><D103/><U5/><E107/><V29/><F133/><W117/><G117/><T38/><D71/><U102/><E92/><V124/><F124/><W96/><G41/><T47/><D21/><U32/><E32/><V19/><F29/><W79/><G75/><T56/><D38/><U121/><E121/><V31/><F31/><W36/><G36/><T106/><D106/><U115/><E115/><V68/><F19/><W69/><G69/><T132/><D56/><U4/><REACH who="1" step="1"/><E11/><REACH who="1" ten="283,275,216,216" step="2"/><V54/><REACH who="2" step="1"/><F77/><REACH who="2" ten="283,275,206,216" step="2"/><W35/><G76/><T15/><REACH who="0" step="1"/><D15/><REACH who="0" ten="273,275,206,216" step="2"/><U87/><E87/><V64/><AGARI ba="0,3" hai="44,51,54,58,60,63,64,66,68,82,86,91,128,129" machi="64" ten="30,7900,0" yaku="1,1,2,1,0,1,52,1,53,0" doraHai="43" doraHaiUra="90" who="2" fromWho="2" sc="273,-20,275,-39,206,109,216,-20" /><INIT seed="2,0,0,5,0,10" ten="253,236,315,196" oya="2" hai0="41,31,118,79,126,26,119,91,134,55,44,84,49" hai1="133,83,34,97,107,39,54,108,11,52,58,74,53" hai2="129,109,5,36,102,47,6,20,68,50,116,122,80" hai3="69,123,37,78,120,29,59,130,16,88,81,111,8"/><V95/><F122/><W12/><G69/><T42/><D134/><U110/><E133/><V85/><F116/><N who="0" m="44586" /><D79/><U24/><E39/><V90/><F68/><W30/><G111/><N who="1" m="42538" /><E74/><V7/><F36/><W94/><G130/><T48/><D126/><U73/><E73/><V87/><F109/><W32/><G37/><T71/><D49/><N who="1" m="30991" /><E83/><V113/><F113/><W93/><G93/><N who="0" m="54503" /><D71/><U28/><E11/><V115/><F115/><W86/><G32/><AGARI ba="0,0" hai="26,31,32,41,42,44,48,55" m="54503,44586" machi="32" ten="30,1000,0" yaku="12,1" doraHai="10" who="0" fromWho="3" sc="253,10,236,0,315,0,196,-10" /><INIT seed="3,0,0,2,5,106" ten="263,236,315,186" oya="3" hai0="126,8,17,11,60,7,71,101,23,102,80,47,1" hai1="55,6,38,40,83,12,57,59,30,93,52,81,95" hai2="74,28,34,42,85,117,49,130,134,131,78,36,48" hai3="21,82,69,32,5,9,103,104,62,107,98,75,99"/><W44/><G32/><T13/><D126/><U120/><E120/><V14/><F117/><W86/><G44/><T121/><D121/><U132/><E132/><V43/><F85/><W54/><G21/><T108/><D108/><U90/><E30/><V58/><F28/><W119/><G119/><T67/><D47/><U61/><E40/><V116/><F34/><W26/><G26/><T56/><D71/><U68/><E68/><V33/><F33/><W112/><G112/><T10/><D80/><N who="1" m="30795" /><E38/><V129/><F116/><W64/><G54/><T29/><D29/><U15/><E6/><V31/><F31/><W110/><G110/><T79/><D79/><U27/><E27/><V133/><F36/><W100/><G75/><T35/><D35/><U97/><E93/><V127/><F14/><W20/><G20/><T87/><D87/><U46/><E46/><N who="2" m="25687" /><F78/><W105/><G105/><T72/><D72/><U37/><E37/><V41/><F74/><W4/><REACH who="3" step="1"/><G9/><REACH who="3" ten="263,236,315,176" step="2"/><T114/><D114/><U91/><E91/><AGARI ba="0,1" hai="4,5,62,64,69,82,86,91,98,99,100,103,104,107" machi="91" ten="30,11600,0" yaku="1,1,2,1,7,1,9,1,53,0" doraHai="106" doraHaiUra="128" who="3" fromWho="1" sc="263,0,236,-116,315,0,176,126" /><INIT seed="3,1,0,3,4,45" ten="263,120,315,302" oya="3" hai0="72,82,97,30,77,133,135,67,28,10,132,114,11" hai1="107,83,57,108,59,16,35,78,88,6,121,125,80" hai2="81,61,134,91,1,24,111,130,0,65,3,100,116" hai3="2,53,112,22,34,68,29,60,84,58,5,129,4"/><W75/><G112/><T48/><D114/><U87/><E121/><V124/><F116/><W73/><G34/><T7/><D97/><U39/><E108/><V32/><F111/><W43/><G129/><T106/><D106/><U12/><E125/><V102/><F130/><W115/><G115/><T76/><D67/><U25/><E107/><V36/><F36/><W90/><G68/><T98/><D98/><U44/><E6/><V14/><F124/><W69/><G69/><T9/><D7/><U33/><E39/><V95/><F81/><W42/><G73/><T103/><D103/><U123/><E123/><V27/><F14/><W104/><G75/><T126/><D126/><U71/><E44/><V92/><F32/><W64/><G104/><T21/><D21/><U38/><E38/><V105/><F105/><W49/><G2/><T19/><D19/><U8/><E71/><V113/><F95/><N who="3" m="54727" /><G60/><T26/><D26/><U120/><E120/><V99/><F113/><W23/><G64/><T117/><D117/><U118/><E118/><V63/><F63/><W52/><G53/><T93/><D93/><U127/><E127/><V18/><F61/><W101/><G101/><T47/><D77/><U54/><E54/><AGARI ba="1,0" hai="9,10,11,28,30,47,48,54,72,76,82,132,133,135" machi="54" ten="50,3200,0" yaku="20,1,52,1" doraHai="45" who="0" fromWho="1" sc="263,35,120,-35,315,0,302,0" /><INIT seed="4,0,0,3,3,47" ten="298,85,315,302" oya="0" hai0="93,118,104,94,121,55,36,74,71,135,24,73,83" hai1="91,15,107,2,32,68,20,97,66,5,56,90,61" hai2="72,64,106,0,99,37,87,102,119,34,8,100,127" hai3="117,43,84,23,105,124,120,35,21,19,101,79,50"/><T51/><D121/><U26/><E2/><V17/><F72/><W129/><G35/><T75/><D71/><U98/><E98/><V92/><F34/><W65/><G117/><T130/><D36/><U96/><E96/><V3/><F37/><W29/><G105/><T11/><D118/><U57/><E90/><V131/><F131/><W111/><G101/><T4/><D104/><U27/><E27/><V62/><F127/><W95/><G111/><T38/><D38/><U46/><E46/><V114/><F114/><W63/><G124/><T30/><D130/><U89/><E89/><V41/><F41/><W10/><G29/><T85/><D135/><U81/><E81/><V134/><F102/><W109/><G109/><T70/><D70/><U53/><E53/><V125/><F134/><W115/><G115/><T78/><D11/><U48/><E48/><V9/><F9/><W25/><G10/><T126/><D4/><U7/><E15/><N who="2" m="7399" /><F125/><W86/><G129/><T14/><D14/><U18/><E32/><V33/><F33/><W82/><G23/><T42/><D42/><U1/><E1/><V116/><F116/><W54/><G43/><T103/><D126/><U77/><E107/><V31/><F31/><W49/><G120/><T122/><D103/><U80/><E5/><V113/><F113/><W12/><G12/><T13/><D13/><U6/><E7/><V22/><F22/><W52/><G25/><T40/><D40/><U67/><E6/><V69/><F119/><W58/><G21/><N who="0" m="15631" /><D122/><U133/><E133/><V76/><F106/><W44/><G19/><RYUUKYOKU ba="0,0" sc="298,15,85,-15,315,15,302,-15" hai0="51,55,73,74,75,78,83,85,93,94" hai2="0,3,62,64,69,76,87,92,99,100" /><INIT seed="4,1,0,4,3,119" ten="313,70,330,287" oya="0" hai0="0,88,113,31,92,63,19,43,130,62,76,110,12" hai1="35,51,120,5,25,127,94,60,79,20,101,91,98" hai2="7,44,57,106,6,133,69,105,23,66,38,81,64" hai3="118,50,96,45,129,135,8,14,26,16,77,83,24"/><T59/><D113/><U99/><E120/><V103/><F69/><W116/><G129/><T89/><D130/><U29/><E127/><V17/><F133/><W36/><G135/><T28/><D0/><U3/><E79/><V40/><F81/><W41/><G96/><T86/><D43/><U128/><E128/><V114/><F114/><W61/><G36/><T48/><D110/><U90/><E51/><V132/><F132/><W11/><G116/><T112/><D112/><U37/><E37/><V117/><F117/><W75/><G118/><T55/><D76/><U80/><E80/><V56/><F56/><W108/><G108/><T32/><D32/><U39/><E39/><V21/><F21/><W82/><G82/><T65/><D89/><U42/><E42/><V104/><F103/><W100/><G100/><T121/><D63/><U124/><E124/><V102/><F57/><W58/><REACH who="3" step="1"/><G8/><REACH who="3" ten="313,70,330,277" step="2"/><T109/><D109/><U84/><E99/><V68/><F102/><W33/><G33/><T70/><D121/><U134/><E134/><V67/><REACH who="2" step="1"/><F68/><REACH who="2" ten="313,70,320,277" step="2"/><W125/><G125/><T46/><D70/><U111/><E35/><V30/><F30/><W93/><G93/><T18/><D18/><U74/><E111/><V10/><F10/><AGARI ba="1,2" hai="10,12,19,28,31,46,48,55,59,62,65,86,88,92" machi="10" ten="30,5800,0" yaku="7,1,8,1,54,1" doraHai="119" who="0" fromWho="2" sc="313,81,70,0,320,-61,277,0" /><INIT seed="4,2,0,3,5,32" ten="394,70,259,277" oya="0" hai0="70,58,44,79,43,39,16,118,103,99,89,82,88" hai1="67,133,109,112,104,54,40,76,85,77,15,49,78" hai2="90,50,111,75,17,73,3,106,24,122,134,68,107" hai3="35,130,0,59,114,110,91,55,87,65,96,64,46"/><T125/><D118/><U94/><E109/><V113/><F111/><W62/><G110/><T22/><D125/><U19/><E104/><V57/><F122/><W37/><G114/><T51/><D70/><U45/><E112/><V29/><F68/><W71/><G35/><T5/><D5/><U80/><E133/><V72/><F113/><W25/><G25/><T33/><D33/><U98/><E67/><V48/><F17/><W84/><G65/><T126/><D126/><U30/><E30/><V8/><F90/><W66/><G66/><T26/><D58/><U81/><E40/><V38/><F38/><W63/><G130/><T20/><D20/><U132/><E132/><V123/><F123/><W131/><G131/><T83/><D83/><U102/><REACH who="1" step="1"/><E81/><REACH who="1" ten="394,60,259,277" step="2"/><V116/><F134/><W6/><G64/><T31/><D31/><U47/><E47/><V13/><F107/><W2/><G71/><T86/><D39/><U36/><E36/><V42/><F106/><AGARI ba="2,1" hai="16,22,26,43,44,51,79,82,86,88,89,99,103,106" machi="106" ten="30,5800,0" yaku="7,1,54,2" doraHai="32" who="0" fromWho="2" sc="394,74,60,0,259,-64,277,0" /><INIT seed="4,3,0,1,5,90" ten="468,60,195,277" oya="0" hai0="63,122,39,50,106,56,20,25,8,88,98,72,36" hai1="75,67,23,22,81,116,80,2,110,45,114,82,26" hai2="73,18,5,62,24,74,83,132,103,31,101,120,10" hai3="79,125,49,96,128,47,55,37,42,64,51,71,27"/><T29/><D122/><U13/><E110/><V54/><F120/><W131/><G79/><T117/><D72/><U76/><E2/><V69/><F18/><W99/><G125/><T112/><D117/><U46/><E116/><V70/><F132/><W4/><G4/><T1/><D112/><U28/><E114/><V6/><F54/><W127/><G127/><T105/><D50/><U85/><E67/><V118/><F118/><W86/><G86/><T52/><D39/><U17/><REACH who="1" step="1"/><E81/><REACH who="1" ten="468,50,195,277" step="2"/><V93/><F83/><W113/><G113/><T7/><REACH who="0" step="1"/><D36/><REACH who="0" ten="458,50,195,277" step="2"/><U126/><E126/><V38/><F38/><W9/><G37/><T77/><D77/><AGARI ba="3,2" hai="13,17,22,23,26,28,45,46,75,76,77,80,82,85" machi="77" ten="30,2000,0" yaku="1,1,7,1,53,0" doraHai="90" doraHaiUra="57" who="1" fromWho="0" sc="458,-29,50,49,195,0,277,0" /><INIT seed="5,0,0,0,0,79" ten="429,99,195,277" oya="1" hai0="80,2,120,105,135,17,54,49,96,102,131,126,26" hai1="125,114,23,58,99,6,129,35,74,22,113,29,34" hai2="71,14,90,57,3,30,93,89,55,41,43,84,44" hai3="108,124,48,69,134,70,12,46,95,1,115,33,66"/><U65/><E74/><V123/><F123/><W77/><G1/><T130/><D120/><U103/><E6/><V127/><F71/><W132/><G33/><T85/><D135/><N who="3" m="51753" /><G108/><T87/><D126/><U4/><E4/><V75/><F75/><W94/><G115/><N who="1" m="44042" /><E125/><V121/><F121/><W73/><G124/><T7/><D7/><U92/><E129/><N who="0" m="49161" /><D2/><U15/><E15/><V24/><F3/><W32/><G32/><N who="1" m="12330" /><E29/><V52/><F14/><W53/><G12/><T104/><D26/><U110/><E110/><V97/><F127/><W16/><G16/><T21/><D17/><U63/><AGARI ba="0,0" hai="22,23,58,63,65,92,99,103" m="12330,44042" machi="63" ten="40,2100,0" yaku="15,1" doraHai="79" who="1" fromWho="1" sc="429,-7,99,21,195,-7,277,-7" /><INIT seed="5,1,0,4,2,102" ten="422,120,188,270" oya="1" hai0="120,49,68,127,112,109,53,17,52,0,89,36,48" hai1="59,100,107,132,91,61,76,55,72,114,121,64,16" hai2="86,44,18,118,70,11,46,45,9,78,79,23,80" hai3="124,134,110,31,135,7,12,83,62,58,32,126,60"/><U101/><E121/><V28/><F118/><W92/><G110/><T117/><D109/><U24/><E114/><V125/><F125/><N who="3" m="48235" /><G83/><T51/><D36/><U87/><E132/><N who="3" m="50730" /><G92/><T115/><D68/><U27/><E72/><V69/><F28/><W4/><G12/><T133/><D120/><U82/><E76/><V105/><F105/><W77/><G77/><T94/><D117/><U130/><E130/><V39/><F39/><W71/><G71/><T81/><D81/><U38/><E38/><V131/><F69/><W29/><G60/><T43/><D127/><U95/><E107/><V84/><F131/><W128/><G128/><T93/><D0/><U122/><E122/><V41/><F70/><W129/><G129/><T106/><D43/><U65/><E27/><V99/><F99/><W75/><G75/><T85/><D106/><U34/><E34/><V10/><F41/><W104/><G104/><T13/><D94/><U74/><E74/><V90/><REACH who="2" step="1"/><F86/><REACH who="2" ten="422,120,178,270" step="2"/><W119/><G119/><T35/><D133/><U66/><REACH who="1" step="1"/><E95/><REACH who="1" ten="422,110,178,270" step="2"/><V73/><F73/><W6/><G32/><T56/><D35/><U63/><E63/><V15/><AGARI ba="1,2" hai="9,10,11,15,18,23,44,45,46,78,79,80,84,90" machi="15" ten="30,12000,2" yaku="1,1,0,1,8,1,53,3" doraHai="102" doraHaiUra="40" who="2" fromWho="2" sc="422,-31,110,-61,178,143,270,-31" /><INIT seed="6,0,0,0,0,65" ten="391,49,321,239" oya="2" hai0="34,88,36,113,107,116,53,128,86,123,79,91,0" hai1="118,121,73,49,129,43,32,37,84,58,24,115,72" hai2="28,112,47,7,99,82,55,127,45,122,15,48,41" hai3="18,13,57,21,109,26,33,40,101,134,11,27,85"/><V51/><F122/><W98/><G109/><T17/><D123/><U81/><E118/><V9/><F112/><W70/><G134/><T66/><D107/><U5/><E121/><V16/><F127/><W25/><G40/><T59/><D34/><U74/><E115/><V42/><F28/><W126/><G126/><T87/><D36/><U94/><E37/><V104/><F104/><W52/><G33/><T130/><D0/><U39/><E39/><V76/><F99/><W96/><G85/><N who="0" m="32267" /><D66/><U2/><E94/><V12/><F55/><W103/><G70/><T64/><D64/><U44/><E129/><N who="0" m="49769" /><D79/><U117/><E117/><V133/><F133/><W89/><G11/><T78/><D78/><U14/><E58/><V102/><F102/><N who="3" m="38923" /><G89/><T63/><D116/><U69/><E2/><V54/><F54/><W93/><G93/><T110/><D110/><U10/><E69/><V119/><F119/><W1/><G1/><T3/><D3/><U29/><REACH who="1" step="1"/><E72/><REACH who="1" ten="391,39,321,239" step="2"/><V35/><F35/><W106/><G106/><T8/><D113/><U50/><E50/><AGARI ba="0,1" hai="13,18,21,25,26,27,50,52,57,96,98" m="38923" machi="50" ten="30,2000,0" yaku="8,1,54,1" doraHai="65" who="3" fromWho="1" sc="391,0,39,-20,321,0,239,30" /><INIT seed="7,0,0,2,0,56" ten="391,19,321,269" oya="3" hai0="37,24,135,1,42,114,46,116,53,124,126,102,31" hai1="109,63,89,41,100,47,98,57,90,35,43,111,110" hai2="4,28,59,85,130,96,71,8,18,108,120,121,125" hai3="131,68,49,11,101,77,73,39,51,3,23,128,27"/><W36/><G68/><T13/><D114/><U29/><E47/><V61/><F108/><W83/><G101/><T62/><D1/><U21/><E57/><V105/><F71/><W122/><G122/><N who="2" m="47209" /><F28/><W127/><G127/><N who="0" m="48683" /><D62/><U64/><E64/><N who="2" m="38975" /><F125/><W66/><G66/><T60/><D60/><U44/><E63/><V78/><F18/><N who="3" m="12791" /><G11/><T107/><D53/><U119/><E44/><V26/><F26/><W70/><G70/><T0/><D0/><U30/><E100/><N who="2" m="62599" /><F130/><N who="3" m="49707" /><G3/><T93/><D107/><U50/><E50/><AGARI ba="0,0" hai="36,39,49,50,51,73,77,83" m="49707,12791" machi="50" ten="30,1500,0" yaku="19,1" doraHai="56" who="3" fromWho="1" sc="391,0,19,-15,321,0,269,15" /><INIT seed="7,1,0,1,2,120" ten="391,4,321,284" oya="3" hai0="55,71,37,106,43,75,53,10,57,42,126,69,70" hai1="72,123,46,20,102,114,23,67,14,12,17,113,2" hai2="74,1,61,82,98,133,87,16,54,66,83,7,132" hai3="64,119,96,26,88,48,8,33,31,39,52,100,6"/><W41/><G119/><T103/><D75/><U13/><E72/><V130/><F1/><W89/><G64/><T47/><D103/><U129/><E102/><V22/><F7/><W36/><G41/><N who="0" m="22959" /><D106/><U27/><E67/><V30/><F30/><W94/><G39/><T0/><D10/><U104/><E104/><V34/><F34/><W90/><G36/><T112/><D0/><U80/><E80/><V91/><F130/><W60/><G60/><N who="0" m="35887" /><D126/><U121/><E46/><V29/><F54/><W107/><G107/><T84/><D84/><U128/><E2/><V108/><F29/><W49/><REACH who="3" step="1"/><G52/><REACH who="3" ten="391,4,321,274" step="2"/><T135/><D55/><U122/><E27/><N who="2" m="14791" /><F98/><W28/><G28/><T44/><D42/><U116/><E116/><V95/><F61/><W99/><G99/><T24/><D24/><U59/><E59/><V5/><F66/><W51/><G51/><N who="0" m="27039" /><D135/><N who="2" m="51786" /><F74/><W73/><G73/><T45/><D45/><U85/><E85/><V62/><F62/><W124/><G124/><T21/><D71/><U86/><E86/><V76/><F5/><W32/><G32/><T68/><D69/><U110/><E17/><V63/><F63/><W35/><G35/><T79/><D68/><U56/><E56/><V3/><F3/><AGARI ba="1,1" hai="3,6,8,26,31,33,48,49,88,89,90,94,96,100" machi="3" ten="40,7700,0" yaku="1,1,54,1,53,1" doraHai="120" doraHaiUra="92" who="3" fromWho="2" sc="391,0,4,0,321,-80,274,90" /><INIT seed="7,2,0,4,3,46" ten="391,4,241,364" oya="3" hai0="117,15,101,28,105,126,52,59,123,109,26,54,120" hai1="81,34,57,121,118,20,40,122,102,4,67,17,25" hai2="103,3,83,96,44,84,97,66,135,69,80,58,45" hai3="92,98,104,75,10,70,133,106,110,35,0,127,112"/><W27/><RYUUKYOKU type="yao9" ba="2,0" sc="391,0,4,0,241,0,364,0" hai3="0,10,27,35,70,75,92,98,104,106,110,112,127,133" /><INIT seed="7,3,0,3,3,52" ten="391,4,241,364" oya="3" hai0="90,49,26,85,99,103,55,112,129,63,17,117,92" hai1="48,107,27,131,86,72,121,119,80,100,126,125,88" hai2="77,101,116,124,96,127,24,41,134,62,12,59,16" hai3="4,0,75,67,5,95,37,69,94,50,57,70,81"/><W6/><G37/><T74/><D129/><U65/><E65/><V22/><F116/><W97/><G0/><T19/><D117/><U20/><E48/><V98/><F134/><W9/><G9/><T64/><D74/><U89/><E20/><V115/><F115/><W45/><G95/><N who="0" m="58879" /><D26/><U105/><E27/><V104/><F41/><W68/><G75/><T111/><D111/><U133/><E119/><V13/><F77/><W25/><G81/><T43/><D112/><U135/><E72/><V40/><F40/><W53/><G25/><T11/><D43/><U87/><E131/><V82/><F82/><W66/><REACH who="3" step="1"/><G45/><REACH who="3" ten="391,4,241,354" step="2"/><N who="0" m="28079" /><D11/><U35/><E35/><V122/><F122/><W56/><G56/><AGARI ba="3,1" hai="17,19,56,63,64,85,90,92" m="28079,58879" machi="56" ten="30,2000,0" yaku="8,1,52,1" doraHai="52" who="0" fromWho="3" sc="391,39,4,0,241,0,354,-29" owari="430,53.0,4,-50.0,241,-16.0,325,13.0" /></mjloggm>