<mjloggm ver="2.3"><GO type="169" lobby="0"/><UN n0="%E5%8F%A4%E6%9C%AC" n1="%E3%81%8A%E3%81%8A%E3%81%8F%E3%81%95" n2="%E3%83%94%E3%83%A8%E3%81%A3%E3%81%99" n3="%E8%8F%8A%E7%94%B0%E5%84%AA%E4%B8%80%E9%83%8E" dan="16,17,17,16" rate="2070.69,2208.99,2175.80,2044.56" sx="M,M,M,M"/><TAIKYOKU oya="0"/><INIT seed="0,0,0,2,3,104" ten="250,250,250,250" oya="0" hai0="81,128,114,55,41,133,76,57,109,26,131,36,93" hai1="59,23,64,92,108,47,70,74,83,75,72,65,3" hai2="43,90,111,52,84,80,68,97,94,32,101,130,53" hai3="121,117,82,0,30,73,63,100,31,105,22,16,98"/><T34/><D114/><U115/><E3/><V129/><F111/><W134/><G117/><T8/><D109/><U39/><E108/><V21/><F32/><W35/><G0/><T1/><D93/><U7/><E115/><V120/><F120/><W2/><G2/><T17/><D133/><U14/><E70/><V38/><F68/><W60/><G121/><T56/><D56/><U89/><E83/><V102/><F102/><W40/><G40/><T11/><D41/><U91/><E91/><V19/><F38/><W87/><G134/><T46/><D46/><U116/><E116/><V25/><REACH who="2" step="1"/><F43/><REACH who="2" ten="250,250,240,250" step="2"/><W118/><G118/><T126/><D36/><U86/><E39/><V124/><F124/><W99/><G35/><T69/><D34/><U127/><E127/><V37/><F37/><W58/><G100/><T12/><D69/><U27/><E47/><V49/><F49/><W106/><G106/><T112/><D126/><U79/><E59/><V15/><F15/><N who="3" m="9503" /><G105/><T51/><D112/><U10/><REACH who="1" step="1"/><E79/><REACH who="1" ten="250,240,240,250" step="2"/><V24/><F24/><W5/><G58/><T85/><D26/><U125/><E125/><V71/><F71/><W33/><G33/><T28/><D76/><U78/><E78/><V20/><F20/><W107/><G107/><T77/><D77/><U6/><E6/><V18/><F18/><AGARI ba="0,2" hai="7,10,14,18,23,27,64,65,72,74,75,86,89,92" machi="18" ten="40,8000,1" yaku="1,1,52,3,53,0" doraHai="104" doraHaiUra="113" who="1" fromWho="2" sc="250,0,240,100,240,-80,250,0" /><INIT seed="1,0,0,2,1,22" ten="250,340,160,250" oya="1" hai0="29,105,75,4,104,56,91,106,27,55,107,89,34" hai1="61,20,51,127,96,125,7,103,12,126,93,28,63" hai2="82,54,128,15,94,77,31,86,16,134,47,11,72" hai3="88,46,115,36,108,76,116,5,64,33,132,95,44"/><U2/><E2/><V50/><F128/><W17/><G115/><T37/><N who="0" m="26624" /><DORA hai="83" /><T23/><D75/><U113/><E113/><V39/><F134/><W131/><G33/><T66/><D66/><U97/><E97/><V79/><F39/><W87/><G108/><T130/><D130/><U19/><E7/><V42/><F31/><W26/><G131/><T133/><D133/><U101/><E101/><V60/><F94/><W43/><G132/><T121/><D121/><U25/><REACH who="1" step="1"/><E51/><REACH who="1" ten="250,330,160,250" step="2"/><V21/><F72/><W98/><G5/><T13/><D4/><U80/><E80/><V24/><F82/><W100/><G116/><T110/><D110/><U3/><E3/><V74/><F74/><W84/><G36/><T35/><D37/><U119/><E119/><V99/><F99/><W53/><G100/><T48/><REACH who="0" step="1"/><D35/><AGARI ba="0,1" hai="12,19,20,25,28,35,61,63,93,96,103,125,126,127" machi="35" ten="40,7700,0" yaku="1,1,18,1,52,1,53,0" doraHai="22,83" doraHaiUra="78,112" who="1" fromWho="0" sc="250,-77,330,87,160,0,250,0" /><INIT seed="1,1,0,3,5,85" ten="173,417,160,250" oya="1" hai0="91,33,94,44,32,134,41,119,115,130,129,83,38" hai1="45,17,72,61,48,112,87,89,22,26,31,104,103" hai2="0,58,57,108,6,64,40,128,14,67,47,3,98" hai3="9,68,109,106,28,99,105,113,7,125,131,52,74"/><U111/><E112/><V13/><F108/><W118/><G131/><N who="0" m="50187" /><D115/><U36/><E72/><V8/><F128/><W29/><G125/><T127/><D127/><U90/><E36/><V78/><F0/><W19/><G74/><T66/><D119/><U73/><E73/><V80/><F58/><W75/><G75/><T86/><D134/><U135/><E135/><V55/><F3/><W116/><G68/><T18/><D66/><U100/><E104/><V62/><F98/><W121/><G19/><T51/><D51/><U35/><E61/><V46/><F46/><W124/><G121/><T34/><D18/><U15/><E111/><V12/><F80/><AGARI ba="1,0" hai="32,33,34,38,41,44,80,83,86,91,94" m="50187" machi="80" ten="40,2600,0" yaku="19,1,52,1" doraHai="85" who="0" fromWho="2" sc="173,29,417,0,160,-29,250,0" /><INIT seed="2,0,0,1,3,38" ten="202,417,131,250" oya="2" hai0="47,105,13,104,46,111,49,109,131,56,64,94,57" hai1="25,6,62,41,26,124,2,53,97,39,115,50,32" hai2="5,33,86,68,116,99,7,106,59,107,90,135,18" hai3="65,3,72,82,81,77,134,45,91,73,95,60,23"/><V112/><F68/><W98/><G134/><T83/><D83/><U102/><E124/><V19/><F116/><W88/><G3/><T21/><D94/><U11/><E115/><V24/><F112/><W101/><G23/><T12/><D21/><U123/><E123/><V132/><F59/><W78/><REACH who="3" step="1"/><G45/><REACH who="3" ten="202,417,131,240" step="2"/><T92/><D47/><U31/><E32/><V84/><F33/><W85/><G85/><T110/><D46/><U28/><E97/><V52/><F99/><W20/><G20/><T69/><D111/><U79/><E2/><V100/><F84/><W129/><G129/><T48/><D131/><U8/><E8/><V117/><F135/><W93/><G93/><T121/><D92/><U63/><E11/><V40/><F132/><W16/><G16/><T15/><D105/><U75/><E31/><V66/><F106/><W42/><G42/><T14/><D104/><U22/><E41/><V30/><F40/><W27/><G27/><T0/><D0/><U55/><E28/><V122/><F19/><W125/><G125/><T103/><D110/><U61/><E26/><V80/><F18/><W133/><G133/><T29/><D109/><U113/><E25/><V74/><F24/><W10/><G10/><T126/><D126/><U1/><E22/><V76/><F30/><W87/><G87/><T130/><D29/><U35/><E1/><V34/><F86/><W119/><G119/><T128/><D130/><U118/><E35/><V96/><F34/><W17/><G17/><T44/><N who="0" m="3072" /><DORA hai="120" /><T37/><D128/><U114/><E118/><V127/><F117/><RYUUKYOKU ba="0,1" sc="202,-10,417,-10,131,-10,240,30" hai3="60,65,72,73,77,78,81,82,88,91,95,98,101" /><INIT seed="3,1,1,3,1,135" ten="192,407,121,270" oya="3" hai0="115,45,110,21,91,119,13,78,88,53,87,116,124" hai1="28,26,35,72,89,117,99,61,71,31,0,60,15" hai2="49,36,105,81,10,19,20,12,34,130,37,32,2" hai3="14,125,25,66,79,30,85,131,111,50,41,127,33"/><W29/><G131/><T47/><D78/><U104/><E0/><V65/><F105/><W83/><G111/><T133/><D110/><U43/><E72/><V134/><F130/><W5/><G66/><T52/><D133/><U46/><E31/><V86/><F134/><W73/><G73/><T54/><D115/><U107/><E117/><V97/><F97/><W62/><G62/><T92/><D124/><N who="3" m="47689" /><G30/><T22/><D119/><U8/><E61/><V114/><F65/><W27/><G27/><T82/><D116/><U16/><E71/><V70/><F70/><W64/><G64/><T75/><D75/><U132/><E60/><V106/><F114/><W96/><G96/><N who="0" m="57351" /><D13/><U48/><E132/><V129/><F12/><W3/><G3/><T95/><D82/><U67/><E67/><V93/><F81/><W120/><G120/><T123/><D123/><U90/><E99/><V80/><F80/><W109/><G109/><T68/><D68/><U23/><E28/><V84/><F2/><W38/><G38/><T126/><D126/><U101/><E15/><V56/><F36/><W58/><G14/><T44/><AGARI ba="1,1" hai="21,22,44,45,47,52,53,54,87,91,95" m="57351" machi="44" ten="30,4000,0" yaku="8,1,54,2" doraHai="135" who="0" fromWho="0" sc="192,53,407,-11,121,-11,270,-21" /><INIT seed="4,0,0,4,4,101" ten="245,396,110,249" oya="0" hai0="73,29,42,7,34,40,55,4,38,106,35,48,15" hai1="2,129,96,37,71,65,124,27,51,76,69,46,99" hai2="45,110,113,59,3,94,36,26,53,20,31,116,50" hai3="82,111,23,70,119,126,102,10,57,92,60,107,61"/><T108/><D106/><U80/><E129/><V1/><F110/><W12/><G119/><T9/><D73/><U91/><E124/><V79/><F116/><W86/><G126/><T25/><D108/><U120/><E37/><V89/><F113/><W121/><G111/><T18/><D35/><U115/><E2/><V77/><F1/><W104/><G121/><T117/><D117/><U87/><E65/><V127/><F3/><W47/><G23/><T100/><D100/><U103/><E115/><V21/><F127/><W17/><G47/><T41/><REACH who="0" step="1"/><D38/><REACH who="0" ten="235,396,110,249" step="2"/><U88/><E103/><V83/><F36/><W98/><G70/><T62/><D62/><U84/><E69/><V112/><F112/><W43/><G61/><T93/><D93/><U11/><E71/><V125/><F125/><W74/><G74/><T5/><D5/><U54/><E120/><V123/><F123/><W109/><G109/><T24/><D24/><U30/><E27/><V58/><F83/><W67/><G43/><T132/><D132/><U63/><E80/><V134/><F134/><W81/><G81/><T118/><D118/><U135/><E63/><V6/><F6/><W133/><G133/><T97/><D97/><U49/><E96/><V44/><F94/><W33/><G33/><T114/><D114/><U105/><E99/><V28/><F26/><W14/><G14/><T85/><D85/><U8/><E87/><V131/><F131/><W95/><G95/><T75/><D75/><U22/><E84/><V52/><F50/><W56/><G56/><AGARI ba="0,1" hai="4,7,9,15,18,25,29,34,40,41,42,48,55,56" machi="56" ten="40,2000,0" yaku="1,1,53,0" doraHai="101" doraHaiUra="90" who="0" fromWho="3" sc="235,30,396,0,110,0,249,-20" /><INIT seed="4,1,0,0,4,74" ten="265,396,110,229" oya="0" hai0="124,85,108,25,119,103,0,12,118,18,56,71,135" hai1="42,90,107,121,89,57,128,82,132,55,38,104,126" hai2="131,95,49,20,29,45,30,2,44,111,65,36,101" hai3="40,93,105,110,67,112,133,109,41,116,97,10,4"/><T80/><D71/><U75/><E121/><V129/><F111/><W22/><G116/><T102/><D0/><U130/><E132/><V91/><F101/><W58/><G133/><T88/><D135/><U120/><E120/><V51/><F2/><W5/><G112/><T17/><D124/><U23/><E126/><V53/><F36/><W64/><G105/><T84/><D108/><U77/><E42/><V83/><F65/><W27/><G110/><T33/><D33/><U127/><E38/><V86/><F20/><W125/><G125/><T122/><D122/><U68/><E68/><V60/><F60/><N who="3" m="37911" /><G67/><T113/><D113/><U52/><E55/><V35/><F35/><W79/><G79/><N who="0" m="46111" /><D119/><U3/><E3/><V34/><F34/><W50/><G109/><T87/><D87/><U37/><E37/><V134/><F134/><W78/><G78/><T39/><D39/><U1/><E1/><V15/><F15/><N who="3" m="5575" /><G50/><T46/><D118/><U117/><E117/><V31/><REACH who="2" step="1"/><F83/><REACH who="2" ten="265,396,100,229" step="2"/><W106/><G106/><T26/><D103/><U100/><E100/><V94/><F94/><W63/><G63/><T21/><D102/><U70/><E107/><V16/><F16/><N who="3" m="12743" /><G5/><T76/><D18/><U14/><E104/><V47/><F47/><W9/><G9/><T19/><D46/><U69/><E127/><V43/><AGARI ba="1,1" hai="29,30,31,43,44,45,49,51,53,86,91,95,129,131" machi="43" ten="30,2000,0" yaku="1,1,0,1,53,0" doraHai="74" doraHaiUra="32" who="2" fromWho="2" sc="265,-11,396,-6,100,33,229,-6" /><INIT seed="5,0,0,5,5,0" ten="254,390,133,223" oya="1" hai0="16,111,42,44,135,58,105,80,5,81,22,27,37" hai1="76,132,116,18,60,69,53,94,20,46,96,106,107" hai2="70,9,115,41,24,52,73,28,82,88,101,11,83" hai3="93,65,90,109,120,74,103,127,89,98,2,64,48"/><U63/><E116/><V36/><F70/><W85/><G109/><T19/><D105/><U7/><E132/><V30/><F101/><W121/><G2/><T49/><D111/><U100/><E76/><V134/><F134/><W114/><G48/><T117/><D135/><U40/><E7/><V61/><F82/><N who="3" m="49335" /><G65/><T126/><D117/><U68/><E63/><V84/><F73/><W6/><G6/><T32/><D32/><U57/><E69/><V35/><F115/><W112/><G64/><T23/><D126/><U26/><REACH who="1" step="1"/><E68/><REACH who="1" ten="254,380,133,223" step="2"/><V122/><F122/><N who="3" m="47211" /><G127/><T54/><REACH who="0" step="1"/><D5/><REACH who="0" ten="244,380,133,223" step="2"/><U108/><E108/><V55/><F30/><W95/><G74/><T71/><D71/><U67/><E67/><V43/><F28/><W129/><G129/><T31/><D31/><U113/><E113/><N who="3" m="43626" /><G95/><T102/><D102/><AGARI ba="0,2" hai="90,93,98,102,103" m="43626,47211,49335" machi="102" ten="30,3900,0" yaku="15,1,34,2" doraHai="0" who="3" fromWho="0" sc="244,-39,380,0,133,0,223,59" /><INIT seed="6,0,0,5,5,92" ten="205,380,133,282" oya="2" hai0="133,33,85,45,20,67,63,109,21,17,59,75,101" hai1="105,50,57,24,4,115,56,121,18,90,25,82,127" hai2="79,10,27,117,13,135,64,131,69,88,74,68,30" hai3="134,71,47,108,1,77,130,70,98,104,42,129,89"/><V62/><F117/><W78/><G1/><T2/><D2/><U83/><E115/><V120/><F120/><W66/><G66/><T76/><D109/><U91/><E105/><V8/><F131/><N who="3" m="50187" /><G108/><T11/><D75/><U93/><E127/><V44/><F135/><W48/><G134/><T103/><D33/><U61/><E4/><V99/><F44/><W28/><G28/><T122/><D133/><U26/><E91/><V84/><F74/><W19/><G19/><T38/><D38/><U31/><E31/><V119/><F119/><W54/><G42/><T22/><D45/><U53/><E18/><V29/><F69/><N who="3" m="26123" /><G89/><T7/><D7/><U43/><E43/><V16/><F8/><W58/><G58/><T39/><D39/><U72/><E72/><V60/><F60/><W113/><G113/><T125/><D122/><U123/><E123/><V55/><F55/><W96/><G104/><T107/><D107/><U112/><E112/><V49/><F49/><W124/><G124/><T41/><D41/><U114/><E114/><V95/><REACH who="2" step="1"/><F27/><REACH who="2" ten="205,380,123,282" step="2"/><W32/><G32/><T34/><D34/><U51/><E51/><V0/><F0/><W36/><G36/><T73/><D73/><U6/><E121/><V102/><F102/><W46/><G46/><T106/><D63/><U23/><E25/><V86/><F86/><W100/><G100/><T15/><D101/><U12/><E26/><V3/><F3/><W35/><G35/><T80/><D103/><U37/><E24/><V116/><F116/><W14/><G14/><T52/><D15/><U65/><E12/><RYUUKYOKU ba="0,1" sc="205,-15,380,-15,123,15,282,15" hai2="10,13,16,29,30,62,64,68,79,84,88,95,99" hai3="47,48,54,77,78,96,98" /><INIT seed="6,1,1,4,4,47" ten="190,365,138,297" oya="2" hai0="121,50,87,108,78,129,120,19,98,14,13,75,123" hai1="17,91,0,59,67,105,2,134,18,1,32,57,117" hai2="70,65,29,93,104,35,80,76,86,5,116,135,51" hai3="9,60,109,40,56,41,118,119,130,31,21,131,34"/><V37/><F116/><N who="3" m="44587" /><G34/><T107/><D108/><U42/><E134/><V112/><F37/><W88/><G88/><T83/><D129/><N who="3" m="49161" /><G9/><T6/><D6/><U11/><E117/><V111/><F104/><W48/><G21/><T10/><D14/><U73/><E73/><V23/><F135/><W27/><G31/><T125/><D125/><U55/><E42/><N who="3" m="16490" /><G27/><T7/><D7/><U39/><E39/><V46/><F111/><W101/><G101/><T28/><D28/><U102/><E32/><V95/><F112/><W132/><G132/><T33/><D33/><U53/><E91/><V26/><F5/><W71/><G109/><T103/><D123/><U54/><E11/><V126/><F126/><W12/><G71/><T69/><D69/><U96/><REACH who="1" step="1"/><E67/><REACH who="1" ten="190,355,138,297" step="2"/><V43/><REACH who="2" step="1"/><F35/><REACH who="2" ten="190,355,128,297" step="2"/><W100/><G100/><T8/><D103/><U127/><E127/><V90/><F90/><W110/><G110/><T68/><D121/><U97/><E97/><V25/><F25/><W124/><G12/><T22/><D98/><U30/><E30/><V74/><F74/><W81/><G124/><T38/><D13/><U58/><AGARI ba="1,3" hai="0,1,2,17,18,53,54,55,57,58,59,96,102,105" machi="58" ten="40,8000,1" yaku="1,1,0,1,29,2,53,0" doraHai="47" doraHaiUra="82" who="1" fromWho="1" sc="190,-21,355,113,128,-41,297,-21" /><INIT seed="7,0,0,3,3,24" ten="169,468,87,276" oya="3" hai0="43,110,65,26,80,119,69,93,34,82,2,10,87" hai1="52,126,71,92,115,90,125,45,84,105,77,85,79" hai2="47,124,120,1,109,83,96,112,51,116,121,123,66" hai3="9,122,18,37,95,4,60,72,28,88,107,53,15"/><W40/><G122/><T12/><D119/><U113/><E71/><V50/><F1/><W78/><G107/><T56/><D110/><U130/><E105/><V35/><F116/><W70/><G40/><T44/><D2/><U29/><E29/><V102/><F109/><W81/><G37/><T104/><D69/><U117/><E117/><V91/><F112/><N who="1" m="43081" /><E130/><V133/><F133/><W111/><G111/><T39/><D104/><U17/><E17/><V86/><F124/><N who="1" m="47721" /><E84/><V131/><F131/><W129/><G129/><T22/><D34/><U73/><E73/><V31/><F66/><W128/><G128/><T99/><D65/><U97/><E85/><V21/><F35/><W6/><G28/><T134/><D87/><U64/><E64/><V25/><REACH who="2" step="1"/><F47/><REACH who="2" ten="169,468,77,276" step="2"/><W68/><G70/><T48/><D44/><U98/><E98/><V32/><F32/><W20/><G68/><T127/><D99/><U41/><E52/><V30/><F30/><W108/><G53/><T49/><D127/><U101/><E101/><V100/><F100/><W106/><G108/><T7/><D7/><U132/><E132/><V59/><F59/><W0/><G6/><T118/><D56/><U46/><E46/><V11/><F11/><W13/><G0/><T23/><D10/><U57/><E57/><V36/><F36/><AGARI ba="0,1" hai="36,41,45,77,79,90,92,97" m="47721,43081" machi="36" ten="30,2000,0" yaku="15,1,18,1" doraHai="24" who="1" fromWho="2" sc="169,0,468,30,77,-20,276,0" owari="169,-23.0,498,59.0,57,-44.0,276,8.0" /></mjloggm>