<mjloggm ver="2.3"><GO type="185" lobby="0"/><UN n0="%E3%82%84%E3%81%BE%E3%81%8B%E3%81%84" n1="%E3%82%B3%E3%82%B3%E3%82%A2%E3%81%AF%E4%BF%BA%E3%81%AE%E5%AB%81" n2="%28%C2%B4%E3%81%B8%CE%B5%E3%81%B8%60%29" n3="" dan="17,17,20,0" rate="2289.16,2231.20,2409.53,1500.00" sx="M,F,M,C"/><TAIKYOKU oya="0"/><INIT seed="0,0,0,5,4,70" ten="350,350,350,0" oya="0" hai0="114,107,87,52,76,39,79,32,33,105,48,91,84" hai1="78,97,74,3,118,45,95,135,100,113,35,56,102" hai2="40,69,0,58,81,90,92,98,72,63,131,46,128" hai3=""/><T80/><D114/><U125/><E3/><V109/><F0/><T37/><D91/><U85/><E35/><V89/><F69/><T64/><D64/><U124/><E113/><V132/><F132/><T71/><D71/><U36/><E118/><V123/><N who="2" m="31520" /><V83/><F109/><T47/><D47/><U65/><E135/><V77/><F83/><T122/><N who="0" m="31264" /><T120/><N who="0" m="30752" /><T111/><D80/><U117/><E117/><V134/><F134/><T101/><D48/><U86/><E102/><V66/><REACH who="2" step="1"/><F89/><REACH who="2" ten="350,350,340,0" step="2"/><T99/><D111/><U121/><N who="1" m="31008" /><U108/><E108/><V57/><F57/><T67/><D101/><U93/><E56/><V43/><F43/><T44/><D44/><U50/><E45/><V61/><F61/><T106/><D33/><U60/><E60/><V62/><F62/><T54/><D32/><U96/><E124/><V110/><F110/><T51/><D67/><U82/><E65/><V116/><F116/><T49/><D107/><U103/><E125/><V104/><F104/><T34/><D34/><U53/><E103/><V129/><F129/><T41/><D41/><U119/><E119/><V112/><F112/><T38/><D106/><U1/><E1/><V126/><F126/><RYUUKYOKU ba="0,1" sc="350,-10,350,-10,340,20,0,0" hai2="40,46,58,63,66,72,77,81,90,92,98,128,131" /><INIT seed="1,1,1,4,2,94" ten="340,340,360,0" oya="1" hai0="52,40,101,103,0,118,47,123,120,72,99,133,82" hai1="42,93,65,49,38,1,126,85,36,78,116,46,115" hai2="35,76,77,96,117,98,58,70,69,121,50,54,41" hai3=""/><U32/><E32/><V124/><N who="2" m="31008" /><V63/><F35/><T112/><N who="0" m="30752" /><T80/><N who="0" m="31520" /><T92/><D112/><U105/><E1/><V60/><F117/><T134/><D0/><U88/><E116/><V113/><F113/><T89/><D118/><U91/><E115/><V33/><F33/><T43/><D43/><U131/><E131/><V102/><F124/><T110/><D110/><U51/><E126/><V34/><F34/><T66/><D66/><U122/><N who="1" m="31264" /><U67/><E105/><V108/><F108/><T37/><D52/><U90/><E36/><V135/><F135/><N who="0" m="51722" /><D72/><U68/><E68/><V87/><F41/><T84/><D101/><U45/><E38/><V130/><F130/><T59/><D59/><U95/><E78/><V128/><F128/><T81/><AGARI ba="1,1" hai="37,40,47,80,81,82,84,89,92,99,103" m="51722,31520,30752" machi="81" ten="30,5900,0" yaku="20,1,52,3" doraHai="94" who="0" fromWho="0" sc="340,71,340,-40,360,-21,0,0" /><INIT seed="2,0,0,0,2,119" ten="411,300,339,0" oya="2" hai0="77,63,105,99,40,3,116,129,76,134,68,135,93" hai1="82,44,127,84,118,81,101,91,111,66,113,104,69" hai2="36,120,78,125,70,53,107,86,115,132,59,50,34" hai3=""/><V72/><RYUUKYOKU type="yao9" ba="0,0" sc="411,0,300,0,339,0,0,0" hai2="34,36,50,53,59,70,72,78,86,107,115,120,125,132" /><INIT seed="2,1,0,4,2,77" ten="411,300,339,0" oya="2" hai0="53,88,99,122,60,100,108,133,91,59,69,70,113" hai1="51,114,134,65,50,56,98,115,37,127,67,55,126" hai2="92,52,90,86,3,121,109,73,54,87,106,49,128" hai3=""/><V93/><N who="2" m="31008" /><V129/><F3/><T35/><N who="0" m="31264" /><T62/><D108/><U131/><E98/><V120/><N who="2" m="30752" /><V63/><F73/><T132/><D35/><U58/><E37/><V118/><F118/><T94/><D113/><U81/><E81/><V75/><F75/><T1/><D1/><U36/><E36/><V125/><F106/><T41/><D41/><U89/><E89/><N who="0" m="34377" /><D62/><U42/><E42/><V61/><F90/><T130/><D130/><U72/><E72/><V119/><F119/><T123/><N who="0" m="31520" /><T44/><D44/><U107/><E107/><V83/><F49/><T74/><D74/><U38/><E38/><V39/><F39/><T47/><D47/><U84/><E131/><V116/><F116/><T105/><D105/><U71/><E71/><V0/><F0/><T32/><D32/><U117/><E117/><V43/><F43/><T76/><D76/><U66/><E114/><V112/><F109/><T85/><D85/><U64/><E115/><V2/><F2/><T110/><D110/><U135/><N who="1" m="16384" /><DORA hai="104" /><U68/><E84/><V95/><F95/><T124/><D124/><N who="1" m="47659" /><E68/><V57/><F112/><T34/><D34/><U40/><E40/><V45/><F125/><T33/><D33/><RYUUKYOKU ba="1,0" sc="411,10,300,10,339,-20,0,0" hai0="53,59,60,69,70,94,99,100,132,133" hai1="50,51,55,56,58,134,135" /><INIT seed="4,2,0,3,3,101" ten="421,310,319,0" oya="0" hai0="48,33,51,59,99,130,127,0,70,100,98,88,109" hai1="129,39,75,56,128,35,89,87,42,92,96,47,73" hai2="49,40,93,134,94,67,81,124,107,108,44,123,74" hai3=""/><T105/><D0/><U52/><E35/><V84/><N who="2" m="31520" /><V37/><F108/><T2/><D2/><U43/><E43/><V125/><F134/><T63/><D33/><U78/><E78/><V76/><F67/><T38/><D38/><U71/><E71/><V135/><F135/><T120/><N who="0" m="30752" /><T83/><D109/><U3/><E3/><V132/><F132/><T62/><D127/><N who="2" m="48714" /><F107/><T91/><D130/><U106/><E106/><V65/><F65/><T121/><N who="0" m="31008" /><T113/><D113/><U61/><REACH who="1" step="1"/><E87/><REACH who="1" ten="421,300,319,0" step="2"/><V110/><F110/><T90/><D70/><U122/><N who="1" m="31264" /><U64/><E64/><V1/><F1/><T68/><D68/><U34/><E34/><V66/><F66/><T118/><D105/><U95/><E95/><N who="2" m="36363" /><F84/><T86/><D86/><U77/><E77/><V104/><F104/><T116/><D118/><U32/><E32/><V55/><F55/><T54/><D116/><U115/><E115/><V112/><F112/><T46/><D54/><U119/><E119/><V72/><F72/><AGARI ba="2,1" hai="39,42,47,52,56,61,72,73,75,89,92,96,128,129" m="31264" machi="72" ten="40,5200,0" yaku="1,1,52,1,54,1,53,0" doraHai="101" doraHaiUra="80" who="1" fromWho="2" sc="421,0,300,66,319,-56,0,0" /><INIT seed="5,0,0,4,5,60" ten="421,366,263,0" oya="1" hai0="36,100,70,32,108,72,134,58,74,115,119,127,87" hai1="118,40,86,50,111,34,39,42,3,121,130,57,109" hai2="98,112,105,129,125,48,38,110,99,113,91,106,135" hai3=""/><U95/><N who="1" m="31008" /><U96/><E118/><V54/><F38/><T1/><D58/><U33/><E3/><V88/><F48/><T97/><D87/><U101/><E130/><V104/><F54/><T85/><D85/><U47/><E86/><V46/><F46/><T81/><D81/><U53/><REACH who="1" step="1"/><E42/><REACH who="1" ten="421,356,263,0" step="2"/><V94/><F129/><T128/><D128/><U102/><E102/><V126/><F110/><AGARI ba="0,1" hai="33,34,39,40,47,50,53,57,95,96,101,109,110,111" m="31008" machi="110" ten="40,12000,1" yaku="1,1,10,1,52,1,53,1" doraHai="60" doraHaiUra="51" who="1" fromWho="2" sc="421,0,356,130,263,-120,0,0" /><INIT seed="5,1,0,0,4,135" ten="421,486,143,0" oya="1" hai0="57,77,86,41,80,98,68,2,111,78,3,110,38" hai1="59,65,124,91,53,92,40,112,34,74,35,113,81" hai2="94,66,106,54,97,52,56,39,105,107,55,132,64" hai3=""/><U90/><E65/><V47/><F132/><T127/><D68/><U45/><E124/><V108/><F108/><T0/><D78/><U87/><E113/><V125/><F125/><T126/><D111/><U117/><E117/><V36/><F47/><T114/><D110/><U63/><E112/><V128/><F128/><T79/><D79/><U109/><E109/><V122/><N who="2" m="31264" /><V101/><REACH who="2" step="1"/><F56/><REACH who="2" ten="421,486,133,0" step="2"/><T75/><D114/><U82/><E45/><V83/><F83/><T85/><D57/><U72/><E81/><V84/><F84/><T130/><D130/><U116/><E82/><V96/><F96/><T33/><D98/><U42/><E87/><V46/><F46/><T133/><D133/><U131/><E131/><V102/><F102/><T71/><D86/><U67/><E59/><V129/><F129/><T76/><D85/><U37/><E72/><V93/><F93/><T48/><D127/><U43/><E92/><V88/><F88/><T70/><D126/><U134/><E90/><V50/><F50/><T121/><D75/><U32/><E74/><V115/><F115/><T61/><D80/><U73/><E73/><V51/><F51/><T120/><D48/><U123/><E134/><V119/><F119/><T103/><D103/><RYUUKYOKU ba="1,1" sc="421,-10,486,-10,133,20,0,0" hai2="36,39,52,54,55,64,66,94,97,101,105,106,107" /><INIT seed="6,2,1,5,1,83" ten="411,476,153,0" oya="2" hai0="131,129,34,81,110,2,42,109,72,84,85,65,115" hai1="47,108,122,57,80,54,82,37,98,32,66,39,55" hai2="38,130,94,87,75,79,123,86,3,111,100,106,135" hai3=""/><V52/><N who="2" m="31520" /><V127/><F3/><T126/><D2/><U33/><N who="1" m="31264" /><U77/><E108/><N who="0" m="41577" /><D34/><U70/><E98/><V113/><F111/><T133/><D65/><U96/><E96/><V89/><F38/><T104/><D42/><U69/><E66/><V88/><F113/><T134/><D115/><U71/><E47/><V0/><F0/><T46/><D46/><U50/><E55/><V120/><N who="2" m="30752" /><V64/><F64/><T48/><D48/><U97/><E97/><V76/><F130/><N who="0" m="49674" /><D104/><U101/><E37/><V114/><F114/><T61/><D61/><U41/><E39/><V78/><F135/><N who="0" m="51722" /><D126/><U74/><E41/><V90/><F127/><T60/><D60/><U121/><N who="1" m="31008" /><U124/><E124/><V62/><F106/><T105/><D105/><U117/><E32/><V91/><F75/><T99/><D99/><U56/><E33/><V103/><REACH who="2" step="1"/><F87/><REACH who="2" ten="411,476,143,0" step="2"/><T102/><D72/><U93/><E74/><V67/><F67/><T44/><D85/><U36/><E36/><V125/><F125/><T92/><D84/><U35/><E35/><V132/><F132/><T116/><D116/><U59/><E117/><V68/><F68/><T43/><D81/><N who="1" m="31339" /><E70/><V45/><F45/><T58/><D44/><RYUUKYOKU ba="2,2" sc="411,-10,476,-10,143,20,0,0" hai2="52,62,76,78,79,86,88,89,90,91,94,100,103" /><INIT seed="6,3,2,0,0,67" ten="401,466,163,0" oya="2" hai0="46,101,73,122,113,121,52,68,88,99,66,91,129" hai1="107,130,85,57,1,95,59,77,40,56,48,72,64" hai2="115,82,125,112,47,55,98,119,63,96,61,103,116" hai3=""/><V110/><F125/><T38/><N who="0" m="31008" /><T108/><N who="0" m="31264" /><T0/><D108/><U120/><N who="1" m="30752" /><U60/><E1/><V70/><F110/><T117/><D117/><U37/><E107/><V42/><F82/><T79/><D0/><U134/><E134/><V87/><F87/><T32/><D32/><U2/><E2/><V51/><F98/><T114/><D129/><U75/><E130/><V111/><F111/><T78/><D68/><U35/><E35/><V53/><F96/><T74/><D66/><U126/><E126/><V71/><F103/><T54/><D38/><U94/><E37/><V135/><F135/><T100/><D46/><U124/><E124/><V3/><F3/><T106/><D99/><U128/><E128/><V76/><F76/><T89/><D89/><U105/><E64/><V39/><F39/><T62/><D62/><N who="2" m="23562" /><F119/><T131/><D131/><U41/><E60/><V50/><F116/><T58/><D58/><U132/><E132/><V43/><F70/><T86/><D86/><U127/><E127/><V34/><F71/><T123/><N who="0" m="31520" /><T97/><D97/><U118/><E85/><V84/><F34/><T44/><D106/><U33/><E105/><V80/><F84/><T133/><D133/><RYUUKYOKU ba="3,2" sc="401,20,466,-10,163,-10,0,0" hai0="44,52,54,73,74,78,79,88,91,100,101,113,114" owari="421,2.0,476,43.0,153,-45.0,0,0.0" /></mjloggm>