<mjloggm ver="2.3"><GO type="169" lobby="0"/><UN n0="%E3%82%8F%E3%81%A3%E3%81%97%E3%82%87%E3%81%84%E5%90%9B%32%E5%8F%B7" n1="%E7%AB%8B%E7%9B%B4%E5%BE%8C%E5%8D%B3%E6%94%BE%E9%8A%83" n2="%4A%65%74%2E%42" n3="%E2%91%A3%E3%82%BB%E3%83%B3%E3%83%81" dan="18,16,18,18" rate="2292.17,2103.84,2192.66,2238.28" sx="M,F,M,M"/><TAIKYOKU oya="0"/><INIT seed="0,0,0,1,5,81" ten="250,250,250,250" oya="0" hai0="121,22,53,83,101,9,14,93,95,107,126,44,7" hai1="125,128,134,70,18,59,85,91,42,74,31,135,102" hai2="68,56,46,98,89,72,19,119,49,104,115,71,96" hai3="105,113,73,65,27,3,127,16,64,12,97,30,34"/><T55/><D121/><U61/><E128/><V20/><F115/><W45/><G113/><T1/><D126/><U0/><E125/><V124/><F124/><W75/><G127/><T60/><D107/><U13/><E0/><V94/><F72/><W63/><G3/><T117/><D117/><U25/><E74/><V43/><F119/><W123/><G65/><T35/><D35/><U23/><E102/><V51/><F104/><W8/><G123/><T29/><D101/><U11/><E42/><V100/><F100/><N who="3" m="62607" /><G45/><T57/><D1/><U129/><E70/><AGARI ba="0,0" hai="8,12,16,27,30,34,63,64,70,73,75" m="62607" machi="70" ten="30,2000,0" yaku="25,1,54,1" doraHai="81" who="3" fromWho="1" sc="250,0,250,-20,250,0,250,20" /><INIT seed="1,0,0,3,0,79" ten="250,230,250,270" oya="1" hai0="46,38,97,70,84,75,68,103,107,72,77,44,133" hai1="42,49,8,116,108,19,30,112,99,89,131,16,119" hai2="29,15,130,86,106,125,53,80,95,36,91,34,63" hai3="60,33,35,31,118,100,55,88,78,85,76,45,69"/><U94/><E112/><V58/><F130/><W98/><G118/><T26/><D133/><U105/><E131/><V66/><F125/><W93/><G45/><T134/><D134/><U21/><E108/><V20/><F106/><W3/><G3/><T11/><D84/><U18/><E105/><V135/><F135/><W65/><G55/><T57/><D57/><U13/><E116/><V123/><F123/><W40/><G40/><N who="0" m="22551" /><D46/><U127/><E127/><V71/><F36/><W64/><G64/><T54/><D54/><U87/><E119/><V121/><F34/><W115/><G115/><T74/><D26/><N who="1" m="16719" /><E42/><V37/><F37/><W128/><G128/><T7/><D77/><U43/><E49/><V50/><F121/><W4/><G4/><T73/><D73/><U17/><E43/><V111/><F111/><W120/><G120/><T124/><D124/><U132/><E132/><V82/><REACH who="2" step="1"/><F15/><REACH who="2" ten="250,230,240,270" step="2"/><W2/><G2/><T12/><D12/><U28/><E28/><V101/><F101/><W1/><G1/><T25/><D103/><U129/><E129/><V110/><F110/><W48/><G35/><T56/><D107/><U24/><E24/><AGARI ba="0,1" hai="20,24,29,50,53,58,63,66,71,80,82,86,91,95" machi="24" ten="40,5200,0" yaku="1,1,52,2,53,0" doraHai="79" doraHaiUra="10" who="2" fromWho="1" sc="250,0,230,-52,240,62,270,0" /><INIT seed="2,0,0,0,2,57" ten="250,178,302,270" oya="2" hai0="61,62,53,56,82,51,10,84,52,73,130,131,41" hai1="128,92,33,70,47,58,39,25,119,133,45,124,6" hai2="74,50,48,101,38,79,42,26,110,122,75,7,30" hai3="59,80,78,35,106,54,125,12,46,93,102,11,104"/><V108/><F122/><W96/><G35/><T13/><D73/><U118/><E33/><V76/><F101/><W29/><G29/><T112/><D112/><U32/><E92/><V24/><F7/><W66/><G125/><T55/><D41/><U117/><E6/><V109/><F38/><W27/><G27/><N who="2" m="10281" /><F30/><W107/><G46/><T113/><D113/><U89/><E89/><V134/><F134/><W14/><G66/><T17/><D51/><N who="2" m="19498" /><F42/><W126/><G126/><T135/><D135/><U21/><E25/><V86/><F86/><W97/><G97/><T72/><D72/><AGARI ba="0,0" hai="72,74,75,76,79,108,109,110" m="19498,10281" machi="72" ten="40,12000,1" yaku="28,2,14,1,10,1" doraHai="57" who="2" fromWho="0" sc="250,-120,178,0,302,120,270,0" /><INIT seed="2,1,0,4,3,29" ten="130,178,422,270" oya="2" hai0="7,3,0,18,59,111,108,89,133,43,82,39,78" hai1="49,110,36,38,30,13,134,14,95,106,26,50,112" hai2="54,120,55,45,131,91,86,17,102,119,67,51,81" hai3="128,132,92,11,66,12,122,23,63,104,69,116,58"/><V88/><F119/><W9/><G104/><T75/><D133/><U10/><E112/><V56/><F120/><W117/><G122/><T73/><D73/><U21/><E134/><V44/><F131/><W24/><G132/><T68/><D68/><U109/><E106/><V126/><F126/><W2/><G128/><T96/><D18/><N who="1" m="8503" /><E14/><V41/><F67/><W103/><G2/><T123/><D123/><U72/><E95/><V99/><F91/><W47/><G47/><N who="0" m="24063" /><D59/><U22/><E22/><V77/><F77/><W80/><G80/><T27/><D27/><U76/><E76/><V84/><F84/><W25/><G25/><T53/><D89/><U74/><E38/><V79/><F79/><W42/><G42/><T98/><D53/><U15/><E15/><V61/><F17/><W121/><G69/><T135/><D135/><U31/><E31/><V83/><F83/><W48/><G48/><N who="1" m="18538" /><E36/><V105/><F45/><W85/><G121/><T124/><D124/><U33/><E21/><V127/><F127/><W19/><G9/><N who="0" m="2279" /><D3/><U5/><E5/><V16/><F16/><W70/><G70/><T6/><D6/><U46/><E46/><V34/><REACH who="2" step="1"/><F41/><REACH who="2" ten="130,178,412,270" step="2"/><W97/><REACH who="3" step="1"/><G85/><REACH who="3" ten="130,178,412,260" step="2"/><T1/><D82/><U94/><E74/><V107/><F107/><W125/><G125/><T130/><D75/><U32/><E72/><V28/><F28/><AGARI ba="1,2" hai="11,12,19,23,24,28,58,63,66,92,97,103,116,117" machi="28" ten="30,7700,0" yaku="1,1,7,1,25,2,53,0" doraHai="29" doraHaiUra="37" who="3" fromWho="2" sc="130,0,178,0,412,-80,260,100" /><INIT seed="3,0,0,2,2,101" ten="130,178,332,360" oya="3" hai0="52,111,135,62,104,8,18,119,36,130,31,92,59" hai1="96,16,73,108,41,1,123,50,80,118,11,63,131" hai2="74,57,132,77,93,76,25,19,72,106,67,88,129" hai3="71,37,114,120,102,91,117,49,133,127,84,134,113"/><W65/><G37/><T34/><D119/><U48/><E123/><V86/><F132/><N who="3" m="50795" /><G71/><T70/><D135/><U85/><E118/><V40/><F40/><W51/><G65/><T53/><D130/><U87/><E131/><V4/><F129/><W14/><G117/><T32/><D111/><U128/><E128/><V99/><F4/><W43/><G120/><T47/><D70/><U44/><E108/><V89/><F67/><W90/><G127/><T54/><D92/><U38/><E96/><N who="2" m="57391" /><F57/><W126/><G126/><T60/><D104/><U83/><E63/><V15/><F25/><W9/><G102/><T122/><D122/><U100/><E100/><N who="2" m="62751" /><F15/><W42/><G91/><T58/><D31/><U81/><E73/><N who="2" m="28267" /><F19/><N who="3" m="8655" /><G42/><T124/><D124/><U2/><E2/><V0/><F0/><W56/><G56/><T105/><D36/><U13/><E1/><V28/><F28/><W39/><G39/><T5/><D59/><U26/><E26/><V94/><AGARI ba="0,0" hai="76,77,86,88,94" m="28267,62751,57391" machi="94" ten="30,12000,2" yaku="35,5,52,1,54,1" doraHai="101" who="2" fromWho="2" sc="130,-30,178,-30,332,120,360,-60" /><INIT seed="4,0,0,4,2,114" ten="100,148,452,300" oya="0" hai0="65,39,134,68,85,32,69,66,58,98,13,7,6" hai1="23,92,106,132,123,70,99,0,112,9,31,64,81" hai2="52,84,44,101,18,104,30,35,128,28,131,34,83" hai3="120,121,130,37,118,91,54,67,53,72,95,47,74"/><T111/><D134/><U21/><E123/><N who="3" m="47178" /><G67/><T8/><D111/><U78/><E132/><V89/><F18/><W88/><G130/><N who="2" m="49705" /><F101/><W75/><G118/><T90/><D39/><U41/><E41/><V49/><F104/><W48/><G37/><T115/><D115/><U29/><E112/><V2/><F2/><W57/><G95/><T93/><D32/><AGARI ba="0,0" hai="28,30,32,34,35,44,49,52,83,84,89" m="49705" machi="32" ten="30,2000,0" yaku="19,1,54,1" doraHai="114" who="2" fromWho="0" sc="100,-20,148,0,452,20,300,0" /><INIT seed="5,0,0,5,3,104" ten="80,148,472,300" oya="1" hai0="24,25,33,28,106,59,50,80,57,68,34,87,69" hai1="16,96,26,131,65,21,63,20,43,133,88,86,76" hai2="73,83,13,3,2,110,116,92,39,31,119,78,64" hai3="135,97,81,127,10,7,52,44,12,105,112,60,62"/><U77/><E133/><V123/><F110/><W102/><G135/><T118/><D118/><U115/><E131/><V38/><F13/><W17/><G112/><T8/><D106/><U18/><E115/><V94/><F64/><W120/><G120/><T14/><D69/><U109/><E109/><V79/><F31/><W98/><G127/><T90/><D68/><U53/><E43/><V1/><F123/><W47/><G98/><T19/><D33/><U36/><E36/><V48/><F48/><W58/><G62/><T70/><D70/><U93/><E86/><V40/><F40/><W55/><G55/><T5/><D25/><N who="1" m="14487" /><E65/><V89/><F92/><W84/><REACH who="3" step="1"/><G7/><REACH who="3" ten="80,148,472,290" step="2"/><T99/><D99/><U132/><E132/><V51/><F119/><W117/><G117/><T23/><REACH who="0" step="1"/><D50/><REACH who="0" ten="70,148,472,290" step="2"/><U4/><E4/><V56/><F51/><W72/><G72/><T22/><D22/><U113/><E113/><V71/><F73/><W37/><G37/><T124/><D124/><U29/><E29/><V130/><F39/><W82/><G82/><T46/><D46/><U9/><E9/><V11/><F11/><W0/><G0/><T35/><D35/><U15/><E15/><V125/><F83/><W103/><G103/><T66/><D66/><U49/><E49/><V95/><F38/><W85/><G85/><T45/><D45/><U74/><E74/><V129/><F3/><W30/><G30/><T134/><D134/><U121/><E121/><V114/><F116/><W108/><G108/><T75/><D75/><U101/><E101/><V41/><F114/><W128/><G128/><RYUUKYOKU ba="0,2" sc="70,10,148,10,472,-30,290,10" hai0="5,8,14,19,23,24,28,34,57,59,80,87,90" hai1="16,21,26,53,63,76,77,88,93,96" hai3="10,12,17,44,47,52,58,60,81,84,97,102,105" /><INIT seed="5,1,2,2,5,82" ten="80,158,442,300" oya="1" hai0="55,45,68,28,135,40,74,29,118,21,15,94,25" hai1="23,63,64,113,128,83,7,103,44,93,34,96,87" hai2="78,86,51,10,123,57,30,46,125,129,67,95,92" hai3="99,119,84,54,75,122,111,8,19,24,65,12,109"/><U20/><E128/><V98/><F123/><W76/><G122/><T132/><D118/><U33/><E113/><V56/><F129/><W42/><G75/><T88/><D74/><U49/><E34/><V77/><F125/><W38/><G119/><T52/><D68/><U97/><E7/><V85/><F30/><W89/><G65/><T22/><D28/><U121/><E96/><V39/><F39/><W1/><G1/><T11/><D21/><U17/><E33/><V120/><F10/><W110/><G76/><N who="2" m="29289" /><F92/><W79/><G79/><T73/><D73/><U47/><E23/><V41/><F120/><W115/><G99/><T2/><D2/><U4/><E4/><V70/><F70/><W106/><G106/><T35/><D35/><U81/><E87/><N who="2" m="33291" /><F67/><W16/><G115/><T0/><D0/><U134/><E134/><N who="0" m="51241" /><D94/><U36/><E36/><V107/><F107/><W14/><G38/><N who="0" m="21655" /><D88/><AGARI ba="1,2" hai="41,46,51,56,57,88,95,98" m="33291,29289" machi="88" ten="30,8000,1" yaku="8,1,52,3,54,1" doraHai="82" who="2" fromWho="0" sc="80,-83,158,0,442,103,300,0" owari="-3,-50.0,158,-24.0,545,64.0,300,10.0" /></mjloggm>