<mjloggm ver="2.3"><GO type="169" lobby="0"/><UN n0="%E9%BA%BB%E9%9B%80%49%51%31%32%30" n1="%E2%91%A3%E3%82%BB%E3%83%B3%E3%83%81" n2="%52%45%49%4E%E6%A3%AE%E4%B9%85%E4%BF%9D%50" n3="%E6%A0%B9%E5%85%83%E3%81%8B%E3%82%89%E5%90%B9%E3%81%A3%E9%A3%9B%E3%81%B6" dan="17,18,16,17" rate="2097.19,2244.68,2138.28,2171.32" sx="M,M,M,F"/><TAIKYOKU oya="0"/><INIT seed="0,0,0,3,5,11" ten="250,250,250,250" oya="0" hai0="135,128,52,54,37,41,119,109,28,118,34,72,25" hai1="132,68,76,117,33,104,10,89,71,19,131,32,100" hai2="77,111,46,59,93,23,78,88,64,6,90,67,31" hai3="99,129,92,69,27,4,0,113,70,51,43,106,45"/><T123/><D123/><U112/><E117/><V20/><F111/><W127/><G113/><T95/><D72/><U133/><E76/><V44/><F6/><W57/><G129/><T83/><D128/><U26/><E131/><V114/><F114/><W97/><G127/><T121/><D121/><U85/><E100/><V61/><F93/><W49/><G4/><T73/><D109/><U98/><E98/><V122/><F122/><W39/><G0/><T120/><D120/><U14/><E104/><V13/><F59/><W110/><G110/><T62/><D135/><N who="1" m="51787" /><E112/><V18/><F18/><W65/><G27/><T56/><D95/><N who="1" m="54703" /><E26/><V126/><F61/><N who="3" m="38063" /><G99/><T96/><D96/><U107/><E107/><V48/><F31/><W8/><G92/><T94/><D94/><U53/><E53/><V38/><F38/><W17/><G39/><T134/><D54/><U125/><E125/><V84/><F84/><W47/><G97/><T5/><D134/><U79/><E79/><V15/><REACH who="2" step="1"/><F48/><REACH who="2" ten="250,250,240,250" step="2"/><W103/><G51/><T42/><D37/><U1/><E1/><V102/><F102/><W108/><G103/><T3/><D119/><U101/><E101/><V74/><F74/><W105/><G106/><T29/><D118/><U55/><E71/><V63/><F63/><W9/><G105/><T115/><D115/><U124/><E68/><V91/><F91/><W116/><G116/><T16/><D29/><U81/><E124/><AGARI ba="0,1" hai="13,15,20,23,44,46,64,67,77,78,88,90,124,126" machi="124" ten="25,16000,3" yaku="1,1,22,2,52,2,54,1,53,2" doraHai="11" doraHaiUra="86" who="2" fromWho="1" sc="250,0,250,-160,240,170,250,0" /><INIT seed="1,0,0,0,3,61" ten="250,90,410,250" oya="1" hai0="113,119,14,5,110,114,38,63,42,19,100,9,74" hai1="70,133,68,35,27,126,51,29,128,123,111,94,60" hai2="47,90,78,52,46,31,57,65,92,108,129,131,45" hai3="33,23,37,99,115,6,103,24,106,112,0,15,32"/><U89/><E123/><V95/><F108/><W97/><G37/><T125/><D110/><U56/><E111/><V102/><F31/><N who="3" m="19559" /><G97/><T118/><D74/><U39/><E39/><V21/><F78/><W43/><G43/><T132/><D100/><U93/><E126/><V98/><F21/><W104/><G33/><T55/><D125/><U117/><E117/><V127/><F127/><W50/><G50/><T81/><D81/><U105/><E105/><V85/><REACH who="2" step="1"/><F65/><REACH who="2" ten="250,90,400,250" step="2"/><W107/><G23/><N who="0" m="11767" /><D119/><U28/><E28/><V76/><F76/><W13/><G112/><T2/><D118/><U11/><E29/><V122/><F122/><W91/><G115/><T17/><D114/><U120/><E120/><V121/><F121/><W1/><G107/><T41/><D113/><U124/><E124/><V36/><F36/><W86/><G106/><T109/><D38/><U84/><E35/><V16/><F16/><W101/><G104/><T69/><D17/><U44/><E11/><V135/><F135/><W22/><G22/><T40/><D132/><U83/><E133/><V79/><F79/><W87/><G6/><T34/><D34/><U72/><E27/><V64/><F64/><W62/><G0/><T48/><D109/><U71/><E72/><V30/><F30/><W54/><G1/><T53/><D9/><U116/><E116/><V49/><AGARI ba="0,1" hai="45,46,47,49,52,57,85,90,92,95,98,102,129,131" machi="49" ten="30,4000,0" yaku="1,1,0,1,54,1,53,0" doraHai="61" doraHaiUra="18" who="2" fromWho="2" sc="250,-10,90,-20,400,50,250,-10" /><INIT seed="2,0,0,0,2,51" ten="240,70,450,240" oya="2" hai0="112,109,15,83,61,36,135,4,42,47,123,6,130" hai1="97,106,56,38,29,9,27,20,74,103,26,41,99" hai2="89,80,21,64,95,88,10,11,37,105,3,94,113" hai3="84,81,93,129,75,62,19,79,14,55,24,118,114"/><V43/><F105/><W117/><G129/><T108/><D112/><U30/><E74/><V22/><F113/><W98/><G114/><T40/><D123/><U53/><E38/><V34/><F34/><W68/><G75/><T76/><D42/><U126/><E126/><V115/><F115/><W23/><G14/><T63/><D130/><U82/><E41/><V85/><F37/><W128/><G128/><T110/><D135/><U96/><E82/><V5/><F43/><W31/><G31/><T73/><D15/><U121/><E9/><V46/><F46/><W133/><G133/><T91/><D91/><U111/><E111/><V48/><F48/><W1/><G1/><T125/><D125/><U71/><E71/><V49/><F49/><W122/><G122/><T77/><D76/><U107/><E106/><V86/><F64/><W104/><G104/><T60/><AGARI ba="0,0" hai="4,6,36,40,47,60,61,63,73,77,83,108,109,110" machi="60" ten="40,2700,0" yaku="0,1,14,1" doraHai="51" who="0" fromWho="0" sc="240,27,70,-7,450,-13,240,-7" /><INIT seed="3,0,0,1,2,49" ten="267,63,437,233" oya="3" hai0="10,82,55,83,105,24,115,28,99,126,107,63,50" hai1="37,52,7,1,94,65,44,62,84,108,110,59,68" hai2="128,31,74,2,64,129,118,90,69,116,6,114,113" hai3="122,22,25,135,11,81,79,47,43,42,104,73,51"/><W30/><G122/><T101/><D107/><U111/><E1/><V112/><F90/><W130/><G130/><N who="2" m="50281" /><F74/><W134/><G104/><T4/><D126/><U76/><E7/><V45/><F31/><W9/><REACH who="3" step="1"/><G43/><REACH who="3" ten="267,63,437,223" step="2"/><T77/><D115/><U57/><E37/><V33/><F112/><W54/><G54/><T96/><D55/><U41/><E41/><V100/><F114/><W123/><G123/><T70/><D105/><U106/><E106/><V80/><F113/><W102/><G102/><T89/><D101/><U26/><E26/><V40/><F100/><W48/><G48/><T60/><D50/><N who="1" m="28743" /><E94/><V66/><F118/><W39/><G39/><T98/><D24/><U18/><E18/><V58/><F116/><W3/><G3/><T20/><D28/><U71/><E71/><V132/><F2/><W38/><G38/><T93/><D70/><U34/><E34/><V133/><F69/><W8/><AGARI ba="0,1" hai="8,9,11,22,25,30,42,47,51,73,79,81,134,135" machi="8" ten="30,3000,0" yaku="1,1,0,1,53,0" doraHai="49" doraHaiUra="15" who="3" fromWho="3" sc="267,-10,63,-10,437,-10,223,40" /><INIT seed="3,1,0,3,5,107" ten="257,53,427,263" oya="3" hai0="67,80,65,86,101,71,30,9,58,29,21,120,84" hai1="93,109,125,108,53,98,36,26,132,46,11,13,6" hai2="81,2,110,8,116,75,57,133,124,66,25,123,49" hai3="90,40,96,54,68,118,94,16,42,1,76,126,111"/><W45/><G118/><T39/><D120/><U56/><E125/><V33/><F81/><W115/><G115/><T112/><D39/><U69/><E69/><V44/><F8/><W102/><G126/><T62/><D71/><U82/><E132/><V88/><F88/><W20/><G1/><T64/><D9/><U85/><E26/><V122/><F66/><W103/><G68/><T73/><D101/><N who="3" m="38409" /><G111/><N who="1" m="42570" /><E93/><V60/><F57/><W32/><G32/><T100/><D100/><U78/><E98/><V28/><F60/><W12/><G76/><T55/><D112/><U92/><E92/><V35/><F33/><W128/><G128/><T104/><D104/><U14/><E46/><V127/><F35/><W117/><G117/><T105/><D105/><U19/><E36/><V48/><F116/><W34/><G34/><T97/><D97/><U27/><E27/><V43/><F2/><W51/><AGARI ba="1,0" hai="12,16,20,40,42,45,51,54,90,94,96" m="38409" machi="51" ten="30,3000,0" yaku="8,1,54,1" doraHai="107" who="3" fromWho="3" sc="257,-11,53,-11,427,-11,263,33" /><INIT seed="3,2,0,4,5,111" ten="246,42,416,296" oya="3" hai0="113,13,2,45,103,116,131,80,63,125,87,41,105" hai1="23,104,28,62,78,70,38,84,117,97,16,36,48" hai2="75,37,109,121,66,68,14,49,1,108,43,85,92" hai3="60,107,98,47,52,101,11,86,4,124,119,94,72"/><W89/><G124/><T123/><D123/><U106/><E28/><V24/><F66/><W5/><G119/><T32/><D2/><U12/><E117/><V74/><F92/><W100/><G100/><T133/><D32/><U51/><E48/><V17/><F24/><W91/><G91/><T54/><D116/><U8/><E70/><V40/><F49/><W95/><G72/><T126/><D13/><U21/><E62/><V82/><F82/><W118/><G107/><T10/><D10/><U3/><E51/><V44/><F17/><W71/><G118/><T19/><D19/><U110/><E110/><V122/><F85/><W55/><G5/><T26/><D26/><U69/><E69/><V65/><F14/><W29/><G29/><T57/><D103/><U7/><E23/><V6/><F65/><W135/><G135/><T0/><D0/><U33/><E33/><V34/><F34/><W99/><G86/><T76/><D105/><U46/><E97/><V53/><F68/><W79/><G79/><T128/><D133/><U132/><E132/><V120/><F53/><W22/><G22/><T61/><D61/><U25/><E3/><V96/><F96/><W39/><G60/><T88/><D76/><U64/><E64/><V77/><F40/><N who="3" m="22943" /><G71/><T127/><REACH who="0" step="1"/><D113/><REACH who="0" ten="236,42,416,296" step="2"/><U56/><E106/><V59/><F77/><W130/><G11/><T20/><D20/><U90/><E104/><V102/><F102/><W83/><G101/><T35/><D35/><U134/><BYE who="2" /><E134/><UN n2="%52%45%49%4E%E6%A3%AE%E4%B9%85%E4%BF%9D%50" /><V129/><F109/><W93/><G4/><T67/><D67/><U73/><E78/><RYUUKYOKU ba="2,1" sc="236,30,42,-10,416,-10,296,-10" hai0="41,45,54,57,63,80,87,88,125,126,127,128,131" /><INIT seed="4,3,1,3,0,94" ten="266,32,406,286" oya="0" hai0="62,66,89,46,70,42,119,61,59,60,127,65,52" hai1="5,130,101,20,36,75,53,15,45,128,3,13,58" hai2="19,121,54,0,78,133,71,122,9,98,93,111,35" hai3="117,129,33,77,57,34,90,18,64,113,22,37,73"/><T6/><D6/><U55/><E75/><V12/><F71/><W103/><G117/><T123/><D119/><U26/><E3/><V106/><F35/><W69/><G37/><N who="0" m="21839" /><D89/><U80/><E80/><V29/><F29/><W68/><G90/><T1/><D1/><U16/><E101/><V91/><F111/><W40/><G40/><T97/><D97/><U14/><E5/><V135/><F78/><W118/><G103/><T49/><D123/><U2/><E2/><V51/><F106/><W126/><G118/><T31/><D31/><U8/><E8/><V87/><F98/><W17/><G77/><T104/><D104/><U4/><E4/><V44/><REACH who="2" step="1"/><F0/><REACH who="2" ten="266,32,396,286" step="2"/><W110/><G110/><T102/><D102/><U83/><E130/><V67/><F67/><N who="0" m="25610" /><D127/><U72/><E128/><V24/><F24/><W131/><G126/><T85/><D85/><U21/><E26/><V11/><F11/><W23/><G73/><T39/><D39/><U108/><E108/><V81/><F81/><W82/><G82/><T100/><D100/><U27/><E21/><V38/><F38/><W92/><G23/><T112/><D112/><U25/><E25/><V10/><F10/><W32/><G113/><T105/><D105/><U86/><E72/><V132/><AGARI ba="3,2" hai="9,12,19,44,51,54,87,91,93,121,122,132,133,135" machi="132" ten="30,4000,0" yaku="1,1,0,1,20,1,53,0" doraHai="94" doraHaiUra="115" who="2" fromWho="2" sc="266,-23,32,-13,396,69,286,-13" /><INIT seed="5,0,0,5,4,126" ten="243,19,465,273" oya="1" hai0="46,86,33,97,77,106,13,21,133,69,18,8,22" hai1="82,73,62,93,10,88,59,114,56,29,39,15,55" hai2="122,54,119,115,134,95,37,47,129,16,135,20,101" hai3="26,1,11,76,43,34,124,72,85,41,112,36,78"/><U109/><E114/><V79/><F122/><W120/><G120/><T19/><D33/><U68/><E109/><V84/><F119/><W58/><G112/><T80/><D69/><U102/><E39/><V31/><F31/><N who="3" m="19831" /><G85/><T6/><D133/><N who="2" m="50698" /><F129/><W61/><G58/><T12/><D46/><U64/><E29/><V53/><F115/><W132/><G61/><T51/><D51/><U123/><E102/><V3/><F3/><W103/><G103/><T35/><D35/><U28/><E28/><V4/><F4/><W99/><G99/><T63/><D63/><U49/><E123/><V9/><F9/><W118/><G43/><T105/><REACH who="0" step="1"/><D97/><REACH who="0" ten="233,19,465,273" step="2"/><U110/><E110/><V40/><F79/><W24/><G78/><T125/><D125/><U50/><E73/><V2/><F47/><W65/><G72/><T117/><D117/><U75/><E75/><V48/><F48/><W83/><G118/><T90/><D90/><U14/><E82/><V71/><F101/><W98/><G83/><T131/><D131/><U67/><E67/><V87/><F71/><W111/><G65/><T38/><D38/><U7/><E15/><AGARI ba="0,1" hai="6,8,12,13,15,18,19,21,22,77,80,86,105,106" machi="15" ten="30,3900,0" yaku="1,1,7,1,9,1,53,0" doraHai="126" doraHaiUra="108" who="0" fromWho="1" sc="233,49,19,-39,465,0,273,0" owari="282,8.0,-20,-52.0,465,57.0,273,-13.0" /></mjloggm>