<mjloggm ver="2.3"><GO type="169" lobby="0"/><UN n0="%E6%9D%8E%E7%A9%8E%E8%97%8D" n1="%E3%83%94%E3%83%A8%E3%81%A3%E3%81%99" n2="%62%6F%79%61%74%65%74%75" n3="%4B%69%7A%75%6E%65%72" dan="17,17,16,17" rate="2139.50,2169.55,2112.81,2157.39" sx="F,M,M,F"/><TAIKYOKU oya="0"/><INIT seed="0,0,0,4,4,133" ten="250,250,250,250" oya="0" hai0="22,75,126,97,40,122,91,99,13,60,18,24,94" hai1="27,35,57,84,21,67,51,12,8,47,115,100,16" hai2="55,52,125,129,121,53,31,7,19,83,38,0,39" hai3="90,73,102,89,123,109,28,2,9,107,61,14,110"/><T134/><D122/><U130/><E130/><V3/><F121/><W120/><G2/><T93/><D134/><U104/><E115/><V66/><F129/><W6/><G73/><T98/><D75/><U128/><E128/><V5/><F66/><W113/><G113/><T32/><D40/><U106/><E35/><V56/><F31/><W45/><G28/><T81/><D32/><U119/><E119/><V1/><F56/><W59/><G45/><T43/><D43/><U72/><E72/><V58/><F58/><W70/><G70/><T132/><D132/><U105/><E84/><V48/><F48/><W42/><G42/><T62/><D126/><U26/><E100/><V88/><F19/><W131/><G131/><T74/><D13/><U64/><E57/><V135/><F135/><W117/><G117/><T37/><D37/><U112/><E112/><V79/><F79/><W34/><G34/><T50/><D50/><U87/><E87/><V118/><F118/><W127/><G127/><T96/><REACH who="0" step="1"/><D94/><REACH who="0" ten="240,250,250,250" step="2"/><U78/><E27/><V101/><F125/><W71/><G123/><T30/><D30/><U116/><E116/><V17/><F39/><W86/><G120/><T108/><D108/><U124/><E124/><V41/><F38/><W44/><G110/><T33/><D33/><U4/><REACH who="1" step="1"/><E78/><AGARI ba="0,1" hai="18,22,24,60,62,74,78,81,91,93,96,97,98,99" machi="78" ten="40,3900,0" yaku="1,1,53,1" doraHai="133" doraHaiUra="76" who="0" fromWho="1" sc="240,49,250,-39,250,0,250,0" /><INIT seed="0,1,0,3,0,52" ten="289,211,250,250" oya="0" hai0="119,22,25,128,123,77,1,109,76,26,14,94,40" hai1="64,113,56,87,83,75,41,111,63,129,47,24,2" hai2="27,62,84,38,134,36,79,31,125,122,35,106,104" hai3="131,20,73,21,60,5,55,51,16,114,67,45,58"/><T12/><D119/><U29/><E111/><V71/><F122/><W112/><G131/><T69/><D123/><U86/><E129/><V6/><F134/><W105/><G73/><T110/><D128/><U118/><E118/><V8/><F84/><W68/><G105/><N who="2" m="40553" /><F79/><W82/><G5/><T91/><D1/><U0/><E75/><V99/><F99/><W53/><G82/><T126/><D69/><U11/><E113/><V88/><F88/><W97/><G97/><T30/><D40/><U85/><E11/><V42/><F42/><W120/><G120/><T34/><D77/><U115/><E83/><V50/><F50/><W65/><G21/><T132/><D76/><U70/><E70/><V95/><F95/><W3/><G3/><T59/><D132/><U48/><REACH who="1" step="1"/><E115/><REACH who="1" ten="289,201,250,250" step="2"/><V10/><F10/><W66/><REACH who="3" step="1"/><G68/><REACH who="3" ten="289,201,250,240" step="2"/><T102/><D109/><U49/><E49/><V100/><F71/><W61/><G61/><T7/><D110/><U78/><E78/><V17/><F62/><W72/><G72/><T4/><D4/><U101/><E101/><V39/><F100/><W44/><G44/><T103/><D103/><U96/><E96/><V116/><F6/><W13/><AGARI ba="1,2" hai="13,16,20,45,51,53,55,58,60,65,66,67,112,114" machi="13" ten="30,7900,0" yaku="1,1,0,1,52,1,54,1,53,0" doraHai="52" doraHaiUra="89" who="3" fromWho="3" sc="289,-40,201,-21,250,-21,240,102" /><INIT seed="1,0,0,4,3,4" ten="249,180,229,342" oya="1" hai0="78,132,48,66,85,40,28,111,128,0,71,92,77" hai1="7,100,47,118,31,64,67,125,16,11,32,12,39" hai2="18,107,97,45,73,82,17,81,50,55,90,74,72" hai3="129,120,98,134,109,2,51,36,60,53,95,119,10"/><U99/><E118/><V79/><F79/><W5/><G36/><T121/><D0/><U115/><E115/><V80/><REACH who="2" step="1"/><F90/><REACH who="2" ten="249,180,219,342" step="2"/><W44/><G119/><T89/><D89/><U3/><E125/><V76/><F76/><W57/><G120/><T102/><D78/><U38/><E32/><V122/><F122/><W117/><G117/><T110/><D77/><U103/><E31/><V56/><F56/><W35/><G35/><T20/><D28/><U114/><E114/><V93/><F93/><W54/><G109/><T130/><D121/><U108/><E108/><V84/><F84/><W88/><G134/><T63/><D132/><U43/><E39/><V24/><F24/><W65/><REACH who="3" step="1"/><G129/><REACH who="3" ten="249,180,219,332" step="2"/><T94/><D110/><U8/><REACH who="1" step="1"/><E103/><AGARI ba="0,2" hai="17,18,45,50,55,72,73,74,80,81,82,97,103,107" machi="103" ten="50,1600,0" yaku="1,1,53,0" doraHai="4" doraHaiUra="23" who="2" fromWho="1" sc="249,0,180,-16,219,36,332,0" /><INIT seed="2,0,0,2,1,38" ten="249,164,255,332" oya="2" hai0="104,27,117,109,53,60,81,131,48,120,75,82,114" hai1="133,123,65,72,62,37,41,71,21,2,87,122,50" hai2="29,24,70,25,10,108,34,20,1,3,125,42,98" hai3="56,63,18,55,130,102,103,84,86,6,113,35,116"/><V22/><F70/><W112/><G116/><T83/><D120/><N who="1" m="46123" /><E72/><V78/><F78/><W30/><G130/><T76/><D114/><N who="3" m="44137" /><G6/><T66/><D104/><U93/><E2/><V51/><F125/><W43/><G18/><T80/><D131/><U31/><E87/><N who="3" m="33322" /><G43/><T16/><D109/><U94/><E37/><V73/><F73/><W4/><G4/><T89/><D89/><U23/><E133/><V132/><F132/><W17/><G17/><T45/><D117/><U46/><E31/><V33/><F108/><W28/><G28/><T90/><D90/><U5/><E5/><V91/><F1/><W47/><G47/><T54/><D54/><U74/><E74/><V58/><F3/><W61/><G61/><T126/><D126/><U44/><E44/><V127/><F127/><W9/><G9/><T0/><D0/><U101/><E101/><N who="3" m="38410" /><G30/><T115/><D115/><U107/><E107/><V96/><F10/><W69/><G35/><T128/><D128/><U32/><E32/><V68/><F29/><W59/><G55/><T36/><D36/><U12/><E12/><V57/><F68/><W88/><G88/><T15/><D15/><U85/><E85/><V19/><F91/><W110/><G110/><T119/><D119/><U100/><E100/><V92/><F19/><W79/><G79/><T129/><D129/><U124/><E124/><V118/><F118/><W49/><G69/><N who="0" m="42183" /><D16/><U99/><E99/><V105/><F96/><W40/><G63/><T64/><D64/><U121/><N who="1" m="46131" /><U39/><DORA hai="97" /><E39/><V7/><F98/><W95/><G56/><RYUUKYOKU ba="0,0" sc="249,15,164,15,255,-15,332,-15" hai0="27,45,48,53,75,76,80,81,82,83" hai1="21,23,41,46,50,62,65,71,93,94" /><INIT seed="3,1,0,3,1,109" ten="264,179,240,317" oya="3" hai0="116,47,2,37,15,8,92,11,21,26,66,82,56" hai1="65,77,127,95,49,20,55,36,67,103,96,115,133" hai2="72,117,126,81,99,104,60,78,130,110,40,42,79" hai3="58,61,59,64,52,44,132,3,57,41,80,45,118"/><W84/><G118/><T34/><D116/><U18/><E36/><V94/><F117/><W87/><G132/><T69/><D69/><U5/><E133/><V85/><F110/><W19/><G3/><T27/><D34/><U53/><E127/><V39/><F126/><W17/><G87/><T108/><D108/><U113/><E5/><V68/><F130/><W13/><G41/><T50/><D37/><U24/><E77/><V73/><F104/><W120/><G120/><T10/><D2/><U22/><E55/><V123/><F123/><W90/><G17/><N who="0" m="10431" /><D82/><U75/><E75/><V125/><F125/><W129/><G129/><T111/><D92/><U32/><E32/><V83/><F39/><W98/><G98/><T70/><D70/><U89/><E22/><V16/><F85/><W51/><G45/><T134/><D111/><U28/><E28/><V88/><REACH who="2" step="1"/><F16/><REACH who="2" ten="264,179,230,317" step="2"/><W91/><G91/><T101/><D134/><U23/><E89/><V43/><F43/><W93/><G93/><T30/><D30/><U128/><E128/><V102/><F102/><W124/><G124/><T12/><D101/><U48/><E103/><V100/><F100/><W105/><G105/><T106/><D106/><U6/><E18/><V4/><F4/><W122/><G122/><T74/><D74/><U135/><E135/><V76/><F76/><W86/><G86/><T9/><D12/><U71/><E6/><V29/><F29/><W1/><G1/><T35/><D26/><U131/><E24/><V14/><F14/><W0/><G0/><T97/><D27/><U112/><E131/><RYUUKYOKU ba="1,1" sc="264,-15,179,-15,230,15,317,15" hai2="40,42,60,68,72,73,78,79,81,83,88,94,99" hai3="13,19,44,51,52,57,58,59,61,64,80,84,90" /><INIT seed="3,2,1,0,3,114" ten="249,164,245,332" oya="3" hai0="33,72,68,11,127,40,56,41,131,35,21,64,29" hai1="110,132,0,13,9,50,84,116,6,113,88,109,63" hai2="59,73,36,92,123,58,49,135,118,106,57,65,105" hai3="18,37,86,42,108,25,26,100,4,60,87,10,97"/><W62/><G108/><N who="1" m="41578" /><E113/><V38/><F123/><W75/><G75/><T128/><D68/><U2/><E132/><V5/><F73/><W53/><G37/><T90/><D72/><U23/><E63/><V76/><F76/><W51/><G42/><T124/><D21/><U61/><E61/><N who="3" m="23658" /><G4/><T104/><D64/><U95/><E50/><V91/><F135/><W85/><G100/><T130/><D56/><U94/><E23/><V16/><F5/><W12/><G97/><T34/><D29/><U82/><E116/><V102/><F102/><W79/><G79/><T14/><D90/><N who="1" m="51479" /><E95/><V98/><F118/><W80/><G80/><T103/><D41/><U83/><E83/><V48/><F65/><W126/><G126/><N who="0" m="48171" /><D40/><U43/><E43/><V115/><F115/><W1/><G1/><T125/><N who="0" m="48179" /><T44/><DORA hai="69" /><D35/><U20/><E20/><V32/><F32/><W111/><G111/><T96/><D44/><AGARI ba="2,1" hai="10,12,18,25,26,44,51,53,85,86,87" m="23658" machi="44" ten="30,1500,0" yaku="8,1" doraHai="114,69" who="3" fromWho="0" sc="249,-21,164,0,245,0,332,31" /><INIT seed="3,3,0,4,1,80" ten="228,164,245,363" oya="3" hai0="73,42,123,20,68,69,83,130,116,9,29,82,125" hai1="91,120,46,114,95,132,58,117,131,60,133,134,96" hai2="22,34,54,103,77,25,111,121,24,63,35,15,85" hai3="32,0,59,122,55,2,40,98,36,47,124,93,12"/><W28/><G122/><T50/><D123/><U66/><E114/><V57/><F121/><W10/><G124/><T67/><D116/><U92/><E120/><V17/><F111/><W3/><G28/><T65/><D125/><U97/><E117/><V30/><F103/><W128/><G32/><T44/><D130/><U49/><E131/><V94/><F25/><W79/><G79/><T115/><D115/><U75/><E75/><V86/><F35/><W90/><G128/><T19/><D69/><U76/><E76/><V119/><F119/><W43/><G43/><T81/><D68/><U100/><E46/><V5/><F77/><W135/><G135/><T87/><D87/><U31/><E49/><V74/><F74/><W107/><G107/><T113/><D113/><U64/><REACH who="1" step="1"/><E31/><REACH who="1" ten="228,154,245,363" step="2"/><V109/><F109/><W41/><G47/><T39/><D73/><U18/><E18/><V23/><F5/><W38/><G38/><T89/><D39/><U8/><E8/><V16/><F16/><W112/><G36/><T108/><D108/><U61/><E61/><V1/><F63/><N who="3" m="36351" /><G112/><T99/><D29/><U53/><AGARI ba="3,1" hai="53,58,60,64,66,91,92,95,96,97,100,132,133,134" machi="53" ten="30,7900,0" yaku="1,1,0,1,20,1,53,1" doraHai="80" doraHaiUra="52" who="1" fromWho="1" sc="228,-23,154,98,245,-23,363,-42" /><INIT seed="4,0,0,2,1,9" ten="205,252,222,321" oya="0" hai0="40,13,101,78,122,65,29,16,27,100,32,34,31" hai1="109,84,47,30,19,95,36,43,4,73,39,15,110" hai2="105,5,68,48,118,38,117,131,64,125,58,52,127" hai3="0,42,28,116,12,104,45,132,53,59,46,66,88"/><T114/><D122/><U1/><E73/><V76/><F105/><W10/><G116/><N who="2" m="44649" /><F76/><W108/><G108/><T18/><D78/><U93/><E36/><V37/><F5/><W94/><G132/><T121/><D121/><U69/><E69/><V128/><F68/><W91/><G0/><T133/><D133/><U60/><E60/><N who="2" m="37911" /><F37/><W112/><G104/><T6/><D65/><U85/><E30/><V80/><F80/><W21/><G112/><T49/><D114/><U90/><E4/><V17/><F17/><N who="3" m="8343" /><G42/><T41/><D6/><U106/><E1/><V26/><F38/><W55/><G66/><T67/><D67/><U77/><E106/><V8/><F8/><W81/><G81/><T44/><D40/><U74/><E74/><V71/><F71/><W22/><G91/><T56/><D18/><U72/><E72/><V11/><F11/><W86/><G53/><T92/><D31/><U33/><E77/><V50/><F26/><N who="3" m="16463" /><G22/><T54/><D32/><U20/><E33/><V99/><F99/><W135/><G135/><T130/><D34/><U62/><E110/><V129/><F52/><W87/><G87/><T79/><D79/><U126/><E109/><V82/><F82/><W115/><G115/><T120/><D120/><U89/><REACH who="1" step="1"/><E62/><AGARI ba="0,0" hai="45,46,55,59,62,86,88,94" m="16463,8343" machi="62" ten="30,3900,0" yaku="8,1,52,1,54,1" doraHai="9" who="3" fromWho="1" sc="205,0,252,-39,222,0,321,39" /><INIT seed="5,0,0,1,1,31" ten="205,213,222,360" oya="1" hai0="19,3,70,92,125,58,15,30,107,131,49,126,13" hai1="114,38,119,99,56,48,105,122,128,37,5,93,22" hai2="80,96,36,127,40,83,63,67,97,89,66,0,6" hai3="102,4,75,108,24,76,78,103,32,100,82,17,79"/><U54/><E105/><V1/><F127/><W120/><G120/><T91/><D107/><U20/><E119/><V53/><F53/><W18/><G108/><T50/><D70/><U95/><E122/><V135/><F135/><W26/><G4/><T77/><D3/><U87/><E128/><V61/><F6/><W106/><G106/><T42/><D77/><U72/><E72/><V71/><F36/><W8/><G8/><T90/><D131/><U47/><E114/><V116/><F71/><W59/><G59/><T12/><D30/><U60/><E5/><V33/><F89/><W16/><G32/><T57/><D19/><U52/><E87/><V21/><F21/><W28/><G28/><T23/><D23/><U130/><E130/><V109/><F40/><W7/><G7/><T74/><D74/><U64/><E95/><V2/><F2/><W117/><G75/><T9/><D9/><U27/><E20/><V113/><F113/><W25/><G82/><T118/><D118/><AGARI ba="0,0" hai="16,17,18,24,25,26,76,78,79,100,102,103,117,118" machi="118" ten="50,32000,5" yakuman="41" doraHai="31" who="3" fromWho="0" sc="205,-320,213,0,222,0,360,320" owari="-115,-62.0,213,-19.0,222,2.0,680,79.0" /></mjloggm>