<mjloggm ver="2.3"><GO type="185" lobby="0"/><UN n0="%E3%81%97%E3%82%85%E3%81%B3%E8%81%B7%E4%BA%BA" n1="%E6%B0%B7%E3%81%AE%4B" n2="%70%6F%6E%5F%6B%61%73%75" n3="" dan="16,16,16,0" rate="2133.05,2123.41,2168.13,1500.00" sx="M,M,M,C"/><TAIKYOKU oya="0"/><INIT seed="0,0,0,4,3,119" ten="350,350,350,0" oya="0" hai0="80,100,97,125,122,79,56,54,33,90,37,112,95" hai1="114,113,75,81,121,2,44,40,39,116,73,63,132" hai2="42,118,43,135,78,123,92,96,38,71,32,127,41" hai3=""/><T67/><N who="0" m="31264" /><T110/><D33/><U101/><N who="1" m="31008" /><U129/><E2/><V86/><N who="2" m="31520" /><V76/><F32/><T70/><D37/><U124/><E116/><V59/><F38/><T134/><D112/><N who="1" m="43115" /><E132/><V48/><F71/><T120/><N who="0" m="30752" /><T102/><D134/><U69/><E129/><V107/><F118/><T52/><D125/><U111/><E124/><V115/><F127/><T91/><D102/><U53/><E111/><V55/><F135/><T3/><D3/><U35/><E35/><V46/><F115/><T84/><D110/><U82/><E101/><V36/><F107/><T105/><D70/><U66/><E53/><N who="0" m="20585" /><D105/><U61/><E61/><AGARI ba="0,0" hai="56,61,67,79,80,84,90,91,95,97,100" m="20585,30752,31264" machi="61" ten="30,18000,2" yaku="8,1,52,4,54,1" doraHai="119" who="0" fromWho="1" sc="350,180,350,-180,350,0,0,0" /><INIT seed="0,1,0,0,2,70" ten="530,170,350,0" oya="0" hai0="56,41,78,107,38,53,51,66,95,129,133,40,101" hai1="84,83,104,126,75,103,91,134,35,82,69,45,68" hai2="98,32,106,58,130,43,92,42,119,123,71,57,1" hai3=""/><T89/><D133/><U105/><E134/><V65/><N who="2" m="31520" /><V110/><F110/><T131/><D78/><U124/><E35/><V39/><F106/><T34/><D34/><U116/><E116/><V36/><F1/><T90/><D66/><U48/><E105/><V86/><F32/><T33/><D33/><U76/><E104/><V3/><F3/><T47/><D41/><U128/><E103/><V63/><F130/><N who="0" m="49674" /><D107/><U117/><E117/><V44/><F86/><T64/><D64/><U135/><E135/><V0/><F119/><T88/><D101/><U67/><E67/><V96/><F0/><T132/><D132/><U59/><E59/><V100/><F98/><AGARI ba="1,0" hai="38,40,47,51,53,56,88,89,90,95,98" m="49674" machi="98" ten="30,5800,0" yaku="19,1,52,1,54,1" doraHai="70" who="0" fromWho="2" sc="530,60,170,0,350,-60,0,0" /><INIT seed="0,2,0,2,4,54" ten="590,170,290,0" oya="0" hai0="85,113,110,116,57,92,104,111,124,129,84,3,62" hai1="93,60,35,89,88,103,2,79,98,71,125,109,48" hai2="114,37,117,50,115,108,77,61,39,94,51,69,64" hai3=""/><T90/><D3/><U68/><E2/><V97/><F77/><T121/><N who="0" m="31008" /><T72/><D116/><U86/><E125/><V46/><F94/><T126/><D72/><U95/><E109/><N who="0" m="41481" /><D113/><N who="2" m="43018" /><F97/><T105/><D129/><U107/><E35/><V44/><F117/><T47/><D47/><N who="2" m="17962" /><F108/><T63/><D63/><U42/><E79/><V102/><F102/><T66/><D85/><U76/><E76/><V134/><F134/><T74/><D74/><U101/><E60/><V83/><F83/><T40/><D40/><U38/><E103/><V81/><F81/><T133/><D133/><U55/><E42/><V70/><F70/><T91/><D91/><U58/><REACH who="1" step="1"/><E38/><AGARI ba="2,0" hai="37,38,39,50,51,61,64,69" m="17962,43018" machi="38" ten="30,2000,0" yaku="34,2" doraHai="54" who="2" fromWho="1" sc="590,0,170,-24,290,24,0,0" /><INIT seed="1,0,0,4,5,52" ten="590,146,314,0" oya="1" hai0="69,34,130,129,82,125,3,98,114,74,88,85,116" hai1="72,92,80,66,0,118,58,101,112,123,59,65,107" hai2="68,83,100,99,131,60,63,56,43,64,110,126,44" hai3=""/><U51/><N who="1" m="31520" /><U2/><E118/><V105/><F110/><T122/><N who="0" m="31264" /><T89/><D69/><U39/><E39/><V132/><F126/><T49/><D49/><U79/><E112/><V103/><F132/><T117/><D34/><U102/><E107/><V95/><F131/><N who="0" m="50186" /><D3/><U55/><E66/><V81/><F100/><T86/><D114/><U50/><E102/><V35/><F105/><T38/><D38/><U41/><E41/><V120/><N who="2" m="30752" /><V133/><F133/><T78/><D98/><U91/><E101/><V119/><F119/><N who="0" m="45642" /><D125/><U93/><E93/><V47/><F35/><T134/><D134/><U57/><E65/><V113/><F113/><T115/><D115/><U94/><E94/><V84/><F95/><T76/><D74/><U36/><E36/><V37/><F37/><T67/><D67/><U109/><E109/><V75/><F64/><T104/><D104/><U90/><E50/><V70/><F70/><T127/><D127/><U42/><E42/><V53/><F43/><T124/><D124/><U62/><E51/><V40/><F40/><T54/><D54/><U71/><E55/><V121/><F53/><T32/><D32/><U111/><E111/><V96/><N who="2" m="31008" /><V48/><F68/><RYUUKYOKU ba="0,0" sc="590,20,146,-10,314,-10,0,0" hai0="76,78,82,85,86,88,89" /><INIT seed="2,1,0,5,3,104" ten="610,136,304,0" oya="2" hai0="72,99,121,83,91,64,101,85,43,32,46,58,53" hai1="125,120,48,67,131,55,107,112,39,80,96,86,128" hai2="63,81,66,74,95,68,111,87,122,118,130,119,134" hai3=""/><V61/><N who="2" m="31264" /><V41/><F134/><T0/><N who="0" m="31008" /><T69/><D32/><U65/><N who="1" m="30752" /><U59/><E39/><V44/><F130/><N who="1" m="49705" /><E112/><V93/><F111/><T106/><D0/><U92/><E107/><V126/><F126/><T40/><D40/><U38/><E38/><V117/><F63/><T60/><D72/><U84/><E125/><V78/><REACH who="2" step="1"/><F87/><REACH who="2" ten="610,136,294,0" step="2"/><N who="1" m="33321" /><E80/><V114/><F114/><T82/><D82/><U110/><E110/><V70/><F70/><T98/><D69/><U42/><E42/><V56/><F56/><T124/><D124/><U115/><E115/><V133/><F133/><T90/><D83/><U77/><E77/><V100/><F100/><AGARI ba="1,1" hai="48,55,59,65,67,92,96,100" m="33321,49705,30752" machi="100" ten="30,2000,0" yaku="19,1,52,1" doraHai="104" who="1" fromWho="2" sc="610,0,136,32,294,-22,0,0" /><INIT seed="4,0,0,2,5,101" ten="610,168,272,0" oya="0" hai0="62,83,2,135,132,70,117,49,58,51,121,107,35" hai1="119,64,116,65,57,123,59,43,40,67,103,95,54" hai2="87,105,61,100,94,97,60,38,1,50,129,91,76" hai3=""/><T47/><N who="0" m="31008" /><T44/><D35/><U78/><N who="1" m="31520" /><U52/><E78/><V133/><F38/><T130/><D2/><U45/><E103/><V90/><F1/><T99/><D83/><U33/><E95/><V85/><F76/><T125/><D99/><U0/><E0/><V66/><F133/><T118/><D107/><U55/><E33/><V48/><F61/><T102/><D102/><U92/><E92/><V68/><F129/><T37/><D70/><U46/><E119/><V106/><F106/><T114/><D37/><U98/><E98/><V36/><F36/><T111/><D62/><U86/><E86/><V73/><F73/><T74/><D74/><U56/><E116/><V3/><F3/><T112/><D130/><U79/><E79/><V34/><F34/><T110/><D58/><U32/><E32/><V134/><F134/><T75/><D75/><U113/><E113/><V128/><F128/><T131/><D131/><U124/><E124/><AGARI ba="0,0" hai="44,47,49,51,110,111,112,114,117,118,124,125,132,135" m="31008" machi="124" ten="25,18000,2" yaku="22,2,34,3,52,1" doraHai="101" who="0" fromWho="1" sc="610,180,168,-180,272,0,0,0" owari="790,74.0,-12,-61.0,272,-13.0,0,0.0" /></mjloggm>