<mjloggm ver="2.3"><GO type="169" lobby="0"/><UN n0="%E5%9B%9B%E5%AE%AE%E7%B4%85%E8%BC%9D" n1="%6B%69%6D%38" n2="%E5%8F%A4%E6%9C%AC" n3="%E8%8F%8A%E7%94%B0%E5%84%AA%E4%B8%80%E9%83%8E" dan="18,18,16,16" rate="2260.39,2240.60,2068.97,2046.97" sx="F,M,M,M"/><TAIKYOKU oya="0"/><INIT seed="0,0,0,4,5,111" ten="250,250,250,250" oya="0" hai0="12,87,104,33,122,14,65,62,83,31,93,0,74" hai1="1,103,24,10,45,39,97,53,119,38,30,5,41" hai2="63,131,135,56,124,43,129,66,6,126,23,59,34" hai3="90,60,81,121,4,70,128,118,113,20,58,78,2"/><T95/><D122/><U115/><E53/><V82/><F34/><W108/><G118/><T116/><D116/><U32/><E119/><V18/><F6/><W50/><G121/><T105/><D0/><U25/><E24/><V112/><F43/><W106/><G108/><T37/><D37/><U100/><E100/><V27/><F135/><W22/><G106/><T13/><D74/><U11/><E11/><V71/><F82/><W98/><G128/><N who="2" m="49225" /><F112/><W114/><G70/><T85/><D31/><U48/><REACH who="1" step="1"/><E115/><REACH who="1" ten="250,240,250,250" step="2"/><V57/><AGARI ba="0,1" hai="18,23,27,56,57,59,63,66,71,124,126" m="49225" machi="57" ten="40,1500,0" yaku="19,1" doraHai="111" who="2" fromWho="2" sc="250,-7,240,-4,250,25,250,-4" /><INIT seed="1,0,0,1,3,95" ten="243,236,275,246" oya="1" hai0="132,75,135,88,77,106,68,58,39,32,18,90,34" hai1="1,127,81,63,104,73,72,71,28,21,80,89,60" hai2="123,38,27,0,83,8,111,102,3,98,44,48,82" hai3="25,115,11,84,109,9,50,22,117,92,101,91,15"/><U133/><E1/><V113/><F123/><W76/><G117/><T7/><D68/><U30/><E104/><V114/><F38/><W47/><G115/><N who="2" m="44041" /><F111/><W100/><G109/><T124/><D39/><U42/><E42/><N who="2" m="24599" /><F27/><W26/><G76/><T4/><D106/><U54/><E71/><V24/><F24/><N who="3" m="9323" /><G9/><T118/><D18/><U108/><E108/><V97/><F102/><W43/><G22/><T51/><D118/><U62/><E21/><V94/><F94/><W31/><G31/><T130/><D34/><U53/><E89/><V78/><F83/><N who="1" m="31817" /><E127/><V134/><F134/><W122/><G122/><T126/><D32/><U40/><E40/><V65/><F65/><W103/><G103/><T2/><D126/><U93/><E93/><V74/><F3/><W87/><G87/><T107/><D124/><U116/><E116/><V36/><F36/><W37/><G37/><T61/><D107/><U120/><E120/><V56/><F56/><W85/><G84/><T66/><D2/><U41/><E41/><V5/><AGARI ba="0,0" hai="0,5,8,74,78,82,97,98" m="24599,44041" machi="5" ten="30,4000,0" yaku="11,1,52,2" doraHai="95" who="2" fromWho="2" sc="243,-10,236,-20,275,40,246,-10" /><INIT seed="2,0,0,5,4,67" ten="233,216,315,236" oya="2" hai0="128,106,54,76,75,13,121,68,46,84,96,3,95" hai1="45,12,119,69,135,83,17,86,37,71,55,125,108" hai2="60,41,124,80,127,105,102,97,126,91,6,103,115" hai3="42,79,9,8,99,28,10,117,107,87,44,20,50"/><V26/><F115/><W31/><G117/><T0/><D121/><U34/><E119/><V56/><F41/><W39/><G39/><T5/><D128/><U133/><E34/><V72/><F6/><W59/><G107/><T19/><D5/><U81/><E108/><V23/><F103/><W21/><G99/><T7/><D7/><U16/><E125/><V43/><F43/><W63/><G79/><T89/><D68/><U58/><E45/><V30/><F91/><W65/><REACH who="3" step="1"/><G87/><REACH who="3" ten="233,216,315,226" step="2"/><T29/><D106/><U51/><E37/><V11/><F72/><W40/><G40/><T134/><D96/><U27/><E133/><V38/><F38/><W92/><G92/><T110/><D76/><U101/><E135/><V122/><F80/><W52/><G52/><T129/><D75/><U94/><E83/><V118/><F118/><W2/><G2/><T70/><D3/><U48/><E81/><V25/><F122/><W78/><G78/><T4/><D0/><U77/><E77/><V47/><F127/><W18/><G18/><T130/><D19/><U109/><E86/><V49/><F126/><W131/><G131/><T74/><D74/><U132/><E132/><V32/><F124/><W120/><G120/><T62/><D134/><U35/><E17/><V33/><F105/><W14/><G14/><T66/><D13/><U111/><E12/><V1/><F97/><W64/><G64/><T100/><D129/><U90/><E16/><V114/><F1/><W93/><G93/><T98/><D95/><U82/><E94/><V61/><F26/><W73/><G73/><RYUUKYOKU ba="0,1" sc="233,-10,216,-10,315,-10,226,30" hai3="8,9,10,20,21,28,31,42,44,50,59,63,65" /><INIT seed="3,1,1,0,2,68" ten="223,206,305,256" oya="3" hai0="31,1,67,129,66,106,42,55,11,43,118,69,96" hai1="48,128,89,95,74,45,18,20,56,123,32,135,4" hai2="120,86,44,33,107,40,80,92,64,122,49,75,23" hai3="38,6,131,76,65,78,125,30,57,110,52,132,36"/><W71/><G132/><T112/><D118/><U82/><E123/><N who="2" m="47147" /><F107/><W2/><G131/><T87/><D129/><U26/><E128/><V58/><F33/><W91/><G125/><T10/><D69/><U116/><E116/><V27/><F75/><W5/><G71/><T72/><D72/><U126/><E126/><V114/><F92/><W84/><G65/><T124/><D124/><U50/><E135/><V73/><F73/><W15/><G2/><T83/><D31/><U77/><E32/><V88/><F114/><W100/><G100/><T46/><D96/><U109/><E109/><V24/><F23/><W103/><G103/><T41/><D106/><U117/><E4/><V111/><F111/><W21/><G110/><T35/><D35/><U130/><E117/><V127/><F127/><W63/><G6/><T29/><D29/><U115/><E115/><V25/><F25/><W99/><G99/><T70/><D1/><U34/><E34/><V81/><F80/><N who="3" m="49543" /><G5/><T19/><D70/><U3/><E3/><V113/><F113/><W22/><G22/><T62/><D112/><U14/><E130/><V51/><F64/><W7/><G7/><T47/><D66/><U12/><E95/><V101/><F101/><W121/><G121/><T102/><D67/><U16/><E18/><V17/><F17/><N who="3" m="10431" /><G30/><T94/><D19/><U134/><E134/><V60/><F60/><W0/><G0/><T79/><D102/><U85/><E74/><V59/><F59/><W105/><G105/><T53/><D94/><U28/><E28/><V54/><AGARI ba="1,1" hai="24,27,40,44,49,51,54,58,81,86,88" m="47147" machi="54" ten="30,2000,0" yaku="13,1,54,1" doraHai="68" who="2" fromWho="2" sc="223,-6,206,-6,305,33,256,-11" /><INIT seed="4,0,0,5,3,54" ten="217,200,338,245" oya="0" hai0="2,93,48,99,44,130,75,20,108,97,88,12,82" hai1="94,32,110,129,84,61,101,71,73,1,89,33,90" hai2="86,120,63,11,6,46,68,83,7,72,51,105,102" hai3="38,42,125,122,39,80,60,37,23,34,106,65,67"/><T78/><D130/><U45/><E110/><V131/><F120/><W0/><G106/><T103/><D2/><U128/><E1/><V5/><F72/><W76/><G34/><T3/><D3/><U53/><E73/><V25/><F105/><W28/><G0/><T36/><D108/><U15/><E101/><V9/><F131/><N who="1" m="50249" /><E15/><V29/><F102/><W87/><G125/><T66/><D66/><N who="1" m="41423" /><E90/><V127/><F127/><W81/><G122/><T104/><D36/><U50/><AGARI ba="0,0" hai="32,33,45,50,53,84,89,94" m="41423,50249" machi="50" ten="30,1100,0" yaku="19,1" doraHai="54" who="1" fromWho="1" sc="217,-5,200,11,338,-3,245,-3" /><INIT seed="5,0,0,5,0,57" ten="212,211,335,242" oya="1" hai0="89,84,22,73,115,107,8,53,51,30,9,122,125" hai1="119,114,131,35,85,55,41,75,23,63,6,43,95" hai2="38,112,80,56,92,67,69,26,39,47,20,110,90" hai3="117,126,60,34,104,65,91,64,31,28,40,116,121"/><U120/><E119/><N who="3" m="45642" /><G126/><T109/><D109/><U87/><E75/><V70/><F110/><W108/><G108/><T12/><D115/><U72/><E72/><V66/><F80/><W13/><G121/><T33/><D73/><U7/><E35/><V111/><F111/><W79/><G104/><T88/><D107/><U42/><E120/><V78/><F78/><W97/><G79/><T10/><D125/><U29/><E114/><V32/><F32/><W62/><G40/><T98/><D33/><U17/><E29/><N who="3" m="11338" /><G13/><T118/><D122/><U132/><E132/><V76/><F112/><W0/><G0/><T86/><D98/><U74/><E74/><V96/><F76/><W130/><G130/><T11/><D118/><U124/><E124/><V46/><F96/><W106/><G34/><T50/><D30/><U59/><E131/><V128/><F128/><W127/><G127/><T16/><N who="0" m="2048" /><DORA hai="99" /><T3/><D3/><U1/><E1/><V123/><F123/><W18/><G18/><T102/><D102/><U58/><E6/><V81/><F26/><W134/><G134/><T19/><D19/><U77/><E7/><V93/><F20/><W68/><G91/><N who="0" m="34891" /><D50/><N who="1" m="31095" /><E77/><V21/><F21/><W49/><G49/><T37/><D37/><U83/><E83/><V94/><F81/><W100/><G68/><T36/><D36/><U25/><E95/><V5/><F38/><W133/><G133/><T129/><D129/><U4/><E4/><V27/><F5/><W2/><G2/><T101/><D101/><U48/><E48/><V61/><F39/><W113/><G113/><RYUUKYOKU ba="0,0" sc="212,10,211,10,335,-30,242,10" hai0="12,16,22,51,53,84,86" hai1="17,23,25,41,42,43,59,63,85,87" hai3="60,62,64,65,97,100,106" /><INIT seed="5,1,0,5,0,105" ten="222,221,305,252" oya="1" hai0="129,25,22,123,20,49,41,8,120,84,17,131,31" hai1="107,46,63,93,28,106,48,121,30,27,50,32,97" hai2="21,117,62,43,115,125,69,94,89,126,60,124,16" hai3="12,132,34,51,67,14,135,44,92,88,7,76,36"/><U100/><E121/><N who="0" m="46665" /><D41/><U1/><E1/><V40/><F117/><W37/><G34/><N who="0" m="20847" /><D49/><U42/><E30/><V133/><F115/><W45/><G76/><T96/><D96/><U15/><E48/><V74/><F74/><W18/><G67/><T95/><D95/><U114/><E114/><V122/><F133/><N who="3" m="51275" /><G45/><T52/><D84/><U77/><E15/><N who="3" m="5674" /><G18/><T71/><D71/><U78/><REACH who="1" step="1"/><E63/><REACH who="1" ten="222,211,305,252" step="2"/><N who="2" m="24107" /><F122/><W72/><G7/><T70/><D129/><U57/><E57/><V75/><F69/><W109/><G109/><T119/><D131/><U47/><E47/><V56/><F56/><W113/><G113/><T3/><D70/><U102/><E102/><V4/><F126/><W73/><G37/><T116/><D3/><U79/><AGARI ba="1,1" hai="27,28,32,42,46,50,77,78,79,93,97,100,106,107" machi="79" ten="30,6000,0" yaku="1,1,0,1,53,1" doraHai="105" doraHaiUra="29" who="1" fromWho="1" sc="222,-21,211,73,305,-21,252,-21" /><INIT seed="5,2,0,3,0,30" ten="201,284,284,231" oya="1" hai0="135,46,124,69,122,103,7,44,52,110,8,34,91" hai1="72,22,0,51,17,66,60,33,102,126,57,59,85" hai2="58,56,127,6,25,5,36,84,76,65,125,82,49" hai3="94,37,29,21,121,68,45,31,133,35,11,23,16"/><U39/><E72/><V132/><F36/><W134/><G68/><T41/><D110/><U74/><E74/><V9/><F132/><N who="3" m="50795" /><G121/><T18/><D135/><U106/><E39/><V70/><F70/><W95/><G37/><T27/><D124/><N who="2" m="47690" /><F25/><N who="3" m="18863" /><G45/><T104/><D69/><U77/><E0/><V13/><F65/><W116/><G116/><T101/><D104/><U131/><E33/><V83/><F49/><W88/><G31/><T112/><D122/><U63/><E131/><V47/><F47/><W28/><G28/><T90/><D34/><U81/><E126/><V97/><F97/><N who="3" m="57543" /><G95/><T107/><D44/><U123/><E123/><V42/><F42/><W50/><G50/><T119/><D41/><U108/><E108/><V92/><F92/><W54/><G54/><T98/><D52/><U115/><E51/><V24/><F83/><W14/><AGARI ba="2,0" hai="11,14,16,21,23" m="57543,18863,50795" machi="14" ten="30,7900,0" yaku="20,1,52,1,54,2" doraHai="30" who="3" fromWho="3" sc="201,-22,284,-41,284,-22,231,85" /><INIT seed="6,0,0,3,4,47" ten="179,243,262,316" oya="2" hai0="36,61,27,114,92,135,39,20,96,23,89,54,104" hai1="129,17,109,124,55,108,122,3,58,105,107,68,18" hai2="56,37,93,70,130,86,102,103,60,52,76,112,12" hai3="134,127,111,30,7,46,40,41,100,0,6,59,83"/><V119/><F119/><W57/><G111/><T15/><D114/><U29/><E3/><V8/><F70/><W21/><G134/><T64/><D135/><U101/><E68/><V48/><F37/><W117/><G0/><T79/><D104/><U51/><E124/><V123/><F123/><W71/><G71/><T32/><D32/><U43/><E129/><V62/><F130/><W128/><G128/><T42/><D42/><N who="3" m="16489" /><G127/><T120/><D120/><U94/><E122/><V72/><F72/><W24/><G46/><T50/><D79/><U5/><E5/><N who="3" m="1546" /><G117/><T84/><D64/><U91/><E43/><V82/><F112/><W85/><G100/><N who="2" m="38441" /><F93/><W16/><G30/><T73/><D73/><U26/><E108/><V25/><F25/><W4/><G4/><AGARI ba="0,0" hai="4,8,12,48,52,56,60,62,76,82,86" m="38441" machi="4" ten="30,5800,0" yaku="8,1,52,1,54,1" doraHai="47" who="2" fromWho="3" sc="179,0,243,0,262,58,316,-58" /><INIT seed="6,1,0,2,0,76" ten="179,243,320,258" oya="2" hai0="79,43,86,31,74,45,66,49,87,107,108,105,124" hai1="110,35,85,72,64,128,84,133,15,131,9,89,111" hai2="83,62,11,7,53,135,122,24,23,132,109,10,95" hai3="29,126,119,116,8,103,46,91,93,94,98,47,123"/><V27/><F122/><W28/><G123/><T57/><D108/><U1/><E64/><V82/><F109/><W16/><G126/><T18/><D124/><U48/><E72/><V26/><F23/><W125/><G125/><T60/><D31/><N who="3" m="11849" /><G119/><T25/><D74/><U63/><E63/><V59/><F95/><W73/><G73/><T2/><D2/><U113/><E35/><V51/><F62/><W4/><G4/><T96/><D96/><U120/><E1/><V97/><F97/><N who="3" m="59823" /><G116/><T33/><D86/><U13/><E120/><V20/><F20/><W117/><G117/><T50/><D33/><U78/><E48/><V115/><F115/><W42/><G42/><T40/><D50/><U34/><E34/><V37/><F37/><W12/><AGARI ba="1,0" hai="8,12,16,46,47,91,94,98" m="59823,11849" machi="12" ten="30,2000,0" yaku="8,1,54,1" doraHai="76" who="3" fromWho="3" sc="179,-6,243,-6,320,-11,258,23" /><INIT seed="7,0,0,0,1,131" ten="173,237,309,281" oya="3" hai0="108,93,80,3,60,24,56,45,2,49,17,28,73" hai1="121,62,99,57,66,22,126,20,37,104,97,75,36" hai2="63,90,39,110,16,33,43,134,113,76,4,58,83" hai3="119,82,114,53,47,87,64,89,127,41,98,59,32"/><W74/><G119/><T135/><D108/><U48/><E121/><V31/><F110/><W95/><G127/><T100/><D17/><U105/><E75/><V12/><F4/><W129/><G129/><T81/><D73/><U1/><E1/><V86/><F39/><W124/><G114/><T52/><D135/><U51/><E57/><V69/><F69/><W67/><G32/><T116/><D116/><U122/><E62/><V15/><F134/><W5/><G5/><T30/><D3/><U27/><E66/><N who="2" m="39287" /><F33/><W55/><G55/><T112/><D2/><U29/><E29/><V19/><F31/><W125/><G74/><T0/><D0/><U79/><E79/><V50/><F113/><W26/><G26/><T94/><D112/><U54/><E54/><V10/><F76/><W84/><G84/><T91/><D28/><U35/><E35/><V103/><F103/><W115/><G115/><T71/><D71/><U68/><E27/><V40/><F50/><W7/><G7/><T128/><D128/><U18/><E18/><V44/><F44/><W11/><G11/><AGARI ba="0,0" hai="10,11,12,15,16,19,40,43,83,86,90" m="39287" machi="11" ten="30,2000,0" yaku="8,1,54,1" doraHai="131" who="2" fromWho="3" sc="173,0,237,0,309,20,281,-20" owari="173,-33.0,237,-16.0,329,43.0,261,6.0" /></mjloggm>