<mjloggm ver="2.3"><GO type="185" lobby="0"/><UN n0="%E3%82%A2%E3%83%95%E3%83%AA%E3%82%AB" n1="%E6%B0%B7%E3%81%AE%4B" n2="%E5%A4%9A%E6%9E%97%E6%99%8B" n3="" dan="16,16,16,0" rate="2223.66,2129.12,2204.86,1500.00" sx="M,M,M,C"/><TAIKYOKU oya="0"/><INIT seed="0,0,0,0,3,0" ten="350,350,350,0" oya="0" hai0="126,109,57,89,61,41,33,125,74,85,120,110,43" hai1="72,92,58,35,2,107,135,93,56,95,124,132,115" hai2="78,69,73,105,63,111,77,66,129,50,36,65,131" hai3=""/><T60/><N who="0" m="30752" /><T106/><D106/><U130/><E2/><V91/><F36/><T42/><D74/><U127/><E107/><V116/><F105/><T122/><N who="0" m="31264" /><T83/><D33/><U84/><E72/><V123/><N who="2" m="31520" /><V1/><F1/><T52/><REACH who="0" step="1"/><D61/><REACH who="0" ten="340,350,350,0" step="2"/><U99/><E35/><V101/><F73/><T64/><D64/><U133/><E133/><V113/><F66/><T48/><D48/><U51/><E135/><V34/><F50/><T94/><D94/><U88/><E132/><V97/><F34/><T79/><D79/><U54/><E95/><V67/><F78/><T45/><D45/><U37/><E37/><V40/><F77/><T76/><D76/><U117/><E51/><V108/><F63/><T87/><D87/><U98/><E93/><V80/><F65/><T75/><D75/><U39/><E39/><V59/><F67/><T55/><D55/><U81/><E54/><V100/><F59/><T47/><D47/><U119/><E56/><V90/><F40/><T134/><D134/><U96/><E58/><V53/><F53/><T112/><D112/><U118/><E92/><V70/><F113/><T128/><D128/><U68/><E115/><V44/><F131/><T121/><D121/><RYUUKYOKU ba="0,1" sc="340,20,350,-10,350,-10,0,0" hai0="41,42,43,52,57,60,83,85,89,109,110,125,126" /><INIT seed="0,1,1,0,0,1" ten="360,340,340,0" oya="0" hai0="40,51,39,0,120,112,53,135,104,32,38,96,116" hai1="73,57,45,113,81,93,123,131,41,37,95,54,60" hai2="75,121,43,101,97,108,125,88,117,110,94,61,77" hai3=""/><T50/><N who="0" m="30752" /><T47/><D0/><U132/><N who="1" m="31520" /><U115/><E132/><V133/><N who="2" m="31008" /><V102/><F133/><T36/><D135/><U65/><E131/><V2/><F2/><T118/><D112/><N who="1" m="43083" /><E65/><V64/><F43/><T72/><D72/><U78/><AGARI ba="1,1" hai="37,41,45,54,57,60,73,78,81,93,95" m="43083,31520" machi="78" ten="30,1500,0" yaku="11,1,52,1" doraHai="1" who="1" fromWho="1" sc="360,-11,340,27,340,-6,0,0" /><INIT seed="1,0,0,3,0,100" ten="349,367,334,0" oya="1" hai0="69,103,107,117,65,46,55,43,90,59,135,133,70" hai1="53,50,73,99,36,86,84,106,87,54,120,47,98" hai2="109,49,82,80,111,85,58,57,44,68,52,124,1" hai3=""/><U112/><N who="1" m="30752" /><U76/><E112/><V95/><F1/><T62/><D117/><U61/><E36/><V123/><N who="2" m="31520" /><V110/><F68/><T119/><D119/><U37/><E37/><V93/><F124/><T104/><D90/><U77/><E73/><V126/><F126/><T41/><D103/><U66/><E54/><V38/><F82/><T118/><D118/><U127/><E127/><V40/><F58/><T60/><D70/><U56/><REACH who="1" step="1"/><E106/><REACH who="1" ten="349,357,334,0" step="2"/><V89/><AGARI ba="0,1" hai="38,40,44,49,52,57,80,85,89,93,95,109,110,111" m="31520" machi="89" ten="30,5900,0" yaku="0,1,14,1,52,1,54,1" doraHai="100" who="2" fromWho="2" sc="349,-20,357,-39,334,69,0,0" /><INIT seed="2,0,0,5,4,117" ten="329,318,403,0" oya="2" hai0="50,110,90,80,41,81,119,91,132,71,116,129,43" hai1="66,57,111,120,72,127,84,63,88,58,1,38,42" hai2="35,89,131,78,54,75,121,135,60,73,108,83,40" hai3=""/><V2/><N who="2" m="31008" /><V96/><F2/><T112/><D71/><U34/><N who="1" m="30752" /><U70/><E1/><V37/><F35/><T62/><D62/><U133/><E34/><V32/><F32/><T105/><D50/><U53/><E111/><V56/><F108/><T79/><D110/><U113/><E133/><V134/><F131/><T128/><D79/><U44/><E127/><V86/><F96/><T49/><D49/><U69/><E72/><V122/><N who="2" m="31264" /><V109/><F109/><T94/><D105/><U45/><E113/><V98/><F98/><T93/><D132/><N who="2" m="50730" /><F78/><T85/><D85/><U107/><E107/><V102/><F102/><T101/><D101/><U95/><REACH who="1" step="1"/><E44/><AGARI ba="0,0" hai="37,40,44,54,56,60,73,75,83,86,89" m="50730,31264,31008" machi="44" ten="30,12000,1" yaku="20,1,52,4" doraHai="117" who="2" fromWho="1" sc="329,0,318,-120,403,120,0,0" /><INIT seed="2,1,0,1,0,119" ten="329,198,523,0" oya="2" hai0="45,99,33,32,112,60,127,57,35,53,95,81,117" hai1="109,72,130,133,92,114,134,85,132,37,64,102,49" hai2="91,40,88,100,82,86,50,55,106,44,52,79,74" hai3=""/><V51/><F106/><T118/><D112/><U124/><E37/><V101/><F40/><T0/><D0/><U98/><E114/><V58/><REACH who="2" step="1"/><F91/><REACH who="2" ten="329,198,513,0" step="2"/><T63/><D118/><U80/><E134/><V59/><F59/><T108/><D117/><U39/><E132/><V67/><F67/><T125/><D57/><U77/><E133/><V115/><F115/><T47/><D33/><U38/><E64/><V113/><F113/><T93/><D35/><U89/><E130/><V2/><F2/><T129/><D129/><U34/><E34/><V56/><F56/><T73/><D32/><U48/><E124/><V104/><F104/><T105/><D105/><U43/><E109/><V68/><F68/><T65/><D108/><U76/><E77/><V70/><F70/><T46/><D65/><U66/><E66/><V75/><F75/><T110/><D73/><U135/><E135/><V126/><F126/><T54/><D110/><U128/><E128/><V62/><F62/><T111/><D111/><U3/><E3/><V87/><F87/><T94/><D127/><U107/><E43/><V121/><N who="2" m="31008" /><V83/><AGARI ba="1,1" hai="44,50,51,52,55,58,74,79,82,83,86,88,100,101" m="31008" machi="83" ten="20,16000,3" yaku="1,1,4,1,0,1,7,1,52,2,54,2,53,1" doraHai="119" doraHaiUra="41" who="2" fromWho="2" sc="329,-81,198,-81,513,172,0,0" /><INIT seed="2,2,0,3,5,35" ten="248,117,685,0" oya="2" hai0="53,90,64,70,87,80,40,60,96,77,73,33,48" hai1="110,62,95,83,0,3,84,115,52,106,45,134,2" hai2="1,47,37,56,67,46,119,126,51,117,54,55,94" hai3=""/><V108/><F126/><T69/><D33/><U113/><E106/><V98/><F1/><T79/><D70/><U104/><E104/><V58/><F108/><T74/><D40/><U116/><E116/><V125/><F125/><T81/><D96/><U101/><E134/><V75/><F75/><T82/><D53/><U103/><E110/><V65/><F94/><T72/><D48/><U102/><E95/><V32/><F98/><T36/><REACH who="0" step="1"/><D36/><REACH who="0" ten="238,117,685,0" step="2"/><U132/><E132/><V129/><F32/><T63/><D63/><U78/><REACH who="1" step="1"/><E62/><REACH who="1" ten="238,107,685,0" step="2"/><V93/><F51/><AGARI ba="2,2" hai="0,2,3,45,51,52,78,83,84,101,102,103,113,115" machi="51" ten="50,12000,2" yaku="1,1,2,1,52,3,54,1,53,0" doraHai="35" doraHaiUra="71" who="1" fromWho="2" sc="238,0,107,144,685,-124,0,0" /><INIT seed="4,0,0,5,4,80" ten="238,251,561,0" oya="0" hai0="62,54,47,113,131,107,127,45,74,83,91,32,81" hai1="126,72,51,129,130,36,90,65,125,67,35,42,77" hai2="3,112,111,71,82,56,53,34,37,115,121,101,108" hai3=""/><T120/><N who="0" m="30752" /><T104/><D32/><U87/><E35/><V134/><N who="2" m="31008" /><V103/><F34/><T61/><D127/><N who="1" m="48651" /><E36/><V95/><F71/><T50/><D131/><N who="1" m="50187" /><E72/><V100/><F37/><T38/><D38/><U52/><E77/><V93/><F82/><T70/><D74/><U40/><E42/><V33/><F3/><T41/><D41/><U96/><E96/><V132/><F33/><T76/><D76/><U94/><E40/><V60/><F111/><T92/><D70/><U49/><E49/><V63/><F63/><T102/><D61/><U79/><E79/><V58/><F108/><T44/><D62/><U1/><E1/><V119/><F60/><T97/><D50/><U124/><N who="1" m="48659" /><U64/><DORA hai="85" /><E64/><V122/><N who="2" m="31264" /><V68/><F68/><T118/><D97/><U48/><E48/><V66/><F66/><T84/><D84/><U46/><AGARI ba="0,0" hai="46,51,52,65,67,87,90,94" m="50187,48659" machi="46" ten="50,6000,1" yaku="18,1,19,1,52,2,54,1" doraHai="80,85" who="1" fromWho="1" sc="238,-40,251,60,561,-20,0,0" /><INIT seed="5,0,0,0,3,107" ten="198,311,541,0" oya="1" hai0="32,42,132,95,125,56,129,126,135,33,41,111,78" hai1="43,73,37,71,134,75,66,1,120,69,68,44,67" hai2="128,35,65,86,131,50,93,112,57,64,127,123,97" hai3=""/><U81/><N who="1" m="30752" /><U119/><E1/><V106/><N who="2" m="31520" /><V88/><F35/><T114/><D95/><U52/><E119/><V46/><F127/><N who="0" m="48650" /><D56/><U87/><E134/><N who="0" m="51241" /><D78/><U90/><REACH who="1" step="1"/><E52/><REACH who="1" ten="198,301,541,0" step="2"/><V3/><F3/><T59/><D111/><U89/><E89/><V102/><F88/><T0/><D0/><U118/><E118/><V122/><F122/><T63/><D114/><U117/><E117/><V51/><F112/><T84/><D33/><U113/><E113/><V100/><F100/><T47/><D32/><U115/><E115/><V61/><F102/><T103/><D103/><U99/><E99/><V2/><F97/><T39/><D41/><U105/><E105/><V60/><F106/><T94/><D129/><U98/><E98/><V70/><F131/><T96/><D96/><U109/><E109/><V108/><F128/><T36/><D36/><U91/><E91/><V45/><F108/><T85/><D94/><U79/><E79/><V83/><F93/><T80/><D80/><U130/><E130/><V110/><F2/><T76/><D76/><U92/><E92/><V82/><F110/><T101/><D101/><U53/><E53/><AGARI ba="0,1" hai="39,42,47,53,59,63,84,85" m="51241,48650" machi="53" ten="30,2000,0" yaku="18,1,20,1" doraHai="107" who="0" fromWho="1" sc="198,30,301,-20,541,0,0,0" /><INIT seed="6,0,0,5,1,56" ten="228,281,541,0" oya="2" hai0="106,123,47,38,92,133,99,126,42,1,85,135,52" hai1="115,119,111,97,98,78,83,104,131,61,91,118,120" hai2="87,107,129,44,103,51,45,114,84,70,77,0,65" hai3=""/><V108/><F108/><T125/><N who="0" m="31520" /><T41/><D1/><U134/><N who="1" m="30752" /><U74/><E111/><V102/><F114/><T94/><D42/><U73/><E115/><V86/><F129/><T67/><D106/><U66/><E131/><V34/><F44/><T121/><N who="0" m="31008" /><T95/><D67/><U116/><E134/><N who="0" m="51209" /><D85/><U90/><E74/><V109/><F102/><T48/><D99/><N who="1" m="37899" /><E104/><V75/><F84/><T76/><D76/><U62/><E62/><V69/><F86/><T130/><D130/><U93/><E93/><N who="0" m="23809" /><T122/><N who="0" m="31264" /><DORA hai="53" /><T35/><D35/><U89/><E89/><V110/><F87/><T132/><N who="0" m="51217" /><T101/><DORA hai="71" /><D101/><U37/><E37/><V39/><F107/><T46/><AGARI ba="0,0" hai="38,41,46,47,48,52,125,126" m="31264,23809,51217,31008,31520" machi="46" ten="50,9000,2" yaku="20,1,52,4,54,1" doraHai="56,53,71" who="0" fromWho="0" sc="228,90,281,-30,541,-60,0,0" owari="318,-8.0,251,-35.0,481,43.0,0,0.0" /></mjloggm>