<mjloggm ver="2.3"><GO type="185" lobby="0"/><UN n0="%E3%83%AA%E3%82%B3%E3%83%BB%E3%83%90%E3%83%B3%E3%83%87%E3%83%A9%E3%82%B9" n1="%70%6F%6E%5F%6B%61%73%75" n2="%E3%82%A2%E3%83%95%E3%83%AA%E3%82%AB" n3="" dan="16,16,16,0" rate="2205.90,2167.82,2217.76,1500.00" sx="M,M,M,C"/><TAIKYOKU oya="0"/><INIT seed="0,0,0,5,5,83" ten="350,350,350,0" oya="0" hai0="66,109,0,55,67,124,36,90,58,77,92,64,123" hai1="129,53,46,94,108,89,126,79,80,114,85,38,104" hai2="41,119,72,118,127,33,63,107,75,82,135,110,112" hai3=""/><T54/><N who="0" m="31520" /><T45/><D0/><U69/><E108/><V81/><F41/><T34/><D34/><U61/><E129/><V100/><F63/><T43/><D109/><U88/><E126/><V99/><F33/><T74/><D124/><U134/><E134/><V101/><F110/><T131/><D131/><U133/><E133/><V57/><F57/><T50/><D77/><U60/><E114/><V111/><F111/><T116/><D74/><U95/><E104/><V106/><F135/><T48/><D116/><U37/><E69/><V49/><F49/><T70/><D70/><U51/><E37/><V128/><F127/><T68/><D68/><U47/><E47/><V76/><F128/><T132/><D132/><U102/><E102/><V93/><F112/><T56/><D67/><U122/><N who="1" m="31264" /><U2/><E38/><V98/><F107/><T39/><D36/><U87/><E2/><V62/><F62/><T42/><D42/><U86/><AGARI ba="0,0" hai="46,51,53,60,61,79,80,85,86,87,88,89,94,95" m="31264" machi="86" ten="20,12000,3" yaku="0,1,7,1,9,1,8,1,52,4,54,1" doraHai="83" who="1" fromWho="1" sc="350,-80,350,120,350,-40,0,0" /><INIT seed="1,0,0,5,5,76" ten="270,470,310,0" oya="1" hai0="112,97,103,101,81,75,67,64,60,33,107,77,34" hai1="92,69,131,91,85,56,1,36,134,111,68,109,113" hai2="110,123,83,41,47,105,65,125,0,86,122,117,104" hai3=""/><U80/><E1/><V42/><N who="2" m="31264" /><V95/><N who="2" m="31520" /><V127/><F0/><T32/><D112/><U99/><E113/><V55/><F117/><T44/><D103/><U119/><E119/><V54/><F65/><T74/><D44/><U49/><E36/><V2/><F2/><T89/><D89/><U87/><E131/><V78/><F95/><T71/><REACH who="0" step="1"/><D67/><REACH who="0" ten="260,470,310,0" step="2"/><U51/><E91/><V62/><F47/><T79/><D79/><U61/><E111/><V116/><F110/><T129/><D129/><U94/><E109/><V70/><F78/><T48/><D48/><U90/><E51/><V53/><F116/><T57/><D57/><U130/><E49/><V35/><F42/><T59/><D59/><U126/><E56/><V43/><F43/><T108/><D108/><U115/><E130/><V63/><F41/><T128/><D128/><U66/><E115/><V96/><F55/><T38/><D38/><U114/><E90/><V118/><F54/><T93/><D93/><U100/><E94/><V40/><F53/><T124/><D124/><U37/><E92/><V121/><F40/><T120/><N who="0" m="30752" /><T98/><D98/><U52/><E126/><V102/><F127/><T88/><D88/><U135/><E66/><RYUUKYOKU ba="0,1" sc="260,20,470,-10,310,-10,0,0" hai0="32,33,34,60,64,71,74,75,77,81,97,101,107" /><INIT seed="2,1,1,4,2,56" ten="280,460,300,0" oya="2" hai0="85,89,3,90,54,2,125,41,96,104,123,55,117" hai1="45,47,105,78,99,101,74,135,68,121,51,109,102" hai2="84,52,32,95,82,81,36,72,79,43,128,70,119" hai3=""/><V88/><F119/><T0/><N who="0" m="31520" /><T69/><D117/><U115/><N who="1" m="31008" /><U37/><E115/><V130/><F32/><T120/><N who="0" m="30752" /><T33/><D33/><U57/><E109/><V73/><F70/><T111/><D111/><U42/><E135/><V59/><F43/><T58/><D69/><U80/><E68/><V133/><F36/><T94/><D125/><U67/><E101/><V127/><F127/><T39/><D104/><U76/><E76/><V106/><F106/><T114/><D114/><U48/><E47/><V49/><F133/><T66/><D41/><U71/><E71/><V129/><F82/><T113/><D39/><U1/><E1/><V103/><F103/><T100/><D113/><U38/><E38/><V34/><F34/><T132/><D132/><U124/><E124/><V83/><F83/><T107/><REACH who="0" step="1"/><D90/><REACH who="0" ten="270,460,300,0" step="2"/><U92/><E105/><V75/><AGARI ba="1,2" hai="49,52,59,72,73,75,79,81,84,88,95,128,129,130" machi="75" ten="40,8000,1" yaku="0,1,19,1,54,2" doraHai="56" who="2" fromWho="2" sc="270,-41,460,-41,300,102,0,0" /><INIT seed="2,2,0,2,2,65" ten="229,419,402,0" oya="2" hai0="53,38,92,71,94,103,123,75,109,101,99,39,87" hai1="78,55,76,95,52,64,37,89,133,120,97,105,46" hai2="62,43,69,61,88,73,129,57,115,108,121,116,79" hai3=""/><V134/><N who="2" m="31008" /><V122/><N who="2" m="31264" /><V106/><F106/><T111/><N who="0" m="31520" /><T135/><D75/><U2/><N who="1" m="30752" /><U126/><E2/><V3/><F3/><T130/><D135/><U74/><E133/><V81/><F134/><T34/><D34/><U82/><E126/><V49/><F116/><T47/><D71/><U127/><E127/><V35/><F115/><T113/><D113/><U102/><E78/><V85/><F35/><T63/><D130/><U124/><E64/><V67/><F129/><T91/><D103/><U45/><E124/><V112/><F112/><T54/><D63/><U59/><E37/><V107/><F107/><T36/><REACH who="0" step="1"/><D47/><REACH who="0" ten="219,419,402,0" step="2"/><U114/><E114/><V48/><F108/><AGARI ba="2,1" hai="36,38,39,53,54,87,91,92,94,99,101,108,109,111" m="31520" machi="108" ten="50,8000,1" yaku="1,1,2,1,14,1,52,1,53,0" doraHai="65" doraHaiUra="104" who="0" fromWho="2" sc="219,94,419,0,402,-84,0,0" /><INIT seed="4,0,0,4,4,61" ten="313,419,318,0" oya="0" hai0="119,84,87,51,37,3,130,111,36,41,53,82,114" hai1="96,79,49,70,75,134,38,132,2,124,47,57,42" hai2="59,86,39,110,45,54,56,68,93,71,81,0,129" hai3=""/><T89/><D3/><U78/><E124/><V85/><F0/><T95/><D119/><U52/><E2/><V104/><F104/><T133/><D114/><U44/><E70/><V118/><F118/><T117/><D117/><U109/><E109/><V67/><F129/><T122/><N who="0" m="31264" /><T77/><D130/><U106/><E75/><V108/><F59/><T97/><D133/><N who="1" m="51307" /><E47/><V90/><F71/><T72/><D111/><U73/><E73/><V103/><F103/><AGARI ba="0,0" hai="38,42,44,49,52,57,78,79,96,103,106" m="51307" machi="103" ten="30,2000,0" yaku="20,1,54,1" doraHai="61" who="1" fromWho="2" sc="313,0,419,20,318,-20,0,0" /><INIT seed="5,0,0,5,3,127" ten="313,439,298,0" oya="1" hai0="109,47,73,83,37,100,82,75,32,54,85,67,95" hai1="40,44,62,108,105,123,79,116,90,132,99,120,124" hai2="34,76,70,122,93,71,64,89,3,55,46,128,80" hai3=""/><U107/><N who="1" m="30752" /><U78/><N who="1" m="31520" /><U91/><E116/><V118/><N who="2" m="31264" /><V135/><F118/><T98/><D32/><U126/><E132/><V69/><F135/><T66/><D109/><U117/><E117/><V131/><F34/><T53/><D53/><U42/><E62/><V104/><F104/><N who="1" m="40009" /><E99/><V129/><F3/><T43/><D54/><U106/><E106/><V94/><F64/><T48/><D37/><U97/><E108/><V112/><F112/><T45/><D45/><U33/><E33/><V110/><F110/><T57/><D57/><U103/><E103/><V113/><F89/><N who="1" m="33801" /><E97/><V88/><F113/><T133/><D133/><U115/><E115/><V77/><F55/><T130/><D67/><U52/><E52/><V0/><F46/><T51/><D66/><U101/><E101/><V86/><F0/><T2/><D47/><U1/><E1/><V38/><F38/><T114/><D114/><U49/><E42/><V84/><F88/><T111/><D111/><U65/><E65/><V56/><F56/><T41/><D2/><U92/><E92/><V134/><F134/><T119/><D119/><U36/><E36/><V81/><AGARI ba="0,0" hai="69,70,71,76,77,80,81,84,86,93,94,128,129,131" m="31264" machi="81" ten="40,9000,2" yaku="0,1,9,1,19,1,52,4" doraHai="127" who="2" fromWho="2" sc="313,-30,439,-60,298,90,0,0" /><INIT seed="6,0,0,4,2,118" ten="283,379,388,0" oya="2" hai0="75,1,79,135,86,46,68,123,102,36,133,90,0" hai1="96,70,82,40,94,72,66,38,126,71,113,116,59" hai2="111,121,80,52,87,88,101,78,57,95,112,58,51" hai3=""/><V130/><N who="2" m="31008" /><V77/><F111/><T64/><N who="0" m="31520" /><T37/><D102/><U43/><E116/><V132/><F112/><T81/><D64/><U110/><E113/><V92/><F132/><N who="0" m="50762" /><D68/><U127/><E110/><V65/><F130/><T106/><D106/><U47/><E43/><V84/><F101/><T32/><D32/><U44/><E44/><V120/><N who="2" m="30752" /><V35/><F35/><T56/><D56/><U61/><E71/><V117/><F117/><T89/><D89/><U129/><E70/><V119/><F119/><T39/><D46/><U50/><E129/><V131/><F131/><T108/><D108/><U105/><E105/><V83/><F88/><T2/><D90/><U124/><E127/><V63/><AGARI ba="0,0" hai="51,52,57,58,63,65,77,78,80,83,84,87,92,95" m="30752,31008" machi="63" ten="30,16000,3" yaku="0,1,9,1,8,1,52,4,54,1" doraHai="118" who="2" fromWho="2" sc="283,-80,379,-80,388,160,0,0" owari="203,-40.0,299,-10.0,548,50.0,0,0.0" /></mjloggm>