<mjloggm ver="2.3"><GO type="169" lobby="0"/><UN n0="%E3%82%8F%E3%81%A3%E3%81%97%E3%82%87%E3%81%84%E5%90%9B%32%E5%8F%B7" n1="%42%72%42%61" n2="%62%6F%79%61%74%65%74%75" n3="%E6%AD%8C%E8%88%9E%E4%BC%8E%E5%90%9B" dan="18,16,16,16" rate="2294.79,2137.96,2118.55,2124.95" sx="M,M,M,M"/><TAIKYOKU oya="0"/><INIT seed="0,0,0,0,0,70" ten="250,250,250,250" oya="0" hai0="49,94,83,71,85,87,135,72,86,107,126,121,98" hai1="74,26,25,89,31,106,84,54,47,40,99,134,66" hai2="9,68,80,10,101,48,7,46,93,59,29,52,4" hai3="56,60,30,118,21,20,112,8,95,111,33,42,115"/><T120/><D71/><U6/><E134/><V64/><F68/><W32/><G118/><T116/><D49/><U77/><E6/><N who="2" m="2091" /><F29/><W75/><G8/><N who="2" m="3177" /><F80/><W45/><G75/><T122/><D116/><U127/><E127/><V39/><F39/><W35/><G95/><T131/><D126/><U133/><E133/><V57/><F64/><W79/><G79/><T36/><D36/><U124/><E66/><V13/><F13/><W105/><G105/><T81/><D135/><U119/><E119/><V19/><F19/><W117/><G117/><T104/><D131/><U55/><E124/><V92/><F92/><W23/><G30/><T16/><D16/><U44/><E77/><V12/><F12/><W38/><REACH who="3" step="1"/><G111/><REACH who="3" ten="250,250,250,240" step="2"/><T58/><D72/><U65/><E74/><V100/><F93/><W3/><G3/><T37/><D107/><U50/><E106/><V2/><F2/><W88/><G88/><N who="0" m="55623" /><D104/><U114/><E31/><V130/><F130/><W73/><G73/><T91/><D91/><U113/><E89/><V96/><F96/><W15/><G15/><T103/><D122/><U128/><E99/><V62/><F62/><W1/><G1/><T97/><D121/><U125/><E128/><V18/><F18/><W22/><N who="3" m="5120" /><DORA hai="17" /><W61/><G61/><T27/><D120/><U28/><E28/><V76/><F76/><W0/><G0/><T82/><D97/><U132/><E125/><V14/><F14/><W90/><G90/><T63/><D63/><U34/><E132/><V11/><F11/><W78/><G78/><T53/><D83/><U108/><E108/><RYUUKYOKU ba="0,1" sc="250,-15,250,-15,250,15,240,15" hai2="46,48,52,57,59,100,101" hai3="32,33,35,38,42,45,56,60,112,115" /><INIT seed="1,1,1,2,3,93" ten="235,235,265,255" oya="1" hai0="48,5,82,104,24,16,106,40,55,107,105,51,128" hai1="79,54,25,30,126,120,95,14,41,127,87,18,26" hai2="129,31,36,62,27,11,53,81,71,72,59,113,80" hai3="37,8,119,63,98,88,61,35,77,112,118,110,58"/><U97/><E120/><V28/><F129/><W17/><G112/><T34/><D128/><U39/><E54/><V4/><F113/><W100/><G35/><T134/><D134/><U43/><E79/><V23/><F71/><W44/><G110/><T78/><D5/><U90/><E87/><V19/><F36/><W114/><G77/><T125/><D125/><N who="1" m="47627" /><E39/><V69/><F69/><W74/><G74/><T3/><D3/><U85/><E85/><V22/><F72/><W96/><G114/><T29/><D40/><N who="1" m="15435" /><E30/><V47/><F47/><W108/><G44/><T116/><D116/><N who="3" m="44585" /><G37/><T135/><D135/><U101/><E101/><V131/><F131/><W89/><G108/><T2/><D55/><U7/><E7/><V84/><F84/><W121/><G121/><T103/><D103/><U49/><E49/><V111/><F111/><W60/><G58/><T115/><D115/><U46/><E46/><V73/><F73/><W92/><G98/><T102/><D102/><U75/><E75/><V130/><F130/><W86/><G86/><T91/><D78/><U56/><E56/><V64/><F81/><W70/><G70/><T10/><D82/><U66/><E66/><V52/><F80/><W67/><G67/><T68/><D68/><U117/><E117/><V15/><REACH who="2" step="1"/><F31/><REACH who="2" ten="235,235,255,255" step="2"/><W109/><G109/><T33/><D29/><U94/><E94/><V122/><F122/><W20/><G92/><T65/><D107/><U124/><E124/><V57/><F57/><W6/><G100/><T76/><D106/><U32/><E32/><N who="0" m="12393" /><D105/><U38/><E38/><V21/><F21/><AGARI ba="1,2" hai="14,18,21,25,26,90,95,97" m="15435,47627" machi="21" ten="30,5800,0" yaku="6,1,18,1,52,1" doraHai="93" who="1" fromWho="2" sc="235,0,235,81,255,-61,255,0" /><INIT seed="1,2,0,3,0,83" ten="235,316,194,255" oya="1" hai0="47,98,69,23,27,43,93,105,118,9,24,20,50" hai1="119,85,111,38,65,96,49,7,81,77,87,35,66" hai2="60,45,46,15,39,59,6,57,68,70,12,14,21" hai3="132,61,120,125,34,4,1,124,71,110,11,108,63"/><U52/><E119/><V107/><F107/><W99/><G120/><T128/><D118/><U76/><E38/><V18/><F59/><W84/><G132/><T82/><D128/><U126/><E126/><N who="3" m="48746" /><G34/><T29/><D69/><U90/><E35/><V19/><F6/><W26/><G26/><T131/><D131/><U17/><E111/><N who="3" m="42538" /><G71/><T32/><D32/><U53/><E7/><V78/><F70/><W127/><N who="3" m="48754" /><W44/><DORA hai="102" /><G99/><T62/><D27/><U30/><E96/><V112/><F68/><W92/><G44/><T56/><D29/><U13/><E30/><V25/><F46/><W51/><G51/><T33/><D33/><U133/><E77/><V31/><F45/><W64/><G64/><N who="1" m="24682" /><E49/><V37/><F78/><W48/><G48/><T116/><D50/><U114/><E114/><V40/><F112/><W103/><G103/><T130/><D47/><U5/><E5/><V2/><F37/><W95/><G95/><T72/><D93/><N who="1" m="54479" /><E133/><V104/><F39/><W117/><G117/><T80/><D116/><U106/><E106/><V94/><F104/><W129/><G129/><T109/><D130/><U115/><E115/><V88/><F94/><W0/><G1/><T135/><D105/><U75/><E75/><V100/><F2/><W36/><G36/><T41/><D72/><U16/><E17/><V121/><F19/><W67/><G67/><T91/><D135/><U73/><E73/><V97/><F18/><W58/><G58/><T134/><D56/><U54/><E16/><V86/><F57/><W3/><G3/><T123/><D109/><RYUUKYOKU ba="2,0" sc="235,-15,316,15,194,-15,255,15" hai1="13,52,53,54,76,81,87" hai3="0,4,11,61,63,84,92" /><INIT seed="1,3,0,0,5,23" ten="220,331,179,270" oya="1" hai0="80,122,109,40,101,13,131,19,132,46,71,10,31" hai1="48,76,47,107,75,81,52,35,21,115,42,41,9" hai2="96,59,97,88,93,60,120,128,37,134,51,22,125" hai3="17,7,104,66,86,43,6,68,30,57,124,85,123"/><U53/><E115/><V84/><F120/><W20/><G104/><T94/><D122/><U82/><E35/><V135/><F37/><W58/><G123/><T62/><D109/><U24/><E107/><V118/><F118/><W64/><G124/><T103/><D131/><U95/><E95/><V114/><F128/><W133/><G43/><T32/><D132/><N who="2" m="50730" /><F125/><W15/><G133/><T112/><D112/><U108/><E108/><V50/><F114/><W34/><G34/><T69/><D80/><U73/><E9/><V91/><F22/><W117/><G30/><T56/><D71/><U77/><REACH who="1" step="1"/><E42/><REACH who="1" ten="220,321,179,270" step="2"/><V29/><F97/><W83/><G117/><T36/><D94/><U72/><E72/><V1/><F96/><W45/><G68/><T61/><D69/><U102/><E102/><V127/><F127/><W74/><G74/><T16/><D101/><U126/><E126/><V55/><F93/><W130/><G130/><T105/><D105/><U129/><E129/><V28/><F28/><AGARI ba="3,1" hai="21,24,28,41,47,48,52,53,73,75,76,77,81,82" machi="28" ten="30,18000,2" yaku="1,1,7,1,9,1,52,1,54,1,53,1" doraHai="23" doraHaiUra="18" who="1" fromWho="2" sc="220,0,321,199,179,-189,270,0" owari="220,-18.0,520,62.0,-10,-51.0,270,7.0" /></mjloggm>