<mjloggm ver="2.3"><GO type="169" lobby="0"/><UN n0="%6C%65%6F%6E%6C%65%6F%6E" n1="%74%6F%72%69%30%36%31%32" n2="%E3%82%A4%E3%83%B3%E3%83%87%E3%82%A3%E3%82%B4%E3%83%96%E3%83%AB%E3%83%BC" n3="%E3%83%8B%E3%83%A3%E3%83%83%E3%83%94%E3%83%BC%E5%A4%8F%E7%9B%AE" dan="16,17,16,18" rate="2150.43,2203.10,2160.69,2266.65" sx="M,M,M,M"/><TAIKYOKU oya="0"/><INIT seed="0,0,0,2,2,39" ten="250,250,250,250" oya="0" hai0="110,51,8,44,84,134,124,65,116,133,106,129,61" hai1="31,135,28,56,76,27,95,104,117,68,100,12,30" hai2="37,45,23,115,128,96,18,10,127,88,97,89,7" hai3="46,70,13,108,50,118,3,90,77,9,58,25,122"/><T17/><D106/><U54/><E104/><V2/><F115/><W55/><G118/><T81/><D116/><U62/><E135/><N who="0" m="51721" /><D129/><U40/><E68/><V132/><F127/><W4/><G108/><T15/><D124/><U0/><E0/><V26/><F128/><W29/><G122/><T126/><D126/><U109/><E109/><V64/><F64/><W79/><G70/><N who="0" m="42287" /><D110/><U92/><E27/><V53/><F132/><W103/><G103/><T107/><D107/><U78/><E117/><V82/><F53/><W98/><G3/><T102/><D102/><U91/><E40/><V42/><REACH who="2" step="1"/><F82/><REACH who="2" ten="250,250,240,250" step="2"/><W38/><G55/><N who="0" m="30183" /><D81/><U14/><E95/><V85/><F85/><AGARI ba="0,1" hai="8,15,17,84,85" m="30183,42287,51721" machi="85" ten="30,1500,0" yaku="20,1" doraHai="39" who="0" fromWho="2" sc="250,25,250,0,240,-15,250,0" /><INIT seed="0,1,0,3,1,71" ten="275,250,225,250" oya="0" hai0="21,11,89,12,55,125,65,34,70,14,25,41,100" hai1="119,79,108,130,67,77,83,57,17,29,43,8,68" hai2="102,84,16,82,105,7,133,42,95,23,88,48,135" hai3="10,5,129,54,59,107,51,22,109,52,60,13,53"/><T92/><D125/><U124/><E68/><V44/><F105/><W110/><G129/><T96/><D34/><U40/><E119/><V33/><F33/><W58/><G107/><T46/><D55/><U86/><E108/><V47/><F7/><W131/><G131/><T4/><D70/><U28/><E79/><V111/><F111/><W121/><G121/><T99/><D65/><U91/><E130/><V127/><F127/><W90/><G54/><T120/><D120/><U62/><E124/><V61/><F61/><W123/><G123/><T85/><D14/><N who="1" m="7367" /><E77/><V26/><REACH who="2" step="1"/><F47/><REACH who="2" ten="275,250,215,250" step="2"/><W35/><G35/><T80/><D46/><U19/><E62/><V63/><F63/><W81/><G110/><T2/><D2/><U64/><E57/><V103/><F103/><W1/><G109/><T36/><D100/><U87/><E67/><V66/><F66/><W115/><G115/><T3/><D3/><U118/><E64/><V113/><F113/><W106/><G106/><T72/><D4/><U98/><E118/><V0/><F0/><W78/><G1/><T6/><D6/><U97/><E43/><V94/><F94/><W122/><G122/><T128/><D128/><U75/><E40/><V38/><F38/><W114/><G114/><T27/><D36/><U50/><E50/><V74/><F74/><W101/><G101/><T117/><D117/><U49/><E49/><V104/><F104/><W30/><G60/><T134/><D41/><U73/><E75/><V93/><F93/><W24/><G53/><T132/><D92/><N who="1" m="54391" /><E73/><V39/><F39/><W126/><G126/><RYUUKYOKU ba="1,1" sc="275,-10,250,-10,215,30,250,-10" hai2="16,23,26,42,44,48,82,84,88,95,102,133,135" /><INIT seed="1,2,1,1,0,84" ten="265,240,245,240" oya="1" hai0="96,46,85,47,131,130,45,108,5,35,40,88,82" hai1="1,29,93,27,36,121,42,77,75,113,25,39,106" hai2="118,112,50,74,81,2,4,104,97,70,22,56,11" hai3="63,107,55,135,117,19,123,23,91,41,126,15,64"/><U69/><E27/><V24/><F118/><W21/><G123/><T8/><D108/><U58/><E121/><V43/><F70/><W3/><G117/><T132/><D132/><U12/><E106/><V133/><F133/><W49/><G135/><T16/><D35/><U120/><E1/><V18/><F112/><W127/><G3/><T53/><D40/><U124/><E69/><V71/><F71/><W79/><G107/><T30/><D30/><U13/><E75/><V114/><F114/><W78/><G41/><T125/><D125/><N who="3" m="47625" /><G23/><T51/><D96/><U86/><E42/><V89/><F74/><W6/><G6/><T90/><D90/><U60/><E120/><V129/><F129/><N who="0" m="49162" /><D5/><U94/><E113/><V98/><F104/><W37/><G37/><T134/><D134/><U92/><E39/><V66/><F43/><W122/><G122/><T73/><D73/><U103/><E36/><V119/><F119/><W87/><G64/><T111/><D111/><U31/><E103/><V62/><REACH who="2" step="1"/><F50/><REACH who="2" ten="265,240,235,240" step="2"/><W116/><G116/><T72/><D72/><U99/><E124/><V100/><F100/><W7/><G49/><T128/><N who="0" m="49170" /><T83/><DORA hai="48" /><D83/><N who="1" m="47471" /><E92/><V65/><F65/><W115/><G115/><T57/><D46/><U10/><E94/><V101/><F101/><W109/><G109/><T68/><D68/><U102/><E102/><V105/><F105/><W20/><G63/><T0/><D0/><U34/><E60/><V44/><F44/><W32/><G32/><T59/><D47/><U33/><E34/><V52/><F52/><W28/><G55/><RYUUKYOKU ba="2,2" sc="265,15,240,-15,235,15,240,-15" hai0="8,16,45,51,53,57,59,82,85,88" hai2="2,4,11,18,22,24,56,62,66,81,89,97,98" /><INIT seed="2,3,2,0,4,90" ten="280,225,250,225" oya="2" hai0="79,3,16,24,31,35,71,127,103,96,43,22,58" hai1="82,124,99,98,94,126,29,40,118,1,95,57,61" hai2="80,120,59,17,23,123,51,128,134,114,113,72,130" hai3="132,133,30,81,56,131,15,44,8,106,26,50,83"/><V101/><F101/><W21/><G106/><T110/><D71/><U122/><E1/><V119/><F80/><W125/><G125/><N who="1" m="48234" /><E118/><V54/><F72/><W36/><G36/><T73/><D127/><U67/><E122/><N who="2" m="46635" /><F119/><W7/><G56/><T37/><D3/><U20/><E40/><V62/><F23/><W38/><G38/><T78/><D110/><U11/><E11/><V63/><F17/><W27/><G27/><T66/><D73/><U19/><E82/><V52/><F134/><N who="3" m="51819" /><G131/><N who="2" m="50217" /><F62/><W41/><AGARI ba="3,2" hai="7,8,15,21,26,30,41,44,50,81,83" m="51819" machi="41" ten="30,1100,0" yaku="20,1" doraHai="90" who="3" fromWho="3" sc="280,-6,225,-6,250,-8,225,40" /><INIT seed="3,0,0,5,5,17" ten="274,219,242,265" oya="3" hai0="127,117,105,83,19,11,78,109,103,52,9,89,79" hai1="120,68,82,94,129,47,133,35,18,90,97,13,57" hai2="67,132,46,99,114,27,59,38,123,12,72,85,96" hai3="2,100,8,49,106,51,53,21,80,111,126,30,88"/><W95/><G126/><T60/><D117/><U5/><E68/><V64/><F114/><W23/><G106/><T29/><D127/><U41/><E35/><V71/><F72/><W63/><G2/><T73/><D109/><U92/><E120/><V7/><F132/><W24/><G111/><T118/><D118/><U124/><E129/><V15/><F71/><W66/><G8/><T135/><D135/><U115/><E115/><V104/><F123/><W87/><G53/><T125/><D29/><U84/><E5/><V121/><F27/><W101/><G21/><T131/><D131/><U31/><E31/><V102/><F96/><N who="3" m="59423" /><G101/><T76/><D125/><U62/><E133/><V107/><F107/><W74/><G74/><T6/><D73/><U40/><E124/><V14/><F7/><W48/><G48/><T45/><D103/><U22/><E97/><V50/><F121/><W77/><G77/><T39/><D105/><U36/><REACH who="1" step="1"/><E41/><REACH who="1" ten="274,209,242,265" step="2"/><V81/><F99/><W4/><G4/><T28/><D6/><U3/><E3/><V91/><F104/><W16/><G30/><T25/><D28/><U69/><E69/><V128/><F128/><W26/><G26/><T122/><D122/><U130/><E130/><V44/><F102/><W116/><G116/><T0/><D0/><U34/><E34/><V65/><F38/><W134/><G134/><T43/><D25/><U1/><E1/><V98/><F98/><W55/><G66/><AGARI ba="0,1" hai="13,18,22,36,40,47,57,62,66,82,84,90,92,94" machi="66" ten="30,7700,0" yaku="1,1,7,1,52,1,53,1" doraHai="17" doraHaiUra="56" who="1" fromWho="3" sc="274,0,209,87,242,0,265,-77" /><INIT seed="4,0,0,5,1,107" ten="274,296,242,188" oya="0" hai0="44,98,14,84,22,111,16,125,32,35,133,2,74" hai1="38,81,65,13,34,18,67,76,119,93,91,78,3" hai2="10,53,80,36,69,1,27,28,103,105,75,64,48" hai3="122,47,96,109,110,90,58,120,116,115,113,99,40"/><T94/><D133/><U45/><E34/><V118/><F118/><W95/><G58/><T79/><D125/><U17/><E3/><V132/><F36/><W7/><G7/><T41/><D2/><U0/><E0/><V102/><F132/><W88/><G47/><T50/><D84/><U71/><E17/><V106/><F106/><W30/><G30/><T12/><D111/><N who="3" m="42505" /><G40/><T130/><D130/><U70/><E78/><V114/><F105/><W15/><G15/><T26/><D35/><U31/><E31/><V51/><F51/><W112/><G96/><T55/><D32/><U123/><E71/><V37/><F37/><W92/><G92/><T23/><D41/><U129/><E70/><V5/><F64/><W97/><G97/><T60/><D60/><U20/><E67/><V19/><F19/><W121/><G90/><T9/><D23/><U73/><E65/><V52/><F53/><W33/><G33/><T124/><D124/><U77/><E119/><AGARI ba="0,0" hai="88,95,99,112,113,115,116,119,120,121,122" m="42505" machi="119" ten="50,32000,5" yakuman="50" doraHai="107" who="3" fromWho="1" sc="274,0,296,-320,242,0,188,320" owari="274,7.0,-24,-52.0,242,-16.0,508,61.0" /></mjloggm>