<mjloggm ver="2.3"><GO type="225" lobby="0"/><UN n0="%E8%8F%B1%E5%B7%9D%E6%85%8E%E5%90%BE" n1="%E3%83%AD%E3%83%9C%E3%82%B3%E3%83%97" n2="%E3%83%B4%E3%83%A0%EF%BC%99%E3%81%A6" n3="%72%69%6F%75%63%68%61%6E" dan="16,16,17,17" rate="2107.14,2129.84,2180.40,2097.44" sx="M,M,M,M"/><TAIKYOKU oya="0"/><INIT seed="0,0,0,5,2,109" ten="250,250,250,250" oya="0" hai0="99,55,51,115,40,79,10,11,50,3,36,16,94" hai1="46,54,45,68,64,98,9,72,7,73,19,97,93" hai2="74,89,87,25,13,22,81,38,42,5,43,80,67" hai3="57,88,37,1,103,56,71,95,118,60,129,91,100"/><T8/><D36/><U0/><E19/><V44/><F67/><W24/><G118/><T106/><D106/><U108/><E108/><V48/><F38/><W59/><G37/><T17/><D79/><U123/><E123/><V124/><F124/><W15/><G1/><T77/><D77/><U35/><E35/><V23/><F74/><W32/><G129/><T84/><D3/><U101/><E98/><V31/><F80/><W34/><G15/><T125/><D125/><U4/><E4/><V90/><F90/><W92/><G24/><T14/><D84/><U121/><E121/><V62/><F62/><W28/><G28/><T69/><D69/><U47/><E54/><V20/><REACH who="2" step="1"/><F42/><REACH who="2" ten="250,250,240,250" step="2"/><W126/><G126/><T114/><D40/><U110/><E110/><V113/><F113/><W27/><G60/><T12/><D8/><AGARI ba="0,1" hai="5,8,13,20,22,23,25,31,43,44,48,81,87,89" machi="8" ten="40,2600,0" yaku="1,1,8,1,53,0" doraHai="109" doraHaiUra="131" who="2" fromWho="0" sc="250,-26,250,0,240,36,250,0" /><INIT seed="1,0,0,0,0,38" ten="224,250,276,250" oya="1" hai0="135,14,12,104,41,107,25,100,9,109,27,123,87" hai1="127,49,89,113,134,94,11,40,102,82,62,125,61" hai2="7,105,39,33,50,29,91,6,122,85,4,30,79" hai3="19,130,133,13,116,64,66,71,99,115,60,118,93"/><U20/><E113/><V51/><F39/><W18/><G115/><T5/><D123/><U31/><E134/><V15/><F105/><W119/><G133/><T111/><D135/><U65/><E102/><V35/><F122/><W84/><G130/><T103/><D87/><U34/><E34/><V67/><F79/><W78/><G66/><T28/><D28/><U46/><E82/><V37/><F37/><W120/><G120/><T32/><D9/><U97/><E11/><V75/><F75/><W88/><REACH who="3" step="1"/><G13/><REACH who="3" ten="224,250,276,240" step="2"/><T68/><D111/><U129/><E129/><V92/><F67/><W132/><G132/><T54/><D109/><U95/><E95/><V45/><F15/><W112/><G112/><T23/><D14/><U121/><E121/><V52/><F35/><W44/><G44/><T70/><D32/><U24/><REACH who="1" step="1"/><E62/><REACH who="1" ten="224,240,276,240" step="2"/><V74/><F33/><W36/><G36/><T131/><D107/><U117/><E117/><V128/><F128/><W1/><G1/><T81/><D131/><U80/><E80/><AGARI ba="0,2" hai="18,19,60,64,71,78,80,84,88,93,99,116,118,119" machi="80" ten="40,5200,0" yaku="1,1,12,1,54,1,53,0" doraHai="38" doraHaiUra="43" who="3" fromWho="1" sc="224,0,240,-52,276,0,240,72" /><INIT seed="2,0,0,0,4,68" ten="224,188,276,312" oya="2" hai0="37,51,64,39,29,128,45,13,33,14,8,31,131" hai1="127,34,123,32,107,4,115,90,92,65,49,96,84" hai2="86,117,112,118,103,53,73,81,126,56,130,27,82" hai3="121,3,54,66,75,36,63,135,129,80,104,108,77"/><V17/><F112/><W46/><G121/><T58/><D33/><U28/><E115/><V99/><F130/><N who="0" m="49706" /><D58/><U71/><E123/><V38/><F126/><W0/><G129/><T85/><D85/><U30/><E127/><V52/><F38/><N who="0" m="14346" /><D64/><U26/><E65/><V101/><F101/><W19/><G108/><T76/><D76/><U9/><E71/><V119/><F73/><W72/><G135/><T74/><D74/><U20/><E49/><V67/><F67/><W113/><G72/><T132/><D132/><U12/><E32/><V100/><F100/><W69/><G113/><T60/><D60/><U95/><E34/><V55/><F56/><W94/><G75/><T62/><D62/><U25/><E107/><V21/><REACH who="2" step="1"/><F86/><REACH who="2" ten="224,188,266,312" step="2"/><N who="3" m="48399" /><G104/><AGARI ba="0,1" hai="17,21,27,52,53,55,81,82,99,103,104,117,118,119" machi="104" ten="50,4800,0" yaku="1,1,54,1,53,0" doraHai="68" doraHaiUra="83" who="2" fromWho="3" sc="224,0,188,0,266,58,312,-48" /><INIT seed="2,1,0,5,0,3" ten="224,188,324,264" oya="2" hai0="118,62,50,121,111,123,103,126,2,27,86,102,49" hai1="119,59,80,101,95,31,10,29,70,74,14,84,42" hai2="115,127,125,9,33,68,36,21,82,110,23,28,53" hai3="69,43,67,85,63,109,73,92,128,96,71,47,51"/><V108/><F115/><W105/><G73/><T135/><D2/><U38/><E70/><V18/><F68/><W117/><G117/><T8/><D118/><U133/><E119/><V46/><F33/><W66/><G109/><N who="2" m="42089" /><F82/><W22/><G128/><T93/><D111/><U134/><E74/><V124/><F28/><W79/><G105/><T64/><D135/><U76/><E38/><V16/><F53/><W54/><G22/><N who="2" m="8201" /><F9/><W99/><G54/><T48/><D8/><U20/><E42/><AGARI ba="1,0" hai="16,18,36,42,46,124,125,127" m="8201,42089" machi="42" ten="40,12000,1" yaku="18,1,14,1,10,1,54,1" doraHai="3" who="2" fromWho="1" sc="224,0,188,-123,324,123,264,0" /><INIT seed="2,2,0,4,0,74" ten="224,65,447,264" oya="2" hai0="54,46,56,109,43,60,9,13,11,97,103,104,30" hai1="84,83,21,127,19,23,44,42,121,53,36,123,27" hai2="51,79,6,55,16,75,111,52,39,18,81,96,120" hai3="5,119,67,114,87,45,90,85,106,37,24,59,64"/><V105/><F120/><W34/><G119/><T62/><D109/><U73/><E73/><V61/><F39/><W122/><G122/><T113/><D113/><U15/><E127/><V100/><F111/><W68/><G114/><T26/><D62/><U33/><E53/><V1/><F1/><W124/><G124/><T93/><D104/><U92/><E92/><V58/><F6/><W78/><G106/><T25/><D30/><U32/><E121/><V80/><F81/><N who="3" m="47287" /><G68/><T17/><REACH who="0" step="1"/><D9/><REACH who="0" ten="214,65,447,264" step="2"/><U99/><E123/><V132/><F132/><W131/><G131/><T3/><D3/><U110/><E110/><V10/><F10/><W126/><G126/><T40/><D40/><U71/><E71/><V48/><F61/><W101/><G34/><T98/><D98/><U77/><REACH who="1" step="1"/><E99/><REACH who="1" ten="214,55,447,264" step="2"/><V128/><F128/><W50/><G67/><T49/><AGARI ba="2,2" hai="11,13,17,25,26,43,46,49,54,56,60,93,97,103" machi="49" ten="20,5200,0" yaku="1,1,0,1,7,1,8,1,53,0" doraHai="74" doraHaiUra="63" who="0" fromWho="0" sc="214,78,55,-15,447,-28,264,-15" /><INIT seed="3,0,0,1,2,85" ten="292,40,419,249" oya="3" hai0="116,47,38,25,33,40,106,102,56,74,35,133,117" hai1="109,51,12,135,23,11,123,120,83,99,53,96,63" hai2="122,68,48,0,115,13,34,16,87,21,59,32,3" hai3="103,98,67,27,112,60,61,80,132,89,94,39,130"/><W81/><G112/><T65/><D56/><U64/><E109/><V36/><F36/><W62/><G39/><T4/><D133/><U121/><E135/><V31/><F68/><W75/><G132/><T10/><D65/><U126/><E126/><V92/><F115/><W26/><G130/><T46/><D46/><U100/><E83/><N who="3" m="31818" /><G75/><T111/><D111/><U114/><E114/><V82/><F122/><W71/><G71/><T95/><D95/><U37/><E37/><V69/><F69/><W110/><G110/><T129/><D129/><U8/><E23/><V78/><F32/><N who="0" m="12362" /><D25/><N who="3" m="9225" /><G67/><T79/><D79/><U119/><E119/><V14/><F34/><W2/><G2/><N who="0" m="279" /><D74/><U77/><E77/><V49/><F78/><W66/><G66/><T54/><D54/><U107/><E121/><V22/><F82/><W134/><G134/><T57/><D57/><U5/><E123/><V90/><F59/><W104/><G104/><T93/><D93/><U17/><E120/><V118/><F92/><N who="3" m="58823" /><G60/><T84/><D84/><AGARI ba="0,0" hai="61,62,84,89,94" m="58823,9225,31818" machi="84" ten="30,2900,0" yaku="8,1,52,1" doraHai="85" who="3" fromWho="0" sc="292,-29,40,0,419,0,249,29" /><INIT seed="3,1,0,1,4,116" ten="263,40,419,278" oya="3" hai0="55,50,86,98,131,47,100,76,60,43,23,104,26" hai1="126,105,68,128,0,75,6,32,83,22,101,52,42" hai2="2,103,120,28,35,63,134,11,113,90,65,14,58" hai3="51,21,56,125,121,96,3,124,67,34,38,115,78"/><W123/><G115/><T7/><D131/><U129/><E32/><V37/><F113/><W132/><G34/><T5/><D76/><U62/><E126/><N who="3" m="48746" /><G38/><T87/><D60/><U33/><E22/><V41/><F2/><W92/><G3/><T69/><D69/><U10/><E33/><V17/><F134/><W95/><G132/><T15/><D43/><U30/><E30/><V99/><F90/><N who="3" m="55319" /><G78/><T130/><D130/><U46/><E52/><V112/><F112/><W8/><G8/><T89/><D15/><U77/><E101/><V36/><F41/><W79/><G79/><T64/><D64/><U118/><E118/><V29/><F35/><W82/><G82/><T66/><D66/><U85/><E85/><V49/><F37/><W48/><G21/><T25/><D87/><U16/><E16/><V110/><F36/><W117/><G117/><T81/><REACH who="0" step="1"/><D25/><REACH who="0" ten="253,40,419,278" step="2"/><U44/><E44/><V20/><F65/><W54/><G67/><T74/><D74/><U84/><E84/><V109/><F14/><W93/><G48/><T135/><D135/><U18/><E18/><AGARI ba="1,1" hai="5,7,18,23,26,47,50,55,81,86,89,98,100,104" machi="18" ten="30,2000,0" yaku="1,1,7,1,53,0" doraHai="116" doraHaiUra="61" who="0" fromWho="1" sc="253,33,40,-23,419,0,278,0" owari="286,9.0,17,-48.0,419,51.0,278,-12.0" /></mjloggm>