<mjloggm ver="2.3"><GO type="225" lobby="0"/><UN n0="%E3%83%B4%E3%83%A0%EF%BC%99%E3%81%A6" n1="%E8%83%83%E3%81%A8%E8%85%B8" n2="%6E%61%6F%6B%69%33%39" n3="%E5%AE%89%E8%97%A4%E3%82%AB%E3%82%B1%E3%83%AB" dan="17,18,17,16" rate="2181.95,2215.09,2194.21,2073.57" sx="M,M,M,M"/><TAIKYOKU oya="0"/><INIT seed="0,0,0,4,2,17" ten="250,250,250,250" oya="0" hai0="24,12,73,64,87,88,23,131,8,27,106,94,105" hai1="54,71,97,114,41,119,22,18,63,32,52,43,86" hai2="98,69,14,76,110,7,33,11,44,95,38,30,34" hai3="49,121,65,39,117,127,126,4,20,5,72,70,102"/><T61/><D73/><U3/><E119/><V96/><F69/><W84/><G39/><T99/><D131/><U75/><E75/><V2/><F76/><W78/><G72/><T28/><D27/><U16/><E32/><V37/><F110/><W53/><G117/><T6/><REACH who="0" step="1"/><D87/><REACH who="0" ten="240,250,250,250" step="2"/><U15/><E86/><V124/><F124/><W125/><G84/><T80/><D80/><U26/><E114/><V112/><F112/><W134/><G126/><T45/><D45/><U101/><E26/><V132/><F44/><W46/><G46/><T123/><D123/><U68/><E68/><AGARI ba="0,1" hai="6,8,12,23,24,28,61,64,68,88,94,99,105,106" machi="68" ten="30,12000,1" yaku="1,1,7,1,52,1,54,1,53,1" doraHai="17" doraHaiUra="0" who="0" fromWho="1" sc="240,130,250,-120,250,0,250,0" /><INIT seed="0,1,0,1,0,5" ten="370,130,250,250" oya="0" hai0="42,95,79,124,96,20,34,122,81,58,100,35,23" hai1="71,30,56,128,4,75,44,16,89,108,127,51,105" hai2="17,87,45,83,112,88,49,91,99,15,38,103,86" hai3="113,80,62,72,82,26,93,121,106,98,8,102,53"/><T32/><D122/><U37/><E108/><V90/><F38/><W59/><G113/><T46/><D124/><U14/><E127/><V36/><F36/><W76/><G121/><T66/><D66/><U6/><E128/><V19/><F112/><W74/><G26/><T73/><REACH who="0" step="1"/><D58/><REACH who="0" ten="360,130,250,250" step="2"/><U50/><E71/><V123/><F123/><W101/><G59/><T84/><D84/><U69/><E69/><V25/><F87/><W132/><G74/><T9/><D9/><N who="1" m="6223" /><E75/><V67/><F67/><W24/><G8/><T118/><D118/><U125/><E125/><V54/><F99/><W10/><G98/><T40/><D40/><U94/><E56/><V39/><F39/><AGARI ba="1,1" hai="20,23,32,34,35,39,42,46,73,79,81,95,96,100" machi="39" ten="40,2000,0" yaku="1,1,53,0" doraHai="5" doraHaiUra="55" who="0" fromWho="2" sc="360,33,130,0,250,-23,250,0" /><INIT seed="0,2,0,0,4,64" ten="393,130,227,250" oya="0" hai0="42,118,105,135,114,102,115,75,91,44,25,39,46" hai1="43,69,67,40,29,20,19,66,52,79,51,14,49" hai2="30,119,128,71,60,18,45,36,58,106,2,129,0" hai3="54,47,77,121,48,57,88,83,34,116,27,111,85"/><T86/><D118/><U23/><E79/><V133/><F106/><W37/><G116/><T97/><D135/><U126/><E126/><V35/><F119/><W100/><G121/><T22/><D75/><U110/><E110/><V50/><F36/><W56/><G111/><T8/><D8/><U21/><E29/><V15/><F133/><W10/><G100/><T55/><D55/><U96/><E96/><V9/><F30/><W109/><G109/><T108/><D108/><U122/><E122/><V113/><F35/><W70/><G70/><T32/><D32/><U87/><E87/><V17/><F17/><W59/><G10/><T81/><REACH who="0" step="1"/><D44/><REACH who="0" ten="383,130,227,250" step="2"/><U127/><E52/><V76/><F45/><W12/><G34/><T28/><AGARI ba="2,1" hai="22,25,28,39,42,46,81,86,91,97,102,105,114,115" machi="28" ten="20,12000,1" yaku="1,1,2,1,0,1,7,1,53,1" doraHai="64" doraHaiUra="101" who="0" fromWho="0" sc="383,136,130,-42,227,-42,250,-42" /><INIT seed="0,3,0,2,3,112" ten="519,88,185,208" oya="0" hai0="36,25,87,28,3,43,81,89,126,30,65,96,107" hai1="50,15,101,32,84,108,63,75,62,44,123,2,64" hai2="99,52,91,34,129,82,116,21,27,67,66,46,133" hai3="121,10,79,88,20,17,113,130,8,61,69,58,12"/><T92/><D3/><U37/><E123/><V76/><F34/><W68/><G113/><T117/><D117/><U77/><E108/><V115/><F115/><W124/><G121/><T42/><D126/><U105/><E2/><V29/><F129/><W13/><G130/><T40/><D65/><U122/><E122/><V26/><F26/><W134/><G124/><T72/><D36/><U128/><E128/><V55/><F133/><W70/><G134/><T24/><D72/><U102/><E75/><V95/><F116/><W71/><G71/><T86/><D107/><U53/><E32/><V4/><F4/><W83/><G88/><N who="0" m="51279" /><D96/><U9/><E37/><V5/><F5/><W118/><G118/><T11/><D11/><U109/><E109/><V103/><F103/><W80/><G13/><T78/><D78/><U97/><E101/><V135/><F135/><W90/><G90/><T100/><D100/><U59/><E62/><V41/><F66/><W1/><G1/><T6/><D6/><U22/><E22/><V38/><REACH who="2" step="1"/><F67/><REACH who="2" ten="519,88,175,208" step="2"/><W120/><G120/><T18/><D24/><U33/><E64/><V0/><F0/><W93/><G69/><T45/><D25/><U110/><E33/><V51/><F51/><W127/><G68/><T85/><D28/><U106/><E106/><V57/><F57/><W125/><G70/><T73/><D30/><U23/><E59/><V7/><F7/><W60/><G127/><T39/><D39/><U74/><E105/><V131/><F131/><W19/><G125/><T104/><D104/><U132/><E102/><V56/><F56/><RYUUKYOKU ba="3,1" sc="519,-10,88,-10,175,30,208,-10" hai2="21,27,29,38,41,46,52,55,76,82,91,95,99" /><INIT seed="1,4,1,5,1,30" ten="509,78,205,198" oya="1" hai0="13,93,57,89,46,73,82,80,64,55,110,97,126" hai1="43,90,130,91,63,125,15,118,76,48,129,132,44" hai2="84,37,123,88,99,33,59,106,131,98,92,28,66" hai3="10,9,127,42,25,69,40,58,18,100,4,104,32"/><U135/><E118/><V133/><F37/><W72/><G69/><T31/><D110/><U35/><E76/><V78/><F123/><W16/><G72/><T60/><D126/><U83/><E15/><V68/><F68/><W29/><G127/><T27/><D13/><U20/><E125/><V67/><F131/><N who="1" m="50185" /><E20/><V128/><F128/><W120/><G120/><T7/><D7/><U115/><E115/><V65/><F133/><N who="1" m="51273" /><E63/><V87/><F78/><W8/><G4/><T102/><D73/><U45/><E45/><V114/><F114/><W101/><G10/><T121/><D121/><U23/><E23/><V105/><F59/><W95/><G58/><T56/><D46/><U50/><E50/><V6/><F6/><W81/><G8/><T85/><D57/><U24/><BYE who="3" /><E83/><V124/><F124/><W12/><G12/><T108/><D108/><U112/><E112/><V1/><F1/><W22/><G22/><N who="0" m="15863" /><D80/><U2/><E2/><V34/><F28/><AGARI ba="4,1" hai="24,28,35,43,44,48,90,91" m="51273,50185" machi="28" ten="30,5800,0" yaku="19,1,20,1,52,1" doraHai="30" who="1" fromWho="2" sc="509,0,78,80,205,-70,198,0" /><INIT seed="1,5,0,4,3,127" ten="509,158,135,198" oya="1" hai0="68,102,13,65,0,118,132,61,17,21,24,52,35" hai1="129,23,18,76,124,53,123,67,2,60,8,47,71" hai2="42,91,126,83,14,85,80,128,95,20,3,25,29" hai3="9,87,106,26,92,133,112,86,55,30,110,5,50"/><U51/><E123/><V120/><F120/><W119/><G119/><T130/><D118/><U100/><E124/><V38/><F126/><W15/><G15/><T88/><D0/><U78/><E100/><V41/><F3/><W43/><G43/><T82/><D102/><U27/><REACH who="1" step="1"/><E129/><REACH who="1" ten="509,148,135,198" step="2"/><V11/><F128/><W19/><G19/><T109/><D130/><U89/><E89/><V44/><REACH who="2" step="1"/><F41/><REACH who="2" ten="509,148,125,198" step="2"/><W81/><G81/><T33/><D82/><U108/><E108/><V58/><F58/><W70/><G70/><T57/><D68/><U122/><E122/><V134/><F134/><W45/><G45/><T93/><D109/><U131/><E131/><V94/><F94/><UN n3="%E5%AE%89%E8%97%A4%E3%82%AB%E3%82%B1%E3%83%AB" /><W12/><G110/><T46/><D132/><U69/><E69/><V31/><F31/><W75/><G133/><T73/><D46/><U111/><E111/><V56/><F56/><W96/><G92/><T107/><D93/><U99/><E99/><V4/><AGARI ba="5,2" hai="4,11,14,20,25,29,38,42,44,80,83,85,91,95" machi="4" ten="20,2700,0" yaku="1,1,0,1,7,1,53,0" doraHai="127" doraHaiUra="97" who="2" fromWho="2" sc="509,-12,148,-18,125,62,198,-12" /><INIT seed="2,0,0,1,5,118" ten="497,130,187,186" oya="2" hai0="87,51,128,7,91,112,98,39,58,130,24,97,65" hai1="34,48,99,50,85,46,1,20,108,45,44,56,67" hai2="37,19,94,29,76,74,47,12,107,96,135,42,21" hai3="86,18,52,100,114,125,90,103,63,54,89,10,71"/><V8/><F135/><W15/><G114/><T109/><D39/><U28/><E108/><V22/><F107/><W129/><G125/><T30/><D112/><U49/><E1/><V92/><F92/><W27/><G129/><N who="0" m="49771" /><D7/><U80/><E34/><V123/><F123/><W134/><G134/><T25/><D25/><U113/><E113/><V43/><F43/><W60/><G27/><T40/><D109/><U61/><E99/><V82/><REACH who="2" step="1"/><F29/><REACH who="2" ten="497,130,177,186" step="2"/><W35/><G103/><AGARI ba="0,1" hai="8,12,19,21,22,37,42,47,74,76,82,94,96,103" machi="103" ten="30,5800,0" yaku="1,1,2,1,7,1,53,0" doraHai="118" doraHaiUra="117" who="2" fromWho="3" sc="497,0,130,0,177,68,186,-58" /><INIT seed="2,1,0,5,4,95" ten="497,130,245,128" oya="2" hai0="71,31,126,44,116,110,76,2,119,38,12,78,22" hai1="30,33,8,69,123,106,43,108,45,79,7,62,50" hai2="67,20,18,100,127,121,63,102,15,103,39,83,1" hai3="37,113,42,6,53,28,61,120,117,56,135,96,88"/><V70/><F121/><W99/><G120/><T66/><D2/><U105/><E123/><V112/><F112/><W65/><G117/><N who="0" m="45131" /><D110/><U51/><E108/><V80/><F1/><W89/><G113/><T25/><D126/><U35/><E79/><V133/><F39/><W52/><G135/><T114/><D114/><U109/><E109/><V40/><F40/><W87/><G6/><T4/><D66/><U54/><E105/><V104/><F133/><W101/><G28/><T24/><D71/><U34/><E106/><V94/><F104/><W14/><G101/><T90/><D90/><U5/><E30/><V68/><F68/><W132/><G132/><T86/><D86/><U75/><E75/><V82/><REACH who="2" step="1"/><F127/><REACH who="2" ten="497,130,235,128" step="2"/><W41/><G41/><N who="0" m="22583" /><D24/><U57/><E69/><V48/><F48/><W17/><G37/><T93/><D93/><AGARI ba="1,1" hai="15,18,20,63,67,70,80,82,83,93,94,100,102,103" machi="93" ten="40,2000,0" yaku="1,1,53,0" doraHai="95" doraHaiUra="125" who="2" fromWho="0" sc="497,-23,130,0,235,33,128,0" /><INIT seed="2,2,0,5,5,17" ten="474,130,268,128" oya="2" hai0="4,27,110,104,90,68,44,26,111,87,81,18,132" hai1="76,70,61,10,11,127,29,38,82,113,119,56,60" hai2="130,15,50,95,58,31,9,105,128,39,37,53,13" hai3="75,109,35,103,0,71,59,73,6,19,118,36,32"/><V85/><F105/><W24/><G71/><T63/><D104/><U72/><E113/><V7/><F31/><W46/><G118/><T8/><D44/><U124/><E119/><V98/><F85/><W14/><G103/><T5/><D132/><U47/><E70/><V96/><F96/><W102/><G102/><T16/><D26/><U94/><E94/><V2/><F2/><W126/><G126/><N who="1" m="48170" /><E29/><V129/><REACH who="2" step="1"/><F13/><REACH who="2" ten="474,130,258,128" step="2"/><W3/><G14/><N who="0" m="5383" /><D87/><U135/><E135/><V57/><F57/><W97/><G59/><T77/><D68/><U64/><E60/><V108/><F108/><W89/><G109/><T131/><D63/><U122/><E61/><V49/><F49/><W100/><G0/><T45/><D110/><U117/><E56/><V91/><AGARI ba="2,1" hai="7,9,15,37,39,50,53,58,91,95,98,128,129,130" machi="91" ten="30,6000,0" yaku="1,1,0,1,19,1,53,0" doraHai="17" doraHaiUra="33" who="2" fromWho="2" sc="474,-22,130,-22,258,76,128,-22" /><INIT seed="2,3,0,2,1,120" ten="452,108,334,106" oya="2" hai0="16,119,77,113,129,68,82,31,108,100,34,132,49" hai1="40,107,102,78,118,114,106,3,13,122,80,74,130" hai2="23,27,93,36,60,111,45,37,75,62,105,9,128" hai3="90,88,53,134,50,2,8,54,44,25,96,124,61"/><V41/><F105/><W99/><G124/><T20/><D108/><U71/><E118/><V89/><F75/><W73/><G73/><T58/><D68/><U69/><E114/><V135/><F37/><W133/><G25/><T21/><D113/><U4/><E122/><V109/><F128/><W126/><G126/><T32/><D119/><U18/><E130/><V35/><F35/><W110/><G110/><N who="2" m="41993" /><F9/><W92/><G8/><T52/><D100/><U26/><E102/><V64/><F64/><W84/><G2/><T65/><D129/><U76/><E3/><V112/><F135/><W125/><G125/><T87/><D65/><U127/><E106/><V43/><F43/><W5/><G133/><T97/><D97/><U15/><E40/><V24/><F112/><W29/><G134/><T91/><D132/><U14/><E107/><V116/><F116/><W103/><G103/><T72/><D72/><U85/><E74/><V59/><F59/><W51/><G44/><T94/><D34/><U55/><E127/><V86/><F27/><W47/><G47/><T83/><D32/><U33/><E33/><V57/><F57/><W48/><G53/><T98/><D58/><U7/><E55/><V6/><F6/><W17/><G5/><T63/><D52/><U11/><E4/><V22/><F22/><W10/><G54/><T67/><D21/><N who="1" m="13623" /><E7/><V131/><F131/><W28/><G10/><T101/><D67/><U115/><E11/><V38/><F38/><W39/><G39/><T121/><D20/><U56/><E115/><V66/><F66/><W70/><G50/><RYUUKYOKU ba="3,0" sc="452,-10,108,-10,334,30,106,-10" hai2="23,24,36,41,45,60,62,86,89,93" /><INIT seed="2,4,0,3,1,79" ten="442,98,364,96" oya="2" hai0="24,42,45,67,20,28,2,44,112,43,14,8,94" hai1="41,114,131,57,71,32,19,109,116,107,56,85,122" hai2="105,97,59,65,111,133,40,104,34,75,126,93,121" hai3="17,86,39,64,0,80,108,25,51,18,91,70,6"/><V135/><F34/><W84/><G39/><T127/><D112/><U9/><E114/><V12/><F121/><W26/><G108/><T98/><D2/><U76/><E116/><V115/><F115/><W36/><G36/><T123/><D67/><U106/><E41/><N who="0" m="15369" /><D127/><U82/><E109/><V60/><F111/><W134/><G134/><N who="2" m="51209" /><F40/><W129/><G129/><T78/><D78/><U68/><E131/><V23/><F75/><W120/><G120/><T132/><D123/><U48/><E122/><V53/><F126/><W16/><G51/><T90/><D132/><U99/><E32/><V110/><F110/><W101/><G101/><T125/><D125/><U1/><E48/><V7/><F65/><W30/><G84/><T130/><D130/><U89/><E68/><V58/><F58/><W22/><G64/><T128/><D128/><U73/><E71/><V49/><F49/><W54/><G70/><T102/><D102/><U47/><E47/><V103/><F23/><W35/><REACH who="3" step="1"/><G54/><REACH who="3" ten="442,98,364,86" step="2"/><T119/><D119/><U46/><E85/><V5/><F105/><W69/><G69/><T77/><D45/><U29/><E46/><V61/><F104/><W55/><G55/><T37/><D44/><U63/><E106/><V92/><F60/><W33/><G33/><T113/><D37/><U95/><E107/><V117/><F117/><W27/><G27/><T124/><D113/><U38/><E38/><V21/><F93/><W72/><G72/><T81/><D124/><U10/><E73/><V66/><F66/><W50/><G50/><T100/><D94/><U88/><E95/><RYUUKYOKU ba="4,1" sc="442,-15,98,-15,364,15,86,15" hai2="5,7,12,21,53,59,61,92,97,103" hai3="0,6,16,17,18,22,25,26,30,35,80,86,91" /><INIT seed="2,5,1,3,5,46" ten="427,83,379,101" oya="2" hai0="47,82,20,116,19,85,121,123,44,130,133,90,22" hai1="21,29,33,28,69,127,105,26,104,101,128,119,74" hai2="62,122,24,86,41,60,14,17,3,66,36,110,53" hai3="115,4,30,35,42,72,31,37,99,112,48,70,97"/><V2/><F122/><W134/><G72/><T27/><D133/><U54/><E119/><V102/><F102/><W8/><G70/><T118/><D130/><U125/><E128/><V10/><F110/><W0/><G37/><T126/><D126/><N who="1" m="48139" /><E69/><V13/><F24/><N who="3" m="18887" /><G31/><N who="0" m="17895" /><D44/><U34/><E74/><V5/><F41/><W11/><G134/><T131/><D131/><U15/><E101/><V88/><F36/><W51/><G11/><T65/><D65/><U84/><E28/><V9/><F53/><W113/><G42/><T129/><D47/><U71/><E71/><V57/><REACH who="2" step="1"/><F62/><REACH who="2" ten="427,83,369,101" step="2"/><W45/><G112/><T1/><D129/><U91/><E54/><V43/><F43/><W78/><G113/><T96/><D121/><U23/><E34/><V18/><F18/><W40/><G115/><T100/><D123/><U38/><E38/><V108/><F108/><W135/><G135/><T89/><D100/><U93/><E33/><V80/><AGARI ba="5,2" hai="2,3,5,9,10,13,14,17,57,60,66,80,86,88" machi="80" ten="20,7800,0" yaku="1,1,0,1,7,1,54,1,53,0" doraHai="46" doraHaiUra="95" who="2" fromWho="2" sc="427,-31,83,-31,369,113,101,-31" /><INIT seed="2,6,0,2,3,21" ten="396,52,482,70" oya="2" hai0="3,114,36,14,133,72,104,123,81,41,46,79,134" hai1="69,45,67,39,4,53,17,80,102,47,55,111,115" hai2="7,98,38,89,18,76,44,70,63,68,106,9,15" hai3="16,22,61,2,59,110,19,118,37,42,113,90,126"/><V56/><F76/><W117/><G2/><T31/><D123/><U125/><E115/><V86/><F7/><W101/><G113/><T92/><D114/><U129/><E4/><V127/><F127/><W66/><G126/><T124/><D124/><U10/><E125/><V51/><F38/><W85/><G110/><T54/><D104/><U25/><E111/><V0/><F0/><W74/><G74/><T12/><D3/><U43/><E129/><V93/><F106/><W100/><G19/><T6/><D54/><U35/><E102/><V122/><F122/><W97/><G42/><T135/><D6/><U1/><E80/><V20/><F9/><W77/><G37/><T131/><D131/><U60/><E1/><V128/><F128/><W52/><G66/><T48/><D36/><U26/><E35/><V103/><F103/><W27/><G77/><T62/><D62/><U94/><E94/><V120/><F120/><W96/><G100/><T82/><D82/><U84/><E84/><V23/><F23/><W132/><G132/><T95/><D31/><U99/><E99/><V107/><F107/><N who="3" m="63911" /><G85/><T5/><D5/><U64/><E64/><V29/><F29/><W78/><G78/><T50/><D50/><U87/><E87/><V24/><F86/><W32/><G32/><T91/><D92/><AGARI ba="6,0" hai="16,22,27,52,59,61,90,92,97,117,118" m="63911" machi="92" ten="30,7700,0" yaku="25,1,52,1,54,2" doraHai="21" who="3" fromWho="0" sc="396,-95,52,0,482,0,70,95" /><INIT seed="3,0,0,5,0,50" ten="301,52,482,165" oya="3" hai0="134,35,77,59,34,119,113,104,27,73,127,131,56" hai1="40,96,53,37,81,118,54,130,108,43,7,15,110" hai2="83,63,2,8,88,55,12,46,1,60,129,48,36" hai3="62,107,61,39,71,95,79,65,84,100,49,0,14"/><W17/><G39/><T89/><D119/><U18/><E7/><V85/><F129/><W102/><G0/><T97/><D131/><U4/><E130/><V47/><F2/><W20/><G107/><T74/><D74/><U121/><E4/><N who="2" m="3079" /><F1/><W24/><G61/><N who="2" m="23625" /><F36/><W120/><G120/><T11/><D134/><U6/><E6/><V9/><F9/><W109/><G109/><N who="1" m="42090" /><E121/><V44/><AGARI ba="0,0" hai="44,46,47,48,55,83,85,88" m="23625,3079" machi="44" ten="30,4000,0" yaku="8,1,52,1,54,1" doraHai="50" who="2" fromWho="2" sc="301,-10,52,-10,482,40,165,-20" owari="291,9.0,42,-46.0,522,62.0,145,-25.0" /></mjloggm>