<mjloggm ver="2.3"><GO type="169" lobby="0"/><UN n0="%E3%83%AA%E3%83%92%E3%83%A3" n1="%E3%81%92%E3%81%A1%E3%81%87%E3%81%AA%30%34" n2="%E3%81%A8%E3%81%B3%E3%81%BE%E3%81%93" n3="%E9%81%8A%E3%81%B3%E5%BF%83" dan="16,16,16,18" rate="2080.22,2127.73,2109.39,2216.63" sx="M,M,M,M"/><TAIKYOKU oya="0"/><INIT seed="0,0,0,1,5,38" ten="250,250,250,250" oya="0" hai0="22,133,78,87,120,45,108,114,98,129,69,41,39" hai1="15,93,57,92,72,42,8,40,37,104,116,26,74" hai2="127,122,56,43,126,83,12,110,103,109,46,102,33" hai3="75,77,48,30,68,84,20,113,70,55,0,32,53"/><T95/><D114/><U59/><E37/><N who="2" m="21871" /><F33/><W64/><G55/><T13/><D69/><U10/><E15/><V134/><F122/><W2/><G113/><T80/><D120/><U47/><E47/><V18/><F83/><W123/><G75/><T60/><D133/><U71/><E26/><V111/><F56/><W49/><G32/><T19/><D129/><U100/><E100/><N who="2" m="38443" /><F134/><W76/><G48/><T107/><D60/><U86/><E86/><V17/><F12/><W62/><G123/><T51/><D107/><U89/><E89/><V35/><F35/><W44/><G70/><T97/><D108/><N who="2" m="27650" /><V118/><DORA hai="3" /><F118/><W14/><G14/><T5/><D95/><U27/><E71/><V117/><F117/><W82/><G76/><T61/><D61/><U101/><E101/><V28/><F28/><W24/><AGARI ba="0,0" hai="0,2,20,24,30,44,49,53,62,64,68,77,82,84" machi="24" ten="30,1100,0" yaku="0,1" doraHai="38,3" who="3" fromWho="3" sc="250,-5,250,-3,250,-3,250,11" /><INIT seed="1,0,0,2,5,77" ten="245,247,247,261" oya="1" hai0="123,33,51,27,50,47,34,73,61,134,14,129,57" hai1="9,82,125,18,122,5,59,132,99,17,104,2,25" hai2="54,112,45,40,101,75,78,0,15,29,70,92,115" hai3="30,127,113,60,110,90,69,56,95,6,4,84,22"/><U38/><E38/><V43/><F70/><W63/><G113/><N who="2" m="43593" /><F0/><W128/><G110/><T108/><D108/><U23/><E122/><V124/><F124/><W131/><G69/><T107/><D107/><U88/><E132/><V21/><F54/><W37/><G37/><T67/><D129/><N who="3" m="49737" /><G127/><T11/><D134/><U13/><E125/><V100/><F92/><W114/><G63/><T79/><D123/><U66/><E104/><V58/><F58/><W96/><G114/><T91/><D27/><U80/><E66/><V46/><F78/><W71/><G96/><T130/><D51/><U111/><E111/><V118/><F75/><W39/><G39/><T1/><D1/><U72/><E72/><V120/><F120/><W64/><G56/><T116/><D116/><U97/><E59/><V52/><F52/><W35/><G35/><T105/><D33/><U65/><E65/><V121/><F121/><W28/><G22/><T36/><D34/><U7/><E7/><AGARI ba="0,0" hai="4,6,7,28,30,60,64,71,84,90,95" m="49737" machi="7" ten="30,1000,0" yaku="19,1" doraHai="77" who="3" fromWho="1" sc="245,0,247,-10,247,0,261,10" /><INIT seed="2,0,0,0,5,32" ten="245,237,247,271" oya="2" hai0="124,110,16,103,9,80,60,120,1,57,5,129,102" hai1="61,106,15,113,69,63,65,54,50,64,111,133,48" hai2="105,22,56,14,66,86,8,71,52,49,117,72,114" hai3="3,131,118,46,44,42,83,127,12,24,7,47,11"/><V37/><F72/><W45/><G118/><T2/><D120/><U91/><E106/><V76/><F114/><W97/><G127/><T23/><D110/><U121/><E113/><V125/><F125/><W21/><G131/><T123/><D123/><U134/><E91/><V58/><F105/><W38/><G97/><T33/><D33/><U90/><E90/><V13/><F37/><W41/><G83/><T126/><D129/><U77/><E77/><V67/><F71/><W93/><G93/><T40/><D126/><U59/><E15/><V92/><F56/><W115/><G115/><T88/><D40/><U25/><E25/><V108/><F108/><W53/><G53/><T119/><D2/><U85/><E85/><V68/><F68/><W116/><G116/><T130/><D130/><U19/><E19/><N who="2" m="10607" /><F117/><W31/><REACH who="3" step="1"/><G42/><REACH who="3" ten="245,237,247,261" step="2"/><T74/><D124/><U39/><E111/><V94/><F94/><W132/><G132/><N who="1" m="50794" /><E121/><V34/><F34/><W122/><G122/><T95/><D119/><U82/><E82/><N who="2" m="47431" /><F92/><W104/><G104/><T75/><D80/><U78/><E78/><V20/><F20/><W79/><G79/><T99/><D75/><U10/><E10/><V26/><F26/><W89/><G89/><T84/><D74/><U73/><E73/><V6/><AGARI ba="0,1" hai="6,8,14,49,52,58,66,67" m="47431,10607" machi="6" ten="30,3000,0" yaku="8,1,54,1" doraHai="32" who="2" fromWho="2" sc="245,-10,237,-10,247,40,261,-10" /><INIT seed="2,1,0,5,5,12" ten="235,227,287,251" oya="2" hai0="70,8,28,106,132,58,92,79,73,7,6,94,102" hai1="74,125,39,114,47,126,91,32,101,63,65,89,29" hai2="72,100,77,107,82,105,118,108,14,113,80,134,67" hai3="26,31,83,128,78,115,122,37,0,90,86,38,21"/><V135/><F67/><W3/><G122/><T2/><D70/><U111/><E114/><V124/><F113/><W42/><G128/><T45/><D28/><U24/><E74/><V51/><F51/><W4/><G115/><T41/><D7/><U104/><E111/><V54/><F54/><W84/><G42/><T23/><D132/><N who="2" m="50730" /><F14/><W112/><G112/><T99/><D58/><U20/><E32/><V9/><F9/><W71/><G71/><T103/><D103/><U129/><E129/><V27/><F27/><W30/><G30/><T53/><D53/><U50/><E39/><V35/><F35/><W33/><G33/><T109/><D109/><U10/><E10/><V61/><F61/><W88/><G78/><T52/><D52/><N who="1" m="29791" /><E104/><N who="2" m="40011" /><F108/><W130/><G130/><T87/><D23/><U110/><E101/><V123/><F123/><W16/><G31/><T25/><D8/><U116/><E110/><V46/><F46/><W117/><G117/><T93/><D45/><U60/><E60/><V59/><F59/><W57/><G57/><T120/><D120/><U64/><E64/><V69/><F69/><W22/><G22/><T121/><D121/><U97/><E116/><V13/><F118/><W17/><G21/><T43/><D2/><U85/><E63/><V5/><F100/><W11/><G11/><T18/><D102/><U76/><E65/><V68/><F68/><W131/><G131/><T1/><D1/><U40/><E40/><V49/><F49/><W34/><G34/><T127/><D106/><U62/><E20/><V119/><F119/><W98/><G0/><RYUUKYOKU ba="1,0" sc="235,0,227,0,287,0,251,0" /><INIT seed="3,2,0,0,0,94" ten="235,227,287,251" oya="3" hai0="99,134,49,42,17,24,81,129,98,83,50,14,117" hai1="102,23,97,85,35,103,51,27,106,56,92,41,54" hai2="126,11,43,64,119,122,87,82,127,6,113,22,40" hai3="31,63,124,84,128,111,18,112,130,45,80,16,39"/><W15/><G112/><T91/><D117/><U46/><E35/><V0/><F113/><W44/><G18/><T29/><D129/><N who="3" m="49769" /><G124/><N who="2" m="47657" /><F119/><W8/><G39/><T78/><D134/><U100/><E85/><V121/><F22/><W5/><G31/><T74/><D91/><U67/><E67/><V68/><F64/><W38/><G111/><T88/><D42/><N who="2" m="15914" /><F68/><W125/><G38/><T57/><D50/><N who="1" m="26959" /><E106/><V9/><F9/><N who="3" m="6255" /><G63/><T104/><D49/><U135/><E135/><V86/><F86/><W71/><G71/><T76/><D57/><U19/><AGARI ba="2,0" hai="19,23,27,51,54,56,92,97,100,102,103" m="26959" machi="19" ten="30,2000,0" yaku="8,1,52,1" doraHai="94" who="1" fromWho="1" sc="235,-7,227,26,287,-7,251,-12" /><INIT seed="4,0,0,5,4,87" ten="228,253,280,239" oya="0" hai0="30,134,105,45,107,16,70,31,112,57,116,130,119" hai1="14,2,99,72,60,120,61,20,122,67,54,22,39" hai2="5,29,44,47,59,10,21,64,82,129,94,73,115" hai3="135,24,84,34,76,97,106,90,69,101,85,23,118"/><T26/><D70/><U102/><E2/><V0/><F115/><W127/><G118/><T3/><D3/><U15/><E39/><V86/><F73/><W32/><G69/><T7/><D7/><U52/><E99/><V49/><F94/><W53/><G135/><T75/><D75/><U123/><E72/><V11/><F11/><W81/><G127/><T104/><D112/><U100/><E122/><V18/><F29/><W103/><G101/><T51/><D130/><U43/><E43/><V114/><F129/><W66/><G66/><AGARI ba="0,0" hai="14,15,20,22,52,54,60,61,66,67,100,102,120,123" machi="66" ten="25,3200,0" yaku="22,2,54,1" doraHai="87" who="1" fromWho="3" sc="228,0,253,32,280,0,239,-32" /><INIT seed="5,0,0,3,0,80" ten="228,285,280,207" oya="1" hai0="9,100,83,132,134,109,38,71,119,72,34,14,117" hai1="37,131,64,122,63,13,85,113,116,48,41,11,65" hai2="115,91,49,84,114,135,123,88,18,43,94,112,66" hai3="39,31,62,52,45,98,26,24,23,75,76,58,0"/><U5/><E116/><N who="0" m="44617" /><D38/><U89/><E122/><V54/><F135/><N who="0" m="51754" /><D71/><U32/><E37/><V51/><F123/><W7/><G39/><T3/><D100/><U81/><E113/><V28/><F28/><W36/><G36/><T93/><D93/><U57/><E32/><V12/><F66/><W21/><G45/><T118/><D72/><U130/><REACH who="1" step="1"/><E65/><REACH who="1" ten="228,275,280,207" step="2"/><V126/><F126/><W102/><G31/><T50/><D34/><U77/><E77/><V16/><F91/><W121/><G76/><T111/><D118/><U8/><E8/><V27/><F43/><W69/><G121/><T105/><D9/><U128/><E128/><V22/><F54/><W120/><G52/><T106/><D109/><U10/><E10/><AGARI ba="0,1" hai="10,12,16,18,22,27,49,51,84,88,94,112,114,115" machi="10" ten="40,8000,1" yaku="15,1,11,1,52,1,54,2" doraHai="80" who="2" fromWho="1" sc="228,0,275,-80,280,90,207,0" /><INIT seed="6,0,0,1,4,39" ten="228,195,370,207" oya="2" hai0="60,53,46,28,85,113,29,79,35,20,2,25,132" hai1="108,10,18,134,120,5,135,84,70,95,77,125,0" hai2="76,44,118,69,54,51,62,34,12,58,100,103,88" hai3="121,74,8,59,55,37,67,66,43,56,96,131,110"/><V68/><F118/><W13/><G74/><T50/><D2/><U7/><E108/><V64/><F34/><W19/><G121/><T94/><D113/><U124/><E70/><V9/><F76/><W122/><G122/><T107/><D107/><U3/><E95/><V104/><F104/><W114/><G110/><T71/><D132/><N who="1" m="50731" /><E84/><V61/><F68/><W92/><G59/><N who="0" m="34927" /><D35/><U31/><E77/><V24/><F24/><W86/><G86/><T106/><D71/><U1/><E120/><V14/><F14/><W117/><G131/><T57/><D57/><U109/><E31/><V127/><F127/><N who="1" m="48713" /><E109/><V81/><F61/><W83/><G83/><N who="0" m="47359" /><D106/><U6/><E10/><V105/><F69/><W48/><G117/><T30/><D94/><U99/><E99/><V91/><F105/><W123/><G114/><T52/><AGARI ba="0,0" hai="20,25,28,29,30,46,50,52" m="47359,34927" machi="52" ten="30,2000,0" yaku="8,1,54,1" doraHai="39" who="0" fromWho="0" sc="228,20,195,-5,370,-10,207,-5" /><INIT seed="7,0,0,3,0,100" ten="248,190,360,202" oya="3" hai0="69,135,30,72,2,43,70,82,89,50,33,98,52" hai1="51,84,122,80,114,126,11,132,133,48,40,61,17" hai2="3,110,0,101,67,31,91,14,65,86,16,109,78" hai3="7,121,5,125,25,95,92,64,118,116,93,44,131"/><W129/><G121/><T108/><D2/><U24/><E122/><V55/><F78/><W23/><G64/><T127/><D43/><U54/><E114/><V20/><F101/><W112/><G44/><T106/><D33/><U13/><E126/><V45/><F31/><N who="3" m="17855" /><G125/><T123/><D82/><U104/><E104/><V83/><F3/><W58/><G58/><T94/><D106/><U1/><E1/><V134/><F0/><W28/><G28/><T113/><D30/><U38/><E38/><V36/><F45/><W26/><G26/><T85/><D70/><U88/><E24/><V111/><F67/><W32/><G32/><T87/><D69/><U68/><E40/><V21/><F65/><W76/><G76/><T66/><D66/><N who="1" m="41039" /><E51/><V15/><F134/><N who="1" m="51817" /><E48/><V77/><F77/><W47/><G47/><T120/><D50/><U9/><E9/><V75/><F75/><W71/><G71/><T105/><D105/><U12/><E12/><V6/><F36/><W119/><G112/><T99/><D113/><U49/><E49/><V4/><F55/><AGARI ba="0,0" hai="11,13,17,54,55,80,84,88" m="51817,41039" machi="55" ten="30,2000,0" yaku="20,1,54,1" doraHai="100" who="1" fromWho="2" sc="248,0,190,20,360,-20,202,0" owari="248,5.0,210,-19.0,340,44.0,202,-30.0" /></mjloggm>