<mjloggm ver="2.3"><GO type="225" lobby="0"/><UN n0="%E3%83%B4%E3%83%A0%EF%BC%99%E3%81%A6" n1="%E8%83%83%E3%81%A8%E8%85%B8" n2="%E5%AE%89%E8%97%A4%E3%82%AB%E3%82%B1%E3%83%AB" n3="%E8%A8%88%E7%AE%97%E6%A9%9F%E8%87%AA%E7%84%B6" dan="17,18,16,18" rate="2187.91,2209.16,2074.97,2307.73" sx="M,M,M,M"/><TAIKYOKU oya="0"/><INIT seed="0,0,0,3,1,79" ten="250,250,250,250" oya="0" hai0="19,5,132,117,13,17,50,93,74,76,57,7,86" hai1="4,0,128,6,129,62,34,122,125,105,33,51,67" hai2="65,61,70,111,71,133,126,59,31,27,113,47,45" hai3="8,124,44,131,56,75,85,123,89,9,116,28,42"/><T99/><D117/><U12/><E122/><V53/><F113/><W63/><G116/><T120/><D132/><U22/><E105/><V95/><F133/><W102/><G75/><T15/><D74/><U54/><E125/><V55/><F126/><W60/><G124/><T87/><D120/><U90/><E0/><V48/><F111/><W3/><G123/><T21/><D57/><N who="1" m="32991" /><E90/><V112/><F112/><W64/><G131/><T20/><D50/><U103/><E103/><V1/><F1/><W40/><G3/><T107/><D107/><U115/><E115/><V35/><F71/><W11/><G102/><T127/><D127/><U80/><E33/><V37/><F95/><W46/><G28/><T16/><D19/><N who="1" m="10599" /><E34/><V110/><F110/><W39/><G60/><T84/><D76/><U119/><E119/><V52/><F47/><N who="3" m="17963" /><G39/><T43/><D43/><AGARI ba="0,0" hai="27,31,35,37,43,45,48,52,53,55,59,61,65,70" machi="43" ten="40,5200,0" yaku="24,2,54,1" doraHai="79" who="2" fromWho="0" sc="250,-52,250,0,250,52,250,0" /><INIT seed="1,0,0,0,1,99" ten="198,250,302,250" oya="1" hai0="129,121,131,86,84,128,94,64,46,117,15,77,85" hai1="7,19,14,74,133,8,115,42,127,62,76,70,27" hai2="92,103,21,50,41,23,17,10,53,124,61,25,36" hai3="98,60,39,80,57,72,24,1,101,55,44,11,49"/><U6/><E115/><V68/><F124/><W71/><G24/><T108/><D117/><U109/><E127/><V28/><F10/><W43/><G72/><T51/><D108/><U90/><E133/><V97/><F36/><W22/><G80/><T125/><D125/><U35/><E109/><V40/><F61/><W3/><G22/><T0/><D0/><U38/><E90/><V63/><F63/><W9/><G9/><T47/><D121/><U56/><E70/><V88/><F68/><W106/><G11/><T5/><D64/><AGARI ba="0,0" hai="1,3,39,43,44,49,55,57,60,64,71,98,101,106" machi="64" ten="40,5200,0" yaku="24,2,52,1" doraHai="99" who="3" fromWho="0" sc="198,-52,250,0,302,0,250,52" /><INIT seed="2,0,0,4,0,28" ten="146,250,302,302" oya="2" hai0="105,26,120,82,100,118,38,25,65,35,57,55,64" hai1="61,54,4,97,19,121,5,10,8,106,123,81,1" hai2="102,95,49,130,63,59,13,22,34,24,99,111,109" hai3="40,90,48,0,11,7,131,112,46,52,21,119,60"/><V117/><F117/><W58/><G119/><T124/><D118/><U98/><E19/><V135/><F130/><W70/><G131/><T66/><D120/><U67/><E54/><V92/><F135/><W113/><G90/><T37/><D124/><U2/><E81/><V78/><F78/><W128/><G128/><T114/><D114/><N who="3" m="44137" /><G21/><T29/><D25/><U23/><E23/><V53/><F13/><W68/><AGARI ba="0,0" hai="0,7,11,40,46,48,52,58,60,68,70" m="44137" machi="68" ten="30,2000,0" yaku="11,1,54,1" doraHai="28" who="3" fromWho="3" sc="146,-5,250,-5,302,-10,302,20" /><INIT seed="3,0,0,1,1,95" ten="141,245,292,322" oya="3" hai0="116,37,41,3,42,90,86,73,132,28,60,40,33" hai1="46,26,79,133,6,107,54,72,38,15,66,64,97" hai2="102,23,82,70,52,84,1,121,83,94,87,123,119" hai3="22,135,98,131,108,130,77,21,71,16,4,105,56"/><W113/><G71/><T120/><D116/><U5/><E133/><V55/><F1/><W75/><G113/><T62/><D120/><U104/><E26/><V112/><F70/><W127/><G135/><T35/><D132/><U96/><E38/><V124/><F119/><W12/><G127/><T53/><D37/><U99/><E72/><V115/><F124/><W65/><G108/><T47/><D73/><U85/><E104/><V110/><F110/><W89/><G4/><N who="1" m="1642" /><E107/><V32/><F32/><W69/><G69/><T103/><D3/><U134/><E15/><V48/><F23/><N who="3" m="11655" /><G65/><T39/><D39/><U45/><E134/><V14/><F14/><W24/><G56/><T101/><D28/><U58/><E64/><V78/><F115/><W125/><G125/><T81/><D33/><U106/><E66/><V43/><F112/><W8/><G8/><T114/><D35/><U61/><E106/><V13/><F13/><W25/><G21/><T128/><D114/><U88/><E79/><V9/><F9/><W118/><G118/><T10/><D10/><U93/><AGARI ba="0,0" hai="45,46,54,58,61,85,88,93,96,97,99" m="1642" machi="93" ten="30,8000,1" yaku="8,1,52,3,54,1" doraHai="95" who="1" fromWho="1" sc="141,-20,245,80,292,-20,322,-40" owari="121,-38.0,325,43.0,272,-13.0,282,8.0" /></mjloggm>