<mjloggm ver="2.3"><GO type="225" lobby="0"/><UN n0="%E6%BE%A4%E6%9D%91%E6%8B%93%E4%B8%80" n1="%E8%8F%B1%E5%B7%9D%E6%85%8E%E5%90%BE" n2="%E8%A3%81%E3%81%8D%E3%81%AE%E9%BE%8D" n3="%E3%83%B4%E3%83%A0%EF%BC%99%E3%81%A6" dan="18,16,16,17" rate="2193.28,2109.25,2063.37,2186.15" sx="M,M,F,M"/><TAIKYOKU oya="0"/><INIT seed="0,0,0,4,4,28" ten="250,250,250,250" oya="0" hai0="99,81,104,89,71,112,73,114,17,43,48,96,105" hai1="38,117,126,3,56,118,122,54,37,20,135,103,111" hai2="6,15,124,45,115,23,31,80,108,32,98,49,70" hai3="42,75,66,25,72,39,7,94,88,106,61,16,128"/><T83/><D71/><U87/><E3/><V59/><F115/><N who="0" m="44074" /><D48/><U91/><E103/><V2/><F70/><W47/><G106/><N who="0" m="41067" /><D43/><U10/><E10/><V95/><F108/><W19/><G7/><T4/><D4/><U35/><E122/><V62/><F80/><N who="0" m="30794" /><D17/><U78/><E111/><V110/><F110/><W55/><G128/><T131/><D131/><U69/><E69/><V100/><F6/><W44/><G66/><T58/><D58/><U9/><E9/><V132/><F2/><W57/><G47/><T27/><D27/><U130/><E130/><V46/><F49/><W63/><G63/><T18/><D18/><U125/><E37/><V29/><F46/><W67/><G67/><T26/><D26/><U123/><E38/><V21/><F45/><W116/><G19/><T52/><D52/><U121/><E54/><V74/><F59/><W22/><REACH who="3" step="1"/><G116/><REACH who="3" ten="250,250,250,240" step="2"/><T41/><D41/><U107/><E118/><V113/><F62/><W79/><G79/><T127/><D127/><U129/><E117/><V134/><F124/><W11/><G11/><T40/><D40/><U33/><E78/><V30/><F113/><W93/><G93/><T84/><D73/><U1/><E129/><V119/><F74/><W109/><G109/><T97/><D84/><AGARI ba="0,1" hai="16,22,25,39,42,44,55,57,61,72,75,84,88,94" machi="84" ten="30,8000,1" yaku="1,1,7,1,54,2,53,1" doraHai="28" doraHaiUra="86" who="3" fromWho="0" sc="250,-80,250,0,250,0,240,90" /><INIT seed="1,0,0,1,5,47" ten="170,250,250,330" oya="1" hai0="117,4,127,80,68,100,0,9,36,78,112,108,133" hai1="33,60,19,134,125,113,41,83,106,95,12,8,99" hai2="13,65,102,44,72,35,89,131,57,122,63,56,123" hai3="40,105,129,1,110,15,98,92,16,118,46,43,81"/><U124/><E113/><V115/><F115/><W27/><G1/><T66/><D117/><U50/><E33/><V77/><F35/><W22/><G118/><T30/><D112/><U85/><E106/><V94/><F102/><W45/><G105/><T6/><D108/><U71/><E134/><V29/><F131/><W82/><G110/><T96/><D127/><N who="1" m="48715" /><E60/><V132/><F132/><W74/><G74/><T49/><D133/><U109/><E71/><V14/><F29/><W55/><G55/><T76/><D36/><U31/><E31/><V11/><F56/><W59/><G59/><T2/><D30/><U126/><E109/><V128/><F128/><W70/><G70/><T42/><D66/><U54/><N who="1" m="48723" /><U23/><DORA hai="67" /><E41/><V93/><F122/><W28/><G129/><T120/><D120/><U37/><E37/><V101/><F63/><W18/><G43/><T107/><D68/><U20/><E85/><V5/><F65/><W34/><G34/><T32/><D32/><U58/><E83/><N who="3" m="31754" /><G40/><T51/><D42/><U53/><E54/><V88/><F123/><W38/><G28/><T119/><D119/><U69/><E69/><V24/><F72/><W75/><G75/><T116/><D116/><U121/><E121/><V52/><F52/><W10/><G38/><T64/><D64/><U62/><E62/><V26/><F77/><W114/><G114/><T84/><D76/><U3/><E3/><V7/><F93/><W97/><G92/><T90/><D78/><U111/><E111/><V91/><F94/><W103/><G97/><T130/><D130/><RYUUKYOKU ba="0,0" sc="170,10,250,10,250,-30,330,10" hai0="0,2,4,6,9,49,51,80,84,90,96,100,107" hai1="8,12,19,20,23,50,53,58,95,99" hai3="10,15,16,18,22,27,45,46,98,103" /><INIT seed="1,1,0,0,3,46" ten="180,260,220,340" oya="1" hai0="60,86,95,75,115,66,31,125,108,37,88,105,93" hai1="14,15,64,2,118,10,30,7,129,55,53,113,11" hai2="49,63,21,24,12,135,79,16,85,98,44,83,104" hai3="17,99,0,82,133,77,38,18,28,58,29,6,89"/><U92/><E118/><V84/><F135/><W124/><G38/><T132/><D115/><U51/><E113/><V27/><F63/><W91/><G133/><T80/><D132/><U103/><E129/><V72/><F72/><W40/><G124/><T32/><D125/><U26/><E64/><V78/><F98/><W123/><G123/><T59/><D105/><U19/><E2/><V22/><F104/><W100/><G40/><T74/><D37/><U13/><E13/><V130/><F130/><W23/><G6/><T112/><D112/><U107/><E107/><V5/><F5/><W73/><G0/><T97/><D108/><U120/><E120/><V69/><F69/><W116/><G116/><T114/><D114/><U61/><E61/><V36/><F36/><W68/><G68/><T110/><D110/><U90/><E103/><V70/><F70/><W106/><G17/><T9/><D9/><U20/><REACH who="1" step="1"/><E51/><REACH who="1" ten="180,250,220,340" step="2"/><V1/><F1/><W4/><G100/><T35/><D93/><U131/><E131/><V94/><F94/><W50/><G50/><T57/><D57/><U33/><E33/><V3/><F3/><W119/><G58/><T122/><D122/><U47/><E47/><V76/><F49/><W101/><G119/><T121/><D121/><U71/><E71/><V54/><F44/><W34/><G34/><T65/><D65/><U62/><E62/><V81/><F12/><N who="3" m="9671" /><G4/><T48/><D48/><U42/><E42/><V96/><F54/><W45/><G45/><T41/><D41/><U109/><E109/><V134/><F134/><W127/><G127/><RYUUKYOKU ba="1,1" sc="180,-15,250,15,220,-15,340,15" hai1="7,10,11,14,15,19,20,26,30,53,55,90,92" hai3="28,29,73,77,82,89,91,99,101,106" /><INIT seed="1,2,1,3,5,43" ten="165,265,205,355" oya="1" hai0="59,22,114,98,86,12,126,13,100,109,134,75,118" hai1="73,78,48,20,28,131,37,104,96,125,54,45,58" hai2="53,62,99,25,0,130,102,15,17,36,66,91,55" hai3="121,60,42,81,108,68,106,64,27,89,112,113,70"/><U63/><E131/><V69/><F0/><W127/><G121/><T95/><D75/><U16/><E125/><V115/><F130/><W120/><G120/><T94/><D114/><U133/><E133/><V123/><F123/><W107/><G127/><T19/><D126/><U82/><E37/><V71/><F71/><W50/><G108/><T128/><D128/><U93/><E104/><V9/><F36/><W1/><G70/><T21/><D109/><U46/><E28/><V11/><F115/><W24/><G1/><T117/><D134/><U132/><E132/><V92/><F11/><W29/><G24/><T83/><D95/><U80/><E80/><V74/><F74/><W67/><G67/><T23/><D59/><U49/><E49/><V119/><F119/><W38/><G38/><T56/><D56/><U7/><E7/><V8/><F8/><W97/><G106/><T40/><D40/><U18/><E18/><V57/><F69/><W124/><G124/><T105/><D105/><U6/><E6/><V76/><F76/><W101/><G50/><T79/><REACH who="0" step="1"/><D12/><REACH who="0" ten="155,265,205,355" step="2"/><U35/><E35/><V111/><F111/><W51/><G51/><T84/><D84/><U110/><E110/><V31/><F102/><W5/><G112/><T61/><D61/><U72/><E72/><V87/><F87/><W135/><G113/><T2/><D2/><U85/><E73/><V47/><F47/><W44/><G135/><T26/><D26/><N who="1" m="14599" /><E48/><V129/><F129/><W52/><G107/><T4/><D4/><U88/><AGARI ba="2,2" hai="45,46,54,58,63,78,82,85,88,93,96" m="14599" machi="88" ten="30,18000,2" yaku="25,1,8,1,52,2,54,2" doraHai="43" who="1" fromWho="1" sc="155,-62,265,206,205,-62,355,-62" /><INIT seed="1,3,0,5,5,128" ten="93,471,143,293" oya="1" hai0="29,131,53,106,27,100,65,102,84,134,85,21,18" hai1="51,40,127,10,129,68,30,14,25,91,97,45,2" hai2="82,23,87,81,32,47,133,34,6,1,60,16,63" hai3="9,73,11,61,118,67,116,74,120,98,19,75,12"/><U71/><E129/><V70/><F133/><W17/><G120/><T24/><D131/><U41/><E2/><V66/><F47/><W80/><G80/><T109/><D109/><U57/><E127/><V33/><F63/><W72/><G98/><T108/><D108/><U3/><E3/><V89/><F1/><W88/><G88/><T122/><D122/><U15/><E71/><V64/><F64/><W121/><G121/><T125/><D125/><U28/><E68/><V78/><F6/><W110/><G110/><T8/><D65/><U115/><E115/><V101/><F101/><W135/><G135/><T20/><D134/><U92/><E57/><V44/><F44/><W104/><G104/><T94/><D106/><U79/><E79/><V117/><F117/><N who="3" m="45163" /><G75/><T58/><D8/><N who="3" m="3145" /><G12/><N who="1" m="4650" /><E10/><V26/><REACH who="2" step="1"/><F34/><REACH who="2" ten="93,471,133,293" step="2"/><W37/><G37/><T22/><D22/><N who="1" m="15415" /><E40/><V54/><F54/><W86/><G61/><T105/><D105/><U62/><E62/><V39/><F39/><W83/><G67/><T52/><D53/><U42/><E41/><V126/><F126/><W76/><AGARI ba="3,1" hai="17,19,72,73,74,76,83,86" m="3145,45163" machi="76" ten="40,1500,0" yaku="12,1" doraHai="128" who="3" fromWho="3" sc="93,-7,471,-10,133,-7,293,34" /><INIT seed="2,0,0,2,4,4" ten="86,461,126,327" oya="2" hai0="79,102,67,90,97,47,125,83,110,112,55,57,70" hai1="113,26,37,91,76,44,12,121,36,63,28,106,24" hai2="59,39,58,109,119,103,22,82,77,122,93,29,62" hai3="99,53,51,45,2,128,123,0,31,133,100,65,96"/><V108/><F119/><W111/><G123/><T69/><D112/><U118/><E113/><V80/><F122/><W11/><G111/><N who="2" m="42569" /><F39/><W115/><G115/><T13/><D110/><U41/><E118/><V104/><F104/><W78/><G128/><T105/><D125/><U129/><E121/><V9/><F9/><W30/><G133/><T87/><D67/><U16/><E106/><V61/><F93/><W126/><G126/><T43/><D90/><U48/><E129/><V68/><F103/><W92/><G65/><T35/><D35/><U88/><E76/><V38/><F38/><W60/><G78/><T116/><D116/><U15/><E36/><V32/><F32/><W3/><G96/><T23/><D47/><U25/><E37/><V127/><F68/><W73/><G0/><T21/><D43/><U94/><E28/><V124/><F124/><W74/><G2/><T120/><D120/><U132/><E132/><V1/><F1/><W101/><G30/><T64/><D64/><U66/><E91/><V134/><F134/><W17/><G31/><T75/><D75/><N who="3" m="28681" /><G101/><T130/><D130/><U18/><E12/><V50/><F127/><W20/><G3/><T81/><D81/><N who="2" m="31338" /><F77/><W114/><G114/><T19/><REACH who="0" step="1"/><D23/><REACH who="0" ten="76,461,126,327" step="2"/><U6/><E41/><V71/><F71/><W72/><G20/><T40/><D40/><U10/><E66/><V34/><F34/><W86/><G72/><T98/><D98/><N who="1" m="57671" /><E44/><V5/><F22/><W52/><G45/><T131/><D131/><U84/><E84/><V107/><F59/><W27/><G86/><T42/><D42/><RYUUKYOKU ba="0,1" sc="76,30,461,-10,126,-10,327,-10" hai0="13,19,21,55,57,69,70,79,83,87,97,102,105" /><INIT seed="3,1,1,2,0,25" ten="106,451,116,317" oya="3" hai0="8,124,135,20,65,74,91,98,43,78,101,89,64" hai1="131,88,18,97,37,121,109,70,82,17,55,51,5" hai2="132,34,15,95,0,126,106,130,102,117,112,67,110" hai3="80,63,2,108,69,79,52,127,31,81,118,122,53"/><W3/><G118/><T85/><D74/><U105/><E121/><V35/><RYUUKYOKU type="yao9" ba="1,1" sc="106,0,451,0,116,0,317,0" hai2="0,15,34,35,67,95,102,106,110,112,117,126,130,132" /><INIT seed="3,2,1,3,0,30" ten="106,451,116,317" oya="3" hai0="15,78,129,18,115,7,119,45,81,79,44,54,69" hai1="87,35,100,98,0,125,94,59,29,10,65,55,124" hai2="90,31,36,70,23,22,8,86,120,52,41,19,131" hai3="102,126,107,5,11,103,48,112,106,6,2,63,46"/><W83/><G112/><T12/><D119/><U72/><E72/><V51/><F70/><W76/><G126/><N who="1" m="48746" /><E65/><V121/><F131/><W49/><G6/><T16/><D129/><U75/><E75/><V9/><F31/><W114/><G114/><T32/><D32/><U85/><E29/><V40/><F36/><W27/><G27/><T38/><D69/><U109/><E35/><V105/><F105/><W57/><G106/><T26/><D115/><U61/><E109/><V20/><F120/><W60/><G60/><T66/><D66/><U39/><E39/><V74/><F74/><W37/><G37/><T14/><D7/><AGARI ba="2,1" hai="0,7,10,55,59,61,85,87,94,98,100" m="48746" machi="7" ten="30,1000,0" yaku="18,1" doraHai="30" who="1" fromWho="0" sc="106,-16,451,26,116,0,317,0" owari="90,-41.0,477,57.0,116,-28.0,317,12.0" /></mjloggm>