<mjloggm ver="2.3"><GO type="169" lobby="0"/><UN n0="%E6%81%A9%E7%94%B0%E5%B8%8C" n1="%E3%81%A1%E3%82%83%E3%82%8B%E5%AD%90" n2="%E7%99%BD%E9%B9%BF%E6%84%9B%E8%8E%89" n3="%E7%A5%9E%E9%A2%A8%E3%81%A6%E3%81%83%E3%81%A3%E3%81%97%E3%82%85" dan="16,17,18,16" rate="2165.71,2226.95,2203.51,2140.44" sx="F,M,F,M"/><TAIKYOKU oya="0"/><BYE who="0" /><BYE who="1" /><UN n0="%E6%81%A9%E7%94%B0%E5%B8%8C" /><INIT seed="0,0,0,3,0,108" ten="250,250,250,250" oya="0" hai0="13,7,92,10,80,130,28,38,25,125,16,42,86" hai1="31,2,9,46,67,99,129,121,127,29,69,41,23" hai2="74,63,48,91,123,43,90,33,97,72,18,104,111" hai3="93,22,106,17,3,98,135,32,50,60,103,105,96"/><T52/><D52/><UN n1="%E3%81%A1%E3%82%83%E3%82%8B%E5%AD%90" /><U51/><BYE who="0" /><E51/><UN n0="%E6%81%A9%E7%94%B0%E5%B8%8C" /><V65/><BYE who="1" /><F33/><UN n1="%E3%81%A1%E3%82%83%E3%82%8B%E5%AD%90" /><W26/><G135/><T61/><D125/><U133/><E127/><V6/><F123/><W44/><G3/><T35/><D130/><U77/><E133/><V64/><F6/><W101/><G32/><T76/><D61/><U85/><E129/><V57/><F111/><W68/><G68/><T66/><D66/><U15/><E2/><V30/><F30/><W79/><G79/><T118/><D118/><U49/><E121/><V39/><F39/><W100/><G60/><T8/><D92/><U73/><E73/><V59/><F18/><W122/><G122/><T58/><D58/><U47/><E47/><V134/><F134/><W55/><G101/><T116/><D116/><U89/><E67/><V120/><F120/><W5/><G5/><T56/><D56/><U34/><E34/><V112/><F43/><W102/><G102/><T1/><REACH who="0" step="1"/><D38/><REACH who="0" ten="240,250,250,250" step="2"/><U131/><E131/><V110/><F63/><W4/><G4/><T12/><D12/><U82/><E69/><V126/><F126/><W62/><G62/><T87/><D87/><U83/><E15/><V78/><F64/><W124/><G124/><T53/><D53/><U54/><E54/><V14/><F65/><W24/><G93/><T95/><D95/><U114/><E85/><V27/><F110/><W20/><G105/><T71/><D71/><U45/><E99/><V0/><F104/><W37/><G37/><T109/><D109/><U117/><E117/><V40/><F97/><N who="3" m="37483" /><G106/><T94/><D94/><U11/><E46/><V70/><F70/><RYUUKYOKU ba="0,1" sc="240,15,250,-15,250,-15,250,15" hai0="1,7,8,10,13,16,25,28,35,42,76,80,86" hai3="17,20,22,24,26,44,50,55,100,103" /><INIT seed="0,1,1,4,4,1" ten="255,235,235,265" oya="0" hai0="37,85,58,45,13,36,126,63,42,32,48,68,87" hai1="27,91,99,130,92,107,89,135,56,11,97,111,65" hai2="86,49,106,121,44,110,5,16,90,28,129,64,80" hai3="54,83,22,82,134,51,119,73,113,2,95,8,117"/><T102/><D32/><U57/><E111/><V20/><F121/><W120/><G113/><T18/><D126/><U71/><E135/><V39/><F129/><W67/><G120/><T77/><D102/><U6/><E130/><V46/><F106/><W112/><G112/><T21/><D77/><U40/><E40/><V7/><F110/><W50/><G50/><T62/><D62/><U4/><E71/><V35/><F35/><W88/><G67/><T30/><D30/><U124/><E124/><V114/><F114/><W24/><G134/><T96/><D96/><U61/><E11/><V84/><F28/><W60/><G60/><T47/><D68/><U55/><E27/><N who="2" m="14727" /><F39/><W115/><G73/><T0/><D0/><U104/><E104/><V41/><F64/><W43/><G2/><T100/><D100/><U38/><E38/><V26/><F26/><W59/><G43/><T105/><D105/><U98/><E107/><V81/><F46/><W15/><G115/><T116/><D116/><U70/><E70/><V74/><F74/><W34/><G34/><T19/><D19/><U93/><E99/><V103/><F103/><W108/><G108/><T132/><D132/><U75/><E75/><V52/><F41/><W131/><G131/><T23/><D37/><U125/><E125/><V123/><F123/><W69/><G69/><T66/><D23/><U14/><E14/><V9/><F9/><W33/><G119/><T109/><REACH who="0" step="1"/><D109/><REACH who="0" ten="245,235,235,265" step="2"/><U118/><E118/><V94/><F84/><N who="3" m="52615" /><G117/><T128/><D128/><U53/><E65/><V76/><F76/><W101/><G101/><RYUUKYOKU ba="1,2" sc="245,10,235,10,235,10,265,-30" hai0="13,18,21,36,42,45,47,48,58,63,66,85,87" hai1="4,6,53,55,56,57,61,89,91,92,93,97,98" hai2="5,7,44,49,52,80,81,86,90,94" /><INIT seed="0,2,2,0,3,85" ten="255,245,245,235" oya="0" hai0="5,94,30,115,89,63,9,134,109,116,81,101,66" hai1="32,106,132,124,113,39,77,51,45,131,42,17,33" hai2="119,79,125,60,68,102,65,54,24,122,93,127,108" hai3="67,25,135,107,105,97,88,6,111,22,46,83,73"/><T8/><D115/><U69/><E113/><V55/><F79/><W103/><G111/><T114/><D114/><U26/><E124/><N who="2" m="47691" /><F122/><W57/><G135/><T36/><D36/><U130/><E132/><V99/><F108/><W3/><G73/><T100/><D116/><U2/><E2/><V129/><F129/><N who="1" m="49161" /><E106/><V47/><F119/><W0/><G46/><T10/><D134/><U71/><E77/><V95/><F24/><W104/><G6/><T13/><D30/><N who="1" m="19543" /><E33/><V14/><F14/><W38/><G38/><T123/><D123/><U27/><E39/><V23/><F23/><AGARI ba="2,2" hai="17,23,27,42,45,51,69,71" m="19543,49161" machi="23" ten="30,1000,0" yaku="19,1" doraHai="85" who="1" fromWho="2" sc="255,0,245,36,245,-16,235,0" /><INIT seed="1,0,0,5,5,57" ten="255,281,229,235" oya="1" hai0="10,105,130,85,26,31,94,126,22,124,59,43,107" hai1="37,27,42,113,13,90,46,28,58,99,60,49,83" hai2="66,108,119,79,88,17,67,45,77,3,64,118,24" hai3="127,101,72,62,132,96,14,6,78,63,123,15,97"/><U115/><E37/><V68/><F68/><W86/><G72/><T53/><D43/><U30/><E115/><V128/><F3/><W131/><G123/><T65/><D65/><U95/><E113/><V80/><F128/><W89/><G78/><T20/><D10/><U41/><E41/><V106/><F106/><W36/><G36/><T135/><D22/><U54/><E83/><V19/><F108/><W121/><G121/><T2/><D2/><U34/><E13/><N who="3" m="4618" /><G131/><T76/><D130/><U35/><REACH who="1" step="1"/><E30/><REACH who="1" ten="255,271,229,235" step="2"/><V71/><F71/><W102/><G6/><T120/><D31/><U52/><E52/><V82/><F119/><W9/><G9/><T93/><D53/><U38/><E38/><V32/><F118/><W133/><G127/><T29/><D124/><U75/><E75/><V12/><F12/><W23/><G133/><T47/><D135/><U48/><E48/><V4/><F80/><W84/><G132/><T100/><D29/><U116/><E116/><V8/><F82/><W18/><G102/><T81/><D100/><U61/><E61/><N who="3" m="23050" /><G101/><T21/><D126/><U111/><E111/><V87/><F8/><W91/><G89/><T70/><D81/><U39/><E39/><V44/><F88/><W11/><G11/><T125/><D125/><U7/><E7/><V92/><F4/><W16/><G91/><T74/><D120/><U134/><E134/><V25/><F79/><W56/><G18/><T103/><D76/><U112/><E112/><V109/><F77/><W50/><G50/><T69/><D74/><U114/><E114/><V33/><F109/><RYUUKYOKU ba="0,1" sc="255,-10,271,30,229,-10,235,-10" hai1="27,28,34,35,42,46,49,54,58,60,90,95,99" /><INIT seed="1,1,1,3,3,94" ten="245,301,219,225" oya="1" hai0="80,85,122,101,53,76,92,14,44,120,50,46,3" hai1="86,83,49,54,52,28,29,61,69,108,75,117,131" hai2="68,102,25,23,10,134,99,8,105,35,33,126,89" hai3="98,57,20,67,73,109,127,15,17,2,130,19,31"/><U87/><E117/><V96/><F68/><W43/><G73/><T39/><D3/><U106/><E131/><V100/><F134/><W22/><G2/><T133/><D133/><U7/><E108/><V45/><F126/><W90/><G109/><T37/><D14/><U51/><E7/><V114/><F89/><W132/><G132/><T116/><D116/><U70/><E106/><V58/><F114/><W40/><G31/><T12/><D12/><U91/><E75/><V16/><F58/><W36/><G36/><T110/><D110/><U56/><E70/><V24/><F45/><W64/><G130/><T48/><D101/><U82/><E69/><V27/><F33/><W47/><G57/><T93/><D37/><U124/><E124/><V9/><REACH who="2" step="1"/><F35/><REACH who="2" ten="245,301,209,225" step="2"/><W66/><G47/><T77/><D39/><U123/><E123/><N who="0" m="47145" /><D77/><N who="1" m="46415" /><E61/><V38/><F38/><W60/><G60/><T32/><D32/><U118/><E118/><V74/><F74/><W6/><G127/><T128/><D128/><U71/><E71/><V79/><F79/><W63/><G63/><T59/><D59/><AGARI ba="1,2" hai="28,29,49,51,52,54,56,59,83,87,91" m="46415" machi="59" ten="30,2900,0" yaku="8,1,54,1" doraHai="94" who="1" fromWho="0" sc="245,-32,301,52,209,0,225,0" /><INIT seed="1,2,0,5,0,119" ten="213,353,209,225" oya="1" hai0="105,33,123,17,102,27,12,73,20,91,39,111,89" hai1="114,112,54,132,7,135,14,64,59,8,41,61,47" hai2="131,98,24,86,75,71,57,118,38,19,122,97,70" hai3="113,117,103,29,50,40,25,110,125,130,35,99,72"/><U9/><E64/><V46/><F118/><W0/><G0/><T43/><D73/><U60/><E60/><V30/><F75/><W55/><G117/><T120/><D111/><U77/><E77/><V23/><F131/><W51/><G110/><T100/><D43/><U129/><E129/><V134/><F134/><N who="1" m="51241" /><E9/><V62/><F86/><W16/><G125/><T127/><D39/><AGARI ba="2,0" hai="7,8,14,39,41,47,54,59,61,112,114" m="51241" machi="39" ten="30,1500,0" yaku="20,1" doraHai="119" who="1" fromWho="0" sc="213,-21,353,21,209,0,225,0" /><INIT seed="1,3,0,4,4,5" ten="192,374,209,225" oya="1" hai0="97,56,40,58,62,37,25,93,59,28,112,17,45" hai1="83,88,81,47,125,19,39,123,76,30,3,8,122" hai2="119,132,130,64,51,69,11,23,116,44,92,91,77" hai3="115,103,10,121,90,55,60,34,117,99,63,32,134"/><U66/><E125/><V53/><F132/><W70/><G115/><T109/><D109/><U129/><E129/><V110/><F130/><W89/><G121/><T54/><D112/><U13/><E3/><V85/><F110/><W61/><G134/><T118/><D118/><U106/><E106/><V94/><F77/><W80/><G70/><T135/><D135/><U113/><E113/><V4/><F23/><W72/><G34/><T95/><D95/><U38/><E66/><V6/><F6/><W41/><G32/><T131/><D17/><U124/><E124/><V114/><F114/><W49/><G41/><T42/><D40/><U101/><E101/><V86/><F64/><W14/><G72/><T126/><D131/><U57/><E57/><V75/><F75/><W120/><G80/><T52/><D54/><U35/><E47/><V15/><REACH who="2" step="1"/><F69/><REACH who="2" ten="192,374,199,225" step="2"/><W65/><G65/><T71/><D71/><U108/><E108/><V100/><F100/><W0/><G120/><T111/><D111/><U12/><E35/><V50/><F50/><W128/><G128/><T48/><D37/><U24/><E76/><V133/><F133/><W26/><G117/><T67/><D67/><U87/><E39/><V29/><F29/><W104/><G0/><T1/><D1/><U7/><E38/><V105/><F105/><W36/><G36/><T20/><D126/><U33/><E123/><V31/><F31/><W84/><G104/><T16/><D28/><U78/><E122/><V9/><F9/><W82/><G103/><AGARI ba="3,1" hai="16,20,25,42,45,48,52,56,58,59,62,93,97,103" machi="103" ten="30,7700,0" yaku="7,1,8,1,54,2" doraHai="5" who="0" fromWho="3" sc="192,96,374,0,199,0,225,-86" /><INIT seed="2,0,0,4,3,67" ten="288,374,199,139" oya="2" hai0="69,19,76,54,74,83,78,87,117,64,108,40,24" hai1="25,135,52,118,125,114,8,101,42,58,106,86,127" hai2="48,95,11,6,51,90,27,110,30,103,128,100,116" hai3="112,37,0,34,109,20,96,33,43,60,126,73,71"/><V4/><F116/><W29/><G0/><T50/><D40/><U122/><E118/><V102/><F128/><W21/><G73/><T98/><D108/><U26/><E114/><V16/><F110/><W2/><G2/><T41/><D41/><U1/><E135/><V89/><F89/><W56/><G37/><T47/><D98/><U105/><E42/><V45/><F30/><W104/><G43/><T55/><D55/><U15/><E1/><V59/><F45/><W46/><G46/><T120/><D120/><U9/><E86/><V7/><F59/><W10/><G10/><N who="1" m="4202" /><E15/><N who="2" m="7295" /><F27/><N who="1" m="10249" /><E101/><V18/><F18/><W13/><G29/><T75/><D117/><U107/><E58/><V85/><AGARI ba="0,0" hai="4,6,7,48,51,85,90,95,100,102,103" m="7295" machi="85" ten="30,3000,0" yaku="8,1,54,1" doraHai="67" who="2" fromWho="2" sc="288,-10,374,-10,199,30,139,-10" /><INIT seed="2,1,0,3,3,58" ten="278,364,229,129" oya="2" hai0="31,86,94,1,53,51,84,70,22,71,41,20,123" hai1="133,9,13,2,120,35,62,66,3,106,127,78,45" hai2="101,26,135,16,47,80,33,83,87,34,44,46,102" hai3="64,105,5,72,0,88,73,36,38,61,65,126,76"/><V122/><F122/><W28/><G126/><T19/><D1/><U32/><E127/><V7/><F135/><W85/><G105/><T131/><D41/><U91/><E133/><V14/><F7/><W40/><G65/><T25/><D131/><U77/><E120/><V110/><F110/><W96/><G96/><T56/><D123/><U95/><E106/><V54/><F83/><W27/><G76/><T17/><D17/><U113/><E113/><V107/><F26/><W99/><G99/><T125/><D125/><U50/><E35/><V57/><F107/><W67/><G67/><T90/><REACH who="0" step="1"/><D86/><REACH who="0" ten="268,364,229,129" step="2"/><U128/><E2/><V18/><F18/><W75/><G40/><T103/><D103/><U92/><E3/><V114/><F114/><W30/><G5/><T81/><D81/><U108/><E128/><V68/><F102/><W29/><G0/><T37/><D37/><U69/><E108/><V115/><F101/><W100/><G100/><T59/><D59/><U49/><E95/><V55/><F115/><W134/><G134/><T82/><D82/><U89/><E92/><V8/><F68/><W11/><G38/><T60/><D60/><U21/><E69/><V48/><REACH who="2" step="1"/><F54/><REACH who="2" ten="268,364,219,129" step="2"/><W121/><G121/><T10/><D10/><U97/><E9/><V93/><F93/><N who="3" m="54415" /><G11/><T15/><AGARI ba="1,2" hai="15,19,20,22,25,31,51,53,56,70,71,84,90,94" machi="15" ten="20,8000,1" yaku="1,1,0,1,7,1,25,2,53,0" doraHai="58" doraHaiUra="130" who="0" fromWho="0" sc="268,103,364,-21,219,-41,129,-21" /><INIT seed="3,0,0,2,1,103" ten="371,343,178,108" oya="3" hai0="123,118,99,28,13,130,106,30,19,52,126,76,129" hai1="35,73,70,125,51,8,71,44,108,43,134,115,98" hai2="31,110,66,89,57,63,87,53,48,75,42,5,96" hai3="46,27,1,49,83,117,41,93,67,14,36,105,94"/><W38/><G1/><T133/><D118/><U40/><E115/><V0/><F75/><W135/><G117/><T113/><D123/><U4/><E108/><V6/><F110/><W54/><G135/><T86/><D133/><U60/><E134/><V26/><F42/><W47/><G67/><T85/><D126/><U29/><E125/><V2/><F96/><W88/><G105/><T65/><D65/><U24/><E43/><V97/><F97/><W59/><G27/><T131/><D113/><U111/><E73/><V122/><F2/><W95/><G14/><T68/><D68/><U55/><E98/><V114/><F0/><W9/><G9/><N who="0" m="6575" /><D52/><U22/><E35/><V84/><F84/><N who="0" m="32362" /><D76/><U39/><E60/><V56/><F114/><W119/><G119/><T116/><D116/><U17/><E29/><V92/><REACH who="2" step="1"/><F122/><REACH who="2" ten="371,343,168,108" step="2"/><W100/><G100/><AGARI ba="0,1" hai="28,30,99,100,106,129,130,131" m="32362,6575" machi="100" ten="40,2600,0" yaku="19,1,52,1" doraHai="103" who="0" fromWho="3" sc="371,36,343,0,168,0,108,-26" /><INIT seed="4,0,0,5,5,124" ten="407,343,168,82" oya="0" hai0="90,110,112,8,127,46,21,39,1,121,25,126,66" hai1="6,83,73,91,79,93,65,54,42,107,68,114,62" hai2="23,80,22,12,105,10,74,41,45,40,31,84,47" hai3="120,57,78,123,49,30,53,89,9,130,101,20,67"/><T134/><D121/><N who="3" m="46665" /><G101/><T48/><D39/><U118/><E118/><V56/><F74/><W43/><G78/><T50/><D112/><U13/><E114/><V109/><F105/><W59/><G9/><T19/><D134/><U119/><E119/><V33/><F33/><W72/><G72/><T51/><D66/><U129/><E42/><V2/><F2/><W104/><G104/><T103/><D103/><U69/><E107/><V116/><F116/><W76/><G76/><T125/><D90/><U75/><E75/><V16/><F109/><W38/><G43/><N who="2" m="16457" /><F56/><W35/><G38/><T14/><D1/><U15/><E69/><V95/><F95/><W81/><G35/><T117/><D117/><U52/><E6/><V100/><F100/><W71/><G71/><T113/><D113/><U98/><E54/><V82/><F82/><W135/><G135/><T70/><D70/><U4/><E52/><V122/><F122/><W77/><G77/><T37/><D37/><U106/><E106/><V26/><F10/><W32/><G32/><T44/><REACH who="0" step="1"/><D110/><REACH who="0" ten="397,343,168,82" step="2"/><U29/><E68/><V58/><F58/><W0/><G0/><T28/><AGARI ba="0,1" hai="8,14,19,21,25,28,44,46,48,50,51,125,126,127" machi="28" ten="40,12000,1" yaku="1,1,2,1,0,1,18,1,53,0" doraHai="124" doraHaiUra="64" who="0" fromWho="0" sc="397,130,343,-40,168,-40,82,-40" /><INIT seed="4,1,0,1,3,35" ten="527,303,128,42" oya="0" hai0="96,58,3,74,101,10,109,38,66,73,31,116,98" hai1="61,87,84,133,52,107,119,114,6,5,82,51,46" hai2="130,125,28,95,30,45,17,85,55,123,47,100,89" hai3="33,128,91,22,15,25,18,4,67,64,126,131,11"/><T94/><D116/><U115/><E119/><V92/><F123/><W44/><G126/><T135/><D38/><U78/><E107/><V132/><F130/><W26/><G64/><T41/><D41/><U71/><E133/><V77/><F132/><W118/><G118/><T7/><D135/><U8/><E6/><V9/><F77/><W36/><G67/><T53/><D66/><U83/><E61/><V59/><F125/><W32/><G91/><T97/><D97/><U72/><E71/><V68/><F68/><W70/><G70/><T106/><D31/><U16/><E16/><V129/><F129/><N who="3" m="49739" /><G44/><T105/><D105/><U104/><E104/><V20/><F45/><W63/><G63/><T102/><REACH who="0" step="1"/><D109/><REACH who="0" ten="517,303,128,42" step="2"/><U65/><E65/><V49/><F55/><W24/><G36/><T124/><D124/><U39/><E39/><V60/><F30/><W29/><G29/><T120/><D120/><U108/><E108/><V37/><F28/><W127/><G127/><T50/><AGARI ba="1,1" hai="3,7,10,50,53,58,73,74,94,96,98,101,102,106" machi="50" ten="20,7800,0" yaku="1,1,0,1,7,1,52,1,53,0" doraHai="35" doraHaiUra="62" who="0" fromWho="0" sc="517,91,303,-27,128,-27,42,-27" /><INIT seed="4,2,0,0,2,75" ten="608,276,101,15" oya="0" hai0="5,53,92,61,80,85,17,55,20,100,70,125,16" hai1="109,43,113,134,27,56,122,62,7,42,54,51,48" hai2="64,31,50,45,126,120,37,3,26,119,65,69,96" hai3="32,104,102,52,15,22,9,76,107,40,46,6,58"/><T87/><D125/><U44/><E122/><V128/><F120/><W36/><G32/><T59/><D70/><U79/><E109/><V72/><F3/><W132/><G132/><T63/><D5/><U34/><E134/><V135/><F135/><W14/><G102/><T10/><D10/><U78/><E7/><V49/><F72/><W29/><G76/><N who="0" m="46215" /><D20/><U117/><E117/><V67/><F128/><W89/><G89/><N who="0" m="53311" /><D100/><U41/><E34/><V110/><F69/><W4/><G4/><T131/><D131/><U124/><E124/><V28/><F126/><W74/><G74/><T2/><D2/><U90/><E27/><V129/><F37/><W133/><G133/><T66/><D63/><U103/><E103/><V88/><F129/><W13/><G13/><T47/><D47/><U81/><E62/><V38/><F45/><W111/><G111/><T106/><D106/><U30/><E30/><V12/><F38/><W130/><G130/><T98/><D98/><U25/><E25/><V24/><F12/><W68/><G68/><T0/><D0/><U84/><E44/><V11/><F110/><W115/><G115/><T97/><D97/><U123/><E113/><V21/><F11/><W23/><G22/><T121/><D121/><U95/><E123/><V18/><F119/><W114/><G114/><T101/><D101/><U57/><E95/><N who="2" m="56423" /><F31/><W82/><G82/><T118/><D118/><U108/><E108/><V19/><F28/><W86/><G86/><T93/><D93/><U99/><E99/><V8/><F8/><W1/><G1/><T39/><D39/><RYUUKYOKU ba="2,0" sc="608,10,276,10,101,10,15,-30" hai0="16,17,53,55,59,61,66" hai1="41,42,43,48,51,54,56,57,78,79,81,84,90" hai2="18,19,21,24,26,49,50,64,65,67" owari="618,72.0,286,9.0,111,-29.0,-15,-52.0" /></mjloggm>