<mjloggm ver="2.3"><GO type="225" lobby="0"/><UN n0="%6C%61%62" n1="%E3%83%AD%E3%83%9C%E3%82%B3%E3%83%97" n2="%E8%88%B9%E8%A6%8B%E7%B5%90%E8%A1%A3%E3%81%A1%E3%82%83%E3%82%93" n3="%72%69%6F%75%63%68%61%6E" dan="16,16,16,17" rate="2062.72,2123.84,2113.90,2095.60" sx="M,M,F,M"/><TAIKYOKU oya="0"/><INIT seed="0,0,0,5,3,94" ten="250,250,250,250" oya="0" hai0="21,38,7,116,15,63,19,91,70,13,52,86,34" hai1="118,22,18,105,42,8,67,101,83,102,109,39,62" hai2="5,41,93,126,121,24,0,106,74,20,134,46,120" hai3="124,2,54,11,68,117,9,31,96,48,40,104,127"/><T81/><D34/><U60/><E118/><V36/><F106/><W56/><G117/><T122/><D122/><U103/><E109/><V29/><F134/><W53/><G68/><T6/><D116/><U43/><E105/><V99/><F126/><N who="3" m="48171" /><G2/><T71/><D38/><U132/><E132/><V111/><F74/><W12/><G40/><T25/><D71/><U75/><E8/><V30/><F111/><W23/><G53/><T125/><D125/><U58/><E39/><V4/><F0/><W3/><G3/><T51/><D63/><U66/><E83/><V95/><F30/><W97/><G104/><T49/><D70/><U32/><E75/><V82/><F82/><W119/><G119/><T35/><D49/><U123/><E32/><V27/><F27/><N who="3" m="16895" /><G11/><T45/><REACH who="0" step="1"/><D35/><REACH who="0" ten="240,250,250,250" step="2"/><U26/><E123/><V65/><F121/><W79/><G79/><T90/><D90/><U114/><E114/><V130/><F120/><W133/><G133/><T57/><D57/><AGARI ba="0,1" hai="18,22,26,42,43,57,58,60,62,66,67,101,102,103" machi="57" ten="40,2600,0" yaku="9,1,8,1" doraHai="94" who="1" fromWho="0" sc="240,-26,250,36,250,0,250,0" /><INIT seed="1,0,0,2,4,39" ten="214,286,250,250" oya="1" hai0="72,3,33,66,41,44,120,8,78,55,26,93,63" hai1="18,11,77,86,16,132,102,28,115,46,118,107,49" hai2="13,17,67,70,100,15,24,36,12,75,108,45,116" hai3="47,97,127,14,133,99,87,98,110,27,95,81,61"/><U82/><E118/><V64/><F116/><W96/><G110/><T94/><D120/><U56/><E115/><V103/><F108/><W105/><G127/><T9/><D55/><U117/><E117/><V124/><F124/><W29/><G133/><T76/><D33/><U34/><E132/><V59/><F75/><W6/><G105/><T23/><D3/><U129/><E129/><V135/><F135/><W51/><G61/><T7/><D72/><U106/><E56/><V79/><F79/><W1/><G1/><T60/><D78/><U0/><E34/><V114/><F114/><W20/><G6/><T48/><D76/><U38/><E28/><V19/><F70/><W35/><G14/><T25/><D25/><U54/><E38/><V42/><F59/><W119/><G119/><T22/><D22/><U57/><E57/><V88/><F24/><W121/><G121/><T71/><D63/><U113/><E113/><V68/><F68/><W123/><G123/><T50/><D50/><U32/><E32/><V84/><F64/><W101/><G35/><T31/><REACH who="0" step="1"/><D7/><REACH who="0" ten="204,286,250,250" step="2"/><U134/><E134/><V58/><F67/><W111/><G111/><T83/><D83/><U104/><REACH who="1" step="1"/><E102/><REACH who="1" ten="204,276,250,250" step="2"/><V62/><F103/><W52/><G81/><T91/><D91/><U21/><E21/><V89/><F100/><W37/><G37/><T126/><D126/><U131/><E131/><V5/><F89/><N who="3" m="53695" /><G101/><T80/><D80/><U90/><E90/><V2/><F88/><W43/><N who="3" m="24576" /><DORA hai="40" /><W130/><G130/><T65/><D65/><U128/><E128/><V30/><F30/><RYUUKYOKU ba="0,2" sc="204,10,276,10,250,-30,250,10" hai0="8,9,23,26,31,41,44,48,60,66,71,93,94" hai1="0,11,16,18,46,49,54,77,82,86,104,106,107" hai3="20,27,29,43,47,51,52" /><INIT seed="1,1,2,2,3,77" ten="214,286,220,260" oya="1" hai0="52,93,59,79,115,73,48,116,53,20,27,94,95" hai1="112,10,85,132,97,25,18,39,26,92,42,90,22" hai2="9,8,84,130,105,11,40,128,70,119,56,47,3" hai3="106,80,82,12,91,51,60,28,126,14,81,2,120"/><U61/><E112/><V113/><F119/><W134/><G120/><T35/><D116/><U4/><E132/><V117/><F117/><W99/><G2/><T109/><D115/><U72/><E72/><V121/><F113/><W57/><G134/><T54/><D35/><U17/><E61/><V101/><F121/><W41/><G126/><T71/><D71/><U133/><E133/><V108/><F108/><W58/><G28/><T86/><D109/><U68/><E68/><V135/><F70/><W75/><G75/><T46/><D73/><U19/><E26/><V45/><F135/><W1/><G1/><T69/><D69/><U34/><E34/><V110/><F110/><W29/><G29/><N who="0" m="17639" /><D59/><N who="3" m="22537" /><G106/><T129/><D129/><N who="2" m="49770" /><F3/><W122/><G122/><T15/><D15/><N who="3" m="5673" /><G60/><T107/><D107/><U83/><E4/><V67/><F56/><W16/><G16/><T63/><D63/><U24/><E10/><V65/><F105/><W66/><G66/><N who="2" m="25097" /><F101/><W96/><G91/><N who="0" m="53495" /><D79/><U49/><E39/><V89/><F40/><AGARI ba="1,2" hai="40,46,48,52,53,54,94,95" m="53495,17639" machi="40" ten="30,2000,0" yaku="8,1,54,1" doraHai="77" who="0" fromWho="2" sc="214,43,286,0,220,-23,260,0" /><INIT seed="2,0,0,1,3,5" ten="257,286,197,260" oya="2" hai0="110,93,134,79,80,98,74,84,26,132,124,135,103" hai1="24,55,71,75,89,20,122,29,104,9,13,41,21" hai2="46,22,105,38,100,32,44,18,11,95,108,51,35" hai3="63,67,115,60,1,102,8,127,52,86,61,69,34"/><V0/><F105/><W53/><G34/><T27/><D110/><U113/><E113/><V70/><F70/><W91/><G127/><T58/><D124/><U12/><E122/><V121/><F121/><W19/><G115/><T133/><N who="0" m="33792" /><DORA hai="49" /><T30/><D58/><U54/><E71/><V112/><F112/><W31/><G31/><T62/><D62/><U50/><E104/><V106/><F106/><W73/><G73/><T123/><D123/><U2/><E75/><V94/><F108/><W45/><G102/><T4/><D4/><U119/><E119/><V6/><F38/><W118/><G118/><T16/><D16/><N who="1" m="10255" /><E2/><V90/><F100/><W59/><G1/><T85/><REACH who="0" step="1"/><D27/><REACH who="0" ten="247,286,197,260" step="2"/><U117/><E117/><V10/><F10/><W3/><G3/><T78/><D78/><U15/><E15/><V43/><F46/><W109/><G109/><T82/><D82/><U125/><E125/><V40/><F40/><W48/><G61/><T88/><D88/><U116/><E116/><V77/><F77/><W23/><G19/><T47/><D47/><N who="1" m="25967" /><E89/><V57/><F57/><W81/><G8/><T68/><D68/><U36/><E36/><V42/><F42/><W120/><G120/><T76/><D76/><U72/><E72/><V99/><REACH who="2" step="1"/><F95/><REACH who="2" ten="247,286,187,260" step="2"/><W17/><G69/><T33/><AGARI ba="0,2" hai="26,30,33,74,79,80,84,85,93,98,103" m="33792" machi="33" ten="60,8000,1" yaku="1,1,0,1,20,1,53,1" doraHai="5,49" doraHaiUra="25,87" who="0" fromWho="0" sc="247,100,286,-20,187,-40,260,-20" /><INIT seed="3,0,0,3,1,41" ten="347,266,147,240" oya="3" hai0="76,62,78,30,55,21,40,46,122,111,75,91,63" hai1="5,72,43,31,38,116,22,29,121,18,50,107,58" hai2="53,61,82,132,33,60,103,105,109,23,2,39,49" hai3="71,47,13,110,1,120,6,65,37,88,133,52,102"/><W66/><G120/><T87/><D111/><U84/><E72/><V97/><F109/><W44/><G110/><T85/><D75/><U130/><E121/><V125/><F125/><W89/><G6/><T3/><D3/><U25/><E38/><V77/><F132/><W16/><G1/><T92/><D122/><U74/><E74/><V51/><F33/><W99/><G133/><T57/><D63/><U128/><E107/><V45/><F2/><W113/><G113/><T90/><D21/><U59/><E116/><V95/><F39/><W48/><G71/><T26/><D26/><U70/><E70/><V20/><F105/><W98/><G44/><T12/><D12/><U69/><E69/><V127/><F127/><W123/><G37/><T134/><D30/><U11/><E84/><V117/><F117/><W64/><G123/><T7/><D7/><U80/><E80/><V86/><REACH who="2" step="1"/><F49/><REACH who="2" ten="347,266,137,240" step="2"/><W131/><G131/><T54/><D134/><U129/><E130/><V4/><F4/><W124/><G124/><T10/><D78/><U79/><E79/><V35/><F35/><W9/><REACH who="3" step="1"/><G99/><REACH who="3" ten="347,266,137,230" step="2"/><T24/><D76/><U100/><E129/><V0/><F0/><W114/><G114/><T112/><D112/><U73/><E128/><V67/><F67/><W83/><G83/><T19/><D57/><U8/><E59/><V32/><F32/><W28/><G28/><T106/><D46/><N who="1" m="25951" /><E58/><V14/><F14/><W118/><G118/><T104/><D24/><U96/><E31/><V56/><F56/><W101/><G101/><T68/><D68/><U108/><E29/><RYUUKYOKU ba="0,2" sc="347,-15,266,-15,137,15,230,15" hai2="20,23,45,51,53,60,61,77,82,86,95,97,103" hai3="9,13,16,47,48,52,64,65,66,88,89,98,102" /><INIT seed="3,1,2,5,2,34" ten="332,251,152,245" oya="3" hai0="95,110,124,108,96,65,98,40,44,131,87,120,69" hai1="58,102,99,111,66,83,85,10,9,68,56,64,129" hai2="8,0,28,133,48,134,52,63,29,89,106,39,114" hai3="54,122,77,74,121,128,43,78,17,88,41,119,37"/><W94/><G119/><T16/><D120/><U26/><E111/><N who="0" m="42537" /><D124/><U25/><E129/><V70/><F114/><W22/><G128/><T23/><D131/><U91/><E68/><V57/><F39/><W50/><G122/><T82/><D65/><U100/><E99/><N who="0" m="37929" /><D95/><U107/><E107/><V33/><F106/><W80/><G121/><T93/><D93/><U24/><E66/><V135/><F33/><W72/><G37/><N who="0" m="21519" /><D69/><U105/><E105/><V92/><F70/><W118/><G118/><T61/><D61/><N who="1" m="37927" /><E58/><V6/><F63/><W123/><G123/><T1/><D1/><U103/><AGARI ba="1,2" hai="9,10,24,25,26,83,85,91,100,102,103" m="37927" machi="103" ten="30,1100,0" yaku="8,1" doraHai="34" who="1" fromWho="1" sc="332,-4,251,34,152,-4,245,-6" owari="328,42.0,285,9.0,148,-35.0,239,-16.0" /></mjloggm>