<mjloggm ver="2.3"><GO type="169" lobby="0"/><UN n0="%E4%B9%9D%E4%B8%88%E8%8A%B1%E9%9F%B3" n1="%E3%82%84%E3%81%BE%E3%81%8C%E3%82%89%E3%83%BC" n2="%E9%81%8A%E3%81%B3%E5%BF%83" n3="%6C%65%6F%6E%6C%65%6F%6E" dan="16,17,18,16" rate="2176.96,2176.56,2210.22,2152.66" sx="F,M,M,M"/><TAIKYOKU oya="0"/><INIT seed="0,0,0,1,1,47" ten="250,250,250,250" oya="0" hai0="95,6,110,94,131,41,17,7,15,108,71,99,24" hai1="26,87,49,53,84,52,70,68,43,77,50,132,112" hai2="1,64,80,98,51,117,114,116,55,120,37,35,8" hai3="56,74,79,2,69,62,34,121,33,65,27,130,101"/><T23/><D71/><U45/><E132/><V134/><F37/><W13/><G2/><T76/><D131/><U18/><E112/><V44/><F35/><W25/><G130/><T123/><D123/><U19/><E43/><V102/><F64/><W54/><G121/><T100/><D76/><U30/><E77/><V122/><F114/><W28/><G13/><T39/><D95/><U78/><E78/><V127/><F80/><W93/><G93/><T104/><D104/><U63/><E63/><V59/><F127/><W92/><G92/><T32/><D39/><U4/><E4/><N who="2" m="1039" /><F44/><W90/><G90/><T10/><D41/><U29/><E45/><V21/><F21/><W133/><G133/><T73/><D73/><U119/><REACH who="1" step="1"/><E26/><REACH who="1" ten="250,240,250,250" step="2"/><V58/><F134/><W16/><G79/><T48/><D7/><U115/><E115/><V124/><F124/><W11/><G74/><T22/><D24/><U88/><E88/><V91/><F91/><W67/><G27/><T135/><D6/><U72/><E72/><V40/><F40/><W46/><G46/><T31/><D135/><U129/><E129/><V36/><F36/><W14/><G34/><T20/><D32/><U89/><E89/><V125/><F125/><W118/><G33/><T57/><D31/><U83/><E83/><V111/><F120/><W12/><G28/><T66/><D66/><U0/><E0/><V75/><F75/><W126/><G126/><T61/><D61/><U5/><E5/><V82/><F82/><W97/><G25/><T105/><D105/><U96/><E96/><V103/><F98/><RYUUKYOKU ba="0,1" sc="250,15,240,15,250,-15,250,-15" hai0="10,15,17,20,22,23,48,57,94,99,100,108,110" hai1="18,19,29,30,49,50,52,53,68,70,84,87,119" /><INIT seed="0,1,1,0,5,133" ten="265,255,235,235" oya="0" hai0="106,18,35,25,85,47,94,64,27,58,78,114,134" hai1="68,26,5,50,100,51,53,129,128,123,39,110,91" hai2="1,120,52,2,6,135,83,80,3,48,4,60,43" hai3="16,10,74,104,70,62,112,61,93,69,23,131,14"/><T59/><D114/><U75/><E123/><V103/><F120/><W130/><G104/><T37/><D106/><U97/><E39/><V132/><F103/><W0/><G112/><T55/><D134/><N who="2" m="51242" /><F43/><W20/><G74/><T24/><D35/><U121/><E121/><V118/><F60/><N who="3" m="23147" /><G93/><T96/><D64/><U115/><E75/><V65/><F65/><W72/><G72/><T33/><D33/><U108/><E68/><N who="3" m="26218" /><G0/><T56/><D37/><U89/><E115/><V88/><F118/><W34/><G34/><T67/><D67/><U126/><E100/><V30/><F30/><W79/><G79/><T127/><D18/><U19/><E19/><V105/><F105/><W32/><G32/><T17/><D17/><U99/><E5/><N who="2" m="2155" /><F88/><W57/><G57/><AGARI ba="1,1" hai="1,2,3,48,52,57,80,83" m="2155,51242" machi="57" ten="40,2600,0" yaku="20,1,54,1" doraHai="133" who="2" fromWho="3" sc="265,0,255,0,235,39,235,-29" /><INIT seed="1,0,0,1,0,70" ten="265,255,274,206" oya="1" hai0="13,53,92,77,22,91,71,41,76,37,87,86,60" hai1="33,69,104,82,103,6,50,23,15,48,66,114,17" hai2="55,80,112,31,16,120,125,79,131,97,5,95,49" hai3="1,36,118,9,99,4,58,102,30,24,106,27,43"/><U110/><E114/><V122/><F112/><W123/><G123/><T62/><D62/><U10/><E33/><V47/><F31/><W0/><G118/><T14/><D86/><U61/><E110/><V28/><F28/><W32/><G58/><T119/><D119/><U129/><E129/><V7/><F125/><W73/><G24/><T105/><D105/><U74/><E103/><V45/><F45/><N who="3" m="23783" /><G1/><T107/><D107/><U128/><E104/><V38/><F38/><W40/><G40/><T20/><D71/><U26/><REACH who="1" step="1"/><E128/><REACH who="1" ten="265,245,274,206" step="2"/><V44/><F131/><W83/><G83/><T88/><D92/><U2/><E2/><V109/><F109/><W25/><G25/><T18/><D13/><U90/><E90/><V94/><F95/><W135/><G135/><T63/><D91/><U81/><E81/><V116/><F116/><W54/><G54/><T121/><D88/><U56/><E56/><V46/><F120/><W133/><G133/><T132/><D53/><U100/><E100/><V127/><F122/><W101/><G102/><T72/><D121/><U52/><E52/><V124/><F124/><W35/><G32/><T34/><D14/><U39/><E39/><V59/><F127/><W21/><G35/><T96/><D37/><U11/><E11/><V108/><F108/><W12/><G12/><T111/><D34/><U93/><E93/><V75/><F94/><W65/><G65/><T67/><D67/><U98/><E98/><V115/><F97/><W8/><G8/><T113/><D96/><U130/><E130/><V29/><F115/><W134/><G134/><RYUUKYOKU ba="0,1" sc="265,-15,245,15,274,-15,206,15" hai1="6,10,15,17,23,26,48,50,61,66,69,74,82" hai3="0,4,9,21,27,30,73,99,101,106" /><INIT seed="1,1,1,4,1,112" ten="250,260,259,221" oya="1" hai0="77,116,73,51,78,0,108,124,13,57,97,70,46" hai1="71,26,40,114,54,93,2,126,113,95,1,82,119" hai2="72,8,10,14,84,24,130,52,39,61,60,105,120" hai3="129,83,115,94,33,92,53,37,58,56,80,98,18"/><U38/><E126/><V91/><F72/><W36/><G115/><T67/><D0/><U117/><E71/><V128/><F39/><W62/><G33/><T49/><D73/><U45/><E26/><V29/><F105/><W23/><G129/><N who="2" m="49769" /><F120/><W32/><G32/><T101/><D108/><U34/><E34/><N who="2" m="20775" /><F52/><N who="3" m="34055" /><G37/><T123/><D70/><U7/><E38/><V111/><F111/><W15/><G36/><T17/><D124/><U21/><E54/><V104/><F104/><W88/><G94/><T47/><D123/><U9/><E82/><N who="2" m="49559" /><F8/><W12/><G12/><T16/><D13/><U133/><E9/><V31/><F31/><W69/><G69/><T20/><D20/><U106/><E106/><V48/><F48/><AGARI ba="1,1" hai="15,18,23,48,53,58,80,83,88,92,98" m="34055" machi="48" ten="30,3900,0" yaku="8,1,54,2" doraHai="112" who="3" fromWho="2" sc="250,0,260,0,259,-42,221,52" /><INIT seed="2,0,0,3,0,128" ten="250,260,217,273" oya="2" hai0="110,0,114,49,121,83,100,21,84,111,106,27,44" hai1="10,93,45,94,133,122,67,13,1,26,32,86,60" hai2="115,119,36,24,19,4,64,37,35,76,120,126,73" hai3="107,87,89,96,116,117,109,74,11,38,68,30,75"/><V52/><F120/><W66/><G38/><T127/><D121/><U70/><E122/><V118/><F115/><W12/><G30/><T61/><D0/><U18/><E1/><V78/><F126/><W105/><G109/><T53/><D114/><U82/><E45/><V112/><F112/><W99/><G66/><T102/><D61/><U72/><E72/><N who="3" m="27690" /><G12/><T40/><D53/><U25/><E133/><V43/><F64/><W71/><G11/><T33/><D33/><U2/><E2/><V23/><F4/><W58/><G58/><T125/><D106/><N who="3" m="40457" /><G71/><T5/><D5/><U59/><E70/><V16/><F35/><W54/><G54/><T47/><D47/><U81/><E32/><V63/><F43/><W39/><G39/><T91/><D111/><U90/><E25/><V130/><F52/><W113/><G68/><T88/><D91/><N who="1" m="53495" /><E26/><V55/><F55/><W14/><G14/><T9/><D9/><U92/><E90/><V97/><F24/><W85/><G113/><T108/><D110/><U65/><E65/><V123/><F123/><W6/><G6/><T41/><D41/><U131/><E67/><V101/><F63/><W135/><G89/><T28/><D108/><U79/><E60/><V20/><F37/><W124/><G124/><AGARI ba="0,0" hai="21,27,28,40,44,49,83,84,88,100,102,124,125,127" machi="124" ten="40,2600,0" yaku="18,1,54,1" doraHai="128" who="0" fromWho="3" sc="250,26,260,0,217,0,273,-26" /><INIT seed="3,0,0,1,2,94" ten="276,260,217,247" oya="3" hai0="22,55,32,47,129,3,114,66,5,120,61,42,96" hai1="126,34,30,31,40,46,35,60,9,117,15,89,71" hai2="97,112,48,54,29,74,1,91,119,21,135,111,122" hai3="12,38,53,133,0,65,100,132,77,64,2,93,82"/><W115/><G115/><T113/><D120/><U107/><E126/><V18/><F112/><W86/><G38/><T87/><D32/><U83/><E117/><V26/><F1/><N who="3" m="619" /><G12/><T14/><D87/><U116/><E116/><V68/><F68/><W23/><G23/><T50/><D3/><U57/><E107/><V73/><F119/><W19/><G19/><T69/><D129/><U118/><E71/><V41/><F122/><W51/><G100/><T105/><D42/><U109/><E109/><V80/><F111/><W7/><G7/><T131/><D131/><U108/><E108/><V106/><F41/><W123/><G93/><T45/><D45/><U58/><E34/><V25/><F91/><W33/><G33/><T70/><D70/><U17/><E35/><V62/><F62/><W76/><G77/><T130/><D130/><U24/><E24/><V63/><F63/><W16/><G16/><T134/><D22/><U127/><E30/><V75/><F18/><W49/><G123/><T98/><D105/><U28/><E28/><V81/><F26/><W102/><G102/><T36/><D36/><U52/><E31/><V72/><F21/><W99/><G51/><T43/><D43/><U44/><E118/><V79/><F25/><W101/><G49/><T39/><D39/><U6/><E40/><V121/><F29/><W104/><G53/><T84/><D84/><N who="1" m="50335" /><E6/><V11/><F121/><W125/><G125/><T27/><D27/><U13/><E127/><V128/><F128/><W59/><G59/><N who="1" m="22538" /><E13/><V37/><F37/><W92/><G104/><T4/><D113/><RYUUKYOKU ba="0,0" sc="276,-15,260,15,217,-15,247,15" hai1="9,15,17,44,46,52,60" hai3="64,65,76,82,86,92,99,101,132,133" /><INIT seed="3,1,0,0,3,88" ten="261,275,202,262" oya="3" hai0="114,133,58,31,71,112,116,54,10,48,70,93,63" hai1="25,131,65,22,60,106,98,28,134,125,51,64,42" hai2="36,115,13,81,130,82,119,84,109,97,96,123,24" hai3="66,128,72,57,107,53,6,52,122,21,40,35,9"/><W15/><G122/><T3/><D116/><U18/><E125/><V126/><F36/><W77/><G35/><T29/><D133/><U127/><E127/><V108/><F126/><W4/><G107/><T80/><D80/><N who="2" m="30826" /><F119/><W11/><G72/><T38/><D38/><U74/><E134/><V79/><F24/><W86/><G128/><T92/><D3/><U76/><E131/><V17/><F79/><W34/><G34/><T62/><D10/><U27/><E76/><V75/><F84/><W43/><G77/><T100/><D100/><U7/><E7/><V2/><F2/><W59/><G21/><T33/><D33/><U68/><E65/><V111/><F75/><W19/><G66/><T120/><D120/><U37/><E37/><V132/><F115/><N who="0" m="44074" /><D48/><U32/><E74/><V118/><F118/><W0/><G86/><T94/><D63/><U83/><E83/><V61/><F61/><W113/><G113/><T44/><D44/><U45/><E106/><V67/><F132/><W69/><G69/><AGARI ba="1,0" hai="29,31,54,58,62,69,70,71,92,93,94" m="44074" machi="69" ten="40,8000,1" yaku="11,1,52,3" doraHai="88" who="0" fromWho="3" sc="261,83,275,0,202,0,262,-83" /><INIT seed="4,0,0,3,4,99" ten="344,275,202,179" oya="0" hai0="6,11,96,19,33,121,39,109,120,102,34,16,15" hai1="27,89,45,25,8,106,18,40,105,100,66,84,135" hai2="74,108,90,95,55,38,82,104,125,69,54,9,20" hai3="31,30,64,116,115,94,63,132,70,67,65,32,101"/><T134/><D39/><U51/><E135/><V129/><F108/><W97/><G116/><T119/><D119/><U61/><E8/><V62/><F38/><W128/><G132/><T58/><D134/><U91/><E91/><V47/><F104/><W35/><G115/><T17/><D58/><U73/><E73/><V21/><F55/><W112/><G112/><T103/><D109/><U44/><E44/><V41/><F125/><W86/><G128/><T118/><D118/><U98/><E18/><V77/><F9/><W50/><G50/><T107/><REACH who="0" step="1"/><D102/><REACH who="0" ten="334,275,202,179" step="2"/><U10/><E106/><V88/><F69/><W53/><G70/><T13/><D13/><U72/><E72/><V46/><F74/><W68/><G68/><T123/><AGARI ba="0,1" hai="6,11,15,16,17,19,33,34,96,103,107,120,121,123" machi="123" ten="40,12000,1" yaku="1,1,0,1,52,1,54,1,53,0" doraHai="99" doraHaiUra="110" who="0" fromWho="0" sc="334,130,275,-40,202,-40,179,-40" /><INIT seed="4,1,0,4,0,55" ten="464,235,162,139" oya="0" hai0="69,37,41,127,44,91,135,134,65,35,14,59,103" hai1="75,104,96,2,107,50,15,111,51,5,30,105,122" hai2="76,16,70,18,27,31,78,109,120,53,128,113,124" hai3="17,11,102,33,83,38,19,34,82,46,117,68,64"/><T99/><D91/><U74/><E111/><V60/><F120/><W79/><G117/><T63/><D14/><U94/><E2/><V97/><F113/><W100/><G68/><T39/><D35/><U93/><E30/><V32/><F128/><W13/><G64/><T49/><D127/><U86/><E122/><V89/><F109/><W81/><G79/><T47/><D47/><U10/><E86/><V123/><F124/><W110/><G110/><T9/><D9/><U3/><E3/><V58/><F70/><W24/><G24/><T26/><D26/><U85/><E85/><V67/><F67/><W45/><G38/><T4/><D4/><U42/><E42/><V29/><F123/><W57/><G82/><T77/><D77/><N who="2" m="29802" /><F18/><W125/><G125/><T21/><D21/><U98/><E74/><V62/><F62/><W90/><G11/><T126/><D126/><U106/><E75/><V132/><F132/><N who="0" m="50730" /><D69/><U116/><E116/><V118/><F32/><W73/><G13/><T115/><D115/><U54/><N who="1" m="26624" /><DORA hai="12" /><U112/><E112/><V119/><F119/><W101/><G73/><T129/><D129/><U130/><E130/><V88/><F118/><W66/><G34/><T36/><D99/><U23/><E23/><N who="2" m="13799" /><F97/><W28/><G33/><T1/><D1/><U7/><E7/><V20/><F20/><W95/><G28/><AGARI ba="1,0" hai="28,29,31,53,58,60,88,89" m="13799,29802" machi="28" ten="30,8000,1" yaku="8,1,52,2,54,2" doraHai="55,12" who="2" fromWho="3" sc="464,0,235,0,162,83,139,-83" /><INIT seed="5,0,0,0,4,4" ten="464,235,245,56" oya="1" hai0="103,33,49,46,36,121,31,104,8,44,50,38,51" hai1="87,65,70,74,40,72,126,22,7,102,114,18,110" hai2="111,116,93,62,97,71,48,133,98,2,117,68,63" hai3="53,39,80,94,26,127,132,129,105,16,56,118,37"/><U64/><E114/><V90/><F111/><W59/><G105/><T23/><D33/><U12/><E110/><V119/><F2/><W57/><G129/><T86/><D104/><U42/><E126/><V5/><F5/><W91/><G127/><T66/><D103/><U45/><E102/><V85/><F48/><W113/><G113/><T55/><D86/><U32/><E32/><V21/><F21/><W60/><G132/><T82/><D82/><U134/><E134/><V13/><F13/><W83/><G118/><T135/><D31/><U17/><E7/><V81/><F133/><W88/><G39/><T11/><D66/><U79/><E87/><V58/><F98/><N who="3" m="57671" /><G37/><T20/><D50/><U25/><E42/><V47/><F68/><W100/><G100/><T0/><D135/><U24/><E70/><V106/><F71/><W125/><G125/><T9/><D0/><U35/><E35/><V77/><F93/><W128/><G128/><T95/><D95/><U123/><E123/><V67/><F97/><W76/><G76/><T41/><D121/><U28/><E79/><V122/><F77/><W130/><G130/><T109/><D109/><U75/><E28/><V96/><F106/><W19/><G91/><T92/><D92/><U61/><E61/><V34/><F117/><W43/><G43/><T6/><D6/><U30/><E30/><V29/><F119/><W69/><G69/><T10/><N who="0" m="2048" /><DORA hai="99" /><T131/><D131/><U14/><E40/><V54/><F122/><W101/><G101/><T89/><D89/><U15/><E45/><V27/><F116/><RYUUKYOKU ba="0,0" sc="464,15,235,15,245,-15,56,-15" hai0="20,23,36,38,41,44,46,49,51,55" hai1="12,14,15,17,18,22,24,25,64,65,72,74,75" /><INIT seed="5,1,0,3,3,119" ten="479,250,230,41" oya="1" hai0="117,2,128,8,16,21,9,97,61,15,104,17,108" hai1="23,0,123,116,88,58,75,6,127,114,134,57,121" hai2="29,30,70,85,126,41,90,131,106,56,1,94,129" hai3="95,50,49,103,107,52,53,77,7,111,91,89,55"/><U110/><E116/><V13/><F70/><W67/><G111/><T31/><D108/><U43/><E110/><V51/><F1/><W66/><G107/><T105/><D117/><U22/><E75/><V27/><F106/><W96/><G77/><T109/><D109/><U115/><E127/><V37/><F30/><W40/><G7/><T25/><D61/><U93/><E43/><V124/><F13/><W18/><G18/><T10/><D97/><N who="1" m="57511" /><E134/><V65/><F37/><W72/><G72/><T118/><D104/><U20/><E6/><V64/><F41/><W122/><G122/><N who="1" m="46602" /><E0/><V35/><F51/><N who="3" m="19467" /><G40/><T54/><D54/><N who="3" m="13825" /><W80/><DORA hai="11" /><G80/><T12/><D105/><U130/><E130/><N who="2" m="49675" /><F56/><W86/><G86/><T113/><D118/><U38/><E38/><V84/><F85/><W133/><G133/><T102/><D128/><U74/><E74/><V59/><F59/><W28/><G28/><T33/><D102/><U98/><E98/><V135/><F135/><W42/><G42/><T132/><D132/><U69/><E69/><V78/><F78/><W34/><G34/><T47/><D2/><U4/><E4/><V87/><F87/><W19/><G19/><T26/><D33/><U5/><E5/><V76/><F76/><W63/><G63/><T46/><D17/><U44/><E44/><V24/><F124/><W32/><G32/><N who="0" m="20591" /><D47/><U100/><E58/><V48/><F126/><W81/><G81/><T83/><D83/><U99/><E57/><V45/><F45/><W101/><G101/><T71/><D46/><U92/><E100/><V62/><F62/><RYUUKYOKU ba="1,0" sc="479,-15,250,15,230,-15,41,15" hai1="20,22,23,92,99,114,115" hai3="66,67,89,91,95,96,103" /><INIT seed="5,2,0,5,3,85" ten="464,265,215,56" oya="1" hai0="132,29,58,6,69,18,37,102,89,84,65,38,71" hai1="108,130,43,9,119,122,79,5,15,77,75,97,105" hai2="39,60,124,66,76,25,111,3,100,104,34,74,131" hai3="59,21,14,63,86,4,90,40,109,72,101,61,45"/><U55/><E119/><V19/><F19/><W53/><G109/><T67/><D29/><U17/><E122/><V8/><F8/><W83/><G72/><T125/><D6/><U7/><E108/><V73/><F3/><W23/><G101/><T27/><D102/><U50/><E43/><V47/><F76/><W42/><G63/><T126/><D132/><U68/><E68/><N who="2" m="42055" /><F131/><W22/><REACH who="3" step="1"/><G45/><REACH who="3" ten="464,265,215,46" step="2"/><T134/><D134/><U116/><E130/><V20/><F47/><W114/><G114/><T78/><D125/><U87/><E75/><V32/><F100/><W91/><G91/><T99/><D89/><U123/><E77/><V41/><F74/><W133/><G133/><T121/><D78/><U57/><E79/><V107/><F73/><W127/><G127/><T128/><D126/><U117/><E123/><V118/><F124/><W115/><G115/><T48/><D128/><U110/><E117/><V51/><F118/><W24/><G24/><T80/><D27/><U0/><E116/><V30/><F25/><W36/><G36/><T82/><D38/><U16/><E110/><V56/><F39/><W35/><G35/><T135/><D37/><U62/><E62/><V88/><F32/><W92/><G92/><T11/><D135/><U10/><E105/><V96/><F104/><W103/><G103/><T106/><D106/><U54/><E0/><V94/><F34/><W33/><G33/><T112/><D121/><U113/><E113/><V1/><F111/><W93/><G93/><T31/><D112/><U64/><E15/><V98/><F1/><W129/><G129/><RYUUKYOKU ba="2,1" sc="464,-10,265,-10,215,-10,46,30" hai3="4,14,21,22,23,40,42,53,59,61,83,86,90" /><INIT seed="6,3,1,4,4,117" ten="454,255,205,76" oya="2" hai0="6,90,91,63,69,57,66,23,31,121,29,103,60" hai1="83,52,99,68,44,118,87,76,2,123,133,71,130" hai2="5,65,34,3,127,10,72,100,61,18,82,88,108" hai3="96,93,129,89,78,54,56,27,97,92,112,12,36"/><V135/><F34/><W95/><G36/><T81/><D121/><U111/><E123/><V114/><F114/><W102/><G129/><T46/><D6/><U38/><E111/><V74/><F18/><W25/><G112/><T4/><D4/><U51/><E130/><V106/><F127/><W33/><G33/><T125/><D103/><U134/><E118/><V0/><F0/><W110/><G110/><T77/><D46/><U32/><E32/><V41/><F41/><W126/><G126/><T84/><D125/><U116/><E116/><V119/><F135/><N who="1" m="51721" /><E2/><V20/><F20/><W19/><G78/><T47/><D47/><U70/><E99/><V45/><F45/><W94/><G94/><T59/><D69/><U21/><E21/><V80/><F80/><W22/><REACH who="3" step="1"/><G93/><REACH who="3" ten="454,255,205,66" step="2"/><T79/><D79/><U1/><E38/><V53/><F108/><W8/><G8/><T104/><D104/><U9/><E1/><V128/><F119/><W15/><G15/><T17/><D77/><U85/><E9/><V42/><F128/><W7/><G7/><T58/><D90/><U122/><E122/><V35/><F35/><W14/><G14/><T109/><D109/><U11/><E11/><V113/><F88/><W48/><AGARI ba="3,2" hai="12,19,22,25,27,48,54,56,89,92,95,96,97,102" machi="48" ten="20,8000,1" yaku="1,1,0,1,7,1,8,1,53,1" doraHai="117" doraHaiUra="16" who="3" fromWho="3" sc="454,-23,255,-23,205,-43,66,109" /><INIT seed="7,0,0,4,5,61" ten="431,232,162,175" oya="3" hai0="56,126,66,109,37,128,70,24,118,93,67,91,68" hai1="41,116,75,30,55,113,98,101,29,94,95,13,26" hai2="122,0,52,120,133,12,97,110,65,121,129,25,132" hai3="90,23,85,28,22,54,49,36,60,4,71,43,82"/><W42/><G4/><T62/><D24/><U69/><E75/><V3/><F110/><W38/><G38/><T1/><D109/><U6/><E113/><V80/><F129/><W57/><G28/><T33/><D33/><U44/><E69/><V108/><F108/><W115/><G115/><T119/><D1/><N who="2" m="586" /><F65/><N who="3" m="41383" /><G43/><T63/><D126/><U125/><E125/><V106/><F25/><W105/><G105/><T46/><D128/><U59/><E94/><V134/><F80/><W111/><G111/><T64/><D91/><U135/><E135/><N who="2" m="34563" /><V100/><DORA hai="107" /><F12/><W88/><G90/><T112/><D93/><U123/><E26/><V78/><F78/><W86/><G86/><T31/><D112/><U10/><E116/><V87/><F87/><W34/><G34/><T2/><D56/><U73/><E73/><V35/><F35/><W114/><G114/><T83/><D62/><U58/><E58/><V8/><F8/><W14/><G14/><T124/><D37/><U131/><E131/><V16/><F16/><W39/><G39/><T117/><D31/><U15/><E13/><V130/><F130/><W18/><G18/><T79/><D124/><U72/><E72/><V89/><F89/><W40/><G36/><T7/><D70/><U96/><E29/><V102/><F102/><W74/><G74/><N who="0" m="43511" /><D46/><U32/><E44/><V48/><F121/><W17/><G17/><T127/><D127/><U21/><E30/><V47/><AGARI ba="0,0" hai="47,48,52,97,100,106,120,122" m="34563,586" machi="47" ten="50,3200,0" yaku="20,1,54,1" doraHai="61,107" who="2" fromWho="2" sc="431,-8,232,-8,162,32,175,-16" owari="423,53.0,224,2.0,194,-21.0,159,-34.0" /></mjloggm>