<mjloggm ver="2.3"><GO type="169" lobby="0"/><UN n0="%E3%81%A4%E3%81%91%E3%82%82%E3%81%AE" n1="%67%6F%75%73%69" n2="%77%69%6C%73%6F%6E" n3="%E7%88%86%E7%89%8C%E3%82%A6%E3%82%B7%E3%82%B8%E3%83%9E%E3%81%8F%E3%82%93" dan="17,20,16,16" rate="2162.43,2252.76,2149.21,2099.29" sx="M,M,M,M"/><TAIKYOKU oya="0"/><INIT seed="0,0,0,2,4,116" ten="250,250,250,250" oya="0" hai0="117,30,123,106,10,1,110,70,63,51,16,82,78" hai1="20,61,98,9,38,67,135,40,50,11,102,64,8" hai2="62,120,127,54,126,71,29,128,109,112,44,41,24" hai3="94,92,104,36,75,48,33,93,22,81,21,88,118"/><T83/><D117/><U131/><E131/><V47/><F112/><W15/><G36/><T3/><D106/><U122/><E135/><V42/><F128/><W37/><G37/><T13/><D30/><U2/><E38/><N who="2" m="21559" /><F24/><W72/><G33/><T107/><D107/><U129/><E129/><V108/><F29/><W85/><G104/><T96/><D96/><U6/><E67/><N who="2" m="41463" /><F54/><W14/><G118/><T101/><D101/><U27/><E50/><N who="2" m="26999" /><F120/><W46/><G75/><T39/><D123/><U130/><E122/><V132/><F132/><W77/><G72/><T18/><D3/><U91/><E91/><V23/><F23/><N who="3" m="8715" /><G77/><T7/><D39/><U31/><E40/><AGARI ba="0,0" hai="14,15,40,46,48,81,85,88,92,93,94" m="8715" machi="40" ten="30,2000,0" yaku="8,1,54,1" doraHai="116" who="3" fromWho="1" sc="250,0,250,-20,250,0,250,20" /><INIT seed="1,0,0,3,3,38" ten="250,230,250,270" oya="1" hai0="5,30,87,96,95,118,25,64,9,100,75,69,71" hai1="45,101,61,54,132,134,51,26,105,24,82,62,79" hai2="129,28,92,104,32,133,19,102,18,117,56,72,122" hai3="107,49,42,52,76,84,20,74,48,85,67,119,39"/><U65/><E101/><V66/><F122/><W126/><G107/><T103/><D75/><U93/><E105/><V34/><F117/><W70/><G119/><T58/><D118/><U21/><E93/><V90/><F133/><N who="1" m="51305" /><E21/><V116/><F116/><W2/><G2/><T17/><D17/><U135/><N who="1" m="51313" /><U16/><DORA hai="0" /><E16/><N who="2" m="6187" /><F34/><W41/><G126/><T94/><D87/><N who="1" m="48607" /><E62/><N who="2" m="38215" /><F32/><W1/><G20/><N who="0" m="15655" /><D95/><U46/><E45/><V10/><F72/><W128/><G74/><T77/><D103/><U35/><E35/><V22/><F104/><W124/><G124/><T11/><D11/><U98/><E98/><N who="2" m="59719" /><F129/><W123/><G128/><T53/><D77/><U50/><E50/><V4/><F90/><W127/><G127/><T31/><D100/><U106/><E106/><V130/><F130/><W108/><G76/><T27/><D94/><U60/><E60/><V81/><F81/><W80/><G80/><T89/><D89/><U73/><E73/><V109/><F22/><W23/><G23/><T63/><D96/><U97/><E97/><V120/><F120/><W29/><G123/><T111/><D9/><U37/><E37/><V112/><F28/><W125/><G29/><T8/><D8/><U7/><E7/><V57/><F57/><AGARI ba="0,0" hai="24,26,46,51,54,57,61,65" m="48607,51313" machi="57" ten="40,2000,0" yaku="20,1" doraHai="38,0" who="1" fromWho="2" sc="250,0,230,20,250,-20,270,0" /><INIT seed="1,1,0,3,3,98" ten="250,250,230,270" oya="1" hai0="99,9,129,5,39,12,69,25,88,78,19,71,59" hai1="133,37,95,130,18,126,21,8,44,108,46,23,87" hai2="102,42,92,15,6,3,48,79,109,55,10,14,94" hai3="26,50,75,60,110,96,70,90,118,74,123,24,76"/><U28/><E126/><V131/><F109/><W56/><G110/><T65/><D39/><U80/><E108/><V101/><F131/><W30/><G123/><T97/><D78/><U11/><E130/><V35/><F35/><W49/><G118/><T100/><D129/><U107/><E107/><V17/><F42/><W105/><G24/><T86/><D99/><U113/><E113/><V66/><F66/><N who="3" m="41287" /><G90/><T38/><D38/><U89/><E133/><V68/><F68/><W116/><G116/><T2/><D25/><U104/><E104/><V53/><F79/><W120/><G56/><T73/><D73/><N who="3" m="27657" /><G76/><T47/><D47/><U132/><E132/><V54/><F48/><W83/><G83/><T51/><D51/><U52/><E28/><V81/><F81/><W93/><G93/><N who="2" m="35945" /><F3/><W85/><G85/><T106/><D59/><U45/><E37/><V1/><F1/><W61/><G61/><T32/><D65/><U112/><E112/><V135/><F135/><W77/><G77/><T36/><D36/><U115/><E115/><V67/><F67/><W22/><G120/><T122/><D122/><U91/><E52/><N who="2" m="13315" /><V128/><DORA hai="16" /><F128/><W124/><G124/><T117/><D117/><U41/><E41/><V57/><F57/><W4/><G50/><T40/><D40/><U84/><REACH who="1" step="1"/><E18/><REACH who="1" ten="250,240,230,270" step="2"/><V114/><F114/><W111/><G111/><T13/><D19/><U43/><E43/><V82/><F82/><W103/><G49/><T127/><D127/><U7/><E7/><V0/><F17/><W125/><G125/><T64/><D5/><U134/><E134/><RYUUKYOKU ba="1,1" sc="250,-30,240,10,230,10,270,10" hai1="8,11,21,23,44,45,46,80,84,87,89,91,95" hai2="0,6,10,14,15,101,102" hai3="4,22,26,30,96,103,105" /><INIT seed="1,2,1,3,2,64" ten="220,250,240,280" oya="1" hai0="96,114,99,25,45,57,51,83,75,29,52,130,95" hai1="92,31,8,84,133,119,12,17,40,19,112,61,91" hai2="62,108,105,2,131,4,60,129,93,13,70,87,103" hai3="126,32,118,76,63,53,7,135,0,81,1,94,85"/><U38/><E119/><V124/><F105/><W134/><G32/><T100/><D114/><U42/><E112/><V113/><F113/><W110/><G118/><T78/><D130/><N who="2" m="49674" /><F2/><W54/><G126/><T21/><REACH who="0" step="1"/><D99/><REACH who="0" ten="210,250,240,280" step="2"/><U33/><E133/><V69/><F124/><W128/><G134/><T97/><D97/><U72/><E38/><V58/><F108/><W88/><G135/><T10/><D10/><U18/><E72/><V37/><F103/><W36/><G110/><T22/><D22/><U102/><E102/><V6/><F37/><W55/><G36/><T98/><D98/><U27/><REACH who="1" step="1"/><E61/><REACH who="1" ten="210,240,240,280" step="2"/><V89/><F62/><W90/><G63/><T15/><D15/><U121/><E121/><V43/><F13/><W39/><G128/><T122/><D122/><U24/><E24/><V11/><F60/><W74/><G39/><T50/><D50/><U30/><E30/><V106/><F106/><W125/><G125/><T28/><D28/><U79/><E79/><V9/><F89/><W66/><G90/><T3/><D3/><U47/><E47/><AGARI ba="2,3" hai="21,25,29,45,47,51,52,57,75,78,83,95,96,100" machi="47" ten="40,2600,0" yaku="1,1,54,1,53,0" doraHai="64" doraHaiUra="132" who="0" fromWho="1" sc="210,62,240,-32,240,0,280,0" /><INIT seed="2,0,0,2,2,8" ten="272,208,240,280" oya="2" hai0="63,128,99,20,93,112,69,97,50,27,92,82,85" hai1="106,33,57,28,0,29,74,129,26,75,127,19,91" hai2="12,43,53,37,11,72,102,96,3,24,52,135,6" hai3="17,87,125,54,46,103,109,120,68,90,41,81,2"/><V15/><F135/><W21/><G120/><T67/><D112/><U56/><E106/><V48/><F72/><W42/><G68/><T83/><D128/><U110/><E0/><V86/><F37/><W40/><G2/><T62/><D50/><U131/><E110/><V5/><F3/><W132/><G109/><T59/><D69/><U78/><E127/><V51/><F43/><W94/><G125/><T116/><D116/><U71/><E71/><V10/><F86/><W25/><G132/><T44/><D44/><U7/><E7/><V49/><REACH who="2" step="1"/><F24/><REACH who="2" ten="272,208,230,280" step="2"/><W115/><G115/><T121/><D85/><U108/><E108/><V55/><F55/><W31/><G54/><T79/><D27/><U58/><E75/><V22/><F22/><W13/><G103/><T107/><D20/><U104/><E74/><V80/><F80/><W84/><G84/><T111/><D111/><U9/><E26/><V133/><F133/><W36/><REACH who="3" step="1"/><G81/><REACH who="3" ten="272,208,230,270" step="2"/><T60/><D83/><U124/><E124/><V61/><F61/><W14/><G14/><T38/><D62/><U4/><E129/><V100/><F100/><W122/><G122/><T45/><D63/><U98/><E131/><V114/><F114/><W105/><G105/><AGARI ba="0,2" hai="5,6,10,11,12,15,48,49,51,52,53,96,102,105" machi="105" ten="40,12000,1" yaku="1,1,9,1,52,2,54,1,53,0" doraHai="8" doraHaiUra="18" who="2" fromWho="3" sc="272,0,208,0,230,140,270,-120" /><INIT seed="2,1,0,5,4,14" ten="272,208,370,150" oya="2" hai0="78,87,111,82,74,41,51,72,48,125,16,29,100" hai1="114,122,38,89,69,5,131,129,46,21,40,20,17" hai2="22,120,8,10,88,102,124,7,25,27,95,110,19" hai3="47,121,26,15,103,39,37,117,65,67,115,83,60"/><V99/><F120/><W9/><G121/><T135/><D29/><U92/><E122/><V12/><F124/><W52/><G117/><T104/><D125/><U49/><E114/><V96/><F110/><W85/><G115/><T106/><D111/><U127/><E127/><V45/><F45/><W80/><G103/><T43/><D135/><U32/><E32/><V1/><REACH who="2" step="1"/><F10/><REACH who="2" ten="272,208,360,150" step="2"/><W58/><G47/><T13/><D43/><U112/><E112/><V2/><F2/><W68/><G39/><T64/><D41/><U61/><E38/><V24/><F24/><W66/><G37/><T86/><D13/><U28/><E40/><V126/><F126/><W6/><G26/><T34/><D34/><U33/><E33/><V93/><AGARI ba="1,1" hai="1,7,8,12,19,22,25,27,88,93,95,96,99,102" machi="93" ten="20,12000,1" yaku="1,1,0,1,7,1,52,1,54,1,53,0" doraHai="14" doraHaiUra="116" who="2" fromWho="2" sc="272,-41,208,-41,360,133,150,-41" /><INIT seed="2,2,0,4,3,127" ten="231,167,493,109" oya="2" hai0="6,23,131,39,64,30,34,103,66,102,26,83,75" hai1="54,46,70,35,94,80,82,135,78,85,40,16,111" hai2="32,59,104,50,84,126,134,67,92,20,101,45,47" hai3="69,29,133,9,10,42,41,5,28,22,129,73,11"/><V120/><F32/><W108/><G73/><T68/><D39/><U97/><E111/><V7/><F120/><W8/><G69/><T132/><D132/><U52/><E35/><V60/><F126/><W128/><G108/><T53/><D6/><U125/><E125/><V37/><F134/><W19/><G133/><T63/><D66/><U4/><E135/><V43/><F7/><W13/><G41/><T123/><D123/><U25/><E70/><V114/><F114/><W116/><G42/><T91/><D53/><U87/><E4/><V109/><F109/><W17/><G116/><T81/><D23/><N who="1" m="13543" /><E46/><V21/><F104/><W106/><G19/><T1/><D1/><U12/><E12/><V57/><F57/><W130/><REACH who="3" step="1"/><G106/><REACH who="3" ten="231,167,493,99" step="2"/><T71/><D71/><U119/><E40/><V113/><F37/><W3/><AGARI ba="2,1" hai="3,5,8,9,10,11,13,17,22,28,29,128,129,130" machi="3" ten="40,16000,3" yaku="1,1,2,1,0,1,19,1,34,3,52,3,53,0" doraHai="127" doraHaiUra="118" who="3" fromWho="3" sc="231,-42,167,-42,493,-82,99,176" /><INIT seed="3,0,0,3,0,18" ten="189,125,411,275" oya="3" hai0="49,27,30,47,72,63,111,43,22,39,121,67,23" hai1="54,123,103,129,132,109,55,118,130,119,29,75,58" hai2="99,101,82,85,16,127,31,24,34,40,59,77,84" hai3="94,93,17,86,9,68,76,71,25,70,120,57,83"/><W6/><G120/><T73/><D111/><U1/><E1/><V48/><F127/><W135/><G135/><T61/><D121/><U35/><E123/><V134/><F134/><W8/><G57/><T7/><D7/><U128/><E132/><V51/><F84/><W52/><G52/><N who="1" m="20010" /><E75/><V96/><F59/><W125/><G125/><T44/><D44/><U107/><E58/><V114/><F114/><W60/><G60/><T13/><D39/><U102/><E109/><V5/><F5/><W95/><REACH who="3" step="1"/><G6/><REACH who="3" ten="189,125,411,265" step="2"/><T108/><D108/><U21/><E118/><V104/><F40/><W97/><G97/><T56/><D63/><U131/><E119/><V32/><F96/><W11/><G11/><T38/><D38/><U105/><E128/><V26/><REACH who="2" step="1"/><F34/><REACH who="2" ten="189,125,401,265" step="2"/><W14/><G14/><T42/><D42/><U116/><E35/><V69/><F69/><W81/><G81/><T45/><D45/><U20/><E116/><V19/><F19/><W126/><G126/><T65/><D65/><U10/><E29/><V91/><F91/><W2/><G2/><T4/><D4/><U66/><E66/><V46/><F46/><W36/><G36/><T3/><D3/><U88/><E88/><V53/><F53/><W37/><G37/><T79/><D79/><U112/><E129/><V80/><F80/><W89/><G89/><T78/><D78/><U74/><E130/><V124/><F124/><W110/><G110/><T133/><D133/><U98/><E131/><V41/><F41/><W62/><G62/><T15/><D15/><U100/><E98/><V64/><F64/><RYUUKYOKU ba="0,2" sc="189,10,125,-30,401,10,265,10" hai0="13,22,23,27,30,43,47,49,56,61,67,72,73" hai2="16,24,26,31,32,48,51,77,82,85,99,101,104" hai3="8,9,17,25,68,70,71,76,83,86,93,94,95" /><INIT seed="3,1,2,3,1,126" ten="199,95,411,275" oya="3" hai0="52,39,4,122,110,12,5,71,129,86,101,93,78" hai1="99,65,109,107,90,105,40,6,100,47,48,66,53" hai2="15,18,96,21,44,69,8,43,127,25,92,22,82" hai3="31,38,80,123,81,104,117,120,10,135,42,46,133"/><W56/><G104/><T14/><D71/><U113/><E109/><V0/><F127/><W61/><G31/><T75/><D110/><U111/><E111/><V97/><F69/><W35/><G35/><T125/><D39/><U130/><E113/><V89/><F0/><W23/><G23/><T106/><D122/><N who="3" m="46633" /><G10/><T77/><D106/><U13/><E105/><V17/><F82/><W24/><G24/><T76/><D75/><U58/><E90/><V131/><F131/><W67/><G117/><T91/><D129/><U1/><E1/><V50/><REACH who="2" step="1"/><F21/><REACH who="2" ten="199,95,401,275" step="2"/><W73/><G73/><T118/><D125/><U94/><E130/><V115/><F115/><W68/><G81/><T59/><D118/><U88/><E6/><N who="0" m="2665" /><D101/><U116/><E116/><V132/><F132/><N who="3" m="50763" /><G80/><T102/><D102/><U33/><E33/><V64/><F64/><W28/><G28/><T26/><D26/><U51/><REACH who="1" step="1"/><E13/><REACH who="1" ten="199,85,401,275" step="2"/><V2/><F2/><W103/><G103/><T55/><D12/><U112/><E112/><V128/><F128/><W72/><G72/><T60/><D14/><U34/><E34/><V74/><F74/><W20/><G20/><T45/><D77/><U79/><E79/><V36/><F36/><W63/><G38/><T11/><D11/><U119/><E119/><V124/><F124/><W49/><G68/><T87/><D78/><U3/><E3/><V83/><F83/><W84/><G67/><T37/><D76/><U85/><AGARI ba="1,4" hai="40,47,48,51,53,58,65,66,85,88,94,99,100,107" machi="85" ten="20,8000,1" yaku="1,1,0,1,7,1,54,1,53,1" doraHai="126" doraHaiUra="98" who="1" fromWho="1" sc="199,-21,85,123,401,-21,275,-41" /><INIT seed="4,0,0,3,4,55" ten="178,208,380,234" oya="0" hai0="68,62,81,71,102,21,128,51,88,77,95,24,89" hai1="34,96,12,99,103,26,76,40,49,112,133,60,45" hai2="59,48,98,52,119,46,80,5,64,129,18,115,9" hai3="1,31,43,32,27,100,37,78,120,44,117,130,66"/><T6/><D128/><U93/><E133/><V85/><F115/><W113/><G113/><T47/><D6/><U94/><E112/><V36/><F129/><W116/><G130/><T2/><D2/><U23/><E34/><V65/><F119/><W22/><G120/><T16/><D102/><U124/><E124/><V108/><F108/><W82/><G22/><T110/><D110/><U61/><E12/><N who="2" m="5167" /><F36/><W114/><G114/><T73/><D62/><U54/><E76/><N who="2" m="46215" /><F98/><W4/><G66/><N who="2" m="25705" /><F18/><W90/><G90/><T42/><REACH who="0" step="1"/><D89/><REACH who="0" ten="168,208,380,234" step="2"/><N who="1" m="55343" /><E40/><V105/><F105/><W107/><G100/><T97/><AGARI ba="0,1" hai="16,21,24,42,47,51,68,71,73,77,81,88,95,97" machi="97" ten="20,12000,1" yaku="1,1,0,1,7,1,54,2,53,0" doraHai="55" doraHaiUra="126" who="0" fromWho="0" sc="168,130,208,-40,380,-40,234,-40" /><INIT seed="4,1,0,0,4,2" ten="298,168,340,194" oya="0" hai0="95,22,101,58,105,42,36,76,115,13,104,26,108" hai1="124,73,25,8,79,109,18,121,97,39,70,80,29" hai2="5,88,84,57,85,134,38,21,116,123,9,56,28" hai3="19,113,27,59,106,111,64,41,53,23,35,15,10"/><T92/><D115/><U0/><E121/><V63/><F123/><W81/><G111/><T30/><D108/><U133/><E109/><V45/><F134/><W66/><G106/><T46/><D76/><U47/><E18/><V61/><F116/><W51/><G113/><T60/><D13/><U122/><E97/><V130/><F130/><W49/><G35/><T65/><REACH who="0" step="1"/><D92/><REACH who="0" ten="288,168,340,194" step="2"/><U69/><E122/><V52/><F38/><W129/><G129/><T32/><D32/><N who="1" m="20527" /><E133/><V96/><F63/><W125/><G125/><T127/><D127/><U117/><E124/><V7/><F61/><W6/><G81/><T94/><D94/><U44/><E117/><V114/><F114/><W37/><G37/><T83/><D83/><U87/><E80/><V67/><F67/><W99/><G99/><AGARI ba="1,1" hai="22,26,30,36,42,46,58,60,65,95,99,101,104,105" machi="99" ten="40,12000,1" yaku="1,1,25,2,53,1" doraHai="2" doraHaiUra="40" who="0" fromWho="3" sc="288,133,168,0,340,0,194,-123" /><INIT seed="4,2,0,0,5,15" ten="421,168,340,71" oya="0" hai0="69,50,91,27,39,76,105,35,100,23,17,43,78" hai1="34,99,134,135,31,98,67,51,107,112,66,16,74" hai2="61,55,87,86,122,116,127,14,7,104,42,110,79" hai3="11,126,29,45,125,13,33,20,60,85,71,28,22"/><T129/><D129/><U47/><E74/><V115/><F122/><W95/><G45/><T25/><D39/><U90/><E31/><N who="3" m="11850" /><G60/><T128/><D128/><U73/><E73/><V130/><F130/><W68/><G85/><T80/><D69/><N who="3" m="26697" /><G95/><T56/><D35/><U40/><E34/><V6/><F104/><W123/><G33/><T70/><D70/><U108/><E108/><V12/><F110/><W84/><G84/><T41/><D100/><U77/><E107/><V113/><F61/><W1/><G1/><T106/><D106/><U131/><E131/><V82/><F42/><N who="0" m="15882" /><D27/><U93/><E99/><V118/><F55/><W121/><G11/><T96/><D105/><U119/><E67/><V117/><F127/><N who="3" m="48651" /><G13/><N who="2" m="5225" /><F86/><W64/><G64/><T62/><D62/><U94/><E66/><V5/><AGARI ba="2,0" hai="5,6,7,79,82,87,113,115,116,117,118" m="5225" machi="5" ten="40,1500,0" yaku="12,1" doraHai="15" who="2" fromWho="2" sc="421,-9,168,-6,340,21,71,-6" /><INIT seed="5,0,0,0,0,94" ten="412,162,361,65" oya="1" hai0="117,38,61,84,102,6,24,1,120,111,60,126,59" hai1="133,124,66,83,67,71,18,16,39,32,57,45,82" hai2="87,134,0,68,44,72,91,14,13,55,65,119,122" hai3="104,114,96,92,5,37,85,69,48,76,22,12,107"/><U86/><E71/><V110/><F122/><W116/><G37/><T118/><D111/><U15/><E32/><V49/><F119/><W77/><G116/><T52/><D38/><U51/><E124/><V17/><F0/><W53/><G69/><T31/><D126/><U112/><E112/><V36/><F110/><W29/><G114/><T33/><D120/><U80/><E133/><V130/><F134/><W8/><G104/><T88/><D102/><U78/><E39/><V26/><F72/><W41/><G107/><T109/><D109/><U30/><E30/><V95/><F36/><W106/><G106/><T7/><D7/><U121/><E18/><V35/><F130/><W34/><G41/><T79/><D79/><U108/><E121/><V47/><F68/><W74/><G85/><T115/><D115/><U43/><E108/><V9/><F65/><N who="1" m="24585" /><E57/><V19/><F35/><W46/><G74/><T97/><D61/><U64/><N who="1" m="24593" /><U132/><DORA hai="63" /><E132/><V28/><F28/><W93/><G93/><T128/><D31/><U50/><E51/><V103/><F103/><N who="3" m="60807" /><G34/><T10/><D33/><U62/><E62/><V25/><F47/><W89/><G89/><T58/><D60/><U98/><E98/><V101/><F101/><W70/><G70/><T73/><D97/><U56/><E56/><V21/><AGARI ba="0,0" hai="9,13,14,17,19,21,25,26,44,49,55,87,91,95" machi="21" ten="20,2700,0" yaku="0,1,7,1,8,1" doraHai="94,63" who="2" fromWho="2" sc="412,-7,162,-13,361,27,65,-7" /><INIT seed="6,0,0,5,0,84" ten="405,149,388,58" oya="2" hai0="89,32,104,93,74,76,96,65,4,118,24,98,105" hai1="108,59,64,19,27,37,14,117,56,46,128,99,66" hai2="123,60,111,135,131,115,106,95,122,53,43,26,86" hai3="97,101,79,77,126,134,5,39,82,20,109,8,42"/><V35/><F106/><W116/><G109/><T36/><D36/><U50/><E117/><V94/><F111/><W40/><G116/><T1/><D65/><U58/><E37/><V112/><F43/><W130/><G126/><T107/><D1/><U55/><E108/><V17/><F135/><W41/><G134/><T83/><D4/><U9/><E128/><V103/><F131/><W49/><G130/><T30/><REACH who="0" step="1"/><D118/><REACH who="0" ten="395,149,388,58" step="2"/><U48/><E66/><V51/><F123/><W73/><G39/><T119/><D119/><U0/><E0/><V44/><F122/><W15/><G77/><T47/><D47/><U2/><E2/><V18/><F115/><W70/><G70/><T72/><D72/><U100/><E64/><V75/><F75/><W68/><G68/><T92/><D92/><U21/><E46/><V6/><F112/><W34/><G5/><T120/><D120/><U125/><E125/><V114/><F6/><W54/><G73/><T129/><D129/><U85/><E58/><N who="2" m="34895" /><F114/><W81/><G81/><T78/><D78/><U110/><E59/><V88/><F35/><W71/><G82/><T113/><D113/><U23/><E56/><V45/><F45/><W38/><G79/><T22/><D22/><U102/><E21/><V3/><F3/><W63/><G20/><T133/><D133/><U67/><E23/><V11/><F11/><W61/><G34/><T28/><D28/><U57/><E9/><V127/><F127/><W25/><G8/><T52/><D52/><U121/><E121/><V7/><F7/><W124/><G38/><T87/><AGARI ba="0,1" hai="24,30,32,74,76,83,87,89,93,96,98,104,105,107" machi="87" ten="30,7900,0" yaku="1,1,5,1,0,1,52,1,53,0" doraHai="84" doraHaiUra="16" who="0" fromWho="0" sc="395,89,149,-20,388,-39,58,-20" /><INIT seed="7,0,0,4,0,90" ten="484,129,349,38" oya="3" hai0="5,40,73,104,0,8,92,59,123,85,69,113,131" hai1="78,1,91,128,23,124,36,96,49,15,21,70,74" hai2="105,126,47,63,127,51,67,81,27,41,98,39,101" hai3="60,19,109,13,33,7,117,68,135,122,30,20,84"/><W114/><G117/><T106/><D73/><U108/><E36/><V29/><F51/><W125/><G122/><T86/><D69/><U57/><E1/><V10/><F10/><W87/><G114/><T130/><D123/><U35/><E70/><V95/><F81/><W44/><G125/><T42/><D113/><U58/><E35/><V16/><F16/><W83/><G135/><T102/><D59/><U37/><E37/><V132/><F132/><W89/><G109/><T112/><D112/><U97/><E128/><N who="0" m="49193" /><D92/><U64/><E78/><V62/><F62/><W48/><G7/><T43/><D102/><U76/><E21/><V80/><F80/><W3/><G3/><T24/><D24/><U120/><E91/><V94/><F126/><W82/><G68/><T52/><D52/><U65/><E49/><V66/><F127/><W134/><G134/><T116/><D116/><U34/><E34/><V9/><F9/><W45/><G60/><T4/><D4/><U12/><E12/><V72/><F72/><W14/><G14/><T28/><D28/><U18/><E108/><V111/><F111/><W93/><G48/><T31/><D31/><U118/><E96/><V50/><F50/><W77/><REACH who="3" step="1"/><G83/><REACH who="3" ten="484,129,349,28" step="2"/><T38/><D38/><U17/><E15/><V103/><F63/><W79/><G79/><T129/><D129/><U110/><E110/><V54/><F39/><W32/><G32/><T107/><AGARI ba="0,1" hai="0,5,8,40,42,43,85,86,104,106,107" m="49193" machi="107" ten="40,1500,0" yaku="19,1" doraHai="90" who="0" fromWho="0" sc="484,25,129,-4,349,-4,28,-7" owari="509,60.0,125,-27.0,345,15.0,21,-48.0" /></mjloggm>