<mjloggm ver="2.3"><GO type="169" lobby="0"/><UN n0="%E3%81%8D%E3%81%BE%E3%81%99" n1="%E9%8A%80%E8%89%B2%E3%81%84%E3%81%8C%E3%81%90%E3%82%8A" n2="%E5%B0%8F%E6%B1%A0%E7%BE%8E%E6%B3%A2%E2%8A%BF" n3="%41%4D%41%4C%49%41" dan="17,18,16,16" rate="2220.89,2294.15,2133.61,2103.52" sx="M,M,F,M"/><TAIKYOKU oya="0"/><INIT seed="0,0,0,3,1,108" ten="250,250,250,250" oya="0" hai0="31,64,129,130,46,38,131,90,47,101,42,83,95" hai1="102,110,107,59,32,134,3,65,6,103,70,135,1" hai2="111,52,26,75,35,43,22,16,58,82,99,49,0" hai3="33,66,48,77,57,117,98,97,79,105,113,17,55"/><T121/><D121/><U124/><E6/><V14/><F111/><W2/><G117/><T91/><D64/><U67/><E110/><V81/><F0/><N who="1" m="73" /><E59/><V84/><F75/><W7/><G33/><T54/><D31/><U11/><E11/><V109/><F109/><W8/><G66/><N who="1" m="25098" /><E32/><V133/><F133/><N who="1" m="50697" /><E107/><V36/><F35/><W13/><G105/><T23/><D23/><U61/><E61/><V12/><F82/><W122/><G122/><T10/><D10/><U39/><E70/><V27/><F12/><W89/><G98/><N who="0" m="59615" /><D83/><U34/><E34/><V114/><F99/><W15/><G2/><T94/><D94/><U87/><E39/><V126/><F126/><W18/><G7/><T56/><D46/><U128/><E124/><V92/><F92/><W24/><G97/><T85/><D85/><U4/><E4/><V72/><F72/><W68/><G68/><T73/><D73/><U41/><E41/><V74/><F74/><W69/><G69/><T25/><D25/><U30/><E30/><V132/><F132/><W112/><G24/><N who="2" m="9257" /><F43/><W86/><G79/><T21/><D21/><U71/><E71/><V125/><F36/><W88/><G77/><T60/><AGARI ba="0,0" hai="38,42,47,54,56,60,90,91,129,130,131" m="59615" machi="60" ten="30,1500,0" yaku="19,1" doraHai="108" who="0" fromWho="0" sc="250,15,250,-5,250,-5,250,-5" /><INIT seed="0,1,0,2,0,47" ten="265,245,245,245" oya="0" hai0="102,52,22,116,4,133,75,76,46,19,56,29,95" hai1="107,21,44,62,10,112,96,1,50,128,72,97,111" hai2="79,30,49,120,68,42,58,57,129,23,131,113,109" hai3="78,125,92,135,84,8,51,15,53,119,9,61,121"/><T37/><D116/><U40/><E72/><V80/><F120/><W115/><G115/><T20/><D133/><U39/><E112/><V60/><F113/><W38/><G119/><T127/><D127/><U67/><E111/><V45/><F30/><W81/><G38/><T14/><D76/><U73/><E128/><N who="2" m="49227" /><F23/><W13/><G135/><T28/><D4/><U71/><E73/><V85/><F109/><W24/><G61/><N who="0" m="35975" /><D46/><U130/><E130/><V48/><F68/><W86/><G125/><T16/><D75/><U74/><E107/><V88/><F79/><W89/><G24/><N who="0" m="14343" /><D37/><U27/><E74/><V43/><F60/><W110/><G110/><T63/><D63/><U82/><E39/><V94/><F80/><W3/><G3/><T100/><D100/><U65/><E82/><V114/><F114/><W64/><G121/><T59/><D59/><N who="2" m="22538" /><F42/><W123/><G123/><T126/><D126/><U118/><E118/><V108/><F108/><W99/><G64/><T101/><D101/><U54/><E40/><V26/><F26/><W124/><G124/><T55/><D55/><U77/><E65/><V5/><F5/><N who="3" m="3215" /><G78/><T104/><D104/><U106/><E77/><V93/><F93/><W12/><G81/><T36/><D36/><AGARI ba="1,0" hai="36,43,45,48,49,85,88,94" m="22538,49227" machi="36" ten="30,7700,0" yaku="19,1,52,2,54,1" doraHai="47" who="2" fromWho="0" sc="265,-80,245,0,245,80,245,0" /><INIT seed="1,0,0,3,0,56" ten="185,245,325,245" oya="1" hai0="127,132,83,16,39,134,15,106,113,131,85,44,135" hai1="12,102,80,112,88,30,1,103,5,128,117,97,25" hai2="27,73,121,69,68,24,60,38,3,78,116,59,114" hai3="17,8,23,95,35,28,66,26,87,99,118,63,74"/><U133/><E117/><V109/><F116/><W43/><G74/><T107/><D113/><U33/><E112/><V101/><F121/><W47/><G118/><T64/><D64/><U110/><E133/><V70/><F114/><W96/><G8/><T79/><D131/><U7/><E128/><V82/><F38/><W11/><G11/><T86/><D127/><U46/><E1/><V52/><F3/><W111/><G87/><T49/><D39/><U9/><E110/><V124/><F124/><W125/><G111/><T58/><D58/><U19/><E46/><V42/><F42/><W100/><G125/><T50/><D86/><U53/><E53/><V61/><F109/><W22/><G99/><T120/><D120/><U51/><E51/><N who="0" m="19465" /><D44/><U45/><E45/><V20/><F101/><W62/><G35/><T108/><D108/><U98/><E103/><V29/><REACH who="2" step="1"/><F27/><REACH who="2" ten="185,245,315,245" step="2"/><W77/><G100/><T4/><D4/><U104/><E5/><V32/><F32/><W21/><G26/><T81/><D81/><U105/><E7/><V91/><F91/><W40/><G40/><T36/><D36/><U6/><E6/><V90/><F90/><W10/><G43/><T130/><D130/><U55/><E80/><V76/><F76/><W94/><G77/><T34/><D34/><U122/><E122/><V57/><F57/><W18/><G47/><T72/><D72/><U126/><E126/><V14/><F14/><W92/><G96/><T48/><N who="0" m="19473" /><AGARI ba="0,1" hai="20,24,29,48,52,59,60,61,68,69,70,73,78,82" machi="48" ten="40,8000,1" yaku="1,1,3,1,52,2,54,1,53,0" doraHai="56" doraHaiUra="0" who="2" fromWho="0" sc="185,-80,245,0,315,90,245,0" /><INIT seed="2,0,0,3,5,19" ten="105,245,405,245" oya="2" hai0="18,32,100,60,21,36,4,1,9,66,8,120,84" hai1="117,17,96,42,41,133,51,93,127,95,33,47,40" hai2="74,121,43,0,25,101,48,123,54,81,20,111,79" hai3="76,78,128,124,135,97,91,7,132,73,53,72,64"/><V49/><F0/><W94/><G64/><T110/><D36/><U87/><E117/><V80/><F101/><W46/><G46/><T65/><D110/><U15/><E133/><N who="3" m="51274" /><G53/><T116/><D120/><U129/><E33/><V6/><F111/><W71/><G71/><T107/><D116/><U57/><E129/><V12/><F43/><W134/><G134/><T92/><D32/><U37/><E127/><V105/><F105/><W113/><G7/><T106/><D9/><U69/><E69/><V23/><F80/><W56/><G56/><T31/><D31/><U16/><E17/><V34/><F34/><W118/><G118/><T67/><D60/><U45/><E57/><V89/><F49/><W14/><G14/><T131/><D131/><U108/><E108/><V44/><F89/><W90/><G128/><T86/><D107/><U61/><E61/><V50/><F50/><W22/><G22/><T30/><D106/><U85/><E93/><V59/><F59/><W75/><G124/><T119/><D30/><U126/><E41/><V24/><F6/><W114/><G91/><T62/><D119/><U63/><E63/><V55/><F55/><W10/><G10/><T98/><REACH who="0" step="1"/><D62/><REACH who="0" ten="95,245,405,245" step="2"/><U2/><E126/><V102/><F123/><W35/><G35/><T13/><AGARI ba="0,1" hai="1,4,8,13,18,21,65,66,67,84,86,92,98,100" machi="13" ten="30,7900,0" yaku="1,1,2,1,0,1,52,1,53,0" doraHai="19" doraHaiUra="104" who="0" fromWho="0" sc="95,89,245,-20,405,-39,245,-20" /><INIT seed="3,0,0,4,1,41" ten="184,225,366,225" oya="3" hai0="127,103,64,4,44,16,5,58,28,6,96,100,8" hai1="47,90,132,135,55,75,12,88,29,50,2,38,128" hai2="82,18,36,66,89,57,11,104,91,56,92,37,87" hai3="119,72,129,40,35,124,85,30,14,63,1,117,101"/><W86/><G1/><T81/><D28/><U51/><E38/><V121/><F104/><W31/><G72/><T133/><D127/><U53/><E2/><V77/><F121/><W19/><G101/><T78/><D133/><N who="1" m="51275" /><E128/><V108/><F108/><W105/><G105/><T80/><D96/><U25/><E12/><N who="2" m="7455" /><F37/><W93/><G63/><N who="0" m="38007" /><D44/><N who="1" m="27847" /><E75/><V98/><F36/><W106/><G106/><T111/><D111/><U131/><E131/><V74/><F74/><W107/><G107/><T48/><D48/><U68/><E68/><V99/><F66/><W61/><G129/><T110/><D110/><U67/><E67/><V112/><F112/><W17/><G124/><T9/><D9/><U73/><E73/><V43/><F43/><W13/><G40/><T65/><D65/><U71/><E71/><V34/><F34/><AGARI ba="0,0" hai="25,29,34,47,51,55,88,90" m="27847,51275" machi="34" ten="30,7700,0" yaku="20,1,52,2,54,1" doraHai="41" who="1" fromWho="2" sc="184,0,225,77,366,-77,225,0" /><INIT seed="4,0,0,2,1,120" ten="184,302,289,225" oya="0" hai0="88,87,54,102,16,67,17,13,28,63,0,50,132" hai1="124,55,130,47,71,49,123,56,84,112,104,119,8" hai2="108,70,109,91,21,52,46,107,14,62,40,3,125" hai3="24,35,76,85,10,68,19,135,36,31,90,117,51"/><T79/><D0/><U6/><E123/><V115/><F3/><W100/><G117/><T128/><D132/><U32/><E119/><V43/><F107/><W41/><G135/><T45/><D128/><U65/><E104/><V122/><F122/><W134/><G100/><T94/><D102/><U60/><E32/><V118/><F118/><W42/><G68/><T93/><D28/><U23/><E130/><V75/><F75/><W20/><G36/><T18/><D79/><U64/><E124/><V33/><F33/><W81/><G134/><T7/><D94/><U126/><E126/><V116/><F116/><W98/><G51/><T72/><D72/><U58/><E112/><V121/><F91/><W96/><G35/><T131/><D7/><U95/><E23/><V110/><F121/><W114/><G114/><T77/><D77/><U113/><E113/><V82/><F115/><W61/><G61/><T106/><D106/><U25/><E25/><V30/><F82/><W83/><G10/><T89/><D89/><N who="1" m="53671" /><E71/><V38/><F125/><W15/><G76/><T26/><D26/><U66/><E60/><V2/><F2/><W101/><G83/><T53/><D53/><U129/><E129/><V27/><F14/><AGARI ba="0,0" hai="6,8,14,47,49,55,56,58,64,65,66" m="53671" machi="14" ten="30,1000,0" yaku="8,1" doraHai="120" who="1" fromWho="2" sc="184,0,302,10,289,-10,225,0" /><INIT seed="5,0,0,2,4,22" ten="184,312,279,225" oya="1" hai0="73,41,39,28,108,37,31,5,3,23,97,38,123" hai1="106,10,26,48,7,0,62,46,8,94,103,110,45" hai2="121,64,86,52,128,71,91,15,78,89,120,113,95" hai3="129,90,111,67,47,21,83,88,102,29,24,99,118"/><U104/><E110/><V44/><F78/><W65/><G129/><T82/><D108/><U85/><E45/><V117/><F117/><W114/><G111/><T66/><D123/><U18/><E62/><V75/><F75/><W77/><G114/><T72/><D66/><U127/><E127/><V49/><F113/><W84/><G118/><T130/><D130/><U16/><E18/><V58/><F128/><W42/><G67/><T135/><D135/><U112/><E112/><V59/><F15/><W74/><G74/><T27/><D97/><U122/><E122/><V124/><F124/><W133/><G65/><T100/><D100/><U76/><E76/><V19/><F71/><W92/><REACH who="3" step="1"/><G133/><REACH who="3" ten="184,312,279,215" step="2"/><T30/><D72/><U105/><E105/><V1/><F64/><W11/><G11/><T56/><D73/><U101/><E8/><V6/><F121/><W34/><G34/><T53/><D82/><U4/><E104/><V115/><F115/><W36/><AGARI ba="0,1" hai="21,24,29,36,42,47,77,83,84,88,90,92,99,102" machi="36" ten="20,12000,2" yaku="1,1,0,1,7,1,52,1,54,1,53,1" doraHai="22" doraHaiUra="98" who="3" fromWho="3" sc="184,-30,312,-60,279,-30,215,130" /><INIT seed="6,0,0,2,3,28" ten="154,252,249,345" oya="2" hai0="47,64,128,106,69,16,114,119,8,50,59,105,88" hai1="72,62,17,121,133,12,104,126,19,46,99,7,132" hai2="107,77,35,91,38,73,74,70,57,1,113,129,29" hai3="93,124,55,27,26,90,63,122,108,60,65,130,40"/><V101/><F57/><W134/><G108/><T80/><D128/><U94/><E104/><V51/><F51/><W82/><G122/><T125/><D119/><U61/><E72/><V86/><F38/><W56/><G130/><T18/><D69/><U0/><E121/><V6/><F70/><W54/><G134/><N who="1" m="51818" /><E126/><V79/><F129/><W97/><G124/><T24/><D114/><U15/><E46/><V66/><F66/><W68/><G40/><T31/><D125/><U109/><E0/><V116/><F116/><W39/><G39/><T2/><D106/><U33/><E7/><V21/><F21/><W14/><G14/><N who="1" m="5162" /><E33/><V20/><F20/><W22/><G82/><T13/><D105/><U52/><E109/><V84/><F6/><W110/><G110/><T112/><D2/><U25/><E25/><V11/><F11/><W53/><G27/><T34/><D112/><U83/><E83/><V67/><F1/><W58/><G68/><T78/><D78/><U71/><E71/><V5/><F5/><W98/><G98/><T100/><D100/><N who="1" m="60535" /><E62/><V10/><F35/><W43/><G43/><T115/><D115/><U30/><E30/><AGARI ba="0,0" hai="22,26,30,53,54,55,56,58,60,63,65,90,93,97" machi="30" ten="30,2000,0" yaku="7,1,8,1" doraHai="28" who="3" fromWho="1" sc="154,0,252,-20,249,0,345,20" /><INIT seed="7,0,0,3,5,41" ten="154,232,249,365" oya="3" hai0="129,96,26,120,103,2,97,74,22,57,77,19,98" hai1="67,82,3,48,25,31,4,101,28,78,12,84,92" hai2="44,91,66,118,107,73,113,87,11,116,90,104,45" hai3="56,23,63,122,102,9,42,128,34,133,59,81,53"/><W15/><G34/><T17/><D120/><U95/><E3/><V40/><F73/><W134/><G122/><T111/><D2/><U89/><E67/><V1/><F1/><W62/><G128/><T127/><D129/><U132/><E132/><V27/><F11/><W65/><G23/><T51/><D127/><U38/><E38/><V99/><F66/><W76/><G102/><T43/><D111/><U123/><E123/><V6/><F27/><W5/><G42/><T50/><D77/><U33/><E95/><V32/><F40/><W21/><G21/><T100/><D74/><U64/><E64/><V52/><F87/><W117/><G117/><T10/><D57/><U115/><E101/><V112/><F99/><W71/><G71/><T46/><REACH who="0" step="1"/><D50/><REACH who="0" ten="144,232,249,365" step="2"/><U55/><E78/><V75/><F75/><W109/><G109/><T83/><D83/><U86/><E82/><V68/><F68/><W16/><G81/><T72/><D72/><U58/><E58/><V24/><F118/><W94/><G76/><T88/><D88/><U37/><E48/><V119/><F91/><W69/><G59/><T8/><D8/><U29/><E89/><V106/><F90/><W125/><G56/><T30/><D30/><N who="1" m="19663" /><E86/><V124/><F124/><W114/><G125/><T130/><D130/><U14/><E29/><V70/><F70/><W13/><G69/><T105/><D105/><U7/><E28/><V121/><F107/><W60/><G60/><T18/><D18/><U0/><E31/><V35/><F121/><W126/><G63/><T80/><D80/><U36/><E84/><RYUUKYOKU ba="0,1" sc="144,30,232,-10,249,-10,365,-10" hai0="10,17,19,22,26,43,46,51,96,97,98,100,103" owari="174,-33.0,222,-18.0,239,4.0,365,47.0" /></mjloggm>