<mjloggm ver="2.3"><GO type="225" lobby="0"/><UN n0="%6E%61%6F%6B%69%33%39" n1="%E8%A8%88%E7%AE%97%E6%A9%9F%E8%87%AA%E7%84%B6" n2="%E8%88%B9%E8%A6%8B%E7%B5%90%E8%A1%A3%E3%81%A1%E3%82%83%E3%82%93" n3="%E3%81%93%E3%81%84%E3%82%8F%E3%81%84%E3%82%88%E3%81%A4%E3%81%B0" dan="17,18,16,18" rate="2194.21,2302.16,2115.40,2247.23" sx="M,M,F,M"/><TAIKYOKU oya="0"/><INIT seed="0,0,0,0,0,73" ten="250,250,250,250" oya="0" hai0="117,98,49,93,124,125,96,23,7,3,8,120,48" hai1="56,116,109,105,18,50,131,52,2,107,47,72,10" hai2="77,6,42,9,68,51,30,110,33,79,28,80,91" hai3="22,115,60,123,32,46,76,113,37,122,114,25,106"/><T4/><D117/><U12/><E116/><V134/><F68/><W71/><G106/><T58/><D120/><N who="3" m="46121" /><G32/><T38/><D38/><U55/><E109/><V127/><F110/><W45/><G37/><T69/><D69/><U103/><E131/><V66/><F134/><W34/><G34/><T26/><D7/><U90/><E72/><V43/><F127/><N who="0" m="48714" /><D58/><U132/><E132/><V84/><F66/><N who="3" m="41415" /><G76/><N who="2" m="29257" /><F33/><W108/><G108/><T40/><D40/><N who="2" m="15402" /><F51/><N who="0" m="19530" /><D93/><U88/><E2/><V92/><F92/><W82/><G82/><T27/><D27/><U95/><E107/><V97/><F97/><W130/><G130/><T0/><D0/><U89/><E105/><V44/><F44/><W65/><G65/><T99/><D99/><N who="1" m="59903" /><E55/><V78/><N who="2" m="29265" /><V54/><DORA hai="61" /><F54/><W112/><G112/><T35/><D35/><U14/><E47/><V94/><F94/><W133/><G133/><T102/><D102/><U81/><E81/><V85/><F85/><W21/><G25/><T36/><D36/><U74/><E74/><V62/><F62/><W75/><G75/><T5/><D96/><U100/><E100/><V29/><F6/><W119/><G119/><T1/><D98/><U118/><E118/><V39/><F39/><W87/><G87/><T13/><D4/><N who="1" m="3143" /><E90/><V64/><F64/><W67/><G67/><T101/><D101/><U24/><E89/><V104/><F104/><W16/><G46/><T70/><D70/><U121/><E121/><V20/><F91/><W83/><G45/><T17/><AGARI ba="0,0" hai="1,3,5,8,13,17,23,26" m="19530,48714" machi="17" ten="30,1500,0" yaku="18,1" doraHai="73,61" who="0" fromWho="0" sc="250,15,250,-5,250,-5,250,-5" /><INIT seed="0,1,0,2,1,90" ten="265,245,245,245" oya="0" hai0="3,56,36,116,16,13,49,93,27,58,133,96,10" hai1="0,69,22,1,29,131,114,101,64,19,88,82,95" hai2="104,40,47,54,61,132,76,8,6,30,73,81,129" hai3="100,46,113,55,78,68,48,15,103,105,98,67,84"/><T72/><D36/><U25/><E131/><V17/><F129/><W5/><G113/><T123/><D72/><U51/><E114/><V99/><F132/><W130/><G130/><T4/><D116/><U135/><E135/><V28/><F17/><W122/><G122/><T92/><D133/><U94/><E69/><V91/><F54/><W108/><G108/><T97/><D123/><U32/><E64/><V106/><F61/><W128/><G128/><T85/><D85/><U52/><E101/><V60/><F60/><W39/><G39/><T83/><D83/><U41/><E41/><V112/><F112/><W11/><G103/><N who="0" m="60807" /><D3/><U124/><E124/><V107/><F91/><W111/><G111/><T37/><D37/><U9/><E82/><V125/><F99/><W62/><G84/><T42/><D27/><U33/><E33/><V35/><F35/><W102/><G102/><N who="0" m="60719" /><D4/><N who="1" m="1159" /><E1/><N who="2" m="79" /><F125/><W63/><G78/><T115/><D115/><U70/><E70/><V118/><F118/><W71/><G71/><T12/><D12/><N who="1" m="9575" /><E88/><V44/><F106/><W38/><G38/><T59/><D42/><U120/><E120/><V24/><F107/><W134/><G134/><T87/><D87/><U109/><E109/><V126/><F104/><W86/><G86/><T110/><D110/><U18/><E18/><V57/><F126/><W117/><G117/><T65/><D65/><U119/><E119/><V45/><F40/><W14/><G14/><T53/><AGARI ba="1,0" hai="10,13,16,49,53,56,58,59" m="60719,60807" machi="53" ten="30,11700,0" yaku="8,1,52,2,54,1" doraHai="90" who="0" fromWho="0" sc="265,120,245,-40,245,-40,245,-40" /><INIT seed="0,2,0,3,0,25" ten="385,205,205,205" oya="0" hai0="123,10,51,31,79,86,1,121,76,19,80,63,111" hai1="125,88,131,70,41,96,82,20,93,48,97,87,108" hai2="21,34,59,99,114,94,57,33,129,120,49,56,64" hai3="83,5,134,66,62,7,2,46,24,53,118,8,92"/><T130/><D130/><U112/><E70/><V65/><F120/><W61/><G118/><T9/><D111/><U98/><E131/><V113/><F129/><W67/><G134/><T15/><D79/><U124/><E20/><V100/><F49/><W43/><G7/><T71/><D51/><U6/><E6/><V40/><F40/><W32/><G92/><T127/><D127/><N who="1" m="48715" /><E108/><V3/><F3/><W103/><G103/><T26/><D1/><U29/><E112/><V110/><F110/><W75/><G53/><T69/><D9/><U122/><E122/><V84/><F84/><W60/><G24/><T104/><D104/><U42/><E29/><V16/><F113/><W12/><G12/><T28/><D69/><U85/><E48/><V117/><F117/><W74/><G32/><T90/><D28/><U73/><E73/><V22/><F114/><W89/><G74/><T0/><D0/><U37/><E37/><V58/><N who="2" m="14336" /><DORA hai="14" /><V135/><F135/><W126/><G126/><T101/><D101/><U128/><E128/><V102/><F102/><W36/><REACH who="3" step="1"/><G89/><AGARI ba="2,0" hai="41,42,82,85,87,88,89,93,96,97,98" m="48715" machi="89" ten="30,2000,0" yaku="18,1,54,1" doraHai="25,14" who="1" fromWho="3" sc="385,0,205,26,205,0,205,-26" /><INIT seed="1,0,0,0,2,34" ten="385,231,205,179" oya="1" hai0="107,100,32,118,106,53,31,109,67,123,12,102,33" hai1="11,84,47,57,74,46,103,125,105,96,66,82,29" hai2="110,22,45,89,54,62,25,5,48,76,8,131,3" hai3="26,56,36,86,42,35,0,78,94,116,64,27,85"/><U1/><E125/><V95/><F110/><W58/><G116/><T52/><D67/><U111/><E111/><V18/><F131/><W128/><G128/><T16/><D109/><U7/><E74/><V69/><F76/><W65/><G35/><T38/><D38/><U70/><E57/><V13/><F69/><W99/><G36/><T2/><D118/><U101/><E29/><V39/><F62/><W20/><G42/><T92/><D92/><U98/><E66/><V15/><REACH who="2" step="1"/><F39/><REACH who="2" ten="385,231,195,179" step="2"/><W130/><G130/><T14/><D123/><U21/><E70/><V17/><F17/><W91/><G78/><T60/><D60/><U9/><E9/><V117/><F117/><W104/><G65/><T134/><D16/><U112/><E112/><V41/><F41/><W28/><G64/><T120/><D120/><U81/><E21/><V113/><F113/><W40/><G20/><T124/><D31/><U73/><E73/><V80/><F80/><W126/><G28/><T77/><D77/><U63/><E63/><V129/><F129/><W49/><G126/><T6/><D124/><U24/><E82/><V87/><AGARI ba="0,1" hai="3,5,8,13,15,18,22,25,45,48,54,87,89,95" machi="87" ten="20,8000,1" yaku="1,1,0,1,7,1,52,1,53,1" doraHai="34" doraHaiUra="50" who="2" fromWho="2" sc="385,-20,231,-40,195,90,179,-20" /><INIT seed="2,0,0,0,1,67" ten="365,191,285,159" oya="2" hai0="64,56,82,114,29,126,32,41,101,128,48,106,27" hai1="21,60,16,9,62,88,25,22,53,33,108,24,77" hai2="7,2,50,31,132,102,59,63,117,92,120,19,70" hai3="98,68,69,116,115,83,28,10,13,51,66,45,96"/><V107/><F120/><W26/><G116/><T6/><D114/><U36/><E36/><V14/><F117/><W39/><G39/><T12/><D126/><U74/><E33/><V75/><F132/><W44/><G115/><T11/><D128/><U8/><E108/><V49/><F75/><W65/><G83/><T124/><D124/><U99/><E77/><V15/><F107/><W109/><G109/><T121/><D121/><U57/><E74/><V47/><F31/><W30/><G51/><T43/><D82/><U123/><E62/><V79/><F79/><W94/><G94/><T34/><D34/><U125/><E125/><V131/><F131/><W4/><G13/><T85/><D85/><U130/><E123/><V103/><F2/><W104/><G10/><T119/><D119/><U95/><E130/><V86/><F70/><W105/><REACH who="3" step="1"/><G4/><REACH who="3" ten="365,191,285,149" step="2"/><T84/><D48/><U17/><AGARI ba="0,1" hai="8,9,16,17,21,22,24,25,53,57,60,88,95,99" machi="17" ten="20,16000,3" yaku="0,1,7,1,9,1,25,2,8,1,54,2" doraHai="67" who="1" fromWho="1" sc="365,-40,191,170,285,-80,149,-40" /><INIT seed="3,0,0,1,2,4" ten="325,361,205,109" oya="3" hai0="20,126,26,79,58,106,100,107,48,68,124,60,36" hai1="3,28,44,90,67,47,93,9,117,51,15,114,11" hai2="71,52,31,111,86,6,119,97,53,12,62,65,42" hai3="92,130,98,102,116,112,1,64,84,54,21,135,88"/><W70/><G112/><T50/><D36/><U113/><E28/><V134/><F119/><W110/><G116/><T121/><D68/><U61/><E3/><V43/><F111/><W125/><G125/><N who="0" m="48235" /><D79/><U89/><E117/><V91/><F134/><W118/><G118/><T76/><D76/><U17/><E9/><V105/><F31/><W75/><G135/><T131/><D121/><U66/><E66/><V69/><F69/><W38/><G75/><T128/><D50/><U18/><E18/><V133/><F133/><W24/><G130/><N who="0" m="49707" /><D48/><U103/><E103/><V59/><F105/><W33/><G38/><T96/><D106/><U82/><E90/><V49/><F97/><W95/><G110/><T14/><D14/><U30/><E30/><V115/><F115/><W32/><G1/><T27/><D20/><U13/><E13/><V122/><F53/><AGARI ba="0,0" hai="26,27,53,58,60,96,100,107" m="49707,48235" machi="53" ten="30,2000,0" yaku="18,1,19,1" doraHai="4" who="0" fromWho="2" sc="325,20,361,0,205,-20,109,0" owari="345,15.0,361,45.0,185,-21.0,109,-39.0" /></mjloggm>