<mjloggm ver="2.3"><GO type="185" lobby="0"/><UN n0="%E7%99%BD%E9%B9%BF%E6%84%9B%E8%8E%89" n1="%E3%83%84%E3%83%BC%E3%82%A2%E3%82%A6%E3%83%88" n2="%E5%BD%A9%E3%83%B6%E4%BA%AD" n3="" dan="16,16,16,0" rate="2160.04,2123.63,2142.58,1500.00" sx="F,M,M,C"/><TAIKYOKU oya="0"/><INIT seed="0,0,0,5,3,62" ten="350,350,350,0" oya="0" hai0="1,41,96,85,57,69,90,131,70,127,104,63,74" hai1="39,99,123,125,126,45,53,102,97,118,128,55,52" hai2="79,78,73,54,121,86,87,37,110,82,40,112,100" hai3=""/><T35/><D74/><U59/><N who="1" m="31520" /><U114/><E118/><V61/><N who="2" m="31008" /><V135/><F112/><T36/><D35/><U115/><E128/><V132/><F40/><T109/><D127/><N who="1" m="48651" /><E59/><V98/><F37/><T91/><D1/><U76/><E76/><V2/><F2/><T119/><D119/><U129/><E129/><V92/><F110/><T33/><D36/><U101/><E45/><V64/><F54/><T116/><D41/><U106/><E39/><V3/><F3/><T83/><D33/><U0/><E0/><V66/><F79/><T81/><D116/><U95/><AGARI ba="0,0" hai="52,53,55,95,97,99,101,102,106,114,115" m="48651,31520" machi="95" ten="40,3900,0" yaku="18,1,52,1,54,1" doraHai="62" who="1" fromWho="1" sc="350,-26,350,39,350,-13,0,0" /><INIT seed="1,0,0,4,5,104" ten="324,389,337,0" oya="1" hai0="58,116,134,80,62,117,95,3,129,82,74,68,77" hai1="119,120,99,88,115,122,33,106,131,124,96,109,61" hai2="78,123,128,112,121,65,36,103,132,51,75,54,41" hai3=""/><U94/><N who="1" m="30752" /><U47/><N who="1" m="31264" /><U38/><E33/><V63/><N who="2" m="31008" /><V73/><N who="2" m="31520" /><V83/><F128/><T71/><D3/><U130/><E119/><V43/><F132/><T60/><D134/><U40/><E115/><V133/><F133/><T127/><D129/><N who="1" m="49163" /><E124/><V81/><F103/><T52/><D127/><U107/><E109/><V1/><F1/><T37/><D37/><U45/><E61/><V85/><F112/><T39/><D39/><U110/><E110/><V93/><F93/><T126/><D126/><U102/><E47/><V97/><F97/><T32/><D32/><U70/><E70/><V98/><F98/><T84/><D95/><AGARI ba="0,0" hai="38,40,45,88,94,95,96,99,102,106,107" m="49163,31264,30752" machi="95" ten="30,11600,0" yaku="19,1,52,2,54,1" doraHai="104" who="1" fromWho="0" sc="324,-116,389,116,337,0,0,0" /><INIT seed="1,1,0,5,0,56" ten="208,505,337,0" oya="1" hai0="96,108,116,113,76,33,62,119,57,84,75,110,68" hai1="93,125,103,71,44,78,51,97,54,80,36,130,86" hai2="38,40,61,67,69,105,90,73,59,37,133,46,109" hai3=""/><U66/><E125/><V2/><F105/><T94/><D33/><U65/><E130/><V42/><F73/><T79/><D68/><U3/><E3/><V81/><F81/><T107/><D113/><U104/><E71/><V53/><F90/><T77/><D75/><U122/><N who="1" m="31264" /><U43/><REACH who="1" step="1"/><E104/><REACH who="1" ten="208,495,337,0" step="2"/><V60/><F2/><T70/><D107/><U111/><E111/><N who="0" m="42537" /><D70/><U91/><E91/><V52/><F109/><T1/><D1/><U82/><E82/><V131/><F131/><T118/><D119/><U121/><N who="1" m="31008" /><U127/><E127/><V106/><F106/><T83/><D118/><U98/><E98/><V101/><F101/><T48/><D116/><U32/><E32/><V132/><F132/><T58/><D96/><U72/><E72/><V100/><F100/><T45/><D94/><U88/><E88/><V115/><F133/><T114/><D83/><U64/><E64/><V99/><F99/><T41/><D84/><U129/><E129/><V102/><F102/><T120/><N who="0" m="30752" /><T63/><D114/><U74/><E74/><V128/><F115/><T47/><D47/><AGARI ba="1,1" hai="36,43,44,47,51,54,65,66,78,80,86,93,97,103" m="31008,31264" machi="47" ten="30,11600,0" yaku="1,1,7,1,52,2,53,0" doraHai="56" doraHaiUra="0" who="1" fromWho="0" sc="208,-118,495,128,337,0,0,0" /><INIT seed="1,2,0,4,5,3" ten="90,623,337,0" oya="1" hai0="37,117,33,57,67,115,98,118,36,60,44,51,120" hai1="66,61,63,119,59,108,56,111,122,91,64,48,35" hai2="130,107,93,72,58,114,126,99,87,80,125,124,104" hai3=""/><U52/><N who="1" m="31264" /><U74/><E74/><V2/><F2/><T110/><N who="0" m="30752" /><T106/><D115/><U109/><E119/><N who="0" m="45577" /><D106/><N who="2" m="40490" /><F58/><T123/><N who="0" m="31520" /><T83/><D98/><U40/><E91/><V103/><F72/><T97/><D97/><U45/><E35/><V84/><F114/><T39/><D110/><U49/><E49/><V129/><F87/><T78/><D33/><U62/><E62/><V47/><F47/><T42/><D83/><U75/><E75/><V65/><F65/><AGARI ba="2,0" hai="40,45,48,52,56,59,61,63,64,65,66,108,109,111" m="31264" machi="65" ten="40,18000,2" yaku="14,1,10,1,34,3,52,1,54,1" doraHai="3" who="1" fromWho="2" sc="90,0,623,184,337,-184,0,0" /><INIT seed="1,3,0,1,3,67" ten="90,807,153,0" oya="1" hai0="127,107,116,90,91,63,102,106,32,123,101,54,64" hai1="105,128,94,117,47,34,103,60,112,129,88,39,44" hai2="111,50,130,99,49,57,51,48,35,119,61,74,3" hai3=""/><U82/><E34/><V89/><F3/><T1/><N who="0" m="31520" /><T53/><D32/><U79/><E117/><V58/><F74/><T122/><N who="0" m="31264" /><T70/><D1/><U81/><E112/><V134/><F130/><N who="1" m="50281" /><E39/><V72/><F72/><T85/><D116/><U76/><E60/><V113/><F113/><T96/><D127/><U41/><E41/><V83/><F134/><T110/><D110/><U135/><E135/><V121/><N who="2" m="31008" /><V126/><F111/><T80/><REACH who="0" step="1"/><D91/><REACH who="0" ten="80,807,153,0" step="2"/><U38/><E103/><V2/><F35/><T52/><D52/><U124/><E124/><V55/><F126/><T93/><D93/><U97/><E105/><V36/><F119/><T0/><D0/><U118/><E118/><V104/><F2/><T69/><D69/><U100/><E100/><V132/><F132/><T108/><D108/><U33/><E33/><V65/><F104/><T109/><D109/><U71/><E71/><V84/><F55/><T68/><D68/><U95/><E94/><V37/><F89/><T120/><N who="0" m="30752" /><T42/><D42/><U92/><E95/><V46/><F65/><T77/><D77/><U66/><E66/><V115/><F115/><T59/><D59/><U43/><E43/><V75/><F58/><RYUUKYOKU ba="3,1" sc="80,20,807,-10,153,-10,0,0" hai0="53,54,63,64,70,80,85,90,96,101,102,106,107" /><INIT seed="2,4,1,5,3,77" ten="100,797,143,0" oya="2" hai0="115,124,97,95,68,108,60,133,87,105,56,112,81" hai1="119,106,90,74,125,83,36,122,109,99,71,92,38" hai2="84,47,116,104,78,107,69,103,50,51,37,62,85" hai3=""/><V91/><F116/><T134/><D68/><U46/><N who="1" m="31264" /><U94/><E71/><V127/><F127/><T44/><D44/><U128/><E125/><V101/><F37/><T102/><D124/><U131/><E106/><V118/><F118/><T80/><D108/><U70/><E109/><V54/><F78/><T73/><D105/><U72/><E70/><V61/><F69/><T39/><D39/><U66/><E119/><V100/><F85/><T65/><D73/><U63/><E38/><V52/><F104/><T123/><N who="0" m="31520" /><T41/><D41/><U3/><E3/><V96/><F96/><T58/><D58/><U110/><E110/><V98/><F98/><T130/><D130/><U32/><E74/><V86/><F86/><T67/><D67/><U135/><E131/><V45/><F107/><T33/><D33/><U34/><E34/><V48/><F48/><T59/><D59/><U1/><E1/><V121/><N who="2" m="31008" /><V129/><F129/><T49/><D49/><U57/><E128/><V132/><F132/><N who="0" m="50794" /><D81/><AGARI ba="4,1" hai="45,47,50,51,52,54,61,62,81,84,91,100,101,103" m="31008" machi="81" ten="40,12000,1" yaku="9,1,8,1,52,2,54,1" doraHai="77" who="2" fromWho="0" sc="100,-128,797,0,143,138,0,0" owari="-28,-63.0,797,75.0,281,-12.0,0,0.0" /></mjloggm>