<mjloggm ver="2.3"><GO type="169" lobby="0"/><UN n0="%E3%81%84%E3%81%84%E3%81%9E" n1="%E3%83%97%E3%83%AC%E3%82%B9%E3%83%97" n2="%4A%65%74%2E%42" n3="%E6%B6%88%E8%B2%BB%E7%A8%8E%E3%82%AD%E3%83%AA%E3%83%B3" dan="16,17,18,16" rate="2120.39,2147.18,2198.74,2077.53" sx="M,M,M,M"/><TAIKYOKU oya="0"/><INIT seed="0,0,0,5,1,0" ten="250,250,250,250" oya="0" hai0="75,19,49,92,125,113,89,102,51,133,109,7,5" hai1="96,41,111,98,68,17,53,59,42,66,64,21,119" hai2="20,23,129,26,63,71,90,114,13,91,38,82,54" hai3="79,16,12,127,100,132,83,9,131,67,104,43,6"/><T40/><D113/><U120/><E120/><V121/><F114/><W14/><G132/><T77/><D133/><U73/><E119/><V34/><F121/><W128/><G67/><T106/><D125/><U85/><E73/><V108/><F108/><W95/><G104/><T97/><D109/><U105/><E111/><V27/><F38/><W28/><G28/><T84/><D19/><U31/><E31/><V93/><F82/><W52/><G127/><T39/><D39/><U112/><E68/><V134/><F34/><W65/><G65/><T15/><D15/><U10/><E10/><V78/><F78/><W124/><G43/><N who="1" m="16394" /><E105/><V99/><F13/><W116/><G116/><T57/><D57/><U30/><E30/><V69/><F129/><W70/><G70/><T4/><D40/><U62/><E85/><V2/><F2/><W55/><G124/><T88/><D89/><U3/><E3/><V126/><F91/><W18/><G18/><T130/><D130/><N who="3" m="49705" /><G95/><T74/><D74/><U24/><E112/><V101/><F126/><W117/><G100/><T122/><D122/><U107/><E107/><V115/><F115/><W35/><G35/><T44/><D44/><U118/><E118/><V76/><F101/><W110/><G110/><T103/><D103/><U11/><E11/><V22/><F134/><W1/><G1/><T32/><D32/><U33/><E33/><V60/><F71/><W81/><G117/><T135/><D135/><U47/><E47/><V45/><F69/><W36/><G36/><T29/><D29/><U8/><E8/><V58/><F45/><RYUUKYOKU ba="0,0" sc="250,15,250,15,250,-15,250,-15" hai0="4,5,7,49,51,75,77,84,88,92,97,102,106" hai1="17,21,24,53,59,62,64,66,96,98" /><INIT seed="0,1,0,1,5,43" ten="265,265,235,235" oya="0" hai0="36,3,135,21,86,50,115,47,69,12,103,102,116" hai1="49,52,74,114,91,26,19,44,8,39,27,20,18" hai2="106,96,65,90,23,0,130,126,22,78,10,71,127" hai3="81,110,118,75,68,59,67,60,32,54,113,99,17"/><T132/><D116/><U77/><E114/><V57/><F71/><W133/><G118/><T107/><D3/><U123/><E123/><V62/><F130/><W15/><G113/><T105/><D69/><U98/><E39/><V100/><F78/><W58/><G32/><T104/><D36/><U28/><E8/><V131/><F131/><W117/><G117/><T87/><D21/><U37/><E37/><V14/><F90/><W29/><G29/><T55/><D12/><U56/><E56/><V1/><F23/><W40/><G40/><T24/><D24/><U51/><E51/><V70/><F22/><W16/><G68/><T125/><D115/><U83/><REACH who="1" step="1"/><E27/><REACH who="1" ten="265,255,235,235" step="2"/><V97/><F70/><W73/><G110/><T111/><D111/><U76/><E76/><V4/><REACH who="2" step="1"/><F97/><REACH who="2" ten="265,255,225,235" step="2"/><W5/><G99/><T45/><D132/><U34/><E34/><V63/><F63/><W72/><G133/><T13/><D135/><U121/><E121/><V93/><F93/><AGARI ba="1,2" hai="18,19,20,26,28,44,49,52,74,77,83,91,93,98" machi="93" ten="40,5200,0" yaku="1,1,52,1,54,1,53,0" doraHai="43" doraHaiUra="2" who="1" fromWho="2" sc="265,0,255,75,225,-55,235,0" /><INIT seed="1,0,0,0,4,3" ten="265,330,170,235" oya="1" hai0="65,68,66,32,94,26,18,64,67,72,118,2,42" hai1="81,113,106,128,37,101,77,120,50,71,132,133,21" hai2="78,14,23,92,124,82,134,111,52,9,40,12,76" hai3="129,73,44,46,56,63,121,108,30,90,1,130,88"/><U97/><E37/><V0/><F111/><W96/><G73/><T125/><D118/><U17/><E120/><V69/><F69/><W102/><G121/><T51/><D72/><U107/><E113/><V131/><F131/><N who="3" m="50187" /><G30/><T59/><D68/><U39/><E39/><V112/><F112/><W34/><G34/><T7/><D125/><U28/><E128/><V80/><F40/><W48/><G108/><T119/><D119/><U105/><E71/><V4/><F124/><W29/><G29/><T98/><D32/><U114/><E114/><V10/><F134/><N who="1" m="51817" /><E50/><V58/><F23/><W25/><G25/><T104/><D104/><U61/><E61/><V109/><F92/><N who="3" m="58631" /><G1/><T93/><D26/><N who="1" m="14639" /><E28/><V117/><F109/><W6/><G6/><T135/><D7/><U45/><E45/><N who="3" m="17514" /><G48/><T35/><D2/><U123/><E123/><V70/><F0/><W100/><G100/><T31/><D31/><U110/><E110/><V91/><F117/><W85/><G85/><AGARI ba="0,0" hai="77,81,85,97,101,105,106,107" m="14639,51817" machi="85" ten="30,1500,0" yaku="20,1" doraHai="3" who="1" fromWho="3" sc="265,0,330,15,170,0,235,-15" /><INIT seed="1,1,0,4,0,83" ten="265,345,170,220" oya="1" hai0="25,61,47,45,90,127,19,20,130,123,6,101,17" hai1="75,126,76,32,72,128,33,42,84,65,59,87,131" hai2="46,37,77,85,43,113,70,49,92,94,112,60,108" hai3="51,105,26,86,62,63,89,121,93,74,48,81,3"/><U36/><E126/><V50/><F94/><W80/><G3/><T69/><D127/><U110/><E36/><V67/><F77/><W21/><G105/><T24/><D130/><N who="1" m="49707" /><E42/><V78/><F78/><W114/><G114/><N who="2" m="44137" /><F108/><W10/><G10/><T12/><D101/><U56/><E110/><V41/><F85/><N who="1" m="32841" /><E65/><V23/><F92/><W119/><G119/><T103/><D103/><U39/><E39/><V0/><F43/><W82/><G74/><N who="1" m="28202" /><E76/><V38/><F38/><W135/><G81/><T54/><D90/><U64/><E64/><V129/><F67/><W117/><G80/><T132/><D54/><U99/><E99/><V58/><F41/><W1/><G82/><T29/><D69/><U18/><E18/><V120/><F70/><W53/><G89/><T125/><D17/><U22/><E22/><V134/><F23/><W57/><G86/><T7/><D19/><U91/><E91/><V8/><F37/><W88/><G88/><T14/><D20/><U27/><E27/><V15/><F129/><W104/><G21/><T4/><D24/><U2/><E2/><V111/><F111/><W106/><G1/><T95/><D25/><U35/><AGARI ba="1,0" hai="32,33,35,56,59" m="28202,32841,49707" machi="35" ten="40,18000,2" yaku="28,2,19,1,52,3" doraHai="83" who="1" fromWho="1" sc="265,-61,345,183,170,-61,220,-61" /><INIT seed="1,2,0,2,1,40" ten="204,528,109,159" oya="1" hai0="86,26,126,78,6,34,20,132,52,28,45,106,108" hai1="30,99,8,118,71,104,27,89,39,122,25,85,124" hai2="112,123,63,74,79,84,35,51,7,116,22,117,17" hai3="109,90,19,33,80,115,130,37,1,43,38,95,0"/><U120/><E118/><V3/><F123/><W53/><G33/><T75/><D108/><U49/><E39/><V83/><F35/><W5/><G115/><T23/><D132/><U44/><E124/><V100/><F112/><W11/><G109/><T82/><D126/><U128/><E128/><V47/><F100/><W12/><G130/><T111/><D111/><U68/><E25/><V97/><F97/><W16/><G53/><T62/><D106/><U9/><E68/><V57/><F74/><W42/><G80/><T113/><D113/><U93/><E71/><V46/><F51/><W61/><G61/><T94/><D6/><U119/><E119/><V60/><F60/><W64/><G64/><T76/><D76/><U48/><E48/><V13/><F116/><W55/><G55/><T15/><D15/><U87/><E120/><V127/><F127/><W59/><G59/><T4/><D4/><U129/><E129/><V65/><REACH who="2" step="1"/><F117/><REACH who="2" ten="204,528,99,159" step="2"/><W135/><G135/><T54/><D62/><U66/><E122/><V32/><F32/><W102/><G102/><T92/><D75/><U107/><E107/><V103/><F103/><W14/><G38/><T110/><D110/><U70/><E104/><V21/><F21/><W101/><G101/><T72/><D72/><U73/><E73/><V134/><F134/><W18/><G37/><T29/><D23/><N who="1" m="15743" /><E70/><V77/><F77/><W81/><G81/><T31/><D34/><U91/><E66/><V24/><F24/><W133/><G133/><T96/><D20/><U125/><E125/><V2/><F2/><W105/><G105/><RYUUKYOKU ba="2,1" sc="204,-10,528,-10,99,30,159,-10" hai2="3,7,13,17,22,46,47,57,63,65,79,83,84" /><INIT seed="2,3,1,2,0,58" ten="194,518,129,149" oya="2" hai0="23,55,122,100,68,52,35,129,102,43,114,10,83" hai1="104,29,54,75,93,53,15,24,61,73,64,74,25" hai2="7,86,84,128,51,39,41,49,88,8,9,31,5" hai3="22,130,14,67,124,111,56,96,57,65,126,120,42"/><V28/><F128/><W1/><G1/><T87/><D35/><U66/><E104/><V30/><F39/><W0/><G0/><T40/><D114/><U116/><E116/><V98/><F41/><W36/><G14/><T37/><D129/><U33/><E66/><N who="3" m="25098" /><G22/><T89/><D68/><U70/><E15/><V127/><F127/><N who="3" m="48683" /><G96/><T38/><D122/><U90/><REACH who="1" step="1"/><E25/><REACH who="1" ten="194,508,129,149" step="2"/><V18/><F7/><W46/><G130/><T62/><D38/><U32/><E32/><V101/><F5/><W85/><G120/><T27/><D37/><U21/><E21/><V60/><F8/><W123/><G123/><T6/><D6/><U79/><E79/><V112/><F9/><W80/><G111/><T97/><D10/><U94/><E94/><V135/><F112/><W76/><AGARI ba="3,2" hai="36,42,46,56,57,76,80,85" m="48683,25098" machi="76" ten="30,1100,0" yaku="18,1" doraHai="58" who="3" fromWho="3" sc="194,-6,508,-6,129,-8,149,40" /><INIT seed="3,0,0,3,1,44" ten="188,502,121,189" oya="3" hai0="37,90,7,92,9,135,19,71,17,131,33,43,122" hai1="129,81,120,119,34,30,0,48,118,42,96,5,74" hai2="45,102,11,68,55,36,16,113,21,132,88,26,20" hai3="23,41,57,99,94,100,76,116,87,110,1,73,18"/><W46/><G1/><T77/><D122/><U123/><E129/><V130/><F113/><W80/><G116/><N who="1" m="44586" /><E96/><V108/><F68/><W58/><G110/><T24/><D71/><U35/><E5/><V51/><F108/><W89/><G23/><T82/><D135/><U12/><E12/><N who="2" m="7199" /><F36/><W75/><G18/><T39/><D131/><U83/><E0/><V121/><F132/><W28/><G28/><T25/><D33/><U62/><E62/><V65/><F130/><W15/><G15/><T109/><D109/><U3/><E3/><V93/><F121/><W6/><G6/><T40/><D39/><U8/><E8/><V2/><F2/><W106/><REACH who="3" step="1"/><G75/><REACH who="3" ten="188,502,121,179" step="2"/><T101/><D19/><U134/><E134/><V29/><F21/><W50/><AGARI ba="0,1" hai="41,46,50,57,58,73,76,80,87,89,94,99,100,106" machi="50" ten="20,18000,2" yaku="1,1,2,1,0,1,7,1,24,2,52,1,53,0" doraHai="44" doraHaiUra="10" who="3" fromWho="3" sc="188,-60,502,-60,121,-60,179,190" /><INIT seed="3,1,0,0,3,47" ten="128,442,61,369" oya="3" hai0="97,9,1,100,17,91,95,133,129,134,117,111,80" hai1="120,32,83,65,11,84,99,3,58,67,53,16,66" hai2="25,12,81,70,52,55,82,5,4,10,40,8,50" hai3="48,106,41,56,61,104,89,121,77,28,87,0,63"/><W6/><G77/><T119/><D17/><U20/><E120/><V122/><F70/><W24/><G121/><T86/><D9/><U124/><E124/><V29/><F122/><W39/><G39/><T64/><D1/><U126/><E126/><V60/><F60/><W19/><G19/><T109/><D64/><U98/><E32/><V31/><F40/><W45/><G6/><T35/><D35/><U69/><E69/><V101/><F101/><W132/><G0/><T2/><D2/><U27/><E11/><V22/><F31/><W103/><G132/><N who="0" m="50795" /><D129/><U75/><E75/><V57/><F55/><W59/><G63/><T92/><D92/><U46/><E46/><V44/><F44/><W36/><G59/><T42/><D42/><U113/><E113/><V96/><F96/><W37/><G103/><T130/><D130/><U118/><E118/><AGARI ba="1,0" hai="80,86,91,95,97,100,109,111,117,118,119" m="50795" machi="118" ten="30,3900,0" yaku="20,1,34,2" doraHai="47" who="0" fromWho="1" sc="128,42,442,-42,61,0,369,0" /><INIT seed="4,0,0,0,4,24" ten="170,400,61,369" oya="0" hai0="68,36,104,6,118,82,109,16,49,130,27,14,120" hai1="106,50,85,119,40,11,88,78,18,52,116,66,41" hai2="64,73,108,72,132,9,89,35,101,28,20,32,79" hai3="63,34,58,87,110,113,127,1,123,134,86,129,45"/><T23/><D120/><U125/><E106/><V51/><F108/><W103/><G34/><T5/><D118/><U15/><E125/><V114/><F114/><W39/><G1/><T124/><D36/><U90/><E116/><V54/><F132/><W25/><G25/><T80/><D124/><U122/><E122/><V48/><F101/><W2/><G2/><T117/><D117/><U99/><E66/><V17/><F64/><W57/><G103/><T105/><D68/><U115/><E115/><V102/><F102/><W4/><G4/><N who="0" m="1643" /><D104/><U55/><E55/><V61/><F73/><W77/><G39/><T135/><D105/><U111/><E111/><V91/><F35/><W84/><G134/><T121/><D121/><U37/><E37/><V70/><F79/><W98/><G77/><T92/><D109/><U53/><E53/><V22/><F32/><W60/><G129/><T12/><D130/><U65/><E65/><V44/><F51/><W19/><G123/><T59/><D92/><N who="1" m="56711" /><E78/><V26/><F72/><W93/><G113/><T46/><D59/><N who="1" m="33175" /><E119/><V42/><F70/><W74/><G45/><T56/><D56/><N who="3" m="21609" /><G74/><T94/><D135/><U3/><E3/><V38/><F61/><N who="3" m="23627" /><G127/><T75/><D75/><U107/><E107/><V67/><F67/><W33/><G33/><T43/><D94/><AGARI ba="0,0" hai="11,15,18,40,41,85,90,94" m="33175,56711" machi="94" ten="30,3900,0" yaku="8,1,54,2" doraHai="24" who="1" fromWho="0" sc="170,-39,400,39,61,0,369,0" /><INIT seed="5,0,0,2,1,115" ten="131,439,61,369" oya="1" hai0="72,35,107,112,65,56,24,7,84,16,92,135,43" hai1="19,70,105,8,18,83,5,87,82,17,13,59,113" hai2="95,111,47,20,58,12,45,73,67,26,90,61,121" hai3="132,85,48,66,28,63,122,4,76,25,79,15,36"/><U31/><E70/><V54/><F111/><W131/><G36/><T71/><D107/><U120/><E120/><V110/><F121/><W30/><G122/><T109/><D112/><U114/><E105/><V38/><F110/><W2/><G2/><T42/><D72/><U98/><E98/><V119/><F73/><W51/><G132/><T3/><D109/><U27/><E59/><V29/><F119/><W118/><G131/><T69/><D3/><U77/><REACH who="1" step="1"/><E83/><REACH who="1" ten="131,429,61,369" step="2"/><V33/><F47/><W75/><G118/><T11/><D56/><U125/><E125/><V108/><F108/><W23/><G75/><T62/><D69/><U44/><E44/><V10/><F45/><W41/><G41/><T52/><D42/><U88/><E88/><V134/><F134/><W34/><G79/><T117/><D43/><U80/><E80/><V57/><F90/><W53/><G53/><T102/><D117/><U104/><E104/><V103/><F54/><W74/><G66/><T128/><D52/><U126/><E126/><V6/><F58/><W116/><G74/><T64/><D128/><U21/><AGARI ba="0,1" hai="5,8,13,17,18,19,21,27,31,77,82,87,113,114" machi="21" ten="30,3000,0" yaku="1,1,0,1,53,0" doraHai="115" doraHaiUra="123" who="1" fromWho="1" sc="131,-10,429,40,61,-10,369,-10" /><INIT seed="5,1,0,1,0,21" ten="121,469,51,359" oya="1" hai0="5,94,63,135,74,109,54,20,25,82,107,89,28" hai1="103,81,19,113,3,51,130,97,88,105,23,123,95" hai2="115,53,47,127,7,71,132,16,14,69,33,58,96" hai3="26,0,68,102,104,48,124,119,34,73,1,129,64"/><U93/><E123/><V99/><F132/><W32/><G48/><T31/><D109/><U44/><E113/><V52/><F7/><W62/><G129/><T83/><D107/><U65/><E3/><V29/><F115/><W126/><G73/><T112/><D112/><U128/><E65/><V60/><F127/><N who="3" m="48683" /><G119/><T90/><D135/><U70/><E70/><V91/><F47/><W40/><G40/><T79/><D5/><U92/><E81/><V35/><F53/><W133/><G133/><T22/><D83/><U116/><E116/><V72/><F72/><W57/><G57/><T15/><D15/><U120/><E120/><V80/><F35/><N who="3" m="13355" /><G26/><T46/><D46/><U39/><E39/><V86/><F71/><W38/><G38/><T118/><D118/><U45/><E44/><V78/><F69/><W114/><G114/><T12/><D12/><U6/><E6/><V2/><F2/><N who="3" m="1131" /><G102/><T125/><D125/><U101/><E101/><V55/><F55/><W66/><G66/><T77/><D54/><U4/><E4/><V131/><F131/><N who="1" m="50217" /><E51/><V76/><F33/><W134/><G104/><T61/><D74/><U87/><E45/><V122/><F122/><W117/><G117/><T111/><D82/><U75/><E75/><V67/><F67/><W9/><G9/><T85/><D63/><U10/><E10/><N who="2" m="6231" /><F29/><W30/><G30/><T108/><D61/><U27/><AGARI ba="1,0" hai="19,23,27,87,88,92,93,95,97,103,105" m="50217" machi="27" ten="30,6000,0" yaku="19,1,52,1,54,1" doraHai="21" who="1" fromWho="1" sc="121,-21,469,63,51,-21,359,-21" /><INIT seed="5,2,0,2,5,44" ten="100,532,30,338" oya="1" hai0="51,48,24,122,35,133,79,31,64,27,91,20,43" hai1="5,129,97,74,101,110,57,2,100,77,127,33,56" hai2="109,37,116,108,96,111,1,84,62,80,90,26,0" hai3="73,86,42,63,60,22,3,104,76,112,106,41,17"/><U113/><E33/><V47/><F116/><W92/><G3/><T120/><D133/><U14/><E2/><V128/><F128/><W66/><G73/><T12/><D43/><U83/><E113/><V126/><F126/><W38/><G112/><T134/><D134/><U85/><E129/><V34/><F62/><W46/><G41/><T32/><D79/><U6/><E127/><V98/><F37/><W69/><G60/><T102/><D102/><U124/><E124/><V18/><F80/><W55/><G76/><T16/><D64/><U25/><E25/><V58/><F58/><W103/><G103/><T4/><D91/><U131/><E131/><V49/><F18/><W88/><REACH who="3" step="1"/><G55/><REACH who="3" ten="100,532,30,328" step="2"/><T28/><D4/><U135/><BYE who="3" /><E135/><V19/><F111/><W107/><G107/><T105/><D105/><U95/><E110/><V23/><F109/><UN n3="%E6%B6%88%E8%B2%BB%E7%A8%8E%E3%82%AD%E3%83%AA%E3%83%B3" /><W7/><G7/><T59/><D59/><U30/><E74/><V11/><F108/><W39/><G39/><T8/><D122/><U9/><E6/><V99/><F1/><W118/><G118/><T67/><D120/><U68/><E68/><V119/><F0/><W81/><G81/><T71/><D67/><U21/><E101/><V130/><F119/><W125/><G125/><T89/><D71/><U10/><E56/><V94/><F130/><W70/><G70/><T82/><D35/><U75/><E57/><V13/><F34/><W61/><G61/><T36/><D36/><U45/><E75/><V29/><F47/><W132/><G132/><T52/><D52/><U53/><E53/><V78/><F78/><RYUUKYOKU ba="2,1" sc="100,10,532,-30,30,10,328,10" hai0="8,12,16,20,24,27,28,31,32,48,51,82,89" hai2="11,13,19,23,26,29,49,84,90,94,96,98,99" hai3="17,22,38,42,46,63,66,69,86,88,92,104,106" /><INIT seed="6,3,1,4,0,60" ten="110,502,40,338" oya="2" hai0="36,47,38,80,122,85,15,117,94,5,109,2,79" hai1="97,49,27,63,48,9,29,77,71,88,92,10,61" hai2="39,13,14,70,23,129,16,100,112,96,42,123,62" hai3="132,0,119,19,53,33,26,118,114,45,69,90,93"/><V12/><F123/><W105/><G105/><T86/><D122/><U43/><E77/><V102/><F112/><W101/><G101/><T66/><D109/><U30/><E71/><V75/><F75/><W67/><G0/><T135/><D135/><U64/><E30/><V116/><F116/><W54/><G33/><T65/><D15/><U81/><E81/><V1/><F1/><W126/><G19/><T58/><D58/><N who="1" m="36919" /><E63/><V74/><F74/><W104/><G26/><T111/><D111/><U124/><E124/><V22/><F129/><W91/><G104/><T72/><D38/><U125/><E125/><V131/><F131/><W106/><G106/><T99/><D86/><U130/><E130/><V133/><F133/><W98/><G126/><T107/><D117/><U56/><E56/><V84/><F84/><W134/><G69/><T128/><D128/><U110/><E110/><V6/><F96/><W73/><G73/><T37/><D37/><U4/><E43/><V82/><F82/><W120/><G120/><T3/><D3/><U59/><E59/><V17/><F42/><W127/><G127/><T41/><D85/><U51/><E4/><V11/><REACH who="2" step="1"/><F39/><REACH who="2" ten="110,502,30,338" step="2"/><W21/><G132/><T34/><D2/><U44/><E44/><V50/><F50/><W24/><G45/><T35/><D47/><U103/><E49/><V28/><F28/><W25/><G134/><T89/><D41/><U46/><E51/><V78/><F78/><W115/><G119/><T95/><D79/><U7/><E48/><V40/><F40/><W83/><G118/><T18/><D72/><RYUUKYOKU ba="3,2" sc="110,-10,502,-10,30,30,338,-10" hai2="6,11,12,13,14,16,17,22,23,62,70,100,102" /><INIT seed="6,4,2,3,2,28" ten="100,492,60,328" oya="2" hai0="116,57,45,36,14,8,48,80,3,20,19,9,83" hai1="123,97,73,38,92,7,107,129,53,50,65,117,77" hai2="64,11,32,99,26,2,113,75,51,127,87,47,84" hai3="124,49,88,25,79,112,133,118,85,41,125,104,10"/><V78/><F113/><W105/><G10/><N who="0" m="4203" /><D36/><U91/><E38/><V61/><F127/><N who="3" m="48715" /><G41/><N who="0" m="24623" /><D3/><U132/><E117/><V106/><F75/><W114/><G49/><T29/><D116/><U12/><E129/><V126/><F126/><W70/><G70/><T86/><D29/><U31/><E132/><V39/><F39/><W58/><G58/><T46/><D46/><U16/><E7/><V100/><F78/><W120/><G25/><T95/><D57/><U134/><E31/><N who="2" m="19575" /><F11/><W6/><G6/><T76/><D83/><U119/><E134/><V62/><F62/><W71/><G71/><T94/><AGARI ba="4,2" hai="14,19,20,76,80,86,94,95" m="24623,4203" machi="94" ten="30,1100,0" yaku="8,1" doraHai="28" who="0" fromWho="0" sc="100,43,492,-7,60,-9,328,-7" /><INIT seed="7,0,0,5,3,122" ten="143,485,51,321" oya="3" hai0="74,37,117,64,71,94,20,109,57,81,0,26,77" hai1="29,30,75,83,98,62,82,3,47,1,15,11,95" hai2="133,8,130,119,100,99,69,72,93,9,55,13,44" hai3="86,92,14,12,63,118,97,56,43,87,88,61,32"/><W129/><G32/><T67/><D117/><U50/><E3/><V60/><F119/><W114/><G118/><T108/><D37/><U52/><E1/><V59/><F133/><W35/><G35/><T66/><D71/><U45/><E62/><V53/><F130/><W91/><G129/><T48/><D0/><U105/><E105/><V89/><F72/><W70/><G114/><T112/><D112/><U110/><E110/><V68/><F68/><W128/><G128/><T120/><D108/><U38/><E75/><V85/><F69/><W134/><G134/><T79/><D109/><U16/><E38/><V34/><F34/><W80/><G43/><T90/><D77/><U115/><E47/><V18/><F44/><W40/><G40/><T123/><D48/><U2/><E2/><V22/><REACH who="2" step="1"/><F55/><REACH who="2" ten="143,485,41,321" step="2"/><W58/><G70/><T126/><D120/><U42/><E52/><V121/><F121/><W107/><G107/><T23/><D123/><U21/><E115/><V78/><F78/><W76/><G58/><T132/><D79/><U103/><E30/><V106/><F106/><W96/><G56/><T104/><D57/><U25/><AGARI ba="0,1" hai="11,15,16,21,25,29,42,45,50,82,83,95,98,103" machi="25" ten="30,4000,0" yaku="0,1,8,1,54,1" doraHai="122" who="1" fromWho="1" sc="143,-10,485,50,41,-10,321,-20" owari="133,-27.0,535,64.0,31,-47.0,301,10.0" /></mjloggm>