<mjloggm ver="2.3"><GO type="169" lobby="0"/><UN n0="%73%68%6F%35%35%35%35%35" n1="%67%61%79%75%6E%79" n2="%E5%A4%A7%E8%B3%A2%E8%89%AF%E5%B8%AB" n3="%E6%A0%B9%E5%85%83%E3%81%8B%E3%82%89%E5%90%B9%E3%81%A3%E9%A3%9B%E3%81%B6" dan="16,16,16,17" rate="2095.24,2074.51,2058.24,2169.28" sx="M,M,M,F"/><TAIKYOKU oya="0"/><INIT seed="0,0,0,5,5,35" ten="250,250,250,250" oya="0" hai0="97,121,32,10,74,90,93,71,117,14,52,13,17" hai1="135,119,126,111,129,81,84,56,37,98,31,26,42" hai2="107,6,53,40,61,51,85,95,20,76,124,105,125" hai3="77,9,0,50,80,113,47,16,4,75,29,62,70"/><T86/><BYE who="1" /><D121/><U72/><E72/><V65/><F6/><W120/><G113/><T3/><D74/><UN n1="%67%61%79%75%6E%79" /><U54/><E119/><V103/><F40/><W63/><G120/><T49/><D71/><U130/><E111/><V5/><F5/><W39/><G29/><T44/><D32/><U82/><E135/><V25/><F76/><W30/><G30/><T46/><D117/><U94/><E126/><N who="2" m="48747" /><F85/><W101/><G101/><T100/><D14/><U78/><E82/><V38/><F38/><W89/><G89/><T24/><D24/><U58/><E42/><V7/><F7/><W131/><G131/><N who="1" m="50186" /><E54/><V91/><F91/><W19/><G39/><T41/><D3/><U73/><E37/><V18/><F95/><W108/><G108/><T106/><REACH who="0" step="1"/><D41/><REACH who="0" ten="240,250,250,250" step="2"/><U69/><E69/><N who="2" m="42159" /><F103/><W57/><G70/><T36/><D36/><U112/><E73/><V102/><F102/><W87/><G75/><T48/><D48/><U15/><E112/><V118/><F118/><W22/><G50/><T115/><D115/><U59/><E15/><V60/><F60/><W104/><G63/><T83/><D83/><U132/><E26/><V99/><F51/><W134/><G62/><T55/><D55/><U8/><E81/><V43/><F53/><W92/><G80/><T1/><D1/><U122/><E122/><V33/><F43/><W110/><G0/><T34/><D34/><U12/><E12/><V114/><F33/><W27/><G110/><T127/><D127/><U66/><E66/><V96/><F114/><W133/><G27/><T68/><D68/><U88/><E132/><RYUUKYOKU ba="0,1" sc="240,15,250,-15,250,15,250,-15" hai0="10,13,17,44,46,49,52,86,90,93,97,100,106" hai2="18,20,25,96,99,105,107" /><INIT seed="0,1,1,1,1,76" ten="255,235,265,235" oya="0" hai0="94,102,87,123,47,45,18,66,69,75,24,5,30" hai1="89,23,83,15,50,9,0,68,63,90,11,106,120" hai2="12,2,71,116,82,79,14,91,114,60,54,104,95" hai3="131,7,39,51,6,52,13,85,36,1,27,73,3"/><T17/><D75/><U100/><E120/><V56/><F104/><W103/><G73/><T19/><D123/><U111/><E111/><V22/><F2/><W40/><G103/><T129/><D5/><U26/><E0/><V108/><F114/><W48/><G13/><T62/><D129/><U67/><E11/><V122/><F122/><W135/><G27/><T8/><D8/><U44/><E100/><V37/><F37/><W72/><G72/><T65/><D66/><U46/><E106/><V128/><F108/><W57/><G135/><T133/><D133/><U118/><E118/><V59/><F71/><W107/><G107/><T93/><D94/><U38/><E38/><V97/><F128/><W55/><G40/><T124/><D124/><U81/><E90/><V115/><F115/><W77/><G77/><T109/><D109/><U32/><E89/><V78/><F116/><W70/><G85/><T105/><D105/><U134/><E44/><V21/><F59/><W98/><G57/><T99/><REACH who="0" step="1"/><D87/><REACH who="0" ten="245,235,265,235" step="2"/><U80/><E134/><V31/><F95/><W84/><G84/><T112/><D112/><U16/><E32/><AGARI ba="1,2" hai="17,18,19,24,30,32,45,47,62,65,69,93,99,102" machi="32" ten="40,2000,0" yaku="1,1,53,0" doraHai="76" doraHaiUra="127" who="0" fromWho="1" sc="245,43,235,-23,265,0,235,0" /><INIT seed="0,2,0,3,2,94" ten="288,212,265,235" oya="0" hai0="7,114,109,135,32,79,76,13,11,118,108,4,71" hai1="85,125,60,19,90,15,44,61,73,123,16,112,54" hai2="37,18,127,50,65,5,8,23,70,47,0,101,29" hai3="82,89,93,58,131,92,57,45,119,75,103,83,55"/><T91/><D71/><U74/><E123/><V88/><F127/><W22/><G119/><T36/><D114/><U3/><E3/><V99/><F37/><W122/><G131/><T39/><D118/><U77/><E112/><V38/><F38/><W34/><G34/><T27/><D135/><U66/><E125/><V52/><F29/><W110/><G110/><N who="0" m="42603" /><D4/><U130/><E130/><V116/><F116/><W98/><G122/><T14/><D13/><U51/><E77/><N who="0" m="29769" /><D91/><U115/><E115/><V1/><F1/><W129/><G75/><T48/><D48/><U72/><E66/><V63/><F88/><N who="3" m="55591" /><G129/><T124/><D124/><U128/><E128/><V9/><F9/><W26/><G103/><T96/><D96/><U21/><REACH who="1" step="1"/><E19/><REACH who="1" ten="288,202,265,235" step="2"/><V80/><F18/><N who="3" m="12631" /><G45/><T81/><D81/><AGARI ba="2,1" hai="15,16,21,44,51,54,60,61,72,73,74,81,85,90" machi="81" ten="40,5200,0" yaku="1,1,54,1,53,1" doraHai="94" doraHaiUra="40" who="1" fromWho="0" sc="288,-58,202,68,265,0,235,0" /><INIT seed="1,0,0,5,0,3" ten="230,270,265,235" oya="1" hai0="70,12,32,29,94,110,98,82,95,55,36,84,89" hai1="100,14,44,31,122,85,18,30,115,38,78,27,125" hai2="75,77,124,112,2,45,127,114,49,59,66,56,135" hai3="91,51,11,9,10,34,119,16,46,117,1,58,123"/><U130/><E122/><V54/><F2/><W69/><G69/><T104/><D36/><U41/><E115/><N who="2" m="44075" /><F77/><W25/><G123/><T71/><D104/><U80/><E130/><V35/><F75/><W7/><G58/><N who="2" m="22057" /><F35/><W76/><G76/><T43/><D43/><U81/><E125/><N who="2" m="48203" /><F135/><W92/><G34/><T113/><D95/><U134/><E134/><V106/><F106/><W57/><G57/><T65/><D113/><U72/><E100/><V101/><F101/><W19/><G25/><T4/><D32/><U53/><E53/><V121/><F121/><W79/><G79/><T99/><D55/><U47/><E47/><V133/><F133/><W90/><G11/><T60/><D99/><U48/><E38/><V105/><F105/><W33/><G10/><T128/><D98/><U86/><E72/><V88/><F88/><N who="3" m="33835" /><G92/><T24/><D94/><U22/><E27/><V8/><F8/><W96/><G96/><T52/><D24/><U83/><E78/><V118/><F118/><N who="3" m="45067" /><G33/><T23/><D89/><U20/><REACH who="1" step="1"/><E22/><REACH who="1" ten="230,260,265,235" step="2"/><V68/><F66/><W108/><G108/><T21/><D65/><U103/><E103/><V132/><F132/><W120/><G120/><T5/><D110/><U116/><E116/><V17/><F68/><W42/><AGARI ba="0,1" hai="1,7,9,16,19,42,46,51" m="45067,33835" machi="42" ten="30,7900,0" yaku="12,1,52,1,54,2" doraHai="3" who="3" fromWho="3" sc="230,-20,260,-39,265,-20,235,89" /><INIT seed="2,0,0,0,4,44" ten="210,221,245,324" oya="2" hai0="125,36,62,57,52,124,128,18,65,132,25,112,53" hai1="93,27,60,54,102,21,113,99,135,1,0,58,8" hai2="16,2,48,78,6,110,107,97,19,13,14,104,81" hai3="7,123,86,67,89,116,29,33,111,75,120,101,38"/><V30/><F110/><W50/><G116/><T103/><D112/><U88/><E135/><V90/><F30/><W24/><G38/><T119/><D103/><U42/><E113/><V49/><F2/><W51/><G75/><T118/><D25/><U37/><E8/><N who="2" m="4247" /><F107/><W114/><G114/><T121/><D18/><N who="2" m="6698" /><F104/><W106/><G111/><T94/><D94/><U40/><E0/><V4/><F78/><W82/><G67/><T76/><D76/><U73/><E1/><V108/><F108/><W10/><G101/><T117/><D132/><U109/><E73/><V28/><F28/><W55/><G106/><T126/><D121/><U96/><E109/><V63/><F63/><W100/><G100/><T95/><D95/><N who="1" m="58751" /><E37/><V61/><F61/><W69/><G69/><T87/><D87/><U84/><E84/><N who="2" m="50447" /><F97/><W56/><REACH who="3" step="1"/><G51/><REACH who="3" ten="210,221,245,314" step="2"/><T134/><D36/><U92/><E92/><V105/><F105/><W70/><G70/><T39/><D39/><U64/><E64/><V127/><F127/><W131/><G131/><T129/><D134/><U59/><E93/><V115/><F115/><W77/><G77/><T11/><D11/><AGARI ba="0,1" hai="4,11,14,48,49" m="50447,6698,4247" machi="11" ten="30,11600,0" yaku="8,1,52,2,54,1" doraHai="44" who="2" fromWho="0" sc="210,-116,221,0,245,126,314,0" /><INIT seed="2,1,0,4,5,135" ten="94,221,371,314" oya="2" hai0="133,11,95,34,85,25,82,12,112,14,84,65,32" hai1="58,3,127,111,124,121,42,64,128,77,105,88,39" hai2="46,98,83,113,45,52,50,38,66,90,20,30,43" hai3="102,36,5,47,31,132,129,54,27,10,63,99,1"/><V35/><F35/><W33/><G129/><T80/><D112/><U117/><E117/><V40/><F113/><W103/><G132/><T61/><D133/><U125/><E128/><V123/><F123/><W48/><G36/><T114/><D114/><U75/><E3/><V9/><F66/><W89/><G89/><T60/><D95/><U59/><E121/><V101/><F9/><W23/><G63/><T8/><D25/><U67/><E105/><V71/><F71/><W57/><G47/><T29/><D29/><U108/><E88/><V7/><F7/><W97/><REACH who="3" step="1"/><G33/><REACH who="3" ten="94,221,371,304" step="2"/><T120/><D120/><U51/><E39/><V6/><F90/><W79/><G79/><T44/><D65/><N who="1" m="25163" /><E77/><V131/><F131/><W41/><G41/><T78/><D78/><U116/><E116/><V37/><F37/><W81/><G81/><T100/><D44/><N who="1" m="26007" /><E75/><V107/><F83/><W16/><G16/><T93/><D100/><AGARI ba="1,1" hai="1,5,10,23,27,31,48,54,57,97,99,100,102,103" machi="100" ten="40,2600,0" yaku="1,1,53,1" doraHai="135" doraHaiUra="21" who="3" fromWho="0" sc="94,-29,221,0,371,0,304,39" /><INIT seed="3,0,0,4,4,103" ten="65,221,371,343" oya="3" hai0="42,96,89,51,22,41,11,59,74,105,33,19,53" hai1="8,116,86,50,47,13,29,124,128,109,55,114,93" hai2="97,14,37,84,135,10,80,54,39,127,129,24,90" hai3="65,70,102,99,26,126,115,64,101,91,38,82,132"/><W30/><G115/><T112/><D33/><U7/><E114/><V85/><F135/><W118/><G118/><T117/><D112/><U4/><E116/><V73/><F73/><W72/><G132/><T106/><D74/><U62/><E124/><V78/><F129/><W75/><G126/><T122/><D117/><U6/><E128/><V87/><F127/><W12/><G38/><T32/><D32/><U27/><E109/><V57/><F24/><W134/><G134/><T15/><D122/><U52/><E62/><N who="2" m="36151" /><F39/><W119/><G119/><T40/><D96/><U2/><E2/><V79/><F37/><W49/><G12/><T58/><D58/><U111/><E111/><V67/><F67/><W71/><G49/><T125/><D125/><U36/><E36/><V81/><F97/><W68/><G91/><T83/><REACH who="0" step="1"/><D11/><REACH who="0" ten="55,221,371,343" step="2"/><U88/><REACH who="1" step="1"/><E55/><REACH who="1" ten="55,211,371,343" step="2"/><V20/><F79/><N who="3" m="44391" /><G71/><T28/><D28/><U34/><AGARI ba="0,2" hai="4,6,7,8,13,27,29,34,47,50,52,86,88,93" machi="34" ten="20,8000,1" yaku="1,1,0,1,7,1,54,2,53,0" doraHai="103" doraHaiUra="92" who="1" fromWho="1" sc="55,-20,211,100,371,-20,343,-40" /><INIT seed="4,0,0,5,2,48" ten="35,311,351,303" oya="0" hai0="35,37,93,41,76,103,116,65,75,72,18,57,105" hai1="52,130,92,9,8,113,31,27,6,59,16,83,1" hai2="0,119,12,107,46,42,134,24,11,38,124,58,110" hai3="71,70,89,30,2,118,64,62,97,117,39,91,128"/><T15/><D116/><U60/><E130/><V47/><F107/><W56/><G128/><T26/><D105/><U94/><E113/><V68/><F68/><W4/><G70/><T115/><D37/><U20/><E83/><V102/><F110/><W36/><G30/><T104/><D41/><U23/><E9/><V61/><F102/><W82/><G91/><T13/><D104/><U7/><E7/><V34/><F0/><W63/><G39/><T10/><D76/><U3/><E3/><V73/><F73/><W19/><G36/><T114/><D15/><AGARI ba="0,0" hai="1,6,8,15,16,20,23,27,31,52,59,60,92,94" machi="15" ten="30,7700,0" yaku="7,1,52,1,54,2" doraHai="48" who="1" fromWho="0" sc="35,-77,311,77,351,0,303,0" owari="-42,-54.0,388,49.0,351,15.0,303,-10.0" /></mjloggm>