<mjloggm ver="2.3"><GO type="169" lobby="0"/><UN n0="%E3%81%B2%E3%81%A3%E3%81%93%E3%82%8D%32%36" n1="%74%6F%72%69%30%36%31%32" n2="%E3%83%8B%E3%83%A3%E3%83%83%E3%83%94%E3%83%BC%E5%A4%8F%E7%9B%AE" n3="%E3%81%B5%E3%81%98%E3%81%8B%E3%81%A4" dan="16,17,18,16" rate="2121.36,2201.22,2261.07,2121.78" sx="M,M,M,M"/><TAIKYOKU oya="0"/><INIT seed="0,0,0,4,1,106" ten="250,250,250,250" oya="0" hai0="64,120,86,105,3,46,115,31,118,87,131,12,26" hai1="134,22,100,10,127,68,94,32,40,98,61,49,47" hai2="135,119,35,50,13,67,109,60,70,75,77,53,103" hai3="30,102,88,20,23,91,54,15,41,11,110,128,79"/><T85/><D120/><U5/><E32/><V101/><F109/><W57/><G110/><T9/><D105/><U25/><E127/><V28/><F135/><W2/><G128/><T111/><D115/><U117/><E134/><V112/><F112/><W18/><G102/><T16/><D3/><U48/><E117/><V73/><F119/><W133/><G79/><T80/><D118/><U42/><E61/><V62/><F62/><W97/><G41/><T56/><D131/><U124/><E68/><V21/><F35/><W39/><G39/><T113/><D113/><U126/><E49/><V43/><F43/><W84/><G133/><T44/><D111/><U34/><E34/><V51/><F51/><W7/><G97/><T38/><D38/><U130/><E42/><V114/><F114/><W93/><G91/><T129/><D129/><U36/><E36/><V65/><F65/><W33/><G23/><N who="0" m="15839" /><D80/><U99/><E99/><V107/><F107/><W92/><G92/><T123/><D123/><U45/><E45/><N who="0" m="17513" /><D56/><U55/><E40/><V24/><F13/><W90/><G90/><T95/><D64/><U6/><E130/><V132/><F132/><W74/><G33/><T121/><D121/><U0/><REACH who="1" step="1"/><E6/><REACH who="1" ten="250,240,250,250" step="2"/><V83/><REACH who="2" step="1"/><F75/><REACH who="2" ten="250,240,240,250" step="2"/><W14/><G74/><T72/><D72/><U1/><E1/><V69/><F69/><W63/><G2/><T125/><D125/><U66/><E66/><V76/><F76/><W108/><G108/><T59/><D59/><AGARI ba="0,2" hai="21,24,28,50,53,59,60,67,70,73,77,83,101,103" machi="59" ten="30,7700,0" yaku="1,1,7,1,52,1,53,1" doraHai="106" doraHaiUra="104" who="2" fromWho="0" sc="250,-77,240,0,240,97,250,0" /><INIT seed="1,0,0,4,1,69" ten="173,240,337,250" oya="1" hai0="125,127,84,35,108,82,107,131,39,70,14,133,66" hai1="30,33,134,79,130,135,106,11,132,62,96,22,56" hai2="100,87,40,47,16,71,37,121,26,17,89,57,21" hai3="117,53,114,3,111,118,52,81,80,91,123,19,103"/><U13/><E33/><V54/><F121/><W110/><G3/><T99/><D39/><U36/><E36/><V92/><F71/><W38/><G103/><T60/><D35/><U7/><E79/><V93/><F100/><W112/><G19/><T55/><D55/><N who="3" m="21065" /><G91/><T58/><D58/><U68/><E68/><V23/><F92/><W10/><G10/><T45/><D45/><U51/><E51/><V76/><F76/><W72/><G72/><T42/><D42/><U94/><E106/><V129/><F129/><W43/><G81/><T29/><D14/><U46/><E46/><V115/><F115/><N who="3" m="44075" /><G80/><T32/><D131/><U124/><E124/><N who="0" m="47689" /><D133/><U88/><E130/><V20/><REACH who="2" step="1"/><F17/><REACH who="2" ten="173,240,327,250" step="2"/><W95/><G95/><T120/><D120/><U86/><E96/><V75/><F75/><W65/><G123/><T105/><D99/><U85/><E85/><V77/><F77/><W28/><G28/><T8/><D105/><U2/><E30/><V31/><F31/><W1/><G1/><T50/><D107/><U73/><E73/><V78/><F78/><W104/><G104/><T27/><D29/><U4/><E2/><V113/><F113/><W15/><G15/><T34/><D70/><U74/><E74/><V44/><F44/><N who="3" m="23671" /><G65/><T119/><D66/><N who="1" m="39239" /><E7/><V61/><AGARI ba="0,1" hai="16,20,21,23,26,37,40,47,54,57,61,87,89,93" machi="61" ten="20,12000,2" yaku="1,1,0,1,7,1,52,1,54,1,53,1" doraHai="69" doraHaiUra="49" who="2" fromWho="2" sc="173,-30,240,-60,327,130,250,-30" /><INIT seed="2,0,0,2,3,38" ten="143,180,457,220" oya="2" hai0="130,10,128,6,75,67,47,101,80,41,61,46,12" hai1="39,3,52,29,109,103,127,20,33,17,118,9,24" hai2="82,51,112,122,111,121,71,69,5,100,1,134,18" hai3="86,74,45,131,83,26,115,84,22,42,40,107,126"/><V49/><F100/><W78/><G115/><T119/><D119/><U117/><E103/><V14/><F82/><W79/><G107/><T2/><D101/><U11/><E39/><V77/><F77/><W4/><G131/><T135/><D47/><U43/><E43/><N who="3" m="16426" /><G74/><T8/><D135/><U50/><E127/><V72/><F5/><W54/><G126/><T94/><D94/><U25/><E109/><V91/><F1/><W120/><G120/><T93/><D93/><U106/><E106/><V60/><F72/><W28/><G4/><T85/><D75/><U98/><E98/><V114/><F71/><W133/><G133/><T105/><D105/><U92/><E92/><V88/><F69/><W73/><G73/><T123/><D123/><U19/><E19/><V65/><F134/><W70/><G70/><T89/><D8/><U104/><E104/><V90/><F111/><W113/><G113/><T34/><D34/><U37/><E37/><V27/><F114/><W13/><G13/><T87/><D87/><N who="3" m="33321" /><G83/><T108/><D108/><U96/><E3/><V97/><F112/><W57/><G45/><T81/><D80/><U48/><E118/><V7/><F121/><W59/><G59/><T58/><REACH who="0" step="1"/><D2/><REACH who="0" ten="133,180,457,220" step="2"/><U44/><E117/><V95/><F122/><W55/><G55/><T116/><D116/><U129/><E52/><V16/><F95/><W132/><G132/><T56/><D56/><U110/><E44/><V66/><F97/><W36/><G36/><AGARI ba="0,1" hai="6,10,12,36,41,46,58,61,67,81,85,89,128,130" machi="36" ten="40,5200,0" yaku="1,1,52,1,53,1" doraHai="38" doraHaiUra="0" who="0" fromWho="3" sc="133,62,180,0,457,0,220,-52" /><INIT seed="3,0,0,4,4,61" ten="195,180,457,168" oya="3" hai0="64,19,18,124,127,6,51,50,38,73,131,95,2" hai1="44,40,32,96,66,21,24,36,52,48,55,17,45" hai2="22,62,47,77,53,20,126,49,25,80,23,43,58" hai3="134,39,3,7,82,88,30,93,119,29,121,37,97"/><W78/><G121/><T113/><D73/><U57/><E32/><V11/><F126/><N who="0" m="48170" /><D38/><U106/><E106/><V59/><F59/><W103/><G119/><T67/><D131/><U86/><E96/><V105/><F105/><W1/><G134/><T99/><D2/><U75/><E75/><V109/><F109/><W54/><G103/><N who="0" m="60927" /><D6/><U116/><E116/><V63/><F11/><W108/><G108/><T16/><D113/><U76/><E66/><AGARI ba="0,0" hai="16,18,19,50,51,64,66,67" m="60927,48170" machi="66" ten="30,8000,1" yaku="18,1,52,3,54,1" doraHai="61" who="0" fromWho="1" sc="195,80,180,-80,457,0,168,0" /><INIT seed="4,0,0,0,1,121" ten="275,100,457,168" oya="0" hai0="44,60,69,117,58,33,36,29,110,102,24,54,72" hai1="97,111,66,32,92,49,134,61,105,132,90,81,28" hai2="22,87,25,14,30,122,118,40,99,100,19,101,130" hai3="63,114,126,55,86,3,8,77,11,10,50,135,62"/><T21/><D117/><U6/><E105/><V129/><F122/><W16/><G135/><N who="1" m="51754" /><E6/><V46/><F87/><W125/><G126/><T0/><D72/><U68/><E81/><V82/><F82/><N who="3" m="47439" /><G3/><T75/><D0/><U45/><E28/><V96/><F118/><W94/><G125/><T78/><D102/><U39/><E39/><V43/><F99/><W51/><G114/><T112/><D112/><U80/><E80/><V95/><F100/><W85/><G85/><T48/><D78/><U127/><E32/><V52/><F52/><W76/><G76/><T13/><D75/><U84/><E84/><V12/><F12/><N who="3" m="7175" /><G94/><T109/><D13/><U23/><E23/><N who="2" m="11767" /><F46/><N who="3" m="28119" /><G51/><T7/><D7/><U119/><E119/><V4/><F4/><W1/><G1/><T38/><D33/><U104/><E104/><V124/><F124/><W18/><G18/><T108/><D69/><U120/><E127/><V34/><F34/><W98/><G98/><T131/><D131/><AGARI ba="0,0" hai="22,25,30,40,43,95,96,101,129,130,131" m="11767" machi="131" ten="30,1000,0" yaku="19,1" doraHai="121" who="2" fromWho="0" sc="275,-10,100,0,457,10,168,0" /><INIT seed="5,0,0,3,1,68" ten="265,100,467,168" oya="1" hai0="69,28,63,71,112,3,117,40,107,60,91,25,62" hai1="82,33,124,31,57,20,75,58,35,131,111,119,43" hai2="59,9,96,6,66,120,29,14,51,56,16,76,115" hai3="32,118,121,1,113,126,49,101,134,48,114,73,79"/><U132/><E119/><V85/><F120/><W0/><G121/><T127/><D117/><U30/><E20/><V86/><F115/><N who="3" m="44043" /><G118/><T128/><D3/><N who="3" m="1097" /><G101/><T7/><D7/><U109/><E43/><V47/><F29/><N who="1" m="10761" /><E124/><V135/><F135/><W50/><G32/><N who="1" m="12362" /><E132/><V34/><F34/><W11/><G134/><T133/><D127/><U108/><E131/><V18/><F96/><W53/><G126/><T8/><D128/><U45/><E45/><V74/><F74/><W41/><G41/><T21/><D133/><U90/><E90/><V129/><F129/><W23/><G11/><T67/><D112/><U5/><E5/><V102/><F102/><W38/><G23/><T88/><D40/><U42/><E42/><N who="2" m="25079" /><F59/><N who="1" m="22537" /><E82/><N who="2" m="47303" /><F86/><W122/><G122/><T72/><D8/><U77/><E77/><V70/><F70/><W46/><G79/><T26/><D72/><AGARI ba="0,0" hai="72,75,108,109,111" m="22537,12362,10761" machi="72" ten="40,7700,0" yaku="28,2,10,1" doraHai="68" who="1" fromWho="0" sc="265,-77,100,77,467,0,168,0" /><INIT seed="5,1,0,4,4,101" ten="188,177,467,168" oya="1" hai0="68,14,59,18,45,70,121,60,25,119,26,63,131" hai1="116,16,43,115,64,49,111,6,129,58,10,104,31" hai2="28,126,117,7,30,21,124,42,37,118,46,24,120" hai3="97,69,35,81,13,66,61,83,72,4,32,84,57"/><U19/><E116/><V67/><F120/><W34/><G72/><T47/><D119/><U39/><E104/><V65/><F28/><W33/><N who="3" m="8192" /><DORA hai="5" /><W122/><G122/><T56/><D121/><U133/><E31/><V102/><F102/><W71/><G97/><T125/><D125/><N who="2" m="48234" /><F7/><W123/><G123/><T0/><D18/><N who="1" m="6699" /><E39/><V113/><F113/><W8/><REACH who="3" step="1"/><G83/><REACH who="3" ten="188,177,467,158" step="2"/><T82/><D82/><U103/><E115/><V52/><F118/><W132/><G132/><T53/><D131/><U44/><E133/><V27/><F117/><W9/><G9/><T15/><D53/><U17/><E129/><V38/><F38/><W3/><G3/><AGARI ba="1,1" hai="0,3,14,15,25,26,45,47,56,59,60,63,68,70" machi="3" ten="25,1600,0" yaku="22,2" doraHai="101,5" who="0" fromWho="3" sc="188,29,177,0,467,0,158,-19" /><INIT seed="6,0,0,0,5,88" ten="217,177,467,139" oya="2" hai0="23,46,102,19,6,105,86,17,120,10,75,0,51" hai1="24,35,34,121,132,112,20,44,81,8,133,72,2" hai2="62,69,7,43,97,12,59,42,126,71,15,28,65" hai3="106,92,134,98,90,1,49,111,47,38,94,45,124"/><V87/><F126/><W101/><G111/><T95/><D120/><U41/><E112/><V99/><F28/><W89/><G1/><T5/><D75/><U78/><E121/><V82/><F69/><W11/><G124/><T103/><D105/><U53/><E53/><V9/><F71/><W119/><G134/><N who="1" m="51818" /><E20/><V85/><F85/><W76/><G119/><T117/><D6/><N who="1" m="1111" /><E24/><V125/><F125/><W4/><G76/><T73/><D73/><U36/><AGARI ba="0,0" hai="34,35,36,41,44,72,78,81" m="1111,51818" machi="36" ten="30,4000,0" yaku="25,1,20,1,23,1" doraHai="88" who="1" fromWho="1" sc="217,-10,177,40,467,-20,139,-10" /><INIT seed="7,0,0,5,3,72" ten="207,217,447,129" oya="3" hai0="8,132,115,12,55,133,73,118,124,108,71,131,91" hai1="58,68,61,48,28,20,97,81,110,24,100,47,27" hai2="15,87,11,13,112,94,85,19,66,98,7,75,32" hai3="77,99,78,125,69,62,127,113,104,130,1,23,29"/><W39/><G1/><T5/><D118/><U17/><E68/><V114/><F32/><W0/><G0/><T25/><D108/><U35/><E81/><V42/><F75/><W9/><G9/><T89/><D131/><U80/><E80/><V53/><F66/><N who="3" m="41175" /><G130/><T49/><D73/><U44/><E110/><V70/><F70/><W21/><G39/><T31/><D71/><U10/><E10/><N who="2" m="6647" /><F53/><W22/><G29/><T76/><D76/><N who="3" m="29289" /><G99/><T2/><D2/><U30/><E48/><V50/><F50/><W79/><N who="3" m="29297" /><W102/><DORA hai="119" /><G102/><T129/><D129/><U63/><E30/><V46/><F46/><W103/><G113/><N who="2" m="43625" /><F42/><W107/><G103/><AGARI ba="0,0" hai="7,11,13,85,87,94,98,103" m="43625,6647" machi="103" ten="30,1000,0" yaku="15,1" doraHai="72,119" who="2" fromWho="3" sc="207,0,217,0,447,10,129,-10" owari="207,-19.0,217,2.0,457,55.0,119,-38.0" /></mjloggm>