<mjloggm ver="2.3"><GO type="225" lobby="0"/><UN n0="%6E%61%6F%6B%69%33%39" n1="%E3%81%84%E3%81%84%E3%81%9E" n2="%E3%81%93%E3%81%84%E3%82%8F%E3%81%84%E3%82%88%E3%81%A4%E3%81%B0" n3="%E9%B3%B3%E6%9D%B1%E3%81%AE%E3%81%86%E3%81%95%E3%81%8E%E3%81%95%E3%82%93" dan="17,16,18,18" rate="2196.32,2114.08,2241.07,2145.44" sx="M,M,M,M"/><TAIKYOKU oya="0"/><INIT seed="0,0,0,0,4,19" ten="250,250,250,250" oya="0" hai0="73,6,58,99,32,39,110,114,0,27,14,41,115" hai1="86,111,87,105,21,17,24,72,64,90,20,37,130" hai2="96,119,85,106,94,56,44,128,9,112,38,78,109" hai3="71,100,23,61,12,129,2,91,60,36,40,25,88"/><T133/><D73/><U50/><E111/><V124/><F56/><W125/><G2/><T30/><D41/><U93/><E37/><V49/><F38/><W8/><G129/><T52/><D39/><U81/><E105/><V135/><F9/><W29/><G125/><T45/><D45/><U75/><E130/><V16/><F128/><W62/><G71/><T42/><D42/><U43/><E64/><V5/><F5/><N who="3" m="3087" /><G36/><T11/><D110/><U95/><E43/><V120/><F112/><W7/><G100/><T13/><D133/><U92/><E50/><V68/><F68/><W79/><G79/><T66/><D66/><U103/><E86/><V54/><F120/><W118/><G118/><T122/><D122/><U98/><REACH who="1" step="1"/><E20/><REACH who="1" ten="250,240,250,250" step="2"/><V28/><F85/><W33/><G40/><T51/><D114/><U83/><E83/><V76/><F106/><W57/><G33/><T22/><D115/><U82/><E82/><V1/><F49/><W84/><G84/><T34/><D34/><U10/><E10/><V53/><F109/><W132/><G132/><T131/><D131/><U107/><AGARI ba="0,1" hai="17,21,24,72,75,81,87,90,92,93,95,98,103,107" machi="107" ten="30,7900,0" yaku="1,1,0,1,52,1,53,1" doraHai="19" doraHaiUra="97" who="1" fromWho="1" sc="250,-39,240,89,250,-20,250,-20" /><INIT seed="1,0,0,5,1,135" ten="211,329,230,230" oya="1" hai0="64,107,106,81,55,90,105,124,18,34,57,40,83" hai1="53,24,111,6,88,13,89,129,95,12,73,93,131" hai2="101,26,67,61,125,4,86,22,108,52,98,14,56" hai3="133,126,71,76,28,109,128,122,121,50,21,127,70"/><U1/><E73/><V44/><F108/><W5/><G76/><T43/><D34/><U92/><E111/><V35/><F35/><W62/><G109/><T54/><D64/><U36/><E36/><V100/><F125/><N who="3" m="47627" /><G128/><N who="1" m="49226" /><E24/><V120/><F120/><N who="3" m="46187" /><G133/><T74/><D124/><U31/><E31/><V87/><F14/><N who="1" m="5737" /><E53/><V23/><F4/><W69/><G5/><T8/><D18/><U66/><E66/><V102/><F98/><W0/><G0/><T114/><D74/><U132/><E132/><V119/><F119/><W134/><G134/><T78/><D54/><U45/><E45/><V123/><F123/><W84/><G84/><T63/><D55/><U59/><E59/><V15/><F15/><W30/><G21/><T7/><D7/><U110/><E110/><V20/><REACH who="2" step="1"/><F26/><REACH who="2" ten="211,329,220,230" step="2"/><W42/><G62/><T41/><D63/><U96/><E96/><V94/><F94/><W68/><N who="3" m="17408" /><DORA hai="9" /><W75/><G75/><T19/><D106/><U80/><E80/><V39/><F39/><W10/><G10/><AGARI ba="0,1" hai="1,6,10,88,89,92,93,95" m="5737,49226" machi="10" ten="40,12000,1" yaku="19,1,52,3,54,1" doraHai="135,9" who="1" fromWho="3" sc="211,0,329,130,220,0,230,-120" /><INIT seed="1,1,0,1,3,22" ten="211,459,220,110" oya="1" hai0="51,115,126,93,68,70,112,125,61,109,17,2,135" hai1="108,9,42,88,96,78,24,50,15,38,119,16,76" hai2="29,97,83,120,107,39,35,85,5,6,117,133,55" hai3="59,56,41,123,130,121,111,129,71,33,26,34,54"/><U57/><E119/><V105/><F117/><W8/><G71/><T127/><D2/><U67/><E38/><V98/><F120/><N who="3" m="46155" /><G41/><T11/><D93/><N who="1" m="56359" /><E108/><V48/><F39/><W37/><G37/><T52/><D109/><U134/><E134/><V79/><F133/><W118/><G118/><T73/><D73/><U28/><E67/><V100/><F35/><N who="3" m="13323" /><G111/><T101/><D101/><U1/><E1/><V110/><F110/><W99/><G99/><T18/><D135/><U132/><E132/><V102/><REACH who="2" step="1"/><F29/><REACH who="2" ten="211,459,210,110" step="2"/><W92/><G130/><T46/><D115/><U122/><E28/><V103/><F103/><W72/><G129/><T21/><D112/><U60/><E122/><V47/><AGARI ba="1,1" hai="5,6,47,48,55,79,83,85,97,98,100,102,105,107" machi="47" ten="20,12000,2" yaku="1,1,0,1,7,1,9,1,53,2" doraHai="22" doraHaiUra="3" who="2" fromWho="2" sc="211,-31,459,-61,210,133,110,-31" /><INIT seed="2,0,0,1,4,60" ten="180,398,343,79" oya="2" hai0="11,57,73,128,102,69,81,44,53,26,52,96,75" hai1="110,42,89,40,72,3,21,67,122,58,56,29,20" hai2="63,88,113,5,24,97,70,50,28,14,126,79,119" hai3="99,22,101,9,111,124,135,43,109,27,116,35,86"/><V100/><F113/><W54/><G43/><N who="1" m="16426" /><E3/><V48/><F119/><W16/><G86/><T32/><D69/><U107/><E72/><V95/><F126/><W46/><G46/><T118/><D11/><U129/><E107/><V62/><F79/><W76/><G54/><T30/><D118/><U84/><E110/><N who="3" m="41994" /><G99/><T127/><D127/><U49/><E129/><V47/><F50/><W85/><G85/><T131/><D44/><U15/><E29/><V61/><F100/><W112/><G76/><T10/><D10/><U0/><E0/><V66/><F14/><N who="3" m="9495" /><G101/><T23/><D53/><U34/><E89/><V123/><F5/><W78/><G78/><T71/><D71/><U133/><E84/><V8/><F8/><W108/><N who="3" m="42002" /><W117/><DORA hai="132" /><G124/><T18/><D81/><U12/><E15/><V39/><F39/><W36/><G36/><T64/><D75/><U38/><E12/><V13/><F13/><W87/><G87/><T90/><D73/><U1/><E38/><V114/><F63/><W115/><G9/><T121/><D102/><U45/><E1/><V65/><F62/><W55/><G55/><T82/><D52/><U6/><E45/><V83/><F83/><W2/><G2/><T31/><D82/><U33/><E6/><V98/><F61/><W74/><G74/><T106/><D90/><U93/><E93/><V37/><F37/><W41/><G41/><T51/><D106/><U91/><E91/><V125/><F125/><W25/><G117/><T120/><D96/><U77/><E77/><V80/><F98/><W134/><G116/><RYUUKYOKU ba="0,0" sc="180,0,398,0,343,0,79,0" /><INIT seed="3,1,0,1,1,123" ten="180,398,343,79" oya="3" hai0="124,52,38,9,87,80,101,4,107,98,10,106,133" hai1="15,102,37,76,3,30,110,14,73,71,54,56,33" hai2="40,69,48,111,134,50,131,79,32,58,89,23,49" hai3="125,24,27,96,121,88,29,77,93,25,117,100,16"/><W120/><G125/><T70/><D70/><U94/><E71/><V6/><F32/><W109/><G117/><T99/><D38/><U64/><E110/><V103/><F69/><W82/><G29/><T122/><D122/><U47/><E64/><V130/><F103/><W108/><G100/><T67/><D67/><U2/><E30/><V115/><F79/><W127/><G127/><T66/><D66/><U28/><E28/><V118/><F6/><W22/><G121/><T128/><D124/><U41/><E33/><V97/><F23/><W114/><G114/><T45/><D128/><N who="2" m="49194" /><F97/><W113/><G113/><T5/><D99/><U63/><E3/><V7/><F89/><W55/><G55/><T20/><D20/><U68/><E94/><V60/><F7/><W31/><G120/><T0/><D133/><U59/><E68/><V129/><F115/><W90/><G90/><T105/><D52/><U36/><E36/><V57/><F129/><W65/><G65/><T95/><D45/><U116/><E116/><V44/><F118/><W62/><G62/><T42/><D42/><U17/><E56/><N who="2" m="21611" /><F60/><W1/><G1/><T19/><D19/><U135/><E135/><V43/><F134/><W81/><G31/><T51/><D51/><N who="2" m="19530" /><F43/><W132/><G132/><T86/><D80/><N who="3" m="30825" /><G77/><T34/><D34/><U18/><E102/><V85/><F85/><W126/><G126/><T75/><D75/><U72/><E2/><AGARI ba="1,0" hai="0,2,4,5,9,10,86,87,95,98,101,105,106,107" machi="2" ten="40,1300,0" yaku="9,1" doraHai="123" who="0" fromWho="1" sc="180,16,398,-16,343,0,79,0" owari="196,-20.0,382,48.0,343,14.0,79,-42.0" /></mjloggm>