<mjloggm ver="2.3"><GO type="169" lobby="0"/><UN n0="%4B%57" n1="%E3%82%AE%E3%82%AC%E3%83%9E%E3%82%A4%E3%83%B3" n2="%E2%98%85%E3%83%9B%E3%83%BC%E3%82%B9%E2%98%85" n3="%E3%81%86%E3%81%95%E3%81%8E%E3%83%95%E3%82%A1%E3%83%B3%E3%82%B7%E3%83%BC" dan="16,16,16,16" rate="2035.81,2149.13,2160.68,2122.82" sx="M,M,M,F"/><TAIKYOKU oya="0"/><INIT seed="0,0,0,4,5,55" ten="250,250,250,250" oya="0" hai0="57,49,78,62,106,131,99,26,66,8,74,5,119" hai1="7,39,28,87,44,80,30,0,89,125,15,24,85" hai2="108,110,51,47,52,84,132,9,79,104,12,111,61" hai3="29,3,25,35,20,101,11,60,21,53,63,22,27"/><T41/><D119/><U116/><E116/><V13/><F104/><W50/><G101/><T73/><D131/><U118/><E118/><V18/><F132/><W97/><G97/><T1/><D78/><U123/><E123/><V120/><F120/><W88/><G3/><T117/><D117/><U92/><E0/><V96/><F96/><W33/><G11/><T98/><D26/><U129/><E129/><V38/><F38/><W133/><G133/><T17/><D17/><U2/><E2/><V45/><F61/><W109/><G109/><T58/><D99/><U14/><E125/><V34/><F34/><W127/><G88/><T70/><D70/><U16/><E7/><V19/><F84/><W81/><G81/><T124/><D124/><U48/><E39/><V72/><F79/><W23/><G127/><T68/><D68/><U94/><E24/><V71/><F71/><W115/><G115/><T135/><D135/><U102/><E14/><V91/><F91/><W82/><G82/><T107/><D107/><U76/><E94/><V126/><F126/><W113/><G113/><T128/><D128/><U40/><REACH who="1" step="1"/><E102/><REACH who="1" ten="250,240,250,250" step="2"/><V121/><F121/><W93/><G93/><T64/><D106/><U83/><E83/><V56/><F72/><W130/><G130/><T86/><D98/><U112/><E112/><V103/><F103/><W43/><G27/><T46/><D86/><U67/><E67/><V90/><F90/><W75/><G75/><T100/><D100/><U42/><E42/><V6/><F6/><W77/><G25/><T37/><D37/><U69/><E69/><RYUUKYOKU ba="0,1" sc="250,10,240,10,250,10,250,-30" hai0="1,5,8,41,46,49,57,58,62,64,66,73,74" hai1="15,16,28,30,40,44,48,76,80,85,87,89,92" hai2="9,12,13,18,19,45,47,51,52,56,108,110,111" /><INIT seed="0,1,1,2,1,113" ten="260,250,260,220" oya="0" hai0="103,43,21,96,54,64,77,59,72,49,67,71,51" hai1="99,114,116,132,40,39,45,56,109,3,111,81,105" hai2="62,123,107,121,48,61,79,117,11,25,38,14,28" hai3="91,58,66,44,18,5,68,133,22,88,127,52,128"/><T75/><D71/><U78/><E3/><V89/><F38/><W33/><G33/><T102/><D102/><U92/><E105/><V97/><F79/><W36/><G133/><T118/><D118/><U108/><E132/><V37/><F37/><W53/><G127/><T13/><D43/><U129/><E129/><V50/><F107/><W0/><G128/><T86/><D51/><U46/><E114/><V29/><F97/><W84/><G68/><T90/><D77/><U19/><E46/><V23/><F89/><W115/><G115/><T10/><D21/><U93/><E116/><V95/><F95/><W2/><G66/><T70/><D70/><U47/><E47/><V125/><F125/><W82/><G91/><T16/><D75/><U69/><E69/><V4/><F117/><W41/><G5/><T106/><REACH who="0" step="1"/><D72/><REACH who="0" ten="250,250,260,220" step="2"/><U26/><E40/><V112/><F112/><W6/><G6/><T131/><D131/><U94/><E78/><V31/><F123/><W104/><G104/><T124/><D124/><U17/><E111/><V122/><F121/><W119/><G119/><T74/><D74/><U135/><E109/><V24/><F122/><W87/><G41/><T57/><D57/><U80/><E108/><V9/><F23/><W7/><G7/><T73/><D73/><U76/><E56/><V27/><F11/><W130/><G130/><T42/><D42/><U98/><E76/><V101/><F101/><W110/><G110/><T35/><D35/><U12/><E135/><V32/><F32/><W134/><G134/><T120/><D120/><U55/><E39/><RYUUKYOKU ba="1,2" sc="250,15,250,-15,260,15,220,-15" hai0="10,13,16,49,54,59,64,67,86,90,96,103,106" hai2="4,9,14,24,25,27,28,29,31,48,50,61,62" /><INIT seed="0,2,2,1,1,68" ten="265,235,275,205" oya="0" hai0="116,115,20,28,76,9,52,91,119,2,22,61,100" hai1="60,128,54,110,32,70,12,86,112,131,94,46,45" hai2="62,95,84,37,49,19,98,124,87,66,120,106,35" hai3="31,18,114,92,23,16,5,121,38,72,117,90,53"/><T14/><D115/><U113/><E32/><V69/><F120/><W104/><G114/><N who="1" m="44138" /><E110/><V88/><F35/><W89/><G117/><T55/><D2/><U57/><E12/><V50/><F124/><W8/><G104/><T97/><D76/><U30/><E30/><V24/><F37/><W78/><G121/><T132/><D132/><U47/><E70/><V67/><F106/><W93/><G38/><T107/><D91/><AGARI ba="2,2" hai="45,46,47,54,57,60,86,91,94,128,131" m="44138" machi="91" ten="40,1300,0" yaku="11,1" doraHai="68" who="1" fromWho="0" sc="265,-19,235,39,275,0,205,0" /><INIT seed="1,0,0,0,0,32" ten="246,274,275,205" oya="1" hai0="97,9,60,50,57,103,116,14,24,129,30,28,40" hai1="64,134,61,75,4,19,58,74,42,53,123,47,82" hai2="87,114,69,31,41,63,120,117,62,22,95,48,1" hai3="73,37,8,107,17,10,43,81,2,86,135,29,109"/><U51/><E123/><V102/><F117/><W128/><G109/><T98/><D116/><U100/><E134/><V25/><F120/><W46/><G135/><T34/><D129/><U0/><E100/><V78/><F114/><W18/><G128/><T127/><D127/><U130/><E130/><V93/><F69/><W119/><G119/><T55/><D30/><U67/><E19/><V94/><F1/><W133/><G133/><T49/><D40/><U101/><E101/><V89/><F78/><W71/><G71/><T84/><D84/><U23/><E23/><V20/><F20/><W88/><G107/><T38/><D38/><U105/><E105/><V104/><F104/><W44/><G29/><T131/><D131/><U13/><E13/><V72/><F72/><W6/><G10/><T65/><D103/><U68/><E82/><V26/><F26/><W33/><G33/><T118/><D50/><U76/><E67/><V90/><F102/><W7/><G7/><T12/><D12/><U35/><E76/><V91/><F87/><W110/><G110/><T11/><D11/><N who="1" m="2439" /><E35/><V56/><F41/><W54/><G73/><T3/><D3/><U96/><E96/><V5/><F5/><W21/><G21/><T66/><D65/><U45/><E45/><V112/><F112/><W70/><G70/><N who="0" m="42311" /><D118/><U27/><E27/><V126/><F126/><W108/><G108/><T99/><D14/><U121/><E121/><V122/><F122/><W80/><G80/><T15/><D15/><U59/><E59/><V113/><F113/><W36/><G36/><AGARI ba="0,0" hai="36,42,47,51,53,58,61,64,68,74,75" m="2439" machi="36" ten="30,2900,0" yaku="24,1,52,1" doraHai="32" who="1" fromWho="3" sc="246,0,274,29,275,0,205,-29" /><INIT seed="1,1,0,2,1,105" ten="246,303,275,176" oya="1" hai0="67,118,122,27,19,99,18,53,84,81,124,30,72" hai1="36,59,28,78,79,85,49,23,5,95,108,112,130" hai2="102,115,125,54,21,66,92,90,11,71,134,20,107" hai3="74,26,48,65,56,75,10,7,2,43,133,25,24"/><U113/><E36/><V135/><F107/><W44/><REACH who="3" step="1"/><G133/><REACH who="3" ten="246,303,275,166" step="2"/><T76/><D122/><U55/><E113/><V126/><F115/><W110/><G110/><T41/><D124/><U22/><E112/><V82/><F126/><W68/><G68/><T87/><D118/><U121/><E108/><V119/><F71/><W14/><G14/><T93/><D67/><U15/><E121/><V128/><F66/><W33/><G33/><T104/><D41/><U0/><E0/><V77/><F119/><W116/><G116/><T83/><D53/><U106/><E130/><V101/><F128/><W46/><G46/><T37/><D104/><U8/><E106/><V34/><F34/><W32/><G32/><T70/><D70/><U114/><E114/><V111/><F125/><W1/><G1/><T129/><D129/><U39/><E39/><V61/><F111/><W62/><AGARI ba="1,1" hai="2,7,10,24,25,26,43,44,48,56,62,65,74,75" machi="62" ten="30,8000,1" yaku="21,2,0,1,52,2,53,0" doraHai="105" doraHaiUra="86" who="3" fromWho="3" sc="246,-21,303,-41,275,-21,166,93" /><INIT seed="2,0,0,4,0,71" ten="225,262,254,259" oya="2" hai0="123,94,27,107,60,130,110,18,99,62,86,46,0" hai1="74,91,25,128,125,106,51,49,43,117,72,34,33" hai2="80,85,26,114,13,112,126,129,67,22,98,122,65" hai3="21,82,12,7,2,115,42,28,100,105,52,64,135"/><V84/><F122/><W61/><G135/><T16/><D123/><U63/><E117/><V35/><F129/><W131/><G131/><T8/><D130/><U124/><E128/><V57/><F126/><N who="1" m="48745" /><E106/><V81/><F35/><N who="1" m="13321" /><E25/><V90/><F13/><W9/><G115/><T11/><D110/><U134/><E134/><V133/><F133/><W83/><G42/><T24/><D46/><U69/><E91/><V92/><F112/><W29/><G29/><T75/><D107/><U70/><E63/><V23/><F23/><W30/><G30/><T73/><D62/><U66/><E66/><V103/><F114/><W47/><G100/><T45/><D60/><U5/><E5/><V102/><F102/><W32/><G105/><T88/><D27/><U41/><E51/><V132/><F57/><N who="3" m="36911" /><G32/><T87/><D24/><U79/><E49/><V53/><F53/><W36/><G28/><T108/><D88/><U95/><E95/><V118/><F132/><W15/><G2/><T77/><D94/><U120/><E79/><N who="2" m="46111" /><F118/><W40/><G83/><T17/><D0/><U55/><E55/><V101/><F101/><W93/><G82/><T76/><D77/><U39/><E120/><V10/><F10/><N who="3" m="4191" /><G52/><T44/><D76/><U113/><E113/><V37/><F65/><W97/><G21/><T104/><D11/><U58/><E58/><V109/><F67/><W20/><G20/><T54/><D8/><U3/><E3/><V121/><F121/><W19/><G93/><T38/><D104/><U119/><E119/><V50/><F92/><W31/><G31/><T68/><D54/><RYUUKYOKU ba="0,0" sc="225,-10,262,-10,254,-10,259,30" hai3="9,15,19,36,40,47,97" /><INIT seed="3,1,0,1,5,126" ten="215,252,244,289" oya="3" hai0="20,73,132,53,22,30,82,97,40,26,117,34,41" hai1="39,62,67,113,35,9,48,119,8,112,115,80,130" hai2="84,114,105,79,121,72,83,4,56,13,135,54,45" hai3="74,14,19,120,52,27,133,32,89,88,1,58,31"/><W102/><G120/><T77/><D117/><U64/><E39/><V44/><F114/><W108/><G133/><T69/><D132/><U18/><E35/><V71/><F71/><W42/><G74/><T116/><D116/><U37/><E37/><V63/><F135/><W81/><G108/><T78/><D69/><U128/><E119/><V124/><F124/><W106/><G1/><T59/><D78/><U96/><E48/><V94/><F105/><W7/><G42/><T66/><D66/><U109/><E109/><V6/><F121/><W12/><G7/><T33/><D33/><U24/><E80/><V100/><F72/><W3/><G3/><T38/><D97/><U10/><E96/><N who="2" m="59415" /><F13/><W123/><G123/><T91/><D91/><U129/><E62/><V0/><F0/><W47/><G47/><AGARI ba="1,0" hai="4,6,44,45,47,54,56,63,79,83,84" m="59415" machi="47" ten="30,1000,0" yaku="8,1" doraHai="126" who="2" fromWho="3" sc="215,0,252,0,244,13,289,-13" /><INIT seed="4,0,0,2,2,31" ten="215,252,257,276" oya="0" hai0="67,64,48,118,70,130,35,61,83,100,115,73,120" hai1="76,111,49,65,36,52,11,79,45,88,116,8,129" hai2="54,104,7,47,32,123,1,89,39,56,28,34,41" hai3="55,99,127,26,80,74,87,103,110,96,135,50,62"/><T78/><D118/><U33/><E116/><V128/><F123/><W119/><G119/><T9/><D120/><U12/><E111/><V133/><F104/><W113/><G110/><T84/><D115/><U94/><E129/><V106/><F128/><W98/><G113/><T22/><D35/><U121/><E121/><V2/><F106/><W29/><G127/><T24/><D130/><U91/><E33/><V60/><F133/><W101/><G135/><T42/><D100/><U108/><E108/><V93/><F28/><W0/><G0/><T46/><D67/><U13/><E36/><V124/><F124/><W107/><G74/><T132/><D132/><U86/><E65/><V125/><F125/><W85/><G62/><T37/><D9/><U44/><E44/><V6/><F1/><W21/><G87/><T40/><D40/><U4/><E91/><V117/><F117/><W97/><G103/><T81/><D37/><U126/><E126/><V43/><F43/><W23/><G23/><T102/><D102/><U72/><E72/><V53/><F53/><W71/><G71/><T105/><D105/><U109/><E109/><V57/><F57/><W59/><REACH who="3" step="1"/><G99/><REACH who="3" ten="215,252,257,266" step="2"/><T20/><REACH who="0" step="1"/><D24/><REACH who="0" ten="205,252,257,266" step="2"/><U15/><REACH who="1" step="1"/><E13/><REACH who="1" ten="205,242,257,266" step="2"/><V134/><F134/><W122/><G122/><T17/><D17/><AGARI ba="0,3" hai="4,8,11,12,15,17,45,49,52,76,79,86,88,94" machi="17" ten="30,12000,2" yaku="1,1,2,1,7,1,8,1,54,2,53,0" doraHai="31" doraHaiUra="112" who="1" fromWho="0" sc="205,-120,242,150,257,0,266,0" /><INIT seed="5,0,0,0,1,31" ten="85,392,257,266" oya="1" hai0="129,92,94,42,10,119,118,90,104,32,63,134,123" hai1="82,11,51,125,86,39,114,110,102,77,98,27,83" hai2="62,3,15,109,22,44,68,126,46,115,80,26,116" hai3="4,14,13,43,54,124,100,12,113,74,75,0,56"/><U21/><E39/><V41/><F116/><W8/><G113/><T78/><D104/><U38/><E114/><V34/><F3/><W45/><G124/><T57/><D129/><U120/><E38/><V25/><F109/><W29/><G100/><T70/><D70/><U101/><E120/><V33/><F115/><W19/><G29/><T133/><D123/><U105/><E125/><V89/><F46/><W66/><G66/><T16/><D42/><U36/><E36/><V131/><F126/><W52/><G19/><T93/><D78/><U95/><E110/><V135/><F131/><W106/><G106/><T2/><D90/><U40/><E11/><V122/><F122/><W9/><G9/><T81/><D81/><N who="1" m="47407" /><E102/><V97/><F135/><W117/><G117/><T127/><D127/><U59/><E105/><V103/><F103/><W72/><REACH who="3" step="1"/><G56/><REACH who="3" ten="85,392,257,256" step="2"/><T48/><D119/><U17/><E59/><V60/><F68/><W24/><G24/><T58/><D118/><U37/><E37/><AGARI ba="0,1" hai="0,4,8,12,13,14,37,43,45,52,54,72,74,75" machi="37" ten="50,6400,0" yaku="1,1,54,1,53,1" doraHai="31" doraHaiUra="35" who="3" fromWho="1" sc="85,0,392,-64,257,0,256,74" /><INIT seed="6,0,0,2,1,104" ten="85,328,257,330" oya="2" hai0="70,57,102,4,84,22,52,56,85,65,42,5,111" hai1="24,83,134,77,30,107,81,55,97,94,13,87,89" hai2="86,82,101,80,2,49,48,131,59,53,74,23,122" hai3="21,33,9,16,28,118,44,3,47,127,18,72,98"/><V99/><F122/><W71/><G118/><T61/><D111/><U15/><E134/><V31/><F2/><W106/><G127/><T51/><D102/><U25/><E107/><V69/><F69/><W32/><G71/><T46/><D22/><U20/><E55/><V0/><F0/><W64/><G64/><T39/><D57/><U41/><E41/><V120/><F120/><W124/><G124/><T66/><D66/><U88/><REACH who="1" step="1"/><E25/><REACH who="1" ten="85,318,257,330" step="2"/><V126/><F126/><W79/><G106/><T58/><REACH who="0" step="1"/><D56/><REACH who="0" ten="75,318,257,330" step="2"/><U1/><E1/><V27/><F131/><W11/><G3/><T45/><D45/><U17/><E17/><V36/><F59/><W35/><G16/><T121/><D121/><U37/><E37/><V76/><F36/><W67/><G18/><T19/><D19/><U119/><E119/><V26/><F26/><W12/><G47/><T10/><D10/><U91/><E91/><V75/><F27/><W14/><G44/><T95/><D95/><U110/><E110/><V135/><F135/><W100/><G11/><T103/><D103/><U68/><E68/><V116/><F101/><W8/><G9/><T43/><D43/><U105/><E105/><V90/><F90/><W125/><G8/><T96/><D96/><U123/><E123/><V114/><F99/><W117/><G117/><T130/><D130/><U34/><E34/><V128/><F128/><W132/><G98/><T112/><D112/><U54/><E54/><V92/><F53/><W38/><G100/><T6/><AGARI ba="0,2" hai="4,5,6,39,42,46,51,52,58,61,65,70,84,85" machi="6" ten="30,12000,2" yaku="1,1,0,1,24,2,54,1,53,1" doraHai="104" doraHaiUra="60" who="0" fromWho="0" sc="75,140,318,-30,257,-60,330,-30" /><INIT seed="7,0,0,3,4,10" ten="215,288,197,300" oya="3" hai0="124,21,123,65,95,85,97,23,118,90,50,15,25" hai1="13,44,17,20,67,47,68,6,122,8,104,58,26" hai2="129,14,113,89,131,45,112,11,41,125,92,73,12" hai3="39,4,103,9,61,116,30,107,81,53,115,33,99"/><W96/><G116/><T19/><D118/><U59/><E104/><V108/><F73/><W88/><G39/><T31/><D123/><U109/><E122/><V35/><F35/><W120/><G120/><T52/><D124/><U16/><E109/><V75/><F75/><W87/><G115/><N who="2" m="44105" /><F108/><W76/><G33/><T74/><D74/><U18/><E68/><V60/><F60/><W28/><G76/><T69/><D69/><U102/><E102/><V37/><F125/><W128/><G128/><N who="2" m="49225" /><F11/><W32/><G32/><T130/><D130/><U127/><E127/><V119/><F119/><W36/><G36/><T1/><D1/><U42/><E47/><V78/><F78/><W110/><G110/><T54/><D65/><U91/><E91/><V98/><AGARI ba="0,0" hai="12,14,37,41,45,89,92,98" m="49225,44105" machi="98" ten="30,7900,0" yaku="15,1,19,1,52,2" doraHai="10" who="2" fromWho="2" sc="215,-20,288,-20,197,79,300,-39" /><INIT seed="8,0,0,3,2,19" ten="195,268,276,261" oya="0" hai0="124,130,113,119,84,118,127,13,123,102,122,67,120" hai1="68,2,27,57,78,128,89,43,101,62,99,45,98" hai2="91,96,1,48,86,114,4,94,23,51,47,6,0" hai3="97,104,56,66,41,22,134,30,95,20,38,135,117"/><T18/><D67/><U111/><E2/><V63/><F0/><W75/><G75/><T31/><D102/><U93/><E111/><V55/><F114/><W10/><G104/><T88/><D31/><U32/><E68/><V107/><F1/><W16/><G117/><N who="0" m="44555" /><D113/><U46/><E128/><V65/><F107/><W73/><G73/><T90/><D130/><U80/><E32/><V26/><F51/><W105/><G105/><T50/><D50/><U35/><E35/><V8/><F8/><W12/><G38/><T109/><D109/><U33/><E33/><V77/><F77/><W60/><G41/><T79/><D79/><U39/><E46/><V34/><F34/><W106/><G106/><T108/><D108/><U92/><E27/><V100/><F86/><W69/><G69/><T59/><D59/><U29/><E29/><N who="2" m="17631" /><F91/><N who="0" m="34858" /><D84/><U5/><E78/><V53/><F53/><W17/><G30/><T21/><AGARI ba="0,0" hai="13,18,21,120,122,123,124,127" m="34858,44555" machi="21" ten="40,7800,0" yaku="16,1,52,1,54,1" doraHai="19" who="0" fromWho="0" sc="195,78,268,-26,276,-26,261,-26" /><INIT seed="8,1,0,3,4,23" ten="273,242,250,235" oya="0" hai0="49,9,95,30,39,36,92,28,29,100,50,131,72" hai1="1,45,112,86,127,20,109,115,87,40,114,18,89" hai2="11,84,44,133,75,135,83,93,68,77,55,123,90" hai3="125,94,19,33,117,17,118,65,132,6,101,82,129"/><T27/><D72/><U81/><E109/><V25/><F68/><W64/><G33/><T91/><D131/><U16/><E1/><V38/><F123/><W60/><G129/><T37/><D27/><U62/><E127/><V99/><F11/><W5/><G125/><T63/><D63/><U59/><E87/><V78/><F38/><W119/><G132/><N who="2" m="50761" /><F44/><W85/><G94/><T34/><D34/><U105/><E105/><V14/><F55/><W24/><G101/><T73/><D73/><U43/><E18/><N who="3" m="6666" /><G24/><T46/><D9/><U58/><E43/><V107/><F14/><W7/><G60/><T96/><REACH who="0" step="1"/><D46/><REACH who="0" ten="263,242,250,235" step="2"/><U10/><E10/><V21/><F25/><W42/><G42/><T128/><D128/><U57/><E62/><V56/><F21/><W103/><G103/><T116/><D116/><N who="3" m="29697" /><W47/><DORA hai="52" /><G47/><T2/><D2/><U134/><E134/><V15/><F15/><W35/><G35/><T121/><D121/><U122/><E122/><V61/><F61/><W51/><G51/><T113/><D113/><U67/><E67/><V3/><F3/><W26/><G26/><T53/><D53/><U71/><E71/><V12/><F12/><W70/><G70/><T31/><N who="0" m="7168" /><DORA hai="97" /><T104/><D104/><U4/><E16/><V106/><F106/><W79/><AGARI ba="1,1" hai="5,6,7,64,65,79,82,85" m="29697,6666" machi="79" ten="50,1600,0" yaku="16,1" doraHai="23,52,97" who="3" fromWho="3" sc="263,-9,242,-5,250,-5,235,29" /><INIT seed="9,0,0,5,2,111" ten="254,237,245,264" oya="1" hai0="75,54,64,11,68,124,27,127,55,14,29,16,38" hai1="106,107,17,123,44,12,132,10,103,47,22,46,2" hai2="18,57,19,60,43,33,90,1,80,23,122,7,78" hai3="83,113,131,51,35,108,34,61,9,100,98,69,126"/><U82/><E123/><V79/><F33/><W125/><G108/><T74/><D38/><U101/><E132/><V109/><F109/><W41/><G131/><T72/><D68/><U63/><E82/><V30/><F122/><W28/><G9/><T134/><D64/><U3/><E63/><V117/><F117/><W66/><G83/><T104/><D104/><U130/><E130/><V52/><F43/><W102/><G102/><T36/><D36/><U20/><E10/><V112/><F112/><W40/><G113/><T58/><D134/><U4/><E4/><V53/><F7/><W32/><G28/><T105/><D105/><N who="1" m="39947" /><E12/><V87/><F1/><N who="1" m="9" /><E17/><N who="2" m="6155" /><F53/><W25/><G41/><T13/><D14/><U67/><E67/><V39/><F39/><W73/><G40/><T49/><REACH who="0" step="1"/><D55/><REACH who="0" ten="244,237,245,264" step="2"/><U89/><E89/><V95/><F90/><W0/><G0/><T121/><D121/><U62/><E62/><V118/><F60/><W128/><G61/><T81/><D81/><U45/><N who="1" m="11264" /><DORA hai="129" /><U31/><E31/><V15/><F30/><W24/><G66/><T96/><D96/><U133/><E133/><V21/><F80/><W115/><G98/><T88/><D88/><U6/><E6/><V114/><F52/><W77/><G128/><T93/><D93/><U94/><E94/><V119/><F95/><W86/><G86/><T97/><D97/><U26/><E26/><V76/><F87/><W135/><G25/><T116/><D116/><U110/><E110/><V92/><F119/><W65/><G24/><T48/><D48/><U8/><E8/><V56/><F118/><RYUUKYOKU ba="0,1" sc="244,15,237,15,245,-15,264,-15" hai0="11,13,16,27,29,49,54,58,72,74,75,124,127" hai1="20,22,101,103" /><INIT seed="9,1,1,2,4,73" ten="259,252,230,249" oya="1" hai0="41,76,98,13,60,132,35,27,7,25,49,107,89" hai1="34,55,120,24,112,118,135,96,11,31,30,119,37" hai2="134,45,85,4,61,53,113,127,38,74,116,88,125" hai3="109,68,124,104,77,91,21,9,8,114,43,12,126"/><U117/><E120/><V64/><F74/><W69/><G109/><T108/><D108/><U86/><E112/><V131/><F113/><W90/><G114/><T101/><D132/><U62/><E37/><V17/><F134/><W75/><G104/><T32/><D76/><U1/><E135/><V36/><F131/><W94/><G43/><T97/><D60/><U6/><E31/><V103/><F103/><W122/><G122/><T57/><D35/><U63/><E55/><V18/><F4/><N who="3" m="3079" /><G9/><T46/><D32/><U105/><E86/><V59/><F116/><W79/><G21/><T33/><D33/><U128/><E128/><V44/><F38/><W100/><G100/><AGARI ba="1,1" hai="1,6,11,24,30,34,62,63,96,100,105,117,118,119" machi="100" ten="40,2000,0" yaku="16,1" doraHai="73" who="1" fromWho="3" sc="259,0,252,33,230,0,249,-23" /><INIT seed="9,2,0,0,3,10" ten="259,285,230,226" oya="1" hai0="38,95,91,72,29,39,61,46,31,17,5,126,70" hai1="8,16,50,58,105,68,66,18,42,63,67,36,33" hai2="97,87,69,80,47,75,76,11,27,106,103,49,55" hai3="134,53,51,78,82,115,60,74,108,135,20,124,114"/><U127/><E105/><V23/><F69/><W26/><G108/><T30/><D72/><U0/><E33/><V24/><F11/><W65/><G124/><T2/><D126/><U93/><E127/><V73/><REACH who="2" step="1"/><F27/><REACH who="2" ten="259,285,220,226" step="2"/><W88/><G115/><T35/><D70/><U109/><E8/><V89/><F89/><W41/><G114/><T48/><D91/><U77/><E68/><V45/><F45/><W6/><G88/><T132/><D46/><U7/><E109/><V123/><F123/><W9/><G9/><T22/><D132/><U34/><E0/><V90/><F90/><W111/><G111/><T101/><D2/><U32/><E7/><V112/><F112/><W57/><G6/><T43/><D5/><U79/><E79/><V3/><F3/><W62/><G41/><T44/><D44/><U37/><E77/><V129/><F129/><W120/><G120/><T84/><D43/><U92/><E42/><V113/><F113/><W104/><G135/><T117/><D117/><U54/><E36/><V25/><F25/><W96/><G134/><T52/><D39/><U81/><E37/><V86/><F86/><W85/><G85/><T19/><D84/><U130/><E130/><V71/><F71/><W1/><G1/><T107/><D38/><U56/><E56/><V4/><F4/><W133/><G133/><T110/><D110/><U83/><E58/><V21/><F21/><W94/><G20/><T119/><D22/><U128/><E128/><V102/><F102/><N who="3" m="62535" /><G26/><T100/><D100/><U118/><E118/><V28/><AGARI ba="2,1" hai="23,24,28,47,49,55,73,75,76,80,87,97,103,106" machi="28" ten="20,2700,0" yaku="1,1,0,1,7,1,53,0" doraHai="10" doraHaiUra="125" who="2" fromWho="2" sc="259,-9,285,-15,220,43,226,-9" /><INIT seed="10,0,0,4,5,36" ten="250,270,263,217" oya="2" hai0="58,97,38,120,61,2,11,52,1,130,15,114,113" hai1="117,46,19,4,67,8,48,60,31,85,110,89,81" hai2="35,32,30,27,33,128,55,17,135,51,23,43,131" hai3="111,26,123,69,28,107,65,133,44,40,71,25,29"/><V126/><F126/><W21/><G111/><T10/><D120/><U125/><E110/><V54/><F135/><W12/><G123/><T96/><D38/><U88/><E125/><V45/><REACH who="2" step="1"/><F30/><REACH who="2" ten="250,270,253,217" step="2"/><W24/><G133/><T74/><D114/><U47/><E31/><V41/><F41/><W3/><G29/><T39/><D113/><U18/><E117/><V73/><F73/><W134/><G134/><T109/><D74/><U106/><E106/><V87/><F87/><W118/><G107/><T68/><D109/><U79/><E19/><V103/><F103/><W76/><G118/><T93/><D97/><U124/><E18/><V129/><AGARI ba="0,1" hai="17,23,27,32,33,35,43,45,51,54,55,128,129,131" machi="129" ten="40,12000,1" yaku="1,1,0,1,19,1,52,1,53,1" doraHai="36" doraHaiUra="16" who="2" fromWho="2" sc="250,-40,270,-40,253,130,217,-40" owari="210,-19.0,230,3.0,383,48.0,177,-32.0" /></mjloggm>