<mjloggm ver="2.3"><GO type="169" lobby="0"/><UN n0="%E8%91%B5%E3%81%A1%E3%82%83%E3%82%93" n1="%79%61%6D%69%6E%65%6B%6F" n2="%E3%81%8A%E7%9F%A5%E3%82%89%E3%81%9B" n3="%E3%83%97%E3%83%AC%E3%82%B9%E3%83%97" dan="16,16,20,17" rate="2122.47,2024.68,2334.87,2154.66" sx="M,F,M,M"/><TAIKYOKU oya="0"/><INIT seed="0,0,0,2,1,3" ten="250,250,250,250" oya="0" hai0="63,86,17,54,76,45,0,115,77,112,84,18,31" hai1="30,74,9,75,20,49,127,57,8,110,61,103,116" hai2="44,60,51,7,70,111,123,92,14,1,122,89,15" hai3="35,125,68,11,29,22,114,56,67,47,69,40,79"/><T73/><D0/><U120/><E116/><V23/><F111/><W72/><G114/><T71/><D73/><U130/><E110/><V21/><F1/><W131/><G22/><T46/><D63/><U26/><E127/><V65/><F123/><W28/><G28/><T62/><D62/><U25/><E130/><V93/><F122/><W43/><G11/><T10/><D10/><U95/><E49/><V85/><F92/><W126/><G29/><T105/><D31/><U2/><E26/><V80/><F93/><W104/><G35/><T99/><D54/><U50/><E50/><V100/><F100/><W4/><G104/><T96/><REACH who="0" step="1"/><D105/><REACH who="0" ten="240,250,250,250" step="2"/><U58/><E2/><V134/><F60/><W94/><G72/><T19/><D19/><U101/><E74/><V39/><F65/><W90/><G67/><T32/><D32/><U52/><E75/><V107/><F107/><W129/><G125/><T64/><D64/><U41/><E120/><V113/><F21/><W59/><G126/><T78/><D78/><U16/><E9/><V66/><F23/><W42/><G79/><T82/><D82/><U102/><E8/><V108/><F66/><W36/><G129/><T5/><D5/><U98/><E30/><V91/><F7/><W6/><G131/><T55/><D55/><N who="1" m="33983" /><E41/><V53/><F108/><W88/><G43/><T12/><D12/><U121/><E121/><V33/><F33/><W117/><G42/><T132/><D132/><U135/><E135/><V13/><F134/><W38/><G40/><T83/><D83/><U37/><E37/><V106/><F39/><RYUUKYOKU ba="0,1" sc="240,15,250,15,250,-15,250,-15" hai0="17,18,45,46,71,76,77,84,86,96,99,112,115" hai1="16,20,25,52,58,95,98,101,102,103" /><INIT seed="0,1,1,3,4,14" ten="255,265,235,235" oya="0" hai0="57,35,96,92,23,73,83,63,95,115,77,9,48" hai1="99,85,112,100,32,27,54,2,124,41,28,25,50" hai2="40,81,51,120,122,12,71,62,89,10,131,134,7" hai3="16,65,117,110,98,18,70,31,69,26,126,29,93"/><T90/><D115/><U53/><E2/><V17/><F134/><W1/><G117/><T55/><D35/><U108/><E112/><V133/><F133/><W86/><G110/><T88/><D9/><U45/><E108/><V66/><F131/><W127/><G1/><T68/><D23/><U75/><E75/><V132/><F132/><W0/><G0/><T119/><D119/><U22/><E85/><V80/><F40/><W82/><G65/><T43/><D43/><U6/><E6/><V58/><F71/><W74/><G74/><T49/><REACH who="0" step="1"/><D68/><REACH who="0" ten="245,265,235,235" step="2"/><U114/><E114/><V33/><F33/><W72/><G69/><T67/><D67/><U116/><E116/><V121/><F121/><W11/><G70/><T15/><D15/><U84/><E41/><V118/><F122/><W3/><G11/><T78/><D78/><U76/><E76/><V60/><F120/><W44/><G3/><T125/><D125/><U38/><E124/><V5/><F118/><W105/><G126/><T61/><D61/><U135/><E135/><V47/><F62/><W24/><G127/><T87/><AGARI ba="1,2" hai="48,49,55,57,63,73,77,83,87,88,90,92,95,96" machi="87" ten="20,7800,0" yaku="1,1,0,1,7,1,54,1,53,0" doraHai="14" doraHaiUra="97" who="0" fromWho="0" sc="245,101,265,-27,235,-27,235,-27" /><INIT seed="0,2,0,2,0,54" ten="346,238,208,208" oya="0" hai0="43,49,86,98,15,37,96,40,59,14,100,128,116" hai1="55,4,79,69,26,53,66,133,45,92,64,105,27" hai2="58,30,125,33,111,7,3,70,41,107,32,10,106" hai3="63,8,135,71,5,0,47,97,118,68,112,88,73"/><T29/><D116/><U129/><E105/><V78/><F111/><W19/><G118/><T50/><D128/><U134/><E92/><V72/><F125/><W46/><G112/><T67/><D29/><U34/><E4/><V75/><F70/><W103/><G135/><T6/><D86/><U85/><E85/><V20/><F20/><W99/><G73/><T31/><D31/><U131/><E45/><V130/><F130/><W124/><G124/><T1/><D1/><U52/><E55/><V39/><F58/><W17/><G63/><T91/><D37/><U56/><E56/><V93/><F93/><W22/><G103/><T95/><D67/><U28/><E28/><V44/><F75/><W57/><G22/><T84/><D84/><U123/><E79/><V81/><F30/><W12/><G12/><T119/><D119/><U51/><E51/><V89/><REACH who="2" step="1"/><F89/><REACH who="2" ten="346,238,198,208" step="2"/><W102/><G88/><T38/><D59/><U11/><E69/><V42/><F42/><W82/><G57/><T77/><D91/><U9/><REACH who="1" step="1"/><E123/><REACH who="1" ten="346,228,198,208" step="2"/><V61/><F61/><W23/><G71/><T13/><D43/><U121/><E121/><V36/><F36/><W109/><G68/><T35/><D40/><U126/><E126/><V62/><F62/><W60/><G60/><T114/><D38/><U76/><E76/><V122/><F122/><W90/><G46/><T83/><D77/><U2/><E2/><V113/><F113/><W18/><G47/><T21/><D114/><U24/><E24/><V74/><F74/><W25/><G0/><T87/><D50/><U120/><E120/><RYUUKYOKU ba="2,2" sc="346,-15,228,15,198,15,208,-15" hai1="9,11,26,27,34,52,53,64,66,129,131,133,134" hai2="3,7,10,32,33,39,41,44,72,78,81,106,107" /><INIT seed="1,3,2,0,4,5" ten="331,243,213,193" oya="1" hai0="34,74,106,108,89,31,101,55,72,115,78,73,83" hai1="93,71,49,133,63,122,128,66,79,58,9,109,53" hai2="19,26,37,25,75,84,90,120,97,38,134,99,48" hai3="92,57,64,28,45,76,95,67,114,46,43,18,51"/><U81/><E122/><V1/><F120/><W4/><G114/><T98/><D55/><U12/><E128/><V69/><F75/><N who="0" m="28746" /><D115/><U23/><E133/><V54/><F69/><W11/><G76/><T56/><D56/><U44/><E109/><V62/><F1/><W8/><G28/><T121/><D121/><U68/><E93/><V70/><F134/><W126/><G126/><T15/><D15/><U103/><E103/><V104/><F70/><W17/><G57/><T22/><D22/><U110/><E110/><V132/><F62/><W105/><G105/><T30/><D30/><U87/><REACH who="1" step="1"/><E23/><REACH who="1" ten="331,233,213,193" step="2"/><V116/><F132/><W14/><G92/><T118/><D108/><U102/><E102/><V82/><F104/><W24/><G95/><T33/><D106/><U117/><E117/><V135/><F116/><W127/><G127/><T10/><D101/><U39/><E39/><V21/><F135/><W86/><G11/><T40/><D10/><U85/><E85/><V16/><F38/><W119/><G119/><T3/><D118/><U0/><E0/><V113/><F37/><W100/><G100/><T20/><D3/><U77/><E77/><V2/><F2/><W32/><G86/><T123/><D123/><U130/><E130/><V41/><F113/><W107/><G107/><T47/><D34/><U52/><E52/><V65/><F54/><W125/><G125/><T35/><D33/><U129/><E129/><V112/><F112/><W36/><G32/><T88/><D35/><U91/><E91/><V94/><F90/><W111/><G111/><T6/><D89/><RYUUKYOKU ba="3,3" sc="331,-10,233,30,213,-10,193,-10" hai1="9,12,44,49,53,58,63,66,68,71,79,81,87" /><INIT seed="1,4,3,5,1,92" ten="321,263,203,183" oya="1" hai0="12,55,25,11,53,127,13,121,93,80,5,112,28" hai1="70,60,41,45,15,72,24,56,106,3,115,59,75" hai2="58,64,54,63,1,65,86,91,62,124,90,66,81" hai3="125,39,83,32,99,96,130,123,88,48,74,44,52"/><U85/><E3/><V57/><F124/><W133/><G123/><T110/><D112/><U134/><E106/><V9/><F1/><W82/><G32/><T126/><D121/><U16/><E115/><V43/><F43/><W10/><G125/><N who="0" m="47627" /><D110/><U36/><E134/><V42/><F42/><W118/><G130/><T128/><D128/><U47/><E47/><V108/><F108/><W30/><G39/><T94/><D80/><U129/><E85/><N who="2" m="50479" /><F9/><W67/><G133/><T109/><D109/><U8/><E24/><V105/><F105/><W101/><G30/><T35/><D13/><U103/><E103/><V116/><F116/><W122/><G122/><T46/><D55/><U23/><E129/><V6/><F6/><W40/><G67/><T19/><D5/><U102/><E102/><V98/><F98/><N who="3" m="37419" /><G101/><T33/><D33/><U87/><E8/><V77/><F77/><W22/><G74/><T76/><D76/><U7/><E75/><V0/><F0/><W37/><G37/><T89/><D89/><U104/><E72/><V18/><F18/><W114/><G114/><T4/><D19/><U69/><E7/><V79/><F79/><W51/><G118/><T31/><D28/><U38/><E38/><V84/><F84/><N who="3" m="50199" /><G83/><AGARI ba="4,3" hai="54,57,58,62,63,64,65,66,83,86,91" m="50479" machi="83" ten="30,1000,0" yaku="8,1" doraHai="92" who="2" fromWho="3" sc="321,0,263,0,203,52,183,-22" /><INIT seed="2,0,0,2,5,92" ten="321,263,255,161" oya="2" hai0="87,66,20,122,4,19,43,90,70,98,113,13,34" hai1="21,41,117,52,118,46,18,47,0,121,106,76,32" hai2="14,81,103,54,105,131,2,99,35,24,30,48,49" hai3="1,102,36,16,95,107,135,28,42,73,128,77,97"/><V89/><F131/><W96/><G1/><T3/><D113/><U37/><E32/><V91/><F2/><W116/><G116/><T9/><D122/><U115/><E115/><V51/><F54/><W84/><G28/><T40/><D70/><U108/><E0/><V61/><F61/><W59/><G59/><T26/><D66/><U64/><E64/><V63/><F63/><W72/><G42/><T31/><REACH who="0" step="1"/><D98/><REACH who="0" ten="311,263,255,161" step="2"/><U104/><E121/><V79/><REACH who="2" step="1"/><F14/><REACH who="2" ten="311,263,245,161" step="2"/><W44/><G128/><T29/><D29/><U53/><E118/><V88/><F88/><W5/><G102/><T62/><D62/><U133/><E117/><V11/><F11/><W45/><G77/><T86/><D86/><AGARI ba="0,2" hai="24,30,35,48,49,51,79,81,86,89,91,99,103,105" machi="86" ten="40,3900,0" yaku="1,1,52,1,53,0" doraHai="92" doraHaiUra="57" who="2" fromWho="0" sc="311,-39,263,0,245,59,161,0" /><INIT seed="2,1,0,0,2,44" ten="272,263,304,161" oya="2" hai0="132,90,43,75,16,14,85,101,67,95,96,92,127" hai1="55,10,66,40,21,42,129,104,34,87,69,61,32" hai2="108,12,119,99,19,78,71,107,25,37,74,60,49" hai3="26,50,86,65,57,100,6,98,41,117,76,70,4"/><V24/><F37/><W125/><G117/><T134/><D67/><U51/><E104/><V123/><F119/><W115/><G125/><T13/><D127/><U2/><E129/><V68/><F123/><W33/><G115/><T54/><D75/><U97/><E97/><V82/><F108/><W135/><G135/><T83/><D43/><U58/><E21/><V94/><F107/><W111/><G111/><T36/><D36/><U84/><E84/><V106/><F106/><W124/><G124/><T31/><D31/><U28/><E28/><V29/><F60/><W131/><G70/><T63/><D14/><U52/><E55/><V120/><F120/><W110/><G33/><T116/><D116/><U81/><E34/><V3/><F3/><W130/><G26/><T103/><D132/><U27/><E27/><V114/><F25/><W18/><G18/><T48/><D63/><U0/><E32/><V38/><F38/><W8/><G65/><T77/><D95/><U118/><E0/><V73/><F73/><W102/><G102/><T109/><D109/><U47/><E69/><V56/><F114/><W112/><G112/><T53/><D53/><U105/><E105/><V45/><F24/><W88/><G110/><T80/><D80/><U35/><E35/><V62/><F29/><W15/><G6/><T91/><D103/><U113/><E113/><V126/><F126/><W46/><G76/><T17/><D134/><U128/><E128/><N who="3" m="49194" /><G57/><N who="0" m="32967" /><D17/><U39/><E39/><V121/><F121/><W64/><G64/><T23/><AGARI ba="1,0" hai="13,16,23,77,83,85,90,91,92,96,101" m="32967" machi="23" ten="30,4000,0" yaku="8,1,52,1,54,1" doraHai="44" who="0" fromWho="0" sc="272,43,263,-11,304,-21,161,-11" /><INIT seed="3,0,0,0,0,32" ten="315,252,283,150" oya="3" hai0="74,51,56,52,99,124,98,115,90,81,112,59,48" hai1="16,102,109,93,37,84,114,82,91,87,61,54,30" hai2="47,22,43,4,89,100,26,101,67,83,53,42,73" hai3="75,94,71,31,78,15,45,25,133,9,12,40,19"/><W96/><G133/><T49/><D124/><U3/><E114/><N who="0" m="43561" /><D59/><U95/><E30/><V8/><F67/><W44/><G71/><T63/><D90/><U113/><E37/><V107/><F53/><W123/><G123/><T122/><D122/><U58/><E109/><V105/><F105/><W50/><G78/><AGARI ba="0,0" hai="48,49,51,52,56,63,74,78,81,98,99" m="43561" machi="78" ten="30,2000,0" yaku="11,1,54,1" doraHai="32" who="0" fromWho="3" sc="315,20,252,0,283,0,150,-20" /><INIT seed="4,0,0,0,5,114" ten="335,252,283,130" oya="0" hai0="102,101,113,39,42,36,64,55,0,111,115,30,69" hai1="37,8,106,46,43,116,28,44,121,95,48,7,127" hai2="120,70,99,6,38,59,77,108,88,135,9,57,119" hai3="51,110,105,15,3,32,41,19,1,75,53,81,122"/><T94/><D0/><U5/><E106/><V26/><F120/><W131/><G110/><T123/><D30/><U76/><E121/><V35/><F70/><W85/><G75/><T49/><D123/><U47/><E127/><V112/><F112/><N who="0" m="43082" /><D94/><U98/><E28/><V58/><F108/><W82/><G131/><T83/><D83/><U128/><E128/><V84/><F38/><W54/><G32/><T22/><D22/><U11/><E76/><V133/><F77/><W24/><G24/><T97/><D97/><U129/><E129/><V13/><F99/><W50/><G105/><T60/><D111/><U17/><E116/><V104/><F104/><W12/><G41/><T86/><D86/><U134/><E134/><N who="2" m="51211" /><F26/><W78/><G122/><T103/><D42/><U118/><E118/><V10/><F10/><N who="1" m="3625" /><E37/><V73/><F73/><W72/><G72/><T14/><D14/><U34/><E34/><V33/><F119/><W21/><G15/><T125/><D125/><U20/><E7/><V66/><F66/><W67/><G67/><T91/><D91/><N who="1" m="55679" /><E5/><V89/><F89/><W45/><REACH who="3" step="1"/><G82/><AGARI ba="0,0" hai="6,9,13,33,35,57,58,59,82,84,88" m="51211" machi="82" ten="30,2000,0" yaku="20,1,54,1" doraHai="114" who="2" fromWho="3" sc="335,0,252,0,283,20,130,-20" /><INIT seed="5,0,0,2,4,15" ten="335,252,303,110" oya="1" hai0="8,33,88,80,29,90,89,62,25,100,131,127,57" hai1="5,20,35,4,63,86,79,18,103,128,24,124,43" hai2="108,85,64,133,77,2,122,130,34,112,65,118,27" hai3="32,95,49,42,6,66,99,94,70,74,109,12,119"/><U23/><E128/><V106/><RYUUKYOKU type="yao9" ba="0,0" sc="335,0,252,0,303,0,110,0" hai2="2,27,34,64,65,77,85,106,108,112,118,122,130,133" /><INIT seed="5,1,0,5,5,117" ten="335,252,303,110" oya="1" hai0="116,103,22,57,31,77,99,10,58,55,6,20,3" hai1="86,71,35,72,63,26,23,15,67,45,74,83,131" hai2="75,28,42,111,120,118,89,21,54,1,29,0,110" hai3="36,100,88,2,14,87,107,16,17,94,66,11,85"/><U5/><E131/><V98/><F75/><W127/><G127/><T113/><D116/><U79/><E35/><V34/><F42/><W129/><G129/><T126/><D126/><U114/><E114/><V112/><F54/><W133/><G133/><T33/><D77/><U43/><E15/><V59/><F59/><W95/><G36/><T93/><D113/><U134/><E5/><V128/><F89/><W25/><G2/><T121/><D121/><U80/><E80/><V104/><F98/><W52/><G66/><T30/><D58/><U62/><E62/><V115/><F104/><W109/><G109/><T84/><D84/><U81/><E134/><V123/><F118/><W90/><G107/><T18/><D33/><U64/><E81/><V105/><F105/><W96/><G100/><T92/><D92/><U24/><E24/><V78/><F34/><W19/><G96/><T49/><D22/><U61/><E45/><V91/><F91/><W97/><G97/><T38/><D38/><U46/><E46/><V48/><F48/><W124/><G124/><T51/><D51/><U69/><E43/><V9/><F78/><W40/><G40/><T41/><D41/><U12/><E12/><AGARI ba="1,0" hai="3,6,10,12,18,20,30,31,49,55,57,93,99,103" machi="12" ten="30,1000,0" yaku="7,1" doraHai="117" who="0" fromWho="1" sc="335,13,252,-13,303,0,110,0" /><INIT seed="6,0,0,4,0,34" ten="348,239,303,110" oya="2" hai0="32,109,51,90,124,101,122,27,57,37,96,1,68" hai1="80,73,131,44,39,48,55,117,132,120,81,113,102" hai2="75,126,77,104,82,115,135,98,116,38,50,125,100" hai3="30,66,123,36,85,35,53,105,83,10,67,40,31"/><V33/><F33/><W86/><G123/><T118/><D90/><U17/><E117/><V4/><F50/><W95/><G105/><T3/><D51/><U29/><E113/><V6/><F6/><W128/><G128/><T52/><D57/><U65/><E131/><V106/><F4/><W14/><G35/><T133/><D52/><U26/><E132/><V76/><F38/><W69/><G69/><T20/><D20/><U25/><E120/><V84/><F116/><W89/><G36/><T16/><D16/><U129/><E129/><V93/><F115/><W79/><G40/><T7/><D7/><U19/><E73/><V45/><F45/><W56/><G67/><T24/><D27/><N who="1" m="10251" /><E39/><V63/><F63/><W119/><G66/><T121/><D24/><U15/><E65/><V70/><F70/><W87/><G87/><T97/><D68/><U22/><E102/><V43/><F43/><W42/><G42/><T114/><D37/><U54/><E29/><V92/><F135/><W18/><REACH who="3" step="1"/><G119/><REACH who="3" ten="348,239,303,100" step="2"/><T58/><D118/><U103/><E54/><V2/><F106/><W94/><G94/><T62/><D32/><U12/><E55/><V59/><F104/><W47/><G47/><T9/><D122/><U46/><E44/><V71/><F71/><W78/><G78/><T110/><D121/><U111/><E46/><V13/><F77/><W99/><G99/><T41/><D133/><U127/><E80/><V91/><F82/><W28/><G28/><T74/><D97/><U11/><E81/><V23/><F98/><W134/><G134/><T130/><D96/><RYUUKYOKU ba="0,1" sc="348,-10,239,-10,303,-10,100,30" hai3="10,14,18,30,31,53,56,79,83,85,86,89,95" /><INIT seed="7,1,1,4,5,111" ten="338,229,293,130" oya="3" hai0="19,133,10,127,78,26,102,129,113,20,75,29,5" hai1="51,105,23,132,104,71,45,122,134,61,99,33,66" hai2="36,120,72,96,15,37,38,116,114,25,107,22,16" hai3="126,77,118,46,63,30,110,89,101,70,40,115,35"/><W59/><G118/><T18/><D102/><U62/><E122/><V48/><F116/><W1/><G1/><T125/><D113/><U65/><E33/><V44/><F72/><W109/><G126/><N who="0" m="48139" /><D129/><U55/><E23/><V135/><F114/><W68/><G115/><T108/><D108/><N who="3" m="41577" /><G101/><T21/><D21/><U27/><E27/><V9/><F120/><W24/><G89/><T32/><D32/><U56/><REACH who="1" step="1"/><E99/><REACH who="1" ten="338,219,293,130" step="2"/><V95/><F135/><AGARI ba="1,2" hai="45,51,55,56,61,62,65,66,71,104,105,132,134,135" machi="135" ten="40,5200,0" yaku="1,1,2,1,20,1,53,0" doraHai="111" doraHaiUra="94" who="1" fromWho="2" sc="338,0,219,75,293,-55,130,0" owari="338,44.0,294,9.0,238,-16.0,130,-37.0" /></mjloggm>