<mjloggm ver="2.3"><GO type="185" lobby="0"/><UN n0="%67%6C%61%6E%7A%39%30" n1="%E3%81%8A%E7%9F%A5%E3%82%89%E3%81%9B" n2="%E3%83%84%E3%83%BC%E3%82%A2%E3%82%A6%E3%83%88" n3="" dan="19,16,16,0" rate="2358.15,2244.37,2101.59,1500.00" sx="M,M,M,C"/><TAIKYOKU oya="0"/><INIT seed="0,0,0,3,5,108" ten="350,350,350,0" oya="0" hai0="125,95,70,36,83,87,77,35,80,42,53,38,84" hai1="116,88,118,74,71,135,130,54,82,52,79,121,58" hai2="62,119,123,90,114,43,112,40,126,32,68,107,106" hai3=""/><T66/><D35/><U122/><N who="1" m="31008" /><U47/><N who="1" m="31264" /><U109/><E71/><V131/><N who="2" m="31520" /><V133/><F32/><T78/><D125/><U72/><E109/><V98/><F126/><T57/><D42/><U67/><E135/><V111/><F111/><T85/><D66/><U50/><E130/><V93/><F131/><T100/><D70/><U89/><E74/><V120/><N who="2" m="30752" /><V59/><F68/><T51/><D100/><U132/><E67/><V55/><F133/><T102/><D102/><U49/><REACH who="1" step="1"/><E132/><REACH who="1" ten="350,340,350,0" step="2"/><V37/><F119/><AGARI ba="0,1" hai="47,49,50,52,54,58,72,79,82,88,89,116,118,119" m="31264,31008" machi="119" ten="40,12000,2" yaku="1,1,2,1,52,2,54,2,53,0" doraHai="108" doraHaiUra="39" who="1" fromWho="2" sc="350,0,340,130,350,-120,0,0" /><INIT seed="1,0,0,1,0,124" ten="350,470,230,0" oya="1" hai0="104,109,59,58,64,113,101,85,94,89,42,130,81" hai1="106,71,60,93,69,57,119,46,34,100,32,118,120" hai2="51,86,87,55,3,39,76,110,61,116,97,96,79" hai3=""/><U131/><N who="1" m="30752" /><U35/><E106/><V38/><F3/><T84/><D113/><U98/><E46/><V83/><F116/><T53/><D109/><U91/><E100/><V68/><F110/><T102/><D42/><U133/><E133/><V95/><F68/><T92/><D104/><U82/><E82/><V117/><F61/><T63/><D130/><U127/><E127/><V80/><F117/><T37/><D37/><U52/><E131/><V67/><F67/><T114/><D114/><U75/><E75/><V135/><F97/><T2/><D2/><U73/><E73/><V47/><REACH who="2" step="1"/><F135/><REACH who="2" ten="350,470,220,0" step="2"/><T129/><D129/><U45/><E71/><V62/><F62/><T65/><D65/><U103/><E69/><V40/><F40/><T88/><D64/><U72/><E118/><V108/><F108/><T134/><D134/><U1/><E1/><V70/><F70/><T33/><D63/><U90/><E119/><V77/><F77/><T132/><D132/><U50/><REACH who="1" step="1"/><E72/><REACH who="1" ten="350,460,220,0" step="2"/><V107/><F107/><T54/><D33/><U66/><AGARI ba="0,2" hai="32,34,35,45,50,52,57,60,66,90,91,93,98,103" m="30752" machi="66" ten="30,8000,1" yaku="1,1,2,1,0,1,52,1,54,1,53,0" doraHai="124" doraHaiUra="123" who="1" fromWho="1" sc="350,-40,460,100,220,-40,0,0" /><INIT seed="1,1,0,1,0,116" ten="310,560,180,0" oya="1" hai0="102,40,76,107,96,66,83,97,82,69,123,42,67" hai1="38,104,49,89,103,39,32,50,79,61,134,54,51" hai2="132,47,77,75,126,71,44,86,100,58,113,63,120" hai3=""/><U60/><E32/><V46/><N who="2" m="30752" /><V48/><F113/><T127/><N who="0" m="31520" /><T73/><D127/><U90/><E79/><V114/><F114/><T131/><D131/><U45/><E103/><V93/><F126/><T87/><D97/><U34/><E104/><V108/><F108/><T81/><D81/><U72/><E72/><V119/><F119/><T41/><REACH who="0" step="1"/><D69/><REACH who="0" ten="300,560,180,0" step="2"/><U85/><E34/><V91/><F71/><T124/><D124/><U133/><E133/><V2/><F132/><T52/><D52/><U1/><E134/><V64/><F2/><T111/><D111/><U88/><E1/><V122/><N who="2" m="31264" /><V110/><F110/><T70/><D70/><U112/><E112/><V101/><REACH who="2" step="1"/><F48/><REACH who="2" ten="300,560,170,0" step="2"/><T43/><N who="0" m="10240" /><DORA hai="135" /><T78/><AGARI ba="1,2" hai="66,67,73,76,78,82,83,87,96,102,107" m="10240,31520" machi="78" ten="40,6000,1" yaku="1,1,4,1,0,1,52,2,53,0" doraHai="116,135" doraHaiUra="130,121" who="0" fromWho="0" sc="300,82,560,-41,170,-21,0,0" /><INIT seed="2,0,0,0,1,120" ten="382,519,149,0" oya="2" hai0="112,96,48,47,122,92,71,44,80,85,131,132,63" hai1="46,123,38,127,128,88,45,91,101,105,97,78,114" hai2="126,117,124,34,51,111,59,110,42,109,93,41,40" hai3=""/><V35/><F117/><T100/><N who="0" m="31264" /><T68/><D112/><U115/><N who="1" m="31520" /><U108/><E127/><N who="2" m="48683" /><F93/><T62/><D132/><U54/><E128/><V119/><F119/><T94/><D131/><U104/><E78/><V53/><AGARI ba="0,0" hai="34,35,40,41,42,51,53,59,109,110,111" m="48683" machi="53" ten="40,12000,2" yaku="14,1,10,1,18,1,52,3" doraHai="120" who="2" fromWho="2" sc="382,-60,519,-60,149,120,0,0" /><INIT seed="2,1,0,5,2,90" ten="322,459,269,0" oya="2" hai0="2,37,89,117,80,53,130,84,40,94,92,97,91" hai1="68,62,1,82,99,74,79,121,108,102,109,44,85" hai2="123,0,61,105,63,133,38,113,71,87,76,58,114" hai3=""/><V77/><N who="2" m="31520" /><V73/><F0/><T78/><D2/><U111/><N who="1" m="31008" /><U101/><E1/><V32/><F32/><T51/><D117/><U125/><E125/><V115/><F38/><T52/><D130/><U39/><E74/><V72/><F105/><T64/><D64/><U70/><E62/><V42/><F42/><T3/><D3/><U55/><E102/><V127/><F127/><T67/><D67/><U57/><E44/><V119/><F119/><T75/><D37/><U86/><E39/><V128/><F128/><T131/><D131/><U132/><E85/><V126/><F126/><T120/><N who="0" m="30752" /><T83/><REACH who="0" step="1"/><D80/><REACH who="0" ten="312,459,269,0" step="2"/><U49/><REACH who="1" step="1"/><E132/><REACH who="1" ten="312,449,269,0" step="2"/><V100/><F133/><T46/><AGARI ba="1,2" hai="40,46,51,52,53,75,78,83,84,89,91,92,94,97" m="30752" machi="46" ten="30,12000,3" yaku="1,1,2,1,0,1,52,3,54,1,53,1" doraHai="90" doraHaiUra="47" who="0" fromWho="0" sc="312,142,449,-41,269,-81,0,0" /><INIT seed="4,0,0,0,4,122" ten="454,408,188,0" oya="0" hai0="124,45,89,134,1,59,55,109,73,104,92,60,117" hai1="123,62,58,85,69,83,52,90,88,57,135,132,35" hai2="61,106,133,86,53,74,2,116,126,38,75,103,98" hai3=""/><T93/><D104/><U131/><N who="1" m="31520" /><U65/><E35/><V82/><F38/><T101/><D117/><U71/><E131/><V127/><F2/><T97/><D1/><U96/><E96/><V41/><F41/><T46/><D124/><N who="2" m="47658" /><F53/><T42/><D134/><N who="1" m="51243" /><E90/><V121/><N who="2" m="31008" /><V63/><F133/><T113/><D73/><N who="2" m="27658" /><F116/><T99/><D113/><U44/><E44/><V47/><F47/><T87/><D99/><U102/><E102/><V114/><F114/><T37/><REACH who="0" step="1"/><D46/><REACH who="0" ten="444,408,188,0" step="2"/><U105/><E105/><V32/><F32/><T56/><D56/><U107/><E107/><V108/><F108/><AGARI ba="0,1" hai="37,42,45,55,59,60,87,89,92,93,97,101,108,109" machi="108" ten="40,7700,0" yaku="1,1,52,2,53,0" doraHai="122" doraHaiUra="112" who="0" fromWho="2" sc="444,87,408,0,188,-77,0,0" /><INIT seed="4,1,0,0,4,34" ten="531,408,111,0" oya="0" hai0="108,81,124,78,66,3,46,79,62,64,35,104,112" hai1="109,43,68,97,134,32,123,95,53,100,93,59,92" hai2="37,99,51,63,77,126,61,127,132,120,74,54,125" hai3=""/><T118/><D35/><U39/><N who="1" m="31520" /><U82/><E32/><V90/><N who="2" m="30752" /><V89/><F37/><T48/><D118/><U119/><E119/><V1/><F1/><T87/><D112/><U98/><E68/><V52/><F132/><T38/><D124/><U105/><E134/><V67/><F77/><T83/><D104/><U107/><E109/><V122/><N who="2" m="31264" /><V58/><F74/><T121/><N who="0" m="31008" /><T2/><D38/><U101/><E82/><V80/><F80/><T44/><D108/><U128/><E128/><V111/><F111/><T41/><D46/><U102/><E102/><V131/><F131/><T96/><D96/><U76/><E76/><V69/><F99/><T33/><D33/><U106/><E106/><V114/><F114/><T94/><D94/><U91/><E43/><V85/><F85/><T88/><D79/><U42/><E42/><V133/><F133/><T56/><D66/><U73/><E39/><V71/><F71/><T47/><D47/><AGARI ba="1,0" hai="47,51,52,54,58,61,63,67,69,89,90,125,126,127" m="31264,30752" machi="47" ten="40,8000,1" yaku="18,1,52,2,54,1" doraHai="34" who="2" fromWho="0" sc="531,-82,408,0,111,82,0,0" /><INIT seed="5,0,0,3,3,95" ten="449,408,193,0" oya="1" hai0="121,35,53,132,68,90,40,102,99,56,126,42,87" hai1="84,49,71,62,86,97,110,39,133,50,109,111,44" hai2="119,57,108,0,34,72,113,41,70,134,101,123,82" hai3=""/><U51/><E133/><V64/><F41/><T3/><N who="0" m="31008" /><T92/><D3/><U115/><E115/><V122/><N who="2" m="31264" /><V112/><F101/><T69/><D35/><U78/><E78/><V63/><N who="2" m="31520" /><V103/><F34/><T118/><D132/><U58/><E71/><V76/><F0/><T61/><D126/><U36/><E97/><V89/><F134/><T129/><D129/><U128/><E128/><V135/><F135/><T100/><D100/><U114/><E114/><N who="2" m="44139" /><F108/><T46/><D118/><U38/><E44/><V60/><F119/><T54/><D54/><AGARI ba="0,0" hai="36,38,39,49,50,51,54,58,62,84,86,109,110,111" machi="54" ten="50,9600,0" yaku="29,2,10,1" doraHai="95" who="1" fromWho="0" sc="449,-96,408,96,193,0,0,0" /><INIT seed="5,1,0,0,5,80" ten="353,504,193,0" oya="1" hai0="72,40,67,109,124,59,65,110,129,43,90,98,63" hai1="77,82,87,55,111,96,86,56,33,42,115,105,85" hai2="112,61,134,41,130,92,102,127,88,44,108,52,79" hai3=""/><U47/><E33/><V39/><F108/><T58/><D72/><U37/><E111/><N who="0" m="42505" /><D98/><U126/><E115/><V76/><F127/><T48/><D90/><U53/><E126/><V106/><F130/><T38/><D124/><U71/><E71/><V101/><F134/><T119/><D129/><U94/><E105/><V100/><F112/><T0/><D0/><U97/><E55/><V122/><N who="2" m="31264" /><V35/><F106/><T120/><N who="0" m="30752" /><T91/><D91/><U68/><E68/><V114/><F114/><T64/><D119/><U117/><E117/><V75/><F75/><T128/><D128/><U49/><E97/><V95/><F35/><T57/><D38/><U83/><E83/><V135/><F135/><T89/><D89/><AGARI ba="1,0" hai="37,42,47,49,53,56,77,82,85,86,87,89,94,96" machi="89" ten="30,11600,0" yaku="7,1,52,3" doraHai="80" who="1" fromWho="0" sc="353,-118,504,118,193,0,0,0" /><INIT seed="5,2,0,1,5,78" ten="235,622,193,0" oya="1" hai0="128,109,77,70,83,3,53,129,120,114,59,37,93" hai1="106,118,96,115,134,84,79,121,60,48,51,122,124" hai2="103,133,64,35,81,112,92,82,119,132,94,80,46" hai3=""/><U97/><N who="1" m="31008" /><U1/><N who="1" m="31264" /><U87/><E118/><V86/><F35/><T135/><N who="0" m="30752" /><T74/><D3/><U32/><E32/><V36/><F119/><T45/><D109/><U57/><E1/><V130/><F130/><N who="0" m="50282" /><D70/><U49/><E115/><V91/><F112/><T104/><D104/><U33/><E33/><V95/><F64/><T117/><D117/><U56/><E134/><N who="2" m="51819" /><F103/><T62/><D135/><U38/><E38/><V126/><F126/><T47/><D114/><U102/><E124/><V90/><F86/><T99/><D37/><U61/><E96/><V98/><F98/><T85/><D85/><U75/><E75/><V34/><F34/><T100/><AGARI ba="2,0" hai="45,47,53,59,62,74,77,83,93,99,100" m="50282,30752" machi="100" ten="30,3000,0" yaku="19,1,52,2" doraHai="78" who="0" fromWho="0" sc="235,34,622,-22,193,-12,0,0" /><INIT seed="6,0,0,2,0,79" ten="269,600,181,0" oya="2" hai0="43,75,72,52,45,57,102,63,127,126,60,59,68" hai1="70,32,87,90,134,95,133,101,67,109,122,104,78" hai2="128,64,124,50,36,129,116,80,88,103,125,73,42" hai3=""/><V106/><F36/><T85/><D68/><U82/><N who="1" m="31264" /><U123/><N who="1" m="31520" /><U76/><E32/><V105/><F64/><T97/><D85/><U107/><E109/><V58/><F42/><T61/><D75/><U62/><E78/><V113/><F50/><T55/><D72/><U114/><E114/><V38/><F38/><T132/><D132/><N who="1" m="50795" /><E101/><V44/><F58/><T118/><D118/><U54/><E54/><V56/><F56/><T121/><N who="0" m="31008" /><T96/><D63/><U119/><E119/><V77/><F44/><T93/><D97/><AGARI ba="0,0" hai="62,67,70,76,82,87,90,95,97,104,107" m="50795,31520,31264" machi="97" ten="30,7700,0" yaku="20,1,52,3" doraHai="79" who="1" fromWho="0" sc="269,-77,600,77,181,0,0,0" owari="192,-21.0,677,63.0,181,-42.0,0,0.0" /></mjloggm>