<mjloggm ver="2.3"><GO type="169" lobby="0"/><UN n0="%E3%82%81%E3%82%93%E3%81%A9%E3%81%84" n1="%E7%99%BD%E9%B9%BF%E6%84%9B%E8%8E%89" n2="%E3%82%A2%E3%83%A4%E3%82%BB" n3="%E3%82%A4%E3%83%B3%E3%83%87%E3%82%A3%E3%82%B4%E3%83%96%E3%83%AB%E3%83%BC" dan="16,18,16,16" rate="2058.03,2217.09,2182.32,2153.25" sx="M,F,M,M"/><TAIKYOKU oya="0"/><INIT seed="0,0,0,1,5,88" ten="250,250,250,250" oya="0" hai0="117,124,93,89,12,132,131,13,24,81,84,129,115" hai1="48,41,26,72,43,45,8,86,127,30,51,120,133" hai2="66,38,118,112,53,94,18,31,2,123,100,35,60" hai3="126,68,106,69,99,37,103,3,70,0,34,121,42"/><T11/><D117/><U20/><E72/><V23/><F112/><W113/><G113/><T33/><D115/><U101/><E120/><V109/><F123/><W54/><G54/><T47/><D124/><U92/><E127/><V21/><F38/><W57/><G57/><T67/><D67/><U97/><E133/><V105/><F2/><W79/><G126/><T135/><D47/><U98/><E8/><V114/><F105/><W76/><G121/><T49/><D49/><U15/><E15/><V108/><F35/><W6/><G76/><T74/><D74/><U25/><E25/><N who="2" m="16815" /><F114/><W40/><G79/><T44/><D44/><N who="1" m="25615" /><E98/><N who="2" m="59479" /><F53/><W107/><G34/><T52/><D52/><N who="1" m="29807" /><E86/><V55/><F55/><W9/><G37/><T19/><D135/><U134/><E134/><V90/><F90/><W5/><G106/><T110/><D132/><U62/><E62/><V119/><F23/><W28/><G28/><T73/><D33/><U78/><E78/><V87/><F18/><W46/><G46/><T61/><D61/><U64/><E64/><V16/><F16/><W14/><G14/><T130/><D11/><AGARI ba="0,0" hai="0,3,5,6,9,11,40,42,68,69,70,99,103,107" machi="11" ten="40,1300,0" yaku="9,1" doraHai="88" who="3" fromWho="0" sc="250,-13,250,0,250,0,250,13" /><INIT seed="1,0,0,5,3,52" ten="237,250,250,263" oya="1" hai0="44,58,116,24,26,115,61,34,81,23,96,63,134" hai1="127,19,90,62,94,89,15,105,6,93,95,40,107" hai2="56,31,77,78,118,67,17,47,108,79,103,75,119" hai3="126,109,106,48,65,66,53,10,133,98,122,42,129"/><U12/><E40/><V25/><F75/><W55/><G109/><T72/><D115/><U88/><E127/><V117/><F108/><W21/><G122/><T132/><D116/><U33/><E33/><V46/><F103/><W68/><G10/><T135/><D96/><U111/><E111/><V30/><F17/><W113/><G113/><T121/><D121/><U91/><N who="1" m="22528" /><DORA hai="2" /><U85/><E85/><V97/><F97/><W125/><G21/><T69/><D44/><U1/><E62/><V99/><F99/><W5/><G5/><T59/><D69/><U36/><E36/><V8/><F8/><W82/><G82/><T51/><D51/><U32/><E32/><V39/><F39/><W124/><G133/><T60/><D72/><U4/><E1/><V101/><F101/><N who="3" m="62775" /><G129/><T22/><D81/><U57/><E57/><N who="0" m="21513" /><D34/><U110/><E110/><V41/><F41/><W83/><G83/><T37/><D37/><U3/><E3/><V100/><F100/><W29/><G68/><T123/><D123/><U7/><REACH who="1" step="1"/><E19/><REACH who="1" ten="237,240,250,263" step="2"/><V27/><F56/><N who="3" m="32807" /><G42/><T112/><D112/><U128/><E128/><V18/><F67/><N who="3" m="25611" /><G55/><T70/><D70/><U54/><E54/><V43/><F43/><W20/><G125/><T130/><D130/><U131/><E131/><V45/><REACH who="2" step="1"/><F18/><REACH who="2" ten="237,240,240,263" step="2"/><W80/><G124/><T13/><D13/><AGARI ba="0,2" hai="4,6,7,12,13,15,93,94,95,105,107" m="22528" machi="13" ten="60,48000,5" yaku="1,1,29,2,28,2,52,3,54,1,53,4" doraHai="52,2" doraHaiUra="49,84" who="1" fromWho="0" sc="237,-480,240,500,240,0,263,0" owari="-243,-74.0,740,84.0,240,-16.0,263,6.0" /></mjloggm>