<mjloggm ver="2.3"><GO type="169" lobby="0"/><UN n0="%E3%81%8B%E3%81%B6%E8%8C%B6" n1="%E5%A4%A7%E8%B3%A2%E8%89%AF%E5%B8%AB" n2="%E3%81%AF%E3%82%8B%E3%81%AB%E3%82%83%E3%82%80" n3="%E3%82%8F%E3%81%A3%E3%81%97%E3%82%87%E3%81%84%E5%90%9B%32%E5%8F%B7" dan="16,16,16,17" rate="2146.75,2049.83,2070.50,2292.95" sx="M,M,M,M"/><TAIKYOKU oya="0"/><INIT seed="0,0,0,0,4,96" ten="250,250,250,250" oya="0" hai0="12,54,108,8,93,38,104,1,60,125,7,17,113" hai1="11,41,129,33,57,46,18,95,42,106,84,2,62" hai2="37,35,94,77,40,87,4,43,69,47,44,110,127" hai3="71,81,121,122,21,66,101,124,86,73,79,130,102"/><T78/><D113/><U20/><E129/><V85/><F110/><W3/><G130/><T22/><D104/><U0/><E33/><V133/><F133/><W29/><G3/><T16/><D108/><U135/><E106/><V105/><F105/><W98/><G124/><T24/><D38/><U59/><E135/><V32/><F69/><W91/><G66/><T111/><D125/><U132/><E132/><V119/><F127/><W112/><G71/><T100/><D78/><U55/><E11/><V31/><F31/><W13/><G112/><T9/><D111/><U5/><E5/><V30/><F4/><W64/><G64/><T80/><D80/><U36/><E42/><V128/><F128/><W115/><G115/><T92/><REACH who="0" step="1"/><D100/><REACH who="0" ten="240,250,250,250" step="2"/><U88/><REACH who="1" step="1"/><E59/><AGARI ba="0,1" hai="1,7,8,9,12,16,17,22,24,54,59,60,92,93" machi="59" ten="40,7700,0" yaku="1,1,2,1,54,1,53,0" doraHai="96" doraHaiUra="28" who="0" fromWho="1" sc="240,87,250,-77,250,0,250,0" /><INIT seed="0,1,0,5,4,101" ten="327,173,250,250" oya="0" hai0="72,11,17,85,113,112,73,74,10,69,26,68,20" hai1="35,98,131,9,44,36,8,6,3,47,22,57,55" hai2="45,97,29,21,66,64,71,24,5,120,94,43,16" hai3="79,83,59,91,0,60,53,114,99,119,41,92,122"/><T100/><D85/><U89/><E131/><V134/><F134/><W30/><G119/><T88/><D88/><U54/><E35/><V18/><F120/><W115/><G122/><T63/><D100/><U23/><E9/><V78/><F5/><W33/><G0/><T123/><D123/><U130/><E130/><V31/><F78/><W19/><G41/><T121/><D121/><U77/><E77/><V62/><F66/><W28/><G19/><T118/><D118/><U56/><E36/><V40/><F18/><W76/><G76/><T7/><D10/><U46/><E89/><V117/><F40/><W106/><G106/><T132/><D132/><U52/><E98/><V38/><REACH who="2" step="1"/><F117/><REACH who="2" ten="327,173,240,250" step="2"/><W81/><G79/><T96/><D7/><U107/><REACH who="1" step="1"/><E107/><REACH who="1" ten="327,163,240,250" step="2"/><V135/><F135/><W87/><G115/><T15/><D113/><U103/><E103/><AGARI ba="1,2" hai="16,21,24,29,31,38,43,45,62,64,71,94,97,103" machi="103" ten="30,3900,0" yaku="1,1,7,1,54,1,53,0" doraHai="101" doraHaiUra="2" who="2" fromWho="1" sc="327,0,163,-42,240,62,250,0" /><INIT seed="1,0,0,4,4,90" ten="327,121,302,250" oya="1" hai0="36,93,131,65,49,99,62,74,112,71,43,97,47" hai1="129,102,40,64,39,0,73,132,104,60,133,116,4" hai2="120,83,130,17,46,20,57,67,92,110,70,68,3" hai3="37,10,66,84,80,32,19,61,88,25,117,51,28"/><U86/><E86/><V18/><F120/><W100/><G37/><T103/><D131/><U34/><E116/><V1/><F130/><W89/><G117/><T105/><D74/><U33/><E129/><V14/><F110/><W134/><G134/><N who="1" m="51818" /><E73/><V113/><F113/><W128/><G128/><T85/><D85/><U115/><E115/><V6/><F83/><W79/><G51/><T8/><D112/><U87/><E87/><V31/><F31/><W124/><G124/><T21/><D21/><U72/><E72/><V111/><F111/><W56/><G19/><T125/><D8/><N who="1" m="2055" /><E40/><V29/><F3/><W96/><REACH who="3" step="1"/><G10/><REACH who="3" ten="327,121,302,240" step="2"/><T53/><D125/><U42/><E39/><V75/><F18/><W135/><G135/><T11/><D11/><U69/><E42/><V12/><F17/><W50/><G50/><T127/><D127/><U119/><E119/><V91/><F29/><W95/><AGARI ba="0,1" hai="25,28,32,56,61,66,79,80,84,88,89,95,96,100" machi="95" ten="20,12000,2" yaku="1,1,0,1,7,1,52,1,54,1,53,1" doraHai="90" doraHaiUra="54" who="3" fromWho="3" sc="327,-30,121,-60,302,-30,240,130" /><INIT seed="2,0,0,1,4,50" ten="297,61,272,370" oya="2" hai0="43,110,3,66,61,108,111,131,42,5,87,53,34" hai1="123,30,0,19,27,92,10,60,54,56,29,130,85" hai2="46,72,12,112,73,135,35,25,22,58,103,77,106" hai3="118,105,63,13,80,124,78,9,21,83,11,51,38"/><V7/><F112/><W45/><G118/><T4/><D34/><U97/><E123/><V16/><F135/><W115/><G115/><T41/><D87/><U101/><E130/><V127/><F127/><W119/><G119/><T96/><D96/><U55/><E85/><V107/><F103/><W86/><G105/><T31/><D31/><U102/><E102/><V117/><F117/><W33/><G33/><T28/><D28/><U37/><E37/><V88/><F46/><W18/><G124/><T99/><D99/><U79/><E79/><V84/><F77/><W57/><G38/><T95/><D95/><U6/><E19/><V48/><F72/><W94/><G94/><T1/><D53/><U64/><REACH who="1" step="1"/><E30/><REACH who="1" ten="297,51,272,370" step="2"/><N who="2" m="19919" /><F73/><W40/><G80/><T76/><D76/><U129/><E129/><V109/><F7/><N who="0" m="2634" /><D131/><U47/><E47/><V75/><F75/><W32/><REACH who="3" step="1"/><G32/><AGARI ba="0,1" hai="0,6,10,27,29,32,54,55,56,60,64,92,97,101" machi="32" ten="30,8000,1" yaku="1,1,7,1,52,2,53,1" doraHai="50" doraHaiUra="93" who="1" fromWho="3" sc="297,0,51,90,272,0,370,-80" /><INIT seed="3,0,0,0,2,21" ten="297,141,272,290" oya="3" hai0="28,80,117,49,46,33,83,58,130,126,123,29,30" hai1="77,17,34,92,15,78,53,65,13,129,31,68,69" hai2="94,81,6,45,67,86,9,101,62,3,4,104,23" hai3="135,95,61,106,37,25,111,19,2,133,119,70,5"/><W79/><G119/><T97/><D117/><U10/><E129/><V35/><F4/><W120/><G120/><T96/><D123/><U85/><E34/><V89/><F35/><W118/><G118/><T75/><D130/><U90/><E31/><V73/><F45/><W82/><G106/><T41/><D126/><U112/><E112/><V20/><F104/><W99/><G37/><T110/><D110/><U114/><E114/><V93/><F101/><W7/><G111/><T116/><D116/><U84/><E65/><V125/><F125/><W40/><G40/><T128/><D33/><U107/><E107/><V56/><F73/><W39/><G39/><T88/><D75/><U14/><E53/><V103/><F103/><W105/><G2/><T134/><D134/><N who="3" m="51209" /><G105/><T100/><D100/><U55/><E55/><V57/><F57/><W12/><G61/><T24/><D128/><U87/><E69/><V76/><F94/><W8/><G70/><T113/><D58/><U59/><E59/><V122/><F122/><W51/><G51/><T44/><D44/><U127/><E68/><V32/><F32/><W72/><G25/><T64/><D24/><U36/><E36/><V54/><F67/><W22/><G8/><T11/><D11/><U18/><E127/><V16/><F62/><W52/><G52/><T115/><D64/><U43/><E43/><V102/><F54/><W91/><AGARI ba="0,0" hai="5,7,12,19,22,72,79,82,91,95,99" m="51209" machi="91" ten="30,1500,0" yaku="20,1" doraHai="21" who="3" fromWho="3" sc="297,-5,141,-5,272,-5,290,15" /><INIT seed="3,1,0,2,1,11" ten="292,136,267,305" oya="3" hai0="113,51,110,37,96,0,25,66,94,21,134,3,107" hai1="36,61,91,104,126,109,125,44,5,8,88,16,122" hai2="117,135,71,73,49,42,100,95,63,34,76,27,57" hai3="4,103,39,127,58,99,48,87,105,31,89,84,102"/><W124/><G39/><T1/><D37/><U60/><E122/><V93/><F117/><W78/><G31/><T90/><D110/><U108/><E104/><V22/><F34/><W53/><G102/><T82/><D134/><U74/><E74/><V112/><F112/><W77/><G4/><T9/><D113/><U6/><E36/><V14/><F135/><W68/><G68/><T46/><D66/><U64/><E44/><N who="2" m="25751" /><F73/><W97/><G97/><T28/><D82/><U52/><E64/><V24/><F76/><W106/><G105/><T33/><D107/><U130/><E130/><V17/><F71/><W72/><G87/><T30/><D9/><U19/><E8/><N who="2" m="6343" /><F100/><W38/><G38/><T116/><D116/><U55/><AGARI ba="1,0" hai="5,6,16,19,52,55,60,61,88,91,108,109,125,126" machi="55" ten="25,12000,2" yaku="0,1,22,2,54,3" doraHai="11" who="1" fromWho="1" sc="292,-31,136,123,267,-31,305,-61" /><INIT seed="4,0,0,0,2,5" ten="261,259,236,244" oya="0" hai0="33,2,21,115,8,132,22,27,102,28,111,31,70" hai1="73,104,93,72,37,128,118,41,125,95,133,35,74" hai2="91,99,84,85,120,9,29,19,68,34,97,56,116" hai3="52,106,90,18,61,134,49,20,10,60,88,6,117"/><T123/><D70/><U135/><E41/><V7/><F68/><W45/><G117/><T79/><D79/><U75/><N who="1" m="18944" /><DORA hai="14" /><U15/><E15/><N who="2" m="7663" /><F120/><W66/><G106/><T63/><D102/><U59/><E59/><V101/><F34/><W108/><G108/><T17/><D63/><U57/><E57/><V4/><F29/><W78/><G78/><T51/><D51/><U105/><E37/><V55/><F101/><W58/><G134/><N who="1" m="51210" /><E35/><V62/><F84/><W23/><G61/><T113/><D132/><U77/><E118/><V40/><F40/><W87/><G87/><T54/><D54/><U96/><E77/><V69/><F69/><W86/><G86/><T42/><D42/><U103/><E128/><V67/><F116/><W47/><G47/><T81/><D33/><U114/><E114/><N who="0" m="43529" /><D123/><U82/><E82/><N who="2" m="49591" /><F55/><W36/><G36/><T1/><D81/><U127/><E105/><V44/><F44/><W48/><G48/><T131/><D131/><U12/><E12/><V11/><F56/><W107/><G107/><T76/><D76/><U124/><AGARI ba="0,0" hai="93,95,96,103,104,124,125,127" m="51210,18944" machi="124" ten="70,8000,1" yaku="18,1,20,1,34,2" doraHai="5,14" who="1" fromWho="1" sc="261,-40,259,80,236,-20,244,-20" /><INIT seed="5,0,0,0,5,109" ten="221,339,216,224" oya="1" hai0="86,9,130,72,1,106,32,113,25,89,91,41,80" hai1="71,22,98,132,84,42,116,15,58,44,23,2,94" hai2="125,21,100,65,70,35,134,36,81,62,0,92,60" hai3="47,61,74,31,120,34,115,50,27,43,12,45,129"/><U133/><E71/><V24/><F36/><W66/><G120/><T67/><D106/><U107/><E116/><V112/><F125/><W122/><G122/><T119/><D119/><U11/><E107/><V33/><F134/><N who="1" m="51817" /><E2/><V75/><F0/><W38/><G129/><T54/><D72/><U48/><E84/><V97/><F60/><W124/><G124/><T37/><D54/><U121/><E58/><V96/><F96/><W83/><G12/><T87/><D67/><U127/><E127/><V7/><F7/><W118/><G118/><T8/><D87/><U5/><E121/><V68/><F68/><W73/><G83/><T49/><D86/><U29/><E29/><V90/><F112/><W111/><G115/><T99/><D113/><U57/><E57/><V108/><F108/><W28/><G28/><T102/><D80/><U40/><E40/><V114/><F114/><W135/><G135/><T85/><D85/><U55/><E42/><V63/><F63/><W103/><G74/><T53/><D41/><U101/><AGARI ba="0,0" hai="5,11,15,22,23,44,48,55,94,98,101" m="51817" machi="101" ten="30,1500,0" yaku="20,1" doraHai="109" who="1" fromWho="1" sc="221,-5,339,15,216,-5,224,-5" /><INIT seed="5,1,0,5,1,94" ten="216,354,211,219" oya="1" hai0="82,71,64,125,100,127,108,75,22,11,102,26,58" hai1="70,62,133,88,123,106,17,67,85,37,59,63,20" hai2="52,25,93,72,15,74,9,54,51,78,29,116,129" hai3="18,40,77,66,53,109,27,35,1,19,24,135,10"/><U84/><E123/><V134/><F134/><W36/><G109/><T98/><D108/><U92/><E106/><V114/><F129/><W55/><G135/><T6/><D71/><U86/><E37/><V128/><F128/><W101/><G66/><T89/><D75/><U76/><E76/><V45/><F116/><W50/><G77/><T91/><D100/><U31/><E31/><V28/><F114/><W122/><G122/><T3/><D58/><U126/><E126/><N who="0" m="48137" /><D82/><U5/><E5/><V99/><F54/><W4/><G101/><T121/><D64/><U105/><E105/><V39/><F39/><W124/><G124/><T115/><D115/><U48/><E48/><V95/><F95/><W38/><G38/><T111/><D111/><U16/><E133/><V87/><F74/><W113/><G113/><T81/><D81/><U44/><E44/><V90/><F72/><W14/><G36/><T80/><D80/><U57/><E70/><V21/><F78/><W131/><G131/><T42/><D42/><U118/><E118/><V46/><F46/><W41/><G53/><T47/><D47/><U104/><E104/><V73/><F73/><W7/><G41/><T60/><D60/><U96/><E20/><V33/><F33/><W32/><G40/><T119/><D121/><U49/><E49/><V65/><F65/><AGARI ba="1,0" hai="16,17,57,59,62,63,65,67,84,85,86,88,92,96" machi="65" ten="40,12000,1" yaku="9,1,8,1,52,1,54,2" doraHai="94" who="1" fromWho="2" sc="216,0,354,123,211,-123,219,0" /><INIT seed="5,2,0,5,0,131" ten="216,477,88,219" oya="1" hai0="128,42,59,32,85,25,116,130,112,11,31,56,83" hai1="82,27,79,108,74,12,95,118,40,133,3,46,109" hai2="76,5,36,69,90,132,91,64,75,30,68,63,26" hai3="17,9,44,111,65,66,104,1,38,120,122,78,113"/><U124/><E118/><V29/><F36/><W135/><G111/><N who="1" m="42570" /><E3/><V67/><F5/><W134/><G113/><T73/><D116/><U48/><E124/><V19/><F19/><W54/><G104/><T7/><D73/><U18/><E27/><V6/><F6/><N who="3" m="1231" /><G17/><T121/><D42/><U88/><E133/><N who="3" m="50698" /><G78/><N who="0" m="46327" /><D121/><N who="3" m="46697" /><G54/><T37/><D112/><U45/><E40/><AGARI ba="2,0" hai="38,40,44,65,66" m="46697,50698,1231" machi="40" ten="30,7700,0" yaku="20,1,52,3" doraHai="131" who="3" fromWho="1" sc="216,0,477,-83,88,0,219,83" /><INIT seed="6,0,0,2,0,82" ten="216,394,88,302" oya="2" hai0="22,5,17,1,3,90,34,107,20,70,38,15,108" hai1="73,95,92,44,79,105,110,12,76,14,65,115,16" hai2="125,6,67,48,133,78,56,41,116,75,127,37,64" hai3="96,24,11,69,21,57,113,51,117,59,103,0,72"/><V66/><F6/><W4/><G117/><T47/><D70/><U84/><E105/><V121/><F116/><W86/><G72/><T131/><D107/><U49/><E110/><V100/><F100/><W39/><G39/><T45/><D108/><U36/><E36/><V80/><F121/><W19/><G69/><T60/><D34/><U43/><E73/><V129/><F129/><W93/><G113/><T81/><D131/><U111/><E111/><V42/><F133/><W89/><REACH who="3" step="1"/><G51/><REACH who="3" ten="216,394,88,292" step="2"/><T2/><D38/><U112/><E115/><V7/><F37/><W132/><G132/><T52/><D1/><U122/><E112/><V58/><F7/><W10/><G10/><N who="0" m="6391" /><D5/><U98/><E122/><V29/><F29/><W33/><G33/><T32/><D32/><U126/><E126/><N who="2" m="48139" /><F48/><W25/><G25/><T54/><D2/><U83/><E65/><N who="2" m="16643" /><V61/><DORA hai="53" /><F61/><W130/><G130/><T99/><D60/><U109/><E109/><V71/><F71/><W104/><AGARI ba="0,1" hai="0,4,11,19,21,24,57,59,86,89,93,96,103,104" machi="104" ten="20,12000,2" yaku="1,1,0,1,7,1,52,3,53,0" doraHai="82,53" doraHaiUra="119,62" who="3" fromWho="3" sc="216,-30,394,-30,88,-60,292,130" /><INIT seed="7,0,0,5,1,87" ten="186,364,28,422" oya="3" hai0="101,110,123,67,57,44,11,23,1,32,58,114,68" hai1="77,130,42,30,17,106,133,48,132,38,31,62,51" hai2="16,5,93,75,129,104,100,117,74,80,43,25,131" hai3="7,120,69,2,56,124,65,102,81,116,98,112,113"/><W86/><G116/><T121/><D32/><U0/><E0/><V36/><F5/><W73/><G120/><T91/><D68/><U4/><E4/><V3/><F3/><W61/><G124/><T122/><D101/><U40/><E106/><V12/><F117/><W105/><G56/><T34/><D34/><U63/><E130/><V20/><F43/><W47/><G47/><T90/><D110/><U126/><E17/><V45/><F45/><W39/><G39/><T99/><D99/><U125/><E38/><V27/><F36/><W94/><G94/><T37/><D23/><U28/><E28/><V33/><F104/><W111/><G111/><T82/><D82/><U85/><E85/><V115/><F115/><W70/><G70/><T53/><D67/><U88/><E77/><V97/><F33/><W8/><G86/><T109/><D114/><U41/><E41/><V22/><F12/><W55/><G55/><T95/><D95/><U15/><E15/><V103/><F80/><W66/><G66/><T72/><D109/><U29/><E29/><V10/><F10/><W64/><G65/><T52/><D37/><U54/><E54/><V107/><F107/><W50/><G50/><T59/><D44/><U119/><E119/><V89/><F93/><W127/><G127/><T9/><D72/><U6/><E6/><V49/><F97/><W92/><G92/><T21/><D1/><U108/><E108/><V71/><F71/><W83/><G83/><T96/><D122/><U60/><E60/><V18/><F49/><W128/><G128/><T19/><D123/><RYUUKYOKU ba="0,0" sc="186,-30,364,10,28,10,422,10" hai1="30,31,40,42,48,51,62,63,88,125,126,132,133" hai2="16,18,20,22,25,27,74,75,89,100,103,129,131" hai3="2,7,8,61,64,69,73,81,98,102,105,112,113" owari="156,-24.0,374,17.0,38,-46.0,432,53.0" /></mjloggm>