<mjloggm ver="2.3"><GO type="169" lobby="0"/><UN n0="%E8%91%B5%E3%81%A1%E3%82%83%E3%82%93" n1="%79%61%63%68%69%33%35%38" n2="%E3%83%8E%E3%82%AA%E3%83%81%E3%83%A3%E3%83%99%E3%82%B9" n3="%70%69%6E%63%65%72%73" dan="16,16,16,16" rate="2124.53,2078.35,2081.78,2160.99" sx="M,M,M,M"/><TAIKYOKU oya="0"/><INIT seed="0,0,0,4,4,69" ten="250,250,250,250" oya="0" hai0="9,21,71,76,132,84,129,27,78,81,108,112,58" hai1="68,49,64,119,34,104,19,93,79,3,40,31,87" hai2="105,42,1,15,55,24,18,96,102,53,29,122,94" hai3="4,114,44,133,74,51,103,56,111,99,121,85,25"/><T80/><D112/><U47/><E119/><V70/><F122/><W0/><G74/><T124/><D71/><U126/><E126/><V75/><F75/><W14/><G111/><T20/><D124/><U38/><E104/><V72/><F72/><W83/><G0/><T113/><D113/><U5/><E34/><V110/><F110/><W57/><G114/><T36/><D108/><U127/><E31/><V100/><F1/><W10/><G133/><T89/><D132/><U62/><E127/><V66/><F100/><W59/><G25/><T107/><D107/><U48/><E19/><V54/><F94/><W33/><G33/><T12/><D129/><U128/><E128/><V63/><F42/><W26/><G26/><T90/><D58/><U13/><E3/><V30/><REACH who="2" step="1"/><F24/><REACH who="2" ten="250,250,240,250" step="2"/><W134/><G121/><T39/><D27/><U101/><E101/><V116/><F116/><W35/><G134/><T88/><D80/><U97/><E93/><V92/><F92/><W16/><G35/><T60/><D60/><U8/><REACH who="1" step="1"/><E97/><REACH who="1" ten="250,240,240,250" step="2"/><V7/><F7/><W22/><G99/><T32/><D32/><U117/><E117/><V91/><F91/><N who="3" m="51647" /><G103/><T73/><D78/><U115/><E115/><V135/><F135/><W82/><G82/><AGARI ba="0,2" hai="5,8,13,38,40,47,48,49,62,64,68,79,82,87" machi="82" ten="40,8000,1" yaku="1,1,52,1,53,2" doraHai="69" doraHaiUra="45" who="1" fromWho="3" sc="250,0,240,100,240,0,250,-80" /><INIT seed="1,0,0,3,0,37" ten="250,340,240,170" oya="1" hai0="122,124,69,93,57,55,35,102,74,107,73,66,65" hai1="27,59,90,120,133,100,89,60,4,98,40,118,101" hai2="6,135,111,25,26,128,5,36,50,95,46,72,29" hai3="64,125,14,103,84,112,105,117,9,99,109,130,61"/><U49/><E120/><V56/><F72/><W33/><G109/><T12/><D35/><U108/><E118/><V80/><F111/><W10/><G112/><T13/><D107/><U23/><E133/><V83/><F36/><W116/><G130/><T126/><D122/><U22/><E4/><V53/><F128/><W97/><G125/><N who="0" m="48235" /><D93/><N who="1" m="58447" /><E22/><V15/><F135/><W86/><G33/><T127/><D102/><U70/><E70/><V119/><F119/><N who="3" m="45643" /><G97/><T94/><D94/><U114/><E101/><V81/><F95/><W51/><G51/><T41/><D41/><U121/><E114/><V92/><F92/><W42/><G42/><T44/><D44/><N who="1" m="25735" /><E121/><V131/><F131/><W16/><G10/><T17/><D74/><U96/><E96/><V129/><F129/><W58/><AGARI ba="0,0" hai="9,14,16,58,61,64,84,86,99,103,105" m="45643" machi="58" ten="30,2000,0" yaku="12,1,54,1" doraHai="37" who="3" fromWho="3" sc="250,-5,340,-10,240,-5,170,20" /><INIT seed="2,0,0,4,5,2" ten="245,330,235,190" oya="2" hai0="89,70,98,74,50,100,65,126,64,92,9,109,90" hai1="72,73,96,135,23,134,1,56,17,47,13,19,54" hai2="14,128,5,106,127,114,115,87,75,77,66,101,40" hai3="30,62,31,29,7,39,111,119,49,6,86,132,81"/><V76/><F66/><W57/><G39/><T120/><D120/><U44/><E1/><V46/><F75/><N who="1" m="28745" /><E17/><V130/><F101/><W20/><G119/><T99/><D126/><U45/><E96/><V117/><F106/><W122/><G122/><T105/><D74/><U3/><E3/><V124/><F117/><W93/><G111/><T103/><D109/><U26/><E26/><V10/><F115/><W125/><G132/><N who="1" m="50730" /><E56/><V94/><F94/><W60/><G125/><N who="2" m="48201" /><F114/><W63/><G93/><T58/><D70/><U18/><E18/><V12/><F14/><W53/><REACH who="3" step="1"/><G20/><REACH who="3" ten="245,330,235,180" step="2"/><T83/><D92/><U131/><E131/><N who="2" m="50219" /><F87/><W59/><G59/><T104/><D58/><U82/><E82/><V15/><F15/><W22/><G22/><T25/><D83/><U68/><E68/><V41/><F41/><W35/><G35/><T36/><D104/><U8/><E23/><V28/><F28/><W67/><G67/><T78/><D105/><U113/><E113/><V88/><F40/><W118/><G118/><T79/><D65/><U42/><E54/><V97/><F46/><W24/><G24/><T116/><D25/><U129/><E129/><V102/><F102/><W37/><G37/><AGARI ba="0,1" hai="8,13,19,37,42,44,45,47" m="50730,28745" machi="37" ten="30,1000,0" yaku="20,1" doraHai="2" who="1" fromWho="3" sc="245,0,330,20,235,0,180,-10" /><INIT seed="3,0,0,2,5,101" ten="245,350,235,170" oya="3" hai0="3,94,58,107,64,13,38,24,27,36,62,84,134" hai1="11,66,124,18,90,56,125,132,121,102,47,98,110" hai2="32,30,68,44,1,39,20,54,131,108,96,86,82" hai3="85,118,104,25,109,29,100,79,83,22,78,35,80"/><W123/><G118/><T8/><D3/><U95/><E121/><V15/><F68/><W113/><G123/><T69/><D134/><U129/><E132/><V46/><F1/><W75/><G113/><T16/><D69/><U7/><E110/><V37/><F32/><W67/><G109/><T43/><D107/><U119/><E119/><V105/><F108/><W10/><G10/><T31/><D43/><U81/><E47/><V103/><F131/><W128/><G128/><T74/><D74/><U126/><E129/><V111/><F111/><W133/><G133/><T61/><D61/><N who="1" m="38183" /><E18/><V2/><F2/><W23/><REACH who="3" step="1"/><G67/><REACH who="3" ten="245,350,235,160" step="2"/><T71/><D8/><U52/><E11/><V0/><F0/><W51/><G51/><T6/><D64/><U89/><E7/><V28/><F39/><W92/><G92/><T70/><D94/><U93/><E93/><V42/><F54/><W65/><G65/><T45/><D6/><U12/><E52/><V127/><F37/><W117/><G117/><T50/><D38/><U14/><E81/><V55/><F55/><W57/><G57/><T40/><D58/><U88/><AGARI ba="0,1" hai="12,14,88,89,90,95,98,102,124,125,126" m="38183" machi="88" ten="40,2700,0" yaku="18,1,54,1" doraHai="101" who="1" fromWho="1" sc="245,-7,350,37,235,-7,160,-13" /><INIT seed="4,0,0,1,1,104" ten="238,387,228,147" oya="0" hai0="116,79,71,70,35,115,53,13,33,59,113,101,38" hai1="65,128,57,0,24,67,74,86,90,82,106,87,96" hai2="123,60,112,46,110,11,119,89,23,21,94,130,50" hai3="105,48,72,14,135,40,77,51,15,20,133,92,58"/><T99/><D116/><U63/><E128/><V3/><F123/><W39/><G105/><T26/><D38/><U45/><E0/><V12/><F3/><W91/><G39/><T61/><D13/><U93/><E45/><V1/><F1/><W22/><G58/><T95/><D79/><U55/><E24/><V109/><F130/><W62/><G62/><T30/><REACH who="0" step="1"/><D35/><REACH who="0" ten="228,387,228,147" step="2"/><U43/><E43/><V125/><F119/><W36/><G36/><T9/><D9/><U118/><E118/><V114/><F11/><W75/><G77/><T2/><D2/><U129/><E129/><V34/><F34/><W32/><G32/><T47/><D47/><U134/><E134/><V127/><F46/><W42/><REACH who="3" step="1"/><G92/><REACH who="3" ten="228,387,228,137" step="2"/><T73/><D73/><U84/><E106/><V6/><F94/><W44/><G44/><T124/><D124/><U25/><E74/><V27/><F127/><W66/><G66/><N who="1" m="25098" /><E25/><V108/><F27/><W88/><AGARI ba="0,2" hai="14,15,20,22,40,42,48,51,72,75,88,91,133,135" machi="88" ten="25,12000,2" yaku="1,1,0,1,22,2,52,2,54,1,53,0" doraHai="104" doraHaiUra="54" who="3" fromWho="3" sc="228,-60,387,-30,228,-30,137,140" /><INIT seed="5,0,0,0,3,60" ten="168,357,198,277" oya="1" hai0="8,17,10,95,6,118,99,104,116,126,52,39,26" hai1="94,63,70,100,47,27,90,110,134,96,113,130,43" hai2="57,127,75,119,44,28,41,61,93,125,20,88,85" hai3="98,78,49,133,120,69,9,101,15,128,97,11,81"/><U80/><E113/><V21/><F75/><W73/><G120/><T5/><D104/><U86/><E134/><V38/><F119/><W19/><G133/><T42/><D39/><U105/><E130/><V36/><F36/><W64/><G128/><T58/><D42/><U71/><E110/><V129/><F129/><W107/><G98/><T55/><D126/><N who="2" m="48138" /><F28/><W131/><G131/><T92/><D99/><U1/><E1/><V7/><F7/><W62/><REACH who="3" step="1"/><G49/><REACH who="3" ten="168,357,198,267" step="2"/><T111/><D111/><U45/><E96/><V66/><AGARI ba="0,1" hai="20,21,38,41,44,57,61,66,85,88,93" m="48138" machi="66" ten="30,4000,0" yaku="18,1,52,1,54,1" doraHai="60" who="2" fromWho="2" sc="168,-10,357,-20,198,50,267,-10" /><INIT seed="6,0,0,5,1,31" ten="158,337,248,257" oya="2" hai0="71,10,2,113,115,126,132,35,79,65,54,18,120" hai1="94,68,38,70,121,14,5,25,55,39,21,33,40" hai2="114,4,125,88,45,67,24,48,131,60,22,52,46" hai3="123,42,0,17,16,77,56,28,129,7,3,8,6"/><V27/><F114/><N who="0" m="43530" /><D79/><U100/><E33/><V104/><F104/><W13/><G77/><T15/><D65/><U130/><E39/><V119/><F119/><W101/><G101/><T59/><D71/><U117/><E117/><V86/><F125/><W49/><G123/><T102/><D102/><U29/><E38/><V85/><F131/><W81/><G129/><T127/><D54/><U107/><E107/><V89/><F4/><N who="3" m="1579" /><G81/><T72/><D59/><U91/><E68/><V51/><F67/><W82/><G82/><T116/><D72/><U9/><E70/><V12/><F12/><N who="3" m="7175" /><G56/><T62/><D62/><U96/><E121/><V128/><F128/><W135/><G49/><T83/><D83/><U47/><E40/><V66/><F66/><W37/><G42/><T19/><D116/><U23/><E130/><V97/><F97/><W112/><G37/><T11/><D120/><U111/><E111/><V50/><F60/><W26/><G135/><T63/><D63/><U124/><E124/><N who="0" m="47657" /><D132/><U44/><E100/><V57/><F57/><W92/><G92/><T64/><D64/><U108/><E108/><V53/><F50/><W93/><G93/><T43/><D43/><U69/><E55/><V41/><F41/><W34/><G112/><T134/><D134/><U32/><E69/><V84/><F22/><AGARI ba="0,0" hai="0,3,13,17,22,26,28,34" m="7175,1579" machi="22" ten="30,12000,2" yaku="35,5,52,1,54,1" doraHai="31" who="3" fromWho="2" sc="158,0,337,0,248,-120,257,120" /><INIT seed="7,0,0,1,5,109" ten="158,337,128,377" oya="3" hai0="59,33,40,31,8,34,61,75,0,116,106,43,14" hai1="2,92,81,19,99,66,36,135,80,101,87,9,35" hai2="83,130,79,86,22,39,21,124,51,78,38,24,110" hai3="71,23,132,65,47,122,15,58,60,98,10,104,16"/><W89/><G132/><T41/><D116/><U30/><E135/><V90/><F110/><W134/><G134/><T20/><D75/><U118/><E36/><V32/><F124/><W12/><G122/><T102/><D0/><U77/><E118/><V49/><F32/><W121/><G121/><T126/><D126/><U26/><E66/><V131/><F24/><W70/><G47/><T5/><D106/><U62/><E62/><V94/><F94/><W103/><G89/><T37/><D102/><U42/><E42/><V52/><F90/><W27/><G12/><T50/><D50/><U64/><E64/><V107/><F107/><W123/><G123/><T111/><D37/><U100/><E81/><V4/><F4/><AGARI ba="0,0" hai="4,10,15,16,23,27,58,60,65,70,71,98,103,104" machi="4" ten="30,2900,0" yaku="7,1,54,1" doraHai="109" who="3" fromWho="2" sc="158,0,337,0,128,-29,377,29" owari="158,-24.0,337,14.0,99,-40.0,406,50.0" /></mjloggm>