<mjloggm ver="2.3"><GO type="169" lobby="0"/><UN n0="%E7%99%BD%E9%B9%BF%E6%84%9B%E8%8E%89" n1="%4B%57" n2="%E3%82%A4%E3%83%B3%E3%83%87%E3%82%A3%E3%82%B4%E3%83%96%E3%83%AB%E3%83%BC" n3="%E3%81%86%E3%81%95%E3%81%8E%E3%83%95%E3%82%A1%E3%83%B3%E3%82%B7%E3%83%BC" dan="18,16,16,16" rate="2224.46,2034.22,2149.27,2116.80" sx="F,M,M,F"/><TAIKYOKU oya="0"/><INIT seed="0,0,0,4,2,122" ten="250,250,250,250" oya="0" hai0="18,65,56,134,84,67,10,73,48,80,36,6,33" hai1="49,102,86,69,81,29,115,120,106,20,96,114,78" hai2="14,23,131,90,123,47,41,38,0,88,26,99,58" hai3="53,31,4,42,34,74,129,1,97,54,116,24,108"/><T127/><D36/><U112/><E69/><V50/><F123/><W8/><G116/><T75/><D33/><U52/><E120/><V85/><F0/><W89/><G129/><T83/><D18/><U37/><E37/><V124/><F124/><W59/><G74/><T11/><D127/><U30/><REACH who="1" step="1"/><E20/><REACH who="1" ten="250,240,250,250" step="2"/><V27/><F131/><W111/><G42/><T71/><D71/><U130/><E130/><V128/><F128/><W133/><G133/><T3/><D134/><U87/><E87/><V46/><F85/><W21/><G21/><T77/><D75/><U94/><E94/><V25/><F99/><W101/><G89/><T19/><D73/><U118/><E118/><V64/><F88/><W91/><G91/><T105/><D105/><U16/><E16/><V76/><F90/><W95/><REACH who="3" step="1"/><G54/><REACH who="3" ten="250,240,250,240" step="2"/><N who="0" m="31815" /><D84/><U110/><E110/><V35/><F41/><W13/><G13/><T9/><D3/><U92/><E92/><V132/><F132/><W61/><AGARI ba="0,2" hai="1,4,8,24,31,34,53,59,61,95,97,101,108,111" machi="61" ten="30,8000,1" yaku="1,1,0,1,52,2,53,1" doraHai="122" doraHaiUra="28" who="3" fromWho="3" sc="250,-40,240,-20,250,-20,240,100" /><INIT seed="1,0,0,3,1,64" ten="210,220,230,340" oya="1" hai0="68,103,90,87,75,18,39,112,59,93,42,121,119" hai1="27,5,66,7,130,78,125,6,34,117,128,71,85" hai2="114,110,37,67,10,109,127,105,70,77,1,134,107" hai3="0,63,50,48,26,60,82,2,30,86,98,16,73"/><U62/><E117/><V120/><RYUUKYOKU type="yao9" ba="0,0" sc="210,0,220,0,230,0,340,0" hai2="1,10,37,67,70,77,105,107,109,110,114,120,127,134" /><INIT seed="1,1,0,5,4,53" ten="210,220,230,340" oya="1" hai0="126,3,105,117,29,10,36,14,106,122,79,61,72" hai1="68,67,101,33,120,93,73,55,95,26,94,65,90" hai2="78,12,25,8,109,4,97,49,54,13,69,5,75" hai3="44,46,87,32,88,77,99,89,50,123,102,128,74"/><U127/><E120/><V83/><F109/><W19/><G123/><T48/><D117/><U66/><E127/><V59/><F69/><W86/><G128/><T38/><D122/><U41/><E73/><V134/><F134/><W104/><G32/><T21/><D3/><U70/><E41/><V84/><F97/><W63/><G74/><T52/><D61/><U112/><E112/><V107/><F107/><W108/><G108/><T125/><D21/><U60/><E101/><V82/><F25/><W7/><G7/><T58/><D29/><U113/><E90/><V43/><F43/><W42/><G63/><T2/><D2/><U71/><E55/><V62/><F75/><W17/><G46/><T57/><D57/><U129/><E113/><V119/><F119/><W0/><G0/><T16/><D79/><U124/><E124/><N who="0" m="47721" /><D72/><U28/><E129/><V92/><F78/><W22/><G77/><T133/><D133/><U45/><REACH who="1" step="1"/><E45/><REACH who="1" ten="210,210,230,340" step="2"/><V18/><F62/><AGARI ba="1,1" hai="26,28,33,60,62,65,66,67,68,70,71,93,94,95" machi="62" ten="50,12000,1" yaku="1,1,2,1,29,2,53,0" doraHai="53" doraHaiUra="114" who="1" fromWho="2" sc="210,0,210,133,230,-123,340,0" /><INIT seed="1,2,0,4,0,54" ten="210,343,107,340" oya="1" hai0="116,46,69,63,28,91,35,20,23,57,0,104,36" hai1="72,29,82,76,103,105,81,32,26,39,131,111,19" hai2="22,10,83,86,7,102,64,50,15,45,27,107,25" hai3="52,71,120,122,13,132,34,78,77,48,55,109,9"/><U60/><E39/><V135/><F135/><W99/><G71/><T112/><D116/><U11/><E131/><V17/><F107/><W1/><G1/><T110/><D112/><U14/><E111/><V74/><F74/><W124/><G109/><T117/><D117/><U31/><E31/><V2/><F102/><W119/><G119/><T115/><D115/><U113/><E113/><V66/><F25/><W90/><G34/><T33/><D0/><U97/><E81/><V49/><F49/><W42/><G132/><T95/><D69/><U100/><E60/><V41/><REACH who="2" step="1"/><F2/><REACH who="2" ten="210,343,97,340" step="2"/><W18/><G48/><T93/><D104/><U70/><E103/><V61/><F61/><W44/><G120/><T106/><D63/><U108/><E108/><V79/><AGARI ba="2,1" hai="7,10,15,17,22,27,41,45,50,64,66,79,83,86" machi="79" ten="20,12000,2" yaku="1,1,0,1,7,1,25,2,8,1,53,1" doraHai="54" doraHaiUra="3" who="2" fromWho="2" sc="210,-32,343,-62,97,136,340,-32" /><INIT seed="2,0,0,1,1,38" ten="178,281,233,308" oya="2" hai0="54,52,7,46,18,119,127,56,42,32,125,128,108" hai1="96,116,80,110,13,49,0,106,126,133,55,21,74" hai2="85,3,59,24,65,14,68,79,19,81,69,105,109" hai3="31,15,27,98,123,84,63,61,75,39,36,83,101"/><V11/><F105/><W103/><G123/><T40/><D32/><U37/><E116/><V53/><F109/><W34/><G75/><T112/><D112/><U51/><E110/><V121/><F121/><W115/><G115/><T120/><D108/><U43/><E0/><V23/><F65/><W57/><G15/><T78/><D120/><U131/><E131/><V114/><F3/><W58/><G58/><T93/><D7/><U33/><E33/><V4/><REACH who="2" step="1"/><F114/><REACH who="2" ten="178,281,223,308" step="2"/><W118/><G118/><T124/><D119/><U132/><E106/><V134/><F134/><W16/><G63/><AGARI ba="0,1" hai="4,11,14,19,23,24,53,59,63,68,69,79,81,85" machi="63" ten="30,2900,0" yaku="1,1,7,1,53,0" doraHai="38" doraHaiUra="95" who="2" fromWho="3" sc="178,0,281,0,223,39,308,-29" /><INIT seed="2,1,0,5,0,119" ten="178,281,262,279" oya="2" hai0="17,122,10,105,26,58,80,123,124,2,87,45,113" hai1="91,1,133,25,64,67,18,29,117,51,0,81,50" hai2="40,28,12,79,6,131,53,69,70,16,72,59,56" hai3="55,20,27,46,14,8,52,130,48,41,120,32,39"/><V104/><F104/><W129/><G32/><T99/><D45/><U93/><E117/><V82/><F131/><N who="3" m="50187" /><G39/><T23/><D113/><U121/><E133/><V11/><F40/><W33/><G33/><T4/><D124/><U68/><E81/><V86/><F28/><N who="3" m="17511" /><G120/><T85/><D58/><U118/><E118/><V42/><F42/><W107/><G107/><T98/><D87/><U92/><E18/><AGARI ba="1,0" hai="8,14,18,41,46,48,52,55" m="17511,50187" machi="18" ten="30,2000,0" yaku="19,1,54,1" doraHai="119" who="3" fromWho="1" sc="178,0,281,-23,262,0,279,23" /><INIT seed="3,0,0,1,3,124" ten="178,258,262,302" oya="3" hai0="61,60,28,27,62,135,35,119,107,98,121,26,90" hai1="117,39,78,32,116,101,37,51,49,58,4,82,81" hai2="38,56,17,89,88,34,45,114,12,75,52,16,105" hai3="19,64,85,5,109,83,106,69,30,41,95,57,131"/><W126/><G106/><T128/><D119/><N who="1" m="45643" /><E32/><V129/><F114/><W96/><G126/><T70/><D121/><U97/><E4/><V2/><F2/><W53/><G5/><T65/><D135/><U55/><E51/><V76/><F105/><W133/><G133/><T50/><D128/><U74/><E82/><V104/><F129/><W99/><G131/><T77/><D77/><U22/><E22/><V20/><F104/><AGARI ba="0,0" hai="37,39,49,55,58,74,78,81,97,101,104" m="45643" machi="104" ten="30,1000,0" yaku="12,1" doraHai="124" who="1" fromWho="2" sc="178,0,258,10,262,-10,302,0" /><INIT seed="4,0,0,4,1,39" ten="178,268,252,302" oya="0" hai0="52,131,29,130,56,59,122,18,79,13,74,98,84" hai1="0,94,75,123,11,47,69,91,129,124,9,64,87" hai2="26,112,101,54,32,95,110,58,50,63,66,51,43" hai3="105,113,121,2,85,81,33,17,5,62,119,78,134"/><T115/><D122/><U36/><E123/><V100/><F110/><W65/><G121/><T35/><D74/><U126/><E75/><V68/><F112/><W133/><G113/><T45/><D115/><U72/><E72/><V106/><F95/><W125/><G119/><T14/><D35/><U107/><E107/><V118/><F118/><W82/><G125/><N who="1" m="48234" /><E0/><V25/><F101/><W104/><G33/><T90/><D29/><U67/><E129/><N who="0" m="49161" /><D98/><U40/><E69/><V38/><F51/><W15/><G2/><T28/><D79/><U117/><E117/><V49/><F50/><W12/><G78/><T31/><D45/><U61/><E61/><V10/><F10/><AGARI ba="0,0" hai="9,10,11,36,40,47,64,67,87,91,94" m="48234" machi="10" ten="30,2000,0" yaku="18,1,52,1" doraHai="39" who="1" fromWho="2" sc="178,0,268,20,252,-20,302,0" /><INIT seed="5,0,0,3,3,132" ten="178,288,232,302" oya="1" hai0="38,53,82,97,41,2,40,101,64,100,121,127,54" hai1="7,44,61,104,96,42,105,4,89,31,10,28,113" hai2="20,130,5,134,58,62,9,103,126,74,92,125,128" hai3="66,45,112,22,86,12,116,23,83,87,35,71,47"/><U49/><E113/><V91/><F74/><W85/><G35/><T68/><D2/><U56/><E105/><V94/><F103/><W19/><G112/><T76/><D121/><U11/><E11/><V21/><F94/><W99/><G116/><T8/><D8/><U98/><E98/><N who="2" m="57631" /><F134/><W67/><G99/><T65/><D97/><U111/><E111/><V33/><F33/><W135/><G135/><T133/><D133/><U36/><E36/><V84/><F84/><N who="3" m="32363" /><G71/><T55/><D55/><U57/><E57/><V25/><F25/><W0/><G23/><N who="2" m="8777" /><F9/><W110/><G0/><T77/><D82/><U18/><E7/><V60/><F5/><W29/><G29/><T129/><D68/><U119/><E18/><V123/><F123/><W124/><G110/><T34/><D34/><U17/><E17/><V95/><F95/><W50/><G87/><T73/><D73/><U107/><E107/><V108/><F108/><W81/><G19/><T27/><D27/><U32/><E32/><V48/><F48/><W122/><G50/><T46/><D38/><U26/><E26/><V39/><F39/><W24/><G122/><T115/><D115/><U93/><E104/><V63/><F58/><W106/><G106/><T52/><D54/><N who="1" m="33943" /><E119/><V13/><F13/><AGARI ba="0,0" hai="4,10,13,28,31,42,44,49,89,93,96" m="33943" machi="13" ten="30,1500,0" yaku="8,1" doraHai="132" who="1" fromWho="2" sc="178,0,288,15,232,-15,302,0" /><INIT seed="5,1,0,2,1,39" ten="178,303,217,302" oya="1" hai0="125,44,16,51,95,64,41,102,54,88,72,81,5" hai1="131,74,104,63,132,130,75,0,55,76,82,38,31" hai2="91,1,36,9,61,17,62,119,133,121,100,115,71" hai3="48,10,49,97,126,2,93,19,107,26,96,45,98"/><U105/><E0/><V134/><F121/><W123/><G123/><T69/><D125/><U89/><E38/><V79/><F119/><W59/><G107/><N who="1" m="41034" /><E31/><V28/><F100/><W15/><G126/><T84/><D5/><U85/><E55/><V47/><F79/><W109/><G109/><T68/><D64/><U101/><E63/><V118/><F118/><W25/><G2/><T40/><D16/><U94/><E132/><N who="2" m="50795" /><F115/><W65/><G93/><T117/><D117/><U6/><E6/><N who="2" m="1231" /><F28/><W21/><G26/><T43/><REACH who="0" step="1"/><D72/><REACH who="0" ten="168,303,217,302" step="2"/><N who="1" m="27691" /><E101/><V27/><F71/><W66/><G66/><T7/><D7/><U92/><E92/><V53/><F17/><W70/><G65/><T67/><D67/><U29/><E29/><V18/><F18/><N who="3" m="12471" /><G70/><T113/><D113/><U52/><E94/><V128/><F27/><W34/><G19/><T83/><D83/><U4/><E4/><V11/><F11/><W87/><G10/><T124/><D124/><U99/><E82/><V33/><F128/><W108/><G15/><T110/><D110/><U3/><E131/><V32/><F91/><W103/><G108/><T56/><D56/><U106/><E130/><V35/><F53/><W42/><G59/><T111/><D111/><U37/><E52/><V8/><F8/><W90/><G90/><T135/><D135/><U12/><E89/><V114/><F114/><W122/><G122/><T24/><D24/><U20/><E76/><V127/><F127/><W80/><G80/><T50/><D50/><U46/><E3/><V78/><F78/><W77/><G77/><T22/><D22/><RYUUKYOKU ba="1,1" sc="168,15,303,-15,217,15,302,-15" hai0="40,41,43,44,51,54,68,69,81,84,88,95,102" hai2="32,33,35,36,47,61,62" /><INIT seed="6,2,1,2,1,7" ten="183,288,232,287" oya="2" hai0="15,122,26,121,133,106,97,68,90,128,6,85,87" hai1="80,65,64,131,72,36,52,22,23,110,98,40,32" hai2="114,10,59,96,78,20,31,45,102,67,124,56,113" hai3="5,71,49,54,101,35,91,132,38,70,120,46,60"/><V89/><F124/><W29/><G120/><N who="0" m="46187" /><D26/><U94/><E110/><V37/><F78/><W21/><G35/><T74/><D15/><U69/><E32/><V105/><F89/><W63/><G29/><T129/><D6/><U58/><E131/><N who="0" m="50249" /><D68/><U4/><E4/><V112/><F67/><W123/><G21/><T48/><D48/><U116/><E69/><V126/><F126/><W99/><G123/><T125/><D125/><U13/><E22/><V109/><F109/><W51/><G38/><T86/><D74/><U134/><E13/><V14/><F31/><W111/><G49/><T73/><D73/><U92/><E72/><V8/><F20/><W115/><G5/><T27/><D27/><U66/><E36/><V34/><F34/><W33/><G51/><T108/><D108/><U17/><E17/><N who="2" m="8407" /><F8/><W75/><G70/><T28/><D28/><U24/><E23/><V88/><F88/><W104/><G71/><T55/><D55/><U79/><E79/><V53/><F53/><W127/><G127/><T9/><D9/><U41/><E52/><V82/><F82/><W3/><G54/><T84/><D133/><U12/><E80/><V62/><F62/><W25/><G63/><T0/><D0/><U76/><E76/><V103/><F103/><W57/><G60/><T19/><D19/><U16/><E16/><V77/><F77/><W11/><G11/><T43/><D43/><AGARI ba="2,1" hai="37,43,45,56,59,96,102,105,112,113,114" m="8407" machi="43" ten="30,2900,0" yaku="15,1,52,1" doraHai="7" who="2" fromWho="0" sc="183,-35,288,0,232,45,287,0" /><INIT seed="6,3,0,4,3,94" ten="148,288,277,287" oya="2" hai0="28,16,83,64,27,0,25,6,24,36,109,4,122" hai1="30,90,112,89,95,74,18,104,34,3,101,117,121" hai2="48,45,26,5,55,17,62,22,106,39,50,114,9" hai3="80,81,47,125,10,11,116,59,14,61,43,12,115"/><V7/><F114/><W108/><G116/><T67/><D36/><U133/><E117/><V87/><F106/><W118/><G118/><T79/><D109/><U56/><E112/><V63/><F39/><W72/><G108/><T100/><D122/><U135/><E121/><V31/><F50/><W2/><G115/><T1/><D28/><U70/><E70/><V15/><F7/><W35/><G35/><T129/><D129/><U38/><E38/><V113/><F113/><W84/><G125/><T99/><D1/><U51/><E74/><V52/><F55/><W20/><G20/><T37/><D37/><U86/><E3/><V29/><REACH who="2" step="1"/><F87/><REACH who="2" ten="148,288,267,287" step="2"/><W77/><G84/><T73/><D0/><U44/><E86/><V68/><F68/><W126/><G2/><T19/><D4/><U78/><E104/><V123/><F123/><W110/><G110/><T8/><D6/><U21/><E51/><V119/><F119/><W91/><G72/><T41/><D41/><U23/><E135/><V60/><AGARI ba="3,1" hai="5,9,15,17,22,26,29,31,45,48,52,60,62,63" machi="60" ten="30,12000,1" yaku="1,1,0,1,8,1,54,1,53,1" doraHai="94" doraHaiUra="42" who="2" fromWho="2" sc="148,-43,288,-43,267,139,287,-43" /><INIT seed="6,4,0,3,2,55" ten="105,245,406,244" oya="2" hai0="15,131,98,19,28,76,60,90,2,110,114,99,1" hai1="14,113,85,3,29,22,107,12,104,59,44,0,46" hai2="106,101,11,86,56,45,53,91,84,120,109,95,73" hai3="18,68,6,5,7,102,119,75,51,132,36,71,66"/><V27/><F120/><W77/><G119/><T70/><D110/><U10/><E113/><V30/><F109/><W42/><G36/><T72/><D28/><U37/><E85/><V34/><F73/><W126/><G126/><T108/><D108/><U35/><E35/><V16/><F45/><W94/><G132/><T23/><D114/><U38/><E29/><V129/><F129/><W40/><G18/><T24/><D131/><U67/><E22/><V93/><F106/><W52/><G77/><T125/><D125/><U39/><E39/><V17/><F11/><W118/><G118/><T69/><D15/><U87/><E87/><V89/><REACH who="2" step="1"/><F101/><REACH who="2" ten="105,245,396,244" step="2"/><W21/><G75/><T64/><D72/><U41/><E10/><V26/><F26/><W31/><G102/><T82/><D24/><U20/><E46/><V133/><F133/><W47/><G47/><T83/><D2/><U57/><E44/><V80/><F80/><W25/><G42/><T63/><D1/><U79/><E41/><V127/><F127/><W128/><G40/><T116/><D116/><U33/><E107/><V123/><F123/><W61/><G128/><T49/><D83/><U96/><E104/><V74/><F74/><W32/><G25/><T81/><D82/><U121/><E121/><V8/><F8/><W58/><G94/><T48/><D81/><U65/><E0/><V124/><F124/><W111/><G111/><T103/><D103/><U112/><E3/><V130/><F130/><W88/><G88/><T4/><D90/><U134/><E134/><V97/><F97/><W78/><G78/><RYUUKYOKU ba="4,1" sc="105,-10,245,-10,396,30,244,-10" hai2="16,17,27,30,34,53,56,84,86,89,91,93,95" /><INIT seed="6,5,1,1,5,125" ten="95,235,426,234" oya="2" hai0="106,89,88,93,15,98,92,8,113,27,9,57,53" hai1="32,47,48,5,4,68,134,52,70,1,78,13,26" hai2="91,94,80,108,83,122,81,133,19,3,18,105,12" hai3="60,46,104,71,131,59,111,100,130,44,36,128,101"/><V50/><F122/><W67/><G111/><T77/><D113/><U43/><E134/><V38/><F3/><W115/><G115/><T24/><D106/><U127/><E127/><V99/><F38/><W29/><G29/><T31/><D77/><U103/><E1/><V124/><F124/><W45/><G71/><T21/><D27/><U74/><E103/><N who="3" m="39498" /><G104/><T58/><D53/><U117/><E117/><V49/><F105/><W121/><G121/><T102/><D9/><U56/><E74/><V75/><F75/><W118/><G118/><T87/><REACH who="0" step="1"/><D102/><REACH who="0" ten="85,235,426,234" step="2"/><U119/><E78/><V73/><F108/><W82/><G82/><T22/><D22/><U10/><E119/><V63/><F73/><W25/><G25/><T42/><D42/><AGARI ba="5,2" hai="36,42,44,45,46,59,60,67,128,130,131" m="39498" machi="42" ten="40,8000,1" yaku="19,1,52,3" doraHai="125" who="3" fromWho="0" sc="85,-95,235,0,426,0,234,115" owari="-10,-51.0,235,-16.0,426,52.0,349,15.0" /></mjloggm>