<mjloggm ver="2.3"><GO type="169" lobby="0"/><UN n0="%E9%9B%80%E8%8D%98%E4%B8%AD%E5%B7%9D" n1="%E8%88%AC%E5%8D%93%E6%B0%91%E3%81%AE%E6%9C%9D%E3%81%AF%E6%97%A9%E3%81%84" n2="%6D%61%6B%6F%74%61" n3="%E3%81%99%E3%81%8D%E3%81%BE%E5%A6%96%E6%80%AA" dan="17,18,16,16" rate="2200.03,2277.07,2019.16,2130.78" sx="M,M,M,M"/><TAIKYOKU oya="0"/><INIT seed="0,0,0,5,2,3" ten="250,250,250,250" oya="0" hai0="17,10,129,97,135,121,33,41,101,67,111,90,73" hai1="126,37,86,80,43,8,130,32,7,36,85,91,53" hai2="9,48,109,44,119,49,27,118,35,47,71,26,123" hai3="128,124,106,125,5,19,52,56,127,132,24,22,60"/><T72/><D121/><U122/><E122/><V88/><F71/><W40/><G128/><T83/><D33/><U117/><E117/><N who="2" m="44555" /><F109/><W113/><G113/><T21/><D129/><U28/><E130/><V102/><F102/><W12/><G106/><T66/><D135/><U51/><E126/><V34/><F9/><N who="3" m="4143" /><G40/><T23/><D41/><U45/><E32/><N who="2" m="12331" /><F88/><W116/><G116/><T29/><D90/><U59/><E28/><V77/><F77/><W84/><G84/><T81/><D81/><U78/><E78/><V6/><F6/><W13/><G132/><T70/><D83/><U50/><REACH who="1" step="1"/><E85/><REACH who="1" ten="250,240,250,250" step="2"/><V20/><F123/><W54/><G54/><T25/><D29/><U64/><E64/><V79/><F79/><W57/><G125/><T0/><D67/><U104/><E104/><V112/><F112/><W38/><G127/><T98/><D66/><U4/><E4/><V61/><F61/><W92/><G124/><T105/><D105/><U96/><E96/><V75/><F75/><W120/><G120/><T103/><D98/><U1/><AGARI ba="0,1" hai="1,7,8,36,37,43,45,50,51,53,59,80,86,91" machi="1" ten="20,5200,0" yaku="1,1,0,1,7,1,52,1,53,0" doraHai="3" doraHaiUra="58" who="1" fromWho="1" sc="250,-26,240,62,250,-13,250,-13" /><INIT seed="1,0,0,1,2,88" ten="224,302,237,237" oya="1" hai0="34,18,100,3,96,133,134,115,125,110,122,83,72" hai1="64,93,56,53,36,55,120,128,78,84,80,91,33" hai2="38,2,103,75,57,97,131,85,35,92,106,70,67" hai3="15,12,118,11,132,13,126,111,62,127,7,90,45"/><U104/><E120/><V43/><F2/><N who="3" m="503" /><G90/><T89/><D3/><U82/><E33/><V105/><F75/><W48/><G62/><T99/><D34/><U101/><E128/><V4/><F70/><W8/><G111/><T129/><D115/><U26/><E36/><V52/><F67/><W76/><G76/><N who="0" m="44423" /><D18/><U69/><E26/><V60/><F131/><W49/><G49/><T37/><D37/><U23/><E23/><V21/><F43/><W102/><G102/><T47/><D47/><U81/><E69/><V31/><F38/><W22/><G118/><T135/><D129/><U24/><E24/><V73/><F73/><W107/><G107/><N who="0" m="63879" /><D110/><U5/><E5/><V61/><F4/><W63/><G63/><T6/><D6/><U119/><E64/><V9/><F61/><W68/><G68/><T42/><D42/><U66/><E66/><V112/><F60/><W54/><G8/><T50/><D50/><U114/><E119/><V109/><F109/><W77/><G77/><T27/><D27/><U16/><E78/><V71/><F71/><W124/><G132/><T58/><D58/><U113/><E56/><V17/><F57/><W87/><G22/><T40/><D40/><U25/><E113/><V20/><F21/><W116/><G116/><T46/><D46/><U117/><E117/><V19/><F20/><W95/><G15/><T108/><D108/><U123/><E114/><V1/><F35/><W51/><G51/><T121/><D125/><U130/><E130/><V44/><F44/><W28/><G28/><T0/><D0/><U79/><E25/><RYUUKYOKU ba="0,0" sc="224,15,302,-15,237,-15,237,15" hai0="89,99,121,122,133,134,135" hai3="12,13,45,48,54,87,95,124,126,127" /><INIT seed="2,1,0,2,4,61" ten="239,287,222,252" oya="2" hai0="49,39,3,58,73,80,50,126,31,87,134,107,52" hai1="108,60,43,5,13,119,23,17,56,66,29,114,86" hai2="34,105,133,59,122,100,94,117,90,75,63,89,118" hai3="33,30,36,112,84,101,121,115,6,8,10,24,7"/><V21/><F34/><W19/><G36/><T113/><D39/><U15/><E108/><V64/><F122/><W48/><G101/><T77/><D113/><N who="3" m="43593" /><G48/><T124/><D3/><U28/><E114/><V35/><F35/><W129/><G84/><T130/><D107/><U70/><E119/><V51/><F75/><W62/><G19/><T45/><D130/><U0/><E0/><V53/><F133/><W95/><G95/><T111/><D111/><U44/><E70/><V102/><F90/><W128/><G62/><T82/><D31/><U123/><E123/><V97/><F21/><W57/><G57/><T71/><D71/><U132/><E132/><V67/><F102/><W26/><G26/><T78/><REACH who="0" step="1"/><D134/><REACH who="0" ten="229,287,222,252" step="2"/><U2/><E2/><V55/><F117/><W93/><G121/><T12/><D12/><U116/><E116/><V69/><F118/><W25/><G25/><T96/><D96/><U9/><REACH who="1" step="1"/><E86/><REACH who="1" ten="229,277,222,252" step="2"/><V47/><REACH who="2" step="1"/><F69/><REACH who="2" ten="229,277,212,252" step="2"/><W85/><G129/><T74/><D74/><U91/><E91/><V20/><F20/><W4/><G128/><T18/><D18/><U41/><E41/><AGARI ba="1,3" hai="41,45,49,50,52,58,73,77,78,80,82,87,124,126" machi="41" ten="40,8000,1" yaku="1,1,54,1,53,2" doraHai="61" doraHaiUra="72" who="0" fromWho="1" sc="229,113,277,-83,212,0,252,0" /><INIT seed="3,0,0,4,4,71" ten="342,194,212,252" oya="3" hai0="87,30,61,119,17,25,125,96,14,111,91,134,49" hai1="80,24,82,99,116,27,11,94,74,44,50,127,13" hai2="58,47,59,6,135,102,16,88,10,67,65,114,64" hai3="105,72,101,120,85,124,86,90,33,56,77,100,38"/><W126/><G33/><T121/><D119/><U21/><E127/><N who="3" m="48682" /><G120/><T8/><D121/><U122/><E116/><V40/><F102/><N who="3" m="39531" /><G105/><T43/><D111/><U92/><E122/><V123/><F114/><W20/><G20/><T1/><D125/><U81/><E74/><V52/><F123/><W107/><G107/><T84/><D134/><U78/><E78/><V15/><F135/><W129/><G129/><T31/><D1/><U28/><E27/><V3/><F88/><W70/><G70/><T2/><D2/><U79/><E79/><V104/><F104/><W95/><G56/><T93/><D61/><U110/><E99/><V109/><F109/><W26/><G26/><T63/><D63/><U62/><E62/><V108/><F108/><W18/><G18/><T130/><D130/><U32/><E32/><V19/><F3/><W112/><G112/><T128/><D128/><U69/><E69/><V35/><F35/><W5/><G5/><T9/><D9/><U36/><E110/><V66/><N who="2" m="16384" /><DORA hai="48" /><V45/><F58/><W73/><G38/><T7/><D7/><U39/><E11/><V41/><F47/><W132/><G132/><T83/><D25/><U29/><E29/><V46/><F46/><W118/><G118/><T60/><D31/><U53/><REACH who="1" step="1"/><E13/><REACH who="1" ten="342,184,212,252" step="2"/><V97/><F97/><N who="3" m="57591" /><G77/><T12/><D30/><U22/><E22/><V51/><REACH who="2" step="1"/><F41/><REACH who="2" ten="342,184,202,252" step="2"/><W23/><G23/><T133/><D133/><U117/><E117/><V55/><F55/><W54/><G54/><T76/><D43/><U113/><E113/><V89/><F89/><W75/><AGARI ba="0,2" hai="72,73,75,85,86" m="57591,39531,48682" machi="75" ten="40,12000,1" yaku="5,1,18,1,34,2" doraHai="71,48" who="3" fromWho="3" sc="342,-40,184,-40,202,-40,252,140" /><INIT seed="3,1,0,5,4,118" ten="302,144,162,392" oya="3" hai0="52,97,66,31,24,49,68,44,39,47,53,103,28" hai1="100,117,56,73,21,4,133,109,58,119,30,59,94" hai2="85,0,86,99,132,120,121,27,110,32,101,12,10" hai3="61,23,45,127,82,48,91,134,90,87,54,19,126"/><W98/><G134/><T71/><D66/><U26/><E133/><V113/><F0/><W29/><G29/><T135/><D135/><U13/><E73/><V64/><F113/><W102/><G61/><T7/><D7/><U107/><E107/><V95/><F64/><W130/><G130/><T77/><D77/><U16/><E109/><V51/><F110/><W124/><G91/><T92/><D31/><U15/><E4/><V50/><F27/><W70/><G70/><T116/><D116/><N who="1" m="44619" /><E30/><V37/><F37/><W42/><G42/><T128/><D128/><U43/><E43/><V65/><F65/><W88/><G90/><T3/><D3/><U9/><E9/><V1/><F1/><W106/><G23/><T60/><D60/><U84/><E84/><N who="2" m="32363" /><F32/><W62/><G62/><T122/><D39/><U22/><E22/><V83/><F83/><W81/><G81/><T14/><D71/><U74/><E74/><V96/><F96/><AGARI ba="1,0" hai="13,15,16,21,26,56,58,59,94,96,100" m="44619" machi="96" ten="30,2000,0" yaku="12,1,54,1" doraHai="118" who="1" fromWho="2" sc="302,0,144,23,162,-23,392,0" /><INIT seed="4,0,0,2,0,47" ten="302,167,139,392" oya="0" hai0="101,107,11,52,74,10,57,20,30,71,9,8,41" hai1="18,114,12,97,133,93,40,66,99,45,6,1,81" hai2="83,89,91,94,121,132,31,27,130,78,127,84,15" hai3="82,126,36,17,43,3,23,53,60,103,64,109,106"/><T113/><D71/><U117/><E117/><V118/><F121/><W13/><G109/><T124/><D74/><U44/><E133/><V79/><F118/><W110/><G110/><T104/><D113/><U59/><E114/><V28/><F132/><W22/><G3/><T19/><D124/><U29/><E29/><V102/><F127/><W96/><G126/><T69/><D69/><U92/><E81/><V77/><F130/><W51/><G82/><T125/><D125/><U73/><E73/><V35/><F28/><W26/><G36/><T21/><D41/><U129/><E6/><V95/><F102/><W7/><G43/><T115/><D101/><U61/><E1/><V5/><REACH who="2" step="1"/><F89/><REACH who="2" ten="302,167,129,392" step="2"/><W120/><G120/><T62/><D115/><U128/><E128/><V42/><F42/><W56/><G7/><T116/><D116/><U58/><E129/><V65/><F65/><W135/><G135/><T112/><D112/><U123/><E123/><V119/><F119/><W131/><G131/><T16/><D30/><U80/><E40/><V0/><F0/><W38/><G38/><T86/><N who="0" m="2048" /><DORA hai="134" /><T54/><D54/><U87/><E66/><V90/><F90/><W48/><G64/><T72/><D52/><U75/><E18/><AGARI ba="0,1" hai="13,17,18,22,23,26,48,51,53,56,60,96,103,106" machi="18" ten="30,3900,0" yaku="7,1,52,2" doraHai="47,134" who="3" fromWho="1" sc="302,0,167,-39,129,0,392,49" /><INIT seed="5,0,0,5,1,9" ten="302,128,129,441" oya="1" hai0="120,115,59,81,112,50,94,55,11,78,133,69,74" hai1="58,83,29,125,44,49,75,47,67,8,2,18,42" hai2="87,129,65,96,51,89,40,82,62,132,38,99,37" hai3="28,126,104,35,121,15,60,24,131,46,100,26,34"/><U130/><E130/><V33/><F33/><W107/><G121/><T56/><D69/><U57/><E125/><V80/><F132/><W23/><G126/><T111/><D111/><U48/><E29/><V95/><F129/><W4/><G100/><T135/><D120/><U52/><E67/><V66/><F66/><W90/><G90/><T108/><D108/><U3/><E3/><V6/><F6/><W117/><G60/><T88/><D56/><U92/><E2/><V68/><F82/><W101/><G101/><T97/><REACH who="0" step="1"/><D11/><REACH who="0" ten="292,128,129,441" step="2"/><U116/><E116/><V98/><REACH who="2" step="1"/><F80/><REACH who="2" ten="292,128,119,441" step="2"/><W0/><G131/><T86/><D86/><U20/><E83/><V76/><F76/><W54/><G117/><T127/><D127/><U106/><E75/><V19/><F19/><W25/><G4/><T16/><D16/><U5/><E18/><V64/><F64/><W32/><G28/><T122/><D122/><U12/><E20/><V114/><F114/><AGARI ba="0,2" hai="50,55,59,74,78,81,88,94,97,112,114,115,133,135" machi="114" ten="40,5200,0" yaku="1,1,15,1,54,1,53,0" doraHai="9" doraHaiUra="13" who="0" fromWho="2" sc="292,72,128,0,119,-52,441,0" /><INIT seed="6,0,0,2,4,65" ten="364,128,67,441" oya="2" hai0="48,74,125,63,120,92,79,14,41,85,17,84,115" hai1="67,47,24,33,45,119,51,76,3,22,20,39,83" hai2="70,102,69,133,132,112,13,64,62,101,96,30,35" hai3="104,43,93,134,123,109,108,86,107,72,95,44,58"/><V19/><F112/><W56/><G72/><T31/><D120/><U117/><E33/><V75/><F75/><W25/><G123/><T12/><D115/><U71/><E3/><V28/><F101/><W18/><G134/><N who="2" m="51817" /><F35/><W73/><G73/><T128/><D128/><U34/><E117/><V38/><F38/><W23/><G107/><T77/><D31/><U81/><E34/><V8/><F70/><W21/><G104/><AGARI ba="0,0" hai="8,13,19,28,30,62,64,69,96,102,104" m="51817" machi="104" ten="30,2900,0" yaku="20,1,52,1" doraHai="65" who="2" fromWho="3" sc="364,0,128,0,67,29,441,-29" /><INIT seed="6,1,0,1,3,51" ten="364,128,96,412" oya="2" hai0="5,75,12,95,78,11,123,13,8,81,19,59,94" hai1="91,76,61,104,54,131,118,98,85,67,86,3,108" hai2="21,84,128,96,70,113,66,125,44,99,41,93,135" hai3="52,62,14,30,40,33,57,9,129,87,1,50,65"/><V73/><F73/><W97/><G129/><T26/><D123/><U34/><E108/><V134/><F113/><W25/><G97/><T68/><D68/><U36/><E34/><V60/><F128/><W74/><G74/><T71/><D71/><U48/><E3/><V39/><F125/><W49/><G1/><T115/><D115/><U90/><E131/><V126/><F126/><W32/><G40/><T77/><D26/><U133/><E118/><V105/><F105/><W24/><G87/><T82/><D82/><U17/><E36/><V46/><F21/><W64/><G50/><T15/><D15/><U100/><E133/><N who="2" m="50699" /><F46/><W117/><G117/><T29/><D29/><U18/><E104/><V83/><F93/><W37/><G37/><T124/><D78/><AGARI ba="1,0" hai="39,41,44,60,66,70,78,83,84,96,99" m="50699" machi="78" ten="30,1500,0" yaku="20,1" doraHai="51" who="2" fromWho="0" sc="364,-18,128,0,96,18,412,0" /><INIT seed="6,2,0,3,5,87" ten="346,128,114,412" oya="2" hai0="82,96,62,124,50,15,3,114,111,123,134,55,41" hai1="91,21,72,68,66,1,25,122,28,36,86,106,9" hai2="78,59,110,120,117,92,40,94,46,63,38,129,80" hai3="131,5,24,104,43,23,135,30,44,49,16,90,132"/><V18/><F120/><W53/><G104/><T2/><D123/><U112/><E72/><V26/><F117/><W6/><G131/><T74/><D111/><U99/><E36/><V64/><F110/><W128/><G128/><T107/><D41/><U45/><E122/><V52/><F129/><W70/><G70/><T119/><D62/><U47/><E112/><V88/><F18/><W85/><G43/><T22/><D114/><U113/><E113/><V127/><F127/><W27/><G135/><T4/><D134/><U37/><E37/><V12/><F12/><W115/><G115/><T98/><D98/><U121/><E121/><V69/><F26/><W81/><REACH who="3" step="1"/><G132/><REACH who="3" ten="346,128,114,402" step="2"/><T83/><D107/><U65/><E68/><V103/><F103/><W101/><G101/><T100/><D100/><U13/><E106/><V73/><REACH who="2" step="1"/><F88/><REACH who="2" ten="346,128,104,402" step="2"/><W39/><G39/><T79/><D124/><U14/><E91/><V130/><F130/><W118/><G118/><T116/><D119/><U42/><E99/><V51/><AGARI ba="2,2" hai="38,40,46,51,52,59,63,64,69,73,78,80,92,94" machi="51" ten="20,18000,2" yaku="1,1,0,1,7,1,24,2,54,1,53,0" doraHai="87" doraHaiUra="97" who="2" fromWho="2" sc="346,-62,128,-62,104,206,402,-62" /><INIT seed="6,3,0,5,1,115" ten="284,66,310,340" oya="2" hai0="89,53,43,99,122,25,33,22,123,98,80,131,134" hai1="46,3,67,106,44,130,26,40,16,19,54,81,120" hai2="47,15,64,45,62,14,88,17,132,20,103,108,9" hai3="94,66,13,68,75,49,92,85,1,63,61,32,116"/><V59/><F108/><W133/><G1/><T57/><D33/><U12/><E3/><V56/><F103/><W121/><G121/><T31/><D131/><U125/><E106/><V5/><F132/><W55/><G75/><T65/><D134/><U38/><E120/><V37/><F37/><W118/><G32/><T74/><D65/><U60/><E130/><V82/><REACH who="2" step="1"/><F56/><REACH who="2" ten="284,66,300,340" step="2"/><N who="3" m="32879" /><G133/><T104/><D57/><U52/><E125/><V90/><F90/><N who="3" m="53327" /><G63/><T78/><D123/><U35/><E44/><V34/><F34/><W50/><G50/><T28/><D122/><U6/><E35/><V42/><F42/><W97/><G68/><T128/><D43/><U117/><E38/><V83/><F83/><W4/><G61/><T71/><D71/><U87/><E40/><V51/><F51/><W7/><G66/><T114/><D128/><U113/><E46/><V69/><F69/><W70/><G70/><T111/><D111/><U109/><E109/><V58/><F58/><W2/><G2/><T76/><D80/><U48/><E48/><V30/><F30/><W27/><G118/><T129/><D31/><U18/><E117/><V107/><F107/><W11/><G116/><T79/><D129/><U95/><E81/><V36/><F36/><W72/><G72/><T112/><D74/><U0/><E0/><V91/><F91/><N who="3" m="55519" /><G7/><T86/><D104/><U8/><E67/><V93/><F93/><W77/><G77/><T135/><D135/><U24/><E60/><V126/><F126/><W84/><G84/><AGARI ba="3,1" hai="5,9,14,15,17,20,45,47,59,62,64,82,84,88" machi="84" ten="40,7700,0" yaku="1,1,8,1,54,1,53,0" doraHai="115" doraHaiUra="21" who="2" fromWho="3" sc="284,0,66,0,300,96,340,-86" /><INIT seed="6,4,0,2,4,56" ten="284,66,396,254" oya="2" hai0="126,3,9,41,128,44,0,46,70,15,100,110,2" hai1="91,120,22,90,79,53,24,82,14,60,55,118,78" hai2="30,21,122,5,32,40,83,49,50,73,85,12,132" hai3="45,23,80,13,99,65,107,37,18,29,66,69,131"/><V34/><F73/><W127/><G127/><T48/><D110/><U109/><E109/><V4/><F122/><W64/><G131/><T134/><D70/><U33/><E120/><V57/><F34/><W133/><G133/><T135/><D126/><U117/><E33/><V89/><F32/><W47/><G37/><T98/><D128/><U106/><E106/><V111/><F132/><N who="0" m="50730" /><D46/><U19/><E24/><V76/><F76/><W87/><G29/><T95/><D15/><U103/><E103/><V67/><F111/><W115/><G115/><T16/><D16/><U8/><E22/><V96/><F96/><W17/><G17/><T7/><AGARI ba="4,0" hai="0,2,3,7,9,41,44,48,95,98,100" m="50730" machi="7" ten="30,1100,0" yaku="20,1" doraHai="56" who="0" fromWho="0" sc="284,23,66,-7,396,-9,254,-7" /><INIT seed="7,0,0,3,3,101" ten="307,59,387,247" oya="3" hai0="120,133,88,72,82,74,77,108,13,2,33,54,122" hai1="28,71,12,21,3,5,6,124,73,30,121,127,104" hai2="94,20,129,22,93,4,131,65,90,80,113,10,67" hai3="100,132,59,57,69,91,47,103,41,32,135,64,14"/><W97/><G32/><T55/><D2/><U114/><E71/><V81/><F113/><W34/><G34/><T40/><D108/><U78/><E73/><V46/><F46/><W89/><G69/><T110/><D110/><U66/><E78/><V96/><F10/><W25/><G25/><T105/><D33/><U115/><E66/><V76/><F4/><W63/><G57/><T43/><D77/><U8/><E104/><V37/><F37/><W128/><G128/><N who="2" m="49225" /><F94/><W0/><G0/><T119/><D13/><U106/><E106/><V36/><F81/><W130/><G130/><T44/><D105/><U123/><E3/><V85/><F36/><W58/><G58/><T45/><D82/><U51/><E51/><V84/><F84/><W53/><G14/><T49/><D49/><U118/><E12/><V27/><F22/><W24/><G24/><T102/><D102/><N who="3" m="38953" /><G97/><T7/><D44/><U29/><E29/><AGARI ba="0,0" hai="20,27,29,65,67,76,80,85,90,93,96" m="49225" machi="29" ten="30,1000,0" yaku="19,1" doraHai="101" who="2" fromWho="1" sc="307,0,59,-10,387,10,247,0" owari="307,11.0,49,-45.0,397,49.0,247,-15.0" /></mjloggm>