<mjloggm ver="2.3"><GO type="169" lobby="0"/><UN n0="%73%68%6F%35%35%35%35%35" n1="%E3%83%AD%E3%83%83%E3%82%BD" n2="%67%61%79%75%6E%79" n3="%E3%81%8B%E3%81%A5%E3%81%8D%EF%BC%B8%EF%BC%A9" dan="16,17,16,16" rate="2103.78,2173.06,2090.80,2091.25" sx="M,F,M,M"/><TAIKYOKU oya="0"/><INIT seed="0,0,0,4,1,34" ten="250,250,250,250" oya="0" hai0="127,47,81,77,58,42,35,108,17,113,134,32,72" hai1="68,62,56,119,125,48,27,95,99,4,93,64,101" hai2="63,8,126,11,66,21,133,61,39,20,118,89,6" hai3="46,10,98,29,13,22,53,94,73,0,14,12,75"/><T30/><D113/><U97/><E125/><V2/><F39/><W19/><G75/><T7/><D127/><U121/><E121/><V1/><F126/><W16/><G73/><T57/><D134/><U82/><E119/><V115/><F133/><W106/><G106/><T84/><D17/><U111/><E111/><V33/><F33/><W128/><G128/><T36/><D108/><U76/><E4/><V117/><F6/><W55/><G29/><T41/><D41/><U18/><E48/><V15/><F89/><W51/><G12/><T79/><D79/><U123/><E123/><V86/><F86/><W70/><G70/><T24/><D35/><U59/><E18/><V124/><F124/><W107/><G107/><T23/><D32/><U120/><E27/><V26/><F66/><W92/><G92/><T44/><D44/><U130/><E130/><V31/><F15/><W43/><REACH who="3" step="1"/><G0/><REACH who="3" ten="250,250,250,240" step="2"/><T91/><D7/><U60/><E120/><V85/><F31/><W114/><G114/><T135/><D135/><U122/><E122/><V88/><F26/><W45/><G45/><T5/><D5/><U25/><E25/><V132/><F115/><W49/><G49/><T131/><D131/><U9/><E68/><V129/><F132/><W69/><G69/><T110/><D110/><U103/><E9/><V109/><F129/><W90/><AGARI ba="0,1" hai="10,13,14,16,19,22,43,46,51,53,55,90,94,98" machi="90" ten="20,8000,1" yaku="1,1,0,1,7,1,8,1,54,1,53,0" doraHai="34" doraHaiUra="65" who="3" fromWho="3" sc="250,-40,250,-20,250,-20,240,90" /><INIT seed="1,0,0,3,1,96" ten="210,230,230,330" oya="1" hai0="113,94,88,82,1,40,17,74,108,8,22,46,80" hai1="62,36,11,63,43,12,15,0,95,14,60,99,3" hai2="126,102,5,92,98,90,100,33,64,87,79,76,93" hai3="66,71,44,31,130,34,42,67,121,54,78,39,84"/><U104/><E104/><V112/><F33/><W25/><G121/><T26/><D113/><U75/><E75/><V13/><F112/><W91/><G130/><T123/><D123/><U117/><E117/><V23/><F126/><W119/><G119/><T72/><D108/><U77/><E77/><N who="2" m="29771" /><F64/><W70/><G78/><T41/><D40/><U61/><N who="1" m="15360" /><DORA hai="116" /><U124/><E124/><V24/><F13/><W6/><G6/><T55/><D55/><U47/><REACH who="1" step="1"/><E11/><REACH who="1" ten="210,220,230,330" step="2"/><V27/><F5/><W110/><G66/><T122/><D72/><U114/><E114/><V20/><F20/><W73/><G73/><T19/><D74/><U115/><E115/><V127/><F127/><W97/><G67/><T7/><D122/><U103/><AGARI ba="0,1" hai="0,3,12,14,15,36,43,47,95,99,103" m="15360" machi="103" ten="50,9600,0" yaku="1,1,0,1,52,1,53,0" doraHai="96,116" doraHaiUra="105,18" who="1" fromWho="1" sc="210,-32,220,106,230,-32,330,-32" /><INIT seed="1,1,0,5,1,113" ten="178,326,198,298" oya="1" hai0="125,74,101,81,17,3,21,1,47,16,35,66,19" hai1="96,118,85,53,48,92,27,95,11,2,94,54,59" hai2="4,99,68,39,58,116,127,71,73,9,122,131,134" hai3="15,63,13,32,45,89,115,107,78,109,10,31,128"/><U126/><E126/><V132/><F122/><W25/><G107/><T60/><D35/><U135/><E135/><N who="2" m="51755" /><F127/><W7/><G78/><T104/><D125/><U100/><E27/><V117/><F131/><W130/><G63/><T41/><D101/><U90/><E118/><N who="2" m="45675" /><F73/><W30/><G89/><T55/><D55/><U72/><E72/><V12/><F39/><W33/><G45/><T112/><D104/><U65/><E65/><V40/><F40/><W110/><G115/><T121/><D121/><U97/><E54/><V34/><F34/><W77/><G77/><T124/><D112/><U20/><E20/><V42/><F42/><W93/><G93/><T44/><D21/><U56/><E11/><V29/><F29/><W80/><G80/><T24/><D41/><U23/><E23/><V14/><F14/><W123/><G123/><T50/><D81/><U61/><E2/><V88/><F58/><W36/><G36/><T38/><D74/><U120/><E120/><V8/><F8/><W133/><G133/><T103/><D38/><U26/><E26/><V5/><F5/><W51/><G25/><T83/><D1/><U76/><E56/><V0/><F0/><W69/><G10/><T57/><D3/><U129/><E129/><V111/><F111/><W82/><G128/><T52/><D24/><U62/><REACH who="1" step="1"/><E76/><REACH who="1" ten="178,316,198,298" step="2"/><V46/><F46/><W6/><G130/><T87/><D124/><U86/><E86/><V18/><F4/><W105/><G110/><T67/><D47/><U79/><E79/><V84/><F84/><W108/><G109/><T91/><D44/><RYUUKYOKU ba="1,1" sc="178,-15,316,15,198,15,298,-15" hai1="48,53,59,61,62,85,90,92,94,95,96,97,100" hai2="9,12,18,68,71,88,99" /><INIT seed="1,2,1,4,1,113" ten="163,331,213,283" oya="1" hai0="42,91,105,132,54,120,90,135,133,85,22,126,63" hai1="43,71,70,14,87,4,17,62,30,98,55,12,52" hai2="88,31,0,64,67,56,89,117,44,131,130,77,23" hai3="57,129,79,103,1,68,51,99,125,8,122,82,109"/><U72/><E72/><V58/><F0/><W2/><G68/><T28/><D105/><U15/><E43/><V40/><F77/><W78/><G109/><T74/><D74/><U94/><E30/><V80/><F80/><W127/><G122/><T83/><D120/><U9/><E87/><V124/><F124/><N who="3" m="47691" /><G8/><T20/><D126/><U110/><E110/><V86/><F86/><N who="3" m="48471" /><G79/><T46/><D28/><U41/><E41/><V104/><F104/><N who="3" m="63615" /><G129/><T73/><D73/><U106/><E106/><V134/><F134/><W112/><G112/><T123/><D123/><U95/><E95/><V34/><F34/><W75/><G75/><T35/><D35/><U11/><E15/><V115/><F23/><W76/><G76/><T114/><D114/><U47/><E47/><V53/><F115/><W5/><G5/><T48/><D91/><U65/><E71/><V10/><F10/><W29/><G29/><T81/><D81/><U128/><REACH who="1" step="1"/><E128/><REACH who="1" ten="163,321,213,283" step="2"/><V96/><F31/><W21/><G2/><T101/><D101/><AGARI ba="2,2" hai="4,9,11,12,14,17,52,55,62,65,70,94,98,101" machi="101" ten="30,12000,1" yaku="1,1,2,1,7,1,54,1,53,1" doraHai="113" doraHaiUra="92" who="1" fromWho="0" sc="163,-126,321,146,213,0,283,0" /><INIT seed="1,3,0,1,3,110" ten="37,467,213,283" oya="1" hai0="50,65,69,22,32,117,6,8,82,54,127,58,115" hai1="122,128,113,12,42,68,38,14,109,67,61,49,107" hai2="97,76,101,2,0,27,11,20,48,15,92,121,28" hai3="135,24,87,17,36,124,123,13,118,66,55,46,7"/><U70/><E122/><V31/><F121/><W16/><G123/><T3/><D32/><U30/><E107/><V51/><F0/><W56/><G135/><T93/><D117/><U81/><E70/><V37/><F37/><W59/><G124/><T114/><D127/><U71/><E71/><V34/><F2/><W74/><G74/><T126/><D126/><U112/><E30/><V79/><F31/><W60/><G36/><T120/><D120/><U9/><E14/><V83/><F34/><W85/><G46/><T80/><D22/><U134/><E134/><V119/><F119/><W100/><G100/><T116/><D116/><U23/><E23/><V57/><F57/><W1/><G1/><T96/><D65/><U133/><E133/><V5/><REACH who="2" step="1"/><F76/><REACH who="2" ten="37,467,203,283" step="2"/><W99/><G59/><T53/><D69/><U18/><E38/><V10/><F10/><W39/><G39/><T25/><D25/><U43/><E9/><V41/><F41/><W77/><G77/><T33/><D33/><U95/><E43/><V35/><F35/><W62/><G24/><T91/><REACH who="0" step="1"/><D54/><REACH who="0" ten="27,467,203,283" step="2"/><U45/><E67/><V105/><F105/><W89/><G55/><T73/><D73/><AGARI ba="3,2" hai="5,11,15,20,27,28,48,51,73,79,83,92,97,101" machi="73" ten="30,3900,0" yaku="1,1,7,1,53,1" doraHai="110" doraHaiUra="94" who="2" fromWho="0" sc="27,-48,467,0,203,68,283,0" owari="-21,-52.0,467,57.0,271,-13.0,283,8.0" /></mjloggm>