<mjloggm ver="2.3"><GO type="169" lobby="0"/><UN n0="%E7%99%BD%E9%B9%BF%E6%84%9B%E8%8E%89" n1="%E3%82%AA%E3%83%83%E3%83%91%E3%82%AA" n2="%E3%82%A4%E3%83%B3%E3%83%87%E3%82%A3%E3%82%B4%E3%83%96%E3%83%AB%E3%83%BC" n3="%67%61%79%75%6E%79" dan="18,17,16,16" rate="2222.77,2169.86,2155.25,2088.92" sx="F,M,M,M"/><TAIKYOKU oya="0"/><INIT seed="0,0,0,1,2,81" ten="250,250,250,250" oya="0" hai0="106,97,23,89,75,122,2,8,129,1,51,41,71" hai1="102,123,101,85,118,117,87,53,111,38,120,66,20" hai2="112,70,64,114,65,33,132,130,77,128,109,56,37" hai3="14,90,108,10,12,49,61,91,29,113,116,96,58"/><T119/><D119/><N who="1" m="45579" /><E53/><V99/><F33/><W36/><G116/><T13/><D122/><N who="1" m="46635" /><E66/><V73/><F109/><W16/><G36/><T88/><D71/><U48/><E48/><V28/><F28/><W22/><G108/><T78/><D23/><U39/><E20/><V19/><F37/><N who="1" m="13833" /><E111/><V95/><F70/><W133/><G113/><T115/><D115/><U125/><E125/><V98/><F65/><W7/><G133/><T27/><D51/><U94/><E94/><V9/><F132/><W34/><G34/><T31/><D31/><U131/><E131/><N who="2" m="50219" /><F95/><W21/><G49/><T18/><D129/><U6/><E6/><V50/><F64/><W30/><G21/><T124/><D124/><U92/><E92/><V43/><F112/><W0/><G0/><T59/><D2/><U107/><E107/><V74/><F56/><W35/><G35/><T105/><D59/><U103/><AGARI ba="0,0" hai="85,87,101,102,103" m="13833,46635,45579" machi="103" ten="40,8000,1" yaku="28,2,52,2" doraHai="81" who="1" fromWho="1" sc="250,-40,250,80,250,-20,250,-20" /><INIT seed="1,0,0,5,2,119" ten="210,330,230,230" oya="1" hai0="128,31,2,36,46,9,97,78,49,61,57,62,41" hai1="14,40,23,8,76,28,38,93,124,94,71,5,113" hai2="21,98,132,20,109,55,123,116,1,84,6,29,121" hai3="17,87,51,135,129,104,64,42,13,75,10,45,59"/><U101/><E113/><V77/><F109/><W70/><G75/><T117/><D117/><U47/><E124/><V48/><F116/><W88/><G135/><T58/><D31/><U0/><E71/><V80/><F132/><W120/><G104/><T33/><D33/><U134/><E134/><V126/><F126/><W107/><G107/><T65/><D78/><U112/><E112/><V114/><F114/><W68/><G129/><T30/><D30/><U95/><E76/><V63/><F63/><W3/><G3/><T4/><D97/><U133/><E133/><V125/><F98/><W39/><G120/><T27/><D27/><U50/><E38/><V89/><F77/><W96/><G96/><T25/><D25/><N who="1" m="16447" /><E0/><V22/><F29/><W73/><G73/><T43/><D128/><U102/><AGARI ba="0,0" hai="5,8,14,40,47,50,93,94,95,101,102" m="16447" machi="102" ten="30,1500,0" yaku="8,1" doraHai="119" who="1" fromWho="1" sc="210,-5,330,15,230,-5,230,-5" /><INIT seed="1,1,0,2,0,117" ten="205,345,225,225" oya="1" hai0="129,73,69,27,4,38,9,91,93,40,94,13,132" hai1="71,105,82,53,115,33,123,122,101,39,24,34,44" hai2="25,112,134,127,60,3,109,5,47,30,31,16,75" hai3="48,97,131,15,133,36,43,74,12,66,51,20,79"/><U63/><E115/><V80/><F109/><W84/><G133/><T41/><D73/><U92/><E92/><V87/><F112/><W95/><G131/><T113/><D113/><U78/><E53/><V61/><F75/><W103/><G66/><T55/><D129/><U100/><E100/><V120/><F120/><N who="1" m="46121" /><E82/><V21/><F127/><W49/><G74/><T18/><D69/><U22/><E78/><V64/><F134/><W130/><G130/><T42/><D132/><U110/><E22/><V98/><F98/><W96/><G36/><T116/><D38/><U57/><E57/><V46/><F61/><W35/><G35/><N who="1" m="13322" /><E24/><V108/><F108/><W19/><G97/><T2/><D55/><U29/><E29/><V104/><F31/><W119/><G43/><T88/><D27/><U1/><E1/><V90/><F30/><W118/><G79/><T107/><D2/><U50/><E50/><V126/><F126/><W23/><G84/><T10/><D41/><N who="1" m="22591" /><E110/><V65/><F47/><W85/><G85/><T128/><D18/><AGARI ba="1,0" hai="12,15,18,19,20,23,48,49,51,95,96,103,118,119" machi="18" ten="40,1300,0" yaku="9,1" doraHai="117" who="3" fromWho="0" sc="205,-16,345,0,225,0,225,16" /><INIT seed="2,0,0,2,0,62" ten="189,345,225,241" oya="2" hai0="37,16,100,9,101,4,126,0,114,129,46,54,27" hai1="18,40,68,33,58,99,60,29,6,75,118,53,112" hai2="108,21,61,113,76,48,35,30,96,26,31,13,34" hai3="98,57,86,2,66,28,97,11,41,72,52,65,106"/><V24/><F113/><W25/><G72/><T47/><D114/><U135/><E112/><V80/><F108/><W131/><G131/><T105/><D129/><U78/><E118/><V124/><F124/><W121/><G121/><T8/><D126/><U23/><E6/><V88/><F48/><W125/><G125/><T38/><D27/><U1/><E1/><V49/><F49/><W93/><G41/><T82/><D82/><U43/><E33/><V19/><F61/><W67/><G106/><T20/><D20/><U74/><E29/><V87/><REACH who="2" step="1"/><F96/><REACH who="2" ten="189,345,215,241" step="2"/><W55/><G98/><T128/><D128/><U69/><E99/><V71/><F71/><W120/><G120/><T83/><D38/><U115/><E115/><V7/><F7/><W39/><G39/><T91/><D37/><U89/><E69/><V95/><F95/><W12/><G97/><T73/><D4/><U10/><E68/><V77/><AGARI ba="0,1" hai="13,19,21,24,26,30,31,34,35,76,77,80,87,88" machi="77" ten="30,11700,0" yaku="1,1,0,1,9,1,54,1,53,0" doraHai="62" doraHaiUra="122" who="2" fromWho="2" sc="189,-39,345,-39,215,127,241,-39" /><INIT seed="2,1,0,2,2,40" ten="150,306,342,202" oya="2" hai0="46,12,34,26,105,53,29,57,18,35,56,22,130" hai1="27,132,36,73,91,126,50,48,59,93,106,2,103" hai2="28,42,100,0,90,79,16,88,107,32,63,83,7" hai3="98,38,119,62,21,77,3,9,69,114,58,52,92"/><V43/><F63/><W76/><G119/><T70/><D70/><U47/><E73/><V72/><F100/><W108/><G108/><T8/><D105/><U95/><E2/><V19/><F107/><W11/><G114/><T65/><D130/><U24/><E106/><V127/><F127/><W128/><G128/><T33/><REACH who="0" step="1"/><D65/><REACH who="0" ten="140,306,342,202" step="2"/><U74/><E126/><V15/><F0/><W134/><G69/><T110/><D110/><U87/><E132/><V6/><F6/><W135/><G134/><T115/><D115/><U131/><E131/><V45/><F7/><W84/><G135/><T89/><D89/><N who="1" m="53439" /><E103/><V41/><F88/><W86/><G77/><T10/><D10/><U60/><E74/><V80/><F90/><W30/><G76/><T124/><D124/><U121/><E121/><V64/><F64/><W123/><G123/><T122/><D122/><U116/><E116/><V71/><F71/><W81/><G9/><T94/><D94/><U68/><E68/><V112/><F112/><W23/><G11/><T51/><AGARI ba="1,1" hai="8,12,18,22,26,29,33,34,35,46,51,53,56,57" machi="51" ten="40,5200,0" yaku="1,1,0,1,52,1,53,0" doraHai="40" doraHaiUra="120" who="0" fromWho="0" sc="140,65,306,-14,342,-27,202,-14" /><INIT seed="3,0,0,0,2,65" ten="205,292,315,188" oya="3" hai0="15,92,35,116,129,60,127,43,128,23,2,34,88" hai1="38,36,22,3,69,95,97,90,58,57,101,86,121" hai2="106,93,82,72,26,13,123,103,79,68,39,47,31" hai3="52,124,89,113,61,28,14,10,25,96,108,21,77"/><W99/><G113/><T42/><D116/><U71/><E121/><V11/><F93/><W117/><G124/><T55/><D2/><U27/><E3/><V32/><F123/><W83/><G117/><T104/><D104/><U7/><E7/><V119/><F119/><W16/><G108/><T56/><D127/><U130/><E130/><N who="0" m="50281" /><D23/><U131/><E131/><V94/><F94/><W5/><G89/><T64/><D15/><U9/><E9/><V33/><F33/><N who="0" m="12298" /><D55/><U110/><E110/><V19/><F103/><W1/><G52/><T20/><D20/><U46/><E58/><V112/><F112/><W98/><G61/><T126/><D126/><U37/><E57/><V54/><F106/><W102/><G102/><T44/><D44/><U67/><E46/><V87/><F87/><AGARI ba="0,0" hai="42,43,56,60,64,87,88,92" m="12298,50281" machi="87" ten="30,2000,0" yaku="19,1,54,1" doraHai="65" who="0" fromWho="2" sc="205,20,292,0,315,-20,188,0" /><INIT seed="4,0,0,1,3,49" ten="225,292,295,188" oya="0" hai0="114,9,72,46,68,36,88,80,64,71,118,0,8" hai1="101,53,124,30,26,111,60,87,123,22,57,43,73" hai2="131,106,34,125,48,81,92,63,21,76,86,40,112" hai3="38,97,95,105,24,117,58,120,84,56,83,110,35"/><T90/><D118/><U132/><E111/><V98/><F112/><W62/><G117/><T7/><D114/><U126/><E123/><V55/><F34/><W107/><G110/><T28/><D28/><U115/><E115/><V104/><F125/><N who="1" m="48233" /><E73/><V102/><F131/><W27/><G38/><T89/><D9/><U133/><E101/><V99/><F99/><W82/><G120/><T78/><REACH who="0" step="1"/><D64/><REACH who="0" ten="215,292,295,188" step="2"/><U13/><E133/><V67/><F21/><W127/><G127/><T37/><D37/><U10/><E132/><V12/><F40/><AGARI ba="0,1" hai="0,7,8,36,40,46,68,71,72,78,80,88,89,90" machi="40" ten="40,12000,1" yaku="1,1,25,2,54,1,53,0" doraHai="49" doraHaiUra="15" who="0" fromWho="2" sc="215,130,292,0,295,-120,188,0" /><INIT seed="4,1,0,1,4,85" ten="345,292,175,188" oya="0" hai0="98,33,32,9,84,76,61,51,100,78,59,56,96" hai1="6,18,65,97,120,107,118,28,135,46,14,36,130" hai2="2,91,93,40,69,25,58,92,22,71,115,83,54" hai3="27,11,68,132,31,24,77,86,82,52,42,106,12"/><T63/><D51/><U43/><E118/><V47/><F115/><W89/><G132/><T44/><D44/><U19/><E120/><V66/><F2/><W50/><G106/><T1/><D9/><U104/><E135/><V0/><F0/><W3/><G68/><T17/><D1/><U38/><E130/><V102/><F83/><W105/><G105/><T119/><D84/><U90/><E38/><V74/><F74/><W126/><G126/><T30/><D100/><U10/><E65/><V114/><F114/><W23/><G3/><T26/><D26/><U121/><E121/><V35/><F35/><W110/><G42/><T21/><D21/><U45/><E45/><V79/><F79/><W5/><G110/><T8/><D8/><U53/><E53/><V94/><F66/><W16/><G27/><T48/><D48/><U133/><E133/><V101/><F71/><W75/><G75/><T41/><D41/><U99/><E28/><N who="2" m="17463" /><F69/><W111/><G111/><T125/><D125/><U70/><E70/><V122/><F122/><W116/><G116/><T34/><D34/><U95/><E107/><V113/><F113/><W103/><G103/><N who="2" m="39433" /><F47/><N who="3" m="27743" /><G77/><T13/><D119/><U37/><E37/><V72/><F72/><W73/><G73/><T67/><D33/><U129/><E129/><V81/><F40/><W131/><G131/><T62/><D32/><U124/><E124/><V7/><F7/><AGARI ba="1,0" hai="5,7,11,12,16,23,24,31,82,86,89" m="27743" machi="7" ten="30,8000,1" yaku="25,1,8,1,52,1,54,2" doraHai="85" who="3" fromWho="2" sc="345,0,292,0,175,-83,188,83" /><INIT seed="5,0,0,4,4,135" ten="345,292,92,271" oya="1" hai0="84,15,28,3,12,58,13,74,114,125,36,100,8" hai1="20,87,49,60,67,38,22,26,128,10,122,50,99" hai2="107,94,86,73,72,89,123,115,91,77,69,103,113" hai3="66,63,59,81,82,2,40,109,57,95,29,118,43"/><U33/><E122/><V90/><F69/><W31/><G109/><T11/><D74/><U96/><E38/><V75/><F94/><W61/><G2/><T76/><D36/><U25/><E33/><V21/><F21/><W47/><G95/><T120/><D3/><U18/><E128/><V70/><F70/><W79/><G118/><T56/><D114/><N who="2" m="43530" /><F86/><W48/><G40/><T101/><D28/><N who="3" m="10825" /><G79/><T78/><D120/><U41/><E87/><V112/><N who="2" m="43538" /><V130/><DORA hai="88" /><F130/><W24/><G24/><T64/><D84/><U98/><E10/><V132/><F132/><W134/><G134/><T27/><D13/><U16/><REACH who="1" step="1"/><E41/><REACH who="1" ten="345,282,92,271" step="2"/><V80/><F123/><W34/><G34/><T45/><D8/><U102/><E102/><V129/><F129/><W1/><G1/><T127/><D11/><U133/><E133/><V131/><F131/><W105/><G43/><T111/><D100/><U30/><E30/><V106/><F103/><W97/><G97/><T117/><D101/><U68/><AGARI ba="0,1" hai="16,18,20,22,25,26,49,50,60,67,68,96,98,99" machi="68" ten="30,18000,2" yaku="1,1,0,1,9,1,54,1,53,3" doraHai="135,88" doraHaiUra="6,93" who="1" fromWho="1" sc="345,-60,282,190,92,-60,271,-60" /><INIT seed="5,1,0,0,2,101" ten="285,472,32,211" oya="1" hai0="134,84,122,63,82,16,68,57,103,71,43,24,79" hai1="85,70,72,105,11,12,0,45,59,3,77,39,102" hai2="104,13,35,8,56,65,1,75,55,25,34,107,95" hai3="73,81,99,28,92,124,86,15,120,6,42,60,53"/><U22/><E70/><V40/><F75/><W94/><G73/><T52/><D134/><U61/><E72/><V37/><F1/><W115/><G120/><T135/><D135/><U17/><E39/><V7/><F65/><W23/><G124/><T46/><D122/><U114/><E114/><V44/><F95/><W87/><G115/><T67/><D103/><U5/><E45/><V74/><F74/><W38/><G42/><T131/><D131/><U48/><E48/><V132/><F132/><W112/><G38/><T32/><D67/><U36/><E36/><V29/><REACH who="2" step="1"/><F35/><REACH who="2" ten="285,472,22,211" step="2"/><W80/><G112/><T89/><D32/><U51/><E3/><V100/><F100/><W47/><G94/><T76/><D71/><U117/><E0/><V121/><F121/><W27/><G92/><T54/><D68/><U50/><E102/><V30/><F30/><W20/><G28/><T109/><D109/><U118/><E117/><V18/><F18/><W126/><G126/><T83/><D83/><U96/><E17/><V64/><F64/><W66/><G80/><T119/><D119/><U62/><E118/><V19/><F19/><W93/><G81/><T97/><D82/><U41/><E5/><V91/><F91/><W9/><G66/><T133/><D89/><U108/><E77/><V4/><F4/><W90/><G6/><T106/><D16/><U129/><E108/><V123/><F123/><W58/><G90/><T78/><D76/><U111/><E111/><V31/><F31/><W14/><G93/><T110/><D78/><U33/><E33/><V113/><F113/><RYUUKYOKU ba="1,1" sc="285,-10,472,-10,22,30,211,-10" hai2="7,8,13,25,29,34,37,40,44,55,56,104,107" /><INIT seed="6,2,1,4,5,28" ten="275,462,52,201" oya="2" hai0="2,21,44,23,8,100,88,50,134,4,98,10,19" hai1="128,67,15,81,7,26,108,32,119,97,17,35,82" hai2="59,22,115,102,29,5,96,114,74,60,36,120,130" hai3="13,63,65,40,84,37,31,135,94,51,101,131,57"/><V66/><F120/><W30/><G135/><T3/><D134/><U117/><E67/><V85/><F74/><W49/><G131/><T20/><D3/><U92/><E108/><V18/><F130/><W127/><G127/><T118/><D118/><U27/><E128/><V133/><F36/><W34/><G37/><T113/><D10/><U112/><E112/><V80/><F5/><W54/><G40/><T38/><D38/><U41/><E41/><V72/><F72/><W69/><G51/><T126/><D113/><U62/><E62/><V61/><F61/><W52/><G54/><T58/><D58/><U83/><E7/><V106/><F29/><W79/><G34/><T86/><D126/><U68/><E68/><V124/><F124/><W47/><G69/><T16/><D98/><U123/><E123/><V71/><F71/><W99/><G13/><T14/><D100/><U24/><E119/><V109/><F109/><W122/><G122/><T43/><D19/><U110/><E110/><V87/><F87/><W0/><G0/><T39/><D39/><U89/><E117/><V6/><F6/><W76/><G76/><T104/><D104/><U93/><E93/><AGARI ba="2,1" hai="2,4,8,14,16,20,21,23,43,44,50,86,88,93" machi="93" ten="30,3900,0" yaku="7,1,54,2" doraHai="28" who="0" fromWho="1" sc="275,55,462,-45,52,0,201,0" /><INIT seed="7,0,0,5,2,58" ten="330,417,52,201" oya="3" hai0="57,10,29,22,52,102,8,127,13,109,21,20,6" hai1="4,107,77,14,88,54,97,28,51,7,31,83,134" hai2="133,93,5,84,49,43,72,118,32,26,34,67,19" hai3="76,94,92,113,79,47,90,2,44,96,25,63,48"/><W122/><G122/><T0/><D102/><U46/><E134/><V62/><F133/><W106/><G106/><T66/><D66/><U42/><E107/><V103/><F118/><W69/><G113/><T41/><D41/><U38/><E38/><V68/><F72/><W120/><G2/><T101/><D101/><U9/><E7/><V53/><F5/><W11/><G120/><T132/><D132/><U81/><E54/><V37/><F26/><W17/><G47/><T18/><D127/><U70/><E70/><V35/><F19/><W78/><G92/><T55/><D109/><U85/><E97/><V128/><F128/><W56/><G69/><T15/><D55/><U99/><E99/><V45/><F103/><W60/><G56/><T50/><REACH who="0" step="1"/><D0/><REACH who="0" ten="320,417,52,201" step="2"/><U73/><AGARI ba="0,1" hai="4,9,14,28,31,42,46,51,73,77,81,83,85,88" machi="73" ten="20,2700,0" yaku="0,1,7,1,54,1" doraHai="58" who="1" fromWho="1" sc="320,-7,417,37,52,-7,201,-13" owari="313,11.0,454,55.0,45,-45.0,188,-21.0" /></mjloggm>