<mjloggm ver="2.3"><GO type="185" lobby="0"/><UN n0="%E4%B8%96%E7%9B%B4%E3%81%97%E4%BA%BA" n1="%E3%81%99%E3%81%8D%E3%81%BE%E5%A6%96%E6%80%AA" n2="%E3%81%A4%E3%81%8F%E3%81%AD%E3%82%93%32" n3="" dan="17,16,17,0" rate="2251.23,2111.90,2268.03,1500.00" sx="M,M,M,C"/><TAIKYOKU oya="0"/><INIT seed="0,0,0,2,1,82" ten="350,350,350,0" oya="0" hai0="39,61,123,80,114,40,109,36,108,46,119,84,107" hai1="121,64,77,51,41,35,68,38,95,54,112,47,78" hai2="52,72,89,101,74,129,67,53,133,63,134,125,57" hai3=""/><T131/><N who="0" m="31520" /><T75/><D114/><U48/><N who="1" m="31008" /><U73/><E35/><V88/><F101/><T60/><D119/><U97/><E112/><V85/><F89/><T50/><D107/><U79/><E73/><V124/><F129/><T33/><D75/><U42/><E38/><N who="0" m="14377" /><D33/><U55/><E64/><V118/><F118/><T128/><D61/><U81/><E68/><V110/><F110/><N who="0" m="42602" /><D60/><U45/><E81/><V76/><F74/><T70/><D70/><U135/><E135/><N who="2" m="51723" /><F76/><AGARI ba="0,0" hai="40,46,50,76,80,84,128,131" m="42602,14377,31520" machi="76" ten="30,11600,0" yaku="14,1,10,1,52,2" doraHai="82" who="0" fromWho="2" sc="350,116,350,0,350,-116,0,0" /><INIT seed="0,1,0,2,2,103" ten="466,350,234,0" oya="0" hai0="104,89,65,87,95,75,46,79,76,44,88,117,107" hai1="90,106,120,2,32,43,91,60,105,59,72,51,133" hai2="36,94,100,92,131,57,127,84,112,101,132,83,54" hai3=""/><T39/><D117/><U78/><N who="1" m="30752" /><U48/><E2/><V102/><F112/><T122/><N who="0" m="31264" /><T108/><D65/><U93/><E32/><V68/><F68/><T67/><D67/><U45/><E133/><V50/><F132/><T40/><D108/><U73/><E51/><V35/><F35/><T86/><D75/><U64/><E91/><V53/><F36/><T98/><D98/><U3/><E3/><V71/><F71/><T110/><D110/><U121/><N who="1" m="31008" /><U128/><E128/><V63/><F131/><T69/><D69/><U56/><E56/><V116/><F127/><T77/><REACH who="0" step="1"/><D46/><REACH who="0" ten="456,350,234,0" step="2"/><U111/><E111/><V41/><F116/><T47/><D47/><U66/><E66/><V62/><F41/><T38/><D38/><U129/><E129/><V49/><F84/><T33/><D33/><U124/><E124/><V130/><F130/><T119/><D119/><U125/><E125/><V113/><F113/><T1/><D1/><U115/><E115/><V70/><F70/><T118/><D118/><U99/><E73/><V81/><F101/><T97/><D97/><U134/><E134/><V96/><F96/><T42/><D42/><U55/><E43/><V80/><F102/><T114/><D114/><RYUUKYOKU ba="1,1" sc="456,10,350,10,234,-20,0,0" hai0="39,40,44,76,77,79,86,87,88,89,95,104,107" hai1="45,48,55,59,60,64,72,78,90,93,99,105,106" /><INIT seed="0,2,1,0,4,88" ten="466,360,214,0" oya="0" hai0="109,38,1,82,76,35,108,34,67,32,92,51,48" hai1="42,80,37,98,113,66,124,63,70,90,123,57,81" hai2="46,55,87,110,62,126,122,58,95,125,52,94,114" hai3=""/><T107/><D107/><U33/><N who="1" m="31520" /><U85/><E33/><V119/><N who="2" m="31264" /><V91/><F114/><T0/><D38/><U120/><N who="1" m="30752" /><U84/><E124/><N who="2" m="47723" /><F110/><N who="0" m="42602" /><D67/><U93/><E113/><V53/><F119/><T101/><D101/><U128/><E128/><V111/><F111/><T56/><D92/><N who="2" m="35370" /><F46/><T59/><D56/><U129/><E129/><V79/><F79/><T102/><D102/><U134/><E134/><V68/><F68/><T100/><D100/><U103/><E70/><V131/><F131/><T41/><D59/><U127/><E127/><V72/><F72/><T3/><D41/><U74/><E74/><AGARI ba="2,1" hai="0,1,3,32,34,35,48,51,74,76,82" m="42602" machi="74" ten="40,3900,0" yaku="14,1,10,1" doraHai="88" who="0" fromWho="1" sc="466,53,360,-43,214,0,0,0" /><INIT seed="0,3,0,0,0,41" ten="519,317,214,0" oya="0" hai0="85,53,90,79,103,43,33,60,82,88,84,67,96" hai1="92,74,125,66,76,94,130,86,131,119,46,45,2" hai2="70,36,71,75,44,65,42,123,83,122,129,1,64" hai3=""/><T100/><D33/><U72/><E66/><V34/><N who="2" m="31264" /><V52/><N who="2" m="31520" /><V40/><F1/><T113/><D113/><U104/><E104/><V38/><F34/><T59/><D43/><N who="2" m="16426" /><F83/><T106/><D103/><U133/><E76/><V107/><F75/><N who="1" m="28713" /><E86/><V101/><F101/><T108/><D108/><U63/><E63/><V110/><F107/><T57/><REACH who="0" step="1"/><D85/><REACH who="0" ten="509,317,214,0" step="2"/><U61/><E2/><V102/><F102/><T39/><D39/><N who="2" m="14890" /><F110/><T111/><D111/><U73/><E73/><V54/><F129/><T97/><D97/><U134/><E131/><V3/><F3/><T87/><D87/><U91/><E130/><V118/><F118/><T49/><AGARI ba="3,1" hai="49,53,57,59,60,67,79,82,84,88,90,96,100,106" machi="49" ten="20,5200,0" yaku="1,1,0,1,7,1,54,1,53,0" doraHai="41" doraHaiUra="89" who="0" fromWho="0" sc="509,68,317,-29,214,-29,0,0" /><INIT seed="0,4,0,3,2,121" ten="577,288,185,0" oya="0" hai0="116,125,64,69,47,88,74,2,36,111,113,105,57" hai1="62,95,94,109,100,91,77,98,53,0,52,101,122" hai2="134,123,81,43,61,32,124,120,135,78,68,1,112" hai3=""/><T35/><D57/><U41/><N who="1" m="31264" /><U42/><E109/><V107/><N who="2" m="30752" /><V59/><N who="2" m="31520" /><V75/><F112/><T49/><D49/><U40/><E0/><V106/><F32/><T3/><D47/><U70/><E77/><V104/><F1/><T129/><D64/><U89/><E70/><V110/><F124/><T50/><D50/><U33/><E33/><V34/><F34/><T114/><D35/><U131/><E131/><V84/><F110/><T54/><D54/><N who="1" m="21099" /><E62/><V118/><F118/><T85/><D69/><U130/><E130/><V58/><F75/><T115/><D74/><U38/><E38/><V39/><F68/><T97/><D36/><U65/><E65/><V51/><F39/><T99/><D129/><U46/><E46/><V128/><F128/><T86/><D111/><U80/><E80/><V132/><F61/><T56/><D2/><U119/><E119/><V66/><F66/><T126/><D3/><U96/><AGARI ba="4,0" hai="40,41,42,89,91,94,95,96,98,100,101" m="21099,31264" machi="96" ten="30,3000,0" yaku="8,1,52,1,54,1" doraHai="121" who="1" fromWho="1" sc="577,-24,288,38,185,-14,0,0" /><INIT seed="1,0,0,5,3,1" ten="553,326,171,0" oya="1" hai0="81,113,54,33,88,35,39,50,126,116,131,48,3" hai1="82,2,128,58,127,36,94,90,38,130,117,76,120" hai2="53,40,42,69,63,96,72,124,73,56,119,67,66" hai3=""/><U51/><N who="1" m="30752" /><U43/><E117/><V41/><F119/><T89/><D116/><U75/><E127/><V87/><F124/><T109/><D126/><U91/><E2/><V97/><F87/><T57/><D3/><U118/><E118/><V74/><REACH who="2" step="1"/><F69/><REACH who="2" ten="553,326,161,0" step="2"/><T104/><D35/><U77/><E77/><V129/><F129/><T34/><D33/><U52/><E130/><V84/><F84/><T59/><D34/><U47/><E128/><V83/><F83/><T55/><D131/><U68/><E68/><V95/><F95/><T100/><D81/><U98/><REACH who="1" step="1"/><E91/><REACH who="1" ten="553,316,161,0" step="2"/><V32/><F32/><T101/><D89/><U37/><AGARI ba="0,2" hai="36,37,38,43,47,51,52,58,75,76,82,90,94,98" m="30752" machi="37" ten="20,12000,2" yaku="1,1,2,1,0,1,7,1,52,1,54,1,53,0" doraHai="1" doraHaiUra="133" who="1" fromWho="1" sc="553,-60,316,140,161,-60,0,0" /><INIT seed="1,1,0,3,3,120" ten="493,456,101,0" oya="1" hai0="124,100,135,105,33,1,99,92,72,61,114,121,2" hai1="67,70,60,107,82,77,87,74,34,46,44,71,109" hai2="38,98,94,89,64,115,39,85,76,35,47,112,79" hai3=""/><U58/><E34/><V78/><F35/><T129/><RYUUKYOKU type="yao9" ba="1,0" sc="493,0,456,0,101,0,0,0" hai0="1,2,33,61,72,92,99,100,105,114,121,124,129,135" /><INIT seed="1,2,0,1,4,134" ten="493,456,101,0" oya="1" hai0="135,66,76,127,125,41,37,67,61,120,44,107,94" hai1="111,58,96,102,98,65,39,89,35,123,59,53,73" hai2="42,55,69,72,3,68,105,100,116,34,33,54,110" hai3=""/><U128/><N who="1" m="31520" /><U83/><E35/><N who="2" m="13323" /><F42/><T85/><N who="0" m="30752" /><T79/><D107/><U90/><E128/><V106/><F100/><T38/><D135/><U87/><E39/><V101/><F101/><T1/><D1/><U95/><E111/><V80/><F80/><T40/><D94/><U32/><E32/><V92/><F92/><T118/><D85/><U99/><E65/><V114/><F55/><T130/><D61/><U112/><E112/><V122/><N who="2" m="31264" /><V2/><F54/><T119/><REACH who="0" step="1"/><D44/><REACH who="0" ten="483,456,101,0" step="2"/><U97/><E73/><V93/><F93/><T121/><N who="0" m="31008" /><T49/><D49/><U45/><E102/><V74/><F114/><T63/><D63/><U129/><E129/><AGARI ba="2,1" hai="37,38,40,41,66,67,76,79,118,119,125,127,129,130" m="31008,30752" machi="129" ten="25,12000,2" yaku="1,1,22,2,52,4,53,0" doraHai="134" doraHaiUra="64" who="0" fromWho="1" sc="483,134,456,-124,101,0,0,0" /><INIT seed="2,0,0,4,4,116" ten="617,332,101,0" oya="2" hai0="110,108,133,61,37,132,35,57,121,75,83,41,62" hai1="81,79,103,65,135,114,45,84,82,127,134,117,74" hai2="0,44,129,60,89,46,47,34,130,95,48,106,63" hai3=""/><V43/><F106/><T78/><N who="0" m="31008" /><T85/><D35/><U99/><E65/><V1/><F34/><T69/><D69/><U111/><E45/><V36/><F46/><T51/><D37/><U124/><E111/><N who="0" m="42537" /><D41/><U112/><E117/><V52/><F63/><N who="0" m="24074" /><D75/><U98/><E114/><V40/><F60/><T70/><D70/><U90/><E112/><V125/><F125/><N who="1" m="48201" /><E99/><V107/><F107/><AGARI ba="0,0" hai="74,79,81,82,84,90,98,103,107,134,135" m="48201" machi="107" ten="30,3900,0" yaku="18,1,34,2" doraHai="116" who="1" fromWho="2" sc="617,0,332,39,101,-39,0,0" /><INIT seed="4,0,0,3,2,80" ten="617,371,62,0" oya="0" hai0="40,92,82,111,132,61,65,53,84,102,68,81,104" hai1="66,120,129,126,49,37,48,123,134,115,88,133,69" hai2="79,3,122,59,93,116,55,75,96,67,106,109,90" hai3=""/><T108/><D40/><U0/><N who="1" m="30752" /><U103/><N who="1" m="31520" /><U43/><E0/><V113/><N who="2" m="31264" /><V76/><F3/><T45/><D104/><U78/><E78/><V97/><F109/><N who="0" m="42058" /><D132/><N who="1" m="50795" /><E103/><V119/><F67/><T107/><D107/><U121/><N who="1" m="31008" /><U135/><E115/><V38/><F38/><T99/><D45/><U114/><E114/><V2/><F2/><T46/><D46/><U86/><E129/><V58/><F58/><T60/><D53/><U118/><E118/><N who="2" m="45099" /><F75/><T98/><D61/><U83/><N who="1" m="50803" /><U91/><DORA hai="105" /><E91/><V100/><F113/><T77/><D82/><U70/><E126/><V124/><F124/><T42/><D42/><U51/><E66/><V112/><F112/><T127/><D99/><U41/><E41/><V35/><F35/><T1/><D1/><U63/><E63/><AGARI ba="0,0" hai="55,59,63,76,79,90,93,96,97,100,106" m="45099,31264" machi="63" ten="30,2000,0" yaku="12,1,52,1" doraHai="80,105" who="2" fromWho="1" sc="617,0,371,-20,62,20,0,0" /><INIT seed="5,0,0,0,0,123" ten="617,351,82,0" oya="1" hai0="101,93,74,52,85,120,124,36,121,34,134,1,67" hai1="88,114,100,90,84,39,62,57,69,35,75,118,63" hai2="87,91,80,61,108,2,60,54,119,51,33,70,111" hai3=""/><U73/><E118/><V49/><F119/><T79/><N who="0" m="30752" /><T78/><N who="0" m="31008" /><T55/><D34/><U83/><E35/><V44/><F33/><T133/><D1/><U65/><E39/><V3/><F61/><T48/><D36/><U58/><E114/><V117/><F117/><T37/><D37/><U56/><E100/><V105/><F105/><T96/><D74/><U38/><E38/><V95/><F51/><T64/><D124/><U45/><E45/><V112/><F112/><T135/><D55/><U98/><E63/><V41/><F80/><T103/><D103/><U131/><E131/><V81/><F81/><T129/><D129/><U115/><E115/><V42/><F41/><T107/><D107/><U43/><E43/><V106/><F106/><T82/><D79/><U128/><E128/><V104/><F104/><T40/><D40/><U127/><E127/><V68/><F68/><T109/><D109/><U72/><REACH who="1" step="1"/><E98/><REACH who="1" ten="617,341,82,0" step="2"/><V94/><F2/><T130/><D130/><U77/><AGARI ba="0,1" hai="56,57,58,62,65,69,72,73,75,77,83,84,88,90" machi="77" ten="40,8000,1" yaku="1,1,2,1,0,1,54,1,53,1" doraHai="123" doraHaiUra="76" who="1" fromWho="1" sc="617,-40,341,90,82,-40,0,0" /><INIT seed="5,1,0,0,2,1" ten="577,431,42,0" oya="1" hai0="111,34,120,47,50,44,98,100,53,104,74,95,109" hai1="52,94,107,32,35,41,75,131,71,88,82,125,63" hai2="118,83,108,58,70,36,85,72,103,38,39,129,81" hai3=""/><U61/><E107/><V33/><F118/><T0/><N who="0" m="30752" /><T3/><D74/><U51/><E131/><V135/><F108/><T114/><D34/><U134/><E134/><V80/><F70/><T121/><N who="0" m="31008" /><T132/><D132/><U90/><E125/><V89/><F135/><T40/><D114/><U126/><E126/><V101/><F129/><T46/><D104/><U66/><E61/><V86/><F72/><T112/><D112/><U105/><E105/><V60/><F33/><T59/><REACH who="0" step="1"/><D40/><REACH who="0" ten="567,431,42,0" step="2"/><U106/><E106/><V123/><N who="2" m="31520" /><V77/><REACH who="2" step="1"/><F81/><REACH who="2" ten="567,431,32,0" step="2"/><T68/><D68/><U54/><E75/><V124/><F124/><T116/><D116/><U96/><E35/><V62/><F62/><T92/><D92/><U42/><E32/><V76/><F76/><T93/><D93/><U110/><E110/><AGARI ba="1,2" hai="0,3,44,46,47,50,53,59,95,98,100,109,110,111" m="31008,30752" machi="110" ten="40,8000,1" yaku="1,1,52,2,53,1" doraHai="1" doraHaiUra="55" who="0" fromWho="1" sc="567,102,431,-82,32,0,0,0" /><INIT seed="6,0,0,2,5,69" ten="669,349,32,0" oya="2" hai0="118,67,55,125,134,133,46,95,48,112,74,2,88" hai1="86,128,120,97,60,101,77,44,53,43,45,119,41" hai2="54,1,58,42,39,62,103,113,35,126,68,92,56" hai3=""/><V75/><F75/><T109/><D109/><U81/><N who="1" m="30752" /><U3/><E3/><V106/><F1/><T129/><D2/><U115/><E115/><V37/><F35/><T99/><D74/><U78/><E128/><V96/><F113/><T50/><D112/><U36/><E119/><V70/><F126/><T79/><D118/><U65/><E53/><V57/><F58/><T52/><D79/><U61/><E77/><V108/><F108/><T32/><D125/><U122/><N who="1" m="31264" /><U82/><E82/><V131/><F131/><T91/><D32/><U104/><E65/><V72/><F72/><T87/><D67/><U127/><E127/><V51/><F106/><T84/><D129/><U71/><E71/><V93/><F93/><T102/><D102/><U33/><E33/><V64/><REACH who="2" step="1"/><F42/><REACH who="2" ten="669,349,22,0" step="2"/><T121/><N who="0" m="31008" /><T130/><D130/><U107/><E104/><V49/><F49/><AGARI ba="0,1" hai="36,41,43,44,45,49,60,61,78,81,86,97,101,107" m="31264,30752" machi="49" ten="30,7700,0" yaku="7,1,52,3" doraHai="69" who="1" fromWho="2" sc="669,0,349,87,22,-77,0,0" owari="669,62.0,436,4.0,-55,-66.0,0,0.0" /></mjloggm>