<mjloggm ver="2.3"><GO type="185" lobby="0"/><UN n0="%E5%A4%9A%E6%9E%97%E6%99%8B" n1="%E3%81%82%E3%81%9F%E3%82%89%E3%81%AA%E3%81%84%E3%81%A7%EF%BC%81" n2="%E8%8A%B1%E9%AD%81" n3="" dan="16,17,17,0" rate="2204.93,2181.80,2329.95,1500.00" sx="M,M,F,C"/><TAIKYOKU oya="0"/><INIT seed="0,0,0,4,0,1" ten="350,350,350,0" oya="0" hai0="45,51,110,115,100,39,63,98,79,99,3,97,111" hai1="33,101,73,117,77,44,104,92,37,125,105,36,54" hai2="62,89,121,123,40,87,85,102,75,67,35,90,116" hai3=""/><T135/><D3/><U69/><E117/><V96/><N who="2" m="31008" /><V124/><N who="2" m="31520" /><V122/><N who="2" m="31264" /><V60/><F116/><T0/><D0/><U78/><E125/><V113/><F113/><T114/><D39/><U52/><E69/><V106/><F124/><T132/><D63/><U88/><E33/><V112/><F112/><N who="0" m="43050" /><D79/><U82/><E77/><V50/><F75/><T71/><D71/><U32/><E32/><V41/><F35/><T58/><D58/><U56/><E101/><V53/><F62/><T133/><D100/><U128/><E36/><V107/><F107/><T48/><D48/><U55/><E56/><V70/><F87/><T134/><D135/><U129/><E44/><V93/><F89/><T95/><D95/><U66/><E37/><V38/><F38/><T118/><D118/><U72/><E72/><V131/><F131/><N who="1" m="50249" /><E66/><V81/><F106/><T94/><D94/><U76/><E76/><V127/><F127/><T109/><D134/><U68/><E68/><V108/><F108/><T46/><D133/><U119/><E119/><V34/><F34/><T59/><D132/><U61/><E61/><V91/><REACH who="2" step="1"/><F102/><REACH who="2" ten="350,350,340,0" step="2"/><T65/><D65/><U64/><E64/><V49/><F49/><T47/><D51/><RYUUKYOKU ba="0,1" sc="350,0,350,0,340,0,0,0" hai0="45,46,47,59,97,98,99,109,110,111" hai1="52,54,55,73,78,82,88,92,104,105" hai2="40,41,50,53,60,67,70,81,85,90,91,93,96" /><INIT seed="0,1,1,4,5,115" ten="350,350,340,0" oya="0" hai0="130,71,91,123,34,83,107,113,101,81,75,114,74" hai1="128,43,84,33,105,79,109,61,103,80,117,116,0" hai2="46,36,54,122,51,85,132,3,94,39,92,124,69" hai3=""/><T62/><N who="0" m="31520" /><T37/><D34/><U110/><E33/><V126/><N who="2" m="31264" /><V68/><F3/><T131/><D37/><N who="2" m="14410" /><F85/><T73/><D62/><U88/><E61/><V48/><F132/><T134/><D71/><N who="2" m="27210" /><F92/><T108/><D134/><U72/><E43/><V102/><F94/><T60/><D60/><U125/><E0/><V64/><F102/><T78/><D108/><N who="1" m="41579" /><E103/><V90/><F90/><T104/><D101/><U100/><E100/><V1/><F1/><T41/><D41/><U50/><E105/><N who="0" m="40521" /><D91/><U58/><E88/><V63/><F48/><T67/><D81/><U76/><E76/><V121/><N who="2" m="31008" /><V56/><AGARI ba="1,1" hai="46,51,54,56,63,64,124,126" m="31008,27210,14410,31264" machi="56" ten="40,6000,1" yaku="4,1,34,2,52,2" doraHai="115" who="2" fromWho="2" sc="350,-41,350,-21,340,72,0,0" /><INIT seed="1,0,0,0,2,116" ten="309,329,412,0" oya="1" hai0="57,130,118,34,39,110,111,2,42,47,115,49,45" hai1="59,81,43,48,120,85,135,40,88,95,96,56,102" hai2="106,74,32,50,68,66,63,61,119,65,94,35,124" hai3=""/><U41/><N who="1" m="30752" /><U52/><REACH who="1" step="1"/><E135/><REACH who="1" ten="309,319,412,0" step="2"/><V71/><F119/><T79/><D118/><U92/><E92/><V93/><F106/><T133/><D133/><U113/><E113/><V76/><F124/><T87/><D115/><U132/><E132/><V107/><F107/><T126/><D126/><U114/><E114/><V128/><F128/><T134/><D134/><U105/><E105/><V117/><F117/><T55/><D130/><U91/><E91/><V127/><F127/><T58/><D111/><U104/><E104/><V123/><N who="2" m="31520" /><V1/><F1/><T75/><D2/><U51/><E51/><V83/><F50/><T89/><D110/><U97/><E97/><V82/><F83/><T70/><D49/><U33/><E33/><AGARI ba="0,1" hai="32,33,35,61,63,65,66,68,71,74,76,82,93,94" m="31520" machi="33" ten="40,5200,0" yaku="9,1,52,2" doraHai="116" who="2" fromWho="1" sc="309,0,319,-52,412,62,0,0" /><INIT seed="2,0,0,1,4,129" ten="309,267,474,0" oya="2" hai0="78,43,46,0,56,123,114,133,106,107,70,50,38" hai1="81,62,3,85,79,2,86,134,36,93,42,74,51" hai2="41,126,58,117,55,116,71,102,121,112,124,59,47" hai3=""/><V101/><N who="2" m="31008" /><V64/><F112/><T122/><N who="0" m="31264" /><T132/><N who="0" m="31520" /><T113/><D0/><U82/><E36/><V60/><F101/><T67/><D70/><U76/><E134/><N who="0" m="51817" /><D78/><U52/><E62/><V131/><F102/><T66/><D56/><N who="2" m="21546" /><F55/><T95/><D95/><U125/><E42/><V110/><F131/><T89/><D89/><U87/><E125/><N who="2" m="48235" /><F110/><T75/><D75/><U65/><E65/><N who="0" m="24585" /><D38/><AGARI ba="0,0" hai="38,41,47,60,64,71,116,117" m="48235,21546,31008" machi="38" ten="30,11600,0" yaku="18,1,34,2,52,1" doraHai="129" who="2" fromWho="0" sc="309,-116,267,0,474,116,0,0" /><INIT seed="2,1,0,5,3,2" ten="193,267,590,0" oya="2" hai0="122,98,51,134,77,50,96,74,91,68,95,113,94" hai1="75,66,37,88,125,55,85,135,82,99,44,127,112" hai2="105,100,86,128,118,52,61,116,132,110,32,62,101" hai3=""/><V103/><F105/><T72/><N who="0" m="31264" /><T47/><D68/><U129/><E112/><V45/><F128/><T71/><D71/><U54/><E129/><V123/><N who="2" m="31520" /><V35/><F132/><T67/><D67/><U56/><E135/><V48/><F110/><T108/><D108/><U120/><N who="1" m="30752" /><U63/><E75/><V83/><F116/><T70/><D70/><U87/><E99/><V92/><F92/><T89/><D134/><U1/><E1/><V64/><F118/><T93/><D95/><U119/><E119/><V73/><F73/><T133/><D133/><U121/><N who="1" m="31008" /><U124/><E87/><V117/><F117/><T49/><D113/><U131/><E131/><V69/><REACH who="2" step="1"/><F62/><REACH who="2" ten="193,267,580,0" step="2"/><T43/><D74/><U107/><E107/><V60/><F60/><T79/><REACH who="0" step="1"/><D72/><REACH who="0" ten="183,267,580,0" step="2"/><U41/><AGARI ba="1,2" hai="37,41,44,54,55,56,63,66,82,85,88,124,125,127" m="31008,30752" machi="41" ten="40,6000,1" yaku="0,1,18,1,52,2,54,1" doraHai="2" who="1" fromWho="1" sc="183,-21,267,82,580,-41,0,0" /><INIT seed="4,0,0,2,2,100" ten="162,349,539,0" oya="0" hai0="90,41,52,115,127,33,54,123,125,81,88,109,131" hai1="59,38,39,126,132,114,93,71,64,32,86,134,70" hai2="67,77,2,130,110,57,47,60,79,104,61,98,101" hai3=""/><T119/><N who="0" m="31520" /><T96/><D33/><U53/><E32/><V105/><F110/><T92/><D119/><U116/><E116/><V0/><F130/><T75/><D109/><U44/><E86/><V63/><F47/><T129/><D115/><U108/><E93/><V56/><F104/><T84/><D41/><U65/><E108/><V37/><F37/><N who="1" m="13833" /><E44/><V135/><F135/><N who="1" m="51753" /><E126/><N who="0" m="48137" /><D75/><U124/><E124/><V120/><N who="2" m="30752" /><V89/><F89/><T128/><AGARI ba="0,0" hai="52,54,81,84,88,90,92,96,128,129,131" m="48137,31520" machi="128" ten="40,8000,1" yaku="19,1,18,1,52,1,54,2" doraHai="100" who="0" fromWho="0" sc="162,80,349,-40,539,-40,0,0" /><INIT seed="4,1,0,5,3,119" ten="242,309,499,0" oya="0" hai0="2,102,109,133,92,127,85,42,90,41,108,48,97" hai1="96,68,88,69,128,87,72,45,67,74,36,101,71" hai2="61,135,53,121,106,116,83,70,40,46,125,99,58" hai3=""/><T124/><D2/><U123/><N who="1" m="31520" /><U39/><E128/><V82/><N who="2" m="31008" /><V100/><F116/><T130/><D130/><U60/><E72/><V134/><F125/><N who="0" m="48202" /><D133/><N who="2" m="50698" /><F70/><T112/><D112/><U56/><E74/><V81/><F81/><T63/><D63/><U79/><E79/><V95/><F106/><T75/><D75/><U132/><E45/><V50/><AGARI ba="1,0" hai="40,46,50,53,58,61,82,83,95,99,100" m="50698,31008" machi="50" ten="30,3000,0" yaku="20,1,52,2" doraHai="119" who="2" fromWho="2" sc="242,-21,309,-11,499,32,0,0" /><INIT seed="5,0,0,3,0,75" ten="221,298,531,0" oya="1" hai0="90,63,109,91,50,120,125,123,132,107,117,59,66" hai1="43,55,47,68,80,122,103,130,93,51,131,40,81" hai2="60,35,89,95,46,129,104,64,118,106,87,73,33" hai3=""/><U88/><N who="1" m="31264" /><U54/><E103/><V96/><F118/><T69/><N who="0" m="30752" /><T39/><N who="0" m="31520" /><T65/><D109/><U78/><E68/><V53/><F73/><T92/><D117/><U2/><E2/><V37/><F129/><N who="1" m="49161" /><E55/><V32/><F96/><T116/><D107/><U98/><E80/><V56/><REACH who="2" step="1"/><F53/><REACH who="2" ten="221,298,521,0" step="2"/><T70/><D116/><U71/><E71/><V99/><F99/><T126/><D69/><U0/><E0/><V100/><F100/><T36/><D70/><U34/><E34/><V113/><F113/><T74/><D74/><AGARI ba="0,1" hai="40,43,47,51,54,74,78,81,88,93,98" m="49161,31264" machi="74" ten="30,11600,0" yaku="19,1,52,2,54,1" doraHai="75" who="1" fromWho="0" sc="221,-116,298,126,521,0,0,0" /><INIT seed="5,1,0,3,4,115" ten="105,424,521,0" oya="1" hai0="130,36,53,0,118,1,57,3,128,44,79,47,59" hai1="91,98,71,88,117,77,132,127,111,54,76,123,87" hai2="62,92,99,35,113,46,86,51,94,78,45,65,68" hai3=""/><U69/><N who="1" m="31520" /><U41/><E111/><V55/><F35/><T84/><D79/><U42/><E127/><V107/><F113/><T110/><D84/><U33/><E33/><V108/><F108/><T81/><D81/><U73/><E73/><V85/><F85/><T126/><D110/><U93/><E54/><V60/><F60/><T80/><D80/><U122/><N who="1" m="31264" /><U82/><E117/><V2/><F2/><T96/><D96/><U119/><E119/><V61/><F61/><T52/><D118/><U89/><E89/><V102/><F46/><T134/><D134/><U105/><E132/><V90/><REACH who="2" step="1"/><F78/><REACH who="2" ten="105,424,511,0" step="2"/><T114/><D114/><U43/><E77/><V49/><F49/><T125/><REACH who="0" step="1"/><D0/><REACH who="0" ten="95,424,511,0" step="2"/><U129/><E76/><V50/><F50/><T34/><D34/><U106/><REACH who="1" step="1"/><E129/><REACH who="1" ten="95,414,511,0" step="2"/><V75/><F75/><T120/><N who="0" m="30752" /><T66/><D66/><U37/><E37/><AGARI ba="1,3" hai="1,3,36,37,44,47,52,53,57,59,125,126,128,130" m="30752" machi="37" ten="25,8000,1" yaku="1,1,22,2,52,1,54,1,53,0" doraHai="115" doraHaiUra="100" who="0" fromWho="1" sc="95,112,414,-82,511,0,0,0" /><INIT seed="6,0,0,4,1,61" ten="207,332,511,0" oya="2" hai0="134,119,121,33,102,104,101,94,108,84,40,43,76" hai1="49,65,93,62,70,38,92,2,115,82,34,112,90" hai2="128,85,131,60,129,127,87,133,113,68,86,36,89" hai3=""/><V110/><F113/><N who="1" m="43593" /><E38/><V75/><F75/><T132/><N who="0" m="31008" /><T71/><D33/><U109/><E109/><V73/><F73/><T125/><D71/><U117/><E117/><V96/><F127/><T59/><D108/><U83/><E2/><V35/><F35/><T77/><D125/><U80/><E34/><V79/><F79/><T42/><D119/><U122/><N who="1" m="31264" /><U130/><E130/><V120/><N who="2" m="30752" /><V66/><F110/><T67/><D104/><U58/><E90/><V114/><F114/><T47/><D47/><U63/><E49/><V116/><F116/><T41/><N who="0" m="10240" /><DORA hai="123" /><T69/><D69/><U111/><E111/><V118/><F118/><T107/><D107/><U51/><E51/><V97/><F36/><T50/><D50/><U37/><E37/><V48/><F48/><T106/><D106/><U32/><E32/><V78/><F78/><T57/><D77/><U88/><E88/><V45/><F89/><T81/><D101/><U105/><E105/><V44/><F44/><T99/><REACH who="0" step="1"/><D67/><AGARI ba="0,0" hai="58,62,63,65,67,70,80,82,83,92,93" m="31264,43593" machi="67" ten="30,7700,0" yaku="15,1,52,3" doraHai="61,123" who="1" fromWho="0" sc="207,-77,332,77,511,0,0,0" owari="130,-47.0,409,1.0,511,46.0,0,0.0" /></mjloggm>