<mjloggm ver="2.3"><GO type="169" lobby="0"/><UN n0="%E3%82%A2%E3%83%A4%E3%82%BB" n1="%E8%88%AC%E5%8D%93%E6%B0%91%E3%81%AE%E6%9C%9D%E3%81%AF%E6%97%A9%E3%81%84" n2="%E5%BC%B7%E6%89%93%E6%84%9B%E5%A5%BD%E5%AE%B6" n3="%E3%81%B7%E3%82%93%E3%81%B7%E3%82%93%EF%BC%81" dan="16,17,16,17" rate="2178.50,2244.30,2117.85,2171.16" sx="M,M,M,M"/><TAIKYOKU oya="0"/><INIT seed="0,0,0,4,1,114" ten="250,250,250,250" oya="0" hai0="31,90,0,100,95,53,8,99,10,122,64,11,63" hai1="102,71,78,135,43,28,77,117,25,118,47,13,116" hai2="57,60,91,9,46,121,6,69,82,38,101,75,30" hai3="98,67,89,80,3,23,124,76,59,51,61,35,86"/><T4/><D122/><U128/><E71/><V24/><F69/><W113/><G113/><T132/><D132/><U17/><E102/><V123/><F101/><W81/><G124/><T72/><D72/><U40/><E135/><V129/><F129/><W29/><G3/><T14/><D0/><U33/><E128/><V79/><F91/><W83/><G35/><T58/><D53/><U74/><E74/><V41/><F57/><W44/><G98/><T103/><D103/><U48/><REACH who="1" step="1"/><E43/><REACH who="1" ten="250,240,250,250" step="2"/><V21/><REACH who="2" step="1"/><F60/><REACH who="2" ten="250,240,240,250" step="2"/><W110/><G61/><T5/><D5/><U54/><E54/><V131/><F131/><W1/><G110/><T49/><D90/><U32/><E32/><V45/><F45/><W92/><G44/><T73/><D73/><U16/><E16/><V68/><F68/><W120/><G89/><T42/><D31/><U66/><E66/><V104/><F104/><W19/><G67/><T65/><D65/><U37/><E37/><V70/><F70/><W88/><G88/><T111/><D111/><U20/><AGARI ba="0,2" hai="13,17,20,25,28,33,40,47,48,77,78,116,117,118" machi="20" ten="30,8000,1" yaku="1,1,0,1,52,3,53,0" doraHai="114" doraHaiUra="55" who="1" fromWho="1" sc="250,-40,240,100,240,-20,250,-20" /><INIT seed="1,0,0,0,3,30" ten="210,340,220,230" oya="1" hai0="89,23,18,21,45,52,38,104,2,20,97,122,133" hai1="129,115,106,100,40,92,26,51,15,93,77,12,116" hai2="5,126,134,35,47,55,117,72,69,74,102,95,132" hai3="11,37,6,27,63,36,42,88,46,70,73,87,33"/><U34/><E115/><V29/><F117/><W71/><G73/><T28/><D133/><N who="2" m="51306" /><F69/><W135/><G135/><T83/><D122/><U44/><E116/><V14/><F126/><W16/><G37/><T101/><D2/><U4/><E129/><V64/><F64/><W131/><G131/><T0/><D0/><U43/><E43/><V59/><F47/><W121/><G121/><T79/><D89/><U22/><E77/><V39/><F39/><W62/><G62/><T119/><D28/><U78/><E78/><V130/><F130/><W75/><G75/><T58/><D119/><U49/><E106/><V57/><F57/><W80/><G63/><T125/><D45/><U66/><E66/><V123/><F123/><W110/><G110/><T60/><D38/><U99/><E93/><V113/><F113/><W103/><G103/><T105/><D105/><U76/><E76/><V114/><F14/><W25/><G25/><T61/><D125/><U81/><E12/><V13/><F13/><W120/><G120/><T8/><D61/><U65/><E65/><V50/><F5/><W112/><G112/><T84/><REACH who="0" step="1"/><D8/><REACH who="0" ten="200,340,220,230" step="2"/><U111/><E44/><V56/><F114/><W68/><G11/><T7/><D7/><U127/><E4/><V124/><F124/><W86/><G6/><T67/><D67/><U98/><E127/><V109/><F109/><W128/><G128/><T108/><D108/><U96/><E111/><V91/><F91/><W17/><G88/><T9/><D9/><U1/><E1/><V32/><F29/><W48/><G36/><T85/><D85/><RYUUKYOKU ba="0,1" sc="200,30,340,-10,220,-10,230,-10" hai0="18,20,21,23,52,58,60,79,83,84,97,101,104" /><INIT seed="2,1,1,2,3,54" ten="230,330,210,220" oya="2" hai0="14,65,49,128,70,23,124,74,52,75,28,55,85" hai1="81,3,60,130,59,45,78,71,37,36,102,83,11" hai2="5,127,50,94,115,56,18,44,89,126,88,62,34" hai3="76,20,6,123,15,35,135,21,96,82,113,24,7"/><V105/><F105/><W72/><G123/><T67/><D124/><N who="2" m="47658" /><F115/><W99/><G135/><T125/><D125/><U68/><E102/><V80/><F34/><W118/><G118/><T33/><D128/><U29/><E29/><V106/><F106/><W40/><G113/><T87/><D33/><U101/><E101/><V131/><F131/><W129/><G129/><T110/><D14/><U22/><E22/><V120/><F120/><W2/><G2/><T100/><D100/><U134/><E130/><V84/><F18/><W41/><G35/><T119/><D23/><U66/><E134/><V27/><F27/><W117/><G117/><T92/><D49/><U109/><E37/><V1/><F5/><W9/><G6/><T16/><D92/><U116/><E116/><V63/><F1/><W104/><G20/><T61/><D119/><U39/><E39/><V17/><F17/><W58/><G104/><T86/><D16/><U98/><E36/><V0/><F0/><W25/><G25/><T32/><D67/><N who="1" m="39327" /><E11/><V97/><F56/><W43/><REACH who="3" step="1"/><G58/><REACH who="3" ten="230,330,210,210" step="2"/><T48/><D48/><U121/><E3/><V26/><F26/><W90/><G90/><T77/><D110/><U57/><E109/><V19/><F19/><AGARI ba="1,2" hai="7,9,15,19,21,24,40,41,43,72,76,82,96,99" machi="19" ten="40,8000,1" yaku="1,1,53,3" doraHai="54" doraHaiUra="38" who="3" fromWho="2" sc="230,0,330,0,210,-83,210,103" /><INIT seed="3,0,0,1,0,83" ten="230,330,127,313" oya="3" hai0="96,45,85,117,66,103,109,86,59,34,42,124,63" hai1="70,2,49,27,5,131,102,50,20,112,43,44,35" hai2="132,74,73,77,99,21,30,81,14,101,65,26,57" hai3="55,94,32,54,62,130,75,122,6,67,134,107,52"/><W89/><G122/><T128/><D117/><U48/><E112/><V95/><F132/><W24/><G107/><T105/><D34/><U90/><E131/><V12/><REACH who="2" step="1"/><F73/><REACH who="2" ten="230,330,117,313" step="2"/><W69/><G75/><T126/><D128/><U87/><E35/><V56/><F56/><W28/><G134/><T118/><D118/><U79/><E70/><V40/><F40/><W51/><G130/><T113/><D113/><U93/><E2/><V84/><F84/><W0/><G0/><T76/><D109/><U39/><E5/><V29/><F29/><W123/><G6/><T97/><D97/><U11/><E43/><V92/><F92/><W110/><G110/><T91/><D76/><U133/><E133/><V31/><F31/><W46/><REACH who="3" step="1"/><G123/><REACH who="3" ten="230,330,117,303" step="2"/><T19/><D19/><U127/><E79/><V121/><F121/><W88/><G88/><T37/><REACH who="0" step="1"/><D85/><AGARI ba="0,2" hai="24,28,32,46,51,52,54,55,62,67,69,85,89,94" machi="85" ten="30,12000,1" yaku="1,1,7,1,52,1,54,1,53,1" doraHai="83" doraHaiUra="47" who="3" fromWho="0" sc="230,-120,330,0,117,0,303,140" /><INIT seed="3,1,0,3,0,77" ten="110,330,117,443" oya="3" hai0="79,107,127,41,70,23,18,52,133,78,9,135,122" hai1="129,21,15,4,134,49,59,37,112,103,130,33,40" hai2="75,132,100,102,91,56,57,45,97,62,38,92,105" hai3="104,36,34,115,74,117,29,118,2,84,13,1,116"/><W32/><G84/><T43/><D122/><U30/><E112/><V88/><F132/><N who="0" m="50762" /><D107/><U0/><E134/><V96/><F75/><W24/><G115/><T110/><D70/><U44/><E103/><V123/><F123/><W109/><G104/><T98/><D98/><U60/><E33/><V35/><F35/><W31/><G36/><T125/><D9/><U128/><E0/><N who="3" m="106" /><G74/><T72/><D110/><U124/><E124/><N who="0" m="47689" /><D52/><N who="1" m="33895" /><E30/><V101/><F101/><W55/><G55/><T80/><D78/><U119/><E119/><V64/><F56/><W11/><G109/><T76/><D76/><U6/><E37/><V26/><F26/><AGARI ba="1,0" hai="18,23,26,41,43,72,79,80" m="47689,50762" machi="26" ten="30,3900,0" yaku="20,1,18,1,52,1" doraHai="77" who="0" fromWho="2" sc="110,42,330,0,117,-42,443,0" /><INIT seed="4,0,0,2,2,10" ten="152,330,75,443" oya="0" hai0="127,2,75,28,79,44,51,33,129,4,126,76,124" hai1="49,7,25,55,3,43,41,101,88,6,21,12,125" hai2="72,118,80,119,106,109,62,9,26,69,108,113,81" hai3="68,87,70,42,52,30,67,135,31,56,5,114,60"/><T8/><D129/><U105/><E125/><V95/><F106/><W115/><G42/><T100/><D100/><U83/><E3/><V36/><F36/><W111/><G111/><N who="2" m="42569" /><F72/><W121/><G135/><T34/><D28/><N who="3" m="10793" /><G121/><T92/><D92/><U133/><E101/><V64/><F26/><W134/><G134/><T82/><REACH who="0" step="1"/><D79/><REACH who="0" ten="142,330,75,443" step="2"/><U116/><E133/><V73/><F95/><W97/><G115/><T123/><D123/><U63/><E116/><N who="2" m="44587" /><F113/><W24/><G114/><T1/><D1/><U77/><E77/><V58/><F81/><W18/><G97/><T17/><D17/><N who="1" m="10407" /><E105/><V38/><F80/><W91/><G18/><T78/><D78/><U84/><E25/><V99/><F99/><W96/><G24/><T132/><D132/><U117/><E117/><V35/><F35/><W59/><G96/><T74/><D74/><U39/><E39/><V0/><F73/><W13/><G91/><T45/><D45/><N who="1" m="28079" /><E7/><N who="2" m="1255" /><F38/><W15/><G5/><T66/><D66/><U40/><E6/><V89/><F89/><W29/><G29/><T71/><D71/><AGARI ba="0,1" hai="58,62,64,69,71" m="1255,44587,42569" machi="71" ten="30,1000,0" yaku="12,1" doraHai="10" who="2" fromWho="0" sc="142,-10,330,0,75,20,443,0" /><INIT seed="5,0,0,5,5,96" ten="132,330,95,443" oya="1" hai0="125,89,70,90,115,11,12,29,41,17,97,121,42" hai1="44,131,114,113,45,37,4,23,122,26,100,28,91" hai2="3,53,30,129,59,94,132,58,52,87,2,35,76" hai3="64,116,118,43,31,50,60,93,84,47,71,22,14"/><U88/><E122/><V54/><F35/><W128/><G128/><T48/><D70/><U72/><E72/><V51/><F30/><W73/><G73/><T68/><D68/><U46/><E131/><V8/><F129/><W86/><G93/><N who="0" m="56495" /><D115/><N who="1" m="44043" /><E37/><V106/><F106/><W13/><G31/><T109/><D109/><U69/><E69/><V77/><F132/><W102/><G86/><T110/><D110/><U49/><E4/><V16/><F2/><W27/><G14/><T0/><D0/><U24/><E49/><N who="2" m="30991" /><F54/><W95/><G43/><T18/><D29/><N who="1" m="17567" /><E100/><V5/><F5/><W92/><G102/><T34/><D34/><AGARI ba="0,0" hai="26,28,34,44,45,46,88,91" m="17567,44043" machi="34" ten="30,2900,0" yaku="15,1,54,1" doraHai="96" who="1" fromWho="0" sc="132,-29,330,29,95,0,443,0" /><INIT seed="5,1,0,4,0,6" ten="103,359,95,443" oya="1" hai0="21,23,22,72,34,110,127,113,68,64,86,4,117" hai1="24,27,30,43,20,40,130,103,128,49,29,132,32" hai2="51,107,114,65,121,39,90,17,84,82,25,134,28" hai3="2,60,62,42,15,12,52,48,94,97,73,91,80"/><U95/><E132/><V61/><F39/><W59/><G2/><T96/><D72/><U124/><E124/><V88/><F134/><W47/><G73/><T45/><D34/><U101/><E49/><V66/><F121/><W71/><G71/><T55/><D117/><U14/><E14/><N who="3" m="5162" /><G80/><T50/><D110/><U125/><E125/><V46/><F17/><W102/><G62/><T135/><D127/><U67/><E67/><V133/><F107/><W19/><G19/><T126/><D126/><U131/><REACH who="1" step="1"/><E95/><REACH who="1" ten="103,349,95,443" step="2"/><V41/><F133/><W99/><G99/><T92/><D135/><U8/><E8/><V98/><F65/><W37/><G37/><T69/><D64/><U0/><E0/><V31/><F98/><W26/><G26/><T79/><D113/><U57/><E57/><V119/><F114/><W77/><G77/><T85/><D79/><U87/><E87/><V115/><F115/><W13/><G13/><T7/><D68/><U3/><E3/><V56/><F119/><W83/><G83/><T104/><D69/><U76/><E76/><N who="2" m="46151" /><F25/><W33/><G33/><T78/><D104/><U120/><E120/><V100/><F66/><W129/><G129/><T5/><D78/><U36/><E36/><V38/><F38/><W118/><G118/><T89/><AGARI ba="1,1" hai="4,5,7,21,22,23,45,50,55,85,86,89,92,96" machi="89" ten="30,2000,0" yaku="0,1,8,1" doraHai="6" who="0" fromWho="0" sc="103,33,349,-11,95,-6,443,-6" /><INIT seed="6,0,0,2,0,40" ten="136,338,89,437" oya="2" hai0="130,74,123,4,107,116,59,14,122,96,104,11,50" hai1="33,49,84,6,52,45,132,69,72,0,79,112,129" hai2="41,25,19,85,100,125,54,17,82,66,61,46,93" hai3="57,114,95,2,63,20,53,109,103,92,8,121,102"/><V7/><F125/><W60/><G121/><T131/><D116/><U34/><E72/><V65/><F7/><W108/><G2/><T62/><D74/><U31/><E69/><V127/><F127/><W105/><G105/><N who="0" m="40523" /><D50/><U44/><E31/><V75/><F75/><W86/><G8/><T64/><D96/><U87/><E6/><V134/><F134/><W80/><G114/><T18/><D18/><N who="2" m="6666" /><F25/><W29/><G20/><T89/><D89/><U117/><E117/><V36/><F36/><W22/><G22/><T39/><D39/><U81/><E0/><V113/><F113/><W1/><G29/><T68/><D68/><U5/><E112/><V24/><F24/><W56/><G1/><T118/><D118/><U119/><E119/><V48/><F41/><W73/><G73/><T101/><D101/><N who="3" m="38409" /><G109/><T10/><D10/><U126/><E126/><V38/><F38/><W35/><G35/><T58/><D58/><U26/><E5/><V70/><F70/><W55/><G108/><T128/><AGARI ba="0,0" hai="4,11,14,59,62,64,122,123,128,130,131" m="40523" machi="128" ten="40,1500,0" yaku="19,1" doraHai="40" who="0" fromWho="0" sc="136,15,338,-4,89,-7,437,-4" /><INIT seed="7,0,0,2,3,38" ten="151,334,82,433" oya="3" hai0="60,109,128,66,126,77,59,40,131,55,20,69,13" hai1="63,12,42,43,47,70,28,23,58,90,6,89,65" hai2="49,37,54,124,118,108,102,133,81,45,1,119,0" hai3="82,21,95,61,15,50,73,135,93,25,30,78,97"/><W22/><G135/><T92/><D109/><U113/><E113/><V36/><F102/><W9/><G61/><N who="0" m="36095" /><D40/><N who="1" m="15403" /><E70/><V33/><F33/><W121/><G121/><T130/><D77/><U120/><E120/><V16/><F108/><W111/><G111/><T88/><D126/><U116/><E116/><V32/><F32/><W34/><G93/><T87/><D20/><U2/><E2/><V64/><F124/><W114/><G50/><T35/><D35/><U41/><E6/><V91/><F133/><W8/><G8/><T7/><D13/><U85/><E85/><V48/><F64/><W127/><G114/><T104/><D7/><U79/><E79/><V98/><F98/><W19/><G127/><T11/><D11/><U67/><E67/><V26/><F119/><W56/><G56/><T86/><D104/><U103/><E103/><AGARI ba="0,0" hai="9,15,19,21,22,25,30,34,73,78,82,95,97,103" machi="103" ten="30,1500,0" yaku="7,1" doraHai="38" who="3" fromWho="1" sc="151,0,334,-15,82,0,433,15" owari="151,-25.0,319,12.0,82,-42.0,448,55.0" /></mjloggm>