<mjloggm ver="2.3"><GO type="169" lobby="0"/><UN n0="%E5%BC%B7%E6%89%93%E6%84%9B%E5%A5%BD%E5%AE%B6" n1="%E8%88%AC%E5%8D%93%E6%B0%91%E3%81%AE%E6%9C%9D%E3%81%AF%E6%97%A9%E3%81%84" n2="%53%61%6B%69%E2%98%86" n3="%6D%61%73%61%73%69%6F" dan="16,17,17,17" rate="2119.58,2238.62,2176.43,2157.15" sx="M,M,F,F"/><TAIKYOKU oya="0"/><INIT seed="0,0,0,0,1,93" ten="250,250,250,250" oya="0" hai0="15,130,24,21,77,6,69,74,5,63,134,85,99" hai1="26,34,84,103,115,91,31,39,124,123,36,92,97" hai2="57,112,46,28,107,101,86,72,71,25,59,50,62" hai3="0,109,129,102,110,118,18,64,2,44,14,117,119"/><T128/><D74/><U11/><E123/><V48/><F112/><W121/><G64/><T53/><D134/><U8/><E115/><V1/><F72/><W38/><G102/><T75/><D75/><U126/><E11/><V45/><F1/><N who="3" m="619" /><G44/><T95/><D77/><U88/><E8/><V133/><F133/><W55/><G55/><T106/><D85/><U43/><E91/><V37/><F86/><W7/><G38/><T98/><D106/><U60/><E60/><V120/><F120/><W125/><G121/><T65/><D53/><U76/><E76/><V131/><F131/><N who="0" m="50218" /><D15/><U135/><E135/><V33/><F37/><W116/><G129/><T68/><D68/><U58/><E58/><V89/><F89/><W35/><G35/><T22/><BYE who="2" /><D22/><U96/><E84/><UN n2="%53%61%6B%69%E2%98%86" /><V73/><F73/><W114/><G114/><T17/><D99/><U41/><E39/><V127/><F127/><N who="1" m="48681" /><E36/><V105/><F105/><AGARI ba="0,0" hai="26,31,34,41,43,88,92,96,97,103,105" m="48681" machi="105" ten="30,7700,0" yaku="18,1,52,2,54,1" doraHai="93" who="1" fromWho="2" sc="250,0,250,77,250,-77,250,0" /><INIT seed="1,0,0,2,2,105" ten="250,327,173,250" oya="1" hai0="54,80,72,39,124,90,71,13,0,66,79,128,106" hai1="2,47,82,30,94,9,68,133,32,48,69,31,45" hai2="46,125,26,85,41,22,135,4,14,63,16,52,43" hai3="130,50,93,96,108,100,127,28,109,70,38,42,17"/><U29/><E32/><V73/><F135/><W76/><G130/><T34/><D13/><U60/><E133/><V116/><F116/><W67/><G127/><T91/><D54/><U65/><E69/><V119/><F119/><W44/><G28/><T86/><D66/><U107/><E107/><V110/><F125/><W134/><G134/><T95/><D39/><U59/><E94/><V27/><F110/><N who="3" m="42603" /><G17/><T104/><D0/><U121/><E121/><V56/><F73/><W8/><G8/><T61/><D61/><U99/><E99/><V112/><F112/><W129/><G76/><N who="0" m="44039" /><D71/><U102/><E2/><V40/><F46/><N who="3" m="23895" /><G129/><T51/><D51/><U120/><E9/><V24/><REACH who="2" step="1"/><F85/><REACH who="2" ten="250,327,163,250" step="2"/><W1/><G44/><T78/><D128/><U123/><E47/><V15/><F15/><W88/><G1/><T33/><D124/><U53/><E45/><V55/><F55/><W58/><G67/><T81/><D33/><U6/><E53/><V62/><F62/><W57/><G70/><T11/><D34/><U20/><E68/><V98/><F98/><N who="3" m="57639" /><G50/><T36/><D86/><U77/><E48/><V92/><F92/><AGARI ba="0,1" hai="57,58,92,96,100" m="57639,23895,42603" machi="92" ten="30,2000,0" yaku="14,1,54,1" doraHai="105" who="3" fromWho="2" sc="250,0,327,0,163,-20,250,30" /><INIT seed="2,0,0,1,3,79" ten="250,327,143,280" oya="2" hai0="30,131,98,9,26,130,76,90,84,35,13,89,135" hai1="40,61,115,58,33,97,102,72,104,17,133,14,28" hai2="62,10,5,111,113,8,11,78,39,109,63,1,29" hai3="18,114,55,37,44,21,54,118,24,38,19,87,110"/><V83/><F39/><W99/><G110/><N who="2" m="41993" /><F113/><W94/><G118/><T32/><D135/><U51/><E115/><V53/><F29/><W116/><G116/><T3/><D3/><U100/><E133/><V125/><F125/><W6/><G6/><T70/><D70/><U47/><E102/><V93/><F93/><W23/><G114/><T57/><D32/><U127/><E127/><V112/><F112/><W101/><G87/><T43/><D43/><U120/><E120/><V48/><F1/><W129/><G129/><N who="0" m="49163" /><D98/><U95/><E104/><V16/><F5/><W124/><G124/><T46/><D46/><U67/><E33/><V86/><F16/><W126/><G126/><T107/><D107/><U25/><E72/><V36/><F36/><W103/><G103/><T27/><D27/><U2/><E2/><V73/><F73/><W0/><G0/><T31/><D31/><U132/><E132/><V91/><F78/><W45/><G38/><T15/><D15/><U22/><E14/><V66/><F66/><W121/><G121/><T49/><D9/><N who="2" m="2306" /><V59/><AGARI ba="0,0" hai="48,53,59,62,63,83,86,91" m="2306,41993" machi="59" ten="40,12000,1" yaku="4,1,14,1,10,1,52,1" doraHai="79" who="2" fromWho="2" sc="250,-40,327,-40,143,120,280,-40" /><INIT seed="2,1,0,5,1,78" ten="210,287,263,240" oya="2" hai0="18,101,2,119,83,106,100,88,115,31,57,109,114" hai1="90,4,70,54,93,40,22,84,121,61,96,47,36" hai2="19,34,111,117,1,110,128,64,120,124,55,67,97" hai3="15,38,32,28,69,81,9,45,7,99,56,127,6"/><V76/><F120/><W25/><G69/><T113/><D2/><U122/><E4/><V14/><F117/><W48/><G127/><T41/><D31/><U26/><E70/><V98/><F124/><W37/><G7/><T11/><D119/><U65/><E65/><N who="2" m="25163" /><F1/><W43/><G56/><T131/><D41/><U10/><E10/><V86/><F34/><W44/><G44/><T108/><D57/><N who="1" m="34999" /><E84/><V21/><F128/><W39/><G99/><N who="0" m="61727" /><D18/><AGARI ba="1,0" hai="18,22,26,36,40,47,90,93,96,121,122" m="34999" machi="18" ten="30,1000,0" yaku="25,1" doraHai="78" who="1" fromWho="0" sc="210,-13,287,13,263,0,240,0" /><INIT seed="3,0,0,1,4,98" ten="197,300,263,240" oya="3" hai0="79,67,61,56,105,12,108,11,85,34,96,83,86" hai1="71,121,70,47,8,35,42,135,72,92,130,59,18" hai2="132,99,111,101,123,38,95,65,26,118,25,2,122" hai3="80,6,120,32,24,64,116,75,134,13,53,124,60"/><W68/><G116/><T54/><D108/><U103/><E121/><N who="2" m="46091" /><F118/><W40/><G120/><T33/><D85/><U39/><E72/><V127/><F111/><W51/><G124/><T44/><D44/><U112/><E112/><V9/><F127/><W21/><G134/><T113/><D113/><U81/><E35/><V128/><F38/><W27/><G40/><T104/><D67/><U78/><E135/><V110/><F132/><W63/><G63/><T89/><D105/><U3/><E130/><V55/><F110/><W22/><G32/><T0/><D0/><U94/><E59/><V90/><F65/><W48/><G6/><T69/><D69/><U31/><E31/><V125/><F125/><W58/><G48/><T29/><D29/><U17/><E17/><V7/><F128/><W93/><G93/><T4/><REACH who="0" step="1"/><D79/><REACH who="0" ten="187,300,263,240" step="2"/><U109/><E109/><V20/><F55/><W23/><G13/><T117/><D117/><U107/><E70/><V74/><F74/><W119/><G119/><T57/><D57/><U87/><E71/><V50/><F26/><W30/><G27/><T126/><D126/><U133/><E133/><V82/><F25/><W97/><G30/><T131/><D131/><U49/><E3/><V46/><F46/><W62/><G24/><T76/><D76/><U15/><E39/><V43/><F2/><W91/><G68/><T129/><D129/><U28/><E28/><V114/><F114/><W88/><G64/><T45/><D45/><U1/><E1/><V16/><F99/><W36/><G97/><T37/><D37/><U115/><E115/><RYUUKYOKU ba="0,1" sc="187,15,300,15,263,-15,240,-15" hai0="4,11,12,33,34,54,56,61,83,86,89,96,104" hai1="8,15,18,42,47,49,78,81,87,92,94,103,107" /><INIT seed="4,1,1,4,0,122" ten="202,315,248,225" oya="0" hai0="28,61,121,104,87,60,107,5,99,126,101,128,31" hai1="24,72,113,18,53,69,10,62,29,16,56,6,82" hai2="43,100,17,78,66,95,14,44,73,9,32,80,103" hai3="131,96,67,83,27,19,23,110,55,71,59,108,54"/><T129/><D121/><U38/><E38/><V81/><F32/><W3/><G3/><T120/><D120/><U64/><E113/><V102/><F81/><W88/><G131/><N who="0" m="50251" /><D126/><U8/><E72/><V51/><REACH who="2" step="1"/><F66/><REACH who="2" ten="202,315,238,225" step="2"/><W93/><G67/><T89/><D107/><U0/><E82/><V124/><F124/><W92/><G83/><N who="0" m="49407" /><D5/><U39/><E64/><V86/><F86/><W123/><G123/><T135/><D135/><U48/><E6/><V132/><F132/><W26/><G71/><T84/><D84/><U15/><E69/><V119/><F119/><W52/><G59/><T85/><D85/><U50/><E56/><V134/><F134/><W37/><G93/><AGARI ba="1,2" hai="9,14,17,43,44,51,73,78,80,93,95,100,102,103" machi="93" ten="40,1300,0" yaku="1,1,53,0" doraHai="122" doraHaiUra="58" who="2" fromWho="3" sc="202,0,315,0,238,36,225,-16" /><INIT seed="5,0,0,4,0,104" ten="202,315,274,209" oya="1" hai0="39,126,81,131,103,75,85,119,120,76,21,3,52" hai1="92,16,25,18,108,63,2,8,31,109,95,36,83" hai2="70,43,26,112,88,100,66,48,15,9,32,115,121" hai3="123,42,124,14,74,72,78,49,110,86,5,29,19"/><U60/><E36/><V34/><F121/><W41/><G110/><N who="1" m="42602" /><E83/><V133/><F100/><W93/><G123/><T20/><D3/><U55/><E2/><V73/><F133/><W59/><G124/><T7/><D39/><U98/><E8/><V45/><F70/><W89/><G29/><T46/><D120/><U129/><E129/><V27/><F66/><W107/><G107/><T79/><D119/><U33/><E95/><V128/><F128/><W51/><G5/><T6/><D103/><N who="1" m="60871" /><E55/><V68/><F68/><W38/><G38/><T35/><D81/><U135/><E135/><V13/><F15/><W69/><G69/><T127/><D52/><U61/><AGARI ba="0,0" hai="16,18,25,31,33,60,61,63" m="60871,42602" machi="61" ten="30,3000,0" yaku="10,1,54,1" doraHai="104" who="1" fromWho="1" sc="202,-10,315,30,274,-10,209,-10" /><INIT seed="5,1,0,1,4,132" ten="192,345,264,199" oya="1" hai0="37,76,57,93,124,56,50,83,87,8,70,62,14" hai1="61,129,31,120,1,29,98,133,82,6,123,38,30" hai2="131,23,49,47,42,125,28,89,75,95,134,99,72" hai3="105,86,9,45,3,66,71,48,2,41,101,11,104"/><U78/><E38/><V90/><F134/><W34/><G34/><T25/><D37/><U77/><E133/><V59/><F131/><W74/><G74/><T33/><D33/><U19/><E98/><V20/><F59/><W15/><G86/><T73/><D25/><U13/><E61/><V110/><F110/><W122/><G122/><T64/><D124/><U65/><E65/><V80/><F125/><W103/><G66/><T40/><D93/><U46/><E46/><V51/><F51/><W108/><G108/><T84/><D84/><U16/><E78/><V85/><F28/><W32/><G32/><T24/><D24/><U113/><E129/><V22/><AGARI ba="1,0" hai="20,22,23,42,47,49,72,75,80,85,89,90,95,99" machi="22" ten="30,1100,0" yaku="0,1" doraHai="132" who="2" fromWho="2" sc="192,-4,345,-6,264,14,199,-4" /><INIT seed="6,0,0,1,0,87" ten="188,339,278,195" oya="2" hai0="130,1,78,3,53,100,39,72,112,79,18,61,16" hai1="133,51,75,25,38,21,50,41,60,14,8,4,108" hai2="55,58,43,76,117,34,45,102,23,42,15,104,2" hai3="110,122,9,32,127,85,30,114,49,113,98,28,134"/><V26/><F2/><W56/><G122/><T91/><D39/><U92/><E108/><V84/><F117/><W19/><G110/><T11/><D72/><U115/><E75/><V31/><F104/><W13/><G134/><T67/><D100/><U125/><E133/><V29/><F102/><W109/><G109/><T116/><D116/><U33/><E115/><N who="3" m="44042" /><G127/><T95/><D112/><U120/><E38/><V131/><F131/><W70/><G70/><T123/><D123/><U128/><E41/><V24/><F15/><W6/><G32/><T10/><D67/><U99/><E128/><V111/><F111/><W57/><G98/><N who="0" m="57727" /><D1/><U36/><E36/><V71/><F45/><W126/><G126/><T135/><D3/><U81/><E33/><V82/><F71/><W62/><G49/><AGARI ba="0,0" hai="23,24,26,29,31,34,42,43,49,55,58,76,82,84" machi="49" ten="30,1500,0" yaku="7,1" doraHai="87" who="2" fromWho="3" sc="188,0,339,0,278,15,195,-15" /><INIT seed="6,1,0,1,5,82" ten="188,339,293,180" oya="2" hai0="131,38,81,109,17,97,63,8,107,49,2,14,117" hai1="71,1,52,98,88,84,74,55,103,5,58,13,37" hai2="59,66,16,125,119,31,129,111,44,77,75,40,67" hai3="45,15,65,54,76,33,68,123,78,104,56,93,36"/><V64/><F119/><W39/><G104/><T6/><D109/><U46/><E1/><V122/><F122/><W100/><G33/><T70/><D38/><U73/><E71/><V35/><F111/><W7/><G123/><T94/><D107/><U121/><E121/><V96/><F129/><W11/><G68/><T95/><D131/><U116/><E116/><V106/><F59/><W132/><G65/><T20/><D117/><U126/><E126/><V134/><F134/><W60/><G132/><T83/><D95/><N who="1" m="58847" /><E73/><V127/><F35/><W118/><G118/><T51/><D63/><U34/><E74/><V110/><F31/><W3/><G3/><T24/><D2/><U91/><E34/><V0/><F0/><W62/><G62/><T124/><D124/><N who="2" m="47690" /><F67/><W4/><G4/><T128/><D128/><U53/><E37/><V108/><F108/><W9/><G39/><T86/><D81/><N who="1" m="49167" /><E46/><V99/><F44/><W115/><G36/><T29/><D70/><U90/><E58/><V89/><F66/><W22/><G45/><T32/><D32/><U72/><E72/><V50/><F64/><W87/><G100/><N who="0" m="60471" /><D29/><U12/><E5/><V19/><F75/><W21/><G7/><T47/><D47/><U69/><E69/><V26/><F110/><W23/><G56/><T43/><D43/><U114/><E114/><V28/><F40/><W133/><G133/><T80/><D80/><U102/><E102/><V48/><F106/><W30/><G30/><T92/><D92/><U105/><E105/><V25/><F28/><W41/><G93/><T130/><D130/><RYUUKYOKU ba="1,0" sc="188,15,339,15,293,-15,180,-15" hai0="6,8,14,17,20,24,49,51,83,86" hai1="12,13,52,53,55,90,91" /><INIT seed="7,2,0,3,0,97" ten="203,354,278,165" oya="3" hai0="36,86,78,76,43,125,37,28,17,106,12,46,57" hai1="73,71,96,40,47,8,111,100,87,85,41,1,39" hai2="113,124,20,134,95,2,67,84,25,118,127,53,93" hai3="18,114,83,80,16,116,68,115,44,92,49,24,69"/><W9/><G116/><T45/><D125/><N who="2" m="48202" /><F118/><W56/><G56/><T79/><D106/><U133/><E111/><V81/><F2/><W128/><G128/><T42/><D28/><U66/><E41/><V64/><F134/><W10/><G92/><N who="2" m="35401" /><F53/><W110/><G110/><T88/><D57/><U130/><E73/><V109/><F113/><W120/><G120/><T62/><D62/><U122/><E122/><V121/><F109/><W7/><G7/><T82/><D76/><U98/><E8/><AGARI ba="2,0" hai="8,12,17,36,37,42,43,45,46,78,79,82,86,88" machi="8" ten="30,3900,0" yaku="7,1,9,1,54,1" doraHai="97" who="0" fromWho="1" sc="203,45,354,-45,278,0,165,0" owari="248,-15.0,309,40.0,278,8.0,165,-33.0" /></mjloggm>