<mjloggm ver="2.3"><GO type="185" lobby="0"/><UN n0="%E3%81%82%E3%81%9F%E3%82%89%E3%81%AA%E3%81%84%E3%81%A7%EF%BC%81" n1="%E5%A4%9A%E6%9E%97%E6%99%8B" n2="%E8%8A%B1%E9%AD%81" n3="" dan="17,16,17,0" rate="2182.09,2199.10,2337.38,1500.00" sx="M,M,F,C"/><TAIKYOKU oya="0"/><INIT seed="0,0,0,5,5,45" ten="350,350,350,0" oya="0" hai0="95,89,120,101,33,34,123,61,3,133,132,47,87" hai1="92,98,96,44,1,109,57,36,128,69,77,110,74" hai2="100,84,48,134,43,37,111,40,54,46,93,88,121" hai3=""/><T118/><N who="0" m="30752" /><T56/><N who="0" m="31520" /><T0/><D118/><U60/><E1/><N who="0" m="585" /><D47/><U73/><E69/><V55/><N who="2" m="31008" /><V32/><F32/><T2/><D101/><U41/><E98/><V62/><F111/><N who="1" m="42505" /><E77/><V115/><F134/><N who="0" m="51818" /><D2/><U113/><E113/><V117/><F115/><T39/><D39/><U38/><E36/><V129/><F117/><T59/><D59/><U105/><E105/><V103/><F37/><T50/><D50/><U97/><E38/><V108/><F108/><T64/><AGARI ba="0,0" hai="33,34,56,61,64,87,89,95" m="51818,585,31520,30752" machi="64" ten="30,4000,0" yaku="20,1,52,2" doraHai="45" who="0" fromWho="0" sc="350,40,350,-20,350,-20,0,0" /><INIT seed="0,1,0,5,4,37" ten="390,330,330,0" oya="0" hai0="87,65,43,77,69,116,41,34,42,1,35,133,100" hai1="71,121,99,51,117,97,56,111,134,52,78,98,58" hai2="123,107,135,36,104,88,92,105,67,40,64,46,90" hai3=""/><T66/><D116/><U45/><N who="1" m="31008" /><U126/><E117/><V112/><N who="2" m="31520" /><V94/><F112/><T89/><D1/><U63/><E111/><V91/><REACH who="2" step="1"/><F135/><REACH who="2" ten="390,330,320,0" step="2"/><T106/><D133/><U60/><E134/><V108/><F108/><T81/><D69/><U95/><E71/><V127/><F127/><T84/><D34/><U62/><E126/><V38/><F38/><T74/><D35/><U109/><E109/><V82/><F82/><T72/><D72/><U86/><E95/><AGARI ba="1,1" hai="36,40,46,64,67,88,90,91,92,94,95,104,105,107" m="31520" machi="95" ten="50,12000,2" yaku="1,1,52,2,54,1,53,3" doraHai="37" doraHaiUra="102" who="2" fromWho="1" sc="390,0,330,-122,320,132,0,0" /><INIT seed="1,0,0,0,4,107" ten="390,208,452,0" oya="1" hai0="57,115,126,104,135,46,60,112,53,130,110,93,58" hai1="75,0,85,123,100,101,82,59,68,128,131,41,111" hai2="113,117,52,65,72,121,61,127,43,98,55,125,99" hai3=""/><U56/><N who="1" m="31520" /><U40/><E0/><V79/><N who="2" m="31008" /><V1/><F117/><T71/><D104/><U49/><E68/><V51/><F1/><T118/><D118/><U62/><E111/><V92/><F113/><T106/><D106/><U50/><E85/><V114/><F114/><T129/><D93/><U103/><E82/><V54/><F43/><N who="1" m="16457" /><E75/><V120/><N who="2" m="30752" /><V48/><F79/><T36/><D71/><U105/><E105/><V94/><F72/><T119/><D119/><U67/><E56/><V63/><F55/><T87/><D53/><U76/><E76/><V38/><F38/><T39/><D110/><U45/><E45/><V95/><REACH who="2" step="1"/><F92/><REACH who="2" ten="390,208,442,0" step="2"/><T89/><D112/><U3/><E3/><V91/><F91/><T77/><D89/><U47/><E47/><V64/><AGARI ba="0,1" hai="48,51,52,54,61,63,64,65,94,95,98,99,125,127" m="30752,31008" machi="64" ten="25,9000,2" yaku="1,1,0,1,22,2,52,2,54,1,53,0" doraHai="107" doraHaiUra="33" who="2" fromWho="2" sc="390,-30,208,-60,442,100,0,0" /><INIT seed="2,0,0,0,3,112" ten="360,148,542,0" oya="2" hai0="44,62,52,90,75,40,106,81,101,60,103,130,105" hai1="127,50,71,134,64,110,84,36,38,132,78,123,42" hai2="51,89,133,129,58,46,98,94,67,118,0,57,80" hai3=""/><V77/><F0/><T126/><D130/><U122/><N who="1" m="31264" /><U53/><N who="1" m="31520" /><U117/><E127/><V83/><F129/><T95/><D126/><U99/><E110/><V34/><F34/><T70/><D60/><U65/><E99/><V73/><F133/><N who="1" m="51305" /><E84/><V69/><F80/><T74/><D106/><U86/><E86/><V124/><F124/><T66/><D52/><U115/><E78/><V100/><F100/><T97/><D81/><U102/><E102/><V72/><F72/><T32/><D32/><U120/><N who="1" m="30752" /><U56/><E115/><V54/><F77/><T82/><D82/><U47/><E117/><V125/><F125/><T55/><D55/><U35/><E35/><V63/><F118/><T45/><D103/><U113/><E113/><V92/><F92/><T49/><D45/><U1/><E1/><V37/><F73/><T2/><D2/><U79/><E79/><V119/><F119/><T91/><D90/><U43/><E71/><V104/><F83/><T135/><D135/><U39/><E42/><V114/><F114/><T128/><D128/><U131/><E131/><V68/><F104/><T108/><D108/><U88/><E88/><V107/><F107/><T3/><D3/><U85/><E47/><RYUUKYOKU ba="0,0" sc="360,10,148,-20,542,10,0,0" hai0="40,44,49,62,66,70,74,75,91,95,97,101,105" hai2="37,46,51,54,57,58,63,67,68,69,89,94,98" /><INIT seed="2,1,0,4,0,39" ten="370,128,552,0" oya="2" hai0="66,131,88,86,103,61,97,130,52,54,46,112,34" hai1="94,106,51,35,71,125,63,1,78,79,101,132,87" hai2="72,75,91,118,107,2,128,134,68,42,38,89,57" hai3=""/><V115/><RYUUKYOKU type="yao9" ba="1,0" sc="370,0,128,0,552,0,0,0" hai2="2,38,42,57,68,72,75,89,91,107,115,118,128,134" /><INIT seed="2,2,0,4,5,76" ten="370,128,552,0" oya="2" hai0="133,33,34,49,63,111,88,79,130,128,2,52,64" hai1="56,80,132,1,98,116,85,69,50,67,110,102,57" hai2="123,46,36,105,75,38,94,45,84,59,121,104,0" hai3=""/><V135/><N who="2" m="31008" /><V114/><N who="2" m="31520" /><V127/><F114/><T119/><D119/><U125/><E1/><V103/><F0/><T118/><D118/><U72/><E116/><V107/><F75/><T82/><D2/><U86/><E72/><V78/><F127/><T97/><D133/><U42/><E125/><V109/><F135/><T131/><D111/><U83/><E132/><V74/><F109/><T47/><D97/><U92/><E110/><V43/><F59/><T129/><N who="0" m="32768" /><DORA hai="106" /><T122/><N who="0" m="31264" /><T65/><D88/><U113/><E113/><V91/><F103/><T32/><REACH who="0" step="1"/><D63/><REACH who="0" ten="360,128,552,0" step="2"/><U35/><E35/><V134/><F134/><T124/><D124/><U89/><E42/><V3/><F3/><T62/><D62/><U51/><E50/><V87/><F43/><T117/><D117/><U37/><E51/><V68/><F91/><T126/><D126/><U101/><E37/><V96/><F96/><T39/><D39/><U60/><REACH who="1" step="1"/><E102/><REACH who="1" ten="360,118,552,0" step="2"/><V48/><F48/><T115/><D115/><U95/><E95/><V61/><F94/><T55/><D55/><U54/><E54/><V70/><F36/><T40/><D40/><U66/><E66/><V81/><F38/><T100/><D100/><U71/><E71/><RYUUKYOKU ba="2,2" sc="360,10,118,10,552,-20,0,0" hai0="32,33,34,47,49,52,64,65,79,82" hai1="56,57,60,67,69,80,83,85,86,89,92,98,101" /><INIT seed="4,3,2,2,3,43" ten="370,128,532,0" oya="0" hai0="36,56,85,111,61,78,60,119,42,106,51,34,131" hai1="76,45,127,37,32,81,126,66,47,115,92,82,1" hai2="33,54,44,112,99,86,91,98,69,63,102,0,133" hai3=""/><T52/><D34/><U130/><E32/><V113/><F33/><T83/><D119/><U67/><E1/><V53/><F0/><T77/><D131/><U110/><E110/><V88/><F133/><T40/><D106/><U62/><E130/><V48/><F98/><T84/><D111/><U94/><E115/><N who="2" m="44107" /><F86/><T124/><D124/><N who="1" m="47659" /><E37/><V107/><F53/><T118/><D118/><U125/><N who="1" m="47667" /><U121/><N who="1" m="31008" /><DORA hai="114" /><U101/><E66/><AGARI ba="3,2" hai="44,48,54,63,66,69,88,91,99,102,107" m="44107" machi="66" ten="30,3900,0" yaku="15,1,52,1,54,1" doraHai="43,114" who="2" fromWho="1" sc="370,0,128,-45,532,65,0,0" /><INIT seed="5,0,0,3,0,76" ten="370,83,597,0" oya="1" hai0="111,107,36,51,124,108,37,53,59,39,35,105,54" hai1="1,74,84,67,115,79,102,91,71,38,104,49,110" hai2="56,126,62,77,114,33,112,123,101,97,98,106,40" hai3=""/><U128/><E1/><V0/><N who="2" m="31520" /><V50/><F33/><T133/><D35/><U60/><E38/><V66/><F126/><T2/><D2/><U52/><E110/><V135/><F135/><T121/><N who="0" m="31008" /><T72/><D72/><U83/><E128/><V32/><F32/><T45/><D105/><U41/><E41/><V109/><F109/><T42/><D107/><U57/><E115/><N who="2" m="44075" /><F97/><T103/><D103/><U130/><E104/><V90/><F90/><T46/><D111/><U86/><E102/><V78/><F0/><T65/><D108/><U61/><E130/><V131/><F131/><T43/><D133/><U80/><REACH who="1" step="1"/><E60/><REACH who="1" ten="370,73,597,0" step="2"/><V70/><F40/><T81/><D124/><U64/><E64/><V119/><F119/><T69/><D37/><U63/><E63/><V44/><F44/><T117/><D117/><U100/><E100/><V87/><F50/><T127/><D127/><U68/><E68/><V116/><F116/><T75/><D69/><U134/><E134/><V96/><F70/><T92/><D51/><U125/><E125/><V73/><F106/><T118/><D118/><U3/><E3/><V132/><F132/><T85/><D65/><U88/><E88/><V82/><F101/><T113/><D113/><RYUUKYOKU ba="0,1" sc="370,-20,73,10,597,10,0,0" hai1="49,52,57,61,67,71,74,79,80,83,84,86,91" hai2="56,62,66,73,77,78,82,87,96,98" /><INIT seed="5,1,1,0,3,100" ten="350,83,607,0" oya="1" hai0="114,37,44,3,128,106,62,132,129,105,133,46,119" hai1="79,89,70,63,49,73,82,58,55,120,60,43,74" hai2="42,77,80,71,48,110,135,102,93,113,95,131,87" hai3=""/><U39/><N who="1" m="30752" /><U103/><E74/><V130/><F110/><T126/><D3/><U116/><E116/><V51/><F135/><T98/><D37/><U38/><E103/><V78/><F71/><T65/><D119/><U76/><E79/><V50/><F113/><T125/><D98/><U66/><REACH who="1" step="1"/><E89/><REACH who="1" ten="350,73,607,0" step="2"/><V88/><F102/><T97/><D114/><U40/><E40/><V1/><F42/><T72/><D72/><U101/><E101/><V67/><F78/><T123/><N who="0" m="31520" /><T108/><D108/><U45/><AGARI ba="1,2" hai="38,39,43,45,49,55,58,60,63,66,70,73,76,82" m="30752" machi="45" ten="30,4000,0" yaku="1,1,0,1,52,1,53,0" doraHai="100" doraHaiUra="115" who="1" fromWho="1" sc="350,-21,73,62,607,-21,0,0" /><INIT seed="5,2,0,5,5,76" ten="329,135,586,0" oya="1" hai0="55,47,113,92,121,111,38,75,134,118,112,36,105" hai1="62,81,48,3,101,35,50,34,91,61,135,44,33" hai2="93,96,52,68,132,103,37,110,79,39,130,56,72" hai3=""/><U94/><E3/><V99/><F110/><T46/><D105/><U133/><E101/><V53/><F130/><T129/><D75/><U77/><E61/><V71/><F132/><N who="1" m="50761" /><E62/><V89/><F68/><T78/><D78/><U80/><E77/><V1/><F71/><T120/><D134/><U108/><E108/><V106/><F1/><T43/><D92/><U40/><E48/><V123/><N who="2" m="31520" /><V58/><F72/><T116/><D129/><U88/><E91/><V65/><F65/><T57/><D111/><U104/><E104/><V82/><F79/><T87/><D87/><AGARI ba="2,0" hai="33,34,35,40,44,50,80,81,87,88,94" m="50761" machi="87" ten="40,12000,1" yaku="20,1,52,2,54,1" doraHai="76" who="1" fromWho="0" sc="329,-124,135,124,586,0,0,0" /><INIT seed="5,3,0,5,4,53" ten="205,259,586,0" oya="1" hai0="67,85,49,91,50,33,62,104,133,92,112,44,41" hai1="43,68,0,103,56,99,102,55,100,58,128,124,131" hai2="134,123,76,46,130,97,45,84,66,121,57,94,93" hai3=""/><U98/><E0/><V77/><N who="2" m="31008" /><V42/><N who="2" m="31520" /><V116/><F116/><T106/><D33/><U132/><E68/><V117/><F117/><T129/><D112/><U75/><E75/><V32/><F32/><T109/><D109/><U3/><E3/><V135/><F130/><N who="1" m="49705" /><E132/><N who="2" m="50731" /><F84/><T63/><D133/><U79/><E79/><N who="2" m="30283" /><F42/><T87/><D129/><U88/><E124/><V51/><F93/><T96/><D85/><U111/><E111/><V60/><F51/><T107/><D50/><U2/><E43/><V59/><F57/><N who="1" m="22121" /><E2/><V90/><AGARI ba="3,0" hai="45,46,59,60,66,90,94,97" m="30283,50731,31520,31008" machi="90" ten="30,5900,0" yaku="20,1,52,3" doraHai="53" who="2" fromWho="2" sc="205,-23,259,-42,586,65,0,0" /><INIT seed="6,0,0,1,3,120" ten="182,217,651,0" oya="2" hai0="69,1,84,88,101,59,64,55,54,85,35,105,119" hai1="113,48,96,94,61,65,99,46,78,70,66,0,40" hai2="49,106,116,121,103,77,45,95,131,39,115,118,72" hai3=""/><V108/><N who="2" m="31008" /><V56/><F115/><T91/><D119/><U117/><E113/><V98/><F131/><T63/><D1/><U107/><E117/><V81/><F108/><T126/><D35/><U133/><E133/><V71/><F71/><T134/><D134/><U100/><E65/><V104/><F39/><T80/><D126/><U73/><E0/><V132/><F132/><T90/><D69/><U114/><E114/><V37/><F37/><T93/><D105/><U74/><E78/><V57/><F116/><T76/><REACH who="0" step="1"/><D85/><REACH who="0" ten="172,217,651,0" step="2"/><U102/><AGARI ba="0,1" hai="40,46,48,61,66,70,73,74,94,96,99,100,102,107" machi="102" ten="20,1100,0" yaku="0,1,7,1" doraHai="120" who="1" fromWho="1" sc="172,-4,217,21,651,-7,0,0" owari="168,-43.0,238,-16.0,644,59.0,0,0.0" /></mjloggm>