<mjloggm ver="2.3"><GO type="169" lobby="0"/><UN n0="%E2%80%A0%E7%99%BD%E5%85%8E%E2%80%A0" n1="%E7%A7%8B%E6%9C%88%36%31" n2="%7A%65%6C%64%65%6E" n3="%E5%AE%89%E9%81%94%E3%81%95%E3%81%8F%E3%82%89" dan="16,17,16,17" rate="2139.67,2122.56,2139.68,2190.99" sx="M,M,M,M"/><TAIKYOKU oya="0"/><INIT seed="0,0,0,5,1,121" ten="250,250,250,250" oya="0" hai0="107,1,40,37,112,36,17,71,59,33,27,135,100" hai1="61,95,31,46,89,10,97,127,125,126,72,49,56" hai2="26,5,90,38,130,25,92,108,42,43,11,32,110" hai3="52,128,60,6,51,86,83,21,39,68,69,16,94"/><T124/><D59/><U85/><E72/><V80/><F80/><W102/><G39/><T116/><D17/><U84/><E31/><V82/><F82/><W48/><G128/><T123/><D27/><N who="2" m="10250" /><F38/><W20/><G6/><T58/><D58/><U73/><E73/><V24/><N who="2" m="10258" /><V53/><DORA hai="45" /><F53/><W70/><G60/><T28/><D100/><U35/><E35/><V7/><F32/><W75/><G75/><T0/><D40/><N who="2" m="15402" /><F11/><W93/><G51/><T4/><D28/><U99/><E10/><V79/><F79/><W65/><G65/><T2/><D37/><U81/><E61/><V8/><F8/><W122/><G122/><T91/><D2/><U15/><E56/><V74/><F74/><W132/><G132/><T62/><D62/><U41/><REACH who="1" step="1"/><E15/><REACH who="1" ten="250,240,250,250" step="2"/><V111/><F130/><W44/><G21/><T113/><D33/><U87/><E87/><AGARI ba="0,1" hai="5,7,87,90,92,108,110,111" m="15402,10258" machi="87" ten="40,8000,1" yaku="14,1,52,3" doraHai="121,45" who="2" fromWho="1" sc="250,0,240,-80,250,90,250,0" /><INIT seed="1,0,0,0,3,66" ten="250,160,340,250" oya="1" hai0="4,107,85,11,90,69,110,118,21,33,119,68,6" hai1="13,129,63,61,2,111,100,57,67,112,96,3,134" hai2="45,26,37,127,30,49,15,132,126,25,113,38,70" hai3="31,20,89,60,64,62,131,35,47,36,133,29,86"/><U78/><E112/><V27/><F113/><W106/><G131/><T54/><D33/><U104/><E129/><V40/><F132/><W87/><G133/><T124/><D107/><U75/><E134/><V53/><F30/><W92/><G106/><T108/><D21/><U65/><E111/><N who="0" m="42537" /><D54/><U23/><E78/><V80/><F70/><N who="0" m="27242" /><D124/><U114/><E75/><V93/><F53/><W128/><G20/><T51/><D51/><U72/><E72/><V71/><F49/><W81/><G35/><T55/><D55/><U46/><E46/><V18/><F38/><W0/><G47/><T103/><D103/><U120/><E114/><V10/><F71/><W84/><G36/><T135/><D135/><U130/><E130/><V5/><F45/><W109/><G109/><T50/><D50/><U44/><E44/><V102/><F40/><W117/><G128/><T1/><D4/><U123/><E23/><V125/><F37/><W43/><G43/><T115/><D115/><U73/><E73/><V121/><F5/><W52/><G52/><T12/><D12/><U28/><E13/><V48/><F48/><W14/><G14/><T99/><D99/><U7/><E7/><V74/><F74/><W56/><G60/><T42/><D42/><U94/><E104/><V122/><F125/><W8/><G62/><T16/><D16/><U98/><E98/><N who="2" m="59727" /><F127/><W58/><G58/><T32/><D32/><U24/><E63/><V101/><F126/><W41/><G41/><T39/><D39/><U105/><E105/><V59/><F59/><W9/><G56/><T97/><D97/><RYUUKYOKU ba="0,0" sc="250,30,160,-10,340,-10,250,-10" hai0="1,6,11,85,90,118,119" /><INIT seed="2,1,0,5,1,124" ten="280,150,330,240" oya="2" hai0="77,116,93,75,46,58,123,110,96,0,2,108,135" hai1="82,76,13,131,98,23,20,69,80,95,31,91,85" hai2="40,18,115,81,26,51,66,83,5,29,19,44,33" hai3="73,30,67,111,121,126,6,47,21,57,28,68,90"/><V12/><F115/><W109/><G121/><T65/><D123/><U37/><E37/><V24/><F66/><W39/><G126/><T122/><D122/><U89/><E69/><V92/><F5/><W1/><G68/><T11/><D135/><U22/><E131/><V56/><F56/><W117/><G117/><T84/><D75/><U101/><E82/><V43/><F43/><W48/><G73/><T15/><D46/><U49/><E31/><V25/><F29/><W41/><G30/><T88/><D116/><U16/><REACH who="1" step="1"/><E49/><REACH who="1" ten="280,140,330,240" step="2"/><V99/><F33/><W63/><G48/><T70/><D70/><U72/><E72/><V17/><REACH who="2" step="1"/><F12/><REACH who="2" ten="280,140,320,240" step="2"/><W119/><G28/><T128/><D15/><U97/><E97/><V114/><F114/><W64/><G119/><T59/><D96/><U54/><E54/><V130/><F130/><W3/><G67/><T50/><D128/><U61/><E61/><V113/><F113/><W27/><G63/><T62/><D62/><U45/><E45/><V32/><F32/><W118/><G47/><T87/><D65/><U125/><E125/><V132/><F132/><W60/><G64/><T55/><D59/><U7/><E7/><V79/><F79/><W100/><G60/><T103/><D77/><U120/><E120/><V53/><F53/><W52/><G52/><T134/><D58/><U78/><E78/><V133/><F133/><W71/><G57/><T34/><D55/><U106/><E106/><V86/><F86/><W105/><G71/><T42/><D34/><U74/><E74/><V14/><F14/><W4/><G6/><RYUUKYOKU ba="1,2" sc="280,-15,140,15,320,15,240,-15" hai1="13,16,20,22,23,76,80,85,89,91,95,98,101" hai2="17,18,19,24,25,26,40,44,51,81,83,92,99" /><INIT seed="2,2,2,4,4,51" ten="265,155,335,225" oya="2" hai0="13,127,116,33,29,135,11,5,105,62,80,18,119" hai1="133,81,111,95,63,101,32,102,125,92,56,52,113" hai2="34,23,35,1,86,100,19,64,98,59,106,58,97" hai3="88,122,77,21,103,89,53,90,129,2,43,87,118"/><V40/><F1/><W123/><G118/><N who="0" m="45099" /><D105/><U91/><E113/><V128/><F128/><W15/><G2/><N who="0" m="439" /><D80/><U126/><E32/><V3/><F3/><W132/><G129/><T104/><D104/><U69/><E69/><V83/><F97/><W114/><G114/><T12/><D127/><N who="1" m="48651" /><E133/><V28/><F40/><W10/><G132/><T22/><D135/><U50/><E111/><V66/><F66/><W78/><G43/><T17/><D62/><U61/><E81/><V73/><F73/><W82/><G103/><N who="1" m="39434" /><E95/><V14/><F64/><W60/><G78/><T74/><D74/><U75/><E75/><V37/><F37/><W124/><G124/><T71/><D71/><U76/><E76/><V120/><F120/><W31/><G122/><T25/><D18/><U46/><E46/><V109/><F109/><W4/><G123/><T57/><D57/><U70/><E70/><V47/><F47/><W16/><G31/><T67/><D67/><U85/><AGARI ba="2,2" hai="50,52,56,61,63,85,91,92" m="39434,48651" machi="85" ten="30,4000,0" yaku="18,1,52,1,54,1" doraHai="51" who="1" fromWho="1" sc="265,-12,155,66,335,-22,225,-12" /><INIT seed="3,0,0,3,3,81" ten="253,221,313,213" oya="3" hai0="0,25,84,99,6,65,96,110,75,63,103,117,124" hai1="32,68,11,51,129,9,58,130,52,20,13,38,87" hai2="106,86,98,19,128,104,76,133,72,107,30,37,73" hai3="119,62,55,111,48,1,126,4,92,31,2,29,60"/><W82/><G119/><T74/><D117/><U100/><E32/><V39/><F30/><W66/><G126/><T120/><D110/><U112/><E112/><V91/><F19/><W5/><G111/><T85/><D120/><U47/><E68/><V102/><F37/><W131/><G131/><N who="1" m="50186" /><E100/><V105/><F39/><W44/><G1/><T116/><D116/><U45/><E20/><V24/><F24/><W132/><G132/><T21/><D124/><U54/><E38/><V57/><F57/><N who="3" m="37135" /><G2/><T97/><D103/><U121/><E121/><V123/><F128/><W80/><G92/><T114/><D114/><U79/><E54/><V113/><F113/><W83/><G62/><T56/><D6/><AGARI ba="0,0" hai="4,5,6,29,31,44,48,55,80,82,83" m="37135" machi="6" ten="30,1500,0" yaku="8,1" doraHai="81" who="3" fromWho="0" sc="253,-15,221,0,313,0,213,15" /><INIT seed="3,1,0,1,0,33" ten="238,221,313,228" oya="3" hai0="52,15,31,6,135,73,85,3,14,17,124,116,125" hai1="117,66,0,134,9,101,113,103,34,91,46,49,130" hai2="102,129,110,72,68,114,94,79,127,133,111,70,62" hai3="61,20,60,53,18,90,28,50,13,21,100,44,36"/><W87/><G36/><T57/><D73/><U37/><E34/><V109/><F114/><W25/><REACH who="3" step="1"/><G100/><REACH who="3" ten="238,221,313,218" step="2"/><T104/><D124/><U43/><E37/><V22/><F127/><W98/><G98/><T112/><D125/><U24/><E103/><V121/><F102/><W99/><G99/><T96/><D96/><U39/><E39/><V123/><F109/><W29/><G29/><T47/><D31/><U74/><E101/><V30/><F110/><W48/><G48/><T4/><D112/><U93/><E113/><V7/><F30/><W95/><AGARI ba="1,1" hai="13,18,20,21,25,28,44,50,53,60,61,87,90,95" machi="95" ten="20,7800,0" yaku="1,1,0,1,7,1,8,1,53,0" doraHai="33" doraHaiUra="69" who="3" fromWho="3" sc="238,-27,221,-27,313,-27,218,91" /><INIT seed="3,2,0,3,2,121" ten="211,194,286,309" oya="3" hai0="58,126,34,94,19,5,53,106,6,68,97,90,3" hai1="30,84,40,109,20,4,131,49,26,23,56,93,61" hai2="39,128,102,74,8,99,76,67,60,100,35,64,117" hai3="132,29,129,72,133,14,77,51,88,111,22,57,55"/><W119/><G119/><T69/><D126/><U130/><E4/><V12/><F117/><W108/><G129/><T81/><D106/><U79/><E131/><V45/><F128/><W28/><G77/><T122/><D122/><U46/><E130/><V50/><F35/><W118/><G72/><T101/><D34/><U33/><E109/><N who="3" m="42058" /><G118/><T62/><D69/><U96/><E84/><V127/><F39/><W52/><G88/><T89/><D89/><U98/><E98/><V87/><F87/><W112/><G112/><T71/><D90/><U42/><E42/><V11/><F99/><W113/><G113/><T36/><D97/><U80/><E80/><V65/><F76/><W1/><G1/><T78/><D3/><U32/><E79/><V21/><F74/><W0/><G0/><T92/><D81/><U70/><E70/><V124/><F124/><W13/><G55/><T103/><D53/><U105/><E105/><V116/><F116/><W91/><G91/><T115/><D78/><U18/><E96/><V86/><F86/><W134/><G22/><T66/><D115/><U7/><E93/><V63/><F100/><W25/><G29/><T15/><D94/><U27/><E7/><V135/><F102/><W44/><G44/><T10/><D92/><U24/><E24/><V54/><F45/><W123/><G123/><T82/><D103/><U17/><E30/><V43/><F127/><W95/><G95/><T73/><D101/><U83/><E83/><V9/><F54/><AGARI ba="2,0" hai="17,18,20,23,26,27,32,33,40,46,49,54,56,61" machi="54" ten="30,2000,0" yaku="7,1,9,1" doraHai="121" who="1" fromWho="2" sc="211,0,194,26,286,-26,309,0" /><INIT seed="4,0,0,5,3,32" ten="211,220,260,309" oya="0" hai0="85,6,121,26,98,74,56,89,21,39,30,31,40" hai1="60,17,132,119,77,93,0,117,53,8,2,1,86" hai2="7,61,4,47,69,131,103,27,92,80,101,94,72" hai3="48,133,41,19,33,54,68,46,109,134,16,43,130"/><T87/><D121/><U114/><E132/><N who="3" m="50794" /><G109/><T29/><D74/><U88/><E77/><V126/><F126/><W35/><G68/><T14/><D39/><U82/><E93/><V12/><F131/><W110/><G110/><T24/><D40/><N who="3" m="15433" /><G130/><T125/><D125/><U75/><E75/><V49/><F69/><W111/><G111/><T59/><D98/><U129/><E129/><V15/><F61/><W78/><G78/><T79/><D79/><U38/><E38/><V3/><F80/><W90/><G90/><T57/><D87/><U10/><E114/><V70/><F27/><W102/><G102/><T51/><D51/><U113/><E113/><V127/><F49/><W108/><G108/><T84/><D84/><U37/><E37/><V58/><F70/><W96/><G96/><T25/><D21/><U120/><E120/><V22/><F22/><W63/><G63/><T13/><REACH who="0" step="1"/><D6/><REACH who="0" ten="201,220,260,309" step="2"/><U104/><E104/><V124/><F72/><W115/><G115/><T116/><D116/><U9/><E119/><V71/><F7/><W135/><G135/><T91/><D91/><U62/><E117/><V18/><F4/><W122/><G122/><T67/><D67/><U112/><E112/><V95/><F124/><W99/><G99/><T20/><D20/><U36/><E36/><V42/><F127/><W118/><G118/><T34/><D34/><AGARI ba="0,1" hai="16,19,33,34,35,46,48,54" m="15433,50794" machi="34" ten="30,2000,0" yaku="20,1,54,1" doraHai="32" who="3" fromWho="0" sc="201,-20,220,0,260,0,309,30" /><INIT seed="5,0,0,3,0,64" ten="181,220,260,339" oya="1" hai0="94,40,63,1,107,58,114,89,61,111,85,20,100" hai1="14,112,73,15,88,80,81,48,51,133,55,9,6" hai2="3,96,117,47,69,22,95,113,103,39,82,17,105" hai3="98,76,116,75,53,30,43,16,92,129,38,60,122"/><U0/><E112/><V27/><F117/><W42/><G122/><T106/><D111/><U97/><E133/><V83/><F113/><W56/><G116/><T7/><D114/><U41/><E41/><V123/><F123/><W46/><G129/><T110/><D110/><U52/><E73/><V78/><F3/><W104/><G104/><T128/><D128/><U5/><E0/><V18/><F69/><W34/><G43/><T115/><D115/><U57/><E97/><V44/><F105/><W121/><G121/><T25/><D63/><U120/><E120/><V90/><F39/><W49/><G30/><T19/><D100/><U131/><E131/><V65/><F65/><W132/><G34/><T126/><D126/><U130/><E130/><V26/><F90/><W124/><G124/><T32/><D32/><U118/><E118/><V11/><F83/><W21/><G132/><T4/><D40/><U72/><E72/><V109/><F109/><W33/><G33/><T59/><D59/><U71/><E71/><V74/><F11/><W62/><G76/><T37/><D37/><U10/><E88/><V8/><F8/><W84/><G84/><T13/><D1/><U23/><E23/><AGARI ba="0,0" hai="17,18,22,23,26,27,44,47,74,78,82,95,96,103" machi="23" ten="40,1300,0" yaku="9,1" doraHai="64" who="2" fromWho="1" sc="181,0,220,-13,260,13,339,0" /><INIT seed="6,0,0,2,0,1" ten="181,207,273,339" oya="2" hai0="96,23,52,117,90,91,101,53,113,115,18,32,120" hai1="5,63,97,73,121,88,40,74,12,21,11,69,123" hai2="29,15,105,38,24,126,71,89,82,31,42,77,116" hai3="127,37,95,109,34,119,25,103,130,50,70,118,14"/><V93/><F105/><W111/><G37/><T92/><D32/><U108/><E108/><V33/><F116/><W122/><G70/><T78/><D120/><N who="1" m="46155" /><E40/><V60/><F29/><W64/><G64/><T85/><D78/><U114/><E114/><N who="0" m="43529" /><D117/><U17/><E69/><V124/><F71/><W131/><G34/><T61/><D61/><U9/><E63/><V58/><F42/><W47/><G122/><T22/><D91/><U67/><E67/><V4/><F38/><W98/><G111/><T19/><D23/><U26/><E11/><V106/><F60/><W44/><G109/><T6/><D6/><U27/><E27/><V80/><F4/><W79/><G25/><N who="0" m="14551" /><D19/><U83/><E83/><AGARI ba="0,0" hai="52,53,83,85,90,92,96,101" m="14551,43529" machi="83" ten="30,2000,0" yaku="15,1,54,1" doraHai="1" who="0" fromWho="1" sc="181,20,207,-20,273,0,339,0" /><INIT seed="7,0,0,2,4,125" ten="201,187,273,339" oya="3" hai0="56,111,49,127,55,52,38,44,39,42,50,30,87" hai1="134,47,43,10,45,3,72,51,48,80,22,23,36" hai2="113,123,19,20,68,35,94,98,104,124,84,33,76" hai3="121,86,5,21,11,18,8,28,119,17,62,105,4"/><W132/><G121/><T66/><D30/><U120/><E120/><V108/><F68/><W61/><G105/><T83/><D127/><U78/><E134/><V88/><F108/><W75/><G75/><T91/><D111/><U46/><E46/><V93/><F104/><W63/><G119/><T106/><D106/><U89/><E89/><V13/><F113/><W0/><G132/><T81/><D66/><U25/><E25/><V117/><F117/><W122/><G122/><T135/><D135/><U126/><E51/><V26/><F124/><W7/><G86/><T40/><REACH who="0" step="1"/><D83/><REACH who="0" ten="191,187,273,339" step="2"/><U31/><E31/><V112/><F123/><W15/><G28/><T73/><D73/><U82/><E80/><V92/><F35/><W16/><G0/><T133/><D133/><U118/><E118/><V34/><F34/><W131/><G131/><T128/><D128/><U100/><E126/><V24/><F33/><W27/><G27/><T53/><D53/><N who="1" m="29839" /><E100/><V97/><F24/><W109/><G109/><T79/><D79/><U2/><E2/><V65/><F26/><W77/><G77/><T129/><D129/><U102/><E102/><V12/><F76/><W69/><G69/><T110/><D110/><U95/><E95/><V29/><F93/><W57/><G15/><T115/><D115/><U103/><E103/><V71/><F112/><W101/><G101/><T96/><D96/><U54/><E54/><V130/><F130/><W59/><G21/><T107/><D107/><U6/><AGARI ba="0,1" hai="3,6,10,22,23,36,43,47,72,78,82" m="29839" machi="6" ten="30,1100,0" yaku="25,1" doraHai="125" who="1" fromWho="1" sc="191,-3,187,21,273,-3,339,-5" owari="188,-31.0,208,-19.0,270,7.0,334,43.0" /></mjloggm>