<mjloggm ver="2.3"><GO type="169" lobby="0"/><UN n0="%E3%83%8E%E3%82%AA%E3%83%81%E3%83%A3%E3%83%99%E3%82%B9" n1="%E9%95%B7%E5%B2%A1" n2="%E8%8B%A5%E5%AE%AE%E6%98%8E%E6%97%A5%E9%A6%99" n3="%E7%99%BD%E9%B9%BF%E6%84%9B%E8%8E%89" dan="16,17,17,18" rate="2097.90,2195.81,2202.86,2217.45" sx="M,M,F,F"/><TAIKYOKU oya="0"/><INIT seed="0,0,0,3,1,56" ten="250,250,250,250" oya="0" hai0="53,8,59,50,83,78,47,44,119,130,73,71,63" hai1="93,94,80,86,97,22,17,104,118,127,24,2,18" hai2="125,0,110,45,135,12,34,6,36,31,15,117,29" hai3="4,55,123,60,108,66,89,25,109,67,91,122,7"/><T107/><D119/><U64/><E118/><V19/><F117/><W35/><G55/><T42/><D130/><U133/><E127/><V79/><F125/><W84/><G25/><T116/><D116/><U100/><E133/><V129/><F135/><W40/><G40/><T21/><D107/><U131/><E131/><V82/><F129/><W48/><G48/><T106/><D106/><U90/><E2/><V76/><F110/><N who="3" m="42603" /><G35/><T96/><D96/><U128/><E128/><V115/><F115/><W46/><G46/><T37/><D21/><U99/><E64/><N who="3" m="24618" /><G60/><T10/><REACH who="0" step="1"/><D71/><REACH who="0" ten="240,250,250,250" step="2"/><U112/><E112/><V111/><F111/><W27/><G27/><T132/><D132/><U9/><E9/><V120/><F34/><W49/><G122/><T87/><D87/><U105/><E104/><V68/><F120/><W38/><G84/><T69/><D69/><U54/><E105/><V16/><F68/><W61/><G123/><T14/><D14/><U88/><REACH who="1" step="1"/><E54/><AGARI ba="0,1" hai="8,10,37,42,44,47,50,53,54,59,63,73,78,83" machi="54" ten="30,5800,0" yaku="1,1,7,1,52,1,53,0" doraHai="56" doraHaiUra="30" who="0" fromWho="1" sc="240,68,250,-58,250,0,250,0" /><INIT seed="0,1,0,3,1,22" ten="308,192,250,250" oya="0" hai0="6,116,85,33,18,81,110,99,68,92,109,1,57" hai1="71,8,16,93,17,96,10,39,87,101,108,60,3" hai2="58,7,43,86,121,90,102,69,124,65,48,133,54" hai3="76,50,9,82,103,128,114,75,77,55,98,53,70"/><T112/><D68/><U11/><E108/><N who="0" m="41577" /><D116/><U47/><E3/><V127/><F121/><W91/><G114/><T13/><D112/><U88/><E39/><V120/><F120/><W20/><G70/><T118/><D118/><U130/><E130/><V122/><F122/><W62/><G128/><T132/><D33/><U64/><REACH who="1" step="1"/><E47/><REACH who="1" ten="308,182,250,250" step="2"/><V117/><F117/><W36/><G36/><T0/><D132/><U34/><E34/><V35/><F35/><W80/><G50/><T95/><D1/><U30/><E30/><V66/><F133/><W49/><G49/><T32/><D32/><U4/><E4/><V56/><F7/><W27/><G62/><T23/><D0/><U45/><E45/><V24/><F48/><W25/><G75/><T119/><D119/><U73/><E73/><V97/><F127/><W51/><G51/><T21/><D6/><U107/><AGARI ba="1,1" hai="8,10,11,16,17,60,64,71,87,88,93,96,101,107" machi="107" ten="30,7900,0" yaku="1,1,0,1,54,2,53,0" doraHai="22" doraHaiUra="46" who="1" fromWho="1" sc="308,-40,182,92,250,-21,250,-21" /><INIT seed="1,0,0,4,1,106" ten="268,274,229,229" oya="1" hai0="29,74,35,0,79,30,32,87,71,47,1,88,125" hai1="16,59,126,44,115,5,123,69,55,82,131,96,68" hai2="95,92,83,10,117,33,112,70,28,43,11,19,129" hai3="84,56,135,39,25,46,72,20,120,100,109,94,81"/><U17/><E115/><V119/><F112/><W105/><G120/><T98/><D71/><U80/><E123/><V66/><F43/><W34/><G34/><T23/><D23/><U3/><E131/><V36/><F36/><W102/><G105/><T26/><D98/><U42/><E126/><V4/><F129/><W110/><G135/><T78/><D47/><U27/><E96/><V8/><F4/><W101/><G56/><T128/><D125/><U104/><E104/><V48/><F48/><W122/><G94/><T38/><D38/><U12/><E27/><V127/><F127/><W50/><G39/><T97/><D97/><U40/><E3/><V134/><F134/><W77/><G122/><T73/><D128/><U133/><E133/><V62/><F19/><N who="1" m="7241" /><E68/><V15/><F15/><W61/><G61/><T118/><D118/><U18/><E5/><V51/><F51/><W9/><G9/><T116/><D116/><U85/><E69/><V90/><F119/><W76/><G84/><T24/><D87/><U111/><E111/><V60/><F60/><W53/><REACH who="3" step="1"/><G77/><REACH who="3" ten="268,274,229,219" step="2"/><T107/><D107/><U21/><E44/><V64/><F117/><W108/><G108/><T89/><AGARI ba="0,1" hai="0,1,24,26,29,30,32,35,73,74,78,79,88,89" machi="89" ten="25,12000,2" yaku="0,1,22,2,52,2,54,1" doraHai="106" who="0" fromWho="0" sc="268,130,274,-60,229,-30,219,-30" /><INIT seed="2,0,0,0,4,45" ten="398,214,199,189" oya="2" hai0="133,65,44,127,104,117,32,52,0,1,12,70,28" hai1="75,53,99,16,128,95,25,14,135,109,108,91,50" hai2="49,123,84,114,61,47,10,69,80,130,26,122,87" hai3="118,94,11,37,119,30,79,8,72,134,56,88,31"/><V18/><F114/><W93/><G37/><T22/><D104/><U58/><E128/><V46/><F130/><W35/><G134/><T19/><D133/><U55/><E135/><V64/><F46/><W74/><G79/><T21/><D32/><U121/><E121/><V83/><F87/><W41/><G56/><T120/><D120/><U36/><E36/><V29/><F83/><W97/><G41/><T43/><D127/><U60/><E75/><V124/><F124/><W59/><G59/><T81/><D81/><U20/><E14/><V27/><F27/><W40/><G40/><T96/><D96/><U2/><E2/><V39/><F39/><W68/><G97/><T17/><D28/><U33/><E33/><V132/><F132/><W34/><REACH who="3" step="1"/><G88/><REACH who="3" ten="398,214,199,179" step="2"/><T92/><D92/><U115/><E115/><V125/><F125/><W7/><G7/><T9/><D43/><U85/><E85/><V38/><F38/><W77/><G77/><T113/><D113/><U110/><E108/><V90/><F123/><W107/><G107/><T71/><D44/><AGARI ba="0,1" hai="16,20,25,44,50,53,55,58,60,91,95,99,109,110" machi="44" ten="40,8000,1" yaku="25,2,52,1,54,1" doraHai="45" who="1" fromWho="0" sc="398,-80,214,90,199,0,179,0" /><INIT seed="3,0,0,4,1,31" ten="318,304,199,179" oya="3" hai0="98,4,71,56,122,82,99,135,15,16,104,120,127" hai1="86,95,57,119,91,63,33,52,29,83,87,113,107" hai2="18,103,81,76,112,115,22,3,41,39,10,38,45" hai3="130,9,47,26,27,5,34,11,49,92,75,64,25"/><W78/><G130/><T43/><D71/><U85/><E113/><V19/><F39/><W35/><G64/><T66/><D4/><U121/><E121/><V60/><F103/><W125/><G125/><T48/><D135/><U55/><E107/><V111/><F111/><W42/><G92/><T62/><D127/><U126/><E126/><V123/><F123/><W133/><G133/><T77/><D104/><U44/><E119/><V65/><F19/><W74/><G11/><T68/><D122/><U132/><E132/><V12/><F22/><W128/><G128/><T118/><D118/><U24/><REACH who="1" step="1"/><E95/><REACH who="1" ten="318,294,199,179" step="2"/><V131/><F131/><W54/><G42/><T79/><D120/><U84/><E84/><V105/><F105/><W106/><G106/><T46/><D68/><U116/><E116/><V21/><F115/><W134/><G134/><T36/><D36/><U30/><E30/><V109/><F112/><W100/><G100/><T124/><D124/><U7/><E7/><V89/><F38/><W50/><G75/><T17/><D17/><U61/><E61/><V1/><F60/><W8/><G50/><AGARI ba="0,1" hai="24,29,33,44,50,52,55,57,63,83,85,86,87,91" machi="50" ten="40,8000,1" yaku="1,1,52,1,54,1,53,1" doraHai="31" doraHaiUra="58" who="1" fromWho="3" sc="318,0,294,90,199,0,179,-80" /><INIT seed="4,0,0,2,5,64" ten="318,384,199,99" oya="0" hai0="116,114,17,13,67,76,71,98,6,54,110,107,52" hai1="97,68,93,53,26,126,61,109,104,8,9,22,113" hai2="28,119,0,30,36,11,134,105,41,56,49,3,92" hai3="55,82,40,128,1,31,118,35,20,29,32,12,57"/><T45/><D116/><U112/><E109/><V21/><F105/><W59/><G118/><T78/><D110/><U120/><E104/><V80/><F119/><W70/><G1/><T99/><D6/><U25/><E126/><V7/><F3/><W46/><G128/><T100/><D99/><U73/><E73/><V62/><F134/><W33/><G82/><T63/><D114/><N who="1" m="44139" /><E120/><V66/><F92/><W91/><G91/><T115/><D115/><U16/><E26/><V14/><F80/><W129/><G129/><T79/><REACH who="0" step="1"/><D45/><REACH who="0" ten="308,384,199,99" step="2"/><U81/><E81/><V34/><F7/><W15/><G46/><T2/><D2/><U95/><E95/><V124/><F0/><W65/><G35/><T87/><D87/><U122/><E122/><V96/><F96/><W130/><G33/><T89/><D89/><N who="1" m="55471" /><E53/><V85/><F85/><W127/><G55/><T48/><D48/><U50/><E50/><V83/><F49/><W106/><G106/><T69/><D69/><U75/><E75/><V44/><F34/><W51/><G32/><T111/><D111/><U18/><E68/><V39/><F83/><W132/><G51/><T37/><D37/><U72/><E72/><V42/><F39/><W108/><G70/><T131/><D131/><U23/><E61/><V90/><F90/><W74/><G130/><T123/><D123/><U102/><E102/><V10/><F36/><W94/><G108/><T84/><D84/><U24/><AGARI ba="0,1" hai="8,9,16,18,22,23,24,25" m="55471,44139" machi="24" ten="30,4000,0" yaku="15,1,11,1,54,1" doraHai="64" who="1" fromWho="1" sc="308,-20,384,50,199,-10,99,-10" /><INIT seed="5,0,0,3,2,24" ten="288,434,189,89" oya="1" hai0="21,104,3,89,51,106,40,107,23,74,114,85,1" hai1="95,61,4,119,117,38,94,32,71,129,72,69,67" hai2="66,103,26,10,50,109,101,115,100,81,128,45,43" hai3="92,122,11,123,120,82,77,34,15,68,64,135,19"/><U25/><E72/><V116/><F109/><W18/><G135/><T20/><D74/><U110/><E38/><V112/><F116/><W132/><G132/><T31/><D114/><N who="2" m="43562" /><F66/><W130/><G130/><T55/><D40/><U16/><E94/><V93/><F128/><W118/><G118/><T52/><D31/><U5/><E25/><V54/><F10/><W0/><G0/><T36/><D36/><U126/><E5/><V17/><F81/><W80/><G34/><T133/><D133/><U58/><E58/><V121/><F121/><W102/><G19/><T2/><D51/><U131/><E67/><V47/><F93/><AGARI ba="0,0" hai="1,2,3,20,21,23,52,55,85,89,93,104,106,107" machi="93" ten="50,6400,0" yaku="29,2,54,1" doraHai="24" who="0" fromWho="2" sc="288,64,434,0,189,-64,89,0" /><INIT seed="6,0,0,0,3,117" ten="352,434,125,89" oya="2" hai0="87,70,35,52,61,77,108,129,10,90,66,135,45" hai1="16,122,80,69,101,126,95,91,38,43,5,8,3" hai2="39,0,19,65,22,112,84,97,98,28,76,103,96" hai3="130,127,63,34,94,79,88,113,51,86,118,71,68"/><V27/><F39/><W62/><G118/><T121/><D35/><U73/><E69/><V93/><F0/><W17/><G34/><T48/><D108/><U36/><E16/><V20/><F112/><W11/><G130/><T106/><D106/><U83/><E101/><V54/><F65/><W109/><G109/><T78/><D135/><U58/><E58/><V125/><F125/><W82/><G127/><T81/><D129/><U46/><E36/><V15/><REACH who="2" step="1"/><F54/><REACH who="2" ten="352,434,115,89" step="2"/><W74/><G113/><T13/><REACH who="0" step="1"/><D121/><REACH who="0" ten="342,434,115,89" step="2"/><U1/><E122/><V24/><F24/><W105/><G105/><T23/><D23/><U2/><E126/><V26/><F26/><W67/><G11/><T4/><AGARI ba="0,2" hai="4,10,13,45,48,52,61,66,70,77,78,81,87,90" machi="4" ten="20,8000,1" yaku="1,1,0,1,7,1,54,1,53,1" doraHai="117" doraHaiUra="9" who="0" fromWho="0" sc="342,100,434,-20,115,-40,89,-20" /><INIT seed="7,0,0,3,3,59" ten="442,414,75,69" oya="3" hai0="67,131,118,115,90,43,50,23,109,30,119,15,53" hai1="95,63,44,128,79,124,126,132,73,94,2,0,8" hai2="37,110,40,96,72,122,84,25,49,24,83,130,21" hai3="120,22,20,92,70,4,103,85,29,127,7,89,16"/><W98/><G120/><T65/><D109/><U42/><E128/><V61/><F110/><W31/><G70/><T14/><D43/><U38/><E132/><V87/><F72/><W17/><G127/><N who="1" m="48682" /><E0/><V104/><F37/><W81/><G17/><T123/><D131/><U68/><E79/><V76/><F130/><W93/><G22/><T97/><D123/><U6/><E73/><V117/><F117/><W60/><G60/><T11/><D115/><U101/><E101/><V134/><F134/><W56/><G56/><N who="0" m="32823" /><D119/><U5/><E5/><N who="3" m="2122" /><G81/><T57/><D118/><U112/><E112/><V33/><F122/><W13/><AGARI ba="0,0" hai="13,16,20,29,31,85,89,92,93,98,103" m="2122" machi="13" ten="30,3000,0" yaku="8,1,54,1" doraHai="59" who="3" fromWho="3" sc="442,-10,414,-10,75,-10,69,30" /><INIT seed="7,1,0,4,1,38" ten="432,404,65,99" oya="3" hai0="83,89,48,77,109,129,99,119,72,113,32,65,5" hai1="59,85,95,61,88,114,130,49,69,30,103,20,31" hai2="111,112,76,124,73,125,106,12,8,101,28,122,78" hai3="96,127,75,74,54,37,131,2,68,134,133,79,57"/><W92/><G68/><T108/><D32/><U120/><E120/><V84/><F111/><N who="0" m="42570" /><D48/><U0/><E0/><V115/><F122/><W66/><G127/><N who="2" m="48713" /><F28/><N who="1" m="10793" /><E69/><V22/><F22/><W23/><G131/><T117/><D5/><U60/><E114/><N who="2" m="43563" /><F73/><W81/><G37/><T42/><D42/><U29/><E130/><V24/><F24/><W7/><G66/><T62/><D62/><N who="1" m="24171" /><E103/><V71/><F71/><W118/><G118/><N who="0" m="45067" /><D65/><U58/><E49/><V13/><F84/><W16/><G75/><T98/><D113/><U51/><E51/><V9/><F101/><W64/><G64/><T10/><D10/><N who="2" m="4202" /><F106/><W17/><G23/><T43/><D43/><U80/><E95/><V135/><F135/><N who="3" m="51723" /><G2/><T105/><D129/><U56/><N who="1" m="10801" /><U52/><DORA hai="39" /><E20/><V4/><F4/><W45/><G7/><T53/><D53/><U94/><E94/><V91/><F91/><N who="3" m="55327" /><G17/><T93/><D105/><U104/><E104/><V82/><F82/><W44/><G16/><T128/><D128/><U97/><E97/><AGARI ba="1,0" hai="72,77,83,89,93,97,98,99" m="45067,42570" machi="97" ten="30,2000,0" yaku="34,2" doraHai="38,39" who="0" fromWho="1" sc="432,23,404,-23,65,0,99,0" owari="455,55.0,381,18.0,65,-43.0,99,-30.0" /></mjloggm>