<mjloggm ver="2.3"><GO type="225" lobby="0"/><UN n0="%E7%B6%BE%E9%87%8E%E7%8F%AA%E5%AD%90" n1="%E3%81%AF%E3%82%88%E3%81%8A%E3%81%98%E3%81%95%E3%82%93" n2="%E9%AE%92%E3%81%AE%E8%83%83%E8%A2%8B" n3="%E9%B3%B3%E6%9D%B1%E3%81%AE%E3%81%86%E3%81%95%E3%81%8E%E3%81%95%E3%82%93" dan="17,17,17,18" rate="2221.36,2091.96,2194.79,2147.39" sx="F,M,M,M"/><TAIKYOKU oya="0"/><INIT seed="0,0,0,3,3,27" ten="250,250,250,250" oya="0" hai0="44,135,33,1,85,82,91,123,78,56,23,115,117" hai1="126,104,9,52,76,132,41,25,106,5,22,21,59" hai2="24,10,98,20,58,28,96,2,48,67,35,42,108" hai3="107,68,105,39,112,0,93,103,34,61,37,118,111"/><T110/><D115/><U99/><E41/><V71/><F108/><W57/><G112/><T102/><D117/><U80/><E126/><V49/><F71/><W75/><G118/><T65/><D33/><U29/><E22/><V95/><F35/><W90/><G111/><T81/><D110/><U12/><E132/><V26/><F26/><W69/><G103/><T92/><D135/><U86/><REACH who="1" step="1"/><E99/><REACH who="1" ten="250,240,250,250" step="2"/><V70/><F98/><W8/><G34/><T11/><D23/><U109/><E109/><V15/><F20/><W43/><G43/><T4/><D123/><U46/><E46/><V120/><F96/><W45/><G45/><T40/><D44/><U16/><E16/><V60/><F42/><W18/><G18/><T19/><D40/><U50/><AGARI ba="0,1" hai="5,9,12,21,25,29,50,52,59,76,80,86,104,106" machi="50" ten="20,12000,2" yaku="1,1,0,1,7,1,52,1,54,1,53,1" doraHai="27" doraHaiUra="53" who="1" fromWho="1" sc="250,-60,240,130,250,-30,250,-30" /><INIT seed="1,0,0,5,5,40" ten="190,370,220,220" oya="1" hai0="124,29,12,59,47,53,13,97,88,135,105,78,133" hai1="50,68,32,114,132,7,25,126,6,112,90,36,128" hai2="21,94,18,4,93,134,49,57,44,95,111,8,48" hai3="62,51,41,5,28,127,121,66,104,55,70,79,123"/><U116/><E36/><V131/><F111/><W69/><G104/><T83/><D29/><U3/><E68/><V89/><F131/><W24/><G127/><T35/><D35/><U61/><E61/><V107/><F134/><N who="0" m="51210" /><D124/><U63/><E63/><V37/><F107/><W19/><G70/><T31/><D31/><U43/><E50/><V16/><F37/><W75/><G5/><T54/><D105/><U30/><E43/><N who="2" m="24607" /><F89/><W1/><G1/><T67/><D67/><U129/><E90/><V92/><N who="2" m="23552" /><DORA hai="76" /><V110/><F110/><W22/><G41/><T109/><D109/><U103/><E126/><V39/><F39/><W113/><G28/><T42/><D97/><U23/><E132/><V71/><F71/><W77/><G121/><T82/><D88/><U122/><E122/><V87/><F87/><W91/><G91/><T115/><D115/><U52/><E32/><V119/><F119/><W130/><G113/><T26/><D59/><U72/><E116/><V60/><F49/><W80/><G123/><T108/><D108/><U73/><E128/><V86/><F86/><W74/><G130/><T56/><D56/><U11/><E129/><V102/><F102/><W15/><G51/><N who="0" m="27127" /><D78/><U33/><E103/><V34/><F34/><W2/><G77/><T0/><D82/><U101/><E33/><V106/><F106/><W98/><G80/><T9/><D83/><U118/><E118/><V64/><F21/><W10/><G79/><T125/><D125/><U58/><E112/><V65/><F64/><W100/><G69/><T27/><D54/><U85/><E52/><RYUUKYOKU ba="0,0" sc="190,-10,370,-10,220,30,220,-10" hai2="4,8,16,18,57,60,65" /><INIT seed="2,1,0,3,4,105" ten="180,360,250,210" oya="2" hai0="40,43,128,81,2,11,35,67,95,72,120,132,102" hai1="97,87,125,54,4,44,19,68,20,12,124,91,56" hai2="5,115,37,73,22,85,92,66,1,17,111,62,78" hai3="29,103,21,114,63,61,108,14,123,16,36,96,41"/><V46/><F115/><W80/><G123/><T38/><D120/><U110/><E110/><V88/><F111/><W122/><G122/><T116/><D35/><U107/><E68/><V31/><F31/><W53/><G108/><T18/><D67/><U3/><E44/><V65/><F1/><W8/><G114/><T0/><D128/><U89/><E4/><V121/><F5/><W106/><G53/><T117/><D132/><U76/><E3/><N who="0" m="1065" /><D102/><N who="1" m="62927" /><E76/><V39/><F121/><W55/><G55/><T133/><D95/><N who="1" m="54719" /><E91/><V94/><F46/><W33/><G33/><T28/><D28/><U98/><E98/><V90/><F66/><W82/><G41/><T27/><D133/><U113/><E113/><V10/><F10/><W60/><REACH who="3" step="1"/><G36/><REACH who="3" ten="180,360,250,200" step="2"/><T58/><D38/><U30/><E54/><V13/><F39/><W119/><G119/><N who="0" m="45643" /><D40/><U51/><E51/><V77/><F37/><W126/><G126/><T47/><D43/><U93/><E125/><V9/><F65/><W118/><G118/><T79/><D47/><U127/><E127/><V32/><F32/><W59/><G59/><T64/><D58/><U86/><E56/><V15/><F62/><W34/><G34/><T74/><D64/><U48/><E48/><V42/><F42/><W83/><G83/><T71/><D71/><U129/><E124/><V130/><F130/><W100/><G100/><T70/><D70/><U135/><E129/><V23/><F78/><W49/><G49/><T112/><D112/><U134/><E134/><V24/><F77/><W99/><G99/><T26/><D74/><U7/><E135/><RYUUKYOKU ba="1,1" sc="180,15,360,-15,250,-15,200,15" hai0="11,18,26,27,72,79,81" hai3="8,14,16,21,29,60,61,63,80,82,96,103,106" /><INIT seed="3,2,1,4,0,41" ten="195,345,235,215" oya="3" hai0="26,7,95,121,89,16,86,68,14,67,114,97,74" hai1="27,57,129,65,75,9,58,131,2,13,15,3,25" hai2="111,124,77,80,36,105,12,134,62,42,52,115,10" hai3="33,19,93,117,98,46,35,135,110,133,79,31,122"/><W84/><G117/><T39/><D39/><U0/><E75/><V38/><F105/><W130/><G122/><T90/><D121/><U81/><E81/><V51/><F115/><W78/><G130/><N who="1" m="49674" /><E15/><V18/><F111/><W55/><G19/><T22/><D74/><U72/><E72/><V61/><F134/><N who="3" m="51211" /><G84/><T8/><D114/><U24/><E65/><V4/><F124/><W92/><G93/><N who="0" m="56503" /><D68/><U128/><E128/><V96/><F96/><W60/><G110/><T91/><D91/><U70/><E70/><V49/><F18/><AGARI ba="2,1" hai="0,2,3,9,13,18,24,25,27,57,58" m="49674" machi="18" ten="40,1300,0" yaku="19,1" doraHai="41" who="1" fromWho="2" sc="195,0,345,29,235,-19,215,0" owari="195,-30.0,374,46.0,216,2.0,215,-18.0" /></mjloggm>