<mjloggm ver="2.3"><GO type="169" lobby="0"/><UN n0="%E4%BF%A1%E6%BF%83%E3%81%AE%E8%8D%92%E6%B3%95%E5%B8%AB" n1="%E3%83%AD%E3%83%83%E3%82%BD" n2="%E4%BD%90%E8%97%A4%E3%82%AB%E3%82%A4%E3%82%B8" n3="%E3%83%9E%E3%83%8A%E3%83%96%E9%9B%B6" dan="18,17,18,16" rate="2237.13,2135.57,2238.98,2129.78" sx="M,F,M,M"/><TAIKYOKU oya="0"/><INIT seed="0,0,0,3,0,53" ten="250,250,250,250" oya="0" hai0="24,34,44,102,126,108,113,75,5,131,25,121,21" hai1="98,93,106,84,114,0,101,14,6,71,115,63,27" hai2="90,134,135,38,99,10,31,37,30,78,2,74,33" hai3="129,15,11,1,91,117,72,68,104,54,94,112,59"/><T80/><D113/><U118/><E118/><V9/><F90/><W16/><G112/><T82/><D121/><U42/><E42/><V100/><F78/><W61/><G117/><T57/><D5/><U77/><E14/><V64/><F74/><W116/><G116/><T73/><D102/><U12/><E12/><V19/><F64/><W32/><G104/><T97/><D97/><U95/><E95/><V13/><F10/><W85/><G32/><T50/><D131/><U55/><E55/><V39/><F2/><W124/><G124/><T3/><D44/><U125/><E93/><V79/><F79/><W76/><G129/><T7/><D7/><U81/><E6/><V49/><F49/><W128/><G128/><T130/><D50/><U41/><E41/><V92/><REACH who="2" step="1"/><F33/><REACH who="2" ten="250,250,240,250" step="2"/><W65/><G1/><T110/><D34/><U133/><E0/><V103/><F103/><W105/><G105/><T40/><D3/><U23/><E125/><V51/><F51/><W17/><G72/><T111/><D126/><U109/><E115/><V119/><F119/><W47/><G76/><T22/><D130/><U56/><E114/><V66/><F66/><W132/><G68/><T67/><D67/><N who="1" m="39399" /><E71/><V89/><F89/><W26/><G65/><T4/><D4/><U83/><E83/><V18/><F18/><W123/><G17/><T127/><D127/><U86/><E86/><V120/><F120/><W122/><G122/><T46/><D75/><U20/><E77/><V60/><F60/><W8/><G123/><T52/><D73/><U88/><E88/><V87/><F87/><RYUUKYOKU ba="0,1" sc="250,-10,250,-10,240,30,250,-10" hai2="9,13,19,30,31,37,38,39,92,99,100,134,135" /><INIT seed="1,1,1,0,0,75" ten="240,240,270,240" oya="1" hai0="3,105,104,60,87,53,96,95,74,125,62,127,37" hai1="10,34,26,114,123,11,57,77,126,41,61,100,59" hai2="102,50,90,17,99,73,106,40,109,91,128,1,116" hai3="79,84,120,45,117,86,101,21,131,132,51,43,13"/><U85/><E123/><V133/><F116/><W0/><G120/><T89/><D37/><U39/><E126/><N who="0" m="48137" /><D74/><U28/><E114/><V56/><F109/><W55/><G0/><T4/><D4/><U16/><E100/><V20/><F133/><W82/><G132/><T35/><D35/><U94/><E59/><V47/><F1/><W6/><G131/><T42/><D42/><U88/><E77/><V31/><F31/><W71/><G71/><T129/><D3/><U44/><REACH who="1" step="1"/><E16/><REACH who="1" ten="240,230,270,240" step="2"/><V49/><F128/><W22/><G117/><T98/><D129/><U81/><E81/><V14/><F73/><W134/><G101/><N who="0" m="62519" /><D105/><U80/><E80/><V108/><F108/><W111/><G111/><T8/><D8/><U52/><AGARI ba="1,2" hai="10,11,26,28,34,39,41,44,52,57,61,85,88,94" machi="52" ten="20,12000,1" yaku="1,1,0,1,7,1,54,2,53,0" doraHai="75" doraHaiUra="32" who="1" fromWho="1" sc="240,-41,230,143,270,-41,240,-41" /><INIT seed="1,2,0,5,3,114" ten="199,373,229,199" oya="1" hai0="115,134,19,9,79,112,50,109,2,69,24,75,54" hai1="48,85,1,62,36,32,29,106,31,94,83,66,120" hai2="100,25,92,47,72,28,98,118,93,46,113,10,91" hai3="81,82,95,104,133,131,22,116,5,125,49,89,110"/><U101/><E120/><V60/><F72/><W126/><G5/><T84/><D69/><U51/><E36/><V127/><F127/><N who="3" m="48651" /><G22/><T4/><D75/><U132/><E132/><V34/><F118/><W27/><G27/><T64/><D64/><U37/><E37/><V15/><F60/><W38/><G38/><T23/><D134/><U67/><E67/><V99/><REACH who="2" step="1"/><F113/><REACH who="2" ten="199,373,219,199" step="2"/><W87/><G133/><T44/><REACH who="0" step="1"/><D109/><REACH who="0" ten="189,373,219,199" step="2"/><U129/><E66/><V6/><AGARI ba="2,2" hai="6,10,15,25,28,34,46,47,91,92,93,98,99,100" machi="6" ten="20,5200,0" yaku="1,1,2,1,0,1,7,1,53,0" doraHai="114" doraHaiUra="58" who="2" fromWho="2" sc="189,-15,373,-28,219,78,199,-15" /><INIT seed="2,0,0,5,1,108" ten="174,345,297,184" oya="2" hai0="80,65,46,8,85,43,0,53,90,105,93,21,88" hai1="18,49,41,122,63,64,57,131,19,91,110,95,42" hai2="50,45,116,15,9,114,111,56,55,31,97,14,13" hai3="28,72,66,115,27,106,16,92,40,35,98,69,104"/><V44/><F116/><W132/><G72/><T71/><D105/><U3/><E3/><V77/><F114/><W76/><G76/><T33/><D33/><U38/><E110/><V5/><F111/><W89/><G132/><T52/><D21/><U84/><E131/><V51/><F31/><W112/><G40/><N who="1" m="15466" /><E122/><V74/><F74/><W29/><G29/><T119/><D119/><U24/><E38/><V1/><F77/><W10/><G66/><T32/><D32/><U62/><E62/><V121/><F121/><W12/><G69/><T48/><D71/><U11/><E11/><V101/><REACH who="2" step="1"/><F51/><REACH who="2" ten="174,345,287,184" step="2"/><W128/><G128/><T54/><D65/><U127/><E127/><V79/><F79/><W94/><REACH who="3" step="1"/><G92/><AGARI ba="0,1" hai="1,5,9,13,14,15,44,45,50,55,56,92,97,101" machi="92" ten="40,2000,0" yaku="1,1,53,0" doraHai="108" doraHaiUra="37" who="2" fromWho="3" sc="174,0,345,0,287,30,184,-20" /><INIT seed="2,1,0,4,2,38" ten="174,345,317,164" oya="2" hai0="36,124,98,111,9,90,23,63,128,123,1,4,48" hai1="34,51,110,11,127,109,89,33,120,58,54,71,13" hai2="135,79,84,86,21,80,7,0,100,68,87,66,107" hai3="132,105,31,106,78,92,85,69,103,47,57,108,30"/><V39/><F135/><W99/><G69/><T59/><D36/><U49/><E127/><V91/><F39/><W113/><G108/><N who="1" m="41578" /><E71/><V74/><F0/><W2/><G2/><T104/><D111/><U62/><E120/><V77/><F7/><W125/><G132/><T15/><D123/><U24/><E89/><V8/><F8/><W37/><G125/><T55/><D124/><U53/><E24/><V76/><F21/><W52/><G113/><T40/><D128/><U81/><E81/><N who="2" m="45207" /><F66/><W42/><G78/><N who="2" m="29705" /><F68/><W5/><G5/><T122/><D122/><U29/><E29/><V26/><F26/><W131/><G131/><T88/><D23/><U17/><E51/><V82/><F91/><W41/><G41/><T70/><D1/><U16/><E17/><V56/><F56/><AGARI ba="1,0" hai="11,13,16,33,34,49,53,54,56,58,62" m="41578" machi="56" ten="30,2000,0" yaku="14,1,54,1" doraHai="38" who="1" fromWho="2" sc="174,0,345,23,317,-23,164,0" /><INIT seed="3,0,0,4,1,47" ten="174,368,294,164" oya="3" hai0="31,30,117,129,130,80,25,110,29,78,72,41,134" hai1="77,23,15,2,81,52,74,17,61,56,44,62,87" hai2="38,76,45,5,33,69,123,16,118,121,109,131,28" hai3="53,60,6,101,115,122,9,127,0,97,49,46,12"/><W10/><G122/><N who="2" m="46601" /><F118/><W89/><G115/><T128/><D117/><U105/><E2/><V21/><F69/><W13/><G127/><T126/><D126/><U94/><E105/><V114/><F109/><W11/><G89/><T1/><D110/><U95/><E74/><V3/><F76/><W98/><G60/><T124/><D124/><U111/><E111/><V66/><F66/><W106/><G0/><T103/><D134/><U51/><E62/><V120/><F120/><W54/><G98/><T40/><D1/><U43/><AGARI ba="0,0" hai="15,17,23,43,44,51,52,56,61,77,81,87,94,95" machi="43" ten="20,8000,1" yaku="0,1,7,1,8,1,52,1,54,1" doraHai="47" who="1" fromWho="1" sc="174,-20,368,80,294,-20,164,-40" /><INIT seed="4,0,0,5,4,67" ten="154,448,274,124" oya="0" hai0="35,2,13,68,122,129,39,49,104,26,24,116,75" hai1="43,59,17,84,110,71,48,120,23,77,20,130,40" hai2="133,97,126,18,51,73,32,29,34,82,112,128,98" hai3="0,72,64,105,10,69,88,28,78,11,117,31,106"/><T12/><RYUUKYOKU type="yao9" ba="0,0" sc="154,0,448,0,274,0,124,0" hai0="2,12,13,24,26,35,39,49,68,75,104,116,122,129" /><INIT seed="4,1,0,2,2,55" ten="154,448,274,124" oya="0" hai0="36,115,37,135,20,41,49,103,24,19,108,30,3" hai1="98,48,66,56,112,105,10,94,75,76,95,129,86" hai2="14,29,64,13,127,101,17,15,96,31,60,58,35" hai3="18,26,80,104,43,81,70,82,126,11,2,78,71"/><T109/><D3/><U32/><E32/><V42/><F127/><W128/><G104/><T124/><D124/><U114/><E75/><V123/><F123/><W132/><G126/><T117/><D117/><U21/><E129/><V106/><F42/><W54/><G43/><T73/><D73/><U107/><E21/><V133/><F133/><W92/><G132/><T87/><D135/><U119/><E119/><V74/><F74/><W34/><G78/><T50/><D115/><N who="1" m="44075" /><E10/><V5/><F5/><W79/><G79/><T1/><D1/><U52/><E66/><V113/><F113/><W130/><G92/><N who="1" m="35370" /><E98/><V16/><REACH who="2" step="1"/><F31/><REACH who="2" ten="154,448,264,124" step="2"/><W91/><G130/><T134/><D134/><U22/><E22/><V4/><F4/><W120/><G128/><T25/><D30/><U57/><E57/><V122/><F122/><W6/><G120/><T83/><D19/><U45/><E45/><V23/><F23/><W69/><G18/><T0/><D20/><U111/><E111/><V88/><F88/><W59/><G91/><T110/><D25/><AGARI ba="1,1" hai="13,14,15,16,17,25,29,35,58,60,64,96,101,106" machi="25" ten="40,5200,0" yaku="1,1,52,1,54,1,53,0" doraHai="55" doraHaiUra="84" who="2" fromWho="0" sc="154,-55,448,0,264,65,124,0" /><INIT seed="5,0,0,1,3,24" ten="99,448,329,124" oya="1" hai0="44,6,129,16,133,82,52,76,119,15,135,75,93" hai1="33,34,113,85,32,91,121,104,117,109,31,8,70" hai2="120,41,94,50,10,56,89,19,61,36,54,84,122" hai3="88,97,46,59,13,132,73,87,22,96,37,100,79"/><U53/><E117/><V55/><F36/><W47/><G132/><N who="0" m="50763" /><D119/><U90/><E121/><V42/><F122/><W134/><G134/><T80/><D129/><U58/><E70/><V63/><F120/><W3/><G3/><T38/><D93/><U86/><E104/><V25/><F63/><W118/><G118/><T1/><D82/><U111/><E8/><V127/><F127/><W68/><G68/><T14/><D16/><U17/><E17/><V131/><F131/><W112/><G112/><T110/><D110/><N who="1" m="41995" /><E113/><V7/><F25/><W95/><G97/><T101/><D101/><U126/><E126/><V5/><F19/><N who="3" m="10607" /><G37/><T43/><D52/><U12/><E12/><N who="2" m="5199" /><F7/><W64/><G73/><T35/><D35/><U106/><E106/><V130/><F130/><W116/><G79/><T67/><D67/><U123/><E123/><V26/><F26/><W98/><G116/><T23/><D23/><U30/><E91/><V66/><F66/><W49/><G98/><T4/><D4/><U40/><E40/><V92/><F92/><N who="3" m="58375" /><G64/><T57/><D1/><U2/><E2/><V65/><F65/><W99/><G99/><T60/><D6/><U108/><E108/><V128/><F128/><W102/><G102/><T125/><D125/><U81/><E86/><V78/><F78/><W114/><G114/><T107/><D107/><U77/><E77/><V115/><F115/><W20/><G20/><T74/><D75/><U9/><E9/><V51/><F54/><AGARI ba="0,0" hai="46,47,49,54,59,87,88,95" m="58375,10607" machi="54" ten="30,3900,0" yaku="25,1,8,1,54,1" doraHai="24" who="3" fromWho="2" sc="99,0,448,0,329,-39,124,39" /><INIT seed="6,0,0,1,0,90" ten="99,448,290,163" oya="2" hai0="104,18,33,73,17,43,132,106,111,2,60,5,39" hai1="96,121,129,134,64,68,76,71,66,62,107,126,8" hai2="135,112,89,38,21,102,36,41,99,95,77,52,97" hai3="91,35,103,6,118,1,101,81,115,117,13,109,44"/><V0/><F0/><W78/><G1/><T14/><D132/><U24/><E134/><V122/><F122/><W70/><G70/><T63/><D111/><U29/><E129/><V105/><F112/><W12/><G35/><T20/><D104/><U72/><E126/><V93/><F135/><W67/><G109/><T58/><D106/><U123/><E8/><V7/><F7/><W28/><G28/><T54/><D73/><U130/><E130/><V61/><F77/><W133/><G133/><T10/><D43/><U94/><E107/><V19/><F41/><W92/><G67/><N who="1" m="25642" /><E62/><V50/><F105/><W98/><G44/><T124/><D39/><U119/><E119/><N who="3" m="45578" /><G13/><T114/><D124/><U116/><E76/><V48/><F38/><W3/><G12/><T16/><D114/><U125/><E72/><V86/><F36/><W11/><G115/><T59/><REACH who="0" step="1"/><D33/><REACH who="0" ten="89,448,290,163" step="2"/><U128/><E125/><V65/><F65/><AGARI ba="0,1" hai="2,5,10,14,16,17,18,20,54,58,59,60,63,65" machi="65" ten="30,7700,0" yaku="1,1,2,1,7,1,54,1,53,0" doraHai="90" doraHaiUra="25" who="0" fromWho="2" sc="89,87,448,0,290,-77,163,0" /><INIT seed="7,0,0,2,4,75" ten="176,448,213,163" oya="3" hai0="90,99,119,8,113,84,36,48,24,26,11,17,92" hai1="69,37,28,23,42,20,101,96,71,102,49,52,81" hai2="32,57,4,65,14,15,105,56,44,22,123,73,59" hai3="35,53,77,61,117,80,45,29,115,30,21,98,111"/><W94/><G117/><T33/><D36/><U124/><E124/><V62/><F32/><W112/><G35/><T58/><D119/><U46/><E101/><V27/><F105/><W88/><G111/><T41/><D113/><N who="3" m="43593" /><G21/><N who="0" m="13359" /><D33/><U38/><E38/><V39/><F73/><N who="3" m="43055" /><G45/><N who="0" m="25647" /><D26/><U131/><E81/><V72/><F27/><W25/><G25/><T127/><D127/><U85/><E23/><V67/><F22/><W70/><G53/><T126/><D126/><U40/><E20/><V55/><F55/><W51/><G51/><T1/><D1/><U78/><E28/><V13/><F39/><W47/><G47/><T106/><D106/><U104/><E37/><V87/><F44/><W108/><G108/><T10/><D58/><U89/><E42/><V68/><F56/><W116/><G116/><T120/><D120/><U79/><E40/><V31/><F57/><W19/><G19/><T16/><D84/><U83/><E79/><V128/><F59/><W129/><G129/><T66/><D66/><AGARI ba="0,0" hai="29,30,61,66,70,88,94,98" m="43055,43593" machi="66" ten="30,5800,0" yaku="15,1,52,1,54,1" doraHai="75" who="3" fromWho="0" sc="176,-58,448,0,213,0,163,58" /><INIT seed="7,1,0,4,3,86" ten="118,448,213,221" oya="3" hai0="20,53,107,31,113,9,1,96,17,119,30,47,97" hai1="69,59,61,79,115,48,131,33,89,78,44,134,25" hai2="27,104,125,3,72,57,123,95,5,35,98,66,76" hai3="14,114,50,135,67,36,18,29,112,60,42,12,6"/><W34/><G36/><T126/><D119/><U92/><E69/><V82/><F104/><W94/><G135/><T121/><D121/><U80/><E131/><V4/><F3/><W45/><G6/><T68/><D68/><U101/><E101/><V132/><F123/><W73/><G73/><T22/><D126/><U43/><E115/><V13/><F125/><W124/><G124/><T110/><D110/><U19/><E80/><V15/><F132/><W21/><G12/><T122/><D122/><U102/><E102/><V64/><F15/><W26/><REACH who="3" step="1"/><G94/><REACH who="3" ten="118,448,213,211" step="2"/><T83/><D113/><U10/><E134/><V75/><F13/><W118/><G118/><T129/><D1/><U109/><E109/><V65/><F75/><W62/><G62/><T71/><D107/><U54/><E92/><V52/><F5/><W56/><AGARI ba="1,1" hai="14,18,21,26,29,34,42,45,50,56,60,67,112,114" machi="56" ten="30,3000,0" yaku="1,1,0,1,53,0" doraHai="86" doraHaiUra="127" who="3" fromWho="3" sc="118,-11,448,-11,213,-11,211,43" /><INIT seed="7,2,0,3,1,94" ten="107,437,202,254" oya="3" hai0="69,32,91,5,56,79,54,83,107,93,46,109,15" hai1="96,65,0,42,19,102,9,78,2,74,135,25,26" hai2="101,110,121,104,89,59,72,67,44,27,106,132,99" hai3="21,30,31,62,58,20,95,37,38,34,87,75,40"/><W105/><G105/><T52/><D109/><U100/><E65/><V4/><F110/><W64/><G75/><T49/><D32/><U3/><E42/><V7/><F132/><W51/><G34/><T115/><D69/><U70/><E70/><V28/><F72/><W111/><G111/><T133/><D133/><U17/><E74/><V10/><F121/><W39/><G51/><T18/><D107/><U47/><E47/><V81/><F44/><W66/><G40/><T14/><D5/><U118/><E78/><V77/><F89/><W6/><G6/><T126/><D126/><U43/><E43/><V45/><F45/><W129/><G66/><T113/><D83/><U127/><E102/><V84/><F104/><W114/><G114/><N who="0" m="43531" /><D18/><U117/><E19/><V92/><F106/><W131/><G31/><T1/><D1/><U24/><E127/><V11/><F7/><W130/><G30/><T57/><D79/><U71/><E71/><V90/><F77/><W53/><G64/><T128/><D128/><U12/><REACH who="1" step="1"/><E135/><REACH who="1" ten="107,427,202,254" step="2"/><V8/><F4/><W36/><G36/><T76/><D76/><U86/><E86/><V120/><F120/><W98/><REACH who="3" step="1"/><G87/><REACH who="3" ten="107,427,202,244" step="2"/><N who="0" m="52479" /><D46/><U50/><E50/><V16/><F28/><W112/><G112/><T103/><D103/><AGARI ba="2,2" hai="20,21,37,38,39,53,58,62,95,98,103,129,130,131" machi="103" ten="50,12000,1" yaku="1,1,19,1,52,1,53,1" doraHai="94" doraHaiUra="88" who="3" fromWho="0" sc="107,-126,427,0,202,0,244,146" owari="-19,-52.0,427,53.0,202,-20.0,390,19.0" /></mjloggm>