<mjloggm ver="2.3"><GO type="169" lobby="0"/><UN n0="%E3%83%81%E3%83%83%E3%83%97%E3%82%B3%E3%83%AC%E3%82%AF%E3%82%BF%E3%83%BC" n1="%E3%81%B5%E3%81%8B" n2="%E6%9C%A8%E6%A8%B9" n3="%6B%5F%6D%5F%62" dan="16,18,16,16" rate="2127.38,2254.00,2134.51,2165.77" sx="M,M,M,M"/><TAIKYOKU oya="0"/><INIT seed="0,0,0,5,5,109" ten="250,250,250,250" oya="0" hai0="134,71,79,30,119,37,66,96,34,67,58,75,97" hai1="21,99,45,38,15,90,2,42,115,64,116,132,17" hai2="65,8,28,43,76,78,26,29,131,20,31,133,44" hai3="46,74,73,87,55,0,48,117,33,95,85,69,35"/><T13/><D119/><U123/><E116/><V124/><F124/><W84/><G117/><T107/><D134/><U3/><E132/><V83/><F131/><W61/><G0/><T102/><D37/><U57/><E123/><V63/><F8/><W112/><G112/><T129/><D129/><U103/><E90/><V118/><F133/><W7/><G7/><T128/><D128/><U91/><E91/><V41/><F78/><W113/><G113/><T52/><D96/><U106/><REACH who="1" step="1"/><E115/><REACH who="1" ten="250,240,250,250" step="2"/><V54/><F118/><W56/><G35/><T14/><D34/><U10/><E10/><V98/><F76/><W16/><G33/><T114/><D114/><U70/><E70/><V24/><F20/><W92/><G69/><T100/><D71/><U1/><E1/><V39/><F98/><W77/><G77/><T82/><D100/><U110/><E110/><V11/><F11/><W127/><G127/><T32/><D32/><U93/><E93/><V22/><F22/><W50/><G92/><T23/><D23/><U135/><E135/><V49/><F83/><W18/><G95/><T5/><D102/><U86/><E86/><V53/><F39/><W36/><G73/><T122/><D79/><U104/><E104/><V130/><F130/><W51/><G74/><T68/><D75/><U101/><E101/><V47/><F24/><W125/><G125/><T60/><D68/><U81/><E81/><V89/><F26/><W121/><G121/><T126/><D82/><U12/><E12/><V72/><F89/><W40/><AGARI ba="0,1" hai="16,18,36,40,46,48,50,51,55,56,61,84,85,87" machi="40" ten="40,2700,0" yaku="0,1,54,1" doraHai="109" who="3" fromWho="3" sc="250,-13,240,-7,250,-7,250,37" /><INIT seed="1,0,0,0,0,34" ten="237,233,243,287" oya="1" hai0="69,87,118,104,94,39,55,6,7,27,90,115,117" hai1="71,2,36,98,22,26,18,51,62,0,31,126,111" hai2="53,17,11,19,84,74,128,81,14,89,60,114,8" hai3="96,119,21,102,79,122,25,105,32,9,86,113,75"/><U88/><E36/><V72/><F128/><W38/><G113/><T108/><D115/><U83/><E126/><V77/><F114/><W40/><G122/><T61/><D108/><U73/><E111/><V48/><F60/><W46/><G119/><T131/><D131/><U100/><E51/><V23/><F77/><W135/><G135/><T56/><D39/><U45/><E45/><V50/><F50/><W42/><G42/><T95/><D104/><U134/><E134/><V44/><REACH who="2" step="1"/><F8/><REACH who="2" ten="237,233,233,287" step="2"/><W15/><G79/><T70/><D118/><U59/><E73/><V76/><F76/><W68/><G75/><T24/><D117/><U13/><E71/><V57/><F57/><W33/><G68/><T12/><D70/><U30/><E59/><V97/><F97/><W112/><G112/><T82/><D69/><U120/><E62/><V132/><F132/><W78/><G86/><T110/><D87/><U107/><E120/><V121/><F121/><W52/><G78/><T92/><D56/><U49/><E49/><V103/><F103/><W124/><G38/><T67/><D61/><U109/><E109/><V127/><F127/><W130/><G124/><T4/><D110/><U91/><E91/><V66/><F66/><W93/><G102/><T41/><D90/><U129/><E129/><V58/><F58/><W64/><G96/><T80/><D67/><U5/><E88/><V101/><F101/><W54/><G64/><T37/><D37/><U125/><E125/><V47/><F47/><W43/><G130/><T35/><D41/><U16/><E100/><V99/><F99/><RYUUKYOKU ba="0,1" sc="237,-10,233,-10,233,30,287,-10" hai2="11,14,17,19,23,44,48,53,72,74,81,84,89" /><INIT seed="2,1,1,5,2,82" ten="227,223,263,277" oya="2" hai0="35,2,47,89,71,130,135,33,75,117,23,42,56" hai1="65,81,10,20,73,126,16,122,19,93,80,107,4" hai2="119,7,84,59,38,74,129,22,92,110,105,34,120" hai3="108,60,132,30,28,1,95,0,67,123,112,40,12"/><V98/><F120/><W41/><G123/><T77/><D130/><U85/><E107/><V79/><F119/><W131/><G108/><T100/><D71/><U54/><E122/><V13/><F34/><W62/><G131/><T128/><D128/><U39/><E39/><V27/><F38/><W5/><G132/><T72/><D100/><U103/><E126/><V49/><F129/><W25/><G112/><T91/><D135/><U26/><E65/><V127/><F127/><W101/><G1/><T32/><D117/><U48/><E19/><V118/><F118/><W61/><G0/><T113/><D56/><U115/><E115/><V124/><F105/><W68/><G68/><T66/><D23/><U9/><E73/><V64/><F74/><W121/><G67/><T94/><D66/><U83/><E4/><V109/><F124/><W69/><G69/><T106/><D106/><U133/><E133/><V114/><F114/><W21/><G30/><T46/><D113/><U31/><E31/><V58/><F13/><W52/><G52/><T111/><D111/><N who="2" m="42506" /><F7/><W53/><G12/><T6/><D6/><U11/><E103/><N who="2" m="60871" /><F49/><W104/><G5/><T57/><D2/><U63/><E63/><N who="3" m="24138" /><G104/><T15/><D15/><U55/><E48/><V125/><F125/><W86/><G121/><T51/><D75/><U14/><E14/><V24/><F64/><W29/><G101/><T44/><D72/><U18/><E18/><N who="2" m="12375" /><F27/><W76/><G29/><T99/><D35/><U78/><E78/><V45/><F45/><W70/><G76/><T3/><D77/><U90/><AGARI ba="1,1" hai="9,10,11,16,20,26,54,55,80,81,83,85,90,93" machi="90" ten="40,8000,1" yaku="5,1,0,1,8,1,52,1,54,1" doraHai="82" who="1" fromWho="1" sc="227,-21,223,93,263,-41,277,-21" /><INIT seed="3,0,0,2,3,6" ten="206,316,222,256" oya="3" hai0="91,25,86,33,127,77,41,60,14,75,44,29,123" hai1="3,92,131,45,34,38,11,114,17,70,117,79,55" hai2="53,42,2,46,71,8,12,73,109,18,61,4,105" hai3="122,97,115,49,63,13,69,110,48,54,65,95,84"/><W78/><G115/><T130/><D123/><U119/><E70/><V56/><F109/><W132/><G122/><T134/><D130/><U24/><E114/><V99/><F73/><W128/><G128/><T90/><D134/><U125/><E131/><V19/><F71/><W121/><G121/><T98/><D127/><U89/><E125/><V96/><F105/><W51/><G132/><T50/><D75/><U106/><E106/><V102/><F102/><W32/><G32/><T16/><D60/><U100/><E100/><V35/><F35/><W0/><G0/><T113/><D113/><U57/><E79/><V85/><F85/><W36/><G36/><T10/><REACH who="0" step="1"/><D98/><REACH who="0" ten="196,316,222,256" step="2"/><U74/><E74/><V133/><F133/><W103/><G110/><T37/><D37/><U81/><E38/><V87/><F87/><W9/><G84/><T68/><D68/><U40/><E117/><V107/><F96/><W30/><G78/><T21/><D21/><U116/><E119/><V27/><F99/><W101/><G101/><T83/><AGARI ba="0,1" hai="10,14,16,25,29,33,41,44,50,77,83,86,90,91" machi="83" ten="30,7900,0" yaku="1,1,0,1,52,1,54,1,53,0" doraHai="6" doraHaiUra="135" who="0" fromWho="0" sc="196,89,316,-20,222,-20,256,-39" /><INIT seed="4,0,0,4,1,101" ten="285,296,202,217" oya="0" hai0="122,57,100,21,72,50,98,124,45,54,5,17,123" hai1="16,31,80,91,94,14,110,77,51,62,85,75,46" hai2="11,18,48,134,65,44,55,96,83,95,43,56,135" hai3="90,22,82,34,63,6,103,120,99,129,102,68,0"/><T133/><D72/><U64/><E110/><V61/><F83/><W10/><G34/><T78/><D78/><U30/><E62/><V27/><F11/><W117/><G117/><T15/><D133/><U9/><REACH who="1" step="1"/><E64/><REACH who="1" ten="285,286,202,217" step="2"/><V59/><F18/><W25/><G63/><T73/><D124/><U107/><E107/><V19/><F19/><W28/><G28/><T67/><D5/><U23/><E23/><V12/><F27/><W84/><G22/><T1/><D67/><U7/><E7/><V52/><F12/><W53/><G25/><T89/><D1/><U39/><E39/><V37/><REACH who="2" step="1"/><F65/><REACH who="2" ten="285,286,192,217" step="2"/><W93/><G0/><T108/><D17/><U112/><E112/><V42/><F42/><AGARI ba="0,2" hai="9,14,16,30,31,42,46,51,75,77,80,85,91,94" machi="42" ten="30,3900,0" yaku="1,1,7,1,54,1,53,0" doraHai="101" doraHaiUra="114" who="1" fromWho="2" sc="285,0,286,59,192,-39,217,0" /><INIT seed="5,0,0,2,5,0" ten="285,345,153,217" oya="1" hai0="73,50,85,9,24,21,3,86,17,87,72,15,101" hai1="29,79,135,124,75,2,11,134,110,93,130,68,106" hai2="32,95,107,127,55,78,71,46,88,125,20,80,132" hai3="8,62,102,121,35,133,109,128,37,118,97,34,98"/><U122/><RYUUKYOKU type="yao9" ba="0,0" sc="285,0,345,0,153,0,217,0" hai1="2,11,29,68,75,79,93,106,110,122,124,130,134,135" /><INIT seed="5,1,0,2,5,69" ten="285,345,153,217" oya="1" hai0="121,89,34,43,88,115,27,6,32,26,0,66,49" hai1="83,51,99,92,122,116,120,107,86,16,15,72,1" hai2="127,58,64,19,67,125,63,10,35,117,74,3,39" hai3="101,36,90,12,31,108,114,11,22,91,76,55,23"/><U126/><E116/><V102/><F117/><W132/><G108/><T112/><D121/><U78/><E1/><V13/><F35/><W18/><G114/><N who="0" m="43563" /><D66/><U94/><E126/><V135/><F74/><W14/><G132/><T20/><D6/><U71/><E71/><V77/><F77/><W105/><G76/><T48/><D0/><U123/><E51/><N who="0" m="19529" /><D43/><U37/><E37/><V124/><F135/><W50/><G36/><T104/><D104/><U53/><E53/><V103/><F67/><W61/><G61/><T97/><D97/><U45/><E45/><V75/><F75/><W5/><G101/><T54/><D54/><U9/><REACH who="1" step="1"/><E72/><REACH who="1" ten="285,335,153,217" step="2"/><V95/><F3/><W40/><G40/><T68/><D68/><U106/><E106/><V98/><REACH who="2" step="1"/><F39/><REACH who="2" ten="285,335,143,217" step="2"/><W129/><G105/><T8/><D34/><U111/><E111/><V133/><F133/><W25/><REACH who="3" step="1"/><G129/><REACH who="3" ten="285,335,143,207" step="2"/><T21/><D32/><U118/><E118/><V79/><F79/><W62/><G62/><T60/><D60/><U2/><E2/><V85/><F85/><W47/><AGARI ba="1,3" hai="5,11,12,14,18,22,23,25,31,47,50,55,90,91" machi="47" ten="20,5200,0" yaku="1,1,0,1,7,1,8,1,53,0" doraHai="69" doraHaiUra="82" who="3" fromWho="3" sc="285,-14,335,-27,143,-14,207,85" /><INIT seed="6,0,0,3,0,128" ten="271,308,129,292" oya="2" hai0="109,111,18,52,112,81,3,13,44,59,92,53,103" hai1="67,77,34,6,106,20,95,43,24,30,113,55,2" hai2="101,99,107,119,27,76,69,86,4,11,126,5,84" hai3="9,23,60,51,83,49,87,123,97,115,35,91,38"/><V41/><F119/><W110/><G123/><T28/><D3/><U48/><E106/><V89/><F69/><W14/><G110/><T56/><D112/><U47/><E113/><V98/><F126/><W7/><G35/><T117/><D117/><U125/><E125/><V46/><F27/><W74/><G38/><T10/><D28/><U105/><E105/><V57/><F57/><W127/><G127/><T129/><D129/><U130/><E130/><V45/><F45/><W64/><G74/><T16/><D44/><U0/><E6/><V25/><F25/><W104/><G23/><T114/><D114/><U131/><E131/><V78/><F99/><W17/><G7/><T79/><D92/><U102/><E77/><V82/><F4/><W32/><G32/><T42/><D103/><U124/><E124/><V121/><F121/><W80/><G80/><T12/><D42/><U75/><E75/><V22/><F22/><W65/><G65/><T66/><D66/><U61/><E43/><V94/><F107/><W37/><G37/><T116/><D116/><U36/><E36/><V96/><F76/><W50/><G115/><T40/><D40/><U90/><E34/><V29/><F29/><W70/><G104/><T134/><D111/><U63/><E102/><V33/><F33/><W15/><G15/><T1/><D13/><U88/><E90/><V72/><F72/><W135/><REACH who="3" step="1"/><G97/><REACH who="3" ten="271,308,129,282" step="2"/><N who="2" m="37481" /><F101/><W39/><G39/><T93/><D109/><U62/><E67/><V58/><F58/><W19/><G19/><T73/><D59/><U122/><E122/><V71/><F71/><RYUUKYOKU ba="0,1" sc="271,-15,308,15,129,-15,282,15" hai1="0,2,20,24,30,47,48,55,61,62,63,88,95" hai3="9,14,17,49,50,51,60,64,70,83,87,91,135" /><INIT seed="7,1,1,2,2,52" ten="256,323,114,297" oya="3" hai0="113,77,68,14,100,85,86,7,0,55,71,69,42" hai1="65,125,82,39,84,75,104,17,9,122,123,97,91" hai2="22,134,50,19,15,37,89,101,131,6,57,41,1" hai3="45,3,132,31,79,130,92,110,87,24,108,118,36"/><W51/><G118/><T88/><D0/><U2/><E39/><V54/><F131/><W114/><G130/><T8/><D100/><U28/><E28/><V62/><F101/><W11/><G132/><T78/><D113/><U99/><E125/><V18/><F134/><W27/><G114/><T40/><D55/><U133/><E133/><V12/><F1/><W124/><G124/><T72/><D72/><U119/><E119/><V94/><F6/><N who="3" m="1503" /><G36/><T47/><D85/><U83/><E65/><V59/><F37/><W126/><G126/><T30/><D30/><U53/><E53/><V93/><F41/><N who="3" m="25007" /><G31/><T70/><D70/><U95/><E82/><V58/><F62/><W76/><G92/><T35/><D35/><U73/><E73/><V107/><F107/><W129/><G129/><T127/><D127/><U34/><E34/><V4/><F4/><W106/><G106/><T111/><D111/><N who="3" m="42537" /><G87/><T120/><D120/><U10/><E104/><V74/><F74/><W90/><G90/><T64/><D40/><U16/><E75/><V67/><F67/><W29/><G27/><T32/><D64/><U43/><E122/><V5/><F5/><W60/><G60/><T80/><REACH who="0" step="1"/><D32/><AGARI ba="1,1" hai="24,29,32,76,79" m="42537,25007,1503" machi="32" ten="30,1500,0" yaku="10,1" doraHai="52" who="3" fromWho="0" sc="256,-18,323,0,114,0,297,28" owari="238,-16.0,323,12.0,114,-39.0,325,43.0" /></mjloggm>