<mjloggm ver="2.3"><GO type="169" lobby="0"/><UN n0="%E8%83%83%E3%81%A8%E8%85%B8" n1="%E3%81%8B%E3%81%8B%E3%81%8B%E3%81%8B" n2="%E3%81%8A%E3%82%8A%E3%81%BE%E3%81%A4" n3="%E3%81%BF%E3%81%8B%E3%82%93%E5%A4%AA" dan="18,16,16,17" rate="2204.42,2142.32,2107.04,2183.74" sx="M,M,M,M"/><TAIKYOKU oya="0"/><INIT seed="0,0,0,3,2,39" ten="250,250,250,250" oya="0" hai0="92,27,100,115,95,135,34,18,20,3,61,38,94" hai1="69,74,96,12,55,81,124,54,84,66,43,126,53" hai2="83,46,109,33,36,117,41,22,26,119,63,51,48" hai3="118,99,91,67,40,16,28,82,15,29,71,31,129"/><T25/><D115/><U131/><E74/><V0/><F33/><W2/><G2/><T101/><D135/><U132/><E131/><V5/><F109/><W42/><G118/><N who="2" m="45065" /><F83/><W47/><G129/><T7/><D38/><U110/><E110/><V134/><F134/><W76/><G71/><T104/><D104/><U52/><E132/><V97/><F97/><W121/><G67/><T73/><D73/><U120/><E120/><V17/><F63/><W8/><G121/><T35/><D61/><N who="1" m="40143" /><E96/><V78/><F78/><W106/><G47/><T128/><D128/><U44/><E12/><V70/><F70/><W4/><G4/><T80/><D80/><U130/><E130/><V62/><F62/><W50/><G50/><T30/><REACH who="0" step="1"/><D34/><REACH who="0" ten="240,250,250,250" step="2"/><U13/><E81/><V116/><F116/><W68/><G68/><T60/><D60/><U127/><N who="1" m="13312" /><DORA hai="21" /><U122/><E122/><V113/><F113/><W11/><G106/><T125/><D125/><U56/><E56/><V23/><F51/><W108/><G108/><T10/><AGARI ba="0,1" hai="3,7,10,18,20,25,27,30,35,92,94,95,100,101" machi="10" ten="30,11700,0" yaku="1,1,0,1,52,2,53,0" doraHai="39,21" doraHaiUra="58,57" who="0" fromWho="0" sc="240,127,250,-39,250,-39,250,-39" /><INIT seed="0,1,0,2,0,38" ten="367,211,211,211" oya="0" hai0="83,123,78,115,25,62,10,107,16,49,44,28,99" hai1="133,128,2,48,9,22,40,127,15,1,27,89,132" hai2="93,100,87,75,131,90,116,36,94,13,110,32,14" hai3="103,106,122,57,19,31,43,50,96,65,84,68,56"/><T8/><D115/><U21/><E89/><V6/><F110/><W20/><G122/><T126/><D123/><U69/><E69/><V0/><F131/><W74/><G74/><T37/><D37/><U61/><E61/><V81/><F32/><W120/><G31/><T117/><D117/><U109/><E127/><V104/><F116/><W72/><G72/><T135/><D126/><U34/><E109/><V4/><F4/><W7/><G7/><T41/><D135/><N who="1" m="51787" /><E128/><V125/><F125/><W39/><G39/><T52/><D107/><U86/><E86/><V60/><F94/><W79/><G68/><T92/><D28/><N who="1" m="19743" /><E48/><V114/><F114/><W88/><G79/><T71/><D71/><U42/><E21/><V24/><F60/><W18/><G65/><T98/><D98/><U105/><E22/><V101/><F100/><W129/><G18/><T64/><D64/><U73/><E73/><V118/><F75/><W85/><G85/><N who="0" m="48375" /><D25/><U70/><E70/><V113/><F24/><W67/><G67/><T45/><D16/><N who="1" m="8303" /><E105/><V17/><F104/><W63/><G120/><T46/><D8/><U111/><E111/><V82/><F113/><W3/><G63/><T23/><D10/><U5/><E5/><V91/><F87/><W51/><G129/><T80/><D23/><U58/><E58/><V12/><F6/><W124/><G51/><T97/><D97/><U102/><E102/><V108/><F101/><W30/><G124/><T95/><D99/><U59/><E59/><V77/><F108/><W55/><G96/><T53/><D62/><U112/><E112/><RYUUKYOKU ba="1,0" sc="367,-10,211,30,211,-10,211,-10" hai1="1,2,40,42" /><INIT seed="1,2,0,3,4,117" ten="357,241,201,201" oya="1" hai0="14,89,26,58,103,118,41,93,134,64,8,25,55" hai1="113,99,119,94,22,36,121,91,85,109,39,31,48" hai2="70,2,35,111,115,6,127,68,73,42,59,13,71" hai3="29,28,9,81,66,78,30,135,105,46,47,27,130"/><U17/><E119/><V3/><F73/><W33/><G105/><T116/><D134/><U108/><E113/><V38/><F35/><W84/><G135/><T21/><D116/><U4/><E31/><V56/><F111/><N who="1" m="42569" /><E4/><V129/><F115/><W132/><G130/><T18/><D118/><U107/><E48/><V32/><F32/><W110/><G66/><T80/><D41/><U53/><E53/><V5/><F13/><W101/><G101/><T61/><D80/><U60/><E60/><V52/><F127/><W72/><G72/><T1/><D103/><N who="1" m="62975" /><E121/><V24/><F24/><AGARI ba="2,0" hai="17,22,24,36,39,85,91,94" m="62975,42569" machi="24" ten="30,2900,0" yaku="14,1,10,1" doraHai="117" who="1" fromWho="2" sc="357,0,241,35,201,-35,201,0" /><INIT seed="1,3,0,2,1,48" ten="357,276,166,201" oya="1" hai0="0,4,96,105,72,57,104,99,102,126,29,67,11" hai1="116,40,89,56,78,54,69,39,43,107,7,5,122" hai2="90,59,87,123,26,111,128,38,65,13,32,17,119" hai3="60,100,108,125,130,93,50,45,103,75,62,20,41"/><U92/><E107/><V6/><F123/><W55/><G108/><T86/><D72/><U113/><E113/><V19/><F38/><W46/><G75/><T25/><D126/><U82/><E69/><V1/><F111/><W33/><G33/><T131/><D131/><U66/><E66/><V71/><F71/><W88/><G130/><T15/><D86/><N who="1" m="48471" /><E39/><V70/><F70/><W42/><G125/><T14/><D67/><U110/><E116/><V115/><F115/><W83/><G83/><T77/><D77/><U16/><E122/><V51/><F128/><W31/><G31/><T95/><D104/><U118/><E118/><V58/><F1/><W109/><G20/><T74/><D74/><U21/><E110/><V22/><F32/><W94/><G109/><T127/><D127/><U121/><E121/><V44/><F6/><N who="1" m="2057" /><E89/><V27/><F65/><W133/><G133/><T84/><D105/><U28/><E92/><V101/><F101/><N who="3" m="38987" /><G94/><T106/><D95/><U24/><E28/><V134/><F134/><W53/><G45/><T79/><D29/><U91/><E91/><V73/><F73/><W37/><G37/><T124/><D102/><U80/><E80/><N who="2" m="49511" /><F119/><W8/><G8/><T18/><D11/><U30/><E30/><V63/><F19/><W98/><G41/><T12/><D124/><U120/><E120/><V49/><F44/><W114/><G114/><T81/><D106/><U47/><E47/><V112/><F112/><W34/><G34/><T35/><D35/><U2/><E2/><V135/><F135/><W117/><G117/><T64/><D0/><RYUUKYOKU ba="3,0" sc="357,-15,276,15,166,-15,201,15" hai1="16,21,24,40,43,54,56" hai3="42,46,50,53,55,60,62,88,93,98" /><INIT seed="1,4,0,3,1,23" ten="342,291,151,216" oya="1" hai0="21,93,55,59,16,99,70,32,38,33,90,35,118" hai1="109,116,53,5,52,123,4,27,112,24,65,97,79" hai2="119,98,135,17,126,78,132,71,37,69,36,107,8" hai3="15,129,49,47,58,46,42,110,11,22,134,94,105"/><U57/><E112/><V74/><F119/><W7/><G110/><T43/><D118/><U48/><E123/><V86/><F8/><W31/><G105/><T30/><D70/><N who="2" m="26634" /><F17/><W51/><G129/><T121/><D121/><U113/><E113/><V29/><F29/><W64/><G134/><N who="2" m="51241" /><F86/><W54/><G94/><T122/><D122/><U72/><E65/><V124/><F98/><W14/><G64/><T13/><D30/><U66/><E66/><V9/><F9/><W3/><REACH who="3" step="1"/><G46/><REACH who="3" ten="342,291,151,206" step="2"/><T40/><REACH who="0" step="1"/><D38/><REACH who="0" ten="332,291,151,206" step="2"/><N who="2" m="14954" /><F107/><W44/><G44/><T125/><D125/><N who="2" m="48234" /><F78/><W133/><G133/><T56/><D56/><U100/><E57/><V117/><F117/><W20/><G20/><T91/><D91/><U12/><E79/><V82/><F82/><W60/><G60/><AGARI ba="4,2" hai="13,16,21,32,33,35,40,43,55,59,60,90,93,99" machi="60" ten="40,2600,0" yaku="1,1,54,1,53,0" doraHai="23" doraHaiUra="61" who="0" fromWho="3" sc="332,58,291,0,151,0,206,-38" /><INIT seed="2,0,0,0,2,42" ten="390,291,151,168" oya="2" hai0="103,102,91,109,92,8,27,120,37,45,25,105,39" hai1="133,53,97,46,117,10,69,84,6,71,20,67,76" hai2="100,131,7,49,40,0,32,82,26,104,134,59,24" hai3="110,62,74,66,13,16,48,122,55,28,126,61,21"/><V12/><F131/><W108/><G74/><T19/><D120/><U132/><E117/><V23/><F134/><N who="1" m="51817" /><E97/><V124/><F124/><W99/><G122/><T51/><D109/><N who="3" m="42089" /><G126/><T79/><D79/><U35/><E35/><V129/><F0/><W115/><G115/><T18/><D105/><U65/><E20/><V15/><F129/><W36/><G36/><T1/><D1/><U123/><E76/><V78/><F32/><W64/><G28/><T30/><D37/><U44/><E84/><V60/><F100/><W34/><G99/><T93/><D39/><U68/><E123/><V70/><F70/><W111/><G34/><T29/><D8/><U75/><E75/><V107/><F26/><W14/><G14/><T56/><D91/><U41/><E53/><V86/><F12/><W3/><G3/><T73/><D73/><U52/><E41/><V114/><F114/><W113/><G113/><T130/><D130/><U106/><E106/><V9/><F24/><W63/><G111/><T88/><D25/><U57/><E10/><V81/><F81/><W128/><G128/><T95/><D27/><U54/><E54/><V58/><F23/><W22/><G22/><T121/><D121/><U43/><E43/><V47/><F59/><AGARI ba="0,0" hai="13,16,21,48,55,59,61,62,63,64,66" m="42089" machi="59" ten="30,2000,0" yaku="14,1,54,1" doraHai="42" who="3" fromWho="2" sc="390,0,291,0,151,-20,168,20" /><INIT seed="3,0,0,4,2,108" ten="390,291,131,188" oya="3" hai0="111,123,13,132,57,15,115,51,14,126,58,17,63" hai1="79,16,2,10,26,110,74,131,46,97,56,18,55" hai2="93,62,90,118,76,66,134,40,24,129,8,33,135" hai3="22,20,5,34,91,100,95,88,3,89,94,35,81"/><W109/><G109/><T92/><D111/><U69/><E69/><V30/><F118/><W107/><G81/><T6/><D123/><U87/><E74/><V102/><F129/><W77/><G77/><T122/><D122/><U41/><E110/><V65/><F102/><W125/><G125/><T120/><D120/><U96/><E131/><V49/><F76/><W83/><G83/><T72/><D126/><U99/><E79/><V121/><F121/><W53/><G5/><T1/><D72/><U98/><E87/><V11/><F49/><W80/><G80/><T75/><D75/><U42/><E99/><V133/><F40/><W60/><G3/><T25/><D132/><U103/><E103/><V124/><F124/><W54/><G107/><T127/><D127/><U48/><E41/><V68/><REACH who="2" step="1"/><F65/><REACH who="2" ten="390,291,121,188" step="2"/><W7/><G100/><T29/><D51/><U117/><E117/><V113/><F113/><W36/><G91/><T114/><D114/><U39/><REACH who="1" step="1"/><E26/><REACH who="1" ten="390,281,121,188" step="2"/><V38/><F38/><W28/><G36/><T45/><D25/><U73/><E73/><V67/><F67/><W64/><G64/><T84/><D115/><U101/><E101/><V52/><F52/><W12/><G53/><T21/><D63/><U4/><AGARI ba="0,2" hai="2,4,10,16,18,39,42,46,48,55,56,96,97,98" machi="4" ten="30,4000,0" yaku="1,1,0,1,54,1,53,0" doraHai="108" doraHaiUra="61" who="1" fromWho="1" sc="390,-10,281,60,121,-10,188,-20" /><INIT seed="4,0,0,1,1,86" ten="380,341,111,168" oya="0" hai0="99,119,24,126,123,49,52,37,131,114,38,63,69" hai1="108,124,21,9,94,134,22,118,117,2,62,112,87" hai2="43,103,74,36,1,97,95,57,25,28,79,55,12" hai3="66,58,109,3,0,101,105,111,4,39,11,89,40"/><T83/><D119/><U6/><E108/><V46/><F1/><W14/><G101/><T59/><D123/><U98/><E134/><V76/><F74/><W64/><G105/><T47/><D114/><U135/><E135/><V81/><F81/><W130/><G130/><T71/><D131/><U93/><E124/><V75/><F75/><W18/><G0/><T42/><D126/><U5/><E112/><V128/><F12/><W84/><G40/><T88/><D24/><U107/><E107/><V82/><F82/><W80/><G39/><T61/><D83/><U56/><E6/><V127/><F127/><W122/><G122/><T106/><D106/><U113/><E87/><V78/><F128/><W72/><G72/><T15/><D15/><U132/><E93/><V33/><REACH who="2" step="1"/><F76/><REACH who="2" ten="380,341,101,168" step="2"/><W17/><G109/><T7/><D7/><U85/><E5/><V120/><F120/><W20/><G111/><T41/><D99/><U34/><E2/><V133/><F133/><W96/><G3/><T68/><D88/><U116/><E132/><V102/><F102/><W13/><G4/><T67/><D61/><AGARI ba="0,1" hai="25,28,33,36,43,46,55,57,61,78,79,95,97,103" machi="61" ten="30,2000,0" yaku="1,1,7,1,53,0" doraHai="86" doraHaiUra="8" who="2" fromWho="0" sc="380,-20,341,0,101,30,168,0" /><INIT seed="5,0,0,1,5,7" ten="360,341,131,168" oya="1" hai0="105,80,10,74,114,56,100,90,104,34,27,18,78" hai1="131,88,119,113,120,1,70,89,36,103,14,102,4" hai2="111,123,75,52,22,42,63,68,86,13,95,53,67" hai3="26,126,0,77,16,72,127,30,6,81,132,48,110"/><U24/><E120/><V118/><F111/><W107/><G110/><T128/><D114/><U43/><E119/><V115/><F75/><W3/><G107/><T60/><D128/><U117/><E1/><V49/><F118/><W55/><G132/><T44/><D44/><U125/><E70/><V29/><F123/><W85/><G72/><T116/><D116/><U32/><E117/><V61/><F115/><W33/><G16/><T108/><D108/><U79/><E79/><V23/><F29/><W20/><G33/><T130/><D130/><U12/><E113/><V134/><F134/><W59/><REACH who="3" step="1"/><G6/><REACH who="3" ten="360,341,131,158" step="2"/><T96/><D104/><U91/><E4/><V93/><F42/><W8/><G8/><T2/><D34/><U65/><E32/><V28/><F28/><W35/><G35/><T73/><D73/><U50/><E131/><V122/><F122/><W15/><G15/><T40/><D40/><U37/><E12/><V87/><F13/><W69/><G69/><T112/><D112/><U82/><E14/><V106/><F106/><W64/><G64/><T31/><D18/><U124/><E65/><V62/><F67/><W83/><G83/><T58/><D10/><U109/><E109/><V54/><F68/><W11/><G11/><T21/><D31/><U9/><E9/><V98/><F95/><W47/><G47/><T17/><D17/><U5/><E5/><V101/><REACH who="2" step="1"/><F49/><REACH who="2" ten="360,341,121,158" step="2"/><W46/><G46/><T71/><D71/><U94/><E50/><V38/><F38/><W129/><G129/><T25/><D105/><U121/><E37/><V57/><F57/><RYUUKYOKU ba="0,2" sc="360,-15,341,-15,121,15,158,15" hai2="22,23,52,53,54,61,62,63,86,87,93,98,101" hai3="0,3,20,26,30,48,55,59,77,81,85,126,127" /><INIT seed="6,1,2,1,3,43" ten="345,326,136,173" oya="2" hai0="5,17,131,86,73,75,23,64,124,119,13,126,100" hai1="63,11,22,84,57,15,44,55,90,95,114,121,107" hai2="33,40,61,20,54,79,93,1,78,134,98,106,52" hai3="91,116,0,81,72,77,10,88,80,56,112,53,21"/><V135/><F33/><W38/><G116/><T117/><D131/><U12/><E107/><V104/><F1/><W103/><G103/><T87/><D100/><U118/><E118/><N who="0" m="45065" /><D64/><U85/><E114/><V69/><F69/><W94/><G38/><T42/><D5/><N who="1" m="3183" /><E121/><V29/><F104/><W67/><G67/><T48/><D86/><N who="1" m="52695" /><E44/><V82/><F106/><W60/><G112/><T31/><D31/><U127/><E127/><N who="0" m="48681" /><D87/><U8/><E22/><V66/><F40/><W27/><G81/><T130/><D130/><U41/><E41/><V76/><F82/><W70/><G70/><T26/><D13/><U102/><E102/><N who="2" m="60751" /><F66/><W36/><G36/><T115/><D115/><U59/><E57/><V25/><F61/><W128/><G128/><T46/><AGARI ba="1,2" hai="17,23,26,42,46,48,73,75" m="48681,45065" machi="46" ten="40,5200,0" yaku="12,1,18,1,52,1" doraHai="43" who="0" fromWho="0" sc="345,75,326,-14,136,-27,173,-14" /><INIT seed="7,0,0,4,5,129" ten="420,312,109,159" oya="3" hai0="107,67,66,130,3,30,96,74,85,79,117,116,75" hai1="102,94,16,24,35,86,133,80,38,83,112,122,105" hai2="10,41,91,65,84,5,68,14,119,114,28,69,12" hai3="88,77,76,20,25,109,132,95,11,58,115,87,15"/><W73/><G115/><T36/><D36/><U90/><E122/><V47/><F119/><W52/><G73/><T121/><D3/><U55/><E38/><V19/><F114/><W113/><G132/><T33/><D30/><U37/><E37/><V51/><F28/><N who="3" m="17447" /><G109/><T135/><D33/><U45/><E112/><V17/><F5/><N who="3" m="3567" /><G113/><T118/><D135/><U54/><E133/><V100/><F100/><W71/><G71/><T98/><D74/><U104/><E35/><V26/><F26/><W111/><G111/><T43/><D75/><U7/><E7/><V62/><F69/><W124/><G124/><T27/><D116/><U2/><E2/><V40/><F40/><W97/><G87/><T29/><D85/><U32/><E32/><V4/><REACH who="2" step="1"/><F14/><REACH who="2" ten="420,312,99,159" step="2"/><W21/><G21/><T101/><D117/><U56/><E24/><V0/><F0/><W126/><G126/><T123/><D27/><U103/><E104/><V18/><F18/><W9/><G9/><T6/><D118/><U92/><E16/><V49/><F49/><AGARI ba="0,1" hai="49,52,58,76,77,88,95,97" m="3567,17447" machi="49" ten="30,5800,0" yaku="8,1,54,2" doraHai="129" who="3" fromWho="2" sc="420,0,312,0,99,-58,159,68" /><INIT seed="7,1,0,1,1,62" ten="420,312,41,227" oya="3" hai0="70,134,54,0,73,32,43,57,102,22,46,9,120" hai1="19,50,37,49,104,36,129,75,83,85,81,96,10" hai2="101,28,100,112,38,40,26,111,121,47,110,64,42" hai3="8,88,135,68,125,45,76,29,114,94,11,109,17"/><W66/><G114/><T103/><D120/><U116/><E75/><V113/><F121/><W58/><G68/><T1/><D32/><U16/><E104/><V86/><F86/><W130/><G130/><T53/><D70/><U127/><E96/><V77/><F47/><W128/><G128/><T132/><D73/><U95/><E95/><V48/><F48/><W7/><G29/><T105/><D22/><U13/><E129/><V84/><F84/><W60/><G125/><T80/><D80/><U41/><E116/><V133/><F26/><W122/><G135/><T5/><D0/><U115/><E115/><V65/><F133/><N who="0" m="51306" /><D105/><U98/><E98/><V74/><F74/><W69/><G69/><T4/><D4/><U126/><E41/><V107/><F107/><W35/><G35/><T20/><D20/><U15/><E85/><V108/><F108/><W30/><G30/><T44/><D44/><U6/><E6/><V72/><F72/><W79/><G109/><T91/><D91/><U33/><E33/><V82/><F28/><W12/><G45/><T124/><D124/><U34/><E34/><V14/><F14/><N who="3" m="5407" /><G122/><T131/><D131/><U123/><REACH who="1" step="1"/><E10/><REACH who="1" ten="420,302,41,227" step="2"/><V27/><F27/><W51/><G51/><N who="0" m="28919" /><D43/><U78/><E78/><V18/><F77/><W71/><G71/><T92/><D92/><U61/><E61/><AGARI ba="1,1" hai="1,5,9,54,57,61,102,103" m="28919,51306" machi="61" ten="30,1000,0" yaku="20,1" doraHai="62" who="0" fromWho="1" sc="420,23,302,-13,41,0,227,0" owari="443,54.0,289,9.0,41,-46.0,227,-17.0" /></mjloggm>