<mjloggm ver="2.3"><GO type="169" lobby="0"/><UN n0="%E4%B8%89%E5%86%A0%E7%8E%8B%E3%83%BB%E5%B1%B1%E7%94%B0%E5%93%B2%E4%BA%BA" n1="%E4%BD%90%E8%97%A4%E3%82%AB%E3%82%A4%E3%82%B8" n2="%E3%82%A4%E3%83%B3%E3%83%87%E3%82%A3%E3%82%B4%E3%83%96%E3%83%AB%E3%83%BC" n3="%E8%87%AA%E6%83%9A%E3%82%8C%E3%83%AA%E3%83%BC%E3%83%81" dan="17,18,16,16" rate="2215.91,2233.31,2131.92,2086.64" sx="M,M,M,M"/><TAIKYOKU oya="0"/><INIT seed="0,0,0,3,3,107" ten="250,250,250,250" oya="0" hai0="53,80,24,54,5,11,120,73,109,21,130,77,132" hai1="51,134,68,81,133,118,45,32,76,6,125,111,92" hai2="87,110,135,89,131,116,25,117,104,113,42,128,58" hai3="55,26,112,64,78,108,105,30,15,96,93,46,86"/><T99/><D120/><U98/><E118/><N who="2" m="45675" /><F42/><W60/><G108/><T100/><D130/><N who="2" m="49706" /><F25/><W50/><G105/><T69/><D69/><U122/><E32/><V91/><F58/><W41/><G86/><T82/><D82/><U47/><E125/><V127/><F110/><W79/><G112/><T101/><D132/><N who="1" m="50795" /><E122/><V39/><F39/><W72/><G15/><T102/><D99/><U124/><E124/><V14/><F14/><W33/><G41/><T31/><REACH who="0" step="1"/><D109/><REACH who="0" ten="240,250,250,250" step="2"/><U126/><E111/><V12/><F135/><W3/><G96/><T70/><D70/><U10/><E68/><V43/><F127/><W97/><G97/><T36/><D36/><U38/><E38/><V13/><F113/><W65/><G93/><T20/><D20/><U7/><E126/><V95/><F104/><W62/><G33/><T103/><N who="0" m="25600" /><DORA hai="63" /><T106/><D106/><U67/><E98/><N who="2" m="57727" /><F43/><W23/><G23/><T75/><D75/><U74/><E74/><V123/><F123/><W88/><G72/><T85/><D85/><U0/><E10/><V56/><F87/><W28/><G28/><T59/><D59/><U19/><E47/><V9/><F56/><W129/><G30/><T66/><D66/><U49/><E67/><V94/><F9/><W44/><G64/><T83/><D83/><U29/><E45/><V37/><F37/><W57/><G65/><T114/><D114/><U16/><E81/><V4/><F94/><W52/><G46/><T17/><D17/><U48/><E92/><V121/><F121/><W8/><G129/><T18/><D18/><U115/><E19/><RYUUKYOKU ba="0,1" sc="240,30,250,-10,250,-10,250,-10" hai0="5,11,21,24,31,53,54,73,77,80" /><INIT seed="0,1,1,5,0,18" ten="270,240,240,240" oya="0" hai0="68,16,48,110,70,76,92,46,87,80,86,116,4" hai1="71,118,42,56,102,60,34,128,52,119,59,96,51" hai2="41,65,129,32,100,72,29,107,33,69,7,31,73" hai3="13,36,20,98,67,88,64,108,124,101,14,21,106"/><T50/><D116/><U95/><E128/><V111/><F111/><W61/><G108/><T89/><D110/><U135/><E135/><V90/><F90/><W134/><G36/><T35/><D35/><U133/><E133/><V63/><F129/><W85/><G134/><T62/><D4/><U126/><E126/><V83/><F83/><W91/><G124/><T82/><D62/><U30/><E71/><V47/><F29/><W6/><G91/><T127/><D127/><U115/><E115/><V78/><F78/><W120/><G120/><T74/><D50/><U40/><E34/><V109/><F7/><W27/><G14/><T54/><REACH who="0" step="1"/><D16/><REACH who="0" ten="260,240,240,240" step="2"/><U113/><E113/><V37/><F33/><W104/><G61/><T12/><D12/><U3/><E3/><V11/><F11/><W122/><G122/><T105/><D105/><U97/><E119/><V53/><F109/><W132/><G106/><T79/><AGARI ba="1,2" hai="46,48,54,68,70,74,76,79,80,82,86,87,89,92" machi="79" ten="20,7800,0" yaku="1,1,0,1,7,1,53,1" doraHai="18" doraHaiUra="49" who="0" fromWho="0" sc="260,101,240,-27,240,-27,240,-27" /><INIT seed="0,2,0,5,1,48" ten="361,213,213,213" oya="0" hai0="119,80,108,36,56,96,43,125,26,130,33,127,120" hai1="6,66,28,61,23,27,112,67,47,5,99,30,117" hai2="24,15,37,118,20,76,81,25,9,12,49,39,41" hai3="104,84,11,19,55,102,63,17,122,106,121,64,62"/><T107/><D119/><U79/><E117/><V89/><F89/><W42/><G42/><T14/><D120/><U97/><E112/><V57/><F15/><W131/><G131/><T114/><D114/><U50/><E79/><V32/><F32/><W38/><G38/><T70/><D130/><U135/><E135/><V123/><F123/><N who="3" m="47115" /><G84/><T124/><D70/><U129/><E30/><V128/><F128/><W82/><G82/><T34/><D108/><U74/><E74/><V126/><F126/><W29/><G29/><T40/><D14/><U3/><E129/><V44/><F25/><W115/><G102/><N who="0" m="62919" /><D80/><U59/><E67/><V91/><F91/><W58/><G115/><T133/><D133/><U101/><E3/><V35/><F35/><N who="0" m="13322" /><D26/><U53/><REACH who="1" step="1"/><E99/><REACH who="1" ten="361,203,213,213" step="2"/><V105/><F118/><W75/><G75/><T54/><D36/><U78/><E78/><V77/><F77/><W113/><G113/><T8/><D8/><U94/><AGARI ba="2,1" hai="5,6,23,27,28,47,50,53,59,61,66,94,97,101" machi="94" ten="20,16000,3" yaku="1,1,0,1,7,1,25,2,8,1,52,1,53,1" doraHai="48" doraHaiUra="22" who="1" fromWho="1" sc="361,-82,203,176,213,-42,213,-42" /><INIT seed="1,0,0,2,1,54" ten="279,379,171,171" oya="1" hai0="8,110,92,33,72,118,114,104,89,74,19,100,124" hai1="44,1,94,40,45,91,3,7,30,2,71,83,84" hai2="87,95,10,63,31,88,57,115,133,50,102,116,96" hai3="34,4,127,12,26,97,77,28,79,126,99,109,39"/><U59/><E71/><V16/><F116/><W36/><G4/><T123/><D19/><U35/><E35/><V61/><F133/><W131/><G12/><T125/><D8/><U122/><E30/><V101/><F31/><W64/><G64/><T112/><D33/><U15/><E122/><V32/><F32/><W17/><G17/><T29/><D29/><U5/><E15/><N who="2" m="7287" /><F115/><N who="0" m="44074" /><D118/><U82/><E45/><V55/><F101/><W130/><G26/><T106/><D110/><U49/><E7/><V98/><F102/><W119/><G28/><T25/><D25/><U70/><E70/><V23/><F23/><W105/><G34/><T48/><D123/><U134/><E134/><V43/><F43/><W85/><G105/><T52/><D100/><U65/><REACH who="1" step="1"/><E5/><REACH who="1" ten="279,369,171,171" step="2"/><V120/><F120/><W117/><G109/><T11/><D125/><U27/><E27/><V41/><F41/><W62/><G127/><T121/><D124/><U107/><E107/><V6/><F6/><W132/><G126/><T21/><D121/><U18/><E18/><V37/><F37/><W58/><G39/><T66/><D104/><U78/><E78/><V111/><F111/><W73/><G36/><T38/><D106/><U60/><AGARI ba="0,1" hai="1,2,3,40,44,49,59,60,65,82,83,84,91,94" machi="60" ten="40,12000,1" yaku="1,1,0,1,52,1,53,1" doraHai="54" doraHaiUra="47" who="1" fromWho="1" sc="279,-40,369,130,171,-40,171,-40" /><INIT seed="1,1,0,5,4,105" ten="239,499,131,131" oya="1" hai0="71,4,47,70,115,133,20,31,87,16,102,51,113" hai1="28,124,29,80,44,21,15,9,74,110,66,129,23" hai2="45,37,10,6,39,24,119,32,88,11,108,126,72" hai3="17,123,77,38,7,36,35,26,83,41,53,95,91"/><U13/><E129/><V22/><F108/><W97/><G123/><T5/><D31/><U78/><E124/><V12/><F119/><W118/><G118/><T85/><D102/><U42/><E110/><V54/><F126/><W65/><G65/><T92/><D92/><U60/><E28/><V14/><F32/><W61/><G7/><T59/><D59/><U101/><E101/><V90/><F72/><W116/><G41/><T67/><D51/><U109/><E109/><V131/><F37/><W2/><G2/><T56/><D47/><U84/><E74/><V1/><F1/><W100/><G100/><T76/><D76/><U127/><E127/><V25/><F131/><W33/><G116/><T107/><D56/><N who="1" m="37127" /><E29/><N who="2" m="17559" /><F25/><W81/><G35/><T48/><D67/><U52/><E42/><V49/><F39/><W50/><G33/><T55/><D107/><U121/><E121/><V8/><F8/><W27/><G27/><T103/><D103/><U89/><E78/><V73/><F73/><W68/><G77/><T40/><D40/><U120/><E120/><V57/><F57/><N who="3" m="34991" /><G68/><T82/><D71/><U75/><E75/><V112/><F112/><W135/><G38/><T64/><D70/><U30/><E30/><V98/><F98/><W134/><G36/><T86/><D113/><U125/><E125/><V99/><F99/><W34/><G34/><T128/><D115/><U0/><E0/><V122/><F122/><W69/><G69/><T132/><D128/><U94/><E9/><V58/><F45/><W114/><G114/><T63/><D64/><U46/><E44/><RYUUKYOKU ba="1,0" sc="239,-10,499,-10,131,30,131,-10" hai2="6,10,11,12,14,49,54,58,88,90" /><INIT seed="2,2,0,3,4,33" ten="229,489,161,121" oya="2" hai0="78,98,132,80,18,122,42,25,57,7,29,14,54" hai1="30,86,103,37,15,111,115,52,102,99,28,124,66" hai2="21,65,38,123,4,93,41,112,88,94,59,77,51" hai3="5,46,55,45,0,125,97,120,26,100,73,3,2"/><V20/><F112/><W91/><G120/><T133/><D42/><U89/><E37/><V44/><F123/><W48/><G125/><T61/><D122/><U71/><E111/><V39/><F77/><W76/><G91/><T96/><D7/><U74/><E74/><V134/><F134/><N who="0" m="51818" /><D14/><U118/><E66/><V16/><F93/><W56/><G26/><T70/><D18/><U53/><E71/><V43/><F21/><W62/><G5/><T35/><D70/><U128/><E128/><V107/><F107/><W126/><G126/><T127/><D127/><U49/><E115/><V27/><F4/><W19/><G19/><T32/><D32/><U17/><E118/><V22/><F22/><W79/><G73/><AGARI ba="2,0" hai="25,29,35,54,57,61,73,78,80,96,98" m="51818" machi="73" ten="30,1000,0" yaku="20,1" doraHai="33" who="0" fromWho="3" sc="229,16,489,0,161,0,121,-16" /><INIT seed="3,0,0,1,0,123" ten="245,489,161,105" oya="3" hai0="107,94,15,135,74,54,56,13,127,88,89,6,14" hai1="28,121,33,64,23,105,35,63,4,37,34,16,66" hai2="39,3,9,133,12,76,65,51,73,62,5,84,115" hai3="58,128,134,132,50,124,98,42,67,110,48,116,119"/><W59/><G98/><T60/><D107/><U2/><E37/><V86/><F115/><W41/><G128/><T17/><D127/><U49/><E105/><V46/><F51/><W113/><G67/><T29/><D74/><U90/><E121/><V81/><F12/><W44/><G44/><T61/><D135/><U38/><E38/><V95/><F95/><W36/><G36/><T25/><D25/><U126/><E126/><V93/><F93/><W102/><G102/><T53/><D53/><U85/><E28/><V26/><F26/><W43/><G124/><T125/><D29/><U96/><E96/><V75/><F75/><W108/><G43/><T77/><D77/><U112/><E112/><AGARI ba="0,0" hai="41,42,48,50,58,59,108,110,112,113,116,119,132,134" machi="112" ten="25,18000,2" yaku="22,2,34,3,52,2" doraHai="123" who="3" fromWho="1" sc="245,0,489,-180,161,0,105,180" /><INIT seed="3,1,0,5,4,3" ten="245,309,161,285" oya="3" hai0="64,103,83,35,0,118,18,65,81,55,36,87,22" hai1="26,17,31,44,34,76,90,114,15,104,5,57,105" hai2="61,72,41,39,48,7,125,52,14,53,88,112,11" hai3="12,24,84,110,70,93,135,120,28,8,91,46,6"/><W132/><G120/><T16/><D35/><U77/><E114/><V85/><F112/><W10/><G70/><T42/><D118/><U82/><E90/><V29/><F72/><W102/><G102/><T92/><D0/><U54/><E44/><V49/><F125/><W130/><G130/><T23/><D36/><U9/><E17/><V119/><F119/><W128/><G128/><T62/><D42/><U131/><E131/><V59/><F53/><W100/><G100/><T67/><D103/><U96/><E96/><V86/><F86/><W94/><G46/><T19/><D92/><U68/><E68/><V1/><F1/><W113/><G10/><T80/><D87/><U106/><REACH who="1" step="1"/><E82/><REACH who="1" ten="245,299,161,285" step="2"/><V40/><F29/><W111/><G113/><T89/><D89/><U129/><E129/><V97/><F97/><W33/><REACH who="3" step="1"/><G93/><REACH who="3" ten="245,299,161,275" step="2"/><T69/><D69/><U4/><E4/><V27/><F39/><W60/><G60/><AGARI ba="1,2" hai="5,9,15,26,31,34,54,57,60,76,77,104,105,106" machi="60" ten="40,2600,0" yaku="1,1,52,1,53,0" doraHai="3" doraHaiUra="109" who="1" fromWho="3" sc="245,0,299,49,161,0,275,-29" /><INIT seed="4,0,0,3,2,107" ten="245,348,161,246" oya="0" hai0="23,48,59,57,119,89,70,16,83,19,10,22,64" hai1="94,120,5,49,79,118,52,28,27,106,105,127,84" hai2="36,112,135,81,18,100,46,121,104,75,17,44,78" hai3="20,72,96,9,34,53,50,45,35,126,95,58,93"/><T7/><D70/><U102/><E120/><V98/><F121/><W2/><G126/><T76/><D119/><U6/><E118/><V86/><F112/><W99/><G72/><T67/><D89/><U90/><E127/><V21/><F135/><W134/><G134/><T26/><D59/><U92/><E79/><V74/><F18/><W3/><G20/><T31/><D48/><U43/><E43/><V47/><REACH who="2" step="1"/><F36/><REACH who="2" ten="245,348,151,246" step="2"/><W42/><G35/><T129/><D129/><U33/><E6/><V14/><AGARI ba="0,1" hai="14,17,21,44,46,47,74,75,78,81,86,98,100,104" machi="14" ten="30,8000,1" yaku="1,1,2,1,0,1,52,2,53,0" doraHai="107" doraHaiUra="51" who="2" fromWho="2" sc="245,-40,348,-20,151,90,246,-20" /><INIT seed="5,0,0,4,5,34" ten="205,328,241,226" oya="1" hai0="82,50,110,113,16,79,91,54,9,44,26,13,124" hai1="65,33,18,98,27,53,31,77,99,87,43,96,126" hai2="6,64,67,120,92,29,76,63,71,93,94,2,60" hai3="56,89,95,12,30,74,118,25,116,127,104,100,128"/><U78/><E126/><V81/><F29/><W35/><G128/><T122/><D124/><U52/><E43/><V109/><F109/><W1/><G127/><T57/><D110/><U21/><E65/><V61/><F120/><W130/><G74/><T8/><D122/><U45/><E87/><V102/><F102/><W24/><G130/><T28/><D113/><U0/><E0/><V73/><REACH who="2" step="1"/><F71/><REACH who="2" ten="205,328,231,226" step="2"/><W48/><G100/><T40/><D91/><U90/><E90/><V101/><F101/><W15/><G30/><T121/><D121/><U41/><E31/><V22/><F22/><W86/><G89/><T123/><D123/><U66/><E33/><V125/><F125/><W55/><G35/><T112/><D112/><U39/><E78/><V46/><F46/><W20/><G20/><T47/><D8/><AGARI ba="0,1" hai="2,6,8,60,61,63,64,67,73,76,81,92,93,94" machi="8" ten="40,2600,0" yaku="1,1,52,1,53,0" doraHai="34" doraHaiUra="108" who="2" fromWho="0" sc="205,-26,328,0,231,36,226,0" /><INIT seed="6,0,0,2,3,55" ten="179,328,267,226" oya="2" hai0="3,19,51,91,133,22,118,40,80,83,116,102,86" hai1="20,124,50,74,44,47,29,108,77,67,52,65,38" hai2="15,103,7,10,85,27,60,13,54,106,87,0,37" hai3="69,46,9,96,132,25,98,64,12,104,33,79,34"/><V72/><F72/><W70/><G132/><T92/><D3/><U107/><E108/><V123/><F123/><W11/><G79/><T24/><D133/><U128/><E107/><V130/><F37/><W49/><G11/><T134/><D134/><U2/><E2/><V66/><F27/><W41/><G98/><T121/><D121/><U39/><E128/><V76/><F54/><W122/><G122/><T35/><D35/><U21/><E124/><V18/><F130/><W95/><G104/><T16/><D102/><U114/><E114/><V101/><F106/><W81/><G81/><T45/><REACH who="0" step="1"/><D19/><REACH who="0" ten="169,328,267,226" step="2"/><U4/><E4/><V82/><F0/><W53/><G33/><T125/><D125/><U90/><E29/><V119/><F119/><AGARI ba="0,1" hai="16,22,24,40,45,51,80,83,86,91,92,116,118,119" machi="119" ten="40,8000,1" yaku="1,1,12,1,54,1,53,1" doraHai="55" doraHaiUra="36" who="0" fromWho="2" sc="169,90,328,0,267,-80,226,0" /><INIT seed="7,0,0,3,5,127" ten="259,328,187,226" oya="3" hai0="75,15,33,65,73,62,56,17,25,31,122,40,120" hai1="78,72,45,107,67,101,121,47,51,69,95,43,70" hai2="5,126,35,10,85,118,44,97,125,116,128,46,1" hai3="39,100,83,7,36,77,80,102,124,34,42,131,92"/><W3/><G34/><T103/><D40/><U16/><E121/><V52/><F46/><N who="3" m="23879" /><G83/><T54/><D75/><U109/><E109/><V0/><F35/><W21/><G21/><T4/><D73/><U113/><E107/><V94/><F85/><W108/><G124/><T18/><D4/><U133/><E16/><V114/><F114/><W38/><G92/><T28/><D28/><U32/><E32/><V98/><F5/><W96/><G102/><T60/><D103/><U71/><E95/><V6/><F94/><W50/><G50/><T2/><D18/><U89/><E89/><V59/><F44/><W117/><G117/><T84/><D84/><U66/><E101/><V115/><F115/><W63/><G63/><T88/><D88/><U55/><E113/><V30/><F30/><W74/><G108/><T13/><D17/><U87/><E87/><V8/><F6/><W64/><G64/><T105/><D65/><U82/><REACH who="1" step="1"/><E133/><REACH who="1" ten="259,318,187,226" step="2"/><V26/><F26/><W53/><G100/><T134/><D25/><U58/><E58/><V11/><F11/><N who="3" m="2559" /><G96/><T49/><D33/><U68/><E68/><V81/><F59/><W24/><G24/><T27/><D56/><U112/><E112/><V48/><F81/><W91/><G91/><T104/><D27/><U86/><E86/><V123/><F48/><AGARI ba="0,1" hai="43,45,47,48,51,55,66,67,69,70,71,72,78,82" machi="48" ten="40,1300,0" yaku="1,1,53,0" doraHai="127" doraHaiUra="130" who="1" fromWho="2" sc="259,0,318,23,187,-13,226,0" owari="259,6.0,341,44.0,174,-33.0,226,-17.0" /></mjloggm>