<mjloggm ver="2.3"><GO type="169" lobby="0"/><UN n0="%E3%82%84%E3%81%BE%E3%83%BC%E3%82%93" n1="%E8%88%AC%E5%8D%93%E6%B0%91%E3%81%AE%E6%9C%9D%E3%81%AF%E6%97%A9%E3%81%84" n2="%6A%79%61%6E%70%65%69%34" n3="%E6%87%90%E3%81%8F%E5%AE%B6%E7%95%9C" dan="19,17,16,16" rate="2300.05,2258.52,2099.16,2111.98" sx="M,M,M,M"/><TAIKYOKU oya="0"/><INIT seed="0,0,0,0,0,88" ten="250,250,250,250" oya="0" hai0="125,68,97,31,54,126,21,71,48,129,34,53,44" hai1="102,80,29,112,72,103,81,7,121,94,55,25,60" hai2="124,16,56,108,11,109,113,15,18,2,40,87,132" hai3="30,43,98,65,0,106,110,107,89,122,8,47,116"/><T6/><D34/><U50/><E121/><V64/><F113/><W120/><G116/><T51/><D6/><U115/><E7/><V78/><F132/><W105/><G30/><T133/><D133/><U119/><E60/><N who="2" m="37895" /><F40/><W35/><G35/><T76/><D76/><U114/><E119/><V23/><F2/><W17/><G65/><T63/><D31/><U118/><E118/><V14/><F87/><W92/><G110/><N who="2" m="42601" /><F78/><W33/><G33/><T19/><D129/><U39/><E39/><V104/><F124/><N who="0" m="47722" /><D63/><U1/><E1/><V130/><F104/><W84/><G0/><T22/><D97/><N who="1" m="59703" /><E103/><V74/><F74/><W36/><G8/><T49/><D49/><U66/><E66/><V38/><F38/><W90/><REACH who="3" step="1"/><G17/><REACH who="3" ten="250,250,250,240" step="2"/><T9/><D9/><U86/><E112/><V96/><F130/><W111/><G111/><T91/><D19/><U82/><E114/><V127/><F127/><W62/><G62/><T95/><D21/><U26/><E29/><V42/><F18/><W4/><G4/><T70/><D22/><U134/><E115/><V52/><F23/><W45/><G45/><N who="0" m="27887" /><D68/><U28/><E28/><V73/><F16/><W131/><G131/><T123/><D123/><U128/><E128/><V69/><F69/><W117/><G117/><T20/><D20/><U57/><E134/><V24/><F11/><W75/><G75/><T32/><D32/><U3/><E3/><V79/><F73/><W135/><G135/><T100/><D70/><U27/><E72/><V77/><F14/><W85/><G85/><AGARI ba="0,1" hai="25,26,27,50,55,57,80,81,82,85,86" m="59703" machi="85" ten="30,2000,0" yaku="8,1,52,1" doraHai="88" who="1" fromWho="3" sc="250,0,250,30,250,0,240,-20" /><INIT seed="1,0,0,5,0,132" ten="250,280,250,220" oya="1" hai0="68,7,81,129,1,72,125,30,102,78,108,48,121" hai1="35,17,94,128,133,115,130,15,103,131,86,61,113" hai2="23,95,34,37,106,6,119,127,13,36,79,18,32" hai3="91,77,54,60,47,3,42,63,51,43,12,87,70"/><U112/><E35/><V65/><F106/><W107/><G107/><T55/><D108/><U97/><E133/><V85/><F119/><W31/><G3/><T114/><D114/><U82/><E61/><V52/><F65/><W96/><G31/><T19/><D129/><U27/><E27/><V88/><F79/><W4/><G70/><T75/><D68/><U67/><E67/><V109/><F6/><W16/><G4/><T39/><D30/><U20/><E82/><V64/><F64/><W111/><G111/><T84/><D19/><U29/><E29/><V117/><F117/><W71/><G96/><T2/><D39/><N who="2" m="14922" /><F109/><W38/><G77/><T98/><D121/><U46/><E46/><V124/><F52/><W105/><G105/><T56/><D7/><U9/><E86/><V57/><F57/><W24/><G71/><T104/><D75/><U101/><E101/><V49/><F49/><W40/><G38/><T59/><D59/><U80/><E80/><V99/><F99/><W76/><G76/><T90/><D1/><U100/><E100/><V123/><F123/><W22/><REACH who="3" step="1"/><G24/><REACH who="3" ten="250,280,250,210" step="2"/><T33/><D2/><U93/><E93/><AGARI ba="0,1" hai="12,16,22,40,42,43,47,51,54,60,63,87,91,93" machi="93" ten="40,8000,1" yaku="1,1,2,1,8,1,54,1,53,0" doraHai="132" doraHaiUra="120" who="3" fromWho="1" sc="250,0,280,-80,250,0,210,90" /><INIT seed="2,0,0,2,3,55" ten="250,200,250,300" oya="2" hai0="73,111,27,12,131,127,42,49,74,26,52,41,88" hai1="93,21,107,91,57,16,113,64,123,71,83,90,134" hai2="72,14,48,122,75,38,95,61,33,51,20,114,19" hai3="70,66,100,125,130,22,37,59,135,110,36,119,79"/><V13/><F114/><W116/><G100/><T50/><D111/><U4/><E113/><V112/><F112/><W98/><G98/><T5/><D74/><U23/><E107/><V129/><F122/><W124/><G79/><T78/><D127/><N who="3" m="48713" /><G22/><T85/><D131/><U115/><E115/><V56/><F38/><W18/><G18/><T105/><D105/><U132/><E71/><V10/><F129/><W46/><G130/><T86/><D73/><U0/><E123/><V28/><F33/><W76/><G76/><T67/><D67/><U65/><E21/><V53/><F75/><W1/><G1/><T77/><D49/><U117/><E117/><N who="3" m="45130" /><G135/><N who="1" m="51754" /><E83/><V9/><F72/><W68/><G110/><T29/><D78/><U120/><E120/><V94/><F28/><W34/><G34/><T43/><D77/><U87/><E91/><V102/><F20/><W31/><G31/><T6/><D85/><U15/><E0/><V2/><F2/><W7/><G7/><N who="0" m="2571" /><D12/><U103/><E4/><V60/><F95/><W54/><G66/><T128/><D29/><U24/><E15/><V11/><F94/><W106/><G106/><T63/><D128/><U97/><E87/><V62/><F102/><W133/><G133/><T108/><D108/><U104/><E104/><V45/><REACH who="2" step="1"/><F14/><REACH who="2" ten="250,200,240,300" step="2"/><W8/><G36/><T80/><D50/><U109/><E109/><V32/><F32/><W126/><G126/><T17/><D17/><U69/><E103/><V30/><F30/><W84/><G37/><T101/><D101/><U44/><E23/><V121/><F121/><W92/><G92/><RYUUKYOKU ba="0,1" sc="250,15,200,-15,240,15,300,-15" hai0="26,27,41,42,43,52,63,80,86,88" hai2="9,10,11,13,19,45,48,51,53,56,60,61,62" /><INIT seed="2,1,1,1,3,132" ten="265,185,255,285" oya="2" hai0="54,23,104,92,107,24,93,35,21,83,85,70,121" hai1="101,88,20,114,48,120,33,95,131,125,45,3,102" hai2="118,17,100,66,76,4,1,7,90,98,99,29,9" hai3="134,59,44,87,65,53,42,10,110,130,109,133,94"/><V81/><F118/><W129/><G10/><T63/><D121/><U62/><E33/><V112/><F112/><W96/><G87/><T67/><D104/><U116/><E116/><V126/><F29/><W73/><G65/><T71/><D71/><U14/><E3/><V78/><F66/><W75/><G75/><T38/><D107/><U27/><E114/><V64/><F64/><W39/><G94/><T46/><D35/><U60/><E14/><V113/><F113/><W77/><G77/><T86/><D86/><N who="1" m="52631" /><E120/><V26/><F26/><W82/><G96/><T36/><D36/><U43/><E131/><N who="3" m="50186" /><G82/><T50/><D38/><U13/><E13/><V106/><F81/><W89/><G89/><T119/><D119/><U72/><E125/><V61/><F126/><W25/><G73/><T2/><D2/><U115/><E72/><V28/><F1/><W11/><G11/><T34/><D34/><U117/><E117/><V57/><F4/><W0/><G25/><T12/><D12/><U37/><E37/><V41/><F7/><W19/><G19/><T18/><D21/><U74/><E74/><V16/><F28/><W56/><G0/><T111/><D23/><U91/><E91/><V135/><F16/><W5/><G5/><T84/><D18/><N who="1" m="12695" /><E115/><V68/><F9/><W51/><G59/><T15/><D70/><U55/><E43/><V105/><F41/><W30/><G30/><T123/><D123/><U31/><E31/><V80/><F90/><W97/><G97/><T22/><D24/><U128/><E128/><V69/><F69/><W8/><G8/><RYUUKYOKU ba="1,1" sc="265,-15,185,15,255,-15,285,15" hai1="45,48,55,60,62,101,102" hai3="39,42,44,51,53,56,109,110,133,134" /><INIT seed="3,2,1,3,5,93" ten="250,200,240,300" oya="3" hai0="44,111,30,103,109,9,84,16,48,135,112,127,8" hai1="126,61,56,115,40,13,71,50,117,91,49,128,7" hai2="5,60,55,90,24,104,38,105,29,123,119,94,35" hai3="17,18,11,73,118,87,82,106,77,96,26,42,22"/><W58/><G118/><T52/><D127/><U79/><E115/><V10/><F38/><W100/><G42/><T134/><D112/><U76/><E71/><V114/><F119/><W122/><G122/><T59/><D30/><U31/><E117/><V43/><F43/><W70/><G70/><T23/><D84/><U67/><E126/><V47/><F123/><W3/><G3/><T37/><D103/><U80/><E31/><V27/><F27/><W46/><G46/><T98/><D98/><U62/><E62/><V95/><F95/><W78/><G78/><T101/><D101/><U86/><E128/><V64/><F55/><W28/><G11/><N who="0" m="4171" /><D44/><N who="1" m="25735" /><E50/><V65/><F47/><W25/><G25/><N who="0" m="14567" /><D37/><U83/><E83/><V34/><F34/><W75/><REACH who="3" step="1"/><G58/><REACH who="3" ten="250,200,240,290" step="2"/><T53/><D53/><U99/><E79/><V116/><F116/><W51/><G51/><T6/><D6/><U36/><E36/><V107/><F114/><W97/><G97/><T33/><D33/><U131/><E131/><V2/><F60/><W54/><G54/><T19/><D19/><AGARI ba="2,2" hai="17,18,19,22,26,28,73,75,77,82,87,96,100,106" machi="19" ten="40,3900,0" yaku="1,1,52,1,53,0" doraHai="93" doraHaiUra="89" who="3" fromWho="0" sc="250,-45,200,0,240,0,290,65" /><INIT seed="3,3,0,4,1,47" ten="205,200,240,355" oya="3" hai0="24,62,127,29,61,46,45,60,115,117,8,9,126" hai1="36,92,86,90,27,6,35,70,56,74,50,102,30" hai2="37,19,7,48,106,33,75,72,16,0,97,26,99" hai3="17,133,65,40,3,88,94,34,10,95,125,64,85"/><W122/><G122/><T131/><D117/><U118/><E118/><V12/><F37/><W43/><G34/><T113/><D24/><U51/><E70/><V57/><F106/><W52/><G133/><T93/><D93/><U120/><E120/><V79/><F79/><W78/><G125/><N who="0" m="47627" /><D29/><U110/><E110/><V1/><F19/><W77/><G3/><T49/><D131/><U5/><E74/><V22/><F0/><W55/><G10/><N who="0" m="4203" /><D49/><N who="1" m="18443" /><E35/><V87/><F87/><W11/><G11/><T111/><D111/><U76/><E36/><V82/><F75/><W81/><G17/><T39/><D39/><U21/><E76/><V44/><F57/><W32/><G32/><T91/><D91/><U63/><E102/><V66/><F66/><AGARI ba="3,0" hai="5,6,21,27,30,56,63,66,86,90,92" m="18443" machi="66" ten="30,7700,0" yaku="8,1,52,3" doraHai="47" who="1" fromWho="2" sc="205,0,200,86,240,-86,355,0" /><INIT seed="4,0,0,1,3,48" ten="205,286,154,355" oya="0" hai0="28,13,32,44,117,103,131,89,30,93,18,53,86" hai1="60,55,95,72,58,76,116,23,127,110,46,69,33" hai2="94,35,74,128,5,7,91,62,123,43,111,124,125" hai3="3,1,81,88,14,16,75,109,51,11,71,102,9"/><T63/><D117/><U112/><E33/><V8/><F111/><W113/><G109/><T133/><D133/><U2/><E110/><V78/><F123/><W79/><G113/><T73/><D131/><U100/><E116/><V12/><F128/><W36/><G36/><T15/><D73/><U107/><E2/><V98/><F35/><W66/><G102/><T0/><D0/><U68/><E127/><N who="2" m="48715" /><F43/><W82/><G71/><T83/><D13/><U59/><E107/><V34/><F34/><W87/><G66/><T97/><D32/><U37/><E112/><V80/><F62/><W31/><G31/><T61/><D61/><U126/><E126/><V45/><F45/><W108/><G108/><T40/><D40/><U17/><E37/><V84/><F84/><W129/><G129/><T92/><D92/><U135/><E46/><V64/><F64/><W121/><G121/><T10/><D63/><U70/><E135/><V90/><F91/><W96/><G96/><T29/><D29/><U57/><E72/><V50/><F50/><AGARI ba="0,0" hai="10,15,18,28,30,44,50,53,83,86,89,93,97,103" machi="50" ten="40,12000,1" yaku="25,2,8,1,52,1" doraHai="48" who="0" fromWho="2" sc="205,120,286,0,154,-120,355,0" /><INIT seed="4,1,0,0,4,110" ten="325,286,34,355" oya="0" hai0="63,105,41,42,74,22,55,131,9,54,84,56,30" hai1="80,128,134,104,116,125,99,15,1,57,23,3,87" hai2="38,13,79,47,18,91,120,50,59,45,65,94,21" hai3="53,25,62,52,126,90,86,48,96,88,78,10,26"/><T71/><D74/><U20/><E116/><V7/><F120/><W51/><G126/><T31/><D105/><U58/><E104/><V122/><F122/><W106/><G106/><T101/><D71/><U69/><E69/><V81/><F38/><W16/><G62/><T66/><D101/><U100/><E125/><V133/><F133/><W29/><G29/><T5/><D131/><U67/><E3/><V89/><F7/><W92/><G78/><T76/><D42/><U33/><E33/><V119/><F119/><W82/><G48/><T14/><D41/><U36/><E1/><V72/><F91/><W27/><G51/><T83/><D22/><U115/><E36/><V70/><F70/><W127/><G127/><T4/><D4/><U135/><E128/><V19/><F19/><W103/><G103/><T46/><D46/><U43/><E43/><V102/><F102/><W6/><REACH who="3" step="1"/><G16/><REACH who="3" ten="325,286,34,345" step="2"/><T85/><D85/><U98/><E100/><V118/><F118/><W132/><G132/><T124/><D124/><U12/><E87/><N who="2" m="52543" /><F65/><W107/><G107/><T24/><D24/><U109/><E67/><V77/><F77/><W93/><G93/><T40/><D40/><U108/><E80/><V117/><F117/><W113/><G113/><AGARI ba="1,1" hai="12,15,20,23,57,58,98,99,108,109,113,115,134,135" machi="113" ten="25,6400,0" yaku="22,2,52,2" doraHai="110" who="1" fromWho="3" sc="325,0,286,77,34,0,345,-67" /><INIT seed="5,0,0,3,1,123" ten="325,363,34,278" oya="1" hai0="82,83,54,88,115,33,31,43,80,51,18,23,25" hai1="41,27,19,125,94,78,8,72,15,7,58,75,133" hai2="129,101,30,124,111,45,37,60,118,13,102,130,46" hai3="127,48,92,99,11,110,38,5,16,1,126,74,4"/><U9/><E125/><N who="3" m="47626" /><G74/><T114/><D43/><U120/><E120/><V35/><F124/><W77/><G38/><T104/><D104/><U53/><E133/><V73/><F118/><W100/><G77/><T59/><REACH who="0" step="1"/><D88/><REACH who="0" ten="315,363,34,278" step="2"/><U131/><E41/><V65/><F73/><W84/><G4/><T44/><D44/><U134/><E134/><V47/><F37/><W86/><G110/><T91/><D91/><U42/><E42/><V109/><F102/><W105/><G105/><T117/><D117/><U52/><E78/><V36/><F101/><W119/><G119/><T95/><D95/><U113/><E94/><V122/><F36/><W108/><G108/><N who="2" m="41545" /><F122/><W20/><G48/><T132/><D132/><U67/><E75/><V70/><F47/><W28/><G28/><T121/><D121/><U24/><E72/><V21/><F46/><W68/><G68/><T135/><D135/><U3/><E58/><V63/><F45/><W61/><G61/><T57/><D57/><U50/><E50/><V103/><F103/><W96/><G96/><T34/><D34/><U69/><E69/><V85/><F63/><W87/><G87/><T2/><D2/><U116/><E3/><V26/><F85/><W29/><G29/><T64/><D64/><U17/><E67/><V62/><F62/><W107/><G107/><T0/><D0/><U40/><E40/><V93/><F93/><W89/><G100/><T6/><D6/><U79/><E7/><V112/><F112/><W76/><G76/><T49/><D49/><U12/><E113/><V56/><F70/><W128/><G128/><RYUUKYOKU ba="0,1" sc="315,10,363,-30,34,10,278,10" hai0="18,23,25,31,33,51,54,59,80,82,83,114,115" hai2="13,21,26,30,35,56,60,65,129,130" hai3="1,5,11,16,20,84,86,89,92,99" /><INIT seed="6,1,1,0,3,98" ten="325,333,44,288" oya="2" hai0="117,23,125,2,63,88,61,62,118,82,87,134,59" hai1="106,12,20,16,27,124,33,85,29,31,15,104,107" hai2="113,93,122,73,36,41,54,9,109,48,17,115,80" hai3="14,100,110,64,101,96,91,111,19,25,30,38,130"/><V132/><F122/><W102/><G38/><T105/><D134/><U81/><E124/><V112/><F132/><W114/><G114/><T24/><D125/><U127/><E127/><V10/><F109/><W70/><G130/><T57/><D2/><U92/><E92/><V83/><F41/><W95/><G70/><T42/><D105/><U5/><E5/><V86/><F36/><W120/><G120/><T99/><D99/><U90/><REACH who="1" step="1"/><E33/><REACH who="1" ten="325,323,44,288" step="2"/><V55/><F93/><W67/><G111/><T44/><D117/><U45/><E45/><V50/><F73/><W56/><G110/><T34/><D34/><U46/><E46/><V0/><F0/><W121/><G121/><T133/><D133/><U32/><E32/><V94/><F94/><W51/><G30/><AGARI ba="1,2" hai="12,15,16,20,27,29,30,31,81,85,90,104,106,107" machi="30" ten="40,2600,0" yaku="1,1,54,1,53,0" doraHai="98" doraHaiUra="39" who="1" fromWho="3" sc="325,0,323,49,44,0,288,-29" /><INIT seed="7,0,0,2,3,76" ten="325,372,44,259" oya="3" hai0="34,62,65,63,1,127,38,82,53,19,33,80,126" hai1="98,129,119,16,7,11,107,25,94,6,46,112,29" hai2="50,109,99,35,55,5,40,45,52,83,100,84,115" hai3="125,105,131,67,18,133,90,96,57,118,116,89,130"/><W102/><G18/><T74/><D74/><U128/><E107/><V30/><F115/><W56/><G67/><T64/><D38/><U124/><E112/><V106/><F109/><W36/><G36/><T27/><D19/><U15/><E46/><V23/><F35/><N who="0" m="13322" /><D53/><U32/><E119/><N who="3" m="45610" /><G56/><T41/><D1/><U73/><E73/><V0/><F0/><W61/><G57/><T85/><D85/><U101/><E124/><N who="0" m="47657" /><D41/><U111/><E111/><V58/><F58/><W43/><G43/><T95/><D95/><U66/><E66/><N who="0" m="25705" /><D27/><U120/><REACH who="1" step="1"/><E120/><REACH who="1" ten="325,362,44,259" step="2"/><V59/><F59/><W77/><G125/><T93/><D93/><U47/><E47/><V2/><F2/><W42/><G42/><T54/><D54/><U44/><E44/><V3/><F3/><W49/><G49/><T135/><D135/><U28/><E28/><V17/><F30/><W8/><G61/><AGARI ba="0,1" hai="61,62,63,80,82" m="25705,47657,13322" machi="61" ten="40,8000,1" yaku="28,2,18,1,52,2" doraHai="76" who="0" fromWho="3" sc="325,90,362,0,44,0,259,-80" owari="415,52.0,362,16.0,44,-46.0,179,-22.0" /></mjloggm>