<mjloggm ver="2.3"><GO type="169" lobby="0"/><UN n0="%E4%BE%8D" n1="%E3%83%A1%E3%83%A9%E3%82%BE%E3%83%BC%E3%83%9E" n2="%E8%A1%9B%E8%97%A4%E7%BE%8E%E5%BD%A9" n3="%E8%87%AA%E6%83%9A%E3%82%8C%E3%83%AA%E3%83%BC%E3%83%81" dan="18,16,16,16" rate="2221.59,2131.06,2125.81,2085.05" sx="M,F,M,M"/><TAIKYOKU oya="0"/><INIT seed="0,0,0,4,1,67" ten="250,250,250,250" oya="0" hai0="104,22,107,6,94,106,61,127,105,112,43,11,31" hai1="63,98,90,89,133,76,56,23,29,13,103,124,72" hai2="125,88,130,78,108,97,109,51,47,46,128,17,25" hai3="44,18,64,15,12,121,87,132,93,118,65,71,100"/><T81/><D112/><U74/><E133/><V26/><F78/><W79/><G118/><T59/><D127/><U96/><E124/><V60/><F60/><W131/><G131/><N who="2" m="50217" /><F125/><W134/><G44/><N who="2" m="16937" /><F51/><W119/><G119/><T49/><D49/><U39/><E39/><V85/><F97/><W57/><G57/><T41/><D94/><U2/><E2/><V36/><F36/><W7/><G7/><T62/><D62/><U8/><E96/><V0/><F0/><W27/><G93/><T5/><D81/><U34/><E76/><V37/><F37/><W110/><G79/><T55/><N who="0" m="26624" /><DORA hai="129" /><T38/><D38/><U50/><E50/><V75/><F75/><W123/><G87/><T68/><D68/><U48/><E74/><V30/><F17/><W35/><G100/><T84/><D84/><U42/><E63/><V120/><F120/><W52/><G18/><T73/><D73/><U114/><E98/><V1/><F1/><W66/><G123/><T4/><REACH who="0" step="1"/><D11/><REACH who="0" ten="240,250,250,250" step="2"/><U113/><E8/><V21/><F25/><AGARI ba="0,1" hai="4,5,6,22,25,31,41,43,55,59,61" m="26624" machi="25" ten="70,18000,2" yaku="1,1,2,1,53,4" doraHai="67,129" doraHaiUra="101,9" who="0" fromWho="2" sc="240,190,250,0,250,-180,250,0" /><INIT seed="0,1,0,0,0,85" ten="430,250,70,250" oya="0" hai0="93,106,49,65,108,71,46,29,92,31,89,100,14" hai1="90,10,8,35,72,79,64,50,11,109,78,3,87" hai2="66,119,28,128,135,20,38,80,47,99,105,134,97" hai3="91,13,17,26,84,55,18,59,86,114,133,48,98"/><T96/><D108/><U81/><E109/><V63/><F128/><W110/><G133/><N who="2" m="50697" /><F119/><W125/><G125/><T82/><D82/><U61/><E35/><V75/><F105/><W42/><G114/><T12/><D106/><U113/><E113/><V34/><F34/><W74/><G74/><T24/><D65/><U51/><E3/><V52/><F28/><W67/><G42/><T115/><D71/><U103/><E103/><V104/><F104/><W54/><G67/><T121/><D121/><U116/><E116/><V7/><F7/><W21/><G55/><T23/><D31/><U117/><E117/><V62/><F20/><W132/><G110/><T30/><D29/><U25/><E25/><V127/><F127/><W56/><G56/><T43/><D115/><U37/><E37/><V19/><F19/><W33/><G33/><T41/><D43/><U53/><E72/><V102/><F102/><W73/><G73/><T118/><D118/><U9/><E9/><V101/><F101/><W131/><G131/><T57/><D57/><N who="1" m="36911" /><E51/><N who="2" m="28799" /><F38/><W5/><G5/><T6/><D6/><U126/><E126/><V22/><F22/><N who="3" m="11567" /><G132/><T123/><D123/><U39/><E39/><V83/><F62/><W68/><G21/><T36/><D36/><U32/><E32/><V88/><F75/><W15/><G26/><T16/><D30/><U76/><E11/><V0/><F0/><W27/><G27/><T70/><D70/><U77/><N who="1" m="19456" /><DORA hai="4" /><U122/><E122/><V124/><F124/><W58/><G68/><T69/><D69/><U130/><E130/><V107/><F107/><RYUUKYOKU ba="1,0" sc="430,15,250,15,70,-15,250,-15" hai0="12,14,16,23,24,41,46,49,89,92,93,96,100" hai1="8,10,50,53,81,87,90" /><INIT seed="0,2,0,1,1,119" ten="445,265,55,235" oya="0" hai0="19,28,77,27,52,26,85,89,116,55,7,0,131" hai1="21,130,81,63,24,12,39,82,68,49,100,104,96" hai2="124,79,103,46,128,53,98,2,76,18,30,10,70" hai3="45,4,93,112,106,134,29,56,20,25,42,58,97"/><T84/><D116/><U47/><E39/><V13/><F128/><W123/><G134/><T87/><D131/><U15/><E130/><V86/><F70/><W5/><G106/><T35/><D77/><U51/><E51/><V83/><F2/><W1/><G112/><T57/><D7/><U14/><E63/><V135/><F135/><W16/><G123/><T31/><D0/><U33/><E33/><V105/><F124/><W118/><G118/><T125/><D19/><U95/><E104/><V40/><F30/><W132/><G29/><T91/><D125/><U6/><E6/><N who="3" m="2666" /><G1/><T65/><D65/><U72/><E72/><V126/><F126/><W8/><G8/><T32/><REACH who="0" step="1"/><D55/><REACH who="0" ten="435,265,55,235" step="2"/><N who="1" m="30143" /><E68/><V94/><F53/><W36/><G132/><T41/><D41/><U117/><E117/><V110/><F110/><W114/><G114/><T99/><D99/><U71/><E71/><V73/><F73/><W101/><G42/><T109/><D109/><U108/><E108/><V59/><F59/><N who="3" m="22571" /><G36/><T107/><D107/><U74/><E74/><V3/><F3/><W44/><AGARI ba="2,1" hai="16,20,25,44,45,93,97,101" m="22571,2666" machi="44" ten="30,2000,0" yaku="8,1,54,1" doraHai="119" who="3" fromWho="3" sc="435,-12,265,-7,55,-7,235,36" /><INIT seed="1,0,0,0,0,102" ten="423,258,48,271" oya="1" hai0="63,95,67,99,13,134,124,41,89,33,10,119,29" hai1="43,97,107,78,62,121,110,112,122,103,86,94,73" hai2="1,130,18,66,77,38,5,106,120,84,24,4,108" hai3="49,0,135,64,25,3,81,129,117,31,90,27,32"/><U51/><E112/><V69/><F120/><W28/><G135/><T9/><D119/><U132/><E132/><V34/><F108/><W111/><G64/><T45/><D134/><U109/><E62/><V60/><F130/><W8/><G129/><T47/><D124/><U52/><E43/><V100/><F38/><W57/><G57/><T71/><D45/><U105/><E73/><V20/><F1/><W96/><G49/><T87/><D33/><U40/><E40/><V98/><F77/><W42/><G42/><T65/><D29/><U75/><E75/><V48/><F48/><W114/><G90/><T7/><D67/><U22/><E22/><V12/><REACH who="2" step="1"/><F84/><REACH who="2" ten="423,258,38,271" step="2"/><W127/><G111/><N who="1" m="42506" /><E86/><V93/><F93/><W92/><G92/><T44/><D87/><U50/><E50/><V104/><F104/><N who="1" m="40009" /><E78/><V54/><F54/><W118/><G114/><T2/><D41/><U68/><E68/><V133/><F133/><W72/><G72/><T76/><D76/><U83/><E83/><V131/><F131/><W91/><G81/><T82/><D82/><U37/><E37/><V55/><F55/><W46/><G117/><T36/><D36/><U126/><E126/><V88/><F88/><W30/><G91/><T115/><D115/><U80/><E80/><V21/><F21/><W39/><G118/><T113/><D113/><U16/><E52/><V61/><F61/><W15/><G127/><T123/><D123/><N who="1" m="47115" /><E51/><V70/><F70/><W11/><G39/><T14/><D9/><U6/><E94/><V74/><F74/><W116/><G116/><T23/><D23/><RYUUKYOKU ba="0,1" sc="423,15,258,-15,38,15,271,-15" hai0="2,7,10,13,14,44,47,63,65,71,89,95,99" hai2="4,5,12,18,20,24,34,60,66,69,98,100,106" /><INIT seed="2,1,1,2,4,79" ten="438,243,53,256" oya="2" hai0="106,39,42,111,62,11,61,82,64,20,115,1,25" hai1="21,93,84,102,31,129,9,113,48,34,2,91,73" hai2="101,110,13,131,94,124,37,80,0,56,63,120,38" hai3="7,128,44,133,35,51,10,33,69,66,86,50,30"/><V85/><F120/><W108/><G108/><T81/><D115/><U72/><E113/><V18/><F0/><W121/><G133/><T100/><D111/><U5/><E129/><V47/><F131/><W89/><G128/><T29/><D39/><U132/><E132/><V97/><F110/><W19/><G19/><T4/><D42/><U54/><E34/><V116/><F124/><W68/><G51/><T122/><D122/><U109/><E109/><V15/><F116/><W127/><G127/><T41/><D41/><U117/><E117/><V104/><F104/><W99/><G99/><T27/><D62/><U90/><E102/><V92/><F92/><W76/><G76/><T98/><REACH who="0" step="1"/><D25/><REACH who="0" ten="428,243,53,256" step="2"/><U3/><E3/><V114/><F114/><W24/><G121/><T75/><D75/><U74/><E74/><V12/><F47/><W60/><G60/><T67/><D67/><U55/><E72/><V8/><F37/><W78/><G66/><T6/><D6/><U59/><E73/><V119/><F38/><W16/><G7/><T40/><D40/><U52/><E48/><V17/><F119/><W88/><G24/><T125/><D125/><U71/><E5/><V112/><F112/><W23/><G50/><T135/><D135/><U43/><E43/><V49/><F49/><W26/><G26/><T22/><D22/><U130/><E21/><V45/><F45/><W107/><G23/><T126/><D126/><U32/><E2/><V53/><REACH who="2" step="1"/><F8/><REACH who="2" ten="428,243,43,256" step="2"/><W70/><G10/><T87/><D87/><N who="1" m="52447" /><E9/><V28/><F28/><W14/><G30/><T36/><D36/><RYUUKYOKU ba="1,3" sc="428,15,243,-15,43,15,256,-15" hai0="1,4,11,20,27,29,61,64,81,82,98,100,106" hai2="12,13,15,17,18,53,56,63,80,85,94,97,101" /><INIT seed="2,2,3,3,4,41" ten="443,228,58,241" oya="2" hai0="5,20,52,43,119,53,108,51,62,31,63,6,58" hai1="113,9,122,86,54,127,65,67,131,13,24,117,42" hai2="69,34,116,89,22,46,111,77,28,106,60,102,38" hai3="96,97,45,132,121,84,78,19,21,47,135,16,10"/><V35/><F116/><W0/><G121/><T18/><D108/><U90/><E117/><V71/><F89/><W23/><G0/><T99/><D119/><U126/><E113/><V14/><F77/><W82/><G10/><T107/><D31/><U105/><E105/><V48/><F38/><W56/><G56/><T57/><D107/><U49/><E42/><V64/><F71/><W93/><G135/><T81/><D99/><N who="3" m="37961" /><G93/><T112/><D112/><U128/><E24/><V88/><F111/><W40/><G40/><T134/><D134/><U101/><E101/><V70/><F70/><W26/><G132/><T80/><D43/><U103/><E103/><V83/><F102/><W30/><G19/><T100/><D100/><U59/><E67/><V120/><F106/><W29/><G29/><T114/><D51/><U1/><E65/><V7/><F120/><W68/><G68/><T133/><D133/><U76/><E1/><V94/><F83/><N who="0" m="31818" /><D114/><U104/><E104/><V33/><F28/><W37/><G37/><T44/><D44/><U79/><E122/><V8/><F22/><W66/><G66/><T74/><D74/><U92/><E79/><V36/><F36/><W130/><G130/><N who="1" m="49706" /><E76/><V50/><REACH who="2" step="1"/><F46/><REACH who="2" ten="443,228,48,241" step="2"/><W61/><G23/><T15/><AGARI ba="2,4" hai="5,6,15,18,20,52,53,57,58,62,63" m="31818" machi="15" ten="30,2000,0" yaku="8,1,54,1" doraHai="41" who="0" fromWho="0" sc="443,66,228,-7,48,-12,241,-7" /><INIT seed="3,0,0,4,5,12" ten="509,221,36,234" oya="3" hai0="60,35,81,30,55,114,10,58,48,33,128,78,110" hai1="71,29,66,62,8,45,31,84,6,69,51,83,88" hai2="106,63,99,127,90,67,53,105,3,124,36,112,0" hai3="79,28,47,22,73,42,70,41,130,134,133,46,113"/><W94/><G113/><T38/><D38/><U9/><E71/><V95/><F36/><W87/><G70/><T89/><D110/><U104/><E104/><V43/><F43/><N who="3" m="16395" /><G73/><T4/><D89/><U120/><E120/><V25/><F53/><W34/><G34/><T121/><D121/><U107/><E107/><N who="2" m="40971" /><F25/><N who="3" m="16439" /><G130/><T32/><D128/><U16/><E9/><V54/><F54/><W80/><G94/><T131/><D114/><U123/><E123/><V92/><F95/><W39/><G39/><T125/><D131/><U37/><E37/><V21/><F21/><W18/><G134/><T126/><D30/><U115/><E115/><V97/><F97/><W14/><G133/><T44/><D60/><U13/><E6/><V15/><F15/><W5/><G5/><T72/><D44/><U109/><E109/><V26/><F26/><W103/><G103/><T74/><D72/><U108/><E108/><V64/><F112/><W102/><G102/><T19/><D4/><U116/><E116/><V85/><F99/><W24/><G24/><T118/><D118/><U52/><AGARI ba="0,0" hai="8,13,16,29,31,45,51,52,62,66,69,83,84,88" machi="52" ten="20,16000,3" yaku="0,1,7,1,25,2,52,1,54,3" doraHai="12" who="1" fromWho="1" sc="509,-40,221,160,36,-40,234,-80" owari="469,57.0,381,18.0,-4,-50.0,154,-25.0" /></mjloggm>