<mjloggm ver="2.3"><GO type="169" lobby="0"/><UN n0="%E3%83%A1%E3%83%A9%E3%82%BE%E3%83%BC%E3%83%9E" n1="%E3%83%89%E3%82%B8%E3%83%A3%E3%83%BC%E3%82%B9" n2="%E7%99%BD%E3%83%90%E3%83%A9%E3%82%B3%E3%83%BC%E3%83%92%E3%83%BC" n3="%63%6C%75%74%63%68%37%33" dan="16,16,16,17" rate="2133.07,2151.87,2064.25,2172.34" sx="F,M,M,M"/><TAIKYOKU oya="0"/><INIT seed="0,0,0,2,2,88" ten="250,250,250,250" oya="0" hai0="40,102,108,65,68,103,7,18,132,76,42,14,2" hai1="82,85,1,29,41,32,100,129,56,61,111,101,64" hai2="36,118,51,127,37,79,43,70,21,67,60,49,27" hai3="31,53,96,34,25,5,30,0,121,26,9,83,104"/><T55/><D132/><U97/><E129/><V58/><F79/><W10/><G53/><T15/><D108/><U99/><E111/><V109/><F109/><W125/><G83/><T52/><D76/><U22/><E1/><V13/><F13/><W8/><G121/><T39/><D2/><U135/><E135/><V98/><F98/><W91/><G104/><T59/><D39/><N who="2" m="14922" /><F21/><W84/><G96/><T86/><D86/><U17/><E41/><N who="0" m="15977" /><D68/><U110/><E110/><V126/><F27/><N who="3" m="18783" /><G91/><T63/><D15/><U81/><E32/><V90/><F90/><W23/><G84/><T46/><D7/><U120/><E120/><V11/><F11/><N who="3" m="4171" /><G125/><N who="2" m="47625" /><F118/><W130/><G130/><T50/><D55/><U4/><E4/><V66/><F43/><W95/><G95/><T89/><D89/><U115/><E85/><V6/><F6/><W116/><G26/><T93/><D93/><N who="1" m="58415" /><E82/><V77/><F77/><W106/><G106/><T112/><D112/><U114/><E81/><V45/><F45/><W75/><G75/><T119/><D119/><AGARI ba="0,0" hai="0,5,10,23,25,31,116,119" m="4171,18783" machi="119" ten="30,2000,0" yaku="34,2" doraHai="88" who="3" fromWho="0" sc="250,-20,250,0,250,0,250,20" /><INIT seed="1,0,0,2,1,118" ten="230,250,250,270" oya="1" hai0="6,95,97,7,12,51,110,71,60,49,27,78,126" hai1="117,21,15,28,96,80,99,53,87,85,46,24,56" hai2="0,30,40,128,4,112,131,70,81,43,90,13,25" hai3="104,133,34,79,132,33,14,42,103,62,1,106,10"/><U31/><E117/><V121/><F70/><W93/><G1/><T127/><D110/><U107/><E107/><V130/><F112/><W48/><G79/><T29/><D78/><U68/><E68/><V17/><F4/><W135/><G62/><T63/><D12/><U36/><E31/><V66/><F66/><W18/><G93/><T84/><D84/><U64/><E64/><V8/><F0/><W39/><G39/><T55/><D51/><U22/><E36/><V109/><F109/><W74/><G74/><T101/><D6/><U120/><E120/><V72/><F72/><W37/><G37/><T61/><D7/><U3/><E46/><V86/><REACH who="2" step="1"/><F121/><REACH who="2" ten="230,250,240,270" step="2"/><W69/><G69/><T23/><REACH who="0" step="1"/><D71/><REACH who="0" ten="220,250,240,270" step="2"/><U94/><E3/><V92/><F92/><W89/><G106/><T116/><D116/><U9/><E94/><V20/><AGARI ba="0,2" hai="8,13,17,20,25,30,40,43,81,86,90,128,130,131" machi="20" ten="30,4000,0" yaku="1,1,0,1,19,1,53,0" doraHai="118" doraHaiUra="119" who="2" fromWho="2" sc="220,-10,250,-20,240,60,270,-10" /><INIT seed="2,0,0,5,5,30" ten="210,230,300,260" oya="2" hai0="20,19,31,24,130,108,2,122,34,3,88,117,59" hai1="56,105,4,50,60,92,121,26,104,33,109,123,58" hai2="41,135,70,78,23,11,43,48,81,87,125,89,65" hai3="0,102,66,42,84,8,1,73,52,106,35,7,83"/><V28/><F125/><W119/><G119/><T99/><D122/><N who="1" m="46603" /><E109/><V114/><F114/><W98/><G66/><T101/><D108/><U80/><E4/><V76/><F135/><W124/><G124/><T44/><D117/><U116/><E116/><V10/><F70/><W22/><G42/><T96/><D130/><U54/><E92/><V9/><F65/><W95/><G22/><T32/><D44/><U128/><E80/><V39/><F39/><W62/><G35/><T21/><D59/><U85/><E85/><V86/><F48/><W37/><G37/><T53/><D53/><N who="1" m="31799" /><E128/><V79/><REACH who="2" step="1"/><F86/><REACH who="2" ten="210,230,290,260" step="2"/><W15/><G73/><T36/><D36/><U133/><E133/><V82/><F82/><W127/><G127/><T57/><D3/><U91/><E60/><V6/><F6/><W75/><G75/><T67/><D2/><U72/><E72/><V46/><F46/><W61/><G1/><T47/><D47/><U18/><E58/><V27/><AGARI ba="0,1" hai="9,10,11,23,27,28,41,43,76,78,79,81,87,89" machi="27" ten="40,18000,2" yaku="1,1,0,1,8,1,53,3" doraHai="30" doraHaiUra="74" who="2" fromWho="2" sc="210,-60,230,-60,290,190,260,-60" /><INIT seed="2,1,0,1,4,9" ten="150,170,480,200" oya="2" hai0="102,70,79,127,22,119,65,125,67,120,32,81,88" hai1="118,47,109,71,34,131,108,21,72,77,46,78,41" hai2="62,122,73,60,45,35,26,132,133,134,0,135,27" hai3="44,66,90,63,61,128,74,16,37,36,42,107,110"/><V28/><F122/><W123/><G123/><T83/><D120/><U7/><E21/><V58/><F0/><W85/><G74/><T121/><D32/><U97/><E97/><V8/><F73/><W56/><G128/><T126/><D121/><U106/><E72/><V4/><F135/><W115/><G107/><T12/><D119/><U113/><E7/><V114/><F114/><W14/><G115/><T52/><D102/><U64/><E113/><V18/><F45/><W50/><G61/><T19/><D70/><U100/><E41/><V98/><F98/><W48/><G37/><T93/><D79/><U76/><E34/><V96/><F96/><W20/><REACH who="3" step="1"/><G110/><REACH who="3" ten="150,170,480,190" step="2"/><T69/><D69/><U75/><E75/><V3/><F62/><W29/><G29/><T23/><D67/><U11/><E64/><V57/><F60/><W6/><G6/><T82/><D65/><U30/><E30/><V5/><F4/><W55/><G55/><T33/><D33/><U92/><E131/><V80/><F18/><W25/><G25/><T124/><D52/><U101/><E71/><V24/><F27/><W43/><G43/><T1/><D1/><U2/><E108/><V31/><F24/><W51/><G51/><T49/><D49/><U104/><E109/><V84/><REACH who="2" step="1"/><F31/><REACH who="2" ten="150,170,470,190" step="2"/><W111/><G111/><T86/><N who="0" m="31744" /><DORA hai="87" /><T53/><D53/><U59/><E2/><V54/><F54/><W112/><G112/><T38/><D38/><U129/><E129/><V103/><F103/><W105/><G105/><T39/><D39/><U89/><E104/><V10/><F10/><AGARI ba="1,2" hai="10,12,19,22,23,81,82,83,86,88,93" m="31744" machi="10" ten="70,8000,1" yaku="6,1,18,1,52,2,54,1" doraHai="9,87" who="0" fromWho="2" sc="150,103,170,0,470,-83,190,0" /><INIT seed="3,0,0,0,2,90" ten="253,170,387,190" oya="3" hai0="16,44,124,108,3,135,19,36,129,78,11,98,59" hai1="96,15,128,84,56,80,29,6,64,131,58,60,18" hai2="33,31,79,27,30,25,85,2,46,9,71,105,39" hai3="83,102,91,73,4,115,87,54,17,125,13,86,57"/><W28/><G125/><T12/><D124/><U118/><E118/><V95/><F105/><W10/><G115/><T117/><D117/><U0/><E29/><V8/><F71/><W82/><G73/><T42/><D108/><U100/><E0/><V103/><F79/><W92/><G28/><T110/><D110/><U62/><E6/><V43/><F2/><W76/><G102/><T37/><D135/><U120/><E120/><V41/><F41/><W93/><G4/><T61/><D129/><U123/><E123/><V38/><F38/><W45/><G45/><T52/><D3/><U106/><E62/><AGARI ba="0,0" hai="10,13,17,54,57,62,76,82,83,86,87,91,92,93" machi="62" ten="30,11600,0" yaku="7,1,8,1,52,2" doraHai="90" who="3" fromWho="1" sc="253,0,170,-116,387,0,190,116" /><INIT seed="3,1,0,0,5,19" ten="253,54,387,306" oya="3" hai0="86,87,91,114,106,59,4,15,111,50,33,122,95" hai1="101,57,89,22,63,104,84,70,62,81,30,118,35" hai2="92,16,110,124,34,117,39,31,65,109,28,42,37" hai3="12,43,54,119,44,52,76,126,7,105,66,29,82"/><W23/><G119/><T25/><D122/><U10/><E118/><V64/><F117/><W60/><G105/><T102/><D111/><N who="2" m="42506" /><F124/><W131/><G131/><T96/><D114/><U115/><E115/><V32/><F92/><W121/><G126/><T17/><D4/><U120/><E35/><N who="2" m="13355" /><F42/><W61/><G121/><T133/><D133/><U2/><E70/><V55/><F55/><W129/><G129/><T45/><D59/><U85/><E120/><V41/><F41/><W69/><G61/><T112/><D112/><U71/><E71/><V88/><F88/><W68/><G68/><T3/><D87/><U128/><E63/><V97/><F97/><W51/><G7/><T58/><D58/><U56/><E56/><V72/><F16/><W75/><G29/><N who="2" m="11337" /><F72/><W27/><G27/><T80/><D25/><U67/><E128/><V74/><F74/><W93/><REACH who="3" step="1"/><G93/><REACH who="3" ten="253,54,387,296" step="2"/><T130/><D95/><U46/><E30/><V103/><F103/><W48/><G48/><T8/><D33/><U40/><E101/><V20/><F20/><W77/><G77/><T18/><D130/><U21/><E104/><V49/><F49/><W98/><G98/><T13/><D50/><U90/><E22/><V14/><F14/><W53/><G53/><T47/><D15/><U1/><E21/><V6/><F6/><W9/><G9/><N who="0" m="6319" /><D18/><AGARI ba="1,1" hai="12,18,23,43,44,51,52,54,60,66,69,75,76,82" machi="18" ten="40,7700,0" yaku="1,1,52,1,54,1,53,0" doraHai="19" doraHaiUra="5" who="3" fromWho="0" sc="253,-80,54,0,387,0,296,90" /><INIT seed="3,2,0,4,2,75" ten="173,54,387,386" oya="3" hai0="123,104,39,76,118,72,106,18,6,10,93,7,46" hai1="54,79,102,62,133,126,105,122,45,128,31,101,82" hai2="108,20,32,91,51,49,89,22,84,36,30,127,115" hai3="85,2,134,3,66,28,29,23,37,8,111,90,130"/><W12/><G37/><T64/><D118/><U132/><E31/><V71/><F115/><W119/><G119/><T57/><D123/><U120/><E62/><V9/><F71/><W40/><G134/><N who="1" m="51818" /><E54/><V107/><F107/><W56/><G130/><T70/><D18/><U4/><E45/><V65/><F65/><W0/><G40/><T16/><D70/><U86/><E4/><V112/><F9/><W110/><G66/><T116/><D7/><U14/><E14/><V92/><F108/><N who="3" m="41515" /><G56/><T88/><D16/><U96/><E128/><V44/><F36/><W53/><G53/><T95/><D57/><U100/><E126/><V77/><F127/><W87/><G87/><T113/><D64/><U117/><E117/><V131/><F112/><W41/><G41/><T59/><D59/><U17/><E17/><V83/><F51/><W78/><G23/><T5/><D39/><U125/><E125/><V11/><F11/><W129/><G129/><T109/><D10/><U80/><E80/><V15/><F22/><W1/><G1/><T47/><D116/><U63/><E63/><V52/><F131/><W81/><G12/><T58/><D58/><U38/><E38/><V73/><F20/><W68/><G68/><T27/><D47/><U135/><N who="1" m="51826" /><U13/><DORA hai="99" /><E13/><V94/><F15/><W33/><G8/><T97/><D46/><U124/><E124/><V50/><F50/><W34/><G29/><T42/><D42/><U60/><E60/><V121/><F30/><W48/><G48/><T67/><D109/><U114/><E114/><V69/><F49/><RYUUKYOKU ba="2,0" sc="173,-10,54,30,387,-10,386,-10" hai1="79,82,86,96,100,101,102,105,120,122" /><INIT seed="4,3,0,1,3,133" ten="163,84,377,376" oya="0" hai0="121,93,15,65,90,91,73,74,130,114,129,52,49" hai1="68,22,47,0,61,43,66,39,29,87,50,96,44" hai2="76,113,24,122,64,117,107,32,30,25,79,88,3" hai3="123,5,111,37,46,21,16,119,116,70,27,53,38"/><T59/><D121/><U19/><E0/><V31/><F122/><W109/><G70/><T105/><D105/><U125/><E29/><V40/><F113/><W85/><G123/><T97/><D114/><U51/><E96/><V131/><F131/><N who="0" m="50186" /><D65/><U120/><E120/><V134/><F134/><W84/><G5/><T12/><D90/><U132/><E132/><V103/><F3/><W112/><G112/><T82/><D82/><U102/><E102/><V89/><F40/><W48/><G85/><T26/><D26/><U42/><E87/><V100/><F64/><W110/><REACH who="3" step="1"/><G84/><REACH who="3" ten="163,84,377,366" step="2"/><T34/><D34/><U62/><E39/><AGARI ba="3,1" hai="16,21,27,37,38,39,46,48,53,109,110,111,116,119" machi="39" ten="50,6400,0" yaku="1,1,2,1,54,1,53,0" doraHai="133" doraHaiUra="95" who="3" fromWho="1" sc="163,0,84,-73,377,0,366,83" /><INIT seed="5,0,0,0,4,60" ten="163,11,377,449" oya="1" hai0="46,126,101,102,127,14,33,5,30,28,106,53,94" hai1="75,0,71,49,134,23,110,2,123,11,82,31,65" hai2="37,64,95,84,41,132,25,10,74,80,50,125,1" hai3="133,104,116,91,67,117,119,76,43,39,69,113,86"/><U68/><E123/><V131/><F131/><W105/><G113/><T70/><D70/><U62/><E134/><V103/><F125/><W15/><G76/><T54/><D106/><U3/><E110/><V122/><F132/><W107/><G133/><T44/><D14/><U36/><E36/><V78/><F122/><W48/><G39/><T77/><D77/><U129/><E129/><V81/><F25/><W87/><G15/><T35/><D94/><U22/><E11/><V19/><F19/><W98/><G98/><T20/><D20/><U34/><E68/><V118/><F50/><W100/><G100/><T115/><D5/><U90/><E49/><V73/><F73/><W89/><G67/><T124/><D124/><U13/><E13/><V97/><F118/><W66/><G66/><T24/><D24/><U4/><E4/><V7/><F81/><W109/><G69/><T83/><D83/><U42/><E42/><V111/><F111/><W96/><G109/><T112/><AGARI ba="0,0" hai="28,30,33,35,44,46,53,54,101,102,112,115,126,127" machi="112" ten="25,3200,0" yaku="0,1,22,2" doraHai="60" who="0" fromWho="0" sc="163,32,11,-16,377,-8,449,-8" owari="195,-20.0,-5,-51.0,369,17.0,441,54.0" /></mjloggm>