<mjloggm ver="2.3"><GO type="225" lobby="0"/><UN n0="%E8%A8%88%E7%AE%97%E6%A9%9F%E8%87%AA%E7%84%B6" n1="%64%61%7A%61%69" n2="%E3%81%AF%E3%82%88%E3%81%8A%E3%81%98%E3%81%95%E3%82%93" n3="%E5%AE%89%E8%97%A4%E3%82%AB%E3%82%B1%E3%83%AB" dan="18,16,17,16" rate="2280.80,2115.52,2120.50,2053.00" sx="M,M,M,M"/><TAIKYOKU oya="0"/><INIT seed="0,0,0,4,5,118" ten="250,250,250,250" oya="0" hai0="105,82,92,119,103,49,51,54,4,110,127,114,112" hai1="90,5,28,64,88,23,10,11,46,29,134,18,0" hai2="69,133,33,93,66,125,87,95,79,97,15,135,94" hai3="37,91,85,60,57,116,68,39,72,19,41,24,26"/><T43/><D119/><U107/><E134/><N who="2" m="51211" /><F33/><W9/><G116/><T76/><D105/><U78/><E107/><V86/><F15/><W50/><G72/><T73/><D127/><U126/><E126/><V77/><F66/><W59/><G68/><T117/><D117/><U131/><E131/><V13/><F13/><N who="3" m="7599" /><G39/><T122/><D4/><U99/><E10/><V8/><F69/><W36/><G36/><T42/><D110/><U16/><E64/><V96/><F8/><W45/><G37/><T56/><D122/><U7/><E7/><V67/><F67/><N who="3" m="39311" /><G59/><T113/><REACH who="0" step="1"/><D49/><REACH who="0" ten="240,250,250,250" step="2"/><U21/><E5/><V101/><F125/><W128/><G128/><T71/><D71/><U2/><E2/><V47/><F47/><W55/><G41/><T108/><D108/><U75/><E0/><V70/><F70/><W53/><G53/><T83/><D83/><AGARI ba="0,1" hai="24,26,45,50,55,83,85,91" m="39311,7599" machi="83" ten="30,2000,0" yaku="25,1,8,1" doraHai="118" who="3" fromWho="0" sc="240,-20,250,0,250,0,250,30" /><INIT seed="1,0,0,2,3,92" ten="220,250,250,280" oya="1" hai0="93,117,28,104,98,58,126,31,57,119,41,135,62" hai1="22,4,81,32,86,42,56,21,55,20,121,123,54" hai2="39,116,13,90,72,63,68,48,2,29,108,36,16" hai3="65,49,129,1,8,23,51,53,118,73,61,10,124"/><U106/><E32/><V79/><F2/><W130/><G73/><T133/><D104/><U127/><E127/><V99/><F116/><N who="0" m="44618" /><D41/><U24/><E106/><V44/><F29/><N who="0" m="11338" /><D62/><U11/><E24/><V110/><F79/><W107/><G118/><T122/><D126/><U64/><E42/><V101/><F90/><W75/><G75/><T89/><D122/><U132/><E132/><AGARI ba="0,0" hai="57,58,89,93,98,132,133,135" m="11338,44618" machi="132" ten="30,2000,0" yaku="20,1,52,1" doraHai="92" who="0" fromWho="1" sc="220,20,250,-20,250,0,280,0" /><INIT seed="2,0,0,0,4,110" ten="240,230,250,280" oya="2" hai0="78,36,21,12,2,69,104,105,22,31,134,14,54" hai1="100,106,76,67,47,11,63,49,111,89,96,8,4" hai2="77,19,103,72,18,102,135,3,42,56,5,128,68" hai3="115,80,95,39,50,41,133,65,62,84,27,15,33"/><V85/><F68/><W48/><G133/><T131/><D2/><U20/><E111/><V122/><F122/><W90/><G39/><T127/><D36/><U53/><E76/><V93/><F72/><W94/><G15/><T0/><D0/><U43/><E20/><V86/><F42/><W120/><G120/><T112/><D69/><U97/><E43/><V107/><F107/><W114/><G33/><T25/><D78/><U82/><E4/><V28/><F28/><W118/><G27/><T125/><D134/><U38/><E38/><V23/><F135/><W81/><G118/><T29/><D54/><U119/><E119/><V66/><F128/><W123/><G123/><T37/><D37/><U45/><E45/><V113/><F113/><N who="3" m="43019" /><G95/><T87/><D112/><U61/><E8/><V108/><F5/><W40/><G40/><T99/><D131/><U17/><E17/><V10/><F10/><W83/><G41/><T34/><D34/><U52/><E11/><V9/><F9/><W124/><G124/><T126/><D105/><U91/><E106/><V132/><F3/><W58/><AGARI ba="0,0" hai="48,50,58,62,65,80,81,83,84,90,94" m="43019" machi="58" ten="30,7900,0" yaku="11,1,52,3" doraHai="110" who="3" fromWho="3" sc="240,-20,230,-20,250,-39,280,79" /><INIT seed="3,0,0,0,0,109" ten="220,210,211,359" oya="3" hai0="83,64,79,10,75,129,123,105,130,33,94,37,82" hai1="59,47,5,45,86,91,51,62,112,54,96,25,106" hai2="14,126,89,119,34,38,114,70,116,41,7,101,3" hai3="113,121,0,40,120,31,53,49,132,15,88,134,97"/><W19/><G0/><T122/><D37/><U100/><E112/><V131/><F114/><W44/><G113/><T104/><D33/><U12/><E45/><N who="2" m="23735" /><F14/><W11/><G31/><T81/><D64/><U16/><E25/><V35/><F89/><W26/><G26/><T58/><D58/><U117/><E117/><N who="2" m="45131" /><F101/><W60/><G60/><T52/><D52/><U39/><E5/><V17/><F17/><W125/><G125/><T98/><D10/><U118/><E118/><V87/><F87/><W67/><G67/><T32/><D32/><N who="2" m="12330" /><F126/><W50/><G97/><T107/><D82/><U71/><E71/><V20/><F20/><W36/><G36/><T29/><D83/><U74/><E39/><V78/><F78/><W127/><G127/><T128/><D29/><U21/><E74/><V8/><F131/><W84/><G50/><T76/><D76/><U77/><E77/><V92/><F92/><N who="3" m="54279" /><G53/><T18/><D18/><U24/><E24/><V72/><F70/><W133/><AGARI ba="0,0" hai="11,15,19,40,44,49,120,121,132,133,134" m="54279" machi="133" ten="30,3000,0" yaku="20,1,54,1" doraHai="109" who="3" fromWho="3" sc="220,-10,210,-10,211,-10,359,30" owari="210,1.0,200,-30.0,201,-20.0,389,49.0" /></mjloggm>