<mjloggm ver="2.3"><GO type="225" lobby="0"/><UN n0="%E5%BE%80%E5%B9%B4%E3%81%AE%E3%82%B4%E3%83%AA%E3%83%A9" n1="%E3%83%95%E3%82%B5%E3%82%A6%E3%83%9F%E3%82%B3%E3%83%83%E3%83%97" n2="%E3%82%AF%E3%82%A3%E3%82%A6" n3="%6E%61%6F%6B%69%33%39" dan="16,17,16,17" rate="2101.95,2257.43,2080.53,2190.86" sx="M,M,M,M"/><TAIKYOKU oya="0"/><INIT seed="0,0,0,4,3,57" ten="250,250,250,250" oya="0" hai0="119,48,88,33,132,109,117,70,81,83,51,2,20" hai1="108,84,69,21,71,24,133,31,46,4,59,44,100" hai2="129,27,18,123,13,23,115,113,41,97,73,110,67" hai3="85,116,30,103,122,35,72,62,126,82,25,26,75"/><T99/><D33/><U135/><E108/><V128/><F73/><W54/><G116/><T106/><D2/><U22/><E4/><V93/><F41/><W131/><G103/><T96/><D109/><U105/><E105/><V0/><F67/><W12/><G131/><N who="2" m="50249" /><F110/><W114/><G114/><T38/><D106/><U104/><E104/><V86/><F86/><W16/><G26/><T79/><D38/><U11/><E11/><N who="2" m="6463" /><F123/><W102/><G122/><T37/><D37/><U90/><E100/><N who="2" m="60463" /><F0/><W61/><G102/><T76/><D70/><U125/><E71/><V3/><F3/><W77/><G75/><T53/><D53/><U107/><E69/><V118/><F118/><W47/><G72/><T64/><D64/><U32/><E107/><V36/><F36/><W45/><G126/><T6/><D6/><U130/><E125/><V120/><F120/><W15/><G15/><T17/><D17/><AGARI ba="0,0" hai="17,23,27,113,115" m="60463,6463,50249" machi="17" ten="30,1000,0" yaku="19,1" doraHai="57" who="2" fromWho="0" sc="250,-10,250,0,250,10,250,0" /><INIT seed="1,0,0,3,3,42" ten="240,250,260,250" oya="1" hai0="121,8,63,100,27,62,48,50,97,89,29,35,111" hai1="83,12,104,113,102,57,107,65,99,19,13,46,68" hai2="130,58,67,25,26,127,129,4,11,40,91,39,66" hai3="1,52,126,108,125,59,16,47,60,87,103,36,45"/><U20/><E113/><V96/><F127/><N who="3" m="48651" /><G1/><T28/><D111/><U17/><E68/><V61/><F96/><W105/><G36/><T86/><D121/><U131/><E131/><N who="2" m="50187" /><F91/><W132/><G108/><T112/><D112/><U5/><E5/><V22/><F22/><W53/><G132/><T117/><D117/><U78/><E107/><V101/><F101/><W84/><G53/><T77/><D77/><U114/><E114/><V69/><F67/><W43/><G43/><T109/><D109/><U110/><E110/><V134/><F134/><W30/><G30/><T54/><D29/><U118/><E118/><V93/><F93/><W23/><G103/><T37/><D37/><U115/><E115/><V95/><F95/><W80/><G105/><T123/><D123/><U15/><E20/><V73/><F73/><W38/><G38/><T49/><D54/><U70/><E70/><V2/><F69/><W32/><G32/><T133/><D133/><U79/><E79/><V90/><F90/><N who="3" m="51463" /><G87/><T56/><D100/><U7/><E7/><V64/><F64/><W24/><AGARI ba="0,0" hai="16,23,24,45,47,52,59,60" m="51463,48651" machi="24" ten="30,8000,1" yaku="18,1,52,2,54,2" doraHai="42" who="3" fromWho="3" sc="240,-20,250,-40,260,-20,250,80" /><INIT seed="2,0,0,0,4,29" ten="220,210,240,330" oya="2" hai0="125,75,129,55,23,102,52,41,83,1,69,31,135" hai1="12,17,67,134,109,64,114,131,127,97,121,56,26" hai2="32,91,128,35,2,47,48,11,34,133,123,76,9" hai3="7,63,105,117,90,93,119,38,80,0,46,33,25"/><V24/><F123/><W113/><G105/><T36/><D69/><U98/><E114/><V16/><F76/><W115/><G80/><T95/><D1/><U108/><E121/><V59/><F59/><W84/><G63/><T88/><D102/><U30/><E127/><V21/><F128/><W92/><G92/><T40/><D125/><U61/><E131/><V101/><F101/><W19/><G7/><T62/><D129/><U20/><E67/><V94/><F133/><W51/><G38/><T3/><D3/><U53/><E64/><V27/><F27/><W89/><G89/><T10/><D10/><U14/><E14/><V130/><F2/><W50/><G0/><T18/><D31/><U71/><E71/><V39/><F39/><W122/><G122/><T106/><D106/><U73/><E73/><V6/><F6/><W54/><G51/><T74/><D36/><U79/><E79/><V5/><F130/><W124/><G124/><T104/><D104/><U116/><E116/><V70/><F70/><W103/><G103/><T58/><D55/><U68/><E68/><V86/><REACH who="2" step="1"/><F5/><REACH who="2" ten="220,210,230,330" step="2"/><W22/><G117/><T72/><D135/><U111/><REACH who="1" step="1"/><E134/><REACH who="1" ten="220,200,230,330" step="2"/><V45/><F45/><W87/><G119/><T81/><D75/><U42/><E42/><AGARI ba="0,2" hai="9,11,16,21,24,32,34,35,42,47,48,86,91,94" machi="42" ten="40,12000,1" yaku="1,1,52,3,54,1,53,0" doraHai="29" doraHaiUra="96" who="2" fromWho="1" sc="220,0,200,-120,230,140,330,0" /><INIT seed="2,1,0,5,3,55" ten="220,80,370,330" oya="2" hai0="78,45,36,49,102,56,72,50,53,106,59,58,5" hai1="130,30,127,107,134,73,125,84,18,6,101,66,128" hai2="119,108,64,86,34,22,26,75,68,51,118,7,104" hai3="132,112,131,85,32,111,10,62,126,83,74,43,89"/><V2/><F75/><W52/><G32/><T0/><D106/><U31/><E6/><V93/><F104/><W11/><G43/><N who="0" m="22759" /><D102/><U48/><E66/><V63/><F34/><W96/><G74/><T35/><D35/><U110/><E73/><V121/><F121/><W97/><G111/><T100/><D100/><U115/><E48/><V129/><F129/><N who="1" m="49769" /><E84/><V99/><F108/><W60/><G131/><T12/><D12/><U39/><E39/><V29/><F86/><W14/><G112/><T13/><D13/><U3/><E110/><V71/><F51/><W77/><G10/><N who="0" m="2343" /><D53/><U4/><E115/><V38/><F38/><W87/><G62/><T133/><D133/><U88/><E101/><N who="2" m="60655" /><F7/><N who="3" m="3455" /><G132/><T120/><D120/><U61/><E107/><V44/><F2/><W116/><G116/><N who="2" m="44585" /><F44/><W76/><G96/><T54/><D54/><U65/><E134/><V98/><F98/><W15/><G97/><T9/><D9/><N who="1" m="2207" /><E88/><V122/><F122/><W27/><G89/><T37/><D37/><U103/><E103/><V81/><F81/><AGARI ba="1,0" hai="49,50,56,58,59,72,78,81" m="2343,22759" machi="81" ten="30,7700,0" yaku="25,1,52,3" doraHai="55" who="0" fromWho="2" sc="220,80,80,0,370,-80,330,0" /><INIT seed="3,0,0,4,1,89" ten="300,80,290,330" oya="3" hai0="33,6,101,112,135,60,36,115,122,38,21,72,117" hai1="56,28,111,25,86,30,8,127,15,83,69,4,81" hai2="105,124,40,43,129,71,99,97,121,85,76,100,7" hai3="80,73,42,44,77,91,92,50,20,67,2,47,98"/><W125/><G2/><T109/><D33/><U103/><E111/><V58/><F121/><W19/><G125/><T118/><D72/><U53/><E127/><V79/><F71/><W51/><G67/><T12/><D109/><U132/><E132/><V62/><F124/><W68/><G68/><T70/><D122/><U61/><E69/><V114/><F114/><W74/><G74/><T52/><D135/><U49/><E103/><V63/><F129/><W107/><G107/><T29/><D70/><U22/><E30/><V34/><F34/><W24/><G47/><T84/><D29/><U88/><REACH who="1" step="1"/><E61/><REACH who="1" ten="300,70,290,330" step="2"/><V11/><F63/><W32/><G32/><T87/><D101/><U113/><E113/><V3/><F97/><W59/><G59/><T46/><D60/><U10/><E10/><V14/><F3/><W95/><G95/><T45/><D115/><U39/><E39/><AGARI ba="0,1" hai="19,20,24,39,42,44,50,51,73,77,80,91,92,98" machi="39" ten="30,2900,0" yaku="7,1,52,1" doraHai="89" who="3" fromWho="1" sc="300,0,70,-29,290,0,330,39" owari="300,10.0,41,-46.0,290,-11.0,369,47.0" /></mjloggm>