<mjloggm ver="2.3"><GO type="169" lobby="0"/><UN n0="%E3%83%80%E3%83%9C" n1="%E3%81%AF%E3%81%98%E3%82%81%E3%81%A3%E3%81%A1" n2="%6B%79%6F%6E%6B%6F%31%31" n3="%E3%82%82%E3%82%8A%E3%81%96%E3%81%AD" dan="17,17,17,16" rate="2172.81,2220.58,2198.69,2182.70" sx="M,F,M,M"/><TAIKYOKU oya="0"/><INIT seed="0,0,0,1,5,59" ten="250,250,250,250" oya="0" hai0="84,122,124,70,116,90,85,67,35,72,128,0,96" hai1="15,94,77,123,114,89,87,61,36,109,42,110,54" hai2="112,133,52,64,22,47,20,3,80,24,74,68,29" hai3="26,34,103,38,121,27,83,30,18,9,5,56,33"/><T58/><D70/><U88/><E123/><V97/><F112/><W131/><G38/><T69/><D69/><U57/><E114/><V25/><F3/><N who="3" m="191" /><G56/><T13/><D72/><U118/><E118/><V115/><F133/><W37/><G83/><T53/><D67/><U60/><E77/><V102/><F115/><W45/><G103/><T23/><D35/><U127/><E127/><V21/><F74/><W39/><G45/><T134/><D134/><U111/><E15/><V10/><F80/><W19/><G37/><T117/><D0/><U98/><E42/><V113/><F113/><W104/><G104/><T48/><D124/><U43/><E43/><V2/><F64/><W28/><G39/><T126/><D126/><U66/><E36/><V12/><F68/><W107/><G107/><T7/><D122/><U14/><E14/><V32/><F2/><W82/><G82/><T95/><D128/><U76/><E76/><V1/><F1/><W65/><G65/><T86/><REACH who="0" step="1"/><D23/><REACH who="0" ten="240,250,250,250" step="2"/><U71/><REACH who="1" step="1"/><E87/><REACH who="1" ten="240,240,250,250" step="2"/><V11/><F12/><W41/><G121/><T62/><D62/><U78/><E78/><V6/><F6/><W17/><G131/><T93/><D93/><U106/><E106/><V49/><REACH who="2" step="1"/><F25/><REACH who="2" ten="240,240,240,250" step="2"/><W75/><G26/><T129/><D129/><U8/><E8/><AGARI ba="0,3" hai="7,8,13,48,53,58,84,85,86,90,95,96,116,117" machi="8" ten="40,2000,0" yaku="1,1,53,0" doraHai="59" doraHaiUra="101" who="0" fromWho="1" sc="240,50,240,-20,240,0,250,0" /><INIT seed="0,1,0,3,2,45" ten="290,220,240,250" oya="0" hai0="86,28,122,52,134,81,85,26,94,65,53,59,64" hai1="103,95,105,0,51,17,63,4,68,30,109,108,82" hai2="54,18,48,34,3,55,16,41,2,27,113,89,32" hai3="101,35,50,5,77,118,57,93,25,31,133,80,15"/><T24/><D122/><U92/><E30/><V123/><F123/><W97/><G133/><T62/><D134/><U13/><E82/><V1/><F113/><W47/><G118/><T69/><D69/><U75/><E75/><V106/><F106/><W22/><G57/><T71/><D71/><U125/><E125/><V119/><F119/><W58/><G58/><T91/><D65/><U36/><E36/><V73/><F73/><W102/><G102/><T79/><REACH who="0" step="1"/><D24/><REACH who="0" ten="280,220,240,250" step="2"/><U70/><E68/><V9/><F27/><W11/><G35/><AGARI ba="1,1" hai="26,28,35,52,53,59,62,64,79,81,85,86,91,94" machi="35" ten="30,11600,0" yaku="1,1,2,1,7,1,54,1,53,0" doraHai="45" doraHaiUra="66" who="0" fromWho="3" sc="280,129,220,0,240,0,250,-119" /><INIT seed="0,2,0,2,5,134" ten="409,220,240,131" oya="0" hai0="121,11,92,13,110,75,101,25,91,23,82,47,6" hai1="113,83,78,112,4,71,80,37,40,125,105,68,54" hai2="118,117,87,89,28,14,59,90,93,120,64,33,58" hai3="20,124,36,34,5,109,46,135,122,21,41,116,102"/><T126/><D121/><U26/><E105/><V77/><F120/><W24/><G122/><T43/><D126/><U115/><E80/><V69/><F77/><W97/><G116/><N who="2" m="44649" /><F28/><W119/><G119/><T50/><D110/><U19/><E4/><V67/><F33/><W131/><G135/><T3/><D3/><U133/><E133/><V39/><F39/><W22/><G109/><T95/><D101/><U128/><E128/><V15/><F69/><W38/><G131/><T106/><D106/><U2/><E2/><V48/><F48/><W130/><G5/><T127/><D127/><U81/><E81/><N who="2" m="49391" /><F59/><W56/><G56/><T63/><D63/><U60/><E125/><V45/><F45/><W76/><G130/><T132/><D132/><U99/><E54/><V42/><F42/><W123/><G76/><T100/><D100/><U16/><E60/><N who="2" m="37911" /><F67/><W55/><G55/><T31/><D75/><N who="1" m="43487" /><E99/><AGARI ba="2,0" hai="14,15,90,93,99" m="37911,49391,44649" machi="99" ten="30,1000,0" yaku="12,1" doraHai="134" who="2" fromWho="1" sc="409,0,220,-16,240,16,131,0" /><INIT seed="1,0,0,5,1,133" ten="409,204,256,131" oya="1" hai0="97,98,64,12,111,131,118,94,125,19,89,128,65" hai1="93,61,62,14,36,44,16,30,8,2,11,49,135" hai2="18,114,45,26,13,122,104,28,5,72,86,123,43" hai3="67,40,103,58,112,124,100,35,4,110,1,48,31"/><U53/><E135/><V82/><F104/><W119/><G112/><T132/><D118/><U6/><E36/><V56/><F72/><W41/><G119/><T27/><D27/><U70/><E70/><V22/><F56/><W69/><G69/><T37/><D37/><U29/><E93/><V129/><F129/><N who="0" m="49738" /><D132/><U47/><E47/><V39/><F5/><W85/><G85/><T91/><D111/><U79/><E79/><V127/><F127/><W102/><G110/><T20/><D125/><U55/><REACH who="1" step="1"/><E62/><REACH who="1" ten="409,194,256,131" step="2"/><V106/><F106/><W51/><G124/><T33/><D33/><U7/><E7/><V3/><F114/><W115/><G115/><T50/><D50/><U71/><E71/><V38/><F38/><W120/><G51/><T73/><D73/><U116/><E116/><V32/><F3/><W17/><G48/><T95/><AGARI ba="0,1" hai="12,19,20,64,65,89,91,94,95,97,98" m="49738" machi="95" ten="30,1100,0" yaku="19,1" doraHai="133" who="0" fromWho="0" sc="409,21,194,-5,256,-3,131,-3" /><INIT seed="2,0,0,4,0,105" ten="430,189,253,128" oya="2" hai0="1,30,14,68,42,79,35,93,73,53,109,45,7" hai1="122,32,50,19,97,40,83,106,11,91,62,112,31" hai2="90,54,84,120,114,127,34,88,21,58,76,82,134" hai3="41,44,70,67,33,117,51,24,9,98,5,95,119"/><V29/><F120/><W132/><G132/><T15/><D68/><U107/><E112/><V63/><F114/><W89/><G70/><T2/><D109/><U20/><E122/><V77/><F134/><W61/><G33/><T47/><D53/><U74/><E11/><V100/><F34/><W23/><G67/><T123/><D123/><U72/><E62/><V96/><F90/><W118/><G61/><T37/><D1/><U108/><E108/><V115/><F127/><W71/><G71/><T78/><D93/><U66/><E66/><V133/><F133/><W59/><G59/><T18/><D47/><U28/><E32/><V85/><F85/><W6/><REACH who="3" step="1"/><G9/><REACH who="3" ten="430,189,253,118" step="2"/><T130/><D2/><U39/><E20/><V60/><F60/><W3/><G3/><T0/><D0/><U80/><E107/><V65/><F115/><W94/><G94/><T43/><D35/><U25/><E106/><V64/><F64/><W92/><G92/><T10/><D10/><U27/><E83/><V113/><F113/><W81/><G81/><T12/><D45/><U104/><E80/><V38/><F65/><W126/><G126/><T101/><D7/><U103/><E104/><V52/><F63/><W17/><AGARI ba="0,1" hai="5,6,17,23,24,41,44,51,89,95,98,117,118,119" machi="17" ten="30,2000,0" yaku="1,1,0,1,53,0" doraHai="105" doraHaiUra="4" who="3" fromWho="3" sc="430,-5,189,-5,253,-10,118,30" /><INIT seed="3,0,0,4,4,23" ten="425,184,243,148" oya="3" hai0="26,84,61,0,52,59,122,91,113,44,119,42,95" hai1="25,99,133,129,94,45,72,88,135,134,115,108,2" hai2="67,19,121,30,87,28,48,110,77,125,56,49,41" hai3="89,11,12,36,116,38,98,117,92,103,65,118,71"/><W81/><G71/><T7/><D122/><U32/><E115/><V21/><F110/><W33/><G33/><T79/><D113/><U86/><E108/><V111/><F111/><W132/><G65/><T66/><D119/><U47/><E72/><V100/><F100/><W106/><G81/><T50/><D79/><U16/><E2/><V9/><F125/><W78/><G78/><T105/><D105/><U29/><E129/><V123/><F9/><W35/><G35/><T130/><D130/><U76/><E76/><V6/><F6/><W85/><REACH who="3" step="1"/><G132/><REACH who="3" ten="425,184,243,138" step="2"/><T75/><D75/><U101/><REACH who="1" step="1"/><E16/><AGARI ba="0,1" hai="11,12,16,36,38,85,89,92,98,103,106,116,117,118" machi="16" ten="40,7700,0" yaku="1,1,2,1,54,1,53,0" doraHai="23" doraHaiUra="24" who="3" fromWho="1" sc="425,0,184,-77,243,0,138,87" /><INIT seed="3,1,0,3,0,25" ten="425,107,243,225" oya="3" hai0="117,59,33,5,70,60,16,64,103,108,119,37,65" hai1="80,30,110,87,96,9,55,113,107,57,36,104,23" hai2="118,75,69,51,0,106,92,89,44,58,46,45,86" hai3="115,10,43,100,48,122,18,41,98,124,13,76,129"/><W19/><G115/><T91/><D33/><U3/><E113/><V56/><F118/><W79/><G122/><T74/><D74/><U53/><E110/><V27/><F69/><W4/><G124/><T40/><D5/><U125/><E36/><V116/><F116/><W82/><G129/><T22/><D108/><U61/><E125/><V35/><F0/><W114/><G76/><T123/><D123/><U1/><E55/><V29/><F106/><W99/><G99/><T126/><D126/><U84/><E84/><V93/><F75/><W131/><G131/><T134/><D103/><U24/><E9/><V6/><F6/><W132/><G132/><T105/><D105/><U47/><E47/><V95/><REACH who="2" step="1"/><F51/><REACH who="2" ten="425,107,233,225" step="2"/><W31/><G48/><T67/><D117/><U120/><E120/><V20/><F20/><W73/><G114/><T77/><D119/><U130/><E130/><V101/><F101/><W52/><G4/><T71/><D70/><U109/><E109/><V49/><F49/><W2/><G2/><T81/><D71/><U54/><E104/><V11/><F11/><W133/><G100/><T127/><D127/><U128/><E128/><V72/><F72/><W32/><G73/><T102/><D102/><N who="1" m="62919" /><E1/><V63/><F63/><W111/><G10/><T14/><D60/><U15/><E3/><V135/><F135/><W90/><G133/><T28/><D134/><U112/><E112/><V88/><F88/><W42/><G90/><T26/><D91/><N who="1" m="51687" /><E15/><V21/><F21/><N who="3" m="11471" /><G111/><T8/><D14/><U50/><E50/><V94/><AGARI ba="1,1" hai="27,29,35,44,45,46,56,58,86,89,92,93,94,95" machi="94" ten="30,4000,0" yaku="1,1,0,1,52,1,53,0" doraHai="25" doraHaiUra="78" who="2" fromWho="2" sc="425,-11,107,-11,233,53,225,-21" /><INIT seed="4,0,0,2,4,106" ten="414,96,286,204" oya="0" hai0="47,41,7,134,71,34,78,3,8,79,131,73,58" hai1="10,96,28,51,2,93,105,108,74,125,88,49,135" hai2="91,4,76,72,85,32,132,52,31,5,117,26,18" hai3="9,123,81,70,12,66,1,56,17,92,110,122,38"/><T63/><D71/><U21/><E108/><V25/><F132/><W94/><G38/><T100/><D34/><U113/><E135/><V89/><F117/><W124/><G70/><T86/><D73/><U107/><E125/><V48/><F89/><W80/><G124/><T127/><D134/><U35/><E35/><V98/><F98/><W77/><G80/><T50/><D127/><U90/><E113/><V64/><F64/><W68/><G1/><T75/><D86/><U15/><E2/><V95/><F18/><W112/><G112/><T19/><D131/><U40/><E74/><V20/><F26/><W53/><G66/><T6/><D6/><U13/><E40/><V69/><F32/><W60/><G68/><T14/><D75/><U33/><E33/><V24/><F24/><W130/><G130/><T102/><D102/><U30/><E96/><V46/><REACH who="2" step="1"/><F69/><REACH who="2" ten="414,96,276,204" step="2"/><W99/><G99/><T128/><D128/><U104/><E104/><V119/><F119/><W111/><G111/><T83/><D100/><U29/><E29/><V120/><F120/><N who="3" m="46123" /><G110/><T0/><D78/><U114/><E114/><V16/><F16/><W61/><G17/><T84/><D19/><U37/><E107/><V39/><F39/><W59/><G77/><T109/><D109/><U103/><E105/><V27/><F27/><W121/><G121/><T62/><D62/><U67/><E37/><V44/><F44/><W57/><G60/><T22/><D22/><U116/><E21/><V45/><F45/><W118/><G118/><T87/><D87/><N who="1" m="52383" /><E116/><V65/><F65/><AGARI ba="0,1" hai="0,3,7,8,14,41,47,50,58,63,65,79,83,84" machi="65" ten="30,5800,0" yaku="7,1,25,2" doraHai="106" who="0" fromWho="2" sc="414,68,96,0,276,-58,204,0" /><INIT seed="4,1,0,4,3,41" ten="482,96,218,204" oya="0" hai0="134,53,8,132,18,84,105,62,103,0,14,40,59" hai1="91,135,96,24,77,44,95,1,82,61,101,63,106" hai2="93,108,20,27,123,26,133,37,119,120,73,7,76" hai3="110,51,65,47,13,113,115,16,48,12,75,109,78"/><T39/><D0/><U15/><E135/><V128/><F133/><N who="0" m="51306" /><D84/><U111/><E111/><V38/><F108/><W21/><G65/><T28/><D28/><U22/><E1/><V32/><F119/><W29/><G29/><T68/><D68/><U55/><E15/><V25/><F7/><W56/><G56/><T9/><D9/><U10/><E10/><V125/><F32/><W81/><G48/><T129/><D129/><U124/><E124/><V5/><F5/><W90/><G12/><T54/><D54/><U104/><E104/><V102/><F20/><W69/><G69/><T122/><D122/><U79/><E79/><V71/><F71/><W88/><G109/><T118/><D118/><U46/><E106/><V127/><F128/><W86/><G110/><T35/><D35/><U94/><E77/><V6/><F6/><W131/><G131/><T97/><D40/><U23/><E82/><N who="2" m="45327" /><F123/><W117/><G117/><T98/><D98/><N who="1" m="57695" /><E23/><V114/><F120/><W31/><G31/><T17/><D39/><U4/><E4/><AGARI ba="1,0" hai="4,8,14,17,18,53,59,62,97,103,105" m="51306" machi="4" ten="30,1500,0" yaku="20,1" doraHai="41" who="0" fromWho="1" sc="482,18,96,-18,218,0,204,0" /><INIT seed="4,2,0,5,1,42" ten="500,78,218,204" oya="0" hai0="11,44,93,16,26,34,37,47,76,120,21,109,90" hai1="23,6,103,95,116,84,104,53,98,80,79,122,22" hai2="17,130,39,125,126,135,60,66,14,100,2,123,18" hai3="128,30,75,117,40,58,106,63,52,134,86,96,108"/><T67/><D120/><U25/><E116/><V27/><F123/><W35/><G117/><T72/><D37/><U32/><E122/><V28/><F39/><W57/><G108/><T115/><D34/><U129/><E129/><V19/><F100/><W81/><G128/><T50/><D109/><U9/><E32/><V127/><F130/><W101/><G134/><T59/><D115/><U61/><E104/><V15/><F135/><W55/><G40/><T1/><D76/><U13/><REACH who="1" step="1"/><E25/><REACH who="1" ten="500,68,218,204" step="2"/><V5/><F27/><W54/><G35/><T77/><D26/><U85/><E85/><V133/><F133/><W48/><G75/><T10/><D72/><U65/><E65/><V112/><F112/><W94/><G106/><T56/><D67/><U121/><E121/><V118/><F118/><W24/><G24/><T68/><D68/><U29/><E29/><V8/><F28/><W69/><G69/><AGARI ba="2,1" hai="2,5,8,14,15,17,18,19,60,66,69,125,126,127" machi="69" ten="50,1600,0" yaku="18,1" doraHai="42" who="2" fromWho="3" sc="500,0,68,0,218,32,204,-22" /><INIT seed="5,0,0,2,2,3" ten="500,68,250,182" oya="1" hai0="35,100,106,132,124,10,125,6,81,14,88,23,62" hai1="93,133,45,9,83,31,59,68,70,135,32,107,2" hai2="65,54,40,44,28,86,116,92,110,41,26,69,111" hai3="22,37,74,72,57,46,0,89,47,85,56,19,90"/><U21/><E107/><V105/><F105/><W113/><G0/><T15/><D35/><U87/><E32/><V95/><F116/><W108/><G108/><T99/><D132/><N who="1" m="50763" /><E93/><V123/><F123/><W20/><G113/><T128/><D128/><U84/><E45/><V127/><F127/><N who="0" m="48714" /><D62/><U52/><E31/><V71/><F44/><W33/><G33/><T55/><D55/><U77/><E21/><V42/><F54/><W91/><G85/><N who="0" m="50223" /><D23/><U109/><E87/><V4/><F86/><W67/><G67/><T131/><D131/><U27/><E27/><V78/><F26/><W5/><G90/><T119/><D119/><U122/><E122/><V79/><F42/><W80/><G80/><T112/><D112/><U50/><E109/><V130/><F65/><W16/><G37/><T101/><D100/><U53/><E53/><V98/><F130/><W48/><G48/><T73/><D73/><U129/><E129/><V38/><F38/><W96/><G96/><T51/><D51/><U11/><E11/><V103/><F98/><W29/><G29/><T17/><D17/><U120/><E120/><V8/><F8/><W7/><AGARI ba="0,0" hai="5,7,16,19,20,22,46,47,56,57,72,74,89,91" machi="7" ten="25,12000,2" yaku="0,1,22,2,52,2,54,1" doraHai="3" who="3" fromWho="3" sc="500,-30,68,-60,250,-30,182,120" /><INIT seed="6,0,0,1,5,128" ten="470,8,220,302" oya="2" hai0="13,75,15,11,81,104,66,78,5,6,108,29,94" hai1="91,40,12,33,16,48,121,103,133,100,117,34,82" hai2="134,64,58,18,54,52,110,62,92,31,80,17,77" hai3="38,60,57,42,112,37,115,7,19,109,119,28,32"/><V83/><F110/><W116/><G7/><T118/><D104/><U27/><E117/><N who="3" m="45130" /><G28/><T21/><D108/><U122/><E82/><V61/><F31/><W106/><G32/><T8/><D118/><U96/><E96/><V126/><F126/><W47/><G106/><T73/><D66/><U26/><E48/><V76/><F92/><W53/><G19/><T84/><D94/><U70/><E40/><V35/><F35/><W9/><G9/><T45/><D45/><U65/><E65/><V71/><F134/><W127/><G109/><T10/><D10/><U102/><E70/><V107/><F107/><W90/><G90/><T74/><D29/><U20/><E91/><V4/><F4/><W130/><G130/><T86/><D21/><U123/><E133/><V114/><F114/><N who="3" m="43563" /><G127/><T44/><D44/><U63/><E63/><V39/><F39/><AGARI ba="0,0" hai="37,38,39,42,47,53,57,60" m="43563,45130" machi="39" ten="30,7700,0" yaku="15,1,11,1,34,2" doraHai="128" who="3" fromWho="2" sc="470,0,8,0,220,-77,302,77" /><INIT seed="7,0,0,4,0,8" ten="470,8,143,379" oya="3" hai0="133,27,18,114,31,47,115,39,45,76,32,99,61" hai1="92,79,73,74,60,95,68,110,85,80,55,98,10" hai2="20,2,109,97,113,33,75,107,103,93,69,19,87" hai3="86,120,116,77,125,12,51,71,48,37,72,111,83"/><W134/><G116/><T58/><D133/><U65/><E110/><V108/><F69/><W52/><G120/><T101/><D76/><N who="1" m="44047" /><E55/><V57/><F33/><W30/><G134/><T11/><D39/><U82/><E10/><V62/><F75/><W106/><G111/><T22/><D11/><U26/><E26/><V119/><F119/><W64/><G125/><T127/><D127/><U24/><E24/><V5/><F113/><N who="0" m="43018" /><D18/><U41/><E41/><V53/><F5/><W124/><G124/><T66/><D32/><U70/><E60/><V90/><F2/><W15/><G106/><AGARI ba="0,0" hai="22,27,31,45,47,58,61,66,99,101,106" m="43018" machi="106" ten="30,2000,0" yaku="15,1,11,1" doraHai="8" who="0" fromWho="3" sc="470,20,8,0,143,0,379,-20" owari="490,59.0,8,-49.0,143,-26.0,359,16.0" /></mjloggm>