<mjloggm ver="2.3"><GO type="225" lobby="0"/><UN n0="%E3%83%96%E3%83%AB%E3%83%BC%E3%83%91%E3%83%B3%E3%83%80" n1="%E3%81%82%E3%82%89%E3%81%8C%E3%81%8D%E3%81%82%E3%82%84%E3%81%9B" n2="%E7%AB%8B%E8%8F%AF%E5%A5%8F" n3="%E3%83%8A%E3%83%99%E3%83%AA%E3%83%B3" dan="16,16,16,16" rate="2023.22,2150.04,2131.85,2111.41" sx="F,F,F,M"/><TAIKYOKU oya="0"/><INIT seed="0,0,0,3,1,61" ten="250,250,250,250" oya="0" hai0="89,90,73,123,117,28,124,97,110,98,9,25,21" hai1="107,126,83,74,71,23,130,132,92,58,79,51,100" hai2="87,86,41,33,36,85,95,135,114,19,96,27,76" hai3="31,54,2,35,65,8,91,4,121,1,115,118,7"/><T11/><D73/><U84/><E71/><V55/><F114/><W44/><G115/><T77/><D123/><U43/><E132/><V105/><F105/><W72/><G118/><T20/><D117/><U111/><E111/><V108/><F108/><W113/><G113/><T69/><D69/><U94/><E130/><V116/><F135/><W103/><G72/><T49/><D110/><U109/><E109/><V30/><F116/><W67/><G103/><T5/><D124/><U40/><E126/><V6/><F6/><W122/><G91/><N who="0" m="34827" /><D77/><U24/><E74/><V134/><F134/><W63/><G35/><T45/><D21/><U52/><E107/><V70/><F70/><W38/><G31/><T125/><D125/><U75/><E75/><V13/><F76/><W127/><G127/><T66/><D66/><U128/><E128/><V60/><F41/><N who="1" m="15945" /><E100/><V3/><F3/><W50/><G38/><T10/><D5/><U56/><E56/><V68/><F36/><W37/><G37/><T93/><D93/><U120/><E120/><N who="3" m="46186" /><G63/><T39/><D39/><U101/><E101/><V47/><F47/><W48/><G48/><T106/><D106/><U12/><E12/><V131/><F131/><W15/><G4/><T129/><D129/><U99/><E99/><V82/><F82/><W42/><G42/><AGARI ba="0,0" hai="9,10,11,20,25,28,42,45,49,97,98" m="34827" machi="42" ten="30,1500,0" yaku="8,1" doraHai="61" who="0" fromWho="3" sc="250,15,250,0,250,0,250,-15" /><INIT seed="0,1,0,5,3,11" ten="265,250,250,235" oya="0" hai0="69,66,63,62,86,134,40,92,72,43,60,7,90" hai1="50,80,77,16,105,30,84,129,29,131,81,45,100" hai2="117,27,113,111,12,118,125,48,91,51,96,124,98" hai3="75,2,89,22,34,122,57,31,56,73,108,17,47"/><T116/><D116/><N who="2" m="44650" /><F113/><W15/><G2/><T67/><D72/><U23/><E81/><V9/><F27/><W24/><G108/><T95/><D134/><U53/><E100/><V115/><F111/><W6/><G122/><T18/><D7/><U133/><E105/><V109/><F109/><W103/><G103/><T44/><D44/><U52/><E53/><V39/><F39/><W0/><G89/><T13/><D92/><U107/><E107/><V41/><F115/><W102/><G102/><T37/><D37/><U65/><E65/><N who="0" m="24585" /><D69/><U121/><E121/><V58/><F41/><W36/><G36/><T87/><D87/><U99/><E99/><N who="2" m="37931" /><F91/><W97/><G97/><T130/><D130/><N who="1" m="49675" /><E133/><V68/><F68/><W54/><G47/><T114/><D114/><U88/><E77/><V110/><F110/><W128/><G128/><T85/><D85/><U4/><E4/><N who="2" m="3111" /><F58/><W70/><G70/><T93/><D93/><U79/><E79/><V8/><F8/><AGARI ba="1,0" hai="8,13,18,40,43,60,62,63,86,90,95" m="24585" machi="8" ten="30,2900,0" yaku="8,1,52,1" doraHai="11" who="0" fromWho="2" sc="265,32,250,0,250,-32,235,0" /><INIT seed="0,2,0,1,2,107" ten="297,250,218,235" oya="0" hai0="108,93,49,22,115,36,0,102,96,69,113,116,12" hai1="51,15,88,119,60,73,10,129,125,106,45,124,35" hai2="52,6,65,84,47,101,81,8,134,85,118,103,63" hai3="46,40,29,41,80,130,5,48,132,79,61,99,114"/><T91/><D0/><U21/><E119/><V27/><F118/><W126/><G114/><T20/><D36/><U28/><E106/><V3/><F134/><W82/><G132/><T33/><D33/><U75/><E60/><V50/><F27/><W123/><G126/><N who="1" m="48746" /><E129/><V2/><F2/><W1/><G130/><T117/><D69/><U135/><E135/><V105/><F105/><W94/><G123/><T72/><D72/><N who="1" m="27723" /><E88/><V56/><REACH who="2" step="1"/><F85/><REACH who="2" ten="297,250,208,235" step="2"/><W26/><G26/><T25/><D25/><N who="1" m="16431" /><E35/><V62/><F62/><W55/><G61/><T120/><D117/><U32/><E32/><V83/><F83/><W17/><G82/><T76/><D116/><U19/><E51/><V59/><F59/><W64/><G48/><T112/><D49/><U37/><E37/><V74/><F74/><W92/><G80/><T42/><D115/><U7/><E45/><V16/><F16/><AGARI ba="2,1" hai="7,10,15,16,19" m="16431,27723,48746" machi="16" ten="30,8000,1" yaku="18,1,52,3,54,1" doraHai="107" who="1" fromWho="2" sc="297,0,250,96,208,-86,235,0" /><INIT seed="1,0,0,4,2,123" ten="297,346,122,235" oya="1" hai0="72,49,34,84,3,66,121,108,53,56,79,67,43" hai1="38,114,13,47,113,83,0,7,19,110,86,2,46" hai2="103,36,94,98,135,105,60,29,26,107,92,45,125" hai3="48,55,118,20,116,17,16,11,120,75,96,10,41"/><U131/><E131/><V74/><F74/><W37/><G120/><T78/><D72/><U89/><E38/><V122/><F122/><W99/><G75/><T21/><D34/><U30/><E30/><V115/><F115/><W28/><G28/><T68/><D68/><U58/><E58/><V76/><F76/><W69/><G69/><T106/><D106/><U81/><E7/><V133/><F125/><W87/><G87/><T25/><D3/><U91/><E19/><N who="3" m="7242" /><G20/><T117/><D117/><N who="3" m="45161" /><G41/><T88/><D43/><U93/><E93/><V104/><F92/><W50/><G37/><T54/><D54/><U61/><E61/><V27/><F45/><N who="3" m="28047" /><G50/><T18/><D121/><U32/><E86/><V33/><F36/><W90/><G90/><T52/><D79/><U12/><E32/><V77/><F77/><W4/><G10/><T57/><D78/><U23/><E23/><V42/><F42/><W40/><G40/><T22/><D22/><U71/><E71/><V35/><F60/><W73/><G73/><T59/><D49/><U97/><E97/><V85/><F85/><W128/><G128/><T129/><D129/><U6/><E6/><V65/><F65/><W119/><G119/><T82/><D67/><U70/><E70/><V95/><F95/><W51/><G51/><T14/><D66/><U132/><E132/><V63/><F63/><W5/><G5/><T64/><D64/><U134/><E134/><V24/><F24/><W39/><G39/><T31/><D25/><U62/><E62/><V44/><F44/><W15/><AGARI ba="0,0" hai="4,11,15,96,99" m="28047,45161,7242" machi="15" ten="30,2000,0" yaku="12,1,54,1" doraHai="123" who="3" fromWho="3" sc="297,-5,346,-10,122,-5,235,20" /><INIT seed="2,0,0,4,2,135" ten="292,336,117,255" oya="2" hai0="89,6,11,91,39,76,78,116,8,68,43,48,30" hai1="35,107,51,72,77,50,20,130,34,106,0,80,70" hai2="46,82,52,131,124,105,87,18,73,25,24,41,94" hai3="40,3,102,90,111,109,126,10,67,110,84,12,64"/><V100/><F131/><W79/><G3/><T54/><D68/><U63/><E0/><V74/><F105/><W56/><G102/><T4/><D116/><U37/><E37/><V22/><F24/><W65/><G79/><N who="0" m="30251" /><D39/><U36/><E36/><V7/><F7/><N who="0" m="2602" /><D43/><U113/><E113/><V85/><F41/><W86/><G40/><T16/><D30/><U123/><E123/><V98/><F124/><W9/><G126/><T132/><D132/><U127/><E130/><V33/><F33/><W119/><G119/><T71/><D71/><U29/><E127/><V28/><F28/><W58/><G12/><N who="0" m="7175" /><D11/><N who="3" m="4105" /><G90/><T81/><D81/><U44/><E70/><V75/><REACH who="2" step="1"/><F82/><REACH who="2" ten="292,336,107,255" step="2"/><W55/><G56/><AGARI ba="0,1" hai="48,54,56,89,91" m="7175,2602,30251" machi="56" ten="30,2000,0" yaku="8,1,54,1" doraHai="135" who="0" fromWho="3" sc="292,30,336,0,107,0,255,-20" /><INIT seed="3,0,0,0,0,55" ten="322,336,107,235" oya="3" hai0="95,6,26,69,45,119,130,57,75,73,102,59,33" hai1="58,41,104,29,118,19,28,71,82,44,98,129,48" hai2="15,80,81,89,39,126,121,103,113,91,0,79,60" hai3="68,40,53,88,51,125,47,109,67,11,27,110,37"/><W18/><G125/><T43/><D69/><U42/><E71/><V108/><F126/><W132/><G132/><T134/><D119/><U17/><E129/><V127/><F127/><W24/><G68/><T107/><D107/><U31/><E118/><V94/><F0/><W122/><G122/><T131/><D6/><U52/><E82/><V14/><F39/><W90/><G67/><T5/><D5/><U101/><REACH who="1" step="1"/><E42/><REACH who="1" ten="322,326,107,235" step="2"/><V10/><F121/><W128/><G128/><N who="0" m="49195" /><D134/><U105/><E105/><V96/><F113/><W22/><G27/><T8/><D8/><U93/><E93/><V16/><F108/><N who="3" m="41579" /><G11/><T35/><D75/><U135/><E135/><V61/><F14/><W76/><G76/><T12/><D73/><U32/><E32/><N who="0" m="12361" /><D12/><U63/><AGARI ba="0,1" hai="17,19,28,29,31,41,44,48,52,58,63,98,101,104" machi="63" ten="30,8000,1" yaku="1,1,0,1,52,1,54,1,53,1" doraHai="55" doraHaiUra="100" who="1" fromWho="1" sc="322,-20,326,90,107,-20,235,-40" owari="302,10.0,416,51.0,87,-41.0,195,-20.0" /></mjloggm>