<mjloggm ver="2.3"><GO type="225" lobby="0"/><UN n0="%E8%88%B9%E8%A6%8B%E7%B5%90%E8%A1%A3%E3%81%A1%E3%82%83%E3%82%93" n1="%E3%81%82%E3%82%89%E3%81%8C%E3%81%8D%E3%81%82%E3%82%84%E3%81%9B" n2="%E3%83%95%E3%82%B5%E3%82%A6%E3%83%9F%E3%82%B3%E3%83%83%E3%83%97" n3="%E3%83%B4%E3%83%A0%EF%BC%99%E3%81%A6" dan="16,16,17,17" rate="2120.35,2149.90,2259.84,2173.36" sx="F,F,M,M"/><TAIKYOKU oya="0"/><INIT seed="0,0,0,3,0,121" ten="250,250,250,250" oya="0" hai0="92,85,7,91,19,94,24,32,114,129,122,30,69" hai1="0,52,25,60,120,68,10,72,33,95,36,15,55" hai2="47,108,111,54,77,93,82,81,132,101,128,20,49" hai3="105,73,107,88,46,41,23,42,63,26,123,27,12"/><T21/><D122/><U22/><E120/><V5/><F132/><W109/><G123/><T66/><D114/><U40/><E72/><V131/><F5/><W84/><G73/><T13/><D129/><N who="2" m="49738" /><F20/><W50/><G109/><N who="2" m="42057" /><F77/><W98/><G42/><T87/><D69/><U97/><E33/><V45/><F47/><W44/><G44/><T14/><D66/><U124/><E124/><V28/><F28/><W126/><G126/><T18/><D7/><U90/><E40/><V6/><F6/><W96/><G105/><T39/><D39/><U70/><E0/><V86/><F86/><W116/><G116/><T99/><D87/><U43/><E43/><V75/><F75/><W67/><G107/><T9/><REACH who="0" step="1"/><D99/><AGARI ba="0,0" hai="45,49,54,81,82,93,99,101" m="42057,49738" machi="99" ten="30,8000,1" yaku="19,1,14,1,52,3" doraHai="121" who="2" fromWho="0" sc="250,-80,250,0,250,80,250,0" /><INIT seed="1,0,0,1,5,92" ten="170,250,330,250" oya="1" hai0="53,73,15,54,85,17,105,59,9,14,5,101,131" hai1="26,77,31,48,106,49,38,19,61,96,68,65,34" hai2="76,57,60,100,84,125,2,95,8,113,104,46,129" hai3="20,72,88,16,79,33,117,93,133,121,114,42,55"/><U83/><E38/><V120/><F120/><W28/><G121/><T91/><D131/><U70/><E70/><V74/><F129/><W98/><G114/><T0/><D73/><U122/><E19/><V116/><F125/><W24/><G133/><T103/><D0/><U58/><E58/><V32/><F32/><W35/><G117/><T110/><D110/><U119/><E122/><V78/><F74/><W108/><G108/><T99/><D103/><N who="1" m="62823" /><E119/><V111/><F111/><W40/><G33/><T71/><D71/><U97/><E97/><V82/><F116/><W127/><G127/><T7/><D54/><U112/><E112/><V135/><F113/><W69/><G69/><T109/><D109/><U81/><E81/><V50/><F57/><W94/><G94/><T30/><D30/><U51/><E51/><V3/><F95/><W126/><G126/><T25/><D25/><U62/><E62/><V1/><F50/><W44/><G55/><T6/><D14/><U118/><E118/><V10/><F60/><W52/><G52/><T43/><D43/><U134/><E134/><V47/><F135/><W12/><REACH who="3" step="1"/><G44/><REACH who="3" ten="170,250,330,240" step="2"/><T102/><D102/><U56/><E56/><V41/><F47/><W86/><G86/><AGARI ba="0,1" hai="26,31,34,48,49,61,65,68,77,83,86" m="62823" machi="86" ten="30,2900,0" yaku="25,1,52,1" doraHai="92" who="1" fromWho="3" sc="170,0,250,39,330,0,240,-29" /><INIT seed="1,1,0,0,4,122" ten="170,289,330,211" oya="1" hai0="98,80,127,52,89,10,132,1,131,110,75,36,24" hai1="55,114,11,50,130,92,124,123,56,69,88,33,30" hai2="39,108,35,8,61,120,105,79,129,134,70,115,116" hai3="48,16,97,95,40,37,111,59,53,9,20,49,85"/><U62/><E123/><V42/><RYUUKYOKU type="yao9" ba="1,0" sc="170,0,289,0,330,0,211,0" hai2="8,35,39,42,61,70,79,105,108,115,116,120,129,134" /><INIT seed="1,2,0,0,0,30" ten="170,289,330,211" oya="1" hai0="118,11,40,99,60,132,79,131,38,95,43,66,58" hai1="89,92,76,100,33,10,86,55,127,96,97,25,108" hai2="82,14,103,87,23,70,65,110,31,27,22,54,21" hai3="107,125,8,51,9,133,48,98,0,116,129,47,73"/><U56/><E127/><V106/><F110/><W134/><G125/><T39/><D118/><U62/><E108/><V77/><F54/><W18/><G73/><T128/><D132/><N who="3" m="50793" /><G116/><T102/><D79/><U90/><E10/><V101/><F106/><W44/><G129/><N who="0" m="49739" /><D11/><N who="3" m="4169" /><G0/><T64/><D64/><U57/><E76/><V45/><F45/><N who="3" m="17483" /><G18/><T37/><AGARI ba="2,0" hai="37,38,39,40,43,58,60,66,95,99,102" m="49739" machi="37" ten="40,1500,0" yaku="19,1" doraHai="30" who="0" fromWho="0" sc="170,21,289,-9,330,-6,211,-6" /><INIT seed="2,0,0,3,5,27" ten="191,280,324,205" oya="2" hai0="120,71,82,60,119,66,49,103,94,116,128,99,31" hai1="87,5,130,131,61,74,98,88,75,13,81,54,24" hai2="73,69,115,33,1,55,42,6,127,112,92,16,10" hai3="63,72,22,30,77,104,43,39,8,106,29,83,44"/><V19/><F127/><W12/><G63/><T95/><D120/><U105/><E13/><V70/><F73/><W67/><G67/><T126/><D126/><U32/><E5/><V25/><F42/><W101/><G101/><T90/><D128/><N who="1" m="49195" /><E61/><V48/><F92/><W11/><G11/><T56/><D82/><U52/><E105/><V124/><F124/><W38/><G38/><T110/><D110/><U62/><E98/><V68/><F33/><W21/><G21/><T91/><D31/><N who="1" m="19559" /><E62/><V132/><F25/><W40/><G40/><T86/><REACH who="0" step="1"/><D103/><REACH who="0" ten="181,280,324,205" step="2"/><U46/><E46/><V125/><F125/><W100/><G100/><T58/><D58/><U34/><E34/><V96/><F70/><W26/><REACH who="3" step="1"/><G29/><REACH who="3" ten="181,280,324,195" step="2"/><T36/><D36/><U47/><E47/><V37/><F37/><W7/><AGARI ba="0,2" hai="7,8,12,22,26,30,39,43,44,72,77,83,104,106" machi="7" ten="20,12000,2" yaku="1,1,2,1,0,1,7,1,52,1,53,1" doraHai="27" doraHaiUra="107" who="3" fromWho="3" sc="181,-30,280,-30,324,-60,195,140" /><INIT seed="3,0,0,4,5,113" ten="151,250,264,335" oya="3" hai0="80,17,7,94,58,116,37,91,111,78,0,39,32" hai1="46,110,114,13,131,124,19,96,130,134,93,84,76" hai2="109,18,56,8,20,79,23,2,55,97,51,53,135" hai3="54,26,9,12,69,66,122,98,35,107,119,88,132"/><W42/><G119/><T41/><D111/><U103/><E114/><V33/><F109/><W70/><G122/><T95/><D32/><U126/><E46/><V29/><F33/><W71/><G42/><T112/><D112/><U60/><E60/><V6/><F135/><W108/><G108/><T74/><D58/><U83/><E110/><V65/><F65/><W77/><G77/><T14/><D39/><U67/><E67/><V45/><F79/><W48/><G132/><T128/><D128/><N who="1" m="49195" /><E134/><V125/><F125/><W30/><G66/><T100/><D100/><U61/><E61/><V87/><F87/><W22/><G35/><T73/><D73/><U47/><E47/><V106/><F29/><W50/><G50/><T72/><D72/><U118/><E118/><V104/><F97/><W11/><G11/><T90/><D116/><U52/><E52/><V82/><F82/><W63/><G63/><T38/><D38/><U121/><E121/><V49/><REACH who="2" step="1"/><F23/><AGARI ba="0,0" hai="13,19,23,76,83,84,93,96,103,124,126" m="49195" machi="23" ten="30,1000,0" yaku="19,1" doraHai="113" who="1" fromWho="2" sc="151,0,250,10,264,-10,335,0" owari="151,-35.0,260,6.0,254,-15.0,335,44.0" /></mjloggm>