<mjloggm ver="2.3"><GO type="185" lobby="0"/><UN n0="%6B%79%6F%6E%6B%6F%31%31" n1="%E9%AC%BC" n2="%E9%96%A2%E8%A5%BF%E9%9B%80%E5%A3%AB%E4%BC%9A" n3="" dan="17,17,16,0" rate="2184.57,2278.68,2110.92,1500.00" sx="M,F,M,C"/><TAIKYOKU oya="0"/><INIT seed="0,0,0,2,0,32" ten="350,350,350,0" oya="0" hai0="77,81,63,54,44,128,114,112,117,39,59,71,133" hai1="0,119,131,36,83,56,93,1,94,100,86,135,130" hai2="75,80,43,61,124,47,51,55,33,46,58,104,3" hai3=""/><T53/><D117/><U42/><E119/><V88/><F33/><T2/><D128/><N who="1" m="49195" /><E135/><V92/><F104/><T113/><D133/><U87/><E56/><V78/><F124/><T38/><D2/><N who="1" m="1131" /><E100/><V57/><F3/><T50/><REACH who="0" step="1"/><D71/><REACH who="0" ten="340,350,350,0" step="2"/><U107/><E107/><V120/><N who="2" m="30752" /><V90/><F58/><T34/><D34/><U96/><E96/><V45/><REACH who="2" step="1"/><F90/><REACH who="2" ten="340,350,340,0" step="2"/><T125/><D125/><U84/><E83/><V69/><F69/><T110/><D110/><U65/><E65/><V35/><F35/><T66/><D66/><U48/><E94/><V82/><F82/><T76/><D76/><U99/><E93/><V37/><F37/><T111/><D111/><U67/><E67/><V123/><N who="2" m="31520" /><V73/><F73/><AGARI ba="0,2" hai="38,39,44,50,53,54,59,63,73,77,81,112,113,114" machi="73" ten="40,2000,0" yaku="1,1,53,0" doraHai="32" doraHaiUra="129" who="0" fromWho="2" sc="340,40,350,0,340,-20,0,0" /><INIT seed="0,1,0,1,4,114" ten="380,350,320,0" oya="0" hai0="89,99,93,45,51,34,98,117,84,77,90,81,70" hai1="54,58,79,3,88,42,61,47,48,107,65,36,96" hai2="108,62,1,82,121,35,125,78,73,135,122,68,52" hai3=""/><T126/><D126/><U72/><E3/><V118/><N who="2" m="31008" /><V71/><N who="2" m="31264" /><V76/><F1/><T116/><D34/><U43/><E107/><V134/><F35/><T102/><D70/><U94/><E72/><V63/><F108/><T132/><D132/><N who="2" m="50730" /><F125/><T56/><D56/><U83/><REACH who="1" step="1"/><E36/><REACH who="1" ten="380,340,320,0" step="2"/><V111/><F111/><T49/><D49/><U106/><E106/><V112/><F112/><T41/><REACH who="0" step="1"/><D77/><REACH who="0" ten="370,340,320,0" step="2"/><U130/><E130/><V0/><F78/><T91/><D91/><U120/><N who="1" m="30752" /><U64/><E64/><V128/><F0/><T2/><D2/><U46/><E46/><V133/><F128/><T57/><D57/><U39/><E39/><V74/><F71/><T44/><D44/><U69/><E69/><V101/><F68/><T129/><D129/><U32/><E32/><V75/><F76/><T109/><D109/><U124/><E124/><V119/><F63/><T87/><D87/><U40/><E40/><V123/><N who="2" m="31520" /><V110/><F110/><T97/><D97/><U85/><AGARI ba="1,2" hai="42,43,47,48,54,58,61,65,79,83,85,88,94,96" m="30752" machi="85" ten="20,9000,2" yaku="1,1,0,1,7,1,8,1,52,1,54,1,53,0" doraHai="114" doraHaiUra="66" who="1" fromWho="1" sc="370,-61,340,112,320,-31,0,0" /><INIT seed="1,0,0,5,4,55" ten="309,452,289,0" oya="1" hai0="47,33,106,53,42,95,77,62,128,123,37,79,83" hai1="58,97,90,61,122,68,111,78,102,59,101,73,104" hai2="105,91,52,100,126,60,110,43,117,34,93,88,38" hai3=""/><U125/><N who="1" m="31264" /><U84/><E125/><V44/><F117/><T41/><N who="0" m="31520" /><T108/><D33/><U51/><E102/><V65/><F34/><T64/><D108/><U112/><E112/><V45/><F110/><T121/><N who="0" m="31008" /><T94/><D106/><U71/><E51/><V36/><F126/><T0/><D0/><U131/><E131/><V133/><F133/><T67/><D128/><U134/><E134/><V35/><F35/><T32/><D32/><U103/><E103/><V114/><F114/><T99/><D42/><U132/><E132/><V107/><F100/><T69/><D64/><U50/><E50/><V57/><F91/><T75/><D77/><U86/><E86/><V130/><F130/><T87/><D99/><U135/><E135/><V49/><REACH who="2" step="1"/><F36/><REACH who="2" ten="309,452,279,0" step="2"/><T70/><D75/><U116/><E111/><V92/><F92/><T129/><D129/><U72/><E116/><V109/><F109/><T3/><D3/><U39/><E39/><V120/><N who="2" m="30752" /><V46/><F46/><T113/><D113/><U119/><E119/><V80/><F80/><T127/><D127/><U115/><E115/><V124/><F124/><T82/><D82/><U96/><E73/><V118/><F118/><T81/><D81/><RYUUKYOKU ba="0,1" sc="309,-10,452,-10,279,20,0,0" hai2="38,43,44,45,49,52,57,60,65,88,93,105,107" /><INIT seed="2,1,1,0,3,90" ten="299,442,299,0" oya="2" hai0="115,118,133,124,121,34,51,46,40,106,134,39,102" hai1="131,116,81,80,1,109,127,87,114,45,98,100,86" hai2="41,96,74,112,73,126,71,70,85,104,43,84,59" hai3=""/><V99/><F112/><T52/><N who="0" m="31008" /><T82/><D34/><U38/><E1/><V125/><REACH who="2" step="1"/><F59/><REACH who="2" ten="299,442,289,0" step="2"/><T103/><D115/><U42/><E114/><V122/><N who="2" m="31264" /><V119/><F119/><T69/><D118/><U72/><E116/><V132/><F132/><T63/><D133/><U129/><E129/><V68/><F68/><T111/><D134/><U57/><E57/><V79/><F79/><T123/><D69/><U67/><E131/><V62/><F62/><T113/><D63/><U135/><E135/><V0/><F0/><T94/><D113/><U97/><E127/><V37/><F37/><T101/><D124/><U53/><E38/><V77/><F77/><T110/><D110/><U89/><E109/><V48/><F48/><T130/><D111/><U61/><E61/><V108/><F108/><T65/><D130/><U66/><E45/><V3/><F3/><T35/><D39/><U60/><E60/><V107/><AGARI ba="1,2" hai="41,43,70,71,73,74,84,85,96,99,104,107,125,126" m="31264" machi="107" ten="25,8000,1" yaku="1,1,0,1,22,2,52,1,53,0" doraHai="90" doraHaiUra="78" who="2" fromWho="2" sc="299,-41,442,-41,289,102,0,0" /><INIT seed="2,2,0,5,0,44" ten="258,401,391,0" oya="2" hai0="80,49,77,91,127,57,103,85,134,111,48,51,67" hai1="70,63,71,34,113,41,126,56,83,97,38,123,72" hai2="36,115,104,133,122,102,100,42,78,89,65,119,112" hai3=""/><V37/><N who="2" m="31264" /><V81/><F119/><T47/><D111/><U106/><N who="1" m="31520" /><U46/><E126/><V1/><F1/><T135/><D127/><U39/><E113/><V54/><F65/><T52/><D103/><U132/><E132/><N who="0" m="50729" /><D67/><U124/><E124/><V116/><F116/><T32/><D32/><U96/><E106/><V79/><F133/><T117/><D117/><U90/><E38/><V64/><F64/><T66/><D77/><U40/><E40/><V69/><F69/><T58/><D58/><U101/><E34/><V3/><F3/><T55/><D66/><U94/><E56/><V105/><F54/><N who="0" m="20522" /><D57/><U108/><E108/><V35/><F35/><T95/><D95/><U2/><E2/><V75/><F42/><AGARI ba="2,0" hai="42,47,48,49,51,80,85,91" m="20522,50729" machi="42" ten="30,8000,1" yaku="20,1,52,3,54,1" doraHai="44" who="0" fromWho="2" sc="258,84,401,0,391,-84,0,0" /><INIT seed="4,0,0,4,1,51" ten="342,401,307,0" oya="0" hai0="91,71,61,55,43,50,105,112,103,75,36,85,80" hai1="74,45,41,123,34,0,94,88,58,126,135,2,73" hai2="68,109,102,1,83,53,119,60,100,39,97,57,38" hai3=""/><T99/><D112/><U98/><N who="1" m="31520" /><U35/><E126/><V81/><F109/><T110/><D110/><U67/><E135/><V54/><F68/><T118/><D118/><U107/><E107/><V130/><F130/><T52/><D36/><U128/><E128/><V95/><F1/><T48/><D75/><U121/><N who="1" m="31008" /><U129/><E129/><V56/><F119/><T111/><D111/><U32/><E74/><V108/><F108/><T84/><D43/><U37/><E73/><V64/><F64/><T47/><D85/><U134/><E134/><V106/><F106/><T89/><D61/><U42/><E42/><V124/><F124/><T90/><D71/><U69/><E69/><V87/><F102/><T114/><D114/><U46/><E46/><AGARI ba="0,0" hai="46,47,48,50,52,55,80,84,89,90,91,99,103,105" machi="46" ten="30,12000,1" yaku="7,1,9,1,52,2,54,1" doraHai="51" who="0" fromWho="1" sc="342,120,401,-120,307,0,0,0" /><INIT seed="4,1,0,0,1,98" ten="462,281,307,0" oya="0" hai0="130,123,105,32,135,63,119,41,133,113,61,52,112" hai1="62,124,58,68,70,0,47,127,85,59,117,116,120" hai2="42,93,66,134,115,75,55,84,109,83,74,48,36" hai3=""/><T78/><N who="0" m="31520" /><T67/><D32/><U126/><N who="1" m="30752" /><U94/><E0/><V80/><F109/><T33/><D33/><U118/><E85/><V103/><F134/><N who="0" m="51210" /><D105/><U132/><E132/><V54/><F66/><T34/><D34/><U99/><E47/><V88/><F115/><N who="0" m="44106" /><D78/><U131/><E131/><V89/><F36/><T90/><D90/><U53/><E94/><V39/><F39/><T128/><D41/><U69/><E99/><V44/><F75/><T40/><D40/><U43/><E43/><V121/><N who="2" m="31008" /><V101/><F74/><T3/><D3/><U114/><E114/><V106/><F106/><T82/><D82/><N who="2" m="31274" /><F89/><T100/><D100/><AGARI ba="1,0" hai="42,44,48,54,55,84,88,93,100,101,103" m="31274,31008" machi="100" ten="30,12000,2" yaku="8,1,52,4,54,1" doraHai="98" who="2" fromWho="0" sc="462,-122,281,0,307,122,0,0" /><INIT seed="5,0,0,3,2,85" ten="340,281,429,0" oya="1" hai0="130,51,40,84,93,83,123,49,34,103,118,80,41" hai1="116,135,59,61,75,101,122,72,74,129,36,134,133" hai2="82,66,81,88,97,108,45,113,52,71,126,58,131" hai3=""/><U65/><N who="1" m="31264" /><U53/><E116/><V39/><F108/><T50/><N who="0" m="31520" /><T102/><D118/><U62/><E36/><V98/><F131/><T33/><D84/><U86/><E129/><V56/><F126/><T112/><D93/><U42/><E42/><V107/><F113/><T67/><D67/><U43/><E43/><V69/><F107/><T1/><D50/><U105/><E86/><V114/><F114/><T110/><D130/><U111/><E111/><V70/><F66/><T125/><D112/><U44/><E44/><V120/><N who="2" m="30752" /><V2/><F2/><T79/><D110/><U132/><N who="1" m="33792" /><DORA hai="117" /><U100/><REACH who="1" step="1"/><E105/><REACH who="1" ten="340,271,429,0" step="2"/><V99/><F39/><T64/><D1/><U104/><E104/><V115/><F115/><T77/><REACH who="0" step="1"/><D64/><REACH who="0" ten="330,271,429,0" step="2"/><U32/><E32/><V47/><F71/><AGARI ba="0,2" hai="53,59,61,62,65,71,72,74,75,100,101" m="33792,31264" machi="71" ten="70,12000,1" yaku="1,1,20,1,52,2,53,0" doraHai="85,117" doraHaiUra="109,76" who="1" fromWho="2" sc="330,0,271,140,429,-120,0,0" /><INIT seed="5,1,0,4,1,74" ten="330,411,309,0" oya="1" hai0="78,52,122,98,58,100,110,130,56,2,131,73,41" hai1="88,49,104,123,94,91,132,133,42,95,109,90,85" hai2="126,60,120,121,53,125,36,37,124,75,43,117,77" hai3=""/><U50/><N who="1" m="31520" /><U51/><E104/><V81/><N who="2" m="30752" /><V64/><N who="2" m="31008" /><V32/><F32/><T79/><N who="0" m="31264" /><T48/><D110/><U114/><E109/><V80/><F117/><T45/><D2/><U72/><E72/><V86/><F53/><T118/><D58/><U66/><E66/><V38/><F43/><T62/><D118/><U111/><E111/><V99/><F99/><T70/><D73/><U34/><E34/><V68/><F37/><T93/><REACH who="0" step="1"/><D70/><REACH who="0" ten="320,411,309,0" step="2"/><U103/><E132/><V116/><REACH who="2" step="1"/><F116/><REACH who="2" ten="320,411,299,0" step="2"/><T69/><D69/><U107/><E133/><V65/><F65/><T67/><D67/><U108/><E108/><V1/><F1/><T47/><D47/><U129/><E42/><V54/><F54/><T0/><D0/><U115/><E115/><V89/><AGARI ba="1,2" hai="36,38,60,64,68,75,77,80,81,86,89,124,125,126" m="31008,30752" machi="89" ten="30,9000,2" yaku="1,1,0,1,18,1,52,3,53,1" doraHai="74" doraHaiUra="59" who="2" fromWho="2" sc="320,-31,411,-61,299,112,0,0" /><INIT seed="6,0,0,3,4,94" ten="289,350,411,0" oya="2" hai0="122,105,38,108,106,121,1,99,128,126,35,56,52" hai1="107,59,125,82,77,88,73,66,115,109,84,33,100" hai2="101,0,67,65,119,71,79,78,123,75,80,50,44" hai3=""/><V43/><N who="2" m="31520" /><V64/><F0/><T36/><N who="0" m="31008" /><T117/><N who="0" m="31264" /><T37/><D1/><U118/><E109/><V58/><F71/><T96/><D35/><U60/><E125/><V53/><F119/><T92/><D108/><U97/><E118/><V127/><F127/><T86/><D126/><U102/><E102/><V133/><F133/><T55/><D117/><U112/><E33/><V131/><F131/><T113/><D128/><U34/><E34/><V135/><F135/><T3/><D3/><U68/><E68/><V48/><F79/><T129/><D129/><U103/><E103/><V72/><REACH who="2" step="1"/><F101/><REACH who="2" ten="289,350,401,0" step="2"/><T98/><D113/><U76/><E76/><V40/><F40/><T61/><REACH who="0" step="1"/><D55/><REACH who="0" ten="279,350,401,0" step="2"/><U45/><E112/><V89/><F89/><AGARI ba="0,2" hai="36,37,38,52,56,61,86,89,92,96,98,99,105,106" m="31264,31008" machi="89" ten="50,16000,3" yaku="1,1,2,1,52,5,54,1,53,1" doraHai="94" doraHaiUra="85" who="0" fromWho="2" sc="279,180,350,0,401,-160,0,0" owari="459,41.0,350,-5.0,241,-36.0,0,0.0" /></mjloggm>