<mjloggm ver="2.3"><GO type="169" lobby="0"/><UN n0="%31%74%61" n1="%E6%9C%AC%E7%94%B0%E9%80%8F" n2="%E3%81%8B%E3%81%8B%E3%81%8B%E3%81%8B" n3="%E3%81%BB%E3%83%BC%E3%82%8A%E3%83%BC" dan="17,17,16,16" rate="2178.64,2147.94,2155.22,2141.55" sx="M,F,M,M"/><TAIKYOKU oya="0"/><INIT seed="0,0,0,1,1,19" ten="250,250,250,250" oya="0" hai0="94,1,26,58,121,66,62,47,85,111,120,77,89" hai1="90,88,83,87,16,101,41,55,13,49,39,115,9" hai2="71,8,2,109,14,119,46,103,6,124,69,81,107" hai3="133,60,22,15,76,132,54,56,25,23,33,118,5"/><T91/><D1/><U130/><E130/><V28/><F109/><W0/><G118/><T12/><D111/><U68/><E68/><V73/><F14/><W129/><G0/><T65/><D77/><U74/><E101/><V79/><F124/><W67/><G76/><T70/><D12/><U17/><E74/><V82/><F82/><W99/><G129/><T52/><D26/><U127/><E127/><V75/><F75/><W93/><G67/><T95/><D47/><U131/><E131/><V98/><F119/><W78/><G78/><T44/><D44/><N who="1" m="28071" /><E115/><V126/><F126/><W135/><G33/><T105/><D105/><U84/><E39/><V64/><F64/><W30/><G5/><T72/><D72/><U27/><E41/><V61/><F61/><W117/><G117/><T3/><D3/><U18/><E27/><V36/><F28/><W29/><G15/><T86/><REACH who="0" step="1"/><D65/><REACH who="0" ten="240,250,250,250" step="2"/><U128/><E128/><V38/><F38/><W42/><G42/><AGARI ba="0,1" hai="2,6,8,36,42,46,69,71,73,79,81,98,103,107" machi="42" ten="40,8000,1" yaku="25,2,33,3" doraHai="19" who="2" fromWho="3" sc="240,0,250,0,250,90,250,-80" /><INIT seed="1,0,0,5,0,114" ten="240,250,340,170" oya="1" hai0="135,47,55,104,82,46,113,8,19,67,84,81,76" hai1="123,53,96,127,58,0,115,17,1,105,62,87,51" hai2="74,129,39,111,11,45,120,34,44,14,24,126,31" hai3="16,134,103,112,28,101,64,99,63,37,7,13,83"/><U132/><E115/><V21/><F120/><W52/><G37/><T133/><D113/><U95/><E123/><V69/><F69/><W35/><G112/><T41/><D104/><U18/><E127/><V68/><F68/><W128/><G7/><T3/><D67/><U93/><E105/><V75/><F111/><W107/><G101/><T61/><D61/><U106/><E106/><V29/><F129/><W50/><G128/><T77/><D55/><U42/><E132/><BYE who="2" /><N who="0" m="50761" /><D41/><UN n2="%E3%81%8B%E3%81%8B%E3%81%8B%E3%81%8B" /><U23/><E17/><V70/><F70/><BYE who="2" /><N who="3" m="42271" /><G83/><UN n2="%E3%81%8B%E3%81%8B%E3%81%8B%E3%81%8B" /><T60/><D60/><U130/><E130/><V71/><F34/><W121/><G121/><T2/><D19/><U116/><E116/><V10/><F71/><W32/><G32/><T97/><D97/><U5/><E5/><V125/><F39/><W43/><G43/><T88/><D76/><U49/><E0/><N who="0" m="41" /><D8/><U26/><E1/><V15/><F125/><W94/><G134/><T27/><D27/><U119/><E119/><V98/><F126/><W72/><G107/><T4/><D4/><U9/><E9/><V57/><F24/><N who="3" m="18823" /><G72/><AGARI ba="0,0" hai="46,47,72,77,81,82,84,88" m="41,50761" machi="72" ten="30,2000,0" yaku="20,1,54,1" doraHai="114" who="0" fromWho="3" sc="240,20,250,0,340,0,170,-20" /><INIT seed="2,0,0,0,1,91" ten="260,250,340,150" oya="2" hai0="26,131,115,62,13,97,75,90,118,64,41,94,105" hai1="9,84,68,89,21,16,47,45,12,29,101,2,5" hai2="1,127,39,107,102,104,122,123,86,72,76,71,31" hai3="134,24,54,74,128,126,81,35,57,117,46,83,11"/><V51/><F39/><W33/><G117/><T18/><D115/><U114/><E114/><V32/><F51/><W27/><G46/><T79/><D118/><U95/><E68/><V69/><F1/><W14/><G74/><T20/><D131/><U36/><E36/><V50/><F50/><W77/><G126/><T6/><D41/><U100/><REACH who="1" step="1"/><E29/><REACH who="1" ten="260,240,340,150" step="2"/><V15/><F71/><W56/><G128/><T23/><D105/><U78/><E78/><V129/><F76/><W92/><G77/><T88/><D79/><U61/><E61/><V53/><F31/><W121/><G121/><T34/><D75/><U59/><E59/><V124/><F104/><W87/><G56/><N who="0" m="36935" /><D34/><U80/><E80/><V38/><F69/><W112/><G81/><T82/><D82/><U43/><E43/><V111/><F32/><W10/><G83/><T52/><D6/><U113/><E113/><V17/><F107/><W48/><G112/><T132/><D132/><U42/><E42/><V106/><F106/><W28/><G134/><T0/><D0/><U135/><E135/><V40/><F40/><W98/><G33/><T120/><D120/><U4/><E4/><V37/><F123/><W7/><G35/><T19/><D52/><U8/><E8/><V73/><F122/><W63/><G10/><T133/><D133/><U103/><AGARI ba="0,1" hai="2,5,9,12,16,21,45,47,84,89,95,100,101,103" machi="103" ten="30,7900,0" yaku="1,1,0,1,52,1,54,1,53,0" doraHai="91" doraHaiUra="25" who="1" fromWho="1" sc="260,-20,240,89,340,-39,150,-20" /><INIT seed="3,0,0,2,2,31" ten="240,329,301,130" oya="3" hai0="2,39,50,8,107,83,64,13,25,125,15,67,134" hai1="71,12,90,132,40,130,48,118,10,56,95,7,42" hai2="113,80,58,76,11,20,127,14,23,43,82,115,34" hai3="133,128,66,54,27,49,1,126,112,29,37,47,70"/><W28/><G112/><T108/><D39/><U77/><E71/><V69/><F69/><W16/><G1/><T72/><D108/><U94/><E130/><V5/><F82/><W62/><G128/><T18/><D107/><U79/><E132/><V36/><F34/><W21/><G133/><T32/><D134/><U92/><E118/><V52/><F127/><W51/><G126/><T110/><D125/><U120/><E90/><V91/><F91/><W93/><G93/><T17/><D110/><U106/><E106/><V55/><F55/><W60/><G60/><T98/><D2/><U19/><E120/><V121/><F121/><W30/><G49/><T33/><D98/><U4/><E56/><V24/><F43/><N who="1" m="16425" /><E48/><V135/><F36/><W61/><G61/><T114/><D50/><U101/><E101/><V96/><F96/><W63/><G63/><T41/><D41/><U65/><E65/><V44/><F44/><W85/><G37/><T53/><D53/><U116/><E116/><V9/><F135/><W84/><AGARI ba="0,0" hai="16,21,27,28,29,30,47,51,54,62,66,70,84,85" machi="84" ten="30,3000,0" yaku="0,1,54,1" doraHai="31" who="3" fromWho="3" sc="240,-10,329,-10,301,-10,130,30" /><INIT seed="3,1,0,2,4,35" ten="230,319,291,160" oya="3" hai0="37,89,115,21,43,4,45,102,33,125,39,11,12" hai1="63,113,114,122,91,48,123,31,74,135,5,98,97" hai2="16,0,69,44,54,57,129,132,96,58,27,77,13" hai3="60,61,133,88,2,50,85,126,19,84,78,41,76"/><W106/><G106/><T49/><D33/><U72/><E48/><V105/><F69/><W6/><G126/><T112/><D125/><U134/><E5/><V110/><F0/><W127/><G127/><T30/><D102/><U104/><E63/><N who="3" m="24138" /><G2/><T119/><D119/><U51/><E51/><V34/><F105/><W56/><G6/><T38/><D89/><U25/><E25/><V10/><F34/><W64/><G133/><N who="1" m="50698" /><E31/><V108/><F108/><W15/><G64/><T59/><D59/><U128/><E128/><V82/><BYE who="1" /><F110/><UN n1="%E6%9C%AC%E7%94%B0%E9%80%8F" /><W100/><G85/><T80/><D80/><U9/><E9/><V24/><F129/><W73/><G73/><N who="1" m="28266" /><E91/><V66/><F66/><W65/><G65/><T86/><D21/><U55/><E55/><V109/><F54/><N who="3" m="31831" /><G41/><T117/><D30/><U3/><E3/><V103/><F132/><W99/><G99/><N who="1" m="37898" /><E104/><V130/><F130/><W120/><G100/><T52/><D43/><U14/><E14/><V42/><F109/><W7/><G7/><T118/><D118/><U71/><E71/><V107/><F58/><W93/><G120/><AGARI ba="1,0" hai="113,114,120,122,123" m="37898,28266,50698" machi="120" ten="40,8000,1" yaku="28,2,20,1,34,2" doraHai="35" who="1" fromWho="3" sc="230,0,319,83,291,0,160,-83" /><INIT seed="4,0,0,4,0,57" ten="230,402,291,77" oya="0" hai0="112,87,90,107,68,16,9,135,28,7,56,83,98" hai1="22,104,6,82,40,134,48,74,29,10,21,91,25" hai2="1,120,20,45,41,111,101,125,106,17,2,110,49" hai3="132,122,15,88,103,114,26,11,102,133,31,71,62"/><T77/><D68/><U65/><E104/><V86/><F120/><W42/><G42/><T75/><D112/><U123/><E123/><V50/><F125/><W121/><G114/><T105/><D135/><N who="3" m="51785" /><G122/><T53/><D28/><U38/><E38/><V13/><F106/><W94/><G121/><T126/><D126/><U72/><E134/><V70/><F101/><N who="3" m="38411" /><G71/><T100/><D107/><U43/><E22/><V44/><F70/><W8/><G15/><T14/><D7/><U115/><E115/><V108/><REACH who="2" step="1"/><F86/><REACH who="2" ten="230,402,281,77" step="2"/><N who="3" m="52503" /><G62/><T63/><REACH who="0" step="1"/><D75/><REACH who="0" ten="220,402,281,77" step="2"/><U0/><E74/><V51/><F51/><W93/><G93/><T66/><D66/><U124/><E65/><V109/><N who="2" m="27648" /><DORA hai="23" /><V19/><F19/><W27/><G31/><T34/><D34/><U128/><E29/><V73/><F73/><W60/><G60/><T131/><D131/><U55/><E72/><V79/><F79/><AGARI ba="0,2" hai="9,14,16,53,56,63,77,79,83,87,90,98,100,105" machi="79" ten="40,7700,0" yaku="1,1,52,1,54,1,53,0" doraHai="57,23" doraHaiUra="89,18" who="0" fromWho="2" sc="220,97,402,0,281,-77,77,0" /><INIT seed="4,1,0,1,5,87" ten="317,402,204,77" oya="0" hai0="94,96,91,53,29,50,122,52,97,22,121,65,70" hai1="86,125,118,104,5,32,56,103,80,126,27,113,19" hai2="13,34,11,66,9,129,45,2,7,112,88,33,107" hai3="36,134,14,116,31,41,135,12,81,20,132,43,57"/><T123/><D96/><N who="1" m="61543" /><E118/><V23/><F107/><W17/><G116/><T83/><D83/><U120/><E120/><V105/><F105/><W73/><G36/><T39/><D39/><U71/><E5/><V101/><F101/><W60/><G31/><T67/><D70/><U25/><E71/><V47/><F66/><W85/><G14/><T21/><D53/><U1/><E1/><V24/><F112/><W18/><G18/><T10/><D10/><U4/><E4/><V74/><F74/><W99/><G99/><T55/><D55/><U61/><E19/><N who="2" m="10735" /><F33/><W84/><G73/><T62/><D62/><U42/><E42/><V15/><F15/><W89/><REACH who="3" step="1"/><G84/><REACH who="3" ten="317,402,204,67" step="2"/><T38/><D38/><U131/><E86/><V106/><F7/><W48/><G48/><T108/><D108/><U82/><E113/><V117/><F117/><W95/><G95/><T115/><D115/><U49/><E49/><V92/><F92/><W26/><G26/><T98/><D97/><U59/><E25/><V37/><F24/><W90/><G90/><T51/><D50/><U6/><E27/><V75/><F37/><W79/><G79/><T64/><REACH who="0" step="1"/><D29/><REACH who="0" ten="307,402,204,67" step="2"/><U8/><E61/><V35/><F35/><W127/><G127/><N who="1" m="48650" /><E32/><V28/><F28/><W72/><G72/><T40/><D40/><U130/><E82/><V119/><F75/><W76/><G76/><T16/><D16/><U78/><E80/><V58/><F119/><W93/><G93/><T128/><D128/><U30/><E30/><V102/><F34/><W124/><G124/><T68/><D68/><U77/><E131/><RYUUKYOKU ba="1,2" sc="307,15,402,-15,204,-15,67,15" hai0="21,22,51,52,64,65,67,91,94,98,121,122,123" hai3="12,17,20,41,43,57,60,81,85,89,132,134,135" /><INIT seed="4,2,2,4,5,102" ten="322,387,189,82" oya="0" hai0="54,104,0,85,128,129,88,49,77,109,72,10,74" hai1="105,123,124,12,5,112,107,23,3,120,91,118,18" hai2="41,39,34,97,78,16,117,132,36,38,42,116,8" hai3="99,76,84,6,93,52,58,27,82,89,11,80,73"/><T61/><D109/><U20/><E118/><N who="2" m="45675" /><F132/><W63/><G27/><T134/><D134/><U47/><E124/><V100/><F78/><W21/><G21/><T71/><D104/><U126/><E126/><V37/><N who="2" m="9216" /><DORA hai="56" /><V66/><F34/><W86/><REACH who="3" step="1"/><G80/><REACH who="3" ten="322,387,189,72" step="2"/><N who="0" m="49191" /><D129/><U48/><E23/><V75/><F75/><W53/><G53/><T55/><D55/><U130/><E20/><V95/><F66/><W57/><G57/><T7/><D128/><U92/><E130/><V68/><F68/><W113/><G113/><T26/><D26/><U2/><E112/><V31/><F31/><W94/><G94/><T45/><D74/><U114/><E92/><V67/><F67/><W83/><G83/><T4/><D72/><U15/><E114/><V110/><F110/><W14/><AGARI ba="2,3" hai="6,11,14,52,58,63,73,76,82,84,86,89,93,99" machi="14" ten="20,8000,1" yaku="1,1,0,1,7,1,52,1,54,1,53,0" doraHai="102,56" doraHaiUra="119,111" who="3" fromWho="3" sc="322,-42,387,-22,189,-22,72,116" /><INIT seed="5,0,0,4,5,131" ten="280,365,167,188" oya="1" hai0="98,41,17,39,59,19,65,35,107,31,75,49,2" hai1="13,33,38,112,84,81,88,36,68,53,50,47,93" hai2="86,92,125,132,113,29,0,40,66,61,48,3,96" hai3="1,90,12,85,77,64,109,20,120,134,115,94,73"/><U106/><E106/><V69/><F125/><W54/><G1/><T89/><D2/><U32/><E68/><V6/><F113/><W51/><G109/><T110/><D110/><U44/><E112/><V127/><F127/><W74/><G120/><T28/><D75/><U55/><E36/><V30/><F86/><W25/><G64/><T46/><D35/><U95/><E33/><V8/><F3/><W15/><G134/><T52/><D65/><U118/><E32/><V7/><F7/><W21/><G115/><T62/><D39/><U129/><E118/><V60/><F60/><W70/><G70/><T5/><D5/><U99/><E99/><V34/><F34/><W78/><G74/><T4/><D4/><U122/><E122/><V42/><F132/><W119/><G73/><T24/><D107/><U130/><E13/><N who="3" m="5194" /><G20/><N who="0" m="13343" /><D17/><U18/><E18/><V26/><F48/><W103/><G103/><T135/><D135/><U128/><E38/><V71/><F71/><W102/><G102/><T123/><D123/><U124/><E124/><V87/><F26/><W27/><G27/><T97/><D97/><U91/><E91/><V82/><F30/><N who="3" m="17711" /><G119/><T108/><D108/><U117/><E117/><V133/><F29/><W100/><G100/><T104/><D104/><U57/><REACH who="1" step="1"/><E47/><AGARI ba="0,0" hai="47,51,54,77,78,85,90,94" m="17711,5194" machi="47" ten="30,1000,0" yaku="8,1" doraHai="131" who="3" fromWho="1" sc="280,0,365,-10,167,0,188,10" /><INIT seed="6,0,0,2,3,22" ten="280,355,167,198" oya="2" hai0="44,104,14,32,31,98,74,25,96,129,82,134,117" hai1="85,37,124,107,2,99,109,41,42,64,69,78,17" hai2="120,1,65,55,130,36,84,52,29,112,89,71,11" hai3="10,116,126,88,102,106,70,28,103,105,12,20,122"/><V19/><F120/><W86/><G70/><T4/><D129/><U51/><E37/><V49/><F36/><W27/><G116/><T114/><D114/><U47/><E2/><V75/><F75/><W48/><G122/><T33/><D134/><U46/><E109/><V83/><F112/><W132/><G126/><T21/><D117/><U26/><E124/><V95/><F130/><W92/><G132/><T90/><D44/><U73/><E73/><V7/><F29/><W135/><G135/><T57/><D57/><U6/><E6/><V15/><F65/><W30/><G30/><T77/><D98/><U80/><E69/><V23/><F71/><W87/><G105/><T127/><D127/><U67/><E99/><V94/><REACH who="2" step="1"/><F55/><REACH who="2" ten="280,355,157,198" step="2"/><W101/><G106/><T66/><D66/><U119/><E107/><V9/><F9/><W59/><G87/><T18/><D104/><U38/><E119/><V62/><F62/><W50/><REACH who="3" step="1"/><G59/><AGARI ba="0,1" hai="1,7,11,15,19,23,49,52,59,83,84,89,94,95" machi="59" ten="30,5800,0" yaku="1,1,7,1,54,1,53,0" doraHai="22" doraHaiUra="63" who="2" fromWho="3" sc="280,0,355,0,157,68,198,-58" /><INIT seed="6,1,0,2,1,25" ten="280,355,225,140" oya="2" hai0="6,93,65,41,22,108,2,24,105,129,36,99,110" hai1="44,12,45,135,53,66,67,120,115,84,126,92,23" hai2="21,106,43,128,61,34,18,80,123,131,101,38,82" hai3="4,15,79,50,55,10,47,39,90,17,51,59,13"/><V3/><F34/><W94/><G39/><T48/><D105/><U95/><E115/><V64/><F3/><W26/><G79/><T75/><D75/><U1/><E1/><V103/><F123/><W11/><G26/><T114/><D114/><U134/><E120/><V28/><F28/><W54/><G94/><N who="1" m="35882" /><E84/><V83/><F43/><W132/><G132/><N who="1" m="50730" /><E126/><V102/><F38/><W127/><G127/><T57/><D48/><U98/><E98/><V100/><N who="2" m="25600" /><DORA hai="0" /><V56/><REACH who="2" step="1"/><F106/><REACH who="2" ten="280,355,215,140" step="2"/><W63/><REACH who="3" step="1"/><G90/><REACH who="3" ten="280,355,215,130" step="2"/><T9/><D36/><U121/><E121/><V62/><F62/><AGARI ba="1,2" hai="4,10,11,13,15,17,47,50,51,54,55,59,62,63" machi="62" ten="40,8000,1" yaku="1,1,2,1,8,1,52,1,53,0" doraHai="25,0" doraHaiUra="77,71" who="3" fromWho="2" sc="280,0,355,0,215,-83,130,103" /><INIT seed="7,0,0,4,4,2" ten="280,355,132,233" oya="3" hai0="30,18,60,43,75,49,6,63,116,47,31,89,108" hai1="17,73,41,126,88,10,135,50,38,121,13,123,42" hai2="29,12,0,27,37,109,59,72,87,86,111,46,39" hai3="20,65,110,99,26,131,93,103,7,19,112,69,130"/><W55/><G112/><T104/><D108/><U16/><E38/><V45/><F72/><W35/><G110/><T44/><D75/><U53/><E73/><V98/><F0/><W66/><G69/><T96/><D116/><U105/><E105/><V67/><F59/><W133/><G133/><T8/><D18/><U57/><E135/><V82/><F67/><W119/><G35/><T83/><D104/><U9/><E126/><V77/><F29/><N who="0" m="10762" /><D47/><U79/><E79/><V118/><F27/><W125/><G119/><T78/><D78/><U71/><E71/><V85/><F118/><W127/><G55/><T64/><D64/><N who="3" m="24681" /><G7/><T68/><D68/><U95/><E121/><V22/><F77/><W24/><G24/><T80/><D96/><N who="1" m="57447" /><E123/><V129/><F98/><W94/><G94/><T3/><D83/><U11/><E17/><V91/><F82/><W76/><G76/><T120/><D43/><AGARI ba="0,0" hai="9,10,11,13,16,41,42,43,50,53,57" m="57447" machi="43" ten="30,3900,0" yaku="8,1,54,2" doraHai="2" who="1" fromWho="0" sc="280,-39,355,39,132,0,233,0" owari="241,4.0,394,50.0,132,-37.0,233,-17.0" /></mjloggm>