<mjloggm ver="2.3"><GO type="185" lobby="0"/><UN n0="%E3%81%BE%E3%81%A4%E3%81%AE%E3%81%8F%E3%82%93" n1="%E3%82%A2%E3%83%AA%E3%82%A2%E3%83%AA%E5%90%9B" n2="%E5%BD%A9%E3%83%B6%E4%BA%AD" n3="" dan="17,17,16,0" rate="2251.70,2252.02,2129.78,1500.00" sx="M,M,M,C"/><TAIKYOKU oya="0"/><INIT seed="0,0,0,3,1,82" ten="350,350,350,0" oya="0" hai0="99,65,68,46,106,78,63,1,126,81,67,75,102" hai1="94,108,96,118,49,42,61,80,131,114,76,124,89" hai2="113,98,62,47,116,101,135,93,112,79,59,44,125" hai3=""/><T48/><D126/><U60/><E118/><V83/><F125/><T97/><D1/><U52/><E124/><V50/><F116/><T57/><D99/><U123/><N who="1" m="31520" /><U129/><E114/><V109/><F109/><T86/><D67/><U103/><E103/><V36/><F36/><T95/><D68/><U87/><E42/><V33/><F33/><T88/><D48/><U3/><E3/><V38/><F38/><T35/><REACH who="0" step="1"/><D46/><REACH who="0" ten="340,350,350,0" step="2"/><U54/><E108/><V132/><F47/><T134/><D134/><N who="2" m="51242" /><F44/><T100/><D100/><U37/><E37/><V84/><F50/><T32/><AGARI ba="0,1" hai="32,35,57,63,65,75,78,81,86,88,95,97,102,106" machi="32" ten="30,12000,2" yaku="1,1,0,1,24,2,52,1,54,1,53,0" doraHai="82" doraHaiUra="122" who="0" fromWho="0" sc="340,130,350,-60,350,-60,0,0" /><INIT seed="0,1,0,3,5,2" ten="470,290,290,0" oya="0" hai0="104,126,84,61,1,71,90,65,52,98,106,130,37" hai1="38,115,124,107,42,39,131,54,89,113,0,53,48" hai2="70,87,93,112,36,47,103,99,74,63,114,55,92" hai3=""/><T105/><D1/><U134/><E0/><V56/><F74/><T68/><D37/><U76/><E76/><V79/><F70/><T91/><D126/><U119/><E107/><V83/><F92/><T94/><D130/><U72/><E72/><V45/><F45/><T80/><D71/><U82/><E124/><V109/><F109/><T73/><D73/><U122/><N who="1" m="31264" /><U128/><E82/><V133/><F133/><T123/><N who="0" m="31520" /><T97/><REACH who="0" step="1"/><D52/><REACH who="0" ten="460,290,290,0" step="2"/><U118/><E134/><V81/><F36/><T60/><D60/><U67/><E48/><V49/><F83/><T57/><D57/><U41/><E89/><V43/><AGARI ba="1,1" hai="43,47,49,55,56,63,79,81,87,93,99,103,112,114" machi="43" ten="20,1100,0" yaku="0,1,7,1" doraHai="2" who="2" fromWho="2" sc="460,-8,290,-5,290,23,0,0" /><INIT seed="1,0,0,2,5,69" ten="452,285,313,0" oya="1" hai0="45,47,119,78,135,60,55,105,54,122,49,39,68" hai1="84,42,114,83,2,74,118,101,92,97,127,64,40" hai2="51,53,99,123,1,131,106,132,103,43,41,56,52" hai3=""/><U38/><E2/><V110/><N who="2" m="31520" /><V115/><F1/><T134/><N who="0" m="31264" /><T80/><D105/><U81/><E114/><V102/><F115/><T89/><D119/><U75/><E118/><V130/><F110/><T120/><N who="0" m="30752" /><T111/><D111/><U37/><E127/><V129/><F132/><T59/><D89/><U95/><E64/><V34/><F34/><T128/><D68/><U79/><E95/><V113/><F113/><T93/><D93/><U0/><E0/><V48/><REACH who="2" step="1"/><F103/><REACH who="2" ten="452,285,303,0" step="2"/><T57/><D128/><U96/><E96/><V36/><F36/><T87/><D39/><U91/><E37/><V86/><F86/><T116/><D116/><U76/><REACH who="1" step="1"/><E38/><REACH who="1" ten="452,275,303,0" step="2"/><V133/><F133/><AGARI ba="0,2" hai="45,47,49,54,55,57,59,60,78,80,87,133,134,135" m="30752,31264" machi="133" ten="40,5200,0" yaku="20,1,52,2" doraHai="69" who="0" fromWho="2" sc="452,72,275,0,303,-52,0,0" /><INIT seed="2,0,0,1,1,39" ten="524,275,251,0" oya="2" hai0="62,131,132,114,120,65,63,133,125,110,70,88,64" hai1="35,3,98,118,38,105,80,59,66,102,127,109,79" hai2="58,54,116,74,112,44,48,32,49,82,124,76,51" hai3=""/><V53/><F112/><T122/><N who="0" m="30752" /><T134/><N who="0" m="31264" /><T96/><D114/><U130/><E35/><V41/><F116/><T101/><D110/><U34/><E34/><V0/><F32/><T135/><D135/><U123/><N who="1" m="31520" /><U117/><E3/><V2/><REACH who="2" step="1"/><F124/><REACH who="2" ten="524,275,241,0" step="2"/><T94/><D125/><U85/><E127/><V95/><F95/><T89/><REACH who="0" step="1"/><D131/><REACH who="0" ten="514,275,241,0" step="2"/><U81/><E130/><V50/><F50/><T42/><D42/><U52/><E117/><V60/><F60/><T55/><D55/><U97/><E118/><V86/><F86/><T128/><D128/><U84/><E52/><V77/><F77/><T100/><D100/><U121/><N who="1" m="31008" /><U72/><E84/><V45/><AGARI ba="0,2" hai="0,2,41,44,45,48,49,51,53,54,58,74,76,82" machi="45" ten="20,8000,1" yaku="1,1,0,1,7,1,52,1,53,1" doraHai="39" doraHaiUra="37" who="2" fromWho="2" sc="514,-40,275,-40,241,100,0,0" /><INIT seed="2,1,0,5,3,40" ten="474,235,341,0" oya="2" hai0="58,113,82,57,111,109,133,70,54,97,43,103,104" hai1="37,122,83,91,53,59,35,117,121,93,128,80,131" hai2="3,101,87,73,112,96,134,100,52,92,41,105,44" hai3=""/><V36/><F134/><T45/><D70/><U49/><N who="1" m="31008" /><U95/><N who="1" m="31264" /><U81/><E35/><V86/><F112/><T98/><D133/><U114/><E114/><V107/><F73/><T67/><D113/><U62/><E37/><V106/><F3/><T119/><D119/><U123/><N who="1" m="31520" /><U126/><E117/><V61/><REACH who="2" step="1"/><F101/><REACH who="2" ten="474,235,331,0" step="2"/><T89/><D103/><U46/><E126/><V129/><F129/><N who="1" m="49737" /><E91/><V79/><F79/><T65/><D89/><U120/><N who="1" m="30752" /><U88/><E88/><V130/><F130/><T50/><D109/><U56/><E56/><AGARI ba="1,1" hai="36,41,44,52,56,61,86,87,92,96,100,105,106,107" machi="56" ten="40,7700,0" yaku="1,1,52,1,54,1,53,0" doraHai="40" doraHaiUra="64" who="2" fromWho="1" sc="474,0,235,-79,331,89,0,0" /><INIT seed="2,2,0,0,3,91" ten="474,156,420,0" oya="2" hai0="105,41,126,121,54,93,129,33,51,110,99,135,94" hai1="85,132,113,117,39,36,111,75,98,133,87,130,76" hai2="69,116,32,125,56,107,102,131,101,72,73,120,96" hai3=""/><V61/><N who="2" m="30752" /><V42/><F116/><T82/><N who="0" m="31008" /><T3/><D33/><U123/><N who="1" m="31520" /><U80/><E113/><V55/><F32/><T68/><D3/><U45/><E117/><V104/><F131/><T53/><D68/><U66/><E130/><V95/><F125/><T71/><D71/><U58/><E111/><V88/><F42/><T35/><D35/><U124/><E124/><V38/><F38/><T63/><D126/><U60/><E39/><V97/><F69/><T90/><D105/><U81/><E98/><AGARI ba="2,0" hai="55,56,61,72,73,88,95,96,97,98,101,102,104,107" m="30752" machi="98" ten="30,12000,1" yaku="7,1,9,1,52,2,54,1" doraHai="91" who="2" fromWho="1" sc="474,0,156,-124,420,124,0,0" /><INIT seed="2,3,0,0,4,58" ten="474,32,544,0" oya="2" hai0="120,94,37,59,71,34,104,76,45,99,42,41,54" hai1="103,124,70,88,61,106,72,116,82,98,43,125,132" hai2="46,78,108,74,84,68,87,65,112,47,48,117,123" hai3=""/><V69/><N who="2" m="31520" /><V83/><F112/><T40/><N who="0" m="30752" /><T110/><D34/><U129/><E116/><V56/><F117/><T0/><D0/><U57/><E129/><V44/><F108/><T118/><D118/><U75/><E70/><V86/><REACH who="2" step="1"/><F48/><REACH who="2" ten="474,32,534,0" step="2"/><T1/><D110/><U115/><E115/><V73/><F73/><T53/><D1/><U131/><E132/><V89/><F89/><T127/><D37/><U91/><E131/><V97/><F97/><T114/><D99/><U62/><E75/><V60/><AGARI ba="3,1" hai="44,46,47,56,60,65,68,69,74,78,83,84,86,87" m="31520" machi="60" ten="40,8000,1" yaku="1,1,0,1,52,2,53,1" doraHai="58" doraHaiUra="77" who="2" fromWho="2" sc="474,-43,32,-43,534,96,0,0" owari="431,3.0,-11,-61.0,630,58.0,0,0.0" /></mjloggm>