<mjloggm ver="2.3"><GO type="169" lobby="0"/><UN n0="%50%4F%4E%5A%55" n1="%42%72%42%61" n2="%E3%81%86%E3%81%95%E3%81%8E%E3%83%95%E3%82%A1%E3%83%B3%E3%82%B7%E3%83%BC" n3="%69%70%73%E6%88%A6%E5%A3%AB" dan="16,16,16,16" rate="2165.13,2157.79,2093.98,2065.45" sx="M,M,F,M"/><TAIKYOKU oya="0"/><INIT seed="0,0,0,2,5,107" ten="250,250,250,250" oya="0" hai0="40,20,13,70,38,78,93,97,34,26,73,76,49" hai1="90,14,87,52,50,126,7,83,10,96,15,62,0" hai2="68,118,5,45,108,122,56,99,131,111,84,94,80" hai3="23,119,85,113,86,69,29,109,46,105,16,17,53"/><T104/><D104/><U3/><E126/><V98/><F68/><W36/><G119/><T81/><D78/><U44/><E62/><V25/><F122/><W82/><G113/><T31/><D38/><U63/><E63/><V77/><F5/><W54/><G69/><T32/><D70/><U106/><REACH who="1" step="1"/><E0/><REACH who="1" ten="250,240,250,250" step="2"/><V4/><F118/><W61/><G109/><T128/><D128/><U6/><E6/><V130/><F111/><W9/><G105/><T47/><REACH who="0" step="1"/><D13/><REACH who="0" ten="240,240,250,250" step="2"/><U39/><E39/><V116/><F130/><W59/><G36/><T95/><D95/><U75/><E75/><V67/><F131/><W37/><G37/><T91/><AGARI ba="0,2" hai="20,26,31,32,34,40,47,49,73,76,81,91,93,97" machi="91" ten="20,7800,0" yaku="1,1,0,1,7,1,52,1,53,0" doraHai="107" doraHaiUra="114" who="0" fromWho="0" sc="240,98,240,-26,250,-26,250,-26" /><INIT seed="0,1,0,2,1,87" ten="338,214,224,224" oya="0" hai0="36,18,123,95,103,96,22,39,82,99,27,12,45" hai1="61,126,113,74,76,49,122,129,51,57,24,116,50" hai2="26,85,16,109,6,106,60,130,117,91,13,111,47" hai3="90,67,131,10,14,55,73,42,94,133,100,56,44"/><T15/><D123/><U78/><E122/><V98/><F130/><W92/><G131/><T4/><D39/><U19/><E129/><V120/><F120/><W105/><G73/><T31/><D4/><U89/><E116/><V7/><F117/><W70/><G133/><T81/><D12/><U128/><E128/><V54/><F26/><W77/><G77/><T102/><D45/><U64/><E126/><V97/><F106/><W40/><G105/><T134/><D36/><U34/><E113/><V132/><F132/><W28/><G28/><T119/><D119/><U68/><E68/><V83/><F111/><W79/><G79/><T46/><D46/><U112/><E112/><V0/><F109/><W124/><G124/><T71/><D71/><U110/><E110/><V80/><F80/><W127/><G127/><T84/><D84/><U25/><E74/><V101/><F0/><W72/><G72/><T17/><D17/><U37/><E37/><V125/><F125/><W86/><G67/><T38/><D38/><U62/><E62/><V118/><F118/><W93/><G70/><T63/><D63/><U11/><E34/><V115/><F115/><W35/><G35/><T29/><D29/><U43/><E43/><N who="3" m="16426" /><G44/><T69/><D69/><U108/><E108/><V9/><F60/><N who="3" m="35871" /><G100/><T33/><D134/><U2/><E2/><V41/><F41/><W104/><G104/><AGARI ba="1,0" hai="15,18,22,27,31,33,81,82,95,96,99,102,103,104" machi="104" ten="30,1500,0" yaku="7,1" doraHai="87" who="0" fromWho="3" sc="338,18,214,0,224,0,224,-18" /><INIT seed="0,2,0,1,3,25" ten="356,214,224,206" oya="0" hai0="88,82,34,132,11,44,56,106,50,60,128,41,58" hai1="134,48,100,93,80,64,120,65,129,113,91,13,102" hai2="81,37,63,75,131,116,54,4,3,125,24,104,32" hai3="69,46,59,19,85,51,49,36,95,76,72,67,16"/><T114/><D114/><U109/><E120/><V117/><F104/><W96/><G72/><T119/><D106/><U101/><E113/><V33/><F125/><W6/><G69/><T62/><D34/><U110/><E129/><V86/><F131/><W9/><G36/><T30/><D119/><U112/><E112/><V7/><F75/><W12/><G67/><N who="0" m="39303" /><D132/><U97/><E134/><V39/><F39/><W70/><G70/><T57/><D128/><U135/><E135/><V111/><F37/><W118/><G118/><N who="2" m="45673" /><F3/><W92/><G59/><N who="0" m="22539" /><D11/><U83/><E48/><N who="3" m="18506" /><G46/><T21/><D62/><U26/><E13/><V130/><F63/><W28/><G28/><T124/><D124/><U108/><REACH who="1" step="1"/><E26/><REACH who="1" ten="356,204,224,206" step="2"/><V126/><F24/><W133/><G133/><T27/><D82/><AGARI ba="2,1" hai="64,65,80,82,83,91,93,97,100,101,102,108,109,110" machi="82" ten="50,6400,0" yaku="1,1,2,1,14,1,53,0" doraHai="25" doraHaiUra="22" who="1" fromWho="0" sc="356,-70,204,80,224,0,206,0" /><INIT seed="1,0,0,4,2,24" ten="286,284,224,206" oya="1" hai0="5,16,80,32,3,77,113,131,22,6,7,43,99" hai1="132,127,69,23,37,35,17,100,76,133,111,123,98" hai2="31,86,44,78,46,71,70,110,50,75,27,0,83" hai3="30,59,109,67,34,33,114,40,2,129,94,65,93"/><U47/><E123/><V128/><F110/><W90/><G114/><T117/><D32/><U56/><E127/><V49/><F0/><W12/><G2/><T38/><D113/><U63/><E35/><V52/><F128/><W55/><G109/><T122/><D131/><U53/><E111/><V4/><F4/><W106/><G106/><T25/><D117/><U107/><E69/><V82/><F82/><W20/><G40/><T115/><D122/><U104/><E76/><V66/><F75/><W116/><G116/><T92/><D115/><U85/><E85/><V48/><F66/><W51/><G129/><T108/><D108/><U45/><E107/><V74/><F74/><W95/><G33/><T26/><D26/><U134/><REACH who="1" step="1"/><E37/><REACH who="1" ten="286,274,224,206" step="2"/><V121/><F121/><W13/><G34/><T57/><D38/><U126/><E126/><V42/><REACH who="2" step="1"/><F50/><REACH who="2" ten="286,274,214,206" step="2"/><W130/><G130/><T1/><D1/><U112/><E112/><V64/><F64/><W135/><G67/><T15/><D3/><U41/><E41/><V61/><F61/><W62/><G135/><T73/><D43/><U81/><E81/><V36/><F36/><W103/><G65/><T60/><D60/><U119/><E119/><V96/><F96/><W84/><G62/><T79/><D99/><U8/><E8/><V72/><F72/><W91/><G84/><T14/><D73/><U101/><E101/><V68/><F68/><W58/><G103/><T28/><D80/><U39/><E39/><V21/><AGARI ba="0,2" hai="21,27,31,42,44,46,48,49,52,70,71,78,83,86" machi="21" ten="20,8000,1" yaku="1,1,0,1,7,1,52,1,54,1,53,0" doraHai="24" doraHaiUra="87" who="2" fromWho="2" sc="286,-20,274,-40,214,100,206,-20" /><INIT seed="2,0,0,2,3,15" ten="266,234,314,186" oya="2" hai0="58,16,34,2,118,89,45,6,77,52,128,122,130" hai1="112,31,133,47,110,70,43,69,106,1,87,66,11" hai2="129,32,90,36,49,59,132,33,111,68,79,21,94" hai3="23,20,103,97,5,117,42,55,35,131,46,134,99"/><V78/><F36/><W10/><G35/><T100/><D34/><U51/><E112/><V67/><F129/><N who="0" m="49770" /><D122/><U65/><E110/><V92/><F132/><W125/><G117/><T93/><D100/><U127/><E127/><V124/><F124/><W14/><G125/><T113/><D77/><U107/><E133/><V114/><F114/><W8/><G134/><T71/><D71/><U102/><E87/><V19/><F111/><W126/><G126/><T96/><D45/><U41/><E31/><V57/><F68/><W109/><G109/><T72/><D72/><U81/><E11/><V76/><F94/><W84/><G55/><T9/><D118/><U7/><E7/><V73/><F73/><W4/><G131/><T53/><D113/><U98/><E1/><V121/><F121/><W54/><G54/><N who="0" m="21099" /><D58/><U12/><E69/><V22/><F49/><W29/><G103/><T13/><D2/><U3/><E3/><V40/><F40/><W30/><G46/><T62/><D62/><U91/><E43/><V38/><F38/><W63/><G63/><T101/><D101/><U116/><E107/><V119/><F119/><W104/><G104/><T74/><D74/><U88/><E116/><V27/><F33/><W50/><G42/><T18/><AGARI ba="0,0" hai="6,9,13,16,18,89,93,96" m="21099,49770" machi="18" ten="30,8000,1" yaku="19,1,52,2,54,2" doraHai="15" who="0" fromWho="0" sc="266,80,234,-20,314,-40,186,-20" /><INIT seed="3,0,0,4,2,100" ten="346,214,274,166" oya="3" hai0="24,10,125,41,96,61,18,1,97,12,132,89,88" hai1="82,34,109,14,56,93,32,36,98,57,40,30,35" hai2="85,74,94,70,25,133,46,118,16,47,91,135,68" hai3="122,123,134,31,113,112,4,77,52,127,73,130,50"/><W64/><G4/><T103/><D1/><U114/><E114/><N who="3" m="44138" /><G31/><T78/><D78/><U120/><E120/><N who="3" m="46122" /><G77/><T13/><D132/><N who="2" m="50762" /><F118/><W71/><G73/><T0/><D0/><U60/><E82/><V67/><F74/><W45/><G134/><T75/><D125/><U54/><E14/><V80/><F94/><W28/><G28/><T101/><D41/><U105/><E105/><V7/><F7/><W2/><G2/><T115/><D75/><U99/><E30/><V131/><F131/><W83/><G83/><T128/><D128/><U44/><E56/><V8/><F8/><W29/><G29/><T104/><D61/><U69/><E69/><N who="2" m="26731" /><F67/><W66/><G130/><T111/><D24/><U65/><E65/><N who="3" m="25194" /><G71/><T11/><D115/><U81/><E81/><V55/><F25/><W19/><G19/><T3/><D3/><U17/><E17/><V22/><F16/><W51/><G51/><T95/><D18/><U42/><E98/><V129/><F129/><W21/><G21/><T5/><D5/><U102/><E35/><V39/><F22/><W86/><G86/><T53/><D95/><U6/><E6/><V62/><F85/><W121/><N who="3" m="46130" /><W63/><DORA hai="43" /><G127/><T33/><D33/><U119/><E32/><V110/><F80/><W48/><G48/><T15/><D15/><U106/><E34/><V107/><F91/><W23/><G23/><T92/><D92/><U9/><E9/><V79/><F79/><W27/><G27/><T37/><D10/><U117/><E93/><V38/><F62/><AGARI ba="0,0" hai="45,50,52,62,63" m="25194,46130,44138" machi="62" ten="50,12000,1" yaku="34,2,52,1,54,1" doraHai="100,43" who="3" fromWho="2" sc="346,0,214,0,274,-120,166,120" /><INIT seed="3,1,0,3,0,56" ten="346,214,154,286" oya="3" hai0="64,60,48,97,31,41,113,43,58,39,103,28,98" hai1="129,107,21,135,76,130,99,24,116,22,55,72,33" hai2="94,112,109,18,13,10,11,46,100,118,42,85,123" hai3="124,86,77,36,134,87,125,132,128,40,16,75,78"/><W57/><G75/><T119/><D39/><U71/><E135/><N who="3" m="51754" /><G36/><T93/><D119/><U102/><E116/><V20/><F118/><W61/><G40/><T126/><D126/><N who="3" m="48745" /><G16/><T96/><D113/><U2/><E2/><V90/><F112/><W5/><G5/><T8/><D8/><U88/><E72/><V32/><F32/><W105/><G105/><T120/><D120/><U59/><E33/><V65/><F123/><W0/><G0/><T37/><D37/><U45/><E76/><N who="3" m="29290" /><G128/><T131/><D131/><U117/><E107/><V26/><F11/><W101/><G101/><T51/><D43/><U34/><E102/><V108/><F100/><W1/><G1/><T73/><D73/><U50/><E117/><V82/><F10/><W7/><G7/><T29/><D41/><U70/><E130/><V69/><F13/><W67/><AGARI ba="1,0" hai="57,61,67,86,87" m="29290,48745,51754" machi="67" ten="40,7800,0" yaku="20,1,18,1,52,1" doraHai="56" who="3" fromWho="3" sc="346,-27,214,-27,154,-27,286,81" /><INIT seed="3,2,0,3,0,88" ten="319,187,127,367" oya="3" hai0="96,1,40,30,109,36,85,6,46,28,37,10,113" hai1="17,80,9,71,66,98,19,108,123,58,52,75,126" hai2="25,13,94,82,16,90,59,4,131,24,78,133,43" hai3="117,63,119,114,124,84,125,134,91,50,22,106,55"/><W62/><G106/><T64/><D37/><U18/><E123/><V57/><F131/><W76/><G76/><T42/><D42/><U101/><E108/><V11/><F133/><W95/><G114/><T77/><D109/><U73/><E126/><N who="3" m="48746" /><G22/><T47/><D47/><U111/><E111/><V33/><F43/><W127/><N who="3" m="48754" /><W5/><DORA hai="83" /><G5/><T12/><D1/><U121/><E121/><V89/><F89/><W118/><G134/><T87/><D77/><U38/><E80/><V128/><F128/><W21/><G21/><T49/><D36/><U72/><E38/><V29/><F24/><W56/><AGARI ba="2,0" hai="50,55,56,62,63,84,91,95,117,118,119" m="48754" machi="56" ten="50,9600,0" yaku="18,1,52,2" doraHai="88,83" who="3" fromWho="3" sc="319,-34,187,-34,127,-34,367,102" /><INIT seed="3,3,0,2,0,42" ten="285,153,93,469" oya="3" hai0="31,90,1,85,30,47,101,92,81,95,48,78,45" hai1="111,96,132,6,121,29,10,32,62,123,134,131,35" hai2="53,54,128,135,115,84,52,38,97,9,56,88,105" hai3="43,110,117,19,27,23,89,60,17,65,41,124,66"/><W33/><G117/><T104/><D1/><U116/><E62/><V68/><F115/><W109/><G33/><T63/><D63/><U20/><E96/><V71/><F38/><W122/><G122/><N who="1" m="46602" /><E116/><V18/><F135/><N who="1" m="51753" /><E111/><N who="3" m="42506" /><G124/><T50/><D104/><U58/><E58/><V2/><F128/><W57/><G66/><T61/><D61/><U70/><E70/><V99/><F71/><W108/><N who="3" m="42514" /><W72/><DORA hai="113" /><G72/><T86/><D101/><U13/><E131/><V83/><F68/><W133/><G133/><T44/><D95/><U51/><E51/><AGARI ba="3,0" hai="30,31,44,45,47,48,50,51,78,81,85,86,90,92" machi="51" ten="40,8000,1" yaku="8,1,52,3" doraHai="42,113" who="0" fromWho="1" sc="285,89,153,-89,93,0,469,0" /><INIT seed="4,0,0,3,5,98" ten="374,64,93,469" oya="0" hai0="100,119,38,17,15,129,109,101,93,32,5,92,33" hai1="125,26,47,63,105,52,72,46,111,126,59,74,68" hai2="65,22,124,113,84,42,28,54,23,27,96,3,30" hai3="73,122,39,76,80,19,24,51,13,121,67,89,116"/><T35/><D119/><U134/><E105/><V2/><F113/><W12/><G39/><T127/><D5/><U87/><E111/><V85/><F124/><W61/><G116/><T83/><D38/><U70/><E26/><V20/><F42/><W57/><G24/><T48/><D127/><N who="1" m="48651" /><E87/><V6/><F65/><W99/><G51/><T41/><D83/><U115/><E74/><V50/><F96/><W106/><G13/><T25/><D25/><U10/><E10/><V11/><F3/><W114/><G114/><T120/><D120/><N who="3" m="46185" /><G89/><T16/><D109/><U1/><E1/><V45/><REACH who="2" step="1"/><F30/><REACH who="2" ten="374,64,83,469" step="2"/><W107/><G99/><T53/><D41/><U58/><E115/><V66/><F66/><W97/><G97/><T21/><D129/><U131/><E131/><V18/><F18/><W78/><G78/><T79/><D79/><U69/><E134/><V49/><F49/><W88/><G88/><T62/><D62/><N who="1" m="36167" /><E72/><V34/><AGARI ba="0,1" hai="2,6,11,20,22,23,27,28,34,45,50,54,84,85" machi="34" ten="30,2000,0" yaku="1,1,0,1,53,0" doraHai="98" doraHaiUra="102" who="2" fromWho="2" sc="374,-10,64,-5,83,30,469,-5" /><INIT seed="5,0,0,0,1,18" ten="364,59,113,464" oya="1" hai0="38,117,63,102,35,116,87,16,125,49,71,97,42" hai1="44,134,22,80,2,45,68,6,99,129,55,13,115" hai2="0,107,17,12,11,37,131,31,32,24,90,91,82" hai3="72,120,62,60,8,59,93,135,69,73,56,133,61"/><U77/><E115/><V33/><F131/><W83/><G120/><T64/><D38/><U52/><E129/><V124/><F124/><W122/><G122/><T132/><D125/><U108/><E134/><N who="3" m="51210" /><G69/><T112/><D112/><U10/><E108/><V96/><F37/><W79/><G73/><T92/><D35/><U89/><E68/><V81/><F33/><W121/><G121/><T14/><D132/><U34/><E34/><V50/><F107/><W58/><G93/><T29/><D29/><U43/><E99/><V75/><F50/><W23/><G23/><T109/><D109/><U86/><E89/><V40/><F40/><W74/><G74/><T26/><D26/><U98/><E98/><V67/><F67/><W66/><G8/><T53/><D87/><U15/><E2/><V5/><F75/><W30/><G30/><T41/><D41/><U118/><E118/><V111/><F111/><W84/><G72/><T106/><D42/><U9/><E43/><V110/><F110/><W101/><G66/><T105/><D105/><U51/><E51/><V25/><F25/><W48/><G101/><T119/><D106/><U85/><E85/><V70/><F70/><W19/><G19/><T103/><D103/><U4/><E22/><N who="2" m="11559" /><F96/><W114/><G114/><T36/><D36/><U7/><E7/><V78/><F78/><W57/><G48/><T1/><D1/><U88/><E77/><V76/><F76/><W128/><G128/><T113/><D113/><U94/><E94/><V104/><F104/><W123/><G123/><T54/><D49/><U21/><E21/><AGARI ba="0,0" hai="14,16,21,53,54,63,64,71,92,97,102,116,117,119" machi="21" ten="40,5200,0" yaku="6,1,52,1,54,1" doraHai="18" who="0" fromWho="1" sc="364,52,59,-52,113,0,464,0" /><INIT seed="6,0,0,1,4,133" ten="416,7,113,464" oya="2" hai0="112,36,121,61,15,94,101,93,102,55,119,16,57" hai1="49,73,127,111,21,123,52,86,84,135,35,4,126" hai2="90,13,14,9,8,70,17,25,108,31,100,18,26" hai3="81,99,109,106,113,65,118,75,117,69,46,122,77"/><V79/><F70/><W45/><G122/><T54/><D36/><U37/><E111/><V107/><F79/><W48/><G109/><T130/><D121/><U29/><E123/><V7/><F108/><W34/><G34/><T92/><D130/><U23/><E37/><V20/><F90/><W63/><G113/><T115/><D119/><U64/><E73/><V78/><F78/><W85/><G46/><T95/><N who="0" m="24064" /><DORA hai="43" /><T56/><D115/><U58/><E135/><V60/><F60/><W110/><G110/><T28/><D28/><U5/><E64/><V98/><F98/><W62/><G62/><T88/><D88/><U39/><E39/><V1/><F107/><W124/><G75/><T125/><D125/><N who="1" m="47627" /><E35/><N who="2" m="20975" /><F100/><W114/><G114/><T80/><D80/><U74/><E74/><V83/><F83/><W67/><G67/><T12/><D12/><AGARI ba="0,0" hai="1,7,8,9,12,13,14,17,18,20,26" m="20975" machi="12" ten="30,12000,1" yaku="35,5" doraHai="133,43" who="2" fromWho="0" sc="416,-120,7,0,113,120,464,0" /><INIT seed="6,1,0,5,3,110" ten="296,7,233,464" oya="2" hai0="114,69,130,8,78,16,72,31,59,122,25,101,71" hai1="102,7,74,9,64,88,126,1,113,121,125,68,11" hai2="87,19,23,119,123,14,24,111,50,91,100,5,92" hai3="2,82,115,79,84,86,65,29,107,85,34,75,70"/><V32/><F123/><W48/><G2/><T42/><D122/><U53/><E121/><V47/><F119/><W15/><G107/><T46/><D59/><U131/><E131/><V135/><F135/><W90/><G90/><T118/><D130/><U55/><E74/><V76/><F111/><W30/><G34/><T99/><D118/><U22/><E102/><V77/><F100/><W96/><G96/><T6/><D16/><U66/><E22/><V35/><F35/><W133/><G133/><T120/><D114/><U44/><E44/><V27/><F27/><W33/><G115/><T17/><D17/><U124/><E68/><V13/><F32/><W36/><G36/><N who="0" m="21831" /><D31/><U51/><E51/><V3/><F3/><W12/><G48/><T61/><D61/><U116/><E116/><V97/><F97/><W112/><G112/><T39/><D39/><U43/><E113/><V95/><F95/><W106/><G106/><N who="0" m="63807" /><D25/><U98/><E43/><V20/><F5/><W104/><G104/><T56/><D56/><U21/><E21/><V10/><F23/><W103/><G103/><T134/><D134/><U105/><E11/><V54/><REACH who="2" step="1"/><F14/><REACH who="2" ten="296,7,223,464" step="2"/><W83/><G33/><T128/><D120/><U127/><N who="1" m="31744" /><DORA hai="80" /><U132/><E132/><V109/><F109/><W117/><G117/><T26/><D26/><U38/><E38/><V63/><F63/><W52/><G12/><T40/><D128/><U89/><E105/><V49/><F49/><W81/><G15/><T37/><D37/><U93/><E89/><V45/><F45/><W0/><G0/><T62/><D62/><RYUUKYOKU ba="1,1" sc="296,-15,7,15,223,15,464,-15" hai1="1,7,9,53,55,64,66,88,93,98" hai2="10,13,19,20,24,47,50,54,76,77,87,91,92" /><INIT seed="6,2,1,5,1,126" ten="281,22,238,449" oya="2" hai0="61,17,22,110,135,88,77,24,133,123,102,103,107" hai1="25,125,119,8,78,132,29,79,90,100,73,122,116" hai2="53,28,117,42,16,76,33,121,130,44,6,7,74" hai3="9,85,67,118,36,47,62,109,35,108,19,131,105"/><V59/><F117/><W10/><G118/><T20/><D110/><U92/><E8/><V39/><F121/><W84/><G35/><T40/><D77/><U83/><E25/><V94/><F33/><W134/><G105/><T49/><D107/><U52/><E29/><V63/><F28/><W87/><G134/><N who="0" m="51211" /><D61/><U111/><E52/><V69/><F130/><W34/><G34/><T86/><D123/><U5/><E5/><V57/><F74/><W60/><G131/><T66/><D66/><U58/><E58/><V75/><F75/><W2/><G62/><T89/><D89/><U26/><E26/><V15/><F76/><W31/><G31/><T81/><D22/><U96/><E132/><V51/><F94/><W65/><G65/><T97/><D97/><U113/><E122/><V114/><F114/><W14/><G2/><T11/><D11/><U54/><E54/><V27/><F27/><W48/><G36/><T55/><D40/><U127/><E113/><V1/><F1/><W41/><REACH who="3" step="1"/><G10/><REACH who="3" ten="281,22,238,439" step="2"/><T3/><D3/><U50/><E50/><V12/><F12/><W30/><G30/><T120/><D120/><U23/><E23/><N who="2" m="11679" /><F59/><AGARI ba="2,2" hai="9,14,19,41,47,48,59,60,67,84,85,87,108,109" machi="59" ten="40,1300,0" yaku="1,1,53,0" doraHai="126" doraHaiUra="71" who="3" fromWho="2" sc="281,0,22,0,238,-19,439,39" /><AGARI ba="2,0" hai="17,20,24,49,55,59,81,86,88,102,103" m="51211" machi="59" ten="30,2000,0" yaku="20,1,54,1" doraHai="126" who="0" fromWho="2" sc="281,20,22,0,219,-20,478,0" /><INIT seed="7,0,0,3,1,79" ten="301,22,199,478" oya="3" hai0="101,133,118,97,43,2,8,1,23,9,46,117,131" hai1="76,52,127,50,32,44,126,134,129,5,88,47,72" hai2="6,30,102,125,39,66,123,27,0,78,91,7,115" hai3="77,111,100,26,42,36,85,25,4,59,29,54,124"/><W53/><G124/><T16/><D133/><U20/><E32/><V107/><F39/><W94/><G111/><T116/><D131/><U108/><E108/><V92/><F125/><N who="1" m="47625" /><E5/><V89/><F123/><W109/><G109/><T11/><D97/><U28/><E28/><V104/><F78/><W41/><G4/><T70/><D101/><U34/><E34/><V112/><F102/><W86/><G36/><T14/><D70/><U31/><E31/><V69/><F69/><W82/><G54/><T62/><REACH who="0" step="1"/><D62/><REACH who="0" ten="291,22,199,478" step="2"/><U19/><E129/><V95/><F66/><W135/><G135/><T18/><D18/><U87/><E134/><V12/><F30/><W80/><G29/><T68/><D68/><U106/><E106/><V55/><F107/><W63/><G100/><T49/><AGARI ba="0,1" hai="1,2,8,9,11,14,16,23,43,46,49,116,117,118" machi="49" ten="40,8000,1" yaku="1,1,0,1,54,1,53,1" doraHai="79" doraHaiUra="37" who="0" fromWho="0" sc="291,90,22,-20,199,-20,478,-40" owari="381,18.0,2,-50.0,179,-22.0,438,54.0" /></mjloggm>