<mjloggm ver="2.3"><GO type="169" lobby="0"/><UN n0="%E5%AD%95%E3%81%BF%E5%B1%8B%E6%9C%AC%E8%88%97" n1="%6C%65%6F%6E%6C%65%6F%6E" n2="%E3%82%A4%E3%83%B3%E3%83%87%E3%82%A3%E3%82%B4%E3%83%96%E3%83%AB%E3%83%BC" n3="%E7%8F%BE%E5%A4%A7%E7%9C%9F%E9%BE%8D%E5%B0%86" dan="16,16,16,16" rate="2126.59,2146.48,2157.10,2048.47" sx="F,M,M,M"/><TAIKYOKU oya="0"/><INIT seed="0,0,0,4,2,93" ten="250,250,250,250" oya="0" hai0="73,25,57,127,37,92,35,2,104,89,74,101,100" hai1="88,122,48,80,20,76,121,75,119,42,24,65,47" hai2="82,131,66,14,67,108,31,59,123,94,78,1,97" hai3="72,113,98,16,114,39,63,51,18,45,112,120,26"/><T79/><D2/><U32/><E119/><V54/><F108/><W134/><G39/><T28/><D127/><U40/><E32/><V15/><F123/><W77/><G120/><T38/><D57/><U133/><E133/><V86/><F131/><W64/><G134/><T96/><D100/><U56/><E42/><V30/><F1/><W11/><G11/><T70/><D70/><U49/><E49/><N who="2" m="31183" /><F15/><W41/><G26/><T99/><REACH who="0" step="1"/><D79/><REACH who="0" ten="240,250,250,250" step="2"/><U29/><E56/><V110/><F110/><W85/><G77/><T95/><D95/><U129/><E129/><V81/><F81/><W103/><G72/><AGARI ba="0,1" hai="25,28,35,37,38,72,73,74,89,92,96,99,101,104" machi="72" ten="40,7700,0" yaku="1,1,52,2,53,0" doraHai="93" doraHaiUra="117" who="0" fromWho="3" sc="240,87,250,0,250,0,250,-77" /><INIT seed="0,1,0,4,0,73" ten="327,250,250,173" oya="0" hai0="28,122,1,66,54,86,7,12,50,56,129,131,41" hai1="62,27,101,22,43,9,74,132,98,6,123,68,51" hai2="3,119,24,111,90,44,115,42,130,4,109,118,126" hai3="112,57,40,11,128,124,21,114,63,8,65,25,107"/><T17/><D122/><U121/><E132/><V32/><F90/><W95/><G107/><T14/><D28/><U75/><E43/><V67/><F67/><W72/><G72/><T120/><D120/><U53/><E75/><V46/><F46/><W83/><G124/><T108/><D108/><N who="2" m="41546" /><F115/><W93/><G128/><N who="0" m="49227" /><D41/><U35/><E74/><V48/><F126/><W71/><G83/><T81/><D17/><U29/><E22/><V64/><F64/><W55/><G40/><T34/><D34/><U87/><E87/><V116/><F130/><W96/><G114/><T39/><D39/><U20/><E20/><V30/><F4/><W26/><G112/><T102/><D102/><U69/><E121/><V31/><F31/><W19/><G26/><T2/><D66/><U134/><E123/><V49/><F3/><N who="0" m="1034" /><D7/><U105/><E134/><V125/><F125/><W10/><REACH who="3" step="1"/><G96/><REACH who="3" ten="327,250,250,163" step="2"/><T89/><AGARI ba="1,1" hai="12,14,50,54,56,81,86,89" m="1034,49227" machi="89" ten="30,1500,0" yaku="19,1" doraHai="73" who="0" fromWho="0" sc="327,28,250,-6,250,-6,163,-6" /><INIT seed="0,2,0,1,2,4" ten="355,244,244,157" oya="0" hai0="65,66,43,56,19,8,1,133,93,10,130,51,94" hai1="53,106,83,50,127,3,44,33,57,75,22,128,62" hai2="20,55,97,77,46,0,63,68,58,79,72,7,17" hai3="122,131,120,116,28,82,110,103,90,81,114,6,9"/><T104/><D104/><U100/><E33/><V105/><F72/><W47/><G114/><T108/><D130/><U31/><E128/><V54/><F68/><W101/><G131/><T15/><D133/><U85/><E127/><V41/><F55/><W37/><G116/><T89/><D94/><U78/><E3/><V71/><F71/><W132/><G28/><T118/><D118/><U134/><E134/><V2/><F2/><W84/><G132/><T25/><D108/><U21/><E31/><V60/><F60/><W121/><G81/><T11/><D25/><U88/><E100/><V29/><F29/><W91/><G90/><T73/><D73/><U18/><E18/><V49/><F97/><W135/><G110/><T117/><D117/><U111/><E106/><V35/><F35/><W87/><G87/><N who="0" m="52415" /><D1/><U115/><E111/><V92/><F92/><W52/><G135/><T23/><D56/><U16/><E115/><V125/><F125/><W70/><G70/><T123/><D123/><U32/><E32/><V99/><F99/><W14/><G37/><T109/><D109/><U39/><E39/><V113/><F105/><W112/><G112/><T64/><D65/><U124/><E124/><V38/><F38/><W13/><G13/><T48/><D48/><AGARI ba="2,0" hai="6,9,14,47,48,52,82,84,91,101,103,120,121,122" machi="48" ten="40,5200,0" yaku="13,1,52,1,54,1" doraHai="4" who="3" fromWho="0" sc="355,-58,244,0,244,0,157,58" /><INIT seed="1,0,0,1,2,79" ten="297,244,244,215" oya="1" hai0="96,130,91,18,110,24,33,69,40,4,113,12,131" hai1="65,122,23,51,88,37,13,0,133,124,104,41,132" hai2="28,5,43,49,45,85,118,80,53,100,126,81,2" hai3="62,59,36,105,46,52,87,89,78,27,127,55,68"/><U38/><E0/><V108/><F118/><W20/><G105/><T47/><D113/><U95/><E122/><V67/><F108/><W11/><G68/><T120/><D120/><U125/><E104/><V16/><F126/><N who="1" m="48745" /><E65/><V3/><F28/><W35/><G127/><T109/><D69/><U102/><E102/><V17/><F85/><W61/><G35/><T44/><D4/><U1/><E1/><V99/><F43/><W34/><G34/><T50/><D96/><N who="1" m="57447" /><E51/><V74/><F74/><W129/><G78/><T58/><D91/><U90/><E90/><V21/><F17/><W39/><G39/><N who="1" m="14858" /><E41/><V8/><F67/><W83/><G36/><T103/><D103/><U66/><E66/><V134/><F134/><N who="1" m="51817" /><E23/><V116/><F116/><W101/><G101/><T128/><D47/><U84/><E13/><V42/><F42/><W22/><G22/><N who="0" m="11591" /><D58/><U73/><E84/><V70/><F70/><W72/><G20/><T123/><D123/><U25/><E25/><V119/><F119/><W98/><G27/><T60/><D60/><U31/><E73/><V97/><F2/><W77/><G72/><T112/><D112/><U107/><E107/><V15/><F99/><W94/><G62/><T71/><D71/><U14/><E14/><V32/><F32/><W92/><G61/><T29/><AGARI ba="0,0" hai="24,29,33,40,44,50,109,110,128,130,131" m="11591" machi="29" ten="40,1500,0" yaku="19,1" doraHai="79" who="0" fromWho="0" sc="297,15,244,-7,244,-4,215,-4" /><INIT seed="2,0,0,2,2,50" ten="312,237,240,211" oya="2" hai0="49,44,134,74,65,84,62,102,114,55,61,72,37" hai1="13,31,103,113,131,24,119,129,30,7,21,25,135" hai2="66,43,77,96,85,39,86,59,106,5,115,2,73" hai3="51,52,40,98,121,88,15,11,4,28,83,35,118"/><V78/><F115/><W27/><G118/><T97/><D114/><U57/><E113/><V3/><F77/><W94/><G40/><T123/><D123/><U70/><E70/><V90/><F3/><W26/><G121/><T0/><D134/><U128/><E119/><V132/><F90/><W99/><G83/><T71/><D61/><U67/><E103/><N who="2" m="62823" /><F59/><W64/><G64/><T105/><D0/><U82/><E82/><N who="2" m="45391" /><F66/><W41/><G41/><T95/><D84/><U76/><E76/><V125/><F125/><W80/><G80/><T46/><D46/><U47/><E47/><N who="2" m="24063" /><F132/><W34/><G99/><T63/><D37/><U100/><E100/><V124/><F124/><W81/><G81/><T133/><D133/><U48/><E135/><V75/><F75/><W126/><G126/><T109/><D109/><U19/><E7/><V42/><F42/><W122/><G122/><T23/><D62/><N who="1" m="38351" /><E48/><V53/><F53/><W18/><G4/><T87/><REACH who="0" step="1"/><D23/><REACH who="0" ten="302,237,240,211" step="2"/><U112/><E112/><V33/><F33/><W6/><G35/><T58/><D58/><U36/><E36/><V9/><AGARI ba="0,1" hai="2,5,9,85,86" m="24063,45391,62823" machi="9" ten="30,1500,0" yaku="25,1" doraHai="50" who="2" fromWho="2" sc="302,-5,237,-5,240,25,211,-5" /><INIT seed="2,1,0,2,0,115" ten="297,232,265,206" oya="2" hai0="113,78,45,117,123,42,54,5,74,112,89,48,71" hai1="50,14,118,52,25,38,107,41,20,125,91,24,35" hai2="90,133,56,57,69,106,109,47,93,81,99,68,84" hai3="121,7,8,76,103,60,104,80,31,34,132,63,22"/><V30/><F133/><W40/><G34/><T26/><D123/><U51/><E107/><V1/><F1/><W135/><G121/><T9/><D26/><U43/><E125/><V127/><F127/><W126/><G126/><T100/><D100/><U4/><E38/><V114/><F114/><W79/><G76/><T18/><D18/><U44/><E118/><V70/><F30/><W23/><G40/><T111/><D111/><U55/><E35/><V15/><F106/><W124/><G124/><T98/><D71/><U39/><E39/><V102/><F109/><W16/><G31/><T128/><D128/><U2/><E2/><V88/><F47/><W6/><G23/><T53/><D117/><U85/><E4/><N who="3" m="1578" /><G8/><T29/><D29/><U73/><E73/><V83/><REACH who="2" step="1"/><F15/><REACH who="2" ten="297,232,255,206" step="2"/><N who="3" m="9503" /><G104/><T130/><D113/><U131/><E14/><V36/><F36/><W66/><G132/><T96/><D112/><U119/><E131/><V61/><F61/><W11/><G135/><T37/><D130/><U27/><E119/><V77/><F77/><W105/><G60/><T82/><D89/><U62/><E62/><V17/><F17/><W65/><G63/><T72/><D72/><U94/><REACH who="1" step="1"/><E20/><REACH who="1" ten="297,222,255,206" step="2"/><V19/><F19/><W58/><G105/><T13/><D37/><U110/><E110/><V120/><F120/><W12/><G12/><T64/><D64/><U95/><E95/><V28/><F28/><W32/><G66/><T10/><D10/><U116/><E116/><V49/><F49/><W122/><G11/><T129/><D129/><U3/><E3/><V134/><F134/><RYUUKYOKU ba="1,2" sc="297,10,222,10,255,10,206,-30" hai0="5,9,13,42,45,48,53,54,74,78,82,96,98" hai1="24,25,27,41,43,44,50,51,52,55,85,91,94" hai2="56,57,68,69,70,81,83,84,88,90,93,99,102" /><INIT seed="2,2,2,5,3,15" ten="307,232,265,176" oya="2" hai0="72,130,12,75,73,134,18,0,5,129,78,54,2" hai1="9,105,41,118,125,96,132,48,32,123,91,127,43" hai2="22,107,121,59,26,90,95,79,108,24,13,135,60" hai3="42,112,106,8,87,80,23,102,99,6,131,33,89"/><V84/><F121/><W113/><G33/><T117/><D134/><U120/><E32/><V86/><F107/><W124/><G124/><N who="1" m="47690" /><E118/><V122/><F122/><N who="1" m="46633" /><E132/><V77/><F108/><W69/><G69/><T62/><D117/><U52/><E9/><V7/><F26/><W51/><G131/><N who="0" m="50187" /><D5/><U50/><E50/><V81/><F13/><W63/><G63/><T30/><D30/><U76/><E76/><N who="2" m="46119" /><F7/><W97/><G99/><T1/><D78/><U53/><E53/><N who="2" m="33903" /><F135/><W82/><G23/><N who="0" m="11719" /><D62/><U47/><E91/><V128/><F128/><W116/><G116/><T64/><D54/><U37/><E37/><V39/><F39/><W46/><REACH who="3" step="1"/><G80/><REACH who="3" ten="307,232,265,166" step="2"/><T66/><AGARI ba="2,3" hai="0,1,2,64,66,72,73,75" m="11719,50187" machi="66" ten="50,3200,0" yaku="19,1,52,1" doraHai="15" who="0" fromWho="0" sc="307,68,232,-10,265,-18,166,-10" /><INIT seed="3,0,0,3,2,38" ten="375,222,247,156" oya="3" hai0="27,0,98,4,17,79,95,70,83,5,69,72,7" hai1="113,44,53,85,106,116,108,8,100,118,26,101,122" hai2="49,119,52,129,14,81,41,63,132,130,1,91,12" hai3="73,30,16,131,97,84,120,78,46,55,134,33,77"/><W57/><G120/><T107/><D107/><U114/><E122/><V51/><F1/><W50/><G73/><T21/><REACH who="0" step="1"/><D0/><REACH who="0" ten="365,222,247,156" step="2"/><U124/><E106/><V39/><F119/><W80/><G33/><T125/><D125/><U123/><E124/><V48/><F132/><W94/><G134/><T19/><D19/><U135/><E135/><V23/><F130/><W112/><G131/><T28/><D28/><U104/><E104/><V102/><F129/><W67/><G30/><T92/><D92/><U59/><E116/><V42/><F39/><W35/><G35/><T88/><AGARI ba="0,1" hai="4,5,7,17,21,27,69,70,72,79,83,88,95,98" machi="88" ten="30,4000,0" yaku="1,1,0,1,54,1,53,0" doraHai="38" doraHaiUra="25" who="0" fromWho="0" sc="365,50,222,-10,247,-10,156,-20" /><INIT seed="4,0,0,0,5,99" ten="415,212,237,136" oya="0" hai0="8,23,26,54,4,113,131,68,69,77,127,36,117" hai1="13,119,32,100,27,15,123,102,46,121,52,48,86" hai2="50,25,104,95,1,107,17,75,21,31,63,30,11" hai3="101,12,20,55,67,132,96,116,79,93,33,49,62"/><T90/><D117/><U58/><E119/><V74/><F63/><W40/><G33/><T82/><D127/><U5/><E121/><V14/><F95/><W83/><G116/><T29/><D113/><U64/><E123/><V103/><F104/><W24/><G40/><T105/><D131/><U92/><E32/><V126/><F126/><W88/><G12/><N who="1" m="4682" /><E5/><V10/><F30/><W97/><G132/><T41/><D105/><U94/><E27/><V118/><F50/><W19/><G79/><T35/><D23/><U56/><E56/><V66/><F66/><W7/><G7/><T43/><D90/><N who="1" m="53335" /><E94/><V60/><F60/><AGARI ba="0,0" hai="46,48,52,58,60,64,100,102" m="53335,4682" machi="60" ten="30,7700,0" yaku="8,1,52,2,54,1" doraHai="99" who="1" fromWho="2" sc="415,0,212,77,237,-77,136,0" /><INIT seed="5,0,0,3,4,38" ten="415,289,160,136" oya="1" hai0="11,9,54,102,43,25,5,103,70,7,87,20,108" hai1="72,33,31,127,96,30,120,109,61,81,63,41,44" hai2="117,132,99,45,115,0,22,106,113,57,92,62,19" hai3="97,51,21,60,23,16,52,2,135,42,107,134,133"/><U121/><E127/><V67/><F117/><W15/><G2/><T24/><D70/><U82/><E109/><V93/><F0/><W114/><G60/><T36/><D108/><U28/><E33/><V74/><F74/><W100/><G114/><N who="2" m="43529" /><F132/><W66/><G66/><T12/><D54/><U49/><E96/><V79/><F79/><W111/><G111/><T39/><D87/><U48/><E72/><V65/><F65/><W83/><G83/><T84/><D84/><U118/><E118/><V71/><F71/><W53/><G21/><T78/><D78/><U37/><E37/><V14/><F45/><AGARI ba="0,0" hai="15,16,23,42,45,51,52,53,97,100,107,133,134,135" machi="45" ten="40,8000,1" yaku="20,1,52,1,54,2" doraHai="38" who="3" fromWho="2" sc="415,0,289,0,160,-80,136,80" /><INIT seed="6,0,0,2,1,125" ten="415,289,80,216" oya="2" hai0="21,67,131,15,13,16,29,31,103,62,46,35,109" hai1="91,41,120,88,57,9,85,81,116,93,135,43,69" hai2="33,11,6,94,56,19,8,37,20,95,60,18,75" hai3="73,102,74,112,2,58,32,130,79,110,12,4,14"/><V113/><F113/><W124/><G110/><T26/><D131/><U40/><E116/><V3/><F75/><W0/><G32/><T97/><D109/><U76/><E69/><V10/><F37/><W45/><G124/><T70/><D46/><U27/><E135/><V127/><F127/><W65/><G112/><T1/><D1/><U71/><E71/><V99/><F33/><W134/><G134/><T24/><D31/><U101/><E120/><V77/><F95/><AGARI ba="0,0" hai="13,15,16,21,24,26,29,35,62,67,70,95,97,103" machi="95" ten="30,2000,0" yaku="7,1,54,1" doraHai="125" who="0" fromWho="2" sc="415,20,289,0,80,-20,216,0" /><INIT seed="7,0,0,0,3,98" ten="435,289,60,216" oya="3" hai0="23,47,118,52,90,28,84,16,77,120,85,40,24" hai1="111,32,89,128,69,12,37,33,26,74,65,4,43" hai2="27,134,97,35,29,3,68,8,104,45,36,50,59" hai3="63,125,117,19,132,11,5,79,22,103,51,96,21"/><W87/><G117/><T94/><D118/><U53/><E111/><V15/><F134/><W91/><G79/><T31/><D120/><U107/><E74/><V129/><F129/><W82/><G132/><T6/><D6/><U76/><E76/><V121/><F121/><W99/><G125/><T122/><D122/><U75/><E75/><V56/><F36/><W13/><G96/><T119/><D52/><U133/><E107/><V116/><F3/><W9/><G63/><T80/><D119/><U72/><E72/><V109/><F109/><W102/><G51/><AGARI ba="0,0" hai="16,23,24,28,31,40,47,51,77,80,84,85,90,94" machi="51" ten="30,3900,0" yaku="7,1,8,1,54,1" doraHai="98" who="0" fromWho="3" sc="435,39,289,0,60,0,216,-39" owari="474,57.0,289,9.0,60,-44.0,177,-22.0" /></mjloggm>