<mjloggm ver="2.3"><GO type="169" lobby="0"/><UN n0="%E7%94%9F%E3%81%97%E3%82%89%E3%81%99" n1="%74%6E%66%73%68%32%30%34" n2="%E7%B4%85%E8%89%B2%E3%81%BF%E3%81%8B%E3%82%93" n3="%E3%81%A1%E3%82%83%E3%82%8B%E5%AD%90" dan="16,17,16,17" rate="2073.14,2164.18,2140.58,2239.81" sx="M,M,M,M"/><TAIKYOKU oya="0"/><INIT seed="0,0,0,1,0,30" ten="250,250,250,250" oya="0" hai0="57,121,100,87,26,55,35,110,16,24,39,129,97" hai1="14,50,76,104,19,25,133,103,64,65,96,37,102" hai2="115,60,52,22,10,130,36,127,46,83,99,92,118" hai3="48,81,56,85,78,128,33,42,34,117,15,114,131"/><T111/><D121/><U18/><E37/><V120/><F115/><W101/><G114/><T63/><D39/><U126/><E133/><V21/><F120/><W89/><G117/><T43/><D43/><U125/><E76/><V94/><F127/><N who="1" m="48649" /><E103/><V98/><F130/><N who="3" m="49707" /><G101/><T123/><D123/><U32/><E50/><N who="2" m="28759" /><F36/><W45/><G15/><T112/><D112/><U1/><E1/><V29/><F118/><W7/><G7/><T119/><D119/><U31/><E19/><V73/><F73/><N who="3" m="43215" /><G56/><T53/><D129/><U12/><E12/><V108/><F108/><N who="0" m="41514" /><D87/><U93/><E104/><V67/><F83/><AGARI ba="0,0" hai="33,34,42,45,48,83,85,89" m="43215,49707" machi="83" ten="30,3900,0" yaku="19,1,52,2" doraHai="30" who="3" fromWho="2" sc="250,0,250,0,250,-39,250,39" /><INIT seed="1,0,0,4,3,51" ten="250,250,211,289" oya="1" hai0="134,83,72,29,78,0,6,75,93,91,101,37,10" hai1="94,27,122,52,107,127,57,129,33,71,109,73,55" hai2="114,81,128,20,118,40,39,23,88,15,4,112,21" hai3="43,53,41,117,19,106,5,130,24,44,17,54,99"/><U9/><E122/><V30/><F118/><W13/><G117/><T105/><D134/><U63/><E107/><V84/><F128/><W104/><G130/><T38/><D72/><U76/><E129/><V50/><F39/><W86/><G106/><T48/><D29/><U35/><E71/><V100/><F100/><W98/><G104/><T70/><D70/><U123/><E123/><V67/><F67/><W56/><G5/><T68/><D68/><U89/><E127/><V103/><F103/><W102/><G102/><T74/><D74/><U131/><E131/><V7/><F30/><W59/><G86/><T8/><D8/><U96/><E109/><V125/><F125/><W85/><G85/><T47/><D101/><U2/><E2/><V111/><F111/><W26/><G44/><T124/><D124/><U60/><E9/><V95/><F81/><W115/><REACH who="3" step="1"/><G13/><REACH who="3" ten="250,250,211,279" step="2"/><T58/><D105/><U132/><E132/><V110/><F110/><W69/><G69/><T80/><D80/><U61/><E73/><V34/><F15/><W108/><G108/><T28/><D58/><U42/><E57/><V135/><F135/><W113/><AGARI ba="0,1" hai="17,19,24,26,41,43,53,54,56,59,98,99,113,115" machi="113" ten="25,12000,2" yaku="1,1,0,1,22,2,52,2,53,0" doraHai="51" doraHaiUra="64" who="3" fromWho="3" sc="250,-30,250,-60,211,-30,279,130" /><INIT seed="2,0,0,1,0,98" ten="220,190,181,409" oya="2" hai0="16,109,75,62,124,100,67,132,0,85,8,14,66" hai1="119,7,79,73,114,68,39,118,23,107,11,24,77" hai2="33,92,94,112,97,103,125,2,110,59,71,123,80" hai3="57,134,38,104,55,133,61,26,18,52,76,83,105"/><V101/><F112/><W65/><G38/><T70/><D109/><U82/><E114/><V45/><F71/><W36/><G36/><T17/><D132/><N who="3" m="50793" /><G26/><T95/><D75/><U29/><E68/><V28/><F123/><W44/><G18/><T96/><D124/><U89/><E107/><N who="3" m="41034" /><G44/><T6/><D66/><U32/><E79/><V4/><F125/><W116/><G116/><T35/><D35/><U93/><E39/><V122/><F122/><W12/><G12/><T113/><D113/><U19/><E29/><V9/><F45/><W54/><G55/><T130/><D130/><U43/><E43/><V135/><F110/><W53/><G54/><T10/><REACH who="0" step="1"/><D85/><AGARI ba="0,0" hai="52,53,57,61,65,76,83,85" m="41034,50793" machi="85" ten="30,2000,0" yaku="20,1,54,1" doraHai="98" who="3" fromWho="0" sc="220,-20,190,0,181,0,409,20" /><INIT seed="3,0,0,1,5,132" ten="200,190,181,429" oya="3" hai0="7,95,58,3,78,96,105,6,118,112,31,133,119" hai1="9,12,94,64,44,131,30,101,86,60,23,104,39" hai2="52,116,122,102,92,80,26,89,19,36,77,45,16" hai3="24,106,34,40,76,37,20,27,62,72,125,73,98"/><W114/><G114/><T84/><D105/><U74/><E74/><V107/><F116/><W18/><G37/><T128/><D31/><U79/><E104/><V67/><F122/><W14/><G40/><T115/><D3/><U49/><E39/><V42/><F67/><W59/><G76/><T87/><D7/><U130/><E101/><V103/><F107/><W81/><G81/><N who="0" m="47159" /><D58/><U54/><E23/><V124/><F124/><W91/><G125/><T41/><D41/><U69/><E30/><V121/><F121/><W2/><G2/><T53/><D53/><U46/><E46/><V93/><F93/><W111/><G111/><T117/><D6/><U100/><E100/><V13/><F26/><W8/><G106/><T32/><D32/><U75/><E75/><V17/><F13/><W5/><G27/><T35/><D35/><U57/><E69/><V21/><F21/><W108/><G108/><T43/><D43/><U47/><E47/><V110/><F110/><W38/><G38/><T33/><D33/><U90/><REACH who="1" step="1"/><E79/><REACH who="1" ten="200,180,181,429" step="2"/><V61/><F77/><W28/><G28/><T29/><D29/><U11/><E11/><V109/><F109/><W0/><G34/><T56/><D133/><U88/><E88/><V82/><F103/><W71/><G71/><T127/><D127/><U99/><E99/><V25/><F102/><W123/><G123/><T63/><D87/><U50/><E50/><N who="2" m="26935" /><F25/><W4/><G98/><T85/><D85/><U15/><E15/><V113/><F36/><W65/><G91/><T135/><D135/><U68/><E68/><V22/><F89/><RYUUKYOKU ba="0,1" sc="200,-15,180,15,181,-15,429,15" hai1="9,12,44,49,54,57,60,64,86,90,94,130,131" hai3="0,4,5,8,14,18,20,24,59,62,65,72,73" /><INIT seed="3,1,1,4,1,105" ten="185,195,166,444" oya="3" hai0="91,20,73,32,102,46,18,108,39,62,71,13,88" hai1="125,6,22,130,8,21,101,68,55,133,2,104,118" hai2="37,52,134,15,120,96,14,86,34,9,135,59,117" hai3="112,128,57,12,56,3,109,75,74,78,33,58,87"/><W63/><G112/><T111/><D32/><U7/><E68/><V41/><F117/><W94/><G3/><T54/><D102/><U92/><E104/><V115/><F34/><W4/><G33/><T47/><D39/><U85/><E118/><V23/><F115/><W119/><G119/><T123/><D123/><U93/><E125/><V67/><F67/><W89/><G128/><T38/><D38/><U121/><E121/><V1/><F120/><W27/><G27/><T90/><D73/><U114/><E130/><V132/><F96/><W84/><G109/><N who="0" m="42059" /><D54/><U129/><E129/><V44/><F86/><W77/><G63/><T122/><D122/><U72/><E72/><V30/><F30/><W42/><G42/><T28/><D28/><U49/><E114/><V98/><F98/><W124/><G124/><T76/><D76/><U35/><E35/><V82/><F82/><W126/><G126/><T25/><D13/><U50/><E2/><V24/><F24/><W81/><REACH who="3" step="1"/><G78/><REACH who="3" ten="185,195,166,434" step="2"/><T65/><AGARI ba="1,2" hai="18,20,25,46,47,62,65,71,88,90,91" m="42059" machi="65" ten="40,2700,0" yaku="14,1,54,1" doraHai="105" who="0" fromWho="0" sc="185,50,195,-8,166,-8,434,-14" /><INIT seed="4,0,0,4,3,29" ten="235,187,158,420" oya="0" hai0="60,19,44,16,54,59,45,92,14,37,55,17,119" hai1="48,129,2,81,128,28,84,80,86,131,121,64,20" hai2="71,105,1,58,125,134,97,98,133,127,9,62,101" hai3="23,67,132,13,113,35,30,43,69,8,51,66,42"/><T120/><D119/><U74/><E121/><V75/><F71/><W89/><G113/><T95/><D120/><U114/><E2/><V3/><F75/><W24/><G132/><N who="2" m="50793" /><F98/><W22/><G89/><T39/><D14/><U0/><E0/><N who="2" m="75" /><F9/><W27/><G23/><T40/><REACH who="0" step="1"/><D55/><AGARI ba="0,0" hai="55,58,62,97,101,105,125,127" m="75,50793" machi="55" ten="30,1000,0" yaku="20,1" doraHai="29" who="2" fromWho="0" sc="235,-10,187,0,158,10,420,0" /><INIT seed="5,0,0,4,1,29" ten="225,187,168,420" oya="1" hai0="55,54,73,43,129,28,45,118,39,14,48,103,128" hai1="115,65,80,3,42,40,93,105,31,106,50,7,127" hai2="132,94,11,2,53,82,5,9,135,86,0,79,61" hai3="95,124,91,113,23,107,112,101,109,85,64,123,114"/><U92/><E127/><V133/><F94/><N who="1" m="36457" /><E3/><V68/><F53/><N who="0" m="19978" /><D73/><U126/><E126/><V17/><F17/><W78/><G124/><T130/><D103/><U37/><E37/><V15/><REACH who="2" step="1"/><F11/><REACH who="2" ten="225,187,158,420" step="2"/><W72/><G95/><T13/><D28/><U21/><E106/><V77/><F77/><W16/><G107/><T98/><D118/><U71/><E105/><V35/><F35/><W104/><G78/><T96/><D39/><U62/><E7/><V102/><F102/><W52/><G16/><T12/><AGARI ba="0,1" hai="12,13,14,43,45,48,96,98,128,129,130" m="19978" machi="12" ten="40,1500,0" yaku="19,1" doraHai="29" who="0" fromWho="0" sc="225,25,187,-7,158,-4,420,-4" /><INIT seed="6,0,0,5,5,88" ten="250,180,154,416" oya="2" hai0="54,102,42,104,121,107,26,66,100,106,35,38,52" hai1="105,30,27,10,118,43,82,56,12,109,114,127,11" hai2="87,29,45,39,0,89,125,46,123,69,78,20,55" hai3="58,32,101,22,34,33,25,96,13,53,111,84,70"/><V47/><F123/><W6/><G111/><T134/><D121/><U65/><E109/><V3/><F69/><W72/><G72/><T95/><D66/><U9/><E118/><V74/><F125/><W85/><G70/><T64/><D64/><U99/><E127/><V31/><F39/><W97/><G97/><T132/><D42/><U116/><E116/><V119/><F119/><W2/><G2/><T86/><D38/><U91/><E43/><V48/><F78/><W18/><G13/><T93/><D26/><U76/><E114/><V19/><F74/><W126/><G6/><T103/><D35/><U130/><E130/><V75/><F75/><W77/><G77/><T4/><D86/><N who="1" m="48455" /><E105/><V60/><F60/><W98/><G98/><T71/><D4/><U92/><E27/><N who="2" m="14751" /><F3/><W129/><G129/><T17/><D17/><N who="1" m="8335" /><E30/><N who="2" m="11275" /><F0/><W67/><G67/><T81/><D81/><AGARI ba="0,0" hai="45,46,47,48,55,81,87,89" m="11275,14751" machi="81" ten="30,1500,0" yaku="8,1" doraHai="88" who="2" fromWho="0" sc="250,-15,180,0,154,15,416,0" /><INIT seed="6,1,0,0,2,116" ten="235,180,169,416" oya="2" hai0="90,123,13,67,21,36,86,81,120,99,53,97,118" hai1="51,62,7,54,111,47,20,68,74,18,96,38,31" hai2="65,122,19,58,101,114,73,10,129,78,42,63,84" hai3="135,133,27,115,70,52,93,117,127,33,69,102,107"/><V121/><F73/><W26/><G117/><T22/><D36/><U75/><E111/><V4/><F114/><W34/><G107/><T15/><D67/><U80/><E31/><V50/><F129/><W132/><G115/><T119/><D53/><U56/><E7/><V16/><F101/><W5/><G5/><T105/><D90/><U98/><E38/><V17/><F42/><W23/><G127/><T40/><D86/><U64/><E68/><N who="3" m="26218" /><G52/><T77/><D105/><U103/><E80/><V37/><F37/><W109/><G109/><T83/><D77/><U131/><E98/><V30/><F30/><N who="3" m="17759" /><G27/><T66/><D66/><U12/><REACH who="1" step="1"/><E131/><REACH who="1" ten="235,170,169,416" step="2"/><V1/><REACH who="2" step="1"/><F50/><REACH who="2" ten="235,170,159,416" step="2"/><W79/><G135/><T48/><D48/><U24/><E24/><V9/><F9/><W28/><G28/><T72/><D72/><U39/><E39/><V43/><F43/><AGARI ba="1,2" hai="13,15,21,22,40,43,81,83,97,99,118,119,120,123" machi="43" ten="25,6400,0" yaku="22,2,52,2" doraHai="116" who="0" fromWho="2" sc="235,87,170,0,159,-67,416,0" /><INIT seed="7,0,0,3,2,2" ten="322,170,92,416" oya="3" hai0="26,120,62,94,123,44,118,42,19,1,37,76,111" hai1="36,32,121,0,35,64,18,66,27,110,10,45,46" hai2="112,104,5,13,115,119,130,43,97,88,68,67,53" hai3="99,80,91,72,108,69,31,58,8,39,52,49,41"/><W28/><G69/><T105/><D105/><U102/><E121/><V114/><F119/><W9/><G108/><T12/><D111/><U131/><E110/><V7/><F130/><W59/><G39/><T93/><D118/><U87/><E131/><V6/><F43/><W103/><G41/><T82/><D26/><U85/><E102/><V122/><F122/><W34/><G34/><T92/><D1/><U47/><E36/><V20/><F104/><W24/><G72/><T96/><D62/><U11/><E0/><V29/><F53/><W23/><G59/><T79/><D79/><U135/><E27/><V25/><F13/><W129/><G31/><T133/><D133/><U74/><E18/><V100/><F100/><W101/><G101/><T14/><D14/><U125/><E74/><V89/><F97/><W15/><G15/><T116/><D116/><U95/><E125/><V21/><F21/><W83/><G129/><T77/><D77/><U117/><E135/><V30/><F30/><W65/><G65/><T132/><D132/><U70/><E66/><V84/><F84/><N who="3" m="50567" /><G83/><T75/><D120/><U78/><E64/><V38/><F38/><W33/><G33/><T98/><D123/><U56/><E35/><V71/><F67/><W73/><G73/><T51/><D37/><U40/><E32/><V134/><F134/><W60/><G60/><T54/><D42/><U48/><E40/><V81/><F81/><W126/><G126/><T4/><REACH who="0" step="1"/><D19/><REACH who="0" ten="312,170,92,416" step="2"/><U22/><E117/><V113/><N who="2" m="28672" /><DORA hai="90" /><V61/><F61/><N who="3" m="36039" /><G24/><T86/><D86/><U50/><E87/><RYUUKYOKU ba="0,1" sc="312,15,170,-15,92,15,416,-15" hai0="4,12,44,51,54,75,76,82,92,93,94,96,98" hai2="5,6,7,20,25,29,68,71,88,89" owari="327,13.0,155,-24.0,107,-39.0,411,50.0" /></mjloggm>