<mjloggm ver="2.3"><GO type="225" lobby="0"/><UN n0="%EF%BC%AE%EF%BC%AF%EF%BD%90%EF%BD%90%EF%BC%AF" n1="%64%61%7A%61%69" n2="%E3%81%8D%E3%82%82" n3="%E8%88%B9%E8%A6%8B%E7%B5%90%E8%A1%A3%E3%81%A1%E3%82%83%E3%82%93" dan="16,16,16,16" rate="2114.74,2107.29,2113.15,2116.02" sx="M,M,M,F"/><TAIKYOKU oya="0"/><INIT seed="0,0,0,3,1,93" ten="250,250,250,250" oya="0" hai0="82,74,4,111,101,81,119,60,102,32,70,104,86" hai1="87,29,92,71,107,13,24,53,50,44,36,39,85" hai2="63,91,120,30,98,54,78,45,109,131,113,46,64" hai3="56,106,83,127,20,68,121,89,5,100,27,28,23"/><T0/><D119/><U66/><E107/><V21/><F120/><W123/><G68/><T105/><D32/><U6/><E71/><V115/><F131/><W9/><G127/><T132/><D0/><U51/><E66/><V128/><F128/><W40/><G40/><T122/><D70/><U17/><E6/><V10/><F109/><W135/><G135/><T22/><D4/><U35/><E85/><V47/><F78/><W19/><G56/><T43/><D43/><U37/><E87/><V95/><F10/><W18/><G89/><N who="0" m="51407" /><D22/><U61/><E61/><V76/><F76/><W2/><G83/><T90/><D60/><U12/><E92/><V42/><F54/><W25/><REACH who="3" step="1"/><G28/><REACH who="3" ten="250,250,250,240" step="2"/><T75/><D122/><U116/><E116/><V110/><F42/><W48/><G48/><T7/><D90/><U126/><E126/><V108/><F108/><W124/><G124/><T14/><D111/><U62/><E62/><V130/><F110/><W112/><G112/><T34/><D82/><U114/><E114/><V11/><F130/><W38/><G38/><T99/><D74/><U129/><E129/><V59/><F113/><W80/><G80/><T55/><D75/><U15/><REACH who="1" step="1"/><E51/><REACH who="1" ten="250,240,250,240" step="2"/><V73/><F73/><W77/><G77/><T134/><D134/><U26/><E26/><V97/><F115/><W41/><G41/><T103/><D132/><U3/><E3/><V72/><F72/><W125/><G125/><T84/><D84/><U31/><E31/><V118/><F63/><W133/><G133/><T117/><D117/><U1/><E1/><V69/><F118/><RYUUKYOKU ba="0,2" sc="250,-15,240,15,250,-15,240,15" hai1="12,13,15,17,24,29,35,36,37,39,44,50,53" hai3="2,5,9,18,19,20,23,25,27,100,106,121,123" /><INIT seed="1,1,2,1,0,62" ten="235,255,235,255" oya="1" hai0="15,69,109,94,43,110,51,18,73,105,44,98,87" hai1="56,38,116,20,71,50,121,41,82,119,102,118,2" hai2="92,30,84,66,58,4,42,125,77,65,0,96,115" hai3="114,133,37,12,134,75,3,52,48,88,5,55,76"/><U67/><E2/><V39/><F125/><W103/><G114/><T27/><D73/><U135/><E121/><V29/><F115/><W9/><G37/><T8/><D69/><U61/><E102/><V59/><F39/><W93/><G103/><T46/><D105/><U100/><E100/><N who="2" m="60423" /><F0/><W45/><G3/><T126/><D126/><U80/><E135/><N who="3" m="51722" /><G76/><T60/><D60/><U49/><E20/><V113/><F113/><W95/><G95/><T91/><D44/><N who="1" m="23607" /><E80/><N who="2" m="47119" /><F4/><W79/><G79/><T57/><D57/><N who="2" m="21514" /><F42/><N who="3" m="24631" /><G75/><T54/><D43/><U19/><E82/><V36/><F36/><W63/><G63/><T26/><REACH who="0" step="1"/><D98/><AGARI ba="1,2" hai="5,9,12,52,55,88,93,98" m="24631,51722" machi="98" ten="30,3900,0" yaku="20,1,54,2" doraHai="62" who="3" fromWho="0" sc="235,-42,255,0,235,0,255,62" /><INIT seed="2,0,0,2,5,134" ten="193,255,235,317" oya="2" hai0="25,10,12,50,6,97,63,64,41,117,18,122,51" hai1="95,81,55,100,69,9,119,31,127,74,121,30,66" hai2="108,112,90,16,93,86,103,24,128,44,83,4,73" hai3="72,124,48,133,57,101,77,32,109,111,68,116,17"/><V60/><F128/><W40/><G68/><T23/><D122/><U3/><E119/><V5/><F112/><W98/><G116/><T78/><D117/><U88/><E121/><V19/><F108/><N who="3" m="41547" /><G133/><T33/><D78/><U27/><E100/><V45/><F60/><W94/><G32/><T129/><D129/><U38/><E38/><V7/><F73/><W118/><G118/><T79/><D79/><U84/><E66/><V54/><F54/><N who="3" m="31943" /><G40/><T80/><D80/><U123/><E69/><V131/><F131/><W49/><G49/><T99/><D33/><U105/><E105/><V43/><F43/><W65/><G65/><T14/><D25/><U71/><E71/><V34/><F34/><W53/><G53/><T135/><D135/><U20/><E123/><V67/><F67/><W1/><G1/><T75/><D75/><U0/><E31/><V87/><F103/><W85/><G17/><N who="2" m="6729" /><F24/><W29/><G29/><T36/><D36/><U56/><E74/><V107/><F107/><W52/><G72/><T21/><D21/><U39/><E39/><V91/><AGARI ba="0,0" hai="4,5,7,44,45,83,86,87,90,91,93" m="6729" machi="91" ten="30,3000,0" yaku="8,1,54,1" doraHai="134" who="2" fromWho="2" sc="193,-10,255,-10,235,30,317,-10" /><INIT seed="2,1,0,4,2,79" ten="183,245,265,307" oya="2" hai0="1,68,74,124,82,106,110,56,6,52,0,25,91" hai1="94,77,51,90,126,66,98,61,31,64,117,30,20" hai2="27,21,78,29,14,75,33,131,73,120,96,2,134" hai3="12,92,53,123,86,44,41,19,97,104,107,11,132"/><V62/><F131/><W71/><G71/><T36/><D110/><U4/><E117/><V105/><F134/><W42/><G132/><T65/><D124/><U108/><E126/><V76/><F120/><W130/><G123/><T115/><D115/><U87/><E108/><V58/><F2/><W63/><G130/><T125/><D125/><U84/><E4/><V100/><F75/><W81/><G107/><T95/><D106/><U109/><E109/><V102/><F102/><N who="3" m="60711" /><G104/><T7/><D36/><U3/><E3/><V50/><F50/><N who="3" m="28871" /><G63/><T129/><D129/><U133/><E51/><V60/><F60/><W101/><G101/><T112/><D112/><U135/><E66/><V128/><F128/><W59/><G59/><T23/><D68/><U39/><E39/><V37/><F37/><W13/><G13/><T88/><D65/><U17/><E133/><V45/><F45/><W38/><G38/><T89/><D0/><U119/><E119/><V113/><F113/><W35/><G35/><T5/><D1/><U28/><E135/><V99/><F99/><W72/><G72/><T111/><D111/><U46/><E46/><V67/><F73/><W22/><G22/><T8/><D8/><U18/><E20/><V16/><AGARI ba="1,0" hai="14,16,21,27,29,33,58,62,67,76,78,96,100,105" machi="16" ten="30,3000,0" yaku="0,1,54,1" doraHai="79" who="2" fromWho="2" sc="183,-11,245,-11,265,33,307,-11" /><INIT seed="2,2,0,0,5,94" ten="172,234,298,296" oya="2" hai0="100,70,6,17,103,35,99,44,76,83,53,75,82" hai1="28,43,126,117,13,9,72,105,51,127,57,119,93" hai2="42,46,10,111,124,91,55,69,88,27,48,18,123" hai3="89,23,125,73,47,31,84,118,128,132,63,54,81"/><V20/><F124/><N who="1" m="47657" /><E105/><V32/><F123/><W11/><G118/><T129/><D70/><U37/><E72/><V107/><F69/><W108/><G73/><T135/><D35/><U106/><E106/><V2/><F111/><W113/><G108/><T114/><D114/><U67/><E28/><V4/><F107/><W112/><G128/><T49/><D129/><U65/><E93/><V90/><F32/><W104/><G104/><T110/><D110/><U1/><E1/><V79/><F79/><W96/><G132/><T38/><D135/><U87/><E87/><V39/><REACH who="2" step="1"/><F91/><REACH who="2" ten="172,234,288,296" step="2"/><W133/><G89/><T3/><D103/><U29/><E117/><V36/><F36/><W122/><G125/><T115/><D38/><U22/><E119/><V41/><F41/><W92/><G122/><T26/><D115/><U66/><E43/><V98/><F98/><W40/><G96/><T102/><D99/><U61/><E37/><V30/><F30/><W85/><G40/><T16/><D102/><U134/><E134/><V58/><AGARI ba="2,1" hai="2,4,10,18,20,27,39,42,46,48,55,58,88,90" machi="58" ten="20,12000,1" yaku="1,1,0,1,7,1,54,1,53,1" doraHai="94" doraHaiUra="5" who="2" fromWho="2" sc="172,-42,234,-42,288,136,296,-42" /><INIT seed="2,3,0,0,0,117" ten="130,192,424,254" oya="2" hai0="96,91,0,61,111,15,13,72,115,85,31,67,22" hai1="58,25,28,50,82,66,12,43,97,83,52,42,109" hai2="57,123,102,40,3,46,7,84,71,121,38,107,32" hai3="101,44,79,126,132,129,133,5,98,95,47,16,51"/><V113/><F113/><W65/><G129/><T130/><D115/><U10/><E109/><V131/><F131/><W87/><G126/><T118/><D130/><U34/><E66/><V78/><F57/><W33/><G33/><T2/><D72/><U64/><E64/><V76/><F71/><W112/><G112/><T77/><D111/><U27/><E27/><V39/><F32/><W41/><G5/><T114/><D114/><U93/><E43/><V110/><F110/><W89/><G65/><T30/><D118/><U62/><E42/><V99/><F39/><W54/><G79/><T48/><D77/><U69/><E50/><V116/><F116/><W122/><G122/><T75/><D75/><U45/><E45/><V100/><F100/><W11/><G44/><T68/><D48/><U17/><REACH who="1" step="1"/><E69/><REACH who="1" ten="130,182,424,254" step="2"/><V70/><F70/><W134/><G41/><T119/><D119/><U6/><E6/><V29/><F7/><W55/><G47/><T125/><D67/><U88/><AGARI ba="3,1" hai="10,12,17,25,28,34,52,58,62,82,83,88,93,97" machi="88" ten="20,12000,2" yaku="1,1,0,1,7,1,54,2,53,1" doraHai="117" doraHaiUra="23" who="1" fromWho="1" sc="130,-33,182,139,424,-63,254,-33" /><INIT seed="3,0,0,5,2,99" ten="97,321,361,221" oya="3" hai0="96,118,28,33,104,63,44,43,77,74,116,133,57" hai1="73,10,14,2,27,78,93,101,128,108,42,112,105" hai2="132,29,37,98,89,26,97,21,58,66,35,24,109" hai3="85,81,82,20,64,126,47,17,34,45,19,110,83"/><W56/><G34/><T18/><D18/><U102/><E112/><V100/><F109/><W41/><G126/><T0/><D57/><U5/><E105/><V48/><F37/><W8/><G110/><T114/><D63/><U106/><E106/><V68/><F68/><W129/><G129/><T1/><D28/><U115/><E115/><V70/><F70/><W90/><G8/><T111/><D44/><U53/><E108/><V36/><F36/><W113/><G113/><T72/><D43/><U87/><E128/><V69/><F69/><W117/><G117/><T15/><D15/><U91/><E42/><V95/><F132/><W25/><G19/><T52/><D52/><U6/><E6/><V123/><F123/><W80/><G41/><T9/><D9/><U92/><E92/><V67/><F48/><W122/><G122/><T60/><D60/><AGARI ba="0,0" hai="17,20,25,45,47,56,60,64,80,81,82,83,85,90" machi="60" ten="40,2000,0" yaku="8,1" doraHai="99" who="3" fromWho="0" sc="97,-20,321,0,361,0,221,20" /><INIT seed="3,1,0,4,2,39" ten="77,321,361,241" oya="3" hai0="2,23,20,49,56,61,51,126,77,42,64,91,133" hai1="0,130,65,41,67,15,80,105,94,96,98,5,54" hai2="21,27,83,101,108,110,46,58,111,16,119,109,121" hai3="93,99,72,115,86,60,66,18,62,81,135,70,88"/><W7/><G115/><T6/><D133/><U106/><E0/><V107/><F108/><W31/><G135/><T57/><D126/><U24/><E130/><V118/><F121/><W40/><G72/><T134/><D134/><U10/><E106/><V3/><F3/><W122/><G122/><T28/><D77/><U125/><E125/><V84/><F101/><W97/><G7/><T22/><D2/><U32/><E105/><V55/><F46/><W38/><G31/><T100/><D6/><U74/><E96/><V52/><F107/><W79/><G62/><T8/><D8/><U69/><E69/><V112/><F112/><W71/><G71/><T103/><D28/><U48/><E24/><V90/><F55/><W11/><G97/><T9/><D9/><U19/><E32/><V114/><F114/><W132/><G132/><T29/><D29/><U78/><E19/><V30/><F16/><W59/><G70/><T45/><D91/><U102/><REACH who="1" step="1"/><E41/><REACH who="1" ten="77,311,361,241" step="2"/><V34/><F34/><W95/><G95/><T131/><REACH who="0" step="1"/><D131/><REACH who="0" ten="67,311,361,241" step="2"/><U123/><E123/><V120/><F120/><W17/><G11/><T104/><D104/><U43/><E43/><V35/><F35/><W50/><G38/><T12/><D12/><U37/><E37/><V128/><F128/><W129/><G129/><T4/><D4/><U73/><E73/><V82/><F109/><W33/><G33/><T117/><D117/><N who="2" m="44554" /><F110/><W92/><G40/><T127/><D127/><U44/><AGARI ba="1,2" hai="5,10,15,44,48,54,65,67,74,78,80,94,98,102" machi="44" ten="20,2700,0" yaku="1,1,0,1,7,1,53,0" doraHai="39" doraHaiUra="36" who="1" fromWho="1" sc="67,-8,311,50,361,-8,241,-14" owari="59,-44.0,361,46.0,353,15.0,227,-17.0" /></mjloggm>