<mjloggm ver="2.3"><GO type="225" lobby="0"/><UN n0="%E4%B9%9D%E4%B8%88%E8%8A%B1%E9%9F%B3" n1="%E5%AE%89%E8%97%A4%E3%82%AB%E3%82%B1%E3%83%AB" n2="%E6%97%A5%E6%9B%9C%E6%97%A5%E3%82%88%E3%82%8A%E3%81%AE%E4%BD%BF%E8%80%85" n3="%E5%B7%A5%E8%97%A4%E6%96%B0%E4%B8%80" dan="16,16,16,16" rate="2171.17,2059.45,2190.91,2090.72" sx="F,M,M,M"/><TAIKYOKU oya="0"/><INIT seed="0,0,0,0,5,79" ten="250,250,250,250" oya="0" hai0="10,53,135,36,93,72,134,129,20,130,18,5,35" hai1="89,88,32,50,92,42,48,45,125,98,128,0,8" hai2="39,87,122,16,44,60,12,127,112,47,124,126,7" hai3="52,119,94,57,28,91,51,101,2,115,100,84,76"/><T64/><D72/><U73/><E32/><V86/><F112/><W83/><G115/><T33/><D36/><U34/><E34/><N who="0" m="12809" /><D53/><U74/><E125/><V75/><F75/><W24/><G2/><N who="0" m="311" /><D93/><U133/><E128/><N who="0" m="49257" /><D64/><U68/><E74/><V14/><F122/><W96/><G119/><T41/><D41/><U40/><E73/><V71/><F39/><W46/><G46/><T105/><D105/><U11/><E45/><V26/><F44/><W95/><G95/><T38/><D38/><U81/><E92/><V9/><F47/><W110/><G110/><T111/><D111/><U85/><E40/><V37/><F37/><W66/><G66/><T13/><AGARI ba="0,0" hai="13,18,20,134,135" m="49257,311,12809" machi="13" ten="40,7800,0" yaku="19,1,34,2" doraHai="79" who="0" fromWho="0" sc="250,78,250,-26,250,-26,250,-26" /><INIT seed="0,1,0,0,1,34" ten="328,224,224,224" oya="0" hai0="36,48,80,102,2,31,100,101,10,15,75,25,47" hai1="110,134,88,64,105,35,133,92,128,124,87,4,84" hai2="24,111,71,29,7,45,96,30,90,135,109,99,114" hai3="131,129,127,74,76,17,70,95,112,98,39,0,89"/><T132/><D132/><N who="1" m="50795" /><E35/><V8/><F135/><W32/><G127/><T13/><D36/><U63/><E105/><V28/><F114/><W6/><G112/><T82/><D2/><U62/><E124/><V22/><F71/><W125/><G125/><T97/><D97/><U69/><E128/><N who="3" m="49226" /><G70/><T130/><D75/><U78/><E110/><N who="2" m="41995" /><F45/><W21/><G32/><T85/><D10/><U108/><E108/><V66/><F66/><W61/><G39/><T41/><D130/><U27/><E27/><V103/><F90/><W86/><G74/><T60/><D60/><N who="1" m="40071" /><E4/><V79/><F79/><W115/><G115/><T106/><D106/><U1/><E1/><N who="2" m="111" /><F96/><W56/><G76/><T107/><D107/><AGARI ba="1,0" hai="22,24,28,29,30,99,103,107" m="111,41995" machi="107" ten="30,2000,0" yaku="14,1,52,1" doraHai="34" who="2" fromWho="0" sc="328,-23,224,0,224,23,224,0" /><INIT seed="1,0,0,4,0,79" ten="305,224,247,224" oya="1" hai0="124,88,58,100,25,134,98,47,131,116,52,63,2" hai1="40,128,123,61,49,22,129,122,50,48,14,104,74" hai2="65,78,36,67,0,132,75,89,15,34,127,91,59" hai3="20,44,83,90,87,135,130,13,92,53,57,125,120"/><U76/><E104/><V16/><F0/><W6/><G130/><N who="1" m="50282" /><E40/><V35/><F36/><W39/><G125/><T19/><D131/><U102/><E102/><V18/><F75/><W43/><G135/><T7/><D134/><U12/><E61/><V10/><F78/><W51/><G120/><N who="1" m="46122" /><E22/><V30/><F132/><W56/><G56/><T106/><D124/><U96/><E96/><V23/><F59/><W114/><G114/><T42/><D42/><U24/><E24/><V66/><F127/><W99/><G20/><T111/><D25/><U119/><E119/><V27/><REACH who="2" step="1"/><F30/><REACH who="2" ten="305,224,237,224" step="2"/><W118/><G118/><T62/><D116/><U113/><E113/><V105/><F105/><W3/><G3/><T94/><D58/><U33/><E33/><AGARI ba="0,1" hai="10,15,16,18,23,27,33,34,35,65,66,67,89,91" machi="33" ten="40,2600,0" yaku="1,1,54,1,53,0" doraHai="79" doraHaiUra="70" who="2" fromWho="1" sc="305,0,224,-26,237,36,224,0" /><INIT seed="2,0,0,4,1,40" ten="305,198,273,224" oya="2" hai0="99,31,15,25,124,19,44,33,72,66,37,87,6" hai1="90,69,11,12,29,41,82,17,71,62,107,100,48" hai2="49,81,9,75,5,13,3,10,108,122,103,93,53" hai3="42,117,54,92,43,35,52,134,125,126,104,56,55"/><V23/><F122/><W105/><G35/><T73/><D124/><N who="3" m="47721" /><G117/><T27/><D66/><U78/><E29/><V113/><F113/><W101/><G56/><T60/><D60/><U116/><E116/><V96/><F108/><W68/><G68/><T39/><D39/><U102/><E90/><V57/><F23/><W106/><G134/><T128/><D128/><U8/><E8/><V14/><F9/><W110/><G110/><T22/><D87/><U77/><E77/><V65/><F65/><W88/><G101/><T97/><D97/><AGARI ba="0,0" hai="42,43,52,54,55,88,92,97,104,105,106" m="47721" machi="97" ten="40,5200,0" yaku="18,1,54,2" doraHai="40" who="3" fromWho="0" sc="305,-52,198,0,273,0,224,52" /><INIT seed="3,0,0,3,5,68" ten="253,198,273,276" oya="3" hai0="110,13,54,131,22,69,37,103,59,9,51,117,39" hai1="126,36,72,58,87,12,29,105,90,78,42,44,10" hai2="43,118,135,19,11,26,123,46,38,80,60,64,100" hai3="65,111,45,102,92,7,95,48,125,75,108,23,57"/><W67/><G125/><T88/><D117/><U25/><E105/><V49/><F118/><W34/><G34/><T8/><D69/><U18/><E126/><V35/><F135/><W79/><G7/><T86/><D103/><U30/><E72/><V112/><F112/><W2/><G2/><T122/><D122/><U56/><E78/><V52/><F123/><W83/><G23/><T5/><D110/><N who="3" m="42025" /><G102/><T32/><D32/><U33/><REACH who="1" step="1"/><E30/><REACH who="1" ten="253,188,273,276" step="2"/><V127/><F127/><W74/><G74/><T84/><D131/><U50/><E50/><V1/><F49/><W6/><G6/><T93/><D22/><U47/><E47/><V31/><F46/><W130/><G130/><T28/><D28/><U21/><E21/><V15/><F31/><W16/><G16/><T0/><D84/><U73/><E73/><V94/><F19/><AGARI ba="0,1" hai="0,5,8,9,13,19,37,39,51,54,59,86,88,93" machi="19" ten="30,7700,0" yaku="7,1,52,2,54,1" doraHai="68" who="0" fromWho="2" sc="253,87,188,0,273,-77,276,0" owari="340,43.0,188,-31.0,196,-20.0,276,8.0" /></mjloggm>