<mjloggm ver="2.3"><GO type="169" lobby="0"/><UN n0="%EF%BC%93%E7%95%AA%E3%82%B7%E3%83%A7%E3%83%BC%E3%83%88%E5%9D%82%E7%94%B0" n1="%E7%99%BD%E3%83%90%E3%83%A9%E3%82%B3%E3%83%BC%E3%83%92%E3%83%BC" n2="%48%61%63%68%69%6E%61%6C" n3="%73%68%6F%35%35%35%35%35" dan="17,16,16,16" rate="2172.13,2077.29,2033.32,2103.36" sx="M,M,M,M"/><TAIKYOKU oya="0"/><INIT seed="0,0,0,3,1,54" ten="250,250,250,250" oya="0" hai0="93,56,76,70,84,131,55,81,87,45,65,122,46" hai1="90,43,117,102,124,126,98,119,14,62,92,40,12" hai2="4,60,27,85,132,24,106,21,99,42,23,73,104" hai3="74,88,47,58,130,109,10,86,41,17,75,64,5"/><T108/><D122/><U32/><E32/><V29/><F73/><W44/><G130/><T128/><D70/><U53/><E62/><V82/><F132/><W34/><G34/><T0/><D65/><U57/><E102/><V66/><F4/><W105/><G105/><T20/><D0/><U127/><E12/><V80/><F42/><W72/><G17/><T94/><D108/><U9/><E53/><V89/><F82/><W111/><G41/><N who="1" m="15946" /><E57/><V134/><F134/><W31/><G31/><T18/><D128/><U61/><E61/><V67/><F67/><W38/><G38/><T28/><D28/><U107/><E107/><V2/><F2/><W50/><G50/><T129/><D129/><U48/><E48/><V79/><F79/><W115/><G58/><T69/><D69/><U110/><E110/><N who="3" m="41994" /><G64/><T120/><D120/><U36/><E36/><V91/><F99/><W52/><G52/><T125/><D131/><U83/><E83/><V135/><F135/><W1/><G47/><N who="0" m="17931" /><D87/><U114/><E114/><V123/><F123/><W103/><G44/><T35/><D35/><U101/><E101/><V16/><REACH who="2" step="1"/><F91/><REACH who="2" ten="250,250,240,250" step="2"/><W39/><G39/><T8/><D76/><U59/><E124/><V113/><F113/><W96/><G115/><T51/><D125/><U11/><E126/><V121/><F121/><W68/><G68/><AGARI ba="0,1" hai="16,21,23,24,27,29,60,66,68,80,85,89,104,106" machi="68" ten="30,3900,0" yaku="1,1,7,1,54,1,53,0" doraHai="54" doraHaiUra="6" who="2" fromWho="3" sc="250,0,250,0,240,49,250,-39" /><INIT seed="1,0,0,4,5,58" ten="250,250,289,211" oya="1" hai0="22,115,29,53,85,15,88,60,25,129,94,50,7" hai1="61,72,135,52,120,17,77,78,119,110,2,71,123" hai2="79,102,89,32,84,67,73,96,127,0,24,4,80" hai3="18,92,46,37,9,104,19,11,23,12,106,99,97"/><U82/><E119/><V132/><F132/><W33/><G33/><T107/><D107/><U45/><E135/><V21/><F127/><W20/><G37/><T105/><D105/><U44/><E2/><V65/><F32/><W47/><G12/><T130/><D115/><U5/><E5/><V66/><F4/><W118/><REACH who="3" step="1"/><G92/><REACH who="3" ten="250,250,289,201" step="2"/><T90/><D129/><U74/><E120/><V76/><F0/><W101/><G101/><T121/><D130/><U43/><E123/><V55/><F102/><W87/><G87/><T51/><D121/><U113/><E113/><V35/><F73/><W31/><G31/><T133/><D133/><U63/><E110/><V70/><F35/><W30/><G30/><T93/><D15/><U56/><E17/><V128/><F128/><W38/><G38/><T10/><D7/><U116/><E116/><AGARI ba="0,1" hai="9,11,18,19,20,23,46,47,97,99,104,106,116,118" machi="116" ten="25,3200,0" yaku="1,1,22,2,53,0" doraHai="58" doraHaiUra="3" who="3" fromWho="1" sc="250,0,250,-32,289,0,201,42" /><INIT seed="2,0,0,3,5,75" ten="250,218,289,243" oya="2" hai0="106,88,14,39,102,57,1,109,16,95,77,23,31" hai1="135,120,132,11,33,4,114,51,49,123,99,94,25" hai2="113,7,22,35,117,110,2,69,19,5,118,74,84" hai3="107,82,15,87,26,42,27,96,60,66,37,55,122"/><V48/><F74/><W70/><G122/><N who="1" m="46634" /><E49/><V59/><F69/><W133/><G133/><N who="1" m="51274" /><E51/><V53/><F113/><W9/><G55/><T89/><D109/><U91/><E33/><V111/><F35/><W20/><G42/><T121/><D121/><U80/><E25/><V10/><F7/><W3/><G3/><T46/><D1/><U92/><E11/><V72/><F72/><W119/><G37/><T127/><D127/><U131/><E4/><V13/><REACH who="2" step="1"/><F84/><REACH who="2" ten="250,218,279,243" step="2"/><W86/><G86/><T101/><D106/><U71/><E71/><V54/><F54/><W21/><G70/><T76/><D31/><U105/><E114/><V97/><F97/><W98/><G96/><T81/><D39/><U47/><E131/><V115/><F115/><W104/><G98/><N who="0" m="57703" /><D46/><U28/><E47/><V129/><F129/><W6/><G107/><T103/><D57/><U126/><E28/><V79/><F79/><W52/><G104/><T64/><D64/><U61/><E126/><V83/><F83/><W17/><G82/><T38/><D38/><U8/><E105/><V56/><F56/><W128/><G66/><T43/><D43/><U36/><E36/><V44/><F44/><W130/><G130/><T85/><AGARI ba="0,1" hai="14,16,23,76,77,81,85,89,101,102,103" m="57703" machi="85" ten="30,8000,1" yaku="8,1,52,2,54,2" doraHai="75" who="0" fromWho="0" sc="250,90,218,-20,279,-40,243,-20" /><INIT seed="3,0,0,0,5,16" ten="340,198,239,223" oya="3" hai0="69,58,35,87,103,54,105,73,43,114,23,20,90" hai1="75,113,68,106,80,74,0,14,21,130,25,27,70" hai2="99,61,55,117,108,109,39,59,46,101,131,92,97" hai3="49,40,132,82,15,29,3,83,121,104,134,41,98"/><W107/><G3/><T66/><D73/><U6/><E113/><V50/><F117/><W12/><G49/><T31/><D43/><U9/><E130/><V57/><F131/><W94/><G29/><T71/><D114/><U125/><E125/><V42/><REACH who="2" step="1"/><F99/><REACH who="2" ten="340,198,229,223" step="2"/><W44/><G98/><T115/><D115/><U47/><E68/><V93/><F93/><W52/><G94/><T72/><D69/><U123/><E70/><V2/><F2/><W112/><G112/><T7/><D71/><U128/><E128/><V60/><F60/><W13/><G107/><T100/><D105/><U89/><E106/><V129/><F129/><W38/><G104/><T84/><D103/><U116/><E116/><V78/><F78/><W64/><G83/><T85/><D100/><U37/><E0/><V32/><F32/><W10/><G82/><T127/><D35/><U81/><E81/><V65/><AGARI ba="0,1" hai="39,42,46,50,55,57,59,61,65,92,97,101,108,109" machi="65" ten="30,2000,0" yaku="1,1,0,1,53,0" doraHai="16" doraHaiUra="30" who="2" fromWho="2" sc="340,-5,198,-5,229,30,223,-10" /><INIT seed="4,0,0,5,2,55" ten="335,193,259,213" oya="0" hai0="17,134,79,118,119,107,8,122,92,66,80,88,41" hai1="38,103,109,25,73,121,64,86,45,31,50,63,83" hai2="91,47,72,58,74,96,76,65,34,22,93,89,36" hai3="54,71,20,114,56,21,10,135,115,23,35,28,39"/><T124/><D122/><U99/><E109/><V18/><F34/><W30/><G71/><T133/><D66/><U104/><E121/><V14/><F76/><W33/><G39/><T132/><D41/><U128/><E128/><V127/><F127/><W16/><G135/><T0/><D124/><U67/><E73/><V84/><F47/><W110/><G110/><T108/><D108/><U82/><E38/><V77/><F77/><W44/><G44/><T11/><D107/><U68/><E64/><V29/><F29/><N who="3" m="11371" /><G54/><T129/><D129/><U49/><E86/><V59/><F36/><W101/><G56/><N who="2" m="21545" /><F74/><W97/><G97/><N who="0" m="57479" /><D17/><U125/><E125/><V100/><F72/><W102/><G102/><T126/><D126/><U37/><E37/><V113/><F113/><N who="3" m="43019" /><G101/><T131/><D131/><U13/><E13/><AGARI ba="0,0" hai="10,13,16,20,21,23,33,35" m="43019,11371" machi="13" ten="40,8000,1" yaku="15,1,34,2,54,1" doraHai="55" who="3" fromWho="1" sc="335,0,193,-80,259,0,213,80" /><INIT seed="5,0,0,0,1,75" ten="335,113,259,293" oya="1" hai0="86,4,12,131,84,5,66,23,65,39,58,102,24" hai1="34,42,81,43,110,53,118,90,25,11,6,106,133" hai2="61,109,82,67,19,55,97,20,74,71,47,27,114" hai3="89,41,56,78,10,79,117,38,35,121,16,123,96"/><U98/><E118/><V17/><F109/><W1/><G35/><T37/><D102/><U60/><E133/><V83/><F114/><W125/><G38/><T72/><D72/><U77/><E110/><V111/><F111/><W105/><G41/><T7/><D131/><U92/><E106/><V127/><F127/><W99/><G1/><T76/><D37/><U104/><E104/><V30/><F97/><W112/><G112/><T100/><D39/><U129/><E129/><V113/><F113/><W93/><G56/><T85/><D100/><U101/><E101/><V21/><F30/><W64/><G64/><N who="0" m="24683" /><D58/><U32/><E53/><V3/><F3/><W26/><G125/><T91/><D12/><U124/><E60/><V63/><F74/><W22/><G117/><T94/><D76/><N who="3" m="29225" /><G105/><T120/><D120/><U57/><E57/><V115/><F115/><W29/><G121/><T49/><D49/><U130/><E130/><V2/><F2/><W13/><G123/><T46/><D46/><U54/><E54/><V132/><F47/><W87/><AGARI ba="0,0" hai="10,13,16,22,26,29,87,89,93,96,99" m="29225" machi="87" ten="30,8000,1" yaku="8,1,52,3,54,1" doraHai="75" who="3" fromWho="3" sc="335,-20,113,-40,259,-20,293,80" /><INIT seed="6,0,0,1,5,40" ten="315,73,239,373" oya="2" hai0="132,30,131,62,89,75,21,128,49,36,20,77,33" hai1="127,6,94,12,109,135,23,38,1,113,26,54,68" hai2="123,48,90,60,61,39,22,15,29,119,79,84,78" hai3="14,34,57,107,55,17,83,130,88,64,72,45,69"/><V108/><F119/><W74/><G34/><T85/><D36/><U13/><E54/><V87/><F39/><W106/><G69/><T2/><D2/><U11/><E94/><V43/><F123/><W129/><G64/><T3/><D3/><U103/><E103/><V32/><F32/><W18/><G57/><T47/><D132/><U63/><E63/><V71/><F108/><W50/><G18/><T42/><D75/><U105/><E105/><V100/><F100/><W16/><G17/><T134/><D77/><N who="2" m="29194" /><F71/><W37/><G37/><T65/><D33/><U41/><E41/><V125/><F87/><N who="3" m="50303" /><G107/><T101/><D134/><U104/><E104/><V0/><F0/><W80/><G106/><T51/><D101/><U112/><E38/><V81/><F125/><W66/><G66/><T56/><D51/><U28/><E68/><V31/><F15/><W46/><G74/><T122/><D122/><U76/><E76/><V24/><F31/><W8/><G80/><T116/><D116/><U111/><E135/><V5/><F5/><W53/><G72/><T118/><D118/><U114/><REACH who="1" step="1"/><E127/><REACH who="1" ten="315,63,239,373" step="2"/><V44/><AGARI ba="0,1" hai="22,24,29,43,44,48,60,61,81,84,90" m="29194" machi="44" ten="30,3000,0" yaku="8,1,52,1" doraHai="40" who="2" fromWho="2" sc="315,-10,63,-10,239,40,373,-10" /><INIT seed="6,1,0,2,1,102" ten="305,53,279,363" oya="2" hai0="51,0,11,8,124,115,71,15,82,98,73,20,21" hai1="3,64,13,57,121,67,106,133,76,37,79,125,48" hai2="58,111,119,85,31,28,32,62,70,24,4,94,107" hai3="17,126,122,114,42,65,7,6,40,131,75,110,84"/><V43/><F119/><W117/><G65/><T92/><D71/><U18/><E18/><V135/><F31/><W44/><G84/><T86/><D115/><U2/><E13/><V100/><F135/><W78/><G17/><T36/><D36/><U132/><E37/><V74/><F74/><W26/><G26/><T1/><D73/><U120/><E48/><V23/><F43/><W49/><G110/><T83/><D124/><U112/><E57/><V87/><F4/><W47/><G122/><T56/><D0/><U63/><E63/><V97/><F111/><W88/><G126/><T30/><D1/><U93/><E93/><V39/><F39/><W50/><G114/><T19/><D82/><U99/><E99/><N who="2" m="61855" /><F23/><W129/><G117/><T89/><D30/><U41/><E41/><V95/><F58/><W80/><G88/><N who="0" m="55559" /><D8/><U53/><E53/><AGARI ba="1,0" hai="11,15,19,20,21,51,53,56,83,86,89" m="55559" machi="53" ten="30,2000,0" yaku="8,1,54,1" doraHai="102" who="0" fromWho="1" sc="305,23,53,-23,279,0,363,0" /><INIT seed="7,0,0,4,2,52" ten="328,30,279,363" oya="3" hai0="56,23,29,116,71,1,134,82,69,19,88,129,130" hai1="87,73,12,91,32,81,126,49,40,3,125,131,4" hai2="22,2,77,124,92,74,98,31,60,127,46,42,120" hai3="53,100,118,103,5,6,102,63,99,14,133,107,114"/><W101/><G118/><T79/><D116/><U58/><E12/><V44/><F2/><W55/><G114/><T61/><D1/><U25/><E25/><V95/><F120/><W76/><G76/><T13/><D29/><U96/><E4/><V51/><F77/><W17/><G133/><T57/><D134/><U119/><E40/><V89/><F74/><W66/><G5/><T78/><D78/><U128/><E49/><V28/><F124/><W43/><G43/><T84/><D79/><U113/><E58/><V24/><F127/><W75/><G6/><T104/><D104/><U37/><E96/><V93/><F46/><W9/><REACH who="3" step="1"/><G75/><REACH who="3" ten="328,30,279,353" step="2"/><T41/><D41/><U33/><E91/><V112/><F112/><W59/><AGARI ba="0,1" hai="9,14,17,53,55,59,63,66,99,100,101,102,103,107" machi="59" ten="30,11700,0" yaku="1,1,2,1,0,1,52,1,53,0" doraHai="52" doraHaiUra="123" who="3" fromWho="3" sc="328,-39,30,-39,279,-39,353,127" owari="289,9.0,-9,-51.0,240,-16.0,480,58.0" /></mjloggm>