<mjloggm ver="2.3"><GO type="225" lobby="0"/><UN n0="%E3%83%B4%E3%83%A0%EF%BC%99%E3%81%A6" n1="%E7%B6%BE%E9%87%8E%E7%8F%AA%E5%AD%90" n2="%E3%81%82%E3%82%89%E3%81%8C%E3%81%8D%E3%81%82%E3%82%84%E3%81%9B" n3="%E3%81%AF%E3%82%88%E3%81%8A%E3%81%98%E3%81%95%E3%82%93" dan="17,17,16,17" rate="2177.41,2226.02,2155.62,2095.31" sx="M,F,F,M"/><TAIKYOKU oya="0"/><INIT seed="0,0,0,0,5,134" ten="250,250,250,250" oya="0" hai0="113,79,62,41,109,84,55,14,11,104,122,20,13" hai1="30,23,121,108,50,38,19,12,51,87,44,107,97" hai2="2,67,57,93,128,35,135,68,129,71,7,29,105" hai3="21,124,80,76,37,131,73,17,34,72,8,69,64"/><T39/><D113/><U112/><E121/><V125/><F105/><W56/><G34/><T4/><D122/><U43/><E112/><V22/><F35/><W42/><G131/><N who="2" m="50249" /><F7/><W115/><G115/><T59/><D104/><U85/><E108/><V77/><F77/><W52/><G8/><T54/><D109/><U86/><REACH who="1" step="1"/><E30/><REACH who="1" ten="250,240,250,250" step="2"/><V98/><F29/><W101/><G124/><T83/><D39/><U61/><E61/><V75/><F125/><W111/><G111/><T66/><REACH who="0" step="1"/><D41/><REACH who="0" ten="240,240,250,250" step="2"/><U92/><E92/><V120/><F93/><W95/><G42/><T48/><D48/><U117/><E117/><V1/><F120/><W47/><G37/><T18/><AGARI ba="0,2" hai="4,11,13,14,18,20,54,55,59,62,66,79,83,84" machi="18" ten="30,11700,0" yaku="1,1,0,1,8,1,53,1" doraHai="134" doraHaiUra="3" who="0" fromWho="0" sc="240,137,240,-39,250,-39,250,-39" /><INIT seed="0,1,0,0,3,72" ten="377,201,211,211" oya="0" hai0="8,19,62,131,21,119,135,111,88,102,44,0,75" hai1="129,22,33,93,42,11,2,45,14,61,71,18,126" hai2="34,20,43,74,80,103,77,113,54,66,26,76,122" hai3="128,56,105,7,108,64,17,13,87,125,51,59,5"/><T78/><D119/><U38/><E33/><V127/><F113/><W37/><G37/><T50/><D102/><U107/><E107/><V24/><F122/><W86/><G105/><T32/><D32/><U115/><E115/><V83/><F127/><W60/><G108/><T73/><D111/><U68/><E126/><V35/><F66/><W39/><G39/><T12/><D135/><U109/><E109/><V15/><F43/><W100/><G100/><T48/><D131/><U6/><E129/><V70/><F70/><W4/><G128/><T27/><D0/><U124/><E124/><V96/><F54/><N who="3" m="31839" /><G125/><T104/><D62/><U52/><REACH who="1" step="1"/><E93/><REACH who="1" ten="377,191,211,211" step="2"/><V31/><F26/><W69/><G69/><T123/><D104/><U117/><E117/><V25/><F25/><W47/><G47/><T67/><D27/><U112/><E112/><V99/><F15/><W46/><G46/><T92/><D44/><U84/><E84/><V101/><F35/><W97/><G97/><N who="2" m="37449" /><F34/><W130/><G130/><T82/><D12/><U29/><E29/><V1/><F1/><W85/><G85/><T9/><D73/><U81/><E81/><N who="2" m="31307" /><F74/><W133/><G133/><T16/><D75/><U49/><E49/><V57/><F57/><AGARI ba="1,1" hai="2,6,11,14,18,22,38,42,45,52,57,61,68,71" machi="57" ten="40,5200,0" yaku="1,1,54,1,53,1" doraHai="72" doraHaiUra="41" who="1" fromWho="2" sc="377,0,191,65,211,-55,211,0" /><INIT seed="1,0,0,2,3,63" ten="377,256,156,211" oya="1" hai0="122,37,56,13,39,100,92,86,72,18,110,118,42" hai1="127,57,52,81,85,55,14,50,67,101,120,11,21" hai2="132,123,35,99,20,124,16,12,74,6,60,75,25" hai3="88,22,117,24,87,62,95,9,77,29,19,113,64"/><U114/><E114/><V65/><F123/><W98/><G117/><T59/><D72/><U47/><E120/><V89/><F132/><W2/><G113/><T34/><D118/><U53/><E127/><V43/><F43/><W104/><G2/><T116/><D116/><U83/><E101/><V45/><F45/><W68/><G77/><T109/><D34/><U7/><E21/><V105/><F124/><W93/><G104/><T38/><D42/><U80/><E85/><V76/><F76/><W106/><G106/><T54/><D122/><U128/><E128/><V0/><F0/><W26/><G9/><N who="0" m="6447" /><D54/><U28/><E28/><V69/><F89/><W36/><G36/><T41/><D41/><N who="1" m="24943" /><E67/><V115/><F115/><W78/><G78/><T125/><D125/><U94/><E94/><V130/><F130/><W23/><REACH who="3" step="1"/><G95/><REACH who="3" ten="377,256,156,201" step="2"/><T8/><D8/><U119/><E119/><V107/><F107/><W91/><G91/><N who="0" m="53367" /><D100/><U131/><E131/><V15/><F6/><W46/><G46/><T51/><D37/><U112/><E112/><V48/><F74/><W135/><G135/><T3/><D38/><U134/><E134/><V111/><F75/><W102/><G102/><T82/><D39/><U108/><E108/><V40/><F111/><W10/><G10/><T73/><D3/><U32/><E32/><V30/><F105/><W129/><G129/><T1/><D1/><U103/><E103/><V33/><F99/><AGARI ba="0,1" hai="19,22,23,24,26,29,62,64,68,87,88,93,98,99" machi="99" ten="40,5200,0" yaku="1,1,52,1,54,1,53,0" doraHai="63" doraHaiUra="79" who="3" fromWho="2" sc="377,0,256,0,156,-52,201,62" /><INIT seed="2,0,0,5,1,43" ten="377,256,104,263" oya="2" hai0="115,96,46,98,131,113,109,35,53,99,74,122,125" hai1="19,27,21,67,77,92,44,17,50,52,11,33,126" hai2="85,84,106,42,41,71,25,95,75,29,49,121,70" hai3="73,40,64,128,2,32,133,94,38,39,134,101,117"/><V123/><F106/><W13/><G2/><T37/><D122/><U54/><E126/><V63/><F75/><W18/><G32/><T112/><D35/><U87/><E33/><V124/><F124/><W132/><G117/><T30/><D125/><U66/><E54/><V119/><F119/><W28/><G73/><T68/><D30/><U130/><E130/><V107/><F107/><W114/><G28/><T60/><D74/><U4/><E19/><V36/><F36/><W103/><G128/><T5/><D131/><U93/><E92/><V20/><F42/><W45/><G114/><T15/><D109/><U111/><E111/><V51/><F51/><W110/><G110/><T7/><D15/><N who="1" m="5607" /><E93/><V12/><F12/><W69/><G39/><T55/><D55/><U58/><E58/><V59/><F121/><W47/><G47/><T105/><D105/><U56/><E56/><V127/><F127/><W31/><G31/><T83/><D37/><U97/><E97/><V61/><F123/><W76/><G76/><T104/><D104/><U80/><AGARI ba="0,0" hai="17,21,27,44,50,52,66,67,77,80,87" m="5607" machi="80" ten="30,4000,0" yaku="8,1,52,1,54,1" doraHai="43" who="1" fromWho="1" sc="377,-10,256,40,104,-20,263,-10" /><INIT seed="3,0,0,2,4,6" ten="367,296,84,253" oya="3" hai0="42,32,108,116,15,103,95,121,70,80,53,5,39" hai1="69,106,12,124,54,85,40,4,71,129,99,29,65" hai2="107,23,74,133,84,16,112,20,104,3,89,55,35" hai3="109,48,44,134,61,10,2,7,24,111,68,22,19"/><W25/><G134/><T9/><D121/><U60/><E40/><V63/><F112/><W117/><G117/><T78/><D116/><U101/><E129/><V64/><F74/><W36/><G36/><T126/><D32/><U77/><E124/><V102/><F133/><W94/><G94/><T49/><D70/><U98/><E98/><V37/><F37/><W83/><G83/><T11/><D126/><U38/><E38/><V131/><F131/><W92/><G92/><T31/><D31/><U62/><E54/><V28/><F3/><W8/><G25/><T27/><D27/><U135/><E135/><V91/><F55/><W26/><G24/><T123/><D123/><U18/><E29/><V52/><F35/><W120/><G120/><T75/><D108/><N who="3" m="41545" /><G7/><T51/><D39/><U34/><E4/><V114/><F28/><W67/><G2/><T76/><D76/><U87/><E77/><V41/><F41/><AGARI ba="0,0" hai="8,10,19,22,26,41,44,48,61,67,68" m="41545" machi="41" ten="30,11600,0" yaku="14,1,10,1,52,2" doraHai="6" who="3" fromWho="2" sc="367,0,296,0,84,-116,253,116" owari="367,17.0,296,-10.0,-32,-53.0,369,46.0" /></mjloggm>