<mjloggm ver="2.3"><GO type="225" lobby="0"/><UN n0="%E3%83%B4%E3%83%A0%EF%BC%99%E3%81%A6" n1="%E8%88%B9%E8%A6%8B%E7%B5%90%E8%A1%A3%E3%81%A1%E3%82%83%E3%82%93" n2="%E3%81%82%E3%82%89%E3%81%8C%E3%81%8D%E3%81%82%E3%82%84%E3%81%9B" n3="%E3%81%AB%E3%81%9B%E6%82%9F%E7%A9%BA" dan="17,16,16,17" rate="2179.38,2114.63,2152.03,2161.99" sx="M,F,F,M"/><TAIKYOKU oya="0"/><INIT seed="0,0,0,5,4,40" ten="250,250,250,250" oya="0" hai0="2,93,70,38,81,24,108,113,92,72,115,68,66" hai1="118,99,27,65,74,77,69,20,132,41,10,131,46" hai2="3,94,42,14,23,109,55,88,39,45,133,80,135" hai3="111,105,18,28,67,7,21,12,134,102,47,48,8"/><T110/><D2/><U120/><E118/><V101/><F3/><W11/><G111/><N who="0" m="42539" /><D24/><U0/><E132/><N who="2" m="50763" /><F109/><W34/><G134/><T22/><D22/><U35/><E131/><V44/><F101/><W19/><G67/><T95/><D38/><N who="1" m="21815" /><E20/><V1/><F1/><W129/><G129/><T103/><D66/><U121/><E99/><N who="2" m="57799" /><F80/><W112/><G112/><N who="0" m="43083" /><D103/><U26/><E26/><V128/><F128/><W58/><G102/><T87/><D72/><U79/><E79/><AGARI ba="0,0" hai="68,70,79,81,87,92,93,95" m="43083,42539" machi="79" ten="40,3900,0" yaku="14,1,10,1" doraHai="40" who="0" fromWho="1" sc="250,39,250,-39,250,0,250,0" /><INIT seed="0,1,0,1,3,44" ten="289,211,250,250" oya="0" hai0="24,0,101,126,81,51,110,3,12,35,84,98,5" hai1="25,10,61,13,95,52,39,117,54,99,15,102,104" hai2="2,17,122,75,125,77,4,133,93,92,32,45,22" hai3="109,70,86,135,103,88,115,21,16,113,90,30,127"/><T6/><D126/><U73/><E25/><V79/><F125/><W114/><G127/><T57/><D35/><U112/><E39/><V111/><F32/><W60/><G30/><T91/><D24/><U40/><E117/><V59/><F122/><W55/><G103/><T80/><D80/><U49/><E112/><V116/><F116/><W33/><G33/><T121/><D121/><U71/><E73/><V58/><F111/><W11/><G109/><T34/><D34/><U18/><E104/><V69/><F69/><W66/><G135/><T8/><D110/><U118/><E118/><V82/><F79/><W65/><G11/><T20/><D20/><U46/><REACH who="1" step="1"/><E15/><REACH who="1" ten="289,201,250,250" step="2"/><V23/><F133/><W120/><G120/><T119/><D119/><U106/><E106/><V100/><F75/><W105/><G105/><T31/><D31/><U36/><E36/><V72/><F72/><W130/><G114/><T41/><D0/><U97/><E97/><V78/><F2/><W67/><G113/><T74/><D74/><U64/><AGARI ba="1,1" hai="10,13,18,40,46,49,52,54,61,64,71,95,99,102" machi="64" ten="30,7900,0" yaku="1,1,0,1,52,1,54,1,53,0" doraHai="44" doraHaiUra="53" who="1" fromWho="1" sc="289,-40,201,92,250,-21,250,-21" /><INIT seed="1,0,0,2,0,1" ten="249,293,229,229" oya="1" hai0="113,67,58,55,103,34,88,93,94,130,61,82,97" hai1="63,132,65,100,66,31,16,42,86,119,85,76,23" hai2="54,10,129,39,108,53,9,111,0,74,29,99,26" hai3="56,41,51,47,134,69,6,107,95,15,59,21,33"/><U46/><E119/><V22/><F74/><W12/><G107/><T32/><D113/><U48/><E132/><V62/><F39/><W118/><G69/><T117/><D117/><U30/><E100/><V8/><F129/><W98/><G134/><T83/><D130/><U135/><E135/><V110/><F0/><W50/><G33/><T84/><D82/><N who="1" m="47303" /><E86/><V77/><F77/><W17/><G51/><T24/><D24/><N who="1" m="14439" /><E63/><V126/><F126/><W116/><G116/><T70/><REACH who="0" step="1"/><D83/><REACH who="0" ten="239,293,229,229" step="2"/><U125/><E125/><V11/><N who="2" m="2048" /><DORA hai="89" /><V79/><F79/><W28/><G118/><T123/><D123/><U81/><E81/><V2/><F2/><W60/><G6/><T109/><D109/><U19/><E19/><V7/><F7/><W13/><G28/><AGARI ba="0,1" hai="28,30,31,42,46,48,65,66" m="14439,47303" machi="28" ten="30,2900,0" yaku="8,1,54,1" doraHai="1,89" who="1" fromWho="3" sc="239,0,293,39,229,0,229,-29" /><INIT seed="1,1,0,5,3,115" ten="239,332,229,200" oya="1" hai0="132,16,52,54,86,64,110,102,17,107,99,101,1" hai1="13,122,104,3,18,53,22,67,90,95,5,26,41" hai2="109,133,114,49,38,96,121,31,32,68,77,59,134" hai3="62,10,97,33,71,128,93,108,27,81,9,0,63"/><U15/><E122/><V2/><F68/><W35/><G108/><T66/><D1/><U116/><E104/><V89/><F38/><W100/><G128/><T82/><D110/><U123/><E123/><V84/><F114/><W43/><G43/><T44/><D132/><U125/><E125/><V75/><F121/><W112/><G112/><T92/><D107/><U29/><E116/><V78/><F2/><W65/><G63/><T60/><D101/><U55/><E67/><N who="0" m="25641" /><D60/><U8/><E41/><V111/><F96/><W4/><G10/><T6/><D6/><U34/><REACH who="1" step="1"/><E15/><REACH who="1" ten="239,322,229,200" step="2"/><V130/><F109/><W46/><G27/><T21/><D44/><U7/><E7/><V129/><F111/><W50/><G46/><T106/><D106/><U76/><E76/><V20/><F77/><W19/><G4/><T74/><D74/><U79/><E79/><V37/><F78/><W73/><G73/><T12/><D17/><U69/><E69/><V51/><F75/><W47/><G71/><T126/><D126/><U24/><E24/><N who="2" m="16775" /><F133/><W45/><G19/><T117/><D117/><U98/><AGARI ba="1,1" hai="3,5,8,13,18,22,26,29,34,53,55,90,95,98" machi="98" ten="20,12000,1" yaku="1,1,0,1,7,1,24,2,53,0" doraHai="115" doraHaiUra="56" who="1" fromWho="1" sc="239,-41,322,133,229,-41,200,-41" /><INIT seed="1,2,0,3,1,133" ten="198,455,188,159" oya="1" hai0="36,49,113,63,62,29,86,10,84,94,129,69,81" hai1="123,25,89,4,124,19,74,100,50,3,121,16,72" hai2="30,102,45,27,114,96,111,20,93,118,12,14,11" hai3="51,61,64,91,103,17,54,116,35,1,41,18,75"/><U101/><E50/><V88/><F118/><W76/><G35/><T97/><D36/><U120/><E89/><V28/><F114/><W79/><G1/><T132/><D113/><U90/><E90/><V52/><F111/><W122/><G122/><T33/><D132/><U56/><E56/><V68/><F68/><W105/><G41/><T9/><D129/><U125/><E3/><V39/><F30/><W117/><G103/><N who="1" m="39498" /><E4/><V85/><F11/><W131/><G105/><T58/><D29/><U127/><E25/><V73/><F73/><AGARI ba="2,0" hai="16,19,72,73,74,120,121,123,124,125,127" m="39498" machi="73" ten="50,18000,2" yaku="28,2,18,1,52,3,54,1" doraHai="133" who="1" fromWho="2" sc="198,0,455,186,188,-186,159,0" /><INIT seed="1,3,0,0,1,52" ten="198,641,2,159" oya="1" hai0="68,88,111,105,113,21,71,132,127,10,130,6,116" hai1="23,4,63,27,97,13,29,75,122,123,28,72,34" hai2="0,106,79,30,44,101,59,62,134,38,96,121,117" hai3="76,53,131,78,61,114,128,40,70,48,84,36,120"/><U25/><E97/><V32/><F121/><W56/><G120/><T9/><D116/><U20/><E63/><V85/><F117/><W54/><G114/><T50/><D113/><U58/><E58/><V119/><F119/><W115/><G115/><T47/><D105/><U135/><E135/><V26/><F0/><W107/><G107/><T80/><D132/><U42/><E42/><V133/><F134/><W8/><G8/><N who="0" m="3179" /><D6/><U98/><E98/><V57/><F133/><W18/><G18/><T2/><D2/><U15/><E75/><V104/><F104/><W67/><G84/><N who="0" m="50183" /><D111/><U60/><E60/><V51/><F38/><W129/><G54/><N who="0" m="30047" /><D21/><U11/><E72/><V66/><F79/><W112/><G112/><T74/><D74/><U35/><E11/><V86/><F86/><W81/><G81/><T124/><D130/><U109/><REACH who="1" step="1"/><E4/><REACH who="1" ten="198,631,2,159" step="2"/><V103/><F85/><W110/><G110/><AGARI ba="3,1" hai="13,15,20,23,25,27,28,29,34,35,109,110,122,123" machi="110" ten="25,18000,2" yaku="1,1,2,1,22,2,34,3,53,0" doraHai="52" doraHaiUra="14" who="1" fromWho="3" sc="198,0,631,199,2,0,159,-189" owari="198,0.0,830,93.0,2,-40.0,-30,-53.0" /></mjloggm>