<mjloggm ver="2.3"><GO type="169" lobby="0"/><UN n0="%54%65%61%33" n1="%4E%41%4B%41%48%41%52%41" n2="%E3%83%89%E3%83%A9%E3%81%8F%E3%82%8C" n3="%48%4F%4D%4F%E5%A5%B3" dan="16,16,16,16" rate="2102.48,2118.79,2071.36,2117.97" sx="M,M,M,M"/><TAIKYOKU oya="0"/><INIT seed="0,0,0,4,4,88" ten="250,250,250,250" oya="0" hai0="38,101,135,76,69,35,129,65,82,85,119,26,79" hai1="12,104,28,66,123,52,87,90,24,31,15,118,96" hai2="122,102,37,25,100,18,14,103,13,30,61,132,21" hai3="95,113,94,39,124,74,116,51,2,98,36,8,73"/><T134/><D119/><U133/><E123/><V97/><F122/><W105/><G116/><T127/><D38/><U131/><E66/><V48/><F37/><W80/><G105/><T126/><D101/><U58/><E118/><V109/><F132/><N who="0" m="50730" /><D79/><U43/><E43/><V128/><F128/><W27/><G124/><N who="0" m="47659" /><D65/><U0/><E131/><V4/><F109/><W7/><G36/><T10/><D69/><U84/><E0/><V111/><F111/><W54/><G39/><T46/><D46/><U41/><E41/><V55/><F61/><W110/><G110/><T5/><D129/><U11/><E133/><V59/><F4/><W16/><G113/><T34/><D26/><U19/><E104/><V23/><REACH who="2" step="1"/><F14/><AGARI ba="0,0" hai="5,10,14,34,35,76,82,85" m="47659,50730" machi="14" ten="30,2900,0" yaku="20,1,18,1" doraHai="88" who="0" fromWho="2" sc="250,29,250,0,250,-29,250,0" /><INIT seed="0,1,0,1,0,78" ten="279,250,221,250" oya="0" hai0="105,97,106,85,95,5,46,110,96,35,130,100,39" hai1="81,0,92,41,62,135,51,59,93,24,87,60,16" hai2="55,1,117,7,66,123,10,103,125,120,64,36,80" hai3="109,37,34,57,121,11,23,72,43,104,15,17,21"/><T9/><D35/><U31/><E0/><V113/><F113/><W65/><G104/><T116/><D116/><U3/><E3/><V76/><F117/><W124/><G72/><T132/><D130/><U63/><E135/><V129/><F129/><W119/><G37/><T49/><D39/><U114/><E114/><V84/><F125/><W28/><G43/><T122/><D122/><U126/><E126/><V86/><F103/><W98/><G98/><T73/><D132/><U13/><E24/><V82/><F36/><W134/><G134/><T52/><D110/><U14/><E14/><V101/><F101/><W6/><G57/><T75/><D85/><U54/><E31/><V44/><F123/><W25/><G65/><T56/><D105/><U47/><E93/><V4/><F4/><W40/><G40/><T79/><D79/><U2/><E92/><V30/><F30/><W74/><G74/><T32/><D32/><U112/><E2/><V89/><REACH who="2" step="1"/><F120/><REACH who="2" ten="279,250,211,250" step="2"/><W88/><G124/><T71/><D71/><U53/><E112/><V102/><F102/><W50/><G28/><T107/><D107/><U38/><E38/><V27/><F27/><W45/><G25/><T118/><D118/><U70/><E70/><V127/><F127/><W58/><G119/><T42/><D106/><U18/><E18/><V77/><F77/><W108/><G17/><T99/><D73/><U8/><E41/><V20/><F20/><W33/><G121/><T111/><D75/><U69/><E69/><V68/><F68/><W115/><G115/><T131/><D131/><U91/><AGARI ba="1,1" hai="8,13,16,47,51,53,54,59,60,62,63,81,87,91" machi="91" ten="20,16000,3" yaku="5,1,0,1,7,1,25,2,8,1,52,1,54,1" doraHai="78" who="1" fromWho="1" sc="279,-81,250,173,211,-41,250,-41" /><INIT seed="1,0,0,5,0,61" ten="198,423,170,209" oya="1" hai0="80,7,127,65,125,114,85,126,32,129,39,53,64" hai1="40,57,41,100,83,121,84,101,131,79,106,16,49" hai2="119,52,91,28,116,22,60,71,73,14,112,94,23" hai3="48,54,108,5,10,4,105,44,70,59,102,17,107"/><U8/><E121/><V20/><F112/><W56/><G108/><T132/><D32/><U38/><E38/><V78/><F28/><W115/><G115/><T25/><D114/><U46/><E131/><V3/><F3/><W111/><G111/><T42/><D129/><U99/><E100/><V67/><F14/><W69/><G17/><T31/><D7/><U62/><E41/><V11/><F11/><W15/><G4/><T89/><D132/><U93/><E106/><V26/><F26/><W37/><G102/><T13/><D13/><U128/><E128/><V92/><F92/><W90/><G90/><T35/><D53/><U113/><E113/><V55/><F73/><W82/><G82/><T27/><D27/><U66/><REACH who="1" step="1"/><E16/><REACH who="1" ten="198,413,170,209" step="2"/><V130/><F130/><W45/><G37/><T29/><REACH who="0" step="1"/><D31/><REACH who="0" ten="188,413,170,209" step="2"/><U19/><E19/><V88/><F119/><W120/><G120/><T86/><D86/><U30/><E30/><V76/><F116/><W134/><G5/><T12/><D12/><U58/><E58/><V47/><F47/><AGARI ba="0,2" hai="25,29,35,39,42,47,64,65,80,85,89,125,126,127" machi="47" ten="40,8000,1" yaku="1,1,18,1,52,2,53,0" doraHai="61" doraHaiUra="74" who="0" fromWho="2" sc="188,100,413,0,170,-80,209,0" /><INIT seed="2,0,0,0,0,133" ten="288,413,90,209" oya="2" hai0="47,73,112,11,115,130,97,69,128,49,125,82,116" hai1="21,23,93,92,79,31,8,70,78,16,80,127,59" hai2="99,106,1,98,2,29,134,123,83,12,27,118,58" hai3="103,90,37,7,3,14,24,111,42,56,108,84,120"/><V44/><F123/><W81/><G120/><T26/><D69/><U72/><E127/><V109/><F118/><W105/><G3/><T101/><D116/><U33/><E70/><V45/><F134/><W9/><G24/><T89/><D125/><U132/><E33/><V51/><F12/><W60/><G105/><N who="0" m="63663" /><D11/><U96/><E132/><V74/><F109/><W48/><G103/><T63/><D63/><U122/><E79/><V38/><F58/><W119/><G119/><T86/><D73/><U35/><E35/><V25/><F38/><W67/><REACH who="3" step="1"/><G48/><REACH who="3" ten="288,413,90,199" step="2"/><T95/><D26/><U129/><E122/><V66/><F51/><W91/><G91/><T41/><D82/><U30/><E80/><V52/><F83/><W53/><G53/><T32/><D32/><U17/><E31/><V50/><F106/><W61/><G61/><T5/><D112/><U39/><E30/><V87/><F27/><W20/><G20/><T110/><D115/><U46/><E23/><V131/><F66/><W43/><G43/><T75/><D128/><U135/><E21/><V55/><F25/><W76/><G76/><T18/><D130/><U15/><E78/><V88/><F29/><W19/><G19/><T114/><D18/><U4/><E17/><V117/><F117/><W71/><G71/><T104/><D114/><U102/><E16/><V77/><F131/><W36/><G36/><T28/><D28/><U113/><E39/><V126/><F126/><W85/><G85/><T94/><D86/><U62/><E129/><V68/><F68/><W0/><G0/><T107/><D89/><RYUUKYOKU ba="0,1" sc="288,-10,413,-10,90,-10,199,30" hai3="7,9,14,37,42,56,60,67,81,84,90,108,111" /><INIT seed="3,1,1,2,4,117" ten="278,403,80,229" oya="3" hai0="0,40,4,61,32,120,89,118,111,79,75,58,116" hai1="8,7,1,43,9,46,132,67,28,5,109,106,122" hai2="83,42,25,91,103,59,22,37,127,90,82,124,76" hai3="119,97,18,130,84,105,135,73,56,80,2,96,48"/><W69/><G119/><T47/><D111/><U65/><E106/><V92/><F37/><W62/><G135/><T93/><D32/><U121/><E28/><V72/><F42/><W20/><G2/><T60/><D61/><U21/><E21/><V51/><F51/><W63/><G73/><T74/><D120/><U45/><E43/><V3/><F59/><W95/><G105/><T27/><D27/><U100/><E100/><V11/><F11/><W102/><G97/><T23/><D23/><U36/><E36/><V86/><F3/><W88/><G69/><T31/><D31/><U26/><E26/><V126/><F22/><W49/><G130/><T128/><D128/><U71/><E1/><V134/><F25/><W14/><REACH who="3" step="1"/><G63/><REACH who="3" ten="278,403,80,219" step="2"/><T77/><D116/><U57/><E71/><V6/><F6/><W24/><G24/><T99/><D74/><U114/><E132/><V85/><F103/><W55/><AGARI ba="1,2" hai="14,18,20,48,49,55,56,62,80,84,88,95,96,102" machi="55" ten="20,12000,1" yaku="1,1,0,1,7,1,8,1,54,1,53,0" doraHai="117" doraHaiUra="70" who="3" fromWho="3" sc="278,-41,403,-41,80,-41,219,143" /><INIT seed="3,2,0,3,0,127" ten="237,362,39,362" oya="3" hai0="64,134,133,34,120,88,131,33,59,124,107,78,62" hai1="28,36,75,63,68,55,132,79,11,114,61,45,94" hai2="42,13,23,113,39,81,38,92,27,37,25,73,128" hai3="41,115,10,100,48,24,5,98,66,50,44,22,102"/><W16/><G115/><T110/><D110/><U14/><E114/><V129/><F113/><W60/><G50/><T52/><D120/><U82/><E132/><N who="0" m="50793" /><D107/><U32/><E68/><V21/><F42/><W65/><G98/><T19/><D78/><U15/><E15/><V6/><F92/><W9/><G9/><T46/><D124/><U43/><E55/><V26/><F81/><W8/><G8/><T126/><D126/><U97/><E28/><V57/><F57/><W109/><G109/><T84/><D19/><U51/><E32/><V106/><F73/><W93/><G93/><N who="0" m="54407" /><D131/><N who="2" m="50250" /><F106/><W67/><REACH who="3" step="1"/><G60/><REACH who="3" ten="237,362,39,352" step="2"/><N who="0" m="35943" /><D46/><U0/><E61/><V80/><F80/><W90/><G90/><T1/><D1/><AGARI ba="2,1" hai="1,5,10,16,22,24,41,44,48,65,66,67,100,102" machi="1" ten="40,3900,0" yaku="1,1,54,1,53,0" doraHai="127" doraHaiUra="135" who="3" fromWho="0" sc="237,-45,362,0,39,0,352,55" /><INIT seed="3,3,0,1,3,4" ten="192,362,39,407" oya="3" hai0="19,74,46,100,51,38,87,66,60,133,111,89,15" hai1="63,81,90,5,97,113,33,109,3,20,128,107,72" hai2="85,108,52,10,23,9,47,1,32,112,50,70,91" hai3="95,2,92,55,42,80,105,114,86,101,124,59,13"/><W21/><G114/><T11/><D111/><U75/><E33/><V25/><F70/><W104/><G2/><T12/><D74/><U53/><E113/><V44/><F1/><W24/><G124/><T22/><D133/><U79/><E109/><V121/><F112/><W99/><G42/><T117/><D117/><U18/><E128/><V54/><F32/><W118/><G13/><T83/><D100/><U120/><E120/><V134/><F134/><W77/><G105/><T37/><D12/><U84/><E5/><V122/><F108/><W68/><G68/><T26/><D60/><U78/><E3/><V98/><F98/><W35/><G35/><T127/><D66/><U61/><E78/><V130/><F130/><W27/><G118/><T34/><D34/><U102/><E53/><V119/><F119/><W96/><G21/><T41/><REACH who="0" step="1"/><D127/><REACH who="0" ten="182,362,39,407" step="2"/><U65/><E72/><V43/><F122/><W39/><G104/><T135/><D135/><U62/><E65/><V110/><F121/><W76/><G76/><T64/><D64/><U103/><E103/><V49/><F110/><W14/><G14/><T31/><AGARI ba="3,1" hai="11,15,19,22,26,31,37,38,41,46,51,83,87,89" machi="31" ten="20,5200,0" yaku="1,1,0,1,7,1,52,1,53,0" doraHai="4" doraHaiUra="123" who="0" fromWho="0" sc="182,71,362,-16,39,-16,407,-29" /><INIT seed="4,0,0,3,1,28" ten="253,346,23,378" oya="0" hai0="44,125,66,3,76,41,117,100,19,10,29,46,52" hai1="54,17,26,113,57,58,79,108,109,2,0,133,6" hai2="78,131,64,93,36,39,107,48,65,86,95,135,50" hai3="104,30,24,38,5,94,123,16,9,80,98,55,130"/><T34/><D117/><U103/><E133/><V35/><F107/><W129/><G104/><T111/><D100/><U67/><E103/><V20/><F20/><N who="3" m="13319" /><G38/><T92/><D76/><U37/><E37/><V96/><F78/><W56/><G80/><T88/><D66/><U71/><E71/><V45/><F135/><W68/><G68/><T82/><D125/><U32/><E79/><V59/><F59/><W1/><G30/><T124/><D124/><U91/><E91/><V72/><F45/><W115/><G115/><T112/><D112/><U22/><E32/><V83/><F83/><W101/><G123/><T73/><D111/><U110/><E6/><V60/><F72/><W31/><G31/><T99/><D41/><U120/><E120/><V106/><F106/><W14/><G1/><T121/><D121/><U105/><E105/><V87/><F131/><W51/><G130/><T81/><D73/><U7/><E7/><V18/><F18/><N who="3" m="8527" /><G129/><T11/><D3/><U69/><E69/><V97/><REACH who="2" step="1"/><F60/><REACH who="2" ten="253,346,13,378" step="2"/><W74/><G74/><T27/><D44/><U114/><E113/><V15/><F15/><W90/><G5/><T63/><D46/><U4/><E114/><V102/><F102/><AGARI ba="0,1" hai="51,55,56,90,94,98,101,102" m="8527,13319" machi="102" ten="30,2000,0" yaku="8,1,54,1" doraHai="28" who="3" fromWho="2" sc="253,0,346,0,13,-20,378,30" owari="253,-15.0,346,15.0,-7,-51.0,408,51.0" /></mjloggm>