<mjloggm ver="2.3"><GO type="225" lobby="0"/><UN n0="%E3%81%AF%E3%82%88%E3%81%8A%E3%81%98%E3%81%95%E3%82%93" n1="%E2%98%85%E3%83%9F%E3%83%BC%E3%82%B3%E2%98%85" n2="%E6%A1%9C%E8%8A%B1%E9%96%83%E3%80%85" n3="%E8%88%B9%E8%A6%8B%E7%B5%90%E8%A1%A3%E3%81%A1%E3%82%83%E3%82%93" dan="17,17,16,16" rate="2112.68,2234.91,2126.80,2120.82" sx="M,F,M,F"/><TAIKYOKU oya="0"/><INIT seed="0,0,0,3,2,2" ten="250,250,250,250" oya="0" hai0="13,114,39,108,126,10,87,46,6,79,50,20,71" hai1="16,33,89,49,90,59,130,29,111,69,12,14,84" hai2="133,41,1,129,17,57,134,9,67,47,75,116,103" hai3="118,48,0,28,100,19,26,128,76,64,77,56,127"/><T122/><D114/><U98/><E69/><V86/><F75/><W73/><G118/><T60/><D122/><U135/><E111/><V22/><F116/><W120/><G120/><T36/><D108/><U110/><E110/><V107/><F129/><W102/><G127/><T83/><D126/><U25/><E130/><V54/><F67/><W106/><G128/><T61/><D20/><U7/><E135/><N who="2" m="51723" /><F86/><W95/><G106/><T85/><D85/><U24/><E98/><N who="2" m="61943" /><F9/><W62/><G0/><T42/><D71/><U32/><E32/><V52/><F1/><W43/><G73/><T112/><D112/><U34/><E34/><V30/><F30/><W92/><G43/><T5/><D5/><U68/><E68/><V27/><F57/><W55/><G28/><T63/><AGARI ba="0,0" hai="6,10,13,36,39,42,46,50,60,61,63,79,83,87" machi="63" ten="30,11700,0" yaku="0,1,25,2,52,1" doraHai="2" who="0" fromWho="0" sc="250,117,250,-39,250,-39,250,-39" /><INIT seed="0,1,0,2,3,40" ten="367,211,211,211" oya="0" hai0="95,63,133,11,99,10,77,93,8,26,4,28,14" hai1="52,92,35,18,134,103,2,117,78,69,109,125,101" hai2="89,113,132,129,5,114,27,68,98,37,9,110,122" hai3="38,72,76,39,50,115,97,73,123,128,42,25,41"/><T120/><D133/><U130/><E117/><V91/><F122/><W90/><G115/><T33/><D120/><U62/><E2/><V3/><F132/><W96/><G123/><T104/><D77/><U85/><E134/><V65/><F110/><W53/><G128/><T71/><D95/><U118/><E35/><V80/><F129/><W7/><G7/><T44/><D104/><U24/><E130/><V88/><F37/><W111/><G111/><T6/><D63/><U13/><E109/><V21/><F98/><W64/><G64/><T67/><D71/><U32/><E118/><V43/><F43/><W61/><G61/><T100/><D67/><U17/><E125/><V131/><F131/><W83/><G25/><T94/><D94/><U29/><E69/><V82/><F65/><W23/><G23/><T135/><D135/><U112/><E112/><V19/><F68/><W47/><G72/><T84/><D84/><U74/><E74/><V124/><F124/><W36/><REACH who="3" step="1"/><G90/><REACH who="3" ten="367,211,211,201" step="2"/><T60/><D60/><U66/><E66/><V81/><AGARI ba="1,1" hai="3,5,9,19,21,27,80,81,82,88,89,91,113,114" machi="81" ten="30,2000,0" yaku="0,1,54,1" doraHai="40" who="2" fromWho="2" sc="367,-11,211,-6,211,33,201,-6" /><INIT seed="1,0,0,1,3,45" ten="356,205,244,195" oya="1" hai0="128,86,113,28,80,95,5,50,88,130,32,69,93" hai1="117,27,99,47,4,90,124,15,29,131,26,31,123" hai2="64,104,96,118,34,3,46,98,66,83,100,108,39" hai3="59,9,115,87,43,134,135,116,52,2,8,61,40"/><U6/><E123/><V7/><F118/><W30/><G115/><T68/><D113/><U23/><E117/><V21/><F34/><W35/><G116/><T19/><D5/><N who="1" m="2155" /><E131/><N who="0" m="50217" /><D19/><N who="1" m="10751" /><E124/><V101/><F108/><W10/><G2/><T42/><D28/><N who="1" m="10827" /><E47/><V84/><F21/><W25/><REACH who="3" step="1"/><G87/><REACH who="3" ten="356,205,244,185" step="2"/><T129/><D129/><U0/><E0/><V122/><F3/><W85/><G85/><T18/><D32/><U57/><E57/><V103/><F84/><W132/><AGARI ba="0,1" hai="8,9,10,25,30,35,40,43,52,59,61,132,134,135" machi="132" ten="40,8000,1" yaku="1,1,0,1,20,1,54,1,53,0" doraHai="45" doraHaiUra="121" who="3" fromWho="3" sc="356,-20,205,-40,244,-20,185,90" /><INIT seed="2,0,0,5,2,36" ten="336,165,224,275" oya="2" hai0="27,11,29,34,102,125,15,108,20,131,49,42,50" hai1="30,112,123,24,65,73,82,43,71,115,76,31,19" hai2="23,10,7,107,78,135,16,98,54,133,62,86,3" hai3="120,18,60,96,91,68,90,114,57,84,47,81,105"/><V67/><F54/><W109/><G120/><T55/><D108/><U92/><E123/><V85/><F98/><W103/><G114/><T72/><D72/><U13/><E92/><V117/><F107/><W113/><G113/><T127/><D131/><U58/><E58/><V129/><F117/><W122/><G109/><T46/><D102/><U38/><E31/><V126/><F126/><N who="0" m="48138" /><D20/><U132/><E132/><N who="2" m="50763" /><F78/><W80/><G122/><T1/><D1/><U110/><E110/><V9/><F9/><W25/><G68/><T100/><D100/><U53/><E53/><V88/><F129/><W119/><G119/><T21/><D34/><U99/><E99/><V22/><F85/><W39/><G25/><T63/><D63/><U8/><E65/><V59/><F16/><W28/><G18/><N who="0" m="8575" /><D55/><U130/><E71/><V66/><F66/><W89/><G28/><T75/><D75/><U134/><E130/><V2/><F2/><W128/><G128/><T44/><D44/><U41/><E134/><V116/><F116/><W79/><G47/><T101/><D101/><U74/><E74/><V17/><F17/><W12/><G12/><T37/><AGARI ba="0,0" hai="21,27,29,37,42,46,49,50" m="8575,48138" machi="37" ten="30,2000,0" yaku="18,1,52,1" doraHai="36" who="0" fromWho="0" sc="336,20,165,-5,224,-10,275,-5" /><INIT seed="3,0,0,2,3,15" ten="356,160,214,270" oya="3" hai0="36,47,31,30,104,127,88,107,20,111,96,100,87" hai1="61,4,42,113,108,131,9,52,124,84,44,67,90" hai2="126,91,28,103,32,35,116,121,95,60,83,14,46" hai3="123,19,2,59,53,85,75,81,0,50,89,82,6"/><W56/><G123/><T129/><D107/><U86/><E113/><V37/><F116/><W72/><G19/><T5/><D5/><U105/><E131/><V27/><F121/><W79/><G72/><T54/><D129/><U92/><E124/><V98/><F126/><W16/><G6/><T132/><D127/><U68/><E108/><V41/><F35/><W102/><G102/><T24/><D111/><U13/><E105/><V115/><F115/><W10/><REACH who="3" step="1"/><G59/><REACH who="3" ten="356,160,214,260" step="2"/><T8/><D8/><U133/><E133/><V80/><F103/><W74/><G74/><T125/><D132/><U51/><REACH who="1" step="1"/><E42/><REACH who="1" ten="356,150,214,260" step="2"/><V97/><F41/><W78/><G78/><T18/><D125/><U122/><E122/><V117/><F117/><W38/><G38/><T70/><D36/><U135/><E135/><V106/><F37/><W26/><G26/><T73/><D24/><U114/><E114/><V17/><F27/><W71/><G71/><T119/><D70/><U69/><E69/><V29/><F106/><W112/><G112/><T64/><D104/><U63/><E63/><V65/><F60/><W43/><G43/><T99/><D119/><U66/><E66/><V21/><F65/><W12/><AGARI ba="0,2" hai="0,2,10,12,16,50,53,56,75,79,81,82,85,89" machi="12" ten="30,11700,0" yaku="1,1,0,1,52,1,54,1,53,0" doraHai="15" doraHaiUra="25" who="3" fromWho="3" sc="356,-39,150,-39,214,-39,260,137" owari="317,12.0,111,-39.0,175,-22.0,397,49.0" /></mjloggm>