<mjloggm ver="2.3"><GO type="169" lobby="0"/><UN n0="%69%70%73%E6%88%A6%E5%A3%AB" n1="%63%6C%75%74%63%68%37%33" n2="%E7%89%8C%E5%BB%83%E4%BA%BA" n3="%42%72%42%61" dan="16,17,17,16" rate="2071.73,2174.38,2151.62,2151.61" sx="M,M,M,M"/><TAIKYOKU oya="0"/><INIT seed="0,0,0,2,4,5" ten="250,250,250,250" oya="0" hai0="99,31,67,25,93,6,91,77,37,8,20,116,61" hai1="80,41,127,51,17,23,106,10,114,53,132,79,113" hai2="100,2,75,15,120,104,90,63,32,47,109,27,42" hai3="28,129,101,71,74,18,76,87,118,39,68,98,13"/><T94/><D37/><U21/><E106/><V9/><F120/><W119/><G129/><T12/><D116/><U38/><E132/><V103/><F75/><W83/><G39/><T46/><D77/><U107/><E107/><V56/><F109/><W108/><G108/><T134/><D134/><U84/><E127/><V105/><F2/><W82/><G28/><T111/><D111/><U59/><E38/><V19/><F104/><W122/><G122/><T102/><D46/><U49/><E49/><V33/><F90/><W69/><G98/><T57/><D94/><U30/><E41/><V126/><F126/><W52/><G101/><AGARI ba="0,0" hai="6,8,12,20,25,31,57,61,67,91,93,99,101,102" machi="101" ten="40,3900,0" yaku="8,1,52,1" doraHai="5" who="0" fromWho="3" sc="250,39,250,0,250,0,250,-39" /><INIT seed="0,1,0,5,4,110" ten="289,250,250,211" oya="0" hai0="36,45,73,17,10,124,122,134,76,102,83,59,130" hai1="97,2,75,31,57,5,63,3,58,82,113,107,91" hai2="46,70,6,118,47,43,84,1,101,18,56,89,24" hai3="104,23,22,103,127,28,87,62,29,108,132,39,81"/><T8/><D122/><U100/><E113/><V52/><F70/><W0/><G108/><T20/><D124/><U54/><E31/><V19/><F118/><W112/><G127/><T85/><D134/><U35/><E35/><V42/><F101/><W32/><G132/><T68/><D68/><U105/><E105/><V78/><F78/><W38/><G0/><T60/><D130/><U9/><E58/><V12/><F1/><W128/><G128/><T74/><D102/><U109/><E109/><V67/><F67/><W34/><G62/><T115/><D115/><U106/><E106/><V11/><F43/><W129/><G129/><T49/><D36/><U88/><REACH who="1" step="1"/><E3/><REACH who="1" ten="289,240,250,211" step="2"/><V7/><F47/><W131/><G131/><T44/><D74/><U33/><E33/><V66/><F66/><W98/><G34/><T99/><D73/><U26/><E26/><V114/><F114/><W120/><G112/><T16/><D99/><U123/><E123/><V135/><F135/><W53/><G120/><T55/><D45/><U125/><E125/><V30/><F30/><W117/><G32/><T71/><D71/><U111/><E111/><V95/><F24/><W92/><G29/><T119/><D119/><U90/><E90/><V121/><F121/><W21/><G28/><T94/><D94/><U77/><AGARI ba="1,1" hai="2,5,9,54,57,63,75,77,82,88,91,97,100,107" machi="77" ten="30,7900,0" yaku="1,1,0,1,54,1,53,1" doraHai="110" doraHaiUra="50" who="1" fromWho="1" sc="289,-40,240,92,250,-21,211,-21" /><INIT seed="1,0,0,2,1,28" ten="249,332,229,190" oya="1" hai0="129,81,99,59,72,29,94,66,51,38,82,70,108" hai1="20,76,31,83,88,120,93,128,35,9,25,74,111" hai2="113,52,50,134,125,73,57,104,126,65,67,32,26" hai3="27,102,124,112,69,2,78,63,133,1,7,117,127"/><U103/><E128/><V61/><F73/><W21/><G112/><T8/><D38/><U97/><E120/><V101/><F113/><W5/><G133/><T75/><D129/><U23/><E111/><V43/><F134/><W109/><G78/><T17/><D108/><U132/><E132/><V44/><F101/><W39/><G39/><T34/><D70/><U10/><E10/><V6/><F104/><W131/><G109/><T33/><D75/><U18/><E18/><V100/><F100/><W42/><G42/><T62/><D29/><U48/><E9/><V37/><F6/><N who="3" m="2059" /><G102/><T0/><D51/><U116/><E116/><V85/><F85/><W36/><G36/><T60/><D0/><N who="3" m="105" /><G131/><T86/><D72/><U58/><REACH who="1" step="1"/><E103/><REACH who="1" ten="249,322,229,190" step="2"/><V135/><F135/><W123/><G117/><T53/><D8/><U80/><E80/><V114/><F114/><W115/><G115/><T130/><D130/><U14/><E14/><V54/><F125/><W24/><G123/><T79/><D17/><U12/><E12/><V11/><F126/><W64/><G127/><T3/><D3/><U92/><E92/><V15/><F11/><W95/><G95/><T98/><D82/><U107/><E107/><V41/><F15/><W119/><G119/><T45/><D98/><U47/><E47/><V118/><F118/><W121/><G121/><T46/><D46/><U71/><E71/><V68/><F68/><W55/><G124/><T19/><D19/><U90/><E90/><V84/><F44/><W16/><G27/><T106/><D45/><U87/><E87/><V56/><F84/><RYUUKYOKU ba="0,1" sc="249,-15,322,15,229,-15,190,15" hai1="20,23,25,31,35,48,58,74,76,83,88,93,97" hai3="16,21,24,55,63,64,69" /><INIT seed="1,1,1,5,5,0" ten="234,337,214,205" oya="1" hai0="8,16,90,7,2,119,124,131,38,89,96,28,21" hai1="113,75,26,4,70,79,116,42,44,63,34,77,92" hai2="31,115,40,17,121,48,10,56,35,62,18,20,60" hai3="125,95,68,65,83,41,43,53,76,15,71,27,24"/><U101/><E116/><V110/><F121/><W135/><G135/><T52/><D119/><U122/><E122/><V1/><F110/><W14/><G125/><T97/><D38/><U51/><E113/><V100/><F115/><W11/><G95/><T37/><D37/><U9/><E75/><V61/><F35/><W39/><G53/><T50/><D28/><U108/><E108/><V123/><F123/><W88/><G15/><N who="0" m="5535" /><D124/><U54/><E101/><V102/><F31/><W78/><G39/><T107/><D2/><U114/><E114/><V82/><F82/><W99/><G71/><T132/><D107/><U55/><E92/><V6/><F17/><W23/><G65/><T13/><D132/><U49/><E42/><N who="3" m="15882" /><G68/><T120/><D131/><U64/><E26/><N who="3" m="9770" /><G23/><T59/><D120/><U129/><E34/><V117/><F117/><W5/><G99/><AGARI ba="1,1" hai="13,16,21,50,52,59,89,90,96,97,99" m="5535" machi="99" ten="30,7700,0" yaku="8,1,52,1,54,2" doraHai="0" who="0" fromWho="3" sc="234,90,337,0,214,0,205,-80" /><INIT seed="2,0,0,1,1,55" ten="324,337,214,125" oya="2" hai0="125,47,0,98,122,91,97,35,127,43,46,99,40" hai1="41,26,4,45,17,9,10,54,123,51,37,68,12" hai2="86,82,107,79,3,72,56,27,106,93,113,108,44" hai3="85,130,110,65,89,88,111,96,38,83,121,63,129"/><V59/><F113/><W25/><G38/><T52/><D122/><U109/><E123/><V24/><F3/><W87/><G121/><T112/><D35/><U90/><E109/><N who="3" m="41482" /><G25/><T6/><D112/><U102/><E68/><V104/><F108/><W126/><G126/><N who="0" m="48139" /><D6/><U18/><E102/><V76/><F44/><N who="0" m="16938" /><D0/><U95/><E26/><V62/><F59/><N who="3" m="37119" /><G96/><T30/><D30/><U94/><E94/><AGARI ba="0,0" hai="83,85,87,88,89,94,129,130" m="37119,41482" machi="94" ten="30,3900,0" yaku="14,1,52,1,54,1" doraHai="55" who="3" fromWho="1" sc="324,0,337,-39,214,0,125,39" /><INIT seed="3,0,0,3,4,38" ten="324,298,214,164" oya="3" hai0="134,6,67,50,101,33,18,66,62,84,41,36,47" hai1="114,102,93,87,124,129,15,10,25,118,27,3,1" hai2="32,28,68,72,90,16,132,130,83,82,31,128,44" hai3="57,75,104,121,111,13,8,20,77,23,65,48,88"/><W122/><G104/><T37/><D33/><U117/><E102/><V127/><F68/><W24/><G75/><T112/><D112/><U71/><E71/><V76/><F127/><W116/><G116/><N who="1" m="44650" /><E114/><V55/><F132/><W69/><G77/><T17/><D134/><U58/><E58/><V53/><F32/><W133/><G133/><T19/><D101/><U131/><E87/><N who="2" m="50551" /><F16/><W29/><G111/><T39/><D6/><N who="1" m="3543" /><E93/><V70/><F70/><W81/><G23/><T51/><D84/><U106/><E106/><V61/><F44/><W105/><G105/><T9/><D51/><U54/><E54/><N who="2" m="20491" /><F61/><W12/><G69/><T109/><D109/><U42/><E124/><V0/><F0/><N who="1" m="73" /><E42/><V91/><F91/><W40/><G121/><T99/><D99/><U86/><E86/><V79/><F79/><W11/><G122/><T63/><D63/><U74/><E74/><V110/><F110/><W135/><G135/><T80/><D80/><U108/><E108/><V92/><F92/><W22/><G88/><T96/><D96/><U89/><E89/><V73/><F73/><W103/><G81/><T95/><D95/><U113/><E113/><V56/><F56/><W43/><G103/><T100/><D100/><U14/><E14/><N who="3" m="5738" /><G48/><T94/><D94/><U26/><AGARI ba="0,0" hai="25,26,27,129,131" m="73,3543,44650" machi="26" ten="40,5200,0" yaku="12,1,34,2" doraHai="38" who="1" fromWho="1" sc="324,-13,298,52,214,-13,164,-26" /><INIT seed="4,0,0,5,4,114" ten="311,350,201,138" oya="0" hai0="3,82,37,113,132,122,86,135,54,60,127,45,99" hai1="62,68,117,52,44,93,105,13,67,123,53,56,97" hai2="9,30,89,59,106,109,108,65,85,112,11,121,71" hai3="2,95,26,87,58,110,0,64,40,16,70,19,125"/><T124/><D3/><U119/><E105/><V20/><F121/><W78/><G110/><T100/><D122/><U133/><E123/><V22/><F106/><W43/><G125/><N who="0" m="48203" /><D113/><U128/><E128/><V76/><F112/><W69/><G78/><N who="0" m="46423" /><D60/><U57/><E44/><V83/><F71/><W63/><G0/><T130/><D54/><U50/><E13/><V17/><F108/><W126/><G2/><T28/><D28/><U129/><E129/><V46/><F109/><W23/><G126/><T8/><D8/><U42/><E42/><V101/><F9/><W84/><G70/><T107/><D45/><U10/><E133/><N who="0" m="51273" /><D37/><U77/><E77/><V41/><F30/><W88/><G69/><T34/><D34/><U1/><E10/><V131/><F76/><W51/><G51/><T4/><D4/><U31/><E31/><V36/><F11/><W24/><G84/><T81/><D81/><U5/><E5/><V39/><F85/><W29/><REACH who="3" step="1"/><G19/><REACH who="3" ten="311,350,201,128" step="2"/><T75/><D130/><U18/><E18/><V35/><F17/><W55/><G55/><T74/><AGARI ba="0,1" hai="74,75,99,100,107" m="51273,46423,48203" machi="74" ten="40,12000,1" yaku="18,1,20,1,34,2" doraHai="114" who="0" fromWho="0" sc="311,130,350,-40,201,-40,128,-40" /><INIT seed="4,1,0,4,4,10" ten="441,310,161,88" oya="0" hai0="23,68,123,92,9,47,122,64,98,81,30,130,48" hai1="132,28,88,0,109,14,74,11,90,104,42,12,53" hai2="52,15,8,71,49,93,25,63,119,87,85,31,111" hai3="16,26,76,131,134,72,133,35,50,32,97,22,113"/><T45/><D130/><U94/><E104/><V57/><F111/><W19/><G97/><T55/><D81/><U61/><E74/><V124/><F124/><W29/><G72/><T110/><D110/><U86/><E109/><V24/><F119/><W105/><G105/><T54/><D9/><U80/><E132/><N who="3" m="50794" /><G76/><T1/><D1/><U70/><E42/><V13/><F8/><W7/><G50/><T84/><D84/><N who="2" m="32330" /><F71/><W107/><G107/><T36/><D30/><U33/><E33/><N who="3" m="12874" /><G131/><T65/><D23/><U77/><E28/><V114/><F114/><W27/><G113/><T60/><D92/><U135/><E135/><V66/><F93/><W38/><G38/><T89/><D89/><U82/><E11/><V106/><F106/><W3/><G27/><N who="2" m="10313" /><F31/><W37/><G37/><T67/><D98/><U73/><E0/><V121/><F121/><N who="0" m="46090" /><D36/><U78/><E90/><V101/><F101/><W18/><G3/><T59/><D47/><U56/><E70/><AGARI ba="1,0" hai="45,48,54,55,59,60,64,65,67,68,70" m="46090" machi="70" ten="30,2900,0" yaku="34,2" doraHai="10" who="0" fromWho="1" sc="441,32,310,-32,161,0,88,0" /><INIT seed="4,2,0,2,3,111" ten="473,278,161,88" oya="0" hai0="64,131,108,92,103,128,127,113,55,69,3,57,21" hai1="24,90,43,11,58,98,104,80,30,117,50,129,25" hai2="7,133,78,65,84,86,12,8,85,125,29,74,37" hai3="105,9,45,100,135,71,13,54,66,61,87,49,33"/><T5/><D108/><U18/><E117/><V123/><F123/><W102/><G135/><T19/><D127/><U26/><E129/><N who="0" m="49737" /><D69/><U97/><E104/><V53/><F37/><W52/><G33/><T89/><D103/><U73/><E73/><V114/><F133/><W81/><G105/><T121/><D64/><U63/><E30/><V2/><F125/><W91/><REACH who="3" step="1"/><G54/><REACH who="3" ten="473,278,161,78" step="2"/><T126/><D121/><U76/><E43/><V56/><F53/><W1/><G1/><T94/><D126/><U0/><E0/><V6/><F2/><W122/><G122/><T28/><D3/><U17/><E26/><V112/><F6/><AGARI ba="2,1" hai="6,9,13,45,49,52,61,66,71,81,87,91,100,102" machi="6" ten="30,7700,0" yaku="1,1,7,1,54,1,53,1" doraHai="111" doraHaiUra="83" who="3" fromWho="2" sc="473,0,278,0,161,-83,78,93" /><INIT seed="5,0,0,2,5,26" ten="473,278,78,171" oya="1" hai0="36,73,3,78,33,101,96,0,95,16,77,94,34" hai1="124,57,86,45,67,17,125,107,80,76,9,54,74" hai2="59,65,127,11,24,6,32,25,51,63,37,75,5" hai3="81,13,20,99,50,8,79,117,61,30,123,2,14"/><U4/><E107/><V70/><F75/><W68/><G123/><T19/><D36/><U72/><E17/><V58/><F127/><N who="1" m="48713" /><E67/><V114/><F37/><W53/><G117/><T100/><D96/><U27/><E27/><V121/><F121/><W132/><G132/><T12/><D12/><N who="1" m="5159" /><E45/><V47/><F25/><W18/><G99/><T29/><D73/><U56/><E56/><V111/><F5/><W22/><G2/><T85/><D85/><U92/><E92/><V1/><F111/><W133/><G133/><T118/><D118/><U55/><E55/><V113/><F24/><W128/><G128/><T93/><D93/><U84/><E86/><V87/><F32/><W28/><G61/><AGARI ba="0,0" hai="54,57,61,72,74,76,80,84" m="5159,48713" machi="61" ten="30,1500,0" yaku="18,1" doraHai="26" who="1" fromWho="3" sc="473,0,278,15,78,0,171,-15" /><INIT seed="5,1,0,3,2,112" ten="473,293,78,156" oya="1" hai0="117,17,62,82,80,99,10,27,95,133,4,100,28" hai1="68,54,78,52,72,37,121,71,41,9,81,63,135" hai2="6,0,120,134,115,64,102,23,61,42,39,44,118" hai3="110,58,14,22,98,25,103,108,1,40,16,53,26"/><U87/><E121/><V119/><F120/><W86/><G1/><T90/><D133/><U76/><E135/><V35/><F134/><W114/><G114/><T107/><D17/><U79/><E37/><V129/><F115/><W18/><G40/><T31/><D117/><U20/><E41/><V113/><F113/><W73/><G86/><T49/><D49/><U2/><E20/><V43/><F35/><W88/><G73/><T57/><D107/><U91/><E72/><V24/><F129/><W67/><G67/><T124/><D124/><U38/><E38/><V111/><F111/><W50/><G26/><T13/><D100/><U70/><REACH who="1" step="1"/><E63/><REACH who="1" ten="473,283,78,156" step="2"/><V21/><F43/><W30/><G108/><T11/><D11/><U3/><E3/><V60/><F23/><N who="3" m="11671" /><G110/><T116/><D116/><U34/><E34/><V66/><F60/><W104/><G104/><T48/><D48/><U59/><E59/><V74/><F119/><W8/><G8/><T132/><D132/><U45/><E45/><V97/><F118/><W131/><G131/><T84/><D62/><U96/><E96/><V101/><F74/><W46/><G46/><T5/><D57/><U65/><E65/><N who="2" m="25195" /><F97/><W7/><G98/><T47/><D47/><U94/><E94/><V93/><F93/><W19/><G22/><N who="0" m="15479" /><D99/><U128/><E128/><V36/><F36/><W29/><G58/><T56/><D56/><U69/><N who="1" m="17920" /><DORA hai="55" /><U75/><E75/><V127/><F61/><W89/><G53/><T12/><D31/><U33/><E33/><V51/><F39/><W106/><G106/><T109/><D109/><RYUUKYOKU ba="1,1" sc="473,15,283,15,78,-15,156,-15" hai0="4,5,10,12,13,80,82,84,90,95" hai1="2,9,52,54,76,78,79,81,87,91" /><INIT seed="5,2,1,3,3,28" ten="488,298,63,141" oya="1" hai0="63,57,88,7,85,89,112,41,90,56,31,115,23" hai1="104,72,98,26,68,62,105,16,124,43,70,102,32" hai2="66,117,17,9,64,129,130,95,135,132,37,97,78" hai3="75,48,20,111,25,50,19,67,39,107,46,8,49"/><U52/><E124/><V121/><F37/><W38/><G111/><T81/><D41/><U54/><E72/><V2/><F117/><W122/><G122/><T113/><D7/><U22/><E105/><V24/><F78/><W12/><G107/><T116/><D116/><U61/><E43/><V103/><F121/><W92/><G75/><T51/><D51/><U100/><E100/><V18/><F2/><W110/><G110/><T77/><D63/><U27/><E62/><V13/><F18/><W53/><G67/><T109/><D109/><U83/><E83/><V93/><F24/><AGARI ba="2,1" hai="23,24,31,56,57,77,81,85,88,89,90,112,113,115" machi="24" ten="50,3200,0" yaku="15,1,54,1" doraHai="28" who="0" fromWho="2" sc="488,48,298,0,63,-38,141,0" /><INIT seed="6,0,0,0,4,5" ten="536,298,25,141" oya="2" hai0="44,77,65,129,87,111,14,43,22,78,75,7,86" hai1="28,60,17,74,80,16,11,108,39,96,76,105,102" hai2="19,27,135,9,124,40,46,121,12,42,52,66,112" hai3="109,132,24,123,63,106,6,3,128,59,10,68,35"/><V134/><F121/><W113/><RYUUKYOKU type="yao9" ba="0,0" sc="536,0,298,0,25,0,141,0" hai3="3,6,10,24,35,59,63,68,106,109,113,123,128,132" /><INIT seed="6,1,0,4,0,88" ten="536,298,25,141" oya="2" hai0="63,29,132,4,71,31,57,99,32,93,129,12,115" hai1="14,128,96,28,61,87,40,13,126,135,23,37,3" hai2="91,113,103,51,94,95,107,5,7,92,77,78,38" hai3="108,26,9,104,86,133,102,8,111,83,70,45,60"/><V85/><F38/><W1/><G133/><T101/><D71/><U67/><E3/><V110/><F113/><W74/><G45/><T118/><D132/><U97/><E135/><V33/><F33/><W122/><G122/><T116/><D115/><U15/><E128/><V25/><F110/><W53/><G74/><T49/><D129/><U41/><E37/><V127/><F127/><W22/><G108/><T55/><D32/><U66/><E87/><V82/><F107/><W54/><G111/><T52/><D4/><N who="2" m="1610" /><F103/><W10/><G1/><T30/><REACH who="0" step="1"/><D12/><REACH who="0" ten="526,298,25,141" step="2"/><U124/><E126/><V27/><F51/><W20/><G70/><T89/><D89/><U84/><E124/><V80/><F80/><W43/><G102/><T65/><D65/><U123/><E67/><V109/><F109/><W112/><G112/><T76/><D76/><AGARI ba="1,1" hai="25,27,76,77,78,82,85,91,92,94,95" m="1610" machi="76" ten="30,11600,0" yaku="8,1,52,3" doraHai="88" who="2" fromWho="0" sc="526,-119,298,0,25,129,141,0" /><INIT seed="6,2,0,0,1,107" ten="407,298,154,141" oya="2" hai0="110,88,104,55,65,117,131,20,106,126,51,67,24" hai1="57,10,53,28,92,64,59,62,18,63,76,33,46" hai2="128,52,36,78,71,37,11,112,41,94,87,44,3" hai3="23,134,39,17,9,124,26,103,47,82,99,12,0"/><V4/><F112/><W119/><G119/><T35/><D35/><U8/><E33/><V22/><F128/><W97/><G134/><T56/><D110/><U84/><E28/><V129/><F129/><W68/><G124/><T91/><D131/><U73/><E18/><V125/><F71/><W121/><G121/><T85/><D126/><U102/><E46/><V93/><F125/><W40/><G68/><T101/><D117/><U49/><E49/><V108/><F37/><W1/><G82/><T89/><D85/><U105/><E105/><V70/><F70/><W135/><G135/><T60/><D101/><U130/><E130/><V116/><F116/><W45/><G45/><T61/><D104/><U50/><E50/><V133/><F133/><W74/><G74/><T127/><D106/><U86/><E73/><V123/><F123/><W31/><REACH who="3" step="1"/><G103/><REACH who="3" ten="407,298,154,131" step="2"/><T13/><D127/><U98/><E76/><V95/><F108/><W7/><G7/><T16/><D24/><U96/><E102/><V38/><F78/><W113/><G113/><T79/><D79/><U19/><E59/><V80/><F80/><W29/><G29/><T21/><D21/><U114/><E57/><V2/><F22/><W54/><G54/><T109/><D109/><U77/><E53/><V83/><F52/><W25/><G25/><T42/><D42/><U34/><E77/><N who="2" m="46575" /><F36/><W43/><G43/><T111/><D111/><U27/><E114/><V48/><F38/><W132/><G132/><T69/><D69/><U90/><E27/><V115/><F115/><W6/><G6/><T5/><D5/><RYUUKYOKU ba="2,1" sc="407,10,298,-30,154,10,131,10" hai0="13,16,20,51,55,56,60,61,65,67,88,89,91" hai2="2,3,4,11,41,44,48,93,94,95" hai3="0,1,9,12,17,23,26,31,39,40,47,97,99" /><INIT seed="6,3,1,3,2,72" ten="417,268,164,141" oya="2" hai0="78,18,45,19,96,65,116,50,64,4,85,123,95" hai1="89,29,126,76,135,27,79,103,107,105,0,42,62" hai2="130,6,32,74,106,119,75,39,13,21,77,9,46" hai3="87,99,129,111,48,52,24,69,88,25,90,59,44"/><V112/><F119/><W121/><G121/><T84/><D123/><U104/><E0/><V30/><F106/><W16/><G111/><T17/><D4/><U22/><E103/><V71/><F71/><W82/><G129/><T23/><D23/><U51/><E135/><V67/><F67/><N who="0" m="25674" /><D78/><U12/><E62/><V61/><F61/><N who="3" m="36071" /><G69/><T3/><D3/><U97/><E126/><V41/><F130/><W5/><G5/><T132/><D132/><U33/><E51/><V91/><F112/><W11/><G99/><T124/><D124/><U118/><E42/><V34/><F74/><W73/><G73/><T131/><D116/><U8/><E33/><V31/><F34/><W108/><G108/><T60/><D60/><U100/><E89/><V14/><F32/><W28/><G28/><T43/><D131/><U109/><E109/><V133/><F133/><W120/><G120/><T101/><AGARI ba="3,1" hai="17,18,19,43,45,50,84,85,95,96,101" m="25674" machi="101" ten="30,1100,0" yaku="8,1" doraHai="72" who="0" fromWho="0" sc="417,30,268,-6,164,-8,141,-6" /><INIT seed="7,0,0,2,0,107" ten="447,262,156,135" oya="3" hai0="103,135,26,7,42,111,106,41,125,49,75,98,87" hai1="133,39,11,15,82,109,95,60,22,51,63,91,59" hai2="130,10,25,118,88,9,23,71,65,47,92,76,104" hai3="4,57,24,73,18,68,105,134,16,78,14,58,124"/><W84/><G124/><T112/><D75/><U115/><E39/><V29/><F104/><W0/><G68/><T80/><D111/><U61/><E109/><V77/><F118/><W70/><G70/><T36/><D36/><U27/><E82/><V89/><F130/><W5/><G134/><T86/><D125/><U54/><E115/><V90/><F71/><W102/><G0/><T94/><D112/><U120/><E133/><V30/><F65/><W34/><G73/><T1/><D106/><U101/><E101/><V17/><F92/><W62/><G105/><T13/><D1/><U122/><E122/><V99/><F99/><W128/><G128/><T44/><D42/><U93/><E91/><V40/><F29/><W64/><G102/><T46/><D46/><U45/><E45/><V56/><F56/><W83/><G58/><T117/><D117/><U123/><E123/><V37/><REACH who="2" step="1"/><F30/><REACH who="2" ten="447,262,146,135" step="2"/><W67/><G67/><T69/><D135/><U72/><E120/><V121/><F121/><W129/><G129/><T21/><D69/><U3/><E95/><V50/><F50/><W2/><G2/><T108/><D108/><U132/><E93/><V12/><F12/><W100/><G100/><T8/><D80/><U126/><E3/><V81/><F81/><W119/><G119/><T48/><D48/><U66/><E132/><V116/><F116/><W127/><G127/><T55/><D41/><U85/><E126/><V79/><AGARI ba="0,1" hai="9,10,17,23,25,37,40,47,76,77,79,88,89,90" machi="79" ten="30,4000,0" yaku="1,1,0,1,54,1,53,0" doraHai="107" doraHaiUra="110" who="2" fromWho="2" sc="447,-10,262,-10,146,50,135,-20" owari="437,53.0,252,5.0,196,-20.0,115,-38.0" /></mjloggm>