<mjloggm ver="2.3"><GO type="225" lobby="0"/><UN n0="%E2%98%85%E3%83%9F%E3%83%BC%E3%82%B3%E2%98%85" n1="%E3%83%95%E3%82%B5%E3%82%A6%E3%83%9F%E3%82%B3%E3%83%83%E3%83%97" n2="%E5%AE%89%E8%97%A4%E3%82%AB%E3%82%B1%E3%83%AB" n3="%E3%83%A2%E3%82%B0%E3%83%9E%E3%83%AA%E3%83%A2" dan="17,17,16,16" rate="2229.61,2272.94,2055.83,2145.52" sx="F,M,M,M"/><TAIKYOKU oya="0"/><INIT seed="0,0,0,4,4,43" ten="250,250,250,250" oya="0" hai0="19,118,101,76,83,123,2,40,14,48,70,22,90" hai1="52,41,92,131,24,96,100,59,80,109,112,82,126" hai2="4,91,13,122,33,108,9,93,77,6,72,3,39" hai3="81,21,117,121,88,129,119,115,7,31,12,135,66"/><T17/><D118/><U61/><E109/><V75/><F33/><W34/><G115/><T37/><D123/><U106/><E112/><V57/><F122/><W29/><G66/><T94/><D2/><U49/><E131/><V74/><F108/><W127/><G121/><T55/><D70/><U102/><E126/><V85/><F39/><W111/><G111/><T32/><D32/><U114/><E114/><V95/><F77/><W23/><G127/><T84/><D101/><U45/><E102/><V65/><F95/><W67/><G67/><T42/><D19/><U134/><E134/><V97/><F97/><W103/><G103/><T38/><D38/><U8/><E106/><V116/><F116/><N who="3" m="44619" /><G88/><T86/><REACH who="0" step="1"/><D37/><REACH who="0" ten="240,250,250,250" step="2"/><U53/><E8/><V0/><F0/><W130/><G34/><T110/><D110/><U1/><E1/><V28/><F3/><W63/><G129/><T71/><D71/><U10/><E10/><V89/><F9/><W47/><G130/><T16/><D16/><U51/><E24/><V60/><F4/><W125/><G7/><T105/><D105/><U35/><E35/><V107/><F6/><W44/><G125/><T79/><D79/><U104/><E104/><V133/><F107/><W64/><G23/><T113/><D113/><U50/><E50/><V18/><F18/><W36/><G21/><T120/><D120/><U124/><E124/><V99/><F133/><W68/><G36/><T46/><AGARI ba="0,1" hai="14,17,22,40,42,46,48,55,76,83,84,86,90,94" machi="46" ten="20,12000,1" yaku="1,1,0,1,7,1,8,1,52,1,53,0" doraHai="43" doraHaiUra="30" who="0" fromWho="0" sc="240,130,250,-40,250,-40,250,-40" /><INIT seed="0,1,0,1,2,121" ten="370,210,210,210" oya="0" hai0="107,42,112,19,46,48,124,118,50,79,3,44,12" hai1="92,23,40,16,38,65,130,113,106,81,78,100,125" hai2="77,70,0,17,32,101,14,53,110,39,13,69,86" hai3="5,28,84,88,90,68,122,93,4,30,72,60,51"/><T133/><D118/><U34/><E34/><V111/><F0/><W20/><G72/><T98/><D112/><U54/><E113/><V1/><F1/><W96/><G122/><T26/><D133/><U126/><E106/><V80/><F32/><W56/><G51/><T117/><D117/><U33/><E33/><V76/><F39/><W104/><G68/><T29/><D3/><U67/><E130/><V10/><F101/><W71/><G71/><T127/><D79/><U58/><E40/><V61/><F77/><W114/><G104/><T82/><D82/><U9/><E9/><V74/><F74/><W52/><G114/><T120/><D120/><U66/><E38/><V87/><F87/><W31/><REACH who="3" step="1"/><G20/><REACH who="3" ten="370,210,210,200" step="2"/><N who="0" m="11367" /><D50/><U109/><E23/><V36/><F36/><W37/><G37/><T134/><D48/><U41/><E126/><V8/><F70/><W105/><G105/><T131/><D107/><U62/><E125/><V97/><F69/><W11/><G11/><T59/><D127/><U103/><E62/><V47/><F61/><W132/><G132/><T43/><D134/><U49/><E49/><V55/><F47/><W115/><G115/><T57/><D124/><U95/><E41/><V18/><F97/><W35/><G35/><N who="0" m="20919" /><D98/><U75/><E75/><V123/><F123/><W7/><G7/><T102/><D46/><U129/><E129/><V15/><F15/><W73/><G73/><T24/><D131/><U25/><E58/><N who="0" m="22025" /><D44/><U22/><E22/><V45/><F45/><W2/><G2/><T6/><D43/><U91/><E25/><V128/><F128/><RYUUKYOKU ba="1,1" sc="370,-15,210,-15,210,15,200,15" hai2="8,10,13,14,17,18,53,55,76,80,86,110,111" hai3="4,5,28,30,31,52,56,60,84,88,90,93,96" /><INIT seed="1,2,1,5,0,58" ten="355,195,225,215" oya="1" hai0="92,75,90,13,95,128,113,101,55,105,130,102,28" hai1="16,116,51,85,83,49,100,99,120,80,4,93,104" hai2="61,35,134,125,24,10,97,81,41,54,23,107,32" hai3="6,25,82,71,56,14,119,132,59,94,89,19,18"/><U38/><E116/><V69/><F125/><W62/><G132/><T9/><D113/><U127/><E120/><V91/><F134/><W74/><G119/><T42/><D75/><U21/><E38/><V52/><F41/><W40/><G40/><T57/><D42/><U36/><E36/><V121/><F121/><W114/><G114/><T106/><D28/><U43/><E127/><V86/><F10/><N who="3" m="4439" /><G71/><T1/><D1/><U0/><E0/><V20/><F20/><N who="3" m="13463" /><G74/><T64/><D64/><U11/><E104/><V53/><F97/><N who="3" m="57551" /><G19/><N who="0" m="8623" /><D105/><U98/><E98/><V123/><F107/><W48/><G82/><T126/><D95/><U129/><E83/><V67/><REACH who="2" step="1"/><F123/><REACH who="2" ten="355,195,215,215" step="2"/><W108/><G108/><T66/><D106/><U63/><E43/><V46/><F46/><W7/><G7/><T77/><D126/><U3/><E4/><V2/><F2/><W110/><G110/><T68/><D130/><U8/><E129/><V5/><F5/><W50/><G59/><T96/><D128/><U115/><E3/><V122/><F122/><W131/><G131/><T73/><D68/><U72/><E115/><V88/><F88/><W65/><AGARI ba="2,2" hai="48,50,56,62,65" m="57551,13463,4439" machi="65" ten="30,2000,0" yaku="8,1,52,1" doraHai="58" who="3" fromWho="3" sc="355,-7,195,-12,215,-7,215,46" /><INIT seed="2,0,0,0,2,95" ten="348,183,208,261" oya="2" hai0="3,81,66,10,59,33,50,19,68,28,132,86,97" hai1="23,34,107,41,20,9,44,75,89,43,110,85,129" hai2="78,36,135,17,18,123,39,92,70,13,109,131,60" hai3="6,51,4,76,99,11,1,29,88,38,25,116,2"/><V55/><F123/><W64/><G116/><T87/><D132/><U67/><E110/><V22/><F135/><W127/><G127/><T90/><D68/><U24/><E129/><V130/><F109/><W58/><G38/><T113/><D113/><U14/><E75/><V106/><F106/><W12/><G76/><T35/><D28/><U54/><E107/><V105/><F105/><W48/><G4/><T121/><D121/><U91/><E34/><V104/><F104/><W65/><G2/><T98/><D33/><U128/><E128/><V72/><F131/><W118/><G1/><T96/><D35/><U93/><E67/><N who="3" m="25674" /><G58/><T57/><D66/><U21/><E24/><V100/><F70/><W32/><G32/><T61/><D61/><U77/><E77/><V16/><F130/><W62/><G62/><T119/><D119/><U73/><E73/><V102/><F39/><W46/><G46/><T101/><D101/><U56/><E44/><V114/><F36/><W69/><G69/><T74/><D74/><U79/><E79/><V71/><F114/><W117/><G117/><T42/><D86/><U126/><E126/><V31/><F71/><W115/><G115/><T15/><D3/><U27/><E27/><V5/><F72/><W7/><G7/><T52/><D42/><U0/><E0/><V83/><F5/><W103/><G103/><T120/><D120/><U30/><E30/><V111/><F102/><W8/><G118/><T37/><D37/><U45/><E45/><AGARI ba="0,0" hai="10,15,19,45,50,52,57,59,81,87,90,96,97,98" machi="45" ten="40,12000,2" yaku="25,2,8,1,52,3,54,1" doraHai="95" who="0" fromWho="1" sc="348,120,183,-120,208,0,261,0" /><INIT seed="3,0,0,3,5,132" ten="468,63,208,261" oya="3" hai0="93,54,83,107,115,134,94,69,33,61,44,24,110" hai1="130,12,18,10,14,128,112,129,101,60,75,48,65" hai2="102,68,125,96,13,62,55,114,122,73,50,104,64" hai3="135,72,76,59,124,120,70,81,47,78,79,16,67"/><W89/><G120/><T15/><D107/><U30/><E75/><V91/><F73/><W0/><G135/><T25/><D134/><U113/><E101/><V103/><F122/><W19/><G70/><T58/><D33/><U88/><E48/><V109/><F114/><W95/><G0/><T28/><D69/><U23/><E60/><V36/><F36/><W116/><G116/><T63/><D110/><U40/><E40/><V127/><F109/><W39/><G124/><N who="2" m="47689" /><F13/><W6/><G6/><T45/><D63/><U105/><E65/><V32/><F32/><W111/><G111/><T31/><D83/><U21/><E88/><V92/><F104/><W51/><G39/><T2/><D2/><U123/><E105/><V42/><F42/><N who="3" m="25079" /><G72/><T20/><D115/><U106/><E106/><V22/><F22/><W46/><G46/><AGARI ba="0,0" hai="46,50,55,62,64,68,91,92,96,102,103" m="47689" machi="46" ten="30,7700,0" yaku="18,1,52,3" doraHai="132" who="2" fromWho="3" sc="468,0,63,0,208,77,261,-77" owari="468,57.0,63,-44.0,285,9.0,184,-22.0" /></mjloggm>