<mjloggm ver="2.3"><GO type="169" lobby="0"/><UN n0="%E9%BA%BB%E9%9B%80%49%51%31%32%30" n1="%E3%82%82%E3%83%BC%E3%82%8A%E3%83%BC" n2="%E5%90%8D%E5%89%8D%E6%9C%AA%E5%AE%9A" n3="%E5%A4%A7%E8%B3%A2%E8%89%AF%E5%B8%AB" dan="17,16,17,16" rate="2103.01,2193.88,2110.39,2058.74" sx="M,M,M,M"/><TAIKYOKU oya="0"/><INIT seed="0,0,0,3,1,0" ten="250,250,250,250" oya="0" hai0="117,1,66,93,7,13,102,85,82,98,89,99,131" hai1="86,123,96,49,30,28,9,125,103,16,54,122,132" hai2="32,63,17,24,119,5,69,14,88,72,120,113,4" hai3="100,61,36,10,92,121,6,111,31,42,110,15,51"/><T38/><D117/><U68/><E68/><V114/><F72/><W128/><G121/><T64/><D1/><U60/><E60/><V35/><F120/><W116/><G116/><T83/><D38/><U50/><E125/><V126/><F119/><W130/><G36/><T52/><D131/><N who="3" m="50217" /><G31/><T76/><D52/><U115/><E115/><V87/><F69/><W91/><G100/><T108/><D108/><N who="3" m="41513" /><G61/><T112/><D112/><U75/><E30/><V11/><F63/><W26/><G26/><T20/><D20/><U133/><E28/><V48/><F114/><W97/><G51/><T43/><D43/><AGARI ba="0,0" hai="6,10,15,42,43,91,92,97" m="41513,50217" machi="43" ten="30,3900,0" yaku="19,1,14,1,52,1" doraHai="0" who="3" fromWho="0" sc="250,-39,250,0,250,0,250,39" /><INIT seed="1,0,0,3,2,24" ten="211,250,250,289" oya="1" hai0="52,101,77,1,84,57,102,64,8,23,28,119,5" hai1="55,38,40,60,42,134,53,13,105,120,44,48,81" hai2="75,131,49,107,50,132,33,32,72,125,109,96,106" hai3="94,112,87,83,91,25,124,66,56,61,82,26,90"/><U62/><E105/><V73/><F109/><W34/><G112/><T104/><D119/><U89/><E120/><V133/><F96/><W2/><G2/><T92/><D64/><U93/><E134/><N who="2" m="51819" /><F125/><W31/><G124/><T108/><D108/><U103/><E103/><V63/><F63/><W41/><G41/><T100/><D104/><N who="2" m="39978" /><F131/><W39/><G39/><T47/><D47/><U58/><E81/><V130/><F130/><W126/><G126/><T7/><D7/><U85/><E38/><V43/><F43/><W16/><REACH who="3" step="1"/><G91/><REACH who="3" ten="211,250,250,279" step="2"/><T114/><D114/><U99/><E42/><V98/><F98/><W97/><G97/><T9/><D101/><U30/><E99/><V127/><F127/><W68/><G68/><T4/><D100/><U0/><E0/><V20/><F20/><AGARI ba="0,1" hai="16,20,25,26,31,34,56,61,66,82,83,87,90,94" machi="20" ten="40,5200,0" yaku="1,1,52,1,54,1,53,0" doraHai="24" doraHaiUra="117" who="3" fromWho="2" sc="211,0,250,0,250,-52,279,62" /><INIT seed="2,0,0,3,3,94" ten="211,250,198,341" oya="2" hai0="133,74,77,90,110,5,3,27,58,129,34,111,26" hai1="130,100,86,112,50,70,114,107,61,66,76,87,57" hai2="13,88,53,40,132,126,116,80,7,23,2,120,102" hai3="131,81,115,42,31,73,117,121,105,33,4,55,21"/><V63/><F120/><W84/><G121/><T10/><D58/><U25/><E130/><V20/><F116/><W18/><G73/><T93/><D129/><U60/><E50/><V59/><F2/><W92/><G117/><T49/><D49/><U75/><E75/><V38/><F132/><W135/><G105/><T15/><D133/><U79/><E86/><N who="2" m="50247" /><F38/><W127/><G135/><T47/><D47/><U48/><E48/><V101/><F40/><W118/><G42/><T82/><D3/><U68/><E87/><V36/><F126/><W83/><G84/><T97/><D34/><U0/><E0/><V45/><F45/><W72/><G33/><T95/><D95/><U35/><E68/><V71/><F71/><W39/><G92/><T69/><D69/><U98/><E114/><V124/><F124/><W30/><G115/><T29/><D29/><N who="1" m="19887" /><E112/><V24/><F36/><W104/><G39/><T103/><D90/><U65/><AGARI ba="0,0" hai="57,60,61,65,66,70,76,79,98,100,107" m="19887" machi="65" ten="30,2000,0" yaku="25,1,52,1" doraHai="94" who="1" fromWho="1" sc="211,-5,250,20,198,-10,341,-5" /><INIT seed="3,0,0,3,4,84" ten="206,270,188,336" oya="3" hai0="89,104,129,112,130,72,61,6,75,46,76,71,59" hai1="131,40,7,26,126,108,29,95,73,97,53,49,67" hai2="36,109,47,123,12,19,113,70,63,38,56,74,17" hai3="2,82,21,93,23,50,0,81,52,128,54,16,15"/><W13/><G128/><T107/><D71/><U121/><E121/><V127/><F113/><W91/><G2/><T57/><D6/><U100/><E131/><V119/><F123/><W60/><G0/><T133/><D76/><U94/><E73/><V86/><F74/><W32/><G32/><T11/><D11/><U4/><E40/><V25/><F70/><W106/><G106/><T125/><D46/><U22/><E108/><V33/><F109/><W77/><G60/><T83/><D83/><N who="3" m="31753" /><G77/><T103/><D61/><U18/><E126/><V10/><F33/><W120/><G120/><T41/><D112/><U85/><E67/><V99/><F127/><W58/><G54/><T80/><D80/><U48/><E29/><V115/><F119/><W55/><G55/><T102/><D125/><U5/><E53/><V116/><F116/><W105/><G105/><T118/><D41/><U114/><E114/><V69/><F69/><W96/><G23/><T92/><D118/><U30/><E30/><V42/><F115/><W37/><G37/><T135/><D92/><U39/><E39/><V8/><F38/><W65/><G65/><T122/><D122/><U43/><E43/><V24/><F36/><W44/><G44/><T117/><D117/><U51/><E95/><V20/><F42/><W35/><G35/><T87/><D75/><U90/><REACH who="1" step="1"/><E85/><REACH who="1" ten="206,260,188,336" step="2"/><V14/><F86/><W78/><G78/><T3/><D87/><U27/><E27/><AGARI ba="0,1" hai="13,15,16,21,27,50,52,58,91,93,96" m="31753" machi="27" ten="30,11600,0" yaku="8,1,52,1,54,2" doraHai="84" who="3" fromWho="1" sc="206,0,260,-116,188,0,336,126" /><INIT seed="3,1,0,1,0,73" ten="206,144,188,462" oya="3" hai0="12,92,71,50,74,67,120,43,96,118,94,23,20" hai1="102,101,0,56,117,133,55,28,116,52,127,107,21" hai2="79,84,10,6,45,130,62,26,22,75,126,89,57" hai3="59,103,95,93,16,121,83,87,3,76,106,119,60"/><W112/><G121/><T110/><D118/><N who="1" m="45675" /><E0/><V41/><F130/><W47/><G119/><T109/><D67/><U81/><E107/><V105/><F105/><W125/><G112/><T70/><D12/><U46/><E127/><V53/><F126/><W17/><G125/><T122/><D96/><U123/><E123/><V48/><F75/><W44/><G3/><T86/><D74/><U34/><E34/><V25/><F22/><W38/><G106/><T7/><D86/><U1/><E1/><V39/><F39/><W88/><G38/><T134/><D7/><U15/><E46/><N who="3" m="17450" /><G103/><N who="1" m="39434" /><E81/><N who="2" m="47167" /><F89/><W111/><G111/><T9/><D122/><U58/><E133/><V91/><F91/><W69/><G69/><T82/><D134/><U114/><E114/><V64/><F64/><N who="3" m="38943" /><G95/><T11/><D120/><U72/><E72/><V61/><F61/><W40/><G40/><T29/><D43/><U2/><E2/><V115/><F115/><W90/><G90/><T97/><D110/><U37/><E37/><V124/><F124/><W77/><G77/><T65/><D109/><U128/><E128/><V104/><F104/><W14/><G14/><AGARI ba="1,0" hai="6,10,14,25,26,41,45,48,53,57,62" m="47167" machi="14" ten="30,3900,0" yaku="25,1,8,1,52,1" doraHai="73" who="2" fromWho="3" sc="206,0,144,0,188,42,462,-42" /><INIT seed="4,0,0,4,4,116" ten="206,144,230,420" oya="0" hai0="97,46,60,87,78,0,96,64,36,38,70,43,76" hai1="23,57,54,6,41,27,90,65,104,20,69,16,3" hai2="15,47,84,12,129,71,79,109,92,14,111,124,102" hai3="42,2,122,106,9,81,17,134,91,4,24,125,101"/><T25/><D0/><U105/><E69/><V61/><F129/><W21/><G134/><T45/><D25/><U120/><E65/><V130/><F130/><W99/><G125/><T80/><REACH who="0" step="1"/><D78/><REACH who="0" ten="196,144,230,420" step="2"/><U114/><E114/><V11/><F79/><W19/><G2/><T75/><D75/><U112/><E112/><V22/><F124/><W7/><G24/><T66/><D66/><U74/><E74/><V33/><F111/><W88/><G4/><T48/><D48/><U55/><E3/><V85/><F109/><W58/><G7/><T35/><D35/><U40/><E6/><V117/><F33/><W56/><G19/><T8/><D8/><U1/><E1/><V131/><F11/><W83/><G17/><T18/><D18/><U94/><E23/><V82/><F131/><W108/><G9/><T32/><D32/><U59/><E105/><V118/><F22/><W73/><G21/><T5/><D5/><U110/><E104/><V115/><F115/><W77/><G108/><T63/><D63/><N who="1" m="36279" /><E110/><V123/><F117/><W50/><G50/><T132/><D132/><U53/><E120/><V39/><F123/><W37/><G122/><T86/><D86/><N who="1" m="52567" /><E55/><V103/><F118/><W128/><G128/><T113/><D113/><U107/><E107/><V133/><F133/><W67/><G106/><T34/><D34/><U62/><AGARI ba="0,1" hai="16,20,27,40,41,53,59,62" m="52567,36279" machi="62" ten="30,2000,0" yaku="8,1,54,1" doraHai="116" who="1" fromWho="1" sc="196,-10,144,30,230,-5,420,-5" /><INIT seed="5,0,0,1,5,27" ten="186,174,225,415" oya="1" hai0="26,53,87,73,103,48,35,95,63,52,61,116,46" hai1="124,100,42,108,57,64,122,2,80,67,91,102,88" hai2="96,105,37,30,79,92,125,19,90,129,86,134,33" hai3="41,9,113,59,119,109,28,72,97,98,47,55,78"/><U23/><E122/><V54/><F134/><W81/><G109/><T13/><D73/><U31/><E2/><V123/><F123/><W40/><G119/><T17/><D116/><U34/><E34/><V107/><F129/><W101/><G113/><T130/><D130/><U84/><E108/><V58/><F37/><W94/><G9/><T24/><D35/><U15/><E124/><V131/><F125/><W6/><G6/><T77/><D77/><U32/><E32/><V132/><F132/><W7/><G7/><T20/><D63/><U70/><E70/><V14/><F131/><W83/><G83/><T128/><D128/><U3/><E3/><V85/><F105/><W10/><G10/><T121/><D121/><U51/><E91/><V38/><F38/><W45/><G98/><N who="0" m="59871" /><D87/><U56/><E15/><V127/><F107/><W43/><G28/><T44/><D44/><N who="1" m="26007" /><E102/><V22/><F127/><W36/><G47/><T110/><D110/><U18/><E18/><V65/><F79/><W82/><G82/><T4/><D4/><U118/><E100/><V1/><F1/><W21/><G21/><T11/><D11/><U135/><E135/><V89/><F89/><W29/><G29/><T60/><D53/><U99/><E99/><V50/><F65/><N who="1" m="25161" /><E118/><V126/><F126/><W74/><G74/><T114/><D114/><U106/><E106/><V0/><F0/><W39/><G39/><T5/><D5/><U76/><E76/><V12/><F12/><W112/><G112/><T115/><D115/><U104/><E104/><V25/><AGARI ba="0,0" hai="14,19,22,25,30,33,50,54,58,85,86,90,92,96" machi="25" ten="30,2000,0" yaku="0,1,52,1" doraHai="27" who="2" fromWho="2" sc="186,-5,174,-10,225,20,415,-5" /><INIT seed="6,0,0,3,0,47" ten="181,164,245,410" oya="2" hai0="15,101,34,67,83,42,12,33,2,99,96,25,112" hai1="68,22,90,20,86,102,4,108,134,118,38,41,58" hai2="3,80,126,73,77,19,100,31,0,62,17,131,13" hai3="113,53,10,109,85,49,92,65,135,11,74,64,32"/><V28/><F131/><W79/><G109/><T9/><D2/><U36/><E68/><V125/><F100/><W51/><G74/><T21/><D42/><U133/><E118/><V14/><F62/><W69/><G69/><T84/><D67/><N who="3" m="25673" /><G32/><T52/><D112/><U60/><E102/><V87/><F73/><W106/><G106/><T39/><D39/><N who="1" m="14891" /><E4/><V107/><F107/><W103/><G113/><T24/><D15/><N who="2" m="5642" /><F87/><W117/><G117/><T61/><D34/><U124/><E108/><V30/><F80/><N who="3" m="47263" /><G135/><N who="1" m="51722" /><E41/><V57/><F77/><W98/><G53/><T18/><D33/><U132/><N who="1" m="51730" /><U130/><DORA hai="35" /><E130/><V111/><F111/><W23/><G23/><N who="1" m="8746" /><E58/><V115/><F57/><W121/><G121/><T104/><D101/><U29/><E29/><V45/><F115/><W94/><G94/><T119/><D104/><U110/><E110/><V71/><F71/><W122/><G122/><T75/><D119/><U27/><E27/><V37/><F37/><W55/><G55/><T116/><D25/><U43/><E43/><V40/><F40/><W89/><G103/><T91/><D116/><U123/><E123/><V54/><F54/><W48/><AGARI ba="0,0" hai="10,11,48,49,51,89,92,98" m="47263,25673" machi="48" ten="30,7900,0" yaku="8,1,52,3" doraHai="47,35" who="3" fromWho="3" sc="181,-20,164,-20,245,-39,410,79" /><INIT seed="7,0,0,5,4,55" ten="161,144,206,489" oya="3" hai0="132,84,22,119,42,28,5,115,4,25,82,95,53" hai1="90,134,19,66,52,73,21,106,112,110,23,93,32" hai2="58,111,87,101,16,57,51,89,94,30,125,80,49" hai3="63,18,113,20,114,128,129,81,126,3,75,91,8"/><W10/><G63/><T107/><D119/><U15/><E110/><V40/><F125/><W69/><G69/><T6/><D107/><U56/><E32/><V37/><F37/><W65/><G65/><T135/><D42/><U26/><E106/><V46/><F30/><W116/><G91/><T92/><D115/><N who="3" m="44041" /><G81/><T45/><D45/><U70/><E112/><V120/><F120/><W103/><G103/><T127/><D53/><U34/><E34/><V121/><F121/><W124/><G75/><T72/><D72/><U13/><E73/><V31/><F31/><W36/><G36/><T17/><D28/><N who="1" m="17503" /><E70/><V123/><F123/><W100/><G100/><T88/><D127/><N who="3" m="48681" /><G116/><T54/><D54/><U1/><E1/><V76/><F101/><W108/><G108/><T35/><D35/><U96/><E134/><AGARI ba="0,0" hai="4,5,6,17,22,25,82,84,88,92,95,132,134,135" machi="134" ten="40,2600,0" yaku="20,1,54,1" doraHai="55" who="0" fromWho="1" sc="161,26,144,-26,206,0,489,0" owari="187,-21.0,118,-38.0,206,1.0,489,58.0" /></mjloggm>