<mjloggm ver="2.3"><GO type="185" lobby="0"/><UN n0="%E3%81%9F%E3%82%93%E3%82%86%E3%81%86" n1="%E3%81%BE%E3%81%A4%E3%81%AE%E3%81%8F%E3%82%93" n2="%E6%96%B0%E4%B8%96%E7%95%8C%E3%81%AE%E7%B4%99" n3="" dan="16,17,17,0" rate="2246.70,2251.50,2260.25,1500.00" sx="F,M,F,C"/><TAIKYOKU oya="0"/><INIT seed="0,0,0,2,5,104" ten="350,350,350,0" oya="0" hai0="112,47,132,126,106,48,134,79,124,67,66,92,120" hai1="49,115,52,32,43,94,127,116,62,102,51,71,54" hai2="114,88,41,129,123,117,56,73,99,76,90,58,33" hai3=""/><T65/><N who="0" m="30752" /><T50/><D106/><U109/><E32/><V61/><N who="2" m="31520" /><V98/><F33/><T75/><D92/><U83/><E116/><V1/><F114/><T42/><D112/><U39/><E115/><V53/><F1/><T87/><D87/><U45/><E109/><V80/><F117/><T110/><D110/><U81/><E127/><N who="0" m="48681" /><D79/><U128/><E128/><V85/><F129/><T34/><D75/><U133/><E133/><N who="0" m="51305" /><D34/><U125/><E125/><V113/><F113/><T122/><N who="0" m="31264" /><T130/><D130/><U82/><E94/><V86/><F41/><T35/><D35/><U63/><E102/><V107/><F107/><T96/><D96/><U36/><E82/><V57/><F73/><T108/><D108/><U121/><N who="1" m="31008" /><U2/><E2/><V77/><F77/><T37/><AGARI ba="0,0" hai="37,42,47,48,50,65,66,67" m="31264,51305,48681,30752" machi="37" ten="40,12000,2" yaku="18,1,20,1,34,2,52,2" doraHai="104" who="0" fromWho="0" sc="350,120,350,-60,350,-60,0,0" /><INIT seed="0,1,0,1,5,115" ten="470,290,290,0" oya="0" hai0="38,93,87,89,35,77,96,67,32,85,95,107,3" hai1="113,36,74,66,112,54,134,118,129,58,106,97,59" hai2="82,1,78,101,88,56,120,81,128,55,44,114,49" hai3=""/><T61/><D3/><U108/><E74/><V75/><N who="2" m="30752" /><V0/><F114/><N who="1" m="44137" /><E36/><V98/><F128/><T105/><D38/><U76/><E76/><V102/><F102/><T119/><D77/><U71/><E129/><V104/><REACH who="2" step="1"/><F44/><REACH who="2" ten="470,290,280,0" step="2"/><T46/><D46/><U42/><E134/><V51/><F51/><T122/><N who="0" m="31264" /><T132/><D132/><U39/><E39/><V68/><F68/><T73/><D35/><U45/><E71/><V84/><AGARI ba="1,1" hai="0,1,49,55,56,75,78,81,82,84,88,98,101,104" m="30752" machi="84" ten="30,6000,1" yaku="1,1,0,1,52,1,54,1,53,1" doraHai="115" doraHaiUra="92" who="2" fromWho="2" sc="470,-41,290,-21,280,72,0,0" /><INIT seed="1,0,0,5,3,35" ten="429,269,352,0" oya="1" hai0="40,112,98,92,122,55,115,126,36,50,110,37,132" hai1="53,69,68,3,64,121,109,2,56,131,67,108,46" hai2="123,101,88,71,34,73,80,94,59,39,52,63,83" hai3=""/><U125/><N who="1" m="31008" /><U58/><E46/><V95/><N who="2" m="31520" /><V0/><F34/><T102/><N who="0" m="31264" /><T118/><D118/><U70/><E131/><V65/><F39/><T81/><D126/><U33/><E33/><V91/><F101/><T51/><D132/><U79/><E79/><V47/><F47/><T119/><D119/><U1/><E125/><V84/><F0/><T61/><D61/><U49/><E58/><V105/><F105/><T114/><D40/><U97/><E97/><V89/><F73/><T32/><D32/><U120/><N who="1" m="30752" /><U113/><E113/><V60/><F89/><T41/><D41/><U42/><E42/><V111/><F111/><AGARI ba="0,0" hai="1,2,3,49,53,56,64,67,68,69,70,108,109,111" m="30752,31008" machi="111" ten="50,18000,2" yaku="14,1,10,1,52,5" doraHai="35" who="1" fromWho="2" sc="429,0,269,180,352,-180,0,0" /><INIT seed="1,1,0,5,1,124" ten="429,449,172,0" oya="1" hai0="68,101,95,111,33,84,1,129,92,99,118,53,135" hai1="52,54,87,0,40,67,114,34,121,120,88,94,134" hai2="81,75,64,123,78,83,69,97,96,48,85,43,113" hai3=""/><U105/><N who="1" m="30752" /><U37/><N who="1" m="31008" /><U44/><E114/><V3/><N who="2" m="31520" /><V102/><F3/><T79/><D1/><U91/><E0/><V131/><F113/><T132/><D33/><U61/><E34/><V73/><F131/><T46/><D68/><U39/><E105/><V42/><F96/><T58/><D46/><U119/><E119/><V41/><F48/><T127/><D118/><U115/><E115/><V56/><F69/><T2/><D2/><U77/><E77/><V90/><F75/><T45/><D45/><U110/><E37/><V126/><F126/><T55/><D55/><U108/><E91/><V104/><REACH who="2" step="1"/><F43/><REACH who="2" ten="429,449,162,0" step="2"/><T72/><D127/><U38/><E38/><V50/><F50/><T93/><D129/><U59/><E134/><N who="0" m="51241" /><D72/><U66/><REACH who="1" step="1"/><E54/><REACH who="1" ten="429,439,162,0" step="2"/><V71/><F71/><T35/><D35/><U116/><E116/><V60/><AGARI ba="1,2" hai="41,42,56,60,64,73,78,81,83,85,90,97,102,104" m="31520" machi="60" ten="30,5900,0" yaku="1,1,0,1,52,1,53,1" doraHai="124" doraHaiUra="57" who="2" fromWho="2" sc="429,-21,439,-40,162,81,0,0" /><INIT seed="2,0,0,2,0,102" ten="408,399,243,0" oya="2" hai0="37,61,85,113,69,0,39,59,110,112,66,78,125" hai1="34,46,60,95,40,84,65,116,130,49,56,131,89" hai2="135,36,77,67,127,99,55,82,119,111,83,35,38" hai3=""/><V68/><F119/><T44/><D0/><U50/><E116/><V93/><F35/><T134/><D78/><U88/><E34/><V45/><F127/><T1/><D1/><U90/><REACH who="1" step="1"/><E50/><REACH who="1" ten="408,389,243,0" step="2"/><V118/><F118/><T57/><D125/><U124/><E124/><V72/><F38/><T133/><D110/><U54/><E54/><V33/><F33/><T52/><D39/><U100/><E100/><V117/><F117/><T3/><D3/><U43/><E43/><V62/><F111/><T128/><D128/><AGARI ba="0,1" hai="40,46,49,56,60,65,84,88,89,90,95,128,130,131" machi="128" ten="40,5200,0" yaku="1,1,19,1,54,1,53,0" doraHai="102" doraHaiUra="103" who="1" fromWho="0" sc="408,-52,389,62,243,0,0,0" /><INIT seed="4,0,0,4,4,62" ten="356,451,243,0" oya="0" hai0="96,113,91,120,87,98,36,41,55,53,89,65,111" hai1="54,50,110,122,92,103,70,116,58,47,61,123,114" hai2="66,104,107,46,2,45,77,102,105,71,72,57,135" hai3=""/><T115/><N who="0" m="30752" /><T43/><D111/><U3/><N who="1" m="31264" /><U69/><N who="1" m="31520" /><U88/><E3/><V42/><F2/><T83/><D36/><U52/><E110/><V68/><F135/><T133/><D87/><U129/><E116/><V95/><F57/><T73/><D83/><U59/><E129/><V106/><N who="2" m="26624" /><DORA hai="90" /><V60/><F71/><T40/><D73/><U94/><E114/><N who="0" m="43529" /><D133/><U125/><E125/><V85/><F72/><T49/><D65/><U67/><E103/><V48/><F46/><T97/><D49/><U79/><E79/><V34/><F34/><T44/><D44/><U100/><E100/><V132/><F132/><T109/><D109/><U128/><E128/><V35/><F35/><T118/><D118/><U0/><E0/><V108/><F108/><T74/><D74/><U39/><E39/><V121/><N who="2" m="31008" /><V119/><F119/><T134/><D134/><U38/><E38/><V131/><F131/><T51/><D51/><U93/><E70/><V64/><F64/><T33/><D33/><U76/><E76/><V124/><F124/><T37/><D37/><U63/><E69/><V82/><F102/><T78/><D78/><U130/><E130/><V84/><F84/><AGARI ba="0,0" hai="47,50,52,54,58,59,61,63,67,84,88,92,93,94" m="31520,31264" machi="84" ten="30,16000,3" yaku="7,1,8,1,52,6,54,2" doraHai="62,90" who="1" fromWho="2" sc="356,0,451,160,243,-160,0,0" /><INIT seed="5,0,0,1,5,89" ten="356,611,83,0" oya="1" hai0="45,91,93,111,90,109,122,80,55,65,113,44,56" hai1="92,74,34,76,105,132,100,108,126,1,2,129,35" hai2="83,103,127,68,67,70,112,41,95,115,36,125,43" hai3=""/><U94/><E105/><V59/><F83/><T33/><N who="0" m="31264" /><T120/><N who="0" m="30752" /><T106/><D33/><U53/><E74/><V131/><F103/><T114/><D106/><U78/><E100/><V57/><F95/><T110/><D65/><U39/><E39/><V121/><N who="2" m="31008" /><V130/><F67/><T58/><D80/><U81/><E81/><V66/><F66/><T79/><D79/><U107/><E107/><V32/><F32/><T101/><D101/><U84/><E53/><V86/><F86/><T40/><D55/><U52/><E52/><V102/><F102/><T134/><D134/><U72/><E72/><V48/><F48/><T133/><D133/><U104/><E104/><V49/><F49/><T71/><D71/><U135/><E84/><V46/><F46/><N who="0" m="18026" /><D40/><U82/><E82/><V124/><F124/><T0/><D0/><U99/><E99/><V37/><AGARI ba="0,0" hai="36,37,41,43,57,59,68,70,112,115,125,127,130,131" m="31008" machi="37" ten="25,9000,2" yaku="0,1,22,2,34,3,52,1" doraHai="89" who="2" fromWho="2" sc="356,-30,611,-60,83,90,0,0" /><INIT seed="6,0,0,5,2,121" ten="326,551,173,0" oya="2" hai0="48,54,84,77,82,113,51,71,37,47,101,100,2" hai1="56,95,120,130,0,133,61,110,43,72,60,129,86" hai2="55,53,102,40,125,81,91,85,131,3,87,123,109" hai3=""/><V46/><N who="2" m="31520" /><V68/><F3/><T117/><D117/><U114/><N who="1" m="30752" /><U80/><E0/><V90/><F125/><T34/><D2/><U135/><E72/><V33/><F33/><T124/><D34/><U106/><E106/><V66/><F131/><N who="1" m="50185" /><E114/><V65/><F102/><T36/><D71/><U108/><E43/><V115/><F115/><T44/><D124/><U88/><E80/><V58/><F68/><T79/><D113/><U107/><E107/><V45/><F109/><N who="1" m="42089" /><E60/><V103/><F103/><T132/><D132/><U35/><E35/><V92/><F53/><AGARI ba="0,0" hai="53,56,61,86,88,95,133,135" m="42089,50185,30752" machi="53" ten="30,12000,2" yaku="19,1,52,4,54,1" doraHai="121" who="1" fromWho="2" sc="326,0,551,120,173,-120,0,0" owari="326,-7.0,671,62.0,53,-55.0,0,0.0" /></mjloggm>