<mjloggm ver="2.3"><GO type="169" lobby="0"/><UN n0="%E3%81%BB%E3%83%BC%E3%82%8A%E3%83%BC" n1="%E6%A0%B9%E5%85%83%E3%81%8B%E3%82%89%E5%90%B9%E3%81%A3%E9%A3%9B%E3%81%B6" n2="%31%74%61" n3="%E9%87%8E%E8%89%AF%E7%8C%AB%E3%83%AD%E3%83%83%E3%82%AF" dan="16,17,17,16" rate="2139.63,2173.40,2180.53,2223.64" sx="M,F,M,M"/><TAIKYOKU oya="0"/><INIT seed="0,0,0,5,5,20" ten="250,250,250,250" oya="0" hai0="92,28,122,126,17,39,132,61,81,84,36,77,131" hai1="14,44,73,117,101,82,98,129,102,120,97,109,83" hai2="41,46,12,58,4,115,105,40,75,94,27,78,7" hai3="21,113,99,16,89,26,80,88,49,52,107,112,25"/><T11/><D122/><U2/><E2/><V22/><F105/><W69/><G69/><T119/><D119/><U123/><E44/><V65/><F115/><W72/><G112/><T67/><D131/><U5/><E5/><N who="2" m="2123" /><F75/><W9/><G113/><T1/><D126/><U38/><E38/><V31/><F78/><W6/><G26/><T23/><D132/><U79/><E14/><V121/><F121/><N who="1" m="46665" /><E117/><V124/><F124/><W29/><G29/><T127/><D127/><U59/><E59/><V128/><F128/><W91/><G107/><T111/><D111/><U135/><E129/><V87/><F46/><N who="3" m="27703" /><G72/><T66/><D66/><U60/><E60/><N who="2" m="38039" /><F12/><N who="3" m="5175" /><G99/><N who="1" m="37898" /><E109/><V114/><F114/><W54/><G54/><T100/><D1/><U70/><E70/><V95/><F87/><AGARI ba="0,0" hai="16,21,25,80,87,88,89,91" m="5175,27703" machi="87" ten="30,8000,1" yaku="8,1,52,1,54,3" doraHai="20" who="3" fromWho="2" sc="250,0,250,0,250,-80,250,80" /><INIT seed="1,0,0,2,5,87" ten="250,250,170,330" oya="1" hai0="27,15,114,127,78,79,133,19,11,16,119,30,122" hai1="51,94,126,18,41,4,86,14,97,121,101,0,34" hai2="10,69,81,89,9,112,129,72,95,104,26,7,56" hai3="85,17,31,71,70,118,108,80,37,33,50,107,46"/><U42/><E121/><V90/><F69/><W24/><G108/><T13/><D79/><U96/><E126/><V63/><F104/><W5/><G118/><T21/><D78/><U131/><E131/><V123/><F129/><W110/><G110/><T82/><D82/><U84/><E34/><V93/><F123/><W130/><G107/><T39/><D39/><U74/><E74/><V73/><F112/><W65/><G37/><T29/><D119/><U124/><E124/><V35/><F81/><W43/><G130/><T40/><D40/><N who="1" m="15467" /><E0/><V38/><F38/><W53/><G65/><T12/><D127/><U55/><E4/><V102/><F102/><W20/><G5/><N who="0" m="3183" /><D122/><U54/><E97/><V61/><F35/><W98/><G98/><T45/><D45/><N who="1" m="28015" /><E55/><V8/><F7/><W6/><G6/><T134/><D114/><U105/><E105/><V88/><F26/><W25/><REACH who="3" step="1"/><G43/><REACH who="3" ten="250,250,170,320" step="2"/><T36/><D36/><U115/><E115/><V76/><F76/><AGARI ba="0,1" hai="17,20,24,25,31,33,46,50,53,70,71,76,80,85" machi="76" ten="30,8000,1" yaku="1,1,2,1,7,1,53,2" doraHai="87" doraHaiUra="23" who="3" fromWho="2" sc="250,0,250,0,170,-80,320,90" /><INIT seed="2,0,0,3,2,66" ten="250,250,90,410" oya="2" hai0="91,126,117,42,43,11,54,102,21,36,4,109,38" hai1="95,47,1,76,116,135,100,61,122,125,87,2,39" hai2="46,56,60,12,50,20,92,35,90,129,32,49,0" hai3="69,74,72,121,63,107,106,85,6,110,27,18,77"/><V80/><F129/><W57/><G121/><T82/><D102/><U26/><E116/><V86/><F0/><W133/><G133/><T58/><D38/><U120/><E135/><V71/><F71/><W96/><G6/><T119/><D36/><U9/><E125/><V15/><F35/><W67/><G110/><T34/><D34/><U10/><E61/><V70/><F70/><W98/><G57/><T79/><D91/><N who="1" m="53759" /><E26/><V118/><F32/><W89/><G18/><T131/><D21/><U14/><E100/><V45/><F118/><N who="0" m="45066" /><D109/><U93/><E93/><V53/><F20/><W8/><G27/><T78/><D126/><U62/><E62/><V88/><F50/><W30/><G30/><T13/><D131/><U103/><E76/><N who="0" m="29225" /><D82/><U113/><E103/><V28/><F28/><W37/><G77/><T101/><D101/><U40/><E10/><V94/><F80/><W114/><G8/><T81/><D81/><U130/><E130/><V105/><F105/><W59/><G106/><T112/><D112/><U83/><E83/><V123/><F123/><N who="1" m="47145" /><E113/><V24/><F24/><W7/><G114/><T115/><D115/><U51/><E39/><V128/><F128/><W41/><G37/><T17/><D4/><AGARI ba="0,0" hai="1,2,4,9,14,40,47,51" m="47145,53759" machi="4" ten="30,1000,0" yaku="13,1" doraHai="66" who="1" fromWho="0" sc="250,-10,250,10,90,0,410,0" /><INIT seed="3,0,0,1,2,43" ten="240,260,90,410" oya="3" hai0="66,50,84,100,134,52,26,122,54,15,17,109,6" hai1="13,118,68,113,51,104,61,9,34,106,57,46,110" hai2="105,33,21,60,41,36,0,27,11,73,87,102,107" hai3="120,72,23,62,67,131,10,12,69,76,65,97,77"/><W30/><G120/><T4/><D122/><U55/><E113/><V29/><F87/><W31/><G131/><T133/><D66/><U16/><E110/><V42/><F42/><W3/><G3/><T95/><D26/><U132/><E132/><N who="0" m="50793" /><D109/><U28/><E118/><V127/><F127/><W74/><G65/><T53/><D50/><U83/><E68/><V5/><F60/><W22/><G97/><N who="0" m="59455" /><D84/><U38/><E38/><V89/><F89/><W20/><G76/><T90/><D90/><U93/><E93/><V75/><F21/><AGARI ba="0,0" hai="4,6,15,17,21,52,53,54" m="59455,50793" machi="21" ten="30,2000,0" yaku="20,1,54,1" doraHai="43" who="0" fromWho="2" sc="240,20,260,0,90,-20,410,0" /><INIT seed="4,0,0,1,0,37" ten="260,260,70,410" oya="0" hai0="133,105,130,64,42,61,75,15,83,116,97,110,6" hai1="125,26,25,45,12,57,10,58,55,53,72,104,41" hai2="70,115,118,48,49,54,44,95,7,119,127,68,135" hai3="59,132,81,98,99,122,47,93,34,23,126,17,108"/><T51/><D116/><N who="2" m="44586" /><F7/><W43/><G34/><T30/><D30/><U66/><E72/><V129/><F115/><W85/><G108/><T11/><D130/><U78/><E104/><V112/><F112/><W67/><G126/><T113/><D133/><U5/><E78/><V18/><F18/><W38/><G132/><T27/><D27/><U106/><E106/><V13/><F13/><W92/><G122/><T80/><D75/><U128/><E128/><V52/><F135/><W88/><G67/><T96/><D110/><U76/><E76/><V123/><F95/><W29/><G59/><N who="1" m="22538" /><E66/><V87/><F87/><W71/><G29/><T19/><D6/><U100/><E100/><V0/><F0/><W2/><G71/><N who="2" m="27177" /><F129/><W16/><G2/><T50/><D105/><U84/><E84/><V56/><F127/><W24/><G17/><T117/><D113/><U120/><E26/><V33/><F33/><W94/><AGARI ba="0,0" hai="16,23,24,38,43,47,81,85,88,92,93,94,98,99" machi="94" ten="30,7900,0" yaku="0,1,52,1,54,2" doraHai="37" who="3" fromWho="3" sc="260,-39,260,-20,70,-20,410,79" /><INIT seed="5,0,0,1,3,105" ten="221,240,50,489" oya="1" hai0="35,45,36,21,120,59,54,19,74,1,44,102,63" hai1="22,126,128,51,95,71,122,98,18,16,135,24,92" hai2="112,99,79,42,97,26,60,7,89,47,82,117,96" hai3="53,115,34,38,28,64,90,78,56,114,5,29,113"/><U116/><E122/><V3/><F117/><W132/><G132/><T69/><D35/><U94/><E116/><V57/><F112/><W100/><G38/><T83/><D1/><U87/><E135/><V91/><F26/><W11/><G34/><T30/><D30/><U77/><E126/><V27/><F27/><W55/><G100/><T131/><D102/><U68/><E128/><V124/><F124/><W33/><G33/><T8/><D8/><U2/><E2/><V50/><F7/><W0/><G64/><T110/><D110/><U125/><E125/><V25/><F25/><W104/><G104/><T118/><D118/><U133/><E133/><V20/><F20/><W111/><G111/><T70/><D131/><U48/><E18/><V103/><F103/><W86/><G78/><T75/><D83/><N who="1" m="47599" /><E71/><V49/><F49/><N who="1" m="19017" /><E68/><N who="0" m="26217" /><D36/><U106/><E106/><V52/><REACH who="2" step="1"/><F3/><REACH who="2" ten="221,240,40,489" step="2"/><W43/><G0/><T121/><D21/><U10/><E10/><V129/><F129/><W134/><G11/><T46/><D19/><U9/><E9/><V123/><F123/><AGARI ba="0,1" hai="44,45,46,54,59,63,74,75,120,121,123" m="26217" machi="123" ten="40,5200,0" yaku="13,1,52,2" doraHai="105" who="0" fromWho="2" sc="221,62,240,0,40,-52,489,0" owari="283,8.0,240,-16.0,-12,-51.0,489,59.0" /></mjloggm>