<mjloggm ver="2.3"><GO type="185" lobby="0"/><UN n0="%EF%BC%AA%EF%BD%95%EF%BD%87%EF%BD%8F" n1="%44%75%73%6B" n2="%E3%83%A1%E3%83%95%E3%82%A3%E3%82%B9%E3%83%88%E2%85%A1" n3="" dan="16,16,16,0" rate="2223.36,2174.38,2145.57,1500.00" sx="M,M,M,C"/><TAIKYOKU oya="0"/><INIT seed="0,0,0,1,3,134" ten="350,350,350,0" oya="0" hai0="101,131,41,85,62,66,32,100,36,135,88,52,112" hai1="122,1,81,38,130,91,114,120,75,60,116,51,103" hai2="70,105,68,35,53,73,119,97,80,87,37,79,108" hai3=""/><T96/><D32/><U3/><N who="1" m="30752" /><U69/><N who="1" m="31264" /><U72/><E38/><V90/><F35/><T92/><D112/><U33/><E33/><V125/><F37/><T82/><D135/><U128/><E116/><V46/><F108/><T118/><D118/><U115/><E103/><V67/><F119/><T74/><D131/><N who="1" m="50219" /><E51/><V99/><F99/><T54/><D101/><U50/><E50/><V129/><F129/><T84/><D41/><U34/><E34/><V121/><N who="2" m="31008" /><V57/><F46/><T77/><D36/><U43/><E43/><V63/><F70/><T94/><REACH who="0" step="1"/><D74/><REACH who="0" ten="340,350,350,0" step="2"/><N who="1" m="28203" /><E115/><V42/><F42/><T44/><D44/><U56/><E114/><V113/><F113/><T47/><D47/><U78/><E69/><AGARI ba="0,1" hai="52,54,62,66,69,77,82,84,85,88,92,94,96,100" machi="69" ten="30,11600,0" yaku="1,1,7,1,54,2,53,0" doraHai="134" doraHaiUra="107" who="0" fromWho="1" sc="340,126,350,-116,350,0,0,0" /><INIT seed="0,1,0,0,4,63" ten="466,234,350,0" oya="0" hai0="42,39,99,56,41,33,73,76,106,35,75,131,135" hai1="129,96,101,66,36,46,123,82,97,60,51,49,74" hai2="114,124,38,130,110,95,34,117,121,43,93,61,108" hai3=""/><T88/><D131/><U103/><N who="1" m="31520" /><U53/><E129/><V89/><N who="2" m="31008" /><V81/><F130/><T59/><D135/><U94/><E36/><V133/><F34/><T83/><D75/><U104/><E74/><V128/><F128/><T62/><D56/><U67/><E82/><V92/><F114/><T52/><D106/><U77/><E77/><V98/><F124/><T2/><D2/><U111/><E111/><V102/><F133/><T91/><D91/><U55/><E60/><V79/><F38/><T127/><D127/><U87/><E87/><V120/><N who="2" m="30752" /><V116/><F43/><T57/><D42/><U70/><E70/><V68/><F61/><T50/><D39/><U72/><E72/><V118/><F68/><T69/><D69/><U107/><E94/><N who="2" m="36459" /><F102/><T64/><D41/><U119/><E119/><V132/><F132/><T100/><D100/><U37/><E37/><V54/><F54/><T86/><REACH who="0" step="1"/><D99/><REACH who="0" ten="456,234,350,0" step="2"/><U0/><E0/><V1/><F1/><T80/><AGARI ba="1,1" hai="33,35,50,52,57,59,62,64,73,76,80,83,86,88" machi="80" ten="20,12000,2" yaku="1,1,2,1,0,1,7,1,52,1,54,2,53,0" doraHai="63" doraHaiUra="126" who="0" fromWho="0" sc="456,132,234,-61,350,-61,0,0" /><INIT seed="0,2,0,1,1,1" ten="588,173,289,0" oya="0" hai0="80,44,97,111,53,135,35,56,110,64,75,3,127" hai1="47,109,134,121,51,96,132,101,73,70,63,78,36" hai2="104,55,66,46,48,120,107,105,0,84,38,85,131" hai3=""/><T83/><D3/><U98/><N who="1" m="31008" /><U67/><E109/><N who="0" m="41481" /><D135/><N who="1" m="51755" /><E36/><V128/><N who="2" m="30752" /><V92/><F0/><T103/><D127/><U50/><E47/><V69/><F38/><T126/><D126/><U54/><E54/><V86/><F92/><T112/><D112/><U115/><E115/><V114/><F114/><T125/><D125/><U32/><E32/><V43/><F55/><T65/><D35/><U41/><E41/><V130/><F66/><N who="0" m="25706" /><D75/><U81/><E98/><V59/><F59/><T113/><D44/><U49/><E49/><V72/><F72/><T57/><D113/><U118/><E118/><V106/><N who="2" m="27136" /><DORA hai="117" /><V91/><REACH who="2" step="1"/><F91/><REACH who="2" ten="588,173,279,0" step="2"/><T108/><D108/><U124/><E124/><V37/><F37/><T52/><D57/><U116/><E116/><V88/><F88/><T40/><D40/><U122/><N who="1" m="31264" /><U93/><AGARI ba="2,1" hai="50,51,63,67,70,73,78,81,93,96,101" m="31264,51755,31008" machi="93" ten="30,9000,2" yaku="4,1,20,1,52,4" doraHai="1,117" who="1" fromWho="1" sc="588,-62,173,104,279,-32,0,0" /><INIT seed="1,0,0,3,1,117" ten="526,277,247,0" oya="1" hai0="116,134,89,63,112,78,114,86,92,95,51,127,37" hai1="58,62,70,2,135,57,75,80,68,43,110,34,102" hai2="64,131,101,90,106,130,49,47,35,100,85,124,77" hai3=""/><U98/><E34/><V108/><F35/><T54/><D37/><U115/><E115/><V42/><F108/><T99/><D116/><U38/><E110/><V59/><F77/><T1/><D1/><U125/><E2/><V76/><F76/><T93/><D134/><U48/><E135/><V122/><N who="2" m="31264" /><V60/><F124/><T81/><D127/><U69/><E125/><V67/><F64/><T32/><D32/><U79/><E38/><V61/><F61/><T52/><D114/><U71/><N who="1" m="17920" /><DORA hai="91" /><U44/><REACH who="1" step="1"/><E62/><REACH who="1" ten="526,267,247,0" step="2"/><V83/><REACH who="2" step="1"/><F106/><AGARI ba="0,1" hai="43,44,48,57,58,75,79,80,98,102,106" m="17920" machi="106" ten="70,12000,1" yaku="1,1,2,1,53,1" doraHai="117,91" doraHaiUra="107,118" who="1" fromWho="2" sc="526,0,267,130,247,-120,0,0" /><INIT seed="1,1,0,3,4,55" ten="526,397,127,0" oya="1" hai0="59,108,71,35,104,53,50,43,114,51,65,120,60" hai1="41,79,133,128,40,3,99,73,52,64,112,32,72" hai2="113,117,1,126,82,58,47,39,110,54,42,88,44" hai3=""/><U95/><E112/><V49/><F1/><T131/><N who="0" m="30752" /><T77/><D104/><U123/><N who="1" m="31520" /><U107/><E32/><V115/><F117/><T132/><D77/><U91/><E3/><V101/><F101/><T33/><D33/><U48/><E133/><V103/><F103/><T92/><D92/><U130/><E107/><V96/><F126/><T109/><D35/><U111/><E111/><N who="0" m="42569" /><D114/><N who="2" m="43530" /><F110/><T37/><D131/><N who="1" m="50219" /><E64/><V63/><F96/><T105/><D105/><U56/><E79/><V83/><F88/><T97/><D97/><U68/><E68/><V98/><F98/><T121/><N who="0" m="31008" /><T74/><D74/><AGARI ba="1,0" hai="40,41,48,52,56,72,73,74,91,95,99" m="50219,31520" machi="74" ten="30,11600,0" yaku="19,1,52,2,54,1" doraHai="55" who="1" fromWho="0" sc="526,-118,397,118,127,0,0,0" /><INIT seed="1,2,0,2,3,105" ten="408,515,127,0" oya="1" hai0="53,66,98,120,95,76,1,79,40,86,122,58,112" hai1="89,44,52,91,94,133,130,115,101,77,132,107,87" hai2="116,61,41,2,118,125,70,55,92,80,71,117,97" hai3=""/><U103/><E115/><V74/><F2/><T121/><N who="0" m="30752" /><T109/><N who="0" m="31008" /><T108/><N who="0" m="31264" /><T128/><D1/><U36/><E130/><V85/><F41/><T62/><D112/><U34/><E34/><V69/><F125/><T131/><D40/><U43/><E77/><N who="0" m="29769" /><D86/><U56/><E91/><V72/><F55/><T37/><D66/><U38/><E38/><V96/><F61/><T124/><D37/><U32/><E32/><V65/><F65/><T111/><D124/><U60/><REACH who="1" step="1"/><E107/><REACH who="1" ten="408,505,127,0" step="2"/><V82/><F118/><T99/><D99/><U90/><E90/><AGARI ba="2,1" hai="53,58,62,90,95,98,108,109,111,128,131" m="29769,31264,31008,30752" machi="90" ten="40,8000,1" yaku="14,1,52,3" doraHai="105" who="0" fromWho="1" sc="408,94,505,-84,127,0,0,0" /><INIT seed="2,0,0,4,4,69" ten="502,421,127,0" oya="2" hai0="100,110,82,79,92,127,101,54,45,94,111,52,43" hai1="112,66,39,77,134,84,41,37,36,3,126,51,40" hai2="90,59,81,113,49,53,125,1,68,115,75,103,50" hai3=""/><V98/><F1/><T119/><D119/><U133/><E112/><V86/><F125/><T55/><D127/><U91/><E126/><V76/><F68/><T35/><D35/><U132/><E77/><V122/><N who="2" m="31264" /><V120/><N who="2" m="30752" /><V116/><F49/><T63/><D63/><U73/><E73/><V128/><F116/><T62/><D62/><U135/><E3/><V107/><REACH who="2" step="1"/><F128/><REACH who="2" ten="502,421,117,0" step="2"/><T95/><D45/><U99/><E51/><V117/><F117/><T72/><REACH who="0" step="1"/><D43/><REACH who="0" ten="492,421,117,0" step="2"/><U74/><E135/><V64/><F64/><T118/><D118/><U89/><E41/><V34/><F34/><T42/><D42/><U0/><E40/><V65/><F65/><T114/><D114/><U102/><E66/><V47/><F47/><T123/><N who="0" m="31520" /><T97/><D97/><U46/><E46/><V106/><F106/><T124/><D124/><U83/><E0/><V58/><F58/><T33/><D33/><U56/><E56/><V60/><F60/><T93/><N who="0" m="23552" /><DORA hai="109" /><T130/><D130/><U131/><E131/><V78/><F78/><T121/><N who="0" m="31008" /><T70/><D70/><U57/><E57/><V129/><F129/><T104/><D104/><U67/><E67/><V44/><F44/><T48/><D48/><RYUUKYOKU ba="0,2" sc="492,10,421,-20,117,10,0,0" hai0="52,54,55,72,79,82,100,101,110,111" hai2="50,53,59,75,76,81,86,90,98,103,107,113,115" /><INIT seed="2,1,2,0,4,62" ten="502,401,127,0" oya="2" hai0="72,66,125,44,70,59,91,87,132,37,82,77,130" hai1="100,85,65,121,109,103,99,74,79,68,131,51,111" hai2="45,104,88,56,95,53,122,52,71,2,35,128,63" hai3=""/><V127/><N who="2" m="31264" /><V89/><F35/><T90/><D130/><U117/><N who="1" m="31008" /><U94/><E117/><V81/><F2/><T34/><D34/><U108/><E131/><V92/><F128/><T49/><D37/><U119/><E119/><V106/><F81/><T113/><D132/><U86/><E51/><V32/><F32/><T76/><D70/><U98/><E68/><V57/><F71/><T39/><D39/><U123/><N who="1" m="31520" /><U78/><E65/><V129/><F129/><T126/><D113/><U41/><E41/><V55/><F53/><T107/><D107/><U47/><E47/><V54/><F55/><T73/><D73/><U46/><E46/><V69/><F69/><T135/><D135/><U33/><E33/><V133/><F133/><T84/><D72/><U67/><E67/><V110/><F45/><T0/><D0/><U83/><E78/><V75/><F63/><T93/><D126/><U3/><E3/><V134/><F134/><T105/><D125/><U112/><E112/><V102/><F127/><T101/><D66/><U61/><E61/><V124/><F124/><T1/><D1/><U58/><E58/><V80/><F57/><T120/><N who="0" m="30752" /><T97/><D59/><U36/><E36/><RYUUKYOKU ba="1,2" sc="502,10,401,10,127,-20,0,0" hai0="44,49,76,77,82,84,87,90,91,93,97,101,105" hai1="74,79,83,85,86,94,98,99,100,103,108,109,111" /><INIT seed="4,2,2,3,5,80" ten="512,411,107,0" oya="0" hai0="82,36,86,95,93,116,63,62,91,125,67,94,73" hai1="61,56,120,132,124,102,111,69,34,119,33,54,50" hai2="75,60,72,49,51,122,59,101,100,128,105,90,39" hai3=""/><T1/><D1/><U130/><N who="1" m="30752" /><U98/><E111/><V52/><N who="2" m="31264" /><V103/><F105/><T0/><D0/><U78/><E119/><V135/><F128/><T134/><D36/><U37/><E130/><V126/><F135/><T74/><D116/><U118/><E132/><V97/><F39/><T117/><D117/><U127/><E118/><V88/><F126/><N who="1" m="48169" /><E37/><V107/><F107/><T3/><D3/><U112/><E78/><V129/><F129/><T84/><D134/><U43/><E112/><V66/><F51/><T70/><D125/><U32/><E43/><V108/><F108/><T106/><D106/><U115/><E115/><V81/><F97/><T65/><REACH who="0" step="1"/><D86/><REACH who="0" ten="502,411,107,0" step="2"/><U58/><E69/><AGARI ba="2,3" hai="62,63,65,67,69,70,73,74,82,84,91,93,94,95" machi="69" ten="40,12000,1" yaku="1,1,2,1,9,1,52,1,53,0" doraHai="80" doraHaiUra="55" who="0" fromWho="1" sc="502,154,411,-124,107,0,0,0" /><INIT seed="4,3,0,4,4,38" ten="656,287,107,0" oya="0" hai0="93,134,60,125,132,71,73,123,45,82,87,100,94" hai1="96,62,51,108,120,69,101,84,81,116,53,91,48" hai2="40,122,103,92,95,2,90,57,75,64,66,58,78" hai3=""/><T115/><N who="0" m="31520" /><T77/><D71/><U54/><N who="1" m="30752" /><U104/><E108/><V85/><N who="2" m="31264" /><V42/><F2/><T49/><D60/><U41/><E116/><V61/><F75/><T44/><D115/><U133/><E133/><N who="0" m="51305" /><D125/><U76/><E51/><V3/><F3/><T112/><D112/><U68/><E62/><V74/><F74/><T80/><D100/><U39/><E39/><V67/><F78/><T70/><D70/><U63/><E63/><V98/><REACH who="2" step="1"/><F61/><REACH who="2" ten="656,287,97,0" step="2"/><T97/><D77/><U121/><N who="1" m="31008" /><U128/><E128/><V102/><F102/><T114/><D73/><U79/><E76/><V131/><F131/><T118/><D114/><U129/><E79/><V126/><F126/><T35/><D118/><U1/><E129/><V50/><F50/><T56/><D49/><U110/><E1/><V55/><F55/><T83/><D35/><U113/><E113/><V99/><F99/><T37/><D37/><U117/><E117/><V88/><F88/><T127/><D127/><U124/><E124/><V86/><F86/><T109/><D97/><U119/><E119/><V130/><F130/><T72/><D72/><U106/><E96/><V59/><AGARI ba="3,1" hai="40,42,57,58,59,64,66,67,85,90,92,95,98,103" m="31264" machi="59" ten="30,12000,3" yaku="1,1,0,1,8,1,52,3,53,2" doraHai="38" doraHaiUra="36" who="2" fromWho="2" sc="656,-83,287,-43,97,136,0,0" /><INIT seed="5,0,0,5,3,59" ten="573,244,233,0" oya="1" hai0="115,100,69,130,70,129,65,42,78,40,60,116,135" hai1="125,131,32,46,52,66,110,118,120,58,105,77,50" hai2="124,1,104,67,111,51,48,39,56,126,87,93,88" hai3=""/><U133/><N who="1" m="30752" /><U94/><E118/><V121/><N who="2" m="31008" /><V38/><F111/><T119/><D100/><U34/><E105/><V85/><F104/><T54/><D78/><U128/><E110/><V95/><F1/><T82/><D82/><U103/><E133/><V3/><F3/><T53/><D135/><U37/><E77/><V0/><F0/><T127/><D127/><N who="2" m="48682" /><F67/><T108/><D108/><U71/><E125/><V122/><N who="2" m="31264" /><V80/><F95/><T76/><D76/><U33/><E103/><V49/><F56/><T79/><D79/><AGARI ba="0,0" hai="38,39,48,49,51,79,80,85,87,88,93" m="31264,48682,31008" machi="79" ten="30,7700,0" yaku="18,1,52,2,54,1" doraHai="59" who="2" fromWho="0" sc="573,-77,244,0,233,77,0,0" /><INIT seed="6,0,0,3,0,1" ten="496,244,310,0" oya="2" hai0="34,59,84,73,85,36,113,100,82,135,32,129,93" hai1="70,44,64,77,96,89,81,110,79,45,50,51,42" hai2="125,126,97,52,102,112,71,62,105,67,80,121,120" hai3=""/><V94/><N who="2" m="30752" /><V54/><N who="2" m="31008" /><V109/><F112/><T128/><D113/><U0/><E0/><V75/><F109/><T39/><D73/><U63/><E110/><V116/><F116/><T43/><D135/><U134/><E134/><V95/><F75/><T61/><D100/><U104/><E104/><V114/><F114/><T74/><D93/><N who="2" m="35338" /><F80/><T98/><D98/><U40/><E96/><V123/><N who="2" m="31520" /><V49/><F49/><T60/><D74/><U55/><REACH who="1" step="1"/><E55/><REACH who="1" ten="496,234,310,0" step="2"/><V46/><F46/><T72/><D129/><U127/><E127/><AGARI ba="0,1" hai="52,54,62,67,71,97,102,105,125,126,127" m="31520,35338,31008,30752" machi="127" ten="30,12000,1" yaku="18,1,52,3,54,1" doraHai="1" who="2" fromWho="1" sc="496,0,234,-120,310,130,0,0" /><INIT seed="6,1,0,1,2,81" ten="496,114,440,0" oya="2" hai0="0,40,79,84,131,46,128,53,94,48,72,112,107" hai1="62,39,43,135,2,130,109,76,78,55,132,41,98" hai2="60,51,87,100,86,59,82,90,58,101,133,125,127" hai3=""/><V116/><F116/><T54/><D0/><U115/><E2/><V63/><F51/><T88/><D107/><U108/><E109/><V121/><N who="2" m="31008" /><V119/><F119/><T95/><D112/><U77/><E108/><V61/><F133/><N who="1" m="51273" /><E115/><V118/><F118/><T44/><D95/><U97/><E130/><N who="0" m="49705" /><D46/><U89/><E39/><V91/><F63/><T83/><AGARI ba="1,0" hai="40,44,48,53,54,72,79,83,84,88,94" m="49705" machi="83" ten="30,3000,0" yaku="19,1,52,1,54,1" doraHai="81" who="0" fromWho="0" sc="496,32,114,-11,440,-21,0,0" owari="528,48.0,103,-50.0,419,2.0,0,0.0" /></mjloggm>