<mjloggm ver="2.3"><GO type="225" lobby="0"/><UN n0="%E5%B7%A5%E8%97%A4%E6%96%B0%E4%B8%80" n1="%E3%83%A2%E3%83%83%E3%83%83%E3%83%83%E3%83%83%E3%83%83%E3%82%B3%E3%82%B9" n2="%E3%83%95%E3%82%B5%E3%82%A6%E3%83%9F%E3%82%B3%E3%83%83%E3%83%97" n3="%E3%83%A2%E3%82%B0%E3%83%9E%E3%83%AA%E3%83%A2" dan="16,16,17,16" rate="2084.43,2072.69,2266.46,2143.68" sx="M,M,M,M"/><TAIKYOKU oya="0"/><INIT seed="0,0,0,3,3,121" ten="250,250,250,250" oya="0" hai0="67,55,60,54,106,11,20,19,68,87,105,61,26" hai1="34,112,56,97,4,115,102,23,101,45,75,79,41" hai2="31,12,81,90,123,7,132,83,86,113,99,37,9" hai3="103,14,40,43,73,85,59,52,46,25,88,10,84"/><T109/><D109/><U100/><E34/><V80/><F132/><W78/><G73/><T110/><D110/><U134/><E134/><V91/><F123/><W53/><G103/><T65/><D11/><U74/><E4/><V93/><F113/><N who="1" m="43593" /><E56/><V3/><F37/><W58/><G25/><T71/><REACH who="0" step="1"/><D87/><REACH who="0" ten="240,250,250,250" step="2"/><U125/><E75/><V89/><F86/><W62/><G78/><T64/><D64/><U42/><E74/><V63/><F3/><W13/><G10/><T0/><D0/><U120/><E79/><V39/><F9/><W94/><G84/><T17/><D17/><U70/><E125/><V32/><F7/><W98/><G85/><T44/><D44/><U104/><E45/><V133/><F133/><W116/><G116/><T127/><D127/><U108/><E108/><V69/><F31/><W8/><G8/><T76/><D76/><U82/><E120/><V95/><F99/><W18/><G46/><T33/><D33/><U131/><E97/><V5/><F32/><W1/><G1/><T77/><D77/><U22/><E131/><V57/><F5/><W51/><G18/><T128/><D128/><U27/><E82/><V92/><F83/><W2/><G2/><T129/><D129/><U38/><E23/><V36/><F81/><W107/><G107/><AGARI ba="0,1" hai="19,20,26,54,55,60,61,65,67,68,71,105,106,107" machi="107" ten="40,12000,1" yaku="1,1,9,1,53,2" doraHai="121" doraHaiUra="50" who="0" fromWho="3" sc="240,130,250,0,250,0,250,-120" /><INIT seed="0,1,0,0,1,54" ten="370,250,250,130" oya="0" hai0="128,58,21,31,123,111,95,59,131,14,120,107,73" hai1="17,110,35,109,19,133,20,104,101,115,96,24,55" hai2="74,44,82,105,64,126,68,51,40,70,97,49,119" hai3="84,45,36,23,27,108,90,2,9,62,22,6,18"/><T112/><D107/><U48/><E133/><V98/><F126/><W71/><G108/><N who="1" m="41578" /><E35/><V8/><F119/><W39/><G45/><T135/><D111/><U66/><E66/><V122/><F122/><N who="0" m="46634" /><D112/><U67/><E67/><V46/><F105/><W118/><G118/><T85/><D73/><U0/><E0/><V129/><F129/><N who="0" m="49738" /><D135/><U132/><E132/><V63/><F70/><W113/><G113/><T94/><D14/><U80/><E80/><V4/><F82/><W72/><G72/><T92/><D85/><U34/><E34/><V41/><REACH who="2" step="1"/><F74/><REACH who="2" ten="370,250,240,130" step="2"/><W76/><G71/><T99/><D99/><U5/><E96/><V65/><F65/><W1/><G84/><T29/><D21/><U52/><E104/><V69/><F69/><W60/><G22/><T93/><N who="0" m="23552" /><DORA hai="79" /><T16/><D16/><U88/><E19/><V56/><F56/><AGARI ba="1,1" hai="29,31,56,58,59" m="23552,49738,46634" machi="56" ten="50,18000,2" yaku="28,2,19,1,52,3" doraHai="54,79" who="0" fromWho="2" sc="370,193,250,0,240,-183,130,0" /><INIT seed="0,2,0,3,5,16" ten="563,250,57,130" oya="0" hai0="25,29,2,43,119,113,106,12,56,87,24,92,104" hai1="103,116,115,31,61,112,100,97,27,128,15,17,7" hai2="126,102,88,72,18,8,51,52,109,22,129,71,67" hai3="23,73,9,123,54,68,118,50,6,13,132,62,14"/><T101/><D113/><N who="1" m="43595" /><E116/><V111/><F72/><W85/><G118/><T74/><D119/><U122/><E128/><V96/><F129/><W78/><G73/><T120/><D120/><U84/><E122/><V32/><F32/><W34/><G34/><T48/><D2/><U99/><E7/><V114/><F114/><W82/><G123/><T65/><D74/><U53/><E84/><V117/><F117/><W66/><G132/><T94/><D12/><U30/><E99/><V44/><F126/><W28/><G14/><T11/><D11/><U95/><E103/><V38/><F8/><W33/><G33/><T89/><D43/><U105/><E105/><V134/><F134/><W69/><G69/><T39/><D39/><U41/><E41/><V135/><F135/><W5/><G5/><T21/><D25/><U45/><E27/><N who="2" m="14807" /><F38/><W80/><G80/><T131/><D131/><U63/><E31/><V79/><F79/><W0/><G28/><T4/><D4/><U37/><E30/><V10/><F10/><W98/><G98/><T83/><D83/><U127/><E37/><V77/><F77/><W55/><REACH who="3" step="1"/><G50/><REACH who="3" ten="563,250,57,120" step="2"/><T86/><D48/><N who="1" m="28815" /><E127/><V3/><F3/><W93/><G93/><T47/><D94/><U40/><E95/><N who="2" m="56423" /><F102/><W58/><G58/><T125/><D101/><U26/><E100/><V49/><F49/><W108/><G108/><N who="2" m="41545" /><F71/><W90/><G90/><T110/><D125/><U91/><E91/><V57/><F57/><W20/><G20/><T107/><D110/><U81/><E97/><V75/><F75/><W46/><G46/><T1/><D47/><RYUUKYOKU ba="2,1" sc="563,-15,250,-15,57,15,120,15" hai2="44,51,52,67" hai3="0,6,9,13,23,54,55,62,66,68,78,82,85" /><INIT seed="1,3,1,3,2,13" ten="548,235,72,135" oya="1" hai0="27,83,129,90,45,108,2,24,51,94,84,124,68" hai1="48,44,118,8,104,109,111,12,65,131,43,110,97" hai2="25,32,130,114,11,20,18,119,81,5,64,55,54" hai3="82,74,116,59,100,10,123,87,1,7,16,126,36"/><U39/><E118/><V103/><F119/><W72/><G123/><T88/><D108/><U70/><E131/><V132/><F130/><W75/><G116/><T105/><D129/><U15/><E39/><V117/><F117/><W23/><G126/><T28/><D124/><U31/><E31/><V33/><F132/><W99/><G36/><T50/><D105/><U41/><E41/><V35/><F114/><W107/><G59/><T76/><D68/><U61/><REACH who="1" step="1"/><E8/><REACH who="1" ten="548,225,72,135" step="2"/><V113/><F113/><W56/><G56/><T135/><D28/><U121/><E121/><V80/><F11/><W125/><G125/><T47/><D47/><U93/><E93/><V30/><F30/><W58/><G58/><T34/><D94/><U91/><E91/><V128/><F128/><W14/><G74/><T77/><D90/><AGARI ba="3,2" hai="1,7,10,14,16,23,72,75,82,87,90,99,100,107" machi="90" ten="30,3900,0" yaku="7,1,52,1,54,1" doraHai="13" who="3" fromWho="0" sc="548,-48,225,0,72,0,135,68" /><INIT seed="2,0,0,2,4,70" ten="500,225,72,203" oya="2" hai0="97,83,48,61,88,50,13,81,23,121,22,129,32" hai1="55,120,26,28,75,66,54,108,63,6,1,53,112" hai2="119,127,40,89,122,44,46,24,126,4,67,47,0" hai3="104,124,125,3,38,130,132,30,106,90,51,77,68"/><V109/><F122/><W11/><G130/><T85/><D129/><U101/><E112/><V80/><F119/><W115/><G132/><T18/><D32/><U15/><E108/><V135/><F135/><W64/><G115/><T116/><D121/><U134/><E134/><V27/><F67/><W39/><G77/><T128/><D128/><U93/><E120/><V71/><F71/><W9/><G51/><N who="0" m="19499" /><D116/><U114/><E1/><V118/><F118/><W92/><G30/><T62/><D97/><U111/><E75/><V133/><F133/><W37/><G64/><T65/><D23/><U49/><E49/><V36/><F109/><W25/><G25/><N who="2" m="9801" /><F4/><N who="3" m="1183" /><G11/><T42/><D42/><U73/><E73/><V102/><F102/><W131/><G68/><T12/><D12/><U117/><E66/><V43/><F0/><W8/><G8/><T84/><D65/><U58/><E111/><V52/><F52/><W87/><G131/><T20/><D20/><N who="1" m="15431" /><E117/><V16/><F43/><W17/><G17/><T103/><D103/><U35/><E35/><V14/><F89/><AGARI ba="0,0" hai="13,18,22,61,62,81,83,84,85,88,89" m="19499" machi="89" ten="30,2000,0" yaku="8,1,54,1" doraHai="70" who="0" fromWho="2" sc="500,20,225,0,72,-20,203,0" /><INIT seed="3,0,0,4,0,109" ten="520,225,52,203" oya="3" hai0="66,80,60,55,114,5,31,38,10,76,96,27,116" hai1="97,3,82,57,72,77,117,134,22,47,88,68,131" hai2="64,92,119,132,108,67,26,24,61,43,44,13,71" hai3="95,30,17,133,93,36,29,128,9,70,74,0,65"/><W75/><G36/><T21/><D116/><U124/><E68/><V4/><F108/><W81/><G128/><T35/><D114/><U100/><E3/><V130/><F119/><W106/><G106/><T54/><D38/><U25/><E131/><V91/><F130/><W19/><G133/><T33/><D96/><U48/><E117/><V129/><F129/><W14/><G0/><T107/><D107/><U105/><E124/><V98/><F132/><W113/><G70/><T52/><D33/><U50/><E57/><V16/><F67/><W7/><G7/><T2/><D35/><U56/><E56/><V15/><F15/><W135/><G135/><T84/><D54/><U86/><E47/><V45/><F4/><W41/><G41/><T49/><D49/><U102/><E102/><V85/><F98/><W28/><G113/><T11/><D11/><U59/><E59/><AGARI ba="0,0" hai="2,5,10,21,27,31,52,55,59,60,66,76,80,84" machi="59" ten="30,2000,0" yaku="7,1,54,1" doraHai="109" who="0" fromWho="1" sc="520,20,225,-20,52,0,203,0" owari="540,64.0,205,1.0,52,-45.0,203,-20.0" /></mjloggm>