<mjloggm ver="2.3"><GO type="169" lobby="0"/><UN n0="%E3%82%AD%E3%83%B3%E3%82%B0%E3%81%82%E3%81%A4%E3%81%97" n1="%E7%B4%85%E8%89%B2%E3%81%BF%E3%81%8B%E3%82%93" n2="%E3%83%84%E3%83%AC%E3%82%AA" n3="%E3%83%9E%E3%83%8A%E3%83%96%E9%9B%B6" dan="17,16,17,16" rate="2182.01,2134.65,2223.88,2133.60" sx="M,M,M,M"/><TAIKYOKU oya="0"/><INIT seed="0,0,0,1,2,7" ten="250,250,250,250" oya="0" hai0="2,16,14,130,8,108,118,117,78,68,71,96,53" hai1="80,124,72,43,77,9,119,13,90,41,33,103,70" hai2="113,87,69,131,22,105,28,58,73,112,18,76,110" hai3="34,47,85,75,121,45,82,21,101,12,63,132,30"/><T36/><D36/><U27/><E119/><V65/><F105/><W126/><G75/><T127/><D2/><U100/><E70/><V4/><F69/><W40/><G132/><T120/><D120/><U106/><E124/><V122/><F122/><W31/><G121/><T83/><D127/><U49/><E90/><V107/><F107/><W84/><G126/><T20/><D130/><U56/><E27/><V54/><F65/><W3/><G3/><T29/><D108/><U10/><E33/><V15/><F110/><W42/><G101/><T51/><D71/><U39/><E13/><V38/><F38/><W104/><G104/><T97/><D68/><U1/><E1/><V67/><F67/><W133/><G133/><T24/><D117/><U55/><E103/><V114/><F131/><W19/><G63/><T109/><D109/><U125/><E125/><V89/><F73/><W61/><G61/><T123/><D118/><U129/><E129/><V52/><F76/><W94/><G34/><T81/><D123/><U6/><E6/><V60/><F54/><W95/><G82/><N who="0" m="31243" /><D78/><U32/><E32/><V91/><F87/><W111/><G111/><T50/><D50/><U86/><E86/><V11/><REACH who="2" step="1"/><F28/><REACH who="2" ten="250,250,240,250" step="2"/><W48/><G85/><T116/><D116/><U35/><E39/><V92/><F92/><W134/><G134/><T46/><AGARI ba="0,1" hai="8,14,16,20,24,29,46,51,53,96,97" m="31243" machi="46" ten="30,6000,0" yaku="8,1,52,1,54,1" doraHai="7" who="0" fromWho="0" sc="250,70,250,-20,240,-20,250,-20" /><INIT seed="0,1,0,0,5,19" ten="320,230,220,230" oya="0" hai0="106,16,50,87,71,108,64,116,135,27,91,132,111" hai1="118,107,61,33,125,0,54,83,130,46,24,70,78" hai2="3,86,35,2,28,82,14,120,11,124,133,67,23" hai3="53,134,96,18,7,57,88,13,117,110,55,1,41"/><T113/><D113/><U81/><E118/><V45/><F67/><W4/><G117/><T40/><D106/><U122/><E122/><V22/><F45/><W79/><G110/><N who="0" m="42027" /><D116/><U94/><E0/><N who="2" m="43" /><F86/><W6/><G134/><N who="0" m="51243" /><D40/><U114/><E114/><V103/><F82/><W123/><G1/><T49/><D64/><U37/><E107/><V74/><F103/><W128/><G128/><T99/><D99/><U44/><E125/><V104/><F74/><W72/><G123/><T129/><D71/><U9/><E130/><V42/><F42/><W89/><G41/><T30/><D129/><U76/><E94/><V48/><F48/><W10/><G72/><T112/><D16/><U66/><E37/><V65/><F65/><W63/><G79/><T95/><D112/><U77/><E9/><V32/><F104/><W34/><G34/><AGARI ba="1,0" hai="27,30,34,49,50,87,91,95" m="51243,42027" machi="34" ten="30,5800,0" yaku="14,1,10,1,20,1" doraHai="19" who="0" fromWho="3" sc="320,61,230,0,220,0,230,-61" /><INIT seed="0,2,0,4,5,120" ten="381,230,220,169" oya="0" hai0="51,101,25,41,77,131,57,43,110,124,21,17,85" hai1="49,35,22,117,15,112,13,16,42,34,24,127,74" hai2="29,73,10,89,130,70,119,121,47,23,132,26,11" hai3="4,95,125,1,59,30,39,94,87,116,76,86,56"/><T78/><D124/><U123/><E74/><V98/><F121/><W108/><G116/><T126/><D126/><U37/><E37/><V83/><F119/><W5/><G125/><T45/><D131/><U6/><E117/><V40/><F130/><W81/><G39/><T38/><D101/><U75/><E123/><V106/><F70/><W60/><G30/><T36/><D85/><U107/><E75/><V97/><F132/><W28/><G28/><T122/><D122/><U129/><E127/><V80/><F106/><W65/><G1/><T67/><D110/><U109/><E112/><V20/><F20/><W92/><G87/><T88/><D88/><U91/><E129/><V18/><F73/><W46/><G46/><T134/><D134/><U99/><E109/><V3/><F3/><W72/><G72/><T128/><D128/><U7/><E42/><V66/><F66/><W53/><REACH who="3" step="1"/><G108/><REACH who="3" ten="381,230,220,159" step="2"/><T68/><D38/><U133/><E133/><V58/><F47/><W48/><AGARI ba="2,1" hai="4,5,48,53,56,59,60,65,76,81,86,92,94,95" machi="48" ten="30,7900,0" yaku="1,1,2,1,0,1,8,1,53,0" doraHai="120" doraHaiUra="96" who="3" fromWho="3" sc="381,-41,230,-22,220,-22,159,95" /><INIT seed="1,0,0,4,1,62" ten="340,208,198,254" oya="1" hai0="95,63,49,99,15,0,127,7,123,80,85,22,103" hai1="91,6,41,104,98,73,78,93,34,20,26,84,100" hai2="128,24,16,29,21,90,31,51,109,45,117,116,122" hai3="69,121,44,42,120,94,60,79,28,5,48,81,135"/><U83/><E6/><V61/><F122/><W17/><G135/><T102/><D0/><U8/><E8/><V101/><F109/><W118/><G28/><T47/><D127/><U129/><E34/><V50/><F128/><W4/><G94/><T75/><D75/><U46/><E129/><V110/><F110/><W87/><G118/><T112/><D112/><U12/><E12/><V134/><F134/><W108/><G108/><T65/><D123/><U25/><REACH who="1" step="1"/><E20/><REACH who="1" ten="340,198,198,254" step="2"/><V59/><F117/><W54/><G5/><T126/><D22/><U56/><E56/><V32/><F116/><W130/><G4/><T132/><D15/><U1/><E1/><V13/><F13/><W105/><G130/><T57/><D7/><U58/><E58/><V111/><F32/><W66/><G17/><T30/><D132/><U40/><E40/><V71/><F16/><W52/><G121/><T2/><D2/><U115/><E115/><V23/><F23/><W113/><G120/><T14/><D14/><U33/><E33/><V96/><F21/><W124/><G113/><T131/><D131/><U106/><E106/><V64/><F59/><W55/><REACH who="3" step="1"/><G105/><REACH who="3" ten="340,198,198,244" step="2"/><T72/><D30/><U9/><E9/><V86/><F31/><W70/><G70/><T67/><D126/><AGARI ba="0,2" hai="42,44,48,52,54,55,60,66,69,79,81,87,124,126" machi="126" ten="40,8000,1" yaku="1,1,52,1,54,1,53,1" doraHai="62" doraHaiUra="76" who="3" fromWho="0" sc="340,-80,198,0,198,0,244,100" /><INIT seed="2,0,0,4,4,108" ten="260,198,198,344" oya="2" hai0="102,88,89,117,56,124,35,18,133,54,62,9,93" hai1="20,53,47,114,100,4,81,21,6,43,17,107,126" hai2="83,40,44,131,84,27,14,37,82,134,115,116,28" hai3="98,86,51,109,25,67,52,113,19,90,103,34,128"/><V65/><F116/><W99/><G109/><T74/><D35/><U130/><E126/><V2/><F2/><W104/><G99/><T73/><D124/><U68/><E68/><V7/><F131/><W66/><G128/><T101/><D133/><U96/><E130/><V91/><F134/><W95/><G113/><T16/><D73/><U71/><E71/><V12/><F65/><W87/><G87/><T75/><D75/><U55/><E21/><V121/><F121/><W57/><REACH who="3" step="1"/><G19/><REACH who="3" ten="260,198,198,334" step="2"/><T13/><D74/><U31/><E114/><V69/><F115/><W1/><G1/><T80/><D117/><U92/><E31/><AGARI ba="0,1" hai="25,31,34,51,52,57,66,67,86,90,95,98,103,104" machi="31" ten="40,2600,0" yaku="1,1,54,1,53,0" doraHai="108" doraHaiUra="110" who="3" fromWho="1" sc="260,0,198,-26,198,0,334,36" /><INIT seed="3,0,0,1,4,10" ten="260,172,198,370" oya="3" hai0="60,110,5,1,41,27,56,115,6,74,47,49,58" hai1="17,13,34,21,67,79,80,71,108,128,127,9,126" hai2="24,93,100,111,43,77,62,107,23,45,53,63,18" hai3="81,2,50,135,42,16,19,57,89,121,86,118,94"/><W65/><G121/><T61/><D74/><U99/><E34/><V131/><F111/><W83/><G118/><T0/><D110/><U12/><E128/><V54/><F131/><W134/><G2/><T14/><D115/><U46/><E108/><V51/><F107/><W76/><G83/><T35/><D1/><U25/><E99/><N who="2" m="59503" /><F77/><W73/><G65/><T40/><D0/><U3/><E46/><V82/><F82/><W92/><G92/><T105/><D105/><U123/><E123/><V66/><F66/><W117/><G117/><T44/><D35/><U70/><E67/><V85/><F85/><W84/><G73/><T112/><D27/><U133/><E133/><N who="3" m="50698" /><G42/><T72/><D72/><U90/><E90/><V69/><F69/><W28/><G28/><T113/><REACH who="0" step="1"/><D49/><REACH who="0" ten="250,172,198,370" step="2"/><U20/><E3/><V104/><F104/><W30/><G30/><T88/><D88/><U39/><E39/><V7/><F63/><W4/><G4/><T132/><D132/><U129/><E129/><V64/><F7/><W98/><G50/><T55/><D55/><U101/><E101/><V26/><F64/><W102/><G102/><T68/><D68/><U32/><E32/><V87/><F62/><W91/><G91/><T116/><D116/><U33/><E33/><V59/><F43/><W97/><G97/><T15/><AGARI ba="0,1" hai="5,6,14,15,40,41,44,47,56,58,60,61,112,113" machi="15" ten="25,12000,2" yaku="1,1,0,1,22,2,52,2,53,0" doraHai="10" doraHaiUra="130" who="0" fromWho="0" sc="250,130,172,-30,198,-30,370,-60" /><INIT seed="4,0,0,4,5,100" ten="380,142,168,310" oya="0" hai0="11,81,95,88,79,15,45,114,37,97,112,131,128" hai1="71,80,135,23,125,119,25,52,111,17,93,21,8" hai2="103,18,40,109,12,38,74,98,6,113,56,118,54" hai3="66,0,91,28,94,78,70,122,19,61,85,73,26"/><T34/><D34/><U76/><E111/><V63/><F109/><W69/><G0/><T20/><D20/><U82/><E119/><V108/><F108/><W43/><G122/><T106/><D37/><U96/><E71/><V101/><F118/><W110/><G110/><T35/><D45/><U47/><E125/><V86/><F74/><W14/><G43/><T87/><D35/><U42/><E135/><V102/><F113/><N who="0" m="43626" /><D15/><U129/><E129/><N who="0" m="49737" /><D11/><U2/><E2/><V90/><F6/><W62/><G62/><T115/><N who="0" m="43634" /><T9/><DORA hai="39" /><D9/><U58/><E76/><V31/><F31/><W126/><G126/><T51/><D51/><N who="1" m="27127" /><E23/><V7/><F7/><W24/><G70/><T124/><D124/><U64/><E64/><V92/><F38/><W83/><REACH who="3" step="1"/><G28/><REACH who="3" ten="380,142,168,300" step="2"/><T130/><D130/><U4/><E4/><V134/><F40/><W30/><G30/><T123/><D106/><U41/><E41/><V53/><F53/><W75/><G75/><T132/><D132/><U133/><E133/><V32/><F134/><W57/><G57/><T5/><D5/><U29/><E29/><V55/><F55/><W36/><G36/><T27/><D27/><U22/><E22/><AGARI ba="0,1" hai="14,19,22,24,26,61,66,69,73,78,83,85,91,94" machi="22" ten="30,2000,0" yaku="1,1,7,1,53,0" doraHai="100,39" doraHaiUra="44,49" who="3" fromWho="1" sc="380,0,142,-20,168,0,300,30" /><INIT seed="5,0,0,4,2,19" ten="380,122,168,330" oya="1" hai0="61,67,31,15,133,46,14,45,53,50,16,113,108" hai1="57,49,6,126,122,75,44,99,29,131,25,68,79" hai2="93,96,12,4,117,70,41,26,28,56,78,21,60" hai3="40,111,23,0,24,109,114,34,100,123,132,42,91"/><U80/><E122/><V18/><F117/><W47/><G123/><T101/><D108/><U73/><E68/><V105/><F105/><W128/><G100/><T48/><D113/><U84/><E126/><V89/><F70/><W55/><G34/><T10/><D133/><U83/><E131/><V87/><F41/><W35/><G35/><T54/><D31/><U8/><E57/><V76/><F4/><W43/><G0/><T27/><D101/><U120/><E120/><V97/><F76/><W59/><G47/><T95/><D95/><U103/><E83/><V63/><F78/><W130/><G114/><T69/><D14/><U86/><E86/><V102/><F102/><W125/><G91/><T66/><D27/><U107/><E25/><V94/><F94/><W118/><G118/><T20/><D67/><U98/><E29/><V52/><REACH who="2" step="1"/><F63/><REACH who="2" ten="380,122,158,330" step="2"/><N who="3" m="36351" /><G125/><T2/><D2/><U30/><E99/><V116/><F116/><W90/><G132/><T11/><AGARI ba="0,1" hai="10,11,15,16,20,45,46,48,50,53,54,61,66,69" machi="11" ten="30,7900,0" yaku="0,1,9,1,52,1,54,1" doraHai="19" who="0" fromWho="0" sc="380,89,122,-39,158,-20,330,-20" /><INIT seed="6,0,0,2,1,82" ten="469,83,138,310" oya="2" hai0="107,128,109,33,120,54,45,112,122,71,70,86,64" hai1="28,74,92,27,48,44,16,53,67,65,83,115,29" hai2="119,106,38,20,55,103,125,132,99,90,100,22,61" hai3="42,2,72,24,81,117,6,133,11,108,26,129,123"/><V84/><F119/><W114/><G42/><T10/><D33/><U97/><E115/><V98/><F132/><W49/><G49/><T60/><D107/><U18/><E74/><V105/><F38/><W9/><G81/><T76/><D112/><U0/><E0/><V47/><F125/><W93/><G93/><T57/><D109/><U17/><E83/><V87/><F47/><W113/><G72/><T91/><D76/><U69/><E69/><V56/><REACH who="2" step="1"/><F87/><REACH who="2" ten="469,83,128,310" step="2"/><W126/><G126/><T68/><D45/><U88/><REACH who="1" step="1"/><E28/><REACH who="1" ten="469,73,128,310" step="2"/><V46/><F46/><W130/><G133/><T85/><D122/><U121/><E121/><V116/><F116/><W21/><G123/><T104/><D120/><U111/><E111/><V58/><F58/><W25/><G117/><T12/><D57/><U101/><E101/><V102/><F102/><W95/><G108/><T39/><D68/><U4/><E4/><V34/><F34/><AGARI ba="0,2" hai="16,17,18,27,29,34,44,48,53,65,67,88,92,97" machi="34" ten="40,5200,0" yaku="1,1,54,2,53,0" doraHai="82" doraHaiUra="78" who="1" fromWho="2" sc="469,0,73,72,128,-52,310,0" /><INIT seed="7,0,0,1,5,126" ten="469,145,76,310" oya="3" hai0="13,70,114,103,120,54,77,87,132,112,91,127,18" hai1="125,25,90,26,80,32,74,62,22,85,56,93,97" hai2="96,111,130,102,79,8,37,53,109,46,121,75,64" hai3="116,33,52,73,81,61,57,107,106,28,67,122,6"/><W12/><G116/><T42/><D120/><U104/><E125/><V7/><F121/><W63/><G122/><T108/><D108/><U39/><E39/><V51/><F64/><W29/><G73/><T117/><D117/><U10/><E32/><V21/><F37/><W38/><G38/><T119/><D119/><U30/><E25/><V129/><F21/><W113/><G113/><N who="0" m="43627" /><D70/><U11/><E104/><V1/><F79/><W88/><G6/><T59/><D42/><U133/><E133/><V27/><F27/><W101/><G12/><T86/><D103/><N who="1" m="60847" /><E74/><V82/><F82/><W134/><G134/><T105/><D59/><U19/><E19/><V9/><F9/><W36/><G36/><T92/><D54/><AGARI ba="0,0" hai="10,11,22,26,30,54,56,62,80,85,90" m="60847" machi="54" ten="30,1000,0" yaku="8,1" doraHai="126" who="1" fromWho="0" sc="469,-10,145,10,76,0,310,0" owari="459,55.0,155,-24.0,76,-42.0,310,11.0" /></mjloggm>