<mjloggm ver="2.3"><GO type="225" lobby="0"/><UN n0="%E7%B6%BE%E9%87%8E%E7%8F%AA%E5%AD%90" n1="%E3%81%AF%E3%82%88%E3%81%8A%E3%81%98%E3%81%95%E3%82%93" n2="%64%61%7A%61%69" n3="%E3%81%AB%E3%81%9B%E6%82%9F%E7%A9%BA" dan="17,17,16,17" rate="2215.20,2114.31,2113.32,2164.05" sx="F,M,M,M"/><TAIKYOKU oya="0"/><INIT seed="0,0,0,4,1,120" ten="250,250,250,250" oya="0" hai0="115,36,111,91,118,4,0,56,71,58,60,112,114" hai1="124,86,134,102,30,123,13,74,48,73,29,15,26" hai2="77,8,126,32,10,125,59,97,54,12,50,5,25" hai3="19,40,44,109,62,14,41,87,93,103,90,76,131"/><T79/><D79/><U98/><E123/><V55/><F77/><W132/><G131/><T1/><D4/><U70/><E70/><V119/><F119/><W28/><G132/><T49/><D118/><U33/><E30/><V34/><F97/><W105/><G28/><T20/><D20/><U84/><E134/><V130/><F130/><W122/><G122/><T6/><D6/><U101/><E124/><N who="2" m="47723" /><F25/><W129/><G129/><T23/><D23/><U69/><E69/><V31/><F31/><W80/><G62/><T38/><D91/><U7/><E102/><V72/><F72/><W106/><G109/><T65/><D0/><U43/><E86/><V45/><F10/><W64/><G64/><T18/><D18/><U57/><E84/><V66/><F66/><W96/><G44/><T27/><D27/><U117/><E117/><V61/><AGARI ba="0,0" hai="5,8,12,32,34,45,50,54,55,59,61" m="47723" machi="61" ten="30,1100,0" yaku="18,1" doraHai="120" who="2" fromWho="2" sc="250,-5,250,-3,250,11,250,-3" /><INIT seed="1,0,0,4,3,18" ten="245,247,261,247" oya="1" hai0="33,98,41,34,111,90,72,46,32,92,42,128,88" hai1="106,65,96,69,77,131,121,108,117,19,55,47,119" hai2="104,114,70,132,125,126,22,83,115,45,122,25,54" hai3="134,8,127,94,67,29,48,133,21,51,62,79,36"/><U97/><E121/><V20/><F104/><W24/><G36/><T105/><D128/><U73/><E131/><V0/><F122/><W63/><G127/><N who="2" m="48649" /><F70/><W101/><G79/><T31/><D72/><U85/><E73/><V1/><F132/><N who="3" m="50795" /><G8/><T113/><D113/><N who="2" m="43018" /><F83/><W4/><G4/><T50/><D111/><U44/><E106/><V84/><F84/><W76/><G76/><T61/><D105/><U64/><E77/><V39/><F25/><W129/><G129/><T80/><D61/><N who="3" m="23049" /><G67/><T86/><REACH who="0" step="1"/><D31/><REACH who="0" ten="235,247,261,247" step="2"/><U116/><E108/><V15/><F15/><W107/><G107/><T28/><D28/><U12/><E12/><V35/><F35/><W6/><G6/><T99/><D99/><AGARI ba="0,1" hai="21,24,29,48,51,94,99,101" m="23049,50795" machi="99" ten="30,2000,0" yaku="20,1,52,1" doraHai="18" who="3" fromWho="0" sc="235,-20,247,0,261,0,247,30" /><INIT seed="2,0,0,3,1,19" ten="215,247,261,277" oya="2" hai0="66,81,30,49,96,97,118,21,20,89,29,112,105" hai1="9,47,82,17,103,100,70,131,93,124,7,32,80" hai2="68,98,62,11,60,4,63,134,16,108,40,113,31" hai3="117,5,37,104,91,23,26,99,69,2,101,114,123"/><V58/><F113/><W27/><G114/><T129/><D112/><U48/><E70/><V36/><F68/><W115/><G115/><T71/><D71/><U72/><E32/><V14/><F134/><W52/><G69/><T6/><D129/><U84/><E124/><V106/><F108/><W125/><G37/><T43/><D118/><U75/><E131/><V111/><F111/><W120/><G117/><T22/><D66/><U41/><E17/><V50/><F36/><W35/><G125/><T28/><D6/><U33/><E33/><V54/><F31/><W86/><G27/><T92/><D81/><U102/><E93/><V3/><F40/><W74/><G35/><T88/><D105/><U95/><E95/><V15/><F3/><W107/><G74/><T110/><D110/><U94/><E94/><V127/><F127/><W78/><G78/><T25/><D89/><U73/><REACH who="1" step="1"/><E84/><REACH who="1" ten="215,237,261,277" step="2"/><V8/><F106/><W18/><G104/><T10/><D97/><AGARI ba="0,1" hai="4,8,11,14,15,16,50,54,58,60,62,63,97,98" machi="97" ten="40,3900,0" yaku="8,1,54,1" doraHai="19" who="2" fromWho="0" sc="215,-39,237,0,261,49,277,0" /><INIT seed="2,1,0,4,3,42" ten="176,237,310,277" oya="2" hai0="89,9,37,95,73,76,79,94,86,88,3,83,91" hai1="100,71,112,0,35,27,41,135,115,5,48,20,11" hai2="106,6,108,90,65,93,129,125,36,78,124,57,131" hai3="120,85,52,104,44,69,4,56,127,96,77,10,12"/><V45/><F106/><W121/><G69/><T134/><D37/><U66/><E135/><V62/><F78/><N who="0" m="29738" /><D3/><U84/><E35/><V30/><F6/><W80/><G127/><N who="2" m="48713" /><F30/><W51/><REACH who="3" step="1"/><G56/><REACH who="3" ten="176,237,310,267" step="2"/><T40/><D40/><U54/><E41/><N who="2" m="22695" /><F108/><W14/><G14/><T81/><D9/><U67/><E11/><V15/><F15/><W98/><G98/><AGARI ba="1,1" hai="57,62,65,90,93,98,129,131" m="22695,48713" machi="98" ten="30,2900,0" yaku="18,1,52,1" doraHai="42" who="2" fromWho="3" sc="176,0,237,0,310,42,267,-32" /><INIT seed="2,2,0,1,1,111" ten="176,237,352,235" oya="2" hai0="36,31,131,34,26,30,13,20,39,103,56,76,41" hai1="123,94,3,107,5,74,78,87,6,95,122,130,72" hai2="84,109,85,60,65,93,50,47,97,80,4,0,62" hai3="120,28,11,82,1,29,25,114,7,134,101,27,127"/><V99/><F109/><W86/><G101/><T21/><D131/><U2/><E87/><V14/><F0/><N who="1" m="41" /><E78/><V119/><F119/><W49/><G120/><N who="1" m="46122" /><E107/><V17/><F4/><N who="1" m="1641" /><E130/><V59/><F62/><W54/><G54/><T55/><D103/><U53/><E53/><N who="2" m="29919" /><F93/><AGARI ba="2,0" hai="72,74,93,94,95" m="1641,46122,41" machi="93" ten="40,5200,0" yaku="28,2,13,1" doraHai="111" who="1" fromWho="2" sc="176,0,237,58,352,-58,235,0" /><INIT seed="3,0,0,0,1,38" ten="176,295,294,235" oya="3" hai0="91,15,54,122,104,13,45,110,41,32,50,129,8" hai1="84,106,67,33,94,85,49,107,31,62,21,77,99" hai2="123,82,58,79,46,18,75,30,86,131,3,20,83" hai3="134,0,116,109,26,103,59,90,132,40,37,63,102"/><W87/><G0/><T55/><D122/><U133/><E33/><V68/><F123/><W61/><G116/><T35/><D110/><U127/><E106/><V1/><F68/><W125/><G26/><T81/><D104/><U95/><E107/><V111/><F30/><W6/><G6/><T114/><D129/><U108/><E108/><V126/><F111/><W2/><G2/><T47/><D114/><U72/><E72/><V10/><F131/><W101/><G109/><T73/><D55/><U9/><E127/><V34/><F34/><W53/><G125/><T60/><D60/><U88/><E133/><N who="3" m="51306" /><G63/><T56/><D56/><N who="1" m="37319" /><E9/><V29/><F126/><W118/><G118/><T100/><D100/><N who="1" m="60535" /><E49/><V113/><F113/><W64/><G64/><T25/><D25/><N who="1" m="16815" /><E77/><V36/><F58/><W27/><G27/><T43/><D15/><U5/><E5/><V78/><F29/><W76/><G76/><T121/><D121/><U12/><E12/><V74/><F86/><AGARI ba="0,0" hai="84,85,86,88,95" m="16815,60535,37319" machi="86" ten="30,3900,0" yaku="25,1,8,1,54,1" doraHai="38" who="1" fromWho="2" sc="176,0,295,39,294,-39,235,0" owari="176,-32.0,334,42.0,255,6.0,235,-16.0" /></mjloggm>