<mjloggm ver="2.3"><GO type="185" lobby="0"/><UN n0="%E6%B0%B7%E3%81%AE%4B" n1="%E3%81%9F%E3%82%93%E3%82%86%E3%81%86" n2="%6D%28%E3%81%AE%5F%E3%81%AE%29%6D%E2%99%AA" n3="" dan="16,16,16,0" rate="2108.33,2241.04,2165.79,1500.00" sx="M,F,M,C"/><TAIKYOKU oya="0"/><INIT seed="0,0,0,0,4,116" ten="350,350,350,0" oya="0" hai0="38,85,115,55,56,81,88,107,101,2,100,117,92" hai1="121,135,50,67,132,113,44,3,63,40,91,48,111" hai2="62,33,35,90,99,83,57,71,54,74,94,42,133" hai3=""/><T77/><D2/><U89/><N who="1" m="31008" /><U106/><E3/><V65/><F133/><N who="1" m="51273" /><E106/><V102/><F42/><T68/><D117/><U52/><E113/><V129/><F129/><T118/><D118/><U105/><E105/><V51/><F74/><T130/><D115/><U32/><E32/><V86/><AGARI ba="0,0" hai="33,35,51,54,57,62,65,71,83,86,90,94,99,102" machi="86" ten="30,800,0" yaku="0,1" doraHai="116" who="2" fromWho="2" sc="350,-5,350,-3,350,8,0,0" /><INIT seed="1,0,0,3,1,66" ten="345,347,358,0" oya="1" hai0="43,69,95,112,34,133,114,125,36,35,121,33,68" hai1="132,63,54,44,53,81,97,126,113,135,55,37,42" hai2="110,117,104,82,72,127,94,93,38,50,100,75,80" hai3=""/><U118/><E81/><N who="2" m="31339" /><F50/><T0/><N who="0" m="31008" /><T102/><D133/><N who="1" m="51275" /><E97/><V85/><F38/><T123/><N who="0" m="31520" /><T73/><D125/><U74/><E74/><N who="2" m="28203" /><F117/><T79/><D95/><N who="2" m="36362" /><F127/><T76/><D0/><U89/><E89/><V86/><F110/><T40/><D73/><U124/><E118/><V45/><F45/><T108/><D108/><U49/><E113/><N who="0" m="43625" /><D102/><U67/><E37/><V134/><F134/><T60/><D60/><U41/><E41/><N who="0" m="15945" /><D36/><U106/><E106/><V2/><F2/><T122/><N who="0" m="31264" /><T107/><D107/><U119/><E119/><V99/><AGARI ba="0,0" hai="85,86,99,100,104" m="36362,28203,31339" machi="99" ten="40,6000,1" yaku="35,5" doraHai="66" who="2" fromWho="2" sc="345,-20,347,-40,358,60,0,0" /><INIT seed="2,0,0,1,4,65" ten="325,307,418,0" oya="2" hai0="105,61,73,74,104,99,37,109,79,43,108,131,117" hai1="45,98,68,33,134,1,62,119,123,88,128,64,66" hai2="100,53,94,93,122,78,130,129,90,106,32,91,116" hai3=""/><V71/><N who="2" m="31264" /><V92/><F32/><T120/><N who="0" m="30752" /><T96/><D117/><U76/><N who="1" m="31520" /><U42/><E33/><V39/><F116/><T3/><D3/><U36/><E119/><V133/><F39/><T2/><D2/><U111/><E1/><V115/><F115/><T83/><D131/><N who="2" m="50186" /><F133/><T112/><D112/><U127/><E128/><V46/><F78/><T41/><D61/><U81/><E66/><V63/><F46/><T114/><D114/><U67/><E67/><V50/><F50/><T89/><D37/><U87/><E134/><V54/><F106/><T70/><D79/><U102/><E111/><V126/><F100/><T35/><D35/><U84/><E127/><V38/><F38/><T72/><D89/><N who="2" m="33802" /><F126/><T101/><D74/><U60/><E60/><V97/><F97/><T135/><D135/><U40/><E40/><V48/><F48/><T110/><D110/><U132/><E132/><V52/><F63/><T75/><D75/><U57/><E98/><V55/><N who="2" m="13312" /><DORA hai="59" /><V113/><F113/><T34/><D34/><U103/><E57/><V0/><F0/><T47/><D101/><U80/><AGARI ba="0,0" hai="36,42,45,62,64,68,76,80,81,84,87,88,102,103" m="31520" machi="80" ten="20,9000,2" yaku="0,1,7,1,52,3,54,1" doraHai="65,59" who="1" fromWho="1" sc="325,-30,307,90,418,-60,0,0" /><INIT seed="4,0,0,2,0,42" ten="295,397,358,0" oya="0" hai0="45,111,65,37,47,62,66,41,119,104,103,122,1" hai1="35,83,109,52,88,95,123,129,96,87,72,57,50" hai2="81,113,44,127,97,106,32,67,73,48,60,34,51" hai3=""/><T79/><N who="0" m="31264" /><T80/><D1/><U118/><N who="1" m="31520" /><U53/><E35/><V132/><F113/><T101/><D119/><U126/><E118/><V46/><F127/><T74/><D111/><U108/><E126/><V61/><F132/><T89/><D89/><U84/><E129/><V49/><F106/><T114/><D114/><U116/><E116/><V70/><F97/><T36/><D104/><U134/><E134/><V133/><F133/><T105/><D105/><U125/><E125/><V128/><F128/><T112/><D112/><U58/><E72/><V107/><F107/><T135/><D135/><U59/><E84/><V85/><F61/><T3/><D3/><U40/><E40/><V64/><F64/><T38/><D66/><U63/><E59/><V33/><REACH who="2" step="1"/><F73/><REACH who="2" ten="295,397,348,0" step="2"/><T92/><D103/><AGARI ba="0,1" hai="50,52,53,57,58,63,83,87,88,95,96,103,108,109" m="31520" machi="103" ten="30,7700,0" yaku="7,1,52,1,54,2" doraHai="42" who="1" fromWho="0" sc="295,-77,397,87,348,0,0,0" /><INIT seed="5,0,0,1,5,35" ten="218,484,348,0" oya="1" hai0="37,50,87,104,92,39,134,59,113,101,2,75,97" hai1="32,106,72,73,67,124,68,99,112,114,3,62,58" hai2="46,71,34,65,48,109,126,96,89,86,83,88,76" hai3=""/><U135/><E32/><V110/><F34/><T122/><N who="0" m="31264" /><T131/><D134/><U56/><E135/><V123/><N who="2" m="31520" /><V66/><F126/><T1/><D131/><U0/><E124/><V133/><F133/><T77/><D113/><N who="1" m="43627" /><E58/><V61/><F66/><T44/><D59/><U95/><E56/><V69/><F69/><T91/><D39/><U98/><E98/><V129/><F129/><T108/><D37/><U42/><E42/><V119/><F119/><T100/><D100/><U47/><E47/><V57/><F71/><T80/><D108/><U127/><E106/><V53/><REACH who="2" step="1"/><F96/><REACH who="2" ten="218,484,338,0" step="2"/><T33/><REACH who="0" step="1"/><D33/><REACH who="0" ten="208,484,338,0" step="2"/><U54/><E127/><V74/><F74/><T107/><D107/><U45/><E73/><V43/><F43/><AGARI ba="0,2" hai="1,2,43,44,50,75,77,80,87,91,92,97,101,104" m="31264" machi="43" ten="30,16000,3" yaku="1,1,7,1,24,2,52,3,53,1" doraHai="35" doraHaiUra="41" who="0" fromWho="2" sc="208,180,484,0,338,-160,0,0" /><INIT seed="6,0,0,4,5,130" ten="388,484,178,0" oya="2" hai0="39,63,59,62,94,3,35,123,65,71,53,115,72" hai1="48,49,82,133,87,132,112,117,131,126,52,68,47" hai2="122,110,108,96,36,101,77,89,116,64,88,107,40" hai3=""/><V86/><N who="2" m="31264" /><V102/><F64/><T128/><N who="0" m="31520" /><T109/><D3/><U57/><E68/><V70/><F70/><T78/><D35/><U43/><E131/><V103/><F116/><T56/><D128/><U124/><E117/><V67/><F67/><T54/><D94/><U121/><N who="1" m="31008" /><U50/><E50/><V76/><F40/><T75/><D109/><N who="2" m="42090" /><F36/><T37/><D115/><U80/><E80/><V84/><F107/><T69/><D78/><N who="2" m="30314" /><F96/><T74/><D74/><U45/><E112/><V135/><F135/><N who="1" m="51785" /><E47/><V98/><F98/><T1/><D1/><U90/><AGARI ba="0,0" hai="43,45,48,49,52,57,82,87,90,124,126" m="51785,31008" machi="90" ten="30,9000,2" yaku="20,1,52,4,54,1" doraHai="130" who="1" fromWho="1" sc="388,-30,484,90,178,-60,0,0" owari="358,-4.0,574,52.0,118,-48.0,0,0.0" /></mjloggm>