<mjloggm ver="2.3"><GO type="169" lobby="0"/><UN n0="%4A%65%74%2E%42" n1="%E3%81%8B%E3%81%A4%E3%81%A9%E3%82%93" n2="%6B%6F%75%69%63%68%69%2E" n3="%E8%B0%B7%E5%8F%A3%E3%81%93%E3%81%86%E3%81%B8%E3%81%84" dan="18,17,17,17" rate="2201.47,2221.72,2126.94,2213.01" sx="M,F,M,M"/><TAIKYOKU oya="0"/><INIT seed="0,0,0,3,0,83" ten="250,250,250,250" oya="0" hai0="33,89,70,49,104,65,86,10,34,84,41,106,44" hai1="31,92,107,95,18,13,91,37,79,78,56,121,69" hai2="12,32,25,63,88,97,85,77,120,43,126,66,26" hai3="29,93,58,27,45,17,22,108,53,47,133,122,71"/><T75/><D75/><U131/><E121/><V24/><F120/><W87/><G122/><T4/><D70/><U101/><E69/><V115/><F115/><W42/><G108/><T98/><D65/><U130/><E37/><V54/><F126/><W14/><G133/><T7/><D7/><U19/><E31/><V80/><F43/><W48/><G71/><T118/><D118/><U76/><E107/><V51/><F12/><W36/><G36/><T72/><D72/><U135/><E135/><V62/><F32/><W6/><G6/><T124/><D124/><U103/><E56/><N who="2" m="32863" /><F66/><W23/><G42/><T64/><D64/><U123/><E123/><V57/><F57/><W109/><G109/><T16/><D106/><U116/><E116/><V39/><F39/><W60/><G60/><N who="2" m="23081" /><F97/><W134/><G134/><T35/><D4/><U96/><E13/><V94/><F94/><W67/><G67/><T127/><D127/><U5/><E5/><V38/><F38/><W81/><REACH who="3" step="1"/><G93/><REACH who="3" ten="250,250,250,240" step="2"/><N who="0" m="56623" /><D104/><U3/><E92/><V112/><F112/><W105/><G105/><T119/><D119/><U28/><E95/><V15/><F15/><W52/><G52/><T8/><D41/><U132/><E3/><V110/><F110/><W129/><G129/><T1/><D1/><U90/><E131/><V59/><F59/><W20/><G20/><T11/><D35/><U73/><E130/><V68/><F68/><W117/><G117/><T61/><D34/><U113/><E113/><V2/><F2/><W9/><G9/><T102/><D33/><U128/><E128/><V50/><F50/><RYUUKYOKU ba="0,1" sc="250,-15,250,-15,250,15,240,15" hai2="24,25,26,77,80,85,88" hai3="14,17,22,23,27,29,45,47,48,53,58,81,87" /><INIT seed="1,1,1,1,2,71" ten="235,235,265,255" oya="1" hai0="2,25,131,101,76,52,87,130,120,26,96,95,22" hai1="69,46,20,40,7,133,56,75,49,103,4,126,114" hai2="109,112,115,64,117,61,39,12,28,45,91,119,97" hai3="36,128,34,99,50,70,55,48,127,3,116,59,24"/><U107/><E69/><N who="2" m="42127" /><F12/><W121/><G121/><T111/><D2/><U98/><E114/><N who="2" m="43563" /><F91/><W54/><G3/><T90/><D111/><U122/><E122/><V65/><F97/><W16/><G70/><T110/><D110/><U33/><E33/><V11/><F11/><W89/><G128/><N who="0" m="49195" /><D76/><U32/><E133/><V29/><F109/><W58/><G127/><T79/><D79/><U81/><E32/><V108/><F108/><W53/><G116/><N who="2" m="44617" /><F65/><W132/><G132/><T15/><D120/><U42/><E126/><V60/><F60/><W123/><G123/><T8/><D22/><U10/><E10/><V85/><F85/><W82/><G34/><T14/><D14/><U134/><E134/><V13/><F13/><W51/><G82/><T113/><D113/><U37/><E81/><V1/><F1/><W100/><G89/><T21/><D21/><U92/><E20/><V77/><F77/><W73/><G73/><T41/><D25/><U68/><E75/><V44/><F44/><W6/><G6/><T124/><D26/><U86/><E4/><V38/><F45/><N who="3" m="27791" /><G24/><T93/><D15/><U23/><E7/><V19/><F19/><W30/><G16/><T104/><D8/><U57/><E23/><V83/><F83/><W9/><G9/><T125/><D125/><U106/><E46/><V62/><F62/><W47/><G30/><AGARI ba="1,1" hai="28,29,30,38,39" m="44617,43563,42127" machi="30" ten="30,3900,0" yaku="11,1,52,2" doraHai="71" who="2" fromWho="3" sc="235,0,235,0,265,52,255,-42" /><INIT seed="2,0,0,0,3,72" ten="235,235,317,213" oya="2" hai0="67,131,17,129,9,92,1,14,42,11,16,5,130" hai1="3,12,127,61,38,19,91,73,82,40,25,88,49" hai2="85,22,27,80,118,126,117,33,46,31,41,60,68" hai3="26,115,84,20,121,75,74,2,135,120,83,29,58"/><V15/><F126/><W106/><G2/><T99/><D42/><U44/><E3/><V64/><F15/><W35/><G106/><T0/><D67/><U119/><E119/><V79/><REACH who="2" step="1"/><F33/><REACH who="2" ten="235,235,307,213" step="2"/><W23/><G35/><T51/><D1/><U6/><E127/><V96/><F96/><W45/><G120/><T133/><D133/><U78/><E12/><V55/><F55/><W53/><G135/><T52/><D0/><U103/><E40/><V39/><AGARI ba="0,1" hai="22,27,31,39,41,46,60,64,68,79,80,85,117,118" machi="39" ten="20,7800,0" yaku="1,1,0,1,7,1,52,1,53,0" doraHai="72" doraHaiUra="128" who="2" fromWho="2" sc="235,-26,235,-26,307,88,213,-26" /><INIT seed="2,1,0,4,1,89" ten="209,209,395,187" oya="2" hai0="94,43,22,13,126,128,123,35,70,54,4,78,2" hai1="133,0,39,102,95,129,48,106,130,135,58,44,11" hai2="120,109,131,72,12,40,33,114,17,124,84,8,118" hai3="5,60,28,65,32,16,90,117,80,68,23,107,57"/><V103/><F72/><W111/><G117/><T85/><D123/><U76/><E106/><V71/><F71/><W27/><G111/><T96/><D35/><U93/><E76/><V9/><F40/><W82/><G107/><T64/><D43/><N who="1" m="24607" /><E39/><V34/><F84/><W52/><G5/><T63/><D128/><N who="1" m="49259" /><E102/><V36/><F103/><W38/><G38/><T18/><D126/><U110/><E110/><V50/><F50/><W69/><G69/><T73/><D73/><U79/><E79/><V41/><F41/><W26/><REACH who="3" step="1"/><G90/><REACH who="3" ten="209,209,395,177" step="2"/><T132/><D4/><N who="1" m="1415" /><E58/><V45/><F36/><W112/><G112/><T74/><D70/><U15/><E15/><V121/><F12/><W25/><G25/><T92/><D13/><U127/><E127/><V67/><F124/><W134/><G134/><AGARI ba="1,1" hai="93,95,133,134,135" m="1415,49259,24607" machi="134" ten="30,7700,0" yaku="20,1,19,1,52,2" doraHai="89" who="1" fromWho="3" sc="209,0,209,90,395,0,177,-80" /><INIT seed="3,0,0,5,1,110" ten="209,299,395,97" oya="3" hai0="25,107,74,92,34,121,81,4,9,7,97,114,98" hai1="73,119,2,67,104,49,75,57,38,36,48,112,51" hai2="124,33,29,47,132,43,116,111,87,103,52,115,42" hai3="64,45,39,65,80,0,68,113,18,11,60,16,50"/><W108/><G39/><T24/><D121/><U46/><E104/><V123/><F115/><W109/><G65/><T14/><D7/><U100/><E100/><V66/><F116/><W102/><G102/><T54/><D34/><U84/><E2/><V37/><F66/><W127/><G127/><T125/><D107/><U128/><E119/><V8/><F43/><W70/><G70/><T76/><D114/><U133/><E84/><V89/><F103/><W79/><G113/><T129/><D129/><U31/><E112/><V105/><F105/><W90/><G90/><T122/><D122/><U131/><E31/><V44/><F123/><W30/><G30/><T53/><D98/><U5/><E5/><V27/><F111/><N who="3" m="42571" /><G11/><T71/><D71/><U32/><E32/><V10/><F132/><W40/><G0/><T63/><D125/><U12/><E133/><V35/><F35/><W72/><AGARI ba="0,0" hai="16,18,40,45,50,60,64,68,72,79,80" m="42571" machi="72" ten="30,6000,0" yaku="14,1,10,1,54,1" doraHai="110" who="3" fromWho="3" sc="209,-20,299,-20,395,-20,97,60" /><INIT seed="3,1,0,3,5,112" ten="189,279,375,157" oya="3" hai0="66,32,73,37,53,83,44,13,87,46,4,8,1" hai1="130,57,16,15,41,113,116,23,88,95,60,10,119" hai2="105,114,85,35,122,80,92,67,132,0,29,133,28" hai3="110,68,78,30,45,19,22,12,109,103,69,135,89"/><W96/><G78/><T74/><D32/><U7/><E113/><V50/><F105/><W127/><G127/><T81/><D66/><U79/><E79/><V21/><F114/><W104/><G135/><N who="2" m="51785" /><F35/><W94/><G30/><T90/><D83/><U65/><E41/><V77/><F0/><W5/><G45/><T99/><D1/><U14/><REACH who="1" step="1"/><E130/><REACH who="1" ten="189,269,375,157" step="2"/><V128/><F128/><W39/><G39/><T124/><D37/><U75/><E75/><V49/><F77/><W20/><G5/><T126/><D74/><U123/><E123/><V55/><F122/><W72/><G72/><T63/><D73/><U125/><E125/><V118/><F29/><W47/><G47/><T98/><D46/><U82/><E82/><V40/><F80/><W54/><G110/><T31/><D126/><U117/><E117/><V86/><F118/><W102/><G109/><T84/><D44/><U24/><E24/><V11/><F28/><W9/><G69/><T91/><D31/><U129/><E129/><V6/><F6/><W107/><G68/><T106/><D124/><U17/><E17/><V48/><F40/><W121/><G121/><T33/><D81/><U76/><E76/><V101/><F50/><W64/><G54/><T58/><D53/><U34/><E34/><V134/><F49/><W42/><G42/><T52/><D33/><U131/><E131/><V93/><F48/><W61/><G64/><T71/><D71/><U111/><E111/><V56/><F55/><W18/><G18/><T27/><D52/><U26/><E26/><V115/><F67/><W43/><G43/><RYUUKYOKU ba="1,1" sc="189,-10,269,30,375,-10,157,-10" hai1="7,10,14,15,16,23,57,60,65,88,95,116,119" /><INIT seed="4,2,1,0,4,67" ten="179,299,365,147" oya="0" hai0="133,18,119,0,58,66,84,37,100,59,44,120,101" hai1="8,30,81,46,102,28,78,6,53,126,72,22,125" hai2="54,113,74,118,127,130,95,109,116,31,7,135,60" hai3="36,103,112,19,110,15,122,79,2,76,89,39,11"/><T48/><D120/><U17/><E102/><V42/><F109/><W34/><G110/><T1/><D119/><N who="2" m="45610" /><F74/><W98/><G122/><T80/><D37/><U47/><E30/><V4/><F113/><W5/><G34/><T131/><D131/><U9/><E28/><V20/><F127/><N who="1" m="48649" /><E53/><V104/><F104/><W82/><G89/><T88/><D133/><U57/><E57/><N who="0" m="21513" /><D1/><N who="1" m="79" /><E9/><V29/><F54/><W23/><G79/><T51/><D0/><U32/><E32/><V111/><F111/><W134/><G112/><T14/><D66/><U91/><E91/><V93/><F31/><W108/><G134/><T90/><D90/><U64/><E64/><V10/><F10/><W13/><G108/><T114/><D114/><U62/><E62/><V87/><F60/><W52/><G2/><T117/><D117/><U63/><E63/><V24/><F135/><W105/><REACH who="3" step="1"/><G52/><REACH who="3" ten="179,299,365,137" step="2"/><N who="0" m="29703" /><D100/><U71/><E78/><V96/><F130/><W25/><G25/><T83/><D101/><U49/><E47/><V21/><F24/><W94/><G94/><T97/><D83/><U12/><E81/><V86/><F93/><W50/><G50/><T129/><D51/><U65/><E49/><V99/><F95/><W121/><G121/><T27/><D27/><U40/><E46/><V56/><F96/><W45/><G45/><T33/><D97/><U123/><E123/><V38/><F99/><W73/><AGARI ba="2,2" hai="5,11,13,15,19,23,36,39,73,76,82,98,103,105" machi="73" ten="20,5200,0" yaku="1,1,0,1,7,1,53,1" doraHai="67" doraHaiUra="92" who="3" fromWho="3" sc="179,-28,299,-15,365,-15,137,78" /><INIT seed="5,0,0,0,0,117" ten="151,284,350,215" oya="1" hai0="84,121,0,69,71,105,66,6,100,134,60,72,55" hai1="36,15,64,13,26,3,7,53,56,75,68,133,123" hai2="47,81,119,125,106,61,101,128,9,1,135,103,116" hai3="79,59,51,127,88,44,27,33,45,57,70,43,41"/><U17/><E36/><V80/><F125/><W107/><G127/><T67/><D84/><U49/><E75/><V129/><F61/><W94/><G70/><N who="0" m="42311" /><D55/><U132/><E3/><V112/><F47/><W29/><G107/><T46/><D46/><U109/><E109/><V76/><F9/><W102/><G102/><T62/><D134/><N who="1" m="51819" /><E7/><V110/><F1/><W92/><G92/><T83/><D71/><U32/><E68/><V14/><F14/><N who="1" m="5129" /><E64/><V98/><F135/><W126/><G79/><N who="0" m="44519" /><D6/><U50/><E50/><V96/><F110/><W37/><REACH who="3" step="1"/><G126/><REACH who="3" ten="151,284,350,205" step="2"/><T78/><D78/><U120/><E32/><V87/><F116/><W19/><G19/><T74/><D100/><U20/><AGARI ba="0,1" hai="17,20,26,49,53,56,120,123" m="5129,51819" machi="20" ten="30,6000,0" yaku="20,1,52,2" doraHai="117" who="1" fromWho="1" sc="151,-20,284,70,350,-20,205,-20" /><INIT seed="5,1,0,5,0,49" ten="131,354,330,185" oya="1" hai0="64,114,115,86,63,135,55,29,46,62,76,67,17" hai1="30,40,123,80,112,96,74,28,3,83,0,134,111" hai2="33,48,77,23,10,16,6,2,36,95,128,97,52" hai3="15,70,127,8,32,87,25,65,53,38,58,59,84"/><U56/><E123/><V124/><F128/><W120/><G38/><T126/><D29/><U78/><E112/><N who="0" m="43049" /><D17/><U99/><E40/><V12/><F36/><W20/><G120/><T133/><D76/><U57/><E78/><V34/><F124/><W1/><G127/><T106/><D86/><U116/><E134/><N who="0" m="51209" /><D106/><U101/><E116/><V54/><F54/><W90/><G1/><T60/><D126/><U108/><E101/><V41/><F41/><W117/><G117/><T4/><D4/><U19/><E19/><V92/><F77/><W51/><G32/><T75/><D75/><AGARI ba="1,0" hai="0,3,28,30,56,57,74,75,80,83,96,99,108,111" machi="75" ten="25,2400,0" yaku="22,2" doraHai="49" who="1" fromWho="0" sc="131,-27,354,27,330,0,185,0" /><INIT seed="5,2,0,5,0,135" ten="104,381,330,185" oya="1" hai0="3,52,105,56,70,37,7,112,29,8,27,25,14" hai1="86,34,53,46,106,0,23,85,48,12,120,79,40" hai2="134,10,15,72,100,104,5,103,123,129,82,62,122" hai3="113,88,30,91,67,39,96,95,78,32,114,60,94"/><U33/><E0/><V13/><F134/><W64/><G39/><T42/><D105/><U58/><E106/><V38/><F129/><W77/><G32/><T66/><D112/><N who="3" m="43113" /><G30/><T9/><D70/><U54/><E120/><V83/><F38/><W1/><G1/><T131/><D131/><U73/><E73/><V126/><F62/><W130/><G130/><T127/><D66/><N who="3" m="25129" /><G60/><T61/><D37/><U18/><E34/><V44/><F104/><W87/><AGARI ba="2,0" hai="77,78,87,88,91,94,95,96" m="25129,43113" machi="87" ten="30,2000,0" yaku="15,1,54,1" doraHai="135" who="3" fromWho="3" sc="104,-7,381,-12,330,-7,185,26" /><INIT seed="6,0,0,3,2,4" ten="97,369,323,211" oya="2" hai0="53,23,9,66,90,21,10,43,57,133,70,105,119" hai1="7,29,76,20,83,3,94,47,118,117,99,22,113" hai2="49,65,101,40,81,111,91,109,27,54,129,132,16" hai3="14,1,126,74,58,95,130,63,84,116,19,41,89"/><V24/><F40/><W124/><G116/><T51/><D105/><U59/><E113/><V110/><F129/><W55/><G1/><T64/><D119/><U68/><E68/><V6/><F132/><W121/><G121/><T128/><D133/><U107/><E107/><V42/><F42/><W88/><G74/><T25/><D128/><U39/><E59/><V97/><F65/><N who="0" m="25194" /><D70/><U12/><E12/><V56/><F6/><W104/><G130/><T127/><D127/><N who="3" m="48681" /><G104/><T48/><D90/><U31/><E31/><V108/><F108/><W131/><G131/><T79/><D79/><U115/><E29/><V114/><F114/><W85/><G41/><T96/><D96/><U2/><E115/><V87/><REACH who="2" step="1"/><F16/><REACH who="2" ten="97,369,313,211" step="2"/><W36/><G36/><T134/><D134/><U11/><E39/><V34/><F34/><W46/><G19/><T93/><D43/><U13/><E118/><V62/><F62/><W17/><G17/><N who="0" m="12527" /><D48/><U100/><E117/><V0/><F0/><W135/><G135/><T18/><D93/><AGARI ba="0,1" hai="24,27,49,54,56,81,87,91,93,97,101,109,110,111" machi="93" ten="40,3900,0" yaku="1,1,10,1,53,0" doraHai="4" doraHaiUra="37" who="2" fromWho="0" sc="97,-39,369,0,313,49,211,0" /><INIT seed="6,1,0,0,3,40" ten="58,369,362,211" oya="2" hai0="84,21,28,34,133,116,54,128,67,87,92,45,75" hai1="74,12,20,4,95,62,109,106,113,102,79,48,59" hai2="86,111,96,81,104,73,25,27,80,57,94,49,0" hai3="9,6,108,8,63,123,129,68,131,19,35,132,126"/><V31/><F0/><W83/><G108/><T114/><D75/><U65/><E109/><V3/><F3/><W13/><G123/><T11/><D114/><U29/><E106/><V30/><F104/><W18/><G68/><T2/><D133/><U24/><E113/><V134/><F73/><W58/><G132/><T17/><D128/><N who="3" m="49225" /><G35/><T91/><D116/><U64/><E74/><V78/><F80/><W85/><G9/><T41/><D54/><U23/><E79/><V135/><F111/><W124/><G19/><T69/><D87/><U93/><E64/><V1/><F1/><W101/><G101/><T72/><D72/><U107/><E102/><N who="2" m="60695" /><F134/><W127/><G6/><T33/><D28/><N who="2" m="10794" /><F135/><W117/><G117/><T121/><D121/><U50/><E107/><V61/><F49/><N who="1" m="19049" /><E4/><V115/><F115/><W10/><G10/><T125/><D11/><U122/><E122/><V89/><F78/><N who="3" m="46327" /><G127/><T99/><D2/><U55/><E95/><V118/><F118/><W60/><G60/><T16/><D125/><U88/><E93/><V32/><F32/><W105/><G105/><T5/><D5/><U53/><E88/><V46/><F89/><W77/><G77/><T47/><D33/><U70/><E70/><V76/><F76/><W66/><AGARI ba="1,0" hai="8,13,18,58,63,66,124,126" m="46327,49225" machi="66" ten="30,1100,0" yaku="19,1" doraHai="40" who="3" fromWho="3" sc="58,-4,369,-4,362,-6,211,14" /><INIT seed="7,0,0,0,1,32" ten="54,365,356,225" oya="3" hai0="38,6,21,93,115,66,4,24,79,103,17,56,82" hai1="2,22,78,83,135,40,76,26,84,109,91,86,63" hai2="44,111,59,50,55,11,28,89,116,49,45,100,129" hai3="88,121,23,133,0,3,37,102,43,92,12,120,15"/><W67/><G102/><T75/><D38/><U122/><E109/><V60/><F111/><W33/><G33/><T39/><D39/><U16/><E122/><V95/><F116/><W52/><G67/><T131/><D131/><U10/><E135/><V71/><F71/><W127/><G121/><T124/><D124/><U97/><E40/><N who="2" m="24711" /><F129/><W123/><G123/><T41/><D41/><U117/><E117/><V8/><F28/><W118/><G118/><T69/><D69/><U70/><E97/><N who="2" m="57583" /><F100/><W13/><G23/><T94/><D115/><U68/><E63/><V81/><F81/><W46/><G120/><T128/><D128/><U42/><E42/><AGARI ba="0,0" hai="8,11,42,45,50,55,59,60" m="57583,24711" machi="42" ten="30,1000,0" yaku="8,1" doraHai="32" who="2" fromWho="1" sc="54,0,365,-10,356,10,225,0" owari="54,-45.0,355,16.0,366,46.0,225,-17.0" /></mjloggm>