<mjloggm ver="2.3"><GO type="225" lobby="0"/><UN n0="%E3%83%AD%E3%83%9C%E3%82%B3%E3%83%97" n1="%6E%61%6F%6B%69%33%39" n2="%E3%82%AF%E3%82%A3%E3%82%A6" n3="%6B%79%6F%6E%6B%6F%31%31" dan="16,17,16,17" rate="2135.76,2178.86,2082.19,2202.91" sx="M,M,M,M"/><TAIKYOKU oya="0"/><INIT seed="0,0,0,5,0,91" ten="250,250,250,250" oya="0" hai0="56,133,110,6,5,17,62,13,33,77,117,57,92" hai1="66,52,12,45,7,22,75,59,116,74,120,97,79" hai2="100,113,36,96,32,68,108,65,95,49,58,105,134" hai3="81,50,54,39,35,114,2,18,42,37,19,53,3"/><T73/><D117/><U87/><E116/><V44/><F113/><W94/><G35/><T121/><D121/><U21/><E120/><V67/><F32/><W31/><G31/><T60/><D33/><U89/><E66/><V47/><F134/><W55/><G114/><T107/><D107/><U123/><E45/><V115/><F115/><W16/><G81/><T127/><D133/><U104/><E123/><V102/><F108/><W51/><G94/><T63/><D110/><U11/><E79/><V88/><F105/><W124/><G42/><T131/><D131/><U80/><E75/><V29/><F29/><W122/><G122/><T78/><D127/><U46/><E46/><N who="2" m="17451" /><F68/><W26/><G26/><T10/><D73/><U28/><E28/><V72/><F36/><N who="3" m="13899" /><G124/><T132/><D132/><U61/><E74/><V125/><F72/><W98/><G98/><T71/><D71/><U84/><E84/><V99/><F99/><W43/><G43/><T38/><D38/><U20/><E104/><V118/><F118/><W23/><G23/><T9/><D78/><U76/><E97/><V85/><F125/><W111/><G111/><T1/><D77/><U83/><E76/><V40/><F40/><W69/><G69/><T0/><REACH who="0" step="1"/><D92/><AGARI ba="0,0" hai="7,11,12,20,21,22,52,59,61,80,83,87,89,92" machi="92" ten="40,5200,0" yaku="8,1,52,1,54,1" doraHai="91" who="1" fromWho="0" sc="250,-52,250,52,250,0,250,0" /><INIT seed="1,0,0,5,2,30" ten="198,302,250,250" oya="1" hai0="56,100,101,114,19,23,88,126,77,89,87,120,95" hai1="61,29,16,125,22,134,67,128,45,123,111,108,68" hai2="59,9,62,98,75,20,55,130,96,124,42,40,35" hai3="39,131,97,79,82,91,133,2,74,18,132,104,71"/><U12/><E123/><V38/><F75/><W109/><G2/><T107/><D114/><U112/><E112/><V7/><F124/><W32/><G39/><T15/><D120/><U66/><E125/><V119/><F119/><W5/><G5/><T113/><D113/><U103/><E103/><V86/><F130/><W33/><G131/><T105/><D126/><U135/><E128/><V64/><F20/><W83/><G71/><T76/><D107/><U0/><E0/><V13/><F86/><N who="3" m="50655" /><G109/><N who="1" m="42058" /><E66/><V51/><F35/><W72/><G72/><T94/><D56/><U102/><E102/><V127/><F127/><W69/><G69/><T117/><D117/><U53/><E29/><V28/><F28/><W52/><G18/><T90/><D105/><U17/><E17/><V3/><F3/><W41/><G41/><N who="2" m="15977" /><F38/><W92/><G104/><T93/><D76/><U84/><E84/><V73/><F73/><W4/><G4/><T118/><D118/><U27/><E27/><V47/><AGARI ba="0,0" hai="7,9,13,47,51,55,59,62,64,96,98" m="15977" machi="47" ten="30,1100,0" yaku="8,1" doraHai="30" who="2" fromWho="2" sc="198,-3,302,-5,250,11,250,-3" /><INIT seed="2,0,0,2,4,126" ten="195,297,261,247" oya="2" hai0="33,68,104,75,25,97,102,122,71,19,101,7,95" hai1="17,111,12,47,119,13,69,45,24,132,123,0,103" hai2="67,61,84,115,59,30,91,83,64,54,81,8,57" hai3="37,85,10,76,112,48,2,80,18,98,82,99,77"/><V105/><F105/><W72/><G112/><T40/><D122/><U14/><E69/><V133/><F115/><W5/><G48/><T32/><D75/><U43/><E0/><V118/><F118/><W56/><G56/><T52/><D40/><U93/><E119/><V89/><F133/><W120/><G120/><T87/><D7/><U88/><E103/><V66/><F30/><W20/><REACH who="3" step="1"/><G37/><REACH who="3" ten="195,297,261,237" step="2"/><T36/><D36/><U11/><E123/><V34/><F34/><W28/><G28/><T109/><D32/><U21/><E132/><V94/><F8/><W15/><AGARI ba="0,1" hai="2,5,10,15,18,20,72,76,77,80,82,85,98,99" machi="15" ten="20,2700,0" yaku="1,1,0,1,7,1,53,0" doraHai="126" doraHaiUra="55" who="3" fromWho="3" sc="195,-7,297,-7,261,-13,237,37" /><INIT seed="3,0,0,2,0,40" ten="188,290,248,274" oya="3" hai0="103,98,104,6,96,119,82,70,100,60,30,69,41" hai1="120,48,19,75,132,88,38,26,25,55,127,85,92" hai2="12,73,32,56,91,128,36,121,34,68,62,79,11" hai3="97,9,74,83,106,71,95,44,2,123,22,126,45"/><W15/><G123/><T53/><D119/><U84/><E75/><V29/><F68/><W86/><G71/><T46/><D6/><U65/><E38/><V35/><F128/><W58/><G106/><T113/><D113/><U134/><E120/><V51/><F121/><W21/><G74/><T76/><D30/><U80/><E65/><V49/><F36/><W118/><G2/><T133/><D133/><N who="1" m="51307" /><E19/><V77/><F29/><W67/><G126/><T90/><D90/><N who="1" m="53319" /><E127/><V14/><F91/><N who="3" m="55551" /><G118/><T17/><D17/><U81/><E81/><V89/><F89/><N who="3" m="51423" /><G58/><AGARI ba="0,0" hai="25,26,48,55,58,80,85,88" m="53319,51307" machi="58" ten="30,2000,0" yaku="20,1,54,1" doraHai="40" who="1" fromWho="3" sc="188,0,290,20,248,0,274,-20" owari="188,-31.0,310,41.0,248,-15.0,254,5.0" /></mjloggm>