<mjloggm ver="2.3"><GO type="169" lobby="0"/><UN n0="%E3%81%86%E3%81%95%E3%81%8E%E3%83%95%E3%82%A1%E3%83%B3%E3%82%B7%E3%83%BC" n1="%E3%81%BF%E3%81%A3%E3%81%8D%E3%83%BC" n2="%E3%81%88%E3%82%93%E3%81%BA%E3%82%89%E3%83%BC" n3="%4E%4F%2E%E2%85%A0" dan="16,17,16,16" rate="2092.12,2208.98,2143.91,2234.40" sx="F,M,M,M"/><TAIKYOKU oya="0"/><INIT seed="0,0,0,1,1,43" ten="250,250,250,250" oya="0" hai0="15,49,24,37,85,1,84,61,46,2,42,47,83" hai1="67,82,75,20,34,33,86,114,113,87,125,40,97" hai2="26,95,53,55,12,90,99,38,112,74,124,105,89" hai3="36,128,39,102,110,123,107,98,76,104,132,133,81"/><T121/><D121/><U50/><E67/><V72/><F112/><N who="1" m="43113" /><E125/><V94/><F105/><N who="3" m="63703" /><G36/><T18/><D24/><U111/><E111/><V23/><F124/><W48/><G48/><T11/><D61/><U130/><E130/><V60/><F12/><W58/><G58/><T127/><D127/><U28/><E75/><V126/><F38/><W19/><G19/><T27/><D27/><N who="1" m="16487" /><E87/><V59/><F55/><W119/><G39/><T91/><REACH who="0" step="1"/><D85/><REACH who="0" ten="240,250,250,250" step="2"/><U88/><E97/><V78/><F126/><W122/><G122/><T41/><AGARI ba="0,1" hai="1,2,11,15,18,37,41,42,46,47,49,83,84,91" machi="41" ten="20,18000,2" yaku="1,1,2,1,0,1,7,1,52,2,53,1" doraHai="43" doraHaiUra="6" who="0" fromWho="0" sc="240,190,250,-60,250,-60,250,-60" /><INIT seed="0,1,0,4,2,10" ten="430,190,190,190" oya="0" hai0="43,112,117,121,33,25,104,60,82,103,55,41,120" hai1="87,50,85,29,74,119,116,124,91,4,30,39,66" hai2="105,118,31,16,131,58,135,102,51,98,95,27,59" hai3="70,7,65,8,63,90,1,12,81,46,100,96,126"/><T3/><D117/><U93/><E39/><V110/><F110/><W62/><G126/><T122/><D112/><U69/><E74/><V73/><F73/><W52/><G1/><T53/><D3/><U19/><E4/><V76/><F76/><W40/><G90/><T130/><D130/><U109/><E109/><V75/><F75/><W26/><G81/><T89/><D104/><U108/><E108/><V13/><F105/><W68/><G26/><T9/><D103/><U47/><E124/><V37/><F37/><W45/><G40/><T17/><D33/><U77/><E66/><V92/><F131/><W21/><G21/><T56/><D55/><U134/><E69/><V94/><F135/><W99/><G99/><T106/><D106/><U101/><E101/><V14/><F118/><W86/><G86/><T64/><D64/><U78/><E134/><V128/><F128/><W6/><G6/><T35/><D35/><U38/><E38/><V72/><F72/><W113/><G113/><T15/><REACH who="0" step="1"/><D25/><REACH who="0" ten="420,190,190,190" step="2"/><U48/><E116/><V115/><F115/><W18/><G52/><T5/><D5/><U132/><E119/><V61/><F27/><W32/><G32/><T71/><D71/><U83/><E132/><V107/><F107/><W22/><G70/><T28/><D28/><U125/><E29/><V0/><F31/><W20/><G7/><T111/><D111/><U11/><E30/><V123/><F0/><W49/><G68/><T80/><D80/><N who="1" m="47255" /><E125/><V34/><F34/><W44/><G65/><T54/><D54/><U114/><E114/><V67/><F67/><RYUUKYOKU ba="1,1" sc="420,30,190,-10,190,-10,190,-10" hai0="9,15,17,41,43,53,56,60,82,89,120,121,122" /><INIT seed="0,2,1,0,4,45" ten="450,180,180,180" oya="0" hai0="33,114,104,103,56,65,40,120,59,131,36,76,116" hai1="89,94,72,102,88,34,73,93,71,53,118,100,69" hai2="12,52,43,108,0,83,27,55,6,129,51,38,112" hai3="75,2,127,49,96,128,84,32,123,61,23,42,60"/><T26/><D116/><U11/><E11/><V24/><F112/><W46/><G75/><T66/><D114/><U106/><E34/><V22/><F0/><W79/><G32/><T7/><D120/><U86/><E118/><V15/><F38/><W82/><G123/><T115/><D115/><U25/><E25/><V125/><F108/><W124/><G2/><T35/><D7/><U57/><E71/><V14/><F6/><W28/><G128/><T134/><D131/><U111/><E69/><V74/><F27/><N who="3" m="16511" /><G96/><T63/><D134/><U117/><E111/><V29/><F129/><W85/><G84/><T17/><D76/><U30/><E30/><V119/><F119/><W113/><G113/><T19/><D40/><U68/><E68/><V9/><F9/><W21/><G21/><T133/><D36/><U39/><E39/><V109/><F109/><W37/><G37/><T31/><D133/><U87/><E117/><V78/><REACH who="2" step="1"/><F125/><AGARI ba="2,1" hai="42,46,49,60,61,79,82,85,124,125,127" m="16511" machi="125" ten="30,2000,0" yaku="18,1,52,1" doraHai="45" who="3" fromWho="2" sc="450,0,180,0,180,-26,180,36" /><INIT seed="1,0,0,4,4,70" ten="450,180,154,216" oya="1" hai0="95,1,50,76,65,20,117,91,35,18,10,111,83" hai1="13,23,27,107,78,122,103,100,44,7,19,4,72" hai2="88,81,131,80,34,54,106,134,53,126,64,130,123" hai3="5,45,75,77,97,129,8,48,113,90,120,28,87"/><U46/><E122/><V40/><F34/><W30/><G129/><T15/><D117/><U119/><E119/><V39/><F106/><W29/><G113/><T55/><D111/><U69/><E69/><V6/><F123/><W96/><G75/><T57/><D35/><U49/><E78/><V56/><F64/><W68/><G68/><T128/><D128/><N who="2" m="49194" /><F134/><W3/><G77/><T118/><D118/><U47/><E72/><V104/><F104/><W51/><G120/><T2/><D65/><U85/><E85/><N who="2" m="50215" /><F6/><N who="1" m="2089" /><E107/><V127/><F81/><W98/><REACH who="3" step="1"/><G45/><REACH who="3" ten="450,180,154,206" step="2"/><N who="1" m="17514" /><E27/><V11/><F127/><W60/><G60/><T59/><D76/><U42/><AGARI ba="0,1" hai="13,19,23,42,47,49,100,103" m="17514,2089" machi="42" ten="30,1500,0" yaku="8,1" doraHai="70" who="1" fromWho="1" sc="450,-5,180,25,154,-5,206,-5" /><INIT seed="1,1,0,4,2,89" ten="445,205,149,201" oya="1" hai0="84,115,8,96,112,121,46,31,104,101,10,11,52" hai1="5,19,20,42,12,108,23,25,49,95,134,18,44" hai2="54,36,32,7,63,72,22,39,68,29,126,122,28" hai3="82,64,1,86,114,105,123,87,88,98,43,60,93"/><U47/><E134/><V75/><F32/><W15/><G1/><T33/><D121/><U17/><E108/><V40/><F7/><W2/><G2/><T21/><D33/><U65/><E65/><V81/><F22/><W3/><G3/><T59/><D46/><U41/><E5/><V80/><F63/><W94/><G114/><T74/><D74/><U103/><E19/><V55/><F40/><W27/><G123/><T120/><D84/><U92/><REACH who="1" step="1"/><E103/><REACH who="1" ten="445,195,149,201" step="2"/><V48/><F122/><W34/><G64/><T118/><D120/><U83/><E83/><V97/><F81/><W66/><G66/><T129/><D115/><U57/><E57/><V127/><F80/><W62/><G82/><T53/><D112/><U116/><E116/><V124/><F124/><W38/><G88/><T61/><D118/><U128/><E128/><V100/><F100/><W107/><G27/><T14/><D129/><U45/><E45/><V117/><F117/><W132/><G132/><T26/><D53/><U56/><E56/><V13/><F68/><W16/><G16/><AGARI ba="1,1" hai="8,10,11,14,16,21,26,31,52,59,61,96,101,104" machi="16" ten="30,3900,0" yaku="7,1,54,2" doraHai="89" who="0" fromWho="3" sc="445,52,195,0,149,0,201,-42" /><INIT seed="2,0,0,4,1,97" ten="497,195,149,159" oya="2" hai0="5,134,15,70,101,0,35,10,132,131,20,12,63" hai1="105,127,28,49,126,81,92,118,34,84,16,2,57" hai2="8,67,112,75,110,32,64,80,31,111,36,99,113" hai3="54,107,71,65,102,41,50,60,93,11,61,44,4"/><V26/><F36/><W90/><G107/><T125/><D131/><U108/><E105/><V27/><F75/><W130/><G130/><T89/><D35/><U82/><E118/><V37/><F37/><W98/><G60/><T117/><D117/><U69/><E69/><V19/><F80/><W58/><G90/><T124/><D101/><U86/><E2/><V122/><F99/><W128/><G128/><T17/><D89/><U115/><E115/><N who="2" m="44107" /><F64/><W77/><G77/><T39/><D39/><U72/><E72/><V13/><F67/><W23/><G23/><T119/><D119/><U87/><E57/><V85/><F85/><W29/><G29/><T106/><D106/><U120/><E49/><V33/><F122/><W100/><G100/><T68/><D0/><U78/><E120/><V104/><F104/><W94/><G94/><T135/><D63/><U21/><E92/><V88/><F88/><W47/><REACH who="3" step="1"/><G41/><REACH who="3" ten="497,195,149,149" step="2"/><T46/><D20/><U133/><E28/><AGARI ba="0,1" hai="8,13,19,26,27,28,31,32,33,110,111" m="44107" machi="28" ten="30,2900,0" yaku="34,2" doraHai="97" who="2" fromWho="1" sc="497,0,195,-29,149,39,149,0" /><INIT seed="2,1,0,5,2,118" ten="497,166,188,149" oya="2" hai0="113,119,36,8,48,84,96,127,17,71,29,19,15" hai1="100,88,124,72,5,20,51,31,47,73,76,107,38" hai2="0,79,9,16,78,132,85,40,11,116,94,89,18" hai3="52,28,62,114,44,104,97,82,135,110,3,109,39"/><V25/><F132/><W74/><G3/><T95/><D36/><U10/><E38/><V126/><F116/><W59/><G28/><T99/><D119/><U26/><E124/><V117/><F117/><W103/><G135/><T53/><D127/><U12/><E76/><N who="2" m="29227" /><F0/><W21/><G114/><T98/><D113/><U75/><E107/><V122/><F122/><W57/><G21/><T77/><D71/><U54/><REACH who="1" step="1"/><E100/><REACH who="1" ten="497,156,188,149" step="2"/><V92/><F126/><W128/><G39/><T60/><D77/><U50/><E50/><V49/><F94/><W43/><G74/><T42/><D48/><U66/><E66/><V27/><F27/><W129/><G82/><T91/><D95/><U45/><E45/><N who="2" m="25767" /><F25/><W64/><G103/><T80/><D80/><U13/><E13/><V6/><F6/><W134/><G104/><T108/><D15/><U123/><E123/><V111/><F111/><W133/><G134/><T22/><D108/><U81/><E81/><V58/><F58/><W120/><G120/><T86/><D91/><AGARI ba="1,1" hai="5,10,12,20,26,31,47,51,54,72,73,75,88,91" machi="91" ten="40,2600,0" yaku="1,1,54,1,53,0" doraHai="118" doraHaiUra="83" who="1" fromWho="0" sc="497,-29,156,39,188,0,149,0" /><INIT seed="3,0,0,0,2,130" ten="468,195,188,149" oya="3" hai0="122,97,108,119,78,83,77,90,69,47,9,73,94" hai1="117,30,133,75,57,123,116,112,66,68,92,23,13" hai2="110,3,63,41,107,37,24,87,67,104,42,2,45" hai3="121,59,115,111,125,103,50,54,17,38,19,82,4"/><W134/><G121/><T101/><D69/><U0/><E75/><V48/><F110/><W118/><G118/><N who="1" m="45674" /><E68/><V135/><F48/><W79/><G115/><T33/><D119/><U32/><E66/><V124/><F124/><W132/><G125/><T20/><D33/><U25/><E57/><V100/><F87/><W80/><G38/><T34/><D34/><U65/><E65/><V120/><F24/><W98/><G4/><T60/><D108/><U44/><E44/><V22/><F22/><W91/><G91/><T127/><D127/><U113/><E92/><V129/><F42/><W10/><G111/><T15/><D122/><U88/><E123/><V89/><F89/><W35/><G35/><T114/><D114/><U128/><E88/><V126/><F126/><W76/><G10/><T71/><D47/><U46/><E46/><V81/><F81/><W70/><G70/><T14/><D78/><U5/><E128/><V131/><F120/><W1/><G1/><N who="2" m="9" /><F131/><W16/><G82/><T12/><D71/><U96/><E96/><N who="2" m="61447" /><F107/><W49/><G49/><T27/><D60/><U43/><E43/><V105/><F105/><W84/><REACH who="3" step="1"/><G76/><REACH who="3" ten="468,195,188,139" step="2"/><T95/><D90/><U18/><E112/><V26/><F129/><W21/><G21/><T93/><D9/><N who="1" m="2215" /><E113/><V86/><F37/><W11/><G11/><T55/><D77/><U53/><E32/><V40/><F40/><W52/><G52/><T29/><D55/><U28/><E53/><V36/><F67/><W62/><G62/><T64/><D64/><U31/><E23/><V58/><F41/><W51/><G51/><RYUUKYOKU ba="0,1" sc="468,15,195,-15,188,-15,139,15" hai0="12,14,15,20,27,29,73,83,93,94,95,97,101" hai3="16,17,19,50,54,59,79,80,84,98,103,132,134" /><INIT seed="3,1,1,0,3,122" ten="483,180,173,154" oya="3" hai0="104,91,24,0,36,3,41,105,28,96,116,51,66" hai1="55,37,54,7,10,124,9,99,98,79,114,84,107" hai2="62,127,21,94,87,82,133,5,23,50,112,39,135" hai3="12,14,18,90,115,65,47,134,25,119,108,106,125"/><W95/><G119/><T53/><D116/><U97/><E114/><V118/><F39/><W131/><G115/><T85/><D66/><U83/><E124/><V64/><F112/><W22/><G106/><T4/><D36/><U76/><E37/><V117/><F117/><W73/><G125/><T33/><D41/><U57/><E107/><V130/><F127/><W102/><G73/><T110/><D110/><U29/><E29/><V43/><F94/><W15/><G102/><T86/><D86/><U92/><E92/><V68/><F118/><W26/><G134/><N who="2" m="51209" /><F5/><W34/><G131/><T46/><D4/><U121/><E121/><V58/><F130/><W81/><G81/><T129/><D129/><U74/><E74/><V20/><F43/><W70/><G47/><T88/><D105/><U128/><E128/><V67/><F50/><W63/><G108/><T113/><D113/><U89/><E55/><N who="2" m="34143" /><F68/><W78/><G78/><AGARI ba="1,1" hai="20,21,23,64,67,78,82,87" m="34143,51209" machi="78" ten="30,1000,0" yaku="20,1" doraHai="122" who="2" fromWho="3" sc="483,0,180,0,173,23,154,-13" /><INIT seed="4,0,0,2,3,125" ten="483,180,196,141" oya="0" hai0="85,7,124,69,38,115,57,18,104,37,36,31,73" hai1="47,130,64,40,114,0,14,1,120,70,127,19,71" hai2="9,23,51,129,63,86,113,20,116,84,58,68,67" hai3="117,87,49,106,22,15,102,42,65,133,6,108,61"/><T82/><D124/><U121/><E64/><V21/><F113/><W11/><G108/><T10/><D115/><U62/><E62/><V25/><F116/><W118/><G133/><T43/><D69/><U135/><E127/><V98/><F25/><W12/><G87/><T30/><D73/><U111/><E114/><V3/><F3/><W56/><G106/><T66/><D104/><U132/><E111/><V75/><F75/><W91/><G102/><T39/><D18/><U48/><E0/><V33/><F33/><W112/><G91/><T50/><D39/><U103/><E103/><V131/><F9/><W110/><G110/><T80/><D66/><U107/><E1/><V126/><F126/><W46/><REACH who="3" step="1"/><G112/><REACH who="3" ten="483,180,196,131" step="2"/><T32/><D85/><U97/><E107/><V13/><F13/><W5/><G5/><T74/><D7/><U52/><E132/><V8/><F98/><W76/><G76/><T109/><D74/><U53/><E97/><V44/><F68/><W83/><G83/><T99/><D82/><U81/><E81/><V45/><F86/><W101/><G101/><T123/><D80/><U72/><E72/><V90/><F8/><W88/><G88/><T24/><D99/><U4/><E70/><V100/><F100/><W59/><G59/><T41/><D57/><U128/><E71/><V119/><F119/><W35/><G35/><T93/><D32/><U89/><E135/><V2/><F2/><W16/><AGARI ba="0,1" hai="6,11,12,15,16,22,42,46,49,56,61,65,117,118" machi="16" ten="30,4000,0" yaku="1,1,0,1,54,1,53,0" doraHai="125" doraHaiUra="26" who="3" fromWho="3" sc="483,-20,180,-10,196,-10,131,50" /><INIT seed="5,0,0,5,2,35" ten="463,170,186,181" oya="1" hai0="30,11,20,126,41,49,33,89,83,6,66,43,134" hai1="115,86,111,90,25,29,48,120,7,92,16,107,113" hai2="94,125,19,56,4,22,67,110,0,99,2,103,32" hai3="59,46,80,87,98,114,74,135,1,72,129,130,79"/><U8/><E120/><V12/><F110/><W21/><G114/><N who="1" m="43530" /><E107/><V121/><F121/><W73/><G1/><T97/><D33/><U44/><E111/><V62/><F32/><W131/><G46/><T75/><D134/><U26/><E29/><V117/><F125/><W34/><G34/><T18/><D126/><U71/><E71/><V42/><F117/><W112/><G112/><T54/><D66/><U65/><E65/><V133/><F133/><W76/><G59/><T24/><D30/><U96/><E96/><V9/><REACH who="2" step="1"/><F42/><REACH who="2" ten="463,170,176,181" step="2"/><W93/><G135/><T88/><D43/><N who="1" m="24607" /><E16/><V38/><F38/><W81/><REACH who="3" step="1"/><G21/><REACH who="3" ten="463,170,176,171" step="2"/><T3/><D20/><U122/><E122/><V77/><F77/><W108/><G108/><T45/><D41/><U36/><E36/><V28/><F28/><W47/><G47/><T53/><D45/><U23/><E23/><V50/><F50/><W39/><G39/><T52/><D49/><U124/><E124/><V100/><F100/><AGARI ba="0,2" hai="72,73,74,76,79,80,81,87,93,98,100,129,130,131" machi="100" ten="40,8000,1" yaku="1,1,19,1,34,3,53,0" doraHai="35" doraHaiUra="58" who="3" fromWho="2" sc="463,0,170,0,176,-80,171,100" /><INIT seed="6,0,0,4,5,102" ten="463,170,96,271" oya="2" hai0="49,74,119,90,14,86,19,43,124,78,47,31,9" hai1="68,52,44,62,97,73,85,1,76,7,0,92,63" hai2="84,41,133,123,40,71,51,13,26,110,106,112,15" hai3="80,48,83,128,105,23,37,35,87,25,115,5,99"/><V101/><F123/><W117/><G37/><T69/><D69/><U134/><E73/><V91/><F71/><W33/><G117/><T22/><D124/><U10/><E0/><V113/><F133/><W81/><G128/><T46/><D119/><U114/><E114/><N who="2" m="44139" /><F26/><W59/><G5/><T56/><D74/><U109/><E109/><V82/><F110/><W11/><G11/><T130/><D78/><U60/><E134/><V107/><F101/><W16/><G87/><T18/><D130/><U131/><E131/><V108/><F108/><W6/><G6/><T67/><D31/><U39/><E68/><V54/><F15/><W50/><G115/><T96/><D96/><U129/><E129/><V125/><F13/><W95/><G105/><N who="2" m="39945" /><F125/><W12/><G12/><T27/><D27/><U93/><E10/><V100/><F100/><W98/><G25/><T118/><D9/><U45/><E7/><V57/><AGARI ba="0,0" hai="40,41,51,54,57,82,84,91" m="39945,44139" machi="57" ten="30,11700,0" yaku="15,1,52,3" doraHai="102" who="2" fromWho="2" sc="463,-39,170,-39,96,117,271,-39" /><INIT seed="6,1,0,4,2,63" ten="424,131,213,232" oya="2" hai0="105,53,18,15,46,33,52,44,51,56,134,13,98" hai1="3,6,55,93,8,111,23,39,74,118,89,9,65" hai2="69,32,60,78,108,12,16,54,127,90,77,129,125" hai3="110,109,85,126,45,10,14,128,0,95,101,2,19"/><V114/><F32/><W68/><G128/><T50/><D134/><U11/><E111/><V123/><F123/><W106/><G126/><N who="2" m="48137" /><F129/><W36/><G106/><T120/><D120/><U59/><E39/><V86/><F114/><W97/><G68/><T41/><D33/><U113/><E74/><V81/><F108/><W30/><G110/><T31/><D31/><U80/><E113/><V73/><F73/><W76/><G30/><T43/><D18/><U67/><E80/><V72/><F72/><W40/><REACH who="3" step="1"/><G109/><REACH who="3" ten="424,131,213,222" step="2"/><T61/><D53/><U26/><E118/><V20/><F54/><W25/><G25/><T70/><D70/><U24/><E24/><V4/><F4/><W71/><G71/><T115/><D115/><U117/><E117/><V57/><F57/><W132/><G132/><T64/><D52/><U37/><E55/><V96/><F96/><W17/><G17/><T1/><D105/><U103/><E59/><V99/><F99/><W34/><G34/><T29/><D29/><U130/><E6/><V94/><F94/><W131/><G131/><T91/><D1/><U88/><E3/><V112/><F112/><W135/><G135/><T87/><D98/><U62/><E93/><AGARI ba="1,1" hai="13,15,41,43,44,46,50,51,56,61,64,87,91,93" machi="93" ten="30,7700,0" yaku="7,1,9,1,8,1,52,1" doraHai="63" who="0" fromWho="1" sc="424,90,131,-80,213,0,222,0" /><INIT seed="7,0,0,5,3,126" ten="514,51,213,222" oya="3" hai0="26,27,106,6,4,41,92,89,37,117,20,71,52" hai1="109,14,10,43,125,113,107,34,75,63,38,111,49" hai2="134,104,24,33,56,47,119,84,94,59,114,22,66" hai3="72,91,77,87,36,12,25,95,132,65,124,73,11"/><W21/><G124/><T78/><D117/><U135/><E49/><V30/><F104/><W86/><G132/><T88/><D106/><U46/><E63/><N who="2" m="38247" /><F33/><W44/><G65/><T105/><D105/><U61/><E14/><V90/><F119/><W93/><G36/><T5/><D71/><U23/><E23/><N who="2" m="15647" /><F134/><W115/><G115/><T103/><D78/><U51/><E34/><V120/><F114/><W133/><G133/><T127/><D41/><U54/><E75/><V128/><F128/><W122/><G44/><T62/><D37/><U55/><E107/><V53/><F120/><W129/><G129/><T74/><D74/><U82/><E113/><V1/><F1/><W28/><G122/><T57/><D27/><U15/><E125/><V64/><F22/><W81/><REACH who="3" step="1"/><G95/><REACH who="3" ten="514,51,213,212" step="2"/><T100/><D127/><U45/><E135/><V98/><F47/><W116/><G116/><T17/><D89/><U76/><E46/><V48/><F64/><W18/><AGARI ba="0,1" hai="11,12,18,21,25,28,72,73,77,81,86,87,91,93" machi="18" ten="20,3900,0" yaku="1,1,0,1,7,1,53,0" doraHai="126" doraHaiUra="97" who="3" fromWho="3" sc="514,-13,51,-13,213,-13,212,49" /><INIT seed="7,1,0,1,3,12" ten="501,38,200,261" oya="3" hai0="40,65,20,58,21,108,72,112,53,85,25,99,59" hai1="109,116,8,13,31,35,24,71,10,29,22,86,67" hai2="23,2,15,102,16,27,104,36,81,90,52,0,123" hai3="44,87,80,45,127,4,114,11,135,79,49,129,117"/><W118/><G114/><T133/><D72/><U110/><E67/><V33/><F36/><W124/><G129/><T50/><D108/><U76/><E71/><V93/><F104/><W7/><G135/><T74/><D74/><U34/><E76/><V105/><F105/><W103/><G103/><T122/><D122/><U77/><E77/><V51/><F123/><W92/><G92/><T89/><D133/><U3/><E86/><V55/><F102/><W120/><G120/><T48/><D112/><U75/><E75/><V78/><F78/><W28/><G28/><T32/><D32/><U17/><E116/><N who="3" m="44650" /><G45/><N who="0" m="25639" /><D99/><U30/><E110/><V113/><F113/><W91/><G91/><T111/><D111/><U130/><E130/><V66/><F66/><W63/><G63/><N who="0" m="38143" /><D25/><U41/><E41/><V54/><F81/><AGARI ba="1,0" hai="20,21,50,53,58,81,85,89" m="38143,25639" machi="81" ten="30,1000,0" yaku="8,1" doraHai="12" who="0" fromWho="2" sc="501,13,38,0,200,-13,261,0" owari="514,61.0,38,-46.0,187,-21.0,261,6.0" /></mjloggm>