<mjloggm ver="2.3"><GO type="169" lobby="0"/><UN n0="%E3%83%81%E3%83%A7%E3%82%B3%E3%83%AD%E3%83%9C%E5%90%9B" n1="%E3%81%A8%E3%81%B3%E3%81%BE%E3%81%93" n2="%E3%81%B5%E3%81%98%E3%81%8B%E3%81%A4" n3="%E6%9C%A8%E6%BC%8F%E3%82%8C%E6%97%A5" dan="17,16,16,17" rate="2191.25,2088.53,2113.39,2236.12" sx="M,M,M,M"/><TAIKYOKU oya="0"/><INIT seed="0,0,0,0,3,100" ten="250,250,250,250" oya="0" hai0="75,90,76,66,54,18,25,2,6,119,17,27,26" hai1="101,77,1,94,71,125,58,0,99,120,31,135,116" hai2="112,98,57,55,113,56,51,62,109,35,10,132,133" hai3="67,134,34,130,60,88,52,63,45,61,95,93,82"/><T41/><D119/><U40/><E71/><V47/><F35/><W24/><G130/><T107/><D66/><U50/><E116/><V29/><F29/><W121/><G134/><N who="2" m="51817" /><F98/><W123/><G67/><T59/><D41/><U102/><E135/><V39/><F10/><W49/><G82/><T91/><D6/><U46/><E120/><N who="3" m="46154" /><G88/><T11/><D2/><U131/><E131/><V74/><F74/><W4/><G4/><T13/><D18/><U126/><E77/><V44/><F109/><W23/><G34/><T64/><D64/><U78/><E31/><AGARI ba="0,0" hai="23,24,31,45,49,52,60,61,63,93,95" m="46154" machi="31" ten="30,2000,0" yaku="13,1,54,1" doraHai="100" who="3" fromWho="1" sc="250,0,250,-20,250,0,250,20" /><INIT seed="1,0,0,3,5,73" ten="250,230,250,270" oya="1" hai0="134,74,57,60,98,108,38,121,8,4,63,110,37" hai1="21,53,24,5,59,64,34,125,47,25,89,114,116" hai2="82,10,77,50,84,131,35,95,115,83,126,97,43" hai3="128,22,111,70,88,51,54,132,109,17,42,81,16"/><U91/><E114/><V93/><F35/><W48/><G70/><T26/><D134/><U80/><E116/><V122/><F122/><W130/><G42/><T102/><D74/><U112/><E112/><V129/><F10/><W13/><G17/><T29/><D121/><U2/><E125/><V90/><F115/><W39/><G39/><T40/><D40/><U6/><E34/><V1/><F1/><W101/><G101/><T78/><D78/><U15/><E2/><V31/><F31/><W68/><G68/><T69/><D63/><U117/><E117/><V46/><F126/><W113/><G132/><T11/><D11/><U107/><E107/><V3/><F3/><W45/><G51/><T19/><D19/><U92/><E47/><V23/><F95/><W99/><G113/><T27/><D27/><U9/><E64/><V67/><F67/><W106/><G106/><T28/><D29/><U14/><E80/><V133/><F133/><W85/><G99/><T55/><D69/><U61/><E89/><V104/><F23/><W75/><G75/><T18/><D18/><N who="1" m="10455" /><E6/><V56/><F56/><W65/><G65/><T119/><D119/><U76/><E76/><V66/><F66/><W100/><G100/><T33/><D38/><U30/><E30/><V41/><F104/><W79/><G79/><T52/><D37/><U94/><E92/><V36/><F83/><W20/><G20/><T58/><D4/><U123/><E123/><V118/><F118/><W103/><G103/><T44/><D33/><U127/><E127/><V87/><F97/><AGARI ba="0,0" hai="5,9,15,24,25,53,59,61,91,94,97" m="10455" machi="97" ten="30,1500,0" yaku="8,1" doraHai="73" who="1" fromWho="2" sc="250,0,230,15,250,-15,270,0" /><INIT seed="1,1,0,5,1,84" ten="250,245,235,270" oya="1" hai0="32,115,54,28,25,129,112,7,30,55,101,93,27" hai1="48,11,125,131,102,36,128,0,124,65,59,126,134" hai2="88,51,57,19,82,119,111,38,132,60,107,22,63" hai3="104,62,89,73,24,95,40,67,121,106,34,108,100"/><U64/><E36/><V37/><F119/><W85/><G121/><T13/><D129/><N who="1" m="49739" /><E102/><V45/><F107/><W10/><G73/><T90/><D101/><U72/><E72/><V120/><F120/><W75/><G75/><T110/><D110/><U52/><E0/><V94/><F111/><W17/><G108/><T46/><D7/><U23/><E11/><V20/><F132/><W4/><G40/><T122/><D122/><U109/><E109/><V91/><F38/><W77/><G77/><T130/><D130/><U113/><E23/><N who="2" m="8747" /><F37/><W18/><G106/><T44/><D13/><U114/><E134/><V66/><F19/><W68/><G100/><T47/><D112/><AGARI ba="1,0" hai="48,52,59,64,65,112,113,114,124,125,126" m="49739" machi="112" ten="40,12000,1" yaku="18,1,19,1,34,2,54,1" doraHai="84" who="1" fromWho="0" sc="250,-123,245,123,235,0,270,0" /><INIT seed="1,2,0,5,5,33" ten="127,368,235,270" oya="1" hai0="72,92,94,64,70,81,128,78,18,44,103,3,43" hai1="4,19,75,47,38,108,2,100,82,61,53,63,30" hai2="51,42,52,22,46,79,127,25,77,27,31,7,132" hai3="131,84,121,1,113,80,5,41,124,20,36,69,8"/><U76/><E100/><V97/><F132/><W71/><G121/><T83/><D128/><U126/><E126/><V11/><F127/><W91/><G113/><T112/><D112/><U10/><E30/><V23/><F97/><W59/><G124/><T120/><D120/><U133/><E133/><V110/><F110/><W17/><G131/><T28/><D28/><U68/><E68/><V134/><F134/><W98/><G59/><T89/><D64/><U57/><E108/><V90/><F90/><W58/><G58/><T125/><D70/><U85/><E85/><V16/><REACH who="2" step="1"/><F42/><REACH who="2" ten="127,368,225,270" step="2"/><W114/><G114/><T15/><D125/><U60/><E19/><V45/><F45/><W34/><G98/><T118/><D44/><U93/><E93/><V24/><F24/><W13/><G41/><AGARI ba="2,1" hai="2,4,10,38,41,47,53,57,60,61,63,75,76,82" machi="41" ten="40,7700,0" yaku="25,2,52,1" doraHai="33" who="1" fromWho="3" sc="127,0,368,93,225,0,270,-83" /><INIT seed="1,3,0,2,2,47" ten="127,461,225,187" oya="1" hai0="133,4,12,18,109,36,130,65,104,38,66,9,111" hai1="90,129,54,92,61,17,59,27,91,63,68,16,40" hai2="3,126,105,102,31,23,2,85,75,44,106,15,76" hai3="29,33,71,99,113,86,74,62,135,69,77,67,8"/><U120/><E129/><V56/><F126/><W112/><G86/><T83/><D104/><U19/><E120/><V53/><F44/><W97/><G135/><T45/><D133/><U96/><E40/><V57/><F57/><W72/><G8/><T119/><D119/><U26/><E68/><V35/><F35/><W131/><G131/><T122/><D130/><U21/><E27/><V124/><F106/><W24/><G71/><T103/><D103/><U32/><E32/><V1/><F124/><W100/><G99/><T82/><D122/><U52/><E91/><V115/><F115/><W46/><G46/><T107/><D107/><U64/><E64/><V37/><F37/><W30/><G30/><T78/><D82/><U49/><E61/><V10/><F75/><W80/><G74/><T117/><D117/><U55/><REACH who="1" step="1"/><E52/><REACH who="1" ten="127,451,225,187" step="2"/><V118/><F118/><W14/><REACH who="3" step="1"/><G14/><REACH who="3" ten="127,451,225,177" step="2"/><T0/><D12/><U125/><E125/><V25/><F15/><W5/><G5/><T132/><D4/><U7/><E7/><V88/><F25/><W39/><G39/><T34/><D38/><U22/><E22/><V87/><F23/><W13/><G13/><T95/><D36/><U11/><E11/><V43/><F10/><W50/><G50/><T93/><D9/><U123/><E123/><V94/><F43/><W41/><G41/><T42/><D42/><U20/><E20/><V84/><F76/><W48/><G48/><T134/><D78/><U89/><E89/><V127/><F88/><W6/><G6/><T116/><D132/><U70/><E70/><V51/><F127/><RYUUKYOKU ba="3,2" sc="127,-15,451,15,225,-15,177,15" hai1="16,17,19,21,26,49,54,55,59,63,90,92,96" hai3="24,29,33,62,67,69,72,77,80,97,100,112,113" /><INIT seed="1,4,2,5,5,127" ten="112,466,210,192" oya="1" hai0="9,100,98,43,123,21,67,88,115,110,50,119,75" hai1="93,107,105,10,0,23,42,71,95,31,38,6,27" hai2="34,104,28,128,61,47,90,53,114,18,109,120,80" hai3="45,122,112,111,24,30,131,60,82,129,33,20,121"/><U87/><E71/><V7/><F120/><W91/><G112/><T77/><D115/><U56/><E56/><V92/><F114/><W117/><G111/><T51/><D119/><U70/><E70/><V32/><F104/><W133/><G117/><T106/><D110/><U125/><E125/><V130/><F109/><W64/><G133/><T41/><D67/><U126/><E126/><V81/><F7/><W49/><G33/><T13/><D123/><U8/><E8/><V97/><F18/><W46/><G46/><T52/><D50/><U76/><E76/><V135/><F135/><W86/><G122/><T96/><D21/><U25/><E25/><N who="2" m="18447" /><F34/><W3/><G3/><T101/><D77/><U26/><E27/><V68/><F47/><W11/><G11/><T84/><D75/><U69/><E69/><V134/><F134/><W132/><G132/><T62/><D62/><U74/><E74/><V102/><F90/><W37/><G37/><T35/><D35/><U94/><REACH who="1" step="1"/><E87/><REACH who="1" ten="112,456,210,192" step="2"/><V65/><F68/><W16/><G121/><T83/><D9/><U39/><E39/><V19/><F97/><W14/><G24/><T57/><REACH who="0" step="1"/><D13/><REACH who="0" ten="102,456,210,192" step="2"/><U40/><E40/><V22/><F65/><W108/><G108/><T73/><D73/><U124/><E124/><V99/><F53/><W36/><G64/><T2/><D2/><U85/><E85/><V17/><F99/><W89/><G14/><T5/><D5/><U63/><E63/><V58/><F61/><W48/><G60/><T15/><D15/><U4/><E4/><V116/><F116/><W79/><G86/><RYUUKYOKU ba="4,4" sc="102,15,456,15,210,-15,192,-15" hai0="41,43,51,52,57,83,84,88,96,98,100,101,106" hai1="0,6,10,23,26,31,38,42,93,94,95,105,107" /><INIT seed="1,5,4,5,5,6" ten="117,471,195,177" oya="1" hai0="28,45,48,130,99,22,7,69,103,102,13,60,19" hai1="20,3,1,101,115,4,82,43,84,59,50,47,129" hai2="41,15,74,42,27,91,125,30,108,97,64,119,93" hai3="5,36,128,39,83,34,75,37,49,46,112,35,80"/><U81/><E115/><V124/><F119/><W98/><G112/><T58/><D69/><U116/><E116/><V123/><F74/><W121/><G121/><T10/><D28/><U73/><E129/><V32/><F123/><W113/><G113/><T55/><D130/><U8/><E101/><V9/><F64/><W68/><G68/><T29/><D29/><U87/><E73/><V107/><F107/><W77/><G128/><T17/><D99/><U53/><E20/><V105/><F105/><W65/><G65/><T78/><D78/><U54/><E3/><V44/><F108/><W31/><G83/><T26/><REACH who="0" step="1"/><D7/><REACH who="0" ten="107,471,195,177" step="2"/><U117/><E117/><V133/><F133/><W71/><G71/><T16/><D16/><U111/><E111/><V21/><F32/><W127/><G31/><T23/><D23/><U131/><E131/><V85/><F97/><W106/><G5/><T0/><D0/><U57/><E57/><V56/><F56/><W33/><G127/><N who="2" m="48713" /><F44/><W12/><G35/><T132/><D132/><U2/><E59/><V120/><F120/><W126/><G126/><T114/><D114/><U62/><E2/><V14/><F14/><W118/><G12/><T18/><D18/><AGARI ba="5,5" hai="9,15,18,21,27,30,41,42,85,91,93" m="48713" machi="18" ten="30,2000,0" yaku="18,1,52,1" doraHai="6" who="2" fromWho="0" sc="107,-35,471,0,195,85,177,0" /><INIT seed="2,0,0,5,2,56" ten="72,471,280,177" oya="2" hai0="69,64,116,115,51,118,11,113,44,111,131,60,126" hai1="43,46,123,87,89,74,94,32,107,57,65,135,109" hai2="38,63,90,81,50,37,7,3,1,127,31,134,26" hai3="124,67,106,45,53,42,132,92,84,88,85,5,108"/><V52/><F134/><W15/><G106/><T120/><D11/><U20/><E32/><V102/><F127/><W2/><G2/><T76/><D76/><U100/><E109/><V55/><F102/><W99/><G108/><T98/><D111/><U25/><E135/><V12/><F3/><W112/><G132/><T58/><D98/><U36/><E74/><V29/><F1/><W128/><G124/><T130/><D126/><U96/><E123/><V117/><F117/><N who="0" m="45162" /><D69/><U8/><E8/><N who="2" m="4127" /><F37/><W104/><G104/><T114/><D120/><U23/><E25/><V119/><F26/><W125/><G125/><T10/><D10/><U14/><E14/><V129/><F38/><W68/><G15/><T70/><D70/><U47/><E47/><N who="2" m="27743" /><F129/><W75/><G128/><T97/><D97/><U16/><E107/><V33/><F33/><W79/><G75/><T35/><D35/><U91/><E100/><V13/><F13/><W61/><G5/><T80/><D80/><U6/><E36/><V39/><F39/><W95/><G99/><T77/><D77/><U101/><E96/><V34/><F34/><W59/><G79/><T66/><D66/><U0/><E101/><V72/><F72/><W48/><G85/><T133/><D133/><U22/><E87/><N who="2" m="50543" /><F119/><W18/><G95/><T71/><D71/><U78/><E94/><V27/><F27/><W93/><G93/><T110/><D110/><U19/><E0/><V105/><F105/><W21/><G68/><T62/><D62/><U24/><E24/><V41/><F41/><AGARI ba="0,0" hai="41,44,51,58,60,64,113,114,115,130,131" m="45162" machi="41" ten="40,8000,1" yaku="12,1,34,2,52,1" doraHai="56" who="0" fromWho="2" sc="72,80,471,0,280,-80,177,0" /><INIT seed="3,0,0,0,1,81" ten="152,471,200,177" oya="3" hai0="18,4,57,122,115,30,42,100,134,31,8,35,109" hai1="28,107,20,14,89,88,23,110,93,0,96,39,104" hai2="33,45,84,69,6,65,114,56,24,11,99,36,58" hai3="103,66,101,130,85,86,3,55,52,70,63,26,133"/><W78/><G3/><T22/><D122/><U68/><E68/><V105/><F114/><W25/><G78/><T10/><D42/><U79/><E0/><V95/><F105/><W34/><G130/><T60/><D109/><U47/><E79/><V51/><F36/><W102/><G133/><T27/><D134/><U16/><E110/><V9/><F69/><W106/><G106/><T53/><D115/><U91/><E107/><V19/><F65/><W64/><G34/><T98/><D35/><U92/><E104/><V135/><F135/><W50/><G66/><T62/><D8/><U112/><E112/><V131/><F131/><W90/><G55/><T67/><D98/><U48/><E39/><V7/><F33/><W80/><REACH who="3" step="1"/><G86/><REACH who="3" ten="152,471,200,167" step="2"/><T119/><D119/><U15/><E96/><V120/><F99/><W40/><G40/><T12/><REACH who="0" step="1"/><D100/><REACH who="0" ten="142,471,200,167" step="2"/><U5/><E91/><V13/><F120/><W74/><G74/><T121/><D121/><U108/><E88/><V116/><F116/><W61/><G61/><T49/><D49/><U1/><E89/><V37/><F51/><W71/><G71/><AGARI ba="0,2" hai="4,10,12,18,22,27,30,31,53,57,60,62,67,71" machi="71" ten="30,2000,0" yaku="1,1,7,1,53,0" doraHai="81" doraHaiUra="124" who="0" fromWho="3" sc="142,40,471,0,200,0,167,-20" /><INIT seed="4,0,0,3,2,17" ten="182,471,200,147" oya="0" hai0="36,110,25,120,98,48,93,7,63,10,132,34,13" hai1="23,4,127,69,117,114,104,119,12,0,62,20,79" hai2="59,60,21,2,29,80,135,52,70,51,9,83,123" hai3="74,53,1,33,64,99,85,92,95,19,121,129,122"/><T82/><D36/><U35/><E104/><V72/><F123/><N who="3" m="47115" /><G74/><T112/><D120/><U118/><E79/><V8/><F135/><W55/><G1/><T47/><D132/><U42/><E42/><V101/><F101/><N who="3" m="60647" /><G33/><T3/><D112/><U109/><E62/><V14/><F72/><W24/><G64/><T73/><D110/><U58/><E58/><V54/><F2/><W111/><G111/><T44/><D63/><U115/><E69/><V28/><F70/><W71/><G71/><T116/><D116/><U108/><E35/><V106/><F106/><W39/><G39/><T16/><D82/><U130/><E0/><V37/><F29/><W40/><G40/><T94/><D73/><U131/><E127/><V105/><F8/><W61/><G61/><T65/><D65/><U43/><E43/><V50/><F60/><W84/><G129/><N who="1" m="49162" /><E108/><V103/><F37/><W102/><G102/><T6/><D48/><U22/><E109/><V41/><F103/><W30/><G30/><T31/><D94/><U107/><E107/><V67/><F67/><W88/><G85/><T96/><D98/><U86/><E86/><V124/><F41/><W5/><G5/><T66/><D7/><U91/><E91/><V128/><F128/><W56/><G56/><T78/><D66/><U81/><E81/><V57/><F124/><W45/><G45/><T75/><D75/><U125/><E125/><V27/><F105/><W26/><G19/><AGARI ba="0,0" hai="9,14,19,21,27,28,50,51,52,54,57,59,80,83" machi="19" ten="30,8000,1" yaku="7,1,9,1,8,1,52,1,54,1" doraHai="17" who="2" fromWho="3" sc="182,0,471,0,200,80,147,-80" /><INIT seed="5,0,0,2,1,67" ten="182,471,280,67" oya="1" hai0="11,103,19,134,49,25,60,61,126,40,94,16,97" hai1="135,105,27,39,83,23,6,116,100,84,12,104,0" hai2="7,51,30,13,42,10,92,118,70,131,79,56,38" hai3="18,123,87,90,58,127,110,68,20,81,88,93,130"/><U21/><E116/><V48/><F118/><W22/><G110/><T3/><D126/><U52/><E39/><V9/><F131/><W32/><G123/><T113/><D113/><U89/><E135/><V129/><F79/><W66/><G32/><T26/><D134/><U109/><E109/><V112/><F112/><W63/><G127/><T1/><D1/><U115/><E115/><V65/><F129/><W33/><G33/><T95/><D3/><U15/><E0/><V31/><F38/><W77/><G130/><T14/><D95/><U37/><E37/><V54/><F10/><W17/><G68/><T47/><D19/><U35/><E35/><V96/><F65/><W99/><G22/><T5/><D5/><U43/><E43/><V36/><F70/><W106/><G106/><T86/><D86/><U75/><E75/><V78/><F78/><W117/><G117/><T125/><D125/><U59/><E100/><V121/><F121/><W46/><G46/><T124/><D124/><U29/><E6/><V28/><F36/><W76/><REACH who="3" step="1"/><G18/><REACH who="3" ten="182,471,280,57" step="2"/><T57/><D57/><U107/><REACH who="1" step="1"/><E21/><REACH who="1" ten="182,461,280,57" step="2"/><V44/><F31/><W72/><G72/><T41/><D41/><U119/><E119/><V62/><F28/><W73/><G73/><T101/><D40/><U69/><E69/><V71/><F71/><W111/><G111/><T50/><D11/><U122/><E122/><V98/><F30/><W82/><G82/><T120/><D120/><U80/><E80/><V8/><F9/><W128/><G128/><T108/><D108/><U45/><E45/><V114/><F8/><RYUUKYOKU ba="0,2" sc="182,-15,461,15,280,-15,57,15" hai1="12,15,23,27,29,52,59,83,84,89,104,105,107" hai3="17,20,58,63,66,76,77,81,87,88,90,93,99" /><INIT seed="5,1,2,5,5,14" ten="167,476,265,72" oya="1" hai0="134,54,39,36,123,8,68,7,60,17,0,120,65" hai1="37,84,4,45,129,92,133,33,135,99,116,56,40" hai2="102,76,44,110,48,57,122,59,22,12,128,95,26" hai3="89,52,78,114,113,42,107,11,77,19,27,58,10"/><U132/><E129/><V32/><F122/><W62/><G107/><T21/><D134/><U35/><E116/><V85/><F128/><W105/><G105/><T55/><D39/><U118/><E118/><V96/><F110/><W98/><G42/><T24/><D36/><U111/><E111/><V49/><F32/><W63/><G63/><T97/><D97/><U91/><E4/><V9/><F49/><W101/><G89/><T47/><REACH who="0" step="1"/><D47/><REACH who="0" ten="157,476,265,72" step="2"/><U29/><E29/><V72/><F44/><W115/><G98/><T127/><D127/><U124/><E124/><V1/><F96/><W67/><G101/><T30/><D30/><U74/><E74/><V50/><F72/><W108/><G108/><T53/><AGARI ba="1,3" hai="0,7,8,17,21,24,53,54,55,60,65,68,120,123" machi="53" ten="30,4000,0" yaku="1,1,0,1,52,1,53,0" doraHai="14" doraHaiUra="71" who="0" fromWho="0" sc="157,73,476,-21,265,-11,72,-11" /><INIT seed="6,0,0,4,0,72" ten="230,455,254,61" oya="2" hai0="42,27,41,37,13,46,61,116,15,117,102,101,45" hai1="74,81,16,125,131,7,56,40,21,128,5,123,57" hai2="110,133,82,121,129,73,23,69,36,9,119,49,58" hai3="93,38,32,76,120,115,127,34,1,122,62,113,50"/><V83/><F121/><W86/><G38/><T84/><D27/><U48/><E125/><V67/><F119/><W85/><G1/><T118/><D61/><U54/><E40/><V66/><F36/><W14/><G62/><T104/><D84/><U124/><E124/><V107/><F107/><W134/><G127/><T88/><D88/><U79/><E123/><V52/><F133/><W22/><G134/><T0/><D0/><U96/><E96/><V132/><F132/><W89/><G50/><T47/><D37/><U33/><E33/><V55/><F110/><W31/><G122/><T111/><D111/><U29/><E29/><V44/><F129/><N who="1" m="49737" /><E56/><V25/><F69/><W19/><G120/><T68/><D104/><U4/><E4/><V77/><F9/><W51/><G51/><T91/><D91/><U94/><E94/><V75/><F83/><N who="3" m="47335" /><G31/><T112/><D68/><U18/><E18/><V80/><F73/><W64/><G64/><T95/><D95/><U92/><E92/><V30/><REACH who="2" step="1"/><F82/><REACH who="2" ten="230,455,244,61" step="2"/><W70/><G70/><T65/><D116/><U100/><E81/><V35/><F35/><W97/><G86/><T6/><D117/><U59/><E74/><V78/><F78/><W28/><G28/><T39/><D118/><U63/><E79/><V20/><F20/><W71/><G71/><T103/><D39/><U106/><E106/><V105/><F105/><W99/><G99/><T24/><D42/><U11/><E21/><V8/><F8/><W26/><G34/><T114/><D41/><U60/><E11/><V135/><F135/><W90/><G90/><RYUUKYOKU ba="0,1" sc="230,-15,455,-15,244,15,61,15" hai2="23,25,30,44,49,52,55,58,66,67,75,77,80" hai3="14,19,22,26,32,89,93,97,113,115" /><INIT seed="6,1,1,5,2,41" ten="215,440,259,76" oya="2" hai0="122,87,29,39,99,112,76,15,74,92,11,18,110" hai1="33,1,124,102,49,80,42,4,46,56,107,28,57" hai2="101,23,55,31,34,81,2,116,65,26,22,60,129" hai3="6,123,128,91,54,63,106,50,127,47,16,43,98"/><V48/><F116/><W45/><G123/><T44/><D110/><U108/><E108/><V12/><F129/><W131/><G6/><T9/><D122/><U52/><E124/><V20/><F2/><W96/><G127/><T77/><D74/><U75/><E102/><V125/><F125/><W115/><G115/><T105/><D105/><U19/><E107/><V72/><F101/><W71/><G106/><T121/><D121/><U37/><E19/><V32/><F32/><W21/><G71/><T53/><D29/><U100/><E100/><V27/><F72/><W64/><G64/><T38/><D38/><U82/><E28/><V111/><F111/><W93/><G98/><T95/><D112/><U3/><E3/><V66/><F81/><W13/><REACH who="3" step="1"/><G63/><REACH who="3" ten="215,440,259,66" step="2"/><T62/><D62/><U10/><E33/><V67/><F34/><W69/><G69/><T89/><D99/><U133/><E133/><V118/><F118/><W117/><G117/><T97/><D97/><U30/><E30/><N who="2" m="17735" /><F60/><W83/><G83/><T114/><D114/><U68/><E68/><V17/><F67/><W113/><G113/><T134/><D134/><U109/><E109/><V70/><F70/><W135/><G135/><T78/><D92/><U84/><E82/><V103/><F103/><W130/><G130/><T0/><D0/><U61/><E75/><V85/><F85/><W104/><G104/><T126/><D126/><U35/><E35/><V119/><F119/><W79/><G79/><T120/><D120/><U24/><E61/><V5/><F5/><W86/><G86/><T7/><D87/><RYUUKYOKU ba="1,2" sc="215,-15,440,-15,259,15,66,15" hai2="12,17,22,23,27,31,48,55,65,66" hai3="13,16,21,43,45,47,50,54,91,93,96,128,131" /><INIT seed="6,2,2,1,5,2" ten="200,425,274,81" oya="2" hai0="28,123,71,47,21,4,15,112,96,131,8,121,95" hai1="14,97,82,86,13,10,110,84,88,1,73,36,60" hai2="79,38,22,56,77,100,57,18,42,76,0,99,81" hai3="85,61,34,126,89,32,48,129,122,113,49,11,132"/><V31/><F0/><W41/><G122/><T62/><D112/><U92/><E110/><V128/><F128/><W46/><G129/><T54/><D131/><U130/><E130/><V64/><F31/><W120/><G120/><T104/><D104/><U102/><E36/><V20/><F38/><W115/><G132/><T83/><D71/><U12/><E73/><V105/><F42/><W55/><G61/><T133/><D133/><U124/><E124/><V19/><F64/><W58/><G126/><T93/><D121/><U106/><E60/><V70/><F81/><W37/><G37/><T67/><D123/><U39/><E39/><V59/><REACH who="2" step="1"/><F70/><REACH who="2" ten="200,425,264,81" step="2"/><W53/><G41/><T114/><D83/><U111/><E1/><V72/><F72/><W134/><G134/><T45/><D67/><U90/><REACH who="1" step="1"/><E111/><REACH who="1" ten="200,415,264,81" step="2"/><V75/><F75/><W6/><G115/><T66/><D114/><U40/><E40/><V43/><F43/><W94/><G113/><T24/><D66/><U118/><E118/><V33/><F33/><W25/><REACH who="3" step="1"/><G25/><REACH who="3" ten="200,415,264,71" step="2"/><T98/><D24/><U103/><E103/><V80/><F80/><W65/><G65/><T91/><D54/><U30/><E30/><V7/><F7/><AGARI ba="2,5" hai="7,10,12,13,14,82,84,86,88,90,92,97,102,106" machi="7" ten="30,7700,0" yaku="1,1,7,1,52,1,54,1,53,0" doraHai="2" doraHaiUra="107" who="1" fromWho="2" sc="200,0,415,133,264,-83,71,0" /><INIT seed="7,0,0,0,3,72" ten="200,548,181,71" oya="3" hai0="22,10,66,0,104,124,26,55,95,54,13,39,135" hai1="50,12,132,109,74,36,116,87,4,41,57,130,24" hai2="111,73,78,101,43,9,121,61,125,131,31,49,100" hai3="68,99,128,103,97,98,133,47,63,90,38,84,34"/><W46/><G34/><T70/><D104/><U14/><E74/><V88/><F111/><W45/><G128/><T77/><D39/><U51/><E109/><V105/><F31/><W7/><G133/><T28/><D0/><U118/><E130/><V3/><F61/><W37/><G7/><T30/><D30/><U19/><E132/><V123/><F131/><W82/><REACH who="3" step="1"/><G103/><REACH who="3" ten="200,548,181,61" step="2"/><T59/><D135/><U108/><E4/><N who="2" m="1183" /><F101/><W16/><G16/><T113/><D28/><U134/><E19/><V127/><F100/><W76/><G76/><T80/><D77/><U42/><E134/><V91/><F105/><W122/><G122/><N who="2" m="46601" /><F78/><W21/><G21/><T126/><D22/><U110/><E108/><V117/><F117/><W62/><G62/><T106/><D106/><U107/><E110/><V23/><F23/><W15/><G15/><T11/><D13/><U18/><E14/><V25/><F25/><W81/><G81/><T114/><D80/><U85/><E107/><V35/><F35/><W1/><G1/><T33/><D26/><U67/><E12/><V44/><F73/><W83/><G83/><T79/><D79/><U8/><E24/><V75/><F75/><W2/><G2/><T115/><D33/><U32/><E118/><V120/><F120/><W65/><AGARI ba="0,1" hai="37,38,45,46,47,63,65,68,82,84,90,97,98,99" machi="65" ten="40,3900,0" yaku="1,1,0,1,53,0" doraHai="72" doraHaiUra="48" who="3" fromWho="3" sc="200,-13,548,-13,181,-13,61,49" /><INIT seed="7,1,0,3,2,73" ten="187,535,168,110" oya="3" hai0="79,90,24,25,54,107,56,23,92,36,37,28,55" hai1="80,49,103,33,19,62,132,86,0,129,14,87,11" hai2="8,18,108,22,75,116,63,66,127,4,82,42,51" hai3="98,27,2,59,123,43,84,99,35,7,78,20,69"/><W64/><G123/><T133/><D107/><U45/><E129/><V114/><F116/><W3/><G69/><T34/><D79/><U15/><E132/><V57/><F108/><W46/><G35/><T76/><D76/><U50/><E33/><V61/><F75/><W101/><G7/><T113/><D55/><U112/><E0/><V60/><F127/><W96/><G101/><T105/><D105/><U13/><E112/><V53/><F114/><W48/><G64/><T111/><D111/><U9/><E103/><V130/><F130/><W6/><G6/><T85/><D133/><U12/><E62/><N who="2" m="38223" /><F82/><N who="3" m="47191" /><G3/><T38/><D113/><U70/><E70/><V117/><F117/><W65/><G2/><T97/><D85/><N who="1" m="32267" /><E80/><V120/><F120/><W89/><G65/><T83/><D83/><U77/><E77/><V100/><F100/><W32/><G32/><T134/><D134/><U88/><E88/><V58/><F4/><W81/><G81/><T1/><D1/><U121/><E121/><V93/><F93/><N who="3" m="56367" /><G59/><T115/><D115/><U109/><E109/><V106/><F106/><W41/><G41/><T5/><D5/><N who="1" m="3119" /><E45/><N who="2" m="26039" /><F8/><W135/><G135/><T126/><D126/><U125/><E125/><V95/><F95/><W26/><G20/><T131/><D131/><U124/><E124/><V91/><F91/><W30/><G30/><N who="0" m="19791" /><D37/><U119/><E119/><V52/><F58/><W104/><G104/><T39/><D38/><U44/><E44/><V31/><F31/><W47/><G47/><T17/><D28/><U16/><E11/><V102/><F102/><W21/><G21/><RYUUKYOKU ba="1,0" sc="187,0,535,0,168,0,110,0" hai0="17,23,24,36,39,54,56,90,92,97" hai1="13,14,15,16,19,49,50" hai2="18,22,52,53,60,61,63" hai3="26,27,43,46,48,98,99" /><INIT seed="7,2,0,4,2,63" ten="187,535,168,110" oya="3" hai0="41,113,64,69,107,18,6,28,123,114,135,20,85" hai1="15,49,104,3,78,96,26,106,25,30,90,82,99" hai2="12,48,23,103,75,22,74,131,134,11,43,65,132" hai3="46,80,8,14,10,83,27,92,32,9,73,31,100"/><W127/><G127/><T119/><D107/><U70/><E3/><V62/><F103/><W51/><G73/><N who="2" m="27657" /><F131/><W7/><G10/><T29/><D123/><U129/><E129/><V47/><F12/><W112/><G112/><N who="0" m="43115" /><D41/><U39/><E70/><N who="2" m="42295" /><F11/><W133/><G133/><AGARI ba="2,0" hai="22,23,43,47,48,132,133,134" m="42295,27657" machi="133" ten="30,2000,0" yaku="20,1,52,1" doraHai="63" who="2" fromWho="3" sc="187,0,535,0,168,26,110,-26" owari="187,-21.0,535,64.0,194,-1.0,84,-42.0" /></mjloggm>