<mjloggm ver="2.3"><GO type="169" lobby="0"/><UN n0="%E3%81%B5%E3%81%98%E3%81%8B%E3%81%A4" n1="%E8%8B%B1%E5%9B%BD%E5%A3%B2%E5%8D%B4" n2="%52%45%49%4E%E6%A3%AE%E4%B9%85%E4%BF%9D%50" n3="%E3%81%96%E3%82%8A%E3%81%8C%E3%81%AB%E3%81%8F%E3%82%93" dan="16,18,16,17" rate="2107.08,2236.49,2124.30,2203.80" sx="M,M,M,M"/><TAIKYOKU oya="0"/><INIT seed="0,0,0,2,2,102" ten="250,250,250,250" oya="0" hai0="56,98,111,99,60,28,125,29,114,87,93,80,100" hai1="2,86,55,4,69,24,122,52,119,89,49,67,121" hai2="75,129,6,92,45,104,117,94,47,14,76,62,113" hai3="23,13,44,120,22,17,131,65,70,1,90,8,0"/><T128/><D114/><U68/><E119/><V124/><F113/><W91/><G131/><T51/><D111/><U11/><E55/><V53/><F117/><W42/><G120/><T31/><D128/><U61/><E24/><V110/><F110/><W106/><G106/><T12/><D125/><U66/><E66/><V133/><F129/><W132/><G132/><T9/><D51/><U48/><E48/><V81/><F104/><W32/><G32/><T116/><D116/><U72/><E72/><V7/><F133/><W40/><G70/><T5/><D99/><U36/><E36/><V95/><F124/><W37/><G65/><T96/><D96/><U43/><E43/><V3/><F3/><W74/><G42/><T18/><D5/><U20/><E20/><V101/><F101/><W19/><G74/><T10/><D10/><U126/><E69/><V135/><F135/><W108/><G108/><T33/><D33/><U97/><E97/><V123/><F123/><W30/><G30/><T82/><REACH who="0" step="1"/><D87/><REACH who="0" ten="240,250,250,250" step="2"/><U59/><REACH who="1" step="1"/><E126/><REACH who="1" ten="240,240,250,250" step="2"/><V78/><F75/><W85/><G85/><T16/><D16/><U46/><E46/><V127/><F45/><W118/><G118/><T107/><D107/><U57/><E57/><V54/><F47/><W50/><G50/><T73/><D73/><U64/><E64/><AGARI ba="0,2" hai="9,12,18,28,29,31,56,60,64,80,82,93,98,100" machi="64" ten="40,3900,0" yaku="1,1,8,1,53,0" doraHai="102" doraHaiUra="84" who="0" fromWho="1" sc="240,59,240,-39,250,0,250,0" /><INIT seed="0,1,0,2,4,14" ten="299,201,250,250" oya="0" hai0="104,70,11,117,116,106,60,83,91,36,12,115,100" hai1="69,61,55,122,126,23,87,128,52,67,25,34,88" hai2="101,123,27,18,45,133,39,125,131,44,127,5,7" hai3="63,24,124,50,56,81,113,28,30,4,26,96,47"/><T108/><D36/><U46/><E122/><V72/><F123/><W84/><G113/><T97/><D115/><U109/><E34/><V119/><F72/><W105/><G124/><N who="2" m="47689" /><F119/><W19/><G4/><N who="2" m="1609" /><F39/><W38/><G38/><T74/><D70/><U121/><E121/><V9/><F101/><W17/><G96/><T16/><D60/><U130/><E126/><V86/><F133/><W94/><G94/><T90/><D106/><U35/><E35/><V103/><F103/><W58/><G105/><T89/><REACH who="0" step="1"/><D108/><REACH who="0" ten="289,201,250,250" step="2"/><U71/><E71/><V33/><F131/><N who="1" m="50217" /><E109/><V98/><F33/><W132/><G132/><T1/><D1/><U21/><E46/><V37/><F45/><W20/><G63/><T6/><D6/><U66/><E66/><V31/><F44/><W134/><G134/><T82/><D82/><N who="1" m="49271" /><E23/><V22/><F37/><W54/><G47/><T92/><D92/><U99/><E99/><V48/><F98/><W73/><G56/><T15/><D15/><U13/><E13/><N who="2" m="7471" /><F48/><W64/><G64/><T75/><D75/><U3/><E3/><V129/><F129/><W2/><G2/><T120/><D120/><U32/><E32/><V111/><F86/><W107/><G107/><T65/><D65/><U8/><E8/><V43/><F43/><W0/><G0/><T40/><D40/><U102/><E102/><V49/><F49/><W114/><G73/><T59/><D59/><U76/><E21/><V95/><F95/><W79/><G114/><T51/><D51/><U68/><E68/><V41/><F41/><W85/><G85/><T80/><D80/><RYUUKYOKU ba="1,1" sc="289,10,201,-30,250,10,250,10" hai0="11,12,16,74,83,89,90,91,97,100,104,116,117" hai2="22,27,31,111" hai3="17,19,20,24,26,28,30,50,54,58,79,81,84" /><INIT seed="0,2,1,2,3,14" ten="299,171,260,260" oya="0" hai0="104,108,115,49,8,113,83,37,39,124,63,92,25" hai1="121,85,67,19,13,131,135,53,91,12,116,95,98" hai2="126,57,28,80,79,75,117,119,70,7,134,66,1" hai3="111,2,86,130,30,68,62,114,26,20,9,47,60"/><T29/><D104/><U11/><E121/><V31/><F134/><W24/><G130/><T34/><D124/><U46/><E116/><N who="2" m="44619" /><F70/><W99/><G111/><T48/><D83/><U132/><E131/><V84/><F126/><W33/><G114/><T109/><D63/><U87/><E67/><V3/><F75/><W61/><G47/><T129/><D129/><U120/><E120/><V106/><F106/><W133/><G133/><N who="1" m="51274" /><E13/><V44/><F44/><W73/><G73/><T122/><D122/><U89/><E89/><V38/><F38/><N who="0" m="14346" /><D8/><U22/><E11/><N who="2" m="2543" /><F3/><W118/><G9/><T74/><D74/><U27/><E12/><V93/><F93/><W56/><G2/><T102/><D92/><U50/><AGARI ba="2,1" hai="19,22,27,46,50,53,85,87,91,95,98" m="51274" machi="50" ten="30,2000,0" yaku="20,1,52,1" doraHai="14" who="1" fromWho="1" sc="299,-12,171,36,260,-7,260,-7" /><INIT seed="1,0,0,0,0,104" ten="287,207,253,253" oya="1" hai0="77,22,13,42,75,53,73,17,93,1,133,19,51" hai1="81,43,129,61,23,32,96,134,9,119,12,40,79" hai2="126,92,10,131,108,20,56,2,46,103,105,76,36" hai3="111,120,102,29,25,71,100,98,95,132,6,130,80"/><U70/><E119/><V94/><F108/><W0/><G111/><T72/><D1/><U68/><E32/><V128/><F126/><W113/><G113/><T101/><D133/><U90/><E134/><V122/><F122/><W16/><G71/><T114/><D114/><U50/><E23/><V45/><F56/><W109/><G109/><T83/><D42/><U18/><E129/><N who="2" m="49739" /><F76/><W99/><G132/><T69/><D69/><U121/><E121/><V48/><F20/><W125/><G130/><T117/><D117/><U135/><E135/><V63/><F63/><W82/><G125/><T55/><D19/><U88/><E70/><V97/><F36/><W8/><G120/><T78/><D78/><U110/><E110/><V57/><F57/><W58/><G58/><T89/><D101/><U67/><E50/><V52/><F46/><W24/><G24/><T35/><D35/><U86/><E90/><V123/><F123/><W4/><G4/><AGARI ba="0,0" hai="2,4,10,45,48,52,92,94,97,103,105" m="49739" machi="4" ten="30,2000,0" yaku="19,1,54,1" doraHai="104" who="2" fromWho="3" sc="287,0,207,0,253,20,253,-20" /><INIT seed="2,0,0,1,5,57" ten="287,207,273,233" oya="2" hai0="1,58,55,127,77,8,23,46,106,35,105,114,132" hai1="71,5,123,13,115,3,44,109,25,22,83,93,65" hai2="91,85,27,14,61,87,75,38,17,133,125,62,42" hai3="26,121,108,39,131,128,32,10,111,59,68,118,110"/><V79/><F75/><W64/><G39/><T51/><D114/><U80/><E115/><V90/><F133/><W6/><G59/><T96/><D35/><U134/><E3/><V34/><F38/><W69/><G64/><T113/><D113/><U0/><E0/><V73/><F73/><W18/><G68/><T97/><D132/><U56/><E71/><V100/><F42/><W19/><G69/><T9/><D127/><U29/><E109/><V20/><F79/><W81/><G81/><T15/><D77/><U49/><E134/><V36/><F100/><W45/><G45/><T12/><D1/><U54/><E123/><V124/><F36/><W43/><G43/><T84/><D23/><U66/><E66/><V112/><F112/><W41/><G41/><T86/><D58/><U82/><E93/><N who="2" m="54479" /><F34/><W95/><G95/><T63/><D46/><U2/><E2/><V120/><F120/><W101/><G101/><T102/><D102/><U78/><E78/><V16/><F124/><W33/><G118/><T117/><D117/><U116/><E116/><V88/><F91/><W99/><G99/><T107/><D51/><U89/><E89/><V76/><F76/><W52/><G52/><T67/><D55/><U7/><E13/><V11/><F125/><W4/><G121/><T72/><D72/><U122/><E122/><V92/><AGARI ba="0,0" hai="11,14,16,17,20,27,61,62,87,88,92" m="54479" machi="92" ten="30,12000,1" yaku="8,1,52,2,54,2" doraHai="57" who="2" fromWho="2" sc="287,-40,207,-40,273,120,233,-40" /><INIT seed="2,1,0,4,1,102" ten="247,167,393,193" oya="2" hai0="31,120,23,104,40,127,38,74,16,41,46,13,8" hai1="119,105,61,88,110,3,135,30,111,75,128,99,133" hai2="101,21,28,113,103,58,83,10,63,62,42,86,134" hai3="15,109,33,68,112,39,69,92,91,79,132,76,26"/><V114/><F134/><N who="1" m="51209" /><E30/><V82/><F42/><W87/><G132/><T90/><D120/><U6/><E61/><V81/><F86/><W115/><G109/><N who="1" m="41482" /><E119/><V44/><F44/><W50/><G39/><T4/><D127/><U43/><E43/><V77/><F77/><N who="3" m="29771" /><G15/><T56/><D74/><U25/><E25/><V131/><F131/><W53/><G26/><T2/><D41/><U66/><E66/><V130/><F130/><W48/><G33/><T95/><D56/><U97/><E128/><V70/><F70/><W85/><G85/><T52/><D31/><U11/><E75/><V45/><F45/><N who="3" m="27791" /><G50/><T54/><REACH who="0" step="1"/><D104/><REACH who="0" ten="237,167,393,193" step="2"/><U22/><E105/><V108/><F58/><W29/><G29/><T123/><D123/><U94/><E22/><V47/><F108/><W67/><G67/><T51/><D51/><U14/><E99/><AGARI ba="1,1" hai="2,4,8,13,16,23,38,40,46,52,54,90,95,99" machi="99" ten="30,7700,0" yaku="1,1,7,1,54,2,53,0" doraHai="102" doraHaiUra="27" who="0" fromWho="1" sc="237,90,167,-80,393,0,193,0" /><INIT seed="3,0,0,0,4,101" ten="327,87,393,193" oya="3" hai0="40,77,99,37,115,36,58,81,62,102,46,88,30" hai1="65,43,50,1,128,5,13,86,92,44,12,23,28" hai2="27,52,64,116,84,54,51,0,129,75,76,63,91" hai3="126,10,127,57,73,11,22,80,48,47,124,24,14"/><W38/><G38/><T21/><D115/><U112/><E112/><V7/><F116/><W9/><G57/><T132/><D132/><U85/><E128/><V79/><F75/><W106/><G73/><T131/><D36/><U45/><E65/><V125/><F129/><W94/><G94/><T70/><D70/><U82/><E1/><V113/><F113/><W95/><G95/><T103/><D131/><U39/><E5/><V114/><F114/><W60/><G60/><T20/><D30/><U4/><E4/><V42/><F7/><W74/><G14/><T59/><D59/><U93/><E86/><V56/><F0/><W35/><G35/><T68/><D68/><U130/><E130/><V108/><F108/><W6/><G6/><T133/><D133/><U34/><E34/><V67/><F27/><W117/><G117/><T55/><D103/><U100/><E100/><V18/><F125/><W25/><G106/><T122/><D122/><U72/><E72/><V104/><F104/><W33/><G33/><T87/><D77/><N who="2" m="29770" /><F18/><W61/><G80/><T29/><D29/><U15/><E28/><V123/><F42/><N who="3" m="24695" /><G74/><T107/><AGARI ba="0,0" hai="20,21,37,40,46,55,58,62,81,87,88,99,102,107" machi="107" ten="20,5200,0" yaku="0,1,7,1,52,1,54,1" doraHai="101" who="0" fromWho="0" sc="327,52,87,-13,393,-13,193,-26" /><INIT seed="4,0,0,2,1,29" ten="379,74,380,167" oya="0" hai0="111,118,117,63,32,46,47,128,18,113,126,109,116" hai1="42,101,16,71,105,22,39,27,60,49,5,31,14" hai2="19,92,127,125,95,8,124,87,97,41,81,43,85" hai3="37,88,72,38,130,132,51,21,99,67,84,2,17"/><T53/><D18/><U61/><E39/><V129/><F129/><W112/><G72/><T7/><D7/><U11/><E71/><V120/><F120/><W77/><G2/><T74/><D74/><U108/><E108/><N who="0" m="41545" /><D128/><U6/><E101/><V106/><F106/><W98/><G112/><T48/><D113/><U76/><E105/><V28/><F28/><W52/><G77/><T82/><D82/><U13/><E76/><N who="2" m="46247" /><F87/><W15/><G67/><T75/><D75/><U34/><REACH who="1" step="1"/><E6/><REACH who="1" ten="379,64,380,167" step="2"/><V59/><F127/><W24/><G130/><T122/><D126/><U100/><E100/><V1/><F125/><W83/><G132/><T45/><D122/><U115/><E115/><V94/><F124/><W79/><G38/><T3/><D3/><U4/><E4/><V133/><F1/><W69/><G69/><T26/><D63/><U134/><E134/><V70/><F70/><W56/><G37/><T23/><D23/><U64/><E64/><V96/><F133/><W123/><G123/><T36/><D36/><U80/><E80/><V102/><F97/><N who="3" m="36875" /><G79/><T30/><AGARI ba="0,1" hai="26,30,32,45,46,47,48,53,116,117,118" m="41545" machi="30" ten="40,3900,0" yaku="10,1,52,1" doraHai="29" who="0" fromWho="0" sc="379,49,64,-13,380,-13,167,-13" /><INIT seed="4,1,0,1,0,82" ten="428,51,367,154" oya="0" hai0="8,95,42,129,72,6,127,39,133,27,90,3,75" hai1="98,80,52,85,58,69,120,53,7,44,119,117,92" hai2="73,125,109,112,37,29,104,17,33,1,45,70,128" hai3="43,38,46,81,131,22,83,124,57,16,97,111,86"/><T51/><D133/><U105/><E105/><V62/><F17/><W23/><G131/><T77/><D129/><U110/><E110/><V103/><F62/><W21/><G124/><T25/><D127/><U135/><E135/><V79/><F29/><W74/><G111/><T71/><D39/><U26/><E69/><V12/><F103/><W93/><G74/><T41/><D71/><U122/><E120/><V4/><F79/><W114/><G114/><T101/><D101/><U34/><E122/><V59/><F12/><W78/><G57/><T11/><D11/><U49/><E7/><V89/><F59/><W99/><G83/><T113/><D113/><U56/><E34/><V67/><F89/><W115/><G115/><T50/><D75/><U61/><E26/><V100/><F67/><W24/><REACH who="3" step="1"/><G99/><REACH who="3" ten="428,51,367,144" step="2"/><T36/><D72/><U55/><E58/><V87/><F73/><W32/><G32/><T126/><D126/><U40/><E119/><V102/><F33/><W107/><G107/><T84/><D36/><U15/><E117/><V65/><F37/><W18/><G18/><T66/><D6/><U60/><E60/><V68/><F4/><W132/><G132/><T54/><D50/><U35/><E35/><V118/><F112/><W0/><G0/><T13/><D3/><U10/><E98/><V28/><F109/><W9/><G9/><T94/><D8/><U47/><E92/><V48/><F128/><W5/><G5/><T19/><D95/><U96/><E96/><V88/><F125/><W30/><G30/><T121/><D94/><U116/><E116/><RYUUKYOKU ba="1,1" sc="428,-10,51,-10,367,-10,144,30" hai3="16,21,22,23,24,38,43,46,78,81,86,93,97" /><INIT seed="5,2,1,5,1,20" ten="418,41,357,174" oya="1" hai0="103,129,32,124,9,120,1,89,96,77,28,57,118" hai1="8,80,130,49,97,60,83,75,117,12,19,7,30" hai2="123,47,101,54,2,134,62,115,68,11,135,99,127" hai3="133,53,107,84,74,44,109,71,41,106,131,119,116"/><U13/><E117/><N who="3" m="45130" /><G109/><T14/><D118/><U108/><E130/><V94/><F123/><W4/><G74/><T58/><D129/><U73/><E108/><V38/><F127/><W33/><G33/><T76/><D89/><U102/><E75/><V110/><F110/><W126/><G71/><T31/><D14/><U37/><E37/><V34/><F34/><W69/><G69/><T59/><D9/><U100/><E73/><V81/><F115/><W5/><G131/><T87/><D87/><U70/><E30/><V51/><F81/><W22/><G133/><N who="2" m="50697" /><F38/><W114/><G114/><T63/><D31/><U98/><E49/><V55/><F2/><W23/><G53/><T72/><D28/><U48/><E48/><V122/><F11/><W86/><G44/><T50/><D50/><U26/><E60/><V112/><F112/><W104/><G41/><T56/><D63/><U121/><E70/><V93/><F122/><W16/><G126/><T92/><D124/><U61/><E61/><V24/><F24/><N who="3" m="14407" /><G23/><T65/><D120/><U64/><E121/><V25/><F25/><W128/><G128/><T113/><D113/><U27/><E64/><N who="2" m="40983" /><F55/><W18/><G18/><T132/><D72/><U6/><E19/><V45/><F45/><W91/><G84/><T35/><D132/><U17/><E17/><V39/><F39/><W3/><G3/><T66/><D65/><U78/><E8/><V90/><F54/><W15/><G15/><T10/><D66/><U85/><E85/><N who="2" m="52431" /><F51/><W111/><G111/><T36/><D36/><U21/><E21/><V40/><F47/><RYUUKYOKU ba="2,1" sc="418,-30,41,10,357,10,174,10" hai1="6,7,12,13,26,27,78,80,83,97,98,100,102" hai2="40,94,99,101" hai3="4,5,86,91,104,106,107" /><INIT seed="5,3,1,3,5,130" ten="388,51,367,184" oya="1" hai0="42,134,4,94,108,100,3,85,105,1,76,93,65" hai1="6,95,55,17,21,20,127,45,72,84,122,11,91" hai2="40,41,26,89,87,79,19,133,99,101,8,7,66" hai3="37,107,98,60,22,97,16,78,32,103,52,57,49"/><U69/><E122/><V13/><F133/><W44/><G32/><T110/><D65/><U118/><E118/><V63/><F79/><W90/><G37/><T106/><D42/><U27/><E69/><V114/><F114/><W51/><G78/><T73/><D4/><U61/><E72/><V67/><F67/><W82/><G44/><T23/><D23/><U123/><E123/><V121/><F121/><W132/><G132/><T46/><D46/><U48/><E127/><V34/><F7/><W28/><G28/><T50/><D50/><U104/><E104/><V25/><F25/><W5/><G5/><T62/><D76/><U58/><E21/><V43/><F34/><W18/><G18/><T70/><D73/><U92/><E92/><V129/><F26/><N who="3" m="14663" /><G82/><T12/><D100/><U117/><E117/><V120/><F120/><W64/><G64/><T38/><D70/><U80/><E80/><V115/><F115/><W125/><G125/><T35/><D35/><U47/><REACH who="1" step="1"/><E48/><REACH who="1" ten="388,41,367,184" step="2"/><V14/><F129/><W113/><G113/><T31/><D106/><U10/><E10/><V116/><F116/><W112/><G112/><T54/><D105/><U2/><AGARI ba="3,2" hai="2,6,11,17,20,27,45,47,55,58,61,84,91,95" machi="2" ten="20,3900,0" yaku="1,1,0,1,7,1,53,0" doraHai="130" doraHaiUra="102" who="1" fromWho="1" sc="388,-16,41,68,367,-16,184,-16" /><INIT seed="5,4,0,5,1,43" ten="372,109,351,168" oya="1" hai0="86,116,92,119,15,90,49,125,41,131,76,126,110" hai1="80,8,96,39,89,56,1,73,127,46,95,44,42" hai2="38,9,72,129,130,120,28,71,78,64,16,59,101" hai3="5,133,36,69,77,40,12,62,55,52,99,29,117"/><U111/><E127/><N who="0" m="48649" /><D110/><U11/><E111/><V18/><F38/><W61/><G99/><T37/><D131/><N who="2" m="50186" /><F120/><W17/><G77/><T58/><D76/><U106/><E106/><V104/><F28/><W121/><G5/><T91/><D15/><U66/><E1/><V105/><F71/><W98/><G98/><N who="0" m="57623" /><D37/><U20/><E20/><V94/><F94/><W27/><G133/><T109/><D109/><U102/><E46/><V10/><F78/><W19/><G19/><N who="2" m="7209" /><F72/><W4/><G17/><T97/><D97/><U23/><E23/><V107/><F101/><W87/><G36/><T21/><D21/><U135/><E135/><V22/><F22/><W3/><G3/><T74/><D74/><U82/><E73/><V67/><F59/><W6/><G69/><T57/><D57/><U112/><E112/><V81/><F81/><W0/><G0/><T7/><D7/><U14/><E14/><V115/><F115/><W134/><G12/><T93/><D58/><U2/><E2/><V32/><F32/><W33/><G4/><T113/><D113/><U79/><E79/><V50/><F50/><W30/><G6/><T54/><D119/><U34/><E34/><V83/><F83/><N who="1" m="31785" /><E102/><V47/><F47/><W128/><G33/><T25/><D25/><U31/><E31/><V132/><F132/><W26/><G30/><T68/><D116/><U103/><E103/><V65/><AGARI ba="4,0" hai="9,10,64,65,67,104,105,107" m="7209,50186" machi="65" ten="40,8000,1" yaku="28,2,19,1,54,1" doraHai="43" who="2" fromWho="2" sc="372,-24,109,-44,351,92,168,-24" /><INIT seed="6,0,0,4,4,128" ten="348,65,443,144" oya="2" hai0="57,121,109,49,43,29,22,130,65,78,7,28,16" hai1="69,38,100,94,97,117,53,54,5,45,50,19,23" hai2="12,37,64,46,127,31,34,88,107,110,82,93,91" hai3="4,71,42,119,124,104,15,70,18,122,108,1,134"/><V98/><F107/><W102/><G18/><T52/><D121/><U61/><E117/><V6/><F127/><W0/><G15/><T79/><D130/><U13/><E38/><V17/><F110/><W76/><G76/><T95/><D109/><U9/><E69/><V106/><F106/><W35/><G42/><T129/><D129/><U74/><E74/><V131/><F131/><W90/><G4/><T73/><D7/><U58/><REACH who="1" step="1"/><E5/><REACH who="1" ten="348,55,443,144" step="2"/><V25/><F6/><W68/><G68/><T55/><D73/><U24/><E24/><V40/><F82/><W116/><G71/><T62/><D95/><U113/><E113/><V11/><REACH who="2" step="1"/><F64/><REACH who="2" ten="348,55,433,144" step="2"/><W84/><G116/><T111/><D111/><U132/><E132/><V8/><F8/><AGARI ba="0,2" hai="8,9,13,19,23,45,50,53,54,58,61,94,97,100" machi="8" ten="40,8000,1" yaku="1,1,8,1,53,2" doraHai="128" doraHaiUra="51" who="1" fromWho="2" sc="348,0,55,100,433,-80,144,0" /><INIT seed="7,0,0,4,4,79" ten="348,155,353,144" oya="3" hai0="7,87,49,6,46,9,80,127,100,56,114,77,94" hai1="63,45,115,97,54,24,125,84,101,33,73,2,126" hai2="1,117,132,128,68,70,37,30,31,129,122,58,116" hai3="52,62,11,124,83,50,48,112,34,103,0,135,133"/><W108/><G112/><T76/><D127/><N who="1" m="48651" /><E73/><V55/><F37/><W96/><G124/><T14/><D114/><U91/><E115/><V71/><F1/><W40/><G34/><T110/><D110/><U102/><E2/><V88/><F88/><W17/><G108/><T36/><D36/><U85/><E102/><V81/><F81/><W111/><G111/><T105/><D105/><U89/><E89/><V15/><F15/><N who="3" m="7423" /><G83/><T82/><D56/><N who="1" m="35223" /><E45/><V41/><F41/><W23/><G40/><N who="0" m="24775" /><D100/><U118/><E118/><N who="2" m="45675" /><F132/><N who="3" m="50763" /><G23/><T78/><D6/><U65/><E65/><V18/><F18/><W25/><G25/><T19/><D19/><U44/><E44/><V29/><F122/><W60/><G0/><T32/><D32/><U61/><E61/><N who="3" m="23658" /><G52/><T66/><D66/><U86/><E24/><V35/><F35/><W99/><G99/><T51/><D51/><U59/><E59/><V74/><F74/><W98/><G98/><T134/><D134/><U28/><E33/><V107/><F107/><AGARI ba="0,0" hai="48,50,96,103,107" m="23658,50763,7423" machi="107" ten="30,1500,0" yaku="20,1" doraHai="79" who="3" fromWho="2" sc="348,0,155,0,353,-15,144,15" /><INIT seed="7,1,0,2,1,55" ten="348,155,338,159" oya="3" hai0="48,2,131,14,63,10,6,124,61,26,105,13,96" hai1="30,53,24,66,69,73,122,57,82,9,127,22,85" hai2="95,92,129,113,8,125,5,54,20,68,115,76,72" hai3="44,89,41,60,33,40,71,38,25,116,4,51,126"/><W133/><G116/><T114/><D124/><U86/><E122/><V83/><F68/><W17/><G133/><T87/><D131/><U42/><E69/><V47/><F125/><W56/><G126/><T50/><D114/><N who="2" m="43530" /><F129/><W21/><G33/><T103/><D26/><U99/><E127/><V16/><F54/><N who="3" m="30055" /><G71/><T23/><D87/><U15/><E66/><V52/><F52/><N who="3" m="33799" /><G38/><T90/><D2/><U130/><E42/><V91/><F47/><W74/><G74/><T62/><REACH who="0" step="1"/><D90/><REACH who="0" ten="338,155,338,159" step="2"/><U121/><E130/><V93/><F91/><W100/><G100/><T119/><D119/><U94/><E121/><V117/><F117/><W34/><G34/><T45/><D45/><U39/><E73/><V7/><F8/><W81/><G4/><T107/><D107/><U88/><E39/><V77/><F77/><W58/><G58/><T110/><D110/><U12/><E9/><V106/><F106/><W35/><G35/><T31/><D31/><U49/><E85/><AGARI ba="1,1" hai="17,21,25,40,41,81,85,89" m="33799,30055" machi="85" ten="30,5800,0" yaku="8,1,52,1,54,1" doraHai="55" who="3" fromWho="1" sc="338,0,155,-61,338,0,159,71" /><INIT seed="7,2,0,4,1,61" ten="338,94,338,230" oya="3" hai0="130,77,17,13,73,87,5,80,8,1,88,29,113" hai1="95,36,106,98,66,3,2,109,128,52,9,21,134" hai2="26,79,121,101,89,116,72,96,110,90,19,46,118" hai3="59,75,27,131,32,62,99,114,50,39,76,111,33"/><W133/><G114/><T82/><D113/><U105/><E109/><V93/><F46/><W94/><G133/><T22/><REACH who="0" step="1"/><D29/><REACH who="0" ten="328,94,338,230" step="2"/><U117/><E134/><V63/><F121/><W14/><G131/><AGARI ba="2,1" hai="1,5,8,13,17,22,73,77,80,82,87,88,130,131" machi="131" ten="40,5200,0" yaku="1,1,2,1,54,1,53,0" doraHai="61" doraHaiUra="120" who="0" fromWho="3" sc="328,68,94,0,338,0,230,-58" owari="396,50.0,94,-41.0,338,14.0,172,-23.0" /></mjloggm>