<mjloggm ver="2.3"><GO type="185" lobby="0"/><UN n0="%72%61%73%62%65%72%72%79" n1="%E9%80%86%E9%80%86%E5%A4%A7%E5%A5%BD%E3%81%8D" n2="%64%72%65%67%73" n3="" dan="17,16,17,0" rate="2278.07,2168.24,2231.84,1500.00" sx="F,M,M,C"/><TAIKYOKU oya="0"/><INIT seed="0,0,0,3,0,97" ten="350,350,350,0" oya="0" hai0="47,70,125,78,89,134,64,0,66,54,100,44,57" hai1="84,108,73,43,3,107,113,40,32,63,52,130,80" hai2="48,103,39,56,41,128,49,71,132,87,96,115,51" hai3=""/><T75/><D0/><U82/><E3/><V94/><F115/><T123/><N who="0" m="31520" /><T37/><D134/><U120/><N who="1" m="30752" /><U33/><E113/><V1/><F1/><T92/><D125/><U101/><E130/><V119/><F71/><T72/><D70/><U114/><E114/><V76/><F128/><T59/><D78/><U99/><E73/><V129/><F132/><T36/><D89/><U127/><E127/><V77/><F129/><T86/><D86/><U34/><E108/><V68/><F68/><T79/><D79/><U117/><E117/><V42/><F39/><T116/><D92/><U61/><E61/><V88/><F119/><T53/><D116/><U111/><E111/><V118/><F118/><T98/><D98/><U58/><REACH who="1" step="1"/><E82/><REACH who="1" ten="350,340,350,0" step="2"/><V133/><F133/><T90/><REACH who="0" step="1"/><D90/><AGARI ba="0,1" hai="32,33,34,40,43,52,58,63,80,84,90,99,101,107" m="30752" machi="90" ten="40,8000,1" yaku="1,1,2,1,52,2,54,1,53,0" doraHai="97" doraHaiUra="65" who="1" fromWho="0" sc="350,-80,340,90,350,0,0,0" /><INIT seed="1,0,0,5,0,53" ten="270,430,350,0" oya="1" hai0="108,103,66,50,56,59,132,64,39,70,40,33,124" hai1="120,75,41,91,57,47,36,43,80,48,45,98,89" hai2="123,83,32,133,99,52,100,77,102,110,116,58,90" hai3=""/><U134/><N who="1" m="30752" /><U84/><E134/><V96/><F96/><T78/><D33/><U117/><E117/><V97/><N who="2" m="31520" /><V61/><F116/><T73/><D132/><U118/><E118/><V112/><F32/><T69/><D103/><U37/><E75/><V85/><F112/><T42/><D78/><U105/><E105/><V76/><F133/><T46/><D73/><U2/><E2/><V129/><F110/><T128/><D108/><U72/><E72/><V106/><REACH who="2" step="1"/><F129/><REACH who="2" ten="270,430,340,0" step="2"/><T101/><D101/><U79/><E98/><V34/><F34/><T135/><D135/><U111/><E111/><V54/><F54/><AGARI ba="0,1" hai="36,37,41,43,45,47,48,54,57,79,80,84,89,91" m="30752" machi="54" ten="40,7700,0" yaku="9,1,52,2" doraHai="53" who="1" fromWho="2" sc="270,0,430,87,340,-77,0,0" /><INIT seed="1,1,0,3,0,116" ten="270,517,263,0" oya="1" hai0="118,66,87,89,50,59,52,130,125,3,39,55,103" hai1="51,78,97,68,0,36,132,62,102,40,37,95,80" hai2="53,98,77,105,107,48,93,70,44,46,56,49,129" hai3=""/><U83/><E0/><V122/><N who="2" m="31264" /><V117/><F117/><T119/><D3/><U106/><E132/><V90/><F129/><T67/><D130/><U54/><E106/><V60/><F70/><T115/><D115/><U126/><E40/><V58/><F77/><T76/><D76/><U2/><E2/><V108/><F108/><T72/><D72/><U121/><N who="1" m="31008" /><U61/><E83/><V133/><F133/><T57/><D39/><U111/><E111/><V82/><F82/><T96/><D125/><U75/><E126/><V43/><REACH who="2" step="1"/><F58/><REACH who="2" ten="270,517,253,0" step="2"/><T123/><N who="0" m="31520" /><T101/><D119/><U63/><REACH who="1" step="1"/><E68/><REACH who="1" ten="270,507,253,0" step="2"/><V33/><F33/><T134/><D134/><U86/><E86/><V85/><F85/><T81/><D118/><U64/><E64/><AGARI ba="1,2" hai="43,44,46,48,49,53,56,60,64,90,93,98,105,107" m="31264" machi="64" ten="30,7700,0" yaku="1,1,7,1,52,2,53,0" doraHai="116" doraHaiUra="34" who="2" fromWho="1" sc="270,0,507,-79,253,99,0,0" /><INIT seed="2,0,0,3,2,76" ten="270,428,352,0" oya="2" hai0="124,117,45,130,134,83,2,131,57,90,104,62,65" hai1="123,125,54,106,50,91,107,63,119,77,108,73,86" hai2="116,118,111,46,71,85,96,103,127,40,112,115,94" hai3=""/><V95/><F71/><T36/><D2/><U44/><N who="1" m="31520" /><U33/><E33/><V58/><F127/><T105/><D117/><U101/><E119/><V97/><F111/><T68/><D124/><U99/><E125/><V39/><F118/><T100/><D134/><U78/><E108/><V79/><F116/><T64/><D64/><U70/><E107/><V53/><F85/><T38/><D68/><U41/><E73/><V126/><F79/><T3/><D3/><U87/><E87/><V37/><F37/><T133/><D133/><U66/><REACH who="1" step="1"/><E41/><REACH who="1" ten="270,418,352,0" step="2"/><V74/><F74/><T80/><D105/><U109/><E109/><V120/><N who="2" m="30752" /><V122/><N who="2" m="31264" /><V114/><F126/><T129/><D104/><U55/><E55/><V52/><REACH who="2" step="1"/><F58/><REACH who="2" ten="270,418,342,0" step="2"/><T43/><D131/><U102/><E102/><AGARI ba="0,2" hai="39,40,46,52,53,94,95,96,97,102,103,112,114,115" m="31264,30752" machi="102" ten="40,18000,2" yaku="1,1,2,1,9,1,52,2,54,1,53,0" doraHai="76" doraHaiUra="61" who="2" fromWho="1" sc="270,0,418,-180,342,200,0,0" /><INIT seed="2,1,0,4,2,67" ten="270,238,542,0" oya="2" hai0="103,63,130,108,38,32,95,85,66,52,88,115,51" hai1="48,50,55,86,132,60,73,56,64,33,113,71,77" hai2="123,106,53,105,41,125,76,45,54,3,89,121,0" hai3=""/><V68/><N who="2" m="31008" /><V43/><N who="2" m="31520" /><V46/><F76/><T44/><D32/><U100/><E33/><V129/><F89/><T59/><D108/><U70/><E113/><V79/><F79/><T1/><D115/><U122/><N who="1" m="31264" /><U131/><E131/><V93/><F93/><T58/><D130/><U2/><E2/><V69/><F129/><T120/><N who="0" m="30752" /><T110/><D110/><U92/><E132/><V90/><F90/><T135/><D135/><U42/><E42/><V62/><F62/><T35/><D35/><U124/><E124/><AGARI ba="1,0" hai="0,3,41,43,45,46,53,54,68,69,105,106,124,125" m="31520,31008" machi="124" ten="25,18000,2" yaku="22,2,52,4" doraHai="67" who="2" fromWho="1" sc="270,0,238,-182,542,182,0,0" /><INIT seed="2,2,0,5,3,60" ten="270,56,724,0" oya="2" hai0="2,125,65,111,42,73,98,81,106,53,44,94,56" hai1="117,132,34,70,95,127,3,134,80,51,63,104,46" hai2="126,109,115,66,123,61,122,36,128,43,55,1,35" hai3=""/><V99/><N who="2" m="31264" /><V116/><N who="2" m="31520" /><V120/><N who="2" m="30752" /><V72/><F1/><T0/><D111/><U45/><E3/><V96/><F35/><T89/><D125/><U103/><E34/><V74/><F115/><T82/><D82/><U93/><E127/><V84/><F126/><T79/><D106/><U62/><E117/><V88/><F116/><T119/><D119/><U113/><E113/><V114/><F114/><T76/><D76/><U121/><N who="1" m="31008" /><U108/><E108/><V133/><F109/><T97/><D97/><U90/><E80/><V110/><F110/><T32/><D32/><U64/><E63/><V38/><F128/><T57/><D57/><U50/><E104/><V130/><F130/><T58/><D58/><U41/><E103/><V49/><F133/><N who="1" m="51305" /><E90/><V71/><F74/><T77/><D77/><U54/><AGARI ba="2,0" hai="41,45,46,50,51,54,62,64,70,93,95" m="51305,31008" machi="54" ten="30,3000,0" yaku="20,1,52,2" doraHai="60" who="1" fromWho="1" sc="270,-12,56,34,724,-22,0,0" /><INIT seed="4,0,0,1,5,0" ten="258,90,702,0" oya="0" hai0="81,50,38,128,85,72,65,56,116,115,68,71,117" hai1="61,90,96,34,100,49,99,103,127,106,121,105,132" hai2="109,54,66,70,37,78,119,110,131,63,53,125,111" hai3=""/><T98/><D115/><U113/><N who="1" m="31008" /><U97/><E113/><V36/><F78/><T76/><D128/><U57/><E132/><V114/><F131/><T104/><D38/><N who="2" m="14954" /><F114/><T92/><D104/><U33/><E127/><V93/><F93/><T46/><D72/><U126/><E126/><V73/><F73/><T32/><D32/><U86/><E49/><V1/><F1/><T52/><D71/><U134/><E97/><V45/><F125/><T89/><REACH who="0" step="1"/><D56/><REACH who="0" ten="248,90,702,0" step="2"/><U94/><REACH who="1" step="1"/><E134/><REACH who="1" ten="248,80,702,0" step="2"/><V42/><F119/><T101/><D101/><U135/><E135/><V64/><F70/><T88/><D88/><U80/><E80/><V40/><F111/><T130/><D130/><U2/><E2/><V82/><F110/><T77/><D77/><U102/><E102/><V83/><F82/><T59/><D59/><U48/><E48/><V122/><N who="2" m="31264" /><V79/><F83/><T74/><D74/><U41/><E41/><V60/><F79/><T129/><D129/><U75/><E75/><V84/><F109/><T51/><D51/><U67/><AGARI ba="0,2" hai="33,34,57,61,67,86,90,94,96,99,100,103,105,106" m="31008" machi="67" ten="20,9000,2" yaku="1,1,0,1,7,1,9,1,52,3,53,0" doraHai="0" doraHaiUra="43" who="1" fromWho="1" sc="248,-60,80,110,702,-30,0,0" /><INIT seed="5,0,0,3,4,84" ten="188,190,672,0" oya="1" hai0="47,55,120,50,1,76,34,99,56,59,135,94,132" hai1="2,95,41,101,43,45,110,92,33,108,88,58,0" hai2="71,117,105,66,112,57,133,87,130,125,85,78,69" hai3=""/><U113/><E33/><V42/><F105/><T75/><N who="0" m="30752" /><T123/><N who="0" m="31520" /><T111/><D111/><N who="1" m="42539" /><E113/><V51/><F117/><T53/><D34/><U129/><E129/><V124/><F112/><T121/><N who="0" m="31008" /><T80/><D1/><U100/><E58/><V39/><F130/><T131/><D131/><U68/><E68/><V82/><F133/><N who="0" m="51274" /><D55/><U37/><E43/><V83/><F39/><T97/><D97/><U89/><E95/><V104/><F104/><T116/><D116/><U128/><E128/><V62/><F42/><T91/><AGARI ba="0,0" hai="47,50,53,56,59,75,76,80,91,94,99" m="51274,31008,31520,30752" machi="91" ten="30,6000,1" yaku="20,1,52,4" doraHai="84" who="0" fromWho="0" sc="188,60,190,-40,672,-20,0,0" /><INIT seed="6,0,0,0,1,45" ten="248,150,652,0" oya="2" hai0="82,80,113,89,34,46,112,101,53,108,72,95,109" hai1="115,41,110,55,128,91,36,66,50,49,1,51,68" hai2="64,3,47,71,77,105,102,118,83,44,130,59,116" hai3=""/><V92/><F3/><T39/><D34/><U131/><E1/><V122/><N who="2" m="31264" /><V104/><F130/><N who="1" m="49705" /><E110/><N who="0" m="42601" /><D53/><U62/><E91/><V121/><N who="2" m="31008" /><V134/><F134/><T125/><D46/><U52/><E115/><N who="0" m="44105" /><D39/><U54/><E36/><V33/><F71/><T42/><D42/><AGARI ba="0,0" hai="41,42,49,50,51,52,54,55,62,66,68" m="49705" machi="42" ten="40,12000,2" yaku="19,1,34,2,52,3,54,1" doraHai="45" who="1" fromWho="0" sc="248,-120,150,120,652,0,0,0" owari="128,-47.0,270,-13.0,652,60.0,0,0.0" /></mjloggm>