<mjloggm ver="2.3"><GO type="169" lobby="0"/><UN n0="%4E%6F%6D%65%72%63%79" n1="%77%72%77%72%77%72%77%72" n2="%E6%B2%96%E3%83%92%E3%82%AB%E3%83%AB%EF%BC%88%E6%9C%AC%E7%89%A9%EF%BC%89" n3="%E3%81%A1%E3%82%87%E3%82%8A%E3%81%8A" dan="16,17,16,18" rate="2157.56,2180.42,2080.64,2209.72" sx="F,M,F,M"/><TAIKYOKU oya="0"/><INIT seed="0,0,0,4,2,85" ten="250,250,250,250" oya="0" hai0="20,101,88,10,120,57,25,121,65,109,14,114,110" hai1="128,61,30,28,129,60,75,94,22,106,37,117,46" hai2="135,100,89,40,86,133,24,1,12,95,93,84,132" hai3="78,55,81,99,82,17,97,66,19,112,77,130,5"/><T3/><D114/><U29/><E106/><V127/><F1/><W107/><G112/><T52/><D65/><U119/><E75/><V11/><F40/><W53/><G66/><T51/><D3/><U105/><E105/><V33/><F127/><W18/><G107/><T42/><D101/><U104/><E104/><V108/><F108/><N who="0" m="41578" /><D42/><N who="1" m="22863" /><E94/><V27/><F33/><W134/><G5/><N who="0" m="3407" /><D88/><U98/><E98/><N who="3" m="37386" /><G130/><N who="1" m="50282" /><E22/><V76/><F100/><W113/><G134/><T48/><D48/><U63/><AGARI ba="0,0" hai="28,29,30,60,61,63,117,119" m="50282,22863" machi="63" ten="40,1500,0" yaku="19,1" doraHai="85" who="1" fromWho="1" sc="250,-7,250,15,250,-4,250,-4" /><INIT seed="1,0,0,5,3,129" ten="243,265,246,246" oya="1" hai0="105,68,44,76,66,10,104,23,80,72,31,131,59" hai1="5,126,19,114,101,102,118,81,107,67,95,71,1" hai2="60,40,9,85,4,87,133,36,42,26,108,22,134" hai3="57,70,119,21,89,33,38,100,98,132,122,88,90"/><U91/><E114/><V2/><F108/><W17/><G70/><T121/><D131/><U124/><E118/><V135/><F60/><W94/><G33/><T3/><D68/><U37/><E37/><V63/><F63/><W56/><G38/><T83/><D121/><U41/><E41/><N who="2" m="15979" /><F36/><W128/><G122/><T116/><D116/><U50/><E67/><V43/><F43/><W86/><G128/><T117/><D44/><U99/><E50/><V14/><F2/><W15/><G119/><T13/><D117/><U58/><E58/><N who="3" m="22634" /><G132/><T79/><D59/><U53/><E53/><V92/><F92/><AGARI ba="0,0" hai="15,17,21,86,88,89,90,92,94,98,100" m="22634" machi="92" ten="30,2000,0" yaku="8,1,54,1" doraHai="129" who="3" fromWho="2" sc="243,0,265,0,246,-20,246,20" /><INIT seed="2,0,0,4,5,108" ten="243,265,226,266" oya="2" hai0="37,4,54,48,101,5,89,15,80,23,86,77,64" hai1="69,2,20,85,127,74,109,98,92,95,73,34,100" hai2="46,129,29,91,62,10,114,105,12,8,110,0,22" hai3="51,31,93,84,103,24,125,68,87,1,104,122,21"/><V133/><F105/><W102/><G122/><T28/><D37/><U83/><E34/><V41/><F114/><W33/><G1/><T55/><D64/><U63/><E2/><V49/><F110/><W88/><G125/><T44/><D101/><U119/><E20/><V9/><F133/><W25/><G68/><T50/><D77/><N who="1" m="46319" /><E63/><V126/><F126/><W42/><G104/><T121/><D121/><U18/><E18/><V52/><F129/><W65/><G65/><T43/><D43/><U67/><E67/><V16/><F91/><W38/><G84/><T111/><D111/><U11/><E11/><V57/><F0/><W7/><G7/><T130/><D130/><U53/><E53/><V79/><F79/><W19/><REACH who="3" step="1"/><G51/><REACH who="3" ten="243,265,226,256" step="2"/><T61/><D61/><U66/><E66/><V39/><REACH who="2" step="1"/><F39/><REACH who="2" ten="243,265,216,256" step="2"/><W32/><G32/><T81/><D81/><U120/><E127/><V113/><F113/><W26/><G26/><AGARI ba="0,2" hai="8,9,10,12,16,22,26,29,41,46,49,52,57,62" machi="26" ten="40,12000,1" yaku="1,1,8,1,54,2,53,0" doraHai="108" doraHaiUra="75" who="2" fromWho="3" sc="243,0,265,0,216,140,256,-120" /><INIT seed="2,1,0,2,4,8" ten="243,265,356,136" oya="2" hai0="102,0,110,112,27,107,97,3,1,26,15,61,68" hai1="72,23,19,18,58,134,81,63,42,104,73,129,118" hai2="7,86,126,36,47,119,2,48,94,37,105,65,11" hai3="56,31,60,75,122,22,52,93,25,17,101,114,120"/><V123/><F105/><W90/><G75/><T106/><D112/><U131/><E118/><V32/><F32/><W67/><G114/><T103/><D110/><U14/><E134/><V35/><F35/><W71/><G101/><T49/><D49/><U53/><E42/><V21/><F65/><W87/><REACH who="3" step="1"/><G31/><REACH who="3" ten="243,265,356,126" step="2"/><T133/><D133/><U38/><E73/><V83/><F119/><W59/><G59/><T100/><D102/><U66/><E58/><V115/><F115/><W54/><G54/><T91/><D100/><U109/><E53/><V99/><F123/><W77/><G77/><T74/><D74/><U113/><E72/><V70/><F70/><W124/><G124/><T82/><D107/><U55/><E104/><V6/><F126/><W128/><G128/><T13/><D68/><U50/><E55/><V44/><F44/><W95/><G95/><T64/><D91/><U20/><E131/><V85/><F94/><W34/><G34/><T108/><D108/><U10/><E109/><V96/><F47/><W33/><G33/><T132/><D132/><U92/><E129/><V121/><F121/><W135/><G135/><T43/><D43/><U125/><E125/><V88/><F88/><W84/><G84/><T4/><D82/><U127/><E81/><V41/><F83/><W51/><AGARI ba="1,1" hai="17,22,25,51,52,56,60,67,71,87,90,93,120,122" machi="51" ten="20,5200,0" yaku="1,1,0,1,7,1,54,1,53,0" doraHai="8" doraHaiUra="78" who="3" fromWho="3" sc="243,-14,265,-14,356,-27,126,65" /><INIT seed="3,0,0,2,4,75" ten="229,251,329,191" oya="3" hai0="62,92,86,133,20,52,15,108,79,44,33,42,51" hai1="30,105,100,53,113,18,28,98,14,80,9,54,23" hai2="131,122,66,128,91,81,61,101,59,90,57,96,83" hai3="10,8,22,119,39,25,118,126,0,1,72,47,58"/><W5/><G58/><T110/><D33/><U32/><E113/><V76/><F122/><W38/><G72/><T50/><D62/><U71/><E71/><V36/><F36/><W29/><G39/><T121/><D121/><U46/><E32/><V45/><F45/><W130/><G38/><T17/><D133/><U97/><E97/><V68/><F83/><W40/><G40/><T120/><D120/><U2/><E80/><V31/><F59/><W21/><G47/><T4/><D79/><U24/><E2/><V16/><F57/><W56/><G56/><N who="0" m="32791" /><D4/><U103/><E103/><V6/><F6/><N who="3" m="1095" /><G130/><T65/><D65/><U48/><REACH who="1" step="1"/><E54/><REACH who="1" ten="229,241,329,191" step="2"/><V84/><F68/><W124/><G22/><T94/><D94/><U73/><E73/><V74/><F74/><W115/><G115/><T11/><D11/><U27/><E27/><V109/><F131/><W135/><G135/><T117/><D117/><AGARI ba="0,1" hai="1,5,10,21,25,29,117,118,119,124,126" m="1095" machi="117" ten="30,2900,0" yaku="34,2" doraHai="75" who="3" fromWho="0" sc="229,-29,241,0,329,0,191,39" /><INIT seed="3,1,0,4,3,65" ten="200,241,329,230" oya="3" hai0="30,45,38,6,66,3,67,129,115,22,93,119,24" hai1="37,5,9,134,54,62,48,1,31,98,36,35,50" hai2="114,79,14,63,19,109,122,44,12,64,130,84,13" hai3="105,26,112,33,23,39,75,58,32,10,55,68,102"/><W95/><G75/><T89/><D119/><U91/><E134/><V69/><F114/><W20/><G112/><T104/><D115/><U43/><E62/><V103/><F103/><W121/><G121/><T76/><D104/><U53/><E43/><V16/><F122/><W110/><G39/><T83/><D129/><U49/><E31/><V135/><F130/><W128/><G105/><T70/><D3/><U125/><E35/><V81/><F135/><W94/><G68/><T11/><D11/><U71/><E71/><V90/><F109/><W27/><G10/><T74/><D6/><U60/><E60/><V107/><F107/><W72/><G72/><T17/><D30/><U126/><E91/><V100/><F100/><W25/><G128/><T52/><D70/><U80/><E98/><V97/><F44/><W96/><G95/><T7/><D7/><U61/><E80/><V34/><F34/><W56/><G56/><T108/><D108/><U2/><E61/><V116/><F116/><W85/><G85/><T28/><D28/><U113/><E113/><V132/><F132/><W51/><G110/><T92/><D92/><U42/><E42/><V78/><F97/><W73/><G73/><T82/><D82/><U99/><E99/><V124/><F124/><N who="1" m="47721" /><E2/><V127/><F127/><W47/><G33/><T4/><D4/><U8/><E8/><V106/><F106/><W41/><G32/><T111/><D111/><U133/><E133/><V101/><F101/><W40/><G40/><N who="0" m="22679" /><D52/><AGARI ba="1,0" hai="1,5,9,36,37,48,49,50,52,53,54" m="47721" machi="52" ten="30,2000,0" yaku="18,1,54,1" doraHai="65" who="1" fromWho="0" sc="200,-23,241,23,329,0,230,0" /><INIT seed="4,0,0,5,1,48" ten="177,264,329,230" oya="0" hai0="89,128,55,24,28,49,36,87,129,84,73,17,106" hai1="43,19,3,90,52,102,112,2,32,26,122,14,39" hai2="61,97,105,5,51,94,75,120,31,103,111,12,131" hai3="67,78,57,44,92,100,56,70,124,114,58,83,79"/><T45/><D73/><U127/><E122/><V116/><F120/><W23/><G114/><T69/><D69/><U110/><E110/><V104/><F31/><W118/><G118/><T121/><D121/><U25/><E102/><V16/><F5/><W22/><G124/><T115/><D115/><U113/><E43/><V88/><F111/><W65/><G44/><T59/><D106/><U64/><E90/><V81/><F61/><W1/><G1/><T130/><D17/><U18/><E14/><V27/><F27/><W54/><G70/><T46/><D36/><U20/><E64/><N who="3" m="24650" /><G100/><T125/><D87/><U53/><E20/><N who="3" m="7722" /><G92/><T74/><D74/><U13/><E13/><V85/><F116/><W82/><G54/><T107/><D107/><U135/><E135/><V132/><F132/><W60/><G60/><T96/><D125/><U66/><E66/><V8/><F75/><W9/><G9/><T134/><D134/><U72/><E72/><V6/><F6/><W123/><G123/><T93/><REACH who="0" step="1"/><D96/><REACH who="0" ten="167,264,329,230" step="2"/><U62/><E127/><V76/><F105/><W15/><G15/><T50/><D50/><U29/><E39/><V77/><F51/><W10/><G10/><T34/><AGARI ba="0,1" hai="24,28,34,45,46,49,55,59,84,89,93,128,129,130" machi="34" ten="30,11700,0" yaku="1,1,0,1,19,1,52,1,53,0" doraHai="48" doraHaiUra="119" who="0" fromWho="0" sc="167,127,264,-39,329,-39,230,-39" /><INIT seed="4,1,0,2,3,120" ten="294,225,290,191" oya="0" hai0="96,58,16,85,23,17,117,118,11,77,93,20,28" hai1="60,84,37,3,88,113,12,74,75,71,130,82,52" hai2="36,44,103,18,114,70,134,0,133,132,29,121,51" hai3="15,42,76,27,92,59,115,81,56,127,14,126,19"/><T64/><D11/><U62/><E3/><V30/><F121/><W4/><G115/><T122/><D122/><U45/><E130/><V67/><F36/><W119/><G119/><T94/><D28/><U5/><E113/><V89/><F0/><W65/><G42/><T26/><D64/><U123/><E123/><V38/><F38/><W107/><G107/><T66/><D66/><U9/><E62/><N who="2" m="40311" /><F103/><W41/><G41/><T25/><D58/><U79/><E71/><V86/><F18/><W125/><G92/><T135/><D135/><U124/><E124/><V73/><F73/><W90/><G90/><T32/><D32/><U109/><E109/><V21/><F21/><N who="3" m="13759" /><G4/><T34/><D34/><U47/><E75/><V61/><F61/><N who="3" m="38055" /><G59/><T50/><D50/><U106/><E106/><V68/><F68/><W69/><G69/><T131/><D131/><U31/><E31/><V128/><F128/><W10/><G10/><T63/><D63/><U87/><E74/><AGARI ba="1,0" hai="14,15,74,76,81,125,126,127" m="38055,13759" machi="74" ten="30,1000,0" yaku="18,1" doraHai="120" who="3" fromWho="1" sc="294,0,225,-13,290,0,191,13" /><INIT seed="5,0,0,5,0,95" ten="294,212,290,204" oya="1" hai0="58,123,88,128,22,90,46,85,68,131,24,53,76" hai1="67,133,96,27,4,1,37,115,32,73,3,113,118" hai2="119,112,69,78,16,45,25,74,81,55,10,83,106" hai3="75,79,124,126,94,120,86,21,100,13,6,35,28"/><U62/><E133/><V48/><F119/><W11/><G120/><T23/><D123/><U17/><E118/><V109/><F69/><W87/><G35/><T14/><D68/><U70/><E73/><V80/><F109/><W82/><G28/><T34/><D46/><U52/><E37/><V8/><F112/><N who="1" m="43081" /><E4/><V99/><F10/><W135/><G135/><T39/><D39/><U31/><E17/><V65/><F65/><W51/><G51/><T111/><D111/><U104/><E52/><V44/><F44/><W84/><G21/><T134/><D134/><U98/><E104/><V66/><F66/><W72/><G72/><T57/><D34/><U38/><E38/><V108/><F108/><W63/><G63/><T102/><D53/><U129/><E129/><V105/><F105/><W101/><REACH who="3" step="1"/><G94/><REACH who="3" ten="294,212,290,194" step="2"/><T77/><D128/><U2/><AGARI ba="0,1" hai="1,2,3,27,31,32,62,67,70,96,98" m="43081" machi="2" ten="40,7800,0" yaku="15,1,52,2" doraHai="95" who="1" fromWho="1" sc="294,-26,212,88,290,-26,194,-26" /><INIT seed="5,1,0,5,2,38" ten="268,300,264,168" oya="1" hai0="25,10,97,48,74,133,7,114,52,102,71,128,83" hai1="132,68,131,22,15,98,80,106,13,70,8,0,116" hai2="85,134,77,34,115,113,54,135,62,69,78,30,55" hai3="105,121,23,112,21,100,12,32,49,31,66,89,19"/><U36/><E116/><V11/><F11/><W58/><G121/><T14/><D71/><U50/><E36/><V27/><F85/><W111/><G111/><T17/><D114/><N who="2" m="43530" /><F55/><W72/><G72/><T59/><D128/><U26/><E8/><V91/><F91/><W99/><G112/><T95/><D133/><N who="2" m="50698" /><F54/><W53/><G32/><T123/><D123/><U28/><E131/><V3/><F3/><W75/><G75/><T130/><D130/><U125/><E0/><V122/><F122/><W2/><G2/><T24/><REACH who="0" step="1"/><D7/><REACH who="0" ten="258,300,264,168" step="2"/><U20/><E132/><V129/><F129/><W120/><G120/><T92/><D92/><U16/><E106/><V96/><F96/><W86/><G66/><AGARI ba="1,1" hai="27,30,34,62,66,69,77,78" m="50698,43530" machi="66" ten="30,3900,0" yaku="15,1,11,1,20,1" doraHai="38" who="2" fromWho="3" sc="258,0,300,0,264,52,168,-42" /><INIT seed="6,0,0,5,3,33" ten="258,300,316,126" oya="2" hai0="80,59,31,18,24,46,56,65,28,104,45,20,78" hai1="6,81,115,132,73,99,98,106,25,48,61,84,64" hai2="96,36,88,67,82,77,37,21,79,19,30,130,52" hai3="110,0,103,29,97,105,114,86,102,41,66,118,94"/><V57/><F130/><W124/><G110/><T119/><D104/><U131/><E115/><V8/><F67/><W121/><G121/><T71/><D71/><U7/><E132/><V70/><F30/><N who="0" m="11306" /><D119/><U12/><E73/><V2/><F70/><W16/><G118/><T133/><D133/><U47/><E25/><V58/><F58/><N who="0" m="22058" /><D65/><U127/><E61/><V125/><F125/><W135/><G29/><T69/><D69/><U60/><E60/><V62/><F79/><W54/><G66/><T129/><D129/><U39/><E127/><V32/><F32/><W126/><G114/><T75/><D75/><U11/><E39/><V91/><F91/><W134/><G41/><T89/><D78/><N who="1" m="46135" /><E106/><V14/><F77/><W55/><G105/><T90/><D80/><U95/><E64/><V40/><F40/><W74/><G74/><T44/><AGARI ba="0,0" hai="18,20,24,44,45,46,89,90" m="22058,11306" machi="44" ten="30,1100,0" yaku="8,1" doraHai="33" who="0" fromWho="0" sc="258,11,300,-3,316,-5,126,-3" /><INIT seed="7,0,0,2,2,63" ten="269,297,311,123" oya="3" hai0="5,65,53,111,118,122,124,41,114,101,23,90,71" hai1="69,98,3,106,85,60,119,7,16,81,99,4,30" hai2="17,77,59,26,47,49,94,76,133,128,72,1,24" hai3="112,78,132,19,25,73,29,36,58,80,21,55,105"/><W38/><G105/><T10/><D118/><U96/><E30/><V28/><F1/><W87/><G112/><T107/><D122/><U0/><E119/><V67/><F72/><W44/><G132/><T51/><D114/><U33/><E33/><V100/><F17/><W62/><G73/><T115/><D111/><U52/><E69/><V14/><F14/><W2/><G2/><T110/><D41/><U116/><E106/><V13/><F13/><W66/><REACH who="3" step="1"/><G29/><REACH who="3" ten="269,297,311,113" step="2"/><T40/><D115/><U88/><E0/><V120/><F133/><W91/><G91/><T34/><D90/><U108/><E3/><V68/><F28/><W75/><G75/><T43/><D107/><U74/><E74/><V6/><F120/><W27/><G27/><T48/><D110/><U123/><E108/><V84/><F26/><W11/><G11/><T127/><D10/><U97/><E123/><V95/><F24/><W15/><G15/><T8/><D8/><U70/><E88/><V92/><F77/><W18/><G18/><T79/><D79/><U35/><E16/><V129/><F76/><W82/><G82/><T61/><D124/><U9/><E81/><V86/><F95/><W42/><G42/><T117/><D127/><U46/><E9/><V113/><F94/><W89/><G89/><T130/><D117/><U126/><E126/><V104/><F92/><W54/><G54/><T135/><D40/><U37/><E52/><V83/><F104/><W131/><G131/><T103/><D130/><U57/><E116/><V20/><F129/><W31/><G31/><T32/><D135/><RYUUKYOKU ba="0,1" sc="269,-10,297,-10,311,-10,113,30" hai3="19,21,25,36,38,44,55,58,62,66,78,80,87" /><INIT seed="7,1,1,4,2,100" ten="259,287,301,143" oya="3" hai0="26,129,11,21,109,2,74,82,134,64,92,116,27" hai1="5,94,57,44,30,51,7,108,29,56,36,19,28" hai2="6,115,117,78,97,102,24,104,12,52,126,123,132" hai3="66,18,41,1,37,133,107,89,111,46,106,53,128"/><W10/><G66/><T38/><D116/><U48/><E36/><V31/><F117/><W103/><G103/><T20/><D109/><U99/><E19/><V83/><F123/><W105/><G111/><T91/><D38/><U114/><E114/><V55/><F115/><W17/><G89/><T16/><D64/><U63/><E51/><V33/><F132/><W125/><G133/><T15/><D129/><U40/><E57/><V127/><F12/><W113/><G113/><T110/><D110/><U67/><E108/><V131/><F6/><W93/><G93/><T84/><D134/><U122/><E122/><V76/><F76/><W8/><G128/><T73/><D2/><U61/><E63/><V39/><F39/><W47/><G125/><N who="2" m="47625" /><F131/><W49/><REACH who="3" step="1"/><G10/><REACH who="3" ten="259,287,301,133" step="2"/><T124/><D124/><U25/><E94/><V65/><F65/><W75/><G75/><AGARI ba="1,2" hai="24,31,33,52,55,75,78,83,97,102,104" m="47625" machi="75" ten="30,3900,0" yaku="18,1,52,1,54,1" doraHai="100" who="2" fromWho="3" sc="259,0,287,0,301,62,133,-42" owari="259,-14.0,287,9.0,363,46.0,91,-41.0" /></mjloggm>