<mjloggm ver="2.3"><GO type="169" lobby="0"/><UN n0="%E7%88%86%E5%BC%BE%E4%BA%94%E9%83%8E%EF%BC%92" n1="%E3%82%A6%E3%83%AB%E3%83%88%E3%83%A9%E7%AB%8B%E7%9B%B4" n2="%61%70%70%6C%61%75%73%65" n3="%E9%89%84%E7%A8%9A%E9%AD%9A%E3%82%AB%E3%83%A2%E9%A4%8A%E5%88%86" dan="16,20,16,18" rate="2095.36,2169.43,2124.75,2201.13" sx="M,M,F,F"/><TAIKYOKU oya="0"/><INIT seed="0,0,0,4,5,103" ten="250,250,250,250" oya="0" hai0="79,84,110,62,74,13,135,43,4,10,25,54,57" hai1="7,55,47,78,101,41,118,93,94,68,46,2,45" hai2="73,30,22,29,24,130,109,37,48,28,9,65,40" hai3="89,8,16,70,117,56,82,36,39,44,83,49,71"/><T58/><D74/><U97/><E118/><V50/><F73/><W76/><G117/><T6/><D135/><U121/><E121/><V53/><F37/><W63/><G39/><T92/><D43/><U91/><E68/><V125/><F109/><W123/><G123/><T59/><D110/><U111/><E111/><V95/><F125/><W69/><G36/><T14/><D25/><U129/><E129/><V112/><F112/><W81/><G76/><T119/><D119/><U38/><E78/><V104/><F130/><W113/><G113/><T131/><D131/><U120/><E120/><V18/><F65/><W108/><G108/><T26/><D26/><U96/><E55/><V35/><F104/><W85/><G56/><T42/><D42/><U102/><REACH who="1" step="1"/><E91/><REACH who="1" ten="250,240,250,250" step="2"/><V66/><F53/><W105/><G70/><T77/><D79/><U34/><E34/><V122/><F35/><W86/><G71/><T51/><D62/><U15/><E15/><V99/><F122/><W31/><G69/><T98/><D13/><U20/><E20/><V23/><F23/><W27/><G89/><N who="0" m="55567" /><D4/><U106/><E106/><V64/><F40/><W19/><G105/><T75/><D75/><U88/><E88/><N who="2" m="55783" /><F9/><AGARI ba="0,1" hai="2,7,9,38,41,45,46,47,93,94,96,97,101,102" machi="9" ten="40,2600,0" yaku="1,1,9,1,53,0" doraHai="103" doraHaiUra="87" who="1" fromWho="2" sc="250,0,240,36,250,-26,250,0" /><INIT seed="1,0,0,3,0,3" ten="250,276,224,250" oya="1" hai0="100,24,72,6,107,25,127,91,123,2,135,103,75" hai1="119,46,94,98,74,81,126,59,102,118,28,17,104" hai2="111,116,129,71,112,34,84,121,0,66,49,14,76" hai3="21,4,1,120,95,87,29,124,30,79,92,67,97"/><U22/><E126/><V83/><F49/><W52/><G120/><T105/><D135/><U19/><E28/><V65/><F14/><W117/><G124/><T93/><D127/><U85/><E59/><V32/><F84/><W8/><G67/><T114/><D114/><U122/><E122/><V77/><F83/><W20/><G117/><T38/><D38/><U51/><E74/><V62/><F62/><W109/><G109/><T88/><D123/><U27/><E104/><V23/><F23/><W133/><G133/><T39/><D39/><U58/><E58/><V128/><F121/><W36/><G36/><T44/><D44/><U78/><REACH who="1" step="1"/><E17/><REACH who="1" ten="250,266,224,250" step="2"/><V69/><F116/><W64/><G30/><T60/><D107/><U33/><E33/><V56/><F56/><W37/><G29/><T7/><D105/><U115/><E115/><V11/><F112/><W63/><G64/><T35/><D35/><U110/><E110/><V10/><F111/><W31/><G31/><T53/><D60/><U16/><E16/><V82/><F65/><W50/><G63/><T26/><D75/><U48/><E48/><V13/><F66/><W9/><G37/><T96/><D72/><U5/><E5/><N who="2" m="1319" /><F32/><W12/><G50/><T130/><D7/><U42/><AGARI ba="0,1" hai="19,22,27,42,46,51,78,81,85,94,98,102,118,119" machi="42" ten="20,3900,0" yaku="1,1,0,1,7,1,53,0" doraHai="3" doraHaiUra="54" who="1" fromWho="1" sc="250,-13,266,49,224,-13,250,-13" /><INIT seed="1,1,0,3,5,31" ten="237,315,211,237" oya="1" hai0="9,83,60,116,32,106,75,107,133,30,118,119,109" hai1="108,19,8,7,17,74,82,35,90,59,51,94,78" hai2="42,102,63,16,87,126,61,103,111,84,47,53,79" hai3="56,80,20,128,125,69,27,121,11,40,34,70,54"/><U0/><E108/><V123/><F123/><W14/><G121/><T37/><D37/><U95/><E35/><V76/><F111/><W91/><G40/><T3/><D109/><U45/><E59/><V101/><F126/><W64/><G64/><T58/><D133/><U89/><E94/><V26/><F42/><W97/><G128/><T104/><D3/><U39/><E90/><V41/><F41/><W23/><G125/><T73/><D83/><U122/><E122/><V124/><F124/><W67/><G67/><T44/><D44/><U92/><E92/><V28/><F84/><W117/><G23/><T71/><D9/><U1/><E1/><V52/><F28/><W55/><G55/><N who="2" m="21065" /><F47/><W36/><G36/><T115/><D58/><U134/><E134/><V57/><F87/><W66/><G66/><N who="0" m="41415" /><D115/><U68/><E68/><V6/><F6/><W18/><G117/><T77/><D77/><N who="2" m="29770" /><F57/><W105/><G70/><T2/><D2/><U114/><E114/><V110/><F110/><W24/><G69/><T12/><D12/><U4/><E4/><V81/><F81/><W96/><G80/><T33/><D30/><U127/><E127/><V130/><F130/><W120/><G120/><T21/><D21/><AGARI ba="1,0" hai="16,21,26,61,63,101,102,103" m="29770,21065" machi="21" ten="30,3900,0" yaku="8,1,54,2" doraHai="31" who="2" fromWho="0" sc="237,-42,315,0,211,42,237,0" /><INIT seed="2,0,0,0,5,105" ten="195,315,253,237" oya="2" hai0="131,17,39,41,135,79,15,36,47,82,7,46,50" hai1="84,22,88,108,37,30,90,93,52,117,109,113,101" hai2="107,75,133,121,86,20,38,65,61,60,85,2,126" hai3="8,16,106,12,128,74,73,11,83,122,116,114,77"/><V71/><F121/><W103/><G116/><T27/><D135/><U68/><E113/><V129/><F107/><W112/><G122/><T14/><D131/><U31/><E68/><V23/><F2/><W10/><G128/><T33/><D46/><U1/><E37/><V6/><F129/><W44/><G44/><T67/><D67/><U96/><E1/><V111/><F38/><W4/><G103/><T26/><D39/><U127/><E117/><V123/><F123/><W134/><G106/><T58/><D58/><U53/><E127/><V24/><F6/><W3/><G134/><T64/><D64/><U115/><E115/><N who="3" m="44074" /><G10/><N who="0" m="4447" /><D33/><U32/><E32/><V70/><F133/><W66/><G66/><T18/><D36/><U63/><E101/><V89/><F65/><W100/><G100/><T5/><D5/><U0/><E0/><V45/><F45/><W48/><G48/><T87/><D17/><U80/><E63/><V9/><F9/><AGARI ba="0,0" hai="9,15,18,26,27,41,47,50,79,82,87" m="4447" machi="9" ten="30,2000,0" yaku="25,1,8,1" doraHai="105" who="0" fromWho="2" sc="195,20,315,0,253,-20,237,0" /><INIT seed="3,0,0,2,4,40" ten="215,315,233,237" oya="3" hai0="97,120,68,1,0,70,102,64,95,21,91,71,84" hai1="109,46,127,49,112,66,96,100,111,43,94,57,124" hai2="80,12,119,104,18,20,92,101,81,7,45,129,117" hai3="16,125,47,131,110,6,67,25,28,14,133,39,8"/><W130/><G133/><T121/><D64/><U32/><E32/><V38/><F129/><N who="3" m="49163" /><G125/><N who="1" m="48202" /><E112/><V88/><F104/><W35/><G67/><T2/><REACH who="0" step="1"/><D21/><REACH who="0" ten="205,315,233,237" step="2"/><U31/><E31/><V86/><F20/><N who="3" m="11287" /><G110/><T77/><D77/><U13/><E66/><V87/><F117/><W118/><G118/><T132/><D132/><U58/><E13/><V72/><F12/><N who="3" m="5143" /><G39/><T42/><D42/><U79/><E79/><V4/><F38/><W78/><G78/><T15/><D15/><U44/><E109/><V122/><F119/><W51/><G51/><T93/><AGARI ba="0,1" hai="0,1,2,68,70,71,84,91,93,95,97,102,120,121" machi="93" ten="40,2700,0" yaku="1,1,0,1,53,0" doraHai="40" doraHaiUra="75" who="0" fromWho="0" sc="205,37,315,-7,233,-7,237,-13" /><INIT seed="4,0,0,4,2,112" ten="242,308,226,224" oya="0" hai0="132,37,59,3,7,49,100,120,6,55,25,126,92" hai1="13,99,53,28,114,56,133,24,33,74,51,70,78" hai2="125,50,64,87,20,52,45,65,34,16,69,43,31" hai3="62,102,124,106,105,47,48,2,39,76,94,17,54"/><T107/><D37/><U85/><E133/><V46/><F125/><W122/><G2/><T97/><D120/><U131/><E131/><V127/><F127/><W15/><G124/><T61/><D126/><U91/><E114/><V95/><F69/><W30/><G122/><T121/><D121/><U109/><E109/><V21/><F34/><W68/><G30/><T88/><D132/><U11/><E70/><V116/><F116/><W72/><G39/><T82/><D3/><U42/><E42/><V1/><F1/><W32/><G32/><T93/><D82/><U66/><E66/><V80/><F95/><W5/><G5/><T83/><D83/><U75/><E99/><V67/><F21/><W103/><G76/><T10/><D107/><U41/><E41/><V73/><F31/><W135/><G72/><T26/><D49/><U96/><E96/><V98/><F98/><N who="3" m="59735" /><G103/><T14/><D6/><U27/><E27/><N who="2" m="14727" /><F73/><W129/><G129/><T84/><AGARI ba="0,0" hai="7,10,14,25,26,55,59,61,84,88,92,93,97,100" machi="84" ten="20,7800,0" yaku="0,1,7,1,8,1,54,1" doraHai="112" who="0" fromWho="0" sc="242,78,308,-26,226,-26,224,-26" /><INIT seed="4,1,0,5,3,107" ten="320,282,200,198" oya="0" hai0="3,133,105,37,103,108,75,134,88,82,11,95,54" hai1="7,35,33,126,93,120,104,32,21,119,52,61,22" hai2="66,70,49,99,31,29,83,109,45,62,87,79,39" hai3="123,41,48,100,51,116,131,6,114,15,94,24,122"/><T74/><D37/><U67/><E104/><V68/><F109/><W40/><G116/><T110/><D3/><U56/><E120/><V13/><F68/><W9/><G114/><T130/><D130/><U2/><E119/><V73/><F99/><N who="3" m="59511" /><G131/><T77/><D54/><U117/><E117/><V64/><F64/><W81/><G24/><T27/><D11/><U5/><E126/><V102/><F102/><W63/><G63/><T53/><D53/><U96/><E67/><V124/><F124/><W58/><G81/><T135/><D27/><U125/><E125/><V97/><F97/><W69/><G69/><T19/><D19/><U59/><E59/><V0/><F0/><W128/><G128/><T90/><D74/><U57/><E57/><V46/><F87/><W18/><G18/><T84/><D90/><U30/><E30/><V121/><F121/><N who="3" m="46091" /><G58/><T89/><D89/><U38/><E38/><V85/><F85/><W14/><G15/><T132/><D132/><U127/><E127/><V36/><F36/><W71/><G71/><T92/><D92/><U10/><REACH who="1" step="1"/><E5/><REACH who="1" ten="320,272,200,198" step="2"/><V23/><F39/><W26/><G6/><T118/><REACH who="0" step="1"/><D118/><REACH who="0" ten="310,272,200,198" step="2"/><U17/><E17/><V47/><F47/><W28/><G28/><T42/><D42/><U113/><E113/><V12/><F45/><W55/><G41/><T1/><D1/><U16/><E16/><V43/><F31/><W115/><G40/><T25/><D25/><U98/><E98/><AGARI ba="1,2" hai="75,77,82,84,88,95,98,103,105,108,110,133,134,135" machi="98" ten="50,24000,3" yaku="1,1,24,2,20,1,34,3,52,1,54,1,53,0" doraHai="107" doraHaiUra="4" who="0" fromWho="1" sc="310,263,272,-243,200,0,198,0" /><INIT seed="4,2,0,4,4,52" ten="573,29,200,198" oya="0" hai0="97,95,102,104,55,109,76,50,12,42,131,15,105" hai1="60,114,3,40,115,85,124,41,45,19,65,108,36" hai2="129,101,112,82,73,24,7,123,127,130,117,32,135" hai3="10,5,67,14,125,56,26,44,31,27,89,11,6"/><T51/><D76/><U75/><E75/><V53/><F123/><W1/><G125/><T72/><D72/><U43/><E3/><V61/><F127/><W78/><G78/><T46/><D131/><N who="2" m="50186" /><F7/><N who="3" m="1391" /><G89/><T57/><D109/><U107/><E107/><V47/><F112/><N who="1" m="43049" /><E124/><V106/><F135/><W113/><G44/><T90/><REACH who="0" step="1"/><D105/><REACH who="0" ten="563,29,200,198" step="2"/><U34/><E108/><V58/><F73/><W21/><G113/><T103/><D103/><U133/><E133/><V100/><F101/><W48/><G5/><T30/><D30/><U80/><E19/><V9/><F100/><W28/><G28/><T33/><D33/><U99/><E34/><V49/><F106/><W13/><G31/><T121/><D121/><U74/><E74/><V25/><F32/><W88/><G6/><T22/><D22/><U68/><E99/><AGARI ba="2,1" hai="12,15,42,46,50,51,55,57,90,95,97,99,102,104" machi="99" ten="30,5800,0" yaku="1,1,7,1,52,1,53,0" doraHai="52" doraHaiUra="119" who="0" fromWho="1" sc="563,74,29,-64,200,0,198,0" owari="637,74.0,-35,-54.0,200,0.0,198,-20.0" /></mjloggm>