<mjloggm ver="2.3"><GO type="169" lobby="0"/><UN n0="%E3%83%81%E3%83%83%E3%83%97%E3%82%B3%E3%83%AC%E3%82%AF%E3%82%BF%E3%83%BC" n1="%E5%A4%A7%E8%B3%A2%E8%89%AF%E5%B8%AB" n2="%66%61%74%65%34%32%39%38" n3="%E3%81%BF%E3%81%88%E3%83%8D%E3%82%B3" dan="16,16,16,16" rate="2149.80,2065.03,2146.78,2126.44" sx="M,M,M,M"/><TAIKYOKU oya="0"/><INIT seed="0,0,0,5,2,131" ten="250,250,250,250" oya="0" hai0="8,107,78,110,83,52,90,22,21,38,95,49,127" hai1="4,130,32,57,94,48,60,96,12,58,132,118,19" hai2="109,27,34,59,86,28,9,69,105,77,73,126,7" hai3="29,63,102,91,101,88,64,67,61,39,93,47,81"/><T23/><D107/><U89/><E32/><V76/><F109/><W14/><G29/><T100/><D38/><U55/><E118/><V108/><F108/><W50/><G39/><T53/><D110/><U25/><E130/><V40/><F126/><W31/><G31/><T17/><D100/><N who="3" m="38505" /><G14/><N who="0" m="7367" /><D127/><U117/><E117/><V99/><F86/><N who="3" m="50255" /><G63/><T68/><D68/><U20/><E4/><V84/><F69/><W24/><G61/><T124/><D124/><U51/><E132/><V56/><F40/><N who="3" m="24935" /><G24/><T75/><D75/><U65/><E48/><V3/><F73/><W30/><G30/><T2/><D2/><U106/><E106/><V79/><F105/><W114/><G114/><T115/><D115/><U6/><E6/><V104/><F104/><W54/><G54/><N who="0" m="21099" /><D49/><U74/><E74/><V18/><F84/><AGARI ba="0,0" hai="64,67,84,91,93" m="24935,50255,38505" machi="84" ten="30,2000,0" yaku="8,1,54,1" doraHai="131" who="3" fromWho="2" sc="250,0,250,0,250,-20,250,20" /><INIT seed="1,0,0,3,2,65" ten="250,250,230,270" oya="1" hai0="23,52,127,0,42,63,83,126,34,31,116,25,67" hai1="121,79,6,51,110,36,1,134,101,95,91,73,17" hai2="14,124,22,9,55,58,113,93,90,85,41,100,108" hai3="43,118,74,15,92,8,96,84,37,72,32,24,111"/><U128/><E36/><V129/><F113/><W82/><G111/><T48/><D116/><U133/><E121/><V4/><F108/><W88/><G118/><T130/><D0/><U94/><E110/><V89/><F129/><W61/><G37/><T19/><D130/><U56/><E128/><V30/><F124/><N who="0" m="47658" /><D83/><N who="1" m="45551" /><E101/><V70/><F70/><W87/><G43/><T28/><D42/><U29/><E29/><V21/><F41/><W102/><G61/><T26/><D19/><U81/><E17/><V77/><F77/><W45/><G45/><N who="0" m="27663" /><D63/><U47/><E56/><V104/><F100/><W98/><G32/><T5/><D67/><U115/><E115/><V2/><F104/><W78/><G24/><T106/><D5/><U103/><E103/><V135/><F2/><W112/><G112/><T62/><D62/><U7/><E1/><V122/><F30/><W75/><REACH who="3" step="1"/><G102/><REACH who="3" ten="250,250,230,260" step="2"/><T40/><D40/><N who="1" m="25063" /><E7/><AGARI ba="0,1" hai="7,8,15,72,74,75,78,82,84,87,88,92,96,98" machi="7" ten="40,2600,0" yaku="1,1,54,1,53,0" doraHai="65" doraHaiUra="123" who="3" fromWho="1" sc="250,0,250,-26,230,0,260,36" /><INIT seed="2,0,0,5,0,110" ten="250,224,230,296" oya="2" hai0="87,37,82,77,70,69,101,127,24,115,64,117,88" hai1="18,122,43,63,118,8,135,51,11,30,130,121,13" hai2="1,54,83,0,79,73,85,39,126,41,120,46,94" hai3="95,107,116,80,28,60,22,36,71,5,61,49,97"/><V84/><F120/><N who="1" m="46185" /><E63/><V20/><F126/><W7/><G116/><T86/><D127/><U6/><E51/><V99/><F54/><W45/><G36/><T34/><D37/><U93/><E93/><V68/><F68/><W52/><G107/><T104/><D117/><U65/><E65/><V19/><F0/><W40/><G80/><T74/><D64/><U48/><E48/><V133/><F133/><W91/><G71/><T103/><D87/><U57/><E57/><V98/><F1/><W4/><REACH who="3" step="1"/><G40/><REACH who="3" ten="250,224,230,286" step="2"/><T2/><D69/><U27/><E43/><V90/><REACH who="2" step="1"/><F73/><REACH who="2" ten="250,224,220,286" step="2"/><W42/><G42/><T100/><D70/><U132/><E118/><V58/><F58/><W50/><G50/><T105/><D74/><U131/><E135/><V78/><F78/><W124/><G124/><T81/><D77/><U134/><E134/><V108/><F108/><W25/><AGARI ba="0,2" hai="4,5,7,22,25,28,45,49,52,60,61,91,95,97" machi="25" ten="30,8000,1" yaku="1,1,0,1,8,1,54,1,53,1" doraHai="110" doraHaiUra="26" who="3" fromWho="3" sc="250,-20,224,-20,220,-40,286,100" /><INIT seed="3,0,0,0,4,17" ten="230,204,180,386" oya="3" hai0="6,104,65,38,74,8,34,129,4,119,135,26,71" hai1="80,9,54,123,15,113,42,128,93,92,23,89,19" hai2="79,98,14,45,115,49,116,43,91,87,132,133,83" hai3="124,5,109,131,72,53,10,106,29,56,114,76,27"/><W52/><G114/><T82/><D4/><U12/><E113/><V81/><F115/><W37/><G106/><T13/><D13/><U39/><E123/><V127/><F116/><W75/><G37/><T112/><D112/><U96/><E128/><V16/><F127/><W58/><G131/><T3/><D129/><U33/><E33/><V100/><F81/><W50/><G124/><T32/><D135/><U78/><E42/><V134/><F79/><W88/><G76/><N who="0" m="44311" /><D119/><U66/><E39/><V24/><F24/><W121/><G121/><T31/><D32/><U7/><E66/><V90/><F90/><W97/><G88/><T62/><D38/><U36/><E36/><V103/><REACH who="2" step="1"/><F98/><REACH who="2" ten="230,204,170,386" step="2"/><W63/><G97/><T105/><AGARI ba="0,1" hai="3,6,8,26,31,34,62,65,71,104,105" m="44311" machi="105" ten="30,2000,0" yaku="33,2" doraHai="17" who="0" fromWho="0" sc="230,30,204,-5,170,-5,386,-10" /><INIT seed="4,0,0,2,5,52" ten="260,199,165,376" oya="0" hai0="35,26,57,101,55,76,102,28,92,135,36,65,96" hai1="94,117,49,47,109,82,38,106,107,22,19,134,46" hai2="69,104,61,112,23,113,30,77,95,80,3,103,27" hai3="12,111,129,4,44,86,14,118,97,39,120,122,64"/><T5/><D36/><U56/><E109/><V67/><F3/><W58/><G111/><T87/><D135/><U60/><E117/><V130/><F130/><W11/><G118/><T51/><D5/><U83/><E134/><V18/><F18/><W132/><G132/><T37/><D37/><U7/><E7/><V20/><F20/><W108/><G108/><T116/><D116/><U84/><E38/><V74/><F95/><W0/><G129/><T93/><D65/><N who="1" m="39047" /><E107/><V125/><F125/><W89/><G97/><T70/><D70/><U10/><E10/><V119/><F119/><W2/><G2/><T79/><REACH who="0" step="1"/><D87/><REACH who="0" ten="250,199,165,376" step="2"/><U72/><E72/><V128/><F128/><W68/><G68/><T9/><D9/><U13/><E106/><V110/><F110/><W1/><G122/><T71/><D71/><U42/><E84/><V127/><F127/><W114/><G120/><T53/><D53/><U34/><E34/><V126/><F126/><W131/><G4/><T62/><D62/><U75/><E75/><V124/><F124/><W85/><G11/><T121/><D121/><U91/><E42/><V16/><F104/><W43/><G86/><T50/><D50/><U6/><E49/><V100/><REACH who="2" step="1"/><F30/><REACH who="2" ten="250,199,155,376" step="2"/><W98/><G131/><T73/><D73/><U32/><E32/><V17/><F17/><W66/><G1/><T123/><D123/><U105/><E105/><V41/><F41/><W8/><G0/><T25/><D25/><U133/><E133/><V81/><F81/><N who="1" m="30729" /><E6/><V40/><F40/><W29/><G43/><T63/><D63/><U33/><E33/><RYUUKYOKU ba="0,2" sc="250,10,199,10,155,10,376,-30" hai0="26,28,35,51,55,57,76,79,92,93,96,101,102" hai1="13,19,22,46,47,91,94" hai2="16,23,27,61,67,69,74,77,80,100,103,112,113" /><INIT seed="4,1,2,3,0,54" ten="260,209,165,346" oya="0" hai0="34,114,46,94,53,37,118,18,128,79,55,38,104" hai1="119,95,40,107,43,49,111,19,13,14,109,76,73" hai2="123,127,39,75,24,25,115,50,17,30,96,132,42" hai3="106,92,68,98,74,51,47,12,108,86,113,44,15"/><T62/><D118/><U117/><E107/><V20/><F123/><W71/><G108/><N who="1" m="41546" /><E95/><V4/><F39/><W100/><G74/><T85/><D104/><U6/><E6/><V65/><F75/><W93/><G113/><T41/><D34/><U134/><E73/><V69/><F115/><W131/><G131/><T29/><D114/><U84/><E84/><V64/><F127/><W122/><G122/><T0/><D29/><U16/><E76/><V121/><F132/><W11/><G47/><T5/><D128/><U59/><E49/><V116/><F116/><N who="1" m="44617" /><E59/><V77/><F77/><W103/><G103/><T133/><D133/><U3/><E3/><V72/><F72/><W66/><G106/><T36/><D5/><U22/><E134/><V56/><F4/><W21/><G93/><T23/><D0/><U105/><E105/><V83/><F83/><W45/><G86/><T110/><D79/><U63/><E63/><V97/><F121/><W10/><G51/><T8/><D110/><U2/><E2/><V27/><F69/><W112/><G71/><T1/><D94/><U28/><E28/><V81/><F81/><W130/><G68/><T89/><D1/><U61/><E61/><N who="2" m="37927" /><F65/><W7/><G112/><T48/><D62/><U52/><E52/><V57/><F30/><W135/><G135/><T33/><D36/><U101/><E101/><V26/><F42/><N who="1" m="15913" /><E22/><V70/><F70/><W87/><G21/><T35/><D23/><U129/><E129/><V99/><F99/><W91/><G130/><T67/><D33/><U60/><E60/><V102/><F102/><RYUUKYOKU ba="1,2" sc="260,-15,209,15,165,15,346,-15" hai1="13,14,16,19" hai2="17,20,24,25,26,27,50,57,96,97" /><INIT seed="5,2,2,3,2,124" ten="245,224,180,331" oya="1" hai0="105,89,107,128,18,15,116,53,68,130,99,111,77" hai1="55,22,84,39,87,126,47,58,66,117,118,92,73" hai2="110,32,74,121,80,42,65,7,20,63,82,10,102" hai3="75,90,70,52,64,114,29,36,2,3,62,26,38"/><U50/><E73/><V14/><F110/><W49/><G114/><T35/><D111/><U37/><E22/><V24/><F32/><W6/><G75/><T83/><D35/><U57/><E92/><V17/><F74/><W108/><G108/><T95/><D68/><U122/><E87/><V120/><F102/><W8/><G90/><T51/><D116/><N who="1" m="44651" /><E84/><V61/><F42/><W59/><REACH who="3" step="1"/><G2/><REACH who="3" ten="245,224,180,321" step="2"/><T127/><D127/><U41/><E126/><V135/><F135/><W97/><G97/><T9/><D89/><U67/><E122/><V16/><F121/><W104/><G104/><T91/><D107/><U30/><E30/><V103/><F103/><W48/><G48/><T1/><D1/><U34/><E34/><AGARI ba="2,3" hai="3,6,8,26,29,34,36,38,49,52,59,62,64,70" machi="34" ten="30,3900,0" yaku="1,1,7,1,54,1,53,0" doraHai="124" doraHaiUra="43" who="3" fromWho="1" sc="245,0,224,-45,180,0,321,75" /><INIT seed="6,0,0,0,0,123" ten="245,179,180,396" oya="2" hai0="6,16,57,82,5,58,111,112,3,96,36,8,26" hai1="23,90,28,107,95,101,113,72,19,25,73,69,43" hai2="130,64,124,115,109,17,21,61,87,9,20,108,52" hai3="85,117,44,134,65,92,70,33,56,68,103,4,38"/><V129/><F115/><W133/><G117/><T132/><D111/><N who="2" m="42570" /><F124/><W78/><G33/><T122/><D112/><U67/><E113/><V32/><F32/><W97/><G4/><T77/><D5/><U66/><E43/><V71/><F87/><W126/><G126/><T54/><D132/><N who="3" m="50793" /><G65/><T45/><D96/><N who="1" m="61863" /><E67/><V40/><F40/><N who="3" m="22551" /><G56/><T1/><D58/><U15/><E95/><V91/><F91/><N who="3" m="53359" /><G78/><T60/><D77/><U89/><E73/><V94/><F94/><AGARI ba="0,0" hai="68,70,94,97,103" m="53359,22551,50793" machi="94" ten="30,1000,0" yaku="20,1" doraHai="123" who="3" fromWho="2" sc="245,0,179,0,180,-10,396,10" /><INIT seed="7,0,0,2,3,117" ten="245,179,170,406" oya="3" hai0="20,50,26,68,127,11,133,87,115,131,78,36,43" hai1="96,58,57,62,23,46,22,91,98,30,79,134,69" hai2="29,130,101,37,109,108,53,7,103,74,47,92,27" hai3="121,82,81,35,65,49,5,84,33,72,75,60,54"/><W116/><G116/><T8/><D115/><U59/><E134/><V0/><F130/><W2/><G5/><T6/><D127/><U110/><E110/><V128/><F128/><W38/><G54/><T48/><D68/><U111/><E111/><V17/><F17/><W10/><G49/><T25/><D25/><N who="1" m="16695" /><E69/><V129/><F129/><W34/><G10/><T66/><D6/><U12/><E79/><V55/><F74/><W31/><G35/><T32/><D8/><U120/><E120/><V52/><F109/><W67/><G60/><T3/><D50/><U93/><E46/><V9/><F108/><W44/><G44/><T24/><D87/><N who="1" m="52479" /><E62/><V16/><F16/><AGARI ba="0,0" hai="12,16,23,57,58,59,96,98" m="52479,16695" machi="16" ten="30,2000,0" yaku="8,1,54,1" doraHai="117" who="1" fromWho="2" sc="245,0,179,20,170,-20,406,0" owari="245,5.0,199,-20.0,150,-35.0,406,50.0" /></mjloggm>