<mjloggm ver="2.3"><GO type="185" lobby="0"/><UN n0="%28%C2%B4%E3%81%B8%CE%B5%E3%81%B8%60%29" n1="%E3%82%84%E3%81%BE%E3%81%8B%E3%81%84" n2="%E3%81%B5%E3%81%96%E3%81%91%E3%82%8B%E3%83%9F%EF%BC%81" n3="" dan="20,17,17,0" rate="2410.66,2289.09,2208.30,1500.00" sx="M,M,M,C"/><TAIKYOKU oya="0"/><INIT seed="0,0,0,1,2,116" ten="350,350,350,0" oya="0" hai0="45,125,108,53,58,81,134,61,71,72,107,60,65" hai1="123,3,55,41,70,57,76,59,50,69,64,110,48" hai2="62,121,113,73,104,105,68,63,32,94,77,36,43" hai3=""/><T56/><D107/><U42/><N who="1" m="31520" /><U37/><E3/><V114/><N who="2" m="31008" /><V95/><F77/><T40/><D134/><U111/><E76/><V91/><F43/><N who="1" m="16393" /><E37/><V46/><F32/><T1/><D1/><U0/><E0/><V120/><N who="2" m="30752" /><V80/><F36/><T131/><D72/><U33/><E33/><V96/><F73/><T54/><D81/><U133/><E133/><V130/><F80/><T47/><D131/><U118/><E118/><V126/><F130/><T85/><D85/><U87/><E87/><V129/><F129/><T98/><D98/><U89/><E89/><V66/><F96/><T67/><D40/><U34/><E34/><V75/><F75/><T97/><D97/><U92/><E92/><V127/><F95/><T132/><D132/><U88/><E88/><V117/><F91/><T38/><D38/><U115/><E115/><V122/><F94/><T39/><D39/><U93/><E93/><V119/><N who="2" m="31264" /><V49/><F105/><T2/><D2/><U135/><E135/><V103/><F104/><T51/><D71/><N who="1" m="27147" /><E50/><V35/><F119/><T79/><D79/><U100/><E100/><V83/><F117/><T102/><D51/><U112/><E112/><V101/><F114/><RYUUKYOKU ba="0,0" sc="350,-10,350,20,350,-10,0,0" hai1="48,55,57,59,64,110,111" /><INIT seed="1,1,0,5,5,131" ten="340,370,340,0" oya="1" hai0="133,112,96,78,36,119,72,32,52,132,123,2,84" hai1="33,103,93,51,116,57,56,49,125,67,45,127,108" hai2="92,117,60,99,71,73,0,43,68,50,134,86,75" hai3=""/><U54/><E33/><V101/><F0/><T61/><N who="0" m="31520" /><T53/><D2/><U110/><E116/><V126/><F117/><T91/><D119/><U34/><E34/><V107/><F126/><N who="1" m="48137" /><E103/><V3/><F3/><T95/><D32/><U59/><E93/><V55/><F43/><T113/><D36/><U76/><E76/><V69/><F60/><T85/><D72/><U80/><E80/><V120/><N who="2" m="30752" /><V39/><F39/><T87/><D78/><U128/><E128/><V130/><F130/><T74/><D74/><U121/><N who="1" m="31008" /><U90/><E90/><V88/><F134/><N who="0" m="51818" /><D61/><U1/><E1/><V98/><F75/><T47/><D47/><U82/><E82/><V100/><F73/><T58/><D58/><N who="1" m="22635" /><E67/><V70/><N who="2" m="17408" /><DORA hai="105" /><V79/><F79/><T89/><D91/><U77/><E77/><V62/><F62/><T65/><D65/><U111/><E111/><V64/><F64/><T48/><D48/><U41/><AGARI ba="1,0" hai="41,45,49,51,54,59,108,110" m="22635,31008,48137" machi="41" ten="40,8000,1" yaku="18,1,34,2,52,1" doraHai="131,105" who="1" fromWho="1" sc="340,-41,370,82,340,-41,0,0" /><INIT seed="1,2,0,3,3,63" ten="299,452,299,0" oya="1" hai0="52,60,94,110,122,67,46,81,62,35,119,37,42" hai1="47,117,103,124,55,82,51,99,36,80,95,115,69" hai2="76,1,65,56,108,33,106,44,57,45,111,66,61" hai3=""/><U64/><E117/><V135/><F106/><T41/><N who="0" m="31264" /><T70/><D35/><U134/><E115/><V131/><F33/><T133/><D119/><U34/><E34/><V121/><N who="2" m="31008" /><V71/><F1/><T43/><D110/><N who="2" m="42026" /><F131/><T97/><D133/><U129/><E134/><V86/><F135/><T2/><D2/><U91/><E124/><V93/><F71/><T73/><D62/><U40/><E129/><V132/><F132/><T72/><D52/><U89/><E69/><V3/><F3/><T114/><D114/><U92/><E64/><N who="2" m="24683" /><F93/><T78/><REACH who="0" step="1"/><D72/><REACH who="0" ten="289,452,299,0" step="2"/><U54/><E54/><V83/><F61/><T125/><D125/><U85/><E55/><V120/><N who="2" m="30752" /><V53/><F53/><T88/><AGARI ba="2,1" hai="37,41,42,43,46,60,67,70,73,78,81,88,94,97" m="31264" machi="88" ten="20,9000,2" yaku="1,1,0,1,7,1,52,2,54,1,53,0" doraHai="63" doraHaiUra="101" who="0" fromWho="0" sc="289,104,452,-62,299,-32,0,0" /><INIT seed="2,0,0,4,3,46" ten="393,390,267,0" oya="2" hai0="77,122,60,51,50,133,120,36,125,82,42,34,93" hai1="130,118,71,43,127,80,109,135,58,3,88,40,65" hai2="57,111,123,119,101,108,124,100,48,97,90,70,95" hai3=""/><V75/><N who="2" m="31520" /><V72/><F119/><T84/><N who="0" m="30752" /><T132/><N who="0" m="31264" /><T79/><D34/><U74/><E3/><V68/><F68/><T39/><D125/><U85/><E127/><V104/><F70/><T112/><D112/><U83/><E118/><V105/><F124/><T113/><D113/><U91/><E71/><V1/><F1/><T59/><D79/><U110/><E130/><V62/><F48/><N who="0" m="18474" /><D93/><U52/><E65/><V32/><F32/><T44/><D44/><U69/><E69/><V92/><F57/><T66/><D42/><U76/><E91/><V115/><F62/><T102/><D102/><N who="2" m="39530" /><F92/><T99/><D99/><U41/><REACH who="1" step="1"/><E135/><AGARI ba="0,0" hai="36,39,59,60,66,77,82,84,132,133,135" m="18474,31264,30752" machi="135" ten="30,12000,2" yaku="20,1,52,5" doraHai="46" who="0" fromWho="1" sc="393,120,390,-120,267,0,0,0" /><INIT seed="4,0,0,1,5,85" ten="513,270,267,0" oya="0" hai0="117,40,36,66,76,101,33,51,116,71,48,64,72" hai1="111,35,134,49,125,60,95,75,74,114,80,46,112" hai2="97,132,0,119,122,115,103,79,105,67,2,37,1" hai3=""/><T69/><D101/><U118/><E118/><V73/><N who="2" m="31264" /><V135/><F115/><T41/><D72/><U45/><E35/><V121/><N who="2" m="31008" /><V77/><F119/><T53/><D76/><U96/><E111/><V38/><F67/><T93/><D93/><U100/><E125/><V110/><F110/><T55/><D33/><U70/><E134/><N who="2" m="51243" /><F79/><T57/><D57/><U78/><E75/><V91/><F91/><T56/><D56/><U39/><E39/><AGARI ba="0,0" hai="36,39,40,41,48,51,53,55,64,66,69,71,116,117" machi="39" ten="25,12000,1" yaku="22,2,34,3" doraHai="85" who="0" fromWho="1" sc="513,120,270,-120,267,0,0,0" /><INIT seed="4,1,0,0,1,60" ten="633,150,267,0" oya="0" hai0="71,135,127,100,83,95,32,41,101,47,113,35,72" hai1="129,119,107,133,98,3,81,123,56,97,92,114,122" hai2="73,66,84,103,57,109,49,53,88,68,55,78,0" hai3=""/><T52/><D71/><U132/><N who="1" m="31264" /><U50/><N who="1" m="31520" /><U96/><E3/><V34/><F0/><T65/><D113/><U106/><E119/><V74/><F34/><T89/><D127/><U2/><E2/><V75/><F109/><T62/><D135/><N who="1" m="51787" /><E50/><V1/><F103/><T102/><D83/><U36/><E36/><V42/><F42/><T118/><D72/><U58/><E114/><V126/><F126/><T79/><D118/><U94/><E81/><V90/><F1/><T70/><D41/><U38/><E38/><V33/><F33/><T77/><D35/><U54/><E129/><V82/><REACH who="2" step="1"/><F53/><REACH who="2" ten="633,150,257,0" step="2"/><T99/><D32/><U43/><E43/><V104/><F104/><N who="1" m="39977" /><E54/><V48/><F48/><T69/><D52/><U67/><E67/><V105/><F105/><T76/><D47/><U37/><E37/><V116/><F116/><T80/><D65/><U124/><E124/><V51/><F51/><T85/><D62/><AGARI ba="1,1" hai="49,55,57,62,66,68,73,74,75,78,82,84,88,90" machi="62" ten="40,5200,0" yaku="1,1,52,1,54,1,53,0" doraHai="60" doraHaiUra="110" who="2" fromWho="0" sc="633,-54,150,0,257,64,0,0" /><INIT seed="5,0,0,3,1,51" ten="579,150,321,0" oya="1" hai0="67,33,124,96,56,95,78,77,128,55,97,82,86" hai1="115,36,109,54,65,131,1,74,80,126,90,93,41" hai2="118,45,35,63,32,103,42,112,0,105,104,59,73" hai3=""/><U121/><N who="1" m="31008" /><U130/><E1/><V49/><F0/><T102/><D33/><U83/><E115/><V81/><F73/><T39/><D128/><N who="1" m="49195" /><E126/><V87/><F118/><T134/><D134/><U117/><E117/><V47/><F47/><T135/><D135/><U94/><E109/><V110/><F110/><T57/><D39/><U116/><E116/><V89/><F112/><T88/><D124/><U123/><N who="1" m="31520" /><U111/><E111/><V100/><F105/><T72/><D72/><U129/><N who="1" m="49203" /><U132/><DORA hai="127" /><E132/><V92/><F104/><T46/><D67/><U66/><E54/><V119/><F119/><T38/><D78/><U34/><E34/><V84/><F32/><T133/><D133/><U69/><E93/><V71/><F71/><T40/><D55/><U62/><E74/><V70/><F35/><T99/><D96/><U91/><E66/><V75/><F92/><AGARI ba="0,0" hai="38,40,46,56,57,77,82,86,88,92,95,97,99,102" machi="92" ten="30,2000,0" yaku="7,1,54,1" doraHai="51,127" who="0" fromWho="2" sc="579,20,150,0,321,-20,0,0" /><INIT seed="6,0,0,4,2,98" ten="599,150,301,0" oya="2" hai0="71,42,113,3,88,55,112,119,44,80,107,62,2" hai1="130,77,59,97,102,82,128,85,86,81,123,50,43" hai2="104,69,89,106,126,95,131,101,90,66,70,134,49" hai3=""/><V96/><F49/><T129/><D107/><U47/><N who="1" m="31520" /><U91/><E130/><V124/><F131/><T39/><D119/><U103/><E128/><V73/><F73/><T79/><D88/><N who="2" m="33898" /><F134/><T63/><D129/><U76/><E59/><V56/><F56/><T58/><D3/><U65/><E65/><V110/><F69/><T36/><D36/><U94/><REACH who="1" step="1"/><E43/><REACH who="1" ten="599,140,301,0" step="2"/><V33/><F66/><T52/><D2/><U46/><E46/><V116/><F70/><T0/><D0/><U54/><AGARI ba="0,1" hai="47,50,54,76,77,81,82,85,86,91,94,97,102,103" m="31520" machi="54" ten="20,12000,3" yaku="1,1,0,1,7,1,9,1,8,1,52,3,53,0" doraHai="98" doraHaiUra="60" who="1" fromWho="1" sc="599,-40,140,130,301,-80,0,0" owari="559,51.0,270,-13.0,221,-38.0,0,0.0" /></mjloggm>