<mjloggm ver="2.3"><GO type="225" lobby="0"/><UN n0="%E6%97%A5%E6%9B%9C%E6%97%A5%E3%82%88%E3%82%8A%E3%81%AE%E4%BD%BF%E8%80%85" n1="%E3%82%A2%E3%83%BC%E3%83%8E%E3%83%83%E3%83%84" n2="%62%69%67%6D%6F%75%74%68" n3="%64%61%7A%61%69" dan="16,16,16,16" rate="2188.60,2202.74,2106.31,2107.78" sx="M,F,M,M"/><TAIKYOKU oya="0"/><INIT seed="0,0,0,2,0,115" ten="250,250,250,250" oya="0" hai0="119,46,128,106,85,80,102,82,95,20,23,57,88" hai1="76,105,79,50,69,54,7,38,91,133,12,24,63" hai2="83,72,75,101,52,56,11,48,47,89,129,134,84" hai3="125,45,14,27,15,16,99,41,93,18,53,111,34"/><T135/><D128/><U96/><E38/><V121/><F121/><W92/><G111/><T29/><D135/><U8/><E133/><V74/><F134/><W39/><G125/><T94/><D119/><U122/><E122/><V126/><F126/><W49/><G34/><T104/><D46/><U108/><E108/><V25/><F129/><W71/><G71/><T19/><D29/><U73/><E73/><V109/><F109/><W60/><G60/><T98/><D57/><U107/><E107/><N who="0" m="41001" /><D20/><U35/><E69/><V70/><F70/><W67/><G67/><T127/><D23/><U51/><E35/><V5/><F25/><W61/><G61/><T2/><D19/><U110/><E110/><V130/><F130/><W58/><G27/><T118/><D2/><U33/><E33/><V3/><REACH who="2" step="1"/><F101/><REACH who="2" ten="250,250,240,250" step="2"/><W113/><G113/><T81/><D118/><U55/><E24/><V1/><F1/><W117/><G117/><T86/><D127/><U124/><E124/><V59/><AGARI ba="0,1" hai="3,5,11,47,48,52,56,59,72,74,75,83,84,89" machi="59" ten="40,5200,0" yaku="1,1,0,1,54,1,53,0" doraHai="115" doraHaiUra="9" who="2" fromWho="2" sc="250,-26,250,-13,240,62,250,-13" /><INIT seed="1,0,0,3,3,75" ten="224,237,302,237" oya="1" hai0="35,119,109,60,3,135,43,18,19,27,13,69,121" hai1="11,42,44,85,90,134,16,0,95,50,120,31,56" hai2="102,128,59,39,5,24,33,118,83,1,67,133,98" hai3="64,30,86,48,32,28,57,9,115,130,36,10,6"/><U71/><E120/><V37/><F118/><W93/><G115/><T79/><D119/><U113/><E113/><V68/><F68/><W122/><G122/><T4/><D121/><U41/><E71/><V46/><F133/><W47/><G130/><T55/><D135/><U7/><E134/><V104/><F128/><W97/><G36/><T14/><D109/><U45/><E31/><V21/><F33/><W29/><G32/><T110/><D110/><U74/><E74/><V87/><F46/><W34/><G34/><T26/><D43/><U123/><E123/><V82/><F82/><W38/><G38/><T51/><D3/><U105/><E105/><V77/><F5/><W17/><G86/><T108/><D108/><U111/><E111/><V62/><REACH who="2" step="1"/><F1/><REACH who="2" ten="224,237,292,237" step="2"/><W25/><G6/><T91/><D4/><U70/><E70/><V12/><F12/><W112/><G112/><T106/><D35/><U73/><E7/><V15/><F15/><W126/><G25/><T58/><D13/><N who="1" m="7231" /><E0/><V8/><F8/><W80/><G10/><T132/><D132/><U81/><E56/><V76/><F76/><W23/><G9/><T53/><D79/><U22/><E22/><V114/><F114/><W63/><G23/><T124/><D69/><U96/><E45/><V78/><F78/><W103/><G80/><T72/><D14/><U100/><E42/><V92/><F92/><W131/><G131/><T89/><D27/><U94/><E94/><V49/><F49/><W129/><G129/><T117/><D51/><U116/><E116/><V52/><F52/><N who="0" m="20042" /><D117/><U61/><E61/><RYUUKYOKU ba="0,1" sc="224,-15,237,15,292,15,237,-15" hai1="41,44,50,73,81,85,90,95,96,100" hai2="21,24,37,39,59,62,67,77,83,87,98,102,104" /><INIT seed="1,1,1,3,4,30" ten="209,252,307,222" oya="1" hai0="17,11,78,107,121,124,108,111,24,77,22,98,134" hai1="130,67,79,51,25,85,131,13,103,27,126,50,29" hai2="44,94,55,72,87,28,32,58,54,123,114,0,132" hai3="92,70,104,31,116,35,110,19,46,43,20,97,68"/><U52/><E103/><V9/><F123/><W113/><G113/><T2/><D124/><U106/><E106/><V96/><F72/><W53/><G110/><N who="0" m="42027" /><D134/><U15/><E67/><V125/><F132/><W26/><G104/><T117/><D117/><U95/><E126/><V10/><F125/><W88/><G116/><T7/><D121/><U65/><E65/><V4/><F114/><W45/><G46/><T41/><D41/><U102/><E102/><AGARI ba="1,1" hai="2,7,11,17,22,24,77,78,98,102,107" m="42027" machi="102" ten="30,1000,0" yaku="14,1" doraHai="30" who="0" fromWho="1" sc="209,23,252,-13,307,0,222,0" /><INIT seed="2,0,0,2,2,114" ten="232,239,307,222" oya="2" hai0="45,85,20,127,12,59,124,82,61,78,30,50,99" hai1="4,39,88,32,49,46,95,71,72,101,8,48,5" hai2="116,35,74,22,119,34,113,3,44,17,2,40,130" hai3="131,90,70,60,53,110,68,13,98,93,86,112,132"/><V29/><F74/><W97/><G112/><T42/><D99/><U100/><E72/><V73/><F113/><W69/><G110/><T26/><REACH who="0" step="1"/><D12/><REACH who="0" ten="222,239,307,222" step="2"/><U27/><E101/><V43/><F3/><W107/><G132/><T129/><D129/><U56/><E100/><V16/><F2/><W87/><G131/><T57/><D57/><U31/><E56/><V21/><F130/><W64/><G107/><T75/><D75/><U120/><E71/><V84/><F73/><W10/><G98/><T126/><D126/><U54/><E120/><V28/><F44/><W18/><G86/><AGARI ba="0,1" hai="16,17,21,22,28,29,34,35,40,43,84,86,116,119" machi="86" ten="25,12000,1" yaku="22,2,52,2,54,1" doraHai="114" who="2" fromWho="3" sc="222,0,239,0,307,130,222,-120" /><INIT seed="2,1,0,0,2,81" ten="222,239,437,102" oya="2" hai0="79,18,40,85,54,84,2,9,115,30,131,25,34" hai1="62,32,68,17,120,103,63,15,44,92,133,57,58" hai2="134,82,11,102,112,114,110,26,128,20,126,10,41" hai3="59,109,23,43,80,108,86,70,106,87,56,125,127"/><V76/><F134/><W117/><G70/><T71/><D115/><U96/><E32/><V111/><F128/><W60/><G106/><T53/><D71/><U135/><E120/><V16/><F126/><N who="3" m="48139" /><G117/><T14/><D131/><U99/><E44/><V29/><F102/><W1/><G1/><T72/><D40/><U90/><E68/><V121/><F121/><W4/><G80/><T28/><D72/><U24/><E24/><V31/><F41/><W78/><G78/><T101/><D101/><U50/><E50/><V27/><F82/><W130/><G130/><T55/><D79/><U7/><E7/><V105/><F76/><W116/><G116/><T118/><D118/><U89/><E62/><V67/><F105/><W98/><G98/><T66/><D66/><N who="1" m="39279" /><E58/><N who="3" m="22058" /><G60/><T0/><REACH who="0" step="1"/><D28/><REACH who="0" ten="212,239,437,102" step="2"/><U22/><E133/><V61/><F67/><W33/><G43/><T122/><D122/><U47/><E135/><V65/><F31/><W13/><G33/><T91/><D91/><N who="1" m="34827" /><E96/><V42/><F42/><W83/><G83/><T93/><D93/><U107/><E107/><V21/><F114/><W123/><G123/><T75/><D75/><U45/><AGARI ba="1,1" hai="15,17,22,45,47,92,99,103" m="34827,39279" machi="45" ten="30,1100,0" yaku="8,1" doraHai="81" who="1" fromWho="1" sc="212,-4,239,24,437,-6,102,-4" /><INIT seed="3,0,0,5,3,105" ten="208,263,431,98" oya="3" hai0="83,12,65,116,23,111,88,50,20,30,4,59,78" hai1="123,93,119,121,3,96,2,15,114,94,62,79,53" hai2="57,73,0,72,42,8,27,18,7,22,61,134,133" hai3="34,21,95,110,63,9,54,80,103,128,108,135,37"/><W122/><G122/><T100/><D111/><N who="3" m="42537" /><G34/><T36/><D36/><U129/><E114/><V24/><F42/><W39/><G135/><N who="2" m="51721" /><F24/><W19/><G128/><T60/><D116/><U43/><E93/><V109/><F109/><W115/><G115/><T26/><D100/><U82/><E62/><V46/><F46/><W5/><G80/><T44/><D88/><U125/><E79/><V48/><F48/><W64/><G54/><AGARI ba="0,0" hai="0,7,8,18,22,27,54,57,61,72,73" m="51721" machi="54" ten="30,3900,0" yaku="20,1,52,2" doraHai="105" who="2" fromWho="3" sc="208,0,263,0,431,39,98,-39" owari="208,-19.0,263,6.0,470,57.0,59,-44.0" /></mjloggm>