<mjloggm ver="2.3"><GO type="185" lobby="0"/><UN n0="%E6%B0%B7%E3%81%AE%4B" n1="%68%69%72%6F%6E%6E%32%30" n2="%E4%BD%90%E8%97%A4%E7%BE%8E%E5%92%8C%E5%AD%90" n3="" dan="16,16,16,0" rate="2114.15,2188.30,2147.73,1500.00" sx="M,M,M,C"/><TAIKYOKU oya="0"/><INIT seed="0,0,0,3,5,78" ten="350,350,350,0" oya="0" hai0="46,88,63,3,103,32,134,67,45,38,101,60,84" hai1="113,109,121,42,36,83,112,0,50,89,56,110,120" hai2="39,105,117,1,44,61,71,33,124,87,65,106,102" hai3=""/><T116/><D32/><U69/><N who="1" m="30752" /><U122/><N who="1" m="31008" /><U57/><N who="1" m="31264" /><U94/><E0/><V128/><F33/><T59/><D3/><U82/><E69/><V73/><F1/><T49/><D134/><U35/><E36/><V54/><F73/><T64/><D38/><U34/><E42/><V135/><F135/><T93/><D116/><U62/><E50/><V68/><F68/><T123/><N who="0" m="31520" /><T48/><D48/><U132/><E132/><V74/><F74/><T95/><D95/><U76/><E76/><V41/><F106/><T85/><D85/><U130/><E130/><V53/><F105/><T86/><D86/><U119/><E119/><V125/><F128/><T81/><D93/><U51/><E51/><V70/><F39/><T92/><D92/><U80/><E35/><V111/><F117/><T108/><D108/><N who="1" m="41579" /><E34/><V52/><F111/><T58/><D46/><U131/><E131/><V118/><F118/><T2/><D2/><U107/><E107/><V96/><F125/><T99/><D99/><U79/><E79/><V127/><F124/><T100/><D100/><U104/><E104/><V66/><F127/><T47/><D47/><U91/><E94/><V133/><F133/><T129/><D129/><RYUUKYOKU type="nm" ba="0,0" sc="350,-40,350,-20,350,60,0,0" hai0="45,49,58,59,60,63,64,67,81,84,88,101,103" /><INIT seed="0,1,0,1,4,53" ten="310,330,410,0" oya="0" hai0="127,63,130,125,89,131,74,34,72,62,55,36,104" hai1="79,71,82,59,99,39,76,90,32,118,33,38,95" hai2="102,93,113,119,49,100,41,123,109,84,122,96,1" hai3=""/><T40/><D104/><U57/><E71/><V66/><N who="2" m="31264" /><V0/><N who="2" m="31520" /><V92/><F113/><T61/><D34/><U97/><E118/><V69/><F119/><T134/><D89/><U111/><E111/><V45/><F109/><T115/><D115/><U132/><E132/><V37/><F37/><T3/><D3/><U65/><E65/><V54/><F41/><T103/><D103/><U85/><E38/><V98/><REACH who="2" step="1"/><F84/><REACH who="2" ten="310,330,400,0" step="2"/><T135/><D36/><U121/><N who="1" m="31008" /><U77/><E39/><V80/><F80/><T46/><D40/><U75/><E32/><V110/><F110/><T88/><D135/><U50/><E33/><V35/><F35/><T108/><D134/><U2/><E2/><V116/><F116/><T60/><D108/><U117/><E117/><V133/><F133/><T81/><D74/><U52/><E75/><V56/><F56/><N who="1" m="21577" /><E82/><V94/><F94/><T67/><D72/><U126/><E126/><V106/><F106/><T70/><D127/><U124/><E124/><V68/><F68/><T87/><D125/><U114/><E114/><V64/><F64/><T105/><D105/><U83/><E83/><V43/><F43/><T73/><D73/><U128/><E128/><V101/><F101/><RYUUKYOKU ba="1,1" sc="310,0,330,0,400,0,0,0" hai0="46,55,60,61,62,63,67,70,81,87,88,130,131" hai1="50,52,76,77,79,85,90,95,97,99" hai2="0,1,45,49,54,66,69,92,93,96,98,100,102" /><INIT seed="0,2,1,1,2,124" ten="310,330,400,0" oya="0" hai0="109,79,1,34,64,95,91,97,117,85,88,53,115" hai1="105,96,35,3,107,70,122,86,114,2,135,129,90" hai2="132,128,33,65,111,108,112,106,130,68,58,36,123" hai3=""/><T82/><D1/><U66/><N who="1" m="31264" /><U71/><E35/><V41/><N who="2" m="31520" /><V103/><F33/><T45/><D34/><U119/><E119/><V125/><F112/><T49/><D115/><U0/><E114/><V40/><F125/><T100/><D117/><U37/><E37/><V61/><F132/><T131/><D109/><N who="2" m="42058" /><F58/><T121/><N who="0" m="31008" /><T55/><D131/><N who="2" m="50218" /><F36/><T46/><D64/><U116/><E116/><V32/><F32/><T48/><AGARI ba="2,1" hai="45,46,48,49,53,55,79,82,85,88,91,95,97,100" m="31008" machi="48" ten="30,8000,1" yaku="0,1,9,1,8,1,52,1,54,1" doraHai="124" who="0" fromWho="0" sc="310,94,330,-42,400,-42,0,0" /><INIT seed="0,3,0,4,1,62" ten="404,288,358,0" oya="0" hai0="124,52,95,113,110,69,133,38,39,117,93,91,100" hai1="106,75,127,108,63,79,76,44,115,66,130,116,37" hai2="55,35,83,98,40,121,118,59,112,105,65,46,129" hai3=""/><T41/><D117/><U122/><RYUUKYOKU type="yao9" ba="3,0" sc="404,0,288,0,358,0,0,0" hai1="37,44,63,66,75,76,79,106,108,115,116,122,127,130" /><INIT seed="0,4,0,3,4,123" ten="404,288,358,0" oya="0" hai0="47,37,93,35,89,44,101,70,129,51,3,111,102" hai1="50,34,109,75,74,73,122,110,72,114,115,133,69" hai2="119,1,107,82,90,100,117,0,45,97,54,67,52" hai3=""/><T112/><D3/><U33/><N who="1" m="31264" /><U92/><E69/><V56/><F67/><T118/><D35/><N who="1" m="13323" /><E133/><V134/><F134/><T85/><D118/><N who="2" m="45066" /><F45/><T87/><D112/><N who="1" m="43051" /><E75/><V78/><F90/><T60/><D129/><U99/><E50/><V132/><F132/><T130/><D130/><U46/><E46/><V121/><N who="2" m="31008" /><V86/><F54/><T58/><D70/><U127/><E127/><V79/><F79/><T2/><D2/><U103/><AGARI ba="4,0" hai="72,73,74,92,99,103,109,110" m="43051,13323,31264" machi="103" ten="40,6000,1" yaku="11,1,52,3" doraHai="123" who="1" fromWho="1" sc="404,-44,288,68,358,-24,0,0" /><INIT seed="1,0,0,2,4,0" ten="360,356,334,0" oya="1" hai0="41,49,113,133,83,134,88,75,89,39,60,98,125" hai1="71,124,114,131,90,45,36,78,34,53,94,126,69" hai2="101,80,112,70,66,38,61,1,52,130,58,63,119" hai3=""/><U128/><E114/><V102/><F119/><T50/><D113/><U123/><N who="1" m="31520" /><U115/><E78/><V111/><F112/><T104/><D125/><N who="1" m="48235" /><E115/><V109/><F1/><T73/><D60/><U107/><E107/><V87/><F38/><T48/><D39/><U103/><E103/><V72/><F72/><T96/><D41/><U93/><E34/><V67/><F130/><N who="1" m="49705" /><E36/><V2/><F2/><T118/><D104/><U33/><E33/><V35/><F35/><T84/><D118/><U64/><E64/><V85/><F101/><T86/><D50/><U91/><E45/><V79/><F66/><T100/><D100/><U76/><E76/><V68/><F102/><T105/><D105/><U117/><E53/><V106/><F106/><T122/><N who="0" m="31264" /><T40/><D40/><U132/><E117/><V81/><F79/><T65/><D65/><U44/><E44/><V77/><F77/><T37/><D37/><U110/><E110/><V51/><F67/><T82/><AGARI ba="0,0" hai="48,49,73,75,82,83,84,86,88,89,96,98,133,134" m="31264" machi="82" ten="25,6000,1" yaku="0,1,22,2,52,1,54,1" doraHai="0" who="0" fromWho="0" sc="360,60,356,-40,334,-20,0,0" /><INIT seed="2,0,0,0,0,118" ten="420,316,314,0" oya="2" hai0="126,106,132,56,39,75,122,81,1,97,96,35,87" hai1="44,66,119,113,79,109,91,107,98,100,41,110,121" hai2="127,99,34,46,90,63,59,51,84,54,112,88,111" hai3=""/><V50/><F127/><T102/><N who="0" m="31264" /><T123/><N who="0" m="31520" /><T58/><D126/><U101/><N who="1" m="31008" /><U86/><E113/><V116/><F116/><T69/><D1/><U61/><E79/><V0/><F112/><T52/><D35/><U43/><E101/><V33/><F0/><T93/><D132/><U95/><E119/><V82/><F111/><N who="1" m="42505" /><E44/><V45/><F99/><T114/><D114/><U120/><N who="1" m="30752" /><U133/><E133/><V103/><F103/><T73/><D69/><AGARI ba="0,0" hai="41,43,61,66,69,86,91,95,98,100,107" m="30752,42505,31008" machi="69" ten="30,8000,1" yaku="14,1,52,4" doraHai="118" who="1" fromWho="0" sc="420,-80,316,80,314,0,0,0" /><INIT seed="4,0,0,0,4,129" ten="340,396,314,0" oya="0" hai0="89,68,0,40,39,102,33,120,32,66,130,107,119" hai1="133,74,71,43,50,58,65,131,72,118,85,1,80" hai2="115,48,100,35,82,77,123,46,63,67,37,106,121" hai3=""/><T75/><RYUUKYOKU type="yao9" ba="0,0" sc="340,0,396,0,314,0,0,0" hai0="0,32,33,39,40,66,68,75,89,102,107,119,120,130" /><INIT seed="4,1,0,0,2,0" ten="340,396,314,0" oya="0" hai0="65,115,71,49,41,57,37,87,63,124,82,93,107" hai1="96,94,90,70,80,56,43,78,74,42,61,100,117" hai2="113,69,50,55,36,109,75,84,89,44,62,52,119" hai3=""/><T98/><D107/><U72/><E70/><V67/><F109/><T112/><D124/><U46/><E117/><V53/><F113/><N who="0" m="43594" /><D37/><U3/><E3/><V51/><F75/><T40/><D71/><U77/><E46/><V79/><F79/><T101/><D49/><U88/><E77/><AGARI ba="1,0" hai="40,41,57,63,65,77,82,87,93,98,101" m="43594" machi="77" ten="30,1500,0" yaku="15,1" doraHai="0" who="0" fromWho="1" sc="340,17,396,-17,314,0,0,0" /><INIT seed="4,2,0,4,4,106" ten="357,379,314,0" oya="0" hai0="32,73,67,79,121,132,0,85,57,63,76,82,129" hai1="90,44,74,78,119,46,122,101,86,128,91,88,35" hai2="65,43,47,124,107,61,52,75,113,55,109,41,133" hai3=""/><T49/><N who="0" m="31008" /><T96/><D32/><U66/><N who="1" m="31264" /><U102/><E119/><V114/><F107/><T123/><N who="0" m="31520" /><T127/><D0/><U108/><E108/><V39/><F109/><T126/><D132/><U40/><E66/><V80/><F133/><T54/><D129/><U116/><E116/><V81/><F43/><T36/><D36/><U69/><E69/><V118/><F118/><T42/><D42/><U115/><E128/><V125/><F81/><T1/><D1/><U105/><E105/><V3/><F3/><T2/><D2/><U92/><E35/><V98/><F98/><T134/><D134/><U51/><E115/><N who="2" m="44043" /><F80/><T62/><D96/><U34/><E34/><V87/><F87/><T120/><N who="0" m="30752" /><T50/><D79/><U37/><E86/><V100/><F75/><T131/><D131/><U95/><E74/><V89/><F89/><T48/><REACH who="0" step="1"/><D85/><REACH who="0" ten="347,379,314,0" step="2"/><U99/><E78/><V53/><F100/><T33/><D33/><U130/><E130/><V72/><F72/><T103/><D103/><U110/><E110/><V111/><F111/><T56/><AGARI ba="2,1" hai="48,49,50,54,56,57,62,63,67,73,76,82,126,127" m="30752,31520,31008" machi="56" ten="30,12000,2" yaku="1,1,0,1,52,4,53,1" doraHai="106" doraHaiUra="104" who="0" fromWho="0" sc="347,134,379,-62,314,-62,0,0" /><INIT seed="4,3,0,1,3,62" ten="481,317,252,0" oya="0" hai0="69,65,32,59,70,86,108,126,80,97,75,118,55" hai1="103,67,73,130,121,49,112,122,88,131,48,117,34" hai2="95,92,89,90,104,134,52,111,42,0,46,124,79" hai3=""/><T53/><D118/><U38/><N who="1" m="31008" /><U129/><N who="1" m="31264" /><U94/><E34/><V116/><F0/><T56/><D32/><U83/><E38/><V1/><F1/><T85/><D126/><U81/><E117/><V72/><F104/><T33/><D33/><U78/><E112/><V35/><F111/><T82/><D108/><U128/><N who="1" m="32768" /><DORA hai="99" /><U87/><E67/><V41/><F72/><T100/><D75/><U102/><E83/><V54/><F79/><T76/><D97/><U37/><E37/><V74/><F74/><T50/><D100/><AGARI ba="3,0" hai="48,49,73,78,81,87,88,94,100,102,103" m="32768,31264,31008" machi="100" ten="70,12000,2" yaku="19,1,52,5,54,1" doraHai="62,99" who="1" fromWho="0" sc="481,-126,317,126,252,0,0,0" /><INIT seed="5,0,0,0,3,112" ten="355,443,252,0" oya="1" hai0="111,134,118,124,34,94,83,87,132,70,46,48,126" hai1="93,54,102,65,114,67,131,85,74,86,66,105,50" hai2="59,72,96,130,36,53,99,128,37,1,113,115,116" hai3=""/><U62/><E114/><N who="2" m="43531" /><F1/><T109/><D94/><U95/><E131/><N who="2" m="50219" /><F72/><T98/><D34/><U79/><E105/><V71/><F71/><T110/><D70/><U135/><E135/><N who="0" m="51753" /><D98/><N who="2" m="37418" /><F116/><T32/><D32/><U76/><E102/><V55/><F59/><T47/><D118/><U57/><E74/><V73/><F73/><T63/><D63/><U101/><E101/><V43/><F43/><T117/><D117/><U106/><E106/><V89/><F89/><T81/><D46/><U51/><E62/><V80/><F80/><N who="0" m="30794" /><D87/><N who="1" m="33291" /><E51/><V41/><F41/><AGARI ba="0,0" hai="41,47,48,109,110,111,124,126" m="30794,51753" machi="41" ten="40,1300,0" yaku="20,1" doraHai="112" who="0" fromWho="2" sc="355,13,443,0,252,-13,0,0" /><INIT seed="6,0,0,3,0,53" ten="368,443,239,0" oya="2" hai0="72,132,76,98,126,79,96,81,124,105,70,45,112" hai1="133,47,128,89,0,102,67,41,68,130,35,63,107" hai2="113,93,59,97,92,99,46,121,37,71,127,52,85" hai3=""/><V34/><N who="2" m="31008" /><V40/><F113/><T103/><D70/><U54/><E0/><V66/><F127/><N who="0" m="48682" /><D45/><U110/><E110/><V86/><F34/><T115/><D79/><U55/><E35/><V100/><F66/><T39/><D39/><U82/><E102/><V60/><REACH who="2" step="1"/><F71/><REACH who="2" ten="368,443,229,0" step="2"/><T73/><D132/><U95/><E133/><V62/><F62/><T64/><D64/><U65/><E63/><V32/><F32/><T116/><D116/><U57/><E65/><V1/><F1/><T2/><D2/><U90/><E67/><V78/><F78/><T129/><D129/><U58/><E68/><V74/><F74/><T38/><D72/><U48/><E130/><V135/><F135/><T114/><D115/><U104/><E128/><V88/><AGARI ba="0,1" hai="37,40,46,52,59,60,85,86,88,92,93,97,99,100" m="31008" machi="88" ten="20,12000,2" yaku="1,1,0,1,7,1,52,2,54,2,53,0" doraHai="53" doraHaiUra="75" who="2" fromWho="2" sc="368,-60,443,-60,229,130,0,0" /><INIT seed="6,1,0,5,5,130" ten="308,383,359,0" oya="2" hai0="40,95,1,88,55,90,111,85,115,33,118,58,91" hai1="103,100,107,80,132,51,63,124,119,112,86,87,116" hai2="129,32,34,59,69,3,78,60,127,36,73,64,117" hai3=""/><V66/><F117/><N who="1" m="45129" /><E112/><V56/><F3/><T125/><D115/><U120/><N who="1" m="30752" /><U68/><E124/><V114/><F114/><T50/><D125/><U52/><E132/><V108/><F127/><T79/><D118/><U72/><E72/><V67/><F129/><T109/><D1/><U84/><E107/><V135/><F135/><T133/><D33/><U81/><E63/><V49/><F108/><T122/><N who="0" m="31264" /><T35/><D133/><U53/><E68/><V98/><F69/><T101/><D35/><U43/><E43/><V39/><F60/><T54/><D40/><U45/><E53/><V94/><F66/><T57/><D101/><AGARI ba="1,0" hai="45,51,52,80,81,84,86,87,100,101,103" m="30752,45129" machi="101" ten="30,3900,0" yaku="12,1,52,1,54,1" doraHai="130" who="1" fromWho="0" sc="308,-41,383,41,359,0,0,0" owari="267,-33.0,424,37.0,359,-4.0,0,0.0" /></mjloggm>