<mjloggm ver="2.3"><GO type="169" lobby="0"/><UN n0="%E9%89%84%E7%A8%9A%E9%AD%9A%E3%82%AB%E3%83%A2%E9%A4%8A%E5%88%86" n1="%6D%61%73%61%73%69%6F" n2="%48%4F%4D%4F%E5%A5%B3" n3="%E6%88%B0%E8%89%A6%E3%83%AC%E7%B4%9A" dan="18,17,16,16" rate="2198.87,2157.71,2123.90,2116.32" sx="F,F,M,F"/><TAIKYOKU oya="0"/><INIT seed="0,0,0,0,1,111" ten="250,250,250,250" oya="0" hai0="115,21,23,104,97,85,87,55,77,0,99,102,43" hai1="22,12,54,89,82,108,18,126,127,123,98,121,32" hai2="65,57,60,90,69,75,76,36,9,109,101,70,84" hai3="2,39,119,63,103,80,27,47,67,73,37,131,88"/><T95/><D0/><U118/><E118/><V4/><F109/><W59/><G119/><T66/><D66/><U93/><E32/><V64/><F36/><W78/><G131/><T135/><D43/><U105/><E108/><V11/><F101/><W14/><G2/><T129/><D129/><U29/><E29/><V106/><F106/><W42/><G103/><T83/><D55/><U52/><E105/><V91/><F11/><W133/><G133/><T51/><D51/><U56/><E82/><V25/><F25/><W33/><G14/><T68/><D68/><U1/><E1/><V41/><F41/><W31/><REACH who="3" step="1"/><G37/><REACH who="3" ten="250,250,250,240" step="2"/><T19/><D135/><U34/><E34/><V7/><F70/><W53/><G53/><T132/><D102/><U117/><E54/><V122/><F69/><W120/><G120/><T26/><D132/><U110/><E110/><V58/><F122/><W8/><G8/><T35/><D35/><U17/><E117/><V96/><F9/><W72/><G72/><T40/><D40/><U28/><E123/><V46/><F75/><W114/><G114/><T16/><D115/><U124/><E121/><V74/><F74/><W15/><G15/><T61/><D23/><U100/><E100/><V92/><F65/><W30/><G30/><T86/><D21/><U38/><E38/><V44/><F64/><W71/><G71/><T79/><D104/><U49/><REACH who="1" step="1"/><E12/><REACH who="1" ten="250,240,250,240" step="2"/><V107/><F107/><W128/><G128/><T94/><D94/><U45/><E45/><V81/><F92/><W116/><G116/><T3/><D95/><U48/><E48/><RYUUKYOKU ba="0,2" sc="250,-15,240,15,250,-15,240,15" hai1="17,18,22,28,49,52,56,89,93,98,124,126,127" hai3="27,31,33,39,42,47,59,63,67,73,78,80,88" /><INIT seed="1,1,2,0,3,62" ten="235,255,235,255" oya="1" hai0="40,53,7,128,72,47,33,17,97,12,74,42,124" hai1="120,90,86,88,30,106,55,58,24,22,66,46,122" hai2="105,32,45,111,73,68,52,19,34,98,44,134,101" hai3="85,84,0,36,78,60,20,113,49,37,92,99,65"/><U23/><E106/><V91/><F134/><W16/><G113/><T13/><D33/><U50/><E23/><V109/><F73/><W116/><G0/><T118/><D118/><U114/><E114/><V63/><F91/><W82/><G116/><T108/><D108/><N who="2" m="41546" /><F19/><W107/><G49/><T95/><D128/><U123/><REACH who="1" step="1"/><E86/><REACH who="1" ten="235,245,235,255" step="2"/><V117/><F117/><W77/><G107/><T2/><D74/><U93/><E93/><V126/><F105/><W94/><G92/><T110/><D72/><U71/><E71/><V76/><F68/><W21/><G84/><T26/><D110/><U54/><E54/><V103/><F34/><W135/><G135/><T51/><D53/><U41/><E41/><V87/><F52/><W81/><G81/><T25/><D42/><U1/><E1/><V96/><F32/><W14/><G21/><T38/><D2/><U83/><E83/><V57/><F87/><W35/><G35/><T28/><D40/><U69/><E69/><V75/><F75/><W67/><G85/><T132/><D95/><U131/><E131/><V3/><F3/><W125/><G82/><T15/><D132/><U64/><E64/><V112/><F112/><W39/><G65/><T10/><D15/><U56/><E56/><V29/><F57/><W31/><G67/><T127/><D13/><U6/><E6/><V80/><F80/><W5/><G5/><T70/><D7/><U130/><E130/><V61/><F76/><W115/><G77/><T79/><D79/><U133/><E133/><V89/><F45/><W9/><G78/><T129/><D129/><RYUUKYOKU ba="1,3" sc="235,-10,245,30,235,-10,255,-10" hai1="22,24,30,46,50,55,58,66,88,90,120,122,123" /><INIT seed="1,2,3,2,4,15" ten="225,275,225,245" oya="1" hai0="120,95,130,51,10,2,129,133,20,81,90,24,61" hai1="100,77,126,17,97,73,96,80,21,106,62,93,112" hai2="44,34,36,11,19,56,109,115,75,30,122,69,64" hai3="53,92,117,83,74,114,26,55,9,40,78,125,127"/><U32/><E112/><V16/><F122/><W60/><G114/><T134/><D120/><U43/><E126/><N who="3" m="48138" /><G117/><T124/><D124/><U119/><E119/><V131/><F115/><W33/><G40/><T27/><D81/><U102/><E32/><V45/><F131/><N who="0" m="50186" /><D61/><U98/><E98/><V52/><F75/><W99/><G9/><T135/><D51/><U50/><E62/><N who="2" m="40087" /><F45/><W121/><G121/><T84/><D20/><U72/><E50/><N who="2" m="30743" /><F11/><W58/><G26/><T89/><D90/><U59/><E59/><V38/><F38/><W71/><G33/><T91/><D91/><U31/><E43/><N who="2" m="22631" /><F109/><W28/><G28/><T123/><D123/><U86/><REACH who="1" step="1"/><E31/><REACH who="1" ten="225,265,225,245" step="2"/><V13/><F13/><AGARI ba="2,4" hai="13,17,21,72,73,77,80,86,93,96,97,100,102,106" machi="13" ten="30,12000,1" yaku="1,1,2,1,7,1,52,1,53,1" doraHai="15" doraHaiUra="14" who="1" fromWho="2" sc="225,0,265,166,225,-126,245,0" /><INIT seed="1,3,0,5,5,99" ten="225,431,99,245" oya="1" hai0="12,44,60,94,84,96,8,126,4,25,45,55,125" hai1="109,79,113,108,15,18,20,1,19,66,110,42,38" hai2="131,61,6,24,127,56,21,135,120,92,43,32,2" hai3="95,115,46,128,70,104,106,130,78,10,40,76,80"/><U124/><E113/><V13/><F120/><W71/><G115/><T134/><D134/><U49/><E124/><V16/><F127/><W111/><G111/><T73/><D73/><U57/><E1/><V114/><F131/><N who="3" m="50219" /><G10/><T7/><D7/><U123/><E123/><V22/><F135/><W63/><G95/><T17/><D84/><U51/><E79/><N who="3" m="30250" /><G80/><T101/><D126/><U90/><E90/><V103/><F114/><W41/><G40/><T93/><D93/><U37/><E42/><V26/><F43/><W27/><G27/><T72/><D72/><U62/><REACH who="1" step="1"/><E19/><REACH who="1" ten="225,421,99,245" step="2"/><V112/><F112/><W105/><G63/><T116/><D125/><U23/><E23/><V53/><F2/><W34/><G34/><T118/><D17/><U122/><E122/><V52/><F32/><W36/><AGARI ba="3,1" hai="36,41,46,70,71,104,105,106" m="30250,50219" machi="36" ten="40,1500,0" yaku="19,1" doraHai="99" who="3" fromWho="3" sc="225,-7,421,-10,99,-7,245,34" /><INIT seed="2,0,0,1,5,118" ten="218,411,92,279" oya="2" hai0="56,11,135,57,38,37,19,18,12,34,64,130,77" hai1="48,59,47,131,25,122,108,10,23,125,104,119,80" hai2="81,69,110,55,54,128,5,33,105,41,1,71,66" hai3="72,65,99,16,50,28,9,101,92,133,63,67,95"/><V114/><F128/><W115/><G72/><T88/><D34/><U70/><E104/><V96/><F33/><W116/><G116/><T129/><D77/><U31/><E70/><V91/><F114/><W13/><G115/><T0/><D0/><U60/><E125/><V39/><F110/><W22/><G133/><T43/><D43/><U79/><E108/><V120/><F120/><W98/><G50/><T8/><D64/><U100/><E100/><V20/><F71/><W74/><G74/><T61/><D12/><U85/><E122/><V3/><F3/><W124/><G124/><T73/><D73/><U27/><E131/><V21/><F1/><W121/><G121/><T42/><D42/><N who="1" m="24695" /><E10/><V112/><F112/><W32/><G32/><T93/><D93/><U68/><E68/><V40/><F39/><W58/><G28/><T109/><D109/><U123/><E123/><V14/><F105/><W86/><G86/><T29/><D29/><U106/><E106/><V46/><F69/><W127/><G127/><T113/><D113/><U4/><E4/><V134/><F134/><W83/><G83/><T84/><D135/><U102/><E102/><V15/><F66/><N who="3" m="39287" /><G9/><T94/><D94/><U51/><E51/><N who="2" m="27087" /><F40/><W90/><AGARI ba="0,0" hai="13,16,22,65,67,90,92,95,98,99,101" m="39287" machi="90" ten="30,2000,0" yaku="8,1,54,1" doraHai="118" who="3" fromWho="3" sc="218,-5,411,-5,92,-10,279,20" /><INIT seed="3,0,0,2,5,63" ten="213,406,82,299" oya="3" hai0="30,98,23,27,42,115,1,3,26,45,125,20,65" hai1="85,0,99,114,134,21,119,54,104,91,13,78,46" hai2="105,120,107,95,14,71,81,40,118,80,101,56,39" hai3="129,36,112,86,55,51,88,69,18,38,50,110,90"/><W130/><G112/><T17/><D125/><U116/><E114/><V9/><F118/><N who="1" m="45097" /><E0/><V84/><F71/><W103/><G103/><T75/><D75/><U61/><E134/><V73/><F120/><W4/><G4/><T29/><D115/><U12/><E78/><V41/><F80/><N who="3" m="49223" /><G90/><T31/><D17/><U113/><E21/><V44/><F41/><W66/><G18/><T100/><D30/><U15/><E61/><V96/><F73/><W33/><G33/><T94/><D65/><U92/><E113/><V28/><F28/><W123/><G123/><T11/><REACH who="0" step="1"/><D11/><REACH who="0" ten="203,406,82,299" step="2"/><U5/><E5/><V77/><REACH who="2" step="1"/><F56/><REACH who="2" ten="203,406,72,299" step="2"/><W127/><G127/><T102/><D102/><U70/><E70/><V97/><F97/><W35/><G69/><T43/><D43/><U122/><E99/><V106/><F106/><W132/><G132/><T121/><D121/><U109/><E104/><V24/><F24/><W22/><G129/><T10/><D10/><U47/><E122/><V111/><F111/><W93/><G110/><T68/><D68/><U8/><E109/><V58/><F58/><W133/><G130/><T37/><AGARI ba="0,2" hai="1,3,20,23,26,27,29,31,37,42,45,94,98,100" machi="37" ten="20,12000,2" yaku="1,1,0,1,7,1,9,1,53,2" doraHai="63" doraHaiUra="34" who="0" fromWho="0" sc="203,140,406,-30,72,-30,299,-60" /><INIT seed="4,0,0,1,1,88" ten="343,376,42,239" oya="0" hai0="53,100,97,40,13,103,126,43,111,92,38,55,7" hai1="19,69,116,64,129,36,35,57,114,41,27,72,6" hai2="1,30,17,132,122,2,9,14,15,105,23,70,107" hai3="48,99,102,90,18,11,76,109,5,49,44,94,26"/><T98/><D126/><U127/><E127/><V29/><F122/><W31/><G109/><T117/><D117/><U4/><E72/><V130/><F70/><W131/><G131/><T78/><D78/><U24/><E116/><V91/><F130/><W39/><G76/><T75/><D75/><U37/><E57/><V28/><F91/><W32/><G18/><T83/><D83/><U120/><E120/><V61/><F61/><W119/><G119/><T16/><D7/><U95/><E95/><V34/><F107/><W115/><G115/><T56/><D38/><U84/><E84/><V46/><F46/><W62/><G62/><T86/><D86/><U25/><E35/><V73/><F105/><W113/><G113/><T124/><D124/><U66/><E69/><V58/><F58/><W81/><G81/><T134/><D134/><U71/><E71/><V8/><F73/><W63/><G63/><N who="0" m="36239" /><D55/><U79/><E79/><V68/><F68/><W85/><G44/><T121/><D111/><U21/><E129/><V77/><F77/><W118/><G39/><N who="1" m="14922" /><E41/><N who="0" m="15945" /><D121/><U96/><E96/><N who="0" m="36969" /><D92/><U12/><E114/><V128/><F128/><W54/><G54/><T104/><D104/><U59/><E59/><V50/><F50/><W106/><REACH who="3" step="1"/><G118/><REACH who="3" ten="343,376,42,229" step="2"/><T133/><D133/><U65/><E6/><N who="2" m="3383" /><F132/><W3/><AGARI ba="0,1" hai="3,5,11,26,31,32,48,49,85,90,94,99,102,106" machi="3" ten="20,8000,1" yaku="1,1,0,1,7,1,52,1,53,1" doraHai="88" doraHaiUra="20" who="3" fromWho="3" sc="343,-40,376,-20,42,-20,229,90" /><INIT seed="5,0,0,1,4,3" ten="303,356,22,319" oya="1" hai0="131,19,132,122,10,82,125,65,99,70,126,23,46" hai1="31,44,97,52,28,72,75,14,59,119,114,127,90" hai2="113,29,80,95,62,63,96,9,12,102,39,57,53" hai3="121,48,51,74,110,78,118,22,0,20,103,5,123"/><U50/><E119/><V21/><F39/><W13/><G110/><T25/><D122/><U4/><E114/><V66/><F113/><W107/><G118/><T11/><D131/><U112/><E112/><V34/><F34/><W93/><G107/><T101/><D132/><U55/><E127/><V129/><F129/><W61/><G0/><T33/><D82/><U71/><E71/><V134/><F134/><W88/><G103/><T45/><D33/><U16/><E4/><V84/><F29/><N who="1" m="11337" /><E75/><V37/><F21/><W1/><G1/><T17/><D65/><U77/><E72/><V24/><F24/><W87/><G22/><T104/><D70/><U26/><E77/><V83/><F37/><W117/><G117/><T100/><D100/><U54/><E26/><V18/><REACH who="2" step="1"/><F84/><REACH who="2" ten="303,356,12,319" step="2"/><W89/><G20/><T42/><D23/><N who="1" m="11671" /><E44/><V47/><F47/><W79/><G121/><T92/><D46/><U8/><E8/><N who="0" m="3113" /><D25/><U106/><E106/><V2/><F2/><W32/><G123/><T128/><D104/><U36/><E36/><V76/><F76/><W60/><G78/><T43/><D128/><U109/><E109/><V81/><F81/><N who="3" m="49263" /><G32/><T135/><D135/><U73/><E73/><V67/><F67/><W120/><G120/><T40/><D45/><U86/><E86/><V56/><AGARI ba="0,1" hai="9,12,18,53,56,57,62,63,66,80,83,95,96,102" machi="56" ten="20,5200,0" yaku="1,1,0,1,7,1,8,1,53,0" doraHai="3" doraHaiUra="30" who="2" fromWho="2" sc="303,-13,356,-26,12,62,319,-13" /><INIT seed="6,0,0,0,5,72" ten="290,330,74,306" oya="2" hai0="22,96,129,25,120,52,40,49,59,16,110,107,27" hai1="3,23,115,55,69,106,71,80,75,81,83,70,5" hai2="74,97,28,99,33,41,105,60,84,117,126,86,118" hai3="93,6,53,8,20,19,47,14,54,102,13,30,4"/><V63/><F126/><W44/><G30/><T132/><D110/><U10/><E106/><V66/><F41/><W35/><G35/><T62/><D120/><U31/><E115/><V113/><F113/><W43/><G4/><T91/><D132/><U65/><E55/><N who="3" m="21002" /><G43/><T92/><D129/><U109/><E109/><V21/><F74/><W112/><G112/><T48/><D107/><U124/><E124/><V87/><F33/><W101/><G93/><T82/><D40/><U17/><E31/><V50/><F50/><N who="0" m="19562" /><D82/><U108/><E108/><V89/><F63/><W39/><G39/><T32/><D32/><U134/><E134/><V34/><F99/><W56/><G56/><T103/><D103/><AGARI ba="0,0" hai="6,8,13,14,19,20,44,47,101,102,103" m="21002" machi="103" ten="30,1000,0" yaku="8,1" doraHai="72" who="3" fromWho="0" sc="290,-10,330,0,74,0,306,10" /><INIT seed="7,0,0,1,5,98" ten="280,330,74,316" oya="3" hai0="65,105,93,97,2,134,76,35,117,127,129,34,77" hai1="8,96,67,26,62,6,111,102,7,88,86,107,121" hai2="17,110,72,0,49,4,27,80,19,52,90,116,104" hai3="109,94,73,103,57,58,59,11,38,131,135,51,132"/><W3/><G131/><T118/><D2/><U100/><E111/><V48/><F116/><W33/><G109/><T130/><D65/><U83/><E121/><V45/><F110/><W50/><G38/><T82/><D34/><U56/><E100/><V55/><F104/><W112/><G112/><T1/><D1/><U113/><E113/><V70/><F70/><W66/><G66/><T5/><D5/><U12/><E26/><V13/><F0/><W46/><G73/><N who="0" m="43279" /><D35/><U40/><E40/><V41/><F72/><W20/><G33/><T14/><D14/><U31/><E31/><V24/><F4/><AGARI ba="0,0" hai="4,6,7,8,12,56,62,67,83,86,88,96,102,107" machi="4" ten="30,3900,0" yaku="7,1,52,1,54,1" doraHai="98" who="1" fromWho="2" sc="280,0,330,39,74,-39,316,0" owari="280,-12.0,369,46.0,35,-46.0,316,12.0" /></mjloggm>