<mjloggm ver="2.3"><GO type="169" lobby="0"/><UN n0="%E3%82%AB%E3%83%A1%E3%83%83%E3%82%AF%E3%82%B9" n1="%E3%83%89%E3%83%A9%E3%81%8F%E3%82%8C" n2="%E3%81%8A%E3%81%8A%E3%81%8F%E3%81%95" n3="%E3%81%A6%E3%82%93%E3%81%A6%E3%81%93%E7%8B%90" dan="16,16,17,16" rate="2146.33,2065.52,2211.27,2191.55" sx="M,M,M,M"/><TAIKYOKU oya="0"/><INIT seed="0,0,0,5,1,52" ten="250,250,250,250" oya="0" hai0="57,53,135,95,46,37,39,77,8,84,20,81,65" hai1="49,55,119,43,78,121,17,109,34,99,98,112,105" hai2="132,41,127,114,45,103,9,130,76,56,69,50,59" hai3="3,115,97,120,10,70,68,87,11,23,51,61,21"/><T66/><D135/><U40/><E119/><V48/><F114/><W118/><G115/><T24/><D8/><U1/><E1/><V82/><F69/><W38/><G51/><T7/><D7/><U22/><E112/><V28/><F132/><W42/><G87/><T29/><D95/><U13/><E121/><V58/><F130/><W93/><G93/><T107/><D107/><U44/><E109/><V62/><F127/><W35/><G35/><T111/><D111/><U131/><E131/><V18/><F103/><W91/><G91/><T2/><D2/><U96/><E34/><V74/><F28/><W47/><G97/><T26/><D46/><U75/><E105/><V126/><F126/><W100/><G100/><T63/><D66/><U73/><E78/><V92/><F50/><W79/><G79/><T33/><REACH who="0" step="1"/><D65/><REACH who="0" ten="240,250,250,250" step="2"/><U117/><E117/><V88/><F9/><W36/><G3/><T106/><D106/><U86/><E43/><V134/><F134/><W5/><G47/><T15/><D15/><U80/><E40/><V110/><F110/><W31/><G42/><T116/><D116/><U0/><E0/><V32/><F45/><W27/><G118/><T89/><D89/><U123/><E123/><V133/><F88/><W67/><G120/><T108/><D108/><U129/><E129/><V104/><F104/><W125/><G5/><T83/><D83/><U16/><E80/><V85/><F41/><W128/><G128/><T124/><D124/><U122/><E122/><V30/><F133/><W90/><G10/><T64/><D64/><U54/><E44/><RYUUKYOKU ba="0,1" sc="240,30,250,-10,250,-10,250,-10" hai0="20,24,26,29,33,37,39,53,57,63,77,81,84" /><INIT seed="0,1,1,3,3,57" ten="270,240,240,240" oya="0" hai0="35,39,4,119,20,72,60,125,19,42,74,115,0" hai1="81,38,133,123,118,36,107,34,58,91,83,40,131" hai2="59,25,49,70,117,12,47,113,114,93,124,99,94" hai3="55,52,90,6,79,45,76,27,92,97,104,56,31"/><T29/><D115/><U85/><E123/><V18/><F70/><W14/><G104/><T64/><D119/><U65/><E118/><V3/><F3/><W111/><G111/><T110/><D125/><U82/><E34/><V54/><F124/><W121/><G121/><T15/><D110/><U44/><E107/><V1/><F1/><W23/><G45/><T5/><D42/><U75/><E75/><V62/><F94/><W80/><G55/><T120/><D39/><U95/><E133/><V28/><F117/><W33/><G80/><T126/><D120/><U129/><REACH who="1" step="1"/><E36/><REACH who="1" ten="270,230,240,240" step="2"/><V73/><F73/><W37/><G37/><T87/><D126/><U89/><E89/><V71/><F113/><W26/><G6/><T112/><D112/><U128/><E128/><V68/><F114/><W53/><G53/><T78/><D5/><U32/><E32/><V48/><F54/><W130/><G130/><T108/><D108/><U22/><E22/><V50/><F47/><W86/><G33/><T61/><D4/><U63/><AGARI ba="1,2" hai="38,40,44,58,63,65,81,82,83,85,91,95,129,131" machi="63" ten="30,4000,0" yaku="1,1,0,1,52,1,53,0" doraHai="57" doraHaiUra="13" who="1" fromWho="1" sc="270,-21,230,63,240,-11,240,-11" /><INIT seed="1,0,0,2,4,120" ten="249,293,229,229" oya="1" hai0="43,53,108,106,132,44,60,71,135,22,95,121,46" hai1="123,12,70,16,130,110,116,96,37,84,62,83,1" hai2="6,21,54,18,50,105,27,56,114,13,126,24,45" hai3="63,49,68,42,69,93,66,94,112,87,57,111,97"/><U86/><E123/><V129/><F105/><W23/><G112/><T51/><D106/><U36/><E116/><V31/><F114/><W117/><G117/><T10/><D22/><U128/><E1/><V11/><F129/><N who="1" m="49769" /><E96/><V14/><F126/><W2/><G2/><T124/><D95/><U9/><E110/><V91/><F31/><W67/><G111/><T40/><D10/><U118/><E118/><V25/><F25/><W77/><G23/><T32/><D32/><U73/><E73/><V122/><F122/><W101/><G66/><N who="0" m="41415" /><D121/><U41/><E41/><N who="0" m="15945" /><D124/><U48/><E48/><V58/><F24/><W103/><G77/><T52/><D108/><U0/><E0/><V8/><REACH who="2" step="1"/><F91/><REACH who="2" ten="249,293,219,229" step="2"/><W98/><G87/><N who="1" m="33322" /><E83/><V109/><F109/><W125/><G125/><T119/><D119/><U7/><E7/><V92/><F92/><W100/><G100/><T19/><D19/><U80/><E80/><V34/><F34/><W29/><G29/><T85/><D85/><U65/><AGARI ba="0,1" hai="9,12,16,36,37,62,65,70" m="33322,49769" machi="65" ten="30,3000,0" yaku="19,1,54,1" doraHai="120" who="1" fromWho="1" sc="249,-10,293,40,219,-10,229,-10" /><INIT seed="1,1,0,2,4,13" ten="239,333,209,219" oya="1" hai0="33,21,84,117,71,20,68,19,11,122,75,45,133" hai1="121,55,90,3,15,93,102,28,10,119,123,60,88" hai2="32,83,78,50,103,62,92,53,91,6,105,89,111" hai3="47,30,73,115,51,42,131,17,110,38,129,9,36"/><U59/><E119/><V56/><F111/><W52/><G73/><T43/><D75/><U48/><E28/><V40/><F32/><W34/><G115/><T77/><D33/><U79/><E3/><V130/><F130/><N who="3" m="49675" /><G110/><T14/><D117/><U1/><E79/><V26/><F105/><W85/><G85/><T128/><D122/><U7/><E102/><V120/><F120/><W5/><G34/><T37/><D133/><U125/><E90/><V135/><F135/><W118/><G30/><T66/><D128/><U69/><E125/><V29/><F6/><W114/><G114/><T8/><D21/><U94/><E94/><V64/><F40/><W65/><G65/><T107/><D107/><U101/><E101/><V74/><F92/><W80/><G80/><T95/><D66/><U63/><E69/><V27/><F103/><W82/><G82/><T54/><D77/><U23/><E123/><V2/><F2/><N who="3" m="183" /><G118/><T67/><D67/><U61/><E121/><V58/><F29/><W87/><G87/><T99/><D84/><N who="1" m="52359" /><E1/><V44/><F89/><W116/><G116/><T57/><D68/><U108/><E108/><V0/><F0/><W49/><G17/><T81/><D71/><U12/><E12/><V100/><F91/><W98/><G98/><T4/><D81/><U22/><AGARI ba="1,0" hai="7,10,15,22,23,48,55,59,60,61,63" m="52359" machi="22" ten="30,3000,0" yaku="8,1,54,1" doraHai="13" who="1" fromWho="1" sc="239,-11,333,33,209,-11,219,-11" /><INIT seed="1,2,0,4,0,110" ten="228,366,198,208" oya="1" hai0="76,56,14,102,131,51,129,79,9,90,50,67,104" hai1="85,125,115,80,15,34,25,126,31,69,54,94,8" hai2="106,28,40,0,95,91,117,105,77,32,3,2,132" hai3="101,49,60,57,6,47,7,53,10,23,35,99,4"/><U11/><E69/><V17/><F117/><W12/><G35/><T22/><D22/><U123/><E123/><V92/><F132/><W75/><G75/><T108/><D108/><U107/><E107/><V13/><F77/><W66/><REACH who="3" step="1"/><G23/><REACH who="3" ten="228,366,198,198" step="2"/><T48/><D129/><U84/><E126/><V81/><F32/><W88/><G88/><T133/><D90/><U24/><E125/><V87/><F91/><W55/><G55/><T1/><D131/><U111/><E54/><V72/><F72/><W86/><G86/><T16/><D133/><U19/><E111/><V37/><F87/><W21/><G21/><T120/><D120/><U134/><E134/><V100/><F100/><W93/><AGARI ba="2,1" hai="4,6,7,10,12,47,49,53,57,60,66,93,99,101" machi="93" ten="20,5200,0" yaku="1,1,0,1,7,1,8,1,53,0" doraHai="110" doraHaiUra="116" who="3" fromWho="3" sc="228,-15,366,-28,198,-15,198,68" /><INIT seed="2,0,0,1,4,115" ten="213,338,183,266" oya="2" hai0="38,55,98,41,80,108,43,47,31,28,126,101,103" hai1="87,122,95,128,66,51,17,5,58,90,97,82,3" hai2="64,124,13,135,63,99,65,78,0,1,105,40,39" hai3="52,60,50,59,6,42,20,109,22,86,30,121,83"/><V123/><F123/><W36/><G121/><T54/><D108/><U93/><E122/><V56/><F135/><W75/><G75/><T69/><D69/><U29/><E128/><V70/><F124/><W132/><G109/><T71/><D71/><U10/><E29/><V76/><F65/><W113/><G132/><T35/><D126/><U26/><E26/><V44/><F70/><W53/><G113/><T84/><D35/><U11/><E11/><V19/><F105/><W88/><G6/><T134/><D134/><U102/><E17/><V57/><F57/><W112/><G112/><T37/><D98/><U85/><E51/><V133/><F133/><W14/><G14/><T45/><D84/><U118/><E118/><V120/><F120/><W18/><G30/><T68/><D68/><U106/><REACH who="1" step="1"/><E87/><REACH who="1" ten="213,328,183,266" step="2"/><V9/><REACH who="2" step="1"/><F99/><REACH who="2" ten="213,328,173,266" step="2"/><W89/><G18/><T48/><D48/><U21/><E21/><V62/><F62/><AGARI ba="0,2" hai="3,5,10,58,62,66,82,85,90,93,95,97,102,106" machi="62" ten="40,1300,0" yaku="1,1,53,0" doraHai="115" doraHaiUra="127" who="1" fromWho="2" sc="213,0,328,33,173,-13,266,0" /><INIT seed="3,0,0,2,2,99" ten="213,361,160,266" oya="3" hai0="85,116,23,13,34,45,44,28,36,67,31,84,6" hai1="112,55,38,128,88,1,96,95,104,81,78,131,100" hai2="46,53,10,42,43,63,60,56,61,98,29,93,32" hai3="129,65,68,134,101,20,40,11,83,74,109,113,69"/><W126/><G113/><T48/><D116/><U62/><E1/><V35/><F29/><W123/><G123/><T5/><D34/><U119/><E38/><V115/><F115/><W122/><G122/><T12/><D36/><U58/><E112/><V82/><F35/><W24/><G40/><T76/><D76/><U94/><E119/><V16/><F32/><W37/><G37/><T110/><D48/><U17/><E17/><V19/><F82/><W51/><G51/><T0/><D0/><U64/><E64/><V121/><F121/><W21/><G11/><T59/><D67/><U3/><E3/><V80/><F80/><W26/><G65/><T14/><D59/><U25/><E25/><V73/><F73/><W33/><G33/><T72/><D72/><U52/><E55/><V9/><F9/><W89/><G74/><T90/><D110/><U7/><E7/><V91/><F46/><W39/><G39/><T117/><D117/><U66/><E66/><V71/><F71/><W22/><G109/><T111/><D111/><U102/><E95/><V30/><F30/><W77/><G77/><T75/><D75/><N who="1" m="43231" /><E104/><V86/><F86/><N who="3" m="50399" /><G68/><T114/><D114/><U92/><E92/><V124/><F10/><W57/><G57/><T8/><D8/><U105/><E105/><V79/><F79/><W70/><G69/><T108/><D108/><U47/><E47/><V130/><F43/><W106/><G70/><T135/><D13/><U107/><E107/><V118/><F118/><W2/><G2/><T125/><D14/><U54/><E54/><V49/><F42/><RYUUKYOKU ba="0,0" sc="213,-10,361,30,160,-10,266,-10" hai1="52,58,62,88,94,96,100,102,128,131" /><INIT seed="4,1,0,2,5,26" ten="203,391,150,256" oya="0" hai0="73,39,97,4,1,8,122,79,43,48,32,135,34" hai1="60,133,128,22,28,75,25,5,69,72,66,103,24" hai2="18,64,61,102,45,118,13,65,70,47,6,19,42" hai3="83,53,30,40,57,108,100,37,50,33,123,2,7"/><T41/><D122/><U12/><E133/><V85/><F118/><W86/><G108/><T87/><D135/><U101/><E128/><V116/><F116/><W21/><G33/><T124/><D124/><U125/><E125/><V82/><F64/><W20/><G100/><T127/><D127/><U94/><E103/><V134/><F134/><W92/><G92/><T16/><D87/><U131/><E131/><V112/><F112/><W63/><G37/><T74/><D43/><U99/><E5/><V35/><F35/><W3/><G123/><T68/><D68/><U88/><E12/><V14/><F102/><W90/><G7/><T89/><D48/><U111/><E111/><V77/><F6/><W113/><G113/><T121/><D121/><U76/><E76/><V23/><REACH who="2" step="1"/><F42/><REACH who="2" ten="203,391,140,256" step="2"/><W96/><G40/><T58/><D32/><U67/><E67/><V130/><F130/><W104/><G104/><T46/><D34/><U38/><E38/><V10/><AGARI ba="1,1" hai="10,13,14,18,19,23,45,47,61,65,70,77,82,85" machi="10" ten="20,5200,0" yaku="1,1,0,1,7,1,53,1" doraHai="26" doraHaiUra="81" who="2" fromWho="2" sc="203,-27,391,-14,140,65,256,-14" /><INIT seed="5,0,0,3,3,94" ten="176,377,205,242" oya="1" hai0="122,2,4,103,73,51,55,12,78,115,112,82,35" hai1="67,92,24,102,9,59,61,16,17,108,8,63,14" hai2="111,133,87,50,5,40,65,105,88,129,97,99,19" hai3="135,68,20,91,31,101,120,28,76,121,75,86,74"/><U85/><E108/><V126/><F105/><W39/><G68/><T107/><D2/><U90/><E24/><V33/><F33/><W72/><G39/><T84/><D35/><U45/><E45/><V127/><F111/><W43/><G43/><T64/><D122/><U95/><E63/><V58/><F133/><W57/><G57/><T132/><D132/><U22/><REACH who="1" step="1"/><E17/><REACH who="1" ten="176,367,205,242" step="2"/><V18/><F19/><W44/><G44/><T109/><D109/><U53/><E53/><V100/><F18/><W1/><G135/><T41/><D55/><U0/><E0/><V26/><F40/><W89/><G1/><T117/><D41/><U23/><E23/><V106/><F50/><W83/><G20/><T11/><D51/><U123/><E123/><N who="3" m="47178" /><G28/><T48/><D48/><U49/><E49/><V66/><F26/><W118/><G31/><T42/><D42/><U71/><E71/><V116/><F65/><W10/><G10/><T104/><D64/><U15/><E15/><V60/><F66/><W30/><G30/><T80/><D12/><U79/><E79/><V114/><F60/><W32/><G32/><T46/><D11/><U110/><E110/><V93/><F58/><W29/><G29/><T69/><D46/><U3/><E3/><V119/><F119/><W81/><G118/><T36/><D117/><U62/><E62/><V56/><F56/><W52/><G52/><T131/><D69/><U70/><E70/><V113/><F116/><W21/><G21/><T38/><D36/><U6/><E6/><V125/><F5/><W7/><G7/><T128/><D4/><RYUUKYOKU ba="0,1" sc="176,-10,367,30,205,-10,242,-10" hai1="8,9,14,16,22,59,61,67,85,90,92,95,102" /><INIT seed="5,1,1,5,3,133" ten="166,397,195,232" oya="1" hai0="44,96,5,109,88,128,14,13,72,104,113,15,1" hai1="124,59,6,4,30,68,73,127,123,105,57,64,35" hai2="37,90,40,112,26,10,42,129,120,107,70,81,89" hai3="87,43,132,53,41,85,97,80,91,60,83,36,93"/><U32/><E73/><V17/><F120/><W3/><G132/><T52/><D109/><U125/><E105/><V78/><F70/><W94/><G3/><T103/><D72/><U115/><E123/><V19/><F129/><W135/><G135/><T111/><D111/><U11/><E115/><V58/><F107/><W50/><G36/><T62/><D113/><U12/><E6/><V54/><F37/><W116/><G116/><T101/><D128/><U98/><E98/><V76/><F112/><W82/><G60/><T108/><D108/><U49/><E49/><V20/><F40/><W110/><G110/><T8/><D101/><U86/><E86/><N who="3" m="32778" /><G93/><T33/><D33/><N who="1" m="12875" /><E30/><V28/><F42/><W74/><G74/><T117/><D117/><U31/><E31/><V100/><F100/><W48/><G48/><T69/><D69/><U75/><E75/><V102/><F102/><W51/><G51/><T84/><D44/><AGARI ba="1,1" hai="41,43,44,50,53,80,82,83,91,94,97" m="32778" machi="44" ten="30,1000,0" yaku="8,1" doraHai="133" who="3" fromWho="0" sc="166,-13,397,0,195,0,232,23" /><INIT seed="6,0,0,4,0,133" ten="153,397,195,255" oya="2" hai0="26,109,12,7,16,42,76,32,86,80,89,53,118" hai1="65,46,14,29,98,22,87,21,99,122,37,55,27" hai2="5,116,34,100,48,31,129,52,106,10,60,90,56" hai3="9,30,59,134,96,74,123,117,94,45,73,35,6"/><V67/><F129/><W40/><G117/><T54/><D109/><U75/><E75/><V131/><F131/><W85/><G123/><T41/><D118/><U104/><E104/><V63/><F116/><W126/><G85/><T115/><D115/><U58/><E122/><V119/><F119/><W33/><G59/><T132/><D132/><U23/><E87/><V20/><F34/><W38/><G134/><T49/><D7/><U84/><E84/><V107/><F90/><W69/><G69/><T88/><D26/><U11/><E65/><V62/><F100/><W82/><G126/><T121/><D32/><U44/><E37/><V111/><F111/><W70/><G70/><T112/><D112/><U77/><E77/><V135/><F67/><W68/><G68/><T124/><D124/><U125/><E125/><V50/><F50/><W78/><G73/><T128/><D128/><U57/><E57/><V105/><F135/><W81/><G30/><T64/><D64/><U127/><E127/><V114/><F114/><W19/><G19/><T1/><D1/><U108/><E108/><V79/><F79/><W97/><G82/><T66/><D66/><U18/><E27/><V43/><F31/><W3/><G97/><N who="1" m="36874" /><E29/><V2/><REACH who="2" step="1"/><F20/><REACH who="2" ten="153,397,185,255" step="2"/><W93/><G93/><T83/><D121/><U95/><E95/><V110/><F110/><W71/><G71/><T25/><D89/><AGARI ba="0,1" hai="3,6,9,33,35,38,40,45,74,78,81,89,94,96" machi="89" ten="30,3900,0" yaku="7,1,25,2" doraHai="133" who="3" fromWho="0" sc="153,-39,397,0,185,0,255,49" /><INIT seed="7,0,0,0,5,25" ten="114,397,185,304" oya="3" hai0="76,123,118,53,10,33,108,90,34,112,130,19,51" hai1="87,96,117,22,93,125,135,4,6,20,72,58,89" hai2="120,11,69,100,84,63,114,9,83,67,92,73,62" hai3="21,68,109,2,124,91,13,61,65,74,50,132,42"/><W131/><G2/><T7/><D118/><U36/><E36/><V122/><F114/><W111/><G74/><T116/><D116/><U126/><E72/><V28/><F63/><W107/><G107/><T49/><D108/><N who="3" m="41545" /><G91/><T16/><D123/><N who="2" m="47146" /><F28/><W97/><G97/><T26/><D130/><U127/><E58/><V8/><F73/><W105/><G105/><T60/><D112/><U41/><E41/><V103/><F92/><W79/><G79/><AGARI ba="0,0" hai="8,9,11,62,67,69,79,83,84,100,103" m="47146" machi="79" ten="30,1000,0" yaku="13,1" doraHai="25" who="2" fromWho="3" sc="114,0,397,0,185,10,304,-10" owari="114,-39.0,397,50.0,195,-20.0,294,9.0" /></mjloggm>