<mjloggm ver="2.3"><GO type="185" lobby="0"/><UN n0="%E5%A4%9A%E6%9E%97%E6%99%8B" n1="%E6%B0%B7%E3%81%AE%4B" n2="%6D%28%E3%81%AE%5F%E3%81%AE%29%6D%E2%99%AA" n3="" dan="16,16,16,0" rate="2211.04,2108.65,2159.82,1500.00" sx="M,M,M,C"/><TAIKYOKU oya="0"/><INIT seed="0,0,0,3,1,57" ten="350,350,350,0" oya="0" hai0="34,99,85,69,106,102,111,97,93,2,109,130,119" hai1="33,112,92,70,100,66,135,82,79,3,90,103,125" hai2="133,1,89,36,45,127,104,74,72,78,44,116,121" hai3=""/><T68/><D2/><U132/><E3/><V105/><N who="2" m="31008" /><V49/><F1/><T40/><D34/><U53/><E33/><V76/><F49/><T47/><D119/><U108/><E112/><V84/><F36/><T126/><D126/><U96/><E108/><N who="0" m="41545" /><D85/><U42/><E125/><V38/><F38/><T86/><D86/><U55/><E42/><V61/><F127/><T114/><D114/><U58/><E70/><N who="0" m="27241" /><D99/><U118/><E118/><V117/><F84/><T81/><D81/><U50/><E66/><V98/><F98/><T52/><D130/><U65/><E65/><V46/><F89/><T73/><D73/><U123/><N who="1" m="31520" /><U120/><N who="1" m="30752" /><U71/><E71/><V131/><F131/><T67/><D67/><U43/><E43/><V87/><F87/><T48/><D106/><U134/><E55/><AGARI ba="0,0" hai="40,47,48,52,55,93,97,102" m="27241,41545" machi="55" ten="30,5800,0" yaku="14,1,10,1,54,1" doraHai="57" who="0" fromWho="1" sc="350,58,350,-58,350,0,0,0" /><INIT seed="0,1,0,4,1,128" ten="408,292,350,0" oya="0" hai0="100,88,105,37,39,79,47,119,109,130,43,84,111" hai1="101,33,2,120,81,42,91,32,63,77,116,82,89" hai2="50,115,45,94,67,92,61,65,131,64,126,57,38" hai3=""/><T62/><D119/><U132/><N who="1" m="30752" /><U76/><E116/><V75/><F115/><T83/><D130/><U3/><E42/><V97/><F131/><T71/><D39/><U127/><E101/><V70/><F75/><T102/><D79/><U58/><E58/><V133/><F126/><T49/><D37/><U117/><E117/><V36/><F94/><T54/><D105/><U99/><E63/><V122/><N who="2" m="31264" /><V90/><F38/><T44/><D44/><U129/><E129/><V95/><F95/><T59/><REACH who="0" step="1"/><D71/><REACH who="0" ten="398,292,350,0" step="2"/><U112/><E112/><V104/><F104/><T72/><D72/><U0/><E0/><V125/><F36/><T96/><D96/><U86/><E99/><V51/><F70/><T134/><D134/><U114/><E114/><V53/><F133/><T121/><N who="0" m="31008" /><T80/><D80/><U118/><E118/><V124/><F124/><T41/><D41/><U34/><E34/><V48/><REACH who="2" step="1"/><F125/><REACH who="2" ten="398,292,340,0" step="2"/><T135/><D135/><U55/><E132/><V1/><F1/><T85/><D85/><U60/><E127/><V98/><F98/><T123/><N who="0" m="31520" /><T87/><D87/><U107/><E86/><V93/><F93/><T74/><D74/><U110/><E107/><V68/><F68/><RYUUKYOKU ba="1,2" sc="398,10,292,-20,340,10,0,0" hai0="43,47,49,54,59,62,83,84,88,100,102,109,111" hai2="45,48,50,51,53,57,61,64,65,67,90,92,97" /><INIT seed="0,2,2,3,0,66" ten="408,272,350,0" oya="0" hai0="38,103,63,42,94,58,106,107,68,126,135,133,40" hai1="79,89,76,122,100,60,124,84,49,52,41,69,104" hai2="87,46,0,123,132,39,73,93,74,71,86,44,97" hai3=""/><T77/><D126/><U101/><N who="1" m="31264" /><U83/><E124/><V128/><N who="2" m="31520" /><V112/><F112/><T113/><D113/><U36/><E36/><V110/><F0/><T121/><N who="0" m="31008" /><T85/><D68/><U99/><E101/><V129/><F132/><N who="0" m="50762" /><D77/><U88/><E79/><V45/><F110/><T57/><D58/><U125/><E125/><V2/><F2/><T64/><D38/><U92/><E41/><N who="0" m="15977" /><D85/><N who="2" m="32266" /><F39/><T70/><D57/><U114/><E114/><V131/><F71/><T48/><D48/><U108/><E108/><V78/><F78/><T134/><D134/><U91/><E69/><V81/><F81/><T56/><D56/><U54/><E60/><V90/><AGARI ba="2,2" hai="44,45,46,73,74,90,93,97,128,129,131" m="32266,31520" machi="90" ten="40,2000,0" yaku="19,1,52,1" doraHai="66" who="2" fromWho="2" sc="408,-15,272,-9,350,44,0,0" /><INIT seed="1,0,0,4,5,74" ten="393,263,394,0" oya="1" hai0="57,52,77,89,119,109,43,104,58,135,100,35,54" hai1="97,63,42,110,1,92,33,130,72,75,67,45,103" hai2="79,106,69,37,111,32,93,80,115,64,107,118,105" hai3=""/><U122/><N who="1" m="31264" /><U113/><E113/><V83/><F118/><T48/><D35/><U66/><E1/><V68/><F32/><T124/><D119/><U70/><E33/><V49/><F37/><T34/><D34/><U41/><E130/><V125/><F115/><T87/><D135/><U101/><E110/><V78/><F111/><T50/><D109/><U0/><E0/><V94/><F49/><T132/><D132/><U2/><E2/><V129/><F64/><T108/><D108/><U82/><E67/><V62/><F62/><T102/><D124/><U76/><E75/><V88/><F125/><T3/><D3/><U96/><REACH who="1" step="1"/><E45/><REACH who="1" ten="393,253,394,0" step="2"/><V116/><F129/><T36/><D104/><AGARI ba="0,1" hai="41,42,63,66,70,72,76,82,92,96,97,101,103,104" m="31264" machi="104" ten="30,12000,1" yaku="1,1,2,1,7,1,52,2,53,0" doraHai="74" doraHaiUra="86" who="1" fromWho="0" sc="393,-120,253,130,394,0,0,0" /><INIT seed="1,1,0,3,3,2" ten="273,383,394,0" oya="1" hai0="115,37,35,56,53,62,121,89,126,111,132,49,130" hai1="119,73,80,70,79,69,76,51,34,112,93,125,47" hai2="77,128,113,36,66,58,59,74,110,48,3,135,133" hai3=""/><U65/><E119/><V85/><F3/><T114/><N who="0" m="31008" /><T63/><D37/><U129/><E112/><V96/><F36/><T95/><D126/><U55/><E125/><V118/><F74/><T38/><D38/><U46/><E129/><V33/><F118/><T105/><D105/><U100/><E79/><V91/><F113/><T60/><D130/><U40/><E34/><V124/><F33/><T0/><D0/><U39/><E65/><V98/><F128/><T92/><D35/><U67/><E67/><V84/><F124/><T101/><D132/><N who="2" m="50762" /><F110/><T43/><D43/><U97/><AGARI ba="1,0" hai="39,40,46,47,51,55,69,70,73,76,80,93,97,100" machi="97" ten="30,1000,0" yaku="0,1" doraHai="2" who="1" fromWho="1" sc="273,-6,383,12,394,-6,0,0" /><INIT seed="1,2,0,5,0,69" ten="267,395,388,0" oya="1" hai0="66,49,107,131,130,114,82,126,79,45,106,38,80" hai1="75,116,96,104,83,62,134,133,81,53,97,37,117" hai2="113,73,120,132,55,72,58,1,101,118,110,41,112" hai3=""/><U32/><E32/><V59/><N who="2" m="30752" /><V98/><F1/><T70/><D114/><N who="2" m="44138" /><F118/><N who="1" m="45673" /><E37/><V88/><F132/><N who="1" m="50793" /><E75/><N who="2" m="28747" /><F41/><T121/><N who="0" m="31008" /><T93/><D126/><U119/><N who="1" m="45681" /><U129/><DORA hai="52" /><E129/><N who="0" m="49161" /><D38/><U47/><E47/><V56/><F88/><T84/><D93/><U46/><E46/><V102/><F110/><T39/><D80/><N who="1" m="30795" /><E104/><V85/><F85/><T99/><D39/><U128/><E128/><V2/><F2/><T35/><D35/><U109/><E109/><V123/><N who="2" m="31520" /><V125/><F125/><T95/><D106/><U48/><E48/><V54/><F98/><T44/><D49/><U92/><E92/><V103/><AGARI ba="2,0" hai="54,55,56,58,59,101,102,103" m="31520,28747,44138,30752" machi="103" ten="40,12000,3" yaku="28,2,11,1,52,5" doraHai="69,52" who="2" fromWho="2" sc="267,-42,395,-82,388,124,0,0" /><INIT seed="2,0,0,2,0,81" ten="225,313,512,0" oya="2" hai0="47,38,82,102,42,121,123,85,62,73,122,104,61" hai1="115,117,79,40,74,43,66,46,130,32,100,91,92" hai2="111,35,55,76,56,68,89,96,128,52,75,132,133" hai3=""/><V78/><F35/><T0/><N who="0" m="31008" /><T98/><N who="0" m="31264" /><T58/><N who="0" m="31520" /><T83/><D0/><U72/><E32/><V135/><F68/><T127/><D127/><U95/><E115/><V3/><F3/><T125/><D125/><U110/><E110/><V53/><F111/><T2/><D2/><U114/><E114/><V94/><F128/><T108/><D108/><U63/><E130/><V131/><F131/><T33/><D33/><U109/><E109/><V54/><REACH who="2" step="1"/><F75/><REACH who="2" ten="225,313,502,0" step="2"/><T70/><D70/><U97/><E74/><V49/><AGARI ba="0,1" hai="49,52,53,54,55,56,76,78,89,94,96,132,133,135" machi="49" ten="40,8000,1" yaku="1,1,2,1,0,1,20,1,54,1,53,0" doraHai="81" doraHaiUra="41" who="2" fromWho="2" sc="225,-40,313,-40,502,90,0,0" /><INIT seed="2,1,0,3,0,35" ten="185,273,592,0" oya="2" hai0="68,130,56,109,113,52,59,55,100,127,107,36,119" hai1="74,120,101,49,69,57,110,96,70,125,82,65,64" hai2="39,99,134,87,51,71,50,33,112,93,102,86,54" hai3=""/><V92/><F33/><T60/><D119/><U2/><N who="1" m="30752" /><U135/><E135/><V40/><F112/><T89/><D113/><U108/><E125/><V117/><F134/><T128/><D127/><U66/><E2/><V133/><F133/><T75/><D109/><N who="1" m="42091" /><E74/><V88/><F117/><T132/><D132/><U114/><E114/><V91/><F71/><N who="1" m="27145" /><E82/><V111/><F111/><T116/><D116/><U63/><E49/><V76/><F76/><T104/><D75/><U1/><E1/><V121/><N who="2" m="31008" /><V78/><F78/><T62/><D36/><U47/><E47/><V90/><F39/><T53/><D68/><U46/><E46/><V77/><F77/><T97/><D104/><AGARI ba="1,0" hai="57,63,64,65,66,96,101,104" m="27145,42091,30752" machi="104" ten="30,2000,0" yaku="14,1,52,1" doraHai="35" who="1" fromWho="0" sc="185,-22,273,22,592,0,0,0" /><INIT seed="4,0,0,4,0,51" ten="163,295,592,0" oya="0" hai0="100,56,105,32,126,108,40,134,131,90,92,116,3" hai1="122,64,1,125,59,78,38,91,45,70,71,118,109" hai2="2,124,79,74,94,61,127,67,85,49,135,83,101" hai3=""/><T36/><RYUUKYOKU type="yao9" ba="0,0" sc="163,0,295,0,592,0,0,0" hai0="3,32,36,40,56,90,92,100,105,108,116,126,131,134" /><INIT seed="4,1,0,0,5,89" ten="163,295,592,0" oya="0" hai0="113,36,101,65,47,49,125,105,37,44,60,35,88" hai1="58,75,104,92,67,64,135,32,73,98,90,61,95" hai2="51,119,39,84,62,121,70,56,111,83,33,133,42" hai3=""/><T3/><D35/><U108/><E32/><V2/><N who="2" m="31008" /><V54/><F111/><T132/><D3/><U68/><E135/><V120/><N who="2" m="30752" /><V106/><F106/><T69/><D132/><U91/><E104/><V66/><F119/><T80/><D125/><U126/><E126/><V48/><F51/><T85/><D113/><U87/><REACH who="1" step="1"/><E108/><REACH who="1" ten="163,285,592,0" step="2"/><V123/><N who="2" m="31520" /><V1/><F133/><T94/><D105/><U117/><E117/><V116/><F33/><T112/><D112/><U81/><E81/><V124/><F116/><T96/><REACH who="0" step="1"/><D47/><REACH who="0" ten="153,285,592,0" step="2"/><U128/><E128/><V63/><F124/><T129/><D129/><U55/><E55/><AGARI ba="1,2" hai="36,37,44,49,55,60,65,69,80,85,88,94,96,101" machi="55" ten="30,11600,0" yaku="1,1,7,1,52,1,54,1,53,0" doraHai="89" doraHaiUra="127" who="0" fromWho="1" sc="153,138,285,-118,592,0,0,0" /><INIT seed="4,2,0,2,2,56" ten="291,167,592,0" oya="0" hai0="47,124,3,69,73,55,42,117,63,49,66,81,52" hai1="103,79,53,54,68,119,118,2,111,93,110,126,58" hai2="113,87,61,0,43,101,134,46,32,120,115,135,102" hai3=""/><T88/><D3/><U50/><E2/><V130/><N who="2" m="30752" /><V125/><F0/><T109/><D117/><N who="1" m="44555" /><E79/><V112/><F32/><T41/><D124/><U116/><N who="1" m="44563" /><U51/><DORA hai="38" /><E93/><V83/><F125/><T57/><D109/><N who="1" m="41483" /><E103/><N who="2" m="39435" /><F61/><T105/><D105/><U90/><E90/><V67/><F67/><T85/><REACH who="0" step="1"/><D73/><REACH who="0" ten="281,167,592,0" step="2"/><U37/><E126/><V132/><F132/><T45/><D45/><U98/><E98/><V39/><F135/><T131/><D131/><U1/><E1/><V86/><F134/><T106/><D106/><U80/><E80/><V96/><F130/><T107/><D107/><U74/><E74/><V121/><N who="2" m="31008" /><V71/><F83/><T33/><D33/><U48/><E68/><V82/><F82/><T72/><D72/><U62/><E37/><V129/><F129/><T100/><D100/><U92/><E92/><V65/><F96/><T89/><D89/><U76/><E76/><V133/><F133/><T108/><D108/><U59/><AGARI ba="2,1" hai="48,50,51,53,54,58,59,62" m="41483,44563" machi="59" ten="50,4800,0" yaku="34,2,52,1" doraHai="56,38" who="1" fromWho="1" sc="281,-34,167,62,592,-18,0,0" /><INIT seed="5,0,0,1,5,86" ten="247,229,574,0" oya="1" hai0="107,132,61,115,35,121,104,62,67,33,74,113,55" hai1="46,96,94,43,2,71,64,98,32,81,77,54,48" hai2="60,50,73,47,135,102,119,127,75,133,89,76,106" hai3=""/><U57/><E2/><V93/><F119/><T91/><N who="0" m="31008" /><T1/><D1/><U38/><E32/><N who="0" m="12361" /><D74/><U114/><E114/><N who="0" m="43529" /><D132/><N who="2" m="50762" /><F127/><T111/><D111/><U68/><E64/><V42/><F76/><T88/><D55/><U120/><N who="1" m="30752" /><U108/><E108/><V109/><F109/><T65/><D67/><U90/><REACH who="1" step="1"/><E98/><REACH who="1" ten="247,219,574,0" step="2"/><V72/><F106/><N who="0" m="40490" /><D61/><U112/><E112/><V85/><F60/><T36/><D36/><U97/><E97/><V116/><F116/><T103/><D103/><AGARI ba="0,1" hai="42,47,50,72,73,75,85,89,93,102,103" m="50762" machi="103" ten="40,2600,0" yaku="20,1,52,1" doraHai="86" who="2" fromWho="0" sc="247,-26,219,0,574,36,0,0" /><INIT seed="6,0,0,0,5,100" ten="221,219,610,0" oya="2" hai0="69,118,110,43,61,52,45,131,133,112,50,70,134" hai1="86,33,66,115,78,88,48,56,59,117,37,79,85" hai2="49,38,122,39,124,72,128,36,54,130,42,123,87" hai3=""/><V62/><N who="2" m="31264" /><V129/><N who="2" m="31520" /><V46/><F72/><T34/><D34/><U60/><E33/><V125/><F87/><T75/><D75/><U90/><E115/><V64/><F54/><T0/><D0/><U121/><N who="1" m="31008" /><U135/><E135/><N who="0" m="51721" /><D110/><U53/><E117/><V106/><F106/><T132/><D118/><U68/><E37/><V116/><F116/><T97/><D132/><U57/><E86/><V103/><F103/><T76/><D112/><U94/><REACH who="1" step="1"/><E90/><REACH who="1" ten="221,209,610,0" step="2"/><V58/><AGARI ba="0,1" hai="36,38,39,42,46,49,58,62,64,124,125,128,129,130" m="31520,31264" machi="58" ten="40,12000,2" yaku="0,1,19,1,34,3,52,2" doraHai="100" who="2" fromWho="2" sc="221,-60,209,-60,610,130,0,0" owari="161,-24.0,149,-45.0,740,69.0,0,0.0" /></mjloggm>