<mjloggm ver="2.3"><GO type="225" lobby="0"/><UN n0="%E3%83%AD%E3%83%9C%E3%82%B3%E3%83%97" n1="%E5%BE%80%E5%B9%B4%E3%81%AE%E3%82%B4%E3%83%AA%E3%83%A9" n2="%62%69%67%6D%6F%75%74%68" n3="%E3%81%95%E3%81%8D%E3%81%9F%E3%81%BE%E6%9E%97%E6%AA%8E" dan="16,16,16,16" rate="2129.83,2105.85,2107.78,2117.27" sx="M,M,M,M"/><TAIKYOKU oya="0"/><INIT seed="0,0,0,2,4,94" ten="250,250,250,250" oya="0" hai0="80,58,31,28,111,18,1,49,116,59,127,63,101" hai1="106,77,62,47,3,22,0,46,102,26,110,51,67" hai2="30,124,135,115,50,48,33,112,98,100,131,60,10" hai3="23,133,42,68,84,43,104,96,88,86,9,75,108"/><T70/><D116/><U83/><E110/><V15/><F135/><W93/><G68/><T21/><D1/><U25/><E25/><V14/><F131/><W129/><G129/><T53/><D111/><U20/><E20/><V103/><F124/><W57/><G108/><T66/><D127/><U8/><E8/><V69/><F103/><W114/><G114/><T7/><D7/><U87/><E47/><V92/><F15/><W126/><G75/><T61/><D101/><U73/><E73/><V40/><F30/><W34/><G34/><T132/><D132/><U134/><E134/><V128/><F33/><W12/><G126/><T90/><D90/><U2/><E106/><V89/><F128/><W118/><G118/><T36/><D80/><U65/><E62/><V122/><F122/><W74/><G74/><T72/><D72/><U99/><E102/><V85/><F40/><N who="3" m="15403" /><G133/><T45/><D36/><U44/><E3/><V35/><F35/><W54/><G23/><T81/><D81/><U39/><E83/><V29/><F115/><W11/><G104/><T6/><D6/><U119/><E39/><V52/><F112/><W37/><G37/><T19/><D70/><U16/><E2/><V32/><F69/><W17/><G9/><T97/><D97/><U120/><E99/><V130/><F130/><W117/><G117/><T64/><D18/><U4/><E4/><N who="2" m="3399" /><F32/><W107/><G107/><T91/><D91/><U71/><E71/><V121/><F121/><W27/><G27/><AGARI ba="0,0" hai="19,21,27,28,31,45,49,53,58,59,61,63,64,66" machi="27" ten="30,5800,0" yaku="7,1,9,1,8,1" doraHai="94" who="0" fromWho="3" sc="250,58,250,0,250,0,250,-58" /><INIT seed="0,1,0,2,2,47" ten="308,250,250,192" oya="0" hai0="81,101,22,133,29,120,54,0,83,16,75,78,98" hai1="112,100,104,27,79,97,102,127,45,26,66,9,71" hai2="61,39,122,59,69,30,51,14,91,48,21,116,7" hai3="55,32,93,53,34,128,13,118,40,43,134,42,11"/><T23/><D120/><U4/><E127/><V15/><F122/><W2/><G118/><T10/><D133/><U82/><E102/><V108/><F39/><W56/><G134/><T36/><D36/><U119/><E119/><V52/><F116/><W94/><G128/><T131/><D131/><U57/><E71/><V38/><F38/><W111/><G111/><T130/><D130/><U86/><E112/><V76/><F108/><W90/><G2/><T70/><D70/><U1/><E45/><V37/><F37/><W99/><G34/><T107/><D83/><U110/><E110/><V109/><F109/><W67/><G32/><T64/><D64/><U8/><E8/><N who="2" m="4383" /><F69/><W106/><G106/><T68/><D68/><U3/><E3/><V117/><F117/><W129/><G129/><T33/><D54/><U113/><E113/><V19/><F76/><W41/><N who="3" m="10240" /><DORA hai="24" /><W5/><REACH who="3" step="1"/><G94/><REACH who="3" ten="308,250,250,182" step="2"/><T65/><D0/><U88/><E1/><V6/><F6/><W114/><G114/><T135/><D135/><U103/><E4/><V74/><F74/><W17/><G17/><T58/><D33/><U124/><E104/><V92/><F30/><W132/><G132/><T35/><D35/><U72/><E72/><V20/><F20/><W50/><G50/><T115/><D115/><U49/><E49/><V62/><F62/><AGARI ba="1,1" hai="5,11,13,53,55,56,62,67,90,93,99" m="10240" machi="62" ten="50,6400,0" yaku="1,1,8,1,53,1" doraHai="47,24" doraHaiUra="85,28" who="3" fromWho="2" sc="308,0,250,0,250,-67,182,77" /><INIT seed="1,0,0,1,4,41" ten="308,250,183,259" oya="1" hai0="80,133,104,19,7,123,21,12,87,23,75,0,88" hai1="114,56,35,42,32,121,66,91,38,18,122,47,3" hai2="70,101,10,110,96,6,134,34,109,4,28,62,129" hai3="98,90,82,71,131,85,113,130,43,51,135,95,5"/><U16/><E3/><V125/><F125/><W73/><G71/><T55/><D133/><U84/><E114/><V124/><F124/><W79/><G5/><T53/><D123/><U120/><E66/><V64/><F134/><W20/><G20/><T127/><D127/><U26/><E56/><V54/><F129/><N who="3" m="49163" /><G135/><T49/><D104/><U63/><E63/><V27/><F54/><W78/><G43/><T1/><D7/><U89/><E89/><V119/><F119/><W112/><G51/><T61/><D75/><U30/><REACH who="1" step="1"/><E32/><REACH who="1" ten="308,240,183,259" step="2"/><V115/><F115/><N who="3" m="44107" /><G79/><T77/><D77/><U37/><E37/><V9/><F6/><W36/><G36/><T94/><D1/><U11/><E11/><N who="2" m="4107" /><F4/><W116/><G116/><T50/><D0/><U83/><AGARI ba="0,1" hai="16,18,26,30,35,38,42,47,83,84,91,120,121,122" machi="83" ten="30,12000,1" yaku="1,1,0,1,52,1,54,1,53,1" doraHai="41" doraHaiUra="76" who="1" fromWho="1" sc="308,-40,240,130,183,-40,259,-40" /><INIT seed="1,1,0,0,0,74" ten="268,370,143,219" oya="1" hai0="129,50,76,130,65,12,106,83,54,7,109,128,110" hai1="81,37,114,115,46,107,62,101,4,125,86,131,9" hai2="92,6,91,133,57,87,118,67,32,5,51,35,48" hai3="78,16,59,2,38,108,30,75,100,8,25,42,31"/><U63/><E131/><V43/><F118/><W89/><G108/><T34/><D34/><U49/><E37/><V14/><F133/><W23/><G100/><T122/><D106/><U93/><E107/><V39/><F39/><W104/><G104/><T45/><D122/><U84/><E125/><V135/><F135/><W72/><G72/><T97/><D97/><U66/><E101/><V41/><F35/><W134/><G89/><T21/><D65/><U36/><E36/><V33/><F33/><W77/><G59/><T123/><D123/><U40/><E93/><V3/><F3/><W28/><G134/><T0/><D0/><U15/><E86/><V119/><F119/><W90/><G90/><T27/><D12/><U17/><E17/><V80/><F32/><N who="3" m="20495" /><G75/><N who="0" m="43423" /><D7/><U113/><REACH who="1" step="1"/><E66/><REACH who="1" ten="268,360,143,219" step="2"/><V1/><F92/><W99/><G99/><T120/><D120/><U60/><E60/><V73/><F73/><W132/><G132/><T127/><D127/><U116/><E116/><V79/><F1/><W70/><G38/><T61/><D61/><U71/><E71/><V98/><F67/><W124/><G70/><T52/><D110/><U13/><E13/><V102/><F102/><W10/><G124/><T55/><D109/><U69/><E69/><V47/><F14/><N who="3" m="9623" /><G10/><T94/><D94/><U126/><E126/><V88/><F98/><W58/><G8/><T24/><D24/><U96/><E96/><V19/><F19/><AGARI ba="1,1" hai="19,21,27,45,50,52,54,55,128,129,130" m="43423" machi="19" ten="30,3900,0" yaku="19,1,52,1,54,1" doraHai="74" who="0" fromWho="2" sc="268,52,360,0,143,-42,219,0" /><INIT seed="2,0,0,4,2,20" ten="320,360,101,219" oya="2" hai0="78,127,97,133,117,41,64,126,31,43,100,108,5" hai1="82,102,131,44,93,103,14,85,109,33,87,38,80" hai2="8,7,40,15,11,129,1,45,96,39,81,35,92" hai3="95,113,49,52,98,13,135,47,124,71,60,125,22"/><V58/><F129/><W99/><G113/><T24/><D108/><U84/><E109/><V101/><F35/><W104/><G135/><T48/><D133/><U23/><E33/><V68/><F58/><W9/><G104/><T27/><D117/><U4/><E131/><V63/><F81/><W17/><G9/><T76/><D64/><U74/><E74/><V88/><F63/><W25/><G13/><T119/><D119/><U66/><E66/><V91/><REACH who="2" step="1"/><F68/><REACH who="2" ten="320,360,91,219" step="2"/><W67/><REACH who="3" step="1"/><G99/><REACH who="3" ten="320,360,91,209" step="2"/><T94/><D97/><U61/><E80/><V123/><F123/><W19/><G19/><AGARI ba="0,2" hai="1,7,8,11,15,19,39,40,45,88,91,92,96,101" machi="19" ten="30,5800,0" yaku="1,1,7,1,54,1,53,0" doraHai="20" doraHaiUra="73" who="2" fromWho="3" sc="320,0,360,0,91,78,209,-58" /><INIT seed="2,1,0,0,2,123" ten="320,360,169,151" oya="2" hai0="104,92,80,50,35,89,118,83,110,91,66,101,107" hai1="9,90,70,129,27,46,60,58,106,65,100,85,44" hai2="53,82,15,14,40,45,16,117,11,2,86,77,133" hai3="120,62,38,52,8,49,29,121,114,105,96,63,54"/><V95/><F117/><W20/><G114/><T126/><D35/><U61/><E129/><V134/><F53/><W72/><G72/><T135/><D118/><U10/><E106/><V56/><F56/><W64/><G38/><T57/><D135/><N who="2" m="51722" /><F95/><W28/><G8/><T73/><D66/><U102/><E70/><V109/><F15/><W94/><G105/><T48/><D57/><U39/><E61/><V55/><F55/><N who="3" m="21035" /><G121/><T18/><D18/><U130/><E130/><V119/><F119/><W113/><G113/><T112/><D112/><U23/><E100/><V68/><F68/><W41/><G120/><T3/><D3/><U1/><E102/><V6/><F109/><W88/><G64/><T127/><D101/><U0/><E0/><V125/><F125/><W116/><G116/><T81/><D92/><U98/><E1/><V5/><F2/><W51/><G41/><T108/><D81/><U17/><E98/><V19/><F5/><W26/><G29/><T93/><D93/><U42/><E46/><V128/><F128/><W25/><G25/><T59/><D59/><U78/><E44/><V132/><N who="2" m="51730" /><V111/><DORA hai="97" /><F111/><W24/><G24/><T74/><AGARI ba="1,0" hai="48,50,73,74,80,83,89,91,104,107,108,110,126,127" machi="74" ten="25,8000,1" yaku="0,1,22,2,52,2" doraHai="123,97" who="0" fromWho="0" sc="320,83,360,-21,169,-41,151,-21" /><INIT seed="3,0,0,0,4,4" ten="403,339,128,130" oya="3" hai0="62,32,37,84,95,80,13,7,33,56,94,115,3" hai1="102,36,24,72,100,5,17,107,61,104,91,29,21" hai2="43,133,106,121,78,111,135,1,63,69,39,103,86" hai3="93,119,57,6,120,134,26,128,116,77,47,59,0"/><W35/><G120/><T74/><D74/><U73/><E36/><V127/><F1/><W71/><G71/><T46/><D3/><U85/><E61/><V23/><F121/><W109/><G77/><T112/><D33/><U52/><E5/><V51/><F39/><W9/><G93/><T83/><D32/><U105/><E29/><V88/><F78/><W92/><G92/><T53/><D83/><U122/><E52/><V22/><F111/><W54/><G47/><T10/><D37/><U67/><E67/><N who="2" m="41215" /><F127/><W89/><G109/><T60/><D46/><U31/><E31/><V124/><F124/><W123/><G123/><T65/><D95/><U70/><E70/><V125/><F125/><W55/><G35/><T66/><D94/><U48/><E73/><V99/><F51/><N who="3" m="30943" /><G26/><T40/><D40/><U82/><E72/><V34/><F34/><W87/><G128/><T45/><D45/><U132/><E48/><V49/><F49/><N who="3" m="31215" /><G119/><T16/><D7/><U129/><E129/><V79/><F79/><W113/><G113/><N who="0" m="43595" /><D60/><U28/><E122/><V20/><F43/><W11/><G116/><T18/><D18/><U19/><E19/><V110/><F110/><W30/><G30/><T90/><AGARI ba="0,0" hai="10,13,16,53,56,62,65,66,80,84,90" m="43595" machi="90" ten="30,4000,0" yaku="11,1,52,1,54,1" doraHai="4" who="0" fromWho="0" sc="403,40,339,-10,128,-10,130,-20" owari="443,54.0,329,13.0,118,-28.0,110,-39.0" /></mjloggm>