<mjloggm ver="2.3"><GO type="169" lobby="0"/><UN n0="%E7%99%BD%E9%AB%AA%E9%AC%BC" n1="%E3%81%B7%E3%83%BC%E3%82%84%E3%82%93" n2="%E7%99%BD%E3%83%90%E3%83%A9%E3%82%B3%E3%83%BC%E3%83%92%E3%83%BC" n3="%48%61%63%68%69%6E%61%6C" dan="17,16,16,16" rate="2160.25,2063.54,2071.39,2031.64" sx="M,M,M,M"/><TAIKYOKU oya="0"/><INIT seed="0,0,0,0,4,52" ten="250,250,250,250" oya="0" hai0="13,1,70,120,103,118,62,28,66,71,23,93,76" hai1="104,123,15,97,11,63,64,3,7,32,8,128,91" hai2="54,0,110,83,48,29,39,69,109,81,27,25,106" hai3="126,14,9,34,124,112,18,65,121,40,127,94,4"/><T107/><D1/><U135/><E123/><V24/><F39/><W84/><G40/><T82/><D120/><U102/><E128/><V80/><F0/><W125/><G121/><T30/><D107/><U96/><E135/><V5/><F5/><W90/><G112/><T57/><D118/><U129/><E32/><V33/><F106/><W87/><N who="3" m="31744" /><DORA hai="6" /><W20/><G34/><T60/><D28/><U26/><E26/><V85/><F85/><W111/><G111/><T46/><D46/><U41/><E41/><V16/><F69/><W98/><REACH who="3" step="1"/><G65/><REACH who="3" ten="250,250,250,240" step="2"/><T12/><D70/><U22/><E129/><V122/><F122/><W133/><G133/><T53/><D30/><U88/><E96/><V51/><F110/><W117/><G117/><T73/><D23/><U115/><E115/><V38/><F109/><W77/><G77/><T59/><D71/><U19/><E22/><V67/><F67/><W50/><G50/><T35/><D35/><U45/><E45/><V100/><F51/><W108/><G108/><T119/><D119/><U43/><E43/><V99/><F29/><W10/><G10/><T79/><D79/><U56/><AGARI ba="0,1" hai="3,7,8,11,15,19,56,63,64,88,91,97,102,104" machi="56" ten="20,12000,2" yaku="0,1,7,1,52,3,54,1" doraHai="52,6" who="1" fromWho="1" sc="250,-60,250,130,250,-30,240,-30" /><INIT seed="1,0,0,1,0,93" ten="190,380,220,210" oya="1" hai0="0,48,135,60,12,9,54,72,122,83,31,33,106" hai1="77,104,107,131,87,91,100,37,99,127,50,24,41" hai2="29,67,88,30,111,116,43,123,17,52,44,7,79" hai3="36,13,55,14,113,5,1,114,21,109,49,32,69"/><U108/><E37/><V47/><F116/><W84/><G36/><T86/><D72/><U125/><E41/><V124/><F123/><W115/><G32/><T16/><D122/><U129/><E50/><V96/><F111/><W4/><G69/><T73/><D73/><U132/><E24/><V133/><F133/><W15/><G109/><T20/><D106/><U27/><E27/><V82/><F124/><N who="1" m="47689" /><E77/><V62/><F7/><W25/><G84/><T134/><D60/><U45/><E45/><N who="2" m="17483" /><F67/><W2/><G49/><T66/><D66/><U98/><E108/><V11/><F11/><W90/><G90/><T65/><D65/><U61/><E61/><V58/><F17/><N who="3" m="12463" /><G55/><T35/><D54/><U85/><E132/><N who="0" m="50729" /><D48/><U89/><E89/><V18/><F18/><W120/><G120/><T51/><D51/><U38/><E38/><V95/><F43/><W126/><G126/><T3/><D86/><AGARI ba="0,0" hai="29,30,52,58,62,79,82,86,88,95,96" m="17483" machi="86" ten="30,7700,0" yaku="8,1,52,1,54,2" doraHai="93" who="2" fromWho="0" sc="190,-77,380,0,220,77,210,0" /><INIT seed="2,0,0,3,1,41" ten="113,380,297,210" oya="2" hai0="85,103,96,11,0,32,15,22,77,4,21,51,121" hai1="7,127,76,58,42,82,67,84,27,16,66,101,95" hai2="44,118,38,98,2,59,93,116,25,43,117,17,100" hai3="9,72,107,55,3,115,65,90,125,36,19,31,47"/><V69/><F2/><W60/><G107/><T128/><D121/><U104/><E127/><V126/><F69/><W102/><G102/><T88/><D32/><U106/><E42/><V124/><F25/><W24/><G125/><T45/><D128/><U5/><E104/><V56/><F17/><W10/><G10/><T75/><D0/><U111/><E106/><V97/><F59/><W50/><G72/><T63/><D63/><N who="1" m="38263" /><E67/><V83/><F98/><W81/><G115/><T28/><D75/><U105/><E105/><V110/><F110/><W119/><G36/><T57/><D57/><U6/><E111/><V53/><REACH who="2" step="1"/><F83/><REACH who="2" ten="113,380,287,210" step="2"/><W71/><G3/><T80/><D28/><U34/><E16/><V29/><F29/><W61/><G31/><T87/><D96/><N who="1" m="59551" /><E34/><V135/><F135/><W46/><G71/><T133/><D133/><U13/><E27/><V131/><F131/><W73/><G24/><T30/><D30/><U33/><E33/><V37/><F37/><W48/><G19/><T130/><D130/><U91/><E13/><V134/><F134/><W79/><G81/><N who="0" m="49263" /><D103/><U99/><E99/><V123/><F123/><W20/><G9/><T86/><D85/><N who="1" m="48327" /><E7/><V1/><F1/><W26/><G73/><T74/><D74/><U8/><E8/><V70/><F70/><W114/><G26/><T39/><D39/><U23/><E23/><V49/><AGARI ba="0,1" hai="38,43,44,49,53,56,93,97,100,116,117,118,124,126" machi="49" ten="40,7800,0" yaku="1,1,0,1,52,1,53,0" doraHai="41" doraHaiUra="12" who="2" fromWho="2" sc="113,-26,380,-26,287,88,210,-26" /><INIT seed="2,1,0,5,5,37" ten="87,354,375,184" oya="2" hai0="89,67,57,108,38,59,132,49,135,18,45,51,106" hai1="123,114,105,103,27,12,96,63,52,28,88,116,11" hai2="71,1,73,22,29,125,41,15,68,92,53,72,42" hai3="129,46,74,97,111,40,69,85,70,3,80,91,47"/><V54/><F1/><W31/><G3/><T77/><D106/><U16/><E114/><V9/><F125/><W107/><G111/><T128/><D77/><U109/><E109/><V82/><F92/><W87/><G129/><T30/><D30/><U43/><E116/><V121/><F121/><W124/><G124/><T120/><D108/><U83/><E123/><V119/><F119/><W104/><G74/><T98/><D120/><U61/><E43/><V5/><F68/><W90/><G31/><T99/><D128/><U2/><E2/><V101/><F101/><W35/><G35/><T112/><D112/><U78/><E88/><V4/><F71/><W0/><G0/><T94/><D38/><U95/><E105/><V26/><F4/><W134/><G134/><T36/><D36/><U81/><E52/><V113/><F113/><W25/><G25/><T19/><D67/><U44/><E44/><V33/><F33/><W24/><G24/><T117/><D117/><U122/><E122/><V64/><F64/><W131/><G131/><T10/><D10/><U8/><E8/><V23/><F23/><W60/><G97/><T48/><D45/><N who="3" m="16905" /><G60/><N who="1" m="23114" /><E78/><V58/><F54/><W17/><G104/><T6/><D6/><U127/><E127/><V34/><F34/><W39/><G107/><T56/><REACH who="0" step="1"/><D98/><REACH who="0" ten="77,354,375,184" step="2"/><U110/><E110/><V32/><F32/><W75/><G39/><T126/><D126/><U86/><E86/><V55/><F53/><W102/><G85/><T50/><N who="0" m="12288" /><DORA hai="118" /><T130/><D130/><U133/><E133/><AGARI ba="1,1" hai="18,19,56,57,59,89,94,99,132,133,135" m="12288" machi="133" ten="60,3900,0" yaku="1,1,20,1,53,0" doraHai="37,118" doraHaiUra="62,76" who="0" fromWho="1" sc="77,52,354,-42,375,0,184,0" /><INIT seed="3,0,0,2,1,110" ten="129,312,375,184" oya="3" hai0="44,48,121,62,12,70,39,113,72,93,78,66,58" hai1="103,76,20,77,86,29,134,126,79,98,46,108,111" hai2="92,4,11,61,88,107,71,130,115,28,133,84,57" hai3="5,17,13,75,15,120,6,74,112,26,21,34,27"/><W42/><G42/><T68/><D121/><U52/><E134/><V36/><F107/><W9/><G75/><T124/><D78/><U67/><E67/><V128/><F36/><W123/><G74/><T33/><D33/><U60/><E126/><V65/><F28/><N who="3" m="19743" /><G112/><T135/><D72/><U114/><E114/><V3/><F133/><W118/><G118/><T104/><D104/><U127/><E127/><V87/><F115/><W89/><G89/><T117/><D135/><U22/><E86/><V50/><F71/><W30/><G120/><T106/><D106/><U32/><E32/><V53/><REACH who="2" step="1"/><F87/><REACH who="2" ten="129,312,365,184" step="2"/><W35/><G123/><T41/><D113/><U125/><E125/><V95/><F95/><W37/><G37/><T45/><D124/><U69/><E69/><V1/><F1/><W23/><G35/><T131/><D93/><U47/><E108/><V81/><F81/><W122/><G122/><T56/><D117/><U8/><E111/><V54/><F54/><W94/><G94/><T24/><D131/><U132/><E132/><V40/><F40/><W63/><G63/><N who="0" m="38247" /><D12/><U83/><E60/><V99/><F99/><W80/><G80/><T19/><D24/><U7/><E83/><V73/><F73/><W25/><G25/><T10/><D70/><U38/><E98/><V49/><F49/><W0/><G0/><T85/><D85/><U105/><E38/><V91/><F91/><W2/><G2/><T96/><D68/><U116/><E76/><V109/><F109/><W16/><AGARI ba="0,1" hai="5,6,9,13,15,16,17,21,23,26,30" m="19743" machi="16" ten="30,18000,2" yaku="35,5,54,1" doraHai="110" who="3" fromWho="3" sc="129,-60,312,-60,365,-60,184,190" /><INIT seed="3,1,0,4,4,91" ten="69,252,305,374" oya="3" hai0="70,84,121,29,133,89,122,33,79,125,18,132,85" hai1="37,107,83,6,30,106,49,78,57,93,86,36,46" hai2="20,5,102,88,35,100,13,111,10,116,71,129,14" hai3="43,97,22,99,117,63,51,56,47,73,80,41,27"/><W96/><G117/><T98/><D70/><U39/><E6/><V108/><F116/><W61/><G43/><T58/><D33/><U128/><E128/><V38/><F71/><W118/><G118/><T28/><D58/><U1/><E1/><V17/><F35/><W75/><G63/><T76/><D18/><U11/><E11/><V101/><F38/><W77/><G75/><T120/><D125/><U40/><E30/><V9/><F129/><W26/><REACH who="3" step="1"/><G22/><REACH who="3" ten="69,252,305,364" step="2"/><T74/><D74/><U95/><REACH who="1" step="1"/><E57/><REACH who="1" ten="69,242,305,364" step="2"/><V130/><F130/><W12/><G12/><T45/><D45/><U87/><E87/><N who="0" m="33353" /><D28/><U24/><E24/><V103/><N who="2" m="25600" /><DORA hai="81" /><V32/><F32/><W90/><G90/><T104/><D29/><U54/><E54/><AGARI ba="1,2" hai="26,27,41,47,51,54,56,61,73,77,80,96,97,99" machi="54" ten="40,12000,1" yaku="1,1,53,3" doraHai="91,81" doraHaiUra="127,92" who="3" fromWho="1" sc="69,0,242,-123,305,0,364,143" /><INIT seed="3,2,0,5,0,69" ten="69,119,305,507" oya="3" hai0="52,134,110,51,3,116,40,53,30,118,34,97,7" hai1="10,93,98,44,75,49,125,39,4,120,65,82,2" hai2="61,57,22,89,117,87,67,1,112,35,85,128,24" hai3="18,133,83,105,80,33,14,73,113,46,81,88,108"/><W63/><G113/><T127/><D110/><U21/><E120/><V32/><F117/><W60/><G33/><T42/><D3/><U16/><E125/><V74/><F74/><W103/><G108/><T131/><D7/><U38/><E65/><V100/><F1/><W76/><G133/><T102/><D127/><U47/><E82/><V48/><F128/><W84/><G83/><T68/><D68/><U20/><E75/><V119/><F119/><W9/><REACH who="3" step="1"/><G46/><REACH who="3" ten="69,119,305,497" step="2"/><T126/><D126/><U78/><E47/><V54/><F112/><W79/><G79/><T122/><D134/><U27/><E78/><V104/><F32/><W101/><G101/><T8/><D118/><U0/><E0/><V29/><F89/><W50/><G50/><T45/><D116/><U92/><E49/><V66/><F35/><W96/><AGARI ba="2,1" hai="9,14,18,60,63,73,76,80,81,84,88,96,103,105" machi="96" ten="30,11700,0" yaku="1,1,0,1,54,1,53,1" doraHai="69" doraHaiUra="94" who="3" fromWho="3" sc="69,-41,119,-41,305,-41,497,133" /><INIT seed="3,3,0,0,0,51" ten="28,78,264,630" oya="3" hai0="5,112,79,116,3,37,101,35,10,22,65,44,15" hai1="23,67,0,134,87,18,63,6,40,81,108,49,129" hai2="110,32,9,30,66,58,69,126,54,118,21,20,103" hai3="38,31,115,70,96,107,113,56,11,109,128,47,84"/><W120/><G31/><T77/><D116/><U27/><E108/><V19/><F118/><W61/><G70/><T132/><D132/><U114/><E114/><V106/><F69/><W34/><G34/><T45/><D112/><U64/><E129/><V119/><F66/><W122/><G109/><T24/><D65/><U93/><E134/><V33/><F126/><W72/><G72/><T133/><D133/><U105/><E105/><V48/><F9/><W76/><G128/><T53/><D101/><U94/><E0/><V68/><F68/><W36/><G11/><T71/><D71/><U62/><E6/><V55/><F21/><W57/><G57/><T95/><D37/><U1/><E1/><V117/><F110/><W12/><G12/><T4/><D4/><U135/><E135/><V130/><F130/><W74/><G74/><T59/><D95/><N who="1" m="36363" /><E64/><V43/><F32/><W13/><G113/><T73/><D73/><U28/><E67/><V8/><F33/><W41/><G38/><T131/><D131/><U52/><E40/><V124/><F43/><W123/><G115/><T42/><D35/><U85/><E28/><V83/><F30/><W99/><G107/><T111/><D3/><U17/><E18/><V39/><F19/><W86/><G36/><N who="0" m="21575" /><D45/><N who="1" m="27695" /><E85/><V7/><F117/><W2/><G2/><T75/><D75/><U104/><E104/><V127/><F106/><W80/><G86/><T16/><D111/><U78/><AGARI ba="3,0" hai="17,23,27,62,63,78,81,87" m="27695,36363" machi="78" ten="30,4000,0" yaku="8,1,52,1,54,1" doraHai="51" who="1" fromWho="1" sc="28,-13,78,49,264,-13,630,-23" /><INIT seed="4,0,0,3,4,126" ten="15,127,251,607" oya="0" hai0="90,81,64,97,109,13,30,20,96,52,120,27,6" hai1="121,4,119,41,9,8,79,99,77,83,7,39,40" hai2="94,36,87,44,62,1,82,71,108,104,61,58,65" hai3="113,22,23,98,51,66,5,46,102,12,33,14,106"/><T37/><D120/><U101/><E119/><V26/><F108/><W92/><G33/><T110/><D37/><U59/><E39/><V3/><F104/><W75/><G75/><T28/><D28/><U70/><E70/><V55/><F94/><W73/><G73/><T50/><D64/><U68/><E68/><V72/><F72/><W45/><G113/><T85/><D110/><U43/><E59/><V103/><F103/><W57/><G106/><T111/><D111/><U115/><E121/><V74/><F74/><W63/><G46/><T17/><D6/><N who="1" m="2091" /><E83/><V24/><F1/><W100/><G100/><T134/><D134/><U133/><E115/><V80/><F3/><W78/><G78/><N who="1" m="29706" /><E133/><V135/><F135/><W132/><G132/><T18/><D109/><U127/><E127/><V21/><F87/><W125/><G125/><T54/><D54/><U107/><AGARI ba="0,0" hai="8,9,40,41,43,99,101,107" m="29706,2091" machi="107" ten="30,2000,0" yaku="26,2" doraHai="126" who="1" fromWho="1" sc="15,-10,127,20,251,-5,607,-5" /><INIT seed="5,0,0,4,3,130" ten="5,147,246,602" oya="1" hai0="99,124,101,116,64,58,93,100,63,25,56,44,110" hai1="75,7,54,40,81,35,65,74,43,127,125,120,12" hai2="47,135,36,104,31,113,37,102,83,129,79,90,1" hai3="39,57,3,9,59,118,19,13,131,71,5,111,16"/><U52/><E120/><V21/><F1/><W107/><G111/><T106/><D110/><U22/><E35/><V62/><F129/><W69/><G131/><T68/><D116/><U18/><E65/><V134/><F90/><W88/><G39/><T89/><D124/><N who="1" m="47691" /><E7/><V85/><F113/><W48/><G107/><T84/><D101/><U28/><E28/><V105/><F62/><W87/><G118/><T27/><D44/><U80/><E80/><V29/><F102/><W112/><G112/><T115/><D115/><U98/><E98/><V15/><F15/><W92/><G19/><T6/><D6/><U91/><E91/><V82/><F82/><W61/><G48/><T55/><D68/><U122/><E81/><V117/><F117/><W70/><G59/><T51/><AGARI ba="0,0" hai="25,27,51,55,56,58,63,64,84,89,93,99,100,106" machi="51" ten="20,1500,0" yaku="0,1,7,1" doraHai="130" who="0" fromWho="0" sc="5,15,147,-7,246,-4,602,-4" /><INIT seed="6,0,0,3,4,14" ten="20,140,242,598" oya="2" hai0="0,39,40,64,56,57,5,116,6,17,85,101,38" hai1="135,54,117,63,105,61,41,111,66,73,18,110,114" hai2="47,124,68,108,24,36,16,113,99,121,3,128,129" hai3="2,96,130,133,44,1,51,45,106,19,62,25,115"/><V26/><F68/><W119/><G119/><T29/><D29/><U95/><E105/><V42/><F3/><W104/><G62/><T30/><D30/><U77/><E77/><V83/><F121/><W65/><G65/><T81/><D116/><U34/><E73/><V72/><F99/><W60/><G60/><T59/><D101/><U92/><E34/><V32/><F32/><W67/><G67/><T88/><D64/><U27/><E27/><V98/><F98/><W50/><G96/><T48/><D0/><U97/><E97/><V78/><F113/><W69/><G69/><T7/><D40/><U109/><E41/><V52/><F124/><W79/><G79/><T134/><D48/><U120/><E117/><V82/><F82/><W100/><G115/><T87/><D134/><U74/><E74/><V31/><F31/><W46/><G133/><T35/><D35/><U93/><E120/><V118/><F118/><W49/><G130/><N who="2" m="50281" /><F52/><W55/><G55/><T89/><REACH who="0" step="1"/><D17/><REACH who="0" ten="10,140,242,598" step="2"/><U10/><E18/><V22/><F108/><W102/><G19/><T71/><D71/><U90/><E135/><V4/><F4/><W11/><G2/><T127/><D127/><U94/><E114/><V126/><F126/><W86/><G1/><T103/><D103/><U132/><E66/><V15/><AGARI ba="0,1" hai="15,16,22,24,26,36,42,47,72,78,83" m="50281" machi="15" ten="30,6000,0" yaku="19,1,52,1,54,1" doraHai="14" who="2" fromWho="2" sc="10,-20,140,-20,242,70,598,-20" owari="-10,-51.0,120,-28.0,312,11.0,578,68.0" /></mjloggm>