<mjloggm ver="2.3"><GO type="185" lobby="0"/><UN n0="%E6%96%B0%E4%B8%96%E7%95%8C%E3%81%AE%E7%B4%99" n1="%EF%BC%AA%EF%BD%95%EF%BD%87%EF%BD%8F" n2="%E9%AC%BC" n3="" dan="17,16,17,0" rate="2266.29,2229.15,2278.25,1500.00" sx="F,M,F,C"/><TAIKYOKU oya="0"/><INIT seed="0,0,0,5,2,135" ten="350,350,350,0" oya="0" hai0="74,3,102,124,80,73,67,85,109,38,84,106,57" hai1="107,59,114,40,46,94,117,82,65,75,34,131,69" hai2="103,129,58,50,111,133,100,45,123,32,108,120,63" hai3=""/><T90/><D3/><U44/><E107/><V52/><N who="2" m="30752" /><V105/><N who="2" m="31520" /><V92/><F32/><T77/><D38/><U134/><E117/><V55/><F133/><T51/><D109/><N who="2" m="42058" /><F105/><T88/><D124/><U54/><E134/><V36/><F129/><T33/><D33/><U118/><E118/><V91/><F36/><T47/><D57/><U98/><E131/><V93/><F93/><T126/><D67/><U128/><E34/><V95/><F95/><T1/><D1/><U121/><N who="1" m="31008" /><U115/><E128/><V83/><F83/><T2/><D126/><U53/><E69/><V42/><F42/><T130/><D2/><U122/><N who="1" m="31264" /><U112/><E82/><V64/><F64/><T110/><D110/><U71/><E75/><V132/><F132/><T56/><D56/><U104/><E104/><V101/><F101/><T116/><D116/><U60/><E53/><V79/><F79/><T72/><D130/><U76/><E76/><V39/><F39/><T96/><REACH who="0" step="1"/><D85/><AGARI ba="0,0" hai="45,50,52,55,58,63,85,91,92,100,103" m="42058,31520,30752" machi="85" ten="30,7700,0" yaku="14,1,52,2,54,1" doraHai="135" who="2" fromWho="0" sc="350,-77,350,0,350,77,0,0" /><INIT seed="1,0,0,4,2,110" ten="273,350,427,0" oya="1" hai0="54,106,114,131,91,52,33,56,38,46,108,122,112" hai1="77,105,63,98,128,55,88,116,58,2,0,73,74" hai2="134,96,104,51,103,49,126,71,95,82,59,94,133" hai3=""/><U47/><E116/><V60/><F71/><T119/><N who="0" m="31264" /><T89/><D108/><U62/><E128/><V129/><F129/><T64/><D131/><U44/><E105/><V61/><F82/><T68/><D33/><U39/><E39/><V93/><F126/><T101/><D119/><U50/><E74/><V45/><F61/><T37/><D64/><U53/><E73/><V85/><F85/><T92/><D68/><U86/><E77/><V41/><REACH who="2" step="1"/><F51/><REACH who="2" ten="273,350,417,0" step="2"/><T135/><D38/><U78/><E0/><V125/><F125/><T65/><D37/><U36/><E2/><V72/><F72/><T121/><D121/><U70/><E36/><V81/><F81/><T67/><D114/><U32/><E70/><V80/><F80/><T34/><D112/><U127/><E127/><V35/><F35/><T124/><D34/><U42/><E32/><V113/><F113/><T117/><D124/><U115/><E115/><V130/><F130/><T118/><D118/><U75/><E75/><V66/><AGARI ba="0,1" hai="41,45,49,59,60,66,93,94,95,96,103,104,133,134" machi="66" ten="30,6000,1" yaku="1,1,0,1,53,3" doraHai="110" doraHaiUra="90" who="2" fromWho="2" sc="273,-20,350,-40,417,70,0,0" /><INIT seed="2,0,0,3,5,45" ten="253,310,487,0" oya="2" hai0="112,1,133,125,65,54,90,64,85,119,130,109,99" hai1="102,118,87,52,78,41,55,97,72,70,38,131,73" hai2="94,44,105,129,33,75,81,43,134,49,96,2,123" hai3=""/><V37/><N who="2" m="31520" /><V135/><F33/><T80/><D119/><U82/><E131/><V115/><F115/><T127/><D1/><U40/><E118/><V50/><F105/><T51/><D130/><U34/><E34/><V86/><F75/><T83/><D112/><U98/><E73/><V93/><F93/><T111/><D99/><U32/><E32/><V76/><F2/><T77/><D133/><N who="2" m="50698" /><F129/><T121/><N who="0" m="31008" /><T53/><D77/><U58/><E70/><V103/><AGARI ba="0,0" hai="37,43,44,49,50,76,81,86,94,96,103" m="50698,31520" machi="103" ten="30,7800,0" yaku="20,1,52,3" doraHai="45" who="2" fromWho="2" sc="253,-39,310,-39,487,78,0,0" /><INIT seed="2,1,0,1,0,57" ten="214,271,565,0" oya="2" hai0="112,92,135,105,69,119,97,77,102,59,94,80,72" hai1="78,66,96,93,117,49,133,132,110,60,86,45,65" hai2="52,48,116,33,106,74,44,121,50,85,103,41,64" hai3=""/><V107/><N who="2" m="31008" /><V90/><F116/><T124/><D119/><U76/><E117/><V35/><F74/><T70/><D124/><U111/><E49/><V51/><F51/><T91/><D135/><N who="1" m="51787" /><E45/><V42/><F64/><T131/><D131/><U58/><E66/><V104/><F103/><T47/><D112/><U120/><N who="1" m="30752" /><U1/><E1/><V101/><F101/><T84/><D47/><U123/><N who="1" m="31520" /><U109/><E86/><V89/><F50/><T108/><D108/><N who="1" m="27651" /><U125/><DORA hai="126" /><E125/><V56/><F44/><T81/><REACH who="0" step="1"/><D59/><REACH who="0" ten="204,271,565,0" step="2"/><U95/><E95/><AGARI ba="1,1" hai="69,70,72,77,80,81,84,91,92,94,95,97,102,105" machi="95" ten="40,5200,0" yaku="1,1,2,1,53,1" doraHai="57,126" doraHaiUra="32,87" who="0" fromWho="1" sc="204,64,271,-54,565,0,0,0" /><INIT seed="4,0,0,2,5,42" ten="268,217,565,0" oya="0" hai0="130,48,54,37,71,34,70,78,98,119,49,105,99" hai1="77,135,2,84,87,0,109,111,120,40,123,65,127" hai2="1,106,62,74,94,89,52,38,85,122,60,129,32" hai3=""/><T76/><D119/><U75/><N who="1" m="30752" /><U131/><N who="1" m="31520" /><U134/><E65/><V63/><F32/><T93/><D34/><U56/><E56/><V67/><F129/><T57/><D37/><U44/><E75/><V35/><F1/><N who="1" m="617" /><E77/><V39/><F74/><T113/><D130/><U124/><E131/><V61/><F106/><T80/><D113/><U51/><E87/><V36/><F35/><T92/><D105/><U81/><E84/><V91/><F91/><T53/><REACH who="0" step="1"/><D57/><REACH who="0" ten="258,217,565,0" step="2"/><U103/><E81/><AGARI ba="0,1" hai="48,49,53,54,70,71,76,78,80,81,92,93,98,99" machi="81" ten="25,9600,0" yaku="1,1,2,1,22,2,53,0" doraHai="42" doraHaiUra="102" who="0" fromWho="1" sc="258,106,217,-96,565,0,0,0" /><INIT seed="4,1,0,5,5,122" ten="364,121,565,0" oya="0" hai0="78,109,52,35,94,131,132,61,64,87,47,39,73" hai1="98,128,82,133,79,76,110,33,2,127,41,89,77" hai2="93,37,126,92,135,66,0,81,68,88,117,95,108" hai3=""/><T102/><D35/><U112/><E33/><V72/><F37/><T55/><D132/><U46/><E2/><V71/><F0/><T40/><D131/><U36/><E128/><V105/><F105/><T65/><D65/><U121/><N who="1" m="31008" /><U38/><E112/><V107/><F107/><T130/><D130/><U58/><E133/><V75/><F126/><T106/><D73/><U83/><E127/><V96/><F68/><T104/><D104/><U56/><E38/><V60/><F117/><T118/><D118/><U74/><E110/><V116/><F108/><T84/><D106/><U34/><E34/><V50/><F75/><T111/><D111/><U90/><E79/><V32/><F32/><T1/><D1/><U134/><E134/><V59/><F116/><T125/><D125/><U67/><E67/><V53/><F135/><T80/><D109/><U54/><E98/><V113/><F113/><T63/><D63/><U97/><E97/><V100/><F72/><T3/><D3/><U57/><REACH who="1" step="1"/><E54/><REACH who="1" ten="364,111,565,0" step="2"/><V44/><F71/><T70/><D87/><AGARI ba="1,1" hai="36,41,46,56,57,58,74,76,77,82,83,87,89,90" m="31008" machi="87" ten="40,5200,0" yaku="1,1,2,1,52,1,53,0" doraHai="122" doraHaiUra="114" who="1" fromWho="0" sc="364,-54,111,64,565,0,0,0" /><AGARI ba="1,0" hai="44,50,53,59,60,66,81,87,88,92,93,95,96,100" machi="87" ten="40,2600,0" yaku="8,1,54,1" doraHai="122" who="2" fromWho="0" sc="310,-26,175,0,565,26,0,0" /><INIT seed="5,0,0,2,5,71" ten="284,175,591,0" oya="1" hai0="58,42,132,83,112,62,101,89,44,54,131,51,97" hai1="79,57,92,102,127,0,76,35,100,81,36,46,84" hai2="2,33,86,32,108,50,113,75,47,69,120,43,34" hai3=""/><U118/><E35/><V41/><F75/><T126/><D112/><U129/><E0/><V91/><F108/><T53/><D126/><U63/><E118/><V77/><F2/><T52/><D132/><U121/><N who="1" m="31008" /><U107/><E107/><V93/><F77/><T39/><D131/><U130/><E127/><V109/><F109/><T55/><D89/><U104/><E104/><V90/><F69/><T124/><D83/><U73/><E79/><V38/><F113/><T128/><D128/><N who="1" m="49259" /><E92/><V59/><N who="2" m="30752" /><V37/><F91/><T60/><REACH who="0" step="1"/><D124/><REACH who="0" ten="274,175,591,0" step="2"/><U87/><E102/><V123/><N who="2" m="31520" /><V1/><F1/><T74/><D74/><U49/><E100/><V72/><F72/><T68/><D68/><U64/><E36/><V65/><F37/><T117/><D117/><U103/><E103/><V98/><F34/><T80/><D80/><U40/><AGARI ba="0,1" hai="40,46,49,57,63,64,73,76,81,84,87" m="49259,31008" machi="40" ten="30,2000,0" yaku="19,1,52,1" doraHai="71" who="1" fromWho="1" sc="274,-10,175,30,591,-10,0,0" /><INIT seed="5,1,0,1,5,126" ten="264,205,581,0" oya="1" hai0="123,1,97,56,50,48,103,104,87,84,132,110,90" hai1="55,92,112,63,57,135,70,2,113,53,46,106,107" hai2="39,41,118,94,54,99,38,83,3,37,67,71,40" hai3=""/><U128/><E2/><V125/><F125/><T100/><N who="0" m="31520" /><T121/><N who="0" m="31008" /><T77/><D1/><U62/><E135/><V76/><F118/><T72/><D110/><U79/><E79/><V33/><F33/><T64/><D132/><U69/><E92/><V45/><F54/><N who="1" m="20489" /><E57/><V47/><F3/><T59/><D100/><U95/><E95/><V124/><F124/><T35/><D35/><U117/><E117/><V65/><F71/><N who="1" m="27145" /><E46/><V109/><F94/><T91/><D72/><U75/><E75/><V119/><F119/><T78/><D103/><U108/><E108/><V73/><F109/><T131/><D97/><U60/><E128/><V74/><F74/><T36/><D64/><U114/><AGARI ba="1,0" hai="60,62,63,106,107,112,113,114" m="27145,20489" machi="114" ten="40,5200,0" yaku="28,2,15,1" doraHai="126" who="1" fromWho="1" sc="264,-27,205,54,581,-27,0,0" /><INIT seed="5,2,0,1,2,85" ten="237,259,554,0" oya="1" hai0="62,129,50,114,43,49,110,118,76,45,119,93,86" hai1="40,124,61,65,33,95,34,132,101,89,77,103,63" hai2="113,81,111,78,87,107,1,91,75,3,96,134,104" hai3=""/><U59/><E132/><V117/><F111/><T37/><D110/><U122/><N who="1" m="31264" /><U54/><E124/><V42/><F134/><T80/><D114/><U36/><E77/><V102/><F107/><T135/><D135/><U116/><E116/><N who="0" m="44585" /><D129/><U123/><N who="1" m="31520" /><U2/><E2/><V47/><F113/><T35/><D35/><U79/><E79/><V88/><F91/><T121/><N who="0" m="31008" /><T57/><D93/><U100/><E40/><V55/><F55/><AGARI ba="2,0" hai="37,43,45,49,50,55,57,62,76,80,86" m="31008,44585" machi="55" ten="30,2000,0" yaku="12,1,52,1" doraHai="85" who="0" fromWho="2" sc="237,24,259,0,554,-24,0,0" /><INIT seed="6,0,0,0,3,116" ten="261,259,530,0" oya="2" hai0="62,115,55,93,119,129,117,113,94,51,71,41,110" hai1="69,75,80,63,114,101,85,96,88,112,108,45,0" hai2="36,76,42,48,118,91,65,90,73,77,97,86,100" hai3=""/><V134/><F65/><T111/><D129/><U57/><E108/><N who="0" m="41513" /><D93/><U33/><E33/><V68/><F48/><T79/><D94/><U87/><E0/><V56/><F56/><T72/><D79/><U35/><E35/><V39/><F68/><T81/><D81/><U102/><E69/><V125/><F125/><T78/><D78/><U131/><E75/><V107/><F42/><T99/><D99/><U67/><E45/><V122/><N who="2" m="31264" /><V123/><N who="2" m="31520" /><V64/><F64/><T106/><D106/><U52/><E131/><V126/><F126/><T60/><D72/><U43/><E43/><V3/><F3/><T103/><D103/><U53/><E102/><V83/><F118/><N who="0" m="45066" /><D41/><U47/><E87/><V37/><F91/><T89/><D89/><U49/><REACH who="1" step="1"/><E67/><REACH who="1" ten="261,249,530,0" step="2"/><V128/><F128/><T44/><D71/><U32/><E32/><V61/><F73/><T95/><D95/><AGARI ba="0,1" hai="47,49,52,53,57,63,80,85,88,95,96,101,112,114" machi="95" ten="40,8000,1" yaku="1,1,54,2,53,1" doraHai="116" doraHaiUra="58" who="1" fromWho="0" sc="261,-80,249,90,530,0,0,0" owari="181,-42.0,339,-6.0,530,48.0,0,0.0" /></mjloggm>