<mjloggm ver="2.3"><GO type="169" lobby="0"/><UN n0="%E3%81%97%E3%82%8D%E3%81%9F%E3%82%93%E3%81%8C%E3%81%84%E3%81%84%E3%81%8A" n1="%E8%8F%8A%E7%94%B0%E5%84%AA%E4%B8%80%E9%83%8E" n2="%52%45%49%4E%E6%A3%AE%E4%B9%85%E4%BF%9D%50" n3="%E9%B4%A8%E8%91%B1%E5%A4%AA%E9%83%8E" dan="16,16,16,17" rate="2159.44,2035.01,2126.52,2176.73" sx="M,M,M,M"/><TAIKYOKU oya="0"/><INIT seed="0,0,0,1,2,77" ten="250,250,250,250" oya="0" hai0="42,8,97,38,53,116,28,20,124,88,56,13,44" hai1="111,112,108,121,59,49,89,45,51,1,131,99,83" hai2="64,43,35,117,18,30,40,4,60,39,62,66,79" hai3="134,26,54,80,22,46,87,103,90,120,127,0,78"/><T27/><D124/><U47/><E121/><V16/><F4/><W85/><G0/><T109/><D109/><N who="1" m="42059" /><E1/><V41/><F39/><W15/><G15/><T100/><D116/><U104/><E131/><V14/><F117/><W19/><G120/><T72/><D72/><U70/><E70/><V55/><F35/><W65/><G65/><N who="2" m="25193" /><F79/><W2/><G2/><T17/><D88/><U96/><E112/><V118/><F118/><W93/><G127/><T33/><D33/><U61/><E61/><N who="2" m="23659" /><F30/><W21/><G21/><T128/><D128/><U130/><E130/><V52/><F14/><W58/><G46/><N who="1" m="17418" /><E59/><V37/><F37/><W92/><G134/><T123/><D123/><U29/><E29/><V82/><F82/><N who="3" m="49527" /><G103/><T74/><D74/><U94/><E83/><V34/><F34/><W126/><G126/><T119/><D119/><U50/><E104/><V6/><F6/><W105/><G105/><T107/><D56/><U129/><E129/><V36/><F36/><W3/><G3/><T57/><D57/><U67/><E67/><V122/><F122/><W69/><G69/><T63/><D63/><AGARI ba="0,0" hai="19,22,26,54,58,63,78,80,85,92,93" m="49527" machi="63" ten="30,3900,0" yaku="8,1,52,2" doraHai="77" who="3" fromWho="0" sc="250,-39,250,0,250,0,250,39" /><INIT seed="1,0,0,4,4,6" ten="211,250,250,289" oya="1" hai0="118,81,114,82,76,85,5,89,62,74,0,31,67" hai1="50,65,125,77,12,10,105,96,14,61,28,80,48" hai2="60,22,73,135,19,71,57,39,42,115,55,43,69" hai3="75,90,109,108,86,123,117,91,107,4,46,124,94"/><U131/><E131/><V133/><F73/><W29/><G29/><T13/><D118/><U122/><E122/><V134/><F19/><W37/><G123/><T121/><D121/><U30/><E125/><V53/><F22/><W32/><G32/><T128/><D128/><U11/><E105/><V120/><F120/><W54/><G107/><T72/><D114/><U51/><E96/><V33/><F33/><W40/><G75/><T88/><D0/><U2/><E2/><V16/><F16/><W15/><G117/><T26/><D72/><U92/><E92/><V3/><F3/><W78/><G54/><N who="2" m="20489" /><F115/><W95/><G78/><T116/><D116/><U110/><E110/><V23/><F23/><W93/><G124/><T126/><D126/><U98/><E98/><V56/><F39/><W41/><G41/><N who="2" m="15369" /><F60/><W44/><G44/><T27/><D31/><N who="1" m="11819" /><E80/><V58/><AGARI ba="0,0" hai="56,57,58,69,71,133,134,135" m="15369,20489" machi="58" ten="40,8000,1" yaku="28,2,20,1,34,2" doraHai="6" who="2" fromWho="2" sc="211,-20,250,-40,250,80,289,-20" /><INIT seed="2,0,0,2,2,38" ten="191,210,330,269" oya="2" hai0="57,63,43,35,61,96,58,78,8,114,37,93,2" hai1="124,20,102,77,9,48,10,83,82,24,33,87,0" hai2="45,4,132,52,1,59,95,130,47,123,72,19,89" hai3="119,49,15,135,110,14,13,116,73,109,3,68,134"/><V115/><F123/><W66/><G73/><T30/><D114/><U99/><E124/><V16/><F72/><W122/><G49/><T31/><D78/><U120/><E33/><V118/><F115/><W128/><G66/><T125/><D125/><U17/><E120/><V23/><F118/><N who="3" m="45099" /><G68/><T79/><D79/><U107/><E83/><V91/><F132/><N who="3" m="50731" /><G122/><T41/><D35/><U40/><REACH who="1" step="1"/><E0/><REACH who="1" ten="191,200,330,269" step="2"/><V86/><F1/><W65/><G3/><T74/><D2/><U28/><E28/><V101/><F130/><W34/><G65/><T105/><D31/><U6/><E6/><V85/><F4/><W121/><G121/><T103/><D30/><U46/><AGARI ba="0,1" hai="9,10,17,20,24,40,46,48,77,82,87,99,102,107" machi="46" ten="30,4000,0" yaku="1,1,0,1,52,1,53,0" doraHai="38" doraHaiUra="50" who="1" fromWho="1" sc="191,-10,200,50,330,-20,269,-10" /><INIT seed="3,0,0,0,4,50" ten="181,250,310,259" oya="3" hai0="97,75,2,15,134,34,112,113,55,70,22,94,100" hai1="89,1,64,117,54,83,29,126,45,108,82,35,119" hai2="121,116,0,38,6,20,13,107,59,123,66,90,129" hai3="31,4,46,37,26,28,16,80,76,18,130,125,17"/><W95/><G130/><T104/><D34/><U92/><E1/><V10/><F38/><W111/><G125/><T58/><D2/><U49/><E108/><V7/><F107/><W14/><G111/><T67/><D75/><U42/><E126/><V115/><F116/><N who="1" m="44617" /><E64/><V114/><F90/><W57/><G95/><T120/><D120/><N who="2" m="46154" /><F59/><W40/><G57/><T25/><D15/><U61/><E29/><V27/><F66/><W102/><G102/><T12/><D12/><U85/><E35/><V43/><F43/><W133/><G133/><T68/><D134/><U109/><E109/><V98/><F98/><W127/><G127/><T41/><D41/><U128/><E128/><V23/><F129/><W62/><G62/><T131/><D131/><U19/><E19/><N who="2" m="10351" /><F7/><W47/><G47/><T135/><D104/><U91/><E89/><V106/><F106/><W5/><G31/><AGARI ba="0,0" hai="0,6,10,23,27,31,114,115" m="10351,46154" machi="31" ten="30,3900,0" yaku="13,1,34,2" doraHai="50" who="2" fromWho="3" sc="181,0,250,0,310,39,259,-39" /><INIT seed="4,0,0,0,4,47" ten="181,250,349,220" oya="0" hai0="75,106,35,9,78,86,23,115,6,38,111,51,135" hai1="54,70,25,8,29,89,126,107,96,18,44,129,123" hai2="62,93,59,77,92,40,116,65,3,52,100,94,21" hai3="14,2,64,121,128,24,120,117,7,69,28,5,102"/><T104/><D38/><U19/><E123/><V95/><F3/><W108/><G117/><T33/><D115/><U103/><E129/><V67/><F116/><W71/><G108/><T85/><D111/><U50/><E126/><V82/><F40/><W4/><G2/><T84/><D135/><U105/><E105/><V133/><F133/><W32/><G128/><T131/><D131/><U81/><E8/><V46/><F46/><W43/><G43/><T30/><D23/><U88/><E70/><V134/><F134/><W53/><G14/><T83/><D51/><U109/><E109/><V91/><F21/><W1/><G1/><T37/><D37/><U15/><E15/><V0/><F0/><W66/><G102/><T72/><D72/><U45/><E45/><V112/><F112/><W57/><G69/><T36/><D36/><U79/><E18/><V39/><F39/><W132/><G132/><T99/><D99/><U31/><E19/><V55/><F55/><W26/><G26/><N who="0" m="18647" /><D35/><U22/><REACH who="1" step="1"/><E31/><REACH who="1" ten="181,240,349,220" step="2"/><V48/><F100/><W42/><G71/><T10/><D10/><U110/><E110/><V90/><N who="2" m="23552" /><DORA hai="127" /><V34/><F34/><W12/><G12/><N who="0" m="5175" /><D104/><U87/><AGARI ba="0,1" hai="22,25,29,44,50,54,79,81,87,88,89,96,103,107" machi="87" ten="20,8000,1" yaku="1,1,0,1,7,1,52,1,54,1,53,0" doraHai="47,127" doraHaiUra="114,68" who="1" fromWho="1" sc="181,-40,240,90,349,-20,220,-20" /><INIT seed="5,0,0,4,5,31" ten="141,330,329,200" oya="1" hai0="9,47,73,132,46,120,64,123,58,70,0,62,84" hai1="93,129,79,124,28,48,113,96,83,118,57,19,14" hai2="92,115,43,106,67,66,52,15,3,109,105,8,128" hai3="135,127,117,51,4,101,74,60,26,95,112,121,94"/><U114/><E118/><V77/><F109/><W33/><G74/><T40/><D73/><U68/><E68/><V131/><F43/><W16/><G121/><N who="0" m="46667" /><D84/><N who="1" m="48255" /><E129/><N who="2" m="49739" /><F3/><W63/><G117/><T11/><D9/><N who="1" m="6607" /><E124/><V22/><F22/><W133/><G4/><T13/><D13/><U6/><E6/><N who="2" m="3479" /><F115/><N who="1" m="44041" /><E28/><V32/><F92/><W98/><G112/><T75/><D11/><U110/><E110/><V61/><F77/><W90/><G127/><T81/><D81/><U134/><E134/><V20/><F20/><W44/><G133/><T1/><D75/><U34/><E34/><V42/><F32/><W23/><G33/><T10/><D10/><U104/><E104/><N who="2" m="40043" /><F42/><N who="3" m="24983" /><G135/><T45/><D132/><U71/><E71/><V59/><AGARI ba="0,0" hai="52,59,61,66,67" m="40043,3479,49739" machi="59" ten="40,2700,0" yaku="19,1,54,1" doraHai="31" who="2" fromWho="2" sc="141,-7,330,-13,329,27,200,-7" /><INIT seed="6,0,0,2,0,88" ten="134,317,356,193" oya="2" hai0="127,92,25,117,98,27,87,52,22,114,20,83,77" hai1="96,123,133,29,4,9,94,44,89,62,53,124,74" hai2="82,93,109,35,13,91,5,99,24,38,45,51,66" hai3="102,72,84,115,34,119,7,70,6,126,132,122,31"/><V78/><F38/><W55/><G102/><T26/><D127/><U21/><E133/><V14/><F109/><W79/><G84/><T135/><D135/><U105/><E123/><V17/><F66/><W129/><G79/><T60/><D114/><U131/><E131/><V12/><F35/><W40/><G31/><T108/><D108/><U81/><E124/><V42/><F24/><W48/><G48/><T1/><D1/><U23/><E29/><V75/><REACH who="2" step="1"/><F5/><REACH who="2" ten="134,317,346,193" step="2"/><W57/><G7/><T49/><D117/><U8/><E4/><V32/><F32/><W58/><G6/><T85/><D60/><U67/><E62/><V95/><F95/><W30/><G119/><T101/><REACH who="0" step="1"/><D87/><REACH who="0" ten="124,317,346,193" step="2"/><U59/><E74/><V112/><F112/><W100/><G115/><T103/><D103/><U128/><E128/><V19/><AGARI ba="0,2" hai="12,13,14,17,19,42,45,51,75,78,82,91,93,99" machi="19" ten="30,6000,0" yaku="1,1,0,1,52,1,53,0" doraHai="88" doraHaiUra="80" who="2" fromWho="2" sc="124,-20,317,-20,346,80,193,-20" /><INIT seed="6,1,0,3,0,108" ten="104,297,426,173" oya="2" hai0="130,24,87,17,103,36,90,48,10,83,75,63,92" hai1="77,122,39,26,65,27,43,62,127,97,73,71,98" hai2="23,53,68,7,41,50,69,8,52,88,94,31,80" hai3="51,15,18,106,40,107,112,89,70,35,66,74,119"/><V21/><F69/><W100/><G35/><T93/><D36/><U110/><E110/><V32/><F68/><W64/><G74/><T25/><D130/><U5/><E127/><V129/><F80/><W82/><G119/><T131/><D131/><U44/><E122/><V19/><F129/><W128/><G128/><T29/><D75/><U58/><E27/><N who="2" m="16895" /><F32/><W113/><G51/><T105/><D105/><U4/><E26/><N who="2" m="14655" /><F8/><W34/><G40/><T101/><D63/><U6/><E77/><V49/><F7/><W134/><G34/><T16/><D48/><N who="2" m="18538" /><F41/><W109/><G109/><T13/><D29/><U116/><E116/><V135/><F135/><W38/><G38/><T85/><D93/><U42/><E42/><V56/><F56/><W121/><G70/><T104/><D104/><U3/><E73/><V47/><F47/><W115/><G107/><T12/><D25/><U55/><E3/><V67/><F67/><W126/><G126/><T30/><D30/><U57/><E71/><V114/><F114/><W60/><G121/><T72/><D24/><U45/><E45/><V117/><F117/><W14/><G134/><T79/><D72/><U96/><E58/><V61/><F61/><W46/><G46/><T102/><REACH who="0" step="1"/><D13/><REACH who="0" ten="94,297,426,173" step="2"/><U33/><E33/><V84/><AGARI ba="1,1" hai="52,53,84,88,94" m="18538,14655,16895" machi="84" ten="30,6000,0" yaku="8,1,54,2" doraHai="108" who="2" fromWho="2" sc="94,-21,297,-21,426,73,173,-21" /><INIT seed="6,2,0,5,3,69" ten="73,276,499,152" oya="2" hai0="79,8,101,106,37,109,9,35,63,129,45,55,46" hai1="68,114,16,22,84,130,88,62,15,108,56,57,134" hai2="76,96,29,23,47,121,0,51,43,87,12,48,124" hai3="27,54,34,10,71,82,21,89,60,91,94,113,38"/><V133/><F121/><W17/><G34/><T66/><D35/><U127/><E108/><V65/><F0/><W99/><G113/><T103/><D109/><U100/><E134/><V13/><F124/><W122/><G122/><T67/><D129/><U116/><E116/><V25/><F133/><W102/><G71/><T135/><D135/><U11/><E130/><V1/><F1/><W90/><G38/><T59/><D79/><U78/><E78/><V19/><F65/><W85/><G10/><T128/><D128/><U119/><E119/><V72/><F72/><W92/><G92/><T52/><D59/><AGARI ba="2,0" hai="17,21,27,54,59,60,82,85,89,90,91,94,99,102" machi="59" ten="40,1300,0" yaku="8,1" doraHai="69" who="3" fromWho="0" sc="73,-19,276,0,499,0,152,19" /><INIT seed="7,0,0,3,0,29" ten="54,276,499,171" oya="3" hai0="75,4,83,16,107,31,102,13,15,52,49,20,79" hai1="25,69,3,17,126,93,55,101,115,36,48,94,125" hai2="112,64,10,129,114,117,61,30,103,99,108,50,96" hai3="2,18,68,43,58,9,122,72,56,109,77,38,46"/><W111/><G122/><T33/><D33/><U119/><E115/><V44/><F10/><W26/><G68/><T67/><D67/><U60/><E3/><V84/><F30/><W8/><G8/><T131/><D131/><U66/><E36/><V120/><F84/><W92/><G92/><T12/><D31/><U116/><E101/><V106/><F99/><W21/><G56/><T86/><D75/><U62/><E62/><V37/><F37/><W40/><G58/><T27/><D107/><U133/><E17/><V7/><F7/><N who="3" m="1271" /><G43/><T41/><D41/><U24/><E94/><N who="2" m="58775" /><F114/><W71/><G71/><T76/><D102/><U14/><E93/><V118/><F106/><W70/><G70/><T45/><REACH who="0" step="1"/><D4/><REACH who="0" ten="44,276,499,171" step="2"/><U121/><E66/><V97/><F97/><W113/><G113/><T80/><D80/><AGARI ba="0,1" hai="18,21,26,38,40,46,72,77,80,109,111" m="1271" machi="80" ten="30,1500,0" yaku="25,1" doraHai="29" who="3" fromWho="0" sc="44,-15,276,0,499,0,171,25" /><INIT seed="7,1,0,2,3,121" ten="29,276,499,196" oya="3" hai0="31,124,26,56,47,128,20,100,75,106,46,32,61" hai1="10,57,18,74,50,134,126,3,68,49,110,131,40" hai2="39,28,76,108,135,82,58,98,48,95,35,64,99" hai3="36,4,27,114,122,14,127,7,73,41,52,29,16"/><W43/><G73/><T88/><D128/><U5/><E74/><V9/><F39/><W109/><G122/><T65/><D124/><U53/><E68/><V51/><F108/><W94/><G127/><T77/><D77/><U15/><E110/><V11/><F28/><W119/><G119/><T107/><D75/><U23/><E134/><V104/><F35/><W80/><G109/><T17/><D106/><U24/><E131/><V101/><F135/><W83/><G94/><T118/><D118/><U115/><E115/><V84/><F51/><W33/><G114/><T0/><D0/><U45/><E126/><V78/><F78/><W72/><G72/><T22/><D32/><U79/><E79/><V117/><F117/><W12/><G12/><T44/><D107/><U86/><E86/><V37/><F37/><W133/><G133/><T8/><D8/><U111/><E111/><V89/><F64/><W93/><G93/><T97/><D47/><U21/><E21/><V25/><F25/><W19/><G19/><T96/><D96/><U6/><E3/><V91/><F76/><W125/><G125/><T71/><D71/><U102/><E102/><V13/><F13/><W85/><G52/><T130/><D130/><U81/><E81/><N who="3" m="31306" /><G85/><T1/><D1/><U123/><E123/><V120/><F120/><W129/><G129/><T87/><D100/><U59/><E6/><N who="3" m="2090" /><G36/><T66/><D66/><U112/><E112/><V63/><F63/><W103/><G103/><T116/><D116/><U38/><E38/><V132/><F132/><W34/><G34/><T60/><D97/><RYUUKYOKU ba="1,0" sc="29,-30,276,10,499,10,196,10" hai1="5,10,15,18,23,24,40,45,49,50,53,57,59" hai2="9,11,48,58,82,84,89,91,95,98,99,101,104" hai3="14,16,27,29,33,41,43" owari="-1,-50.0,286,9.0,509,60.0,206,-19.0" /></mjloggm>