<mjloggm ver="2.3"><GO type="169" lobby="0"/><UN n0="%E3%83%97%E3%83%AD%E3%83%86%E3%82%A4%E3%83%B3%E5%BE%97%E7%9B%9B" n1="%E3%81%8B%E3%81%A4%E3%81%A9%E3%82%93" n2="%77%61%77%61%33%30%33%30" n3="%74%75%63%6B%62%6F%63%6B" dan="17,17,17,17" rate="2266.29,2215.82,2188.66,2107.72" sx="M,F,M,M"/><TAIKYOKU oya="0"/><INIT seed="0,0,0,3,5,38" ten="250,250,250,250" oya="0" hai0="116,58,1,40,3,13,16,135,129,23,94,83,131" hai1="55,109,82,59,25,130,132,36,106,24,123,51,62" hai2="2,71,34,33,91,12,75,61,76,9,26,19,112" hai3="72,95,67,128,73,126,46,48,31,114,28,124,39"/><T20/><D116/><U119/><E119/><V17/><F112/><W117/><G114/><T125/><D135/><U41/><E123/><V35/><F75/><W11/><G39/><T105/><D105/><U44/><E132/><V81/><F91/><W18/><G117/><T37/><D125/><N who="3" m="48233" /><G67/><T45/><D94/><U89/><E109/><V99/><F99/><W14/><G95/><T6/><D23/><U108/><E108/><V54/><F2/><W102/><G102/><T32/><D32/><U7/><E130/><N who="0" m="49673" /><D6/><U63/><E106/><V134/><F134/><W47/><G128/><T43/><D58/><U88/><E7/><V27/><F71/><W15/><G15/><T107/><D107/><U69/><E69/><V4/><F61/><W103/><G103/><T66/><D66/><U84/><E62/><V80/><F54/><W101/><G101/><T79/><D79/><BYE who="0" /><N who="1" m="46175" /><E36/><UN n0="%E3%83%97%E3%83%AD%E3%83%86%E3%82%A4%E3%83%B3%E5%BE%97%E7%9B%9B" /><V90/><F90/><AGARI ba="0,0" hai="24,25,41,44,51,55,59,63,88,89,90" m="46175" machi="90" ten="30,3900,0" yaku="8,1,52,1,54,1" doraHai="38" who="1" fromWho="2" sc="250,0,250,39,250,-39,250,0" /><INIT seed="1,0,0,1,4,80" ten="250,289,211,250" oya="1" hai0="78,76,51,35,94,118,89,69,1,4,120,38,134" hai1="114,107,55,58,124,42,108,92,77,105,129,115,36" hai2="100,99,73,60,8,22,33,81,40,30,2,13,84" hai3="98,12,128,83,133,62,49,47,103,18,88,130,86"/><U95/><E36/><V91/><F73/><W27/><G133/><T132/><D38/><U48/><E129/><V41/><F2/><W71/><G27/><T67/><D35/><U110/><E42/><V7/><F33/><W57/><G71/><T0/><D118/><U121/><E121/><V79/><F79/><N who="0" m="30250" /><D4/><U68/><E68/><V39/><F39/><W19/><G130/><T104/><D104/><N who="1" m="40011" /><E77/><V106/><REACH who="2" step="1"/><F60/><REACH who="2" ten="250,289,201,250" step="2"/><W119/><G128/><T101/><D120/><U116/><E116/><V15/><F15/><W26/><G26/><AGARI ba="0,1" hai="7,8,13,22,26,30,40,41,81,84,91,99,100,106" machi="26" ten="40,5200,0" yaku="1,1,52,1,53,1" doraHai="80" doraHaiUra="102" who="2" fromWho="3" sc="250,0,289,0,201,62,250,-52" /><INIT seed="2,0,0,3,5,112" ten="250,289,263,198" oya="2" hai0="65,114,101,25,69,23,63,4,54,6,17,68,87" hai1="128,30,132,29,113,34,103,67,80,91,77,45,117" hai2="131,56,40,58,18,9,59,124,107,28,83,109,37" hai3="85,133,72,93,89,8,90,43,130,119,111,123,48"/><V10/><F107/><W62/><G72/><T64/><D114/><U61/><E113/><V122/><F122/><W46/><G123/><T1/><D101/><U135/><E128/><V86/><F131/><W104/><G104/><T97/><D97/><U121/><E121/><V11/><F28/><W13/><G130/><T108/><D108/><U24/><E103/><V38/><F109/><W126/><G111/><T70/><D1/><U84/><E29/><V92/><F124/><W71/><G126/><T96/><D96/><U134/><E45/><V79/><F92/><W20/><G20/><T116/><D116/><U51/><E51/><V26/><REACH who="2" step="1"/><F40/><REACH who="2" ten="250,289,253,198" step="2"/><W78/><G119/><T31/><D31/><U42/><E42/><V88/><F88/><W75/><G90/><T110/><D110/><U19/><E91/><V52/><F52/><W15/><G93/><T118/><D118/><U32/><E117/><V100/><F100/><W22/><G89/><T39/><D54/><U44/><E30/><V27/><F27/><W81/><G43/><T50/><D65/><U66/><E66/><V98/><F98/><W3/><G78/><T5/><D64/><U127/><E127/><V120/><F120/><W53/><G53/><T0/><D25/><U49/><E24/><V12/><F12/><W74/><G13/><T35/><D0/><U16/><E67/><V7/><F7/><W41/><G3/><T55/><D55/><N who="1" m="30119" /><E32/><V94/><F94/><W106/><G106/><T14/><D35/><U73/><E34/><V115/><F115/><W99/><G41/><T76/><D5/><RYUUKYOKU ba="0,1" sc="250,-10,289,-10,253,30,198,-10" hai2="9,10,11,18,26,37,38,56,58,59,79,83,86" /><INIT seed="2,1,1,4,5,59" ten="240,279,283,188" oya="2" hai0="103,42,112,64,5,133,120,43,13,50,75,80,73" hai1="52,66,63,84,47,90,123,11,0,41,107,31,121" hai2="71,26,89,106,72,111,113,1,119,49,35,132,91" hai3="82,74,56,23,97,100,45,3,78,77,36,102,118"/><V60/><RYUUKYOKU type="yao9" ba="1,1" sc="240,0,279,0,283,0,188,0" hai2="1,26,35,49,60,71,72,89,91,106,111,113,119,132" /><INIT seed="2,2,1,5,0,30" ten="240,279,283,188" oya="2" hai0="48,117,112,77,59,51,133,1,36,25,126,12,38" hai1="52,43,17,42,135,110,29,109,111,130,63,106,0" hai2="40,5,94,4,27,101,100,114,32,7,47,121,53" hai3="132,129,72,68,116,37,93,50,62,124,57,20,90"/><V107/><F114/><W33/><G116/><T61/><D1/><U14/><E0/><V22/><F121/><W76/><G37/><N who="0" m="14443" /><D12/><U98/><E130/><V120/><F120/><W118/><G129/><T74/><D25/><U26/><E135/><V24/><F107/><W86/><G132/><T19/><D19/><U54/><E106/><V60/><F40/><N who="1" m="15401" /><E98/><V103/><F32/><W95/><G118/><T21/><D21/><N who="1" m="11447" /><E63/><V64/><F94/><W131/><G95/><T8/><D8/><U35/><AGARI ba="2,1" hai="26,29,35,52,54,109,110,111" m="11447,15401" machi="35" ten="40,5200,0" yaku="14,1,52,1,54,1" doraHai="30" who="1" fromWho="1" sc="240,-15,279,68,283,-28,188,-15" /><INIT seed="3,0,0,3,3,71" ten="225,347,255,173" oya="3" hai0="3,22,90,47,18,12,96,70,33,28,135,86,0" hai1="39,129,29,103,75,8,52,115,2,1,99,11,27" hai2="20,128,105,118,95,113,14,42,132,81,134,35,123" hai3="21,17,68,43,98,56,130,65,55,58,89,38,69"/><W9/><G130/><T46/><D70/><U73/><E115/><V15/><F105/><W126/><G9/><T116/><D116/><U85/><E129/><V114/><F81/><W36/><G126/><T49/><D135/><N who="2" m="51754" /><F95/><N who="3" m="56687" /><G58/><T61/><D96/><U41/><E85/><V78/><F78/><W109/><G65/><T107/><D107/><N who="1" m="63999" /><E52/><V45/><F118/><W26/><G109/><T67/><D33/><N who="1" m="20671" /><E8/><V133/><N who="2" m="51762" /><V77/><DORA hai="53" /><F77/><W72/><G72/><N who="1" m="27722" /><E11/><V112/><F35/><W51/><G51/><T91/><D28/><U6/><E6/><V62/><F128/><W4/><G4/><T57/><D47/><AGARI ba="0,0" hai="1,2,39,41,47" m="27722,20671,63999" machi="47" ten="30,3900,0" yaku="33,2,52,1" doraHai="71,53" who="1" fromWho="0" sc="225,-39,347,39,255,0,173,0" /><INIT seed="4,0,0,5,5,106" ten="186,386,255,173" oya="0" hai0="78,117,118,69,1,130,2,23,58,90,57,122,38" hai1="27,76,54,87,67,51,24,60,86,40,75,12,74" hai2="35,31,109,45,52,129,14,81,96,42,25,132,104" hai3="48,92,113,6,33,105,34,20,114,93,94,17,70"/><T134/><D69/><U16/><E40/><V3/><F109/><W97/><G70/><T7/><D122/><U107/><E107/><V115/><F3/><W112/><G6/><T133/><D38/><U126/><E126/><V101/><F115/><W110/><G110/><T11/><D1/><U28/><E87/><V49/><F132/><N who="0" m="50794" /><D130/><U29/><E86/><V22/><F129/><W47/><G105/><T68/><D68/><U88/><E88/><V64/><F64/><W5/><G5/><T36/><D36/><U0/><E0/><V121/><F121/><W4/><G4/><T41/><D41/><U123/><E123/><V13/><F35/><W108/><G108/><T9/><D9/><U72/><E76/><V84/><REACH who="2" step="1"/><F42/><REACH who="2" ten="186,386,245,173" step="2"/><N who="3" m="24695" /><G97/><T79/><D118/><U37/><E67/><V98/><F98/><W83/><G83/><T39/><D117/><U59/><E54/><V32/><F32/><W19/><G34/><T124/><D2/><U43/><E43/><V8/><F8/><W53/><G33/><T100/><D124/><U102/><E37/><V82/><F82/><W125/><G125/><T63/><D39/><U89/><E51/><V30/><F30/><W103/><G53/><T71/><D11/><U131/><E29/><V77/><AGARI ba="0,1" hai="13,14,22,25,31,45,49,52,77,81,84,96,101,104" machi="77" ten="20,8000,1" yaku="1,1,0,1,7,1,54,1,53,1" doraHai="106" doraHaiUra="95" who="2" fromWho="2" sc="186,-40,386,-20,245,90,173,-20" /><INIT seed="5,0,0,4,1,89" ten="146,366,335,153" oya="1" hai0="50,36,80,67,66,9,91,86,49,41,113,16,23" hai1="85,125,106,95,76,124,115,68,103,130,90,126,56" hai2="47,57,116,134,75,129,0,39,42,81,55,54,53" hai3="12,32,96,31,51,69,107,92,110,104,78,44,100"/><U72/><E68/><V40/><F0/><W77/><G69/><T4/><D36/><U60/><E115/><V105/><F105/><W98/><G110/><T132/><D113/><U37/><E37/><N who="2" m="21903" /><F81/><W58/><G58/><T22/><D22/><U114/><E114/><V1/><F75/><W127/><G127/><T52/><D132/><U82/><E130/><V33/><F1/><W71/><G71/><T62/><D62/><U64/><E103/><V74/><F74/><W65/><G65/><T35/><D35/><U17/><E17/><V28/><F33/><W25/><G12/><N who="0" m="5159" /><D49/><U48/><E48/><N who="2" m="30951" /><F28/><W112/><G112/><T102/><D102/><U94/><E106/><V70/><F129/><W6/><G6/><T59/><D41/><U5/><E5/><V79/><F79/><W128/><G128/><T2/><D2/><U63/><E63/><V133/><F116/><W135/><G135/><N who="2" m="51721" /><F70/><W121/><G107/><T119/><D119/><U131/><E131/><V27/><F27/><AGARI ba="0,0" hai="16,23,27,50,52,59,66,67,80,86,91" m="5159" machi="27" ten="30,3900,0" yaku="8,1,54,2" doraHai="89" who="0" fromWho="2" sc="146,39,366,0,335,-39,153,0" /><INIT seed="6,0,0,3,2,60" ten="185,366,296,153" oya="2" hai0="87,1,53,3,132,57,9,118,81,36,65,113,39" hai1="101,75,80,35,62,98,71,122,108,99,13,124,15" hai2="18,21,120,97,111,31,94,129,5,85,131,69,25" hai3="44,20,134,19,2,64,52,8,128,93,48,109,24"/><V7/><F120/><W55/><G109/><T6/><D1/><U112/><E108/><V40/><F111/><W115/><G128/><T91/><D113/><U51/><E35/><V76/><F40/><W70/><G134/><T77/><D132/><U105/><E112/><V45/><F45/><W121/><G121/><T56/><D118/><U117/><E117/><V123/><F69/><W89/><G115/><T100/><D100/><U133/><E133/><V82/><F123/><W86/><G2/><T4/><D4/><U32/><E32/><V84/><F84/><W28/><G70/><T50/><REACH who="0" step="1"/><D77/><REACH who="0" ten="175,366,296,153" step="2"/><U83/><E101/><V127/><F131/><W92/><G55/><T37/><D37/><U29/><E122/><V38/><F38/><W110/><G110/><T12/><D12/><U46/><E13/><V23/><F129/><W11/><G64/><T116/><D116/><U125/><E15/><N who="2" m="9439" /><F127/><W107/><G107/><T63/><AGARI ba="0,1" hai="3,6,9,36,39,50,53,56,57,63,65,81,87,91" machi="63" ten="30,4000,0" yaku="1,1,0,1,52,1,53,0" doraHai="60" doraHaiUra="66" who="0" fromWho="0" sc="175,50,366,-10,296,-20,153,-10" /><INIT seed="7,0,0,0,4,34" ten="225,356,276,143" oya="3" hai0="61,77,110,74,103,87,24,42,100,36,54,104,1" hai1="76,69,20,70,73,106,130,31,56,118,134,2,57" hai2="131,67,109,83,35,72,95,96,48,55,71,23,51" hai3="63,38,65,125,62,82,49,115,32,89,90,59,68"/><W14/><G32/><T7/><D110/><U127/><E2/><V129/><F35/><W27/><G38/><T25/><D87/><U17/><E106/><V97/><F109/><W12/><G115/><T53/><D61/><U40/><E31/><V41/><F67/><W0/><G0/><T113/><D113/><U108/><E108/><V50/><F71/><W123/><G123/><T92/><D92/><U26/><E40/><V66/><F66/><W94/><G125/><T117/><D117/><U98/><E98/><V39/><F23/><W85/><G49/><T11/><D25/><U119/><E134/><V33/><F33/><W124/><G124/><T86/><D86/><U52/><E130/><N who="2" m="49675" /><F55/><N who="0" m="21002" /><D24/><U79/><E127/><V135/><F135/><W13/><G27/><T107/><D107/><U37/><E37/><V47/><F95/><W122/><G122/><T120/><D104/><U126/><E126/><V128/><F128/><W29/><G29/><T43/><D43/><U121/><E121/><V9/><F9/><W16/><G68/><T105/><D105/><U80/><E70/><V111/><F111/><W8/><REACH who="3" step="1"/><G63/><REACH who="3" ten="225,356,276,133" step="2"/><T3/><D3/><U133/><E69/><V114/><F114/><W21/><G21/><T30/><D30/><U45/><E20/><V28/><F28/><W19/><G19/><T75/><D120/><U84/><E17/><V81/><F50/><W93/><G93/><T102/><D36/><U88/><E26/><V116/><F48/><W112/><G112/><T15/><D1/><U58/><E133/><V91/><F39/><W44/><G44/><RYUUKYOKU ba="0,1" sc="225,-10,356,-10,276,-10,133,30" hai3="8,12,13,14,16,59,62,65,82,85,89,90,94" /><INIT seed="7,1,1,1,4,39" ten="215,346,266,163" oya="3" hai0="123,13,51,59,19,28,46,75,15,4,83,132,113" hai1="117,49,95,27,47,101,7,43,121,122,125,80,87" hai2="127,8,124,96,94,36,21,56,11,86,23,68,88" hai3="79,41,72,52,3,82,58,33,25,116,93,130,64"/><W61/><G116/><T66/><D123/><U10/><E125/><N who="2" m="48203" /><F68/><W69/><G3/><T22/><D132/><U35/><E117/><V85/><F36/><W105/><G130/><T112/><D28/><N who="1" m="19871" /><E95/><V32/><F32/><W97/><G41/><N who="0" m="25039" /><D66/><U70/><E101/><V134/><F134/><W34/><G105/><T129/><D59/><U99/><E99/><V16/><F56/><W100/><REACH who="3" step="1"/><G25/><REACH who="3" ten="215,346,266,153" step="2"/><N who="0" m="14559" /><D129/><U76/><E43/><V89/><F96/><W63/><AGARI ba="1,2" hai="33,34,52,58,61,63,64,69,72,79,82,93,97,100" machi="63" ten="20,7800,0" yaku="1,1,0,1,7,1,54,1,53,0" doraHai="39" doraHaiUra="24" who="3" fromWho="3" sc="215,-27,346,-27,266,-27,153,101" /><INIT seed="7,2,0,2,4,95" ten="188,319,239,254" oya="3" hai0="43,37,11,129,130,40,64,127,49,65,83,107,69" hai1="35,48,80,47,134,38,100,79,110,105,131,26,5" hai2="93,29,6,17,97,116,12,118,18,73,45,91,9" hai3="4,28,56,44,52,46,115,7,106,0,50,70,15"/><W88/><G70/><T122/><D107/><U94/><E110/><V99/><F73/><W101/><G0/><T114/><D83/><U98/><E131/><N who="0" m="50185" /><D122/><U61/><E134/><V78/><F78/><W58/><G115/><T55/><D11/><U104/><E38/><V25/><F45/><N who="3" m="17515" /><G106/><T71/><D114/><U112/><E5/><N who="3" m="2122" /><G101/><T92/><D92/><U87/><E112/><V126/><F126/><W41/><G28/><T133/><D127/><U121/><E121/><V20/><F118/><W30/><G30/><T84/><D84/><U74/><E87/><N who="2" m="52479" /><F116/><W36/><G36/><T72/><D72/><U10/><E104/><V27/><F27/><W57/><G41/><N who="0" m="15947" /><D37/><U117/><E105/><V75/><F75/><W42/><G42/><T90/><D90/><U34/><E117/><V1/><F1/><W81/><G15/><T66/><D133/><U62/><E74/><V33/><F33/><W111/><G111/><T32/><D32/><U60/><E35/><V19/><AGARI ba="2,0" hai="6,9,12,17,18,19,20,25,29,97,99" m="52479" machi="19" ten="30,4000,0" yaku="8,1,52,2" doraHai="95" who="2" fromWho="2" sc="188,-12,319,-12,239,46,254,-22" owari="176,-32.0,307,40.0,285,9.0,232,-17.0" /></mjloggm>