<mjloggm ver="2.3"><GO type="225" lobby="0"/><UN n0="%E3%81%AF%E3%82%88%E3%81%8A%E3%81%98%E3%81%95%E3%82%93" n1="%E3%82%A2%E3%83%BC%E3%83%8E%E3%83%83%E3%83%84" n2="%64%61%7A%61%69" n3="%62%69%67%6D%6F%75%74%68" dan="17,16,16,16" rate="2118.61,2201.08,2109.66,2100.14" sx="M,F,M,M"/><TAIKYOKU oya="0"/><INIT seed="0,0,0,5,4,111" ten="250,250,250,250" oya="0" hai0="62,20,76,85,105,51,127,112,46,66,31,131,94" hai1="47,22,58,81,50,92,124,120,98,118,128,55,93" hai2="102,125,48,91,114,17,45,8,42,49,119,88,33" hai3="121,71,13,100,106,73,19,63,3,54,24,115,130"/><T135/><D105/><U14/><E118/><V6/><F119/><W5/><G3/><T44/><D127/><U122/><E124/><V35/><F125/><W95/><G73/><T108/><D108/><U82/><E128/><V83/><F102/><W59/><G106/><T11/><D131/><U67/><E120/><V61/><F114/><W80/><G130/><T4/><D135/><U64/><E122/><V75/><F61/><W43/><G121/><T74/><D74/><U116/><E116/><V84/><F75/><W97/><G115/><T18/><D31/><U25/><E14/><V132/><F132/><W134/><G134/><T129/><D129/><U30/><E93/><V89/><F49/><W109/><G109/><T1/><D112/><U28/><E28/><V41/><F42/><W39/><G71/><T60/><D51/><U26/><E26/><V10/><F17/><W123/><G123/><T110/><D62/><N who="1" m="38359" /><E64/><V37/><F10/><W36/><G43/><T99/><D85/><U53/><E53/><V126/><F37/><W16/><G24/><N who="0" m="14359" /><D76/><U27/><E27/><V107/><F107/><W21/><G80/><T0/><D0/><U133/><E133/><V70/><F70/><W96/><G96/><T57/><D110/><U103/><AGARI ba="0,0" hai="22,25,30,47,50,55,81,82,92,98,103" m="38359" machi="103" ten="30,2000,0" yaku="25,1,8,1" doraHai="111" who="1" fromWho="1" sc="250,-10,250,20,250,-5,250,-5" /><INIT seed="1,0,0,5,4,74" ten="240,270,245,245" oya="1" hai0="110,103,57,25,12,23,94,53,62,30,78,71,120" hai1="52,68,19,122,37,64,73,65,80,26,59,49,115" hai2="130,46,75,99,42,87,121,41,24,90,101,69,17" hai3="132,134,119,79,54,70,76,123,20,107,11,125,44"/><U34/><E115/><V82/><F121/><W102/><G123/><T28/><D110/><U18/><E122/><V126/><F69/><W22/><G70/><T98/><D71/><U55/><E37/><V29/><F126/><W14/><G125/><T104/><D120/><U16/><E68/><V47/><F130/><W56/><G119/><T15/><D104/><U6/><E6/><V38/><F75/><W84/><G44/><T96/><D96/><U7/><E7/><V58/><F17/><W114/><G114/><T3/><D3/><U105/><E105/><V127/><F58/><W4/><G102/><T21/><REACH who="0" step="1"/><D78/><REACH who="0" ten="230,270,245,245" step="2"/><N who="3" m="29737" /><G107/><T5/><D5/><U111/><E111/><V133/><F127/><W91/><G134/><T39/><D39/><U89/><E73/><V131/><F133/><W61/><G132/><T88/><D88/><U10/><E89/><V63/><F131/><W45/><G45/><T109/><D109/><U128/><E128/><V27/><F101/><W86/><G86/><T92/><D92/><AGARI ba="0,1" hai="4,11,14,20,22,54,56,61,84,91,92" m="29737" machi="92" ten="30,7700,0" yaku="8,1,52,3" doraHai="74" who="3" fromWho="0" sc="230,-77,270,0,245,0,245,87" /><INIT seed="2,0,0,3,0,6" ten="153,270,245,332" oya="2" hai0="17,105,76,10,86,124,103,2,68,87,44,123,20" hai1="47,59,65,117,39,126,64,57,122,5,78,55,46" hai2="80,104,37,125,1,58,66,7,132,131,70,40,91" hai3="24,50,75,77,118,19,13,101,100,43,130,88,114"/><V30/><F104/><W102/><G118/><T69/><D123/><U34/><E34/><V134/><F30/><W108/><G108/><T33/><D33/><U14/><E78/><V56/><F131/><W45/><G130/><T61/><D124/><U115/><E5/><V95/><F125/><W71/><G71/><T113/><D113/><U85/><E85/><V74/><F70/><W26/><G114/><T23/><D69/><U72/><E14/><V93/><F66/><N who="1" m="25705" /><E72/><V36/><F93/><W3/><G3/><T63/><D68/><U9/><E9/><N who="2" m="2287" /><F37/><W111/><G111/><T121/><D121/><U133/><E115/><V120/><F120/><W27/><G75/><T127/><D127/><U60/><E126/><V28/><F28/><W96/><G77/><T21/><D2/><U32/><E32/><V12/><F12/><W16/><G13/><N who="0" m="7351" /><D105/><U62/><E122/><V31/><F31/><W94/><AGARI ba="0,0" hai="16,19,24,26,27,43,45,50,88,94,96,100,101,102" machi="94" ten="40,8000,1" yaku="0,1,8,1,54,2" doraHai="6" who="3" fromWho="3" sc="153,-20,270,-20,245,-40,332,80" /><INIT seed="3,0,0,3,0,74" ten="133,250,205,412" oya="3" hai0="13,57,24,127,17,14,85,115,49,50,94,67,76" hai1="113,26,123,108,47,118,122,7,97,129,59,133,81" hai2="88,31,44,27,114,98,102,128,71,101,60,10,38" hai3="92,2,99,65,69,45,100,34,22,9,35,83,78"/><W95/><G95/><T91/><D127/><U96/><E113/><V25/><F114/><W116/><G116/><T48/><D115/><U73/><E118/><V54/><F38/><W121/><G121/><T86/><D24/><U58/><E108/><V52/><F128/><W130/><G45/><T0/><D0/><U135/><E129/><V56/><F71/><W5/><G65/><T125/><D125/><U21/><E7/><V15/><F44/><W131/><G69/><T11/><D14/><U16/><E47/><V63/><F63/><W70/><G70/><T46/><D46/><U117/><E117/><V30/><F54/><W126/><G126/><T33/><D33/><U4/><E4/><V42/><F42/><W106/><G106/><T79/><D85/><U37/><E37/><V12/><F27/><W1/><G1/><T3/><D3/><U80/><E73/><V40/><F40/><W32/><G22/><T29/><D29/><N who="2" m="10762" /><F25/><W6/><G6/><T28/><D28/><U107/><E26/><V112/><F112/><W36/><G36/><T20/><D11/><U23/><E107/><V104/><F104/><W109/><G109/><T64/><D64/><U62/><E16/><N who="2" m="8215" /><F15/><W110/><G110/><T84/><D84/><U53/><E53/><V82/><F98/><W68/><G68/><T90/><D90/><U72/><E122/><V66/><F66/><W111/><G111/><T18/><D18/><U89/><E123/><V120/><F120/><W75/><AGARI ba="0,0" hai="2,5,9,32,34,35,75,78,83,92,99,100,130,131" machi="75" ten="40,3900,0" yaku="0,1,52,1" doraHai="74" who="3" fromWho="3" sc="133,-13,250,-13,205,-13,412,39" owari="120,-38.0,237,4.0,192,-21.0,451,55.0" /></mjloggm>