<mjloggm ver="2.3"><GO type="225" lobby="0"/><UN n0="%63%61%74%6D%65%56%47%43" n1="%E3%82%A2%E3%83%BC%E3%83%8E%E3%83%83%E3%83%84" n2="%E9%95%B7%E5%B3%B6%E3%83%B3%E3%82%AC%E3%83%B3" n3="%62%69%67%6D%6F%75%74%68" dan="16,16,17,16" rate="2207.04,2195.21,2167.64,2105.82" sx="M,F,M,M"/><TAIKYOKU oya="0"/><INIT seed="0,0,0,4,0,120" ten="250,250,250,250" oya="0" hai0="55,110,16,89,20,57,100,11,36,17,28,119,23" hai1="42,56,135,72,48,9,69,40,73,80,92,114,52" hai2="103,34,112,29,41,94,125,1,77,14,95,83,3" hai3="67,63,85,81,37,13,46,126,102,134,4,68,60"/><T51/><D119/><U32/><E32/><V33/><F112/><W88/><G134/><T22/><D36/><U78/><E69/><V122/><F122/><W59/><G126/><T70/><D70/><U127/><E127/><V74/><F125/><W76/><G102/><T27/><D110/><U45/><E135/><V86/><F41/><W131/><G131/><T18/><D100/><U15/><E114/><V104/><F94/><W44/><G37/><T25/><D11/><U26/><E26/><V107/><F29/><W133/><G133/><T113/><D113/><U62/><E92/><V65/><F65/><W82/><G13/><T6/><D6/><U71/><E71/><V8/><F104/><W66/><REACH who="3" step="1"/><G4/><REACH who="3" ten="250,250,250,240" step="2"/><T12/><REACH who="0" step="1"/><D89/><REACH who="0" ten="240,250,250,240" step="2"/><U97/><E97/><N who="2" m="61935" /><F3/><W31/><G31/><AGARI ba="0,2" hai="12,16,17,18,20,22,23,25,27,28,31,51,55,57" machi="31" ten="30,18000,2" yaku="1,1,7,1,9,1,8,1,54,1,53,1" doraHai="120" doraHaiUra="47" who="0" fromWho="3" sc="240,200,250,0,250,0,240,-180" /><INIT seed="0,1,0,4,1,44" ten="440,250,250,60" oya="0" hai0="124,17,75,113,32,91,115,87,53,38,128,0,26" hai1="103,85,132,43,12,15,24,19,68,83,11,60,80" hai2="37,18,101,50,71,98,64,2,120,131,10,48,74" hai3="107,57,70,118,51,95,81,125,114,41,78,7,126"/><T92/><D75/><U8/><E132/><V58/><F120/><W47/><G118/><T77/><D38/><U69/><E43/><V49/><F37/><W116/><G116/><T84/><D0/><U30/><E103/><V46/><F74/><W123/><G114/><T40/><D40/><U42/><E42/><V90/><F71/><W127/><G70/><T100/><D100/><U20/><E60/><V22/><F131/><W111/><G107/><T31/><D128/><U54/><E54/><V106/><F46/><W130/><G130/><T96/><D124/><U97/><E97/><V105/><F105/><W73/><G123/><T34/><D34/><U94/><E94/><V66/><F90/><W14/><G111/><T52/><D17/><U3/><E3/><V110/><F58/><W89/><G57/><T36/><D36/><U45/><E45/><V104/><F104/><W65/><G65/><T93/><D77/><U9/><E9/><V59/><F59/><W27/><G27/><T112/><D96/><U86/><E69/><V102/><F102/><W72/><G72/><T82/><D82/><N who="1" m="31275" /><E68/><V122/><F122/><W99/><G14/><T61/><D61/><U39/><E39/><V56/><F56/><W119/><G119/><T134/><D134/><U13/><E13/><N who="2" m="9551" /><F110/><W33/><REACH who="3" step="1"/><G7/><AGARI ba="1,0" hai="7,8,11,12,15,19,20,24,30,85,86" m="31275" machi="7" ten="30,1000,0" yaku="8,1" doraHai="44" who="1" fromWho="3" sc="440,0,250,13,250,0,60,-13" /><INIT seed="1,0,0,3,1,39" ten="440,263,250,47" oya="1" hai0="15,85,71,108,113,80,119,11,128,37,29,52,51" hai1="117,4,107,67,100,26,69,93,24,61,31,47,40" hai2="45,105,106,132,131,60,44,65,135,23,82,86,7" hai3="22,9,110,90,74,10,72,41,58,53,120,114,68"/><U43/><E117/><V121/><F7/><W116/><G120/><T25/><D37/><U126/><E126/><V42/><F121/><W3/><G114/><T57/><D71/><U16/><E4/><V109/><F23/><W78/><G68/><T122/><D119/><U64/><E64/><V112/><F109/><W97/><G116/><T89/><D122/><U133/><E133/><N who="2" m="51275" /><F131/><W18/><G110/><T88/><D108/><U83/><E83/><V20/><F20/><W118/><G118/><T50/><D128/><U115/><E115/><V98/><F98/><W30/><G30/><T111/><D111/><U0/><E0/><V49/><F45/><W6/><G10/><T79/><D51/><U12/><E93/><V32/><F32/><W73/><G78/><T63/><D50/><U46/><E46/><V127/><F127/><W1/><G1/><T77/><D77/><U95/><E95/><V129/><F112/><W59/><G97/><T130/><D130/><U33/><E47/><V35/><F35/><W124/><G124/><T19/><D113/><U54/><E26/><V76/><F129/><W2/><G2/><T28/><D28/><U102/><E54/><V94/><F94/><W5/><G5/><T103/><D103/><U38/><E38/><V75/><F75/><W36/><G53/><T62/><D62/><U104/><E100/><V48/><F49/><W134/><G90/><T84/><D84/><U21/><E104/><V55/><F55/><W81/><G74/><T99/><D99/><AGARI ba="0,0" hai="12,16,21,24,31,33,40,43,61,67,69,99,102,107" machi="99" ten="40,12000,1" yaku="25,2,52,2,54,1" doraHai="39" who="1" fromWho="0" sc="440,-120,263,120,250,0,47,0" /><INIT seed="1,1,0,0,5,32" ten="320,383,250,47" oya="1" hai0="16,82,13,17,35,55,12,93,15,78,22,72,43" hai1="21,10,42,9,88,76,36,20,103,111,92,107,11" hai2="39,110,47,60,53,14,112,100,65,97,87,31,2" hai3="124,125,49,48,117,62,95,99,98,38,130,59,46"/><U57/><E111/><V115/><F110/><W8/><G130/><T70/><D35/><U3/><E3/><V132/><F132/><W121/><G121/><T54/><D70/><U41/><E76/><V86/><F31/><W50/><G8/><T33/><D33/><U129/><E129/><V30/><F30/><W114/><G114/><T131/><D131/><U122/><E122/><V7/><F14/><W101/><G117/><T85/><D43/><N who="1" m="16395" /><E107/><V67/><F39/><W127/><G38/><T104/><D104/><U102/><E57/><N who="2" m="34863" /><F47/><W40/><REACH who="3" step="1"/><G98/><REACH who="3" ten="320,383,250,37" step="2"/><T96/><D72/><U120/><E36/><V113/><F97/><W19/><G19/><N who="0" m="7243" /><D22/><N who="1" m="8811" /><E120/><V90/><F112/><W133/><G133/><T44/><D44/><U26/><E26/><V91/><F113/><W66/><AGARI ba="1,1" hai="40,46,48,49,50,59,62,66,95,99,101,124,125,127" machi="66" ten="30,12000,2" yaku="1,1,0,1,18,1,53,3" doraHai="32" doraHaiUra="135" who="3" fromWho="3" sc="320,-31,383,-61,250,-31,37,133" /><INIT seed="2,0,0,1,4,59" ten="289,322,219,170" oya="2" hai0="15,82,16,64,49,67,119,120,25,75,89,46,58" hai1="69,103,74,30,53,20,39,14,11,94,55,131,100" hai2="62,26,87,98,85,79,91,29,125,77,71,44,4" hai3="0,126,66,36,76,123,1,88,60,129,106,23,13"/><V27/><F125/><W104/><G123/><T65/><D120/><U6/><E74/><V33/><F4/><W72/><G36/><T61/><D119/><U10/><E69/><V95/><F44/><W90/><G126/><T135/><D135/><U57/><E39/><V70/><F27/><W38/><G38/><T80/><D25/><N who="1" m="16679" /><E131/><V117/><F117/><W96/><G129/><T68/><D68/><U83/><E83/><N who="0" m="31785" /><D89/><U54/><E11/><V81/><F71/><W110/><G110/><T45/><D75/><U86/><E86/><V108/><F108/><W48/><G76/><T18/><D18/><U102/><E94/><V24/><F24/><W121/><G121/><T32/><D32/><U111/><E111/><V40/><F40/><W31/><G72/><T37/><D37/><U92/><E92/><V34/><F34/><W78/><G78/><T52/><D46/><U113/><E113/><V35/><F35/><W19/><G48/><AGARI ba="0,0" hai="6,10,14,48,53,54,55,57,100,102,103" m="16679" machi="48" ten="30,1000,0" yaku="8,1" doraHai="59" who="1" fromWho="3" sc="289,0,322,10,219,0,170,-10" /><INIT seed="3,0,0,1,2,89" ten="289,332,219,160" oya="3" hai0="51,84,98,117,116,121,77,56,90,5,92,74,50" hai1="40,54,12,102,27,52,100,57,80,129,49,127,130" hai2="122,31,87,95,119,118,132,134,111,109,26,58,113" hai3="60,108,45,66,107,13,46,106,104,101,30,85,61"/><W16/><G108/><N who="2" m="41545" /><F58/><W47/><G30/><T38/><D121/><U43/><E127/><V32/><F113/><W126/><G126/><T34/><D34/><U3/><E3/><V2/><F122/><W78/><G101/><N who="1" m="39018" /><E80/><V53/><F53/><W36/><G36/><T93/><D38/><U48/><E27/><V67/><F67/><W94/><G66/><T103/><D5/><U41/><E12/><V6/><F95/><W8/><REACH who="3" step="1"/><G78/><REACH who="3" ten="289,332,219,150" step="2"/><T110/><D110/><U25/><E129/><V123/><F123/><W64/><G64/><T62/><D116/><N who="2" m="44586" /><F87/><W10/><G10/><AGARI ba="0,1" hai="2,6,10,26,31,32,132,134" m="44586,41545" machi="10" ten="40,8000,1" yaku="14,1,23,1,34,2" doraHai="89" who="2" fromWho="3" sc="289,0,332,0,219,90,150,-80" owari="289,-11.0,332,43.0,309,11.0,70,-43.0" /></mjloggm>