<mjloggm ver="2.3"><GO type="185" lobby="0"/><UN n0="%E3%81%AE%E3%83%BC%E3%81%97" n1="%E3%83%A6%E3%82%A6%E3%83%8B%E3%83%A3" n2="%E3%81%B5%E3%81%96%E3%81%91%E3%82%8B%E3%83%9F%EF%BC%81" n3="" dan="18,18,17,0" rate="2278.73,2269.40,2196.84,1500.00" sx="M,M,M,C"/><TAIKYOKU oya="0"/><INIT seed="0,0,0,5,4,63" ten="350,350,350,0" oya="0" hai0="46,83,94,119,124,77,33,113,37,109,120,78,34" hai1="100,54,89,107,117,122,128,134,56,115,67,93,38" hai2="42,52,1,97,73,98,88,64,35,126,103,71,57" hai3=""/><T105/><N who="0" m="30752" /><T49/><D119/><U104/><N who="1" m="31264" /><U96/><E117/><V82/><F1/><T75/><D105/><U106/><E38/><V110/><F35/><T87/><D113/><U80/><E115/><V36/><F126/><T40/><D124/><U0/><E0/><V95/><F110/><T59/><D109/><U51/><E128/><V127/><F127/><T123/><N who="0" m="31520" /><T48/><D78/><U86/><E134/><V72/><F71/><T60/><D75/><U121/><N who="1" m="31008" /><U125/><E125/><V108/><F64/><T111/><D94/><U66/><AGARI ba="0,0" hai="51,54,56,66,67,80,86,89,93,96,100,104,106,107" m="31008,31264" machi="66" ten="40,6000,1" yaku="0,1,52,4" doraHai="63" who="1" fromWho="1" sc="350,-40,350,60,350,-20,0,0" /><INIT seed="1,0,0,5,0,129" ten="310,410,330,0" oya="1" hai0="102,124,62,45,108,35,128,85,79,63,116,38,78" hai1="88,87,122,81,3,99,100,32,92,82,53,77,119" hai2="65,43,133,106,61,0,110,97,58,73,66,64,33" hai3=""/><U70/><N who="1" m="31264" /><U91/><E32/><V130/><F0/><T98/><D35/><U90/><E3/><V39/><F33/><T74/><D128/><U89/><E70/><V134/><F73/><T40/><D116/><U46/><E119/><V50/><F130/><T111/><D124/><U132/><E132/><N who="2" m="50795" /><F39/><T109/><D85/><U80/><E53/><V104/><F110/><T125/><D125/><U96/><E46/><V60/><F97/><T105/><REACH who="0" step="1"/><D74/><REACH who="0" ten="300,410,330,0" step="2"/><U103/><N who="1" m="22528" /><DORA hai="86" /><U123/><N who="1" m="31520" /><U101/><REACH who="1" step="1"/><E100/><REACH who="1" ten="300,400,330,0" step="2"/><V84/><F65/><T115/><D115/><U95/><AGARI ba="0,2" hai="77,80,81,82,87,92,95,96,99,101,103" m="31520,22528,31264" machi="95" ten="40,32000,5" yaku="1,1,2,1,0,1,9,1,8,1,35,6,52,6,54,1,53,1" doraHai="129,86" doraHaiUra="75,37" who="1" fromWho="1" sc="300,-160,400,340,330,-160,0,0" /><INIT seed="1,1,0,0,4,124" ten="140,740,170,0" oya="1" hai0="95,41,119,105,126,109,58,101,114,46,1,42,122" hai1="135,60,43,51,112,100,82,45,2,120,93,103,49" hai2="50,77,128,36,131,68,38,97,37,133,55,73,74" hai3=""/><U56/><N who="1" m="30752" /><U0/><E112/><V33/><F33/><T85/><N who="0" m="31264" /><T132/><D1/><U111/><E135/><V71/><F97/><T54/><D114/><U48/><E111/><V115/><F115/><T127/><D109/><U67/><E82/><V44/><F133/><T76/><D132/><U121/><N who="1" m="31008" /><U102/><REACH who="1" step="1"/><E93/><REACH who="1" ten="140,730,170,0" step="2"/><V35/><F35/><T104/><D126/><U113/><E113/><V61/><F73/><T123/><D127/><U53/><E53/><V91/><F74/><T59/><D123/><U88/><E88/><V63/><F91/><T64/><D95/><U81/><E81/><V98/><F77/><T134/><D76/><U34/><E34/><V110/><F110/><T87/><D54/><U72/><E72/><V108/><F108/><T125/><D125/><U75/><E75/><V130/><F98/><T83/><D83/><U89/><E89/><V39/><N who="2" m="9216" /><DORA hai="69" /><V107/><REACH who="2" step="1"/><F107/><REACH who="2" ten="140,730,160,0" step="2"/><T90/><D104/><U66/><E66/><V47/><F47/><T78/><D105/><U116/><E116/><V57/><F57/><T84/><D59/><U96/><E96/><V52/><F52/><T3/><D58/><U70/><E70/><AGARI ba="1,2" hai="44,50,55,61,63,68,70,71,128,130,131" m="9216" machi="70" ten="80,24000,4" yaku="1,1,19,1,34,3,52,7,53,0" doraHai="124,69" doraHaiUra="106,117" who="2" fromWho="1" sc="140,0,730,-242,160,262,0,0" /><INIT seed="2,0,0,3,3,95" ten="140,488,422,0" oya="2" hai0="58,93,115,116,102,130,104,35,1,134,64,81,91" hai1="41,52,74,101,80,120,107,76,127,90,66,84,133" hai2="0,122,117,65,89,132,71,61,111,37,44,121,83" hai3=""/><V75/><N who="2" m="31008" /><V87/><N who="2" m="31264" /><V32/><F0/><T68/><D1/><U49/><N who="1" m="30752" /><U60/><E127/><V103/><F32/><T54/><D35/><U135/><E41/><V63/><F117/><T53/><D116/><U51/><E51/><V73/><F132/><N who="1" m="50761" /><E101/><V67/><F111/><T77/><D134/><U79/><E107/><V109/><F109/><T96/><D115/><U113/><E74/><V34/><F34/><T69/><D130/><U92/><E80/><V88/><F103/><T2/><D2/><U110/><E113/><V38/><F89/><T47/><D47/><U97/><E84/><V43/><REACH who="2" step="1"/><F37/><REACH who="2" ten="140,488,412,0" step="2"/><T126/><D102/><U118/><E118/><V94/><F94/><T108/><D93/><U33/><E33/><V39/><F39/><T46/><D104/><U42/><E110/><V129/><F129/><T114/><D108/><U119/><E119/><V55/><F55/><T48/><D54/><U82/><E52/><V85/><F85/><T124/><D53/><U128/><E128/><V36/><F36/><T62/><D91/><U45/><E82/><V3/><F3/><T98/><D114/><U106/><E106/><V100/><F100/><T40/><D124/><U50/><E50/><RYUUKYOKU ba="0,1" sc="140,-20,488,10,412,10,0,0" hai1="42,45,49,60,66,76,79,90,92,97" hai2="38,43,44,61,63,65,67,71,73,75,83,87,88" /><INIT seed="2,1,1,0,2,43" ten="120,498,422,0" oya="2" hai0="57,69,118,38,89,47,106,49,100,3,119,135,2" hai1="120,128,56,44,130,52,45,58,124,91,133,67,37" hai2="72,129,110,35,112,122,125,93,121,73,51,131,55" hai3=""/><V127/><N who="2" m="31008" /><V132/><N who="2" m="31264" /><V42/><F35/><T84/><D69/><U32/><N who="1" m="30752" /><U70/><E133/><V50/><F112/><T71/><D135/><U111/><E32/><V104/><F132/><T114/><D71/><U103/><E111/><V116/><F104/><T61/><D114/><U41/><E103/><V86/><F116/><T105/><D38/><U60/><E124/><N who="2" m="47691" /><F110/><T94/><D118/><U107/><E91/><V46/><F86/><T36/><D119/><U90/><E90/><V79/><F93/><T54/><D36/><U115/><E107/><V33/><F33/><T96/><REACH who="0" step="1"/><D106/><REACH who="0" ten="110,498,422,0" step="2"/><U108/><E115/><V113/><F113/><T117/><D117/><U102/><E108/><V0/><F0/><T98/><D98/><U97/><E97/><V75/><F79/><T80/><D80/><U126/><E126/><V62/><F62/><T83/><D83/><U34/><E34/><V99/><F99/><T81/><D81/><U109/><E109/><V134/><F134/><T95/><D95/><U74/><E60/><V77/><F77/><T53/><AGARI ba="1,2" hai="2,3,47,49,53,54,57,61,84,89,94,96,100,105" machi="53" ten="20,6000,1" yaku="1,1,0,1,7,1,52,1,53,1" doraHai="43" doraHaiUra="85" who="0" fromWho="0" sc="110,82,498,-21,422,-41,0,0" /><INIT seed="4,0,0,4,0,135" ten="192,477,381,0" oya="0" hai0="106,99,127,128,37,0,107,59,96,97,81,42,53" hai1="33,112,130,58,49,50,123,36,3,118,110,73,35" hai2="84,131,77,46,103,41,117,121,102,87,62,65,79" hai3=""/><T48/><D0/><U51/><RYUUKYOKU type="yao9" ba="0,0" sc="192,0,477,0,381,0,0,0" hai1="3,33,35,36,49,50,51,58,73,110,112,118,123,130" /><INIT seed="4,1,0,0,2,55" ten="192,477,381,0" oya="0" hai0="74,82,107,45,41,32,95,133,98,36,70,2,115" hai1="58,94,43,34,120,84,49,67,117,51,68,42,38" hai2="88,125,76,60,104,37,71,100,50,93,72,86,35" hai3=""/><T77/><D2/><U132/><N who="1" m="30752" /><U75/><E34/><V108/><F108/><T126/><D32/><U80/><E75/><V57/><F35/><T62/><D115/><U81/><E117/><V96/><F37/><T46/><D46/><U105/><E105/><V48/><F71/><T83/><D133/><U33/><E33/><V91/><F125/><T112/><D112/><U110/><E110/><V85/><F76/><T65/><D82/><U63/><E132/><V78/><F78/><T131/><D107/><U119/><E119/><V97/><F97/><T124/><REACH who="0" step="1"/><D131/><REACH who="0" ten="182,477,381,0" step="2"/><U3/><E81/><V69/><F104/><T109/><D109/><U102/><E3/><V127/><F127/><T114/><D114/><U130/><E130/><V52/><F72/><T47/><D47/><U53/><E80/><V54/><F69/><T92/><D92/><U106/><E106/><V134/><F134/><T40/><D40/><U87/><E43/><V101/><F93/><T89/><AGARI ba="1,1" hai="36,41,45,62,65,70,74,77,83,89,95,98,124,126" machi="89" ten="30,4000,0" yaku="1,1,0,1,53,1" doraHai="55" doraHaiUra="79" who="0" fromWho="0" sc="182,52,477,-21,381,-21,0,0" /><INIT seed="4,2,0,0,0,67" ten="234,456,360,0" oya="0" hai0="39,40,114,32,93,106,76,113,100,90,56,47,75" hai1="61,88,72,85,51,45,115,104,58,94,121,132,134" hai2="123,44,103,131,135,133,86,50,89,1,52,2,117" hai3=""/><T79/><D32/><U35/><N who="1" m="31008" /><U92/><E104/><V97/><N who="2" m="31520" /><V87/><F131/><T129/><D129/><U77/><E35/><V95/><F87/><T66/><D100/><U91/><E115/><N who="0" m="44041" /><D106/><U109/><E109/><V110/><F110/><T64/><D75/><U49/><E77/><N who="0" m="29769" /><D56/><U46/><E72/><V43/><F117/><T81/><D81/><U68/><E58/><V54/><F1/><T38/><D38/><U62/><E85/><AGARI ba="2,0" hai="39,40,47,64,66,85,90,93" m="29769,44041" machi="85" ten="30,1500,0" yaku="15,1" doraHai="67" who="0" fromWho="1" sc="234,19,456,-19,360,0,0,0" /><INIT seed="4,3,0,3,5,43" ten="253,437,360,0" oya="0" hai0="57,64,35,38,86,113,108,87,88,71,76,72,127" hai1="62,129,56,98,105,133,69,126,46,37,59,0,47" hai2="100,123,117,78,45,115,82,112,39,111,124,42,101" hai3=""/><T104/><D35/><U130/><E0/><V107/><N who="2" m="31520" /><V66/><F111/><T33/><D33/><U61/><E126/><V122/><N who="2" m="31264" /><V3/><F3/><T58/><D38/><U94/><E105/><V114/><F124/><T1/><D104/><U73/><E73/><V92/><F117/><T49/><D1/><U67/><E133/><V34/><F34/><T55/><D72/><U53/><E37/><V36/><F36/><T106/><D106/><U110/><E110/><V40/><F40/><T90/><D108/><U63/><E94/><V109/><F109/><T60/><D76/><U51/><E98/><V44/><F44/><N who="1" m="16937" /><E62/><V125/><F107/><T134/><D127/><U41/><E41/><V70/><F92/><T102/><D134/><U68/><E68/><V75/><F125/><T119/><D119/><U96/><E96/><V99/><F99/><T132/><D132/><U85/><E85/><N who="0" m="32265" /><D102/><U52/><AGARI ba="3,0" hai="51,52,53,56,59,61,63,67,69,129,130" m="16937" machi="52" ten="30,9000,2" yaku="34,2,52,3,54,1" doraHai="43" who="1" fromWho="1" sc="253,-63,437,96,360,-33,0,0" /><INIT seed="5,0,0,1,4,77" ten="190,533,327,0" oya="1" hai0="55,107,2,75,103,87,123,54,113,119,129,95,82" hai1="41,78,47,60,40,135,118,83,39,134,88,81,101" hai2="49,51,111,57,128,62,44,89,67,99,97,80,133" hai3=""/><U117/><E101/><V127/><F111/><T90/><N who="0" m="31520" /><T56/><D2/><U126/><E126/><V71/><F127/><T76/><D119/><U120/><N who="1" m="30752" /><U91/><E60/><V110/><F110/><T53/><D113/><U66/><E66/><V98/><F128/><T45/><D45/><U130/><E130/><V85/><F133/><N who="1" m="50697" /><E40/><V61/><REACH who="2" step="1"/><F44/><REACH who="2" ten="190,533,317,0" step="2"/><T112/><D129/><U102/><E118/><V72/><F72/><T125/><D125/><U63/><E117/><V92/><F92/><T65/><D112/><U114/><E114/><V93/><F93/><T108/><D108/><U131/><E131/><V109/><F109/><T115/><D115/><U84/><E83/><V104/><F104/><T106/><D106/><U124/><E124/><V42/><F42/><T70/><D70/><U94/><E63/><V46/><F46/><T74/><D74/><U36/><E36/><V100/><F100/><T34/><D34/><U132/><E132/><V43/><F43/><T69/><D69/><U79/><E102/><V105/><F105/><T122/><N who="0" m="31264" /><T68/><D68/><U3/><E3/><V58/><F58/><T38/><D38/><U64/><E94/><V121/><N who="2" m="31008" /><V33/><F33/><RYUUKYOKU ba="0,1" sc="190,-10,533,-10,317,20,0,0" hai2="49,51,57,61,62,67,71,80,85,89,97,98,99" /><INIT seed="6,1,1,1,0,97" ten="180,523,337,0" oya="2" hai0="111,35,85,135,47,34,43,132,75,84,70,109,53" hai1="81,51,114,87,33,65,120,92,61,78,68,119,112" hai2="110,44,80,42,64,46,106,124,67,52,94,73,100" hai3=""/><V66/><F124/><T74/><D53/><U95/><N who="1" m="30752" /><U40/><E33/><V93/><F110/><T130/><D70/><U101/><E119/><V2/><F2/><T49/><D49/><U104/><E104/><V129/><F129/><T59/><D59/><U36/><E36/><V48/><F106/><T37/><D47/><U118/><E118/><V86/><F73/><T131/><D43/><U72/><E101/><V60/><F100/><T3/><D37/><U39/><E39/><V38/><REACH who="2" step="1"/><F60/><REACH who="2" ten="180,523,327,0" step="2"/><T1/><D74/><U55/><E72/><V108/><F108/><T134/><D75/><U122/><N who="1" m="31264" /><U63/><E63/><V88/><AGARI ba="1,2" hai="38,42,44,46,48,52,64,66,67,80,86,88,93,94" machi="88" ten="30,7800,0" yaku="1,1,0,1,54,2,53,0" doraHai="97" doraHaiUra="98" who="2" fromWho="2" sc="180,-40,523,-40,327,100,0,0" /><INIT seed="6,2,0,2,2,98" ten="140,483,427,0" oya="2" hai0="69,113,83,56,35,37,36,90,33,54,96,51,97" hai1="123,77,127,99,59,32,118,95,46,3,48,71,131" hai2="84,63,121,93,70,34,0,79,80,44,67,119,115" hai3=""/><V2/><N who="2" m="31008" /><V94/><F119/><T43/><D69/><U135/><N who="1" m="31520" /><U57/><E3/><V125/><F34/><T76/><D113/><U92/><E32/><V109/><F115/><T103/><D33/><U75/><E71/><V68/><F125/><T52/><D35/><U1/><E1/><V61/><F109/><T85/><D43/><U62/><E127/><V126/><F126/><T72/><D36/><U42/><E118/><V45/><F0/><T112/><D37/><U102/><E131/><V104/><F104/><T49/><D112/><U73/><E135/><V89/><F2/><T111/><D111/><U60/><E92/><V124/><F124/><T55/><D49/><U78/><E75/><V134/><F134/><T122/><N who="0" m="31264" /><T53/><D96/><U40/><E40/><V105/><F105/><T110/><D110/><U108/><E108/><V133/><F133/><T38/><D38/><U64/><E73/><V66/><F94/><T91/><D72/><AGARI ba="2,0" hai="44,45,61,63,66,67,68,70,72,79,80,84,89,93" m="31008" machi="72" ten="30,5800,0" yaku="7,1,9,1,52,1" doraHai="98" who="2" fromWho="0" sc="140,-62,483,0,427,62,0,0" owari="78,-52.0,483,8.0,489,44.0,0,0.0" /></mjloggm>