<mjloggm ver="2.3"><GO type="169" lobby="0"/><UN n0="%4D%61%74%75%75%72%61" n1="%E7%88%86%E7%89%8C%E3%82%A6%E3%82%B7%E3%82%B8%E3%83%9E%E3%81%8F%E3%82%93" n2="%E3%81%88%E3%82%8A%E3%82%93%E3%81%BC%50" n3="%E4%B8%BB%E5%B8%AD" dan="17,16,17,16" rate="2182.25,2091.97,2180.26,2124.61" sx="M,M,M,M"/><TAIKYOKU oya="0"/><INIT seed="0,0,0,3,5,69" ten="250,250,250,250" oya="0" hai0="112,129,27,120,98,116,84,99,2,105,22,51,33" hai1="106,119,11,75,36,49,7,95,26,87,107,113,38" hai2="132,89,41,25,135,56,59,9,90,58,117,37,71" hai3="43,125,18,118,39,79,83,76,100,96,109,72,0"/><T65/><D120/><U68/><E119/><V93/><F117/><W45/><G118/><T91/><D116/><U23/><E75/><V110/><F71/><W131/><G109/><T85/><D2/><U48/><E68/><V16/><F110/><W103/><G131/><T31/><D112/><U34/><E34/><V80/><F80/><W86/><G125/><T63/><D129/><U64/><E64/><V101/><F101/><W24/><G0/><T35/><D35/><U92/><E113/><V126/><F126/><W127/><G127/><T44/><D33/><U47/><E49/><V4/><F25/><W50/><G50/><T1/><D1/><U108/><E108/><V17/><F4/><W54/><G54/><T29/><D29/><U28/><E106/><V97/><F89/><W10/><G103/><T8/><D8/><U78/><E107/><V104/><F104/><W20/><G10/><T62/><D85/><U124/><E124/><V82/><F82/><W66/><G66/><T55/><D105/><U121/><E121/><V60/><F60/><N who="0" m="23082" /><D65/><U42/><E92/><AGARI ba="0,0" hai="22,27,31,44,51,55,84,91,92,98,99" m="23082" machi="92" ten="30,1500,0" yaku="8,1" doraHai="69" who="0" fromWho="1" sc="250,15,250,-15,250,0,250,0" /><INIT seed="0,1,0,1,4,43" ten="265,235,250,250" oya="0" hai0="108,120,117,52,88,86,42,92,113,64,118,21,109" hai1="22,100,12,134,8,65,27,23,125,105,31,47,93" hai2="51,94,67,39,84,55,82,36,101,126,97,106,79" hai3="72,17,20,28,18,49,50,90,74,115,2,46,107"/><T102/><D113/><U32/><E105/><V59/><F126/><W3/><G107/><T63/><D120/><U103/><E125/><V10/><F10/><W54/><G115/><T89/><D42/><U122/><E122/><V124/><F124/><W135/><G28/><T77/><D21/><U13/><E65/><V4/><F4/><W114/><G114/><T83/><D52/><U131/><E134/><V29/><F29/><W70/><G70/><T30/><D30/><U60/><E60/><V9/><F9/><W34/><G34/><T11/><D11/><U48/><E131/><V25/><F25/><W45/><G135/><T111/><D102/><U41/><E13/><V98/><F67/><W128/><G128/><T71/><REACH who="0" step="1"/><D89/><AGARI ba="1,0" hai="36,39,51,55,59,79,82,84,89,94,97,98,101,106" machi="89" ten="30,1000,0" yaku="7,1" doraHai="43" who="2" fromWho="0" sc="265,-13,235,0,250,13,250,0" /><INIT seed="1,0,0,3,5,116" ten="252,235,263,250" oya="1" hai0="68,120,64,133,49,58,96,73,38,51,36,80,94" hai1="118,119,33,69,43,10,95,108,57,79,114,23,28" hai2="110,6,109,70,42,125,72,105,122,102,77,32,12" hai3="134,46,107,35,16,55,92,63,87,83,106,48,62"/><U132/><E57/><V2/><F70/><W84/><G35/><T9/><D68/><U24/><E95/><V66/><F2/><W14/><G134/><T60/><D133/><U89/><E89/><V75/><F32/><W91/><G107/><T4/><D38/><U52/><E52/><V21/><F105/><W130/><G106/><T40/><D36/><U131/><E43/><V39/><F122/><W18/><G130/><T45/><D51/><U97/><E97/><V17/><F39/><W59/><G14/><T99/><D120/><U112/><E79/><V30/><F125/><W111/><G111/><T20/><D20/><U78/><E78/><V93/><F72/><W123/><G123/><T100/><D96/><U101/><E101/><V67/><F75/><W65/><REACH who="3" step="1"/><G63/><REACH who="3" ten="252,235,263,240" step="2"/><T31/><D60/><U44/><E108/><V54/><F109/><W71/><G71/><T128/><D128/><U74/><E69/><V29/><F110/><W86/><G86/><T37/><D73/><U103/><E74/><V98/><F12/><W8/><G8/><T104/><D9/><U0/><E131/><V126/><F126/><W7/><G7/><T113/><D4/><N who="1" m="1287" /><E118/><V19/><F6/><W13/><G13/><T3/><D3/><U135/><E119/><V121/><F121/><W117/><G117/><T1/><D1/><U50/><E132/><V11/><F11/><W88/><AGARI ba="0,1" hai="16,18,46,48,55,59,62,65,83,84,87,88,91,92" machi="88" ten="20,12000,2" yaku="1,1,0,1,7,1,8,1,54,2,53,0" doraHai="116" doraHaiUra="26" who="3" fromWho="3" sc="252,-30,235,-60,263,-30,240,130" /><INIT seed="2,0,0,2,2,28" ten="222,175,233,370" oya="2" hai0="59,86,78,85,17,96,77,31,101,35,41,80,52" hai1="14,5,51,7,68,72,65,43,29,108,81,114,75" hai2="53,131,10,16,127,30,98,116,105,134,23,113,13" hai3="27,19,73,84,55,122,26,76,8,64,89,93,90"/><V47/><F116/><W102/><G122/><T49/><D41/><U118/><E118/><V39/><F113/><W45/><G102/><T20/><D31/><U56/><E114/><V130/><F105/><W32/><G64/><T95/><D35/><U48/><E29/><V40/><F98/><W61/><G73/><T132/><D132/><U67/><E68/><V60/><F134/><W69/><G76/><T11/><D11/><U63/><E108/><V74/><F74/><W15/><G32/><T104/><D104/><U3/><E81/><V133/><F133/><W120/><G69/><T82/><D20/><U62/><E56/><N who="2" m="34831" /><F30/><W44/><G120/><T36/><REACH who="0" step="1"/><D17/><REACH who="0" ten="212,175,233,370" step="2"/><U92/><E43/><V123/><F123/><W38/><G38/><AGARI ba="0,1" hai="36,38,49,52,59,77,78,80,82,85,86,95,96,101" machi="38" ten="40,8000,1" yaku="1,1,2,1,9,1,54,1,53,0" doraHai="28" doraHaiUra="12" who="0" fromWho="3" sc="212,90,175,0,233,0,370,-80" /><INIT seed="3,0,0,0,1,18" ten="302,175,233,290" oya="3" hai0="13,32,49,88,103,113,93,61,1,36,102,12,75" hai1="114,54,69,30,128,119,115,74,125,89,15,99,55" hai2="3,73,105,27,59,70,34,66,42,28,82,122,52" hai3="24,41,109,65,91,118,120,50,131,26,57,51,80"/><W64/><G118/><T39/><D1/><U17/><E69/><V104/><F122/><W110/><G120/><T20/><D32/><U53/><E74/><V72/><F3/><W126/><G126/><T121/><D75/><U107/><E125/><V68/><F72/><W78/><G131/><T84/><D121/><U0/><E0/><V45/><F82/><W98/><G41/><T7/><D113/><U86/><E128/><V16/><F73/><W124/><G124/><T85/><D61/><U63/><E63/><V132/><F16/><W2/><G2/><T44/><D39/><U76/><E30/><V79/><F79/><W22/><G26/><T46/><D36/><U129/><E129/><V106/><F66/><N who="3" m="25707" /><G57/><T29/><D46/><U48/><E119/><V92/><F92/><N who="3" m="56607" /><G80/><T90/><D102/><U4/><E76/><V43/><F43/><W10/><G10/><T87/><D103/><U47/><E107/><V25/><F25/><W133/><G78/><T11/><D90/><U38/><E38/><V33/><F33/><W108/><G133/><T100/><D100/><U6/><E99/><V31/><F132/><W112/><G112/><T134/><D134/><U101/><E101/><V117/><F117/><W81/><G81/><T83/><D83/><N who="1" m="49375" /><E115/><V14/><F31/><AGARI ba="0,0" hai="22,24,31,50,51,108,109,110" m="56607,25707" machi="31" ten="30,5800,0" yaku="14,1,10,1,52,1" doraHai="18" who="3" fromWho="2" sc="302,0,175,0,233,-58,290,58" /><INIT seed="3,1,0,1,2,20" ten="302,175,175,348" oya="3" hai0="76,73,80,67,4,129,3,96,38,42,33,86,9" hai1="60,22,37,61,125,2,130,51,84,91,70,23,85" hai2="53,95,117,126,121,69,120,113,52,83,58,109,72" hai3="13,97,62,49,31,6,64,100,102,39,131,127,103"/><W116/><G116/><T18/><D129/><U135/><E37/><V43/><F117/><W133/><G39/><T81/><D33/><U44/><E2/><V119/><F119/><W1/><G1/><T25/><D67/><U27/><E125/><V82/><F69/><W98/><G31/><T56/><D96/><U123/><E123/><N who="2" m="47179" /><F126/><W57/><G127/><T34/><D56/><U16/><E130/><V21/><F113/><W110/><G131/><T71/><D71/><U26/><E70/><V8/><F43/><W104/><G133/><T55/><D55/><N who="1" m="30183" /><E135/><V40/><F40/><W75/><G75/><T118/><D118/><U14/><E14/><V106/><F106/><W28/><G28/><T30/><D42/><U128/><E128/><V115/><F72/><W46/><G110/><T101/><D38/><U35/><E35/><V29/><F109/><W114/><G114/><T134/><D134/><U88/><E85/><V59/><F115/><W132/><G132/><T93/><D73/><U17/><E91/><V94/><F58/><W0/><G0/><T66/><D76/><U111/><E111/><V48/><F53/><N who="3" m="29879" /><G104/><T87/><D66/><U47/><E47/><V19/><F29/><W12/><G12/><T105/><D105/><U41/><E41/><V92/><F8/><AGARI ba="1,0" hai="6,8,13,57,62,64,97,98,100,102,103" m="29879" machi="8" ten="30,1500,0" yaku="8,1" doraHai="20" who="3" fromWho="2" sc="302,0,175,0,175,-18,348,18" /><INIT seed="3,2,0,2,2,56" ten="302,175,157,366" oya="3" hai0="91,30,74,4,54,116,80,16,128,73,75,36,44" hai1="64,110,126,67,28,77,135,6,113,124,27,33,103" hai2="95,32,86,125,98,65,112,20,11,8,47,82,96" hai3="25,108,71,76,7,21,15,131,46,38,83,81,43"/><W106/><G131/><T123/><D116/><U63/><E113/><V84/><F32/><W79/><G106/><T100/><D123/><U9/><E110/><V52/><F112/><W119/><G119/><T109/><D109/><U118/><E118/><V92/><F65/><W59/><G71/><T60/><D128/><U2/><E135/><V88/><F125/><N who="1" m="48233" /><E64/><V121/><F121/><W97/><G108/><T0/><D100/><U48/><E103/><V37/><F20/><W51/><G97/><T17/><D30/><U35/><E77/><N who="3" m="29770" /><G38/><T133/><D133/><U53/><E33/><V130/><F130/><W58/><G15/><T1/><D36/><U111/><E111/><V50/><F37/><W78/><G7/><T3/><D4/><U66/><E63/><V104/><F104/><W10/><G10/><N who="2" m="3625" /><F82/><N who="3" m="31243" /><G78/><T132/><D132/><U134/><E134/><V31/><F31/><AGARI ba="2,0" hai="21,25,31,43,46,51,58,59" m="31243,29770" machi="31" ten="30,1500,0" yaku="8,1" doraHai="56" who="3" fromWho="2" sc="302,0,175,0,157,-21,366,21" /><INIT seed="3,3,0,0,1,32" ten="302,175,136,387" oya="3" hai0="23,84,12,67,39,20,132,5,134,41,35,70,128" hai1="13,108,8,78,73,34,54,120,50,47,68,22,44" hai2="135,66,1,38,123,71,85,65,133,82,79,126,96" hai3="59,2,72,45,131,106,76,21,52,9,114,0,36"/><W124/><G114/><T4/><D70/><U125/><E120/><V3/><F38/><W57/><G106/><T107/><D107/><U113/><E34/><V62/><F123/><W15/><G131/><T29/><D67/><U17/><E113/><V25/><F65/><W60/><G124/><T109/><D41/><U105/><E105/><V93/><F126/><W30/><G36/><T86/><D39/><U121/><E125/><V14/><F14/><W26/><G45/><T6/><D35/><U40/><E121/><V101/><REACH who="2" step="1"/><F25/><REACH who="2" ten="302,175,126,387" step="2"/><W88/><G15/><T43/><D12/><U16/><E13/><V130/><F130/><W69/><G9/><T103/><D6/><U56/><E8/><V83/><F83/><W31/><G26/><T92/><D4/><U61/><E108/><V98/><F98/><W129/><G129/><T58/><D109/><U48/><E68/><V122/><F122/><W115/><G115/><T87/><D5/><U111/><E111/><V27/><F27/><W80/><G80/><T91/><D128/><U74/><E74/><V49/><F49/><W116/><G72/><T100/><D132/><AGARI ba="3,1" hai="1,3,62,66,71,79,82,85,93,96,101,132,133,135" machi="132" ten="40,8000,1" yaku="1,1,20,1,52,2,53,0" doraHai="32" doraHaiUra="11" who="2" fromWho="0" sc="302,-89,175,0,126,99,387,0" /><INIT seed="4,0,0,2,0,35" ten="213,175,225,387" oya="0" hai0="73,112,131,14,128,62,135,70,84,54,126,129,64" hai1="24,57,52,10,22,17,13,114,119,23,102,113,111" hai2="76,79,47,6,19,81,106,43,120,39,50,25,78" hai3="97,11,8,74,40,100,85,89,107,30,26,48,118"/><T36/><D73/><U59/><E111/><V68/><F120/><W46/><G118/><T124/><D14/><U75/><E75/><V90/><F106/><W121/><G74/><T55/><D112/><N who="1" m="43115" /><E119/><V133/><F68/><W3/><G3/><T27/><D27/><U60/><E102/><V5/><F133/><W56/><G56/><T109/><D109/><U125/><E125/><N who="0" m="48233" /><D84/><U71/><E71/><V99/><F39/><W42/><G42/><T96/><D96/><U92/><E92/><N who="2" m="56727" /><F81/><W4/><G4/><T58/><D36/><U49/><E24/><V2/><F2/><W69/><G69/><T95/><D95/><U87/><E87/><V16/><F25/><W34/><G121/><T108/><D108/><U31/><E31/><V72/><F72/><W101/><G101/><T41/><D41/><U44/><E59/><V37/><F37/><W33/><G33/><T12/><D12/><U65/><AGARI ba="0,0" hai="10,13,17,22,23,44,49,52,57,60,65" m="43115" machi="65" ten="30,4000,0" yaku="15,1,11,1,54,1" doraHai="35" who="1" fromWho="1" sc="213,-20,175,40,225,-10,387,-10" /><INIT seed="5,0,0,5,0,30" ten="193,215,215,377" oya="1" hai0="61,123,20,5,114,118,109,54,3,9,39,70,43" hai1="129,12,29,120,36,101,18,11,91,32,79,124,42" hai2="63,68,4,110,100,116,22,74,103,67,121,2,59" hai3="10,132,85,55,46,50,8,106,73,81,0,28,33"/><U14/><E120/><V37/><F121/><W99/><G73/><T23/><D118/><U102/><E124/><V48/><F116/><W56/><G132/><T107/><D109/><U15/><E129/><V45/><F110/><W104/><G0/><T130/><D107/><U89/><E79/><V34/><F74/><W94/><G106/><T7/><D123/><U122/><E122/><V49/><F2/><W131/><G104/><T83/><D7/><U19/><E36/><V75/><F75/><W92/><G131/><T41/><D130/><U40/><E29/><V88/><F4/><W126/><G126/><T134/><D134/><U72/><E72/><V31/><F22/><W66/><G33/><T112/><D83/><U1/><E1/><V44/><F37/><W135/><G28/><T60/><D60/><U26/><E26/><V105/><F68/><W95/><G99/><T64/><D54/><U62/><E62/><V98/><F100/><N who="1" m="38505" /><E11/><V25/><F45/><W125/><G125/><T53/><D53/><U57/><E57/><V108/><F108/><W58/><G135/><T90/><D90/><N who="1" m="34315" /><E32/><V35/><F88/><N who="3" m="51247" /><G58/><T77/><D77/><U128/><E128/><V80/><F80/><W96/><G96/><T133/><D133/><U82/><E82/><V47/><F34/><W24/><G24/><T52/><D39/><U6/><E6/><V16/><F44/><W86/><G86/><T87/><D87/><U27/><E27/><V76/><F76/><W13/><G13/><T38/><D38/><U119/><E119/><V71/><F59/><W93/><G93/><RYUUKYOKU ba="0,0" sc="193,-15,215,15,215,-15,377,15" hai1="12,14,15,18,19,40,42" hai3="8,10,46,50,55,56,66,92,94,95" /><INIT seed="5,1,0,2,5,125" ten="178,230,200,392" oya="1" hai0="50,26,127,62,96,74,93,81,7,36,13,34,61" hai1="80,66,59,16,45,111,9,102,133,117,19,118,55" hai2="1,27,88,65,17,98,124,103,67,100,135,22,63" hai3="64,116,39,18,10,132,87,134,29,99,84,91,71"/><U101/><E133/><N who="3" m="51306" /><G39/><T0/><D36/><U49/><E111/><V57/><F124/><W95/><G116/><T115/><D0/><U114/><E114/><V24/><F1/><W20/><G29/><T79/><D115/><U56/><E117/><V113/><F135/><W119/><G10/><T2/><D2/><U12/><E118/><V86/><F113/><W14/><G119/><T53/><D127/><U5/><E80/><V3/><F3/><W38/><G38/><T76/><D76/><U123/><E123/><V54/><F24/><W4/><G4/><T72/><D72/><U120/><E120/><V30/><F30/><W109/><G109/><T94/><D94/><U69/><E69/><V73/><F73/><W41/><G41/><T33/><D13/><U23/><E5/><V92/><REACH who="2" step="1"/><F103/><REACH who="2" ten="178,230,190,392" step="2"/><N who="1" m="39433" /><E66/><V121/><F121/><W6/><G64/><T8/><D26/><AGARI ba="1,1" hai="9,12,16,19,23,26,45,49,55,56,59" m="39433" machi="26" ten="30,2900,0" yaku="8,1,54,1" doraHai="125" who="1" fromWho="0" sc="178,-32,230,42,190,0,392,0" /><INIT seed="5,2,0,0,1,27" ten="146,272,190,392" oya="1" hai0="46,81,50,42,124,54,3,26,96,131,17,97,18" hai1="113,58,105,16,93,86,11,44,63,9,51,71,73" hai2="25,117,67,82,78,69,32,52,36,8,1,31,100" hai3="35,53,109,24,48,28,62,65,74,128,10,89,123"/><U91/><E113/><V122/><F122/><W112/><G109/><T61/><D124/><U21/><E105/><V95/><F117/><W118/><G123/><T55/><D3/><U111/><E73/><V134/><F36/><W116/><G74/><T92/><D131/><U120/><E71/><V0/><F134/><W114/><G128/><T43/><D81/><U49/><E111/><V20/><F8/><N who="1" m="3145" /><E44/><V102/><F32/><W13/><G89/><T22/><D18/><U88/><E91/><V94/><F67/><W4/><G53/><T133/><D133/><U23/><E23/><V37/><F69/><N who="3" m="42167" /><G48/><T33/><D33/><U34/><E34/><V56/><F37/><W98/><G98/><T83/><D83/><U60/><E120/><V125/><F125/><W121/><G121/><T38/><D96/><U106/><E106/><V79/><F0/><W15/><G114/><T68/><D38/><U129/><E60/><N who="2" m="35847" /><F1/><N who="3" m="271" /><G112/><T45/><D68/><U77/><E77/><N who="2" m="29195" /><F82/><W104/><G104/><T126/><D126/><U115/><E129/><V132/><F132/><W85/><G118/><T110/><D110/><U7/><E7/><V101/><AGARI ba="2,0" hai="20,25,31,94,95,100,101,102" m="29195,35847" machi="101" ten="30,4000,0" yaku="8,1,52,1,54,1" doraHai="27" who="2" fromWho="2" sc="146,-12,272,-22,190,46,392,-12" /><INIT seed="6,0,0,3,2,59" ten="134,250,236,380" oya="2" hai0="76,49,41,100,56,46,35,9,3,131,106,85,133" hai1="54,92,98,0,29,75,135,94,48,99,82,37,17" hai2="69,93,4,102,16,114,129,11,70,86,101,130,116" hai3="89,111,78,95,61,40,13,88,32,80,51,58,2"/><V63/><F116/><W44/><G111/><T27/><D131/><N who="2" m="50186" /><F114/><W120/><G2/><T107/><D133/><U105/><E0/><V119/><F119/><W112/><G112/><T50/><D100/><U128/><E29/><V122/><F122/><W10/><G32/><T103/><D103/><U72/><E37/><V21/><F101/><W26/><G26/><T65/><D76/><U1/><E1/><N who="2" m="399" /><F63/><W81/><G120/><T28/><D85/><U30/><E128/><V132/><F132/><W22/><G22/><T12/><D3/><U8/><E105/><V134/><F134/><W14/><G14/><T113/><D113/><U115/><E115/><V117/><F117/><W42/><G42/><T77/><D77/><U110/><E110/><V121/><F121/><W123/><G123/><T31/><D31/><U79/><E30/><V25/><F86/><N who="3" m="52631" /><G89/><T62/><REACH who="0" step="1"/><D50/><REACH who="0" ten="124,250,236,380" step="2"/><U73/><E48/><V84/><F84/><W109/><G109/><T71/><D71/><U33/><E135/><V20/><F69/><W125/><G51/><T118/><D118/><U97/><E75/><V34/><F70/><W87/><G87/><T53/><D53/><U5/><E54/><V57/><F34/><W64/><G78/><T90/><D90/><U7/><E73/><V66/><F102/><W38/><G81/><T15/><D15/><N who="1" m="7399" /><E33/><V24/><F93/><W60/><G80/><T91/><D91/><N who="1" m="55455" /><E94/><V68/><F68/><W104/><G13/><T47/><D47/><U83/><E83/><V127/><F24/><W126/><G44/><T108/><D108/><U96/><AGARI ba="0,1" hai="5,7,72,79,82,96,98,99" m="55455,7399" machi="96" ten="30,1100,0" yaku="5,1" doraHai="59" who="1" fromWho="1" sc="124,-3,250,21,236,-5,380,-3" /><INIT seed="7,0,0,3,2,11" ten="121,271,231,377" oya="3" hai0="91,41,99,108,112,73,35,24,50,51,82,109,55" hai1="107,4,38,87,78,122,131,63,123,7,95,19,45" hai2="1,106,25,33,111,115,86,81,113,57,36,79,90" hai3="8,23,52,28,62,121,84,3,71,117,64,74,5"/><W26/><G117/><T46/><D112/><U60/><E107/><V94/><F111/><W116/><G116/><T118/><D118/><U102/><E38/><V53/><F1/><W133/><G74/><T54/><D41/><U69/><E45/><V13/><F36/><W48/><G133/><T126/><D126/><U20/><E69/><V120/><F106/><W105/><G105/><T22/><D35/><U68/><E68/><V114/><F120/><W0/><G84/><T39/><D39/><U49/><E49/><V124/><F124/><W2/><G121/><T42/><D73/><U85/><E95/><V72/><F25/><W129/><G129/><T92/><D42/><U70/><E70/><V44/><F44/><AGARI ba="0,0" hai="0,2,3,5,8,23,26,28,44,48,52,62,64,71" machi="44" ten="30,2900,0" yaku="7,1,54,1" doraHai="11" who="3" fromWho="2" sc="121,0,271,0,231,-29,377,29" owari="121,-38.0,271,7.0,202,-20.0,406,51.0" /></mjloggm>