<mjloggm ver="2.3"><GO type="169" lobby="0"/><UN n0="%4E%4F%2E%E2%85%A0" n1="%E9%B4%A8%E8%91%B1%E5%A4%AA%E9%83%8E" n2="%73%65%61%73%74%6F%72%79" n3="%E3%82%8A%E3%82%86%E3%83%BC" dan="16,17,16,17" rate="2160.62,2173.24,2077.10,2262.24" sx="M,M,M,M"/><TAIKYOKU oya="0"/><INIT seed="0,0,0,4,1,114" ten="250,250,250,250" oya="0" hai0="27,112,30,38,76,77,60,49,110,81,85,104,6" hai1="127,97,36,89,29,23,16,113,45,96,32,103,44" hai2="118,107,4,108,40,109,94,2,1,83,22,80,33" hai3="100,115,117,131,71,5,26,134,133,19,75,20,52"/><T102/><D112/><U9/><E113/><V57/><F107/><W86/><G115/><T51/><D38/><U78/><E78/><V12/><F33/><W132/><G131/><T82/><D6/><U54/><E127/><V122/><F122/><W47/><G75/><T14/><D14/><U39/><E32/><V128/><F128/><W24/><G71/><T70/><D110/><U31/><E9/><V0/><F40/><W55/><G5/><T74/><D102/><U84/><E39/><V126/><F126/><W59/><G100/><T106/><D60/><U121/><E97/><V21/><F94/><W37/><G117/><T42/><D70/><U58/><E36/><V87/><F57/><W61/><G86/><T119/><D119/><U56/><E56/><V11/><F118/><W13/><REACH who="3" step="1"/><G55/><REACH who="3" ten="250,250,250,240" step="2"/><T91/><D91/><U105/><E121/><V98/><F98/><W50/><G50/><T48/><REACH who="0" step="1"/><D42/><AGARI ba="0,1" hai="13,19,20,24,26,37,42,47,52,59,61,132,133,134" machi="42" ten="40,5200,0" yaku="1,1,20,1,54,1,53,0" doraHai="114" doraHaiUra="67" who="3" fromWho="0" sc="250,-52,250,0,250,0,240,62" /><INIT seed="1,0,0,0,3,87" ten="198,250,250,302" oya="1" hai0="12,17,65,62,27,20,33,71,21,115,120,117,129" hai1="13,90,107,128,10,123,40,110,35,104,57,3,0" hai2="121,73,30,52,22,75,70,103,51,68,16,6,96" hai3="39,88,83,95,101,97,59,74,94,28,77,92,37"/><U53/><E123/><V76/><F121/><W109/><G109/><T15/><D120/><U116/><E35/><V99/><F6/><W19/><G28/><T4/><D117/><U1/><E116/><V2/><F2/><W134/><G134/><T119/><D119/><U72/><E72/><V14/><F30/><W89/><G19/><T126/><D115/><U125/><E40/><V43/><F43/><W26/><G26/><T124/><D33/><U45/><E45/><V36/><F36/><W58/><G37/><T48/><D129/><U41/><E41/><V130/><F99/><W105/><G39/><T29/><REACH who="0" step="1"/><D48/><REACH who="0" ten="188,250,250,302" step="2"/><U78/><E128/><V55/><F130/><W127/><G127/><T31/><D31/><U98/><E125/><V54/><F51/><W113/><G113/><T50/><D50/><U23/><E110/><V102/><F76/><W118/><G118/><T133/><D133/><U11/><E78/><V91/><F75/><W79/><G79/><T84/><D84/><U5/><E11/><AGARI ba="0,1" hai="4,11,12,15,17,20,21,27,29,62,65,71,124,126" machi="11" ten="40,1300,0" yaku="1,1,53,0" doraHai="87" doraHaiUra="38" who="0" fromWho="1" sc="188,23,250,-13,250,0,302,0" /><INIT seed="2,0,0,2,1,93" ten="211,237,250,302" oya="2" hai0="57,132,36,131,61,50,126,42,133,82,13,113,108" hai1="67,34,64,75,48,96,98,51,100,12,11,39,114" hai2="22,87,81,105,118,116,80,125,8,104,53,14,102" hai3="90,103,21,38,79,33,40,110,60,97,135,46,31"/><V55/><F125/><W4/><G110/><T26/><D13/><U6/><E39/><V70/><F70/><W78/><G33/><T106/><D26/><U19/><E75/><V44/><F22/><W5/><G135/><N who="0" m="51787" /><D82/><U25/><E100/><V54/><F81/><W134/><G134/><T73/><D106/><U47/><E51/><V122/><F122/><W89/><G79/><T128/><D73/><U127/><E127/><V29/><F29/><W115/><G78/><T85/><D85/><U7/><E114/><V71/><F71/><W16/><G31/><T72/><D72/><U74/><E74/><V35/><F35/><W63/><G115/><T91/><D91/><U32/><E32/><V101/><F44/><W15/><G89/><T66/><D113/><U17/><E34/><V56/><F56/><W121/><G90/><T43/><D108/><U20/><E17/><V83/><F83/><W49/><G38/><T119/><D119/><U95/><E7/><N who="3" m="2634" /><G121/><T1/><D1/><U86/><E86/><V117/><F105/><W120/><G120/><T58/><D126/><U109/><E109/><V23/><F104/><W111/><G111/><T77/><D77/><U112/><E112/><V41/><F118/><W2/><G2/><T68/><D36/><U65/><E95/><AGARI ba="0,0" hai="15,16,21,40,46,49,60,63,95,97,103" m="2634" machi="95" ten="30,3900,0" yaku="8,1,52,1,54,1" doraHai="93" who="3" fromWho="1" sc="211,0,237,-39,250,0,302,39" /><INIT seed="3,0,0,4,3,58" ten="211,198,250,341" oya="3" hai0="100,56,91,37,80,41,92,57,8,113,134,93,115" hai1="75,65,17,2,122,130,22,24,10,112,83,60,54" hai2="64,38,111,36,45,52,14,43,125,102,120,67,35" hai3="132,71,39,114,101,53,5,55,6,49,95,47,40"/><W116/><G114/><N who="0" m="43531" /><D134/><U86/><E122/><V70/><F35/><W23/><G116/><T48/><D37/><U51/><E75/><V98/><F120/><W119/><G119/><T73/><D100/><U106/><E106/><V127/><F111/><W1/><G71/><T50/><D8/><U85/><E85/><V133/><F133/><W74/><G74/><T88/><D80/><U118/><E118/><V96/><F14/><W18/><G132/><T16/><D16/><U28/><E130/><V29/><F29/><W12/><G1/><T19/><D19/><U89/><E112/><V20/><F20/><W77/><G77/><T68/><D68/><U104/><E104/><V61/><F67/><W11/><G39/><T82/><D82/><U26/><E2/><V87/><F87/><W76/><G76/><T15/><D15/><U135/><E135/><V44/><F102/><W42/><G42/><T126/><D126/><N who="2" m="48138" /><F36/><W129/><G129/><T105/><D105/><U117/><E117/><V27/><F27/><N who="3" m="14839" /><G5/><T128/><D73/><U3/><E3/><V62/><F45/><W13/><G13/><T97/><D128/><U99/><E10/><V0/><F0/><W32/><G32/><T107/><D107/><U69/><E99/><AGARI ba="0,0" hai="6,11,12,40,47,49,53,55,95,99,101" m="14839" machi="99" ten="30,1500,0" yaku="8,1" doraHai="58" who="3" fromWho="1" sc="211,0,198,-15,250,0,341,15" /><INIT seed="3,1,0,1,4,31" ten="211,183,250,356" oya="3" hai0="76,87,55,95,109,16,25,126,45,80,50,35,39" hai1="124,0,22,63,33,103,128,82,68,111,91,69,51" hai2="47,30,88,122,84,83,56,27,15,113,131,40,54" hai3="130,92,93,14,4,129,102,62,121,64,101,86,17"/><W21/><G121/><T65/><D109/><U99/><E0/><V29/><F122/><W117/><G117/><T98/><D126/><U20/><E128/><N who="3" m="49258" /><G4/><T58/><D35/><U66/><E111/><V114/><F131/><W23/><G23/><N who="0" m="13543" /><D39/><U43/><E69/><V19/><F114/><W116/><G116/><T134/><D134/><U123/><E124/><V8/><F113/><W89/><G93/><T38/><D38/><U5/><E5/><V94/><F94/><W119/><G119/><T41/><D65/><U11/><E11/><V7/><F40/><W74/><G74/><T107/><D107/><U53/><E43/><V108/><F108/><W115/><G115/><T79/><D79/><U106/><E123/><V34/><F47/><W26/><G26/><T49/><D95/><U36/><E36/><V96/><F96/><AGARI ba="1,0" hai="41,45,49,50,55,58,76,80,87,96,98" m="13543" machi="96" ten="30,2000,0" yaku="8,1,54,1" doraHai="31" who="0" fromWho="2" sc="211,23,183,0,250,-23,356,0" /><INIT seed="4,0,0,1,1,117" ten="234,183,227,356" oya="0" hai0="115,15,47,92,61,93,11,17,5,99,56,125,109" hai1="68,34,54,75,94,24,46,9,69,79,36,64,22" hai2="101,44,3,31,128,10,100,135,30,129,106,110,73" hai3="42,81,4,65,12,112,14,95,35,121,21,58,123"/><T102/><D115/><U37/><E34/><V77/><F110/><W124/><G112/><T8/><D125/><U83/><E37/><V0/><F135/><W41/><G124/><T76/><D109/><U27/><E27/><V55/><F77/><W119/><G35/><T116/><D116/><U103/><E64/><V78/><F78/><W66/><G119/><T7/><D76/><U96/><E9/><V63/><F73/><W52/><G81/><T43/><D93/><U88/><E54/><V49/><F63/><W38/><G95/><T57/><D8/><U97/><E46/><V91/><F91/><W48/><G4/><T80/><D80/><U51/><E51/><V104/><F104/><W25/><G65/><T62/><D62/><U39/><E39/><V16/><F0/><W2/><G66/><T18/><D5/><U28/><REACH who="1" step="1"/><E36/><REACH who="1" ten="234,173,227,356" step="2"/><V40/><F55/><W85/><G38/><T118/><D118/><U120/><E120/><N who="3" m="46154" /><G2/><T105/><D105/><AGARI ba="0,1" hai="22,24,28,68,69,75,79,83,88,94,96,97,103,105" machi="105" ten="30,3900,0" yaku="1,1,7,1,54,1,53,0" doraHai="117" doraHaiUra="114" who="1" fromWho="0" sc="234,-39,173,49,227,0,356,0" /><INIT seed="5,0,0,1,3,118" ten="195,222,227,356" oya="1" hai0="9,114,0,64,79,8,3,30,61,44,80,75,5" hai1="91,12,94,126,62,124,10,125,85,36,19,42,1" hai2="4,97,128,111,45,93,14,83,108,31,25,58,48" hai3="6,26,129,28,33,18,52,59,104,55,74,103,88"/><U65/><E1/><V105/><F105/><W112/><G74/><T77/><D114/><U95/><E42/><V87/><F128/><W2/><G112/><T109/><D109/><U37/><REACH who="1" step="1"/><E94/><REACH who="1" ten="195,212,227,356" step="2"/><V76/><F111/><W32/><G2/><T69/><D0/><U51/><E51/><V71/><F108/><W116/><G116/><T47/><D77/><U43/><E43/><V56/><F48/><W130/><G104/><T132/><D132/><U106/><E106/><V39/><F76/><W123/><G130/><T27/><REACH who="0" step="1"/><D8/><REACH who="0" ten="185,212,227,356" step="2"/><U98/><E98/><V16/><F97/><W13/><G129/><T15/><D15/><U100/><E100/><V41/><F14/><W96/><G13/><T134/><D134/><U49/><E49/><V110/><F110/><W113/><G103/><T34/><AGARI ba="0,2" hai="3,5,9,27,30,34,44,47,61,64,69,75,79,80" machi="34" ten="20,5200,0" yaku="1,1,0,1,7,1,53,1" doraHai="118" doraHaiUra="60" who="0" fromWho="0" sc="185,72,212,-26,227,-13,356,-13" /><INIT seed="6,0,0,5,1,96" ten="257,186,214,343" oya="2" hai0="66,17,33,74,120,63,82,76,72,124,130,19,45" hai1="108,89,13,71,30,111,11,131,58,62,61,67,99" hai2="59,135,60,31,7,0,43,25,126,28,20,36,9" hai3="118,23,133,21,68,83,114,77,122,81,95,44,116"/><V86/><F135/><W55/><G122/><T98/><D120/><U134/><E134/><V109/><F126/><W112/><G68/><T105/><D124/><U92/><E30/><V87/><F109/><W14/><G133/><T104/><D130/><U106/><E106/><V52/><REACH who="2" step="1"/><F31/><REACH who="2" ten="257,186,204,343" step="2"/><W117/><G117/><T64/><D33/><U97/><E131/><V12/><F12/><W88/><G118/><T80/><D17/><U73/><E73/><V101/><F101/><W70/><G116/><T57/><D19/><U35/><E35/><V41/><F41/><W50/><G14/><T107/><D74/><U56/><E71/><V121/><F121/><W127/><G70/><T84/><D72/><U132/><E132/><V24/><F24/><W100/><G100/><T65/><D107/><U54/><REACH who="1" step="1"/><E99/><REACH who="1" ten="257,176,204,343" step="2"/><V49/><F49/><W34/><G50/><T113/><D98/><U8/><E8/><V3/><F3/><W90/><G34/><T78/><D104/><U93/><E93/><V16/><F16/><AGARI ba="0,2" hai="11,13,16,54,56,58,61,62,67,89,92,97,108,111" machi="16" ten="30,3900,0" yaku="1,1,7,1,54,1,53,0" doraHai="96" doraHaiUra="125" who="1" fromWho="2" sc="257,0,176,59,204,-39,343,0" /><INIT seed="7,0,0,0,2,99" ten="257,235,165,343" oya="3" hai0="51,55,119,75,30,52,41,113,76,56,83,3,63" hai1="66,110,84,77,33,47,101,29,114,131,86,100,80" hai2="68,117,127,15,22,82,7,37,36,115,79,35,124" hai3="25,73,130,1,111,34,9,42,94,43,0,102,96"/><W121/><G121/><T2/><D119/><U28/><E110/><V90/><F117/><W92/><G111/><T26/><D41/><U6/><E6/><V88/><F35/><W122/><G73/><T12/><D12/><U16/><E33/><V60/><F115/><W93/><G122/><T10/><D10/><U8/><E66/><V103/><F68/><W95/><G130/><T134/><D134/><U126/><E114/><V133/><F133/><W118/><G118/><T40/><D40/><U120/><E131/><V65/><F65/><W31/><REACH who="3" step="1"/><G0/><REACH who="3" ten="257,235,165,333" step="2"/><T39/><D113/><U61/><E120/><V53/><F127/><W98/><G98/><T23/><REACH who="0" step="1"/><D39/><REACH who="0" ten="247,235,165,333" step="2"/><U44/><E126/><V85/><F124/><W72/><G72/><T106/><D106/><U38/><E38/><V81/><F37/><W21/><G21/><T17/><D17/><U78/><E16/><V69/><F36/><W18/><G18/><T57/><AGARI ba="0,2" hai="2,3,23,26,30,51,52,55,56,57,63,75,76,83" machi="57" ten="20,8000,1" yaku="1,1,0,1,7,1,54,1,53,1" doraHai="99" doraHaiUra="19" who="0" fromWho="0" sc="247,100,235,-20,165,-20,333,-40" owari="347,44.0,215,-18.0,145,-35.0,293,9.0" /></mjloggm>