<mjloggm ver="2.3"><GO type="185" lobby="0"/><UN n0="%E9%95%B7%E5%85%89%E9%BA%BB%E5%A4%9C" n1="%E9%96%A2%E8%A5%BF%E9%9B%80%E5%A3%AB%E4%BC%9A" n2="%E3%82%8A%E3%82%80%E3%82%8B" n3="" dan="16,16,16,0" rate="2230.14,2118.19,2183.59,1500.00" sx="M,M,M,C"/><TAIKYOKU oya="0"/><INIT seed="0,0,0,3,1,98" ten="350,350,350,0" oya="0" hai0="86,79,111,71,74,33,104,3,134,73,129,69,68" hai1="62,113,72,114,81,50,125,88,131,63,107,105,64" hai2="2,132,135,119,124,61,97,54,32,123,1,80,67" hai3=""/><T109/><D3/><U59/><E131/><V120/><N who="2" m="30752" /><V108/><N who="2" m="31520" /><V0/><F32/><T133/><D33/><U96/><E72/><N who="0" m="27753" /><D129/><U36/><E36/><V46/><F108/><N who="0" m="41546" /><D104/><U70/><E50/><V41/><F124/><T117/><D117/><U100/><E107/><V35/><F35/><T115/><D115/><U49/><E49/><V91/><F119/><T87/><D79/><U38/><E38/><V56/><F80/><T76/><D76/><U65/><E125/><V103/><F91/><T60/><D60/><U118/><E118/><V57/><F41/><T78/><D78/><U39/><E39/><V45/><F57/><T66/><D66/><U40/><E40/><V83/><F83/><T51/><D51/><U58/><E70/><V99/><F99/><T121/><N who="0" m="31008" /><T92/><D92/><U53/><E53/><V52/><F54/><T110/><N who="0" m="41554" /><T130/><DORA hai="95" /><D130/><U102/><E105/><V93/><F67/><T44/><D44/><U85/><E114/><V42/><F42/><T127/><D127/><U90/><E113/><V34/><F34/><T47/><D47/><U48/><E48/><V112/><F112/><T89/><D89/><U84/><E84/><AGARI ba="0,0" hai="68,69,71,84,86,87,133,134" m="31008,41554,27753" machi="84" ten="60,12000,1" yaku="28,2,14,1,10,1,52,1" doraHai="98,95" who="0" fromWho="1" sc="350,120,350,-120,350,0,0,0" /><INIT seed="0,1,0,3,5,88" ten="470,230,350,0" oya="0" hai0="42,34,116,79,99,65,47,72,87,39,123,92,49" hai1="119,64,98,106,130,121,60,122,135,53,71,73,94" hai2="58,111,68,36,69,102,131,103,50,97,95,105,38" hai3=""/><T124/><N who="0" m="31520" /><T41/><D34/><U108/><N who="1" m="31008" /><U129/><N who="1" m="31264" /><U112/><E73/><V80/><F111/><T3/><D3/><U118/><E106/><V59/><F80/><T84/><D116/><U44/><E108/><V76/><F76/><T2/><D2/><U43/><E135/><V75/><F50/><T115/><D115/><U126/><E126/><V82/><F82/><T107/><D107/><U35/><E35/><V134/><F105/><T113/><D113/><U96/><E96/><V78/><F78/><T128/><D124/><U57/><E112/><V101/><F97/><T1/><D1/><U104/><E104/><V56/><F75/><T114/><D114/><U0/><E0/><V70/><F134/><T120/><D72/><U91/><E119/><V133/><F133/><T93/><N who="0" m="30752" /><T90/><D128/><U54/><E118/><V83/><F83/><T109/><D109/><U81/><E81/><V62/><F131/><N who="1" m="50185" /><E71/><V51/><F69/><T37/><D37/><AGARI ba="1,0" hai="37,43,44,53,54,57,60,64,91,94,98" m="50185,31264,31008" machi="37" ten="30,7700,0" yaku="19,1,52,3" doraHai="88" who="1" fromWho="0" sc="470,-79,230,79,350,0,0,0" /><INIT seed="1,0,0,0,3,93" ten="391,309,350,0" oya="1" hai0="41,51,105,37,35,48,79,44,61,46,32,121,3" hai1="64,109,116,50,73,130,120,54,103,115,89,85,101" hai2="106,113,81,40,128,55,111,67,33,72,71,59,114" hai3=""/><U119/><N who="1" m="30752" /><U118/><E115/><N who="2" m="44043" /><F33/><T49/><N who="0" m="31008" /><T80/><D3/><U91/><E73/><V107/><F111/><T2/><D2/><U98/><E130/><V57/><F128/><T47/><D105/><U36/><E36/><V97/><F40/><T60/><D37/><U124/><E64/><V39/><F39/><T104/><D104/><U74/><E74/><V94/><F71/><T68/><D41/><U82/><E124/><V43/><F43/><T34/><D68/><U112/><E112/><V133/><F133/><T76/><REACH who="0" step="1"/><D80/><REACH who="0" ten="381,309,350,0" step="2"/><U70/><E70/><V129/><F129/><T65/><D65/><U45/><REACH who="1" step="1"/><E109/><REACH who="1" ten="381,299,350,0" step="2"/><V134/><F67/><T53/><D53/><U90/><E90/><V58/><F55/><T99/><D99/><U92/><AGARI ba="0,2" hai="45,50,54,82,85,89,91,92,98,101,103,116,118,119" m="30752" machi="92" ten="40,8000,1" yaku="1,1,0,1,52,2,53,0" doraHai="93" doraHaiUra="127" who="1" fromWho="1" sc="381,-40,299,100,350,-40,0,0" /><INIT seed="1,1,0,2,0,80" ten="341,399,310,0" oya="1" hai0="45,64,91,69,48,101,38,82,77,114,49,117,83" hai1="67,90,108,61,40,46,34,75,74,102,110,113,99" hai2="63,43,3,115,71,120,76,97,131,88,73,35,58" hai3=""/><U111/><E34/><V130/><F35/><T54/><D114/><U68/><E113/><V2/><N who="2" m="30752" /><V127/><F115/><T121/><N who="0" m="31008" /><T0/><D0/><U62/><E62/><V118/><F118/><T134/><D134/><U47/><E90/><V107/><F127/><T103/><D117/><U41/><E47/><V95/><F71/><T56/><D38/><U122/><N who="1" m="31264" /><U93/><REACH who="1" step="1"/><E41/><REACH who="1" ten="341,389,310,0" step="2"/><V86/><F43/><T59/><D91/><U66/><E66/><V119/><F119/><T1/><D1/><U55/><E55/><V133/><F2/><T112/><D112/><U51/><AGARI ba="1,1" hai="40,46,51,61,67,68,74,75,93,99,102,108,110,111" m="31264" machi="51" ten="30,8000,1" yaku="1,1,0,1,14,1,10,1,52,1,53,0" doraHai="80" doraHaiUra="126" who="1" fromWho="1" sc="341,-41,389,92,310,-41,0,0" /><INIT seed="1,2,0,2,4,56" ten="300,481,269,0" oya="1" hai0="132,107,1,79,70,90,46,82,66,57,110,51,37" hai1="2,60,49,43,99,117,81,108,63,74,0,112,118" hai2="39,96,50,124,54,78,69,115,65,38,89,76,130" hai3=""/><U94/><E112/><V135/><F115/><T34/><D34/><U44/><E108/><V35/><F35/><T40/><D1/><U114/><E114/><V86/><F130/><T88/><D107/><U58/><E74/><V91/><F135/><T131/><D132/><U33/><E33/><V93/><F124/><T126/><D126/><U125/><E125/><V101/><F89/><T122/><N who="0" m="31264" /><T116/><D116/><U105/><E105/><V87/><F87/><T62/><D131/><U128/><E128/><V41/><F41/><T102/><D102/><U133/><E133/><V127/><F127/><T98/><D98/><U123/><N who="1" m="31520" /><U73/><E0/><V129/><F129/><T77/><D77/><U85/><E73/><V32/><F32/><T83/><D110/><U95/><E2/><V119/><F119/><T100/><D100/><U113/><E113/><V61/><F78/><T72/><D83/><U97/><E118/><V67/><F67/><T120/><N who="0" m="30752" /><T103/><D103/><U55/><E117/><V48/><F76/><T47/><D70/><U80/><E99/><V36/><REACH who="2" step="1"/><F54/><AGARI ba="2,0" hai="37,40,46,47,51,54,57,62,66,72,79,82,88,90" m="30752,31264" machi="54" ten="30,8000,1" yaku="7,1,52,3,54,1" doraHai="56" who="0" fromWho="2" sc="300,84,481,0,269,-84,0,0" /><INIT seed="2,0,0,4,3,47" ten="384,481,185,0" oya="2" hai0="3,41,77,78,80,117,88,69,87,53,48,90,121" hai1="123,68,85,107,71,65,97,130,44,108,52,67,119" hai2="60,50,110,32,135,95,104,40,46,94,79,102,74" hai3=""/><V58/><F32/><T92/><N who="0" m="31008" /><T64/><D3/><U86/><N who="1" m="31520" /><U111/><E130/><V93/><F135/><T98/><D117/><U63/><E107/><V38/><F110/><N who="1" m="42025" /><E97/><V62/><F104/><T39/><D41/><U131/><E131/><V66/><F102/><T70/><D39/><U118/><E86/><V109/><F109/><T132/><D132/><U59/><E85/><V124/><F124/><T106/><D106/><U57/><E44/><V103/><F103/><T36/><D36/><U81/><E81/><V122/><N who="2" m="31264" /><V34/><F34/><T126/><D126/><U128/><E128/><V89/><F38/><T75/><D64/><N who="1" m="24651" /><E59/><V96/><F79/><T72/><D78/><U35/><E35/><V84/><F74/><T120/><N who="0" m="30752" /><T2/><D2/><U55/><E55/><V100/><F95/><T45/><D75/><U51/><E63/><AGARI ba="0,0" hai="40,46,50,58,60,62,63,66,84,89,93,94,96,100" m="31264" machi="63" ten="40,7700,0" yaku="8,1,52,2" doraHai="47" who="2" fromWho="1" sc="384,0,481,-77,185,77,0,0" /><INIT seed="2,1,0,0,2,38" ten="384,404,262,0" oya="2" hai0="104,39,33,130,98,113,96,95,129,74,59,88,69" hai1="111,105,109,94,112,40,85,86,108,134,71,101,66" hai2="44,92,75,53,54,100,103,35,132,110,89,62,131" hai3=""/><V83/><F35/><T56/><D33/><U102/><E112/><V49/><F132/><T57/><D69/><U68/><E134/><V117/><F117/><T115/><D74/><U32/><E32/><V93/><F131/><N who="0" m="50186" /><D39/><U82/><E105/><V67/><F110/><T1/><D1/><U65/><E94/><V46/><F75/><T3/><D3/><U128/><E128/><V84/><F83/><T135/><D135/><U73/><E73/><V52/><F93/><T45/><D45/><U63/><E66/><V78/><F78/><T80/><D80/><U97/><E71/><V106/><F106/><T51/><D51/><U90/><E97/><V0/><F0/><T122/><N who="0" m="31264" /><T119/><D119/><U64/><E64/><V42/><REACH who="2" step="1"/><F46/><REACH who="2" ten="384,404,252,0" step="2"/><T121/><N who="0" m="31008" /><T81/><D81/><U87/><E82/><V76/><F76/><T41/><D104/><U125/><E111/><V124/><F124/><T36/><D95/><U77/><E125/><V99/><F99/><T116/><D116/><U47/><E77/><V50/><F50/><T79/><D79/><U70/><E109/><V118/><F118/><T91/><D96/><U133/><E133/><V107/><F107/><T114/><D98/><U60/><E108/><RYUUKYOKU ba="1,1" sc="384,10,404,-20,252,10,0,0" hai0="36,41,56,57,59,88,91,113,114,115" hai2="42,44,49,52,53,54,62,67,84,89,92,100,103" /><INIT seed="2,2,1,4,2,67" ten="394,384,262,0" oya="2" hai0="55,38,127,79,73,36,39,69,42,48,43,2,82" hai1="84,103,129,3,113,0,122,70,65,32,66,35,81" hai2="110,126,54,104,97,53,44,60,91,101,64,83,58" hai3=""/><V34/><F34/><T62/><D2/><U88/><N who="1" m="31264" /><U63/><E113/><V115/><F115/><T68/><D127/><U71/><E129/><V87/><F126/><T123/><N who="0" m="31520" /><T52/><D55/><U98/><E35/><V121/><N who="2" m="31008" /><V109/><REACH who="2" step="1"/><F44/><REACH who="2" ten="394,384,252,0" step="2"/><T99/><D99/><U57/><E32/><V117/><F117/><T112/><D112/><U95/><E3/><V90/><F90/><T76/><D76/><U77/><E0/><V50/><F50/><T111/><D111/><AGARI ba="2,2" hai="53,54,58,60,64,83,87,91,97,101,104,109,110,111" m="31008" machi="111" ten="40,12000,1" yaku="1,1,14,1,10,1,52,1,53,1" doraHai="67" doraHaiUra="118" who="2" fromWho="0" sc="394,-124,384,0,252,144,0,0" /><INIT seed="2,3,0,5,3,43" ten="270,384,396,0" oya="2" hai0="79,58,1,131,115,49,64,40,98,81,124,133,45" hai1="110,135,42,57,69,44,53,38,132,41,71,80,68" hai2="84,89,103,46,104,108,35,111,2,39,63,52,66" hai3=""/><V60/><F2/><T105/><D1/><U127/><E80/><V75/><F75/><T55/><D115/><U95/><E95/><V121/><N who="2" m="31008" /><V100/><F35/><T62/><D133/><N who="1" m="51275" /><E110/><N who="2" m="42027" /><F104/><T118/><D118/><U112/><E42/><V3/><F3/><T83/><D131/><U48/><E127/><V65/><F39/><T126/><D83/><U33/><E33/><V107/><F107/><T78/><D78/><U106/><E106/><V85/><F85/><T96/><D105/><U125/><E125/><V116/><F116/><T91/><D91/><U88/><E88/><V50/><F63/><T134/><D134/><U34/><E34/><V92/><F66/><T109/><D109/><U47/><E112/><V74/><F74/><T113/><D113/><U36/><E57/><AGARI ba="3,0" hai="46,50,52,57,60,65,84,89,92,100,103" m="42027,31008" machi="57" ten="30,12000,1" yaku="14,1,10,1,52,2,54,1" doraHai="43" who="2" fromWho="1" sc="270,0,384,-126,396,126,0,0" /><INIT seed="2,4,0,3,1,118" ten="270,258,522,0" oya="2" hai0="111,80,114,81,97,59,127,52,45,55,130,85,103" hai1="75,79,71,56,42,121,76,69,100,109,98,102,39" hai2="49,116,53,38,48,41,2,96,54,95,83,51,119" hai3=""/><V113/><F113/><T82/><D127/><U120/><N who="1" m="30752" /><U43/><N who="1" m="31008" /><U108/><E56/><V0/><F38/><T133/><D114/><U73/><REACH who="1" step="1"/><E98/><REACH who="1" ten="270,248,522,0" step="2"/><V1/><F96/><T58/><D133/><U37/><AGARI ba="4,1" hai="37,39,42,43,69,71,73,75,76,79,100,102,108,109" m="31008,30752" machi="37" ten="25,12000,3" yaku="1,1,2,1,0,1,22,2,52,4,53,0" doraHai="118" doraHaiUra="129" who="1" fromWho="1" sc="270,-44,248,138,522,-84,0,0" /><INIT seed="4,0,0,1,3,60" ten="226,386,438,0" oya="0" hai0="50,65,77,80,66,113,83,108,53,107,74,70,54" hai1="118,114,33,45,57,112,32,38,124,93,36,55,101" hai2="76,40,92,35,95,86,110,79,99,39,69,56,105" hai3=""/><T123/><N who="0" m="31520" /><T81/><D113/><N who="1" m="43627" /><E118/><V47/><F110/><T106/><D108/><U122/><N who="1" m="31264" /><U49/><E124/><V52/><F69/><T104/><D70/><U103/><E57/><V78/><F35/><N who="1" m="13385" /><E93/><V84/><F105/><T119/><D119/><U3/><E3/><V73/><F73/><T88/><D54/><U63/><E63/><V131/><F131/><T62/><D62/><U127/><E127/><V90/><REACH who="2" step="1"/><F95/><REACH who="2" ten="226,386,428,0" step="2"/><T129/><D129/><U94/><E94/><V91/><F91/><T130/><D130/><U117/><E117/><V89/><F89/><T41/><D88/><U72/><E72/><V128/><F128/><T64/><REACH who="0" step="1"/><D41/><REACH who="0" ten="216,386,428,0" step="2"/><U71/><E71/><V132/><F132/><T85/><D85/><U135/><E135/><V109/><F109/><T96/><D96/><U37/><AGARI ba="0,2" hai="36,37,38,45,49,55,101,103" m="13385,31264,43627" machi="37" ten="40,3900,0" yaku="15,1,11,1,52,1" doraHai="60" who="1" fromWho="1" sc="216,-26,386,59,428,-13,0,0" /><INIT seed="5,0,0,1,5,71" ten="190,445,415,0" oya="1" hai0="81,106,44,128,59,95,78,127,121,76,80,42,48" hai1="61,126,120,129,64,49,110,94,84,32,98,96,87" hai2="70,51,92,53,54,86,93,72,46,2,131,100,47" hai3=""/><U77/><N who="1" m="30752" /><U3/><E3/><V63/><F2/><T123/><N who="0" m="31008" /><T45/><N who="0" m="31520" /><T132/><D106/><U117/><E117/><V91/><F72/><T75/><D132/><U68/><E32/><V104/><F104/><T111/><D111/><U36/><E129/><V102/><F131/><T58/><D128/><U35/><E35/><V33/><F33/><T57/><D127/><U103/><E126/><V74/><F74/><T0/><D0/><U113/><E113/><V119/><F119/><T50/><D95/><U83/><E36/><V133/><F133/><T69/><D69/><U52/><E110/><V73/><F73/><T62/><D80/><U105/><E87/><V118/><F118/><T43/><REACH who="0" step="1"/><D76/><REACH who="0" ten="180,445,415,0" step="2"/><U67/><E105/><V41/><F93/><T40/><D40/><U65/><REACH who="1" step="1"/><E98/><REACH who="1" ten="180,435,415,0" step="2"/><V79/><F79/><T39/><D39/><U85/><E85/><V66/><F86/><T34/><D34/><U122/><N who="1" m="31264" /><U88/><E88/><V116/><F91/><T82/><D82/><U114/><E114/><V101/><F116/><T125/><D125/><U89/><E89/><V134/><F134/><T55/><AGARI ba="0,2" hai="42,43,44,45,48,50,55,57,58,59,62,75,78,81" m="31520,31008" machi="55" ten="20,9000,2" yaku="1,1,0,1,7,1,9,1,52,2,53,0" doraHai="71" doraHaiUra="115" who="0" fromWho="0" sc="180,110,435,-60,415,-30,0,0" /><INIT seed="6,0,0,5,1,95" ten="290,375,385,0" oya="2" hai0="106,62,99,134,88,126,100,51,82,54,38,105,80" hai1="37,34,133,77,0,119,85,49,64,61,73,32,52" hai2="66,127,84,91,102,35,76,36,101,118,123,74,33" hai3=""/><V81/><N who="2" m="31520" /><V135/><F118/><T128/><D134/><U56/><E0/><V58/><F36/><T116/><D116/><U104/><E119/><V1/><F1/><T98/><D126/><U59/><E133/><V103/><F135/><T41/><D128/><U111/><E111/><V40/><F40/><T68/><D41/><U132/><E132/><V112/><F127/><T125/><D38/><U120/><N who="1" m="30752" /><U107/><E73/><V117/><F117/><T90/><D125/><U89/><E77/><V53/><F66/><T43/><D43/><U39/><E39/><V72/><F112/><T97/><D100/><U92/><REACH who="1" step="1"/><E37/><REACH who="1" ten="290,365,385,0" step="2"/><V130/><F130/><T87/><D105/><AGARI ba="0,1" hai="32,34,49,52,56,59,61,64,85,89,92,104,105,107" m="30752" machi="105" ten="40,8000,1" yaku="1,1,2,1,52,1,54,1,53,0" doraHai="95" doraHaiUra="96" who="1" fromWho="0" sc="290,-80,365,90,385,0,0,0" owari="210,-39.0,455,40.0,385,-1.0,0,0.0" /></mjloggm>