<mjloggm ver="2.3"><GO type="169" lobby="0"/><UN n0="%E3%82%A2%E3%83%BC%E3%82%AF%EF%BC%AB" n1="%E3%81%84%E3%81%84%E3%81%9E" n2="%E8%A5%BF%E5%B2%A1%E8%82%B2%E6%9C%AA%E2%99%AA" n3="%E3%81%96%E3%82%8A%E3%81%8C%E3%81%AB%E3%81%8F%E3%82%93" dan="17,16,16,17" rate="2218.31,2135.75,2095.98,2227.53" sx="M,M,F,M"/><TAIKYOKU oya="0"/><INIT seed="0,0,0,4,2,9" ten="250,250,250,250" oya="0" hai0="100,44,22,17,69,105,23,95,28,1,47,129,84" hai1="59,80,70,46,64,3,2,88,8,119,124,115,39" hai2="21,25,58,89,109,50,126,5,110,107,93,87,56" hai3="134,40,122,11,78,45,127,74,71,114,92,135,79"/><T43/><D1/><U27/><E119/><V82/><F107/><W20/><G114/><T30/><D69/><U16/><E115/><V26/><F126/><W48/><G71/><T76/><D105/><U73/><E70/><V18/><F5/><W68/><G68/><T128/><D100/><U130/><E124/><V7/><F7/><W15/><G127/><T54/><D54/><U33/><E130/><V61/><F50/><W125/><G125/><T131/><D47/><U10/><E73/><V86/><F26/><W63/><G122/><T72/><D72/><U102/><E102/><V35/><F35/><W98/><G20/><T97/><D97/><U112/><E39/><V42/><F42/><W75/><G63/><T113/><D113/><U38/><E38/><V31/><F31/><N who="0" m="11818" /><D17/><U53/><E33/><V106/><F106/><W29/><G29/><T55/><D55/><U94/><E46/><V67/><REACH who="2" step="1"/><F58/><REACH who="2" ten="250,250,240,250" step="2"/><W62/><G40/><T81/><D95/><U36/><E94/><V41/><F41/><W34/><G92/><T37/><AGARI ba="0,1" hai="22,23,37,43,44,76,81,84,128,129,131" m="11818" machi="37" ten="40,2100,0" yaku="19,1" doraHai="9" who="0" fromWho="0" sc="250,31,250,-7,240,-7,250,-7" /><INIT seed="0,1,0,4,4,1" ten="281,243,233,243" oya="0" hai0="48,84,119,0,29,40,107,118,11,121,68,42,85" hai1="116,94,69,60,45,74,72,89,117,35,21,125,55" hai2="113,135,133,54,56,7,70,95,105,4,109,26,3" hai3="19,134,8,132,17,18,46,126,128,34,14,127,81"/><T78/><D68/><U10/><E35/><V33/><F105/><W53/><G81/><T76/><D107/><U24/><E125/><N who="3" m="47626" /><G53/><T67/><D67/><U129/><E129/><V65/><F3/><W99/><G99/><T66/><D66/><U122/><E69/><V106/><F106/><W6/><G46/><T108/><D0/><U131/><E122/><V58/><F113/><W87/><G87/><T30/><D11/><U20/><E20/><V64/><F109/><W111/><G111/><T36/><D108/><U123/><E123/><V79/><F70/><W32/><G128/><T130/><D130/><U80/><E10/><V102/><F65/><W88/><G88/><T12/><D12/><U115/><E115/><V96/><F79/><W93/><G93/><T77/><D121/><U37/><E37/><V13/><F13/><W100/><G100/><T52/><D36/><U92/><E92/><V91/><F102/><W114/><G114/><T103/><D103/><U83/><E131/><V73/><F73/><W63/><G63/><T59/><D119/><U62/><E60/><N who="2" m="37895" /><F58/><W90/><G90/><T104/><D118/><U31/><E116/><V2/><F54/><W41/><G41/><N who="0" m="15979" /><D104/><U57/><E45/><V120/><F2/><W38/><G38/><T50/><D50/><U43/><E43/><V15/><F15/><W25/><G25/><T97/><D97/><N who="1" m="57551" /><E117/><V23/><F120/><W51/><G51/><T5/><D84/><U44/><E44/><V110/><F110/><W124/><N who="3" m="47634" /><W27/><DORA hai="86" /><G27/><T22/><D85/><U98/><E98/><RYUUKYOKU ba="1,0" sc="281,-15,243,15,233,-15,243,15" hai1="21,24,31,55,57,62,72,74,80,83" hai3="6,8,14,17,18,19,32,34,132,134" /><INIT seed="1,2,0,2,1,124" ten="266,258,218,258" oya="1" hai0="97,53,113,81,78,3,48,6,114,111,34,120,102" hai1="112,90,37,17,99,24,115,55,105,85,26,20,46" hai2="93,76,134,40,45,13,86,25,33,118,100,7,132" hai3="73,70,8,84,50,128,82,43,57,116,108,103,91"/><U89/><E26/><V54/><F118/><W80/><G70/><T42/><D34/><U63/><E37/><V58/><F7/><W4/><G116/><T94/><D120/><U12/><E12/><V71/><F13/><W83/><G108/><T96/><D111/><U0/><E0/><V92/><F71/><W69/><G69/><T10/><D42/><U1/><E1/><V65/><F65/><W23/><G73/><T28/><D97/><U29/><E29/><N who="2" m="19631" /><F100/><W11/><G128/><T32/><D28/><U104/><E104/><V106/><F86/><W15/><G103/><T22/><D22/><U16/><E17/><V74/><F76/><W121/><G121/><T95/><D95/><N who="1" m="56815" /><E46/><V64/><F64/><W122/><G122/><T27/><D27/><U2/><E2/><V66/><F66/><W133/><G133/><N who="2" m="51305" /><F106/><W49/><G11/><T36/><D32/><U35/><E35/><V56/><F56/><W77/><G23/><T18/><D18/><U39/><E105/><V44/><F44/><N who="3" m="25759" /><G91/><T59/><REACH who="0" step="1"/><D36/><REACH who="0" ten="256,258,218,258" step="2"/><U47/><E39/><N who="2" m="21663" /><F74/><AGARI ba="2,1" hai="3,6,10,48,53,59,74,78,81,94,96,102,113,114" machi="74" ten="30,2000,0" yaku="1,1,7,1,53,0" doraHai="124" doraHaiUra="101" who="0" fromWho="2" sc="256,36,258,0,218,-26,258,0" /><INIT seed="2,0,0,2,0,20" ten="292,258,192,258" oya="2" hai0="59,52,126,92,68,117,36,90,51,2,102,127,120" hai1="3,53,6,45,19,39,99,85,105,81,94,46,103" hai2="65,35,61,70,83,71,100,60,106,76,104,23,31" hai3="44,1,84,12,21,0,123,58,121,133,130,57,135"/><V118/><F118/><W86/><G44/><T24/><D68/><U73/><E39/><V41/><F23/><W56/><G12/><T110/><D36/><U82/><E82/><V29/><F41/><W116/><G21/><T88/><D2/><N who="3" m="1129" /><G116/><T34/><D117/><U22/><E3/><V132/><F132/><N who="3" m="50763" /><G130/><T28/><D110/><U42/><E6/><V63/><F29/><W48/><G48/><T38/><D38/><U95/><E53/><V98/><F106/><W13/><G13/><T27/><D27/><U125/><E125/><N who="0" m="47625" /><D120/><AGARI ba="0,0" hai="56,57,58,84,86,120,121,123" m="50763,1129" machi="120" ten="40,5200,0" yaku="28,2,20,1" doraHai="20" who="3" fromWho="0" sc="292,-52,258,0,192,0,258,52" /><INIT seed="3,0,0,5,0,52" ten="240,258,192,310" oya="3" hai0="30,124,88,93,8,112,4,29,49,27,41,129,118" hai1="77,16,134,35,119,68,113,111,12,132,71,67,79" hai2="84,10,126,100,62,9,36,120,135,72,81,28,3" hai3="109,73,37,11,131,82,54,1,87,46,7,83,32"/><W117/><G117/><T86/><D118/><U130/><E119/><V23/><F36/><W24/><G131/><T38/><D38/><U44/><E130/><V21/><F72/><W42/><G109/><T55/><D129/><U40/><E113/><V0/><F100/><W50/><G73/><T123/><D124/><U97/><E35/><V106/><F106/><W61/><G61/><T94/><D123/><U47/><E97/><V13/><F84/><W122/><G122/><T103/><D41/><U105/><E105/><V57/><F81/><W64/><G64/><T26/><D112/><U108/><E77/><V78/><F78/><W6/><G6/><T63/><D63/><N who="1" m="40063" /><E71/><V127/><F57/><W102/><G102/><T76/><D76/><U85/><E85/><V5/><F62/><W58/><REACH who="3" step="1"/><G87/><REACH who="3" ten="240,258,192,300" step="2"/><T107/><D103/><U25/><E111/><V92/><F5/><W43/><G43/><T45/><D107/><U90/><E108/><V110/><F110/><W60/><G60/><T101/><D101/><U69/><E40/><V91/><F120/><W31/><AGARI ba="0,1" hai="1,7,11,24,31,32,37,42,46,50,54,58,82,83" machi="31" ten="30,6000,0" yaku="1,1,0,1,52,1,53,0" doraHai="52" doraHaiUra="18" who="3" fromWho="3" sc="240,-20,258,-20,192,-20,300,70" /><INIT seed="3,1,0,2,1,84" ten="220,238,172,370" oya="3" hai0="92,103,62,80,58,12,78,4,42,109,18,60,101" hai1="124,9,13,39,66,37,130,106,81,117,75,79,44" hai2="41,70,114,88,43,73,40,59,127,108,82,35,89" hai3="123,104,3,2,25,77,115,83,72,74,49,0,63"/><W96/><G123/><T32/><D32/><U69/><E130/><V21/><F70/><W23/><G115/><T10/><D109/><U119/><E106/><V55/><F35/><W11/><G49/><T28/><D28/><U17/><E124/><V91/><F114/><W87/><G11/><T61/><D42/><U52/><E66/><V129/><F108/><W71/><G71/><T99/><D101/><U6/><E69/><V125/><F129/><W133/><G63/><T97/><D97/><U36/><E6/><V100/><F100/><W110/><G110/><T107/><D107/><U46/><REACH who="1" step="1"/><E52/><REACH who="1" ten="220,228,172,370" step="2"/><V56/><F56/><W5/><G5/><T128/><D128/><U29/><E29/><V67/><F67/><W16/><G104/><T57/><REACH who="0" step="1"/><D4/><REACH who="0" ten="210,228,172,370" step="2"/><U126/><E126/><V1/><F127/><W7/><G7/><T33/><D33/><U113/><E113/><V20/><F125/><W121/><G0/><T19/><D19/><U48/><E48/><V51/><REACH who="2" step="1"/><F1/><REACH who="2" ten="210,228,162,370" step="2"/><W118/><G2/><T105/><D105/><U95/><E95/><V86/><F86/><AGARI ba="1,3" hai="10,12,18,57,58,60,61,62,78,80,86,92,99,103" machi="86" ten="40,2600,0" yaku="1,1,8,1,53,0" doraHai="84" doraHaiUra="22" who="0" fromWho="2" sc="210,59,228,0,162,-29,370,0" /><INIT seed="4,0,0,3,1,13" ten="269,228,133,370" oya="0" hai0="112,50,11,89,135,35,0,21,62,120,127,132,24" hai1="125,49,93,27,45,72,10,6,103,39,75,55,16" hai2="97,63,56,12,71,51,44,111,60,67,134,65,122" hai3="113,131,77,110,95,59,108,81,70,121,91,92,100"/><T109/><D120/><U102/><E125/><V54/><F122/><W40/><G70/><T126/><D62/><U84/><E39/><V68/><F111/><W4/><G113/><T52/><D35/><U116/><E116/><V118/><F118/><W2/><G121/><T33/><D33/><U94/><E72/><V23/><F97/><W5/><G131/><T79/><D79/><U128/><E75/><V1/><F1/><W32/><G32/><T42/><D42/><U18/><E128/><V64/><F12/><W48/><G100/><N who="1" m="38442" /><E27/><V80/><F23/><W66/><G95/><N who="1" m="36362" /><E84/><V31/><F80/><W117/><G117/><T47/><D89/><U25/><E25/><V34/><F31/><W86/><G2/><T41/><D112/><U88/><E88/><V114/><F34/><W124/><G124/><N who="0" m="47659" /><D109/><U107/><E107/><V29/><F29/><W96/><G110/><T28/><D41/><U26/><E26/><V7/><F114/><W15/><G108/><T129/><D129/><U82/><E82/><V85/><F85/><W8/><G40/><T38/><D38/><U115/><E115/><V87/><F87/><W20/><G91/><T57/><D47/><U76/><E76/><V105/><F105/><W73/><G77/><T36/><D36/><U46/><E46/><V104/><F104/><W19/><G73/><T123/><D123/><U37/><E37/><V99/><F44/><W101/><G101/><T58/><D58/><U106/><E106/><V98/><F68/><W130/><G130/><T22/><D0/><U83/><E83/><V78/><F71/><RYUUKYOKU ba="0,0" sc="269,-10,228,30,133,-10,370,-10" hai1="6,10,16,18,45,49,55" /><INIT seed="5,1,0,0,0,84" ten="259,258,123,360" oya="1" hai0="46,83,14,117,19,34,93,98,114,29,6,7,86" hai1="76,65,88,135,40,103,101,4,68,125,82,9,21" hai2="67,132,95,38,109,106,85,110,2,96,32,75,78" hai3="77,15,60,30,108,51,73,71,99,122,119,24,5"/><U91/><E135/><V127/><F38/><W56/><G108/><T116/><D114/><U123/><E123/><V100/><F2/><W31/><G122/><T115/><D115/><U74/><E125/><V121/><F32/><W36/><G36/><T26/><D46/><U81/><E40/><V111/><F67/><W10/><G119/><T92/><D92/><U13/><E82/><N who="2" m="45407" /><F121/><W94/><G71/><T17/><D17/><U42/><E42/><V133/><F127/><W39/><G39/><T28/><D28/><U90/><REACH who="1" step="1"/><E21/><REACH who="1" ten="259,248,123,360" step="2"/><V97/><F85/><W80/><G80/><T8/><D117/><U3/><E3/><V11/><F11/><W61/><G10/><T124/><D116/><U33/><E33/><V131/><F131/><W107/><G73/><T120/><D124/><U44/><E44/><V50/><F50/><W54/><G51/><T25/><D120/><U87/><E87/><V134/><F111/><W72/><G72/><T1/><D1/><U27/><E27/><V55/><F55/><W70/><G24/><T59/><D26/><U105/><E105/><V69/><F69/><W118/><G54/><T52/><D86/><U102/><E102/><AGARI ba="1,1" hai="95,96,97,100,102,106,109,110,132,133,134" m="45407" machi="102" ten="30,3900,0" yaku="20,1,34,2" doraHai="84" who="2" fromWho="1" sc="259,0,248,-42,123,52,360,0" /><INIT seed="6,0,0,5,1,32" ten="259,206,175,360" oya="2" hai0="76,79,15,98,19,55,66,46,44,81,87,132,84" hai1="128,91,93,41,59,111,21,38,69,106,131,99,102" hai2="26,43,37,57,130,12,14,92,89,2,104,118,124" hai3="11,42,54,58,6,33,116,85,129,75,45,101,50"/><V56/><F104/><W71/><G129/><N who="1" m="49738" /><E69/><V107/><F107/><W47/><G116/><T133/><D66/><U63/><E21/><V64/><F118/><W123/><G75/><T77/><D98/><U127/><E127/><V39/><F130/><W103/><G123/><T20/><D87/><N who="1" m="52479" /><E111/><V5/><F124/><W3/><G33/><T61/><D133/><U53/><E41/><V4/><F26/><W0/><G0/><T119/><D132/><U80/><E80/><V96/><F2/><W86/><G71/><T49/><D119/><U109/><E109/><V9/><F43/><W10/><G10/><T16/><D61/><U23/><E23/><V83/><F83/><W7/><G7/><N who="2" m="2633" /><F37/><AGARI ba="0,0" hai="37,38,53,59,63,99,102,106" m="52479,49738" machi="37" ten="30,1000,0" yaku="19,1" doraHai="32" who="1" fromWho="2" sc="259,0,206,10,175,-10,360,0" /><INIT seed="7,0,0,1,1,53" ten="259,216,165,360" oya="3" hai0="21,93,70,91,96,32,58,48,29,31,89,35,20" hai1="9,46,73,106,82,23,74,78,122,7,68,127,117" hai2="47,18,107,10,80,65,109,105,67,27,60,26,62" hai3="30,72,135,79,15,92,22,108,104,56,8,87,88"/><W28/><G135/><T99/><D70/><U95/><E117/><V3/><F109/><W4/><G108/><T61/><D48/><U50/><E106/><V71/><F47/><W63/><G104/><T69/><D69/><U43/><E122/><V52/><F3/><W24/><G72/><T125/><D125/><U12/><E68/><V77/><F26/><W111/><G111/><T129/><D129/><U119/><E119/><V64/><F71/><W115/><G115/><T76/><D76/><U40/><E40/><V49/><F105/><W11/><G79/><T83/><D83/><U6/><E6/><V66/><N who="2" m="16384" /><DORA hai="128" /><V118/><F107/><W114/><G114/><T112/><D112/><U102/><E23/><V59/><F118/><W120/><G120/><T2/><D2/><U90/><E102/><V25/><F25/><W134/><G134/><T94/><D61/><U98/><E127/><V126/><F126/><W41/><G41/><T34/><D34/><U55/><E55/><V45/><F45/><W116/><G116/><T123/><D123/><U130/><E130/><V101/><F101/><W84/><G11/><T110/><D110/><U75/><AGARI ba="0,0" hai="7,9,12,43,46,50,73,74,75,78,82,90,95,98" machi="75" ten="20,1500,0" yaku="0,1,7,1" doraHai="53,128" who="1" fromWho="1" sc="259,-4,216,15,165,-4,360,-7" owari="255,6.0,231,-17.0,161,-34.0,353,45.0" /></mjloggm>