<mjloggm ver="2.3"><GO type="169" lobby="0"/><UN n0="%E7%83%8F%E8%B3%8A%E4%B9%8B%E8%BC%94" n1="%4E%4F%2E%E2%85%A0" n2="%E6%B2%96%E3%83%92%E3%82%AB%E3%83%AB%EF%BC%88%E6%9C%AC%E7%89%A9%EF%BC%89" n3="%E3%81%B2%E3%81%90%E3%81%A1" dan="17,16,16,17" rate="2208.34,2170.23,2075.43,2246.18" sx="M,M,F,M"/><TAIKYOKU oya="0"/><INIT seed="0,0,0,5,3,67" ten="250,250,250,250" oya="0" hai0="70,65,117,56,46,34,35,36,120,99,44,42,28" hai1="79,3,43,105,124,96,51,128,23,58,59,29,86" hai2="101,87,80,64,6,20,106,85,62,88,71,92,54" hai3="104,125,130,112,95,133,4,32,129,76,135,73,126"/><T10/><D117/><U90/><E128/><N who="3" m="49258" /><G104/><T78/><D120/><U89/><E124/><N who="3" m="47722" /><G32/><T74/><D56/><N who="1" m="21547" /><E3/><V60/><F54/><W100/><G4/><T33/><D46/><N who="1" m="26079" /><E105/><V26/><F62/><W0/><G0/><T77/><D77/><U72/><E72/><V55/><F55/><W84/><G112/><T9/><D28/><U14/><E96/><V118/><F118/><W45/><G45/><T13/><D99/><U91/><E79/><V122/><F6/><W5/><G5/><T98/><D98/><U37/><E37/><V63/><F122/><W81/><G100/><T52/><D78/><U115/><E115/><V40/><F106/><W30/><G30/><T111/><D34/><U69/><E69/><V24/><F101/><W113/><G113/><T53/><D35/><U38/><E38/><V116/><F116/><W83/><G95/><T119/><D33/><U103/><E103/><V82/><F92/><W121/><G121/><T97/><D119/><U17/><E29/><V18/><F80/><AGARI ba="0,0" hai="14,17,23,80,86,89,90,91" m="26079,21547" machi="80" ten="30,1000,0" yaku="8,1" doraHai="67" who="1" fromWho="2" sc="250,0,250,10,250,-10,250,0" /><INIT seed="1,0,0,2,0,98" ten="250,260,240,250" oya="1" hai0="45,78,83,38,109,64,91,122,111,30,1,92,86" hai1="82,123,74,54,101,33,95,96,129,68,49,36,94" hai2="13,115,8,73,69,7,70,84,18,4,135,41,27" hai3="58,43,80,102,89,113,48,99,125,0,59,9,132"/><U20/><E129/><V88/><F73/><W44/><G113/><T106/><D1/><U2/><E33/><V29/><F115/><W32/><G32/><T55/><D64/><U19/><E36/><V108/><F41/><W34/><G34/><T121/><D55/><U77/><E123/><N who="0" m="47113" /><D45/><U93/><E68/><V76/><F76/><W127/><G132/><T60/><D60/><U35/><E2/><V114/><F135/><W12/><G0/><T87/><D30/><U117/><E117/><V17/><F114/><W131/><G131/><T120/><D38/><U53/><E35/><V3/><F7/><W11/><G59/><T14/><D14/><U39/><E39/><V21/><F18/><W90/><G58/><T24/><D24/><U52/><REACH who="1" step="1"/><E49/><REACH who="1" ten="250,250,240,250" step="2"/><V15/><F3/><W25/><G48/><T119/><D120/><U47/><E47/><V31/><F70/><W75/><G44/><T42/><D119/><U66/><E66/><V130/><F69/><W56/><G125/><T81/><D42/><U126/><E126/><V107/><F130/><W100/><G127/><T37/><D37/><U65/><E65/><V134/><F134/><W22/><G43/><T23/><D111/><U71/><E71/><V10/><F31/><W104/><G56/><T110/><D109/><U105/><E105/><V28/><F107/><W72/><G104/><T57/><D106/><U116/><E116/><V16/><F108/><W62/><G62/><T124/><D124/><U6/><E6/><V79/><F4/><W133/><G133/><T128/><D110/><U26/><AGARI ba="0,1" hai="19,20,26,52,53,54,74,77,82,93,94,95,96,101" machi="26" ten="30,12000,1" yaku="1,1,5,1,0,1,52,1,54,1,53,0" doraHai="98" doraHaiUra="85" who="1" fromWho="1" sc="250,-40,250,130,240,-40,250,-40" /><INIT seed="1,1,0,4,2,16" ten="210,380,200,210" oya="1" hai0="9,17,133,128,56,55,29,124,43,23,72,37,93" hai1="127,76,117,46,92,40,121,113,30,39,77,96,10" hai2="67,78,14,22,88,79,42,48,11,28,45,112,13" hai3="83,132,8,106,31,90,110,49,91,44,27,116,99"/><U107/><E127/><V103/><F112/><W4/><G110/><T3/><D72/><U102/><E121/><V0/><F103/><W101/><G132/><T134/><D124/><U38/><E117/><V33/><F33/><W82/><G116/><T98/><D29/><U89/><E113/><V87/><F67/><W62/><G62/><T58/><D128/><U120/><E120/><V64/><F64/><W108/><G108/><T53/><D37/><U19/><E30/><V20/><F0/><W118/><G118/><T81/><D81/><U24/><E38/><V57/><F57/><N who="0" m="22122" /><D43/><U80/><E80/><N who="2" m="49255" /><F14/><W74/><G74/><T69/><D9/><U75/><E75/><V130/><F130/><W1/><G83/><T15/><D3/><U135/><E135/><N who="0" m="51721" /><D69/><U50/><E39/><V36/><F36/><W115/><G82/><T12/><D12/><U25/><E25/><N who="2" m="16423" /><F11/><W60/><G115/><T51/><D51/><U86/><REACH who="1" step="1"/><E10/><REACH who="1" ten="210,370,200,210" step="2"/><V71/><F71/><W7/><G8/><T68/><D68/><U41/><E41/><V5/><F5/><W34/><G7/><T2/><D2/><U66/><E66/><V59/><F59/><W94/><G4/><T26/><D26/><U125/><E125/><V100/><F42/><W129/><G1/><T95/><D55/><U52/><E52/><V122/><F122/><W73/><G73/><T21/><D53/><U105/><E105/><V104/><F104/><W126/><G126/><T97/><D23/><AGARI ba="1,1" hai="19,23,24,40,46,50,76,77,86,89,92,96,102,107" machi="23" ten="40,3900,0" yaku="1,1,52,1,53,0" doraHai="16" doraHaiUra="35" who="1" fromWho="0" sc="210,-42,370,52,200,0,210,0" /><INIT seed="1,2,0,0,0,34" ten="168,422,200,210" oya="1" hai0="16,83,17,86,98,6,18,8,61,95,9,119,118" hai1="46,67,24,117,49,11,19,84,59,64,100,58,10" hai2="54,114,96,32,48,101,2,73,43,122,77,102,56" hai3="39,109,51,127,90,66,135,27,7,15,47,74,113"/><U63/><E117/><V33/><F122/><W87/><G113/><T129/><D129/><U65/><E100/><V21/><F114/><W50/><G74/><T97/><D61/><U111/><E111/><V69/><F69/><W103/><G109/><T76/><D9/><U88/><E24/><V1/><F102/><W85/><G135/><T75/><D75/><U82/><E59/><V36/><F21/><W40/><G127/><T91/><REACH who="0" step="1"/><D98/><REACH who="0" ten="158,422,200,210" step="2"/><U45/><E10/><V94/><F73/><W78/><G85/><T28/><D28/><U134/><E134/><V26/><F77/><W128/><G78/><T89/><D89/><U107/><E107/><V22/><F33/><W133/><G103/><T23/><D23/><U52/><E63/><V132/><F32/><W13/><G128/><T110/><D110/><U55/><E55/><V124/><F132/><W115/><G133/><T105/><D105/><U120/><E120/><V104/><F104/><W57/><G115/><T30/><D30/><U81/><E81/><V79/><F79/><W38/><G90/><T106/><D106/><U60/><E60/><V80/><F80/><W25/><G87/><T53/><D53/><U62/><E62/><V37/><F54/><N who="3" m="31959" /><G66/><T123/><D123/><U108/><E108/><V42/><F101/><W93/><G93/><T3/><AGARI ba="2,1" hai="3,6,8,16,17,18,76,83,86,91,95,97,118,119" machi="3" ten="30,7900,0" yaku="1,1,0,1,52,1,54,1,53,0" doraHai="34" doraHaiUra="31" who="0" fromWho="0" sc="158,95,422,-41,200,-22,210,-22" /><INIT seed="2,0,0,3,1,55" ten="253,381,178,188" oya="2" hai0="127,134,83,72,39,64,45,112,98,35,94,40,115" hai1="119,79,29,22,113,122,60,80,49,99,58,102,25" hai2="110,52,76,95,126,2,27,7,65,73,43,56,90" hai3="47,57,59,84,9,62,85,78,16,86,37,120,128"/><V24/><F126/><W42/><G120/><T18/><D127/><U105/><E119/><V132/><F65/><W41/><G128/><T3/><D134/><U69/><E113/><V89/><F43/><N who="3" m="16395" /><G37/><T53/><D35/><U14/><E122/><V1/><F1/><W123/><G123/><T97/><D98/><U74/><E69/><V46/><F46/><W116/><G116/><T36/><D36/><U71/><E71/><V12/><F2/><W21/><G9/><T93/><D94/><U96/><E49/><V129/><F129/><W108/><G108/><T75/><D75/><U101/><E14/><V87/><F73/><W28/><G28/><T100/><D64/><U38/><E38/><V81/><F76/><W104/><G47/><T111/><D111/><U118/><E118/><V67/><F67/><N who="3" m="39375" /><G59/><T61/><D3/><U30/><E30/><V19/><F7/><W82/><G104/><T124/><D18/><U121/><E121/><V6/><F6/><W44/><G44/><T17/><D17/><U32/><E32/><V66/><F66/><W103/><G103/><T10/><D10/><U4/><E4/><V130/><F130/><W0/><G0/><T135/><D124/><U20/><E20/><N who="2" m="11367" /><F110/><W23/><G23/><T131/><D131/><U54/><REACH who="1" step="1"/><E105/><REACH who="1" ten="253,371,178,188" step="2"/><V63/><F132/><W88/><G78/><N who="0" m="44487" /><D135/><U31/><E31/><V13/><F13/><AGARI ba="0,1" hai="13,16,21,82,84,85,86,88" m="39375,16395" machi="13" ten="30,7700,0" yaku="8,1,52,1,54,2" doraHai="55" who="3" fromWho="2" sc="253,0,371,0,178,-77,188,87" /><INIT seed="3,0,0,4,4,82" ten="253,371,101,275" oya="3" hai0="119,14,17,56,99,54,62,83,85,100,132,60,29" hai1="68,27,110,1,116,94,48,15,5,107,50,118,45" hai2="34,41,113,43,49,0,109,28,7,98,39,6,22" hai3="87,20,40,61,126,111,121,3,21,135,76,134,102"/><W103/><G121/><T95/><D119/><N who="1" m="45611" /><E110/><V67/><F109/><W70/><G111/><T117/><D117/><U16/><E107/><V91/><F34/><W10/><G126/><T30/><D62/><U35/><E68/><V18/><F39/><W66/><G40/><T13/><D132/><N who="3" m="50729" /><G3/><T80/><D80/><U36/><E1/><V4/><F28/><W8/><G76/><T32/><D32/><U115/><E5/><V124/><F124/><W47/><G87/><T42/><D42/><N who="1" m="22727" /><E115/><V73/><F73/><W24/><G47/><T125/><D13/><U108/><E108/><V71/><F113/><W92/><G21/><N who="0" m="11447" /><D125/><U23/><E94/><V46/><F0/><W31/><G92/><T88/><AGARI ba="0,0" hai="29,30,54,56,60,83,85,88,95,99,100" m="11447" machi="88" ten="30,4000,0" yaku="8,1,52,1,54,1" doraHai="82" who="0" fromWho="0" sc="253,40,371,-10,101,-10,275,-20" /><INIT seed="4,0,0,5,3,134" ten="293,361,91,255" oya="0" hai0="5,17,113,89,83,74,81,18,88,41,40,36,4" hai1="133,24,64,11,87,23,65,96,118,25,37,29,15" hai2="75,117,55,70,127,104,130,71,14,27,69,31,12" hai3="109,30,61,57,13,45,103,119,56,101,51,124,62"/><T42/><D36/><U52/><E118/><V76/><F104/><W121/><G109/><T53/><D74/><U107/><E37/><V77/><F117/><W78/><G119/><T54/><REACH who="0" step="1"/><D41/><REACH who="0" ten="283,361,91,255" step="2"/><U95/><E133/><V120/><F75/><W131/><G121/><T91/><D91/><U84/><E107/><V1/><F120/><W34/><G78/><T135/><D135/><U7/><E65/><V108/><F108/><W94/><G103/><T63/><D63/><U60/><E24/><V116/><F116/><W9/><G61/><T93/><D93/><U128/><E128/><V58/><F130/><W132/><G62/><T68/><D68/><U99/><E52/><V32/><F1/><W8/><G131/><T46/><D46/><U47/><E47/><V2/><F2/><W72/><G72/><T122/><D122/><U59/><E99/><V66/><F71/><W82/><G45/><T43/><D43/><U110/><E110/><V125/><F70/><W49/><G94/><T80/><D80/><U92/><E92/><V67/><F69/><W115/><G82/><T21/><D21/><U100/><AGARI ba="0,1" hai="7,11,15,23,25,29,59,60,64,84,87,95,96,100" machi="100" ten="20,8000,1" yaku="0,1,7,1,25,2,8,1" doraHai="134" who="1" fromWho="1" sc="283,-40,361,90,91,-20,255,-20" /><INIT seed="5,0,0,4,3,66" ten="243,451,71,235" oya="1" hai0="13,88,49,75,61,105,16,111,117,135,24,118,79" hai1="71,115,104,100,30,64,86,25,36,10,32,20,37" hai2="106,112,82,35,57,45,68,55,42,3,60,96,134" hai3="98,18,90,110,119,29,78,126,50,109,53,87,102"/><U92/><E115/><V132/><F3/><W38/><G38/><T70/><D111/><U47/><E20/><V125/><F35/><W97/><G29/><T113/><D105/><U93/><E10/><V31/><F112/><W81/><G119/><T26/><D113/><U63/><E86/><V123/><F123/><W65/><G126/><T124/><D79/><U127/><E127/><V17/><F31/><W33/><G33/><T101/><D101/><U54/><E54/><V43/><F82/><W28/><G28/><T83/><D49/><U130/><E130/><V23/><F125/><W5/><G5/><T94/><D83/><U48/><E48/><V116/><F68/><W120/><G65/><N who="0" m="41263" /><D75/><U99/><REACH who="1" step="1"/><E37/><REACH who="1" ten="243,441,71,235" step="2"/><V85/><F55/><W41/><G53/><T27/><D124/><U12/><E12/><V46/><F23/><W39/><G87/><N who="0" m="52511" /><D117/><U2/><E2/><V15/><F85/><W84/><G84/><T69/><D118/><U95/><E95/><V67/><F116/><W129/><G50/><T52/><D52/><U128/><E128/><V44/><F106/><W131/><G39/><T56/><D13/><U9/><E9/><N who="2" m="6383" /><F96/><W77/><G98/><T91/><D26/><U58/><E58/><V22/><F22/><W59/><G97/><T11/><D56/><U74/><E74/><V7/><F7/><W76/><G59/><T14/><D69/><U21/><E21/><V19/><F19/><W103/><G131/><T40/><D27/><U6/><E6/><V0/><F0/><W34/><G129/><T107/><D24/><U122/><E122/><RYUUKYOKU ba="0,1" sc="243,-15,441,15,71,15,235,-15" hai1="25,30,32,36,47,63,64,71,92,93,99,100,104" hai2="42,43,44,45,46,57,60,67,132,134" /><INIT seed="5,1,1,1,4,15" ten="228,456,86,220" oya="1" hai0="25,131,28,124,132,31,32,39,133,128,106,21,11" hai1="70,14,34,123,4,75,20,112,60,95,115,29,107" hai2="84,74,113,50,120,7,41,61,72,114,38,65,59" hai3="88,92,18,99,68,57,19,10,93,129,51,35,48"/><U67/><E123/><V52/><F7/><W64/><G35/><T127/><D39/><U5/><E107/><V49/><F120/><W125/><G68/><T90/><D90/><U78/><E34/><V126/><F84/><N who="3" m="52231" /><G10/><T117/><D106/><U63/><E95/><V37/><F126/><N who="0" m="48170" /><D117/><U98/><E98/><V40/><F74/><W89/><G129/><N who="0" m="49739" /><D11/><U2/><E2/><V42/><F72/><W24/><G125/><T87/><D87/><U100/><E100/><V83/><F83/><W91/><G24/><AGARI ba="1,1" hai="21,24,25,28,31,32,132,133" m="49739,48170" machi="24" ten="40,12000,2" yaku="30,2,18,1,19,1,34,2" doraHai="15" who="0" fromWho="3" sc="228,133,456,0,86,0,220,-123" /><INIT seed="6,0,0,0,5,50" ten="361,456,86,97" oya="2" hai0="24,45,112,14,11,37,2,68,39,93,83,0,48" hai1="102,57,81,69,94,86,107,130,125,28,38,92,49" hai2="84,77,96,66,6,33,87,32,76,25,98,52,44" hai3="60,121,115,7,119,42,70,71,97,134,120,128,75"/><V61/><F6/><W16/><G75/><T132/><D68/><U122/><E38/><V99/><F33/><W15/><G119/><T12/><D112/><U26/><E69/><V117/><F117/><W22/><G115/><T51/><D132/><U91/><E130/><V36/><F32/><W131/><G134/><T17/><D93/><U19/><E125/><V127/><F127/><W82/><G42/><T59/><D24/><U90/><E122/><N who="3" m="47210" /><G7/><T46/><D59/><U20/><E107/><V56/><F25/><W8/><G82/><T29/><D83/><U5/><E5/><V13/><F13/><W43/><G43/><T100/><D100/><U30/><E102/><V67/><F36/><W3/><G3/><T111/><D111/><U106/><E106/><V53/><F67/><N who="3" m="41319" /><G97/><T88/><D29/><N who="1" m="11371" /><E91/><V116/><F116/><W64/><G64/><T31/><D31/><U63/><E49/><N who="2" m="28711" /><F66/><AGARI ba="0,0" hai="19,20,26,57,63,66,81,86,90,92,94" m="11371" machi="66" ten="30,1000,0" yaku="8,1" doraHai="50" who="1" fromWho="2" sc="361,0,456,10,86,-10,97,0" /><INIT seed="7,0,0,2,4,110" ten="361,466,76,97" oya="3" hai0="19,123,94,86,8,25,117,134,39,36,37,53,96" hai1="34,115,82,116,70,88,124,11,62,41,46,81,127" hai2="65,23,69,7,45,22,135,87,132,93,56,64,98" hai3="108,121,52,35,118,80,130,20,131,18,129,114,44"/><W125/><G121/><T78/><D123/><U10/><E115/><V2/><F69/><W79/><G118/><T0/><D117/><U71/><E34/><V107/><F107/><W49/><G108/><T32/><D134/><N who="2" m="51242" /><F87/><N who="3" m="48543" /><G35/><T21/><D53/><U97/><E116/><V59/><F45/><W113/><G125/><N who="1" m="48202" /><E97/><V102/><F7/><W106/><G106/><T75/><D75/><U77/><E88/><N who="2" m="55591" /><F2/><W105/><G105/><T15/><D86/><N who="1" m="48431" /><E82/><V27/><F102/><W38/><G38/><T104/><D78/><U4/><E62/><N who="2" m="37959" /><F27/><AGARI ba="0,0" hai="18,20,27,44,49,52,113,114,129,130,131" m="48543" machi="27" ten="30,11600,0" yaku="19,1,52,2,54,1" doraHai="110" who="3" fromWho="2" sc="361,0,466,0,76,-116,97,116" owari="361,16.0,466,57.0,-40,-54.0,213,-19.0" /></mjloggm>