<mjloggm ver="2.3"><GO type="169" lobby="0"/><UN n0="%E7%B7%91%E3%81%AE%E3%83%A9%E3%83%B3%E3%83%97" n1="%48%61%63%68%69%6E%61%6C" n2="%E9%B4%A8%E8%91%B1%E5%A4%AA%E9%83%8E" n3="%2D%E8%B1%8A%E5%8F%A3%E3%82%81%E3%81%90%E3%81%BF%2D" dan="16,16,17,18" rate="2087.16,2035.66,2171.22,2206.32" sx="M,M,M,F"/><TAIKYOKU oya="0"/><INIT seed="0,0,0,3,1,59" ten="250,250,250,250" oya="0" hai0="58,36,13,105,95,10,32,27,83,34,49,129,92" hai1="63,132,126,30,23,61,39,20,117,37,65,14,31" hai2="66,79,133,56,5,52,96,70,68,9,38,84,74" hai3="50,106,85,35,91,101,67,6,73,78,121,110,7"/><T124/><D36/><U71/><E117/><V69/><F74/><W131/><G35/><T17/><D105/><U128/><E128/><V127/><F38/><W3/><G3/><T113/><D113/><U130/><E130/><V119/><F119/><W29/><G29/><T75/><D129/><U77/><E132/><V26/><F133/><W88/><G91/><T46/><D124/><U76/><E126/><V103/><F26/><W94/><G131/><T51/><D75/><U81/><E76/><V21/><F21/><W115/><G115/><T22/><D83/><U100/><E100/><V47/><F47/><W11/><G110/><T44/><D58/><U18/><E23/><V97/><F127/><W2/><G7/><T125/><D34/><U112/><E112/><V8/><F8/><W108/><G108/><T122/><D32/><U28/><REACH who="1" step="1"/><E63/><REACH who="1" ten="250,240,250,250" step="2"/><V64/><F103/><W93/><G78/><T15/><D125/><U62/><E62/><V99/><F79/><W24/><G101/><T86/><D122/><U41/><E41/><V16/><F66/><W107/><G67/><T19/><D27/><U1/><E1/><V48/><F64/><W118/><G2/><T54/><REACH who="0" step="1"/><D86/><AGARI ba="0,1" hai="14,18,20,28,30,31,37,39,61,65,71,77,81,86" machi="86" ten="40,2600,0" yaku="1,1,52,1,53,0" doraHai="59" doraHaiUra="116" who="1" fromWho="0" sc="250,-26,240,36,250,0,250,0" /><INIT seed="1,0,0,2,2,44" ten="224,276,250,250" oya="1" hai0="95,119,56,124,17,1,14,67,27,25,55,58,83" hai1="28,122,43,15,57,126,38,104,88,102,112,76,51" hai2="60,91,64,54,70,46,53,73,7,59,24,105,78" hai3="115,114,21,125,41,84,63,72,18,47,40,23,32"/><U128/><E112/><V118/><F105/><W123/><G72/><T85/><D1/><U106/><E122/><V26/><F118/><W135/><G32/><T36/><D36/><U22/><E76/><V133/><F133/><W12/><G123/><T129/><D119/><U16/><E128/><V96/><F73/><W8/><G135/><T19/><D129/><U103/><E38/><V39/><F78/><W2/><G125/><T93/><D67/><U110/><E126/><V99/><F7/><W116/><G116/><T89/><D58/><U62/><E110/><V10/><F10/><W134/><G134/><T6/><D6/><U94/><E28/><V90/><F54/><W98/><G41/><T66/><D66/><N who="1" m="39247" /><E106/><V48/><F99/><W50/><G98/><T68/><D68/><U81/><E81/><V11/><F11/><W34/><G34/><T108/><D108/><U87/><E104/><V79/><F79/><W100/><G100/><T31/><D19/><U49/><E43/><N who="2" m="22911" /><F96/><W13/><G84/><T74/><D74/><U52/><E51/><V20/><F24/><N who="0" m="9290" /><D31/><AGARI ba="0,0" hai="20,26,31,48,53,59,60,64,70,90,91" m="22911" machi="31" ten="30,2000,0" yaku="24,1,52,1" doraHai="44" who="2" fromWho="0" sc="224,-20,276,0,250,20,250,0" /><INIT seed="2,0,0,4,0,74" ten="204,276,270,250" oya="2" hai0="133,135,62,54,19,69,13,68,6,46,5,81,117" hai1="88,47,14,128,8,78,102,113,129,0,131,57,66" hai2="3,32,100,33,51,21,112,12,126,38,52,67,23" hai3="35,59,98,58,24,77,30,109,110,71,111,93,134"/><V34/><F38/><W29/><G134/><N who="0" m="51211" /><D81/><U76/><E113/><V114/><F3/><W65/><G30/><T80/><D80/><U15/><E102/><V41/><F41/><W94/><G71/><T130/><D117/><U120/><E120/><V127/><F67/><W83/><G65/><T1/><D1/><U124/><E124/><N who="2" m="47659" /><F100/><W118/><G118/><T125/><D125/><U40/><E0/><V85/><F85/><W60/><G60/><T56/><D46/><U99/><E57/><N who="3" m="21514" /><G98/><T87/><D87/><AGARI ba="0,0" hai="24,29,35,77,83,87,93,94,109,110,111" m="21514" machi="87" ten="30,2000,0" yaku="14,1,52,1" doraHai="74" who="3" fromWho="0" sc="204,-20,276,0,270,0,250,20" /><INIT seed="3,0,0,1,3,56" ten="184,276,270,270" oya="3" hai0="125,135,33,19,62,0,64,100,24,45,107,50,32" hai1="12,60,22,9,86,88,25,51,110,87,134,26,58" hai2="17,90,21,131,128,77,74,2,1,73,93,46,71" hai3="121,126,127,97,5,89,6,61,115,7,104,53,112"/><W106/><G121/><T10/><D125/><N who="3" m="47625" /><G89/><T29/><D135/><U16/><E134/><V38/><F71/><W84/><G84/><T78/><D78/><U55/><E110/><V124/><F124/><W41/><G41/><T49/><D33/><U66/><E9/><V11/><F77/><W98/><G53/><T85/><D85/><U82/><REACH who="1" step="1"/><E87/><REACH who="1" ten="184,266,270,270" step="2"/><V118/><F11/><W75/><G75/><T105/><D0/><U95/><E95/><V59/><F74/><W28/><G106/><T102/><D107/><U114/><E114/><V27/><F73/><W132/><G132/><T36/><D105/><U92/><E92/><V96/><F2/><W94/><G104/><T67/><D10/><U47/><AGARI ba="0,1" hai="12,16,22,25,26,47,51,55,58,60,66,82,86,88" machi="47" ten="20,12000,2" yaku="1,1,0,1,7,1,8,1,52,1,54,2,53,0" doraHai="56" doraHaiUra="123" who="1" fromWho="1" sc="184,-30,266,130,270,-30,270,-60" /><INIT seed="4,0,0,2,2,34" ten="154,396,240,210" oya="0" hai0="106,76,109,75,73,115,103,27,15,125,58,129,21" hai1="131,107,126,105,67,70,88,4,134,12,16,1,55" hai2="45,25,3,104,123,38,30,35,44,98,101,59,2" hai3="47,69,14,40,133,114,132,118,100,128,94,119,26"/><T78/><D109/><U72/><E72/><V48/><F123/><W96/><G69/><T93/><D129/><U20/><E131/><V54/><REACH who="2" step="1"/><F45/><REACH who="2" ten="154,396,230,210" step="2"/><W57/><G128/><T61/><D125/><U77/><E126/><V50/><F50/><W0/><G47/><T23/><D115/><U130/><E130/><V97/><F97/><W82/><G96/><N who="0" m="59791" /><D75/><U81/><E134/><V79/><F79/><W62/><G114/><T89/><D73/><U49/><E77/><V68/><F68/><W121/><G121/><T28/><D106/><U10/><E70/><V56/><F56/><W52/><G57/><T32/><D32/><U22/><E105/><V31/><F31/><W117/><G133/><T13/><D78/><U135/><E107/><V18/><F18/><W85/><G132/><T60/><D76/><U83/><E135/><V43/><AGARI ba="0,1" hai="2,3,25,30,35,38,43,44,48,54,59,98,101,104" machi="43" ten="30,7900,0" yaku="1,1,0,1,52,2,53,0" doraHai="34" doraHaiUra="9" who="2" fromWho="2" sc="154,-39,396,-20,230,89,210,-20" /><INIT seed="5,0,0,2,4,133" ten="115,376,319,190" oya="1" hai0="76,20,8,82,33,108,62,103,46,43,111,16,56" hai1="134,44,4,87,101,100,64,125,55,122,39,10,128" hai2="74,13,90,93,9,130,109,132,95,104,119,112,80" hai3="106,131,7,48,54,15,23,121,49,113,89,41,57"/><U1/><E122/><V0/><F0/><W28/><G121/><T38/><D33/><U70/><E134/><V105/><F119/><W84/><G113/><T96/><D8/><U17/><E128/><V6/><F130/><W129/><G106/><T73/><D56/><U34/><E34/><V127/><F109/><W45/><G7/><T99/><D62/><U120/><E120/><V24/><F112/><W12/><G12/><T53/><D53/><U42/><E64/><V115/><F115/><W81/><G28/><T3/><D3/><U124/><E70/><V63/><F95/><W27/><G27/><T31/><D31/><U83/><E17/><V85/><F24/><W135/><G135/><T51/><D38/><U88/><REACH who="1" step="1"/><E55/><REACH who="1" ten="115,366,319,190" step="2"/><V110/><F132/><W68/><G68/><T94/><REACH who="0" step="1"/><D99/><REACH who="0" ten="105,366,319,190" step="2"/><U18/><E18/><V60/><F6/><W61/><G131/><T11/><D11/><U78/><E78/><V126/><F9/><W25/><G129/><T123/><D123/><U65/><E65/><V52/><F52/><W29/><REACH who="3" step="1"/><G15/><AGARI ba="0,2" hai="15,16,20,43,46,51,73,76,82,94,96,103,108,111" machi="15" ten="30,3900,0" yaku="1,1,7,1,54,1,53,0" doraHai="133" doraHaiUra="21" who="0" fromWho="3" sc="105,59,366,0,319,0,190,-39" /><INIT seed="6,0,0,5,5,17" ten="164,366,319,151" oya="2" hai0="84,55,119,105,126,89,98,121,10,46,130,114,90" hai1="69,12,95,125,49,61,8,42,22,63,103,6,50" hai2="44,3,33,41,7,51,118,53,134,68,16,131,35" hai3="135,40,108,111,94,72,73,100,64,124,54,52,4"/><V48/><F68/><W107/><G107/><T104/><D121/><U99/><E125/><V75/><F118/><W58/><G124/><T37/><D126/><U78/><E78/><V56/><F75/><W62/><G135/><T9/><D119/><U0/><E69/><V28/><F134/><W91/><G100/><T43/><D130/><U87/><E87/><V29/><F131/><W65/><G40/><T57/><D105/><U59/><E63/><V82/><F82/><W36/><G36/><T102/><D90/><U116/><E116/><V74/><F74/><W120/><G120/><T76/><D76/><U25/><E0/><V20/><F7/><W39/><G39/><T115/><D10/><U77/><E42/><V80/><F80/><W81/><G4/><T88/><D9/><U2/><E2/><V109/><F3/><W23/><G81/><T11/><D11/><U34/><E34/><V1/><F1/><W26/><G73/><T86/><D86/><U101/><E101/><V83/><F83/><W21/><G72/><T92/><REACH who="0" step="1"/><D89/><REACH who="0" ten="154,366,319,151" step="2"/><U117/><E77/><V112/><F109/><W79/><G79/><T113/><D113/><U31/><E117/><V47/><F112/><W45/><G111/><T13/><D13/><U122/><E122/><V96/><F96/><N who="3" m="57439" /><G108/><T71/><D71/><U67/><AGARI ba="0,1" hai="6,8,12,22,25,31,49,50,59,61,67,95,99,103" machi="67" ten="20,12000,2" yaku="0,1,7,1,25,2,8,1,52,1" doraHai="17" who="1" fromWho="1" sc="154,-30,366,130,319,-60,151,-30" /><INIT seed="7,0,0,5,2,106" ten="124,496,259,121" oya="3" hai0="52,41,35,12,49,40,112,74,101,45,59,68,3" hai1="4,108,86,118,91,111,9,88,70,100,79,7,11" hai2="73,126,48,93,66,131,84,85,64,58,27,44,125" hai3="119,55,95,57,127,51,90,46,77,24,56,18,76"/><W28/><G127/><N who="2" m="48649" /><F73/><W130/><G130/><T0/><D74/><U53/><E70/><V92/><F131/><W8/><G119/><T32/><D101/><U42/><E118/><V2/><F2/><W75/><G18/><T54/><D68/><U39/><E100/><V30/><F58/><W134/><G8/><T98/><D98/><U129/><E53/><N who="2" m="29831" /><F93/><W33/><G134/><T105/><D3/><U14/><E79/><V47/><F47/><W6/><G6/><T107/><D0/><U104/><E14/><V120/><F120/><W87/><REACH who="3" step="1"/><G77/><REACH who="3" ten="124,496,259,111" step="2"/><T135/><D135/><U110/><E9/><V61/><F30/><W16/><G16/><T29/><D29/><U132/><E7/><V78/><F78/><W1/><G1/><T25/><D107/><U15/><E129/><V124/><F124/><W31/><G31/><T43/><D105/><U81/><E132/><V89/><F27/><W36/><G36/><T114/><D25/><U34/><E39/><V19/><F19/><W102/><G102/><T96/><D12/><U20/><E4/><V60/><F89/><W103/><G103/><T69/><D32/><U72/><E34/><V67/><F92/><W123/><G123/><T71/><D35/><U99/><E11/><V128/><F128/><W122/><G122/><T109/><D43/><U23/><E42/><V17/><F17/><W94/><G94/><T113/><D41/><U121/><E121/><V37/><F37/><W133/><G133/><T83/><D40/><U26/><E15/><V65/><N who="2" m="16384" /><DORA hai="115" /><V116/><F116/><W5/><G5/><RYUUKYOKU ba="0,1" sc="124,-15,496,-15,259,15,111,15" hai2="60,61,84,85" hai3="24,28,33,46,51,55,56,57,75,76,87,90,95" /><INIT seed="7,1,1,2,4,127" ten="109,481,274,126" oya="3" hai0="46,39,33,77,40,87,52,64,20,2,31,76,84" hai1="110,14,71,83,118,102,134,125,15,74,61,90,72" hai2="69,23,28,53,4,49,101,113,73,88,94,9,7" hai3="57,19,97,79,0,124,65,123,22,95,43,85,130"/><W119/><G119/><T5/><D33/><U38/><E90/><V47/><F69/><W131/><G123/><T70/><D31/><U12/><E15/><V26/><F73/><W16/><G0/><T50/><D20/><U48/><E61/><V18/><F101/><W103/><G43/><T109/><D109/><U10/><E83/><V55/><F113/><W111/><G124/><T120/><D120/><U112/><E10/><V63/><F28/><W100/><G100/><T89/><D5/><U122/><E48/><V36/><F36/><W133/><G111/><T99/><D2/><U68/><E14/><V3/><F9/><W25/><G133/><T67/><D99/><U114/><E12/><V41/><F3/><W104/><G19/><T62/><D67/><U60/><E102/><V17/><F17/><W29/><G16/><T56/><D84/><U108/><E60/><V21/><F21/><W107/><G79/><T132/><D132/><U58/><E58/><N who="2" m="35295" /><F41/><W86/><G107/><T128/><D128/><N who="3" m="49193" /><G104/><T37/><D37/><U98/><E38/><V117/><F117/><W135/><G135/><T75/><D75/><U1/><E1/><V44/><F44/><W13/><G13/><T96/><D96/><AGARI ba="1,1" hai="4,7,18,23,26,47,49,53,88,94,96" m="35295" machi="96" ten="30,3900,0" yaku="25,1,8,1,54,1" doraHai="127" who="2" fromWho="0" sc="109,-42,481,0,274,52,126,0" owari="67,-43.0,481,57.0,326,13.0,126,-27.0" /></mjloggm>