<mjloggm ver="2.3"><GO type="169" lobby="0"/><UN n0="%E4%B8%BB%E5%B8%AD" n1="%E7%88%86%E7%89%8C%E3%82%A6%E3%82%B7%E3%82%B8%E3%83%9E%E3%81%8F%E3%82%93" n2="%4D%61%74%75%75%72%61" n3="%E3%82%AB%E3%83%83%E3%82%AB%E3%83%83%E3%82%AB%E3%83%83" dan="16,16,17,16" rate="2130.72,2094.24,2176.07,2105.14" sx="M,M,M,M"/><TAIKYOKU oya="0"/><INIT seed="0,0,0,2,5,100" ten="250,250,250,250" oya="0" hai0="133,9,54,14,118,69,36,82,108,52,132,27,43" hai1="60,70,51,93,115,10,35,0,55,6,2,76,101" hai2="56,34,39,89,66,71,83,45,58,42,4,40,18" hai3="61,3,44,116,126,7,87,72,75,111,90,59,16"/><T122/><D118/><U128/><E128/><V95/><F34/><W74/><G111/><T57/><D122/><U28/><E115/><V103/><F42/><W33/><G116/><T120/><D120/><U104/><E76/><V12/><F4/><W81/><G126/><T117/><D117/><U17/><E17/><V123/><F123/><W113/><G113/><T21/><D69/><U15/><E93/><V48/><F83/><W129/><G33/><T49/><D108/><U26/><E51/><V22/><F103/><W19/><G129/><T73/><D36/><U1/><E55/><V127/><F127/><W20/><G44/><T96/><D96/><N who="1" m="61479" /><E15/><V124/><F124/><W79/><G20/><T86/><D73/><U63/><E63/><V25/><F12/><W38/><G38/><T125/><D125/><U8/><E8/><V50/><F50/><W62/><G79/><T109/><D109/><U114/><E114/><V94/><F94/><W65/><REACH who="3" step="1"/><G62/><REACH who="3" ten="250,250,250,240" step="2"/><T88/><D21/><U85/><E85/><V77/><F77/><W64/><G64/><AGARI ba="0,1" hai="0,1,2,6,10,26,28,35,60,64,70" m="61479" machi="64" ten="30,7700,0" yaku="25,1,33,2,52,1" doraHai="100" who="1" fromWho="3" sc="250,0,250,87,250,0,240,-77" /><INIT seed="1,0,0,4,4,134" ten="250,337,250,163" oya="1" hai0="22,57,111,116,86,68,24,49,105,76,90,70,94" hai1="107,95,10,103,92,88,84,120,80,43,44,91,52" hai2="9,69,28,46,113,54,108,63,100,41,109,61,23" hai3="7,98,47,102,77,132,36,131,66,93,4,51,135"/><U79/><E120/><V32/><F32/><W106/><G131/><T12/><D116/><U33/><E33/><V27/><F113/><W35/><G35/><T89/><D111/><N who="2" m="42570" /><F100/><W101/><G36/><T87/><D76/><U123/><E123/><V71/><F9/><W20/><G77/><T117/><D105/><U14/><E107/><V55/><F28/><W38/><G38/><T64/><D117/><U25/><E25/><V74/><F23/><W129/><G129/><T6/><D6/><U83/><E43/><V8/><F8/><W0/><G66/><T114/><D114/><U67/><E67/><N who="2" m="41199" /><F27/><W96/><G20/><T2/><D2/><U73/><E103/><V26/><F26/><W104/><G93/><N who="0" m="54455" /><D64/><U13/><E13/><V78/><F78/><W75/><G75/><T45/><D45/><U124/><E91/><V128/><F128/><W125/><G0/><T133/><D24/><U72/><E72/><V37/><F74/><W62/><G7/><T40/><D12/><U5/><E92/><V126/><F71/><W56/><G4/><T30/><D70/><U122/><E95/><V48/><F63/><W31/><G31/><T39/><D68/><U50/><E122/><V21/><F21/><W97/><G62/><T85/><D22/><U1/><E1/><V58/><F55/><W15/><G15/><T17/><D30/><U115/><E115/><V3/><F3/><W19/><G101/><T53/><D17/><U118/><E118/><V60/><F60/><W59/><G102/><T121/><D121/><U65/><E65/><V18/><F18/><RYUUKYOKU ba="0,0" sc="250,-15,337,15,250,15,163,-15" hai1="5,10,14,44,50,52,73,79,80,83,84,88,124" hai2="37,41,46,48,54,58,126" /><INIT seed="1,1,0,3,0,43" ten="235,352,265,148" oya="1" hai0="0,87,64,23,91,19,28,129,90,111,128,117,32" hai1="6,119,101,20,52,79,126,102,49,18,103,135,113" hai2="35,21,65,124,118,131,94,45,1,116,123,27,114" hai3="71,3,50,10,26,81,105,13,130,96,51,108,14"/><U4/><E113/><V93/><F1/><W115/><G115/><T9/><D117/><U86/><E119/><V77/><F35/><W48/><G108/><T37/><D37/><U22/><E135/><V104/><F104/><W47/><G130/><N who="0" m="50283" /><D64/><U60/><E126/><V92/><F124/><W11/><G71/><T29/><D111/><U61/><E79/><V68/><F68/><W8/><G3/><T69/><D69/><U122/><E86/><V56/><F123/><W132/><G132/><T120/><D120/><U59/><E122/><V62/><F114/><W44/><G81/><T106/><D106/><U89/><E89/><V83/><F131/><W84/><G84/><T46/><D46/><N who="3" m="17449" /><G105/><T97/><D87/><U67/><E20/><V17/><REACH who="2" step="1"/><F45/><REACH who="2" ten="235,352,255,148" step="2"/><W40/><G40/><T66/><D0/><U125/><E125/><V39/><F39/><W107/><G107/><T75/><D32/><U41/><E41/><V31/><F31/><W57/><G57/><T33/><D29/><U99/><E99/><V42/><F42/><W121/><G121/><T73/><D97/><U2/><E2/><V25/><F25/><W34/><G34/><T55/><D28/><U127/><E127/><V100/><F100/><W16/><G96/><T112/><D33/><U58/><E101/><V134/><F134/><W24/><G24/><T70/><D112/><U5/><E102/><V74/><AGARI ba="1,1" hai="17,21,27,56,62,65,74,77,83,92,93,94,116,118" machi="74" ten="30,4000,0" yaku="1,1,0,1,53,1" doraHai="43" doraHaiUra="12" who="2" fromWho="2" sc="235,-11,352,-21,255,53,148,-11" /><INIT seed="2,0,0,5,3,107" ten="224,331,308,137" oya="2" hai0="110,63,30,29,90,113,81,5,65,11,95,131,46" hai1="42,119,37,26,39,85,36,87,98,108,17,115,59" hai2="10,114,70,105,19,33,2,27,74,21,97,83,18" hai3="135,71,84,31,53,16,12,1,69,7,132,66,62"/><V127/><F114/><W129/><G129/><T58/><D113/><U76/><E115/><V82/><F70/><W134/><G71/><T15/><D131/><U48/><E119/><V49/><F33/><W73/><G31/><T47/><D110/><U103/><E108/><V80/><F49/><W52/><G73/><T116/><D116/><U77/><E42/><V8/><F127/><W28/><G28/><N who="0" m="10859" /><D81/><U94/><E48/><V75/><F10/><N who="3" m="2415" /><G84/><AGARI ba="0,0" hai="5,11,15,46,47,58,63,65,84,90,95" m="10859" machi="84" ten="30,1000,0" yaku="8,1" doraHai="107" who="0" fromWho="3" sc="224,10,331,0,308,0,137,-10" /><INIT seed="3,0,0,5,0,12" ten="234,331,308,127" oya="3" hai0="52,116,30,114,49,41,74,88,89,3,128,62,70" hai1="130,31,5,100,106,86,81,61,6,17,125,46,126" hai2="25,132,28,54,109,107,117,65,69,7,99,67,2" hai3="123,64,73,135,16,51,9,36,10,13,57,129,22"/><W18/><G123/><T42/><D116/><U121/><E121/><V33/><F117/><W15/><G36/><T21/><D74/><U58/><E31/><V103/><F109/><W104/><G129/><T120/><D3/><U93/><E106/><V59/><F132/><W1/><G135/><T115/><D120/><U96/><E130/><V124/><F124/><N who="1" m="47721" /><E46/><V71/><F2/><W60/><G104/><T11/><D128/><U26/><E26/><V4/><F65/><W119/><G119/><T97/><D11/><U0/><E0/><V77/><F77/><W19/><G73/><T101/><D70/><U90/><E17/><N who="3" m="6154" /><G1/><T82/><D62/><U87/><E87/><V113/><F113/><W127/><G127/><T56/><D115/><U39/><E39/><V134/><F134/><W108/><G108/><T53/><D114/><U8/><E8/><N who="3" m="3178" /><G51/><T14/><D49/><U50/><E50/><N who="2" m="31191" /><F69/><W68/><G68/><T122/><D122/><U76/><E6/><V48/><F48/><W47/><G47/><T102/><D30/><U24/><E5/><V85/><F7/><W55/><G55/><T45/><D45/><U20/><E61/><N who="2" m="40431" /><F4/><W27/><AGARI ba="0,0" hai="13,15,16,22,27,57,60,64" m="3178,6154" machi="27" ten="30,18000,2" yaku="8,1,52,4,54,1" doraHai="12" who="3" fromWho="3" sc="234,-60,331,-60,308,-60,127,180" /><INIT seed="3,1,0,2,1,75" ten="174,271,248,307" oya="3" hai0="18,43,100,77,8,110,85,105,61,102,46,67,25" hai1="28,27,30,7,89,23,94,39,109,78,124,92,83" hai2="19,86,59,15,48,44,125,80,4,73,56,114,90" hai3="32,88,120,49,64,16,21,9,72,24,130,84,50"/><W99/><G120/><T52/><D110/><U128/><E109/><V63/><F114/><W118/><G118/><T13/><D105/><U47/><E124/><V135/><F125/><W11/><G130/><T127/><D127/><U29/><E128/><V126/><F126/><W115/><G72/><T22/><D67/><U26/><E7/><V70/><F73/><W10/><G115/><T58/><D43/><U103/><E103/><N who="0" m="39465" /><D46/><U133/><E133/><V37/><F37/><W76/><G32/><T108/><D108/><U12/><E39/><V65/><F4/><W71/><G64/><T82/><D25/><N who="1" m="9227" /><E47/><V111/><F135/><W104/><G71/><T42/><D42/><U2/><E2/><V119/><F119/><W68/><G68/><T5/><D5/><U3/><E3/><V1/><F1/><W35/><G35/><T121/><D121/><U79/><E83/><V101/><F101/><W40/><G40/><T95/><D95/><N who="1" m="36395" /><E89/><V106/><F106/><W17/><G17/><AGARI ba="1,0" hai="12,17,23,28,29,30,78,79" m="36395,9227" machi="17" ten="30,3900,0" yaku="8,1,52,2" doraHai="75" who="1" fromWho="3" sc="174,0,271,42,248,0,307,-42" /><INIT seed="4,0,0,3,5,13" ten="174,313,248,265" oya="0" hai0="36,114,4,72,44,112,30,115,25,80,42,5,2" hai1="128,99,83,130,86,75,59,38,76,26,54,66,117" hai2="8,106,119,40,61,82,56,97,33,74,118,85,47" hai3="45,124,134,110,111,32,31,104,0,126,16,18,67"/><T1/><D5/><U10/><E38/><V120/><F120/><W103/><G67/><T105/><D105/><U7/><E117/><N who="2" m="44555" /><F33/><W133/><G0/><T53/><D53/><U125/><E66/><V90/><F8/><W78/><G78/><N who="0" m="44103" /><D4/><U87/><E26/><V77/><F106/><W108/><G45/><T93/><D93/><U65/><E99/><V71/><F97/><N who="3" m="61551" /><G31/><T43/><D43/><U3/><E65/><N who="2" m="41391" /><F56/><W29/><G29/><T51/><D51/><N who="1" m="31199" /><E125/><N who="3" m="48234" /><G32/><AGARI ba="0,0" hai="1,2,25,30,32,36,42,44,112,114,115" m="44103" machi="32" ten="30,2900,0" yaku="15,1,23,1" doraHai="13" who="0" fromWho="3" sc="174,29,313,0,248,0,265,-29" /><INIT seed="4,1,0,0,4,113" ten="203,313,248,236" oya="0" hai0="27,45,37,44,94,32,114,63,125,61,81,120,80" hai1="18,107,42,64,108,60,98,21,22,14,134,25,86" hai2="102,78,29,41,56,106,24,36,19,89,26,51,12" hai3="121,132,52,105,77,54,30,7,76,91,46,109,119"/><T73/><D120/><U5/><E108/><V17/><F36/><W84/><G109/><T40/><D114/><U72/><E72/><V9/><F106/><W104/><G121/><T33/><D125/><U57/><E134/><V90/><F102/><W47/><G132/><T55/><D94/><U129/><E129/><V88/><F78/><W69/><G69/><T58/><D73/><U82/><E42/><V123/><F123/><W10/><G30/><T97/><D97/><U92/><E107/><V112/><F112/><W128/><G128/><T75/><D75/><U48/><E48/><V74/><F74/><W110/><G110/><T85/><D27/><U122/><E122/><V96/><F96/><W11/><G91/><T16/><D45/><U101/><E5/><V13/><F29/><W49/><G7/><T34/><D85/><U43/><E43/><V79/><F79/><W35/><G35/><T70/><REACH who="0" step="1"/><D16/><REACH who="0" ten="193,313,248,236" step="2"/><N who="1" m="10391" /><E86/><V130/><F130/><W116/><G84/><T53/><D53/><U131/><E131/><V1/><F24/><W28/><G28/><T83/><D83/><AGARI ba="1,1" hai="18,22,25,57,60,64,82,83,92,98,101" m="10391" machi="83" ten="30,2000,0" yaku="8,1,54,1" doraHai="113" who="1" fromWho="0" sc="193,-23,313,33,248,0,236,0" /><INIT seed="5,0,0,5,3,65" ten="170,346,248,236" oya="1" hai0="88,56,80,40,128,83,39,102,11,46,28,123,96" hai1="132,130,23,126,3,20,134,111,6,27,13,42,14" hai2="66,108,52,73,117,76,120,53,86,21,67,41,55" hai3="75,91,95,63,94,70,82,16,109,131,129,85,113"/><U105/><E105/><V101/><F73/><W104/><G109/><T5/><D128/><N who="3" m="49225" /><G104/><T7/><D123/><U62/><E62/><V1/><F1/><W0/><G0/><T15/><D28/><U87/><E87/><V32/><F32/><W9/><G75/><T114/><D114/><U78/><E78/><V24/><F117/><W54/><G113/><T36/><D36/><U18/><E42/><V100/><F41/><W30/><G30/><T33/><D33/><U17/><E130/><V127/><F127/><W57/><G70/><T116/><D116/><U98/><E98/><V84/><F108/><W71/><G71/><T125/><D125/><U118/><E118/><V35/><F35/><W135/><G135/><N who="1" m="51754" /><E126/><V99/><F120/><W44/><G44/><T10/><D56/><U59/><E59/><V37/><F37/><W124/><G124/><T107/><REACH who="0" step="1"/><D88/><REACH who="0" ten="160,346,248,236" step="2"/><U110/><E110/><V12/><F99/><W77/><G91/><T26/><D26/><U64/><E27/><V119/><F119/><W31/><G31/><T29/><D29/><U38/><E38/><V43/><F24/><W79/><G79/><T97/><D97/><U45/><E111/><V2/><F76/><W93/><G93/><T122/><D122/><U19/><E45/><V49/><F86/><W34/><G34/><T133/><D133/><U74/><E74/><V47/><F84/><W51/><G94/><T90/><D90/><U25/><E64/><V89/><F89/><W68/><G95/><T81/><D81/><U58/><E58/><V61/><F47/><W92/><G92/><RYUUKYOKU ba="0,1" sc="160,30,346,-10,248,-10,236,-10" hai0="5,7,10,11,15,39,40,46,80,83,96,102,107" /><INIT seed="6,1,1,4,3,29" ten="190,336,238,226" oya="2" hai0="115,130,127,105,54,102,113,110,73,77,31,15,14" hai1="97,114,112,5,131,52,21,75,107,23,98,27,28" hai2="25,133,39,93,66,122,99,128,64,76,6,68,12" hai3="22,125,78,89,69,38,106,13,50,16,71,4,123"/><V65/><F122/><W95/><G123/><T0/><D110/><U33/><E75/><V41/><F128/><W126/><G106/><T117/><D130/><U119/><E119/><V37/><F133/><W118/><G38/><T49/><D117/><U40/><E40/><V70/><F76/><W34/><G118/><T47/><D127/><N who="3" m="48649" /><G34/><T134/><D134/><U124/><E124/><V94/><F25/><W51/><G78/><T18/><D0/><U96/><E131/><V61/><F41/><W103/><G103/><T72/><D31/><U56/><E5/><V44/><F44/><W79/><G79/><T62/><D62/><N who="1" m="36103" /><E107/><V46/><F46/><W104/><G4/><T55/><D77/><U90/><E90/><V67/><F68/><N who="3" m="26187" /><G104/><T121/><D121/><U45/><E45/><V63/><F63/><W135/><G135/><T101/><D105/><U9/><E9/><V120/><F120/><W32/><G32/><T92/><D47/><U36/><E36/><V48/><F48/><W58/><G58/><T111/><D49/><U109/><E109/><V11/><F39/><W81/><G81/><T30/><D111/><U59/><E59/><V7/><F7/><W132/><G132/><T82/><D82/><U84/><E84/><AGARI ba="1,1" hai="13,16,22,50,51,84,89,95" m="26187,48649" machi="84" ten="30,2000,0" yaku="18,1,54,1" doraHai="29" who="3" fromWho="1" sc="190,0,336,-23,238,0,226,33" /><INIT seed="7,0,0,5,1,124" ten="190,313,238,259" oya="3" hai0="105,30,118,45,101,43,32,15,68,60,127,102,50" hai1="36,99,78,17,67,54,91,103,88,19,112,95,75" hai2="110,57,55,111,72,10,128,51,69,16,70,93,104" hai3="87,107,106,33,9,7,59,34,76,109,74,42,77"/><W1/><G87/><T25/><D127/><U66/><E112/><V14/><F104/><W8/><G59/><T41/><D118/><U27/><E36/><V82/><F93/><W80/><G109/><T89/><D102/><U62/><E75/><V134/><F134/><W100/><G77/><T115/><D115/><U120/><E78/><V130/><F72/><W58/><G58/><T126/><D126/><U61/><E120/><V113/><F113/><W49/><G49/><T84/><D15/><U116/><E116/><V79/><F69/><W28/><G42/><T46/><D84/><U2/><E2/><V12/><F70/><W31/><G9/><T85/><D85/><U63/><E54/><V20/><F82/><W121/><G121/><T26/><D89/><N who="1" m="34379" /><E27/><V47/><F47/><W135/><G100/><T94/><D26/><U83/><E83/><V108/><REACH who="2" step="1"/><F79/><REACH who="2" ten="190,313,228,259" step="2"/><W44/><G44/><T71/><D94/><U73/><E73/><V98/><F98/><W0/><G106/><T23/><D23/><U35/><E35/><V40/><F40/><W5/><G107/><T97/><REACH who="0" step="1"/><D60/><REACH who="0" ten="180,313,228,259" step="2"/><U37/><E62/><V18/><AGARI ba="0,2" hai="10,12,14,16,18,20,51,55,57,108,110,111,128,130" machi="18" ten="40,8000,1" yaku="1,1,0,1,52,2,54,1,53,0" doraHai="124" doraHaiUra="96" who="2" fromWho="2" sc="180,-20,313,-20,228,100,259,-40" owari="160,-34.0,293,9.0,328,43.0,219,-18.0" /></mjloggm>