<mjloggm ver="2.3"><GO type="169" lobby="0"/><UN n0="%E3%81%BD%E3%82%93%E3%81%A7%E3%82%89%E3%81%84%E3%81%8A%E3%82%93" n1="%E3%81%8B%E3%81%8B%E3%81%8B%E3%81%8B" n2="%6B%75%72%69%6D%75" n3="%E3%82%84%E3%81%8F%E3%81%97%E3%81%BE%E3%82%8B%E3%81%88%E3%81%A4%E3%81%93" dan="18,16,18,16" rate="2228.37,2096.32,2275.46,2062.72" sx="M,M,M,F"/><TAIKYOKU oya="0"/><INIT seed="0,0,0,4,1,42" ten="250,250,250,250" oya="0" hai0="84,89,41,5,71,125,0,61,12,13,129,87,17" hai1="123,113,78,49,20,92,83,34,122,104,77,72,69" hai2="63,108,98,66,88,23,96,32,37,51,8,3,47" hai3="55,38,126,24,36,27,21,85,53,134,95,68,14"/><T93/><D125/><U54/><E34/><V110/><F32/><W102/><G68/><T133/><D129/><U30/><E104/><V119/><F37/><W86/><G126/><T90/><D133/><U97/><E69/><V79/><F79/><W81/><G38/><T15/><D0/><U124/><E78/><V9/><F23/><W128/><G36/><T40/><D5/><U18/><E30/><V106/><F106/><W127/><G127/><T109/><D109/><N who="2" m="42090" /><F98/><W50/><G27/><T6/><D6/><U91/><E113/><V10/><F119/><W43/><G128/><T60/><D17/><U70/><E70/><N who="2" m="42335" /><F3/><W74/><G74/><T76/><D76/><U48/><E124/><V75/><F75/><W100/><G134/><T118/><D118/><U59/><REACH who="1" step="1"/><E48/><REACH who="1" ten="250,240,250,250" step="2"/><V57/><F57/><W1/><G50/><T65/><REACH who="0" step="1"/><D61/><REACH who="0" ten="240,240,250,250" step="2"/><U2/><E2/><V39/><F39/><W114/><G1/><T67/><D67/><U115/><E115/><V33/><F33/><W11/><G114/><T99/><D99/><U103/><E103/><V101/><F101/><W52/><G102/><T105/><D105/><U135/><E135/><V16/><F96/><W107/><G107/><T7/><D7/><U112/><E112/><V120/><F88/><W130/><G100/><T82/><AGARI ba="0,2" hai="12,13,15,40,41,60,65,71,82,84,87,89,90,93" machi="82" ten="30,3000,0" yaku="1,1,0,1,53,0" doraHai="42" doraHaiUra="131" who="0" fromWho="0" sc="240,50,240,-10,250,-10,250,-10" /><INIT seed="0,1,0,5,1,106" ten="290,230,240,240" oya="0" hai0="3,100,29,66,48,90,72,124,43,35,51,16,76" hai1="59,11,62,46,73,40,133,120,67,18,123,85,28" hai2="20,129,119,121,93,60,56,22,38,70,2,36,105" hai3="84,44,88,54,34,10,128,1,117,61,21,7,87"/><T110/><D3/><U33/><E73/><V99/><F105/><W122/><G117/><T14/><D66/><U91/><E133/><V71/><F121/><W12/><G34/><T86/><D100/><U83/><E33/><V9/><F129/><W113/><G113/><T58/><D35/><U118/><E28/><V63/><F93/><W96/><G128/><T23/><D29/><U107/><E107/><V78/><F99/><W47/><G122/><T103/><D103/><U32/><E32/><V98/><F98/><W8/><G21/><T131/><D131/><U108/><E118/><V49/><F56/><W115/><G87/><T37/><D124/><U130/><E130/><V19/><F49/><W68/><G96/><T89/><D37/><U92/><E92/><V30/><F78/><W125/><G125/><T94/><D43/><U104/><E104/><V82/><F82/><W135/><G135/><T75/><D76/><U127/><E127/><V50/><F50/><W15/><G1/><T79/><D79/><U6/><E108/><V39/><F119/><W116/><G115/><T26/><D110/><U80/><E18/><V65/><F30/><W77/><G77/><T109/><D109/><U55/><E80/><V126/><F126/><W4/><G116/><T27/><D90/><U64/><E123/><V45/><F45/><W42/><G42/><T132/><D132/><U95/><E83/><V31/><F31/><W0/><G0/><T25/><D48/><N who="1" m="26695" /><E120/><V5/><F19/><W17/><G68/><T13/><D13/><AGARI ba="1,0" hai="6,11,13,55,59,62,64,67,85,91,95" m="26695" machi="13" ten="30,1000,0" yaku="8,1" doraHai="106" who="1" fromWho="0" sc="290,-13,230,13,240,0,240,0" /><INIT seed="1,0,0,2,2,3" ten="277,243,240,240" oya="1" hai0="40,109,47,124,2,65,135,53,7,58,36,122,126" hai1="39,102,62,111,28,76,104,134,0,86,129,32,119" hai2="83,55,107,46,18,34,80,108,121,72,20,10,14" hai3="132,101,56,106,63,79,78,19,90,70,92,30,114"/><U50/><E39/><V74/><F108/><W68/><G114/><T112/><D112/><U84/><E119/><V29/><F107/><W99/><G30/><T89/><D109/><U42/><E0/><V77/><F121/><W113/><G113/><T24/><D122/><U26/><E111/><V12/><F34/><W43/><G43/><T69/><D24/><U9/><E9/><V27/><F14/><W94/><G106/><T23/><D23/><U67/><E76/><V82/><F72/><W66/><G132/><T16/><D16/><U96/><E129/><V37/><F37/><W127/><G127/><T110/><D89/><U131/><E131/><V125/><F125/><W75/><G75/><T118/><D118/><U98/><E98/><V105/><F105/><W6/><G19/><T45/><D110/><U52/><E42/><V128/><F128/><W88/><G90/><T100/><D100/><U133/><E133/><V33/><F33/><W116/><G116/><T25/><D25/><U41/><E41/><V59/><F46/><W85/><REACH who="3" step="1"/><G6/><REACH who="3" ten="277,243,240,230" step="2"/><T64/><D135/><U95/><E134/><V17/><F29/><W48/><G48/><AGARI ba="0,1" hai="10,12,17,18,20,27,48,55,59,74,77,80,82,83" machi="48" ten="30,1000,0" yaku="7,1" doraHai="3" who="2" fromWho="3" sc="277,0,243,0,240,20,230,-10" /><INIT seed="2,0,0,5,4,109" ten="277,243,260,220" oya="2" hai0="130,86,4,71,23,81,12,52,46,18,77,111,117" hai1="40,34,75,25,114,68,7,102,78,122,93,115,132" hai2="118,19,53,43,107,105,96,128,127,83,110,94,112" hai3="124,42,14,120,106,59,73,113,108,89,5,17,88"/><V16/><F118/><W64/><G120/><T104/><D111/><U27/><E68/><V116/><F116/><W134/><G108/><T11/><D117/><U13/><E40/><V33/><F33/><W39/><G106/><T22/><D71/><U99/><E122/><V61/><F110/><W58/><G73/><T135/><D104/><U55/><E132/><V54/><F43/><W67/><G5/><T85/><D135/><U70/><E70/><V84/><F112/><W30/><G30/><T126/><D126/><U60/><E78/><N who="2" m="46199" /><F127/><W0/><G0/><T6/><D130/><U98/><E75/><V2/><F2/><W38/><G124/><T57/><D46/><U119/><E119/><V8/><F105/><W79/><G42/><T49/><D85/><U15/><E99/><V63/><F107/><W51/><G79/><T10/><REACH who="0" step="1"/><D18/><REACH who="0" ten="267,243,260,220" step="2"/><N who="2" m="6698" /><F128/><W31/><G134/><T29/><D29/><U82/><E98/><V97/><F8/><W62/><G31/><T65/><D65/><U90/><E115/><V3/><F96/><W74/><G113/><T37/><D37/><N who="3" m="13833" /><G74/><T95/><D95/><U35/><E93/><V47/><F47/><W87/><G87/><T21/><D21/><U72/><E72/><V50/><F3/><AGARI ba="0,1" hai="3,4,6,10,11,12,22,23,49,52,57,77,81,86" machi="3" ten="30,3900,0" yaku="1,1,7,1,54,1,53,0" doraHai="109" doraHaiUra="66" who="0" fromWho="2" sc="267,49,243,0,260,-39,220,0" /><INIT seed="3,0,0,5,1,113" ten="316,243,221,220" oya="3" hai0="68,84,110,67,128,45,76,100,18,88,62,56,4" hai1="3,37,46,60,115,51,65,125,2,22,29,64,108" hai2="126,130,31,96,12,118,40,21,43,1,38,103,89" hai3="42,129,44,74,124,101,11,83,23,106,91,61,14"/><W72/><G124/><T39/><D110/><U85/><E115/><V97/><F1/><W92/><G129/><T102/><D128/><U53/><E65/><V27/><F126/><W111/><G111/><T80/><D4/><U75/><E75/><V114/><F114/><W95/><G106/><T90/><D68/><U48/><E108/><V94/><F118/><W86/><G23/><T73/><D90/><U55/><E37/><V70/><F70/><W33/><G33/><T82/><REACH who="0" step="1"/><D18/><REACH who="0" ten="306,243,221,220" step="2"/><U20/><E125/><V24/><F130/><W41/><G101/><T123/><D123/><U52/><E2/><V132/><F89/><W109/><G109/><T69/><D69/><U26/><E3/><V78/><F103/><W112/><G112/><T134/><D134/><U93/><E51/><V79/><F38/><W105/><G91/><T58/><D58/><U131/><E131/><V117/><F132/><W30/><G44/><T127/><D127/><U57/><E57/><V10/><F78/><W32/><G61/><T35/><D35/><U107/><E60/><V47/><F79/><W59/><G59/><T116/><D116/><U8/><E48/><V122/><F117/><W71/><G32/><T15/><D15/><U121/><E46/><V28/><F47/><W36/><G14/><T25/><D25/><U77/><E121/><V13/><F122/><W104/><G71/><T0/><D0/><U5/><E26/><V54/><F12/><W34/><G34/><T63/><D63/><U87/><E5/><V133/><F13/><W99/><G36/><T6/><D6/><RYUUKYOKU ba="0,1" sc="306,30,243,-10,221,-10,220,-10" hai0="39,45,56,62,67,73,76,80,82,84,88,100,102" /><INIT seed="4,1,1,5,5,58" ten="336,233,211,210" oya="0" hai0="29,117,71,94,116,78,129,70,82,127,8,93,22" hai1="81,17,80,4,61,97,113,18,60,110,14,0,3" hai2="91,115,66,45,38,114,6,19,33,20,43,36,1" hai3="128,37,133,112,135,68,56,106,134,98,89,11,5"/><T72/><D127/><U9/><E110/><V109/><F33/><W105/><G112/><T124/><D124/><U84/><E113/><V15/><F109/><W42/><G68/><T50/><D129/><U67/><E80/><V79/><F36/><W64/><G128/><T83/><D8/><U52/><E97/><V63/><F79/><W41/><G64/><T132/><D50/><U74/><E74/><V23/><F23/><W24/><G24/><T69/><D132/><U32/><E32/><V55/><F55/><W86/><G56/><T26/><REACH who="0" step="1"/><D82/><REACH who="0" ten="326,233,211,210" step="2"/><U12/><E81/><V99/><F114/><W47/><G37/><T62/><D62/><U122/><E9/><V16/><F115/><W123/><G123/><T40/><D40/><U125/><E125/><V13/><F63/><W96/><G41/><T30/><D30/><U95/><E122/><V59/><F43/><W34/><G42/><T111/><D111/><U92/><E52/><V76/><F38/><W90/><G134/><T53/><D53/><U73/><E67/><V39/><F66/><W51/><G11/><T28/><D28/><U10/><E10/><V25/><F39/><W119/><G133/><T108/><D108/><U120/><E120/><V118/><F118/><AGARI ba="1,2" hai="22,26,29,69,70,71,72,78,83,93,94,116,117,118" machi="118" ten="50,2400,0" yaku="1,1,53,0" doraHai="58" doraHaiUra="46" who="0" fromWho="2" sc="326,47,233,0,211,-27,210,0" /><INIT seed="4,2,0,1,4,101" ten="373,233,184,210" oya="0" hai0="39,55,28,95,40,53,113,106,97,96,16,130,44" hai1="43,19,98,42,68,35,20,32,129,54,79,77,133" hai2="110,45,114,3,132,50,62,119,5,72,104,70,99" hai3="78,124,46,48,105,21,7,1,37,71,2,8,111"/><T126/><D130/><U123/><E68/><V18/><F110/><W112/><G111/><T36/><D126/><U131/><E123/><V65/><F72/><W14/><G37/><T82/><D39/><U4/><E4/><V84/><F114/><W10/><G112/><T122/><D122/><U64/><E64/><V26/><F132/><W92/><G71/><T11/><D28/><U128/><E133/><V57/><F5/><W74/><G10/><T118/><D118/><U107/><E54/><V49/><F3/><W83/><G124/><T76/><D97/><U47/><E98/><V86/><F49/><W103/><G105/><T60/><D60/><U38/><E43/><V51/><F50/><W120/><G120/><T30/><D30/><U0/><E0/><V100/><F57/><W80/><G80/><T31/><D31/><U88/><E88/><V87/><F119/><W109/><G109/><T13/><D106/><U127/><E127/><V56/><F70/><W75/><G75/><T25/><D25/><U81/><E107/><V115/><F115/><W27/><G92/><T33/><D33/><N who="1" m="12875" /><E81/><V135/><F135/><W125/><G103/><T6/><D6/><U17/><E17/><V24/><REACH who="2" step="1"/><F18/><REACH who="2" ten="373,233,174,210" step="2"/><N who="3" m="12727" /><G125/><T69/><D69/><U94/><E19/><V52/><AGARI ba="2,1" hai="24,26,45,51,52,56,62,65,84,86,87,99,100,104" machi="52" ten="30,7900,0" yaku="1,1,0,1,52,1,54,1,53,0" doraHai="101" doraHaiUra="134" who="2" fromWho="2" sc="373,-41,233,-22,174,95,210,-22" /><INIT seed="5,0,0,2,1,10" ten="332,211,269,188" oya="1" hai0="74,83,14,94,107,43,24,111,92,81,19,32,76" hai1="13,128,68,64,63,110,108,11,28,41,127,124,66" hai2="29,65,104,62,100,2,4,113,0,102,125,37,96" hai3="60,132,22,55,45,54,57,17,130,56,21,121,82"/><U115/><E115/><V40/><F125/><N who="1" m="48201" /><E128/><V36/><F102/><W99/><G121/><T114/><D107/><U89/><E66/><V61/><F61/><W77/><G130/><T112/><D43/><U72/><E72/><V71/><F113/><N who="0" m="43626" /><D83/><U106/><E106/><V129/><F129/><W75/><G132/><T70/><D70/><U85/><E28/><V126/><F126/><W131/><G131/><T35/><D111/><U90/><E41/><V118/><F118/><W86/><G75/><T119/><D119/><U103/><E103/><V50/><F50/><W38/><G99/><T15/><D35/><U34/><E34/><V8/><F0/><W23/><G38/><T30/><D14/><U120/><E120/><V16/><F29/><W79/><G79/><T48/><D48/><U18/><E89/><V47/><F16/><W97/><G97/><T78/><D76/><U51/><E51/><V133/><F36/><W58/><G17/><T31/><D30/><U5/><E18/><V44/><F44/><W109/><G109/><T134/><D134/><AGARI ba="0,0" hai="2,4,8,37,40,47,62,65,71,96,100,104,133,134" machi="134" ten="40,2600,0" yaku="23,2" doraHai="10" who="2" fromWho="0" sc="332,-26,211,0,269,26,188,0" /><INIT seed="6,0,0,0,5,101" ten="306,211,295,188" oya="2" hai0="11,19,130,48,10,18,67,69,110,118,94,124,96" hai1="33,133,37,8,104,111,63,113,45,81,60,5,84" hai2="9,79,61,35,100,38,75,26,53,83,32,15,92" hai3="91,13,99,43,59,78,119,40,125,102,42,55,31"/><V41/><F41/><W0/><G119/><T103/><D110/><U25/><E111/><V22/><F38/><W77/><G0/><T112/><D118/><U131/><E104/><V64/><F53/><W7/><G125/><T122/><D122/><U71/><E113/><V135/><F135/><W116/><G116/><T12/><D124/><U62/><E131/><V123/><F123/><W88/><G31/><T73/><D73/><U85/><E85/><V24/><F24/><W2/><G2/><T1/><D1/><U117/><E133/><V127/><F127/><W89/><G13/><T120/><D120/><U90/><E117/><V20/><F20/><W3/><G7/><T129/><D112/><U134/><E134/><V76/><F79/><W39/><G3/><T4/><D48/><U98/><E71/><V106/><F92/><W105/><REACH who="3" step="1"/><G39/><REACH who="3" ten="306,211,295,178" step="2"/><T107/><D12/><U54/><E5/><V72/><F15/><W97/><G97/><T57/><D96/><U70/><E98/><V44/><F26/><W50/><AGARI ba="0,1" hai="40,42,43,50,55,59,77,78,88,89,91,99,102,105" machi="50" ten="30,12000,2" yaku="1,1,0,1,52,1,54,1,53,2" doraHai="101" doraHaiUra="74" who="3" fromWho="3" sc="306,-30,211,-30,295,-60,178,130" /><INIT seed="7,0,0,4,4,133" ten="276,181,235,308" oya="3" hai0="81,41,123,24,130,63,125,57,7,127,6,67,113" hai1="120,9,100,89,62,121,23,1,102,65,95,43,124" hai2="106,83,32,73,80,12,78,0,134,17,117,8,52" hai3="105,84,21,20,87,131,135,48,58,38,107,36,90"/><W77/><G77/><T61/><D123/><U104/><E43/><V28/><F134/><W79/><G79/><T10/><D130/><U3/><E104/><V74/><F117/><W98/><G135/><T33/><D113/><U60/><E23/><V19/><F106/><W35/><G98/><T101/><D41/><U94/><E65/><V112/><F112/><W69/><G48/><T15/><D81/><U88/><E9/><V116/><F116/><W40/><G40/><T31/><D101/><U75/><E75/><V22/><F80/><W111/><G35/><T110/><D110/><U68/><E68/><V82/><F82/><W119/><G119/><T11/><REACH who="0" step="1"/><D61/><REACH who="0" ten="266,181,235,308" step="2"/><U13/><REACH who="1" step="1"/><E13/><AGARI ba="0,1" hai="6,7,10,11,13,15,24,31,33,57,63,67,125,127" machi="13" ten="40,12000,2" yaku="1,1,2,1,9,1,52,2,53,1" doraHai="133" doraHaiUra="26" who="0" fromWho="1" sc="266,130,181,-120,235,0,308,0" owari="396,49.0,61,-44.0,235,-16.0,308,11.0" /></mjloggm>