<mjloggm ver="2.3"><GO type="169" lobby="0"/><UN n0="%E6%9C%A8%E6%BC%8F%E3%82%8C%E6%97%A5" n1="%E7%94%B0%E6%89%80%E3%81%8D%E3%82%89%E3%81%84" n2="%E3%83%95%E3%83%84%E3%82%A6%E3%81%AE%E6%81%8B%E3%81%AE%E7%B5%90%E6%9C%AB" n3="%E3%82%A2%E3%83%A1%E3%83%B3%E3%83%9D%E3%81%A6%E3%81%B5" dan="17,17,17,17" rate="2189.06,2137.69,2186.06,2194.91" sx="M,F,M,M"/><TAIKYOKU oya="0"/><INIT seed="0,0,0,0,0,19" ten="250,250,250,250" oya="0" hai0="59,86,77,125,76,9,49,23,91,8,16,98,69" hai1="118,129,3,104,67,93,53,20,35,111,60,81,50" hai2="132,37,99,51,124,10,28,85,70,44,71,29,83" hai3="25,110,64,79,40,27,80,122,84,103,6,48,92"/><T106/><BYE who="1" /><D69/><U117/><E117/><V78/><F37/><W56/><G110/><T39/><D39/><UN n1="%E7%94%B0%E6%89%80%E3%81%8D%E3%82%89%E3%81%84" /><U55/><E104/><V135/><F99/><W95/><G122/><T61/><D125/><U120/><E35/><V24/><F10/><N who="0" m="4202" /><D98/><U17/><E3/><V133/><F124/><W134/><G134/><T105/><D49/><U54/><E118/><V1/><F1/><W73/><G6/><T94/><D106/><U52/><E111/><V72/><F72/><W41/><G73/><T102/><D102/><U11/><E11/><V15/><F15/><W21/><G103/><T131/><D105/><U13/><E129/><V101/><F101/><W75/><G25/><N who="0" m="14567" /><D131/><U4/><E4/><V68/><F68/><W58/><G75/><T115/><D115/><U109/><E109/><V32/><F70/><W128/><G128/><T43/><D43/><U34/><E34/><V130/><F71/><W119/><G41/><T57/><D57/><N who="1" m="37263" /><E120/><V36/><F36/><W63/><G119/><T89/><D89/><U112/><E112/><V2/><F130/><W7/><G7/><T108/><D108/><U100/><N who="1" m="13824" /><DORA hai="65" /><U33/><E33/><V82/><F2/><W46/><REACH who="3" step="1"/><G58/><REACH who="3" ten="250,250,250,240" step="2"/><T96/><D59/><U127/><E127/><V114/><F114/><W116/><G116/><T42/><D42/><U123/><E123/><V88/><F133/><W74/><G74/><T14/><D61/><U0/><E0/><V62/><F62/><W38/><G38/><T97/><D14/><U47/><E13/><V113/><F113/><W18/><AGARI ba="0,1" hai="18,21,27,40,46,48,56,63,64,79,80,84,92,95" machi="18" ten="20,8000,1" yaku="1,1,0,1,7,1,8,1,52,1,53,0" doraHai="19,65" doraHaiUra="30,87" who="3" fromWho="3" sc="250,-40,250,-20,250,-20,240,90" /><INIT seed="1,0,0,3,4,35" ten="210,230,230,330" oya="1" hai0="111,130,25,132,14,93,16,78,61,1,45,7,97" hai1="103,126,72,121,109,129,28,84,42,90,128,40,53" hai2="74,133,17,96,67,32,88,9,127,63,18,114,46" hai3="38,10,92,116,81,6,47,69,70,55,86,110,68"/><U99/><E72/><V4/><F74/><W73/><G110/><T41/><D111/><U60/><E28/><V64/><F32/><W52/><G116/><T50/><D130/><U135/><E121/><V19/><F127/><W100/><G100/><T118/><D132/><U94/><E109/><V80/><F133/><W112/><G92/><T21/><D118/><U48/><E126/><V44/><F114/><W5/><G5/><T62/><D78/><U3/><E3/><V75/><F75/><W56/><G56/><T31/><D7/><U82/><E60/><V124/><F124/><W115/><G86/><T20/><REACH who="0" step="1"/><D1/><REACH who="0" ten="200,230,230,330" step="2"/><U102/><E135/><V98/><F4/><W79/><G115/><T59/><D59/><U122/><E129/><V71/><F71/><W15/><REACH who="3" step="1"/><G112/><REACH who="3" ten="200,230,230,320" step="2"/><T23/><D23/><U24/><E128/><V37/><F46/><W36/><G36/><T27/><D27/><U76/><E24/><V0/><F44/><W43/><AGARI ba="0,2" hai="6,10,15,38,43,47,52,55,68,69,70,73,79,81" machi="43" ten="40,8000,1" yaku="1,1,0,1,54,1,53,1" doraHai="35" doraHaiUra="2" who="3" fromWho="3" sc="200,-20,230,-40,230,-20,320,100" /><INIT seed="2,0,0,3,5,20" ten="180,190,210,420" oya="2" hai0="46,119,91,49,116,95,86,130,112,72,79,33,68" hai1="59,62,52,25,6,7,12,73,118,22,18,132,50" hai2="23,97,121,8,94,0,13,134,76,19,44,114,107" hai3="83,129,40,43,55,128,111,103,36,125,5,32,15"/><V74/><F121/><W89/><G32/><T63/><D112/><U115/><E118/><N who="0" m="45097" /><D130/><N who="3" m="50281" /><G111/><T24/><D72/><U57/><E73/><V58/><F114/><W106/><G125/><T133/><D79/><U117/><E132/><V60/><F134/><W124/><G124/><T1/><D1/><U98/><E115/><V113/><F113/><W35/><G35/><T14/><D14/><U100/><E12/><V104/><F44/><W31/><G31/><N who="0" m="19687" /><D133/><U102/><E117/><V54/><F76/><W123/><G55/><N who="0" m="30135" /><D63/><U66/><REACH who="1" step="1"/><E102/><REACH who="1" ten="180,180,210,420" step="2"/><V131/><F74/><W75/><G103/><T51/><D51/><U77/><E77/><V38/><F131/><W105/><G75/><T82/><D68/><U11/><E11/><V29/><F38/><W78/><G78/><T84/><D82/><U37/><E37/><V93/><F0/><W135/><G83/><T64/><D64/><U67/><E67/><V65/><F65/><W48/><G48/><T34/><D34/><U109/><E109/><V41/><F8/><W2/><G2/><T53/><D53/><U26/><E26/><V61/><F54/><W71/><G71/><T70/><D70/><U28/><E28/><V10/><F29/><W96/><G135/><T21/><D21/><U9/><E9/><V39/><F10/><W17/><G36/><T47/><D47/><U4/><E4/><V88/><F39/><W127/><G5/><T69/><D69/><U3/><E3/><V87/><F13/><W56/><G15/><T85/><AGARI ba="0,1" hai="84,85,86,91,95" m="30135,19687,45097" machi="85" ten="30,2000,0" yaku="12,1,52,1" doraHai="20" who="0" fromWho="0" sc="180,30,180,-5,210,-10,420,-5" /><INIT seed="3,0,0,5,1,13" ten="210,175,200,415" oya="3" hai0="134,107,68,85,124,8,114,53,81,123,119,69,129" hai1="64,29,38,39,16,42,125,31,17,32,9,75,11" hai2="40,24,111,65,2,95,7,106,102,22,77,54,33" hai3="1,18,45,71,86,74,20,88,27,84,116,46,63"/><W70/><G116/><T91/><D119/><U14/><E75/><V66/><F106/><W30/><G1/><T110/><D123/><U35/><E64/><V44/><F54/><W131/><G74/><T93/><D107/><U49/><E49/><V52/><F33/><N who="1" m="12873" /><E42/><V73/><F111/><W104/><G104/><T118/><D110/><U100/><E100/><V34/><F34/><W101/><G101/><T37/><D118/><U3/><E39/><V79/><F7/><W126/><G126/><T90/><D37/><U130/><E38/><V72/><F2/><W58/><G131/><T92/><D129/><U133/><E133/><V117/><F117/><W60/><G71/><T0/><D134/><U56/><E56/><V12/><F12/><W127/><G86/><T135/><D135/><U108/><E108/><V80/><F77/><W57/><G127/><T76/><D124/><U82/><E82/><V21/><F73/><W97/><G30/><N who="1" m="11274" /><E130/><V83/><F83/><N who="3" m="49183" /><G97/><T120/><D85/><U48/><E48/><V96/><F102/><W15/><G70/><T6/><D69/><U112/><E125/><V26/><F96/><W67/><G27/><T128/><D128/><U10/><E112/><V25/><F72/><W132/><G132/><T36/><D114/><U89/><E89/><V78/><F78/><W109/><G109/><T51/><D76/><U121/><E121/><V105/><F79/><W47/><G47/><T41/><D120/><U28/><N who="1" m="11282" /><U99/><DORA hai="23" /><E99/><V103/><F105/><W50/><G50/><T59/><D81/><U113/><E113/><RYUUKYOKU ba="0,0" sc="210,-10,175,-10,200,-10,415,30" hai3="15,18,20,45,46,57,58,60,63,67" /><INIT seed="3,1,0,0,3,94" ten="200,165,190,445" oya="3" hai0="98,57,99,69,51,111,2,76,43,0,122,120,127" hai1="39,45,44,31,52,71,53,63,40,50,27,101,80" hai2="64,9,16,75,126,66,62,26,3,87,8,59,30" hai3="6,17,82,33,95,116,125,108,11,60,106,91,119"/><W86/><G125/><T96/><D69/><U128/><E128/><V18/><F75/><W32/><G106/><T74/><D127/><U93/><E80/><V92/><F126/><W29/><G17/><T65/><D111/><U117/><E117/><V21/><F64/><W37/><G37/><T84/><D74/><U124/><E124/><V10/><F3/><W132/><G132/><T56/><D2/><U15/><E15/><V42/><F42/><W19/><G19/><T36/><D0/><U102/><E93/><V131/><F131/><W12/><G108/><T34/><D34/><U107/><E107/><V13/><F18/><W14/><G14/><T68/><D36/><U48/><E71/><V72/><F72/><W134/><G134/><T130/><D68/><U55/><E63/><V25/><F25/><W123/><G123/><T47/><D130/><U73/><E73/><V89/><AGARI ba="1,0" hai="8,9,10,13,16,21,26,30,59,62,66,87,89,92" machi="89" ten="30,4000,0" yaku="0,1,8,1,54,1" doraHai="94" who="2" fromWho="2" sc="200,-11,165,-11,190,43,445,-21" /><INIT seed="4,0,0,0,0,50" ten="189,154,233,424" oya="0" hai0="109,55,13,132,119,70,21,86,56,59,101,88,112" hai1="45,92,82,29,31,34,107,54,19,36,61,116,102" hai2="12,77,32,1,126,64,25,94,60,79,118,71,3" hai3="122,98,49,42,7,117,76,93,4,39,5,62,0"/><T24/><D119/><U114/><E107/><V51/><F118/><W95/><G117/><T80/><D70/><U129/><E34/><V43/><F126/><W8/><G39/><T47/><D112/><U9/><E129/><V41/><F12/><W103/><G122/><T120/><D120/><U99/><E114/><V81/><F94/><W111/><G111/><T35/><D132/><U134/><E134/><V125/><F125/><W72/><G72/><T20/><D109/><U27/><E116/><V127/><F127/><W85/><G62/><T38/><D101/><U87/><E36/><V18/><F77/><W90/><G76/><T66/><D35/><U28/><E9/><V121/><F121/><W115/><G115/><T96/><D96/><U68/><E68/><V2/><F51/><W83/><G95/><T105/><D105/><U124/><E124/><V123/><F123/><W53/><REACH who="3" step="1"/><G42/><REACH who="3" ten="189,154,233,414" step="2"/><T110/><D110/><U104/><E61/><V91/><F79/><W89/><G89/><T10/><D38/><U113/><E113/><V33/><F43/><W69/><G69/><T16/><D66/><U15/><E92/><V17/><F41/><W40/><G40/><T63/><D63/><U48/><E82/><V44/><F81/><W73/><G73/><T22/><D24/><U135/><E135/><V84/><F25/><W65/><G65/><T30/><D30/><U67/><E67/><V78/><F64/><W106/><G106/><T6/><D6/><U11/><E27/><V52/><F60/><W100/><G100/><T131/><D131/><U133/><E133/><RYUUKYOKU ba="0,1" sc="189,10,154,10,233,-30,414,10" hai0="10,13,16,20,21,22,47,55,56,59,80,86,88" hai1="11,15,19,28,29,31,45,48,54,87,99,102,104" hai3="0,4,5,7,8,49,53,83,85,90,93,98,103" /><INIT seed="4,1,1,4,3,54" ten="199,164,203,424" oya="0" hai0="3,100,109,72,107,111,96,29,47,127,7,69,10" hai1="130,101,133,132,126,49,88,68,24,79,83,120,77" hai2="61,89,112,70,129,74,18,25,5,73,17,41,114" hai3="85,95,40,75,15,92,27,19,9,16,56,37,118"/><T115/><D115/><N who="2" m="44074" /><F129/><W0/><G75/><N who="2" m="28681" /><F5/><W44/><G118/><T128/><D128/><U98/><E68/><V43/><F89/><W20/><G0/><T66/><D127/><U113/><E120/><V6/><F6/><W32/><G32/><T1/><D72/><U2/><E2/><V104/><F104/><W106/><G106/><T62/><D3/><U64/><E64/><N who="2" m="41231" /><F25/><W78/><G78/><N who="1" m="29706" /><E24/><V45/><F43/><W93/><REACH who="3" step="1"/><G85/><REACH who="3" ten="199,164,203,414" step="2"/><T81/><D107/><N who="1" m="63927" /><E113/><V86/><F86/><W119/><G119/><T21/><D1/><U63/><E130/><V26/><F26/><W67/><G67/><T8/><D66/><U110/><E126/><V11/><F11/><W121/><G121/><T90/><D10/><U80/><E132/><V87/><F87/><W108/><G108/><T39/><D111/><U102/><E133/><V55/><F55/><W53/><G53/><T51/><D109/><U28/><E110/><V116/><F116/><W4/><G4/><T125/><D7/><U52/><E52/><V135/><F135/><W94/><N who="3" m="23552" /><DORA hai="82" /><W91/><G91/><T34/><D90/><U38/><E88/><V23/><F23/><W48/><G48/><AGARI ba="1,2" hai="17,18,41,45,48" m="41231,28681,44074" machi="48" ten="30,1000,0" yaku="15,1" doraHai="54,82" who="2" fromWho="3" sc="199,0,164,0,203,33,414,-13" /><INIT seed="5,0,0,4,0,101" ten="199,164,236,401" oya="1" hai0="7,130,129,41,132,114,21,63,43,84,35,82,99" hai1="59,92,65,109,29,20,37,80,50,5,120,105,79" hai2="10,98,112,0,133,12,53,31,25,49,85,11,106" hai3="15,47,96,67,61,28,66,111,23,26,14,27,45"/><U58/><E37/><V9/><F0/><W57/><G111/><T74/><D35/><U77/><E105/><V131/><F131/><N who="0" m="50186" /><D74/><U117/><E120/><V75/><F75/><W90/><G67/><T36/><D36/><U91/><E117/><V39/><F39/><W123/><G26/><T128/><D114/><U104/><E104/><V88/><F133/><W97/><G123/><T1/><D132/><U34/><E34/><V8/><F112/><W70/><G70/><T4/><D128/><U38/><E38/><V72/><F72/><W55/><G55/><T6/><D1/><U89/><E5/><V134/><F134/><W68/><G68/><T124/><D124/><U110/><E29/><V22/><F8/><W56/><G57/><T86/><D86/><U62/><E20/><V81/><F106/><W119/><G119/><T51/><D99/><N who="3" m="37961" /><G90/><N who="0" m="51479" /><D63/><U60/><E50/><V100/><F98/><W126/><G126/><T54/><D21/><U78/><E80/><V42/><F100/><W87/><G87/><T135/><D135/><U16/><E92/><V30/><F42/><W113/><G113/><T93/><D93/><U102/><E102/><V103/><F103/><W107/><G107/><T83/><D83/><U69/><E69/><V52/><F31/><W94/><G94/><T3/><D3/><U40/><E40/><V71/><F71/><W76/><G76/><T118/><D118/><U108/><REACH who="1" step="1"/><E16/><REACH who="1" ten="199,154,236,401" step="2"/><N who="2" m="8207" /><F49/><W127/><G127/><T48/><D48/><U73/><E73/><V64/><F30/><W17/><G28/><T95/><D95/><U44/><E44/><AGARI ba="0,1" hai="14,15,17,23,27,44,45,47,56,61,66" m="37961" machi="44" ten="30,2000,0" yaku="6,1,8,1" doraHai="101" who="3" fromWho="1" sc="199,0,154,-20,236,0,401,30" /><AGARI ba="0,0" hai="4,6,7,41,43,44,51,54" m="51479,50186" machi="44" ten="30,2000,0" yaku="6,1,19,1" doraHai="101" who="0" fromWho="1" sc="199,20,134,-20,236,0,431,0" /><INIT seed="6,0,0,5,1,63" ten="219,114,236,431" oya="2" hai0="125,85,111,21,131,22,49,74,16,120,99,134,19" hai1="116,50,61,90,115,37,104,38,75,35,127,102,64" hai2="58,1,130,24,17,108,39,31,56,40,101,72,55" hai3="129,82,123,20,45,3,79,96,26,110,119,89,10"/><V76/><F1/><W18/><G123/><T9/><D74/><U32/><E116/><V60/><F130/><W65/><G119/><T106/><D120/><U95/><E127/><V34/><F108/><W71/><G110/><T0/><D111/><U8/><E115/><V57/><F101/><W12/><G129/><T105/><D131/><U7/><E50/><V28/><F28/><W128/><G128/><T36/><D36/><N who="1" m="13931" /><E90/><V53/><F17/><W88/><G3/><T14/><D134/><U54/><E95/><V113/><F113/><W81/><G65/><T80/><D125/><U13/><E54/><V78/><F72/><W122/><G71/><T97/><D106/><U121/><E121/><V84/><F84/><N who="3" m="48191" /><G122/><T44/><D105/><U30/><E13/><V100/><F57/><W112/><G112/><T114/><D0/><N who="1" m="103" /><E30/><V86/><F86/><N who="3" m="50263" /><G45/><T46/><D46/><U29/><E29/><V73/><F39/><W66/><G89/><N who="0" m="51367" /><D114/><U118/><E75/><V23/><F73/><W62/><G96/><N who="0" m="36939" /><D19/><U126/><E126/><V83/><F76/><W33/><G33/><T48/><D48/><U42/><E42/><AGARI ba="0,0" hai="9,14,16,21,22,42,44,49" m="36939,51367" machi="42" ten="30,2000,0" yaku="8,1,54,1" doraHai="63" who="0" fromWho="1" sc="219,20,114,-20,236,0,431,0" /><INIT seed="7,0,0,5,2,129" ten="239,94,236,431" oya="3" hai0="106,21,78,31,108,77,74,98,104,66,32,62,88" hai1="133,20,33,135,30,23,109,57,90,115,125,9,50" hai2="118,124,24,25,15,95,75,34,2,68,5,71,97" hai3="130,122,73,10,101,91,37,13,35,120,128,110,121"/><W126/><G37/><T82/><D21/><N who="1" m="8267" /><E90/><V100/><F118/><W54/><G73/><T8/><D8/><U7/><E109/><V83/><F2/><W80/><G101/><T112/><D112/><U93/><E93/><V1/><F1/><W22/><G54/><T70/><D78/><U36/><E36/><V116/><F124/><W89/><G35/><T96/><D108/><U103/><E103/><V84/><F75/><W43/><G10/><T52/><D98/><U12/><E115/><V58/><F116/><W69/><G13/><T113/><D113/><U92/><E92/><V132/><F15/><W42/><G22/><T131/><D88/><N who="3" m="33865" /><G80/><T40/><D96/><U0/><E125/><V45/><F97/><W29/><G29/><T46/><D31/><U47/><E57/><V79/><F58/><W44/><G126/><T18/><D32/><U48/><E47/><V16/><F45/><W26/><G26/><T53/><D46/><U11/><E48/><V60/><F25/><W19/><G44/><T107/><D107/><U134/><E50/><V65/><F24/><W3/><G3/><T119/><D106/><U102/><E102/><V59/><F59/><W64/><G128/><T49/><D131/><U41/><E41/><V67/><F100/><W38/><G130/><T94/><D94/><U127/><E127/><V85/><F95/><W27/><G110/><T81/><D104/><U56/><E56/><V86/><F83/><W4/><G38/><T39/><D39/><U76/><E76/><V51/><F79/><W61/><G27/><T28/><D77/><RYUUKYOKU ba="0,0" sc="239,0,94,0,236,0,431,0" owari="239,4.0,94,-41.0,236,-16.0,431,53.0" /></mjloggm>