<mjloggm ver="2.3"><GO type="169" lobby="0"/><UN n0="%E4%BF%A1%E6%BF%83%E3%81%AE%E8%8D%92%E6%B3%95%E5%B8%AB" n1="%E8%A1%9B%E8%97%A4%E7%BE%8E%E5%BD%A9" n2="%E5%AE%9F%E5%AD%98" n3="%E3%81%88%E3%82%8A%E3%82%93%E3%81%BC%50" dan="18,16,17,17" rate="2249.32,2135.04,2171.45,2178.09" sx="M,M,M,M"/><TAIKYOKU oya="0"/><INIT seed="0,0,0,2,2,88" ten="250,250,250,250" oya="0" hai0="2,43,47,33,124,104,25,26,100,5,130,41,102" hai1="14,71,15,132,58,80,89,112,91,70,120,101,110" hai2="4,114,117,66,37,35,85,56,90,67,98,9,65" hai3="76,95,17,10,38,11,115,63,23,96,133,108,131"/><T69/><D130/><U126/><E120/><V72/><F72/><W61/><G38/><T24/><D69/><U20/><E110/><V121/><F114/><W57/><G131/><T122/><D122/><U79/><E112/><V31/><F37/><W39/><G39/><T7/><D33/><U51/><E101/><N who="0" m="39017" /><D2/><U12/><E20/><V49/><F98/><W93/><G108/><T103/><N who="0" m="39025" /><T54/><DORA hai="60" /><D104/><U135/><E126/><V78/><F78/><W94/><G115/><T123/><D123/><U116/><E116/><V82/><F121/><W86/><G96/><T128/><D128/><U113/><E113/><V107/><F107/><W18/><G61/><T50/><D124/><U99/><E99/><V73/><F73/><W45/><G45/><T119/><D119/><U84/><E58/><V109/><F109/><W1/><G1/><T129/><D129/><U125/><E125/><V8/><F117/><W44/><G44/><T42/><AGARI ba="0,0" hai="5,7,24,25,26,41,42,43,47,50,54" m="39025" machi="42" ten="40,2100,0" yaku="8,1" doraHai="88,60" who="0" fromWho="0" sc="250,21,250,-7,250,-7,250,-7" /><INIT seed="0,1,0,0,0,122" ten="271,243,243,243" oya="0" hai0="79,18,23,7,50,115,59,13,107,98,127,5,134" hai1="25,86,31,44,32,17,14,21,93,101,99,49,61" hai2="81,66,43,69,71,72,128,48,92,74,29,39,105" hai3="123,94,0,100,78,67,113,84,26,30,41,19,76"/><T82/><D115/><U88/><E61/><V80/><F105/><W90/><G123/><T116/><D116/><U64/><E64/><V35/><F39/><W22/><G0/><T132/><D127/><U110/><E110/><V40/><F92/><W91/><G113/><T52/><D107/><U45/><REACH who="1" step="1"/><E49/><REACH who="1" ten="271,233,243,243" step="2"/><V125/><F48/><W56/><G67/><T106/><D132/><U120/><E120/><V109/><F66/><W37/><G37/><T119/><D134/><U87/><E87/><V28/><F109/><W1/><G41/><T58/><D119/><U9/><E9/><V2/><F125/><W46/><G46/><T111/><D111/><U133/><E133/><V3/><REACH who="2" step="1"/><F35/><REACH who="2" ten="271,233,233,243" step="2"/><W6/><G56/><T62/><D50/><U124/><E124/><V121/><F121/><W10/><G84/><T53/><D59/><U24/><E24/><V130/><AGARI ba="1,2" hai="2,3,28,29,40,43,69,71,72,74,80,81,128,130" machi="130" ten="25,6400,0" yaku="1,1,0,1,22,2,53,0" doraHai="122" doraHaiUra="135" who="2" fromWho="2" sc="271,-33,233,-17,233,87,243,-17" /><INIT seed="1,0,0,1,2,59" ten="238,216,320,226" oya="1" hai0="123,57,120,125,3,49,89,114,124,93,35,18,130" hai1="95,133,31,58,39,103,99,36,113,5,56,122,47" hai2="54,131,46,17,116,50,88,94,101,70,127,67,100" hai3="68,83,134,55,91,104,135,6,29,87,2,64,65"/><U42/><E122/><N who="0" m="46633" /><D35/><U72/><E113/><V22/><F116/><W1/><G104/><T48/><D3/><U13/><E39/><V24/><F131/><W110/><G110/><T60/><D18/><U111/><E133/><N who="3" m="50698" /><G29/><T10/><D10/><U77/><E111/><V8/><F127/><N who="0" m="48714" /><D114/><U79/><E31/><V76/><F76/><W52/><G6/><T11/><D11/><U4/><E72/><V132/><F132/><W126/><G126/><T80/><D80/><U14/><E77/><V118/><F118/><W121/><G121/><T45/><D45/><U97/><E79/><V69/><F8/><W90/><G91/><T15/><D15/><U112/><E112/><V40/><F101/><W16/><G1/><T37/><D37/><U75/><E75/><V81/><F100/><W115/><G2/><T26/><D26/><U66/><E14/><V61/><F81/><W34/><G34/><T128/><D128/><U106/><E13/><V73/><F73/><W108/><G108/><T20/><D20/><U105/><E105/><V78/><F78/><W82/><G115/><T38/><D38/><U117/><E117/><V86/><REACH who="2" step="1"/><F40/><REACH who="2" ten="238,216,310,226" step="2"/><W9/><G82/><T74/><D74/><U92/><E106/><V85/><F85/><W98/><G83/><T107/><D107/><U62/><REACH who="1" step="1"/><E58/><AGARI ba="0,1" hai="17,22,24,46,50,54,58,61,67,69,70,86,88,94" machi="58" ten="30,7700,0" yaku="1,1,7,1,52,1,54,1,53,0" doraHai="59" doraHaiUra="109" who="2" fromWho="1" sc="238,0,216,-77,310,87,226,0" /><INIT seed="2,0,0,5,1,99" ten="238,139,397,226" oya="2" hai0="49,83,10,56,132,116,64,62,121,73,39,127,5" hai1="21,70,59,77,135,115,11,12,44,31,60,82,130" hai2="101,125,112,18,72,43,58,7,6,53,3,86,55" hai3="85,40,1,30,29,114,79,131,65,117,25,19,35"/><V129/><F112/><W28/><G114/><T93/><D121/><U26/><E115/><V108/><F72/><W17/><G117/><T20/><D39/><U106/><E130/><V119/><F119/><W128/><G65/><T61/><D116/><U37/><E70/><V8/><F129/><N who="3" m="49739" /><G40/><T96/><D132/><U68/><E68/><V45/><F125/><W110/><G79/><T111/><D127/><U134/><E106/><V9/><F108/><W118/><G85/><T124/><D124/><U22/><E44/><V123/><F123/><W92/><G92/><T78/><D20/><U54/><E37/><V100/><F18/><N who="3" m="6667" /><G118/><T126/><D111/><U105/><E105/><V38/><F86/><W46/><G46/><T57/><D49/><U16/><REACH who="1" step="1"/><E22/><REACH who="1" ten="238,129,397,226" step="2"/><V133/><F133/><W2/><G110/><T36/><D36/><U75/><AGARI ba="0,1" hai="11,12,16,21,26,31,54,59,60,75,77,82,134,135" machi="75" ten="30,7900,0" yaku="1,1,2,1,0,1,54,1,53,0" doraHai="99" doraHaiUra="91" who="1" fromWho="1" sc="238,-20,129,89,397,-39,226,-20" /><INIT seed="3,0,0,5,5,14" ten="218,218,358,206" oya="3" hai0="89,110,47,17,75,119,52,111,99,116,93,26,66" hai1="113,76,49,70,98,40,100,126,20,1,65,118,135" hai2="24,117,53,80,88,51,33,9,31,72,23,84,54" hai3="41,38,125,121,97,5,96,130,91,62,39,104,58"/><W19/><G121/><T61/><D75/><U105/><E113/><V30/><F117/><W92/><G125/><T60/><D47/><U134/><E118/><V8/><F72/><W79/><G79/><T102/><D102/><U124/><E1/><V68/><F68/><W11/><G41/><T71/><D116/><U27/><E76/><V44/><F33/><W16/><G130/><T2/><D2/><U127/><E65/><V83/><F30/><W128/><G128/><T123/><D123/><U69/><E40/><V0/><F0/><W57/><G57/><N who="0" m="34855" /><D119/><U34/><E49/><N who="2" m="28839" /><F83/><W21/><G97/><T107/><D107/><U4/><E4/><V133/><F133/><N who="1" m="50697" /><E34/><V108/><F108/><W25/><G104/><T86/><D86/><U32/><E32/><V3/><F3/><W95/><G95/><T101/><D101/><U120/><E120/><V78/><F78/><W6/><G38/><T112/><D112/><U90/><E90/><V36/><F36/><W115/><G39/><T82/><D82/><U85/><E85/><V114/><F114/><W35/><G35/><T132/><D132/><U10/><E10/><V22/><F9/><W42/><G42/><T55/><D55/><U77/><E77/><V29/><F8/><W50/><G115/><T12/><D12/><U103/><E100/><V81/><F81/><W109/><G109/><T7/><D7/><U46/><E46/><V63/><F54/><N who="3" m="34135" /><G50/><T87/><D87/><U43/><E43/><V131/><F131/><W73/><G73/><T64/><D64/><U74/><E74/><V59/><F80/><RYUUKYOKU ba="0,0" sc="218,10,218,10,358,-30,206,10" hai0="17,26,61,66,71,89,93,99,110,111" hai1="20,27,69,70,98,103,105,124,126,127" hai3="5,6,11,16,19,21,25,91,92,96" /><INIT seed="3,1,0,5,3,9" ten="228,228,328,216" oya="3" hai0="66,69,89,71,117,126,50,134,129,6,120,60,91" hai1="124,68,90,3,114,131,102,24,70,43,55,2,46" hai2="49,58,33,84,118,88,85,135,86,92,11,94,123" hai3="64,31,62,29,4,99,93,51,30,100,87,13,52"/><W101/><G87/><T127/><D117/><U5/><E114/><V63/><F118/><W103/><G62/><T97/><D120/><U95/><E131/><V104/><F104/><W76/><G76/><T115/><D115/><U130/><E130/><V7/><F123/><W17/><G4/><T28/><D129/><U26/><E102/><V112/><F112/><W35/><G64/><T48/><D134/><U122/><E55/><V36/><F36/><W121/><G35/><T12/><D28/><U105/><E105/><V133/><F33/><W45/><G121/><T110/><D110/><U111/><E111/><V40/><F49/><N who="0" m="19050" /><D71/><U32/><E5/><V65/><F40/><W128/><G128/><T16/><D97/><U75/><E75/><V109/><F109/><W14/><G14/><T73/><D73/><U22/><E68/><V98/><REACH who="2" step="1"/><F94/><REACH who="2" ten="228,228,318,216" step="2"/><W77/><REACH who="3" step="1"/><G77/><REACH who="3" ten="228,228,318,206" step="2"/><T81/><D60/><U34/><E32/><V108/><F108/><W0/><G0/><AGARI ba="1,2" hai="0,7,11,58,63,65,84,85,86,88,92,98,133,135" machi="0" ten="40,2600,0" yaku="1,1,54,1,53,0" doraHai="9" doraHaiUra="37" who="2" fromWho="3" sc="228,0,228,0,318,49,206,-29" /><INIT seed="4,0,0,5,0,16" ten="228,228,367,177" oya="0" hai0="82,75,28,53,64,22,59,55,85,41,127,69,98" hai1="19,67,77,97,0,32,3,31,119,115,18,8,39" hai2="63,17,78,36,80,104,20,37,26,106,74,52,33" hai3="25,102,58,40,71,128,91,130,57,108,120,101,114"/><T51/><D127/><U47/><E67/><V12/><F33/><W117/><G71/><T50/><D75/><U126/><E119/><V107/><F63/><W81/><G117/><T105/><D41/><U121/><E121/><V23/><REACH who="2" step="1"/><F52/><REACH who="2" ten="228,228,357,177" step="2"/><W5/><G120/><T134/><D64/><U7/><E32/><V88/><F88/><W65/><G65/><T14/><D69/><U42/><E47/><V2/><F2/><W135/><G91/><T109/><D55/><U24/><E3/><V21/><F21/><W84/><G101/><T35/><D53/><U90/><E0/><V89/><F89/><W30/><G102/><T44/><D44/><U10/><E90/><V56/><F56/><W9/><G57/><T4/><D59/><U70/><E70/><V133/><F133/><W13/><G58/><T110/><D134/><U103/><E126/><V111/><F111/><W73/><G108/><T129/><D109/><U122/><E122/><V66/><F66/><W113/><G135/><T48/><D110/><U96/><E103/><V125/><F125/><W27/><G40/><T38/><D22/><U79/><E42/><V116/><F116/><W72/><G9/><T87/><D35/><U62/><E10/><V60/><F60/><W83/><G128/><T123/><D129/><U54/><E62/><V94/><F94/><W118/><G130/><T34/><D123/><U6/><E8/><V100/><F100/><W15/><G118/><T11/><D34/><U99/><E54/><V86/><F86/><W46/><G84/><T1/><D1/><U112/><E77/><RYUUKYOKU ba="0,1" sc="228,-10,228,-10,357,30,177,-10" hai2="12,17,20,23,26,36,37,74,78,80,104,106,107" /><INIT seed="5,1,1,1,4,132" ten="218,218,387,167" oya="1" hai0="31,30,18,99,91,127,68,86,2,76,52,115,113" hai1="54,24,123,95,110,59,21,69,66,84,47,130,0" hai2="44,43,20,28,108,13,26,96,39,88,22,97,41" hai3="116,15,70,77,121,131,75,79,120,73,50,94,109"/><U89/><E123/><V90/><F108/><W100/><G70/><T32/><D68/><U27/><E110/><V38/><F13/><W67/><G67/><T135/><D2/><U78/><E0/><V29/><F26/><W16/><G109/><T4/><D4/><U134/><E134/><V10/><F44/><W72/><G131/><T42/><D135/><U11/><E130/><V71/><F71/><W102/><G50/><T133/><D133/><U98/><E69/><V106/><F106/><W46/><G46/><T1/><D1/><U48/><E11/><AGARI ba="1,1" hai="10,11,20,22,28,29,38,39,41,43,88,90,96,97" machi="11" ten="25,3200,0" yaku="22,2,54,1" doraHai="132" who="2" fromWho="1" sc="218,0,218,-35,387,45,167,0" /><INIT seed="6,0,0,3,4,27" ten="218,183,432,167" oya="2" hai0="77,107,32,131,50,20,135,46,14,94,34,15,113" hai1="8,24,68,62,74,108,102,44,23,39,104,89,134" hai2="31,35,55,30,16,118,110,17,43,2,59,79,64" hai3="63,71,91,42,9,21,84,93,97,57,132,10,76"/><V117/><F2/><W112/><G71/><T56/><D107/><U7/><E108/><V101/><F110/><W5/><G132/><T81/><D135/><U11/><E134/><V92/><F64/><W29/><G42/><T119/><D56/><U6/><E74/><V52/><F43/><W129/><G112/><T33/><D113/><U13/><E68/><V26/><F79/><W19/><G5/><T98/><D20/><U1/><E62/><V121/><F121/><W120/><G129/><T67/><D67/><U48/><E89/><V25/><F92/><W36/><G36/><T61/><D61/><U41/><E102/><V66/><F66/><W123/><G120/><T95/><D119/><U51/><REACH who="1" step="1"/><E104/><REACH who="1" ten="218,173,432,167" step="2"/><V3/><F101/><W105/><G105/><T96/><D131/><U90/><E90/><V37/><F118/><W22/><G123/><T58/><D96/><U72/><E72/><V111/><F117/><W4/><G97/><T85/><D98/><U82/><E82/><V106/><F106/><W80/><G91/><T45/><D95/><U75/><E75/><V60/><F60/><W127/><G93/><T0/><D94/><U87/><E87/><V109/><F109/><W69/><G69/><T103/><D103/><U78/><E78/><V38/><F111/><W115/><G115/><T73/><D85/><U99/><E99/><V114/><F114/><W18/><G84/><T47/><D73/><U49/><E49/><V124/><F38/><W53/><G76/><T54/><D77/><U133/><E133/><V28/><F37/><W12/><G80/><RYUUKYOKU ba="0,1" sc="218,-10,173,30,432,-10,167,-10" hai1="1,6,7,8,11,13,23,24,39,41,44,48,51" /><INIT seed="7,1,1,1,2,82" ten="208,203,422,157" oya="3" hai0="64,21,86,121,74,83,12,68,34,126,6,3,63" hai1="25,59,32,22,1,46,106,81,71,76,99,31,51" hai2="65,113,134,132,114,28,133,89,88,44,35,23,110" hai3="90,13,0,94,47,49,77,42,50,115,123,8,5"/><W69/><G123/><T19/><D121/><U97/><E71/><V37/><F110/><W91/><G115/><N who="2" m="44041" /><F35/><W62/><G77/><T57/><D34/><U66/><E1/><V4/><F65/><W61/><G69/><T7/><D74/><U122/><E122/><V48/><F37/><W92/><G0/><T15/><D3/><U124/><E124/><V54/><F4/><N who="0" m="1578" /><D126/><U107/><E32/><V73/><F73/><W27/><G27/><AGARI ba="1,1" hai="23,27,28,44,48,54,88,89,132,133,134" m="44041" machi="27" ten="40,5200,0" yaku="20,1,15,1,54,1" doraHai="82" who="2" fromWho="3" sc="208,0,203,0,422,65,157,-55" owari="208,1.0,203,-20.0,487,59.0,102,-40.0" /></mjloggm>