<mjloggm ver="2.3"><GO type="169" lobby="0"/><UN n0="%E3%83%87%E3%83%B3%E3%82%A8%E3%83%B3" n1="%E3%83%9D%E3%83%B3%E3%83%89%E3%83%AB" n2="%E8%88%AC%E5%8D%93%E6%B0%91%E3%81%AE%E6%9C%9D%E3%81%AF%E6%97%A9%E3%81%84" n3="%E9%81%8A%E8%B5%B0" dan="17,16,17,17" rate="2176.92,2064.91,2245.97,2192.81" sx="M,M,M,M"/><TAIKYOKU oya="0"/><INIT seed="0,0,0,1,0,127" ten="250,250,250,250" oya="0" hai0="45,122,11,124,0,62,121,44,77,30,48,63,83" hai1="51,101,69,31,90,88,68,112,61,22,12,10,84" hai2="109,40,13,99,115,128,24,126,35,93,78,47,25" hai3="71,103,114,87,55,57,89,116,14,17,110,123,111"/><T125/><D30/><U91/><E112/><V53/><F115/><W29/><G116/><T4/><D122/><U118/><E101/><V120/><F120/><W95/><G114/><T52/><D45/><U15/><E118/><V37/><F126/><N who="0" m="48746" /><D121/><U106/><E106/><V74/><F109/><N who="3" m="41483" /><G123/><T131/><D131/><U46/><E84/><AGARI ba="0,0" hai="0,4,11,44,48,52,62,63,77,83,84" m="48746" machi="84" ten="30,2900,0" yaku="18,1,54,1" doraHai="127" who="0" fromWho="1" sc="250,29,250,-29,250,0,250,0" /><INIT seed="0,1,0,4,0,132" ten="279,221,250,250" oya="0" hai0="64,123,108,34,133,15,62,86,124,117,85,84,14" hai1="52,92,104,134,109,106,103,21,81,94,91,120,126" hai2="33,105,100,1,68,30,110,72,54,56,65,128,5" hai3="41,2,24,118,32,89,78,36,63,46,26,122,95"/><T67/><D34/><U69/><E69/><V93/><F93/><W9/><G118/><T119/><D123/><U77/><E120/><V98/><F56/><W17/><G122/><T80/><D80/><U96/><E134/><V31/><F31/><W97/><G32/><T112/><D133/><U7/><E7/><V16/><F54/><W66/><G78/><T3/><D3/><U8/><E8/><V23/><F110/><W101/><G89/><T131/><D131/><U50/><E109/><V129/><F72/><W73/><G73/><T27/><D27/><U45/><E21/><V70/><F5/><W48/><G36/><T55/><D112/><U42/><E42/><V99/><F99/><W61/><G61/><T113/><D113/><U115/><E115/><V83/><F83/><W71/><REACH who="3" step="1"/><G17/><REACH who="3" ten="279,221,250,240" step="2"/><T10/><D108/><U127/><E77/><V107/><F128/><W4/><AGARI ba="1,1" hai="2,4,9,24,26,41,46,48,63,66,71,95,97,101" machi="4" ten="30,4000,0" yaku="1,1,2,1,0,1,53,0" doraHai="132" doraHaiUra="111" who="3" fromWho="3" sc="279,-21,221,-11,250,-11,240,53" /><INIT seed="1,0,0,2,0,128" ten="258,210,239,293" oya="1" hai0="12,135,92,49,76,51,48,87,114,39,109,18,56" hai1="41,88,2,60,1,104,124,67,74,36,96,117,10" hai2="89,59,43,131,33,77,31,47,58,103,85,3,27" hai3="75,107,130,25,81,15,82,112,4,6,66,54,71"/><U118/><E124/><V0/><F131/><W13/><G112/><T84/><D39/><U83/><E88/><V20/><F77/><W64/><G107/><T110/><D114/><U17/><E17/><V38/><F103/><W22/><G71/><T80/><D135/><U99/><E99/><V98/><F98/><W97/><G97/><T123/><D123/><U102/><E41/><V19/><F3/><W52/><G130/><T95/><D56/><U55/><E55/><N who="3" m="21034" /><G75/><T69/><D69/><N who="1" m="42215" /><E36/><V11/><F0/><N who="1" m="105" /><E10/><V68/><F11/><W63/><G63/><T30/><D30/><U21/><E21/><V14/><F68/><W37/><G37/><T61/><D61/><U46/><E46/><V34/><F34/><W116/><G116/><T50/><N who="0" m="12288" /><DORA hai="53" /><T105/><D105/><U73/><E73/><V9/><REACH who="2" step="1"/><F33/><REACH who="2" ten="258,210,229,293" step="2"/><W62/><G62/><T134/><D76/><AGARI ba="0,1" hai="74,76,83,96,102,104,117,118" m="105,42215" machi="76" ten="30,1500,0" yaku="23,1" doraHai="128,53" who="1" fromWho="0" sc="258,-15,210,25,229,0,293,0" /><INIT seed="1,1,0,5,5,30" ten="243,235,229,293" oya="1" hai0="7,125,52,51,59,77,68,132,80,54,55,61,102" hai1="112,82,38,28,103,65,2,69,39,92,4,105,21" hai2="62,121,135,31,32,33,118,8,27,5,18,116,97" hai3="23,3,15,85,67,47,13,129,36,29,71,133,6"/><U64/><E105/><V9/><F97/><W24/><G133/><T35/><D125/><U57/><E69/><V115/><F62/><W108/><G108/><T58/><D132/><U106/><E106/><V19/><F135/><W14/><G129/><T63/><D102/><U88/><E4/><V53/><F53/><W128/><G128/><T66/><D7/><U96/><E2/><V73/><F73/><W46/><G36/><T70/><D35/><N who="2" m="13386" /><F121/><W72/><G72/><T10/><D10/><N who="2" m="4202" /><F5/><W101/><G101/><T41/><D80/><U99/><E82/><V83/><F83/><W94/><G6/><T98/><D98/><U131/><E131/><V111/><F111/><W44/><G3/><T50/><D77/><U79/><E79/><V87/><F87/><W11/><G71/><N who="0" m="27179" /><D41/><U124/><E99/><V120/><F120/><W130/><G130/><T45/><D45/><U78/><E78/><V100/><F100/><W56/><G11/><T90/><D90/><U126/><E88/><V42/><F42/><W119/><G85/><T122/><D122/><U113/><E126/><V95/><F95/><W22/><G94/><T89/><D89/><U107/><E107/><V74/><F74/><W104/><G104/><T1/><D1/><U109/><E124/><V26/><F115/><N who="1" m="44105" /><E109/><V117/><F31/><W114/><G114/><T134/><D134/><U17/><E28/><V91/><F91/><W48/><G29/><T127/><D127/><U81/><E81/><V40/><F40/><W84/><G84/><T25/><D63/><N who="1" m="37999" /><E65/><V93/><F93/><W75/><G67/><RYUUKYOKU ba="1,0" sc="243,-15,235,15,229,15,293,-15" hai1="17,21,38,39,92,96,103" hai2="18,19,26,27,116,117,118" /><INIT seed="1,2,0,0,0,52" ten="228,250,244,278" oya="1" hai0="120,7,24,15,126,20,105,101,73,131,35,2,119" hai1="14,106,85,122,115,124,97,129,128,4,116,18,51" hai2="82,99,36,111,93,123,74,19,118,25,113,21,67" hai3="38,109,104,60,13,27,108,103,121,41,17,46,76"/><U102/><E122/><V34/><F123/><W10/><G121/><T132/><RYUUKYOKU type="yao9" ba="2,0" sc="228,0,250,0,244,0,278,0" hai0="2,7,15,20,24,35,73,101,105,119,120,126,131,132" /><INIT seed="1,3,0,5,0,133" ten="228,250,244,278" oya="1" hai0="80,28,96,54,86,6,27,13,31,107,121,51,77" hai1="67,1,117,20,102,29,46,15,95,0,64,57,10" hai2="44,55,30,128,101,52,113,43,98,21,110,88,39" hai3="23,108,109,94,92,89,38,99,70,33,91,47,75"/><U58/><E117/><V118/><F118/><W59/><G33/><T93/><D107/><U68/><E68/><V126/><F110/><N who="3" m="42603" /><G70/><T119/><D121/><U79/><E79/><V22/><F128/><W124/><G124/><T66/><D66/><U114/><E46/><V42/><F42/><N who="3" m="22999" /><G75/><T87/><D87/><U84/><E114/><V112/><F126/><W41/><G41/><T34/><D119/><U130/><E130/><V82/><F30/><W25/><G59/><T116/><D116/><U62/><E58/><V3/><F3/><W103/><G92/><T65/><D65/><U18/><E67/><V71/><F71/><W36/><G36/><T37/><D37/><U132/><E132/><V73/><F73/><W9/><G9/><T123/><D123/><U100/><E100/><V111/><F111/><W120/><G120/><T8/><D27/><N who="1" m="16615" /><E84/><N who="2" m="50199" /><F22/><W63/><G63/><T35/><D35/><U127/><E127/><V53/><F21/><W81/><G81/><T60/><D60/><U69/><E69/><V7/><F39/><W5/><G5/><T129/><D34/><U85/><E85/><V61/><F7/><W48/><G48/><T4/><D4/><U56/><E56/><N who="2" m="34975" /><F43/><W17/><AGARI ba="3,0" hai="17,23,25,89,91,94,99,103" m="22999,42603" machi="17" ten="30,1100,0" yaku="14,1" doraHai="133" who="3" fromWho="3" sc="228,-6,250,-8,244,-6,278,20" /><INIT seed="2,0,0,4,3,28" ten="222,242,238,298" oya="2" hai0="52,62,26,107,128,133,105,112,109,118,40,31,54" hai1="53,86,71,68,4,13,21,46,34,23,3,122,12" hai2="18,96,99,113,90,117,120,76,8,65,77,100,83" hai3="60,16,132,33,58,125,59,22,80,10,24,114,39"/><V17/><F117/><W72/><G132/><T19/><D109/><U130/><E130/><V124/><F113/><W75/><G125/><T115/><D118/><U89/><E122/><V55/><F120/><W63/><G114/><T104/><D19/><U29/><E21/><V88/><F124/><W9/><G39/><T48/><D128/><U15/><E23/><V116/><F116/><W95/><G33/><T11/><D11/><U126/><E126/><V91/><F65/><W7/><G95/><T61/><D133/><U57/><E46/><V92/><F99/><W20/><G80/><T47/><D115/><U66/><E66/><V5/><F55/><W14/><G20/><T42/><D112/><U35/><E29/><V38/><F38/><W30/><G59/><T119/><D119/><U121/><E121/><V84/><REACH who="2" step="1"/><F76/><REACH who="2" ten="222,242,228,298" step="2"/><W81/><G63/><T56/><REACH who="0" step="1"/><D62/><REACH who="0" ten="212,242,228,298" step="2"/><U36/><E36/><V79/><F79/><W106/><G60/><T110/><D110/><U67/><E71/><V44/><F44/><W97/><G24/><T102/><D102/><U98/><E68/><V101/><F101/><W32/><G58/><T131/><D131/><U78/><E57/><V45/><F45/><W87/><G30/><T94/><D94/><U51/><E78/><V135/><F135/><W27/><G27/><T25/><D25/><U6/><E67/><V127/><F127/><W64/><G64/><T85/><D85/><U134/><E134/><V69/><F69/><W74/><G87/><T82/><D82/><U50/><E86/><V111/><F111/><W129/><G81/><RYUUKYOKU ba="0,2" sc="212,15,242,-15,228,15,298,-15" hai0="26,31,40,42,47,48,52,54,56,61,104,105,107" hai2="5,8,17,18,77,83,84,88,90,91,92,96,100" /><INIT seed="2,1,2,2,0,41" ten="227,227,243,283" oya="2" hai0="48,33,9,110,73,101,66,74,50,80,27,11,1" hai1="32,15,45,30,60,109,113,98,120,91,54,55,65" hai2="81,114,62,69,58,19,47,10,125,130,25,88,83" hai3="79,67,40,38,59,8,31,123,128,35,43,6,132"/><V63/><F114/><W3/><G123/><T119/><D110/><U93/><E109/><V94/><F125/><W89/><G132/><T46/><D101/><U20/><E113/><V134/><F134/><W135/><G135/><T75/><D66/><U36/><E120/><V86/><F130/><W0/><G0/><T49/><D119/><U84/><E32/><V2/><F69/><W122/><G122/><T29/><D1/><U131/><E131/><V102/><F102/><W42/><G128/><T133/><D133/><U104/><E30/><V82/><F47/><W92/><G79/><T76/><D11/><U107/><E104/><V24/><F2/><W72/><G72/><T124/><D9/><U18/><E107/><V21/><F10/><W78/><G78/><T87/><REACH who="0" step="1"/><D124/><REACH who="0" ten="217,227,243,283" step="2"/><U95/><E65/><V100/><F100/><W112/><G112/><T71/><D71/><U115/><E115/><V39/><F39/><W7/><G7/><T106/><D106/><U68/><E68/><V34/><F34/><W97/><G38/><T14/><D14/><U127/><E127/><V51/><F25/><W28/><G35/><T26/><D26/><U108/><E108/><V16/><F19/><W12/><G3/><T90/><D90/><U118/><E118/><V56/><F56/><W37/><G37/><T17/><D17/><U61/><E15/><V53/><AGARI ba="1,3" hai="16,21,24,51,53,58,62,63,81,82,83,86,88,94" machi="53" ten="30,11700,0" yaku="0,1,8,1,54,2" doraHai="41" who="2" fromWho="2" sc="217,-40,227,-40,243,150,283,-40" /><INIT seed="2,2,0,1,2,94" ten="177,187,393,243" oya="2" hai0="78,35,27,99,116,41,65,62,44,30,23,71,102" hai1="54,55,2,72,130,49,43,10,40,113,135,31,33" hai2="126,82,129,103,69,89,24,127,73,9,3,11,87" hai3="107,108,112,57,5,53,46,42,0,37,100,66,4"/><V18/><F69/><W61/><G108/><T90/><D116/><U50/><E72/><V85/><F129/><W8/><G112/><T34/><D90/><U20/><E130/><V21/><F73/><W76/><G4/><T117/><D117/><U97/><E33/><V14/><F3/><W1/><G76/><T121/><D121/><U98/><E113/><V122/><F122/><W95/><G95/><T29/><D29/><U36/><E135/><V133/><F133/><W74/><G74/><T48/><REACH who="0" step="1"/><D78/><REACH who="0" ten="167,187,393,243" step="2"/><U84/><E31/><V52/><F126/><W111/><G111/><T115/><D115/><U109/><E109/><V64/><F127/><W114/><G114/><T47/><D47/><U134/><E134/><V6/><F89/><W45/><G45/><T75/><D75/><U118/><E118/><V123/><F123/><W58/><G100/><T32/><D32/><U83/><E40/><V28/><F103/><W93/><G46/><T81/><D81/><U125/><E43/><V88/><F82/><W17/><G42/><T92/><AGARI ba="2,1" hai="23,27,30,34,35,41,44,48,62,65,71,92,99,102" machi="92" ten="20,5200,0" yaku="1,1,0,1,7,1,52,1,53,0" doraHai="94" doraHaiUra="12" who="0" fromWho="0" sc="167,68,187,-15,393,-28,243,-15" /><INIT seed="3,0,0,5,2,56" ten="235,172,365,228" oya="3" hai0="25,104,54,93,88,112,57,94,6,55,133,119,48" hai1="34,37,32,115,18,117,27,28,72,130,66,121,68" hai2="13,29,5,132,107,74,124,40,111,123,16,46,38" hai3="8,21,105,106,67,30,79,47,20,118,19,15,103"/><W128/><G118/><T102/><D119/><U45/><E66/><V69/><F111/><W97/><G128/><T26/><D112/><U50/><E18/><V65/><F107/><W0/><G106/><T14/><D133/><U22/><E50/><V113/><F74/><W135/><G135/><T9/><D94/><U101/><E101/><V96/><F132/><W24/><G79/><T122/><D122/><U52/><E22/><V95/><F29/><W64/><REACH who="3" step="1"/><G47/><REACH who="3" ten="235,172,365,218" step="2"/><N who="0" m="27935" /><D104/><U75/><E45/><V59/><F123/><W100/><G100/><T87/><D102/><U62/><E121/><V78/><F78/><W33/><G33/><T80/><D93/><U12/><E34/><V127/><F113/><W58/><G58/><T61/><AGARI ba="0,1" hai="6,9,14,25,26,55,57,61,80,87,88" m="27935" machi="61" ten="30,4000,0" yaku="8,1,52,1,54,1" doraHai="56" who="0" fromWho="0" sc="235,50,172,-10,365,-10,218,-20" /><INIT seed="4,0,0,5,4,38" ten="285,162,355,198" oya="0" hai0="20,19,92,114,86,96,2,65,69,70,58,104,6" hai1="126,3,75,89,44,64,122,36,94,97,24,67,88" hai2="40,121,102,132,11,56,31,73,7,27,46,112,131" hai3="0,91,118,119,108,4,125,13,14,42,48,76,8"/><T134/><D114/><U10/><E75/><V123/><F73/><W101/><G108/><T53/><D134/><U93/><E122/><V87/><F112/><W82/><G125/><T109/><D109/><U83/><E126/><V130/><F102/><W127/><G127/><T133/><D133/><U9/><E83/><V25/><F56/><W68/><G68/><T17/><D104/><U51/><E36/><N who="2" m="21767" /><F87/><N who="3" m="48583" /><G0/><T107/><D6/><U80/><E80/><V81/><F132/><W98/><G91/><T115/><D2/><U21/><E3/><N who="2" m="511" /><F27/><W18/><G14/><T5/><D5/><U62/><E62/><V90/><F90/><W16/><G118/><T105/><D86/><N who="1" m="52375" /><E9/><V135/><F81/><W54/><G54/><T110/><D115/><U111/><E10/><V49/><F135/><W57/><G57/><T103/><D110/><U22/><E111/><V124/><F124/><W30/><G30/><T63/><D70/><U59/><E59/><V34/><F49/><W84/><G84/><T106/><REACH who="0" step="1"/><D20/><REACH who="0" ten="275,162,355,198" step="2"/><N who="1" m="7787" /><E24/><V85/><F85/><W39/><G119/><T28/><D28/><U95/><E95/><V128/><AGARI ba="0,1" hai="25,31,34,121,123,128,130,131" m="511,21767" machi="128" ten="30,4000,0" yaku="19,1,23,1,52,1" doraHai="38" who="2" fromWho="2" sc="275,-20,162,-10,355,50,198,-10" /><INIT seed="5,0,0,4,4,11" ten="255,152,405,188" oya="1" hai0="124,55,18,86,9,76,50,7,65,29,41,13,88" hai1="60,15,82,38,106,3,89,17,63,84,70,123,127" hai2="54,87,43,92,99,32,10,74,49,126,66,31,85" hai3="52,30,130,56,34,105,83,128,58,97,78,100,98"/><U16/><E3/><V27/><F74/><W4/><G98/><T47/><D124/><U116/><E106/><V93/><F126/><W21/><G34/><T110/><D110/><U24/><E116/><V22/><F32/><W33/><G33/><T67/><D29/><U117/><E127/><V91/><F43/><W68/><G68/><T45/><D76/><U48/><E38/><V122/><F122/><W8/><G21/><T19/><D19/><U73/><E73/><V104/><F104/><W2/><G30/><T90/><D7/><U72/><E72/><V12/><F66/><W75/><REACH who="3" step="1"/><G56/><REACH who="3" ten="255,152,405,178" step="2"/><T36/><REACH who="0" step="1"/><D90/><REACH who="0" ten="245,152,405,178" step="2"/><U44/><E123/><V64/><F31/><W113/><G113/><T1/><D1/><U121/><E121/><V107/><F91/><W103/><G103/><T20/><D20/><N who="1" m="13319" /><E117/><V132/><F22/><W35/><G35/><T101/><D101/><U112/><E112/><V119/><F119/><W115/><G115/><T59/><D59/><U26/><E70/><V37/><F99/><W129/><G129/><T109/><D109/><U57/><E57/><V14/><F107/><W81/><G81/><AGARI ba="0,2" hai="9,13,18,36,41,45,47,50,55,65,67,81,86,88" machi="81" ten="30,12000,2" yaku="1,1,7,1,25,2,52,1,54,1,53,1" doraHai="11" doraHaiUra="46" who="0" fromWho="3" sc="245,140,152,0,405,0,178,-120" /><INIT seed="6,0,0,2,1,105" ten="385,152,405,58" oya="2" hai0="90,18,84,4,28,54,83,6,93,96,115,1,133" hai1="50,92,33,134,42,114,61,24,73,89,19,106,45" hai2="98,79,51,120,11,13,70,55,32,126,2,123,16" hai3="29,17,85,124,107,3,9,78,81,8,130,95,37"/><V22/><F70/><W64/><G107/><T101/><D115/><U47/><E106/><V88/><F126/><W30/><G124/><T7/><D133/><U103/><E103/><V58/><F32/><W75/><G130/><T65/><D65/><U82/><E134/><V53/><F79/><W15/><G64/><T118/><D118/><U112/><E61/><V87/><F98/><W117/><G117/><T25/><D18/><U14/><E45/><V86/><F86/><W121/><G121/><T91/><D54/><U60/><E60/><V68/><F68/><W100/><G37/><T67/><D67/><U66/><E66/><V94/><F2/><W132/><G132/><T31/><D1/><U56/><E56/><V5/><F55/><W104/><G104/><T21/><REACH who="0" step="1"/><D31/><REACH who="0" ten="375,152,405,58" step="2"/><U116/><E19/><V72/><F72/><W43/><G43/><T128/><D128/><U41/><E73/><V36/><F36/><W63/><G63/><T34/><D34/><U77/><E33/><V39/><F39/><W113/><G113/><T127/><D127/><U52/><E42/><V74/><F74/><W102/><G30/><T69/><D69/><U125/><E52/><V119/><F119/><W97/><G29/><T129/><D129/><U26/><E116/><V71/><F71/><W131/><G131/><T12/><D12/><U109/><E41/><V40/><F40/><W46/><G46/><T110/><D110/><U135/><E125/><V10/><F5/><N who="3" m="1087" /><G75/><T23/><D23/><U111/><E135/><V35/><F35/><W48/><G48/><T59/><D59/><RYUUKYOKU ba="0,1" sc="375,10,152,-30,405,10,58,10" hai0="4,6,7,21,25,28,83,84,90,91,93,96,101" hai2="10,11,13,16,22,51,53,58,87,88,94,120,123" hai3="9,15,17,78,81,85,95,97,100,102" /><INIT seed="6,1,1,0,0,120" ten="385,122,415,68" oya="2" hai0="134,30,54,60,8,41,96,22,2,115,23,71,95" hai1="59,25,36,1,12,75,28,58,125,49,63,111,52" hai2="74,10,48,129,73,127,9,6,11,61,56,32,3" hai3="45,42,79,91,33,67,98,119,34,68,86,51,97"/><V31/><F127/><W55/><G119/><T15/><D2/><U84/><E111/><V65/><F129/><W69/><G79/><T70/><D41/><U94/><E75/><V130/><F130/><W87/><G33/><T38/><D38/><U121/><E121/><V105/><F105/><W76/><G34/><T20/><D134/><U104/><E104/><V135/><F135/><W44/><G76/><T109/><D109/><U35/><E1/><V107/><F107/><W66/><G69/><T100/><D115/><U126/><E36/><V128/><F128/><W24/><G24/><T13/><D13/><U123/><E12/><V108/><F108/><W80/><G86/><T132/><D132/><U53/><REACH who="1" step="1"/><E123/><REACH who="1" ten="385,112,415,68" step="2"/><V93/><F73/><W46/><G68/><T40/><D71/><U39/><E39/><V117/><F74/><W64/><REACH who="3" step="1"/><G42/><REACH who="3" ten="385,112,415,58" step="2"/><T14/><D40/><U4/><E4/><V0/><F6/><W83/><G83/><T77/><D70/><U81/><E81/><V92/><F117/><W72/><G72/><T103/><D15/><U116/><E116/><V82/><F82/><W37/><G37/><T29/><D14/><U5/><E5/><V102/><F3/><W106/><G106/><T88/><D8/><U27/><E27/><V113/><F0/><W57/><AGARI ba="1,3" hai="44,45,46,51,55,57,64,66,67,80,87,91,97,98" machi="57" ten="30,7900,0" yaku="1,1,0,1,8,1,53,1" doraHai="120" doraHaiUra="78" who="3" fromWho="3" sc="385,-21,112,-21,415,-40,58,112" /><INIT seed="7,0,0,4,0,133" ten="364,91,375,170" oya="3" hai0="45,111,17,70,101,134,63,2,97,25,40,100,109" hai1="18,34,112,27,102,19,41,105,90,15,50,89,56" hai2="37,36,130,124,35,29,38,129,94,77,86,117,22" hai3="12,108,58,53,68,81,13,82,132,3,42,87,98"/><W115/><G68/><T74/><D2/><U106/><E112/><V125/><F35/><W28/><G3/><T73/><D134/><U48/><E41/><V75/><F117/><W120/><G132/><T31/><D17/><U93/><E102/><V71/><F71/><W9/><G120/><T21/><D101/><U79/><E79/><V126/><F75/><W54/><G108/><T128/><D128/><N who="2" m="49258" /><F94/><W44/><G115/><T78/><D78/><U43/><E43/><V91/><F91/><W51/><G28/><T57/><D70/><U61/><E34/><V99/><F99/><W46/><G98/><T64/><D74/><U52/><E27/><N who="2" m="16631" /><F36/><W127/><G127/><T95/><D73/><U62/><E93/><V32/><F32/><W118/><G118/><T1/><D1/><U121/><E15/><V0/><F0/><W114/><G114/><T122/><D122/><U92/><E92/><V104/><F104/><W123/><G123/><T5/><D5/><U59/><REACH who="1" step="1"/><E121/><REACH who="1" ten="364,81,375,170" step="2"/><V84/><F77/><N who="3" m="46511" /><G13/><T39/><AGARI ba="0,1" hai="21,25,31,39,40,45,57,63,64,95,97,100,109,111" machi="39" ten="20,5200,0" yaku="0,1,7,1,25,2" doraHai="133" who="0" fromWho="0" sc="364,62,81,-13,375,-13,170,-26" owari="426,53.0,68,-43.0,362,16.0,144,-26.0" /></mjloggm>