<mjloggm ver="2.3"><GO type="169" lobby="0"/><UN n0="%E7%A7%8B%E6%9C%88%36%31" n1="%7A%65%52%6F" n2="%62%75%72%65%61%36" n3="%E3%81%98%E3%81%98%E3%81%84%E3%81%8C%E5%91%BC%E3%82%93%E3%81%A0" dan="17,18,16,16" rate="2120.69,2159.71,2099.84,2096.69" sx="M,M,M,M"/><TAIKYOKU oya="0"/><INIT seed="0,0,0,1,0,85" ten="250,250,250,250" oya="0" hai0="29,120,111,101,73,61,56,27,131,133,93,1,89" hai1="83,21,78,126,112,81,15,115,26,32,57,31,100" hai2="98,132,0,45,19,84,96,72,4,51,117,92,110" hai3="16,14,22,10,71,79,9,64,118,60,17,28,7"/><T129/><D120/><U30/><E126/><V86/><F110/><W62/><G118/><T5/><D73/><U49/><E100/><V2/><F117/><W127/><G127/><T77/><D77/><U35/><E15/><V53/><F72/><W68/><G79/><T52/><D111/><U54/><E83/><V134/><F19/><W114/><G114/><N who="1" m="43562" /><E31/><V88/><F86/><AGARI ba="0,0" hai="21,26,30,32,35,49,54,57,78,81,86" m="43562" machi="86" ten="30,1000,0" yaku="11,1" doraHai="85" who="1" fromWho="2" sc="250,0,250,10,250,-10,250,0" /><INIT seed="1,0,0,1,0,86" ten="250,260,240,250" oya="1" hai0="46,39,108,60,75,91,124,16,102,54,66,68,131" hai1="76,132,106,97,93,117,50,73,20,111,24,101,57" hai2="7,61,134,63,65,88,52,8,84,112,15,105,55" hai3="31,9,18,27,128,33,29,89,85,2,116,3,95"/><U44/><E117/><V69/><F134/><W11/><G116/><T133/><D133/><U43/><E132/><V121/><F121/><W125/><G125/><T98/><D124/><U96/><E111/><V4/><F105/><W77/><G128/><T67/><D67/><U94/><E73/><V114/><F7/><W23/><G77/><T5/><D5/><U127/><E127/><V100/><F100/><W56/><G31/><T42/><D75/><U48/><E76/><V118/><F118/><W49/><G2/><T35/><D35/><U99/><E106/><V81/><REACH who="2" step="1"/><F63/><REACH who="2" ten="250,260,230,250" step="2"/><W40/><G3/><T30/><D102/><U47/><E101/><V64/><F64/><W113/><G113/><AGARI ba="0,1" hai="4,8,15,52,55,61,65,69,81,84,88,112,113,114" machi="113" ten="40,8000,1" yaku="1,1,11,1,52,1,54,2,53,0" doraHai="86" doraHaiUra="123" who="2" fromWho="3" sc="250,0,260,0,230,90,250,-80" /><INIT seed="2,0,0,2,5,41" ten="250,260,320,170" oya="2" hai0="98,117,23,83,74,79,56,99,125,68,123,13,66" hai1="67,28,49,6,122,36,26,78,3,115,38,65,86" hai2="110,21,80,127,135,22,134,87,77,119,25,52,116" hai3="54,96,24,29,16,7,129,108,57,61,50,81,62"/><V33/><F33/><W73/><G108/><T30/><D123/><U111/><E115/><V71/><F71/><W59/><G129/><T106/><D106/><U118/><E118/><V128/><F127/><W46/><G7/><T121/><D117/><U72/><E72/><V31/><F128/><W20/><G96/><T70/><D121/><U89/><E78/><V43/><F43/><W107/><G107/><T100/><D125/><U104/><E104/><V120/><F120/><W2/><G2/><T55/><D66/><U109/><E49/><V126/><F22/><W101/><G101/><T69/><D100/><U9/><E122/><V63/><F126/><W51/><G73/><T133/><D133/><N who="2" m="50698" /><F110/><N who="1" m="41993" /><E65/><V97/><F97/><W130/><G130/><T103/><D103/><U91/><E67/><V27/><F27/><W75/><G29/><T84/><D74/><U64/><E64/><V82/><F82/><W93/><G93/><T0/><D70/><U112/><E112/><V35/><F35/><W19/><G81/><T34/><D69/><U8/><E8/><V18/><F31/><W132/><G75/><T15/><D68/><U45/><E86/><V131/><F131/><W90/><G132/><T94/><D84/><U88/><E26/><V44/><F63/><N who="3" m="24075" /><G90/><T5/><D34/><U14/><E28/><V40/><F40/><N who="3" m="24903" /><G19/><T4/><D30/><U37/><E3/><V114/><F114/><W1/><G1/><T53/><D0/><U42/><AGARI ba="0,0" hai="6,9,14,36,37,38,42,45,88,89,91" m="41993" machi="42" ten="40,5200,0" yaku="14,1,52,1,54,1" doraHai="41" who="1" fromWho="1" sc="250,-13,260,52,320,-26,170,-13" /><INIT seed="3,0,0,4,3,37" ten="237,312,294,157" oya="3" hai0="103,6,48,31,117,16,68,20,89,24,45,29,47" hai1="90,49,62,127,73,107,78,111,64,66,35,135,28" hai2="58,101,119,55,52,9,41,60,14,105,129,115,59" hai3="19,3,85,57,25,83,72,92,113,30,15,112,22"/><W121/><G121/><T38/><D117/><U104/><E90/><V84/><F119/><W50/><G3/><T1/><D68/><U93/><E93/><V133/><F115/><W79/><G72/><T70/><D70/><U99/><E49/><V116/><F116/><W11/><G92/><T13/><D103/><U34/><E28/><V108/><F108/><W27/><G57/><T23/><D38/><U5/><E5/><V21/><F129/><W18/><REACH who="3" step="1"/><G50/><REACH who="3" ten="237,312,294,147" step="2"/><T32/><D48/><U82/><E73/><V102/><F59/><W114/><G114/><T124/><D1/><U100/><E104/><V96/><F58/><W40/><G40/><T126/><D126/><U80/><E107/><V106/><F105/><W95/><G95/><T33/><D124/><U7/><E127/><V61/><F106/><W4/><G4/><T123/><D6/><U94/><E94/><V42/><F42/><W26/><G26/><T98/><D123/><U91/><E7/><V12/><F41/><W75/><G75/><T51/><D51/><U69/><E69/><V8/><F101/><W71/><G71/><T67/><D24/><U77/><E100/><V36/><F102/><W54/><G54/><T86/><D67/><U63/><E66/><V74/><F74/><W120/><G120/><T122/><D122/><U81/><BYE who="0" /><E64/><V110/><F55/><UN n0="%E7%A7%8B%E6%9C%88%36%31" /><W44/><G44/><T43/><D47/><U65/><E65/><V134/><F52/><W118/><G118/><T132/><D45/><U2/><E2/><V125/><F125/><W17/><G17/><T97/><D16/><RYUUKYOKU ba="0,1" sc="237,-10,312,-10,294,-10,147,30" hai3="11,15,18,19,22,25,27,30,79,83,85,112,113" /><INIT seed="3,1,1,0,4,51" ten="227,302,284,177" oya="3" hai0="60,119,76,122,55,92,43,4,100,64,130,72,104" hai1="23,36,32,25,97,99,34,54,56,63,125,46,117" hai2="26,118,24,73,10,62,114,29,124,107,129,78,27" hai3="111,48,126,94,108,0,13,49,33,135,110,123,53"/><W81/><G123/><T68/><D122/><U134/><E125/><V109/><F118/><W67/><G0/><T113/><D119/><U93/><E117/><V101/><F114/><W5/><G126/><T103/><D113/><U90/><E134/><V71/><F124/><W127/><G127/><T42/><D104/><U50/><E99/><V12/><F78/><W14/><G135/><T128/><D4/><U44/><E44/><V16/><F73/><W21/><G33/><T88/><D76/><U85/><E85/><V40/><F40/><W3/><G67/><T17/><D17/><U1/><E36/><V80/><F80/><W37/><G37/><T9/><D9/><U121/><E1/><V15/><F15/><N who="3" m="5643" /><G21/><T95/><D72/><U7/><E7/><V87/><F71/><W31/><G31/><T115/><D115/><U30/><REACH who="1" step="1"/><E121/><REACH who="1" ten="227,292,284,177" step="2"/><V105/><F87/><W58/><G81/><T35/><D130/><U69/><E69/><V133/><F129/><W86/><G86/><T8/><D128/><U116/><E116/><V59/><F133/><W82/><G82/><T106/><D68/><U132/><E132/><V75/><F75/><W61/><G94/><T89/><D95/><U131/><E131/><V57/><F107/><W41/><G41/><AGARI ba="1,2" hai="23,25,30,32,34,41,46,50,54,56,63,90,93,97" machi="41" ten="30,7700,0" yaku="1,1,7,1,52,1,53,1" doraHai="51" doraHaiUra="91" who="1" fromWho="3" sc="227,0,292,100,284,0,177,-80" /><INIT seed="4,0,0,5,1,126" ten="227,392,284,97" oya="0" hai0="96,31,110,111,40,131,53,64,113,7,85,123,117" hai1="20,112,0,114,133,102,108,67,32,49,46,79,98" hai2="69,63,105,116,109,115,120,92,93,90,66,121,78" hai3="65,21,107,56,30,71,57,61,94,77,135,124,87"/><T25/><D123/><U119/><E108/><N who="0" m="41513" /><D117/><U23/><E32/><V81/><F109/><W52/><G124/><T55/><D113/><N who="1" m="43627" /><E119/><V73/><F115/><W129/><G135/><T39/><D64/><U14/><E0/><V24/><F93/><W58/><G107/><T74/><D74/><U59/><E79/><V35/><F105/><W9/><G9/><T51/><D7/><U29/><E29/><V100/><F100/><W132/><G132/><T17/><D17/><U128/><E14/><V11/><F116/><W16/><G30/><T10/><D10/><U43/><E133/><V8/><F120/><W27/><G129/><T48/><D131/><U34/><E34/><V3/><F3/><W127/><G127/><T5/><D5/><U15/><E15/><V60/><F121/><W19/><G19/><T50/><D31/><U70/><E70/><V89/><F11/><W95/><REACH who="3" step="1"/><G52/><REACH who="3" ten="227,392,284,87" step="2"/><T97/><D55/><U2/><E128/><V122/><F8/><W86/><G86/><T88/><D53/><U54/><E2/><V84/><F122/><W106/><G106/><T6/><D6/><U130/><E130/><V76/><F84/><W62/><G62/><T99/><D99/><U45/><E67/><V28/><F66/><W36/><G36/><T4/><D4/><U118/><E118/><V44/><F63/><W125/><G125/><T38/><D38/><N who="1" m="21751" /><E46/><V72/><F44/><W47/><G47/><T83/><D39/><U12/><E98/><N who="0" m="37993" /><D40/><U18/><E102/><V26/><F28/><W68/><G68/><T101/><D101/><U42/><E42/><RYUUKYOKU ba="0,1" sc="227,10,392,10,284,-30,87,10" hai0="25,48,50,51,83,85,88" hai1="12,18,20,23,49,54,59" hai3="16,21,27,56,57,58,61,65,71,77,87,94,95" /><INIT seed="4,1,1,1,4,98" ten="237,402,254,97" oya="0" hai0="69,92,12,29,6,84,86,106,58,49,127,59,5" hai1="108,57,25,71,17,70,21,55,46,63,80,73,48" hai2="120,77,52,124,32,133,35,81,99,41,33,115,36" hai3="19,82,23,93,94,11,89,135,62,66,109,105,28"/><T126/><D69/><U87/><E108/><V121/><F115/><W119/><G109/><T113/><D113/><U118/><E118/><V83/><F124/><N who="0" m="47658" /><D106/><U22/><E22/><V132/><F41/><W1/><G119/><T72/><D72/><U10/><E73/><V116/><F36/><W60/><G135/><N who="2" m="51785" /><F116/><W13/><G105/><T90/><D29/><U112/><E10/><V131/><F131/><W79/><G62/><T65/><D65/><U51/><E112/><V114/><F114/><W134/><G134/><T14/><D86/><U37/><E37/><V101/><F52/><W43/><G43/><T26/><D26/><U64/><E51/><V75/><F83/><W2/><G28/><T54/><D59/><U56/><E71/><V104/><AGARI ba="1,1" hai="32,33,35,75,77,81,99,101,104,120,121" m="51785" machi="104" ten="40,5200,0" yaku="20,1,23,1,52,1" doraHai="98" who="2" fromWho="2" sc="237,-27,402,-14,254,65,97,-14" /><INIT seed="5,0,0,3,0,11" ten="210,388,319,83" oya="1" hai0="97,122,49,58,84,100,72,50,132,69,28,61,107" hai1="82,127,33,53,27,26,37,115,98,21,86,48,2" hai2="106,24,112,30,5,101,103,22,87,102,81,67,71" hai3="55,77,8,91,63,3,52,31,29,17,110,0,129"/><U51/><E37/><V124/><F124/><W85/><G110/><T36/><D72/><U16/><E2/><V108/><F108/><W42/><G129/><T135/><D36/><U95/><E127/><V80/><F112/><W121/><G121/><T93/><D69/><U131/><E131/><V90/><F5/><W47/><G77/><T133/><D28/><U45/><E115/><V116/><F116/><W126/><G126/><T111/><D111/><U76/><E51/><V10/><F10/><W57/><G55/><T14/><D122/><U4/><E33/><V130/><F130/><W46/><G0/><T39/><D39/><U62/><E62/><V117/><F117/><W120/><G120/><T68/><D68/><U12/><E4/><V44/><F44/><W114/><G114/><T92/><D107/><U35/><E35/><V18/><F106/><W74/><G74/><T32/><D32/><U1/><E1/><V113/><F113/><W9/><G9/><T99/><D84/><U104/><E104/><V134/><F134/><W7/><G17/><T59/><D59/><U41/><E41/><V75/><F30/><W13/><G3/><T70/><D70/><U19/><E19/><V119/><F119/><W64/><G64/><T105/><D105/><U96/><E96/><V65/><F71/><W60/><G60/><T73/><D61/><U66/><E66/><N who="2" m="25099" /><F75/><W78/><G78/><T23/><D73/><U94/><E98/><V128/><F128/><W123/><G123/><T118/><D118/><U109/><E109/><V38/><F38/><N who="3" m="21847" /><G47/><T43/><D135/><RYUUKYOKU ba="0,0" sc="210,-30,388,10,319,10,83,10" hai1="12,16,21,26,27,45,48,53,76,82,86,94,95" hai2="18,22,24,80,81,87,90,101,102,103" hai3="7,8,13,29,31,52,57,63,85,91" /><INIT seed="5,1,0,5,4,16" ten="180,398,329,93" oya="1" hai0="107,49,25,13,66,135,125,34,134,86,10,81,56" hai1="48,33,27,1,53,2,91,105,116,61,118,24,129" hai2="78,3,74,20,46,42,6,26,73,113,123,37,127" hai3="12,124,21,5,15,4,58,11,0,133,115,130,30"/><U55/><E105/><V88/><F123/><W8/><G58/><T41/><D107/><U7/><E7/><V17/><F127/><W72/><G72/><T45/><D125/><U122/><E122/><V132/><F132/><W80/><G80/><T57/><D66/><U94/><E129/><V31/><F113/><W29/><G124/><T101/><D101/><U71/><E2/><V106/><F106/><W52/><G52/><T64/><D64/><U95/><E1/><V119/><F119/><W79/><G79/><T114/><D114/><U131/><E131/><V120/><F120/><W102/><G102/><T111/><D111/><U14/><E14/><N who="3" m="5162" /><G115/><T50/><D50/><U47/><E33/><V92/><F78/><W76/><G76/><T28/><D134/><U109/><E109/><V70/><F70/><W97/><G97/><T65/><D65/><U63/><E48/><V54/><F54/><W9/><G133/><T40/><D40/><U108/><E108/><V39/><F39/><W35/><G130/><T18/><D135/><U51/><E51/><V22/><F6/><N who="3" m="2667" /><G0/><T36/><D36/><U69/><E47/><V19/><F3/><W32/><G30/><T89/><AGARI ba="1,0" hai="10,13,18,25,28,34,41,45,49,56,57,81,86,89" machi="89" ten="20,1500,0" yaku="0,1,7,1" doraHai="16" who="0" fromWho="0" sc="180,18,398,-8,329,-5,93,-5" /><INIT seed="6,0,0,4,2,3" ten="198,390,324,88" oya="2" hai0="116,108,112,62,39,75,92,36,60,103,13,111,114" hai1="122,6,12,54,89,51,78,25,86,50,32,90,40" hai2="35,8,109,24,16,52,48,41,67,58,23,115,74" hai3="95,135,71,1,98,63,18,53,133,72,22,117,64"/><V38/><F74/><W97/><G117/><T43/><D75/><U102/><E122/><V87/><F115/><N who="0" m="44074" /><D116/><U129/><E129/><V134/><F134/><W132/><G72/><T123/><D123/><U17/><E102/><V49/><F109/><N who="0" m="42058" /><D13/><U69/><E69/><V91/><F35/><W127/><G127/><T70/><D70/><U110/><E110/><V44/><F8/><W83/><G1/><T104/><D104/><U9/><E32/><V125/><F67/><W79/><G53/><T28/><D28/><U61/><E40/><V2/><F2/><W29/><G29/><T107/><D107/><U88/><E61/><N who="0" m="23657" /><D43/><U99/><E99/><AGARI ba="0,0" hai="36,39,92,99,103" m="23657,42058,44074" machi="99" ten="40,1300,0" yaku="15,1" doraHai="3" who="0" fromWho="1" sc="198,13,390,-13,324,0,88,0" /><INIT seed="7,0,0,2,2,99" ten="211,377,324,88" oya="3" hai0="135,82,16,51,107,119,5,115,23,3,89,127,103" hai1="100,34,53,123,30,77,71,72,11,94,1,81,22" hai2="47,27,83,52,98,69,93,88,55,57,130,111,36" hai3="128,79,28,48,87,25,31,126,76,12,68,114,113"/><W24/><G68/><T132/><D119/><U105/><E123/><V8/><F130/><W104/><G104/><T95/><D127/><U60/><E22/><V102/><F111/><W110/><G126/><T49/><D115/><N who="3" m="44041" /><G128/><T101/><D107/><U63/><E94/><V35/><F69/><W40/><G110/><T54/><D82/><U62/><E53/><V56/><F8/><W125/><G125/><T86/><D49/><U41/><E41/><V90/><F36/><W96/><G96/><T75/><D75/><U26/><E11/><V92/><F47/><N who="3" m="25703" /><G12/><N who="0" m="9607" /><D5/><U29/><E1/><V124/><F124/><W17/><G17/><T120/><D3/><U97/><E29/><N who="3" m="11338" /><G79/><T116/><D116/><U134/><E134/><N who="0" m="51241" /><D120/><U4/><E4/><V67/><F27/><W131/><G131/><T108/><D108/><U32/><E32/><V7/><F35/><W117/><G117/><T118/><D118/><U44/><E44/><AGARI ba="0,0" hai="44,51,54,86,89,95,101,103" m="51241,9607" machi="44" ten="30,7700,0" yaku="20,1,52,2,54,1" doraHai="99" who="0" fromWho="1" sc="211,77,377,-77,324,0,88,0" owari="288,-11.0,300,10.0,324,42.0,88,-41.0" /></mjloggm>