<mjloggm ver="2.3"><GO type="169" lobby="0"/><UN n0="%7A%65%52%6F" n1="%E3%83%8F%E3%82%BF%E3%83%A2%E3%83%88%E3%83%92%E3%83%AD" n2="%62%75%72%65%61%36" n3="%E3%81%98%E3%81%98%E3%81%84%E3%81%8C%E5%91%BC%E3%82%93%E3%81%A0" dan="18,17,16,16" rate="2161.51,2141.37,2105.94,2090.81" sx="M,M,M,M"/><TAIKYOKU oya="0"/><INIT seed="0,0,0,5,0,10" ten="250,250,250,250" oya="0" hai0="117,124,17,85,131,8,9,19,129,78,65,60,122" hai1="83,44,37,86,110,38,62,13,125,70,74,72,93" hai2="24,55,3,121,133,116,113,32,56,73,5,48,108" hai3="46,63,28,94,92,50,91,95,53,0,120,66,67"/><T99/><D117/><U106/><E106/><V76/><F76/><W130/><G130/><N who="0" m="49675" /><D122/><U114/><E114/><V104/><F5/><W134/><G134/><T22/><D124/><U4/><E74/><V115/><F24/><W23/><G0/><T45/><D45/><U51/><E93/><V30/><F30/><W27/><G120/><T103/><D85/><U14/><E72/><V59/><F73/><W126/><G126/><T123/><D78/><U49/><E125/><V25/><F3/><W69/><REACH who="3" step="1"/><G67/><REACH who="3" ten="250,250,250,240" step="2"/><T132/><D132/><U41/><E110/><V52/><F108/><W16/><G16/><N who="0" m="6219" /><D123/><U34/><E4/><V87/><F121/><W102/><G102/><T97/><D22/><U40/><E34/><V101/><F32/><W107/><G107/><N who="0" m="63983" /><D99/><AGARI ba="0,1" hai="23,27,28,46,50,53,63,66,69,91,92,94,95,99" machi="99" ten="30,2000,0" yaku="1,1,7,1,53,0" doraHai="10" doraHaiUra="80" who="3" fromWho="0" sc="250,-20,250,0,250,0,240,30" /><INIT seed="1,0,0,3,3,5" ten="230,250,250,270" oya="1" hai0="59,135,36,69,94,115,82,107,58,46,86,89,0" hai1="54,106,72,12,42,96,18,117,125,91,37,51,110" hai2="88,23,85,104,129,134,45,60,131,80,92,73,71" hai3="32,13,68,120,20,47,112,56,132,52,105,83,35"/><U79/><E117/><V93/><F45/><W118/><G120/><T127/><D115/><U84/><E125/><V43/><F43/><W6/><G112/><T78/><D69/><U57/><E110/><V34/><F34/><W27/><G68/><T128/><D127/><U126/><E72/><V4/><F23/><W3/><G118/><T122/><D135/><U70/><E79/><N who="2" m="44143" /><F4/><W30/><G132/><T81/><D81/><U111/><E111/><V7/><F7/><W97/><G3/><T31/><D31/><U11/><E70/><V75/><F60/><W87/><G47/><T1/><D107/><U133/><E126/><V108/><F71/><W55/><G105/><T123/><D128/><N who="2" m="49226" /><F134/><W38/><G38/><T109/><D109/><U63/><E37/><V26/><F26/><W119/><G97/><T33/><D33/><U90/><E42/><V95/><F108/><W101/><G101/><T19/><D19/><U67/><E106/><V40/><F40/><W74/><G74/><N who="0" m="43351" /><D46/><U49/><E133/><V39/><F39/><W21/><G119/><T114/><D114/><U61/><E61/><V28/><F28/><W65/><G35/><T48/><D36/><U98/><E51/><V113/><F113/><W41/><G32/><T16/><D48/><U66/><E49/><V24/><F24/><W10/><G41/><T76/><D76/><U99/><REACH who="1" step="1"/><E91/><REACH who="1" ten="230,240,250,270" step="2"/><V44/><F75/><W102/><G102/><T15/><D123/><U53/><E53/><V17/><F104/><W103/><G103/><T116/><D116/><U64/><E64/><V100/><F100/><RYUUKYOKU ba="0,1" sc="230,-10,240,30,250,-10,270,-10" hai1="11,12,18,54,57,63,66,67,84,90,96,98,99" /><INIT seed="1,1,1,5,3,45" ten="220,270,240,260" oya="1" hai0="121,96,41,75,19,55,117,0,17,77,34,10,110" hai1="4,22,53,73,124,119,92,20,106,127,116,57,134" hai2="78,67,24,98,129,54,91,74,84,135,125,35,56" hai3="68,88,69,112,12,126,94,93,72,40,59,86,80"/><U5/><E106/><V130/><F67/><W85/><G112/><T14/><D117/><U38/><E38/><V132/><F35/><W3/><G3/><T27/><D110/><U81/><E92/><V50/><F24/><W102/><G126/><N who="1" m="48170" /><E134/><N who="2" m="51243" /><F98/><W76/><G40/><T15/><D41/><U16/><E22/><V118/><F118/><N who="1" m="45097" /><E81/><N who="2" m="45271" /><F125/><W36/><G36/><T133/><D133/><U48/><E73/><V32/><F32/><W99/><G72/><T28/><D75/><U9/><E9/><V90/><F90/><W25/><G25/><AGARI ba="1,1" hai="4,5,16,20,25,48,53,57" m="45097,48170" machi="25" ten="30,5800,0" yaku="18,1,52,1,54,1" doraHai="45" who="1" fromWho="3" sc="220,0,270,71,240,0,260,-61" /><INIT seed="1,2,0,2,0,97" ten="220,341,240,199" oya="1" hai0="132,51,15,35,6,47,110,40,81,118,31,112,8" hai1="38,91,80,129,41,2,123,0,86,72,63,101,53" hai2="109,98,20,59,106,121,33,34,32,113,61,44,74" hai3="119,39,99,9,18,89,96,67,19,55,83,124,70"/><U68/><E123/><V58/><F121/><W26/><G124/><T13/><D112/><U1/><E72/><V84/><F74/><W50/><G119/><T27/><D118/><U48/><E129/><V17/><F113/><W105/><G39/><T4/><D110/><U133/><E133/><V134/><F109/><W135/><G135/><T88/><D132/><U100/><E38/><V52/><F134/><W127/><G127/><T116/><D116/><U93/><E41/><V108/><F108/><W45/><G70/><T66/><D66/><U107/><E107/><V60/><F44/><W78/><G67/><T79/><D88/><U92/><E63/><V122/><F84/><N who="3" m="48247" /><G105/><T130/><D130/><U90/><E68/><V85/><F85/><W56/><G89/><T21/><D35/><U131/><E131/><V125/><F125/><W36/><G36/><T104/><D104/><U69/><E69/><V54/><F122/><W5/><G56/><T87/><REACH who="0" step="1"/><D13/><REACH who="0" ten="210,341,240,199" step="2"/><U49/><E80/><V77/><F77/><W128/><G128/><T103/><D103/><U73/><E73/><V126/><F126/><W64/><G64/><T65/><D65/><U29/><E0/><V94/><F106/><W11/><G99/><T57/><D57/><U12/><E12/><V115/><F115/><W82/><G96/><T16/><AGARI ba="2,1" hai="4,6,8,15,16,21,27,31,40,47,51,79,81,87" machi="16" ten="20,12000,2" yaku="1,1,0,1,7,1,8,1,54,1,53,1" doraHai="97" doraHaiUra="22" who="0" fromWho="0" sc="210,136,341,-62,240,-32,199,-32" /><INIT seed="2,0,0,1,2,61" ten="346,279,208,167" oya="2" hai0="128,79,94,68,22,6,24,16,97,51,83,5,14" hai1="77,17,113,36,120,107,132,81,104,67,55,29,116" hai2="45,12,53,126,65,10,76,39,52,121,78,106,42" hai3="63,82,85,44,32,102,23,56,125,114,92,64,26"/><V19/><F121/><W0/><G125/><T90/><D128/><U59/><E113/><V134/><F106/><W62/><G114/><T1/><D1/><U21/><E116/><V69/><F126/><W131/><G131/><T20/><D68/><U96/><E36/><V15/><F134/><W74/><G0/><T99/><D99/><U9/><E9/><V100/><F100/><W31/><G74/><T37/><D37/><U72/><E29/><V130/><F130/><W133/><G133/><T66/><D51/><U8/><E8/><V71/><F15/><W40/><G32/><T47/><D47/><U57/><E96/><V33/><F33/><W124/><G124/><T27/><D66/><U112/><E120/><V87/><F71/><W88/><G63/><T18/><REACH who="0" step="1"/><D14/><REACH who="0" ten="336,279,208,167" step="2"/><U73/><E132/><V122/><F122/><W93/><REACH who="3" step="1"/><G102/><REACH who="3" ten="336,279,208,157" step="2"/><T91/><D91/><U4/><E112/><V48/><F78/><W28/><G28/><T86/><AGARI ba="0,2" hai="5,6,16,18,20,22,24,27,79,83,86,90,94,97" machi="86" ten="20,12000,2" yaku="1,1,0,1,7,1,9,1,8,1,54,1,53,1" doraHai="61" doraHaiUra="89" who="0" fromWho="0" sc="336,140,279,-30,208,-60,157,-30" /><INIT seed="3,0,0,4,0,75" ten="476,249,148,127" oya="3" hai0="5,113,9,56,63,50,126,77,36,82,78,70,74" hai1="96,15,110,54,71,117,32,60,118,7,135,111,106" hai2="130,6,59,133,68,18,132,31,64,124,65,47,11" hai3="24,13,115,116,41,17,62,119,67,2,127,131,4"/><W97/><G115/><T129/><D36/><U87/><E32/><V55/><F31/><W8/><G127/><T58/><D126/><U46/><E7/><V53/><F18/><W103/><G131/><T91/><D113/><U14/><E87/><V104/><F104/><W39/><G39/><T122/><D122/><U101/><E135/><N who="2" m="51787" /><F124/><W105/><G41/><T73/><D129/><U76/><E76/><N who="0" m="29289" /><D70/><U21/><E21/><V27/><F27/><W34/><G2/><T49/><D73/><U35/><E35/><V1/><F68/><W80/><G80/><T44/><D74/><U109/><E46/><V3/><F3/><W51/><G51/><N who="0" m="19467" /><D44/><U43/><E43/><V121/><F121/><W86/><G86/><N who="0" m="50647" /><D63/><U40/><E40/><V120/><F120/><W20/><G34/><T0/><D0/><U92/><E106/><V123/><F123/><W90/><G90/><T84/><D84/><U125/><E125/><V107/><F107/><W10/><G116/><N who="1" m="44650" /><E71/><V81/><F130/><W72/><G72/><T61/><D61/><U89/><E89/><V28/><F1/><W42/><G42/><T12/><AGARI ba="0,0" hai="5,9,12,56,58" m="50647,19467,29289" machi="12" ten="30,7900,0" yaku="8,1,52,3" doraHai="75" who="0" fromWho="0" sc="476,79,249,-20,148,-20,127,-39" /><INIT seed="4,0,0,1,3,126" ten="555,229,128,88" oya="0" hai0="130,135,23,74,26,49,10,66,106,5,107,37,87" hai1="129,0,36,9,61,90,127,101,70,91,133,104,121" hai2="46,30,13,19,8,73,53,67,112,18,123,2,102" hai3="52,78,33,59,29,92,88,65,39,84,11,125,27"/><T22/><D74/><U82/><E61/><V41/><F123/><W128/><G125/><T25/><D37/><U1/><E9/><V120/><F120/><W17/><G39/><T75/><D75/><U69/><E82/><V122/><F122/><W58/><G128/><T83/><D135/><U16/><E101/><V24/><F73/><W77/><G59/><T111/><D111/><U45/><E45/><V28/><F67/><W3/><G65/><T38/><D38/><U79/><E36/><V81/><F2/><W131/><G131/><T76/><D66/><U124/><E79/><V103/><F41/><W4/><REACH who="3" step="1"/><G17/><REACH who="3" ten="555,229,128,78" step="2"/><T14/><D130/><U93/><E129/><V15/><F19/><W50/><AGARI ba="0,1" hai="3,4,11,27,29,33,50,52,58,77,78,84,88,92" machi="50" ten="20,12000,2" yaku="1,1,2,1,0,1,7,1,54,2,53,0" doraHai="126" doraHaiUra="64" who="3" fromWho="3" sc="555,-60,229,-30,128,-30,78,130" /><INIT seed="5,0,0,2,0,60" ten="495,199,98,208" oya="1" hai0="107,109,59,9,113,51,18,78,135,45,69,68,61" hai1="31,48,54,125,24,85,124,2,80,97,0,1,43" hai2="129,8,122,96,98,77,37,64,82,110,62,4,81" hai3="114,28,10,67,100,23,123,128,33,46,3,70,104"/><U119/><E119/><V132/><F110/><W87/><G123/><T21/><D109/><U86/><E43/><V6/><F122/><W120/><G120/><T42/><D107/><U35/><E97/><V95/><F129/><W111/><G111/><T38/><D113/><U91/><REACH who="1" step="1"/><E86/><REACH who="1" ten="495,189,98,208" step="2"/><V44/><F98/><W40/><G87/><T36/><D42/><U14/><E14/><V108/><F108/><W103/><G40/><T79/><D36/><U55/><E55/><V131/><F96/><W65/><G3/><T41/><D38/><U7/><E7/><V76/><F6/><W106/><G128/><T112/><D41/><U11/><E11/><V19/><F8/><W126/><G10/><T53/><D53/><U71/><E71/><V116/><F4/><W133/><G70/><T117/><D69/><U118/><E118/><V89/><F37/><W75/><G75/><T92/><D68/><U73/><E73/><V39/><F39/><W47/><G114/><T127/><D112/><U26/><E26/><V101/><F131/><W34/><G106/><T27/><D27/><U72/><E72/><V99/><F99/><W32/><G104/><T115/><D9/><U12/><E12/><V84/><F116/><W22/><G103/><T15/><D15/><U74/><E74/><V83/><F84/><W17/><G100/><T5/><D5/><U58/><AGARI ba="0,1" hai="0,1,2,24,31,35,48,54,58,80,85,91,124,125" machi="58" ten="40,7800,0" yaku="1,1,0,1,53,1" doraHai="60" doraHaiUra="30" who="1" fromWho="1" sc="495,-26,189,88,98,-26,208,-26" /><INIT seed="5,1,0,3,0,36" ten="469,277,72,182" oya="1" hai0="83,4,47,98,120,64,110,89,128,50,55,16,54" hai1="53,123,77,95,84,92,107,31,1,61,33,35,74" hai2="104,2,118,24,113,116,101,28,30,26,114,48,3" hai3="96,49,135,93,12,108,79,97,42,99,117,75,29"/><U45/><E1/><N who="2" m="11" /><F101/><W21/><G108/><T90/><D110/><U73/><E107/><V46/><F46/><W127/><G127/><T58/><D128/><U131/><E123/><V39/><F48/><W6/><G135/><T38/><D38/><U14/><E92/><V88/><F88/><W41/><G117/><N who="2" m="45161" /><F39/><W106/><G106/><T87/><D120/><U119/><E74/><V62/><F62/><W8/><G75/><T7/><D64/><U69/><E131/><V121/><F104/><W17/><G29/><N who="2" m="11369" /><F121/><W68/><G68/><T19/><D7/><U129/><E129/><V130/><F130/><W44/><G79/><T15/><D15/><U70/><E14/><V133/><F133/><W105/><G105/><T20/><D4/><U100/><E69/><V37/><F37/><W109/><G109/><T103/><D103/><U122/><E70/><V94/><F94/><W32/><G93/><N who="0" m="56631" /><D20/><U124/><E95/><V111/><F111/><W81/><G81/><T115/><D83/><U72/><E100/><V0/><N who="2" m="19" /><V23/><DORA hai="52" /><F23/><W80/><G80/><T112/><D89/><U9/><E77/><V57/><F57/><W67/><G67/><T132/><D87/><U82/><E84/><V13/><F13/><N who="3" m="5271" /><G42/><T86/><D86/><U134/><E73/><V85/><F85/><W51/><G51/><N who="0" m="29183" /><D132/><U18/><E72/><V91/><F91/><W43/><G43/><T65/><D65/><U66/><E66/><V56/><F56/><W25/><G97/><T63/><D50/><U60/><E134/><V10/><F10/><W27/><G99/><RYUUKYOKU ba="1,0" sc="469,15,277,-15,72,15,182,-15" hai0="16,19,54,58,63,112,115" hai2="24,26,113,114" /><INIT seed="6,2,0,3,4,66" ten="484,262,87,167" oya="2" hai0="130,18,121,54,79,44,42,34,123,8,11,39,115" hai1="91,134,53,62,72,80,104,81,20,0,127,126,56" hai2="118,132,49,129,73,125,88,17,10,5,84,29,119" hai3="64,46,108,15,106,97,4,117,12,113,41,128,48"/><V60/><F73/><W78/><G108/><T68/><D68/><U43/><E134/><V74/><F74/><W122/><G117/><T28/><D115/><U109/><E0/><V2/><F132/><W21/><G122/><T3/><D130/><U99/><E109/><V92/><F129/><W102/><G128/><T13/><D79/><U51/><E72/><V22/><F29/><W14/><G113/><T70/><D70/><U95/><E104/><V76/><F76/><W57/><G78/><T55/><D28/><U101/><E101/><V135/><F135/><W35/><G35/><T27/><D27/><U93/><E93/><V37/><F37/><W83/><G83/><T50/><D34/><U82/><E43/><V114/><F114/><W7/><G21/><T116/><D54/><U9/><E9/><V40/><F60/><W33/><G33/><T120/><D116/><U59/><E20/><V24/><REACH who="2" step="1"/><F125/><REACH who="2" ten="484,262,77,167" step="2"/><W31/><G31/><T89/><D123/><U111/><E111/><V23/><F23/><W25/><G48/><T69/><D120/><U71/><E127/><V1/><F1/><W133/><G133/><T112/><D121/><U107/><E126/><V77/><F77/><W96/><G4/><T36/><D112/><U26/><E51/><V90/><F90/><W75/><G7/><N who="0" m="1151" /><D89/><U85/><E62/><V124/><F124/><W61/><G75/><T98/><D36/><U58/><E91/><V6/><F6/><W110/><G110/><T30/><D30/><U19/><E19/><V86/><F86/><W100/><G61/><T52/><D18/><RYUUKYOKU ba="2,1" sc="484,-10,262,-10,77,30,167,-10" hai2="2,5,10,17,22,24,40,49,84,88,92,118,119" /><INIT seed="6,3,1,1,0,88" ten="474,252,107,157" oya="2" hai0="31,92,43,10,128,34,72,132,100,69,46,105,82" hai1="19,41,63,70,102,130,99,22,93,84,16,59,124" hai2="50,1,52,71,2,14,62,94,56,42,127,64,112" hai3="33,76,123,38,115,91,79,98,74,26,97,77,73"/><V113/><F127/><W65/><G38/><T78/><D69/><U107/><E124/><V54/><F42/><W109/><G65/><T104/><D128/><U44/><E70/><V4/><F54/><W120/><G33/><T40/><D40/><U53/><E130/><V58/><F71/><W0/><G0/><T129/><D129/><U101/><E22/><V18/><F4/><W24/><G109/><T17/><D132/><U135/><E135/><V122/><F122/><N who="3" m="46635" /><G115/><N who="2" m="44105" /><F94/><N who="3" m="56543" /><G24/><T55/><D55/><U90/><REACH who="1" step="1"/><E101/><REACH who="1" ten="474,242,107,157" step="2"/><V87/><F87/><W29/><G29/><T103/><D103/><U119/><E119/><V133/><F133/><W61/><G26/><T131/><D100/><U106/><E106/><V27/><F27/><W121/><G121/><T80/><D104/><U8/><E8/><AGARI ba="3,2" hai="1,2,8,14,18,50,52,56,58,62,64" m="44105" machi="8" ten="30,2900,0" yaku="15,1,54,1" doraHai="88" who="2" fromWho="1" sc="474,0,242,-38,107,58,157,0" /><INIT seed="6,4,0,0,3,7" ten="474,204,165,157" oya="2" hai0="120,95,73,71,12,37,70,9,68,11,49,127,29" hai1="30,117,46,17,104,66,20,62,6,14,133,102,32" hai2="79,51,88,43,58,24,116,87,92,86,63,83,130" hai3="94,103,19,64,5,118,131,129,81,40,56,60,108"/><V55/><F116/><W99/><G108/><T124/><D120/><U35/><E117/><V33/><F130/><N who="3" m="49675" /><G118/><T78/><D37/><U28/><E133/><V115/><F115/><W105/><G40/><T91/><D29/><U109/><E28/><V126/><F126/><N who="0" m="48170" /><D49/><U52/><E102/><V69/><F69/><W54/><G5/><N who="0" m="3119" /><D11/><U4/><E4/><V113/><F113/><W18/><G81/><N who="0" m="45263" /><D70/><U34/><E30/><V10/><F33/><W44/><G105/><T77/><D77/><U112/><E104/><V59/><F43/><W76/><G76/><T75/><D75/><U48/><E109/><V72/><F72/><W101/><G101/><T114/><D114/><U132/><E132/><V57/><F10/><W74/><G74/><T42/><D42/><U27/><E112/><V106/><F106/><W119/><G119/><T39/><D39/><U8/><E34/><V122/><F122/><W15/><G15/><T53/><D53/><U65/><E65/><N who="2" m="39151" /><F24/><W31/><G31/><T90/><D90/><U3/><E27/><V41/><F41/><W2/><G2/><T84/><AGARI ba="4,0" hai="68,71,84,91,95" m="45263,3119,48170" machi="84" ten="30,2000,0" yaku="18,1,52,1" doraHai="7" who="0" fromWho="0" sc="474,32,204,-9,165,-14,157,-9" /><INIT seed="7,0,0,0,2,50" ten="506,195,151,148" oya="3" hai0="22,99,16,102,51,92,117,90,23,49,46,35,63" hai1="121,64,5,129,130,134,100,101,83,132,87,96,84" hai2="62,31,8,4,67,56,133,78,41,79,108,123,6" hai3="69,26,44,29,118,17,48,81,38,37,53,33,135"/><W19/><G118/><T111/><D111/><U107/><E64/><V57/><F108/><W43/><G135/><N who="1" m="51754" /><E5/><V103/><F103/><W104/><G104/><T131/><D131/><N who="1" m="50187" /><E121/><V68/><F6/><W34/><G34/><T61/><D117/><U52/><E100/><V65/><F65/><W3/><G3/><T114/><D35/><U7/><E7/><V127/><F67/><W94/><G69/><T21/><D102/><U112/><E112/><V122/><F68/><W109/><G109/><T32/><D32/><U58/><E83/><V25/><F4/><W42/><G94/><T124/><D114/><U72/><E72/><V113/><F113/><W11/><G81/><T60/><D90/><U82/><E82/><V77/><F133/><W76/><G76/><T119/><D119/><U47/><E47/><V126/><F79/><W13/><REACH who="3" step="1"/><G19/><REACH who="3" ten="506,195,151,138" step="2"/><T66/><D16/><U36/><E107/><V89/><F78/><W15/><G15/><T98/><D92/><U0/><E0/><V125/><F77/><W93/><G93/><T30/><D30/><U20/><E101/><V85/><F122/><W95/><G95/><T74/><D74/><U106/><E106/><V55/><F123/><W116/><G116/><T27/><D99/><U10/><E96/><V120/><F120/><W2/><G2/><T86/><D98/><U97/><E97/><V14/><F31/><W45/><G45/><T110/><D46/><U88/><E88/><V54/><F89/><W80/><G80/><T40/><D110/><U12/><E12/><V115/><F14/><W39/><AGARI ba="0,1" hai="11,13,17,26,29,33,37,38,39,42,43,44,48,53" machi="39" ten="30,11700,0" yaku="1,1,5,1,0,1,52,1,53,0" doraHai="50" doraHaiUra="128" who="3" fromWho="3" sc="506,-39,195,-39,151,-39,138,127" /><INIT seed="7,1,0,0,0,128" ten="467,156,112,265" oya="3" hai0="68,9,77,23,65,35,20,38,24,79,129,93,84" hai1="44,52,99,45,1,64,62,88,96,118,58,111,42" hai2="8,29,134,101,50,5,39,28,0,81,112,95,36" hai3="114,132,33,18,26,119,116,108,30,13,126,49,34"/><W98/><G98/><T6/><D38/><U130/><E111/><V63/><F112/><W110/><G49/><T86/><D35/><U37/><E130/><V70/><F39/><W83/><G83/><T103/><D129/><U7/><E118/><N who="3" m="45098" /><G114/><T78/><D68/><U120/><E120/><V4/><F36/><W57/><G57/><T59/><D103/><U122/><E122/><V53/><F81/><W12/><G126/><T46/><D46/><U22/><E1/><V113/><F113/><W2/><G132/><T19/><D20/><U104/><E7/><V89/><F5/><W105/><G105/><T69/><D69/><U17/><E104/><V107/><F101/><W47/><G47/><N who="1" m="17994" /><E42/><V92/><F107/><W109/><G2/><T106/><D106/><U73/><E73/><V131/><F131/><W48/><G48/><T10/><D93/><N who="1" m="56359" /><E99/><V117/><F117/><W32/><G12/><N who="0" m="5207" /><D59/><U67/><E37/><V87/><F95/><W127/><G127/><T100/><D65/><U16/><E17/><V125/><F125/><W133/><G133/><T90/><D100/><U71/><E71/><V51/><F134/><W72/><G72/><T61/><D61/><U3/><E3/><V15/><F0/><W25/><G25/><AGARI ba="1,0" hai="16,22,25,52,58,62,64,67" m="56359,17994" machi="25" ten="30,8000,1" yaku="25,1,8,1,54,3" doraHai="128" who="1" fromWho="3" sc="467,0,156,83,112,0,265,-83" owari="467,57.0,239,4.0,112,-39.0,182,-22.0" /></mjloggm>