<mjloggm ver="2.3"><GO type="185" lobby="0"/><UN n0="%E5%A4%9A%E6%9E%97%E6%99%8B" n1="%E3%81%82%E3%81%9F%E3%82%89%E3%81%AA%E3%81%84%E3%81%A7%EF%BC%81" n2="%E8%8A%B1%E9%AD%81" n3="" dan="16,17,17,0" rate="2199.31,2176.38,2344.71,1500.00" sx="M,M,F,C"/><TAIKYOKU oya="0"/><INIT seed="0,0,0,4,0,113" ten="350,350,350,0" oya="0" hai0="40,34,108,134,69,109,96,62,126,83,122,110,48" hai1="54,100,104,103,127,95,68,115,99,91,43,123,2" hai2="97,93,94,86,39,101,121,84,119,1,76,106,3" hai3=""/><T45/><N who="0" m="31264" /><T88/><D34/><U131/><N who="1" m="31520" /><U49/><E2/><V38/><N who="2" m="31008" /><V90/><F119/><T129/><D134/><U128/><E115/><V44/><F44/><T46/><D129/><U85/><E43/><V58/><F58/><T52/><D126/><U81/><E68/><V66/><F66/><T70/><D62/><U42/><E42/><V112/><F112/><T74/><D74/><U47/><E127/><V55/><F55/><T118/><D118/><U78/><REACH who="1" step="1"/><E103/><REACH who="1" ten="350,340,350,0" step="2"/><V89/><REACH who="2" step="1"/><F76/><REACH who="2" ten="350,340,340,0" step="2"/><T107/><D69/><U35/><E35/><V64/><F64/><T77/><D70/><U33/><E33/><V125/><F125/><T132/><D77/><U41/><E41/><V111/><F111/><T50/><D108/><U114/><E114/><V60/><F60/><T73/><D109/><U75/><AGARI ba="0,2" hai="47,49,54,75,78,81,85,91,95,99,100,104,128,131" m="31520" machi="75" ten="30,6000,1" yaku="1,1,0,1,24,2,52,1,53,0" doraHai="113" doraHaiUra="63" who="1" fromWho="1" sc="350,-40,340,80,340,-20,0,0" /><INIT seed="1,0,0,4,1,125" ten="310,420,320,0" oya="1" hai0="116,118,47,73,51,132,83,0,107,99,37,45,113" hai1="102,33,117,131,121,84,39,42,79,95,88,46,63" hai2="108,122,85,69,106,91,103,133,134,57,119,90,93" hai3=""/><U100/><N who="1" m="31008" /><U3/><E117/><V49/><N who="2" m="31264" /><V87/><F69/><T34/><D0/><U130/><E3/><V123/><N who="2" m="31520" /><V97/><F119/><T54/><D34/><U36/><E36/><V43/><F108/><T111/><D111/><U74/><E33/><V56/><F43/><T80/><D113/><U65/><E79/><V129/><F129/><N who="1" m="49161" /><E74/><V104/><F104/><T68/><D73/><U70/><AGARI ba="0,0" hai="39,42,46,63,65,70,84,88,95,100,102" m="49161,31008" machi="70" ten="30,12000,2" yaku="19,1,52,4,54,1" doraHai="125" who="1" fromWho="1" sc="310,-60,420,120,320,-60,0,0" /><INIT seed="1,1,0,0,5,92" ten="250,540,260,0" oya="1" hai0="124,132,61,62,76,133,71,100,84,127,42,36,46" hai1="58,107,1,95,75,111,120,109,108,81,105,51,106" hai2="99,53,47,116,131,55,44,86,39,82,50,0,69" hai3=""/><U85/><N who="1" m="30752" /><U103/><E1/><V73/><F116/><T38/><D100/><U34/><E34/><V94/><F0/><T113/><D113/><U110/><E58/><V96/><F131/><T118/><D118/><U64/><E51/><V66/><F73/><T119/><D119/><U45/><E45/><V57/><F94/><T65/><D36/><U102/><E64/><V79/><F69/><T37/><D38/><U54/><E54/><V122/><N who="2" m="31264" /><V98/><F66/><T40/><D40/><U48/><E48/><V114/><F114/><T60/><D71/><U80/><N who="1" m="27648" /><DORA hai="43" /><U88/><E75/><V78/><F39/><T125/><D65/><U72/><E80/><AGARI ba="1,0" hai="37,42,46,60,61,62,76,80,84,124,125,127,132,133" machi="80" ten="50,3200,0" yaku="18,1,52,1" doraHai="92,43" who="0" fromWho="1" sc="250,34,540,-34,260,0,0,0" /><INIT seed="2,0,0,1,5,73" ten="284,506,260,0" oya="2" hai0="39,124,1,95,98,88,64,105,121,43,33,103,112" hai1="62,67,91,3,38,126,44,76,60,45,85,51,0" hai2="72,32,55,110,79,63,70,54,47,58,78,117,77" hai3=""/><V81/><F117/><T84/><N who="0" m="31008" /><T118/><D118/><U50/><E126/><V125/><F32/><T61/><D33/><U80/><E38/><V96/><F125/><T56/><D124/><U114/><E114/><V123/><N who="2" m="31520" /><V48/><F110/><T34/><D34/><U35/><E35/><V86/><F72/><T49/><D112/><U46/><E91/><V42/><F70/><T65/><D39/><U59/><REACH who="1" step="1"/><E62/><REACH who="1" ten="284,496,260,0" step="2"/><V108/><F108/><T106/><D1/><AGARI ba="0,1" hai="0,1,3,44,45,46,50,51,59,60,67,76,80,85" machi="1" ten="40,5200,0" yaku="1,1,2,1,52,1,53,0" doraHai="73" doraHaiUra="132" who="1" fromWho="0" sc="284,-52,496,62,260,0,0,0" /><INIT seed="4,0,0,5,1,90" ten="232,558,260,0" oya="0" hai0="66,43,127,53,58,38,118,113,45,120,32,115,80" hai1="78,39,75,99,88,51,61,128,54,70,98,97,60" hai2="111,79,49,131,46,130,94,122,35,56,92,102,95" hai3=""/><T0/><N who="0" m="30752" /><T68/><D0/><U121/><N who="1" m="31008" /><U37/><E128/><N who="2" m="49195" /><F111/><T57/><D32/><U123/><N who="1" m="31520" /><U100/><E100/><V96/><N who="2" m="31264" /><V112/><F35/><T114/><D118/><U103/><E103/><V132/><F112/><T34/><D34/><U2/><E2/><V73/><F56/><T133/><D133/><U93/><E78/><V81/><F132/><T48/><D80/><U41/><E75/><V36/><F36/><T52/><D127/><U104/><E104/><V1/><F1/><T77/><D77/><U107/><E107/><V71/><F71/><T87/><D87/><U82/><E82/><V105/><F105/><T72/><D72/><U67/><E39/><V109/><F109/><T91/><D91/><U83/><E83/><V74/><F74/><T42/><D38/><U106/><E106/><V64/><F64/><T3/><D3/><U44/><E37/><V63/><F63/><T129/><D68/><U62/><E70/><V84/><F73/><T108/><D108/><U85/><E67/><V117/><F117/><T55/><D129/><U47/><E85/><V40/><AGARI ba="0,0" hai="40,46,49,79,81,84,92,94,95,96,102" m="31264,49195" machi="40" ten="30,6000,1" yaku="19,1,52,4" doraHai="90" who="2" fromWho="2" sc="232,-40,558,-20,260,60,0,0" /><INIT seed="5,0,0,0,4,108" ten="192,538,320,0" oya="1" hai0="56,80,131,38,79,97,41,102,52,91,50,39,103" hai1="54,87,96,114,1,134,92,69,40,63,90,51,32" hai2="46,135,2,45,58,86,33,100,65,113,61,71,60" hai3=""/><U112/><E1/><V106/><F2/><T118/><D118/><U116/><E116/><V77/><F33/><T53/><D131/><U67/><E40/><V94/><F135/><T101/><D41/><U37/><E37/><V49/><F49/><T132/><D132/><U64/><E64/><V133/><F133/><T42/><D42/><U68/><E134/><V99/><F113/><N who="1" m="43625" /><E32/><V129/><F129/><T93/><REACH who="0" step="1"/><D53/><REACH who="0" ten="182,538,320,0" step="2"/><U76/><E54/><V62/><F61/><T36/><D36/><U105/><E51/><V110/><F110/><T73/><AGARI ba="0,1" hai="38,39,50,52,56,73,79,80,91,93,97,101,102,103" machi="73" ten="30,3000,0" yaku="1,1,0,1,54,1,53,0" doraHai="108" doraHaiUra="83" who="0" fromWho="0" sc="182,40,538,-20,320,-10,0,0" /><INIT seed="6,0,0,3,1,47" ten="222,518,310,0" oya="2" hai0="67,114,32,106,74,43,2,110,117,87,127,108,58" hai1="122,134,135,66,77,107,56,42,39,90,93,46,83" hai2="126,50,41,89,116,1,51,48,115,132,54,120,62" hai3=""/><V63/><N who="2" m="30752" /><V52/><F1/><T97/><D2/><U119/><N who="1" m="31264" /><U101/><E119/><V78/><F116/><T40/><D32/><U91/><E107/><V72/><F115/><T129/><D117/><U3/><E3/><V85/><F126/><T131/><D74/><U80/><E80/><V124/><F124/><T65/><D127/><U60/><E101/><V79/><F132/><N who="1" m="50729" /><E93/><V128/><F128/><T34/><D34/><U98/><E98/><V45/><F72/><AGARI ba="0,0" hai="39,42,46,56,60,66,72,77,83,90,91" m="50729,31264" machi="72" ten="30,2000,0" yaku="20,1,52,1" doraHai="47" who="1" fromWho="2" sc="222,0,518,20,310,-20,0,0" owari="222,-38.0,538,49.0,290,-11.0,0,0.0" /></mjloggm>