<mjloggm ver="2.3"><GO type="169" lobby="0"/><UN n0="%E3%82%A8%E3%83%AB%E3%82%B2%E3%83%AB%E3%83%BC%E3%82%B8" n1="%67%6F%75%73%69" n2="%E6%86%A7%E6%86%AC" n3="%E4%BB%8A%E6%97%A5%E4%B8%80" dan="16,20,16,16" rate="2146.37,2278.29,2152.68,2061.22" sx="M,M,F,F"/><TAIKYOKU oya="0"/><INIT seed="0,0,0,5,4,9" ten="250,250,250,250" oya="0" hai0="104,110,120,119,75,38,20,62,14,48,80,64,77" hai1="11,57,82,41,1,53,0,67,134,15,115,36,97" hai2="135,12,108,61,101,30,87,65,42,112,126,72,44" hai3="102,43,74,7,111,118,121,31,73,60,18,10,90"/><T93/><D119/><U103/><E134/><V40/><F72/><W91/><G118/><T49/><D120/><U4/><E115/><V34/><F112/><W37/><G31/><T128/><D104/><U122/><E122/><V33/><F135/><W27/><G102/><T96/><D38/><U35/><E35/><V94/><F108/><W47/><G73/><T25/><D110/><U16/><E67/><V58/><F126/><W129/><G129/><T92/><D92/><U98/><E82/><V89/><F101/><W24/><G74/><T39/><D39/><U59/><E97/><V127/><F127/><W68/><G18/><T106/><D106/><U56/><E53/><V85/><F85/><W86/><G91/><T5/><D128/><U51/><E36/><V2/><F2/><W22/><G60/><T69/><D25/><U29/><E29/><V13/><F42/><W54/><G54/><T50/><D20/><U8/><E0/><V83/><F83/><W17/><G68/><T23/><D23/><U84/><E84/><V100/><F100/><W81/><G111/><T133/><D133/><U88/><E88/><V76/><F76/><W113/><G113/><T95/><REACH who="0" step="1"/><D96/><REACH who="0" ten="240,250,250,250" step="2"/><U66/><E98/><V132/><F132/><W124/><G121/><T46/><D46/><U125/><E125/><V71/><F33/><W45/><G47/><T114/><D114/><U52/><E66/><V105/><F105/><W131/><G131/><T130/><D130/><U26/><E26/><V3/><F34/><W99/><G99/><T107/><D107/><U70/><E103/><RYUUKYOKU ba="0,1" sc="240,30,250,-10,250,-10,250,-10" hai0="5,14,48,49,50,62,64,69,75,77,80,93,95" /><INIT seed="0,1,1,3,2,50" ten="270,240,240,240" oya="0" hai0="2,110,27,64,15,11,24,86,71,74,90,94,41" hai1="25,112,57,132,88,89,103,93,80,73,123,92,135" hai2="105,10,100,0,115,18,130,102,79,121,77,114,5" hai3="34,1,120,63,13,49,109,43,122,22,81,20,45"/><T12/><D74/><U6/><E6/><V31/><F31/><W97/><G1/><T133/><D2/><U69/><E69/><V65/><F65/><W37/><G34/><T16/><D133/><N who="1" m="51275" /><E25/><V68/><F105/><W111/><G81/><T87/><D110/><N who="3" m="41993" /><G97/><T91/><D41/><U28/><E28/><V58/><F18/><N who="3" m="10319" /><G63/><T44/><D44/><U14/><E14/><V48/><F0/><W131/><G131/><T60/><REACH who="0" step="1"/><D12/><REACH who="0" ten="260,240,240,240" step="2"/><U42/><E42/><V52/><F130/><W35/><G35/><T32/><D32/><U129/><E129/><V54/><F115/><W117/><G117/><T47/><D47/><U101/><E112/><V128/><F114/><W46/><G22/><T59/><D59/><U106/><E57/><V134/><F58/><W67/><G67/><T62/><D62/><U75/><E75/><V78/><F134/><W98/><G46/><T26/><D26/><U8/><E8/><V19/><F128/><W82/><G45/><T124/><D124/><U96/><E73/><V23/><F68/><W39/><G43/><T29/><D29/><U126/><E126/><V4/><F48/><W40/><G49/><T119/><D119/><U116/><E116/><V30/><F30/><W127/><G40/><T55/><D55/><U7/><E123/><V83/><F54/><W108/><G127/><T118/><D118/><U84/><E106/><V61/><F121/><W56/><G56/><T107/><D107/><U113/><E113/><V66/><F52/><W99/><G120/><T85/><D85/><U95/><E84/><V51/><F61/><RYUUKYOKU ba="1,2" sc="260,30,240,-10,240,-10,240,-10" hai0="11,15,16,24,27,60,64,71,86,87,90,91,94" /><INIT seed="0,2,2,3,2,22" ten="290,230,230,230" oya="0" hai0="93,135,110,109,114,86,51,88,33,2,84,15,125" hai1="39,100,21,61,99,46,27,130,76,129,17,57,44" hai2="112,16,83,106,123,9,0,52,36,50,116,28,49" hai3="32,117,4,131,115,18,101,120,37,25,102,134,128"/><T58/><D2/><U121/><E121/><V69/><F36/><W13/><G117/><T127/><D114/><U105/><E76/><V34/><F106/><W107/><G115/><T63/><D51/><U3/><E3/><V53/><F112/><W79/><G134/><T47/><D47/><U119/><E119/><V71/><F116/><W64/><G37/><T90/><D15/><U43/><REACH who="1" step="1"/><E46/><REACH who="1" ten="290,220,230,230" step="2"/><V70/><F123/><W30/><G79/><T66/><D135/><U31/><E31/><V81/><F0/><W11/><G120/><T65/><D65/><AGARI ba="2,3" hai="17,21,27,39,43,44,57,61,65,99,100,105,129,130" machi="65" ten="40,2600,0" yaku="1,1,52,1,53,0" doraHai="22" doraHaiUra="73" who="1" fromWho="0" sc="290,-32,220,62,230,0,230,0" /><INIT seed="1,0,0,5,4,63" ten="258,282,230,230" oya="1" hai0="6,124,126,67,4,76,14,79,118,103,50,29,85" hai1="94,32,47,49,24,115,113,40,96,1,92,101,78" hai2="70,44,52,57,9,83,25,53,28,64,116,5,37" hai3="13,48,59,134,73,0,62,102,88,133,123,35,7"/><U66/><E1/><V125/><F116/><W27/><G123/><T131/><D118/><U80/><E92/><V8/><F125/><N who="0" m="48234" /><D131/><U127/><E127/><V130/><F130/><W55/><G73/><T108/><D108/><U21/><E32/><V86/><F70/><W97/><G0/><T100/><D29/><U33/><E33/><V98/><F98/><W2/><G2/><T56/><D50/><U19/><REACH who="1" step="1"/><E66/><REACH who="1" ten="258,272,230,230" step="2"/><V77/><F64/><W60/><G35/><T91/><D103/><U46/><E46/><V107/><F107/><W119/><G102/><T17/><D100/><U23/><E23/><V16/><F44/><W109/><G119/><T58/><D67/><U34/><E34/><V11/><F11/><W95/><G109/><T117/><D117/><U74/><AGARI ba="0,1" hai="19,21,24,40,47,49,74,78,80,94,96,101,113,115" machi="74" ten="20,3900,0" yaku="1,1,0,1,7,1,53,0" doraHai="63" doraHaiUra="132" who="1" fromWho="1" sc="258,-13,272,49,230,-13,230,-13" /><INIT seed="1,1,0,0,0,83" ten="245,321,217,217" oya="1" hai0="95,21,117,24,104,58,115,0,28,49,57,45,5" hai1="77,29,9,82,10,94,14,116,90,130,48,46,87" hai2="11,81,123,98,107,127,20,8,62,19,76,61,72" hai3="111,50,47,73,89,96,18,101,80,99,34,135,3"/><U30/><E130/><V42/><F123/><W120/><G120/><T88/><D115/><U32/><E116/><V41/><F127/><W33/><G3/><T69/><D104/><U103/><E103/><V128/><F128/><W110/><G135/><T112/><D69/><U125/><E125/><V114/><F114/><W63/><G63/><T68/><D68/><U71/><E71/><V100/><F62/><W38/><G38/><T129/><D112/><U70/><E70/><V37/><F61/><W17/><G96/><T12/><D0/><U113/><E113/><V66/><F66/><W31/><G18/><T78/><D78/><U1/><E1/><V44/><REACH who="2" step="1"/><F42/><REACH who="2" ten="245,321,207,217" step="2"/><W93/><G111/><T118/><D129/><U25/><E30/><V92/><F92/><W126/><G110/><T22/><D118/><U39/><E39/><V86/><F86/><W133/><G31/><T53/><D117/><U119/><E119/><V7/><F7/><W23/><G126/><T106/><D106/><U105/><E105/><V91/><F91/><W43/><G73/><T108/><D108/><U131/><E131/><V74/><F74/><W6/><G6/><T84/><D5/><U79/><E79/><V4/><F4/><W64/><G64/><T121/><D121/><U15/><E15/><AGARI ba="1,1" hai="8,11,15,19,20,37,41,44,72,76,81,98,100,107" machi="15" ten="30,2000,0" yaku="1,1,7,1,53,0" doraHai="83" doraHaiUra="26" who="2" fromWho="1" sc="245,0,321,-23,207,33,217,0" /><INIT seed="2,0,0,5,5,112" ten="245,298,240,217" oya="2" hai0="60,122,27,44,103,80,4,67,106,20,77,71,22" hai1="82,26,91,66,70,124,49,55,39,62,121,118,69" hai2="117,94,97,127,40,32,132,42,65,102,84,23,109" hai3="68,58,114,1,74,88,129,19,105,95,29,100,79"/><V10/><F117/><W130/><G68/><T135/><D122/><U73/><E39/><V52/><F32/><W128/><G114/><T86/><D135/><U13/><E124/><V99/><F127/><W36/><G29/><T5/><D44/><U11/><E26/><V92/><F65/><W47/><G1/><T56/><D71/><U6/><E121/><V54/><F132/><W96/><G58/><T101/><D22/><U51/><E70/><V28/><F10/><W111/><G19/><T76/><D76/><U17/><E118/><V78/><F109/><W113/><G113/><T115/><D115/><U41/><E41/><N who="2" m="15979" /><F84/><N who="3" m="52615" /><G47/><T98/><REACH who="0" step="1"/><D101/><REACH who="0" ten="235,298,240,217" step="2"/><U120/><E120/><V53/><F78/><W7/><G36/><T9/><D9/><U45/><E69/><V38/><F38/><W30/><G111/><T90/><D90/><U33/><E91/><N who="2" m="55455" /><F23/><W134/><G134/><T108/><D108/><U63/><E11/><V61/><F28/><AGARI ba="0,1" hai="4,5,20,27,28,56,60,67,77,80,86,98,103,106" machi="28" ten="30,2000,0" yaku="1,1,7,1,53,0" doraHai="112" doraHaiUra="43" who="0" fromWho="2" sc="235,30,298,0,240,-20,217,0" /><INIT seed="3,0,0,0,0,37" ten="265,298,220,217" oya="3" hai0="89,130,0,12,94,53,41,45,26,3,127,132,79" hai1="7,63,43,1,114,128,113,124,50,135,104,13,39" hai2="19,69,35,52,90,74,107,118,73,71,21,129,112" hai3="76,120,55,98,126,88,60,75,4,111,46,95,29"/><W30/><G120/><T115/><D127/><U117/><E13/><V110/><F35/><W17/><G126/><T23/><D130/><U123/><E7/><V58/><F112/><W51/><G111/><T133/><D79/><U61/><E50/><V72/><F129/><W38/><G4/><T27/><D53/><U14/><E14/><V47/><F110/><W33/><G38/><T103/><D103/><U24/><E24/><V6/><F6/><W121/><G121/><T5/><D115/><U108/><E43/><V87/><F107/><W49/><G33/><T96/><D27/><U78/><E63/><V101/><F101/><W106/><G106/><T82/><D82/><U57/><E57/><V80/><F47/><W99/><G99/><T32/><D32/><U125/><E61/><V102/><F102/><W70/><G76/><T22/><D22/><U97/><E78/><V83/><F118/><W131/><G75/><T66/><D66/><U119/><E97/><V20/><F83/><W11/><G131/><T40/><D45/><U68/><E114/><V2/><F2/><W91/><G91/><T100/><D100/><U81/><E81/><V31/><F31/><W77/><G77/><T16/><D3/><U116/><E119/><V56/><F56/><N who="3" m="34847" /><G70/><N who="2" m="26633" /><F19/><W67/><G67/><T28/><D5/><U48/><E117/><V10/><F10/><W122/><G122/><T93/><D0/><U59/><E59/><V105/><F105/><W9/><G11/><N who="0" m="6175" /><D94/><U134/><E124/><V65/><F65/><W34/><G46/><T36/><D36/><U18/><E125/><RYUUKYOKU ba="0,0" sc="265,15,298,-15,220,15,217,-15" hai0="23,26,28,40,41,89,93,96,132,133" hai2="20,21,52,58,72,73,74,80,87,90" /><INIT seed="4,1,0,4,2,71" ten="280,283,235,202" oya="0" hai0="125,130,9,35,37,18,49,91,20,50,14,98,23" hai1="57,108,87,28,78,92,5,106,67,4,61,117,95" hai2="53,85,32,66,88,104,12,128,65,77,111,45,84" hai3="102,29,6,101,46,48,113,89,122,56,127,69,40"/><T107/><D35/><U30/><E106/><V58/><F104/><W134/><G69/><T2/><D125/><U51/><E108/><V75/><F75/><W135/><G113/><T94/><D107/><U62/><E117/><V15/><F32/><W64/><G6/><N who="1" m="2666" /><E51/><N who="2" m="28911" /><F128/><W31/><G89/><T43/><D130/><U110/><E62/><N who="2" m="38103" /><F66/><W96/><G122/><T3/><D50/><U22/><E22/><V52/><F52/><W82/><G82/><T27/><D49/><U19/><E19/><V80/><F111/><W79/><G79/><T103/><D103/><U54/><E54/><V99/><F99/><W68/><G102/><T36/><D43/><U132/><E132/><V16/><F16/><W121/><G68/><T115/><D115/><U72/><E72/><V118/><F118/><W33/><G127/><T120/><D120/><U63/><E63/><V11/><F11/><W21/><G33/><T126/><D126/><U93/><E110/><V73/><F73/><W90/><G121/><T74/><D74/><U59/><E59/><V41/><F41/><W119/><G119/><T10/><D10/><U24/><E24/><V81/><AGARI ba="1,0" hai="12,15,77,80,81,84,85,88" m="38103,28911" machi="81" ten="30,2000,0" yaku="8,1,54,1" doraHai="71" who="2" fromWho="2" sc="280,-11,283,-6,235,23,202,-6" /><INIT seed="5,0,0,0,3,3" ten="269,277,258,196" oya="1" hai0="6,39,16,21,70,101,25,62,5,33,113,7,97" hai1="80,124,24,90,107,106,12,51,93,40,65,86,71" hai2="134,84,49,114,82,128,61,0,34,52,129,30,94" hai3="1,116,127,47,43,26,56,29,123,117,100,85,135"/><U41/><E124/><V22/><F34/><W78/><G123/><T87/><D39/><U14/><E71/><V69/><F134/><W122/><G122/><T20/><D33/><U59/><E106/><V102/><F0/><W131/><G100/><T48/><D113/><U35/><E107/><V126/><F126/><W96/><G96/><T115/><D115/><U79/><E24/><V55/><F114/><W23/><G131/><T53/><D87/><U45/><E41/><V42/><F30/><W125/><G56/><T133/><D133/><U32/><E32/><V27/><F27/><W81/><G1/><T54/><D21/><U13/><E35/><V103/><F22/><W17/><G17/><T98/><D101/><U66/><REACH who="1" step="1"/><E59/><REACH who="1" ten="269,267,258,196" step="2"/><V73/><F42/><W46/><G135/><T63/><D70/><U4/><E4/><V105/><F105/><W44/><G43/><T60/><D54/><U8/><E8/><V130/><F69/><W89/><G125/><T18/><D18/><U95/><E95/><V77/><F129/><W38/><G127/><T57/><AGARI ba="0,1" hai="5,6,7,16,20,25,48,53,57,60,62,63,97,98" machi="57" ten="30,12000,2" yaku="0,1,8,1,52,3,54,1" doraHai="3" who="0" fromWho="0" sc="269,130,267,-60,258,-30,196,-30" /><INIT seed="6,0,0,0,3,27" ten="399,207,228,166" oya="2" hai0="25,15,67,81,124,103,90,78,107,6,112,106,34" hai1="19,89,40,110,5,85,72,71,8,42,14,65,23" hai2="130,54,11,16,133,68,83,49,64,109,41,18,4" hai3="58,98,82,30,79,120,73,13,33,75,38,108,117"/><V123/><F123/><W87/><G108/><T22/><D34/><U91/><E72/><V36/><F133/><W77/><G120/><T76/><D67/><U94/><E110/><V60/><F130/><W99/><G38/><T80/><D15/><U131/><E131/><V52/><F109/><W92/><G117/><T96/><D6/><U57/><E71/><V51/><F83/><W12/><G58/><T1/><D1/><U47/><E47/><V45/><F51/><W26/><G98/><T17/><D90/><U127/><E127/><V10/><F54/><W48/><G48/><T2/><D2/><U44/><E89/><V128/><F128/><W121/><G121/><T126/><D107/><U129/><E44/><V7/><F7/><W115/><G115/><T66/><D66/><U61/><REACH who="1" step="1"/><E129/><REACH who="1" ten="399,197,228,166" step="2"/><V29/><F68/><W101/><G77/><T0/><D78/><U28/><E28/><V119/><F29/><W118/><G118/><T111/><D111/><U35/><E35/><V20/><F119/><W9/><REACH who="3" step="1"/><G13/><AGARI ba="0,1" hai="5,8,13,14,19,23,40,42,57,61,65,85,91,94" machi="13" ten="30,7700,0" yaku="1,1,7,1,8,1,53,1" doraHai="27" doraHaiUra="59" who="1" fromWho="3" sc="399,0,197,87,228,0,166,-77" /><INIT seed="7,0,0,5,2,4" ten="399,284,228,89" oya="3" hai0="19,56,89,128,115,88,30,70,51,135,6,36,31" hai1="37,44,21,69,43,78,68,72,133,35,53,122,0" hai2="90,64,13,107,32,79,29,96,12,40,100,1,101" hai3="83,117,104,94,134,108,46,3,99,125,11,22,91"/><W126/><G117/><T41/><D36/><U47/><E35/><V80/><F1/><W84/><G134/><T81/><D70/><U39/><E21/><V124/><F40/><W67/><G67/><T76/><D135/><U16/><E16/><V127/><F90/><W66/><G66/><T113/><D128/><U130/><E130/><V57/><F100/><W17/><G108/><T38/><D38/><U49/><E39/><V95/><F95/><W116/><G116/><T28/><D19/><U45/><E45/><V97/><F97/><W85/><G104/><T103/><D103/><U105/><E122/><V118/><F118/><W131/><G131/><T73/><D6/><U18/><E18/><V129/><F129/><W62/><G62/><T42/><D41/><U114/><E105/><V7/><F7/><N who="3" m="1535" /><G46/><N who="0" m="26071" /><D56/><U132/><E0/><V106/><F106/><W98/><G98/><T59/><D59/><U82/><E132/><V119/><F64/><W2/><G2/><T63/><D63/><U27/><E133/><V25/><F57/><W65/><G65/><T77/><D76/><U52/><E53/><V34/><F80/><W58/><G58/><T9/><D9/><U26/><E69/><V48/><F79/><N who="3" m="46207" /><G99/><T54/><D54/><U33/><E68/><V8/><F25/><N who="1" m="9225" /><E33/><V50/><F29/><W75/><G75/><T111/><D111/><U15/><E15/><V110/><F110/><W86/><G86/><T92/><D92/><U112/><E47/><V55/><F119/><W74/><G74/><T120/><D120/><U24/><E24/><V121/><F121/><RYUUKYOKU ba="0,0" sc="399,10,284,10,228,-30,89,10" hai0="28,30,31,73,77,81,88,89,113,115" hai1="37,43,44,49,52,72,78,82,112,114" hai3="17,22,85,91,94,125,126" /><INIT seed="7,1,0,0,3,44" ten="409,294,198,99" oya="3" hai0="22,129,113,128,54,25,50,133,95,26,15,29,125" hai1="19,127,112,3,40,9,77,124,115,42,36,34,130" hai2="60,106,107,33,23,55,53,84,1,100,27,24,18" hai3="63,21,67,8,47,116,111,13,41,30,90,62,96"/><W117/><G111/><T120/><D120/><U122/><E122/><V81/><F1/><W57/><G63/><T2/><D2/><U6/><E130/><N who="0" m="50281" /><D133/><U91/><E34/><V5/><F5/><W92/><G30/><T118/><D118/><U75/><E91/><V59/><F100/><W4/><REACH who="3" step="1"/><G21/><REACH who="3" ten="409,294,198,89" step="2"/><T102/><D29/><U121/><E121/><V65/><F107/><W97/><G97/><T126/><D22/><U78/><E112/><V99/><F99/><W31/><G31/><T93/><D113/><U87/><E115/><V123/><F106/><W101/><G101/><T0/><D102/><U105/><E105/><V73/><F123/><W104/><G104/><T43/><D126/><U103/><E103/><V35/><F35/><W11/><G11/><T86/><D125/><U64/><E9/><V89/><F33/><W131/><G131/><T109/><D109/><U32/><E32/><V80/><F23/><W10/><G10/><T70/><D70/><U134/><E124/><V85/><F60/><W45/><G45/><T132/><D132/><U79/><E134/><V28/><F28/><W58/><G58/><T88/><D0/><U20/><E3/><V17/><F59/><W52/><G52/><T72/><D54/><U98/><E20/><V7/><F55/><W56/><G56/><T74/><D26/><U66/><E127/><V14/><F53/><W119/><G119/><T114/><D25/><U69/><E69/><V39/><F24/><W37/><AGARI ba="1,1" hai="4,8,13,37,41,47,57,62,67,90,92,96,116,117" machi="37" ten="20,7800,0" yaku="1,1,0,1,7,1,53,1" doraHai="44" doraHaiUra="68" who="3" fromWho="3" sc="409,-27,294,-27,198,-27,89,91" /><INIT seed="7,2,0,4,4,102" ten="382,267,171,180" oya="3" hai0="3,27,66,118,5,17,89,97,81,90,2,105,107" hai1="1,47,22,9,48,117,77,114,134,18,126,11,36" hai2="4,52,73,76,43,122,110,125,30,106,74,6,67" hai3="113,46,25,20,112,53,28,14,8,32,63,80,40"/><W100/><G100/><T61/><D118/><U115/><E117/><V71/><F110/><W79/><G63/><T55/><D55/><U44/><E1/><V35/><F106/><W129/><G53/><T94/><D5/><N who="2" m="2154" /><F76/><W50/><G129/><T45/><D45/><U132/><E126/><V10/><F10/><N who="1" m="3593" /><E77/><V54/><F43/><W123/><G123/><T58/><D105/><U92/><E92/><V68/><F125/><W98/><G98/><T15/><D27/><N who="1" m="14807" /><E36/><V51/><F51/><W130/><G130/><T39/><D107/><U101/><E47/><V33/><F122/><W85/><G32/><N who="2" m="12361" /><F30/><W96/><G96/><T104/><D104/><U69/><E69/><N who="2" m="26699" /><F67/><W59/><G59/><T108/><D39/><U37/><E37/><V127/><F127/><W21/><G21/><T12/><D12/><U23/><E23/><V120/><F120/><W131/><G131/><T78/><D90/><U41/><E101/><V72/><AGARI ba="2,0" hai="52,54,72,73,74" m="26699,12361,2154" machi="72" ten="40,5200,0" yaku="28,2,54,1" doraHai="102" who="2" fromWho="2" sc="382,-15,267,-15,171,58,180,-28" owari="367,47.0,252,5.0,229,-17.0,152,-35.0" /></mjloggm>