<mjloggm ver="2.3"><GO type="169" lobby="0"/><UN n0="%CE%BC%E3%81%97%E3%82%82%E3%81%A7" n1="%E5%AE%89%E9%81%94%E3%81%95%E3%81%8F%E3%82%89" n2="%E3%82%82%E3%82%8A%E3%81%96%E3%81%AD" n3="%E6%9A%A2%E4%B8%80" dan="17,17,16,16" rate="2140.23,2193.95,2150.54,2142.82" sx="M,M,M,M"/><TAIKYOKU oya="0"/><INIT seed="0,0,0,5,3,21" ten="250,250,250,250" oya="0" hai0="91,100,64,130,83,37,124,113,95,9,110,92,20" hai1="44,51,5,50,3,33,17,129,109,22,32,106,112" hai2="75,74,90,62,93,70,7,126,11,66,6,108,71" hai3="79,67,24,16,36,131,116,48,94,76,28,117,127"/><T61/><D113/><U27/><E112/><V52/><F108/><W69/><G36/><T47/><D130/><U123/><E123/><V29/><F126/><W30/><G131/><T111/><D124/><U81/><E129/><V103/><F103/><W42/><G127/><T39/><D9/><U98/><E109/><N who="0" m="41481" /><D83/><U102/><E81/><V38/><F38/><N who="0" m="14346" /><D47/><U53/><E5/><V35/><F71/><W18/><G69/><T54/><D54/><U8/><E8/><V12/><F7/><W87/><G67/><T4/><D4/><U125/><E3/><V63/><F63/><W78/><G42/><T82/><D100/><U60/><E60/><V89/><F52/><W120/><G120/><T15/><D82/><U114/><E114/><V55/><F55/><W13/><G48/><T40/><D40/><U73/><E125/><V77/><F89/><N who="3" m="53567" /><G117/><T85/><D95/><U57/><E73/><V65/><F65/><W56/><G56/><T31/><D15/><U25/><E50/><V105/><F75/><W86/><G86/><T80/><D92/><U88/><E44/><V134/><F74/><W26/><G116/><T72/><D72/><U115/><E115/><V45/><F45/><W49/><G49/><T41/><D41/><U97/><E97/><V10/><F6/><W14/><G14/><T96/><D96/><U2/><E2/><V132/><F12/><W122/><G13/><T84/><D84/><U0/><E0/><V118/><F10/><W121/><G121/><T59/><D20/><N who="1" m="13455" /><E88/><V135/><F11/><W23/><G122/><T58/><D58/><RYUUKYOKU ba="0,0" sc="250,10,250,10,250,-30,250,10" hai0="31,59,61,64,80,85,91" hai1="22,27,32,33,51,53,57,98,102,106" hai3="16,18,23,24,26,28,30,76,78,79" /><INIT seed="0,1,0,1,1,28" ten="260,260,220,260" oya="0" hai0="65,105,119,11,114,96,76,130,10,31,57,110,26" hai1="17,118,48,104,134,62,5,3,18,95,91,64,9" hai2="70,69,108,33,12,0,50,14,1,43,122,132,46" hai3="126,66,52,82,22,6,49,107,84,4,102,123,40"/><T60/><D119/><U112/><E118/><V85/><F122/><W7/><G123/><T133/><D114/><U98/><E112/><V58/><F108/><W34/><G126/><T23/><D110/><U25/><E134/><V124/><F132/><W20/><G107/><T13/><D133/><U29/><E48/><V86/><F124/><W77/><G34/><T97/><D130/><U67/><E104/><V113/><F113/><W80/><G102/><T15/><D105/><U94/><E94/><V89/><F89/><W73/><G40/><T117/><D117/><U27/><E67/><V101/><F50/><W106/><G66/><T103/><D76/><U71/><REACH who="1" step="1"/><E25/><REACH who="1" ten="260,250,220,260" step="2"/><V59/><F43/><W120/><G106/><T2/><D2/><U36/><E36/><V109/><F109/><W115/><G115/><T21/><D103/><U121/><E121/><V127/><F127/><W68/><G120/><T63/><D63/><U128/><E128/><V90/><F101/><W54/><G49/><T39/><D39/><U72/><E72/><V93/><F93/><W92/><G92/><T79/><D13/><U51/><E51/><V75/><F75/><W99/><G73/><T131/><D131/><U24/><E24/><V55/><F46/><W56/><G80/><T74/><D74/><U135/><E135/><V19/><F55/><N who="3" m="21035" /><G82/><T45/><D45/><U81/><E81/><V111/><F111/><W35/><G77/><T37/><D79/><U88/><E88/><V129/><F90/><W8/><G99/><N who="0" m="37963" /><D37/><U100/><E100/><V42/><F129/><W32/><G84/><RYUUKYOKU ba="1,1" sc="260,15,250,15,220,-15,260,-15" hai0="10,11,15,21,23,26,31,57,60,65" hai1="3,5,9,17,18,27,29,62,64,71,91,95,98" /><INIT seed="0,2,1,4,0,40" ten="275,265,205,245" oya="0" hai0="72,78,56,81,14,98,4,89,66,121,90,88,32" hai1="95,80,104,111,68,11,55,48,16,9,106,107,75" hai2="87,54,27,45,108,109,124,119,103,53,34,41,67" hai3="64,76,49,33,99,23,61,125,94,24,82,60,86"/><T115/><D121/><U13/><E68/><V38/><F124/><W42/><G33/><T59/><D115/><U91/><E111/><N who="2" m="42571" /><F119/><W10/><G125/><T69/><D32/><U65/><E65/><V19/><F67/><W36/><G36/><T130/><D130/><U18/><E75/><V71/><F71/><W12/><G64/><T1/><D1/><U6/><E80/><V117/><F117/><W120/><G120/><T51/><D98/><U26/><E26/><V84/><F103/><N who="3" m="60919" /><G23/><T62/><REACH who="0" step="1"/><D51/><REACH who="0" ten="265,265,205,245" step="2"/><U102/><E102/><V57/><F34/><W58/><G24/><T7/><D7/><U29/><E29/><V114/><F114/><W35/><G35/><T43/><D43/><U20/><E6/><V70/><F27/><W122/><G122/><T83/><D83/><U131/><E131/><V50/><F19/><N who="3" m="8599" /><G42/><T77/><D77/><U123/><E123/><V8/><F8/><AGARI ba="2,2" hai="4,8,14,56,59,62,66,69,72,78,81,88,89,90" machi="8" ten="40,3900,0" yaku="1,1,54,1,53,0" doraHai="40" doraHaiUra="30" who="0" fromWho="2" sc="265,65,265,0,205,-45,245,0" /><INIT seed="0,3,0,0,3,57" ten="330,265,160,245" oya="0" hai0="79,70,133,96,65,78,40,134,103,75,110,20,112" hai1="14,50,17,49,100,118,88,89,12,64,27,91,90" hai2="99,11,15,19,43,56,125,51,120,124,121,73,24" hai3="7,26,87,23,2,69,39,135,44,21,85,55,108"/><T76/><D40/><U63/><E118/><V58/><F73/><W106/><G108/><T10/><D112/><U102/><E27/><V29/><F99/><W32/><G69/><T74/><D10/><U114/><E114/><V72/><F72/><N who="0" m="27690" /><D20/><U101/><N who="1" m="22528" /><DORA hai="67" /><U97/><E97/><V94/><F94/><W122/><G21/><T0/><D0/><U82/><E82/><V62/><F43/><W111/><G23/><T46/><D46/><U61/><E64/><V31/><F51/><N who="1" m="19465" /><E17/><V81/><F81/><W48/><G44/><T9/><D9/><U59/><E59/><V42/><F42/><W25/><G25/><T47/><D47/><U86/><E86/><V8/><F24/><W116/><G26/><T3/><D3/><U83/><E83/><V127/><F56/><W30/><G48/><T18/><D18/><U126/><E126/><V105/><F105/><W109/><G2/><T119/><D119/><U84/><E84/><V54/><REACH who="2" step="1"/><F8/><REACH who="2" ten="330,265,150,245" step="2"/><W131/><G116/><T37/><D37/><U38/><E38/><V34/><F34/><W104/><G32/><T33/><D33/><U107/><E107/><V117/><F117/><W115/><G39/><T128/><D96/><U80/><E80/><V68/><F68/><W129/><G115/><T35/><D35/><U28/><E28/><AGARI ba="3,1" hai="11,15,19,28,29,31,54,58,62,120,121,124,125,127" machi="28" ten="40,5200,0" yaku="1,1,18,1,52,1,53,0" doraHai="57,67" doraHaiUra="1,41" who="2" fromWho="1" sc="330,0,265,-61,150,71,245,0" /><INIT seed="1,0,0,2,2,76" ten="330,204,221,245" oya="1" hai0="25,94,8,4,14,90,50,115,118,124,114,43,33" hai1="18,103,98,9,101,120,19,127,106,105,87,102,47" hai2="99,49,65,104,91,119,112,85,15,71,110,67,36" hai3="82,62,58,133,29,46,97,32,24,57,30,88,109"/><U59/><E120/><V16/><F119/><W28/><G109/><T23/><D118/><U42/><E127/><V70/><F36/><W48/><G133/><T44/><D124/><U11/><E59/><V6/><F110/><W130/><G130/><T116/><D33/><U72/><E72/><V53/><F6/><W129/><G129/><T77/><D77/><U27/><E87/><V125/><F125/><W20/><G32/><T111/><D111/><U132/><E132/><V64/><F112/><W95/><G82/><T7/><D7/><U13/><E105/><V45/><F99/><W92/><G92/><T69/><D69/><U1/><E1/><V83/><REACH who="2" step="1"/><F104/><REACH who="2" ten="330,204,211,245" step="2"/><W128/><G128/><T35/><D116/><U78/><E106/><V51/><F51/><W113/><G113/><T38/><D38/><U56/><E98/><V73/><F73/><W134/><G134/><T123/><D115/><U68/><E103/><V10/><AGARI ba="0,1" hai="10,15,16,45,49,53,64,65,67,70,71,83,85,91" machi="10" ten="30,12000,2" yaku="1,1,0,1,25,2,52,1,54,1,53,0" doraHai="76" doraHaiUra="37" who="2" fromWho="2" sc="330,-30,204,-60,211,130,245,-30" /><INIT seed="2,0,0,5,5,129" ten="300,144,341,215" oya="2" hai0="127,2,53,96,23,110,119,65,106,128,95,63,121" hai1="33,89,120,72,43,36,7,31,60,114,57,29,48" hai2="1,10,34,94,26,82,112,135,19,74,132,24,41" hai3="83,101,84,64,125,32,59,126,86,79,103,124,66"/><V42/><F112/><W50/><G32/><T8/><D121/><U109/><E114/><V15/><F94/><W39/><G39/><T28/><D106/><U91/><E120/><V21/><F24/><W97/><G84/><T134/><D119/><U88/><E109/><V55/><F55/><N who="3" m="32247" /><G101/><T12/><D53/><U107/><E107/><AGARI ba="0,0" hai="64,66,79,83,86,97,103,107,124,125,126" m="32247" machi="107" ten="30,1000,0" yaku="18,1" doraHai="129" who="3" fromWho="1" sc="300,0,144,-10,341,0,215,10" /><INIT seed="3,0,0,5,4,31" ten="300,134,341,225" oya="3" hai0="15,52,25,124,89,114,8,71,79,134,12,110,69" hai1="70,24,105,18,58,101,80,16,104,120,6,111,99" hai2="92,32,102,115,100,117,130,128,84,96,132,68,3" hai3="30,11,76,51,36,131,21,50,60,87,38,46,67"/><W19/><G131/><N who="2" m="50217" /><F68/><W77/><G11/><T63/><D114/><U14/><E120/><V28/><F3/><W90/><G30/><T62/><D79/><U103/><E111/><V5/><F5/><W95/><G51/><T7/><D110/><U0/><E70/><V85/><F115/><W2/><G2/><T39/><D39/><U119/><E119/><V26/><F117/><W37/><G67/><T57/><D134/><U10/><E24/><V20/><F132/><W65/><G60/><T13/><D124/><U73/><E58/><V33/><F102/><W133/><G65/><T107/><D107/><U42/><E42/><V91/><F85/><W125/><G125/><T34/><D71/><U27/><E27/><V126/><F126/><W109/><G109/><T98/><D69/><U9/><E18/><V1/><F1/><W82/><G133/><T127/><D63/><U53/><E53/><V64/><F64/><W86/><G76/><T106/><D127/><U78/><REACH who="1" step="1"/><E101/><REACH who="1" ten="300,124,341,225" step="2"/><V56/><F56/><W113/><G113/><T35/><D25/><U72/><E72/><V43/><F43/><W66/><G66/><T112/><D112/><U135/><E135/><V49/><F49/><W23/><REACH who="3" step="1"/><G19/><REACH who="3" ten="300,124,341,215" step="2"/><T88/><D7/><U55/><E55/><AGARI ba="0,2" hai="21,23,36,37,38,46,50,55,77,82,86,87,90,95" machi="55" ten="40,7700,0" yaku="1,1,2,1,53,1" doraHai="31" doraHaiUra="45" who="3" fromWho="1" sc="300,0,124,-77,341,0,215,97" /><INIT seed="3,1,0,0,5,18" ten="300,47,341,312" oya="3" hai0="25,74,16,24,87,5,122,54,131,111,9,2,35" hai1="64,103,89,116,80,50,119,17,120,45,57,48,115" hai2="58,23,70,133,62,55,124,108,0,84,43,52,60" hai3="95,65,19,126,7,49,121,73,96,94,30,90,127"/><W132/><G121/><T102/><D74/><U110/><E120/><V1/><F108/><W68/><G132/><T31/><D122/><U33/><E115/><V81/><F133/><W83/><G30/><N who="0" m="19911" /><D54/><U107/><E110/><V22/><F124/><N who="3" m="47659" /><G7/><T46/><D87/><N who="1" m="50407" /><E33/><V11/><F43/><W21/><G49/><T113/><D46/><U36/><E103/><V134/><F134/><W12/><G94/><T26/><D102/><U128/><E107/><V114/><F114/><W85/><G73/><T34/><D113/><U38/><E128/><V41/><F41/><W3/><G3/><T20/><D111/><U44/><E17/><V106/><F106/><W67/><G68/><T105/><D105/><U10/><E10/><V15/><F0/><W53/><G53/><N who="2" m="20553" /><F1/><W98/><G98/><T72/><D72/><U27/><E27/><V117/><F70/><W51/><G51/><N who="1" m="19498" /><E36/><V66/><F117/><N who="1" m="45129" /><E38/><V56/><F56/><W76/><AGARI ba="1,0" hai="12,19,21,65,67,76,83,85,90,95,96" m="47659" machi="76" ten="30,3000,0" yaku="18,1,52,1" doraHai="18" who="3" fromWho="3" sc="300,-11,47,-11,341,-11,312,33" /><INIT seed="3,2,0,0,5,45" ten="289,36,330,345" oya="3" hai0="36,84,108,40,23,48,93,76,134,124,118,110,121" hai1="28,111,60,20,75,65,67,120,30,81,113,56,80" hai2="46,22,94,42,105,107,82,27,74,117,114,85,83" hai3="115,34,77,29,12,9,71,79,128,16,35,57,69"/><W123/><G115/><T53/><D121/><U98/><E120/><V11/><F114/><W99/><G128/><T5/><D118/><U68/><E113/><V15/><F117/><W14/><G123/><T50/><D36/><U2/><E111/><N who="0" m="42537" /><D134/><U18/><E2/><V116/><F74/><W58/><G99/><T91/><D124/><U70/><E98/><V100/><F116/><W38/><G38/><T37/><D5/><U61/><E56/><V62/><F62/><W1/><G1/><T26/><D76/><U87/><E75/><V119/><F119/><W133/><G9/><T86/><D86/><U43/><E43/><V92/><F105/><W17/><REACH who="3" step="1"/><G29/><REACH who="3" ten="289,36,330,335" step="2"/><T6/><D37/><U106/><E106/><V90/><F107/><W19/><G19/><N who="0" m="12671" /><D6/><U64/><E64/><V32/><F11/><W127/><G127/><T122/><D122/><U47/><E30/><V89/><F100/><W49/><G49/><N who="0" m="19051" /><D40/><U104/><E28/><V66/><F42/><W51/><G51/><T39/><D39/><U24/><E47/><V126/><F126/><W33/><G33/><T130/><D53/><U129/><E129/><AGARI ba="2,1" hai="84,91,93,129,130" m="19051,12671,42537" machi="129" ten="30,7700,0" yaku="14,1,52,3" doraHai="45" who="0" fromWho="1" sc="289,93,36,-83,330,0,335,0" owari="382,48.0,-47,-55.0,330,-7.0,335,14.0" /></mjloggm>