<mjloggm ver="2.3"><GO type="185" lobby="0"/><UN n0="%6E%69%6B%6F%6C%75%30%33" n1="%E3%82%84%E3%81%BE%E3%81%8B%E3%81%84" n2="%EF%BC%9D%E4%BC%8A%E8%97%A4%E3%81%8B%E3%81%AA%E6%81%B5%EF%BC%9D" n3="" dan="17,17,18,0" rate="2271.09,2246.08,2311.57,1500.00" sx="M,M,F,C"/><TAIKYOKU oya="0"/><INIT seed="0,0,0,5,5,104" ten="350,350,350,0" oya="0" hai0="118,93,133,112,43,64,33,80,38,101,100,1,42" hai1="72,44,34,132,32,77,94,54,73,115,97,46,127" hai2="122,71,48,66,55,134,107,74,96,75,116,121,95" hai3=""/><T63/><D118/><U52/><E127/><V105/><N who="2" m="31008" /><V88/><N who="2" m="31264" /><V106/><F116/><T39/><D112/><U81/><E115/><V128/><F128/><T131/><D33/><U47/><E132/><V69/><F134/><T76/><D133/><U67/><E67/><V92/><F92/><T61/><D1/><U86/><E34/><V3/><F3/><T70/><D131/><U126/><E126/><V58/><REACH who="2" step="1"/><F66/><REACH who="2" ten="350,350,340,0" step="2"/><T84/><D93/><U35/><E35/><V98/><F98/><T89/><D64/><U129/><E129/><V82/><F82/><T130/><D130/><U62/><E32/><V2/><F2/><T123/><N who="0" m="31520" /><T108/><D80/><U56/><REACH who="1" step="1"/><E54/><REACH who="1" ten="350,340,340,0" step="2"/><V109/><F109/><T37/><D108/><U87/><E87/><V103/><F103/><AGARI ba="0,2" hai="44,46,47,52,56,62,72,73,77,81,86,94,97,103" machi="103" ten="40,12000,2" yaku="1,1,52,2,54,1,53,3" doraHai="104" doraHaiUra="41" who="1" fromWho="2" sc="350,0,340,140,340,-120,0,0" /><INIT seed="1,0,0,1,2,65" ten="350,480,220,0" oya="1" hai0="105,88,110,54,55,44,126,87,111,60,97,74,123" hai1="84,112,50,103,53,122,49,70,134,135,93,94,40" hai2="114,64,115,33,85,45,34,63,125,73,47,0,108" hai3=""/><U100/><N who="1" m="31264" /><U98/><E112/><V121/><N who="2" m="31008" /><V59/><F73/><T116/><N who="0" m="31520" /><T68/><D74/><U32/><E32/><V52/><F0/><T39/><D126/><U77/><E77/><V42/><F125/><T92/><D116/><U128/><E128/><V78/><F108/><N who="0" m="41514" /><D39/><U95/><E40/><V51/><F34/><T37/><D37/><U120/><N who="1" m="30752" /><U132/><E70/><V117/><F117/><T104/><D44/><U58/><E50/><V90/><F78/><T67/><D105/><U76/><E98/><V62/><F33/><T109/><D109/><U48/><E48/><V36/><REACH who="2" step="1"/><F62/><REACH who="2" ten="350,480,210,0" step="2"/><T118/><D118/><U79/><E79/><V38/><F38/><T129/><D129/><U61/><E61/><V101/><F101/><AGARI ba="0,1" hai="54,55,60,67,68,87,88,92,97,101,104" m="41514,31520" machi="101" ten="30,7700,0" yaku="14,1,52,2,54,1" doraHai="65" who="0" fromWho="2" sc="350,87,480,0,210,-77,0,0" /><INIT seed="2,0,0,3,2,57" ten="437,480,133,0" oya="2" hai0="69,112,75,108,87,64,60,42,36,47,70,129,109" hai1="44,77,59,74,104,82,53,121,118,63,99,107,65" hai2="90,32,49,92,133,43,88,130,72,62,81,34,115" hai3=""/><V131/><F115/><T116/><D75/><U124/><N who="1" m="31008" /><U95/><E124/><V97/><F133/><T55/><D116/><U68/><E44/><V51/><F43/><T96/><D112/><U79/><E79/><V126/><F126/><T38/><D129/><N who="2" m="49162" /><F62/><T56/><D38/><U83/><E83/><V106/><F106/><T78/><D96/><U40/><E40/><V71/><F71/><T58/><D78/><U98/><E118/><V123/><N who="2" m="31520" /><V91/><F72/><T66/><D66/><U117/><E117/><V61/><F61/><T80/><D70/><U50/><REACH who="1" step="1"/><E99/><REACH who="1" ten="437,470,133,0" step="2"/><V111/><F111/><T41/><D109/><U84/><E84/><V120/><N who="2" m="30752" /><V1/><F1/><T128/><D108/><U113/><E113/><V39/><F39/><T100/><D128/><U94/><E94/><V2/><F2/><T122/><N who="0" m="31264" /><T37/><D42/><U119/><E119/><V35/><F81/><T46/><D37/><U3/><E3/><V48/><AGARI ba="0,1" hai="32,34,35,48,49,51,88,90,91,92,97" m="30752,31520,49162" machi="48" ten="40,8000,1" yaku="19,1,52,2,54,1" doraHai="57" who="2" fromWho="2" sc="437,-40,470,-40,133,90,0,0" /><INIT seed="2,1,0,5,4,104" ten="397,430,223,0" oya="2" hai0="60,3,88,119,40,50,2,108,90,65,105,131,117" hai1="103,53,78,95,64,55,130,134,92,51,70,44,59" hai2="133,68,122,110,93,120,98,106,79,35,116,43,69" hai3=""/><V1/><N who="2" m="30752" /><V63/><N who="2" m="31264" /><V123/><N who="2" m="31520" /><V121/><N who="2" m="31008" /><V111/><F116/><T56/><D105/><U48/><E78/><V54/><F35/><T34/><D34/><U82/><E82/><V126/><F1/><T109/><D131/><U80/><E80/><V75/><F106/><T71/><D119/><U38/><E38/><V107/><F107/><T125/><D117/><U129/><E134/><V58/><F133/><T89/><D125/><U128/><E103/><V96/><F126/><T36/><D36/><U39/><E39/><V94/><F43/><T84/><D84/><U72/><E72/><V132/><F132/><T77/><D77/><U67/><E70/><V101/><F75/><T47/><REACH who="0" step="1"/><D71/><REACH who="0" ten="387,430,223,0" step="2"/><U57/><E130/><V127/><F127/><T135/><D135/><U74/><E74/><V0/><F79/><T114/><D114/><U76/><E76/><V113/><F113/><T46/><D46/><AGARI ba="1,1" hai="44,46,48,51,53,55,57,59,64,67,92,95,128,129" machi="46" ten="25,1600,0" yaku="22,2" doraHai="104" who="1" fromWho="0" sc="387,-18,430,28,223,0,0,0" /><INIT seed="4,0,0,0,3,3" ten="369,458,223,0" oya="0" hai0="69,120,75,85,55,58,73,52,93,44,128,129,114" hai1="66,62,50,61,48,91,88,78,47,36,121,82,90" hai2="0,89,53,124,84,111,118,51,49,100,37,126,64" hai3=""/><T46/><N who="0" m="30752" /><T119/><D119/><U39/><N who="1" m="31008" /><U105/><E105/><V38/><F111/><T43/><D69/><U95/><E95/><V134/><F0/><T104/><D104/><U45/><E50/><V115/><F118/><T108/><D114/><U54/><E47/><V113/><F100/><T132/><D108/><U2/><E2/><V87/><F64/><T127/><D127/><N who="2" m="48682" /><F51/><T57/><D132/><U33/><E33/><V77/><F87/><T80/><D93/><U131/><E131/><N who="0" m="50249" /><D58/><U106/><E106/><V34/><F77/><T72/><D57/><U67/><E67/><V1/><F134/><T65/><D65/><U63/><REACH who="1" step="1"/><E66/><REACH who="1" ten="369,448,223,0" step="2"/><V123/><N who="2" m="31520" /><V97/><F1/><T135/><D135/><U71/><E71/><V40/><F34/><T125/><D125/><U70/><E70/><V74/><F115/><T32/><D32/><U56/><E56/><V103/><F113/><T133/><D133/><U130/><E130/><V99/><F49/><T107/><D107/><U76/><E76/><V59/><F59/><T101/><D46/><U86/><AGARI ba="0,1" hai="36,39,45,48,54,61,62,63,78,82,86,88,90,91" m="31008" machi="86" ten="30,5900,0" yaku="1,1,0,1,52,1,54,1,53,0" doraHai="3" doraHaiUra="110" who="1" fromWho="1" sc="369,-39,448,69,223,-20,0,0" /><INIT seed="5,0,0,0,1,89" ten="330,517,203,0" oya="1" hai0="68,63,54,126,65,95,131,112,113,94,85,96,73" hai1="32,115,120,111,119,104,66,83,110,134,48,128,97" hai2="51,45,122,118,79,88,91,77,38,70,37,116,127" hai3=""/><U102/><N who="1" m="30752" /><U43/><E32/><V86/><N who="2" m="31264" /><V114/><F70/><T52/><D73/><U99/><E119/><V72/><F72/><T1/><D1/><U92/><E128/><V135/><F135/><T107/><D107/><U67/><E83/><V125/><F51/><T56/><D131/><U53/><E43/><V78/><F114/><N who="0" m="44138" /><D126/><N who="2" m="48138" /><F45/><T41/><D41/><U2/><E134/><V105/><F105/><T81/><D96/><U46/><E2/><V0/><F0/><T76/><D54/><U75/><E75/><V62/><F62/><AGARI ba="0,0" hai="52,56,62,63,65,68,76,81,85,94,95" m="44138" machi="62" ten="30,7700,0" yaku="15,1,52,2,54,1" doraHai="89" who="0" fromWho="2" sc="330,77,517,0,203,-77,0,0" /><INIT seed="6,0,0,3,1,39" ten="407,517,126,0" oya="2" hai0="126,120,106,134,132,107,78,33,72,105,135,102,119" hai1="116,131,95,128,73,70,88,51,55,58,32,109,41" hai2="57,118,68,1,52,112,37,130,81,84,48,49,98" hai3=""/><V97/><F37/><T111/><N who="0" m="30752" /><T66/><D33/><U86/><E109/><V3/><F118/><T82/><D66/><U75/><E32/><V108/><F108/><T2/><D2/><U38/><E70/><V125/><F68/><T124/><D111/><U115/><E115/><V46/><F112/><T60/><D60/><U50/><E38/><V103/><F125/><N who="0" m="48234" /><D119/><U74/><E116/><V99/><F130/><N who="1" m="49705" /><E41/><V80/><F80/><T47/><D47/><U44/><E44/><V59/><F103/><T114/><D102/><U133/><E133/><V127/><F127/><T76/><D78/><U94/><E51/><V90/><REACH who="2" step="1"/><F59/><REACH who="2" ten="407,517,116,0" step="2"/><T63/><D114/><U91/><E73/><V123/><N who="2" m="31520" /><V101/><F101/><T104/><D72/><U36/><E36/><V83/><F83/><T87/><N who="0" m="26624" /><DORA hai="65" /><T40/><D135/><U56/><E56/><V129/><F129/><T34/><D134/><U54/><E75/><V64/><F64/><T35/><D132/><U117/><E74/><V42/><AGARI ba="0,1" hai="1,3,42,46,48,49,52,57,81,84,90,97,98,99" m="31520" machi="42" ten="30,16000,3" yaku="1,1,0,1,52,2,54,1,53,3" doraHai="39,65" doraHaiUra="92,89" who="2" fromWho="2" sc="407,-80,517,-80,116,170,0,0" /><INIT seed="6,1,0,4,4,92" ten="327,437,286,0" oya="2" hai0="50,131,83,61,55,72,40,77,94,44,70,48,73" hai1="135,118,42,38,49,112,129,79,58,32,130,41,47" hai2="80,99,108,60,35,106,105,59,33,122,107,34,64" hai3=""/><V111/><N who="2" m="31264" /><V39/><F39/><T133/><D131/><N who="1" m="50187" /><E112/><V36/><F36/><T113/><D113/><U128/><E135/><V116/><F116/><T62/><D133/><U103/><E118/><V104/><REACH who="2" step="1"/><F80/><REACH who="2" ten="327,437,276,0" step="2"/><T81/><D81/><U87/><E128/><V69/><F69/><T84/><D70/><U74/><E38/><V114/><F114/><T124/><D124/><U134/><E134/><V123/><N who="2" m="31520" /><V120/><N who="2" m="30752" /><V75/><F75/><T86/><D73/><U85/><E74/><V78/><F78/><T117/><D117/><U46/><E79/><V115/><F115/><T76/><D76/><U66/><E32/><V119/><F119/><T82/><D72/><U96/><E87/><V53/><F53/><T0/><D83/><U125/><E85/><V45/><F45/><T102/><D86/><U67/><E47/><V127/><F127/><T121/><N who="0" m="31008" /><T51/><D55/><U68/><E46/><V56/><F56/><T3/><D44/><U95/><E125/><V63/><F63/><T91/><D77/><U1/><E68/><V89/><F89/><T88/><D91/><U97/><E58/><V65/><F65/><T37/><D37/><U101/><E66/><V132/><F132/><RYUUKYOKU ba="1,1" sc="327,-10,437,-10,276,20,0,0" hai2="33,34,35,59,60,64,99,104,105,106,107,108,111" /><INIT seed="6,2,1,3,5,70" ten="317,427,296,0" oya="2" hai0="121,112,38,48,133,60,92,97,108,79,94,67,63" hai1="80,83,74,124,64,72,88,54,66,98,3,44,114" hai2="135,84,110,75,57,113,36,76,82,33,102,131,46" hai3=""/><V50/><F33/><T65/><N who="0" m="31008" /><T116/><D108/><U69/><E3/><V101/><F110/><T90/><D116/><U123/><N who="1" m="31520" /><U43/><E54/><V132/><F113/><T130/><D112/><U41/><E114/><V32/><F32/><T51/><D38/><U103/><E124/><V53/><F75/><T122/><N who="0" m="31264" /><T58/><D130/><U73/><E43/><V56/><F131/><T86/><D133/><N who="2" m="51274" /><F57/><T45/><D45/><U59/><E59/><V111/><F111/><T81/><D94/><U129/><E129/><V126/><F126/><T49/><D49/><U128/><E128/><V68/><F68/><AGARI ba="2,1" hai="48,51,58,60,63,65,67,68,79,81,86,90,92,97" m="31264,31008" machi="68" ten="30,3900,0" yaku="7,1,52,2" doraHai="70" who="0" fromWho="2" sc="317,53,427,0,296,-43,0,0" owari="370,-3.0,427,38.0,253,-35.0,0,0.0" /></mjloggm>