<mjloggm ver="2.3"><GO type="169" lobby="0"/><UN n0="%67%61%70%61%6F" n1="%E5%AE%89%E9%81%94%E3%81%95%E3%81%8F%E3%82%89" n2="%E3%83%A4%E3%83%9E%E3%83%80%E3%81%95%E3%82%93" n3="%E7%B4%A0%E6%99%B4%E3%82%89%E3%81%97%E3%81%8D%E6%97%A5%E3%80%85" dan="16,17,16,17" rate="2111.87,2188.20,2108.58,2139.21" sx="M,M,M,M"/><TAIKYOKU oya="0"/><INIT seed="0,0,0,3,5,68" ten="250,250,250,250" oya="0" hai0="35,14,15,133,58,120,6,123,124,114,37,97,70" hai1="43,103,134,78,65,79,72,45,55,104,8,117,88" hai2="9,113,19,115,111,53,108,38,21,30,39,42,11" hai3="119,121,0,50,47,95,20,80,61,77,99,7,60"/><T27/><D70/><U128/><E117/><V57/><F30/><W48/><G119/><T73/><D114/><U52/><E52/><V105/><BYE who="1" /><F105/><W135/><G121/><T100/><D73/><U85/><E85/><V16/><F42/><UN n1="%E5%AE%89%E9%81%94%E3%81%95%E3%81%8F%E3%82%89" /><W4/><G135/><T125/><D37/><U109/><E134/><V17/><F21/><W90/><G50/><T82/><D133/><U75/><E109/><N who="2" m="42059" /><F9/><W81/><G0/><T110/><D110/><U1/><E65/><V24/><F24/><W69/><G69/><T63/><D82/><U132/><E103/><V26/><F26/><W74/><G80/><T89/><D89/><U93/><E79/><V92/><F92/><W10/><G20/><T84/><D84/><U22/><E75/><V66/><F66/><W71/><G71/><T54/><D27/><U2/><E45/><V96/><F96/><W112/><G112/><N who="2" m="43081" /><F11/><W25/><G25/><T13/><D35/><U86/><E86/><V33/><F33/><W56/><G10/><T91/><D6/><U101/><E72/><V12/><F12/><W94/><G94/><N who="0" m="56543" /><D100/><U23/><E101/><V3/><F3/><W87/><G74/><T32/><D32/><U46/><E1/><V67/><F67/><N who="3" m="39303" /><G61/><AGARI ba="0,0" hai="16,17,19,38,39,53,57,61" m="43081,42059" machi="61" ten="40,8000,1" yaku="14,1,52,2,54,1" doraHai="68" who="2" fromWho="3" sc="250,0,250,0,250,80,250,-80" /><INIT seed="1,0,0,1,5,93" ten="250,250,330,170" oya="1" hai0="82,100,0,90,86,89,74,107,18,30,8,22,125" hai1="10,94,108,20,88,119,64,70,26,72,12,63,75" hai2="3,112,53,110,28,55,50,31,49,4,60,15,130" hai3="103,78,83,66,131,57,118,115,124,6,29,54,17"/><U77/><E119/><V7/><F3/><W132/><G118/><T52/><D125/><U37/><E37/><V67/><F110/><W46/><G115/><T36/><D36/><U13/><E108/><V92/><F130/><W101/><G131/><T111/><D74/><U71/><E71/><V39/><F67/><W21/><G124/><T68/><D68/><U84/><E77/><V79/><F60/><W40/><G132/><T81/><D111/><U97/><E84/><V58/><F39/><W16/><G29/><T38/><D38/><U99/><E99/><V69/><F79/><W106/><G106/><T48/><D30/><U5/><REACH who="1" step="1"/><E12/><REACH who="1" ten="250,240,330,170" step="2"/><V61/><F15/><N who="3" m="9375" /><G40/><T76/><D86/><U127/><E127/><V134/><BYE who="1" /><F31/><UN n1="%E5%AE%89%E9%81%94%E3%81%95%E3%81%8F%E3%82%89" /><W80/><G78/><T35/><D76/><U91/><E91/><V113/><F69/><W120/><G120/><T104/><D90/><U121/><E121/><V98/><F113/><W135/><G101/><T9/><D89/><U87/><E87/><V73/><F112/><W44/><G103/><T122/><D100/><U42/><E42/><V45/><F28/><W27/><G135/><T43/><D43/><U85/><E85/><V96/><F134/><W33/><G83/><T129/><D122/><U62/><E62/><V117/><F61/><W25/><G80/><T11/><D81/><U24/><E24/><V19/><F117/><W1/><G27/><T34/><D82/><U41/><E41/><V105/><F98/><W23/><G25/><N who="0" m="14551" /><D0/><U56/><E56/><V65/><F96/><W123/><G1/><T2/><D2/><RYUUKYOKU ba="0,1" sc="250,-10,240,30,330,-10,170,-10" hai1="5,10,13,20,26,63,64,70,72,75,88,94,97" /><INIT seed="1,1,1,0,1,22" ten="240,270,320,160" oya="1" hai0="68,100,34,75,23,116,59,81,33,51,112,16,37" hai1="78,40,134,105,110,114,106,76,119,15,127,129,63" hai2="32,104,130,120,107,90,26,122,3,88,94,29,25" hai3="97,128,108,48,93,58,35,117,84,113,49,6,31"/><U80/><E114/><V55/><F3/><W98/><G113/><T54/><D116/><U61/><E119/><V121/><F130/><W52/><G117/><T39/><D112/><U10/><E129/><V28/><F55/><W102/><G128/><T30/><D68/><U79/><E134/><V67/><F67/><W132/><G132/><T131/><D100/><U109/><E80/><V13/><F13/><W74/><G74/><T60/><D131/><U82/><E82/><V2/><F2/><W85/><G108/><N who="1" m="41578" /><E40/><V66/><F66/><W11/><G98/><T77/><D60/><N who="1" m="23115" /><E127/><V21/><REACH who="2" step="1"/><F90/><REACH who="2" ten="240,270,310,160" step="2"/><W87/><G49/><T62/><D51/><U45/><E45/><V36/><F36/><W133/><G133/><T124/><D124/><U89/><E89/><V7/><F7/><AGARI ba="1,2" hai="7,10,15,76,78,79,105,106" m="23115,41578" machi="7" ten="30,2900,0" yaku="14,1,10,1" doraHai="22" who="1" fromWho="2" sc="240,0,270,52,310,-32,160,0" /><INIT seed="1,2,0,0,0,73" ten="240,322,278,160" oya="1" hai0="12,129,122,2,130,104,32,27,26,128,30,94,84" hai1="115,78,69,62,81,5,121,16,43,7,56,42,48" hai2="72,46,23,88,124,60,133,24,36,51,102,79,91" hai3="41,93,99,86,65,101,58,49,119,90,118,13,63"/><U25/><E115/><V120/><F120/><W123/><G123/><T116/><D122/><U112/><E112/><V127/><F36/><W68/><G13/><T76/><D2/><U9/><E121/><V134/><F60/><W11/><G11/><T6/><D104/><U108/><E108/><V18/><F102/><W126/><G126/><N who="2" m="48169" /><F72/><W53/><REACH who="3" step="1"/><G41/><REACH who="3" ten="240,322,278,150" step="2"/><T107/><D12/><U87/><E42/><V31/><F134/><W57/><G57/><T131/><D129/><U45/><E69/><V39/><F133/><W109/><G109/><T105/><D128/><U0/><E0/><V22/><F46/><W55/><G55/><T80/><D130/><U96/><E9/><V114/><F114/><W77/><G77/><T74/><D131/><U28/><E96/><V75/><F79/><W44/><G44/><T10/><D10/><U111/><E111/><V125/><F125/><W37/><G37/><T15/><D15/><U35/><REACH who="1" step="1"/><E16/><REACH who="1" ten="240,312,278,150" step="2"/><V61/><F18/><W1/><G1/><T52/><D6/><U106/><E106/><AGARI ba="2,2" hai="49,53,58,63,65,68,86,90,93,99,101,106,118,119" machi="106" ten="40,1300,0" yaku="1,1,53,0" doraHai="73" doraHaiUra="71" who="3" fromWho="1" sc="240,0,312,-19,278,0,150,39" /><INIT seed="2,0,0,3,3,31" ten="240,293,278,189" oya="2" hai0="59,127,20,43,82,72,15,10,86,80,106,130,89" hai1="69,12,133,122,25,48,16,38,41,54,67,84,70" hai2="91,118,87,135,132,11,73,29,83,121,64,107,39" hai3="105,24,13,115,45,117,33,46,104,36,97,108,4"/><V28/><F39/><W8/><G117/><T61/><D127/><U103/><E133/><N who="2" m="51275" /><F107/><W34/><G108/><T60/><D106/><U44/><E122/><V90/><F118/><W71/><G71/><T68/><D130/><U63/><E103/><V129/><F73/><W123/><G123/><T30/><D43/><U21/><E70/><V126/><F121/><W74/><G74/><T94/><D68/><U66/><E66/><V81/><F64/><W88/><G105/><T9/><D61/><U112/><E112/><V7/><F126/><W98/><G115/><T40/><D40/><U22/><E84/><N who="2" m="50447" /><F129/><W102/><G24/><N who="0" m="16647" /><D72/><U55/><REACH who="1" step="1"/><E38/><REACH who="1" ten="240,283,278,189" step="2"/><V99/><F99/><W35/><REACH who="3" step="1"/><G36/><REACH who="3" ten="240,283,278,179" step="2"/><T100/><D86/><U3/><E3/><AGARI ba="0,2" hai="3,7,11,28,29,83,87,91" m="50447,51275" machi="3" ten="30,1500,0" yaku="20,1" doraHai="31" who="2" fromWho="1" sc="240,0,283,-15,278,35,179,0" /><INIT seed="2,1,0,0,3,92" ten="240,268,313,179" oya="2" hai0="117,124,129,29,16,133,63,22,119,47,38,76,7" hai1="51,61,45,130,60,56,100,5,3,98,128,113,106" hai2="6,125,12,21,127,70,2,26,131,90,64,99,85" hai3="87,94,46,71,78,18,79,14,73,108,9,28,77"/><V36/><F36/><W95/><G71/><T25/><D129/><N who="1" m="49771" /><E113/><V123/><F2/><W11/><G73/><T54/><D133/><U134/><E134/><V68/><F123/><W107/><G107/><T44/><D124/><U48/><E56/><V112/><F112/><W93/><G108/><T19/><D7/><U10/><E51/><V120/><F120/><W27/><G46/><T66/><D76/><U102/><E100/><V31/><F64/><W40/><G40/><AGARI ba="1,0" hai="3,5,10,40,45,48,60,61,98,102,106" m="49771" machi="40" ten="30,2000,0" yaku="19,1,52,1" doraHai="92" who="1" fromWho="3" sc="240,0,268,23,313,0,179,-23" /><INIT seed="3,0,0,5,2,22" ten="240,291,313,156" oya="3" hai0="58,41,64,4,57,33,127,50,81,66,13,77,2" hai1="27,1,126,49,115,68,128,120,25,82,93,47,135" hai2="34,70,45,110,51,83,40,75,11,53,87,62,130" hai3="48,20,21,31,55,116,9,78,46,124,35,23,0"/><W3/><G116/><T52/><D33/><U125/><E120/><V61/><F75/><W43/><G124/><N who="1" m="47722" /><E115/><V74/><F74/><W89/><G78/><T14/><D127/><U90/><E1/><V99/><F70/><W119/><G119/><T36/><D36/><U117/><E117/><V72/><F34/><W6/><G0/><T7/><D41/><N who="1" m="24815" /><E68/><V97/><F72/><W56/><G89/><T5/><D2/><U101/><E135/><V104/><F104/><W118/><G118/><T26/><D26/><N who="1" m="9739" /><E128/><V109/><F130/><W92/><G92/><T67/><D58/><U96/><E82/><V71/><F83/><W39/><REACH who="3" step="1"/><G35/><REACH who="3" ten="240,291,313,146" step="2"/><T12/><D81/><U69/><E69/><V85/><F71/><W98/><G98/><T134/><D134/><U103/><AGARI ba="0,1" hai="90,93,96,101,103" m="9739,24815,47722" machi="103" ten="30,7900,0" yaku="18,1,52,3" doraHai="22" who="1" fromWho="1" sc="240,-20,291,89,313,-20,146,-39" /><INIT seed="4,0,0,2,0,5" ten="220,380,293,107" oya="0" hai0="69,23,51,115,75,33,17,45,64,72,89,7,18" hai1="42,60,126,21,50,113,9,132,40,19,39,112,59" hai2="44,86,52,15,88,0,135,41,8,76,131,96,56" hai3="124,130,49,84,121,118,67,74,10,90,34,62,101"/><T129/><D115/><N who="1" m="44107" /><E132/><V30/><F0/><W36/><G34/><T12/><D33/><U103/><E126/><V54/><F135/><W24/><G124/><T58/><D7/><U22/><E39/><V134/><F30/><W85/><G121/><T91/><D129/><U27/><E103/><V125/><F125/><W93/><G118/><T47/><D69/><U46/><E42/><V108/><F108/><W117/><G117/><T68/><D68/><U109/><E109/><V25/><F25/><W102/><G74/><T35/><D35/><U95/><E95/><N who="2" m="56423" /><F131/><W120/><G36/><T6/><D6/><U133/><E133/><V104/><F104/><W105/><G130/><T97/><D72/><U111/><E111/><V119/><F119/><W123/><G105/><T11/><D75/><U73/><E73/><V114/><F134/><W2/><G120/><T66/><D47/><U28/><E28/><V53/><F44/><W98/><G123/><T63/><D66/><N who="1" m="39199" /><E27/><V65/><F41/><W80/><G24/><N who="0" m="14447" /><D97/><U57/><E57/><V55/><F65/><W82/><G49/><T70/><D70/><U20/><E20/><V127/><F127/><W116/><G116/><T4/><D4/><U13/><AGARI ba="0,0" hai="9,13,19,21,22,40,46,50" m="39199,44107" machi="13" ten="30,4000,0" yaku="15,1,11,1,52,1" doraHai="5" who="1" fromWho="1" sc="220,-20,380,40,293,-10,107,-10" /><INIT seed="5,0,0,4,0,25" ten="200,420,283,97" oya="1" hai0="35,89,29,56,112,132,34,48,101,30,37,131,3" hai1="135,39,115,64,10,51,27,117,28,58,19,1,85" hai2="119,103,63,45,33,67,13,44,104,87,96,57,109" hai3="5,102,76,55,69,14,2,111,11,90,134,88,98"/><U114/><E117/><V46/><F109/><W54/><G111/><T8/><D37/><U99/><E39/><V17/><F33/><W92/><G69/><T81/><D101/><U16/><E135/><V86/><REACH who="2" step="1"/><F119/><REACH who="2" ten="200,420,273,97" step="2"/><W65/><G134/><T120/><D35/><U129/><E115/><V72/><F72/><W66/><G76/><T40/><D34/><U68/><E114/><V108/><F108/><W75/><G75/><T94/><D132/><U95/><E129/><V105/><F105/><W9/><G66/><T93/><D131/><U130/><E130/><V128/><F128/><W60/><G65/><T83/><D112/><U23/><E64/><V124/><F124/><W71/><G71/><T133/><D133/><U42/><E68/><V38/><F38/><W84/><G60/><T123/><D123/><U126/><E126/><V106/><F106/><W32/><G32/><T121/><D121/><U62/><E62/><V100/><F100/><W53/><REACH who="3" step="1"/><G84/><REACH who="3" ten="200,420,273,87" step="2"/><T79/><D120/><U52/><E85/><V49/><F49/><W113/><G113/><T47/><D48/><U41/><E51/><V6/><F6/><AGARI ba="0,2" hai="2,5,6,9,11,14,53,54,55,88,90,92,98,102" machi="6" ten="40,2600,0" yaku="1,1,54,1,53,0" doraHai="25" doraHaiUra="59" who="3" fromWho="2" sc="200,0,420,0,273,-26,87,46" /><INIT seed="6,0,0,1,0,81" ten="200,420,247,133" oya="2" hai0="130,21,111,0,86,19,46,44,90,15,12,122,104" hai1="70,36,52,8,45,24,25,48,82,13,53,2,101" hai2="54,135,114,83,115,27,11,61,34,108,131,107,1" hai3="35,72,110,38,73,125,102,58,3,80,84,85,32"/><V14/><F107/><W55/><G38/><T31/><D111/><U92/><E2/><V133/><F54/><W30/><G110/><T40/><D0/><U63/><E36/><V10/><F61/><W76/><G3/><T20/><D130/><U113/><E113/><N who="2" m="43019" /><F108/><W66/><G66/><T37/><D104/><U93/><E70/><V112/><F112/><W26/><G35/><T29/><D122/><U69/><E69/><V50/><F50/><W65/><G65/><T88/><D46/><U56/><E82/><V18/><F83/><W39/><G39/><T75/><D75/><U99/><E93/><V47/><F47/><W128/><G128/><T41/><D41/><U100/><E100/><V103/><F103/><W42/><G42/><T121/><D121/><U117/><E117/><V59/><F59/><W4/><G4/><AGARI ba="0,0" hai="4,8,13,24,25,45,48,52,53,56,63,92,99,101" machi="4" ten="30,3900,0" yaku="7,1,8,1,54,1" doraHai="81" who="1" fromWho="3" sc="200,0,420,39,247,0,133,-39" /><INIT seed="7,0,0,4,1,74" ten="200,459,247,94" oya="3" hai0="63,67,86,42,77,78,111,48,7,129,79,96,34" hai1="4,30,58,60,107,40,106,93,126,44,36,66,31" hai2="41,98,104,43,55,130,82,3,88,25,54,1,11" hai3="133,57,118,109,117,15,52,120,27,16,21,131,81"/><W46/><G120/><T124/><D34/><U71/><E126/><V17/><F104/><W112/><G131/><T62/><D111/><U114/><E114/><V119/><F1/><W92/><G112/><T65/><D124/><U134/><E134/><V32/><F3/><W23/><G133/><T85/><D7/><U53/><E4/><V56/><F32/><W80/><G109/><T64/><D96/><U128/><E128/><V115/><F119/><W87/><G46/><N who="0" m="25687" /><D129/><U50/><E93/><N who="2" m="56615" /><F115/><W0/><G0/><T8/><D8/><U2/><E2/><V70/><F70/><W123/><G123/><T69/><D69/><U105/><AGARI ba="0,0" hai="30,31,36,40,44,50,53,58,60,66,71,105,106,107" machi="105" ten="30,4000,0" yaku="0,1,24,2" doraHai="74" who="1" fromWho="1" sc="200,-10,459,40,247,-10,94,-20" owari="190,-21.0,499,60.0,237,4.0,74,-43.0" /></mjloggm>