<mjloggm ver="2.3"><GO type="169" lobby="0"/><UN n0="%E9%9B%80%E8%8D%98%E4%B8%AD%E5%B7%9D" n1="%72%61%69%72%75%40%54%4B" n2="%E3%83%99%E3%82%B8%E2%80%95%E3%82%BF" n3="%E3%81%8D%E3%81%BF%E3%81%A9%E3%82%8A%E3%82%93" dan="17,17,16,17" rate="2206.59,2192.46,2137.82,2177.75" sx="M,M,M,F"/><TAIKYOKU oya="0"/><INIT seed="0,0,0,0,4,91" ten="250,250,250,250" oya="0" hai0="88,78,56,49,37,112,27,55,33,123,110,39,69" hai1="22,23,135,77,65,17,118,70,79,121,128,99,16" hai2="90,47,111,8,89,34,40,95,6,21,43,46,64" hai3="129,62,50,113,119,18,4,71,45,109,24,126,100"/><T59/><D112/><U0/><E121/><V83/><F111/><W63/><G113/><T108/><D123/><U72/><E118/><V82/><F64/><W116/><G4/><T68/><D78/><U28/><E135/><V81/><F34/><W20/><G109/><N who="0" m="42091" /><D33/><U67/><E0/><V48/><F21/><N who="1" m="7689" /><E70/><N who="0" m="27241" /><D27/><U76/><E72/><V101/><F101/><W106/><G24/><T25/><D25/><U31/><E128/><V26/><F26/><W105/><G129/><T120/><D120/><U117/><E99/><V12/><REACH who="2" step="1"/><F95/><REACH who="2" ten="250,250,240,250" step="2"/><W114/><G71/><T29/><D29/><N who="1" m="11339" /><E117/><V94/><F94/><W134/><G106/><T41/><D41/><U61/><E61/><V92/><F92/><W9/><G105/><T122/><D122/><U93/><E93/><V73/><F73/><W133/><G100/><T84/><D84/><U2/><E2/><V60/><F60/><W57/><G63/><N who="0" m="36255" /><D88/><U52/><E52/><AGARI ba="0,1" hai="37,39,49,52,59" m="36255,27241,42091" machi="52" ten="30,12000,1" yaku="14,1,10,1,34,2,54,1" doraHai="91" who="0" fromWho="1" sc="250,130,250,-120,240,0,250,0" /><INIT seed="0,1,0,1,2,61" ten="380,130,240,250" oya="0" hai0="46,71,81,65,3,83,97,54,126,68,16,62,50" hai1="82,69,37,19,79,21,105,133,76,116,104,53,84" hai2="44,77,52,41,64,7,106,117,134,30,51,74,63" hai3="22,135,66,127,15,26,128,59,42,90,28,89,6"/><T29/><D3/><U11/><E116/><V17/><F106/><W57/><G135/><T113/><D113/><U47/><E133/><V103/><F103/><W60/><G128/><T91/><D29/><U119/><E119/><V85/><F74/><W110/><G110/><T93/><D126/><U124/><E69/><V108/><F108/><W78/><G127/><T4/><D4/><U99/><E124/><V8/><F134/><W23/><G42/><T125/><D125/><U20/><E79/><V107/><F107/><W1/><G1/><T87/><D71/><U40/><E99/><V58/><F30/><W25/><G59/><T75/><D75/><U73/><E73/><V38/><F17/><W27/><G78/><T120/><D120/><U13/><E21/><N who="3" m="7690" /><G28/><T34/><D34/><U35/><E35/><V109/><F109/><W18/><G6/><T45/><D16/><U55/><E55/><V121/><F117/><W86/><G86/><T32/><D32/><U123/><E123/><V80/><F121/><W0/><G0/><T88/><REACH who="0" step="1"/><D46/><REACH who="0" ten="370,130,240,250" step="2"/><U9/><E20/><AGARI ba="1,1" hai="15,18,20,25,26,27,57,60,66,89,90" m="7690" machi="20" ten="30,2000,0" yaku="8,1,52,1" doraHai="61" who="3" fromWho="1" sc="370,0,130,-23,240,0,250,33" /><INIT seed="1,0,0,5,3,21" ten="370,107,240,283" oya="1" hai0="6,60,132,48,116,109,86,27,61,106,22,24,42" hai1="76,30,95,125,130,92,113,74,31,3,65,85,69" hai2="134,110,128,119,37,53,90,49,112,135,121,67,35" hai3="126,94,111,25,103,97,32,9,28,80,81,19,26"/><U104/><E104/><V100/><F35/><W123/><G123/><T58/><D116/><U13/><E113/><V34/><F34/><W127/><G111/><T36/><D106/><U115/><E115/><V29/><F112/><W117/><G117/><T124/><D36/><U1/><E74/><V56/><F119/><W75/><G75/><T2/><D109/><U133/><E13/><V131/><F29/><N who="1" m="10761" /><E65/><V78/><F78/><W93/><G94/><N who="1" m="35882" /><E69/><V87/><F100/><W43/><G43/><T77/><D6/><U129/><E133/><N who="2" m="50699" /><F110/><W83/><G9/><T23/><D124/><N who="3" m="47657" /><G81/><N who="0" m="47407" /><D2/><N who="1" m="523" /><E125/><V63/><F37/><W64/><G64/><N who="0" m="38935" /><D61/><U70/><E70/><N who="2" m="42367" /><F121/><W59/><G59/><T52/><D42/><U108/><E108/><V55/><F55/><W40/><G40/><T7/><D7/><U51/><E51/><V107/><F107/><W15/><G15/><T98/><D132/><U88/><E76/><V33/><F33/><W20/><AGARI ba="0,0" hai="19,20,25,26,28,32,80,83,93,97,103" m="47657" machi="20" ten="30,4000,0" yaku="18,1,52,2" doraHai="21" who="3" fromWho="3" sc="370,-10,107,-20,240,-10,283,40" /><INIT seed="2,0,0,1,2,39" ten="360,87,230,323" oya="2" hai0="103,96,91,18,100,40,4,28,125,73,106,47,131" hai1="105,69,124,44,8,126,74,46,26,10,99,72,17" hai2="70,60,2,120,7,62,97,37,41,88,115,1,51" hai3="77,53,101,34,130,13,114,64,30,93,89,54,56"/><V12/><F115/><W127/><G130/><T129/><D73/><N who="1" m="28267" /><E69/><V117/><F117/><W135/><G127/><N who="1" m="48682" /><E26/><V9/><F120/><W113/><G135/><T107/><D125/><U118/><E118/><V133/><F133/><W76/><G101/><N who="0" m="38987" /><D28/><U102/><E17/><V94/><F37/><W14/><G64/><T22/><D4/><U71/><E71/><V58/><F70/><W95/><G30/><T27/><D91/><U119/><E119/><V25/><F25/><W59/><G89/><T75/><D96/><U104/><E99/><V86/><F97/><W20/><G20/><T81/><D18/><U109/><E109/><V36/><F36/><W45/><REACH who="3" step="1"/><G45/><REACH who="3" ten="360,87,230,313" step="2"/><N who="1" m="17514" /><E102/><V98/><F98/><W57/><G57/><T0/><D22/><U61/><E61/><V11/><F62/><W52/><G52/><T85/><D47/><U67/><E67/><V87/><F60/><W80/><G80/><T128/><D81/><U65/><E65/><V90/><F58/><W63/><G63/><T123/><D131/><U132/><E132/><V108/><F90/><W32/><AGARI ba="0,1" hai="13,14,32,34,53,54,56,59,76,77,93,95,113,114" machi="32" ten="25,6400,0" yaku="1,1,0,1,22,2,53,0" doraHai="39" doraHaiUra="23" who="3" fromWho="3" sc="360,-16,87,-16,230,-32,313,74" /><INIT seed="3,0,0,3,2,89" ten="344,71,198,387" oya="3" hai0="135,94,1,120,72,24,48,51,26,111,61,39,31" hai1="125,86,91,112,102,131,95,109,30,128,126,74,85" hai2="133,106,27,88,99,52,101,20,43,16,49,104,22" hai3="116,115,78,56,53,96,107,15,11,60,90,124,62"/><W38/><G115/><T97/><D120/><U76/><E112/><V29/><F133/><W117/><G124/><N who="1" m="47722" /><E30/><V67/><F67/><W44/><G78/><T12/><D39/><U50/><E50/><V65/><F65/><W5/><G107/><T2/><D72/><U132/><E109/><V13/><F43/><W119/><G38/><T129/><D111/><U108/><E108/><V122/><F122/><W58/><G44/><T46/><D129/><N who="1" m="49739" /><E74/><V77/><F77/><W63/><G58/><T17/><D51/><U82/><E102/><V64/><F64/><W25/><G25/><T100/><D26/><U98/><E98/><V8/><F22/><W7/><G7/><T70/><D48/><U81/><E81/><V14/><F14/><W18/><G5/><T35/><D46/><U93/><E93/><V59/><F88/><W110/><G110/><T19/><D61/><U114/><E114/><V0/><F0/><W57/><G57/><T9/><D2/><U28/><E28/><V134/><F106/><W130/><G130/><T37/><D1/><U42/><E42/><V55/><F55/><W41/><G41/><T75/><D75/><U118/><E118/><V32/><F32/><W80/><G80/><T71/><D37/><U127/><N who="1" m="47730" /><U6/><DORA hai="92" /><E6/><V73/><F73/><W79/><G117/><T40/><D40/><U34/><E34/><V36/><F36/><W121/><G119/><T123/><D123/><U83/><E83/><V87/><F87/><W113/><G116/><T69/><D19/><U45/><E45/><V10/><F10/><RYUUKYOKU ba="0,0" sc="344,10,71,10,198,10,387,-30" hai0="9,12,17,24,31,35,69,70,71,94,97,100,135" hai1="76,82,85,86,91,95,132" hai2="8,13,16,20,27,29,49,52,59,99,101,104,134" /><INIT seed="4,1,0,4,0,62" ten="354,81,208,357" oya="0" hai0="87,43,112,2,88,104,26,133,7,21,67,76,129" hai1="72,91,109,96,5,108,110,130,82,44,116,31,86" hai2="35,59,79,66,38,34,12,50,6,80,25,42,56" hai3="46,29,36,90,20,75,60,54,23,92,4,30,95"/><T28/><D104/><U68/><E68/><V3/><F12/><W15/><G75/><T69/><D112/><U22/><E116/><V83/><F83/><W32/><G36/><T37/><D129/><U78/><E130/><V81/><F81/><W47/><G32/><T134/><D76/><U94/><E5/><V0/><F25/><W126/><G95/><T71/><D43/><U97/><E44/><N who="2" m="23639" /><F0/><W107/><G107/><T57/><D37/><U70/><E70/><V100/><F100/><W115/><G115/><T1/><D7/><U63/><E63/><N who="2" m="38247" /><F59/><N who="3" m="34935" /><G126/><T64/><D2/><U8/><E8/><N who="2" m="2143" /><F50/><W89/><G89/><T99/><D57/><U85/><E22/><N who="3" m="8234" /><G47/><T40/><D40/><U14/><E14/><V77/><F77/><W16/><G4/><T111/><D99/><U117/><E31/><V124/><F124/><W101/><G101/><T103/><D103/><U11/><E11/><V49/><F49/><W132/><G46/><T122/><D1/><U106/><E117/><V41/><F41/><W13/><G13/><T61/><D111/><U102/><AGARI ba="1,0" hai="72,78,82,85,86,91,94,96,97,102,106,108,109,110" machi="102" ten="40,8000,1" yaku="0,1,34,3" doraHai="62" who="1" fromWho="1" sc="354,-41,81,83,208,-21,357,-21" /><INIT seed="5,0,0,1,4,91" ten="313,164,187,336" oya="1" hai0="61,26,89,13,83,78,117,59,75,110,71,50,63" hai1="43,102,32,24,104,87,7,108,65,21,20,98,77" hai2="73,18,126,85,105,82,120,54,30,45,64,123,70" hai3="79,74,99,58,52,118,9,25,93,41,133,22,66"/><U103/><E108/><V132/><F73/><W135/><G118/><T5/><D117/><U36/><E103/><V92/><F105/><W106/><G106/><T114/><D110/><U10/><E65/><V23/><F30/><W46/><G66/><T60/><D114/><U94/><E32/><V8/><F8/><W111/><G111/><T76/><D71/><U33/><E33/><V31/><F31/><W81/><G9/><N who="0" m="4271" /><D75/><U67/><E67/><V14/><F126/><W119/><G119/><T2/><D2/><U129/><E129/><V0/><F0/><W44/><G41/><T55/><D26/><U130/><E130/><V40/><F54/><W15/><G15/><T49/><D49/><U48/><E36/><V127/><F132/><N who="3" m="50763" /><G25/><T116/><D116/><U100/><E100/><V131/><F127/><W35/><G22/><T16/><D16/><U121/><E121/><V34/><F34/><W115/><G115/><T42/><D42/><U28/><E21/><V29/><F29/><W53/><G53/><T134/><D134/><U90/><E43/><V38/><F131/><W3/><G3/><T62/><N who="0" m="15360" /><DORA hai="86" /><T84/><AGARI ba="0,0" hai="50,55,59,76,78,83,84,89" m="15360,4271" machi="84" ten="40,5200,0" yaku="4,1,8,1,52,1" doraHai="91,86" who="0" fromWho="0" sc="313,52,164,-26,187,-13,336,-13" /><INIT seed="6,0,0,3,5,2" ten="365,138,174,323" oya="2" hai0="111,98,50,9,99,62,64,31,8,21,130,124,118" hai1="68,14,117,109,128,30,10,16,33,36,69,89,58" hai2="0,1,108,29,19,110,22,76,38,127,51,114,97" hai3="102,32,107,52,100,37,103,53,60,18,74,113,3"/><V34/><F38/><W94/><G107/><T92/><D111/><N who="2" m="42538" /><F76/><W49/><G37/><T123/><D123/><U70/><E117/><V15/><F97/><N who="3" m="59447" /><G3/><N who="2" m="1097" /><F51/><W39/><G32/><T47/><D130/><U81/><E128/><V119/><F119/><W104/><G104/><T116/><D124/><U115/><E115/><V87/><F87/><W90/><G74/><T61/><D99/><U54/><E36/><V77/><F77/><W106/><G39/><T25/><D118/><U121/><E121/><V135/><F127/><W84/><G113/><T41/><D116/><U129/><E129/><V12/><F114/><W57/><G18/><T91/><D62/><U46/><E109/><V42/><F42/><W131/><G106/><T101/><REACH who="0" step="1"/><D91/><REACH who="0" ten="355,138,174,323" step="2"/><U134/><E89/><V79/><F79/><W13/><G131/><T59/><AGARI ba="0,1" hai="8,9,21,25,31,41,47,50,59,61,64,92,98,101" machi="59" ten="20,16000,3" yaku="1,1,2,1,0,1,7,1,25,2,8,1,53,1" doraHai="2" doraHaiUra="93" who="0" fromWho="0" sc="355,170,138,-40,174,-80,323,-40" /><INIT seed="7,0,0,0,3,64" ten="525,98,94,283" oya="3" hai0="119,69,33,73,62,122,5,89,116,126,108,22,0" hai1="97,133,67,10,94,75,14,124,90,125,91,8,24" hai2="81,53,16,102,7,51,34,55,42,46,26,98,65" hai3="131,4,41,106,9,52,134,21,23,59,28,20,95"/><W58/><G106/><T12/><D108/><U118/><E75/><V127/><F127/><N who="1" m="48713" /><E133/><V18/><F7/><W44/><G131/><T6/><D62/><U85/><E118/><V115/><F115/><W87/><G59/><T92/><D69/><U80/><E67/><V114/><F114/><W99/><G87/><T76/><D89/><N who="1" m="55503" /><E24/><V35/><F65/><W48/><G134/><T19/><D19/><N who="1" m="8647" /><E10/><V30/><F81/><W60/><G28/><T83/><D83/><U17/><E17/><V104/><F34/><W79/><G79/><AGARI ba="0,0" hai="79,80,85,90,91" m="8647,55503,48713" machi="79" ten="30,1000,0" yaku="18,1" doraHai="64" who="1" fromWho="3" sc="525,0,98,10,94,0,283,-10" owari="525,63.0,108,-29.0,94,-41.0,273,7.0" /></mjloggm>