<mjloggm ver="2.3"><GO type="169" lobby="0"/><UN n0="%E3%82%B4%E3%83%83%E3%82%B5%E3%83%A0" n1="%7A%6B%75%72%74" n2="%EF%BC%B2%EF%BC%AF%EF%BC%A5%EF%BC%AE%EF%BC%B4%EF%BC%A7%EF%BC%A5%EF%BC%AE" n3="%54%4F%52" dan="16,17,16,16" rate="2054.41,2226.62,2107.32,2172.00" sx="M,M,M,M"/><TAIKYOKU oya="0"/><INIT seed="0,0,0,1,4,37" ten="250,250,250,250" oya="0" hai0="116,99,80,117,33,57,118,56,133,110,38,14,54" hai1="91,78,63,134,36,7,120,107,72,24,8,96,21" hai2="76,108,31,20,100,102,104,30,93,25,48,2,49" hai3="70,90,126,53,73,94,103,22,13,44,66,115,95"/><T60/><D133/><U75/><E120/><V132/><F2/><W55/><G73/><T88/><D110/><U122/><E122/><V77/><F104/><W82/><G115/><T79/><D33/><U65/><E134/><V5/><F5/><W86/><G126/><T69/><D69/><U3/><E36/><V17/><F108/><W85/><G70/><T111/><D111/><U123/><E123/><V0/><F0/><W87/><G66/><T98/><D38/><U125/><E78/><V101/><F93/><N who="3" m="35339" /><G103/><T121/><D121/><U32/><E32/><V41/><F132/><W106/><G106/><T18/><D57/><U74/><E91/><V6/><F6/><W50/><G55/><T124/><D124/><U4/><E4/><V129/><F129/><W27/><G13/><T28/><D28/><AGARI ba="0,0" hai="22,27,28,44,50,53,82,85,86,87,90" m="35339" machi="28" ten="30,1000,0" yaku="8,1" doraHai="37" who="3" fromWho="0" sc="250,-10,250,0,250,0,250,10" /><INIT seed="1,0,0,1,0,85" ten="240,250,250,260" oya="1" hai0="61,57,40,114,90,92,67,55,131,102,3,53,30" hai1="49,91,1,66,23,117,72,68,126,31,44,130,5" hai2="36,9,98,26,121,93,71,119,43,17,107,25,76" hai3="100,37,20,29,128,14,28,12,103,106,38,104,123"/><U33/><E117/><V80/><F107/><W48/><G48/><T105/><D114/><U65/><E72/><V115/><F71/><W97/><G128/><T16/><D3/><U64/><E33/><V118/><F121/><W56/><G56/><T74/><D74/><U73/><E73/><V88/><F115/><W63/><G63/><T70/><D131/><U6/><E130/><V46/><F26/><W0/><G0/><T108/><D108/><U86/><E126/><V2/><F25/><W22/><REACH who="3" step="1"/><G97/><REACH who="3" ten="240,250,250,250" step="2"/><T110/><D110/><U112/><E112/><V41/><F41/><W8/><G8/><T87/><D40/><U52/><E1/><V94/><F2/><W45/><G45/><T84/><D70/><U11/><E11/><V89/><F9/><W13/><G13/><T7/><D57/><U10/><E68/><V75/><F17/><W50/><G50/><T96/><D61/><U113/><E113/><V32/><F32/><W27/><G27/><T42/><D42/><U111/><E111/><V39/><F36/><W133/><G133/><T135/><D135/><U99/><E99/><AGARI ba="0,1" hai="39,43,46,75,76,80,88,89,93,94,98,99,118,119" machi="99" ten="30,8000,1" yaku="7,1,9,1,52,2,54,1" doraHai="85" who="2" fromWho="1" sc="240,0,250,-80,250,90,250,0" /><INIT seed="2,0,0,3,4,57" ten="240,170,340,250" oya="2" hai0="55,35,122,50,127,62,69,126,24,42,81,113,111" hai1="44,86,11,6,40,49,100,118,7,29,114,23,76" hai2="93,21,10,70,72,67,37,28,34,12,9,132,110" hai3="47,135,91,71,79,17,103,85,115,97,90,0,74"/><V1/><F72/><W99/><G0/><T96/><D113/><U5/><E114/><V61/><F37/><W51/><G115/><T124/><D122/><U32/><E32/><V36/><F36/><W121/><G121/><T109/><D42/><U94/><E118/><V106/><F132/><W116/><G116/><T89/><D35/><U2/><E100/><V92/><F110/><N who="0" m="41994" /><D24/><U4/><E94/><V88/><F106/><W129/><G71/><T60/><D69/><U78/><REACH who="1" step="1"/><E86/><REACH who="1" ten="240,160,340,250" step="2"/><V53/><F93/><W30/><G85/><N who="0" m="50351" /><D96/><U15/><E15/><V45/><F34/><W133/><G97/><T123/><D123/><U125/><E125/><V59/><F1/><W48/><G99/><T41/><D41/><U73/><E73/><V3/><F3/><W130/><G74/><T84/><D84/><U108/><E108/><V18/><F28/><W104/><G104/><T39/><D39/><U131/><E131/><V63/><F45/><AGARI ba="0,1" hai="45,50,55,60,62,124,126,127" m="50351,41994" machi="45" ten="40,8000,1" yaku="18,1,14,1,52,2" doraHai="57" who="0" fromWho="2" sc="240,90,160,0,340,-80,250,0" /><INIT seed="3,0,0,4,4,20" ten="330,160,260,250" oya="3" hai0="18,61,119,87,126,68,26,79,133,14,42,127,28" hai1="122,1,21,0,70,110,57,53,115,117,90,99,10" hai2="34,35,96,83,4,69,39,91,77,17,24,45,66" hai3="30,13,16,58,103,41,32,135,60,109,12,114,101"/><W71/><G114/><T36/><D119/><U105/><E122/><V11/><F69/><W51/><G135/><T2/><D2/><U7/><E115/><V72/><F66/><W85/><G71/><T100/><D100/><U74/><E74/><V63/><F63/><W52/><G109/><T64/><D42/><U33/><E33/><V56/><F56/><W84/><G30/><T31/><D36/><U130/><E70/><V129/><F91/><W49/><G12/><T27/><D133/><U55/><E110/><V88/><F129/><W9/><G32/><T113/><D31/><U50/><E130/><V104/><F17/><W134/><G134/><T43/><D43/><U93/><E117/><V112/><F112/><W46/><G51/><T118/><D28/><U80/><E105/><V92/><F104/><W94/><G103/><T107/><D107/><U15/><E80/><V23/><F39/><W124/><G124/><N who="0" m="47659" /><D113/><U125/><E125/><V95/><F95/><W29/><G29/><T44/><D44/><U120/><E120/><V131/><F45/><W40/><G40/><T54/><D54/><U22/><E1/><V65/><F65/><W123/><G123/><T106/><D106/><U3/><E3/><V37/><F37/><W25/><G25/><T75/><D118/><U89/><E0/><N who="2" m="391" /><F131/><W59/><G59/><T48/><D48/><N who="1" m="30887" /><E90/><V73/><F72/><W8/><G8/><N who="0" m="6471" /><D75/><U62/><E62/><V86/><F73/><W81/><G81/><AGARI ba="0,0" hai="26,27,61,64,68,79,81,87" m="6471,47659" machi="81" ten="30,3900,0" yaku="18,1,52,2" doraHai="20" who="0" fromWho="3" sc="330,39,160,0,260,0,250,-39" /><INIT seed="4,0,0,1,2,43" ten="369,160,260,211" oya="0" hai0="123,76,24,78,69,20,55,9,96,26,51,54,35" hai1="33,47,117,85,93,106,60,29,41,80,58,50,129" hai2="64,44,86,62,18,97,30,0,36,107,10,75,68" hai3="70,83,16,59,91,8,115,104,90,27,99,77,72"/><T122/><D69/><U67/><E106/><V12/><F75/><W111/><G70/><T53/><D51/><U48/><E117/><V109/><F0/><W125/><G111/><T38/><D38/><U133/><E129/><V119/><F30/><W66/><G115/><T89/><D9/><U34/><E133/><V63/><F63/><W110/><G110/><T132/><D132/><U56/><E29/><V57/><F68/><W92/><G125/><T1/><D1/><U73/><E73/><V15/><F86/><W98/><G104/><T112/><D35/><U19/><E93/><V105/><F119/><W102/><G99/><T49/><D112/><U135/><E135/><V46/><F36/><W23/><REACH who="3" step="1"/><G8/><REACH who="3" ten="369,160,260,201" step="2"/><T108/><D108/><U25/><E25/><V3/><F105/><W74/><G74/><T17/><D26/><U40/><E19/><V52/><F109/><W114/><G114/><T2/><D96/><U79/><E58/><V4/><F107/><W116/><G116/><T28/><D17/><U65/><E65/><V95/><F64/><W42/><G42/><T118/><D24/><U71/><E71/><V61/><F57/><W134/><G134/><T113/><D113/><U82/><E82/><V21/><F18/><W88/><G88/><T121/><D89/><U130/><E130/><V6/><F97/><W131/><G131/><T13/><D118/><U127/><E127/><V39/><F10/><W31/><G31/><T81/><D28/><U37/><E41/><V11/><F11/><W5/><G5/><T14/><D81/><U32/><AGARI ba="0,1" hai="32,33,34,37,40,47,48,50,56,60,67,79,80,85" machi="32" ten="30,4000,0" yaku="5,1,0,1,52,1" doraHai="43" who="1" fromWho="1" sc="369,-20,160,50,260,-10,201,-10" /><INIT seed="5,0,0,0,5,60" ten="349,210,250,191" oya="1" hai0="128,123,95,8,59,63,80,49,26,131,33,87,20" hai1="27,92,85,4,14,9,55,105,107,75,28,56,39" hai2="41,76,120,40,112,121,62,24,93,97,82,99,68" hai3="71,22,67,5,83,17,103,106,3,100,117,19,23"/><U38/><E75/><V25/><F112/><W89/><G117/><T130/><D8/><U132/><E132/><V91/><F99/><W21/><G3/><T44/><D95/><U135/><E135/><V74/><F24/><W36/><G36/><T78/><D123/><U43/><E43/><V45/><F40/><W118/><G118/><T65/><D33/><U129/><E129/><V86/><F25/><W115/><G5/><T47/><D49/><U124/><E124/><V127/><F127/><W108/><G108/><T57/><REACH who="0" step="1"/><D59/><REACH who="0" ten="339,210,250,191" step="2"/><U66/><E39/><V104/><F68/><W88/><G115/><T64/><D64/><U51/><E38/><V119/><F119/><W58/><G71/><T102/><D102/><N who="3" m="38953" /><G106/><T13/><D13/><U111/><E111/><V73/><F104/><W79/><G67/><T122/><D122/><U109/><E109/><V16/><F120/><W10/><G58/><T48/><D48/><U114/><E114/><V52/><F121/><W2/><G2/><T18/><AGARI ba="0,1" hai="18,20,26,44,47,57,63,65,78,80,87,128,130,131" machi="18" ten="30,7900,0" yaku="1,1,0,1,19,1,52,1,53,0" doraHai="60" doraHaiUra="90" who="0" fromWho="0" sc="339,89,210,-39,250,-20,191,-20" /><INIT seed="6,0,0,4,2,85" ten="428,171,230,171" oya="2" hai0="112,49,81,8,123,6,53,29,103,33,107,84,61" hai1="16,18,86,37,96,114,111,110,38,9,69,47,105" hai2="39,63,117,20,10,60,56,23,35,17,21,133,87" hai3="22,65,77,34,80,36,97,2,108,91,50,5,43"/><V131/><F39/><W71/><G34/><T0/><D107/><U19/><E69/><V132/><F117/><W62/><G108/><T15/><D103/><U30/><E114/><V119/><F35/><W26/><G36/><T51/><D0/><U115/><E115/><V95/><F119/><W58/><G2/><T31/><D33/><U48/><E30/><N who="0" m="11273" /><D123/><U42/><E9/><V67/><F131/><W70/><G5/><T32/><D32/><U102/><E38/><V76/><F63/><W1/><G1/><T41/><D41/><U14/><E14/><V89/><F76/><W78/><G71/><T88/><D112/><U116/><E116/><V113/><REACH who="2" step="1"/><F113/><REACH who="2" ten="428,171,220,171" step="2"/><W93/><G78/><T12/><D61/><U24/><E37/><V64/><F64/><W4/><G77/><T27/><D49/><U104/><E111/><V129/><F129/><W57/><G65/><T122/><D51/><U134/><E110/><V82/><F82/><W92/><G62/><T99/><D81/><U126/><E48/><V54/><F54/><W59/><G80/><T125/><D53/><U90/><E42/><V106/><F106/><W94/><G43/><T66/><D66/><U52/><E105/><V109/><F109/><W74/><G50/><T7/><D122/><U128/><E128/><V3/><F3/><W25/><G70/><T124/><D124/><U11/><E126/><V72/><F72/><W83/><G74/><T45/><D125/><U79/><E79/><V75/><F75/><W68/><G68/><T135/><D45/><U130/><E47/><V100/><F100/><RYUUKYOKU ba="0,1" sc="428,-10,171,-10,220,30,171,-10" hai2="10,17,20,21,23,56,60,67,87,89,95,132,133" /><INIT seed="6,1,1,4,2,130" ten="418,161,250,161" oya="2" hai0="107,45,38,105,124,82,101,98,110,56,126,23,49" hai1="83,131,50,64,0,9,22,92,118,44,104,111,59" hai2="106,108,53,20,123,16,78,21,127,46,116,84,115" hai3="134,86,102,66,77,30,80,51,6,119,31,74,8"/><V1/><F116/><W18/><G119/><T67/><D110/><U120/><E118/><V65/><F106/><W47/><G66/><T11/><D38/><U99/><E111/><V12/><F1/><W43/><G18/><T19/><D11/><U40/><E104/><V129/><F123/><W73/><G102/><T113/><D82/><U10/><E131/><V75/><F75/><W91/><G134/><T17/><D107/><U7/><E120/><V29/><F129/><W97/><G97/><T14/><D19/><U37/><E10/><V35/><F35/><W88/><G74/><T79/><D79/><U109/><E109/><V54/><F127/><W81/><REACH who="3" step="1"/><G91/><REACH who="3" ten="418,161,250,151" step="2"/><T58/><D67/><U57/><E64/><V103/><F65/><W62/><G62/><T89/><D89/><U128/><E128/><V13/><F103/><W36/><G36/><T114/><D124/><U63/><E63/><V132/><F132/><W60/><G60/><T85/><D126/><U122/><E122/><V117/><F117/><W15/><AGARI ba="1,2" hai="6,8,15,30,31,43,47,51,73,77,80,81,86,88" machi="15" ten="20,5200,0" yaku="1,1,0,1,7,1,54,1,53,0" doraHai="130" doraHaiUra="125" who="3" fromWho="3" sc="418,-14,161,-14,250,-27,151,75" /><INIT seed="7,0,0,2,2,41" ten="404,147,223,226" oya="3" hai0="45,101,110,16,37,62,17,130,30,76,135,133,78" hai1="92,4,100,103,129,70,94,77,5,46,28,109,98" hai2="131,50,48,51,7,106,99,21,93,9,96,61,112" hai3="95,82,88,23,124,58,116,43,132,125,6,2,120"/><W64/><G116/><T15/><D110/><U126/><E109/><V57/><F112/><W31/><G120/><T14/><D30/><U59/><E70/><V10/><F131/><W40/><G132/><N who="0" m="50763" /><D101/><U27/><E129/><V122/><F122/><W20/><G82/><T87/><D87/><U117/><E117/><V89/><F106/><W22/><G31/><T123/><D123/><U102/><E126/><N who="3" m="48746" /><G6/><T83/><D62/><U54/><E77/><N who="0" m="29801" /><D83/><U113/><E113/><V13/><F99/><N who="3" m="57831" /><G2/><T84/><D84/><U44/><E4/><V8/><F21/><W134/><G134/><T75/><D75/><U63/><E5/><V3/><F3/><W128/><G128/><T24/><D14/><U97/><E102/><V69/><F69/><W127/><G127/><T91/><D15/><U33/><AGARI ba="0,0" hai="27,28,33,44,46,54,59,63,92,94,97,98,100,103" machi="33" ten="20,8000,1" yaku="0,1,7,1,9,1,52,2" doraHai="41" who="1" fromWho="1" sc="404,-20,147,80,223,-20,226,-40" owari="384,48.0,227,3.0,203,-20.0,186,-31.0" /></mjloggm>