<mjloggm ver="2.3"><GO type="185" lobby="0"/><UN n0="%E7%81%AB%E6%98%9F%E3%81%AE%E7%8A%AC" n1="%E3%81%BF%E3%83%BC%E3%81%94%E3%81%BE" n2="%E3%81%B6%E3%82%8B%E3%81%AF%E3%81%A4" n3="" dan="16,16,16,0" rate="2208.01,2174.79,2152.47,1500.00" sx="M,M,M,C"/><TAIKYOKU oya="0"/><INIT seed="0,0,0,0,0,53" ten="350,350,350,0" oya="0" hai0="105,47,35,0,55,70,126,99,86,115,111,38,131" hai1="44,79,32,116,132,50,62,56,73,81,98,84,2" hai2="52,117,104,42,106,102,128,54,123,112,122,95,43" hai3=""/><T33/><D55/><U134/><E2/><V83/><N who="2" m="31264" /><V1/><N who="2" m="31520" /><V89/><F1/><T118/><D47/><U90/><E32/><V127/><F112/><T121/><D99/><U57/><E116/><V3/><F3/><T94/><D86/><U88/><E98/><V60/><F128/><T51/><D51/><U114/><E114/><V40/><F127/><T34/><D94/><U41/><E90/><V96/><F117/><T124/><D34/><U48/><E48/><V91/><F54/><T39/><D126/><U58/><REACH who="1" step="1"/><E62/><REACH who="1" ten="350,340,350,0" step="2"/><V92/><F91/><T65/><D35/><U63/><E63/><V59/><REACH who="2" step="1"/><F83/><AGARI ba="0,1" hai="41,44,50,56,57,58,73,79,81,83,84,88,132,134" machi="83" ten="40,8000,1" yaku="1,1,52,3,54,1,53,0" doraHai="53" doraHaiUra="101" who="1" fromWho="2" sc="350,0,340,90,350,-80,0,0" /><INIT seed="1,0,0,1,2,127" ten="350,430,270,0" oya="1" hai0="84,51,104,66,37,52,114,118,88,46,112,78,105" hai1="61,43,98,103,85,41,102,93,135,100,67,72,95" hai2="39,79,96,0,80,131,47,70,128,65,45,69,50" hai3=""/><U133/><E72/><V126/><F0/><T1/><D1/><U49/><E85/><V81/><F126/><T3/><D3/><U82/><E82/><V117/><F117/><T2/><D2/><U89/><E93/><V53/><F96/><T116/><D105/><U86/><E86/><V113/><F113/><T59/><D104/><U62/><E49/><V130/><F65/><T36/><D78/><U91/><E91/><V58/><F81/><T60/><D84/><U54/><E54/><V34/><F34/><T64/><D88/><U129/><E129/><V75/><F39/><N who="0" m="14922" /><D66/><U68/><REACH who="1" step="1"/><E62/><REACH who="1" ten="350,420,270,0" step="2"/><V35/><REACH who="2" step="1"/><F35/><REACH who="2" ten="350,420,260,0" step="2"/><T121/><N who="0" m="31008" /><T55/><D55/><U73/><E73/><V119/><F119/><AGARI ba="0,2" hai="46,51,52,59,60,64,112,114,116,118,119" m="31008,14922" machi="119" ten="30,8000,1" yaku="12,1,34,2,52,1,54,1" doraHai="127" who="0" fromWho="2" sc="350,100,420,0,260,-80,0,0" /><INIT seed="2,0,0,4,2,69" ten="450,420,180,0" oya="2" hai0="132,90,111,106,86,89,3,39,118,84,76,33,100" hai1="77,36,83,98,131,65,54,126,50,35,47,115,92" hai2="101,113,42,45,67,34,130,91,85,63,94,71,87" hai3=""/><V116/><F34/><T55/><D3/><U37/><E35/><V2/><F2/><T114/><D33/><U73/><E115/><V62/><F113/><T134/><D39/><U109/><E109/><V41/><F116/><T93/><D55/><U1/><E1/><V104/><F130/><T61/><D114/><U0/><E0/><V99/><F45/><T96/><D61/><U129/><E126/><V72/><F72/><T133/><D111/><U75/><E75/><V108/><F108/><T80/><D118/><U70/><E70/><V121/><N who="2" m="31008" /><V52/><REACH who="2" step="1"/><F87/><REACH who="2" ten="450,420,170,0" step="2"/><T124/><D124/><U32/><E32/><V78/><F78/><AGARI ba="0,1" hai="76,78,80,84,86,89,90,93,96,100,106,132,133,134" machi="78" ten="40,8000,1" yaku="20,1,34,3" doraHai="69" who="0" fromWho="2" sc="450,90,420,0,170,-80,0,0" /><INIT seed="4,0,0,5,1,3" ten="540,420,90,0" oya="0" hai0="126,122,66,113,131,119,121,55,79,58,114,42,59" hai1="88,109,32,69,38,125,96,135,41,46,33,102,76" hai2="56,54,104,115,57,77,105,112,85,128,52,43,94" hai3=""/><T62/><N who="0" m="31008" /><T100/><N who="0" m="31264" /><T84/><D119/><U83/><E109/><V86/><F128/><T74/><D74/><U107/><E135/><V92/><F77/><T1/><D1/><U51/><E125/><V49/><F49/><T53/><D131/><U60/><E51/><V80/><F80/><T127/><D100/><U67/><REACH who="1" step="1"/><E88/><REACH who="1" ten="540,410,90,0" step="2"/><V116/><REACH who="2" step="1"/><F43/><REACH who="2" ten="540,410,80,0" step="2"/><T65/><D42/><U2/><E2/><V97/><F97/><T95/><D127/><U90/><E90/><V123/><N who="2" m="31520" /><V37/><F37/><T89/><D126/><U87/><AGARI ba="0,2" hai="32,33,38,41,46,60,67,69,76,83,87,96,102,107" machi="87" ten="20,6000,1" yaku="1,1,0,1,7,1,52,2,53,0" doraHai="3" doraHaiUra="134" who="1" fromWho="1" sc="540,-40,410,80,80,-20,0,0" /><INIT seed="5,0,0,5,1,54" ten="500,490,60,0" oya="1" hai0="59,81,79,56,71,128,126,46,118,87,105,121,67" hai1="40,50,60,0,123,131,52,39,42,122,119,62,72" hai2="36,125,98,44,38,92,75,86,133,76,93,135,101" hai3=""/><U84/><N who="1" m="31264" /><U116/><N who="1" m="31520" /><U33/><E33/><V109/><F109/><T32/><N who="0" m="31008" /><T111/><D32/><U51/><E72/><V97/><F125/><T63/><D111/><U73/><E73/><V58/><F58/><T110/><D110/><U117/><E0/><V124/><F124/><T89/><D126/><U43/><E131/><V99/><F44/><T53/><D128/><U77/><E39/><V3/><F3/><T49/><D118/><U112/><E112/><V68/><F68/><T120/><N who="0" m="30752" /><T64/><D105/><U37/><E37/><V48/><F48/><T129/><D129/><U127/><E127/><V115/><F115/><T69/><D79/><U134/><E134/><N who="2" m="51211" /><F36/><T80/><D80/><U55/><E84/><V83/><F38/><T47/><D47/><U65/><E77/><V2/><F2/><T102/><D102/><U66/><E51/><V35/><F35/><T78/><D78/><U41/><N who="1" m="10240" /><DORA hai="103" /><U96/><E96/><N who="2" m="36971" /><F75/><T108/><D108/><U91/><E55/><V85/><F85/><T74/><D74/><U82/><E66/><V88/><F76/><T100/><D100/><U34/><E65/><V57/><F57/><T106/><D67/><U130/><E34/><RYUUKYOKU ba="0,0" sc="500,-10,490,-10,60,20,0,0" hai2="83,86,88,92,93,99,101" /><INIT seed="6,1,0,4,1,135" ten="490,480,80,0" oya="2" hai0="65,124,56,105,44,95,49,63,51,34,115,1,119" hai1="38,112,108,40,113,86,41,110,104,102,123,90,96" hai2="36,37,32,85,73,134,133,93,80,125,50,129,2" hai3=""/><V68/><F2/><T82/><D119/><U54/><N who="1" m="31520" /><U114/><E54/><V0/><F0/><T47/><D1/><U109/><E38/><V81/><F32/><T57/><D34/><U43/><E110/><V116/><F116/><T62/><D105/><U79/><E79/><V132/><F68/><T60/><D115/><U117/><E117/><V88/><F129/><T42/><D95/><AGARI ba="1,0" hai="40,41,43,86,90,95,96,102,104,108,109,112,113,114" m="31520" machi="95" ten="50,3200,0" yaku="15,1,52,1" doraHai="135" who="1" fromWho="0" sc="490,-34,480,34,80,0,0,0" owari="456,6.0,514,46.0,80,-52.0,0,0.0" /></mjloggm>