<mjloggm ver="2.3"><GO type="169" lobby="0"/><UN n0="%E9%BB%92%E6%BE%A4%E3%83%80%E3%82%A4%E3%83%A4" n1="%51%6F%6F%E5%9D%8A" n2="%E3%82%AB%E3%83%83%E3%82%AB%E3%83%83%E3%82%AB%E3%83%83" n3="%EF%BC%BC%28%EF%BC%BE%6F%EF%BC%BE%29%EF%BC%8F%E2%98%85" dan="16,16,16,17" rate="2100.72,2122.38,2098.95,2230.89" sx="M,M,M,M"/><TAIKYOKU oya="0"/><INIT seed="0,0,0,3,1,43" ten="250,250,250,250" oya="0" hai0="67,92,46,48,1,119,30,15,23,94,102,56,131" hai1="83,88,14,104,39,114,68,113,64,121,77,8,110" hai2="32,75,80,69,78,11,112,0,26,73,41,51,60" hai3="134,29,86,12,25,13,81,89,129,4,106,93,28"/><T97/><D1/><U111/><E104/><V63/><F112/><N who="1" m="43113" /><E121/><V16/><F73/><W2/><G106/><T21/><D119/><U19/><E39/><V45/><F69/><W105/><G105/><T53/><D131/><U36/><E36/><V109/><F109/><N who="1" m="41481" /><E64/><V101/><F101/><W18/><G134/><T128/><D128/><U90/><E68/><V37/><F51/><W74/><G129/><T65/><D92/><U135/><E135/><V71/><F71/><W61/><G2/><T125/><D125/><U100/><E100/><V126/><F126/><W57/><G74/><AGARI ba="0,0" hai="8,14,19,74,77,83,88,90" m="41481,43113" machi="74" ten="30,3900,0" yaku="11,1,14,1,54,1" doraHai="43" who="1" fromWho="3" sc="250,0,250,39,250,0,250,-39" /><INIT seed="1,0,0,5,4,131" ten="250,289,250,211" oya="1" hai0="7,93,4,52,35,56,81,119,87,128,67,44,9" hai1="130,96,15,60,75,100,99,31,69,117,36,88,3" hai2="134,95,47,32,49,109,124,20,101,59,129,1,120" hai3="112,118,46,55,133,114,53,16,92,30,132,115,82"/><U11/><E117/><V19/><F109/><W26/><G118/><T18/><D35/><U108/><E36/><V66/><F120/><W74/><G92/><T84/><D128/><U78/><E3/><V85/><F124/><W97/><G97/><T86/><D119/><U63/><E130/><V103/><F32/><W0/><G0/><T107/><D107/><U127/><E127/><V135/><F1/><W121/><G121/><T126/><D126/><U61/><E69/><V62/><F129/><W33/><G16/><T65/><D44/><U37/><E37/><V106/><F106/><W111/><G111/><T123/><D81/><U83/><E31/><V64/><F64/><N who="0" m="24650" /><D93/><U29/><E29/><V104/><F104/><W12/><G12/><N who="0" m="7439" /><D123/><U122/><E122/><V110/><F110/><W50/><REACH who="3" step="1"/><G53/><REACH who="3" ten="250,289,250,201" step="2"/><T40/><D40/><U116/><E108/><V2/><F2/><W94/><G94/><T77/><D77/><AGARI ba="0,1" hai="26,30,33,46,50,55,74,77,82,112,114,115,132,133" machi="77" ten="50,6400,0" yaku="1,1,52,2,53,0" doraHai="131" doraHaiUra="57" who="3" fromWho="0" sc="250,-64,289,0,250,0,201,74" /><INIT seed="2,0,0,1,2,51" ten="186,289,250,275" oya="2" hai0="22,91,106,87,36,66,13,39,27,55,61,20,112" hai1="58,17,11,123,110,126,107,31,96,41,90,95,80" hai2="37,101,73,118,79,133,62,114,24,48,119,68,3" hai3="127,104,83,46,78,111,64,60,131,71,128,6,130"/><V82/><F114/><W88/><G111/><T19/><D106/><U86/><E123/><V38/><F133/><W98/><G127/><T132/><D132/><U44/><E110/><V0/><F24/><W129/><G6/><T40/><D40/><U16/><E126/><V72/><F101/><W92/><N who="3" m="32768" /><DORA hai="32" /><W34/><G34/><T7/><D112/><U5/><E31/><V81/><F48/><W134/><G134/><T14/><D14/><U21/><E58/><V65/><F82/><W18/><G18/><T135/><D135/><U26/><E107/><V28/><F72/><W67/><G67/><T49/><D7/><U25/><E44/><V75/><F75/><W59/><G46/><T77/><D77/><U93/><E41/><V100/><F100/><W1/><G1/><N who="2" m="585" /><F28/><W84/><REACH who="3" step="1"/><G104/><REACH who="3" ten="186,289,250,265" step="2"/><T70/><D22/><U89/><E5/><V121/><F121/><W12/><G12/><T23/><D20/><N who="1" m="13447" /><E11/><V76/><F76/><W30/><G30/><T43/><D13/><U94/><AGARI ba="0,1" hai="17,21,26,80,86,89,90,93,94,95,96" m="13447" machi="94" ten="30,2000,0" yaku="8,1,54,1" doraHai="51,32" who="1" fromWho="1" sc="186,-5,289,30,250,-10,265,-5" /><INIT seed="3,0,0,1,3,135" ten="181,319,240,260" oya="3" hai0="45,96,99,119,43,67,115,14,117,83,39,81,94" hai1="71,129,126,95,125,31,128,26,127,133,8,17,7" hai2="101,121,25,19,61,33,75,46,74,104,132,22,118" hai3="11,4,58,112,114,73,120,50,27,109,13,15,103"/><W53/><G120/><T77/><D115/><U88/><E71/><V72/><F118/><W30/><G73/><T108/><D108/><U110/><E110/><V64/><F132/><W122/><G122/><T86/><D67/><U5/><E133/><V42/><F121/><W44/><G109/><T80/><D80/><U85/><E17/><V92/><F104/><W113/><G103/><T91/><D96/><U49/><E49/><V97/><F33/><W82/><G82/><T78/><REACH who="0" step="1"/><D14/><REACH who="0" ten="171,319,240,260" step="2"/><N who="1" m="5391" /><E7/><V98/><F98/><W36/><G15/><T9/><D9/><U32/><AGARI ba="0,1" hai="26,31,32,85,88,95,125,126,127,128,129" m="5391" machi="32" ten="40,8000,1" yaku="18,1,52,3,54,1" doraHai="135" who="1" fromWho="1" sc="171,-20,319,90,240,-20,260,-40" /><INIT seed="4,0,0,0,3,114" ten="151,409,220,220" oya="0" hai0="41,60,79,119,84,98,13,96,74,34,92,128,94" hai1="93,65,26,124,29,27,39,77,48,47,9,104,32" hai2="64,129,15,132,108,107,103,95,85,11,69,35,61" hai3="44,102,121,3,70,25,86,110,97,126,7,123,14"/><T90/><D34/><U23/><E104/><V45/><F108/><W33/><G14/><T115/><D115/><U72/><E124/><V111/><F111/><W52/><G110/><T58/><D128/><U54/><E39/><V82/><F129/><W51/><G70/><T118/><D41/><U105/><E105/><V0/><F132/><W67/><G67/><T71/><D71/><U133/><E133/><V100/><F107/><W116/><G126/><T31/><D31/><U63/><E9/><V81/><F35/><W17/><G116/><T53/><D74/><U22/><E93/><V68/><F68/><W120/><G86/><T125/><D125/><U101/><E101/><V50/><F0/><W40/><G7/><T10/><D79/><U20/><E77/><V73/><F95/><N who="3" m="58687" /><G3/><T88/><D84/><U135/><E72/><V42/><F81/><W30/><G17/><AGARI ba="0,0" hai="10,13,17,53,58,60,88,90,92,94,96,98,118,119" machi="17" ten="30,12000,1" yaku="7,1,9,1,52,2,54,1" doraHai="114" who="0" fromWho="3" sc="151,120,409,0,220,0,220,-120" /><INIT seed="4,1,0,5,5,13" ten="271,409,220,100" oya="0" hai0="24,23,111,79,55,135,128,85,90,5,126,22,86" hai1="97,19,18,131,10,82,40,4,80,125,121,16,92" hai2="0,36,9,58,1,124,32,17,96,11,12,20,46" hai3="39,109,25,47,117,107,45,50,102,38,57,52,113"/><T93/><D126/><U60/><E121/><V115/><F124/><W61/><G107/><T130/><D135/><U49/><E125/><V48/><F115/><W110/><G102/><T123/><D123/><U3/><E131/><V133/><F133/><W74/><G74/><T54/><D5/><U84/><E60/><V76/><F32/><W59/><G25/><T116/><D116/><U120/><E120/><V77/><F36/><N who="3" m="13867" /><G117/><T101/><D101/><U94/><E82/><V63/><F96/><W83/><G83/><N who="0" m="47359" /><D111/><N who="3" m="42505" /><G113/><T35/><D35/><U69/><E69/><V104/><F104/><W37/><N who="3" m="13875" /><W114/><DORA hai="75" /><G114/><T14/><D130/><U73/><E73/><V8/><F0/><W53/><AGARI ba="1,0" hai="45,47,50,52,53,57,59,61" m="42505,13875" machi="53" ten="50,6400,0" yaku="34,2,54,1" doraHai="13,75" who="3" fromWho="3" sc="271,-33,409,-17,220,-17,100,67" /><INIT seed="5,0,0,5,5,77" ten="238,392,203,167" oya="1" hai0="113,61,60,66,128,39,34,98,102,91,22,2,135" hai1="36,97,42,104,130,131,120,118,48,26,44,127,65" hai2="126,76,80,5,111,100,7,27,124,14,107,112,13" hai3="24,37,38,29,30,87,25,32,67,85,99,3,40"/><U74/><E120/><V28/><F107/><W9/><G67/><T106/><D2/><U55/><E74/><V51/><F100/><W53/><G99/><T35/><D39/><U4/><E118/><V18/><F111/><W88/><G40/><T17/><D113/><U71/><E4/><N who="2" m="1611" /><F112/><W43/><G9/><T92/><D128/><U64/><E26/><V31/><F51/><W8/><G8/><T121/><D135/><U73/><E73/><V68/><F68/><W114/><G3/><T116/><D116/><U62/><E65/><V133/><F18/><W83/><G43/><T19/><D19/><U101/><REACH who="1" step="1"/><E127/><REACH who="1" ten="238,382,203,167" step="2"/><V123/><F27/><W96/><G114/><T78/><D121/><U56/><AGARI ba="0,1" hai="36,42,44,48,55,56,62,64,71,97,101,104,130,131" machi="56" ten="30,18000,2" yaku="1,1,2,1,0,1,24,2,53,1" doraHai="77" doraHaiUra="50" who="1" fromWho="1" sc="238,-60,382,190,203,-60,167,-60" /><INIT seed="5,1,0,1,0,95" ten="178,572,143,107" oya="1" hai0="22,80,72,52,32,6,104,58,86,10,70,109,43" hai1="92,127,75,110,85,97,61,133,113,134,28,119,126" hai2="57,108,9,44,19,42,0,34,83,67,117,16,51" hai3="25,29,14,94,116,107,55,87,7,13,24,129,78"/><U5/><E5/><V102/><F108/><W30/><G107/><T46/><D32/><U68/><E28/><V82/><F34/><W74/><G129/><T100/><D70/><U38/><E38/><V122/><F122/><W131/><G131/><T121/><D109/><U96/><E110/><V37/><F117/><W124/><G116/><T111/><D121/><U56/><E68/><V47/><F102/><W77/><G124/><N who="1" m="47658" /><E75/><V59/><F0/><W49/><G74/><T31/><D72/><U128/><E128/><V62/><F59/><W33/><G7/><T20/><D31/><U112/><E119/><V66/><F66/><W40/><G40/><T27/><D27/><U118/><E118/><V2/><F2/><W26/><G26/><T101/><D111/><U12/><E12/><V115/><F115/><N who="1" m="44105" /><E85/><V11/><F37/><W48/><G87/><T106/><D86/><U120/><E120/><V103/><F19/><W45/><G33/><T89/><D6/><U135/><E92/><V114/><F16/><W90/><G94/><T64/><D104/><U98/><E134/><V36/><F114/><W81/><G30/><T99/><D106/><U69/><E69/><V76/><F36/><W79/><G29/><T23/><D23/><U88/><E88/><V71/><F71/><W132/><G132/><T18/><D22/><U3/><E3/><V21/><F21/><W15/><G90/><T35/><D89/><U105/><E105/><V60/><F82/><W8/><G81/><T65/><D80/><U17/><E17/><V84/><F83/><W54/><G8/><RYUUKYOKU ba="1,0" sc="178,-15,572,15,143,-15,107,15" hai1="56,61,96,97,98,133,135" hai3="13,14,15,24,25,45,48,49,54,55,77,78,79" /><INIT seed="5,2,0,0,2,94" ten="163,587,128,122" oya="1" hai0="66,69,28,58,88,104,33,37,64,19,54,36,31" hai1="106,14,12,44,81,89,83,107,105,125,102,17,76" hai2="121,67,86,25,68,49,112,5,128,65,131,100,11" hai3="30,29,63,129,50,79,97,59,92,8,21,123,22"/><U38/><E125/><V108/><F108/><W114/><G123/><T122/><D104/><U62/><E14/><V1/><F121/><W9/><G114/><T111/><D111/><U48/><E38/><V135/><F135/><W39/><G39/><T133/><D133/><U73/><E62/><V96/><F112/><W32/><G32/><T2/><D2/><U51/><E51/><V119/><F119/><W118/><G79/><T15/><D36/><U126/><E126/><V4/><F4/><W99/><G129/><N who="2" m="49737" /><F68/><W20/><G50/><T24/><D31/><N who="3" m="11785" /><G118/><T91/><D37/><U84/><E102/><V40/><F25/><W109/><G109/><T60/><D122/><U46/><E46/><N who="2" m="25799" /><F86/><W116/><G116/><T35/><D35/><U47/><REACH who="1" step="1"/><E48/><REACH who="1" ten="163,577,128,122" step="2"/><V10/><F10/><AGARI ba="2,1" hai="10,12,17,44,47,73,76,81,83,84,89,105,106,107" machi="10" ten="40,3900,0" yaku="1,1,2,1,53,0" doraHai="94" doraHaiUra="57" who="1" fromWho="2" sc="163,0,577,55,128,-45,122,0" /><INIT seed="5,3,0,0,3,15" ten="163,632,83,122" oya="1" hai0="99,78,37,19,97,43,76,68,9,14,13,135,50" hai1="64,25,6,38,81,4,92,74,16,94,121,29,20" hai2="47,96,34,134,18,109,3,48,61,123,56,46,77" hai3="72,27,110,36,90,66,60,71,105,52,129,8,87"/><U85/><E121/><V83/><F109/><W119/><G110/><T117/><D37/><U59/><E74/><V42/><F123/><W125/><G72/><T112/><D68/><U30/><E38/><V132/><F3/><W75/><G75/><T118/><D112/><U21/><E64/><V79/><F34/><W124/><G36/><T113/><D113/><U35/><E59/><V55/><F96/><W82/><G105/><T45/><D135/><N who="2" m="51754" /><F83/><W63/><G129/><T120/><D120/><U40/><E40/><N who="2" m="24647" /><F18/><W106/><G106/><T103/><D99/><U62/><E62/><V116/><F116/><W70/><G119/><T7/><D118/><U95/><E35/><V41/><F41/><W104/><G104/><T32/><D32/><U24/><REACH who="1" step="1"/><E29/><REACH who="1" ten="163,622,83,122" step="2"/><V33/><F33/><W51/><G63/><T49/><D117/><U115/><E115/><V108/><F108/><W58/><G71/><T17/><D43/><U65/><E65/><V23/><F23/><W111/><G111/><T101/><D49/><AGARI ba="3,1" hai="42,47,49,55,56,61,77,79" m="24647,51754" machi="49" ten="30,1000,0" yaku="20,1" doraHai="15" who="2" fromWho="0" sc="163,-19,622,0,83,29,122,0" /><INIT seed="6,0,0,5,5,18" ten="144,622,112,122" oya="2" hai0="57,91,124,127,131,67,26,43,47,117,5,115,130" hai1="36,24,3,52,66,1,123,105,88,62,70,22,4" hai2="76,71,16,30,112,20,73,10,29,135,63,87,78" hai3="68,93,31,69,27,108,25,6,48,101,134,55,114"/><V15/><F73/><W110/><G6/><T119/><D5/><U99/><E36/><V42/><F112/><W116/><G116/><N who="0" m="44619" /><D91/><U111/><E111/><V83/><F135/><W102/><G134/><T77/><D77/><U133/><E133/><V128/><F128/><N who="0" m="49194" /><D26/><U41/><E41/><V40/><F76/><W126/><G114/><T121/><D121/><U46/><E4/><N who="2" m="3527" /><F63/><W8/><G8/><T72/><D72/><U17/><E123/><V85/><F71/><W90/><G69/><T118/><D115/><U21/><E21/><V59/><F59/><W82/><G68/><T95/><D95/><U79/><E79/><V14/><F87/><W13/><G82/><T107/><D107/><U2/><E105/><V12/><F12/><W44/><G13/><T129/><D129/><U61/><E46/><V9/><F30/><W106/><G27/><AGARI ba="0,0" hai="9,14,16,20,27,29,40,42,78,83,85" m="3527" machi="27" ten="30,5800,0" yaku="8,1,52,1,54,1" doraHai="18" who="2" fromWho="3" sc="144,0,622,0,112,58,122,-58" /><INIT seed="6,1,0,4,4,96" ten="144,622,170,64" oya="2" hai0="13,77,47,85,68,57,120,134,82,128,100,44,116" hai1="89,117,65,126,50,75,135,86,14,83,61,60,21" hai2="70,27,107,7,34,38,88,102,90,55,71,118,80" hai3="114,1,58,29,132,91,5,56,45,22,11,119,25"/><V51/><F38/><W98/><G119/><T84/><D68/><U40/><E117/><V101/><F118/><W122/><G122/><T39/><D120/><U121/><E121/><V123/><F123/><W97/><G132/><T104/><D134/><U42/><E135/><V4/><F107/><W48/><G114/><T62/><D128/><U115/><E126/><V111/><F111/><W59/><REACH who="3" step="1"/><G91/><REACH who="3" ten="144,622,170,54" step="2"/><T63/><D116/><U127/><E115/><V79/><F88/><W133/><G133/><T35/><D77/><U49/><E127/><V66/><F90/><W16/><G16/><T53/><D35/><U108/><E108/><V110/><F79/><W92/><G92/><T8/><D104/><U129/><E129/><V32/><F34/><W95/><G95/><T76/><D76/><U19/><E75/><V9/><F32/><W23/><G23/><T106/><D106/><U31/><E31/><V0/><F110/><W43/><AGARI ba="1,1" hai="1,5,11,22,25,29,43,45,48,56,58,59,97,98" machi="43" ten="30,2000,0" yaku="1,1,0,1,53,0" doraHai="96" doraHaiUra="105" who="3" fromWho="3" sc="144,-6,622,-6,170,-11,54,33" /><INIT seed="7,0,0,1,1,26" ten="138,616,159,87" oya="3" hai0="62,6,98,61,23,103,69,130,37,44,27,29,131" hai1="25,128,9,30,77,107,10,64,86,101,83,43,85" hai2="42,74,124,134,123,34,79,5,93,129,126,67,63" hai3="90,94,57,33,99,50,2,16,116,60,48,18,80"/><W100/><G116/><T127/><D127/><N who="2" m="48682" /><F34/><W84/><G33/><T15/><D69/><U38/><E128/><N who="0" m="49193" /><D6/><U89/><E64/><V75/><F129/><W7/><G2/><T70/><D70/><U21/><E38/><V78/><F134/><W8/><G7/><T31/><D15/><U105/><E43/><V76/><F123/><W56/><G56/><T66/><D66/><U68/><E68/><N who="2" m="42111" /><F42/><W12/><REACH who="3" step="1"/><G18/><REACH who="3" ten="138,616,159,77" step="2"/><T58/><D58/><U104/><REACH who="1" step="1"/><E101/><REACH who="1" ten="138,606,159,77" step="2"/><V28/><F5/><W92/><G92/><AGARI ba="0,2" hai="9,10,21,25,30,77,83,85,86,89,92,104,105,107" machi="92" ten="40,5200,0" yaku="1,1,2,1,52,1,53,0" doraHai="26" doraHaiUra="47" who="1" fromWho="3" sc="138,0,606,72,159,0,77,-52" owari="138,-26.0,678,77.0,159,-4.0,25,-47.0" /></mjloggm>