<mjloggm ver="2.3"><GO type="185" lobby="0"/><UN n0="%79%61%6F%39" n1="%68%6F%70%70%6F%31%32%33" n2="%68%69%72%6F%6E%6E%32%30" n3="" dan="16,16,17,0" rate="2074.65,2090.23,2215.20,1500.00" sx="M,M,M,C"/><TAIKYOKU oya="0"/><INIT seed="0,0,0,0,5,62" ten="350,350,350,0" oya="0" hai0="89,50,110,55,67,114,130,1,51,49,33,40,108" hai1="117,122,101,53,96,57,43,42,93,124,95,131,84" hai2="34,126,83,45,90,88,121,125,112,64,135,72,133" hai3=""/><T75/><D1/><U78/><N who="1" m="31264" /><U123/><N who="1" m="31520" /><U105/><E124/><N who="2" m="47723" /><F34/><T36/><D33/><U59/><E131/><V52/><N who="2" m="31008" /><V77/><F112/><T132/><D75/><U129/><E129/><V92/><F64/><T71/><D130/><U116/><E59/><V97/><F90/><T32/><D32/><U56/><E56/><V127/><N who="2" m="47731" /><V102/><DORA hai="134" /><F102/><T3/><D3/><U47/><E42/><V109/><F109/><N who="0" m="42090" /><D114/><U61/><E105/><V119/><F119/><T65/><D132/><U87/><E87/><V0/><F0/><T35/><D35/><U2/><E2/><V63/><F63/><T79/><D79/><U118/><E117/><V82/><F83/><T48/><D89/><U41/><E116/><V113/><F113/><T94/><D71/><U68/><E68/><V115/><F115/><T73/><D94/><U120/><N who="1" m="30752" /><U58/><E118/><V91/><F91/><T128/><D128/><U100/><E101/><V74/><F74/><T66/><D73/><U46/><E100/><V111/><F111/><T98/><D98/><U107/><E96/><V70/><F70/><T69/><D69/><U103/><E103/><V54/><F54/><T81/><D55/><RYUUKYOKU ba="0,0" sc="350,-10,350,-10,350,20,0,0" hai2="45,52,72,77,82,88,92,97,133,135" /><INIT seed="1,1,0,5,1,101" ten="340,340,370,0" oya="1" hai0="133,41,70,53,62,76,42,92,43,80,2,115,59" hai1="73,124,44,108,3,112,65,91,72,100,83,96,97" hai2="87,48,58,75,93,37,74,134,40,103,60,95,125" hai3=""/><U71/><E112/><V78/><F37/><T90/><D2/><U131/><E124/><V128/><F134/><T61/><D133/><U77/><E131/><V114/><F114/><T105/><D105/><U106/><E3/><V111/><F111/><T32/><D32/><U130/><E130/><V1/><F1/><T33/><D33/><U52/><E108/><V45/><F125/><T49/><D70/><U46/><E65/><V126/><F128/><T39/><D39/><U54/><E71/><V69/><F69/><T0/><D0/><U35/><E35/><V129/><F129/><T57/><D57/><U85/><E96/><V109/><F109/><T55/><D55/><U84/><E84/><V68/><F126/><T121/><N who="0" m="31008" /><T104/><D104/><U64/><E64/><V50/><F75/><T51/><D62/><U38/><E73/><V122/><F74/><T127/><D127/><U36/><E38/><V86/><F68/><T56/><D115/><U107/><E36/><V34/><F34/><T94/><D90/><U116/><E107/><V110/><F110/><T81/><D76/><U123/><N who="1" m="31520" /><U88/><E91/><V47/><F122/><T102/><D102/><U98/><E100/><V113/><F113/><RYUUKYOKU type="nm" ba="1,0" sc="340,-20,340,-40,370,60,0,0" /><INIT seed="2,2,0,2,5,65" ten="320,300,430,0" oya="2" hai0="67,106,98,97,0,131,56,135,70,60,107,38,45" hai1="92,78,69,91,118,79,133,119,128,122,41,132,102" hai2="116,121,127,64,112,108,95,105,130,46,48,126,82" hai3=""/><V52/><N who="2" m="31008" /><V33/><F33/><T74/><D0/><U120/><N who="1" m="30752" /><U113/><N who="1" m="31264" /><U50/><E102/><V75/><F116/><N who="1" m="44585" /><E113/><V77/><F105/><T115/><D74/><U66/><E41/><V53/><F112/><T125/><D115/><U83/><E50/><V1/><F1/><T36/><D36/><U87/><E128/><V89/><F130/><T73/><D38/><U109/><E109/><V123/><N who="2" m="31520" /><V62/><F108/><T68/><D107/><U103/><E103/><V58/><REACH who="2" step="1"/><F53/><REACH who="2" ten="320,300,420,0" step="2"/><T49/><D106/><U44/><E132/><V72/><F72/><T96/><D73/><U39/><E133/><V100/><F100/><T129/><D135/><U42/><E66/><V54/><F54/><T81/><D129/><U80/><E79/><V71/><F71/><T34/><D131/><U61/><E78/><V59/><F59/><T57/><D68/><U84/><E69/><V114/><F114/><T40/><D34/><U134/><E134/><V90/><F90/><T55/><D70/><U2/><E2/><V93/><F93/><T110/><D110/><U88/><E88/><V85/><AGARI ba="2,1" hai="46,48,52,58,62,64,75,77,82,85,89,95,126,127" m="31520,31008" machi="85" ten="30,8000,1" yaku="1,1,0,1,52,2,54,1,53,0" doraHai="65" doraHaiUra="35" who="2" fromWho="2" sc="320,-42,300,-42,420,94,0,0" /><INIT seed="2,3,0,1,5,2" ten="278,258,514,0" oya="2" hai0="48,37,72,132,74,112,130,59,1,47,60,52,129" hai1="3,134,108,120,123,79,90,89,125,124,82,62,91" hai2="85,35,46,54,50,100,94,118,103,71,39,109,76" hai3=""/><V92/><F118/><T86/><D1/><U51/><N who="1" m="30752" /><U97/><N who="1" m="31520" /><U57/><E108/><V56/><F109/><T66/><D132/><U96/><E134/><V98/><F71/><T135/><D135/><U88/><E51/><V0/><F0/><T119/><D119/><U115/><N who="1" m="22528" /><DORA hai="34" /><U64/><E115/><V106/><F35/><T127/><D86/><U63/><E63/><V61/><F100/><T40/><D112/><U111/><E111/><V121/><N who="2" m="31008" /><V55/><REACH who="2" step="1"/><F39/><REACH who="2" ten="278,258,504,0" step="2"/><T110/><D110/><U128/><E3/><V101/><F101/><T38/><D38/><U42/><E128/><N who="0" m="49257" /><D127/><N who="1" m="48715" /><E42/><V49/><F49/><T70/><AGARI ba="3,1" hai="37,40,47,48,52,59,60,66,70,72,74" m="49257" machi="70" ten="30,3000,0" yaku="24,1,19,1,54,1" doraHai="2,34" who="0" fromWho="0" sc="278,46,258,-13,504,-23,0,0" /><INIT seed="4,0,0,5,5,32" ten="324,245,481,0" oya="0" hai0="55,49,42,1,125,90,57,70,109,86,63,101,79" hai1="80,108,71,74,72,131,135,130,121,76,54,127,97" hai2="39,92,50,111,126,64,33,112,114,104,41,43,94" hai3=""/><T99/><D125/><U73/><N who="1" m="31008" /><U48/><E71/><V124/><F111/><T113/><D113/><N who="2" m="43626" /><F104/><T102/><D109/><U78/><E108/><V107/><F107/><T105/><D79/><U51/><E127/><N who="2" m="48683" /><F39/><T82/><D101/><U45/><E135/><V96/><F64/><T128/><D128/><N who="1" m="49195" /><E97/><V58/><F33/><T134/><D134/><U34/><E34/><V62/><F62/><T40/><D1/><U3/><E3/><V36/><F36/><T98/><REACH who="0" step="1"/><D99/><REACH who="0" ten="314,245,481,0" step="2"/><U103/><E103/><V115/><F96/><T52/><D52/><U93/><E78/><V47/><F115/><T35/><D35/><U100/><E100/><V69/><F43/><T95/><D95/><U91/><E93/><V2/><F2/><T81/><D81/><U117/><E91/><V68/><F94/><T88/><D88/><U133/><E133/><V84/><F92/><T83/><D83/><U87/><E117/><V77/><F77/><T53/><D53/><U66/><E66/><AGARI ba="0,1" hai="40,42,49,55,57,63,66,70,82,86,90,98,102,105" machi="66" ten="40,7700,0" yaku="1,1,53,2" doraHai="32" doraHaiUra="37" who="0" fromWho="1" sc="314,87,245,-77,481,0,0,0" /><INIT seed="4,1,0,0,3,98" ten="401,168,481,0" oya="0" hai0="34,127,48,135,93,53,72,55,125,79,92,56,116" hai1="86,81,129,44,105,50,130,133,3,96,46,66,90" hai2="80,124,121,88,64,52,87,122,118,39,37,59,94" hai3=""/><T63/><D116/><U120/><N who="1" m="30752" /><U45/><E3/><V115/><N who="2" m="31008" /><V110/><N who="2" m="31264" /><V0/><F110/><T2/><D34/><U41/><E133/><V54/><F0/><T84/><D72/><U47/><E66/><V131/><F118/><T112/><D2/><U71/><E71/><V102/><F115/><T77/><D112/><U97/><REACH who="1" step="1"/><E105/><REACH who="1" ten="401,158,481,0" step="2"/><V75/><F64/><T1/><D135/><U109/><E109/><V113/><F113/><T82/><D1/><U43/><E43/><V107/><F107/><T101/><D125/><U51/><E51/><V108/><F124/><T119/><D119/><U85/><E85/><V126/><F108/><T69/><D69/><U100/><E100/><V40/><F126/><T111/><D111/><U99/><AGARI ba="1,1" hai="41,44,45,46,47,50,81,86,90,96,97,99,129,130" m="30752" machi="99" ten="40,6000,1" yaku="1,1,0,1,52,1,53,1" doraHai="98" doraHaiUra="78" who="1" fromWho="1" sc="401,-41,158,72,481,-21,0,0" /><INIT seed="5,0,0,1,0,64" ten="360,230,460,0" oya="1" hai0="127,58,115,106,39,121,130,69,49,96,84,83,68" hai1="52,132,73,32,44,34,33,104,59,118,51,92,63" hai2="116,107,124,86,45,99,79,109,36,82,62,74,97" hai3=""/><U126/><E118/><V123/><N who="2" m="31520" /><V37/><F109/><T88/><N who="0" m="31008" /><T95/><D39/><U75/><E104/><V47/><F124/><T112/><D127/><U120/><N who="1" m="30752" /><U94/><E126/><V40/><F116/><T38/><D38/><U61/><E132/><V134/><F134/><T114/><D130/><U108/><E108/><V117/><F117/><T98/><D106/><U100/><E100/><V76/><F107/><T131/><D131/><U65/><REACH who="1" step="1"/><E61/><REACH who="1" ten="360,220,460,0" step="2"/><V56/><F74/><AGARI ba="0,1" hai="32,33,34,44,51,52,59,63,65,73,74,75,92,94" m="30752" machi="74" ten="50,18000,2" yaku="1,1,2,1,52,1,54,1,53,3" doraHai="64" doraHaiUra="105" who="1" fromWho="2" sc="360,0,220,190,460,-180,0,0" /><INIT seed="5,1,0,5,5,53" ten="360,410,280,0" oya="1" hai0="128,99,50,45,100,107,54,63,126,116,1,86,60" hai1="122,41,105,135,68,82,2,129,67,103,70,39,121" hai2="119,55,3,71,98,87,127,120,125,79,111,97,88" hai3=""/><U90/><N who="1" m="31008" /><U37/><N who="1" m="31264" /><U64/><E135/><V78/><N who="2" m="30752" /><V92/><F71/><T35/><D1/><U118/><E118/><V47/><F3/><T65/><D35/><U69/><E2/><V66/><F66/><T44/><D116/><U76/><E129/><V114/><F111/><T81/><D126/><N who="2" m="48138" /><F119/><T33/><D33/><U74/><E41/><V34/><F34/><T49/><D128/><U84/><E64/><V80/><F114/><T61/><D49/><U132/><E132/><V48/><F79/><T112/><D44/><U62/><E103/><V123/><N who="2" m="31520" /><V51/><F51/><T113/><REACH who="0" step="1"/><D65/><REACH who="0" ten="350,410,280,0" step="2"/><U83/><REACH who="1" step="1"/><E105/><REACH who="1" ten="350,400,280,0" step="2"/><V0/><F0/><T110/><D110/><U52/><E52/><V102/><F102/><T94/><D94/><U73/><E73/><AGARI ba="1,2" hai="47,48,55,73,78,80,87,88,92,97,98" m="31520,48138,30752" machi="73" ten="30,7700,0" yaku="18,1,52,2,54,1" doraHai="53" who="2" fromWho="1" sc="350,0,400,-79,280,99,0,0" /><INIT seed="6,0,0,5,4,122" ten="350,321,379,0" oya="2" hai0="109,58,112,127,39,96,119,83,108,134,76,48,94" hai1="3,102,55,84,79,40,124,36,73,91,82,53,0" hai2="117,131,74,57,68,2,72,99,1,115,101,97,85" hai3=""/><V37/><F117/><T104/><D39/><U70/><E70/><V123/><N who="2" m="31520" /><V110/><F37/><T45/><D119/><U132/><E124/><V35/><F35/><T87/><D104/><U59/><E132/><V80/><F68/><T71/><D71/><U41/><E102/><V86/><F115/><T111/><D127/><U54/><E59/><V88/><F131/><T61/><D134/><U43/><REACH who="1" step="1"/><E36/><REACH who="1" ten="350,311,379,0" step="2"/><V92/><F1/><T114/><D58/><U93/><AGARI ba="0,1" hai="0,3,40,41,43,53,54,55,73,79,82,84,91,93" machi="93" ten="30,3000,0" yaku="1,1,2,1,0,1,53,0" doraHai="122" doraHaiUra="64" who="1" fromWho="1" sc="350,-10,311,40,379,-20,0,0" /><INIT seed="8,0,0,3,2,50" ten="340,351,359,0" oya="0" hai0="93,103,80,63,42,34,115,122,48,62,94,102,60" hai1="89,51,45,69,32,43,39,126,129,70,61,56,3" hai2="84,77,76,100,91,58,59,105,57,118,106,44,66" hai3=""/><T71/><N who="0" m="31264" /><T128/><D115/><U85/><E32/><V123/><N who="2" m="31520" /><V83/><F66/><T124/><D34/><U110/><E110/><V98/><F106/><T64/><D71/><U49/><E3/><V81/><F118/><T54/><D64/><U36/><E126/><V132/><F44/><T130/><D42/><U134/><E134/><V2/><F132/><T133/><D80/><U113/><E129/><N who="0" m="49769" /><D124/><U68/><E113/><V97/><F2/><T78/><D78/><U135/><E135/><V87/><F105/><T46/><D133/><U82/><REACH who="1" step="1"/><E36/><REACH who="1" ten="340,341,359,0" step="2"/><V121/><N who="2" m="31008" /><V55/><F100/><AGARI ba="0,1" hai="46,48,54,60,62,63,93,94,100,102,103" m="49769,31264" machi="100" ten="30,5800,0" yaku="19,1,52,2" doraHai="50" who="0" fromWho="2" sc="340,68,341,0,359,-58,0,0" owari="408,36.0,341,-6.0,301,-30.0,0,0.0" /></mjloggm>