<mjloggm ver="2.3"><GO type="185" lobby="0"/><UN n0="%E3%81%BF%E3%83%BC%E3%81%94%E3%81%BE" n1="%79%61%6F%39" n2="%E3%82%B5%E3%83%B3%E3%83%9E%E6%BC%81%E5%B8%AB%4B" n3="" dan="16,16,17,0" rate="2180.88,2080.92,2258.56,1500.00" sx="M,M,M,C"/><TAIKYOKU oya="0"/><INIT seed="0,0,0,0,2,69" ten="350,350,350,0" oya="0" hai0="32,65,60,97,63,39,40,105,46,1,36,56,41" hai1="84,87,94,89,71,33,73,124,77,34,92,37,2" hai2="91,38,67,52,3,79,53,47,135,104,45,112,80" hai3=""/><T116/><D116/><U131/><E2/><V70/><F104/><T74/><D74/><U54/><E71/><V93/><F112/><T43/><D32/><U72/><E77/><V101/><F101/><T129/><D1/><U110/><E54/><V51/><F135/><T68/><D129/><U114/><E89/><V78/><F3/><T122/><N who="0" m="31264" /><T125/><D125/><U85/><E85/><V62/><F80/><T126/><D126/><U113/><E124/><V83/><F83/><T76/><D76/><U49/><E49/><V127/><F127/><T44/><D97/><U117/><E131/><V58/><F47/><N who="0" m="17962" /><D105/><U98/><E98/><V100/><F100/><T48/><D48/><U81/><E81/><V120/><N who="2" m="30752" /><V103/><F103/><T50/><D50/><U134/><E117/><V115/><F115/><T66/><AGARI ba="0,0" hai="36,39,40,41,43,56,60,63,65,66,68" m="17962,31264" machi="66" ten="30,16000,3" yaku="35,5,52,3" doraHai="69" who="0" fromWho="0" sc="350,160,350,-80,350,-80,0,0" /><INIT seed="0,1,0,4,5,46" ten="510,270,270,0" oya="0" hai0="91,83,99,38,113,58,62,61,117,36,115,72,88" hai1="39,112,79,78,68,86,55,80,34,67,63,41,130" hai2="66,32,76,44,132,109,102,84,70,73,71,53,97" hai3=""/><T2/><D2/><U60/><E34/><V64/><F73/><T47/><D117/><U129/><E112/><V40/><F32/><T103/><D115/><U100/><E100/><V96/><F53/><T108/><D113/><U110/><E110/><V101/><F76/><T122/><N who="0" m="31264" /><T74/><D108/><U45/><E79/><V134/><F84/><T107/><D61/><U42/><E42/><V81/><F81/><T35/><D35/><U0/><E0/><V75/><F109/><T90/><D47/><U104/><E104/><V3/><F75/><T126/><D126/><U54/><E60/><V92/><F3/><T59/><D59/><U48/><REACH who="1" step="1"/><E55/><REACH who="1" ten="510,260,270,0" step="2"/><V49/><F66/><T52/><REACH who="0" step="1"/><D72/><REACH who="0" ten="500,260,270,0" step="2"/><U77/><E77/><AGARI ba="1,2" hai="36,38,52,58,62,74,77,83,88,90,91,99,103,107" m="31264" machi="77" ten="40,12000,1" yaku="1,1,2,1,52,1,54,2,53,0" doraHai="46" doraHaiUra="65" who="0" fromWho="1" sc="500,142,260,-122,270,0,0,0" /><INIT seed="0,2,0,5,2,134" ten="642,138,270,0" oya="0" hai0="59,126,95,122,54,124,67,46,55,68,44,87,112" hai1="66,52,37,116,41,50,60,80,114,115,94,96,33" hai2="43,84,39,127,106,107,63,117,113,128,120,93,70" hai3=""/><T121/><N who="0" m="31008" /><T72/><N who="0" m="31264" /><T103/><D72/><U91/><E116/><V98/><N who="2" m="30752" /><V42/><F113/><N who="1" m="43017" /><E33/><V53/><F84/><T32/><D32/><U36/><E41/><V132/><F43/><T58/><D112/><U111/><E111/><V65/><F132/><T34/><D34/><U123/><N who="1" m="31520" /><U85/><E60/><V130/><F53/><N who="0" m="19978" /><D87/><U97/><E66/><V35/><F35/><T101/><D95/><U77/><E97/><V74/><F117/><T104/><D104/><U49/><E49/><V90/><F107/><T2/><D2/><U82/><E80/><V71/><F71/><T88/><D68/><U100/><E77/><V131/><F70/><T48/><D67/><U133/><E133/><V62/><F65/><T73/><D48/><U78/><E78/><V129/><F129/><T3/><D3/><U92/><E92/><V56/><F93/><T1/><D1/><U69/><E69/><V40/><F131/><T83/><D83/><U51/><E51/><V110/><F130/><T75/><D75/><U0/><E0/><V99/><F74/><T64/><D73/><U109/><E109/><V119/><F110/><T57/><D64/><U76/><E76/><V135/><F128/><RYUUKYOKU ba="2,0" sc="642,-10,138,20,270,-10,0,0" hai1="36,37,50,52,82,85,91,94,96,100" /><INIT seed="1,3,0,1,1,78" ten="632,158,260,0" oya="1" hai0="128,86,100,123,3,87,71,105,115,131,116,33,54" hai1="117,89,96,69,40,38,112,106,76,32,74,34,75" hai2="59,47,98,43,133,82,103,70,73,66,129,60,63" hai3=""/><U42/><E112/><V88/><F133/><T51/><N who="0" m="31520" /><T132/><D3/><U85/><E117/><V56/><F129/><N who="0" m="49738" /><D33/><U72/><E69/><V52/><F73/><T49/><D132/><U119/><E119/><V92/><F70/><T50/><D115/><U83/><E89/><V93/><F82/><T125/><D125/><U107/><E107/><V53/><F66/><T111/><D111/><U68/><E68/><V126/><F126/><T37/><D37/><U41/><REACH who="1" step="1"/><E38/><REACH who="1" ten="632,148,260,0" step="2"/><V99/><F99/><T102/><D71/><U48/><E48/><V44/><F88/><T65/><D116/><U79/><E79/><V39/><REACH who="2" step="1"/><F47/><REACH who="2" ten="632,148,250,0" step="2"/><T81/><D105/><AGARI ba="3,2" hai="39,43,44,52,53,56,59,60,63,92,93,98,103,105" machi="105" ten="30,8000,1" yaku="1,1,2,1,7,1,9,1,54,1,53,0" doraHai="78" doraHaiUra="122" who="2" fromWho="0" sc="632,-86,148,0,250,106,0,0" /><INIT seed="2,0,0,2,3,62" ten="546,148,356,0" oya="2" hai0="133,91,97,56,42,101,83,120,112,100,48,40,102" hai1="123,129,43,115,111,35,98,39,54,72,68,38,105" hai2="2,64,122,44,60,73,85,45,67,114,125,32,80" hai3=""/><V41/><N who="2" m="31264" /><V127/><F73/><T89/><N who="0" m="30752" /><T94/><D133/><U74/><E54/><V103/><F2/><T59/><D112/><U113/><E43/><N who="0" m="16425" /><D48/><U107/><E98/><V55/><F32/><T51/><D51/><U118/><E105/><V121/><N who="2" m="31008" /><V86/><F114/><T119/><D119/><U58/><E58/><N who="0" m="22057" /><D89/><U33/><E74/><V46/><F41/><T36/><D36/><U34/><E33/><V76/><F55/><T49/><D49/><U77/><E77/><V108/><F60/><T95/><D95/><U116/><E115/><V99/><F86/><AGARI ba="0,0" hai="83,86,91,94,97,100,101,102" m="22057,16425,30752" machi="86" ten="30,2000,0" yaku="8,1,52,1" doraHai="62" who="0" fromWho="2" sc="546,20,148,0,356,-20,0,0" /><INIT seed="4,0,0,2,5,87" ten="566,148,336,0" oya="0" hai0="132,130,121,64,0,46,113,42,59,50,83,134,112" hai1="88,100,86,63,35,69,52,89,80,77,108,76,114" hai2="44,70,62,56,131,120,133,128,124,57,85,34,104" hai3=""/><T71/><N who="0" m="31008" /><T58/><D0/><U79/><E108/><V91/><N who="2" m="30752" /><V96/><F34/><T82/><D130/><N who="2" m="49706" /><F133/><N who="0" m="51306" /><D83/><U2/><E2/><V47/><F70/><T111/><D82/><U125/><E35/><V122/><N who="2" m="31264" /><V115/><F115/><N who="0" m="44106" /><D111/><U101/><E114/><V33/><F124/><T93/><D93/><U67/><E125/><V84/><F57/><N who="0" m="21514" /><D64/><U32/><E32/><V60/><F33/><T105/><D105/><U135/><E135/><V102/><F62/><T51/><D71/><U68/><E68/><V38/><F91/><T103/><D103/><U39/><E39/><AGARI ba="0,0" hai="39,42,46,50,51" m="21514,44106,51306,31008" machi="39" ten="30,12000,1" yaku="20,1,15,1,34,2,52,1" doraHai="87" who="0" fromWho="1" sc="566,120,148,-120,336,0,0,0" /><INIT seed="4,1,0,3,5,45" ten="686,28,336,0" oya="0" hai0="109,92,85,111,97,75,64,83,129,73,133,2,134" hai1="112,55,87,67,52,65,100,34,130,0,1,118,89" hai2="114,113,80,41,99,86,119,125,117,132,104,131,123" hai3=""/><T106/><D2/><U93/><E118/><N who="2" m="45067" /><F41/><T135/><D64/><U121/><N who="1" m="31008" /><U58/><E34/><V33/><N who="2" m="31520" /><V77/><F33/><T78/><D129/><U95/><E130/><V74/><F131/><T82/><D106/><U120/><N who="1" m="30752" /><U32/><E32/><V79/><F132/><T84/><D84/><U46/><E112/><N who="2" m="43115" /><F125/><T68/><D68/><U51/><E0/><V56/><F56/><T70/><D70/><U47/><E1/><V122/><N who="2" m="31264" /><V63/><F63/><T49/><D49/><U61/><E46/><V42/><F42/><T105/><D105/><U115/><E115/><V127/><F127/><T59/><D59/><U38/><E38/><V62/><F62/><T81/><D73/><U76/><E76/><V60/><F60/><T98/><D75/><U116/><E116/><V53/><F53/><T110/><D98/><AGARI ba="1,0" hai="47,51,52,55,58,61,65,67,87,89,93,95,98,100" m="30752,31008" machi="98" ten="40,8000,1" yaku="8,1,52,3,54,1" doraHai="45" who="1" fromWho="0" sc="686,-82,28,82,336,0,0,0" /><INIT seed="5,0,0,4,2,120" ten="604,110,336,0" oya="1" hai0="47,113,2,135,111,62,36,83,46,45,127,56,93" hai1="126,74,128,115,51,97,1,72,0,119,99,79,55" hai2="78,102,61,134,101,109,34,123,67,44,60,117,112" hai3=""/><U35/><E119/><V70/><N who="2" m="31520" /><V131/><F117/><T85/><D2/><U107/><E35/><V52/><F34/><T90/><D111/><U106/><E115/><V66/><F109/><T42/><D113/><U88/><E126/><V53/><F112/><T64/><D135/><U37/><E37/><V69/><F134/><T114/><D127/><U38/><E38/><V105/><F131/><T76/><D114/><U49/><E79/><V33/><F33/><T75/><AGARI ba="0,0" hai="36,42,45,46,47,56,62,64,75,76,83,85,90,93" machi="75" ten="20,1100,0" yaku="0,1,7,1" doraHai="120" who="0" fromWho="0" sc="604,11,110,-7,336,-4,0,0" /><INIT seed="6,0,0,1,4,49" ten="615,103,332,0" oya="2" hai0="100,106,113,132,51,73,48,35,45,78,121,79,43" hai1="125,2,111,34,67,86,33,41,47,71,90,50,64" hai2="135,116,75,70,76,36,91,39,130,69,72,44,108" hai3=""/><V77/><F116/><T101/><N who="0" m="31008" /><T57/><D35/><U114/><E90/><V56/><F135/><T94/><D132/><U110/><E86/><V102/><F102/><N who="0" m="39530" /><D106/><U122/><N who="1" m="31264" /><U107/><E107/><V95/><F56/><T112/><D73/><U63/><E2/><V0/><F44/><T99/><D112/><U103/><E103/><V3/><F95/><T117/><D113/><U127/><E33/><V120/><N who="2" m="30752" /><V80/><F108/><T133/><D133/><U58/><E34/><V98/><F130/><T53/><D117/><U129/><E114/><V131/><F131/><T62/><D62/><U66/><E129/><V88/><F98/><T104/><D104/><U96/><E96/><V74/><F74/><T84/><D99/><U52/><E71/><V128/><F128/><T93/><D84/><U42/><E42/><V85/><F85/><T97/><D97/><U134/><E134/><V61/><F80/><T126/><D93/><U87/><E87/><V37/><F91/><T83/><D94/><U46/><E46/><V118/><F88/><T38/><D83/><U55/><E41/><V92/><F75/><T82/><D57/><U109/><AGARI ba="0,0" hai="47,50,52,55,58,63,64,66,67,109,110,111,125,127" m="31264" machi="109" ten="40,12000,3" yaku="0,1,34,3,52,3,54,1" doraHai="49" who="1" fromWho="1" sc="615,-40,103,120,332,-80,0,0" owari="575,53.0,223,-38.0,252,-15.0,0,0.0" /></mjloggm>