<mjloggm ver="2.3"><GO type="169" lobby="0"/><UN n0="%73%61%6C%61%6D%61%6E" n1="%E3%82%AE%E3%82%AC%E3%83%9E%E3%82%A4%E3%83%B3" n2="%E6%AD%8C%E8%88%9E%E4%BC%8E%E5%90%9B" n3="%E3%81%B5%E3%81%8B" dan="16,16,16,18" rate="2096.34,2129.83,2098.53,2248.52" sx="M,M,M,M"/><TAIKYOKU oya="0"/><INIT seed="0,0,0,5,2,124" ten="250,250,250,250" oya="0" hai0="112,30,10,74,78,109,48,71,90,115,110,75,68" hai1="8,60,116,16,44,81,65,22,83,87,94,21,129" hai2="14,107,12,89,73,45,51,114,31,82,127,38,130" hai3="36,123,126,4,52,134,58,37,64,56,69,105,7"/><T92/><D30/><U3/><E116/><V32/><F107/><W19/><G105/><T27/><D27/><U77/><E129/><V108/><F114/><N who="0" m="43562" /><D10/><U28/><E28/><V15/><F38/><W128/><G69/><N who="0" m="26699" /><D48/><U0/><E8/><V79/><F127/><W5/><G126/><T86/><D78/><U18/><E94/><V117/><F117/><W113/><G113/><T100/><D100/><U131/><E131/><V13/><F130/><W84/><G7/><T98/><D98/><U59/><E44/><V17/><F89/><W24/><G24/><T43/><D43/><U50/><E50/><V55/><F31/><W70/><G4/><T132/><D132/><U2/><REACH who="1" step="1"/><E83/><REACH who="1" ten="250,240,250,250" step="2"/><V120/><F32/><W133/><G128/><T106/><D106/><U88/><E88/><V97/><F82/><W47/><G47/><T63/><D63/><U41/><E41/><V62/><F62/><W54/><G133/><T9/><D9/><U34/><E34/><V93/><F93/><W91/><G91/><T46/><D46/><U119/><E119/><V72/><F45/><W118/><G134/><T104/><D104/><U103/><E103/><V67/><F51/><W99/><G118/><T111/><AGARI ba="0,1" hai="74,75,86,90,92,109,110,111" m="26699,43562" machi="111" ten="40,3900,0" yaku="14,1,10,1" doraHai="124" who="0" fromWho="0" sc="250,49,240,-13,250,-13,250,-13" /><INIT seed="0,1,0,3,5,1" ten="299,227,237,237" oya="0" hai0="115,52,87,124,97,28,71,67,59,82,126,123,13" hai1="18,128,99,17,22,32,101,116,132,105,57,46,12" hai2="75,50,83,40,120,16,109,27,30,119,118,129,94" hai3="20,78,64,23,38,21,54,133,14,88,49,117,106"/><T61/><D123/><U0/><E116/><V29/><F120/><W72/><G117/><N who="2" m="44553" /><F109/><W34/><G34/><T70/><D115/><U65/><E32/><V104/><F104/><W93/><G38/><T125/><D28/><U58/><E0/><V42/><F129/><W114/><G114/><T39/><D39/><U48/><E132/><V102/><F50/><W55/><G106/><T96/><D13/><U111/><E65/><V7/><F7/><W11/><G133/><T127/><N who="0" m="31744" /><DORA hai="31" /><T10/><D10/><U73/><E73/><V51/><F51/><W100/><G100/><T134/><D134/><U37/><E37/><V36/><F94/><W84/><G64/><T86/><D86/><U33/><E33/><V35/><F102/><W56/><G54/><T15/><D15/><U95/><E111/><V131/><F30/><W44/><G72/><T112/><D112/><U110/><E110/><V74/><F131/><W4/><REACH who="3" step="1"/><G78/><REACH who="3" ten="299,227,237,227" step="2"/><N who="0" m="46551" /><D71/><U25/><E128/><V89/><F36/><W77/><G77/><T60/><AGARI ba="1,1" hai="52,59,60,61,67,70,96,97" m="46551,31744" machi="60" ten="60,6000,0" yaku="18,1,54,1" doraHai="1,31" who="0" fromWho="0" sc="299,73,227,-21,237,-21,227,-21" /><INIT seed="0,2,0,1,3,24" ten="372,206,216,206" oya="0" hai0="101,75,39,5,72,53,29,92,56,23,44,60,50" hai1="110,96,59,82,37,78,87,25,88,84,1,46,113" hai2="41,127,117,98,106,34,70,26,15,119,122,111,42" hai3="109,63,27,89,33,105,97,128,49,57,61,12,71"/><T125/><D125/><U131/><E1/><V85/><F122/><W4/><G109/><T73/><D39/><U22/><E110/><V129/><F111/><W99/><G128/><T69/><D69/><U102/><E131/><V2/><F129/><W45/><G71/><T77/><D5/><U7/><E7/><V118/><F2/><W103/><G57/><T10/><D10/><U48/><E59/><V16/><F127/><W93/><G27/><N who="0" m="16639" /><D77/><U38/><E113/><V114/><F70/><W83/><G83/><T31/><D31/><U94/><E48/><V90/><F26/><W95/><G105/><T35/><D35/><U40/><E38/><V121/><F34/><W79/><G79/><T135/><D135/><U116/><E116/><V68/><F114/><W115/><G33/><T133/><D133/><U132/><E132/><V13/><F13/><W47/><G115/><T104/><D104/><U54/><E54/><V19/><F121/><W21/><G21/><T8/><D8/><U30/><REACH who="1" step="1"/><E102/><REACH who="1" ten="372,196,216,206" step="2"/><N who="2" m="62807" /><F68/><W64/><G103/><T81/><D50/><U120/><E120/><V62/><F62/><W65/><G4/><T112/><D53/><U100/><E100/><V76/><F117/><W28/><G49/><T18/><D56/><U17/><E17/><V20/><F118/><W74/><G63/><T86/><D60/><U0/><E0/><V80/><F119/><W126/><G61/><T67/><D18/><U123/><E123/><V58/><F19/><W36/><G36/><T52/><D112/><U130/><E130/><V6/><F58/><W43/><G126/><RYUUKYOKU ba="2,1" sc="372,-10,196,30,216,-10,206,-10" hai1="22,25,30,37,40,46,78,82,84,87,88,94,96" /><INIT seed="1,3,1,5,0,81" ten="362,226,206,196" oya="1" hai0="93,63,113,106,117,46,1,29,48,111,67,89,3" hai1="71,87,27,8,118,53,36,10,13,18,7,30,115" hai2="85,0,6,126,104,5,82,98,11,70,77,73,50" hai3="132,58,79,33,34,124,66,14,23,130,78,112,119"/><U41/><E118/><V2/><F126/><W15/><G112/><T69/><D106/><U39/><E115/><V108/><F108/><W45/><G124/><T65/><D113/><U62/><E41/><V26/><F70/><W37/><G119/><T134/><D117/><U123/><E123/><V102/><F26/><W125/><G125/><T24/><D67/><U74/><E74/><V44/><F6/><W84/><G37/><T19/><D19/><U28/><E28/><V60/><F60/><W22/><G45/><T43/><D134/><U100/><E100/><V61/><F61/><W129/><G58/><T107/><D107/><U96/><E96/><V103/><F102/><W95/><G95/><T114/><D111/><U80/><E53/><V31/><F31/><W127/><G127/><T135/><D135/><U76/><E62/><V109/><F109/><W51/><G51/><T92/><D92/><U17/><E71/><V68/><F68/><W12/><G12/><T40/><D40/><U116/><E18/><V25/><F25/><W52/><G132/><T64/><D64/><U21/><REACH who="1" step="1"/><E116/><REACH who="1" ten="362,216,206,196" step="2"/><V120/><F120/><W131/><G131/><T38/><D114/><U42/><E42/><N who="2" m="24855" /><F73/><W75/><G75/><T47/><D38/><U86/><E86/><V20/><F85/><W49/><G66/><T99/><D46/><U90/><E90/><V56/><F103/><W94/><G84/><T91/><D89/><U16/><E16/><V110/><F110/><W4/><G129/><T57/><D69/><U101/><E101/><V122/><F122/><W128/><G130/><RYUUKYOKU ba="3,2" sc="362,15,216,15,206,-15,196,-15" hai0="1,3,24,29,43,47,48,57,63,65,91,93,99" hai1="7,8,10,13,17,21,27,30,36,39,76,80,87" /><INIT seed="1,4,2,5,5,43" ten="377,231,191,181" oya="1" hai0="131,23,49,89,68,52,13,91,47,95,30,81,114" hai1="37,14,120,16,28,66,87,15,72,118,44,115,64" hai2="116,83,121,104,7,63,128,126,57,27,48,113,103" hai3="134,40,92,6,46,33,135,107,127,4,73,8,109"/><U24/><E120/><V19/><F121/><W42/><G107/><T119/><D114/><U86/><E115/><V18/><F113/><W117/><G33/><T36/><D119/><U67/><E72/><V54/><F116/><W32/><G117/><T34/><D68/><U38/><E118/><V58/><F128/><W74/><G32/><T70/><D70/><U97/><E97/><V31/><F126/><W29/><G29/><T51/><D36/><U132/><E132/><N who="3" m="50730" /><G109/><T75/><D34/><U102/><E102/><V39/><F39/><N who="3" m="21791" /><G127/><T96/><D75/><N who="3" m="28681" /><G42/><N who="0" m="24823" /><D131/><U90/><E14/><V50/><F104/><W125/><G125/><T9/><D30/><U108/><E108/><V82/><F103/><W123/><G123/><T110/><D110/><U84/><E90/><V101/><F101/><W22/><G22/><T79/><D23/><U76/><E76/><V11/><F31/><W124/><G124/><T5/><D79/><U65/><N who="1" m="16384" /><DORA hai="100" /><U99/><E99/><V69/><F69/><W2/><G92/><T10/><D89/><U77/><E77/><V122/><F83/><W112/><G112/><T53/><D81/><U3/><E3/><V129/><F82/><W59/><G59/><N who="0" m="33183" /><D53/><U61/><E86/><V60/><F129/><W20/><G20/><T80/><D80/><U111/><E87/><V41/><F122/><W12/><G2/><T105/><D105/><U88/><E111/><V85/><F85/><W98/><G98/><T56/><D56/><U26/><E84/><V1/><F58/><W106/><G106/><T94/><D94/><U55/><E28/><RYUUKYOKU ba="4,2" sc="377,15,231,-15,191,-15,181,15" hai0="5,9,10,13,91,95,96" hai3="4,6,8,12" /><INIT seed="2,5,2,0,3,124" ten="392,216,176,196" oya="2" hai0="122,28,97,84,132,77,88,120,109,123,45,79,66" hai1="48,5,13,70,110,37,33,12,83,81,59,89,102" hai2="121,61,57,55,0,46,96,31,41,47,35,112,100" hai3="99,22,38,98,3,29,94,67,54,126,63,24,128"/><V85/><F121/><W75/><G3/><T16/><D28/><U72/><E70/><V2/><F112/><W68/><G75/><T8/><D66/><U26/><E37/><V52/><F35/><W30/><G126/><T62/><D62/><U56/><E110/><V71/><F31/><W119/><G119/><T34/><D34/><U64/><E102/><V20/><F20/><W131/><G38/><T107/><D109/><U25/><E72/><V113/><F113/><W111/><G111/><T40/><D97/><U74/><E74/><V135/><F135/><W106/><G30/><T80/><D107/><U82/><E89/><V73/><F73/><W32/><G22/><T49/><REACH who="0" step="1"/><D132/><REACH who="0" ten="382,216,176,196" step="2"/><U105/><E105/><V115/><F115/><W44/><G106/><T7/><D7/><U86/><E5/><V104/><F71/><W90/><REACH who="3" step="1"/><G98/><REACH who="3" ten="382,216,176,186" step="2"/><T23/><D23/><U101/><E33/><V18/><F96/><W6/><G6/><T114/><D114/><U133/><E133/><V69/><F104/><W39/><G39/><T4/><D4/><U14/><E86/><V27/><F85/><W19/><G19/><T51/><D51/><AGARI ba="5,4" hai="24,29,32,44,51,54,63,67,68,90,94,99,128,131" machi="51" ten="40,5200,0" yaku="1,1,52,2,53,0" doraHai="124" doraHaiUra="1" who="3" fromWho="0" sc="382,-67,216,0,176,0,186,107" /><INIT seed="3,0,0,1,0,66" ten="315,216,176,293" oya="3" hai0="34,37,48,70,114,73,4,16,87,28,7,27,94" hai1="119,50,72,29,126,20,77,89,84,132,11,60,47" hai2="80,45,67,63,46,30,33,12,106,118,97,108,131" hai3="64,8,2,22,32,130,102,107,111,54,122,24,69"/><W26/><G122/><T96/><D37/><U53/><E126/><V123/><F118/><W100/><G130/><T5/><D73/><U98/><E132/><V75/><F123/><W18/><G111/><T92/><D114/><U17/><E119/><V113/><F113/><W104/><G54/><T116/><D116/><U38/><E38/><V56/><F131/><W129/><G129/><T112/><D112/><U121/><E121/><V81/><F108/><W39/><G39/><T83/><D48/><U3/><E72/><V65/><F12/><W78/><G78/><T68/><D16/><U51/><E29/><V93/><F67/><W41/><G41/><T55/><D55/><U82/><E51/><V103/><F106/><W128/><G128/><T125/><D125/><U135/><E60/><V85/><F75/><W58/><G58/><T86/><D86/><U35/><E35/><V115/><F115/><W79/><G79/><T105/><D105/><U21/><E135/><V6/><F6/><N who="3" m="1111" /><G104/><T15/><D15/><N who="1" m="7423" /><E3/><V13/><F13/><W42/><G107/><T134/><D134/><U120/><E120/><V31/><F81/><W9/><G9/><T36/><D36/><U71/><E77/><N who="2" m="46223" /><F33/><W95/><G32/><T117/><D117/><U88/><E89/><V52/><F65/><W124/><G124/><T25/><D25/><U19/><E19/><V91/><F91/><W90/><G26/><T109/><D109/><U1/><E1/><V76/><F76/><W110/><G110/><T61/><D34/><U23/><E98/><V40/><F40/><W0/><G42/><RYUUKYOKU ba="0,0" sc="315,-15,216,15,176,15,293,-15" hai1="20,21,23,47,50,53,71,82,84,88" hai2="30,31,45,46,52,56,63,93,97,103" /><INIT seed="4,1,0,0,5,127" ten="300,231,191,278" oya="0" hai0="47,85,100,93,27,54,6,26,76,115,103,45,83" hai1="129,101,62,87,121,23,65,34,69,43,53,48,72" hai2="25,13,122,14,97,46,41,132,52,36,79,68,120" hai3="33,40,114,135,117,24,124,32,98,78,44,57,70"/><T18/><D115/><U30/><E121/><V50/><F132/><W128/><G70/><T102/><D6/><U130/><E72/><V28/><F68/><W99/><G117/><T118/><D118/><U119/><E119/><V86/><F97/><W31/><G124/><T88/><D54/><U22/><E43/><V11/><F14/><W7/><G114/><T109/><D109/><U35/><E101/><V5/><F86/><W133/><G33/><N who="1" m="12298" /><E87/><V91/><F91/><W9/><G78/><T116/><D116/><U1/><E30/><V56/><REACH who="2" step="1"/><F79/><REACH who="2" ten="300,231,181,278" step="2"/><W77/><G77/><T37/><D27/><U89/><E89/><V95/><F95/><W81/><G99/><N who="0" m="57767" /><D37/><U67/><E1/><V94/><F94/><W66/><G98/><T3/><D3/><U73/><E73/><V42/><F42/><W96/><G40/><T126/><D126/><U125/><E125/><V4/><F4/><W104/><G7/><T113/><D113/><U84/><E84/><V131/><F131/><N who="1" m="50185" /><E67/><V90/><F90/><W12/><G66/><T106/><D76/><U80/><E80/><V58/><F58/><AGARI ba="1,1" hai="22,23,48,53,58,62,65,69" m="50185,12298" machi="58" ten="30,7700,0" yaku="19,1,52,3" doraHai="127" who="1" fromWho="2" sc="300,0,231,90,181,-80,278,0" /><INIT seed="5,0,0,4,4,70" ten="300,321,101,278" oya="1" hai0="84,35,103,123,10,75,31,14,79,47,104,100,86" hai1="28,97,112,101,41,9,60,128,64,134,109,111,49" hai2="88,48,11,34,33,19,76,46,6,73,119,117,115" hai3="65,95,2,74,96,125,55,25,106,1,26,20,80"/><U135/><E112/><V24/><F73/><W67/><G106/><T93/><D75/><U61/><E28/><V83/><F115/><W66/><G125/><T50/><D104/><U114/><E9/><V13/><F76/><W124/><G124/><T116/><D35/><U77/><E114/><V92/><F83/><W37/><G37/><T108/><D108/><N who="1" m="41547" /><E77/><V120/><F120/><W29/><G55/><T59/><D31/><U58/><E128/><V82/><F82/><W40/><G40/><T54/><D123/><U89/><E89/><V56/><F56/><W7/><G7/><T4/><D116/><U127/><E127/><V85/><F33/><W113/><G113/><T15/><D15/><U121/><E121/><V105/><F105/><W45/><G45/><T43/><D79/><U23/><E23/><V36/><F36/><W27/><G27/><T0/><D0/><U42/><E61/><V131/><F131/><W107/><G107/><T12/><D12/><U98/><E49/><V21/><REACH who="2" step="1"/><F34/><REACH who="2" ten="300,321,91,278" step="2"/><N who="3" m="20791" /><G74/><T126/><D126/><U18/><E18/><V94/><F94/><W91/><G80/><T122/><D122/><U87/><E87/><V57/><F57/><W133/><G95/><T52/><D59/><U53/><E58/><V71/><F71/><W132/><G66/><T129/><D129/><U38/><E64/><V5/><F5/><W62/><G67/><T118/><D93/><U90/><E38/><V78/><F78/><W68/><G65/><T130/><D130/><U39/><E39/><V51/><F51/><W30/><G68/><T110/><D110/><RYUUKYOKU ba="0,1" sc="300,-10,321,-10,91,30,278,-10" hai2="6,11,13,19,21,24,46,48,85,88,92,117,119" /><INIT seed="6,1,1,1,2,0" ten="290,311,121,268" oya="2" hai0="52,7,116,9,19,98,26,125,106,61,42,76,69" hai1="54,130,72,111,35,10,114,1,80,81,40,115,38" hai2="75,133,128,28,89,11,66,64,101,56,68,13,91" hai3="18,124,33,97,46,84,92,100,87,121,44,95,24"/><V49/><F75/><W78/><G121/><T14/><D125/><U83/><E111/><V15/><F68/><W104/><G124/><T6/><D116/><U60/><E35/><V37/><F37/><W131/><G131/><T96/><D106/><U123/><E130/><V90/><F128/><W32/><G32/><T86/><D42/><U41/><E72/><V57/><F133/><W59/><G104/><T2/><D2/><U67/><E54/><V30/><F101/><W74/><G74/><T58/><D69/><U23/><E23/><V36/><F36/><W73/><G73/><T16/><D26/><U17/><E123/><V43/><F43/><W70/><G70/><T120/><D120/><U82/><E82/><V105/><F105/><W71/><G71/><T108/><D108/><U8/><E8/><V55/><F15/><W50/><G59/><T135/><D135/><U88/><E88/><N who="2" m="22531" /><V93/><DORA hai="31" /><F93/><W113/><G92/><T117/><D117/><U27/><E38/><V51/><F51/><W47/><G50/><T99/><D19/><U39/><E39/><V118/><F118/><W119/><G119/><T127/><D127/><U122/><E122/><V29/><F57/><W21/><G95/><T103/><D103/><U63/><E40/><V34/><F34/><W132/><G33/><T4/><D16/><AGARI ba="1,1" hai="11,13,16,28,29,30,49,55,56,64,66" m="22531" machi="16" ten="40,7700,0" yaku="8,1,54,2" doraHai="0,31" who="2" fromWho="0" sc="290,-80,311,0,121,90,268,0" /><INIT seed="6,2,0,2,2,105" ten="210,311,211,268" oya="2" hai0="124,0,89,134,40,102,69,71,45,108,93,77,129" hai1="55,47,53,34,32,133,57,80,26,85,119,107,116" hai2="101,50,46,62,84,28,120,33,6,70,37,10,43" hai3="1,9,11,87,24,99,125,115,15,58,76,5,36"/><V59/><F120/><W113/><G36/><T35/><D108/><U126/><E107/><V135/><F135/><W16/><G125/><T17/><D134/><U60/><E133/><V118/><F118/><W110/><G110/><T88/><D124/><U72/><E72/><V8/><F101/><W90/><G99/><T100/><D129/><U23/><E126/><V61/><F33/><W130/><G130/><T20/><D35/><U54/><E32/><V127/><F28/><W132/><G132/><T86/><D77/><U98/><E98/><V41/><F127/><W2/><G76/><T12/><D0/><U111/><E34/><V64/><F84/><W66/><G2/><T114/><D114/><N who="3" m="43529" /><G24/><T7/><D7/><U18/><E111/><V117/><F117/><W92/><G58/><T63/><D89/><U74/><E74/><V94/><F94/><W67/><AGARI ba="2,0" hai="1,5,9,11,15,16,66,67,87,90,92" m="43529" machi="67" ten="30,4000,0" yaku="15,1,11,1,54,1" doraHai="105" who="3" fromWho="3" sc="210,-12,311,-12,211,-22,268,46" /><INIT seed="7,0,0,3,5,133" ten="198,299,189,314" oya="3" hai0="76,68,57,55,130,99,124,80,95,24,9,46,56" hai1="121,47,15,107,16,40,61,12,23,36,52,129,115" hai2="33,74,79,5,73,100,11,104,83,111,50,85,125" hai3="63,34,54,27,13,84,25,14,51,88,119,116,117"/><W120/><G120/><T45/><D68/><U53/><E121/><V7/><F111/><W70/><G63/><T44/><D124/><U110/><E110/><V75/><F33/><W77/><G77/><T92/><D130/><U30/><E107/><V71/><F71/><W42/><G42/><T10/><D24/><U94/><E115/><V37/><F37/><W39/><G39/><T108/><D108/><U31/><E129/><V131/><F131/><W66/><G66/><T98/><D76/><U87/><E12/><V19/><F125/><W0/><G0/><T134/><D80/><U18/><E18/><V91/><F50/><W38/><G38/><T17/><D134/><U4/><E4/><V86/><F19/><W113/><G70/><T101/><D17/><U1/><E1/><V96/><REACH who="2" step="1"/><F11/><REACH who="2" ten="198,299,179,314" step="2"/><N who="0" m="4106" /><D55/><U67/><E52/><V97/><F97/><W90/><G34/><T26/><D26/><U103/><E53/><V112/><F112/><W35/><G35/><T106/><D106/><U135/><E135/><V8/><F8/><W2/><G54/><T102/><AGARI ba="0,1" hai="44,45,46,56,57,92,95,98,99,101,102" m="4106" machi="102" ten="30,1100,0" yaku="8,1" doraHai="133" who="0" fromWho="0" sc="198,21,299,-3,179,-3,314,-5" owari="219,-18.0,296,10.0,176,-32.0,309,40.0" /></mjloggm>