<mjloggm ver="2.3"><GO type="169" lobby="0"/><UN n0="%E3%83%9E%E3%83%8A%E3%83%96%E9%9B%B6" n1="%E5%8D%97%E5%B8%9D%E5%8D%97%E6%B5%A6" n2="%E3%81%BF%E3%81%88%E3%83%8D%E3%82%B3" n3="%E3%83%95%E3%83%84%E3%82%A6%E3%81%AE%E6%81%8B%E3%81%AE%E7%B5%90%E6%9C%AB" dan="16,16,16,17" rate="2132.58,2070.86,2099.51,2188.95" sx="M,F,M,M"/><TAIKYOKU oya="0"/><INIT seed="0,0,0,3,5,111" ten="250,250,250,250" oya="0" hai0="99,9,98,6,26,35,59,121,72,116,32,21,61" hai1="69,63,13,94,113,82,128,89,60,58,67,119,108" hai2="1,83,74,41,123,110,66,14,79,70,22,43,88" hai3="25,127,8,51,57,38,0,92,55,105,46,5,54"/><T62/><D116/><U109/><E119/><V24/><F123/><W44/><G105/><T65/><D121/><U4/><E128/><V76/><F1/><W130/><G130/><T77/><D62/><U15/><E82/><V85/><F110/><N who="1" m="42601" /><E4/><V64/><F14/><N who="1" m="5129" /><E60/><V122/><F122/><W10/><G10/><T3/><D77/><N who="2" m="29770" /><F74/><W40/><G127/><T103/><D72/><U87/><E69/><V50/><F70/><W19/><G92/><T78/><D78/><U96/><E96/><V132/><F132/><W125/><G125/><T117/><D117/><U97/><E97/><V52/><F43/><W95/><G95/><T112/><D112/><AGARI ba="0,0" hai="58,63,67,87,89,94,112,113" m="5129,42601" machi="112" ten="30,3900,0" yaku="14,1,52,2" doraHai="111" who="1" fromWho="0" sc="250,-39,250,39,250,0,250,0" /><INIT seed="1,0,0,1,0,87" ten="211,289,250,250" oya="1" hai0="67,110,48,117,40,64,2,74,4,113,61,25,135" hai1="34,17,19,18,107,33,60,78,80,52,120,129,47" hai2="111,132,121,72,46,66,51,1,90,42,118,28,130" hai3="6,81,32,77,7,43,16,122,0,105,57,35,44"/><U106/><E120/><V84/><F121/><W89/><G105/><T93/><D113/><U114/><E114/><V79/><F118/><W131/><G122/><T127/><D117/><U29/><E129/><V53/><F130/><W59/><G131/><T10/><D74/><U14/><E14/><V116/><F116/><W38/><G6/><T76/><D110/><U112/><E112/><V56/><F111/><W27/><G59/><T37/><D37/><U11/><E11/><V126/><F126/><W95/><G57/><T103/><D127/><U3/><E3/><V102/><F102/><W101/><G101/><T109/><D76/><U30/><E34/><V82/><F132/><W70/><G70/><T119/><D119/><U24/><E30/><V71/><F1/><W39/><G39/><T65/><D135/><U96/><E96/><V26/><F71/><W9/><G16/><T91/><D103/><U23/><E33/><V83/><F66/><W49/><G49/><T8/><D25/><U125/><E125/><V75/><F75/><W54/><G54/><T104/><D104/><U5/><E5/><V88/><F83/><W69/><G69/><T123/><D123/><U86/><REACH who="1" step="1"/><E60/><REACH who="1" ten="211,279,250,250" step="2"/><N who="2" m="35855" /><F72/><N who="3" m="43175" /><G27/><T50/><D10/><U124/><E124/><V92/><F92/><W22/><G22/><AGARI ba="0,1" hai="22,26,28,42,46,51,79,82,84,88,90" m="35855" machi="22" ten="30,7700,0" yaku="8,1,52,2,54,1" doraHai="87" who="2" fromWho="3" sc="211,0,279,0,250,87,250,-77" /><INIT seed="2,0,0,3,2,135" ten="211,279,337,173" oya="2" hai0="2,82,52,69,21,97,37,14,110,49,42,80,35" hai1="65,106,47,112,8,24,119,131,20,121,127,16,105" hai2="92,4,93,72,17,85,91,133,101,78,114,50,111" hai3="99,57,79,116,60,15,23,28,40,76,128,71,104"/><V126/><F114/><W12/><G116/><T75/><D35/><U118/><E112/><V95/><F4/><W81/><G71/><T3/><D69/><U84/><E131/><V30/><F30/><W38/><G128/><T53/><D110/><U19/><E65/><V132/><F50/><W129/><G129/><T86/><D75/><U77/><E121/><V123/><F17/><W9/><G40/><T32/><D32/><U130/><E130/><V107/><F123/><W83/><G38/><T34/><D34/><U5/><E19/><V89/><F111/><W120/><G120/><T27/><D97/><U26/><E26/><V6/><F6/><W96/><G104/><T90/><D14/><N who="3" m="5161" /><G9/><T73/><D37/><U13/><E47/><V7/><F7/><W58/><G28/><T55/><D42/><U117/><E77/><N who="3" m="29770" /><G23/><T43/><D73/><U59/><E84/><V67/><F67/><N who="3" m="39311" /><G58/><T115/><D115/><U36/><E36/><V29/><F29/><W39/><G39/><T122/><D122/><U103/><E59/><V44/><F44/><W63/><G63/><T70/><D70/><U68/><E68/><V45/><F45/><W41/><G41/><T66/><D43/><U102/><E106/><V108/><F108/><W0/><G0/><T22/><D21/><U10/><E10/><V51/><F72/><W125/><G125/><T48/><D66/><U33/><E105/><V64/><F126/><W94/><G99/><T31/><D3/><N who="1" m="63" /><E127/><V100/><F64/><W109/><G109/><T74/><D2/><U98/><E98/><V134/><F134/><RYUUKYOKU ba="0,0" sc="211,10,279,10,337,-30,173,10" hai0="22,27,31,48,49,52,53,55,74,80,82,86,90" hai1="13,16,20,24,33,102,103,117,118,119" hai3="81,83,94,96" /><INIT seed="3,1,0,1,1,20" ten="221,289,307,183" oya="3" hai0="112,117,13,72,19,5,17,44,22,100,109,122,130" hai1="58,78,36,42,43,103,79,118,27,131,60,120,77" hai2="97,34,45,56,12,15,81,75,29,10,85,65,82" hai3="57,52,126,93,30,9,28,115,46,26,21,68,105"/><W102/><G115/><T14/><D122/><U67/><E120/><V125/><F125/><W83/><G105/><T80/><D117/><U3/><E3/><V7/><F97/><N who="3" m="59695" /><G68/><T124/><D112/><U96/><E131/><V41/><F75/><W99/><G126/><T53/><D124/><U4/><E4/><V98/><F98/><W61/><G99/><T48/><D130/><U135/><E135/><V121/><F121/><W116/><G116/><T88/><D109/><U70/><E118/><V90/><F34/><W95/><G95/><T129/><D129/><U23/><E70/><V123/><F29/><N who="3" m="17615" /><G9/><N who="0" m="6319" /><D72/><U51/><E36/><V50/><F123/><W87/><G46/><T91/><D100/><U108/><E108/><V76/><F82/><W6/><G6/><T2/><D2/><U73/><E73/><V113/><F113/><W66/><G66/><T0/><D0/><U71/><E71/><V59/><F65/><W101/><G101/><T55/><D5/><U35/><E35/><V111/><F111/><W33/><G33/><T133/><D133/><U11/><E11/><N who="2" m="4223" /><F76/><AGARI ba="1,0" hai="28,30,52,57,61,76,83,87" m="17615,59695" machi="76" ten="30,5800,0" yaku="8,1,52,1,54,1" doraHai="20" who="3" fromWho="2" sc="221,0,289,0,307,-61,183,61" /><INIT seed="3,2,0,2,3,125" ten="221,289,246,244" oya="3" hai0="46,8,90,78,27,103,0,97,83,130,79,19,88" hai1="13,11,98,24,94,100,43,120,92,113,4,12,41" hai2="75,14,53,77,32,36,3,2,128,35,45,74,76" hai3="108,42,95,50,84,104,15,22,81,112,93,64,91"/><W56/><G112/><T9/><D46/><U123/><E113/><V115/><F14/><W117/><G117/><T63/><D63/><U107/><E123/><V62/><F115/><W70/><G104/><T18/><D27/><U102/><E120/><V124/><F62/><N who="3" m="37959" /><G70/><T25/><D25/><U5/><E24/><V16/><F16/><N who="3" m="10527" /><G108/><T49/><D49/><U96/><E107/><V72/><F53/><W29/><G29/><T23/><D23/><U119/><E119/><V129/><F124/><W87/><G87/><T126/><D126/><U47/><E47/><AGARI ba="2,0" hai="42,47,50,81,84,91,93,95" m="10527,37959" machi="47" ten="30,2900,0" yaku="8,1,54,1" doraHai="125" who="3" fromWho="1" sc="221,0,289,-35,246,0,244,35" /><INIT seed="3,3,0,5,3,35" ten="221,254,246,279" oya="3" hai0="50,27,73,124,70,111,63,86,110,105,103,93,2" hai1="57,71,131,11,39,97,25,1,96,5,0,104,91" hai2="21,130,32,66,114,13,40,60,68,36,23,67,135" hai3="123,45,79,88,29,101,72,102,94,16,12,54,8"/><W14/><G123/><T47/><D73/><U82/><E71/><V109/><F114/><W77/><G29/><T116/><D116/><U125/><E39/><V83/><F32/><W18/><G72/><T115/><D124/><U61/><E125/><V20/><F109/><N who="0" m="41482" /><D115/><U89/><E131/><V7/><F130/><W98/><G45/><T76/><D27/><U58/><E25/><V44/><F135/><W31/><G31/><T128/><D128/><U69/><E104/><V33/><F33/><W43/><G43/><N who="0" m="24959" /><D105/><U122/><E122/><V108/><F108/><W38/><G38/><T15/><D15/><U100/><E100/><N who="3" m="38506" /><G54/><T4/><D103/><U132/><E69/><V106/><F106/><W28/><G28/><T55/><D70/><U78/><E132/><V3/><F67/><W64/><G64/><T24/><D24/><U22/><E22/><AGARI ba="3,0" hai="8,12,14,16,18,22,77,79,88,94,98" m="38506" machi="22" ten="30,5800,0" yaku="8,1,54,2" doraHai="35" who="3" fromWho="1" sc="221,0,254,-67,246,0,279,67" /><INIT seed="3,4,0,0,2,17" ten="221,187,246,346" oya="3" hai0="63,26,95,89,36,43,1,69,92,52,73,24,56" hai1="41,66,99,34,31,76,127,58,128,90,45,121,19" hai2="9,23,114,84,18,75,133,68,51,88,108,113,61" hai3="11,29,135,62,91,49,8,78,125,82,112,117,130"/><W97/><G117/><T60/><D73/><U77/><E121/><V7/><F75/><W72/><G112/><T35/><D1/><U4/><E127/><V16/><F133/><W55/><G125/><T129/><D129/><U98/><E4/><V39/><F39/><W103/><G135/><T131/><D131/><U110/><E128/><V6/><F108/><W93/><G130/><T64/><D35/><U5/><E5/><V81/><F7/><W28/><G62/><T106/><D106/><U2/><E2/><V79/><F18/><W22/><G103/><T12/><D12/><U50/><E31/><V59/><F51/><W123/><G123/><T30/><D89/><U80/><E34/><V25/><F79/><N who="1" m="30281" /><E110/><V57/><F68/><W20/><G29/><T104/><D104/><U15/><E80/><V32/><F32/><W3/><G28/><T107/><D107/><U109/><E90/><V83/><F83/><W134/><G134/><T48/><D63/><N who="1" m="38263" /><E109/><V42/><F42/><W54/><G3/><T67/><D67/><U122/><E122/><V47/><F47/><W87/><G72/><T119/><D119/><U37/><E37/><V96/><F96/><W33/><G33/><T111/><D111/><U0/><E0/><V118/><F118/><W124/><G124/><T126/><D126/><U74/><E74/><V94/><F81/><W70/><G70/><T65/><D65/><U53/><E41/><V102/><F102/><W100/><G100/><T116/><D116/><U21/><AGARI ba="4,0" hai="15,19,21,45,50,53,98,99" m="38263,30281" machi="21" ten="30,2000,0" yaku="8,1,52,1" doraHai="17" who="1" fromWho="1" sc="221,-9,187,32,246,-9,346,-14" /><INIT seed="4,0,0,1,3,20" ten="212,219,237,332" oya="0" hai0="102,61,43,17,60,89,1,4,2,105,119,100,46" hai1="63,42,70,76,88,91,34,8,78,107,59,29,7" hai2="30,93,3,0,133,66,19,18,25,130,55,28,80" hai3="82,103,98,69,113,92,120,99,129,62,58,87,94"/><T44/><D119/><U15/><E70/><V79/><F66/><W49/><G69/><T108/><D108/><U126/><E107/><V110/><F110/><W127/><G49/><T24/><D105/><U75/><E126/><V36/><F30/><W38/><G38/><T64/><D89/><U54/><E42/><V51/><F36/><W77/><G127/><T12/><D4/><U53/><E53/><V37/><F37/><W31/><G113/><T65/><D12/><U124/><E124/><V13/><F130/><W96/><G129/><T11/><D11/><U109/><E109/><V21/><F93/><W81/><G120/><T83/><D83/><U32/><E32/><V135/><F19/><W6/><G6/><T97/><D17/><U26/><REACH who="1" step="1"/><E75/><REACH who="1" ten="212,209,237,332" step="2"/><V16/><F135/><W121/><G121/><T72/><D72/><U122/><E122/><V68/><F133/><W27/><G103/><T45/><D43/><U116/><E116/><V104/><F68/><W106/><G106/><T132/><D132/><U112/><E112/><V134/><F104/><W35/><REACH who="3" step="1"/><G81/><REACH who="3" ten="212,209,237,322" step="2"/><T115/><D115/><U86/><E86/><V5/><F134/><W56/><G56/><T50/><D102/><U118/><E118/><V95/><F80/><W90/><G90/><AGARI ba="0,2" hai="7,8,15,26,29,34,54,59,63,76,78,88,90,91" machi="90" ten="40,5200,0" yaku="1,1,52,1,54,1,53,0" doraHai="20" doraHaiUra="71" who="1" fromWho="3" sc="212,0,209,72,237,0,322,-52" /><INIT seed="5,0,0,3,5,85" ten="212,281,237,270" oya="1" hai0="36,56,28,132,25,55,57,31,110,6,108,64,80" hai1="15,127,50,77,94,22,129,84,24,101,10,59,123" hai2="109,88,118,66,23,68,95,63,102,92,53,21,51" hai3="75,52,134,130,82,126,18,121,90,112,103,116,26"/><U86/><E123/><V125/><F109/><W44/><G121/><T117/><D117/><U3/><E127/><V0/><F118/><W93/><G116/><T2/><D36/><U105/><E3/><V49/><F125/><W62/><G126/><T122/><D122/><U34/><E34/><V67/><F0/><W60/><G112/><T5/><D132/><U17/><E105/><V76/><F76/><W107/><G134/><T133/><D133/><U48/><E129/><V83/><F83/><W1/><G1/><T100/><D80/><N who="1" m="47119" /><E59/><V69/><F69/><W30/><G18/><T115/><D115/><U38/><E38/><V104/><F104/><W8/><G8/><T106/><D106/><U4/><E101/><V81/><F81/><W46/><G130/><T37/><D37/><U128/><E128/><V35/><F35/><W16/><G103/><T89/><D100/><U39/><E39/><V19/><F67/><W120/><G120/><T54/><D64/><U42/><E42/><V47/><F51/><N who="3" m="28775" /><G30/><T14/><D2/><U124/><E124/><V119/><F119/><W7/><G107/><T43/><D43/><U71/><E71/><V99/><REACH who="2" step="1"/><F19/><REACH who="2" ten="212,281,227,270" step="2"/><W135/><G16/><T33/><D33/><U9/><E48/><V131/><F131/><W27/><G135/><T45/><D110/><U40/><E50/><V20/><F20/><W74/><G74/><T11/><D108/><U29/><E10/><V113/><F113/><W73/><G75/><T91/><D11/><U65/><E65/><V97/><AGARI ba="0,1" hai="21,23,47,49,53,63,66,68,88,92,95,97,99,102" machi="97" ten="20,12000,2" yaku="1,1,0,1,7,1,52,1,54,1,53,1" doraHai="85" doraHaiUra="87" who="2" fromWho="2" sc="212,-30,281,-60,227,130,270,-30" /><INIT seed="6,0,0,0,4,37" ten="182,221,357,240" oya="2" hai0="96,77,64,123,52,17,76,11,116,102,73,55,125" hai1="106,95,22,115,54,31,14,35,23,67,98,91,111" hai2="121,47,99,59,107,68,70,114,60,110,53,30,83" hai3="108,8,45,118,127,48,26,27,12,24,42,15,117"/><V103/><F121/><W18/><G108/><T49/><D123/><U29/><E111/><V9/><F110/><W58/><G127/><T72/><D125/><U112/><E35/><V88/><F114/><N who="1" m="43561" /><E67/><V19/><F30/><N who="1" m="11273" /><E106/><V65/><F47/><W38/><G38/><T81/><D64/><U57/><E14/><V2/><F65/><W4/><REACH who="3" step="1"/><G58/><REACH who="3" ten="182,221,357,230" step="2"/><T78/><D116/><U56/><E56/><V63/><F70/><W51/><G51/><AGARI ba="0,1" hai="22,23,51,54,57,91,95,98" m="11273,43561" machi="51" ten="30,1000,0" yaku="15,1" doraHai="37" who="1" fromWho="3" sc="182,0,221,20,357,0,230,-10" /><INIT seed="7,0,0,2,1,1" ten="182,241,357,220" oya="3" hai0="105,130,30,15,63,23,58,20,75,134,74,5,14" hai1="65,103,117,126,56,121,53,21,120,40,34,72,29" hai2="10,87,68,7,69,80,125,115,11,45,92,113,9" hai3="32,85,96,19,135,62,61,78,76,89,123,132,48"/><W91/><G123/><T131/><D105/><U36/><E72/><V124/><F92/><N who="3" m="56351" /><G32/><T38/><D38/><U31/><E117/><V122/><F45/><W84/><G48/><T99/><D99/><U109/><E109/><V27/><F7/><W119/><G119/><T54/><D134/><N who="3" m="51241" /><G19/><T50/><D30/><U35/><E65/><V67/><F27/><W4/><G4/><T41/><D75/><U24/><E126/><N who="2" m="48747" /><F122/><W51/><G51/><T86/><D74/><U49/><E103/><V13/><F13/><W28/><G28/><T106/><D106/><U114/><E120/><V97/><F97/><W2/><G2/><T73/><D73/><U37/><E121/><V129/><F129/><W101/><G101/><T112/><D112/><N who="2" m="43082" /><F67/><W22/><G22/><T46/><D86/><N who="3" m="33385" /><G89/><AGARI ba="0,0" hai="9,10,11,68,69,80,87,89" m="43082,48747" machi="89" ten="40,2600,0" yaku="18,1,15,1" doraHai="1" who="2" fromWho="3" sc="182,0,241,0,357,26,220,-26" owari="182,-32.0,241,4.0,383,49.0,194,-21.0" /></mjloggm>