<mjloggm ver="2.3"><GO type="185" lobby="0"/><UN n0="%E7%A6%8F%E3%83%A1%E3%83%BC%E3%82%BF%E3%83%BC" n1="%E4%BD%8D%E9%B3%B3%E5%A4%A9" n2="%E3%83%86%E3%82%A4%E3%83%A9%E3%83%BC%E3%83%92%E3%83%AB" n3="" dan="16,17,16,0" rate="2141.35,2186.04,2180.68,1500.00" sx="M,M,F,C"/><TAIKYOKU oya="0"/><INIT seed="0,0,0,1,1,40" ten="350,350,350,0" oya="0" hai0="90,37,48,45,1,134,80,79,132,32,109,51,39" hai1="38,100,113,42,3,33,72,123,130,62,101,70,66" hai2="116,129,89,75,46,119,41,118,135,57,110,112,54" hai3=""/><T83/><D32/><U105/><RYUUKYOKU type="yao9" ba="0,0" sc="350,0,350,0,350,0,0,0" hai1="3,33,38,42,62,66,70,72,100,101,105,113,123,130" /><INIT seed="0,1,0,0,0,63" ten="350,350,350,0" oya="0" hai0="99,118,61,32,33,112,84,124,34,88,98,114,55" hai1="81,59,79,91,131,100,111,83,122,62,109,64,115" hai2="54,66,89,41,46,113,67,94,49,43,92,102,95" hai3=""/><T72/><D118/><U69/><N who="1" m="31264" /><U101/><E131/><V133/><F113/><T121/><N who="0" m="31008" /><T70/><D72/><U134/><E134/><V104/><F133/><T68/><D124/><U39/><E39/><V76/><F76/><T132/><D132/><U3/><E3/><V57/><F104/><T0/><D0/><U77/><E115/><V80/><F102/><N who="1" m="39529" /><E91/><V78/><F89/><T44/><D114/><U123/><N who="1" m="31520" /><U90/><E69/><V58/><F58/><T126/><D126/><U129/><E129/><V116/><F116/><T97/><D112/><U48/><E90/><V47/><F47/><T65/><D70/><U117/><E117/><V125/><F125/><T40/><D55/><U110/><E48/><V119/><F119/><T1/><D1/><U96/><E96/><V87/><REACH who="2" step="1"/><F41/><REACH who="2" ten="350,350,340,0" step="2"/><T127/><D127/><U107/><E107/><V60/><AGARI ba="1,1" hai="43,46,49,54,57,60,66,67,78,80,87,92,94,95" machi="60" ten="30,9000,2" yaku="1,1,2,1,0,1,8,1,52,2,53,1" doraHai="63" doraHaiUra="56" who="2" fromWho="2" sc="350,-61,350,-31,340,102,0,0" /><INIT seed="1,0,0,2,3,116" ten="289,319,442,0" oya="1" hai0="97,93,133,128,90,37,95,1,47,85,57,73,43" hai1="103,102,135,92,101,74,86,45,105,94,100,126,34" hai2="117,113,114,80,66,54,67,132,91,88,39,46,123" hai3=""/><U72/><E34/><V70/><N who="2" m="31520" /><V2/><F2/><T96/><D1/><U107/><E45/><V124/><F117/><T120/><N who="0" m="30752" /><T65/><D73/><N who="1" m="28267" /><E135/><V48/><F132/><T52/><D133/><U110/><E126/><V106/><F124/><T122/><N who="0" m="31264" /><T71/><D128/><U60/><E60/><V112/><F106/><N who="1" m="40457" /><E110/><V58/><F80/><T40/><D40/><U115/><E115/><V76/><F76/><T75/><D75/><U35/><E35/><V111/><F111/><T64/><D71/><U131/><E131/><V50/><F39/><T61/><REACH who="0" step="1"/><D85/><REACH who="0" ten="279,319,442,0" step="2"/><U44/><E44/><V121/><N who="2" m="31008" /><V77/><F70/><T56/><D56/><U104/><E104/><V125/><F125/><T109/><D109/><U127/><E127/><V42/><F112/><T98/><D98/><U0/><E0/><V41/><F58/><T51/><D51/><U49/><E49/><V130/><F130/><T119/><D119/><U68/><E68/><V81/><F46/><T82/><D82/><U84/><N who="1" m="25600" /><DORA hai="38" /><U79/><E84/><V118/><F118/><T129/><D129/><U134/><E134/><V33/><F113/><T78/><D78/><U3/><E3/><V53/><F114/><RYUUKYOKU ba="0,1" sc="279,10,319,10,442,-20,0,0" hai0="37,43,47,52,57,61,64,65,90,93,95,96,97" hai1="79,86,92,94" /><INIT seed="1,1,1,5,1,89" ten="289,329,422,0" oya="1" hai0="79,71,117,103,78,56,52,58,108,32,96,55,125" hai1="64,90,73,67,102,41,36,60,129,74,123,91,119" hai2="95,48,70,43,124,107,98,57,40,39,83,34,121" hai3=""/><U44/><N who="1" m="31520" /><U85/><E119/><V93/><N who="2" m="31008" /><V87/><F70/><T45/><D108/><U72/><E102/><V130/><F39/><T38/><D71/><U101/><E101/><V134/><F34/><T81/><D32/><U131/><E91/><V111/><F111/><T59/><D125/><U33/><E33/><V51/><F124/><T65/><D65/><U53/><E53/><V104/><F98/><T88/><D117/><U94/><REACH who="1" step="1"/><E64/><REACH who="1" ten="289,319,422,0" step="2"/><V112/><F40/><T49/><D88/><U132/><E132/><V50/><F43/><T76/><D81/><U99/><E99/><V97/><F97/><T133/><D133/><U68/><AGARI ba="1,2" hai="36,41,44,60,67,68,72,73,74,85,90,94,129,131" m="31520" machi="68" ten="40,8000,1" yaku="1,1,0,1,52,2,53,0" doraHai="89" doraHaiUra="109" who="1" fromWho="1" sc="289,-41,319,102,422,-41,0,0" /><INIT seed="1,2,0,1,3,33" ten="248,421,381,0" oya="1" hai0="126,94,130,50,67,119,34,89,105,55,116,108,3" hai1="92,112,60,90,129,59,56,76,62,96,117,87,72" hai2="0,38,133,40,120,132,106,99,42,78,47,121,134" hai3=""/><U74/><E117/><N who="0" m="45129" /><D108/><U88/><E112/><V115/><N who="2" m="30752" /><V107/><N who="2" m="31008" /><V61/><F115/><T82/><D34/><U91/><E129/><V104/><F0/><T110/><D110/><U123/><N who="1" m="31520" /><U63/><E91/><V54/><F78/><T109/><D109/><U41/><E41/><V57/><REACH who="2" step="1"/><F42/><REACH who="2" ten="248,421,371,0" step="2"/><T75/><D3/><U70/><E70/><V2/><F2/><T35/><D35/><U97/><E76/><V1/><F1/><T124/><D130/><U36/><E36/><V81/><F81/><T51/><D82/><U69/><E69/><V86/><F86/><T43/><D43/><U111/><E111/><V58/><F58/><T32/><D32/><U44/><E44/><V102/><AGARI ba="2,1" hai="38,40,47,54,57,61,99,102,104,106,107,132,133,134" m="31008,30752" machi="102" ten="40,6000,1" yaku="1,1,0,1,20,1,52,2,53,0" doraHai="33" doraHaiUra="84" who="2" fromWho="2" sc="248,-22,421,-42,371,74,0,0" /><INIT seed="2,0,0,5,5,36" ten="226,379,445,0" oya="2" hai0="83,73,61,107,78,81,87,53,101,66,51,127,99" hai1="32,130,74,114,84,76,91,109,3,131,111,80,41" hai2="43,112,2,57,105,117,64,79,34,45,135,67,121" hai3=""/><V68/><N who="2" m="31008" /><V96/><F2/><T52/><D127/><U102/><E3/><V71/><F34/><T94/><D51/><U103/><E32/><V60/><F117/><T77/><REACH who="0" step="1"/><D107/><REACH who="0" ten="216,379,445,0" step="2"/><U50/><E50/><V132/><F105/><T75/><D75/><U89/><E114/><V82/><F112/><T95/><D95/><U92/><E41/><V93/><F43/><T104/><D104/><U118/><E118/><V59/><F93/><T122/><N who="0" m="31264" /><T124/><D124/><U97/><E111/><V58/><F132/><T0/><D0/><U115/><E109/><V134/><F135/><T48/><D48/><U116/><E115/><V37/><F134/><T85/><D85/><U100/><E116/><V1/><F1/><T86/><D86/><U123/><N who="1" m="31520" /><U49/><E49/><V35/><F35/><T62/><D62/><U113/><E113/><V54/><F60/><T56/><AGARI ba="0,1" hai="52,53,56,61,66,73,77,78,81,83,87,94,99,101" m="31264" machi="56" ten="20,6000,1" yaku="1,1,0,1,7,1,52,1,54,1,53,0" doraHai="36" doraHaiUra="126" who="0" fromWho="0" sc="216,70,379,-20,445,-40,0,0" /><INIT seed="4,0,0,4,3,72" ten="286,359,405,0" oya="0" hai0="83,119,126,92,103,78,100,37,104,121,106,65,64" hai1="3,38,54,123,74,102,115,133,128,134,129,97,73" hai2="84,85,62,117,41,61,33,76,93,50,42,52,75" hai3=""/><T94/><N who="0" m="31008" /><T90/><D37/><U110/><N who="1" m="31520" /><U109/><E38/><V88/><F33/><T69/><D69/><U86/><E3/><V67/><F75/><N who="1" m="28681" /><E54/><V122/><N who="2" m="31264" /><V53/><F117/><T47/><D47/><U132/><E86/><V105/><F105/><N who="0" m="40554" /><D64/><U127/><E115/><V46/><F53/><T101/><D65/><U89/><E89/><V108/><F108/><N who="1" m="41577" /><E127/><V35/><F35/><T81/><D119/><U32/><E32/><V96/><F84/><T36/><D36/><U125/><E125/><V45/><F67/><T112/><D112/><U79/><E79/><V98/><F42/><T66/><D66/><U60/><E60/><V40/><F61/><T44/><D44/><U34/><E34/><V130/><F62/><T116/><D126/><U55/><E55/><V82/><F46/><T63/><D63/><U68/><E68/><V118/><F118/><T49/><D49/><U39/><E39/><V91/><F40/><T77/><D116/><U2/><E2/><V48/><F41/><T111/><D111/><U70/><E70/><V114/><F48/><T56/><D56/><U120/><N who="1" m="30752" /><U87/><E87/><V51/><F85/><T95/><D90/><N who="2" m="34346" /><F45/><T135/><D135/><RYUUKYOKU ba="0,0" sc="286,10,359,10,405,-20,0,0" hai0="77,78,81,83,92,94,95,100,101,103" hai1="97,102,128,129,132,133,134" /><INIT seed="4,1,0,3,1,112" ten="296,369,385,0" oya="0" hai0="48,44,40,61,99,102,56,80,130,131,93,78,59" hai1="60,1,33,116,106,53,82,84,89,115,85,2,120" hai2="52,67,133,49,117,73,90,45,71,35,34,66,43" hai3=""/><T36/><D36/><U83/><N who="1" m="30752" /><U96/><E33/><V94/><F73/><T65/><REACH who="0" step="1"/><D59/><REACH who="0" ten="286,369,385,0" step="2"/><U110/><E115/><V47/><F34/><T132/><D132/><U74/><E110/><V32/><F133/><T126/><D126/><U69/><E1/><V46/><F32/><T42/><D42/><U92/><E2/><V77/><F35/><T107/><D107/><U0/><E0/><V91/><F43/><T79/><D79/><U101/><E69/><V100/><F71/><T129/><D129/><U81/><E53/><V111/><F77/><T38/><D38/><U95/><E60/><V88/><F111/><T64/><D64/><U125/><E125/><V108/><F108/><T62/><D62/><U54/><E54/><V103/><F66/><T104/><D104/><U121/><N who="1" m="31008" /><U3/><E3/><V113/><F67/><T50/><D50/><U87/><E74/><AGARI ba="1,1" hai="40,44,48,56,61,65,74,78,80,93,99,102,130,131" machi="74" ten="40,3900,0" yaku="1,1,53,1" doraHai="112" doraHaiUra="98" who="0" fromWho="1" sc="286,51,369,-41,385,0,0,0" /><INIT seed="4,2,0,5,5,80" ten="337,328,385,0" oya="0" hai0="69,32,54,70,3,130,52,62,47,133,57,34,94" hai1="63,83,41,96,98,84,116,91,122,97,99,55,93" hai2="121,66,67,68,35,75,129,44,118,88,78,114,105" hai3=""/><T131/><D3/><U102/><N who="1" m="31264" /><U132/><E116/><V85/><N who="2" m="31008" /><V37/><F35/><T76/><D76/><U107/><E41/><V73/><F105/><T120/><N who="0" m="30752" /><T86/><D133/><U109/><E109/><V108/><F108/><T124/><D124/><U53/><E132/><V95/><F118/><T74/><D74/><U123/><N who="1" m="31520" /><U49/><E63/><V115/><F129/><N who="0" m="49162" /><D32/><U125/><E125/><V45/><F45/><T135/><D135/><U59/><REACH who="1" step="1"/><E55/><REACH who="1" ten="337,318,385,0" step="2"/><V81/><F114/><T39/><D34/><U50/><E50/><V51/><F115/><T89/><D39/><U110/><E110/><V112/><F37/><T61/><D61/><U64/><E64/><V40/><F112/><T65/><D65/><U92/><AGARI ba="2,1" hai="49,53,59,83,84,91,92,93,96,97,98,99,102,107" m="31520,31264" machi="92" ten="30,6000,1" yaku="1,1,0,1,52,3,53,0" doraHai="80" doraHaiUra="128" who="1" fromWho="1" sc="337,-42,318,74,385,-22,0,0" /><INIT seed="5,0,0,3,0,33" ten="295,392,363,0" oya="1" hai0="45,72,63,95,81,129,88,119,73,40,85,107,98" hai1="78,35,71,131,74,58,97,105,44,89,130,120,115" hai2="69,126,121,135,125,70,116,128,62,49,64,52,57" hai3=""/><U42/><N who="1" m="30752" /><U36/><E115/><V32/><N who="2" m="31008" /><V39/><F32/><T92/><D63/><U37/><E35/><V80/><F116/><T50/><D119/><U123/><N who="1" m="31520" /><U124/><E71/><V65/><F39/><T34/><D34/><U84/><E124/><N who="2" m="47723" /><F135/><T110/><D110/><U46/><E74/><V101/><F128/><N who="1" m="49193" /><E78/><V112/><F112/><T51/><D129/><U67/><E105/><V61/><F80/><T48/><D107/><U41/><E97/><V117/><F101/><T0/><D0/><U100/><E100/><V66/><F117/><T2/><D2/><U86/><E89/><V60/><AGARI ba="0,0" hai="49,52,57,60,61,62,64,65,66,69,70" m="47723,31008" machi="60" ten="40,6000,1" yaku="18,1,34,2,52,1,54,1" doraHai="33" who="2" fromWho="2" sc="295,-20,392,-40,363,60,0,0" /><INIT seed="6,0,0,1,2,78" ten="275,352,423,0" oya="2" hai0="35,115,39,93,101,60,127,117,74,99,43,107,64" hai1="75,108,86,110,33,36,70,34,87,122,45,67,90" hai2="135,112,56,116,130,106,103,59,82,47,129,63,1" hai3=""/><V61/><F1/><T114/><D117/><U118/><N who="1" m="31264" /><U38/><E75/><V120/><N who="2" m="30752" /><V62/><F116/><T92/><D127/><U66/><E118/><V53/><F103/><T104/><D35/><U77/><E77/><V132/><F106/><T126/><D126/><U109/><E45/><V128/><F82/><T37/><D74/><U95/><E95/><V32/><F112/><N who="0" m="43050" /><D107/><U113/><E113/><V80/><F80/><T91/><D43/><U88/><E110/><V52/><F32/><T79/><D79/><U73/><E73/><V44/><F63/><T123/><N who="0" m="31520" /><T89/><D104/><U0/><E0/><V2/><F2/><T42/><D42/><U124/><E124/><V55/><F55/><T111/><D111/><U131/><E131/><V83/><F128/><T3/><D3/><U40/><E40/><V100/><F129/><T71/><D101/><U125/><E125/><V134/><F100/><T41/><D41/><U57/><E33/><V84/><F130/><T121/><N who="0" m="31008" /><T49/><D49/><U102/><E34/><V51/><F51/><T58/><D71/><U96/><E102/><V69/><F69/><T65/><D65/><U76/><E70/><V97/><F134/><RYUUKYOKU ba="0,0" sc="275,20,352,-10,423,-10,0,0" hai0="37,39,58,60,64,89,91,92,93,99" owari="295,-30.0,342,-6.0,413,36.0,0,0.0" /></mjloggm>