<mjloggm ver="2.3"><GO type="169" lobby="0"/><UN n0="%E5%B0%8F%E6%B1%A0%E7%BE%8E%E6%B3%A2%E2%8A%BF" n1="%52%45%49%4E%E6%A3%AE%E4%B9%85%E4%BF%9D%50" n2="%67%75%73%68" n3="%E3%81%92%E3%81%A1%E3%81%87%E3%81%AA%30%34" dan="16,16,16,16" rate="2100.05,2127.12,2113.18,2141.57" sx="F,M,M,M"/><TAIKYOKU oya="0"/><INIT seed="0,0,0,3,5,29" ten="250,250,250,250" oya="0" hai0="100,105,8,96,7,34,33,111,129,121,94,117,60" hai1="42,118,67,19,127,110,38,0,27,21,57,61,40" hai2="10,81,77,86,3,128,22,47,130,32,76,2,6" hai3="108,126,98,103,63,53,113,46,109,71,134,14,31"/><T15/><D117/><U58/><E0/><V1/><F32/><W79/><G113/><T87/><D121/><U26/><E118/><V28/><F47/><W82/><G126/><T11/><D129/><N who="2" m="49770" /><F76/><W78/><G134/><T124/><D124/><U89/><E110/><V90/><F90/><W123/><G123/><T132/><D132/><U115/><E38/><V35/><F22/><W84/><G31/><T12/><D60/><U97/><E115/><V114/><F114/><W54/><G79/><T133/><D133/><U39/><E39/><V104/><F104/><W30/><G30/><T135/><D135/><U64/><E127/><V83/><F83/><W107/><G14/><T17/><REACH who="0" step="1"/><D111/><REACH who="0" ten="240,250,250,250" step="2"/><U106/><E61/><V59/><F59/><W45/><G109/><T70/><D70/><U74/><E57/><V119/><F119/><W69/><G108/><T80/><D80/><U52/><E58/><V92/><F92/><W13/><G71/><T101/><D101/><U131/><E106/><V73/><F73/><W43/><G69/><T102/><D102/><U44/><E74/><V55/><F81/><W41/><G63/><T25/><D25/><U91/><E27/><V120/><F120/><W18/><G46/><T24/><D24/><U75/><E26/><V62/><F62/><W37/><G43/><T93/><D93/><U5/><E40/><V125/><F125/><W116/><G116/><T49/><D49/><U4/><E42/><V48/><F48/><W99/><G103/><T20/><D20/><U65/><E44/><V66/><F28/><W16/><G107/><RYUUKYOKU ba="0,1" sc="240,30,250,-10,250,-10,250,-10" hai0="7,8,11,12,15,17,33,34,87,94,96,100,105" /><INIT seed="0,1,1,1,5,112" ten="270,240,240,240" oya="0" hai0="1,133,131,64,9,29,32,129,95,76,65,68,78" hai1="128,19,79,124,7,89,3,115,106,8,84,44,63" hai2="57,81,58,135,126,69,96,91,72,51,39,61,114" hai3="111,56,10,31,27,134,83,38,5,99,74,6,71"/><T93/><D133/><U102/><E115/><V54/><F114/><W119/><G71/><T15/><D1/><U40/><E124/><V107/><F135/><W36/><G134/><T11/><D32/><U103/><E106/><V86/><F126/><W16/><G111/><T130/><D29/><U48/><E128/><V2/><F39/><W35/><G56/><T98/><D68/><U125/><E125/><V30/><F2/><W105/><G5/><T53/><D53/><U12/><E79/><N who="0" m="30249" /><D15/><U46/><E63/><V60/><F72/><W55/><G55/><T23/><D23/><U108/><E108/><V104/><F30/><W52/><G52/><T26/><D26/><U127/><E44/><V110/><F110/><W33/><G16/><T82/><D82/><U49/><E49/><V85/><F69/><W4/><G4/><T101/><D95/><U77/><E77/><V117/><F81/><W75/><G83/><T50/><D50/><U118/><E118/><V25/><F25/><W97/><G27/><T47/><D47/><U100/><E127/><V20/><F51/><W120/><G31/><T14/><D14/><U122/><E122/><V132/><F54/><W80/><G120/><T94/><D94/><N who="1" m="54567" /><E3/><V92/><F20/><W113/><G80/><T43/><D43/><N who="1" m="24671" /><E7/><V42/><F42/><AGARI ba="1,1" hai="8,12,19,40,42,100,102,103" m="24671,54567" machi="42" ten="30,1000,0" yaku="8,1" doraHai="112" who="1" fromWho="2" sc="270,0,240,23,240,-13,240,0" /><INIT seed="1,0,0,1,3,78" ten="270,263,227,240" oya="1" hai0="68,9,17,135,50,113,43,67,75,89,99,56,36" hai1="77,95,127,123,62,108,85,71,121,45,119,26,53" hai2="66,79,29,48,104,90,130,31,7,44,6,52,16" hai3="97,22,82,116,124,8,81,63,120,110,19,114,15"/><U60/><E119/><V115/><F130/><W70/><G120/><T93/><D113/><U5/><E127/><V72/><F115/><W61/><G114/><T107/><D75/><U88/><E108/><V34/><F104/><W105/><G110/><T24/><D107/><U102/><E5/><N who="2" m="1547" /><F72/><W133/><G133/><T47/><D135/><U91/><E102/><V112/><F79/><W74/><G124/><T46/><D68/><U86/><E77/><V83/><F34/><W55/><G74/><T20/><D9/><U76/><E76/><V101/><F101/><W96/><G105/><T33/><D33/><U134/><E134/><V11/><F66/><W59/><G116/><T128/><D128/><U32/><E71/><V0/><F0/><W106/><G106/><T109/><D109/><U35/><E45/><V23/><F11/><W69/><G69/><T131/><D131/><U122/><E26/><N who="2" m="14695" /><F112/><W41/><G70/><T42/><D67/><U39/><E39/><V84/><AGARI ba="0,0" hai="29,31,44,48,52,83,84,90" m="14695,1547" machi="84" ten="30,7900,0" yaku="8,1,52,1,54,2" doraHai="78" who="2" fromWho="2" sc="270,-20,263,-39,227,79,240,-20" /><INIT seed="2,0,0,1,0,54" ten="250,224,306,220" oya="2" hai0="127,38,115,116,47,60,108,32,16,52,85,33,74" hai1="57,49,97,50,37,93,133,94,95,23,126,6,107" hai2="62,99,88,45,81,106,14,125,21,77,67,2,104" hai3="105,78,61,24,72,70,122,75,18,27,80,130,73"/><V86/><F2/><W7/><G122/><T22/><D74/><U90/><E37/><V41/><F125/><W35/><G130/><T124/><D115/><U34/><E34/><V19/><F77/><W53/><G7/><T17/><D108/><U129/><E133/><V10/><F99/><W132/><G132/><T46/><D116/><U44/><E126/><N who="0" m="48169" /><D17/><U65/><E129/><V8/><F106/><W43/><G43/><N who="0" m="22903" /><D85/><U92/><E6/><V69/><REACH who="2" step="1"/><F104/><REACH who="2" ten="250,224,296,220" step="2"/><W79/><G105/><T111/><D111/><U36/><E107/><V28/><F28/><W30/><G79/><T98/><D98/><U117/><E117/><V56/><F56/><W29/><G70/><T58/><D47/><U12/><E36/><AGARI ba="0,1" hai="8,10,14,19,21,36,41,45,62,67,69,81,86,88" machi="36" ten="30,5800,0" yaku="1,1,7,1,54,1,53,0" doraHai="54" doraHaiUra="101" who="2" fromWho="1" sc="250,0,224,-58,296,68,220,0" /><INIT seed="2,1,0,3,0,12" ten="250,166,364,220" oya="2" hai0="103,65,100,9,49,54,19,79,99,88,83,46,60" hai1="32,113,20,84,121,119,71,47,122,105,51,61,75" hai2="135,120,21,31,86,23,33,44,126,97,104,77,57" hai3="134,111,124,53,16,110,27,4,34,13,114,59,40"/><V39/><F120/><W25/><G114/><T98/><D79/><U6/><E32/><V63/><F126/><W67/><G124/><T7/><D7/><U0/><E0/><V123/><F123/><W26/><G34/><T132/><D132/><U38/><E20/><V18/><F135/><W106/><G106/><T76/><D76/><U28/><E6/><V24/><F77/><W3/><G40/><T5/><D5/><U62/><E28/><V43/><F86/><W48/><G134/><T101/><D60/><U117/><E84/><V8/><F97/><W102/><G102/><T118/><D65/><U94/><E94/><V29/><F104/><W73/><G73/><T50/><D50/><U42/><E75/><V91/><F91/><W45/><G67/><T55/><D55/><U127/><E105/><V36/><F31/><W66/><G66/><T35/><D35/><U70/><E127/><V108/><F108/><N who="3" m="41515" /><G4/><T128/><D128/><U68/><E113/><V30/><F30/><W64/><G3/><T109/><D118/><U52/><E122/><V131/><F131/><W17/><G13/><N who="0" m="7599" /><D109/><U92/><E92/><V15/><F39/><W85/><G85/><AGARI ba="1,0" hai="46,49,54,83,85,88,98,99,100,101,103" m="7599" machi="85" ten="30,7700,0" yaku="25,1,8,1,52,1,54,1" doraHai="12" who="0" fromWho="3" sc="250,80,166,0,364,0,220,-80" /><INIT seed="3,0,0,3,1,119" ten="330,166,364,140" oya="3" hai0="77,35,45,78,74,83,99,91,108,40,61,127,112" hai1="54,105,14,75,29,72,73,62,59,25,9,16,60" hai2="46,44,5,13,50,55,51,27,126,115,64,12,53" hai3="31,129,42,94,133,37,17,18,65,63,101,47,71"/><W124/><G133/><T88/><D35/><U6/><E105/><V120/><F115/><W82/><G129/><T84/><D108/><U134/><E134/><V100/><F126/><W26/><G124/><T93/><D127/><U21/><REACH who="1" step="1"/><E62/><REACH who="1" ten="330,156,364,140" step="2"/><V107/><F107/><W30/><G82/><T57/><D112/><U36/><E36/><V7/><F100/><W116/><G116/><T102/><D102/><U98/><E98/><V43/><F64/><W56/><G71/><T89/><D99/><U123/><E123/><V8/><F120/><W135/><G135/><T1/><D83/><U106/><E106/><V33/><F43/><W130/><G130/><T4/><D61/><U0/><E0/><V38/><F38/><W103/><G103/><T34/><D1/><U128/><E128/><V39/><F39/><W23/><G31/><AGARI ba="0,1" hai="6,9,14,16,21,25,29,31,54,59,60,72,73,75" machi="31" ten="40,5200,0" yaku="1,1,54,1,53,1" doraHai="119" doraHaiUra="2" who="1" fromWho="3" sc="330,0,156,62,364,0,140,-52" /><INIT seed="4,0,0,4,0,7" ten="330,218,364,88" oya="0" hai0="52,112,38,60,44,106,78,82,95,16,56,34,69" hai1="47,76,101,22,33,94,10,11,120,86,72,45,41" hai2="113,37,1,3,73,25,51,108,97,55,18,105,57" hai3="99,64,65,42,96,126,35,133,17,49,83,2,12"/><T77/><D106/><U115/><E33/><V21/><F108/><W119/><G119/><T114/><D34/><U129/><E120/><V19/><F73/><W102/><G2/><T0/><D95/><U43/><E129/><V9/><F37/><W8/><G35/><T81/><D69/><U79/><E72/><V59/><F113/><N who="0" m="43626" /><D0/><U125/><E115/><V13/><REACH who="2" step="1"/><F59/><REACH who="2" ten="330,218,354,88" step="2"/><W70/><G70/><T109/><D109/><U66/><E125/><V71/><F71/><W123/><G126/><T29/><D38/><U85/><E66/><V135/><F135/><W107/><G133/><T130/><D130/><U15/><E94/><V74/><F74/><W121/><G121/><T89/><D44/><U67/><E67/><V23/><F23/><W50/><G123/><T39/><D39/><U14/><E101/><AGARI ba="0,1" hai="1,3,9,13,18,19,21,25,51,55,57,97,101,105" machi="101" ten="40,5200,0" yaku="1,1,52,1,53,1" doraHai="7" doraHaiUra="4" who="2" fromWho="1" sc="330,0,218,-52,354,62,88,0" /><INIT seed="5,0,0,3,5,40" ten="330,166,416,88" oya="1" hai0="128,92,68,50,45,67,89,135,55,119,121,101,69" hai1="78,76,86,116,48,20,19,84,49,0,102,41,72" hai2="73,34,3,107,62,35,14,95,130,129,103,21,37" hai3="94,23,131,81,8,31,117,1,2,44,43,56,11"/><U16/><E0/><V127/><F3/><W97/><G131/><N who="2" m="50185" /><F73/><W26/><G117/><T98/><D119/><U17/><E72/><V29/><F107/><W12/><G11/><T132/><D128/><U93/><E116/><V71/><F37/><W5/><G56/><T108/><D108/><U96/><E20/><V133/><F127/><W60/><G60/><N who="0" m="40039" /><D69/><U65/><E65/><V112/><F133/><N who="0" m="51274" /><D121/><U118/><E118/><V82/><F82/><W10/><G10/><T9/><D9/><U124/><E124/><V47/><F47/><W57/><G57/><T113/><D113/><U126/><E126/><V90/><F103/><AGARI ba="0,0" hai="45,50,55,89,92,98,101,103" m="51274,40039" machi="103" ten="30,2000,0" yaku="20,1,52,1" doraHai="40" who="0" fromWho="2" sc="330,20,166,0,416,-20,88,0" /><INIT seed="6,0,0,1,5,102" ten="350,166,396,88" oya="2" hai0="21,39,46,111,125,90,134,37,51,12,73,70,68" hai1="29,47,124,128,94,63,114,133,116,118,8,15,66" hai2="4,97,50,99,132,122,64,5,26,106,11,1,78" hai3="88,10,18,109,19,135,108,112,92,57,40,126,65"/><V31/><F122/><W13/><G135/><T84/><D111/><U76/><E133/><V101/><F132/><W91/><G126/><T87/><D134/><U89/><E114/><V20/><F78/><W61/><G112/><T72/><D125/><U129/><E76/><V98/><F4/><W24/><G40/><T44/><D21/><U0/><E29/><V33/><F50/><W115/><G115/><T75/><D12/><U120/><E47/><N who="0" m="17961" /><D51/><U3/><E120/><V30/><F30/><W36/><G36/><N who="0" m="13899" /><D90/><U49/><E49/><V81/><F81/><W86/><G24/><T95/><D95/><U83/><E83/><V52/><F52/><W23/><REACH who="3" step="1"/><G91/><REACH who="3" ten="350,166,396,78" step="2"/><T2/><D2/><U80/><E124/><V6/><F26/><W32/><G32/><T103/><D103/><U7/><E3/><V62/><F33/><W121/><G121/><T100/><D100/><U113/><E0/><V130/><F101/><W131/><G131/><T35/><D35/><U117/><E113/><V110/><F130/><N who="1" m="50281" /><E80/><V27/><F1/><W105/><G105/><T48/><D48/><U28/><E28/><V53/><F106/><W54/><G54/><T104/><D104/><U42/><E42/><V55/><F55/><W17/><G17/><T56/><D56/><N who="1" m="37223" /><E118/><V22/><F53/><W59/><G59/><T107/><D107/><U45/><E45/><V71/><F5/><W43/><G43/><T74/><N who="0" m="18432" /><DORA hai="25" /><T77/><D77/><U58/><E58/><V14/><F6/><W82/><G82/><T85/><AGARI ba="0,1" hai="68,70,84,85,87" m="18432,13899,17961" machi="85" ten="70,4700,0" yaku="28,2" doraHai="102,25" who="0" fromWho="0" sc="350,57,166,-12,396,-23,78,-12" /><INIT seed="7,0,0,1,0,65" ten="407,154,373,66" oya="3" hai0="127,81,55,87,59,68,1,88,130,6,25,44,63" hai1="10,82,43,125,39,41,121,3,129,75,101,15,135" hai2="134,98,23,80,112,40,119,111,123,113,73,78,86" hai3="83,21,8,110,71,117,118,114,126,131,79,70,120"/><W93/><G120/><T33/><D1/><U27/><E121/><V69/><F23/><W24/><G114/><N who="2" m="44137" /><F123/><W4/><G131/><T38/><D6/><U35/><E15/><V84/><F40/><W58/><G126/><T103/><D103/><U46/><E101/><V133/><F111/><W9/><G110/><T30/><D130/><U107/><E43/><V47/><F47/><W67/><G93/><T105/><D127/><U77/><E135/><N who="2" m="51723" /><F69/><W19/><G58/><T61/><D44/><U94/><E94/><V132/><N who="2" m="51731" /><V49/><DORA hai="26" /><F49/><W99/><G99/><T128/><D128/><U50/><E50/><V57/><F57/><W34/><G34/><T29/><D29/><U66/><E66/><V97/><F119/><W48/><G48/><T36/><D105/><U31/><E125/><V109/><F109/><W56/><G56/><T52/><D68/><N who="3" m="26153" /><G67/><T108/><D108/><U90/><E90/><V45/><F45/><W96/><G96/><AGARI ba="0,0" hai="73,78,80,84,86,96,97,98" m="51731,44137" machi="96" ten="50,8000,1" yaku="15,1,20,1,34,2" doraHai="65,26" who="2" fromWho="3" sc="407,0,154,0,373,80,66,-80" owari="407,21.0,154,-25.0,453,55.0,-14,-51.0" /></mjloggm>