<mjloggm ver="2.3"><GO type="169" lobby="0"/><UN n0="%E3%83%8E%E3%82%AA%E3%83%81%E3%83%A3%E3%83%99%E3%82%B9" n1="%62%75%72%65%61%36" n2="%6B%6F%7A%61%6B%69%6E%67" n3="%E3%83%91%E3%83%88%E3%82%AB%E3%83%BC%E7%87%83%E3%82%84%E3%81%99" dan="16,16,16,17" rate="2085.40,2127.87,2089.80,2242.53" sx="M,M,M,F"/><TAIKYOKU oya="0"/><INIT seed="0,0,0,2,5,35" ten="250,250,250,250" oya="0" hai0="63,48,12,82,9,97,92,132,89,69,78,14,112" hai1="57,4,66,126,125,103,5,40,107,23,11,130,111" hai2="30,128,26,20,98,90,44,3,10,123,88,76,42" hai3="6,131,109,7,71,39,61,45,84,86,2,110,73"/><T56/><D112/><U91/><E130/><V19/><F123/><W32/><G73/><T17/><D132/><U104/><E111/><N who="3" m="42506" /><G32/><T83/><D69/><U80/><E40/><V31/><F128/><W85/><G131/><T77/><D48/><U96/><E104/><V37/><F76/><W70/><G61/><T64/><D83/><U46/><E46/><V49/><F37/><W41/><G7/><T94/><D82/><U1/><E5/><V27/><F98/><W62/><G62/><T58/><D58/><U13/><E66/><V122/><F122/><W65/><G65/><T121/><D121/><U75/><E57/><V8/><F3/><W105/><G105/><T55/><D64/><U43/><E43/><V47/><F47/><W79/><G79/><T113/><D113/><U22/><E13/><V15/><REACH who="2" step="1"/><F10/><AGARI ba="0,0" hai="2,6,10,39,41,45,70,71,84,85,86" m="42506" machi="10" ten="30,2000,0" yaku="14,1,52,1" doraHai="35" who="3" fromWho="2" sc="250,0,250,0,250,-20,250,20" /><INIT seed="1,0,0,1,0,80" ten="250,250,230,270" oya="1" hai0="23,30,115,100,96,16,37,2,33,88,14,61,105" hai1="102,101,103,0,7,126,31,123,78,3,42,65,87" hai2="48,127,9,133,56,5,52,60,81,26,32,129,1" hai3="11,28,62,38,95,130,41,121,86,98,134,45,20"/><U132/><E123/><V44/><F129/><W113/><G121/><T46/><D2/><U93/><E126/><V4/><F127/><W85/><G113/><T92/><D115/><U59/><E132/><V10/><F133/><W40/><G134/><T104/><D104/><U106/><E106/><V107/><F107/><W69/><G130/><T24/><D61/><U8/><E31/><V84/><F26/><W18/><G41/><T13/><D46/><U63/><E42/><V70/><F32/><W124/><G124/><T67/><D67/><U35/><E35/><V25/><F25/><W21/><G11/><T49/><D49/><U27/><E27/><V135/><F70/><W99/><G99/><T34/><D14/><U117/><E117/><V39/><F39/><W118/><G28/><T116/><D37/><U131/><E131/><V68/><F68/><W6/><G6/><N who="2" m="2665" /><F1/><W43/><G43/><T29/><D29/><U76/><REACH who="1" step="1"/><E3/><REACH who="1" ten="250,240,230,270" step="2"/><V47/><F135/><W119/><G119/><T82/><D116/><U17/><E17/><V58/><F10/><W91/><G118/><T15/><D105/><U54/><E54/><N who="2" m="33879" /><F9/><W83/><G21/><T97/><D34/><U57/><E57/><V79/><AGARI ba="0,1" hai="44,47,48,52,56,79,81,84" m="33879,2665" machi="79" ten="30,4000,0" yaku="8,1,52,1,54,1" doraHai="80" who="2" fromWho="2" sc="250,-10,240,-20,230,50,270,-10" /><INIT seed="2,0,0,2,4,102" ten="240,220,280,260" oya="2" hai0="49,35,92,34,48,44,41,72,80,112,67,16,107" hai1="40,4,2,119,29,105,101,121,118,74,15,94,52" hai2="20,65,135,113,7,124,28,53,62,134,1,59,129" hai3="116,11,100,8,39,91,128,18,108,47,110,38,45"/><V10/><F113/><W37/><G116/><T109/><D112/><U78/><E121/><V117/><F117/><W23/><G128/><T6/><D6/><U32/><E52/><V133/><F129/><W123/><G123/><T22/><D109/><N who="3" m="42089" /><G91/><T14/><D67/><U60/><E94/><V33/><F124/><W43/><G100/><T88/><D107/><U111/><E15/><V115/><F115/><W120/><G120/><T70/><D70/><U130/><E60/><V46/><F33/><W12/><G47/><T104/><D104/><U76/><E76/><V25/><REACH who="2" step="1"/><F46/><REACH who="2" ten="240,220,270,260" step="2"/><W26/><G11/><T54/><D35/><U68/><E32/><V17/><F17/><AGARI ba="0,1" hai="8,12,17,18,23,26,37,38,39,43,45" m="42089" machi="17" ten="30,1000,0" yaku="14,1" doraHai="102" who="3" fromWho="2" sc="240,0,220,0,270,-10,260,20" /><INIT seed="3,0,0,5,3,67" ten="240,220,260,280" oya="3" hai0="46,37,113,96,47,34,30,110,6,53,45,3,10" hai1="88,15,36,25,71,70,98,92,66,97,56,125,68" hai2="23,20,99,134,121,130,91,5,14,2,0,119,126" hai3="42,120,111,50,89,135,85,60,83,11,26,75,48"/><W131/><G120/><T31/><D37/><U43/><E125/><V64/><F64/><W38/><G111/><T101/><D110/><U63/><E15/><V4/><F91/><W16/><G131/><T84/><D113/><U72/><E72/><V90/><F90/><W8/><G38/><T77/><D34/><U74/><E74/><V108/><F99/><W76/><G135/><T59/><D84/><U54/><E25/><V28/><F108/><W1/><G60/><T51/><REACH who="0" step="1"/><D77/><REACH who="0" ten="230,220,260,280" step="2"/><U114/><E114/><V32/><F32/><W94/><G75/><T129/><D129/><U127/><E127/><V123/><F130/><W49/><G42/><T55/><D55/><U58/><E98/><V93/><F126/><W82/><G76/><T39/><D39/><U118/><E118/><V65/><F123/><W104/><G85/><T33/><D33/><U107/><E107/><AGARI ba="0,1" hai="3,6,10,30,31,45,46,47,51,53,59,96,101,107" machi="107" ten="40,5200,0" yaku="1,1,53,2" doraHai="67" doraHaiUra="24" who="0" fromWho="1" sc="230,62,220,-52,260,0,280,0" /><INIT seed="4,0,0,4,2,21" ten="292,168,260,280" oya="0" hai0="28,110,91,88,102,105,117,70,107,90,103,46,124" hai1="120,122,59,23,58,77,100,32,80,22,63,60,2" hai2="33,106,41,12,134,131,31,20,130,99,127,47,65" hai3="39,121,119,54,26,42,43,126,0,98,17,114,118"/><T129/><D70/><U86/><E2/><V57/><F134/><W104/><G0/><T93/><D46/><U61/><E32/><V109/><F109/><W19/><G39/><T128/><D28/><U82/><E100/><N who="0" m="38441" /><D110/><U68/><E68/><V36/><F127/><W6/><G6/><T44/><D44/><U16/><E22/><V94/><F106/><N who="0" m="40458" /><D124/><U29/><E29/><V56/><F33/><W97/><G104/><T48/><D48/><U30/><E30/><V132/><F132/><W40/><G126/><T111/><D111/><U14/><REACH who="1" step="1"/><E80/><REACH who="1" ten="292,158,260,280" step="2"/><V123/><F31/><W108/><G108/><T84/><D117/><U113/><E113/><V18/><F20/><W79/><G119/><T13/><D13/><U9/><E9/><V89/><F12/><W49/><G114/><T3/><D3/><U55/><E55/><V37/><F130/><AGARI ba="0,1" hai="84,88,90,91,93,128,129,130" m="40458,38441" machi="130" ten="30,11600,0" yaku="19,1,34,2,54,1" doraHai="21" who="0" fromWho="2" sc="292,126,158,0,260,-116,280,0" /><INIT seed="4,1,0,0,1,7" ten="418,158,144,280" oya="0" hai0="80,76,3,135,106,38,57,65,63,117,108,132,48" hai1="113,37,14,4,92,102,11,131,47,17,88,73,36" hai2="42,78,114,43,60,64,86,134,21,115,99,30,81" hai3="40,71,110,103,85,46,9,2,119,19,75,104,49"/><T34/><D34/><U77/><E131/><V54/><F134/><W100/><G75/><T25/><D106/><U26/><E113/><V97/><F54/><W23/><G119/><T105/><D105/><U18/><E102/><V101/><F43/><W70/><G110/><T61/><D25/><U95/><E95/><V72/><F42/><W94/><G104/><T120/><D38/><U15/><E26/><N who="2" m="16719" /><F72/><W50/><G103/><T35/><D35/><U93/><E93/><N who="2" m="58543" /><F99/><W6/><G50/><T22/><D22/><U96/><E47/><V128/><F128/><W56/><G56/><AGARI ba="1,0" hai="56,60,64,78,81,86,114,115" m="58543,16719" machi="56" ten="30,1000,0" yaku="25,1" doraHai="7" who="2" fromWho="3" sc="418,0,158,0,144,13,280,-13" /><INIT seed="5,0,0,4,2,122" ten="418,158,157,267" oya="1" hai0="19,34,79,84,62,118,4,114,99,32,73,130,44" hai1="39,123,0,78,71,1,76,46,41,24,10,72,42" hai2="3,57,51,2,128,37,74,5,77,31,127,21,50" hai3="126,81,27,111,43,98,95,18,135,63,29,36,28"/><U11/><E123/><V64/><F37/><W101/><G135/><T53/><D4/><U17/><E71/><V129/><F127/><W105/><G126/><T14/><D73/><U13/><E41/><V107/><F107/><W23/><G105/><T70/><D99/><U69/><E69/><V119/><F119/><W100/><G100/><T97/><D97/><U92/><E72/><V132/><F132/><W134/><G134/><T15/><D15/><U109/><E109/><V116/><F116/><W20/><G111/><T112/><D130/><U106/><E106/><V35/><F74/><W56/><G36/><T54/><D118/><U65/><E65/><V110/><F35/><W16/><G81/><T75/><D75/><U86/><E24/><V58/><F3/><W68/><G68/><T104/><D104/><U47/><E47/><V61/><F2/><W115/><G43/><T90/><D79/><U125/><E125/><V93/><F110/><W121/><G115/><N who="0" m="44075" /><D44/><U59/><E59/><V83/><F5/><W52/><G121/><T67/><D34/><U40/><E40/><V22/><F58/><W91/><G101/><T30/><D30/><U80/><E78/><V133/><F133/><W82/><G82/><N who="0" m="49431" /><D32/><U120/><E120/><V33/><F128/><W131/><G131/><T96/><D96/><U113/><E113/><V117/><F129/><W8/><G8/><AGARI ba="0,0" hai="8,14,19,53,54,62,67,70" m="49431,44075" machi="8" ten="30,1000,0" yaku="15,1" doraHai="122" who="0" fromWho="3" sc="418,10,158,0,157,0,267,-10" /><INIT seed="6,0,0,0,2,88" ten="428,158,157,257" oya="2" hai0="87,101,10,83,59,129,41,30,104,113,78,98,121" hai1="80,72,85,21,133,71,124,68,29,14,73,109,65" hai2="8,27,40,116,34,24,36,35,81,23,126,93,117" hai3="31,7,108,118,115,128,106,38,103,17,76,119,94"/><V89/><F126/><W62/><G38/><T48/><D121/><U45/><E109/><V69/><F69/><W95/><G108/><T86/><D113/><U20/><E124/><V25/><F23/><W120/><G120/><T92/><D129/><U46/><E133/><V127/><F127/><W53/><G7/><T97/><D30/><U90/><E73/><V70/><F70/><W56/><G128/><T28/><D28/><U5/><E72/><V114/><F114/><W51/><G115/><T58/><D10/><N who="1" m="4431" /><E71/><V64/><F64/><W60/><G106/><T82/><D41/><U79/><E65/><V132/><F81/><W26/><G76/><T33/><D33/><U9/><E68/><V49/><F36/><W6/><G6/><T39/><D48/><U47/><E9/><V42/><F132/><W12/><G119/><T134/><D39/><U16/><E29/><V110/><F110/><W19/><G19/><T75/><D134/><U102/><E21/><V22/><F22/><N who="3" m="15831" /><G103/><T37/><D37/><U130/><E102/><V61/><F8/><N who="3" m="6279" /><G118/><T55/><D75/><U105/><E105/><V2/><F2/><W84/><G84/><T67/><D86/><U57/><E130/><V63/><F117/><W18/><G18/><T74/><D104/><U3/><E3/><V112/><F116/><W52/><G62/><N who="2" m="23561" /><F112/><W135/><G135/><T43/><D74/><U96/><E20/><V99/><F35/><W111/><G111/><T13/><D78/><U77/><E79/><V123/><F123/><W131/><G131/><T100/><D87/><U66/><E77/><RYUUKYOKU ba="0,0" sc="428,-10,158,-10,157,-10,257,30" hai3="51,52,53,56,60,94,95" /><INIT seed="7,1,0,2,3,50" ten="418,148,147,287" oya="3" hai0="28,0,100,36,99,54,3,57,4,35,62,15,11" hai1="30,32,19,116,128,121,41,8,65,45,60,102,119" hai2="7,91,61,52,75,56,123,130,96,20,105,87,129" hai3="127,43,133,122,77,80,126,124,74,13,6,64,118"/><W98/><G118/><N who="1" m="45098" /><E121/><V59/><F123/><W76/><G122/><T1/><D36/><N who="1" m="21671" /><E128/><N who="2" m="49259" /><F75/><W38/><G133/><T110/><D110/><U9/><E102/><N who="2" m="62663" /><F7/><W55/><G64/><T51/><D28/><U46/><E46/><V101/><F101/><W71/><G71/><T106/><D35/><U93/><E19/><V68/><F20/><W18/><G76/><T24/><D24/><N who="1" m="18503" /><E93/><N who="2" m="54527" /><F52/><W2/><G6/><T49/><AGARI ba="1,0" hai="0,1,3,4,11,15,49,51,54,57,62,99,100,106" machi="49" ten="40,2700,0" yaku="0,1,52,1" doraHai="50" who="0" fromWho="0" sc="418,30,148,-8,147,-8,287,-14" owari="448,55.0,140,-26.0,139,-36.0,273,7.0" /></mjloggm>