<mjloggm ver="2.3"><GO type="169" lobby="0"/><UN n0="%64%61%6E%6E%63%68%69" n1="%59%61%6E%67%6E%75%6D" n2="%4D%6F%6E%6F%69%64" n3="%E3%82%AB%E3%83%83%E3%82%AB%E3%83%83%E3%82%AB%E3%83%83" dan="17,16,16,16" rate="2167.60,2181.54,2154.41,2100.69" sx="M,M,F,M"/><TAIKYOKU oya="0"/><INIT seed="0,0,0,4,1,53" ten="250,250,250,250" oya="0" hai0="119,114,42,135,66,16,50,24,8,102,67,57,89" hai1="2,92,69,84,52,29,47,11,55,75,133,61,94" hai2="93,21,78,17,25,129,4,10,80,38,56,90,101" hai3="130,71,68,45,87,59,124,112,106,83,30,40,12"/><T41/><D114/><U62/><E75/><V105/><F38/><W108/><G112/><T99/><D119/><U48/><E133/><V32/><F32/><W15/><G108/><T118/><D118/><U109/><E109/><V27/><F129/><W77/><G124/><T65/><D135/><U113/><E113/><V120/><F120/><W64/><G106/><T110/><D89/><U33/><E33/><V49/><F27/><W86/><G130/><T44/><D110/><U88/><E29/><V72/><F105/><W63/><G30/><T125/><D125/><U111/><E111/><V126/><F126/><W37/><REACH who="3" step="1"/><G86/><REACH who="3" ten="250,250,250,240" step="2"/><T54/><D44/><U58/><E69/><AGARI ba="0,1" hai="12,15,37,40,45,59,63,64,68,69,71,77,83,87" machi="69" ten="40,5200,0" yaku="1,1,2,1,52,1,53,0" doraHai="53" doraHaiUra="1" who="3" fromWho="1" sc="250,0,250,-52,250,0,240,62" /><INIT seed="1,0,0,1,5,23" ten="250,198,250,302" oya="1" hai0="24,59,48,86,63,11,105,67,118,29,117,85,21" hai1="121,82,30,54,52,87,69,56,55,7,51,91,40" hai2="109,10,3,112,72,28,134,128,66,37,88,20,43" hai3="75,13,99,116,110,119,106,25,19,2,103,62,133"/><U0/><E121/><V94/><F72/><W65/><G110/><T89/><D105/><U33/><E69/><V95/><F109/><W46/><G2/><T26/><D11/><U113/><E113/><V92/><F112/><W111/><G111/><T83/><D48/><U18/><E0/><V115/><F115/><W60/><G75/><T100/><D100/><U47/><E7/><V68/><F128/><W76/><G76/><T108/><D108/><U45/><E18/><V102/><F134/><W131/><G131/><T71/><D71/><U14/><E14/><V36/><F102/><W81/><G81/><T120/><D120/><U4/><E4/><V16/><F28/><W12/><G46/><T114/><D114/><U1/><E1/><V32/><F32/><W44/><G44/><T104/><D104/><U125/><E125/><V132/><F132/><W27/><G13/><T84/><D84/><U96/><E96/><V74/><F74/><W50/><G50/><T22/><REACH who="0" step="1"/><D86/><REACH who="0" ten="240,198,250,302" step="2"/><U5/><E5/><V126/><F126/><W8/><G133/><T17/><AGARI ba="0,1" hai="17,21,22,24,26,29,59,63,67,83,85,89,117,118" machi="17" ten="20,12000,2" yaku="1,1,2,1,0,1,7,1,52,2,53,1" doraHai="23" doraHaiUra="80" who="0" fromWho="0" sc="240,130,198,-60,250,-30,302,-30" /><INIT seed="2,0,0,1,4,93" ten="370,138,220,272" oya="2" hai0="6,86,130,133,46,78,41,32,122,52,23,33,75" hai1="85,125,24,36,105,1,66,9,35,135,83,34,113" hai2="97,103,48,124,116,111,134,88,51,94,21,87,70" hai3="59,104,118,102,61,84,98,50,77,0,31,64,68"/><V7/><F116/><W15/><G118/><T82/><D122/><U38/><E113/><V22/><F70/><W58/><G0/><T16/><D130/><U10/><E105/><V42/><F124/><W127/><G127/><T56/><D133/><U131/><E125/><V2/><F134/><W27/><G50/><T28/><D6/><U76/><E135/><V57/><F111/><W26/><G26/><T62/><D28/><U80/><E66/><V67/><F2/><W109/><G109/><T107/><D107/><U106/><E106/><V13/><F48/><W74/><G74/><T72/><D32/><U123/><E123/><V65/><F7/><W49/><G15/><T108/><D33/><U8/><E1/><V12/><F12/><W54/><G59/><T44/><D108/><U29/><E34/><V71/><F71/><W69/><G69/><T90/><D78/><U119/><E119/><V132/><F132/><W96/><G104/><T92/><D82/><U19/><E19/><N who="2" m="10479" /><F22/><W43/><G43/><T121/><D121/><U11/><N who="1" m="2048" /><DORA hai="18" /><U45/><E131/><V55/><F42/><W81/><G102/><T117/><D117/><U4/><E4/><V5/><F5/><W101/><G101/><T53/><D53/><U37/><REACH who="1" step="1"/><E83/><AGARI ba="0,0" hai="51,55,57,65,67,83,87,88,94,97,103" m="10479" machi="83" ten="30,11600,0" yaku="8,1,52,2,54,1" doraHai="93,18" who="2" fromWho="1" sc="370,0,138,-116,220,116,272,0" /><INIT seed="2,1,0,4,5,26" ten="370,22,336,272" oya="2" hai0="117,74,127,86,8,64,94,76,113,99,75,6,87" hai1="16,71,103,39,116,88,22,80,3,125,102,61,49" hai2="19,63,45,104,132,77,68,58,108,1,17,100,90" hai3="121,38,73,53,59,57,4,133,60,91,89,130,32"/><V46/><F68/><W124/><G121/><T65/><D113/><U47/><E116/><V56/><F1/><W28/><G124/><T106/><D127/><U82/><E3/><V95/><F132/><W23/><G133/><T51/><D106/><U41/><E125/><V11/><F108/><W81/><G32/><T54/><D75/><U129/><E129/><V44/><F77/><W110/><G110/><T93/><D74/><U128/><E128/><V109/><F109/><W107/><G107/><T9/><D117/><U27/><E39/><V37/><F37/><W85/><G73/><T112/><D112/><U55/><E71/><V123/><F123/><W15/><G38/><T114/><D114/><U20/><E80/><V67/><F58/><W10/><G130/><T135/><D93/><U35/><E35/><V69/><F69/><W48/><G91/><T42/><D42/><U122/><E122/><V0/><F100/><W83/><G83/><N who="0" m="47463" /><D87/><N who="1" m="50295" /><E22/><V43/><F104/><W36/><G36/><T92/><D92/><U131/><E131/><V111/><F111/><W115/><G115/><T5/><D8/><U62/><E62/><V31/><F31/><W2/><G2/><T18/><D94/><U40/><E40/><V97/><REACH who="2" step="1"/><F43/><REACH who="2" ten="370,22,326,272" step="2"/><W70/><G70/><T12/><D135/><U7/><E7/><AGARI ba="1,1" hai="0,7,11,17,19,44,45,46,56,63,67,90,95,97" machi="7" ten="40,3900,0" yaku="1,1,2,1,53,0" doraHai="26" doraHaiUra="72" who="2" fromWho="1" sc="370,0,22,-42,326,52,272,0" owari="370,17.0,-20,-52.0,378,48.0,272,-13.0" /></mjloggm>