<mjloggm ver="2.3"><GO type="169" lobby="0"/><UN n0="%69%6E%61%7A%6F" n1="%74%65%6E%6B%65%79%33" n2="%75%66%6F%5F" n3="%E9%89%84%E7%A8%9A%E9%AD%9A%E3%82%AB%E3%83%A2%E9%A4%8A%E5%88%86" dan="16,16,18,18" rate="2137.04,2085.37,2259.70,2205.89" sx="M,M,M,F"/><TAIKYOKU oya="0"/><INIT seed="0,0,0,1,4,45" ten="250,250,250,250" oya="0" hai0="13,36,118,30,94,39,77,107,46,68,119,11,135" hai1="26,7,15,2,132,54,88,124,116,74,53,82,120" hai2="16,83,85,9,6,51,56,47,122,129,14,70,84" hai3="92,55,59,106,41,61,103,95,123,20,24,10,90"/><T0/><D107/><U8/><E116/><V49/><F129/><W63/><G123/><T48/><D0/><U67/><E120/><V69/><F122/><W3/><G106/><T32/><D68/><U104/><E104/><V28/><F28/><W38/><G38/><T87/><D135/><U111/><E132/><V35/><F35/><W79/><G41/><T71/><D71/><U131/><E131/><V76/><F69/><W91/><G79/><T4/><D36/><U44/><E67/><V40/><F70/><W101/><G63/><T62/><D39/><U52/><E2/><V64/><F84/><W125/><G125/><T42/><D62/><U108/><E124/><V75/><F75/><W126/><G126/><T86/><D94/><U33/><E74/><V21/><F64/><W31/><G10/><T12/><D87/><N who="1" m="50295" /><E26/><V66/><F66/><W114/><G3/><T102/><D102/><U17/><E33/><V22/><F16/><N who="3" m="12295" /><G114/><T5/><D30/><U96/><E96/><V105/><F105/><W18/><G18/><T109/><D32/><U97/><E97/><V117/><F117/><W58/><G31/><T78/><D78/><U72/><E72/><V34/><F34/><W93/><G103/><T65/><D65/><U115/><E115/><V134/><F134/><W99/><G101/><T19/><D4/><U73/><E73/><V23/><F23/><W27/><G99/><T112/><D112/><U81/><E81/><V37/><F37/><W60/><G27/><T127/><D127/><U130/><E130/><V25/><F25/><W98/><G98/><RYUUKYOKU ba="0,0" sc="250,-15,250,-15,250,15,250,15" hai2="6,9,14,21,22,40,47,49,51,56,76,83,85" hai3="55,58,59,60,61,90,91,92,93,95" /><INIT seed="1,1,0,3,4,37" ten="235,235,265,265" oya="1" hai0="57,84,74,89,22,131,25,109,67,102,48,7,20" hai1="19,123,96,100,49,32,60,70,75,14,114,52,34" hai2="63,62,124,80,6,99,11,126,5,90,107,106,2" hai3="135,56,115,44,120,38,33,104,41,59,129,26,39"/><U29/><E114/><V119/><F119/><W13/><G104/><N who="2" m="39977" /><F6/><W17/><G115/><T94/><D74/><U1/><E123/><V95/><F80/><W76/><G120/><T87/><D102/><U51/><E1/><V42/><F42/><W73/><G135/><T66/><D7/><U118/><E118/><V132/><F132/><W31/><G129/><T92/><D22/><U69/><E75/><V108/><F108/><W18/><G18/><T58/><D131/><U81/><E81/><V65/><F65/><W28/><G31/><T93/><D87/><U88/><E100/><V46/><F46/><W15/><G15/><T36/><D36/><U35/><E29/><V110/><F110/><W10/><G38/><T12/><D12/><U112/><E112/><V71/><F71/><W3/><G3/><T83/><D109/><U133/><E133/><V128/><F128/><W45/><G45/><T79/><D89/><U111/><E111/><V50/><F50/><W0/><G0/><T85/><D84/><U125/><E51/><V101/><F101/><W97/><G73/><T105/><D105/><U16/><E69/><V122/><F122/><W127/><G39/><T24/><D24/><U91/><E70/><V134/><F134/><W55/><G26/><T113/><D113/><U116/><E14/><V72/><F72/><W82/><G13/><T4/><D4/><U103/><E103/><V9/><F11/><W40/><G10/><T61/><D48/><U64/><E49/><V54/><F54/><W53/><G53/><N who="0" m="33967" /><D58/><N who="3" m="22057" /><G55/><T77/><D79/><U30/><E52/><RYUUKYOKU ba="1,0" sc="235,15,235,-15,265,15,265,-15" hai0="20,25,66,67,77,83,85,92,93,94" hai2="2,5,9,62,63,90,95,99,124,126" /><INIT seed="2,2,0,0,0,87" ten="250,220,280,250" oya="2" hai0="34,40,124,122,72,103,79,47,86,42,123,109,10" hai1="107,67,31,130,117,25,73,6,22,105,82,13,2" hai2="50,56,121,9,11,63,134,16,52,43,58,83,68" hai3="125,129,113,118,93,37,131,65,7,38,14,54,21"/><V27/><F134/><W46/><G118/><T116/><D34/><U104/><E117/><V100/><F68/><W20/><G65/><T59/><D72/><U51/><E130/><V39/><F121/><W30/><G125/><T35/><D35/><U132/><E132/><V112/><F112/><W115/><G93/><T36/><D42/><U70/><E51/><V41/><F100/><W18/><G7/><T95/><D124/><U45/><E13/><V23/><F83/><W85/><G85/><T17/><D116/><U96/><E96/><V92/><F92/><W88/><G54/><T74/><D74/><U119/><E45/><V84/><F84/><W5/><G5/><T29/><D29/><U26/><E26/><V94/><F94/><W15/><G46/><T81/><D59/><U106/><E106/><V91/><F91/><W108/><G30/><T128/><D128/><U89/><E89/><V19/><F39/><W127/><G127/><T101/><D103/><U114/><E119/><V76/><F76/><W55/><G88/><N who="0" m="53655" /><D101/><U64/><E114/><V0/><F0/><W126/><G126/><T66/><D36/><U71/><E71/><V3/><F3/><W32/><G32/><T28/><D79/><N who="1" m="44399" /><E70/><V4/><F4/><W62/><G131/><T78/><D78/><U24/><E24/><V110/><F110/><W69/><G108/><T12/><D81/><U33/><E33/><V53/><F19/><N who="3" m="10359" /><G129/><T80/><D80/><U49/><E49/><V120/><F120/><W1/><G69/><T90/><D122/><U97/><E97/><V75/><F75/><RYUUKYOKU ba="2,0" sc="250,-15,220,15,280,15,250,-15" hai1="2,6,22,25,31,64,67,104,105,107" hai2="9,11,16,23,27,41,43,50,52,53,56,58,63" /><INIT seed="2,3,0,2,0,71" ten="235,235,295,235" oya="2" hai0="124,60,52,90,40,118,27,106,74,63,66,25,42" hai1="19,53,109,115,68,99,58,108,30,134,75,79,120" hai2="125,113,49,18,121,41,44,123,21,70,48,14,38" hai3="86,95,33,84,17,100,39,91,2,114,132,28,110"/><V76/><F113/><W54/><G2/><T56/><D74/><U89/><E115/><V92/><F70/><W130/><G114/><T97/><D124/><U98/><E68/><V16/><F125/><W69/><G69/><T22/><D27/><U24/><E134/><V3/><F3/><W10/><G100/><T43/><D118/><U112/><E112/><V55/><F76/><W93/><G110/><N who="1" m="42602" /><E120/><V116/><F116/><W26/><G130/><T0/><D0/><U107/><E19/><V77/><F77/><W35/><G35/><T104/><D63/><N who="1" m="36303" /><E107/><V13/><F92/><W20/><G132/><T4/><D4/><U133/><E133/><V32/><F32/><W15/><G33/><T83/><D66/><U117/><E117/><V1/><F1/><W11/><G11/><T34/><D34/><N who="1" m="20807" /><E89/><V126/><F126/><W7/><G7/><T29/><REACH who="0" step="1"/><D97/><REACH who="0" ten="225,235,295,235" step="2"/><U45/><E99/><V122/><REACH who="2" step="1"/><F55/><REACH who="2" ten="225,235,285,235" step="2"/><W103/><G54/><T5/><D5/><U105/><E75/><V127/><F127/><W78/><G78/><T31/><D31/><U46/><E79/><V8/><AGARI ba="3,2" hai="8,13,14,16,18,21,38,41,44,48,49,121,122,123" machi="8" ten="30,18000,2" yaku="1,1,0,1,52,1,54,1,53,2" doraHai="71" doraHaiUra="12" who="2" fromWho="2" sc="225,-63,235,-63,285,209,235,-63" /><INIT seed="2,4,0,2,5,77" ten="162,172,494,172" oya="2" hai0="36,45,17,40,15,16,50,120,31,99,117,76,105" hai1="104,129,4,74,80,10,68,46,84,63,124,6,62" hai2="26,114,116,28,66,71,53,37,24,108,19,82,7" hai3="27,0,98,58,70,134,118,61,1,88,69,79,11"/><V5/><F114/><W125/><G118/><T3/><D3/><U75/><E104/><V133/><F116/><W113/><G113/><T32/><D120/><U57/><E124/><V51/><F37/><W132/><G125/><T30/><D32/><U87/><E129/><V81/><F71/><W47/><G79/><T115/><D115/><U64/><E46/><V38/><F38/><W20/><G47/><T41/><D17/><U111/><E111/><V78/><F66/><W48/><G48/><T91/><D41/><U126/><E126/><V106/><F106/><W130/><G130/><T55/><D117/><U39/><E39/><V127/><F127/><W90/><G70/><T109/><D109/><U59/><E68/><V9/><F133/><W110/><G69/><T96/><D96/><U23/><E23/><N who="2" m="15391" /><F78/><W25/><G110/><T135/><D135/><U103/><E103/><V52/><F108/><W13/><G27/><T18/><D18/><U85/><E85/><V107/><F107/><W121/><G121/><T92/><D105/><U60/><E60/><V94/><F94/><N who="3" m="56647" /><G90/><T86/><D36/><U101/><E101/><V123/><F123/><W72/><G72/><T83/><D40/><U112/><E112/><V44/><F53/><N who="3" m="33999" /><G132/><T49/><D49/><U14/><E64/><V65/><F65/><W33/><G33/><T119/><D119/><U35/><E35/><V97/><F97/><W100/><G100/><T54/><D54/><U8/><E14/><N who="2" m="7631" /><F26/><W34/><G134/><T95/><D95/><U67/><E67/><V43/><F43/><W131/><G34/><RYUUKYOKU ba="4,0" sc="162,10,172,10,494,10,172,-30" hai0="15,16,30,31,45,50,55,76,83,86,91,92,99" hai1="4,6,8,10,57,59,62,63,74,75,80,84,87" hai2="5,7,44,51,52,81,82" /><INIT seed="2,5,0,2,3,120" ten="172,182,504,142" oya="2" hai0="0,40,135,78,69,21,90,71,97,23,30,84,28" hai1="44,102,96,85,48,45,61,6,11,134,133,119,86" hai2="123,115,107,24,89,25,81,36,126,67,74,100,9" hai3="106,127,33,88,8,12,17,109,70,82,116,2,63"/><V42/><F123/><W87/><G116/><T59/><D0/><U124/><E119/><V13/><F115/><W101/><G127/><T73/><D69/><U53/><E124/><V98/><F126/><W16/><G2/><T19/><D71/><U52/><E61/><V60/><F42/><W22/><G33/><T129/><D40/><U41/><E53/><V113/><F36/><W47/><G47/><T68/><D68/><U112/><E112/><V121/><F121/><W38/><G38/><T64/><D23/><U56/><E44/><V15/><F15/><W92/><G106/><T3/><D3/><U57/><E57/><V34/><F34/><W43/><G43/><T51/><D64/><U95/><E11/><V103/><F103/><W110/><G101/><T10/><D10/><U91/><E6/><V4/><F113/><W114/><G114/><T72/><D97/><U7/><E7/><V39/><F39/><W20/><G82/><T130/><D78/><U14/><E14/><V104/><F104/><W29/><G29/><N who="0" m="11371" /><D72/><U94/><E85/><V65/><F65/><N who="3" m="41279" /><G17/><T50/><D73/><U35/><REACH who="1" step="1"/><E35/><REACH who="1" ten="172,172,504,142" step="2"/><V79/><REACH who="2" step="1"/><F89/><REACH who="2" ten="172,172,494,142" step="2"/><W132/><G132/><T46/><D135/><U105/><E105/><V49/><F49/><W125/><G125/><T83/><D51/><U37/><AGARI ba="5,2" hai="37,41,45,48,52,56,86,91,94,95,96,102,133,134" machi="37" ten="30,4000,0" yaku="1,1,0,1,54,1,53,0" doraHai="120" doraHaiUra="32" who="1" fromWho="1" sc="172,-15,172,75,494,-25,142,-15" /><INIT seed="3,0,0,1,0,117" ten="157,247,469,127" oya="3" hai0="86,72,25,38,1,77,98,67,21,60,10,90,30" hai1="48,56,125,16,80,96,51,129,71,85,112,58,11" hai2="32,75,105,3,45,39,19,64,47,109,104,53,120" hai3="107,122,17,83,130,42,59,46,76,131,20,95,123"/><W103/><G59/><T36/><D72/><U50/><E71/><V29/><F53/><W113/><G113/><T132/><D132/><U31/><E112/><V33/><F19/><W69/><G69/><T44/><D77/><U124/><E129/><N who="3" m="49162" /><G107/><N who="2" m="41033" /><F64/><W108/><G108/><T22/><D98/><U0/><E96/><V37/><F29/><W5/><G5/><T7/><D22/><U34/><E34/><N who="2" m="13419" /><F75/><N who="3" m="43423" /><G95/><T135/><D44/><N who="2" m="16970" /><F3/><W41/><G103/><T97/><D97/><U24/><E0/><V35/><N who="2" m="13427" /><V4/><DORA hai="43" /><F4/><W101/><G101/><T87/><D86/><U27/><E85/><V88/><F88/><W6/><G6/><T55/><D67/><U84/><E31/><V89/><F89/><W119/><G119/><T18/><D30/><U118/><E118/><V57/><F57/><W70/><G70/><T121/><D90/><U73/><E73/><V78/><F78/><W12/><G42/><T2/><D87/><U23/><E84/><V106/><N who="2" m="41041" /><V99/><DORA hai="92" /><F99/><W63/><G63/><T74/><D1/><U134/><E56/><V40/><F40/><W14/><G12/><T116/><D74/><U111/><E58/><V9/><F9/><W93/><G93/><T49/><D60/><U133/><E11/><V15/><F15/><W13/><G13/><T81/><D55/><U79/><E79/><V61/><F61/><W82/><G82/><T8/><D81/><U91/><E80/><V127/><F37/><AGARI ba="0,0" hai="14,17,20,37,41,46,122,123" m="43423,49162" machi="37" ten="30,11600,0" yaku="19,1,52,3" doraHai="117,43,92" who="3" fromWho="2" sc="157,0,247,0,469,-116,127,116" /><INIT seed="3,1,0,5,3,59" ten="157,247,353,243" oya="3" hai0="90,104,117,44,11,127,28,78,109,95,67,131,40" hai1="74,43,8,46,134,91,119,106,0,81,114,10,73" hai2="133,55,50,85,42,130,64,113,121,21,22,60,126" hai3="52,36,15,87,48,47,83,20,76,107,72,31,69"/><W38/><G107/><T129/><D104/><U79/><E114/><V65/><F113/><W62/><G72/><T86/><D117/><U4/><E119/><V18/><F126/><W6/><G31/><T111/><D28/><U125/><E125/><V5/><F130/><N who="0" m="49674" /><D127/><U19/><E134/><V35/><F35/><W27/><G27/><T71/><D78/><U75/><E106/><V97/><F5/><W58/><G69/><T77/><D77/><U112/><E112/><V122/><F85/><W92/><G92/><T108/><D11/><U70/><E70/><V12/><F133/><W34/><G34/><T102/><D102/><U100/><E100/><V53/><F97/><W116/><G116/><T80/><D67/><U128/><E128/><V3/><F3/><W84/><G87/><T29/><D29/><U49/><E91/><V13/><F42/><W37/><G6/><T26/><D26/><U82/><E82/><V115/><F115/><W93/><G93/><T7/><D7/><U51/><E74/><V96/><F96/><W110/><G110/><N who="0" m="28163" /><T118/><DORA hai="41" /><D71/><U32/><E75/><V132/><F132/><W99/><G99/><T63/><D63/><U25/><E25/><V98/><F98/><W123/><G62/><T88/><D118/><U61/><E61/><V66/><F60/><W56/><REACH who="3" step="1"/><G123/><REACH who="3" ten="157,247,353,233" step="2"/><T94/><D90/><U45/><E4/><V24/><F121/><W16/><AGARI ba="1,1" hai="15,16,20,36,37,38,47,48,52,56,58,76,83,84" machi="16" ten="40,18000,2" yaku="1,1,2,1,0,1,52,1,54,2,53,0" doraHai="59,41" doraHaiUra="2,57" who="3" fromWho="3" sc="157,-61,247,-61,353,-61,233,193" /><INIT seed="3,2,0,2,4,111" ten="96,186,292,426" oya="3" hai0="1,38,103,76,69,100,123,109,47,64,26,19,43" hai1="34,115,55,18,91,98,39,42,121,102,48,131,107" hai2="22,62,94,54,75,118,84,8,21,56,134,5,132" hai3="127,49,119,45,66,52,15,29,124,11,16,6,60"/><W53/><G119/><T83/><D109/><U46/><E121/><V97/><F75/><W63/><G29/><T81/><D1/><U4/><E34/><V89/><F118/><W2/><G53/><T110/><D83/><U82/><E131/><V12/><REACH who="2" step="1"/><F84/><REACH who="2" ten="96,186,282,426" step="2"/><W120/><G120/><T86/><D123/><U92/><E98/><V73/><F73/><W27/><G27/><T32/><D110/><U10/><E39/><V24/><F24/><W80/><G80/><T122/><D122/><U68/><E82/><V17/><F17/><W7/><G7/><T116/><D116/><U0/><E18/><V13/><F13/><W44/><G44/><T35/><D19/><U96/><E46/><V125/><F125/><N who="3" m="48203" /><G66/><T65/><D64/><U135/><E4/><V88/><F88/><W79/><G79/><T37/><D26/><U50/><E91/><V36/><F36/><W117/><G117/><T28/><D38/><U72/><E72/><V77/><F77/><W126/><G126/><T95/><D28/><U128/><E0/><V78/><F78/><W20/><AGARI ba="2,1" hai="2,6,11,15,16,20,45,49,52,60,63" m="48203" machi="20" ten="30,6000,0" yaku="18,1,54,2" doraHai="111" who="3" fromWho="3" sc="96,-22,186,-22,282,-22,426,76" /><INIT seed="3,3,0,3,0,43" ten="74,164,260,502" oya="3" hai0="10,112,57,60,91,126,15,84,128,13,64,46,28" hai1="74,44,52,21,80,83,35,22,125,51,129,59,27" hai2="99,100,62,0,120,110,30,79,124,20,53,66,42" hai3="114,19,32,113,105,68,82,37,107,4,81,103,132"/><W71/><G32/><T72/><D72/><U134/><E125/><V101/><F0/><W41/><G4/><T127/><D128/><U14/><E129/><V16/><F124/><W65/><G19/><T94/><D112/><U3/><E3/><V33/><F110/><W5/><G5/><T50/><D126/><U17/><E134/><V70/><F120/><W56/><G56/><T116/><D116/><U130/><E130/><V34/><F100/><W38/><G103/><T108/><D108/><U9/><E74/><V87/><F42/><W118/><G41/><T18/><D127/><U97/><E97/><V58/><F30/><W73/><G73/><T1/><D28/><U85/><E35/><V123/><F123/><W88/><G65/><T133/><D133/><U36/><E36/><V86/><F79/><W69/><G132/><T78/><D78/><U25/><E59/><V135/><F135/><W7/><G7/><T11/><D1/><U23/><E80/><N who="3" m="30826" /><G88/><AGARI ba="3,0" hai="9,14,17,21,22,23,25,27,44,51,52,83,85,88" machi="88" ten="40,12000,2" yaku="25,2,8,1,52,1,54,2" doraHai="43" who="1" fromWho="3" sc="74,0,164,129,260,0,502,-129" /><INIT seed="4,0,0,4,1,32" ten="74,293,260,373" oya="0" hai0="49,86,68,104,127,78,105,0,21,80,40,126,97" hai1="23,90,113,28,50,51,114,39,130,29,107,16,63" hai2="115,70,100,54,9,83,41,47,75,1,25,132,84" hai3="118,19,93,85,88,17,61,5,65,42,111,62,125"/><T8/><D68/><U131/><E39/><V81/><F70/><W91/><G111/><T60/><D60/><U72/><E72/><V52/><F100/><W106/><G106/><T121/><D121/><U133/><E107/><V128/><F128/><N who="1" m="49193" /><E133/><V71/><F71/><W123/><G118/><T82/><D97/><U66/><E90/><V79/><F25/><W18/><G125/><N who="0" m="47627" /><D21/><U44/><E29/><V98/><F98/><W135/><G62/><T89/><D40/><U109/><E28/><V69/><F69/><W33/><G61/><T94/><D49/><U122/><E109/><V22/><F22/><W36/><G42/><T77/><D82/><U119/><E119/><V37/><F132/><W64/><G135/><T27/><D27/><N who="1" m="14823" /><E122/><V87/><F87/><W53/><G123/><T45/><D45/><U43/><E51/><V2/><F75/><W14/><G85/><N who="0" m="52527" /><D78/><U3/><E63/><V112/><F83/><W26/><G65/><T108/><D108/><U102/><E66/><V57/><F54/><W73/><G53/><T101/><D101/><U120/><E102/><V38/><F38/><W74/><G36/><T7/><AGARI ba="0,0" hai="0,7,8,77,80,86,104,105" m="52527,47627" machi="7" ten="30,3000,0" yaku="18,1,52,1" doraHai="32" who="0" fromWho="0" sc="74,30,293,-10,260,-10,373,-10" /><INIT seed="4,1,0,5,5,129" ten="104,283,250,363" oya="0" hai0="3,53,104,36,7,121,50,128,1,115,58,71,98" hai1="38,110,16,17,79,18,44,28,62,43,27,111,54" hai2="30,102,14,132,90,65,60,2,107,125,22,45,103" hai3="55,20,9,97,75,126,120,134,6,68,49,113,106"/><T25/><D128/><U78/><E62/><V46/><F2/><W5/><G68/><T133/><D115/><U19/><N who="1" m="4096" /><DORA hai="82" /><U8/><E8/><V112/><F107/><W57/><G75/><T11/><D121/><U26/><E54/><V89/><F14/><W116/><G116/><T99/><D3/><U123/><E123/><V91/><F125/><W4/><G120/><T119/><D119/><U83/><E26/><N who="2" m="16727" /><F112/><W92/><G113/><T51/><D36/><U31/><E31/><V33/><F33/><W77/><G106/><T131/><D71/><U74/><REACH who="1" step="1"/><E79/><REACH who="1" ten="104,273,250,363" step="2"/><V64/><F60/><W86/><G77/><T66/><D131/><U93/><E93/><V37/><F65/><W135/><G92/><T24/><D66/><U101/><E101/><V95/><F102/><W48/><G55/><T70/><D70/><U39/><E39/><V122/><F37/><W96/><G9/><T52/><D104/><U15/><E15/><V67/><F122/><W105/><G105/><T130/><D130/><U56/><E56/><V109/><F67/><W94/><G57/><T10/><D11/><U117/><E117/><V41/><F64/><W85/><G94/><T88/><D88/><U13/><E13/><V40/><F95/><W114/><G114/><T100/><D100/><U108/><E108/><V80/><F103/><W29/><G29/><T12/><D1/><U21/><AGARI ba="1,1" hai="21,27,28,38,43,44,74,78,83,110,111" m="4096" machi="21" ten="40,8000,1" yaku="1,1,0,1,54,1,53,1" doraHai="129,82" doraHaiUra="23,32" who="1" fromWho="1" sc="104,-41,273,93,250,-21,363,-21" /><INIT seed="5,0,0,1,0,8" ten="63,366,229,342" oya="1" hai0="13,125,116,93,101,104,0,95,18,88,32,49,127" hai1="7,62,87,38,22,25,99,121,1,117,53,21,96" hai2="114,84,113,46,118,133,73,20,16,81,77,30,6" hai3="123,74,129,31,90,41,11,61,19,102,10,115,37"/><U24/><E117/><V14/><F118/><W119/><G119/><T34/><D0/><U66/><E121/><V109/><F109/><W97/><G74/><T17/><D104/><U67/><E38/><V44/><F133/><W28/><G123/><T58/><D116/><U23/><E1/><V48/><F6/><W70/><G115/><N who="2" m="44041" /><F30/><W107/><G129/><T82/><D34/><U134/><E134/><V91/><F48/><W111/><G111/><T128/><D32/><U75/><E75/><V94/><AGARI ba="0,0" hai="14,16,20,44,46,73,77,81,84,91,94" m="44041" machi="94" ten="30,7900,0" yaku="15,1,11,1,52,1,54,1" doraHai="8" who="2" fromWho="2" sc="63,-20,366,-39,229,79,342,-20" /><INIT seed="6,0,0,3,2,70" ten="43,327,308,322" oya="2" hai0="107,94,100,1,111,98,74,16,9,12,22,26,113" hai1="69,34,60,39,43,105,68,134,15,66,103,51,0" hai2="54,62,42,130,116,3,38,55,96,81,93,87,41" hai3="84,108,119,89,19,83,59,132,46,31,65,58,17"/><V32/><F116/><W11/><G108/><T20/><D111/><U52/><E0/><V129/><F3/><W44/><G132/><T8/><D74/><U48/><E34/><V30/><F30/><W71/><G71/><T67/><D113/><U63/><E105/><V86/><F32/><W118/><G31/><T90/><D107/><U33/><E33/><V77/><F87/><W57/><G65/><T45/><D1/><U106/><E103/><V29/><F29/><W128/><G128/><N who="2" m="49257" /><F62/><W104/><G104/><T75/><D75/><U40/><E106/><V127/><F127/><W85/><G11/><T122/><D122/><U80/><E80/><V10/><F10/><W126/><G126/><T91/><D45/><N who="3" m="17513" /><G119/><T99/><D67/><U131/><E131/><V23/><F23/><W135/><G135/><T2/><D2/><U18/><E134/><V36/><F42/><W56/><N who="3" m="14848" /><DORA hai="97" /><W133/><G118/><T125/><D125/><U82/><E66/><V21/><F21/><W114/><G114/><T28/><REACH who="0" step="1"/><D91/><REACH who="0" ten="33,327,308,322" step="2"/><U7/><E69/><V120/><F120/><W37/><G133/><T76/><D76/><U102/><E68/><V88/><F41/><W112/><G112/><T73/><D73/><U4/><E43/><V109/><F109/><W78/><G89/><T101/><D101/><U25/><E102/><V14/><F14/><W92/><G78/><T124/><D124/><U24/><E15/><V117/><F117/><W50/><G50/><T47/><D47/><U13/><E51/><V49/><F49/><W115/><G115/><T110/><D110/><RYUUKYOKU ba="0,1" sc="33,15,327,-15,308,15,322,-15" hai0="8,9,12,16,20,22,26,28,90,94,98,99,100" hai2="36,38,54,55,77,81,86,88,93,96" /><INIT seed="6,1,1,3,3,127" ten="48,312,323,307" oya="2" hai0="80,29,128,86,28,121,48,5,83,34,67,14,116" hai1="51,101,22,37,89,27,35,45,94,3,131,41,107" hai2="77,117,12,71,111,62,133,78,1,103,47,90,119" hai3="24,106,52,39,26,87,10,66,124,17,21,120,46"/><V0/><F103/><W69/><G120/><T118/><D67/><U74/><E35/><V126/><F90/><W57/><G106/><T8/><D48/><U100/><E3/><N who="2" m="1099" /><F47/><W135/><G10/><T92/><D92/><U73/><E37/><V33/><F12/><N who="3" m="9383" /><G87/><T50/><D50/><U56/><E56/><V11/><F11/><W79/><G79/><N who="2" m="30217" /><F33/><W32/><G32/><T125/><D14/><U110/><E101/><V6/><F6/><W99/><G99/><T16/><D8/><U72/><E100/><V49/><F49/><N who="3" m="30863" /><G135/><T53/><D5/><U85/><E107/><V104/><F104/><W114/><G114/><T115/><D86/><U60/><E60/><V96/><F96/><W54/><G54/><T20/><D53/><U102/><E102/><V70/><F133/><W9/><G9/><T42/><D34/><U55/><E55/><V130/><F62/><N who="3" m="40151" /><G124/><T82/><D125/><U129/><E110/><V97/><F97/><W38/><G38/><T44/><D115/><U113/><E113/><V122/><F111/><W95/><G95/><T108/><D108/><U30/><AGARI ba="1,1" hai="22,27,30,41,45,51,72,73,74,85,89,94,129,131" machi="30" ten="40,5200,0" yaku="0,1,52,2" doraHai="127" who="1" fromWho="1" sc="48,-14,312,65,323,-27,307,-14" /><INIT seed="7,0,0,3,3,15" ten="34,377,296,293" oya="3" hai0="123,39,64,70,11,32,2,36,40,42,56,43,121" hai1="38,7,6,27,73,107,75,113,71,68,102,95,100" hai2="115,117,53,87,93,109,77,52,104,16,10,128,98" hai3="34,50,58,5,124,92,72,69,13,126,90,83,23"/><W49/><G69/><N who="1" m="26698" /><E27/><V0/><F109/><W46/><G34/><T122/><D11/><U108/><E95/><V33/><F33/><W86/><G58/><T78/><D32/><U51/><E51/><V65/><F117/><W105/><G105/><T88/><D2/><U63/><E63/><V80/><F104/><W47/><G72/><N who="1" m="27722" /><E107/><V111/><F111/><W110/><G110/><T54/><D88/><U31/><E108/><V57/><F0/><W94/><G5/><N who="1" m="1546" /><E38/><V8/><F115/><W44/><G126/><T17/><D78/><U131/><E131/><V3/><F3/><W18/><G124/><T120/><N who="0" m="30720" /><DORA hai="37" /><T114/><D17/><U84/><E84/><V116/><F116/><W96/><REACH who="3" step="1"/><G94/><REACH who="3" ten="34,377,296,283" step="2"/><T101/><D114/><U135/><E113/><V79/><F128/><W22/><G22/><T25/><D25/><U81/><E81/><V76/><F8/><W119/><G119/><T74/><D74/><U41/><E135/><V67/><F57/><W91/><AGARI ba="0,1" hai="13,18,23,44,46,47,49,50,83,86,90,91,92,96" machi="91" ten="30,12000,1" yaku="1,1,0,1,8,1,52,1,53,1" doraHai="15,37" doraHaiUra="133,9" who="3" fromWho="3" sc="34,-40,377,-40,296,-40,283,130" owari="-6,-51.0,337,14.0,256,-14.0,413,51.0" /></mjloggm>