<mjloggm ver="2.3"><GO type="169" lobby="0"/><UN n0="%E5%BE%B3%E4%B9%83%E7%A5%9E" n1="%E5%9B%9B%E5%AE%AE%E7%B4%85%E8%BC%9D" n2="%4B%57" n3="%E3%83%A4%E3%83%9E%E3%83%80%E3%81%95%E3%82%93" dan="16,18,16,16" rate="2032.32,2272.19,2052.46,2110.73" sx="M,F,M,M"/><TAIKYOKU oya="0"/><INIT seed="0,0,0,3,3,1" ten="250,250,250,250" oya="0" hai0="54,45,125,80,25,69,23,53,98,128,76,55,101" hai1="20,100,77,110,11,3,88,8,34,86,102,84,99" hai2="71,38,19,124,127,46,134,83,57,123,106,108,130" hai3="61,93,96,118,41,66,111,115,50,95,107,116,24"/><T44/><D125/><N who="2" m="48202" /><F106/><W27/><G115/><T78/><D128/><U114/><E110/><V103/><F103/><N who="1" m="39465" /><E34/><V121/><F83/><W79/><G50/><T9/><D69/><U131/><E3/><V104/><F104/><W15/><G41/><T2/><D2/><U0/><E0/><V87/><F87/><N who="1" m="33321" /><E77/><N who="0" m="29801" /><D9/><U22/><E131/><V16/><F130/><W58/><G107/><T42/><D42/><U5/><E114/><V52/><F71/><W59/><G79/><T36/><D36/><U28/><E28/><V113/><F113/><W21/><G116/><T81/><D98/><U94/><E5/><V40/><F134/><W14/><G118/><T97/><D97/><U73/><E73/><V17/><F108/><W132/><G96/><T33/><D33/><U30/><E22/><V82/><F82/><N who="0" m="31850" /><D101/><U135/><E135/><V13/><F13/><W75/><G14/><T29/><AGARI ba="0,0" hai="23,25,29,44,45,53,54,55" m="31850,29801" machi="29" ten="30,1500,0" yaku="8,1" doraHai="1" who="0" fromWho="0" sc="250,15,250,-5,250,-5,250,-5" /><INIT seed="0,1,0,1,1,64" ten="265,245,245,245" oya="0" hai0="16,85,80,82,68,45,83,101,126,13,53,81,114" hai1="47,63,56,42,31,104,59,9,75,12,51,18,28" hai2="54,106,30,48,97,96,84,111,0,76,113,36,118" hai3="32,94,8,29,71,87,103,19,6,110,35,133,116"/><T10/><D114/><U39/><E75/><V24/><F113/><W102/><G116/><T70/><D126/><U4/><E104/><V128/><F118/><W132/><G87/><T92/><D101/><U107/><E107/><V34/><F128/><W108/><G94/><T7/><D92/><U115/><E115/><V26/><F111/><N who="3" m="42539" /><G71/><T129/><D7/><U112/><E112/><V25/><F36/><W38/><G38/><T3/><D3/><U135/><E135/><N who="3" m="51786" /><G102/><T57/><D129/><U69/><E59/><V91/><F76/><W127/><G103/><T88/><REACH who="0" step="1"/><D45/><REACH who="0" ten="255,245,245,245" step="2"/><U62/><E4/><V61/><F0/><N who="3" m="71" /><G127/><T58/><D58/><U74/><E56/><V49/><F106/><W124/><G124/><T14/><D14/><U21/><E12/><V20/><F26/><W120/><G120/><T65/><D65/><U23/><E47/><V77/><F25/><W125/><G125/><T90/><D90/><U117/><E117/><V5/><F91/><W67/><G67/><T105/><D105/><U99/><E62/><AGARI ba="1,1" hai="10,13,16,53,57,62,68,70,80,81,82,83,85,88" machi="62" ten="40,12000,1" yaku="1,1,52,2,54,2,53,0" doraHai="64" doraHaiUra="134" who="0" fromWho="1" sc="255,133,245,-123,245,0,245,0" /><INIT seed="0,2,0,5,4,130" ten="388,122,245,245" oya="0" hai0="105,124,102,38,81,22,96,87,1,31,47,45,5" hai1="56,36,106,86,52,46,115,8,32,61,17,39,127" hai2="26,12,93,73,75,21,83,14,66,110,117,84,51" hai3="62,88,97,112,33,121,30,18,77,100,2,44,89"/><T79/><D124/><U80/><E127/><V116/><F110/><W114/><G2/><T123/><D123/><U16/><E115/><V48/><F66/><W28/><G121/><T25/><REACH who="0" step="1"/><D38/><REACH who="0" ten="378,122,245,245" step="2"/><U129/><E129/><V19/><F117/><W118/><G118/><T122/><D122/><U11/><E39/><V53/><F116/><W131/><G131/><T134/><D134/><U90/><E32/><V7/><F51/><W92/><G33/><T104/><D104/><U15/><E106/><V99/><F48/><W133/><G133/><T27/><D27/><U113/><E113/><V69/><F26/><W3/><G114/><T111/><D111/><U43/><REACH who="1" step="1"/><E11/><AGARI ba="2,1" hai="1,5,11,22,25,31,45,47,79,81,87,96,102,105" machi="11" ten="40,3900,0" yaku="1,1,53,1" doraHai="130" doraHaiUra="95" who="0" fromWho="1" sc="378,55,122,-45,245,0,245,0" /><INIT seed="0,3,0,3,4,81" ten="433,77,245,245" oya="0" hai0="44,86,55,14,62,15,122,13,85,39,36,72,88" hai1="3,20,70,40,18,103,63,125,90,27,119,56,111" hai2="118,109,1,108,0,128,80,29,131,24,95,114,37" hai3="106,115,98,99,74,11,33,17,34,117,126,134,101"/><T35/><D122/><U47/><E119/><V65/><F37/><W9/><G74/><T100/><D72/><U102/><E111/><N who="2" m="42571" /><F65/><W104/><G17/><T12/><D35/><U5/><E125/><V105/><F105/><W130/><G101/><T67/><D100/><U8/><E70/><V2/><F95/><W73/><G73/><T89/><D15/><U23/><E23/><N who="2" m="15519" /><F80/><W58/><G126/><T48/><D39/><U124/><E124/><V32/><F32/><W69/><G69/><T82/><D36/><U123/><E123/><V107/><F107/><W120/><G120/><T91/><REACH who="0" step="1"/><D82/><REACH who="0" ten="423,77,245,245" step="2"/><U10/><E102/><V25/><F118/><W21/><G117/><T79/><D79/><U116/><E103/><V43/><F2/><W113/><G106/><T26/><D26/><U71/><E116/><V31/><F1/><W22/><G104/><T127/><D127/><U68/><E90/><V53/><F25/><W132/><G34/><T52/><D52/><U28/><E3/><V129/><F0/><W50/><G33/><T76/><D76/><U6/><E27/><V54/><F54/><W92/><G115/><T60/><D60/><U87/><E63/><V45/><F114/><W78/><G78/><T61/><D61/><U75/><E75/><V84/><F53/><W7/><G113/><T19/><D19/><U64/><E18/><V77/><F31/><W83/><G83/><T38/><D38/><U30/><E30/><V133/><F77/><W66/><G50/><T112/><D112/><U110/><E28/><V49/><F133/><W57/><G132/><RYUUKYOKU ba="3,1" sc="423,15,77,-15,245,15,245,-15" hai0="12,13,14,44,48,55,62,67,85,86,88,89,91" hai2="43,45,49,84,128,129,131" /><INIT seed="0,4,1,0,3,61" ten="438,62,260,230" oya="0" hai0="135,9,2,110,1,60,101,107,23,28,104,90,45" hai1="68,121,102,3,39,69,40,73,122,118,111,10,93" hai2="97,65,87,92,130,42,34,132,21,47,126,71,8" hai3="91,16,64,108,52,74,27,57,125,5,41,14,96"/><T30/><D135/><U116/><E93/><V120/><F120/><W22/><G74/><T20/><D101/><U35/><E102/><V115/><F115/><W15/><G108/><T19/><D60/><U43/><E35/><V99/><F34/><W62/><G125/><T124/><D45/><U63/><E73/><V49/><F132/><W44/><G5/><T80/><D9/><U129/><E10/><V133/><F130/><W75/><G75/><T13/><D124/><U31/><E31/><V113/><F113/><W66/><G91/><T29/><D110/><U51/><E3/><V109/><F109/><W83/><G83/><T0/><REACH who="0" step="1"/><D20/><REACH who="0" ten="428,62,260,230" step="2"/><U114/><E111/><V128/><F8/><W106/><G106/><T76/><D76/><U54/><E63/><V37/><F21/><W56/><G96/><T117/><D117/><U78/><E78/><V25/><F99/><W26/><G57/><T12/><D12/><U123/><E114/><V77/><F97/><W4/><G14/><T32/><D32/><U79/><E79/><V119/><F119/><N who="1" m="45609" /><E129/><V24/><F128/><W53/><G4/><T84/><AGARI ba="4,2" hai="0,1,2,13,19,23,28,29,30,80,84,90,104,107" machi="84" ten="40,3900,0" yaku="1,1,0,1,53,0" doraHai="61" doraHaiUra="134" who="0" fromWho="0" sc="428,71,62,-17,260,-17,230,-17" /><INIT seed="0,5,0,5,2,91" ten="499,45,243,213" oya="0" hai0="20,57,66,40,77,67,1,124,47,5,134,106,86" hai1="13,123,42,102,94,12,31,64,9,17,4,0,53" hai2="99,107,19,26,43,118,125,122,93,119,79,52,49" hai3="113,69,92,11,60,84,34,82,25,135,35,71,15"/><T18/><D106/><U24/><E123/><V21/><F122/><W50/><G113/><T75/><D75/><U85/><E64/><V120/><F120/><W58/><G50/><T100/><D134/><U33/><E42/><V129/><F129/><W78/><G135/><T115/><D100/><U108/><E108/><V72/><F125/><W109/><G109/><T76/><D115/><U44/><E44/><V81/><F107/><W59/><G59/><T41/><D1/><U30/><E30/><V126/><F43/><W29/><G35/><T88/><D5/><U22/><E53/><V46/><REACH who="2" step="1"/><F126/><REACH who="2" ten="499,45,233,213" step="2"/><W132/><G132/><T111/><D41/><U96/><REACH who="1" step="1"/><E85/><REACH who="1" ten="499,35,233,213" step="2"/><V14/><F14/><AGARI ba="5,2" hai="0,4,9,12,13,14,17,22,24,31,33,94,96,102" machi="14" ten="30,12000,2" yaku="1,1,2,1,7,1,24,2,52,1,53,0" doraHai="91" doraHaiUra="65" who="1" fromWho="2" sc="499,0,35,155,233,-135,213,0" /><INIT seed="1,0,0,3,5,126" ten="499,190,98,213" oya="1" hai0="61,74,73,82,23,4,32,103,108,128,113,134,116" hai1="76,100,111,132,64,22,18,68,115,72,129,34,122" hai2="92,90,65,75,3,127,43,49,87,53,117,30,125" hai3="13,109,80,56,84,59,14,66,71,62,99,107,104"/><U42/><E115/><V94/><F117/><W81/><G109/><T38/><D32/><U39/><E122/><V131/><F75/><W88/><G81/><T6/><D38/><U29/><E132/><V130/><F3/><W101/><G104/><T19/><D103/><U40/><E100/><V35/><F65/><W124/><G124/><N who="2" m="47689" /><F43/><W119/><G119/><T135/><D113/><U91/><E64/><V47/><F35/><W58/><AGARI ba="0,0" hai="13,14,56,58,59,62,66,71,80,84,88,99,101,107" machi="58" ten="30,2000,0" yaku="0,1,54,1" doraHai="126" who="3" fromWho="3" sc="499,-5,190,-10,98,-5,213,20" /><INIT seed="2,0,0,5,5,55" ten="494,180,93,233" oya="2" hai0="76,9,11,44,83,46,23,22,30,54,117,116,110" hai1="125,63,1,93,14,47,41,131,45,15,19,86,4" hai2="127,60,124,61,8,128,52,112,132,6,66,75,26" hai3="121,72,58,71,81,133,118,120,98,77,12,13,87"/><V53/><F75/><W96/><G71/><T20/><D30/><U69/><E125/><N who="2" m="48203" /><F112/><W89/><G118/><N who="0" m="45675" /><D110/><U111/><E111/><V56/><F128/><W18/><G12/><T29/><D29/><U42/><E131/><V106/><F106/><W7/><G7/><T84/><D54/><U10/><E1/><N who="2" m="79" /><F132/><W59/><G133/><T38/><D46/><N who="1" m="17419" /><E69/><N who="2" m="42183" /><F26/><W31/><G120/><T103/><D103/><U95/><E63/><V3/><F3/><W109/><G121/><T16/><D16/><U80/><E19/><V88/><F88/><W101/><G31/><T62/><D62/><U5/><E15/><V70/><F70/><W33/><G109/><T57/><D76/><N who="1" m="46343" /><E5/><V28/><F28/><W90/><G90/><T2/><D84/><U36/><E36/><V21/><F21/><W50/><G72/><T67/><D22/><U78/><E78/><V113/><F113/><W122/><G77/><T43/><D23/><U99/><E93/><V79/><F79/><W65/><G122/><T92/><D20/><U119/><E119/><V104/><F104/><W91/><G13/><T126/><D92/><U74/><E74/><V114/><F114/><W49/><G18/><T48/><D2/><U64/><E64/><AGARI ba="0,0" hai="52,53,56,61,64" m="42183,79,48203" machi="64" ten="30,5800,0" yaku="18,1,52,1,54,1" doraHai="55" who="2" fromWho="1" sc="494,0,180,-58,93,58,233,0" /><INIT seed="2,1,0,2,3,112" ten="494,122,151,233" oya="2" hai0="129,99,128,93,111,12,75,101,1,51,89,20,104" hai1="81,123,35,25,68,41,124,56,64,133,82,14,71" hai2="62,46,55,21,120,135,0,11,22,94,69,4,114" hai3="97,125,23,33,102,84,26,43,53,73,42,130,91"/><V57/><F120/><W132/><G73/><T70/><D1/><U106/><E123/><V118/><F114/><W109/><G33/><T65/><D75/><U39/><E124/><V37/><F135/><W13/><G125/><T105/><D111/><U34/><E133/><V29/><F118/><W74/><G74/><T16/><D70/><U86/><E106/><V92/><F69/><W54/><G13/><T76/><D76/><U52/><E14/><V59/><F59/><W40/><G130/><N who="0" m="50283" /><D65/><U47/><E82/><V32/><F32/><W96/><G109/><T28/><D28/><U19/><E19/><V110/><F110/><W87/><G87/><N who="0" m="52415" /><D51/><N who="1" m="30751" /><E25/><V122/><F122/><W98/><G102/><T88/><D88/><N who="1" m="51279" /><E71/><V38/><F38/><W90/><G90/><T127/><D127/><U6/><E6/><V61/><F29/><N who="3" m="17631" /><G132/><T17/><D17/><U30/><E30/><V108/><F108/><W116/><G116/><T95/><AGARI ba="1,0" hai="12,16,20,95,99,101,104,105" m="52415,50283" machi="95" ten="30,2000,0" yaku="19,1,54,1" doraHai="112" who="0" fromWho="0" sc="494,23,122,-6,151,-11,233,-6" /><INIT seed="3,0,0,2,0,81" ten="517,116,140,227" oya="3" hai0="15,78,6,44,80,46,65,38,103,109,77,111,129" hai1="9,125,115,62,16,86,116,89,83,121,106,132,92" hai2="63,66,95,47,34,114,94,12,42,112,73,32,33" hai3="1,20,18,5,128,2,48,105,113,4,7,107,134"/><W120/><G113/><T0/><D0/><U108/><E115/><V84/><F73/><W59/><G120/><T22/><D103/><U61/><E121/><V118/><F118/><W19/><G48/><T82/><D65/><U23/><E116/><V64/><F64/><W100/><G59/><T45/><D38/><U41/><E108/><N who="0" m="41545" /><D129/><U56/><E125/><V88/><F12/><W98/><G128/><T72/><D22/><U124/><E106/><V43/><F95/><W21/><G134/><T79/><D80/><U71/><E124/><V127/><F43/><W74/><G74/><T49/><D49/><U117/><E117/><V60/><F60/><W37/><G37/><T17/><D17/><U8/><E132/><V40/><F40/><W13/><REACH who="3" step="1"/><G105/><REACH who="3" ten="517,116,140,217" step="2"/><T52/><D72/><U133/><E133/><V28/><F127/><W39/><G39/><T26/><D46/><U75/><E75/><V67/><F114/><W110/><G110/><T85/><D44/><U135/><E135/><V91/><F112/><W31/><G31/><T90/><D45/><U10/><E41/><V24/><F47/><W69/><G69/><T3/><D52/><N who="1" m="33927" /><E71/><V93/><F42/><W27/><AGARI ba="0,1" hai="1,2,4,5,7,13,18,19,20,21,27,98,100,107" machi="27" ten="30,3000,0" yaku="1,1,0,1,53,0" doraHai="81" doraHaiUra="54" who="3" fromWho="3" sc="517,-10,116,-10,140,-10,217,40" /><INIT seed="3,1,0,3,3,107" ten="507,106,130,257" oya="3" hai0="22,33,121,45,37,44,69,50,83,122,8,87,91" hai1="57,131,48,2,18,96,108,64,7,85,117,41,78" hai2="97,81,21,52,79,72,65,74,89,25,124,135,101" hai3="61,99,105,77,47,16,32,27,51,19,67,43,114"/><W66/><G114/><T38/><D33/><U60/><E108/><V127/><F135/><W9/><G67/><T24/><D69/><U42/><E131/><V93/><F65/><W14/><G77/><T102/><D102/><U55/><E117/><V103/><F52/><W128/><G128/><T94/><D8/><U29/><E29/><V59/><F59/><W112/><G112/><T6/><D6/><U0/><E0/><V76/><F21/><W130/><G130/><T111/><D111/><U73/><E85/><V132/><F25/><W34/><G99/><T3/><D3/><U10/><E96/><V20/><F20/><W12/><G27/><T125/><D125/><N who="2" m="48202" /><F132/><W68/><G105/><T123/><D94/><U106/><E18/><V11/><F11/><AGARI ba="1,0" hai="9,11,12,14,16,19,32,34,43,47,51,61,66,68" machi="11" ten="30,5800,0" yaku="7,1,9,1,54,1" doraHai="107" who="3" fromWho="2" sc="507,0,106,0,130,-61,257,61" /><INIT seed="3,2,0,0,2,4" ten="507,106,69,318" oya="3" hai0="135,7,18,6,52,108,3,16,114,50,120,88,9" hai1="93,78,44,84,40,103,75,129,10,48,121,79,31" hai2="101,100,62,85,43,92,127,80,98,70,125,91,37" hai3="67,72,134,14,26,12,99,104,24,35,33,130,41"/><W94/><G72/><T83/><D120/><U17/><E121/><V123/><F123/><W68/><G41/><T46/><D108/><U28/><E75/><V1/><F1/><W58/><G68/><T82/><D135/><U61/><E129/><V42/><F70/><W131/><G104/><T60/><D114/><U36/><E36/><V112/><F62/><W110/><G58/><N who="0" m="34887" /><D3/><U30/><E61/><V13/><F37/><W105/><G67/><T117/><D117/><U124/><E124/><N who="2" m="47691" /><F43/><W47/><G105/><T115/><D115/><U51/><E51/><V27/><F27/><W34/><G47/><T69/><D82/><U119/><E119/><V111/><F42/><W97/><G35/><T39/><D39/><U8/><E17/><N who="0" m="6761" /><D9/><N who="1" m="3691" /><E103/><N who="2" m="39499" /><F13/><W74/><G12/><T128/><D128/><U22/><E22/><V90/><F112/><W89/><G14/><T5/><D69/><U96/><E96/><V15/><F15/><W132/><G99/><T21/><D21/><U81/><E93/><N who="2" m="56631" /><F111/><W2/><G110/><T71/><D71/><U66/><E66/><V20/><F20/><W95/><G130/><T133/><D133/><U63/><E63/><V11/><F11/><W54/><G131/><T29/><D29/><U55/><E40/><V38/><F38/><W64/><G132/><T109/><D109/><U25/><E25/><V116/><F116/><W106/><G26/><T73/><D5/><U49/><E49/><V126/><N who="2" m="47699" /><V122/><DORA hai="53" /><F122/><W107/><G24/><T59/><D6/><U86/><E30/><V76/><F76/><W32/><G134/><RYUUKYOKU ba="2,0" sc="507,-15,106,15,69,15,318,-15" hai1="28,31,44,48,55,78,79,81,84,86" hai2="80,85,91,92" /><INIT seed="4,3,0,5,4,8" ten="492,121,84,303" oya="0" hai0="2,71,32,6,108,121,42,43,135,67,117,35,31" hai1="25,19,73,51,78,130,116,41,9,26,96,10,34" hai2="36,85,69,84,45,134,95,21,22,110,38,129,94" hai3="56,57,113,132,44,126,46,18,111,4,100,16,63"/><T54/><D121/><U102/><E116/><V30/><F110/><W12/><G113/><T119/><D35/><U15/><E130/><V114/><F69/><W72/><G72/><T82/><D71/><U27/><E34/><V60/><F60/><W77/><G77/><T101/><D67/><U105/><E78/><V13/><F114/><W5/><G100/><T11/><D101/><U33/><E73/><V17/><F129/><W88/><G18/><T98/><D98/><U70/><E70/><V47/><F134/><W14/><G56/><T89/><D54/><U76/><E76/><V133/><F133/><W40/><G40/><T109/><D135/><U79/><E79/><V3/><F3/><W7/><G126/><T104/><D104/><U125/><E125/><V97/><F38/><W55/><G111/><N who="0" m="42571" /><D82/><U107/><E33/><V90/><F36/><W80/><G132/><T127/><D89/><U115/><E105/><V74/><F74/><W99/><G14/><T120/><D120/><U29/><E115/><V128/><F128/><W61/><G61/><T37/><D127/><U131/><E131/><V91/><F97/><W122/><G122/><T93/><D37/><U48/><E41/><V52/><F52/><W86/><G99/><T123/><D123/><U39/><E39/><V23/><F30/><W49/><G63/><T124/><D124/><U92/><E29/><V50/><F50/><N who="1" m="18985" /><E107/><V59/><F59/><W83/><G80/><T68/><D68/><U0/><E0/><V58/><F58/><W87/><G87/><T20/><D117/><U62/><E62/><RYUUKYOKU ba="3,0" sc="492,-30,121,10,84,10,303,10" hai1="9,10,15,19,25,26,27,92,96,102" hai2="13,17,21,22,23,45,47,84,85,90,91,94,95" hai3="4,5,7,12,16,44,46,49,55,57,83,86,88" /><INIT seed="5,4,0,1,5,128" ten="462,131,94,313" oya="1" hai0="0,12,42,61,75,111,71,124,29,83,48,5,54" hai1="132,1,115,87,37,21,92,95,9,99,72,7,49" hai2="23,85,73,77,6,82,101,81,127,129,122,15,45" hai3="33,80,58,30,109,43,26,36,104,34,64,105,131"/><U57/><E72/><V93/><F122/><W25/><G58/><T76/><D29/><U100/><E37/><V69/><F69/><W20/><G64/><T102/><D111/><U106/><E115/><V123/><F123/><W125/><G109/><T18/><D102/><U17/><E87/><V32/><F32/><W50/><G50/><T27/><D27/><U16/><E17/><V47/><F129/><W119/><G34/><T28/><D28/><U53/><REACH who="1" step="1"/><E132/><REACH who="1" ten="462,121,94,313" step="2"/><V22/><F73/><W121/><G36/><T135/><D18/><U52/><E52/><V4/><F85/><W79/><G121/><T117/><D135/><U39/><E39/><V118/><F6/><W51/><G131/><T56/><D75/><U126/><E126/><V91/><F127/><W40/><G125/><T8/><D54/><U19/><E19/><V88/><F4/><W116/><G40/><T89/><D42/><U44/><E44/><V94/><F118/><W60/><G43/><T97/><D117/><U103/><E103/><V68/><F101/><W113/><G113/><T120/><D5/><U63/><E63/><V35/><F47/><W13/><G60/><T55/><D61/><U133/><E133/><V41/><F41/><W90/><G116/><T11/><D55/><U67/><E67/><V46/><F46/><W10/><G119/><T130/><D124/><U114/><E114/><V134/><F134/><W86/><G86/><T98/><D130/><U112/><E112/><V74/><F45/><W107/><G51/><T70/><D120/><U31/><E31/><V108/><F74/><RYUUKYOKU ba="4,1" sc="462,-10,121,30,94,-10,313,-10" hai1="1,7,9,16,21,49,53,57,92,95,99,100,106" /><INIT seed="5,5,1,5,3,25" ten="452,151,84,303" oya="1" hai0="66,33,69,129,101,127,75,7,111,36,39,4,41" hai1="104,65,45,67,103,117,62,28,61,128,126,47,57" hai2="92,24,35,44,90,10,64,100,88,20,59,18,82" hai3="94,31,58,52,1,80,113,22,81,40,89,77,122"/><U11/><E117/><V9/><F35/><W2/><G122/><T17/><D75/><U37/><E126/><V70/><F70/><W15/><G40/><T32/><D111/><U26/><E37/><V14/><F44/><W55/><G55/><T48/><D101/><U108/><E128/><V54/><F64/><W23/><G23/><T97/><D127/><U12/><E103/><V123/><F123/><W125/><G113/><T91/><D91/><U46/><E104/><V3/><F3/><W30/><G1/><T63/><D97/><U93/><E93/><V133/><F133/><W98/><G2/><T107/><D107/><U49/><E108/><V102/><F82/><N who="3" m="31851" /><G77/><T86/><D86/><U27/><E49/><N who="2" m="31183" /><F10/><W105/><G125/><T74/><D48/><U68/><REACH who="1" step="1"/><E28/><REACH who="1" ten="452,141,84,303" step="2"/><N who="2" m="17415" /><F90/><W76/><G105/><T134/><D39/><U116/><E116/><V0/><F0/><W38/><G38/><T121/><D36/><U60/><E60/><V99/><AGARI ba="5,2" hai="9,14,18,88,92,99,100,102" m="17415,31183" machi="99" ten="30,4000,0" yaku="8,1,52,1,54,1" doraHai="25" who="2" fromWho="2" sc="452,-15,141,-25,84,75,303,-15" /><INIT seed="6,0,0,5,4,23" ten="437,116,159,288" oya="2" hai0="103,120,26,101,24,81,3,100,92,53,33,5,61" hai1="116,9,80,87,123,111,56,54,29,12,38,59,112" hai2="121,58,48,91,22,90,60,119,68,84,107,16,77" hai3="85,66,55,47,105,7,37,82,74,114,43,98,89"/><V18/><F119/><W106/><G114/><T115/><D120/><U124/><E116/><V45/><F68/><W27/><G66/><T118/><D33/><U73/><E112/><V40/><F121/><W20/><G7/><T129/><D118/><U71/><E71/><V113/><F107/><W88/><G74/><T72/><D3/><U109/><E123/><V4/><F4/><W132/><G132/><T62/><D115/><U6/><E124/><V133/><F133/><W97/><G55/><T64/><D92/><U78/><E38/><V17/><F113/><W32/><G32/><T51/><D129/><U93/><E56/><V10/><F10/><W46/><G46/><T39/><D39/><U8/><E8/><V31/><F31/><W99/><REACH who="3" step="1"/><G89/><REACH who="3" ten="437,116,159,278" step="2"/><T79/><D5/><U126/><E126/><V36/><F91/><W63/><G63/><T30/><D62/><U83/><E109/><V128/><F128/><W96/><G96/><T13/><D61/><U15/><E111/><V102/><F60/><W1/><G1/><T11/><D64/><U135/><E135/><V0/><F0/><W76/><G76/><T41/><D53/><U131/><E131/><V25/><F77/><W35/><G35/><T52/><D52/><U44/><E44/><V57/><F90/><W122/><G122/><T49/><D72/><U110/><E73/><V95/><F45/><W86/><G86/><T65/><D79/><U14/><E110/><V70/><F84/><W21/><G21/><T19/><D65/><U28/><E78/><V50/><F22/><W117/><G117/><RYUUKYOKU ba="0,1" sc="437,-10,116,-10,159,-10,278,30" hai3="20,27,37,43,47,82,85,88,97,98,99,105,106" /><INIT seed="7,1,1,3,0,92" ten="427,106,149,308" oya="3" hai0="89,1,16,105,85,3,50,101,10,6,121,128,34" hai1="80,8,22,13,134,48,99,108,130,21,53,110,79" hai2="26,122,84,46,23,20,115,103,96,51,64,66,102" hai3="70,81,111,28,88,33,25,86,31,61,72,58,7"/><W71/><G111/><T93/><D121/><U65/><E130/><V52/><F122/><W98/><G72/><T11/><D128/><U131/><E131/><V124/><F115/><W132/><G132/><T107/><D34/><U100/><E134/><V9/><F124/><W118/><G118/><T40/><D101/><N who="2" m="38410" /><F96/><W29/><G7/><T116/><D116/><U17/><E65/><N who="2" m="25195" /><F9/><W83/><G83/><T30/><D30/><U19/><E108/><V67/><N who="2" m="25203" /><V94/><DORA hai="44" /><F26/><W120/><G120/><T78/><D78/><U133/><E110/><V135/><F135/><W76/><G31/><T36/><D50/><U123/><E133/><V5/><F5/><W56/><G29/><T87/><D40/><U18/><E123/><V60/><F60/><W109/><G109/><T32/><D89/><AGARI ba="1,1" hai="20,23,46,51,52,84,89,94" m="25203,38410" machi="89" ten="40,5200,0" yaku="8,1,52,1,54,1" doraHai="92,44" who="2" fromWho="0" sc="427,-55,106,0,149,65,308,0" owari="372,47.0,106,-39.0,214,-19.0,308,11.0" /></mjloggm>