<mjloggm ver="2.3"><GO type="185" lobby="0"/><UN n0="%68%6F%70%70%6F%31%32%33" n1="%68%69%72%6F%6E%6E%32%30" n2="%E3%82%8A%E3%82%80%E3%82%8B" n3="" dan="16,17,16,0" rate="2090.42,2208.76,2189.45,1500.00" sx="M,M,M,C"/><TAIKYOKU oya="0"/><INIT seed="0,0,0,1,4,2" ten="350,350,350,0" oya="0" hai0="131,72,87,104,64,78,43,52,68,129,134,97,132" hai1="80,115,70,107,79,51,62,113,123,105,53,109,114" hai2="77,65,88,133,66,95,56,125,38,98,54,127,32" hai3=""/><T130/><D43/><U1/><N who="1" m="31520" /><U122/><N who="1" m="31264" /><U89/><E1/><V40/><F133/><N who="0" m="51306" /><D68/><U55/><E109/><V41/><F77/><T37/><D37/><U126/><E89/><V61/><F32/><T91/><D64/><N who="2" m="24682" /><F38/><T3/><D3/><U60/><E126/><AGARI ba="0,0" hai="40,41,54,56,61,88,95,98,125,126,127" m="24682" machi="126" ten="30,2000,0" yaku="18,1,54,1" doraHai="2" who="2" fromWho="1" sc="350,0,350,-20,350,20,0,0" /><INIT seed="1,0,0,2,1,73" ten="350,330,370,0" oya="1" hai0="53,116,81,134,44,106,92,65,41,39,123,60,67" hai1="98,37,38,61,121,105,32,79,78,114,0,47,2" hai2="71,34,77,127,50,68,104,112,80,1,101,76,125" hai3=""/><U135/><N who="1" m="31008" /><U45/><E32/><V89/><F34/><T52/><N who="0" m="31520" /><T57/><D106/><U48/><E61/><V63/><F1/><N who="1" m="617" /><E48/><V122/><N who="2" m="31264" /><V107/><F112/><T59/><D134/><U100/><E135/><V74/><F77/><N who="1" m="29193" /><E114/><V110/><F110/><T102/><D81/><U49/><E49/><V97/><F104/><T51/><D116/><U95/><E105/><V115/><F115/><T126/><D126/><N who="2" m="48138" /><F63/><T129/><D129/><U124/><E124/><V87/><F50/><T54/><D102/><U113/><E113/><V69/><F69/><T70/><D92/><AGARI ba="0,0" hai="68,71,74,76,80,87,89,92,97,101,107" m="48138,31264" machi="92" ten="30,7700,0" yaku="24,1,18,1,52,2" doraHai="73" who="2" fromWho="0" sc="350,-77,330,0,370,77,0,0" /><INIT seed="2,0,0,1,3,99" ten="273,330,447,0" oya="2" hai0="94,49,122,89,37,60,38,88,35,103,90,83,53" hai1="58,47,100,134,131,57,118,2,126,117,109,73,92" hai2="110,54,111,33,0,68,34,108,123,39,76,98,36" hai3=""/><V125/><N who="2" m="31520" /><V66/><F0/><T3/><N who="0" m="31264" /><T128/><D35/><N who="2" m="13322" /><F125/><T130/><D3/><U93/><E2/><V51/><F76/><T105/><D60/><U32/><E32/><V101/><F66/><T67/><D67/><U79/><E126/><V112/><F68/><T63/><D63/><U127/><E127/><V96/><F112/><T69/><D105/><U40/><E73/><V120/><N who="2" m="30752" /><V64/><F64/><T72/><D69/><U132/><E79/><V42/><F42/><T59/><D83/><U55/><E40/><V85/><F85/><T133/><D72/><U86/><E86/><V46/><F98/><T104/><D104/><AGARI ba="0,0" hai="36,39,46,51,54,96,101,104,108,110,111" m="30752,13322,31520" machi="104" ten="40,12000,1" yaku="14,1,10,1,52,3" doraHai="99" who="2" fromWho="0" sc="273,-120,330,0,447,120,0,0" /><INIT seed="2,1,0,0,5,48" ten="153,330,567,0" oya="2" hai0="70,115,131,55,94,34,53,80,127,67,74,1,2" hai1="129,78,121,92,109,81,36,76,54,134,119,56,77" hai2="118,61,72,40,108,105,3,126,43,71,106,122,114" hai3=""/><V103/><RYUUKYOKU type="yao9" ba="1,0" sc="153,0,330,0,567,0,0,0" hai2="3,40,43,61,71,72,103,105,106,108,114,118,122,126" /><INIT seed="2,2,0,1,5,78" ten="153,330,567,0" oya="2" hai0="92,99,64,60,38,101,105,58,59,45,82,33,88" hai1="95,74,134,109,123,131,2,118,117,90,121,113,42" hai2="94,36,89,53,110,104,67,130,112,54,70,80,77" hai3=""/><V122/><N who="2" m="31264" /><V0/><F112/><T66/><D33/><U106/><N who="1" m="31008" /><U83/><E42/><V127/><F0/><T47/><D38/><U81/><N who="1" m="31520" /><U44/><E44/><V132/><F104/><T96/><D82/><N who="1" m="31243" /><E2/><V120/><N who="2" m="30752" /><V116/><F67/><T69/><D69/><U126/><E113/><V56/><F56/><T97/><D99/><U49/><E74/><V63/><F70/><T85/><D97/><U111/><E49/><V41/><F41/><T62/><AGARI ba="2,0" hai="45,47,58,59,60,62,64,66,85,88,92,96,101,105" machi="62" ten="30,3000,0" yaku="0,1,9,1,54,1" doraHai="78" who="0" fromWho="0" sc="153,34,330,-12,567,-22,0,0" /><INIT seed="4,0,0,5,2,120" ten="187,318,545,0" oya="0" hai0="134,108,83,46,58,104,40,68,103,127,71,51,93" hai1="69,59,129,37,101,33,100,84,94,74,122,133,73" hai2="53,121,81,90,34,131,135,95,39,117,72,44,78" hai3=""/><T60/><BYE who="2" /><D127/><UN n2="%E3%82%8A%E3%82%80%E3%82%8B" /><U82/><N who="1" m="31264" /><U102/><E33/><V79/><N who="2" m="31008" /><V111/><F34/><T97/><D134/><U89/><E69/><V41/><F135/><T116/><D116/><U105/><E37/><V113/><F113/><T54/><D108/><U126/><E59/><V132/><F132/><T124/><D124/><U107/><E133/><V65/><F111/><T35/><D35/><U130/><E126/><V36/><F117/><T1/><D1/><U3/><E3/><V110/><F110/><T77/><REACH who="0" step="1"/><D104/><REACH who="0" ten="177,318,545,0" step="2"/><N who="1" m="40011" /><E130/><V48/><F131/><T112/><D112/><U123/><N who="1" m="31520" /><U50/><E129/><V52/><F36/><T55/><D55/><U66/><E66/><V43/><F65/><T38/><D38/><U67/><E67/><V85/><F39/><T98/><D98/><U91/><E50/><V76/><F53/><T87/><AGARI ba="0,1" hai="40,46,51,54,58,60,68,71,77,83,87,93,97,103" machi="87" ten="20,5200,0" yaku="1,1,0,1,7,1,53,1" doraHai="120" doraHaiUra="57" who="0" fromWho="0" sc="177,62,318,-26,545,-26,0,0" /><INIT seed="4,1,0,0,2,94" ten="239,292,519,0" oya="0" hai0="120,128,129,85,86,49,46,111,67,97,109,114,90" hai1="133,99,61,115,116,73,40,84,121,65,68,34,70" hai2="50,43,62,55,131,101,108,72,48,132,112,123,71" hai3=""/><T47/><N who="0" m="30752" /><T88/><D67/><U98/><N who="1" m="31008" /><U93/><E116/><V104/><N who="2" m="31520" /><V69/><F108/><N who="0" m="41546" /><D114/><U81/><E34/><V117/><F112/><T130/><D49/><U89/><E115/><V102/><F72/><T119/><D119/><U33/><E33/><V83/><F117/><T78/><D78/><U82/><E70/><V103/><F50/><T37/><D37/><U76/><E133/><V35/><F48/><T41/><D97/><U44/><REACH who="1" step="1"/><E81/><REACH who="1" ten="239,282,519,0" step="2"/><V64/><F83/><T75/><D41/><U52/><E52/><V113/><F55/><T36/><D36/><AGARI ba="1,1" hai="36,40,44,61,65,68,73,76,82,84,89,93,98,99" m="31008" machi="36" ten="30,8000,1" yaku="1,1,7,1,52,3,53,0" doraHai="94" doraHaiUra="2" who="1" fromWho="0" sc="239,-82,282,92,519,0,0,0" /><INIT seed="5,0,0,2,0,78" ten="157,374,519,0" oya="1" hai0="129,70,71,76,128,133,95,41,59,43,54,82,108" hai1="134,56,0,127,3,90,52,83,109,126,2,121,61" hai2="62,73,111,119,63,84,102,35,58,74,69,37,120" hai3=""/><U113/><N who="1" m="31008" /><U38/><E113/><V32/><N who="2" m="30752" /><V39/><F111/><T49/><D108/><U77/><E109/><V124/><F119/><T86/><D133/><U65/><E134/><V107/><F69/><T50/><D95/><U33/><E38/><V117/><F117/><T88/><D76/><U42/><E42/><V47/><F47/><T80/><D80/><U112/><E112/><V72/><F124/><N who="1" m="47657" /><E33/><V92/><F107/><T105/><D105/><U85/><E65/><V94/><F102/><T51/><D41/><U97/><E97/><V115/><F115/><T64/><D64/><U130/><E130/><N who="0" m="50281" /><D43/><U66/><E66/><V48/><F32/><T93/><D93/><U116/><E116/><V101/><F92/><T106/><D106/><U45/><E45/><V46/><F94/><T57/><D54/><U44/><E44/><V99/><F46/><T91/><D91/><AGARI ba="0,0" hai="0,2,3,52,56,61,77,83,85,90,91" m="47657,31008" machi="91" ten="40,12000,1" yaku="18,1,52,2,54,1" doraHai="78" who="1" fromWho="0" sc="157,-120,374,120,519,0,0,0" /><INIT seed="5,1,0,5,1,74" ten="37,494,519,0" oya="1" hai0="71,69,35,40,75,73,122,126,121,79,86,60,95" hai1="39,130,72,49,127,99,53,103,50,124,115,101,94" hai2="61,44,63,51,65,116,105,128,64,1,125,33,41" hai3=""/><U97/><E39/><V52/><F1/><T111/><N who="0" m="31008" /><T46/><N who="0" m="31264" /><T77/><D126/><N who="1" m="48171" /><E130/><V133/><F125/><T47/><D111/><U2/><E2/><V114/><F33/><T118/><D95/><U56/><E72/><V76/><F105/><T80/><D35/><U83/><E115/><V42/><F114/><T89/><D118/><U96/><E103/><V110/><F110/><T93/><D46/><U88/><E49/><V37/><F128/><T55/><D75/><U90/><E101/><V57/><F116/><T113/><D73/><U32/><E32/><V58/><F133/><T3/><D3/><U119/><E119/><V106/><F106/><T66/><D113/><U36/><E36/><V43/><F76/><T38/><D71/><AGARI ba="1,0" hai="37,41,42,43,44,51,52,57,58,61,63,64,65,71" machi="71" ten="30,16000,3" yaku="7,1,24,2,35,6,54,1" doraHai="74" who="2" fromWho="0" sc="37,-162,494,0,519,162,0,0" owari="-125,-73.0,494,9.0,681,64.0,0,0.0" /></mjloggm>