<mjloggm ver="2.3"><GO type="185" lobby="0"/><UN n0="%E3%81%BE%E3%82%8D%E3%81%AB%E3%81%84" n1="%E3%81%AE%E3%83%BC%E3%81%97" n2="%E6%B5%81%E7%9F%B3%E4%B8%80%E6%97%8F" n3="" dan="16,18,16,0" rate="2065.72,2270.57,2167.58,1500.00" sx="M,M,F,C"/><TAIKYOKU oya="0"/><INIT seed="0,0,0,2,4,106" ten="350,350,350,0" oya="0" hai0="103,97,128,69,57,61,53,130,70,85,39,117,132" hai1="113,71,90,99,3,79,115,1,119,78,38,75,41" hai2="64,46,88,35,77,37,72,58,32,110,62,49,0" hai3=""/><T47/><D117/><U54/><E71/><V96/><F0/><T59/><D85/><U40/><E119/><V34/><F110/><T44/><D97/><U74/><E54/><V129/><F129/><N who="0" m="49770" /><D103/><U101/><E38/><V102/><F37/><T91/><D91/><U124/><E99/><V67/><F67/><T118/><D118/><U42/><E90/><V126/><F126/><T116/><D116/><U63/><E63/><V86/><F77/><N who="1" m="29193" /><E101/><V133/><F133/><T83/><D83/><U51/><E51/><V135/><F135/><T48/><D132/><U94/><E94/><V73/><F96/><T131/><N who="0" m="49778" /><T92/><DORA hai="123" /><D92/><U122/><N who="1" m="31264" /><U76/><E124/><V81/><REACH who="2" step="1"/><F102/><REACH who="2" ten="350,350,340,0" step="2"/><T134/><D134/><U107/><E76/><V100/><F100/><T82/><D82/><U109/><E107/><V43/><AGARI ba="0,1" hai="32,34,35,43,46,49,58,62,64,72,73,81,86,88" machi="43" ten="30,6000,1" yaku="1,1,0,1,52,2,54,1,53,0" doraHai="106,123" doraHaiUra="127,120" who="2" fromWho="2" sc="350,-40,350,-20,340,70,0,0" /><INIT seed="1,0,0,5,5,51" ten="310,330,410,0" oya="1" hai0="77,45,35,101,128,86,135,109,75,85,84,94,2" hai1="118,46,62,110,89,41,68,43,80,124,49,81,105" hai2="116,88,42,64,112,102,3,40,97,53,115,38,114" hai3=""/><U74/><E105/><V69/><F3/><T98/><D2/><U52/><E118/><V122/><N who="2" m="31264" /><V117/><F53/><T67/><D35/><U60/><E110/><V59/><F69/><T91/><D67/><U90/><E124/><V37/><F88/><N who="1" m="33897" /><E74/><V130/><F130/><T65/><D128/><U34/><E34/><V134/><F116/><T58/><D109/><U131/><E68/><V129/><F129/><T92/><D45/><U104/><E104/><V44/><F117/><T127/><D127/><U111/><E111/><V83/><F44/><T87/><D65/><U95/><E95/><V36/><F83/><N who="1" m="31817" /><E131/><V106/><F40/><AGARI ba="0,0" hai="40,41,43,46,49,52,60,62" m="31817,33897" machi="40" ten="30,11600,0" yaku="8,1,52,1,54,2" doraHai="51" who="1" fromWho="2" sc="310,0,330,116,410,-116,0,0" /><INIT seed="1,1,0,0,2,78" ten="310,446,294,0" oya="1" hai0="63,112,131,106,65,64,77,126,92,103,2,132,46" hai1="41,55,93,60,128,84,107,135,36,94,120,45,95" hai2="98,88,74,70,69,118,53,61,129,86,81,133,99" hai3=""/><U79/><N who="1" m="30752" /><U90/><E107/><V75/><F118/><T39/><D2/><U58/><E135/><V44/><F133/><T32/><D32/><U34/><E34/><V82/><F129/><T97/><D132/><U113/><E113/><V123/><N who="2" m="31520" /><V76/><F75/><T73/><D112/><U101/><E128/><V80/><F76/><T0/><D0/><U49/><E101/><V127/><F74/><T56/><D131/><U119/><E119/><V91/><F127/><T48/><D39/><U124/><E124/><V85/><F82/><T54/><D126/><U47/><REACH who="1" step="1"/><E79/><REACH who="1" ten="310,436,294,0" step="2"/><V83/><F83/><T3/><D3/><U115/><E115/><V71/><F61/><T43/><D106/><U125/><E125/><V67/><F67/><AGARI ba="1,1" hai="36,41,45,47,49,55,58,60,67,84,90,93,94,95" m="30752" machi="67" ten="30,5800,0" yaku="1,1,7,1,52,1,53,0" doraHai="78" doraHaiUra="130" who="1" fromWho="2" sc="310,0,436,70,294,-60,0,0" /><INIT seed="1,2,0,3,0,58" ten="310,506,234,0" oya="1" hai0="76,94,106,0,49,109,43,60,3,41,131,123,111" hai1="67,93,96,50,71,68,65,57,125,59,86,78,56" hai2="102,98,64,77,129,45,122,35,32,90,118,1,2" hai3=""/><U130/><E130/><V70/><N who="2" m="31264" /><V62/><F118/><T34/><N who="0" m="31520" /><T40/><D106/><U105/><E105/><V74/><F129/><T38/><D34/><N who="2" m="12842" /><F90/><T92/><D131/><U110/><E125/><V63/><F45/><T121/><N who="0" m="31008" /><T37/><D76/><U114/><E114/><V89/><F89/><T128/><D128/><U112/><E112/><V39/><F62/><T127/><D127/><U75/><E75/><V48/><F48/><T73/><D73/><U99/><E50/><V72/><F39/><N who="0" m="14858" /><D49/><U101/><E99/><V33/><F33/><T80/><D80/><U52/><E52/><V120/><N who="2" m="30752" /><V115/><F115/><T84/><D84/><U124/><E124/><V85/><F85/><T132/><D60/><U54/><E54/><V95/><F72/><T116/><D116/><U133/><E86/><V104/><F95/><N who="0" m="36394" /><D132/><U51/><E133/><V97/><F97/><T82/><D82/><AGARI ba="2,0" hai="1,2,63,64,70,74,77,82,98,102,104" m="30752,12842,31264" machi="82" ten="30,8000,1" yaku="33,2,52,3" doraHai="58" who="2" fromWho="0" sc="310,-84,506,0,234,84,0,0" /><INIT seed="2,0,0,1,3,40" ten="226,506,318,0" oya="2" hai0="69,60,122,119,107,61,111,99,118,130,104,102,108" hai1="34,63,114,98,84,115,37,128,32,59,55,57,123" hai2="83,127,51,71,109,0,79,41,82,64,135,54,80" hai3=""/><V66/><F0/><T47/><N who="0" m="31264" /><T110/><D107/><U92/><N who="1" m="31520" /><U113/><E37/><V46/><F135/><T126/><D130/><U2/><E2/><V125/><F79/><T133/><D133/><U36/><E36/><V45/><F109/><T129/><D129/><U35/><E84/><V33/><F33/><T81/><D81/><U131/><REACH who="1" step="1"/><E59/><REACH who="1" ten="226,496,318,0" step="2"/><V97/><F97/><T78/><D69/><U48/><E48/><V38/><REACH who="2" step="1"/><F71/><REACH who="2" ten="226,496,308,0" step="2"/><T96/><D78/><U85/><E85/><V121/><N who="2" m="31008" /><V76/><F76/><T70/><D70/><U117/><E117/><V116/><F116/><T112/><D119/><U94/><E94/><V72/><F72/><T68/><D118/><U49/><E49/><V56/><F56/><T75/><D68/><U44/><E44/><V105/><F105/><T103/><D75/><U89/><AGARI ba="0,2" hai="32,34,35,55,57,63,89,92,98,113,114,115,128,131" m="31520" machi="89" ten="40,3900,0" yaku="1,1,0,1,52,1,53,0" doraHai="40" doraHaiUra="134" who="1" fromWho="1" sc="226,-13,496,59,308,-26,0,0" /><INIT seed="4,0,0,2,5,48" ten="213,555,282,0" oya="0" hai0="52,90,130,77,50,2,46,65,79,60,121,101,72" hai1="128,64,89,59,123,42,122,99,75,67,78,108,103" hai2="87,118,105,53,61,86,54,98,85,117,81,112,45" hai3=""/><T71/><N who="0" m="31008" /><T63/><D2/><U131/><N who="1" m="31264" /><U114/><N who="1" m="31520" /><U57/><E108/><V66/><F112/><T62/><D130/><N who="1" m="49707" /><E114/><V32/><F32/><T82/><D79/><U93/><E42/><V124/><F124/><T35/><D35/><U94/><E78/><V134/><F134/><T83/><D101/><U68/><E75/><V69/><F81/><T49/><D83/><U119/><E119/><V135/><F135/><T84/><D72/><U120/><N who="1" m="30752" /><U113/><E113/><V55/><REACH who="2" step="1"/><F45/><REACH who="2" ten="213,555,272,0" step="2"/><T36/><D77/><U91/><E68/><V37/><F37/><T129/><D36/><U3/><E3/><V80/><F80/><T116/><D129/><U115/><E115/><V51/><F51/><T106/><D116/><U127/><E127/><V92/><F92/><T96/><D106/><U88/><E94/><V133/><F133/><T110/><D110/><U34/><E34/><V43/><F43/><T56/><D96/><U125/><E125/><V1/><F1/><T58/><D71/><U76/><E76/><V70/><F70/><T109/><D109/><U104/><E104/><V95/><F95/><T100/><D100/><AGARI ba="0,1" hai="53,54,55,61,66,69,85,86,87,98,100,105,117,118" machi="100" ten="50,8000,1" yaku="1,1,52,3,53,0" doraHai="48" doraHaiUra="74" who="2" fromWho="0" sc="213,-80,555,0,272,90,0,0" /><INIT seed="5,0,0,2,2,38" ten="133,555,362,0" oya="1" hai0="106,1,34,46,132,70,118,100,125,0,43,56,3" hai1="76,58,50,130,119,109,96,44,115,92,81,42,52" hai2="127,104,99,64,71,51,63,48,98,41,107,135,89" hai3=""/><U86/><E119/><V121/><N who="2" m="31008" /><V126/><F135/><T67/><D56/><U40/><E109/><V120/><N who="2" m="30752" /><V55/><F41/><T85/><D85/><U62/><E130/><V79/><F79/><T113/><D132/><U57/><E115/><V114/><F114/><T97/><D113/><U54/><E58/><V83/><F51/><T91/><D91/><AGARI ba="0,0" hai="40,42,44,50,52,54,57,62,76,81,86,91,92,96" machi="91" ten="30,12000,1" yaku="7,1,8,1,52,2,54,1" doraHai="38" who="1" fromWho="0" sc="133,-120,555,120,362,0,0,0" /><INIT seed="5,1,0,5,5,99" ten="13,675,362,0" oya="1" hai0="118,0,36,80,1,2,87,135,78,108,102,65,134" hai1="41,119,133,37,56,45,116,53,104,98,129,131,79" hai2="91,73,113,114,89,83,93,59,75,43,125,103,82" hai3=""/><U42/><E42/><V66/><F43/><T71/><D36/><U100/><E133/><V132/><F132/><T52/><D108/><U33/><E79/><V72/><F66/><T117/><D134/><U112/><E112/><V88/><F59/><T64/><D135/><U62/><E33/><V48/><F125/><T67/><D71/><U58/><REACH who="1" step="1"/><E56/><REACH who="1" ten="13,665,362,0" step="2"/><V101/><F48/><T54/><REACH who="0" step="1"/><D102/><REACH who="0" ten="3,665,362,0" step="2"/><N who="2" m="38922" /><F93/><T77/><D77/><U55/><E55/><AGARI ba="1,2" hai="0,1,2,52,54,55,64,65,67,78,80,87,117,118" machi="55" ten="50,6400,0" yaku="1,1,54,1,53,1" doraHai="99" doraHaiUra="81" who="0" fromWho="1" sc="3,86,665,-66,362,0,0,0" /><INIT seed="6,0,0,4,5,49" ten="89,599,362,0" oya="2" hai0="118,111,103,115,68,84,67,125,77,109,93,36,127" hai1="99,51,65,75,131,76,83,107,59,47,90,126,135" hai2="40,133,124,132,104,52,91,134,63,72,1,71,0" hai3=""/><V108/><F72/><T62/><D103/><U122/><N who="1" m="31264" /><U102/><E135/><V66/><F104/><T106/><D93/><U46/><E131/><V114/><F40/><T78/><D84/><U94/><E126/><V96/><F124/><T128/><D78/><U34/><E34/><V81/><F114/><T116/><D77/><U50/><E50/><V55/><F108/><T37/><D106/><U121/><N who="1" m="31008" /><U53/><E65/><V112/><F112/><T58/><D58/><U85/><AGARI ba="0,0" hai="46,47,51,53,59,75,76,83,85,90,94,99,102,107" m="31008,31264" machi="85" ten="20,9000,2" yaku="0,1,7,1,24,2,52,3" doraHai="49" who="1" fromWho="1" sc="89,-30,599,90,362,-60,0,0" owari="59,-54.0,689,64.0,302,-10.0,0,0.0" /></mjloggm>