<mjloggm ver="2.3"><GO type="225" lobby="0"/><UN n0="%E3%81%82%E3%82%89%E3%81%8C%E3%81%8D%E3%81%82%E3%82%84%E3%81%9B" n1="%E2%96%BD%E4%B8%8E%E4%BD%9C%28%E3%81%8A%E3%81%AB%E3%81%8E%E3%82%8A" n2="%5C%E3%81%AF%E3%81%A1%E3%81%8D%E3%82%87%E3%81%86%2F" n3="%E3%81%95%E3%81%8D%E3%81%9F%E3%81%BE%E6%9E%97%E6%AA%8E" dan="16,17,16,16" rate="2147.15,2178.72,2105.87,2136.86" sx="F,M,M,M"/><TAIKYOKU oya="0"/><INIT seed="0,0,0,1,2,27" ten="250,250,250,250" oya="0" hai0="115,133,86,98,79,17,105,89,19,63,102,23,75" hai1="6,60,48,29,30,124,54,114,66,49,126,57,97" hai2="3,84,9,18,100,117,1,61,0,26,38,21,132" hai3="11,101,83,120,82,116,37,125,71,104,20,24,119"/><T103/><D115/><U25/><E114/><V77/><F38/><W8/><G71/><T92/><D133/><U128/><E128/><V43/><F43/><W13/><G37/><T35/><D35/><U72/><E72/><V65/><F132/><W135/><G135/><T45/><D45/><U94/><E6/><V108/><F108/><W129/><G129/><T95/><D103/><U112/><E112/><V15/><F100/><W51/><G120/><T91/><D63/><U130/><E130/><V64/><F117/><W107/><G125/><N who="1" m="48234" /><E25/><V55/><F55/><W88/><G51/><N who="1" m="19530" /><E54/><V53/><F53/><W58/><G58/><T74/><D23/><U10/><E10/><V39/><F39/><W62/><G62/><T36/><D36/><U52/><E66/><V31/><REACH who="2" step="1"/><F61/><REACH who="2" ten="250,250,240,250" step="2"/><W90/><G119/><T16/><REACH who="0" step="1"/><D79/><REACH who="0" ten="240,250,240,250" step="2"/><U40/><E40/><V41/><F41/><W131/><G116/><T44/><D44/><U2/><E2/><V127/><F127/><W67/><G131/><T69/><D69/><U96/><E96/><AGARI ba="0,2" hai="16,17,19,74,75,86,89,91,92,95,96,98,102,105" machi="96" ten="40,12000,1" yaku="1,1,54,1,53,3" doraHai="27" doraHaiUra="12" who="0" fromWho="1" sc="240,140,250,-120,240,0,250,0" /><INIT seed="0,1,0,3,1,101" ten="380,130,240,250" oya="0" hai0="91,121,115,81,5,83,32,3,131,129,92,20,94" hai1="13,90,8,67,23,6,103,134,99,106,84,135,41" hai2="112,66,133,76,25,12,122,47,4,11,59,64,109" hai3="69,34,52,39,58,2,33,27,24,73,68,80,126"/><T120/><D32/><U62/><E41/><V10/><F122/><N who="0" m="47210" /><D20/><U82/><REACH who="1" step="1"/><E23/><REACH who="1" ten="380,120,240,250" step="2"/><V102/><F112/><W14/><G34/><T105/><D115/><U114/><E114/><V43/><F133/><W124/><G33/><T37/><D37/><U55/><E55/><V61/><F109/><W29/><G52/><T50/><D131/><U75/><E75/><V28/><F66/><W70/><G73/><T130/><D129/><U30/><E30/><V111/><F111/><W60/><G29/><T132/><D130/><U15/><E15/><V128/><F128/><W45/><G14/><T36/><D36/><U51/><E51/><V116/><F116/><W56/><G39/><T77/><D50/><U123/><E123/><V57/><F43/><W96/><G2/><T42/><D42/><U16/><E16/><V87/><F28/><W49/><G49/><T110/><D110/><U18/><E18/><V19/><F19/><W22/><G22/><T17/><D17/><U44/><E44/><V119/><F47/><W78/><G45/><T35/><D35/><U86/><E86/><V46/><F87/><W127/><G27/><T40/><D40/><U95/><E95/><V79/><F119/><W113/><G113/><T93/><D132/><U0/><E0/><V97/><F25/><W100/><G24/><T72/><D3/><U88/><E88/><V48/><F46/><W89/><G89/><T107/><D5/><U125/><E125/><V9/><F48/><W65/><G127/><T7/><D7/><U71/><AGARI ba="1,1" hai="6,8,13,62,67,71,82,84,90,99,103,106,134,135" machi="71" ten="30,4000,0" yaku="1,1,0,1,52,1,53,0" doraHai="101" doraHaiUra="53" who="1" fromWho="1" sc="380,-21,120,53,240,-11,250,-11" /><INIT seed="1,0,0,4,0,86" ten="359,173,229,239" oya="1" hai0="44,3,62,11,9,42,111,71,52,121,51,113,0" hai1="8,87,103,58,76,5,95,119,39,135,127,93,65" hai2="25,2,117,126,133,74,115,112,91,6,107,114,79" hai3="7,84,32,18,70,69,48,104,96,20,92,75,97"/><U21/><E119/><V105/><F117/><W35/><G75/><T100/><D113/><U34/><E34/><V59/><F133/><W29/><G7/><T28/><D28/><U106/><E135/><V67/><F126/><W110/><G48/><T132/><D132/><U16/><E39/><V31/><F79/><W56/><G56/><T26/><D121/><U38/><E38/><V73/><F6/><W24/><G84/><T68/><D111/><U43/><E43/><V77/><F2/><W13/><G110/><T30/><D100/><U99/><E127/><V109/><F109/><W134/><G134/><T78/><D78/><U10/><E5/><V125/><F125/><W55/><G55/><T53/><D53/><U94/><E76/><V61/><F91/><W83/><G35/><T14/><D11/><U101/><E101/><V23/><REACH who="2" step="1"/><F77/><REACH who="2" ten="359,173,219,239" step="2"/><W98/><G104/><AGARI ba="0,1" hai="23,25,31,59,61,67,73,74,104,105,107,112,114,115" machi="104" ten="50,6400,0" yaku="1,1,2,1,11,1,53,0" doraHai="86" doraHaiUra="90" who="2" fromWho="3" sc="359,0,173,0,219,74,239,-64" /><INIT seed="2,0,0,3,1,48" ten="359,173,293,175" oya="2" hai0="109,56,104,27,116,126,33,107,1,100,16,55,106" hai1="19,95,20,120,4,90,0,117,31,63,34,103,67" hai2="5,65,59,121,98,54,82,99,62,57,118,125,18" hai3="64,38,127,35,87,115,22,69,24,61,131,53,42"/><V110/><F118/><W9/><G35/><T102/><D1/><U85/><E117/><V74/><F121/><W134/><G134/><T96/><D116/><U93/><E120/><V68/><F68/><W113/><G131/><T81/><D109/><U30/><E34/><V3/><F125/><W70/><G127/><T52/><D126/><U44/><E44/><V50/><F110/><W133/><G133/><T6/><D6/><U111/><E111/><V29/><F29/><W101/><G9/><T130/><D130/><U7/><E0/><V46/><F3/><W14/><G14/><T86/><D33/><U128/><E128/><V71/><F5/><N who="1" m="2121" /><E63/><V91/><F18/><N who="3" m="12375" /><G101/><T12/><D27/><N who="1" m="14751" /><E67/><V75/><F75/><W94/><G64/><T23/><D56/><U39/><E39/><V83/><F74/><W88/><G38/><T25/><D12/><U21/><E21/><V37/><F37/><W108/><G108/><T58/><D58/><U47/><E47/><V77/><F77/><W129/><G129/><T135/><D135/><U60/><E60/><N who="2" m="38031" /><F71/><W8/><G70/><T11/><D11/><U89/><E103/><V119/><F119/><W66/><G8/><T124/><D124/><U41/><E41/><N who="2" m="24911" /><F91/><W122/><G42/><T36/><D36/><U26/><E26/><V123/><F123/><W17/><G122/><T79/><D107/><U2/><E2/><V45/><F45/><W112/><G53/><T73/><D73/><U13/><E13/><V105/><F105/><W72/><G72/><T15/><D15/><U132/><E132/><V76/><F76/><RYUUKYOKU ba="0,0" sc="359,0,173,0,293,0,175,0" hai0="16,23,25,52,55,79,81,86,96,100,102,104,106" hai1="30,31,85,89,90,93,95" hai2="54,59,62,82,83,98,99" hai3="17,61,66,69,87,88,94,112,113,115" /><INIT seed="2,1,0,3,1,94" ten="359,173,293,175" oya="2" hai0="54,38,102,119,31,43,61,91,133,28,105,1,46" hai1="32,42,130,53,24,124,123,22,103,134,5,55,2" hai2="80,78,84,9,40,56,52,15,27,8,99,97,122" hai3="36,59,117,26,50,35,86,85,12,76,79,17,45"/><V37/><F122/><W16/><G117/><T14/><D1/><U67/><E32/><V135/><F135/><W11/><G36/><T39/><D133/><U113/><E113/><V77/><F37/><W41/><G59/><T20/><D119/><U58/><E134/><V114/><F114/><W93/><G35/><T51/><D39/><U62/><E123/><V121/><F40/><W95/><G86/><T101/><D91/><U96/><E124/><V19/><F121/><W47/><G47/><T131/><D131/><U98/><E130/><V57/><F57/><W25/><G25/><T110/><D61/><U90/><E42/><V48/><F27/><W72/><G72/><T74/><D74/><U13/><E90/><N who="2" m="51463" /><F8/><W92/><REACH who="3" step="1"/><G85/><REACH who="3" ten="359,173,293,165" step="2"/><T66/><D38/><U7/><E2/><V64/><F64/><W34/><G34/><T18/><D66/><U71/><E71/><V69/><F69/><W128/><G128/><T23/><D46/><U6/><E13/><V116/><F116/><W109/><G109/><T65/><D110/><U118/><E118/><V49/><F49/><W4/><G4/><T106/><D65/><U126/><E126/><V0/><F0/><W111/><G111/><T75/><D75/><U82/><E82/><V60/><F48/><W30/><G30/><T87/><D51/><U10/><E10/><V125/><F125/><W3/><G3/><T129/><D31/><N who="1" m="17815" /><E103/><V107/><F107/><W63/><G63/><T108/><D105/><U29/><E29/><V81/><F81/><W70/><G70/><T115/><D106/><U33/><E33/><RYUUKYOKU ba="1,1" sc="359,-30,173,10,293,10,165,10" hai1="5,6,7,53,55,58,62,67,96,98" hai2="9,15,19,52,56,60,77,78,97,99" hai3="11,12,16,17,26,41,45,50,76,79,92,93,95" /><INIT seed="2,2,1,5,0,40" ten="329,183,303,175" oya="2" hai0="87,50,16,61,6,105,24,128,75,27,73,30,90" hai1="17,25,11,42,123,47,67,23,102,14,48,2,8" hai2="4,33,121,92,134,74,114,127,71,103,45,70,3" hai3="76,131,86,101,93,95,63,135,119,35,38,129,106"/><V19/><F19/><W81/><G35/><T18/><D105/><U31/><E123/><V89/><F103/><W99/><G38/><T44/><D128/><N who="3" m="49225" /><G63/><T12/><D6/><U133/><E133/><V120/><F4/><W49/><G49/><T77/><D61/><U1/><E11/><V78/><F78/><W132/><G119/><T80/><D30/><U58/><E102/><V36/><F92/><AGARI ba="2,1" hai="76,81,86,92,93,95,99,101,106,132,135" m="49225" machi="92" ten="30,3900,0" yaku="19,1,34,2" doraHai="40" who="3" fromWho="2" sc="329,0,183,0,303,-45,175,55" /><INIT seed="3,0,0,1,2,23" ten="329,183,258,230" oya="3" hai0="12,73,132,85,118,52,63,41,16,99,105,76,70" hai1="107,97,33,126,31,96,100,38,40,110,103,69,37" hai2="78,81,84,61,112,44,116,119,18,46,101,108,121" hai3="49,9,95,8,82,48,4,60,104,93,109,80,117"/><W131/><G117/><T57/><D118/><U24/><E110/><V29/><F112/><W30/><G104/><T94/><D132/><U45/><E126/><V88/><F108/><W56/><G109/><T64/><D73/><U14/><E14/><V125/><F121/><W74/><G74/><T7/><D7/><U90/><E90/><V75/><F125/><W2/><G2/><T71/><D41/><U22/><E22/><V127/><F127/><W20/><G131/><T133/><D133/><U113/><E113/><V26/><F101/><W50/><G82/><T35/><D35/><U135/><E135/><V1/><F1/><W72/><G72/><T59/><D105/><N who="1" m="63631" /><E38/><V42/><F18/><W55/><G80/><N who="0" m="47239" /><D71/><U21/><E21/><V92/><F61/><W83/><G83/><T111/><D111/><U53/><E53/><V114/><F44/><W27/><REACH who="3" step="1"/><G4/><REACH who="3" ten="329,183,258,220" step="2"/><T102/><D70/><AGARI ba="0,1" hai="24,31,33,37,40,45,69,70,96,103,107" m="63631" machi="70" ten="30,3900,0" yaku="33,2,52,1" doraHai="23" who="1" fromWho="0" sc="329,-39,183,49,258,0,220,0" /><INIT seed="4,0,0,2,0,85" ten="290,232,258,220" oya="0" hai0="55,109,72,105,78,135,126,36,49,57,76,116,67" hai1="66,17,89,113,77,45,96,50,16,13,83,123,98" hai2="112,38,95,125,1,70,11,124,64,22,69,12,15" hai3="117,63,3,28,68,27,131,132,106,88,122,79,53"/><T80/><D116/><U133/><E123/><V86/><F112/><W73/><G117/><T0/><D0/><U101/><E113/><V99/><F38/><W31/><G31/><T52/><D105/><U111/><E111/><V51/><F1/><W37/><G122/><T8/><D109/><U44/><E133/><V92/><F51/><W107/><G132/><T25/><D135/><U108/><E108/><V24/><F86/><W46/><G3/><T118/><D118/><U71/><E71/><N who="2" m="27147" /><F64/><N who="3" m="40991" /><G88/><T128/><D128/><U35/><E66/><V41/><F41/><N who="3" m="22831" /><G131/><T94/><D36/><U60/><E60/><V93/><F11/><W84/><G84/><T2/><D126/><N who="2" m="48746" /><F99/><N who="1" m="37929" /><E35/><V6/><F6/><W9/><G9/><T65/><D78/><U26/><E50/><V115/><F115/><W97/><G97/><T100/><D8/><N who="1" m="6183" /><E77/><V58/><F58/><W48/><G79/><T43/><D2/><U56/><E56/><V82/><F82/><W104/><G73/><T20/><D100/><U47/><E101/><V91/><F91/><W75/><G75/><T40/><D94/><N who="2" m="24066" /><V7/><DORA hai="54" /><F7/><W120/><G120/><T14/><D72/><U74/><E74/><V61/><F22/><N who="3" m="15479" /><G107/><T90/><D90/><U81/><E89/><V5/><F5/><W129/><G129/><T110/><D110/><U10/><E10/><V18/><F61/><W30/><G30/><N who="0" m="17703" /><D80/><U19/><E19/><V33/><F18/><W102/><G102/><T34/><D76/><U4/><E4/><V119/><F119/><W134/><G134/><T121/><D121/><U29/><E29/><AGARI ba="0,0" hai="12,15,24,29,33" m="24066,48746,27147" machi="29" ten="40,2600,0" yaku="6,1,18,1" doraHai="85,54" who="2" fromWho="1" sc="290,0,232,-26,258,26,220,0" /><INIT seed="5,0,0,3,4,117" ten="290,206,284,220" oya="1" hai0="104,25,111,135,52,74,80,79,128,93,24,66,77" hai1="57,16,19,20,60,55,91,102,71,95,98,64,26" hai2="0,122,70,21,40,73,10,118,12,81,67,69,29" hai3="103,108,7,116,51,48,78,32,133,53,75,44,96"/><U39/><E39/><V119/><F0/><W109/><G32/><T31/><D104/><U127/><E127/><V84/><F73/><W42/><G116/><T6/><D111/><U3/><E3/><V121/><F40/><W2/><G133/><T50/><D135/><U114/><E114/><V106/><F106/><W131/><G131/><T97/><D128/><U68/><E19/><V22/><F67/><W92/><G75/><T34/><D66/><U28/><E28/><V129/><F29/><W130/><G130/><T112/><D112/><U27/><E27/><V36/><F36/><W94/><G94/><T8/><D25/><U113/><E113/><V5/><F129/><W18/><G18/><T107/><D107/><U76/><E76/><V59/><F59/><W123/><G78/><T14/><D80/><U45/><E45/><V89/><F118/><W105/><G105/><T23/><D34/><U38/><E38/><V101/><F101/><W124/><G124/><T4/><D4/><U1/><E1/><V9/><F9/><W63/><G7/><T33/><D33/><U47/><REACH who="1" step="1"/><E102/><REACH who="1" ten="290,196,284,220" step="2"/><V99/><F119/><W88/><G103/><N who="0" m="60847" /><D74/><U49/><AGARI ba="0,1" hai="16,20,26,47,49,55,57,60,64,68,71,91,95,98" machi="49" ten="30,6000,0" yaku="1,1,0,1,54,1,53,0" doraHai="117" doraHaiUra="134" who="1" fromWho="1" sc="290,-20,196,70,284,-20,220,-20" /><INIT seed="5,1,0,3,5,79" ten="270,266,264,200" oya="1" hai0="34,38,54,17,60,28,83,9,108,14,6,90,76" hai1="20,2,99,25,23,36,64,40,37,57,58,52,121" hai2="120,129,80,86,122,51,114,65,68,113,10,75,98" hai3="110,103,95,87,131,39,78,125,32,73,0,16,15"/><U5/><E121/><V47/><F75/><W56/><G0/><T43/><D108/><U119/><E119/><V59/><F68/><W31/><G39/><T94/><D43/><U126/><E126/><V42/><F129/><W81/><G125/><T24/><D38/><U27/><E2/><V61/><F98/><W13/><G131/><T66/><D54/><U1/><E1/><V4/><F114/><W116/><G110/><T18/><D94/><U82/><E5/><V89/><REACH who="2" step="1"/><F113/><REACH who="2" ten="270,266,254,200" step="2"/><W30/><G116/><T96/><D96/><U26/><E99/><V111/><F111/><W22/><G73/><T100/><D100/><U19/><E37/><V84/><F84/><N who="3" m="48183" /><G103/><T55/><D90/><U102/><E102/><V112/><F112/><W35/><G35/><T46/><D34/><U29/><E36/><V3/><AGARI ba="1,1" hai="3,4,10,42,47,51,59,61,65,80,86,89,120,122" machi="3" ten="20,8000,1" yaku="1,1,0,1,7,1,52,1,53,1" doraHai="79" doraHaiUra="85" who="2" fromWho="2" sc="270,-21,266,-41,254,93,200,-21" owari="249,5.0,225,-17.0,347,44.0,179,-32.0" /></mjloggm>