<mjloggm ver="2.3"><GO type="169" lobby="0"/><UN n0="%E5%8F%A4%E6%9C%AC" n1="%E3%82%82%E3%81%BF%E3%81%95%E3%81%92" n2="%E6%97%A9%E5%A4%A7%E3%83%80%E3%83%A1%E4%BF%AE%E5%A3%AB" n3="%E3%83%97%E3%83%AD%E3%83%86%E3%82%A4%E3%83%B3%E5%BE%97%E7%9B%9B" dan="16,16,16,17" rate="2059.54,2114.52,2197.90,2264.45" sx="M,M,M,M"/><TAIKYOKU oya="0"/><INIT seed="0,0,0,3,2,14" ten="250,250,250,250" oya="0" hai0="106,125,65,19,3,112,23,99,50,76,1,120,57" hai1="20,30,96,118,108,9,32,103,105,25,67,73,17" hai2="111,40,36,109,84,61,79,6,54,68,83,59,133" hai3="27,5,75,117,70,53,116,18,92,85,122,22,126"/><T0/><D120/><U124/><E118/><V101/><F68/><W74/><G122/><T132/><D112/><U13/><E108/><N who="2" m="41547" /><F101/><W115/><G115/><T128/><D125/><U60/><E124/><V37/><F40/><W16/><G126/><T98/><D132/><U63/><E73/><V123/><F123/><W43/><G70/><T39/><D39/><N who="2" m="14922" /><F6/><W7/><G43/><T64/><D128/><U8/><REACH who="1" step="1"/><E63/><REACH who="1" ten="250,240,250,250" step="2"/><V56/><F133/><W11/><G75/><T62/><D62/><U44/><E44/><V86/><F56/><AGARI ba="0,1" hai="8,9,13,17,20,25,30,32,56,60,67,96,103,105" machi="56" ten="30,3900,0" yaku="1,1,7,1,52,1,53,0" doraHai="14" doraHaiUra="77" who="1" fromWho="2" sc="250,0,240,49,250,-39,250,0" /><INIT seed="1,0,0,2,5,100" ten="250,289,211,250" oya="1" hai0="29,81,120,87,44,116,54,53,48,84,71,37,38" hai1="59,5,102,127,89,92,95,109,121,42,66,64,55" hai2="30,56,13,11,45,91,74,108,79,18,65,22,88" hai3="47,46,21,99,69,1,94,118,58,126,19,76,25"/><U28/><E121/><V2/><F108/><W115/><G115/><T107/><D107/><U63/><E127/><V36/><F74/><W133/><G69/><T125/><D116/><U8/><E42/><V135/><F79/><W78/><G126/><T12/><D125/><U90/><E28/><V70/><F70/><W43/><G118/><T32/><D71/><U119/><E109/><V20/><F135/><W117/><G117/><T39/><D120/><U27/><E27/><V7/><F36/><W17/><G1/><T50/><D12/><N who="1" m="5135" /><E102/><V130/><F130/><W103/><G133/><T75/><D75/><U40/><E40/><V3/><F3/><W51/><G47/><T35/><D29/><U60/><E60/><V16/><F30/><W101/><G101/><T110/><D110/><U122/><E122/><V128/><F45/><W82/><G82/><T10/><D10/><U61/><E61/><V114/><F128/><W86/><G86/><N who="0" m="32811" /><D81/><U83/><E83/><V4/><F114/><W67/><G19/><T33/><D44/><U52/><E66/><V106/><F2/><W72/><G72/><T80/><D80/><U113/><E113/><V15/><F11/><W93/><G93/><N who="1" m="35914" /><E119/><V111/><F111/><W62/><AGARI ba="0,0" hai="17,21,25,43,46,51,58,62,67,76,78,94,99,103" machi="62" ten="30,2000,0" yaku="0,1,8,1" doraHai="100" who="3" fromWho="3" sc="250,-5,289,-10,211,-5,250,20" /><INIT seed="2,0,0,3,3,22" ten="245,279,206,270" oya="2" hai0="103,25,121,53,132,21,50,90,67,15,75,95,10" hai1="106,100,79,18,17,133,62,77,52,69,58,135,43" hai2="74,49,109,6,54,118,2,38,105,34,5,48,32" hai3="70,30,99,8,51,35,128,124,71,86,39,87,19"/><V40/><F118/><W46/><G39/><T76/><D121/><U89/><E43/><V3/><F40/><W111/><G111/><T4/><D132/><N who="1" m="50763" /><E69/><V31/><F31/><W120/><G120/><T91/><D75/><U115/><E115/><V29/><F29/><W12/><G124/><T0/><D0/><U130/><E130/><V84/><F84/><W63/><G128/><T93/><D67/><U59/><E89/><N who="0" m="33801" /><D76/><N who="1" m="29259" /><E59/><V41/><F41/><W60/><G99/><AGARI ba="0,0" hai="17,18,52,58,62,99,100,106" m="29259,50763" machi="99" ten="30,2000,0" yaku="20,1,54,1" doraHai="22" who="1" fromWho="3" sc="245,0,279,20,206,0,270,-20" /><INIT seed="3,0,0,2,2,79" ten="245,299,206,250" oya="3" hai0="11,86,88,59,103,30,1,2,44,134,19,104,90" hai1="91,105,32,133,18,108,36,15,17,82,26,124,122" hai2="77,118,45,121,76,130,20,3,57,68,81,21,4" hai3="113,119,60,49,102,16,53,23,69,78,73,38,85"/><W56/><G119/><T5/><D30/><U61/><E122/><V47/><F68/><W101/><G73/><T55/><D44/><U95/><E105/><V58/><F4/><W65/><G113/><T24/><D134/><U43/><E108/><V89/><F130/><W75/><G75/><T72/><D72/><U13/><E133/><V128/><F128/><W41/><G78/><T10/><D103/><U33/><E61/><V50/><F89/><W99/><G85/><T40/><D40/><U120/><E43/><V27/><F27/><W37/><G41/><T8/><D104/><U114/><E36/><V28/><F28/><W25/><REACH who="3" step="1"/><G102/><REACH who="3" ten="245,299,206,240" step="2"/><T52/><D86/><U35/><E114/><V87/><F87/><W131/><G131/><T115/><D115/><U110/><E120/><V48/><F121/><W106/><AGARI ba="0,1" hai="16,23,25,37,38,49,53,56,60,65,69,99,101,106" machi="106" ten="20,7800,0" yaku="1,1,0,1,7,1,54,1,53,0" doraHai="79" doraHaiUra="0" who="3" fromWho="3" sc="245,-26,299,-26,206,-26,240,88" /><INIT seed="3,1,0,5,4,97" ten="219,273,180,328" oya="3" hai0="128,3,84,94,11,39,125,1,13,48,49,56,32" hai1="59,98,66,117,40,30,135,76,70,31,129,55,86" hai2="85,12,68,27,112,47,80,64,93,90,123,113,38" hai3="130,95,75,69,126,119,89,18,101,82,74,50,134"/><W104/><G69/><T41/><D32/><U92/><E129/><V91/><F123/><W81/><G50/><T87/><D39/><U79/><E135/><V73/><F73/><N who="3" m="27659" /><G18/><T33/><D33/><U46/><E70/><V36/><F27/><W133/><G119/><T124/><D128/><U19/><E66/><V121/><F121/><W20/><G20/><T78/><D78/><U114/><E114/><V28/><F28/><N who="1" m="10793" /><E86/><N who="0" m="32809" /><D94/><U107/><E107/><V15/><F68/><W26/><G26/><T116/><D116/><U58/><E19/><V37/><F64/><W9/><G9/><T96/><D96/><U122/><E122/><V131/><F131/><W24/><G24/><T127/><D41/><U52/><E117/><V54/><F113/><W110/><G130/><T16/><D56/><N who="1" m="21547" /><E40/><V67/><F112/><W43/><G43/><T51/><AGARI ba="1,0" hai="1,3,11,13,16,48,49,51,124,125,127" m="32809" machi="51" ten="40,2700,0" yaku="18,1,54,1" doraHai="97" who="0" fromWho="0" sc="219,30,273,-8,180,-8,328,-14" /><INIT seed="4,0,0,2,4,110" ten="249,265,172,314" oya="0" hai0="21,127,75,83,100,45,135,44,30,11,81,16,54" hai1="80,114,47,106,121,5,14,31,70,96,132,134,125" hai2="42,41,120,68,34,98,63,57,99,20,78,102,92" hai3="18,48,107,105,73,2,28,91,38,115,76,108,104"/><T118/><D118/><U1/><E121/><V19/><F34/><W22/><G38/><T58/><D75/><U64/><E125/><V39/><F120/><W69/><G108/><T88/><D100/><N who="1" m="62727" /><E31/><V17/><F68/><W15/><G2/><T87/><D127/><U9/><E14/><V24/><F39/><W85/><G69/><T86/><D11/><U113/><E80/><V35/><F35/><W53/><G76/><N who="0" m="46375" /><D30/><U51/><E64/><V123/><F123/><W133/><G28/><T36/><D36/><U84/><E84/><V82/><F99/><W13/><G13/><N who="0" m="9359" /><D135/><N who="1" m="51755" /><E70/><V62/><F17/><W119/><G73/><T124/><D124/><U94/><E94/><V50/><F50/><AGARI ba="0,0" hai="44,45,50,54,58,83,87,88" m="9359,46375" machi="50" ten="30,5800,0" yaku="8,1,54,2" doraHai="110" who="0" fromWho="2" sc="249,58,265,0,172,-58,314,0" /><INIT seed="4,1,0,5,5,128" ten="307,265,114,314" oya="0" hai0="55,54,63,130,64,129,10,21,115,74,97,106,112" hai1="81,53,76,131,12,59,43,19,108,57,30,102,72" hai2="56,2,120,105,79,4,51,20,34,23,90,35,84" hai3="98,124,9,127,71,32,75,101,119,100,65,122,107"/><T0/><D74/><U67/><E108/><V46/><F105/><W47/><G119/><T114/><D21/><U92/><E131/><N who="0" m="50185" /><D106/><U82/><E30/><V42/><F120/><W69/><G75/><T26/><D97/><U104/><E43/><V103/><F103/><W5/><G101/><T27/><D10/><U93/><E82/><V7/><F23/><W31/><G122/><T18/><D0/><U61/><E102/><V89/><F79/><W37/><G31/><T125/><D125/><N who="3" m="48201" /><G32/><T22/><D27/><U17/><E104/><V73/><F73/><W29/><G29/><T86/><D86/><N who="1" m="48423" /><E19/><V41/><F34/><W110/><G110/><T45/><D45/><U58/><E72/><V16/><F35/><W68/><G47/><T77/><D77/><U14/><E14/><V8/><F4/><W48/><G9/><T66/><D66/><U49/><E59/><AGARI ba="1,0" hai="18,22,26,54,55,59,63,64,112,114,115" m="50185" machi="59" ten="40,3900,0" yaku="15,1,19,1" doraHai="128" who="0" fromWho="1" sc="307,42,265,-42,114,0,314,0" /><INIT seed="4,2,0,4,0,27" ten="349,223,114,314" oya="0" hai0="30,64,41,78,116,126,57,128,117,97,89,11,6" hai1="69,102,108,79,81,106,93,0,71,4,95,61,133" hai2="9,14,105,43,76,10,44,48,54,3,109,15,16" hai3="59,100,20,7,39,135,56,80,111,70,96,36,115"/><T29/><D126/><U90/><E108/><V34/><F109/><W84/><G111/><T31/><D128/><U129/><E133/><V40/><F105/><W122/><G70/><T17/><D78/><U65/><E129/><V18/><F3/><W112/><G135/><T121/><D121/><U88/><E71/><V131/><F131/><W45/><G7/><T52/><D41/><U63/><E63/><V37/><F37/><N who="3" m="14411" /><G45/><T1/><D64/><U26/><E4/><V42/><F34/><W114/><G20/><T119/><D17/><U13/><E13/><V32/><F32/><W130/><G122/><T23/><D97/><U33/><E0/><V104/><F104/><N who="3" m="63495" /><G130/><T86/><D23/><U73/><E93/><V124/><F124/><W50/><G50/><T87/><REACH who="0" step="1"/><D89/><AGARI ba="2,0" hai="56,59,80,84,89,112,114,115" m="63495,14411" machi="89" ten="40,1300,0" yaku="15,1" doraHai="27" who="3" fromWho="0" sc="349,-19,223,0,114,0,314,19" /><INIT seed="5,0,0,0,0,127" ten="330,223,114,333" oya="1" hai0="55,135,102,95,83,36,106,34,96,104,115,75,28" hai1="39,70,38,91,63,56,2,92,12,59,114,116,15" hai2="27,16,65,93,14,24,124,99,46,134,128,9,107" hai3="73,0,67,17,89,25,131,111,84,35,121,100,18"/><U110/><E116/><V8/><F124/><W43/><G73/><T45/><D36/><U120/><E120/><V62/><F134/><W98/><G111/><T44/><D135/><U51/><E2/><V132/><F132/><W58/><G0/><T57/><D115/><U126/><E126/><V81/><F107/><W90/><G43/><T129/><D28/><U3/><E3/><V94/><F128/><W69/><G58/><T130/><D34/><U133/><E110/><V32/><F32/><W117/><G131/><N who="0" m="50187" /><D83/><U80/><E114/><V71/><F8/><W41/><G41/><T4/><D4/><U31/><E31/><V30/><F30/><W72/><G35/><T87/><D75/><U85/><E80/><V61/><F46/><N who="0" m="18026" /><D87/><U21/><E85/><V123/><F123/><W48/><G84/><T88/><D102/><U118/><E39/><V68/><F81/><W11/><G100/><T13/><D13/><U125/><E12/><V5/><F5/><W103/><G103/><T113/><D113/><U119/><E15/><V37/><F37/><W60/><G72/><T105/><D105/><U1/><E38/><V112/><F112/><W49/><G121/><T54/><D54/><U40/><E133/><V77/><F77/><W79/><G79/><T76/><D76/><U53/><E53/><V108/><F108/><W66/><G90/><T29/><D29/><U22/><E91/><N who="2" m="55743" /><F94/><W101/><G89/><T19/><D19/><U74/><E92/><V52/><F52/><W26/><G18/><T78/><D78/><U122/><E125/><V33/><F33/><RYUUKYOKU ba="0,0" sc="330,15,223,-15,114,15,333,-15" hai0="55,57,88,95,96,104,106" hai2="9,14,16,24,27,61,62,65,68,71" /><INIT seed="6,1,0,5,4,54" ten="345,208,129,318" oya="2" hai0="92,99,107,11,29,123,90,109,47,128,134,28,10" hai1="18,129,1,97,14,38,12,31,46,53,106,100,98" hai2="66,19,117,16,17,13,3,50,116,20,51,27,112" hai3="65,95,101,83,81,60,59,55,127,52,57,37,82"/><V62/><F3/><W44/><G127/><T85/><D123/><U110/><E110/><V69/><F112/><W7/><G7/><T126/><D109/><U9/><E129/><V93/><F93/><W61/><G37/><T114/><D114/><U105/><E1/><V121/><F121/><W88/><G101/><T111/><D111/><U49/><E31/><V89/><F89/><W122/><G122/><T78/><D128/><U48/><E38/><V131/><F131/><W108/><G108/><T0/><D0/><U34/><E34/><V70/><F70/><W6/><G6/><T63/><D126/><U75/><E75/><V68/><F68/><W24/><G24/><T113/><D107/><U120/><E120/><V73/><F73/><W103/><G103/><T43/><D113/><U79/><E79/><V119/><REACH who="2" step="1"/><F19/><REACH who="2" ten="345,208,119,318" step="2"/><W135/><G135/><T2/><D134/><U4/><E105/><V45/><F45/><W25/><G44/><T64/><D2/><U26/><E106/><V23/><AGARI ba="1,1" hai="13,16,17,20,23,27,50,51,62,66,69,116,117,119" machi="23" ten="40,12000,1" yaku="1,1,0,1,54,1,53,1" doraHai="54" doraHaiUra="21" who="2" fromWho="2" sc="345,-41,208,-41,119,133,318,-41" /><INIT seed="6,2,0,3,5,1" ten="304,167,252,277" oya="2" hai0="23,53,42,22,8,112,6,11,47,125,10,134,38" hai1="26,78,29,91,35,48,90,86,97,56,121,50,16" hai2="105,81,45,19,32,128,61,92,109,129,104,123,51" hai3="111,52,41,79,14,37,96,71,64,77,120,73,33"/><V40/><F123/><W88/><G111/><T39/><D39/><U89/><E121/><V63/><F32/><W3/><G33/><T62/><D134/><U135/><E135/><V94/><F81/><W80/><G79/><T108/><D108/><U12/><E97/><V15/><F109/><W54/><G120/><T24/><D125/><U9/><REACH who="1" step="1"/><E56/><REACH who="1" ten="304,157,252,277" step="2"/><V34/><F129/><W83/><G96/><T46/><D112/><U44/><E44/><V27/><F128/><W58/><G58/><T106/><D47/><U133/><E133/><V20/><F105/><W103/><G71/><T18/><D106/><U126/><E126/><V30/><F104/><W130/><G130/><T102/><D46/><U114/><E114/><V70/><F70/><W131/><G131/><T21/><D38/><U124/><E124/><V13/><F45/><W119/><G37/><T67/><D62/><U2/><E2/><V59/><F63/><W74/><G3/><T100/><D42/><U28/><E28/><V93/><F40/><W76/><G41/><T7/><D67/><U82/><AGARI ba="2,1" hai="9,12,16,26,29,35,48,50,78,82,86,89,90,91" machi="82" ten="30,4000,0" yaku="1,1,0,1,54,1,53,0" doraHai="1" doraHaiUra="127" who="1" fromWho="1" sc="304,-12,157,56,252,-22,277,-12" /><INIT seed="7,0,0,0,4,57" ten="292,213,230,265" oya="3" hai0="67,102,14,103,126,68,29,90,34,58,25,97,118" hai1="39,33,23,105,44,43,61,30,51,116,3,40,83" hai2="6,104,7,99,8,28,122,119,2,100,62,70,113" hai3="54,50,91,60,41,46,37,77,115,35,45,94,72"/><W31/><G115/><T74/><D118/><U65/><E116/><V59/><F119/><W121/><G121/><T112/><D74/><U19/><E3/><V49/><F113/><W55/><G72/><T120/><D112/><U4/><E4/><V107/><F122/><W108/><G77/><T98/><D120/><U53/><E105/><V73/><F73/><W9/><G108/><T32/><D126/><U96/><E96/><V123/><F123/><W84/><G9/><T125/><D90/><U47/><E83/><V80/><F80/><W76/><G76/><T95/><D125/><U56/><E30/><V38/><F38/><W52/><REACH who="3" step="1"/><G60/><REACH who="3" ten="292,213,230,255" step="2"/><T69/><D103/><U85/><E33/><V124/><F124/><W133/><G133/><T13/><D102/><U1/><E1/><V130/><F8/><W87/><G87/><T27/><D34/><U86/><REACH who="1" step="1"/><E43/><REACH who="1" ten="292,203,230,255" step="2"/><V132/><F2/><W93/><G93/><T5/><D32/><U106/><E106/><V36/><F107/><W0/><G0/><T81/><D95/><U79/><E79/><V131/><F132/><W82/><G82/><T64/><D81/><U135/><E135/><V114/><F114/><W16/><G16/><T12/><D29/><U18/><E18/><V109/><F28/><W17/><G17/><T21/><D5/><U78/><E78/><V89/><F6/><W20/><G20/><T71/><D21/><U92/><E92/><V26/><F7/><W66/><G66/><T22/><D67/><U48/><E48/><V128/><F49/><W75/><G75/><T63/><D22/><RYUUKYOKU ba="0,2" sc="292,10,203,10,230,-30,255,10" hai0="12,13,14,25,27,58,63,64,68,69,71,97,98" hai1="19,23,39,40,44,47,51,53,56,61,65,85,86" hai3="31,35,37,41,45,46,50,52,54,55,84,91,94" /><INIT seed="7,1,2,5,3,18" ten="302,213,200,265" oya="3" hai0="82,1,63,29,107,9,4,31,10,70,32,132,58" hai1="118,43,23,85,62,0,25,49,13,102,96,128,78" hai2="65,84,101,80,94,45,3,112,121,91,22,77,28" hai3="86,87,93,33,120,71,100,130,79,76,122,27,133"/><W57/><G71/><T67/><D107/><U97/><E0/><V5/><F112/><W75/><G33/><T38/><D38/><U47/><E128/><V48/><F121/><N who="3" m="46699" /><G27/><T98/><D98/><U72/><E72/><V61/><F3/><W35/><G35/><T12/><D32/><U39/><E118/><V60/><F5/><W117/><G57/><T104/><D104/><U37/><E13/><V95/><F101/><W64/><G64/><T114/><D114/><U105/><E96/><V36/><F36/><W125/><G130/><T21/><D132/><U53/><E62/><N who="2" m="24171" /><F65/><W134/><G125/><T124/><D124/><U54/><E39/><V66/><F66/><W6/><G6/><T106/><D106/><U115/><E115/><V123/><F123/><W46/><G46/><T103/><D70/><U135/><E135/><N who="3" m="51722" /><G117/><T127/><D127/><U126/><E126/><V44/><F91/><W7/><G7/><T108/><D4/><U119/><E119/><V15/><F44/><W113/><G113/><T56/><D67/><U69/><E69/><V88/><F77/><N who="3" m="29771" /><G75/><T83/><D1/><U51/><E37/><V17/><F28/><W42/><G42/><AGARI ba="1,2" hai="15,17,22,42,45,48,80,84,88,94,95" m="24171" machi="42" ten="30,3900,0" yaku="8,1,52,1,54,1" doraHai="18" who="2" fromWho="3" sc="302,0,213,0,200,62,265,-42" owari="302,41.0,213,-29.0,262,6.0,223,-18.0" /></mjloggm>