<mjloggm ver="2.3"><GO type="169" lobby="0"/><UN n0="%E3%82%B7%E3%83%A5%E3%82%A6%E3%83%9E%E3%82%A4" n1="%E6%97%A9%E5%A4%A7%E3%83%80%E3%83%A1%E4%BF%AE%E5%A3%AB" n2="%E4%B9%BE%E5%9D%A4%E5%8D%81%E4%BA%94%E6%93%B2" n3="%E3%82%AB%E3%83%A1%E3%83%83%E3%82%AF%E3%82%B9" dan="16,16,16,16" rate="2043.97,2204.30,2128.26,2113.02" sx="M,M,M,M"/><TAIKYOKU oya="0"/><INIT seed="0,0,0,0,4,34" ten="250,250,250,250" oya="0" hai0="52,134,50,99,125,123,88,121,64,7,69,76,43" hai1="74,116,126,12,42,108,73,68,57,112,100,93,37" hai2="29,104,114,17,46,2,9,56,21,80,24,5,1" hai3="41,135,72,90,91,26,129,45,62,55,63,117,25"/><T8/><D76/><U15/><E68/><V27/><F104/><W103/><G72/><T32/><D32/><U31/><E116/><V94/><F94/><W111/><G103/><T58/><D125/><U118/><E118/><V23/><F80/><W127/><G117/><T132/><D43/><U36/><E31/><V53/><F46/><W106/><G106/><T79/><D79/><U107/><E107/><V77/><F77/><W110/><G127/><T96/><D96/><U82/><E82/><V95/><F95/><W39/><G129/><T47/><D88/><N who="3" m="33833" /><G135/><N who="0" m="51755" /><D99/><U119/><E100/><V20/><F114/><W3/><G3/><N who="2" m="1033" /><F53/><W122/><G122/><N who="0" m="46603" /><D8/><U83/><E93/><V16/><F56/><N who="3" m="35103" /><G63/><N who="0" m="40095" /><D7/><U40/><E112/><V60/><F60/><W89/><N who="3" m="33841" /><W113/><DORA hai="44" /><G113/><T124/><D124/><U98/><E119/><V133/><F133/><W84/><G84/><T38/><D47/><U11/><E126/><V51/><F51/><W6/><G6/><T28/><D28/><U13/><E98/><V101/><F101/><W19/><G19/><N who="2" m="7241" /><F29/><W131/><G131/><T22/><D22/><N who="2" m="5634" /><V120/><DORA hai="87" /><F120/><W66/><G66/><T54/><D54/><U18/><E83/><V48/><F48/><W92/><G92/><T4/><D38/><U10/><E36/><V61/><F61/><W71/><G71/><T59/><D59/><U102/><E57/><V78/><F78/><W65/><G65/><T128/><D128/><U67/><E67/><V70/><F70/><W49/><G39/><T75/><D75/><U35/><E37/><V85/><F85/><RYUUKYOKU ba="0,0" sc="250,10,250,-30,250,10,250,10" hai0="4,50,52,58" hai2="5,9,24,27" hai3="25,26,41,45,49,110,111" /><INIT seed="0,1,0,2,1,81" ten="260,220,260,260" oya="0" hai0="6,48,14,78,65,101,22,89,45,57,106,20,58" hai1="3,24,56,134,68,107,85,130,36,39,110,0,43" hai2="100,63,116,13,120,29,83,72,49,126,104,129,114" hai3="12,94,74,27,102,77,44,25,4,111,117,127,121"/><T60/><D106/><U91/><E68/><V75/><F29/><W28/><G117/><T38/><D101/><U103/><E110/><V132/><F63/><W67/><G111/><T108/><D108/><U64/><E130/><V35/><F35/><W52/><G127/><T2/><D2/><U10/><E134/><V17/><F120/><W86/><G74/><T37/><D78/><U128/><E128/><V34/><F34/><W109/><G67/><T8/><D58/><U124/><E124/><V119/><F114/><W122/><G109/><T99/><D38/><U123/><E24/><V19/><F126/><W1/><G1/><T71/><D99/><U9/><E0/><V31/><F129/><W82/><G102/><T88/><D37/><U87/><E43/><V93/><F104/><W92/><G12/><T115/><D115/><U46/><E46/><V98/><F132/><W21/><G4/><T51/><D51/><U79/><E3/><V53/><F119/><W50/><REACH who="3" step="1"/><G25/><REACH who="3" ten="260,220,260,250" step="2"/><T118/><D118/><U59/><E103/><V76/><F116/><W55/><G55/><N who="0" m="30095" /><D71/><U54/><E64/><V105/><F75/><W73/><G73/><T95/><D65/><U41/><E54/><V96/><F105/><W69/><G69/><T42/><D42/><U15/><E107/><V11/><F53/><W32/><G32/><T40/><D40/><U33/><E41/><V70/><F100/><W125/><G125/><T84/><D6/><U30/><E33/><V66/><F70/><W131/><G131/><T5/><D5/><U133/><E36/><V112/><F66/><RYUUKYOKU ba="1,1" sc="260,-10,220,-10,260,-10,250,30" hai3="21,27,28,44,50,52,77,82,86,92,94,121,122" /><INIT seed="1,2,1,4,3,95" ten="250,210,250,280" oya="1" hai0="8,118,30,65,84,13,35,74,23,82,92,22,60" hai1="87,62,34,75,111,127,56,41,42,96,20,25,55" hai2="124,59,38,101,26,16,115,48,3,37,100,10,7" hai3="14,32,77,86,121,50,46,126,67,58,33,72,69"/><U39/><E127/><V52/><F124/><W4/><G121/><T19/><D118/><U66/><E34/><V130/><F130/><W113/><G72/><T24/><D74/><U12/><E75/><V117/><F117/><W134/><G69/><T104/><D104/><U102/><E111/><V79/><F79/><W93/><G134/><T28/><D92/><U15/><E87/><V1/><F1/><W109/><G109/><T45/><D45/><U112/><E112/><V106/><F115/><W40/><G126/><T103/><D103/><U18/><E39/><V123/><F123/><W5/><G113/><T99/><D99/><U107/><E12/><V81/><F81/><W54/><G67/><T57/><REACH who="0" step="1"/><D30/><REACH who="0" ten="240,210,250,280" step="2"/><U21/><REACH who="1" step="1"/><E66/><REACH who="1" ten="240,200,250,280" step="2"/><V53/><F38/><W9/><G33/><T78/><AGARI ba="2,3" hai="8,13,19,22,23,24,28,35,57,60,65,78,82,84" machi="78" ten="20,5200,0" yaku="1,1,2,1,0,1,7,1,53,0" doraHai="95" doraHaiUra="91" who="0" fromWho="0" sc="240,88,200,-28,250,-15,280,-15" /><INIT seed="2,0,0,3,0,4" ten="328,172,235,265" oya="2" hai0="82,73,48,118,10,128,17,104,122,123,54,29,61" hai1="21,81,62,76,34,5,33,79,119,93,124,94,91" hai2="38,60,129,97,20,51,28,80,121,46,95,49,36" hai3="96,116,70,135,88,83,50,3,2,26,75,101,44"/><V14/><F121/><W32/><G116/><T133/><D61/><U12/><E119/><V100/><F129/><W108/><G70/><T16/><D104/><U72/><E124/><V125/><F125/><W22/><G32/><T109/><D82/><U59/><E79/><V86/><F51/><W45/><G108/><T114/><D54/><U69/><E69/><V126/><F126/><W131/><G131/><T56/><D48/><U30/><E94/><V6/><F60/><W130/><G130/><T120/><D56/><U11/><E21/><V78/><F28/><W89/><G44/><T63/><D63/><U58/><E30/><V27/><F27/><W55/><G135/><T25/><D73/><U106/><E106/><V9/><F20/><W68/><G68/><T39/><D39/><U77/><E77/><V71/><F71/><W43/><G43/><AGARI ba="0,0" hai="6,9,14,36,38,43,46,49,78,80,86,95,97,100" machi="43" ten="30,11600,0" yaku="7,1,25,2,52,1" doraHai="4" who="2" fromWho="3" sc="328,0,172,0,235,116,265,-116" /><INIT seed="2,1,0,4,4,50" ten="328,172,351,149" oya="2" hai0="101,93,114,59,65,63,117,7,0,51,20,85,112" hai1="16,55,8,79,123,97,32,61,124,116,95,9,77" hai2="25,2,40,57,21,119,118,87,100,60,90,94,54" hai3="43,129,6,33,84,27,130,38,127,106,99,82,12"/><V17/><F2/><W13/><G127/><T53/><D117/><U107/><E116/><V88/><F100/><W24/><G43/><T74/><D74/><U35/><E107/><V47/><REACH who="2" step="1"/><F90/><REACH who="2" ten="328,172,341,149" step="2"/><W71/><G129/><T37/><D114/><U76/><E124/><V19/><F19/><W29/><G130/><T15/><D112/><U1/><E1/><V5/><F5/><W26/><G6/><T78/><D0/><U86/><E16/><V18/><F18/><W125/><G125/><T69/><D7/><U126/><E126/><V110/><F110/><W41/><G29/><T109/><D109/><U45/><E123/><V89/><F89/><W92/><G106/><T80/><D101/><U70/><E79/><V113/><F113/><W83/><G26/><T73/><D15/><U134/><E77/><V42/><F42/><W10/><G27/><T46/><D20/><U28/><E28/><V48/><AGARI ba="1,1" hai="17,21,25,40,47,48,54,57,60,87,88,94,118,119" machi="48" ten="20,12000,1" yaku="1,1,0,1,7,1,52,1,54,1,53,0" doraHai="50" doraHaiUra="122" who="2" fromWho="2" sc="328,-41,172,-41,341,133,149,-41" /><INIT seed="2,2,0,1,0,1" ten="287,131,474,108" oya="2" hai0="37,76,123,61,119,109,56,90,52,41,115,30,92" hai1="91,5,58,53,120,75,4,132,20,28,125,54,71" hai2="85,3,27,2,86,10,33,15,96,19,93,73,31" hai3="13,99,65,29,50,101,77,69,49,106,64,18,7"/><V78/><F73/><W114/><G114/><T81/><D115/><U124/><E71/><V14/><F78/><W0/><G29/><T66/><D123/><U122/><E75/><V83/><F83/><W47/><G77/><T43/><D119/><U62/><E132/><V48/><F3/><W131/><G131/><T40/><D109/><U121/><E53/><V25/><F25/><W118/><G118/><T23/><D76/><U104/><E104/><V117/><F117/><W38/><G38/><T133/><D133/><U128/><E128/><V16/><F48/><W17/><G49/><T80/><D37/><U88/><E20/><V11/><REACH who="2" step="1"/><F2/><REACH who="2" ten="287,131,464,108" step="2"/><W24/><G0/><T97/><D80/><U42/><E125/><V87/><F87/><W82/><G24/><N who="0" m="16671" /><D81/><U98/><E124/><V89/><AGARI ba="2,1" hai="10,11,14,15,16,19,27,31,33,85,86,89,93,96" machi="89" ten="20,12000,1" yaku="1,1,0,1,7,1,9,1,54,1,53,0" doraHai="1" doraHaiUra="79" who="2" fromWho="2" sc="287,-42,131,-42,464,136,108,-42" /><INIT seed="2,3,0,2,3,90" ten="245,89,600,66" oya="2" hai0="62,54,82,33,95,94,99,64,22,131,36,24,66" hai1="57,72,65,107,70,69,105,74,100,52,134,101,118" hai2="128,60,117,40,130,58,25,85,112,3,109,93,27" hai3="76,126,1,29,44,53,12,83,77,78,51,121,81"/><V41/><F3/><W49/><G1/><T10/><D36/><U26/><E134/><V92/><F117/><W31/><G121/><T71/><D33/><U86/><E86/><V123/><F123/><W9/><G126/><T119/><D119/><U18/><E65/><N who="0" m="25193" /><D131/><N who="2" m="50218" /><F112/><W17/><REACH who="3" step="1"/><G49/><REACH who="3" ten="245,89,600,56" step="2"/><T129/><D129/><U132/><E118/><V37/><F37/><W38/><G38/><T23/><D71/><U106/><E69/><V68/><F68/><W63/><G63/><T102/><D62/><U50/><E70/><V14/><F109/><W75/><G75/><T46/><D54/><U135/><E72/><V34/><F41/><W11/><G11/><T120/><D10/><U133/><E74/><V114/><F40/><W4/><G4/><T47/><D120/><U124/><E124/><V6/><F114/><W91/><G91/><T110/><D110/><U15/><REACH who="1" step="1"/><E26/><REACH who="1" ten="245,79,600,56" step="2"/><V45/><F27/><W35/><G35/><T122/><D24/><U115/><E115/><V84/><F25/><W19/><G19/><T48/><D122/><U56/><E56/><V111/><F34/><W97/><G97/><T67/><D99/><U59/><E59/><V96/><F96/><W30/><AGARI ba="3,2" hai="9,12,17,29,30,31,44,51,53,76,77,78,81,83" machi="30" ten="30,4000,0" yaku="1,1,0,1,8,1,53,0" doraHai="90" doraHaiUra="104" who="3" fromWho="3" sc="245,-13,79,-13,600,-23,56,69" /><INIT seed="3,0,0,4,2,85" ten="232,66,577,125" oya="3" hai0="62,35,20,104,22,10,96,39,80,117,108,5,125" hai1="17,12,83,55,67,30,93,56,52,90,122,126,114" hai2="79,36,9,41,112,131,97,31,132,110,38,76,100" hai3="74,92,71,48,105,70,130,121,2,128,66,78,49"/><W106/><G121/><T25/><D39/><U47/><E122/><V45/><F112/><W60/><G2/><T23/><D117/><U133/><E126/><V27/><F110/><W11/><G71/><T43/><D43/><U111/><E133/><V119/><F119/><W72/><G11/><T68/><D125/><U26/><E111/><V57/><F132/><W127/><G127/><T103/><D80/><U51/><E114/><V40/><F131/><N who="3" m="50219" /><G92/><T7/><D108/><U33/><E67/><V1/><F57/><W3/><G3/><T59/><D10/><U53/><E56/><V94/><F9/><W64/><G64/><N who="0" m="40983" /><D59/><U34/><E34/><V24/><F1/><W120/><G120/><T54/><D54/><U73/><E73/><N who="3" m="28266" /><G78/><T77/><D77/><U19/><E83/><V21/><F27/><W6/><G6/><T4/><D4/><U29/><E29/><AGARI ba="0,0" hai="5,7,20,22,23,25,29,35,96,103,104" m="40983" machi="29" ten="30,1000,0" yaku="25,1" doraHai="85" who="0" fromWho="1" sc="232,10,66,-10,577,0,125,0" /><INIT seed="4,0,0,3,2,98" ten="242,56,577,125" oya="0" hai0="99,19,27,113,18,129,34,67,58,110,114,69,41" hai1="21,85,47,30,50,8,76,1,53,52,87,23,28" hai2="84,33,32,88,5,0,24,48,35,25,117,109,126" hai3="125,108,95,13,115,120,40,62,103,26,112,127,11"/><T68/><D41/><U73/><E73/><V81/><F109/><W9/><G40/><T15/><D110/><U106/><E106/><V49/><F126/><N who="3" m="48139" /><G108/><T118/><D118/><U37/><E37/><V132/><F132/><W131/><G131/><T135/><D135/><U70/><E70/><V101/><F117/><W122/><G62/><T29/><D58/><U102/><E1/><V97/><F0/><W74/><G74/><T7/><D99/><U2/><E2/><V54/><F5/><W90/><G90/><T79/><D79/><U100/><E8/><V94/><F49/><W16/><G9/><T77/><D77/><U31/><E76/><V104/><F104/><W46/><G46/><T123/><D123/><N who="3" m="47145" /><G26/><T75/><D75/><U89/><E53/><V72/><F72/><W121/><N who="3" m="47153" /><W20/><DORA hai="116" /><G11/><T105/><D129/><U6/><E6/><V43/><F43/><W93/><G103/><N who="1" m="39466" /><E87/><V56/><AGARI ba="0,0" hai="24,25,32,33,35,48,54,56,81,84,88,94,97,101" machi="56" ten="30,4000,0" yaku="0,1,52,1,54,1" doraHai="98,116" who="2" fromWho="2" sc="242,-20,56,-10,577,40,125,-10" /><INIT seed="5,0,0,0,4,14" ten="222,46,617,115" oya="1" hai0="18,110,80,82,92,42,38,122,87,6,81,78,55" hai1="27,121,9,28,125,0,73,36,90,101,3,24,39" hai2="61,76,44,94,79,43,7,1,119,12,74,93,67" hai3="113,114,20,105,35,116,84,16,133,132,41,104,100"/><U96/><E121/><V127/><F119/><W53/><G35/><T107/><D6/><U83/><E125/><V88/><F127/><W56/><G41/><T34/><D34/><U57/><E24/><V40/><F94/><W65/><G65/><T11/><D110/><U29/><E29/><V134/><F134/><N who="3" m="51819" /><G84/><T26/><D55/><U112/><E112/><N who="3" m="43114" /><G100/><T15/><D107/><U77/><E90/><V8/><F74/><W102/><G102/><T50/><D38/><U106/><E57/><V64/><F1/><W120/><G120/><T68/><D68/><U70/><E70/><V69/><F67/><W75/><G75/><T2/><D2/><U135/><E135/><V109/><F109/><W30/><G30/><T86/><D26/><U33/><REACH who="1" step="1"/><E0/><REACH who="1" ten="222,36,617,115" step="2"/><V66/><F79/><W123/><G123/><T31/><D122/><U58/><E58/><V54/><F76/><W99/><G116/><T103/><D31/><U85/><E85/><V13/><F69/><W124/><G124/><T126/><D126/><U118/><E118/><V71/><F71/><W89/><G89/><N who="0" m="53303" /><D103/><U22/><E22/><V32/><F32/><W62/><G99/><T25/><D25/><AGARI ba="0,1" hai="16,20,25,53,56,62,104,105" m="43114,51819" machi="25" ten="30,7700,0" yaku="20,1,15,1,52,1,54,1" doraHai="14" who="3" fromWho="0" sc="222,-77,36,0,617,0,115,87" /><INIT seed="6,0,0,4,3,64" ten="145,36,617,202" oya="2" hai0="104,10,51,73,80,43,53,32,94,118,47,109,12" hai1="11,93,33,110,34,120,84,30,77,16,135,49,62" hai2="85,128,117,130,38,52,23,82,72,54,127,76,28" hai3="61,48,9,41,46,114,134,107,112,19,74,89,115"/><V6/><F117/><W59/><G107/><T88/><D109/><U31/><E110/><V66/><F38/><W22/><G74/><T45/><D104/><U3/><E135/><V5/><F127/><W131/><G134/><T69/><D32/><U121/><E62/><V18/><F28/><W71/><G131/><N who="2" m="50217" /><F66/><W56/><G89/><T111/><D111/><U14/><E3/><V65/><F65/><N who="3" m="41391" /><G9/><T101/><D101/><U125/><E125/><V2/><F72/><W1/><G1/><T99/><D118/><U37/><E37/><V50/><F54/><W103/><G103/><T26/><D26/><AGARI ba="0,0" hai="19,22,26,41,46,48,56,59,112,114,115" m="41391" machi="26" ten="30,3900,0" yaku="15,1,11,1,52,1" doraHai="64" who="3" fromWho="0" sc="145,-39,36,0,617,0,202,39" /><INIT seed="7,0,0,5,0,30" ten="106,36,617,241" oya="3" hai0="55,25,92,57,65,4,120,68,28,41,102,73,79" hai1="35,19,83,43,46,84,110,95,15,87,82,47,75" hai2="74,20,2,69,72,17,63,119,16,130,66,97,26" hai3="91,62,9,60,21,0,126,132,11,22,59,29,45"/><W27/><G132/><T12/><D73/><U10/><E110/><V133/><F119/><W106/><G106/><T52/><D79/><U31/><E75/><V61/><F2/><W99/><G126/><T24/><D92/><U124/><E124/><V98/><F133/><W37/><G21/><T96/><D96/><U105/><E105/><V90/><F130/><W23/><G23/><T56/><D102/><U100/><E100/><V8/><F74/><W38/><G60/><T78/><D41/><U67/><E67/><V104/><F72/><W49/><G0/><T53/><D12/><U112/><E112/><V121/><F121/><W34/><G34/><T18/><D18/><U64/><E64/><V116/><F116/><W101/><G38/><T71/><D4/><U131/><E95/><V88/><F104/><W94/><G91/><N who="2" m="34857" /><F66/><W33/><G37/><T115/><D115/><U81/><E131/><V1/><F1/><W109/><G33/><T39/><D39/><U114/><E114/><V135/><F135/><W103/><G103/><T70/><D65/><U125/><E125/><V134/><F134/><W48/><G48/><T128/><D128/><U7/><E7/><V123/><F123/><W89/><G89/><T76/><D120/><U44/><E43/><V86/><F69/><W13/><G109/><T117/><D71/><U107/><REACH who="1" step="1"/><E107/><REACH who="1" ten="106,26,617,241" step="2"/><V6/><F61/><W118/><G118/><T40/><D117/><U93/><E93/><V129/><F63/><W3/><G62/><T58/><D70/><U127/><E127/><V80/><F129/><W122/><G94/><RYUUKYOKU ba="0,1" sc="106,-10,26,30,617,-10,241,-10" hai1="10,15,19,31,35,44,46,47,81,82,83,84,87" owari="96,-30.0,56,-44.0,617,71.0,231,3.0" /></mjloggm>