<mjloggm ver="2.3"><GO type="169" lobby="0"/><UN n0="%6B%69%79%6F%70%69%6E" n1="%E9%81%8A%E3%81%B3%E5%BF%83" n2="%E3%81%8B%E3%81%A4%E3%81%A9%E3%82%93" n3="%62%75%72%65%61%36" dan="16,18,17,16" rate="2109.87,2202.89,2240.57,2125.92" sx="M,M,F,M"/><TAIKYOKU oya="0"/><INIT seed="0,0,0,4,0,107" ten="250,250,250,250" oya="0" hai0="9,100,3,84,67,102,109,35,22,113,34,106,134" hai1="43,11,7,90,64,20,108,83,111,91,12,56,40" hai2="23,30,93,92,79,119,39,133,130,68,18,51,103" hai3="37,31,8,69,5,86,78,17,117,57,60,66,4"/><T14/><D106/><U24/><E64/><V48/><F39/><W98/><G117/><T126/><D67/><U123/><E123/><V53/><F68/><W89/><G37/><T47/><D84/><N who="1" m="50463" /><E91/><V116/><F30/><W63/><G31/><T74/><D47/><U112/><E56/><V135/><F79/><W54/><G78/><T132/><D14/><U70/><E70/><V25/><F130/><W128/><G128/><T28/><D28/><N who="1" m="17415" /><E112/><V105/><F105/><W71/><G98/><T33/><D113/><U36/><E36/><V80/><F80/><W19/><G71/><T38/><D38/><U88/><E88/><V15/><F15/><W121/><G121/><T0/><D22/><U114/><E114/><V118/><F51/><W124/><G124/><T50/><D50/><U62/><E62/><V72/><F72/><W104/><G104/><T41/><D126/><U129/><E129/><V29/><F29/><W85/><G85/><T77/><D41/><U97/><E97/><N who="2" m="59815" /><F93/><W26/><G26/><T76/><D35/><U127/><E127/><V1/><F1/><W99/><G99/><T59/><D59/><AGARI ba="0,0" hai="18,23,25,48,53,59,116,118,119,133,135" m="59815" machi="59" ten="30,1000,0" yaku="12,1" doraHai="107" who="2" fromWho="0" sc="250,-10,250,0,250,10,250,0" /><INIT seed="1,0,0,1,1,111" ten="240,250,260,250" oya="1" hai0="134,16,9,82,12,65,50,72,128,125,8,14,122" hai1="121,59,124,93,127,45,60,1,48,2,75,83,108" hai2="103,57,71,126,66,36,5,13,119,25,73,44,98" hai3="106,24,6,74,31,76,47,20,79,52,46,67,78"/><U34/><E121/><V38/><F119/><W86/><G106/><T58/><D122/><U18/><E34/><V114/><F73/><W94/><G74/><T63/><D128/><U104/><E104/><V70/><F126/><N who="1" m="48169" /><E108/><V96/><F25/><W68/><G68/><T4/><D125/><U80/><E18/><V101/><F57/><W130/><G67/><T22/><D134/><U113/><E93/><V27/><F27/><W100/><G6/><T26/><D72/><U120/><E120/><V7/><F66/><W105/><G105/><T132/><D132/><U53/><E113/><V64/><F64/><W51/><G130/><T37/><D82/><N who="1" m="31275" /><E75/><V40/><F40/><AGARI ba="0,0" hai="1,2,40,45,48,53,59,60" m="31275,48169" machi="40" ten="30,1500,0" yaku="18,1" doraHai="111" who="1" fromWho="2" sc="240,0,250,15,260,-15,250,0" /><INIT seed="1,1,0,0,3,126" ten="240,265,245,250" oya="1" hai0="61,89,104,83,103,54,131,62,48,107,9,44,115" hai1="47,64,55,91,120,134,34,4,25,18,69,98,35" hai2="3,127,0,101,82,43,78,111,49,124,32,15,125" hai3="37,128,129,38,87,5,121,97,20,63,39,14,12"/><U81/><E120/><V122/><F122/><W116/><G116/><T19/><D115/><U96/><E35/><V29/><F111/><W94/><G87/><N who="0" m="50431" /><D107/><U46/><E134/><V92/><F15/><W30/><G5/><T17/><D104/><U7/><E69/><V88/><F101/><W133/><G133/><T105/><D105/><U31/><E64/><V99/><F29/><W28/><G121/><T1/><D1/><U50/><E81/><V117/><F32/><W13/><G63/><T6/><D103/><U68/><E68/><V52/><F43/><W51/><G51/><T113/><D113/><U23/><E46/><N who="2" m="27703" /><F117/><W106/><G106/><T135/><D135/><U53/><E53/><V110/><F110/><W72/><G72/><AGARI ba="1,0" hai="0,3,72,78,82,88,92,99,124,125,127" m="27703" machi="72" ten="30,3900,0" yaku="18,1,54,2" doraHai="126" who="2" fromWho="3" sc="240,0,265,0,245,42,250,-42" /><INIT seed="2,0,0,4,3,87" ten="240,265,287,208" oya="2" hai0="32,25,58,74,129,119,123,98,126,54,19,57,44" hai1="90,65,72,34,36,18,50,47,107,91,42,3,70" hai2="114,97,56,61,101,38,103,7,69,30,4,1,88" hai3="66,135,99,130,110,45,78,23,93,85,121,20,10"/><V39/><F69/><W102/><G121/><T96/><D123/><U116/><E116/><V118/><F118/><W41/><G110/><T81/><D119/><U120/><E120/><V95/><F114/><W14/><G130/><T84/><D74/><U40/><E107/><V15/><F1/><W59/><G135/><T80/><D32/><U52/><E34/><V124/><F124/><W86/><G59/><T76/><D129/><U16/><E72/><V133/><F133/><W13/><G66/><T29/><D44/><U68/><E3/><V134/><F134/><W33/><G33/><T43/><D43/><N who="1" m="16427" /><E68/><V63/><F30/><W83/><G86/><N who="0" m="48423" /><D29/><U35/><E35/><V108/><F108/><W128/><G14/><T51/><D58/><U131/><E131/><V104/><F63/><W132/><G132/><T48/><D48/><U8/><E36/><V100/><F104/><W82/><G82/><T28/><D28/><U9/><E65/><V62/><F62/><W122/><G128/><T127/><D127/><U49/><E49/><V89/><F38/><W125/><G125/><T22/><D126/><U21/><E70/><V53/><F39/><W2/><G2/><T75/><D75/><U77/><E77/><AGARI ba="0,0" hai="19,22,25,51,54,57,77,80,84,96,98" m="48423" machi="77" ten="30,1000,0" yaku="8,1" doraHai="87" who="0" fromWho="1" sc="240,10,265,-10,287,0,208,0" /><INIT seed="3,0,0,0,5,92" ten="250,255,287,208" oya="3" hai0="11,94,59,27,121,72,10,43,112,12,60,0,16" hai1="107,22,44,2,36,81,103,134,18,61,28,78,132" hai2="29,25,108,114,64,85,45,19,54,125,96,24,130" hai3="128,124,35,9,106,91,68,87,95,75,51,42,126"/><W41/><G68/><T26/><D121/><U48/><E2/><V39/><F114/><W62/><G35/><T47/><D72/><U109/><E109/><V20/><F108/><W123/><G123/><T56/><D112/><U115/><E115/><V117/><F117/><W98/><G128/><T104/><D104/><U67/><E28/><V80/><F130/><W5/><G75/><T49/><D0/><U40/><E103/><V76/><F125/><N who="3" m="48235" /><G51/><T6/><D56/><N who="1" m="37287" /><E107/><V74/><F64/><W33/><G33/><T69/><D69/><U21/><E18/><V113/><F113/><W73/><G73/><T31/><D31/><U84/><E48/><N who="2" m="28943" /><F39/><W90/><G62/><T23/><D11/><U65/><E65/><V122/><F74/><W93/><G106/><T82/><D10/><U135/><AGARI ba="0,0" hai="21,22,36,40,44,78,81,84,132,134,135" m="37287" machi="135" ten="30,1100,0" yaku="20,1" doraHai="92" who="1" fromWho="1" sc="250,-3,255,11,287,-3,208,-5" /><INIT seed="4,0,0,5,5,119" ten="247,266,284,203" oya="0" hai0="120,56,51,59,47,77,25,28,81,44,116,60,98" hai1="95,35,32,80,103,39,5,22,65,99,10,12,54" hai2="17,6,70,110,41,91,115,131,69,68,52,134,31" hai3="0,14,53,42,8,105,133,50,125,67,30,130,96"/><T43/><D116/><U24/><E39/><V1/><F110/><W92/><G105/><T34/><D98/><U112/><E112/><V13/><F41/><W86/><G0/><T64/><D47/><U113/><E113/><V3/><F115/><W126/><G30/><T76/><D120/><U75/><E65/><V87/><F131/><W58/><G67/><T40/><D40/><U21/><E22/><V127/><F6/><W46/><G130/><T89/><D89/><U72/><E54/><V11/><F134/><W62/><G86/><T33/><D33/><U2/><E80/><V4/><F127/><W23/><G23/><T66/><REACH who="0" step="1"/><D81/><REACH who="0" ten="237,266,284,203" step="2"/><U36/><E35/><V61/><F91/><W108/><G133/><T102/><D102/><U123/><E103/><V20/><F70/><W16/><REACH who="3" step="1"/><G108/><REACH who="3" ten="237,266,284,193" step="2"/><T109/><D109/><U85/><E32/><V63/><F68/><W15/><G15/><T18/><D18/><U71/><E12/><V37/><F69/><W82/><G82/><T78/><D78/><U135/><E71/><V45/><F13/><W106/><G106/><T128/><D128/><U114/><E135/><V29/><F17/><W111/><G111/><T73/><D73/><U49/><E72/><V107/><F107/><W97/><G97/><T101/><D101/><AGARI ba="0,2" hai="8,14,16,42,46,50,53,58,62,92,96,101,125,126" machi="101" ten="40,2600,0" yaku="1,1,54,1,53,0" doraHai="119" doraHaiUra="122" who="3" fromWho="0" sc="237,-26,266,0,284,0,193,46" /><INIT seed="5,0,0,2,4,78" ten="211,266,284,239" oya="1" hai0="26,94,66,79,42,35,4,104,73,132,30,119,29" hai1="65,106,68,81,130,55,54,91,64,44,39,24,111" hai2="117,12,101,23,69,93,40,131,100,63,59,86,129" hai3="10,7,115,32,123,134,80,109,33,118,62,108,0"/><U135/><E106/><V34/><F34/><W31/><G80/><N who="0" m="45167" /><D94/><U107/><E107/><V57/><F117/><W126/><G62/><T3/><D104/><U99/><E135/><V14/><F40/><W96/><G96/><T92/><D92/><U83/><E130/><N who="2" m="49675" /><F59/><W120/><G118/><T1/><D119/><U5/><E111/><N who="3" m="42570" /><G134/><T116/><D116/><U2/><E2/><V82/><F69/><W20/><G126/><T16/><D132/><U43/><E5/><V15/><F23/><W114/><G20/><T28/><D28/><U75/><E75/><V51/><F51/><W36/><G36/><T53/><D53/><N who="1" m="19979" /><E39/><V52/><F93/><W27/><G33/><N who="0" m="20663" /><D42/><U38/><E68/><V48/><F48/><W46/><G46/><T72/><D66/><N who="1" m="25707" /><E38/><V125/><F125/><W85/><G85/><T49/><D49/><N who="1" m="26783" /><E24/><V9/><F9/><W76/><G76/><AGARI ba="0,0" hai="12,14,15,52,57,63,76,82,86,100,101" m="49675" machi="76" ten="30,3900,0" yaku="19,1,52,1,54,1" doraHai="78" who="2" fromWho="3" sc="211,0,266,0,284,39,239,-39" /><INIT seed="6,0,0,1,3,33" ten="211,266,323,200" oya="2" hai0="21,92,129,16,8,71,35,22,45,89,27,25,40" hai1="90,55,80,118,26,54,106,57,116,6,95,105,88" hai2="62,9,66,64,42,43,3,69,51,2,24,39,74" hai3="123,83,49,98,7,77,110,99,17,63,72,107,87"/><V38/><F74/><W119/><G110/><T52/><D129/><U84/><E55/><V56/><F9/><W124/><G119/><T113/><D113/><U36/><E36/><N who="2" m="13867" /><F3/><W82/><G123/><T101/><D71/><U58/><E58/><N who="2" m="36951" /><F2/><W34/><G34/><T85/><D40/><N who="2" m="15402" /><F24/><W122/><G122/><T65/><D35/><U12/><E26/><V28/><F28/><W75/><G7/><T70/><D8/><U30/><E105/><V20/><F20/><W32/><G17/><T67/><D101/><U23/><E106/><V97/><F97/><W53/><G99/><T104/><D104/><U48/><E6/><V15/><F15/><W127/><G98/><T128/><D22/><U134/><E30/><V10/><F10/><W31/><G107/><T79/><D27/><U121/><E12/><V18/><F18/><W5/><G5/><T50/><D79/><U13/><E90/><V130/><F130/><W108/><G31/><T41/><D128/><U114/><E80/><V111/><F111/><W126/><G108/><T81/><D81/><U91/><E91/><V47/><F69/><W96/><G96/><T37/><D70/><U115/><E88/><V131/><F131/><W44/><G32/><T68/><D68/><U102/><E95/><V133/><F133/><W1/><G1/><T135/><D135/><U86/><E84/><V109/><F109/><W61/><G75/><T59/><AGARI ba="0,0" hai="16,21,25,37,41,45,50,52,59,65,67,85,89,92" machi="59" ten="20,5200,0" yaku="0,1,7,1,54,2" doraHai="33" who="0" fromWho="0" sc="211,52,266,-13,323,-26,200,-13" /><INIT seed="7,0,0,0,4,54" ten="263,253,297,187" oya="3" hai0="26,134,21,27,8,31,43,89,56,83,129,7,126" hai1="102,71,2,6,108,53,91,67,48,33,76,29,133" hai2="34,18,94,113,107,47,69,82,41,15,64,92,5" hai3="37,132,95,120,13,62,57,112,125,96,105,1,61"/><W131/><G1/><T60/><D129/><U52/><E108/><V14/><F107/><W74/><G120/><T117/><D134/><U38/><E38/><V75/><F34/><W4/><G37/><T46/><D126/><U106/><E53/><V97/><F69/><W28/><G105/><T110/><D117/><U49/><E49/><N who="2" m="26863" /><F75/><W80/><G125/><T135/><D135/><U87/><E76/><V17/><F64/><W72/><G132/><T23/><D110/><U115/><E115/><V101/><F82/><W109/><G112/><T3/><D89/><U85/><E87/><V90/><F113/><W12/><G109/><T0/><D83/><U9/><E67/><V68/><F68/><W119/><G131/><T55/><D3/><U35/><E71/><V65/><F65/><W36/><G36/><T127/><D127/><U70/><E70/><V44/><F44/><W42/><G119/><T100/><D100/><U40/><E40/><V79/><F79/><W93/><G74/><T11/><D11/><U114/><E114/><V98/><F14/><W78/><G42/><T32/><D27/><N who="1" m="18623" /><E35/><V104/><F104/><W50/><G28/><T116/><D116/><U39/><E39/><AGARI ba="0,0" hai="0,7,8,21,23,26,31,32,39,43,46,55,56,60" machi="39" ten="30,2000,0" yaku="7,1,52,1" doraHai="54" who="0" fromWho="1" sc="263,20,253,-20,297,0,187,0" /><INIT seed="8,0,0,3,1,90" ten="283,233,297,187" oya="0" hai0="112,41,113,10,120,116,31,59,95,50,38,33,88" hai1="119,71,47,29,43,114,15,100,103,60,101,52,127" hai2="128,131,110,86,46,49,2,21,27,89,85,3,132" hai3="53,8,9,81,76,126,35,58,96,4,79,93,104"/><T17/><D116/><U108/><E119/><V23/><F110/><W91/><G126/><T37/><D120/><U48/><E108/><V63/><F63/><W67/><G35/><T92/><D31/><U42/><E127/><V65/><F65/><W55/><G104/><T134/><D33/><U26/><E114/><V16/><F23/><W80/><G67/><T118/><D118/><U1/><E1/><N who="2" m="11" /><F89/><W0/><G9/><T72/><D72/><U44/><E71/><V69/><F69/><W107/><G107/><T74/><D74/><U57/><E15/><V106/><F106/><W129/><G129/><N who="2" m="49737" /><F132/><W6/><G6/><T68/><D68/><U111/><E111/><V121/><F121/><W28/><G28/><T70/><D70/><U135/><E135/><V94/><F94/><N who="0" m="35882" /><D88/><U25/><REACH who="1" step="1"/><E29/><REACH who="1" ten="283,223,297,187" step="2"/><V83/><F83/><W109/><G109/><T102/><D134/><U5/><E5/><V11/><F11/><W56/><G80/><T40/><D113/><U30/><E30/><V61/><F27/><W115/><G115/><T84/><D112/><U20/><E20/><V124/><F124/><W125/><G125/><T87/><D17/><U98/><E98/><V13/><F16/><W18/><G18/><T19/><D19/><U66/><E66/><V78/><F21/><W22/><G22/><T75/><D10/><U12/><E12/><V133/><F133/><W105/><G81/><T51/><D102/><U54/><E54/><N who="3" m="20490" /><G105/><T77/><D75/><U117/><E117/><V24/><F24/><W64/><G64/><T45/><D77/><N who="3" m="29769" /><G0/><T99/><D99/><RYUUKYOKU ba="0,1" sc="283,-15,223,15,297,-15,187,15" hai1="25,26,42,43,44,47,48,52,57,60,100,101,103" hai3="4,8,56,58,91,93,96" /><INIT seed="9,1,1,5,2,118" ten="268,238,282,202" oya="1" hai0="97,125,73,31,30,18,127,39,41,129,52,55,57" hai1="63,58,105,20,108,35,82,2,74,100,51,119,49" hai2="110,17,29,43,101,88,111,91,0,98,59,102,13" hai3="70,72,106,84,121,128,123,15,104,54,75,3,53"/><U117/><E35/><V36/><F0/><W38/><G3/><T26/><D73/><N who="3" m="28233" /><G15/><T32/><D129/><U107/><E2/><V83/><F29/><W134/><G70/><T89/><D41/><U79/><E108/><V56/><F36/><W24/><G24/><T27/><D39/><U6/><E6/><V135/><F135/><W113/><G38/><T130/><D130/><U81/><E81/><V28/><F28/><W120/><G128/><T5/><D5/><U10/><E10/><V92/><F43/><W76/><G84/><T131/><D131/><U42/><E20/><N who="2" m="11311" /><F111/><W90/><G90/><T62/><D18/><U48/><E42/><V94/><F110/><W25/><G25/><T109/><D55/><N who="3" m="21001" /><G76/><T1/><D1/><U124/><E100/><N who="2" m="38507" /><F83/><W99/><G99/><AGARI ba="1,1" hai="56,59,88,91,92,94,98,99" m="38507,11311" machi="99" ten="30,2000,0" yaku="8,1,54,1" doraHai="118" who="2" fromWho="3" sc="268,0,238,0,282,33,202,-23" owari="268,7.0,238,-16.0,315,41.0,179,-32.0" /></mjloggm>