<mjloggm ver="2.3"><GO type="169" lobby="0"/><UN n0="%E8%87%AA%E6%83%9A%E3%82%8C%E3%83%AA%E3%83%BC%E3%83%81" n1="%E3%82%82%E3%81%BF%E3%81%95%E3%81%92" n2="%54%2D%4C%6F%77" n3="%72%61%62%69%65%6C" dan="16,16,16,17" rate="2071.63,2116.47,2086.11,2228.21" sx="M,M,M,M"/><TAIKYOKU oya="0"/><INIT seed="0,0,0,1,5,68" ten="250,250,250,250" oya="0" hai0="63,111,125,48,96,11,132,104,32,27,103,5,20" hai1="42,24,65,110,64,58,108,29,87,81,46,70,1" hai2="115,36,35,3,41,106,127,45,129,6,94,119,28" hai3="102,44,90,118,133,77,21,4,82,72,112,78,22"/><T14/><D125/><U62/><E1/><V74/><RYUUKYOKU type="yao9" ba="0,0" sc="250,0,250,0,250,0,250,0" hai2="3,6,28,35,36,41,45,74,94,106,115,119,127,129" /><INIT seed="0,1,0,3,5,66" ten="250,250,250,250" oya="0" hai0="61,85,132,24,105,95,38,68,19,73,49,41,119" hai1="72,11,62,29,98,129,5,44,43,69,34,101,91" hai2="20,4,100,120,60,53,113,94,123,75,35,130,103" hai3="78,9,51,87,93,115,30,108,10,57,39,50,2"/><T14/><D119/><U8/><E72/><V55/><F113/><W58/><G115/><T102/><D132/><U31/><E129/><V122/><F35/><W116/><G116/><T133/><D73/><U36/><E91/><V52/><F130/><W82/><G39/><T18/><D38/><U126/><E126/><V104/><F104/><W6/><G30/><T89/><D133/><U92/><E34/><V21/><F4/><W64/><G108/><T106/><D102/><N who="2" m="38954" /><F75/><W32/><G32/><T76/><D76/><U90/><E90/><V84/><F94/><W28/><G28/><T86/><D86/><U88/><E101/><V107/><F107/><W12/><G93/><T110/><D24/><U81/><E81/><V3/><F60/><W131/><G131/><T27/><D27/><U45/><E45/><V42/><F42/><W22/><G22/><N who="2" m="8809" /><F84/><W80/><G80/><T77/><D110/><U70/><E11/><V54/><N who="2" m="13312" /><DORA hai="124" /><V97/><F97/><W37/><G37/><T109/><D109/><U128/><E128/><V56/><F56/><W1/><G1/><AGARI ba="1,0" hai="1,3,120,122,123" m="13312,8809,38954" machi="1" ten="50,6400,0" yaku="28,2,54,1" doraHai="66,124" who="2" fromWho="3" sc="250,0,250,0,250,67,250,-67" /><INIT seed="1,0,0,2,5,76" ten="250,250,317,183" oya="1" hai0="64,17,58,10,72,54,44,34,120,130,104,59,28" hai1="107,25,53,0,84,82,18,113,14,79,115,5,38" hai2="63,94,135,15,35,119,46,83,33,37,114,39,102" hai3="1,118,9,50,21,108,7,101,4,47,12,91,20"/><U77/><E107/><V78/><F119/><W134/><G108/><T131/><D104/><U66/><E66/><V43/><F135/><W36/><G134/><T106/><D106/><U109/><E109/><V71/><F114/><W31/><G36/><T24/><D72/><U8/><E38/><V96/><F39/><W129/><G129/><N who="0" m="49163" /><D64/><U126/><E126/><V85/><F71/><W48/><G118/><T2/><D17/><U92/><E77/><V49/><F63/><W132/><G101/><T124/><D120/><U105/><E105/><V81/><F37/><W74/><G74/><T52/><D44/><U116/><E116/><V22/><F22/><W122/><G122/><T88/><D59/><U6/><E6/><V42/><F42/><W55/><G31/><T68/><D68/><U89/><E53/><V67/><F67/><W95/><G132/><T112/><D112/><U117/><E25/><V60/><F60/><W45/><G7/><N who="0" m="1399" /><D58/><U56/><E56/><V23/><F23/><W75/><G75/><T27/><D27/><U70/><E70/><V123/><F15/><W133/><G1/><T127/><D88/><U111/><E111/><V99/><F123/><W98/><REACH who="3" step="1"/><G133/><REACH who="3" ten="250,250,317,173" step="2"/><T13/><D127/><U125/><E125/><V62/><F102/><W19/><G19/><T51/><D124/><U103/><E103/><V32/><F62/><W97/><G97/><T86/><D51/><U80/><E117/><V26/><F99/><W93/><G93/><T87/><D13/><U61/><E61/><V57/><F96/><W121/><G121/><T40/><D28/><RYUUKYOKU ba="0,1" sc="250,-10,250,-10,317,-10,173,30" hai3="4,9,12,20,21,45,47,48,50,55,91,95,98" /><INIT seed="2,1,1,4,4,133" ten="240,240,307,203" oya="2" hai0="85,13,126,118,8,37,5,32,72,58,121,116,103" hai1="120,104,97,59,109,95,124,41,99,68,55,38,57" hai2="84,132,14,105,47,91,21,107,26,63,2,110,19" hai3="36,76,92,71,15,6,67,60,80,65,83,111,29"/><V11/><F132/><W39/><G111/><T77/><D37/><U106/><E109/><V131/><F110/><W16/><G29/><T1/><D72/><U0/><E68/><V81/><F131/><W90/><G6/><T4/><D103/><U89/><E0/><V108/><F108/><W7/><G7/><T70/><D70/><U128/><E120/><V100/><F100/><W125/><G67/><T30/><D58/><U135/><E135/><V79/><F2/><W22/><G125/><T66/><D66/><U86/><E59/><V56/><F47/><W73/><REACH who="3" step="1"/><G80/><REACH who="3" ten="240,240,307,193" step="2"/><T20/><D126/><U51/><E124/><V27/><F27/><W52/><G52/><T69/><D5/><U33/><E55/><V25/><F26/><W17/><G17/><N who="0" m="10287" /><D121/><U74/><E41/><V44/><F25/><W94/><G94/><T112/><D30/><U114/><E95/><V122/><F122/><W34/><G34/><T113/><D32/><U24/><E33/><V3/><F3/><W87/><AGARI ba="1,2" hai="15,16,22,36,39,60,65,71,73,76,83,87,90,92" machi="87" ten="20,8000,1" yaku="1,1,0,1,7,1,54,1,53,1" doraHai="133" doraHaiUra="62" who="3" fromWho="3" sc="240,-21,240,-21,307,-41,193,103" /><INIT seed="3,0,0,3,2,117" ten="219,219,266,296" oya="3" hai0="64,116,3,120,103,100,9,60,80,84,25,78,63" hai1="59,125,73,109,20,79,6,4,126,47,11,93,37" hai2="55,62,81,115,89,85,67,74,95,34,97,28,53" hai3="7,130,31,26,105,52,45,110,24,132,98,44,121"/><W13/><G132/><T119/><D119/><U2/><E109/><V57/><F115/><W49/><G130/><T82/><D116/><U92/><E6/><V21/><F34/><W118/><G118/><T134/><D134/><U91/><E20/><V131/><F74/><W69/><G69/><T86/><D25/><U102/><E102/><V42/><F42/><W10/><G110/><T114/><D114/><U106/><E59/><V40/><F40/><W88/><G121/><T51/><D51/><U77/><E106/><V65/><F65/><W54/><G105/><T129/><D129/><U124/><E91/><V39/><F39/><W107/><G107/><T123/><D9/><U43/><E77/><V27/><REACH who="2" step="1"/><F131/><REACH who="2" ten="219,219,256,296" step="2"/><W14/><G54/><T23/><D64/><U58/><REACH who="1" step="1"/><E58/><REACH who="1" ten="219,209,256,296" step="2"/><V75/><F75/><W113/><G113/><T1/><D78/><AGARI ba="0,2" hai="21,27,28,53,55,57,62,67,78,81,85,89,95,97" machi="78" ten="30,3900,0" yaku="1,1,7,1,8,1,53,0" doraHai="117" doraHaiUra="128" who="2" fromWho="0" sc="219,-39,209,0,256,59,296,0" /><INIT seed="4,0,0,1,1,84" ten="180,209,315,296" oya="0" hai0="54,10,69,56,7,40,115,76,21,48,91,99,25" hai1="97,73,16,64,41,67,81,109,134,49,30,20,94" hai2="70,79,87,77,3,123,124,116,6,130,4,19,13" hai3="105,65,44,32,39,24,47,58,53,9,43,85,18"/><T29/><D115/><U121/><E121/><V36/><F123/><W68/><G105/><T125/><D125/><U62/><E109/><V133/><F70/><W35/><G44/><T57/><D69/><U100/><E134/><V28/><F36/><W110/><G110/><T14/><D40/><U63/><E30/><V42/><F42/><W96/><G96/><T111/><D111/><U108/><E108/><V120/><F120/><W119/><G119/><T104/><D76/><U55/><E41/><V23/><F79/><W34/><G9/><T33/><D104/><U88/><E81/><V66/><F66/><N who="1" m="25129" /><E100/><V46/><F3/><W101/><G101/><T75/><D75/><U112/><E73/><V82/><F116/><W52/><G68/><T95/><D33/><U59/><E112/><V37/><F46/><AGARI ba="0,0" hai="7,10,14,21,25,29,46,48,54,56,57,91,95,99" machi="46" ten="30,5800,0" yaku="7,1,8,1,52,1" doraHai="84" who="0" fromWho="2" sc="180,58,209,0,315,-58,296,0" /><INIT seed="4,1,0,4,1,130" ten="238,209,257,296" oya="0" hai0="71,62,108,14,7,61,76,93,3,44,98,81,121" hai1="109,99,72,18,6,113,24,74,134,36,135,41,59" hai2="57,21,120,112,60,68,43,42,35,116,84,67,129" hai3="82,53,89,32,52,17,104,103,83,80,101,0,9"/><T128/><D128/><U69/><E109/><V20/><F35/><W106/><G32/><T12/><D121/><U31/><E113/><V25/><F129/><W126/><G126/><T15/><D108/><U11/><E69/><V8/><F112/><W114/><G114/><T51/><D71/><U23/><E59/><V87/><F68/><W47/><G106/><T4/><D3/><N who="1" m="479" /><E99/><V5/><F21/><W1/><G1/><T27/><D27/><U107/><E107/><V30/><F116/><W124/><G124/><T115/><D115/><U100/><E100/><V95/><F120/><W90/><G104/><T79/><D7/><U132/><E18/><V97/><F84/><W16/><G0/><T50/><D4/><U125/><E125/><V13/><F87/><W48/><G53/><N who="0" m="29895" /><D51/><U102/><E102/><AGARI ba="1,0" hai="5,8,13,20,25,30,42,43,57,60,67,95,97,102" machi="102" ten="30,7700,0" yaku="7,1,25,2,8,1" doraHai="130" who="2" fromWho="1" sc="238,0,209,-80,257,80,296,0" /><INIT seed="5,0,0,4,2,61" ten="238,129,337,296" oya="1" hai0="21,130,55,36,118,123,68,84,85,64,73,25,101" hai1="45,80,42,3,41,99,32,79,57,107,18,23,78" hai2="47,119,112,59,33,127,50,63,39,5,58,11,15" hai3="77,54,7,132,35,94,135,37,71,115,69,2,1"/><U12/><E32/><V4/><F119/><W76/><G94/><T117/><D73/><U90/><E3/><N who="3" m="1034" /><G54/><T30/><D130/><U62/><E107/><V27/><F127/><W81/><G81/><T46/><D123/><U124/><E124/><V9/><F39/><W89/><G89/><T111/><D111/><U70/><E70/><N who="3" m="26634" /><G7/><T24/><D101/><U53/><E42/><V13/><F112/><W96/><G96/><T104/><D104/><U40/><E40/><V103/><F103/><W16/><G16/><T126/><D126/><U87/><REACH who="1" step="1"/><E99/><REACH who="1" ten="238,119,337,296" step="2"/><V66/><F47/><W97/><G35/><T29/><D117/><U98/><E98/><V56/><F50/><AGARI ba="0,1" hai="12,18,23,41,45,50,53,57,62,78,79,80,87,90" machi="50" ten="30,11600,0" yaku="1,1,7,1,8,1,53,1" doraHai="61" doraHaiUra="51" who="1" fromWho="2" sc="238,0,119,126,337,-116,296,0" /><INIT seed="5,1,0,5,3,55" ten="238,245,221,296" oya="1" hai0="82,133,68,74,110,132,53,46,4,101,76,13,94" hai1="78,89,93,27,16,7,1,49,6,45,117,99,128" hai2="60,126,64,69,57,112,129,84,98,19,127,61,33" hai3="23,0,20,85,63,83,21,92,72,39,116,43,59"/><U86/><E128/><V118/><F33/><W79/><G0/><T106/><D110/><U54/><E1/><V124/><F129/><W28/><G116/><T47/><D68/><U26/><E117/><V125/><N who="2" m="31744" /><DORA hai="2" /><V87/><F118/><W96/><G39/><T130/><D130/><U3/><E3/><V123/><F123/><W29/><G43/><T38/><D106/><U107/><E107/><V108/><F108/><W121/><G72/><T15/><D15/><U95/><E78/><V66/><F112/><W42/><G42/><T36/><D101/><N who="1" m="60655" /><E27/><V25/><F98/><W119/><G119/><T40/><D94/><U114/><E114/><V35/><REACH who="2" step="1"/><F19/><REACH who="2" ten="238,245,211,296" step="2"/><W62/><G121/><T122/><D122/><U120/><E120/><V14/><F14/><W115/><G115/><T52/><D133/><U71/><E71/><V134/><F134/><W12/><G12/><T90/><D132/><U88/><E89/><V8/><F8/><W100/><REACH who="3" step="1"/><G63/><REACH who="3" ten="238,245,211,286" step="2"/><T113/><D13/><U65/><E65/><AGARI ba="1,2" hai="20,21,23,28,29,59,62,65,79,83,85,92,96,100" machi="65" ten="40,12000,2" yaku="1,1,2,1,8,1,52,1,53,3" doraHai="55,2" doraHaiUra="17,102" who="3" fromWho="1" sc="238,0,245,-123,211,0,286,143" /><INIT seed="6,0,0,2,4,101" ten="238,122,211,429" oya="2" hai0="65,112,104,37,82,60,100,40,51,67,61,121,32" hai1="131,26,20,9,39,57,49,106,117,98,6,105,73" hai2="58,11,93,119,30,107,74,116,25,42,87,126,5" hai3="21,110,79,50,85,125,47,64,52,75,72,29,59"/><V111/><F74/><W1/><G110/><T56/><D32/><U88/><E117/><V114/><F107/><W95/><G1/><T15/><D100/><U27/><E39/><V19/><F111/><W128/><G128/><T36/><D82/><U103/><E131/><V68/><F68/><W130/><G130/><T83/><D83/><U17/><E73/><V66/><F19/><W99/><G85/><T132/><D15/><U84/><E27/><V43/><F114/><W46/><G75/><T118/><D104/><U33/><E33/><V86/><F126/><W54/><G64/><T120/><D118/><U18/><E18/><V115/><F115/><W2/><G2/><T113/><D51/><U31/><E31/><V3/><F87/><W129/><G129/><T22/><D22/><U63/><E49/><V45/><F42/><W133/><G133/><T123/><D132/><U80/><E98/><V14/><F3/><W70/><G70/><N who="0" m="42279" /><D37/><U134/><E103/><V124/><F116/><W10/><G125/><T135/><D135/><U53/><REACH who="1" step="1"/><E134/><REACH who="1" ten="238,112,211,429" step="2"/><V34/><F124/><W69/><G29/><T8/><D113/><U71/><E71/><V28/><F119/><W62/><G50/><T23/><D112/><U38/><E38/><N who="2" m="21751" /><F34/><W41/><G72/><T81/><D36/><U7/><E7/><V13/><F25/><W122/><G69/><T108/><D108/><U127/><E127/><V55/><F5/><W90/><G62/><T4/><D61/><U77/><E77/><V35/><F35/><W96/><G96/><T16/><D4/><U78/><E78/><RYUUKYOKU ba="0,1" sc="238,-10,112,30,211,-10,429,-10" hai1="6,9,17,20,26,53,57,63,80,84,88,105,106" /><INIT seed="7,1,1,4,2,22" ten="228,142,201,419" oya="3" hai0="20,74,128,98,103,68,127,64,95,17,104,6,120" hai1="100,2,119,36,45,69,50,105,40,81,72,71,117" hai2="73,51,57,130,4,53,59,48,3,131,113,67,27" hai3="12,19,39,91,99,92,60,79,108,30,62,76,52"/><W46/><G108/><T135/><D135/><U106/><E50/><N who="2" m="30903" /><F73/><W109/><G30/><T132/><D132/><U9/><E117/><V0/><F4/><W55/><G39/><T65/><D128/><N who="2" m="49194" /><F3/><W10/><G109/><T112/><D112/><U107/><E100/><V44/><F0/><W35/><G35/><T123/><D127/><U23/><E23/><V86/><F86/><W75/><G75/><T102/><D74/><U16/><E16/><V42/><F27/><W88/><G91/><T49/><D6/><N who="1" m="1239" /><E119/><V25/><F25/><W80/><G80/><T38/><D103/><U32/><E32/><V78/><F78/><AGARI ba="1,1" hai="36,40,45,69,71,72,78,81,105,106,107" m="1239" machi="78" ten="30,3900,0" yaku="25,1,33,2" doraHai="22" who="1" fromWho="2" sc="228,0,142,52,201,-42,419,0" owari="228,3.0,194,-21.0,159,-34.0,419,52.0" /></mjloggm>