<mjloggm ver="2.3"><GO type="225" lobby="0"/><UN n0="%E3%81%AF%E3%82%88%E3%81%8A%E3%81%98%E3%81%95%E3%82%93" n1="%E3%82%8F%E3%81%A3%E3%81%97%E3%82%87%E3%81%84%E5%90%9B%32%E5%8F%B7" n2="%E3%81%82%E3%82%89%E3%81%8C%E3%81%8D%E3%81%82%E3%82%84%E3%81%9B" n3="%E3%83%B4%E3%83%A0%EF%BC%99%E3%81%A6" dan="17,17,16,17" rate="2136.64,2248.60,2149.13,2205.54" sx="M,M,F,M"/><TAIKYOKU oya="0"/><INIT seed="0,0,0,1,3,72" ten="250,250,250,250" oya="0" hai0="89,21,17,104,8,22,25,42,92,60,129,12,130" hai1="20,123,49,66,34,125,99,116,9,54,120,64,98" hai2="7,75,101,95,1,55,57,27,11,106,16,105,39" hai3="58,24,52,47,10,29,3,45,76,41,112,117,84"/><T110/><D104/><U93/><E34/><V37/><F75/><W59/><G112/><T114/><D114/><U18/><E116/><V113/><F113/><W119/><G59/><T83/><D42/><U28/><E125/><V134/><F134/><W96/><G96/><T109/><D60/><U40/><E40/><V38/><F95/><W51/><G3/><T82/><D92/><U68/><E68/><V74/><F74/><W86/><G10/><T36/><D36/><U133/><E133/><V19/><F101/><W78/><G84/><T30/><D89/><U80/><E80/><V13/><F27/><W115/><G115/><T35/><D83/><U77/><E93/><V100/><F100/><W2/><G2/><T4/><D22/><U43/><E20/><V67/><F67/><W71/><G71/><T61/><D61/><U26/><E64/><V63/><REACH who="2" step="1"/><F19/><REACH who="2" ten="250,250,240,250" step="2"/><W5/><G117/><T81/><D82/><U97/><E66/><V131/><F131/><N who="0" m="50186" /><D81/><U79/><E120/><V91/><F91/><W0/><G119/><T85/><D85/><U33/><E123/><V94/><F94/><W124/><G86/><T31/><D30/><U127/><E28/><V46/><F46/><W118/><G118/><T69/><D69/><U102/><E102/><V48/><F48/><N who="3" m="30983" /><G47/><T73/><D73/><U23/><E98/><V50/><F50/><W65/><G65/><T107/><D107/><U128/><E49/><V111/><F111/><W90/><G90/><T6/><D35/><U108/><E33/><V14/><F14/><W126/><G51/><T44/><D44/><RYUUKYOKU ba="0,1" sc="250,15,250,-15,240,15,250,-15" hai0="4,6,8,12,17,21,25,31,109,110" hai2="1,7,11,13,16,37,38,39,55,57,63,105,106" /><INIT seed="0,1,1,5,5,34" ten="265,235,255,235" oya="0" hai0="115,107,133,84,117,91,23,52,127,42,1,89,97" hai1="28,128,13,94,60,131,106,67,110,2,55,47,68" hai2="15,116,113,57,27,119,43,88,134,112,32,26,14" hai3="3,121,72,81,78,62,135,44,90,51,61,73,86"/><T118/><D115/><N who="2" m="44106" /><F43/><W79/><G135/><T92/><D133/><U65/><E106/><V12/><F57/><W64/><G121/><T63/><D127/><U130/><E110/><V76/><F76/><W122/><G122/><T129/><D129/><U16/><E67/><V49/><F49/><W126/><G126/><T46/><D1/><U40/><E28/><N who="2" m="19479" /><F88/><W41/><G3/><T20/><D107/><U93/><E55/><V36/><F36/><W103/><G103/><T29/><D29/><U100/><E2/><V96/><F96/><W83/><REACH who="3" step="1"/><G64/><REACH who="3" ten="265,235,255,225" step="2"/><T123/><D123/><U4/><E100/><V104/><F134/><W80/><AGARI ba="1,2" hai="41,44,51,61,62,72,73,78,79,80,81,83,86,90" machi="80" ten="20,8000,1" yaku="1,1,2,1,0,1,7,1,9,1,53,0" doraHai="34" doraHaiUra="53" who="3" fromWho="3" sc="265,-41,235,-21,255,-21,225,103" /><INIT seed="1,0,0,2,2,27" ten="224,214,234,328" oya="1" hai0="72,63,60,26,124,6,39,76,91,34,52,115,35" hai1="40,112,92,5,132,75,102,129,94,116,74,65,32" hai2="43,47,37,99,57,117,21,104,31,66,85,82,123" hai3="90,1,20,14,46,4,30,41,8,70,81,67,120"/><U89/><E116/><V18/><F123/><W78/><G120/><T54/><D115/><U119/><E119/><V48/><F117/><W88/><G67/><T87/><D39/><U53/><E112/><V55/><F104/><W22/><G70/><T126/><D6/><U10/><E129/><V103/><F103/><W17/><G20/><T98/><D98/><U19/><E132/><V134/><F134/><W86/><REACH who="3" step="1"/><G30/><REACH who="3" ten="224,214,234,318" step="2"/><N who="0" m="19799" /><D35/><U121/><E65/><V12/><F66/><W62/><G62/><T83/><D63/><U118/><E32/><V61/><F31/><W13/><G13/><T111/><D60/><U135/><E121/><V105/><F61/><W50/><AGARI ba="0,1" hai="1,4,8,14,17,22,41,46,50,78,81,86,88,90" machi="50" ten="20,8000,1" yaku="1,1,0,1,7,1,54,1,53,1" doraHai="27" doraHaiUra="33" who="3" fromWho="3" sc="224,-20,214,-40,234,-20,318,90" /><INIT seed="2,0,0,3,1,105" ten="204,174,214,408" oya="2" hai0="121,52,106,114,132,68,108,20,80,77,116,70,72" hai1="89,49,25,97,6,98,50,115,60,33,117,39,43" hai2="133,31,120,11,83,48,84,65,47,100,53,2,79" hai3="14,56,92,87,16,61,46,4,66,135,55,90,35"/><V62/><F133/><W24/><G135/><T9/><D121/><U103/><E117/><V76/><F120/><W18/><G35/><T118/><D114/><U85/><E115/><V124/><F124/><W109/><G109/><T69/><D132/><U101/><E6/><V78/><F100/><W82/><G92/><T64/><D106/><U134/><E134/><V112/><F112/><W41/><G66/><T13/><D108/><U107/><E60/><V0/><F31/><W96/><G96/><T3/><D64/><U15/><E15/><V129/><F129/><W37/><G24/><T74/><D20/><U127/><E127/><V131/><F131/><W126/><G126/><T59/><D3/><U81/><E39/><V32/><F32/><W26/><G26/><T29/><D29/><U28/><REACH who="1" step="1"/><E43/><REACH who="1" ten="204,164,214,408" step="2"/><V111/><F111/><W38/><G37/><T71/><N who="0" m="17408" /><DORA hai="123" /><T34/><D34/><U99/><E99/><V8/><F2/><W122/><G38/><T86/><D118/><U95/><AGARI ba="0,1" hai="25,28,33,49,50,81,85,89,95,97,98,101,103,107" machi="95" ten="20,8000,1" yaku="1,1,0,1,7,1,53,2" doraHai="105,123" doraHaiUra="44,67" who="1" fromWho="1" sc="204,-20,164,90,214,-40,408,-20" /><INIT seed="3,0,0,0,1,61" ten="184,254,174,388" oya="3" hai0="25,109,101,16,28,36,72,78,60,79,81,11,91" hai1="4,69,120,104,0,50,73,121,39,77,22,21,116" hai2="13,94,54,114,10,33,100,130,17,105,118,24,6" hai3="15,84,45,103,85,74,48,65,127,86,95,58,132"/><W133/><G74/><T26/><D36/><U83/><E104/><V92/><F114/><W49/><G127/><T88/><D109/><U38/><E69/><V9/><F118/><W126/><G126/><T108/><D108/><U32/><E116/><V7/><F130/><W23/><G23/><N who="0" m="15423" /><D72/><U67/><E32/><V71/><F71/><W135/><G15/><N who="0" m="7295" /><D101/><U98/><E0/><V57/><F105/><W107/><G107/><T68/><D68/><U64/><E73/><V80/><F80/><W3/><G3/><T20/><D60/><U12/><E12/><N who="2" m="5183" /><F100/><W93/><G58/><T134/><D134/><U30/><E30/><V52/><F33/><W14/><G86/><N who="0" m="50255" /><D91/><U112/><E39/><V110/><F110/><W5/><G93/><N who="2" m="35945" /><F57/><W97/><G132/><T19/><AGARI ba="0,0" hai="19,20,26,78,79" m="50255,7295,15423" machi="19" ten="30,4000,0" yaku="8,1,54,2" doraHai="61" who="0" fromWho="0" sc="184,40,254,-10,174,-10,388,-20" owari="224,-18.0,244,4.0,164,-34.0,368,48.0" /></mjloggm>