<mjloggm ver="2.3"><GO type="225" lobby="0"/><UN n0="%73%75%7A%75%6D%65%33" n1="%5C%E3%81%AF%E3%81%A1%E3%81%8D%E3%82%87%E3%81%86%2F" n2="%E3%82%8F%E3%81%A3%E3%81%97%E3%82%87%E3%81%84%E5%90%9B%32%E5%8F%B7" n3="%E9%9F%93%E8%A1%9B%E9%9D%92" dan="17,16,17,16" rate="2209.98,2103.45,2253.14,2179.74" sx="M,M,M,F"/><TAIKYOKU oya="0"/><INIT seed="0,0,0,4,5,62" ten="250,250,250,250" oya="0" hai0="107,112,1,44,0,65,114,7,70,22,17,68,73" hai1="16,10,43,74,99,134,123,105,98,20,69,4,72" hai2="42,3,30,12,101,93,8,23,14,135,61,13,66" hai3="46,119,40,6,103,132,111,84,41,82,88,91,34"/><T45/><D73/><U76/><E123/><V33/><F135/><W133/><G119/><T63/><D107/><U49/><E134/><V110/><F110/><W27/><G111/><T47/><D70/><U26/><E69/><V81/><F42/><W128/><G128/><T86/><D86/><U31/><E31/><V21/><F3/><W109/><G109/><T57/><D68/><U126/><E126/><V108/><F81/><W64/><G103/><T102/><D102/><U29/><E29/><V28/><F8/><W125/><G125/><T80/><D80/><U115/><E115/><V71/><F108/><W25/><G6/><T59/><D59/><U58/><E105/><V89/><F101/><W67/><G82/><T48/><D48/><U54/><E43/><V117/><F117/><W19/><G19/><T116/><D116/><U5/><E5/><V77/><F77/><W38/><G84/><T75/><D75/><U118/><E118/><V39/><F39/><W35/><G46/><T32/><D32/><U51/><E51/><V100/><F100/><W2/><G2/><N who="0" m="1131" /><D7/><U113/><E113/><V87/><F33/><W18/><G18/><T127/><D127/><U122/><E122/><V95/><F95/><W15/><G15/><N who="0" m="9535" /><D114/><U24/><E24/><V53/><F53/><W36/><AGARI ba="0,0" hai="25,27,34,35,36,38,40,41,64,67,88,91,132,133" machi="36" ten="25,12000,2" yaku="0,1,22,2,52,2,54,1" doraHai="62" who="3" fromWho="3" sc="250,-60,250,-30,250,-30,250,120" /><INIT seed="1,0,0,4,1,10" ten="190,220,220,370" oya="1" hai0="118,47,83,41,84,25,92,97,132,100,133,7,12" hai1="50,0,126,99,58,24,66,49,69,112,1,35,38" hai2="13,45,117,111,107,59,94,22,74,65,87,80,28" hai3="129,29,57,8,32,90,135,109,27,124,75,34,51"/><U43/><E112/><V6/><F107/><W33/><G75/><T23/><D118/><U11/><E126/><V77/><F111/><W4/><G109/><T131/><D131/><U54/><E50/><V72/><F117/><W123/><G123/><T3/><D3/><U63/><E99/><V64/><F45/><W115/><G115/><T96/><D96/><U19/><E35/><V2/><F2/><W26/><G129/><T53/><D53/><U120/><E120/><V95/><F72/><W127/><G90/><T93/><D93/><N who="2" m="35338" /><F74/><W89/><G89/><T128/><D128/><U76/><E76/><V130/><F130/><W119/><G119/><T91/><D25/><N who="3" m="9225" /><G57/><T81/><D81/><U39/><E39/><V82/><F82/><W121/><G51/><T56/><D56/><U98/><E98/><V40/><F59/><W62/><G62/><T60/><D60/><U30/><E30/><V116/><F28/><W103/><G103/><T17/><REACH who="0" step="1"/><D7/><REACH who="0" ten="180,220,220,370" step="2"/><U122/><E122/><V105/><F6/><W113/><G121/><T85/><D85/><U68/><E68/><V71/><F71/><W9/><G113/><T31/><D31/><U70/><E70/><V79/><F87/><W44/><G29/><T21/><D21/><N who="1" m="13375" /><E11/><N who="3" m="4170" /><G4/><T134/><D134/><U5/><E5/><V88/><F80/><W42/><G135/><T86/><D86/><U73/><E73/><V55/><F116/><W102/><G127/><T46/><D46/><AGARI ba="0,1" hai="0,1,38,43,46,49,54,58,63,66,69" m="13375" machi="46" ten="30,1500,0" yaku="24,1" doraHai="10" who="1" fromWho="0" sc="180,-15,220,25,220,0,370,0" /><INIT seed="1,1,0,1,1,17" ten="165,245,220,370" oya="1" hai0="125,96,98,121,66,9,92,64,104,68,18,38,62" hai1="33,81,1,106,60,2,85,124,36,120,71,20,41" hai2="119,70,59,6,32,48,24,91,101,86,45,83,74" hai3="67,114,131,51,4,37,54,57,95,30,122,40,110"/><U128/><E120/><V80/><F119/><W108/><G122/><T63/><D121/><U47/><E33/><V118/><F118/><W49/><G114/><T82/><D125/><U100/><E124/><V14/><F70/><W56/><G131/><T21/><D38/><U3/><E128/><V102/><F59/><W0/><G30/><T90/><D9/><U29/><E106/><V72/><F32/><W126/><G126/><T111/><D111/><N who="3" m="42537" /><G95/><T52/><D82/><U99/><E71/><V107/><F107/><W31/><G31/><T58/><D66/><U27/><E60/><V25/><F72/><W117/><G117/><T44/><D44/><U75/><E75/><V5/><F74/><W103/><G103/><N who="2" m="39433" /><F80/><W8/><G67/><T65/><D65/><U28/><E28/><V34/><F34/><W16/><G16/><T12/><REACH who="0" step="1"/><D104/><REACH who="0" ten="155,245,220,370" step="2"/><U53/><E53/><N who="2" m="29839" /><F5/><W129/><G129/><T134/><D134/><U123/><E123/><V15/><F6/><W42/><G37/><T10/><D10/><U116/><E116/><V23/><F83/><W69/><G69/><T11/><D11/><U73/><E73/><V79/><F79/><W105/><G105/><T113/><D113/><U76/><E2/><V135/><F135/><W61/><G0/><T78/><D78/><U94/><AGARI ba="1,1" hai="1,3,20,27,29,36,41,47,76,81,85,94,99,100" machi="94" ten="20,3900,0" yaku="0,1,7,1,52,1" doraHai="17" who="1" fromWho="1" sc="155,-14,245,52,220,-14,370,-14" /><INIT seed="1,2,0,2,4,70" ten="141,297,206,356" oya="1" hai0="14,35,71,89,7,120,3,129,105,62,94,22,30" hai1="74,88,46,86,72,114,125,56,65,9,116,45,76" hai2="126,64,31,24,49,135,122,117,79,8,91,133,11" hai3="92,83,16,47,101,40,25,128,102,29,124,26,15"/><U63/><E114/><V68/><F122/><W127/><G128/><T121/><D105/><U98/><E116/><V2/><F117/><W39/><G83/><T77/><D77/><U93/><E125/><N who="3" m="48202" /><G92/><T78/><D78/><U13/><E74/><V66/><F126/><W41/><G41/><T112/><D112/><U75/><E75/><V100/><F79/><W84/><G84/><T54/><D129/><U37/><E37/><V57/><F91/><W5/><G5/><T108/><D108/><U51/><E72/><V58/><F100/><N who="3" m="38507" /><G29/><T132/><D94/><U109/><E51/><V113/><F49/><W69/><G69/><T18/><D71/><U96/><E109/><V60/><F68/><W10/><AGARI ba="2,0" hai="10,15,16,25,26,39,40,47" m="38507,48202" machi="10" ten="30,4000,0" yaku="18,1,52,1,54,1" doraHai="70" who="3" fromWho="3" sc="141,-12,297,-22,206,-12,356,46" /><INIT seed="2,0,0,5,5,25" ten="129,275,194,402" oya="2" hai0="42,100,133,27,10,66,67,17,107,53,58,31,48" hai1="81,120,18,39,89,43,127,90,79,94,8,1,32" hai2="52,50,71,109,77,35,3,45,0,12,80,23,95" hai3="36,19,2,9,126,92,121,33,88,56,125,41,78"/><V111/><F71/><W131/><G121/><T30/><D133/><U11/><E120/><V135/><F35/><W83/><G131/><T132/><D132/><U63/><E32/><V29/><F135/><W104/><G104/><T38/><D107/><U60/><E127/><V74/><F95/><W96/><G56/><T112/><D112/><U7/><E39/><V110/><F12/><W28/><G28/><N who="0" m="10795" /><D38/><U118/><E43/><V57/><F45/><N who="3" m="23719" /><G19/><T101/><D42/><U44/><E44/><V85/><F85/><W113/><G33/><T134/><D134/><U108/><E108/><V117/><F117/><W15/><G15/><N who="0" m="7415" /><D27/><AGARI ba="0,0" hai="0,3,23,27,29,50,52,57,74,77,80,109,110,111" machi="27" ten="40,12000,1" yaku="14,1,10,1,52,1,54,1" doraHai="25" who="2" fromWho="0" sc="129,-120,275,0,194,120,402,0" /><INIT seed="2,1,0,1,2,97" ten="9,275,314,402" oya="2" hai0="15,22,103,121,77,23,53,9,69,40,95,49,116" hai1="0,100,127,58,20,27,78,79,108,76,48,42,4" hai2="8,29,84,73,83,71,31,54,90,107,123,104,109" hai3="57,45,26,120,39,64,2,72,61,25,35,102,62"/><V124/><F123/><W122/><G72/><T96/><D69/><U41/><E108/><V3/><F109/><W92/><G2/><T51/><D121/><U118/><E118/><V18/><F124/><W30/><G26/><T80/><D116/><U37/><E37/><V68/><F73/><W50/><G39/><T17/><D49/><U5/><E127/><V119/><F68/><W7/><G7/><N who="1" m="2634" /><E0/><V114/><F3/><W19/><G19/><T34/><D34/><U47/><E58/><V38/><F71/><W14/><G14/><T46/><D53/><N who="1" m="29855" /><E100/><V126/><F38/><W88/><G102/><T87/><AGARI ba="1,0" hai="9,15,17,22,23,40,46,51,77,80,87,95,96,103" machi="87" ten="20,5200,0" yaku="0,1,7,1,8,1,52,1" doraHai="97" who="0" fromWho="0" sc="9,55,275,-14,314,-27,402,-14" /><INIT seed="3,0,0,5,3,71" ten="64,261,287,388" oya="3" hai0="117,34,81,17,76,36,0,20,28,44,67,84,74" hai1="98,114,87,93,104,6,29,128,32,88,58,127,72" hai2="23,45,39,116,2,10,19,64,21,107,38,69,86" hai3="123,60,31,77,83,42,131,89,14,5,110,7,12"/><W50/><G110/><T37/><D117/><U113/><E128/><V95/><F116/><W130/><G123/><T82/><D44/><U26/><E127/><V56/><F107/><W94/><G31/><T53/><D67/><U40/><E6/><V96/><F69/><W122/><G122/><T90/><D0/><U3/><E3/><V51/><F86/><N who="3" m="48495" /><G60/><T66/><D66/><U73/><E40/><V11/><F2/><W121/><G14/><T106/><D53/><U13/><E13/><V30/><F10/><N who="3" m="4175" /><G7/><T24/><D106/><U43/><E43/><V35/><F11/><W109/><G109/><T97/><D97/><U41/><E41/><V1/><F1/><W125/><G125/><T105/><D105/><U100/><REACH who="1" step="1"/><E58/><REACH who="1" ten="64,251,287,388" step="2"/><V120/><F56/><W47/><G121/><T75/><REACH who="0" step="1"/><D75/><AGARI ba="0,1" hai="26,29,32,72,73,75,87,88,93,98,100,104,113,114" machi="75" ten="40,5200,0" yaku="1,1,2,1,54,1,53,0" doraHai="71" doraHaiUra="63" who="1" fromWho="0" sc="64,-52,251,62,287,0,388,0" owari="12,-49.0,313,11.0,287,-11.0,388,49.0" /></mjloggm>