<mjloggm ver="2.3"><GO type="185" lobby="0"/><UN n0="%6E%69%6B%6F%6C%75%30%33" n1="%E4%BC%8F%E5%B1%8B" n2="%68%6F%70%70%6F%31%32%33" n3="" dan="17,16,16,0" rate="2284.12,2171.05,2089.77,1500.00" sx="M,M,M,C"/><TAIKYOKU oya="0"/><INIT seed="0,0,0,4,0,89" ten="350,350,350,0" oya="0" hai0="40,49,78,69,59,121,1,77,119,122,2,101,117" hai1="79,86,85,34,72,126,99,91,108,80,125,112,128" hai2="105,68,111,103,46,115,135,134,67,124,45,100,107" hai3=""/><T116/><N who="0" m="31008" /><T113/><N who="0" m="31264" /><T50/><D113/><U92/><E34/><V53/><F111/><T98/><D69/><U39/><E39/><V43/><F115/><T32/><D32/><U106/><E112/><V42/><F53/><T54/><D40/><U75/><E108/><V88/><F124/><N who="1" m="47721" /><E128/><V3/><F3/><T95/><REACH who="0" step="1"/><D50/><REACH who="0" ten="340,350,350,0" step="2"/><U93/><E106/><V127/><F127/><T82/><D82/><U90/><AGARI ba="0,1" hai="72,75,79,80,85,86,90,91,92,93,99" m="47721" machi="90" ten="30,6000,1" yaku="18,1,34,2,52,2" doraHai="89" who="1" fromWho="1" sc="340,-40,350,70,350,-20,0,0" /><INIT seed="1,0,0,1,3,104" ten="300,420,330,0" oya="1" hai0="73,71,39,66,101,103,77,135,44,79,60,68,43" hai1="118,100,84,93,116,34,108,46,133,41,50,112,131" hai2="45,128,37,102,69,33,59,132,89,47,130,80,2" hai3=""/><U109/><E34/><V120/><N who="2" m="30752" /><V81/><F69/><T51/><D135/><U88/><E112/><V134/><F2/><T107/><D71/><U124/><E133/><N who="2" m="51307" /><F102/><T99/><D103/><U86/><E100/><V82/><F59/><T110/><D110/><N who="1" m="42603" /><E131/><N who="2" m="50219" /><F33/><T126/><D126/><U0/><E124/><V105/><F105/><T40/><D107/><U85/><E0/><V57/><F57/><T96/><D101/><U58/><E58/><V55/><F55/><T53/><D43/><U3/><E3/><V52/><F52/><T72/><D79/><U90/><E90/><V36/><F89/><T56/><D77/><U92/><E92/><V49/><F49/><T121/><N who="0" m="31008" /><T61/><D60/><U127/><E127/><V122/><N who="2" m="31264" /><V111/><F111/><T129/><D129/><U64/><E64/><V42/><F42/><T94/><D94/><U113/><E113/><V123/><N who="2" m="31520" /><V125/><F125/><T70/><D68/><U106/><E106/><V1/><F1/><T115/><D115/><U75/><E88/><V67/><F67/><T117/><D117/><N who="1" m="45163" /><E93/><V91/><F91/><T78/><D78/><U63/><E63/><V54/><F54/><T95/><D95/><U62/><E62/><RYUUKYOKU ba="0,0" sc="300,0,420,0,330,0,0,0" hai0="39,40,44,51,53,56,61,66,70,72,73,96,99" hai1="41,46,50,75,84,85,86" hai2="36,37,45,47,80,81,82" /><INIT seed="1,1,0,0,5,75" ten="300,420,330,0" oya="1" hai0="45,39,34,106,37,70,62,120,2,57,47,32,94" hai1="50,105,46,124,131,72,112,127,76,33,95,54,92" hai2="44,128,65,111,132,123,61,102,133,122,55,71,119" hai3=""/><U115/><E33/><V87/><N who="2" m="31264" /><V68/><N who="2" m="31520" /><V90/><F111/><T1/><N who="0" m="30752" /><T79/><D106/><U109/><E105/><V126/><F119/><T129/><D70/><U59/><E109/><V85/><F102/><T64/><D129/><U66/><E131/><V80/><F126/><N who="1" m="48169" /><E66/><V77/><F71/><T125/><D125/><U78/><E72/><V42/><F128/><T103/><D34/><U89/><E46/><V113/><F55/><T100/><D32/><U83/><E83/><V86/><F113/><N who="1" m="43593" /><E95/><V98/><F98/><AGARI ba="1,0" hai="50,54,59,76,78,89,92,98" m="43593,48169" machi="98" ten="30,5800,0" yaku="18,1,52,2" doraHai="75" who="1" fromWho="2" sc="300,0,420,60,330,-60,0,0" /><INIT seed="1,2,0,5,3,62" ten="300,480,270,0" oya="1" hai0="117,50,90,1,96,77,124,70,78,69,110,111,84" hai1="35,88,72,115,51,74,82,132,121,116,95,94,57" hai2="56,2,103,54,109,75,91,37,59,44,80,135,129" hai3=""/><U118/><N who="1" m="31008" /><U125/><E115/><V49/><F135/><T87/><D1/><U101/><E35/><V55/><F129/><T104/><D124/><U53/><E125/><V73/><F37/><T40/><D117/><U43/><E132/><V42/><F109/><T41/><D50/><U130/><E130/><V102/><F2/><T76/><D96/><U131/><E131/><V108/><F108/><N who="0" m="41514" /><D104/><U79/><E74/><V119/><F119/><T52/><D52/><N who="2" m="20010" /><F75/><T36/><D36/><U48/><E43/><N who="0" m="16457" /><D90/><U0/><E0/><V45/><F73/><T65/><D65/><U71/><E71/><AGARI ba="2,0" hai="69,70,71,76,77,78,84,87" m="16457,41514" machi="71" ten="40,5200,0" yaku="28,2,14,1" doraHai="62" who="0" fromWho="1" sc="300,56,480,-56,270,0,0,0" /><INIT seed="2,0,0,1,0,129" ten="356,424,270,0" oya="2" hai0="64,37,96,119,49,65,71,104,32,72,118,95,111" hai1="81,114,125,109,62,126,107,51,105,66,108,40,56" hai2="124,88,47,128,97,83,57,68,120,134,39,38,122" hai3=""/><V94/><N who="2" m="30752" /><V85/><N who="2" m="31264" /><V77/><F124/><N who="1" m="47721" /><E114/><V69/><F128/><T117/><D32/><U98/><E81/><V131/><F131/><T121/><N who="0" m="31008" /><T101/><D37/><U45/><E98/><V87/><F134/><T86/><D72/><U59/><E59/><V63/><F85/><T46/><D71/><U91/><E91/><V130/><F130/><T52/><REACH who="0" step="1"/><D111/><AGARI ba="0,0" hai="40,45,51,56,62,66,105,107,108,109,111" m="47721" machi="111" ten="30,2000,0" yaku="14,1,18,1" doraHai="129" who="1" fromWho="0" sc="356,-20,424,20,270,0,0,0" /><INIT seed="4,0,0,0,0,77" ten="336,444,270,0" oya="0" hai0="73,83,59,53,80,132,101,49,120,51,106,60,90" hai1="105,130,109,78,38,35,108,82,67,84,135,40,68" hai2="114,44,92,74,48,125,117,129,89,76,96,0,37" hai3=""/><T70/><N who="0" m="30752" /><T47/><D132/><U64/><E135/><V52/><F114/><T75/><D70/><U95/><E35/><V99/><F125/><T62/><D101/><U123/><N who="1" m="31520" /><U33/><E33/><V116/><F129/><T69/><D106/><U32/><E32/><V97/><F37/><T112/><D112/><U122/><N who="1" m="31264" /><U86/><E130/><V3/><F76/><T121/><N who="0" m="31008" /><T58/><D69/><U63/><E67/><V71/><F74/><T56/><D90/><U65/><E65/><V118/><REACH who="2" step="1"/><F71/><REACH who="2" ten="336,444,260,0" step="2"/><T133/><D133/><U98/><E105/><V131/><F131/><T107/><D75/><U34/><E34/><V88/><F88/><T55/><D73/><U128/><E128/><V126/><F126/><T1/><D107/><U42/><E38/><V79/><F79/><T119/><D1/><AGARI ba="0,1" hai="0,1,3,44,48,52,89,92,96,97,99,116,117,118" machi="1" ten="50,6400,0" yaku="1,1,12,1,54,1,53,0" doraHai="77" doraHaiUra="100" who="2" fromWho="0" sc="336,-64,444,0,260,74,0,0" /><INIT seed="5,0,0,2,5,120" ten="272,444,334,0" oya="1" hai0="102,118,104,116,94,46,97,106,132,114,40,87,60" hai1="1,90,63,66,82,44,133,74,125,73,53,119,93" hai2="61,47,55,3,72,115,58,128,117,103,131,76,134" hai3=""/><U36/><E119/><N who="0" m="45609" /><D60/><U96/><E1/><V123/><N who="2" m="31520" /><V65/><F117/><T70/><D70/><U62/><E125/><V59/><F134/><T95/><D132/><U69/><E133/><V38/><F3/><T48/><D114/><U130/><E130/><N who="2" m="49707" /><F103/><T0/><D0/><U88/><E62/><V33/><F33/><T109/><D109/><U105/><E105/><N who="0" m="40553" /><D87/><U129/><E129/><V52/><F115/><T113/><D113/><U135/><E135/><V84/><F84/><T39/><D95/><U85/><E53/><V124/><F124/><T83/><D83/><U35/><E35/><V79/><F38/><AGARI ba="0,0" hai="38,39,40,46,48,94,97,102" m="40553,45609" machi="38" ten="30,1000,0" yaku="12,1" doraHai="120" who="0" fromWho="2" sc="272,10,444,0,334,-10,0,0" /><INIT seed="6,0,0,4,4,87" ten="282,444,324,0" oya="2" hai0="128,45,35,132,52,109,46,67,124,53,33,32,34" hai1="71,83,63,88,125,130,51,60,66,104,122,72,92" hai2="121,127,90,115,85,102,110,73,98,82,91,70,41" hai3=""/><V93/><N who="2" m="31008" /><V108/><F70/><T74/><N who="0" m="8192" /><DORA hai="43" /><T47/><D109/><N who="2" m="42090" /><F115/><T84/><D74/><U40/><N who="1" m="31264" /><U123/><N who="1" m="31520" /><U126/><E104/><V55/><F127/><N who="1" m="48649" /><E60/><V95/><F41/><T111/><D111/><U58/><E130/><V61/><F73/><T49/><D124/><U59/><E72/><V96/><F61/><T112/><D128/><U56/><E83/><V86/><F55/><T106/><D106/><U94/><E94/><V64/><F64/><T105/><D105/><U3/><E3/><V38/><F38/><T78/><D112/><U37/><E37/><V54/><F54/><T107/><D107/><U0/><E0/><V79/><F85/><T100/><D67/><U44/><E71/><V114/><F114/><T113/><D113/><U119/><E119/><V133/><F133/><T134/><D53/><U117/><E117/><V80/><F80/><T75/><D75/><U36/><E36/><V65/><F65/><T97/><D134/><U68/><E68/><V2/><F2/><T48/><D132/><U116/><E116/><V118/><F118/><T76/><D84/><AGARI ba="0,0" hai="40,44,51,56,58,59,63,66,84,88,92" m="48649,31520,31264" machi="84" ten="30,12000,2" yaku="18,1,52,4,54,1" doraHai="87,43" who="1" fromWho="0" sc="282,-120,444,120,324,0,0,0" owari="162,-44.0,564,52.0,324,-8.0,0,0.0" /></mjloggm>