<mjloggm ver="2.3"><GO type="169" lobby="0"/><UN n0="%68%61%79%61%74%6F%E2%98%86" n1="%E9%BA%BB%E9%9B%80%49%51%31%32%30" n2="%54%2D%4C%6F%77" n3="%73%68%6F%35%35%35%35%35" dan="17,17,16,16" rate="2141.04,2093.49,2080.31,2120.03" sx="M,M,M,M"/><TAIKYOKU oya="0"/><INIT seed="0,0,0,2,2,19" ten="250,250,250,250" oya="0" hai0="120,74,95,49,35,51,130,75,123,56,65,102,7" hai1="53,29,67,42,31,55,76,104,52,36,25,30,18" hai2="103,88,79,87,118,10,3,37,0,114,43,94,28" hai3="38,134,117,71,23,9,132,27,81,59,111,34,80"/><T108/><D35/><U20/><E104/><V110/><F114/><W61/><G117/><T107/><D107/><U68/><E76/><V78/><F118/><W14/><G38/><T72/><D7/><U58/><E68/><V15/><F110/><W106/><G71/><T82/><D82/><U63/><E36/><V62/><F28/><W98/><G34/><T100/><D108/><U99/><E42/><V124/><F124/><W41/><G41/><T12/><D12/><U109/><E109/><V32/><F32/><W54/><G111/><T86/><D56/><U39/><E39/><V33/><F33/><W92/><G106/><T6/><D6/><U1/><E1/><V2/><F103/><N who="0" m="39466" /><D86/><U121/><E121/><N who="0" m="46665" /><D95/><U22/><E99/><V97/><F62/><W128/><G92/><T69/><D65/><U13/><AGARI ba="0,0" hai="13,18,20,22,25,29,30,31,52,53,55,58,63,67" machi="13" ten="30,8000,1" yaku="0,1,8,1,52,2,54,1" doraHai="19" who="1" fromWho="1" sc="250,-40,250,80,250,-20,250,-20" /><INIT seed="1,0,0,3,4,0" ten="210,330,230,230" oya="1" hai0="134,65,6,108,63,13,77,35,45,12,116,118,19" hai1="100,2,90,109,121,11,70,91,99,54,30,112,69" hai2="44,85,120,66,5,104,76,58,17,31,127,130,8" hai3="96,88,78,106,28,82,46,61,55,52,4,98,135"/><U14/><E2/><V3/><F120/><W22/><G106/><T72/><D35/><U51/><E121/><V26/><F104/><W94/><G135/><T131/><D134/><U39/><E39/><V9/><F130/><W1/><G98/><T53/><D131/><U124/><E30/><V102/><F127/><W18/><G28/><T87/><D72/><U42/><E42/><V16/><F102/><W75/><G61/><T40/><D53/><U33/><E33/><V32/><F44/><W56/><G46/><T67/><D108/><U24/><E24/><V80/><REACH who="2" step="1"/><F9/><REACH who="2" ten="210,330,220,230" step="2"/><W60/><G56/><T132/><D45/><U15/><E124/><V119/><F119/><W92/><G60/><AGARI ba="0,1" hai="3,5,8,16,17,26,31,32,58,60,66,76,80,85" machi="60" ten="40,5200,0" yaku="1,1,52,1,54,1,53,0" doraHai="0" doraHaiUra="113" who="2" fromWho="3" sc="210,0,330,0,220,62,230,-52" /><INIT seed="2,0,0,1,2,4" ten="210,330,282,178" oya="2" hai0="92,22,113,56,18,120,34,23,128,38,71,115,95" hai1="134,87,127,51,49,107,12,37,116,41,82,61,58" hai2="14,122,39,79,6,10,17,47,106,94,80,67,74" hai3="15,126,97,98,108,81,11,121,129,59,109,32,54"/><V135/><F122/><W8/><G121/><T43/><D71/><U7/><E107/><V44/><F135/><W46/><G32/><T53/><D34/><U96/><E116/><V60/><F106/><W90/><G126/><T9/><D120/><U36/><E96/><V30/><F30/><W78/><G46/><T86/><D128/><U70/><E70/><V27/><F39/><W99/><G90/><T123/><D123/><U29/><E29/><V48/><F94/><W3/><G3/><T13/><D43/><U84/><E127/><V28/><F17/><W31/><G31/><T91/><D38/><U55/><E87/><V131/><F131/><W110/><G15/><T76/><D76/><U101/><E101/><V16/><F6/><W117/><G117/><T114/><REACH who="0" step="1"/><D95/><REACH who="0" ten="200,330,282,178" step="2"/><U50/><E41/><V100/><F79/><W45/><G129/><T1/><D1/><U119/><E119/><V111/><F111/><W5/><G5/><T77/><D77/><U62/><E7/><V63/><F74/><N who="3" m="43223" /><G45/><T19/><D19/><U64/><E37/><V124/><F47/><W125/><G125/><T73/><D73/><U35/><E35/><V118/><F44/><W20/><G20/><T66/><D66/><U85/><E64/><V130/><F124/><W89/><G89/><T104/><D104/><U132/><E36/><V65/><F130/><W133/><G133/><T2/><D2/><U93/><E132/><V25/><F67/><W42/><G42/><T40/><D40/><U105/><E134/><V88/><F118/><W0/><G0/><T57/><D57/><RYUUKYOKU ba="0,1" sc="200,15,330,-15,282,-15,178,15" hai0="9,13,18,22,23,53,56,86,91,92,113,114,115" hai3="8,11,54,59,97,98,99,108,109,110" /><INIT seed="3,1,1,5,2,56" ten="215,315,267,193" oya="3" hai0="114,67,25,85,112,31,36,101,70,68,39,24,30" hai1="86,118,7,135,80,37,110,45,105,33,107,109,14" hai2="19,90,94,46,52,5,77,82,103,93,124,113,127" hai3="47,116,66,51,64,121,53,20,23,22,125,81,57"/><W75/><G121/><T108/><D85/><U59/><E33/><V44/><F113/><N who="0" m="43626" /><D67/><U131/><E7/><V120/><F120/><W54/><G116/><T16/><D101/><U72/><E14/><V69/><F69/><N who="0" m="26730" /><D16/><U34/><E86/><N who="2" m="48463" /><F5/><W73/><G125/><N who="2" m="48201" /><F19/><W1/><G1/><T29/><D108/><U6/><E6/><V78/><F78/><W89/><G75/><T26/><AGARI ba="1,1" hai="24,25,26,29,30,31,36,39" m="26730,43626" machi="26" ten="40,5200,0" yaku="28,2,11,1" doraHai="56" who="0" fromWho="0" sc="215,65,315,-14,267,-14,193,-27" /><INIT seed="4,0,0,1,3,8" ten="280,301,253,166" oya="0" hai0="101,54,97,111,86,48,98,45,118,58,103,123,89" hai1="125,84,78,57,16,24,47,7,12,130,129,90,106" hai2="21,71,38,36,17,2,134,42,49,43,87,73,92" hai3="115,107,4,120,133,44,5,52,10,63,25,132,22"/><T20/><D123/><U64/><E106/><V35/><F35/><W3/><G115/><T135/><D118/><U114/><E78/><V127/><F73/><W33/><G107/><T117/><D117/><U23/><E125/><V41/><F2/><W116/><G116/><T74/><D74/><U113/><E47/><V51/><F71/><W100/><G33/><T62/><D135/><U13/><E64/><V109/><F109/><W34/><G34/><T66/><D111/><U105/><E57/><V91/><F134/><W0/><G100/><T75/><D75/><U29/><E105/><V77/><F127/><W69/><G120/><T121/><D121/><U112/><E7/><V6/><F6/><W94/><G69/><T96/><REACH who="0" step="1"/><D20/><REACH who="0" ten="270,301,253,166" step="2"/><N who="1" m="11271" /><E13/><N who="2" m="9391" /><F36/><W1/><G132/><T40/><D40/><U60/><E60/><V61/><F38/><W76/><G133/><T81/><AGARI ba="0,1" hai="45,48,54,58,62,66,81,86,89,96,97,98,101,103" machi="81" ten="30,6000,0" yaku="1,1,0,1,8,1,53,0" doraHai="8" doraHaiUra="122" who="0" fromWho="0" sc="270,70,301,-20,253,-20,166,-20" /><INIT seed="4,1,0,5,0,97" ten="340,281,233,146" oya="0" hai0="95,74,34,126,33,132,84,103,65,114,41,93,73" hai1="129,125,17,38,54,99,16,71,64,32,124,88,5" hai2="112,72,15,113,12,57,105,39,79,63,31,13,120" hai3="27,50,24,60,67,55,3,85,45,128,58,22,25"/><T68/><D41/><U94/><E32/><V107/><F39/><W69/><G3/><T0/><D0/><U75/><E38/><V47/><F120/><W53/><G128/><T28/><D28/><U96/><E75/><V83/><F47/><W135/><G135/><T20/><D20/><U48/><E5/><V8/><F31/><W98/><G69/><T46/><D46/><U19/><E129/><V62/><F8/><W6/><G6/><T42/><D84/><U131/><E131/><V127/><F62/><W7/><G7/><T10/><D10/><U26/><E26/><V134/><F127/><N who="1" m="48713" /><E99/><V87/><F72/><W86/><G22/><T118/><D132/><U81/><E81/><V101/><F134/><W70/><G70/><T102/><D68/><U30/><E30/><V92/><F92/><W106/><REACH who="3" step="1"/><G67/><REACH who="3" ten="340,281,233,136" step="2"/><T89/><D65/><U11/><E71/><V116/><F113/><W111/><G111/><T100/><D114/><U37/><E64/><V117/><F112/><W23/><G23/><T44/><D126/><U1/><E1/><V59/><F117/><W121/><G121/><T80/><D33/><U108/><E108/><V76/><F116/><W14/><G14/><T21/><D21/><U4/><E4/><V104/><F12/><W18/><G18/><T61/><D34/><U51/><E11/><V110/><F13/><W35/><G35/><T40/><D118/><U77/><E19/><V119/><F15/><W66/><G66/><T2/><D2/><U56/><E17/><V109/><F119/><W52/><G52/><T36/><D42/><RYUUKYOKU ba="1,1" sc="340,-10,281,-10,233,-10,136,30" hai3="24,25,27,45,50,53,55,58,60,85,86,98,106" /><INIT seed="5,2,1,0,3,19" ten="330,271,223,166" oya="1" hai0="113,15,54,36,74,86,124,55,91,77,68,21,82" hai1="27,40,11,109,100,0,13,23,70,51,45,64,84" hai2="103,134,57,33,118,6,130,7,89,131,90,76,107" hai3="2,32,101,31,12,106,75,123,72,56,66,37,50"/><U41/><E0/><V20/><F33/><W87/><G37/><T128/><D68/><U24/><E109/><V112/><F118/><W29/><G2/><T114/><D36/><U94/><E70/><V120/><F120/><W10/><G123/><T73/><D124/><U67/><E41/><V60/><F76/><W81/><G32/><T83/><D128/><N who="2" m="49194" /><F103/><W93/><G106/><T8/><D74/><U88/><E100/><V79/><F79/><W28/><G93/><T129/><D129/><U102/><E102/><V135/><F107/><W111/><G101/><T95/><D95/><U14/><E27/><V22/><F89/><W34/><G34/><T1/><D1/><U3/><E3/><V43/><F90/><W127/><G127/><T78/><D91/><U61/><E61/><V98/><F98/><W59/><G75/><T18/><D8/><U122/><E122/><V25/><F43/><W125/><G72/><T9/><D9/><U52/><E40/><V71/><F71/><W42/><G125/><T80/><D80/><U63/><E63/><V30/><F112/><AGARI ba="2,1" hai="15,18,21,54,55,73,77,78,82,83,86,112,113,114" machi="112" ten="40,2600,0" yaku="15,1,52,1" doraHai="19" who="0" fromWho="2" sc="330,42,271,0,223,-32,166,0" /><INIT seed="6,0,0,0,0,97" ten="372,271,191,166" oya="2" hai0="111,0,18,81,54,61,80,132,120,45,99,37,42" hai1="60,39,17,15,124,5,112,13,88,128,87,118,32" hai2="52,74,92,131,79,104,53,56,38,109,133,12,1" hai3="55,58,36,85,70,114,115,101,23,29,21,40,48"/><V51/><F104/><W134/><G70/><T123/><D0/><U11/><E39/><V19/><F1/><W98/><G134/><T31/><D31/><U2/><E118/><V103/><F133/><W64/><G64/><T135/><D111/><U77/><E77/><V116/><F116/><W41/><G85/><T22/><D81/><U91/><E32/><V121/><F121/><W57/><G58/><T44/><D80/><U83/><E91/><V30/><F38/><W89/><G89/><T9/><D9/><U66/><E112/><N who="3" m="43050" /><G36/><T75/><D75/><U43/><E43/><N who="3" m="16458" /><G29/><T129/><D42/><U69/><E69/><V95/><F109/><W63/><G63/><T76/><D37/><U82/><E60/><V46/><F131/><W71/><G71/><T73/><D73/><U59/><E59/><V110/><F30/><W105/><AGARI ba="0,0" hai="21,23,48,55,57,98,101,105" m="16458,43050" machi="105" ten="30,4000,0" yaku="15,1,11,1,52,1" doraHai="97" who="3" fromWho="3" sc="372,-10,271,-10,191,-20,166,40" /><INIT seed="7,0,0,5,2,33" ten="362,261,171,206" oya="3" hai0="80,11,4,118,86,123,47,98,22,96,63,26,65" hai1="104,49,128,44,77,116,12,19,132,0,108,58,133" hai2="8,32,31,121,113,51,117,13,91,35,18,130,127" hai3="87,109,52,9,39,66,114,100,64,6,57,79,115"/><W102/><G39/><T38/><D38/><U15/><E104/><V85/><F117/><W76/><G109/><T68/><D47/><U124/><E116/><V10/><F113/><N who="3" m="43019" /><G102/><T42/><D42/><U28/><E28/><V82/><F130/><W122/><G100/><T74/><D74/><U106/><E128/><V40/><F127/><W23/><G23/><T54/><D54/><U20/><E124/><V135/><F135/><W97/><G97/><T1/><D123/><U62/><E108/><V105/><F121/><W134/><G134/><T5/><D5/><U60/><E106/><V129/><F129/><W78/><G87/><T107/><D107/><U81/><E20/><V3/><F105/><W2/><G122/><T17/><D118/><U111/><E111/><V93/><F31/><W25/><G25/><T53/><D53/><U59/><E132/><V119/><F119/><W43/><G43/><T14/><D26/><U41/><E41/><V99/><F40/><W120/><G120/><T90/><AGARI ba="0,0" hai="1,4,11,14,17,22,63,65,68,80,86,90,96,98" machi="90" ten="20,2700,0" yaku="0,1,7,1,52,1" doraHai="33" who="0" fromWho="0" sc="362,27,261,-7,171,-7,206,-13" owari="389,50.0,254,5.0,164,-34.0,193,-21.0" /></mjloggm>