<mjloggm ver="2.3"><GO type="225" lobby="0"/><UN n0="%6B%79%6F%6E%6B%6F%31%31" n1="%E8%A8%88%E7%AE%97%E6%A9%9F%E8%87%AA%E7%84%B6" n2="%E3%82%B7%E3%83%B3%E3%83%95%E3%82%A9%E3%83%8B%E3%82%A2" n3="%E3%82%AB%E3%83%9C%E3%83%81%E3%83%A3%E3%82%BF%E3%83%8D" dan="17,17,18,16" rate="2207.35,2285.86,2228.54,2087.01" sx="M,M,M,M"/><TAIKYOKU oya="0"/><INIT seed="0,0,0,3,5,134" ten="250,250,250,250" oya="0" hai0="87,128,47,28,111,18,52,86,66,102,94,20,99" hai1="15,100,112,19,71,36,10,75,54,69,68,44,95" hai2="12,91,41,84,77,124,38,118,63,58,9,13,120" hai3="33,60,56,106,103,48,80,117,74,64,55,43,130"/><T27/><D128/><U93/><E75/><V22/><F120/><W67/><G117/><T29/><D66/><U132/><E132/><V7/><F118/><W135/><G33/><T83/><D111/><U121/><E121/><V21/><F77/><W109/><G135/><T53/><D87/><U50/><E112/><V59/><F38/><W4/><G130/><T1/><D1/><U42/><REACH who="1" step="1"/><E100/><REACH who="1" ten="250,240,250,250" step="2"/><V129/><F129/><W79/><G103/><T35/><D47/><AGARI ba="0,1" hai="10,15,19,36,42,44,47,50,54,68,69,71,93,95" machi="47" ten="40,8000,1" yaku="1,1,2,1,53,2" doraHai="134" doraHaiUra="88" who="1" fromWho="0" sc="250,-80,240,90,250,0,250,0" /><INIT seed="1,0,0,1,4,78" ten="170,330,250,250" oya="1" hai0="49,106,92,69,33,127,9,0,82,63,76,115,18" hai1="105,122,83,73,3,14,15,117,101,103,42,27,48" hai2="124,93,128,88,86,135,94,118,77,52,58,35,123" hai3="39,95,98,79,54,32,68,133,8,104,66,38,129"/><U47/><E117/><V7/><F128/><W1/><G104/><T2/><D115/><U111/><E122/><V29/><F135/><W61/><G129/><T45/><D106/><U13/><E3/><V59/><F124/><W24/><G54/><T72/><D33/><U89/><E105/><V20/><F35/><W41/><G133/><T75/><D127/><U110/><E27/><N who="2" m="16615" /><F118/><W12/><G41/><T17/><D72/><U120/><E120/><V26/><F123/><W64/><G64/><T90/><D63/><U36/><E36/><V60/><F77/><W116/><G1/><T22/><D69/><U28/><E28/><V25/><F7/><W71/><G71/><T34/><D34/><U125/><E125/><V134/><F134/><W62/><G62/><T85/><D17/><U6/><E6/><V21/><F59/><W102/><G116/><T44/><D9/><U19/><E19/><N who="2" m="12479" /><F26/><W100/><G24/><T10/><D10/><U5/><E5/><V119/><F119/><W91/><G32/><T11/><D44/><U31/><E31/><V80/><AGARI ba="0,0" hai="52,58,60,80,86,88,93,94" m="12479,16615" machi="80" ten="30,7900,0" yaku="8,1,52,1,54,2" doraHai="78" who="2" fromWho="2" sc="170,-20,330,-39,250,79,250,-20" /><INIT seed="2,0,0,1,0,40" ten="150,291,329,230" oya="2" hai0="15,100,53,86,28,1,45,0,6,129,52,122,46" hai1="89,101,83,31,38,22,120,103,125,121,109,5,95" hai2="39,41,88,134,50,131,99,106,105,107,81,43,79" hai3="37,70,108,60,102,82,111,128,91,42,87,34,90"/><V25/><F131/><W80/><G34/><T24/><D122/><N who="1" m="47211" /><E38/><V61/><F134/><W119/><G119/><T17/><D129/><U78/><E5/><V114/><F114/><W85/><G128/><T123/><D123/><U77/><E31/><V54/><F61/><W76/><G102/><N who="1" m="38922" /><E22/><V10/><F25/><W127/><G76/><N who="1" m="29290" /><E109/><V4/><F39/><W98/><G60/><T48/><D100/><U104/><E125/><V65/><F65/><W59/><G70/><T7/><D86/><N who="1" m="50399" /><E95/><V93/><F81/><W113/><G59/><T11/><D0/><U133/><E133/><V63/><F63/><W118/><G127/><T57/><D53/><U132/><E132/><V13/><REACH who="2" step="1"/><F79/><REACH who="2" ten="150,291,319,230" step="2"/><W47/><G113/><T23/><REACH who="0" step="1"/><D7/><REACH who="0" ten="140,291,319,230" step="2"/><U69/><E69/><V55/><F55/><W135/><G135/><T115/><D115/><U44/><E104/><V51/><F51/><W68/><G68/><T116/><D116/><U14/><E14/><V18/><F18/><W2/><G118/><T56/><D56/><AGARI ba="0,2" hai="4,10,13,41,43,50,54,56,88,93,99,105,106,107" machi="56" ten="40,3900,0" yaku="1,1,54,1,53,0" doraHai="40" doraHaiUra="29" who="2" fromWho="0" sc="140,-39,291,0,319,59,230,0" /><INIT seed="2,1,0,5,2,22" ten="101,291,378,230" oya="2" hai0="63,133,113,56,30,67,86,80,53,92,39,49,131" hai1="102,41,88,52,100,89,1,16,3,12,7,71,31" hai2="2,32,29,54,55,6,13,91,135,82,104,118,25" hai3="69,94,14,95,40,75,58,99,109,38,108,10,15"/><V74/><F118/><W134/><G69/><T65/><D131/><U9/><E71/><V24/><F104/><W20/><G75/><T45/><D133/><U76/><E41/><V36/><F135/><W106/><G134/><T4/><D113/><U64/><E64/><V35/><F36/><W90/><G106/><T85/><D39/><U61/><E76/><V123/><F2/><W114/><G114/><T44/><D4/><U103/><E31/><V47/><F123/><W124/><G124/><T121/><D121/><U128/><E128/><V130/><F130/><W126/><G126/><T132/><D132/><U101/><E101/><V19/><F6/><W73/><G73/><T66/><D92/><U79/><E79/><V116/><F116/><W0/><G40/><T93/><D44/><U72/><E72/><V111/><F111/><W70/><G70/><T33/><D93/><U46/><E1/><V119/><F119/><W81/><G81/><T5/><D5/><U8/><REACH who="1" step="1"/><E61/><REACH who="1" ten="101,281,378,230" step="2"/><V62/><F62/><W27/><G0/><T110/><D110/><U68/><E68/><V34/><F29/><W26/><G109/><T77/><REACH who="0" step="1"/><D85/><REACH who="0" ten="91,281,378,230" step="2"/><U21/><E21/><V42/><F74/><W37/><G108/><T105/><D105/><U96/><E96/><V84/><F84/><W78/><G20/><T107/><D107/><U115/><E115/><V117/><F117/><W87/><G38/><T120/><D120/><U112/><E112/><V125/><F34/><W122/><G37/><T23/><D23/><U48/><AGARI ba="1,2" hai="3,7,8,9,12,16,46,48,52,88,89,100,102,103" machi="48" ten="30,8000,1" yaku="1,1,0,1,54,3,53,0" doraHai="22" doraHaiUra="18" who="1" fromWho="1" sc="91,-21,281,103,378,-41,230,-21" /><INIT seed="3,0,0,5,4,72" ten="70,384,337,209" oya="3" hai0="82,39,102,44,6,38,53,110,77,13,29,133,134" hai1="90,30,48,129,124,63,2,19,104,42,66,80,125" hai2="35,74,130,73,111,88,24,79,1,40,18,56,115" hai3="81,87,131,32,108,99,101,21,89,71,11,119,116"/><W36/><G32/><T34/><D110/><U95/><E104/><V118/><F118/><W114/><G71/><T126/><D126/><N who="1" m="48747" /><E129/><V84/><F115/><W93/><G36/><T57/><D102/><U9/><E30/><V31/><F111/><W54/><G21/><T20/><D34/><U33/><E80/><V49/><F130/><W8/><G108/><T75/><D29/><U83/><E83/><V76/><F1/><W28/><G28/><T14/><D39/><U64/><E33/><V10/><F73/><W5/><G11/><T50/><D6/><N who="1" m="1239" /><E19/><V3/><F74/><W123/><G123/><T120/><D120/><U58/><E48/><V22/><F3/><W113/><G54/><T55/><D38/><U59/><E42/><V86/><F86/><W26/><G26/><T37/><D37/><U41/><E41/><V45/><F56/><N who="1" m="21545" /><E63/><V132/><F132/><W85/><G131/><T0/><D0/><U94/><E94/><N who="2" m="54535" /><F35/><W70/><G70/><T122/><D122/><U78/><E78/><V17/><F31/><W23/><G23/><T96/><D20/><U103/><E103/><V100/><F100/><W65/><G8/><T47/><D57/><U15/><E15/><AGARI ba="0,0" hai="10,15,17,18,22,24,40,45,49,76,79" m="54535" machi="15" ten="30,7700,0" yaku="8,1,52,2,54,1" doraHai="72" who="2" fromWho="1" sc="70,0,384,-77,337,77,209,0" owari="70,-43.0,307,11.0,414,51.0,209,-19.0" /></mjloggm>