<mjloggm ver="2.3"><GO type="169" lobby="0"/><UN n0="%E3%82%8F%E3%81%9F%E3%81%B4%E3%82%93" n1="%41%6E%74%69%64%6F%74%65" n2="%E4%B8%BB%E5%B8%AD" n3="%E3%83%9E%E3%83%8A%E3%83%96%E9%9B%B6" dan="17,16,16,16" rate="2262.16,2191.91,2145.64,2120.78" sx="M,M,M,M"/><TAIKYOKU oya="0"/><INIT seed="0,0,0,3,4,15" ten="250,250,250,250" oya="0" hai0="94,129,71,64,36,125,24,1,9,76,40,90,48" hai1="42,29,74,11,27,57,117,43,98,55,67,46,116" hai2="124,96,77,104,121,49,97,6,69,112,123,54,59" hai3="66,41,5,119,10,22,23,63,81,13,62,133,85"/><T110/><D36/><U17/><E74/><V79/><F112/><W80/><G80/><T16/><BYE who="3" /><D125/><UN n3="%E3%83%9E%E3%83%8A%E3%83%96%E9%9B%B6" /><U25/><E67/><V2/><F69/><N who="3" m="42199" /><G119/><T130/><D76/><U84/><E84/><V21/><F124/><W108/><G41/><T31/><D64/><U101/><E43/><V89/><F79/><N who="3" m="46271" /><G63/><T56/><D71/><U113/><E113/><V44/><F77/><W30/><G30/><T114/><D114/><U75/><E75/><V35/><F35/><W34/><G34/><T128/><D110/><U58/><E116/><V53/><F97/><W28/><G28/><T50/><D56/><U0/><E117/><V91/><F104/><W100/><G100/><T103/><D103/><U60/><E57/><V88/><F96/><W127/><G127/><T93/><D40/><U122/><E29/><V12/><F2/><W32/><G32/><N who="0" m="20583" /><D1/><U26/><E0/><V109/><F109/><W87/><G87/><N who="0" m="52447" /><D94/><U39/><E101/><V92/><F92/><W8/><G108/><T72/><D72/><U18/><E98/><V73/><F73/><W52/><G52/><T106/><D106/><U68/><E68/><V45/><F45/><W7/><G133/><T47/><D47/><U4/><E122/><V19/><REACH who="2" step="1"/><F6/><REACH who="2" ten="250,250,240,250" step="2"/><W20/><G5/><T70/><D70/><U115/><E115/><V118/><F118/><W65/><G7/><T102/><D102/><U37/><E37/><V83/><F83/><W132/><G132/><T38/><D38/><U3/><AGARI ba="0,1" hai="3,4,11,17,18,25,26,27,39,42,46,55,58,60" machi="3" ten="30,4000,0" yaku="0,1,52,2" doraHai="15" who="1" fromWho="1" sc="250,-20,250,50,240,-10,250,-10" /><INIT seed="1,0,0,1,3,72" ten="230,300,230,240" oya="1" hai0="80,85,88,10,8,41,26,3,14,51,68,108,122" hai1="29,24,65,71,109,67,42,130,31,7,64,19,133" hai2="97,48,82,95,81,131,117,53,126,76,123,44,124" hai3="107,40,70,61,77,59,4,20,119,12,39,13,54"/><U58/><E71/><V66/><F123/><W128/><G107/><T106/><D108/><U135/><E109/><V91/><F117/><W37/><G119/><T30/><D106/><U46/><E130/><V49/><F66/><W94/><G70/><T57/><D68/><U63/><E7/><V115/><F131/><W87/><G128/><T2/><D122/><U36/><E19/><V69/><F69/><W6/><G39/><T127/><D127/><N who="2" m="48682" /><F115/><W75/><G75/><T5/><D10/><U55/><REACH who="1" step="1"/><E24/><REACH who="1" ten="230,290,230,240" step="2"/><V98/><F98/><W32/><G4/><T100/><D3/><U15/><E15/><V121/><F121/><W35/><G6/><T28/><D2/><U113/><E113/><V73/><F81/><W93/><G13/><T9/><D26/><U78/><E78/><N who="2" m="44367" /><F49/><W1/><G1/><T18/><D51/><U116/><E116/><V52/><F76/><W11/><G77/><T74/><D80/><U22/><E22/><V34/><F34/><W132/><G20/><T60/><D5/><U89/><E89/><V105/><F105/><W47/><G35/><T112/><D88/><U27/><E27/><V103/><F91/><W25/><G25/><T79/><D112/><U16/><E16/><V104/><F104/><W118/><G32/><T102/><D18/><U129/><E129/><V45/><F48/><W101/><G118/><T90/><D14/><U86/><E86/><V17/><F17/><W120/><G12/><T43/><D79/><U84/><E84/><V83/><F83/><W33/><G87/><T134/><D85/><U111/><E111/><RYUUKYOKU ba="0,1" sc="230,-15,290,15,230,15,240,-15" hai1="29,31,36,42,46,55,58,63,64,65,67,133,135" hai2="44,45,52,53,95,97,103" /><INIT seed="1,1,1,4,5,40" ten="215,305,245,225" oya="1" hai0="111,107,80,96,92,103,76,128,123,90,19,109,1" hai1="127,86,99,36,34,50,9,42,14,30,134,29,70" hai2="124,39,51,33,73,46,121,116,26,118,77,59,47" hai3="0,125,85,10,84,31,23,52,41,45,115,35,17"/><U18/><E70/><V22/><F121/><W25/><G115/><T100/><D19/><U117/><E117/><V44/><F39/><W62/><G125/><T74/><D1/><U11/><E36/><V104/><F33/><N who="3" m="20719" /><G41/><T102/><D128/><U32/><E99/><V28/><F124/><W120/><G35/><N who="1" m="13354" /><E86/><V89/><F104/><W56/><G120/><T67/><D67/><U54/><E42/><V60/><F51/><N who="3" m="28783" /><G62/><T75/><D75/><U101/><E101/><N who="0" m="39017" /><D123/><U94/><E127/><V110/><F110/><N who="0" m="41994" /><D90/><U4/><E18/><V13/><F77/><W15/><G56/><T53/><D53/><U64/><E54/><V126/><F73/><W16/><G17/><T131/><D131/><U58/><E64/><V20/><F126/><W82/><G82/><T12/><D12/><U71/><E14/><V91/><F118/><W7/><AGARI ba="1,1" hai="0,7,10,15,16,23,84,85" m="28783,20719" machi="7" ten="30,7900,0" yaku="24,1,52,1,54,2" doraHai="40" who="3" fromWho="3" sc="215,-21,305,-40,245,-21,225,92" /><INIT seed="2,0,0,3,5,44" ten="194,265,224,317" oya="2" hai0="104,102,101,100,59,6,92,20,52,81,45,97,3" hai1="49,85,60,70,94,61,50,118,77,63,107,131,83" hai2="41,121,114,75,65,117,84,124,4,15,126,56,38" hai3="47,18,53,21,16,106,40,57,108,17,66,30,68"/><V54/><F75/><W67/><G106/><T88/><D81/><U43/><E107/><V10/><F114/><W135/><G108/><T39/><D6/><U28/><E118/><V115/><F115/><W26/><G135/><T62/><D3/><U76/><E70/><V37/><F117/><W111/><G68/><T133/><D133/><U82/><E131/><V22/><F121/><W134/><G111/><T42/><REACH who="0" step="1"/><D20/><REACH who="0" ten="184,265,224,317" step="2"/><U69/><E69/><V25/><F22/><W64/><G134/><T27/><D27/><U120/><E120/><V0/><F25/><W58/><REACH who="3" step="1"/><G53/><REACH who="3" ten="184,265,224,307" step="2"/><T33/><D33/><U80/><E76/><V48/><F54/><W73/><G73/><T89/><D89/><N who="1" m="53551" /><E77/><V34/><F34/><W12/><G12/><T8/><D8/><U35/><E35/><V123/><F15/><W5/><G5/><T14/><D14/><U96/><E43/><V1/><F41/><W128/><G128/><T36/><D36/><AGARI ba="0,2" hai="16,17,18,21,26,30,36,40,47,57,58,64,66,67" machi="36" ten="40,2600,0" yaku="1,1,54,1,53,0" doraHai="44" doraHaiUra="125" who="3" fromWho="0" sc="184,-26,265,0,224,0,307,46" /><INIT seed="3,0,0,0,2,71" ten="158,265,224,353" oya="3" hai0="130,126,134,123,16,121,61,30,14,82,107,135,110" hai1="11,87,53,18,94,37,89,32,91,46,35,115,39" hai2="117,44,36,17,21,80,6,75,83,90,108,54,57" hai3="55,41,93,88,127,95,102,29,47,51,86,52,1"/><W124/><G1/><T84/><D107/><U119/><E115/><V104/><F117/><W43/><G29/><T96/><D96/><U73/><E73/><V68/><F104/><W74/><G74/><T59/><D110/><U66/><E66/><V133/><F108/><W79/><G79/><T27/><D126/><N who="3" m="48169" /><G41/><T76/><D130/><U69/><E69/><V131/><F131/><W125/><G125/><T120/><D27/><U2/><E119/><V20/><F75/><W62/><G62/><T118/><D30/><U49/><E91/><V40/><F133/><W31/><G31/><T97/><D97/><AGARI ba="0,0" hai="43,47,51,52,55,86,88,93,95,97,102" m="48169" machi="97" ten="30,5800,0" yaku="18,1,54,2" doraHai="71" who="3" fromWho="0" sc="158,-58,265,0,224,0,353,58" /><INIT seed="3,1,0,1,1,99" ten="100,265,224,411" oya="3" hai0="32,134,97,9,115,45,90,132,117,36,61,114,82" hai1="64,24,91,48,88,28,112,50,80,119,86,12,60" hai2="74,0,133,34,16,4,123,59,106,10,101,102,96" hai3="35,44,72,49,70,83,81,37,5,100,62,71,79"/><W47/><G35/><T43/><D32/><U127/><E112/><N who="0" m="43049" /><D9/><U121/><E121/><V130/><F74/><W129/><G129/><T85/><D117/><U41/><E119/><V109/><F34/><W39/><G5/><T2/><D2/><U21/><E127/><V18/><F123/><W98/><G62/><T104/><D61/><U108/><E108/><V128/><F109/><W65/><G65/><T27/><D27/><U54/><E41/><V87/><F133/><N who="0" m="51306" /><D97/><U94/><E54/><V77/><F59/><W26/><G26/><T40/><D40/><U118/><E12/><V125/><F0/><W84/><G71/><T76/><D104/><U55/><E55/><V110/><F110/><W68/><G70/><T17/><D17/><N who="2" m="6762" /><F96/><W111/><G68/><T8/><D8/><U116/><E116/><V38/><F106/><W6/><G111/><T31/><D76/><U56/><E118/><V22/><F38/><W29/><G6/><T14/><D14/><U7/><E7/><V13/><F22/><W103/><G29/><AGARI ba="1,0" hai="29,31,36,43,45,82,85,90" m="51306,43049" machi="29" ten="30,2000,0" yaku="11,1,20,1" doraHai="99" who="0" fromWho="3" sc="100,23,265,0,224,0,411,-23" /><INIT seed="4,0,0,3,4,48" ten="123,265,224,388" oya="0" hai0="44,119,105,70,131,45,130,86,122,38,25,22,68" hai1="90,36,128,75,118,76,102,57,2,126,42,37,50" hai2="82,107,67,100,98,81,17,30,26,29,97,39,49" hai3="21,0,20,41,127,95,85,10,24,133,47,66,3"/><T7/><D119/><U83/><E2/><V43/><F39/><W13/><G66/><T63/><D122/><U124/><E118/><V101/><F67/><W80/><G95/><T31/><D105/><U78/><E128/><N who="0" m="49193" /><D63/><U121/><E121/><V16/><F43/><W74/><G74/><T34/><D7/><U87/><E102/><V79/><F49/><W40/><G133/><T113/><D113/><U5/><E5/><V104/><F26/><W54/><G127/><N who="1" m="48682" /><E76/><AGARI ba="0,0" hai="16,17,29,30,76,79,81,82,97,98,100,101,104,107" machi="76" ten="25,3200,0" yaku="22,2,54,1" doraHai="48" who="2" fromWho="1" sc="123,0,265,-32,224,32,388,0" /><INIT seed="5,0,0,5,3,73" ten="123,233,256,388" oya="1" hai0="78,98,116,31,77,110,29,1,107,117,5,0,42" hai1="49,47,66,104,81,18,93,17,94,72,82,71,3" hai2="96,127,57,63,122,79,119,83,126,37,30,16,95" hai3="60,121,61,118,97,128,25,26,65,13,64,80,106"/><U68/><E104/><V75/><F37/><W56/><G121/><T55/><D5/><U12/><E3/><N who="0" m="1097" /><D55/><U48/><E66/><V102/><F122/><W33/><G128/><T62/><D107/><U113/><E12/><V131/><F119/><N who="0" m="45642" /><D62/><U8/><E8/><V43/><F131/><W54/><G118/><T46/><D46/><U111/><E47/><V36/><F30/><N who="0" m="11274" /><D98/><U84/><E84/><V112/><F63/><W40/><G106/><T32/><D110/><U6/><E111/><V52/><F52/><W10/><G97/><T22/><D22/><U14/><E6/><V2/><F2/><W86/><G40/><T101/><D42/><U76/><E72/><V28/><F43/><W88/><G54/><T59/><D59/><U91/><E68/><V92/><F57/><W85/><G85/><T23/><D23/><U34/><E71/><V74/><F28/><W38/><G38/><T90/><D90/><U124/><E91/><V100/><F36/><W58/><G33/><T129/><D129/><U125/><E34/><V114/><F96/><W99/><G99/><T44/><D44/><U41/><E41/><V45/><F45/><W50/><G50/><T11/><D32/><U27/><E49/><V133/><F75/><W69/><G69/><T132/><D132/><U105/><E48/><V115/><F133/><W51/><G51/><T109/><D109/><U20/><E105/><V39/><F39/><W70/><G70/><T134/><D134/><U4/><E20/><V9/><F74/><W15/><G88/><T67/><D67/><U103/><E4/><RYUUKYOKU ba="0,0" sc="123,0,233,0,256,0,388,0" /><INIT seed="6,1,0,3,1,68" ten="123,233,256,388" oya="2" hai0="27,55,77,134,9,37,74,73,48,119,107,132,113" hai1="93,99,90,61,24,17,56,131,2,82,97,67,41" hai2="47,94,130,101,36,112,100,128,4,30,38,11,15" hai3="115,84,64,45,110,78,33,31,86,1,80,135,8"/><V40/><F112/><W122/><G110/><T124/><D107/><U21/><E131/><N who="2" m="50219" /><F30/><W92/><G122/><T133/><D113/><U3/><E82/><V5/><F5/><W62/><G115/><T106/><D106/><U22/><E41/><N who="2" m="22951" /><F94/><W63/><G135/><N who="0" m="34563" /><T0/><DORA hai="87" /><D124/><U25/><REACH who="1" step="1"/><E99/><REACH who="1" ten="123,223,256,388" step="2"/><V85/><F85/><W26/><G86/><T52/><D119/><U23/><E23/><V127/><F127/><W91/><G8/><T44/><D73/><U105/><E105/><V42/><F40/><W118/><G118/><T51/><D37/><U111/><E111/><V109/><F109/><W13/><G84/><T20/><D74/><U53/><E53/><N who="0" m="20553" /><D77/><U116/><E116/><V98/><F98/><W65/><G78/><T58/><D58/><U14/><E14/><V7/><F38/><W104/><G13/><T28/><D44/><U114/><E114/><V129/><F129/><W54/><G45/><T83/><D83/><U66/><E66/><V49/><F15/><W50/><G80/><T6/><AGARI ba="1,1" hai="0,6,9,20,27,28,48,51" m="20553,34563" machi="6" ten="50,3200,0" yaku="20,1,54,1" doraHai="68,87" who="0" fromWho="0" sc="123,45,223,-9,256,-17,388,-9" /><INIT seed="7,0,0,0,0,43" ten="168,214,239,379" oya="3" hai0="47,61,2,18,9,93,35,124,62,22,13,102,113" hai1="4,108,101,73,27,127,72,97,115,80,24,49,54" hai2="40,75,100,122,63,23,20,5,11,36,98,86,106" hai3="135,16,128,64,125,10,132,131,110,15,81,126,53"/><W39/><G39/><T77/><D124/><N who="3" m="47721" /><G64/><T3/><D35/><U67/><E108/><V32/><F32/><W25/><G81/><T129/><D77/><U71/><E4/><V14/><F75/><W30/><G53/><T105/><D105/><U12/><E127/><V70/><F86/><W116/><G116/><T33/><D33/><U76/><E72/><V96/><F96/><W44/><G44/><T50/><D129/><N who="3" m="49737" /><G110/><T95/><D113/><U87/><E67/><N who="2" m="41343" /><F36/><W78/><G78/><T59/><D62/><U57/><E73/><V112/><F40/><W21/><AGARI ba="0,0" hai="10,15,16,21,25,30,132,135" m="49737,47721" machi="21" ten="40,18000,2" yaku="30,2,18,1,19,1,34,2,54,1" doraHai="43" who="3" fromWho="3" sc="168,-60,214,-60,239,-60,379,180" owari="108,-39.0,154,-25.0,179,-2.0,559,66.0" /></mjloggm>