<mjloggm ver="2.3"><GO type="169" lobby="0"/><UN n0="%E6%84%9B%E5%86%85%E9%87%8C%E8%8F%9C" n1="%E3%83%8F%E3%82%BF%E3%83%A2%E3%83%88%E3%83%92%E3%83%AD" n2="%54%4F%52" n3="%7A%6B%75%72%74" dan="18,17,16,17" rate="2166.63,2136.49,2173.99,2220.85" sx="F,M,M,M"/><TAIKYOKU oya="0"/><INIT seed="0,0,0,3,1,78" ten="250,250,250,250" oya="0" hai0="104,85,50,65,129,120,116,86,57,4,37,111,91" hai1="122,10,83,63,14,42,74,102,19,112,127,21,101" hai2="108,107,30,109,52,11,1,96,46,25,88,76,32" hai3="106,62,84,59,132,0,36,119,94,8,27,44,135"/><T60/><D116/><U128/><E122/><V55/><F76/><W115/><G106/><T31/><D120/><U133/><E128/><V126/><F107/><W80/><G115/><T40/><D37/><U53/><E42/><V117/><F117/><W90/><G119/><T29/><D104/><U69/><E133/><V61/><F126/><W43/><G27/><T71/><D129/><U70/><E70/><V33/><F33/><W56/><G56/><T125/><D125/><U41/><E41/><V79/><F79/><W17/><G0/><T5/><D111/><N who="2" m="42570" /><F46/><W95/><G8/><T124/><D124/><U20/><E74/><V81/><F61/><W67/><REACH who="3" step="1"/><G17/><REACH who="3" ten="250,250,250,240" step="2"/><T24/><D71/><U110/><E69/><V9/><F9/><W34/><G34/><T77/><D24/><U45/><E127/><V26/><F26/><W15/><G15/><T16/><D16/><U22/><E112/><V99/><F11/><W97/><G97/><N who="2" m="37449" /><F1/><W118/><G118/><T51/><D29/><U113/><E113/><V89/><F89/><W18/><G18/><T54/><D31/><U13/><E13/><V121/><F121/><W64/><G64/><T131/><D131/><U72/><E110/><V6/><F6/><N who="0" m="2666" /><D91/><U105/><E105/><V49/><F49/><W82/><G82/><T123/><D123/><U75/><E83/><V73/><F73/><W134/><AGARI ba="0,1" hai="36,43,44,59,62,67,80,84,90,94,95,132,134,135" machi="134" ten="30,8000,1" yaku="1,1,0,1,20,1,52,1,53,1" doraHai="78" doraHaiUra="38" who="3" fromWho="3" sc="250,-40,250,-20,250,-20,240,90" /><INIT seed="1,0,0,1,2,19" ten="210,230,230,330" oya="1" hai0="29,110,68,53,103,77,13,20,56,91,88,72,106" hai1="79,115,36,59,70,57,50,7,35,74,44,116,96" hai2="14,49,84,41,45,66,86,65,62,2,107,92,98" hai3="109,18,47,17,9,130,134,118,24,121,4,22,58"/><U46/><E35/><V23/><F2/><W28/><G121/><T30/><D68/><U12/><E115/><V101/><F107/><W40/><G109/><T38/><D38/><U61/><E116/><V112/><F112/><W43/><G118/><T104/><D110/><U42/><E74/><V133/><F133/><W82/><G134/><T63/><D77/><U126/><E79/><V15/><F66/><W48/><G130/><T135/><D72/><U83/><E83/><V80/><F86/><W39/><G82/><T1/><D1/><U93/><E126/><V111/><F111/><W85/><G85/><T37/><D37/><U123/><E61/><V113/><F113/><W27/><G27/><T54/><D103/><U52/><E70/><V60/><F60/><W124/><G124/><T95/><D91/><U105/><E105/><V102/><F102/><W16/><G58/><N who="0" m="35279" /><D104/><U0/><E0/><V108/><F23/><W51/><REACH who="3" step="1"/><G43/><REACH who="3" ten="210,230,230,320" step="2"/><T67/><D135/><U89/><REACH who="1" step="1"/><E123/><REACH who="1" ten="210,220,230,320" step="2"/><V119/><F108/><W3/><AGARI ba="0,2" hai="3,4,9,16,17,18,22,24,28,39,40,47,48,51" machi="3" ten="30,12000,2" yaku="1,1,2,1,0,1,52,1,54,1,53,1" doraHai="19" doraHaiUra="32" who="3" fromWho="3" sc="210,-30,220,-60,230,-30,320,140" /><INIT seed="2,0,0,2,1,97" ten="180,160,200,460" oya="2" hai0="74,38,105,23,115,67,52,15,83,94,117,132,28" hai1="80,127,66,85,20,21,48,75,99,36,24,65,69" hai2="68,120,72,64,107,90,98,88,92,31,1,49,3" hai3="62,109,111,103,70,61,77,26,91,84,5,29,89"/><V50/><F120/><W37/><G37/><T130/><D105/><U126/><E36/><V34/><F72/><W100/><G5/><T43/><D67/><N who="1" m="25611" /><E75/><V14/><F107/><W18/><G70/><T32/><D32/><U95/><E48/><V113/><F113/><W125/><G77/><T19/><D132/><U53/><E53/><V114/><F114/><W128/><G128/><T112/><D130/><U58/><E58/><V47/><F50/><W42/><G42/><T118/><D28/><U93/><E69/><V102/><F14/><W51/><G51/><T2/><D52/><U44/><E44/><V55/><F3/><W35/><G18/><T60/><D60/><N who="3" m="23145" /><G91/><T106/><D106/><U40/><E40/><V81/><F1/><W16/><G16/><T131/><D131/><U82/><E20/><V129/><F129/><W108/><G125/><N who="1" m="47626" /><E85/><V6/><F6/><W135/><G135/><T4/><D43/><U124/><E124/><V57/><F68/><W123/><G123/><T73/><D38/><U121/><E121/><V122/><F122/><W0/><G0/><T79/><D74/><U25/><E25/><V27/><REACH who="2" step="1"/><F81/><AGARI ba="0,0" hai="26,29,35,81,84,89,100,103,108,109,111" m="23145" machi="81" ten="30,3900,0" yaku="14,1,52,2" doraHai="97" who="3" fromWho="2" sc="180,0,160,0,200,-39,460,39" /><INIT seed="3,0,0,2,0,86" ten="180,160,161,499" oya="3" hai0="102,20,26,2,13,121,42,103,95,66,15,91,63" hai1="130,56,123,72,10,114,100,40,116,127,115,107,54" hai2="9,119,23,6,12,85,50,118,78,135,14,77,5" hai3="0,84,98,75,22,71,28,88,105,1,125,106,69"/><W3/><G75/><T94/><D121/><U76/><E40/><V112/><F112/><W24/><G125/><T82/><D82/><U80/><E123/><V36/><F36/><W96/><G96/><T108/><D2/><U18/><E130/><V37/><F37/><W68/><REACH who="3" step="1"/><G98/><REACH who="3" ten="180,160,161,489" step="2"/><T57/><D102/><U16/><E127/><V55/><F119/><W58/><G58/><T33/><D57/><U53/><E56/><V11/><F118/><W109/><G109/><T67/><D103/><U27/><E100/><V60/><F135/><W128/><G128/><T124/><D108/><U104/><E116/><V8/><F60/><W59/><G59/><T41/><D63/><U43/><E115/><V65/><F65/><W29/><G29/><T51/><D124/><U62/><E62/><V52/><F85/><W97/><G97/><T134/><D134/><U83/><E114/><V99/><F99/><W7/><G7/><T126/><D126/><U39/><E72/><V46/><F6/><W73/><G73/><T79/><D66/><U64/><E64/><V17/><REACH who="2" step="1"/><F55/><REACH who="2" ten="180,160,151,489" step="2"/><W48/><G48/><T122/><D51/><U113/><E53/><V117/><F117/><W111/><G111/><T34/><D67/><U38/><E54/><V32/><F32/><W21/><G21/><T89/><D20/><U47/><E113/><V81/><F81/><AGARI ba="0,2" hai="0,1,3,22,24,28,68,69,71,81,84,88,105,106" machi="81" ten="50,9600,0" yaku="1,1,52,1,54,1,53,0" doraHai="86" doraHaiUra="4" who="3" fromWho="2" sc="180,0,160,0,151,-96,489,116" /><INIT seed="3,1,0,3,1,105" ten="180,160,55,605" oya="3" hai0="133,67,11,27,99,22,131,114,100,51,50,68,73" hai1="117,0,37,115,29,52,53,96,130,76,46,81,113" hai2="44,128,30,47,4,104,1,91,19,18,94,84,41" hai3="60,125,89,129,93,85,39,42,87,77,45,34,112"/><W95/><G112/><T78/><D133/><U38/><E130/><V8/><F128/><W121/><G121/><T49/><D114/><U92/><E117/><V26/><F104/><W75/><G129/><T80/><D131/><U123/><E123/><V2/><F2/><W23/><G34/><T127/><D127/><U65/><E65/><V106/><F106/><W72/><G125/><T107/><D11/><U132/><E132/><V98/><F98/><W119/><G119/><T54/><D67/><U118/><E118/><V71/><F71/><W5/><G5/><T82/><D82/><U111/><E111/><V33/><REACH who="2" step="1"/><F47/><REACH who="2" ten="180,160,45,605" step="2"/><W90/><G77/><T61/><D68/><U57/><E0/><V13/><F13/><W36/><G36/><AGARI ba="1,1" hai="1,4,8,18,19,26,30,33,36,41,44,84,91,94" machi="36" ten="30,2000,0" yaku="1,1,7,1,53,0" doraHai="105" doraHaiUra="120" who="2" fromWho="3" sc="180,0,160,0,45,33,605,-23" /><INIT seed="4,0,0,0,5,66" ten="180,160,78,582" oya="0" hai0="124,93,10,60,11,67,99,70,0,8,37,9,32" hai1="100,74,73,21,94,18,33,16,84,108,29,133,44" hai2="105,30,82,36,15,72,78,12,41,80,28,122,50" hai3="88,46,123,83,40,103,24,112,76,110,47,54,57"/><T20/><D124/><U22/><E108/><V7/><F36/><W61/><G110/><T79/><D37/><U90/><E133/><V86/><F105/><W102/><G112/><T106/><D32/><U92/><E29/><V125/><F122/><W128/><G128/><T129/><D129/><U89/><E100/><V114/><F114/><W4/><G4/><T62/><D79/><U98/><E44/><V53/><F41/><W111/><G111/><T117/><D117/><U96/><E84/><V64/><F64/><W48/><G123/><T63/><D20/><U58/><E58/><V87/><F72/><W109/><G109/><T56/><D106/><U1/><E1/><V132/><F132/><W25/><G47/><T65/><D60/><U113/><E113/><V3/><F3/><W39/><G39/><T5/><REACH who="0" step="1"/><D9/><REACH who="0" ten="170,160,78,582" step="2"/><U45/><E45/><V101/><F125/><W120/><G120/><T115/><D115/><U35/><AGARI ba="0,1" hai="16,18,21,22,33,35,73,74,89,90,92,94,96,98" machi="35" ten="25,6400,0" yaku="0,1,22,2,54,1" doraHai="66" who="1" fromWho="1" sc="170,-32,160,74,78,-16,582,-16" /><INIT seed="5,0,0,5,0,95" ten="138,234,62,566" oya="1" hai0="110,116,45,41,6,88,121,46,10,113,127,26,49" hai1="93,85,115,34,75,94,70,72,124,48,119,97,51" hai2="16,47,55,79,76,84,7,114,133,86,118,131,5" hai3="58,60,81,37,134,100,29,96,83,108,125,112,24"/><U92/><E70/><V101/><F118/><W99/><G108/><T63/><D113/><U61/><E119/><V27/><F133/><W40/><G112/><T117/><D110/><U123/><E123/><V65/><F114/><W68/><G68/><T103/><D127/><U78/><E34/><V43/><F131/><W98/><G100/><T15/><D121/><U54/><E61/><V87/><F65/><W11/><G11/><T33/><D63/><U57/><E115/><V135/><F55/><W20/><G125/><T111/><D111/><U109/><E109/><V62/><F62/><W128/><G128/><T0/><D0/><U9/><E75/><V56/><F56/><W74/><G74/><T132/><D103/><N who="1" m="60839" /><E72/><V3/><F3/><W64/><G134/><T30/><D132/><U35/><E35/><V4/><F101/><W77/><G77/><T105/><D105/><U59/><E9/><V90/><F90/><W129/><G129/><T52/><REACH who="0" step="1"/><D88/><REACH who="0" ten="128,234,62,566" step="2"/><N who="1" m="53391" /><E124/><V73/><F135/><W69/><G69/><T122/><D122/><U32/><E78/><V89/><F89/><W42/><G37/><AGARI ba="0,1" hai="6,10,15,26,30,33,37,41,45,46,49,52,116,117" machi="37" ten="30,3900,0" yaku="1,1,7,1,54,1,53,0" doraHai="95" doraHaiUra="13" who="0" fromWho="3" sc="128,49,234,0,62,0,566,-39" /><INIT seed="6,0,0,3,3,82" ten="177,234,62,527" oya="2" hai0="27,107,54,41,4,77,106,17,102,116,134,113,1" hai1="60,87,98,76,58,105,33,114,62,55,66,14,84" hai2="73,117,65,7,59,89,63,88,125,110,23,79,81" hai3="2,11,95,101,75,135,47,53,74,5,25,96,70"/><V28/><F117/><W37/><G70/><T90/><D116/><U86/><E33/><V91/><F125/><W50/><G135/><T8/><D134/><U132/><E132/><V43/><F110/><W119/><G119/><T115/><D77/><U44/><E114/><N who="0" m="43529" /><D102/><U52/><E105/><V19/><F7/><W21/><G37/><T26/><D41/><U12/><E98/><V46/><F28/><AGARI ba="0,0" hai="2,5,11,21,25,28,47,50,53,74,75,95,96,101" machi="28" ten="30,1000,0" yaku="7,1" doraHai="82" who="3" fromWho="2" sc="177,0,234,0,62,-10,527,10" /><INIT seed="7,0,0,3,3,31" ten="177,234,52,537" oya="3" hai0="68,10,113,25,78,87,15,65,79,60,59,98,93" hai1="43,73,62,83,117,92,111,89,76,124,81,72,0" hai2="128,40,21,26,135,38,14,84,105,55,29,71,130" hai3="122,134,16,69,51,119,70,129,106,107,74,3,91"/><W23/><G122/><T101/><D68/><U18/><E0/><V120/><F105/><W49/><G119/><T48/><D113/><U8/><E111/><V127/><F71/><W37/><G37/><T118/><D118/><U13/><E124/><V34/><F40/><W121/><G74/><T112/><D112/><U33/><E33/><N who="2" m="20663" /><F55/><W56/><G3/><T54/><D25/><U57/><E43/><V67/><F84/><W88/><G56/><T115/><D115/><U58/><E117/><V4/><F67/><W41/><G41/><T53/><D87/><U131/><E131/><N who="2" m="50219" /><F38/><W50/><G129/><T97/><D97/><U17/><E17/><N who="2" m="10423" /><F120/><W39/><G39/><T66/><D66/><U133/><E133/><V132/><F4/><W82/><G134/><N who="2" m="51241" /><F34/><W30/><G121/><T102/><D102/><U126/><E83/><V85/><F85/><W80/><G30/><T20/><D20/><U96/><E58/><V125/><AGARI ba="0,0" hai="125,127" m="51241,10423,50219,20663" machi="125" ten="40,12000,2" yaku="30,2,19,1,20,1,34,2,52,1" doraHai="31" who="2" fromWho="2" sc="177,-30,234,-30,52,120,537,-60" owari="147,-35.0,204,0.0,172,-23.0,477,58.0" /></mjloggm>