<mjloggm ver="2.3"><GO type="185" lobby="0"/><UN n0="%E3%81%82%E3%81%9F%E3%82%89%E3%81%AA%E3%81%84%E3%81%A7%EF%BC%81" n1="%E7%81%AB%E6%98%9F%E3%81%AE%E7%8A%AC" n2="%E3%81%B6%E3%82%8B%E3%81%AF%E3%81%A4" n3="" dan="17,16,16,0" rate="2195.81,2208.13,2146.28,1500.00" sx="M,M,M,C"/><TAIKYOKU oya="0"/><INIT seed="0,0,0,0,3,38" ten="350,350,350,0" oya="0" hai0="32,34,93,37,68,124,74,53,52,61,111,69,48" hai1="65,49,73,78,114,109,57,80,88,44,90,121,79" hai2="101,46,134,51,86,83,58,92,102,60,35,129,41" hai3=""/><T89/><D74/><U64/><N who="1" m="31008" /><U100/><E114/><V3/><F3/><T127/><D37/><U42/><E109/><V50/><F35/><T118/><D118/><U94/><E79/><V123/><N who="2" m="31520" /><V128/><F134/><T76/><D76/><U0/><E0/><V105/><F105/><T39/><D39/><U84/><E100/><V55/><F60/><T130/><D130/><N who="2" m="50282" /><F92/><T120/><N who="0" m="30752" /><T45/><D111/><U71/><E71/><V36/><F36/><T110/><D110/><U2/><E2/><V62/><F62/><T54/><D68/><U113/><E113/><V104/><F104/><T1/><D1/><U77/><E77/><AGARI ba="0,0" hai="41,46,50,51,55,58,77,83,86,101,102" m="50282,31520" machi="77" ten="30,3900,0" yaku="19,1,52,2" doraHai="38" who="2" fromWho="1" sc="350,0,350,-39,350,39,0,0" /><INIT seed="1,0,0,2,0,100" ten="350,311,389,0" oya="1" hai0="2,59,62,91,125,84,85,113,47,118,55,64,45" hai1="74,94,86,108,42,133,71,1,68,43,32,77,49" hai2="121,75,54,102,116,93,35,105,46,58,92,53,40" hai3=""/><U124/><E1/><V109/><N who="2" m="31008" /><V36/><F35/><T61/><D113/><U132/><E32/><V128/><F116/><T79/><D2/><U82/><E124/><V112/><F112/><T80/><D125/><U127/><E127/><V52/><F75/><T117/><D117/><U78/><E43/><V0/><F0/><T107/><D107/><U97/><E108/><V66/><F109/><T87/><D118/><U129/><E129/><V83/><F83/><T106/><D106/><U89/><E78/><V115/><F115/><T131/><D131/><U34/><E34/><V37/><F37/><T126/><D126/><U76/><E76/><V95/><F128/><T69/><D87/><U41/><E74/><V104/><REACH who="2" step="1"/><F102/><REACH who="2" ten="350,311,379,0" step="2"/><T111/><D111/><U96/><E82/><AGARI ba="0,1" hai="45,47,55,59,61,62,64,69,79,80,82,84,85,91" machi="82" ten="30,1000,0" yaku="7,1" doraHai="100" who="0" fromWho="1" sc="350,20,311,-10,379,0,0,0" /><INIT seed="2,0,0,2,1,55" ten="370,301,379,0" oya="2" hai0="43,33,82,58,105,104,84,68,114,113,96,128,78" hai1="73,129,44,102,57,134,90,88,87,108,40,86,106" hai2="110,52,45,1,101,109,34,71,97,0,117,61,69" hai3=""/><V70/><F34/><T118/><D68/><U89/><E108/><N who="2" m="41579" /><F117/><T53/><D33/><U60/><E73/><V100/><F45/><T83/><D118/><U65/><E134/><V103/><F97/><T41/><D128/><U123/><N who="1" m="31520" /><U124/><E129/><V50/><F50/><T112/><D83/><U119/><E119/><V79/><F79/><T92/><D41/><U3/><E3/><N who="2" m="1099" /><F52/><T76/><D43/><U38/><E124/><V98/><F98/><T130/><D130/><U67/><E106/><V122/><N who="2" m="31264" /><V125/><F125/><T42/><D42/><U35/><E35/><V46/><F46/><T126/><D126/><U48/><E102/><V93/><F93/><T59/><D78/><U66/><E38/><V115/><F115/><T111/><D111/><U63/><E67/><AGARI ba="0,0" hai="61,67,69,70,71,100,101,103" m="31264,1099,41579" machi="67" ten="40,7700,0" yaku="14,1,10,1,52,1" doraHai="55" who="2" fromWho="1" sc="370,0,301,-77,379,77,0,0" /><INIT seed="2,1,0,3,0,0" ten="370,224,456,0" oya="2" hai0="109,111,84,3,38,118,87,37,44,78,41,95,74" hai1="75,120,56,97,47,52,48,110,83,77,67,104,123" hai2="32,115,72,106,108,121,46,69,1,94,100,112,63" hai3=""/><V40/><F1/><T71/><D71/><U119/><N who="1" m="30752" /><U81/><N who="1" m="31520" /><U127/><E110/><N who="0" m="41993" /><D3/><U36/><E127/><V62/><N who="2" m="31008" /><V99/><F108/><T55/><D118/><U80/><E119/><V2/><F2/><T58/><D37/><U98/><E104/><V54/><F72/><T64/><D64/><U65/><E75/><V33/><F106/><T102/><D74/><U70/><E77/><V85/><F85/><T89/><D78/><U50/><E67/><V134/><F134/><T86/><D102/><U96/><E36/><V130/><F130/><T131/><D131/><U76/><E76/><V93/><F93/><T45/><D45/><U125/><E125/><V88/><F100/><T91/><D95/><U132/><E132/><V124/><F124/><T103/><D103/><U114/><E114/><V133/><F133/><T82/><D82/><U101/><E101/><V51/><F69/><T42/><D42/><U34/><E70/><V60/><REACH who="2" step="1"/><F40/><REACH who="2" ten="370,224,446,0" step="2"/><T79/><D79/><U105/><E105/><V43/><F43/><T117/><D117/><U135/><E135/><V61/><N who="2" m="15360" /><DORA hai="122" /><V126/><F126/><T35/><D87/><U73/><E73/><V53/><F53/><T92/><D86/><RYUUKYOKU ba="1,1" sc="370,-10,224,-10,446,20,0,0" hai2="32,33,46,51,54,88,94,99,112,115" /><INIT seed="2,2,1,1,1,34" ten="360,214,466,0" oya="2" hai0="132,64,44,130,116,54,75,123,106,35,121,96,94" hai1="79,40,131,33,66,107,103,80,85,114,92,89,76" hai2="65,109,72,51,73,135,82,120,129,118,112,128,58" hai3=""/><V97/><F118/><T68/><N who="0" m="31008" /><T2/><N who="0" m="31520" /><T55/><D116/><U50/><E33/><V134/><N who="2" m="30752" /><V113/><F109/><T63/><D2/><U36/><E114/><N who="2" m="44139" /><F82/><T115/><D115/><U42/><E131/><N who="2" m="50251" /><F97/><T78/><D35/><U127/><E127/><V93/><F93/><T91/><D130/><U83/><E36/><V124/><F124/><T95/><D106/><U74/><E66/><V56/><F51/><T101/><D132/><N who="2" m="50730" /><F65/><T100/><D95/><U77/><E50/><V61/><F61/><T52/><REACH who="0" step="1"/><D44/><REACH who="0" ten="350,214,466,0" step="2"/><U60/><E107/><V69/><F69/><T98/><D98/><U111/><E92/><V49/><F49/><T84/><D84/><U59/><E85/><V87/><F87/><T48/><D48/><U38/><E60/><V108/><F108/><T99/><D99/><U133/><E111/><V117/><F117/><T125/><D125/><U45/><E133/><V0/><F0/><T88/><D88/><U105/><E89/><V46/><F46/><T53/><N who="0" m="13312" /><DORA hai="67" /><T39/><D39/><U110/><E38/><V57/><AGARI ba="2,2" hai="56,57,58,72,73" m="50730,50251,44139,30752" machi="57" ten="40,8000,1" yaku="28,2,19,1,20,1,52,1" doraHai="34,67" who="2" fromWho="2" sc="350,-42,214,-42,466,104,0,0" /><INIT seed="2,3,0,1,4,122" ten="308,172,570,0" oya="2" hai0="52,104,47,78,118,55,77,119,81,89,130,92,53" hai1="62,36,49,80,107,44,60,135,41,113,93,72,105" hai2="1,114,97,121,67,63,42,133,2,79,45,38,116" hai3=""/><V3/><N who="2" m="31008" /><V115/><F116/><T82/><D104/><U48/><E113/><V68/><F133/><T129/><D47/><U126/><E135/><V33/><F79/><N who="0" m="30218" /><D89/><U88/><E126/><V65/><F65/><T75/><D92/><U39/><E72/><V95/><REACH who="2" step="1"/><F33/><REACH who="2" ten="308,172,560,0" step="2"/><T109/><D75/><U127/><E127/><V100/><AGARI ba="3,1" hai="1,2,3,38,42,45,63,67,68,95,97,100,114,115" m="31008" machi="100" ten="30,7800,0" yaku="1,1,2,1,0,1,52,1,53,0" doraHai="122" doraHaiUra="83" who="2" fromWho="2" sc="308,-42,172,-42,560,94,0,0" /><INIT seed="2,4,0,3,4,77" ten="266,130,654,0" oya="2" hai0="48,2,87,99,124,120,63,79,95,115,94,119,111" hai1="84,33,0,70,130,128,41,113,134,42,74,85,102" hai2="122,59,58,105,56,68,100,93,73,112,125,106,88" hai3=""/><V37/><N who="2" m="31264" /><V97/><F68/><T43/><N who="0" m="30752" /><T81/><D2/><U55/><E0/><V1/><F1/><T132/><D119/><U71/><E33/><V117/><F112/><T53/><D115/><U69/><E74/><V39/><F117/><T135/><D124/><U47/><E113/><V66/><F73/><T36/><D111/><U51/><E134/><V3/><F3/><T67/><D43/><U44/><E102/><V62/><F125/><T54/><D36/><U127/><E127/><V32/><F32/><T35/><D35/><U34/><E34/><V103/><F103/><T46/><D54/><U123/><N who="1" m="31520" /><U80/><E85/><V83/><F83/><T76/><D76/><U104/><E104/><V91/><F106/><T72/><D72/><U108/><E108/><V92/><F105/><T57/><REACH who="0" step="1"/><D94/><REACH who="0" ten="256,130,654,0" step="2"/><U110/><E110/><V45/><F37/><T98/><D98/><U65/><E41/><V75/><F75/><T50/><D50/><U61/><E42/><V121/><N who="2" m="31008" /><V38/><F38/><T116/><D116/><U90/><REACH who="1" step="1"/><E44/><REACH who="1" ten="256,120,654,0" step="2"/><V60/><F45/><T114/><D114/><U40/><E40/><V49/><F39/><T133/><D133/><U109/><E109/><RYUUKYOKU ba="4,2" sc="256,10,120,10,654,-20,0,0" hai0="46,48,53,57,63,67,79,81,87,95,99,132,135" hai1="47,51,55,61,65,69,70,71,80,84,90,128,130" /><INIT seed="4,5,2,4,3,89" ten="266,130,634,0" oya="0" hai0="41,54,100,129,50,77,83,60,42,126,119,66,110" hai1="32,34,131,108,74,51,114,67,59,61,92,71,98" hai2="87,118,43,46,68,128,82,104,79,64,116,132,56" hai3=""/><T99/><D119/><N who="2" m="45610" /><F104/><T1/><D1/><U38/><E38/><V36/><F128/><T2/><D2/><U115/><E131/><V62/><F132/><T72/><D129/><U105/><E74/><V78/><F78/><T125/><D110/><U111/><E105/><V58/><AGARI ba="5,2" hai="36,43,46,56,58,62,64,68,79,82,87" m="45610" machi="58" ten="30,800,0" yaku="12,1" doraHai="89" who="2" fromWho="2" sc="266,-10,130,-8,634,38,0,0" /><INIT seed="5,0,0,5,5,125" ten="256,122,672,0" oya="1" hai0="1,120,93,43,92,132,121,38,109,76,96,94,97" hai1="83,133,129,59,39,116,126,103,98,84,123,57,52" hai2="110,77,70,3,74,40,100,112,34,67,91,33,90" hai3=""/><U107/><N who="1" m="31520" /><U2/><E2/><V44/><F110/><T73/><N who="0" m="30752" /><T75/><N who="0" m="31008" /><T62/><D1/><U65/><E126/><V119/><F3/><T66/><D109/><U50/><E129/><V80/><F119/><T78/><D132/><U102/><E116/><V46/><F112/><T124/><D124/><U87/><E133/><V86/><F100/><T71/><D43/><U89/><E39/><V32/><F32/><T45/><D45/><U55/><E65/><V56/><F70/><T47/><D47/><U131/><E131/><V41/><F44/><T61/><D61/><U85/><REACH who="1" step="1"/><E103/><REACH who="1" ten="256,112,672,0" step="2"/><V134/><F134/><T113/><D113/><U128/><E128/><V37/><F33/><T114/><D114/><U81/><E81/><V0/><F34/><T104/><D38/><U35/><E35/><V135/><F0/><T118/><D118/><U108/><E108/><V72/><F135/><T95/><D66/><U48/><AGARI ba="0,1" hai="48,50,52,55,57,59,83,84,85,87,89,98,102,107" m="31520" machi="48" ten="20,12000,2" yaku="1,1,0,1,7,1,9,1,52,1,54,1,53,0" doraHai="125" doraHaiUra="64" who="1" fromWho="1" sc="256,-60,112,130,672,-60,0,0" /><INIT seed="5,1,0,5,2,101" ten="196,242,612,0" oya="1" hai0="94,1,111,86,79,135,59,82,106,83,121,3,41" hai1="76,130,78,91,98,124,73,80,84,81,34,107,129" hai2="102,46,75,38,113,64,90,123,67,115,114,32,61" hai3=""/><U120/><N who="1" m="30752" /><U49/><E34/><V100/><N who="2" m="31520" /><V72/><F32/><T103/><N who="0" m="31008" /><T133/><D111/><U99/><E49/><V60/><F38/><T70/><D70/><U63/><E63/><N who="2" m="24139" /><F46/><T125/><D125/><U62/><E62/><V57/><F57/><T77/><D41/><U126/><E99/><V47/><F47/><T52/><D94/><U105/><E98/><V45/><F90/><T108/><D108/><U92/><E126/><V132/><F45/><T39/><D39/><U128/><E124/><V55/><F55/><T35/><D35/><U50/><REACH who="1" step="1"/><E50/><REACH who="1" ten="196,232,612,0" step="2"/><V134/><F102/><T96/><D1/><U97/><AGARI ba="1,1" hai="73,76,78,80,81,84,91,92,97,105,107,128,129,130" m="30752" machi="97" ten="30,24000,4" yaku="1,1,2,1,0,1,19,1,34,3,52,3,53,1" doraHai="101" doraHaiUra="119" who="1" fromWho="1" sc="196,-121,232,252,612,-121,0,0" /><INIT seed="5,2,0,1,0,74" ten="75,484,491,0" oya="1" hai0="129,34,114,48,126,87,85,99,82,37,70,84,3" hai1="92,105,49,39,116,112,57,88,55,33,125,76,108" hai2="51,100,109,41,43,124,123,40,56,36,52,113,122" hai3=""/><U69/><E33/><V89/><N who="2" m="31264" /><V62/><N who="2" m="31520" /><V121/><N who="2" m="31008" /><V79/><F109/><T128/><D48/><U94/><E116/><V131/><F131/><T118/><D99/><U44/><E108/><V83/><F124/><T80/><D80/><U63/><E125/><V50/><F113/><T32/><D82/><U72/><E112/><V38/><F100/><T134/><D84/><U103/><E105/><V54/><F89/><T120/><D85/><U1/><E1/><V68/><F83/><T67/><D87/><U93/><E103/><V101/><F101/><T106/><D67/><U117/><E117/><V45/><F79/><T71/><D32/><U0/><E0/><V77/><F77/><T104/><D104/><U132/><E132/><V97/><F97/><T81/><D81/><U2/><E2/><V127/><F127/><T86/><D86/><U53/><E76/><V61/><F61/><T102/><D102/><U111/><E111/><V78/><F78/><T35/><D35/><U64/><E72/><V42/><N who="2" m="10240" /><DORA hai="98" /><V96/><F96/><T75/><D129/><U95/><E95/><V65/><AGARI ba="2,0" hai="36,38,45,50,51,52,54,56,62,65,68" m="10240,31008,31520,31264" machi="65" ten="40,18000,4" yaku="0,1,35,6,52,3,54,1" doraHai="74,98" who="2" fromWho="2" sc="75,-62,484,-122,491,184,0,0" /><INIT seed="6,0,0,5,4,72" ten="13,362,675,0" oya="2" hai0="115,84,103,95,65,41,48,99,36,69,70,90,107" hai1="108,35,38,116,109,131,92,96,74,55,3,122,39" hai2="97,60,56,34,102,78,2,98,83,104,91,133,54" hai3=""/><V44/><F2/><T85/><D36/><U64/><E64/><V135/><F34/><T37/><D37/><U0/><E92/><V73/><F44/><T86/><D69/><U53/><E96/><V100/><F91/><T113/><D65/><U32/><N who="1" m="31264" /><U105/><E105/><AGARI ba="0,0" hai="54,56,60,73,78,83,97,98,100,102,104,105,133,135" machi="105" ten="40,3900,0" yaku="9,1,52,1" doraHai="72" who="2" fromWho="1" sc="13,0,362,-39,675,39,0,0" owari="13,-59.0,323,-8.0,714,67.0,0,0.0" /></mjloggm>