<mjloggm ver="2.3"><GO type="185" lobby="0"/><UN n0="%E3%82%B5%E3%83%B3%E3%83%9E%E6%BC%81%E5%B8%AB%4B" n1="%E3%82%A2%E3%83%AA%E3%82%A2%E3%83%AA%E5%90%9B" n2="%6E%69%6B%6F%6C%75%30%33" n3="" dan="17,16,17,0" rate="2246.86,2205.07,2277.61,1500.00" sx="M,M,M,C"/><TAIKYOKU oya="0"/><INIT seed="0,0,0,4,5,40" ten="350,350,350,0" oya="0" hai0="1,54,125,46,110,74,118,81,134,77,113,133,109" hai1="124,87,55,0,67,91,82,48,3,59,45,105,129" hai2="43,90,36,33,51,92,84,122,61,75,37,97,80" hai3=""/><T42/><D1/><U76/><E129/><V71/><N who="2" m="31264" /><V121/><N who="2" m="31008" /><V53/><F33/><T104/><D113/><U107/><E124/><V115/><F115/><T120/><N who="0" m="30752" /><T57/><D104/><U88/><E0/><V50/><F75/><T52/><D125/><U56/><E3/><V119/><F119/><T131/><D131/><U135/><E135/><N who="0" m="51721" /><D118/><U96/><E107/><V66/><F43/><T126/><D126/><U62/><E105/><V44/><REACH who="2" step="1"/><F51/><REACH who="2" ten="350,350,340,0" step="2"/><T64/><D64/><U39/><E39/><V89/><AGARI ba="0,1" hai="36,37,44,50,53,61,66,71,80,84,89,90,92,97" m="31008,31264" machi="89" ten="20,9000,2" yaku="1,1,2,1,0,1,7,1,52,3,53,0" doraHai="40" doraHaiUra="100" who="2" fromWho="2" sc="350,-60,350,-30,340,100,0,0" /><INIT seed="1,0,0,5,5,85" ten="290,320,440,0" oya="1" hai0="89,76,103,48,74,106,86,66,112,111,51,39,110" hai1="84,45,119,98,124,58,49,35,81,37,52,105,38" hai2="116,0,75,125,115,82,41,130,80,88,47,101,126" hai3=""/><U114/><E35/><V55/><F116/><T94/><D39/><U77/><E119/><V2/><F130/><T120/><N who="0" m="30752" /><T133/><D66/><U65/><E114/><V54/><F115/><T92/><D112/><U56/><E124/><N who="2" m="47723" /><F101/><T83/><D94/><U122/><N who="1" m="31264" /><U107/><E107/><V100/><F100/><T96/><REACH who="0" step="1"/><D133/><REACH who="0" ten="280,320,440,0" step="2"/><U61/><E105/><V40/><F0/><T127/><D127/><U90/><REACH who="1" step="1"/><E45/><REACH who="1" ten="280,310,440,0" step="2"/><V42/><F47/><T104/><D104/><U132/><E132/><V36/><F2/><T73/><D73/><U72/><E72/><V3/><F3/><T32/><D32/><U99/><E99/><V91/><F75/><T128/><D128/><U109/><E109/><AGARI ba="0,2" hai="48,51,74,76,83,86,89,92,96,103,106,109,110,111" m="30752" machi="109" ten="40,12000,2" yaku="1,1,24,2,14,1,52,2,53,0" doraHai="85" doraHaiUra="108" who="0" fromWho="1" sc="280,140,310,-120,440,0,0,0" /><INIT seed="2,0,0,1,0,97" ten="420,190,440,0" oya="2" hai0="79,68,91,122,66,83,81,51,34,37,46,73,0" hai1="41,59,88,53,87,65,72,130,93,120,78,77,125" hai2="32,33,60,90,49,123,102,35,98,114,56,48,109" hai3=""/><V71/><N who="2" m="31520" /><V135/><F114/><T74/><N who="0" m="31264" /><T104/><D34/><U105/><N who="1" m="30752" /><U134/><E130/><V64/><F135/><T62/><D104/><U61/><E134/><V92/><F109/><T103/><D0/><U89/><E125/><V106/><REACH who="2" step="1"/><F71/><REACH who="2" ten="420,190,430,0" step="2"/><T124/><D68/><U99/><E72/><V75/><F75/><T127/><D74/><U132/><E132/><V128/><F128/><T45/><D127/><U3/><E3/><V96/><AGARI ba="0,1" hai="32,33,35,48,49,56,60,64,90,92,96,98,102,106" m="31520" machi="96" ten="40,8000,1" yaku="1,1,0,1,52,2,53,0" doraHai="97" doraHaiUra="39" who="2" fromWho="2" sc="420,-40,190,-40,430,90,0,0" /><INIT seed="2,1,0,5,5,110" ten="380,150,520,0" oya="2" hai0="69,99,68,75,91,97,3,119,50,44,79,36,72" hai1="58,130,82,2,40,42,129,108,41,34,35,93,118" hai2="81,111,98,65,76,125,114,45,100,0,49,121,32" hai3=""/><V54/><N who="2" m="31008" /><V134/><F32/><T70/><D3/><U89/><E2/><V86/><F0/><T74/><D36/><U109/><E118/><V61/><F111/><N who="1" m="42569" /><E82/><V84/><F125/><T77/><D119/><U33/><E58/><V112/><F86/><AGARI ba="1,0" hai="33,34,35,40,41,42,86,89,93,129,130" m="42569" machi="86" ten="40,1300,0" yaku="14,1" doraHai="110" who="1" fromWho="2" sc="380,0,150,15,520,-15,0,0" /><INIT seed="4,0,0,1,4,122" ten="380,165,505,0" oya="0" hai0="96,94,126,125,93,112,58,91,116,62,83,111,43" hai1="108,127,37,36,87,39,124,90,85,95,46,92,53" hai2="123,45,2,82,106,107,128,74,99,65,69,88,57" hai3=""/><T110/><D116/><U75/><E75/><V100/><N who="2" m="31520" /><V68/><F2/><T135/><D112/><U32/><E32/><V56/><F107/><T59/><D135/><U33/><E33/><V1/><F1/><T51/><D83/><U61/><E61/><V103/><F103/><T54/><D94/><U66/><E66/><V105/><F106/><T89/><D89/><U71/><E71/><V114/><F114/><T73/><D73/><U119/><E119/><V76/><F128/><T109/><D43/><U121/><N who="1" m="31008" /><U129/><E129/><V113/><F113/><T70/><D70/><U52/><E108/><V49/><F69/><T101/><D101/><U42/><E87/><V134/><F134/><T86/><D86/><U63/><E95/><V40/><F88/><T55/><AGARI ba="0,0" hai="51,54,55,58,59,62,91,93,96,109,110,111,125,126" machi="55" ten="40,8000,1" yaku="0,1,10,1,52,3" doraHai="122" who="0" fromWho="0" sc="380,80,165,-40,505,-40,0,0" /><INIT seed="4,1,0,0,4,37" ten="460,125,465,0" oya="0" hai0="0,115,114,61,112,98,104,133,81,130,45,134,67" hai1="86,79,74,64,99,65,124,3,88,108,100,129,43" hai2="63,94,135,109,68,72,35,78,62,96,128,118,52" hai3=""/><T40/><D0/><U53/><E3/><V76/><F109/><T77/><D104/><U111/><E129/><V70/><F35/><T93/><D130/><U126/><E74/><V107/><F107/><T92/><D81/><U116/><E79/><V49/><F128/><T41/><D77/><U75/><E75/><V57/><F135/><N who="0" m="51722" /><D45/><U80/><E116/><V89/><F118/><T50/><D50/><U95/><E53/><V123/><N who="2" m="31520" /><V47/><F72/><T55/><D55/><U90/><E100/><V69/><REACH who="2" step="1"/><F63/><REACH who="2" ten="460,125,455,0" step="2"/><T97/><D97/><U91/><E108/><V121/><N who="2" m="31008" /><V106/><F106/><T56/><D93/><U34/><E111/><V51/><F51/><T58/><D58/><U36/><E34/><V66/><AGARI ba="1,1" hai="47,49,52,57,62,66,68,69,70,76,78,89,94,96" m="31008,31520" machi="66" ten="30,6000,1" yaku="1,1,0,1,52,2,54,1,53,0" doraHai="37" doraHaiUra="131" who="2" fromWho="2" sc="460,-41,125,-21,455,72,0,0" /><INIT seed="5,0,0,3,0,79" ten="419,104,527,0" oya="1" hai0="89,3,56,125,109,115,103,128,51,85,42,77,105" hai1="100,69,120,99,98,130,123,59,50,106,95,0,53" hai2="121,102,94,64,135,87,117,47,110,122,131,81,78" hai3=""/><U1/><N who="1" m="30752" /><U67/><N who="1" m="31520" /><U127/><E130/><V119/><N who="2" m="31008" /><V37/><N who="2" m="31264" /><V55/><F110/><T93/><D109/><U116/><E116/><V66/><F131/><T108/><D108/><U104/><E127/><V65/><F135/><T86/><D3/><U44/><E69/><V83/><F83/><T97/><D128/><U126/><E126/><V132/><F132/><T40/><D125/><U112/><E112/><V133/><F133/><T61/><D115/><U124/><E124/><V33/><F33/><T63/><D63/><U58/><E104/><V88/><F102/><T57/><D57/><U74/><E74/><V49/><REACH who="2" step="1"/><F37/><REACH who="2" ten="419,104,517,0" step="2"/><T34/><D34/><U54/><E67/><V101/><F101/><T71/><D71/><U113/><E113/><V114/><F114/><T92/><D51/><U45/><E1/><V41/><F41/><T48/><D48/><U129/><E129/><V32/><F32/><T134/><D134/><U46/><E0/><V91/><F91/><T84/><D77/><U80/><E80/><V2/><F2/><T35/><D35/><U96/><REACH who="1" step="1"/><E106/><REACH who="1" ten="419,94,517,0" step="2"/><V107/><F107/><T68/><D68/><U70/><E70/><V39/><F39/><T118/><D118/><RYUUKYOKU ba="0,2" sc="419,-20,94,10,517,10,0,0" hai1="44,45,46,50,53,54,58,59,95,96,98,99,100" hai2="47,49,55,64,65,66,78,81,87,88,94,117,119" /><INIT seed="5,1,2,2,3,124" ten="399,104,527,0" oya="1" hai0="37,60,93,44,102,104,121,120,53,86,43,50,130" hai1="109,129,92,41,47,77,36,84,89,127,91,123,90" hai2="128,80,51,74,35,32,95,52,70,99,61,79,76" hai3=""/><U88/><N who="1" m="31520" /><U107/><E127/><V110/><F128/><T116/><N who="0" m="30752" /><T97/><N who="0" m="31008" /><T42/><D130/><U64/><E129/><V135/><F110/><T96/><D116/><U126/><E126/><V45/><F135/><T54/><D86/><U94/><E109/><V78/><F70/><T49/><D60/><U68/><E107/><V58/><F35/><T69/><D69/><U2/><E2/><V115/><F115/><T122/><N who="0" m="31264" /><T113/><D113/><U40/><E40/><V1/><F32/><T117/><D117/><U119/><E119/><V59/><F59/><T62/><D62/><U114/><E114/><V33/><F33/><T73/><D73/><U67/><E77/><V3/><F3/><T66/><D66/><U131/><E131/><V81/><F81/><T34/><D34/><U71/><REACH who="1" step="1"/><E92/><REACH who="1" ten="399,94,527,0" step="2"/><V72/><F1/><T133/><D133/><U38/><E38/><V0/><F0/><T56/><REACH who="0" step="1"/><D37/><REACH who="0" ten="389,94,527,0" step="2"/><U46/><E46/><V75/><F75/><T101/><AGARI ba="1,4" hai="42,43,44,49,50,53,54,56,93,96,97,101,102,104" m="31264,31008,30752" machi="101" ten="20,12000,3" yaku="1,1,2,1,0,1,7,1,52,3,53,1" doraHai="124" doraHaiUra="55" who="0" fromWho="0" sc="389,162,94,-81,527,-41,0,0" /><INIT seed="6,0,0,0,1,69" ten="551,13,486,0" oya="2" hai0="91,112,59,3,73,124,72,63,113,82,109,117,100" hai1="67,119,71,79,40,35,86,89,115,106,104,105,77" hai2="96,55,44,114,128,83,121,45,33,134,58,61,54" hai3=""/><V111/><N who="2" m="31008" /><V37/><F33/><T97/><D3/><U98/><E35/><V39/><F114/><N who="0" m="44138" /><D117/><U94/><E115/><V84/><F128/><T133/><D109/><U103/><E119/><V120/><N who="2" m="30752" /><V126/><F111/><T68/><D68/><U123/><N who="1" m="31520" /><U132/><E132/><V101/><F134/><T80/><D133/><U52/><E40/><V0/><F0/><T41/><D41/><U47/><E67/><V43/><F126/><T64/><D124/><U38/><E71/><V50/><F44/><T93/><D91/><U51/><E38/><V42/><F42/><T99/><D97/><U85/><E47/><V102/><F43/><T116/><D116/><U60/><E52/><V129/><F129/><T32/><D32/><U48/><E60/><V34/><F34/><T56/><D59/><U88/><E48/><V131/><F131/><T108/><D108/><U90/><REACH who="1" step="1"/><E51/><REACH who="1" ten="551,3,486,0" step="2"/><V78/><F102/><T130/><D130/><U107/><N who="1" m="26624" /><DORA hai="57" /><U1/><E1/><V76/><F76/><AGARI ba="0,1" hai="76,77,79,85,86,88,89,90,94,98,103" m="26624,31520" machi="76" ten="70,16000,3" yaku="1,1,35,6,52,1,54,1,53,1" doraHai="69,57" doraHaiUra="135,95" who="1" fromWho="2" sc="551,0,3,170,486,-160,0,0" owari="551,50.0,173,-43.0,326,-7.0,0,0.0" /></mjloggm>