<mjloggm ver="2.3"><GO type="169" lobby="0"/><UN n0="%74%61%63%6F%73" n1="%E9%88%B4%E4%B8%B8" n2="%E9%BB%92%E6%BE%A4%E3%83%80%E3%82%A4%E3%83%A4" n3="%E3%82%81%E3%82%93%E3%81%9F%E3%82%93%6F" dan="17,17,16,16" rate="2147.24,2211.22,2098.91,2098.70" sx="F,M,M,F"/><TAIKYOKU oya="0"/><INIT seed="0,0,0,2,0,79" ten="250,250,250,250" oya="0" hai0="111,50,33,108,82,37,44,58,26,63,21,80,42" hai1="104,71,95,25,18,106,38,23,107,125,56,96,11" hai2="123,129,132,17,10,31,92,112,24,3,113,32,124" hai3="84,119,6,114,86,115,29,40,0,67,100,120,65"/><T134/><D33/><U35/><E71/><V85/><F92/><W72/><G72/><T2/><D2/><U22/><E125/><V76/><F85/><W122/><G6/><T15/><D134/><U55/><E38/><V93/><F93/><W74/><G74/><T77/><D37/><U90/><E22/><V30/><F76/><W52/><G29/><T47/><D47/><U103/><E11/><V75/><F75/><W88/><G0/><T81/><D15/><U110/><E110/><N who="0" m="42025" /><D77/><U117/><E35/><V16/><F124/><W64/><G40/><T118/><D118/><U59/><E59/><V27/><F132/><W121/><G100/><T98/><D98/><U61/><REACH who="1" step="1"/><E103/><REACH who="1" ten="250,240,250,250" step="2"/><V109/><F109/><W127/><G119/><AGARI ba="0,1" hai="18,23,25,55,56,61,90,95,96,104,106,107,117,119" machi="119" ten="40,8000,1" yaku="1,1,2,1,25,2,53,0" doraHai="79" doraHaiUra="131" who="1" fromWho="3" sc="250,0,240,90,250,0,250,-80" /><INIT seed="1,0,0,2,3,64" ten="250,330,250,170" oya="1" hai0="49,89,12,78,61,88,113,80,112,72,8,122,102" hai1="19,130,30,4,68,107,85,44,20,114,82,91,109" hai2="52,125,84,42,127,26,101,83,16,132,73,2,38" hai3="0,58,128,33,7,55,111,71,79,92,86,15,65"/><U108/><E130/><V62/><F73/><W51/><G0/><T6/><D122/><U9/><E114/><V106/><F2/><W27/><G128/><T31/><D102/><U76/><E107/><V124/><F132/><W54/><G111/><N who="1" m="42570" /><E30/><V23/><F42/><W121/><G121/><T93/><D31/><U41/><E91/><V48/><F38/><W103/><G55/><T46/><D61/><U96/><E96/><V47/><F62/><W22/><G33/><T56/><D56/><U118/><E118/><V36/><F36/><W34/><G34/><T126/><D126/><U39/><E68/><V35/><F35/><W1/><G1/><T18/><D89/><U119/><E119/><V28/><F28/><W29/><G65/><T67/><D67/><U81/><E81/><V95/><F95/><W45/><G71/><T25/><D93/><U100/><E100/><V60/><F60/><W21/><G103/><T43/><D88/><U116/><E116/><V94/><F94/><W57/><G92/><T117/><D117/><U24/><E9/><V134/><F134/><W99/><G99/><T17/><D112/><U5/><AGARI ba="0,0" hai="4,5,19,20,24,39,41,44,76,82,85" m="42570" machi="5" ten="30,3000,0" yaku="14,1,10,1" doraHai="64" who="1" fromWho="1" sc="250,-10,330,30,250,-10,170,-10" /><INIT seed="1,1,0,3,0,56" ten="240,360,240,160" oya="1" hai0="16,94,111,55,3,102,131,68,85,132,67,14,72" hai1="27,49,25,107,90,44,12,29,10,20,128,48,84" hai2="112,104,76,93,1,43,82,117,53,116,97,28,60" hai3="22,75,40,73,118,103,66,36,125,98,62,109,113"/><U87/><E128/><V57/><F104/><W124/><G113/><T4/><D72/><U127/><E127/><N who="3" m="48714" /><G22/><T96/><D131/><U79/><E107/><V80/><F112/><W119/><G109/><T129/><D129/><U78/><E25/><V92/><F1/><W121/><G121/><T115/><D115/><U54/><E48/><V69/><F43/><W7/><G7/><T99/><D111/><U13/><E13/><V130/><F130/><W59/><G40/><T21/><D132/><U45/><E45/><V5/><F5/><W35/><G36/><T42/><D42/><U26/><E26/><V100/><F28/><W91/><G91/><T8/><D55/><U134/><E134/><V86/><F92/><N who="3" m="58823" /><G35/><T61/><D96/><U30/><E30/><V33/><F33/><W0/><G0/><T95/><REACH who="0" step="1"/><D85/><REACH who="0" ten="230,360,240,160" step="2"/><U71/><E84/><V108/><F108/><W37/><G37/><T50/><D50/><U58/><E87/><V105/><F82/><W47/><G47/><T24/><D24/><U63/><E27/><V133/><F133/><W101/><G101/><T11/><D11/><U123/><E10/><V39/><F39/><W19/><G73/><T77/><D77/><U15/><E78/><V89/><F69/><W126/><G75/><AGARI ba="1,1" hai="53,57,60,75,76,80,86,89,93,97,100,105,116,117" machi="75" ten="30,7700,0" yaku="7,1,24,2,52,1" doraHai="56" who="2" fromWho="3" sc="230,0,360,0,240,90,160,-80" /><INIT seed="2,0,0,4,3,25" ten="230,360,330,80" oya="2" hai0="85,134,30,124,8,91,86,98,87,90,0,76,5" hai1="67,118,99,83,73,71,100,15,56,12,101,65,16" hai2="103,23,68,10,52,41,53,106,24,34,114,80,42" hai3="62,72,44,119,113,46,110,131,130,36,21,135,89"/><V61/><F114/><W92/><G119/><T18/><D124/><U125/><E71/><V97/><F10/><W54/><G72/><T35/><D134/><U43/><E118/><V84/><F41/><W4/><G4/><T13/><D76/><U133/><E125/><V57/><F42/><W20/><G135/><T111/><D111/><U50/><E73/><V64/><F57/><N who="3" m="35127" /><G113/><T129/><D129/><N who="3" m="49161" /><G110/><T112/><D112/><U123/><E123/><V122/><F122/><W45/><G36/><T127/><D127/><U31/><E83/><V9/><F9/><W104/><G104/><T75/><D75/><U3/><E3/><V102/><F102/><W1/><G1/><T32/><D98/><AGARI ba="0,0" hai="20,21,44,45,46,89,92,98" m="49161,35127" machi="98" ten="30,1000,0" yaku="19,1" doraHai="25" who="3" fromWho="0" sc="230,-10,360,0,330,0,80,10" /><INIT seed="3,0,0,1,5,9" ten="220,360,330,90" oya="3" hai0="122,97,125,132,36,28,34,80,65,72,58,37,10" hai1="110,105,94,63,87,106,52,14,135,29,17,50,98" hai2="45,55,25,23,6,54,81,96,74,131,66,88,107" hai3="113,19,33,91,121,68,102,129,39,112,76,108,57"/><W85/><G121/><T78/><D122/><U101/><E110/><V49/><F131/><W99/><G68/><T53/><D125/><U2/><E2/><V43/><F66/><W116/><G116/><T109/><D109/><U38/><E38/><V44/><F6/><W35/><G108/><T114/><D132/><U70/><E29/><V104/><F74/><W46/><G76/><T77/><D65/><U118/><E135/><V26/><F26/><W123/><G123/><T61/><D114/><U32/><E32/><V56/><F54/><W64/><G129/><T5/><D78/><U111/><E111/><V73/><F45/><W59/><G33/><T69/><D69/><U103/><E118/><V130/><F130/><W42/><G35/><T83/><D83/><U82/><E101/><V79/><F96/><W12/><G64/><T86/><D72/><U41/><E41/><V31/><REACH who="2" step="1"/><F88/><REACH who="2" ten="220,360,320,90" step="2"/><W92/><G113/><T67/><D97/><U18/><E98/><V93/><F93/><W51/><G112/><T90/><D90/><U115/><E94/><V1/><F1/><W4/><G4/><T120/><D120/><U47/><E52/><V126/><F126/><W13/><G39/><AGARI ba="0,1" hai="23,25,31,39,43,44,49,55,56,73,79,81,104,107" machi="39" ten="30,2000,0" yaku="1,1,7,1,53,0" doraHai="9" doraHaiUra="3" who="2" fromWho="3" sc="220,0,360,0,320,30,90,-20" /><INIT seed="4,0,0,2,2,49" ten="220,360,350,70" oya="0" hai0="48,129,51,67,37,68,23,56,114,25,135,113,127" hai1="134,57,34,42,89,2,11,35,84,82,39,53,128" hai2="96,99,20,130,103,0,18,109,10,126,102,81,108" hai3="22,19,133,26,66,38,29,50,33,45,117,43,65"/><T121/><D121/><U132/><E128/><V58/><F130/><W112/><G117/><T24/><D129/><U86/><E42/><V125/><F81/><W78/><G112/><N who="0" m="43115" /><D37/><U77/><E39/><V98/><F10/><W83/><G133/><N who="1" m="51306" /><E11/><V73/><F0/><W17/><G38/><T111/><D135/><U92/><E2/><V72/><F58/><W5/><G5/><T62/><D127/><N who="2" m="48650" /><F18/><W47/><G47/><T16/><D111/><N who="2" m="42570" /><F20/><W104/><G104/><T100/><D100/><AGARI ba="0,0" hai="72,73,96,98,99,100,102,103" m="42570,48650" machi="100" ten="40,8000,1" yaku="28,2,18,1,34,2" doraHai="49" who="2" fromWho="0" sc="220,-80,360,0,350,80,70,0" /><INIT seed="5,0,0,1,1,83" ten="140,360,430,70" oya="1" hai0="101,78,131,89,134,56,90,94,129,9,108,12,120" hai1="2,4,68,97,26,45,13,21,74,6,81,5,37" hai2="121,38,7,88,30,29,85,55,100,80,95,111,99" hai3="34,14,87,123,107,23,75,8,104,48,92,16,125"/><U105/><E68/><V47/><F111/><W25/><G75/><T44/><D108/><U112/><E112/><V1/><F121/><W27/><G123/><T98/><D120/><U58/><E13/><V54/><F1/><W128/><G125/><T102/><D134/><U15/><E15/><V114/><F114/><W50/><G128/><N who="0" m="49227" /><D78/><U126/><E126/><V17/><F7/><W67/><G67/><T42/><D56/><U52/><E2/><V66/><F66/><W103/><G107/><T109/><D90/><U116/><E116/><V96/><F17/><W35/><G104/><T61/><D61/><U113/><E113/><V3/><F3/><W77/><G35/><T86/><D98/><U127/><E127/><V119/><F119/><W118/><G34/><T18/><D109/><U135/><E135/><V20/><F38/><AGARI ba="0,0" hai="9,12,18,38,42,44,86,89,94,101,102" m="49227" machi="38" ten="30,2000,0" yaku="19,1,52,1" doraHai="83" who="0" fromWho="2" sc="140,20,360,0,430,-20,70,0" /><INIT seed="6,0,0,2,0,53" ten="160,360,410,70" oya="2" hai0="28,30,4,54,39,61,13,32,9,127,0,71,14" hai1="128,62,58,81,31,45,18,38,6,87,73,124,114" hai2="99,35,67,131,117,20,46,51,84,119,74,125,72" hai3="22,65,120,66,113,64,37,55,34,42,103,27,109"/><V68/><F35/><W49/><G34/><T50/><D39/><U12/><E114/><V69/><F99/><W16/><G109/><T25/><D127/><U26/><E124/><V122/><F122/><W23/><G120/><T17/><D28/><U15/><E128/><V94/><F131/><W7/><G7/><T135/><D135/><U86/><E6/><V121/><F121/><W75/><G75/><T118/><D118/><U56/><E73/><V33/><F33/><W134/><G134/><T112/><D112/><U82/><E38/><V88/><F125/><W110/><G110/><T41/><D41/><U95/><E45/><V29/><F74/><W36/><G113/><T132/><D132/><U1/><E1/><V91/><F72/><W102/><G42/><T130/><D130/><U2/><E2/><V106/><F106/><W80/><G80/><T21/><D71/><U52/><E56/><V96/><F69/><W100/><REACH who="3" step="1"/><G23/><REACH who="3" ten="160,360,410,60" step="2"/><T76/><D32/><U78/><E95/><V3/><F94/><W129/><G129/><T104/><D21/><N who="1" m="13623" /><E31/><V24/><F29/><W83/><G83/><T115/><D30/><U97/><E97/><V111/><F96/><W70/><G70/><T44/><D115/><U92/><E92/><V8/><F68/><W40/><G40/><T101/><D4/><U63/><E81/><V60/><F111/><W108/><G108/><T98/><D98/><U105/><E86/><V59/><F84/><W57/><AGARI ba="0,1" hai="16,22,27,36,37,49,55,57,64,65,66,100,102,103" machi="57" ten="30,7900,0" yaku="1,1,0,1,52,1,54,1,53,0" doraHai="53" doraHaiUra="133" who="3" fromWho="3" sc="160,-20,360,-20,410,-39,60,89" /><INIT seed="7,0,0,3,0,110" ten="140,340,371,149" oya="3" hai0="59,3,72,20,96,135,46,104,107,122,53,58,54" hai1="13,43,62,130,47,8,45,42,2,124,93,131,88" hai2="81,75,129,65,12,128,115,69,49,90,61,32,80" hai3="123,89,118,14,24,36,71,35,112,50,125,19,56"/><W98/><G71/><T4/><D122/><U39/><E124/><V119/><F115/><W99/><G36/><T91/><D72/><U127/><E62/><V114/><F114/><W6/><G112/><T100/><D107/><U121/><E2/><V126/><F119/><W51/><G118/><T101/><D101/><U83/><E83/><V95/><F126/><W30/><G125/><T64/><D64/><U5/><E121/><V16/><F32/><W1/><G123/><T63/><D135/><U41/><E127/><V84/><F49/><W79/><G79/><T117/><D117/><U25/><E25/><V21/><F75/><W113/><G113/><T18/><D46/><U108/><E108/><V22/><F22/><N who="3" m="11639" /><G89/><T11/><D91/><U10/><E10/><V73/><F73/><W68/><G68/><T60/><D18/><U44/><REACH who="1" step="1"/><E39/><REACH who="1" ten="140,330,371,149" step="2"/><V70/><F70/><W52/><G51/><T33/><D20/><U78/><E78/><V105/><F105/><W0/><G0/><T102/><D102/><U26/><E26/><V86/><REACH who="2" step="1"/><F80/><REACH who="2" ten="140,330,361,149" step="2"/><W92/><G92/><T76/><D33/><U40/><N who="1" m="10240" /><DORA hai="77" /><U37/><E37/><V120/><F120/><W38/><G38/><T27/><D27/><U87/><AGARI ba="0,2" hai="5,8,13,44,45,47,87,88,93,130,131" m="10240" machi="87" ten="50,6400,0" yaku="1,1,0,1,54,1,53,0" doraHai="110,77" doraHaiUra="109,55" who="1" fromWho="1" sc="140,-16,330,84,361,-16,149,-32" owari="124,-28.0,414,51.0,345,15.0,117,-38.0" /></mjloggm>