<mjloggm ver="2.3"><GO type="169" lobby="0"/><UN n0="%E8%A6%8B%E7%9F%A5%E3%82%89%E3%81%AC%E9%9D%92%E5%A4%A9%E4%BA%95" n1="%E9%9B%AA%E6%9C%88%E9%A2%A8%E8%8A%B1" n2="%E5%AE%88%E6%9D%91%E6%A1%9C%E5%BC%A5" n3="%E3%81%A9%E3%81%99%E3%81%93%E3%81%84%E6%AD%A3%E4%B8%80" dan="16,16,17,16" rate="2047.78,2213.71,2149.41,2066.26" sx="M,M,M,M"/><TAIKYOKU oya="0"/><INIT seed="0,0,0,3,4,132" ten="250,250,250,250" oya="0" hai0="3,76,95,130,24,29,46,25,38,36,122,42,61" hai1="48,69,13,107,11,104,103,98,16,89,31,5,88" hai2="112,37,20,124,121,78,105,116,1,53,73,99,66" hai3="113,47,27,115,72,63,7,18,125,43,34,86,87"/><T111/><D122/><U12/><E104/><V134/><RYUUKYOKU type="yao9" ba="0,0" sc="250,0,250,0,250,0,250,0" hai2="1,20,37,53,66,73,78,99,105,112,116,121,124,134" /><INIT seed="0,1,0,2,4,55" ten="250,250,250,250" oya="0" hai0="48,118,65,111,69,64,106,10,15,108,11,130,29" hai1="45,122,98,105,44,124,86,85,104,17,97,38,23" hai2="121,21,74,56,81,19,6,93,31,32,71,63,78" hai3="72,34,53,13,132,52,3,107,109,100,8,123,62"/><T9/><D118/><U46/><E38/><V7/><F121/><W113/><G113/><T77/><D106/><U115/><E122/><V127/><F71/><W91/><G72/><T4/><D130/><U99/><E115/><V66/><F127/><W30/><G3/><T50/><D77/><U25/><REACH who="1" step="1"/><E124/><REACH who="1" ten="250,240,250,250" step="2"/><V2/><F2/><W80/><G123/><T73/><D73/><U1/><E1/><V83/><F83/><W95/><G80/><T67/><D69/><U131/><E131/><V59/><F93/><W125/><G125/><T128/><D128/><U26/><E26/><V20/><F32/><W12/><G95/><T68/><D68/><U5/><E5/><V41/><F31/><W103/><G34/><T110/><D29/><U114/><E114/><V58/><F6/><W89/><G30/><T84/><D4/><U129/><E129/><V135/><F7/><W40/><G109/><T28/><D28/><U70/><E70/><V75/><F19/><W76/><G12/><T82/><D15/><U116/><E116/><V102/><F81/><W22/><G13/><T61/><D61/><U54/><E54/><V47/><F63/><W24/><G62/><T42/><D42/><U0/><E0/><V60/><F60/><W94/><G53/><T27/><D27/><U37/><E37/><V43/><F43/><W126/><G52/><T120/><D120/><U39/><E39/><V88/><F41/><W90/><G40/><T96/><D82/><U134/><E134/><V51/><F135/><W79/><G132/><T101/><D111/><U18/><E18/><RYUUKYOKU ba="1,1" sc="250,-10,240,30,250,-10,250,-10" hai1="17,23,25,44,45,46,85,86,97,98,99,104,105" /><INIT seed="1,2,1,1,0,50" ten="240,270,240,240" oya="1" hai0="127,86,10,112,109,104,73,98,101,70,53,39,8" hai1="74,115,35,111,69,38,15,84,116,85,23,61,21" hai2="75,81,19,135,42,110,36,49,28,29,37,71,67" hai3="78,99,103,108,124,0,9,58,119,87,91,62,121"/><U123/><E116/><V56/><F110/><W54/><G121/><T47/><D112/><U45/><E111/><V97/><F135/><W43/><G108/><T118/><D109/><U57/><E69/><V31/><F97/><W22/><G124/><T89/><D127/><U26/><E35/><V128/><F128/><W102/><G119/><T131/><D118/><U33/><E33/><V79/><F71/><W76/><G43/><T133/><D133/><U114/><E74/><V94/><F94/><W60/><G0/><T27/><D70/><U106/><E106/><V68/><F19/><W93/><G9/><T96/><D73/><U30/><E123/><V46/><F68/><W82/><G22/><T51/><D131/><U55/><E115/><V132/><F132/><W107/><G107/><T40/><D27/><U12/><E114/><V11/><F11/><W34/><G34/><T95/><REACH who="0" step="1"/><D98/><REACH who="0" ten="230,270,240,240" step="2"/><U105/><E26/><V126/><F126/><W2/><G2/><T117/><D117/><U66/><E30/><V130/><F130/><W77/><REACH who="3" step="1"/><G102/><REACH who="3" ten="230,270,240,230" step="2"/><T13/><D13/><U125/><E15/><V92/><F29/><W14/><G14/><T100/><D100/><U44/><E12/><V129/><F28/><W3/><G3/><T20/><D20/><U72/><E23/><V18/><F31/><W17/><G17/><T65/><D65/><U4/><E21/><V80/><F18/><W52/><G52/><T6/><D6/><U90/><E4/><V134/><F129/><W16/><G16/><T122/><D122/><U88/><E125/><V25/><F67/><RYUUKYOKU ba="2,3" sc="230,15,270,-15,240,-15,230,15" hai0="8,10,39,40,47,51,53,86,89,95,96,101,104" hai3="54,58,60,62,76,77,78,82,87,91,93,99,103" /><INIT seed="2,3,3,1,0,98" ten="245,255,225,245" oya="2" hai0="109,90,122,46,42,70,89,88,22,2,107,32,38" hai1="36,6,29,124,57,28,3,33,61,26,97,93,24" hai2="120,85,117,84,66,21,101,128,19,7,77,15,43" hai3="4,27,113,67,119,1,17,64,87,73,54,37,133"/><V103/><F117/><W79/><G119/><T30/><D122/><U47/><E124/><V91/><F120/><W62/><G133/><T23/><D109/><U52/><E3/><V116/><F116/><W9/><G113/><T102/><D2/><U127/><E127/><V121/><F121/><W78/><G37/><T82/><D82/><U75/><E75/><V118/><F118/><W130/><G73/><T72/><D72/><U20/><E6/><V65/><F128/><W31/><G130/><T48/><D70/><U129/><E129/><V8/><F43/><W68/><G64/><N who="2" m="24681" /><F77/><W10/><G54/><T123/><D123/><U41/><E93/><N who="2" m="54503" /><F85/><W55/><G55/><T125/><D38/><U34/><REACH who="1" step="1"/><E97/><REACH who="1" ten="245,245,225,245" step="2"/><V104/><F104/><W111/><G111/><T69/><D125/><U106/><E106/><V114/><F114/><W45/><G87/><T11/><D107/><U108/><E108/><V94/><F94/><W126/><G126/><T5/><D69/><U105/><E105/><V92/><F92/><W50/><G1/><T99/><D5/><U12/><E12/><V53/><F53/><W86/><G86/><T76/><D76/><U134/><E134/><V100/><F100/><W14/><G78/><T80/><D99/><U74/><E74/><V63/><F63/><W95/><G79/><T59/><D102/><U131/><E131/><V40/><F40/><N who="3" m="24871" /><G95/><T58/><D80/><U18/><E18/><V60/><F60/><W132/><G132/><T49/><D42/><U51/><E51/><V35/><F101/><W71/><G71/><T25/><D49/><RYUUKYOKU ba="3,4" sc="245,-10,245,30,225,-10,245,-10" hai1="20,24,26,28,29,33,34,36,41,47,52,57,61" /><INIT seed="3,4,4,2,2,14" ten="235,275,215,235" oya="3" hai0="110,118,117,130,122,19,76,52,21,77,31,87,15" hai1="78,8,107,95,113,134,33,28,4,24,41,57,102" hai2="100,133,44,82,75,81,40,119,54,127,1,96,13" hai3="63,106,37,35,101,34,0,56,129,20,114,62,116"/><W108/><G114/><T26/><D122/><U91/><E113/><V72/><F119/><W55/><G116/><T59/><D130/><U22/><E134/><V94/><F1/><W125/><G0/><T58/><D110/><U45/><E78/><V48/><F133/><W65/><G37/><T7/><D118/><U50/><E57/><V12/><F127/><W135/><G135/><T126/><D126/><U5/><E33/><V47/><F75/><W109/><G125/><T115/><D115/><U89/><E107/><V9/><F72/><W67/><G129/><T79/><D117/><U39/><E39/><V29/><F29/><W27/><G101/><T53/><D7/><N who="1" m="2635" /><E8/><V120/><F120/><W132/><G106/><T61/><D87/><U51/><E50/><N who="2" m="29023" /><F13/><W25/><G132/><T124/><D124/><U42/><E41/><V60/><F60/><W85/><G85/><T16/><D15/><U68/><E68/><V17/><AGARI ba="4,4" hai="9,12,17,40,44,48,81,82,94,96,100" m="29023" machi="17" ten="30,2000,0" yaku="8,1,52,1" doraHai="14" who="2" fromWho="2" sc="235,-9,275,-9,215,72,235,-14" /><INIT seed="4,0,0,2,4,51" ten="226,266,287,221" oya="0" hai0="109,55,83,73,60,96,108,44,123,57,7,104,120" hai1="119,20,32,62,19,107,100,103,116,40,37,23,8" hai2="111,54,90,125,6,124,18,9,59,67,131,98,132" hai3="112,127,61,13,25,75,22,43,106,10,71,129,117"/><T29/><D7/><U70/><E32/><V114/><F111/><N who="0" m="42570" /><D29/><U50/><E37/><V122/><F122/><W113/><G75/><T68/><D104/><U36/><E36/><V47/><F114/><N who="3" m="44139" /><G106/><T24/><D24/><U46/><E8/><V53/><F18/><W76/><G117/><T89/><D96/><U14/><E23/><V28/><F132/><W135/><G76/><T17/><D17/><U87/><E87/><V21/><F131/><W128/><G127/><N who="2" m="48713" /><F47/><W35/><G43/><T42/><D89/><U48/><E40/><V2/><F67/><N who="3" m="41455" /><G35/><T65/><D83/><U77/><E77/><V64/><F64/><W63/><G63/><N who="0" m="39999" /><D73/><U33/><E116/><V97/><F28/><N who="3" m="17463" /><G135/><T121/><D121/><U92/><E19/><AGARI ba="0,0" hai="10,13,19,128,129" m="17463,41455,44139" machi="19" ten="30,1000,0" yaku="15,1" doraHai="51" who="3" fromWho="1" sc="226,0,266,-10,287,0,221,10" /><INIT seed="5,0,0,4,0,121" ten="226,256,287,231" oya="1" hai0="55,129,9,105,132,0,42,22,75,74,44,66,82" hai1="110,57,134,10,24,79,86,7,46,16,20,39,120" hai2="94,60,90,3,65,8,91,19,97,63,23,95,81" hai3="59,38,50,133,45,11,117,52,53,67,115,4,130"/><U71/><E120/><V26/><F81/><W118/><G115/><T15/><D66/><U72/><E71/><V1/><F8/><W112/><G112/><T34/><D55/><U83/><E134/><V99/><REACH who="2" step="1"/><F63/><REACH who="2" ten="226,256,277,231" step="2"/><N who="3" m="38399" /><G133/><T12/><D132/><U49/><E39/><V30/><F30/><W126/><G38/><T28/><D82/><U32/><E72/><V96/><F96/><W107/><G130/><T131/><D75/><U17/><E83/><V27/><F27/><W106/><G126/><T35/><D74/><U70/><E24/><V102/><F102/><W48/><G11/><T80/><D80/><U51/><E10/><V92/><F92/><W76/><G76/><T100/><D100/><U69/><E79/><V14/><F14/><N who="0" m="5162" /><D105/><U36/><E36/><V114/><F114/><W2/><G106/><T98/><D98/><U18/><E86/><V101/><F101/><W84/><G84/><T40/><D9/><U77/><E77/><V88/><F88/><W127/><G107/><T122/><D0/><U6/><E6/><V43/><F43/><W37/><G2/><T109/><D40/><U25/><E7/><V87/><F87/><W5/><G5/><T58/><D122/><U113/><E113/><V123/><F123/><W116/><G4/><T54/><D42/><U62/><E25/><V85/><F85/><W135/><G135/><T119/><D131/><U33/><E62/><V73/><F73/><W56/><G37/><T93/><D93/><U108/><E17/><V64/><F64/><W31/><G127/><T111/><D129/><U128/><E128/><RYUUKYOKU ba="0,1" sc="226,-15,256,-15,277,15,231,15" hai2="1,3,19,23,26,60,65,90,91,94,95,97,99" hai3="31,45,48,50,52,53,56,116,117,118" /><INIT seed="6,1,1,0,5,130" ten="211,241,292,246" oya="2" hai0="36,44,3,61,2,131,125,53,122,34,71,43,108" hai1="42,19,134,46,57,95,13,73,97,62,68,114,83" hai2="133,94,120,79,14,8,90,45,35,66,110,111,101" hai3="47,41,99,30,129,119,98,109,77,17,82,21,11"/><V18/><F120/><W87/><G129/><T64/><D3/><U58/><E114/><V88/><F133/><W69/><G109/><N who="2" m="41481" /><F35/><W29/><G69/><T4/><D108/><U12/><E134/><V27/><F66/><W126/><G126/><T1/><D131/><U105/><E105/><V37/><F79/><W135/><G119/><T9/><D125/><U115/><E13/><V91/><F27/><W32/><G32/><T84/><D84/><U16/><E19/><V55/><F55/><W128/><G11/><T86/><D86/><U38/><E115/><V81/><F81/><W48/><G135/><T78/><D122/><U117/><E117/><V132/><F132/><W85/><G85/><T93/><D34/><U63/><E83/><V104/><F104/><W7/><G7/><T89/><D2/><U50/><E73/><V103/><F94/><W80/><G80/><T106/><D106/><U118/><E118/><V49/><F49/><W25/><REACH who="3" step="1"/><G128/><REACH who="3" ten="211,241,292,236" step="2"/><T54/><D78/><U112/><E112/><V26/><F8/><W121/><G121/><T116/><D116/><U65/><E68/><V92/><F92/><W51/><G51/><T100/><D100/><U75/><E50/><V74/><F101/><W39/><G39/><T76/><D76/><U52/><E95/><V5/><F103/><W15/><G15/><T24/><D24/><U113/><E113/><V28/><F74/><W67/><G67/><T40/><D93/><U6/><E75/><V72/><F72/><W33/><G33/><T124/><D124/><U56/><E38/><V127/><F127/><RYUUKYOKU ba="1,2" sc="211,-10,241,-10,292,-10,236,30" hai3="17,21,25,29,30,41,47,48,77,82,87,98,99" /><INIT seed="7,2,2,3,5,119" ten="201,231,282,266" oya="3" hai0="2,44,3,91,14,57,103,87,26,8,43,46,109" hai1="49,56,22,32,65,53,34,13,92,89,118,47,40" hai2="86,25,4,48,99,135,52,6,96,36,124,15,59" hai3="132,66,126,61,1,95,81,82,114,31,37,90,134"/><W16/><G37/><T131/><D109/><U94/><E118/><V28/><F36/><W123/><G1/><T21/><D131/><U130/><E65/><V50/><F135/><N who="3" m="51755" /><G114/><T115/><D115/><U9/><E22/><N who="2" m="15415" /><F124/><W27/><G16/><T110/><D110/><U17/><E94/><V79/><F50/><W19/><G19/><T98/><D57/><U39/><E130/><V51/><F51/><W69/><G123/><T18/><D3/><U41/><E40/><V85/><F15/><W70/><G69/><T23/><D2/><U73/><E73/><V74/><F74/><W30/><G30/><T68/><D68/><U12/><E13/><V101/><F99/><AGARI ba="2,2" hai="9,12,17,32,34,39,41,47,49,53,56,89,92,99" machi="99" ten="30,1000,0" yaku="7,1" doraHai="119" who="1" fromWho="2" sc="201,0,231,36,282,-16,266,0" /><INIT seed="8,0,0,1,5,66" ten="201,267,266,266" oya="0" hai0="77,107,103,0,44,39,13,76,89,72,64,11,53" hai1="33,114,25,47,88,84,1,55,40,96,24,118,102" hai2="117,92,54,87,65,17,20,8,101,6,122,22,10" hai3="69,19,95,129,56,73,98,100,38,111,21,23,57"/><T83/><D76/><U32/><E1/><V128/><F122/><W29/><G111/><T62/><D89/><U109/><E109/><V59/><F128/><W42/><G73/><T16/><D0/><U2/><E2/><V124/><F124/><W115/><G115/><T27/><D27/><U132/><E114/><V90/><F6/><W74/><G74/><T45/><D53/><U30/><E55/><V7/><F7/><W37/><G69/><T50/><D50/><U134/><E118/><V46/><F22/><W63/><G42/><T121/><D39/><U43/><E96/><N who="2" m="59527" /><F65/><W5/><G57/><T119/><D119/><U81/><E102/><V26/><F46/><W31/><G5/><T135/><D135/><N who="1" m="51755" /><E47/><V15/><F26/><N who="3" m="16591" /><G31/><AGARI ba="0,0" hai="24,25,30,31,32,33,40,43,81,84,88" m="51755" machi="31" ten="30,2000,0" yaku="20,1,54,1" doraHai="66" who="1" fromWho="3" sc="201,0,267,20,266,0,266,-20" /><INIT seed="9,0,0,5,2,42" ten="201,287,266,246" oya="1" hai0="44,101,113,74,15,23,71,56,67,8,45,18,49" hai1="33,7,38,10,36,119,20,88,13,70,86,121,79" hai2="107,129,40,125,16,122,105,103,85,61,111,112,66" hai3="35,87,78,130,116,133,60,98,132,93,59,54,19"/><U76/><E121/><V3/><F3/><W134/><G35/><T109/><D113/><U22/><E33/><V115/><F122/><W55/><G130/><T0/><D109/><U104/><E70/><V95/><F111/><W135/><G135/><T110/><D110/><U68/><E68/><V51/><F129/><W72/><G72/><T73/><D101/><U9/><E104/><V24/><F125/><W12/><G55/><T26/><D0/><U77/><E119/><V123/><F123/><W83/><G116/><T80/><D71/><U96/><E96/><V25/><F105/><W21/><REACH who="3" step="1"/><G133/><REACH who="3" ten="201,287,266,236" step="2"/><T31/><D67/><U108/><E108/><V6/><F66/><W41/><G41/><T5/><D74/><U120/><E120/><V27/><F40/><W100/><AGARI ba="0,1" hai="12,19,21,54,59,60,78,83,87,93,98,100,132,134" machi="100" ten="30,4000,0" yaku="1,1,0,1,53,1" doraHai="42" doraHaiUra="75" who="3" fromWho="3" sc="201,-10,287,-20,266,-10,236,50" /><INIT seed="10,0,0,0,4,115" ten="191,267,256,286" oya="2" hai0="51,39,102,20,4,16,118,34,43,80,56,33,47" hai1="69,5,124,127,131,105,40,123,61,92,42,88,96" hai2="133,8,7,107,125,73,122,49,112,82,67,31,84" hai3="83,116,21,86,119,121,71,100,132,134,91,46,55"/><V58/><F122/><W135/><G71/><T18/><D4/><U128/><E123/><V2/><F112/><W104/><G121/><T37/><D102/><U50/><E105/><V14/><F107/><W106/><G21/><T103/><D103/><U85/><E5/><V110/><F73/><W10/><G10/><T70/><D70/><U75/><E75/><V3/><F125/><N who="1" m="48201" /><E96/><V63/><F133/><W35/><G35/><T29/><D34/><U76/><E76/><V27/><F49/><N who="3" m="29111" /><G104/><T72/><D118/><U53/><E61/><V15/><F110/><W117/><G106/><T11/><D11/><U129/><E69/><V94/><F94/><W57/><G57/><AGARI ba="0,0" hai="40,42,50,53,57,85,88,92,128,129,131" m="48201" machi="57" ten="40,5200,0" yaku="19,1,18,1,54,1" doraHai="115" who="1" fromWho="3" sc="191,0,267,52,256,0,286,-52" owari="191,-31.0,319,42.0,256,6.0,234,-17.0" /></mjloggm>