<mjloggm ver="2.3"><GO type="169" lobby="0"/><UN n0="%E3%83%9D%E3%83%B3%E3%83%89%E3%83%AB" n1="%EF%BC%BC%28%EF%BC%BE%6F%EF%BC%BE%29%EF%BC%8F%E2%98%85" n2="%E5%86%AC%E9%A6%AC%E6%98%A5%E5%B8%8C" n3="%E3%83%84%E3%83%B3%E2%98%86%E3%83%89%E3%83%A9%E3%82%AD%E3%83%BC" dan="16,17,16,16" rate="2049.71,2224.43,2101.00,2045.10" sx="M,M,M,F"/><TAIKYOKU oya="0"/><INIT seed="0,0,0,2,4,135" ten="250,250,250,250" oya="0" hai0="44,92,123,121,40,125,128,78,25,28,127,65,117" hai1="106,129,134,88,57,63,132,24,17,104,100,90,95" hai2="31,59,115,53,51,75,42,86,108,16,71,37,67" hai3="110,49,120,101,97,0,55,62,68,46,20,103,22"/><T96/><D117/><U5/><E5/><V38/><F75/><W9/><G110/><T52/><D78/><U111/><E111/><V105/><F105/><N who="1" m="40553" /><E24/><V23/><F31/><W15/><G120/><T41/><D65/><U133/><E17/><V89/><F115/><W7/><G97/><T61/><D128/><U66/><E129/><V29/><F29/><W47/><G68/><T113/><D113/><U118/><E118/><V39/><F108/><W11/><G62/><T93/><D123/><U21/><E21/><V35/><F35/><W73/><G73/><T54/><D121/><U126/><E126/><N who="0" m="48137" /><D93/><U84/><E90/><V74/><F74/><W18/><G22/><N who="0" m="15415" /><D61/><U77/><E77/><V91/><F67/><W131/><G131/><T10/><D10/><U27/><E27/><V8/><F8/><W19/><G46/><T70/><D70/><U87/><E100/><V72/><F71/><W2/><G2/><T64/><D64/><U119/><E119/><V85/><F72/><W109/><G109/><T58/><D58/><U82/><E82/><V36/><F59/><W130/><G130/><T76/><D76/><U99/><AGARI ba="0,0" hai="57,63,66,84,87,88,95,99,132,133,134" m="40553" machi="99" ten="40,2700,0" yaku="20,1,54,1" doraHai="135" who="1" fromWho="1" sc="250,-13,250,27,250,-7,250,-7" /><INIT seed="1,0,0,3,3,129" ten="237,277,243,243" oya="1" hai0="53,97,50,32,101,128,78,36,11,65,43,35,124" hai1="18,39,99,90,38,123,91,83,107,28,121,59,131" hai2="10,135,2,49,60,77,94,1,73,40,0,95,33" hai3="126,86,133,117,15,55,70,113,116,103,82,96,81"/><U63/><E28/><V27/><F60/><W25/><G70/><T92/><D128/><U47/><E131/><V58/><F94/><W22/><G15/><T37/><D65/><U109/><E109/><V16/><F95/><W46/><G113/><T100/><D100/><U51/><E18/><V122/><F122/><W48/><G126/><T5/><D78/><U62/><E83/><V79/><F79/><W8/><G8/><T71/><D71/><U23/><E23/><V34/><F40/><W115/><G115/><T56/><D124/><U106/><E51/><V118/><F118/><N who="3" m="45675" /><G86/><T6/><D6/><U132/><E47/><V127/><F127/><W88/><G88/><T119/><D119/><U76/><E76/><V29/><F77/><W87/><G87/><T72/><D72/><U3/><E59/><V21/><F73/><W31/><G133/><T24/><D24/><U105/><E132/><V45/><F58/><W9/><G9/><T7/><D7/><U112/><E112/><V30/><F135/><W89/><G89/><N who="1" m="33802" /><E3/><N who="2" m="1099" /><F49/><W120/><G120/><N who="1" m="46154" /><E99/><V74/><F45/><W44/><G46/><T134/><D134/><U114/><E114/><V20/><F74/><W93/><AGARI ba="0,0" hai="22,25,31,44,48,55,81,82,93,96,103" m="45675" machi="93" ten="30,1100,0" yaku="12,1" doraHai="129" who="3" fromWho="3" sc="237,-3,277,-5,243,-3,243,11" /><INIT seed="2,0,0,1,3,129" ten="234,272,240,254" oya="2" hai0="16,132,57,92,93,105,128,67,65,127,134,79,20" hai1="116,34,38,2,126,49,89,6,113,98,133,8,135" hai2="59,111,106,83,48,97,51,4,73,125,100,124,58" hai3="1,66,108,50,10,99,78,123,37,101,104,85,69"/><V118/><F118/><W43/><G108/><T29/><D105/><U3/><E38/><V19/><F4/><N who="3" m="1295" /><G85/><T120/><D120/><U21/><E34/><V46/><F111/><W25/><G50/><T71/><D71/><U52/><E116/><V119/><F119/><W94/><G94/><T12/><D128/><U47/><E113/><V103/><F103/><W121/><G78/><T60/><D67/><U130/><E130/><V122/><F122/><W75/><G75/><T13/><D127/><N who="2" m="48714" /><F51/><W84/><G84/><T24/><D79/><U61/><E126/><V54/><F19/><W31/><G43/><T56/><D56/><N who="2" m="21546" /><F83/><W17/><G17/><T86/><D12/><U63/><E3/><V40/><F73/><W35/><G37/><T72/><D72/><U117/><E117/><V109/><F109/><W107/><G107/><T91/><REACH who="0" step="1"/><D93/><REACH who="0" ten="224,272,240,254" step="2"/><N who="1" m="56623" /><E21/><AGARI ba="0,1" hai="13,16,20,21,24,29,57,60,65,86,91,92,132,134" machi="21" ten="40,8000,1" yaku="1,1,52,2,54,1,53,0" doraHai="129" doraHaiUra="32" who="0" fromWho="1" sc="224,90,272,-80,240,0,254,0" /><INIT seed="3,0,0,5,0,16" ten="314,192,240,254" oya="3" hai0="52,130,102,112,46,73,49,129,32,20,110,79,78" hai1="65,96,55,116,69,8,113,118,53,85,117,93,9" hai2="81,22,71,97,59,74,86,62,47,63,89,119,11" hai3="135,127,5,132,48,133,34,58,28,27,125,26,68"/><W109/><G68/><T84/><D110/><U111/><E111/><V0/><F74/><W100/><G100/><T131/><D73/><U40/><E113/><V24/><F71/><W94/><G94/><T39/><D32/><U120/><E120/><V15/><F0/><W103/><G103/><T80/><D102/><U12/><E40/><V2/><F2/><W76/><G76/><T101/><D101/><N who="1" m="60559" /><E85/><V7/><F119/><W128/><G109/><T31/><D39/><U54/><E12/><V122/><F122/><W30/><G5/><T108/><D108/><U95/><E95/><V70/><F70/><W126/><G58/><T90/><D112/><U10/><E69/><V75/><F75/><W42/><G48/><T56/><D56/><U115/><E115/><V82/><F97/><W17/><G17/><T64/><D64/><AGARI ba="0,0" hai="8,9,10,53,54,55,64,65,116,117,118" m="60559" machi="64" ten="40,5200,0" yaku="29,2,12,1" doraHai="16" who="1" fromWho="0" sc="314,-52,192,52,240,0,254,0" /><INIT seed="4,0,0,5,5,124" ten="262,244,240,254" oya="0" hai0="22,31,4,27,8,53,120,73,84,40,123,1,128" hai1="64,112,104,102,2,105,55,41,25,117,60,52,134" hai2="97,99,61,6,133,49,75,107,66,14,11,16,33" hai3="76,94,20,91,71,5,72,82,39,70,46,65,90"/><T10/><D73/><U50/><E117/><V44/><F33/><W86/><G65/><T56/><D40/><U13/><E2/><V81/><F133/><W30/><G30/><T96/><D96/><U57/><E134/><V111/><F111/><W131/><G20/><T51/><D10/><U88/><E112/><V29/><F29/><W129/><G5/><T35/><D84/><U62/><E41/><V83/><F107/><W119/><G119/><T47/><D128/><N who="3" m="49225" /><G90/><T42/><REACH who="0" step="1"/><D35/><REACH who="0" ten="252,244,240,254" step="2"/><U114/><E105/><V103/><F75/><W121/><G121/><T37/><AGARI ba="0,1" hai="1,4,8,22,27,31,37,42,47,51,53,56,120,123" machi="37" ten="20,7800,0" yaku="1,1,2,1,0,1,7,1,53,0" doraHai="124" doraHaiUra="130" who="0" fromWho="0" sc="252,88,244,-26,240,-26,254,-26" /><INIT seed="4,1,0,1,3,104" ten="340,218,214,228" oya="0" hai0="28,7,56,63,58,100,135,82,71,24,23,87,36" hai1="109,93,39,131,34,110,2,107,18,19,124,47,97" hai2="50,1,49,114,21,4,31,115,96,78,17,27,61" hai3="134,111,32,128,116,81,45,79,122,40,88,70,37"/><T101/><D36/><U132/><E47/><V52/><F1/><W92/><G134/><T62/><D71/><U22/><E39/><V85/><F4/><W125/><G125/><T129/><D135/><U130/><E132/><V89/><F31/><W13/><G128/><N who="1" m="49194" /><E34/><V105/><F78/><W54/><G111/><N who="1" m="42506" /><E2/><V118/><F118/><W60/><G122/><T42/><D42/><U6/><E6/><V73/><F73/><W127/><G127/><T69/><D69/><U67/><E124/><V94/><F105/><W9/><G116/><T72/><D7/><U68/><E107/><V5/><F85/><W65/><G54/><T14/><D101/><N who="1" m="60591" /><E22/><V108/><F5/><W59/><G32/><T106/><D129/><U30/><E30/><V103/><F108/><W84/><G9/><T55/><D14/><U133/><E133/><V11/><F11/><W53/><G13/><T91/><D106/><U90/><E90/><V76/><F103/><W120/><G120/><T98/><D100/><U41/><E41/><V80/><F49/><W95/><G88/><T126/><D126/><U77/><E77/><V123/><F123/><W75/><G70/><T44/><D44/><U46/><E46/><N who="2" m="27735" /><F61/><AGARI ba="1,0" hai="18,19,61,67,68" m="60591,42506,49194" machi="61" ten="30,1000,0" yaku="19,1" doraHai="104" who="1" fromWho="2" sc="340,0,218,13,214,-13,228,0" /><INIT seed="5,0,0,2,4,93" ten="340,231,201,228" oya="1" hai0="115,49,133,22,91,20,82,32,70,83,44,110,104" hai1="34,101,17,80,92,51,40,42,52,37,7,114,81" hai2="38,16,90,89,75,134,76,54,56,5,86,3,131" hai3="13,126,117,14,97,96,27,8,29,111,50,77,123"/><U130/><E34/><V88/><F38/><W99/><G126/><T61/><D104/><U12/><E7/><V1/><F131/><W65/><G111/><T45/><D133/><U59/><E114/><V23/><F75/><W43/><G123/><T112/><D110/><U109/><E130/><V36/><F36/><W62/><G77/><T121/><D121/><U60/><E37/><V64/><F64/><W108/><G108/><T122/><D122/><U31/><E31/><V135/><F5/><W63/><G117/><T18/><D70/><U102/><E109/><V107/><F107/><W69/><G62/><T66/><D32/><U33/><E33/><V39/><F39/><W9/><G43/><N who="1" m="16426" /><E60/><V94/><F1/><W41/><G41/><T46/><D49/><U85/><E92/><V87/><F3/><W6/><G50/><T0/><D0/><U71/><E71/><V10/><F10/><W19/><REACH who="3" step="1"/><G96/><REACH who="3" ten="340,231,201,218" step="2"/><T79/><D79/><N who="1" m="46239" /><E81/><N who="2" m="47399" /><F135/><W35/><AGARI ba="0,1" hai="6,8,9,13,14,19,27,29,35,63,65,69,97,99" machi="35" ten="20,12000,2" yaku="1,1,0,1,7,1,52,2,53,1" doraHai="93" doraHaiUra="21" who="3" fromWho="3" sc="340,-30,231,-60,201,-30,218,130" /><INIT seed="6,0,0,5,2,13" ten="310,171,171,348" oya="2" hai0="132,19,72,12,134,109,101,80,20,36,127,95,69" hai1="55,68,94,25,29,66,76,33,56,44,116,35,64" hai2="112,113,8,45,96,16,52,4,93,110,79,74,51" hai3="86,118,120,75,11,38,131,98,10,104,100,122,5"/><V102/><F110/><W50/><G131/><T105/><D69/><U89/><E68/><V61/><F61/><W73/><G118/><T59/><D36/><U34/><E76/><V48/><F48/><W99/><G38/><T49/><D105/><U2/><E2/><V81/><REACH who="2" step="1"/><F4/><REACH who="2" ten="310,171,161,348" step="2"/><W135/><G50/><T103/><D109/><U47/><E116/><V31/><F31/><W37/><G5/><T85/><D132/><U15/><E66/><V28/><F28/><W106/><G135/><T71/><D134/><U6/><E64/><V22/><F22/><W133/><G133/><T62/><D62/><U128/><E128/><V27/><F27/><W121/><G121/><T14/><D20/><U115/><E35/><V83/><F83/><W108/><G108/><T129/><D129/><U9/><E34/><V18/><F18/><W23/><G23/><T114/><D80/><U117/><E117/><V92/><F92/><W32/><G32/><T40/><D95/><U0/><E115/><V78/><F78/><W60/><G60/><T82/><D114/><U26/><E26/><V126/><F126/><W39/><G122/><T90/><D82/><U124/><E124/><V84/><F84/><W123/><G86/><T21/><D21/><U54/><E33/><V119/><F119/><W57/><G123/><T63/><D63/><U97/><E25/><V7/><F7/><W70/><G120/><T1/><D127/><U107/><E29/><V58/><F58/><W91/><G39/><T30/><D59/><U67/><E67/><V24/><F24/><W42/><G57/><RYUUKYOKU ba="0,1" sc="310,-10,171,-10,161,30,348,-10" hai2="8,16,45,51,52,74,79,81,93,96,102,112,113" /><INIT seed="6,1,1,5,5,11" ten="300,161,191,338" oya="2" hai0="76,8,14,83,115,107,73,135,2,101,48,61,7" hai1="113,53,117,119,102,111,121,10,21,17,85,109,33" hai2="45,16,68,38,62,47,124,82,108,95,77,127,129" hai3="31,63,132,66,106,92,1,25,87,27,64,5,84"/><V28/><F28/><W71/><G132/><T118/><D135/><U133/><E133/><V98/><F38/><W4/><G106/><T36/><D36/><U74/><E74/><V103/><F129/><W26/><G1/><T69/><D118/><N who="1" m="45067" /><E102/><V39/><F39/><W122/><G122/><T123/><D123/><U114/><E85/><V0/><F0/><W93/><G31/><T67/><D115/><N who="1" m="44043" /><E53/><V24/><F108/><N who="1" m="41545" /><E33/><V72/><F68/><W34/><G71/><T88/><D88/><U104/><E104/><V80/><F82/><W35/><G87/><T65/><D107/><U42/><E42/><V20/><REACH who="2" step="1"/><F62/><REACH who="2" ten="300,161,181,338" step="2"/><W78/><G63/><T128/><D61/><U97/><E121/><V94/><F94/><W90/><G93/><T116/><D69/><U23/><E97/><V120/><F120/><W112/><G112/><T126/><D2/><U15/><AGARI ba="1,2" hai="10,15,17,21,23" m="41545,44043,45067" machi="15" ten="40,8000,1" yaku="15,1,34,2,52,1" doraHai="11" who="1" fromWho="1" sc="300,-21,161,103,181,-41,338,-21" /><INIT seed="7,0,0,3,2,11" ten="279,264,140,317" oya="3" hai0="36,25,61,48,129,31,88,33,124,68,49,32,27" hai1="97,58,39,14,100,2,115,110,89,105,62,113,83" hai2="38,94,9,106,126,34,65,85,5,96,13,12,47" hai3="56,0,109,63,104,132,130,24,52,119,19,42,7"/><W43/><G132/><T90/><D36/><U3/><E39/><V55/><F34/><W82/><G130/><T75/><D75/><U15/><E110/><V44/><F106/><W117/><G104/><T122/><D129/><U120/><E120/><V116/><F116/><W87/><G109/><T103/><D103/><U79/><E89/><V91/><F65/><W135/><G135/><T118/><D118/><U81/><E3/><V131/><F131/><W98/><G0/><T26/><D122/><U41/><E41/><V51/><F126/><W77/><G7/><T127/><D61/><U59/><E2/><V84/><F38/><W74/><G74/><T66/><D66/><N who="1" m="39255" /><E59/><V76/><F76/><W46/><G42/><T30/><D27/><U134/><E83/><V73/><F73/><W17/><G98/><T50/><REACH who="0" step="1"/><D49/><REACH who="0" ten="269,264,140,317" step="2"/><U121/><E121/><V22/><REACH who="2" step="1"/><F47/><REACH who="2" ten="269,264,130,317" step="2"/><W29/><G119/><T37/><D37/><U102/><E134/><V10/><F10/><W69/><G117/><T93/><D93/><U67/><E67/><V35/><F35/><W16/><G69/><AGARI ba="0,2" hai="25,26,30,31,32,33,48,50,68,69,88,90,124,127" machi="69" ten="25,12000,2" yaku="1,1,22,2,54,1,53,2" doraHai="11" doraHaiUra="133" who="0" fromWho="3" sc="269,140,264,0,130,0,317,-120" owari="409,51.0,264,6.0,130,-37.0,197,-20.0" /></mjloggm>