<mjloggm ver="2.3"><GO type="169" lobby="0"/><UN n0="%E9%81%8A%E3%81%B3%E5%BF%83" n1="%E6%9C%A8%E5%8E%9F%E8%B1%AA%E4%B8%80" n2="%E3%81%AF%E3%82%8B%E3%81%AB%E3%82%83%E3%82%80" n3="%E3%81%A4%E3%81%91%E3%82%82%E3%81%AE" dan="18,17,16,17" rate="2201.03,2201.64,2109.82,2174.74" sx="M,M,M,M"/><TAIKYOKU oya="0"/><INIT seed="0,0,0,0,3,29" ten="250,250,250,250" oya="0" hai0="43,127,94,114,62,50,32,108,66,13,36,56,83" hai1="81,85,105,69,31,119,42,102,134,2,64,34,46" hai2="44,90,49,120,24,59,16,65,33,115,79,84,130" hai3="30,9,109,10,72,129,53,28,47,107,74,101,40"/><T45/><D114/><U117/><E134/><V15/><F115/><W22/><G109/><T4/><D127/><U0/><E119/><V126/><F120/><W86/><G129/><T60/><D108/><U133/><E133/><V61/><F130/><W27/><G30/><T23/><D62/><N who="1" m="40087" /><E85/><V135/><F135/><W7/><G53/><T25/><D94/><U131/><E117/><V55/><F126/><W112/><G112/><T8/><D83/><U58/><E58/><V99/><F99/><W35/><G10/><T88/><D88/><U19/><E19/><V132/><F132/><W37/><G22/><T41/><D43/><U87/><E87/><V122/><F122/><W20/><G20/><T104/><D104/><U125/><E81/><V98/><F98/><N who="3" m="61879" /><G86/><T80/><D80/><U111/><E111/><V106/><F106/><W48/><G48/><T1/><D50/><U93/><E93/><V5/><F90/><W26/><G26/><T76/><D76/><U118/><E125/><V77/><F84/><W110/><G110/><T14/><D32/><U113/><E118/><V51/><F51/><W11/><G11/><T89/><REACH who="0" step="1"/><D89/><REACH who="0" ten="240,250,250,250" step="2"/><U71/><E113/><V116/><F116/><W54/><G54/><T18/><AGARI ba="0,1" hai="1,4,8,13,14,18,23,25,36,41,45,56,60,66" machi="18" ten="20,12000,1" yaku="1,1,2,1,0,1,7,1,53,1" doraHai="29" doraHaiUra="6" who="0" fromWho="0" sc="240,130,250,-40,250,-40,250,-40" /><INIT seed="0,1,0,2,5,65" ten="370,210,210,210" oya="0" hai0="64,131,62,70,38,79,128,74,81,63,73,21,80" hai1="14,83,130,27,135,107,11,82,39,50,5,75,66" hai2="6,104,22,88,100,133,55,111,76,89,99,18,19" hai3="42,53,41,1,97,2,96,32,121,117,49,68,118"/><T56/><D38/><U4/><E39/><V37/><F111/><W119/><G32/><T44/><D44/><U108/><E108/><V26/><F133/><W10/><G121/><T110/><D110/><U101/><E130/><N who="0" m="49705" /><D21/><U109/><E109/><V16/><F37/><W72/><G72/><N who="0" m="43111" /><D81/><U132/><E75/><V34/><F34/><W29/><G29/><T30/><D30/><U61/><E27/><V59/><F76/><W69/><G10/><T94/><D94/><U134/><E50/><V127/><F6/><W40/><G49/><T7/><D7/><U123/><E123/><V115/><F115/><W77/><G77/><T35/><D35/><U58/><REACH who="1" step="1"/><E4/><REACH who="1" ten="370,200,210,210" step="2"/><V78/><F127/><W86/><G119/><T103/><D74/><U71/><E71/><N who="3" m="27210" /><G118/><T13/><D73/><U112/><E112/><V31/><REACH who="2" step="1"/><F78/><REACH who="2" ten="370,200,200,210" step="2"/><W85/><G117/><T67/><D13/><U98/><AGARI ba="1,2" hai="5,11,14,58,61,66,82,83,98,101,107,132,134,135" machi="98" ten="40,8000,1" yaku="1,1,0,1,20,1,53,1" doraHai="65" doraHaiUra="0" who="1" fromWho="1" sc="370,-41,200,103,200,-21,210,-21" /><INIT seed="1,0,0,4,3,74" ten="329,303,179,189" oya="1" hai0="101,55,30,85,128,132,95,0,16,51,81,28,109" hai1="105,68,66,134,102,87,59,94,6,39,48,83,20" hai2="89,71,4,35,18,19,91,116,131,43,65,50,119" hai3="103,34,23,117,9,67,93,57,127,61,27,10,2"/><U29/><E39/><V92/><F35/><W62/><G127/><T100/><D0/><U37/><E37/><V114/><F4/><W31/><G117/><T115/><D109/><U77/><E134/><V58/><F71/><W60/><G34/><T63/><D63/><U129/><E129/><V12/><F131/><W108/><G108/><T123/><D115/><U17/><E6/><V125/><F125/><W90/><G2/><T21/><D123/><U1/><E1/><V118/><F114/><W126/><G126/><T96/><D101/><U49/><E68/><V36/><F36/><W42/><G42/><T98/><D98/><N who="1" m="59735" /><E105/><V8/><F19/><W11/><REACH who="3" step="1"/><G103/><REACH who="3" ten="329,303,179,179" step="2"/><T13/><D132/><U5/><E29/><V38/><F116/><W124/><G124/><T110/><D128/><U122/><E122/><V40/><F119/><W14/><G14/><T45/><D110/><U46/><E5/><V52/><F118/><W70/><G70/><T99/><D96/><AGARI ba="0,1" hai="9,10,11,23,27,31,57,60,61,62,67,90,93,96" machi="96" ten="40,2600,0" yaku="1,1,8,1,53,0" doraHai="74" doraHaiUra="112" who="3" fromWho="0" sc="329,-26,303,0,179,0,179,36" /><INIT seed="2,0,0,5,0,47" ten="303,303,179,215" oya="2" hai0="52,129,61,74,71,6,9,12,8,55,7,135,42" hai1="93,101,120,36,14,51,56,82,86,96,112,80,13" hai2="10,63,0,125,69,38,116,103,66,118,87,50,72" hai3="19,91,108,5,78,95,43,77,15,57,41,24,73"/><V122/><F122/><W35/><G108/><T34/><D74/><U97/><E112/><V30/><F72/><W117/><G117/><T84/><D34/><U114/><E114/><V39/><F125/><W46/><G5/><T115/><D71/><U99/><E120/><V4/><F30/><W126/><G126/><T44/><D129/><U23/><E36/><V31/><F31/><W53/><G24/><T109/><D109/><U68/><E68/><V111/><F111/><W22/><G35/><T100/><D135/><U75/><E75/><V113/><F113/><W110/><G110/><T16/><D100/><U58/><E82/><V79/><F103/><W107/><G107/><T106/><D106/><U102/><E58/><V104/><F104/><W90/><G90/><T17/><D84/><U119/><E119/><V54/><F116/><W20/><G20/><T29/><D29/><U133/><E133/><V49/><F118/><W60/><G73/><T92/><D92/><N who="1" m="58503" /><E23/><V130/><F130/><W94/><G94/><T127/><D127/><U2/><E2/><V25/><F25/><W123/><G123/><T62/><D115/><U88/><E99/><V105/><F105/><W64/><G64/><T121/><D121/><U98/><E98/><V40/><F40/><N who="3" m="15435" /><G46/><T21/><D42/><U28/><E28/><V37/><REACH who="2" step="1"/><F54/><AGARI ba="0,0" hai="13,14,51,54,56,80,86,88,93,97,102" m="58503" machi="54" ten="30,3900,0" yaku="8,1,52,1,54,1" doraHai="47" who="1" fromWho="2" sc="303,0,303,39,179,-39,215,0" /><INIT seed="3,0,0,5,1,121" ten="303,342,140,215" oya="3" hai0="82,92,69,97,113,40,7,10,35,118,38,20,91" hai1="54,49,106,29,86,8,117,3,36,48,21,130,116" hai2="62,9,1,120,31,128,85,115,19,134,111,22,50" hai3="123,108,103,95,79,88,133,26,112,43,124,84,44"/><W73/><G123/><T129/><D35/><U98/><E36/><V122/><F115/><W70/><G112/><T77/><D113/><U33/><E33/><V2/><F128/><W16/><G70/><T15/><D69/><U93/><E106/><V55/><F134/><W59/><G133/><T101/><D129/><U126/><E130/><V132/><F132/><W39/><G124/><T53/><D118/><U83/><E126/><V51/><F31/><W67/><G103/><T107/><D20/><U37/><E37/><V119/><F119/><W104/><G104/><T28/><D28/><U63/><E3/><V30/><F30/><W89/><G73/><T81/><D53/><U18/><E8/><V80/><F62/><W56/><G79/><T114/><D114/><U47/><E29/><V25/><F50/><W6/><G6/><T46/><D77/><U27/><E49/><V135/><F135/><W57/><G67/><T0/><D0/><N who="2" m="106" /><F9/><W72/><G72/><T12/><D15/><U32/><E32/><V74/><F74/><W78/><G78/><T60/><D60/><U45/><E63/><V66/><F66/><W13/><G89/><T11/><D11/><U65/><E65/><V52/><F122/><W99/><G26/><T102/><D101/><N who="1" m="60623" /><E47/><N who="2" m="27775" /><F55/><W125/><G125/><T131/><D131/><U68/><E68/><V64/><F64/><W105/><G105/><T17/><D7/><U23/><E23/><V127/><F127/><W90/><G39/><T4/><D4/><U100/><E100/><V34/><F120/><W58/><N who="3" m="14336" /><DORA hai="41" /><W109/><G43/><RYUUKYOKU ba="0,0" sc="303,15,342,15,140,-15,215,-15" hai0="10,12,17,38,40,46,81,82,91,92,97,102,107" hai1="18,21,27,45,48,54,83,86,116,117" /><INIT seed="4,1,0,2,0,85" ten="318,357,125,200" oya="0" hai0="114,58,41,105,130,125,1,124,107,32,71,81,4" hai1="19,48,6,50,104,84,80,11,10,69,72,17,102" hai2="15,87,120,122,94,62,96,76,20,51,109,86,39" hai3="101,79,134,55,28,90,110,95,82,12,44,98,113"/><T24/><D71/><U54/><E69/><V97/><F39/><W25/><G110/><T103/><D114/><U89/><E72/><V37/><F37/><W0/><G0/><T132/><D41/><U111/><E111/><V57/><F109/><W56/><G134/><T91/><D130/><U70/><E70/><V36/><F36/><W49/><G113/><T42/><D42/><U46/><E11/><V21/><F120/><W66/><G12/><T108/><D103/><U29/><E29/><V77/><F51/><W63/><G79/><N who="2" m="30281" /><F97/><W8/><G8/><N who="0" m="2063" /><D58/><U128/><E128/><V52/><F122/><W121/><G121/><T40/><D40/><U16/><E50/><V73/><F73/><W47/><G82/><T131/><D132/><U60/><E60/><V93/><F93/><W14/><G14/><T115/><D115/><U118/><E118/><V67/><F67/><W123/><G123/><T22/><D32/><U53/><E53/><V3/><F3/><W33/><G101/><T75/><D75/><U100/><REACH who="1" step="1"/><E104/><REACH who="1" ten="318,347,125,200" step="2"/><V74/><F74/><W133/><G133/><T45/><D108/><U88/><E88/><N who="2" m="55367" /><F21/><W83/><G47/><T5/><D22/><U13/><AGARI ba="1,1" hai="6,10,13,16,17,19,46,48,54,80,84,89,100,102" machi="13" ten="30,12000,2" yaku="1,1,0,1,8,1,52,1,54,1,53,1" doraHai="85" doraHaiUra="43" who="1" fromWho="1" sc="318,-61,347,133,125,-31,200,-31" /><INIT seed="5,0,0,1,0,12" ten="257,480,94,169" oya="1" hai0="79,19,117,27,46,59,55,112,30,85,26,94,121" hai1="24,58,96,47,116,28,87,72,14,13,1,5,61" hai2="115,122,33,18,9,39,113,37,83,78,106,123,114" hai3="56,126,29,77,133,64,41,45,21,105,8,11,82"/><U100/><E72/><N who="2" m="43463" /><F33/><W22/><G105/><T86/><D117/><U127/><E127/><V110/><F106/><W63/><G126/><T0/><D0/><U62/><E62/><V108/><F9/><W53/><G64/><T15/><D112/><N who="2" m="28674" /><V76/><DORA hai="51" /><F76/><W31/><G11/><T34/><D27/><U88/><E5/><V23/><F39/><W89/><G89/><T73/><D46/><U49/><E1/><V35/><F35/><W57/><G8/><T36/><D121/><N who="2" m="46090" /><F37/><W129/><G63/><T131/><D36/><U124/><E61/><V97/><F97/><W25/><G77/><T52/><D34/><U80/><E96/><V92/><F92/><W107/><G107/><T102/><D94/><U93/><E93/><V65/><F65/><W17/><G82/><T42/><D79/><U44/><E80/><V68/><F68/><W74/><G74/><T50/><D73/><U4/><E4/><V128/><F128/><W67/><G67/><T10/><D131/><U99/><E99/><V84/><F84/><W132/><G129/><T119/><D85/><U6/><E6/><V95/><F95/><W130/><G130/><T48/><D86/><U7/><E7/><V20/><F20/><W90/><G22/><T71/><D10/><U16/><E87/><V101/><F101/><W98/><G21/><T66/><D102/><U91/><E100/><V3/><F3/><W118/><G98/><T103/><D103/><U109/><E91/><V69/><F69/><W32/><G90/><T60/><D71/><U75/><E88/><V111/><F110/><RYUUKYOKU ba="0,0" sc="257,-10,480,-10,94,30,169,-10" hai2="18,23,108,111" /><INIT seed="6,1,0,3,2,67" ten="247,470,124,159" oya="2" hai0="115,131,94,81,11,18,10,36,95,116,112,89,21" hai1="129,118,2,17,101,12,20,88,51,120,26,80,39" hai2="77,127,68,74,31,1,16,97,93,63,23,125,78" hai3="87,3,69,86,24,70,45,71,124,111,132,47,100"/><V9/><F31/><W84/><G111/><T25/><D36/><U130/><E39/><V103/><F1/><W7/><G100/><T38/><D38/><U42/><E2/><V32/><F9/><W108/><G108/><T117/><D81/><U83/><E118/><N who="0" m="45673" /><D131/><U33/><E120/><V126/><F32/><W13/><G3/><T128/><D95/><U35/><E101/><V40/><F40/><W15/><G132/><T82/><D82/><U113/><E113/><N who="0" m="43593" /><D128/><N who="1" m="49259" /><E88/><N who="2" m="55463" /><F74/><W106/><G106/><T85/><AGARI ba="1,0" hai="10,11,18,21,25,85,89,94" m="43593,45673" machi="85" ten="30,2000,0" yaku="12,1,15,1" doraHai="67" who="0" fromWho="0" sc="247,23,470,-6,124,-11,159,-6" /><INIT seed="7,0,0,3,2,38" ten="270,464,113,153" oya="3" hai0="53,106,47,114,88,11,22,25,10,110,115,69,74" hai1="121,39,64,96,14,85,79,3,89,42,6,55,66" hai2="124,84,75,50,97,90,94,132,35,93,20,78,135" hai3="120,12,9,70,111,107,105,4,52,2,34,59,18"/><W29/><G120/><T123/><D106/><U37/><E3/><V125/><F20/><W129/><G70/><T56/><D74/><U92/><E39/><V36/><F50/><W40/><G111/><T102/><D102/><U19/><E6/><V87/><F36/><W24/><G129/><T82/><D69/><U46/><E121/><V27/><F27/><W103/><G103/><T100/><D47/><U58/><E79/><V67/><F67/><W133/><G133/><N who="2" m="51273" /><F35/><W7/><G40/><T28/><D100/><U48/><REACH who="1" step="1"/><E96/><REACH who="1" ten="270,454,113,153" step="2"/><V5/><F5/><W101/><G4/><T17/><D123/><U72/><E72/><V31/><F31/><W30/><G30/><T128/><D128/><U104/><E104/><V21/><F21/><AGARI ba="0,1" hai="14,19,21,37,42,46,48,55,58,64,66,85,89,92" machi="21" ten="30,8000,1" yaku="1,1,7,1,25,2,52,1,53,0" doraHai="38" doraHaiUra="131" who="1" fromWho="2" sc="270,0,454,90,113,-80,153,0" owari="270,7.0,544,65.0,33,-47.0,153,-25.0" /></mjloggm>