<mjloggm ver="2.3"><GO type="185" lobby="0"/><UN n0="%44%75%73%6B" n1="%E6%B5%81%E7%9F%B3%E4%B8%80%E6%97%8F" n2="%6E%69%6B%6F%6C%75%30%33" n3="" dan="16,16,17,0" rate="2171.97,2167.59,2277.44,1500.00" sx="M,F,M,C"/><TAIKYOKU oya="0"/><INIT seed="0,0,0,3,1,57" ten="350,350,350,0" oya="0" hai0="81,97,124,37,66,105,107,70,47,67,85,119,128" hai1="73,50,118,36,65,33,56,96,71,41,103,88,121" hai2="1,86,89,77,80,130,40,111,39,74,98,102,93" hai3=""/><T117/><D67/><U76/><N who="1" m="31008" /><U134/><E33/><V69/><F1/><T68/><D128/><U123/><N who="1" m="31520" /><U54/><E118/><V112/><F112/><T35/><D35/><U87/><E134/><V78/><F69/><T2/><D2/><U46/><E76/><V60/><F130/><T90/><D124/><U122/><N who="1" m="31264" /><U64/><E73/><V58/><F111/><T52/><D68/><U91/><E71/><V32/><F32/><T72/><D72/><U92/><REACH who="1" step="1"/><E91/><REACH who="1" ten="350,340,350,0" step="2"/><V133/><F133/><T131/><D119/><U108/><E108/><V75/><F75/><T99/><D117/><U116/><E116/><V115/><F115/><T0/><D131/><U59/><E59/><V126/><F126/><T42/><D0/><U55/><E55/><V132/><F132/><T62/><D52/><U95/><AGARI ba="0,1" hai="36,41,46,50,54,56,64,65,87,88,92,95,96,103" m="31264,31520,31008" machi="95" ten="20,9000,2" yaku="1,1,0,1,7,1,52,3,54,1,53,0" doraHai="57" doraHaiUra="127" who="1" fromWho="1" sc="350,-60,340,100,350,-30,0,0" /><INIT seed="1,0,0,2,2,92" ten="290,440,320,0" oya="1" hai0="42,39,120,124,64,82,105,34,55,96,102,131,38" hai1="114,95,70,40,115,110,59,76,88,89,47,122,134" hai2="41,94,68,43,97,32,91,73,54,46,111,74,113" hai3=""/><U109/><N who="1" m="31264" /><U63/><E70/><V75/><F32/><T45/><N who="0" m="30752" /><T121/><N who="0" m="31008" /><T104/><D131/><U128/><E76/><V80/><F111/><N who="1" m="42505" /><E134/><V119/><F119/><T117/><D34/><U84/><E89/><V49/><F113/><T33/><D124/><U60/><E128/><V35/><F35/><T130/><D130/><U2/><E2/><V52/><F68/><T57/><D33/><U127/><E127/><V50/><REACH who="2" step="1"/><F80/><REACH who="2" ten="290,440,310,0" step="2"/><T126/><D126/><U48/><E63/><V118/><F118/><T78/><D117/><U0/><E0/><V53/><F53/><AGARI ba="0,1" hai="40,47,48,53,59,60,84,88,95,114,115" m="42505,31264" machi="53" ten="30,11600,0" yaku="14,1,10,1,52,1,54,1" doraHai="92" who="1" fromWho="2" sc="290,0,440,126,310,-116,0,0" /><INIT seed="1,1,0,0,2,109" ten="290,566,194,0" oya="1" hai0="49,81,133,132,33,44,106,74,45,62,3,100,63" hai1="65,38,111,96,116,51,117,125,78,75,113,87,91" hai2="105,89,103,134,115,56,107,32,84,70,108,40,121" hai3=""/><U34/><E38/><V67/><N who="2" m="31008" /><V68/><F32/><T59/><D3/><U82/><E34/><V92/><F108/><T90/><D33/><U88/><E65/><V41/><F134/><N who="0" m="51818" /><D59/><U77/><E51/><V1/><F1/><T50/><D100/><U123/><N who="1" m="31520" /><U99/><E111/><V135/><F135/><T93/><D106/><U79/><E125/><V66/><F103/><T72/><D49/><U127/><E127/><V60/><F115/><T122/><N who="0" m="31264" /><T114/><D114/><U71/><E71/><V42/><REACH who="2" step="1"/><F56/><REACH who="2" ten="290,566,184,0" step="2"/><T130/><D130/><U120/><N who="1" m="30752" /><U129/><E129/><V131/><F131/><T101/><D101/><U58/><E58/><V35/><F35/><T76/><D45/><U110/><E110/><V36/><F36/><T86/><D72/><U97/><E113/><V48/><F48/><T73/><D73/><U61/><E75/><V124/><F124/><T55/><AGARI ba="1,1" hai="44,50,55,62,63,74,76,81,86,90,93" m="31264,51818" machi="55" ten="30,1500,0" yaku="20,1,52,1" doraHai="109" who="0" fromWho="0" sc="290,27,566,-11,184,-6,0,0" /><INIT seed="2,0,0,1,0,85" ten="317,555,178,0" oya="2" hai0="34,64,103,82,105,134,83,0,57,46,104,109,120" hai1="48,72,127,88,54,98,36,44,69,63,1,124,133" hai2="101,51,68,56,52,132,42,66,117,71,89,80,49" hai3=""/><V79/><F117/><T70/><N who="0" m="30752" /><T40/><D34/><U47/><E72/><V135/><F101/><T114/><D0/><U78/><E78/><V41/><F89/><T126/><D109/><U113/><E1/><V53/><F80/><T90/><D126/><U58/><E113/><V131/><F79/><T93/><D134/><N who="2" m="51242" /><F131/><T39/><D114/><U118/><E118/><V122/><N who="2" m="31264" /><V128/><F128/><T130/><D130/><U106/><E106/><V102/><F102/><T87/><D83/><U99/><E99/><V67/><F67/><T74/><D74/><U3/><E3/><V55/><F66/><T125/><D125/><U94/><E133/><V32/><F32/><T96/><D104/><U100/><E100/><V97/><F97/><T95/><D82/><U35/><E35/><V92/><F92/><T107/><D105/><U60/><E127/><V75/><F75/><T116/><D107/><U91/><E124/><V73/><F73/><T86/><D86/><U38/><E94/><V81/><F81/><T59/><D116/><U61/><E98/><V111/><F111/><T108/><D108/><U110/><E110/><V33/><F33/><T43/><D93/><U129/><E129/><V121/><F121/><RYUUKYOKU ba="0,0" sc="317,0,555,0,178,0,0,0" /><INIT seed="4,1,0,0,0,108" ten="317,555,178,0" oya="0" hai0="118,109,132,46,37,115,99,75,122,73,102,38,48" hai1="121,112,50,114,95,87,86,134,70,79,32,49,77" hai2="1,91,62,44,80,126,58,117,39,64,69,128,54" hai3=""/><T130/><N who="0" m="31264" /><T41/><D109/><U125/><N who="1" m="31008" /><U93/><E70/><V103/><F1/><T83/><D118/><U92/><E134/><V90/><F117/><T106/><D132/><U51/><E125/><V101/><F126/><T61/><D130/><U36/><E36/><V67/><F128/><T120/><N who="0" m="30752" /><T116/><D116/><U0/><E0/><V107/><F67/><T82/><D37/><U96/><E96/><V129/><F129/><T57/><D38/><U98/><E98/><V135/><F135/><T34/><D34/><U40/><E40/><V33/><F33/><T72/><REACH who="0" step="1"/><D115/><REACH who="0" ten="307,555,178,0" step="2"/><N who="1" m="44075" /><E32/><V119/><F119/><T63/><D63/><U124/><E124/><V35/><F35/><T42/><D42/><U59/><E59/><V111/><F111/><T45/><D45/><U85/><AGARI ba="1,1" hai="49,50,51,77,79,85,86,87,92,93,95" m="44075,31008" machi="85" ten="40,12000,3" yaku="29,2,28,2,15,1,11,1,52,4" doraHai="108" who="1" fromWho="1" sc="307,-81,555,132,178,-41,0,0" /><INIT seed="5,0,0,2,0,40" ten="226,687,137,0" oya="1" hai0="130,66,125,69,81,41,98,36,127,51,78,126,103" hai1="105,85,62,57,132,72,35,133,104,56,3,101,131" hai2="120,91,96,123,32,45,48,124,74,50,43,1,113" hai3=""/><U118/><E72/><V42/><N who="2" m="30752" /><V55/><N who="2" m="31520" /><V49/><F1/><T116/><D130/><U33/><E3/><V86/><F32/><T46/><D116/><U60/><E118/><V106/><F74/><T93/><D66/><U47/><E85/><V44/><F124/><T71/><D36/><U115/><E101/><V99/><F106/><T38/><REACH who="0" step="1"/><D51/><REACH who="0" ten="216,687,137,0" step="2"/><U117/><E117/><V76/><F113/><T87/><AGARI ba="0,1" hai="38,41,46,69,71,78,81,87,93,98,103,125,126,127" machi="87" ten="30,6000,1" yaku="1,1,2,1,0,1,18,1,52,1,53,0" doraHai="40" doraHaiUra="112" who="0" fromWho="0" sc="216,70,687,-40,137,-20,0,0" /><INIT seed="6,0,0,3,1,95" ten="286,647,117,0" oya="2" hai0="103,71,112,73,2,58,134,99,64,121,76,87,36" hai1="91,77,53,59,109,60,52,85,83,123,47,49,125" hai2="105,107,97,101,94,57,61,128,56,50,79,51,130" hai3=""/><V37/><F37/><T133/><N who="0" m="31008" /><T66/><D36/><U67/><N who="1" m="31520" /><U116/><E125/><V110/><F110/><T78/><D2/><U45/><E116/><V46/><F79/><T122/><N who="0" m="31264" /><T68/><D112/><U102/><E109/><V117/><F117/><T126/><D73/><U96/><E77/><N who="0" m="29801" /><D87/><U90/><E90/><V86/><F51/><T3/><D3/><U69/><E53/><V92/><F92/><AGARI ba="0,0" hai="45,47,49,52,59,60,67,69,83,85,91,92,96,102" m="31520" machi="92" ten="30,7700,0" yaku="7,1,52,2,54,1" doraHai="95" who="1" fromWho="2" sc="286,0,647,77,117,-77,0,0" owari="286,-11.0,724,67.0,40,-56.0,0,0.0" /></mjloggm>