<mjloggm ver="2.3"><GO type="169" lobby="0"/><UN n0="%41%2E%4B%39%6D%65%63" n1="%E3%81%A1%E3%82%83%E3%82%8B%E5%AD%90" n2="%73%68%6F%35%35%35%35%35" n3="%E3%81%97%E3%82%87%E3%83%BC%E3%81%9F%E3%82%8D" dan="17,17,16,17" rate="2276.64,2236.83,2121.66,2140.88" sx="M,M,M,M"/><TAIKYOKU oya="0"/><INIT seed="0,0,0,0,0,13" ten="250,250,250,250" oya="0" hai0="69,53,130,27,96,24,85,120,22,91,29,123,51" hai1="60,127,110,94,89,63,45,12,95,11,41,31,39" hai2="32,98,28,33,25,114,73,40,5,122,102,62,121" hai3="90,109,126,9,67,72,55,135,57,128,70,50,105"/><T7/><D69/><U14/><E110/><V78/><F114/><W134/><G105/><T74/><D74/><U99/><E127/><V115/><F115/><W20/><G72/><T0/><D130/><U82/><E31/><V75/><F33/><W3/><G109/><T1/><D96/><U104/><E104/><V125/><F125/><W49/><G126/><T112/><D112/><U46/><E46/><V34/><F34/><W92/><G128/><T93/><D27/><U68/><E68/><V108/><F108/><W23/><G50/><T133/><D133/><N who="3" m="50697" /><G67/><T26/><D26/><U61/><E82/><V76/><F40/><W44/><G44/><T80/><D80/><U87/><REACH who="1" step="1"/><E11/><REACH who="1" ten="250,240,250,250" step="2"/><V119/><F28/><W17/><G70/><T124/><D124/><U83/><E83/><V111/><F111/><W88/><G92/><T118/><D118/><U21/><E21/><V43/><F119/><W42/><G42/><T35/><D35/><U66/><E66/><V47/><F32/><W81/><G81/><T8/><REACH who="0" step="1"/><D0/><REACH who="0" ten="240,240,250,250" step="2"/><U84/><E84/><V77/><F75/><W48/><G3/><T15/><D15/><U100/><AGARI ba="0,2" hai="12,14,39,41,45,60,61,63,87,89,94,95,99,100" machi="100" ten="30,2000,0" yaku="1,1,0,1,53,0" doraHai="13" doraHaiUra="4" who="1" fromWho="1" sc="240,-10,240,40,250,-5,250,-5" /><INIT seed="1,0,0,3,3,62" ten="230,280,245,245" oya="1" hai0="37,134,63,80,110,20,97,51,101,120,114,102,34" hai1="127,129,84,14,49,68,12,115,50,70,100,5,57" hai2="32,67,6,119,128,73,123,41,22,60,13,46,64" hai3="24,107,0,38,124,88,3,93,40,118,8,35,130"/><U83/><E115/><V28/><F119/><W95/><G107/><T133/><D34/><U98/><E129/><V131/><F123/><W87/><G118/><T72/><D37/><U59/><E127/><V1/><F73/><W18/><G130/><N who="2" m="49705" /><F60/><W10/><G124/><T94/><D51/><U54/><E70/><V113/><F113/><W76/><G76/><N who="0" m="44039" /><D20/><U21/><E68/><V16/><F1/><W111/><G111/><T11/><D11/><U9/><E21/><V42/><F6/><W117/><G117/><T2/><D63/><U105/><E50/><N who="2" m="26959" /><F42/><W79/><G79/><T132/><D2/><U48/><E48/><V65/><F28/><W69/><G69/><T31/><D31/><U104/><E104/><V26/><F32/><W29/><G40/><T75/><D114/><U43/><E43/><V39/><F39/><W56/><G38/><T55/><D55/><U96/><E96/><V106/><F106/><W53/><G3/><T89/><D75/><U19/><E12/><AGARI ba="0,0" hai="12,13,16,22,26,64,65,67" m="26959,49705" machi="12" ten="30,8000,1" yaku="19,1,52,3,54,1" doraHai="62" who="2" fromWho="1" sc="230,0,280,-80,245,80,245,0" /><INIT seed="2,0,0,3,0,54" ten="230,200,325,245" oya="2" hai0="58,122,73,128,21,93,6,3,56,119,99,33,61" hai1="39,31,96,77,34,25,123,27,29,5,72,108,17" hai2="9,46,4,103,82,44,16,130,125,43,84,121,49" hai3="113,106,92,57,74,105,41,116,13,38,52,22,12"/><V127/><F121/><W51/><G116/><T131/><D122/><U55/><E123/><V118/><F118/><W70/><G70/><T0/><D33/><U104/><E108/><V100/><F130/><N who="0" m="49706" /><D119/><U32/><E5/><V120/><F120/><W63/><G113/><T65/><D73/><U75/><E17/><V87/><F46/><N who="3" m="26063" /><G38/><T14/><D58/><U86/><E39/><V30/><F30/><W111/><G74/><T133/><D133/><U8/><E8/><V124/><F87/><W112/><G105/><T64/><D64/><U11/><E11/><V90/><REACH who="2" step="1"/><F16/><REACH who="2" ten="230,200,315,245" step="2"/><W79/><G112/><T66/><D6/><U19/><E19/><V132/><F132/><W28/><G111/><T24/><D24/><U20/><E75/><V40/><F40/><W109/><G109/><T94/><D99/><U95/><E72/><V76/><F76/><W2/><G79/><T80/><D21/><U135/><E135/><V110/><F110/><W1/><G22/><T101/><D3/><AGARI ba="0,1" hai="3,4,9,43,44,49,82,84,90,100,103,124,125,127" machi="3" ten="40,3900,0" yaku="1,1,18,1,53,0" doraHai="54" doraHaiUra="117" who="2" fromWho="0" sc="230,-39,200,0,315,49,245,0" /><INIT seed="2,1,0,4,4,132" ten="191,200,364,245" oya="2" hai0="3,40,110,22,77,74,106,97,58,64,26,11,17" hai1="38,33,9,84,76,42,0,29,12,114,107,119,81" hai2="104,80,57,112,32,109,43,122,55,134,99,62,86" hai3="90,59,93,66,102,68,31,36,129,56,1,78,124"/><V50/><F112/><W51/><G36/><T13/><D110/><U120/><E114/><V70/><F122/><W135/><G1/><T65/><D3/><U5/><E120/><V20/><F32/><W118/><G118/><T116/><D116/><U8/><E119/><V14/><F134/><W69/><G135/><T10/><D10/><U91/><E107/><V96/><F104/><W117/><G102/><T47/><D58/><U67/><E67/><V130/><F130/><W18/><G78/><T54/><D54/><U92/><E29/><V45/><F70/><W123/><G31/><T60/><D60/><U75/><E33/><V79/><F109/><W35/><G35/><T105/><D105/><U24/><E24/><V127/><F127/><W4/><G4/><T113/><D113/><U27/><E27/><V28/><F28/><W115/><G124/><T121/><D121/><U52/><E52/><V41/><REACH who="2" step="1"/><F43/><REACH who="2" ten="191,200,354,245" step="2"/><W16/><G115/><T98/><D106/><U85/><E42/><V63/><F63/><N who="3" m="38271" /><G123/><T19/><D40/><U128/><E128/><V133/><F133/><W125/><G125/><T39/><D65/><U34/><E34/><V89/><F89/><W44/><G129/><T46/><D64/><U103/><E103/><V101/><F101/><W2/><G117/><T72/><D77/><U30/><E30/><V94/><F94/><W73/><G69/><T61/><D61/><U88/><E91/><V21/><F21/><W53/><G68/><T15/><D22/><U83/><E92/><V71/><F71/><W7/><G93/><T87/><D11/><RYUUKYOKU ba="1,1" sc="191,-10,200,-10,354,30,245,-10" hai2="14,20,41,45,50,55,57,62,79,80,86,96,99" /><INIT seed="2,2,1,4,0,17" ten="181,190,384,235" oya="2" hai0="124,14,28,128,113,4,69,59,31,108,0,29,55" hai1="82,2,93,72,18,119,85,114,98,126,35,109,6" hai2="32,70,104,92,94,20,112,43,40,87,111,1,67" hai3="10,38,76,129,49,39,30,117,97,107,83,71,57"/><V66/><F104/><W81/><G117/><T78/><D113/><U130/><E114/><V5/><F32/><W134/><G71/><T116/><D69/><U75/><E119/><V22/><F112/><W73/><G30/><T36/><D36/><U34/><E109/><V84/><F70/><W3/><G129/><T90/><D116/><U19/><E130/><V56/><F56/><W15/><G3/><T23/><D108/><U47/><E126/><V80/><F80/><W62/><G49/><T44/><D44/><U26/><E75/><V115/><F115/><W74/><G134/><T95/><D78/><U132/><E72/><V45/><F45/><W65/><G107/><T79/><D79/><U131/><E132/><V27/><F27/><W60/><G97/><N who="0" m="57591" /><D0/><U37/><E131/><V61/><F1/><W12/><G74/><T63/><D124/><U48/><E37/><V64/><F67/><W54/><G81/><T106/><D106/><U123/><E123/><V7/><REACH who="2" step="1"/><F61/><REACH who="2" ten="181,190,374,235" step="2"/><W21/><G62/><T89/><D128/><U50/><E35/><V42/><F42/><W102/><G65/><T16/><D4/><U120/><E34/><V100/><F100/><W133/><G102/><T51/><D63/><U88/><E120/><V13/><F13/><W121/><G121/><T96/><D89/><U8/><E26/><V105/><F105/><W53/><G133/><T41/><D41/><N who="1" m="24687" /><E50/><V24/><F24/><W135/><G135/><T127/><D127/><U77/><E2/><V68/><F68/><W52/><G60/><T91/><D91/><N who="1" m="55615" /><E77/><V25/><F25/><RYUUKYOKU ba="2,2" sc="181,10,190,10,374,10,235,-30" hai0="14,16,23,28,29,31,51,55,59,96" hai1="6,8,18,19,82,85,88" hai2="5,7,20,22,40,43,64,66,84,87,92,94,111" /><INIT seed="2,3,2,1,1,63" ten="191,200,384,205" oya="2" hai0="133,91,47,105,124,54,68,90,20,40,28,13,135" hai1="22,103,29,80,14,64,38,17,41,3,121,43,107" hai2="110,66,6,2,58,112,127,102,92,126,89,108,132" hai3="12,101,99,24,113,84,88,37,123,35,8,87,78"/><V10/><F112/><W33/><G123/><T75/><D75/><U71/><E121/><V16/><F102/><W60/><G113/><T48/><D105/><U79/><E3/><V65/><F132/><N who="0" m="50762" /><D68/><U117/><E117/><V44/><F44/><W95/><G37/><N who="0" m="21903" /><D124/><N who="2" m="47658" /><F58/><W0/><G0/><T19/><D28/><U67/><E71/><V39/><F39/><W21/><G78/><T53/><D53/><U25/><E38/><V62/><F62/><W86/><G60/><T128/><D128/><U32/><E43/><V97/><F16/><N who="3" m="12327" /><G35/><T96/><D96/><U36/><E36/><V125/><N who="2" m="47666" /><V81/><DORA hai="72" /><F81/><N who="3" m="49167" /><G33/><T42/><D42/><U106/><E41/><V59/><F59/><AGARI ba="3,2" hai="13,19,20,48,54,59,90,91" m="21903,50762" machi="59" ten="30,1000,0" yaku="20,1" doraHai="63,72" who="0" fromWho="2" sc="191,39,200,0,384,-19,205,0" /><INIT seed="3,0,0,3,3,56" ten="230,200,365,205" oya="3" hai0="29,100,18,7,116,62,61,77,133,17,64,101,125" hai1="115,16,42,78,6,97,72,44,23,12,46,5,85" hai2="15,21,2,117,76,129,66,48,8,88,25,10,14" hai3="34,112,30,113,11,32,4,57,45,135,87,121,131"/><W119/><G119/><T49/><D116/><U1/><E115/><V79/><F2/><W54/><G121/><T65/><D133/><U80/><E1/><V53/><F66/><N who="0" m="25706" /><D125/><U50/><E72/><V73/><F117/><W130/><G135/><T24/><D77/><U84/><E84/><V108/><F108/><W105/><G105/><T83/><D83/><U74/><E74/><V37/><F37/><W111/><G111/><T38/><D38/><U104/><E104/><V68/><F68/><W103/><G103/><N who="0" m="39499" /><D7/><U71/><E71/><V43/><F76/><W92/><G45/><T122/><D122/><U86/><E97/><V0/><F79/><W96/><G96/><T99/><D49/><U40/><REACH who="1" step="1"/><E85/><REACH who="1" ten="230,190,365,205" step="2"/><V114/><F73/><W91/><G112/><T126/><D99/><U47/><E47/><V98/><F114/><W33/><G113/><T123/><D123/><U82/><E82/><V67/><F98/><W13/><REACH who="3" step="1"/><G30/><REACH who="3" ten="230,190,365,195" step="2"/><T27/><D29/><U106/><E106/><V107/><F107/><W35/><N who="3" m="8192" /><DORA hai="51" /><W134/><G134/><T3/><D126/><U58/><E58/><V63/><F43/><W90/><G90/><T128/><D128/><U75/><E75/><V41/><F88/><W31/><G31/><T69/><D69/><U94/><E94/><V120/><F41/><W81/><G81/><T26/><D3/><U118/><E118/><V89/><F0/><W19/><G19/><AGARI ba="0,2" hai="17,18,19,24,26,27,61,62" m="39499,25706" machi="19" ten="30,8000,1" yaku="28,2,8,1,52,2" doraHai="56,51" who="0" fromWho="3" sc="230,100,190,0,365,0,195,-80" /><INIT seed="4,0,0,5,2,134" ten="330,190,365,115" oya="0" hai0="110,135,99,63,78,124,45,15,85,79,1,69,115" hai1="121,117,51,105,133,20,28,87,91,126,80,21,119" hai2="6,128,37,118,90,95,122,86,53,68,9,98,41" hai3="40,58,114,100,96,75,11,94,67,104,102,103,32"/><T3/><D135/><U7/><E133/><V125/><F122/><W31/><G114/><T130/><D115/><U72/><E121/><V84/><F68/><W22/><G75/><T26/><D130/><U127/><E105/><V112/><F112/><W55/><G32/><T74/><D74/><U123/><E123/><V82/><F118/><W19/><G104/><T14/><D45/><U61/><E72/><V2/><F128/><W50/><G11/><T57/><D69/><U39/><E39/><V35/><F35/><W44/><G31/><T116/><D26/><U65/><E51/><V46/><F125/><N who="1" m="47625" /><E7/><V66/><F66/><W71/><G67/><T107/><D107/><U43/><E43/><V89/><F53/><W18/><G71/><T42/><D42/><U106/><E106/><V76/><F90/><N who="3" m="55383" /><G22/><N who="1" m="8810" /><E28/><V49/><F49/><AGARI ba="0,0" hai="18,19,40,44,49,50,55,58,100,102,103" m="55383" machi="49" ten="30,1000,0" yaku="8,1" doraHai="134" who="3" fromWho="2" sc="330,0,190,0,365,-10,115,10" /><INIT seed="5,0,0,2,5,107" ten="330,190,355,125" oya="1" hai0="28,47,11,102,27,21,32,81,3,97,24,39,65" hai1="80,93,37,8,98,87,46,17,66,60,72,55,101" hai2="16,84,44,18,86,2,69,34,79,114,59,83,104" hai3="14,116,22,121,111,88,74,50,124,64,30,70,20"/><U7/><E17/><V131/><F69/><W89/><G111/><T23/><D65/><U9/><E72/><V52/><F104/><W130/><G121/><T61/><D61/><U62/><E37/><V5/><F34/><W106/><G106/><T100/><D47/><U92/><E92/><V133/><F131/><W6/><G130/><T108/><D39/><U134/><E134/><V128/><F128/><W117/><G124/><T71/><D71/><U118/><E118/><N who="3" m="45674" /><G50/><T95/><D108/><U58/><E7/><V33/><F33/><W29/><G74/><T15/><D3/><U40/><E40/><V73/><F44/><W132/><G132/><T90/><D81/><U4/><E4/><V112/><F5/><W94/><G89/><T125/><D125/><U57/><REACH who="1" step="1"/><E46/><REACH who="1" ten="330,180,355,125" step="2"/><V103/><F133/><W99/><G29/><T49/><D95/><U68/><E68/><V120/><F18/><W78/><G78/><AGARI ba="0,1" hai="8,9,55,57,58,60,62,66,78,80,87,93,98,101" machi="78" ten="30,5800,0" yaku="1,1,7,1,8,1,53,0" doraHai="107" doraHaiUra="25" who="1" fromWho="3" sc="330,0,180,68,355,0,125,-58" /><INIT seed="5,1,0,4,4,92" ten="330,248,355,67" oya="1" hai0="106,121,23,82,101,12,16,69,6,91,56,125,75" hai1="47,132,45,52,44,76,67,70,97,110,8,31,105" hai2="108,133,21,89,115,51,111,34,102,71,103,42,14" hai3="37,123,118,107,27,43,96,127,24,113,11,120,10"/><U98/><E105/><V26/><F71/><W53/><G43/><T72/><D69/><U109/><E76/><V58/><F34/><W68/><G68/><T95/><D125/><U64/><E132/><V13/><F111/><N who="1" m="42505" /><E31/><V0/><F0/><W112/><G37/><T135/><D135/><U100/><E100/><V93/><F133/><W25/><G53/><T81/><D121/><N who="3" m="46665" /><G127/><T40/><D40/><U59/><E8/><N who="3" m="3114" /><G107/><T38/><D6/><U18/><E18/><V46/><F108/><W77/><G77/><T119/><D119/><U7/><E7/><V2/><F2/><W90/><G90/><T57/><D38/><U79/><E79/><V1/><F1/><W5/><G96/><N who="1" m="36970" /><E70/><V122/><F122/><W117/><G5/><T61/><D101/><U19/><E19/><V4/><F4/><W20/><G20/><T83/><D106/><U39/><E39/><V104/><F103/><W130/><G130/><T15/><D75/><U36/><E36/><V124/><F102/><W3/><G3/><T128/><D72/><U78/><E78/><V29/><F124/><W32/><G32/><T22/><D128/><U49/><AGARI ba="1,0" hai="44,45,47,49,52,59,64,67" m="36970,42505" machi="49" ten="40,12000,1" yaku="10,1,52,3,54,1" doraHai="92" who="1" fromWho="1" sc="330,-41,248,123,355,-41,67,-41" /><INIT seed="5,2,0,3,5,0" ten="289,371,314,26" oya="1" hai0="50,134,13,103,35,133,15,20,11,126,67,127,82" hai1="65,54,68,114,102,131,44,19,95,2,33,84,53" hai2="86,30,81,99,116,111,43,18,135,108,40,52,42" hai3="70,56,49,6,105,22,3,62,104,27,17,128,4"/><U92/><E114/><V74/><F116/><W48/><G3/><T29/><D103/><U23/><E33/><V115/><F74/><W51/><G70/><T83/><D67/><U5/><E131/><V97/><F135/><N who="0" m="51722" /><D50/><U73/><E73/><V21/><F30/><W91/><G128/><T120/><D120/><U101/><E65/><V7/><F7/><N who="3" m="2603" /><G105/><T58/><D58/><U113/><E5/><V55/><F115/><W12/><G104/><T132/><D11/><U45/><E2/><V79/><F111/><W60/><G56/><T129/><D129/><U14/><E113/><V32/><F32/><W78/><G78/><T121/><D121/><U119/><E119/><V100/><F108/><W69/><G69/><T118/><D118/><U36/><E36/><V94/><REACH who="2" step="1"/><F99/><REACH who="2" ten="289,371,304,26" step="2"/><W125/><G125/><N who="0" m="47627" /><D132/><U117/><E117/><V28/><F28/><N who="3" m="17527" /><G91/><T26/><D35/><U124/><E124/><V106/><F106/><W80/><G80/><AGARI ba="2,1" hai="13,15,20,26,29,80,82,83" m="47627,51722" machi="80" ten="30,2000,0" yaku="20,1,18,1" doraHai="0" who="0" fromWho="3" sc="289,36,371,0,304,0,26,-26" /><INIT seed="6,0,0,4,3,82" ten="325,371,304,0" oya="2" hai0="91,44,69,112,40,123,92,70,124,84,42,6,120" hai1="62,96,101,88,121,129,15,107,33,110,25,28,132" hai2="113,99,87,0,63,106,66,48,51,47,90,41,53" hai3="29,32,19,89,4,45,57,83,109,37,46,9,50"/><V11/><F113/><W5/><G109/><T30/><D112/><U104/><E110/><V95/><F0/><W60/><G37/><T116/><D30/><U35/><E132/><V26/><F11/><W103/><G103/><T117/><D6/><U114/><E114/><V17/><F106/><W94/><G83/><T81/><D124/><U71/><E129/><V56/><F26/><W2/><G32/><T135/><D135/><U130/><E130/><V118/><F118/><N who="0" m="45674" /><D42/><U126/><E126/><V3/><F3/><W125/><G29/><T119/><N who="0" m="45682" /><T59/><DORA hai="16" /><D59/><U10/><E121/><N who="0" m="46665" /><D81/><U14/><E35/><V20/><F99/><W134/><G134/><T38/><AGARI ba="0,0" hai="38,40,44,69,70,84,91,92" m="46665,45682" machi="38" ten="50,3200,0" yaku="12,1,52,1" doraHai="82,16" who="0" fromWho="0" sc="325,32,371,-8,304,-16,0,-8" owari="357,16.0,363,46.0,288,-11.0,-8,-51.0" /></mjloggm>