<mjloggm ver="2.3"><GO type="225" lobby="0"/><UN n0="%E8%A8%88%E7%AE%97%E6%A9%9F%E8%87%AA%E7%84%B6" n1="%E3%82%AB%E3%83%9C%E3%83%81%E3%83%A3%E3%82%BF%E3%83%8D" n2="%E3%82%8F%E3%81%A3%E3%81%97%E3%82%87%E3%81%84%E5%90%9B%32%E5%8F%B7" n3="%6B%79%6F%6E%6B%6F%31%31" dan="17,16,17,17" rate="2280.22,2092.43,2250.81,2205.34" sx="M,M,M,M"/><TAIKYOKU oya="0"/><INIT seed="0,0,0,1,0,117" ten="250,250,250,250" oya="0" hai0="3,66,33,25,131,85,82,32,50,58,123,125,24" hai1="74,46,65,104,41,27,26,70,45,39,14,95,19" hai2="109,18,78,8,98,91,81,101,69,89,90,67,0" hai3="83,93,114,71,68,43,111,5,15,110,128,62,130"/><T112/><D112/><U126/><E104/><V52/><F109/><N who="3" m="41483" /><G114/><T107/><D3/><U16/><E74/><V108/><F108/><W4/><G83/><T56/><D107/><U1/><E1/><V47/><F69/><N who="3" m="26699" /><G62/><T134/><D125/><U21/><E126/><V49/><F67/><W53/><G53/><T84/><D82/><U61/><E95/><N who="2" m="58591" /><F0/><W99/><G43/><T97/><D97/><U72/><E72/><V133/><F133/><W113/><G113/><T23/><D66/><U94/><E94/><V9/><F18/><W55/><G55/><T121/><D50/><U29/><E29/><V22/><F22/><W77/><G77/><T124/><D23/><U106/><E106/><V51/><F51/><W10/><G4/><T76/><D124/><U122/><E45/><V132/><F132/><W30/><G30/><T75/><D76/><U59/><E70/><V6/><F6/><W44/><G44/><T63/><D75/><U135/><E135/><V54/><F54/><W73/><G73/><T37/><D134/><U28/><E19/><V40/><F40/><W48/><G48/><T88/><D63/><U36/><E36/><V2/><F2/><W20/><G20/><T11/><D37/><U60/><E60/><V31/><F31/><W115/><G115/><T64/><D64/><U102/><E27/><V100/><F81/><W118/><G118/><T57/><D57/><U116/><E116/><V13/><F78/><W34/><G34/><T103/><D58/><U105/><E105/><V80/><F80/><W17/><G5/><T92/><D56/><RYUUKYOKU ba="0,0" sc="250,-10,250,-10,250,-10,250,30" hai3="10,15,17,93,99,128,130" /><INIT seed="1,1,0,4,4,123" ten="240,240,240,280" oya="1" hai0="16,70,80,10,29,75,125,54,84,113,85,46,26" hai1="18,119,48,83,58,34,86,101,17,132,133,116,7" hai2="81,1,109,76,100,4,61,9,114,131,110,112,14" hai3="32,134,27,71,115,35,88,23,37,73,74,129,56"/><U90/><E34/><V66/><F100/><W6/><G71/><T105/><D113/><N who="2" m="43626" /><F131/><W30/><G115/><T98/><D70/><U126/><E7/><V5/><F5/><W49/><G37/><T52/><D125/><U22/><E126/><V25/><F25/><W42/><G129/><T68/><D68/><U78/><E101/><V92/><F92/><W120/><G120/><T117/><D117/><U12/><E18/><V107/><F107/><W47/><G134/><N who="1" m="51818" /><E78/><V50/><F50/><W55/><G6/><T121/><D121/><U104/><E104/><V59/><F1/><W89/><G73/><AGARI ba="1,0" hai="4,9,14,59,61,66,73,76,81,109,110" m="43626" machi="73" ten="30,3900,0" yaku="11,1,52,2" doraHai="123" who="2" fromWho="3" sc="240,0,240,0,240,42,280,-42" /><INIT seed="2,0,0,2,4,48" ten="240,240,282,238" oya="2" hai0="52,64,106,72,44,42,63,102,15,105,89,27,7" hai1="108,127,54,34,32,124,62,10,41,3,17,21,65" hai2="45,130,14,28,53,68,101,71,12,51,30,70,98" hai3="121,35,9,112,80,113,79,120,84,100,107,22,111"/><V133/><F133/><W29/><G35/><T55/><D72/><U39/><E108/><V77/><F130/><W25/><G111/><T40/><D106/><U117/><E117/><V61/><F77/><W47/><G100/><T19/><D105/><U18/><E41/><N who="0" m="15977" /><D102/><U36/><E65/><V24/><F61/><W8/><G107/><T20/><D44/><U125/><E10/><N who="3" m="4202" /><G47/><T134/><D134/><U49/><E62/><V92/><REACH who="2" step="1"/><F30/><REACH who="2" ten="240,240,272,238" step="2"/><W81/><G121/><T85/><D7/><U114/><E114/><V88/><F88/><W0/><G120/><T104/><D27/><N who="1" m="14767" /><E18/><V31/><F31/><W5/><G113/><T26/><D26/><U123/><E123/><V122/><F122/><W56/><G112/><T57/><D104/><U91/><E91/><V13/><F13/><W2/><G5/><T131/><D131/><U58/><E3/><V93/><F93/><AGARI ba="0,1" hai="15,19,20,52,55,57,63,64,85,89,93" m="15977" machi="93" ten="30,7700,0" yaku="8,1,52,2,54,1" doraHai="48" who="0" fromWho="2" sc="240,87,240,0,272,-77,238,0" /><INIT seed="3,0,0,0,5,19" ten="327,240,195,238" oya="3" hai0="108,1,60,31,42,69,13,115,9,128,83,33,43" hai1="119,8,133,127,0,78,12,30,14,34,86,64,79" hai2="50,76,95,29,3,16,132,109,55,102,71,122,94" hai3="37,54,62,134,5,49,93,21,35,117,118,58,99"/><W77/><G35/><T114/><D1/><U20/><E127/><V10/><F109/><W131/><G37/><T38/><D108/><U84/><E133/><V124/><F132/><W59/><G134/><T106/><D106/><U65/><E34/><V130/><F124/><W39/><G39/><T90/><D128/><U105/><E105/><V89/><F130/><W107/><G107/><T32/><D69/><U98/><E98/><V45/><F122/><W80/><G131/><T100/><D100/><U68/><E0/><V92/><F71/><W74/><G5/><N who="0" m="3247" /><D60/><U28/><E68/><V24/><F76/><N who="1" m="29225" /><E119/><V97/><F102/><W70/><G70/><T26/><D33/><U104/><E104/><V18/><F18/><W81/><G81/><T7/><D38/><U67/><E20/><N who="2" m="15495" /><F3/><W46/><G21/><T51/><D51/><U36/><E36/><V129/><F129/><W61/><G61/><T23/><D7/><N who="1" m="3103" /><E14/><AGARI ba="0,0" hai="10,14,16,45,50,55,89,92,94,95,97" m="15495" machi="14" ten="30,3900,0" yaku="8,1,52,1,54,1" doraHai="19" who="2" fromWho="1" sc="327,0,240,-39,195,39,238,0" owari="327,43.0,201,-30.0,234,-17.0,238,4.0" /></mjloggm>