<mjloggm ver="2.3"><GO type="169" lobby="0"/><UN n0="%E3%81%8D%E3%81%BE%E3%81%99" n1="%E3%81%8B%E3%81%A5%E3%81%8D%EF%BC%B8%EF%BC%A9" n2="%E3%81%8B%E3%81%A3%E9%A3%9B%E3%81%B0%E3%81%9B%E5%85%A8%E9%83%A8" n3="%E6%A9%8B%E5%A0%B4" dan="17,17,16,17" rate="2210.84,2124.86,2102.61,2190.74" sx="M,M,M,M"/><TAIKYOKU oya="0"/><INIT seed="0,0,0,2,5,99" ten="250,250,250,250" oya="0" hai0="22,14,45,21,120,32,112,61,66,62,48,5,59" hai1="6,20,37,129,71,126,10,133,84,124,4,94,55" hai2="25,36,73,38,127,0,53,110,47,118,89,114,29" hai3="11,92,77,79,90,101,119,57,80,103,105,33,23"/><T12/><D32/><U15/><E37/><V85/><F114/><W46/><G33/><T122/><D112/><U86/><E71/><V54/><F73/><W123/><G119/><T7/><D66/><U113/><E113/><V116/><F0/><W28/><G105/><T135/><D48/><U49/><E129/><V81/><F110/><W39/><G123/><T97/><D59/><U35/><E35/><V106/><F106/><W31/><G39/><N who="2" m="14889" /><F47/><W56/><G46/><T96/><REACH who="0" step="1"/><D45/><REACH who="0" ten="240,250,250,250" step="2"/><U104/><E49/><V1/><F116/><W34/><G34/><T132/><AGARI ba="0,1" hai="5,7,12,14,21,22,61,62,96,97,120,122,132,135" machi="132" ten="25,18000,2" yaku="1,1,2,1,0,1,22,2,53,2" doraHai="99" doraHaiUra="8" who="0" fromWho="0" sc="240,190,250,-60,250,-60,250,-60" /><INIT seed="0,1,0,4,1,131" ten="430,190,190,190" oya="0" hai0="52,64,43,70,69,13,76,134,72,45,84,57,49" hai1="103,8,106,92,116,51,58,130,41,32,53,82,77" hai2="37,122,1,99,36,42,109,38,119,39,87,55,75" hai3="21,94,89,97,50,113,112,79,6,10,54,123,18"/><T9/><D72/><U104/><E32/><V16/><F122/><W0/><G79/><T11/><D134/><U19/><E116/><V105/><F75/><W78/><G78/><T102/><D102/><U88/><E130/><V4/><F119/><W20/><G20/><T29/><D29/><U128/><E103/><V114/><F114/><W5/><G5/><T25/><D25/><U127/><E127/><V17/><F109/><W60/><G123/><T90/><D76/><U101/><E101/><V81/><F55/><W121/><G121/><T48/><D64/><U85/><E41/><V65/><F65/><W126/><G126/><T63/><D49/><U110/><E110/><V117/><F117/><W12/><REACH who="3" step="1"/><G60/><REACH who="3" ten="430,190,190,180" step="2"/><T34/><D34/><U33/><E33/><V14/><F4/><W61/><G61/><T73/><D73/><U28/><E128/><V124/><F124/><W98/><G98/><T86/><D9/><U71/><E28/><V67/><F99/><W35/><G35/><T93/><D84/><U68/><E8/><V7/><F87/><W108/><G108/><T30/><D30/><U133/><E19/><AGARI ba="1,1" hai="11,13,19,43,45,48,52,57,63,69,70,86,90,93" machi="19" ten="30,2900,0" yaku="7,1,54,1" doraHai="131" who="0" fromWho="1" sc="430,42,190,-32,190,0,180,0" /><INIT seed="0,2,0,5,5,18" ten="472,158,190,180" oya="0" hai0="5,13,41,134,15,77,55,45,76,72,17,73,111" hai1="135,35,124,23,89,69,2,116,21,26,16,96,47" hai2="20,57,132,53,133,92,120,78,121,7,125,52,127" hai3="3,117,50,110,123,104,0,109,115,71,34,87,98"/><T107/><D55/><N who="2" m="21066" /><F7/><W51/><G87/><T64/><D64/><U28/><E69/><V4/><F4/><W43/><G98/><T33/><D33/><U60/><E2/><V25/><F57/><W22/><G34/><T105/><D134/><N who="2" m="51818" /><F92/><W70/><G104/><T42/><D5/><U122/><E122/><N who="2" m="47211" /><F78/><W19/><G123/><T62/><D17/><AGARI ba="2,0" hai="17,20,25,125,127" m="47211,51818,21066" machi="17" ten="40,5200,0" yaku="20,1,52,1,54,1" doraHai="18" who="2" fromWho="0" sc="472,-58,158,0,190,58,180,0" /><INIT seed="1,0,0,0,4,38" ten="414,158,248,180" oya="1" hai0="7,103,106,40,0,80,111,105,47,77,90,66,85" hai1="51,61,63,9,68,112,49,107,81,45,110,62,78" hai2="91,59,55,5,134,23,15,32,84,99,101,73,67" hai3="48,22,60,97,14,11,125,57,3,115,1,8,21"/><U135/><E107/><V128/><F134/><W70/><G115/><T50/><D111/><U25/><E112/><V88/><F128/><W89/><G125/><T113/><D113/><U19/><E135/><V56/><F73/><W20/><G70/><T44/><D103/><U93/><E110/><V126/><F32/><W6/><G48/><T79/><D66/><U31/><E68/><V28/><F126/><W117/><G117/><T16/><D105/><U76/><E93/><V54/><F67/><W94/><REACH who="3" step="1"/><G8/><REACH who="3" ten="414,158,248,170" step="2"/><T118/><D50/><U131/><E51/><V92/><F59/><W24/><G24/><T122/><D118/><U98/><E131/><V65/><F56/><W124/><G124/><T2/><D47/><U75/><E78/><V36/><F36/><W82/><G82/><T120/><D80/><U129/><E129/><V109/><F109/><W132/><G132/><T108/><D44/><U37/><E37/><V13/><F91/><W104/><G104/><T71/><D90/><U95/><E9/><V119/><F88/><W72/><G72/><T52/><D106/><U43/><E95/><V83/><F92/><W53/><AGARI ba="0,1" hai="1,3,6,11,14,20,21,22,53,57,60,89,94,97" machi="53" ten="30,7900,0" yaku="1,1,0,1,53,2" doraHai="38" doraHaiUra="35" who="3" fromWho="3" sc="414,-20,158,-39,248,-20,170,89" /><INIT seed="2,0,0,5,2,32" ten="394,119,228,259" oya="2" hai0="112,31,62,41,14,114,64,13,72,58,50,98,28" hai1="15,123,106,103,86,85,57,135,53,10,134,46,18" hai2="120,2,65,110,55,5,48,70,121,89,24,22,66" hai3="30,107,80,4,130,97,95,116,131,132,26,75,122"/><V118/><F118/><W63/><G116/><T7/><D72/><U33/><E33/><V60/><F66/><W56/><G107/><T17/><D112/><U1/><E123/><V82/><F110/><W127/><G122/><T23/><D98/><U83/><E46/><V25/><F25/><W79/><G4/><T87/><D87/><U71/><E71/><V105/><F105/><W119/><G127/><T40/><D114/><U115/><E115/><V54/><F54/><W8/><G8/><N who="0" m="4255" /><D50/><U99/><E1/><V96/><F5/><W39/><G39/><T35/><D35/><U78/><REACH who="1" step="1"/><E86/><REACH who="1" ten="394,109,228,259" step="2"/><V38/><F2/><W73/><G73/><T74/><D74/><U16/><E16/><V100/><F70/><W29/><G119/><T81/><D31/><U125/><E125/><V51/><F120/><W126/><G126/><T128/><D28/><U111/><E111/><V108/><F108/><W3/><G3/><T102/><D41/><U76/><E76/><V61/><F121/><W19/><G19/><T43/><D40/><U21/><E21/><V0/><F22/><W20/><G29/><T93/><D43/><U69/><E69/><V84/><F0/><W52/><REACH who="3" step="1"/><G132/><REACH who="3" ten="394,109,228,249" step="2"/><T37/><D37/><U92/><E92/><V88/><F38/><W36/><G36/><T49/><D93/><U113/><E113/><V11/><F11/><W129/><G129/><T27/><D17/><U117/><E117/><V45/><F82/><W47/><G47/><T12/><D81/><U91/><E91/><AGARI ba="0,2" hai="20,26,30,52,56,63,75,79,80,91,95,97,130,131" machi="91" ten="40,5200,0" yaku="1,1,54,1,53,1" doraHai="32" doraHaiUra="94" who="3" fromWho="1" sc="394,0,109,-52,228,0,249,72" /><INIT seed="3,0,0,5,2,47" ten="394,57,228,321" oya="3" hai0="37,71,18,7,106,21,75,62,69,76,100,80,94" hai1="64,1,25,108,59,103,125,114,23,6,43,14,46" hai2="116,26,12,88,36,83,51,68,50,27,131,87,10" hai3="134,33,118,104,55,38,81,102,13,123,96,39,56"/><W85/><G118/><T32/><D32/><U128/><E108/><V84/><F116/><W129/><G123/><T40/><D7/><U19/><E114/><V34/><F36/><W24/><G129/><T109/><D109/><U65/><E125/><V107/><F107/><W90/><G134/><T3/><D3/><U44/><E128/><V127/><F68/><W22/><G33/><T91/><D62/><U5/><E1/><V92/><F127/><W11/><G11/><T121/><D40/><U17/><E44/><V72/><F72/><W35/><G13/><N who="0" m="9423" /><D37/><U124/><E124/><V0/><F0/><W130/><G35/><T93/><D94/><U95/><E59/><V2/><F2/><W98/><G98/><N who="0" m="61719" /><D121/><U120/><E120/><V41/><F131/><W135/><G135/><T30/><D30/><U70/><E70/><V115/><F115/><W126/><G130/><T74/><D74/><U53/><E53/><V89/><F41/><W63/><G126/><T9/><D9/><U58/><E58/><V86/><F86/><AGARI ba="0,0" hai="69,71,75,76,80,86,91,93" m="61719,9423" machi="86" ten="30,1000,0" yaku="24,1" doraHai="47" who="0" fromWho="2" sc="394,10,57,0,228,-10,321,0" /><INIT seed="4,0,0,5,1,120" ten="404,57,218,321" oya="0" hai0="112,108,132,56,29,21,69,25,104,34,53,107,47" hai1="61,128,40,11,119,116,19,32,90,114,14,6,80" hai2="98,5,57,35,106,97,64,9,134,60,68,77,72" hai3="123,43,18,7,48,81,117,110,33,46,66,129,13"/><T87/><D69/><U93/><E32/><V2/><F134/><W36/><G117/><T91/><D132/><U86/><E128/><V59/><F97/><W75/><G33/><T131/><D112/><U113/><E40/><V28/><F77/><W26/><G129/><T122/><D131/><U88/><E61/><V65/><F72/><W51/><G66/><T133/><D122/><U39/><E39/><V115/><F115/><N who="1" m="44041" /><E6/><V44/><F44/><W67/><G67/><T31/><D133/><U124/><E124/><V95/><F64/><W109/><G123/><T71/><D71/><U55/><E55/><V23/><F23/><W92/><G92/><T45/><D104/><U1/><E1/><V83/><F83/><W4/><G26/><T15/><D107/><U22/><E22/><V135/><F135/><W111/><G7/><T103/><D103/><U58/><E58/><V8/><F8/><W12/><G4/><T20/><D53/><U96/><AGARI ba="0,0" hai="11,14,19,80,86,88,90,93,96,116,119" m="44041" machi="96" ten="30,4000,0" yaku="15,1,11,1,54,1" doraHai="120" who="1" fromWho="1" sc="404,-20,57,40,218,-10,321,-10" /><INIT seed="5,0,0,1,1,38" ten="384,97,208,311" oya="1" hai0="119,29,50,114,87,57,79,74,36,110,76,53,100" hai1="26,51,34,58,17,20,0,120,99,16,5,45,31" hai2="30,61,112,130,102,7,41,23,118,28,108,121,98" hai3="11,124,107,115,123,13,89,69,101,80,6,3,27"/><U15/><E120/><V81/><F108/><W132/><G123/><T126/><D110/><U56/><E17/><V111/><F111/><W96/><G69/><T109/><D109/><U2/><E99/><V122/><F118/><W44/><G115/><T127/><D119/><U92/><E92/><V82/><F112/><W105/><G105/><T10/><D114/><U64/><E64/><V40/><F7/><W113/><G113/><T75/><D29/><U68/><E68/><V22/><F130/><W106/><G106/><T59/><D36/><U62/><E62/><V116/><F116/><W8/><G132/><T84/><D100/><U97/><E97/><V63/><F98/><W72/><G124/><T86/><D10/><N who="1" m="2343" /><E2/><V95/><F95/><W9/><G13/><T67/><D67/><U12/><E12/><V83/><F83/><W47/><G27/><T94/><D94/><U19/><E19/><V73/><F73/><W78/><G44/><T48/><D87/><U55/><AGARI ba="0,0" hai="15,16,20,26,31,34,45,51,55,56,58" m="2343" machi="55" ten="30,3000,0" yaku="24,1,54,1" doraHai="38" who="1" fromWho="1" sc="384,-10,97,30,208,-10,311,-10" /><INIT seed="5,1,0,1,3,93" ten="374,127,198,301" oya="1" hai0="25,94,14,21,9,61,28,100,66,84,89,81,110" hai1="78,41,82,52,46,51,57,40,11,30,95,68,26" hai2="17,86,29,99,10,47,129,48,8,20,43,4,2" hai3="101,19,56,115,118,58,70,18,135,38,111,22,106"/><U132/><E68/><V55/><F129/><W127/><G111/><T16/><D110/><U98/><E132/><V35/><F86/><W42/><G70/><T69/><D100/><U128/><E11/><V117/><F117/><W87/><G38/><T13/><D14/><U76/><E128/><V31/><F10/><W62/><G42/><T119/><REACH who="0" step="1"/><D81/><REACH who="0" ten="364,127,198,301" step="2"/><U83/><E83/><V123/><F2/><W124/><G101/><T12/><D12/><U5/><E5/><V53/><F4/><W45/><G118/><AGARI ba="1,1" hai="9,13,16,21,25,28,61,66,69,84,89,94,118,119" machi="118" ten="40,2600,0" yaku="1,1,54,1,53,0" doraHai="93" doraHaiUra="126" who="0" fromWho="3" sc="364,39,127,0,198,0,301,-29" /><INIT seed="6,0,0,3,4,10" ten="403,127,198,272" oya="2" hai0="0,121,134,109,19,80,35,4,60,12,20,87,21" hai1="41,113,78,73,5,98,46,49,74,53,116,90,17" hai2="97,2,85,51,63,50,77,61,58,125,34,89,95" hai3="84,110,91,131,33,13,135,105,64,133,16,106,9"/><V100/><F125/><W75/><G75/><T129/><D109/><U43/><E113/><V56/><F2/><W11/><G110/><T114/><D114/><U31/><E31/><V81/><F34/><W25/><G131/><T93/><D93/><U42/><E116/><V48/><F63/><W52/><G64/><T108/><D108/><U62/><E5/><V117/><F117/><W119/><G119/><T96/><D96/><U59/><E78/><V71/><F71/><W83/><G11/><T55/><D134/><N who="3" m="51209" /><G52/><T68/><D129/><U127/><E127/><V27/><F27/><W82/><G82/><T57/><D68/><U28/><E28/><AGARI ba="0,0" hai="9,13,16,25,28,33,83,84,91,105,106" m="51209" machi="28" ten="30,3900,0" yaku="20,1,52,1,54,1" doraHai="10" who="3" fromWho="1" sc="403,0,127,-39,198,0,272,39" /><INIT seed="7,0,0,5,1,85" ten="403,88,198,311" oya="3" hai0="98,97,39,112,125,99,34,20,114,14,67,91,2" hai1="103,83,113,29,49,50,23,43,131,6,19,15,102" hai2="128,21,74,63,28,109,48,78,133,73,1,58,51" hai3="61,120,30,94,87,69,86,38,9,132,79,123,60"/><W55/><G38/><T116/><D34/><U76/><E113/><N who="0" m="43625" /><D39/><U106/><E131/><V95/><F1/><W17/><G30/><T44/><D2/><U80/><E106/><V45/><F109/><W118/><G118/><T129/><D129/><U111/><E111/><V52/><F133/><W59/><G132/><T89/><D67/><U88/><E29/><V134/><F51/><N who="3" m="31231" /><G69/><T71/><D71/><U82/><E76/><V62/><F62/><W101/><G123/><T33/><D33/><U65/><E65/><V7/><F134/><W96/><G120/><T93/><D44/><U122/><E122/><V12/><F45/><W32/><G32/><T37/><D37/><U130/><E130/><V135/><F28/><W5/><G5/><T47/><D47/><N who="1" m="25855" /><E50/><V119/><F48/><W36/><G36/><T8/><D125/><U126/><E6/><V24/><F7/><W75/><G75/><T57/><D116/><U16/><E19/><V84/><F74/><W105/><G105/><T104/><D104/><U107/><E126/><V53/><F73/><W27/><G79/><T77/><D57/><U31/><E31/><V72/><F78/><W81/><G81/><N who="1" m="31338" /><E107/><V64/><F72/><W41/><G41/><T11/><D77/><U0/><E0/><V127/><F64/><W115/><G115/><T110/><D110/><U40/><E40/><V90/><F127/><W22/><G9/><N who="0" m="3659" /><D93/><U70/><E70/><V92/><F128/><W25/><G25/><T13/><D20/><U117/><E117/><V66/><F119/><W26/><G27/><T46/><D46/><RYUUKYOKU ba="0,0" sc="403,10,88,10,198,-30,311,10" hai0="13,14,89,91,97,98,99" hai1="15,16,23,83,88,102,103" hai3="17,22,26,60,61,86,87,94,96,101" /><INIT seed="7,1,0,3,2,113" ten="413,98,168,321" oya="3" hai0="23,123,16,62,2,84,89,39,51,126,35,18,47" hai1="30,69,32,56,53,86,127,68,61,96,97,8,71" hai2="46,73,65,106,22,52,94,132,55,101,1,76,105" hai3="125,14,27,41,24,3,45,6,88,122,115,4,77"/><W67/><G122/><T34/><D39/><U57/><E32/><V0/><F65/><W92/><G115/><T37/><D37/><U82/><E30/><V124/><F94/><W90/><G125/><T131/><D131/><U33/><E33/><V5/><F132/><W36/><G77/><T135/><D126/><U100/><E127/><V11/><F22/><W29/><G3/><T7/><D135/><U99/><E100/><V83/><F0/><W110/><G110/><T85/><D123/><U108/><E108/><V130/><F130/><W72/><G72/><T12/><D62/><U112/><E112/><V81/><F81/><W15/><G67/><T109/><D109/><U95/><E95/><V25/><F25/><W91/><G92/><T43/><D85/><U104/><E104/><V133/><F133/><W111/><G111/><T13/><D13/><U42/><E42/><V75/><F75/><W49/><G36/><T63/><D18/><U80/><E8/><V66/><F101/><W102/><G102/><T116/><D63/><U78/><E82/><V79/><F124/><W40/><G40/><T103/><D103/><U128/><E128/><V9/><F105/><W117/><G117/><T48/><D48/><U87/><E87/><V60/><F106/><W31/><G27/><T59/><D116/><U74/><E74/><V118/><F73/><W114/><G114/><T10/><D59/><U38/><E38/><V121/><F83/><AGARI ba="1,0" hai="2,7,10,12,16,23,34,35,43,47,51,83,84,89" machi="83" ten="30,2000,0" yaku="7,1,54,1" doraHai="113" who="0" fromWho="2" sc="413,23,98,0,168,-23,321,0" owari="436,53.0,98,-40.0,145,-25.0,321,12.0" /></mjloggm>