<mjloggm ver="2.3"><GO type="169" lobby="0"/><UN n0="%E9%87%8E%E4%B8%AD%E6%99%B4" n1="%E4%B9%BE%E5%9D%A4%E5%8D%81%E4%BA%94%E6%93%B2" n2="%E8%91%B5%E3%81%A1%E3%82%83%E3%82%93" n3="%E5%A4%A7%E5%9D%82%E5%B1%8B" dan="16,16,16,16" rate="2074.10,2134.24,2151.30,2139.90" sx="F,M,F,M"/><TAIKYOKU oya="0"/><INIT seed="0,0,0,4,4,54" ten="250,250,250,250" oya="0" hai0="32,74,75,67,9,111,122,84,108,22,48,45,20" hai1="15,70,14,89,106,76,129,29,19,26,58,18,124" hai2="57,127,13,43,107,121,94,64,130,27,82,123,36" hai3="39,113,118,50,73,61,109,98,95,7,16,3,0"/><T59/><D122/><U10/><E106/><V42/><F107/><W88/><G39/><T49/><D32/><U41/><E70/><V81/><F27/><W30/><G113/><T135/><D135/><U102/><E102/><V62/><F127/><W51/><G118/><T131/><D131/><U35/><E76/><V86/><F130/><W1/><G7/><T17/><D9/><U132/><E41/><V128/><F128/><W11/><G109/><N who="0" m="42059" /><D84/><U104/><E129/><V72/><F72/><N who="0" m="27690" /><D45/><U8/><E132/><V119/><F86/><W105/><G73/><T60/><D22/><U23/><E104/><V125/><F125/><W117/><G117/><T25/><AGARI ba="0,0" hai="17,20,25,48,49,59,60,67" m="27690,42059" machi="25" ten="30,6000,0" yaku="14,1,10,1,52,1" doraHai="54" who="0" fromWho="0" sc="250,60,250,-20,250,-20,250,-20" /><INIT seed="0,1,0,4,1,40" ten="310,230,230,230" oya="0" hai0="94,39,119,114,24,33,120,134,46,61,53,89,31" hai1="108,75,28,11,82,86,67,48,117,14,77,97,66" hai2="100,12,38,128,110,116,47,79,70,7,99,130,3" hai3="107,13,93,45,62,52,122,103,115,49,1,105,104"/><T127/><D119/><U26/><E117/><V76/><F116/><W34/><G115/><T72/><D120/><U17/><E108/><V106/><F110/><W19/><G122/><T73/><D114/><U20/><E97/><V60/><F12/><W96/><G1/><T16/><D134/><U98/><E98/><V85/><F85/><W9/><G34/><T18/><D127/><U63/><E75/><V78/><F3/><W126/><REACH who="3" step="1"/><G62/><REACH who="3" ten="310,230,230,220" step="2"/><T124/><D124/><AGARI ba="1,1" hai="9,13,19,45,49,52,93,96,103,104,105,107,124,126" machi="124" ten="50,8000,1" yaku="1,1,2,1,52,1,54,1,53,0" doraHai="40" doraHaiUra="65" who="3" fromWho="0" sc="310,-83,230,0,230,0,220,93" /><INIT seed="1,0,0,0,2,63" ten="227,230,230,313" oya="1" hai0="124,26,13,92,95,78,112,40,93,37,116,75,69" hai1="111,33,127,11,120,48,16,36,59,39,129,77,74" hai2="98,72,61,79,22,23,81,1,55,104,91,43,15" hai3="128,105,32,123,27,84,38,130,96,34,110,119,71"/><U107/><E107/><V68/><F1/><W18/><G123/><T85/><D116/><U54/><E120/><V56/><F43/><W51/><G110/><T60/><D112/><U117/><E117/><V30/><F68/><W47/><G38/><T100/><D124/><U44/><E33/><V12/><F91/><W0/><G0/><T99/><D13/><U131/><E127/><V73/><F73/><W118/><G84/><T76/><D76/><U115/><E115/><V67/><F55/><W52/><G71/><T29/><D75/><U58/><E111/><V64/><F64/><W10/><G32/><T121/><D121/><U114/><E114/><V132/><F132/><W70/><G70/><T17/><D17/><U2/><E39/><V49/><F49/><W7/><G7/><T19/><D19/><U87/><E74/><V106/><F106/><W57/><G47/><T97/><D37/><U41/><E2/><V14/><REACH who="2" step="1"/><F30/><REACH who="2" ten="227,230,220,313" step="2"/><N who="3" m="19807" /><G105/><T101/><D40/><U82/><E36/><V108/><F108/><W94/><G118/><T66/><D78/><U31/><E131/><V86/><F86/><W53/><G53/><T24/><D29/><U3/><E3/><V65/><F65/><W20/><G119/><T80/><D80/><U135/><E135/><V83/><F83/><W50/><G50/><T45/><D45/><U8/><E129/><N who="3" m="49770" /><G51/><T21/><D85/><U109/><E109/><V28/><F28/><W9/><G52/><T89/><D89/><U90/><E77/><V125/><F125/><W62/><G57/><T25/><D95/><U42/><E59/><RYUUKYOKU ba="0,1" sc="227,15,230,-15,220,15,313,-15" hai0="21,24,25,26,60,66,69,92,93,97,99,100,101" hai2="12,14,15,22,23,56,61,67,72,79,81,98,104" /><INIT seed="2,1,1,3,5,7" ten="242,215,235,298" oya="2" hai0="133,83,127,0,54,119,95,21,81,55,26,18,28" hai1="66,69,31,82,76,25,99,92,122,106,3,62,104" hai2="43,87,115,68,48,19,110,49,58,113,117,2,121" hai3="39,64,100,13,90,105,9,45,74,15,47,17,77"/><V35/><F2/><W78/><G64/><T23/><D119/><U5/><E122/><V91/><F35/><W50/><G74/><T38/><D133/><U59/><E5/><V93/><F117/><W1/><G1/><T60/><D127/><U107/><E3/><V79/><F121/><W41/><G105/><T86/><D38/><U40/><E40/><V22/><F68/><W27/><G100/><T89/><D0/><U134/><E134/><V6/><F6/><W57/><G57/><N who="0" m="34871" /><D55/><U73/><E59/><V114/><F110/><W84/><G27/><AGARI ba="1,1" hai="18,21,23,26,27,28,81,83,86,89,95" m="34871" machi="27" ten="30,1000,0" yaku="8,1" doraHai="7" who="0" fromWho="3" sc="242,23,215,0,235,0,298,-13" /><INIT seed="3,0,0,0,2,24" ten="265,215,235,285" oya="3" hai0="10,42,11,15,118,60,54,128,57,99,72,48,82" hai1="120,38,106,78,5,6,18,31,8,97,37,115,4" hai2="123,73,9,92,61,114,27,0,87,64,135,113,119" hai3="89,110,108,112,49,69,80,34,63,59,121,50,85"/><W41/><G112/><T17/><D128/><U19/><E115/><V26/><F73/><W76/><G121/><T16/><D118/><U35/><E78/><V86/><F119/><W29/><G69/><T71/><D99/><U43/><E120/><V56/><F123/><W130/><G130/><T109/><D109/><N who="3" m="42089" /><G76/><T134/><D134/><U102/><E43/><V21/><F135/><W70/><G70/><T126/><D126/><U81/><E81/><V104/><F104/><W58/><G41/><T94/><D72/><U7/><E38/><V30/><F114/><W131/><G131/><T90/><D82/><U93/><E37/><V127/><F127/><W65/><G59/><T51/><D42/><U133/><E133/><V67/><F67/><W68/><G68/><T47/><D71/><U103/><E106/><V111/><F111/><W88/><G89/><T52/><D60/><U116/><E116/><V45/><F45/><W62/><G63/><T105/><D105/><U44/><E44/><V129/><F129/><W66/><G66/><T84/><D17/><U125/><E125/><V32/><F113/><W22/><G34/><T95/><D95/><U36/><E36/><V39/><F92/><W83/><G80/><T1/><D1/><U101/><N who="1" m="1024" /><DORA hai="122" /><U74/><E74/><V13/><F39/><W132/><G132/><T77/><D77/><U20/><E35/><V96/><F0/><W53/><G65/><T23/><AGARI ba="0,0" hai="10,11,15,16,23,47,48,51,52,54,57,84,90,94" machi="23" ten="20,12000,2" yaku="0,1,7,1,25,2,8,1,54,2" doraHai="24,122" who="0" fromWho="0" sc="265,120,215,-30,235,-30,285,-60" /><INIT seed="4,0,0,2,1,3" ten="385,185,205,225" oya="0" hai0="40,44,16,133,7,69,91,90,45,5,86,28,42" hai1="135,100,59,123,38,127,87,72,49,27,129,119,111" hai2="96,58,68,35,39,108,134,81,77,55,61,41,94" hai3="117,20,33,12,19,65,6,114,30,54,47,11,0"/><T88/><D69/><U124/><E38/><V52/><F35/><W105/><G105/><T76/><D28/><U107/><E72/><V74/><F108/><W4/><G117/><T79/><D133/><U70/><E70/><V109/><F109/><W113/><G65/><T57/><D57/><U37/><E37/><V99/><F134/><W43/><G54/><T89/><D89/><U48/><E135/><V23/><F68/><W34/><G47/><N who="0" m="17995" /><D16/><U31/><E111/><V84/><F41/><N who="0" m="15978" /><D86/><U17/><E87/><V25/><F39/><W122/><G43/><T80/><D80/><U125/><E119/><V121/><F121/><W21/><G122/><T24/><D24/><U1/><E123/><V22/><F74/><W9/><G21/><T53/><D53/><U26/><E26/><V120/><F120/><W36/><G36/><T29/><D29/><U104/><E31/><V13/><F55/><W116/><G116/><T83/><D83/><U97/><E59/><V98/><F23/><W60/><G60/><T106/><D106/><U10/><E107/><V67/><F67/><W85/><G85/><T103/><D103/><U92/><E104/><V14/><REACH who="2" step="1"/><F94/><REACH who="2" ten="385,185,195,225" step="2"/><W8/><G30/><AGARI ba="0,1" hai="13,14,22,25,30,52,58,61,77,81,84,96,98,99" machi="30" ten="40,8000,1" yaku="1,1,2,1,8,1,54,1,53,0" doraHai="3" doraHaiUra="112" who="2" fromWho="3" sc="385,0,185,0,195,90,225,-80" /><INIT seed="5,0,0,2,1,58" ten="385,185,285,145" oya="1" hai0="75,111,135,115,31,86,30,127,67,15,114,110,37" hai1="43,36,129,28,38,51,69,106,95,33,17,71,80" hai2="89,124,134,62,79,131,14,122,70,54,85,5,103" hai3="81,7,0,24,4,27,84,42,21,120,55,53,113"/><U39/><E95/><V18/><F122/><W99/><G120/><T74/><D37/><U118/><E17/><V83/><F103/><W63/><G113/><N who="0" m="43019" /><D135/><U13/><E13/><V6/><F134/><W128/><G128/><T26/><D127/><U96/><E51/><V44/><F124/><W41/><G99/><T2/><D2/><U107/><E129/><V101/><F101/><W90/><G24/><T68/><D15/><U121/><E121/><V119/><F119/><W102/><G102/><T105/><D105/><N who="1" m="39947" /><E96/><V34/><F6/><N who="3" m="2091" /><G0/><T126/><D86/><U23/><E23/><V130/><F5/><W94/><G94/><T12/><D12/><U8/><E8/><V117/><F14/><W45/><G45/><T61/><D126/><U10/><E10/><V66/><F44/><W98/><G98/><T132/><D132/><U76/><E118/><V125/><F117/><W57/><G53/><T46/><D46/><U93/><E93/><V65/><F54/><W25/><G25/><T50/><D50/><U72/><E43/><V19/><F125/><W123/><G123/><T100/><D100/><U32/><E28/><AGARI ba="0,0" hai="21,27,28,41,42,55,57,63,81,84,90" m="2091" machi="28" ten="30,2000,0" yaku="8,1,52,1" doraHai="58" who="3" fromWho="1" sc="385,0,185,-20,285,0,145,20" /><INIT seed="6,0,0,1,5,62" ten="385,165,285,165" oya="2" hai0="114,130,56,7,45,97,19,1,116,102,135,118,117" hai1="57,98,108,20,35,84,2,126,14,26,42,83,119" hai2="22,124,24,39,71,107,36,5,74,92,40,100,32" hai3="49,33,6,104,66,21,76,17,106,9,110,18,125"/><V4/><F32/><W8/><G33/><T112/><D130/><U3/><E108/><V123/><F123/><W29/><G110/><T86/><D135/><U37/><E119/><V132/><F107/><W72/><G125/><T48/><D56/><U11/><E126/><V99/><F124/><W15/><G29/><T12/><D86/><U90/><E35/><V75/><F132/><W16/><G17/><T54/><D7/><U115/><E115/><V52/><F5/><W94/><G72/><T46/><D46/><U44/><E98/><V68/><F4/><W69/><G76/><T60/><D60/><U120/><E120/><V101/><F40/><W31/><G31/><T128/><D1/><U93/><E11/><V127/><F127/><W129/><G129/><T111/><D111/><U55/><E83/><V81/><F101/><W70/><G49/><T79/><D79/><U30/><E14/><V38/><F81/><W61/><G70/><T0/><D0/><U64/><E64/><V63/><F71/><W131/><G131/><T51/><D51/><AGARI ba="0,0" hai="2,3,20,26,30,37,42,44,51,55,57,84,90,93" machi="51" ten="30,1000,0" yaku="7,1" doraHai="62" who="1" fromWho="0" sc="385,-10,165,10,285,0,165,0" /><INIT seed="7,0,0,4,5,60" ten="375,175,285,165" oya="3" hai0="38,40,108,22,59,6,93,86,13,113,128,32,47" hai1="88,80,1,18,76,2,100,4,44,133,34,79,53" hai2="7,27,29,42,121,66,122,49,91,123,17,3,116" hai3="105,5,83,11,127,94,72,118,115,30,48,63,92"/><W75/><G118/><T110/><D32/><U84/><E34/><N who="2" m="20799" /><F116/><W101/><G115/><T99/><D113/><U112/><E112/><V0/><F66/><W81/><G30/><T28/><D86/><U96/><E133/><V54/><F42/><W73/><G48/><T89/><D59/><U69/><E69/><V25/><F91/><W74/><G127/><T31/><D31/><U85/><E4/><V87/><F87/><W102/><G63/><T117/><D117/><U50/><E2/><V126/><F7/><W56/><G56/><T36/><D36/><U111/><E1/><V109/><F109/><W114/><G114/><T64/><D64/><U14/><E85/><V37/><F37/><W9/><N who="3" m="18432" /><DORA hai="131" /><W130/><G130/><T124/><D128/><U125/><E125/><V33/><F126/><W55/><G55/><T15/><D124/><U57/><E57/><N who="2" m="32975" /><F33/><W134/><G134/><T52/><D110/><U24/><E111/><V62/><F62/><W12/><G9/><T41/><D108/><U46/><E46/><V16/><F17/><W98/><REACH who="3" step="1"/><G105/><REACH who="3" ten="375,175,285,155" step="2"/><T20/><D52/><U43/><E53/><V35/><F35/><W90/><G90/><T26/><D89/><U95/><E24/><V19/><F25/><W21/><G21/><AGARI ba="0,1" hai="14,18,21,43,44,50,76,79,80,84,88,95,96,100" machi="21" ten="30,3900,0" yaku="7,1,8,1,54,1" doraHai="60,131" who="1" fromWho="3" sc="375,0,175,49,285,0,155,-39" owari="375,47.0,224,-18.0,285,9.0,116,-38.0" /></mjloggm>