<mjloggm ver="2.3"><GO type="225" lobby="0"/><UN n0="%E3%83%A9%E3%82%B9%E7%8E%87%EF%BC%93%E5%89%B2" n1="%E3%81%93%E3%81%84%E3%82%8F%E3%81%84%E3%82%88%E3%81%A4%E3%81%B0" n2="%E4%B8%8A%E9%96%93%E7%AB%9C%E4%B9%9F" n3="%E8%88%B9%E8%A6%8B%E7%B5%90%E8%A1%A3%E3%81%A1%E3%82%83%E3%82%93" dan="16,18,16,16" rate="2154.65,2235.07,2084.92,2133.53" sx="M,M,M,F"/><TAIKYOKU oya="0"/><INIT seed="0,0,0,4,4,101" ten="250,250,250,250" oya="0" hai0="6,2,16,25,111,124,126,75,44,24,35,23,40" hai1="52,129,114,95,122,61,29,50,115,90,123,66,79" hai2="39,7,87,103,91,116,98,28,85,107,100,45,112" hai3="11,19,119,74,9,84,121,41,31,20,133,125,47"/><T82/><D111/><U120/><E79/><V109/><F28/><W54/><G74/><T99/><D99/><U65/><E29/><V127/><F45/><W18/><G121/><T108/><D108/><U104/><E104/><V51/><F51/><W42/><G119/><T70/><D70/><U0/><E0/><V53/><F53/><W106/><G125/><T97/><D97/><U14/><E14/><V86/><F7/><W15/><G106/><T73/><D35/><U78/><E78/><V135/><F39/><W88/><G133/><T83/><D24/><U76/><E76/><V134/><F109/><W34/><G34/><T60/><D60/><U58/><E129/><V96/><F112/><N who="1" m="43049" /><E95/><N who="2" m="58399" /><F127/><N who="0" m="48682" /><D6/><U77/><E77/><V4/><F4/><W37/><G31/><T30/><D30/><U68/><E90/><V113/><F113/><W1/><G1/><T8/><D8/><U81/><E81/><N who="0" m="30729" /><D2/><U17/><E17/><V33/><F33/><W93/><G9/><T130/><D130/><U102/><E102/><V71/><F71/><W59/><G37/><AGARI ba="0,0" hai="16,23,25,37,40,44,73,75" m="30729,48682" machi="37" ten="30,2900,0" yaku="18,1,54,1" doraHai="101" who="0" fromWho="3" sc="250,29,250,0,250,0,250,-29" /><INIT seed="0,1,0,5,3,5" ten="279,250,250,221" oya="0" hai0="24,25,131,124,65,61,17,10,79,46,83,85,63" hai1="115,113,47,70,102,1,36,110,108,103,44,125,109" hai2="22,107,26,48,18,12,40,114,87,45,99,33,27" hai3="35,37,119,16,67,100,134,52,80,78,56,11,120"/><T86/><D131/><U117/><E70/><V57/><F114/><N who="1" m="43529" /><E36/><V123/><F123/><W116/><G35/><T3/><D124/><U101/><E117/><V59/><F33/><W62/><G37/><T92/><D46/><N who="1" m="17451" /><E1/><V98/><F87/><N who="3" m="48535" /><G119/><T38/><D38/><U39/><E39/><V64/><F107/><W128/><G116/><T21/><D24/><N who="2" m="9258" /><F59/><W41/><G128/><T6/><REACH who="0" step="1"/><D65/><REACH who="0" ten="269,250,250,221" step="2"/><U94/><E125/><V82/><F82/><W133/><G120/><T93/><D93/><AGARI ba="1,1" hai="93,94,101,102,103,108,109,110" m="17451,43529" machi="93" ten="40,8000,1" yaku="28,2,14,1,11,1" doraHai="5" who="1" fromWho="0" sc="269,-83,250,93,250,0,221,0" /><INIT seed="1,0,0,4,1,58" ten="186,343,250,221" oya="1" hai0="24,115,86,76,74,91,26,17,94,27,110,56,75" hai1="105,90,85,31,98,109,42,43,106,3,99,126,130" hai2="46,111,124,36,66,64,61,0,79,55,2,5,9" hai3="59,44,108,71,23,134,81,10,132,123,28,103,121"/><U87/><E3/><V69/><F111/><W45/><G71/><T88/><D115/><U14/><E31/><V51/><F124/><W33/><G33/><T101/><D110/><U15/><E90/><V122/><F122/><N who="3" m="46603" /><G108/><T128/><D128/><U41/><E109/><V112/><F112/><W93/><G81/><T60/><D101/><U78/><E78/><V49/><F79/><W52/><G10/><T50/><D50/><U19/><E126/><V89/><F36/><W34/><G34/><T25/><D76/><U7/><E7/><V77/><F77/><W102/><G23/><T129/><D129/><U92/><E130/><V1/><F66/><W12/><G12/><T57/><D57/><U62/><E15/><V22/><F22/><W11/><G11/><T119/><D17/><U67/><E14/><V39/><F39/><W29/><G93/><T4/><D4/><U84/><E19/><V117/><F89/><W97/><G97/><T100/><D100/><N who="3" m="38441" /><G28/><T30/><D91/><U127/><E127/><V37/><F37/><W95/><G95/><T107/><D107/><U131/><E131/><V116/><REACH who="2" step="1"/><F51/><REACH who="2" ten="186,343,240,221" step="2"/><N who="3" m="31135" /><G29/><T65/><REACH who="0" step="1"/><D119/><AGARI ba="0,1" hai="0,1,2,5,9,46,49,55,61,64,69,116,117,119" machi="119" ten="40,2600,0" yaku="1,1,52,1,53,0" doraHai="58" doraHaiUra="53" who="2" fromWho="0" sc="186,-26,343,0,240,36,221,0" /><INIT seed="2,0,0,4,4,22" ten="160,343,276,221" oya="2" hai0="30,32,97,72,100,24,19,122,23,4,86,118,61" hai1="33,45,113,91,43,121,90,16,13,29,36,12,129" hai2="42,130,74,125,87,41,25,70,0,124,116,34,60" hai3="65,127,76,88,119,81,14,78,131,111,39,69,109"/><V85/><F74/><W95/><G39/><T55/><D122/><U20/><E113/><V71/><F0/><W66/><G119/><T2/><D72/><U75/><E75/><V89/><F116/><W133/><G133/><T52/><D118/><U17/><E129/><V21/><F34/><W51/><G131/><T123/><D123/><U48/><E121/><V7/><F7/><W8/><G127/><N who="2" m="48713" /><F85/><W105/><G105/><T18/><D86/><U73/><E73/><V126/><N who="2" m="48721" /><V67/><DORA hai="103" /><F71/><W80/><G51/><T99/><D99/><U10/><E36/><V68/><F70/><W27/><G27/><T107/><D61/><U63/><E63/><V96/><F96/><W47/><G69/><T38/><D38/><U15/><E15/><V53/><F53/><W134/><G134/><T94/><D94/><U106/><E106/><V92/><F130/><W108/><G65/><T84/><D84/><U28/><E33/><V11/><F11/><W128/><G66/><T58/><D58/><U102/><E102/><V5/><F5/><N who="3" m="3343" /><G128/><T114/><D114/><U49/><E49/><V37/><F37/><W77/><G47/><T101/><D101/><U83/><E83/><V59/><F68/><W132/><G132/><T62/><D62/><U46/><E46/><V50/><F50/><W6/><G6/><T117/><D117/><U104/><E104/><V120/><F120/><W1/><G1/><T35/><D35/><U57/><E57/><V115/><F115/><W3/><G3/><T64/><D32/><U82/><E82/><V98/><F87/><AGARI ba="0,0" hai="76,77,78,80,81,87,88,95,108,109,111" m="3343" machi="87" ten="40,5200,0" yaku="6,1,14,1,54,1" doraHai="22,103" who="3" fromWho="2" sc="160,0,343,0,276,-52,221,52" /><INIT seed="3,0,0,1,4,26" ten="160,343,224,273" oya="3" hai0="51,127,135,8,76,98,116,71,78,110,89,70,134" hai1="100,39,15,1,29,4,101,67,83,80,2,12,32" hai2="35,115,125,62,118,94,114,9,48,117,130,133,92" hai3="111,50,47,107,129,120,87,124,27,6,18,121,3"/><W38/><G38/><T75/><D51/><U13/><E39/><V34/><F48/><W58/><G107/><T60/><D60/><U73/><E67/><V46/><F62/><W119/><G119/><T90/><D8/><U86/><E73/><V93/><F9/><W104/><G104/><T68/><D116/><U97/><E4/><V132/><F94/><W20/><G124/><T54/><D54/><U40/><E40/><V79/><F79/><N who="0" m="30250" /><D98/><U14/><E97/><V21/><F21/><W59/><G129/><T44/><D44/><U65/><E1/><V49/><F49/><W69/><G69/><N who="0" m="17667" /><T52/><DORA hai="72" /><D52/><U96/><E96/><V77/><F77/><W22/><G3/><T113/><D75/><U126/><E2/><V16/><F125/><W85/><G50/><T57/><D127/><U66/><E126/><V25/><F25/><W36/><G27/><T99/><D99/><U122/><E66/><V64/><F64/><W88/><G120/><T63/><D110/><U24/><E65/><V108/><F108/><W123/><G111/><T23/><D23/><U91/><E24/><V106/><F106/><W33/><G123/><T30/><D30/><U37/><E29/><V61/><F61/><W131/><G121/><T45/><D45/><U82/><E122/><V43/><F46/><W5/><G47/><T53/><D113/><U11/><E11/><V103/><F115/><W95/><G22/><T31/><D31/><U55/><E55/><V56/><F114/><W81/><G20/><T109/><D109/><U0/><E0/><V28/><F117/><RYUUKYOKU ba="0,0" sc="160,30,343,-10,224,-10,273,-10" hai0="53,57,63,89,90,134,135" owari="190,-31.0,333,44.0,214,-19.0,263,6.0" /></mjloggm>