<mjloggm ver="2.3"><GO type="169" lobby="0"/><UN n0="%E3%83%92%E3%83%AB%E3%83%99%E3%83%AB%E3%83%88" n1="%73%75%7A%75%6D%65%33" n2="%E3%83%AD%E3%83%83%E3%82%BD" n3="%E3%81%98%E3%81%98%E3%81%84%E3%81%8C%E5%91%BC%E3%82%93%E3%81%A0" dan="17,17,17,16" rate="2208.77,2206.85,2144.70,2091.46" sx="M,M,F,M"/><TAIKYOKU oya="0"/><INIT seed="0,0,0,0,5,133" ten="250,250,250,250" oya="0" hai0="25,36,58,51,107,82,27,113,102,121,49,132,66" hai1="8,44,78,73,76,91,97,31,124,106,74,55,103" hai2="81,41,117,123,114,129,84,87,37,67,32,125,10" hai3="111,118,23,52,134,65,35,13,9,34,119,105,95"/><T96/><D113/><U104/><E31/><V28/><F123/><W40/><G105/><N who="1" m="40554" /><E55/><V99/><F99/><W112/><G112/><T30/><D121/><U128/><E44/><V45/><F114/><W21/><G134/><T17/><D132/><U48/><E48/><V90/><F67/><W3/><G3/><T86/><D36/><U56/><E56/><V75/><F75/><N who="1" m="28681" /><E8/><V88/><F10/><W1/><G1/><T69/><D58/><U50/><E50/><V14/><F14/><W11/><G95/><T68/><D68/><U101/><E128/><V80/><F129/><W29/><G29/><T24/><D17/><U15/><E15/><V126/><REACH who="2" step="1"/><F117/><REACH who="2" ten="250,250,240,250" step="2"/><W98/><G13/><T62/><REACH who="0" step="1"/><D30/><REACH who="0" ten="240,250,240,250" step="2"/><U120/><E120/><V115/><F115/><W60/><G119/><T116/><D116/><U33/><E33/><V53/><F53/><W46/><G52/><T0/><D0/><U43/><E43/><V100/><F100/><W109/><G118/><T61/><D61/><U92/><E103/><V5/><F5/><W72/><G34/><T85/><D85/><U83/><E101/><V64/><F64/><W131/><G35/><T2/><D2/><U89/><E97/><V18/><F18/><W20/><G98/><T135/><D135/><U54/><E54/><V19/><F19/><W16/><G16/><T57/><D57/><U38/><E38/><V94/><F94/><W93/><G93/><T22/><D22/><U26/><E92/><V4/><F4/><W39/><G72/><T6/><D6/><U127/><E83/><V71/><F71/><RYUUKYOKU ba="0,2" sc="240,15,250,-15,240,15,250,-15" hai0="24,25,27,49,51,62,66,69,82,86,96,102,107" hai2="28,32,37,41,45,80,81,84,87,88,90,125,126" /><INIT seed="0,1,2,5,3,88" ten="255,235,255,235" oya="0" hai0="69,13,79,103,114,20,37,127,92,24,93,6,1" hai1="51,97,4,3,44,87,95,121,62,59,66,75,83" hai2="131,70,71,23,16,26,19,7,124,80,18,39,73" hai3="129,90,125,111,135,55,117,28,10,76,72,106,89"/><T43/><D69/><U101/><E121/><V27/><F39/><W49/><G117/><T98/><D114/><U133/><E133/><V74/><F7/><W14/><G135/><T21/><D127/><U132/><E132/><V30/><F124/><W60/><G125/><T38/><D1/><U53/><E75/><V5/><F131/><W29/><G129/><T48/><D79/><N who="1" m="46591" /><E3/><V118/><F118/><W15/><G106/><T81/><D81/><U64/><E4/><V40/><F40/><AGARI ba="1,2" hai="40,44,51,53,59,62,64,66,95,97,101" m="46591" machi="40" ten="30,2000,0" yaku="8,1,52,1" doraHai="88" who="1" fromWho="2" sc="255,0,235,43,255,-23,235,0" /><INIT seed="1,0,0,3,5,91" ten="255,278,232,235" oya="1" hai0="120,104,10,79,47,35,0,119,32,28,48,100,27" hai1="72,40,26,5,52,67,57,3,125,37,42,84,66" hai2="105,41,8,114,53,15,134,80,103,98,74,95,34" hai3="107,111,18,71,92,23,6,75,77,86,88,51,65"/><U63/><E72/><V38/><F134/><W109/><G107/><T135/><D119/><U7/><E125/><V61/><F114/><W1/><G71/><T9/><D120/><U50/><E3/><V93/><F34/><W73/><G65/><N who="1" m="24586" /><E26/><V59/><F41/><N who="1" m="15977" /><E37/><V13/><F38/><W121/><G121/><T19/><D135/><U123/><E123/><V62/><F62/><W122/><G51/><T96/><D79/><U21/><E21/><V58/><F58/><W131/><G122/><T16/><D35/><U55/><E84/><V124/><F124/><W68/><G68/><T39/><D39/><U128/><E128/><V54/><F54/><W22/><G22/><T60/><D60/><U87/><E87/><V97/><F97/><W113/><G131/><T76/><D76/><U30/><E30/><V46/><F46/><AGARI ba="0,0" hai="5,7,46,50,52,55,57,63" m="15977,24586" machi="46" ten="30,2900,0" yaku="8,1,54,1" doraHai="91" who="1" fromWho="2" sc="255,0,278,29,232,-29,235,0" /><INIT seed="1,1,0,3,2,14" ten="255,307,203,235" oya="1" hai0="77,4,30,11,59,26,66,13,46,113,100,91,63" hai1="93,90,135,1,71,65,102,20,17,97,112,23,78" hai2="103,127,67,80,15,130,88,32,126,44,34,56,2" hai3="101,104,5,42,86,62,58,28,72,25,55,108,84"/><U119/><E119/><V99/><F2/><W19/><G108/><T45/><D113/><U31/><E112/><V6/><F130/><W82/><G72/><T22/><D77/><U3/><E135/><V114/><F114/><W38/><G5/><T120/><D120/><U111/><E111/><V129/><F129/><W92/><G104/><T74/><D74/><U36/><E36/><V61/><F44/><W76/><G38/><T87/><REACH who="0" step="1"/><D100/><REACH who="0" ten="245,307,203,235" step="2"/><U69/><E78/><V118/><F103/><W134/><G101/><T106/><D106/><U79/><E79/><V29/><F118/><W89/><G134/><T110/><D110/><U83/><E102/><V49/><F127/><W96/><G42/><T105/><D105/><U94/><E69/><V98/><F126/><W85/><REACH who="3" step="1"/><G19/><REACH who="3" ten="245,307,203,225" step="2"/><T8/><D8/><U121/><E17/><V68/><F6/><W70/><G70/><T50/><D50/><U52/><E71/><V21/><F49/><W35/><AGARI ba="1,2" hai="25,28,35,55,58,62,76,82,84,85,86,89,92,96" machi="35" ten="20,2700,0" yaku="1,1,0,1,7,1,53,0" doraHai="14" doraHaiUra="60" who="3" fromWho="3" sc="245,-8,307,-14,203,-8,225,50" /><INIT seed="2,0,0,0,4,39" ten="237,293,195,275" oya="2" hai0="119,85,19,50,62,35,134,86,44,53,83,33,25" hai1="42,70,130,63,75,78,74,69,38,12,55,71,122" hai2="124,46,64,84,6,65,72,26,135,102,87,93,77" hai3="48,101,106,115,76,52,103,92,40,88,60,82,16"/><V121/><F121/><W47/><G106/><T110/><D119/><U8/><E122/><V126/><F6/><W99/><G115/><T13/><D134/><U51/><E130/><V128/><F128/><W2/><G2/><T104/><D104/><U34/><E34/><V10/><F10/><W56/><REACH who="3" step="1"/><G16/><REACH who="3" ten="237,293,195,265" step="2"/><T123/><D123/><U111/><E12/><V117/><F117/><W9/><G9/><T73/><D25/><U31/><E8/><V57/><F26/><W0/><G0/><T36/><D19/><U80/><E111/><V91/><F135/><W66/><G66/><T43/><D13/><U15/><E15/><V24/><F64/><W118/><G118/><T125/><D110/><U127/><E127/><V4/><F24/><W22/><G22/><T107/><D107/><U89/><E31/><V116/><F116/><W79/><G79/><T30/><D30/><U3/><E78/><V133/><F133/><W98/><G98/><T94/><D125/><U67/><E67/><V114/><F114/><W17/><G17/><T54/><D33/><U96/><E96/><V5/><F126/><W28/><G28/><T61/><D35/><U97/><E97/><V95/><F124/><W14/><G14/><T113/><D113/><U37/><E3/><V105/><F105/><W108/><G108/><T23/><D23/><U58/><E71/><V129/><F129/><W45/><G45/><T1/><D44/><N who="1" m="26007" /><E70/><V68/><F68/><W21/><G21/><T90/><D1/><U7/><E69/><V120/><F120/><W112/><G112/><T109/><D109/><RYUUKYOKU ba="0,1" sc="237,-10,293,-10,195,-10,265,30" hai3="40,47,48,52,56,60,76,82,88,92,99,101,103" /><INIT seed="3,1,1,2,1,65" ten="227,283,185,295" oya="3" hai0="103,118,96,75,24,108,106,98,95,21,134,86,38" hai1="120,121,70,63,46,110,94,1,9,14,111,4,84" hai2="78,28,11,52,39,85,55,20,37,41,50,76,2" hai3="10,22,49,53,114,104,67,87,30,33,119,15,127"/><W82/><G114/><T19/><D118/><U124/><E84/><V42/><F39/><W117/><G33/><T18/><D38/><U102/><E94/><V59/><F37/><W51/><G104/><T54/><D108/><N who="1" m="41515" /><E102/><V107/><F107/><W135/><G135/><T99/><D134/><U131/><E46/><V48/><F2/><W89/><G127/><T90/><D75/><U69/><E124/><V16/><F28/><W73/><G73/><T13/><D54/><U77/><E77/><N who="2" m="29803" /><F11/><AGARI ba="1,1" hai="11,13,18,19,21,24,86,90,95,96,98,99,103,106" machi="11" ten="30,1000,0" yaku="7,1" doraHai="65" who="0" fromWho="2" sc="227,23,283,0,185,-13,295,0" /><INIT seed="4,0,0,3,2,55" ten="250,283,172,295" oya="0" hai0="58,113,22,74,30,120,52,5,76,25,117,81,111" hai1="131,104,3,75,73,10,16,129,1,43,13,80,93" hai2="17,54,126,125,60,100,78,107,91,121,0,119,96" hai3="98,61,59,84,123,99,11,15,134,70,48,71,82"/><T69/><D117/><U112/><E104/><V33/><F121/><W32/><G123/><T109/><D120/><U68/><E68/><V45/><F33/><W9/><G134/><T132/><D69/><U85/><E43/><V51/><F0/><N who="1" m="73" /><E93/><V90/><F78/><W35/><G9/><T23/><D5/><U65/><E65/><V77/><F77/><N who="3" m="46159" /><G35/><T116/><D116/><U103/><E103/><V102/><F119/><W26/><G32/><T97/><D132/><U40/><E40/><V130/><F102/><W83/><G70/><T64/><D64/><U53/><E53/><V29/><F29/><W88/><G26/><T36/><D36/><U6/><E6/><V46/><F17/><N who="3" m="8447" /><G48/><T14/><D97/><U4/><E4/><V27/><F27/><W92/><G83/><T89/><D89/><N who="1" m="51367" /><E112/><V87/><F91/><W67/><G71/><T127/><D113/><U49/><E49/><V95/><F46/><W72/><G72/><T44/><D44/><U31/><E31/><V133/><F133/><W7/><G7/><T114/><D114/><U21/><E10/><V56/><REACH who="2" step="1"/><F130/><AGARI ba="0,0" hai="13,16,21,73,75,129,130,131" m="51367,73" machi="130" ten="30,2000,0" yaku="19,1,54,1" doraHai="55" who="1" fromWho="2" sc="250,0,283,20,172,-20,295,0" /><INIT seed="5,0,0,3,5,33" ten="250,303,152,295" oya="1" hai0="7,88,110,23,0,2,78,81,30,124,112,37,105" hai1="123,71,26,46,63,74,31,17,118,53,128,42,87" hai2="121,101,131,120,69,67,21,73,64,18,90,29,49" hai3="68,99,51,117,129,54,98,35,20,8,113,83,22"/><U65/><E123/><V14/><F73/><W109/><G109/><T1/><D110/><U125/><E118/><V106/><F131/><W58/><G129/><T24/><D112/><U66/><E128/><V134/><F134/><W122/><G122/><T43/><D124/><U135/><E135/><V56/><F69/><W4/><G113/><T15/><D105/><U126/><E74/><V11/><F90/><W70/><G35/><T3/><D88/><U102/><E87/><V72/><F72/><W80/><G70/><T50/><D37/><U108/><E17/><V41/><F41/><W75/><G68/><T79/><N who="0" m="0" /><DORA hai="10" /><T93/><D93/><U114/><E114/><V82/><F67/><W45/><G117/><T103/><D103/><U84/><E84/><V127/><F82/><W5/><G45/><T115/><D115/><U44/><E102/><V91/><F91/><W55/><G75/><T77/><D81/><N who="3" m="31305" /><G55/><T52/><D43/><U89/><E89/><V13/><F127/><W38/><G38/><T107/><D107/><U119/><E65/><V57/><F64/><W60/><G51/><T111/><D111/><U95/><E108/><V97/><F29/><W94/><G8/><T133/><D133/><U85/><E119/><V100/><F100/><N who="3" m="60503" /><G99/><T19/><D7/><AGARI ba="0,0" hai="4,5,7,20,22,54,58,60" m="60503,31305" machi="7" ten="30,1000,0" yaku="8,1" doraHai="33,10" who="3" fromWho="0" sc="250,-10,303,0,152,0,295,10" /><INIT seed="6,0,0,3,0,44" ten="240,303,152,305" oya="2" hai0="93,0,52,8,100,89,111,39,62,115,84,37,33" hai1="92,9,42,130,11,31,122,99,120,69,14,53,59" hai2="48,119,58,106,51,70,121,107,35,102,22,67,117" hai3="113,38,123,15,83,90,19,57,134,127,133,10,71"/><V34/><F102/><W2/><G123/><N who="1" m="47146" /><E69/><V56/><F121/><W6/><G71/><T87/><D111/><U25/><E42/><V49/><F70/><W7/><G127/><T50/><D33/><N who="2" m="12298" /><F67/><W23/><G113/><T29/><D29/><U65/><E65/><V4/><F22/><W101/><G38/><T109/><D115/><U132/><E14/><V55/><F55/><W16/><G101/><T128/><D109/><U82/><E82/><V46/><F46/><W27/><G57/><N who="2" m="22121" /><F4/><W79/><G90/><T108/><D108/><U43/><E43/><V3/><F3/><W77/><G77/><T5/><D62/><U21/><E59/><V60/><F60/><W116/><G2/><T103/><D39/><U88/><E53/><V68/><F68/><W63/><G63/><T76/><D37/><U135/><E130/><V54/><F54/><W28/><G6/><T26/><D128/><U17/><E31/><V80/><F80/><W18/><REACH who="3" step="1"/><G116/><AGARI ba="0,0" hai="48,49,51,106,107,116,117,119" m="22121,12298" machi="116" ten="40,12000,1" yaku="28,2,52,3" doraHai="44" who="2" fromWho="3" sc="240,0,303,0,152,120,305,-120" /><INIT seed="6,1,0,2,0,51" ten="240,303,272,185" oya="2" hai0="8,88,56,69,135,1,15,66,3,96,49,6,82" hai1="81,129,59,124,91,80,50,131,97,31,5,93,26" hai2="73,75,106,62,133,85,128,30,23,38,119,44,60" hai3="92,61,101,109,113,54,57,122,102,70,34,37,74"/><V126/><F119/><W65/><G109/><T123/><D123/><U24/><E124/><V87/><F106/><W39/><G122/><T130/><D135/><U35/><E5/><V2/><F2/><W48/><G74/><T90/><D130/><N who="1" m="49675" /><E24/><V94/><F94/><W12/><G34/><T89/><D69/><U32/><E32/><V7/><F7/><W10/><G113/><T55/><D66/><U118/><E118/><V11/><F11/><W107/><G107/><T22/><D96/><U28/><E28/><V98/><F98/><W117/><G117/><T64/><D64/><U36/><E36/><V120/><F128/><W45/><G92/><T14/><D3/><U63/><E50/><V16/><F38/><W33/><G33/><T68/><D68/><U20/><E35/><V83/><F120/><W103/><REACH who="3" step="1"/><G70/><REACH who="3" ten="240,303,272,175" step="2"/><T134/><D134/><U112/><E112/><V21/><F133/><W100/><N who="3" m="25600" /><DORA hai="111" /><W19/><AGARI ba="1,1" hai="10,12,19,37,39,45,48,54,57,61,65" m="25600" machi="19" ten="40,8000,1" yaku="1,1,4,1,0,1,52,1,53,0" doraHai="51,111" doraHaiUra="27,132" who="3" fromWho="3" sc="240,-21,303,-21,272,-41,175,93" /><INIT seed="7,0,0,5,5,67" ten="219,282,231,268" oya="3" hai0="121,118,114,2,92,0,87,32,11,65,21,83,24" hai1="104,55,120,1,22,99,16,49,36,124,33,26,96" hai2="128,53,51,46,74,29,130,28,102,113,91,60,30" hai3="76,62,84,116,112,34,23,63,111,47,58,17,89"/><W43/><G34/><T98/><D118/><U56/><E36/><V86/><F113/><W35/><G35/><T10/><D32/><U85/><E120/><V69/><F74/><W25/><G116/><T68/><D121/><U66/><E1/><V73/><F73/><W45/><G112/><T82/><D114/><U20/><E33/><V81/><REACH who="2" step="1"/><F102/><REACH who="2" ten="219,282,221,268" step="2"/><W57/><G111/><T7/><D2/><U126/><E126/><V41/><F41/><W59/><G76/><T110/><D110/><U105/><E124/><V61/><F61/><N who="3" m="23051" /><G43/><T72/><D72/><U132/><E66/><AGARI ba="0,1" hai="28,29,30,46,51,53,60,66,69,81,86,91,128,130" machi="66" ten="40,2600,0" yaku="1,1,52,1,53,0" doraHai="67" doraHaiUra="123" who="2" fromWho="1" sc="219,0,282,-26,221,36,268,0" /><INIT seed="8,0,0,2,5,98" ten="219,256,257,268" oya="0" hai0="48,114,91,108,59,56,50,110,86,49,71,5,69" hai1="63,96,52,133,88,102,3,130,23,15,29,2,135" hai2="55,8,81,83,67,78,107,37,73,125,10,72,32" hai3="89,14,46,119,20,60,90,70,103,53,84,30,45"/><T6/><D114/><U117/><E117/><V7/><F32/><W82/><G119/><T13/><D13/><U41/><E41/><V54/><F37/><W100/><G70/><N who="0" m="26635" /><D91/><U28/><E130/><V80/><F67/><W120/><G120/><T121/><D86/><U131/><E131/><V24/><F107/><W39/><G39/><T76/><D76/><U64/><E15/><V122/><F122/><W116/><G116/><T134/><D121/><U99/><E64/><V113/><F113/><W31/><G90/><T105/><D105/><U92/><E23/><V51/><F51/><N who="0" m="13058" /><T12/><DORA hai="129" /><D12/><U18/><E18/><V36/><F36/><W40/><G40/><T94/><D94/><N who="1" m="58647" /><E2/><V68/><F68/><W123/><G123/><T47/><D47/><N who="3" m="17929" /><G14/><T112/><D134/><N who="1" m="51211" /><E3/><V16/><F16/><W97/><G97/><T132/><D132/><U27/><E27/><V61/><F24/><N who="3" m="16647" /><G31/><T126/><D112/><U4/><E4/><N who="0" m="1641" /><D126/><U75/><E75/><V93/><F73/><W44/><G44/><T0/><D0/><U42/><E42/><V85/><F125/><W74/><G74/><T38/><D38/><U118/><E118/><V43/><F43/><W17/><G17/><T128/><D128/><U62/><E62/><V25/><F7/><W127/><G127/><T77/><D77/><U87/><E99/><V106/><F72/><W19/><G19/><T65/><D65/><U58/><AGARI ba="0,0" hai="28,29,52,58,63,87,88,92" m="51211,58647" machi="58" ten="30,12000,2" yaku="20,1,52,4,54,2" doraHai="98,129" who="1" fromWho="1" sc="219,-60,256,120,257,-30,268,-30" owari="159,-34.0,376,47.0,227,-17.0,238,4.0" /></mjloggm>