<mjloggm ver="2.3"><GO type="169" lobby="0"/><UN n0="%E3%81%BE%E3%81%8F%E3%81%A9%E3%81%AA%E3%82%8B%E3%81%AA%E3%82%8B%E3%81%A9" n1="%E5%8D%83%E7%BE%BD%E9%B4%89" n2="%62%75%72%65%61%36" n3="%E9%95%B7%E5%B1%B1%E5%A4%A7%E6%A8%B9" dan="16,17,16,16" rate="2127.74,2228.45,2118.31,2118.87" sx="M,F,M,M"/><TAIKYOKU oya="0"/><INIT seed="0,0,0,5,5,128" ten="250,250,250,250" oya="0" hai0="63,4,74,113,14,78,111,43,124,57,61,13,30" hai1="108,103,89,135,6,68,25,100,3,105,93,77,71" hai2="49,131,35,2,10,91,79,82,83,56,104,15,52" hai3="127,114,8,64,97,18,101,31,120,90,94,110,28"/><T92/><D113/><U1/><E25/><V109/><F131/><W121/><G110/><T98/><D111/><U42/><E42/><V129/><F129/><W38/><G127/><T112/><D112/><U40/><E40/><V12/><F109/><W130/><G38/><T11/><D124/><U26/><E26/><V117/><F117/><W134/><G64/><T5/><D30/><U81/><E103/><V106/><F35/><W47/><G114/><T80/><D43/><U75/><E135/><V99/><F2/><W133/><G47/><T50/><D50/><U76/><E76/><V60/><F15/><N who="3" m="7527" /><G130/><T72/><D72/><U66/><E6/><V16/><F60/><W54/><G54/><T22/><D22/><U19/><E19/><V0/><F0/><N who="1" m="73" /><E66/><V39/><F39/><W44/><G44/><T20/><D20/><U53/><E53/><V122/><F122/><N who="3" m="47211" /><G101/><T96/><D63/><U86/><E108/><V123/><F123/><W102/><G102/><T85/><D74/><U46/><E46/><V33/><F33/><W88/><G90/><T107/><D5/><U41/><E41/><V115/><F115/><W24/><G31/><T70/><D4/><U48/><E48/><V118/><F118/><W21/><AGARI ba="0,0" hai="21,24,28,88,94,97,133,134" m="47211,7527" machi="21" ten="30,7900,0" yaku="13,1,52,2,54,1" doraHai="128" who="3" fromWho="3" sc="250,-39,250,-20,250,-20,250,79" /><INIT seed="1,0,0,2,5,43" ten="211,230,230,329" oya="1" hai0="92,85,52,108,67,83,26,32,87,89,5,27,9" hai1="128,129,4,66,124,8,34,93,14,98,88,58,111" hai2="115,86,112,118,57,134,18,104,76,107,103,51,38" hai3="15,20,16,113,64,49,35,56,21,17,122,36,114"/><U1/><E34/><V74/><F38/><W48/><G35/><T29/><D108/><U25/><E111/><V63/><F118/><W82/><G36/><T62/><D27/><U105/><E124/><V101/><F51/><W7/><G122/><T109/><D109/><U11/><E25/><V30/><F30/><W94/><G7/><T99/><D83/><U95/><E105/><V31/><F31/><W68/><G68/><T80/><D80/><U70/><E70/><V46/><F18/><W110/><G110/><T91/><D91/><U100/><E58/><V10/><F10/><W12/><G82/><T3/><REACH who="0" step="1"/><D52/><REACH who="0" ten="201,230,230,329" step="2"/><U41/><E66/><V84/><F112/><W54/><G64/><T19/><D19/><U121/><E121/><V77/><F115/><W59/><G94/><T2/><D2/><U40/><E40/><V71/><F107/><W50/><G114/><T79/><D79/><U97/><REACH who="1" step="1"/><E41/><REACH who="1" ten="201,220,230,329" step="2"/><V24/><F104/><W106/><G106/><T60/><D60/><U72/><E72/><V126/><F74/><W130/><G113/><T22/><D22/><U69/><E69/><AGARI ba="0,2" hai="3,5,9,26,29,32,62,67,69,85,87,89,92,99" machi="69" ten="30,3900,0" yaku="1,1,7,1,53,1" doraHai="43" doraHaiUra="28" who="0" fromWho="1" sc="201,59,220,-39,230,0,329,0" /><INIT seed="2,0,0,0,2,78" ten="260,181,230,329" oya="2" hai0="106,84,57,19,55,135,68,69,58,70,62,2,56" hai1="132,40,54,35,53,8,102,18,17,21,111,103,34" hai2="22,117,123,82,133,12,29,100,6,1,110,122,46" hai3="112,13,49,88,107,114,99,108,45,95,127,38,86"/><V4/><F117/><W61/><G108/><T47/><D106/><U11/><E132/><V75/><F133/><W129/><G129/><T41/><D2/><U66/><E66/><V43/><F100/><W73/><G127/><T42/><D135/><U39/><E40/><N who="0" m="15465" /><D19/><U64/><E64/><V76/><F110/><W10/><G73/><T101/><D84/><U5/><E111/><V87/><F6/><W109/><G61/><T93/><D93/><U90/><E5/><V92/><F92/><W134/><G38/><T24/><D24/><U96/><E21/><V59/><F59/><N who="0" m="22602" /><D101/><U131/><E90/><V105/><F105/><W98/><G109/><T113/><D113/><N who="3" m="43625" /><G107/><T30/><D30/><U125/><E125/><V48/><F1/><W44/><G134/><T80/><D80/><U124/><E124/><V89/><F75/><W85/><G45/><AGARI ba="0,0" hai="45,47,55,58,62,68,69,70" m="22602,15465" machi="45" ten="40,8000,1" yaku="35,5" doraHai="78" who="0" fromWho="3" sc="260,80,181,0,230,0,329,-80" /><INIT seed="3,0,0,1,2,119" ten="340,181,230,249" oya="3" hai0="1,10,62,82,101,107,106,59,128,44,21,73,66" hai1="36,65,109,69,122,37,4,103,46,95,134,133,113" hai2="117,31,99,57,12,83,55,102,38,29,50,123,43" hai3="80,47,77,114,24,98,104,85,71,76,67,20,51"/><W90/><G114/><T93/><D128/><U22/><E4/><V23/><F117/><W18/><G71/><T97/><D44/><U49/><E103/><V100/><F100/><W58/><G104/><T84/><D73/><U70/><E95/><V88/><F38/><N who="1" m="14953" /><E22/><V94/><F43/><W132/><G132/><N who="1" m="50794" /><E113/><V13/><F123/><W5/><G5/><T54/><D1/><U81/><E81/><V45/><F45/><W32/><G32/><T30/><D10/><U41/><E109/><V64/><F64/><W9/><G9/><T16/><D54/><U115/><E115/><V121/><F121/><W127/><G127/><T52/><D52/><N who="1" m="29751" /><E122/><V11/><F13/><W63/><REACH who="3" step="1"/><G98/><REACH who="3" ten="340,181,230,239" step="2"/><T110/><D110/><U92/><E92/><V75/><F23/><W124/><G124/><T91/><D107/><U28/><E28/><V126/><F126/><W8/><G8/><T42/><D106/><U0/><E0/><V2/><F2/><W130/><G130/><T53/><D30/><U25/><E69/><V79/><REACH who="2" step="1"/><F102/><REACH who="2" ten="340,181,220,239" step="2"/><W14/><G14/><T72/><D101/><U120/><E120/><V35/><F35/><W111/><G111/><T118/><D42/><AGARI ba="0,2" hai="18,20,24,42,47,51,58,63,67,76,77,80,85,90" machi="42" ten="30,11600,0" yaku="1,1,7,1,8,1,53,1" doraHai="119" doraHaiUra="86" who="3" fromWho="0" sc="340,-116,181,0,220,0,239,136" /><INIT seed="3,1,0,4,4,114" ten="224,181,220,375" oya="3" hai0="113,32,58,75,135,7,46,45,5,14,19,6,37" hai1="0,78,105,17,79,68,111,22,99,90,91,129,42" hai2="131,35,41,119,9,18,59,62,107,47,53,87,21" hai3="110,54,98,123,94,130,49,74,112,67,115,117,108"/><W89/><G74/><T122/><D122/><U101/><E68/><V96/><F131/><W83/><G67/><T106/><D106/><U61/><E129/><V28/><F35/><W16/><G130/><T20/><D75/><U57/><E111/><N who="3" m="42538" /><G123/><T11/><D113/><U12/><E0/><V23/><F28/><W50/><G117/><T124/><D32/><U134/><E134/><V4/><F107/><W72/><G50/><T1/><D135/><U51/><E79/><V36/><F96/><W116/><G116/><T56/><D124/><U128/><E78/><V66/><F119/><W52/><G54/><T39/><D39/><U40/><E128/><V34/><F34/><W126/><G72/><T125/><D125/><U84/><E51/><V92/><F18/><W48/><G48/><T3/><D37/><U127/><E127/><V104/><F104/><W8/><G83/><T31/><D31/><U43/><REACH who="1" step="1"/><E84/><REACH who="1" ten="224,171,220,375" step="2"/><V25/><F87/><W133/><G133/><T81/><D1/><U15/><E15/><V55/><F36/><W2/><G126/><T26/><D3/><U93/><E93/><V80/><F92/><W24/><G2/><T60/><D81/><U95/><E95/><V33/><F80/><W88/><G89/><T120/><D120/><U85/><E85/><V71/><F71/><W102/><G102/><T109/><D109/><U76/><E76/><V86/><F86/><W100/><G100/><T77/><D77/><U121/><E121/><V44/><F25/><W69/><G69/><T13/><D26/><U73/><E73/><V118/><F118/><RYUUKYOKU ba="1,1" sc="224,-10,171,30,220,-10,375,-10" hai1="12,17,22,40,42,43,57,61,90,91,99,101,105" /><INIT seed="4,2,1,1,4,129" ten="214,201,210,365" oya="0" hai0="113,78,61,60,25,3,128,110,54,79,47,28,57" hai1="24,98,1,106,69,118,31,20,89,49,35,127,14" hai2="103,125,10,22,34,4,40,75,29,7,102,26,105" hai3="82,53,6,133,92,12,121,117,111,67,23,13,2"/><T88/><D113/><U132/><E118/><V90/><F125/><W0/><G111/><T85/><D3/><U104/><E127/><V70/><F70/><W41/><G117/><T96/><D110/><U42/><E69/><V83/><F40/><W122/><G41/><T73/><D73/><U50/><E1/><V135/><F105/><W97/><G67/><T95/><D128/><U80/><E132/><V64/><F64/><W100/><G82/><T46/><D61/><U101/><E106/><V21/><F7/><W123/><G53/><T87/><D87/><U45/><E49/><V107/><F107/><W48/><G48/><T71/><D71/><U65/><E65/><V68/><F68/><W63/><G63/><T81/><REACH who="0" step="1"/><D79/><REACH who="0" ten="204,201,210,365" step="2"/><U59/><E98/><V5/><F75/><W66/><G0/><T18/><D18/><U30/><E30/><V19/><F19/><W38/><G2/><T115/><D115/><U9/><E31/><V62/><F29/><W126/><G126/><T58/><D58/><U109/><E59/><V27/><F62/><W51/><G122/><T130/><D130/><U43/><E109/><V134/><F135/><W16/><G133/><T44/><D44/><U94/><E45/><V52/><F134/><W114/><G114/><T116/><D116/><U56/><E56/><V37/><F83/><W55/><G123/><T33/><AGARI ba="2,2" hai="25,28,33,46,47,54,57,60,78,81,85,88,95,96" machi="33" ten="20,7800,0" yaku="1,1,0,1,7,1,54,1,53,0" doraHai="129" doraHaiUra="99" who="0" fromWho="0" sc="204,104,201,-28,210,-28,365,-28" /><INIT seed="4,3,0,3,0,108" ten="308,173,182,337" oya="0" hai0="79,55,106,20,13,90,71,45,24,40,121,105,60" hai1="32,86,111,35,103,58,102,52,96,28,53,134,51" hai2="113,124,73,98,61,42,120,85,118,127,117,78,91" hai3="107,33,68,93,122,46,95,100,39,5,26,4,75"/><T82/><D121/><U56/><E134/><V112/><F120/><W25/><G122/><T132/><D132/><U6/><E111/><V135/><F135/><W67/><G95/><T101/><D90/><U30/><E6/><V29/><F42/><N who="3" m="22879" /><G93/><T8/><D101/><U130/><E130/><V114/><F61/><N who="3" m="40047" /><G26/><T16/><D55/><U109/><E109/><V94/><F29/><N who="3" m="19631" /><G75/><T17/><D60/><U9/><E9/><V22/><F22/><W97/><AGARI ba="3,0" hai="4,5,97,100,107" m="19631,40047,22879" machi="97" ten="30,1100,0" yaku="25,1" doraHai="108" who="3" fromWho="3" sc="308,-8,173,-6,182,-6,337,20" /><INIT seed="5,0,0,2,3,133" ten="300,167,176,357" oya="1" hai0="39,102,117,119,108,73,72,14,113,131,77,67,126" hai1="18,91,78,120,43,71,86,110,57,89,95,52,23" hai2="11,122,87,90,111,55,49,93,74,124,20,68,92" hai3="107,106,50,70,10,114,5,134,22,41,7,61,94"/><U37/><E71/><V99/><F111/><W38/><G38/><T25/><D67/><U76/><E110/><V45/><F122/><W34/><G34/><T135/><D25/><U8/><E120/><V129/><F129/><W84/><G134/><T109/><D14/><U118/><E118/><N who="0" m="45065" /><D39/><U51/><E8/><V65/><F74/><W12/><G5/><T27/><D27/><U28/><E28/><V80/><F124/><W30/><G114/><T115/><D135/><U42/><E89/><V101/><F20/><W100/><G30/><T29/><D29/><U24/><REACH who="1" step="1"/><E37/><REACH who="1" ten="300,157,176,357" step="2"/><V36/><F36/><W121/><G121/><T128/><D109/><U130/><E130/><V69/><F11/><W66/><G22/><T79/><D108/><U60/><E60/><V64/><F68/><W15/><G10/><T31/><D31/><U53/><E53/><V13/><F69/><W96/><G70/><T85/><D131/><U16/><E16/><V54/><F54/><W83/><G61/><T105/><D128/><U44/><E44/><V81/><F64/><W56/><G66/><T6/><D6/><U4/><E4/><V2/><F65/><W132/><G132/><T123/><D123/><U9/><E9/><V0/><F2/><W62/><G7/><T63/><D63/><U1/><E1/><V26/><F0/><W88/><G62/><T59/><D115/><U19/><E19/><V21/><F55/><N who="3" m="31863" /><G41/><AGARI ba="0,1" hai="18,23,24,41,42,43,51,52,57,76,78,86,91,95" machi="41" ten="40,7700,0" yaku="1,1,8,1,54,1,53,0" doraHai="133" doraHaiUra="125" who="1" fromWho="3" sc="300,0,157,87,176,0,357,-77" /><INIT seed="5,1,0,3,1,58" ten="300,244,176,280" oya="1" hai0="14,71,55,129,77,17,65,6,101,112,79,69,95" hai1="115,4,21,44,24,106,53,84,37,90,0,30,38" hai2="8,32,88,10,99,89,75,26,96,103,9,100,117" hai3="102,85,56,40,7,52,41,123,49,22,46,73,57"/><U2/><E106/><V11/><N who="2" m="2048" /><DORA hai="76" /><V54/><F117/><W31/><G73/><T111/><D111/><U23/><E115/><V122/><F122/><W67/><G123/><T116/><D116/><U114/><E4/><V59/><F75/><W82/><G7/><T16/><D112/><U48/><E114/><V45/><F45/><W3/><G3/><T64/><D6/><U120/><E120/><V20/><F32/><W66/><G102/><T50/><D129/><U78/><E78/><N who="0" m="29705" /><D71/><U134/><E134/><V36/><F36/><W97/><G97/><N who="2" m="37449" /><F103/><W94/><G94/><T27/><D69/><U43/><E23/><V118/><F100/><W121/><G121/><T29/><D95/><U5/><E5/><V51/><F118/><W124/><G124/><T47/><D101/><U126/><E126/><V19/><AGARI ba="1,0" hai="19,20,26,51,54,59,88,89" m="37449,2048" machi="19" ten="40,2700,0" yaku="8,1,54,1" doraHai="58,76" who="2" fromWho="2" sc="300,-8,244,-14,176,30,280,-8" /><INIT seed="6,0,0,4,5,117" ten="292,230,206,272" oya="2" hai0="5,133,96,84,48,90,44,40,102,111,110,34,101" hai1="88,81,79,69,50,94,6,82,21,104,9,125,38" hai2="7,92,97,20,42,121,60,11,18,76,83,37,56" hai3="0,33,131,45,22,113,71,51,58,55,31,135,106"/><V36/><F121/><W61/><G0/><T130/><D34/><U80/><E38/><V87/><F42/><W2/><G2/><T23/><D130/><U13/><E104/><V118/><F118/><W14/><G131/><T41/><D133/><U53/><E69/><V134/><F134/><W15/><G135/><T17/><D5/><U99/><E21/><V27/><F11/><W57/><G113/><T126/><D126/><U86/><REACH who="1" step="1"/><E125/><REACH who="1" ten="292,220,206,272" step="2"/><V128/><F128/><W10/><G106/><T108/><D108/><U65/><E65/><V107/><F107/><W103/><G71/><T32/><D111/><U35/><E35/><V49/><F7/><W16/><G33/><T105/><D32/><U116/><E116/><V28/><F28/><W26/><G22/><T127/><D127/><U85/><E85/><V73/><F87/><W30/><G30/><T29/><D110/><U25/><E25/><V122/><F122/><W67/><G26/><T54/><D29/><U52/><E52/><N who="2" m="33799" /><F37/><W123/><G31/><T77/><D84/><U115/><E115/><V66/><F36/><W1/><G123/><T12/><D105/><U24/><E24/><V4/><F4/><W43/><G67/><T39/><D39/><U72/><E72/><V46/><F66/><W68/><G68/><T93/><D41/><U70/><E70/><V129/><F129/><W95/><G43/><T8/><D40/><U74/><E74/><V100/><F46/><AGARI ba="0,1" hai="6,9,13,46,50,53,79,80,81,82,86,88,94,99" machi="46" ten="30,7700,0" yaku="1,1,7,1,8,1,54,1,53,0" doraHai="117" doraHaiUra="124" who="1" fromWho="2" sc="292,0,220,87,206,-77,272,0" /><INIT seed="7,0,0,5,1,115" ten="292,307,129,272" oya="3" hai0="73,54,42,99,9,105,78,128,129,101,85,31,92" hai1="24,132,107,60,7,102,6,8,122,26,119,93,94" hai2="77,113,103,59,108,135,47,88,52,131,83,89,36" hai3="134,0,133,55,40,116,86,65,48,125,124,123,20"/><W21/><G123/><T51/><D31/><U67/><E122/><V96/><F113/><W98/><G0/><T63/><D73/><U79/><E107/><V3/><F3/><W70/><G40/><T14/><D63/><U15/><E119/><V82/><F108/><W106/><G86/><T5/><D42/><U11/><E79/><V90/><F131/><N who="0" m="50250" /><D78/><U111/><E132/><N who="3" m="50794" /><G65/><T18/><D85/><U75/><E75/><V13/><F135/><W35/><G70/><T104/><D5/><U66/><E111/><V121/><F121/><W114/><G35/><T109/><D109/><U1/><E67/><V2/><F2/><W27/><G114/><T33/><D33/><U29/><E102/><V74/><F13/><W28/><G21/><T118/><D118/><U61/><E26/><V32/><F32/><W45/><G116/><T80/><D80/><U117/><E117/><V112/><F112/><W44/><G44/><AGARI ba="0,0" hai="9,14,18,44,51,54,92,99,101,104,105" m="50250" machi="44" ten="30,1000,0" yaku="19,1" doraHai="115" who="0" fromWho="3" sc="292,10,307,0,129,0,272,-10" owari="302,10.0,307,41.0,129,-37.0,262,-14.0" /></mjloggm>