<mjloggm ver="2.3"><GO type="225" lobby="0"/><UN n0="%E3%82%8F%E3%81%A3%E3%81%97%E3%82%87%E3%81%84%E5%90%9B%32%E5%8F%B7" n1="%E8%A8%88%E7%AE%97%E6%A9%9F%E8%87%AA%E7%84%B6" n2="%E7%B6%BE%E9%87%8E%E7%8F%AA%E5%AD%90" n3="%E3%81%BE%E3%82%8A%E3%81%B7%E3%81%85%E3%81%AE%E3%83%95%E3%82%A1%E3%83%B3" dan="17,17,17,16" rate="2262.83,2291.14,2225.49,2088.73" sx="M,M,F,M"/><TAIKYOKU oya="0"/><INIT seed="0,0,0,2,0,103" ten="250,250,250,250" oya="0" hai0="46,31,113,56,99,68,25,24,41,92,63,54,8" hai1="6,62,73,35,59,93,83,116,90,98,39,121,126" hai2="119,67,109,26,12,5,106,36,130,45,94,123,112" hai3="72,129,43,47,60,128,42,23,84,78,10,91,105"/><T3/><D113/><U125/><E116/><V64/><F112/><W65/><G10/><T66/><D3/><U87/><E121/><V88/><F123/><W13/><G105/><T77/><D77/><U115/><E115/><V71/><F106/><W85/><G72/><T11/><D68/><U17/><E39/><V122/><F122/><W81/><G13/><T53/><D8/><U15/><E35/><V108/><F119/><W4/><G4/><T16/><D11/><U101/><E6/><V74/><F74/><W117/><G23/><N who="0" m="15775" /><D41/><U30/><E30/><V69/><F26/><W49/><G42/><T70/><D70/><N who="2" m="26634" /><F12/><W61/><G65/><T120/><D46/><U55/><REACH who="1" step="1"/><E73/><REACH who="1" ten="250,240,250,250" step="2"/><V82/><F36/><W118/><G118/><T124/><D120/><U79/><E79/><V134/><F5/><W89/><G117/><T58/><D124/><U133/><E133/><V0/><F134/><W80/><REACH who="3" step="1"/><G78/><REACH who="3" ten="250,240,250,240" step="2"/><T48/><D66/><U76/><E76/><V104/><F67/><W135/><G135/><T50/><D25/><U2/><E2/><V38/><F64/><W28/><G28/><T110/><D16/><U27/><E27/><V9/><F0/><W1/><G1/><T14/><D14/><U37/><E37/><V95/><F38/><W131/><AGARI ba="0,2" hai="43,47,49,60,61,80,81,84,85,89,91,128,129,131" machi="131" ten="30,7900,0" yaku="1,1,0,1,9,1,19,1,53,0" doraHai="103" doraHaiUra="34" who="3" fromWho="3" sc="250,-39,240,-20,250,-20,240,99" /><INIT seed="1,0,0,4,1,76" ten="211,220,230,339" oya="1" hai0="72,127,36,116,96,90,118,101,64,52,130,82,124" hai1="117,48,74,71,47,81,78,46,92,45,89,4,122" hai2="40,57,18,49,79,104,1,97,24,42,59,133,107" hai3="20,114,22,50,123,38,73,0,66,86,54,99,30"/><U110/><E122/><V68/><F68/><W56/><G73/><T15/><D36/><U77/><E117/><N who="0" m="45161" /><D64/><U9/><E71/><V108/><F1/><W44/><G114/><T120/><D52/><U55/><E77/><V65/><F79/><W7/><G123/><T16/><D120/><U126/><E126/><N who="0" m="48169" /><D72/><U27/><E27/><V28/><F133/><W93/><G38/><T13/><D130/><U62/><E62/><V12/><F65/><W128/><G66/><T10/><D15/><U115/><E110/><V121/><F108/><W131/><G44/><T80/><D90/><U58/><E115/><V106/><F49/><W67/><G50/><T6/><D6/><U132/><E132/><V94/><F42/><W3/><G7/><T69/><D69/><U103/><E103/><V75/><F40/><W109/><G67/><T84/><D84/><U105/><E105/><AGARI ba="0,0" hai="10,13,16,80,82,96,101,105" m="48169,45161" machi="105" ten="30,7700,0" yaku="18,1,52,2,54,1" doraHai="76" who="0" fromWho="1" sc="211,77,220,-77,230,0,339,0" /><INIT seed="2,0,0,0,3,56" ten="288,143,230,339" oya="2" hai0="127,74,113,51,4,93,36,108,96,92,25,50,110" hai1="89,11,83,45,63,86,122,84,105,29,91,126,57" hai2="13,33,97,94,98,90,17,23,69,71,82,124,100" hai3="32,78,59,135,129,81,111,35,112,49,120,68,104"/><V88/><F124/><W134/><G68/><T79/><D113/><U80/><E126/><V119/><F119/><W43/><G120/><T72/><D127/><U73/><E122/><V40/><F33/><W65/><G111/><T47/><D4/><U22/><E105/><V15/><F40/><W106/><G129/><T60/><D25/><U20/><E73/><V66/><F66/><W9/><G112/><T18/><D18/><U64/><E29/><V37/><F37/><W125/><G125/><T115/><D115/><U3/><REACH who="1" step="1"/><E45/><REACH who="1" ten="288,133,230,339" step="2"/><V38/><F38/><W101/><G106/><T87/><D36/><U12/><E12/><V30/><F30/><W121/><G121/><T58/><D47/><U1/><E1/><V131/><F131/><W55/><G104/><T44/><D44/><U31/><E31/><V95/><F15/><W10/><G135/><T8/><D74/><U48/><E48/><V85/><AGARI ba="0,1" hai="13,17,23,69,71,82,85,88,90,94,95,97,98,100" machi="85" ten="30,3000,0" yaku="0,1,54,1" doraHai="56" who="2" fromWho="2" sc="288,-10,133,-10,230,40,339,-10" /><INIT seed="2,1,0,3,1,36" ten="278,123,270,329" oya="2" hai0="124,20,48,77,65,79,7,58,67,123,119,32,88" hai1="104,8,18,128,40,116,3,94,33,41,69,62,71" hai2="109,108,85,6,78,100,39,131,66,16,68,22,35" hai3="34,26,98,83,80,12,127,43,10,19,24,37,25"/><V55/><F35/><W70/><G70/><T132/><D123/><U13/><E104/><V74/><F74/><W29/><G127/><T9/><D32/><U28/><E116/><V113/><F113/><W115/><G115/><T126/><D119/><U75/><E75/><V27/><F39/><W121/><G121/><T84/><D132/><U87/><E128/><V90/><F131/><W45/><G25/><T11/><D20/><U64/><E69/><V96/><F78/><W101/><REACH who="3" step="1"/><G26/><REACH who="3" ten="278,123,270,319" step="2"/><T110/><D124/><U76/><E33/><V0/><F68/><W133/><G133/><T52/><D126/><U97/><E28/><V95/><F66/><W44/><G44/><T112/><D112/><U89/><REACH who="1" step="1"/><E3/><REACH who="1" ten="278,113,270,319" step="2"/><V120/><F120/><W49/><G49/><T117/><D48/><U50/><E50/><V30/><F30/><W46/><G46/><T54/><D117/><U122/><E122/><V56/><F0/><W15/><G15/><T51/><D51/><U57/><E57/><V23/><F56/><W125/><G125/><T63/><D58/><U105/><E105/><AGARI ba="1,2" hai="10,12,19,24,29,34,37,43,45,80,83,98,101,105" machi="105" ten="30,3900,0" yaku="1,1,7,1,52,1,53,0" doraHai="36" doraHaiUra="82" who="3" fromWho="1" sc="278,0,113,-42,270,0,319,62" /><INIT seed="3,0,0,5,3,10" ten="278,71,270,381" oya="3" hai0="90,80,86,62,7,130,16,84,75,5,41,79,65" hai1="14,33,118,94,68,126,59,42,36,2,23,11,13" hai2="120,106,21,64,38,60,74,31,133,107,129,71,40" hai3="96,48,134,121,100,0,87,109,89,63,22,61,24"/><W34/><G34/><T18/><D75/><U39/><E68/><V78/><F129/><W32/><G32/><T104/><D104/><U20/><E33/><V73/><F133/><W50/><G0/><T4/><D41/><U6/><E126/><V19/><F31/><W66/><G121/><T83/><D130/><U88/><E118/><V43/><F120/><W108/><G134/><T56/><AGARI ba="0,0" hai="4,5,7,16,18,56,62,65,79,80,83,84,86,90" machi="56" ten="30,4000,0" yaku="0,1,8,1,54,1" doraHai="10" who="0" fromWho="0" sc="278,40,71,-10,270,-10,381,-20" owari="318,12.0,61,-44.0,260,-14.0,361,46.0" /></mjloggm>