<mjloggm ver="2.3"><GO type="225" lobby="0"/><UN n0="%E7%B6%BE%E9%87%8E%E7%8F%AA%E5%AD%90" n1="%E3%82%AB%E3%83%9C%E3%83%81%E3%83%A3%E3%82%BF%E3%83%8D" n2="%E3%82%8F%E3%81%A3%E3%81%97%E3%82%87%E3%81%84%E5%90%9B%32%E5%8F%B7" n3="%E5%A4%A7%E5%AE%AE%E5%BF%8D%76" dan="17,16,17,17" rate="2227.64,2084.38,2257.13,2218.72" sx="F,M,M,M"/><TAIKYOKU oya="0"/><INIT seed="0,0,0,3,4,46" ten="250,250,250,250" oya="0" hai0="132,27,80,6,54,69,110,5,92,79,88,125,131" hai1="93,130,25,71,70,17,64,31,51,87,124,106,45" hai2="14,100,40,75,65,119,20,78,7,113,82,103,62" hai3="50,122,116,84,90,35,74,58,89,4,30,60,61"/><T81/><D69/><U15/><E106/><V23/><F113/><W9/><G74/><T63/><D132/><U134/><E134/><V28/><F119/><W24/><G116/><T91/><D131/><U8/><E130/><V21/><F40/><W97/><G122/><T107/><D107/><U36/><E36/><V127/><F28/><W96/><G61/><T108/><D125/><U59/><E124/><V12/><F127/><W95/><G90/><N who="0" m="34347" /><D27/><U56/><E70/><V112/><F112/><W67/><REACH who="3" step="1"/><G50/><REACH who="3" ten="250,250,250,240" step="2"/><T22/><D108/><U115/><E115/><V117/><F117/><W72/><G72/><T57/><D110/><U114/><E114/><V123/><F123/><W34/><G34/><T118/><D118/><U18/><E71/><V16/><F62/><W129/><G129/><T3/><D79/><U42/><E64/><V38/><F65/><W11/><G11/><T52/><D3/><AGARI ba="0,1" hai="3,4,9,24,30,35,58,60,67,84,89,95,96,97" machi="3" ten="30,3900,0" yaku="1,1,7,1,53,1" doraHai="46" doraHaiUra="26" who="3" fromWho="0" sc="250,-39,250,0,250,0,240,49" /><INIT seed="1,0,0,3,4,75" ten="211,250,250,289" oya="1" hai0="124,99,108,2,104,93,129,34,90,22,118,103,82" hai1="73,95,8,40,44,32,19,135,46,113,14,21,42" hai2="52,100,71,11,16,120,123,107,121,31,81,12,83" hai3="55,88,28,117,80,3,35,65,47,105,131,7,106"/><U26/><E113/><V91/><F71/><W15/><G3/><T94/><D34/><U64/><E135/><V30/><F91/><W58/><G131/><T125/><D2/><U6/><E73/><V41/><F41/><W115/><G115/><T85/><D22/><U20/><E64/><V10/><F10/><W69/><G69/><T50/><D50/><U97/><E32/><V63/><F100/><W67/><G117/><T68/><D68/><U127/><E127/><N who="0" m="48713" /><D118/><U114/><E21/><V24/><F107/><W0/><G105/><T116/><D116/><U66/><E66/><V74/><F74/><W112/><G106/><T36/><D36/><U37/><E114/><V101/><F101/><W17/><G112/><T51/><D51/><U5/><E5/><V134/><F134/><W98/><G7/><T53/><D53/><U96/><REACH who="1" step="1"/><E95/><REACH who="1" ten="211,240,250,289" step="2"/><N who="0" m="36361" /><D129/><U86/><E86/><V89/><F120/><W39/><G65/><T72/><D72/><U79/><E79/><V126/><F121/><W109/><G67/><T49/><D49/><AGARI ba="0,1" hai="6,8,14,19,20,26,37,40,42,44,46,49,96,97" machi="49" ten="30,2900,0" yaku="1,1,7,1,53,0" doraHai="75" doraHaiUra="54" who="1" fromWho="0" sc="211,-29,240,39,250,0,289,0" /><INIT seed="1,1,0,5,4,131" ten="182,279,250,289" oya="1" hai0="99,2,82,50,46,62,59,76,40,73,60,54,126" hai1="34,65,56,8,43,124,47,114,86,105,127,77,83" hai2="10,79,115,130,81,92,23,104,13,32,113,109,7" hai3="106,93,18,49,134,122,0,17,25,26,88,48,55"/><U20/><E34/><V118/><F118/><W9/><G122/><T132/><D126/><N who="1" m="48171" /><E114/><N who="2" m="43531" /><F104/><W103/><G103/><T52/><D2/><U111/><E105/><V16/><F130/><W84/><G106/><T87/><D99/><U21/><E8/><V61/><F32/><W19/><G49/><T66/><D132/><U94/><E111/><V108/><F61/><W123/><G134/><T75/><REACH who="0" step="1"/><D54/><REACH who="0" ten="172,279,250,289" step="2"/><U58/><E65/><V42/><F42/><W85/><G0/><T72/><D72/><U36/><E94/><V11/><F92/><W45/><G123/><T78/><D78/><U74/><E74/><N who="2" m="43255" /><F11/><W31/><G9/><T119/><D119/><U1/><E1/><AGARI ba="1,1" hai="1,7,10,13,16,23,108,109" m="43255,43531" machi="1" ten="30,2000,0" yaku="11,1,54,1" doraHai="131" who="2" fromWho="1" sc="172,0,279,-23,250,33,289,0" /><INIT seed="2,0,0,3,1,56" ten="172,256,283,289" oya="2" hai0="26,80,44,105,54,133,69,58,75,73,24,91,96" hai1="74,38,131,94,118,10,4,16,110,30,42,60,28" hai2="102,29,41,15,88,97,109,39,129,25,119,84,27" hai3="55,46,126,12,116,108,107,40,127,128,6,13,1"/><V34/><F119/><W79/><G116/><T124/><D69/><U22/><E118/><V20/><F129/><W49/><G107/><T101/><D133/><U8/><E131/><V65/><F109/><W132/><G128/><T117/><D117/><U48/><E38/><V52/><F15/><W31/><G132/><T86/><D124/><U5/><E74/><V98/><F65/><W14/><G108/><T18/><D44/><N who="1" m="25623" /><E110/><V121/><F121/><W103/><G103/><T111/><D111/><U64/><E94/><V85/><F85/><W68/><G68/><T21/><REACH who="0" step="1"/><D26/><REACH who="0" ten="162,256,283,289" step="2"/><U37/><E37/><V57/><F39/><W23/><G126/><T0/><D0/><U90/><E4/><V104/><F27/><W17/><G127/><T70/><D70/><U115/><E5/><V92/><F41/><W134/><G134/><T35/><D35/><U66/><E115/><V47/><F47/><W89/><G1/><T43/><D43/><U122/><E122/><V99/><REACH who="2" step="1"/><F34/><REACH who="2" ten="162,256,273,289" step="2"/><W51/><G40/><T77/><D77/><U113/><E113/><V62/><AGARI ba="0,2" hai="20,25,29,52,57,62,84,88,92,97,98,99,102,104" machi="62" ten="20,24000,3" yaku="1,1,2,1,0,1,7,1,52,1,54,2,53,1" doraHai="56" doraHaiUra="83" who="2" fromWho="2" sc="162,-80,256,-80,273,260,289,-80" /><INIT seed="2,1,0,2,3,51" ten="82,176,533,209" oya="2" hai0="55,78,105,116,65,33,66,110,93,53,18,48,86" hai1="46,28,49,112,26,111,2,92,107,36,74,89,22" hai2="133,73,41,90,117,103,87,91,122,16,96,115,45" hai3="25,8,129,80,132,47,72,52,11,100,62,119,71"/><V57/><F122/><W101/><G119/><T88/><D105/><U102/><E112/><V108/><F117/><W27/><G129/><T85/><D33/><U109/><E74/><V7/><F115/><W128/><G128/><T19/><D110/><N who="1" m="41995" /><E2/><V106/><F108/><W118/><G118/><T4/><D116/><U121/><E107/><V44/><F7/><W123/><G123/><T24/><D4/><U98/><E36/><V68/><F68/><W82/><G132/><T39/><D39/><U58/><E58/><V14/><F73/><W42/><G72/><T40/><D40/><N who="1" m="24775" /><E121/><V37/><F133/><W38/><G71/><T32/><D32/><U124/><E124/><V12/><F45/><W125/><G125/><T13/><D48/><U56/><E56/><V21/><F57/><N who="3" m="35111" /><G38/><T6/><D66/><U131/><E131/><V0/><F0/><W43/><G47/><T61/><D65/><U60/><E60/><V95/><F91/><AGARI ba="1,0" hai="22,26,28,89,91,92,98,102" m="24775,41995" machi="91" ten="30,1000,0" yaku="14,1" doraHai="51" who="1" fromWho="2" sc="82,0,176,13,533,-13,209,0" /><INIT seed="3,0,0,0,2,24" ten="82,189,520,209" oya="3" hai0="79,80,69,44,26,18,67,109,113,94,135,84,126" hai1="107,38,7,5,127,64,92,129,90,35,133,115,114" hai2="17,123,104,102,15,57,51,47,63,41,62,124,11" hai3="58,61,131,103,101,91,128,88,120,6,1,42,50"/><W25/><G120/><T68/><D109/><U40/><E107/><V77/><F123/><W20/><G6/><T117/><D117/><U48/><E38/><V52/><F124/><W23/><G1/><T3/><D3/><U130/><E35/><V13/><F77/><W111/><G111/><T89/><D135/><U59/><E133/><V121/><F121/><W83/><G50/><T32/><D126/><U76/><E76/><V55/><F104/><W49/><G49/><T86/><D113/><U82/><E82/><V46/><F102/><W73/><G42/><T116/><D116/><U105/><E105/><V87/><F87/><W36/><G36/><T34/><D44/><U75/><E75/><V112/><F112/><W19/><G73/><T110/><D110/><U37/><E37/><V97/><F97/><W108/><G108/><T81/><D94/><U27/><E127/><V30/><F41/><W74/><G74/><T43/><D43/><U106/><E106/><V95/><F47/><W125/><G83/><T29/><D18/><U96/><E27/><V119/><F62/><W100/><G125/><T60/><D68/><U33/><E33/><V14/><F119/><W22/><G25/><T66/><D66/><U45/><E114/><V9/><F95/><W4/><G19/><T98/><D98/><U70/><E70/><V118/><F118/><W132/><G132/><T0/><D0/><U21/><E115/><V2/><F2/><W122/><G122/><T134/><REACH who="0" step="1"/><D134/><REACH who="0" ten="72,189,520,209" step="2"/><U65/><E40/><V12/><N who="2" m="3072" /><DORA hai="85" /><V31/><F17/><W54/><G4/><RYUUKYOKU ba="0,1" sc="72,10,189,-30,520,10,209,10" hai0="26,29,32,34,60,67,69,79,80,81,84,86,89" hai2="9,11,30,31,46,51,52,55,57,63" hai3="20,22,23,54,58,61,88,91,100,101,103,128,131" /><INIT seed="3,1,1,1,0,66" ten="82,159,530,219" oya="3" hai0="24,43,51,26,123,88,33,75,116,56,31,6,67" hai1="133,3,112,58,78,65,30,117,91,72,27,85,71" hai2="92,41,106,52,42,76,14,1,80,102,126,84,18" hai3="77,69,53,57,40,131,39,10,94,104,98,128,38"/><W59/><G77/><T22/><D75/><U121/><E121/><V20/><F1/><W110/><G104/><T5/><D123/><U100/><E112/><V34/><F34/><W89/><G110/><T61/><D116/><U60/><E3/><V115/><F115/><W16/><G59/><T99/><D33/><U86/><E133/><V79/><F126/><W11/><G40/><T114/><D114/><U101/><E72/><V47/><F79/><W48/><G10/><T105/><D105/><U21/><E117/><V127/><F106/><W74/><G74/><T97/><D24/><U7/><E7/><V29/><F29/><W122/><G122/><T87/><D5/><U50/><E71/><V82/><F82/><W90/><G69/><T134/><D6/><U113/><E113/><V19/><F19/><W109/><G109/><T13/><D13/><U96/><E50/><N who="2" m="28767" /><F127/><W103/><G38/><T125/><D125/><U12/><E12/><V119/><F119/><W44/><G39/><T0/><D0/><U70/><E70/><V64/><F64/><W120/><G128/><T62/><D62/><U73/><E73/><V135/><F135/><W68/><G131/><T46/><D134/><U130/><E130/><V8/><F8/><W63/><G11/><T4/><D4/><U55/><E65/><V15/><F15/><W54/><G120/><T49/><REACH who="0" step="1"/><D51/><REACH who="0" ten="72,159,530,219" step="2"/><N who="1" m="31103" /><E27/><V45/><F45/><W129/><G44/><T93/><AGARI ba="1,2" hai="22,26,31,43,46,49,56,61,67,87,88,93,97,99" machi="93" ten="20,8000,1" yaku="1,1,0,1,7,1,8,1,54,1,53,0" doraHai="66" doraHaiUra="9" who="0" fromWho="0" sc="72,103,159,-21,530,-21,219,-41" owari="175,-22.0,138,-36.0,509,60.0,178,-2.0" /></mjloggm>