<mjloggm ver="2.3"><GO type="225" lobby="0"/><UN n0="%E8%88%B9%E8%A6%8B%E7%B5%90%E8%A1%A3%E3%81%A1%E3%82%83%E3%82%93" n1="%E3%82%A4%E3%83%8A%E3%82%BA%E3%83%9E%E8%91%AC%E5%84%80" n2="%E3%83%A9%E3%82%B9%E7%8E%87%EF%BC%93%E5%89%B2" n3="%E4%B8%8A%E9%96%93%E7%AB%9C%E4%B9%9F" dan="16,17,16,16" rate="2135.63,2204.23,2142.64,2085.59" sx="F,F,M,M"/><TAIKYOKU oya="0"/><INIT seed="0,0,0,2,4,14" ten="250,250,250,250" oya="0" hai0="65,117,111,122,69,20,32,103,63,2,98,54,124" hai1="7,91,104,48,97,121,31,30,4,1,105,33,47" hai2="116,36,80,84,126,56,123,70,26,43,133,8,29" hai3="71,39,106,115,77,129,120,15,99,76,89,10,86"/><T110/><D122/><U96/><E121/><V34/><F123/><W3/><G120/><RYUUKYOKU type="kaze4" ba="0,0" sc="250,0,250,0,250,0,250,0" /><INIT seed="0,1,0,3,0,29" ten="250,250,250,250" oya="0" hai0="124,59,6,101,38,110,105,42,80,86,83,111,73" hai1="18,125,121,14,9,58,33,0,132,97,72,114,41" hai2="85,94,116,13,128,69,65,99,34,11,106,75,46" hai3="3,24,122,61,119,10,39,1,57,51,134,25,107"/><T131/><D131/><U32/><E72/><V96/><F75/><W87/><G39/><T8/><D124/><U79/><E79/><V56/><F116/><W91/><G107/><T7/><D73/><U54/><E121/><V104/><F69/><W27/><G119/><T37/><D59/><U47/><E125/><V49/><F128/><W126/><G126/><T108/><D105/><U90/><E0/><V62/><F34/><W109/><G134/><T64/><D64/><U70/><E70/><V66/><F66/><W71/><G122/><T129/><D129/><U117/><E117/><V28/><F28/><W60/><G109/><T84/><D101/><U68/><E68/><V113/><F113/><W77/><G77/><N who="0" m="46191" /><D42/><U74/><E74/><V76/><F104/><W23/><G71/><T31/><D31/><U63/><E132/><V16/><F106/><W4/><G1/><N who="0" m="79" /><D7/><U130/><E114/><V55/><F76/><AGARI ba="1,0" hai="37,38,76,80,86,108,110,111" m="79,46191" machi="76" ten="30,2900,0" yaku="14,1,10,1" doraHai="29" who="0" fromWho="2" sc="250,32,250,0,250,-32,250,0" /><INIT seed="0,2,0,3,1,13" ten="282,250,218,250" oya="0" hai0="91,39,64,123,4,3,41,23,50,42,114,8,83" hai1="86,100,32,135,85,107,115,95,10,102,19,105,89" hai2="59,5,33,9,55,80,24,45,14,126,96,15,56" hai3="17,16,116,99,34,66,117,61,25,28,111,37,27"/><T124/><D123/><U127/><E127/><V52/><F126/><W30/><G37/><T58/><D114/><U62/><E135/><V26/><F45/><W35/><G99/><T6/><D124/><U54/><E115/><V53/><F96/><W130/><G111/><T20/><D39/><U67/><E32/><V103/><F103/><W2/><G130/><T38/><D38/><U109/><E109/><V0/><F80/><W70/><G2/><T68/><D68/><U81/><E54/><V128/><F128/><W82/><G82/><T65/><D83/><U125/><E125/><V98/><F98/><W77/><G77/><T134/><D134/><U101/><E10/><V43/><F43/><W78/><G78/><T88/><D3/><U49/><E49/><V69/><F69/><W47/><G47/><T74/><D74/><U104/><E19/><AGARI ba="2,0" hai="16,17,19,25,27,28,30,34,35,61,66,70,116,117" machi="19" ten="40,8000,1" yaku="9,1,52,3,54,1" doraHai="13" who="3" fromWho="1" sc="282,0,250,-86,218,0,250,86" /><INIT seed="1,0,0,1,5,71" ten="282,164,218,336" oya="1" hai0="64,90,91,66,70,60,112,77,49,51,67,92,62" hai1="85,93,16,39,53,48,110,4,127,118,126,63,35" hai2="38,117,120,15,27,42,26,83,46,75,43,36,44" hai3="74,81,58,19,131,133,124,61,115,104,40,105,28"/><U88/><E118/><V99/><F117/><W37/><G28/><T8/><D112/><U73/><E73/><V109/><F120/><W121/><G58/><T1/><D1/><U102/><E35/><V0/><F109/><W113/><G19/><T111/><D111/><U132/><E110/><V30/><F99/><W18/><G18/><T7/><D77/><U125/><E132/><V129/><F129/><W97/><G61/><T103/><D103/><U11/><E63/><V108/><F108/><W21/><G21/><T17/><D7/><U135/><E135/><V114/><F114/><W41/><G97/><T56/><D66/><U130/><E130/><V128/><F128/><W55/><G131/><T50/><D92/><U87/><E102/><V101/><F101/><W65/><G65/><T80/><D80/><U52/><E39/><V24/><F15/><W25/><G74/><T69/><D56/><N who="1" m="32775" /><E53/><V98/><F98/><W82/><G55/><T96/><D96/><N who="1" m="57383" /><E16/><V6/><F6/><W78/><G133/><T119/><D119/><U68/><E68/><V95/><F0/><AGARI ba="0,0" hai="0,4,11,85,87,125,126,127" m="57383,32775" machi="0" ten="30,5800,0" yaku="18,1,54,2" doraHai="71" who="1" fromWho="2" sc="282,0,164,58,218,-58,336,0" /><INIT seed="1,1,0,5,2,102" ten="282,222,160,336" oya="1" hai0="52,83,64,46,55,121,63,129,134,25,82,80,45" hai1="37,127,122,106,73,91,43,75,133,88,28,29,60" hai2="93,41,78,85,98,27,124,119,92,35,0,21,96" hai3="42,30,15,22,26,38,36,87,104,8,56,100,89"/><U101/><E122/><V50/><F119/><W14/><G56/><N who="0" m="36967" /><D121/><U95/><E127/><V57/><F124/><W48/><G48/><T97/><D134/><U105/><E133/><V68/><F68/><W77/><G77/><T116/><D116/><U11/><E60/><V33/><F0/><W3/><G3/><T128/><D25/><U32/><E11/><V16/><F85/><W7/><G42/><T113/><D113/><U117/><E117/><V81/><F81/><W54/><G54/><N who="0" m="20523" /><D97/><U94/><E101/><V23/><F78/><W112/><G112/><T44/><D129/><U130/><E43/><V61/><F50/><W2/><G100/><T40/><D128/><U135/><E135/><V65/><F41/><AGARI ba="1,0" hai="40,41,44,45,46,80,82,83" m="20523,36967" machi="41" ten="40,2600,0" yaku="8,1,54,1" doraHai="102" who="0" fromWho="2" sc="282,29,222,0,160,-29,336,0" /><INIT seed="2,0,0,2,2,82" ten="311,222,131,336" oya="2" hai0="64,125,80,18,23,81,51,65,33,47,93,58,128" hai1="122,71,26,111,98,4,20,21,46,53,61,43,133" hai2="25,69,24,89,73,36,100,3,59,76,135,45,57" hai3="11,60,6,131,14,103,9,48,30,32,10,19,75"/><V126/><F69/><W34/><G75/><T63/><D33/><N who="3" m="12905" /><G48/><T104/><D104/><U15/><E111/><V114/><F114/><W41/><G60/><T22/><D128/><U54/><E133/><V27/><F135/><W91/><G91/><T121/><D121/><U87/><E122/><V123/><F123/><W68/><G103/><T67/><D125/><U84/><E98/><V50/><F126/><W0/><G41/><N who="0" m="25071" /><D93/><U86/><E71/><V92/><F3/><W1/><G68/><T101/><D101/><U96/><E96/><V127/><F36/><W17/><G131/><T7/><D7/><U12/><E4/><V16/><F127/><W120/><G120/><T77/><D77/><U31/><E21/><N who="0" m="7689" /><D18/><N who="3" m="6665" /><G30/><T66/><AGARI ba="0,0" hai="58,63,64,65,66,67,80,81" m="7689,25071" machi="66" ten="30,1100,0" yaku="8,1" doraHai="82" who="0" fromWho="0" sc="311,11,222,-3,131,-5,336,-3" /><INIT seed="3,0,0,4,2,91" ten="322,219,126,333" oya="3" hai0="84,14,46,81,82,36,69,83,107,108,52,39,42" hai1="34,98,9,73,109,13,124,38,96,32,94,72,16" hai2="111,8,104,123,10,19,113,11,15,92,114,75,70" hai3="79,61,121,25,112,23,71,2,100,119,99,24,122"/><W115/><G79/><T50/><D107/><U37/><E109/><V87/><F104/><W47/><G47/><T35/><D108/><U43/><E124/><V78/><F70/><W44/><G44/><T48/><D69/><U127/><E127/><V76/><F111/><W120/><G119/><T88/><D35/><U86/><E86/><V49/><F123/><W54/><G2/><T89/><D39/><U5/><E98/><V74/><F49/><W58/><G71/><T90/><D36/><U1/><E34/><V4/><F78/><W106/><REACH who="3" step="1"/><G25/><REACH who="3" ten="322,219,126,323" step="2"/><T63/><D14/><U55/><E13/><V21/><F4/><W77/><G77/><N who="0" m="46159" /><D63/><U103/><E1/><V59/><F59/><AGARI ba="0,1" hai="42,46,48,50,52,59,81,83,88,89,90" m="46159" machi="59" ten="30,3900,0" yaku="8,1,54,2" doraHai="91" who="0" fromWho="2" sc="322,49,219,0,126,-39,323,0" owari="371,47.0,219,-18.0,87,-41.0,323,12.0" /></mjloggm>