<mjloggm ver="2.3"><GO type="185" lobby="0"/><UN n0="%E3%82%84%E3%81%BE%E3%81%8B%E3%81%84" n1="%E3%81%82%E3%81%9F%E3%82%89%E3%81%AA%E3%81%84%E3%81%A7%EF%BC%81" n2="%E3%82%BF%E3%83%AD%E3%81%95" n3="" dan="17,17,16,0" rate="2257.53,2195.77,2100.75,1500.00" sx="M,M,M,C"/><TAIKYOKU oya="0"/><INIT seed="0,0,0,1,4,0" ten="350,350,350,0" oya="0" hai0="3,43,33,112,128,38,98,127,105,125,64,39,45" hai1="118,82,62,35,83,68,89,116,41,48,76,53,135" hai2="117,52,75,101,122,58,2,121,119,91,79,74,124" hai3=""/><T107/><D3/><U50/><E135/><V110/><N who="2" m="31008" /><V67/><N who="2" m="31264" /><V71/><F110/><T123/><N who="0" m="31520" /><T72/><D72/><U130/><E130/><V59/><F2/><T54/><D112/><U113/><E113/><V100/><F124/><N who="0" m="47690" /><D128/><U46/><E83/><V114/><F114/><T81/><D39/><U40/><E89/><V1/><F1/><T90/><D64/><U93/><E93/><V77/><F71/><T69/><D69/><U96/><E96/><V120/><N who="2" m="30752" /><V97/><F67/><T88/><D33/><U80/><E68/><V85/><F52/><T115/><D115/><U49/><E62/><V73/><F59/><T57/><D81/><U60/><E60/><V132/><F58/><T51/><D98/><U84/><E35/><V37/><F37/><T78/><D78/><N who="2" m="29706" /><F132/><T95/><D95/><U133/><E133/><V108/><F108/><T109/><D109/><U104/><E76/><V92/><F101/><T32/><D32/><U42/><E42/><V34/><F34/><T66/><D66/><U86/><E40/><V87/><F100/><T65/><D65/><U129/><E41/><V102/><F102/><T44/><D57/><U70/><E70/><V56/><F56/><RYUUKYOKU ba="0,0" sc="350,10,350,-20,350,10,0,0" hai0="38,43,44,45,51,54,88,90,105,107" hai2="73,74,75,85,87,91,92,97,117,119" /><INIT seed="0,1,0,5,3,95" ten="360,330,360,0" oya="0" hai0="65,91,121,131,46,105,58,69,33,133,60,41,54" hai1="125,77,128,48,117,127,62,87,97,124,103,74,135" hai2="120,42,81,72,115,76,44,32,80,70,100,52,126" hai3=""/><T53/><N who="0" m="31008" /><T93/><D33/><U37/><E37/><V61/><N who="2" m="30752" /><V34/><F115/><T39/><D131/><U85/><E117/><V78/><F126/><T1/><D133/><U130/><E48/><V82/><F100/><T83/><D105/><U122/><N who="1" m="31264" /><U79/><E62/><V63/><F81/><T40/><D1/><U111/><E111/><V86/><F63/><T50/><D83/><U107/><E135/><V45/><F44/><T71/><D93/><U57/><E57/><V110/><F110/><T49/><D91/><U2/><E2/><V36/><REACH who="2" step="1"/><F70/><REACH who="2" ten="360,330,350,0" step="2"/><N who="0" m="26634" /><D39/><U47/><E47/><AGARI ba="1,1" hai="40,41,46,47,49,50,53,54,58,60,65" m="26634,31008" machi="47" ten="30,18000,2" yaku="35,5,52,1" doraHai="95" who="0" fromWho="1" sc="360,192,330,-182,350,0,0,0" /><INIT seed="0,2,0,5,3,81" ten="552,148,350,0" oya="0" hai0="128,43,116,117,115,113,57,130,103,124,106,62,65" hai1="64,120,50,118,33,100,54,66,34,0,42,87,133" hai2="98,51,129,1,39,63,95,85,121,111,86,38,49" hai3=""/><T109/><D103/><U46/><N who="1" m="30752" /><U3/><E118/><N who="0" m="45673" /><D106/><U58/><E133/><V91/><N who="2" m="31008" /><V73/><F111/><T82/><D82/><U131/><E131/><N who="0" m="50217" /><D109/><U135/><E135/><V84/><F129/><T105/><D105/><U125/><E125/><V93/><F73/><T45/><D124/><U48/><E100/><V71/><F1/><T114/><D114/><U68/><E0/><V53/><F95/><T134/><D134/><U37/><E3/><V2/><F2/><T79/><D79/><U90/><E33/><V83/><F83/><T75/><D75/><U122/><N who="1" m="31264" /><U78/><E78/><V88/><F91/><T104/><D104/><U36/><E34/><V107/><F107/><T52/><D65/><U60/><REACH who="1" step="1"/><E66/><REACH who="1" ten="552,138,350,0" step="2"/><V70/><F71/><T32/><D32/><U94/><AGARI ba="2,1" hai="36,37,42,46,48,50,54,58,60,64,68,87,90,94" m="31264,30752" machi="94" ten="20,9000,2" yaku="1,1,2,1,0,1,7,1,52,3,53,0" doraHai="81" doraHaiUra="99" who="1" fromWho="1" sc="552,-62,138,104,350,-32,0,0" /><INIT seed="1,0,0,2,1,64" ten="490,242,318,0" oya="1" hai0="42,95,51,133,134,93,36,46,89,132,108,56,40" hai1="80,81,122,33,57,86,75,131,59,123,126,3,48" hai2="120,52,49,66,111,65,99,106,50,109,53,47,116" hai3=""/><U125/><N who="1" m="31264" /><U71/><N who="1" m="31520" /><U73/><E3/><V68/><N who="2" m="30752" /><V118/><F99/><T103/><D108/><N who="2" m="41546" /><F106/><T90/><D103/><U110/><E110/><V58/><F68/><T41/><D56/><U92/><E33/><V100/><F100/><T34/><D34/><U135/><E92/><N who="0" m="35401" /><D36/><U79/><E48/><V35/><F35/><T96/><D96/><U1/><E1/><V62/><F66/><T85/><D85/><U43/><E43/><AGARI ba="0,0" hai="40,41,42,43,46,51,89,90,132,133,134" m="35401" machi="43" ten="40,1300,0" yaku="20,1" doraHai="64" who="0" fromWho="1" sc="490,13,242,-13,318,0,0,0" /><INIT seed="2,0,0,5,5,129" ten="503,229,318,0" oya="2" hai0="112,53,66,55,121,63,44,126,93,80,52,98,123" hai1="125,111,45,97,77,127,72,54,33,1,34,60,67" hai2="78,86,74,119,91,81,131,36,75,108,113,134,116" hai3=""/><V122/><N who="2" m="31264" /><V109/><F36/><T47/><N who="0" m="31008" /><T103/><N who="0" m="31520" /><T51/><D126/><U71/><E1/><V35/><F35/><T124/><D124/><U117/><E125/><V115/><F131/><T96/><D112/><N who="2" m="43082" /><F134/><T84/><D98/><U90/><E127/><V135/><F135/><T40/><D47/><U85/><E97/><V41/><F41/><T104/><D104/><U100/><E100/><V59/><F59/><T42/><D42/><U64/><E64/><V70/><F70/><T39/><D39/><U99/><E99/><V62/><F62/><T92/><D92/><U82/><E117/><N who="2" m="45131" /><F75/><T130/><D130/><U38/><E38/><V133/><F133/><T73/><D73/><U0/><E0/><V57/><F57/><T76/><D40/><U2/><E2/><V89/><F89/><T106/><D106/><U37/><E37/><V50/><F50/><T105/><D105/><U32/><E45/><V94/><AGARI ba="0,0" hai="74,78,81,86,91,94,108,109" m="45131,43082,31264" machi="94" ten="40,5200,0" yaku="34,2,52,1" doraHai="129" who="2" fromWho="2" sc="503,-26,229,-26,318,52,0,0" /><INIT seed="2,1,0,5,1,133" ten="477,203,370,0" oya="2" hai0="125,50,129,72,96,48,109,99,78,69,122,3,79" hai1="98,74,118,44,54,87,71,63,81,91,103,34,128" hai2="106,88,113,127,33,47,97,116,37,56,67,124,93" hai3=""/><V45/><F116/><T119/><N who="0" m="31264" /><T111/><D69/><U102/><E34/><V52/><F33/><T114/><D3/><U132/><E118/><V76/><F76/><T32/><D119/><U60/><E132/><V64/><F113/><T107/><D32/><U73/><E128/><V35/><F106/><T86/><D129/><U112/><E112/><V36/><F45/><T62/><D62/><U61/><E71/><V46/><F46/><T43/><D43/><U39/><E103/><V66/><F35/><T108/><D72/><U134/><E134/><V123/><N who="2" m="31520" /><V1/><F1/><T105/><D111/><U117/><E117/><V92/><F92/><T80/><D86/><U95/><REACH who="1" step="1"/><E54/><REACH who="1" ten="477,193,370,0" step="2"/><V85/><F47/><T68/><D114/><U115/><E115/><V41/><F41/><AGARI ba="1,1" hai="39,41,44,60,61,63,73,74,81,87,91,95,98,102" machi="41" ten="40,2600,0" yaku="1,1,53,1" doraHai="133" doraHaiUra="77" who="1" fromWho="2" sc="477,0,193,38,370,-28,0,0" /><INIT seed="4,0,0,4,2,84" ten="477,231,342,0" oya="0" hai0="125,89,104,63,39,113,82,120,64,40,105,112,100" hai1="52,57,43,128,50,67,76,123,0,129,117,95,46" hai2="49,108,111,69,118,61,114,54,32,65,80,47,91" hai3=""/><T42/><N who="0" m="30752" /><T41/><D39/><U115/><N who="1" m="31520" /><U134/><E0/><V109/><F114/><N who="0" m="44138" /><D100/><U34/><E115/><V97/><F118/><T36/><D36/><U127/><E117/><V66/><F66/><T55/><D55/><U119/><E119/><V124/><F124/><T86/><D125/><U68/><E127/><V53/><F32/><T71/><AGARI ba="0,0" hai="40,41,42,63,64,71,82,86,89,104,105" m="44138,30752" machi="71" ten="30,4000,0" yaku="15,1,52,2" doraHai="84" who="0" fromWho="0" sc="477,40,231,-20,342,-20,0,0" /><INIT seed="4,1,0,4,2,2" ten="517,211,322,0" oya="0" hai0="48,96,43,74,94,42,66,38,91,83,132,78,69" hai1="45,53,123,114,58,133,88,54,108,128,127,109,79" hai2="57,117,50,116,60,3,101,65,113,36,61,72,110" hai3=""/><T134/><D38/><U99/><N who="1" m="31520" /><U135/><E128/><V119/><F110/><T64/><D69/><U129/><E129/><V76/><F36/><T40/><REACH who="0" step="1"/><D48/><REACH who="0" ten="507,211,322,0" step="2"/><U121/><E108/><V62/><F117/><T63/><D63/><U0/><E109/><V52/><F119/><T104/><D104/><U70/><E70/><V126/><F116/><T32/><D32/><U34/><E34/><V82/><F3/><T46/><D46/><U93/><E0/><V124/><F113/><T75/><D75/><U107/><E114/><V33/><F33/><T59/><D59/><U51/><E107/><V73/><F73/><T35/><D35/><U49/><N who="1" m="31008" /><U125/><REACH who="1" step="1"/><E79/><REACH who="1" ten="507,201,322,0" step="2"/><V112/><F112/><T71/><D71/><U39/><E39/><V47/><F76/><T95/><D95/><U122/><N who="1" m="31264" /><U84/><E84/><V67/><F72/><T87/><D87/><U1/><E1/><V98/><F82/><T77/><D77/><U56/><E56/><V118/><F118/><T81/><D81/><U41/><E41/><V92/><F57/><T115/><D115/><U80/><E80/><V102/><F92/><T90/><D90/><U111/><E111/><V130/><F130/><T86/><D86/><RYUUKYOKU ba="1,2" sc="507,10,201,10,322,-20,0,0" hai0="40,42,43,64,66,74,78,83,91,94,96,132,134" hai1="45,49,51,53,54,58,88,93,99,125,127,133,135" /><INIT seed="4,2,2,0,5,132" ten="517,211,302,0" oya="0" hai0="42,61,97,34,71,103,111,102,32,53,64,89,125" hai1="65,129,87,0,95,128,80,3,82,40,57,39,109" hai2="84,92,36,117,126,113,134,107,37,99,110,88,104" hai3=""/><T98/><D89/><U93/><E109/><V63/><F110/><T96/><D42/><U62/><E40/><V38/><F113/><T101/><D111/><U122/><N who="1" m="31264" /><U35/><E39/><V58/><F134/><T83/><D83/><U51/><E51/><V33/><F33/><T41/><D41/><U127/><E127/><V78/><F117/><T121/><N who="0" m="31008" /><T47/><D125/><U118/><E35/><V48/><F48/><T67/><D67/><U1/><E82/><V56/><F56/><T135/><D135/><U131/><REACH who="1" step="1"/><E118/><REACH who="1" ten="517,201,302,0" step="2"/><V70/><F126/><T74/><D34/><U68/><E68/><V90/><F70/><T2/><D32/><U130/><N who="1" m="32768" /><DORA hai="112" /><U73/><E73/><V114/><F114/><T59/><D74/><U91/><AGARI ba="2,3" hai="0,1,3,57,62,65,80,87,91,93,95" m="32768,31264" machi="91" ten="70,6000,1" yaku="1,1,0,1,19,1,52,1,53,1" doraHai="132,112" doraHaiUra="49,55" who="1" fromWho="1" sc="517,-42,201,94,302,-22,0,0" /><INIT seed="5,0,0,1,2,75" ten="475,295,280,0" oya="1" hai0="96,125,134,46,81,98,67,34,83,37,106,68,132" hai1="54,40,117,47,42,64,135,73,50,115,0,111,45" hai2="82,65,62,86,116,3,100,70,129,74,118,71,61" hai3=""/><U85/><E73/><V56/><F3/><T32/><D125/><U57/><E0/><V72/><F129/><T120/><N who="0" m="30752" /><T60/><D37/><U128/><E117/><V114/><F100/><T122/><N who="0" m="31264" /><T79/><D46/><U99/><E128/><V38/><F38/><T2/><D81/><U80/><E115/><V121/><N who="2" m="31008" /><V130/><F130/><T33/><D2/><U49/><E64/><V90/><F114/><T59/><D59/><U110/><E99/><V89/><F89/><T48/><D48/><U76/><REACH who="1" step="1"/><E135/><REACH who="1" ten="475,285,280,0" step="2"/><N who="0" m="51753" /><D106/><U36/><AGARI ba="0,1" hai="36,40,42,45,47,49,50,54,57,76,80,85,110,111" machi="36" ten="30,4000,0" yaku="1,1,0,1,52,1,53,0" doraHai="75" doraHaiUra="93" who="1" fromWho="1" sc="475,-20,285,50,280,-20,0,0" /><INIT seed="5,1,0,2,4,105" ten="455,335,260,0" oya="1" hai0="133,64,68,104,88,93,47,66,34,99,35,117,131" hai1="45,41,89,135,118,76,127,132,103,60,58,126,87" hai2="90,1,79,94,33,114,123,77,38,51,46,97,40" hai3=""/><U69/><E69/><V43/><N who="2" m="31520" /><V122/><N who="2" m="31264" /><V100/><F1/><T44/><D104/><U95/><E118/><V113/><F33/><T53/><D117/><U59/><E103/><V72/><F43/><T86/><D131/><U101/><E101/><V92/><F72/><T129/><D129/><U85/><E85/><V128/><F38/><T80/><D133/><N who="1" m="51275" /><E76/><V42/><F42/><T91/><D68/><U115/><E115/><N who="2" m="44043" /><F128/><T55/><D35/><U84/><E87/><AGARI ba="1,0" hai="40,46,51,77,79,87,90,92,94,97,100" m="44043,31264,31520" machi="87" ten="30,7700,0" yaku="15,1,11,1,52,2" doraHai="105" who="2" fromWho="1" sc="455,0,335,-79,260,79,0,0" /><INIT seed="6,0,0,3,0,0" ten="455,256,339,0" oya="2" hai0="132,114,103,38,73,44,52,95,41,82,49,105,85" hai1="101,123,96,76,119,51,113,107,104,63,97,68,98" hai2="116,109,69,42,54,121,57,66,112,118,65,90,86" hai3=""/><V58/><N who="2" m="31008" /><V70/><F109/><T34/><D34/><U108/><N who="1" m="31520" /><U120/><N who="1" m="30752" /><U55/><E108/><V126/><F112/><T72/><D105/><U84/><E113/><V93/><F42/><T36/><D114/><U122/><N who="1" m="31264" /><U133/><E133/><V33/><F33/><T50/><D50/><U89/><E119/><V80/><F126/><T127/><D127/><U67/><E76/><V35/><F35/><T59/><D38/><U45/><REACH who="1" step="1"/><E107/><REACH who="1" ten="455,246,339,0" step="2"/><V81/><F118/><T77/><D132/><U43/><E43/><V131/><F116/><T79/><D79/><U117/><E117/><V1/><F1/><T100/><D77/><U128/><E128/><V61/><F131/><T135/><D135/><U37/><E37/><V32/><F32/><T129/><D36/><U88/><E88/><V92/><F90/><T2/><D2/><U39/><E39/><V91/><F91/><T48/><D129/><U78/><E78/><V46/><F81/><AGARI ba="0,1" hai="45,51,55,63,67,68,81,84,89,96,97,98,101,104" m="31264,30752,31520" machi="81" ten="30,12000,2" yaku="1,1,7,1,52,3,53,1" doraHai="0" doraHaiUra="83" who="1" fromWho="2" sc="455,0,246,130,339,-120,0,0" owari="455,40.0,376,-2.0,219,-38.0,0,0.0" /></mjloggm>