<mjloggm ver="2.3"><GO type="169" lobby="0"/><UN n0="%E5%BC%B7%E6%89%93%E6%84%9B%E5%A5%BD%E5%AE%B6" n1="%6B%75%72%69%6D%75" n2="%E5%8D%83%E7%BE%BD%E9%B4%89" n3="%E9%95%B7%E5%B2%A1" dan="16,18,17,17" rate="2140.41,2260.57,2226.56,2190.55" sx="M,M,F,M"/><TAIKYOKU oya="0"/><INIT seed="0,0,0,5,5,5" ten="250,250,250,250" oya="0" hai0="51,41,134,18,83,38,46,31,39,82,24,45,108" hai1="47,7,124,103,79,66,62,129,34,89,107,19,13" hai2="86,131,132,26,93,117,37,128,35,77,16,78,80" hai3="11,106,4,30,60,43,95,71,49,114,100,17,67"/><T1/><D134/><U12/><E124/><V75/><F37/><W23/><G114/><T74/><D108/><U127/><E127/><V121/><F35/><W64/><G106/><T135/><D135/><U102/><E129/><N who="2" m="49739" /><F132/><W69/><G30/><T9/><D74/><U44/><E79/><V122/><F26/><W28/><G28/><T113/><D113/><U55/><E34/><V61/><F61/><W22/><G17/><T115/><D115/><U119/><E119/><V110/><F110/><W104/><G104/><T76/><D76/><U68/><E107/><V10/><F117/><W0/><G64/><T54/><D39/><U133/><E44/><V96/><F77/><W84/><G69/><T52/><D54/><U20/><E89/><N who="2" m="55343" /><F75/><W116/><G116/><T25/><D25/><U105/><E133/><V123/><F16/><W101/><G101/><T53/><D53/><U48/><E105/><V50/><F50/><W21/><G100/><T58/><D46/><U63/><E62/><V98/><F10/><W27/><G27/><T120/><D120/><U97/><REACH who="1" step="1"/><E97/><AGARI ba="0,0" hai="78,80,86,97,98,121,122,123" m="55343,49739" machi="97" ten="40,5200,0" yaku="19,1,34,2" doraHai="5" who="2" fromWho="1" sc="250,0,250,-52,250,52,250,0" /><INIT seed="1,0,0,0,5,120" ten="250,198,302,250" oya="1" hai0="24,14,87,65,0,97,111,114,93,7,81,106,110" hai1="83,79,31,117,135,128,95,125,6,132,133,12,62" hai2="88,11,55,130,131,129,109,2,92,121,118,19,72" hai3="74,113,22,127,105,43,36,30,38,17,60,20,122"/><U39/><E117/><V73/><F55/><W115/><G105/><T49/><D0/><U3/><E31/><V99/><F19/><W116/><G74/><N who="2" m="28777" /><F11/><W85/><G85/><T82/><D106/><U90/><E39/><N who="3" m="14890" /><G30/><T89/><D65/><U21/><E3/><V51/><F51/><W98/><G98/><T126/><D114/><N who="3" m="43529" /><G17/><T80/><D49/><U44/><E44/><V134/><F2/><W40/><G60/><T86/><D126/><U123/><E125/><V76/><F118/><W32/><G116/><T101/><D24/><U46/><E123/><V103/><F121/><W67/><G122/><T61/><D61/><U64/><E46/><V78/><F134/><W124/><G32/><T112/><D112/><U59/><E21/><N who="3" m="8298" /><G67/><T42/><D42/><AGARI ba="0,0" hai="40,42,43,124,127" m="8298,43529,14890" machi="42" ten="40,2600,0" yaku="28,2" doraHai="120" who="3" fromWho="0" sc="250,-26,198,0,302,0,250,26" /><INIT seed="2,0,0,0,5,99" ten="224,198,302,276" oya="2" hai0="105,56,113,30,110,111,66,49,84,135,87,8,101" hai1="58,78,107,118,69,119,77,94,64,79,59,48,108" hai2="38,70,15,54,130,4,0,128,88,81,93,91,10" hai3="132,121,120,33,26,32,131,51,68,104,71,11,13"/><V134/><F70/><N who="3" m="26667" /><G51/><T76/><D113/><U75/><E107/><V40/><F134/><W85/><G85/><T20/><D135/><U98/><E108/><N who="0" m="41513" /><D76/><U7/><E75/><V22/><F54/><W102/><G132/><T95/><D105/><U114/><E114/><V39/><F22/><W2/><G13/><T31/><D8/><U37/><E37/><V129/><F15/><W100/><G131/><T123/><D123/><N who="3" m="47177" /><G26/><N who="0" m="16711" /><D31/><U97/><E7/><V35/><F35/><N who="3" m="13387" /><G104/><T42/><D49/><U80/><E80/><V122/><F122/><W6/><G2/><T17/><D17/><U124/><E48/><V12/><F0/><W23/><G23/><T43/><D84/><U44/><E69/><V90/><F81/><W14/><G14/><T46/><D87/><U92/><E64/><V72/><F72/><W29/><G29/><T19/><D19/><U112/><E112/><V115/><F115/><W106/><G106/><T96/><D46/><U50/><E50/><V53/><F53/><W126/><G11/><T127/><D127/><U21/><E124/><V3/><F3/><W28/><G28/><T67/><D67/><U1/><E1/><V65/><F65/><W47/><G126/><T82/><D82/><U45/><E79/><V86/><REACH who="2" step="1"/><F39/><REACH who="2" ten="224,198,292,276" step="2"/><W52/><G52/><T36/><D36/><U62/><E21/><V73/><F73/><W89/><G47/><AGARI ba="0,1" hai="4,10,12,38,40,47,86,88,90,91,93,128,129,130" machi="47" ten="40,7700,0" yaku="1,1,19,1,54,1,53,0" doraHai="99" doraHaiUra="116" who="2" fromWho="3" sc="224,0,198,0,292,87,276,-77" /><INIT seed="2,1,0,4,2,70" ten="224,198,379,199" oya="2" hai0="35,85,26,75,68,81,69,133,41,113,30,102,15" hai1="38,127,51,6,22,76,124,129,110,123,31,118,98" hai2="16,48,125,23,33,122,128,132,45,115,44,62,114" hai3="43,101,24,95,120,105,88,20,80,74,60,82,84"/><V64/><F33/><W21/><G120/><T89/><D113/><U130/><E76/><V79/><F122/><W14/><G74/><T11/><D133/><U39/><E123/><V109/><F132/><W86/><G105/><T29/><D29/><U131/><E118/><V67/><F125/><N who="1" m="48201" /><E110/><V111/><F79/><W28/><G43/><T10/><D75/><U5/><E51/><V13/><F64/><W100/><G60/><T87/><D102/><U12/><E98/><V17/><F128/><W103/><REACH who="3" step="1"/><G84/><REACH who="3" ten="224,198,379,189" step="2"/><T32/><D85/><U91/><E91/><V73/><F73/><W1/><G1/><T72/><D41/><U93/><E93/><V108/><F114/><W9/><G9/><T52/><D72/><U126/><E126/><V117/><F115/><W18/><AGARI ba="1,1" hai="14,18,20,21,24,28,80,82,86,88,95,100,101,103" machi="18" ten="30,7900,0" yaku="1,1,0,1,8,1,54,1,53,0" doraHai="70" doraHaiUra="42" who="3" fromWho="3" sc="224,-21,198,-21,379,-40,189,92" /><INIT seed="3,0,0,4,1,4" ten="203,177,339,281" oya="3" hai0="66,108,20,25,7,78,119,114,79,29,12,76,43" hai1="64,3,52,44,109,50,26,91,128,85,122,75,69" hai2="1,14,93,111,73,101,39,67,35,30,62,120,88" hai3="11,80,61,87,70,33,121,59,96,92,36,117,99"/><W77/><G117/><T110/><D119/><U6/><E109/><V15/><F111/><W2/><G121/><T98/><D114/><U32/><E75/><V37/><F73/><W24/><G36/><T56/><D110/><U125/><E128/><V17/><F1/><W21/><G33/><T57/><D108/><U89/><E125/><V42/><F101/><W68/><G99/><T81/><D43/><U123/><E64/><V129/><F42/><W5/><G59/><T113/><D113/><U95/><E69/><V40/><F40/><W55/><G61/><T60/><D98/><U71/><E71/><V54/><F30/><W103/><REACH who="3" step="1"/><G55/><REACH who="3" ten="203,177,339,271" step="2"/><T134/><D57/><U86/><E32/><V45/><F35/><W126/><G126/><T112/><D112/><U74/><E74/><V19/><F54/><W27/><G27/><T133/><D134/><U58/><E26/><V9/><F120/><W94/><G94/><T104/><D133/><U84/><E58/><V34/><F34/><W13/><G13/><T127/><D127/><U51/><E51/><V124/><F124/><W90/><G90/><T100/><D104/><U107/><E107/><V115/><F115/><W38/><G38/><T0/><D100/><U46/><E86/><N who="2" m="52375" /><F39/><W22/><G22/><T53/><D53/><U97/><E97/><V18/><F14/><W102/><G102/><T130/><D12/><U116/><E116/><V31/><F15/><W41/><G41/><T65/><D130/><U10/><E44/><V105/><F129/><W63/><G63/><T106/><D106/><U118/><E118/><RYUUKYOKU ba="0,1" sc="203,-15,177,15,339,-15,271,15" hai1="3,6,10,46,50,52,84,85,89,91,95,122,123" hai3="2,5,11,21,24,68,70,77,80,87,92,96,103" /><INIT seed="3,1,1,5,2,67" ten="188,192,324,286" oya="3" hai0="77,7,75,92,16,42,38,119,41,34,10,99,43" hai1="19,129,63,61,52,88,44,95,105,17,47,4,73" hai2="27,57,125,79,102,101,11,15,82,68,120,60,128" hai3="134,23,35,117,87,126,113,58,85,96,69,20,81"/><W84/><G113/><T8/><D119/><U132/><E73/><V123/><F27/><W121/><G117/><T12/><D34/><U114/><E105/><V18/><F125/><W133/><G121/><N who="2" m="46665" /><F68/><W28/><G81/><T65/><D65/><U72/><E72/><N who="2" m="43367" /><F128/><W54/><G126/><T22/><D75/><U103/><E132/><N who="3" m="50794" /><G96/><T59/><D77/><U56/><E103/><V83/><F83/><W2/><G2/><T29/><D29/><U94/><E94/><V50/><F50/><N who="3" m="31063" /><G69/><T6/><D59/><N who="1" m="35047" /><E4/><N who="0" m="1577" /><D38/><U122/><E129/><V112/><F112/><W13/><G13/><T62/><D62/><U90/><E114/><V70/><F70/><W124/><G124/><T1/><D1/><U115/><E115/><V26/><F26/><AGARI ba="1,1" hai="20,23,26,28,35,84,85,87" m="31063,50794" machi="26" ten="30,1500,0" yaku="20,1" doraHai="67" who="3" fromWho="2" sc="188,0,192,0,324,-18,286,28" /><INIT seed="3,2,0,3,0,126" ten="188,192,306,314" oya="3" hai0="50,14,87,110,107,69,21,20,49,120,82,125,54" hai1="59,135,12,72,96,108,37,40,86,99,25,13,90" hai2="9,89,66,114,93,68,10,71,70,4,46,79,16" hai3="18,119,32,57,121,74,36,81,23,39,8,27,31"/><W75/><G119/><T67/><D107/><U109/><E72/><V6/><F79/><W104/><G121/><T123/><D125/><U80/><E135/><V122/><F122/><W55/><G104/><T26/><D110/><N who="1" m="42603" /><E25/><V11/><F66/><W129/><G129/><T116/><D116/><U24/><E24/><V91/><F114/><W106/><G106/><T124/><D124/><U102/><E59/><V19/><F46/><W128/><G128/><T113/><D113/><U0/><E0/><V64/><F64/><W111/><G111/><T112/><D112/><U35/><E35/><V60/><F60/><W45/><G8/><T118/><D118/><U42/><E37/><V33/><F33/><W43/><G81/><T84/><D26/><U65/><E65/><V98/><REACH who="2" step="1"/><F91/><REACH who="2" ten="188,192,296,314" step="2"/><W47/><G32/><T30/><D67/><U56/><E56/><V77/><F77/><W95/><G31/><T3/><D30/><U85/><E85/><V100/><F100/><W63/><G47/><T41/><D84/><U101/><E102/><V73/><F73/><W58/><G57/><T78/><D78/><U34/><E34/><V2/><F2/><W52/><G55/><T7/><D3/><U61/><E61/><V44/><F44/><W15/><G36/><T132/><D123/><U127/><E127/><V117/><F117/><W105/><G45/><T134/><D120/><U51/><E51/><V29/><F29/><W62/><G39/><T48/><D49/><U22/><E101/><V88/><F88/><W17/><G74/><T38/><D48/><U130/><E90/><RYUUKYOKU ba="2,1" sc="188,-10,192,-10,296,30,314,-10" hai2="4,6,9,10,11,16,19,68,70,71,89,93,98" /><INIT seed="4,3,1,3,2,47" ten="178,182,326,304" oya="0" hai0="45,74,118,46,40,87,94,4,92,88,10,42,96" hai1="52,55,62,29,90,122,91,69,110,123,80,76,1" hai2="38,79,65,134,105,17,8,0,81,101,35,24,120" hai3="133,26,12,11,63,41,71,83,19,5,126,44,56"/><T84/><D74/><U114/><E110/><V102/><F102/><W20/><G126/><T15/><D118/><U97/><E1/><V121/><F17/><W61/><G133/><T127/><D127/><U2/><E2/><V115/><F134/><W9/><G71/><T95/><D84/><U16/><E29/><V68/><F38/><W106/><G106/><T27/><D27/><U66/><E114/><V43/><F43/><N who="0" m="16426" /><D92/><U116/><E116/><V72/><F115/><W125/><G125/><T48/><D48/><U32/><E32/><V6/><F24/><W31/><G56/><T64/><D64/><U22/><E122/><V14/><F35/><W53/><G53/><T13/><D15/><U58/><E123/><V82/><F14/><N who="3" m="7631" /><G83/><T33/><D33/><U86/><E97/><N who="2" m="61615" /><F82/><W108/><G108/><T51/><D51/><AGARI ba="3,1" hai="5,11,12,20,26,31,41,44,51,61,63" m="7631" machi="51" ten="30,2000,0" yaku="8,1,52,1" doraHai="47" who="3" fromWho="0" sc="178,-29,182,0,326,0,304,39" /><INIT seed="5,0,0,5,2,101" ten="149,182,326,343" oya="1" hai0="32,45,87,105,116,104,69,61,58,91,124,4,102" hai1="26,14,56,115,92,33,111,25,49,55,106,77,5" hai2="127,53,103,11,19,135,1,44,108,59,93,118,36" hai3="90,2,9,39,83,50,29,12,52,134,131,46,10"/><U30/><E111/><V67/><F118/><W21/><G131/><T94/><D116/><U117/><E115/><V66/><F108/><W125/><G125/><T113/><D69/><U72/><E117/><V119/><F119/><W81/><G134/><T8/><D124/><U15/><E5/><V37/><F37/><W121/><G121/><T128/><D128/><U13/><E92/><V68/><F68/><W132/><G132/><T75/><D75/><U65/><E65/><V47/><F135/><W42/><G2/><T63/><D32/><U16/><E26/><V43/><F44/><W84/><G81/><T23/><D113/><U114/><E114/><V120/><F120/><W122/><G122/><T7/><D7/><U110/><E110/><V96/><F1/><W126/><G126/><T40/><D23/><U28/><E28/><V95/><F95/><W82/><G82/><T109/><D102/><U20/><REACH who="1" step="1"/><E106/><REACH who="1" ten="149,172,326,343" step="2"/><V129/><F127/><W18/><G29/><T64/><D109/><U0/><E0/><V6/><F6/><W17/><G18/><T99/><D99/><U74/><E74/><V22/><F129/><W51/><G39/><T35/><D105/><U123/><E123/><V62/><F67/><W97/><G97/><T88/><D104/><U86/><E86/><V100/><F66/><W48/><G42/><T34/><D87/><U71/><E71/><V24/><F103/><W89/><G90/><T78/><D91/><U73/><E73/><V57/><F19/><W70/><G70/><T133/><D88/><U112/><E112/><V31/><F31/><RYUUKYOKU ba="0,1" sc="149,-15,172,15,326,-15,343,15" hai1="13,14,15,16,20,25,30,33,49,55,56,72,77" hai3="9,10,12,17,21,46,48,50,51,52,83,84,89" /><INIT seed="5,1,1,0,2,71" ten="134,187,311,358" oya="1" hai0="53,39,60,27,75,62,52,84,51,28,124,125,19" hai1="45,130,30,134,79,126,59,123,20,41,49,80,109" hai2="94,98,111,74,65,13,56,121,54,22,11,114,113" hai3="110,82,105,76,25,17,1,91,8,101,92,33,35"/><U34/><E34/><V16/><F74/><N who="3" m="43287" /><G110/><T9/><D75/><U104/><E104/><V122/><F65/><W40/><G40/><T44/><D84/><U68/><E68/><V42/><F42/><W127/><G25/><T58/><D39/><U133/><E123/><V43/><F43/><W63/><G63/><T115/><D115/><N who="2" m="44042" /><F22/><W14/><G1/><T81/><D81/><U18/><E130/><V37/><F37/><W135/><G135/><N who="1" m="51722" /><E126/><N who="0" m="48745" /><D9/><U119/><E119/><V131/><F131/><W83/><G83/><T2/><D2/><U0/><E0/><V77/><F77/><W32/><G32/><N who="0" m="20511" /><D19/><U95/><E30/><V117/><F117/><W46/><G127/><T23/><D23/><U120/><E109/><V15/><F111/><W57/><G33/><T129/><D129/><U100/><E120/><V108/><F108/><W73/><G35/><T118/><D118/><U106/><E18/><V116/><F116/><W38/><G17/><T67/><D67/><U96/><E20/><V12/><F121/><W87/><G8/><T64/><D64/><U24/><E24/><V4/><F122/><W66/><G66/><T85/><D85/><N who="1" m="48287" /><E106/><V21/><F21/><W107/><G107/><T97/><D97/><U70/><E70/><V99/><F98/><N who="3" m="61623" /><G73/><T132/><D132/><U102/><E59/><V86/><F16/><W26/><G57/><T5/><D5/><U112/><E112/><V128/><F128/><W29/><G29/><T3/><D3/><U72/><E72/><V36/><F4/><W50/><G26/><T61/><AGARI ba="1,1" hai="44,51,52,53,58,60,61,62" m="20511,48745" machi="61" ten="30,2000,0" yaku="18,1,54,1" doraHai="71" who="0" fromWho="0" sc="134,33,187,-11,311,-6,358,-6" /><INIT seed="6,0,0,2,3,110" ten="167,176,305,352" oya="2" hai0="59,112,18,62,15,93,123,102,6,24,89,27,71" hai1="79,67,77,99,130,5,132,95,121,56,94,106,25" hai2="28,61,101,69,103,65,57,14,46,11,92,108,76" hai3="45,124,30,9,16,115,58,85,36,127,105,119,29"/><V135/><F108/><W13/><G105/><T78/><D123/><U41/><E121/><V8/><F135/><W54/><G119/><T0/><D71/><U10/><E132/><V53/><F76/><W122/><G122/><T49/><D102/><U125/><E41/><V81/><F81/><W74/><G74/><T42/><D0/><U113/><E113/><V7/><F28/><W88/><G115/><T50/><D78/><U117/><E130/><V107/><F107/><W114/><G114/><T98/><D6/><U129/><E129/><V90/><F11/><W63/><G36/><T52/><D112/><U2/><E125/><N who="3" m="48202" /><G45/><N who="0" m="25783" /><D62/><U1/><E1/><V134/><F134/><W26/><G26/><T86/><D98/><U100/><E117/><V33/><F33/><W37/><G37/><T75/><D75/><U17/><E106/><V118/><F118/><W55/><G54/><T87/><D86/><U21/><E95/><AGARI ba="0,0" hai="9,13,16,29,30,55,58,63,85,88,95" m="48202" machi="95" ten="30,3900,0" yaku="18,1,54,2" doraHai="110" who="3" fromWho="1" sc="167,0,176,-39,305,0,352,39" /><INIT seed="7,0,0,4,5,19" ten="167,137,305,391" oya="3" hai0="87,103,120,108,7,1,76,130,23,41,124,135,14" hai1="18,117,96,127,77,118,64,107,83,113,56,39,54" hai2="125,134,58,52,6,33,69,21,63,75,116,97,99" hai3="126,31,112,84,53,50,78,8,27,110,72,25,65"/><W36/><G36/><T121/><D1/><U17/><E39/><V32/><F116/><W131/><G72/><T71/><D71/><U24/><E127/><V3/><F75/><W28/><G126/><T80/><D124/><U94/><E107/><V100/><F125/><W92/><G112/><T114/><D114/><U102/><E113/><V89/><F134/><W60/><G131/><T88/><D130/><U82/><E64/><V55/><F69/><W59/><G8/><N who="0" m="4383" /><D108/><U95/><E94/><V12/><F3/><W9/><G9/><T70/><D70/><U51/><E18/><V10/><F55/><W37/><G37/><T22/><D103/><U74/><REACH who="1" step="1"/><E83/><REACH who="1" ten="167,127,305,391" step="2"/><V48/><F33/><W67/><G67/><T93/><D121/><U104/><E104/><V2/><F32/><W5/><G92/><T61/><D120/><U46/><E46/><V44/><F89/><W129/><G65/><T40/><D135/><U109/><E109/><V119/><F119/><W34/><G53/><T15/><D93/><U20/><AGARI ba="0,1" hai="17,20,24,51,54,56,74,77,82,95,96,102,117,118" machi="20" ten="30,7900,0" yaku="1,1,0,1,52,1,53,1" doraHai="19" doraHaiUra="47" who="1" fromWho="1" sc="167,-20,127,89,305,-20,391,-39" owari="147,-35.0,216,-18.0,285,9.0,352,44.0" /></mjloggm>