<mjloggm ver="2.3"><GO type="225" lobby="0"/><UN n0="%E3%83%A9%E3%82%B9%E7%8E%87%EF%BC%93%E5%89%B2" n1="%E3%83%B4%E3%83%A0%EF%BC%99%E3%81%A6" n2="%4B%69%7A%75%6E%65%72" n3="%E4%B8%89%E6%9B%BD%E6%9C%A8%E5%85%AC%E4%BB%8B" dan="16,17,17,16" rate="2154.38,2211.21,2134.85,2067.35" sx="M,M,F,M"/><TAIKYOKU oya="0"/><INIT seed="0,0,0,0,0,80" ten="250,250,250,250" oya="0" hai0="108,122,85,79,87,105,99,81,95,127,23,135,71" hai1="97,26,37,73,115,20,74,53,39,128,42,104,15" hai2="101,88,75,125,134,31,82,60,78,76,1,119,77" hai3="92,117,36,110,50,59,62,9,113,34,55,41,63"/><T72/><D71/><U133/><E15/><V70/><F125/><W120/><G117/><T69/><D69/><U89/><E53/><V129/><F134/><W7/><G113/><T58/><D122/><U46/><E39/><V4/><F129/><W114/><G34/><T6/><D135/><U45/><E45/><V94/><F119/><W52/><G110/><T96/><D127/><U18/><E133/><V40/><F101/><W65/><G114/><T33/><D33/><U3/><E3/><V0/><F31/><W57/><G120/><T86/><D6/><U121/><E121/><V13/><F40/><W66/><G92/><T2/><D2/><U10/><E10/><V124/><F124/><W126/><G126/><T48/><D108/><U131/><E115/><V91/><F0/><W112/><G112/><T83/><D23/><U56/><E56/><V67/><F1/><W84/><G84/><N who="0" m="32363" /><D48/><U130/><E89/><V32/><F32/><W11/><G7/><T54/><D54/><N who="3" m="20521" /><G36/><T5/><D5/><U38/><E37/><V35/><F35/><W111/><G111/><T118/><D58/><U64/><E64/><V17/><F4/><W22/><G22/><T123/><D123/><U21/><E20/><V68/><F68/><W19/><G19/><T51/><D51/><U29/><E18/><V93/><F17/><W12/><G12/><T49/><D49/><U100/><AGARI ba="0,0" hai="21,26,29,38,42,46,73,74,97,100,104,128,130,131" machi="100" ten="40,2700,0" yaku="0,1,19,1" doraHai="80" who="1" fromWho="1" sc="250,-13,250,27,250,-7,250,-7" /><INIT seed="1,0,0,1,2,18" ten="237,277,243,243" oya="1" hai0="128,83,39,129,40,53,101,130,26,58,109,96,36" hai1="52,133,86,54,123,94,121,22,116,14,104,113,66" hai2="82,91,23,33,8,90,55,15,78,84,61,107,69" hai3="11,99,45,62,19,67,24,46,135,112,88,72,64"/><U13/><E113/><V108/><F108/><W6/><G72/><T103/><D109/><U114/><E114/><V119/><F119/><W98/><G135/><T50/><D40/><U60/><E104/><V73/><F33/><W95/><G112/><T42/><D42/><U35/><E35/><V7/><F107/><W47/><G99/><T57/><D57/><U76/><E116/><V70/><F70/><W41/><G41/><T79/><D26/><U37/><E37/><V51/><F73/><W38/><G38/><T85/><REACH who="0" step="1"/><D101/><REACH who="0" ten="227,277,243,243" step="2"/><U110/><E110/><V48/><F69/><W92/><G92/><AGARI ba="0,1" hai="36,39,50,53,58,79,83,85,92,96,103,128,129,130" machi="92" ten="40,5200,0" yaku="1,1,2,1,19,1,53,0" doraHai="18" doraHaiUra="102" who="0" fromWho="3" sc="227,62,277,0,243,0,243,-52" /><INIT seed="2,0,0,5,3,38" ten="289,277,243,191" oya="2" hai0="62,126,118,74,64,109,36,87,19,111,85,41,3" hai1="77,54,46,31,0,51,18,17,129,124,120,16,39" hai2="91,123,67,106,25,103,40,1,20,13,63,75,95" hai3="22,45,24,48,71,79,50,14,97,27,58,52,82"/><V94/><F123/><W5/><G71/><T33/><D74/><U49/><E120/><V112/><F112/><W132/><G132/><T100/><D33/><U121/><E121/><V30/><F1/><W61/><G50/><T98/><D3/><U37/><E0/><V35/><F75/><W28/><G97/><T119/><D19/><U104/><E104/><V76/><F76/><W4/><G27/><T88/><D126/><U125/><E129/><V68/><F91/><W86/><REACH who="3" step="1"/><G14/><REACH who="3" ten="289,277,243,181" step="2"/><T9/><D36/><U115/><E37/><V101/><F13/><W47/><G47/><T73/><D98/><U78/><E39/><V55/><F68/><W84/><G84/><T116/><D85/><U90/><E51/><V102/><F106/><W135/><G135/><T15/><D73/><U12/><E12/><V113/><F113/><W127/><G127/><T114/><D114/><U21/><E115/><V59/><F35/><W65/><AGARI ba="0,1" hai="4,5,22,24,28,45,48,52,58,61,65,79,82,86" machi="65" ten="20,8000,1" yaku="1,1,0,1,7,1,8,1,54,1,53,0" doraHai="38" doraHaiUra="122" who="3" fromWho="3" sc="289,-20,277,-20,243,-40,181,90" /><INIT seed="3,0,0,4,4,66" ten="269,257,203,271" oya="3" hai0="104,115,98,48,35,102,28,14,21,49,85,94,74" hai1="37,3,51,118,72,111,126,122,71,59,58,57,33" hai2="56,95,101,125,53,76,7,123,133,69,131,2,11" hai3="93,120,42,121,45,19,90,16,113,27,83,47,110"/><W64/><G113/><T62/><D115/><U80/><RYUUKYOKU type="yao9" ba="0,0" sc="269,0,257,0,203,0,271,0" hai1="3,33,37,51,57,58,59,71,72,80,111,118,122,126" /><INIT seed="3,1,0,2,1,103" ten="269,257,203,271" oya="3" hai0="39,92,15,95,124,8,64,33,132,55,42,69,48" hai1="50,109,5,91,125,23,111,115,19,62,85,46,61" hai2="38,104,96,24,72,67,120,112,93,129,60,106,74" hai3="57,135,30,53,101,89,126,80,97,88,76,75,13"/><W35/><G135/><T37/><D33/><U0/><E115/><V32/><F112/><W58/><G126/><T78/><D132/><U17/><E125/><V16/><F38/><W21/><G35/><T25/><D78/><U10/><E109/><V87/><F129/><W54/><G13/><T79/><D79/><U73/><E73/><V102/><F120/><W108/><G108/><T90/><D25/><U94/><E111/><V11/><F11/><W65/><G65/><T133/><D124/><U51/><E51/><V59/><F32/><W63/><G21/><T43/><D39/><U117/><E117/><V70/><F70/><W22/><G22/><T130/><D130/><U12/><REACH who="1" step="1"/><E19/><REACH who="1" ten="269,247,203,271" step="2"/><V14/><F24/><W47/><G30/><T41/><D37/><U4/><E4/><V100/><F100/><W113/><G113/><T27/><D133/><U110/><E110/><V86/><F74/><W118/><G118/><T123/><D123/><U107/><E107/><V99/><F72/><W98/><G47/><T77/><D48/><U82/><E82/><V128/><F128/><W105/><G98/><T1/><D92/><U3/><E3/><V40/><F40/><AGARI ba="1,1" hai="0,5,10,12,17,23,40,46,50,61,62,85,91,94" machi="40" ten="30,2000,0" yaku="1,1,7,1,53,0" doraHai="103" doraHaiUra="131" who="1" fromWho="2" sc="269,0,247,33,203,-23,271,0" /><INIT seed="4,0,0,5,1,135" ten="269,280,180,271" oya="0" hai0="9,84,30,86,124,113,121,116,49,78,42,77,23" hai1="71,27,29,12,117,14,3,83,28,26,22,68,92" hai2="132,102,39,104,13,17,58,51,112,10,90,89,65" hai3="95,74,37,98,123,127,16,99,91,118,81,24,56"/><T19/><D116/><U31/><E117/><V8/><F112/><W128/><G37/><T36/><D121/><U94/><E3/><V35/><F132/><W120/><G118/><T2/><D36/><U11/><E83/><V52/><F35/><W38/><G38/><T111/><D113/><U129/><E129/><V44/><F10/><W1/><G1/><T114/><D114/><U5/><E14/><V20/><F104/><W87/><G128/><T79/><D111/><U25/><E22/><V46/><F102/><W64/><G64/><T41/><D124/><U59/><E59/><V50/><F39/><W63/><G127/><T130/><D130/><U93/><AGARI ba="0,0" hai="5,11,12,25,26,27,28,29,31,68,71,92,93,94" machi="93" ten="40,5200,0" yaku="0,1,29,2" doraHai="135" who="1" fromWho="1" sc="269,-26,280,52,180,-13,271,-13" owari="243,-16.0,332,43.0,167,-33.0,258,6.0" /></mjloggm>