<mjloggm ver="2.3"><GO type="169" lobby="0"/><UN n0="%E3%82%88%E3%81%86%E3%81%B8%E3%83%BC%58" n1="%E3%83%AB%E3%82%A2%E3%82%B4%E3%82%A4%E3%83%95" n2="%E3%81%86%E3%81%95%E3%81%8E%E3%83%95%E3%82%A1%E3%83%B3%E3%82%B7%E3%83%BC" n3="%70%69%6E%63%65%72%73" dan="18,17,17,16" rate="2243.47,2075.89,2132.93,2139.83" sx="M,M,F,M"/><TAIKYOKU oya="0"/><BYE who="2" /><UN n2="%E3%81%86%E3%81%95%E3%81%8E%E3%83%95%E3%82%A1%E3%83%B3%E3%82%B7%E3%83%BC" /><INIT seed="0,0,0,0,2,7" ten="250,250,250,250" oya="0" hai0="36,111,91,124,40,58,94,128,28,65,24,34,110" hai1="113,107,90,63,26,49,6,54,55,114,47,67,13" hai2="60,4,84,48,130,45,57,104,23,41,103,9,81" hai3="22,127,123,78,35,93,52,101,29,18,14,117,89"/><T133/><BYE who="3" /><D133/><UN n3="%70%69%6E%63%65%72%73" /><U119/><E107/><V8/><F130/><W71/><G71/><T53/><D65/><U2/><E2/><V98/><F23/><W15/><G117/><T135/><D135/><U106/><E106/><V86/><F4/><W0/><G0/><T85/><D128/><U134/><E134/><V38/><F38/><W131/><G127/><T80/><D124/><U132/><E132/><V5/><F5/><W44/><G123/><T79/><D40/><U77/><E77/><V69/><F69/><W66/><G66/><T46/><D46/><U68/><E119/><V129/><F129/><W87/><G101/><T3/><D36/><U100/><E100/><V75/><F75/><W115/><G78/><T50/><REACH who="0" step="1"/><D3/><REACH who="0" ten="240,250,250,250" step="2"/><U20/><E67/><V56/><F86/><AGARI ba="0,1" hai="24,28,34,50,53,58,79,80,85,86,91,94,110,111" machi="86" ten="40,3900,0" yaku="1,1,2,1,53,0" doraHai="7" doraHaiUra="42" who="0" fromWho="2" sc="240,49,250,0,250,-39,250,0" /><INIT seed="0,1,0,0,0,82" ten="289,250,211,250" oya="0" hai0="0,135,69,86,27,123,68,79,38,94,30,73,113" hai1="128,65,77,17,122,37,84,118,112,114,9,26,18" hai2="81,36,59,109,124,71,52,42,19,89,72,4,93" hai3="20,101,15,126,76,133,88,39,103,120,40,13,55"/><T104/><D123/><U34/><E122/><V48/><F109/><W100/><G120/><T25/><D113/><N who="1" m="43627" /><E118/><V129/><F129/><W111/><G76/><T3/><D104/><U57/><E37/><V61/><F124/><W70/><G70/><T91/><D38/><U45/><E45/><N who="2" m="23751" /><F4/><W56/><G126/><T58/><D135/><U66/><E128/><V130/><F130/><W85/><G111/><T32/><D58/><U67/><E57/><V43/><F19/><N who="1" m="7177" /><E9/><V98/><F43/><W50/><G133/><T83/><REACH who="0" step="1"/><D27/><REACH who="0" ten="279,250,211,250" step="2"/><U22/><E26/><V97/><F71/><AGARI ba="1,1" hai="0,3,25,30,32,68,69,71,73,79,83,86,91,94" machi="71" ten="40,12000,1" yaku="1,1,2,1,52,1,53,1" doraHai="82" doraHaiUra="78" who="0" fromWho="2" sc="279,133,250,0,211,-123,250,0" /><INIT seed="0,2,0,5,4,72" ten="412,250,88,250" oya="0" hai0="97,2,70,3,28,65,16,98,44,62,124,27,41" hai1="76,61,29,20,56,69,8,112,81,5,9,12,24" hai2="10,105,39,134,116,90,33,93,25,38,117,88,87" hai3="31,42,77,21,30,32,23,125,86,19,95,78,135"/><T82/><D124/><U110/><E110/><V118/><F105/><W129/><G125/><T103/><D97/><U126/><E112/><V1/><F134/><W106/><G106/><N who="0" m="63863" /><D82/><U63/><E126/><V89/><F33/><W4/><G129/><T119/><D16/><U79/><E69/><V64/><F64/><W113/><G135/><T101/><D101/><U122/><E122/><V92/><F25/><W35/><G113/><T36/><D119/><U0/><E81/><V48/><F48/><W46/><G4/><T132/><D132/><U45/><E45/><V104/><F104/><W13/><G32/><AGARI ba="2,0" hai="2,3,27,28,32,36,41,44,62,65,70" m="63863" machi="32" ten="30,5800,0" yaku="25,1,33,2" doraHai="72" who="0" fromWho="3" sc="412,64,250,0,88,0,250,-64" /><INIT seed="0,3,0,2,4,61" ten="476,250,88,186" oya="0" hai0="93,132,56,35,99,22,21,6,125,38,50,54,83" hai1="86,126,58,16,49,15,11,24,72,55,48,74,88" hai2="20,121,116,53,29,75,71,107,42,82,133,0,101" hai3="31,7,1,60,127,122,129,128,80,68,26,77,73"/><T109/><D35/><U62/><E126/><V70/><F121/><W17/><G17/><T25/><D38/><U84/><E84/><V123/><F123/><W32/><G127/><T92/><D6/><U57/><E24/><V100/><F0/><W97/><G97/><T2/><D2/><U44/><E72/><V27/><F133/><W134/><G134/><T51/><D83/><N who="1" m="49247" /><E74/><V43/><F116/><W63/><G63/><T14/><D99/><U95/><E95/><V12/><F107/><W34/><G34/><T33/><D33/><U40/><E62/><V10/><F53/><W19/><G19/><N who="0" m="10487" /><D109/><U47/><AGARI ba="3,0" hai="11,15,16,40,44,47,48,49,55,57,58" m="49247" machi="47" ten="30,7900,0" yaku="25,1,8,1,54,2" doraHai="61" who="1" fromWho="1" sc="476,-42,250,88,88,-23,186,-23" /><INIT seed="1,0,0,2,0,23" ten="434,338,65,163" oya="1" hai0="30,38,125,83,55,89,70,40,93,68,53,103,56" hai1="13,33,112,132,94,21,130,1,127,119,0,62,26" hai2="50,80,34,57,95,135,65,76,11,98,36,82,51" hai3="31,64,66,7,88,115,85,61,41,131,28,117,24"/><U107/><E107/><V59/><F36/><W101/><G115/><T32/><D83/><N who="2" m="31786" /><F34/><W81/><G131/><T25/><D103/><U75/><E75/><V8/><F135/><W91/><G117/><T43/><D125/><U2/><E119/><V79/><F65/><W110/><G110/><T17/><D55/><U78/><E112/><V113/><F113/><W102/><G7/><T27/><D43/><U67/><E130/><V52/><F57/><W114/><G41/><T29/><D17/><U42/><E42/><V121/><F51/><W92/><G114/><T86/><D40/><U16/><E127/><V72/><F72/><W69/><G64/><T134/><D134/><U100/><E78/><N who="2" m="29739" /><F121/><W46/><G31/><T5/><D5/><U105/><E132/><V54/><F54/><W133/><G46/><T45/><D45/><U128/><E128/><V73/><F73/><W14/><G14/><T124/><D124/><U120/><E120/><V60/><F50/><W47/><G47/><T10/><D38/><U84/><E105/><V90/><AGARI ba="0,0" hai="8,11,52,59,60,90,95,98" m="29739,31786" machi="90" ten="30,2000,0" yaku="8,1,54,1" doraHai="23" who="2" fromWho="2" sc="434,-5,338,-10,65,20,163,-5" /><INIT seed="2,0,0,5,5,101" ten="429,328,85,158" oya="2" hai0="48,73,15,23,47,59,132,82,87,90,74,107,93" hai1="5,120,116,84,77,3,46,13,36,108,53,75,127" hai2="128,92,25,38,41,11,81,68,100,130,61,54,109" hai3="26,96,121,31,104,10,118,110,44,71,0,91,28"/><V122/><F122/><W106/><G118/><T135/><D107/><U83/><E116/><V105/><F109/><W21/><G121/><T65/><D15/><U17/><E120/><V56/><F68/><W45/><G71/><T37/><D23/><U8/><E108/><V78/><F92/><W86/><G110/><T18/><D18/><U64/><E127/><V1/><F25/><W103/><G28/><T42/><D82/><U20/><E64/><V22/><F22/><W19/><G104/><T95/><D95/><U6/><E6/><V52/><F54/><W12/><REACH who="3" step="1"/><G0/><REACH who="3" ten="429,328,85,148" step="2"/><T114/><D135/><U2/><E3/><V97/><F1/><W55/><G55/><T111/><D132/><U39/><E53/><V60/><F60/><W85/><G85/><T98/><D87/><U34/><E84/><V7/><F7/><W33/><G33/><T35/><D35/><U134/><E34/><V50/><F38/><W112/><G112/><T124/><D114/><U80/><E134/><V123/><F123/><W51/><G51/><T57/><D111/><U89/><E36/><V131/><F41/><W126/><G126/><T49/><D124/><U88/><REACH who="1" step="1"/><E83/><AGARI ba="0,1" hai="10,12,19,21,26,31,44,45,83,86,91,96,103,106" machi="83" ten="30,7700,0" yaku="1,1,7,1,52,1,53,1" doraHai="101" doraHaiUra="76" who="3" fromWho="1" sc="429,0,328,-77,85,0,148,87" /><INIT seed="3,0,0,4,3,128" ten="429,251,85,235" oya="3" hai0="3,28,124,72,36,73,67,60,46,19,120,96,129" hai1="64,12,130,106,126,30,57,34,18,47,69,95,66" hai2="74,76,55,71,80,0,110,70,27,98,91,1,17" hai3="63,94,51,56,121,49,99,90,15,5,132,114,105"/><W135/><G114/><T25/><D3/><U65/><E130/><V11/><F110/><W52/><G121/><T61/><D61/><U87/><E106/><V82/><F55/><W122/><G122/><T22/><D124/><U84/><E126/><V48/><F48/><W2/><G2/><T86/><D86/><U54/><E69/><V13/><F1/><W7/><G105/><T88/><D46/><U116/><E116/><V31/><F0/><W16/><G51/><T109/><D109/><U32/><E47/><V127/><F127/><W85/><G99/><T59/><D36/><U10/><E30/><V112/><F112/><W75/><G75/><T111/><D111/><U115/><E115/><V68/><F82/><W24/><G24/><T134/><D28/><U50/><E32/><V41/><F41/><W42/><G42/><T43/><D43/><U23/><E34/><V58/><F58/><W20/><G63/><T79/><D129/><U108/><E108/><V35/><F91/><W133/><AGARI ba="0,0" hai="5,7,15,16,20,49,52,56,85,90,94,132,133,135" machi="133" ten="30,24000,3" yaku="0,1,25,2,20,1,52,3,54,2" doraHai="128" who="3" fromWho="3" sc="429,-80,251,-80,85,-80,235,240" /><INIT seed="3,1,0,3,4,90" ten="349,171,5,475" oya="3" hai0="40,108,20,42,48,70,38,96,100,83,78,69,102" hai1="129,24,117,56,57,2,122,29,21,98,0,19,8" hai2="113,31,13,9,15,89,72,107,52,111,93,121,30" hai3="99,132,39,54,43,114,118,130,86,10,14,91,82"/><W34/><G34/><T27/><D108/><U125/><E122/><V44/><F113/><W128/><G114/><T66/><D38/><U84/><E129/><N who="3" m="49770" /><G118/><T94/><D102/><U106/><E125/><V126/><F107/><W81/><G132/><T79/><D79/><U50/><E117/><V17/><F72/><W116/><G116/><T25/><D25/><U123/><E123/><V5/><F111/><W18/><G99/><T45/><D42/><U16/><E84/><N who="2" m="52391" /><F126/><W104/><G104/><T112/><D66/><U124/><E124/><V12/><F121/><W32/><G32/><T105/><D105/><U51/><E106/><V97/><F97/><W76/><G54/><T80/><D112/><U101/><E98/><V3/><F3/><W135/><G135/><T46/><D46/><U103/><E24/><V41/><F41/><W28/><G28/><N who="2" m="10793" /><F5/><W63/><G63/><T49/><D49/><AGARI ba="1,0" hai="9,12,13,15,17,44,49,52" m="10793,52391" machi="49" ten="30,3900,0" yaku="8,1,52,1,54,1" doraHai="90" who="2" fromWho="0" sc="349,-42,171,0,5,42,475,0" /><INIT seed="4,0,0,2,3,95" ten="307,171,47,475" oya="0" hai0="54,39,50,59,7,85,30,25,58,107,17,108,19" hai1="36,29,89,64,37,24,110,51,31,57,133,32,106" hai2="125,73,86,47,94,1,87,55,74,66,52,88,48" hai3="11,62,109,124,115,100,134,34,98,112,16,81,65"/><T10/><D39/><U63/><E110/><V121/><F125/><W135/><G34/><T22/><D108/><U60/><E133/><N who="3" m="50698" /><G109/><T75/><D75/><U35/><E106/><V68/><F121/><W0/><G124/><T119/><D119/><U72/><E72/><V20/><F1/><W97/><G81/><T104/><D85/><U38/><E89/><V99/><F68/><N who="3" m="42039" /><G97/><T46/><D107/><U9/><E9/><V92/><F66/><W122/><G122/><T129/><D104/><U56/><E51/><V93/><F74/><W23/><G11/><T44/><D129/><U120/><E120/><V90/><F73/><W3/><G0/><T131/><D131/><U2/><E2/><V18/><F55/><W103/><G3/><T28/><D7/><U91/><E91/><N who="2" m="53375" /><F20/><W70/><G70/><T128/><D128/><U45/><E45/><V12/><F18/><W4/><G4/><T42/><D10/><U43/><E43/><V130/><F130/><W111/><G111/><T123/><D123/><U8/><E8/><V78/><F12/><N who="3" m="9607" /><G100/><T117/><D117/><U27/><E37/><V49/><F49/><W67/><G67/><AGARI ba="0,0" hai="24,27,29,31,32,35,36,38,56,57,60,63,64,67" machi="67" ten="30,7700,0" yaku="7,1,32,3" doraHai="95" who="1" fromWho="3" sc="307,0,171,77,47,0,475,-77" /><INIT seed="5,0,0,3,0,13" ten="307,248,47,398" oya="1" hai0="49,44,120,28,105,60,66,84,87,52,35,8,69" hai1="103,133,15,112,54,80,125,71,22,116,89,58,119" hai2="113,59,118,115,74,92,25,134,2,94,26,21,42" hai3="95,97,108,3,117,124,62,61,111,77,121,64,16"/><U65/><E112/><N who="2" m="43083" /><F118/><W132/><G3/><T51/><D120/><U98/><E133/><V12/><F134/><W78/><G117/><T93/><D93/><N who="2" m="35946" /><F74/><W40/><G121/><T79/><D79/><N who="3" m="30217" /><G132/><T131/><D131/><U32/><E125/><V128/><F2/><W19/><G124/><T11/><D105/><U18/><E32/><V20/><F128/><W29/><G108/><T96/><D96/><U75/><E65/><V1/><F1/><W100/><G111/><T73/><D73/><U45/><E71/><V37/><F12/><W88/><G40/><T82/><D87/><U85/><E75/><V72/><F72/><W127/><G127/><T70/><D70/><U55/><E55/><V48/><F37/><W81/><G29/><T135/><D135/><U110/><E110/><V30/><F42/><W9/><G9/><T0/><D0/><U86/><E86/><V101/><F101/><W126/><G126/><T129/><D129/><U114/><E114/><V43/><F43/><W4/><G4/><T90/><D11/><U53/><E116/><V6/><F6/><W107/><G107/><T99/><D8/><U36/><E119/><V34/><F26/><W39/><G39/><T56/><D28/><U63/><E36/><V91/><F91/><W76/><N who="3" m="30225" /><W83/><DORA hai="109" /><G100/><T33/><D99/><U122/><E98/><V7/><F7/><W130/><G130/><T46/><D69/><U50/><E103/><V41/><F41/><AGARI ba="0,0" hai="33,35,41,44,46,49,51,52,56,60,66,82,84,90" machi="41" ten="30,2000,0" yaku="7,1,54,1" doraHai="13,109" who="0" fromWho="2" sc="307,20,248,0,47,-20,398,0" /><INIT seed="6,0,0,3,4,36" ten="327,248,27,398" oya="2" hai0="74,46,54,29,13,31,0,116,125,94,34,107,2" hai1="118,119,4,80,32,56,106,14,5,114,33,127,104" hai2="111,88,115,30,60,95,110,63,28,55,39,15,97" hai3="96,53,120,113,8,50,69,27,17,9,123,47,135"/><V64/><F115/><W68/><G68/><T87/><D74/><U42/><E114/><V16/><F39/><W1/><G69/><T105/><D46/><U12/><E127/><V131/><F55/><W71/><G71/><T78/><D78/><U35/><E35/><V65/><F131/><W89/><G113/><T72/><D72/><U49/><E49/><V7/><F7/><W81/><G135/><T21/><D34/><U52/><E52/><V121/><F121/><W134/><G134/><T19/><D54/><U83/><E56/><N who="2" m="36871" /><F63/><W91/><G1/><T40/><D125/><U10/><E10/><N who="3" m="4202" /><G123/><T67/><D67/><U126/><E126/><V93/><F93/><N who="3" m="56367" /><G120/><T38/><D116/><U45/><E45/><V23/><F65/><W129/><G129/><T98/><D0/><U130/><E130/><V11/><F11/><W70/><G70/><T92/><D2/><U90/><E90/><V79/><F79/><W109/><G109/><AGARI ba="0,0" hai="15,16,23,28,30,88,95,97,109,110,111" m="36871" machi="109" ten="30,5800,0" yaku="10,1,54,2" doraHai="36" who="2" fromWho="3" sc="327,0,248,0,27,58,398,-58" /><INIT seed="6,1,0,4,1,118" ten="327,248,85,340" oya="2" hai0="83,44,130,125,41,25,129,23,126,102,121,27,28" hai1="69,82,37,114,88,112,87,80,131,61,13,116,1" hai2="19,132,5,119,33,91,30,92,79,65,110,111,42" hai3="20,123,70,107,39,113,90,34,48,85,49,73,10"/><V122/><F119/><W71/><G73/><T57/><D102/><U35/><E116/><V24/><F132/><W8/><G34/><T0/><D0/><U101/><E1/><V134/><F134/><W99/><G39/><N who="0" m="21567" /><D57/><U7/><E35/><V40/><F5/><W29/><G71/><T64/><D64/><N who="1" m="41103" /><E37/><V6/><F6/><W104/><G70/><T12/><D12/><U26/><E101/><V84/><F65/><W98/><G107/><T9/><D9/><N who="3" m="3689" /><G104/><T54/><D54/><U86/><E7/><V117/><F117/><W108/><G113/><N who="1" m="43626" /><E131/><N who="0" m="50185" /><D83/><U109/><E26/><V32/><F32/><W50/><G108/><N who="2" m="41513" /><F79/><W77/><G77/><T36/><D36/><U100/><E109/><V128/><F128/><W105/><G105/><T63/><D27/><U11/><E100/><V31/><F31/><W96/><G123/><T52/><D121/><U67/><E67/><V95/><F122/><W106/><G106/><T22/><D28/><U78/><E11/><V68/><F68/><W58/><G29/><T3/><D3/><U17/><E17/><V43/><F19/><W62/><G20/><T97/><D23/><U72/><E13/><V76/><F76/><W75/><G75/><AGARI ba="1,0" hai="72,75,78,80,82,86,87,88" m="43626,41103" machi="75" ten="30,2000,0" yaku="15,1,54,1" doraHai="118" who="1" fromWho="3" sc="327,0,248,23,85,0,340,-23" /><INIT seed="7,0,0,4,4,116" ten="327,271,85,317" oya="3" hai0="30,78,87,104,81,113,39,40,118,21,17,125,111" hai1="6,7,92,109,11,12,45,80,49,122,43,133,44" hai2="46,2,0,119,5,14,34,38,16,99,90,51,79" hai3="65,60,132,112,22,64,98,123,56,69,47,20,93"/><W29/><G123/><T100/><D30/><U33/><E133/><V15/><F119/><W37/><G132/><T63/><D63/><U73/><E109/><V67/><F38/><W50/><G112/><T10/><D10/><U103/><E33/><V102/><F34/><W53/><G29/><T26/><D125/><U75/><E122/><V42/><F67/><N who="3" m="25675" /><G37/><T71/><D71/><U61/><E61/><V121/><F121/><W9/><G9/><T95/><D104/><U27/><E27/><V58/><F2/><W128/><G69/><T13/><D113/><U124/><E124/><V115/><F0/><W62/><G128/><T66/><D66/><U52/><E6/><V57/><F115/><W68/><G68/><T19/><D111/><U76/><E92/><V74/><F74/><W4/><G4/><T91/><D100/><U18/><E103/><V135/><F135/><W32/><G32/><T86/><D118/><U83/><E18/><V97/><F79/><W85/><G85/><T82/><D95/><U89/><E89/><V134/><F134/><W41/><G60/><T70/><D70/><U72/><REACH who="1" step="1"/><E80/><REACH who="1" ten="327,261,85,317" step="2"/><V77/><F77/><W96/><G96/><T24/><D19/><U130/><E130/><V1/><F1/><W3/><G3/><T108/><D108/><U25/><E25/><V129/><F129/><W8/><G93/><T114/><D114/><U106/><E106/><V84/><F5/><W59/><G98/><T126/><D126/><U88/><E88/><V131/><F131/><W117/><G117/><T107/><D107/><U110/><E110/><RYUUKYOKU ba="0,1" sc="327,15,261,15,85,-15,317,-15" hai0="13,17,21,24,26,39,40,78,81,82,86,87,91" hai1="7,11,12,43,44,45,49,52,72,73,75,76,83" owari="352,45.0,276,-12.0,70,-43.0,302,10.0" /></mjloggm>