<mjloggm ver="2.3"><GO type="169" lobby="0"/><UN n0="%E7%A5%9E%E9%A2%A8%E3%81%A6%E3%81%83%E3%81%A3%E3%81%97%E3%82%85" n1="%E5%A4%A7%E8%BE%BB" n2="%6D%69%6E%65%72%61%6C%32" n3="%E9%9B%AA%E6%9C%88%E9%A2%A8%E8%8A%B1" dan="16,16,16,16" rate="2135.32,2091.50,2047.42,2219.24" sx="M,M,M,M"/><TAIKYOKU oya="0"/><INIT seed="0,0,0,1,2,92" ten="250,250,250,250" oya="0" hai0="84,133,75,3,131,66,93,78,115,49,4,50,34" hai1="97,25,108,67,56,38,30,71,31,103,86,90,27" hai2="80,42,7,112,89,8,33,64,63,9,130,74,122" hai3="72,29,118,26,106,123,6,18,132,98,44,51,53"/><T35/><D115/><U12/><E38/><V124/><F112/><W54/><G118/><T91/><D131/><U58/><E108/><V11/><F33/><W5/><G132/><T76/><D133/><U62/><E12/><V83/><F122/><W88/><G72/><T99/><D34/><U82/><E25/><V129/><F83/><W94/><G106/><T100/><D35/><U65/><E65/><V134/><F42/><W16/><G123/><T110/><D110/><U47/><E47/><V32/><F32/><W60/><G29/><T114/><D114/><U15/><E31/><V19/><F19/><N who="3" m="7211" /><G26/><T41/><D66/><U113/><E113/><V23/><F23/><W109/><G109/><T2/><D2/><U116/><E116/><V68/><F134/><W127/><G127/><T55/><D41/><U81/><E15/><V104/><F104/><W95/><G95/><T24/><D24/><U43/><E43/><V20/><F20/><W69/><G69/><T0/><D0/><U87/><E27/><V85/><F74/><W111/><G111/><T73/><D4/><U17/><E17/><V1/><F124/><W28/><G28/><T48/><D3/><U40/><E40/><V117/><REACH who="2" step="1"/><F117/><REACH who="2" ten="250,250,240,250" step="2"/><W120/><G120/><T39/><D39/><U107/><REACH who="1" step="1"/><E30/><REACH who="1" ten="250,240,240,250" step="2"/><V101/><F101/><W79/><G6/><T52/><D75/><U37/><E37/><V77/><F77/><AGARI ba="0,2" hai="56,58,62,67,71,77,81,82,86,87,90,97,103,107" machi="77" ten="30,3900,0" yaku="1,1,7,1,52,1,53,0" doraHai="92" doraHaiUra="125" who="1" fromWho="2" sc="250,0,240,59,240,-39,250,0" /><INIT seed="1,0,0,0,0,15" ten="250,299,201,250" oya="1" hai0="44,93,122,76,126,125,22,103,33,39,89,91,117" hai1="54,47,31,53,40,118,4,84,85,94,60,48,37" hai2="69,55,27,129,57,28,9,34,36,1,131,114,130" hai3="66,132,42,12,115,19,59,106,81,113,92,0,46"/><U68/><E118/><V80/><F69/><W127/><G106/><T87/><D117/><U112/><E112/><V11/><F36/><W52/><G0/><T63/><D33/><U17/><E31/><V29/><F114/><W23/><G66/><T77/><D39/><U61/><E4/><V111/><F111/><W25/><G132/><T74/><D44/><U100/><E100/><V3/><F29/><W107/><G107/><T83/><D63/><U75/><E75/><V35/><F35/><W95/><G127/><N who="0" m="48651" /><D22/><U96/><E96/><V16/><F80/><W121/><G121/><T116/><D116/><U14/><E94/><V2/><F55/><N who="1" m="21001" /><E37/><V50/><F50/><N who="3" m="26967" /><G115/><T70/><D70/><U108/><E68/><V79/><F79/><W43/><G43/><T124/><N who="0" m="48659" /><T56/><DORA hai="38" /><D56/><U105/><E105/><V99/><F57/><W90/><G113/><T62/><D62/><N who="1" m="24171" /><E108/><V10/><REACH who="2" step="1"/><F99/><REACH who="2" ten="250,299,191,250" step="2"/><W8/><G81/><N who="0" m="47535" /><D122/><U119/><E119/><V65/><F65/><W104/><G59/><T45/><D45/><U24/><E24/><V120/><F120/><W30/><G52/><T21/><D74/><U51/><E51/><V73/><F73/><W6/><G30/><T97/><D83/><U82/><E82/><V71/><F71/><W64/><G64/><T13/><D76/><U18/><E14/><AGARI ba="0,1" hai="1,2,3,9,10,11,14,16,27,28,34,129,130,131" machi="14" ten="50,12000,2" yaku="1,1,19,1,34,3,52,1,54,1,53,0" doraHai="15,38" doraHaiUra="41,88" who="2" fromWho="1" sc="250,0,299,-120,191,130,250,0" /><INIT seed="2,0,0,2,5,56" ten="250,179,321,250" oya="2" hai0="106,62,116,55,2,80,52,22,94,84,28,114,47" hai1="67,126,78,12,134,29,24,74,96,36,70,53,59" hai2="124,73,3,48,81,100,93,37,87,21,23,135,121" hai3="88,30,20,92,17,68,109,133,79,25,125,10,90"/><V14/><F3/><W110/><G68/><T120/><D106/><U108/><E36/><V31/><F37/><W77/><G133/><T33/><D2/><U32/><E126/><V111/><F73/><W15/><G125/><T16/><D114/><U132/><E108/><N who="3" m="41578" /><G90/><T131/><D120/><U72/><E12/><V7/><F121/><W1/><G1/><T107/><D107/><U41/><E41/><V54/><F135/><N who="1" m="51753" /><E78/><V19/><F7/><W97/><AGARI ba="0,0" hai="10,15,17,20,25,30,77,79,88,92,97" m="41578" machi="97" ten="30,2000,0" yaku="14,1,54,1" doraHai="56" who="3" fromWho="3" sc="250,-5,179,-5,321,-10,250,20" /><INIT seed="3,0,0,4,1,42" ten="245,174,311,270" oya="3" hai0="121,9,70,29,135,98,109,47,54,66,127,93,10" hai1="102,74,103,83,41,105,78,8,55,20,53,36,6" hai2="112,46,59,73,86,125,64,50,129,96,117,99,4" hai3="51,23,131,101,82,71,1,22,52,35,3,104,89"/><W63/><G35/><T123/><D109/><U27/><E53/><V49/><F73/><W0/><G131/><T15/><D135/><U95/><E55/><V56/><F112/><W5/><G5/><T31/><D127/><U45/><E95/><V26/><F4/><W118/><G118/><T13/><D70/><U19/><REACH who="1" step="1"/><E105/><REACH who="1" ten="245,164,311,270" step="2"/><V61/><F117/><W133/><G52/><T58/><D123/><U25/><E25/><V122/><F26/><W119/><G104/><T38/><D121/><U28/><E28/><V80/><F122/><W81/><G81/><T110/><D110/><U24/><E24/><V65/><F129/><W92/><G82/><T126/><D126/><U40/><E40/><N who="2" m="24775" /><F125/><W57/><G92/><T75/><D31/><U39/><E39/><V67/><F50/><W116/><G51/><N who="0" m="29055" /><D29/><U91/><E91/><N who="2" m="51655" /><F61/><W106/><G63/><N who="0" m="38263" /><D38/><U12/><AGARI ba="0,1" hai="6,8,12,19,20,27,36,41,45,74,78,83,102,103" machi="12" ten="20,5200,0" yaku="1,1,0,1,7,1,52,1,53,0" doraHai="42" doraHaiUra="132" who="1" fromWho="1" sc="245,-13,164,62,311,-13,270,-26" /><INIT seed="4,0,0,1,5,93" ten="232,226,298,244" oya="0" hai0="111,43,73,117,83,14,135,104,122,54,53,31,94" hai1="127,39,70,36,64,130,27,45,8,18,40,19,16" hai2="106,88,95,108,109,126,103,25,81,101,124,113,38" hai3="66,112,132,69,87,89,34,68,107,123,62,115,13"/><T82/><D104/><U92/><E130/><V15/><F38/><W131/><G131/><T6/><D117/><U26/><E127/><N who="2" m="48683" /><F25/><W133/><G34/><T48/><D122/><U74/><E74/><V9/><F81/><N who="3" m="49391" /><G123/><T120/><D120/><U78/><E78/><V72/><F72/><W128/><G128/><T91/><D135/><N who="3" m="51785" /><G13/><T23/><D111/><U58/><E39/><V116/><F113/><N who="3" m="43595" /><G107/><T0/><D0/><U51/><E8/><V77/><F77/><W67/><G67/><T100/><D6/><U129/><E129/><V110/><F106/><W61/><G61/><T3/><D3/><U121/><E121/><V46/><F116/><W20/><G20/><T98/><D73/><U80/><E80/><V50/><F15/><W56/><AGARI ba="0,0" hai="56,62,66,68,69" m="43595,51785,49391" machi="56" ten="30,2000,0" yaku="20,1,15,1" doraHai="93" who="3" fromWho="3" sc="232,-10,226,-5,298,-5,244,20" /><INIT seed="5,0,0,2,4,9" ten="222,221,293,264" oya="1" hai0="78,16,20,99,14,117,34,97,122,89,39,79,68" hai1="55,1,124,18,91,71,90,27,104,111,125,22,48" hai2="47,29,64,115,123,74,13,33,58,32,88,73,63" hai3="65,121,23,30,28,5,132,100,105,130,0,85,50"/><U6/><E104/><V43/><F123/><W108/><G108/><T17/><D117/><U69/><E111/><V40/><F40/><W54/><G121/><T92/><D39/><U7/><E90/><V41/><F41/><W93/><G65/><T103/><D68/><U134/><E134/><V82/><F73/><W21/><G130/><T128/><D122/><U94/><E69/><V76/><F29/><W38/><G38/><T98/><D128/><U114/><E71/><V57/><F57/><W59/><G5/><T101/><D34/><U126/><E114/><V56/><F56/><W95/><G105/><T42/><D42/><U8/><E7/><V84/><F13/><W116/><G0/><T106/><REACH who="0" step="1"/><D17/><REACH who="0" ten="212,221,293,264" step="2"/><U36/><E36/><V83/><F115/><W70/><G70/><T119/><D119/><U72/><E72/><V49/><AGARI ba="0,1" hai="32,33,43,47,49,58,63,64,74,76,82,83,84,88" machi="49" ten="20,2700,0" yaku="0,1,7,1,54,1" doraHai="9" who="2" fromWho="2" sc="212,-7,221,-13,293,37,264,-7" /><INIT seed="6,0,0,4,0,20" ten="205,208,330,257" oya="2" hai0="132,24,50,46,25,26,92,12,65,103,107,44,36" hai1="52,126,122,82,47,118,66,93,7,38,37,127,125" hai2="19,30,60,18,84,1,0,111,116,108,71,85,61" hai3="63,117,74,134,94,4,99,43,104,129,22,17,78"/><V131/><F116/><W98/><G117/><T70/><D107/><U59/><E118/><V33/><F131/><W113/><G129/><T130/><D130/><U53/><E7/><V34/><F30/><W49/><G4/><T95/><D132/><U45/><E82/><V100/><F71/><W123/><G123/><T54/><D70/><U2/><E93/><V56/><F56/><W105/><G63/><T72/><D72/><U39/><E2/><V27/><REACH who="2" step="1"/><F100/><REACH who="2" ten="205,208,320,257" step="2"/><N who="3" m="60535" /><G134/><T89/><D65/><U135/><E135/><V21/><F21/><W83/><G22/><T28/><D28/><U42/><E122/><V80/><F80/><W10/><G83/><T64/><D64/><U79/><E79/><V96/><F96/><W16/><G98/><N who="0" m="59871" /><D36/><N who="1" m="13931" /><E47/><V8/><F8/><W6/><G10/><T9/><D46/><U88/><E88/><V73/><F73/><W29/><G78/><T133/><D133/><U40/><E40/><V124/><F124/><W119/><G74/><T55/><D92/><U110/><E110/><V86/><F86/><W58/><G58/><T15/><D89/><U75/><E75/><V68/><F68/><W120/><G119/><T115/><D115/><U67/><E53/><N who="0" m="19977" /><D9/><U91/><E91/><V32/><F32/><W112/><G113/><T90/><D90/><U76/><E76/><V3/><F3/><W35/><G112/><T51/><D51/><AGARI ba="0,1" hai="39,42,45,51,52,59,66,67,125,126,127" m="13931" machi="51" ten="40,8000,1" yaku="18,1,34,2,54,1" doraHai="20" who="1" fromWho="0" sc="205,-80,208,90,320,0,257,0" /><INIT seed="7,0,0,5,3,25" ten="125,298,320,257" oya="3" hai0="101,115,22,103,51,10,58,110,106,5,88,37,97" hai1="55,72,109,75,76,15,116,126,42,63,20,44,48" hai2="127,11,6,21,26,47,61,86,31,9,16,79,38" hai3="43,68,123,3,85,82,59,99,71,52,93,125,24"/><W32/><G123/><T130/><D110/><U77/><E116/><V8/><F127/><W0/><G125/><T57/><D37/><U28/><E126/><V111/><F111/><W118/><G118/><T7/><D130/><U17/><E109/><V33/><F61/><W36/><G0/><T35/><D35/><U89/><E75/><V129/><F129/><W108/><G3/><T41/><D115/><U78/><E72/><V134/><F134/><W50/><G43/><T23/><D88/><U14/><E89/><V30/><F38/><W53/><G53/><T39/><D39/><U98/><E98/><V91/><F79/><W73/><G73/><T19/><D103/><U13/><REACH who="1" step="1"/><E28/><REACH who="1" ten="125,288,320,257" step="2"/><N who="2" m="10795" /><F33/><W84/><G36/><T4/><D10/><U104/><E104/><V90/><F90/><W1/><G1/><T12/><REACH who="0" step="1"/><D23/><REACH who="0" ten="115,288,320,257" step="2"/><U29/><E29/><V119/><F119/><W128/><G32/><T133/><D133/><U65/><E65/><V27/><F9/><W120/><G128/><T40/><D40/><U124/><E124/><V18/><F11/><W105/><G108/><T60/><D60/><U70/><E70/><V135/><F135/><W2/><G68/><T54/><D54/><U122/><E122/><V132/><F132/><W74/><G52/><T96/><D96/><U34/><E34/><V83/><F8/><W117/><G71/><T95/><D95/><U69/><E69/><V49/><F91/><W45/><G93/><T80/><D80/><U100/><E100/><V113/><F83/><W107/><G82/><T102/><D102/><U112/><E112/><RYUUKYOKU ba="0,2" sc="115,15,288,15,320,-15,257,-15" hai0="4,5,7,12,19,22,41,51,57,58,97,101,106" hai1="13,14,15,17,20,42,44,48,55,63,76,77,78" owari="130,-37.0,303,10.0,325,43.0,242,-16.0" /></mjloggm>