<mjloggm ver="2.3"><GO type="185" lobby="0"/><UN n0="%E3%82%84%E3%81%BE%E3%81%8B%E3%81%84" n1="%E9%95%B7%E5%85%89%E9%BA%BB%E5%A4%9C" n2="%E3%81%BE%E3%82%8D%E3%81%AB%E3%81%84" n3="" dan="17,16,16,0" rate="2257.87,2235.95,2070.98,1500.00" sx="M,M,M,C"/><TAIKYOKU oya="0"/><INIT seed="0,0,0,4,4,71" ten="350,350,350,0" oya="0" hai0="103,107,37,99,68,72,116,60,109,135,56,1,105" hai1="81,82,34,67,62,59,57,44,125,115,117,40,70" hai2="96,132,112,106,49,36,64,63,75,108,97,0,77" hai3=""/><T54/><D116/><U91/><E34/><V2/><F49/><T35/><D35/><U133/><E117/><V124/><F97/><T92/><D1/><U121/><N who="1" m="31008" /><U89/><E133/><V85/><F85/><T61/><D135/><U47/><E125/><V90/><F90/><T80/><D109/><U53/><E115/><V41/><F132/><T50/><D37/><U88/><E47/><V38/><F41/><T76/><REACH who="0" step="1"/><D60/><REACH who="0" ten="340,350,350,0" step="2"/><U104/><E104/><V120/><N who="2" m="30752" /><V83/><F108/><T3/><D3/><U118/><E118/><V102/><F124/><T66/><AGARI ba="0,1" hai="50,54,56,61,66,68,72,76,80,92,99,103,105,107" machi="66" ten="30,4000,0" yaku="1,1,0,1,53,1" doraHai="71" doraHaiUra="95" who="0" fromWho="0" sc="340,50,350,-20,350,-20,0,0" /><INIT seed="0,1,0,4,3,35" ten="390,330,330,0" oya="0" hai0="109,99,57,65,98,73,72,112,61,91,33,85,90" hai1="129,127,113,75,50,101,40,115,130,54,134,83,66" hai2="128,110,60,62,79,77,1,84,118,41,100,97,92" hai3=""/><T114/><D33/><U34/><E34/><V0/><F118/><T133/><D133/><U81/><E134/><V49/><F128/><N who="1" m="49257" /><E101/><V63/><F110/><T37/><D37/><U45/><E127/><V126/><F126/><T71/><D109/><U124/><E124/><V64/><F64/><T47/><D47/><U80/><E66/><V116/><F116/><T120/><N who="0" m="30752" /><T107/><D71/><U102/><E102/><V48/><F41/><T87/><D107/><U131/><N who="1" m="49265" /><U106/><DORA hai="55" /><E106/><V53/><F49/><T132/><D132/><U36/><E75/><V76/><REACH who="2" step="1"/><F84/><REACH who="2" ten="390,330,320,0" step="2"/><T104/><D73/><U93/><E93/><V94/><F94/><T108/><D72/><U123/><N who="1" m="31520" /><U89/><E40/><V52/><F52/><T117/><D108/><U103/><E36/><V95/><F95/><T121/><N who="0" m="31008" /><T74/><D74/><U43/><E43/><V2/><F2/><T88/><D117/><U119/><E119/><V3/><F3/><T59/><D104/><U42/><E42/><V86/><F86/><T122/><N who="0" m="31264" /><T32/><D32/><U58/><E50/><V44/><AGARI ba="1,1" hai="0,1,44,48,53,60,62,63,76,77,79,92,97,100" machi="44" ten="30,5900,0" yaku="1,1,0,1,52,2,53,0" doraHai="35,55" doraHaiUra="67,38" who="2" fromWho="2" sc="390,-40,330,-21,320,71,0,0" /><INIT seed="1,0,0,3,2,3" ten="350,309,391,0" oya="1" hai0="45,112,135,53,121,131,69,1,128,62,58,90,101" hai1="115,99,123,59,2,65,132,44,87,102,106,92,50" hai2="97,94,104,86,82,107,47,85,51,36,61,108,41" hai3=""/><U96/><N who="1" m="31520" /><U127/><E2/><V79/><F108/><T49/><N who="0" m="31008" /><T0/><D112/><U117/><E117/><V113/><F113/><T81/><D135/><U70/><E115/><V124/><F124/><T55/><D101/><U118/><E118/><V48/><F61/><T114/><D69/><U125/><E132/><V120/><N who="2" m="30752" /><V35/><F35/><T56/><D45/><U91/><E70/><V103/><F104/><T72/><D114/><U116/><E116/><V126/><F126/><N who="1" m="48137" /><E59/><V34/><F34/><T73/><D90/><U67/><E99/><V38/><F38/><T71/><D71/><U78/><E78/><V122/><N who="2" m="31264" /><V95/><F107/><T129/><REACH who="0" step="1"/><D73/><REACH who="0" ten="340,309,391,0" step="2"/><U32/><E32/><V66/><F103/><T43/><D43/><AGARI ba="0,1" hai="43,44,50,65,67,87,91,92,96,102,106" m="48137,31520" machi="43" ten="30,2900,0" yaku="18,1,52,1" doraHai="3" who="1" fromWho="0" sc="340,-29,309,39,391,0,0,0" /><INIT seed="1,1,0,4,0,91" ten="311,348,391,0" oya="1" hai0="44,90,81,117,135,50,2,103,65,42,131,55,41" hai1="64,72,82,101,77,75,73,63,71,1,62,123,80" hai2="69,105,120,53,106,37,126,38,67,59,128,98,129" hai3=""/><U79/><N who="1" m="31520" /><U35/><E35/><V89/><N who="2" m="30752" /><V74/><F74/><T97/><D2/><U58/><E1/><V93/><F126/><T43/><D131/><N who="2" m="50250" /><F69/><T48/><D135/><U54/><REACH who="1" step="1"/><E101/><REACH who="1" ten="311,338,391,0" step="2"/><V88/><F67/><T45/><D65/><U107/><E107/><N who="2" m="40971" /><F89/><T104/><D117/><U78/><AGARI ba="1,1" hai="54,58,62,63,64,71,72,73,75,77,78,79,80,82" m="31520" machi="78" ten="40,8000,1" yaku="1,1,0,1,52,1,53,1" doraHai="91" doraHaiUra="119" who="1" fromWho="1" sc="311,-41,338,92,391,-41,0,0" /><INIT seed="1,2,0,1,2,76" ten="270,430,350,0" oya="1" hai0="131,80,83,75,104,36,84,91,135,61,105,33,102" hai1="89,101,110,123,67,103,129,128,2,43,37,107,93" hai2="126,71,74,132,46,90,79,44,55,53,51,63,82" hai3=""/><U64/><N who="1" m="31520" /><U106/><E2/><V39/><F132/><T60/><D33/><U98/><E110/><V122/><N who="2" m="31264" /><V68/><F126/><T127/><D36/><U133/><E133/><V81/><F39/><T72/><D135/><U111/><E111/><V88/><F63/><T96/><D127/><U94/><E43/><V3/><F51/><T41/><D41/><U124/><E124/><V108/><F108/><T45/><D45/><U49/><E49/><V40/><F40/><T87/><D131/><N who="1" m="50251" /><E37/><V54/><F3/><T92/><D61/><U118/><E118/><V119/><F119/><T66/><D66/><N who="1" m="25131" /><E103/><V125/><F125/><T121/><N who="0" m="31008" /><T47/><D47/><N who="2" m="17962" /><F79/><T57/><D57/><U114/><E114/><V130/><F74/><N who="0" m="28202" /><D60/><U58/><E58/><V0/><F0/><T86/><D104/><U34/><E34/><V109/><F130/><T42/><D42/><U38/><E38/><V59/><F109/><T99/><AGARI ba="2,0" hai="80,83,84,86,87,91,92,96,99,102,105" m="28202,31008" machi="99" ten="40,12000,3" yaku="35,5,52,3" doraHai="76" who="0" fromWho="0" sc="270,124,430,-82,350,-42,0,0" /><INIT seed="2,0,0,5,5,135" ten="394,348,308,0" oya="2" hai0="66,113,40,126,78,105,76,84,69,125,2,111,71" hai1="112,123,54,102,106,129,33,88,34,121,80,42,114" hai2="87,50,96,101,120,36,131,82,53,56,39,51,60" hai3=""/><V38/><N who="2" m="30752" /><V74/><F74/><T90/><D2/><U79/><N who="1" m="31008" /><U48/><N who="1" m="31520" /><U117/><E129/><V83/><F131/><T130/><D130/><U92/><E117/><V32/><F32/><T47/><D105/><U118/><E118/><V62/><F51/><T97/><D111/><U70/><E70/><V45/><F87/><T55/><D55/><U46/><E102/><V109/><F109/><T73/><D97/><U95/><E95/><V100/><F62/><T116/><D116/><U72/><E106/><V75/><F75/><T134/><D134/><U35/><REACH who="1" step="1"/><E42/><REACH who="1" ten="394,338,308,0" step="2"/><V133/><F133/><T64/><D71/><U110/><E110/><V85/><F101/><T128/><D128/><U103/><E103/><V43/><REACH who="2" step="1"/><F85/><AGARI ba="0,1" hai="33,34,35,46,48,54,72,79,80,85,88,92,112,114" m="31520,31008" machi="85" ten="40,12000,2" yaku="1,1,52,2,54,1,53,3" doraHai="135" doraHaiUra="1" who="1" fromWho="2" sc="394,0,338,130,308,-120,0,0" /><INIT seed="4,0,0,1,2,52" ten="394,468,188,0" oya="0" hai0="37,71,63,104,55,45,128,118,103,58,56,119,113" hai1="92,99,102,62,116,44,36,127,131,2,40,1,126" hai2="0,67,129,57,101,73,124,96,133,89,66,65,59" hai3=""/><T38/><D104/><U69/><E116/><N who="0" m="44585" /><D103/><U68/><E131/><V87/><F0/><N who="1" m="105" /><E62/><V108/><F73/><T51/><D128/><U107/><E92/><V80/><F129/><T95/><D95/><U48/><E48/><V42/><F108/><T46/><D113/><U106/><E106/><V83/><F42/><T33/><D33/><U34/><E34/><V121/><N who="2" m="31008" /><V85/><F133/><T98/><D98/><U50/><E50/><V134/><F134/><T81/><D81/><U105/><E105/><V32/><F32/><T88/><D88/><U35/><E35/><V77/><REACH who="2" step="1"/><F124/><AGARI ba="0,0" hai="36,40,44,68,69,99,102,107,124,126,127" m="105" machi="124" ten="30,2000,0" yaku="18,1,23,1" doraHai="52" who="1" fromWho="2" sc="394,0,468,20,188,-20,0,0" /><INIT seed="5,0,0,0,3,1" ten="394,488,168,0" oya="1" hai0="43,133,99,87,89,71,119,104,73,81,116,105,88" hai1="41,3,56,52,58,69,48,33,53,129,37,84,106" hai2="123,54,76,92,102,63,62,108,132,59,2,70,45" hai3=""/><U75/><E3/><V49/><N who="2" m="31520" /><V55/><F2/><T107/><D71/><U34/><E75/><V0/><F0/><T38/><D43/><U91/><E106/><V126/><F76/><T39/><D133/><U118/><E118/><N who="0" m="45097" /><D39/><U80/><E129/><V66/><F132/><T57/><D57/><U32/><E69/><V109/><F102/><T130/><D38/><U90/><E37/><V35/><F35/><T51/><D51/><U83/><E41/><V121/><N who="2" m="31008" /><V112/><F92/><T111/><D111/><N who="2" m="42570" /><F126/><T44/><D44/><U101/><E101/><V93/><F93/><T68/><D68/><U135/><E135/><V131/><F112/><T50/><D50/><U72/><E72/><V124/><F124/><T40/><D40/><U113/><E113/><V94/><F94/><T114/><D114/><U122/><N who="1" m="31264" /><U67/><E67/><V127/><F127/><T117/><D117/><U100/><E100/><V78/><F78/><T61/><D73/><U103/><E103/><V125/><F125/><T134/><D134/><U85/><E33/><V65/><F131/><T36/><D130/><U98/><E98/><V60/><F66/><T120/><N who="0" m="30752" /><T64/><D99/><U47/><E32/><RYUUKYOKU ba="0,0" sc="394,-10,488,-10,168,20,0,0" hai2="45,49,54,55,59,60,62,63,65,70" /><INIT seed="6,1,0,1,0,91" ten="384,478,188,0" oya="2" hai0="67,133,32,132,55,113,71,107,112,46,121,37,40" hai1="49,2,96,111,72,119,74,114,88,66,83,124,109" hai2="100,135,122,126,98,84,115,45,123,39,95,43,82" hai3=""/><V125/><N who="2" m="31264" /><V129/><N who="2" m="31520" /><V52/><F115/><N who="0" m="44106" /><D107/><U61/><E114/><V73/><F73/><T63/><N who="0" m="31008" /><T86/><D86/><U57/><E2/><V131/><F52/><T92/><D92/><U48/><E119/><V101/><F101/><T94/><D94/><U36/><E36/><V118/><F118/><T41/><D32/><U85/><E124/><N who="2" m="47723" /><F135/><N who="0" m="51786" /><D41/><U70/><E74/><V116/><F116/><T78/><D78/><AGARI ba="1,0" hai="39,43,45,78,82,84,95,98,100,129,131" m="47723,31520,31264" machi="78" ten="30,11600,0" yaku="18,1,52,3" doraHai="91" who="2" fromWho="0" sc="384,-118,478,0,188,118,0,0" /><INIT seed="6,2,0,1,4,61" ten="266,478,306,0" oya="2" hai0="67,123,110,40,120,105,53,88,104,131,132,73,45" hai1="68,79,130,89,52,57,97,135,85,103,81,94,0" hai2="74,34,32,76,87,56,50,116,78,41,72,128,75" hai3=""/><V54/><F116/><T133/><N who="0" m="30752" /><T49/><N who="0" m="31520" /><T3/><D110/><U125/><E0/><V134/><F134/><N who="0" m="51818" /><D3/><U127/><E68/><V117/><F117/><T95/><D131/><U91/><E135/><V77/><F128/><T48/><D73/><U109/><E109/><V108/><F108/><T98/><D67/><U64/><E64/><V44/><REACH who="2" step="1"/><F87/><REACH who="2" ten="266,478,296,0" step="2"/><T111/><D111/><U1/><E130/><V42/><F42/><T37/><D37/><AGARI ba="2,1" hai="32,34,37,41,44,50,54,56,72,74,75,76,77,78" machi="37" ten="50,2400,0" yaku="1,1,53,0" doraHai="61" doraHaiUra="96" who="2" fromWho="0" sc="266,-28,478,0,296,38,0,0" /><INIT seed="6,3,0,3,0,82" ten="238,478,334,0" oya="2" hai0="131,45,73,71,64,44,60,132,76,107,62,117,113" hai1="55,85,48,84,72,80,46,63,79,126,122,118,58" hai2="127,51,47,61,53,40,129,43,89,97,78,69,57" hai3=""/><V36/><F78/><T35/><D35/><U39/><N who="1" m="31264" /><U49/><E126/><V103/><F127/><T109/><D107/><U101/><E118/><V75/><F75/><T38/><D73/><U86/><E101/><V50/><F129/><T98/><D76/><U32/><E32/><V104/><F43/><T105/><D98/><U120/><N who="1" m="30752" /><U52/><E39/><V56/><F69/><T1/><D105/><U108/><E108/><V65/><F89/><T70/><D1/><U41/><E72/><V92/><REACH who="2" step="1"/><F104/><REACH who="2" ten="238,478,324,0" step="2"/><T88/><D109/><U134/><E134/><V93/><F93/><T123/><N who="0" m="31520" /><T2/><D2/><U91/><E79/><V128/><F128/><T115/><D131/><U102/><E102/><V110/><F110/><T68/><D132/><U83/><E91/><V111/><F111/><T100/><D117/><U3/><E3/><V124/><F124/><T125/><D125/><U119/><E119/><V59/><F59/><AGARI ba="3,1" hai="41,46,48,49,52,55,58,59,63,80,83,84,85,86" m="30752,31264" machi="59" ten="40,12000,2" yaku="8,1,52,5,54,1" doraHai="82" who="1" fromWho="2" sc="238,0,478,136,324,-126,0,0" owari="238,-16.0,614,56.0,198,-40.0,0,0.0" /></mjloggm>