<mjloggm ver="2.3"><GO type="169" lobby="0"/><UN n0="%E3%81%8A%E3%81%8A%E3%81%8F%E3%81%95" n1="%E5%AE%9F%E5%AD%98" n2="%E6%84%9B%E5%86%85%E9%87%8C%E8%8F%9C" n3="%67%73%6B%67%33" dan="17,17,18,16" rate="2224.73,2159.09,2162.66,2150.55" sx="M,M,F,M"/><TAIKYOKU oya="0"/><INIT seed="0,0,0,1,4,84" ten="250,250,250,250" oya="0" hai0="118,77,35,40,39,12,63,36,3,38,100,135,20" hai1="49,59,42,73,93,85,108,13,97,44,82,129,61" hai2="65,52,10,78,54,33,8,9,56,107,46,101,74" hai3="64,103,91,124,121,32,96,116,128,114,22,122,79"/><T34/><D118/><U76/><E108/><V28/><F74/><W92/><G32/><T62/><D40/><U69/><E129/><V106/><F78/><W113/><G64/><T83/><D3/><U0/><E0/><V1/><F1/><W60/><G60/><T88/><D100/><U15/><E69/><V6/><F6/><W37/><G37/><T53/><D77/><U86/><E86/><V58/><F65/><W130/><G22/><T125/><D135/><U104/><E104/><V70/><F46/><W72/><G116/><T21/><D38/><U16/><E73/><V126/><F126/><W67/><G67/><T11/><D83/><U115/><E115/><N who="3" m="44042" /><G124/><T98/><D98/><U17/><E13/><V132/><F70/><W4/><G4/><T81/><D81/><U109/><E109/><V102/><F8/><W24/><G24/><T119/><D119/><U127/><E15/><V112/><F112/><W94/><G79/><T117/><D117/><U25/><E25/><V26/><F26/><W5/><G5/><T75/><D12/><U48/><E127/><V7/><F7/><W19/><G19/><T29/><D125/><U23/><E23/><V87/><F33/><W80/><G80/><T123/><D21/><U68/><E68/><V134/><F28/><W111/><G72/><T110/><D34/><U90/><E48/><V131/><F87/><N who="3" m="52351" /><G111/><T105/><D110/><U120/><E120/><AGARI ba="0,0" hai="94,96,103,120,121,122,128,130" m="52351,44042" machi="120" ten="30,7700,0" yaku="13,1,34,2,52,1" doraHai="84" who="3" fromWho="1" sc="250,0,250,-77,250,0,250,77" /><INIT seed="1,0,0,3,4,113" ten="250,173,250,327" oya="1" hai0="35,30,102,50,108,129,62,5,73,119,22,106,40" hai1="31,60,133,27,59,131,8,10,34,48,72,17,103" hai2="37,88,3,55,56,80,89,57,11,24,44,39,28" hai3="54,104,26,124,14,117,115,7,53,81,105,114,123"/><U51/><E72/><V93/><F80/><W4/><G26/><T135/><D22/><U95/><E133/><V68/><F68/><W87/><G123/><T33/><D30/><U49/><E131/><V100/><F100/><W99/><G99/><T67/><D5/><U2/><E2/><V19/><F56/><W47/><G47/><T41/><D50/><U118/><E118/><V75/><F75/><W12/><G81/><T92/><D41/><U90/><E103/><V52/><F55/><W132/><G87/><T128/><D40/><U125/><E125/><V84/><F89/><W9/><G132/><T1/><D67/><U18/><E8/><V6/><F44/><W121/><G9/><T83/><D83/><U25/><E10/><V63/><REACH who="2" step="1"/><F19/><REACH who="2" ten="250,173,240,327" step="2"/><W70/><G70/><T126/><D102/><U69/><E69/><V61/><F61/><W23/><G54/><T46/><D73/><U15/><E60/><V77/><F77/><W98/><G53/><T36/><D62/><U127/><E59/><V58/><F58/><W43/><G43/><T111/><D46/><U91/><E91/><V66/><F66/><W21/><G104/><T45/><D106/><U42/><E42/><V109/><F109/><W13/><G105/><T107/><D111/><U97/><E17/><V20/><AGARI ba="0,1" hai="3,6,11,20,24,28,37,39,52,57,63,84,88,93" machi="20" ten="20,8000,1" yaku="1,1,0,1,7,1,54,2,53,0" doraHai="113" doraHaiUra="65" who="2" fromWho="2" sc="250,-20,173,-40,240,90,327,-20" /><INIT seed="2,0,0,5,2,11" ten="230,133,330,307" oya="2" hai0="90,75,131,82,106,58,15,65,17,112,51,128,123" hai1="44,89,81,33,59,111,109,122,4,27,14,68,54" hai2="16,12,38,79,53,48,73,74,32,80,25,94,19" hai3="64,28,72,29,63,0,116,85,61,115,36,107,71"/><V57/><F38/><W117/><G72/><T47/><D112/><U37/><E68/><V83/><F94/><W105/><G0/><T108/><D123/><U8/><E122/><V114/><F114/><W20/><G36/><T9/><D106/><U62/><E33/><V13/><F32/><W67/><G85/><N who="0" m="50487" /><D108/><U5/><E27/><V120/><F120/><W104/><G115/><T119/><D75/><U78/><E89/><V49/><F49/><W56/><REACH who="3" step="1"/><G20/><REACH who="3" ten="230,133,330,297" step="2"/><T113/><D113/><U126/><E126/><V96/><F96/><W129/><G129/><T31/><D128/><U135/><E135/><V55/><F74/><W98/><G98/><T93/><D131/><U35/><E35/><V100/><F73/><W97/><G97/><T134/><D134/><U45/><E37/><V24/><F79/><W95/><G95/><T86/><D86/><U132/><E132/><V69/><F80/><W50/><G50/><T41/><D93/><U118/><E118/><AGARI ba="0,1" hai="28,29,56,61,63,64,67,71,104,105,107,116,117,118" machi="118" ten="50,1600,0" yaku="1,1,53,0" doraHai="11" doraHaiUra="39" who="3" fromWho="1" sc="230,0,133,-16,330,0,297,26" /><INIT seed="3,0,0,5,4,85" ten="230,117,330,323" oya="3" hai0="54,18,42,50,123,103,25,16,130,60,79,49,32" hai1="94,40,89,35,135,110,72,24,44,29,46,0,11" hai2="81,9,128,63,62,5,36,53,59,8,64,127,55" hai3="19,133,23,14,70,47,1,131,106,30,118,57,87"/><W125/><G118/><T97/><D123/><U48/><E110/><V76/><F36/><W116/><G70/><T39/><D130/><U26/><E135/><V65/><F128/><W21/><G116/><T90/><D79/><U109/><E109/><V10/><F127/><W117/><G117/><T88/><D39/><U119/><E119/><V31/><F31/><W71/><G71/><T77/><D77/><U112/><E72/><V61/><F5/><W92/><G106/><T129/><D129/><U27/><E112/><V68/><REACH who="2" step="1"/><F61/><REACH who="2" ten="230,117,320,323" step="2"/><W66/><G125/><T126/><D126/><U73/><E73/><AGARI ba="0,1" hai="8,9,10,53,55,59,62,63,64,65,68,73,76,81" machi="73" ten="40,2600,0" yaku="1,1,2,1,53,0" doraHai="85" doraHaiUra="121" who="2" fromWho="1" sc="230,0,117,-26,320,36,323,0" /><INIT seed="4,0,0,5,0,105" ten="230,91,356,323" oya="0" hai0="135,46,77,128,41,28,61,134,24,130,55,70,102" hai1="23,75,69,45,100,122,132,2,15,34,119,9,27" hai2="57,58,63,131,103,71,50,116,59,31,22,113,43" hai3="123,111,60,82,21,19,107,26,7,79,104,106,3"/><T112/><D112/><U98/><E122/><V49/><F22/><W52/><G111/><T125/><D102/><U10/><E119/><V62/><F31/><W78/><G123/><T94/><D94/><U44/><E69/><V74/><F74/><W85/><G3/><T76/><D55/><U35/><E132/><N who="0" m="50729" /><D61/><U38/><E2/><V4/><F4/><W32/><G7/><T48/><D70/><U53/><E38/><V54/><F103/><W118/><G118/><T90/><D90/><U83/><E35/><V92/><F92/><W114/><G114/><T40/><D40/><U39/><E34/><V18/><F18/><W12/><G79/><T6/><D6/><U126/><E126/><V127/><F127/><W81/><G81/><T36/><D36/><U93/><E39/><V109/><F113/><W8/><G32/><T97/><D97/><U14/><E53/><N who="2" m="31927" /><F116/><W30/><REACH who="3" step="1"/><G106/><REACH who="3" ten="230,91,356,313" step="2"/><T117/><D117/><U51/><E83/><V64/><F109/><W88/><G88/><T91/><D91/><U5/><E5/><V37/><F37/><W20/><G20/><N who="0" m="15367" /><D125/><U133/><E23/><V87/><F62/><W73/><G73/><T13/><D13/><U66/><E15/><V99/><F63/><W108/><G108/><T68/><D68/><U84/><E14/><V0/><F71/><W17/><G17/><T89/><D89/><U115/><E133/><V33/><F0/><W56/><AGARI ba="0,1" hai="8,12,19,21,26,30,52,56,60,78,82,85,104,107" machi="56" ten="30,7900,0" yaku="1,1,0,1,54,1,53,1" doraHai="105" doraHaiUra="25" who="3" fromWho="3" sc="230,-39,91,-20,356,-20,313,89" /><INIT seed="5,0,0,2,5,37" ten="191,71,336,402" oya="1" hai0="14,119,13,50,114,58,63,29,12,86,110,127,91" hai1="38,17,41,5,121,59,90,132,84,93,33,109,28" hai2="26,67,0,102,120,89,134,57,25,60,99,101,88" hai3="64,82,47,118,95,129,108,16,115,4,36,96,104"/><U105/><E121/><V39/><F0/><W43/><G104/><T133/><D110/><U98/><E109/><V11/><F39/><W46/><G108/><T77/><D114/><U35/><E132/><V8/><F120/><W81/><G115/><T19/><D119/><U106/><E5/><V56/><F134/><W131/><G4/><T122/><D127/><U1/><E1/><V71/><F71/><W85/><G64/><T3/><D3/><U73/><E73/><V55/><F99/><W78/><G118/><T87/><D122/><U124/><E124/><V94/><F94/><W113/><G113/><T20/><D29/><U48/><E38/><V49/><F89/><W40/><G82/><N who="0" m="47439" /><D50/><U15/><E28/><V135/><F88/><W23/><G47/><T18/><D18/><U69/><E69/><V74/><F74/><W123/><G123/><T22/><D22/><U6/><E6/><V100/><F135/><W75/><G75/><T32/><D32/><U70/><E70/><V68/><F68/><W42/><G36/><T112/><D133/><U76/><E106/><V107/><F107/><W9/><G46/><T54/><D112/><U27/><E27/><AGARI ba="0,0" hai="8,11,25,26,27,49,55,56,57,60,67,100,101,102" machi="27" ten="40,1300,0" yaku="8,1" doraHai="37" who="2" fromWho="1" sc="191,0,71,-13,336,13,402,0" /><INIT seed="6,0,0,3,3,116" ten="191,58,349,402" oya="2" hai0="95,114,33,121,31,55,7,93,112,72,104,132,59" hai1="126,24,10,79,135,15,43,34,57,98,71,101,38" hai2="102,42,23,26,111,65,91,3,54,25,46,117,1" hai3="16,75,70,37,77,32,27,62,39,115,30,122,78"/><V17/><F117/><W21/><G122/><T36/><D121/><U5/><E135/><V48/><F111/><W41/><G115/><T64/><D104/><U14/><E126/><V44/><F65/><W20/><G32/><T109/><D109/><U50/><E71/><V6/><F6/><W131/><G131/><T60/><D72/><U88/><E38/><V49/><F102/><W90/><G39/><T125/><D125/><U99/><E34/><V82/><F91/><W124/><G75/><T45/><D132/><U100/><E24/><V134/><F134/><W103/><G103/><T47/><D7/><U13/><E101/><V19/><F82/><W0/><G0/><T58/><D31/><U94/><E79/><V74/><F74/><W97/><G41/><T40/><D47/><U56/><E56/><V35/><REACH who="2" step="1"/><F19/><REACH who="2" ten="191,58,339,402" step="2"/><W12/><G124/><T51/><D64/><U106/><E106/><V11/><F11/><W107/><G107/><T110/><D110/><U67/><E67/><V87/><F87/><W80/><G80/><T83/><D83/><U128/><E128/><V66/><F66/><W127/><G127/><T63/><D95/><U84/><E99/><V130/><F130/><W129/><G129/><T119/><D93/><U61/><E100/><V92/><F92/><W85/><G97/><T73/><D73/><U69/><E98/><V96/><F96/><W2/><G85/><T81/><D81/><U123/><E69/><V76/><F76/><W52/><G70/><T68/><D68/><U86/><E94/><V133/><F133/><W105/><G105/><RYUUKYOKU ba="0,1" sc="191,-10,58,-10,339,30,402,-10" hai2="1,3,17,23,25,26,35,42,44,46,48,49,54" /><INIT seed="6,1,1,3,3,104" ten="181,48,369,392" oya="2" hai0="50,82,65,88,52,119,91,25,135,21,34,69,99" hai1="43,110,60,90,59,51,44,1,45,109,128,83,74" hai2="20,6,66,86,26,23,30,79,76,103,32,94,29" hai3="124,49,81,92,132,7,71,18,47,19,113,3,31"/><V89/><F6/><W78/><G71/><T38/><D135/><U107/><E107/><V95/><F66/><W16/><G132/><T98/><D34/><U77/><E128/><V118/><F118/><W73/><G124/><T114/><D38/><U27/><E1/><V108/><F108/><W41/><G31/><T55/><D114/><U12/><E45/><V37/><F37/><N who="3" m="21935" /><G92/><T126/><D126/><U120/><E120/><V36/><F36/><W61/><G61/><T28/><D119/><U13/><E13/><V84/><F32/><W53/><G113/><T115/><D115/><U127/><E127/><V133/><F133/><W57/><G19/><T40/><D69/><U9/><E27/><V105/><F105/><W97/><G97/><N who="0" m="36875" /><D65/><U72/><E90/><N who="0" m="34345" /><D82/><U106/><E106/><V70/><F70/><W22/><G22/><T5/><D5/><U15/><E15/><V85/><F89/><W2/><G2/><T87/><D87/><U56/><E56/><V62/><F86/><W35/><G35/><T121/><D121/><U68/><E68/><V112/><F112/><W42/><G42/><T54/><D40/><U93/><E93/><V8/><F95/><W58/><G58/><AGARI ba="1,1" hai="21,25,28,50,52,54,55,58" m="34345,36875" machi="58" ten="30,3900,0" yaku="8,1,54,2" doraHai="104" who="0" fromWho="3" sc="181,52,48,0,369,0,392,-42" /><INIT seed="7,0,0,1,3,98" ten="233,48,369,350" oya="3" hai0="114,62,35,89,100,58,109,33,74,93,13,26,30" hai1="130,60,32,125,17,80,46,37,68,27,97,49,135" hai2="14,101,119,2,104,96,102,18,106,126,83,117,70" hai3="24,45,95,29,7,94,1,12,15,71,6,8,21"/><W57/><G71/><T73/><D109/><U92/><E135/><V16/><F2/><W38/><G1/><T115/><D35/><U66/><E130/><V34/><F70/><W128/><G128/><T75/><D13/><U124/><E37/><V44/><F34/><W54/><G38/><T121/><D121/><U42/><E80/><V79/><F44/><W122/><G45/><T64/><D89/><U116/><E116/><V59/><F59/><W77/><G77/><T134/><D134/><U50/><E50/><V39/><F39/><W123/><G123/><T53/><D53/><U25/><E124/><V110/><F126/><W52/><G122/><T111/><D111/><U108/><E108/><V76/><F110/><W61/><G54/><T78/><D78/><U55/><E125/><V84/><F79/><W107/><G107/><T63/><D63/><U51/><E17/><V133/><F133/><W86/><G86/><T3/><D3/><U69/><E69/><V131/><F131/><W67/><G67/><T41/><D41/><U81/><E81/><V9/><F18/><N who="3" m="8455" /><G15/><T118/><D118/><U40/><E32/><V82/><F82/><W5/><AGARI ba="0,0" hai="5,6,7,21,24,29,52,57,61,94,95" m="8455" machi="5" ten="30,3000,0" yaku="8,1,54,1" doraHai="98" who="3" fromWho="3" sc="233,-10,48,-10,369,-10,350,30" owari="223,-18.0,38,-46.0,359,16.0,380,48.0" /></mjloggm>