<mjloggm ver="2.3"><GO type="169" lobby="0"/><UN n0="%E5%AE%9F%E5%AD%98" n1="%E3%82%B5%E3%83%96%E3%82%A2%E3%83%A9%E3%83%89" n2="%E3%83%87%E3%83%B3%E3%82%A8%E3%83%B3" n3="%E3%82%AD%E3%83%B3%E3%82%B0%E3%81%82%E3%81%A4%E3%81%97" dan="17,16,17,17" rate="2153.09,2060.56,2183.18,2208.89" sx="M,M,M,M"/><TAIKYOKU oya="0"/><INIT seed="0,0,0,1,0,69" ten="250,250,250,250" oya="0" hai0="45,85,55,2,86,82,28,18,22,36,131,26,40" hai1="95,109,100,97,41,79,38,23,74,46,118,110,128" hai2="124,101,132,25,108,92,123,11,31,27,126,66,93" hai3="91,5,58,52,117,56,50,34,121,73,9,19,87"/><T37/><D131/><U4/><E118/><V103/><F108/><N who="1" m="41577" /><E128/><V89/><F123/><W42/><G117/><T44/><D2/><U61/><E4/><V77/><F77/><W30/><G73/><T102/><D102/><U133/><E133/><V49/><F132/><W17/><G42/><T43/><D55/><U35/><E35/><V7/><F66/><W62/><G121/><T129/><D129/><U65/><E23/><V8/><F49/><W83/><G30/><T39/><D39/><U114/><E114/><V80/><F80/><W10/><G34/><T107/><D107/><U32/><E32/><V78/><F78/><W130/><G130/><T47/><D47/><U1/><E1/><V63/><F63/><W68/><G68/><T20/><D82/><N who="1" m="45431" /><E61/><V106/><F7/><W81/><G81/><T13/><AGARI ba="0,0" hai="13,18,20,22,26,28,36,37,40,43,44,45,85,86" machi="13" ten="20,12000,1" yaku="0,1,7,1,9,1,52,2" doraHai="69" who="0" fromWho="0" sc="250,120,250,-40,250,-40,250,-40" /><INIT seed="0,1,0,4,5,101" ten="370,210,210,210" oya="0" hai0="50,21,28,86,127,22,92,90,69,2,49,83,126" hai1="93,130,1,14,57,52,51,54,128,74,24,66,46" hai2="123,68,7,65,37,41,26,62,0,106,58,75,40" hai3="32,89,12,124,61,9,71,60,112,59,120,78,36"/><T100/><D69/><U38/><E1/><V79/><F41/><W10/><G112/><T3/><D100/><U34/><E74/><V118/><F58/><W81/><G36/><T44/><D92/><U96/><E14/><V113/><F26/><W43/><G32/><T97/><D97/><U30/><E66/><V98/><F118/><W87/><G124/><N who="0" m="47659" /><D50/><U25/><E25/><V103/><F123/><W88/><G120/><T107/><D107/><U6/><E6/><V73/><F79/><W15/><G43/><N who="0" m="24735" /><D28/><U95/><E38/><V76/><F76/><W17/><G71/><T117/><D117/><U115/><E115/><V99/><F99/><W80/><G80/><T4/><D3/><U125/><E125/><V31/><F31/><W55/><REACH who="3" step="1"/><G61/><REACH who="3" ten="370,210,210,200" step="2"/><T135/><D135/><U129/><REACH who="1" step="1"/><E96/><REACH who="1" ten="370,200,210,200" step="2"/><V47/><F113/><W23/><G23/><T39/><D39/><U134/><E134/><V122/><F122/><W85/><G85/><T133/><D133/><U116/><E116/><V119/><F119/><W114/><G114/><T53/><D21/><U84/><E84/><V104/><F104/><W109/><G109/><T42/><D22/><U94/><E94/><V64/><F64/><W132/><G132/><T16/><D86/><U108/><E108/><V33/><F33/><W121/><G121/><T131/><D83/><U45/><E45/><V48/><F48/><AGARI ba="1,2" hai="24,30,34,46,48,51,52,54,57,93,95,128,129,130" machi="48" ten="40,5200,0" yaku="1,1,19,1,54,1,53,0" doraHai="101" doraHaiUra="13" who="1" fromWho="2" sc="370,0,200,75,210,-55,200,0" /><INIT seed="1,0,0,2,2,119" ten="370,275,155,200" oya="1" hai0="71,93,60,129,108,112,51,80,3,52,29,118,107" hai1="63,117,110,113,37,41,45,95,92,26,43,85,53" hai2="69,66,1,30,131,97,111,103,89,9,76,22,72" hai3="27,32,47,42,81,105,48,12,14,23,125,61,11"/><U133/><E117/><V130/><F111/><W101/><G125/><T114/><D107/><U0/><E0/><V2/><F89/><W15/><G32/><T5/><D118/><U73/><E73/><V123/><F123/><W65/><G81/><T17/><D108/><U86/><E113/><V115/><F115/><W39/><G105/><T18/><D129/><N who="2" m="49162" /><F66/><W120/><G101/><T21/><D29/><U91/><E110/><V35/><F69/><W77/><G77/><T74/><D18/><U56/><E43/><V132/><F132/><W38/><G11/><T83/><D83/><U78/><E133/><V62/><F62/><W4/><G4/><T64/><D93/><U19/><E78/><V128/><F22/><W25/><G25/><T50/><D50/><U104/><E104/><N who="2" m="63599" /><F9/><W79/><G79/><T28/><D28/><U40/><E40/><V16/><F16/><W31/><REACH who="3" step="1"/><G120/><REACH who="3" ten="370,275,155,190" step="2"/><T75/><D5/><U59/><E95/><V121/><F121/><W13/><N who="3" m="3072" /><DORA hai="84" /><W116/><G116/><T87/><D3/><U135/><E135/><V134/><F134/><W124/><G124/><T106/><D106/><U96/><E26/><N who="2" m="18903" /><F128/><W34/><G34/><T57/><D112/><U67/><E19/><V68/><F76/><W10/><G10/><T33/><D33/><U44/><REACH who="1" step="1"/><E44/><REACH who="1" ten="370,265,155,190" step="2"/><V6/><F2/><W88/><G88/><N who="0" m="51303" /><D114/><U82/><E82/><V126/><F1/><W102/><G102/><T58/><D74/><U8/><E8/><V7/><F72/><W109/><G109/><T99/><D75/><U94/><E94/><V100/><F126/><RYUUKYOKU ba="0,2" sc="370,-15,265,15,155,-15,190,15" hai1="37,41,45,53,56,59,63,67,85,86,91,92,96" hai3="23,27,31,38,39,42,47,48,61,65" /><INIT seed="1,1,2,5,0,135" ten="355,280,140,205" oya="1" hai0="115,103,78,117,77,37,128,66,33,1,109,130,43" hai1="101,61,50,10,22,51,100,41,114,13,89,29,87" hai2="64,52,134,4,42,6,92,44,68,97,38,71,0" hai3="86,28,93,25,106,5,74,62,20,24,133,27,125"/><U126/><E114/><V113/><F134/><W2/><G133/><T45/><D115/><U8/><E126/><V129/><F113/><W72/><G106/><T91/><D117/><U112/><E112/><V11/><F129/><W63/><G2/><T131/><D109/><U3/><E3/><V19/><F6/><W90/><G5/><T69/><D1/><U23/><E61/><N who="3" m="23050" /><G74/><T46/><D66/><U39/><E39/><V35/><F35/><W17/><G72/><T108/><D69/><U15/><E41/><V49/><F19/><W121/><G121/><T98/><D108/><U32/><E32/><V31/><F31/><W18/><G125/><T36/><D33/><U122/><E122/><V58/><REACH who="2" step="1"/><F64/><REACH who="2" ten="355,280,130,205" step="2"/><W119/><G119/><T132/><D132/><U84/><E29/><V56/><F56/><W99/><G18/><T105/><D128/><U118/><E118/><V79/><F79/><W57/><G28/><T111/><D111/><U70/><E70/><V83/><F83/><N who="3" m="49503" /><G57/><T21/><D78/><U65/><E65/><V55/><F55/><W7/><G7/><T96/><D77/><U67/><E67/><V73/><F73/><W110/><G110/><T76/><D76/><U95/><E89/><AGARI ba="1,3" hai="0,4,11,38,42,44,49,52,58,68,71,89,92,97" machi="89" ten="30,3900,0" yaku="1,1,7,1,54,1,53,0" doraHai="135" doraHaiUra="9" who="2" fromWho="1" sc="355,0,280,-42,130,72,205,0" /><AGARI ba="1,0" hai="17,20,24,25,27,89,93,99" m="49503,23050" machi="89" ten="30,1000,0" yaku="8,1" doraHai="135" who="3" fromWho="1" sc="355,0,238,-10,202,0,205,10" /><INIT seed="2,0,0,4,0,43" ten="355,228,202,215" oya="2" hai0="27,18,11,113,39,82,65,110,37,116,108,125,112" hai1="34,20,29,99,9,107,63,124,0,64,131,51,67" hai2="3,54,117,98,16,19,114,56,53,55,12,35,74" hai3="73,134,109,50,2,105,103,1,75,84,121,28,45"/><V97/><F3/><W122/><G28/><T89/><D125/><U52/><E124/><V25/><F74/><W66/><G66/><T44/><D116/><U46/><E131/><V115/><F117/><W69/><G69/><T96/><D65/><U79/><E34/><V24/><F35/><W77/><G105/><T59/><D59/><U49/><E79/><V83/><F83/><W62/><G103/><T42/><D39/><U76/><E76/><V72/><F72/><W80/><G62/><T41/><D41/><U30/><E51/><V91/><F12/><W87/><G75/><T13/><D27/><N who="2" m="10314" /><F56/><W123/><G2/><T90/><D82/><U4/><E20/><V111/><F91/><W71/><G1/><T60/><D90/><U48/><E107/><V33/><F33/><W129/><G71/><T126/><D126/><U32/><E32/><V23/><F23/><W70/><G70/><T58/><D58/><U101/><E63/><V93/><F93/><W118/><G118/><T47/><D60/><U22/><E22/><V133/><F133/><W104/><G134/><T81/><D81/><U130/><E67/><V132/><F132/><W14/><G104/><T40/><D112/><N who="2" m="43050" /><F111/><W61/><G109/><T95/><D113/><U7/><E64/><V86/><F86/><W102/><G73/><T135/><D135/><U15/><E0/><V128/><F128/><W6/><G129/><T36/><AGARI ba="0,0" hai="11,13,18,36,37,40,42,44,47,89,95,96,108,110" machi="36" ten="30,7900,0" yaku="0,1,9,1,52,2" doraHai="43" who="0" fromWho="0" sc="355,79,228,-20,202,-39,215,-20" /><INIT seed="3,0,0,2,3,25" ten="434,208,163,195" oya="3" hai0="2,9,40,115,62,50,117,4,79,45,92,63,34" hai1="59,121,124,32,83,52,1,16,3,37,26,109,133" hai2="38,108,88,100,77,7,84,81,113,105,12,110,35" hai3="78,125,123,96,6,119,104,126,90,70,131,89,0"/><W135/><G70/><T106/><D106/><U42/><E121/><V15/><F35/><W93/><G0/><T23/><D34/><U10/><E109/><N who="2" m="42091" /><F38/><W99/><G6/><T122/><D117/><U54/><E124/><N who="3" m="47722" /><G123/><T72/><D122/><U48/><E133/><V21/><F113/><W65/><G65/><T97/><D115/><U44/><E54/><V24/><F7/><W74/><G119/><T86/><D72/><U17/><E17/><V128/><F128/><W56/><G56/><T18/><D86/><U33/><E33/><V61/><F61/><W116/><G116/><T53/><D53/><U103/><E32/><V41/><F41/><W75/><G131/><T101/><D79/><U49/><E37/><V107/><F77/><W58/><G58/><T11/><D11/><U87/><E1/><V85/><F85/><W69/><G69/><T120/><D120/><U43/><E43/><V60/><F60/><W118/><G118/><T22/><D22/><U94/><E3/><V31/><F100/><N who="3" m="62495" /><G135/><T64/><D64/><U80/><E10/><V129/><F129/><W51/><G51/><T71/><D71/><U30/><E103/><V8/><F15/><AGARI ba="0,0" hai="2,4,9,15,18,23,40,45,50,62,63,92,97,101" machi="15" ten="30,1000,0" yaku="7,1" doraHai="25" who="0" fromWho="2" sc="434,10,208,0,163,-10,195,0" /><INIT seed="4,0,0,0,0,30" ten="444,208,153,195" oya="0" hai0="61,37,65,113,57,79,5,89,60,104,6,47,0" hai1="101,116,15,103,40,135,17,69,97,124,123,14,38" hai2="107,82,63,13,49,71,130,26,94,93,120,118,28" hai3="1,58,72,46,41,128,27,73,129,95,127,98,52"/><T92/><D104/><U68/><E116/><V56/><F120/><W81/><G1/><T121/><D113/><U112/><E123/><V32/><F130/><N who="3" m="50283" /><G81/><T66/><D0/><U131/><E124/><V51/><F118/><W36/><G27/><T109/><D109/><U12/><E135/><V86/><F13/><W85/><G85/><T125/><D125/><U106/><E131/><V3/><F3/><W55/><G127/><T105/><D105/><U126/><E126/><V134/><F134/><W48/><G55/><T77/><D77/><U44/><E112/><V24/><F24/><W111/><G111/><T7/><D79/><U20/><REACH who="1" step="1"/><E103/><AGARI ba="0,0" hai="36,41,46,48,52,58,72,73,95,98,103" m="50283" machi="103" ten="30,2000,0" yaku="19,1,54,1" doraHai="30" who="3" fromWho="1" sc="444,0,208,-20,153,0,195,20" /><INIT seed="5,0,0,4,4,43" ten="444,188,153,215" oya="1" hai0="29,37,79,65,4,109,71,120,18,129,85,62,104" hai1="44,84,42,47,103,2,113,45,106,94,32,3,25" hai2="12,5,116,16,76,28,80,35,60,48,111,88,117" hai3="23,97,89,57,114,72,26,86,55,83,100,115,51"/><U33/><E113/><V39/><F111/><W49/><G72/><T110/><D104/><U6/><E42/><V87/><F39/><W133/><G133/><T53/><D37/><U123/><E123/><V108/><F108/><W67/><G67/><T19/><D120/><U13/><E106/><V34/><F5/><W58/><G51/><T93/><D4/><U96/><E84/><V95/><F60/><W36/><G36/><T17/><D29/><U52/><E25/><V112/><F112/><N who="3" m="43051" /><G49/><T0/><D0/><U90/><E103/><V40/><F40/><W9/><G9/><T1/><D1/><U20/><E52/><V63/><F63/><W92/><G55/><T99/><D53/><U127/><E127/><V66/><F48/><W27/><G27/><T10/><D62/><U11/><REACH who="1" step="1"/><E20/><REACH who="1" ten="444,178,153,215" step="2"/><V8/><F66/><W125/><G125/><T78/><D85/><U126/><E126/><V59/><F59/><W105/><G105/><T24/><D65/><U73/><E73/><V82/><F82/><W61/><G61/><T75/><D75/><U21/><E21/><V101/><F101/><W69/><G69/><T7/><D71/><U130/><E130/><V30/><F35/><AGARI ba="0,1" hai="2,3,6,11,13,32,33,35,44,45,47,90,94,96" machi="35" ten="40,12000,1" yaku="1,1,52,3,53,0" doraHai="43" doraHaiUra="121" who="1" fromWho="2" sc="444,0,178,130,153,-120,215,0" /><INIT seed="5,1,0,5,0,27" ten="444,308,33,215" oya="1" hai0="26,72,133,90,73,91,49,62,111,132,82,64,67" hai1="76,52,129,94,117,17,19,77,10,80,65,36,29" hai2="32,97,109,69,59,53,14,28,114,134,54,86,110" hai3="115,63,5,13,2,15,34,23,7,46,130,98,43"/><U126/><E117/><V131/><F69/><W92/><G34/><T35/><D111/><U38/><E126/><V116/><F116/><W8/><G115/><T88/><D82/><U135/><E65/><V41/><F114/><W123/><G130/><T61/><D49/><U18/><E129/><V87/><F131/><W79/><G79/><T112/><D112/><U20/><E10/><V113/><F113/><W74/><G74/><T42/><D42/><U44/><E94/><V0/><F41/><W60/><G123/><T56/><D26/><U39/><E135/><N who="0" m="51785" /><D35/><U75/><E77/><V104/><F134/><W103/><G23/><T106/><D106/><U108/><E108/><V47/><F47/><W84/><G84/><T37/><D37/><U48/><REACH who="1" step="1"/><E29/><REACH who="1" ten="444,298,33,215" step="2"/><V6/><F28/><W21/><G8/><T16/><D16/><U125/><E125/><V12/><F110/><W119/><G92/><T40/><D40/><U4/><E4/><V122/><F6/><W105/><G43/><T50/><D67/><U1/><E1/><V101/><F0/><W11/><G11/><T33/><D64/><U127/><E127/><V89/><F109/><W78/><G7/><T83/><D83/><U24/><AGARI ba="1,1" hai="17,18,19,20,24,36,38,39,44,48,52,75,76,80" machi="24" ten="30,6000,0" yaku="1,1,0,1,54,1,53,0" doraHai="27" doraHaiUra="9" who="1" fromWho="1" sc="444,-21,298,73,33,-21,215,-21" /><INIT seed="5,2,0,1,2,117" ten="423,371,12,194" oya="1" hai0="30,12,79,73,100,95,36,70,115,62,116,92,120" hai1="102,65,8,16,49,133,53,82,83,3,18,72,109" hai2="108,81,24,19,64,58,23,98,47,126,37,105,44" hai3="39,106,14,45,43,51,135,111,118,10,20,40,132"/><U80/><E72/><V114/><F108/><W107/><G111/><T1/><D1/><U38/><E38/><V34/><F34/><W9/><G118/><T71/><D36/><U63/><E109/><V11/><F126/><W41/><G20/><T113/><D116/><U103/><E133/><N who="3" m="51274" /><G10/><T131/><D30/><U124/><E124/><V77/><F114/><W2/><G2/><T25/><D25/><U90/><E90/><V59/><F11/><W31/><G31/><T67/><D120/><U50/><E3/><V93/><F105/><N who="3" m="39947" /><G39/><T97/><D71/><U6/><E6/><AGARI ba="2,0" hai="6,9,14,40,41,43,45,51" m="39947,51274" machi="6" ten="30,1000,0" yaku="20,1" doraHai="117" who="3" fromWho="1" sc="423,0,371,-16,12,0,194,16" /><INIT seed="6,0,0,0,3,47" ten="423,355,12,210" oya="2" hai0="118,5,100,128,102,90,22,33,55,13,107,134,15" hai1="41,66,12,10,82,49,63,121,86,80,25,30,60" hai2="110,87,101,26,69,59,51,39,92,29,125,28,133" hai3="127,64,98,46,74,114,99,35,8,36,24,43,3"/><V27/><F39/><W120/><G120/><T132/><D33/><U130/><E130/><V16/><F69/><W76/><G64/><T84/><D128/><U72/><E72/><V129/><F129/><W93/><G127/><T23/><D118/><U17/><E80/><V83/><F125/><W14/><G114/><T95/><D5/><U109/><E109/><V126/><F126/><W135/><G135/><T123/><D123/><U21/><E66/><V45/><F133/><N who="0" m="51306" /><D23/><U61/><E121/><V79/><F59/><W88/><G98/><N who="0" m="61911" /><D100/><U50/><REACH who="1" step="1"/><E41/><REACH who="1" ten="423,345,12,210" step="2"/><N who="2" m="25007" /><F110/><W4/><G74/><T9/><D55/><U2/><E2/><V119/><F119/><W32/><G76/><AGARI ba="0,1" hai="10,12,17,21,25,30,49,50,60,61,63,76,82,86" machi="76" ten="40,8000,1" yaku="1,1,8,1,52,2,53,0" doraHai="47" doraHaiUra="91" who="1" fromWho="3" sc="423,0,345,90,12,0,210,-80" /><INIT seed="7,0,0,0,0,29" ten="423,435,12,130" oya="3" hai0="53,45,40,27,91,123,52,84,37,108,14,128,19" hai1="92,130,93,1,10,79,15,61,41,54,80,7,60" hai2="105,28,50,48,106,125,57,81,131,64,38,94,96" hai3="119,121,109,4,68,99,102,75,33,43,85,13,77"/><W122/><G33/><T47/><D108/><U117/><E130/><V58/><F131/><W36/><G68/><T49/><D128/><U129/><E129/><V35/><F38/><W87/><G13/><T120/><D27/><U25/><E117/><V101/><F125/><W2/><G87/><T51/><D37/><U134/><E134/><V76/><F50/><W39/><G85/><T67/><D67/><U82/><E41/><V6/><F6/><W114/><G114/><T127/><D127/><U65/><E25/><V0/><F0/><W17/><G17/><T11/><D40/><U26/><E26/><V110/><F110/><W97/><G97/><T24/><D24/><U69/><E1/><V3/><F3/><W132/><G132/><T124/><D124/><U22/><E22/><V8/><F8/><W103/><G103/><T126/><D126/><U89/><E79/><V113/><F113/><W71/><G102/><T46/><D46/><U34/><E34/><V111/><F111/><W86/><G77/><T74/><D74/><U20/><E20/><V9/><F9/><W23/><G4/><T5/><D5/><U31/><E31/><V12/><F12/><W56/><G2/><T112/><D112/><U42/><E42/><V115/><F115/><W21/><G21/><T107/><D107/><U55/><E93/><AGARI ba="0,0" hai="11,14,19,45,47,49,51,52,53,84,91,93,120,123" machi="93" ten="30,3900,0" yaku="7,1,9,1,54,1" doraHai="29" who="0" fromWho="1" sc="423,39,435,-39,12,0,130,0" owari="462,56.0,396,20.0,12,-49.0,130,-27.0" /></mjloggm>