<mjloggm ver="2.3"><GO type="169" lobby="0"/><UN n0="%E3%81%92%E3%81%A1%E3%81%87%E3%81%AA%30%34" n1="%E7%A5%9E%E9%A2%A8%E3%81%A6%E3%81%83%E3%81%A3%E3%81%97%E3%82%85" n2="%E6%84%9B%E5%86%85%E9%87%8C%E8%8F%9C" n3="%E9%81%8A%E8%B5%B0" dan="16,16,18,16" rate="2121.94,2129.27,2164.74,2175.74" sx="M,M,F,M"/><TAIKYOKU oya="0"/><INIT seed="0,0,0,1,5,77" ten="250,250,250,250" oya="0" hai0="37,50,114,62,73,11,4,120,36,80,9,6,5" hai1="85,128,14,130,23,126,67,16,58,33,84,119,51" hai2="79,22,55,34,48,123,111,35,117,26,41,8,107" hai3="102,78,38,122,2,40,56,10,57,90,94,96,103"/><T46/><D114/><U104/><E119/><V27/><F111/><W106/><G122/><T20/><D120/><U52/><E104/><V110/><F110/><W113/><G113/><T42/><D62/><U31/><E126/><V87/><F107/><W19/><G103/><T124/><D124/><U109/><E109/><V129/><F129/><N who="1" m="49769" /><E67/><V108/><F26/><AGARI ba="0,0" hai="14,16,23,26,31,33,51,52,58,84,85" m="49769" machi="26" ten="30,3900,0" yaku="19,1,54,2" doraHai="77" who="1" fromWho="2" sc="250,0,250,39,250,-39,250,0" /><INIT seed="1,0,0,2,4,15" ten="250,289,211,250" oya="1" hai0="10,99,69,72,31,46,45,41,2,34,58,1,48" hai1="3,101,74,49,113,119,62,33,38,76,9,117,92" hai2="50,118,86,135,5,80,67,102,90,53,47,12,103" hai3="25,51,122,61,52,109,6,19,81,112,16,57,131"/><U71/><E92/><V130/><F130/><W77/><G122/><T85/><D72/><U126/><E101/><V107/><F135/><W44/><G112/><T36/><D69/><U97/><E97/><V123/><F118/><W78/><G131/><T42/><D99/><U18/><E49/><V94/><F123/><W28/><G109/><T30/><D85/><U24/><E113/><V115/><F115/><W91/><G6/><T124/><D124/><U128/><E126/><V104/><F67/><W59/><G59/><T11/><D58/><U127/><E127/><V111/><F111/><W105/><G105/><T89/><D89/><U106/><E106/><V96/><F102/><W63/><G63/><T56/><D56/><U26/><E128/><V54/><F54/><W75/><G91/><T66/><D66/><U73/><E38/><V4/><F4/><W133/><G78/><T70/><D70/><U84/><E117/><V125/><F125/><W88/><G88/><T35/><REACH who="0" step="1"/><D48/><REACH who="0" ten="240,289,211,250" step="2"/><U114/><E119/><V87/><F87/><W39/><G39/><AGARI ba="0,1" hai="1,2,10,11,30,31,34,35,36,39,41,42,45,46" machi="39" ten="25,6400,0" yaku="1,1,2,1,22,2,53,0" doraHai="15" doraHaiUra="132" who="0" fromWho="3" sc="240,74,289,0,211,0,250,-64" /><INIT seed="2,0,0,3,5,111" ten="314,289,211,186" oya="2" hai0="49,19,75,93,4,104,30,24,100,105,116,27,8" hai1="110,53,60,71,7,64,67,126,89,103,124,132,58" hai2="25,46,56,57,70,94,36,31,40,66,33,23,80" hai3="1,99,133,108,42,115,77,13,102,74,79,41,55"/><V113/><F113/><W59/><G1/><T134/><D75/><U61/><E103/><V127/><F127/><N who="1" m="48681" /><E89/><V118/><F118/><W85/><G108/><T16/><D134/><U35/><E35/><V96/><F70/><W72/><G133/><T91/><D116/><U112/><E110/><V114/><F114/><W128/><G115/><T17/><D49/><N who="1" m="31023" /><E132/><V81/><F56/><W20/><G128/><T6/><D100/><U120/><E120/><V44/><F44/><W68/><G68/><T82/><D82/><U69/><E7/><V48/><F33/><W130/><G130/><T37/><D37/><U3/><E3/><V47/><F47/><W52/><G72/><T119/><D4/><U88/><E88/><N who="2" m="55367" /><F36/><W12/><G74/><T45/><D45/><U63/><E63/><AGARI ba="0,0" hai="23,25,31,40,46,48,57,63,66,80,81" m="55367" machi="63" ten="30,2900,0" yaku="8,1,54,1" doraHai="111" who="2" fromWho="1" sc="314,0,289,-29,211,29,186,0" /><INIT seed="2,1,0,0,1,94" ten="314,260,240,186" oya="2" hai0="99,29,71,10,100,113,74,116,41,18,96,70,105" hai1="46,89,72,25,8,57,6,55,110,120,17,134,112" hai2="91,13,76,50,16,101,69,11,132,32,58,117,126" hai3="38,127,79,78,53,40,122,5,4,31,22,62,118"/><V60/><F117/><W9/><G122/><T65/><D113/><U135/><E112/><V86/><F32/><W130/><G118/><T43/><D116/><U81/><E110/><V102/><F132/><W104/><G127/><T52/><D29/><U67/><E120/><V39/><F39/><W61/><G104/><T21/><D74/><U47/><E67/><V92/><F126/><W88/><G130/><T68/><D65/><U44/><E25/><V87/><F50/><W34/><G34/><T103/><D10/><U24/><E24/><V133/><F69/><W77/><G38/><T3/><D3/><U107/><E17/><V28/><F28/><W66/><G40/><T123/><D52/><U64/><E64/><N who="2" m="38935" /><F133/><W23/><G53/><T84/><D84/><N who="2" m="32298" /><F76/><W2/><G4/><T97/><D123/><U49/><E107/><V48/><F48/><W121/><G121/><T14/><REACH who="0" step="1"/><D105/><REACH who="0" ten="304,260,240,186" step="2"/><U20/><E72/><V83/><F83/><W63/><G66/><T124/><D124/><U109/><E81/><V45/><F45/><W19/><G31/><T125/><D125/><U54/><E135/><V26/><F26/><W36/><G63/><T0/><D0/><U131/><E134/><V73/><F73/><W59/><G62/><T93/><D93/><U37/><E47/><V119/><F119/><W80/><G61/><T33/><D33/><U90/><E46/><V114/><F114/><W85/><G59/><T15/><D15/><U30/><E44/><V108/><F108/><W1/><G1/><T128/><D128/><U106/><E109/><V51/><F51/><RYUUKYOKU ba="1,1" sc="304,15,260,-15,240,15,186,-15" hai0="14,18,21,41,43,68,70,71,96,97,99,100,103" hai2="11,13,16,91,92,101,102" /><INIT seed="2,2,1,4,5,7" ten="319,245,255,171" oya="2" hai0="112,66,12,114,57,42,106,97,96,3,41,62,125" hai1="0,83,133,53,107,55,126,18,127,68,1,51,105" hai2="129,61,94,48,102,50,23,31,22,34,117,108,88" hai3="64,92,70,21,123,28,119,60,46,122,27,63,74"/><V80/><F117/><W32/><G119/><T20/><D3/><N who="1" m="1099" /><E51/><V26/><F129/><W81/><G63/><T124/><D106/><N who="1" m="40459" /><E18/><V100/><F108/><W86/><G74/><T78/><D78/><U52/><E83/><V4/><F4/><W135/><G135/><T37/><D20/><U25/><E25/><V11/><F50/><W90/><G46/><N who="0" m="23855" /><D12/><U17/><E17/><V111/><F111/><W9/><G9/><T2/><D2/><U67/><E67/><V134/><F11/><W6/><G6/><T40/><D97/><U33/><E68/><V77/><F134/><W79/><REACH who="3" step="1"/><G21/><REACH who="3" ten="319,245,255,161" step="2"/><T128/><D128/><U15/><E133/><V116/><F116/><W58/><G58/><T59/><D59/><U8/><E8/><V54/><F61/><W130/><G130/><T85/><D57/><U10/><E10/><V73/><F23/><W75/><AGARI ba="2,2" hai="27,28,32,60,64,70,75,79,81,86,90,92,122,123" machi="75" ten="20,2700,0" yaku="1,1,0,1,7,1,53,0" doraHai="7" doraHaiUra="103" who="3" fromWho="3" sc="319,-9,245,-9,255,-15,161,53" /><INIT seed="3,0,0,2,5,42" ten="310,236,240,214" oya="3" hai0="124,97,130,81,35,49,104,56,43,108,26,50,30" hai1="105,52,51,55,31,103,22,44,111,114,62,68,59" hai2="73,83,18,106,41,67,98,71,25,122,0,29,88" hai3="10,2,126,14,116,7,132,37,117,17,27,6,85"/><W112/><G37/><T74/><D108/><U28/><E114/><V23/><F122/><W60/><G112/><T82/><D130/><U15/><E111/><V8/><F73/><W46/><G132/><T47/><D124/><U57/><E105/><V20/><F106/><W3/><G126/><T45/><D74/><U125/><E125/><V77/><F77/><W19/><G60/><T92/><D56/><U75/><E75/><V12/><F67/><W133/><G85/><T66/><D66/><U129/><E68/><V135/><F71/><W128/><G46/><T131/><D104/><U84/><E129/><V109/><F0/><N who="3" m="43" /><G128/><T95/><D131/><U4/><E103/><V16/><F135/><W123/><G133/><T21/><D35/><U134/><E134/><V86/><F109/><W79/><G79/><T13/><D13/><U64/><E84/><V48/><F98/><W107/><G107/><T38/><D38/><U36/><E36/><V118/><F118/><N who="3" m="45675" /><G123/><T61/><D61/><U90/><E90/><V58/><F58/><W54/><G54/><N who="0" m="29999" /><D95/><U113/><E113/><V119/><F119/><W24/><G6/><T39/><D39/><U80/><E4/><V110/><F110/><W40/><G40/><T120/><D120/><U121/><E121/><V53/><F41/><W78/><G78/><T96/><D96/><U5/><E5/><V34/><F53/><W91/><G91/><AGARI ba="0,0" hai="21,26,30,43,47,50,81,82,91,92,97" m="29999" machi="91" ten="30,3900,0" yaku="8,1,52,2" doraHai="42" who="0" fromWho="3" sc="310,39,236,0,240,0,214,-39" /><INIT seed="4,0,0,1,2,131" ten="349,236,240,175" oya="0" hai0="128,59,121,42,14,122,130,69,88,46,100,106,55" hai1="44,65,56,81,16,115,132,45,41,43,109,107,13" hai2="12,11,8,126,32,134,39,103,119,85,120,52,18" hai3="72,125,3,20,84,77,102,123,118,87,79,22,108"/><T105/><D69/><U94/><E107/><V19/><F39/><W95/><G3/><T116/><D116/><U58/><E109/><V117/><F32/><W24/><G118/><T135/><D14/><U96/><E132/><V97/><F120/><W89/><G108/><T30/><D30/><U64/><E115/><V70/><F70/><W114/><G123/><N who="0" m="47115" /><D100/><U133/><E133/><V33/><F33/><W50/><G114/><T91/><D135/><U21/><E81/><V48/><F126/><W74/><G125/><T113/><D113/><U93/><E93/><V9/><F85/><W40/><G102/><T92/><D59/><N who="1" m="22571" /><E45/><V61/><F134/><W80/><G22/><T47/><D55/><U1/><E1/><V75/><F61/><W73/><G50/><T66/><D66/><N who="1" m="25707" /><E44/><N who="0" m="16937" /><D42/><U10/><E21/><V71/><F71/><W0/><G40/><T86/><D91/><AGARI ba="0,0" hai="10,13,16,41,43,91,94,96" m="25707,22571" machi="91" ten="30,2000,0" yaku="8,1,54,1" doraHai="131" who="1" fromWho="0" sc="349,-20,236,20,240,0,175,0" /><INIT seed="5,0,0,5,4,31" ten="329,256,240,175" oya="1" hai0="53,117,36,90,126,20,71,28,62,98,133,75,30" hai1="8,80,51,57,127,5,33,102,4,59,61,41,64" hai2="115,131,74,91,3,47,101,72,85,104,49,63,128" hai3="83,113,23,135,82,17,111,37,120,12,9,38,46"/><U88/><E127/><V92/><F3/><W10/><G120/><T50/><D117/><U45/><E102/><V106/><F63/><W132/><G111/><T108/><D108/><U84/><E33/><V43/><F115/><W48/><G113/><T16/><D36/><U26/><E26/><V25/><F25/><W130/><G130/><N who="2" m="49705" /><F101/><W70/><G70/><T42/><D75/><AGARI ba="0,0" hai="43,47,49,72,74,75,85,91,92,104,106" m="49705" machi="75" ten="30,1000,0" yaku="19,1" doraHai="31" who="2" fromWho="0" sc="329,-10,256,0,240,10,175,0" /><INIT seed="6,0,0,4,2,115" ten="319,256,250,175" oya="2" hai0="11,128,43,91,0,65,5,66,25,57,79,123,23" hai1="135,39,64,27,35,74,73,75,108,44,92,55,131" hai2="17,8,110,133,121,7,69,59,76,100,22,37,41" hai3="1,61,56,31,9,62,86,132,111,124,24,49,102"/><V97/><F69/><W18/><G111/><T47/><D123/><U10/><E108/><V98/><F121/><W84/><G124/><T54/><D128/><U50/><E131/><V13/><F110/><W45/><G132/><T70/><D79/><U125/><E135/><V104/><F133/><W71/><G71/><T63/><D91/><U87/><E39/><V16/><F76/><W4/><G102/><T126/><D70/><U15/><E64/><V127/><F127/><W85/><G18/><T130/><D130/><U26/><E125/><V96/><F17/><W117/><G117/><T28/><D126/><U99/><E87/><V58/><F41/><W78/><G56/><T94/><D94/><U118/><E35/><V67/><F37/><AGARI ba="0,0" hai="0,5,11,23,25,28,37,43,47,54,57,63,65,66" machi="37" ten="30,1000,0" yaku="7,1" doraHai="115" who="0" fromWho="2" sc="319,10,256,0,250,-10,175,0" /><INIT seed="7,0,0,3,1,109" ten="329,256,240,175" oya="3" hai0="59,63,27,114,129,134,100,77,42,53,68,66,132" hai1="6,127,24,40,7,21,19,48,65,112,124,64,46" hai2="83,34,79,91,81,108,60,122,116,26,113,49,93" hai3="135,90,71,102,107,1,131,118,22,32,23,5,18"/><W120/><G71/><T12/><D114/><U30/><E112/><V69/><F113/><W41/><G118/><T3/><D3/><U36/><E36/><V67/><F108/><W52/><G120/><T47/><D100/><U35/><E7/><V74/><F122/><W86/><G32/><T88/><D77/><U95/><E6/><V20/><F83/><W119/><G119/><T56/><D27/><N who="1" m="14783" /><E95/><V37/><F49/><W98/><G135/><T50/><D12/><U8/><E8/><V87/><F37/><W103/><G131/><T126/><D88/><U16/><E16/><V94/><F94/><W125/><G125/><AGARI ba="0,0" hai="24,30,35,40,46,48,64,65,124,125,127" m="14783" machi="125" ten="30,1000,0" yaku="18,1" doraHai="109" who="1" fromWho="3" sc="329,0,256,10,240,0,175,-10" owari="329,42.0,266,7.0,240,-16.0,165,-33.0" /></mjloggm>