<mjloggm ver="2.3"><GO type="185" lobby="0"/><UN n0="%E8%99%B9%E9%87%8E%E3%82%86%E3%82%81" n1="%E3%81%BF%E3%83%BC%E3%82%8F" n2="%E3%81%82%E3%81%9F%E3%82%89%E3%81%AA%E3%81%84%E3%81%A7%EF%BC%81" n3="" dan="16,17,17,0" rate="2159.55,2231.81,2189.75,1500.00" sx="F,M,M,C"/><TAIKYOKU oya="0"/><INIT seed="0,0,0,5,2,111" ten="350,350,350,0" oya="0" hai0="127,3,123,49,132,0,106,133,72,95,43,102,70" hai1="69,109,65,52,71,85,50,92,112,110,103,37,78" hai2="113,89,82,129,99,77,48,61,130,98,100,56,87" hai3=""/><T86/><N who="0" m="31520" /><T107/><D72/><U119/><E119/><V64/><F113/><T59/><D70/><U44/><E112/><V75/><F48/><T54/><D43/><U34/><E34/><V121/><N who="2" m="31008" /><V58/><F58/><T115/><D115/><U116/><E116/><V120/><N who="2" m="30752" /><V40/><F40/><T108/><D127/><U66/><E37/><V79/><F99/><T97/><D108/><N who="1" m="41579" /><E78/><V60/><F60/><T128/><D128/><N who="2" m="49258" /><F75/><T117/><D117/><U41/><E85/><V62/><F61/><T80/><D0/><U104/><E41/><V2/><F2/><T46/><D3/><U42/><E42/><V81/><F81/><T35/><D35/><U74/><E74/><V76/><F76/><T131/><D131/><U114/><E114/><V68/><F68/><T84/><D59/><U122/><N who="1" m="31264" /><U105/><E71/><V91/><F79/><T94/><D80/><U73/><E73/><V36/><F36/><T126/><D49/><U124/><E69/><V1/><F1/><T125/><D97/><U33/><E33/><V38/><F38/><T57/><D57/><U51/><E51/><V39/><F39/><T55/><D46/><U63/><E44/><V90/><F77/><RYUUKYOKU ba="0,0" sc="350,10,350,-20,350,10,0,0" hai0="54,55,84,86,94,95,102,106,107,125,126,132,133" hai2="56,62,64,82,87,89,90,91,98,100" /><INIT seed="0,1,0,4,3,123" ten="360,330,360,0" oya="0" hai0="35,39,33,120,109,95,119,45,0,77,53,90,105" hai1="108,113,111,96,61,52,67,117,100,59,87,3,83" hai2="115,114,34,86,99,101,41,79,70,2,65,55,72" hai3=""/><T124/><N who="0" m="30752" /><T64/><D119/><U132/><E117/><V98/><F2/><T125/><D0/><U133/><E3/><V51/><F34/><T38/><D105/><U47/><E113/><V82/><F41/><T50/><D64/><U91/><E67/><V40/><F40/><T131/><D77/><U44/><E44/><V103/><F65/><T63/><D63/><U112/><E47/><V36/><F36/><N who="0" m="13866" /><D131/><U121/><N who="1" m="31008" /><U57/><E57/><V69/><F72/><T126/><D109/><N who="1" m="42059" /><E112/><V66/><F114/><T43/><D43/><U129/><E129/><V78/><F115/><T75/><D75/><U80/><E80/><V49/><F66/><T60/><D33/><U46/><E46/><V37/><F37/><T135/><D35/><U89/><E89/><V127/><F82/><T56/><D90/><U104/><AGARI ba="1,0" hai="52,59,61,83,87,91,96,100,104,132,133" m="42059,31008" machi="104" ten="30,9000,2" yaku="14,1,52,4,54,1" doraHai="123" who="1" fromWho="1" sc="360,-61,330,92,360,-31,0,0" /><INIT seed="1,0,0,2,0,113" ten="299,422,329,0" oya="1" hai0="60,125,122,36,41,91,68,37,124,126,93,42,43" hai1="116,66,118,32,89,38,56,52,84,107,67,2,65" hai2="112,72,120,106,135,47,70,78,98,63,3,49,45" hai3=""/><U50/><E2/><V1/><N who="2" m="30752" /><V130/><F112/><T131/><N who="0" m="31264" /><T34/><D34/><U87/><E32/><V71/><F130/><T102/><D102/><U62/><E107/><V128/><F128/><T133/><D133/><U51/><E38/><V108/><F135/><T77/><D77/><U96/><E96/><V73/><F108/><T134/><D134/><U35/><E35/><V121/><N who="2" m="31008" /><V44/><F49/><T99/><REACH who="0" step="1"/><D131/><REACH who="0" ten="289,422,329,0" step="2"/><U76/><E76/><V104/><F78/><T95/><D95/><U109/><E109/><V48/><F104/><T61/><D61/><U81/><REACH who="1" step="1"/><E84/><REACH who="1" ten="289,412,329,0" step="2"/><V75/><F1/><T57/><D57/><U39/><E39/><V86/><F86/><T117/><D117/><AGARI ba="0,2" hai="50,51,52,56,62,65,66,67,81,87,89,116,117,118" machi="117" ten="40,12000,1" yaku="1,1,52,3,54,1,53,0" doraHai="113" doraHaiUra="69" who="1" fromWho="0" sc="289,-120,412,140,329,0,0,0" /><INIT seed="1,1,0,5,5,129" ten="169,552,329,0" oya="1" hai0="125,58,118,117,3,2,86,57,40,135,121,85,123" hai1="48,74,32,51,36,61,54,52,104,42,119,105,128" hai2="99,124,47,63,59,120,53,115,82,33,133,44,81" hai3=""/><U77/><E119/><V62/><N who="2" m="30752" /><V90/><F33/><T93/><N who="0" m="31008" /><T39/><N who="0" m="31520" /><T97/><D125/><U106/><E32/><V95/><F124/><T134/><D40/><U0/><E0/><N who="0" m="41" /><D39/><U69/><E128/><V46/><F115/><T108/><D108/><U56/><E69/><V83/><REACH who="2" step="1"/><F133/><REACH who="2" ten="169,552,319,0" step="2"/><N who="0" m="50698" /><D118/><U98/><E36/><V103/><F103/><T102/><D117/><U75/><E42/><V76/><F76/><T126/><D126/><U43/><E77/><V37/><F37/><T80/><D85/><U68/><E43/><V49/><AGARI ba="1,1" hai="44,46,47,49,53,59,62,63,81,82,83,90,95,99" m="30752" machi="49" ten="30,5900,0" yaku="1,1,0,1,8,1,52,1,53,0" doraHai="129" doraHaiUra="70" who="2" fromWho="2" sc="169,-21,552,-40,319,71,0,0" /><INIT seed="2,0,0,2,2,44" ten="148,512,390,0" oya="2" hai0="50,115,106,122,102,73,117,93,69,120,119,46,75" hai1="98,74,108,83,125,135,40,89,95,54,64,113,62" hai2="118,70,37,51,65,126,80,110,85,87,82,60,49" hai3=""/><V1/><F1/><T86/><N who="0" m="30752" /><T84/><N who="0" m="31264" /><T35/><D69/><U33/><E113/><V134/><F118/><N who="0" m="45066" /><D46/><U45/><E33/><V68/><F37/><T3/><D50/><U53/><E108/><V91/><F110/><T109/><D35/><U57/><E135/><V132/><F126/><T2/><D109/><U101/><E125/><V104/><F104/><T133/><D3/><U111/><E111/><V66/><F91/><T59/><D59/><U100/><E100/><V88/><F88/><T43/><D43/><U128/><E128/><V36/><F36/><T107/><D2/><U48/><E74/><N who="0" m="28169" /><D133/><U90/><E101/><V112/><REACH who="2" step="1"/><F60/><REACH who="2" ten="148,512,380,0" step="2"/><T52/><D115/><AGARI ba="0,1" hai="49,51,65,66,68,70,80,82,85,87,112,115,132,134" machi="115" ten="25,24000,3" yaku="1,1,2,1,22,2,52,2,53,2" doraHai="44" doraHaiUra="67" who="2" fromWho="0" sc="148,-240,512,0,380,250,0,0" owari="-92,-69.0,512,11.0,630,58.0,0,0.0" /></mjloggm>