<mjloggm ver="2.3"><GO type="169" lobby="0"/><UN n0="%E5%BC%B7%E6%89%93%E6%84%9B%E5%A5%BD%E5%AE%B6" n1="%E8%87%B3%E5%A6%82%E4%BF%A1%E3%83%A2%E3%83%8E" n2="%E3%82%88%E3%81%86%E3%81%B8%E3%83%BC%58" n3="%E3%81%8F%E3%81%85%E3%81%A1%E3%82%83%E3%82%93%EF%BC%A0%50%45" dan="16,16,18,16" rate="2134.74,2059.53,2249.00,2179.12" sx="M,M,M,M"/><TAIKYOKU oya="0"/><INIT seed="0,0,0,2,1,110" ten="250,250,250,250" oya="0" hai0="94,87,38,26,125,73,123,58,25,130,66,53,50" hai1="28,117,79,103,80,10,90,37,34,63,3,22,65" hai2="96,24,85,106,109,119,55,92,122,23,16,124,128" hai3="11,20,102,2,67,89,77,114,120,129,107,135,104"/><T127/><D73/><U112/><E117/><V81/><F122/><W32/><G32/><T33/><D38/><U108/><E108/><V98/><F109/><W0/><G120/><T88/><D123/><U56/><E37/><V101/><F119/><W64/><G77/><T19/><D130/><U52/><E34/><V76/><F128/><W61/><G129/><T14/><D66/><U5/><E103/><V118/><F118/><W78/><G78/><T133/><D133/><U84/><E112/><V100/><F124/><N who="0" m="47690" /><D33/><U91/><REACH who="1" step="1"/><E65/><REACH who="1" ten="250,240,250,250" step="2"/><V71/><F71/><W51/><G114/><T132/><D132/><U97/><E97/><V62/><F106/><W43/><G102/><T31/><D31/><U113/><E113/><V46/><F98/><W105/><G135/><T60/><D60/><U57/><E57/><N who="2" m="35135" /><F46/><W75/><G61/><T29/><D29/><U40/><BYE who="0" /><E40/><V95/><F95/><W99/><G105/><T86/><D86/><U36/><E36/><V39/><F39/><W93/><G104/><T44/><D44/><U121/><E121/><V6/><F101/><W131/><G107/><T49/><D49/><U68/><E68/><V8/><F100/><W72/><G51/><T134/><D134/><U59/><E59/><V27/><F96/><UN n0="%E5%BC%B7%E6%89%93%E6%84%9B%E5%A5%BD%E5%AE%B6" /><W111/><G99/><T48/><D48/><U45/><E45/><V4/><F92/><W35/><G131/><T21/><AGARI ba="0,1" hai="14,19,21,25,26,50,53,58,87,88,94" m="47690" machi="21" ten="30,6000,0" yaku="25,1,18,1,54,1" doraHai="110" who="0" fromWho="0" sc="250,70,240,-20,250,-20,250,-20" /><INIT seed="0,1,0,3,1,34" ten="320,220,230,230" oya="0" hai0="64,7,51,107,6,106,101,122,119,29,10,46,5" hai1="21,78,75,8,123,41,15,104,87,22,118,58,16" hai2="128,130,129,103,84,125,82,113,95,25,102,14,120" hai3="121,4,70,60,48,66,124,89,76,88,117,77,112"/><T20/><D119/><U131/><E123/><V32/><F14/><W98/><G117/><T63/><D122/><U30/><E118/><V40/><F40/><W33/><G121/><T39/><D39/><U126/><E75/><V96/><F120/><W23/><G112/><T134/><D134/><U62/><E104/><V54/><F54/><W57/><G124/><T135/><D135/><U71/><E71/><V19/><F19/><W38/><G33/><T52/><D101/><N who="2" m="38410" /><F25/><W110/><G38/><T127/><D127/><U45/><E126/><V68/><F68/><W132/><G110/><T97/><D97/><U80/><E131/><V24/><F24/><W115/><G115/><T44/><D44/><U12/><E30/><V86/><F32/><W59/><G132/><T3/><D29/><U85/><E85/><N who="2" m="32875" /><F125/><W53/><G70/><T93/><D93/><U74/><E15/><V111/><F113/><W91/><G4/><T17/><D6/><U109/><E109/><V83/><F111/><W2/><G2/><T37/><D7/><U108/><E108/><V99/><F99/><W13/><G98/><T94/><D37/><U43/><E43/><V65/><F65/><W36/><G36/><T28/><D28/><U50/><REACH who="1" step="1"/><E74/><REACH who="1" ten="320,210,230,230" step="2"/><V55/><F55/><AGARI ba="1,1" hai="8,12,16,21,22,41,45,50,55,58,62,78,80,87" machi="55" ten="30,12000,2" yaku="1,1,2,1,7,1,8,1,54,1,53,1" doraHai="34" doraHaiUra="79" who="1" fromWho="2" sc="320,0,210,133,230,-123,230,0" /><INIT seed="1,0,0,3,3,124" ten="320,343,107,230" oya="1" hai0="10,27,13,31,92,109,51,65,89,37,106,12,76" hai1="32,34,69,19,44,53,3,4,100,74,128,96,85" hai2="18,1,134,28,131,112,15,108,20,26,35,56,91" hai3="23,78,73,22,54,2,61,81,121,58,127,6,116"/><U64/><E74/><V126/><F56/><W16/><G121/><T36/><D106/><U95/><E19/><N who="2" m="10367" /><F91/><W0/><G127/><T63/><D76/><U101/><E101/><V130/><F126/><W132/><G116/><T93/><D51/><U11/><E85/><V111/><F134/><W14/><G132/><T88/><D109/><N who="2" m="42058" /><F112/><W30/><REACH who="3" step="1"/><G6/><REACH who="3" ten="320,343,107,220" step="2"/><T135/><D135/><U46/><E4/><V113/><F113/><W38/><G38/><T57/><D37/><U71/><E71/><V5/><F18/><W80/><G80/><T98/><D36/><U77/><E69/><V40/><F40/><W9/><G9/><AGARI ba="0,1" hai="1,5,9,26,28,35,130,131" m="42058,10367" machi="9" ten="30,12000,2" yaku="24,1,14,1,34,2,52,2" doraHai="124" who="2" fromWho="3" sc="320,0,343,0,107,130,220,-120" /><INIT seed="2,0,0,4,2,122" ten="320,343,237,100" oya="2" hai0="57,98,104,68,25,59,52,9,126,67,121,120,81" hai1="26,85,91,63,40,74,100,48,18,113,4,79,70" hai2="78,35,47,110,28,56,32,49,38,125,99,6,97" hai3="39,45,30,53,128,115,119,127,71,90,131,58,37"/><V61/><F125/><W135/><G90/><T134/><D126/><U117/><E117/><V1/><F38/><N who="3" m="14347" /><G30/><T66/><D68/><U8/><E113/><V3/><F78/><W16/><G16/><T77/><D134/><U84/><E100/><V111/><F28/><W20/><G20/><T75/><D25/><U83/><E70/><V54/><F97/><W72/><G72/><T14/><D59/><U73/><E63/><V89/><F99/><W87/><G87/><T105/><D66/><U94/><E18/><V60/><F89/><W62/><G119/><T95/><D67/><U92/><E26/><V124/><F124/><W43/><G127/><T10/><D105/><U46/><REACH who="1" step="1"/><E92/><REACH who="1" ten="320,333,237,100" step="2"/><V118/><F118/><W103/><G103/><T13/><D95/><U112/><E112/><V129/><F6/><W19/><G115/><T86/><D104/><U96/><E96/><V108/><F61/><N who="3" m="36047" /><G19/><T2/><D98/><U7/><E7/><V17/><F17/><W33/><G135/><T5/><D121/><U109/><E109/><V123/><F123/><W107/><G107/><T76/><D120/><U64/><E64/><N who="2" m="38919" /><F129/><W22/><G128/><T51/><D10/><U101/><E101/><V133/><F133/><W29/><G131/><T88/><REACH who="0" step="1"/><D75/><REACH who="0" ten="310,333,237,100" step="2"/><U80/><E80/><V130/><F130/><W82/><G82/><T34/><D34/><AGARI ba="0,2" hai="1,3,32,34,35,47,49,54,108,110,111" m="38919" machi="34" ten="40,12000,1" yaku="14,1,10,1,52,3" doraHai="122" who="2" fromWho="0" sc="310,-120,333,0,237,140,100,0" /><INIT seed="2,1,0,3,1,23" ten="190,333,377,100" oya="2" hai0="26,10,46,124,87,9,76,66,45,111,47,62,107" hai1="40,4,126,32,113,93,110,74,54,5,91,120,67" hai2="50,75,31,89,52,131,129,56,1,27,13,85,135" hai3="57,48,0,41,118,37,99,20,2,125,123,115,106"/><V82/><F1/><W133/><G118/><T29/><D111/><U128/><E113/><V17/><F75/><W42/><G123/><T79/><D124/><U78/><E110/><V24/><F135/><W127/><G133/><T3/><D107/><U72/><E126/><N who="3" m="48138" /><G115/><T68/><D87/><U114/><E114/><V130/><F31/><W64/><G37/><T19/><D10/><AGARI ba="1,0" hai="10,13,17,24,27,50,52,56,82,85,89,129,130,131" machi="10" ten="40,12000,1" yaku="19,1,52,2,54,1" doraHai="23" who="2" fromWho="0" sc="190,-123,333,0,377,123,100,0" /><INIT seed="2,2,0,2,0,66" ten="67,333,500,100" oya="2" hai0="129,58,74,90,40,37,3,94,118,4,110,109,98" hai1="92,46,123,44,33,75,28,116,2,134,18,101,24" hai2="97,39,89,100,10,111,56,96,112,72,54,115,86" hai3="130,121,12,83,131,14,42,0,62,11,127,117,1"/><V25/><F72/><W102/><G117/><T133/><D118/><U87/><E116/><V27/><F39/><W106/><G121/><T114/><D114/><U55/><E75/><V30/><F10/><W5/><G127/><T103/><D74/><U23/><E123/><V67/><F67/><W57/><G42/><T52/><D133/><U77/><E134/><V26/><F30/><W36/><G36/><T71/><D129/><N who="3" m="49161" /><G83/><T88/><D71/><U126/><E126/><V125/><F125/><W9/><G102/><T69/><D69/><U84/><E2/><N who="3" m="1130" /><G106/><T105/><D3/><U93/><E93/><V59/><F100/><W80/><G80/><T78/><D78/><U43/><E101/><V21/><F115/><W122/><G122/><T81/><D4/><U6/><E6/><V124/><F112/><W95/><G95/><T113/><D113/><U65/><E92/><V47/><F124/><W119/><G119/><T70/><D70/><U91/><E77/><V60/><F97/><W29/><G29/><T135/><D135/><U20/><E28/><V82/><F96/><W53/><G5/><T99/><D40/><U38/><E43/><V64/><F21/><W48/><G62/><N who="0" m="36167" /><D37/><U15/><E38/><V35/><F35/><W108/><G108/><N who="0" m="41579" /><D81/><U63/><E63/><N who="2" m="36343" /><F111/><W79/><G79/><T128/><D128/><U41/><E41/><V73/><F73/><W7/><G7/><T68/><D68/><U32/><E32/><V132/><F132/><W34/><G34/><T61/><D61/><U8/><E33/><V120/><F120/><W85/><G85/><RYUUKYOKU ba="2,0" sc="67,10,333,-30,500,10,100,10" hai0="88,90,94,98,99,103,105" hai2="25,26,27,47,56,60,64,82,86,89" hai3="9,11,12,14,48,53,57" /><INIT seed="2,3,0,4,2,88" ten="77,303,510,110" oya="2" hai0="117,63,38,81,34,95,12,116,14,86,46,52,105" hai1="109,45,2,37,49,25,84,99,19,91,98,110,83" hai2="31,35,21,17,48,89,3,67,18,82,29,33,94" hai3="123,16,130,57,76,62,75,15,122,9,64,134,44"/><V121/><F3/><W128/><G134/><T65/><D105/><U43/><E2/><V87/><F121/><W40/><G75/><T104/><D104/><U66/><E66/><V126/><F67/><W54/><G76/><T72/><D34/><U32/><E37/><V55/><F126/><W100/><G100/><T56/><D72/><U28/><REACH who="1" step="1"/><E19/><REACH who="1" ten="77,293,510,110" step="2"/><V13/><F18/><W79/><G64/><T80/><D117/><U24/><E24/><V74/><F31/><W60/><G79/><T4/><D116/><U7/><E7/><V127/><F29/><W42/><G122/><T50/><D38/><U61/><E61/><V73/><F127/><W90/><G123/><T97/><D4/><U39/><E39/><V69/><F69/><W108/><G62/><T53/><D65/><U77/><E77/><V30/><F30/><W112/><G112/><T22/><D14/><U51/><E51/><V129/><F129/><N who="3" m="49771" /><G108/><AGARI ba="3,1" hai="25,28,32,43,45,49,83,84,91,98,99,108,109,110" machi="108" ten="40,2600,0" yaku="1,1,14,1,53,0" doraHai="88" doraHaiUra="132" who="1" fromWho="3" sc="77,0,293,45,510,0,110,-35" /><INIT seed="3,0,0,5,2,15" ten="77,338,510,75" oya="3" hai0="133,54,68,39,27,87,107,2,46,52,126,6,100" hai1="131,95,71,41,17,99,127,105,24,81,101,8,16" hai2="37,66,74,72,10,82,79,59,124,29,11,116,97" hai3="115,76,53,30,91,111,88,58,45,78,119,73,23"/><W67/><G115/><T75/><D75/><U63/><E131/><V42/><F29/><W51/><G119/><T109/><D68/><U106/><E127/><V89/><F74/><W103/><G103/><T84/><D126/><U112/><E112/><V117/><F124/><W96/><G73/><T135/><D109/><U26/><E41/><V9/><F42/><W0/><G0/><T80/><D2/><U108/><E108/><V114/><F37/><W43/><G67/><T98/><D6/><U134/><E134/><N who="0" m="51209" /><D84/><U33/><E81/><V122/><F122/><W4/><G4/><T34/><D46/><U132/><E132/><V120/><F120/><W69/><G69/><T57/><D39/><U12/><E26/><V5/><F5/><W128/><G128/><T61/><D27/><U20/><REACH who="1" step="1"/><E33/><REACH who="1" ten="77,328,510,75" step="2"/><V65/><F114/><W55/><G111/><T70/><D34/><U44/><E44/><V40/><F40/><W60/><G43/><T92/><D80/><U104/><E104/><V22/><F82/><W113/><G113/><T25/><D25/><U35/><E35/><V48/><F117/><W86/><G30/><T118/><D118/><U129/><E129/><V90/><F116/><W93/><REACH who="3" step="1"/><G23/><REACH who="3" ten="77,328,510,65" step="2"/><T21/><D21/><U125/><E125/><V50/><F22/><W38/><G38/><T56/><D107/><U18/><E18/><V1/><F1/><W19/><G19/><T121/><D121/><U77/><E77/><V7/><F79/><W14/><G14/><T13/><D13/><U28/><E28/><V64/><F7/><W130/><G130/><RYUUKYOKU ba="0,2" sc="77,-15,328,15,510,-15,65,15" hai1="8,12,16,17,20,24,63,71,95,99,101,105,106" hai3="45,51,53,55,58,60,76,78,86,88,91,93,96" /><INIT seed="3,1,2,5,4,7" ten="62,343,495,80" oya="3" hai0="99,65,86,70,103,15,129,100,112,133,85,32,51" hai1="77,101,8,42,40,66,63,127,20,97,64,75,106" hai2="22,16,29,132,10,126,19,60,39,58,108,135,115" hai3="124,74,44,59,125,68,78,3,56,27,116,6,98"/><W105/><G116/><T76/><D32/><U53/><E127/><N who="3" m="48714" /><G68/><T28/><D112/><U17/><E53/><V1/><F115/><W48/><G74/><T109/><D103/><U50/><E50/><V93/><F126/><W128/><G78/><T31/><D76/><U87/><E75/><V80/><F39/><W72/><G72/><T95/><D31/><U21/><E66/><V30/><F80/><W119/><G119/><T94/><D28/><N who="2" m="10858" /><F93/><W14/><G128/><T38/><D38/><U37/><E37/><V4/><F22/><W107/><G3/><T55/><D70/><U110/><E110/><V9/><F108/><W122/><G27/><T96/><D129/><U82/><E21/><V25/><F25/><W130/><G122/><T91/><D65/><U5/><E17/><N who="2" m="6731" /><F4/><W88/><G130/><T89/><D109/><U43/><E20/><V81/><F81/><W47/><G107/><T11/><D100/><U83/><E83/><V33/><F1/><W113/><G113/><T118/><D118/><U45/><E45/><V134/><F33/><W36/><G36/><T121/><D121/><U71/><REACH who="1" step="1"/><E43/><REACH who="1" ten="62,333,495,80" step="2"/><V46/><F46/><W104/><G47/><T61/><D51/><U92/><E92/><V120/><F120/><W131/><G131/><T35/><D94/><U102/><E102/><V73/><F73/><W84/><G98/><T12/><D96/><U114/><E114/><V13/><F13/><AGARI ba="1,3" hai="5,8,13,40,42,63,64,71,77,82,87,97,101,106" machi="13" ten="30,3900,0" yaku="1,1,7,1,52,1,53,0" doraHai="7" doraHaiUra="117" who="1" fromWho="2" sc="62,0,333,72,495,-42,80,0" /><INIT seed="4,0,0,3,5,111" ten="62,405,453,80" oya="0" hai0="48,85,36,27,93,84,125,25,10,41,72,65,105" hai1="19,38,118,33,1,92,9,61,75,40,82,58,29" hai2="86,77,73,124,95,88,99,51,24,120,26,66,22" hai3="115,6,52,130,68,8,60,45,126,3,81,31,113"/><T23/><D105/><U5/><E118/><V94/><F124/><W133/><G126/><T121/><D121/><U20/><E92/><V78/><F120/><W79/><G130/><T76/><D125/><U63/><E58/><V39/><F39/><W21/><G133/><T32/><D36/><U71/><E71/><V55/><F66/><W132/><G132/><T50/><D72/><U35/><E29/><V15/><F73/><W107/><G107/><T103/><D65/><U89/><E89/><V11/><F22/><W135/><G135/><T109/><D32/><U127/><E127/><V18/><F78/><W112/><G68/><T104/><D104/><U101/><E101/><V30/><F30/><W2/><G2/><T54/><D10/><U87/><E87/><N who="0" m="33353" /><D76/><N who="1" m="44319" /><E35/><V34/><F34/><W43/><G31/><N who="0" m="17855" /><D27/><N who="1" m="14751" /><E33/><V13/><F13/><W128/><G21/><T59/><D109/><U80/><E80/><V67/><F67/><W116/><G116/><T37/><D93/><U129/><E129/><V0/><F0/><W4/><G128/><T57/><D57/><U106/><E106/><V70/><F70/><W96/><G96/><T47/><D37/><U62/><E38/><V7/><F77/><W53/><G4/><T119/><D119/><U90/><E1/><V49/><F7/><W16/><G16/><T97/><D97/><U100/><E5/><V42/><F99/><W83/><G79/><T114/><D103/><U64/><E100/><V134/><F134/><W17/><G17/><T122/><D122/><U117/><E117/><V56/><F95/><W44/><G83/><RYUUKYOKU ba="0,0" sc="62,15,405,-15,453,15,80,-15" hai0="41,47,48,50,54,59,114" hai2="11,15,18,24,26,42,49,51,55,56,86,88,94" /><INIT seed="4,1,0,3,4,135" ten="77,390,468,65" oya="0" hai0="44,131,117,95,107,73,129,124,99,21,100,83,0" hai1="45,57,63,43,114,51,89,22,2,76,96,71,81" hai2="12,66,35,9,108,90,59,119,115,39,118,126,41" hai3="121,67,50,52,103,77,69,56,62,20,38,29,4"/><T84/><D0/><U53/><E2/><V54/><F35/><W33/><G121/><T85/><D44/><U49/><E114/><V17/><F66/><W97/><G4/><T11/><D11/><U24/><E71/><V75/><F75/><W125/><G77/><N who="0" m="44463" /><D21/><U3/><E3/><V79/><F79/><W101/><G20/><T65/><D65/><U80/><E76/><V15/><F90/><W28/><G38/><T26/><D26/><U128/><E128/><N who="0" m="49225" /><D117/><U109/><E109/><V111/><F41/><W132/><G132/><T27/><D27/><U7/><E7/><V42/><F115/><W1/><G1/><T47/><D47/><U6/><E51/><V94/><F42/><W64/><G64/><T70/><D70/><U25/><E25/><V91/><F39/><W37/><G37/><T48/><D48/><U92/><REACH who="1" step="1"/><E6/><REACH who="1" ten="77,380,468,65" step="2"/><N who="2" m="3127" /><F111/><W110/><G110/><T102/><D124/><U127/><E127/><V31/><F126/><W133/><G125/><T30/><D30/><AGARI ba="1,1" hai="22,24,30,43,45,49,53,57,63,80,81,89,92,96" machi="30" ten="30,3900,0" yaku="1,1,7,1,8,1,53,0" doraHai="135" doraHaiUra="82" who="1" fromWho="0" sc="77,-42,380,52,468,0,65,0" /><INIT seed="5,0,0,2,2,44" ten="35,432,468,65" oya="1" hai0="108,135,16,112,36,78,66,100,21,109,121,107,106" hai1="23,69,9,82,45,126,96,18,52,11,85,80,68" hai2="4,70,43,84,117,13,5,24,55,61,47,48,27" hai3="51,114,73,134,60,20,29,2,19,98,89,56,22"/><U122/><E122/><V74/><F74/><W35/><G73/><T88/><D36/><U77/><E126/><V63/><F117/><W110/><G110/><T30/><D121/><U111/><E111/><V3/><F3/><W25/><G2/><T28/><D78/><U31/><E31/><V41/><F70/><W99/><G114/><T105/><D112/><U67/><E96/><V102/><F102/><W75/><G75/><T10/><D100/><U72/><E67/><V104/><F104/><W39/><G39/><T97/><D135/><U119/><E119/><V130/><F130/><W57/><G134/><T15/><D66/><U93/><E93/><V113/><F113/><W124/><G124/><T46/><D46/><U95/><E95/><V38/><F84/><W37/><G37/><T86/><D97/><N who="3" m="36873" /><G35/><T133/><D133/><U17/><E68/><V59/><F38/><W116/><G116/><T115/><D115/><U103/><E69/><V81/><F81/><W42/><G89/><T6/><D109/><U26/><E103/><V132/><F132/><W14/><G60/><T128/><D128/><U101/><E101/><V91/><F91/><W76/><G76/><T127/><D127/><U83/><E72/><V129/><F129/><W58/><G42/><N who="2" m="15881" /><F63/><W8/><G8/><N who="1" m="3146" /><E17/><V65/><F5/><W120/><G120/><T92/><REACH who="0" step="1"/><D108/><REACH who="0" ten="25,432,468,65" step="2"/><U71/><E71/><V87/><F65/><W131/><G131/><T32/><D32/><U118/><E118/><V49/><F4/><W1/><G1/><AGARI ba="0,1" hai="1,6,10,15,16,21,28,30,86,88,92,105,106,107" machi="1" ten="40,5200,0" yaku="1,1,54,2,53,0" doraHai="44" doraHaiUra="94" who="0" fromWho="3" sc="25,62,432,0,468,0,65,-52" /><INIT seed="6,0,0,5,1,64" ten="87,432,468,13" oya="2" hai0="18,8,78,14,87,61,107,4,34,129,66,97,29" hai1="1,103,74,16,109,123,54,33,48,135,68,9,6" hai2="91,17,35,42,118,94,117,100,20,96,89,25,30" hai3="36,5,62,128,73,40,23,71,0,93,24,70,113"/><V101/><F42/><W53/><G73/><T69/><D129/><U43/><E109/><V102/><REACH who="2" step="1"/><F91/><REACH who="2" ten="87,432,458,13" step="2"/><W105/><G40/><T83/><D78/><U38/><E123/><V76/><F76/><W79/><G79/><T59/><D107/><U133/><E103/><V130/><F130/><W15/><G113/><T81/><D81/><U134/><E74/><V115/><F115/><W44/><G128/><T58/><D83/><U11/><E43/><V75/><F75/><W56/><G105/><T22/><D87/><U86/><E86/><V126/><F126/><W95/><G0/><T21/><D97/><U99/><E99/><V57/><F57/><W47/><G36/><T72/><D59/><N who="1" m="33223" /><E38/><V60/><F60/><W119/><G119/><T110/><D58/><U108/><E108/><V19/><F19/><N who="3" m="12415" /><G70/><T106/><D106/><U13/><E68/><V2/><F2/><W114/><G114/><T131/><D72/><U132/><E132/><V63/><F63/><W28/><G71/><T3/><D110/><U55/><E55/><V122/><F122/><W50/><G28/><T112/><D112/><U39/><E39/><V51/><F51/><W98/><G98/><T84/><D131/><U82/><E82/><V88/><F88/><W31/><G31/><T116/><D116/><U85/><E85/><V45/><F45/><N who="3" m="17483" /><G50/><T120/><D84/><U111/><E111/><V41/><F41/><W67/><G53/><T127/><D127/><U52/><E52/><V7/><F7/><W49/><G49/><T65/><D120/><U92/><E92/><V125/><F125/><RYUUKYOKU ba="0,1" sc="87,-30,432,10,458,10,13,10" hai1="1,6,9,11,13,16,33,133,134,135" hai2="17,20,25,30,35,89,94,96,100,101,102,117,118" hai3="5,15,56,62,67,93,95" /><INIT seed="6,1,1,5,0,15" ten="57,442,468,23" oya="2" hai0="26,109,46,20,29,128,39,85,100,80,70,1,86" hai1="23,134,83,113,65,99,40,135,92,53,78,22,97" hai2="5,89,19,50,8,16,108,66,37,129,95,52,62" hai3="105,55,96,30,57,43,7,10,119,27,68,81,45"/><V28/><F37/><W114/><G68/><T103/><D70/><U14/><E65/><V132/><F129/><W117/><G81/><T115/><D128/><U6/><E40/><V25/><F132/><N who="1" m="50729" /><E53/><V36/><F36/><W130/><G130/><T67/><D1/><U12/><E113/><V88/><F108/><W71/><G71/><T90/><D115/><U101/><E99/><N who="2" m="57831" /><F5/><W111/><G111/><T24/><D67/><U41/><E41/><V116/><F116/><W3/><G114/><T79/><D109/><U131/><E131/><V69/><F8/><W42/><G96/><T2/><D2/><U18/><E6/><V110/><F69/><W38/><G105/><T56/><D46/><U11/><E14/><V0/><F0/><W124/><G43/><T94/><D39/><U112/><E112/><V122/><F122/><W98/><G98/><T102/><D102/><U93/><E93/><V126/><F126/><W104/><G104/><T44/><D103/><U123/><E123/><V120/><F120/><W32/><REACH who="3" step="1"/><G124/><REACH who="3" ten="57,442,468,13" step="2"/><T47/><D80/><U21/><E11/><V51/><F110/><W33/><G33/><T118/><D100/><U9/><E9/><V84/><F66/><W31/><G31/><T121/><D29/><U87/><AGARI ba="1,2" hai="12,18,21,22,23,78,83,87,92,97,101" m="50729" machi="87" ten="30,2000,0" yaku="20,1,52,1" doraHai="15" who="1" fromWho="1" sc="57,-6,442,43,468,-11,13,-6" /><INIT seed="7,0,0,4,0,82" ten="51,485,457,7" oya="3" hai0="94,110,41,20,13,18,95,15,115,102,88,19,45" hai1="111,4,120,103,66,23,38,44,67,64,28,101,76" hai2="74,91,80,62,93,32,11,8,109,42,119,123,85" hai3="113,106,5,81,30,118,112,2,92,60,71,130,134"/><W35/><G118/><T21/><D110/><U125/><E111/><V9/><F119/><W14/><G130/><T78/><D115/><N who="3" m="44105" /><G134/><T135/><D135/><U51/><E120/><V43/><F109/><W59/><G106/><T90/><D78/><U70/><E38/><V12/><F123/><W108/><G108/><T33/><D33/><U36/><E36/><V53/><F32/><W72/><G71/><T34/><D34/><U37/><E37/><V117/><F117/><W104/><G104/><T129/><D129/><U128/><E128/><V22/><F74/><W96/><G2/><T17/><D17/><U83/><E70/><V86/><F22/><W75/><G30/><T63/><D63/><U127/><E4/><V124/><F124/><N who="1" m="47689" /><E23/><V68/><F12/><W126/><G35/><T40/><D45/><U100/><E28/><V99/><F68/><W58/><G126/><T105/><D105/><U1/><E1/><V87/><F80/><W61/><G81/><T107/><D107/><U54/><E101/><AGARI ba="0,0" hai="13,15,18,19,20,21,40,41,88,90,94,95,101,102" machi="101" ten="25,6400,0" yaku="22,2,8,1,54,1" doraHai="82" who="0" fromWho="1" sc="51,64,485,-64,457,0,7,0" owari="115,-28.0,421,22.0,457,55.0,7,-49.0" /></mjloggm>