<mjloggm ver="2.3"><GO type="169" lobby="0"/><UN n0="%E6%97%A9%E5%A4%A7%E3%83%80%E3%83%A1%E4%BF%AE%E5%A3%AB" n1="%E3%83%87%E3%83%B3%E3%82%A8%E3%83%B3" n2="%E4%B8%BB%E5%B8%AD" n3="%73%68%6F%35%35%35%35%35" dan="16,17,16,16" rate="2195.03,2177.03,2149.64,2113.92" sx="M,M,M,M"/><TAIKYOKU oya="0"/><INIT seed="0,0,0,0,0,28" ten="250,250,250,250" oya="0" hai0="35,117,50,85,61,73,82,66,128,122,41,16,43" hai1="84,4,1,116,70,119,3,98,46,47,58,44,60" hai2="72,135,90,87,127,132,31,118,77,121,20,93,74" hai3="6,86,51,110,8,123,95,23,83,0,126,69,36"/><T105/><D73/><N who="2" m="28266" /><F20/><W111/><G36/><T133/><D122/><U103/><E84/><N who="2" m="52423" /><F31/><W94/><G69/><T17/><D105/><U11/><E3/><V15/><F15/><W78/><G123/><T59/><D35/><U134/><E134/><N who="2" m="51243" /><F121/><W65/><G65/><T115/><D133/><U30/><E30/><V45/><F45/><W49/><G23/><T48/><D115/><U2/><E70/><V10/><F10/><W101/><G51/><N who="0" m="19499" /><D128/><U106/><REACH who="1" step="1"/><E1/><REACH who="1" ten="250,240,250,250" step="2"/><V39/><F118/><W52/><G0/><T75/><D117/><U19/><E19/><N who="0" m="7241" /><D75/><U129/><E129/><V96/><F127/><W9/><G126/><T32/><D32/><U102/><E102/><V107/><F87/><W79/><G86/><T131/><D131/><U24/><E24/><V56/><F77/><AGARI ba="0,1" hai="41,43,59,61,66,77,82,85" m="7241,19499" machi="77" ten="30,2900,0" yaku="8,1,54,1" doraHai="28" who="0" fromWho="2" sc="250,39,240,0,250,-29,250,0" /><INIT seed="0,1,0,5,4,100" ten="289,240,221,250" oya="0" hai0="0,65,17,39,25,37,86,84,104,73,51,70,123" hai1="133,64,83,111,36,10,132,19,50,122,108,74,78" hai2="124,33,6,8,125,60,22,28,114,47,129,23,69" hai3="54,49,52,85,116,105,127,115,112,118,109,72,98"/><T40/><D73/><U91/><E36/><V3/><F114/><W5/><G72/><T68/><D0/><U31/><E31/><V77/><F77/><W120/><G5/><T82/><D123/><U38/><E38/><V15/><F47/><W117/><G85/><T107/><D25/><U18/><E91/><V7/><F69/><W58/><G127/><N who="2" m="48713" /><F60/><W121/><G98/><T32/><D17/><U96/><E96/><V67/><F67/><W21/><G21/><N who="2" m="7689" /><F129/><W87/><G87/><T119/><D32/><U92/><E92/><V13/><F6/><W42/><G105/><T9/><D65/><U131/><E131/><V106/><F106/><W53/><G42/><T97/><D40/><U14/><E122/><N who="3" m="47210" /><G109/><N who="1" m="42058" /><E50/><V12/><F28/><W61/><G49/><T27/><D51/><U113/><E113/><AGARI ba="1,0" hai="52,53,54,58,61,112,113,115,116,117,118" m="47210" machi="113" ten="40,8000,1" yaku="13,1,34,2,54,1" doraHai="100" who="3" fromWho="1" sc="289,0,240,-83,221,0,250,83" /><INIT seed="1,0,0,1,2,2" ten="289,157,221,333" oya="1" hai0="118,119,38,62,9,50,56,98,106,75,79,40,71" hai1="52,108,26,105,132,101,3,37,127,16,86,59,129" hai2="115,99,5,1,47,110,17,8,133,73,68,122,24" hai3="100,32,61,29,30,43,14,64,103,21,94,60,35"/><U90/><E37/><V31/><F122/><W124/><G43/><T15/><D71/><U13/><E127/><V41/><F68/><W53/><G124/><T44/><D38/><U113/><E113/><V130/><F115/><W54/><G14/><T114/><D114/><U111/><E129/><V69/><F69/><W117/><G64/><T135/><D135/><U121/><E121/><V78/><F133/><W84/><G21/><T120/><D120/><U22/><E3/><V131/><F110/><N who="1" m="42025" /><E132/><V96/><F17/><W48/><G48/><T83/><D98/><N who="1" m="61623" /><E13/><V63/><F63/><W51/><G51/><T23/><D106/><U10/><E10/><V18/><F131/><W95/><REACH who="3" step="1"/><G84/><REACH who="3" ten="289,157,221,323" step="2"/><T46/><D23/><U82/><E59/><V116/><F130/><W45/><G45/><T42/><D44/><U107/><E107/><V126/><F126/><W67/><G67/><T134/><D134/><U104/><E104/><V72/><F47/><W66/><G66/><T87/><D40/><U88/><E52/><V36/><F41/><W97/><G97/><T25/><D42/><U89/><AGARI ba="0,1" hai="16,22,26,82,86,88,89,90" m="61623,42025" machi="89" ten="30,11700,0" yaku="14,1,10,1,54,2" doraHai="2" who="1" fromWho="1" sc="289,-39,157,127,221,-39,323,-39" /><INIT seed="1,1,0,1,1,111" ten="250,284,182,284" oya="1" hai0="133,98,87,45,121,81,5,103,17,117,83,55,29" hai1="92,124,85,24,21,80,0,48,44,11,89,67,26" hai2="8,109,3,36,53,99,10,79,46,4,61,62,1" hai3="114,101,127,51,68,22,88,15,16,43,134,52,86"/><U14/><E0/><V59/><F109/><W72/><G72/><T73/><D117/><U126/><E67/><V60/><F79/><W75/><G75/><T119/><D119/><U128/><E128/><V113/><F99/><W6/><G68/><T82/><D133/><U115/><E115/><V94/><F94/><W40/><G134/><T110/><D110/><U120/><E120/><V107/><F107/><W78/><G78/><T41/><D73/><U96/><E21/><V19/><F113/><W33/><G33/><T54/><D5/><U2/><E2/><V50/><F3/><W102/><G6/><T129/><D29/><U9/><E9/><V25/><F36/><W39/><G39/><T91/><D129/><U97/><E97/><V7/><F7/><W130/><G114/><T57/><D17/><N who="1" m="8415" /><E126/><V123/><F123/><W84/><G84/><T66/><D66/><U112/><E112/><V35/><F10/><W106/><G127/><T65/><D65/><U32/><E32/><V13/><F35/><W108/><G108/><T23/><D23/><U27/><E124/><V77/><F1/><W38/><G38/><T63/><D121/><U56/><E56/><V74/><F59/><N who="3" m="33183" /><G106/><T118/><D118/><U105/><E105/><V28/><F4/><W12/><G130/><T131/><D131/><U34/><E34/><N who="2" m="20751" /><F74/><W90/><G86/><T31/><D87/><U58/><E58/><V49/><F49/><W64/><G64/><T42/><D57/><U95/><E96/><V125/><F125/><W18/><G22/><T100/><D98/><U116/><E116/><RYUUKYOKU ba="1,0" sc="250,-15,284,15,182,15,284,-15" hai1="24,26,27,44,48,80,85,89,92,95" hai2="8,13,19,46,50,53,60,61,62,77" /><INIT seed="1,2,0,3,5,81" ten="235,299,197,269" oya="1" hai0="75,39,45,117,4,71,102,61,21,36,129,48,7" hai1="80,25,15,59,100,26,51,56,132,116,93,92,107" hai2="96,113,2,50,70,91,12,77,20,101,90,134,3" hai3="76,31,23,130,135,52,33,127,86,118,112,120,84"/><U18/><E116/><V46/><F70/><W69/><G69/><T121/><D117/><U122/><E132/><V63/><F134/><W124/><G118/><T131/><D75/><U17/><E122/><V133/><F133/><W10/><G112/><T42/><D102/><U95/><E80/><V73/><F113/><W108/><G33/><T38/><D21/><U40/><E107/><V49/><F63/><W64/><G64/><N who="0" m="41359" /><D7/><U27/><E100/><V6/><F73/><W37/><G37/><N who="0" m="14443" /><D4/><U65/><E65/><V28/><F77/><W88/><G120/><T114/><D114/><U55/><E40/><N who="2" m="24775" /><F2/><W8/><G135/><T115/><D115/><U41/><E41/><V53/><F3/><W119/><G119/><T87/><D87/><U60/><E60/><V13/><F101/><W34/><G34/><T85/><D85/><U78/><E78/><V1/><F1/><W104/><G104/><T22/><D121/><U14/><REACH who="1" step="1"/><E56/><REACH who="1" ten="235,289,197,269" step="2"/><N who="2" m="32823" /><F91/><W9/><G88/><T24/><D39/><U32/><E32/><V103/><F103/><W97/><G76/><T66/><D66/><U5/><E5/><V83/><F6/><W19/><G127/><T99/><D42/><U29/><E29/><V89/><F83/><W30/><G124/><T62/><D62/><U58/><E58/><V79/><F79/><W44/><G31/><T110/><D48/><U54/><E54/><V98/><F90/><W82/><G82/><T74/><D74/><U106/><E106/><V43/><F43/><W111/><G30/><T94/><D45/><U67/><E67/><V0/><F28/><RYUUKYOKU ba="2,1" sc="235,-10,289,30,197,-10,269,-10" hai1="14,15,17,18,25,26,27,51,55,59,92,93,95" /><INIT seed="1,3,1,2,2,91" ten="225,319,187,259" oya="1" hai0="114,70,74,13,31,116,5,68,128,106,65,75,48" hai1="67,33,93,28,104,97,3,61,80,51,24,100,22" hai2="50,113,6,118,132,7,121,25,134,58,119,11,63" hai3="120,47,112,57,124,29,101,85,19,95,37,64,34"/><U38/><E38/><V0/><F121/><W126/><G112/><T27/><D116/><U82/><E3/><V54/><F113/><W45/><G120/><T35/><D114/><U59/><E51/><V125/><F7/><W17/><G29/><T42/><D70/><U99/><E33/><V111/><F111/><W53/><G64/><T8/><D128/><U16/><REACH who="1" step="1"/><E28/><REACH who="1" ten="225,309,187,259" step="2"/><V94/><F119/><W71/><G34/><T105/><D48/><U44/><E44/><V73/><F118/><W56/><G45/><T32/><D35/><U14/><E14/><V86/><F50/><W2/><G2/><T55/><D13/><U102/><AGARI ba="3,2" hai="16,22,24,59,61,67,80,82,93,97,99,100,102,104" machi="102" ten="20,12000,1" yaku="1,1,0,1,7,1,52,1,54,1,53,0" doraHai="91" doraHaiUra="127" who="1" fromWho="1" sc="225,-43,309,149,187,-43,259,-43" /><INIT seed="1,4,0,4,5,84" ten="182,458,144,216" oya="1" hai0="9,72,108,0,110,27,82,103,51,35,22,23,123" hai1="88,96,126,44,111,132,131,46,64,109,48,128,41" hai2="133,70,112,34,57,12,6,119,99,69,52,91,42" hai3="81,66,7,78,125,80,74,59,36,38,53,2,28"/><U49/><E126/><V75/><F119/><W121/><G121/><T39/><D39/><U5/><E5/><V117/><F117/><W101/><G125/><T20/><D103/><U67/><E132/><V62/><F34/><W17/><G28/><N who="0" m="19871" /><D51/><U24/><E24/><V19/><F75/><W87/><G101/><T118/><D82/><U130/><E96/><V60/><F133/><W104/><G104/><T21/><D72/><U105/><E105/><V79/><F79/><W129/><G66/><N who="1" m="25130" /><E88/><V92/><F112/><W31/><G31/><T76/><D76/><U8/><E8/><V3/><F42/><AGARI ba="4,0" hai="41,42,44,46,48,49,109,111,128,130,131" m="25130" machi="42" ten="40,7700,0" yaku="19,1,34,2" doraHai="84" who="1" fromWho="2" sc="182,0,458,89,144,-89,216,0" /><INIT seed="1,5,0,3,3,112" ten="182,547,55,216" oya="1" hai0="128,21,23,33,11,37,102,13,119,130,135,43,18" hai1="104,105,35,133,50,34,40,12,97,51,5,129,93" hai2="115,110,19,95,82,15,81,0,78,4,26,64,70" hai3="49,3,117,79,30,83,132,10,107,65,62,72,54"/><U91/><E129/><N who="0" m="49769" /><D102/><U58/><E133/><V92/><F115/><W52/><G132/><T77/><D77/><U59/><E5/><V90/><F110/><W48/><G107/><T8/><D43/><U89/><E12/><V38/><F38/><W25/><G49/><T39/><D39/><U36/><E36/><V27/><F0/><W111/><G111/><T73/><D73/><U44/><E91/><V20/><F4/><W46/><G10/><T84/><D84/><U121/><E121/><V109/><F109/><W69/><G3/><T14/><D33/><U53/><E35/><V75/><F82/><W127/><G127/><T7/><D37/><U60/><REACH who="1" step="1"/><E34/><REACH who="1" ten="182,537,55,216" step="2"/><V29/><F90/><W57/><G25/><T66/><D135/><U28/><E28/><V94/><F29/><W16/><G30/><T96/><D7/><U120/><E120/><V45/><REACH who="2" step="1"/><F45/><REACH who="2" ten="182,537,45,216" step="2"/><W42/><G46/><T47/><D47/><U17/><E17/><V32/><F32/><W24/><G16/><T74/><D18/><U55/><AGARI ba="5,2" hai="40,44,50,51,53,55,58,59,60,89,93,97,104,105" machi="55" ten="20,7800,0" yaku="1,1,0,1,7,1,53,1" doraHai="112" doraHaiUra="88" who="1" fromWho="1" sc="182,-31,537,113,45,-31,216,-31" /><INIT seed="1,6,0,2,3,134" ten="151,650,14,185" oya="1" hai0="37,29,5,32,10,123,60,100,70,67,104,68,105" hai1="66,110,88,59,78,65,127,128,26,132,1,73,75" hai2="20,7,103,84,12,71,44,90,30,15,101,49,102" hai3="99,24,42,21,47,85,54,122,48,92,22,112,11"/><U120/><E132/><V40/><F71/><W43/><G112/><T79/><D123/><U38/><E38/><V2/><F2/><W17/><G122/><T108/><D108/><U61/><E1/><V27/><REACH who="2" step="1"/><F7/><REACH who="2" ten="151,650,4,185" step="2"/><W80/><G11/><T83/><D70/><U107/><E120/><V106/><F106/><W77/><G22/><T53/><D5/><U130/><E107/><V96/><F96/><W115/><G115/><T58/><D10/><U33/><E110/><V56/><F56/><W72/><G72/><T95/><D105/><U97/><E59/><V57/><F57/><W36/><G36/><T51/><D37/><U62/><E97/><V129/><F129/><W94/><G99/><T8/><D8/><U45/><E73/><V117/><F117/><W86/><G86/><T46/><D104/><U74/><E74/><V118/><F118/><W81/><G85/><N who="0" m="48383" /><D68/><U93/><E75/><V0/><F0/><W4/><G4/><T89/><D58/><U18/><E130/><V76/><F76/><W87/><G77/><T114/><D114/><U23/><E78/><V3/><F3/><W135/><G87/><N who="0" m="52671" /><D67/><U64/><E64/><V35/><F35/><W19/><G135/><T111/><D111/><U41/><E66/><V13/><F13/><W34/><G34/><T16/><D32/><U109/><E65/><V9/><F9/><W6/><G6/><T39/><D39/><U69/><E128/><V126/><F126/><W125/><G125/><T124/><D124/><U113/><E127/><V28/><F28/><W131/><G131/><T116/><D116/><RYUUKYOKU ba="6,1" sc="151,-10,650,-10,4,30,185,-10" hai2="12,15,20,27,30,40,44,49,84,90,101,102,103" /><INIT seed="2,7,1,2,0,24" ten="141,640,34,175" oya="2" hai0="94,37,107,135,100,20,36,114,34,19,112,52,51" hai1="64,134,133,132,102,69,88,31,15,46,127,115,119" hai2="78,17,4,95,120,122,11,118,131,57,13,83,50" hai3="30,38,73,43,41,84,124,70,123,82,21,25,53"/><V26/><F118/><W130/><G123/><T18/><D107/><U14/><E119/><V61/><F131/><W49/><G38/><T117/><D117/><U128/><E115/><V23/><F50/><W72/><G70/><T121/><D34/><U80/><E127/><V71/><F71/><W42/><G124/><T59/><D121/><U5/><E102/><V125/><F125/><W39/><G39/><T9/><D135/><U60/><E128/><V96/><F83/><W111/><G130/><T32/><D32/><U45/><E31/><V74/><F78/><W67/><G67/><T91/><D100/><U47/><E5/><V93/><F74/><W65/><G65/><T103/><D103/><U113/><E113/><V101/><REACH who="2" step="1"/><F95/><REACH who="2" ten="141,640,24,175" step="2"/><W8/><G73/><T62/><D114/><U75/><E75/><V104/><F104/><W16/><G72/><T77/><D77/><U81/><E81/><V109/><F109/><W68/><G68/><T79/><D79/><U2/><E80/><V98/><F98/><W87/><G82/><T56/><D36/><U3/><E69/><V116/><F116/><W48/><G48/><T12/><D37/><U54/><E134/><V35/><F35/><W55/><G49/><T10/><D112/><U97/><E133/><V85/><F85/><N who="3" m="32843" /><G111/><T27/><D51/><U108/><E97/><V92/><F92/><W40/><G40/><T126/><D126/><U76/><E76/><V63/><F63/><W99/><G99/><N who="0" m="57823" /><D59/><N who="1" m="34935" /><E132/><V6/><F6/><W110/><G110/><T28/><D62/><U22/><E108/><V105/><F105/><RYUUKYOKU ba="7,2" sc="141,-15,640,-15,24,15,175,15" hai2="4,11,13,17,23,26,57,61,93,96,101,120,122" hai3="8,16,21,25,30,41,42,43,53,55" /><INIT seed="2,8,2,0,4,6" ten="126,625,39,190" oya="2" hai0="39,48,69,46,45,4,82,107,123,76,95,31,32" hai1="133,128,30,117,5,42,59,135,21,94,15,114,52" hai2="26,17,29,23,62,19,40,34,119,83,96,126,118" hai3="122,101,33,24,71,51,49,54,20,112,12,68,130"/><V61/><F126/><W74/><G122/><T87/><D107/><U58/><E117/><V124/><F124/><W120/><G74/><T91/><D123/><U16/><E114/><V25/><F40/><W127/><G130/><T78/><D69/><U70/><E70/><V10/><F83/><W132/><G101/><T28/><D32/><U13/><E30/><V65/><F96/><W102/><G102/><T125/><D125/><U35/><E35/><V103/><F103/><W56/><G33/><T100/><D4/><U64/><E94/><V134/><F134/><N who="1" m="51209" /><E59/><V93/><F93/><W106/><G112/><T113/><D113/><U104/><E64/><V9/><F19/><W7/><G106/><T66/><D66/><U55/><E55/><V109/><F109/><W86/><G120/><T80/><D39/><U85/><E85/><V0/><F0/><W88/><G127/><T129/><D129/><U77/><E77/><N who="0" m="29801" /><D45/><U43/><E128/><V60/><REACH who="2" step="1"/><F65/><REACH who="2" ten="126,625,29,190" step="2"/><W105/><G132/><T57/><D80/><U2/><E2/><V1/><F1/><W98/><G98/><T11/><D82/><U84/><E104/><V90/><F90/><W3/><G3/><T75/><D100/><U73/><E73/><V27/><F27/><W99/><G99/><T44/><D75/><U72/><E72/><V115/><F115/><W14/><G88/><T37/><D91/><U8/><E84/><V22/><F22/><W63/><G86/><T111/><D87/><U89/><E89/><V36/><F36/><W110/><G105/><T67/><D95/><U131/><E131/><RYUUKYOKU ba="8,3" sc="126,-15,625,15,29,15,190,-15" hai1="5,8,13,15,16,21,42,43,52,58" hai2="9,10,17,23,25,26,29,34,60,61,62,118,119" /><INIT seed="2,9,3,0,1,117" ten="111,640,44,175" oya="2" hai0="86,126,5,77,85,102,130,84,54,78,96,82,53" hai1="31,3,11,33,49,100,45,111,68,13,50,127,6" hai2="16,121,12,70,114,59,109,71,0,135,47,67,1" hai3="128,101,81,22,43,93,122,9,44,55,115,41,69"/><V46/><F114/><W57/><G69/><T34/><D34/><U133/><E111/><V56/><F121/><W110/><G110/><T104/><D5/><U39/><E68/><V129/><F109/><W72/><G128/><T7/><D7/><U30/><E127/><V118/><F129/><W80/><G9/><T35/><D35/><U123/><E123/><V95/><F118/><W21/><G122/><T73/><D130/><U103/><E133/><V42/><F135/><W90/><G101/><T74/><D126/><U94/><E50/><V26/><F26/><W99/><G72/><T116/><D116/><U19/><E39/><V87/><F67/><W97/><G97/><T32/><D32/><U2/><E2/><V37/><F87/><W64/><G64/><T75/><D75/><U23/><E94/><V120/><F120/><W38/><G43/><T24/><D24/><N who="1" m="18663" /><E30/><V36/><F95/><W27/><G22/><T40/><D40/><AGARI ba="9,3" hai="3,6,11,13,19,23,40,45,49,100,103" m="18663" machi="40" ten="30,1000,0" yaku="24,1" doraHai="117" who="1" fromWho="0" sc="111,-37,640,67,44,0,175,0" /><INIT seed="3,0,0,1,2,97" ten="74,707,44,175" oya="3" hai0="10,86,45,92,134,39,114,44,0,34,41,68,123" hai1="96,25,48,118,125,49,88,42,75,131,69,11,43" hai2="121,72,108,57,87,111,27,113,29,99,14,65,35" hai3="53,5,40,100,26,67,93,112,132,6,81,28,1"/><W13/><G112/><T117/><D123/><U76/><E69/><V70/><F121/><W84/><G1/><T54/><D117/><U79/><E118/><V18/><F113/><W51/><G67/><T15/><D34/><U21/><E11/><V83/><F72/><W63/><G63/><T90/><D134/><U4/><E4/><V12/><F70/><W115/><G40/><T133/><D133/><U17/><E131/><V61/><F99/><W59/><G115/><T8/><D68/><U31/><E125/><V64/><F64/><W22/><G132/><T56/><D114/><U19/><E75/><V7/><F7/><W9/><G5/><T38/><D0/><U116/><E116/><V110/><REACH who="2" step="1"/><F18/><REACH who="2" ten="74,707,34,175" step="2"/><W60/><G6/><T47/><D38/><U74/><E19/><V55/><F55/><W129/><G53/><T119/><D119/><U24/><E17/><V78/><AGARI ba="0,1" hai="12,14,27,29,35,57,61,65,78,83,87,108,110,111" machi="78" ten="30,4000,0" yaku="1,1,0,1,14,1,53,0" doraHai="97" doraHaiUra="89" who="2" fromWho="2" sc="74,-10,707,-10,34,50,175,-20" /><INIT seed="4,0,0,5,2,19" ten="64,697,84,155" oya="0" hai0="38,27,71,103,76,68,12,133,101,109,13,130,30" hai1="135,40,117,119,107,72,120,57,67,14,9,33,87" hai2="108,20,26,65,74,44,48,52,28,79,29,110,132" hai3="25,45,42,41,18,4,15,96,113,118,37,54,16"/><T6/><D38/><U24/><E72/><V131/><F131/><W75/><G118/><T23/><D130/><U36/><E107/><V84/><F132/><W73/><G4/><T51/><D133/><U2/><E2/><V83/><F65/><W8/><G113/><T82/><D109/><U90/><E135/><V49/><F29/><W22/><G42/><T92/><D71/><U32/><E120/><V114/><F114/><W91/><G54/><T128/><D68/><U70/><E70/><V80/><REACH who="2" step="1"/><F48/><REACH who="2" ten="64,697,74,155" step="2"/><W99/><G37/><T46/><D128/><U85/><E67/><V88/><AGARI ba="0,1" hai="20,26,28,44,49,52,74,79,80,83,84,88,108,110" machi="88" ten="20,12000,2" yaku="1,1,2,1,0,1,7,1,52,1,54,2,53,0" doraHai="19" doraHaiUra="112" who="2" fromWho="2" sc="64,-60,697,-30,74,130,155,-30" /><INIT seed="5,0,0,3,2,26" ten="4,667,204,125" oya="1" hai0="70,18,60,17,119,91,14,111,23,135,121,11,54" hai1="30,16,81,25,118,86,129,85,80,126,106,120,19" hai2="64,13,57,27,95,42,130,131,39,66,38,99,107" hai3="3,8,21,93,132,37,53,90,44,6,1,40,49"/><U98/><E120/><V125/><F107/><W2/><G132/><T46/><D119/><U50/><E118/><V51/><F125/><W133/><G133/><T36/><D111/><U56/><E129/><N who="2" m="49163" /><F13/><W9/><G21/><T12/><D135/><U115/><E115/><V52/><F27/><W102/><G102/><T89/><D121/><U127/><E106/><V71/><F42/><W74/><G74/><T63/><D36/><N who="2" m="13866" /><F71/><W45/><G9/><T82/><D70/><U108/><E98/><AGARI ba="0,0" hai="1,2,3,6,8,37,40,44,45,49,53,90,93,98" machi="98" ten="30,1000,0" yaku="7,1" doraHai="26" who="3" fromWho="1" sc="4,0,667,-10,204,0,125,10" /><INIT seed="6,0,0,5,2,115" ten="4,657,204,135" oya="2" hai0="131,40,25,82,80,66,30,23,133,56,100,73,121" hai1="2,126,62,103,64,134,101,84,85,124,111,102,129" hai2="79,67,87,93,119,3,8,88,74,86,22,4,77" hai3="44,16,90,123,106,29,75,43,21,95,72,127,12"/><V0/><F119/><W37/><G106/><T128/><D121/><U99/><E111/><V1/><F74/><W113/><G123/><T10/><D133/><U46/><E2/><V32/><F32/><W114/><G127/><N who="1" m="48682" /><E134/><V107/><F107/><W39/><G39/><T57/><D73/><U27/><E129/><N who="0" m="49737" /><D40/><U49/><E27/><V60/><F22/><W58/><G58/><N who="0" m="22635" /><D66/><U104/><E99/><V96/><F86/><N who="3" m="52695" /><G29/><T120/><D120/><U83/><E83/><N who="0" m="31785" /><D10/><U81/><E81/><V109/><F109/><W112/><AGARI ba="0,0" hai="12,16,21,37,43,44,72,75,112,113,114" m="52695" machi="112" ten="30,4000,0" yaku="15,1,11,1,54,1" doraHai="115" who="3" fromWho="3" sc="4,-10,657,-10,204,-20,135,40" owari="-6,-51.0,647,75.0,184,-2.0,175,-22.0" /></mjloggm>