<mjloggm ver="2.3"><GO type="225" lobby="0"/><UN n0="%E3%82%A4%E3%83%8A%E3%82%BA%E3%83%9E%E8%91%AC%E5%84%80" n1="%79%6A%69%72%6F" n2="%E3%81%93%E3%81%84%E3%82%8F%E3%81%84%E3%82%88%E3%81%A4%E3%81%B0" n3="%E4%BF%BA%E3%81%A8%E5%A6%96%E5%A4%A2" dan="17,17,18,16" rate="2200.49,2198.27,2229.22,2165.84" sx="F,M,M,F"/><TAIKYOKU oya="0"/><INIT seed="0,0,0,0,4,5" ten="250,250,250,250" oya="0" hai0="13,116,108,28,122,94,50,95,75,98,23,118,71" hai1="20,68,126,109,104,36,120,73,17,18,114,54,48" hai2="65,53,4,38,78,27,128,29,8,132,70,90,14" hai3="43,52,76,26,119,121,96,64,110,81,63,44,112"/><T12/><D122/><U84/><E73/><V57/><F38/><W1/><G112/><T79/><D71/><U87/><E36/><V107/><F107/><W85/><G119/><T3/><D3/><U82/><E68/><V86/><F132/><W2/><G121/><T31/><D50/><U9/><E104/><V55/><F128/><W35/><G110/><T125/><D125/><U123/><E84/><V134/><F134/><W7/><G96/><T93/><D98/><U91/><E114/><V32/><F78/><W22/><G35/><T62/><D62/><U67/><E67/><V72/><F72/><W102/><G102/><T24/><D31/><U42/><E42/><V101/><F101/><W49/><G7/><T45/><D45/><U92/><E82/><V46/><F46/><W127/><G43/><T100/><D100/><U56/><E109/><V97/><F70/><W135/><G127/><T11/><D13/><N who="1" m="9295" /><E126/><V0/><F97/><W113/><G113/><T106/><D106/><U25/><E25/><V37/><F37/><W33/><G33/><T83/><REACH who="0" step="1"/><D108/><REACH who="0" ten="240,250,250,250" step="2"/><U39/><E39/><V41/><F0/><W129/><G135/><T16/><AGARI ba="0,1" hai="11,12,16,23,24,28,75,79,83,93,94,95,116,118" machi="16" ten="30,12000,1" yaku="1,1,2,1,0,1,52,1,54,1,53,0" doraHai="5" doraHaiUra="58" who="0" fromWho="0" sc="240,130,250,-40,250,-40,250,-40" /><INIT seed="0,1,0,2,3,122" ten="370,210,210,210" oya="0" hai0="1,117,120,49,72,54,55,62,76,16,82,57,6" hai1="85,90,26,50,2,105,3,51,83,81,47,75,18" hai2="126,5,123,111,64,45,28,86,74,69,19,7,0" hai3="10,63,59,84,116,134,71,78,39,121,110,98,29"/><T133/><D117/><U56/><E105/><V31/><F123/><W92/><G121/><T43/><D120/><U101/><E101/><V42/><F74/><W77/><G116/><T88/><D133/><U114/><E114/><V36/><F126/><W53/><G134/><T79/><D43/><U25/><E56/><V128/><F128/><W106/><G39/><T93/><D1/><U130/><E130/><V68/><F19/><W66/><G106/><T44/><D6/><U113/><E51/><V40/><F86/><W129/><G129/><T41/><D79/><U46/><E46/><V100/><F100/><W124/><G124/><T12/><D57/><U108/><E113/><V9/><F64/><W30/><G10/><T73/><D73/><U11/><E81/><V48/><F7/><W35/><G35/><T103/><D103/><U96/><E96/><V4/><F4/><W132/><G132/><T131/><D62/><U22/><E75/><V94/><F40/><W37/><G37/><T8/><D131/><U58/><E58/><V27/><F36/><W15/><G84/><AGARI ba="1,0" hai="8,12,16,41,44,49,54,55,72,76,82,84,88,93" machi="84" ten="30,5800,0" yaku="7,1,54,2" doraHai="122" who="0" fromWho="3" sc="370,61,210,0,210,0,210,-61" /><INIT seed="0,2,0,5,4,115" ten="431,210,210,149" oya="0" hai0="84,52,129,116,22,89,4,109,71,56,20,77,30" hai1="47,124,8,70,78,37,27,1,80,16,69,83,58" hai2="122,61,103,128,72,98,133,135,73,29,102,23,10" hai3="31,35,55,28,25,32,74,34,132,91,120,117,54"/><T93/><D116/><U79/><E124/><V59/><F122/><W76/><G120/><T94/><D129/><U41/><E58/><V123/><F123/><W42/><G132/><N who="2" m="50761" /><F128/><W130/><G130/><T90/><D71/><U75/><E27/><N who="2" m="16639" /><F10/><W14/><G42/><T134/><D109/><U19/><E19/><V68/><F68/><W118/><G14/><T49/><D134/><U2/><E2/><V53/><F103/><W63/><G91/><T43/><D77/><U3/><E3/><V92/><AGARI ba="2,0" hai="53,59,61,72,73,92,98,102" m="16639,50761" machi="92" ten="30,1100,0" yaku="20,1" doraHai="115" who="2" fromWho="2" sc="431,-7,210,-5,210,17,149,-5" /><INIT seed="1,0,0,1,0,25" ten="424,205,227,144" oya="1" hai0="30,112,21,2,127,105,124,66,98,28,56,42,70" hai1="108,52,90,106,122,23,121,22,69,58,46,104,6" hai2="123,130,8,49,36,40,27,79,72,57,129,14,134" hai3="92,76,31,37,116,73,18,109,43,4,131,9,117"/><U20/><E69/><V132/><F123/><W53/><G109/><T29/><D112/><U10/><E108/><V62/><F79/><W84/><G131/><N who="2" m="50185" /><F72/><W96/><G73/><T68/><D2/><U15/><E46/><N who="2" m="23815" /><F27/><W83/><G18/><T13/><D42/><U126/><E126/><N who="0" m="48169" /><D21/><U107/><REACH who="1" step="1"/><E90/><REACH who="1" ten="424,195,227,144" step="2"/><V101/><F132/><W48/><G116/><T55/><D70/><U39/><E39/><V5/><F134/><W100/><G117/><T77/><D68/><U47/><E47/><V135/><F135/><W125/><G125/><T38/><D38/><U60/><AGARI ba="0,1" hai="6,10,15,20,22,23,52,58,60,104,106,107,121,122" machi="60" ten="40,7800,0" yaku="1,1,0,1,54,1,53,0" doraHai="25" doraHaiUra="120" who="1" fromWho="1" sc="424,-26,195,88,227,-26,144,-26" /><INIT seed="1,1,0,2,2,58" ten="398,283,201,118" oya="1" hai0="64,84,50,55,35,122,86,52,118,124,8,23,0" hai1="54,117,38,81,39,36,73,20,7,2,41,37,57" hai2="99,4,102,131,88,13,49,74,89,24,33,47,121" hai3="27,48,28,3,105,67,90,125,45,79,66,21,96"/><U44/><E117/><V100/><F121/><W65/><G125/><T1/><D35/><U85/><E20/><V53/><F74/><W115/><G115/><T127/><D118/><U5/><E73/><V68/><F68/><W22/><G3/><N who="0" m="1099" /><D8/><U76/><REACH who="1" step="1"/><E2/><REACH who="1" ten="398,273,201,118" step="2"/><V63/><F33/><W80/><G28/><T30/><D23/><U16/><E16/><V40/><F24/><W61/><G27/><T110/><D30/><U98/><E98/><V101/><F99/><W75/><G21/><T26/><D26/><U71/><E71/><V51/><F13/><W83/><G22/><T31/><D31/><U107/><E107/><V87/><F87/><W12/><G12/><T133/><D86/><U60/><AGARI ba="1,1" hai="5,7,36,37,38,39,41,44,54,57,60,76,81,85" machi="60" ten="30,11700,0" yaku="1,1,0,1,52,1,53,1" doraHai="58" doraHaiUra="59" who="1" fromWho="1" sc="398,-40,273,130,201,-40,118,-40" /><INIT seed="1,2,0,1,1,36" ten="358,403,161,78" oya="1" hai0="77,25,94,65,29,90,38,87,119,106,76,103,75" hai1="72,128,71,31,129,81,107,126,70,85,47,127,56" hai2="73,79,99,122,66,78,125,50,34,43,6,102,46" hai3="132,83,62,18,93,0,52,74,10,40,91,115,96"/><U82/><E107/><V88/><F122/><W42/><G115/><T111/><D111/><U123/><E31/><V28/><F125/><N who="1" m="47625" /><E56/><V92/><F6/><W24/><G132/><T26/><D119/><U67/><E123/><V118/><F118/><W20/><G0/><T2/><D2/><U55/><E67/><V134/><F134/><W30/><G74/><T23/><D75/><U86/><E72/><V120/><F120/><W89/><G10/><T112/><D112/><U5/><E5/><V9/><F66/><W1/><G1/><T69/><D69/><N who="1" m="26123" /><E55/><V109/><F28/><W133/><G18/><T39/><D65/><U114/><E47/><V44/><F34/><W13/><G13/><T68/><D68/><U48/><E48/><V108/><F46/><W27/><G27/><T35/><D39/><U98/><E98/><V97/><F73/><W8/><G8/><T101/><D38/><U84/><E114/><V63/><F63/><W33/><G33/><T15/><D106/><U45/><E45/><V32/><F32/><W21/><G21/><T113/><D113/><U54/><E54/><V22/><F22/><W51/><G133/><T59/><D59/><U110/><E110/><N who="2" m="42603" /><F9/><W49/><G49/><T100/><D35/><U95/><E95/><AGARI ba="2,0" hai="43,44,50,78,79,88,92,95,97,99,102" m="42603" machi="95" ten="30,3900,0" yaku="14,1,52,1,54,1" doraHai="36" who="2" fromWho="1" sc="358,0,403,-45,161,45,78,0" /><INIT seed="2,0,0,4,2,56" ten="358,358,206,78" oya="2" hai0="65,8,76,31,112,80,113,48,11,1,47,45,15" hai1="5,60,70,72,69,37,2,57,98,134,58,87,107" hai2="97,100,115,61,83,103,36,13,125,63,25,14,21" hai3="79,118,35,10,22,29,74,39,104,131,86,119,105"/><V0/><F115/><W67/><G74/><T77/><D1/><U111/><E72/><V109/><F0/><W94/><G35/><T66/><D31/><U73/><E73/><V40/><F125/><W92/><G39/><T124/><D48/><U24/><E37/><V78/><F109/><W41/><G41/><T129/><D15/><N who="2" m="5642" /><F36/><W12/><G131/><T132/><D80/><U120/><E107/><V121/><F121/><W68/><G105/><T54/><D54/><U114/><E69/><V32/><F32/><W20/><G104/><T93/><D93/><U17/><E70/><V6/><F6/><W85/><G119/><T62/><D132/><U128/><E5/><V81/><F40/><W135/><G135/><T53/><D53/><U71/><E71/><V59/><F59/><W99/><G118/><T7/><D7/><U43/><E58/><V117/><F117/><W108/><G108/><T44/><D44/><U90/><E2/><V19/><F83/><W46/><G46/><T126/><D129/><U33/><E43/><V26/><F26/><W116/><G116/><T127/><D127/><U91/><E24/><V88/><F78/><W23/><G79/><T9/><D9/><U130/><E120/><V3/><F3/><W55/><G68/><T64/><D64/><U27/><E111/><V49/><F49/><W89/><G67/><T82/><D82/><U101/><E130/><V28/><F81/><W123/><G123/><T52/><D52/><U122/><E128/><V102/><F28/><W51/><G29/><T95/><D95/><AGARI ba="0,0" hai="19,21,25,61,63,88,95,97,100,102,103" m="5642" machi="95" ten="30,11600,0" yaku="8,1,52,2,54,1" doraHai="56" who="2" fromWho="0" sc="358,-116,358,0,206,116,78,0" /><INIT seed="2,1,0,3,2,89" ten="242,358,322,78" oya="2" hai0="105,123,13,71,75,23,19,110,78,106,130,93,6" hai1="111,32,0,125,42,57,21,73,92,37,68,88,59" hai2="74,109,8,94,81,36,87,120,63,4,100,62,16" hai3="30,58,122,46,112,49,91,127,47,86,97,11,20"/><V67/><F120/><W29/><G122/><T104/><D123/><U2/><E32/><V9/><F36/><W34/><G127/><T133/><D110/><U56/><E68/><V95/><F109/><W12/><G34/><T76/><D133/><U65/><E65/><V72/><F100/><W119/><G119/><T83/><D130/><U134/><E111/><V80/><F4/><W118/><G118/><T45/><D71/><U15/><E73/><V52/><F87/><W27/><G112/><T22/><D78/><U90/><E90/><V24/><F24/><W85/><G30/><T5/><D23/><U131/><E125/><V129/><F16/><W41/><G47/><T116/><D116/><U132/><E131/><V107/><F107/><W70/><G70/><T7/><REACH who="0" step="1"/><D45/><REACH who="0" ten="232,358,322,78" step="2"/><N who="1" m="23759" /><E21/><V38/><F129/><W69/><G69/><T102/><D102/><U64/><E132/><V26/><F8/><W79/><G79/><T121/><D121/><U61/><E134/><V114/><F9/><W77/><G77/><T66/><D66/><U53/><E64/><V84/><F67/><W31/><G31/><T50/><D50/><U135/><E135/><V14/><F38/><W51/><G49/><T113/><D113/><U124/><E124/><V43/><F114/><W126/><G126/><T99/><D99/><U33/><E33/><V40/><F63/><W115/><G115/><T96/><D96/><U48/><E61/><V98/><F98/><W28/><G28/><T60/><D60/><U55/><E48/><V10/><F10/><W3/><G97/><T117/><D117/><RYUUKYOKU ba="1,1" sc="232,30,358,-10,322,-10,78,-10" hai0="5,6,7,13,19,22,75,76,83,93,104,105,106" /><INIT seed="3,2,1,0,2,20" ten="262,348,312,68" oya="3" hai0="77,11,56,97,19,81,67,134,39,98,31,71,123" hai1="63,35,52,73,0,7,106,64,101,102,3,76,60" hai2="18,82,5,58,96,90,2,74,91,61,80,38,40" hai3="135,87,118,68,89,12,27,79,124,28,30,105,16"/><W57/><G118/><T17/><D123/><U36/><E35/><V85/><F18/><W100/><G68/><T34/><D134/><U72/><E36/><V120/><F120/><W47/><G135/><T99/><D39/><U32/><E32/><V59/><F96/><W103/><G124/><T15/><D71/><U92/><E7/><V45/><F61/><W108/><G108/><T42/><D42/><U21/><E106/><V88/><F82/><W94/><G105/><T23/><D31/><U112/><E92/><V65/><F65/><W9/><G79/><T6/><D34/><U49/><E64/><V113/><F113/><W128/><G128/><T126/><D126/><U122/><E3/><V130/><F130/><W107/><G107/><T104/><D104/><U83/><E0/><V127/><F127/><W10/><G10/><T131/><D131/><U75/><E83/><V116/><F116/><W70/><G70/><T33/><D33/><U53/><E122/><V62/><F62/><W84/><G84/><N who="0" m="48175" /><D23/><U115/><E21/><V22/><F22/><N who="3" m="15479" /><G30/><T95/><D95/><U125/><E125/><V25/><F74/><W4/><G4/><T119/><D119/><U69/><E75/><V8/><REACH who="2" step="1"/><F25/><REACH who="2" ten="262,348,302,68" step="2"/><W43/><G57/><AGARI ba="2,2" hai="2,5,8,38,40,45,57,58,59,80,85,88,90,91" machi="57" ten="40,5200,0" yaku="1,1,2,1,54,1,53,0" doraHai="20" doraHaiUra="46" who="2" fromWho="3" sc="262,0,348,0,302,78,68,-58" owari="262,-14.0,348,15.0,380,48.0,10,-49.0" /></mjloggm>