<mjloggm ver="2.3"><GO type="169" lobby="0"/><UN n0="%E3%82%B7%E3%83%A9%E3%80%82" n1="%E5%A4%A7%E8%B3%A2%E8%89%AF%E5%B8%AB" n2="%E3%82%84%E3%81%BE%E3%81%8C%E3%82%89%E3%83%BC" n3="%7A%6B%75%72%74" dan="17,16,17,17" rate="2159.98,2057.01,2186.23,2227.60" sx="M,M,M,M"/><TAIKYOKU oya="0"/><INIT seed="0,0,0,1,3,6" ten="250,250,250,250" oya="0" hai0="119,17,80,131,20,9,120,107,112,81,101,66,103" hai1="72,74,48,18,93,110,58,111,3,61,41,49,115" hai2="46,69,39,78,118,10,88,11,57,47,98,114,95" hai3="76,28,53,68,99,65,132,13,104,84,56,8,130"/><T135/><D112/><U15/><E115/><V50/><F69/><W71/><G130/><T62/><D119/><U55/><E3/><V126/><F114/><W51/><G132/><T1/><D120/><U121/><E121/><V122/><F122/><W29/><G76/><T4/><D135/><U63/><E93/><V129/><F129/><W113/><G113/><T79/><D131/><U125/><E125/><V92/><F126/><W16/><G84/><T27/><D107/><U106/><E106/><V77/><F39/><W82/><G82/><T40/><D40/><U89/><E89/><N who="2" m="55567" /><F57/><W5/><G65/><T97/><D97/><U33/><E33/><V44/><F50/><W23/><G71/><T30/><D30/><U123/><E123/><V31/><F31/><W96/><G68/><T70/><REACH who="0" step="1"/><D81/><REACH who="0" ten="240,250,250,250" step="2"/><U127/><E41/><V34/><F118/><W109/><G99/><T64/><D64/><U38/><E127/><V67/><F67/><W42/><G42/><T128/><D128/><U116/><E116/><V100/><F100/><W59/><G104/><T108/><D108/><U90/><E111/><V26/><F34/><W73/><G109/><T19/><D19/><U83/><E18/><V52/><F52/><W21/><G96/><T35/><D35/><U37/><E55/><V12/><F95/><W87/><G29/><T2/><D2/><U24/><E110/><V54/><F54/><W32/><G32/><T60/><D60/><U91/><E83/><V75/><F75/><AGARI ba="0,1" hai="1,4,9,17,20,27,62,66,70,75,79,80,101,103" machi="75" ten="30,5800,0" yaku="1,1,7,1,52,1,53,0" doraHai="6" doraHaiUra="134" who="0" fromWho="2" sc="240,68,250,0,250,-58,250,0" /><INIT seed="0,1,0,1,1,51" ten="308,250,192,250" oya="0" hai0="30,119,77,109,134,128,115,67,74,40,83,110,96" hai1="22,39,29,133,89,7,2,10,55,50,63,19,78" hai2="66,81,53,38,73,84,93,90,42,65,114,23,91" hai3="25,92,105,41,108,123,6,12,130,31,100,86,124"/><T21/><D115/><U106/><E39/><V44/><F114/><W82/><G108/><N who="0" m="41579" /><D119/><U69/><E106/><V70/><F70/><W129/><G123/><T13/><D134/><U118/><E118/><V0/><F0/><W59/><G124/><T60/><D128/><U11/><E133/><V49/><F23/><W20/><G105/><T33/><D33/><U45/><E78/><V47/><REACH who="2" step="1"/><F73/><REACH who="2" ten="308,250,182,250" step="2"/><W46/><G130/><T116/><D116/><U104/><E69/><V117/><F117/><W43/><G129/><T24/><D74/><U8/><E22/><V61/><F61/><W4/><G20/><T58/><D21/><U1/><E63/><V132/><F132/><W75/><G75/><T97/><D60/><U121/><E1/><V94/><F94/><W14/><G25/><T113/><D113/><U62/><E62/><V5/><F5/><W36/><G4/><T102/><D30/><U79/><E7/><V101/><F101/><W87/><G6/><T54/><D102/><U99/><E2/><V111/><F111/><W127/><G31/><T15/><D24/><U131/><E29/><V88/><F88/><W120/><G100/><T48/><D15/><U126/><E89/><V18/><F18/><W107/><G12/><T95/><D13/><U37/><E19/><V85/><AGARI ba="1,1" hai="38,42,44,47,49,53,65,66,81,84,85,90,91,93" machi="85" ten="20,5200,0" yaku="1,1,0,1,7,1,52,1,53,0" doraHai="51" doraHaiUra="17" who="2" fromWho="2" sc="308,-27,250,-14,182,65,250,-14" /><INIT seed="1,0,0,2,0,56" ten="281,236,247,236" oya="1" hai0="76,28,97,69,31,110,51,101,67,111,129,42,86" hai1="107,122,102,36,84,75,113,57,45,46,78,53,32" hai2="33,96,24,37,6,132,72,29,17,62,50,104,12" hai3="95,63,18,39,131,133,88,82,0,115,87,11,7"/><U38/><E122/><V135/><F37/><W74/><G115/><T22/><D129/><U10/><E113/><V103/><F72/><W130/><G133/><N who="2" m="51273" /><F50/><W27/><G39/><T64/><D51/><U118/><E118/><V100/><F6/><W15/><G27/><T52/><D42/><U43/><E32/><V16/><F103/><W123/><G123/><T70/><D52/><U73/><E107/><V127/><F127/><W23/><G74/><T49/><D49/><U13/><E102/><V59/><F12/><W85/><REACH who="3" step="1"/><G63/><REACH who="3" ten="281,236,247,226" step="2"/><T128/><D101/><U126/><E126/><V90/><F90/><AGARI ba="0,1" hai="0,7,11,15,18,23,82,85,87,88,90,95,130,131" machi="90" ten="40,8000,1" yaku="1,1,2,1,54,1,53,1" doraHai="56" doraHaiUra="4" who="3" fromWho="2" sc="281,0,236,0,247,-80,226,90" /><INIT seed="2,0,0,3,0,6" ten="281,236,167,316" oya="2" hai0="106,69,56,40,124,53,78,101,3,0,34,31,91" hai1="67,55,68,61,127,8,126,98,9,16,54,116,95" hai2="38,96,70,130,12,129,18,77,20,21,81,72,105" hai3="131,104,58,47,117,93,1,5,60,123,100,22,50"/><V102/><F70/><W27/><G123/><T112/><D69/><U120/><E120/><V125/><F125/><N who="1" m="47625" /><E116/><V122/><F122/><W132/><G117/><T133/><D124/><U26/><E55/><V42/><F38/><W65/><G132/><T62/><D112/><U94/><E54/><V39/><F39/><W135/><G135/><T14/><D133/><U41/><E41/><V23/><REACH who="2" step="1"/><F42/><REACH who="2" ten="281,236,157,316" step="2"/><W89/><G131/><AGARI ba="0,1" hai="12,18,20,21,23,72,77,81,96,102,105,129,130,131" machi="131" ten="40,12000,1" yaku="1,1,2,1,19,1,53,1" doraHai="6" doraHaiUra="92" who="2" fromWho="3" sc="281,0,236,0,157,130,316,-120" /><INIT seed="2,1,0,2,2,84" ten="281,236,287,196" oya="2" hai0="20,31,129,112,123,95,30,108,32,24,4,33,61" hai1="5,109,115,28,60,39,49,81,69,114,26,103,38" hai2="122,91,126,89,94,132,54,51,131,44,119,25,77" hai3="36,29,93,70,16,14,46,135,90,1,9,107,0"/><V48/><F119/><W19/><G107/><T7/><D123/><U68/><E109/><V59/><F122/><W53/><G135/><T12/><D61/><U73/><E103/><V27/><F132/><W55/><G70/><T35/><D95/><U98/><E98/><V6/><F126/><W96/><G29/><N who="0" m="17543" /><D108/><U80/><E5/><N who="0" m="2121" /><D112/><U127/><E60/><V102/><F6/><W57/><G19/><T82/><D82/><U116/><E116/><V110/><F131/><W17/><G17/><T83/><D83/><U43/><E73/><V71/><F71/><W11/><G11/><T99/><D99/><U87/><E87/><V40/><F77/><W117/><G117/><T10/><D129/><U85/><E85/><V106/><F106/><W97/><G97/><T66/><D66/><U120/><E120/><V104/><F104/><W34/><G34/><T64/><D64/><U65/><E65/><V3/><F110/><W92/><G92/><T21/><D10/><U8/><E8/><V56/><F102/><W78/><G78/><T125/><D125/><U134/><E127/><V15/><F94/><W23/><G9/><T62/><D62/><U113/><E134/><V67/><F67/><W130/><G130/><T75/><D75/><U88/><E69/><V2/><F59/><W86/><G96/><T133/><D133/><U47/><E68/><V118/><F118/><W37/><G37/><T76/><D76/><U74/><E74/><V100/><F100/><W128/><G128/><T52/><D52/><N who="3" m="20041" /><G57/><T22/><D22/><N who="1" m="15447" /><E80/><V105/><F105/><W63/><G63/><RYUUKYOKU ba="1,0" sc="281,10,236,10,287,-30,196,10" hai0="12,21,30,31,32,33,35" hai1="38,39,43,47,49,81,88,113,114,115" hai3="0,1,14,16,23,36,46,86,90,93" /><INIT seed="3,2,0,2,0,25" ten="291,246,257,206" oya="3" hai0="101,40,33,28,62,89,10,22,54,104,63,115,68" hai1="4,9,36,12,99,116,24,94,15,81,30,1,110" hai2="45,16,80,83,123,126,34,87,113,73,108,79,78" hai3="2,20,127,44,59,37,117,70,93,88,128,119,98"/><W132/><G70/><T121/><D121/><U50/><E36/><V53/><F113/><W64/><G128/><T0/><D115/><U86/><E116/><V18/><F108/><W72/><G72/><T39/><D33/><U102/><E110/><V17/><F123/><W90/><G2/><T3/><D68/><U97/><E50/><V6/><F126/><W112/><G112/><T52/><D89/><U51/><E51/><N who="2" m="28911" /><F73/><W29/><G127/><T5/><D3/><U84/><E99/><V56/><F34/><W27/><G132/><T74/><D74/><U57/><E57/><V42/><F6/><W96/><G64/><T129/><D101/><U46/><E46/><V43/><F56/><W106/><G59/><T67/><D104/><U23/><REACH who="1" step="1"/><E86/><REACH who="1" ten="291,236,257,206" step="2"/><V92/><F42/><W13/><G106/><T31/><D40/><U49/><E49/><V114/><F43/><W48/><G37/><T134/><D39/><U71/><E71/><V124/><F124/><W8/><G48/><T120/><D120/><U91/><AGARI ba="2,1" hai="1,4,9,12,15,23,24,30,81,84,91,94,97,102" machi="91" ten="20,8000,1" yaku="1,1,0,1,7,1,52,1,53,1" doraHai="25" doraHaiUra="82" who="1" fromWho="1" sc="291,-22,236,96,257,-22,206,-42" /><INIT seed="4,0,0,0,1,62" ten="269,332,235,164" oya="0" hai0="134,27,75,52,91,85,74,122,69,108,135,59,48" hai1="32,64,25,22,43,124,30,6,96,103,20,54,101" hai2="120,3,113,2,33,116,73,17,45,11,13,102,57" hai3="66,118,38,81,109,35,93,70,97,4,88,126,15"/><T99/><D122/><U94/><E124/><V90/><F120/><W14/><G109/><T28/><D108/><U127/><E127/><V19/><F73/><W47/><G126/><T42/><D69/><U16/><E43/><V129/><F102/><W24/><G118/><T41/><D99/><U76/><E76/><V68/><F68/><W78/><G35/><T49/><D75/><U132/><E132/><N who="0" m="50729" /><D48/><U51/><E6/><V115/><F45/><W36/><G24/><T125/><D74/><U31/><E31/><V58/><F33/><W26/><G26/><T0/><D0/><U29/><E29/><V89/><F13/><W56/><G70/><T18/><D18/><U131/><E131/><V82/><F11/><W55/><G4/><T123/><D123/><U105/><E105/><V86/><F86/><N who="3" m="48439" /><G38/><T34/><D125/><U61/><E103/><V133/><F133/><W117/><G36/><T106/><D106/><U87/><E87/><V79/><F129/><W128/><G128/><T98/><D98/><U23/><E61/><V12/><F116/><W5/><G5/><T100/><D100/><U37/><E37/><V10/><F2/><W65/><G117/><T80/><AGARI ba="0,0" hai="27,28,34,41,42,49,52,59,80,85,91" m="50729" machi="80" ten="30,3000,0" yaku="20,1,54,1" doraHai="62" who="0" fromWho="0" sc="269,30,332,-10,235,-10,164,-10" /><INIT seed="4,1,0,0,4,19" ten="299,322,225,154" oya="0" hai0="60,122,50,109,102,86,114,71,95,8,106,2,6" hai1="14,52,47,28,93,94,10,39,3,27,131,134,135" hai2="17,68,12,105,88,32,1,0,5,22,126,133,48" hai3="9,89,85,101,98,76,113,118,73,82,25,70,80"/><T38/><D122/><U21/><E131/><V7/><F68/><W51/><G70/><T31/><D114/><U108/><E3/><V4/><F105/><W58/><G113/><T37/><D109/><U54/><E108/><V116/><F32/><W67/><G118/><T42/><D106/><U87/><E39/><V36/><F36/><W65/><G9/><T46/><D31/><U78/><E78/><V100/><F100/><W129/><G129/><T41/><D41/><U56/><E47/><V20/><F116/><W97/><G97/><T57/><D71/><U64/><E64/><V104/><F104/><W117/><G117/><T62/><D62/><U49/><E54/><V74/><F74/><W96/><G96/><T34/><D34/><U45/><E45/><V112/><F126/><W120/><G120/><T72/><D72/><U61/><E61/><V77/><F77/><W91/><G91/><T123/><D123/><U92/><REACH who="1" step="1"/><E87/><REACH who="1" ten="299,312,225,154" step="2"/><V29/><F112/><W69/><G69/><T63/><D60/><U23/><E23/><N who="2" m="11687" /><F48/><W30/><G51/><T18/><D86/><U81/><E81/><V55/><F55/><W79/><G79/><T127/><D127/><U121/><E121/><V115/><F115/><W124/><G124/><T59/><D63/><U44/><E44/><V13/><F133/><W110/><G110/><T107/><D38/><U16/><AGARI ba="1,1" hai="10,14,16,21,27,28,49,52,56,92,93,94,134,135" machi="16" ten="30,8000,1" yaku="1,1,0,1,52,1,54,2,53,0" doraHai="19" doraHaiUra="119" who="1" fromWho="1" sc="299,-41,312,93,225,-21,154,-21" /><INIT seed="5,0,0,4,2,95" ten="258,405,204,133" oya="1" hai0="2,32,76,7,88,119,29,83,91,129,61,135,109" hai1="121,68,96,106,30,71,113,133,34,41,13,23,8" hai2="77,57,43,58,14,66,108,1,73,44,62,122,53" hai3="86,28,20,37,67,60,116,126,52,112,94,51,54"/><U64/><E121/><V118/><F1/><W93/><G37/><T42/><D109/><U120/><E120/><V63/><F108/><W84/><G112/><T33/><D119/><U16/><E113/><V4/><F122/><W124/><G116/><T115/><D115/><U48/><E133/><V104/><F104/><W10/><G10/><T134/><D129/><U110/><E110/><V0/><F118/><W18/><G28/><T99/><D42/><U35/><E41/><V92/><F0/><W6/><G6/><T26/><D33/><U59/><E48/><V85/><F73/><W50/><G67/><T123/><D123/><U102/><E59/><V80/><F92/><W3/><G60/><T12/><D2/><U87/><E87/><V125/><F125/><W39/><G3/><T65/><D99/><U107/><E107/><V103/><F103/><W97/><G39/><T22/><D135/><U111/><E111/><V72/><F72/><W49/><G94/><T82/><D82/><U27/><REACH who="1" step="1"/><E64/><REACH who="1" ten="258,395,204,133" step="2"/><V75/><F75/><W128/><G128/><T131/><D65/><U56/><E56/><V78/><F43/><W21/><G126/><T5/><D134/><U17/><E17/><V40/><F40/><W9/><G124/><T79/><D131/><U90/><E90/><N who="2" m="51495" /><F44/><W130/><G130/><T89/><D91/><U46/><E46/><V45/><F45/><W101/><G86/><T114/><D88/><U117/><E117/><V98/><F62/><W55/><G84/><T105/><D61/><U74/><E74/><V70/><F63/><W11/><G18/><RYUUKYOKU ba="0,1" sc="258,-15,395,15,204,-15,133,15" hai1="8,13,16,23,27,30,34,35,68,71,96,102,106" hai3="9,11,20,21,49,50,51,52,54,55,93,97,101" /><INIT seed="5,1,1,3,2,0" ten="243,410,189,148" oya="1" hai0="62,48,129,77,44,17,28,73,60,80,124,91,18" hai1="117,78,130,23,86,70,52,108,71,134,12,20,22" hai2="85,84,26,127,118,106,8,38,36,31,111,42,7" hai3="45,1,25,90,69,103,21,67,82,131,35,4,61"/><U37/><E117/><V19/><F118/><W65/><G131/><T95/><D129/><U97/><E130/><V59/><F111/><W94/><G35/><T56/><D124/><U11/><E108/><V13/><F127/><W40/><G67/><T51/><D28/><U110/><E110/><V107/><F59/><W92/><G103/><T87/><D48/><U114/><E114/><V115/><F115/><W112/><G112/><T29/><D29/><U10/><E37/><V120/><F120/><W81/><G94/><T132/><D132/><U125/><E125/><V72/><F72/><W32/><G32/><T126/><D126/><U39/><E39/><V53/><F38/><W79/><G79/><T54/><REACH who="0" step="1"/><D62/><REACH who="0" ten="233,410,189,148" step="2"/><U83/><E134/><V34/><F36/><W101/><G61/><T50/><D50/><U109/><E109/><V102/><F31/><W104/><G45/><T76/><D76/><U27/><E71/><V64/><F34/><W5/><G69/><T133/><D133/><U43/><E70/><V57/><F57/><W66/><G40/><AGARI ba="1,2" hai="17,18,40,44,51,54,56,60,73,77,80,87,91,95" machi="40" ten="30,2000,0" yaku="1,1,7,1,53,0" doraHai="0" doraHaiUra="128" who="0" fromWho="3" sc="233,43,410,0,189,0,148,-23" /><INIT seed="6,0,0,0,1,23" ten="276,410,189,125" oya="2" hai0="77,111,43,71,74,1,49,92,18,102,25,128,132" hai1="5,20,106,108,103,87,80,38,99,82,64,90,119" hai2="125,35,75,3,133,88,29,98,122,19,113,52,11" hai3="81,117,24,131,21,46,79,59,9,121,95,30,68"/><V107/><F122/><W14/><G121/><T31/><D111/><U13/><E38/><V60/><F75/><W63/><G131/><T40/><D71/><U91/><E108/><V89/><F113/><W15/><G117/><T27/><D1/><U6/><E119/><V47/><F133/><W17/><G68/><T12/><D31/><U135/><E135/><V115/><F125/><W8/><G46/><T51/><D102/><U109/><E109/><V22/><F115/><W41/><G41/><T110/><D92/><U86/><E64/><V4/><F29/><W61/><G95/><T76/><D18/><AGARI ba="0,0" hai="5,6,13,18,20,80,82,86,87,90,91,99,103,106" machi="18" ten="40,1300,0" yaku="9,1" doraHai="23" who="1" fromWho="0" sc="276,-13,410,13,189,0,125,0" /><INIT seed="7,0,0,5,4,40" ten="263,423,189,125" oya="3" hai0="23,51,12,83,68,100,79,105,50,84,55,109,74" hai1="116,118,8,41,30,130,56,70,75,15,95,80,31" hai2="11,102,92,117,126,135,45,76,72,94,48,119,43" hai3="19,49,4,42,101,85,128,77,113,2,25,33,78"/><W91/><G113/><T133/><D109/><U106/><E106/><V87/><F72/><W9/><G128/><T37/><D133/><U112/><E130/><V115/><F135/><W36/><G36/><T24/><D37/><U59/><E70/><V88/><F126/><W125/><G125/><T53/><D68/><U10/><E112/><V3/><F115/><W89/><G101/><T32/><D32/><U44/><E95/><V54/><F76/><W81/><G78/><T29/><D12/><U104/><E104/><V63/><F3/><W132/><G132/><T1/><D1/><U14/><E80/><V46/><F11/><W64/><G64/><T107/><D74/><U65/><E75/><V47/><F63/><W82/><G82/><T110/><D110/><U21/><E65/><V39/><REACH who="2" step="1"/><F46/><REACH who="2" ten="263,423,179,125" step="2"/><W86/><G86/><T27/><D79/><U121/><E44/><V26/><F26/><W71/><G71/><T38/><D27/><U60/><E60/><V35/><F35/><W22/><REACH who="3" step="1"/><G33/><REACH who="3" ten="263,423,179,115" step="2"/><T108/><D84/><U99/><E118/><V127/><F127/><W90/><G90/><T62/><D108/><U93/><E116/><V58/><F58/><W13/><G13/><T122/><D24/><U28/><E59/><V20/><F20/><W66/><G66/><T52/><D23/><U67/><E56/><V18/><F18/><W134/><G134/><T123/><D100/><U111/><E67/><V7/><F7/><W69/><G69/><T5/><D5/><U6/><E21/><V98/><AGARI ba="0,2" hai="39,43,45,47,48,54,87,88,92,94,98,102,117,119" machi="98" ten="30,8000,1" yaku="1,1,0,1,52,2,54,1,53,0" doraHai="40" doraHaiUra="57" who="2" fromWho="2" sc="263,-20,423,-20,179,100,115,-40" owari="243,-16.0,403,50.0,279,8.0,75,-42.0" /></mjloggm>