<mjloggm ver="2.3"><GO type="185" lobby="0"/><UN n0="%E8%8A%B1%E9%AD%81" n1="%E5%A4%9A%E6%9E%97%E6%99%8B" n2="%E6%B5%81%E7%9F%B3%E4%B8%80%E6%97%8F" n3="" dan="16,16,16,0" rate="2291.79,2198.19,2168.47,1500.00" sx="F,M,F,C"/><TAIKYOKU oya="0"/><INIT seed="0,0,0,0,5,123" ten="350,350,350,0" oya="0" hai0="90,134,62,70,56,41,48,43,91,84,65,109,72" hai1="133,106,1,108,39,95,73,67,44,47,61,116,74" hai2="59,32,114,40,69,35,79,93,121,54,100,131,81" hai3=""/><T115/><D115/><U132/><E106/><V87/><N who="2" m="31008" /><V126/><F114/><T68/><D72/><U85/><E1/><V119/><F69/><T37/><D134/><N who="1" m="51819" /><E116/><V92/><F119/><T76/><D70/><U66/><E39/><V51/><F126/><T117/><D117/><U34/><E34/><V105/><F131/><T0/><D0/><U99/><E85/><V3/><F3/><T88/><D37/><U97/><E97/><V111/><F105/><T94/><D109/><U75/><E108/><V104/><F111/><T71/><D71/><U33/><E33/><V101/><F104/><T42/><REACH who="0" step="1"/><D76/><REACH who="0" ten="340,350,350,0" step="2"/><U49/><E73/><V57/><F35/><T122/><N who="0" m="31264" /><T2/><D2/><U52/><E74/><V124/><F32/><T60/><D60/><U98/><E75/><V64/><F79/><T135/><D135/><U112/><E112/><V46/><F124/><T102/><D102/><U103/><E61/><V55/><F101/><T82/><D82/><U50/><E103/><V127/><F100/><T78/><D78/><U107/><E107/><V77/><F127/><T110/><D110/><U89/><E95/><V45/><F93/><T38/><D38/><U113/><E113/><V129/><F92/><RYUUKYOKU ba="0,1" sc="340,20,350,-10,350,-10,0,0" hai0="41,42,43,48,56,62,65,68,84,88,90,91,94" /><INIT seed="0,1,1,5,0,122" ten="360,340,340,0" oya="0" hai0="85,80,130,65,128,102,33,41,52,126,3,61,66" hai1="129,63,59,107,134,121,74,47,79,56,39,135,89" hai2="73,86,50,42,125,67,84,110,57,77,109,131,100" hai3=""/><T49/><D3/><U46/><N who="1" m="31008" /><U105/><E129/><N who="0" m="49769" /><D33/><U94/><E79/><V71/><F131/><T120/><N who="0" m="30752" /><T124/><D102/><U91/><E74/><V115/><F115/><T64/><D41/><U44/><E39/><V37/><F125/><N who="0" m="48234" /><D85/><U90/><E94/><V101/><F73/><T103/><D103/><U1/><E63/><V45/><F101/><T69/><D80/><U70/><E70/><V111/><F100/><T92/><D92/><U34/><E34/><V123/><N who="2" m="31520" /><V97/><F97/><T43/><D43/><U108/><E1/><V98/><F98/><T119/><D119/><U75/><E75/><V38/><F77/><T78/><D78/><U68/><E107/><V87/><F71/><T106/><D106/><U35/><E68/><V54/><F67/><T81/><D81/><U116/><E105/><V76/><F76/><T60/><D69/><U40/><E35/><V32/><F32/><T132/><D132/><U93/><E116/><V112/><F112/><T133/><D133/><U99/><E135/><V95/><F95/><T36/><D36/><AGARI ba="1,1" hai="36,37,38,42,45,50,54,57,84,86,87,109,110,111" m="31520" machi="36" ten="50,8000,1" yaku="14,1,52,4" doraHai="122" who="2" fromWho="0" sc="360,-82,340,0,340,92,0,0" /><INIT seed="1,0,0,0,5,3" ten="278,340,432,0" oya="1" hai0="114,94,33,107,62,35,90,83,97,51,2,66,128" hai1="99,40,101,46,103,36,98,113,74,86,69,93,39" hai2="32,0,75,100,115,56,109,43,50,47,53,129,92" hai3=""/><U108/><E74/><V82/><F0/><T91/><D2/><U73/><E73/><V54/><F109/><T121/><N who="0" m="31008" /><T41/><D114/><U95/><E113/><V112/><F129/><T38/><D38/><U102/><E108/><V60/><F32/><T59/><D107/><U126/><E69/><V34/><F34/><T120/><N who="0" m="30752" /><T85/><REACH who="0" step="1"/><D128/><REACH who="0" ten="268,340,432,0" step="2"/><U79/><E36/><V76/><F112/><T125/><D125/><U1/><E126/><V64/><F115/><T130/><D130/><U106/><E1/><V80/><F75/><T119/><D119/><U105/><E103/><V42/><F100/><T67/><D67/><U57/><E106/><V65/><F65/><T118/><D118/><U131/><E105/><V88/><F64/><T96/><D96/><U58/><E131/><V68/><F68/><T70/><D70/><U81/><AGARI ba="0,1" hai="39,40,46,57,58,79,81,86,93,95,98,99,101,102" machi="81" ten="30,2000,0" yaku="0,1,9,1" doraHai="3" who="1" fromWho="1" sc="268,-10,340,30,432,-10,0,0" /><INIT seed="1,1,0,0,2,134" ten="258,370,422,0" oya="1" hai0="52,82,111,107,33,51,108,125,102,87,83,66,0" hai1="128,85,55,59,113,75,103,72,1,39,110,44,58" hai2="121,124,79,109,80,48,100,91,90,43,86,37,133" hai3=""/><U97/><E1/><V36/><N who="2" m="31008" /><V57/><F133/><T105/><D0/><U130/><E113/><V38/><F109/><N who="0" m="42058" /><D33/><U101/><E110/><V60/><F100/><T53/><D102/><U41/><E58/><V116/><F116/><T112/><D112/><U93/><E103/><V74/><F124/><T71/><D83/><U126/><E85/><V135/><F135/><T99/><D99/><U54/><E54/><N who="0" m="21097" /><D51/><U81/><E126/><V63/><F90/><T35/><D35/><U73/><REACH who="1" step="1"/><E81/><REACH who="1" ten="258,360,422,0" step="2"/><V32/><F32/><T62/><D125/><U65/><E65/><V92/><F86/><T47/><D47/><U114/><E114/><V95/><F80/><T115/><D115/><U64/><E64/><V94/><F57/><T89/><AGARI ba="1,1" hai="62,66,71,82,87,89,105,107" m="21097,42058" machi="89" ten="30,1500,0" yaku="14,1,54,1" doraHai="134" who="0" fromWho="0" sc="258,27,360,-11,422,-6,0,0" /><INIT seed="2,0,0,4,0,115" ten="285,349,416,0" oya="2" hai0="2,71,135,45,126,57,42,65,109,122,47,74,53" hai1="67,132,33,100,116,103,58,51,95,133,84,64,130" hai2="124,105,99,66,114,77,50,89,119,123,86,43,134" hai3=""/><V36/><N who="2" m="31520" /><V80/><F114/><T101/><N who="0" m="31264" /><T48/><D2/><U106/><E33/><V107/><F134/><N who="1" m="51817" /><E106/><V93/><F124/><T61/><D74/><U0/><E0/><V73/><F119/><T120/><N who="0" m="30752" /><T112/><D112/><U68/><E68/><V32/><F32/><T79/><D135/><U91/><E130/><V127/><F127/><T54/><D79/><U40/><E40/><V49/><F66/><N who="1" m="25129" /><E116/><V63/><F63/><T118/><D101/><U88/><E91/><V76/><F76/><T128/><D126/><U117/><E117/><V75/><F107/><T129/><D118/><U46/><E46/><V38/><F43/><T39/><REACH who="0" step="1"/><D109/><REACH who="0" ten="275,349,416,0" step="2"/><U104/><E104/><V41/><F75/><T125/><D125/><U98/><E103/><V87/><F73/><T110/><D110/><U59/><E100/><V94/><F77/><T85/><D85/><U72/><E84/><V81/><F87/><T37/><D37/><U102/><E102/><V78/><F38/><T113/><D113/><U70/><E72/><V56/><F36/><T1/><D1/><U111/><E111/><V44/><F86/><T90/><D90/><U83/><E88/><V131/><F89/><T62/><AGARI ba="0,1" hai="39,42,45,47,48,53,54,57,61,62,65,71,128,129" m="30752,31264" machi="62" ten="30,12000,3" yaku="1,1,5,1,0,1,34,3,52,2,53,1" doraHai="115" doraHaiUra="69" who="0" fromWho="0" sc="275,130,349,-40,416,-80,0,0" /><INIT seed="4,0,0,3,0,71" ten="405,309,336,0" oya="0" hai0="36,76,1,99,33,94,0,114,56,68,39,104,131" hai1="61,50,95,82,88,84,34,83,113,129,128,108,126" hai2="66,117,130,127,70,58,48,119,46,111,124,87,112" hai3=""/><T40/><D33/><U122/><N who="1" m="31264" /><U97/><E34/><V107/><F107/><T115/><D68/><U57/><E108/><V125/><F70/><T3/><D104/><U59/><E126/><V93/><F111/><T96/><D131/><N who="1" m="50251" /><E113/><N who="0" m="43017" /><D76/><U118/><E118/><V100/><F130/><T2/><N who="0" m="0" /><DORA hai="43" /><T81/><D81/><U102/><E61/><V42/><F112/><T75/><D75/><U101/><E82/><V32/><F32/><T77/><D77/><U116/><E116/><V49/><F119/><T120/><N who="0" m="30752" /><T45/><D39/><U73/><E73/><V37/><F117/><T123/><N who="0" m="31520" /><T110/><D110/><U64/><E83/><V53/><F37/><T74/><D74/><U62/><E84/><V60/><F87/><T47/><D56/><U55/><AGARI ba="0,0" hai="50,55,57,59,62,64,88,95,97,101,102" m="50251,31264" machi="55" ten="30,3000,0" yaku="19,1,52,1,54,1" doraHai="71,43" who="1" fromWho="1" sc="405,-20,309,30,336,-10,0,0" /><INIT seed="5,0,0,5,3,96" ten="385,339,326,0" oya="1" hai0="68,67,121,92,58,3,90,63,52,33,80,55,85" hai1="109,106,113,111,2,57,103,42,126,130,45,44,101" hai2="65,78,56,84,118,49,83,50,40,36,123,71,60" hai3=""/><U64/><E2/><V127/><N who="2" m="31520" /><V79/><F118/><T54/><N who="0" m="31008" /><T112/><D3/><U74/><E74/><V115/><F127/><T47/><D33/><U104/><E126/><V62/><F115/><T94/><D112/><U75/><E75/><V32/><F32/><T48/><REACH who="0" step="1"/><D68/><REACH who="0" ten="375,339,326,0" step="2"/><U105/><E113/><V38/><F71/><T37/><D37/><U46/><E130/><V135/><F38/><T132/><D132/><U93/><E42/><AGARI ba="0,1" hai="42,47,48,52,54,55,58,63,67,80,85,90,92,94" m="31008" machi="42" ten="40,8000,1" yaku="1,1,8,1,52,1,54,1,53,1" doraHai="96" doraHaiUra="61" who="0" fromWho="1" sc="375,90,339,-80,326,0,0,0" /><INIT seed="6,0,0,5,0,0" ten="465,259,326,0" oya="2" hai0="34,112,128,109,91,43,83,68,72,97,119,126,125" hai1="104,111,32,92,133,67,127,124,129,122,123,90,70" hai2="115,2,118,44,105,102,59,47,86,41,131,66,33" hai3=""/><V74/><F2/><T45/><D119/><U98/><N who="1" m="31264" /><U46/><N who="1" m="31520" /><U51/><E111/><V116/><F74/><T89/><D109/><U42/><E129/><V35/><F131/><T121/><N who="0" m="31008" /><T49/><D128/><U78/><E78/><V73/><F73/><T63/><D34/><U76/><E76/><V135/><F115/><T103/><D112/><U79/><E79/><V40/><F135/><T1/><D1/><U87/><E133/><V52/><F66/><T75/><D91/><U64/><E32/><V57/><F102/><T37/><D37/><U81/><E70/><V53/><F86/><T84/><D63/><U107/><E81/><V93/><F93/><T80/><D68/><U54/><E42/><V62/><REACH who="2" step="1"/><F62/><REACH who="2" ten="465,259,316,0" step="2"/><T60/><D60/><U71/><E71/><V85/><F85/><T88/><D75/><U61/><E61/><V95/><F95/><T56/><D72/><U39/><E87/><V117/><F117/><T130/><D130/><U94/><E64/><V106/><AGARI ba="0,1" hai="33,35,40,41,44,47,52,53,57,59,105,106,116,118" machi="106" ten="25,16000,3" yaku="1,1,0,1,22,2,52,2,54,1,53,2" doraHai="0" doraHaiUra="100" who="2" fromWho="2" sc="465,-80,259,-80,316,170,0,0" owari="385,-1.0,179,-42.0,486,43.0,0,0.0" /></mjloggm>