<mjloggm ver="2.3"><GO type="185" lobby="0"/><UN n0="%E3%82%A2%E3%83%95%E3%83%AA%E3%82%AB" n1="%E6%B5%81%E7%9F%B3%E4%B8%80%E6%97%8F" n2="%E8%99%B9%E9%87%8E%E3%82%86%E3%82%81" n3="" dan="16,16,16,0" rate="2193.88,2174.73,2153.73,1500.00" sx="M,F,F,C"/><TAIKYOKU oya="0"/><INIT seed="0,0,0,3,3,130" ten="350,350,350,0" oya="0" hai0="89,131,71,56,78,115,126,58,84,69,121,33,49" hai1="73,64,0,125,132,88,3,134,105,2,36,77,123" hai2="102,72,41,81,86,97,38,120,110,57,42,103,65" hai3=""/><T122/><N who="0" m="31008" /><T43/><N who="0" m="31264" /><T76/><D33/><U135/><N who="1" m="31520" /><U91/><E125/><V99/><N who="2" m="30752" /><V104/><F72/><T59/><D115/><U54/><E36/><V107/><F38/><T117/><D117/><U93/><E105/><V87/><F110/><T112/><D112/><U39/><E39/><V92/><F92/><T45/><D131/><U52/><E64/><V44/><F44/><T70/><REACH who="0" step="1"/><D126/><REACH who="0" ten="340,350,350,0" step="2"/><U51/><E3/><V1/><F1/><T129/><D129/><U109/><E2/><V101/><F101/><T113/><D113/><U60/><E0/><V114/><F114/><T82/><AGARI ba="0,1" hai="43,45,49,56,58,59,69,70,71,76,78,82,84,89" m="31264,31008" machi="82" ten="40,8000,1" yaku="1,1,0,1,52,2,53,0" doraHai="130" doraHaiUra="50" who="0" fromWho="0" sc="340,90,350,-40,350,-40,0,0" /><INIT seed="0,1,0,5,0,41" ten="430,310,310,0" oya="0" hai0="77,45,104,78,53,91,46,105,126,50,61,102,116" hai1="79,60,132,66,106,107,123,71,85,109,72,113,1" hai2="88,117,56,95,59,62,92,52,75,89,35,39,54" hai3=""/><T32/><D116/><U64/><N who="1" m="31520" /><U58/><E1/><V112/><F117/><T84/><D32/><U118/><E118/><V48/><F112/><T114/><D114/><U125/><E113/><V0/><F0/><T82/><D126/><U99/><E125/><V87/><F75/><T70/><D102/><U115/><E115/><V101/><F39/><T100/><D100/><U80/><E109/><V40/><F40/><T34/><D34/><U36/><E132/><V76/><F76/><T81/><D78/><U42/><E72/><V96/><F35/><T68/><D45/><U86/><E99/><V93/><REACH who="2" step="1"/><F89/><REACH who="2" ten="430,310,300,0" step="2"/><T128/><D77/><U38/><E38/><V124/><F124/><T49/><D91/><U74/><E36/><V47/><F47/><T134/><D46/><U97/><E42/><V131/><F131/><T129/><D129/><U73/><E74/><V119/><F119/><T122/><D128/><U83/><E73/><V43/><F43/><T110/><D122/><U120/><E79/><V111/><F111/><T94/><D110/><U69/><E120/><V121/><N who="2" m="31008" /><V44/><F44/><T55/><D134/><U67/><E71/><V3/><F3/><T65/><D70/><U133/><E69/><RYUUKYOKU ba="1,1" sc="430,-10,310,-10,300,20,0,0" hai2="48,52,54,56,59,62,87,88,92,93,95,96,101" /><INIT seed="1,2,1,2,0,119" ten="420,300,320,0" oya="1" hai0="77,86,124,44,126,70,34,71,104,0,79,109,87" hai1="92,78,57,54,108,94,42,58,91,3,74,35,99" hai2="50,118,117,53,39,98,47,52,46,45,134,88,97" hai3=""/><U127/><E35/><V48/><F134/><T113/><D44/><U105/><E3/><V102/><F88/><T135/><D104/><U59/><E127/><V84/><F84/><T33/><D109/><U96/><E108/><V64/><F64/><T68/><D113/><U131/><E131/><V120/><N who="2" m="30752" /><V95/><F98/><T73/><D73/><U69/><E105/><V132/><F132/><T1/><D71/><U40/><E69/><V76/><F76/><T130/><REACH who="0" step="1"/><D135/><REACH who="0" ten="410,300,320,0" step="2"/><U41/><E74/><V83/><F46/><T49/><D49/><U123/><N who="1" m="31520" /><U129/><E129/><AGARI ba="2,2" hai="0,1,33,34,68,70,77,79,86,87,124,126,129,130" machi="129" ten="25,8000,1" yaku="1,1,22,2,53,2" doraHai="119" doraHaiUra="82" who="0" fromWho="1" sc="410,104,300,-84,320,0,0,0" /><INIT seed="2,0,0,2,3,51" ten="514,216,320,0" oya="2" hai0="48,94,103,70,73,131,47,68,0,133,123,116,121" hai1="117,129,112,88,46,76,1,89,83,126,43,59,36" hai2="102,109,111,91,42,45,87,99,58,60,86,125,39" hai3=""/><V84/><F91/><T119/><N who="0" m="31008" /><T100/><N who="0" m="31520" /><T82/><D0/><U101/><E1/><V106/><REACH who="2" step="1"/><F125/><REACH who="2" ten="514,216,310,0" step="2"/><T69/><D103/><U85/><E126/><V120/><N who="2" m="30752" /><V65/><AGARI ba="0,1" hai="39,42,45,58,60,65,84,86,87,99,102,106,109,111" m="30752" machi="65" ten="30,7800,0" yaku="1,1,4,1,0,1,52,1,53,0" doraHai="51" doraHaiUra="128" who="2" fromWho="2" sc="514,-39,216,-39,310,88,0,0" /><INIT seed="2,1,0,1,3,3" ten="475,177,398,0" oya="2" hai0="50,83,73,62,68,106,32,35,123,117,81,66,116" hai1="67,49,105,77,40,112,88,122,34,52,119,72,90" hai2="36,57,130,93,120,78,61,109,33,129,65,46,59" hai3=""/><V43/><N who="2" m="30752" /><V92/><F109/><T125/><N who="0" m="31520" /><T82/><D73/><U104/><N who="1" m="31264" /><U39/><E112/><V131/><F33/><T70/><D106/><U103/><E119/><V44/><F78/><T0/><D0/><U58/><E34/><V127/><F127/><T124/><D70/><U63/><E77/><V99/><F44/><T115/><D115/><U95/><E72/><V114/><F114/><T84/><D84/><U55/><E55/><V56/><REACH who="2" step="1"/><F92/><REACH who="2" ten="475,177,388,0" step="2"/><T97/><D117/><U94/><E104/><V108/><F108/><T75/><D116/><U134/><E105/><V110/><F110/><T2/><D2/><U89/><E134/><V85/><F85/><T132/><D132/><U86/><E86/><V42/><F42/><T38/><D75/><U41/><E41/><V1/><F1/><T51/><D35/><U111/><E111/><V80/><F80/><T118/><D32/><U53/><E95/><V87/><F87/><T48/><D118/><U96/><E39/><V71/><F71/><T126/><D38/><U113/><E113/><V47/><F47/><AGARI ba="1,1" hai="40,47,49,52,53,58,63,67,88,89,90,94,96,103" m="31264" machi="47" ten="40,8000,1" yaku="8,1,52,1,54,2" doraHai="3" who="1" fromWho="2" sc="475,0,177,92,388,-82,0,0" /><INIT seed="4,0,0,2,3,2" ten="475,269,306,0" oya="0" hai0="118,42,98,61,84,105,119,58,1,68,97,54,106" hai1="38,59,41,63,88,96,81,36,49,77,74,57,65" hai2="122,89,109,121,114,33,123,131,112,47,111,53,69" hai3=""/><T92/><D1/><U80/><E57/><V71/><N who="2" m="31008" /><V103/><N who="2" m="31264" /><V51/><N who="2" m="31520" /><V86/><F103/><T130/><D130/><U48/><E48/><V76/><F76/><T102/><D105/><U101/><E49/><V52/><F53/><T46/><D68/><N who="2" m="26186" /><F33/><T133/><D84/><U62/><E41/><V132/><F131/><T72/><D72/><U100/><E63/><V66/><F66/><T82/><D82/><U116/><E101/><V87/><F87/><T56/><D56/><U73/><E116/><V34/><F34/><T104/><D104/><U43/><E43/><V127/><F127/><T134/><D118/><U79/><REACH who="1" step="1"/><E88/><REACH who="1" ten="475,259,306,0" step="2"/><V55/><F55/><T35/><D119/><U91/><E91/><V85/><F89/><T129/><D102/><U75/><E75/><V50/><F50/><T64/><D61/><U128/><E128/><V90/><F90/><T40/><D129/><U110/><E110/><V94/><F111/><T124/><D42/><U44/><E44/><V117/><F109/><T32/><D46/><U37/><E37/><V115/><F117/><T126/><D40/><U113/><E113/><V78/><F47/><T3/><D58/><U93/><AGARI ba="0,1" hai="36,38,59,62,65,73,74,77,79,80,81,93,96,100" machi="93" ten="20,3900,0" yaku="1,1,0,1,7,1,9,1,53,0" doraHai="2" doraHaiUra="83" who="1" fromWho="1" sc="475,-26,259,49,306,-13,0,0" /><INIT seed="5,0,0,5,3,92" ten="449,308,293,0" oya="1" hai0="87,56,124,131,69,34,39,50,78,104,106,53,115" hai1="65,133,118,127,89,1,36,95,110,40,81,117,102" hai2="54,47,44,41,64,100,86,63,94,90,128,73,83" hai3=""/><U42/><E1/><V80/><F128/><T45/><D34/><U38/><E127/><V125/><F125/><T98/><D124/><U59/><E133/><V66/><F100/><T126/><D126/><U114/><E114/><V113/><F113/><T103/><D69/><U119/><E110/><V2/><F2/><T79/><D131/><U101/><E81/><N who="2" m="31307" /><F73/><T70/><D70/><U116/><E116/><V55/><F41/><T132/><D106/><U32/><E32/><V76/><F76/><T75/><D75/><U0/><E0/><V61/><F61/><T67/><D78/><U43/><E102/><V85/><F85/><T77/><D87/><U51/><E101/><V57/><F54/><T3/><D3/><U135/><E135/><V129/><F129/><T93/><D104/><U88/><E89/><V48/><F63/><T52/><D132/><U96/><REACH who="1" step="1"/><E65/><AGARI ba="0,0" hai="44,47,48,55,57,64,65,66,86,90,94" m="31307" machi="65" ten="30,1000,0" yaku="8,1" doraHai="92" who="2" fromWho="1" sc="449,0,308,-10,293,10,0,0" /><INIT seed="6,0,0,4,4,59" ten="449,298,303,0" oya="2" hai0="129,32,85,106,84,38,36,135,80,111,90,131,68" hai1="47,126,78,41,67,56,0,33,79,101,48,34,89" hai2="112,76,35,69,128,117,96,134,52,37,70,123,50" hai3=""/><V93/><N who="2" m="31520" /><V104/><F117/><T94/><D32/><U95/><E0/><V64/><F35/><T60/><D106/><U57/><E101/><V43/><F112/><T113/><D111/><U108/><E108/><V114/><F114/><T44/><D113/><U40/><E126/><V83/><F134/><T61/><D135/><U132/><E132/><V133/><F104/><T115/><D115/><U109/><E109/><V97/><F128/><N who="0" m="49226" /><D68/><U119/><E119/><V87/><F64/><T86/><D86/><U63/><E34/><V81/><F97/><T62/><D44/><U98/><E33/><V120/><N who="2" m="30752" /><V130/><F133/><T118/><D118/><U3/><E57/><V107/><F107/><T74/><D74/><U45/><E3/><V92/><F130/><T121/><D121/><U51/><AGARI ba="0,0" hai="40,41,45,47,48,51,56,63,67,78,79,89,95,98" machi="51" ten="20,6000,1" yaku="0,1,7,1,9,1,8,1,52,1" doraHai="59" who="1" fromWho="1" sc="449,-20,298,60,303,-40,0,0" owari="429,38.0,358,-4.0,263,-34.0,0,0.0" /></mjloggm>