<mjloggm ver="2.3"><GO type="169" lobby="0"/><UN n0="%E9%81%8A%E8%B5%B0" n1="%E3%81%B5%E3%81%81%E3%82%93%E3%81%A7%E3%82%8B%E3%81%95%E3%83%BC%E3%82%8B" n2="%73%65%61%73%74%6F%72%79" n3="%E3%81%AF%E3%81%98%E3%82%81%E3%81%A3%E3%81%A1" dan="17,16,16,17" rate="2186.16,2138.80,2103.68,2215.29" sx="M,M,M,F"/><TAIKYOKU oya="0"/><INIT seed="0,0,0,0,0,61" ten="250,250,250,250" oya="0" hai0="94,50,76,96,102,28,124,99,77,132,108,91,110" hai1="127,47,105,126,21,10,6,45,135,131,22,120,18" hai2="9,95,7,33,35,36,72,119,23,29,31,133,49" hai3="117,69,37,3,87,44,81,122,34,41,43,1,0"/><T80/><D28/><U78/><E120/><V57/><F36/><W83/><G117/><T85/><D50/><U93/><E105/><V15/><F72/><W66/><G122/><T75/><D132/><U106/><E106/><V116/><F95/><W115/><G115/><T8/><D8/><U27/><E78/><V97/><F97/><W58/><G43/><T48/><D48/><U26/><E93/><V92/><F92/><W134/><G134/><T16/><D16/><N who="1" m="12583" /><E135/><V123/><F123/><W101/><G101/><T53/><D53/><U79/><E79/><V68/><F68/><W114/><G114/><T11/><D11/><U14/><E47/><V20/><F133/><W60/><G34/><N who="2" m="12809" /><F57/><W73/><G73/><T65/><D65/><U52/><E52/><V121/><F49/><W107/><G107/><N who="0" m="63943" /><D124/><N who="1" m="47659" /><E45/><V46/><F46/><W70/><REACH who="3" step="1"/><G81/><AGARI ba="0,0" hai="75,76,77,80,81,85,91,94,99,108,110" m="63943" machi="81" ten="30,2900,0" yaku="34,2" doraHai="61" who="0" fromWho="3" sc="250,29,250,0,250,0,250,-29" /><INIT seed="0,1,0,0,1,69" ten="279,250,250,221" oya="0" hai0="62,114,35,34,87,97,86,59,58,46,61,53,95" hai1="38,47,79,75,102,115,1,2,81,116,25,50,117" hai2="133,23,41,27,113,74,32,80,103,30,110,107,85" hai3="111,124,60,104,54,16,126,12,109,83,37,96,100"/><T64/><D114/><U8/><E115/><V92/><F113/><W129/><G83/><T99/><D46/><U127/><E127/><N who="3" m="48682" /><G129/><T89/><REACH who="0" step="1"/><D86/><REACH who="0" ten="269,250,250,221" step="2"/><U24/><E47/><V11/><F85/><W43/><G111/><T22/><D22/><U112/><E112/><V52/><F23/><W123/><G109/><T49/><D49/><U82/><E50/><V31/><F110/><W105/><G123/><T131/><D131/><U84/><E84/><V48/><F48/><W9/><G60/><T77/><D77/><U7/><E79/><V39/><F32/><AGARI ba="1,1" hai="32,34,35,53,58,59,61,62,64,87,89,95,97,99" machi="32" ten="40,2000,0" yaku="1,1,53,0" doraHai="69" doraHaiUra="71" who="0" fromWho="2" sc="269,33,250,0,250,-23,221,0" /><INIT seed="0,2,0,0,2,3" ten="302,250,227,221" oya="0" hai0="2,129,48,52,42,13,89,118,32,5,114,106,0" hai1="40,64,132,4,70,86,125,103,77,28,127,27,33" hai2="108,60,90,101,23,81,116,7,11,12,79,15,65" hai3="75,8,36,18,82,20,31,56,57,30,43,69,26"/><T83/><D118/><U119/><E119/><V67/><F116/><W62/><G69/><T126/><D106/><U122/><E122/><V135/><F135/><W74/><G57/><T112/><D32/><U47/><E132/><V9/><F108/><W124/><G124/><T104/><D104/><U37/><E103/><V88/><F101/><W87/><G43/><T109/><D126/><N who="1" m="48139" /><E4/><V29/><F23/><W84/><G36/><T120/><D120/><U45/><E45/><V51/><F51/><W39/><G39/><T58/><D109/><U115/><E115/><V16/><F29/><W53/><G84/><T55/><D42/><U121/><E121/><V34/><F34/><W61/><G61/><T95/><D129/><U76/><E86/><V93/><F93/><W73/><REACH who="3" step="1"/><G8/><REACH who="3" ten="302,250,227,211" step="2"/><T96/><D114/><U111/><E111/><V14/><F67/><W63/><G63/><AGARI ba="2,1" hai="27,28,33,37,40,47,63,64,70,76,77" m="48139" machi="63" ten="30,1000,0" yaku="18,1" doraHai="3" who="1" fromWho="3" sc="302,0,250,26,227,0,211,-16" /><INIT seed="1,0,0,0,3,21" ten="302,276,227,195" oya="1" hai0="84,105,59,48,85,95,71,31,73,52,0,22,34" hai1="33,74,69,103,64,57,50,60,16,14,18,81,4" hai2="114,91,30,109,130,2,41,5,115,99,77,35,97" hai3="104,62,67,61,107,11,40,13,53,26,9,120,113"/><U93/><E33/><V72/><F130/><W28/><G120/><T124/><D105/><U46/><E69/><V117/><F117/><W49/><G113/><T133/><D34/><U3/><E3/><V112/><F109/><W76/><G76/><T125/><D73/><U1/><E1/><V39/><F91/><W101/><G40/><T79/><D71/><U45/><E74/><V123/><F123/><W56/><G62/><T111/><D111/><U27/><E81/><V36/><F99/><W78/><G78/><T135/><D0/><U80/><E80/><N who="2" m="45095" /><F97/><W55/><G55/><T38/><D38/><U20/><E4/><V83/><F83/><W17/><G11/><T131/><D131/><U58/><E93/><V108/><F41/><W106/><G101/><T86/><D79/><U92/><E92/><V116/><F116/><W51/><REACH who="3" step="1"/><G67/><REACH who="3" ten="302,276,227,185" step="2"/><T110/><D110/><U121/><E103/><V15/><F108/><W29/><G29/><T126/><D95/><U24/><E121/><V63/><F63/><W100/><G100/><T129/><D129/><U23/><E14/><V94/><F15/><W7/><G7/><T25/><AGARI ba="0,1" hai="22,25,31,48,52,59,84,85,86,124,125,126,133,135" machi="25" ten="40,8000,1" yaku="0,1,18,1,52,1,54,1" doraHai="21" who="0" fromWho="0" sc="302,90,276,-40,227,-20,185,-20" /><INIT seed="2,0,0,0,3,111" ten="392,236,207,165" oya="2" hai0="23,66,93,114,4,54,134,79,58,44,31,101,52" hai1="38,51,82,75,123,1,115,110,106,80,102,87,91" hai2="117,36,50,132,21,92,98,6,125,127,41,97,10" hai3="14,71,131,64,88,32,135,19,27,128,121,16,109"/><V37/><F117/><W62/><G121/><T43/><D134/><U68/><E38/><V18/><F132/><W73/><G135/><T7/><D79/><N who="1" m="44159" /><E51/><V95/><F50/><W130/><G109/><T105/><D105/><U69/><E1/><V77/><F77/><W47/><G73/><T83/><D83/><U26/><E26/><V0/><F41/><W45/><G19/><T28/><D114/><U25/><E25/><V78/><F78/><W84/><G27/><N who="0" m="16511" /><D31/><U17/><E17/><V39/><F98/><W118/><G32/><T61/><D43/><U42/><E68/><V11/><F11/><W9/><REACH who="3" step="1"/><G118/><REACH who="3" ten="392,236,207,155" step="2"/><T30/><D30/><U65/><E123/><V35/><F35/><W116/><G116/><T122/><D122/><U5/><E110/><V113/><F18/><W72/><G72/><T60/><D7/><U81/><E5/><V76/><F6/><W129/><N who="3" m="32768" /><DORA hai="99" /><W133/><G133/><T74/><D4/><U94/><E115/><V107/><F113/><W67/><G67/><T90/><D74/><U49/><E65/><V63/><F0/><W85/><G85/><T86/><D66/><U120/><E87/><V24/><F24/><W124/><G124/><T103/><D86/><U22/><E120/><V20/><F127/><W119/><G119/><T34/><D34/><U126/><E126/><V40/><F125/><W70/><G70/><T55/><D60/><U29/><E69/><V46/><F63/><W56/><G56/><T33/><D33/><U100/><E29/><V12/><F46/><W8/><G8/><T104/><D44/><RYUUKYOKU ba="0,1" sc="392,-10,236,-10,207,-10,155,30" hai3="9,14,16,45,47,62,64,71,84,88" /><INIT seed="3,1,1,2,1,3" ten="382,226,197,185" oya="3" hai0="135,15,1,107,53,9,61,68,23,73,24,93,12" hai1="124,79,18,6,25,67,8,84,22,38,60,119,98" hai2="19,117,121,105,5,131,41,77,127,43,129,36,71" hai3="57,111,104,75,86,42,126,2,51,112,13,4,120"/><W115/><G120/><T116/><D107/><U48/><E38/><V92/><F117/><W101/><G75/><T50/><D116/><U89/><E124/><V85/><F127/><W47/><G126/><T113/><D73/><U78/><E98/><V17/><F105/><W74/><G74/><T7/><D135/><U102/><E102/><V29/><F71/><W91/><G2/><T54/><D113/><U10/><E10/><V94/><F29/><W66/><G111/><T82/><D82/><U11/><E8/><V0/><F121/><W128/><G128/><T20/><D93/><U125/><E48/><V55/><F55/><W90/><G90/><T96/><D96/><U106/><E106/><V109/><F109/><W39/><G101/><T63/><D20/><U46/><E46/><V108/><F108/><W133/><G104/><T33/><D33/><U26/><E26/><V16/><F36/><W56/><G133/><T99/><D99/><U58/><E119/><V21/><F21/><W100/><G100/><T80/><D80/><U130/><E130/><N who="2" m="49675" /><F77/><W35/><G35/><T83/><D83/><U103/><E103/><V34/><F34/><W40/><G40/><N who="2" m="15433" /><F85/><W134/><G134/><T118/><D118/><U62/><E125/><V64/><F64/><W31/><G31/><N who="0" m="17823" /><D54/><U69/><E84/><V81/><F81/><N who="3" m="49615" /><G66/><T52/><D53/><N who="1" m="33871" /><E89/><V70/><F70/><W88/><G88/><T44/><D68/><U27/><E27/><V95/><F0/><W59/><G39/><T28/><D28/><U110/><E110/><V37/><F37/><W97/><G97/><RYUUKYOKU ba="1,1" sc="382,0,226,0,197,0,185,0" hai0="1,7,9,12,15,44,50,52,61,63" hai1="6,11,18,22,25,62,67,69,78,79" hai2="5,16,17,19,92,94,95" hai3="4,13,42,47,51,56,57,59,112,115" /><INIT seed="3,2,1,0,4,51" ten="382,226,197,185" oya="3" hai0="124,30,112,17,1,15,78,63,107,128,90,125,23" hai1="77,42,98,48,6,68,26,52,133,5,28,134,88" hai2="57,120,110,12,59,47,43,135,94,60,2,74,75" hai3="121,29,19,87,25,118,35,49,10,92,70,73,100"/><W45/><G118/><T113/><D107/><U54/><E68/><V76/><F2/><W46/><G73/><T61/><D78/><U119/><E77/><V103/><F120/><W97/><G121/><T18/><D1/><U108/><E119/><V106/><F106/><W111/><G111/><T130/><D90/><U95/><E42/><V3/><F3/><W83/><G70/><T69/><D30/><U22/><E108/><V4/><F110/><W126/><G126/><N who="0" m="48747" /><D69/><U131/><E131/><N who="0" m="50217" /><D18/><U67/><E67/><V34/><F34/><W38/><G38/><T37/><D37/><U8/><E54/><V89/><F103/><W127/><G127/><T0/><D0/><U32/><E32/><V101/><F101/><W115/><G115/><AGARI ba="2,1" hai="15,17,23,61,63,112,113,115" m="50217,48747" machi="115" ten="40,5200,0" yaku="11,1,18,1,19,1" doraHai="51" who="0" fromWho="3" sc="382,68,226,0,197,0,185,-58" /><INIT seed="4,0,0,4,4,72" ten="450,226,197,127" oya="0" hai0="21,94,67,39,105,52,88,20,4,70,43,37,25" hai1="2,47,95,128,112,12,101,83,42,50,108,32,109" hai2="123,79,45,35,59,61,46,87,89,134,8,93,55" hai3="133,111,80,78,74,5,23,38,114,75,102,44,65"/><T30/><D105/><U24/><E2/><V60/><F123/><W77/><G111/><T48/><D4/><U10/><E128/><V69/><F35/><W54/><G114/><T16/><D43/><U118/><E118/><V53/><F134/><W71/><G133/><T64/><D70/><U106/><E106/><V97/><F8/><W40/><G102/><T116/><D116/><U66/><E66/><V117/><F117/><W82/><G54/><T110/><D39/><U63/><E63/><V107/><F107/><W84/><G23/><T96/><D37/><U62/><E62/><V135/><F135/><W132/><G132/><T76/><D76/><U41/><E42/><V127/><F127/><W126/><G126/><T9/><D9/><U100/><E83/><N who="2" m="47615" /><F69/><W85/><REACH who="3" step="1"/><G5/><REACH who="3" ten="450,226,197,117" step="2"/><T129/><D110/><U18/><E109/><V26/><F55/><W125/><G125/><T98/><D129/><U124/><E108/><V3/><F53/><W13/><G13/><N who="0" m="9231" /><D98/><U68/><E124/><V121/><F121/><W1/><G1/><T99/><D99/><U15/><E15/><V57/><F3/><W28/><G28/><T49/><D52/><U131/><E12/><V90/><F97/><W34/><G34/><T29/><D29/><U7/><E32/><V113/><F113/><W91/><G91/><T36/><D67/><U27/><E112/><V119/><F90/><W73/><G73/><T51/><D64/><U6/><E6/><V19/><F89/><W86/><G86/><T115/><D115/><U56/><E131/><V58/><F119/><W0/><G0/><RYUUKYOKU ba="0,1" sc="450,15,226,-15,197,-15,117,15" hai0="21,25,30,36,48,49,51,88,94,96" hai3="38,40,44,65,71,74,75,77,78,80,82,84,85" /><INIT seed="4,1,1,5,1,60" ten="465,211,182,132" oya="0" hai0="85,8,14,32,93,110,109,73,36,99,39,50,37" hai1="54,83,29,119,118,91,75,5,17,12,44,121,55" hai2="31,78,77,3,102,86,101,74,82,21,103,81,52" hai3="6,107,0,71,26,11,62,13,94,117,106,123,116"/><T41/><D32/><U25/><E5/><V38/><F3/><W53/><G123/><T126/><D73/><U67/><E121/><V56/><F38/><W104/><G26/><T46/><D85/><U134/><E134/><V133/><F133/><W97/><G0/><T111/><D126/><U51/><E55/><V122/><F122/><W24/><G24/><T15/><REACH who="0" step="1"/><D8/><REACH who="0" ten="455,211,182,132" step="2"/><U69/><E75/><V127/><F127/><W120/><G120/><T87/><D87/><U79/><E118/><V66/><F74/><W76/><G117/><T88/><AGARI ba="1,2" hai="14,15,36,37,39,41,46,50,88,93,99,109,110,111" machi="88" ten="40,12000,1" yaku="1,1,0,1,10,1,54,1,53,0" doraHai="60" doraHaiUra="34" who="0" fromWho="0" sc="455,143,211,-41,182,-41,132,-41" /><INIT seed="4,2,0,1,2,75" ten="598,170,141,91" oya="0" hai0="63,46,45,21,107,53,12,93,49,26,44,54,102" hai1="57,126,48,55,14,24,74,118,34,99,104,66,111" hai2="79,101,77,50,23,112,115,89,95,88,60,98,85" hai3="1,84,8,72,22,29,19,69,134,114,122,94,130"/><T52/><D107/><U127/><E118/><V62/><F50/><W91/><G114/><N who="2" m="43561" /><F23/><W125/><G125/><N who="1" m="47626" /><E74/><V124/><F124/><W82/><G130/><T27/><D63/><N who="2" m="24106" /><F89/><W78/><G134/><T25/><D12/><U96/><E111/><V32/><F32/><W15/><G122/><T9/><D9/><U81/><E104/><AGARI ba="2,0" hai="77,79,85,88,95,98,101,104" m="24106,43561" machi="104" ten="30,7700,0" yaku="15,1,52,2,54,1" doraHai="75" who="2" fromWho="1" sc="598,0,170,-83,141,83,91,0" /><INIT seed="5,0,0,0,5,125" ten="598,87,224,91" oya="1" hai0="73,113,118,29,99,31,25,77,37,3,133,91,79" hai1="5,30,12,61,54,48,65,45,105,23,35,19,52" hai2="117,121,131,128,84,63,14,130,92,51,70,85,103" hai3="108,55,112,50,83,90,93,111,20,0,6,66,9"/><U78/><E105/><V95/><F121/><W57/><G112/><T102/><D118/><U2/><E78/><V122/><F122/><W62/><G20/><T82/><D113/><U38/><E38/><V28/><F117/><W16/><G83/><T21/><D3/><U101/><E101/><V56/><F28/><W115/><G115/><T11/><D133/><U69/><E2/><V49/><F70/><W39/><G39/><T76/><D37/><U26/><REACH who="1" step="1"/><E5/><REACH who="1" ten="598,77,224,91" step="2"/><V124/><F124/><W94/><G108/><T106/><D77/><U46/><E46/><V88/><F103/><W24/><G111/><T1/><D79/><U33/><E33/><V100/><F100/><W119/><G119/><T127/><D76/><U129/><E129/><V80/><F80/><W36/><G36/><T110/><D73/><U89/><E89/><N who="2" m="53287" /><F14/><W96/><G90/><T68/><D82/><U74/><E74/><V42/><F42/><AGARI ba="0,1" hai="12,19,23,26,30,35,42,45,48,52,54,61,65,69" machi="42" ten="30,5800,0" yaku="1,1,7,1,54,1,53,0" doraHai="125" doraHaiUra="126" who="1" fromWho="2" sc="598,0,77,68,224,-58,91,0" /><INIT seed="5,1,0,1,1,70" ten="598,145,166,91" oya="1" hai0="45,21,81,86,59,8,122,131,119,67,129,6,36" hai1="14,0,37,38,62,75,97,30,105,114,87,34,125" hai2="69,24,117,48,107,126,28,12,127,111,11,95,52" hai3="64,104,98,113,49,65,133,82,63,20,3,47,7"/><U16/><E0/><V135/><F117/><W101/><G113/><T35/><D119/><U29/><E75/><V134/><F69/><W40/><G133/><N who="2" m="50697" /><F107/><W99/><G99/><T120/><D35/><U102/><E114/><V108/><F95/><W76/><G20/><T130/><D21/><U121/><E121/><N who="0" m="46697" /><D59/><U56/><E125/><N who="2" m="47627" /><F24/><W46/><G63/><T57/><D57/><U103/><E103/><V80/><F80/><W93/><G104/><T88/><D67/><U79/><E87/><V9/><F28/><W60/><G60/><T91/><D91/><U109/><E79/><V90/><F90/><W89/><G89/><T96/><D96/><U32/><E30/><V73/><F73/><W10/><G47/><T116/><D116/><U55/><E109/><N who="2" m="42059" /><F12/><W41/><G41/><T84/><D88/><U33/><REACH who="1" step="1"/><E29/><REACH who="1" ten="598,135,166,91" step="2"/><V92/><F92/><W94/><G93/><T66/><D86/><AGARI ba="1,1" hai="3,7,10,40,46,49,64,65,76,82,86,94,98,101" machi="86" ten="30,1000,0" yaku="7,1" doraHai="70" who="3" fromWho="0" sc="598,-13,135,0,166,0,91,23" /><INIT seed="6,0,0,0,5,53" ten="585,135,166,114" oya="2" hai0="110,65,98,49,51,45,50,33,69,124,24,100,21" hai1="23,115,29,38,26,131,9,130,25,13,83,36,73" hai2="95,75,63,15,107,91,113,27,14,84,116,123,12" hai3="80,93,31,117,78,118,81,134,112,57,37,44,70"/><V52/><F123/><W20/><G70/><T102/><D110/><U77/><E115/><V128/><F116/><W85/><G134/><T89/><D124/><U66/><E66/><V111/><F107/><W16/><G112/><T88/><D33/><U19/><REACH who="1" step="1"/><E26/><REACH who="1" ten="585,125,166,114" step="2"/><V40/><F113/><W10/><G117/><T132/><D132/><U79/><E79/><V0/><F111/><W5/><G118/><T129/><D129/><AGARI ba="0,1" hai="9,13,19,23,25,29,36,38,73,77,83,129,130,131" machi="129" ten="40,2600,0" yaku="1,1,19,1,53,0" doraHai="53" doraHaiUra="2" who="1" fromWho="0" sc="585,-26,125,36,166,0,114,0" /><INIT seed="7,0,0,3,1,19" ten="559,161,166,114" oya="3" hai0="22,64,75,56,55,122,37,124,70,1,110,62,14" hai1="49,26,67,131,104,33,112,53,106,29,35,127,16" hai2="80,34,95,130,78,68,12,4,44,100,129,96,11" hai3="99,86,47,17,59,54,63,60,52,13,71,20,101"/><W117/><G117/><T81/><D122/><U3/><E35/><V66/><F34/><W84/><G71/><T105/><D110/><U74/><E74/><V27/><F27/><W82/><G82/><T0/><D105/><U43/><E43/><V134/><F44/><W45/><G45/><T25/><D124/><U103/><E127/><V116/><F116/><W109/><G109/><T36/><D14/><U88/><E3/><V23/><F23/><W91/><G91/><T97/><D97/><U9/><E67/><V115/><F115/><W77/><G77/><T133/><D133/><U72/><E72/><V111/><F111/><W38/><G38/><T31/><D37/><U135/><E103/><V61/><F134/><W40/><G40/><T5/><D36/><U125/><E125/><V57/><REACH who="2" step="1"/><F68/><REACH who="2" ten="559,161,156,114" step="2"/><W119/><G119/><T15/><D15/><U128/><E135/><V10/><F10/><W46/><G46/><T121/><D5/><U50/><E26/><V93/><F93/><N who="3" m="58607" /><G47/><T76/><D121/><U7/><E33/><V39/><F39/><W120/><G120/><T65/><D65/><U48/><E106/><V21/><F21/><W51/><G51/><AGARI ba="0,1" hai="0,1,22,25,31,51,55,56,62,64,70,75,76,81" machi="51" ten="30,2000,0" yaku="7,1,52,1" doraHai="19" who="0" fromWho="3" sc="559,30,161,0,156,0,114,-20" owari="589,69.0,161,-4.0,156,-24.0,94,-41.0" /></mjloggm>