<mjloggm ver="2.3"><GO type="169" lobby="0"/><UN n0="%72%52%66%44%79%55%66" n1="%E7%A9%B4%E4%BA%95%E6%88%91%E8%81%9E" n2="%E3%81%AF%E3%82%8B%E3%81%AB%E3%82%83%E3%82%80" n3="%E3%83%AC%E3%82%A4%E3%83%88%E3%83%B3%E5%87%86%E6%95%99%E6%8E%88" dan="16,16,16,16" rate="2124.93,2112.61,2072.36,2091.38" sx="M,M,M,M"/><TAIKYOKU oya="0"/><INIT seed="0,0,0,0,3,133" ten="250,250,250,250" oya="0" hai0="24,60,100,79,78,74,37,113,3,98,127,108,120" hai1="43,102,99,69,76,112,62,44,12,8,61,13,119" hai2="57,68,51,130,30,122,97,52,47,36,34,135,45" hai3="39,59,86,104,15,41,19,22,131,72,126,125,20"/><T5/><D113/><U91/><E119/><V29/><F122/><W90/><G104/><T2/><D120/><U38/><E112/><V123/><F123/><W63/><G72/><T118/><D118/><U32/><E32/><V87/><F135/><W124/><G131/><T48/><D37/><U14/><E76/><V107/><F130/><W21/><G41/><T129/><D129/><U46/><E91/><V54/><F68/><W82/><G39/><T56/><D108/><U89/><E89/><V81/><F34/><W85/><G85/><T66/><D127/><U110/><E110/><V94/><F107/><W101/><G101/><T4/><D79/><U121/><E121/><V28/><F36/><W10/><G10/><T88/><D48/><U65/><E62/><V23/><F23/><W67/><AGARI ba="0,0" hai="15,19,20,21,22,59,63,67,82,86,90,124,125,126" machi="67" ten="30,8000,1" yaku="0,1,18,1,52,3" doraHai="133" who="3" fromWho="3" sc="250,-40,250,-20,250,-20,250,80" /><INIT seed="1,0,0,0,2,122" ten="210,230,230,330" oya="1" hai0="111,103,87,105,60,41,66,91,88,4,59,20,63" hai1="135,79,36,119,94,93,130,116,81,65,72,46,73" hai2="83,49,8,131,14,86,47,125,55,53,19,124,62" hai3="43,5,34,7,31,67,23,0,39,37,97,78,106"/><U28/><E135/><V89/><REACH who="2" step="1"/><F131/><REACH who="2" ten="210,230,220,330" step="2"/><W6/><G0/><T77/><D111/><U38/><E130/><V2/><F2/><W58/><G39/><T121/><D121/><U114/><E36/><V33/><F33/><W24/><G34/><T40/><D4/><U29/><E114/><V68/><F68/><W42/><G37/><T61/><D20/><U52/><E119/><V90/><F90/><W120/><G120/><T115/><D115/><U48/><E116/><V82/><F82/><W56/><G5/><T30/><D103/><U104/><E38/><V45/><F45/><W113/><G6/><T127/><D88/><U11/><E104/><V95/><F95/><W109/><G7/><T3/><D91/><U16/><E73/><V123/><F123/><W50/><G109/><T18/><D105/><U132/><E132/><V107/><F107/><W26/><G113/><T25/><D3/><U92/><REACH who="1" step="1"/><E65/><REACH who="1" ten="210,220,220,330" step="2"/><V1/><F1/><W32/><G67/><T70/><D66/><U80/><E80/><V108/><F108/><W51/><G106/><T15/><D77/><U101/><E101/><V85/><F85/><W17/><G78/><T10/><D87/><U84/><E84/><V134/><F134/><W57/><G97/><T129/><D129/><U27/><E27/><V44/><F44/><W133/><G133/><T102/><D102/><U75/><E75/><V126/><F126/><W71/><G26/><T118/><D127/><U117/><E117/><V112/><F112/><W110/><G110/><T64/><D118/><U9/><E9/><V54/><F54/><RYUUKYOKU ba="0,2" sc="210,-15,220,15,220,15,330,-15" hai1="11,16,28,29,46,48,52,72,79,81,92,93,94" hai2="8,14,19,47,49,53,55,62,83,86,89,124,125" /><INIT seed="1,1,2,4,4,33" ten="195,235,235,315" oya="1" hai0="124,39,8,98,90,63,105,3,50,0,126,58,85" hai1="40,108,74,11,111,93,112,47,123,62,28,34,115" hai2="102,16,23,29,35,134,80,135,114,78,97,99,9" hai3="130,133,4,45,116,131,79,66,56,89,122,81,104"/><U73/><E123/><V125/><F125/><N who="0" m="48234" /><D39/><N who="1" m="21919" /><E93/><V59/><F114/><W49/><G104/><T96/><D8/><U67/><E11/><V118/><F118/><W100/><G100/><N who="0" m="62599" /><D50/><U106/><E106/><V43/><F43/><W87/><G4/><T30/><D30/><U109/><E28/><V32/><F9/><W113/><G113/><N who="1" m="43594" /><E34/><V25/><F59/><AGARI ba="1,2" hai="59,62,67,73,74,108,109,111" m="43594,21919" machi="59" ten="40,3900,0" yaku="14,1,10,1" doraHai="33" who="1" fromWho="2" sc="195,0,235,62,235,-42,315,0" /><INIT seed="1,2,0,1,1,87" ten="195,297,193,315" oya="1" hai0="120,126,115,96,112,1,72,30,52,25,125,8,94" hai1="13,99,21,83,127,27,109,39,63,111,93,48,2" hai2="97,121,42,9,0,107,61,104,4,79,56,78,41" hai3="74,10,106,49,117,14,71,40,62,28,44,129,43"/><U5/><E39/><V114/><F121/><W12/><G74/><T37/><D37/><U24/><E127/><N who="0" m="48649" /><D72/><U102/><E2/><V66/><F114/><W45/><G106/><T60/><D120/><U68/><E48/><V128/><F128/><W134/><G129/><T105/><D105/><U77/><E68/><V31/><F107/><W70/><G134/><T91/><D8/><U108/><E63/><V80/><F31/><W51/><G28/><T76/><D76/><U47/><E47/><V64/><F78/><W84/><G117/><T7/><D7/><U18/><REACH who="1" step="1"/><E5/><REACH who="1" ten="195,287,193,315" step="2"/><V75/><F66/><W119/><G62/><T20/><D1/><U16/><E16/><V58/><F56/><AGARI ba="2,1" hai="20,25,30,52,56,60,91,94,96,112,115" m="48649" machi="56" ten="30,3900,0" yaku="18,1,52,1,54,1" doraHai="87" who="0" fromWho="2" sc="195,55,287,0,193,-45,315,0" /><INIT seed="2,0,0,0,2,114" ten="250,287,148,315" oya="2" hai0="128,44,15,82,110,50,49,48,64,36,130,112,123" hai1="14,131,26,98,127,1,32,101,75,70,109,60,74" hai2="81,116,117,111,80,90,73,61,76,6,77,63,120" hai3="133,96,38,4,94,104,3,105,24,52,10,113,37"/><V30/><F120/><W93/><G133/><T129/><D82/><U54/><E14/><V79/><F111/><W16/><G113/><T92/><D112/><U68/><E109/><V59/><F6/><W87/><G87/><T62/><D110/><U135/><E135/><V71/><F90/><W9/><G93/><T55/><D92/><U20/><E131/><V72/><F77/><W22/><G10/><T57/><D15/><U65/><E127/><V46/><F30/><W69/><G69/><N who="0" m="42135" /><D123/><U12/><E70/><V42/><F71/><W99/><G99/><T102/><D102/><U67/><E67/><V122/><F122/><W106/><REACH who="3" step="1"/><G52/><REACH who="3" ten="250,287,148,305" step="2"/><N who="0" m="29703" /><D36/><U88/><E98/><V107/><F107/><W28/><G28/><T2/><D2/><U40/><E1/><V33/><F33/><W86/><G86/><T0/><D0/><U8/><E32/><V7/><F7/><W119/><G119/><T43/><D43/><U45/><E40/><V17/><F17/><W31/><G31/><T85/><D85/><U58/><E101/><AGARI ba="0,1" hai="3,4,9,16,22,24,37,38,94,96,101,104,105,106" machi="101" ten="40,5200,0" yaku="1,1,54,1,53,1" doraHai="114" doraHaiUra="18" who="3" fromWho="1" sc="250,0,287,-52,148,0,305,62" /><INIT seed="3,0,0,3,1,6" ten="250,235,148,367" oya="3" hai0="100,126,54,22,134,28,42,60,125,61,33,90,15" hai1="46,65,0,79,48,120,95,9,82,105,122,74,91" hai2="128,37,51,36,52,111,117,76,109,24,32,135,119" hai3="75,39,44,85,34,20,124,101,107,43,30,118,129"/><W57/><G118/><N who="2" m="45065" /><F76/><W132/><G132/><T1/><D134/><U58/><E105/><V104/><F104/><W64/><G75/><T2/><D33/><U3/><E3/><N who="0" m="1033" /><D100/><U77/><E77/><V35/><F135/><W5/><G34/><N who="2" m="12841" /><F24/><W8/><G107/><T92/><D42/><U56/><E65/><V98/><F98/><W63/><G101/><T71/><D54/><U50/><E50/><V131/><F52/><W130/><G85/><N who="0" m="52303" /><D71/><U55/><E122/><V94/><F94/><W133/><G133/><T78/><D78/><U31/><E120/><V12/><F12/><W25/><G43/><T115/><D115/><U40/><E40/><V16/><F16/><W18/><G18/><N who="0" m="10591" /><D28/><U93/><E31/><V127/><F51/><W19/><G30/><T103/><D103/><U14/><E0/><V81/><F81/><W47/><G19/><T38/><D38/><N who="2" m="14954" /><F127/><AGARI ba="0,0" hai="60,61,125,126,127" m="10591,52303,1033" machi="127" ten="30,1000,0" yaku="18,1" doraHai="6" who="0" fromWho="2" sc="250,10,235,0,148,-10,367,0" /><INIT seed="4,0,0,3,1,13" ten="260,235,138,367" oya="0" hai0="29,116,36,30,68,73,2,49,48,85,31,39,9" hai1="71,60,38,102,43,125,95,21,0,122,62,27,33" hai2="26,14,28,5,86,65,46,118,88,61,124,17,131" hai3="108,129,56,75,110,123,105,1,89,53,55,20,94"/><T99/><D116/><U77/><E122/><V59/><F118/><W45/><G105/><T58/><D73/><U106/><E125/><V74/><F124/><W135/><G1/><T98/><D68/><U127/><E127/><V3/><F131/><W15/><G129/><T113/><D85/><U72/><E0/><V97/><F74/><W50/><G75/><T109/><D113/><U104/><E95/><V4/><F3/><W12/><G135/><T133/><D133/><U6/><E6/><V120/><F97/><N who="0" m="36874" /><D2/><U7/><E71/><V66/><F66/><W93/><G123/><T107/><D58/><U80/><E102/><V90/><F46/><W16/><G110/><T37/><D107/><U83/><E72/><V40/><F40/><W76/><G76/><T18/><D9/><U34/><E43/><V35/><F120/><W8/><G89/><T63/><D63/><U121/><E77/><V70/><F90/><W84/><G84/><T54/><D54/><U67/><E121/><V130/><F70/><W134/><G108/><T126/><D126/><U115/><E115/><V119/><F130/><W11/><G11/><T69/><D109/><U47/><E106/><V111/><F111/><W128/><G134/><T96/><D69/><U25/><E104/><V117/><F117/><W132/><G132/><T10/><D96/><U57/><E57/><V22/><REACH who="2" step="1"/><F119/><REACH who="2" ten="260,235,128,367" step="2"/><W100/><G128/><T44/><D44/><U19/><E47/><V78/><F78/><W24/><G45/><T81/><D81/><AGARI ba="0,1" hai="4,5,14,17,22,26,28,35,59,61,65,81,86,88" machi="81" ten="30,7700,0" yaku="1,1,7,1,52,1,54,1,53,0" doraHai="13" doraHaiUra="114" who="2" fromWho="0" sc="260,-77,235,0,128,87,367,0" /><INIT seed="5,0,0,4,3,129" ten="183,235,215,367" oya="1" hai0="22,10,125,2,118,68,54,8,114,100,49,25,36" hai1="41,83,50,96,101,5,33,113,135,29,9,61,122" hai2="77,28,62,102,75,59,133,18,127,104,91,108,17" hai3="6,132,39,3,40,81,112,123,97,12,43,66,58"/><U1/><E122/><V115/><F108/><W86/><G3/><T69/><D114/><U128/><E113/><V52/><F115/><W120/><G39/><T26/><D49/><U0/><E128/><V13/><F127/><W70/><G70/><T124/><D22/><U111/><E0/><V117/><F117/><W134/><G97/><T56/><D56/><U94/><E83/><V60/><F28/><W119/><G112/><T46/><D2/><U85/><E85/><V76/><F75/><W45/><G119/><T31/><D118/><U55/><E41/><N who="3" m="15946" /><G45/><T93/><D46/><U27/><E61/><V16/><F13/><W92/><G92/><T14/><D14/><U82/><E82/><V63/><F104/><W15/><G15/><T90/><D93/><U44/><REACH who="1" step="1"/><E111/><REACH who="1" ten="183,225,215,367" step="2"/><V110/><F110/><W95/><G81/><T64/><D124/><U84/><E84/><V107/><F62/><N who="3" m="38231" /><G120/><T99/><D125/><U53/><E53/><V87/><F63/><W24/><G123/><T48/><D54/><U11/><E11/><V105/><F60/><W23/><G86/><T37/><D8/><U65/><E65/><V67/><F67/><W74/><G74/><T35/><D10/><U121/><E121/><V103/><F87/><W4/><G6/><T131/><D131/><U47/><E47/><V80/><F80/><W73/><G73/><T116/><D116/><U51/><E51/><V126/><F126/><W42/><G42/><T130/><D48/><U57/><E57/><V98/><F59/><W19/><G4/><T89/><D130/><U7/><E7/><RYUUKYOKU ba="0,1" sc="183,-10,225,30,215,-10,367,-10" hai1="1,5,9,27,29,33,44,50,55,94,96,101,135" /><INIT seed="5,1,1,4,4,14" ten="173,255,205,357" oya="1" hai0="15,40,135,87,90,91,47,24,92,17,77,100,65" hai1="33,94,55,102,114,121,128,26,43,119,126,20,5" hai2="64,89,49,52,6,31,62,129,7,131,25,28,67" hai3="37,19,46,104,117,57,122,12,38,60,99,84,111"/><U27/><E119/><V0/><F31/><W39/><G111/><T80/><D135/><U96/><E121/><V133/><F133/><W120/><G117/><T35/><D65/><U2/><E128/><N who="2" m="49227" /><F89/><W41/><G84/><T50/><D24/><U113/><E126/><V115/><F115/><W56/><G99/><N who="0" m="59495" /><D35/><U71/><E71/><N who="2" m="42391" /><F67/><W124/><G124/><T81/><D81/><U68/><E33/><N who="2" m="20623" /><F0/><W110/><G110/><T1/><D1/><U112/><E68/><V8/><F8/><AGARI ba="1,1" hai="8,15,17,40,47,50,77,80,87,90,91" m="59495" machi="8" ten="30,2000,0" yaku="8,1,52,1" doraHai="14" who="0" fromWho="2" sc="173,33,255,0,205,-23,357,0" /><INIT seed="6,0,0,2,2,62" ten="206,255,182,357" oya="2" hai0="118,12,70,114,2,19,79,121,106,60,103,93,131" hai1="3,82,39,59,81,33,69,53,26,42,48,76,115" hai2="7,72,46,37,1,14,27,110,52,38,104,89,122" hai3="65,40,99,77,129,113,127,109,83,84,135,80,105"/><V97/><F122/><W58/><G40/><T85/><D121/><U132/><E115/><V61/><F1/><W116/><G109/><T18/><D2/><U9/><E132/><V29/><F72/><N who="3" m="43047" /><G58/><T4/><D114/><U21/><E33/><V119/><F119/><W28/><G65/><T74/><D118/><U101/><E101/><V124/><F110/><W54/><G54/><T134/><D106/><U36/><E42/><V31/><F124/><W34/><G28/><T73/><D4/><U78/><E69/><V57/><F46/><W41/><G41/><T25/><D25/><U92/><E92/><V5/><F31/><W96/><G34/><T128/><D134/><U8/><E39/><V108/><F108/><W86/><G127/><T6/><D6/><U22/><E36/><V133/><F133/><W125/><G125/><T30/><D30/><U11/><E3/><V50/><F50/><W24/><G24/><T91/><D60/><U20/><E26/><V35/><F5/><W44/><G44/><T17/><D70/><U94/><E94/><V90/><F38/><W15/><G105/><T88/><D12/><U23/><E23/><V32/><F37/><W71/><G71/><T51/><D51/><U87/><REACH who="1" step="1"/><E22/><REACH who="1" ten="206,245,182,357" step="2"/><V10/><REACH who="2" step="1"/><F35/><REACH who="2" ten="206,245,172,357" step="2"/><W16/><G113/><T43/><D43/><U64/><E64/><V0/><F0/><W111/><G135/><T120/><D120/><U67/><E67/><V123/><F123/><W100/><G111/><T68/><D68/><U102/><E102/><AGARI ba="0,2" hai="7,10,14,27,29,32,52,57,61,89,90,97,102,104" machi="102" ten="40,7700,0" yaku="1,1,54,1,53,1" doraHai="62" doraHaiUra="95" who="2" fromWho="1" sc="206,0,245,-77,172,97,357,0" /><INIT seed="6,1,0,3,4,41" ten="206,168,269,357" oya="2" hai0="17,104,2,12,70,64,66,65,128,89,23,130,115" hai1="114,25,112,58,48,31,6,14,68,134,15,24,49" hai2="80,124,11,36,28,107,132,18,26,92,82,27,63" hai3="111,81,84,50,76,120,3,117,98,44,0,53,74"/><V99/><F107/><W91/><G111/><T1/><D115/><N who="1" m="44075" /><E68/><V119/><F119/><W47/><G117/><T73/><D104/><U122/><E122/><V32/><F132/><W103/><G120/><T125/><D73/><U106/><E106/><V126/><F36/><W61/><G61/><T96/><D125/><N who="2" m="48234" /><F63/><W34/><G34/><T97/><D70/><U45/><E134/><V118/><F118/><W69/><G69/><T22/><D22/><U43/><E6/><V110/><F110/><W108/><G108/><T40/><D40/><U100/><E100/><N who="2" m="60519" /><F27/><N who="1" m="10313" /><E31/><V51/><F51/><N who="1" m="19529" /><E58/><V9/><F18/><W88/><G103/><T20/><D20/><U42/><E42/><V38/><F38/><AGARI ba="1,0" hai="14,15,38,43,45" m="19529,10313,44075" machi="38" ten="30,2000,0" yaku="15,1,52,1" doraHai="41" who="1" fromWho="2" sc="206,0,168,23,269,-23,357,0" /><INIT seed="7,0,0,0,0,113" ten="206,191,246,357" oya="3" hai0="99,103,43,116,30,73,87,98,102,88,89,78,131" hai1="93,51,133,74,92,96,132,76,17,41,125,47,69" hai2="70,114,82,65,49,117,108,14,77,118,35,124,94" hai3="80,26,71,123,16,57,15,32,36,126,85,62,54"/><W115/><G36/><T91/><D43/><U105/><E69/><V101/><F35/><W59/><G71/><T100/><D30/><U111/><E111/><V4/><F108/><W37/><G37/><T68/><D68/><U11/><E125/><V24/><F124/><W66/><G123/><T106/><D131/><U61/><E105/><V75/><F114/><W10/><G32/><T23/><D23/><U34/><E34/><V40/><F24/><W130/><G130/><T129/><D129/><U18/><E61/><V50/><F65/><W128/><G115/><T135/><D135/><U42/><E42/><V5/><F70/><W104/><G104/><T3/><D3/><U25/><E93/><V0/><F50/><W22/><G126/><T90/><D116/><U6/><E76/><V48/><F77/><N who="3" m="46223" /><G128/><T86/><N who="0" m="22528" /><DORA hai="134" /><T107/><D102/><N who="1" m="60679" /><E74/><V84/><F101/><W45/><G45/><T120/><D120/><U9/><E9/><V39/><F75/><W119/><G119/><T19/><D19/><N who="1" m="7179" /><E25/><V79/><F39/><W95/><G95/><T109/><D109/><U29/><E29/><V58/><F94/><W12/><G10/><T7/><D7/><U28/><E28/><V20/><F4/><W46/><G46/><T122/><D122/><U72/><E72/><V33/><F33/><W64/><G64/><T2/><D2/><U13/><E133/><V21/><F0/><W8/><G8/><T31/><D31/><U1/><E132/><V56/><F118/><W53/><G66/><T112/><D112/><U44/><E1/><V67/><F117/><RYUUKYOKU ba="0,0" sc="206,10,191,10,246,-30,357,10" hai0="73,78,86,87,98,99,100,103,106,107" hai1="6,11,13,41,44,47,51" hai3="12,15,16,22,26,53,54,57,59,62" owari="216,2.0,201,-30.0,216,-18.0,367,46.0" /></mjloggm>