<mjloggm ver="2.3"><GO type="169" lobby="0"/><UN n0="%E9%9B%AA%E6%9C%88%E9%A2%A8%E8%8A%B1" n1="%6B%6F%6A%69%6D%6F%6E%39" n2="%E6%9C%A8%E6%BC%8F%E3%82%8C%E6%97%A5" n3="%E3%81%BF%E3%82%86%E3%82%8D%E3%82%93" dan="17,16,17,17" rate="2236.50,2097.65,2215.33,2173.33" sx="F,M,M,M"/><TAIKYOKU oya="0"/><INIT seed="0,0,0,3,4,82" ten="250,250,250,250" oya="0" hai0="133,41,18,67,39,69,73,49,129,9,63,79,60" hai1="43,126,51,98,20,87,125,117,29,56,84,116,37" hai2="0,53,36,30,94,22,109,6,101,12,57,61,70" hai3="76,35,45,102,78,93,11,75,2,106,71,21,44"/><T5/><D129/><U114/><E37/><V104/><F36/><W81/><G35/><T54/><D18/><U47/><E56/><V3/><F104/><W90/><G71/><T118/><D133/><U103/><E114/><V92/><F109/><W119/><G119/><T1/><D60/><U13/><E117/><V113/><F113/><W65/><G65/><T89/><D118/><U17/><E29/><V15/><F70/><W85/><G78/><T62/><D62/><U59/><E59/><V130/><F3/><W26/><G11/><T46/><D89/><U132/><E132/><V10/><F130/><W38/><G2/><T7/><D7/><U33/><E33/><V131/><F131/><W95/><G95/><T115/><D115/><U122/><E122/><V74/><F74/><W64/><G64/><T28/><D28/><U40/><E40/><V68/><F68/><W48/><G48/><T19/><D19/><U23/><E23/><V123/><F123/><W83/><G83/><N who="0" m="45551" /><D49/><U14/><E14/><V66/><F66/><W31/><G38/><T97/><D97/><AGARI ba="0,0" hai="21,26,31,44,45,75,76,81,85,90,93,97,102,106" machi="97" ten="40,5200,0" yaku="24,2,52,1" doraHai="82" who="3" fromWho="0" sc="250,-52,250,0,250,0,250,52" /><INIT seed="1,0,0,5,1,109" ten="198,250,250,302" oya="1" hai0="35,124,134,40,66,17,36,47,59,54,101,98,1" hai1="14,57,6,115,63,42,67,43,13,122,106,26,120" hai2="61,28,82,97,18,92,73,41,126,7,25,48,94" hai3="96,79,75,70,15,44,77,12,105,95,21,5,121"/><U130/><E106/><V90/><F126/><W31/><G121/><T72/><D124/><U93/><E130/><V111/><F111/><W52/><G105/><T22/><D1/><U65/><E65/><V64/><F7/><W99/><G70/><T38/><D35/><U125/><E125/><V127/><F127/><W8/><G75/><T46/><D72/><U132/><E132/><V55/><F41/><W81/><G81/><T89/><D66/><U2/><E2/><V110/><F110/><W19/><G31/><T56/><D89/><U50/><E115/><V118/><F118/><W88/><G96/><T34/><D34/><U91/><E26/><V4/><F4/><W0/><G0/><T30/><D30/><U116/><E116/><V76/><F94/><W27/><G15/><T133/><D46/><U39/><E39/><V37/><F37/><W24/><G24/><N who="0" m="14415" /><D54/><U9/><E14/><V74/><F74/><W33/><G33/><T114/><D36/><U62/><E62/><V60/><F64/><W108/><G108/><T69/><D114/><U78/><E78/><V29/><F29/><W80/><G80/><T128/><D69/><U131/><E131/><V10/><F28/><W32/><G32/><T11/><D128/><U84/><REACH who="1" step="1"/><E50/><AGARI ba="0,0" hai="5,8,12,19,21,27,44,50,52,77,79,88,95,99" machi="50" ten="40,5200,0" yaku="8,1,54,2" doraHai="109" who="3" fromWho="1" sc="198,0,250,-52,250,0,302,52" /><INIT seed="2,0,0,1,3,28" ten="198,198,250,354" oya="2" hai0="67,62,98,102,32,131,49,24,73,18,56,6,75" hai1="129,46,81,107,25,48,100,9,122,63,112,103,128" hai2="69,45,68,17,126,53,8,64,92,95,85,59,43" hai3="124,120,119,19,105,37,78,121,111,113,0,70,13"/><V101/><F126/><W108/><RYUUKYOKU type="yao9" ba="0,0" sc="198,0,198,0,250,0,354,0" hai3="0,13,19,37,70,78,105,108,111,113,119,120,121,124" /><INIT seed="2,1,0,3,0,39" ten="198,198,250,354" oya="2" hai0="123,120,115,116,80,99,37,51,1,102,105,6,73" hai1="4,90,11,18,83,66,16,55,128,77,49,93,70" hai2="14,100,10,25,54,2,122,22,23,108,131,134,84" hai3="127,43,20,68,113,5,40,60,35,126,56,72,89"/><V62/><F122/><W21/><G68/><T119/><D51/><U41/><E128/><V111/><F100/><W86/><G72/><T97/><D97/><U12/><E66/><V104/><F104/><W53/><G35/><T7/><D7/><U118/><E70/><V36/><F36/><W96/><G5/><T114/><D37/><U42/><E118/><N who="0" m="45097" /><D6/><U8/><E83/><V46/><F2/><W65/><G96/><T48/><D48/><U50/><E50/><N who="2" m="29015" /><F62/><W135/><G135/><T26/><D26/><U28/><E28/><V31/><F84/><W109/><G109/><N who="2" m="42057" /><F131/><W87/><G87/><T101/><D101/><U107/><E77/><V38/><F38/><W81/><G53/><T78/><D1/><U121/><E107/><V132/><F23/><N who="3" m="8779" /><G113/><AGARI ba="1,0" hai="73,78,80,99,102,105,113,114,115,120,123" m="45097" machi="113" ten="30,7700,0" yaku="12,1,23,1,34,2" doraHai="39" who="0" fromWho="3" sc="198,80,198,0,250,0,354,-80" /><INIT seed="3,0,0,5,0,34" ten="278,198,250,274" oya="3" hai0="49,14,51,83,125,71,53,65,38,90,96,62,2" hai1="3,60,18,73,93,54,68,36,107,25,104,27,1" hai2="5,132,11,103,40,92,102,58,13,4,114,94,64" hai3="128,117,55,122,78,111,84,48,22,23,129,86,29"/><W101/><G117/><T118/><D118/><U20/><E73/><V85/><F114/><W116/><G116/><T26/><D38/><U100/><E36/><V43/><F132/><W124/><G122/><T8/><D125/><U80/><E80/><V91/><F5/><W98/><G124/><T19/><D2/><U123/><E123/><V106/><F106/><W77/><G111/><T126/><D126/><U37/><E37/><V9/><F9/><W81/><G84/><T56/><D26/><U52/><E104/><V110/><F110/><W89/><G128/><T105/><D83/><U0/><E107/><V61/><REACH who="2" step="1"/><F94/><REACH who="2" ten="278,198,240,274" step="2"/><N who="3" m="58583" /><G129/><T109/><D109/><U95/><E95/><V24/><F24/><N who="3" m="16535" /><G23/><T121/><D121/><U63/><E27/><V134/><F134/><W12/><G12/><T41/><D105/><U33/><E33/><V66/><F66/><W21/><G21/><T72/><D14/><U7/><E7/><V50/><F50/><W108/><G108/><T35/><D49/><U47/><E63/><V45/><F45/><AGARI ba="0,1" hai="45,48,55,77,78,81,86,89" m="16535,58583" machi="45" ten="30,1500,0" yaku="8,1" doraHai="34" who="3" fromWho="2" sc="278,0,198,0,240,-15,274,25" /><INIT seed="3,1,0,0,5,127" ten="278,198,225,299" oya="3" hai0="32,56,69,63,23,111,105,49,96,75,128,78,112" hai1="117,89,2,10,116,122,121,16,17,106,64,110,104" hai2="130,7,77,14,125,5,86,100,29,90,35,39,22" hai3="1,53,50,71,27,83,107,61,6,132,46,34,4"/><W58/><G132/><T43/><D111/><U13/><E64/><V134/><F39/><W81/><G107/><T42/><D32/><U92/><E2/><V55/><F35/><W103/><G103/><T15/><D69/><U84/><E17/><V67/><F77/><W21/><G34/><T82/><D112/><U97/><E110/><V73/><F73/><W85/><G71/><T70/><D49/><U119/><REACH who="1" step="1"/><E84/><REACH who="1" ten="278,188,225,299" step="2"/><V80/><F86/><W113/><G1/><T131/><D70/><U135/><E135/><V26/><F134/><W8/><G85/><T65/><D96/><U28/><E28/><V54/><F29/><W93/><G113/><T40/><REACH who="0" step="1"/><D105/><AGARI ba="1,1" hai="10,13,16,89,92,97,104,105,106,116,117,119,121,122" machi="105" ten="50,6400,0" yaku="1,1,12,1,54,1,53,0" doraHai="127" doraHaiUra="38" who="1" fromWho="0" sc="278,-67,188,77,225,0,299,0" /><INIT seed="4,0,0,5,0,9" ten="211,265,225,299" oya="0" hai0="129,110,76,106,27,50,44,100,65,5,75,135,74" hai1="48,23,3,127,101,7,29,132,15,53,43,130,119" hai2="35,6,95,99,26,88,25,56,128,4,54,37,107" hai3="98,120,24,96,85,8,2,122,60,72,61,124,40"/><T133/><D65/><U14/><E119/><V45/><F128/><W42/><G72/><T105/><D129/><U39/><E130/><V67/><F107/><W64/><G124/><T49/><D27/><N who="2" m="10250" /><F37/><W112/><G112/><T116/><D5/><U86/><E127/><V125/><F35/><W51/><G85/><T18/><D18/><U32/><E132/><V118/><F118/><W70/><G60/><T123/><D44/><U0/><E101/><V94/><F125/><W104/><G24/><T92/><D100/><U10/><E43/><N who="3" m="16426" /><G51/><T38/><D116/><U81/><E39/><V117/><F117/><W63/><G63/><T131/><D131/><U80/><E80/><V111/><F111/><W71/><G71/><T33/><D38/><U34/><E29/><V20/><F20/><W19/><G104/><T126/><D110/><U16/><E34/><V97/><F45/><W89/><G89/><T103/><D33/><U114/><E114/><V68/><F67/><W21/><G21/><T77/><D126/><U66/><E66/><V78/><F78/><W134/><G134/><T83/><D103/><U62/><E62/><N who="2" m="36119" /><F68/><W121/><G2/><T82/><REACH who="0" step="1"/><D123/><REACH who="0" ten="201,265,225,299" step="2"/><U41/><E32/><V36/><F36/><W69/><G70/><T84/><D84/><U109/><E109/><V57/><F57/><W115/><G115/><T58/><D58/><U47/><E41/><V28/><F28/><W31/><G31/><T102/><D102/><AGARI ba="0,1" hai="4,6,88,94,95,97,99,102" m="36119,10250" machi="102" ten="30,2000,0" yaku="8,1,54,1" doraHai="9" who="2" fromWho="0" sc="201,-20,265,0,225,30,299,0" /><INIT seed="5,0,0,5,4,66" ten="181,265,255,299" oya="1" hai0="54,37,122,3,87,100,93,23,31,17,111,9,1" hai1="26,105,14,117,55,125,38,50,106,58,101,82,85" hai2="16,80,97,119,46,92,60,94,95,103,34,68,25" hai3="96,121,120,40,102,88,28,86,75,53,128,116,81"/><U62/><E117/><V42/><F119/><W22/><G116/><T104/><D122/><U63/><E38/><V131/><F131/><W33/><G33/><T7/><D37/><U130/><E130/><V115/><F80/><W89/><G128/><T21/><D111/><U30/><E125/><V35/><F115/><W132/><G132/><T135/><D135/><U20/><E14/><V69/><F60/><W43/><G53/><T107/><D3/><U51/><E51/><V98/><F95/><N who="3" m="54679" /><G89/><T124/><D54/><U127/><E127/><V11/><F35/><W126/><G22/><T133/><D133/><U65/><E63/><V110/><F110/><W59/><G59/><T12/><D124/><U6/><E6/><V24/><F34/><W49/><G28/><T18/><D31/><U91/><REACH who="1" step="1"/><E101/><REACH who="1" ten="181,255,255,299" step="2"/><V56/><F103/><W134/><G49/><T32/><D100/><U74/><E74/><V108/><F108/><W67/><G134/><T10/><D1/><U39/><E39/><V44/><F11/><W0/><G0/><T29/><D9/><U8/><E8/><V129/><F129/><W36/><G126/><T5/><D10/><U45/><AGARI ba="0,1" hai="20,26,30,45,50,55,58,62,65,82,85,91,105,106" machi="45" ten="20,7800,0" yaku="1,1,0,1,7,1,53,1" doraHai="66" doraHaiUra="27" who="1" fromWho="1" sc="181,-26,255,88,255,-26,299,-26" /><INIT seed="5,1,0,4,0,92" ten="155,343,229,273" oya="1" hai0="51,3,74,27,60,125,30,9,111,14,134,64,47" hai1="77,94,120,29,88,6,68,87,110,100,122,31,98" hai2="5,24,7,25,76,69,54,91,95,131,133,118,108" hai3="106,45,17,82,41,83,97,128,43,81,115,8,112"/><U71/><E6/><V89/><F108/><W90/><G128/><T52/><D111/><U96/><E71/><V107/><F107/><W104/><G90/><T20/><D134/><U79/><E68/><V84/><F69/><W34/><G34/><T12/><D125/><U55/><E55/><V26/><F118/><W80/><N who="3" m="20480" /><DORA hai="58" /><W73/><G73/><T101/><D74/><U0/><E0/><V93/><F76/><N who="1" m="29257" /><E31/><V23/><F131/><W123/><G123/><N who="1" m="47146" /><E29/><V37/><F133/><W127/><G127/><T109/><D109/><U78/><N who="1" m="29265" /><U19/><DORA hai="42" /><E19/><V57/><F37/><W16/><G43/><T39/><D39/><U13/><E13/><V124/><F124/><W44/><G8/><T53/><D53/><U59/><E59/><V116/><F116/><W102/><G106/><T48/><D48/><U11/><E11/><V2/><F2/><W28/><G28/><T135/><D135/><U113/><E113/><N who="3" m="43594" /><G45/><T1/><D101/><U117/><E117/><V4/><F23/><W130/><G130/><T85/><D1/><U75/><E75/><V105/><F7/><W62/><G62/><T63/><D3/><U21/><E21/><V67/><F5/><W66/><G66/><T86/><D64/><U10/><E10/><V119/><F67/><W22/><G22/><T103/><D9/><U61/><E61/><N who="0" m="23625" /><D103/><U65/><E65/><V126/><F119/><W70/><G70/><T114/><D114/><U36/><E36/><AGARI ba="1,0" hai="16,17,36,41,44,97,102,104" m="43594,20480" machi="36" ten="40,8000,1" yaku="15,1,52,2,54,1" doraHai="92,58,42" who="3" fromWho="1" sc="155,0,343,-83,229,0,273,83" /><INIT seed="6,0,0,2,2,82" ten="155,260,229,356" oya="2" hai0="85,86,36,68,70,116,67,78,14,69,41,23,73" hai1="42,84,33,57,126,99,89,35,10,58,17,94,1" hai2="117,34,79,20,11,53,112,123,104,62,106,27,96" hai3="52,22,77,46,125,119,105,128,108,12,133,103,124"/><V97/><F117/><W98/><G108/><T2/><D116/><U37/><E126/><N who="3" m="48746" /><G119/><T95/><D2/><U92/><E42/><V8/><F34/><W3/><G3/><T38/><D67/><U43/><E43/><V93/><F123/><W60/><G128/><T101/><D73/><U80/><E37/><V30/><F112/><W21/><G133/><T18/><D78/><U48/><E94/><V102/><F79/><W71/><G77/><T132/><D132/><U0/><E0/><V83/><F83/><W29/><G29/><T7/><D7/><U100/><E58/><V15/><F11/><W25/><G25/><T115/><D115/><U107/><E107/><V4/><F97/><W134/><G134/><T64/><D64/><U59/><E59/><V113/><F113/><W31/><G31/><T121/><D121/><U19/><E35/><V26/><F26/><W72/><G72/><T51/><D36/><U56/><E56/><V75/><F75/><W130/><G130/><T5/><D38/><U55/><REACH who="1" step="1"/><E33/><REACH who="1" ten="155,250,229,356" step="2"/><V76/><F106/><W24/><G105/><T13/><D41/><U109/><E109/><V110/><F104/><W65/><G46/><T120/><D120/><U28/><E28/><V88/><F110/><W9/><G71/><T16/><D51/><U49/><E49/><V127/><F127/><W111/><G111/><T122/><D122/><U135/><E135/><V39/><F39/><W114/><G114/><T45/><D45/><U74/><E74/><V81/><F30/><W6/><G60/><T61/><D61/><U91/><E91/><RYUUKYOKU ba="0,1" sc="155,-10,250,30,229,-10,356,-10" hai1="1,10,17,19,48,55,57,80,84,89,92,99,100" /><INIT seed="7,1,1,4,4,43" ten="145,280,219,346" oya="3" hai0="65,101,122,82,3,56,54,124,70,133,51,123,79" hai1="59,62,20,98,88,44,10,102,103,114,107,93,68" hai2="13,49,110,39,6,33,73,27,95,108,74,127,18" hai3="105,126,89,96,64,134,97,46,35,60,81,121,47"/><W55/><G121/><T99/><D124/><U31/><E68/><V5/><F39/><W2/><G126/><T9/><D133/><U80/><E114/><V129/><F127/><W12/><G2/><T132/><D132/><U106/><E10/><V15/><F95/><W111/><G35/><T120/><D70/><U78/><E107/><V45/><F129/><W29/><G134/><T40/><D65/><U53/><E106/><V83/><F27/><W1/><G1/><T117/><D117/><U16/><E44/><V92/><F92/><W130/><G29/><T23/><D23/><U38/><E31/><V125/><F125/><W52/><G105/><T34/><D34/><U7/><E7/><V61/><F33/><W119/><G12/><T113/><D113/><U75/><E38/><V21/><F61/><W8/><G8/><T24/><D40/><U22/><E22/><V94/><F110/><W72/><G111/><T57/><D24/><AGARI ba="1,1" hai="16,20,24,53,59,62,75,78,80,88,93,98,102,103" machi="24" ten="30,8000,1" yaku="7,1,25,2,54,2" doraHai="43" who="1" fromWho="0" sc="145,-83,280,93,219,0,346,0" owari="62,-44.0,373,47.0,219,-18.0,346,15.0" /></mjloggm>