<mjloggm ver="2.3"><GO type="225" lobby="0"/><UN n0="%E8%A8%88%E7%AE%97%E6%A9%9F%E8%87%AA%E7%84%B6" n1="%E3%82%A4%E3%83%8A%E3%82%BA%E3%83%9E%E8%91%AC%E5%84%80" n2="%E4%B8%89%E5%86%A0%E7%8E%8B%E3%83%BB%E5%B1%B1%E7%94%B0%E5%93%B2%E4%BA%BA" n3="%E5%AE%89%E8%97%A4%E3%82%AB%E3%82%B1%E3%83%AB" dan="17,17,17,16" rate="2238.26,2238.81,2193.90,2055.78" sx="M,F,M,M"/><TAIKYOKU oya="0"/><INIT seed="0,0,0,3,4,57" ten="250,250,250,250" oya="0" hai0="114,25,65,79,27,107,31,38,73,85,19,112,50" hai1="39,94,81,105,7,0,21,122,108,123,111,51,10" hai2="120,125,135,86,36,116,119,58,18,26,66,63,70" hai3="4,77,16,2,47,64,98,22,126,71,37,46,78"/><T67/><D38/><U133/><E39/><V49/><F120/><W11/><G126/><T92/><D107/><U17/><E105/><V110/><F125/><W54/><G98/><T12/><D73/><U28/><E94/><V9/><F110/><N who="1" m="42025" /><E51/><V87/><F36/><W35/><G35/><T23/><D114/><U117/><E81/><V24/><F135/><W128/><G128/><T84/><D112/><U6/><E117/><N who="2" m="45131" /><F9/><W3/><G3/><T5/><D50/><U102/><E102/><V106/><F106/><W41/><G54/><T68/><D68/><U88/><E88/><V32/><F18/><W56/><G47/><T76/><D5/><N who="1" m="1319" /><E28/><V34/><F87/><N who="0" m="33354" /><D92/><U130/><E130/><V83/><F70/><W61/><REACH who="3" step="1"/><G71/><REACH who="3" ten="250,250,250,240" step="2"/><T121/><D31/><U101/><E133/><V109/><F109/><W1/><G1/><T95/><D121/><N who="1" m="46091" /><E101/><V90/><F49/><W127/><G127/><T115/><D115/><U45/><E45/><V93/><F93/><W72/><G72/><T20/><D95/><U30/><E30/><V104/><F104/><W118/><G118/><T91/><D79/><U69/><E69/><V14/><F34/><W103/><G103/><T113/><D76/><U132/><E132/><V53/><F32/><W74/><G74/><T62/><D113/><U29/><E29/><V89/><F89/><W134/><G134/><T59/><D91/><U52/><E52/><V15/><F53/><W97/><G97/><T131/><D131/><U43/><E43/><V60/><F90/><W100/><G100/><T129/><D129/><U8/><E8/><RYUUKYOKU ba="0,1" sc="250,-15,250,15,250,-15,240,15" hai1="6,7,17,21" hai3="2,4,11,16,22,37,41,46,56,61,64,77,78" /><INIT seed="1,1,1,0,3,23" ten="235,265,235,255" oya="1" hai0="24,5,85,114,33,87,69,29,113,54,12,37,32" hai1="51,94,30,106,100,125,59,88,43,36,48,44,103" hai2="9,131,47,52,18,104,121,133,8,109,79,118,49" hai3="72,97,35,10,58,27,93,15,0,63,96,73,14"/><U11/><E125/><V124/><F118/><W50/><G0/><T91/><D69/><U61/><E30/><V56/><F121/><W86/><G50/><T64/><D37/><U128/><E128/><V16/><F124/><W46/><G46/><T53/><D64/><U70/><E70/><V129/><F104/><W22/><G35/><T127/><D127/><U110/><E110/><V80/><F109/><W1/><G1/><T77/><D77/><U82/><E82/><V120/><F120/><W132/><G132/><T20/><D5/><U31/><E31/><V117/><F117/><W7/><G15/><T105/><D105/><U130/><E130/><N who="2" m="49675" /><F133/><W17/><G86/><T75/><D75/><U2/><E2/><V81/><F81/><W92/><G92/><T21/><D29/><U34/><E11/><N who="2" m="4171" /><F47/><W123/><G123/><T89/><D12/><U74/><E74/><AGARI ba="1,1" hai="16,18,49,52,56,74,79,80" m="4171,49675" machi="74" ten="30,3900,0" yaku="19,1,54,2" doraHai="23" who="2" fromWho="1" sc="235,0,265,-42,235,52,255,0" /><INIT seed="2,0,0,5,5,79" ten="235,223,287,255" oya="2" hai0="121,35,111,4,95,14,76,109,10,33,132,34,43" hai1="86,118,16,1,40,29,90,124,115,20,96,129,85" hai2="107,119,47,101,32,41,87,92,15,44,42,65,31" hai3="0,108,67,37,78,122,88,134,46,21,51,17,36"/><V61/><F119/><W64/><G0/><T5/><D43/><U126/><E115/><V114/><F114/><W72/><G122/><T38/><D38/><U135/><E118/><V9/><F107/><W100/><G100/><T48/><D48/><U97/><E1/><V117/><F117/><W130/><G130/><T19/><D121/><U106/><E129/><V24/><F44/><W63/><G134/><T80/><D95/><N who="1" m="56439" /><E29/><V112/><F47/><W57/><G108/><N who="0" m="41547" /><D132/><U82/><E40/><V50/><F50/><W69/><G67/><T56/><D56/><U105/><E97/><V133/><F112/><W60/><G60/><T54/><D54/><U39/><E86/><AGARI ba="0,0" hai="4,5,10,14,19,33,34,35,76,80,86" m="41547" machi="86" ten="40,2600,0" yaku="14,1,52,1" doraHai="79" who="0" fromWho="1" sc="235,26,223,-26,287,0,255,0" /><INIT seed="3,0,0,3,4,57" ten="261,197,287,255" oya="3" hai0="110,23,125,117,63,4,101,14,65,56,35,71,26" hai1="37,130,1,102,64,118,47,78,43,62,131,33,95" hai2="80,32,92,129,15,6,88,108,135,82,21,128,41" hai3="18,55,9,67,30,25,103,42,60,132,127,39,50"/><W97/><G127/><T72/><D117/><U13/><E1/><V123/><F32/><W100/><G132/><T58/><D72/><U10/><E33/><V76/><F135/><W111/><G111/><T48/><D110/><U0/><E0/><V86/><F108/><W91/><G42/><T98/><D125/><U96/><E118/><V79/><F123/><W17/><G39/><T31/><D48/><U119/><E78/><N who="2" m="29739" /><F41/><W22/><G91/><T113/><D113/><U45/><E45/><V70/><F70/><W115/><G115/><T28/><D4/><U16/><REACH who="1" step="1"/><E119/><REACH who="1" ten="261,187,287,255" step="2"/><V107/><F129/><W66/><G9/><T36/><D36/><U120/><E120/><V122/><F128/><W3/><G3/><T53/><D53/><U69/><AGARI ba="0,1" hai="10,13,16,37,43,47,62,64,69,95,96,102,130,131" machi="69" ten="30,7900,0" yaku="1,1,0,1,52,1,54,1,53,0" doraHai="57" doraHaiUra="54" who="1" fromWho="1" sc="261,-20,187,89,287,-20,255,-39" /><INIT seed="4,0,0,5,2,131" ten="241,276,267,216" oya="0" hai0="126,110,132,9,53,103,78,72,130,66,86,119,105" hai1="5,109,8,22,46,94,84,114,49,106,28,10,124" hai2="48,7,42,54,60,82,56,50,3,68,14,93,97" hai3="100,43,70,34,80,121,67,89,0,33,69,51,95"/><T31/><D66/><U65/><E106/><V57/><F3/><W20/><G0/><T44/><D119/><U129/><E109/><V71/><F82/><W125/><G121/><T17/><D130/><U52/><E124/><V1/><F1/><W6/><G125/><T118/><D118/><U122/><E122/><V134/><F134/><W23/><G6/><T85/><D126/><U11/><E65/><V76/><F76/><W24/><G100/><T61/><D31/><U107/><E107/><V91/><F42/><W75/><G20/><T40/><D110/><U55/><E55/><V64/><F50/><W123/><G123/><T120/><D120/><U36/><E36/><V32/><F32/><W92/><G92/><T62/><D72/><U2/><E114/><V58/><F71/><W104/><G104/><T115/><D115/><U96/><E84/><V128/><F128/><W98/><G70/><T16/><D132/><U35/><E35/><V116/><F116/><W37/><G37/><T88/><D103/><U79/><E79/><V111/><F111/><W99/><G75/><T135/><D105/><U30/><E30/><V45/><REACH who="2" step="1"/><F68/><REACH who="2" ten="241,276,257,216" step="2"/><W4/><G69/><T73/><D135/><U90/><E129/><V108/><F108/><W59/><G33/><T81/><D40/><U74/><E74/><V102/><F102/><W63/><G43/><T27/><D73/><U101/><E101/><V127/><F127/><W39/><G34/><T15/><D78/><U133/><E133/><V18/><F18/><W25/><G39/><T113/><D17/><U13/><E2/><RYUUKYOKU ba="0,1" sc="241,-15,276,15,257,15,216,-15" hai1="5,8,10,11,13,22,28,46,49,52,90,94,96" hai2="7,14,45,48,54,56,57,58,60,64,91,93,97" /><INIT seed="5,1,1,2,2,130" ten="226,291,272,201" oya="1" hai0="28,5,116,99,29,107,78,63,96,20,88,14,94" hai1="31,42,58,89,84,105,91,118,13,10,117,114,36" hai2="108,35,1,121,123,33,27,52,18,7,86,112,80" hai3="41,71,132,102,39,65,17,74,124,92,48,47,110"/><U106/><E31/><V103/><F108/><W98/><G74/><T79/><D116/><U126/><E114/><V8/><F103/><W34/><G34/><T87/><D63/><U64/><E36/><V120/><F112/><W75/><G75/><T68/><D68/><U30/><E42/><V9/><F52/><W2/><G2/><T46/><D46/><U115/><E30/><N who="0" m="11881" /><D107/><U113/><E126/><V131/><F131/><W11/><G124/><T6/><D96/><U122/><E58/><V55/><F55/><W128/><G128/><T83/><D79/><U77/><E77/><V25/><F80/><W100/><G110/><T109/><D109/><U59/><E59/><V62/><F86/><W104/><G71/><T40/><D40/><U44/><E44/><V93/><F93/><W43/><G65/><T38/><D38/><U24/><E64/><V81/><F81/><W70/><G70/><T12/><D20/><U101/><E106/><V49/><F49/><W134/><G41/><T37/><D37/><U60/><E105/><V125/><F62/><W69/><G39/><T82/><D82/><U73/><E60/><V0/><F125/><W21/><G69/><T133/><D133/><N who="3" m="51305" /><G11/><T97/><D97/><U57/><E117/><V19/><F121/><W85/><G85/><T53/><D53/><U45/><E118/><V56/><F123/><W32/><G32/><T51/><D51/><U76/><E122/><V50/><F120/><W66/><G66/><T111/><D111/><U26/><E115/><V3/><F35/><W67/><G104/><T127/><D127/><RYUUKYOKU ba="1,1" sc="226,30,291,-10,272,-10,201,-10" hai0="5,6,12,14,78,83,87,88,94,99" /><INIT seed="6,2,1,3,5,80" ten="256,281,262,191" oya="2" hai0="99,122,117,81,123,28,12,103,40,121,42,22,26" hai1="65,21,118,69,56,97,45,115,76,38,18,32,104" hai2="52,23,83,13,114,96,70,79,61,132,15,14,1" hai3="93,44,102,33,91,66,31,133,72,135,47,131,100"/><V57/><F1/><W19/><G72/><T0/><D0/><U120/><E32/><V127/><F114/><W60/><G131/><T71/><D71/><U73/><E69/><V48/><F127/><W68/><G31/><T8/><D117/><U59/><E65/><V126/><F126/><W124/><G33/><T5/><REACH who="0" step="1"/><D81/><REACH who="0" ten="246,281,262,191" step="2"/><U98/><E118/><V6/><F70/><W112/><G112/><T125/><D125/><U11/><E115/><V78/><F83/><W53/><G124/><T36/><D36/><U9/><E38/><V128/><F128/><W51/><G135/><T54/><D54/><U29/><E120/><V129/><F132/><W107/><G133/><T25/><D25/><U87/><E73/><V4/><F129/><W20/><G68/><T41/><D41/><U37/><E37/><V16/><F52/><W74/><G53/><T113/><D113/><U82/><E82/><V119/><F119/><W24/><G74/><T86/><D86/><U94/><E87/><V134/><F134/><W88/><G24/><T95/><AGARI ba="2,2" hai="5,8,12,22,26,28,40,42,95,99,103,121,122,123" machi="95" ten="30,2000,0" yaku="1,1,0,1,53,0" doraHai="80" doraHaiUra="64" who="0" fromWho="0" sc="246,46,281,-7,262,-12,191,-7" /><INIT seed="7,0,0,3,4,53" ten="292,274,250,184" oya="3" hai0="112,19,31,38,133,45,23,92,68,13,11,40,59" hai1="90,4,75,7,60,125,86,87,36,101,100,44,71" hai2="78,61,82,73,77,122,33,32,8,118,74,52,56" hai3="130,105,97,108,99,2,20,55,119,29,84,115,114"/><W0/><G119/><T109/><D109/><U24/><E75/><V72/><F118/><W120/><G108/><T116/><D116/><U124/><E24/><V46/><F122/><W1/><G120/><T134/><D68/><U21/><E21/><V121/><F121/><W42/><G130/><T69/><D69/><U39/><E71/><V15/><F46/><W102/><G42/><T113/><D59/><U58/><E44/><V76/><REACH who="2" step="1"/><F82/><REACH who="2" ten="292,274,240,184" step="2"/><W48/><G115/><N who="0" m="44107" /><D92/><U83/><E36/><V98/><F98/><W110/><G114/><T50/><D38/><U41/><E39/><V22/><F22/><W95/><G110/><T18/><D31/><U57/><E41/><V10/><F10/><W132/><G29/><T65/><D65/><U3/><E83/><V131/><F131/><W80/><G20/><T79/><D79/><U12/><E60/><V106/><F106/><W6/><G105/><T104/><D104/><U111/><E111/><V35/><F35/><W34/><G34/><T127/><D127/><U51/><E51/><V85/><F85/><W17/><G99/><T70/><D70/><U91/><E3/><V123/><F123/><W16/><G132/><T63/><D63/><U88/><E91/><V9/><F9/><W26/><G26/><AGARI ba="0,1" hai="11,13,18,19,23,26,40,45,50,133,134" m="44107" machi="26" ten="30,2000,0" yaku="15,1,11,1" doraHai="53" who="0" fromWho="3" sc="292,30,274,0,240,0,184,-20" owari="322,43.0,274,7.0,240,-16.0,164,-34.0" /></mjloggm>