<mjloggm ver="2.3"><GO type="185" lobby="0"/><UN n0="%44%75%73%6B" n1="%E3%82%8A%E3%82%80%E3%82%8B" n2="%E3%82%8D%E3%81%AF%E3%82%93%37%33" n3="" dan="16,16,16,0" rate="2197.79,2155.05,2047.75,1500.00" sx="M,M,M,C"/><TAIKYOKU oya="0"/><INIT seed="0,0,0,5,4,110" ten="350,350,350,0" oya="0" hai0="42,40,67,79,86,34,83,53,33,114,119,116,41" hai1="105,90,74,66,72,46,57,117,62,48,93,55,130" hai2="52,3,131,36,103,59,129,82,94,71,92,97,89" hai3=""/><T65/><D114/><U124/><E117/><V81/><F71/><T58/><D116/><U104/><E130/><N who="2" m="49675" /><F36/><T126/><D119/><U135/><E135/><V64/><F64/><T133/><D126/><U95/><E124/><V78/><F3/><T120/><N who="0" m="30752" /><T45/><D45/><U84/><REACH who="1" step="1"/><E93/><REACH who="1" ten="350,340,350,0" step="2"/><V128/><F128/><T60/><REACH who="0" step="1"/><D133/><REACH who="0" ten="340,340,350,0" step="2"/><U43/><E43/><V0/><F0/><T50/><D50/><U63/><E63/><V122/><F122/><T91/><D91/><U70/><E70/><V96/><F78/><T108/><D108/><U99/><E99/><V98/><F97/><T115/><D115/><U125/><E125/><V123/><N who="2" m="31520" /><V102/><F89/><T132/><D132/><U77/><E77/><V111/><F111/><T37/><D37/><U112/><E112/><V134/><F134/><T88/><D88/><U101/><E101/><V38/><F38/><T127/><D127/><U118/><E118/><V39/><F39/><T56/><D56/><U44/><E44/><V76/><F76/><T47/><D47/><U32/><E32/><AGARI ba="0,2" hai="32,33,34,40,41,42,53,58,60,65,67,79,83,86" m="30752" machi="32" ten="40,3900,0" yaku="1,1,52,1,53,0" doraHai="110" doraHaiUra="107" who="0" fromWho="1" sc="340,59,340,-39,350,0,0,0" /><INIT seed="0,1,0,0,2,69" ten="399,301,350,0" oya="0" hai0="95,43,37,42,130,101,122,129,64,68,132,81,126" hai1="38,128,55,33,91,56,100,134,79,115,123,54,74" hai2="88,133,2,117,44,32,63,39,46,41,75,66,109" hai3=""/><T112/><N who="0" m="31264" /><T102/><D132/><U34/><N who="1" m="31520" /><U65/><E134/><V73/><F2/><T127/><D81/><U85/><E128/><N who="0" m="49257" /><D112/><U104/><E115/><V110/><F133/><T111/><D111/><U103/><E79/><V82/><F117/><T59/><D68/><U67/><E74/><V62/><F44/><T113/><D113/><U61/><E38/><V86/><F32/><T47/><D43/><U52/><E65/><V106/><F106/><T119/><D119/><U90/><E90/><V60/><REACH who="2" step="1"/><F66/><REACH who="2" ten="399,301,340,0" step="2"/><T131/><D131/><U40/><E104/><V98/><F98/><T114/><D114/><U84/><E33/><V87/><F87/><T3/><D3/><U53/><E34/><V89/><F89/><T58/><D64/><U92/><E67/><V57/><F57/><N who="0" m="21514" /><D101/><U124/><E100/><V80/><F80/><T77/><D77/><U99/><E103/><V116/><F116/><T107/><D107/><U120/><E120/><V50/><F50/><T93/><D102/><U71/><E56/><V83/><F83/><T78/><D78/><U94/><E91/><V49/><F49/><T1/><D1/><U35/><E35/><V125/><F125/><AGARI ba="1,1" hai="37,42,47,93,95,125,126,127" m="21514,49257,31264" machi="125" ten="30,11600,0" yaku="18,1,19,1,52,2" doraHai="69" who="0" fromWho="2" sc="399,128,301,0,340,-118,0,0" /><INIT seed="0,2,0,0,5,59" ten="527,301,222,0" oya="0" hai0="50,77,45,109,114,88,85,130,101,120,108,90,99" hai1="132,107,92,110,91,57,111,128,115,126,102,73,0" hai2="68,112,121,125,104,56,36,3,66,58,34,67,129" hai3=""/><T39/><N who="0" m="30752" /><T65/><D114/><U55/><E0/><V71/><N who="2" m="31008" /><V117/><F3/><T87/><D130/><U62/><E128/><V72/><F104/><T97/><D39/><U93/><E115/><V52/><F72/><T124/><D124/><U44/><E126/><V134/><F34/><T74/><D65/><U75/><E132/><V38/><F134/><T61/><D74/><U133/><E133/><V80/><F80/><T60/><D77/><U37/><E107/><V95/><F95/><T64/><D64/><U33/><E33/><V89/><F89/><T41/><D87/><U135/><E135/><V98/><F98/><N who="0" m="37386" /><D101/><U48/><E37/><V119/><F129/><T86/><D86/><U84/><E110/><N who="0" m="42601" /><D90/><U32/><E111/><V69/><F125/><T100/><D100/><U113/><E113/><V131/><F131/><T94/><AGARI ba="2,0" hai="41,45,50,60,61,85,88,94" m="42601,37386,30752" machi="94" ten="30,12000,2" yaku="14,1,10,1,52,3,54,1" doraHai="59" who="0" fromWho="0" sc="527,124,301,-62,222,-62,0,0" /><INIT seed="0,3,0,5,0,35" ten="651,239,160,0" oya="0" hai0="59,60,103,75,71,110,98,116,86,101,81,50,46" hai1="82,32,104,37,80,123,91,79,54,45,108,77,68" hai2="84,78,62,47,76,53,132,43,121,125,114,100,89" hai3=""/><T40/><D116/><U130/><N who="1" m="31520" /><U58/><E32/><V107/><N who="2" m="31008" /><V39/><F114/><T41/><D75/><U96/><E68/><V94/><F132/><T83/><D110/><U33/><E33/><V106/><F125/><T67/><D41/><U87/><E108/><V131/><F131/><T119/><D119/><U73/><E130/><V113/><F113/><T97/><D71/><U51/><E91/><V124/><F124/><T109/><D109/><U38/><REACH who="1" step="1"/><E45/><REACH who="1" ten="651,229,160,0" step="2"/><V129/><F129/><T34/><D34/><U65/><E65/><V70/><F70/><T128/><D128/><U56/><E56/><V55/><F100/><AGARI ba="3,1" hai="37,38,51,54,58,73,77,79,80,82,87,96,100,104" m="31520" machi="100" ten="40,8000,1" yaku="1,1,52,1,53,2" doraHai="35" doraHaiUra="74" who="1" fromWho="2" sc="651,0,229,96,160,-86,0,0" /><INIT seed="1,0,0,4,2,33" ten="651,325,74,0" oya="1" hai0="95,125,50,35,38,92,80,51,75,54,96,74,116" hai1="112,121,81,123,47,57,41,61,130,1,79,107,3" hai2="36,135,49,78,106,48,58,93,102,98,109,39,52" hai3=""/><U85/><N who="1" m="31008" /><U124/><N who="1" m="31520" /><U77/><E112/><V131/><F135/><T104/><D38/><U117/><E117/><V115/><F131/><T69/><D116/><U122/><N who="1" m="31264" /><U66/><E130/><V103/><F115/><T43/><D69/><U67/><E124/><V82/><F109/><T2/><D35/><U34/><E34/><V108/><F108/><T68/><D68/><U99/><E79/><V70/><F70/><T118/><D118/><U101/><E66/><V0/><F0/><T62/><D125/><U127/><E127/><V105/><F103/><T111/><D111/><U132/><E132/><V64/><F64/><T65/><D2/><U42/><E42/><V126/><F126/><T40/><D104/><U87/><E87/><V94/><F106/><T46/><D80/><U113/><E113/><V63/><F94/><T32/><D95/><U133/><E133/><V86/><F105/><T56/><D43/><U120/><N who="1" m="30752" /><U128/><E128/><V100/><F100/><T114/><D32/><U90/><E77/><V59/><F63/><T129/><D129/><U84/><E84/><V97/><F97/><T71/><D114/><U72/><E72/><V60/><F60/><T134/><D134/><RYUUKYOKU ba="0,0" sc="651,0,325,0,74,0,0,0" hai0="40,46,50,51,54,56,62,65,71,74,75,92,96" hai1="1,3,41,47,57,61,67,81,85,90,99,101,107" hai2="36,39,48,49,52,58,59,78,82,86,93,98,102" /><INIT seed="1,1,0,3,4,113" ten="651,325,74,0" oya="1" hai0="94,135,71,88,116,127,90,129,68,119,99,83,44" hai1="65,92,60,111,80,37,84,63,72,33,100,123,110" hai2="2,130,124,112,89,40,77,91,49,54,1,61,75" hai3=""/><U64/><N who="1" m="31520" /><U69/><E33/><V133/><F112/><T50/><D129/><U74/><E37/><V52/><F130/><T58/><D135/><U87/><E100/><V86/><F133/><T79/><D127/><U126/><E92/><V101/><F101/><T114/><D114/><U78/><E126/><V98/><F124/><T103/><D58/><U108/><REACH who="1" step="1"/><E74/><REACH who="1" ten="651,315,74,0" step="2"/><V115/><F115/><T57/><D116/><U95/><E95/><V85/><F75/><T51/><D119/><U106/><E106/><V105/><F105/><T131/><D131/><U128/><E128/><V102/><F102/><T104/><D104/><U42/><E42/><V82/><F40/><T134/><D134/><U97/><E97/><V35/><F98/><T93/><D103/><U67/><E67/><V96/><F96/><T132/><D132/><U120/><N who="1" m="30752" /><U32/><E32/><V43/><F35/><T59/><D94/><U48/><E48/><V73/><F73/><T118/><D50/><U39/><E39/><V125/><F125/><T38/><D38/><U46/><E46/><V81/><F43/><T117/><D44/><U36/><E36/><V76/><F49/><T0/><D51/><U107/><E107/><V121/><F121/><RYUUKYOKU ba="1,1" sc="651,-20,315,10,74,10,0,0" hai1="60,63,64,65,69,72,78,80,84,87,108,110,111" hai2="1,2,52,54,61,76,77,81,82,85,86,89,91" /><INIT seed="1,2,1,2,2,57" ten="631,325,84,0" oya="1" hai0="75,55,43,82,127,79,80,66,74,106,46,101,60" hai1="37,39,132,61,56,64,108,114,134,76,107,94,92" hai2="68,2,111,70,109,40,49,104,133,102,128,47,42" hai3=""/><U32/><E114/><V72/><F2/><T58/><D127/><U95/><E32/><V50/><F72/><T78/><D101/><U117/><E117/><V77/><F77/><T103/><D103/><U65/><E107/><V91/><F91/><T83/><D106/><U84/><E108/><V123/><N who="2" m="31520" /><V93/><F104/><T135/><D135/><N who="1" m="51755" /><E64/><V35/><F35/><T52/><D82/><AGARI ba="2,1" hai="37,39,56,61,65,76,82,84,92,94,95" m="51755" machi="82" ten="30,2900,0" yaku="20,1,52,1" doraHai="57" who="1" fromWho="0" sc="631,-33,325,43,84,0,0,0" /><INIT seed="1,3,0,0,5,131" ten="598,368,84,0" oya="1" hai0="36,59,108,0,85,113,82,67,124,1,91,125,54" hai1="98,51,75,69,129,105,99,130,84,61,118,48,109" hai2="3,83,52,114,135,128,97,39,93,81,68,94,64" hai3=""/><U92/><E118/><V116/><F3/><T115/><D36/><U96/><E75/><V78/><F39/><T41/><D41/><U32/><E32/><V60/><F128/><N who="1" m="49257" /><E109/><V95/><F116/><T107/><D67/><U111/><E111/><V89/><F114/><T104/><D108/><U71/><E105/><V49/><F83/><T50/><D107/><U62/><E84/><V122/><N who="2" m="31264" /><V37/><F37/><T76/><D104/><U53/><E92/><V57/><REACH who="2" step="1"/><F135/><REACH who="2" ten="598,368,74,0" step="2"/><T87/><D113/><U102/><E102/><V38/><F38/><T66/><D115/><U43/><E99/><V127/><F127/><T86/><D125/><U134/><E98/><V63/><F63/><T58/><D124/><U35/><E96/><V74/><AGARI ba="3,1" hai="49,52,57,60,64,68,74,78,81,89,93,94,95,97" m="31264" machi="74" ten="20,6000,1" yaku="1,1,0,1,7,1,52,1,54,1,53,0" doraHai="131" doraHaiUra="133" who="2" fromWho="2" sc="598,-23,368,-43,74,76,0,0" /><INIT seed="2,0,0,0,4,1" ten="575,325,150,0" oya="2" hai0="65,49,120,39,116,67,46,57,119,58,128,33,133" hai1="3,113,108,47,69,121,50,122,42,54,66,100,34" hai2="123,68,105,44,62,95,61,70,52,78,38,98,81" hai3=""/><V91/><N who="2" m="31520" /><V107/><F38/><T126/><N who="0" m="30752" /><T97/><D97/><U111/><N who="1" m="31008" /><U96/><N who="1" m="31264" /><U82/><E113/><V41/><F41/><T125/><D33/><U74/><E3/><V131/><F131/><T59/><D39/><U124/><E124/><N who="0" m="47721" /><D133/><U106/><E34/><V86/><F62/><T114/><D114/><U90/><E66/><N who="0" m="25097" /><D128/><U79/><E69/><V37/><F37/><T130/><D130/><U132/><E132/><V135/><F135/><T83/><D83/><U56/><REACH who="1" step="1"/><E90/><REACH who="1" ten="575,315,150,0" step="2"/><V134/><F134/><T84/><D84/><U89/><E89/><V103/><F107/><T87/><D87/><U127/><E127/><V104/><F104/><T0/><D0/><U72/><E72/><V85/><REACH who="2" step="1"/><F61/><AGARI ba="0,1" hai="42,47,50,54,56,61,74,79,82,96,100,106,108,111" m="31264,31008" machi="61" ten="40,8000,1" yaku="1,1,52,2,53,1" doraHai="1" doraHaiUra="76" who="1" fromWho="2" sc="575,0,315,90,150,-80,0,0" /><INIT seed="4,0,0,3,2,69" ten="575,405,70,0" oya="0" hai0="113,33,60,78,114,122,86,108,82,85,56,40,97" hai1="65,44,68,101,128,54,62,46,32,133,112,52,116" hai2="80,42,135,0,37,121,36,1,51,107,117,38,55" hai3=""/><T58/><N who="0" m="31264" /><T45/><D108/><U73/><E32/><V2/><N who="2" m="31008" /><V48/><F107/><T84/><D33/><U57/><E73/><V104/><F104/><T88/><D97/><U89/><E101/><V87/><F117/><T130/><D130/><U76/><E76/><V129/><F129/><T99/><D99/><U64/><E128/><V53/><F135/><T110/><D110/><U72/><E72/><V92/><F92/><T90/><D45/><N who="1" m="17515" /><E89/><N who="0" m="34409" /><D40/><U70/><E116/><V67/><F67/><N who="1" m="25673" /><E133/><V43/><F87/><T98/><D98/><U111/><E111/><V47/><F80/><T71/><D84/><U39/><E39/><V79/><F79/><T109/><D85/><U125/><E125/><V49/><REACH who="2" step="1"/><F47/><REACH who="2" ten="575,405,60,0" step="2"/><T120/><N who="0" m="30752" /><T131/><D131/><U100/><E70/><V96/><F96/><T34/><D34/><U132/><E68/><V61/><F61/><T115/><D109/><U75/><E62/><V77/><F77/><T66/><AGARI ba="0,1" hai="56,58,60,66,71,78,82,86,113,114,115" m="30752,34409,31264" machi="66" ten="40,8000,1" yaku="15,1,52,2,54,1" doraHai="69" who="0" fromWho="0" sc="575,90,405,-40,60,-40,0,0" /><INIT seed="4,1,0,2,0,45" ten="665,365,20,0" oya="0" hai0="43,132,79,58,110,99,78,69,0,108,39,41,65" hai1="92,82,128,35,111,76,98,67,63,90,59,83,62" hai2="46,109,129,77,96,95,49,73,106,81,125,33,74" hai3=""/><T60/><D0/><U34/><E111/><N who="0" m="42537" /><D132/><U100/><E128/><V127/><F33/><T107/><D39/><U84/><E63/><V101/><F109/><T114/><D114/><U71/><E71/><V87/><F129/><T61/><D99/><U123/><N who="1" m="31520" /><U86/><AGARI ba="1,0" hai="34,35,59,62,67,76,82,83,84,86,90,92,98,100" m="31520" machi="86" ten="20,3900,0" yaku="4,1,0,1,7,1,52,1" doraHai="45" who="1" fromWho="1" sc="665,-27,365,41,20,-14,0,0" /><INIT seed="5,0,0,3,0,65" ten="638,406,6,0" oya="1" hai0="134,39,129,95,67,77,75,127,59,44,97,111,78" hai1="71,54,110,33,119,122,74,99,49,48,1,57,62" hai2="133,130,38,118,105,115,88,121,96,84,114,56,109" hai3=""/><U2/><N who="1" m="31264" /><U37/><E33/><V69/><N who="2" m="31008" /><V132/><F38/><T116/><D111/><U91/><E119/><V47/><F47/><T120/><N who="0" m="30752" /><T102/><D116/><U34/><E34/><V107/><F118/><T81/><D129/><U126/><E74/><V35/><F35/><T125/><D78/><U101/><E110/><V66/><F109/><T60/><D134/><N who="2" m="51818" /><F56/><T58/><D58/><U86/><E126/><V51/><F51/><T106/><D106/><N who="2" m="40458" /><F96/><T45/><D39/><U61/><E37/><V41/><F41/><T103/><D45/><U76/><E1/><V3/><F3/><T128/><D44/><U32/><E32/><V117/><F117/><T87/><D127/><U92/><E2/><V42/><F42/><T63/><D125/><U46/><E76/><V113/><F130/><T98/><D128/><U94/><E71/><V100/><F100/><T52/><D98/><U123/><N who="1" m="31520" /><U124/><E124/><V89/><F84/><T80/><D103/><U68/><E68/><V72/><F72/><T82/><D75/><U104/><E104/><V112/><N who="2" m="28672" /><DORA hai="55" /><V131/><F131/><T36/><D36/><U90/><E101/><V108/><F108/><T53/><D102/><RYUUKYOKU ba="0,0" sc="638,-20,406,10,6,10,0,0" hai1="46,48,49,54,57,61,62,86,90,91,92,94,99" hai2="66,69,88,89" /><INIT seed="5,1,0,1,5,63" ten="618,416,16,0" oya="1" hai0="52,81,89,0,59,58,135,46,97,2,80,105,39" hai1="76,57,86,125,51,72,110,129,128,130,37,53,41" hai2="106,74,38,118,94,116,78,68,93,34,99,100,127" hai3=""/><U92/><E125/><V131/><F34/><T61/><D135/><U133/><E133/><V42/><F68/><T87/><D80/><U56/><E110/><V43/><F127/><T85/><D85/><U120/><N who="1" m="30752" /><U117/><E117/><V109/><F109/><T70/><D70/><U55/><E41/><V67/><F67/><T44/><D39/><U107/><E107/><V113/><F38/><T98/><D105/><U48/><E37/><V124/><F124/><T114/><D114/><U35/><E35/><V111/><F111/><T88/><D61/><U49/><E49/><V45/><F113/><T65/><D87/><U126/><E126/><V75/><F131/><T79/><D79/><U33/><E33/><V32/><F32/><T1/><D1/><U102/><E72/><V3/><F3/><T134/><D134/><U54/><E54/><V132/><F132/><T62/><D52/><U77/><E102/><V66/><F66/><T82/><D65/><U123/><N who="1" m="31520" /><U112/><E112/><V47/><F78/><T122/><D62/><U50/><E50/><V104/><F100/><T36/><D36/><U64/><E64/><V96/><AGARI ba="1,0" hai="42,43,45,47,74,75,93,94,96,99,104,106,116,118" machi="96" ten="25,2400,0" yaku="0,1,22,2" doraHai="63" who="2" fromWho="2" sc="618,-9,416,-17,16,26,0,0" /><INIT seed="6,0,0,5,3,53" ten="609,399,42,0" oya="2" hai0="45,72,86,79,120,36,48,75,93,38,130,65,97" hai1="67,135,96,118,44,40,32,127,124,66,112,52,121" hai2="94,78,42,71,39,109,115,108,1,47,107,46,49" hai3=""/><V111/><F107/><T55/><N who="0" m="30752" /><T125/><D130/><U113/><N who="1" m="31008" /><U116/><E32/><V51/><F1/><T106/><D125/><N who="1" m="48203" /><E96/><V69/><F78/><T74/><D106/><U128/><E128/><V129/><F129/><T73/><D86/><U85/><E85/><V101/><F101/><T89/><D65/><N who="1" m="24587" /><E135/><V100/><F100/><T99/><D99/><U61/><E61/><V77/><F77/><T95/><D95/><U134/><E134/><V56/><F94/><T91/><D91/><U123/><N who="1" m="31520" /><U103/><E103/><V35/><F35/><T117/><D117/><N who="1" m="45163" /><E52/><V88/><F88/><T34/><D34/><U81/><E81/><V54/><F115/><T68/><D79/><U92/><E92/><V41/><AGARI ba="0,0" hai="39,41,42,46,47,49,51,54,56,69,71,108,109,111" machi="41" ten="40,12000,2" yaku="0,1,10,1,34,3,52,1" doraHai="53" who="2" fromWho="2" sc="609,-60,399,-60,42,120,0,0" /><INIT seed="6,1,0,2,1,33" ten="549,339,162,0" oya="2" hai0="88,66,55,117,83,64,70,98,123,65,103,68,100" hai1="60,129,50,61,102,3,38,44,128,39,58,90,132" hai2="42,41,108,76,67,110,127,93,119,74,112,111,101" hai3=""/><V121/><N who="2" m="31008" /><V118/><F67/><T78/><N who="0" m="31520" /><T48/><D117/><N who="2" m="44554" /><F76/><T116/><D116/><U73/><E132/><V37/><F74/><T135/><D135/><U130/><E3/><V82/><F82/><T1/><D1/><U113/><E113/><V96/><F112/><T114/><D114/><U35/><E35/><V85/><F127/><T43/><D43/><N who="2" m="16394" /><F85/><T120/><N who="0" m="30752" /><T47/><D68/><U57/><E73/><V52/><F52/><T131/><D70/><U63/><E102/><V81/><F81/><T87/><D131/><U124/><E124/><V126/><F126/><T133/><D133/><U2/><E2/><V107/><F37/><T89/><D78/><U45/><E90/><V109/><N who="2" m="27648" /><DORA hai="97" /><V75/><F75/><T125/><D125/><U0/><E0/><V122/><N who="2" m="31264" /><V59/><F59/><T51/><D55/><U91/><E57/><V36/><F36/><T54/><D54/><U94/><E58/><V134/><F134/><T49/><D87/><U56/><E56/><V115/><F115/><T84/><D84/><U71/><E39/><V99/><F99/><T69/><D83/><U72/><E72/><V95/><AGARI ba="1,0" hai="93,95,96,101,107" m="31264,27648,16394,44554,31008" machi="95" ten="70,8000,1" yaku="10,1,52,3" doraHai="33,97" who="2" fromWho="2" sc="549,-41,339,-41,162,82,0,0" /><INIT seed="6,2,0,1,1,69" ten="508,298,244,0" oya="2" hai0="81,79,107,73,112,134,129,75,57,72,121,110,85" hai1="89,70,44,131,86,133,126,109,46,82,128,91,104" hai2="61,106,108,37,35,41,124,93,117,32,3,94,90" hai3=""/><V1/><F106/><T77/><N who="0" m="31008" /><T68/><D110/><U98/><E109/><V64/><F108/><T111/><D111/><U113/><E113/><V62/><F117/><T66/><D68/><U123/><N who="1" m="31520" /><U105/><E133/><V76/><F76/><T47/><D129/><N who="1" m="49739" /><E126/><V130/><F130/><T125/><D125/><U83/><E70/><V40/><F124/><T132/><D107/><N who="1" m="41035" /><E98/><V118/><F118/><T95/><D112/><U36/><E36/><V67/><REACH who="2" step="1"/><F90/><REACH who="2" ten="508,298,234,0" step="2"/><T60/><D79/><U80/><E89/><V96/><F96/><T2/><D134/><U88/><E91/><V59/><F59/><T58/><D132/><U87/><E88/><V53/><F53/><T122/><N who="0" m="31264" /><T55/><D58/><U119/><E119/><V102/><F102/><T45/><D55/><U48/><E46/><V42/><F42/><AGARI ba="2,1" hai="42,44,48,80,82,83,86,87" m="41035,49739,31520" machi="42" ten="40,2600,0" yaku="19,1,52,1" doraHai="69" who="1" fromWho="2" sc="508,0,298,40,234,-30,0,0" owari="508,46.0,338,-6.0,204,-40.0,0,0.0" /></mjloggm>