<mjloggm ver="2.3"><GO type="169" lobby="0"/><UN n0="%E7%B7%91%E3%81%AE%E3%83%A9%E3%83%B3%E3%83%97" n1="%E3%83%8F%E3%82%B9%E5%A4%AA" n2="%E7%95%99%E3%83%81%E3%83%A7%E3%83%AD" n3="%40%7A%61%6B%75%72%6F%40" dan="16,16,16,16" rate="2116.14,2114.36,2114.28,2154.13" sx="M,M,M,M"/><TAIKYOKU oya="0"/><INIT seed="0,0,0,4,5,36" ten="250,250,250,250" oya="0" hai0="115,86,121,82,87,134,118,130,96,3,92,62,30" hai1="107,61,95,129,120,77,11,109,41,123,71,25,110" hai2="114,42,67,108,0,18,1,111,100,84,37,90,26" hai3="66,51,27,97,22,32,104,43,79,126,28,98,102"/><T33/><D3/><U113/><E107/><V52/><F114/><W119/><G119/><T38/><D38/><U64/><E77/><V49/><F67/><W9/><G126/><T17/><D115/><U103/><E95/><V57/><F100/><W112/><G66/><T75/><D33/><U133/><E103/><V58/><F58/><W80/><G98/><T8/><D30/><U14/><E113/><V6/><F26/><W10/><G32/><T54/><D118/><U39/><E25/><V7/><F18/><W78/><G78/><T83/><D121/><U40/><E39/><V99/><F99/><W88/><G88/><N who="0" m="55303" /><D75/><U24/><E24/><V60/><F37/><W72/><REACH who="3" step="1"/><G112/><REACH who="3" ten="250,250,250,240" step="2"/><T73/><D73/><U85/><E85/><V89/><F89/><W15/><G15/><N who="0" m="7399" /><D134/><U19/><E133/><V48/><F0/><W20/><G20/><T5/><D87/><U76/><E76/><V23/><F1/><W69/><G69/><T74/><D86/><U35/><E35/><V55/><F23/><W13/><G13/><T21/><D21/><U46/><E123/><V53/><F90/><W125/><G125/><T2/><D74/><U44/><E120/><V106/><F84/><W101/><G101/><T34/><D34/><U105/><E105/><V131/><F106/><W63/><G63/><T16/><D62/><U124/><E124/><V12/><F12/><W91/><G91/><T117/><D2/><U47/><REACH who="1" step="1"/><E129/><REACH who="1" ten="250,240,250,240" step="2"/><V50/><F131/><W116/><G116/><T135/><D130/><U29/><E29/><V81/><F81/><W4/><G4/><RYUUKYOKU ba="0,2" sc="250,-15,240,15,250,-15,240,15" hai1="11,14,19,40,41,44,46,47,61,64,71,109,110" hai3="9,10,22,27,28,43,51,72,79,80,97,102,104" /><INIT seed="1,1,2,1,1,121" ten="235,255,235,255" oya="1" hai0="0,2,73,40,26,91,89,123,34,114,107,129,49" hai1="56,18,95,32,133,55,117,62,46,16,58,35,15" hai2="135,103,77,57,126,23,93,78,12,100,104,41,86" hai3="92,85,38,43,47,84,128,82,33,37,53,109,61"/><U45/><E117/><V20/><F104/><W83/><G33/><T134/><D73/><U106/><E133/><V21/><F135/><W10/><G128/><T98/><D107/><U71/><E106/><V7/><F126/><W132/><G132/><T17/><D134/><U27/><E71/><V9/><F41/><W68/><G37/><T116/><D34/><U112/><E112/><V72/><F72/><W11/><G92/><T90/><D114/><U120/><E120/><V67/><F86/><W5/><G109/><T102/><D123/><U76/><E76/><N who="2" m="29291" /><F93/><W60/><G68/><T24/><D129/><U25/><E95/><V66/><F57/><W4/><G53/><T59/><D116/><U127/><E55/><V94/><F94/><W19/><G19/><T44/><D2/><U1/><E15/><V119/><F119/><W105/><G105/><T30/><D0/><U6/><E1/><V42/><F42/><W39/><REACH who="3" step="1"/><G43/><REACH who="3" ten="235,255,235,245" step="2"/><T75/><D17/><U115/><E115/><V87/><F87/><W51/><G51/><T22/><D75/><U64/><E6/><V48/><F48/><W36/><G36/><T131/><D131/><U118/><E118/><V52/><F52/><W14/><G14/><T113/><D113/><U63/><REACH who="1" step="1"/><E64/><AGARI ba="1,3" hai="7,9,12,20,21,23,64,66,67,100,103" m="29291" machi="64" ten="30,1000,0" yaku="8,1" doraHai="121" who="2" fromWho="1" sc="235,0,255,-13,235,43,245,0" /><INIT seed="2,0,0,2,5,45" ten="235,242,278,245" oya="2" hai0="66,120,99,95,121,8,104,16,90,35,42,5,86" hai1="25,36,30,114,39,100,124,57,134,70,62,53,111" hai2="41,110,61,60,115,96,131,50,58,125,22,31,93" hai3="78,91,43,73,48,55,46,130,76,118,79,18,13"/><V34/><F115/><W112/><G118/><T63/><D35/><U105/><E114/><V102/><F131/><W1/><G112/><T92/><D104/><U14/><E111/><V20/><F125/><W85/><G130/><T21/><D42/><U19/><E124/><V88/><F110/><W54/><G1/><T106/><D106/><U133/><E70/><V51/><F34/><W49/><G73/><T0/><D95/><U101/><E25/><N who="2" m="16807" /><F41/><W128/><G128/><T81/><D63/><N who="2" m="24138" /><F58/><W69/><G69/><T9/><D9/><U127/><E127/><V94/><F22/><W28/><G28/><T98/><D66/><U15/><E30/><V59/><F59/><W65/><G65/><T108/><D108/><U107/><E57/><V2/><F2/><W7/><G7/><T11/><D11/><U44/><E19/><V126/><F126/><W10/><REACH who="3" step="1"/><G49/><REACH who="3" ten="235,242,278,235" step="2"/><T75/><D75/><U74/><E74/><V97/><AGARI ba="0,1" hai="50,51,88,93,94,96,97,102" m="24138,16807" machi="97" ten="30,11700,0" yaku="8,1,52,2,54,1" doraHai="45" who="2" fromWho="2" sc="235,-39,242,-39,278,127,235,-39" /><INIT seed="2,1,0,2,1,109" ten="196,203,405,196" oya="2" hai0="72,56,20,28,0,87,41,52,10,5,112,58,8" hai1="49,22,98,127,92,2,21,99,124,80,132,122,69" hai2="23,107,131,114,29,57,40,65,9,81,133,76,37" hai3="97,43,62,46,78,31,60,96,90,14,24,59,111"/><V15/><F107/><W34/><G111/><T135/><D72/><U36/><E36/><V13/><F131/><W134/><G134/><T7/><D135/><U115/><E132/><V89/><F133/><W42/><G78/><T110/><D110/><U105/><E2/><V120/><F120/><W27/><G90/><T73/><D73/><U44/><E122/><V88/><F37/><W108/><G108/><T79/><D41/><U84/><E69/><V38/><F38/><W129/><G129/><T4/><D58/><U119/><E119/><V116/><F40/><W125/><G125/><T30/><D20/><U18/><E105/><V55/><F65/><W64/><G27/><T95/><D79/><U100/><E115/><V71/><F114/><W123/><G123/><T17/><D17/><U93/><E18/><V48/><F71/><W117/><G117/><T66/><D66/><U6/><E6/><V25/><F116/><W104/><G104/><T63/><D112/><U35/><E35/><V128/><F15/><W86/><G86/><T103/><D7/><U12/><E12/><V113/><F113/><W11/><G60/><T67/><D67/><U94/><E127/><V26/><F26/><W68/><G68/><T82/><D82/><U53/><E124/><V106/><F128/><W83/><G83/><T51/><D63/><U54/><E54/><V118/><F118/><W61/><G61/><T3/><D103/><N who="1" m="60871" /><E94/><V47/><F106/><W16/><REACH who="3" step="1"/><G42/><REACH who="3" ten="196,203,405,186" step="2"/><T19/><D19/><U70/><E70/><V74/><F81/><W1/><G1/><T121/><D121/><RYUUKYOKU ba="1,1" sc="196,10,203,10,405,-30,186,10" hai0="0,3,4,5,8,10,28,30,51,52,56,87,95" hai1="21,22,44,49,53,80,84,93,99,100" hai3="11,14,16,24,31,34,43,46,59,62,64,96,97" /><INIT seed="3,2,1,2,1,24" ten="206,213,375,196" oya="3" hai0="103,4,92,72,22,5,90,86,26,115,113,45,65" hai1="98,50,63,130,17,44,83,36,74,66,30,104,53" hai2="124,57,18,25,101,49,81,37,111,69,3,125,46" hai3="112,131,129,71,119,1,59,132,96,20,134,31,14"/><W73/><G73/><T64/><D72/><U76/><E130/><N who="3" m="49674" /><G71/><T109/><D109/><U127/><E127/><V120/><F69/><W118/><G59/><T60/><D45/><U99/><E30/><V94/><F111/><W135/><G96/><T12/><D103/><U122/><E122/><V95/><F57/><W43/><G43/><T79/><D79/><U23/><E104/><V38/><F120/><W89/><G89/><T16/><D65/><U77/><E36/><V70/><F70/><W123/><G123/><T102/><D102/><U15/><REACH who="1" step="1"/><E77/><REACH who="1" ten="206,203,375,196" step="2"/><V116/><F38/><W88/><G112/><N who="0" m="43083" /><D26/><U114/><E114/><V58/><F37/><W40/><G40/><T56/><AGARI ba="2,2" hai="4,5,12,16,22,56,60,64,86,90,92" m="43083" machi="56" ten="30,2000,0" yaku="11,1,54,1" doraHai="24" who="0" fromWho="0" sc="206,46,203,-7,375,-7,196,-12" /><INIT seed="4,0,0,1,3,52" ten="252,196,368,184" oya="0" hai0="121,19,14,75,86,60,17,22,68,66,43,113,72" hai1="112,81,119,70,2,10,134,84,102,42,98,18,30" hai2="24,65,50,38,77,55,31,132,127,1,48,46,126" hai3="133,88,5,130,74,117,94,39,40,63,97,51,11"/><T95/><D121/><U118/><E70/><V12/><F1/><W20/><G117/><T108/><D113/><U36/><E134/><V53/><F132/><W25/><G130/><T73/><D43/><U114/><E30/><V4/><F38/><W76/><G39/><T93/><D108/><U103/><E42/><V124/><F65/><W78/><G63/><T47/><D47/><U128/><E36/><V62/><F62/><W109/><G109/><T91/><D19/><U21/><E10/><N who="2" m="4167" /><F77/><W69/><G69/><T89/><REACH who="0" step="1"/><D73/><REACH who="0" ten="242,196,368,184" step="2"/><U111/><E111/><V96/><F46/><W34/><G74/><T49/><D49/><U82/><E18/><V57/><F48/><W122/><G122/><T59/><D59/><U8/><E114/><V41/><F41/><W33/><G51/><T135/><D135/><U106/><E112/><V45/><F57/><W7/><G40/><T15/><D15/><U71/><E71/><V116/><F45/><W26/><G133/><T120/><D120/><U28/><E119/><V32/><F116/><W67/><G5/><T80/><D80/><U27/><E82/><V54/><F50/><W16/><G26/><T3/><D3/><U83/><E81/><V107/><F127/><W79/><REACH who="3" step="1"/><G67/><REACH who="3" ten="242,196,368,174" step="2"/><T13/><D13/><AGARI ba="0,2" hai="7,11,13,16,20,25,33,34,76,78,79,88,94,97" machi="13" ten="40,8000,1" yaku="1,1,2,1,54,2,53,0" doraHai="52" doraHaiUra="131" who="3" fromWho="0" sc="242,-80,196,0,368,0,174,100" /><INIT seed="5,0,0,5,2,14" ten="162,196,368,274" oya="1" hai0="116,53,114,15,106,62,103,39,92,11,78,18,81" hai1="122,102,26,9,128,108,21,75,118,55,59,125,109" hai2="41,101,93,129,127,130,2,67,133,131,56,5,123" hai3="32,82,46,132,71,52,60,38,54,80,6,17,34"/><U23/><E118/><V98/><F123/><W87/><G6/><T79/><D39/><U121/><E75/><V29/><F133/><W49/><G82/><T8/><D116/><U100/><E9/><N who="2" m="2231" /><F127/><W33/><G38/><T7/><D106/><U115/><E115/><V42/><F29/><W27/><G132/><T135/><D135/><U104/><E128/><V4/><F4/><W73/><G73/><T105/><D105/><U47/><E47/><V0/><F0/><W99/><G99/><T20/><D114/><U3/><E3/><V90/><F90/><W28/><G17/><T69/><D103/><N who="1" m="39467" /><E21/><V13/><F13/><W64/><REACH who="3" step="1"/><G54/><REACH who="3" ten="162,196,368,264" step="2"/><T22/><D92/><U83/><E83/><V24/><F24/><W74/><G74/><T112/><D112/><U30/><E104/><V94/><F93/><W31/><G31/><T50/><D81/><U35/><E125/><V70/><F70/><W84/><G84/><T86/><D86/><U95/><E95/><V107/><F107/><W126/><G126/><T96/><D96/><U72/><E72/><V48/><F94/><W63/><G63/><T117/><D62/><N who="1" m="36223" /><E122/><V113/><F98/><W58/><G58/><T85/><D85/><U19/><E121/><V97/><F113/><W36/><G36/><T37/><D37/><U65/><E30/><V66/><F97/><W76/><AGARI ba="0,1" hai="27,28,32,33,34,46,49,52,60,64,71,76,80,87" machi="76" ten="20,8000,1" yaku="1,1,0,1,7,1,54,1,53,1" doraHai="14" doraHaiUra="25" who="3" fromWho="3" sc="162,-20,196,-40,368,-20,264,90" /><INIT seed="6,0,0,0,3,75" ten="142,156,348,354" oya="2" hai0="116,52,39,103,60,23,43,89,17,115,124,41,15" hai1="61,26,35,72,31,8,97,4,63,91,106,24,84" hai2="9,25,12,93,98,47,102,48,5,34,7,56,55" hai3="19,119,13,66,109,135,114,67,0,122,118,3,65"/><V32/><F5/><W68/><G122/><T64/><D116/><U62/><E72/><V29/><REACH who="2" step="1"/><F47/><REACH who="2" ten="142,156,338,354" step="2"/><W16/><G118/><T59/><D124/><U107/><E4/><V108/><F108/><W70/><G109/><T120/><D115/><U20/><E106/><V54/><F54/><W101/><G114/><T96/><D120/><U112/><E107/><V129/><F129/><W51/><G119/><T110/><D110/><U37/><E112/><V28/><F28/><W80/><G0/><T44/><D43/><U81/><E31/><V36/><F36/><W82/><G3/><T117/><D117/><U86/><E37/><V38/><F38/><W45/><G45/><T100/><D64/><U6/><E6/><V69/><F69/><W95/><G67/><T87/><REACH who="0" step="1"/><D96/><REACH who="0" ten="132,156,338,354" step="2"/><U73/><E97/><V134/><F134/><W126/><G135/><T76/><D76/><U104/><E104/><V127/><F127/><W78/><G78/><T128/><D128/><U22/><E63/><V33/><AGARI ba="0,2" hai="7,9,12,25,29,32,33,34,48,55,56,93,98,102" machi="33" ten="20,3900,0" yaku="1,1,0,1,7,1,53,0" doraHai="75" doraHaiUra="18" who="2" fromWho="2" sc="132,-13,156,-13,338,59,354,-13" /><INIT seed="6,1,0,1,1,95" ten="119,143,397,341" oya="2" hai0="75,97,77,15,103,89,12,55,34,130,68,81,13" hai1="120,105,133,16,10,122,106,80,57,109,11,121,93" hai2="127,30,107,45,17,126,35,31,111,27,135,66,53" hai3="60,39,134,99,67,29,112,96,50,51,131,14,117"/><V124/><F107/><W132/><G117/><T21/><D34/><U22/><E109/><V72/><F72/><W101/><G112/><T4/><D68/><U129/><E129/><V114/><F114/><W43/><G39/><T87/><D130/><U78/><E133/><N who="3" m="51306" /><G29/><T115/><D115/><U28/><E57/><V125/><F135/><W38/><G14/><T91/><D4/><U7/><E93/><V42/><F111/><W0/><G0/><T113/><D113/><U18/><E28/><V102/><F126/><W44/><G131/><T25/><D55/><U32/><E32/><V119/><F119/><W3/><G3/><T104/><REACH who="0" step="1"/><D75/><REACH who="0" ten="109,143,397,341" step="2"/><N who="1" m="43103" /><E18/><AGARI ba="1,1" hai="12,13,15,18,21,25,77,81,87,89,91,97,103,104" machi="18" ten="40,2600,0" yaku="1,1,52,1,53,0" doraHai="95" doraHaiUra="108" who="0" fromWho="1" sc="109,39,143,-29,397,0,341,0" /><INIT seed="7,0,0,0,2,86" ten="148,114,397,341" oya="3" hai0="1,42,89,129,70,127,52,51,54,31,0,14,24" hai1="128,102,79,55,67,74,77,61,90,95,88,44,72" hai2="80,111,94,113,108,2,109,124,73,30,11,63,91" hai3="114,48,83,40,27,35,133,105,34,59,123,46,19"/><W50/><G123/><T57/><D70/><U29/><E72/><V33/><F33/><W15/><G105/><T101/><D101/><U118/><E74/><V130/><F30/><W25/><G114/><T126/><D129/><U4/><E128/><V85/><F130/><W131/><G133/><T65/><D65/><U21/><E118/><V41/><F113/><W7/><G7/><T103/><D103/><U115/><E115/><V69/><F41/><W96/><G35/><T92/><D14/><U26/><E4/><V117/><F117/><W125/><G125/><N who="0" m="47627" /><D54/><U53/><E67/><V104/><F104/><W106/><G34/><N who="0" m="20839" /><D42/><U112/><E112/><V97/><F124/><W76/><G96/><AGARI ba="0,0" hai="0,1,51,52,57,89,92,96" m="20839,47627" machi="96" ten="30,3900,0" yaku="18,1,52,1,54,1" doraHai="86" who="0" fromWho="3" sc="148,39,114,0,397,0,341,-39" owari="187,-21.0,114,-39.0,397,50.0,302,10.0" /></mjloggm>