<mjloggm ver="2.3"><GO type="225" lobby="0"/><UN n0="%E8%A8%88%E7%AE%97%E6%A9%9F%E8%87%AA%E7%84%B6" n1="%E5%A4%A7%E5%AE%AE%E5%BF%8D%76" n2="%E3%82%8C%E3%81%A3%E3%81%A9%E3%81%A9%E3%81%A3%E3%81%90" n3="%E9%BA%BB%E9%9B%80%E3%81%9F%E3%81%AE%E3%81%97" dan="17,17,16,16" rate="2243.36,2209.50,2063.32,2157.61" sx="M,M,F,F"/><TAIKYOKU oya="0"/><INIT seed="0,0,0,0,3,46" ten="250,250,250,250" oya="0" hai0="74,94,18,5,67,132,79,76,93,97,129,102,90" hai1="78,65,8,83,6,133,91,34,49,39,108,44,121" hai2="27,96,130,109,23,14,104,116,82,135,33,119,101" hai3="100,85,88,61,30,13,62,110,31,25,123,131,35"/><T11/><D132/><U71/><E121/><V59/><F135/><W50/><G110/><T73/><D67/><U58/><E34/><V19/><F109/><W20/><G131/><T37/><D37/><U57/><E108/><V98/><F130/><W56/><G123/><T68/><D68/><U32/><E32/><V105/><F82/><W48/><G100/><T66/><D66/><U38/><E91/><V69/><F69/><W42/><G35/><T7/><D129/><U92/><E92/><V106/><F59/><W16/><G31/><T112/><D112/><U120/><E120/><V125/><F125/><W2/><G2/><T54/><D74/><U126/><E133/><V118/><F101/><W87/><G42/><T113/><D73/><U81/><E126/><V43/><F43/><W134/><G134/><T122/><D113/><U10/><E10/><V107/><N who="2" m="26624" /><DORA hai="55" /><V4/><F4/><N who="0" m="1610" /><D54/><U45/><E39/><V115/><F115/><W77/><G77/><T0/><D0/><U70/><E38/><V127/><F127/><W21/><G62/><T3/><D3/><U117/><E78/><V63/><F63/><W1/><G1/><T80/><D80/><U52/><E81/><V111/><F111/><W29/><G29/><AGARI ba="0,0" hai="14,19,23,27,29,33,96,98,116,118,119" m="26624" machi="29" ten="80,2600,0" yaku="12,1" doraHai="46,55" who="2" fromWho="3" sc="250,0,250,0,250,26,250,-26" /><INIT seed="1,0,0,3,3,43" ten="250,250,276,224" oya="1" hai0="41,100,0,91,22,34,119,36,72,116,92,14,21" hai1="57,105,52,56,90,75,82,19,7,20,122,131,6" hai2="42,130,63,84,85,98,106,111,28,126,62,4,65" hai3="26,48,51,133,97,64,2,44,94,61,9,115,86"/><U114/><E114/><V74/><F74/><W87/><G115/><T95/><D34/><U80/><E122/><V89/><F111/><W113/><G113/><T17/><D0/><U25/><E105/><V124/><F4/><N who="1" m="1577" /><E75/><V38/><F28/><W59/><G2/><T110/><D72/><U58/><E131/><V71/><F63/><W5/><G133/><T76/><D76/><U128/><E128/><V79/><F79/><W117/><G117/><T135/><D135/><U123/><E123/><V10/><F10/><W16/><G5/><T70/><D70/><U60/><E82/><V13/><F13/><N who="3" m="7215" /><G26/><T50/><D36/><U101/><E101/><V35/><F35/><W33/><G33/><T3/><D3/><U54/><E54/><V88/><F106/><W83/><G51/><T125/><D110/><U47/><E47/><N who="2" m="24023" /><F130/><W78/><G83/><T120/><D125/><N who="2" m="48234" /><F89/><N who="3" m="55503" /><G78/><T32/><D32/><U77/><E77/><V27/><F27/><W109/><G109/><T129/><D129/><U96/><E80/><V104/><F104/><W73/><G73/><T127/><D127/><U11/><E11/><V8/><F8/><W132/><G132/><T69/><D120/><U118/><E118/><V53/><F53/><AGARI ba="0,0" hai="44,48,53,59,61,64,86,87" m="55503,7215" machi="53" ten="30,3900,0" yaku="8,1,52,1,54,1" doraHai="43" who="3" fromWho="2" sc="250,0,250,0,276,-39,224,39" /><INIT seed="2,0,0,2,2,105" ten="250,250,237,263" oya="2" hai0="96,1,68,27,55,93,108,102,5,67,45,16,25" hai1="60,8,34,135,13,106,7,43,51,14,59,64,82" hai2="20,101,58,75,94,80,110,37,47,77,44,71,123" hai3="15,116,6,33,72,83,85,49,57,21,30,87,98"/><V31/><F71/><W132/><G33/><T52/><D108/><U118/><E118/><V130/><F123/><W29/><G132/><T117/><D117/><U56/><E106/><V70/><F70/><W109/><G109/><T66/><D1/><U127/><E135/><V41/><F110/><W4/><G116/><T63/><D5/><U104/><E104/><V40/><F58/><W107/><G72/><T73/><D73/><U112/><E112/><V46/><F130/><W125/><G125/><T103/><D103/><U122/><E34/><V115/><F115/><W124/><G124/><T2/><D2/><U19/><E127/><V86/><F37/><W50/><G107/><T53/><D67/><U128/><E128/><V126/><F126/><W131/><G131/><T38/><REACH who="0" step="1"/><D16/><REACH who="0" ten="240,250,237,263" step="2"/><U76/><E122/><V91/><REACH who="2" step="1"/><F101/><REACH who="2" ten="240,250,227,263" step="2"/><W42/><G4/><T17/><D17/><U88/><E19/><V22/><F22/><W89/><G6/><T28/><D28/><U78/><E7/><V11/><F11/><W26/><G29/><T90/><D90/><U10/><E8/><V95/><F95/><W0/><G30/><T12/><D12/><U111/><E111/><V114/><F114/><W100/><G15/><T74/><D74/><U113/><E113/><V99/><F99/><W69/><G21/><T18/><D18/><U9/><E9/><V134/><F134/><W120/><G98/><T129/><D129/><U84/><E10/><V79/><F79/><N who="1" m="30249" /><E13/><V3/><F3/><W35/><G0/><T36/><D36/><U32/><E14/><V39/><F39/><RYUUKYOKU ba="0,2" sc="240,15,250,-15,227,15,263,-15" hai0="25,27,38,45,52,53,55,63,66,68,93,96,102" hai2="20,31,40,41,44,46,47,75,77,80,86,91,94" /><INIT seed="2,1,2,5,5,64" ten="255,235,242,248" oya="2" hai0="54,66,51,7,108,36,10,84,42,55,105,27,63" hai1="47,22,126,85,49,93,87,6,3,103,35,111,131" hai2="37,97,73,125,130,119,60,120,65,95,12,107,135" hai3="134,82,110,25,8,69,112,2,15,5,77,79,83"/><V124/><F119/><W98/><G110/><T101/><D108/><U78/><E111/><V38/><F73/><W133/><G69/><T90/><D36/><U44/><E35/><V132/><F107/><W96/><G112/><T13/><D105/><U74/><E74/><V11/><F120/><W102/><G25/><T48/><D101/><U71/><E71/><N who="2" m="42407" /><F12/><W122/><G2/><T59/><D27/><U57/><E6/><V104/><F104/><W116/><G116/><T29/><D29/><U14/><E3/><V121/><F11/><W109/><G109/><T58/><D42/><U76/><E57/><V128/><F95/><N who="3" m="58655" /><G98/><T23/><D23/><U26/><E14/><V39/><F97/><W56/><G56/><T34/><D34/><U40/><E103/><V118/><F118/><W17/><G5/><T16/><D7/><U61/><E93/><V45/><F45/><W86/><G122/><T52/><D59/><U33/><E47/><V32/><F32/><W114/><G114/><T46/><D48/><U88/><E33/><V106/><F106/><W92/><G92/><AGARI ba="1,2" hai="10,13,16,46,51,52,54,55,58,63,66,84,90,92" machi="92" ten="30,7700,0" yaku="7,1,8,1,54,2" doraHai="64" who="0" fromWho="3" sc="255,100,235,0,242,0,248,-80" /><INIT seed="3,0,0,4,1,33" ten="355,235,242,168" oya="3" hai0="116,103,120,109,72,133,61,89,104,38,57,96,55" hai1="11,127,90,87,67,93,119,88,0,81,28,132,74" hai2="17,60,77,91,83,10,84,115,82,105,53,121,45" hai3="70,111,15,13,39,73,30,99,68,7,98,58,6"/><W41/><G73/><T97/><D116/><U36/><E36/><V117/><F115/><W123/><G123/><T46/><D120/><U75/><E28/><V101/><F121/><W106/><G41/><T100/><D72/><U71/><E67/><V122/><F122/><W1/><G39/><T4/><D109/><U125/><E71/><N who="3" m="27178" /><G58/><T25/><D133/><U26/><E132/><V85/><F117/><W112/><G112/><T129/><D129/><U65/><E26/><V29/><F29/><W9/><G30/><T128/><D128/><U34/><E65/><V20/><F105/><W126/><G106/><T22/><D4/><N who="3" m="1577" /><G9/><T3/><D38/><U108/><E34/><V94/><F10/><W134/><G134/><T31/><D46/><U24/><E24/><N who="2" m="14351" /><F60/><W5/><N who="3" m="1585" /><W19/><DORA hai="135" /><G19/><N who="0" m="12511" /><D103/><U8/><E119/><V47/><F53/><W130/><G130/><T124/><D31/><U102/><E102/><V131/><F131/><W59/><G59/><T76/><D57/><U23/><E74/><V35/><F35/><W42/><G42/><T66/><D100/><U63/><E75/><V79/><F101/><W52/><G52/><T27/><D55/><U16/><E63/><V64/><F64/><W44/><G44/><T114/><D66/><U37/><E37/><V118/><F118/><W62/><G62/><T95/><D61/><U51/><E11/><V50/><F47/><W12/><G111/><T110/><D110/><U43/><E108/><V18/><F45/><W69/><N who="3" m="27186" /><W107/><DORA hai="49" /><G126/><T56/><D56/><U2/><E8/><RYUUKYOKU ba="0,0" sc="355,0,235,0,242,0,168,0" owari="355,45.0,235,-16.0,242,4.0,168,-33.0" /></mjloggm>