<mjloggm ver="2.3"><GO type="169" lobby="0"/><UN n0="%72%52%66%44%79%55%66" n1="%69%70%73%E6%88%A6%E5%A3%AB" n2="%E3%82%82%E3%83%BC%E3%82%8A%E3%83%BC" n3="%6D%61%74%6F%30%36%30%33" dan="16,16,16,18" rate="2126.81,2047.67,2188.05,2270.08" sx="M,M,M,M"/><TAIKYOKU oya="0"/><INIT seed="0,0,0,2,4,71" ten="250,250,250,250" oya="0" hai0="135,68,16,60,89,2,110,62,43,35,40,41,75" hai1="88,63,20,25,39,57,115,126,56,78,129,133,27" hai2="87,122,26,131,102,120,97,108,34,42,59,134,82" hai3="11,80,81,32,30,44,73,38,86,4,7,106,105"/><T3/><D35/><U85/><E115/><V93/><F131/><W1/><G4/><T50/><D75/><U28/><E129/><V9/><F134/><W21/><G32/><T12/><D135/><U37/><E133/><V58/><F108/><W14/><G81/><T91/><D50/><U23/><E78/><V109/><F109/><W45/><G45/><T10/><D110/><U8/><E8/><V67/><F42/><N who="3" m="22615" /><G86/><T48/><D48/><U5/><E5/><V132/><F132/><W111/><G111/><T77/><D77/><U33/><E33/><V84/><F84/><W94/><G94/><T127/><D127/><U99/><E99/><V31/><F9/><W6/><G6/><T100/><D100/><U36/><E126/><V46/><F46/><W49/><G49/><T113/><D113/><U123/><E123/><V101/><F101/><W13/><G30/><T125/><D125/><U69/><E69/><V130/><F130/><W74/><G74/><T29/><D29/><U15/><E15/><N who="3" m="5642" /><G21/><T17/><D17/><U55/><E57/><V54/><F58/><W92/><G92/><T119/><D119/><U124/><E124/><V121/><F121/><W64/><G64/><N who="0" m="40967" /><D62/><U117/><E117/><V116/><F67/><W107/><G107/><T70/><D70/><U90/><REACH who="1" step="1"/><E85/><REACH who="1" ten="250,240,250,250" step="2"/><V76/><F116/><W104/><G104/><T118/><D118/><U112/><E112/><V95/><REACH who="2" step="1"/><F93/><REACH who="2" ten="250,240,240,250" step="2"/><W18/><G106/><T47/><D47/><U22/><E22/><V83/><F83/><W128/><G105/><T61/><D61/><AGARI ba="0,2" hai="26,31,34,54,59,61,76,82,87,95,97,102,120,122" machi="61" ten="30,2000,0" yaku="1,1,7,1,53,0" doraHai="71" doraHaiUra="0" who="2" fromWho="0" sc="250,-20,240,0,240,40,250,0" /><INIT seed="1,0,0,0,2,68" ten="230,240,280,250" oya="1" hai0="99,126,6,67,10,102,76,16,104,77,62,118,96" hai1="91,116,74,29,92,101,121,120,9,108,58,112,82" hai2="13,11,8,81,131,87,22,111,133,114,27,39,130" hai3="72,70,80,103,109,12,135,14,125,89,134,42,73"/><U53/><E116/><V26/><F111/><W23/><G70/><T110/><D110/><U43/><E112/><V38/><F114/><W17/><G109/><T106/><D126/><U115/><E115/><V51/><F133/><N who="3" m="50699" /><G103/><T98/><D118/><U85/><E108/><V64/><F64/><W49/><G125/><T122/><D122/><U93/><E29/><V84/><F51/><W95/><G80/><T97/><D106/><U61/><E92/><V30/><F27/><W33/><G12/><T119/><D119/><U41/><E9/><V50/><F50/><W0/><G0/><T18/><D77/><U24/><E24/><V107/><F107/><W56/><G33/><T105/><D76/><U45/><E41/><V54/><F54/><N who="3" m="31823" /><G42/><T46/><D46/><U123/><E74/><V127/><F127/><W83/><G83/><T48/><D48/><U55/><E55/><V79/><F84/><AGARI ba="0,0" hai="14,17,23,72,73,84,89,95" m="31823,50699" machi="84" ten="30,2000,0" yaku="25,1,20,1" doraHai="68" who="3" fromWho="2" sc="230,0,240,0,280,-20,250,20" /><INIT seed="2,0,0,1,0,8" ten="230,240,260,270" oya="2" hai0="76,69,61,100,12,99,97,32,121,9,134,82,53" hai1="124,130,2,30,109,14,0,104,54,13,87,27,50" hai2="96,1,88,24,4,17,20,5,114,36,45,18,22" hai3="94,117,127,34,81,26,119,91,71,72,128,75,23"/><V106/><F114/><W43/><G71/><T92/><D134/><U101/><E124/><V31/><F31/><W123/><G123/><T118/><D121/><U115/><E115/><V129/><F129/><W126/><G43/><T59/><D118/><N who="3" m="45065" /><G34/><T133/><D133/><U135/><E135/><V37/><F1/><W103/><G26/><T77/><D69/><U46/><E130/><V58/><F37/><W52/><G23/><T21/><D32/><U73/><E73/><N who="3" m="28234" /><G52/><T63/><D21/><U125/><E125/><N who="3" m="47626" /><G128/><T98/><D63/><U85/><E0/><V89/><F58/><W6/><G6/><T40/><D40/><U107/><E2/><V67/><F67/><W93/><G103/><T110/><D100/><U116/><E116/><V108/><F36/><W44/><G44/><T35/><D53/><U33/><E101/><N who="2" m="62759" /><F45/><W38/><G38/><T39/><D59/><U16/><E33/><V105/><F5/><W57/><G57/><T132/><D35/><U64/><E64/><V80/><F4/><W68/><G68/><T51/><D51/><U113/><E30/><V19/><F19/><W15/><G15/><N who="1" m="5642" /><E113/><V42/><F18/><W28/><G28/><T56/><D39/><U7/><E7/><V62/><F17/><W111/><G111/><T83/><D110/><U131/><E109/><V102/><F108/><W70/><G70/><T112/><D132/><U3/><E131/><V120/><F120/><W55/><G55/><T74/><D112/><U86/><E3/><V65/><F102/><W66/><G66/><T84/><D56/><U122/><E122/><RYUUKYOKU ba="0,0" sc="230,-15,240,15,260,-15,270,15" hai1="16,27,46,50,54,85,86,87,104,107" hai3="81,91,93,94" /><INIT seed="3,1,0,5,3,84" ten="215,255,245,285" oya="3" hai0="85,100,130,5,65,111,7,93,27,50,69,79,16" hai1="45,29,131,8,98,123,132,43,77,20,110,32,36" hai2="104,112,128,48,68,63,119,92,34,115,31,88,52" hai3="59,109,81,121,64,14,60,135,96,86,54,71,118"/><W46/><G118/><T126/><D111/><U70/><E123/><V91/><F119/><W47/><G121/><T114/><D126/><U82/><E110/><V53/><F104/><W18/><G109/><T30/><D130/><U33/><E131/><V6/><F128/><W94/><G135/><T97/><D114/><U35/><E70/><V73/><F73/><W37/><G37/><T78/><D50/><U25/><E132/><V51/><F6/><W2/><G2/><T1/><D1/><U95/><E8/><V40/><F31/><W103/><G64/><T74/><D74/><U117/><E117/><V80/><F80/><W56/><G56/><T72/><D72/><U23/><E23/><V62/><F92/><W75/><G71/><T66/><D69/><U10/><E10/><V42/><F68/><W0/><G75/><T108/><D108/><U12/><E82/><V39/><F39/><W55/><G55/><T99/><D30/><U124/><E77/><N who="0" m="29193" /><D85/><U15/><REACH who="1" step="1"/><E124/><REACH who="1" ten="215,245,245,285" step="2"/><V122/><F122/><W24/><G0/><T41/><D5/><U83/><E83/><V113/><F115/><W57/><G81/><T58/><D7/><U107/><E107/><V38/><F38/><W61/><G94/><T22/><D93/><U125/><E125/><V101/><F101/><AGARI ba="1,1" hai="12,15,20,25,29,32,33,35,36,43,45,95,98,101" machi="101" ten="40,2600,0" yaku="1,1,53,1" doraHai="84" doraHaiUra="90" who="1" fromWho="2" sc="215,0,245,39,245,-29,285,0" /><INIT seed="4,0,0,0,5,79" ten="215,284,216,285" oya="0" hai0="63,80,31,87,111,116,52,32,76,74,129,48,123" hai1="108,26,34,29,89,28,55,37,120,45,36,10,73" hai2="17,35,134,67,0,78,86,127,56,20,135,49,54" hai3="38,124,72,126,71,50,39,65,75,3,109,88,125"/><T70/><D116/><U53/><E120/><V58/><F35/><W42/><G3/><T27/><D129/><U77/><E108/><V2/><F127/><W119/><G109/><T93/><D123/><U24/><E10/><V95/><F67/><W12/><G119/><T61/><D111/><U114/><E114/><V46/><F58/><W11/><G50/><T105/><D105/><U102/><E102/><V23/><F23/><W91/><G65/><T21/><D70/><U83/><E89/><N who="3" m="34378" /><G71/><T5/><D5/><U128/><E128/><V30/><F30/><W94/><G94/><T110/><D110/><U103/><E103/><V121/><F121/><W33/><G33/><T14/><D93/><U6/><E6/><V131/><F131/><W90/><N who="3" m="34386" /><W62/><DORA hai="9" /><G62/><T8/><D32/><U13/><E36/><N who="3" m="13866" /><G42/><T22/><D22/><U101/><E101/><V81/><F95/><W84/><G84/><T106/><D74/><U122/><E122/><V98/><F98/><W51/><G51/><T132/><D132/><N who="2" m="50730" /><F56/><W66/><G66/><T57/><REACH who="0" step="1"/><D106/><REACH who="0" ten="205,284,216,285" step="2"/><U97/><E34/><V112/><F112/><W44/><G125/><T47/><D47/><U19/><E45/><V40/><F40/><W1/><G44/><T18/><AGARI ba="0,1" hai="8,14,18,21,27,31,48,52,57,61,63,76,80,87" machi="18" ten="20,24000,3" yaku="1,1,0,1,7,1,8,1,52,2,54,1,53,2" doraHai="79,9" doraHaiUra="16,15" who="0" fromWho="0" sc="205,250,284,-80,216,-80,285,-80" /><INIT seed="4,1,0,3,5,46" ten="455,204,136,205" oya="0" hai0="121,89,48,104,131,60,16,77,0,38,9,75,2" hai1="68,49,88,13,126,57,102,78,110,50,35,29,55" hai2="85,133,8,63,3,117,135,64,40,95,82,87,42" hai3="30,39,92,93,90,114,119,94,12,96,36,15,130"/><T100/><D131/><U28/><E68/><V56/><F117/><W22/><G119/><T91/><D121/><U115/><E126/><V86/><F82/><W132/><G130/><T47/><D38/><U65/><E65/><V5/><REACH who="2" step="1"/><F95/><REACH who="2" ten="455,204,126,205" step="2"/><W84/><G93/><T118/><D118/><U45/><E115/><V107/><F107/><W76/><G114/><T123/><D104/><U34/><E78/><V58/><F58/><W125/><G92/><T37/><D77/><U51/><E110/><V59/><F59/><W41/><G94/><T111/><D111/><U113/><E113/><V128/><F128/><W108/><G76/><T19/><D123/><U18/><E102/><V21/><F21/><W31/><G22/><T14/><D100/><U129/><E129/><V105/><F105/><W54/><G108/><T79/><D79/><U6/><E34/><V71/><F71/><W67/><G125/><T52/><D89/><U44/><E35/><V20/><F20/><W62/><G90/><T61/><D91/><U120/><E120/><V106/><F106/><W97/><G97/><T127/><D127/><U25/><E88/><V11/><F11/><W101/><G96/><T23/><D9/><N who="1" m="4279" /><E29/><V98/><F98/><W74/><G31/><T4/><D23/><N who="1" m="13559" /><E28/><V27/><F27/><W66/><G30/><T103/><D103/><U81/><E81/><V10/><F10/><W73/><G101/><T112/><D112/><U53/><E57/><V70/><F70/><W26/><G26/><T7/><D7/><U33/><E33/><V72/><F72/><W1/><G74/><RYUUKYOKU ba="1,1" sc="455,-15,204,15,126,15,205,-15" hai1="44,45,49,50,51,53,55" hai2="3,5,8,40,42,56,63,64,85,86,87,133,135" /><INIT seed="5,2,1,0,5,128" ten="440,219,141,190" oya="1" hai0="3,134,48,85,56,112,80,78,92,76,1,46,42" hai1="58,125,83,126,33,97,124,115,37,133,95,59,79" hai2="6,11,50,132,114,98,28,70,61,47,29,94,74" hai3="17,81,130,110,75,51,96,60,23,101,117,71,73"/><U10/><E37/><V65/><F74/><W8/><G110/><T2/><D134/><U38/><E38/><V9/><F114/><W135/><G130/><T22/><D112/><U40/><E115/><V64/><F65/><W21/><G117/><T49/><D92/><U109/><E109/><V122/><F122/><W5/><G51/><T63/><D22/><U116/><E116/><V120/><F120/><W25/><G81/><T121/><D121/><U77/><E33/><V129/><F129/><W19/><G60/><T103/><D103/><U105/><E105/><V43/><F9/><W0/><G71/><T27/><D27/><U99/><E40/><V119/><F119/><W52/><G52/><T106/><D106/><U45/><E45/><V90/><REACH who="2" step="1"/><F132/><REACH who="2" ten="440,219,131,190" step="2"/><W39/><G135/><T32/><D1/><AGARI ba="2,2" hai="1,6,11,28,29,43,47,50,61,64,70,90,94,98" machi="1" ten="30,3900,0" yaku="1,1,2,1,7,1,53,0" doraHai="128" doraHaiUra="31" who="2" fromWho="0" sc="440,-45,219,0,131,65,190,0" /><INIT seed="6,0,0,4,4,30" ten="395,219,196,190" oya="2" hai0="88,34,71,33,5,112,8,0,116,87,102,81,79" hai1="125,60,75,91,109,65,117,115,10,53,106,64,51" hai2="118,78,21,98,4,38,37,83,3,103,133,68,120" hai3="24,72,113,7,44,85,134,135,114,28,84,131,80"/><V39/><F120/><W42/><G7/><T48/><D71/><U77/><E117/><V124/><F118/><W96/><G131/><T59/><D116/><U43/><E109/><V57/><F124/><W22/><G72/><T110/><D110/><U107/><E125/><V76/><F133/><N who="3" m="50699" /><G96/><T61/><D112/><N who="3" m="43113" /><G80/><T17/><D102/><U123/><E123/><V52/><F68/><W119/><G119/><T56/><D17/><U1/><E115/><V12/><F3/><W111/><G111/><T23/><D23/><U90/><E75/><V32/><F32/><W108/><G108/><T35/><D48/><AGARI ba="0,0" hai="22,24,28,42,44,48,84,85" m="43113,50699" machi="48" ten="30,3900,0" yaku="20,1,15,1,11,1" doraHai="30" who="3" fromWho="0" sc="395,-39,219,0,196,0,190,39" /><INIT seed="7,0,0,5,1,101" ten="356,219,196,229" oya="3" hai0="59,49,91,43,16,80,121,58,47,114,57,126,130" hai1="26,106,62,35,128,132,64,20,113,67,28,56,99" hai2="1,68,71,127,2,48,37,90,78,15,131,46,65" hai3="112,111,34,72,105,30,19,110,100,102,96,86,45"/><W70/><G72/><T93/><D121/><U125/><E113/><V10/><F127/><W14/><G70/><T77/><D126/><U107/><E125/><V51/><F131/><W4/><G4/><T124/><D124/><U104/><E128/><V25/><F37/><W7/><G7/><T118/><D118/><U115/><E115/><V53/><F78/><W97/><G112/><T54/><D114/><U0/><E0/><V3/><F65/><W22/><G86/><N who="0" m="48399" /><D16/><U44/><E132/><V84/><F51/><W39/><G45/><T41/><D130/><U33/><E44/><V23/><F23/><W75/><G75/><T31/><D31/><U74/><E74/><V5/><REACH who="2" step="1"/><F25/><REACH who="2" ten="356,219,186,229" step="2"/><W85/><G39/><T89/><D49/><U120/><E120/><V129/><F129/><W69/><G111/><T81/><D41/><U24/><E67/><V135/><F135/><W94/><G110/><T87/><D43/><U50/><E50/><V79/><F79/><W18/><G22/><T119/><D119/><U95/><E26/><V98/><F98/><W133/><G96/><T66/><D66/><U88/><AGARI ba="0,1" hai="20,24,28,33,35,56,62,64,88,95,99,104,106,107" machi="88" ten="30,8000,1" yaku="0,1,52,3,54,1" doraHai="101" who="1" fromWho="1" sc="356,-20,219,90,186,-20,229,-40" owari="336,43.0,309,11.0,166,-33.0,189,-21.0" /></mjloggm>