<mjloggm ver="2.3"><GO type="169" lobby="0"/><UN n0="%E3%81%BD%E3%82%93%E3%81%A7%E3%82%89%E3%81%84%E3%81%8A%E3%82%93" n1="%E3%83%94%E3%83%A8%E3%81%A3%E3%81%99" n2="%E3%81%9F%E3%82%93%E3%82%86%E3%81%86" n3="%E3%82%A2%E3%83%AB%E4%B8%AD%40%E3%83%86%E3%83%B3%E3%83%91" dan="18,17,16,17" rate="2214.34,2183.05,2143.93,2211.78" sx="M,M,F,M"/><TAIKYOKU oya="0"/><INIT seed="0,0,0,0,3,48" ten="250,250,250,250" oya="0" hai0="8,0,55,52,74,68,70,99,95,111,61,107,125" hai1="50,43,32,1,82,35,13,91,45,113,11,81,7" hai2="71,73,92,24,36,130,20,26,37,23,12,3,78" hai3="34,98,39,134,122,112,126,25,117,101,90,79,42"/><T15/><D125/><U123/><E123/><V121/><F121/><W135/><G112/><T2/><D107/><U110/><E113/><V4/><F71/><W104/><G117/><T10/><D74/><U85/><E110/><V114/><F114/><W106/><G122/><T105/><D105/><U118/><E118/><V129/><F92/><W17/><G104/><T80/><D111/><U31/><E31/><N who="2" m="17799" /><F78/><W108/><G108/><T109/><D109/><U87/><REACH who="1" step="1"/><E1/><REACH who="1" ten="250,240,250,250" step="2"/><V133/><F3/><W94/><G126/><T19/><D0/><U116/><E116/><V47/><F133/><W86/><G134/><T76/><D2/><U56/><E56/><V119/><F119/><W69/><G69/><T49/><D70/><U75/><E75/><V54/><F73/><W30/><G135/><T96/><D68/><U89/><AGARI ba="0,1" hai="7,11,13,32,35,43,45,50,81,82,85,87,89,91" machi="89" ten="20,5200,0" yaku="1,1,0,1,7,1,9,1,53,0" doraHai="48" doraHaiUra="88" who="1" fromWho="1" sc="250,-26,240,62,250,-13,250,-13" /><INIT seed="1,0,0,4,3,64" ten="224,302,237,237" oya="1" hai0="49,46,116,60,118,114,19,32,124,72,110,22,111" hai1="38,27,122,36,17,61,94,134,3,105,76,50,66" hai2="51,53,78,99,74,83,69,81,90,25,63,47,135" hai3="126,82,48,15,58,117,93,37,133,115,21,1,59"/><U16/><E105/><V35/><F135/><W7/><G115/><T65/><D32/><U28/><E122/><V31/><F81/><W79/><G37/><T121/><D72/><U9/><E134/><V57/><F90/><W130/><G126/><T8/><D8/><U45/><E76/><V10/><F10/><W75/><G130/><T2/><D2/><U20/><E94/><V70/><REACH who="2" step="1"/><F99/><REACH who="2" ten="224,302,227,237" step="2"/><W87/><G82/><T14/><D121/><U125/><E9/><V104/><F104/><W30/><G133/><T107/><D107/><U132/><E132/><V12/><F12/><W129/><G15/><T52/><D114/><U80/><E80/><V6/><F6/><W101/><G7/><T29/><D124/><U43/><E125/><V127/><F127/><W123/><G123/><T85/><D85/><U98/><E98/><V100/><F100/><W11/><G101/><T13/><D13/><U54/><E3/><V77/><F77/><W103/><G79/><T131/><D131/><U26/><E26/><V33/><F33/><W128/><G103/><T23/><D116/><U113/><E113/><V96/><F96/><W119/><G117/><T84/><D118/><U40/><E27/><V41/><AGARI ba="0,1" hai="25,31,35,41,47,51,53,57,63,69,70,74,78,83" machi="41" ten="20,8000,1" yaku="1,1,0,1,7,1,52,2,53,0" doraHai="64" doraHaiUra="5" who="2" fromWho="2" sc="224,-20,302,-40,227,90,237,-20" /><INIT seed="2,0,0,0,4,64" ten="204,262,317,217" oya="2" hai0="62,50,58,75,89,57,51,134,90,42,92,121,21" hai1="2,43,83,59,105,93,16,27,111,82,79,69,86" hai2="61,87,135,128,22,31,96,84,8,17,40,120,133" hai3="98,12,44,47,14,15,53,124,76,109,1,56,7"/><V116/><F120/><W73/><G109/><T9/><D121/><U108/><E105/><V11/><F116/><W23/><G124/><T110/><D110/><N who="1" m="42027" /><E2/><V101/><F31/><W39/><G98/><T36/><D75/><U66/><E43/><V74/><F74/><W34/><G34/><T60/><D134/><N who="2" m="51210" /><F40/><W94/><G94/><T46/><D21/><N who="1" m="13735" /><E59/><V55/><F128/><W122/><G44/><T117/><D117/><U132/><E132/><V126/><F126/><W28/><G47/><T72/><D72/><U130/><E130/><V127/><F127/><W10/><G39/><T85/><D9/><N who="2" m="3658" /><F55/><W4/><G4/><T88/><D58/><U65/><E65/><V119/><F61/><N who="0" m="23658" /><D36/><U114/><E114/><V107/><F119/><W104/><G104/><T3/><D3/><U115/><E115/><V78/><F78/><W70/><G122/><T71/><D57/><U91/><E79/><V33/><F33/><W112/><G112/><T129/><D129/><U102/><E102/><V30/><F30/><W49/><G76/><T99/><D51/><U32/><E32/><V80/><F80/><N who="1" m="30761" /><E66/><V41/><F41/><W125/><G125/><T100/><D100/><U95/><E95/><V18/><F18/><W81/><G81/><N who="0" m="49199" /><D90/><U29/><E29/><V0/><F0/><W68/><REACH who="3" step="1"/><G73/><REACH who="3" ten="204,262,317,207" step="2"/><T45/><D45/><U52/><E52/><V26/><AGARI ba="0,1" hai="17,22,26,84,87,96,101,107" m="3658,51210" machi="26" ten="30,1500,0" yaku="20,1" doraHai="64" who="2" fromWho="2" sc="204,-5,262,-5,317,25,207,-5" /><INIT seed="2,1,0,0,0,47" ten="199,257,342,202" oya="2" hai0="41,27,50,112,10,66,116,118,23,97,63,77,13" hai1="57,52,129,24,39,125,32,17,108,71,88,60,30" hai2="127,25,12,131,130,74,133,18,72,20,59,29,123" hai3="80,76,8,105,114,46,122,69,61,106,73,9,121"/><V85/><F123/><W15/><G114/><T90/><D77/><U2/><E108/><V1/><F1/><W117/><G117/><T28/><D112/><U14/><E2/><V111/><F111/><W21/><G9/><T96/><D90/><U87/><E125/><V103/><F127/><W62/><G21/><T37/><D37/><U115/><E115/><V104/><F133/><W95/><G62/><T54/><D41/><U0/><E0/><V33/><F85/><W113/><G113/><T126/><D126/><U44/><E129/><N who="2" m="49163" /><F59/><W43/><G95/><T65/><D116/><U93/><E71/><V16/><F18/><W135/><G135/><T3/><D3/><U51/><E39/><V81/><F81/><W86/><G73/><T110/><D110/><U55/><E17/><V6/><F6/><N who="3" m="3479" /><G121/><T4/><D118/><U40/><REACH who="1" step="1"/><E14/><REACH who="1" ten="199,247,342,202" step="2"/><V94/><F104/><W26/><G122/><T56/><REACH who="0" step="1"/><D66/><AGARI ba="1,1" hai="24,30,32,40,44,51,52,55,57,60,66,87,88,93" machi="66" ten="30,12000,2" yaku="1,1,2,1,7,1,52,1,54,2,53,0" doraHai="47" doraHaiUra="19" who="1" fromWho="0" sc="199,-123,247,133,342,0,202,0" /><INIT seed="3,0,0,3,0,19" ten="76,380,342,202" oya="3" hai0="9,85,99,114,81,50,34,75,128,12,24,27,90" hai1="92,86,35,67,5,13,51,60,108,37,104,25,126" hai2="11,127,105,134,33,61,59,15,65,43,10,123,109" hai3="30,89,46,74,14,111,87,117,2,29,55,28,98"/><W8/><G117/><T106/><D128/><U54/><E37/><V57/><F105/><W40/><G74/><T79/><D114/><U66/><E104/><V101/><F101/><W17/><G111/><T121/><D121/><U119/><E126/><V45/><F33/><W93/><G2/><T70/><D70/><U6/><E108/><V56/><F109/><W102/><G55/><T47/><D34/><U36/><E36/><V71/><F127/><W116/><G116/><T110/><D110/><U38/><E38/><V69/><F69/><W91/><REACH who="3" step="1"/><G87/><REACH who="3" ten="76,380,342,192" step="2"/><T120/><D120/><U20/><E86/><V44/><F123/><W103/><G103/><T49/><D75/><U113/><E54/><V32/><F43/><W64/><G64/><T22/><D85/><U135/><E67/><V122/><F122/><W100/><G100/><T131/><D131/><U3/><E66/><V94/><F65/><W130/><G130/><T77/><D106/><U7/><E3/><V115/><F71/><W78/><G78/><T80/><D79/><U52/><E52/><V129/><F129/><W133/><G133/><T63/><D77/><U62/><E135/><V95/><F134/><W53/><G53/><T31/><D63/><U58/><E60/><V83/><F61/><W125/><G125/><T26/><D47/><U97/><E62/><V1/><F45/><W16/><G16/><T76/><D76/><U107/><E107/><V73/><F44/><W96/><G96/><T41/><D99/><U82/><E97/><V118/><F73/><W84/><G84/><T4/><D41/><RYUUKYOKU ba="0,1" sc="76,-10,380,-10,342,-10,192,30" hai3="8,14,17,28,29,30,40,46,89,91,93,98,102" /><INIT seed="3,1,1,0,0,18" ten="66,370,332,222" oya="3" hai0="132,60,14,91,2,47,36,85,27,120,114,37,64" hai1="26,3,118,75,76,127,63,39,106,67,110,109,52" hai2="31,4,88,54,97,9,103,44,129,123,35,65,0" hai3="34,56,48,20,82,55,16,61,113,8,79,134,42"/><W53/><G113/><T124/><D114/><U10/><E39/><V22/><F129/><W89/><G34/><T59/><D120/><U29/><E106/><V121/><F35/><W107/><G107/><T128/><D128/><U5/><E52/><V100/><F65/><W119/><G134/><T87/><D132/><U66/><E127/><V49/><F103/><W32/><G32/><T112/><D112/><U11/><E11/><V7/><F7/><W46/><G119/><T95/><D2/><U98/><E98/><V21/><F31/><W96/><G8/><T104/><D124/><U38/><E38/><V83/><F100/><W62/><G62/><T41/><D104/><U23/><E118/><V117/><F117/><W130/><G130/><T84/><D37/><U77/><E67/><V93/><REACH who="2" step="1"/><F83/><REACH who="2" ten="66,370,322,222" step="2"/><W115/><G115/><T70/><D70/><N who="1" m="42335" /><E75/><V105/><F105/><W108/><G108/><AGARI ba="1,2" hai="3,5,10,23,26,29,76,77,108,109,110" m="42335" machi="108" ten="30,2000,0" yaku="14,1,52,1" doraHai="18" who="1" fromWho="3" sc="66,0,370,43,322,0,222,-23" /><INIT seed="4,0,0,5,5,133" ten="66,413,322,199" oya="0" hai0="24,37,18,104,3,40,46,116,25,8,33,16,123" hai1="65,117,28,4,50,22,110,71,80,61,2,60,105" hai2="120,57,101,128,35,92,89,126,9,88,51,6,56" hai3="67,26,76,97,49,32,42,48,41,90,83,98,54"/><T45/><D116/><U43/><E110/><V59/><F120/><W72/><G67/><T107/><D123/><U17/><E28/><V44/><F35/><W122/><G122/><T23/><D46/><U99/><E2/><V91/><F128/><W112/><G112/><T68/><D68/><U47/><E4/><V77/><F77/><W113/><G113/><T87/><D87/><U75/><E61/><V132/><F132/><W100/><G49/><T74/><D74/><U130/><E130/><V13/><F101/><W19/><G90/><T29/><REACH who="0" step="1"/><D18/><REACH who="0" ten="56,413,322,199" step="2"/><U109/><E75/><V0/><F0/><W14/><G19/><T58/><D58/><U12/><E17/><V135/><F135/><W119/><G72/><T84/><D84/><U81/><E47/><V95/><REACH who="2" step="1"/><F126/><REACH who="2" ten="56,413,312,199" step="2"/><W1/><G119/><T73/><D73/><U36/><E117/><V108/><F108/><W20/><G76/><T53/><D53/><AGARI ba="0,2" hai="6,9,13,44,51,53,56,57,59,88,89,91,92,95" machi="53" ten="40,5200,0" yaku="1,1,8,1,54,1,53,0" doraHai="133" doraHaiUra="94" who="2" fromWho="0" sc="56,-52,413,0,312,72,199,0" /><INIT seed="5,0,0,3,5,81" ten="4,413,384,199" oya="1" hai0="29,82,83,51,36,38,96,86,50,9,52,12,66" hai1="114,123,122,10,59,35,103,113,75,15,48,80,21" hai2="132,135,97,4,54,22,41,115,107,119,20,92,134" hai3="94,63,17,34,6,69,56,23,2,68,64,57,14"/><U112/><E35/><V106/><F119/><W111/><G111/><T131/><D131/><U100/><E21/><V1/><F41/><W110/><G110/><T46/><D38/><U87/><E75/><V101/><F115/><W49/><G34/><T125/><D36/><U7/><E59/><V43/><F43/><W116/><G116/><T76/><D125/><U25/><E25/><V18/><F22/><W133/><G133/><T99/><D66/><U55/><E55/><V93/><F54/><W70/><G94/><T104/><D104/><U45/><E48/><V67/><F67/><W84/><G6/><T118/><D118/><U40/><E45/><V33/><F33/><W32/><G49/><T72/><D29/><U98/><E40/><V108/><F108/><W74/><G74/><T126/><D51/><U61/><E61/><V31/><F31/><W102/><G57/><T78/><D126/><U77/><E103/><V47/><F47/><W90/><G102/><T88/><D78/><U62/><E62/><V27/><F106/><AGARI ba="0,0" hai="7,10,15,77,80,87,98,100,106,112,113,114,122,123" machi="106" ten="40,3900,0" yaku="15,1,52,1" doraHai="81" who="1" fromWho="2" sc="4,0,413,39,384,-39,199,0" /><INIT seed="5,1,0,3,2,105" ten="4,452,345,199" oya="1" hai0="88,107,50,30,60,27,98,41,51,46,103,13,74" hai1="81,35,97,64,6,49,0,109,53,131,5,16,113" hai2="9,32,102,62,89,63,40,70,96,52,108,114,43" hai3="34,59,42,120,26,127,56,45,39,91,48,14,128"/><U31/><E64/><V117/><F108/><W68/><G120/><T71/><D13/><U92/><E109/><V111/><F111/><W69/><G34/><T65/><D51/><U1/><E1/><V100/><F117/><W11/><G26/><T85/><D74/><U38/><E38/><V72/><F32/><W73/><G73/><T94/><D27/><U123/><E123/><V15/><F72/><W87/><G127/><T10/><D10/><U23/><E0/><V3/><F3/><W122/><G122/><T47/><D47/><U17/><E35/><V44/><F70/><W75/><G75/><T8/><D8/><U54/><E54/><V121/><F121/><W4/><G128/><T25/><D25/><N who="1" m="16831" /><E81/><V2/><F2/><W61/><G39/><T93/><D30/><U22/><E17/><N who="2" m="8431" /><F114/><W20/><G20/><T29/><D29/><U118/><E118/><V116/><F116/><W7/><G7/><T119/><D119/><U132/><E132/><V24/><F24/><W84/><G68/><T82/><AGARI ba="1,0" hai="41,46,50,60,65,71,82,85,88,93,94,98,103,107" machi="82" ten="20,2700,0" yaku="0,1,7,1,54,1" doraHai="105" who="0" fromWho="0" sc="4,30,452,-14,345,-8,199,-8" /><INIT seed="6,0,0,2,5,117" ten="34,438,337,191" oya="2" hai0="55,78,71,73,38,22,39,40,72,106,6,90,135" hai1="80,116,28,4,49,77,52,29,1,133,61,124,99" hai2="63,41,10,100,45,34,47,74,83,54,86,131,13" hai3="62,31,127,57,20,112,33,58,92,3,30,105,69"/><V66/><F34/><W132/><G105/><T109/><D22/><U68/><E116/><V119/><F119/><W2/><G127/><T16/><D6/><U18/><E18/><V70/><F74/><W103/><G69/><T84/><D109/><U76/><E76/><V64/><F100/><W114/><G132/><T82/><D135/><U88/><E4/><V17/><F131/><W11/><G33/><T43/><D71/><U107/><E1/><V97/><F97/><N who="3" m="59815" /><G11/><T27/><D39/><U121/><E121/><V56/><F70/><W48/><G57/><T95/><D38/><U50/><E50/><V5/><F17/><W67/><G48/><T111/><D111/><U115/><E115/><N who="3" m="44074" /><G30/><T60/><D73/><U102/><E107/><V101/><F101/><W125/><G125/><T75/><D75/><U21/><E102/><V129/><F129/><W91/><G91/><T7/><D7/><U32/><E32/><V130/><F130/><W19/><G31/><T98/><D106/><U93/><E21/><V36/><REACH who="2" step="1"/><F47/><REACH who="2" ten="34,438,327,191" step="2"/><W104/><G104/><T128/><D128/><U9/><E133/><V134/><F134/><W108/><G108/><T122/><D72/><U46/><E124/><V35/><F35/><W8/><G19/><T23/><D122/><U12/><E68/><V94/><F94/><W59/><G3/><T14/><D14/><U25/><E12/><V120/><F120/><W53/><G2/><T113/><REACH who="0" step="1"/><D113/><REACH who="0" ten="24,438,327,191" step="2"/><U44/><E25/><V89/><AGARI ba="0,2" hai="5,10,13,36,41,45,54,56,63,64,66,83,86,89" machi="89" ten="20,7800,0" yaku="1,1,0,1,7,1,53,1" doraHai="117" doraHaiUra="87" who="2" fromWho="2" sc="24,-26,438,-26,327,98,191,-26" owari="-2,-50.0,412,21.0,425,52.0,165,-23.0" /></mjloggm>