<mjloggm ver="2.3"><GO type="225" lobby="0"/><UN n0="%E9%99%A4%E5%90%8D" n1="%E8%88%B9%E8%A6%8B%E7%B5%90%E8%A1%A3%E3%81%A1%E3%82%83%E3%82%93" n2="%E3%82%8C%E3%81%A3%E3%81%A9%E3%81%A9%E3%81%A3%E3%81%90" n3="%E3%82%B7%E3%83%B3%E3%83%95%E3%82%A9%E3%83%8B%E3%82%A2" dan="16,16,16,18" rate="2149.73,2181.25,2068.12,2234.29" sx="M,F,F,M"/><TAIKYOKU oya="0"/><INIT seed="0,0,0,4,4,28" ten="250,250,250,250" oya="0" hai0="12,127,99,67,85,29,72,39,35,106,6,120,8" hai1="26,1,123,70,87,114,41,40,84,47,60,42,57" hai2="48,75,83,77,89,22,11,129,58,101,61,111,130" hai3="107,10,56,37,34,49,2,104,94,5,118,21,78"/><T46/><D120/><U20/><E123/><V133/><F101/><W131/><G37/><T134/><D134/><U90/><E1/><V93/><F133/><W9/><G118/><T88/><D72/><U95/><E70/><V105/><F105/><W97/><G131/><T124/><D67/><U59/><E114/><V135/><F135/><W65/><G78/><T73/><D73/><U103/><E103/><V18/><F11/><W80/><G80/><T113/><D113/><U74/><E74/><V96/><F111/><W63/><G34/><T3/><D106/><U119/><E119/><V15/><REACH who="2" step="1"/><F48/><REACH who="2" ten="250,250,240,250" step="2"/><W38/><G10/><T122/><D122/><U128/><E128/><V51/><F51/><W36/><G107/><T52/><D39/><U24/><E41/><V126/><F126/><W43/><G104/><T66/><D127/><U112/><E40/><V76/><F76/><W132/><G132/><T102/><D124/><U53/><E112/><V115/><F115/><W54/><G43/><T79/><D79/><U25/><E42/><V16/><F16/><W64/><G38/><T117/><D117/><U116/><E116/><V68/><F68/><W23/><G36/><T81/><D102/><U55/><E47/><V92/><F92/><W27/><G49/><T121/><D121/><U69/><E69/><V71/><BYE who="1" /><F71/><W125/><G125/><T30/><D46/><U50/><E50/><V86/><F86/><UN n1="%E8%88%B9%E8%A6%8B%E7%B5%90%E8%A1%A3%E3%81%A1%E3%82%83%E3%82%93" /><W17/><G23/><T98/><D85/><N who="1" m="52687" /><E20/><V14/><F14/><W31/><G17/><T100/><D100/><AGARI ba="0,1" hai="2,5,9,21,27,31,54,56,63,64,65,94,97,100" machi="100" ten="30,1000,0" yaku="7,1" doraHai="28" who="3" fromWho="0" sc="250,-10,250,0,240,0,250,20" /><INIT seed="1,0,0,3,3,104" ten="240,250,240,270" oya="1" hai0="61,87,124,28,78,16,103,118,126,49,82,54,119" hai1="73,40,117,25,134,63,121,86,98,93,114,92,41" hai2="37,83,12,64,3,112,44,39,27,74,53,2,21" hai3="128,89,18,100,19,95,79,34,46,23,31,24,20"/><U77/><E117/><V129/><F129/><W48/><G128/><T133/><D28/><U132/><E121/><V15/><F64/><W26/><G100/><T91/><D61/><U6/><E114/><V62/><F112/><W68/><G68/><T72/><D49/><U127/><E127/><N who="0" m="48681" /><D54/><U96/><E6/><V59/><F3/><W42/><G79/><T9/><D9/><U32/><E86/><V56/><F2/><W88/><REACH who="3" step="1"/><G95/><REACH who="3" ten="240,250,240,260" step="2"/><N who="0" m="54783" /><D133/><U60/><E132/><V135/><F135/><W22/><G22/><T122/><D122/><U110/><E134/><V94/><F94/><W116/><G116/><N who="0" m="44587" /><D16/><U36/><E93/><V35/><F21/><W97/><G97/><T125/><D125/><U0/><E92/><V90/><F90/><W47/><G47/><T57/><D57/><U67/><E96/><V65/><F44/><W11/><G11/><T30/><D30/><U4/><E98/><V111/><F59/><W10/><G10/><T107/><D107/><U81/><E32/><V50/><F35/><W101/><G101/><AGARI ba="0,1" hai="72,78,82,101,103" m="44587,54783,48681" machi="101" ten="30,7700,0" yaku="18,1,34,2,52,1" doraHai="104" who="0" fromWho="3" sc="240,87,250,0,240,0,260,-77" /><INIT seed="2,0,0,2,3,106" ten="327,250,240,183" oya="2" hai0="89,78,90,127,10,88,29,4,134,116,110,83,37" hai1="44,27,62,125,39,38,7,67,111,61,0,130,82" hai2="43,34,68,30,73,126,51,72,86,133,22,52,95" hai3="9,79,121,15,58,19,135,119,85,81,70,35,101"/><V47/><F68/><W2/><G135/><T129/><D134/><U14/><E111/><V104/><F104/><W54/><G119/><T23/><D110/><U69/><E130/><V109/><F34/><W113/><G121/><T132/><D132/><U11/><E125/><V17/><F30/><W98/><G113/><T32/><D127/><U122/><E122/><V100/><F133/><W24/><G70/><T5/><D129/><U18/><E61/><V124/><F109/><W28/><G2/><T46/><D116/><U45/><E27/><V64/><F64/><W123/><G123/><T94/><D32/><U84/><E38/><V36/><F100/><W80/><G80/><T102/><D102/><U63/><E63/><V97/><F97/><W99/><REACH who="3" step="1"/><G101/><REACH who="3" ten="327,250,240,173" step="2"/><T21/><D83/><U77/><E39/><V8/><F126/><W42/><G42/><T96/><D4/><U33/><E33/><V93/><F124/><W105/><G105/><T49/><D5/><U40/><E40/><V31/><F43/><W60/><AGARI ba="0,1" hai="9,15,19,24,28,35,54,58,60,79,81,85,98,99" machi="60" ten="20,5200,0" yaku="1,1,0,1,7,1,53,1" doraHai="106" doraHaiUra="56" who="3" fromWho="3" sc="327,-13,250,-13,240,-26,173,62" /><INIT seed="3,0,0,4,3,78" ten="314,237,214,235" oya="3" hai0="122,34,125,128,82,121,47,91,131,55,50,73,56" hai1="94,99,114,60,102,38,84,77,40,104,15,132,98" hai2="54,41,115,134,69,74,25,90,95,89,113,0,42" hai3="5,46,81,105,17,24,26,30,133,8,119,118,48"/><W86/><G105/><T111/><D34/><U9/><E114/><V96/><F69/><W129/><G129/><N who="0" m="49739" /><D111/><U66/><E132/><V45/><F0/><W35/><G133/><T103/><D125/><U72/><E72/><V52/><F74/><W124/><G124/><T92/><D103/><U88/><E40/><N who="2" m="15467" /><F134/><W1/><G48/><T49/><D82/><U16/><E38/><V64/><F115/><W31/><G17/><T19/><D73/><U101/><E77/><V120/><F113/><W58/><G58/><T117/><D117/><U108/><E108/><V39/><F39/><W79/><G46/><T126/><D126/><U14/><E14/><V112/><F112/><W107/><G107/><T11/><D11/><U71/><E104/><V62/><F45/><W116/><G116/><T110/><D19/><U44/><E44/><V12/><F12/><W43/><G43/><N who="0" m="24831" /><D110/><U76/><E76/><V3/><F120/><W70/><G70/><T27/><D27/><U29/><E29/><V28/><F3/><W97/><G97/><AGARI ba="0,0" hai="50,55,56,91,92,97,121,122" m="24831,49739" machi="97" ten="30,1000,0" yaku="19,1" doraHai="78" who="0" fromWho="3" sc="314,10,237,0,214,0,235,-10" owari="324,42.0,237,4.0,214,-29.0,225,-17.0" /></mjloggm>