<mjloggm ver="2.3"><GO type="185" lobby="0"/><UN n0="%67%6C%61%6E%7A%39%30" n1="%E3%81%BB%E3%81%BC%E9%9D%A2%E5%89%8D" n2="%E3%82%8A%E3%82%80%E3%82%8B" n3="" dan="19,16,16,0" rate="2354.40,2108.09,2148.77,1500.00" sx="M,M,M,C"/><TAIKYOKU oya="0"/><INIT seed="0,0,0,5,0,90" ten="350,350,350,0" oya="0" hai0="35,37,99,109,104,53,97,36,60,33,96,118,55" hai1="133,41,125,64,126,63,69,32,95,80,107,115,102" hai2="81,98,89,100,122,123,124,34,78,43,77,94,44" hai3=""/><T79/><D118/><U120/><E32/><V73/><N who="2" m="31264" /><V92/><N who="2" m="31520" /><V135/><F34/><N who="0" m="12810" /><D79/><U71/><N who="1" m="30752" /><U106/><E115/><V93/><F135/><T70/><D60/><U113/><E133/><V112/><F112/><T84/><D84/><U3/><E113/><V46/><F124/><T57/><D57/><U54/><E41/><V88/><F78/><T67/><D67/><U76/><E95/><V134/><F134/><T121/><N who="0" m="31008" /><T61/><D61/><U72/><E54/><N who="0" m="20489" /><D70/><U40/><E40/><V66/><F66/><T62/><D62/><U110/><E71/><V129/><F129/><T127/><D104/><U0/><E125/><V132/><F132/><T114/><D114/><U1/><E126/><V103/><F103/><T38/><D127/><U131/><E131/><V49/><REACH who="2" step="1"/><F46/><REACH who="2" ten="350,350,340,0" step="2"/><T48/><D109/><U91/><E110/><V119/><F119/><T50/><AGARI ba="0,1" hai="36,37,38,48,50,96,97,99" m="20489,31008,12810" machi="50" ten="50,6400,0" yaku="28,2,52,1" doraHai="90" who="0" fromWho="0" sc="350,74,350,-32,340,-32,0,0" /><INIT seed="0,1,0,4,5,98" ten="424,318,308,0" oya="0" hai0="74,123,94,92,85,108,59,101,116,2,81,42,36" hai1="130,132,56,48,51,52,103,62,84,105,82,77,104" hai2="67,124,119,127,80,63,86,33,0,118,64,129,53" hai3=""/><T135/><N who="0" m="31520" /><T106/><D2/><U37/><E130/><V50/><F0/><T115/><D115/><U66/><E37/><V71/><F33/><T125/><D116/><N who="2" m="44586" /><F129/><T68/><D68/><U88/><E132/><V111/><F111/><T90/><D135/><U89/><E48/><V69/><F67/><T38/><D108/><U128/><E128/><V75/><F75/><T117/><D117/><U73/><E73/><V133/><F133/><T131/><D131/><U72/><E72/><V46/><F69/><T57/><D125/><U70/><REACH who="1" step="1"/><E104/><REACH who="1" ten="424,308,308,0" step="2"/><V79/><AGARI ba="1,1" hai="46,50,53,63,64,71,79,80,86,124,127" m="44586" machi="79" ten="30,800,0" yaku="12,1" doraHai="98" who="2" fromWho="2" sc="424,-6,308,-4,308,20,0,0" /><INIT seed="1,0,0,2,1,0" ten="418,304,328,0" oya="1" hai0="44,55,133,53,108,58,122,113,127,75,61,124,82" hai1="102,120,57,81,84,135,33,115,74,83,112,94,126" hai2="78,52,106,114,91,54,107,104,134,90,98,38,131" hai3=""/><U64/><E126/><V79/><F134/><T56/><N who="0" m="31264" /><T32/><D133/><U66/><N who="1" m="30752" /><U101/><E135/><V77/><F131/><T51/><D113/><U73/><E84/><V105/><F114/><T99/><D108/><U40/><E40/><V71/><F71/><T35/><D99/><U41/><E41/><V103/><REACH who="2" step="1"/><F38/><REACH who="2" ten="418,304,318,0" step="2"/><T117/><D117/><U100/><E115/><V67/><F67/><T80/><D124/><U85/><E112/><V60/><F60/><T125/><D125/><U50/><E66/><V121/><N who="2" m="31008" /><V69/><F69/><T116/><D127/><U111/><E64/><V97/><F97/><T65/><D116/><U39/><E39/><V36/><F36/><T86/><D65/><U87/><E111/><V123/><N who="2" m="31520" /><V96/><F96/><T43/><D61/><U49/><E50/><V110/><F110/><T132/><D132/><U89/><E49/><V34/><F34/><T37/><D32/><U130/><E33/><V47/><F47/><T59/><D35/><U1/><E130/><V88/><AGARI ba="0,1" hai="52,54,77,78,79,88,90,91,98,103,104,105,106,107" m="31520,31008" machi="88" ten="40,12000,3" yaku="1,1,0,1,29,2,52,2,54,2,53,0" doraHai="0" doraHaiUra="109" who="2" fromWho="2" sc="418,-40,304,-80,318,130,0,0" /><INIT seed="2,0,0,0,3,41" ten="378,224,448,0" oya="2" hai0="124,70,55,82,135,89,134,110,105,90,99,57,133" hai1="81,100,122,44,38,126,95,113,118,111,43,62,108" hai2="36,115,50,72,107,85,86,128,92,87,35,0,74" hai3=""/><V65/><F115/><T75/><D70/><U98/><N who="1" m="31264" /><U80/><E126/><V123/><N who="2" m="31520" /><V68/><F0/><T37/><D124/><U66/><E113/><V112/><F112/><T127/><D127/><U106/><E118/><V52/><F35/><T46/><D110/><U42/><E106/><V93/><F107/><T2/><D2/><U32/><E32/><V130/><F36/><T76/><D105/><U77/><E42/><V78/><F65/><T132/><D99/><U120/><N who="1" m="30752" /><U125/><E125/><V94/><F68/><T45/><N who="0" m="33792" /><DORA hai="48" /><T109/><D109/><N who="1" m="42059" /><E77/><V119/><F119/><T64/><D64/><U61/><E61/><V58/><REACH who="2" step="1"/><F78/><REACH who="2" ten="378,224,438,0" step="2"/><T40/><REACH who="0" step="1"/><D45/><REACH who="0" ten="368,224,438,0" step="2"/><U54/><E66/><V39/><F39/><T97/><D97/><U47/><E47/><V91/><F91/><T79/><D79/><U3/><E3/><V73/><AGARI ba="0,2" hai="50,52,58,72,73,74,85,86,87,92,93,94,128,130" m="31520" machi="73" ten="40,24000,4" yaku="1,1,0,1,29,2,52,2,54,1,53,4" doraHai="41,48" doraHaiUra="104,117" who="2" fromWho="2" sc="368,-120,224,-120,438,260,0,0" /><INIT seed="2,1,0,1,2,63" ten="248,104,698,0" oya="2" hai0="32,52,65,69,3,110,118,36,66,74,57,50,90" hai1="111,82,77,59,114,94,80,120,127,125,68,56,105" hai2="116,58,60,129,95,135,78,130,112,44,49,41,67" hai3=""/><V75/><F112/><T73/><D3/><U85/><N who="1" m="30752" /><U1/><E111/><V132/><F116/><T61/><D32/><U93/><E1/><V92/><F78/><T104/><D118/><U84/><E105/><V79/><F79/><T107/><D110/><U87/><E68/><V48/><F75/><T43/><D90/><U55/><E114/><V100/><F100/><T76/><D66/><U91/><E77/><V2/><F2/><T33/><D33/><U88/><E85/><V103/><F103/><T38/><D38/><U101/><E101/><V83/><F83/><T115/><D115/><U134/><E134/><N who="2" m="51243" /><F49/><T113/><D113/><U99/><E55/><V54/><F54/><T97/><D97/><AGARI ba="1,0" hai="56,59,80,82,84,87,88,91,93,94,97,99,125,127" m="30752" machi="97" ten="25,6400,0" yaku="22,2,52,1,54,1" doraHai="63" who="1" fromWho="0" sc="248,-66,104,66,698,0,0,0" /><INIT seed="4,0,0,2,5,109" ten="182,170,698,0" oya="0" hai0="72,60,38,92,97,64,3,39,40,114,132,117,42" hai1="101,50,1,100,63,53,131,115,80,73,106,79,59" hai2="85,123,126,130,56,124,99,37,83,65,125,127,110" hai3=""/><T113/><D3/><U82/><E1/><V77/><N who="2" m="31520" /><V96/><F126/><T104/><D72/><U33/><E33/><V121/><N who="2" m="31008" /><V128/><F110/><T32/><D104/><U45/><E131/><N who="2" m="50219" /><F37/><N who="0" m="13834" /><D32/><U67/><E82/><V95/><F95/><T48/><D117/><U2/><E2/><V36/><F36/><T116/><D116/><U90/><E106/><V47/><F47/><T87/><D87/><U76/><E76/><V58/><F65/><T57/><D132/><U94/><E115/><N who="0" m="44041" /><D48/><U134/><E134/><V98/><AGARI ba="0,0" hai="56,58,77,83,85,96,98,99,124,125,127" m="50219,31008,31520" machi="98" ten="40,6000,1" yaku="18,1,19,1,52,2" doraHai="109" who="2" fromWho="2" sc="182,-40,170,-20,698,60,0,0" /><INIT seed="5,0,0,4,2,133" ten="142,150,758,0" oya="1" hai0="63,113,122,58,88,61,125,84,86,108,53,57,66" hai1="118,49,104,33,99,117,114,56,81,87,54,82,62" hai2="124,111,40,80,1,60,123,76,35,134,67,59,129" hai3=""/><U73/><E33/><V107/><F111/><T77/><N who="0" m="31264" /><T37/><D108/><U119/><E114/><V95/><F107/><T85/><D113/><U121/><N who="1" m="31008" /><U69/><E73/><V50/><F1/><T127/><D37/><U3/><E3/><V42/><F35/><T38/><D38/><U68/><E69/><V0/><F0/><T97/><D77/><U92/><E104/><V32/><F32/><T47/><D47/><U96/><E99/><V51/><F129/><T115/><D115/><U34/><E34/><V52/><F134/><T105/><REACH who="0" step="1"/><D88/><REACH who="0" ten="132,150,758,0" step="2"/><U48/><E117/><V98/><N who="2" m="31520" /><V116/><F95/><T91/><D91/><U100/><E118/><V74/><F59/><T102/><AGARI ba="0,1" hai="53,57,58,61,63,66,84,85,86,97,102,105,125,127" m="31264" machi="102" ten="30,9000,2" yaku="1,1,0,1,52,3,53,2" doraHai="133" doraHaiUra="132" who="0" fromWho="0" sc="132,100,150,-60,758,-30,0,0" /><INIT seed="6,0,0,4,4,106" ten="232,90,728,0" oya="2" hai0="119,110,58,68,84,41,135,124,133,47,105,33,115" hai1="34,75,93,86,74,122,70,98,102,72,113,40,38" hai2="60,128,61,3,129,57,117,79,35,80,112,63,52" hai3=""/><V49/><F117/><T97/><D58/><U46/><N who="1" m="31264" /><U51/><E70/><V101/><F35/><T77/><D84/><U85/><E34/><V132/><F3/><T104/><D97/><U109/><E109/><V87/><F112/><T134/><D47/><U107/><E113/><V83/><F132/><T53/><D53/><U39/><E39/><V66/><F101/><T95/><D41/><U94/><E38/><V69/><F83/><T54/><D54/><U96/><E40/><V43/><F43/><T81/><D81/><U103/><E51/><V131/><AGARI ba="0,0" hai="49,52,57,60,61,63,66,69,79,80,87,128,129,131" machi="131" ten="30,4000,0" yaku="0,1,19,1,54,1" doraHai="106" who="2" fromWho="2" sc="232,-20,90,-20,728,40,0,0" owari="212,-19.0,70,-53.0,768,72.0,0,0.0" /></mjloggm>