<mjloggm ver="2.3"><GO type="169" lobby="0"/><UN n0="%E3%83%99%E3%82%B8%E2%80%95%E3%82%BF" n1="%E6%9D%BE%E5%B1%8B%E3%81%8A%E3%81%98%E3%81%95%E3%82%93" n2="%E6%B2%96%E3%83%92%E3%82%AB%E3%83%AB%EF%BC%88%E6%9C%AC%E7%89%A9%EF%BC%89" n3="%E3%81%A4%E3%82%80%E3%81%90" dan="16,19,16,16" rate="2165.67,2272.58,2064.61,2068.10" sx="M,M,F,M"/><TAIKYOKU oya="0"/><INIT seed="0,0,0,3,3,20" ten="250,250,250,250" oya="0" hai0="61,14,91,105,38,65,118,84,121,41,12,120,87" hai1="60,116,53,33,72,83,132,63,13,15,106,123,48" hai2="59,117,93,71,109,23,8,75,98,47,16,17,10" hai3="125,77,3,26,119,96,129,102,34,113,25,115,100"/><T57/><D118/><U1/><E1/><V56/><F71/><W86/><G119/><T55/><D105/><U64/><E123/><V24/><F75/><W2/><G77/><T62/><D84/><U18/><E132/><V94/><F117/><W4/><G86/><T79/><D79/><U49/><E106/><V22/><F47/><W110/><G110/><T69/><D41/><U28/><E116/><V97/><REACH who="2" step="1"/><F24/><REACH who="2" ten="250,250,240,250" step="2"/><W66/><G113/><T5/><D121/><U126/><E72/><V76/><F76/><W103/><G115/><T68/><D68/><U92/><E126/><V29/><F29/><W31/><G125/><T99/><D120/><U122/><E28/><V95/><F95/><W108/><G108/><AGARI ba="0,1" hai="8,10,16,17,22,23,56,59,93,94,97,98,108,109" machi="108" ten="25,6400,0" yaku="1,1,22,2,54,1,53,0" doraHai="20" doraHaiUra="35" who="2" fromWho="3" sc="250,0,250,0,240,74,250,-64" /><INIT seed="1,0,0,5,1,45" ten="250,250,314,186" oya="1" hai0="130,12,99,114,24,69,109,90,5,134,41,23,21" hai1="124,44,10,129,59,3,34,11,20,123,14,25,30" hai2="38,31,71,29,112,84,8,9,37,111,4,85,116" hai3="72,13,57,68,75,27,132,43,36,76,66,15,113"/><U77/><E77/><V48/><F116/><W86/><G113/><T58/><D69/><U2/><E59/><V47/><F71/><W19/><G27/><T101/><D114/><U88/><E123/><V32/><F112/><W16/><G132/><T92/><D109/><U108/><E124/><V135/><F111/><W46/><G86/><T51/><D130/><U61/><E61/><V115/><F135/><W7/><G7/><T83/><D134/><U73/><E73/><V122/><F122/><W117/><G117/><T95/><D83/><U22/><E108/><V56/><F56/><W6/><G6/><T89/><D101/><U54/><E129/><V133/><F32/><W104/><G104/><T39/><D39/><U81/><E3/><V87/><F9/><W28/><G28/><T67/><D67/><U1/><E1/><V103/><F103/><W131/><G131/><T96/><D24/><U60/><E60/><V55/><F133/><W33/><G33/><T125/><D125/><U107/><E107/><V78/><F115/><W120/><G76/><T121/><D121/><U17/><E2/><N who="2" m="23" /><F78/><W0/><G0/><T110/><D110/><U126/><E126/><V127/><F127/><W93/><G120/><T97/><D97/><U18/><E18/><V53/><F31/><W70/><G68/><T98/><D98/><U50/><E11/><V106/><F106/><W119/><G70/><T79/><D79/><U52/><E54/><N who="2" m="29983" /><F29/><W65/><G119/><T26/><D5/><U94/><E81/><V118/><F118/><W40/><G40/><T64/><D41/><RYUUKYOKU ba="0,0" sc="250,-15,250,15,314,15,186,-15" hai1="10,14,17,20,22,25,30,34,44,50,52,88,94" hai2="37,38,53,55,84,85,87" /><INIT seed="1,1,0,3,4,67" ten="235,265,329,171" oya="1" hai0="33,72,54,59,58,5,71,81,9,83,106,112,42" hai1="27,79,69,37,108,31,24,3,39,38,62,128,6" hai2="19,134,82,57,111,105,51,86,11,135,50,115,61" hai3="99,119,13,102,91,18,110,47,123,75,93,127,76"/><U73/><E128/><V10/><F105/><W118/><G123/><T20/><D33/><U1/><E108/><V56/><F111/><W23/><G110/><T66/><D106/><U114/><E114/><V84/><F115/><W35/><G35/><T60/><D112/><U129/><E129/><V85/><F82/><W22/><G127/><T0/><D42/><U15/><E15/><V36/><F36/><W104/><G47/><T2/><D2/><U63/><E27/><V97/><F97/><W29/><G29/><T49/><D72/><U21/><E6/><V107/><F107/><W78/><G23/><T124/><D124/><U116/><E116/><V113/><F19/><W89/><G89/><T45/><D20/><U92/><E92/><V53/><F113/><W32/><G32/><T52/><REACH who="0" step="1"/><D45/><REACH who="0" ten="225,265,329,171" step="2"/><U12/><E3/><V68/><F135/><W126/><G126/><T117/><D117/><N who="3" m="44553" /><G75/><T100/><D100/><U46/><E46/><V40/><F134/><W4/><G4/><T65/><D65/><N who="1" m="41143" /><E1/><V14/><F40/><W101/><G101/><T17/><D17/><U90/><E21/><V16/><F11/><W98/><AGARI ba="1,1" hai="13,18,22,76,78,91,93,98,99,102,104" m="44553" machi="98" ten="30,1100,0" yaku="12,1" doraHai="67" who="3" fromWho="3" sc="225,-4,265,-6,329,-4,171,24" /><INIT seed="2,0,0,2,5,3" ten="221,259,325,195" oya="2" hai0="104,15,62,50,66,74,135,36,105,0,48,130,116" hai1="23,100,12,119,123,6,8,34,54,79,96,60,55" hai2="4,5,46,1,80,71,132,113,20,109,32,65,29" hai3="27,51,19,68,125,75,84,38,85,16,94,73,129"/><V126/><F113/><W28/><G38/><T128/><D0/><U43/><E119/><V101/><F1/><W35/><G68/><T39/><D74/><U22/><E123/><V107/><F20/><W26/><G125/><T127/><D127/><U117/><E117/><V121/><F126/><W108/><G108/><T44/><D116/><U14/><E34/><V72/><F46/><W122/><G129/><N who="0" m="49771" /><D135/><U2/><E43/><V25/><F132/><W45/><G122/><T42/><D15/><U90/><E79/><N who="2" m="44135" /><F109/><W124/><G124/><T118/><D118/><U78/><E78/><V33/><F33/><W7/><G45/><N who="0" m="25655" /><D105/><U17/><E90/><V9/><F9/><W120/><G120/><T81/><D81/><U56/><E55/><V76/><F76/><W69/><G35/><T134/><D104/><U40/><E40/><V70/><F70/><W93/><G69/><N who="0" m="42199" /><D134/><U111/><E111/><V77/><F77/><W63/><G75/><T106/><D106/><U21/><E2/><V52/><F52/><AGARI ba="0,0" hai="36,39,44,50,52" m="42199,25655,49771" machi="52" ten="30,7700,0" yaku="19,1,34,2,54,1" doraHai="3" who="0" fromWho="2" sc="221,77,259,0,325,-77,195,0" /><INIT seed="3,0,0,0,1,90" ten="298,259,248,195" oya="3" hai0="37,34,24,48,120,82,87,71,5,80,116,19,111" hai1="113,41,1,16,72,102,112,70,29,130,125,118,88" hai2="63,119,23,101,17,10,53,8,75,69,60,62,15" hai3="6,131,46,74,47,18,94,21,13,0,20,64,76"/><W126/><G126/><T127/><D37/><U3/><E70/><V121/><F75/><W33/><G131/><T96/><D116/><U99/><E72/><V66/><F119/><W85/><G74/><T12/><D120/><U32/><E118/><V81/><F121/><W4/><G33/><T28/><D71/><U115/><E41/><V132/><F132/><W93/><G64/><T36/><D36/><U134/><E125/><V65/><F53/><W2/><G2/><T38/><D38/><U45/><E45/><N who="3" m="16906" /><G0/><T92/><D127/><U104/><E130/><V103/><F81/><N who="3" m="47271" /><G20/><T91/><D111/><U106/><E106/><V49/><F69/><W98/><G98/><T61/><D5/><AGARI ba="0,0" hai="4,5,6,13,18,21,93,94" m="47271,16906" machi="5" ten="30,5800,0" yaku="8,1,52,2" doraHai="90" who="3" fromWho="0" sc="298,-58,259,0,248,0,195,58" /><INIT seed="3,1,0,4,4,67" ten="240,259,248,253" oya="3" hai0="49,100,56,25,124,134,5,119,86,21,38,94,37" hai1="115,10,105,74,87,72,92,95,121,14,17,8,99" hai2="48,19,22,59,11,81,58,43,0,12,75,103,50" hai3="63,66,7,73,13,76,91,106,71,90,51,35,130"/><W126/><G126/><T85/><D119/><U47/><E121/><V116/><F116/><W89/><G130/><T31/><D124/><U61/><E115/><V104/><F104/><W40/><G106/><T33/><D134/><U1/><E105/><V93/><F75/><W114/><G35/><T96/><D5/><U46/><E1/><V127/><F81/><W44/><G114/><T84/><REACH who="0" step="1"/><D33/><REACH who="0" ten="230,259,248,253" step="2"/><U60/><E72/><V2/><F127/><W15/><REACH who="3" step="1"/><G7/><REACH who="3" ten="230,259,248,243" step="2"/><T3/><D3/><U24/><E74/><V68/><F0/><W62/><G62/><T113/><D113/><U131/><E60/><V132/><F2/><W128/><G128/><T18/><D18/><U4/><E61/><V23/><F19/><W32/><G32/><T20/><D20/><U80/><E131/><V123/><F23/><W109/><G109/><T70/><D70/><U9/><E4/><V41/><F22/><W65/><G65/><T36/><D36/><U97/><E17/><V107/><F68/><W111/><G111/><T120/><D120/><U88/><E9/><V78/><F123/><W29/><G29/><T102/><D102/><N who="1" m="60711" /><E8/><V79/><F103/><W54/><G54/><AGARI ba="1,2" hai="21,25,31,37,38,49,54,56,84,85,86,94,96,100" machi="54" ten="40,2600,0" yaku="1,1,53,1" doraHai="67" doraHaiUra="26" who="0" fromWho="3" sc="230,49,259,0,248,0,243,-29" /><INIT seed="4,0,0,5,0,87" ten="279,259,248,214" oya="0" hai0="43,2,109,77,36,127,76,13,54,80,81,111,4" hai1="106,79,37,27,89,118,55,50,69,133,53,57,58" hai2="23,78,98,132,101,122,41,84,16,33,17,21,85" hai3="66,24,96,29,100,108,49,5,32,45,38,67,6"/><T63/><D2/><U26/><E118/><V46/><F33/><W112/><G108/><N who="0" m="41547" /><D127/><U97/><E69/><V131/><F122/><W116/><G116/><T1/><D1/><U93/><E37/><V20/><F132/><W123/><G38/><T52/><D36/><U114/><E133/><V88/><F78/><N who="0" m="30314" /><D43/><U126/><E126/><V105/><F131/><W125/><G112/><T120/><D120/><U14/><E114/><V31/><F31/><W12/><G125/><T62/><D4/><U22/><E106/><V71/><F71/><W61/><G123/><T130/><D13/><U129/><E129/><V34/><F34/><W60/><G60/><N who="0" m="23083" /><D130/><U92/><E79/><V35/><F35/><W91/><G66/><T95/><D95/><U68/><E68/><V3/><F3/><W59/><G12/><T42/><D42/><U65/><E65/><V7/><F7/><W113/><G113/><T119/><D119/><U0/><E0/><V10/><F10/><W70/><G6/><T115/><D115/><U83/><E83/><AGARI ba="0,0" hai="52,54,80,81,83" m="23083,30314,41547" machi="83" ten="30,11600,0" yaku="28,2,10,1,54,1" doraHai="87" who="0" fromWho="1" sc="279,116,259,-116,248,0,214,0" /><INIT seed="4,1,0,2,2,92" ten="395,143,248,214" oya="0" hai0="49,115,82,1,73,83,27,35,8,134,3,50,120" hai1="60,44,102,106,76,17,34,94,7,67,42,87,78" hai2="80,101,36,0,122,111,52,46,104,114,19,55,32" hai3="54,63,53,135,99,68,70,130,26,79,123,10,51"/><T22/><D120/><U4/><E34/><V85/><F32/><W25/><G79/><T41/><D35/><U65/><E106/><V20/><F0/><W13/><G130/><T31/><D115/><U93/><E93/><V69/><F69/><W131/><G131/><T16/><D134/><U39/><E67/><V84/><F84/><W110/><G110/><T58/><D73/><U97/><E17/><V43/><F114/><W59/><G70/><T24/><D1/><U121/><E121/><V57/><F111/><W33/><G135/><T6/><D50/><U116/><E116/><V62/><F122/><W103/><G123/><T128/><D128/><U72/><E87/><V9/><F9/><W28/><G26/><T125/><D125/><U124/><E124/><V89/><F55/><W113/><G113/><T23/><REACH who="0" step="1"/><D58/><REACH who="0" ten="385,143,248,214" step="2"/><U133/><E133/><V61/><F61/><W91/><G51/><T105/><D105/><U45/><E45/><AGARI ba="1,1" hai="3,6,8,16,22,23,24,27,31,41,45,49,82,83" machi="45" ten="40,3900,0" yaku="1,1,54,1,53,0" doraHai="92" doraHaiUra="30" who="0" fromWho="1" sc="385,52,143,-42,248,0,214,0" /><INIT seed="4,2,0,5,2,20" ten="437,101,248,214" oya="0" hai0="98,15,60,89,41,63,127,93,90,67,58,133,73" hai1="45,112,111,12,65,38,107,52,6,97,22,39,102" hai2="85,33,50,105,51,23,77,44,62,17,34,113,71" hai3="130,68,36,95,101,59,84,118,42,61,110,116,76"/><T26/><D73/><U81/><E111/><V43/><F105/><W122/><G101/><T10/><D127/><U1/><E1/><V18/><F113/><W108/><G95/><T126/><D126/><U83/><E65/><V82/><F18/><W13/><G84/><T4/><D133/><U69/><E69/><V121/><F121/><W21/><G76/><T19/><D41/><U115/><E38/><V29/><F29/><W99/><G99/><T86/><D63/><U56/><E45/><V0/><F0/><W46/><G13/><T74/><D74/><U114/><E39/><V104/><F104/><W8/><G8/><T91/><REACH who="0" step="1"/><D86/><REACH who="0" ten="427,101,248,214" step="2"/><U3/><E3/><V25/><F62/><W94/><G61/><T78/><D78/><U64/><E64/><V135/><F135/><W106/><G42/><T28/><D28/><U125/><E125/><V120/><F120/><W88/><G122/><T70/><D70/><U47/><E112/><V128/><F71/><W35/><G68/><T55/><D55/><U117/><E114/><V7/><F85/><W103/><G108/><T24/><D24/><U100/><E115/><V87/><F87/><W109/><G109/><T48/><D48/><U49/><E83/><V124/><F51/><W129/><G110/><T57/><D57/><U96/><E81/><V14/><F124/><W75/><G75/><T9/><D9/><N who="1" m="4151" /><E56/><V32/><F82/><W40/><G59/><T123/><D123/><U31/><E31/><V131/><F77/><W132/><G132/><T72/><D72/><U79/><E79/><V30/><F30/><RYUUKYOKU ba="2,1" sc="427,15,101,-15,248,15,214,-15" hai0="4,10,15,19,26,58,60,67,89,90,91,93,98" hai2="7,14,17,23,25,32,33,34,43,44,50,128,131" /><INIT seed="4,3,1,5,0,124" ten="442,86,263,199" oya="0" hai0="86,47,125,75,16,29,113,106,101,71,1,105,23" hai1="21,92,126,19,38,69,63,76,112,107,119,102,57" hai2="59,28,54,108,120,8,109,135,110,5,65,11,130" hai3="77,95,68,24,98,18,127,49,103,7,79,27,58"/><T88/><D75/><U83/><E119/><V72/><F120/><W56/><G68/><T87/><D71/><U116/><E116/><V100/><F72/><W30/><G7/><T85/><D1/><U80/><E126/><V15/><F65/><W97/><G127/><T131/><D125/><U129/><E69/><V99/><F28/><W94/><G18/><T48/><D29/><U62/><E62/><V67/><F11/><W122/><G122/><T22/><D113/><U78/><E38/><V17/><F17/><W61/><G49/><T66/><D66/><U35/><E107/><V115/><F67/><W52/><G58/><T104/><D101/><U2/><E35/><V70/><F70/><W114/><G114/><T37/><D37/><U39/><E39/><V84/><F84/><W45/><G45/><T46/><D23/><U123/><E2/><V34/><F34/><W73/><G73/><T6/><D6/><U118/><E118/><V93/><F115/><W60/><G60/><T33/><D33/><U128/><E112/><V50/><REACH who="2" step="1"/><F135/><REACH who="2" ten="442,86,253,199" step="2"/><W0/><G30/><T64/><D64/><N who="1" m="39023" /><E123/><V91/><F91/><W20/><G0/><T53/><D88/><U82/><E76/><V96/><F96/><W13/><G79/><T40/><D87/><U133/><E78/><V81/><F81/><W41/><G77/><T10/><D86/><U134/><E92/><V25/><F25/><W121/><G121/><T89/><D105/><U26/><E102/><V117/><F117/><W44/><G24/><N who="0" m="14407" /><D106/><U36/><E36/><V55/><F55/><W32/><G52/><RYUUKYOKU ba="3,2" sc="442,-15,86,15,253,15,199,-15" hai1="19,21,26,80,82,83,128,129,133,134" hai2="5,8,15,50,54,59,93,99,100,108,109,110,130" /><INIT seed="5,4,2,2,4,26" ten="427,101,268,184" oya="1" hai0="13,115,118,124,84,11,68,70,59,5,23,120,73" hai1="96,44,128,10,20,126,55,38,50,85,0,33,24" hai2="27,82,75,22,77,113,17,134,132,60,90,16,83" hai3="45,49,108,130,63,67,40,86,91,19,39,122,30"/><U43/><E126/><V2/><F2/><W18/><G108/><T69/><D73/><U80/><E128/><V97/><F113/><W81/><G122/><T37/><D118/><U29/><E96/><V36/><F36/><W48/><G130/><T95/><D37/><U34/><E0/><V104/><F60/><W3/><G3/><T32/><D32/><U98/><E10/><V135/><F17/><W129/><G129/><T99/><D115/><U46/><REACH who="1" step="1"/><E98/><REACH who="1" ten="427,91,268,184" step="2"/><V89/><F97/><W9/><G9/><T88/><D124/><U42/><E42/><V110/><F110/><W66/><G40/><T41/><D41/><U21/><E21/><V14/><F104/><W58/><G39/><T127/><D127/><U76/><AGARI ba="4,3" hai="20,24,29,33,34,38,43,44,46,50,55,76,80,85" machi="76" ten="20,7800,0" yaku="1,1,0,1,7,1,52,1,53,0" doraHai="26" doraHaiUra="15" who="1" fromWho="1" sc="427,-30,91,120,268,-30,184,-30" /><INIT seed="5,5,0,3,2,43" ten="397,211,238,154" oya="1" hai0="116,63,69,78,97,20,114,3,115,16,35,73,135" hai1="25,47,62,92,19,91,87,48,101,41,24,134,82" hai2="49,67,130,44,18,65,102,105,79,4,81,23,121" hai3="14,76,36,37,86,93,120,118,59,58,45,77,46"/><U0/><E134/><V125/><F121/><W66/><G120/><T12/><D116/><U106/><E0/><V17/><F130/><W1/><G1/><T88/><D3/><U84/><E106/><V113/><F4/><W107/><G107/><T89/><D35/><U8/><E101/><V129/><F129/><W40/><G118/><T2/><D2/><U55/><E62/><V6/><F6/><W26/><G14/><T103/><D135/><U90/><E41/><V75/><F17/><W131/><G131/><T80/><D69/><U64/><E64/><V132/><F125/><W32/><G93/><N who="0" m="58799" /><D63/><U109/><E109/><V108/><F108/><W94/><G94/><T11/><D11/><U21/><E21/><V100/><F132/><W51/><G66/><T126/><D126/><U33/><E33/><V28/><F105/><W133/><G133/><T22/><D22/><U61/><E61/><V74/><F74/><W72/><G72/><T9/><D20/><U57/><E57/><V124/><F124/><W38/><G32/><T117/><D117/><U98/><E98/><V104/><F104/><W119/><G119/><T110/><D110/><U50/><E50/><V15/><F67/><W5/><G38/><T111/><D111/><U95/><E95/><V112/><F65/><W85/><G51/><T123/><D123/><U56/><E56/><V27/><F102/><W39/><G37/><T54/><D54/><U71/><E71/><V42/><REACH who="2" step="1"/><F100/><REACH who="2" ten="397,211,228,154" step="2"/><W34/><G5/><T99/><D73/><U31/><E31/><V60/><F60/><W96/><G26/><RYUUKYOKU ba="5,1" sc="397,-15,211,15,228,15,154,-15" hai1="8,19,24,25,47,48,55,82,84,87,90,91,92" hai2="15,18,23,27,28,42,44,49,75,79,81,112,113" /><INIT seed="5,6,1,1,4,30" ten="382,226,243,139" oya="1" hai0="53,72,102,79,76,22,92,118,70,10,38,57,68" hai1="121,55,88,64,116,107,35,16,89,96,59,85,81" hai2="27,130,42,71,25,56,75,105,45,4,98,19,9" hai3="12,69,129,74,40,97,95,120,86,131,51,33,2"/><U77/><E116/><V20/><F71/><W49/><G120/><T67/><D38/><U37/><E121/><V5/><F130/><W43/><G74/><T109/><D109/><U84/><E37/><V34/><F75/><W117/><G2/><T39/><D39/><U110/><E110/><V90/><F56/><W80/><G69/><T54/><D118/><U111/><E111/><V41/><F41/><W133/><G117/><T6/><D53/><U91/><E64/><V87/><F45/><W11/><G33/><T23/><D67/><U24/><E107/><V106/><F42/><W14/><G14/><N who="0" m="5463" /><D72/><U83/><E96/><V112/><F5/><W31/><G31/><T128/><D128/><N who="3" m="49225" /><G133/><T108/><D108/><U1/><E1/><V101/><F106/><W18/><G43/><T29/><D68/><U114/><E114/><V44/><F112/><W82/><G40/><T119/><D70/><U93/><E83/><N who="3" m="31786" /><G86/><T103/><D29/><U124/><E124/><V7/><F87/><W104/><G104/><T132/><D132/><U60/><E35/><V52/><F34/><W46/><G46/><T47/><D47/><U32/><E32/><V62/><F44/><W127/><G127/><T21/><D119/><U17/><E17/><V126/><F19/><W135/><G135/><T78/><D92/><U134/><E134/><V36/><F36/><W8/><G11/><T123/><D123/><U48/><E60/><AGARI ba="6,1" hai="21,22,23,54,57,60,76,78,79,102,103" m="5463" machi="60" ten="30,1000,0" yaku="8,1" doraHai="30" who="0" fromWho="1" sc="382,38,226,-28,243,0,139,0" /><INIT seed="6,0,0,2,3,55" ten="420,198,243,139" oya="2" hai0="17,119,36,53,78,134,76,75,33,98,126,66,4" hai1="41,133,51,93,105,52,82,8,10,122,128,63,47" hai2="16,29,20,9,6,2,26,38,45,30,22,106,85" hai3="127,21,120,104,97,70,130,25,72,95,87,124,116"/><V65/><F106/><W94/><G21/><T0/><D33/><U5/><E105/><V113/><F65/><W39/><G25/><T24/><D36/><U77/><E133/><V110/><F110/><W90/><G39/><T64/><D126/><U7/><E128/><V123/><F123/><W108/><G70/><T103/><D0/><U84/><E122/><V12/><F85/><W27/><G27/><T31/><D4/><N who="1" m="1611" /><E93/><V112/><REACH who="2" step="1"/><F30/><REACH who="2" ten="420,198,233,139" step="2"/><W121/><G108/><T50/><D64/><U96/><E96/><V56/><F56/><AGARI ba="0,1" hai="8,10,41,47,51,52,56,63,77,82,84" m="1611" machi="56" ten="30,3900,0" yaku="8,1,52,1,54,1" doraHai="55" who="1" fromWho="2" sc="420,0,198,49,233,-39,139,0" /><INIT seed="7,0,0,2,5,66" ten="420,247,194,139" oya="3" hai0="82,78,32,21,83,85,9,117,106,41,101,80,58" hai1="16,11,90,60,31,111,104,96,84,51,24,23,108" hai2="135,123,124,47,5,53,4,118,55,127,81,131,44" hai3="12,38,62,46,68,122,89,77,20,18,97,35,13"/><W22/><G122/><T120/><D32/><U40/><E60/><V0/><F123/><W10/><G35/><T50/><D120/><U99/><E104/><V79/><F118/><W65/><G77/><T133/><D117/><U49/><E108/><V86/><F135/><W29/><G29/><T71/><D71/><U107/><E107/><V67/><F67/><W1/><G1/><T54/><D106/><U3/><E111/><V69/><F69/><W128/><G128/><T134/><D101/><U7/><E49/><V48/><F131/><W112/><G112/><T100/><D100/><U103/><E103/><V17/><F17/><W75/><G75/><T72/><D41/><U91/><E91/><V63/><F63/><W110/><G110/><T61/><D61/><U28/><E28/><V116/><F116/><W130/><G130/><T87/><D21/><U8/><E8/><V98/><F98/><W114/><G114/><T119/><D119/><U39/><E39/><V27/><F27/><W2/><G2/><T6/><D72/><U64/><E64/><V19/><F19/><W73/><G73/><T25/><D25/><U57/><E16/><V70/><F70/><W93/><REACH who="3" step="1"/><G13/><REACH who="3" ten="420,247,194,129" step="2"/><N who="0" m="5303" /><D78/><U14/><E3/><V125/><F0/><W33/><G33/><T95/><D134/><U34/><E34/><V76/><F79/><W36/><G36/><T102/><D133/><U109/><E109/><V126/><F126/><W113/><G113/><T30/><D30/><U88/><E31/><V42/><F42/><AGARI ba="0,1" hai="10,12,18,20,22,38,42,46,62,65,68,89,93,97" machi="42" ten="40,3900,0" yaku="1,1,52,1,53,0" doraHai="66" doraHaiUra="121" who="3" fromWho="2" sc="420,0,247,0,194,-39,129,49" /><INIT seed="7,1,0,0,3,31" ten="420,247,155,178" oya="3" hai0="50,124,26,0,85,43,80,10,89,38,67,32,86" hai1="90,111,45,63,41,54,28,47,119,125,72,110,97" hai2="40,135,39,126,103,64,70,6,108,49,104,71,68" hai3="59,53,100,87,15,91,116,88,14,115,62,107,122"/><W105/><G122/><T127/><D38/><U117/><E72/><V16/><F108/><W37/><G116/><N who="1" m="44618" /><E125/><N who="0" m="48201" /><D67/><U65/><E28/><V82/><F126/><W78/><G37/><T18/><D86/><U25/><E25/><V76/><F135/><W94/><G78/><T109/><D109/><U99/><E54/><V79/><F79/><W34/><G34/><T77/><D32/><U42/><E97/><N who="2" m="61551" /><F16/><W123/><G123/><T102/><D102/><U1/><E1/><V27/><F49/><W55/><G100/><T36/><D36/><N who="1" m="21671" /><E90/><V118/><F118/><W132/><G132/><T96/><D0/><U129/><E99/><V106/><F106/><W4/><G105/><T21/><D10/><U66/><E66/><V83/><F64/><W44/><G107/><T35/><D35/><U75/><E75/><N who="2" m="43295" /><F83/><W7/><G94/><N who="0" m="56399" /><D50/><N who="1" m="26999" /><E129/><V120/><F120/><W81/><G81/><T134/><D134/><U51/><E51/><V46/><F27/><W22/><G55/><T93/><D93/><U48/><E48/><V33/><F33/><W2/><G53/><T24/><D24/><U3/><E3/><V130/><F130/><W74/><G2/><T98/><D98/><U84/><E84/><V56/><F56/><AGARI ba="1,0" hai="56,63,65,110,111" m="26999,21671,44618" machi="56" ten="30,3900,0" yaku="12,1,34,2" doraHai="31" who="1" fromWho="2" sc="420,0,247,42,155,-42,178,0" owari="420,52.0,289,9.0,113,-39.0,178,-22.0" /></mjloggm>