<mjloggm ver="2.3"><GO type="169" lobby="0"/><UN n0="%42%72%42%61" n1="%E3%81%B2%E3%81%90%E3%81%A1" n2="%E4%B8%83%E3%83%84%E6%98%9F%E3%83%9B%E3%82%AF%E3%82%B5%E3%82%A4" n3="%6B%69%79%6F%70%69%6E" dan="16,17,17,16" rate="2140.45,2229.41,2205.25,2127.03" sx="M,M,M,M"/><TAIKYOKU oya="0"/><INIT seed="0,0,0,1,1,106" ten="250,250,250,250" oya="0" hai0="60,95,49,35,76,22,86,133,5,81,84,77,14" hai1="73,1,31,101,15,48,72,34,19,37,7,98,0" hai2="108,104,103,13,134,116,56,8,117,105,24,64,39" hai3="29,40,123,129,27,118,47,61,6,36,65,71,75"/><T33/><D133/><U3/><E37/><V10/><F39/><W2/><G118/><T119/><D119/><U18/><E7/><V46/><F46/><W97/><G129/><T21/><D49/><U63/><E48/><V82/><F82/><W131/><G131/><T53/><D53/><U57/><E31/><V127/><F24/><W42/><G97/><T88/><D60/><U111/><E34/><V25/><F103/><W94/><G94/><T99/><D35/><U68/><E68/><V121/><F25/><W20/><G42/><T107/><D33/><U51/><E51/><V122/><F13/><W102/><G102/><T110/><D110/><U120/><E120/><V89/><F89/><W80/><G123/><T79/><D107/><U70/><E70/><V26/><F26/><W92/><G92/><T74/><D74/><U9/><E18/><V130/><F56/><W52/><G6/><T45/><D45/><U67/><REACH who="1" step="1"/><E111/><REACH who="1" ten="250,240,250,250" step="2"/><V23/><F108/><W93/><G36/><T113/><D113/><U87/><E87/><N who="0" m="33321" /><D81/><U30/><E30/><V66/><F130/><W17/><G80/><T109/><D109/><U114/><E114/><V69/><F69/><W59/><G29/><T78/><N who="0" m="19456" /><DORA hai="16" /><T44/><D44/><U32/><E32/><V91/><F122/><W54/><G71/><T62/><D62/><U11/><E11/><AGARI ba="0,1" hai="5,11,14,21,22,88,95,99" m="19456,33321" machi="11" ten="40,12000,1" yaku="8,1,52,2,54,1" doraHai="106,16" who="0" fromWho="1" sc="250,130,240,-120,250,0,250,0" /><INIT seed="0,1,0,4,2,104" ten="380,120,250,250" oya="0" hai0="96,93,11,31,51,37,20,58,88,2,97,113,91" hai1="9,32,134,62,106,131,27,80,102,57,118,28,15" hai2="4,49,67,86,34,54,103,92,22,73,124,116,122" hai3="0,126,63,79,61,87,25,108,81,26,21,12,5"/><T1/><D113/><U60/><E118/><V78/><F34/><W130/><G0/><T115/><D115/><U14/><E131/><V17/><F122/><W120/><G130/><T47/><D37/><U23/><E134/><V65/><F124/><W94/><G126/><T82/><D58/><U114/><E114/><V85/><F116/><W53/><G108/><T135/><D135/><U3/><E106/><V90/><F4/><W71/><G71/><T76/><D11/><U10/><E102/><V39/><F39/><W7/><G94/><T121/><D121/><U110/><E110/><V33/><F33/><W35/><G35/><T56/><D56/><U127/><E127/><V125/><F73/><W19/><G120/><T123/><D123/><U6/><E80/><V59/><F103/><W43/><G43/><T52/><D91/><U112/><E112/><V45/><F45/><W41/><G41/><T30/><D97/><U13/><E62/><N who="3" m="23562" /><G53/><T38/><D38/><U8/><E57/><V29/><F29/><N who="3" m="17583" /><G26/><T117/><D117/><U107/><E60/><V69/><F69/><W129/><G129/><T100/><D30/><N who="1" m="19551" /><E107/><V109/><F109/><W68/><G68/><T40/><D100/><U72/><E72/><V24/><F125/><W75/><G75/><N who="0" m="43295" /><D40/><U83/><E83/><AGARI ba="1,0" hai="17,22,24,49,54,59,65,67,78,83,85,86,90,92" machi="83" ten="40,1300,0" yaku="8,1" doraHai="104" who="2" fromWho="1" sc="380,0,120,-16,250,16,250,0" /><INIT seed="1,0,0,5,0,73" ten="380,104,266,250" oya="1" hai0="134,117,39,94,89,101,64,85,63,83,32,2,104" hai1="18,13,59,68,28,34,17,95,123,108,72,69,37" hai2="30,125,48,97,99,133,121,53,3,78,29,122,96" hai3="60,26,113,80,103,27,24,25,35,19,50,44,43"/><U92/><E123/><V56/><F3/><W87/><G113/><T16/><D117/><U90/><E37/><V106/><F106/><W47/><G35/><T88/><D134/><U135/><E135/><V0/><F0/><W58/><G103/><T110/><D110/><U21/><E72/><V15/><F133/><W8/><G47/><T76/><D2/><U65/><E108/><V20/><F125/><W115/><G115/><T62/><D39/><U52/><E65/><V46/><F122/><W61/><G8/><T45/><D32/><U81/><E81/><V111/><F121/><W102/><G102/><T126/><D126/><U118/><E118/><V91/><F111/><W131/><G131/><T77/><D45/><U130/><E130/><V7/><F78/><N who="0" m="30314" /><D104/><U9/><E28/><V6/><F29/><W5/><G44/><T41/><D101/><U74/><E74/><V23/><F46/><W84/><G43/><T86/><D41/><U54/><E95/><V66/><F30/><W49/><G58/><N who="0" m="36951" /><D63/><U79/><E79/><V98/><F66/><W22/><G60/><T55/><D16/><U42/><E42/><V120/><F120/><W31/><G61/><T51/><D51/><N who="1" m="31135" /><E54/><AGARI ba="0,0" hai="54,55,83,85,86,88,89,94" m="36951,30314" machi="54" ten="30,8000,1" yaku="8,1,52,3,54,1" doraHai="73" who="0" fromWho="1" sc="380,80,104,-80,266,0,250,0" /><INIT seed="2,0,0,0,1,1" ten="460,24,266,250" oya="2" hai0="89,71,92,118,96,49,130,125,54,84,120,32,44" hai1="36,39,65,76,113,129,102,5,75,67,17,50,58" hai2="79,132,63,61,48,110,123,35,0,116,134,106,27" hai3="85,41,126,42,29,83,6,7,109,78,8,68,122"/><V72/><F123/><W12/><G122/><T90/><D120/><U93/><E113/><V135/><F116/><W2/><G68/><T131/><D118/><U40/><E129/><N who="0" m="49161" /><D125/><U69/><E75/><V107/><F0/><W18/><G126/><T34/><D71/><U16/><E76/><V52/><F110/><W38/><G109/><T62/><D62/><N who="2" m="23562" /><F27/><W28/><G38/><T20/><D20/><U108/><E108/><V66/><F35/><W43/><G2/><T97/><D97/><U104/><E104/><V19/><F19/><N who="1" m="7241" /><E69/><V81/><F66/><N who="1" m="25097" /><E39/><V124/><F124/><W37/><G37/><T3/><D3/><U82/><E82/><AGARI ba="0,0" hai="32,34,44,49,54,82,84,89,90,92,96" m="49161" machi="82" ten="30,1000,0" yaku="19,1" doraHai="1" who="0" fromWho="1" sc="460,10,24,-10,266,0,250,0" /><INIT seed="3,0,0,2,4,132" ten="470,14,266,250" oya="3" hai0="75,111,80,47,116,17,129,102,124,90,77,122,94" hai1="83,19,3,55,85,30,103,78,26,130,101,73,29" hai2="24,8,48,62,53,18,88,32,97,98,107,126,96" hai3="45,40,65,108,119,72,87,74,133,121,33,70,134"/><W127/><G119/><T68/><D122/><U10/><E130/><V81/><F107/><W1/><G121/><T0/><D116/><U52/><E73/><V113/><F113/><W64/><G87/><T105/><D129/><U71/><E71/><V42/><F126/><W22/><G22/><T135/><D124/><U6/><E29/><V117/><F117/><W100/><G127/><T66/><D135/><N who="3" m="51721" /><G108/><T14/><D111/><U27/><E27/><V91/><F32/><W13/><G13/><T110/><D0/><U15/><E103/><V79/><F62/><N who="3" m="40247" /><G64/><T92/><D66/><U109/><E101/><V35/><F42/><W56/><G56/><T51/><D68/><U41/><E41/><V82/><F35/><W23/><G23/><T4/><D14/><U54/><E109/><V131/><F131/><W44/><G44/><T120/><D47/><U58/><E3/><V123/><F123/><W12/><G12/><T16/><D110/><U46/><E46/><N who="2" m="27799" /><F8/><W125/><G125/><T57/><D57/><U5/><REACH who="1" step="1"/><E58/><REACH who="1" ten="470,4,266,250" step="2"/><V95/><F24/><W128/><G128/><T63/><D120/><U69/><E69/><V104/><F104/><W21/><G1/><T39/><D105/><U43/><E43/><V112/><F112/><W60/><G33/><AGARI ba="0,1" hai="5,6,10,15,19,26,30,33,52,54,55,78,83,85" machi="33" ten="40,2600,0" yaku="1,1,54,1,53,0" doraHai="132" doraHaiUra="115" who="1" fromWho="3" sc="470,0,4,36,266,0,250,-26" /><INIT seed="4,0,0,5,0,124" ten="470,40,266,224" oya="0" hai0="68,60,74,26,16,21,90,35,86,108,70,54,4" hai1="135,32,27,88,48,132,82,84,94,134,57,123,111" hai2="28,49,130,129,104,42,5,63,29,39,73,65,83" hai3="72,114,92,69,24,98,7,113,8,20,102,85,131"/><T101/><D108/><U3/><E111/><V31/><F104/><W47/><G72/><T117/><D117/><U78/><E123/><V50/><F5/><W25/><G69/><T44/><D74/><U34/><E3/><V18/><F18/><W51/><G85/><T109/><D109/><U126/><E126/><V13/><F13/><W19/><G25/><T55/><D101/><U105/><E105/><V30/><F30/><W62/><G62/><T56/><D4/><U45/><E57/><V80/><F39/><W11/><G131/><N who="2" m="50185" /><F42/><W17/><G17/><T15/><D35/><U0/><E0/><V6/><F6/><W133/><G133/><T61/><D15/><U22/><E22/><V59/><F83/><W23/><G23/><T127/><D127/><U107/><E107/><V38/><F38/><W40/><REACH who="3" step="1"/><G7/><REACH who="3" ten="470,40,266,214" step="2"/><T2/><D21/><U37/><E27/><V91/><F73/><W79/><G79/><T66/><D16/><U64/><E64/><V12/><F12/><W46/><G46/><T110/><D44/><U41/><REACH who="1" step="1"/><E37/><REACH who="1" ten="470,30,266,214" step="2"/><V119/><F119/><W118/><G118/><T43/><D26/><U14/><E14/><V128/><F128/><W36/><G36/><T53/><D110/><U106/><E106/><V103/><F65/><W75/><G75/><AGARI ba="0,2" hai="32,34,41,45,48,75,78,82,84,88,94,132,134,135" machi="75" ten="40,5200,0" yaku="1,1,20,1,54,1,53,0" doraHai="124" doraHaiUra="100" who="1" fromWho="3" sc="470,0,30,72,266,0,214,-52" /><INIT seed="5,0,0,4,0,37" ten="470,102,266,162" oya="1" hai0="111,125,88,89,128,3,16,6,73,47,129,68,7" hai1="105,132,81,69,17,23,54,122,80,40,94,133,39" hai2="78,70,43,19,83,90,110,127,101,104,63,53,33" hai3="27,42,71,96,118,91,134,45,22,112,76,38,130"/><U120/><E105/><V31/><F110/><W97/><G71/><T57/><D111/><U35/><E35/><V26/><F127/><W48/><G112/><T1/><D125/><U84/><E69/><V32/><F19/><W75/><G130/><N who="0" m="50283" /><D68/><U87/><E54/><V60/><F33/><W107/><G134/><N who="1" m="51818" /><E94/><V51/><F90/><N who="0" m="34922" /><D73/><U46/><E84/><V59/><F70/><W117/><G91/><T115/><D115/><U103/><E103/><V34/><F34/><W29/><G107/><T13/><D57/><U62/><E62/><V100/><F104/><W108/><G108/><T126/><D47/><U77/><E81/><V44/><REACH who="2" step="1"/><F60/><REACH who="2" ten="470,102,256,162" step="2"/><W55/><G118/><T85/><D126/><U11/><E11/><V66/><F66/><W14/><G117/><T86/><D7/><U30/><E30/><V99/><F99/><W12/><G97/><T65/><D6/><U4/><E4/><V41/><F41/><W5/><G96/><T2/><D65/><U25/><AGARI ba="0,1" hai="17,23,25,39,40,46,77,80,87,120,122" m="51818" machi="25" ten="30,3000,0" yaku="20,1,52,1" doraHai="37" who="1" fromWho="1" sc="470,-10,102,40,256,-10,162,-10" /><INIT seed="5,1,0,2,2,87" ten="460,142,246,152" oya="1" hai0="76,50,34,98,85,2,56,1,130,32,123,14,127" hai1="54,11,93,48,114,62,89,8,60,63,112,5,43" hai2="116,6,23,107,99,100,128,94,35,82,33,73,41" hai3="4,37,10,65,105,7,124,49,95,28,115,15,45"/><U66/><E43/><V22/><F116/><W40/><G105/><T103/><D130/><U119/><E119/><V68/><F128/><W126/><G115/><N who="1" m="44074" /><E66/><V72/><F68/><W102/><G28/><T97/><D127/><N who="3" m="48681" /><G65/><T70/><D70/><U69/><E69/><V36/><F6/><N who="3" m="3543" /><G37/><T118/><D118/><U53/><E11/><V81/><F107/><W134/><G134/><T67/><D123/><U80/><E80/><V38/><F41/><W52/><G40/><T47/><D67/><U125/><E125/><V42/><F42/><W79/><G79/><T25/><D76/><U3/><E48/><V44/><F44/><W91/><G102/><T110/><D50/><U46/><E46/><V120/><F100/><W133/><G133/><T96/><D47/><U71/><E71/><V78/><F78/><W17/><G17/><T39/><D103/><U64/><E64/><V0/><F120/><W106/><G106/><T31/><D39/><U9/><E9/><V113/><F113/><W109/><G109/><T20/><D110/><U21/><E21/><V84/><F23/><W57/><G45/><T83/><D20/><U131/><E131/><V88/><F22/><W121/><G121/><T19/><D34/><U75/><E75/><N who="2" m="28747" /><F35/><W58/><G58/><T24/><D56/><U122/><E122/><V104/><F33/><W59/><G59/><T18/><D32/><U74/><E74/><V13/><F38/><W61/><G49/><T101/><D101/><U117/><E117/><V12/><F36/><W86/><AGARI ba="1,0" hai="4,7,52,57,61,86,91,95" m="3543,48681" machi="86" ten="30,4000,0" yaku="18,1,52,1,54,1" doraHai="87" who="3" fromWho="3" sc="460,-11,142,-21,246,-11,152,43" /><INIT seed="6,0,0,2,2,54" ten="449,121,235,195" oya="2" hai0="101,78,12,119,63,102,81,14,134,112,22,9,39" hai1="20,19,91,42,24,47,124,62,60,51,16,99,38" hai2="89,31,97,126,3,45,26,52,4,133,41,70,80" hai3="23,84,17,103,93,113,115,8,59,68,121,21,13"/><V57/><F70/><W98/><G68/><T90/><D112/><N who="3" m="43081" /><G121/><T110/><D110/><U48/><E124/><V50/><F126/><W86/><G23/><T94/><D134/><U69/><E38/><V129/><F133/><W15/><G59/><T33/><D119/><U61/><E69/><V53/><F129/><W30/><G30/><T75/><D33/><U7/><E7/><AGARI ba="0,0" hai="7,8,13,15,17,21,84,86,93,98,103" m="43081" machi="7" ten="30,2000,0" yaku="15,1,11,1" doraHai="54" who="3" fromWho="1" sc="449,0,121,-20,235,0,195,20" /><INIT seed="7,0,0,3,3,75" ten="449,101,235,215" oya="3" hai0="130,110,71,62,125,30,70,57,89,13,124,55,68" hai1="106,72,126,112,66,77,43,31,73,86,65,14,102" hai2="76,114,78,46,53,116,28,123,45,105,94,22,19" hai3="60,1,88,52,97,69,100,36,40,122,90,83,38"/><W108/><G122/><T87/><D110/><U58/><E43/><V24/><F105/><W121/><G121/><T118/><D118/><U2/><E2/><V7/><F116/><W119/><G119/><T104/><D104/><U135/><E31/><V61/><F114/><W92/><G108/><T103/><D103/><U99/><E14/><V11/><F123/><W17/><G1/><T39/><D39/><U47/><E47/><N who="2" m="17931" /><F94/><W50/><G40/><T129/><D30/><U20/><E20/><V63/><F7/><W93/><G83/><N who="0" m="49407" /><D13/><U133/><E58/><N who="2" m="35023" /><F63/><W27/><G60/><T44/><D44/><U115/><E65/><V59/><F59/><N who="3" m="33175" /><G38/><T5/><D5/><U101/><E66/><V48/><F48/><W84/><G69/><T15/><D15/><AGARI ba="0,0" hai="11,15,19,22,24,28,76,78" m="35023,17931" machi="15" ten="30,3900,0" yaku="8,1,52,2" doraHai="75" who="2" fromWho="0" sc="449,-39,101,0,235,39,215,0" owari="410,51.0,101,-40.0,274,7.0,215,-18.0" /></mjloggm>