<mjloggm ver="2.3"><GO type="169" lobby="0"/><UN n0="%E6%AD%8C%E8%88%9E%E4%BC%8E%E5%90%9B" n1="%E5%A4%A9%E7%A5%9E%E9%B3%B3%E4%BD%8D" n2="%E5%A4%A7%E5%92%8C%E7%94%B0%E9%A0%AD%E5%8F%96" n3="%E5%B0%8F%E6%89%8B%E8%BF%94%E6%92%B2%E6%BB%85%E4%BC%9A%E9%95%B7" dan="16,16,18,17" rate="2119.60,2124.45,2238.63,2172.62" sx="M,M,M,F"/><TAIKYOKU oya="0"/><INIT seed="0,0,0,5,2,107" ten="250,250,250,250" oya="0" hai0="15,119,88,77,96,74,84,75,41,111,120,100,114" hai1="7,17,70,129,126,106,34,79,110,28,55,73,116" hai2="48,61,58,25,37,38,59,21,78,103,133,11,130" hai3="89,43,47,127,101,62,117,4,99,1,72,92,65"/><T128/><D41/><U35/><E17/><V66/><F130/><W98/><G117/><T5/><D5/><U14/><E55/><V91/><F133/><W50/><G127/><T118/><D15/><U97/><E14/><V46/><F58/><W6/><G1/><T134/><D128/><U132/><E7/><V68/><F11/><W76/><G76/><T42/><D42/><U12/><E12/><V94/><F78/><W9/><G72/><N who="0" m="27691" /><D134/><U71/><E28/><V123/><F68/><W40/><G40/><T26/><D26/><U27/><E34/><V24/><F24/><W108/><G9/><T105/><D120/><U18/><E18/><V112/><F123/><W56/><G108/><T82/><D114/><U16/><E16/><V115/><F115/><W19/><REACH who="3" step="1"/><G19/><REACH who="3" ten="250,250,250,240" step="2"/><T31/><D31/><U86/><E79/><V69/><F112/><W2/><G2/><T32/><D32/><U33/><E35/><V30/><F30/><W122/><G122/><T53/><D111/><U81/><E33/><V87/><F25/><W90/><G90/><T36/><D36/><U85/><E27/><V23/><F38/><W80/><G80/><N who="0" m="49159" /><D53/><U13/><E110/><V113/><F113/><W45/><G45/><T29/><D29/><U60/><E132/><V3/><F3/><W67/><G67/><T0/><D0/><U44/><E44/><V83/><F37/><W104/><AGARI ba="0,1" hai="4,6,43,47,50,56,62,65,89,92,98,99,101,104" machi="104" ten="20,2700,0" yaku="1,1,0,1,7,1,53,0" doraHai="107" doraHaiUra="121" who="3" fromWho="3" sc="250,-13,250,-7,250,-7,240,37" /><INIT seed="1,0,0,4,2,117" ten="237,243,243,277" oya="1" hai0="40,20,80,119,64,131,102,34,42,87,96,46,113" hai1="93,114,67,41,65,134,133,121,57,11,110,56,58" hai2="36,94,74,59,28,132,123,61,128,125,21,99,82" hai3="12,95,85,89,33,29,81,83,124,105,3,116,86"/><U1/><E93/><V90/><F36/><W66/><G3/><T51/><D34/><U50/><E11/><V109/><F109/><W62/><G105/><T19/><D119/><U76/><E76/><V107/><F125/><W17/><G124/><T84/><D113/><U104/><E104/><V31/><F128/><W129/><G129/><T53/><D131/><U126/><E1/><V26/><F132/><N who="1" m="50793" /><E126/><V118/><F118/><W10/><G116/><T63/><D96/><U16/><E16/><V37/><F37/><W69/><G29/><T120/><D102/><U44/><E114/><V112/><F112/><W24/><G24/><T115/><D115/><U47/><E110/><V14/><F14/><W27/><G27/><T43/><D120/><U52/><E121/><V25/><F107/><W38/><G38/><AGARI ba="0,0" hai="38,41,44,47,50,52,56,57,58,65,67" m="50793" machi="38" ten="30,11600,0" yaku="20,1,34,2,54,1" doraHai="117" who="1" fromWho="3" sc="237,0,243,116,243,0,277,-116" /><INIT seed="1,1,0,2,0,63" ten="237,359,243,161" oya="1" hai0="81,2,91,15,122,11,30,27,74,5,60,89,3" hai1="54,39,127,40,61,117,77,51,80,68,70,41,133" hai2="95,98,65,135,56,125,53,8,82,129,87,72,92" hai3="10,48,20,130,17,46,66,19,31,49,88,4,101"/><U121/><E80/><V37/><F125/><W85/><G130/><T22/><D122/><U26/><E26/><V16/><F129/><W42/><G101/><T62/><D62/><U52/><E77/><V102/><F135/><W32/><G32/><T58/><D74/><U24/><E24/><V114/><F37/><W100/><G100/><T13/><D13/><U128/><E128/><V106/><F114/><W103/><G103/><T71/><D71/><N who="1" m="27179" /><E121/><V134/><F134/><W96/><G96/><T108/><D108/><U33/><E33/><V55/><F72/><W34/><G34/><T120/><D120/><U36/><E133/><V107/><F95/><N who="3" m="54671" /><G31/><T9/><D81/><U79/><E79/><V6/><F106/><W104/><G20/><T57/><D57/><N who="1" m="34983" /><E127/><V118/><F107/><W86/><G86/><T25/><D25/><U105/><E117/><V73/><F118/><W29/><G29/><T35/><D3/><U23/><E23/><V90/><F73/><W47/><G66/><N who="0" m="39191" /><D11/><U131/><E105/><V126/><F126/><W84/><G84/><T28/><D28/><U14/><E14/><V64/><F87/><W0/><G104/><T124/><D124/><U67/><E131/><V113/><F82/><W110/><G110/><T12/><D12/><U75/><E75/><V119/><F119/><W115/><G17/><AGARI ba="1,0" hai="2,5,9,15,17,22,27,30,35,89,91" m="39191" machi="17" ten="30,2000,0" yaku="24,1,52,1" doraHai="63" who="0" fromWho="3" sc="237,23,359,0,243,0,161,-23" /><INIT seed="2,0,0,2,2,135" ten="260,359,243,138" oya="2" hai0="30,4,89,121,118,63,102,81,10,60,92,15,96" hai1="113,22,69,5,112,64,65,74,133,77,84,134,57" hai2="29,125,7,97,0,38,83,20,45,35,72,99,130" hai3="21,95,11,23,48,62,31,27,66,132,75,82,55"/><V46/><F46/><W58/><G132/><N who="1" m="50794" /><E84/><V76/><F130/><W25/><G75/><T61/><D121/><U52/><E22/><V116/><F116/><W34/><G82/><T100/><D118/><U13/><E13/><V70/><F70/><W85/><G11/><T124/><D124/><U33/><E33/><V111/><F125/><W103/><G34/><T19/><D30/><U49/><E5/><V120/><F120/><W117/><G117/><T98/><D81/><U129/><E77/><V12/><F111/><W94/><G85/><T126/><D126/><U131/><E74/><V93/><F35/><W14/><G14/><T26/><D96/><U16/><E16/><N who="2" m="10247" /><F93/><W8/><G8/><T3/><D3/><U39/><E39/><V40/><F29/><W79/><G79/><T90/><D102/><U41/><E41/><V104/><F104/><W123/><G123/><T122/><D122/><U127/><E127/><V47/><F47/><W68/><REACH who="3" step="1"/><G103/><REACH who="3" ten="260,359,243,128" step="2"/><T42/><D100/><U36/><E36/><V56/><F0/><W86/><G86/><T107/><D10/><U32/><E32/><V6/><F97/><W1/><G1/><T37/><D98/><U43/><E43/><V105/><F99/><W9/><G9/><T110/><D42/><U53/><E129/><V114/><F72/><W71/><G71/><T67/><D37/><U2/><E2/><V17/><F83/><W119/><G119/><T80/><D15/><U115/><E69/><V51/><F76/><W109/><G109/><T91/><D110/><U59/><E131/><V24/><F38/><RYUUKYOKU ba="0,1" sc="260,-15,359,15,243,-15,128,15" hai1="49,52,53,57,59,64,65,112,113,115" hai3="21,23,25,27,31,48,55,58,62,66,68,94,95" /><INIT seed="3,1,1,3,4,107" ten="245,374,228,143" oya="3" hai0="13,88,62,46,92,115,8,32,11,20,126,50,15" hai1="9,80,91,34,66,121,89,23,77,125,27,4,47" hai2="29,53,119,83,118,10,19,17,67,123,42,43,5" hai3="45,61,75,134,72,70,76,86,111,132,94,106,22"/><W129/><G106/><T64/><D32/><U81/><E121/><V109/><F123/><W25/><G129/><T3/><D126/><U0/><E125/><V131/><F67/><N who="3" m="41327" /><G45/><T69/><D115/><U130/><E130/><V135/><F131/><W90/><G76/><T24/><D3/><U44/><E34/><V85/><F119/><W87/><G87/><T21/><D24/><U101/><E101/><V51/><F85/><W110/><G22/><T56/><D69/><U128/><E128/><V31/><F118/><W73/><G25/><T100/><D100/><U93/><E66/><V97/><F97/><W54/><G54/><N who="0" m="30039" /><D11/><U59/><E59/><V14/><F53/><W48/><G48/><T105/><D15/><U104/><E104/><V98/><F51/><W133/><AGARI ba="1,1" hai="72,73,75,86,90,94,110,111,132,133,134" m="41327" machi="133" ten="50,12000,1" yaku="20,1,52,3" doraHai="107" who="3" fromWho="3" sc="245,-41,374,-41,228,-41,143,133" /><INIT seed="3,2,0,5,5,36" ten="204,333,187,276" oya="3" hai0="59,19,62,66,8,21,40,39,100,25,48,38,78" hai1="10,111,123,115,113,127,105,134,120,70,28,27,35" hai2="14,108,128,41,95,79,77,94,93,131,51,54,74" hai3="130,125,52,99,11,119,98,63,75,112,49,85,110"/><W103/><G112/><N who="1" m="43082" /><E70/><V118/><F118/><W13/><G119/><T69/><D100/><U129/><E105/><V34/><F108/><W6/><G75/><T82/><D8/><U65/><E65/><V81/><F34/><W101/><G110/><T23/><D69/><U18/><E111/><V5/><F77/><W58/><G125/><T2/><D2/><U42/><E42/><V61/><F14/><W83/><G99/><T67/><D67/><U20/><E127/><V17/><F17/><W24/><G24/><T87/><D48/><U92/><E92/><V47/><REACH who="2" step="1"/><F5/><REACH who="2" ten="204,333,177,276" step="2"/><W114/><G114/><T122/><D122/><U37/><E18/><V46/><F46/><W64/><G6/><T121/><D121/><U45/><E35/><V60/><F60/><W73/><G63/><T50/><D23/><U15/><E45/><V12/><F12/><W91/><G13/><T53/><D66/><U29/><E15/><V88/><F88/><W7/><G91/><T124/><D124/><U4/><E20/><V56/><AGARI ba="2,1" hai="41,47,51,54,56,61,74,79,81,93,94,95,128,131" machi="56" ten="30,7900,0" yaku="1,1,0,1,52,1,53,1" doraHai="36" doraHaiUra="43" who="2" fromWho="2" sc="204,-22,333,-22,177,95,276,-41" /><INIT seed="4,0,0,5,4,57" ten="182,311,272,235" oya="0" hai0="10,115,65,109,22,63,77,116,1,16,91,131,60" hai1="78,48,54,70,14,23,8,112,124,52,55,90,51" hai2="108,127,85,84,49,73,83,99,33,30,24,28,87" hai3="114,89,103,92,56,81,18,5,47,106,46,110,34"/><T21/><D116/><U93/><E124/><V25/><F108/><W50/><G110/><T72/><D109/><U45/><E112/><V94/><F127/><W88/><G34/><T130/><D115/><U3/><E3/><V71/><F71/><W61/><G106/><T126/><D126/><U42/><E70/><V4/><F4/><W39/><G39/><T135/><D135/><U98/><E78/><V11/><F11/><W67/><G5/><T76/><D91/><N who="3" m="34889" /><G81/><T41/><D41/><U13/><E23/><N who="0" m="8713" /><D65/><U62/><E51/><V119/><F49/><W69/><G69/><T20/><D72/><U125/><E125/><V111/><F119/><W102/><G47/><T6/><D77/><U132/><E132/><V26/><F111/><W121/><G121/><T105/><D76/><U75/><E75/><V44/><F44/><W64/><G64/><T31/><D31/><U113/><E113/><V27/><F30/><W53/><G114/><T12/><D105/><U104/><E104/><V35/><F35/><W36/><G36/><T128/><AGARI ba="0,0" hai="1,6,10,12,16,20,60,63,128,130,131" m="8713" machi="128" ten="40,12000,1" yaku="19,1,52,2,54,1" doraHai="57" who="0" fromWho="0" sc="182,120,311,-40,272,-40,235,-40" /><INIT seed="4,1,0,0,5,116" ten="302,271,232,195" oya="0" hai0="110,126,36,33,46,102,32,47,55,117,52,88,22" hai1="115,76,41,134,15,120,37,34,10,91,77,67,104" hai2="63,38,14,86,64,45,92,53,106,30,79,8,75" hai3="44,49,132,1,0,118,82,17,25,98,57,9,18"/><T50/><D117/><U26/><E104/><V103/><F75/><W121/><G118/><T124/><D102/><U20/><E34/><V56/><F106/><W108/><G108/><T28/><D110/><U81/><E120/><V51/><F38/><W128/><G132/><T70/><D70/><U135/><E67/><V133/><F133/><N who="1" m="50697" /><E41/><V65/><F30/><W95/><G128/><T96/><D22/><U111/><E37/><V23/><F23/><W12/><G82/><T87/><D96/><U62/><E62/><V72/><F72/><W68/><G68/><T73/><D73/><U24/><E111/><V130/><F130/><W85/><G85/><T97/><D97/><U80/><E115/><V112/><F112/><W83/><G83/><N who="1" m="31818" /><E91/><N who="2" m="53367" /><F103/><W19/><G121/><T122/><D122/><U58/><E58/><V6/><F79/><N who="1" m="30281" /><E20/><V11/><F11/><W69/><G57/><N who="0" m="32919" /><D55/><AGARI ba="1,0" hai="6,8,14,45,51,53,55,56,63,64,65" m="53367" machi="55" ten="30,1000,0" yaku="8,1" doraHai="116" who="2" fromWho="0" sc="302,-13,271,0,232,13,195,0" /><INIT seed="5,0,0,3,3,104" ten="289,271,245,195" oya="1" hai0="114,21,90,25,115,110,87,47,102,36,95,132,127" hai1="74,19,63,8,80,125,109,135,59,26,17,6,96" hai2="52,11,93,64,107,124,106,61,71,99,118,9,27" hai3="75,86,116,126,62,30,51,73,31,117,111,83,0"/><U122/><E122/><V70/><F118/><N who="3" m="45675" /><G111/><T4/><D110/><U35/><E109/><V84/><F124/><W128/><G0/><T108/><D108/><U29/><E125/><V60/><F84/><W12/><G126/><T88/><D127/><U39/><E135/><V13/><F27/><W92/><G92/><T77/><D132/><U55/><E39/><V134/><F9/><W68/><G51/><T119/><D119/><U3/><REACH who="1" step="1"/><E96/><REACH who="1" ten="289,261,245,195" step="2"/><V76/><F99/><W131/><G131/><T44/><D36/><U7/><E7/><V66/><F134/><W113/><G128/><T45/><D4/><U67/><E67/><V37/><F66/><N who="3" m="41047" /><G113/><T48/><D115/><U97/><E97/><V112/><F37/><W16/><G31/><T22/><D114/><U100/><E100/><V54/><F112/><W129/><G30/><T98/><D102/><U130/><E130/><V56/><F64/><W123/><G123/><T65/><D65/><U58/><E58/><V5/><F56/><W89/><G129/><T41/><D98/><U121/><E121/><V72/><F70/><W50/><G50/><T120/><D48/><U2/><E2/><V46/><F71/><W43/><G43/><T14/><D41/><U69/><E69/><V38/><F38/><W32/><G32/><T1/><D1/><U15/><E15/><V103/><F103/><W18/><G18/><T20/><D120/><U85/><E85/><V57/><F61/><W42/><G42/><T105/><D14/><U82/><E82/><N who="2" m="45319" /><F93/><W28/><G28/><N who="0" m="17447" /><D95/><U24/><E24/><V81/><F81/><RYUUKYOKU ba="0,1" sc="289,-30,261,10,245,10,195,10" hai1="3,6,8,17,19,26,29,35,55,59,63,74,80" hai2="5,11,13,46,52,54,57,60,106,107" hai3="12,16,73,75,83,86,89" /><INIT seed="5,1,1,4,2,95" ten="259,271,255,205" oya="1" hai0="132,103,63,126,90,78,8,7,5,50,22,61,45" hai1="77,39,24,129,70,67,13,60,23,34,123,25,21" hai2="94,14,80,76,115,84,42,121,29,135,65,87,83" hai3="57,15,134,112,128,98,96,72,0,31,59,20,3"/><U51/><E123/><V38/><F121/><W68/><G68/><T37/><D37/><U73/><E129/><V9/><F135/><W53/><G72/><T85/><D126/><U114/><E114/><V10/><F65/><W101/><G134/><T117/><D117/><U27/><E39/><V41/><F115/><W91/><G112/><T69/><D69/><U28/><E51/><V33/><F9/><W55/><G101/><T47/><D103/><U127/><E127/><V110/><F110/><W116/><G91/><T79/><D22/><U118/><E118/><V120/><F38/><W56/><G116/><T81/><D45/><U17/><E34/><V32/><F94/><W19/><G128/><T30/><D30/><U100/><E100/><V71/><F71/><W48/><G31/><T2/><D132/><U26/><E73/><V43/><F29/><W6/><G56/><T122/><D122/><U125/><E125/><V52/><F52/><W86/><G86/><T104/><D104/><U109/><E109/><V75/><F120/><W119/><G119/><T113/><D113/><U11/><E77/><N who="0" m="29193" /><D2/><U54/><E54/><V88/><REACH who="2" step="1"/><F75/><REACH who="2" ten="259,271,245,205" step="2"/><W16/><G6/><AGARI ba="1,2" hai="6,10,14,32,33,41,42,43,76,80,83,84,87,88" machi="6" ten="40,5200,0" yaku="1,1,2,1,54,1,53,0" doraHai="95" doraHaiUra="130" who="2" fromWho="3" sc="259,0,271,0,245,75,205,-55" /><INIT seed="6,0,0,5,5,29" ten="259,271,320,150" oya="2" hai0="36,68,120,51,66,72,75,112,39,16,105,27,46" hai1="116,89,106,130,124,56,0,94,103,96,126,71,127" hai2="64,28,117,84,55,32,21,125,13,24,73,42,102" hai3="22,100,91,118,107,119,10,135,35,79,1,61,6"/><V20/><F73/><W37/><G135/><T88/><D120/><U83/><E71/><V109/><F117/><N who="3" m="44555" /><G91/><T110/><D105/><U59/><E116/><V128/><F128/><W81/><G22/><T92/><D110/><U129/><E0/><V48/><F125/><W54/><G54/><T101/><D101/><U85/><E59/><V93/><F21/><W90/><G90/><T18/><D66/><U11/><E56/><V67/><F20/><W78/><G78/><T60/><D60/><U86/><E11/><V19/><F55/><W80/><G80/><T5/><D5/><U65/><E65/><V97/><F109/><W62/><G62/><T15/><D68/><U70/><E70/><V31/><F67/><W63/><G63/><T76/><D27/><U87/><E83/><V58/><F58/><W131/><G61/><T30/><D30/><U69/><E69/><V34/><F64/><W38/><G131/><AGARI ba="0,0" hai="85,86,87,89,94,96,103,106,124,126,127,129,130,131" machi="131" ten="50,8000,1" yaku="18,1,19,1,34,3" doraHai="29" who="1" fromWho="3" sc="259,0,271,80,320,0,150,-80" /><INIT seed="7,0,0,4,4,124" ten="259,351,320,70" oya="3" hai0="65,135,43,129,29,1,14,101,59,99,132,79,6" hai1="95,34,75,81,33,21,131,107,78,50,94,91,60" hai2="15,122,16,93,128,127,22,9,37,30,74,104,52" hai3="123,118,20,111,0,130,90,24,7,17,82,63,10"/><W106/><G118/><T103/><D79/><U45/><E107/><V64/><F104/><W51/><G123/><T108/><D108/><U110/><E110/><V133/><F128/><W112/><G111/><T71/><D43/><U26/><E131/><V109/><F109/><W47/><G106/><T13/><D129/><U97/><E60/><V119/><F119/><W36/><G130/><T35/><D59/><U8/><E8/><V69/><F37/><W72/><G63/><T73/><D73/><U134/><E94/><V117/><F74/><W70/><G70/><T28/><D1/><U41/><E134/><V85/><F133/><W32/><G112/><T23/><D6/><U57/><E57/><V66/><F69/><W5/><G5/><T120/><D23/><U11/><E11/><V58/><F127/><W114/><G114/><T116/><D120/><U105/><E105/><V84/><F117/><W61/><G61/><N who="0" m="40367" /><D103/><U2/><E2/><V115/><F115/><W40/><G32/><T62/><D62/><U39/><E39/><V100/><F122/><W102/><G102/><T38/><D38/><U44/><E45/><V77/><F66/><W126/><G126/><T27/><D29/><AGARI ba="0,0" hai="21,26,29,33,34,41,44,50,75,78,81,91,95,97" machi="29" ten="30,1000,0" yaku="7,1" doraHai="124" who="1" fromWho="0" sc="259,-10,351,10,320,0,70,0" owari="249,-15.0,361,46.0,320,12.0,70,-43.0" /></mjloggm>