<mjloggm ver="2.3"><GO type="169" lobby="0"/><UN n0="%67%6F%74%61%70%6F%6F%68" n1="%E3%81%8B%E3%81%8B%E3%81%8B%E3%81%8B" n2="%E3%81%8B%E3%81%A5%E3%81%8D%EF%BC%B8%EF%BC%A9" n3="%4E%6F%6D%65%72%63%79" dan="16,16,16,16" rate="2174.93,2146.74,2097.44,2164.26" sx="M,M,M,F"/><TAIKYOKU oya="0"/><INIT seed="0,0,0,0,1,133" ten="250,250,250,250" oya="0" hai0="93,49,96,41,120,42,56,125,77,12,104,126,81" hai1="9,17,48,95,88,40,58,119,24,68,23,109,99" hai2="16,63,10,111,75,32,36,110,97,101,87,0,64" hai3="114,74,107,35,25,105,78,39,112,86,82,90,46"/><T69/><D69/><U6/><E109/><N who="2" m="41483" /><F36/><W115/><G86/><T127/><D104/><U66/><E68/><V5/><F75/><W116/><G90/><N who="0" m="55351" /><D120/><U29/><E119/><V128/><F128/><W1/><G116/><T60/><D49/><U3/><E66/><V130/><F130/><W67/><G67/><N who="0" m="39303" /><D12/><U45/><REACH who="1" step="1"/><E58/><REACH who="1" ten="250,240,250,250" step="2"/><V54/><F64/><W122/><G122/><T4/><D4/><U22/><E22/><V53/><F5/><W8/><G8/><T27/><D27/><U65/><E65/><V118/><F10/><W55/><G25/><T117/><D117/><U106/><E106/><V26/><F26/><W132/><G105/><T44/><D44/><U70/><E70/><V134/><F118/><W71/><G107/><T89/><D89/><U121/><E121/><V14/><F32/><W123/><G123/><T37/><D37/><U94/><E94/><V50/><F134/><W15/><G132/><T62/><D62/><U91/><E91/><V18/><F63/><W131/><G71/><T21/><D21/><U57/><E57/><V11/><F50/><W124/><G131/><T2/><D2/><U34/><E34/><V83/><F0/><W102/><G35/><T59/><D59/><U43/><E43/><V72/><F53/><W7/><G1/><T30/><D30/><AGARI ba="0,1" hai="3,6,9,17,23,24,29,30,40,45,48,88,95,99" machi="30" ten="40,2600,0" yaku="1,1,54,1,53,0" doraHai="133" doraHaiUra="76" who="1" fromWho="0" sc="250,-26,240,36,250,0,250,0" /><INIT seed="1,0,0,4,1,70" ten="224,276,250,250" oya="1" hai0="85,92,45,135,11,33,60,15,31,4,19,61,132" hai1="69,21,105,80,49,97,6,42,25,117,46,48,5" hai2="63,113,125,44,109,87,121,2,35,65,95,130,107" hai3="72,120,106,13,40,101,90,12,84,131,9,111,98"/><U47/><E117/><V124/><F35/><W74/><G120/><T3/><D45/><U110/><E69/><V79/><F2/><W62/><G111/><T102/><D102/><U93/><E105/><V73/><F44/><W10/><G131/><T104/><D104/><U66/><E66/><V134/><F134/><N who="0" m="51242" /><D92/><U27/><E80/><V7/><F7/><W8/><G40/><T71/><D85/><U83/><E83/><V128/><F109/><W86/><G86/><T26/><D71/><U127/><E127/><N who="2" m="48715" /><F63/><W0/><G0/><T115/><D115/><U119/><E110/><V82/><F65/><W96/><G96/><T77/><D77/><U52/><E119/><V67/><F67/><W88/><G90/><T58/><D58/><U116/><E116/><V81/><F121/><W30/><G62/><T122/><D122/><U89/><REACH who="1" step="1"/><E25/><REACH who="1" ten="224,266,250,250" step="2"/><V76/><F107/><W28/><G74/><T114/><D114/><U78/><E78/><V39/><F113/><W56/><G72/><T99/><D99/><U123/><E123/><V50/><F82/><W1/><G98/><T91/><D91/><U55/><E55/><V100/><F79/><W18/><G106/><T32/><D32/><U29/><AGARI ba="0,1" hai="5,6,21,27,29,42,46,47,48,49,52,89,93,97" machi="29" ten="20,12000,1" yaku="1,1,0,1,7,1,8,1,54,1,53,0" doraHai="70" doraHaiUra="108" who="1" fromWho="1" sc="224,-40,266,130,250,-40,250,-40" /><INIT seed="1,1,0,2,2,90" ten="184,396,210,210" oya="1" hai0="26,62,0,1,58,114,7,129,121,38,78,68,135" hai1="8,107,46,57,123,104,79,30,21,102,23,95,50" hai2="64,63,127,33,106,85,132,6,53,111,110,128,75" hai3="3,77,41,96,100,133,36,51,91,98,87,131,80"/><U108/><E123/><V118/><F33/><W122/><G122/><T60/><D114/><U13/><E79/><V49/><F75/><W103/><G36/><T31/><D38/><U71/><E71/><V124/><F106/><W86/><G3/><T105/><D135/><U56/><E107/><V32/><F85/><W69/><G133/><T48/><D129/><U113/><E104/><V11/><F32/><W67/><G131/><T24/><D48/><U125/><E125/><N who="2" m="48203" /><F118/><W14/><G67/><T17/><D17/><U15/><E15/><N who="2" m="5623" /><F128/><W83/><G69/><T109/><D105/><U89/><E102/><N who="3" m="38954" /><G14/><T35/><D78/><U119/><E113/><V47/><F132/><W9/><G9/><N who="0" m="2279" /><D26/><N who="1" m="16719" /><E23/><V134/><F134/><W43/><G43/><T18/><D18/><N who="1" m="8487" /><E108/><V2/><F2/><W27/><G27/><T61/><D1/><U101/><E101/><V55/><F55/><W92/><G41/><T97/><D109/><U117/><E117/><V29/><F29/><W20/><G20/><T82/><D121/><U52/><E119/><V93/><F93/><W25/><G25/><T94/><D68/><AGARI ba="1,0" hai="47,49,53,63,64,68,110,111" m="5623,48203" machi="68" ten="30,1000,0" yaku="18,1" doraHai="90" who="2" fromWho="0" sc="184,-13,396,0,210,13,210,0" /><INIT seed="2,0,0,0,5,128" ten="171,396,223,210" oya="2" hai0="19,71,24,59,18,82,95,6,15,104,37,27,112" hai1="51,1,135,21,5,91,64,125,28,76,57,73,44" hai2="4,55,7,26,8,30,120,66,103,42,32,105,23" hai3="65,53,87,130,20,49,40,62,116,127,72,61,109"/><V16/><F66/><W3/><G130/><T75/><D104/><U36/><E36/><V10/><F42/><W119/><G72/><T45/><D71/><U134/><E125/><V2/><F55/><W67/><G3/><T131/><D112/><U31/><E76/><V121/><F103/><W41/><G127/><T0/><D131/><U129/><E73/><V17/><F105/><W12/><G12/><T46/><D95/><U74/><E74/><V70/><F70/><W85/><G20/><T34/><D59/><U39/><E39/><V80/><F80/><W52/><G109/><T110/><D110/><U123/><E123/><V77/><F77/><W38/><G38/><T99/><D99/><U114/><E114/><V83/><F83/><W11/><G11/><N who="0" m="2503" /><D45/><U68/><E1/><N who="2" m="15" /><F17/><W92/><G92/><T115/><D19/><U89/><E89/><V102/><F102/><W97/><G97/><T69/><D69/><U14/><E91/><V133/><F133/><N who="1" m="50697" /><E57/><V48/><F48/><AGARI ba="0,0" hai="40,41,48,49,52,53,61,62,65,67,85,87,116,119" machi="48" ten="25,3200,0" yaku="22,2,54,1" doraHai="128" who="3" fromWho="2" sc="171,0,396,0,223,-32,210,32" /><INIT seed="3,0,0,4,2,128" ten="171,396,191,242" oya="3" hai0="37,125,55,2,97,118,96,19,6,66,100,38,119" hai1="17,101,74,47,20,99,50,88,113,40,8,69,9" hai2="93,104,70,117,122,127,68,90,3,25,94,41,121" hai3="106,33,89,111,14,28,29,81,120,1,48,110,4"/><W43/><G120/><N who="2" m="46185" /><F3/><W39/><G39/><T86/><D86/><U10/><E74/><V71/><F117/><W109/><G1/><T60/><D55/><U87/><E69/><V46/><F104/><W11/><G106/><N who="0" m="63751" /><D19/><U77/><E77/><V129/><F129/><W126/><G126/><T91/><D91/><U53/><E113/><V31/><F127/><W63/><G63/><T112/><D97/><U116/><E116/><N who="0" m="44585" /><D125/><U108/><E108/><V79/><F79/><W42/><G33/><T92/><D92/><N who="2" m="35434" /><F90/><W21/><G21/><T76/><D76/><U27/><E99/><V80/><F80/><W134/><G48/><T49/><D49/><U24/><E101/><V73/><F73/><W114/><G114/><T107/><D107/><U72/><E72/><V18/><F18/><W132/><G29/><T65/><D65/><U57/><E27/><V34/><F71/><W58/><G28/><T133/><D6/><U22/><E22/><V123/><N who="2" m="46193" /><V67/><DORA hai="103" /><F67/><W131/><G131/><T45/><D2/><U115/><E115/><V105/><F105/><W35/><G35/><T95/><D95/><N who="1" m="54687" /><E40/><V98/><F98/><W52/><G43/><N who="0" m="22767" /><D112/><U59/><AGARI ba="0,0" hai="8,9,10,17,20,24,47,50,53,57,59" m="54687" machi="59" ten="30,2000,0" yaku="8,1,54,1" doraHai="128,103" who="1" fromWho="1" sc="171,-5,396,20,191,-5,242,-10" /><INIT seed="4,0,0,5,5,85" ten="166,416,186,232" oya="0" hai0="34,71,30,115,3,49,0,56,12,17,125,22,79" hai1="5,47,33,101,88,55,119,45,132,98,131,28,83" hai2="130,69,10,87,114,72,134,16,102,40,64,59,111" hai3="133,128,70,84,26,7,126,53,4,89,68,117,67"/><T107/><D107/><U93/><E119/><V60/><F111/><W18/><G117/><T81/><D71/><U99/><E131/><V23/><F72/><W13/><G128/><T52/><D115/><U103/><E132/><V63/><F134/><W25/><G133/><T106/><D106/><U73/><E5/><V97/><F130/><W58/><G126/><T2/><D125/><U113/><E113/><V27/><F40/><W94/><G67/><T9/><D34/><U41/><E55/><V104/><F87/><W118/><G70/><T127/><D127/><U15/><E15/><V35/><F35/><W123/><G68/><T36/><D36/><U116/><E116/><V43/><F43/><W108/><G123/><T62/><D30/><U51/><E45/><V19/><F114/><W6/><G108/><T61/><REACH who="0" step="1"/><D9/><REACH who="0" ten="156,416,186,232" step="2"/><U109/><E109/><V110/><F110/><W21/><REACH who="3" step="1"/><G118/><REACH who="3" ten="156,416,186,222" step="2"/><T120/><D120/><U124/><E124/><V105/><F105/><W24/><G24/><T90/><D90/><U122/><E88/><V96/><F104/><W76/><G76/><T14/><D14/><U44/><E122/><V74/><F27/><W11/><G11/><T135/><D135/><U95/><E103/><V100/><F100/><W54/><G54/><T57/><D57/><U32/><E101/><V20/><F102/><W48/><AGARI ba="0,2" hai="4,6,7,13,18,21,25,26,48,53,58,84,89,94" machi="48" ten="30,12000,2" yaku="1,1,0,1,25,2,8,1,52,1,53,0" doraHai="85" doraHaiUra="75" who="3" fromWho="3" sc="156,-60,416,-30,186,-30,222,140" /><INIT seed="5,0,0,3,0,86" ten="96,386,156,362" oya="1" hai0="48,80,53,35,66,129,111,58,30,101,47,25,135" hai1="81,109,118,116,119,124,21,99,107,23,39,61,97" hai2="3,68,20,123,36,31,54,67,96,77,42,63,85" hai3="113,52,75,60,55,88,103,69,121,71,13,65,98"/><U70/><E39/><V64/><F3/><W105/><G121/><T26/><D111/><U95/><E109/><V49/><F123/><W72/><G71/><T110/><D110/><U94/><E107/><V33/><F33/><W57/><G113/><T59/><D135/><U45/><E124/><V32/><F32/><W91/><G55/><T4/><D129/><U134/><E134/><V2/><F2/><W83/><G13/><T120/><D120/><U37/><E81/><V28/><F64/><W9/><G9/><T27/><D4/><U106/><E106/><V7/><F7/><W78/><G75/><T8/><D8/><U51/><E37/><V74/><F74/><W18/><REACH who="3" step="1"/><G18/><REACH who="3" ten="96,386,156,352" step="2"/><T132/><D132/><U24/><E119/><V131/><F68/><W84/><G84/><T41/><D66/><U11/><E116/><V79/><F85/><W82/><G82/><T50/><D80/><U62/><E70/><V44/><F67/><W92/><G92/><T43/><D43/><N who="1" m="25023" /><E11/><V22/><F42/><W115/><G115/><T0/><D0/><U1/><E1/><V100/><F54/><W93/><G93/><N who="1" m="35338" /><E118/><V34/><F100/><W12/><G12/><T40/><D101/><U133/><E133/><V102/><F102/><W15/><G15/><T56/><REACH who="0" step="1"/><D41/><REACH who="0" ten="86,386,156,352" step="2"/><U128/><E99/><V127/><F96/><W122/><G122/><T117/><D117/><U6/><E97/><V16/><F131/><W10/><G10/><T14/><D14/><U76/><E128/><V29/><F127/><W89/><G89/><T17/><D17/><U87/><E6/><RYUUKYOKU ba="0,2" sc="86,15,386,-15,156,-15,352,15" hai0="25,26,27,30,35,40,47,48,50,53,56,58,59" hai3="52,57,60,65,69,72,78,83,88,91,98,103,105" /><INIT seed="6,1,2,4,3,128" ten="101,371,141,367" oya="2" hai0="42,57,97,132,108,24,60,67,6,107,2,62,119" hai1="40,104,69,87,38,90,22,27,122,21,5,49,131" hai2="106,34,58,85,33,113,17,50,35,39,46,127,78" hai3="36,88,86,109,99,76,111,31,59,48,64,110,73"/><V121/><F106/><W47/><G31/><T11/><D108/><U10/><E38/><V70/><F70/><W105/><G36/><T26/><D42/><U43/><E69/><V4/><F121/><W63/><G73/><T80/><D119/><U89/><E104/><V37/><F4/><W32/><G32/><T112/><D112/><U117/><E117/><V41/><F113/><W95/><G105/><T7/><D7/><U115/><E115/><V120/><F120/><W29/><G29/><T45/><D45/><U114/><E114/><V19/><F127/><W71/><G71/><T23/><D62/><U3/><E131/><V1/><F1/><W74/><G74/><T72/><D132/><U79/><E22/><V135/><F135/><W101/><G76/><T12/><D2/><U30/><E122/><V129/><F129/><W8/><G8/><T13/><D13/><U83/><E49/><V75/><F75/><W25/><G25/><T130/><D130/><U65/><E65/><V92/><F37/><W124/><G124/><T51/><D51/><U44/><E44/><V52/><REACH who="2" step="1"/><F78/><REACH who="2" ten="101,371,131,367" step="2"/><W84/><REACH who="3" step="1"/><G101/><REACH who="3" ten="101,371,131,357" step="2"/><T66/><D72/><U93/><E79/><V102/><F102/><W68/><G68/><T14/><D107/><U94/><E94/><V56/><F56/><W20/><G20/><T82/><D23/><U91/><E93/><V15/><F15/><W96/><G96/><T53/><D14/><U55/><E3/><V61/><F61/><W134/><G134/><T98/><D98/><U126/><E126/><V103/><F103/><W16/><G16/><RYUUKYOKU ba="1,4" sc="101,-15,371,-15,131,15,357,15" hai2="17,19,33,34,35,39,41,46,50,52,58,85,92" hai3="47,48,59,63,64,84,86,88,95,99,109,110,111" /><INIT seed="6,2,4,2,0,55" ten="86,356,146,372" oya="2" hai0="65,39,95,61,81,114,88,69,40,57,66,108,92" hai1="102,7,33,16,51,133,117,49,130,110,36,53,96" hai2="2,129,20,93,126,124,70,58,99,105,21,98,72" hai3="37,15,118,23,132,84,1,48,128,64,41,29,79"/><V68/><F2/><W107/><G118/><T30/><D108/><U63/><E36/><V123/><F72/><W109/><G109/><T60/><D114/><U120/><E33/><V12/><F123/><W10/><G107/><T59/><D69/><U112/><E117/><V56/><F93/><N who="0" m="35914" /><D39/><U75/><E75/><V31/><F31/><W35/><G37/><T47/><D30/><U67/><E112/><V17/><F129/><W8/><G128/><T106/><D106/><U115/><E115/><V62/><F105/><W76/><G35/><T50/><D81/><U22/><E7/><V78/><F78/><W19/><G132/><T73/><D73/><U25/><E133/><V122/><F122/><W127/><G127/><N who="2" m="48681" /><F21/><W103/><G103/><T43/><D43/><U82/><E120/><V45/><F45/><N who="3" m="25647" /><G1/><T121/><D121/><U46/><E110/><V100/><F100/><W116/><G116/><T44/><D44/><U5/><E130/><V87/><F87/><W85/><G85/><T97/><D97/><N who="2" m="36874" /><F70/><W80/><G79/><T18/><D18/><U32/><E32/><V83/><F83/><W90/><G64/><AGARI ba="2,4" hai="12,17,20,56,58,62,64,68" m="36874,48681" machi="64" ten="30,5800,0" yaku="18,1,52,2" doraHai="55" who="2" fromWho="3" sc="86,0,356,0,146,104,372,-64" /><INIT seed="6,3,0,5,0,16" ten="86,356,250,308" oya="2" hai0="4,104,54,71,28,46,19,91,1,128,118,17,65" hai1="126,48,117,50,111,129,93,3,43,2,72,20,106" hai2="41,9,107,27,103,10,96,130,122,67,45,84,120" hai3="94,69,116,29,59,92,24,40,133,5,87,97,21"/><V35/><F130/><W57/><G69/><T7/><D104/><U49/><E106/><V78/><F67/><W99/><G116/><T86/><D128/><U77/><E117/><V79/><F122/><W39/><G133/><T34/><D118/><U83/><E111/><V51/><F120/><W0/><G0/><T135/><D135/><U75/><E75/><V85/><F85/><W60/><G5/><T66/><D28/><U30/><E43/><V125/><F125/><W36/><G87/><T82/><D34/><U11/><E129/><V42/><F42/><W23/><G40/><T38/><D38/><U134/><E134/><V114/><F114/><W113/><G113/><T90/><D1/><U26/><E126/><V102/><F102/><W115/><G115/><T13/><D91/><U47/><E47/><V88/><F78/><W70/><G70/><T32/><D32/><U62/><E11/><V89/><F79/><W100/><G23/><T110/><D19/><U18/><E30/><V12/><F89/><W44/><G44/><T63/><D66/><U31/><E31/><V74/><F74/><W95/><G59/><T25/><D25/><U6/><E6/><V53/><F41/><W121/><G121/><T109/><D109/><U33/><E33/><V127/><F127/><W52/><REACH who="3" step="1"/><G95/><REACH who="3" ten="86,356,250,298" step="2"/><T37/><D110/><U56/><REACH who="1" step="1"/><E93/><REACH who="1" ten="86,346,250,298" step="2"/><N who="2" m="54407" /><F12/><W76/><G76/><T58/><D46/><U68/><E68/><V112/><F112/><W80/><G80/><T105/><D105/><U8/><E8/><N who="2" m="3179" /><F35/><W124/><G124/><T64/><D71/><U108/><E108/><RYUUKYOKU ba="3,2" sc="86,-30,346,10,250,10,298,10" hai1="2,3,18,20,26,48,49,50,56,62,72,77,83" hai2="27,45,51,53,96,103,107" hai3="21,24,29,36,39,52,57,60,92,94,97,99,100" /><INIT seed="6,4,2,5,5,84" ten="56,356,260,308" oya="2" hai0="135,103,64,73,7,89,70,15,2,52,9,132,109" hai1="32,66,131,57,92,61,25,26,121,29,22,116,127" hai2="53,59,83,38,47,122,124,112,98,80,63,16,28" hai3="75,42,56,4,3,17,12,27,58,126,72,49,43"/><V10/><F122/><W45/><G126/><T105/><D109/><U114/><E121/><V95/><F112/><W88/><G43/><T65/><D73/><U130/><E116/><V68/><F68/><W48/><G27/><T60/><D65/><U24/><E114/><V40/><F28/><W34/><G34/><T21/><D103/><U128/><E127/><V125/><F125/><W115/><G115/><T1/><D105/><U51/><E32/><V23/><F10/><W96/><G4/><T110/><D110/><U85/><E51/><V133/><F133/><W6/><G6/><T41/><D41/><U0/><E0/><V76/><F76/><W50/><G3/><T44/><D21/><U91/><AGARI ba="4,2" hai="22,24,25,26,29,57,61,66,85,91,92,128,130,131" machi="91" ten="40,5200,0" yaku="0,1,19,1,52,1" doraHai="84" who="1" fromWho="1" sc="56,-17,356,84,260,-30,308,-17" /><INIT seed="7,0,0,5,0,106" ten="39,440,230,291" oya="3" hai0="92,6,16,21,8,1,60,79,66,121,57,56,120" hai1="114,135,17,129,45,0,128,12,52,5,49,41,14" hai2="50,13,74,99,123,76,126,119,115,134,116,2,63" hai3="132,124,61,84,23,54,31,97,64,22,9,7,53"/><W18/><G132/><T133/><D133/><U55/><E114/><V42/><F2/><W105/><G124/><T108/><D108/><U30/><E135/><V71/><F13/><N who="1" m="5225" /><E30/><V117/><F42/><W80/><G31/><T130/><D130/><N who="1" m="50283" /><E17/><V110/><F50/><W98/><G53/><T90/><D79/><U70/><E70/><V82/><F134/><W39/><G54/><T19/><D121/><U77/><E77/><V25/><F25/><W118/><G39/><T91/><D120/><U28/><E28/><V20/><F20/><W96/><G105/><T38/><D38/><U113/><E113/><V37/><F37/><W72/><G72/><T36/><D36/><U89/><E89/><V15/><F15/><N who="3" m="5567" /><G18/><T58/><D91/><U81/><E81/><V100/><F123/><W83/><G118/><T94/><D94/><U88/><E88/><V11/><F11/><AGARI ba="0,0" hai="0,5,11,41,45,49,52,55" m="50283,5225" machi="11" ten="30,2000,0" yaku="19,1,54,1" doraHai="106" who="1" fromWho="2" sc="39,0,440,20,230,-20,291,0" owari="39,-46.0,460,56.0,210,-19.0,291,9.0" /></mjloggm>