<mjloggm ver="2.3"><GO type="169" lobby="0"/><UN n0="%54%4C%6B%65%79" n1="%E3%82%B7%E3%83%B3%E3%83%95%E3%82%A9%E3%83%8B%E3%82%A2" n2="%E6%87%90%E3%81%8F%E5%AE%B6%E7%95%9C" n3="%E4%B8%BB%E5%B8%AD" dan="16,18,16,16" rate="2164.44,2231.92,2119.09,2146.88" sx="M,M,M,M"/><TAIKYOKU oya="0"/><INIT seed="0,0,0,3,0,106" ten="250,250,250,250" oya="0" hai0="115,126,108,92,13,67,102,38,75,33,120,58,70" hai1="133,34,116,21,127,15,29,118,96,44,125,72,59" hai2="54,123,132,121,107,82,35,100,8,117,83,78,113" hai3="69,124,80,2,94,23,51,104,134,90,49,88,109"/><T99/><D120/><U3/><E44/><V11/><F35/><W77/><G104/><T19/><D115/><U79/><E96/><V57/><F113/><W25/><G69/><T24/><D126/><U36/><E59/><V50/><F117/><W91/><G2/><T89/><D38/><U47/><E21/><V135/><F100/><W66/><G66/><T112/><D112/><U119/><E15/><V103/><F107/><W26/><G109/><T71/><D108/><U30/><E3/><V62/><F103/><W48/><G134/><N who="2" m="51241" /><F82/><W56/><G124/><N who="1" m="47690" /><E133/><V128/><F62/><W40/><G26/><T52/><D67/><U12/><E12/><V4/><F11/><W18/><G56/><T46/><D46/><U101/><E101/><V114/><F114/><W45/><REACH who="3" step="1"/><G94/><REACH who="3" ten="250,250,250,240" step="2"/><T84/><D71/><U95/><E95/><V68/><F68/><W37/><G37/><T6/><D70/><U61/><E36/><V93/><F93/><W55/><G55/><T122/><D52/><U110/><E110/><V17/><F123/><W1/><G1/><T98/><D122/><U39/><E39/><V131/><F121/><W14/><G14/><T130/><D13/><U32/><E47/><V81/><F4/><W9/><G9/><T28/><D6/><U27/><E27/><V73/><F8/><W5/><G5/><T42/><D24/><U105/><E105/><V76/><F17/><W63/><G63/><T20/><D19/><U64/><E61/><V31/><F31/><N who="1" m="11785" /><E64/><V97/><F97/><W85/><AGARI ba="0,1" hai="18,23,25,40,45,48,49,51,77,80,85,88,90,91" machi="85" ten="30,8000,1" yaku="1,1,0,1,8,1,54,1,53,1" doraHai="106" doraHaiUra="16" who="3" fromWho="3" sc="250,-40,250,-20,250,-20,240,90" /><INIT seed="1,0,0,3,2,81" ten="210,230,230,330" oya="1" hai0="113,66,112,135,97,51,121,99,71,90,18,48,61" hai1="6,13,1,96,40,49,131,65,70,109,12,108,34" hai2="45,115,74,8,128,122,26,76,117,17,57,107,88" hai3="44,64,67,118,30,47,73,133,55,82,63,39,54"/><U105/><E34/><V31/><F122/><W92/><G30/><T79/><D121/><U52/><E40/><V126/><F117/><W35/><G35/><T124/><D124/><U10/><E131/><V0/><F126/><W68/><G92/><T11/><D135/><U84/><E65/><V111/><F107/><W91/><G73/><T116/><D116/><U101/><E70/><V85/><F128/><W78/><G78/><T62/><D79/><U125/><E125/><V134/><F76/><W102/><G102/><T69/><D66/><U87/><E12/><V58/><F74/><W129/><G129/><T29/><D11/><U75/><E1/><V43/><F134/><W24/><G24/><T15/><D15/><U93/><E75/><V22/><F115/><W20/><G20/><T25/><D90/><U14/><E14/><N who="2" m="7367" /><F0/><W80/><G133/><T19/><D25/><U98/><E109/><V16/><F111/><W94/><G118/><T3/><D3/><U86/><E108/><V37/><F37/><W77/><G77/><T28/><AGARI ba="0,0" hai="18,19,28,29,48,51,61,62,69,71,97,99,112,113" machi="28" ten="25,3200,0" yaku="0,1,22,2" doraHai="81" who="0" fromWho="0" sc="210,32,230,-16,230,-8,330,-8" /><INIT seed="2,0,0,0,4,84" ten="242,214,222,322" oya="2" hai0="57,74,103,86,123,80,121,73,83,76,135,112,79" hai1="52,68,34,75,109,9,43,128,85,110,107,17,69" hai2="56,130,99,91,100,71,97,101,29,127,1,26,18" hai3="119,38,92,30,72,7,77,36,10,67,32,116,134"/><V0/><F71/><W78/><G134/><T28/><D28/><U23/><E75/><N who="0" m="28681" /><D57/><U11/><E107/><V122/><F122/><N who="0" m="46602" /><D112/><U65/><E34/><V132/><F18/><W133/><G133/><T50/><D50/><U31/><E43/><V45/><F132/><W3/><G67/><T19/><D19/><U55/><E17/><V120/><F120/><W41/><G36/><T27/><D27/><U89/><E31/><V129/><F56/><W131/><G32/><T95/><D135/><U63/><E23/><V20/><F45/><N who="3" m="23735" /><G30/><T42/><D42/><U24/><E24/><V70/><F70/><W111/><G119/><T87/><D95/><U44/><E68/><V82/><F29/><W66/><G66/><T33/><D33/><U105/><E105/><V2/><F26/><W49/><G116/><T35/><D35/><U47/><E47/><V15/><F15/><W88/><G49/><T62/><D62/><U21/><E21/><V113/><F20/><W4/><G4/><T14/><D14/><U54/><E44/><V37/><F37/><W16/><G16/><T81/><D103/><U39/><E39/><V5/><F5/><W8/><G8/><T48/><D48/><U60/><E60/><V117/><F1/><W58/><G58/><T46/><D46/><U53/><N who="1" m="13312" /><DORA hai="61" /><U6/><E9/><V96/><F117/><W114/><G114/><T108/><D108/><N who="1" m="41579" /><E11/><V124/><F113/><W115/><G111/><T13/><D13/><U118/><E6/><V106/><F0/><W59/><G115/><T102/><D102/><N who="2" m="39530" /><F2/><W126/><G3/><RYUUKYOKU ba="0,0" sc="242,30,214,-10,222,-10,322,-10" hai0="76,79,80,81,83,86,87" /><INIT seed="3,1,0,5,0,78" ten="272,204,212,312" oya="3" hai0="16,127,0,84,54,67,71,14,98,92,55,113,58" hai1="69,25,1,51,3,19,29,99,108,37,86,111,96" hai2="59,42,101,81,79,103,85,63,105,15,72,39,11" hai3="123,124,76,31,80,27,23,41,62,36,110,88,49"/><W38/><G123/><T52/><D127/><U70/><E51/><V119/><F119/><W117/><G117/><T68/><D0/><N who="1" m="75" /><E86/><V129/><F129/><W17/><G124/><T134/><D134/><U43/><E19/><V2/><F105/><W61/><G110/><N who="1" m="42026" /><E43/><V107/><F107/><W45/><G76/><T135/><D135/><U24/><E29/><V64/><F2/><W30/><G38/><T53/><D113/><U73/><E73/><V112/><F112/><W21/><G36/><T7/><D7/><U120/><E37/><V94/><F42/><W125/><G125/><T118/><D118/><U83/><E83/><V60/><F39/><W46/><G46/><T100/><D84/><U109/><E109/><V4/><F72/><W48/><G48/><T87/><D87/><U122/><E122/><V133/><F133/><W57/><G31/><T13/><D13/><U34/><E34/><V130/><F130/><W132/><G132/><T90/><D90/><U95/><E120/><V26/><F26/><N who="1" m="10345" /><E95/><V22/><F94/><W9/><G9/><T74/><D74/><U44/><E44/><V65/><REACH who="2" step="1"/><F22/><REACH who="2" ten="272,204,202,312" step="2"/><W47/><G23/><T18/><D92/><U12/><E12/><V40/><F40/><W91/><G41/><T50/><D14/><U8/><E8/><V35/><F35/><W104/><G104/><T131/><D131/><U102/><E102/><V89/><F89/><W66/><G91/><T20/><D20/><U106/><E106/><V33/><F33/><W97/><G21/><T10/><D100/><U56/><E56/><AGARI ba="1,1" hai="4,11,15,56,59,60,63,64,65,79,81,85,101,103" machi="56" ten="30,8000,1" yaku="1,1,7,1,9,1,8,1,52,1,53,0" doraHai="78" doraHaiUra="116" who="2" fromWho="1" sc="272,0,204,-83,202,93,312,0" /><INIT seed="4,0,0,1,4,36" ten="272,121,295,312" oya="0" hai0="123,49,99,79,78,39,11,67,43,110,77,93,125" hai1="57,107,27,73,105,81,32,42,76,56,118,121,116" hai2="71,65,0,33,28,126,48,10,127,17,29,5,122" hai3="34,131,37,80,72,88,61,18,6,15,50,98,52"/><T26/><D123/><U120/><E27/><V66/><F122/><W128/><G37/><T35/><D125/><U54/><E32/><V86/><F71/><W104/><G34/><T114/><D114/><U84/><E73/><V41/><F33/><W38/><G38/><T1/><D39/><U30/><E30/><V68/><F29/><W101/><G6/><T96/><D110/><U106/><E121/><V2/><F28/><W135/><G61/><T64/><D96/><U103/><E103/><V16/><F86/><N who="3" m="50247" /><G72/><T75/><D26/><U91/><E120/><V108/><F5/><W85/><G85/><T7/><D75/><U13/><E76/><V31/><F48/><W24/><G24/><T46/><REACH who="0" step="1"/><D35/><REACH who="0" ten="262,121,295,312" step="2"/><U112/><E112/><V25/><F108/><W59/><G131/><T132/><D132/><U129/><E129/><V70/><F126/><W51/><G128/><T21/><D21/><U63/><E118/><V47/><F25/><W83/><G135/><T12/><D12/><U45/><E116/><V113/><F127/><W55/><G15/><T53/><D53/><U124/><E124/><V8/><F113/><W90/><G55/><T14/><D14/><U92/><E13/><V87/><F0/><W134/><G134/><T82/><D82/><U23/><E23/><V119/><F2/><W3/><G3/><T109/><D109/><U19/><E81/><V60/><F119/><W9/><G18/><T44/><D44/><U20/><E19/><V4/><F17/><W69/><G52/><T74/><D74/><U133/><E133/><V111/><F16/><RYUUKYOKU ba="0,1" sc="262,30,121,-10,295,-10,312,-10" hai0="1,7,11,43,46,49,64,67,77,78,79,93,99" /><INIT seed="4,1,1,4,0,71" ten="292,111,285,302" oya="0" hai0="51,49,100,63,56,97,124,90,98,101,17,3,93" hai1="107,102,122,84,95,44,31,69,12,22,128,42,111" hai2="116,18,125,54,62,68,19,15,52,30,115,129,8" hai3="79,26,86,132,53,91,20,66,50,9,6,58,21"/><T55/><D124/><U94/><E111/><V104/><F104/><W92/><G132/><T14/><D3/><U113/><E122/><V64/><F125/><W75/><G26/><T135/><D135/><U76/><E69/><V38/><F38/><W40/><G66/><T81/><D81/><U67/><E128/><V32/><F129/><W61/><G75/><T34/><D34/><U106/><E67/><V16/><F115/><W41/><G79/><T46/><D97/><U103/><E113/><V117/><F30/><W28/><G28/><T1/><D1/><U127/><E127/><V24/><F32/><W119/><G119/><N who="2" m="45641" /><F24/><W121/><G121/><T112/><D112/><U78/><E31/><V96/><F96/><W27/><G50/><T82/><D82/><U65/><E65/><V45/><F45/><W105/><G105/><T99/><D99/><U2/><E2/><V85/><F85/><W80/><G80/><T60/><D51/><U13/><E44/><V120/><F120/><W4/><G27/><T134/><D134/><U0/><E0/><V33/><F33/><W59/><G86/><T88/><D100/><U25/><E25/><V43/><F43/><W10/><G41/><N who="0" m="24783" /><D60/><U47/><E47/><V126/><F126/><W35/><G61/><T108/><D108/><U70/><E42/><V57/><F68/><W83/><G40/><T130/><D130/><U73/><E70/><V131/><F131/><W118/><G118/><T48/><D63/><U74/><REACH who="1" step="1"/><E84/><REACH who="1" ten="292,101,285,302" step="2"/><V77/><F77/><W87/><G87/><T110/><D110/><U11/><E11/><AGARI ba="1,2" hai="11,14,17,48,55,56,88,90,93,98,101" m="24783" machi="11" ten="30,5800,0" yaku="6,1,8,1,54,1" doraHai="71" who="0" fromWho="1" sc="292,81,101,-61,285,0,302,0" /><INIT seed="4,2,0,3,5,53" ten="373,40,285,302" oya="0" hai0="73,38,60,101,92,21,100,40,114,119,115,67,33" hai1="50,15,17,79,127,27,121,19,105,11,34,94,26" hai2="42,89,86,107,124,106,4,74,44,129,3,8,84" hai3="25,128,48,65,83,43,39,66,117,9,98,111,110"/><T63/><D119/><U58/><E127/><V1/><F124/><W13/><G117/><T0/><D33/><U134/><E134/><V12/><F129/><W80/><G39/><T91/><D73/><U28/><E105/><V118/><F74/><W125/><G128/><T103/><D0/><U130/><E130/><V133/><F133/><W2/><G2/><T16/><D40/><U14/><E121/><V64/><F118/><W108/><G125/><T99/><D38/><U23/><E79/><V6/><F64/><W61/><G25/><T104/><D104/><U97/><E50/><V57/><F86/><W49/><G98/><T5/><D5/><U7/><E94/><V132/><F132/><W95/><G95/><T70/><REACH who="0" step="1"/><D63/><REACH who="0" ten="363,40,285,302" step="2"/><U87/><E87/><V54/><F4/><W77/><G43/><T55/><D55/><U32/><E97/><V24/><F3/><W122/><G61/><T88/><D88/><U85/><E85/><V113/><F1/><W135/><G135/><T62/><D62/><U102/><E102/><V131/><F131/><W76/><G110/><T41/><D41/><U18/><REACH who="1" step="1"/><E58/><REACH who="1" ten="363,30,285,302" step="2"/><V45/><F57/><W30/><G111/><T78/><D78/><U22/><E22/><V47/><F107/><W56/><G56/><T116/><D116/><U52/><E52/><V51/><F106/><W96/><G108/><T126/><D126/><U71/><E71/><V82/><F42/><W72/><G77/><T123/><D123/><U10/><E10/><V46/><N who="2" m="11264" /><DORA hai="68" /><V112/><F8/><W29/><G9/><T36/><D36/><RYUUKYOKU ba="2,2" sc="363,15,30,15,285,-15,302,-15" hai0="16,21,60,67,70,91,92,99,100,101,103,114,115" hai1="7,11,14,15,17,18,19,23,26,27,28,32,34" /><INIT seed="4,3,2,1,4,58" ten="378,45,270,287" oya="0" hai0="20,28,44,97,89,73,135,53,27,2,72,129,91" hai1="62,117,79,45,87,86,4,84,66,51,119,122,40" hai2="19,68,37,17,123,112,71,50,0,126,59,14,9" hai3="64,22,21,90,7,42,5,16,106,80,124,77,92"/><T55/><D135/><U11/><E122/><V110/><F123/><W120/><G120/><T38/><D129/><U31/><E31/><V34/><F110/><W1/><G106/><T75/><D2/><U95/><E95/><V108/><F37/><W133/><G133/><T125/><D125/><U114/><E114/><V88/><F108/><W43/><G124/><T102/><D55/><U3/><REACH who="1" step="1"/><E79/><REACH who="1" ten="378,35,270,287" step="2"/><V41/><F112/><W52/><G92/><T94/><D28/><U107/><E107/><V47/><F126/><W103/><G77/><T48/><D94/><U130/><E130/><V39/><F34/><W8/><G80/><T96/><D102/><U30/><E30/><V32/><F32/><W13/><G103/><T69/><D91/><U63/><E63/><V104/><F104/><W109/><G90/><T121/><D89/><U105/><E105/><V113/><F113/><W74/><G109/><T82/><D121/><U10/><E10/><V78/><F88/><W127/><G127/><T56/><D82/><U23/><E23/><V46/><F78/><W83/><G22/><T61/><D61/><U115/><E115/><V100/><F100/><W26/><G83/><T18/><D20/><U76/><E76/><V132/><F9/><W54/><G8/><T116/><D73/><U15/><E15/><V35/><F14/><W93/><G74/><T81/><D75/><U131/><E131/><V98/><F35/><W99/><G93/><T101/><D72/><U67/><E67/><V111/><F111/><W57/><G21/><N who="0" m="13751" /><D81/><U65/><E65/><V25/><F0/><RYUUKYOKU ba="3,3" sc="378,-10,35,30,270,-10,287,-10" hai1="3,4,11,40,45,51,62,66,84,86,87,117,119" /><INIT seed="5,4,3,5,1,40" ten="368,65,260,277" oya="1" hai0="125,2,46,70,38,0,87,19,130,69,39,7,78" hai1="11,97,93,110,41,124,128,44,15,24,72,33,28" hai2="101,127,99,64,62,53,126,113,106,114,51,116,132" hai3="9,123,56,94,81,57,45,79,83,82,102,104,134"/><U55/><E128/><V36/><F116/><W21/><G123/><T32/><D130/><U50/><E124/><N who="2" m="47659" /><F36/><W35/><G35/><T52/><D125/><U109/><E72/><V54/><F132/><W100/><G104/><T121/><D32/><U14/><E41/><V122/><F122/><W65/><G134/><T60/><D121/><U89/><REACH who="1" step="1"/><E11/><REACH who="1" ten="368,55,260,277" step="2"/><V105/><F114/><W92/><G9/><T34/><D38/><U20/><E20/><V80/><F113/><W10/><G10/><T112/><D39/><U27/><E27/><V1/><F1/><W115/><G115/><T31/><D0/><U43/><E43/><V67/><F106/><W58/><G21/><T108/><D2/><U5/><E5/><V91/><F105/><W63/><G79/><T85/><D7/><U98/><E98/><V88/><F99/><W59/><G45/><T118/><D46/><U18/><E18/><V84/><F101/><AGARI ba="4,4" hai="56,57,58,59,63,65,81,82,83,92,94,100,101,102" machi="101" ten="40,1300,0" yaku="8,1" doraHai="40" who="3" fromWho="2" sc="368,0,55,0,260,-25,277,65" /><INIT seed="6,0,0,4,0,18" ten="368,55,235,342" oya="2" hai0="108,15,72,37,29,76,88,101,59,2,61,9,52" hai1="100,114,5,7,65,33,131,134,133,66,35,91,56" hai2="26,128,89,57,109,51,110,111,135,22,45,71,75" hai3="98,23,73,79,43,92,85,78,126,47,125,17,106"/><V70/><F75/><W94/><G73/><T81/><D108/><U96/><E96/><V124/><F124/><N who="3" m="47723" /><G106/><T82/><D37/><U115/><E56/><V112/><F112/><N who="1" m="43049" /><E91/><V8/><F128/><W67/><G67/><N who="1" m="25610" /><E100/><V58/><F135/><N who="1" m="51721" /><E131/><V19/><F8/><W1/><G1/><T132/><D88/><U84/><E84/><V60/><F89/><N who="3" m="53295" /><G94/><T28/><D101/><U130/><E130/><V103/><F103/><W90/><G90/><T11/><D59/><N who="2" m="22538" /><F60/><W129/><G98/><T87/><D61/><U6/><AGARI ba="0,0" hai="5,6,7,33,35" m="51721,25610,43049" machi="6" ten="40,8000,1" yaku="28,2,15,1,20,1" doraHai="18" who="1" fromWho="1" sc="368,-20,55,80,235,-40,342,-20" /><INIT seed="7,0,0,1,0,73" ten="348,135,195,322" oya="3" hai0="112,81,83,2,35,53,101,82,13,28,18,132,8" hai1="23,41,126,58,26,129,59,85,100,7,75,44,9" hai2="33,79,70,19,38,89,31,134,110,37,46,124,94" hai3="96,118,68,29,14,61,128,48,102,5,54,127,123"/><W87/><G118/><T21/><D132/><U113/><E113/><V52/><F110/><W22/><G123/><T56/><D101/><U27/><E129/><V84/><F70/><W64/><G128/><T91/><D112/><U86/><E126/><V108/><F108/><W51/><G127/><T34/><D91/><U74/><E100/><V95/><F124/><W15/><G87/><T42/><D42/><U67/><E74/><V119/><F119/><W10/><G54/><T47/><D47/><U50/><E75/><V116/><F116/><W111/><G111/><T72/><D72/><U60/><E58/><V66/><F66/><W71/><G71/><T69/><D69/><U117/><E117/><V106/><F106/><W11/><G22/><T114/><D114/><U63/><E63/><V133/><F31/><W36/><G29/><T105/><D105/><U39/><E39/><V99/><F33/><W109/><G36/><T55/><D55/><U135/><E135/><N who="2" m="51723" /><F19/><W0/><G109/><T6/><D28/><U12/><REACH who="1" step="1"/><E27/><REACH who="1" ten="348,125,195,322" step="2"/><V20/><F38/><W78/><G78/><T76/><D76/><U104/><E104/><V107/><F107/><N who="3" m="63943" /><G0/><T92/><D2/><U121/><E121/><V90/><F79/><W130/><G130/><T30/><D56/><U16/><AGARI ba="0,1" hai="7,9,12,16,23,26,41,44,50,59,60,67,85,86" machi="16" ten="20,8000,1" yaku="1,1,0,1,7,1,8,1,54,1,53,0" doraHai="73" doraHaiUra="65" who="1" fromWho="1" sc="348,-20,125,90,195,-20,322,-40" owari="328,42.0,215,-18.0,175,-32.0,282,8.0" /></mjloggm>