<mjloggm ver="2.3"><GO type="169" lobby="0"/><UN n0="%E3%83%A4%E3%83%9E%E3%83%80%E3%81%95%E3%82%93" n1="%79%6F%75%61%6C%70%68%61" n2="%E8%8D%92%E5%B7%9D%E5%95%93%E5%90%BE" n3="%E3%81%97%E3%82%89%E3%82%86%E3%81%8D%E2%99%AA" dan="16,17,18,16" rate="2113.90,2150.12,2289.46,2014.87" sx="M,M,M,M"/><TAIKYOKU oya="0"/><INIT seed="0,0,0,1,4,36" ten="250,250,250,250" oya="0" hai0="125,12,18,107,72,86,102,2,24,126,9,128,3" hai1="54,67,93,127,26,37,103,58,98,87,63,84,77" hai2="75,71,120,113,39,17,82,25,134,41,123,57,1" hai3="114,29,55,49,101,73,14,68,7,59,56,20,10"/><T61/><D72/><U13/><E37/><V111/><F71/><W106/><G114/><T135/><D102/><U66/><E127/><N who="0" m="48649" /><D107/><U122/><E122/><V124/><F113/><W19/><G73/><T117/><D86/><U95/><E26/><V121/><F124/><W130/><G68/><T105/><D105/><U27/><E27/><V21/><F57/><W0/><G130/><T52/><D117/><U23/><E87/><V46/><F111/><W44/><G106/><T70/><D70/><U5/><E23/><V79/><REACH who="2" step="1"/><F1/><REACH who="2" ten="250,250,240,250" step="2"/><W92/><G59/><N who="0" m="35047" /><D128/><U81/><REACH who="1" step="1"/><E93/><REACH who="1" ten="250,240,240,250" step="2"/><V94/><F94/><W62/><G92/><T115/><D115/><U34/><E34/><V50/><F50/><W131/><G131/><T4/><D135/><AGARI ba="0,2" hai="17,21,25,39,41,46,75,79,82,120,121,123,134,135" machi="135" ten="50,3200,0" yaku="1,1,52,1,53,0" doraHai="36" doraHaiUra="11" who="2" fromWho="0" sc="250,-32,240,0,240,52,250,0" /><INIT seed="1,0,0,3,1,130" ten="218,240,292,250" oya="1" hai0="2,87,83,123,77,100,56,118,6,60,132,127,86" hai1="116,91,3,115,114,95,78,94,27,48,5,111,113" hai2="1,0,14,131,28,54,105,99,103,30,37,35,39" hai3="66,98,10,61,129,122,102,62,9,70,47,85,11"/><U67/><E116/><V73/><F73/><W117/><G122/><T44/><D118/><U64/><E78/><V75/><F75/><W126/><G129/><T108/><D108/><U13/><E3/><V68/><F131/><W32/><G32/><T19/><D127/><U8/><E111/><V34/><F14/><W41/><G126/><T121/><D100/><U84/><E27/><N who="2" m="18719" /><F54/><W53/><G117/><T74/><D19/><U31/><E31/><V88/><F88/><W59/><G85/><T29/><D29/><U23/><E23/><V135/><F68/><W89/><G89/><T112/><D86/><U96/><REACH who="1" step="1"/><E48/><REACH who="1" ten="218,230,292,250" step="2"/><V58/><F30/><W49/><REACH who="3" step="1"/><G9/><REACH who="3" ten="218,230,292,240" step="2"/><T120/><D120/><U101/><AGARI ba="0,2" hai="5,8,13,64,67,84,91,94,95,96,101,113,114,115" machi="101" ten="30,11700,0" yaku="1,1,2,1,0,1,53,1" doraHai="130" doraHaiUra="93" who="1" fromWho="1" sc="218,-39,230,137,292,-39,240,-39" /><INIT seed="1,1,0,5,2,76" ten="179,367,253,201" oya="1" hai0="45,47,112,9,3,118,64,127,91,99,135,121,106" hai1="13,51,113,62,4,25,87,115,103,10,107,14,2" hai2="84,42,132,53,74,26,131,48,125,116,60,7,20" hai3="28,11,120,98,129,18,38,111,66,0,108,80,93"/><U22/><E107/><V114/><F74/><W81/><G120/><T58/><D118/><U41/><E103/><V128/><F116/><W77/><G77/><T68/><D68/><U97/><E97/><V40/><F125/><W100/><G38/><T29/><D112/><U27/><E62/><V30/><F114/><W19/><G129/><T5/><D29/><U73/><E73/><V119/><F119/><W12/><G28/><T6/><D6/><U109/><E27/><V134/><F7/><W23/><G66/><T50/><D64/><U70/><E70/><V49/><F49/><W8/><G0/><T15/><D3/><U105/><E105/><V126/><F60/><W32/><G32/><T95/><D106/><U75/><E75/><V86/><F126/><W90/><G100/><T21/><D121/><U82/><E113/><V24/><F24/><W69/><G69/><T43/><D135/><N who="2" m="51754" /><F86/><W17/><G17/><T85/><D85/><U71/><E71/><V57/><F84/><W56/><G56/><T89/><D58/><U94/><E115/><V72/><F72/><W46/><G46/><T54/><D127/><U35/><E35/><V67/><F67/><W79/><G79/><T101/><REACH who="0" step="1"/><D21/><REACH who="0" ten="169,367,253,201" step="2"/><U102/><E2/><V110/><F110/><N who="3" m="42027" /><G8/><T34/><D34/><U1/><E109/><V16/><F30/><W37/><G37/><AGARI ba="1,1" hai="5,9,15,37,43,45,47,50,54,89,91,95,99,101" machi="37" ten="30,2000,0" yaku="1,1,7,1,53,0" doraHai="76" doraHaiUra="52" who="0" fromWho="3" sc="169,33,367,0,253,0,201,-23" /><INIT seed="2,0,0,2,1,29" ten="202,367,253,178" oya="2" hai0="122,68,55,14,35,52,76,109,125,63,96,54,46" hai1="72,67,112,44,49,31,134,9,77,30,45,117,104" hai2="114,47,110,65,64,85,41,59,71,83,113,26,79" hai3="101,78,10,100,12,93,27,129,133,66,42,20,43"/><V131/><F71/><W102/><G133/><T98/><D122/><U0/><E112/><V86/><F131/><W91/><G129/><T108/><D125/><U17/><E104/><V36/><F110/><N who="0" m="42602" /><D76/><U116/><E134/><V75/><F26/><W18/><G66/><N who="0" m="41055" /><D14/><U25/><E67/><V69/><F69/><W11/><G78/><T16/><D16/><U124/><E124/><V103/><F103/><W107/><G11/><T62/><D35/><U99/><E77/><V24/><F65/><W120/><G107/><T123/><D98/><U126/><E72/><V22/><F86/><W115/><G115/><T94/><D123/><U28/><E99/><V7/><F7/><W80/><G80/><T4/><D4/><N who="1" m="1159" /><E126/><V82/><F82/><W89/><G89/><N who="0" m="55375" /><D62/><U127/><E127/><V2/><F2/><W105/><G105/><T81/><D81/><U90/><E25/><V87/><F87/><W97/><REACH who="3" step="1"/><G120/><REACH who="3" ten="202,367,253,168" step="2"/><T135/><D135/><U38/><E90/><V15/><F113/><W128/><G128/><T70/><D70/><U61/><E116/><V1/><F114/><W84/><G84/><T50/><AGARI ba="0,1" hai="46,50,52,54,55" m="55375,41055,42602" machi="50" ten="30,2000,0" yaku="14,1,54,1" doraHai="29" who="0" fromWho="0" sc="202,30,367,-5,253,-10,168,-5" /><INIT seed="3,0,0,5,3,77" ten="232,362,243,163" oya="3" hai0="106,63,62,27,98,3,8,105,11,38,24,74,36" hai1="130,57,92,127,45,115,128,96,59,91,21,103,85" hai2="132,65,58,118,34,117,46,17,9,39,76,116,107" hai3="26,7,101,82,94,112,131,28,100,53,84,110,68"/><W126/><G112/><T78/><D78/><U113/><E127/><V2/><F107/><W89/><G68/><T102/><D102/><U35/><E35/><V18/><F34/><W64/><G126/><T54/><D74/><U71/><E71/><V6/><F132/><W42/><G42/><T114/><D3/><U79/><E79/><V33/><F33/><W14/><G64/><T23/><D23/><U41/><E21/><V49/><F39/><W93/><G131/><N who="1" m="50218" /><E59/><V133/><F133/><W70/><G70/><T55/><REACH who="0" step="1"/><D98/><REACH who="0" ten="222,362,243,163" step="2"/><U66/><E103/><V109/><F76/><W44/><G101/><T0/><D0/><U69/><E96/><V121/><F117/><W87/><G100/><T67/><D67/><U135/><E135/><V48/><F118/><W124/><G124/><T104/><D104/><U122/><E113/><AGARI ba="0,1" hai="8,11,24,27,36,38,54,55,62,63,105,106,113,114" machi="113" ten="25,8000,1" yaku="1,1,22,2,53,2" doraHai="77" doraHaiUra="56" who="0" fromWho="1" sc="222,90,362,-80,243,0,163,0" /><INIT seed="4,0,0,1,4,14" ten="312,282,243,163" oya="0" hai0="64,22,20,87,97,5,21,62,95,70,67,126,39" hai1="120,74,58,134,121,103,27,132,98,90,69,45,94" hai2="56,41,0,9,116,32,85,93,112,100,76,63,68" hai3="109,52,104,92,81,108,13,111,99,123,66,107,65"/><T23/><D126/><U133/><E69/><V48/><F32/><W135/><G135/><T26/><D39/><U106/><E45/><V1/><F112/><W83/><G123/><T3/><D67/><U130/><E58/><V128/><F128/><W118/><G118/><T60/><D60/><U40/><E40/><V86/><F116/><W102/><G13/><T28/><D87/><N who="1" m="52575" /><E27/><V12/><F68/><W6/><G6/><T114/><D114/><U57/><E57/><V36/><F76/><W82/><REACH who="3" step="1"/><G52/><REACH who="3" ten="312,282,243,153" step="2"/><T91/><D5/><U61/><E61/><V47/><F0/><W33/><G33/><T84/><D3/><U115/><E115/><V79/><F1/><W72/><G72/><T2/><D2/><U30/><E130/><V101/><F63/><W29/><G29/><T131/><D131/><U53/><E53/><V122/><F122/><N who="1" m="47209" /><E30/><V42/><F42/><W113/><G113/><T37/><D28/><U89/><E74/><V50/><F41/><W88/><G88/><AGARI ba="0,1" hai="88,89,98,103,106,132,133,134" m="47209,52575" machi="88" ten="40,8000,1" yaku="20,1,34,2,54,1" doraHai="14" who="1" fromWho="3" sc="312,0,282,90,243,0,153,-80" /><INIT seed="5,0,0,2,5,52" ten="312,372,243,73" oya="1" hai0="84,131,51,17,124,91,5,114,78,110,68,98,117" hai1="67,74,18,3,59,86,38,77,90,65,123,101,79" hai2="58,108,54,42,82,105,89,126,25,106,133,103,44" hai3="113,132,109,45,127,8,73,125,107,30,122,118,116"/><U71/><E123/><V63/><F108/><W19/><G45/><T11/><D117/><N who="3" m="45161" /><G107/><T69/><D124/><N who="3" m="47689" /><G73/><T13/><D131/><U115/><E3/><V6/><F133/><W88/><G109/><T111/><D114/><U61/><E38/><V40/><F126/><W26/><G122/><T104/><D68/><U28/><E28/><V48/><F103/><W12/><G88/><T80/><D69/><U37/><E115/><V27/><F40/><W47/><G47/><T81/><D104/><U55/><E101/><V31/><F6/><W93/><G93/><T134/><D5/><U129/><E74/><V46/><F46/><W24/><G113/><T100/><D100/><U35/><E37/><V94/><F82/><W39/><G39/><T92/><D81/><U1/><E67/><V99/><F25/><N who="3" m="9835" /><G30/><T56/><D110/><U29/><E79/><V128/><F128/><W87/><G87/><T96/><D111/><U102/><E77/><V62/><F62/><W7/><G7/><T23/><D96/><U32/><E61/><V83/><F83/><W33/><G33/><AGARI ba="0,0" hai="27,31,33,42,44,48,54,58,63,89,94,99,105,106" machi="33" ten="30,2000,0" yaku="7,1,52,1" doraHai="52" who="2" fromWho="3" sc="312,0,372,0,243,20,73,-20" /><INIT seed="6,0,0,0,0,0" ten="312,372,263,53" oya="2" hai0="108,117,24,112,9,119,16,71,107,1,19,38,73" hai1="13,33,99,102,97,95,72,62,7,109,59,78,4" hai2="36,51,48,90,30,69,126,54,55,116,23,80,43" hai3="103,34,3,101,82,91,29,127,17,41,83,20,57"/><V96/><F69/><W122/><G127/><T133/><RYUUKYOKU type="yao9" ba="0,0" sc="312,0,372,0,263,0,53,0" hai0="1,9,16,19,24,38,71,73,107,108,112,117,119,133" /><INIT seed="6,1,0,0,1,66" ten="312,372,263,53" oya="2" hai0="133,92,11,105,123,59,64,111,24,54,122,128,3" hai1="70,67,102,16,28,60,120,127,86,62,90,27,52" hai2="2,71,43,93,87,13,5,94,100,20,81,33,98" hai3="30,110,91,34,51,121,96,114,55,104,106,80,88"/><V21/><F2/><W35/><G30/><T29/><D105/><U18/><E102/><V42/><F33/><W8/><G110/><T126/><D111/><U89/><E127/><V14/><F71/><W99/><G121/><T116/><D64/><U53/><E120/><V40/><F93/><W72/><G8/><T7/><D126/><U103/><E103/><V107/><F107/><N who="3" m="41003" /><G55/><T75/><D75/><U109/><E89/><N who="3" m="34378" /><G51/><T85/><D128/><U69/><E69/><V56/><F56/><W41/><G41/><T97/><D54/><U117/><E117/><V38/><F38/><W61/><G61/><T118/><D59/><U37/><E37/><V4/><F14/><W83/><G72/><T108/><D118/><U25/><E70/><V1/><F1/><W115/><G34/><T77/><D116/><U95/><E67/><V65/><F65/><W130/><G35/><T74/><D74/><U0/><E0/><V44/><F44/><W32/><G32/><T36/><D36/><U76/><E28/><V17/><REACH who="2" step="1"/><F21/><REACH who="2" ten="312,372,253,53" step="2"/><W22/><G22/><N who="0" m="15511" /><D122/><U78/><E109/><V47/><F47/><W112/><G130/><T129/><D123/><U68/><E68/><V63/><F63/><W79/><G79/><AGARI ba="1,1" hai="4,5,13,17,20,40,42,43,79,81,87,94,98,100" machi="79" ten="40,3900,0" yaku="1,1,8,1,53,0" doraHai="66" doraHaiUra="132" who="2" fromWho="3" sc="312,0,372,0,253,52,53,-42" /><INIT seed="6,2,0,0,3,90" ten="312,372,305,11" oya="2" hai0="101,121,19,86,24,50,109,84,122,79,40,114,94" hai1="132,35,6,53,67,56,107,16,42,28,58,128,45" hai2="65,78,22,95,23,20,7,89,14,38,105,99,93" hai3="123,131,115,21,59,91,47,3,106,80,97,4,71"/><V44/><F105/><W63/><G123/><T134/><D109/><U2/><E107/><V92/><F78/><W124/><G3/><T82/><D134/><U39/><E28/><V83/><F83/><W111/><G4/><T46/><D114/><U26/><E35/><V29/><F65/><W117/><G111/><T129/><D129/><U125/><E132/><V37/><F29/><W10/><G10/><T57/><D57/><U11/><E125/><V8/><REACH who="2" step="1"/><F44/><REACH who="2" ten="312,372,295,11" step="2"/><W87/><G124/><T75/><D121/><U135/><E67/><V36/><AGARI ba="2,1" hai="7,8,14,20,22,23,36,37,38,89,92,93,95,99" machi="36" ten="40,24000,3" yaku="1,1,2,1,0,1,52,3,53,3" doraHai="90" doraHaiUra="70" who="2" fromWho="2" sc="312,-82,372,-82,295,256,11,-82" owari="230,-17.0,290,9.0,551,65.0,-71,-57.0" /></mjloggm>