<mjloggm ver="2.3"><GO type="185" lobby="0"/><UN n0="%E8%8A%B1%E9%AD%81" n1="%67%6C%61%6E%7A%39%30" n2="%E9%95%B7%E5%85%89%E9%BA%BB%E5%A4%9C" n3="" dan="17,19,16,0" rate="2344.02,2353.65,2180.61,1500.00" sx="F,M,M,C"/><TAIKYOKU oya="0"/><INIT seed="0,0,0,0,1,74" ten="350,350,350,0" oya="0" hai0="47,134,82,73,60,111,110,51,81,88,71,101,92" hai1="109,99,129,79,114,100,65,127,108,119,95,35,118" hai2="69,117,87,67,97,115,120,133,132,63,72,104,42" hai3=""/><T90/><D134/><N who="2" m="51818" /><F115/><T43/><D101/><U38/><E35/><V112/><N who="2" m="30752" /><V34/><F34/><T102/><D102/><U40/><E114/><V33/><F33/><T113/><D113/><U93/><E65/><V62/><F112/><T70/><D90/><U123/><N who="1" m="31520" /><U130/><E40/><V89/><F72/><T55/><D73/><U78/><E38/><V75/><F75/><T59/><D81/><U2/><E2/><V83/><F117/><N who="1" m="44553" /><E95/><V131/><F131/><N who="1" m="50185" /><E127/><V77/><F42/><T106/><D82/><U80/><E80/><V66/><F104/><T58/><D106/><U52/><E52/><V48/><F48/><T46/><D47/><U57/><E57/><V1/><F1/><T105/><D59/><U91/><E100/><V126/><F126/><T61/><D105/><U96/><E96/><V36/><F36/><T54/><D43/><U128/><E128/><V94/><F67/><T68/><REACH who="0" step="1"/><D61/><AGARI ba="0,0" hai="61,62,63,66,69,77,83,87,89,94,97" m="30752,51818" machi="61" ten="30,3900,0" yaku="20,1,52,2" doraHai="74" who="2" fromWho="0" sc="350,-39,350,0,350,39,0,0" /><INIT seed="1,0,0,3,1,46" ten="311,350,389,0" oya="1" hai0="132,50,91,111,82,43,122,77,100,133,52,114,57" hai1="60,81,37,115,112,92,47,107,124,97,123,61,39" hai2="135,108,128,95,44,80,106,101,66,79,67,74,36" hai3=""/><U3/><N who="1" m="31520" /><U45/><E107/><V56/><F135/><N who="0" m="51786" /><D114/><U71/><E124/><V54/><F108/><T93/><N who="0" m="31264" /><T75/><D111/><U76/><E3/><V68/><F68/><T110/><D110/><U73/><E47/><V64/><F106/><T121/><N who="0" m="31008" /><T104/><D104/><U35/><E35/><V94/><F101/><T85/><D43/><U59/><E71/><V127/><F127/><T87/><D100/><U62/><E59/><V0/><F0/><T130/><D130/><U58/><E58/><V69/><F128/><T90/><D90/><U72/><E72/><AGARI ba="0,0" hai="50,52,57,72,75,77,82,85,87,91,93" m="31008,31264,51786" machi="72" ten="30,8000,1" yaku="20,1,52,3,54,1" doraHai="46" who="0" fromWho="1" sc="311,80,350,-80,389,0,0,0" /><INIT seed="2,0,0,3,1,111" ten="391,270,389,0" oya="2" hai0="84,44,92,125,86,124,101,119,95,85,59,66,69" hai1="71,102,41,79,47,88,130,121,115,109,105,63,67" hai2="132,91,93,87,120,135,74,35,75,96,42,104,114" hai3=""/><V122/><N who="2" m="30752" /><V133/><N who="2" m="31264" /><V40/><F35/><T43/><D119/><U108/><N who="1" m="31008" /><U54/><E130/><V34/><F34/><T37/><D69/><U131/><E131/><V70/><F70/><T112/><D112/><U77/><E115/><V89/><F114/><T78/><D78/><U53/><E79/><V49/><F49/><T60/><REACH who="0" step="1"/><D101/><REACH who="0" ten="381,270,389,0" step="2"/><U76/><E77/><V62/><F62/><T128/><D128/><U3/><E3/><V46/><F104/><T32/><D32/><U57/><E76/><V83/><REACH who="2" step="1"/><F46/><REACH who="2" ten="381,270,379,0" step="2"/><T103/><D103/><U45/><E102/><V68/><F68/><T118/><D118/><U97/><E105/><V61/><F61/><T2/><D2/><U64/><E71/><V117/><F117/><T90/><D90/><U80/><E108/><V134/><N who="2" m="33792" /><DORA hai="38" /><V0/><F0/><T100/><D100/><U52/><E109/><V107/><F107/><T106/><D106/><U36/><E47/><V51/><F51/><T129/><D129/><U113/><E113/><V50/><F50/><T55/><D55/><U33/><E33/><V126/><F126/><AGARI ba="0,2" hai="37,43,44,59,60,66,84,85,86,92,95,124,125,126" machi="126" ten="40,8000,1" yaku="1,1,18,1,52,1,53,1" doraHai="111,38" doraHaiUra="58,116" who="0" fromWho="2" sc="381,100,270,0,379,-80,0,0" /><INIT seed="4,0,0,2,3,53" ten="481,270,299,0" oya="0" hai0="124,122,123,134,98,117,121,70,44,107,79,105,101" hai1="112,33,69,110,40,37,125,34,95,59,39,89,86" hai2="56,131,67,132,96,54,64,68,94,135,63,111,81" hai3=""/><T84/><N who="0" m="31008" /><T93/><N who="0" m="31264" /><T57/><N who="0" m="31520" /><T115/><D117/><U2/><E110/><V74/><F111/><T97/><D70/><U62/><E2/><V66/><F131/><T126/><D134/><N who="2" m="51242" /><F81/><T83/><D115/><U51/><E112/><V72/><F68/><T48/><D57/><U0/><E0/><V109/><F109/><T73/><D73/><U114/><E114/><V116/><F116/><T87/><D84/><U118/><E118/><V65/><N who="2" m="16384" /><DORA hai="119" /><V50/><F63/><T100/><D93/><U1/><E62/><V82/><F82/><T103/><D103/><AGARI ba="0,0" hai="50,54,56,72,74,94,96,103" m="16384,51242" machi="103" ten="40,2600,0" yaku="20,1,52,1" doraHai="53,119" who="2" fromWho="0" sc="481,-26,270,0,299,26,0,0" /><INIT seed="5,0,0,3,3,79" ten="455,270,325,0" oya="1" hai0="92,57,131,74,50,33,0,89,40,42,78,82,122" hai1="104,69,38,75,86,58,64,125,61,81,101,105,112" hai2="45,2,107,111,62,48,123,49,106,124,113,94,102" hai3=""/><U91/><E112/><V110/><N who="2" m="31520" /><V66/><F2/><T54/><N who="0" m="31264" /><T80/><D0/><U43/><E125/><V59/><F113/><T44/><D33/><U60/><E75/><V134/><F124/><T63/><D131/><U132/><E132/><V68/><F134/><T53/><REACH who="0" step="1"/><D80/><REACH who="0" ten="445,270,325,0" step="2"/><U67/><REACH who="1" step="1"/><E101/><REACH who="1" ten="445,260,325,0" step="2"/><V71/><F102/><T39/><D39/><U121/><N who="1" m="31008" /><U133/><E133/><V118/><F110/><T97/><AGARI ba="0,2" hai="40,42,44,50,53,54,57,63,74,78,82,89,92,97" m="31264" machi="97" ten="20,6000,1" yaku="1,1,0,1,7,1,52,2,53,0" doraHai="79" doraHaiUra="135" who="0" fromWho="0" sc="445,80,260,-40,325,-20,0,0" /><INIT seed="6,0,0,0,1,59" ten="525,220,305,0" oya="2" hai0="100,92,71,90,86,99,93,135,96,76,1,87,48" hai1="60,78,55,49,65,40,126,114,133,122,125,64,116" hai2="111,131,3,38,106,43,102,79,0,41,117,51,77" hai3=""/><V54/><F117/><T85/><D71/><U36/><N who="1" m="31264" /><U129/><E78/><V98/><F131/><T58/><D1/><U107/><E107/><V67/><F111/><T62/><D135/><U113/><E129/><V50/><F38/><T61/><D76/><U127/><E133/><V91/><F91/><T115/><D115/><N who="1" m="44043" /><E116/><V39/><F39/><T56/><D56/><U109/><E109/><V32/><F32/><T101/><D100/><U88/><E88/><V68/><F79/><T124/><D124/><U66/><E36/><V118/><F77/><T119/><D119/><U84/><E84/><V81/><F118/><T47/><D58/><U44/><E40/><AGARI ba="0,0" hai="40,47,48,61,62,85,86,87,90,92,93,96,99,101" machi="40" ten="40,5200,0" yaku="8,1,52,2" doraHai="59" who="0" fromWho="1" sc="525,52,220,-52,305,0,0,0" owari="577,52.0,168,-43.0,305,-9.0,0,0.0" /></mjloggm>