<mjloggm ver="2.3"><GO type="169" lobby="0"/><UN n0="%E3%82%88%E3%81%93%40%63" n1="%E3%81%B5%E3%81%98%E3%81%8B%E3%81%A4" n2="%73%41%67%61%E3%81%95%E3%82%93" n3="%E6%AD%A6%E5%A8%81" dan="17,16,16,17" rate="2153.16,2163.61,2061.15,2141.83" sx="F,M,M,M"/><TAIKYOKU oya="0"/><INIT seed="0,0,0,2,3,73" ten="250,250,250,250" oya="0" hai0="96,39,82,134,44,119,53,127,99,135,20,55,50" hai1="10,6,71,132,64,87,105,33,23,116,24,19,54" hai2="26,2,101,37,126,56,36,123,118,120,46,8,41" hai3="5,34,109,121,130,25,74,115,79,107,0,112,86"/><T111/><D119/><U43/><E116/><V48/><F101/><W47/><G86/><T122/><D122/><N who="2" m="46634" /><F26/><W102/><G121/><T29/><D39/><N who="2" m="14922" /><F8/><N who="3" m="2087" /><G47/><T22/><D127/><U93/><E105/><V66/><F2/><W76/><G76/><T98/><D111/><U84/><E132/><N who="0" m="50729" /><D29/><U52/><E43/><V78/><F78/><W113/><G130/><T45/><D82/><U88/><E33/><V85/><F85/><W90/><G90/><T81/><D81/><U129/><E129/><V117/><F126/><W12/><G12/><T68/><D68/><U94/><E71/><V77/><F77/><W28/><G109/><T125/><D125/><U69/><E69/><V91/><F91/><W38/><G38/><T89/><D89/><N who="1" m="53415" /><E64/><V128/><F128/><W62/><G62/><AGARI ba="0,0" hai="41,46,48,56,62,66,117,118" m="14922,46634" machi="62" ten="40,2600,0" yaku="34,2" doraHai="73" who="2" fromWho="3" sc="250,0,250,0,250,26,250,-26" /><INIT seed="1,0,0,0,2,111" ten="250,250,276,224" oya="1" hai0="91,81,46,65,60,103,120,132,83,97,123,51,36" hai1="87,105,14,108,48,58,89,29,127,63,67,99,102" hai2="107,22,38,135,112,129,117,85,31,122,34,50,75" hai3="7,109,101,45,92,113,24,119,20,118,114,93,19"/><U110/><E127/><V116/><F22/><W15/><G45/><T121/><D36/><U21/><E48/><V77/><F85/><W8/><G109/><N who="1" m="42090" /><E29/><V68/><F77/><W80/><G80/><T82/><D91/><U66/><E66/><V100/><F75/><W95/><REACH who="3" step="1"/><G101/><REACH who="3" ten="250,250,276,214" step="2"/><T73/><D132/><U133/><E133/><V90/><F100/><W131/><G131/><T43/><D73/><U52/><E67/><V12/><F129/><W6/><G6/><T27/><D27/><U0/><E0/><V44/><F135/><W126/><G126/><T17/><D17/><N who="1" m="10423" /><E89/><V10/><F90/><W104/><G104/><N who="0" m="63599" /><D81/><U5/><E5/><V1/><F107/><W40/><G40/><T41/><D43/><U35/><E87/><V76/><F1/><W61/><G61/><T124/><D124/><U16/><E16/><V11/><F44/><W3/><G3/><T88/><D88/><U69/><E69/><AGARI ba="0,1" hai="41,46,51,60,65,69,82,83,120,121,123" m="63599" machi="69" ten="30,1000,0" yaku="13,1" doraHai="111" who="0" fromWho="1" sc="250,20,250,-10,276,0,214,0" /><INIT seed="2,0,0,1,1,34" ten="270,240,276,214" oya="2" hai0="21,52,114,40,26,116,87,50,133,124,113,16,5" hai1="107,27,88,28,58,44,13,3,134,78,25,66,2" hai2="123,68,122,125,24,120,132,41,82,53,100,72,110" hai3="65,55,33,57,4,94,109,36,46,97,126,84,127"/><V18/><F68/><W67/><G33/><T47/><D116/><U38/><E107/><V74/><F41/><N who="3" m="22823" /><G84/><T119/><D119/><U8/><E78/><V31/><F18/><W95/><G4/><T129/><D133/><U106/><E106/><V63/><F132/><W102/><G95/><T20/><D129/><U43/><E134/><V29/><F100/><W130/><G109/><T83/><D124/><N who="3" m="47657" /><G130/><T0/><D40/><U73/><E73/><V101/><F101/><W92/><G92/><T121/><D121/><U105/><E105/><V30/><F125/><W131/><G131/><T81/><D21/><U39/><E39/><V23/><F110/><W79/><G79/><T19/><D19/><U14/><E14/><V54/><F63/><AGARI ba="0,0" hai="55,57,63,65,67,94,97,102" m="47657,22823" machi="63" ten="30,1000,0" yaku="18,1" doraHai="34" who="3" fromWho="2" sc="270,0,240,0,276,-10,214,10" /><INIT seed="3,0,0,1,1,30" ten="270,240,266,224" oya="3" hai0="44,12,135,39,23,122,31,123,103,85,22,25,130" hai1="61,56,75,118,84,42,81,107,1,41,86,26,125" hai2="97,19,9,111,128,126,105,21,101,104,15,54,92" hai3="6,33,116,74,63,98,94,18,72,87,37,13,69"/><W43/><G116/><T115/><D103/><U53/><E118/><V95/><F126/><W70/><G87/><T64/><D44/><U89/><E107/><V36/><F111/><W121/><G121/><N who="0" m="46091" /><D85/><U110/><E125/><V82/><F36/><W5/><G43/><T0/><D64/><U20/><E110/><V59/><F128/><W73/><G37/><T88/><D39/><U76/><E1/><V47/><F47/><W127/><G127/><T51/><D115/><U106/><E106/><V34/><F34/><W14/><G33/><N who="0" m="20719" /><D0/><U132/><E132/><V29/><F82/><W3/><G3/><T62/><D62/><U55/><E55/><V7/><F29/><W80/><G80/><T49/><D49/><U129/><E75/><V35/><F35/><W120/><G120/><T124/><D124/><U113/><E113/><V90/><F95/><W2/><G2/><T83/><D83/><N who="1" m="49375" /><E129/><V134/><F101/><N who="3" m="60631" /><G63/><T79/><D79/><U77/><E77/><V131/><F131/><W60/><G60/><T52/><D135/><U133/><E133/><V57/><F134/><W24/><G69/><T58/><D130/><U99/><E99/><V45/><F45/><W8/><G70/><T38/><D38/><U71/><E71/><V17/><F57/><W68/><G68/><T40/><D40/><U67/><E67/><V32/><F104/><W4/><G14/><T102/><D102/><U46/><E46/><V27/><F105/><W96/><G96/><T11/><D88/><U117/><E117/><V78/><F78/><W50/><G50/><T93/><D93/><RYUUKYOKU ba="0,0" sc="270,10,240,10,266,-30,224,10" hai0="11,12,22,23,51,52,58" hai1="20,26,41,42,53,56,61,76,81,84" hai3="4,5,6,8,13,18,24,72,73,74" /><INIT seed="3,1,0,3,4,65" ten="280,250,236,234" oya="3" hai0="33,79,78,57,122,128,93,117,71,87,118,24,72" hai1="110,114,98,43,64,21,127,39,102,25,26,17,91" hai2="34,49,75,107,119,95,113,62,103,109,3,13,112" hai3="2,97,19,88,89,100,85,37,4,8,106,55,84"/><W80/><G37/><T1/><D1/><U10/><E114/><V86/><F3/><W96/><G96/><T104/><D104/><U60/><E127/><V67/><F34/><W31/><G31/><T6/><D72/><U126/><E126/><V54/><F119/><W131/><G131/><T135/><D6/><U69/><E110/><V47/><F75/><W20/><G55/><T53/><D93/><U133/><E133/><V74/><F74/><W77/><REACH who="3" step="1"/><G85/><REACH who="3" ten="280,250,236,224" step="2"/><T61/><D87/><U45/><E91/><V12/><F109/><W81/><G81/><T68/><D128/><U0/><E0/><V50/><F112/><W23/><G23/><T38/><D38/><U18/><E10/><V120/><F113/><W105/><G105/><T44/><D118/><U30/><REACH who="1" step="1"/><E26/><AGARI ba="1,1" hai="2,4,8,19,20,26,77,80,84,88,89,97,100,106" machi="26" ten="30,11600,0" yaku="1,1,7,1,54,1,53,1" doraHai="65" doraHaiUra="32" who="3" fromWho="1" sc="280,0,250,-119,236,0,224,129" /><INIT seed="3,2,0,5,1,108" ten="280,131,236,353" oya="3" hai0="110,84,125,4,31,66,34,65,38,102,98,30,54" hai1="90,118,2,115,111,49,87,24,79,9,119,71,44" hai2="52,81,101,123,94,12,117,23,42,63,96,25,61" hai3="18,114,13,112,40,56,70,126,132,14,80,73,83"/><W113/><G70/><T121/><D38/><U21/><E71/><V20/><F117/><W86/><G40/><T93/><D110/><U76/><E111/><V124/><F42/><W100/><G100/><T82/><D125/><U97/><E97/><V28/><F124/><W77/><G126/><T127/><D127/><U33/><E33/><V130/><F130/><W60/><G132/><T1/><D34/><U53/><E2/><V120/><F81/><W47/><G47/><T11/><D121/><N who="2" m="46666" /><F52/><W39/><G39/><T105/><D54/><U45/><E9/><V35/><F12/><W116/><G116/><N who="1" m="44586" /><E115/><V106/><F106/><W103/><G103/><T107/><D107/><U59/><E90/><V85/><F85/><W74/><G83/><T89/><REACH who="0" step="1"/><D105/><REACH who="0" ten="270,131,236,353" step="2"/><U62/><E53/><V55/><F55/><W51/><G51/><T88/><D88/><U7/><E49/><V37/><F37/><W5/><G112/><T92/><D92/><U16/><E76/><V128/><F128/><W46/><G113/><T91/><D91/><U15/><E79/><V6/><F63/><W131/><G131/><T104/><D104/><U64/><E87/><V78/><F78/><W50/><G114/><T122/><D122/><U69/><E45/><V36/><F61/><W129/><G129/><T99/><D99/><U19/><E44/><V95/><F36/><W68/><G50/><T67/><AGARI ba="2,1" hai="1,4,11,30,31,65,66,67,82,84,89,93,98,102" machi="67" ten="30,2000,0" yaku="1,1,0,1,53,0" doraHai="108" doraHaiUra="57" who="0" fromWho="0" sc="270,36,131,-7,236,-7,353,-12" /><INIT seed="4,0,0,2,0,133" ten="306,124,229,341" oya="0" hai0="62,24,71,131,60,53,54,106,39,17,117,100,6" hai1="16,31,103,11,9,47,127,32,13,90,33,132,84" hai2="43,10,56,78,92,87,72,95,3,45,126,113,61" hai3="55,46,79,75,21,42,101,97,70,18,29,15,119"/><T1/><D39/><U135/><E103/><V129/><F113/><W38/><G119/><T52/><D131/><U105/><E105/><V81/><F129/><W120/><G120/><T128/><D128/><U109/><E47/><V108/><F108/><W41/><G70/><T114/><D117/><U57/><E109/><V30/><F30/><W28/><G42/><T116/><D116/><U104/><E104/><V5/><F126/><W22/><G75/><T19/><D1/><U94/><E127/><V68/><F87/><W65/><G65/><T8/><D6/><U85/><E85/><V37/><REACH who="2" step="1"/><F68/><REACH who="2" ten="306,124,219,341" step="2"/><W134/><G29/><T121/><D71/><U98/><E31/><V35/><F35/><W58/><G28/><T86/><D121/><U76/><E33/><V59/><F59/><W123/><G123/><T93/><D114/><U112/><E112/><V44/><F44/><W89/><G58/><T2/><D86/><U51/><E32/><V64/><AGARI ba="0,1" hai="3,5,10,37,43,45,56,61,64,72,78,81,92,95" machi="64" ten="20,12000,2" yaku="1,1,0,1,7,1,25,2,53,1" doraHai="133" doraHaiUra="74" who="2" fromWho="2" sc="306,-60,124,-30,219,130,341,-30" /><INIT seed="5,0,0,3,0,64" ten="246,94,349,311" oya="1" hai0="36,16,114,68,28,15,61,5,34,122,39,14,32" hai1="113,86,103,133,78,107,23,6,3,60,2,51,11" hai2="52,117,97,40,76,108,46,70,82,33,50,19,89" hai3="79,85,120,65,30,129,29,66,31,81,91,10,42"/><U27/><E133/><V111/><F33/><W98/><G120/><T119/><D122/><U73/><E113/><V109/><F117/><W38/><G129/><T69/><D114/><U54/><E73/><V130/><F130/><W134/><G134/><T75/><D75/><U80/><E60/><V56/><F70/><W26/><G26/><T74/><D74/><U131/><E131/><V92/><F19/><W99/><G38/><T67/><D69/><U47/><E107/><V87/><REACH who="2" step="1"/><F109/><REACH who="2" ten="246,94,339,311" step="2"/><W77/><G31/><T43/><D119/><U22/><E103/><V94/><F94/><W25/><G30/><T126/><D32/><U41/><E2/><V53/><F53/><W1/><G29/><T112/><D28/><U118/><E118/><V49/><AGARI ba="0,1" hai="40,46,49,50,52,56,76,82,87,89,92,97,108,111" machi="49" ten="20,5200,0" yaku="1,1,0,1,7,1,54,1,53,0" doraHai="64" doraHaiUra="104" who="2" fromWho="2" sc="246,-13,94,-26,339,62,311,-13" /><INIT seed="6,0,0,1,1,76" ten="233,68,401,298" oya="2" hai0="109,22,130,128,105,80,24,115,46,50,118,23,58" hai1="86,20,124,98,125,111,34,41,14,69,29,52,132" hai2="16,57,88,79,7,43,67,0,5,61,4,114,94" hai3="11,3,84,63,68,92,133,81,87,74,100,60,59"/><V107/><F107/><W108/><G108/><T121/><D105/><U2/><E69/><V42/><F0/><W38/><G38/><T95/><D109/><U66/><E111/><V83/><F114/><W51/><G68/><T25/><D121/><U73/><E73/><V127/><F127/><W37/><G37/><T13/><D115/><U53/><E2/><V103/><F103/><W56/><G74/><T126/><D126/><U31/><E34/><V21/><F79/><W99/><G133/><T85/><D95/><U27/><E132/><V110/><F83/><W104/><G104/><T45/><D58/><U134/><E134/><V82/><F82/><W55/><G51/><T120/><D13/><U36/><E36/><V26/><F110/><W101/><G101/><T48/><D120/><U89/><E14/><V32/><F32/><W116/><G116/><T70/><D70/><U97/><E66/><V17/><F17/><W47/><G47/><T19/><D118/><U8/><E41/><V123/><F123/><W35/><G35/><T28/><D46/><U113/><E113/><V1/><F1/><W135/><G135/><T64/><D64/><U93/><E8/><V75/><F75/><W12/><G81/><T62/><D62/><U65/><E65/><V40/><F40/><W122/><G3/><T6/><D6/><U90/><E31/><V33/><F33/><W112/><G112/><T96/><D96/><AGARI ba="0,0" hai="4,5,7,16,21,26,42,43,57,61,67,88,94,96" machi="96" ten="40,7700,0" yaku="8,1,54,2" doraHai="76" who="2" fromWho="0" sc="233,-77,68,0,401,77,298,0" /><INIT seed="6,1,0,1,1,117" ten="156,68,478,298" oya="2" hai0="135,130,79,46,85,88,83,61,0,93,34,21,23" hai1="9,91,127,97,59,65,29,28,8,63,129,17,5" hai2="56,101,26,87,86,1,44,128,6,92,68,114,131" hai3="95,123,62,73,18,84,122,118,106,124,51,35,120"/><V25/><F68/><W43/><G118/><T57/><D135/><U100/><E129/><N who="2" m="49739" /><F44/><W20/><G35/><T64/><D130/><U102/><E127/><V125/><F114/><W60/><G73/><T105/><D34/><U132/><E132/><V81/><F86/><W72/><G106/><T89/><D105/><U98/><E91/><V82/><F82/><W108/><G72/><T24/><D0/><U70/><E70/><V90/><F56/><W69/><G108/><T112/><D112/><U99/><E17/><V42/><F42/><W49/><G124/><T116/><D116/><U103/><REACH who="1" step="1"/><E5/><REACH who="1" ten="156,58,478,298" step="2"/><V39/><F125/><W33/><G69/><T36/><D89/><U11/><AGARI ba="1,1" hai="8,9,11,28,29,59,63,65,97,98,99,100,102,103" machi="11" ten="40,12000,2" yaku="1,1,2,1,0,1,29,2,8,1,53,0" doraHai="117" doraHaiUra="31" who="1" fromWho="1" sc="156,-31,58,133,478,-61,298,-31" /><INIT seed="7,0,0,5,3,32" ten="125,191,417,267" oya="3" hai0="110,94,120,112,75,115,22,64,42,65,34,20,1" hai1="77,114,51,93,108,17,11,3,76,82,37,107,62" hai2="122,105,57,0,92,104,71,97,35,14,33,16,43" hai3="68,91,23,89,79,52,69,21,61,56,88,100,111"/><W123/><G123/><T9/><D120/><U54/><E107/><V6/><F71/><W116/><G116/><T73/><D34/><U83/><E108/><V67/><F35/><W85/><G111/><T63/><D110/><U81/><E37/><V99/><F33/><W24/><G100/><T131/><D42/><U134/><E134/><V74/><F97/><W132/><G132/><T86/><D131/><U44/><E114/><N who="0" m="43561" /><D86/><U10/><E93/><V18/><F74/><N who="0" m="28170" /><D94/><U40/><E3/><V80/><F80/><N who="3" m="47263" /><G69/><T36/><D36/><U30/><E30/><V55/><F67/><N who="0" m="25674" /><D63/><U70/><E70/><V130/><F43/><W113/><G68/><T128/><D128/><U49/><E62/><V39/><F39/><W2/><G113/><T125/><D125/><U13/><REACH who="1" step="1"/><E10/><REACH who="1" ten="125,181,417,267" step="2"/><V31/><F31/><W28/><G61/><T41/><D41/><U118/><E118/><V66/><F105/><W72/><G72/><T4/><AGARI ba="0,1" hai="1,4,9,20,22" m="25674,28170,43561" machi="4" ten="40,5200,0" yaku="15,1,11,1,52,1" doraHai="32" who="0" fromWho="0" sc="125,62,181,-13,417,-13,267,-26" owari="187,-21.0,168,-33.0,404,50.0,241,4.0" /></mjloggm>