<mjloggm ver="2.3"><GO type="225" lobby="0"/><UN n0="%E9%BA%BB%E9%9B%80%E3%81%9F%E3%81%AE%E3%81%97" n1="%E9%99%A4%E5%90%8D" n2="%E3%82%8C%E3%81%A3%E3%81%A9%E3%81%A9%E3%81%A3%E3%81%90" n3="%E5%A4%A7%E5%AE%AE%E5%BF%8D%76" dan="16,16,16,17" rate="2161.88,2155.78,2062.58,2198.15" sx="F,M,F,M"/><TAIKYOKU oya="0"/><INIT seed="0,0,0,0,2,12" ten="250,250,250,250" oya="0" hai0="76,127,54,0,89,57,55,63,1,66,85,99,134" hai1="119,91,107,88,75,135,18,108,69,60,32,38,41" hai2="106,111,29,61,19,118,102,112,23,113,132,33,122" hai3="24,22,97,95,84,121,28,123,90,31,65,120,13"/><T37/><D37/><U42/><E119/><V62/><F122/><W35/><G65/><T79/><D134/><U131/><E75/><V50/><F132/><W30/><REACH who="3" step="1"/><G97/><REACH who="3" ten="250,250,250,240" step="2"/><T96/><D99/><U21/><E135/><V15/><F118/><W3/><G3/><T86/><D0/><U59/><E131/><V14/><F113/><W70/><G70/><T67/><D1/><U87/><E108/><V56/><F111/><W105/><G105/><T58/><D127/><U73/><E69/><V64/><F106/><W93/><G93/><T130/><D130/><U77/><E107/><V45/><F112/><W52/><G52/><T10/><D96/><U115/><E115/><V116/><F116/><W17/><AGARI ba="0,1" hai="13,17,22,24,28,30,31,35,84,90,95,120,121,123" machi="17" ten="40,8000,1" yaku="1,1,0,1,13,1,52,1,53,0" doraHai="12" doraHaiUra="101" who="3" fromWho="3" sc="250,-40,250,-20,250,-20,240,90" /><INIT seed="1,0,0,1,0,108" ten="210,230,230,330" oya="1" hai0="47,15,26,5,71,133,77,0,48,12,50,10,125" hai1="118,3,38,58,28,61,76,57,82,112,44,93,103" hai2="65,2,91,128,18,84,113,36,27,124,14,52,98" hai3="92,111,74,78,95,64,115,40,17,102,23,56,49"/><U67/><E118/><V4/><F36/><W31/><G31/><T99/><D71/><U86/><E3/><V22/><F65/><W60/><G111/><T33/><D133/><U132/><E132/><V37/><F37/><W21/><G21/><T134/><D134/><U19/><E28/><V101/><F128/><W72/><G95/><T34/><D125/><U85/><E19/><V129/><F129/><W35/><G35/><T55/><D77/><U63/><E112/><V70/><F70/><W9/><G115/><T42/><D99/><U90/><E103/><V53/><F124/><W73/><G9/><T117/><D117/><U59/><REACH who="1" step="1"/><E67/><REACH who="1" ten="210,220,230,330" step="2"/><V89/><F113/><W114/><G114/><T88/><D33/><U116/><E116/><V68/><F101/><W39/><G102/><T131/><D131/><U105/><E105/><V75/><F2/><W24/><G17/><T81/><D34/><U66/><E66/><V25/><F4/><W43/><G64/><T6/><D5/><U7/><E7/><V127/><F68/><W79/><G72/><T104/><D104/><U62/><E62/><V110/><F75/><W13/><G73/><T126/><D126/><U80/><E80/><N who="2" m="49287" /><F127/><W16/><G74/><T32/><D32/><U29/><E29/><V120/><F120/><W1/><G1/><T97/><D26/><N who="2" m="9738" /><F110/><W30/><G30/><T94/><REACH who="0" step="1"/><D81/><REACH who="0" ten="200,220,230,330" step="2"/><U11/><E11/><V8/><F8/><W96/><G24/><T109/><D109/><U51/><E51/><V130/><F130/><W54/><G49/><T100/><D100/><U87/><E87/><RYUUKYOKU ba="0,2" sc="200,10,220,10,230,10,330,-30" hai0="0,6,10,12,15,42,47,48,50,55,88,94,97" hai1="38,44,57,58,59,61,63,76,82,85,86,90,93" hai2="14,18,22,52,53,91,98" /><INIT seed="1,1,2,4,1,1" ten="210,230,240,300" oya="1" hai0="6,99,12,89,65,0,25,111,128,129,72,39,103" hai1="113,75,21,132,93,84,17,63,43,16,3,95,14" hai2="121,19,77,135,9,92,130,71,59,4,107,112,68" hai3="45,40,81,109,83,49,87,34,60,101,20,51,62"/><U115/><E75/><V134/><F107/><W33/><G109/><T26/><D111/><U41/><E3/><V36/><F121/><W28/><G101/><T85/><D72/><U13/><E132/><N who="2" m="50731" /><F36/><W79/><G33/><T125/><D39/><U56/><E115/><V76/><F112/><W73/><G34/><T97/><D0/><U90/><E95/><V117/><F117/><W52/><G20/><T18/><D6/><U5/><E113/><V27/><F59/><W66/><G28/><T106/><D65/><U124/><E124/><V74/><F92/><W30/><G30/><T131/><D99/><U44/><E44/><V119/><F119/><W108/><G108/><T10/><REACH who="0" step="1"/><D125/><REACH who="0" ten="200,230,240,300" step="2"/><U100/><E5/><V57/><F74/><W80/><G66/><T98/><D98/><U94/><E100/><V22/><F130/><W122/><G122/><T105/><D105/><U70/><E70/><N who="2" m="26667" /><F57/><N who="3" m="32927" /><G73/><T82/><AGARI ba="1,3" hai="10,12,18,25,26,82,85,89,97,103,106,128,129,131" machi="82" ten="30,4000,0" yaku="1,1,0,1,19,1,53,0" doraHai="1" doraHaiUra="64" who="0" fromWho="0" sc="200,73,230,-21,240,-11,300,-11" /><INIT seed="2,0,0,0,3,70" ten="273,209,229,289" oya="2" hai0="123,112,135,13,90,125,81,101,63,45,1,105,22" hai1="72,79,60,34,100,78,41,69,4,47,35,115,98" hai2="114,52,88,94,64,118,31,132,10,11,0,24,102" hai3="5,56,116,106,27,15,71,54,76,80,85,68,32"/><V95/><F114/><W75/><G116/><T14/><D1/><U18/><E115/><V84/><F132/><W122/><G122/><T40/><D135/><U46/><E18/><V2/><F64/><W93/><G106/><T7/><D112/><U134/><E46/><V67/><F67/><W42/><G42/><T87/><D123/><U51/><E78/><V124/><F124/><W89/><G27/><T21/><D125/><U65/><E134/><V131/><F131/><W49/><G32/><T73/><D73/><U25/><E4/><V8/><F118/><W48/><G48/><T3/><D3/><U6/><E6/><V109/><F109/><W83/><G5/><T104/><D104/><U128/><E128/><V133/><F133/><W23/><G80/><T62/><D101/><U37/><E51/><V29/><F29/><W92/><G92/><T91/><D105/><N who="1" m="63639" /><E25/><V103/><F95/><W57/><G57/><T111/><D111/><U129/><E129/><V108/><F108/><W107/><G107/><T66/><D91/><U113/><E113/><V12/><F2/><W26/><G15/><N who="0" m="5643" /><D7/><U33/><E79/><V99/><F0/><W127/><G127/><T130/><D130/><U86/><E86/><V121/><F12/><W44/><G56/><N who="0" m="37191" /><D63/><U43/><E43/><V117/><F121/><W120/><G120/><T59/><D59/><U39/><E39/><V97/><F117/><W20/><G26/><T19/><D19/><U82/><E33/><N who="2" m="20711" /><F103/><W96/><G85/><T119/><D119/><U30/><E30/><V16/><F102/><W53/><G53/><RYUUKYOKU ba="0,0" sc="273,10,209,10,229,-30,289,10" hai0="21,22,40,45,81,87,90" hai1="34,35,37,41,47,60,65,69,72,82" hai3="20,23,44,49,54,68,71,75,76,83,89,93,96" /><INIT seed="3,1,0,0,0,57" ten="283,219,199,299" oya="3" hai0="61,128,3,10,18,129,66,110,63,74,82,23,125" hai1="20,33,65,38,58,131,11,102,91,112,80,88,121" hai2="111,68,101,28,105,89,75,134,78,106,73,126,4" hai3="124,30,117,42,51,87,48,133,77,16,94,55,36"/><W71/><G117/><T90/><D110/><U122/><E112/><V52/><F68/><W41/><G71/><T39/><D39/><U85/><E33/><V92/><F111/><W17/><G36/><T19/><D125/><U107/><E38/><V108/><F108/><W6/><G124/><T44/><D44/><U26/><E131/><N who="0" m="50249" /><D66/><U103/><E107/><V43/><F43/><N who="3" m="16395" /><G133/><T100/><D100/><N who="1" m="38443" /><E11/><V9/><F126/><W97/><G30/><T98/><D98/><U84/><E122/><V120/><F28/><W96/><G6/><N who="0" m="1375" /><D74/><U104/><E104/><V22/><F134/><W59/><G51/><T67/><D67/><U114/><E114/><V32/><F32/><W0/><G0/><T127/><D127/><U49/><E121/><V132/><F132/><W8/><G8/><T116/><D116/><U15/><E65/><V45/><F22/><W37/><G37/><T118/><D118/><U99/><E99/><N who="3" m="37962" /><G94/><T53/><D53/><U86/><E49/><N who="2" m="28719" /><F101/><W95/><G95/><T123/><D123/><U46/><E46/><V29/><F120/><W119/><G119/><T47/><D47/><U34/><E58/><V54/><F106/><W14/><G14/><N who="0" m="9687" /><D19/><N who="1" m="10367" /><E80/><AGARI ba="1,0" hai="16,17,48,55,59,77,80,87" m="37962,16395" machi="80" ten="30,2900,0" yaku="8,1,54,1" doraHai="57" who="3" fromWho="1" sc="283,0,219,-32,199,0,299,32" owari="283,8.0,187,-31.0,199,-20.0,331,43.0" /></mjloggm>