<mjloggm ver="2.3"><GO type="169" lobby="0"/><UN n0="%73%65%61%73%74%6F%72%79" n1="%4B%4B%44" n2="%E3%83%9C%E3%83%9E%E3%83%BC" n3="%E9%81%8A%E8%B5%B0" dan="16,18,16,17" rate="2109.39,2217.35,2154.38,2184.24" sx="M,M,M,M"/><TAIKYOKU oya="0"/><INIT seed="0,0,0,4,5,110" ten="250,250,250,250" oya="0" hai0="24,108,8,1,122,64,14,18,39,54,52,73,13" hai1="72,92,2,35,94,109,16,95,55,9,86,132,127" hai2="126,29,96,107,79,28,112,67,77,134,51,27,130" hai3="83,103,99,59,84,47,33,71,133,135,98,97,7"/><T128/><D122/><U68/><E72/><V85/><F134/><N who="3" m="51211" /><G71/><T38/><D73/><U20/><E109/><V74/><F74/><W57/><G33/><T116/><D108/><U17/><E132/><V5/><F5/><W31/><G31/><T70/><D116/><U100/><E35/><V63/><F126/><W40/><G7/><T46/><D1/><U60/><E127/><V102/><F28/><W30/><G30/><T124/><D124/><U45/><E100/><V58/><F130/><W119/><G119/><T48/><D128/><U23/><E68/><V26/><F26/><W4/><G4/><T11/><D24/><U3/><E9/><V56/><F112/><W10/><G10/><T43/><D64/><U15/><E86/><V25/><F25/><W80/><G103/><T113/><D70/><U0/><E45/><V114/><F114/><W81/><G84/><T50/><D113/><U90/><E90/><V62/><F51/><AGARI ba="0,0" hai="40,47,51,57,59,80,81,83,97,98,99" m="51211" machi="51" ten="40,1300,0" yaku="20,1" doraHai="110" who="3" fromWho="2" sc="250,0,250,0,250,-13,250,13" /><INIT seed="1,0,0,5,4,0" ten="250,250,237,263" oya="1" hai0="107,93,23,86,117,10,120,77,7,37,45,87,55" hai1="42,135,106,64,84,56,19,115,16,76,9,66,31" hai2="103,97,69,102,83,79,125,38,18,90,43,96,25" hai3="122,58,29,134,132,119,33,1,126,71,22,108,4"/><U17/><E115/><V21/><F69/><W2/><G71/><T40/><D117/><U78/><E106/><V3/><F125/><W99/><G122/><T65/><D107/><U68/><E135/><N who="3" m="51754" /><G99/><T57/><D120/><U12/><E68/><V63/><F3/><N who="3" m="1035" /><G58/><T14/><D65/><U95/><E31/><V50/><F38/><W101/><G101/><T67/><D67/><U49/><E76/><V72/><F63/><W35/><G119/><T26/><D93/><U46/><E95/><V47/><REACH who="2" step="1"/><F90/><REACH who="2" ten="250,250,227,263" step="2"/><W98/><G126/><T80/><D77/><U118/><E118/><V116/><F116/><W24/><G98/><AGARI ba="0,1" hai="18,21,25,43,47,50,72,79,83,96,97,98,102,103" machi="98" ten="40,1300,0" yaku="1,1,53,0" doraHai="0" doraHaiUra="123" who="2" fromWho="3" sc="250,0,250,0,227,23,263,-13" /><INIT seed="2,0,0,5,5,120" ten="250,250,250,250" oya="2" hai0="117,23,80,68,64,86,16,127,74,110,103,13,20" hai1="38,109,101,114,41,6,111,33,28,3,54,123,81" hai2="44,87,9,91,25,130,53,128,84,60,112,49,116" hai3="95,17,78,61,11,45,32,59,48,135,134,124,118"/><V132/><F116/><W71/><G32/><T92/><D117/><U30/><E114/><V35/><F112/><W40/><G118/><T107/><D127/><U5/><E101/><V94/><F132/><W1/><G124/><T62/><D74/><U4/><E123/><V108/><F9/><W106/><G106/><T90/><D107/><U125/><E125/><V89/><F60/><W21/><G71/><T8/><D110/><N who="1" m="41995" /><E3/><V131/><F108/><W39/><G39/><T19/><D19/><U115/><E115/><V0/><F0/><W2/><G78/><T50/><D50/><U104/><E104/><V122/><F122/><W121/><G121/><T52/><D103/><U85/><E54/><V24/><REACH who="2" step="1"/><F35/><REACH who="2" ten="250,250,240,250" step="2"/><W36/><G1/><T73/><D8/><U22/><E33/><V97/><F97/><W70/><G11/><T113/><D113/><U7/><E7/><V88/><F88/><W42/><G2/><T55/><D23/><U26/><E30/><V129/><N who="2" m="32768" /><DORA hai="77" /><V56/><F56/><W66/><G59/><T102/><D102/><U15/><E4/><V12/><F12/><W58/><G21/><T18/><D13/><U29/><E28/><V99/><F99/><W98/><G17/><T105/><BYE who="2" /><D18/><UN n2="%E3%83%9C%E3%83%9E%E3%83%BC" /><U57/><E57/><V82/><AGARI ba="0,1" hai="24,25,44,49,53,82,84,87,89,91,94" m="32768" machi="82" ten="60,12000,1" yaku="1,1,0,1,19,1,52,1,53,0" doraHai="120,77" doraHaiUra="14,67" who="2" fromWho="2" sc="250,-40,250,-40,240,130,250,-40" /><INIT seed="2,1,0,1,5,95" ten="210,210,370,210" oya="2" hai0="34,55,19,0,13,3,41,76,30,77,110,130,44" hai1="46,21,5,36,90,129,45,111,61,7,23,63,66" hai2="88,118,128,25,18,24,62,20,135,31,74,108,56" hai3="99,48,68,57,50,116,60,117,119,122,78,115,100"/><V91/><F74/><W35/><G122/><T8/><D130/><U127/><E129/><V101/><F118/><W59/><G35/><T114/><D114/><U97/><E127/><V11/><F128/><W64/><G78/><T6/><D110/><U42/><E111/><V134/><F11/><W29/><G29/><T80/><D55/><U83/><E83/><V125/><F125/><W73/><G73/><T1/><D30/><U10/><BYE who="2" /><E45/><UN n2="%E3%83%9C%E3%83%9E%E3%83%BC" /><V93/><F108/><W121/><G121/><T4/><D34/><U58/><E5/><V70/><F70/><W40/><G115/><T102/><D102/><U123/><E123/><V22/><F101/><W106/><REACH who="3" step="1"/><G40/><REACH who="3" ten="210,210,370,200" step="2"/><T107/><D77/><U54/><E90/><V47/><F91/><W96/><G96/><T43/><D43/><U82/><E97/><V49/><F134/><W39/><G39/><T17/><D107/><U33/><E33/><V72/><F135/><W133/><G133/><T85/><REACH who="0" step="1"/><D6/><REACH who="0" ten="200,210,370,200" step="2"/><U92/><E42/><V15/><F31/><W75/><G75/><T89/><D89/><U103/><E7/><V38/><F88/><W9/><G9/><T69/><D69/><N who="1" m="42191" /><E10/><V132/><F72/><W14/><G14/><T53/><D53/><U32/><E32/><V126/><F15/><W16/><G16/><T94/><D94/><U84/><E92/><V81/><F18/><W79/><G79/><T124/><D124/><U98/><E54/><V86/><F126/><W109/><G109/><T52/><D52/><U37/><E103/><V67/><F132/><W2/><G2/><T28/><D28/><RYUUKYOKU ba="1,2" sc="200,15,210,-15,370,-15,200,15" hai0="0,1,3,4,8,13,17,19,41,44,76,80,85" hai3="48,50,57,59,60,64,68,99,100,106,116,117,119" /><INIT seed="3,2,2,0,5,74" ten="215,195,355,215" oya="3" hai0="107,7,57,87,55,105,68,123,71,12,45,113,10" hai1="81,30,15,35,116,25,5,77,58,86,135,56,92" hai2="84,106,14,89,64,44,117,67,103,1,28,111,60" hai3="34,6,9,24,13,16,59,49,85,91,88,33,129"/><W98/><G129/><T36/><D123/><U26/><E135/><V93/><F1/><W2/><G98/><T109/><D113/><U29/><E116/><V128/><F117/><W104/><G104/><T99/><D109/><U66/><E66/><V73/><F128/><W39/><G39/><T8/><D8/><U19/><E5/><V120/><F120/><W46/><G59/><T130/><D130/><U27/><E92/><V82/><F111/><W127/><G127/><T53/><D107/><U42/><E42/><V54/><F14/><W0/><G91/><T118/><D118/><U79/><E79/><V95/><F95/><W132/><G132/><T37/><D37/><U134/><E134/><V38/><F28/><N who="1" m="10857" /><E35/><V69/><F64/><W50/><G50/><T101/><D87/><U18/><E18/><V75/><F106/><W126/><G126/><T108/><D108/><U102/><E102/><V125/><F125/><W76/><G76/><T70/><REACH who="0" step="1"/><D57/><REACH who="0" ten="205,195,355,215" step="2"/><U72/><E72/><V17/><F75/><W100/><G0/><T119/><D119/><U110/><E110/><V112/><F73/><W3/><G3/><T90/><D90/><U131/><E131/><V61/><F89/><W65/><G100/><T133/><D133/><U22/><AGARI ba="2,3" hai="15,19,22,25,26,27,56,58,77,81,86" m="10857" machi="22" ten="30,2000,0" yaku="8,1,52,1" doraHai="74" who="1" fromWho="1" sc="205,-7,195,56,355,-7,215,-12" /><INIT seed="4,0,0,0,3,42" ten="198,251,348,203" oya="0" hai0="44,100,53,109,94,58,3,134,57,35,36,79,114" hai1="54,95,66,127,90,123,118,14,135,34,80,84,49" hai2="106,47,13,125,16,116,97,83,96,25,120,20,45" hai3="11,51,130,69,64,40,132,129,46,6,32,89,112"/><T28/><D3/><U27/><E118/><V65/><F120/><W105/><G32/><T31/><D114/><U18/><E123/><V22/><F125/><W76/><G105/><T82/><D134/><U23/><E135/><V8/><F106/><W91/><G132/><T63/><D109/><U1/><E1/><V124/><F124/><W59/><G112/><T68/><D68/><U26/><E127/><V101/><F116/><W104/><G104/><T86/><D35/><U92/><E66/><V62/><F83/><W81/><G69/><T0/><D58/><U115/><E115/><V7/><F22/><W71/><G71/><T29/><D0/><U41/><E41/><V87/><F87/><N who="3" m="48551" /><G59/><T55/><D36/><U17/><E34/><V67/><F67/><W60/><G60/><T78/><D78/><U48/><E48/><V12/><F12/><N who="3" m="5239" /><G64/><T10/><D10/><U50/><E50/><V74/><F74/><W111/><G111/><T113/><D113/><U133/><E133/><V102/><F97/><W5/><G5/><T4/><D4/><U107/><E107/><V37/><F37/><W108/><G108/><T121/><D121/><U98/><E18/><V110/><F110/><W30/><G30/><T2/><D2/><U117/><E117/><V103/><F96/><W119/><G119/><T21/><D21/><U128/><E128/><AGARI ba="0,0" hai="40,46,51,89,91,128,129,130" m="5239,48551" machi="128" ten="30,3900,0" yaku="25,1,19,1,52,1" doraHai="42" who="3" fromWho="1" sc="198,0,251,-39,348,0,203,39" /><INIT seed="5,0,0,2,0,85" ten="198,212,348,242" oya="1" hai0="60,41,97,56,109,127,89,25,3,110,103,37,102" hai1="42,27,125,122,2,1,135,36,6,104,10,58,120" hai2="116,73,67,31,128,14,93,19,75,62,92,76,119" hai3="84,24,20,95,51,39,4,123,108,0,114,59,87"/><U82/><E104/><V78/><F31/><W99/><G123/><T124/><D3/><U106/><E106/><V64/><F14/><W118/><G118/><T47/><D25/><U29/><E135/><V81/><F19/><W26/><G39/><T61/><D61/><U22/><E125/><N who="0" m="48201" /><D89/><U34/><E1/><V90/><F62/><W49/><G108/><N who="0" m="41579" /><D97/><U18/><E58/><V86/><F64/><AGARI ba="0,0" hai="37,41,47,56,60,64,102,103" m="41579,48201" machi="64" ten="30,1000,0" yaku="18,1" doraHai="85" who="0" fromWho="2" sc="198,10,212,0,348,-10,242,0" /><INIT seed="6,0,0,3,1,50" ten="208,212,338,242" oya="2" hai0="110,44,14,42,134,71,113,2,13,129,125,92,60" hai1="121,34,8,19,1,47,106,89,63,109,77,9,114" hai2="65,27,68,105,56,15,118,91,90,133,80,112,74" hai3="86,53,21,70,18,61,62,104,3,58,100,54,88"/><V51/><F105/><W40/><G3/><T75/><D110/><U30/><E106/><V81/><F118/><W6/><G6/><T83/><D2/><U55/><E109/><V49/><F68/><W122/><G122/><T5/><D134/><U124/><E77/><V97/><F133/><W108/><G108/><T131/><D125/><U76/><E76/><V126/><F126/><W120/><G120/><T84/><D75/><U123/><E124/><V99/><F15/><N who="3" m="9439" /><G104/><T10/><D113/><U85/><E114/><V16/><F27/><W95/><G70/><T66/><D92/><U132/><E132/><V37/><F37/><W26/><G40/><T11/><D14/><N who="1" m="7623" /><E63/><N who="3" m="24074" /><G58/><T36/><D10/><U33/><E33/><V12/><F74/><W93/><G26/><T38/><REACH who="0" step="1"/><BYE who="2" /><D36/><REACH who="0" ten="198,212,338,242" step="2"/><U130/><E9/><V35/><F35/><W7/><G7/><UN n2="%E3%83%9C%E3%83%9E%E3%83%BC" /><T32/><D32/><U79/><E1/><V46/><F112/><W20/><G20/><T94/><D94/><U69/><E123/><V39/><F39/><W107/><G107/><T17/><D17/><U31/><E121/><V115/><F16/><W117/><G117/><T41/><D41/><U25/><E34/><V98/><F115/><W96/><AGARI ba="0,1" hai="53,54,86,88,93,95,96,100" m="24074,9439" machi="96" ten="30,7900,0" yaku="8,1,52,2,54,1" doraHai="50" who="3" fromWho="3" sc="198,-20,212,-20,338,-39,242,89" /><INIT seed="7,0,0,2,2,14" ten="178,192,299,331" oya="3" hai0="109,134,129,57,53,128,73,55,54,46,88,118,37" hai1="91,82,52,3,119,66,2,15,107,75,4,86,114" hai2="70,29,77,5,43,131,64,38,12,117,127,56,25" hai3="101,93,11,31,62,81,21,116,104,40,92,126,7"/><W112/><G116/><T105/><D118/><U49/><E119/><V60/><F117/><RYUUKYOKU type="kaze4" ba="0,0" sc="178,0,192,0,299,0,331,0" /><INIT seed="7,1,0,5,2,43" ten="178,192,299,331" oya="3" hai0="128,62,33,6,73,110,90,29,129,31,39,19,50" hai1="130,104,0,23,77,16,32,71,93,41,126,8,44" hai2="68,80,87,118,37,70,83,78,102,1,45,49,133" hai3="25,36,125,108,106,112,42,55,79,89,12,123,11"/><W24/><G123/><T98/><D39/><U47/><E104/><V101/><F37/><W99/><G112/><T119/><D119/><U58/><E71/><V61/><F1/><W14/><G108/><T120/><D110/><U82/><E32/><V117/><F133/><W124/><G79/><T66/><D73/><U17/><E126/><N who="3" m="48746" /><G55/><T86/><D120/><U2/><E130/><N who="0" m="50281" /><D6/><U60/><E93/><V7/><F7/><N who="3" m="3199" /><G14/><T59/><D33/><U121/><E121/><V34/><F34/><W56/><G56/><T27/><D98/><U100/><E100/><V67/><F70/><W135/><G135/><T85/><D50/><U113/><E113/><V88/><F117/><W72/><G72/><T132/><D132/><U51/><E47/><V46/><F46/><N who="3" m="23879" /><G89/><T48/><D48/><U84/><E8/><V97/><F118/><W94/><G94/><N who="0" m="54607" /><D86/><U75/><E75/><V92/><F80/><W76/><G76/><T96/><D96/><U107/><E107/><V4/><F4/><W20/><G20/><T52/><D66/><U15/><REACH who="1" step="1"/><E17/><REACH who="1" ten="178,182,299,331" step="2"/><V114/><F114/><W111/><G111/><T53/><D53/><AGARI ba="1,1" hai="0,2,15,16,23,41,44,51,53,58,60,77,82,84" machi="53" ten="30,8000,1" yaku="1,1,2,1,7,1,52,1,54,1,53,0" doraHai="43" doraHaiUra="122" who="1" fromWho="0" sc="178,-83,182,93,299,0,331,0" /><AGARI ba="1,0" hai="45,49,53,61,67,68,78,83,87,88,92,97,101,102" machi="53" ten="30,3900,0" yaku="7,1,52,1,54,1" doraHai="43" who="2" fromWho="0" sc="95,-39,275,0,299,39,331,0" owari="56,-44.0,275,-12.0,338,43.0,331,13.0" /></mjloggm>