<mjloggm ver="2.3"><GO type="169" lobby="0"/><UN n0="%42%72%42%61" n1="%E4%B8%83%E3%83%84%E6%98%9F%E3%83%9B%E3%82%AF%E3%82%B5%E3%82%A4" n2="%E3%81%B2%E3%81%90%E3%81%A1" n3="%2D%E2%98%85%E7%8B%AC%E7%9C%BC%E9%89%84%E2%98%85%2D" dan="16,17,17,16" rate="2138.34,2207.49,2223.73,2065.50" sx="M,M,M,M"/><TAIKYOKU oya="0"/><INIT seed="0,0,0,4,3,8" ten="250,250,250,250" oya="0" hai0="120,83,34,113,125,62,48,56,134,90,38,32,29" hai1="119,37,124,104,52,35,2,24,87,59,57,51,0" hai2="127,102,117,116,53,75,31,132,77,105,25,122,123" hai3="33,39,17,78,23,26,49,44,4,63,106,71,5"/><T129/><D120/><U3/><E119/><N who="2" m="45643" /><F53/><W126/><G106/><T64/><D113/><U111/><E104/><V19/><F19/><W115/><G115/><T82/><D129/><U55/><E37/><V50/><F50/><W22/><G126/><T109/><D125/><U135/><E124/><V133/><F127/><W66/><G39/><T118/><D134/><N who="2" m="51818" /><F31/><W107/><G107/><T45/><D118/><U130/><E135/><V74/><F25/><W79/><G33/><T98/><D109/><U84/><E111/><V61/><F61/><W67/><G67/><T30/><D38/><U110/><E110/><V10/><F10/><W65/><G65/><T103/><D90/><U27/><E130/><V14/><F14/><W21/><G4/><T36/><D36/><U12/><E12/><V80/><F74/><W97/><G5/><T9/><D9/><U46/><E46/><V76/><F77/><W18/><G22/><T13/><D13/><U47/><E47/><V95/><F105/><W28/><G28/><T100/><D34/><U86/><E35/><V96/><AGARI ba="0,0" hai="75,76,80,95,96,102,122,123" m="51818,45643" machi="96" ten="40,8000,1" yaku="12,1,20,1,34,2" doraHai="8" who="2" fromWho="2" sc="250,-40,250,-20,250,80,250,-20" /><INIT seed="1,0,0,1,1,34" ten="210,230,330,230" oya="1" hai0="84,78,54,29,56,62,117,98,15,73,33,97,66" hai1="83,68,49,131,91,31,121,101,13,22,77,27,115" hai2="50,40,103,102,95,17,75,10,11,132,52,60,1" hai3="6,18,51,92,96,32,112,0,126,48,35,82,116"/><U85/><E121/><V125/><F125/><W20/><G112/><T45/><D117/><U59/><E131/><V28/><F75/><W119/><G126/><T14/><D73/><U71/><E115/><V41/><F132/><W9/><G82/><N who="0" m="47191" /><D33/><U16/><E101/><V94/><F60/><W79/><G79/><T7/><D29/><U104/><E104/><V80/><F80/><W4/><G4/><T99/><D7/><U19/><E77/><V129/><F28/><W21/><G35/><T44/><D44/><U38/><E38/><V36/><F36/><W100/><G32/><T12/><D45/><U39/><E39/><V87/><F1/><W110/><G110/><T133/><D133/><U25/><E19/><V106/><F106/><W65/><G65/><AGARI ba="0,0" hai="12,14,15,54,56,62,65,66,97,98,99" m="47191" machi="65" ten="30,1000,0" yaku="8,1" doraHai="34" who="0" fromWho="3" sc="210,10,230,0,330,0,230,-10" /><INIT seed="2,0,0,0,2,30" ten="220,230,330,220" oya="2" hai0="117,70,91,83,48,126,133,6,88,34,131,124,129" hai1="5,61,17,2,75,107,89,49,41,79,35,28,47" hai2="93,54,120,130,22,115,62,42,51,25,134,114,77" hai3="68,102,71,66,1,29,8,110,111,104,10,59,3"/><V80/><F120/><W73/><G73/><T86/><D70/><N who="3" m="26665" /><G29/><T56/><D6/><U9/><E107/><V46/><F130/><N who="0" m="49674" /><D56/><U53/><E89/><N who="0" m="34377" /><D48/><U55/><E61/><V98/><F134/><W4/><G59/><T78/><D34/><U26/><E79/><V31/><F62/><W45/><G45/><T19/><D19/><U67/><E75/><V20/><F20/><W85/><G66/><T81/><D81/><U40/><E67/><V39/><F54/><W101/><G85/><T118/><D133/><U27/><E53/><V109/><F51/><W121/><G121/><T16/><D16/><U76/><E76/><V12/><F12/><W106/><G4/><T32/><D32/><U87/><E87/><V72/><F77/><W119/><G119/><AGARI ba="0,0" hai="78,83,86,117,118,119,124,126" m="34377,49674" machi="119" ten="40,8000,1" yaku="12,1,19,1,34,2,54,1" doraHai="30" who="0" fromWho="3" sc="220,80,230,0,330,0,220,-80" /><INIT seed="3,0,0,5,0,65" ten="300,230,330,140" oya="3" hai0="116,123,105,96,42,57,103,119,94,101,40,106,16" hai1="56,64,63,121,79,75,9,54,59,92,90,62,61" hai2="100,93,8,107,77,49,1,38,110,27,33,126,19" hai3="13,21,71,45,133,124,99,102,14,131,129,83,134"/><W15/><G45/><T2/><D123/><U70/><E121/><V130/><F38/><W128/><G83/><T11/><D57/><U43/><E9/><V17/><F110/><W31/><G71/><T111/><D111/><U22/><E22/><V23/><F107/><W86/><G86/><T95/><D2/><U6/><E6/><V20/><F77/><W85/><G85/><T125/><D11/><U91/><E43/><V0/><F126/><W81/><G81/><T25/><D25/><U73/><E79/><V26/><F49/><W115/><G115/><T122/><D122/><U84/><REACH who="1" step="1"/><E91/><REACH who="1" ten="300,220,330,140" step="2"/><V32/><F8/><W37/><G124/><T120/><D125/><U29/><E29/><V51/><F23/><W109/><G109/><T98/><D120/><U10/><E10/><V12/><F20/><W60/><G37/><T44/><D44/><U66/><AGARI ba="0,1" hai="54,56,59,61,62,63,64,66,70,73,75,84,90,92" machi="66" ten="20,5200,0" yaku="1,1,0,1,7,1,52,1,53,0" doraHai="65" doraHaiUra="30" who="1" fromWho="1" sc="300,-13,220,62,330,-13,140,-26" /><INIT seed="4,0,0,2,4,134" ten="287,282,317,114" oya="0" hai0="74,55,77,81,25,118,90,29,98,85,101,67,66" hai1="131,35,8,127,5,36,96,18,69,133,94,48,0" hai2="4,13,52,40,68,129,16,61,43,10,120,78,105" hai3="58,47,107,80,84,97,7,86,123,87,106,64,100"/><T103/><D118/><U11/><E36/><V114/><F120/><W3/><G47/><T82/><D55/><U17/><E69/><V54/><F105/><W116/><G116/><T28/><D28/><U45/><E35/><V51/><F114/><W57/><G3/><T88/><D90/><U39/><E39/><V9/><F129/><W53/><G7/><T63/><D63/><U42/><E133/><V91/><F78/><W26/><G123/><T21/><REACH who="0" step="1"/><D101/><REACH who="0" ten="277,282,317,114" step="2"/><U27/><E131/><V79/><F79/><W19/><G100/><T2/><D2/><U62/><E62/><V132/><F132/><W104/><G53/><T41/><D41/><U33/><E42/><V73/><F91/><W71/><G64/><T83/><D83/><U115/><E0/><V110/><F54/><W15/><G80/><T93/><AGARI ba="0,1" hai="21,25,29,66,67,74,77,81,82,85,88,93,98,103" machi="93" ten="20,7800,0" yaku="1,1,0,1,7,1,54,1,53,0" doraHai="134" doraHaiUra="109" who="0" fromWho="0" sc="277,88,282,-26,317,-26,114,-26" /><INIT seed="4,1,0,1,1,31" ten="365,256,291,88" oya="0" hai0="79,116,59,28,32,20,19,0,73,92,50,26,122" hai1="105,134,74,6,15,11,29,53,112,133,62,34,114" hai2="106,27,96,118,69,88,13,55,7,76,72,18,67" hai3="39,113,52,5,124,44,35,63,16,43,24,107,36"/><T71/><D122/><U125/><E74/><V97/><F118/><W80/><G107/><T109/><D116/><U25/><E105/><V10/><F72/><W57/><G5/><T42/><D71/><U110/><E53/><V22/><F76/><W121/><G121/><T132/><D132/><N who="1" m="50795" /><E62/><V86/><F106/><W58/><G113/><N who="1" m="43626" /><E125/><V89/><F89/><W54/><G124/><T70/><D73/><U38/><E38/><V101/><F101/><W94/><G80/><T48/><D70/><U123/><E123/><V131/><F131/><W75/><G75/><T51/><D42/><U60/><E60/><V61/><REACH who="2" step="1"/><F55/><REACH who="2" ten="365,256,281,88" step="2"/><W135/><G135/><T8/><D79/><U66/><E66/><V49/><F49/><W41/><G36/><T117/><D51/><U129/><E129/><V120/><F120/><W14/><G43/><T99/><D50/><U119/><E119/><V30/><F30/><W9/><G94/><AGARI ba="1,1" hai="7,10,13,18,22,27,61,67,69,86,88,94,96,97" machi="94" ten="30,7700,0" yaku="1,1,7,1,54,1,53,1" doraHai="31" doraHaiUra="90" who="2" fromWho="3" sc="365,0,256,0,281,90,88,-80" /><INIT seed="5,0,0,1,1,121" ten="365,256,371,8" oya="1" hai0="48,130,61,82,102,25,23,88,108,113,77,32,42" hai1="68,19,101,39,2,66,119,14,37,76,109,124,75" hai2="45,29,80,135,91,89,128,46,35,34,57,59,120" hai3="65,93,6,31,87,10,33,84,16,60,55,83,50"/><U115/><E119/><V92/><F92/><W78/><G33/><T97/><D108/><U114/><E2/><V117/><F80/><W127/><G127/><T73/><D113/><N who="1" m="43019" /><E124/><V41/><F41/><W79/><G31/><T8/><D130/><U98/><E76/><V62/><F62/><W99/><G78/><T4/><D32/><U85/><E85/><V132/><F29/><W47/><G87/><N who="0" m="50295" /><D73/><U133/><E75/><V28/><F28/><W106/><G106/><T38/><D38/><U17/><E133/><V116/><F128/><W67/><G60/><T0/><D0/><U13/><E66/><V40/><F40/><W51/><G51/><T129/><D61/><U118/><E68/><V18/><F18/><N who="1" m="6665" /><E118/><V70/><F120/><W125/><G125/><T126/><D126/><U36/><E109/><V44/><F44/><W94/><G94/><N who="0" m="58679" /><D129/><U54/><E54/><V110/><F110/><W122/><G122/><T52/><D77/><U22/><E22/><V49/><F49/><W58/><G58/><N who="0" m="33031" /><D42/><U111/><E111/><V27/><F70/><W81/><G81/><T20/><D25/><AGARI ba="0,0" hai="25,27,34,35,45,46,57,59,89,91,116,117,132,135" machi="25" ten="25,1600,0" yaku="22,2" doraHai="121" who="2" fromWho="0" sc="365,-16,256,0,371,16,8,0" /><INIT seed="6,0,0,3,4,42" ten="349,256,387,8" oya="2" hai0="19,37,119,5,49,55,94,91,31,100,28,12,46" hai1="132,38,40,130,75,41,95,51,39,128,11,85,20" hai2="108,113,53,50,14,74,86,24,71,32,45,104,61" hai3="125,3,26,18,25,29,93,67,81,110,120,59,4"/><V117/><F74/><W107/><G110/><T124/><D124/><U30/><E75/><V33/><F117/><W22/><G120/><T116/><D37/><U2/><E2/><V134/><F104/><W77/><G107/><T82/><D82/><U92/><E11/><V6/><F113/><W76/><G125/><T66/><D66/><U63/><E51/><V17/><F134/><W109/><G109/><T64/><D64/><U98/><E20/><V101/><F101/><W52/><G67/><T96/><D5/><U90/><E30/><V111/><F6/><W79/><G3/><T65/><D65/><U126/><E126/><V135/><F135/><W36/><G36/><T72/><D72/><U7/><E7/><V114/><F114/><W35/><G4/><T112/><D112/><U16/><E132/><V105/><F105/><W43/><G43/><T99/><D99/><U68/><E63/><V122/><F122/><W103/><G103/><T57/><D100/><U127/><E127/><V70/><F61/><W121/><G93/><T21/><REACH who="0" step="1"/><D57/><REACH who="0" ten="339,256,387,8" step="2"/><U89/><E68/><V23/><F70/><W84/><G121/><T131/><D131/><N who="1" m="50219" /><E38/><V123/><F71/><W15/><G26/><T0/><D0/><U8/><E39/><V48/><F123/><W1/><G1/><T60/><D60/><AGARI ba="0,1" hai="15,18,22,25,29,35,52,59,60,76,77,79,81,84" machi="60" ten="30,2000,0" yaku="7,1,54,1" doraHai="42" who="3" fromWho="0" sc="339,-20,256,0,387,0,8,30" /><INIT seed="7,0,0,4,4,43" ten="319,256,387,38" oya="3" hai0="70,40,83,55,1,118,57,61,94,42,7,131,102" hai1="20,81,101,0,29,113,133,8,38,135,124,77,12" hai2="50,134,93,78,89,87,91,75,105,92,60,112,120" hai3="63,96,127,84,35,51,25,52,41,39,28,110,33"/><W3/><G3/><T129/><D118/><U13/><E101/><V98/><F112/><W128/><G128/><N who="0" m="49227" /><D70/><U45/><E29/><V71/><F134/><N who="1" m="51209" /><E20/><V90/><F120/><W34/><G127/><T56/><D83/><U97/><E97/><V16/><F71/><W36/><G110/><T72/><D72/><N who="1" m="43175" /><E113/><V44/><F60/><W54/><G96/><N who="0" m="59671" /><D57/><U125/><E13/><V31/><F31/><W14/><G14/><T62/><D62/><U64/><E64/><V4/><F105/><W58/><G84/><T69/><D69/><U73/><E73/><V115/><F115/><W19/><G19/><T23/><D23/><U24/><E24/><V47/><F16/><W116/><G116/><T114/><D114/><U122/><E12/><V30/><F30/><W68/><G68/><T95/><D95/><U22/><E22/><V11/><F75/><W10/><G10/><AGARI ba="0,0" hai="1,7,10,40,42,55,56,61" m="59671,49227" machi="10" ten="30,1000,0" yaku="19,1" doraHai="43" who="0" fromWho="3" sc="319,10,256,0,387,0,38,-10" owari="329,13.0,256,-14.0,387,48.0,28,-47.0" /></mjloggm>