<mjloggm ver="2.3"><GO type="225" lobby="0"/><UN n0="%E2%96%BD%E4%B8%8E%E4%BD%9C%28%E3%81%8A%E3%81%AB%E3%81%8E%E3%82%8A" n1="%E3%81%8A%E5%91%B3%E5%99%8C%E3%82%B9%E3%83%BC%E3%83%97" n2="%72%69%6F%75%63%68%61%6E" n3="%E3%81%B7%E3%82%8B%E3%81%B7%E3%82%8B%E3%81%A0%E3%81%9E" dan="17,16,17,16" rate="2176.34,2062.59,2140.86,2109.46" sx="M,M,M,M"/><TAIKYOKU oya="0"/><INIT seed="0,0,0,4,1,120" ten="250,250,250,250" oya="0" hai0="64,97,86,50,80,125,91,41,106,62,77,26,15" hai1="79,95,113,12,105,133,33,25,134,28,67,66,24" hai2="123,42,81,82,8,104,3,84,21,61,121,127,11" hai3="76,7,130,85,1,53,31,72,116,119,122,46,129"/><T112/><D112/><U71/><E105/><V70/><F104/><W56/><G31/><T10/><D125/><U27/><E113/><V101/><F127/><W48/><G7/><T118/><D118/><N who="3" m="45097" /><G85/><T44/><D26/><U94/><E79/><V6/><F101/><W58/><G76/><T29/><D29/><U102/><E28/><V90/><F42/><N who="3" m="24663" /><G1/><T75/><D106/><U22/><E33/><V87/><F21/><W37/><G72/><T63/><D97/><U57/><E71/><V34/><F34/><W69/><G37/><T135/><D135/><U45/><E133/><V52/><F8/><W20/><G20/><T36/><D36/><U89/><E22/><V103/><F103/><W83/><G83/><T35/><D35/><U88/><E102/><V98/><F98/><W19/><G19/><T100/><D100/><U0/><E0/><V43/><F123/><W54/><G69/><T93/><REACH who="0" step="1"/><D64/><REACH who="0" ten="240,250,250,250" step="2"/><U111/><E67/><N who="2" m="41327" /><F121/><W55/><G122/><T59/><D59/><AGARI ba="0,1" hai="53,54,55,56,58,59,129,130" m="24663,45097" machi="59" ten="40,2600,0" yaku="34,2" doraHai="120" who="3" fromWho="0" sc="240,-26,250,0,250,0,250,36" /><INIT seed="1,0,0,1,3,86" ten="214,250,250,286" oya="1" hai0="97,128,62,17,26,47,5,52,33,30,91,23,50" hai1="36,58,25,127,24,38,133,61,109,65,68,84,49" hai2="22,82,129,123,94,78,39,79,66,29,28,71,32" hai3="124,12,121,131,35,134,116,120,6,16,102,117,10"/><U55/><E133/><V74/><F123/><N who="3" m="47179" /><G102/><T8/><D128/><U106/><E106/><V103/><F129/><W63/><G63/><T69/><D69/><U46/><E127/><V48/><F39/><W56/><G56/><N who="0" m="35079" /><D33/><U53/><E109/><V119/><F119/><N who="3" m="45643" /><G131/><T104/><D104/><U45/><E84/><V11/><F78/><W99/><G99/><T132/><D132/><U118/><E118/><V21/><F71/><W54/><G54/><N who="1" m="20490" /><E24/><V85/><F66/><W67/><G67/><T4/><D30/><N who="2" m="11882" /><F32/><W88/><G35/><T107/><D8/><U135/><E25/><V83/><F11/><N who="3" m="6175" /><G134/><T89/><D107/><U93/><E135/><V77/><F74/><W51/><G51/><T20/><D97/><U87/><E38/><V27/><F48/><W40/><G40/><N who="0" m="24935" /><D23/><U81/><E68/><V41/><F21/><W59/><G59/><T15/><D26/><U57/><E36/><V100/><F41/><W125/><G10/><T111/><D111/><U19/><E58/><V2/><F100/><W42/><G42/><T75/><D75/><U34/><E34/><V31/><F103/><W130/><G130/><T13/><D13/><U44/><E49/><V114/><F77/><W108/><G108/><T43/><D43/><U9/><E9/><V64/><F79/><W7/><G125/><T3/><D3/><U60/><E60/><V37/><F2/><W70/><G70/><T76/><D76/><N who="1" m="46503" /><E19/><V80/><F37/><W92/><G124/><T105/><D105/><U90/><E45/><V72/><F72/><W113/><G113/><T0/><D0/><RYUUKYOKU ba="0,0" sc="214,10,250,10,250,-30,286,10" hai0="4,5,15,17,20,89,91" hai1="44,46,57,61,65,90,93" hai3="6,7,88,92" /><INIT seed="1,1,0,4,0,131" ten="224,260,220,296" oya="1" hai0="126,84,62,69,83,70,36,1,39,0,60,25,24" hai1="87,23,19,18,123,81,34,32,85,47,43,103,50" hai2="135,45,76,104,52,120,2,116,44,68,102,37,48" hai3="31,17,64,124,111,107,21,101,77,112,93,97,4"/><U78/><E123/><V33/><F135/><W12/><G112/><T122/><D126/><U58/><E103/><V127/><F116/><W8/><G124/><T106/><D106/><U118/><E118/><V35/><F127/><W90/><G111/><T96/><D96/><U30/><E30/><V14/><F120/><W22/><G64/><T63/><D122/><U53/><E87/><V110/><F2/><N who="0" m="1130" /><D84/><U72/><E72/><V67/><F110/><W40/><G77/><T91/><D91/><U7/><E7/><V80/><F14/><W109/><G109/><T82/><D83/><U125/><E125/><V79/><F79/><W117/><G117/><T86/><D86/><U49/><REACH who="1" step="1"/><E19/><REACH who="1" ten="224,250,220,296" step="2"/><V26/><F102/><W55/><G4/><T29/><D29/><U28/><E28/><V56/><F104/><W119/><G31/><T133/><D82/><U108/><E108/><V42/><F80/><W61/><G119/><T115/><D115/><U54/><E54/><V89/><F89/><W71/><G55/><T129/><D129/><U65/><E65/><V132/><F76/><W74/><G74/><T38/><D133/><U75/><E75/><V88/><F132/><W100/><G100/><T121/><D121/><U59/><E59/><V92/><F56/><W16/><G101/><T41/><D41/><U134/><E134/><V94/><F67/><N who="3" m="41455" /><G40/><T9/><D70/><U10/><E10/><V66/><F88/><W98/><G107/><T51/><D69/><U95/><E95/><V13/><F94/><N who="3" m="56535" /><G17/><T11/><D9/><U3/><E3/><V73/><F68/><RYUUKYOKU ba="1,1" sc="224,-15,250,15,220,-15,296,15" hai1="18,23,32,34,43,47,49,50,53,58,78,81,85" hai3="8,12,16,21,22,93,98" /><INIT seed="1,2,1,3,5,115" ten="209,265,205,311" oya="1" hai0="5,93,18,104,88,84,91,131,123,119,80,83,25" hai1="133,66,68,17,57,76,89,67,1,63,116,62,129" hai2="16,59,6,4,36,58,132,34,41,97,35,134,56" hai3="21,33,118,42,15,14,108,77,87,23,130,51,65"/><U75/><E133/><N who="2" m="51307" /><F97/><W19/><G33/><N who="2" m="12297" /><F16/><W127/><G19/><T0/><D104/><U124/><E124/><V86/><F86/><W50/><G87/><N who="0" m="50687" /><D131/><U45/><E129/><V94/><F94/><W117/><G130/><T126/><D126/><U96/><E1/><V122/><F122/><W95/><G127/><T31/><D119/><U48/><E116/><V55/><F55/><W22/><G95/><T70/><D123/><U79/><E17/><V8/><F8/><W54/><G23/><N who="0" m="15807" /><D0/><U114/><E75/><V74/><F74/><W102/><G54/><T37/><D5/><N who="2" m="2154" /><F41/><W111/><G42/><T9/><D9/><U109/><E96/><V78/><F36/><W125/><G125/><T7/><D7/><U60/><E67/><V121/><F121/><W128/><G65/><T135/><D37/><U106/><E66/><V61/><F61/><W100/><G128/><T103/><D135/><U105/><E62/><V11/><F11/><W53/><G53/><T39/><D39/><U98/><E60/><V27/><F27/><W44/><REACH who="3" step="1"/><G77/><AGARI ba="2,1" hai="56,58,59,77,78" m="2154,12297,51307" machi="77" ten="40,5200,0" yaku="28,2,20,1" doraHai="115" who="2" fromWho="3" sc="209,0,265,0,205,68,311,-58" /><INIT seed="2,0,0,2,3,35" ten="209,265,273,253" oya="2" hai0="106,84,114,92,78,49,43,113,135,89,25,132,86" hai1="51,75,36,62,57,80,29,11,87,98,130,107,9" hai2="48,134,52,103,79,104,125,96,27,1,72,67,70" hai3="30,95,71,28,46,39,0,76,82,66,19,13,127"/><V44/><F125/><W65/><G127/><T126/><D126/><U14/><E36/><V77/><F134/><N who="0" m="51242" /><D25/><U8/><E75/><V3/><F27/><W37/><G71/><T119/><D43/><U124/><E124/><V85/><F72/><W88/><G0/><T69/><D69/><U74/><E74/><V133/><F133/><W40/><G39/><T7/><D49/><U15/><E29/><V117/><F117/><W47/><G46/><T115/><D7/><U33/><E33/><V26/><F26/><W21/><G30/><T116/><D106/><U91/><E130/><V41/><F79/><W23/><G28/><T121/><D121/><U90/><E51/><V81/><REACH who="2" step="1"/><F52/><REACH who="2" ten="209,265,263,253" step="2"/><W97/><G21/><T93/><D78/><U131/><E131/><V122/><F122/><W68/><G68/><T18/><D18/><U24/><E24/><V10/><F10/><W17/><G19/><T120/><D120/><U102/><REACH who="1" step="1"/><E90/><AGARI ba="0,1" hai="84,86,89,90,92,93,113,114,115,116,119" m="51242" machi="90" ten="40,5200,0" yaku="20,1,34,2" doraHai="35" who="0" fromWho="1" sc="209,62,265,-52,263,0,253,0" /><INIT seed="3,0,0,1,1,16" ten="271,213,263,253" oya="3" hai0="37,24,31,27,6,103,41,84,1,77,101,98,115" hai1="104,47,120,116,72,135,95,23,114,129,81,63,86" hai2="50,61,66,107,112,29,54,127,108,71,48,42,68" hai3="102,52,9,55,113,57,40,4,88,32,80,13,2"/><W123/><G113/><T79/><D115/><U30/><E114/><V76/><F107/><W73/><G123/><T35/><D1/><U21/><E104/><V67/><F76/><W8/><G32/><T39/><D6/><U3/><E120/><V28/><F112/><W46/><G102/><T0/><D0/><U58/><E3/><V70/><F28/><W92/><G80/><T65/><D65/><N who="2" m="24586" /><F29/><W5/><G57/><T122/><D122/><U75/><E30/><V125/><F108/><W45/><G73/><T36/><D27/><U106/><E106/><V128/><F128/><W38/><REACH who="3" step="1"/><G45/><REACH who="3" ten="271,213,263,243" step="2"/><T99/><D103/><U85/><E75/><V60/><F127/><W90/><G90/><T117/><D101/><U51/><E72/><V133/><F125/><W91/><G91/><T105/><D35/><U43/><E129/><V110/><F110/><W82/><G82/><T22/><D105/><U121/><E121/><V89/><F89/><W100/><G100/><T64/><D79/><N who="1" m="46271" /><E116/><V119/><F119/><W53/><G53/><T93/><D117/><U25/><E135/><V83/><F83/><W87/><AGARI ba="0,1" hai="2,4,5,8,9,13,38,40,46,52,55,87,88,92" machi="87" ten="20,12000,1" yaku="1,1,0,1,7,1,54,2,53,0" doraHai="16" doraHaiUra="26" who="3" fromWho="3" sc="271,-40,213,-40,263,-40,243,130" owari="231,3.0,173,-33.0,223,-18.0,373,48.0" /></mjloggm>