<mjloggm ver="2.3"><GO type="169" lobby="0"/><UN n0="%6D%61%73%61%73%69%6F" n1="%62%6F%79%61%74%65%74%75" n2="%E3%81%8A%E7%9F%A5%E3%82%89%E3%81%9B" n3="%28%3B%E3%83%BB%E2%88%80%E3%83%BB%29" dan="17,16,19,16" rate="2135.25,2119.23,2312.50,2189.20" sx="F,M,M,M"/><TAIKYOKU oya="0"/><INIT seed="0,0,0,0,1,25" ten="250,250,250,250" oya="0" hai0="58,100,50,63,38,53,115,49,81,2,119,109,89" hai1="69,101,134,56,129,11,71,21,44,34,5,74,28" hai2="99,90,1,18,41,127,64,126,30,118,78,73,16" hai3="93,70,83,135,80,75,130,131,87,91,114,110,65"/><T23/><D2/><U97/><E34/><V103/><F1/><W113/><G70/><T19/><D115/><N who="3" m="44041" /><G65/><T85/><D119/><U120/><E74/><V31/><F118/><W48/><G48/><T108/><D38/><U125/><E44/><V9/><F90/><W72/><G110/><T36/><D36/><U32/><E32/><V17/><F9/><W128/><G135/><T43/><D100/><U88/><E101/><V60/><F41/><W42/><G42/><T117/><D117/><U39/><E39/><V132/><F132/><W29/><G29/><T40/><D40/><U66/><E134/><V7/><F7/><W124/><G124/><N who="2" m="47657" /><F78/><N who="3" m="46583" /><G80/><T51/><REACH who="0" step="1"/><D43/><REACH who="0" ten="240,250,250,250" step="2"/><U45/><E125/><V37/><F37/><W68/><G68/><T52/><D52/><U79/><E71/><N who="2" m="42375" /><F73/><W94/><G94/><AGARI ba="0,1" hai="16,17,18,30,31,94,99,103" m="42375,47657" machi="94" ten="30,7700,0" yaku="18,1,52,2,54,1" doraHai="25" who="2" fromWho="3" sc="240,0,250,0,250,87,250,-77" /><INIT seed="1,0,0,1,1,64" ten="240,250,337,173" oya="1" hai0="125,34,118,109,40,56,77,112,116,18,91,28,113" hai1="124,15,13,1,107,94,20,73,88,126,121,128,59" hai2="23,90,84,0,29,7,117,71,65,68,38,8,122" hai3="51,75,10,3,24,97,50,57,45,96,102,43,66"/><U67/><E121/><V93/><F122/><W2/><G75/><T127/><D77/><U78/><E1/><V100/><F117/><W129/><G129/><T135/><D40/><U36/><E36/><V131/><F131/><W26/><G96/><T133/><D91/><U89/><E107/><V95/><F38/><W58/><G58/><T31/><D56/><U92/><E128/><V52/><F65/><W42/><G66/><T110/><D18/><N who="1" m="10319" /><E15/><V120/><F120/><W39/><G39/><T48/><D48/><U63/><E78/><V111/><F111/><W5/><G3/><T123/><D123/><U37/><E73/><V4/><F4/><W17/><G17/><T22/><D22/><U105/><E105/><V27/><REACH who="2" step="1"/><F52/><REACH who="2" ten="240,250,327,173" step="2"/><W14/><G2/><T9/><REACH who="0" step="1"/><D9/><REACH who="0" ten="230,250,327,173" step="2"/><U98/><E37/><V87/><F87/><W12/><G12/><T33/><AGARI ba="0,2" hai="28,31,33,34,109,110,112,113,116,118,125,127,133,135" machi="33" ten="25,16000,3" yaku="1,1,2,1,0,1,22,2,34,3,53,0" doraHai="64" doraHaiUra="76" who="0" fromWho="0" sc="230,180,250,-80,327,-40,173,-40" /><INIT seed="2,0,0,2,4,38" ten="410,170,287,133" oya="2" hai0="22,29,80,44,128,57,10,31,17,54,53,26,45" hai1="92,34,126,62,127,24,52,82,37,6,101,32,5" hai2="109,0,61,103,49,67,1,69,55,108,72,71,100" hai3="47,90,33,115,8,118,98,35,63,84,93,73,21"/><V123/><F72/><W20/><G118/><T43/><D128/><U7/><E82/><V133/><F123/><W9/><G73/><T66/><D80/><U112/><E112/><V59/><F133/><W56/><G115/><T113/><D113/><U87/><E37/><V4/><F71/><W121/><G121/><T119/><D119/><U81/><E101/><N who="2" m="38987" /><F4/><W13/><G35/><T134/><D134/><U41/><E92/><V104/><F104/><W3/><G33/><T25/><D66/><U18/><E41/><V60/><F61/><W135/><G3/><T50/><D10/><U64/><E64/><V89/><F89/><N who="3" m="55599" /><G47/><T78/><D78/><U83/><E34/><V19/><F19/><N who="3" m="8623" /><G8/><T131/><D131/><U102/><E32/><V125/><F125/><W11/><G11/><T114/><D114/><U130/><E130/><V15/><F15/><W116/><G116/><T68/><D68/><U86/><E127/><V48/><F49/><W129/><G129/><T30/><D26/><U46/><E126/><V2/><F2/><W39/><G39/><T58/><D29/><U16/><E5/><V117/><F117/><W105/><G105/><T110/><D31/><U132/><E132/><V122/><F122/><W95/><G135/><T88/><D30/><U70/><E70/><V77/><F77/><W36/><G36/><T28/><D28/><U42/><E7/><V85/><F85/><W75/><G75/><T12/><D12/><U111/><E87/><V65/><F65/><AGARI ba="0,0" hai="20,21,56,63,65,84,90,95" m="8623,55599" machi="65" ten="30,1000,0" yaku="8,1" doraHai="38" who="3" fromWho="2" sc="410,0,170,0,287,-10,133,10" /><INIT seed="3,0,0,5,4,15" ten="410,170,277,143" oya="3" hai0="123,90,46,53,35,129,112,28,13,109,97,110,44" hai1="60,68,96,132,89,29,130,43,37,72,76,85,18" hai2="50,121,94,36,19,134,135,70,61,105,16,79,80" hai3="14,33,101,69,45,73,1,118,75,81,120,57,87"/><W49/><G1/><T21/><D123/><U119/><E130/><V131/><F105/><W115/><G69/><T52/><D129/><U74/><E132/><N who="2" m="50731" /><F36/><W83/><G120/><T31/><D35/><U2/><E2/><V40/><F131/><W113/><G118/><T86/><D97/><U47/><E96/><V107/><F107/><W25/><G101/><T95/><D112/><U32/><E119/><V10/><F94/><W34/><G57/><T4/><D4/><U91/><E74/><N who="2" m="43127" /><F10/><W3/><G3/><T8/><D8/><U116/><E72/><V82/><F82/><W38/><G38/><T62/><D28/><U17/><E116/><V51/><F121/><W103/><G103/><T58/><D31/><U39/><E39/><V114/><F114/><W122/><G122/><T78/><D78/><U98/><E76/><V125/><F125/><W84/><G25/><T108/><D53/><U104/><E89/><V5/><F5/><W22/><G14/><T11/><D11/><U9/><E9/><V12/><F12/><W7/><G7/><T41/><D41/><U0/><E0/><V24/><F24/><W128/><G128/><T99/><D99/><U71/><E91/><V23/><F23/><W54/><G54/><T42/><D42/><U100/><E37/><V102/><F102/><W59/><G22/><T92/><D92/><U30/><E100/><V63/><F40/><W66/><G66/><T20/><D20/><U65/><E65/><N who="2" m="41263" /><F63/><W93/><G93/><T133/><D133/><U64/><E104/><V126/><F126/><W124/><G124/><RYUUKYOKU ba="0,0" sc="410,15,170,-15,277,15,143,-15" hai0="13,21,44,46,52,58,62,86,90,95,108,109,110" hai2="16,19,50,51" /><INIT seed="4,1,0,2,3,105" ten="425,155,292,128" oya="0" hai0="132,107,127,55,114,33,20,57,68,17,34,9,22" hai1="48,98,41,91,69,76,11,53,92,35,74,83,4" hai2="88,134,19,60,72,135,30,99,5,119,46,82,16" hai3="104,1,85,62,131,89,87,15,106,101,40,26,128"/><T90/><D107/><U120/><E120/><V27/><F119/><W117/><G1/><T47/><D68/><U12/><E69/><V110/><F110/><W129/><G117/><T8/><D114/><U124/><E35/><V25/><F5/><W81/><G40/><T51/><D132/><N who="2" m="50730" /><F60/><W39/><G39/><T32/><D127/><U71/><E71/><V54/><F54/><W103/><G26/><N who="2" m="9737" /><F46/><W112/><G15/><T14/><D22/><U115/><E124/><V44/><F44/><W37/><G62/><T79/><D79/><U13/><E115/><V133/><N who="2" m="50738" /><V78/><DORA hai="100" /><F30/><W43/><G43/><T66/><D66/><U10/><E41/><V58/><F58/><W65/><G65/><T63/><D63/><U2/><REACH who="1" step="1"/><E10/><REACH who="1" ten="425,145,292,128" step="2"/><V56/><F56/><AGARI ba="1,1" hai="2,4,11,12,13,48,53,56,74,76,83,91,92,98" machi="56" ten="30,8000,1" yaku="1,1,2,1,7,1,52,1,53,1" doraHai="105,100" doraHaiUra="102,6" who="1" fromWho="2" sc="425,0,145,93,292,-83,128,0" /><INIT seed="5,0,0,1,1,6" ten="425,238,209,128" oya="1" hai0="96,135,82,54,114,1,19,66,40,102,13,42,112" hai1="27,11,17,63,14,4,49,75,18,127,95,45,43" hai2="44,77,81,115,111,24,130,116,134,128,61,70,22" hai3="56,99,28,86,21,20,98,67,92,83,7,35,129"/><U94/><E127/><V119/><F111/><W47/><G35/><T58/><D1/><U110/><E110/><V15/><F44/><W89/><G129/><N who="2" m="49769" /><F61/><W53/><G7/><T60/><D82/><U104/><E104/><V117/><F70/><W68/><G68/><T10/><D135/><U125/><E125/><V90/><F90/><W16/><G67/><T32/><D32/><U62/><E75/><V97/><F97/><W57/><G21/><T91/><D91/><U107/><E107/><V118/><F118/><W41/><G28/><T3/><D3/><U84/><E84/><V132/><F115/><N who="0" m="44074" /><D54/><U103/><E103/><V8/><F81/><W120/><G120/><T29/><D29/><U39/><E39/><V105/><F105/><AGARI ba="0,0" hai="10,13,19,40,42,58,60,66,96,102,105" m="44074" machi="105" ten="30,2000,0" yaku="15,1,52,1" doraHai="6" who="0" fromWho="2" sc="425,20,238,0,209,-20,128,0" /><INIT seed="6,0,0,0,0,57" ten="445,238,189,128" oya="2" hai0="59,16,47,42,102,132,34,45,39,69,112,24,55" hai1="32,118,21,91,123,70,121,131,77,26,85,6,58" hai2="79,111,84,62,3,105,44,72,53,12,2,76,134" hai3="30,60,133,96,129,71,120,135,20,100,18,90,81"/><V89/><F105/><W113/><G120/><T127/><D112/><U97/><E118/><V43/><F134/><W1/><G1/><T46/><D132/><N who="3" m="50761" /><G113/><T9/><D69/><U40/><E70/><V0/><F72/><W99/><G129/><T67/><D67/><U14/><E32/><V130/><F130/><W28/><G81/><T35/><D102/><U126/><E131/><V52/><F12/><N who="3" m="9287" /><G90/><T10/><D127/><U88/><E126/><V101/><F101/><W37/><G37/><T17/><D42/><U124/><E40/><V4/><F4/><W15/><G15/><T87/><D87/><U48/><E85/><V117/><F117/><W41/><G41/><T22/><D34/><U104/><E124/><V82/><F111/><W63/><G71/><T103/><D103/><U122/><E122/><V8/><F8/><N who="0" m="3178" /><D35/><U38/><E38/><V49/><REACH who="2" step="1"/><F43/><REACH who="2" ten="445,238,179,128" step="2"/><W115/><G115/><T54/><D39/><U68/><E123/><V64/><F64/><W78/><G78/><T25/><D25/><U92/><E26/><V83/><F83/><W13/><G13/><T86/><D24/><U73/><E14/><V110/><F110/><W98/><G100/><T95/><D95/><U74/><E92/><V7/><F7/><W125/><G125/><T65/><D65/><U108/><E6/><V33/><F33/><W106/><G106/><T29/><D22/><U23/><E21/><V93/><F93/><W5/><G5/><T114/><D114/><U50/><E23/><V80/><F80/><W61/><AGARI ba="0,1" hai="28,30,60,61,63,96,98,99" m="9287,50761" machi="61" ten="40,8000,1" yaku="20,1,52,3" doraHai="57" who="3" fromWho="3" sc="445,-20,238,-20,179,-40,128,90" /><INIT seed="7,0,0,3,2,43" ten="425,218,139,218" oya="3" hai0="47,131,72,51,39,50,91,133,36,74,24,38,9" hai1="94,96,2,29,73,135,57,55,102,67,25,108,45" hai2="104,115,27,21,75,89,101,98,129,46,1,114,134" hai3="79,130,13,40,35,61,32,123,68,10,105,107,8"/><W23/><G123/><T110/><D110/><U66/><E108/><V85/><F1/><W15/><G130/><T90/><D133/><U99/><E135/><V76/><F134/><W84/><G23/><T70/><D70/><U53/><E2/><V71/><F71/><W112/><G112/><T60/><D60/><U106/><E73/><V128/><F46/><W132/><G132/><T109/><D109/><U124/><E45/><V113/><F21/><W65/><G40/><T111/><D111/><U18/><E18/><V0/><F0/><W31/><G79/><T28/><D9/><U118/><E124/><V117/><F27/><W48/><G84/><T69/><D69/><U64/><E118/><V42/><F42/><W6/><G48/><T120/><D131/><N who="2" m="50250" /><F117/><W59/><G68/><T20/><D51/><U87/><E57/><V30/><F30/><W44/><G44/><T127/><D127/><U11/><E11/><V77/><F75/><W97/><G97/><T78/><D120/><U119/><E119/><V83/><AGARI ba="0,0" hai="76,77,83,85,89,98,101,104,113,114,115" m="50250" machi="83" ten="40,8000,1" yaku="15,1,19,1,34,2" doraHai="43" who="2" fromWho="2" sc="425,-20,218,-20,139,80,218,-40" owari="405,50.0,198,-20.0,219,2.0,178,-32.0" /></mjloggm>