<mjloggm ver="2.3"><GO type="169" lobby="0"/><UN n0="%E3%82%A8%E3%83%AB%E3%82%B2%E3%83%AB%E3%83%BC%E3%82%B8" n1="%E3%82%B5%E3%83%96%E3%82%A2%E3%83%A9%E3%83%89" n2="%4B%69%7A%75%6E%65%72" n3="%EF%BC%91%EF%BC%90%E9%80%A3%E3%82%AC%E3%83%81%E3%83%A3" dan="16,16,17,16" rate="2158.64,2039.24,2174.41,2057.78" sx="M,M,F,M"/><TAIKYOKU oya="0"/><INIT seed="0,0,0,1,5,57" ten="250,250,250,250" oya="0" hai0="100,1,110,114,135,128,59,38,123,61,125,19,47" hai1="15,76,37,74,121,130,50,104,16,5,55,95,89" hai2="86,66,12,101,92,72,8,132,18,122,88,52,81" hai3="69,102,98,39,4,45,36,26,107,85,48,32,65"/><T31/><D114/><U14/><E121/><V0/><F122/><W49/><G85/><T22/><D123/><U43/><E104/><V103/><F132/><W131/><G4/><T93/><D1/><U35/><E35/><V29/><F0/><W79/><G79/><T71/><D71/><U96/><E130/><V77/><F66/><W70/><G48/><T117/><D117/><U94/><E37/><V124/><F124/><W23/><G70/><T64/><D135/><U60/><E43/><V91/><F29/><W116/><G131/><T58/><D128/><U68/><E74/><V20/><F91/><W56/><G56/><N who="0" m="36903" /><D125/><U51/><E76/><V10/><REACH who="2" step="1"/><F52/><REACH who="2" ten="250,250,240,250" step="2"/><W33/><G65/><T17/><D58/><N who="1" m="34911" /><E68/><V109/><F109/><W73/><G69/><T25/><D59/><U27/><E5/><V106/><F106/><W7/><G107/><T119/><D110/><U63/><E63/><V97/><F97/><W99/><G99/><N who="0" m="59503" /><D119/><U6/><E6/><V134/><F134/><W62/><G7/><T90/><D90/><U54/><E54/><V11/><AGARI ba="0,1" hai="8,10,11,12,18,20,72,77,81,86,88,92,101,103" machi="11" ten="30,7900,0" yaku="1,1,0,1,54,1,53,1" doraHai="57" doraHaiUra="105" who="2" fromWho="2" sc="250,-39,250,-20,240,89,250,-20" /><INIT seed="1,0,0,0,1,32" ten="211,230,329,230" oya="1" hai0="18,50,13,103,68,118,89,60,65,67,27,71,12" hai1="47,106,61,20,102,117,113,98,38,25,44,24,55" hai2="134,82,41,43,11,111,49,110,66,88,22,95,121" hai3="48,107,81,59,9,33,31,77,29,23,69,123,114"/><U54/><E117/><V129/><F121/><W120/><G107/><T35/><D118/><U79/><E113/><V4/><F129/><W105/><G105/><T39/><D39/><U51/><E79/><V21/><F134/><W17/><G69/><T40/><D103/><U128/><E128/><V93/><F66/><W28/><G114/><T74/><D74/><U2/><E2/><N who="2" m="407" /><F82/><W90/><G33/><T45/><D89/><U3/><E3/><V92/><F88/><W127/><G127/><T125/><D125/><U87/><E87/><V37/><F49/><W62/><G48/><T135/><D135/><U126/><E126/><V85/><F85/><W97/><G9/><T52/><D40/><N who="2" m="15434" /><F37/><W131/><G131/><T100/><D100/><U83/><E83/><V6/><F6/><W124/><G124/><T78/><D78/><U73/><E73/><V122/><F122/><W1/><G1/><T42/><D42/><U80/><E80/><V116/><F116/><W34/><G81/><T133/><D133/><U109/><E38/><V72/><F72/><W58/><G77/><T14/><D67/><U96/><E61/><V70/><F70/><W8/><G62/><T16/><REACH who="0" step="1"/><D68/><REACH who="0" ten="201,230,329,230" step="2"/><U26/><E102/><V0/><F111/><W86/><G90/><T119/><D119/><U94/><E106/><V5/><F110/><W30/><G120/><T19/><D19/><U104/><E104/><V108/><F108/><W76/><G123/><T46/><D46/><U53/><E109/><V15/><F0/><W36/><G36/><T112/><D112/><U84/><E47/><RYUUKYOKU ba="0,1" sc="201,15,230,-15,329,15,230,-15" hai0="12,13,14,16,18,27,35,45,50,52,60,65,71" hai2="5,15,21,22,92,93,95" /><INIT seed="2,1,1,5,1,61" ten="216,215,344,215" oya="2" hai0="124,19,68,133,0,131,62,9,105,109,100,122,27" hai1="28,58,29,65,90,12,126,79,104,63,120,26,135" hai2="47,101,74,44,22,13,67,37,41,1,106,87,42" hai3="107,45,46,7,95,89,128,134,111,36,52,75,115"/><V132/><F74/><W112/><G75/><T8/><D19/><U130/><E104/><V56/><F1/><W92/><G107/><T71/><D9/><U97/><E126/><V25/><F132/><W50/><G134/><T77/><D77/><U21/><E135/><V24/><F87/><W60/><G111/><T96/><D133/><U88/><E130/><V69/><F69/><W40/><G128/><T18/><D18/><U81/><E120/><V57/><F13/><W20/><G7/><N who="0" m="1127" /><D131/><U119/><E119/><V99/><F67/><W78/><G78/><T66/><D122/><U118/><E118/><V55/><F22/><W17/><G60/><N who="0" m="40007" /><D27/><U6/><E29/><V14/><F14/><W103/><G103/><T116/><D116/><U93/><E12/><V129/><F129/><W98/><REACH who="3" step="1"/><G92/><REACH who="3" ten="216,215,344,205" step="2"/><T49/><D109/><U123/><E123/><V2/><F106/><W73/><G73/><T64/><D49/><U86/><E6/><V54/><F101/><AGARI ba="1,2" hai="21,26,28,58,63,65,79,81,86,88,90,93,97,101" machi="101" ten="30,12000,2" yaku="7,1,25,2,8,1,52,1,54,1" doraHai="61" who="1" fromWho="2" sc="216,0,215,143,344,-123,205,0" /><INIT seed="3,0,0,4,1,21" ten="216,358,221,205" oya="3" hai0="54,55,118,27,51,109,63,34,104,114,97,9,11" hai1="115,36,15,60,8,120,22,30,103,87,18,3,125" hai2="1,25,82,45,105,94,46,28,96,95,90,6,130" hai3="44,58,26,121,128,38,64,59,73,102,79,29,0"/><W47/><G121/><T12/><D118/><U71/><E120/><V75/><F130/><W98/><G0/><T33/><D109/><U2/><E36/><V93/><F6/><W76/><G73/><T61/><D114/><U124/><E115/><V57/><F1/><W131/><G38/><T116/><D116/><U48/><E103/><V126/><F126/><N who="1" m="48745" /><E48/><V133/><F133/><W68/><G68/><T108/><D108/><U50/><E50/><V112/><F112/><W23/><G128/><T78/><D78/><U5/><E87/><V132/><F132/><W41/><G131/><T40/><D40/><U85/><E85/><V106/><F57/><W56/><G64/><T80/><D80/><U62/><E62/><V113/><F113/><W13/><G13/><T17/><D97/><U100/><E100/><V86/><F75/><W14/><G14/><T4/><D55/><U123/><E123/><V119/><F119/><W31/><G31/><T67/><D104/><U111/><E111/><V83/><F83/><W122/><G122/><T43/><D43/><U32/><E60/><V24/><F96/><W110/><G110/><T20/><D61/><U91/><E91/><V37/><F28/><W66/><G66/><T88/><D88/><U42/><E42/><N who="2" m="22735" /><F46/><N who="3" m="17451" /><G41/><T7/><D51/><U101/><E71/><V52/><F52/><W16/><G29/><T84/><D54/><U107/><E2/><V92/><N who="2" m="23552" /><DORA hai="77" /><V65/><F65/><W39/><G39/><T89/><D67/><U99/><E30/><V135/><F135/><W53/><G53/><T49/><D49/><RYUUKYOKU ba="0,0" sc="216,-30,358,10,221,10,205,10" hai1="3,5,8,15,18,22,32,99,101,107" hai2="24,25,82,86,90,105,106" hai3="16,23,26,56,58,59,76,79,98,102" /><INIT seed="3,1,0,3,1,105" ten="186,368,231,215" oya="3" hai0="121,33,69,25,15,59,41,35,133,73,24,60,22" hai1="89,42,53,9,62,135,28,70,126,110,76,64,87" hai2="21,49,123,113,117,90,44,132,54,98,88,86,130" hai3="37,40,32,12,97,52,108,128,16,102,101,30,78"/><W109/><G128/><T85/><D121/><U58/><E110/><N who="3" m="42602" /><G97/><T131/><D69/><U114/><E114/><V100/><F117/><W34/><G78/><T19/><D131/><U55/><E126/><V14/><F130/><W18/><G30/><T95/><D41/><U43/><E135/><V71/><F113/><W127/><G127/><T17/><D133/><U122/><E122/><V125/><F125/><W56/><G40/><N who="1" m="15402" /><E70/><V23/><F71/><W11/><G18/><T68/><D68/><U6/><E76/><V111/><F111/><W124/><G37/><T119/><D119/><U99/><E99/><V48/><F132/><W27/><G27/><T31/><D73/><U20/><E9/><V29/><F123/><W91/><G91/><T74/><D74/><U106/><E106/><V5/><F90/><W93/><G93/><T72/><D72/><U4/><E4/><V2/><F29/><W120/><G120/><T3/><D3/><U96/><E6/><V104/><F2/><W116/><G116/><T7/><D7/><U66/><E96/><V50/><F5/><W115/><G115/><T92/><D35/><N who="3" m="13353" /><G124/><T129/><D129/><U61/><E28/><V84/><F88/><W39/><G39/><T1/><D85/><N who="2" m="32874" /><F21/><W118/><G118/><T8/><D1/><U26/><E20/><V77/><F77/><W107/><G107/><T79/><D79/><U45/><E26/><V83/><F83/><W81/><G81/><T134/><D134/><U13/><E89/><V94/><F104/><W67/><G67/><AGARI ba="1,0" hai="8,15,17,19,22,24,25,31,33,59,60,67,92,95" machi="67" ten="30,1000,0" yaku="7,1" doraHai="105" who="0" fromWho="3" sc="186,13,368,0,231,0,215,-13" /><INIT seed="4,0,0,2,2,132" ten="199,368,231,202" oya="0" hai0="121,63,109,73,128,135,55,87,21,95,53,51,8" hai1="33,47,115,14,94,37,117,103,2,82,129,31,93" hai2="46,43,9,74,113,114,90,41,116,29,107,56,120" hai3="86,58,92,49,39,111,40,19,32,35,65,105,16"/><T54/><D121/><U77/><E117/><V67/><F120/><W98/><G111/><T1/><D73/><U30/><E129/><V24/><F116/><W102/><G35/><T23/><D135/><U101/><E2/><V80/><F107/><W85/><G32/><T119/><D119/><U20/><E115/><N who="2" m="44043" /><F9/><W108/><G108/><T22/><D128/><U11/><E33/><V5/><F5/><W125/><G125/><T13/><D1/><U50/><E37/><V133/><F133/><W59/><G39/><T123/><D123/><U69/><E69/><V3/><F3/><W76/><G105/><T122/><D122/><U42/><E20/><N who="2" m="15495" /><F46/><N who="3" m="25799" /><G76/><T72/><D72/><U96/><E103/><V17/><F17/><N who="3" m="6731" /><G58/><T27/><D109/><U61/><E93/><V28/><F28/><W79/><G79/><T83/><D95/><U57/><E77/><N who="2" m="44087" /><F90/><W66/><G66/><T131/><D131/><U104/><E104/><V112/><N who="2" m="44051" /><V26/><DORA hai="127" /><F26/><W38/><G38/><T68/><D27/><U134/><E134/><V81/><F81/><W4/><G4/><N who="0" m="3207" /><D68/><U97/><E82/><V25/><F25/><W7/><G7/><T91/><D63/><AGARI ba="0,0" hai="41,43,56,63,67" m="44087,15495,44051" machi="63" ten="40,1300,0" yaku="15,1" doraHai="132,127" who="2" fromWho="0" sc="199,-13,368,0,231,13,202,0" /><AGARI ba="0,0" hai="59,63,65,85,86,92,98,102" m="6731,25799" machi="63" ten="30,2000,0" yaku="8,1,54,1" doraHai="132,127" who="3" fromWho="0" sc="186,-20,368,0,244,0,202,20" /><INIT seed="5,0,0,4,2,118" ten="166,368,244,222" oya="1" hai0="75,13,64,11,94,72,39,50,111,109,119,128,133" hai1="19,69,92,14,71,131,114,113,78,124,91,36,90" hai2="61,27,49,89,37,65,30,29,134,82,4,106,44" hai3="21,62,23,110,24,2,70,31,68,132,54,42,125"/><U63/><E36/><V59/><F134/><W95/><G132/><T35/><D119/><U103/><E78/><V85/><F106/><W10/><G110/><T96/><D39/><U101/><E131/><V79/><F37/><W20/><G42/><T67/><D133/><U40/><E40/><V129/><F129/><W16/><G125/><T120/><D128/><U46/><E46/><V73/><F4/><W84/><G2/><T57/><D35/><U7/><E7/><V135/><F135/><W53/><G10/><T121/><D50/><U1/><E1/><V58/><F58/><W28/><G28/><T9/><D57/><U43/><E43/><N who="2" m="24735" /><F73/><W48/><G23/><T80/><D80/><U60/><E124/><V98/><F27/><W52/><G62/><N who="1" m="23594" /><E71/><V81/><F81/><W116/><G116/><T56/><D56/><U99/><E69/><V33/><F33/><W104/><G104/><T102/><D75/><U122/><E122/><N who="0" m="47209" /><D72/><U105/><E105/><V17/><F17/><W117/><G117/><T97/><D97/><U130/><E130/><V47/><F47/><N who="3" m="27679" /><G70/><T112/><D112/><N who="1" m="43115" /><E103/><V18/><F79/><W8/><G68/><T6/><D9/><AGARI ba="0,0" hai="9,14,19,90,91,92,99,101" m="43115,23594" machi="9" ten="30,1500,0" yaku="15,1" doraHai="118" who="1" fromWho="0" sc="166,-15,368,15,244,0,222,0" /><INIT seed="5,1,0,4,1,36" ten="151,383,244,222" oya="1" hai0="98,114,52,9,60,3,112,74,8,108,99,66,118" hai1="131,79,13,82,42,47,109,24,1,113,116,11,39" hai2="5,12,83,15,40,10,32,120,77,110,128,87,58" hai3="103,57,81,106,95,117,35,0,126,16,119,50,22"/><U123/><E123/><V94/><F120/><W105/><G0/><T127/><D108/><U130/><E116/><V92/><F110/><W45/><G35/><T69/><D118/><N who="3" m="45065" /><G81/><T44/><D127/><U89/><E109/><V70/><F128/><N who="1" m="49193" /><E113/><N who="0" m="43625" /><D74/><N who="1" m="43383" /><E24/><V78/><F70/><W65/><G65/><T67/><D67/><U88/><E1/><V101/><F32/><W54/><G57/><T115/><N who="0" m="43633" /><T41/><DORA hai="86" /><D3/><U96/><E96/><N who="0" m="36905" /><D52/><U104/><E104/><V134/><F101/><W73/><G105/><T33/><D33/><U102/><E102/><V61/><F78/><W84/><G106/><T91/><D91/><U17/><AGARI ba="1,0" hai="11,13,17,39,42,47,88,89" m="43383,49193" machi="17" ten="30,12000,1" yaku="19,1,52,3,54,1" doraHai="36,86" who="1" fromWho="1" sc="151,-41,383,123,244,-41,222,-41" /><INIT seed="5,2,0,0,4,128" ten="110,506,203,181" oya="1" hai0="49,43,72,60,47,17,73,40,127,28,95,119,55" hai1="7,3,86,8,38,89,11,16,15,108,117,107,90" hai2="26,75,109,23,59,68,116,4,13,52,79,135,29" hai3="21,71,96,66,100,77,121,112,76,85,51,123,61"/><U69/><E117/><V81/><F116/><W94/><G112/><T32/><D119/><U82/><E108/><V110/><F68/><W125/><G125/><T34/><D127/><U64/><E107/><V92/><F135/><W41/><G121/><T39/><D43/><U130/><E130/><V58/><F58/><W93/><G123/><T33/><D28/><U126/><E126/><V10/><REACH who="2" step="1"/><F92/><REACH who="2" ten="110,506,193,181" step="2"/><W104/><G94/><T118/><D118/><U31/><E69/><V36/><F36/><W5/><G71/><T0/><D0/><U124/><E38/><V102/><F102/><W20/><G100/><T83/><D95/><U12/><E124/><V122/><F122/><W91/><G93/><T18/><D60/><AGARI ba="2,1" hai="4,10,13,23,26,29,52,59,60,75,79,81,109,110" machi="60" ten="30,3900,0" yaku="1,1,7,1,54,1,53,0" doraHai="128" doraHaiUra="98" who="2" fromWho="0" sc="110,-45,506,0,193,55,181,0" /><INIT seed="6,0,0,5,0,113" ten="65,506,248,181" oya="2" hai0="99,8,56,18,54,47,120,126,2,15,40,31,6" hai1="4,22,53,5,74,134,30,32,108,66,116,72,7" hai2="67,14,28,62,129,100,35,104,37,89,124,95,111" hai3="102,41,135,92,97,114,94,43,11,46,70,132,128"/><V110/><F37/><W86/><G70/><T112/><D112/><U85/><E108/><V50/><F124/><W96/><G114/><T27/><D126/><U60/><E134/><V36/><F129/><W109/><G109/><T59/><D120/><U34/><E53/><V25/><F36/><W20/><G128/><T80/><D99/><U3/><E3/><V65/><F65/><W118/><G118/><T16/><D80/><U103/><E116/><V45/><F14/><W57/><G11/><T61/><D59/><U122/><E103/><V23/><F35/><W88/><G57/><T71/><D71/><U127/><E127/><V106/><F106/><W130/><G130/><T133/><D133/><N who="3" m="51273" /><G20/><T69/><D69/><U12/><E122/><V29/><F29/><W93/><G46/><T90/><D90/><AGARI ba="0,0" hai="41,43,86,88,90,92,93,94,96,97,102" m="51273" machi="90" ten="30,2000,0" yaku="20,1,54,1" doraHai="113" who="3" fromWho="0" sc="65,-20,506,0,248,0,181,20" /><INIT seed="7,0,0,0,4,113" ten="45,506,248,201" oya="3" hai0="8,128,68,41,30,37,21,94,14,46,74,23,70" hai1="100,87,91,42,79,35,106,65,110,39,51,64,92" hai2="99,71,22,131,53,102,112,67,109,123,27,6,133" hai3="66,111,59,7,73,20,80,55,107,82,18,5,98"/><W13/><G111/><T76/><D128/><U132/><E110/><V117/><F53/><W125/><G125/><T114/><D114/><U72/><E35/><V11/><F67/><W69/><G69/><T78/><D78/><U10/><E39/><V121/><F71/><W95/><G107/><T122/><D122/><N who="2" m="46602" /><F112/><W16/><G66/><T60/><D94/><U0/><E132/><V36/><F36/><W50/><G73/><T127/><D127/><U135/><E135/><V56/><F117/><W31/><G31/><T52/><D74/><U47/><E0/><N who="2" m="455" /><F133/><W29/><G29/><T96/><D76/><U83/><E10/><V17/><F109/><W88/><G18/><T90/><D70/><U108/><E108/><V86/><F86/><N who="3" m="50247" /><G82/><T103/><D103/><AGARI ba="0,0" hai="5,7,13,16,20,50,55,59,95,98,103" m="50247" machi="103" ten="30,5800,0" yaku="8,1,54,2" doraHai="113" who="3" fromWho="0" sc="45,-58,506,0,248,0,201,58" owari="-13,-51.0,506,60.0,248,-15.0,259,6.0" /></mjloggm>