<mjloggm ver="2.3"><GO type="225" lobby="0"/><UN n0="%E3%81%AB%E3%81%9B%E6%82%9F%E7%A9%BA" n1="%E6%9D%A5%E9%80%B1%E3%81%AE%E7%B3%B8%E4%BA%95" n2="%E8%A8%88%E7%AE%97%E6%A9%9F%E8%87%AA%E7%84%B6" n3="%E9%BA%BB%E9%9B%80%E5%A4%AA%E9%83%8E" dan="17,16,17,17" rate="2174.30,2136.78,2269.04,2208.17" sx="M,M,M,M"/><TAIKYOKU oya="0"/><INIT seed="0,0,0,0,5,47" ten="250,250,250,250" oya="0" hai0="130,100,25,89,49,110,90,12,99,106,120,29,22" hai1="82,13,118,67,60,87,35,103,6,41,5,119,115" hai2="2,65,40,23,72,56,24,113,94,132,34,128,86" hai3="57,116,83,63,84,20,7,1,135,70,38,58,77"/><T76/><D120/><U92/><E35/><V66/><F113/><W107/><G116/><T32/><D130/><U0/><E0/><V108/><F72/><W127/><G107/><T112/><D112/><U102/><E115/><V31/><F2/><W51/><G38/><T74/><D74/><U117/><E41/><V85/><F128/><W129/><G129/><T73/><D73/><U48/><E48/><V37/><F108/><W134/><G127/><T54/><D76/><U11/><E5/><V45/><F132/><N who="3" m="50731" /><G20/><T10/><D22/><U125/><E92/><V114/><F114/><W75/><G75/><T26/><D25/><U93/><E93/><V27/><F56/><W16/><G7/><T62/><D62/><U50/><E50/><V36/><F36/><W21/><G1/><T28/><D28/><U19/><E6/><V71/><F71/><W97/><G97/><T95/><D106/><U78/><REACH who="1" step="1"/><E125/><REACH who="1" ten="250,240,250,250" step="2"/><V101/><F94/><W123/><G51/><T88/><D110/><U39/><E39/><V69/><F40/><W98/><G123/><T44/><REACH who="0" step="1"/><D100/><REACH who="0" ten="240,240,250,250" step="2"/><U61/><E61/><V4/><F101/><W109/><G109/><T64/><D64/><U53/><E53/><V43/><F66/><W121/><G63/><T33/><D33/><U81/><E81/><V14/><F65/><W3/><G83/><T80/><D80/><U111/><E111/><V91/><F34/><W55/><G121/><T59/><D59/><AGARI ba="0,2" hai="11,13,19,59,60,67,78,82,87,102,103,117,118,119" machi="59" ten="40,2600,0" yaku="1,1,53,1" doraHai="47" doraHaiUra="79" who="1" fromWho="0" sc="240,-26,240,46,250,0,250,0" /><INIT seed="1,0,0,5,0,12" ten="214,286,250,250" oya="1" hai0="101,135,93,68,54,40,100,9,61,89,41,91,56" hai1="120,64,122,3,117,29,13,46,25,114,37,69,38" hai2="31,79,33,19,42,98,36,126,45,65,4,7,30" hai3="35,130,107,80,5,50,39,108,0,87,128,15,123"/><U60/><E3/><V67/><F126/><W6/><G39/><T2/><D68/><U76/><E114/><V32/><F79/><W134/><G123/><T63/><D135/><U77/><E117/><V113/><F113/><W8/><G107/><T17/><D63/><U116/><E116/><V96/><F45/><W53/><G134/><T70/><D70/><U118/><E118/><V119/><F119/><W20/><G35/><T34/><D34/><U24/><E13/><V62/><F62/><W102/><G102/><T78/><D78/><U105/><E105/><V129/><F42/><W48/><G108/><T90/><D2/><U10/><E10/><V47/><F47/><W110/><G110/><T18/><D9/><U82/><E77/><V127/><F36/><N who="1" m="13929" /><E25/><V81/><F81/><W74/><G74/><T95/><D100/><U58/><E58/><V111/><F111/><W28/><G50/><T86/><D101/><U71/><E46/><V73/><F73/><W115/><G115/><T85/><D90/><U72/><E71/><V11/><F11/><W106/><G106/><T66/><D66/><U1/><E1/><V23/><F23/><W94/><G6/><T16/><AGARI ba="0,0" hai="16,17,18,40,41,54,56,61,85,86,89,91,93,95" machi="16" ten="30,12000,2" yaku="0,1,9,1,8,1,52,3,54,1" doraHai="12" who="0" fromWho="0" sc="214,120,286,-60,250,-30,250,-30" /><INIT seed="2,0,0,5,0,16" ten="334,226,220,220" oya="2" hai0="113,108,106,85,97,31,111,11,3,74,86,69,100" hai1="76,90,50,37,122,19,2,125,131,71,107,99,39" hai2="51,110,56,30,43,96,6,32,80,24,63,27,114" hai3="57,65,78,128,134,126,26,84,44,118,133,83,62"/><V61/><F114/><W72/><G118/><T81/><D69/><U58/><E71/><V47/><F6/><W120/><G120/><T94/><D113/><U92/><E2/><V15/><F110/><N who="0" m="42026" /><D31/><U18/><E76/><V29/><F15/><W91/><G128/><T23/><D23/><U59/><E107/><V102/><F80/><W17/><G44/><T8/><D106/><U60/><E125/><V53/><F96/><W9/><G126/><T127/><D127/><U70/><E70/><V98/><F98/><W93/><REACH who="3" step="1"/><G9/><REACH who="3" ten="334,226,220,210" step="2"/><T87/><D11/><U117/><E131/><V105/><F105/><W104/><G104/><T52/><D8/><U34/><E117/><V49/><REACH who="2" step="1"/><F102/><REACH who="2" ten="334,226,210,210" step="2"/><W12/><G12/><T82/><D100/><U20/><E122/><V101/><F101/><W68/><G68/><T116/><D116/><U75/><E99/><V123/><F123/><W35/><G35/><AGARI ba="0,2" hai="24,27,29,30,32,35,43,47,49,51,53,56,61,63" machi="35" ten="30,5800,0" yaku="1,1,7,1,9,1,53,0" doraHai="16" doraHaiUra="67" who="2" fromWho="3" sc="334,0,226,0,210,78,210,-58" /><INIT seed="2,1,0,5,0,58" ten="334,226,288,152" oya="2" hai0="79,30,107,129,3,31,64,55,54,12,45,46,23" hai1="120,63,66,103,116,82,93,114,101,13,86,87,19" hai2="74,134,77,28,65,39,22,76,84,88,111,59,52" hai3="0,115,53,44,127,49,68,109,85,96,61,100,43"/><V50/><F39/><W33/><G33/><T133/><D107/><U132/><E114/><V113/><F113/><W8/><G115/><T17/><D3/><U78/><E132/><V118/><F118/><W104/><G127/><T99/><D133/><U119/><E120/><V125/><F134/><W21/><G109/><T69/><D79/><N who="2" m="30282" /><F74/><W75/><G75/><T35/><D64/><U89/><E119/><V37/><F37/><W128/><G128/><T16/><D69/><U94/><E94/><N who="2" m="54535" /><F125/><W135/><G135/><T67/><D67/><U97/><E97/><V29/><F111/><W72/><G72/><T92/><D129/><U126/><E126/><V15/><F65/><W98/><G96/><T41/><D35/><U47/><E47/><N who="0" m="17929" /><D41/><U102/><E116/><V26/><F26/><W105/><G85/><T121/><D121/><U90/><E78/><V20/><F20/><W4/><G68/><T11/><D54/><U10/><REACH who="1" step="1"/><E102/><REACH who="1" ten="334,216,288,152" step="2"/><V25/><F25/><W131/><G131/><T48/><D99/><U124/><E124/><V83/><F83/><W40/><G98/><T38/><D92/><U70/><AGARI ba="1,1" hai="10,13,19,63,66,70,82,86,87,89,90,93,101,103" machi="70" ten="20,8000,1" yaku="1,1,0,1,7,1,52,1,53,1" doraHai="58" doraHaiUra="7" who="1" fromWho="1" sc="334,-21,216,93,288,-41,152,-21" /><INIT seed="3,0,0,0,4,98" ten="313,309,247,131" oya="3" hai0="72,84,80,21,129,38,11,54,110,34,73,7,106" hai1="0,27,49,111,13,40,39,99,16,127,48,79,31" hai2="18,60,9,97,78,95,87,62,53,108,89,22,105" hai3="42,81,51,92,26,117,44,30,19,66,41,33,10"/><W5/><G117/><T115/><D34/><U76/><E0/><V70/><F108/><W91/><G66/><T67/><D38/><U61/><E111/><V12/><F70/><W75/><G19/><T86/><D110/><U24/><E127/><V113/><F113/><W64/><G64/><T135/><D106/><U102/><E39/><V8/><F105/><W119/><G119/><T4/><D129/><U15/><E61/><N who="2" m="23659" /><F53/><W3/><G75/><T65/><D135/><U47/><E49/><V52/><F52/><W128/><G81/><AGARI ba="0,0" hai="8,9,12,18,22,78,81,87,89,95,97" m="23659" machi="81" ten="30,1000,0" yaku="8,1" doraHai="98" who="2" fromWho="3" sc="313,0,309,0,247,10,131,-10" owari="313,41.0,309,11.0,257,-14.0,121,-38.0" /></mjloggm>