<mjloggm ver="2.3"><GO type="169" lobby="0"/><UN n0="%62%75%72%65%61%36" n1="%28%3B%E3%83%BB%E2%88%80%E3%83%BB%29" n2="%73%6F%63%63%68%79" n3="%69%71%31%38%30%E7%9C%9F%E5%89%A3%E6%A7%98" dan="16,16,17,16" rate="2147.11,2183.20,2230.74,2134.92" sx="M,M,M,M"/><TAIKYOKU oya="0"/><INIT seed="0,0,0,0,0,121" ten="250,250,250,250" oya="0" hai0="51,84,92,48,132,134,109,122,70,126,98,25,41" hai1="43,85,15,100,73,82,23,71,46,75,7,44,76" hai2="5,128,133,38,90,99,111,68,112,115,107,94,86" hai3="40,116,102,114,81,103,0,21,106,83,74,120,72"/><T34/><D122/><U49/><E71/><V35/><F38/><W101/><G0/><T61/><D126/><U42/><E100/><N who="3" m="38506" /><G40/><T129/><D129/><U3/><E3/><V47/><F35/><W45/><G21/><T55/><D84/><U17/><REACH who="1" step="1"/><E7/><REACH who="1" ten="250,240,250,250" step="2"/><V79/><F5/><W9/><G116/><T28/><D70/><U53/><E53/><V19/><F68/><W131/><G120/><T104/><D41/><U29/><E29/><V118/><F118/><W77/><G131/><T127/><D127/><U54/><E54/><V113/><F128/><W10/><G114/><T33/><D55/><U20/><E20/><V123/><F123/><W1/><G1/><T130/><D130/><U56/><E56/><V16/><F115/><W135/><G10/><T64/><D34/><U14/><E14/><V60/><F113/><W18/><G9/><T105/><D33/><U24/><E24/><V119/><F112/><W95/><G45/><T65/><D28/><U52/><E52/><V125/><F47/><W8/><G8/><T32/><D25/><U87/><E87/><V22/><F86/><W62/><G62/><T36/><D32/><U58/><E58/><V88/><F60/><W26/><G26/><T124/><D124/><U30/><E30/><V2/><F2/><W59/><G59/><T69/><D61/><U31/><E31/><V6/><F6/><W93/><G18/><T108/><D69/><U37/><AGARI ba="0,1" hai="15,17,23,37,42,43,44,46,49,73,75,76,82,85" machi="37" ten="20,5200,0" yaku="1,1,0,1,7,1,53,1" doraHai="121" doraHaiUra="11" who="1" fromWho="1" sc="250,-26,240,62,250,-13,250,-13" /><INIT seed="1,0,0,1,4,9" ten="224,302,237,237" oya="1" hai0="8,76,117,33,54,115,128,41,22,127,104,79,39" hai1="109,40,68,74,126,60,13,129,64,71,15,107,102" hai2="101,7,52,66,4,80,6,45,46,18,114,77,44" hai3="34,63,122,0,131,62,82,132,21,2,12,35,53"/><U17/><E74/><V70/><F114/><W51/><G122/><T47/><D115/><U50/><E126/><V85/><F101/><W32/><G131/><T58/><D117/><U81/><E71/><V57/><F70/><W112/><G112/><T99/><D128/><U16/><E129/><V5/><N who="2" m="1024" /><DORA hai="43" /><V135/><F135/><W103/><G132/><T26/><D8/><U106/><E81/><V49/><REACH who="2" step="1"/><F18/><REACH who="2" ten="224,302,227,237" step="2"/><W94/><G2/><T27/><D127/><U87/><E102/><V69/><F69/><W31/><G0/><T121/><D121/><U91/><E109/><V11/><F11/><W56/><G103/><T24/><D33/><U19/><E106/><V42/><F42/><W123/><G123/><T100/><REACH who="0" step="1"/><D22/><REACH who="0" ten="214,302,227,237" step="2"/><U96/><E107/><V110/><F110/><W83/><G35/><T59/><D59/><U89/><E96/><V1/><F1/><W92/><G32/><T125/><D125/><U37/><E37/><V36/><F36/><W72/><G34/><T88/><D88/><U133/><E133/><V29/><F29/><W111/><G31/><T86/><D86/><U113/><E113/><V105/><F105/><W28/><G28/><T65/><D65/><AGARI ba="0,2" hai="44,45,46,49,52,57,65,66,77,80,85" m="1024" machi="65" ten="60,12000,2" yaku="1,1,8,1,52,3,54,1,53,1" doraHai="9,43" doraHaiUra="116,48" who="2" fromWho="0" sc="214,-120,302,0,227,140,237,0" /><INIT seed="2,0,0,2,4,69" ten="94,302,367,237" oya="2" hai0="8,20,58,13,93,84,134,73,2,40,71,126,22" hai1="53,9,112,131,60,52,85,78,74,67,35,118,92" hai2="79,106,31,129,81,86,36,15,63,38,37,64,27" hai3="48,46,132,32,17,23,70,19,61,62,120,97,99"/><V59/><F129/><W33/><G120/><T51/><D73/><U14/><E112/><V65/><F106/><W94/><G132/><T66/><D2/><U76/><E118/><V90/><F15/><W107/><G107/><T29/><D29/><U5/><E35/><V98/><F98/><W125/><G125/><T41/><D71/><U4/><E131/><V113/><F113/><W34/><G99/><T103/><D134/><U111/><E111/><V104/><F104/><W108/><G108/><T123/><D123/><U54/><E74/><V12/><F12/><W75/><G75/><T121/><D121/><U109/><E109/><V26/><F65/><W43/><G70/><T11/><D11/><U24/><E24/><V25/><REACH who="2" step="1"/><F79/><REACH who="2" ten="94,302,357,237" step="2"/><W100/><REACH who="3" step="1"/><G19/><REACH who="3" ten="94,302,357,227" step="2"/><T82/><D126/><U83/><E5/><V135/><F135/><W39/><G39/><T122/><D122/><U133/><E133/><V16/><F16/><W18/><G18/><T101/><D13/><AGARI ba="0,2" hai="13,17,23,32,33,34,43,46,48,61,62,94,97,100" machi="13" ten="40,1300,0" yaku="1,1,53,0" doraHai="69" doraHaiUra="72" who="3" fromWho="0" sc="94,-13,302,0,357,0,227,33" /><INIT seed="3,0,0,5,1,19" ten="81,302,357,260" oya="3" hai0="62,111,50,87,32,89,97,47,2,44,55,102,49" hai1="42,20,95,66,72,98,123,36,4,31,10,134,15" hai2="26,130,113,135,103,92,82,69,124,119,126,8,78" hai3="5,88,16,96,131,99,83,118,34,73,128,101,133"/><W35/><G118/><T53/><D111/><U59/><E123/><V116/><F69/><W0/><G133/><T90/><D32/><U52/><E72/><V63/><F63/><W61/><G61/><T9/><D62/><N who="1" m="36199" /><E36/><V25/><F8/><W80/><G5/><T57/><D57/><U46/><E134/><V120/><F26/><W110/><G0/><T127/><D127/><N who="2" m="48682" /><F25/><W104/><G110/><T17/><D87/><U67/><E46/><V39/><F39/><W38/><G38/><T28/><D28/><U40/><E31/><V65/><F65/><N who="1" m="24585" /><E20/><V100/><F135/><W107/><G73/><T27/><D2/><U108/><E108/><V33/><F33/><W93/><G16/><T132/><D132/><U37/><E37/><V43/><F43/><W77/><G34/><T109/><D109/><U22/><E22/><V117/><F113/><W21/><G21/><N who="0" m="13743" /><D9/><U129/><E129/><N who="3" m="49738" /><G35/><T23/><D23/><U112/><E112/><V56/><F130/><W6/><G6/><T48/><D48/><U29/><E29/><V70/><F56/><W114/><G114/><T76/><D50/><U24/><E24/><V115/><F70/><W12/><G12/><T86/><D47/><U30/><E30/><V85/><F115/><W94/><G77/><T74/><D55/><U75/><E75/><N who="2" m="43359" /><F120/><W14/><G14/><T106/><D74/><U60/><E60/><V121/><F121/><W13/><G13/><T54/><D54/><U81/><E81/><AGARI ba="0,0" hai="80,81,83,88,93,94,96,99,101,104,107" m="49738" machi="81" ten="30,11600,0" yaku="19,1,34,2,54,1" doraHai="19" who="3" fromWho="1" sc="81,0,302,-116,357,0,260,116" /><INIT seed="3,1,0,0,0,26" ten="81,186,357,376" oya="3" hai0="121,44,116,23,24,45,28,103,128,124,132,71,27" hai1="32,99,107,108,25,60,109,17,68,66,85,41,8" hai2="53,113,97,38,83,76,7,12,111,6,122,2,48" hai3="39,3,129,37,95,90,43,5,72,88,101,67,20"/><W96/><G129/><T118/><D121/><U135/><E135/><V89/><F113/><W29/><G67/><T91/><D71/><U1/><E41/><V61/><F38/><W77/><G39/><T35/><D132/><U50/><E50/><V56/><F122/><W52/><G52/><T110/><D110/><N who="1" m="42603" /><E85/><V9/><F111/><W123/><G123/><T36/><D128/><U64/><E64/><V18/><F2/><W104/><G95/><T73/><D73/><U79/><E79/><V40/><F89/><W54/><G20/><T69/><D69/><U65/><E65/><V4/><F97/><W106/><G29/><T42/><D124/><U62/><E62/><V30/><F30/><W119/><G54/><T117/><D103/><N who="1" m="62975" /><E17/><V74/><REACH who="2" step="1"/><F40/><REACH who="2" ten="81,186,347,376" step="2"/><W34/><G43/><T127/><D91/><U16/><E1/><V81/><F81/><N who="3" m="45223" /><G37/><T130/><D130/><U57/><E68/><V31/><F31/><W86/><G90/><T131/><D131/><U100/><E100/><V22/><F22/><W55/><G88/><T15/><D42/><U87/><E32/><V134/><F134/><W11/><G96/><T92/><D36/><U93/><E8/><V63/><AGARI ba="1,1" hai="4,6,7,9,12,18,48,53,56,61,63,74,76,83" machi="63" ten="30,4000,0" yaku="1,1,0,1,53,1" doraHai="26" doraHaiUra="46" who="2" fromWho="2" sc="81,-11,186,-11,347,53,376,-21" /><INIT seed="4,0,0,3,1,1" ten="70,175,400,355" oya="0" hai0="129,24,97,47,96,107,11,119,40,114,78,31,25" hai1="34,32,69,76,6,128,62,44,95,58,10,122,12" hai2="66,126,123,108,132,130,135,48,29,36,75,120,54" hai3="4,87,131,9,67,127,39,102,28,14,26,100,82"/><T92/><D119/><U35/><E122/><N who="2" m="46635" /><F29/><W61/><G39/><T74/><D114/><U77/><E69/><V104/><F104/><W99/><G127/><T64/><D129/><U91/><E128/><V37/><F75/><W52/><G131/><T73/><D78/><U57/><E44/><V125/><F130/><W94/><G102/><T53/><D53/><U88/><E58/><V18/><F18/><W86/><G82/><T84/><D84/><U30/><E30/><V46/><F108/><W3/><G3/><T50/><D64/><U121/><E121/><V23/><F23/><N who="3" m="15455" /><G67/><T117/><D117/><U90/><REACH who="1" step="1"/><E95/><REACH who="1" ten="70,165,400,355" step="2"/><V85/><F126/><W70/><G70/><T83/><D92/><U60/><E60/><V105/><F125/><W15/><G61/><T103/><D83/><U134/><E134/><V80/><F135/><W109/><G109/><T51/><D31/><U89/><N who="1" m="22528" /><DORA hai="68" /><U113/><E113/><V118/><F132/><W79/><G94/><T49/><D97/><U8/><E8/><V65/><F118/><W43/><G9/><T111/><D11/><U101/><E101/><V55/><F46/><W38/><G100/><T93/><D93/><U45/><E45/><V106/><F106/><W42/><G99/><T33/><D111/><U27/><E27/><V56/><F105/><W17/><G79/><T5/><D25/><U13/><E13/><V63/><F63/><W110/><G110/><T71/><D71/><U41/><E41/><V22/><F56/><W21/><G42/><T133/><D133/><U2/><E2/><V0/><F0/><RYUUKYOKU ba="0,1" sc="70,-10,165,30,400,-10,355,-10" hai1="6,10,12,32,34,35,57,62,76,77" /><INIT seed="5,1,1,0,3,74" ten="60,195,390,345" oya="1" hai0="69,1,100,73,39,48,133,11,53,37,129,77,88" hai1="57,101,23,122,109,27,102,44,56,104,83,75,130" hai2="25,50,58,21,32,118,87,105,63,121,0,54,93" hai3="94,127,7,49,6,55,47,12,18,36,95,76,96"/><U117/><E117/><V42/><F118/><W120/><G120/><T78/><D69/><U5/><E122/><V107/><F121/><W79/><G127/><T67/><D73/><U10/><E130/><V98/><F0/><W3/><G3/><T20/><D67/><U62/><E44/><V51/><F32/><W61/><G36/><T82/><D129/><U28/><E109/><V2/><F2/><W123/><G61/><T66/><D66/><U60/><E60/><V59/><F87/><W26/><G26/><T89/><D100/><U80/><E80/><V86/><F86/><W81/><G123/><T99/><D99/><U108/><E108/><V128/><F128/><W113/><G81/><T9/><D1/><U29/><E29/><V71/><F71/><W112/><G95/><T126/><D82/><U134/><E134/><V4/><F4/><N who="3" m="1579" /><G113/><T65/><D65/><U41/><E41/><V16/><F59/><W17/><G112/><T40/><D40/><U114/><E57/><V90/><F51/><W85/><G85/><T91/><D133/><U46/><E46/><AGARI ba="1,1" hai="16,21,25,42,46,50,54,58,63,90,93,98,105,107" machi="46" ten="40,5200,0" yaku="25,2,54,1" doraHai="74" who="2" fromWho="1" sc="60,0,195,-55,390,65,345,0" /><INIT seed="6,0,0,4,1,130" ten="60,140,455,345" oya="2" hai0="67,56,8,49,114,108,20,106,37,78,97,122,36" hai1="82,25,59,26,101,22,117,13,39,84,125,103,14" hai2="40,0,93,94,48,45,5,12,127,113,123,9,118" hai3="11,42,35,21,4,24,30,64,65,3,61,102,50"/><V105/><F118/><W96/><G50/><T41/><D78/><U119/><E39/><V18/><F123/><W109/><G109/><T115/><D20/><U52/><E125/><V69/><F105/><W27/><G42/><T90/><D8/><U83/><E22/><V98/><F69/><W133/><G61/><N who="0" m="38311" /><D90/><U128/><E59/><V95/><F127/><W79/><G79/><T44/><D97/><U66/><E66/><V47/><F113/><N who="0" m="43018" /><D106/><U89/><E89/><V2/><F2/><W33/><G133/><T75/><D75/><U57/><E57/><V1/><F1/><W70/><G70/><T15/><D15/><U110/><E84/><V120/><F47/><W16/><REACH who="3" step="1"/><G33/><REACH who="3" ten="60,140,455,335" step="2"/><T29/><D108/><U132/><E110/><V72/><F120/><W28/><G28/><T99/><D29/><U107/><E128/><V85/><F48/><W58/><G58/><T80/><D122/><U116/><E117/><V38/><F40/><W74/><G74/><T63/><D63/><U10/><E132/><V86/><F72/><W51/><G51/><T88/><D99/><U6/><E116/><V92/><F98/><W54/><G54/><T112/><N who="0" m="43026" /><T104/><DORA hai="91" /><D104/><AGARI ba="0,1" hai="3,4,11,16,21,24,27,30,35,64,65,96,102,104" machi="104" ten="30,8000,1" yaku="1,1,7,1,54,1,53,2" doraHai="130,91" doraHaiUra="73,23" who="3" fromWho="0" sc="60,-80,140,0,455,0,335,90" owari="-20,-52.0,140,-26.0,455,55.0,425,23.0" /></mjloggm>