<mjloggm ver="2.3"><GO type="169" lobby="0"/><UN n0="%73%69%6E%34%36" n1="%6D%61%73%61%73%69%6F" n2="%E9%88%B4%E6%9C%A8%E5%81%A5%E5%A4%AA" n3="%E3%83%88%E3%82%AD%E9%9B%80%E7%8B%82%E4%BA%BA%E6%88%A6%E4%BB%A3%E8%A1%A8" dan="16,17,16,16" rate="2167.09,2141.52,2132.67,2101.07" sx="M,F,M,M"/><TAIKYOKU oya="0"/><INIT seed="0,0,0,1,4,118" ten="250,250,250,250" oya="0" hai0="27,81,18,88,2,112,84,29,73,17,22,94,120" hai1="8,62,85,55,5,58,3,33,47,93,126,25,117" hai2="51,102,99,83,40,4,70,135,11,66,89,53,116" hai3="109,32,28,111,76,74,67,119,9,7,26,34,80"/><T61/><D112/><U21/><E117/><V38/><F116/><W56/><G119/><T63/><D2/><U48/><E126/><V95/><F135/><W19/><G56/><T122/><D17/><U10/><E33/><V13/><F38/><W98/><G67/><T1/><D1/><U45/><E8/><V128/><F128/><W129/><G129/><T52/><D61/><U23/><E23/><V49/><F70/><W107/><G19/><T104/><D104/><U44/><E85/><V79/><F66/><W15/><G34/><T6/><D6/><U30/><REACH who="1" step="1"/><E93/><REACH who="1" ten="250,240,250,250" step="2"/><V96/><F96/><W82/><G98/><N who="0" m="57671" /><D73/><U105/><E105/><V114/><F114/><W24/><G107/><T134/><D134/><U110/><E110/><V72/><F102/><W59/><G111/><T108/><D108/><U100/><E100/><V16/><F4/><W41/><G109/><T64/><D29/><U20/><E20/><V130/><F130/><W39/><G74/><T71/><D84/><U31/><E31/><V42/><REACH who="2" step="1"/><F51/><AGARI ba="0,1" hai="3,5,10,21,25,30,44,45,47,48,51,55,58,62" machi="51" ten="40,1300,0" yaku="1,1,53,0" doraHai="118" doraHaiUra="92" who="1" fromWho="2" sc="250,0,240,23,250,-13,250,0" /><INIT seed="1,0,0,5,3,1" ten="250,263,237,250" oya="1" hai0="24,102,96,94,81,126,22,32,130,60,127,64,131" hai1="41,75,92,93,95,121,135,99,55,118,54,50,25" hai2="124,30,123,113,43,14,72,10,125,76,119,63,33" hai3="87,107,105,11,100,38,66,16,2,84,68,112,17"/><U110/><E118/><V91/><F119/><W59/><G38/><T78/><D32/><U120/><E75/><V53/><F123/><W89/><G68/><T57/><D81/><U28/><E135/><V80/><F113/><W26/><G112/><T20/><D20/><U47/><E110/><V98/><F43/><W29/><G84/><T61/><D60/><U52/><REACH who="1" step="1"/><E99/><REACH who="1" ten="250,253,237,250" step="2"/><V40/><F98/><W18/><G87/><T12/><D78/><U90/><E90/><V134/><F91/><W106/><G89/><T83/><D83/><U128/><E128/><N who="0" m="49193" /><D12/><U45/><E45/><V31/><F134/><W71/><G100/><T116/><D116/><U86/><E86/><V42/><F72/><W27/><G2/><T97/><D96/><U70/><E70/><V35/><F80/><W51/><G71/><T85/><D85/><U108/><E108/><V88/><F88/><W104/><G59/><T65/><D65/><U46/><E46/><V21/><F76/><W73/><G66/><T129/><D129/><U79/><E79/><V13/><F13/><W117/><G73/><T109/><D109/><U39/><E39/><V6/><F14/><W82/><G82/><T67/><D64/><U114/><E114/><V122/><F122/><W48/><G117/><T103/><D102/><U133/><E133/><V4/><F35/><AGARI ba="0,1" hai="25,28,35,41,47,50,52,54,55,92,93,95,120,121" machi="35" ten="40,3900,0" yaku="1,1,54,1,53,0" doraHai="1" doraHaiUra="69" who="1" fromWho="2" sc="250,0,253,49,237,-39,250,0" /><INIT seed="1,1,0,5,3,84" ten="250,302,198,250" oya="1" hai0="51,97,66,73,35,40,133,101,27,114,88,56,80" hai1="94,30,75,99,121,3,122,63,116,129,17,109,123" hai2="22,41,10,98,82,15,127,103,61,100,53,124,115" hai3="74,26,65,126,46,95,135,89,14,78,21,38,68"/><U112/><E3/><V69/><F115/><W134/><G126/><T25/><D114/><U20/><E112/><V118/><F118/><W23/><G78/><T44/><D133/><N who="3" m="50697" /><G74/><T108/><D108/><U29/><E116/><V49/><F22/><W105/><G105/><T31/><D25/><U43/><E75/><V111/><F111/><W33/><G65/><T47/><D73/><U60/><E43/><V83/><F41/><N who="3" m="22839" /><G68/><T64/><D56/><U19/><E129/><V131/><F131/><W12/><G33/><T110/><D44/><U79/><E79/><V81/><F69/><W76/><G76/><T91/><D110/><U57/><E63/><V8/><F61/><W55/><G55/><T13/><D13/><N who="3" m="5225" /><G26/><T34/><D34/><U58/><E109/><V120/><F8/><W70/><G70/><T85/><REACH who="0" step="1"/><D91/><REACH who="0" ten="240,302,198,250" step="2"/><U87/><E58/><V92/><F127/><W16/><G16/><T11/><D11/><U106/><E19/><V113/><F124/><W90/><G89/><T54/><D54/><N who="1" m="33847" /><E17/><V42/><F113/><W48/><G21/><T128/><D128/><U130/><E130/><V117/><F117/><W77/><G23/><T18/><D18/><U104/><E20/><V119/><F119/><W6/><G77/><T36/><D36/><U102/><E29/><V59/><F10/><W45/><G45/><T96/><D96/><U107/><E30/><V5/><F59/><W72/><G72/><T2/><D2/><U86/><E86/><V62/><F15/><W52/><G52/><T71/><D71/><U37/><E87/><V32/><F32/><RYUUKYOKU ba="1,1" sc="240,15,302,15,198,-15,250,-15" hai0="27,31,35,40,47,51,64,66,80,85,88,97,101" hai1="37,94,99,102,104,106,107,121,122,123" /><INIT seed="1,2,1,4,3,111" ten="255,317,183,235" oya="1" hai0="53,74,13,131,16,50,30,99,25,71,28,66,107" hai1="52,37,116,89,86,42,75,125,9,54,96,112,10" hai2="133,3,79,67,87,6,115,34,17,117,104,103,23" hai3="35,19,14,58,68,56,47,7,97,122,46,105,39"/><U128/><E116/><V15/><F117/><W134/><G35/><T11/><D74/><U91/><E75/><V61/><F133/><W130/><G68/><T83/><D131/><U72/><E72/><V76/><F34/><W60/><G122/><T20/><D83/><U94/><E128/><V51/><F104/><W1/><G130/><T21/><D71/><U31/><E125/><V4/><F103/><W57/><G7/><T26/><D66/><U110/><E110/><V108/><F108/><W135/><G1/><T38/><D38/><U102/><E112/><V62/><F115/><W27/><G27/><T114/><D114/><U126/><E126/><V18/><F51/><W64/><G97/><T44/><D99/><U120/><E120/><V129/><F3/><W70/><G105/><AGARI ba="2,1" hai="11,13,16,20,21,25,26,28,30,44,50,53,105,107" machi="105" ten="40,2600,0" yaku="9,1,54,1" doraHai="111" who="0" fromWho="3" sc="255,42,317,0,183,0,235,-32" /><INIT seed="2,0,0,0,3,40" ten="297,317,183,203" oya="2" hai0="17,62,94,28,88,121,2,60,101,103,79,89,6" hai1="25,19,65,63,59,90,1,95,123,74,133,21,97" hai2="8,78,39,13,38,34,85,9,99,12,108,76,96" hai3="86,64,41,104,52,135,29,68,7,30,70,50,132"/><V10/><F34/><W127/><G104/><T24/><D121/><U128/><E128/><V107/><F107/><W5/><G41/><T61/><D79/><U35/><E133/><N who="3" m="51274" /><G86/><T115/><D115/><U11/><E74/><V67/><F85/><W18/><G18/><T93/><D17/><U106/><E106/><V122/><F9/><W47/><G127/><T111/><D2/><U82/><E35/><V91/><F67/><W22/><G22/><N who="0" m="15383" /><D6/><N who="3" m="2057" /><G64/><T72/><D111/><U119/><E119/><V102/><F122/><W37/><G37/><T51/><D72/><U80/><E1/><V55/><F108/><W134/><G134/><T92/><D51/><U109/><E109/><V3/><F3/><W75/><G75/><T69/><D69/><AGARI ba="0,0" hai="29,30,47,50,52,68,69,70" m="2057,51274" machi="69" ten="30,3900,0" yaku="20,1,52,1,54,1" doraHai="40" who="3" fromWho="0" sc="297,-39,317,0,183,0,203,39" /><INIT seed="3,0,0,5,4,28" ten="258,317,183,242" oya="3" hai0="101,79,133,119,65,33,40,64,26,114,49,44,39" hai1="23,20,131,125,4,19,68,14,34,135,35,104,11" hai2="38,6,113,43,67,132,24,109,59,46,50,89,58" hai3="112,37,71,97,9,94,127,117,82,130,95,0,106"/><W54/><G117/><T85/><D101/><U87/><E68/><V57/><F113/><W5/><G112/><T90/><D79/><U32/><E104/><V134/><F6/><W3/><G71/><T21/><D119/><U2/><E135/><N who="2" m="51755" /><F24/><W60/><G37/><T1/><D1/><U111/><E111/><V88/><F109/><W51/><G0/><T52/><D133/><U122/><E122/><V118/><F118/><W108/><G108/><T115/><D33/><U91/><E131/><V47/><F67/><W12/><G130/><T72/><D72/><U48/><E125/><V63/><F63/><W56/><G127/><T25/><D25/><U69/><E69/><V123/><F123/><W36/><G36/><T124/><D124/><U126/><E126/><V30/><F30/><W84/><G3/><T15/><D15/><U13/><E48/><V98/><F98/><W42/><G106/><T93/><D115/><U86/><E91/><V41/><AGARI ba="0,0" hai="38,41,43,46,47,50,57,58,59,88,89" m="51755" machi="41" ten="40,2700,0" yaku="20,1,54,1" doraHai="28" who="2" fromWho="2" sc="258,-7,317,-7,183,27,242,-13" /><INIT seed="4,0,0,4,3,92" ten="251,310,210,229" oya="0" hai0="54,57,17,35,20,73,51,120,85,8,11,30,104" hai1="81,90,126,65,125,27,97,78,89,116,114,95,21" hai2="134,121,49,93,86,84,62,29,1,87,52,72,43" hai3="124,22,18,34,23,47,83,44,32,131,110,46,55"/><T82/><D73/><U113/><E65/><V50/><F121/><W61/><G131/><T36/><D36/><U3/><E3/><V119/><F72/><W132/><G110/><T70/><D70/><U117/><E90/><V74/><F74/><W9/><G124/><N who="1" m="47722" /><E21/><V101/><F1/><W53/><G132/><T111/><D120/><U41/><E41/><V91/><F134/><W38/><G38/><T122/><D111/><U14/><E14/><V64/><F101/><W107/><G107/><T75/><D75/><N who="1" m="43231" /><E27/><V67/><F119/><AGARI ba="0,0" hai="89,95,97,113,114,116,117,119" m="43231,47722" machi="119" ten="40,8000,1" yaku="18,1,34,2,52,1" doraHai="92" who="1" fromWho="2" sc="251,0,310,80,210,-80,229,0" /><INIT seed="5,0,0,5,3,111" ten="251,390,130,229" oya="1" hai0="128,103,18,51,106,38,4,5,3,64,63,95,68" hai1="84,110,73,7,1,31,113,23,12,72,82,42,88" hai2="97,66,75,77,98,126,79,0,6,101,86,78,109" hai3="131,35,132,48,8,135,50,45,94,60,44,30,59"/><U107/><E107/><V124/><F0/><W127/><G35/><T133/><D38/><U92/><E110/><V14/><F66/><W37/><G30/><T16/><D106/><U87/><E1/><V32/><F6/><W55/><G8/><T54/><D133/><N who="3" m="51273" /><G94/><T39/><D39/><U58/><E42/><V24/><F14/><W80/><G80/><T123/><D123/><U108/><E108/><V99/><F24/><W96/><G96/><T120/><D120/><U52/><E113/><V40/><F32/><W89/><G89/><T83/><D103/><U104/><E104/><V93/><F40/><N who="3" m="22543" /><G131/><T2/><D95/><U115/><E115/><V134/><F134/><W43/><G127/><N who="2" m="48681" /><F109/><W10/><G10/><T21/><D128/><U122/><E122/><V100/><F75/><W46/><G46/><T114/><D114/><U85/><E7/><V25/><F25/><W117/><G117/><T13/><D4/><U118/><E118/><V105/><F86/><N who="1" m="33385" /><E31/><V22/><F22/><W112/><G112/><T28/><D5/><U9/><E9/><V33/><F33/><W70/><G70/><T67/><D28/><U57/><E57/><V129/><F99/><W130/><G130/><AGARI ba="0,0" hai="77,78,79,93,97,98,100,101,105,129,130" m="48681" machi="130" ten="40,5200,0" yaku="18,1,34,2" doraHai="111" who="2" fromWho="3" sc="251,0,390,0,130,52,229,-52" /><INIT seed="6,0,0,4,3,26" ten="251,390,182,177" oya="2" hai0="21,80,29,86,39,131,22,101,10,43,81,46,92" hai1="1,111,53,113,7,117,75,84,19,38,44,60,107" hai2="94,104,71,62,16,122,76,102,25,99,56,34,123" hai3="70,59,27,36,11,125,98,58,37,0,79,100,48"/><V30/><F76/><W17/><G70/><T134/><D131/><U18/><E111/><V78/><F78/><W15/><G125/><T103/><D134/><U126/><E117/><V114/><F114/><W66/><G0/><T129/><D129/><U33/><E107/><V55/><F94/><W65/><G79/><T5/><D21/><U91/><E33/><V89/><F89/><W77/><G77/><T24/><D101/><U50/><E38/><V32/><F32/><W20/><G37/><T119/><D119/><U52/><E126/><V83/><F83/><W51/><G36/><T3/><REACH who="0" step="1"/><D86/><REACH who="0" ten="241,390,182,177" step="2"/><U90/><E84/><V14/><F71/><W8/><G100/><T41/><D41/><U88/><E113/><V42/><F42/><W13/><G20/><AGARI ba="0,1" hai="14,16,20,25,30,34,55,56,62,99,102,104,122,123" machi="20" ten="30,5800,0" yaku="7,1,52,1,54,1" doraHai="26" who="2" fromWho="3" sc="241,0,390,0,182,68,177,-58" /><INIT seed="6,1,0,2,0,90" ten="241,390,250,119" oya="2" hai0="135,81,68,77,83,91,72,95,65,106,85,116,82" hai1="7,93,117,62,33,69,12,119,60,13,102,63,37" hai2="112,88,47,124,74,100,109,53,25,3,118,49,121" hai3="120,84,38,45,48,21,108,41,76,80,129,43,98"/><V11/><F118/><W29/><G120/><T111/><D68/><U30/><E37/><V36/><F74/><W79/><G108/><T75/><D65/><U8/><E69/><V6/><F121/><W22/><G129/><T115/><D111/><U127/><E127/><V70/><F70/><W94/><G38/><T104/><D116/><U10/><E33/><V19/><F109/><W101/><G41/><T51/><D51/><U71/><E71/><V58/><F100/><W97/><G29/><T87/><D115/><U86/><E30/><V44/><F124/><W96/><G76/><N who="0" m="44167" /><D135/><U16/><E119/><V114/><F36/><W31/><G31/><T99/><D85/><U24/><E24/><V18/><F18/><W0/><G0/><T89/><AGARI ba="1,0" hai="75,77,82,83,87,89,91,95,99,104,106" m="44167" machi="89" ten="30,12000,2" yaku="35,5,52,1" doraHai="90" who="0" fromWho="0" sc="241,123,390,-31,250,-61,119,-31" /><INIT seed="7,0,0,3,1,135" ten="364,359,189,88" oya="3" hai0="118,22,126,3,10,45,50,57,44,122,78,30,85" hai1="112,107,43,48,113,82,31,9,38,68,36,73,77" hai2="28,37,83,13,94,11,74,110,6,1,108,33,18" hai3="16,0,98,46,15,61,89,17,125,70,66,12,63"/><W55/><G0/><T29/><D118/><U104/><E68/><V102/><F37/><N who="1" m="14441" /><E31/><V124/><F124/><W116/><G116/><T40/><D126/><U4/><E48/><V51/><F51/><W24/><G125/><T119/><D119/><U84/><E84/><V120/><F120/><W129/><G129/><T109/><D109/><U27/><E27/><N who="2" m="18591" /><F102/><W103/><G89/><T114/><D122/><U95/><E95/><V117/><F94/><W56/><G46/><T97/><D29/><U67/><E67/><V87/><F74/><W35/><G35/><T62/><D44/><U25/><E25/><V92/><F92/><W111/><G111/><T93/><D30/><U133/><E43/><V121/><F121/><W32/><G32/><T42/><D40/><U86/><E86/><V130/><F117/><W14/><REACH who="3" step="1"/><G24/><REACH who="3" ten="364,359,189,78" step="2"/><T69/><D3/><N who="1" m="159" /><E133/><V2/><F130/><W5/><G5/><T131/><D131/><U81/><E81/><V23/><F1/><W79/><G79/><AGARI ba="0,1" hai="2,6,11,13,18,23,79,83,87,108,110" m="18591" machi="79" ten="30,1000,0" yaku="24,1" doraHai="135" who="2" fromWho="3" sc="364,0,359,0,189,20,78,-10" owari="364,46.0,359,16.0,209,-19.0,68,-43.0" /></mjloggm>