<mjloggm ver="2.3"><GO type="185" lobby="0"/><UN n0="%E8%99%B9%E9%87%8E%E3%82%86%E3%82%81" n1="%E3%82%B5%E3%83%B3%E3%83%9E%E6%BC%81%E5%B8%AB%4B" n2="%E6%B0%B7%E3%81%AE%4B" n3="" dan="16,17,16,0" rate="2162.64,2253.95,2114.70,1500.00" sx="F,M,M,C"/><TAIKYOKU oya="0"/><INIT seed="0,0,0,2,4,48" ten="350,350,350,0" oya="0" hai0="47,121,53,0,83,122,99,86,49,58,2,72,110" hai1="87,75,91,132,127,134,36,37,106,117,131,101,100" hai2="113,50,67,79,107,82,57,61,1,103,90,46,66" hai3=""/><T39/><N who="0" m="31008" /><T84/><N who="0" m="31264" /><T69/><D110/><U95/><E36/><V124/><F1/><T42/><D72/><U55/><E37/><V119/><F113/><T104/><D86/><U105/><E117/><V38/><F119/><T73/><D73/><U52/><E75/><V81/><F124/><T123/><N who="0" m="31520" /><T62/><D99/><U128/><E127/><V64/><F38/><T125/><D104/><N who="1" m="40043" /><E52/><V120/><N who="2" m="30752" /><V44/><F90/><T133/><D133/><N who="1" m="51307" /><E55/><V97/><F44/><T74/><D74/><U94/><E94/><V108/><F108/><T88/><D125/><U34/><E34/><V109/><F109/><T43/><D43/><U41/><E41/><V111/><F111/><T78/><D78/><U126/><E126/><V40/><REACH who="2" step="1"/><F79/><REACH who="2" ten="350,350,340,0" step="2"/><T45/><D47/><U102/><AGARI ba="0,1" hai="87,91,95,100,101,102,128,131" m="51307,40043" machi="102" ten="40,3900,0" yaku="20,1,34,2" doraHai="48" who="1" fromWho="1" sc="350,-26,350,49,340,-13,0,0" /><INIT seed="1,0,0,4,2,40" ten="324,399,327,0" oya="1" hai0="42,44,57,106,84,116,114,135,76,45,99,82,102" hai1="118,121,110,87,129,1,77,46,75,93,83,73,48" hai2="71,130,81,65,104,122,64,50,109,41,59,134,79" hai3=""/><U107/><N who="1" m="31008" /><U98/><E118/><V35/><F35/><T62/><D116/><U128/><E1/><V74/><N who="2" m="31264" /><V89/><F134/><T123/><N who="0" m="31520" /><T113/><D135/><U43/><E110/><V86/><F130/><N who="1" m="50281" /><E107/><V32/><F32/><T100/><D100/><AGARI ba="0,0" hai="43,46,48,73,75,77,83,87,93,98,100" m="50281,31008" machi="100" ten="30,5800,0" yaku="19,1,52,2" doraHai="40" who="1" fromWho="0" sc="324,-58,399,58,327,0,0,0" /><INIT seed="1,1,0,2,1,100" ten="266,457,327,0" oya="1" hai0="86,103,70,58,116,81,0,99,33,60,91,77,129" hai1="83,55,71,45,95,64,66,41,76,94,56,101,75" hai2="124,132,43,118,79,126,85,42,108,109,115,105,46" hai3=""/><U96/><E71/><V104/><F118/><T59/><D0/><U110/><E110/><N who="2" m="42603" /><F132/><T68/><D33/><U37/><REACH who="1" step="1"/><E95/><REACH who="1" ten="266,447,327,0" step="2"/><V106/><F115/><T1/><D68/><U134/><E134/><V102/><F102/><T69/><D103/><U52/><E52/><V39/><F43/><T47/><D69/><U135/><E135/><V63/><F63/><AGARI ba="1,1" hai="37,41,45,55,56,63,64,66,75,76,83,94,96,101" machi="63" ten="30,5800,0" yaku="1,1,7,1,53,1" doraHai="100" doraHaiUra="88" who="1" fromWho="2" sc="266,0,447,70,327,-60,0,0" /><INIT seed="1,2,0,0,4,67" ten="266,517,267,0" oya="1" hai0="97,49,39,53,110,93,65,3,56,113,91,54,87" hai1="68,38,57,35,127,80,121,89,124,104,129,75,126" hai2="109,73,133,42,51,43,82,76,63,94,46,101,135" hai3=""/><U107/><N who="1" m="31008" /><U33/><E38/><V59/><F42/><T108/><D113/><U50/><E129/><V0/><F0/><T32/><D32/><U62/><E50/><V116/><F116/><T120/><N who="0" m="30752" /><T86/><D3/><U64/><E57/><V85/><F109/><N who="0" m="42090" /><D39/><U79/><REACH who="1" step="1"/><E89/><REACH who="1" ten="266,507,267,0" step="2"/><V90/><REACH who="2" step="1"/><F101/><REACH who="2" ten="266,507,257,0" step="2"/><T74/><D49/><U41/><E41/><V98/><F98/><T55/><D97/><U34/><AGARI ba="2,2" hai="33,34,35,62,64,68,75,79,80,104,107,124,126,127" m="31008" machi="34" ten="40,16000,3" yaku="1,1,0,1,18,1,23,2,52,2,53,1" doraHai="67" doraHaiUra="106" who="1" fromWho="1" sc="266,-82,507,184,257,-82,0,0" /><INIT seed="1,3,0,4,1,96" ten="184,691,175,0" oya="1" hai0="98,122,41,72,124,39,77,134,86,48,117,90,91" hai1="2,75,113,47,87,36,97,70,74,129,123,92,132" hai2="81,84,0,104,120,61,135,102,54,1,133,88,68" hai3=""/><U95/><N who="1" m="31520" /><U93/><E70/><V43/><N who="2" m="30752" /><V34/><F43/><T50/><N who="0" m="31264" /><T71/><D71/><U69/><E69/><V37/><F37/><T3/><D3/><U110/><E2/><V112/><F34/><T80/><D124/><U100/><E36/><V40/><F40/><T99/><D134/><N who="2" m="51210" /><F112/><T62/><D62/><U76/><E47/><V108/><F108/><T52/><D117/><U115/><E132/><V85/><F85/><T56/><D39/><U118/><E118/><V32/><F32/><T64/><D64/><U79/><E129/><V65/><F54/><T106/><D41/><U73/><E110/><V67/><F67/><T38/><D38/><U126/><E126/><V89/><F89/><T103/><D90/><U130/><E130/><V107/><F107/><T44/><D91/><U119/><E119/><V83/><F81/><T114/><D114/><N who="1" m="43531" /><E87/><V59/><F68/><T45/><D86/><U105/><AGARI ba="3,0" hai="73,74,75,76,79,92,93,95,97,100,105" m="43531,31520" machi="105" ten="40,8000,1" yaku="34,2,52,2" doraHai="96" who="1" fromWho="1" sc="184,-43,691,86,175,-43,0,0" /><INIT seed="1,4,0,5,0,45" ten="141,777,132,0" oya="1" hai0="42,36,75,65,93,112,35,95,126,53,76,122,123" hai1="43,48,109,78,66,98,64,113,56,107,102,68,47" hai2="100,116,79,60,118,105,33,127,131,32,38,84,132" hai3=""/><U117/><E113/><V115/><F115/><T90/><N who="0" m="31264" /><T69/><N who="0" m="31520" /><T57/><D112/><U34/><E117/><V135/><F38/><T67/><D126/><U87/><E68/><V51/><F127/><T49/><D35/><U72/><E34/><V119/><F131/><T54/><D69/><U0/><E0/><V111/><F111/><T129/><D95/><U114/><E114/><V41/><F32/><T134/><D134/><N who="2" m="51242" /><F33/><T74/><D129/><U80/><E109/><V121/><N who="2" m="31008" /><V73/><F73/><T97/><D54/><U44/><E56/><V120/><N who="2" m="30752" /><V39/><F39/><T128/><D128/><U99/><E99/><V130/><F130/><T70/><D70/><U59/><E59/><V1/><F1/><T108/><D108/><U101/><E101/><V85/><F79/><T2/><D2/><U91/><E47/><V37/><F37/><T40/><D36/><U50/><E50/><V83/><F60/><T88/><D49/><U110/><E110/><V125/><F125/><T61/><D61/><U3/><E3/><V81/><F51/><T106/><D57/><U94/><AGARI ba="4,0" hai="43,44,48,64,66,72,78,80,87,91,94,98,102,107" machi="94" ten="20,8000,1" yaku="0,1,7,1,24,2,52,1" doraHai="45" who="1" fromWho="1" sc="141,-44,777,88,132,-44,0,0" /><INIT seed="1,5,0,1,4,39" ten="97,865,88,0" oya="1" hai0="67,118,56,34,108,74,37,38,43,134,90,79,131" hai1="94,59,100,64,85,107,91,68,73,55,41,44,60" hai2="126,36,76,120,45,105,62,0,113,102,1,115,110" hai3=""/><U114/><E114/><N who="2" m="43531" /><F110/><T88/><D34/><U127/><E127/><V32/><N who="2" m="30752" /><V80/><F32/><T33/><D33/><U42/><E73/><V116/><F116/><T109/><D118/><U112/><E112/><V89/><F126/><T103/><D103/><U96/><REACH who="1" step="1"/><E44/><REACH who="1" ten="97,855,88,0" step="2"/><V61/><F45/><T97/><D109/><U133/><E133/><V121/><F121/><T40/><D134/><U77/><E77/><V128/><F76/><T50/><D108/><U75/><E75/><V69/><F0/><T47/><D74/><U87/><E87/><V93/><F1/><T48/><D79/><U35/><E35/><V99/><F128/><T117/><D117/><U46/><E46/><V104/><F99/><T101/><D47/><U58/><E58/><V71/><F69/><T84/><D131/><U66/><E66/><V65/><F71/><T95/><D97/><U135/><E135/><V123/><F65/><T125/><D125/><U53/><E53/><V98/><N who="2" m="31520" /><V70/><F70/><T78/><D78/><U130/><E130/><V3/><F3/><T57/><D67/><U124/><E124/><V49/><F98/><T92/><D84/><U72/><E72/><V63/><F36/><T51/><D37/><RYUUKYOKU ba="5,1" sc="97,-10,855,20,88,-10,0,0" hai1="41,42,55,59,60,64,68,85,91,94,96,100,107" /><INIT seed="1,6,1,4,0,75" ten="87,875,78,0" oya="1" hai0="46,37,117,111,80,115,0,50,62,123,106,131,60" hai1="68,132,92,53,44,110,127,43,61,73,96,77,59" hai2="103,38,125,86,79,35,98,102,135,119,45,95,113" hai3=""/><U71/><E132/><V133/><F35/><T66/><D80/><U42/><E127/><V82/><F125/><T52/><N who="0" m="31520" /><T124/><D106/><U130/><E130/><V54/><F119/><T121/><N who="0" m="31008" /><T34/><D124/><U56/><E110/><V120/><N who="2" m="30752" /><V32/><F32/><T97/><D34/><U118/><E118/><V39/><F113/><T36/><D97/><U109/><E109/><V57/><F103/><T48/><D0/><U134/><E134/><N who="2" m="51211" /><F45/><T63/><D117/><U64/><E77/><V84/><F86/><T105/><D111/><U69/><E73/><V99/><F99/><T87/><D87/><U89/><REACH who="1" step="1"/><E44/><REACH who="1" ten="87,865,78,0" step="2"/><V93/><F95/><T100/><D46/><U88/><E88/><V41/><F93/><T83/><D131/><U76/><E76/><V91/><F79/><T33/><D33/><U128/><E128/><V108/><F91/><T112/><D112/><U74/><E74/><V94/><F108/><T40/><D115/><U129/><E129/><V122/><F94/><T3/><D105/><U126/><E126/><V78/><F78/><T65/><D3/><U49/><AGARI ba="6,2" hai="42,43,49,53,56,59,61,64,68,69,71,89,92,96" machi="49" ten="30,2000,0" yaku="1,1,0,1,53,0" doraHai="75" doraHaiUra="1" who="1" fromWho="1" sc="87,-16,865,52,78,-16,0,0" /><INIT seed="1,7,0,4,0,35" ten="71,917,62,0" oya="1" hai0="55,115,1,49,59,101,131,127,44,80,50,46,52" hai1="82,45,130,62,76,61,47,58,107,119,73,104,2" hai2="74,90,78,97,123,91,118,94,128,120,88,32,72" hai3=""/><U124/><E119/><V96/><N who="2" m="30752" /><V37/><N who="2" m="31520" /><V51/><F118/><T85/><D115/><U48/><E2/><V39/><F32/><T100/><D1/><U33/><E33/><V69/><F69/><T105/><D131/><U87/><E130/><V56/><F128/><T116/><D116/><U103/><E124/><V43/><F97/><T125/><D59/><U0/><E0/><V65/><F39/><T121/><N who="0" m="31008" /><T111/><D111/><U132/><E132/><V68/><F68/><T110/><D110/><U126/><E126/><N who="0" m="48137" /><D105/><U81/><E45/><V54/><F65/><T93/><D93/><U38/><E38/><V112/><F112/><T109/><D109/><U77/><E103/><V84/><F78/><AGARI ba="7,0" hai="44,46,49,50,52,55,78,80,85,100,101" m="48137,31008" machi="78" ten="30,3900,0" yaku="18,1,52,1,54,1" doraHai="35" who="0" fromWho="2" sc="71,53,917,0,62,-53,0,0" /><INIT seed="2,0,0,5,0,80" ten="124,917,9,0" oya="2" hai0="117,133,98,66,62,73,54,34,56,57,78,55,3" hai1="48,131,123,84,102,37,36,119,109,41,44,61,0" hai2="68,108,90,132,99,95,64,91,89,94,112,115,118" hai3=""/><V105/><F118/><T103/><D117/><U43/><N who="1" m="31520" /><U49/><E0/><V71/><F64/><T46/><D3/><U2/><E2/><V40/><F40/><T50/><D133/><U39/><E119/><V92/><F132/><T100/><D34/><U76/><E102/><V65/><F65/><T85/><D73/><U38/><E131/><V116/><F116/><T120/><N who="0" m="30752" /><T32/><D98/><U127/><E127/><V128/><F128/><T82/><D32/><U96/><E96/><V53/><F53/><T101/><D103/><U52/><E109/><V97/><F108/><T67/><D67/><U69/><E76/><V126/><F126/><T107/><D107/><U59/><E84/><V47/><F47/><T121/><N who="0" m="31008" /><T72/><D72/><U60/><E69/><N who="2" m="26699" /><F105/><T77/><D77/><U134/><E134/><V74/><F74/><T58/><D46/><AGARI ba="0,0" hai="36,37,38,39,41,43,44,46,48,49,52,59,60,61" m="31520" machi="46" ten="40,16000,3" yaku="35,6,52,1,54,1" doraHai="80" who="1" fromWho="0" sc="124,-160,917,160,9,0,0,0" owari="-36,-64.0,1077,103.0,9,-39.0,0,0.0" /></mjloggm>