<mjloggm ver="2.3"><GO type="169" lobby="0"/><UN n0="%E9%BA%BB%E9%9B%80%49%51%31%32%30" n1="%4E%41%4B%41%48%41%52%41" n2="%E3%83%A4%E3%83%9E%E3%83%80%E3%81%95%E3%82%93" n3="%E3%81%9F%E3%81%A1%E3%83%90%E3%83%8A%E3%83%8A%40" dan="17,16,16,17" rate="2092.34,2090.70,2117.52,2158.85" sx="M,M,M,M"/><TAIKYOKU oya="0"/><INIT seed="0,0,0,2,2,107" ten="250,250,250,250" oya="0" hai0="52,120,53,21,61,55,24,113,6,73,23,29,110" hai1="60,85,30,15,19,78,22,90,31,26,130,9,122" hai2="99,115,5,64,97,98,62,32,43,4,33,104,10" hai3="28,81,91,68,114,105,71,126,87,74,49,1,44"/><T12/><D120/><U59/><E122/><V69/><F115/><W25/><G114/><T38/><D38/><U76/><E31/><V84/><F4/><W42/><G1/><T54/><D113/><U63/><E130/><V94/><F104/><W18/><G105/><T96/><D73/><U34/><E34/><V70/><F70/><W116/><G116/><T2/><D2/><U17/><E30/><V77/><F43/><W75/><G18/><T67/><D110/><U45/><E63/><V47/><F47/><W51/><G126/><T39/><D39/><U128/><E45/><V37/><F37/><W58/><G68/><T134/><D134/><U57/><E57/><V101/><F77/><W132/><G71/><T95/><N who="0" m="13312" /><DORA hai="89" /><T66/><D61/><U112/><E128/><V79/><F79/><W118/><G118/><T8/><REACH who="0" step="1"/><D23/><REACH who="0" ten="240,250,250,250" step="2"/><U83/><E112/><V36/><F36/><W65/><G132/><T50/><D50/><U0/><E0/><V125/><F33/><W93/><G51/><T7/><D7/><U86/><E60/><V127/><F32/><W108/><G108/><T131/><D131/><U124/><E124/><V102/><F125/><W80/><G65/><T119/><D119/><U121/><E121/><V41/><F127/><W40/><G40/><T103/><AGARI ba="0,1" hai="6,8,12,21,24,29,66,67,95,96,103" m="13312" machi="103" ten="40,18000,2" yaku="1,1,0,1,8,1,52,1,54,1,53,1" doraHai="107,89" doraHaiUra="35,11" who="0" fromWho="0" sc="240,190,250,-60,250,-60,250,-60" /><INIT seed="0,1,0,3,0,105" ten="430,190,190,190" oya="0" hai0="110,120,118,107,74,123,27,80,9,57,40,42,17" hai1="33,78,79,59,70,88,48,89,15,98,45,124,125" hai2="14,29,92,5,103,106,90,36,66,121,111,65,116" hai3="102,75,83,76,31,0,130,113,39,3,23,38,43"/><T35/><D107/><U114/><E70/><V25/><F36/><W71/><G113/><T135/><D118/><U62/><E33/><V115/><F121/><W82/><G71/><T69/><D69/><U56/><E15/><V85/><F115/><W26/><G130/><T77/><D57/><N who="1" m="22091" /><E62/><V28/><F28/><W129/><G129/><T68/><D68/><U58/><N who="1" m="22099" /><U94/><DORA hai="81" /><E89/><V6/><F111/><W104/><G38/><T67/><D67/><U54/><E114/><V61/><F61/><W21/><G102/><T64/><D64/><U126/><AGARI ba="1,0" hai="45,48,54,78,79,88,94,98,124,125,126" m="22099" machi="126" ten="40,2700,0" yaku="18,1,54,1" doraHai="105,81" who="1" fromWho="1" sc="430,-14,190,30,190,-8,190,-8" /><INIT seed="1,0,0,5,2,85" ten="416,220,182,182" oya="1" hai0="76,95,124,11,78,92,8,106,60,39,43,41,112" hai1="98,12,67,47,31,17,19,6,120,34,93,64,77" hai2="86,3,35,134,27,90,84,127,62,24,114,59,7" hai3="94,40,28,14,126,53,117,69,109,82,49,20,99"/><U122/><E77/><V113/><F3/><W57/><G69/><T110/><D39/><U50/><E6/><V83/><F7/><W63/><G109/><T73/><D110/><U89/><E31/><V5/><F5/><W37/><G126/><T107/><D124/><U38/><E34/><V71/><F71/><W4/><G117/><T61/><REACH who="0" step="1"/><D73/><REACH who="0" ten="406,220,182,182" step="2"/><U130/><E38/><V72/><F72/><W29/><G37/><T116/><D116/><U32/><E122/><V21/><F127/><W44/><G28/><T68/><D68/><U9/><E120/><V33/><F113/><AGARI ba="0,1" hai="8,11,41,43,60,61,76,78,92,95,106,107,112,113" machi="113" ten="25,3200,0" yaku="1,1,22,2,53,0" doraHai="85" doraHaiUra="26" who="0" fromWho="2" sc="406,42,220,0,182,-32,182,0" /><INIT seed="2,0,0,1,4,71" ten="448,220,150,182" oya="2" hai0="36,74,112,5,22,26,131,130,85,30,82,111,45" hai1="122,18,114,34,3,66,42,117,65,25,115,129,121" hai2="105,53,113,120,78,77,56,107,135,98,57,96,15" hai3="44,29,83,64,10,41,84,110,27,134,51,106,81"/><V68/><F68/><W86/><G110/><T76/><D111/><U58/><E3/><V1/><F1/><W127/><G127/><T31/><D112/><U46/><E117/><V119/><F119/><W19/><G134/><T133/><D133/><U48/><E129/><V50/><F135/><W67/><G106/><T91/><D31/><N who="1" m="19823" /><E18/><V109/><F109/><W116/><G116/><T118/><D5/><U124/><E124/><V40/><F15/><W93/><G93/><T35/><D35/><U20/><E20/><V61/><F50/><W104/><G104/><T73/><D118/><U55/><E66/><V43/><F53/><W88/><G19/><T12/><D12/><U80/><E80/><V8/><F61/><W4/><G27/><T37/><D45/><U17/><E17/><V70/><F70/><W90/><REACH who="3" step="1"/><G29/><REACH who="3" ten="448,220,150,172" step="2"/><T16/><D30/><U72/><E114/><V123/><REACH who="2" step="1"/><F113/><REACH who="2" ten="448,220,140,172" step="2"/><W95/><G95/><T89/><D131/><U54/><E115/><V49/><F49/><W79/><G79/><T99/><D76/><U103/><E48/><V92/><F92/><W14/><AGARI ba="0,2" hai="4,10,14,41,44,51,64,67,81,83,84,86,88,90" machi="14" ten="20,12000,2" yaku="1,1,0,1,7,1,9,1,8,1,54,1,53,1" doraHai="71" doraHaiUra="11" who="3" fromWho="3" sc="448,-30,220,-30,140,-60,172,140" /><INIT seed="3,0,0,5,1,104" ten="418,190,80,312" oya="3" hai0="66,58,127,46,51,39,68,78,107,18,14,79,74" hai1="111,114,70,60,21,121,109,86,54,110,119,65,83" hai2="3,95,40,62,76,61,112,81,7,44,19,50,134" hai3="33,0,116,35,22,89,25,27,123,120,49,36,29"/><W11/><G36/><T122/><D107/><U63/><E114/><V55/><F112/><W115/><G115/><T37/><D122/><U129/><E121/><V23/><F95/><W126/><G116/><T30/><D30/><U113/><E113/><V52/><F134/><W45/><G126/><T92/><D127/><U96/><E96/><V117/><F117/><W100/><G100/><T91/><D68/><U12/><E129/><V57/><F7/><W16/><G89/><T94/><D39/><U87/><E119/><V5/><F5/><N who="3" m="1447" /><G49/><T108/><D37/><U99/><E99/><V38/><F3/><W1/><G45/><T103/><D46/><U41/><E41/><V72/><REACH who="2" step="1"/><F55/><REACH who="2" ten="418,190,70,312" step="2"/><W130/><G1/><T9/><D94/><U97/><E54/><V59/><F59/><W77/><G123/><T93/><D93/><U24/><E109/><V6/><F6/><W135/><G120/><T43/><D108/><U71/><E110/><V98/><F98/><W128/><G135/><T105/><D92/><U131/><E97/><V82/><F82/><W34/><G77/><T48/><D79/><U28/><E83/><V32/><F32/><AGARI ba="0,1" hai="16,22,25,27,29,32,33,34,35,128,130" m="1447" machi="32" ten="30,5800,0" yaku="34,2,54,1" doraHai="104" who="3" fromWho="2" sc="418,0,190,0,70,-58,312,68" /><INIT seed="3,1,0,1,5,1" ten="418,190,12,380" oya="3" hai0="104,107,118,81,16,95,7,120,21,55,30,112,24" hai1="43,134,0,72,114,109,79,126,31,47,65,89,9" hai2="97,20,34,42,44,52,132,59,102,91,84,11,54" hai3="39,92,85,133,121,49,8,23,51,19,129,27,94"/><W124/><G121/><T87/><D118/><U73/><E114/><V98/><F34/><W80/><G39/><T63/><D120/><U103/><E109/><V57/><F132/><W135/><G124/><T70/><D112/><U90/><E126/><V2/><F20/><W125/><G125/><T110/><D110/><U35/><E103/><V60/><F102/><W111/><G111/><T100/><D7/><N who="1" m="1255" /><E65/><V22/><F22/><W82/><G133/><T108/><D108/><U86/><E86/><V75/><F75/><W18/><G135/><T45/><D70/><U106/><E72/><V10/><F10/><W67/><G67/><T48/><D63/><U15/><E15/><V3/><F3/><W68/><G68/><T131/><D107/><U105/><E90/><V28/><F28/><W41/><G129/><T127/><D131/><U76/><E89/><V53/><F11/><W77/><G80/><T62/><D62/><U37/><E79/><V33/><F33/><W128/><G128/><T117/><D117/><U5/><E5/><V17/><F17/><W74/><G74/><T99/><D104/><U25/><E134/><V119/><F2/><W12/><REACH who="3" step="1"/><G41/><REACH who="3" ten="418,190,12,370" step="2"/><T4/><D127/><U123/><E123/><V66/><F119/><W61/><G61/><T116/><D116/><U115/><E115/><V56/><F60/><W113/><G113/><T78/><REACH who="0" step="1"/><D4/><REACH who="0" ten="408,190,12,370" step="2"/><U29/><E37/><N who="2" m="21583" /><F66/><W58/><G58/><T13/><D13/><U83/><E47/><V26/><F26/><W130/><G130/><T69/><D69/><U88/><E25/><V32/><F32/><RYUUKYOKU ba="1,2" sc="408,10,190,-30,12,10,370,10" hai0="16,21,24,30,45,48,55,78,81,87,95,99,100" hai2="52,53,54,56,57,59,84,91,97,98" hai3="8,12,18,19,23,27,49,51,77,82,85,92,94" /><INIT seed="3,2,2,5,5,124" ten="418,160,22,380" oya="3" hai0="108,102,6,95,103,94,107,121,5,60,90,39,50" hai1="135,25,16,104,13,9,109,100,115,45,28,0,52" hai2="33,114,30,82,71,134,85,70,101,57,35,129,41" hai3="130,128,47,83,88,132,46,66,126,93,58,74,75"/><W113/><G126/><T84/><D39/><U49/><E115/><V26/><F114/><W38/><G113/><T43/><D107/><U77/><E109/><V2/><F2/><W105/><G105/><T127/><D108/><U31/><E135/><V42/><F33/><W54/><G66/><T116/><D116/><U81/><E0/><V7/><F7/><W91/><G132/><T11/><D121/><U80/><E104/><V4/><F4/><W122/><G122/><T37/><D37/><U62/><E100/><V23/><F101/><W40/><G47/><T21/><D60/><U63/><E80/><V12/><F57/><W117/><G117/><T48/><D21/><U92/><E92/><V69/><F134/><W131/><G83/><T8/><D127/><U53/><E53/><V34/><F129/><W89/><G93/><T19/><D19/><U119/><E31/><V18/><REACH who="2" step="1"/><F35/><REACH who="2" ten="418,160,12,380" step="2"/><W55/><G55/><T44/><D5/><U97/><E119/><V61/><F61/><AGARI ba="2,3" hai="38,40,46,54,58,61,74,75,88,89,91,128,130,131" machi="61" ten="50,12000,1" yaku="19,1,52,3,54,1" doraHai="124" who="3" fromWho="2" sc="418,0,160,0,12,-126,380,156" owari="418,22.0,160,-24.0,-114,-61.0,536,63.0" /></mjloggm>