<mjloggm ver="2.3"><GO type="169" lobby="0"/><UN n0="%E4%BD%90%E3%80%85%E6%9C%A8%E5%BD%A9%E5%A4%8F" n1="%E6%84%9B%E5%86%85%E9%87%8C%E8%8F%9C" n2="%E8%83%83%E3%81%A8%E8%85%B8" n3="%E3%82%82%E3%82%8A%E3%81%96%E3%81%AD" dan="16,18,18,16" rate="2128.18,2164.78,2243.03,2140.35" sx="F,F,M,M"/><TAIKYOKU oya="0"/><INIT seed="0,0,0,4,2,51" ten="250,250,250,250" oya="0" hai0="127,64,122,47,12,86,11,104,46,29,106,135,123" hai1="28,35,32,55,30,80,24,60,120,100,4,19,92" hai2="1,85,102,20,62,5,54,56,71,103,52,132,101" hai3="13,70,18,131,134,109,77,78,49,40,8,73,34"/><T41/><D135/><U15/><E120/><V117/><F132/><W97/><G134/><T26/><D127/><U111/><E111/><V82/><F117/><W72/><G109/><T48/><D64/><U68/><E4/><V91/><F71/><W36/><G131/><T25/><D25/><U21/><E80/><V44/><F1/><W94/><G36/><T98/><D104/><U121/><E121/><V42/><F5/><W10/><G34/><T129/><D129/><U61/><E100/><V16/><F42/><W2/><G72/><T107/><D106/><U7/><E92/><V84/><F84/><W87/><G87/><T22/><D86/><U95/><E95/><V115/><F115/><W6/><G70/><T113/><D113/><U9/><E68/><V65/><F44/><W50/><G50/><T67/><D67/><U59/><REACH who="1" step="1"/><E61/><REACH who="1" ten="250,240,250,250" step="2"/><V130/><REACH who="2" step="1"/><F130/><REACH who="2" ten="250,240,240,250" step="2"/><W33/><G73/><T0/><D0/><U39/><E39/><V14/><AGARI ba="0,2" hai="14,16,20,52,54,56,62,65,82,85,91,101,102,103" machi="14" ten="30,16000,3" yaku="1,1,2,1,0,1,8,1,52,2,54,2,53,0" doraHai="51" doraHaiUra="45" who="2" fromWho="2" sc="250,-80,240,-40,240,180,250,-40" /><INIT seed="1,0,0,5,4,31" ten="170,200,420,210" oya="1" hai0="128,21,57,112,74,124,62,94,83,107,61,135,18" hai1="51,4,82,133,23,111,22,117,10,11,3,26,90" hai2="89,34,125,65,68,113,58,55,100,71,52,123,76" hai3="15,126,98,101,84,16,54,48,53,99,91,81,46"/><U8/><E90/><V59/><F123/><W9/><G126/><T47/><D107/><U6/><E82/><V45/><F125/><W2/><G2/><T70/><D112/><U12/><E51/><N who="2" m="28783" /><F34/><W39/><G39/><T42/><D128/><U64/><E64/><V115/><F100/><W32/><G32/><T116/><D135/><U69/><E69/><N who="2" m="26699" /><F76/><W14/><G53/><T37/><D116/><U118/><E133/><V78/><F78/><W0/><G0/><T13/><D74/><U93/><E111/><V109/><F89/><W132/><G132/><T75/><D75/><U103/><E93/><V129/><F109/><W87/><G101/><T96/><D83/><U110/><E103/><V7/><F7/><W114/><G114/><T56/><D124/><U24/><E10/><V127/><F127/><W40/><G40/><T41/><D42/><U50/><E50/><N who="2" m="31095" /><F129/><W119/><G119/><N who="1" m="45578" /><E110/><V67/><F67/><W97/><G15/><T63/><REACH who="0" step="1"/><D70/><REACH who="0" ten="160,200,420,210" step="2"/><U30/><E24/><V29/><F113/><W33/><G33/><AGARI ba="0,1" hai="3,4,6,8,11,12,22,23,26,30,33" m="45578" machi="33" ten="30,5800,0" yaku="34,2,52,1" doraHai="31" who="1" fromWho="3" sc="160,0,200,68,420,0,210,-58" /><INIT seed="1,1,0,0,5,64" ten="160,268,420,152" oya="1" hai0="21,14,97,33,57,89,40,15,116,10,51,24,69" hai1="5,52,68,103,120,72,43,36,60,8,119,48,18" hai2="101,65,46,122,71,91,42,96,1,76,83,90,125" hai3="78,19,44,102,112,25,31,17,30,118,121,4,80"/><U92/><E119/><V87/><F122/><W95/><G121/><T88/><D33/><U56/><E120/><V29/><F125/><W66/><G112/><T62/><D116/><U107/><E107/><V105/><F1/><W58/><G118/><T67/><D97/><U133/><E133/><V110/><F110/><W13/><G44/><T109/><D109/><U0/><E18/><V2/><F2/><W82/><G4/><T132/><D132/><U26/><E26/><V77/><F29/><W6/><G6/><T113/><D113/><U99/><E72/><V81/><F65/><W55/><G66/><T37/><D37/><U50/><REACH who="1" step="1"/><E68/><REACH who="1" ten="160,258,420,152" step="2"/><V45/><F71/><W32/><G30/><T100/><D69/><U3/><E3/><V11/><F105/><W111/><G111/><T127/><D15/><U63/><E63/><V16/><F16/><W54/><G17/><T49/><D62/><U115/><E115/><V85/><F11/><W130/><G19/><T73/><D73/><U22/><E22/><V129/><F129/><W74/><G13/><T93/><D14/><U70/><E70/><V47/><F42/><W134/><G134/><T75/><D40/><U98/><E98/><V7/><F7/><W114/><G114/><T123/><D10/><U27/><E27/><V38/><F38/><W34/><G130/><T35/><D123/><U20/><E20/><V53/><F96/><N who="3" m="59679" /><G32/><T39/><D35/><U117/><E117/><V12/><F12/><W61/><G74/><T94/><D75/><U84/><E84/><V79/><F85/><W128/><G128/><RYUUKYOKU ba="1,1" sc="160,-10,258,30,420,-10,152,-10" hai1="0,5,8,36,43,48,50,52,56,60,92,99,103" /><INIT seed="1,2,1,5,2,94" ten="150,288,410,142" oya="1" hai0="36,50,13,59,70,62,56,28,116,76,7,90,127" hai1="48,72,126,55,77,79,134,6,111,68,47,3,14" hai2="53,40,11,46,22,45,20,5,110,30,17,0,57" hai3="32,118,114,113,100,115,123,66,18,75,95,67,71"/><U21/><E68/><V26/><F110/><W122/><G32/><T133/><D36/><U93/><E72/><V92/><F40/><W52/><G75/><T60/><D116/><U81/><E3/><V19/><F92/><W12/><G118/><T91/><D127/><U112/><E112/><V4/><F4/><W101/><G71/><T129/><D70/><U41/><E126/><V104/><F104/><W89/><G100/><T102/><D76/><N who="1" m="29259" /><E81/><V130/><F130/><W2/><G101/><T23/><D133/><U15/><E134/><V105/><F105/><W1/><G1/><T8/><D50/><N who="1" m="26991" /><E6/><V58/><F30/><W119/><G2/><T132/><D132/><U25/><E93/><V74/><F74/><W33/><G33/><T120/><D129/><U38/><E38/><V43/><F43/><W98/><G119/><T34/><D34/><U49/><E49/><V84/><F5/><W85/><G122/><T63/><D120/><U97/><E97/><V88/><F0/><W80/><G123/><T65/><D102/><U39/><E39/><V82/><F82/><W37/><G37/><T9/><D63/><U31/><E111/><V86/><F86/><W99/><G80/><T96/><D96/><N who="3" m="36905" /><G114/><T103/><D103/><U54/><E54/><V128/><F53/><W69/><G69/><T27/><REACH who="0" step="1"/><D8/><REACH who="0" ten="140,288,410,142" step="2"/><U35/><E35/><V16/><F128/><W51/><G113/><T44/><D44/><AGARI ba="2,2" hai="14,15,21,25,31,44,48,55" m="26991,29259" machi="44" ten="30,1500,0" yaku="8,1" doraHai="94" who="1" fromWho="0" sc="140,-21,288,41,410,0,142,0" /><INIT seed="1,3,0,4,2,91" ten="119,329,410,142" oya="1" hai0="24,61,76,108,42,124,116,35,77,12,94,73,135" hai1="32,63,38,106,48,117,119,7,1,100,57,123,41" hai2="20,112,93,54,39,121,89,111,16,95,43,21,23" hai3="69,90,127,110,9,102,26,33,82,78,80,0,50"/><U87/><E32/><V30/><F121/><W81/><G110/><T3/><D116/><U31/><E31/><V15/><F111/><W84/><G127/><T125/><D3/><U17/><E123/><V104/><F112/><W131/><G131/><T65/><D108/><U47/><E38/><V28/><F104/><W72/><G69/><T6/><D42/><U126/><E126/><N who="0" m="48745" /><D73/><U66/><E87/><V105/><F105/><W55/><G102/><T101/><D135/><U14/><E7/><V53/><F39/><W134/><G134/><T51/><D51/><U64/><E64/><V22/><F43/><W79/><G33/><T45/><D45/><U128/><E1/><V18/><F18/><W85/><G26/><T13/><D24/><U122/><E122/><V99/><F93/><W25/><G25/><T68/><D35/><U113/><E113/><V62/><F53/><W115/><G115/><T74/><D74/><U118/><E128/><V46/><F46/><W83/><G0/><T60/><D61/><U49/><E49/><V70/><F70/><W37/><G37/><T132/><D132/><U114/><E114/><V19/><F19/><W133/><G133/><T59/><D68/><U58/><E58/><AGARI ba="3,0" hai="15,16,20,21,22,23,28,30,54,58,62,89,95,99" machi="58" ten="40,5200,0" yaku="8,1,52,1,54,1" doraHai="91" who="2" fromWho="1" sc="119,0,329,-61,410,61,142,0" /><INIT seed="2,0,0,1,3,22" ten="119,268,471,142" oya="2" hai0="83,93,66,18,117,82,112,72,35,3,32,133,85" hai1="14,38,9,17,120,64,106,44,39,81,8,52,7" hai2="132,36,58,113,94,129,104,73,68,53,2,78,125" hai3="90,60,131,19,54,96,92,4,71,41,55,79,6"/><V33/><RYUUKYOKU type="yao9" ba="0,0" sc="119,0,268,0,471,0,142,0" hai2="2,33,36,53,58,68,73,78,94,104,113,125,129,132" /><INIT seed="2,1,0,2,4,15" ten="119,268,471,142" oya="2" hai0="18,5,126,46,12,103,98,45,64,110,99,114,91" hai1="127,37,115,24,19,32,23,8,10,14,79,62,41" hai2="63,125,105,49,134,88,22,86,52,58,95,60,72" hai3="76,43,7,0,31,90,77,133,113,116,27,66,29"/><V40/><F125/><W17/><G116/><T67/><D114/><U100/><E100/><V3/><F134/><W73/><G133/><T108/><D5/><U121/><E79/><V26/><F3/><W81/><G113/><T124/><D91/><U4/><E62/><V61/><F72/><W101/><G101/><T47/><D64/><U51/><E51/><V30/><F105/><W130/><G130/><T107/><D98/><U25/><E41/><AGARI ba="1,0" hai="22,26,30,40,41,49,52,58,60,61,63,86,88,95" machi="41" ten="40,7700,0" yaku="8,1,54,2" doraHai="15" who="2" fromWho="1" sc="119,0,268,-80,471,80,142,0" /><INIT seed="2,2,0,1,1,23" ten="119,188,551,142" oya="2" hai0="91,60,108,64,19,78,41,21,30,28,121,36,122" hai1="129,12,125,14,84,66,93,38,49,105,45,116,56" hai2="16,54,32,5,47,71,131,98,89,72,74,43,120" hai3="119,134,86,106,9,48,127,61,13,57,27,46,15"/><V75/><F120/><W104/><G119/><T100/><D108/><U97/><E116/><V83/><F131/><W53/><G134/><T101/><D78/><U117/><E125/><V4/><F71/><W96/><G127/><T94/><D41/><U135/><E135/><V34/><F54/><W82/><G96/><T92/><D36/><U37/><E105/><V42/><F42/><W123/><G13/><T62/><D21/><U33/><E33/><V112/><F112/><W22/><G123/><T85/><D85/><U39/><E84/><V103/><F32/><W17/><G57/><T80/><D80/><U18/><E18/><V133/><F34/><W20/><G20/><T115/><D19/><U59/><E59/><V10/><F133/><W130/><G61/><T76/><D76/><U40/><E129/><V1/><F4/><W110/><G110/><T70/><D91/><U132/><E117/><V35/><F35/><W7/><REACH who="3" step="1"/><G130/><REACH who="3" ten="119,188,551,132" step="2"/><T11/><D70/><U77/><E132/><V73/><F98/><W67/><G67/><T58/><D64/><U26/><E66/><V107/><F107/><W68/><G68/><T6/><D58/><U51/><E56/><V109/><F109/><W102/><G102/><T114/><D11/><U0/><E97/><V44/><F103/><W95/><G95/><T124/><D124/><U88/><E93/><V111/><F111/><W31/><G31/><T113/><D115/><U2/><E12/><V50/><N who="2" m="18432" /><DORA hai="8" /><V79/><F10/><W128/><G128/><T90/><D6/><U99/><E99/><V55/><F5/><RYUUKYOKU ba="2,1" sc="119,15,188,-15,551,-15,132,15" hai0="28,30,60,62,90,92,94,100,101,113,114,121,122" hai3="7,9,15,17,22,27,46,48,53,82,86,104,106" /><INIT seed="3,3,1,5,5,18" ten="134,173,536,147" oya="3" hai0="38,70,101,135,96,29,80,88,3,21,53,122,9" hai1="43,106,40,30,107,49,110,20,85,79,89,35,87" hai2="94,115,39,7,48,59,105,65,31,41,128,112,61" hai3="37,117,25,64,10,103,113,125,74,50,12,109,28"/><W8/><G37/><T108/><D38/><U97/><E35/><V16/><F105/><W98/><G113/><T69/><D122/><U56/><E107/><V62/><F128/><W15/><G117/><T91/><D108/><U17/><E110/><V121/><F31/><W47/><G109/><T26/><D135/><U132/><E132/><V34/><F34/><W67/><G74/><T42/><D42/><U83/><E30/><V4/><F121/><W52/><G125/><T72/><D53/><N who="1" m="31791" /><E97/><V102/><F39/><W6/><G103/><T84/><D72/><U120/><E106/><V32/><F32/><W95/><G95/><T0/><D91/><U24/><E120/><V100/><F100/><W76/><G76/><T99/><D99/><U82/><AGARI ba="3,1" hai="17,20,24,40,43,79,82,83,85,87,89" m="31791" machi="82" ten="30,2000,0" yaku="8,1,52,1" doraHai="18" who="1" fromWho="1" sc="134,-8,173,39,536,-8,147,-13" /><INIT seed="4,0,0,0,5,9" ten="126,212,528,134" oya="0" hai0="106,48,38,128,61,32,135,82,4,53,112,120,36" hai1="78,23,10,124,29,132,55,25,129,65,89,103,69" hai2="15,54,74,66,121,1,126,83,21,11,44,88,130" hai3="19,51,105,58,118,125,0,8,62,107,104,43,133"/><T111/><D120/><U22/><E78/><V18/><F121/><W13/><G118/><T27/><D106/><U86/><E103/><V116/><F116/><W41/><G133/><T109/><D135/><U63/><E132/><V45/><F126/><W39/><G39/><T42/><D112/><U75/><E75/><V119/><F119/><W6/><G125/><T31/><D128/><U64/><E129/><V57/><F130/><W2/><G51/><T56/><D82/><U5/><E124/><V46/><F66/><W76/><G76/><T14/><D61/><U98/><E98/><V93/><F74/><W28/><G28/><T110/><REACH who="0" step="1"/><D42/><REACH who="0" ten="116,212,528,134" step="2"/><U122/><E122/><V7/><F83/><W72/><G72/><T16/><D16/><U40/><E40/><V127/><F127/><W99/><G43/><T100/><D100/><U90/><E55/><V20/><F54/><W123/><G41/><T52/><D52/><U17/><E64/><V91/><F18/><W59/><G123/><T30/><D30/><U101/><E101/><V35/><F93/><W79/><G62/><T96/><D96/><U80/><E17/><V68/><F91/><W70/><G99/><T50/><D50/><U94/><E89/><V60/><F88/><W102/><G102/><T134/><D134/><U114/><E114/><V117/><F117/><W67/><G19/><T87/><D87/><U92/><E92/><V108/><F60/><N who="3" m="40295" /><G79/><T95/><D95/><U85/><E80/><V81/><F81/><W12/><G107/><T71/><D71/><U113/><E113/><V97/><F68/><RYUUKYOKU ba="0,1" sc="116,30,212,-10,528,-10,134,-10" hai0="4,14,27,31,32,36,38,48,53,56,109,110,111" /><INIT seed="4,1,1,5,4,100" ten="146,202,518,124" oya="0" hai0="115,85,87,1,7,114,117,101,17,103,80,110,81" hai1="4,105,69,98,60,2,53,108,38,52,78,24,6" hai2="56,116,21,10,50,34,14,42,77,102,5,134,22" hai3="55,72,129,70,92,28,58,18,47,71,36,45,73"/><T13/><D117/><U65/><E108/><V27/><F116/><W125/><G28/><T99/><D110/><U67/><E38/><V93/><F134/><W109/><G109/><T0/><D7/><U61/><E78/><V111/><F111/><W126/><G92/><T123/><D123/><U121/><E121/><V74/><F34/><W82/><G18/><T130/><D130/><U9/><E6/><V84/><F74/><W133/><G82/><T32/><D32/><U119/><E119/><V118/><F118/><W112/><G36/><T97/><D13/><U31/><E98/><V15/><F15/><W48/><G133/><T113/><D115/><U96/><E96/><V23/><F102/><W120/><G120/><T86/><D87/><U127/><E105/><V8/><F8/><W90/><G112/><T91/><D91/><U75/><E75/><N who="3" m="28746" /><G90/><T29/><D17/><U62/><E62/><V131/><F131/><W25/><G25/><T44/><REACH who="0" step="1"/><D44/><REACH who="0" ten="136,202,518,124" step="2"/><U33/><REACH who="1" step="1"/><E127/><REACH who="1" ten="136,192,518,124" step="2"/><N who="3" m="48650" /><G129/><T43/><D43/><U40/><E40/><V19/><F42/><N who="3" m="24631" /><G47/><T66/><D66/><U37/><E37/><V63/><F5/><W26/><G26/><T76/><D76/><U3/><E3/><V132/><F77/><W49/><AGARI ba="1,3" hai="49,55,58,70,71" m="24631,48650,28746" machi="49" ten="30,1100,0" yaku="18,1" doraHai="100" who="3" fromWho="3" sc="136,-6,192,-4,518,-4,124,44" /><INIT seed="5,0,0,4,3,77" ten="130,188,514,168" oya="1" hai0="71,44,66,9,106,18,42,114,85,58,52,100,0" hai1="75,62,17,112,19,23,118,134,40,48,94,14,7" hai2="26,25,76,41,132,55,129,51,102,124,119,65,3" hai3="120,5,109,93,53,68,72,33,70,15,12,126,24"/><U86/><E75/><V90/><F119/><W82/><G109/><T127/><D114/><U116/><E112/><V34/><F124/><W133/><G120/><T128/><D127/><U96/><E134/><V8/><F129/><W108/><G108/><T39/><D128/><U123/><E123/><V43/><F102/><W99/><G126/><T38/><D38/><U60/><E7/><V110/><F65/><W83/><G72/><T29/><D29/><U11/><E116/><V84/><F76/><W16/><G68/><T98/><D85/><U121/><E86/><V21/><F84/><W28/><G70/><T13/><D0/><U115/><E115/><V6/><F3/><W97/><G97/><T78/><D78/><U92/><E118/><V125/><F6/><W131/><G131/><T45/><D45/><N who="1" m="25639" /><E121/><V81/><F132/><W56/><G5/><T64/><REACH who="0" step="1"/><D71/><REACH who="0" ten="120,188,514,168" step="2"/><U57/><E57/><N who="2" m="33023" /><F125/><W105/><G133/><T35/><D35/><U69/><E69/><V107/><F34/><W117/><G117/><T4/><D4/><U79/><E79/><V111/><F111/><W32/><G32/><T67/><D67/><U31/><E31/><V2/><F2/><W22/><G28/><T36/><D36/><U95/><E96/><V135/><F110/><W10/><G33/><T74/><D74/><U122/><E122/><V130/><F135/><W46/><G56/><T101/><D101/><U30/><E30/><V104/><F130/><W88/><G46/><T37/><D37/><U63/><E19/><V103/><F103/><N who="3" m="62719" /><G16/><T87/><D87/><U49/><E23/><RYUUKYOKU ba="0,1" sc="120,15,188,15,514,-15,168,-15" hai0="9,13,18,39,42,44,52,58,64,66,98,100,106" hai1="11,14,17,49,60,62,63,92,94,95" /><INIT seed="5,1,1,1,4,87" ten="135,203,499,153" oya="1" hai0="1,31,20,126,117,50,61,92,39,134,77,57,118" hai1="65,79,109,55,76,97,49,58,25,100,41,113,47" hai2="22,51,7,9,114,29,90,17,132,8,23,86,63" hai3="106,27,52,70,125,6,95,93,72,88,5,26,129"/><U94/><E113/><V10/><F114/><W131/><G72/><T96/><D39/><U38/><E109/><V75/><F132/><W127/><G106/><T101/><D1/><U119/><E119/><V14/><F75/><W89/><G70/><T99/><D134/><U104/><E65/><V3/><F63/><W4/><G4/><T71/><D71/><U115/><E115/><V64/><F64/><W53/><AGARI ba="1,1" hai="5,6,26,27,52,53,88,89,93,95,125,127,129,131" machi="53" ten="25,12000,2" yaku="0,1,22,2,52,2,54,2" doraHai="87" who="3" fromWho="3" sc="135,-31,203,-61,499,-31,153,133" /><INIT seed="6,0,0,2,1,64" ten="104,142,468,286" oya="2" hai0="4,47,92,90,63,121,119,5,59,29,84,80,25" hai1="30,57,17,18,107,23,126,83,87,135,50,43,13" hai2="0,97,117,51,54,133,26,118,114,22,24,60,58" hai3="78,94,35,31,122,93,120,81,40,52,102,75,125"/><V76/><F114/><W95/><G40/><T130/><D121/><U2/><E2/><V53/><F133/><W21/><G35/><T124/><D124/><U37/><E107/><V123/><F123/><W19/><G31/><T41/><D130/><U7/><E37/><V56/><F0/><W33/><G33/><T14/><D119/><U36/><E36/><V55/><F76/><W104/><G125/><T128/><D128/><U112/><E112/><V85/><F85/><W28/><G28/><T73/><D73/><U8/><E135/><V1/><F1/><W99/><REACH who="3" step="1"/><G52/><REACH who="3" ten="104,142,468,276" step="2"/><N who="2" m="20073" /><F118/><W113/><G113/><T67/><D14/><AGARI ba="0,1" hai="14,19,21,75,78,81,93,94,95,99,102,104,120,122" machi="14" ten="40,1300,0" yaku="1,1,53,0" doraHai="64" doraHaiUra="109" who="3" fromWho="0" sc="104,-13,142,0,468,0,276,23" /><INIT seed="7,0,0,2,4,119" ten="91,142,468,299" oya="3" hai0="16,116,0,76,38,89,21,40,2,69,97,18,46" hai1="14,77,37,41,127,130,106,36,101,103,124,65,11" hai2="80,122,108,26,7,34,12,6,45,135,79,134,83" hai3="44,9,24,68,52,86,31,55,92,58,91,72,43"/><W107/><G68/><T4/><D69/><U49/><E130/><V51/><F122/><W5/><G72/><T59/><D116/><U27/><E65/><V39/><F39/><N who="1" m="14921" /><E106/><V70/><F70/><W73/><G73/><T123/><D123/><U84/><E27/><V117/><F108/><W109/><G109/><T60/><D76/><U125/><E41/><V71/><F71/><W64/><G107/><T17/><D4/><N who="1" m="3431" /><E49/><V81/><F117/><W87/><G87/><T132/><D132/><U102/><E102/><V30/><F79/><W118/><G118/><T25/><D0/><U82/><AGARI ba="0,0" hai="77,82,84,101,103,124,125,127" m="3431,14921" machi="82" ten="40,1500,0" yaku="18,1" doraHai="119" who="1" fromWho="1" sc="91,-4,142,15,468,-4,299,-7" owari="87,-41.0,157,-24.0,464,56.0,292,9.0" /></mjloggm>